|join|Adri989898
|join|Vert Pomme
|player|p1|Adri989898|99
|player|p2|Vert Pomme|98
|gametype|singles
|gen|6
|tier|OU
|rated
|clearpoke
|poke|p1|Metagross, shiny
|poke|p1|Keldeo
|poke|p1|Ferrothorn, F
|poke|p1|Rotom-Wash
|poke|p1|Conkeldurr, F
|poke|p1|Zapdos
|poke|p2|Landorus, M
|poke|p2|Thundurus, M
|poke|p2|Tyranitar, F
|poke|p2|Scizor, F
|poke|p2|Talonflame, M
|poke|p2|Keldeo
|rule|Swagger Clause: Swagger is banned
|rule|Baton Pass Clause: Limit one PokÃ©mon knowing Baton Pass
|rule|Sleep Clause Mod: Limit one foe put to sleep
|rule|Species Clause: Limit one of each PokÃ©mon
|rule|OHKO Clause: OHKO moves are banned
|rule|Moody Clause: Moody is banned
|rule|Evasion Moves Clause: Evasion moves are banned
|rule|Endless Battle Clause: Forcing endless battles is banned
|rule|HP Percentage Mod: HP is shown in percentages
|teampreview
|
|start
|switch|p1a: Conkeldurr|Conkeldurr, F|414\/414
|switch|p2a: Thundurus|Thundurus, M|299\/299
|turn|1
|
|move|p2a: Thundurus|Volt Switch|p1a: Conkeldurr
|-damage|p1a: Conkeldurr|274\/414
|-damage|p2a: Thundurus|270\/299|[from] item: Life Orb
|
|switch|p2a: Scizor|Scizor, F|343\/343
|move|p1a: Conkeldurr|Ice Punch|p2a: Scizor
|-resisted|p2a: Scizor
|-damage|p2a: Scizor|298\/343
|
|turn|2
|join|Klaurt
|
|switch|p1a: Zapdos|Zapdos|383\/383
|-ability|p1a: Zapdos|Pressure
|detailschange|p2a: Scizor|Scizor-Mega, F
|message|Scizor has Mega Evolved into Mega Scizor!
|move|p2a: Scizor|Knock Off|p1a: Zapdos
|-damage|p1a: Zapdos|295\/383
|-enditem|p1a: Zapdos|Leftovers|[from] move: Knock Off|[of] p2a: Scizor
|
|turn|3
|
|switch|p1a: Rotom-Wash|Rotom-Wash|304\/304
|switch|p2a: Tyranitar|Tyranitar, F|403\/403
|-weather|Sandstorm
|
|-weather|Sandstorm|[upkeep]
|-damage|p1a: Rotom-Wash|285\/304|[from] sandstorm
|-heal|p1a: Rotom-Wash|304\/304|[from] item: Leftovers
|turn|4
|
|move|p1a: Rotom-Wash|Will-O-Wisp|p2a: Tyranitar
|-status|p2a: Tyranitar|brn
|move|p2a: Tyranitar|Toxic|p1a: Rotom-Wash|[miss]
|-miss|p2a: Tyranitar|p1a: Rotom-Wash
|
|-weather|Sandstorm|[upkeep]
|-damage|p1a: Rotom-Wash|285\/304|[from] sandstorm
|-heal|p1a: Rotom-Wash|304\/304|[from] item: Leftovers
|-damage|p2a: Tyranitar|353\/403 brn|[from] brn
|turn|5
|
|move|p1a: Rotom-Wash|Volt Switch|p2a: Tyranitar
|-damage|p2a: Tyranitar|301\/403 brn
|
|switch|p1a: Ferrothorn|Ferrothorn, F|352\/352
|move|p2a: Tyranitar|Stealth Rock|p1a: Ferrothorn
|-sidestart|p1: Adri989898|move: Stealth Rock
|
|-weather|Sandstorm|[upkeep]
|-heal|p2a: Tyranitar|326\/403 brn|[from] item: Leftovers
|-damage|p2a: Tyranitar|276\/403 brn|[from] brn
|turn|6
|
|switch|p2a: Landorus|Landorus, M|319\/319
|move|p1a: Ferrothorn|Stealth Rock|p2a: Landorus
|-sidestart|p2: Vert Pomme|move: Stealth Rock
|
|-weather|Sandstorm|[upkeep]
|turn|7
|
|move|p2a: Landorus|Focus Blast|p1a: Ferrothorn
|-supereffective|p1a: Ferrothorn
|-damage|p1a: Ferrothorn|37\/352
|move|p1a: Ferrothorn|Leech Seed|p2a: Landorus
|-start|p2a: Landorus|move: Leech Seed
|
|-weather|none
|-heal|p1a: Ferrothorn|59\/352|[from] item: Leftovers
|-damage|p2a: Landorus|280\/319|[from] Leech Seed|[of] p1a: Ferrothorn
|-heal|p1a: Ferrothorn|98\/352|[silent]
|turn|8
|
|move|p1a: Ferrothorn|Protect|p1a: Ferrothorn
|-singleturn|p1a: Ferrothorn|Protect
|move|p2a: Landorus|Earth Power|p1a: Ferrothorn
|-activate|p1a: Ferrothorn|Protect
|
|-heal|p1a: Ferrothorn|120\/352|[from] item: Leftovers
|-damage|p2a: Landorus|241\/319|[from] Leech Seed|[of] p1a: Ferrothorn
|-heal|p1a: Ferrothorn|159\/352|[silent]
|turn|9
|
|switch|p2a: Keldeo|Keldeo|323\/323
|-damage|p2a: Keldeo|303\/323|[from] Stealth Rock
|switch|p1a: Rotom-Wash|Rotom-Wash|304\/304
|-damage|p1a: Rotom-Wash|266\/304|[from] Stealth Rock
|
|-heal|p1a: Rotom-Wash|285\/304|[from] item: Leftovers
|turn|10
|
|switch|p2a: Tyranitar|Tyranitar, F|276\/403 brn
|-damage|p2a: Tyranitar|226\/403 brn|[from] Stealth Rock
|-weather|Sandstorm
|move|p1a: Rotom-Wash|Volt Switch|p2a: Tyranitar
|-damage|p2a: Tyranitar|169\/403 brn
|
|switch|p1a: Conkeldurr|Conkeldurr, F|274\/414
|-damage|p1a: Conkeldurr|249\/414|[from] Stealth Rock
|
|-weather|Sandstorm|[upkeep]
|-damage|p1a: Conkeldurr|224\/414|[from] sandstorm
|-heal|p2a: Tyranitar|194\/403 brn|[from] item: Leftovers
|-damage|p2a: Tyranitar|144\/403 brn|[from] brn
|turn|11
|
|move|p2a: Tyranitar|Toxic|p1a: Conkeldurr
|-status|p1a: Conkeldurr|tox
|move|p1a: Conkeldurr|Drain Punch|p2a: Tyranitar
|-supereffective|p2a: Tyranitar
|-damage|p2a: Tyranitar|0 fnt
|-heal|p1a: Conkeldurr|296\/414 tox|[from] drain|[of] p2a: Tyranitar
|faint|p2a: Tyranitar
|
|-weather|Sandstorm|[upkeep]
|-damage|p1a: Conkeldurr|271\/414 tox|[from] sandstorm
|-damage|p1a: Conkeldurr|246\/414 tox|[from] psn
|
|switch|p2a: Scizor|Scizor-Mega, F|298\/343
|-damage|p2a: Scizor|256\/343|[from] Stealth Rock
|turn|12
|
|move|p2a: Scizor|Knock Off|p1a: Conkeldurr
|-resisted|p1a: Conkeldurr
|-damage|p1a: Conkeldurr|183\/414 tox
|-enditem|p1a: Conkeldurr|Assault Vest|[from] move: Knock Off|[of] p2a: Scizor
|move|p1a: Conkeldurr|Drain Punch|p2a: Scizor
|-damage|p2a: Scizor|112\/343
|-heal|p1a: Conkeldurr|255\/414 tox|[from] drain|[of] p2a: Scizor
|
|-weather|Sandstorm|[upkeep]
|-damage|p1a: Conkeldurr|230\/414 tox|[from] sandstorm
|-damage|p1a: Conkeldurr|180\/414 tox|[from] psn
|turn|13
|
|move|p2a: Scizor|Roost|p2a: Scizor
|-heal|p2a: Scizor|284\/343
|move|p1a: Conkeldurr|Drain Punch|p2a: Scizor
|-damage|p2a: Scizor|140\/343
|-heal|p1a: Conkeldurr|252\/414 tox|[from] drain|[of] p2a: Scizor
|
|-weather|Sandstorm|[upkeep]
|-damage|p1a: Conkeldurr|227\/414 tox|[from] sandstorm
|-damage|p1a: Conkeldurr|152\/414 tox|[from] psn
|turn|14
|
|switch|p1a: Zapdos|Zapdos|295\/383
|-damage|p1a: Zapdos|200\/383|[from] Stealth Rock
|-ability|p1a: Zapdos|Pressure
|move|p2a: Scizor|Roost|p2a: Scizor
|-heal|p2a: Scizor|312\/343
|
|-weather|none
|turn|15
|
|switch|p2a: Thundurus|Thundurus, M|270\/299
|-damage|p2a: Thundurus|196\/299|[from] Stealth Rock
|move|p1a: Zapdos|Roost|p1a: Zapdos
|-heal|p1a: Zapdos|383\/383
|
|turn|16
|
|move|p2a: Thundurus|Thunderbolt|p1a: Zapdos
|-damage|p1a: Zapdos|176\/383
|-damage|p2a: Thundurus|167\/299|[from] item: Life Orb
|move|p1a: Zapdos|Roost|p1a: Zapdos
|-heal|p1a: Zapdos|368\/383
|
|turn|17
|
|move|p2a: Thundurus|Thunderbolt|p1a: Zapdos
|-damage|p1a: Zapdos|160\/383
|-damage|p2a: Thundurus|138\/299|[from] item: Life Orb
|move|p1a: Zapdos|Roost|p1a: Zapdos
|-heal|p1a: Zapdos|352\/383
|
|turn|18
|
|move|p2a: Thundurus|Thunderbolt|p1a: Zapdos
|-damage|p1a: Zapdos|136\/383
|-damage|p2a: Thundurus|109\/299|[from] item: Life Orb
|move|p1a: Zapdos|Roost|p1a: Zapdos
|-heal|p1a: Zapdos|328\/383
|
|turn|19
|
|switch|p1a: Ferrothorn|Ferrothorn, F|159\/352
|-damage|p1a: Ferrothorn|137\/352|[from] Stealth Rock
|move|p2a: Thundurus|Thunderbolt|p1a: Ferrothorn
|-resisted|p1a: Ferrothorn
|-damage|p1a: Ferrothorn|75\/352
|-status|p1a: Ferrothorn|par
|-damage|p2a: Thundurus|80\/299|[from] item: Life Orb
|
|-heal|p1a: Ferrothorn|97\/352 par|[from] item: Leftovers
|turn|20
|
|move|p2a: Thundurus|Superpower|p1a: Ferrothorn
|-supereffective|p1a: Ferrothorn
|-damage|p1a: Ferrothorn|0 fnt
|-damage|p2a: Thundurus|43\/299|[from] ability: Iron Barbs|[of] p1a: Ferrothorn
|-unboost|p2a: Thundurus|atk|1
|-unboost|p2a: Thundurus|def|1
|-damage|p2a: Thundurus|14\/299|[from] item: Life Orb
|faint|p1a: Ferrothorn
|
|
|switch|p1a: Conkeldurr|Conkeldurr, F|152\/414 tox
|-damage|p1a: Conkeldurr|127\/414 tox|[from] Stealth Rock
|turn|21
|
|move|p1a: Conkeldurr|Mach Punch|p2a: Thundurus
|-resisted|p2a: Thundurus
|-damage|p2a: Thundurus|0 fnt
|faint|p2a: Thundurus
|
|-damage|p1a: Conkeldurr|102\/414 tox|[from] psn
|
|switch|p2a: Keldeo|Keldeo|303\/323
|-damage|p2a: Keldeo|283\/323|[from] Stealth Rock
|turn|22
|
|move|p1a: Conkeldurr|Mach Punch|p2a: Keldeo
|-damage|p2a: Keldeo|153\/323
|move|p2a: Keldeo|Scald|p1a: Conkeldurr
|-damage|p1a: Conkeldurr|0 fnt
|faint|p1a: Conkeldurr
|
|
|switch|p1a: Keldeo|Keldeo|323\/323
|-damage|p1a: Keldeo|303\/323|[from] Stealth Rock
|turn|23
|
|move|p2a: Keldeo|Scald|p1a: Keldeo
|-resisted|p1a: Keldeo
|-damage|p1a: Keldeo|225\/323
|move|p1a: Keldeo|Hydro Pump|p2a: Keldeo
|-resisted|p2a: Keldeo
|-damage|p2a: Keldeo|39\/323
|
|turn|24
|
|move|p2a: Keldeo|Scald|p1a: Keldeo
|-resisted|p1a: Keldeo
|-damage|p1a: Keldeo|153\/323
|move|p1a: Keldeo|Hydro Pump|p2a: Keldeo|[miss]
|-miss|p1a: Keldeo|p2a: Keldeo
|
|turn|25
|
|move|p2a: Keldeo|Scald|p1a: Keldeo
|-resisted|p1a: Keldeo
|-damage|p1a: Keldeo|74\/323
|-status|p1a: Keldeo|brn
|move|p1a: Keldeo|Hydro Pump|p2a: Keldeo
|-resisted|p2a: Keldeo
|-damage|p2a: Keldeo|0 fnt
|faint|p2a: Keldeo
|
|-damage|p1a: Keldeo|34\/323 brn|[from] brn
|
|switch|p2a: Scizor|Scizor-Mega, F|312\/343
|-damage|p2a: Scizor|270\/343|[from] Stealth Rock
|turn|26
|
|switch|p1a: Zapdos|Zapdos|328\/383
|-damage|p1a: Zapdos|233\/383|[from] Stealth Rock
|-ability|p1a: Zapdos|Pressure
|move|p2a: Scizor|Swords Dance|p2a: Scizor
|-boost|p2a: Scizor|atk|2
|
|turn|27
|
|move|p2a: Scizor|Bullet Punch|p1a: Zapdos
|-resisted|p1a: Zapdos
|-damage|p1a: Zapdos|152\/383
|move|p1a: Zapdos|Roost|p1a: Zapdos
|-heal|p1a: Zapdos|344\/383
|
|turn|28
|
|move|p1a: Zapdos|Heat Wave|p2a: Scizor
|-supereffective|p2a: Scizor
|-damage|p2a: Scizor|0 fnt
|faint|p2a: Scizor
|
|
|switch|p2a: Landorus|Landorus, M|241\/319
|-damage|p2a: Landorus|202\/319|[from] Stealth Rock
|turn|29
|
|move|p2a: Landorus|Rock Polish|p2a: Landorus
|-boost|p2a: Landorus|spe|2
|move|p1a: Zapdos|Heat Wave|p2a: Landorus
|-damage|p2a: Landorus|86\/319
|
|turn|30
|c|âAdri989898|gg
|
|move|p2a: Landorus|Sludge Wave|p1a: Zapdos
|-damage|p1a: Zapdos|139\/383
|move|p1a: Zapdos|Heat Wave|p2a: Landorus
|-damage|p2a: Landorus|0 fnt
|faint|p2a: Landorus
|
|
|switch|p2a: Talonflame|Talonflame, M|297\/297
|-damage|p2a: Talonflame|149\/297|[from] Stealth Rock
|turn|31
|
|move|p2a: Talonflame|Brave Bird|p1a: Zapdos
|-resisted|p1a: Zapdos
|-damage|p1a: Zapdos|46\/383
|-damage|p2a: Talonflame|118\/297|[from] recoil|[of] p1a: Zapdos
|move|p1a: Zapdos|Thunderbolt|p2a: Talonflame
|-supereffective|p2a: Talonflame
|-damage|p2a: Talonflame|0 fnt
|faint|p2a: Talonflame
|
|win|Adri989898
|raw|Ladder updating...
|raw|Adri989898's rating: 1555 &rarr; <strong>1576<\/strong><br \/>(+21 for winning)
|raw|Vert Pomme's rating: 1565 &rarr; <strong>1544<\/strong><br \/>(-21 for losing)