|join|DarrenMUFC
|join|Adri989898
|player|p1|DarrenMUFC|293
|player|p2|Adri989898|99
|gametype|singles
|gen|6
|tier|OU
|rated
|clearpoke
|poke|p1|Sableye, F
|poke|p1|Excadrill, F
|poke|p1|Manaphy
|poke|p1|Gliscor, F
|poke|p1|Talonflame, F
|poke|p1|Clefable, M
|poke|p2|Metagross, shiny
|poke|p2|Zapdos
|poke|p2|Keldeo
|poke|p2|Heatran, F
|poke|p2|Rotom-Wash
|poke|p2|Landorus-Therian, M
|rule|Swagger Clause: Swagger is banned
|rule|Baton Pass Clause: Limit one PokÃ©mon knowing Baton Pass
|rule|Sleep Clause Mod: Limit one foe put to sleep
|rule|Species Clause: Limit one of each PokÃ©mon
|rule|OHKO Clause: OHKO moves are banned
|rule|Moody Clause: Moody is banned
|rule|Evasion Moves Clause: Evasion moves are banned
|rule|Endless Battle Clause: Forcing endless battles is banned
|rule|HP Percentage Mod: HP is shown in percentages
|teampreview
|
|start
|switch|p1a: Sableye|Sableye, F|303\/303
|switch|p2a: Keldeo|Keldeo|323\/323
|turn|1
|
|detailschange|p1a: Sableye|Sableye-Mega, F
|message|Sableye has Mega Evolved into Mega Sableye!
|move|p1a: Sableye|Recover|p1a: Sableye
|-fail|p1a: Sableye
|move|p2a: Keldeo|Hydro Pump|p1a: Sableye
|-damage|p1a: Sableye|96\/303
|
|turn|2
|
|switch|p1a: Manaphy|Manaphy|401\/401
|move|p2a: Keldeo|Hydro Pump|p1a: Manaphy
|-resisted|p1a: Manaphy
|-damage|p1a: Manaphy|298\/401
|
|-heal|p1a: Manaphy|323\/401|[from] item: Leftovers
|turn|3
|
|switch|p2a: Rotom-Wash|Rotom-Wash|304\/304
|move|p1a: Manaphy|U-turn|p2a: Rotom-Wash
|-damage|p2a: Rotom-Wash|268\/304
|
|switch|p1a: Sableye|Sableye-Mega, F|96\/303
|
|-heal|p2a: Rotom-Wash|287\/304|[from] item: Leftovers
|turn|4
|
|move|p2a: Rotom-Wash|Hydro Pump|p1a: Sableye
|-crit|p1a: Sableye
|-damage|p1a: Sableye|0 fnt
|faint|p1a: Sableye
|
|-heal|p2a: Rotom-Wash|304\/304|[from] item: Leftovers
|
|switch|p1a: Manaphy|Manaphy|323\/401
|turn|5
|
|move|p1a: Manaphy|U-turn|p2a: Rotom-Wash
|-damage|p2a: Rotom-Wash|266\/304
|
|switch|p1a: Clefable|Clefable, M|393\/393
|move|p2a: Rotom-Wash|Volt Switch|p1a: Clefable
|-damage|p1a: Clefable|303\/393
|
|switch|p2a: Metagross|Metagross, shiny|302\/302
|
|-heal|p1a: Clefable|327\/393|[from] item: Leftovers
|turn|6
|
|switch|p1a: Gliscor|Gliscor, F|353\/353
|detailschange|p2a: Metagross|Metagross-Mega, shiny
|message|Metagross has Mega Evolved into Mega Metagross!
|move|p2a: Metagross|Meteor Mash|p1a: Gliscor
|-damage|p1a: Gliscor|191\/353
|
|-status|p1a: Gliscor|tox|[from] item: Toxic Orb
|turn|7
|
|switch|p1a: Manaphy|Manaphy|323\/401
|move|p2a: Metagross|Ice Punch|p1a: Manaphy
|-resisted|p1a: Manaphy
|-damage|p1a: Manaphy|256\/401
|
|-heal|p1a: Manaphy|281\/401|[from] item: Leftovers
|turn|8
|
|move|p2a: Metagross|Earthquake|p1a: Manaphy
|-damage|p1a: Manaphy|128\/401
|move|p1a: Manaphy|Scald|p2a: Metagross
|-damage|p2a: Metagross|217\/302
|
|-heal|p1a: Manaphy|153\/401|[from] item: Leftovers
|turn|9
|
|move|p2a: Metagross|Earthquake|p1a: Manaphy
|-damage|p1a: Manaphy|22\/401
|move|p1a: Manaphy|Rest|p1a: Manaphy
|-status|p1a: Manaphy|slp
|-heal|p1a: Manaphy|401\/401 slp|[silent]
|-status|p1a: Manaphy|slp|[from] move: Rest
|
|turn|10
|
|switch|p2a: Zapdos|Zapdos|384\/384
|-ability|p2a: Zapdos|Pressure
|switch|p1a: Gliscor|Gliscor, F|191\/353 tox
|
|-heal|p1a: Gliscor|235\/353 tox|[from] ability: Poison Heal
|turn|11
|
|switch|p2a: Rotom-Wash|Rotom-Wash|266\/304
|switch|p1a: Excadrill|Excadrill, F|424\/424
|-ability|p1a: Excadrill|Mold Breaker
|
|-heal|p2a: Rotom-Wash|285\/304|[from] item: Leftovers
|turn|12
|
|switch|p2a: Landorus-Therian|Landorus-Therian, M|320\/320
|-ability|p2a: Landorus-Therian|Intimidate|[of] p1a: Excadrill
|-unboost|p1a: Excadrill|atk|1
|move|p1a: Excadrill|Toxic|p2a: Landorus-Therian
|-status|p2a: Landorus-Therian|tox
|
|-damage|p2a: Landorus-Therian|300\/320 tox|[from] psn
|turn|13
|
|switch|p1a: Gliscor|Gliscor, F|235\/353 tox
|move|p2a: Landorus-Therian|U-turn|p1a: Gliscor
|-resisted|p1a: Gliscor
|-damage|p1a: Gliscor|205\/353 tox
|
|switch|p2a: Keldeo|Keldeo|323\/323
|
|-heal|p1a: Gliscor|249\/353 tox|[from] ability: Poison Heal
|turn|14
|
|switch|p1a: Manaphy|Manaphy|401\/401 slp
|move|p2a: Keldeo|Hidden Power|p1a: Manaphy
|-supereffective|p1a: Manaphy
|-damage|p1a: Manaphy|255\/401 slp
|
|-heal|p1a: Manaphy|280\/401 slp|[from] item: Leftovers
|turn|15
|
|switch|p1a: Gliscor|Gliscor, F|249\/353 tox
|move|p2a: Keldeo|Hidden Power|p1a: Gliscor
|-damage|p1a: Gliscor|115\/353 tox
|
|-heal|p1a: Gliscor|159\/353 tox|[from] ability: Poison Heal
|turn|16
|
|switch|p2a: Rotom-Wash|Rotom-Wash|285\/304
|move|p1a: Gliscor|Stealth Rock|p2a: Rotom-Wash
|-sidestart|p2: Adri989898|move: Stealth Rock
|
|-heal|p2a: Rotom-Wash|304\/304|[from] item: Leftovers
|-heal|p1a: Gliscor|203\/353 tox|[from] ability: Poison Heal
|turn|17
|
|move|p1a: Gliscor|U-turn|p2a: Rotom-Wash
|-damage|p2a: Rotom-Wash|265\/304
|
|switch|p1a: Clefable|Clefable, M|327\/393
|move|p2a: Rotom-Wash|Volt Switch|p1a: Clefable
|-damage|p1a: Clefable|242\/393
|
|switch|p2a: Metagross|Metagross-Mega, shiny|217\/302
|-damage|p2a: Metagross|199\/302|[from] Stealth Rock
|
|-heal|p1a: Clefable|266\/393|[from] item: Leftovers
|turn|18
|
|move|p2a: Metagross|Meteor Mash|p1a: Clefable
|-supereffective|p1a: Clefable
|-damage|p1a: Clefable|0 fnt
|faint|p1a: Clefable
|
|
|switch|p1a: Talonflame|Talonflame, F|345\/345
|turn|19
|
|switch|p2a: Rotom-Wash|Rotom-Wash|265\/304
|-damage|p2a: Rotom-Wash|227\/304|[from] Stealth Rock
|move|p1a: Talonflame|Will-O-Wisp|p2a: Rotom-Wash
|-status|p2a: Rotom-Wash|brn
|
|-heal|p2a: Rotom-Wash|246\/304 brn|[from] item: Leftovers
|-damage|p2a: Rotom-Wash|208\/304 brn|[from] brn
|turn|20
|
|switch|p1a: Excadrill|Excadrill, F|424\/424
|-ability|p1a: Excadrill|Mold Breaker
|move|p2a: Rotom-Wash|Hydro Pump|p1a: Excadrill
|-supereffective|p1a: Excadrill
|-damage|p1a: Excadrill|182\/424
|
|-heal|p1a: Excadrill|208\/424|[from] item: Leftovers
|-heal|p2a: Rotom-Wash|227\/304 brn|[from] item: Leftovers
|-damage|p2a: Rotom-Wash|189\/304 brn|[from] brn
|turn|21
|
|move|p1a: Excadrill|Earthquake|p2a: Rotom-Wash
|-supereffective|p2a: Rotom-Wash
|-damage|p2a: Rotom-Wash|0 fnt
|faint|p2a: Rotom-Wash
|
|-heal|p1a: Excadrill|234\/424|[from] item: Leftovers
|
|switch|p2a: Keldeo|Keldeo|323\/323
|-damage|p2a: Keldeo|303\/323|[from] Stealth Rock
|turn|22
|
|switch|p1a: Manaphy|Manaphy|280\/401 slp
|move|p2a: Keldeo|Secret Sword|p1a: Manaphy
|-damage|p1a: Manaphy|58\/401 slp
|
|-heal|p1a: Manaphy|83\/401 slp|[from] item: Leftovers
|turn|23
|
|switch|p2a: Metagross|Metagross-Mega, shiny|199\/302
|-damage|p2a: Metagross|181\/302|[from] Stealth Rock
|cant|p1a: Manaphy|slp
|
|-heal|p1a: Manaphy|108\/401 slp|[from] item: Leftovers
|turn|24
|
|move|p2a: Metagross|Meteor Mash|p1a: Manaphy
|-resisted|p1a: Manaphy
|-damage|p1a: Manaphy|0 fnt
|faint|p1a: Manaphy
|
|
|switch|p1a: Gliscor|Gliscor, F|203\/353 tox
|turn|25
|
|move|p2a: Metagross|Ice Punch|p1a: Gliscor
|-supereffective|p1a: Gliscor
|-damage|p1a: Gliscor|0 fnt
|faint|p1a: Gliscor
|
|
|switch|p1a: Excadrill|Excadrill, F|234\/424
|-ability|p1a: Excadrill|Mold Breaker
|turn|26
|
|move|p2a: Metagross|Earthquake|p1a: Excadrill
|-supereffective|p1a: Excadrill
|-damage|p1a: Excadrill|0 fnt
|faint|p1a: Excadrill
|
|c|âAdri989898|gg
|-message|DarrenMUFC forfeited.
|
|win|Adri989898
|raw|Ladder updating...
|leave|DarrenMUFC
|player|p1
|raw|DarrenMUFC's rating: 1592 &rarr; <strong>1568<\/strong><br \/>(-24 for losing)
|raw|Adri989898's rating: 1533 &rarr; <strong>1556<\/strong><br \/>(+23 for winning)