|join|Adri989898
|join|gould314bach
|player|p1|Adri989898|99
|player|p2|gould314bach|220
|gametype|singles
|gen|6
|tier|OU
|rated
|clearpoke
|poke|p1|Metagross, shiny
|poke|p1|Zapdos
|poke|p1|Manaphy
|poke|p1|Heatran, M
|poke|p1|Rotom-Wash
|poke|p1|Landorus-Therian, M
|poke|p2|Scizor, M
|poke|p2|Heatran, M
|poke|p2|Garchomp, F, shiny
|poke|p2|Klefki, F, shiny
|poke|p2|Kyurem-Black
|poke|p2|Sylveon, F
|rule|Swagger Clause: Swagger is banned
|rule|Baton Pass Clause: Limit one PokÃ©mon knowing Baton Pass
|rule|Sleep Clause Mod: Limit one foe put to sleep
|rule|Species Clause: Limit one of each PokÃ©mon
|rule|OHKO Clause: OHKO moves are banned
|rule|Moody Clause: Moody is banned
|rule|Evasion Moves Clause: Evasion moves are banned
|rule|Endless Battle Clause: Forcing endless battles is banned
|rule|HP Percentage Mod: HP is shown in percentages
|teampreview
|
|start
|switch|p1a: Rotom-Wash|Rotom-Wash|304\/304
|switch|p2a: Klefki|Klefki, F, shiny|318\/318
|turn|1
|
|move|p2a: Klefki|Light Screen|p2a: Klefki
|-sidestart|p2: gould314bach|move: Light Screen
|move|p1a: Rotom-Wash|Will-O-Wisp|p2a: Klefki
|-status|p2a: Klefki|brn
|
|-damage|p2a: Klefki|279\/318 brn|[from] brn
|turn|2
|
|switch|p2a: Garchomp|Garchomp, F, shiny|357\/357
|move|p1a: Rotom-Wash|Volt Switch|p2a: Garchomp
|-immune|p2a: Garchomp|[msg]
|
|turn|3
|
|move|p2a: Garchomp|Stealth Rock|p1a: Rotom-Wash
|-sidestart|p1: Adri989898|move: Stealth Rock
|move|p1a: Rotom-Wash|Will-O-Wisp|p2a: Garchomp|[miss]
|-miss|p1a: Rotom-Wash|p2a: Garchomp
|
|turn|4
|
|switch|p2a: Heatran|Heatran, M|326\/326
|-item|p2a: Heatran|Air Balloon
|move|p1a: Rotom-Wash|Will-O-Wisp|p2a: Heatran
|-start|p2a: Heatran|ability: Flash Fire
|
|turn|5
|
|move|p2a: Heatran|Will-O-Wisp|p1a: Rotom-Wash
|-status|p1a: Rotom-Wash|brn
|move|p1a: Rotom-Wash|Volt Switch|p2a: Heatran
|-damage|p2a: Heatran|285\/326
|-enditem|p2a: Heatran|Air Balloon
|
|switch|p1a: Landorus-Therian|Landorus-Therian, M|320\/320
|-damage|p1a: Landorus-Therian|280\/320|[from] Stealth Rock
|-ability|p1a: Landorus-Therian|Intimidate|[of] p2a: Heatran
|-unboost|p2a: Heatran|atk|1
|
|turn|6
|
|switch|p2a: Sylveon|Sylveon, F|394\/394
|move|p1a: Landorus-Therian|Earthquake|p2a: Sylveon
|-damage|p2a: Sylveon|216\/394
|
|-heal|p2a: Sylveon|240\/394|[from] item: Leftovers
|turn|7
|
|switch|p1a: Metagross|Metagross, shiny|302\/302
|-damage|p1a: Metagross|284\/302|[from] Stealth Rock
|move|p2a: Sylveon|Wish|p2a: Sylveon
|
|-heal|p2a: Sylveon|264\/394|[from] item: Leftovers
|turn|8
|
|switch|p2a: Klefki|Klefki, F, shiny|279\/318 brn
|detailschange|p1a: Metagross|Metagross-Mega, shiny
|message|Metagross has Mega Evolved into Mega Metagross!
|move|p1a: Metagross|Meteor Mash|p2a: Klefki
|-damage|p2a: Klefki|87\/318 brn
|
|-heal|p2a: Klefki|284\/318 brn|[from] move: Wish|[wisher] Sylveon
|-damage|p2a: Klefki|245\/318 brn|[from] brn
|-sideend|p2: gould314bach|move: Light Screen
|turn|9
|
|switch|p1a: Landorus-Therian|Landorus-Therian, M|280\/320
|-damage|p1a: Landorus-Therian|240\/320|[from] Stealth Rock
|-ability|p1a: Landorus-Therian|Intimidate|[of] p2a: Klefki
|-unboost|p2a: Klefki|atk|1
|move|p2a: Klefki|Reflect|p2a: Klefki
|-sidestart|p2: gould314bach|Reflect
|
|-damage|p2a: Klefki|206\/318 brn|[from] brn
|turn|10
|
|move|p2a: Klefki|Spikes|p1a: Landorus-Therian
|-sidestart|p1: Adri989898|Spikes
|move|p1a: Landorus-Therian|Knock Off|p2a: Klefki
|-resisted|p2a: Klefki
|-damage|p2a: Klefki|184\/318 brn
|-enditem|p2a: Klefki|Light Clay|[from] move: Knock Off|[of] p1a: Landorus-Therian
|
|-damage|p2a: Klefki|145\/318 brn|[from] brn
|turn|11
|
|switch|p1a: Zapdos|Zapdos|384\/384
|-damage|p1a: Zapdos|288\/384|[from] Stealth Rock
|-ability|p1a: Zapdos|Pressure
|move|p2a: Klefki|Spikes|p1a: Zapdos
|-sidestart|p1: Adri989898|Spikes
|
|-heal|p1a: Zapdos|312\/384|[from] item: Leftovers
|-damage|p2a: Klefki|106\/318 brn|[from] brn
|turn|12
|
|switch|p2a: Garchomp|Garchomp, F, shiny|357\/357
|move|p1a: Zapdos|Defog|p2a: Garchomp
|-unboost|p2a: Garchomp|evasion|1
|-sideend|p2: gould314bach|Reflect
|-sideend|p2: gould314bach|Reflect|[from] move: Defog|[of] p2a: Garchomp
|-sideend|p1: Adri989898|Spikes|[from] move: Defog|[of] p1a: Zapdos
|-sideend|p1: Adri989898|Stealth Rock|[from] move: Defog|[of] p1a: Zapdos
|
|-heal|p1a: Zapdos|336\/384|[from] item: Leftovers
|turn|13
|
|switch|p1a: Rotom-Wash|Rotom-Wash|304\/304 brn
|move|p2a: Garchomp|Swords Dance|p2a: Garchomp
|-boost|p2a: Garchomp|atk|2
|
|-damage|p1a: Rotom-Wash|266\/304 brn|[from] brn
|turn|14
|
|move|p2a: Garchomp|Dragon Claw|p1a: Rotom-Wash
|-damage|p1a: Rotom-Wash|76\/304 brn
|move|p1a: Rotom-Wash|Will-O-Wisp|p2a: Garchomp
|-status|p2a: Garchomp|brn
|
|-heal|p1a: Rotom-Wash|95\/304 brn|[from] item: Leftovers
|-damage|p2a: Garchomp|313\/357 brn|[from] brn
|-damage|p1a: Rotom-Wash|57\/304 brn|[from] brn
|turn|15
|
|switch|p1a: Landorus-Therian|Landorus-Therian, M|240\/320
|-ability|p1a: Landorus-Therian|Intimidate|[of] p2a: Garchomp
|-unboost|p2a: Garchomp|atk|1
|move|p2a: Garchomp|Stealth Rock|p1a: Landorus-Therian
|-sidestart|p1: Adri989898|move: Stealth Rock
|
|-damage|p2a: Garchomp|269\/357 brn|[from] brn
|turn|16
|
|switch|p2a: Sylveon|Sylveon, F|264\/394
|move|p1a: Landorus-Therian|Earthquake|p2a: Sylveon
|-damage|p2a: Sylveon|63\/394
|
|-heal|p2a: Sylveon|87\/394|[from] item: Leftovers
|turn|17
|
|move|p2a: Sylveon|Protect|p2a: Sylveon
|-singleturn|p2a: Sylveon|Protect
|move|p1a: Landorus-Therian|Earthquake|p2a: Sylveon
|-activate|p2a: Sylveon|Protect
|
|-heal|p2a: Sylveon|111\/394|[from] item: Leftovers
|turn|18
|
|switch|p2a: Scizor|Scizor, M|343\/343
|move|p1a: Landorus-Therian|Earthquake|p2a: Scizor
|-damage|p2a: Scizor|165\/343
|
|turn|19
|
|detailschange|p2a: Scizor|Scizor-Mega, M
|message|Scizor has Mega Evolved into Mega Scizor!
|move|p1a: Landorus-Therian|Earthquake|p2a: Scizor
|-crit|p2a: Scizor
|-damage|p2a: Scizor|0 fnt
|faint|p2a: Scizor
|
|
|switch|p2a: Kyurem-Black|Kyurem-Black|391\/391
|-ability|p2a: Kyurem-Black|Teravolt
|turn|20
|
|switch|p1a: Rotom-Wash|Rotom-Wash|57\/304 brn
|-damage|p1a: Rotom-Wash|19\/304 brn|[from] Stealth Rock
|move|p2a: Kyurem-Black|Outrage|p1a: Rotom-Wash
|-damage|p1a: Rotom-Wash|0 fnt
|faint|p1a: Rotom-Wash
|
|
|switch|p1a: Metagross|Metagross-Mega, shiny|284\/302
|-damage|p1a: Metagross|266\/302|[from] Stealth Rock
|turn|21
|
|move|p2a: Kyurem-Black|Outrage|p1a: Metagross
|-resisted|p1a: Metagross
|-damage|p1a: Metagross|170\/302
|move|p1a: Metagross|Agility|p1a: Metagross
|-boost|p1a: Metagross|spe|2
|
|-end|p2a: Kyurem-Black|rampage
|-start|p2a: Kyurem-Black|confusion
|turn|22
|
|move|p1a: Metagross|Meteor Mash|p2a: Kyurem-Black
|-supereffective|p2a: Kyurem-Black
|-damage|p2a: Kyurem-Black|0 fnt
|faint|p2a: Kyurem-Black
|
|
|switch|p2a: Klefki|Klefki, F, shiny|106\/318 brn
|turn|23
|
|move|p2a: Klefki|Thunder Wave|p1a: Metagross
|-status|p1a: Metagross|par
|cant|p1a: Metagross|par
|
|-damage|p2a: Klefki|67\/318 brn|[from] brn
|turn|24
|
|move|p2a: Klefki|Reflect|p2a: Klefki
|-sidestart|p2: gould314bach|Reflect
|move|p1a: Metagross|Earthquake|p2a: Klefki
|-supereffective|p2a: Klefki
|-damage|p2a: Klefki|0 fnt
|faint|p2a: Klefki
|
|
|switch|p2a: Heatran|Heatran, M|285\/326
|turn|25
|
|move|p2a: Heatran|Fire Blast|p1a: Metagross
|-supereffective|p1a: Metagross
|-damage|p1a: Metagross|0 fnt
|faint|p1a: Metagross
|
|
|switch|p1a: Landorus-Therian|Landorus-Therian, M|240\/320
|-damage|p1a: Landorus-Therian|200\/320|[from] Stealth Rock
|-ability|p1a: Landorus-Therian|Intimidate|[of] p2a: Heatran
|-unboost|p2a: Heatran|atk|1
|turn|26
|
|move|p1a: Landorus-Therian|Earthquake|p2a: Heatran
|-supereffective|p2a: Heatran
|-damage|p2a: Heatran|0 fnt
|faint|p2a: Heatran
|
|
|switch|p2a: Sylveon|Sylveon, F|111\/394
|turn|27
|
|switch|p1a: Heatran|Heatran, M|386\/386
|-damage|p1a: Heatran|338\/386|[from] Stealth Rock
|move|p2a: Sylveon|Wish|p2a: Sylveon
|
|-heal|p1a: Heatran|362\/386|[from] item: Leftovers
|-heal|p2a: Sylveon|135\/394|[from] item: Leftovers
|turn|28
|
|move|p2a: Sylveon|Protect|p2a: Sylveon
|-singleturn|p2a: Sylveon|Protect
|move|p1a: Heatran|Lava Plume|p2a: Sylveon
|-activate|p2a: Sylveon|Protect
|
|-heal|p2a: Sylveon|332\/394|[from] move: Wish|[wisher] Sylveon
|-heal|p1a: Heatran|386\/386|[from] item: Leftovers
|-heal|p2a: Sylveon|356\/394|[from] item: Leftovers
|-sideend|p2: gould314bach|Reflect
|turn|29
|
|move|p1a: Heatran|Toxic|p2a: Sylveon
|-status|p2a: Sylveon|tox
|move|p2a: Sylveon|Heal Bell|p2a: Sylveon
|-cureteam|p2a: Sylveon|[from] move: HealBell
|
|-heal|p2a: Sylveon|380\/394|[from] item: Leftovers
|turn|30
|
|switch|p1a: Manaphy|Manaphy|341\/341
|-damage|p1a: Manaphy|299\/341|[from] Stealth Rock
|move|p2a: Sylveon|Wish|p2a: Sylveon
|
|-heal|p1a: Manaphy|320\/341|[from] item: Leftovers
|-heal|p2a: Sylveon|394\/394|[from] item: Leftovers
|turn|31
|
|move|p1a: Manaphy|Tail Glow|p1a: Manaphy
|-boost|p1a: Manaphy|spa|3
|move|p2a: Sylveon|Hyper Voice|p1a: Manaphy
|-crit|p1a: Manaphy
|-damage|p1a: Manaphy|92\/341
|
|-heal|p1a: Manaphy|113\/341|[from] item: Leftovers
|turn|32
|
|move|p1a: Manaphy|Surf|p2a: Sylveon
|-damage|p2a: Sylveon|120\/394
|move|p2a: Sylveon|Hyper Voice|p1a: Manaphy
|-damage|p1a: Manaphy|0 fnt
|faint|p1a: Manaphy
|
|-heal|p2a: Sylveon|144\/394|[from] item: Leftovers
|
|switch|p1a: Landorus-Therian|Landorus-Therian, M|200\/320
|-damage|p1a: Landorus-Therian|160\/320|[from] Stealth Rock
|-ability|p1a: Landorus-Therian|Intimidate|[of] p2a: Sylveon
|-unboost|p2a: Sylveon|atk|1
|turn|33
|
|move|p2a: Sylveon|Protect|p2a: Sylveon
|-singleturn|p2a: Sylveon|Protect
|move|p1a: Landorus-Therian|Earthquake|p2a: Sylveon
|-activate|p2a: Sylveon|Protect
|
|-heal|p2a: Sylveon|168\/394|[from] item: Leftovers
|turn|34
|
|move|p1a: Landorus-Therian|Earthquake|p2a: Sylveon
|-damage|p2a: Sylveon|0 fnt
|faint|p2a: Sylveon
|
|
|switch|p2a: Garchomp|Garchomp, F, shiny|269\/357
|turn|35
|
|move|p1a: Landorus-Therian|Earthquake|p2a: Garchomp
|-damage|p2a: Garchomp|71\/357
|move|p2a: Garchomp|Dragon Claw|p1a: Landorus-Therian
|-damage|p1a: Landorus-Therian|1\/320
|
|turn|36
|
|move|p1a: Landorus-Therian|Earthquake|p2a: Garchomp
|-damage|p2a: Garchomp|0 fnt
|faint|p2a: Garchomp
|
|win|Adri989898
|raw|Ladder updating...
|c|âAdri989898|gg
|c|âgould314bach|hax
|c|âAdri989898|no
|leave|gould314bach
|player|p2
|raw|Adri989898's rating: 1514 &rarr; <strong>1538<\/strong><br \/>(+24 for winning)
|raw|gould314bach's rating: 1583 &rarr; <strong>1559<\/strong><br \/>(-24 for losing)