|join|Adri989898
|join|ruben ferra
|player|p1|Adri989898|99
|player|p2|ruben ferra|92
|gametype|singles
|gen|6
|tier|OU
|rated
|clearpoke
|poke|p1|Metagross, shiny
|poke|p1|Zapdos
|poke|p1|Manaphy
|poke|p1|Heatran, F
|poke|p1|Bisharp, M
|poke|p1|Landorus-Therian, M
|poke|p2|Hydreigon, F
|poke|p2|Magnezone
|poke|p2|Latios, M
|poke|p2|Gyarados, F
|poke|p2|Landorus-Therian, M
|poke|p2|Sylveon, F
|rule|Swagger Clause: Swagger is banned
|rule|Baton Pass Clause: Limit one PokÃ©mon knowing Baton Pass
|rule|Sleep Clause Mod: Limit one foe put to sleep
|rule|Species Clause: Limit one of each PokÃ©mon
|rule|OHKO Clause: OHKO moves are banned
|rule|Moody Clause: Moody is banned
|rule|Evasion Moves Clause: Evasion moves are banned
|rule|Endless Battle Clause: Forcing endless battles is banned
|rule|HP Percentage Mod: HP is shown in percentages
|teampreview
|
|start
|switch|p1a: Landorus-Therian|Landorus-Therian, M|320\/320
|switch|p2a: Landorus-Therian|Landorus-Therian, M|382\/382
|-ability|p1a: Landorus-Therian|Intimidate|[of] p2a: Landorus-Therian
|-unboost|p2a: Landorus-Therian|atk|1
|-ability|p2a: Landorus-Therian|Intimidate|[of] p1a: Landorus-Therian
|-unboost|p1a: Landorus-Therian|atk|1
|turn|1
|
|move|p1a: Landorus-Therian|Knock Off|p2a: Landorus-Therian
|-damage|p2a: Landorus-Therian|295\/382
|-enditem|p2a: Landorus-Therian|Leftovers|[from] move: Knock Off|[of] p1a: Landorus-Therian
|move|p2a: Landorus-Therian|Stealth Rock|p1a: Landorus-Therian
|-sidestart|p1: Adri989898|move: Stealth Rock
|
|turn|2
|
|switch|p1a: Zapdos|Zapdos|384\/384
|-damage|p1a: Zapdos|288\/384|[from] Stealth Rock
|-ability|p1a: Zapdos|Pressure
|move|p2a: Landorus-Therian|Knock Off|p1a: Zapdos
|-damage|p1a: Zapdos|212\/384
|-enditem|p1a: Zapdos|Leftovers|[from] move: Knock Off|[of] p2a: Landorus-Therian
|
|turn|3
|
|move|p1a: Zapdos|Defog|p2a: Landorus-Therian
|-unboost|p2a: Landorus-Therian|evasion|1
|-sideend|p1: Adri989898|Stealth Rock|[from] move: Defog|[of] p1a: Zapdos
|move|p2a: Landorus-Therian|U-turn|p1a: Zapdos
|-resisted|p1a: Zapdos
|-damage|p1a: Zapdos|184\/384
|
|switch|p2a: Hydreigon|Hydreigon, F|326\/326
|
|turn|4
|
|move|p2a: Hydreigon|Draco Meteor|p1a: Zapdos
|-crit|p1a: Zapdos
|-damage|p1a: Zapdos|0 fnt
|-unboost|p2a: Hydreigon|spa|2
|faint|p1a: Zapdos
|
|
|switch|p1a: Metagross|Metagross, shiny|302\/302
|turn|5
|
|switch|p2a: Gyarados|Gyarados, F|332\/332
|-ability|p2a: Gyarados|Intimidate|[of] p1a: Metagross
|-fail|p1a: Metagross|unboost|[from] ability: Clear Body|[of] p1a: Metagross
|move|p1a: Metagross|Hammer Arm|p2a: Gyarados
|-resisted|p2a: Gyarados
|-damage|p2a: Gyarados|252\/332
|-unboost|p1a: Metagross|spe|1
|
|turn|6
|
|detailschange|p1a: Metagross|Metagross-Mega, shiny
|-mega|p1a: Metagross|Metagross|Metagrossite
|move|p2a: Gyarados|Dragon Dance|p2a: Gyarados
|-boost|p2a: Gyarados|atk|1
|-boost|p2a: Gyarados|spe|1
|move|p1a: Metagross|Zen Headbutt|p2a: Gyarados
|-damage|p2a: Gyarados|0 fnt
|faint|p2a: Gyarados
|
|
|switch|p2a: Hydreigon|Hydreigon, F|326\/326
|turn|7
|
|switch|p1a: Bisharp|Bisharp, M|333\/333
|move|p2a: Hydreigon|U-turn|p1a: Bisharp
|-damage|p1a: Bisharp|277\/333
|
|switch|p2a: Magnezone|Magnezone|343\/343
|
|turn|8
|
|move|p1a: Bisharp|Knock Off|p2a: Magnezone
|-damage|p2a: Magnezone|168\/343
|-enditem|p2a: Magnezone|Choice Specs|[from] move: Knock Off|[of] p1a: Bisharp
|move|p2a: Magnezone|Thunderbolt|p1a: Bisharp
|-damage|p1a: Bisharp|115\/333
|
|turn|9
|
|move|p1a: Bisharp|Sucker Punch|p2a: Magnezone
|-damage|p2a: Magnezone|23\/343
|move|p2a: Magnezone|Volt Switch|p1a: Bisharp
|-damage|p1a: Bisharp|3\/333
|
|switch|p2a: Hydreigon|Hydreigon, F|326\/326
|
|turn|10
|
|move|p1a: Bisharp|Sucker Punch|p2a: Hydreigon
|-resisted|p2a: Hydreigon
|-damage|p2a: Hydreigon|230\/326
|move|p2a: Hydreigon|U-turn|p1a: Bisharp
|-damage|p1a: Bisharp|0 fnt
|faint|p1a: Bisharp
|
|switch|p2a: Sylveon|Sylveon, F|394\/394
|
|
|switch|p1a: Metagross|Metagross-Mega, shiny|302\/302
|turn|11
|
|switch|p2a: Landorus-Therian|Landorus-Therian, M|295\/382
|-ability|p2a: Landorus-Therian|Intimidate|[of] p1a: Metagross
|-unboost|p1a: Metagross|atk|1
|move|p1a: Metagross|Meteor Mash|p2a: Landorus-Therian
|-damage|p2a: Landorus-Therian|120\/382
|
|turn|12
|
|move|p1a: Metagross|Meteor Mash|p2a: Landorus-Therian
|-damage|p2a: Landorus-Therian|0 fnt
|faint|p2a: Landorus-Therian
|
|
|switch|p2a: Hydreigon|Hydreigon, F|230\/326
|turn|13
|
|switch|p1a: Landorus-Therian|Landorus-Therian, M|320\/320
|-ability|p1a: Landorus-Therian|Intimidate|[of] p2a: Hydreigon
|-unboost|p2a: Hydreigon|atk|1
|move|p2a: Hydreigon|Dark Pulse|p1a: Landorus-Therian
|-damage|p1a: Landorus-Therian|146\/320
|
|turn|14
|
|switch|p1a: Heatran|Heatran, F|385\/385
|move|p2a: Hydreigon|Dark Pulse|p1a: Heatran
|-damage|p1a: Heatran|294\/385
|
|-heal|p1a: Heatran|318\/385|[from] item: Leftovers
|turn|15
|
|switch|p2a: Latios|Latios, M|301\/301
|move|p1a: Heatran|Toxic|p2a: Latios
|-status|p2a: Latios|tox
|
|-heal|p1a: Heatran|342\/385|[from] item: Leftovers
|-damage|p2a: Latios|283\/301 tox|[from] psn
|turn|16
|
|move|p2a: Latios|Trick|p1a: Heatran
|-activate|p2a: Latios|move: Trick|[of] p1a: Heatran
|-item|p1a: Heatran|Choice Scarf|[from] move: Trick
|-item|p2a: Latios|Leftovers|[from] move: Trick
|move|p1a: Heatran|Stealth Rock|p2a: Latios
|-sidestart|p2: ruben ferra|move: Stealth Rock
|
|-heal|p2a: Latios|301\/301 tox|[from] item: Leftovers
|-damage|p2a: Latios|265\/301 tox|[from] psn
|turn|17
|
|switch|p1a: Metagross|Metagross-Mega, shiny|302\/302
|move|p2a: Latios|Defog|p1a: Metagross
|-unboost|p1a: Metagross|evasion|1
|-sideend|p2: ruben ferra|Stealth Rock|[from] move: Defog|[of] p2a: Latios
|
|-heal|p2a: Latios|283\/301 tox|[from] item: Leftovers
|-damage|p2a: Latios|229\/301 tox|[from] psn
|turn|18
|
|switch|p2a: Magnezone|Magnezone|23\/343
|move|p1a: Metagross|Meteor Mash|p2a: Magnezone
|-resisted|p2a: Magnezone
|-damage|p2a: Magnezone|0 fnt
|faint|p2a: Magnezone
|
|
|switch|p2a: Hydreigon|Hydreigon, F|230\/326
|turn|19
|
|move|p2a: Hydreigon|Earth Power|p1a: Metagross
|-supereffective|p1a: Metagross
|-damage|p1a: Metagross|106\/302
|move|p1a: Metagross|Meteor Mash|p2a: Hydreigon|[miss]
|-miss|p1a: Metagross|p2a: Hydreigon
|
|turn|20
|
|switch|p1a: Heatran|Heatran, F|342\/385
|move|p2a: Hydreigon|Earth Power|p1a: Heatran
|-supereffective|p1a: Heatran
|-damage|p1a: Heatran|38\/385
|
|turn|21
|
|switch|p1a: Landorus-Therian|Landorus-Therian, M|146\/320
|-ability|p1a: Landorus-Therian|Intimidate|[of] p2a: Hydreigon
|-unboost|p2a: Hydreigon|atk|1
|move|p2a: Hydreigon|Earth Power|p1a: Landorus-Therian
|-immune|p1a: Landorus-Therian|[msg]
|
|turn|22
|
|switch|p2a: Sylveon|Sylveon, F|394\/394
|move|p1a: Landorus-Therian|U-turn|p2a: Sylveon
|-resisted|p2a: Sylveon
|-damage|p2a: Sylveon|326\/394
|
|switch|p1a: Metagross|Metagross-Mega, shiny|106\/302
|
|-heal|p2a: Sylveon|350\/394|[from] item: Leftovers
|turn|23
|
|move|p1a: Metagross|Meteor Mash|p2a: Sylveon
|-supereffective|p2a: Sylveon
|-damage|p2a: Sylveon|0 fnt
|faint|p2a: Sylveon
|
|
|switch|p2a: Hydreigon|Hydreigon, F|230\/326
|turn|24
|
|move|p1a: Metagross|Bullet Punch|p2a: Hydreigon
|-damage|p2a: Hydreigon|107\/326
|move|p2a: Hydreigon|Dark Pulse|p1a: Metagross
|-supereffective|p1a: Metagross
|-damage|p1a: Metagross|0 fnt
|faint|p1a: Metagross
|
|
|switch|p1a: Manaphy|Manaphy|341\/341
|turn|25
|
|switch|p2a: Latios|Latios, M|229\/301 tox
|move|p1a: Manaphy|Ice Beam|p2a: Latios
|-supereffective|p2a: Latios
|-damage|p2a: Latios|55\/301 tox
|
|-heal|p2a: Latios|73\/301 tox|[from] item: Leftovers
|-damage|p2a: Latios|55\/301 tox|[from] psn
|turn|26
|c|âAdri989898|gg
|
|switch|p1a: Heatran|Heatran, F|38\/385
|move|p2a: Latios|Draco Meteor|p1a: Heatran
|-resisted|p1a: Heatran
|-damage|p1a: Heatran|0 fnt
|-unboost|p2a: Latios|spa|2
|faint|p1a: Heatran
|
|-heal|p2a: Latios|73\/301 tox|[from] item: Leftovers
|-damage|p2a: Latios|37\/301 tox|[from] psn
|c|âruben ferra|gg
|
|switch|p1a: Landorus-Therian|Landorus-Therian, M|146\/320
|-ability|p1a: Landorus-Therian|Intimidate|[of] p2a: Latios
|-unboost|p2a: Latios|atk|1
|turn|27
|
|move|p1a: Landorus-Therian|U-turn|p2a: Latios
|-supereffective|p2a: Latios
|-damage|p2a: Latios|0 fnt
|faint|p2a: Latios
|
|switch|p1a: Manaphy|Manaphy|341\/341
|
|
|switch|p2a: Hydreigon|Hydreigon, F|107\/326
|turn|28
|
|move|p2a: Hydreigon|Draco Meteor|p1a: Manaphy
|-damage|p1a: Manaphy|121\/341
|-unboost|p2a: Hydreigon|spa|2
|move|p1a: Manaphy|Ice Beam|p2a: Hydreigon
|-supereffective|p2a: Hydreigon
|-damage|p2a: Hydreigon|0 fnt
|faint|p2a: Hydreigon
|
|win|Adri989898
|raw|Ladder updating...
|raw|Adri989898's rating: 1656 &rarr; <strong>1664<\/strong><br \/>(+8 for winning)
|raw|ruben ferra's rating: 1432 &rarr; <strong>1423<\/strong><br \/>(-9 for losing)