|join|Adri989898
|join|iplaytennislol
|player|p1|Adri989898|99
|player|p2|iplaytennislol|175
|gametype|singles
|gen|6
|tier|OU
|rated
|clearpoke
|poke|p1|Gallade, M
|poke|p1|Zapdos
|poke|p1|Scizor, M
|poke|p1|Heatran, M
|poke|p1|Landorus-Therian, M
|poke|p1|Manaphy
|poke|p2|Sharpedo, F
|poke|p2|Terrakion
|poke|p2|Talonflame, M
|poke|p2|Latios, M
|poke|p2|Celebi
|poke|p2|Greninja, F
|rule|Swagger Clause: Swagger is banned
|rule|Baton Pass Clause: Limit one PokÃ©mon knowing Baton Pass
|rule|Sleep Clause Mod: Limit one foe put to sleep
|rule|Species Clause: Limit one of each PokÃ©mon
|rule|OHKO Clause: OHKO moves are banned
|rule|Moody Clause: Moody is banned
|rule|Evasion Moves Clause: Evasion moves are banned
|rule|Endless Battle Clause: Forcing endless battles is banned
|rule|HP Percentage Mod: HP is shown in percentages
|teampreview
|
|start
|switch|p1a: Landorus-Therian|Landorus-Therian, M|319\/319
|switch|p2a: Terrakion|Terrakion|323\/323
|-ability|p1a: Landorus-Therian|Intimidate|[of] p2a: Terrakion
|-unboost|p2a: Terrakion|atk|1
|turn|1
|
|move|p1a: Landorus-Therian|U-turn|p2a: Terrakion
|-resisted|p2a: Terrakion
|-damage|p2a: Terrakion|273\/323
|
|switch|p1a: Scizor|Scizor, M|343\/343
|move|p2a: Terrakion|Stealth Rock|p1a: Scizor
|-sidestart|p1: Adri989898|move: Stealth Rock
|
|turn|2
|
|switch|p2a: Talonflame|Talonflame, M|297\/297
|move|p1a: Scizor|Bullet Punch|p2a: Talonflame
|-crit|p2a: Talonflame
|-resisted|p2a: Talonflame
|-damage|p2a: Talonflame|133\/297
|
|turn|3
|
|switch|p1a: Heatran|Heatran, M|386\/386
|-damage|p1a: Heatran|338\/386|[from] Stealth Rock
|move|p2a: Talonflame|U-turn|p1a: Heatran
|-resisted|p1a: Heatran
|-damage|p1a: Heatran|317\/386
|
|switch|p2a: Terrakion|Terrakion|273\/323
|
|-heal|p1a: Heatran|341\/386|[from] item: Leftovers
|turn|4
|
|switch|p1a: Landorus-Therian|Landorus-Therian, M|319\/319
|-damage|p1a: Landorus-Therian|280\/319|[from] Stealth Rock
|-ability|p1a: Landorus-Therian|Intimidate|[of] p2a: Terrakion
|-unboost|p2a: Terrakion|atk|1
|move|p2a: Terrakion|Stone Edge|p1a: Landorus-Therian
|-damage|p1a: Landorus-Therian|160\/319
|
|turn|5
|
|switch|p2a: Talonflame|Talonflame, M|133\/297
|move|p1a: Landorus-Therian|Stone Edge|p2a: Talonflame
|-supereffective|p2a: Talonflame
|-damage|p2a: Talonflame|0 fnt
|faint|p2a: Talonflame
|
|
|switch|p2a: Terrakion|Terrakion|273\/323
|turn|6
|
|switch|p1a: Gallade|Gallade, M|278\/278
|-damage|p1a: Gallade|261\/278|[from] Stealth Rock
|move|p2a: Terrakion|Close Combat|p1a: Gallade
|-resisted|p1a: Gallade
|-damage|p1a: Gallade|103\/278
|-unboost|p2a: Terrakion|def|1
|-unboost|p2a: Terrakion|spd|1
|
|turn|7
|
|detailschange|p1a: Gallade|Gallade-Mega, M
|-mega|p1a: Gallade|Gallade|Galladite
|move|p2a: Terrakion|Close Combat|p1a: Gallade
|-resisted|p1a: Gallade
|-damage|p1a: Gallade|0 fnt
|-unboost|p2a: Terrakion|def|1
|-unboost|p2a: Terrakion|spd|1
|faint|p1a: Gallade
|
|
|switch|p1a: Scizor|Scizor, M|343\/343
|-damage|p1a: Scizor|301\/343|[from] Stealth Rock
|turn|8
|
|switch|p2a: Celebi|Celebi|404\/404
|move|p1a: Scizor|Bullet Punch|p2a: Celebi
|-damage|p2a: Celebi|269\/404
|
|-heal|p2a: Celebi|294\/404|[from] item: Leftovers
|turn|9
|
|switch|p1a: Zapdos|Zapdos|383\/383
|-damage|p1a: Zapdos|288\/383|[from] Stealth Rock
|-ability|p1a: Zapdos|Pressure
|move|p2a: Celebi|Baton Pass|p2a: Celebi
|
|switch|p2a: Terrakion|Terrakion|273\/323
|
|-heal|p1a: Zapdos|311\/383|[from] item: Leftovers
|turn|10
|join|Get Out Greg
|
|move|p2a: Terrakion|Stone Edge|p1a: Zapdos
|-supereffective|p1a: Zapdos
|-damage|p1a: Zapdos|33\/383
|move|p1a: Zapdos|Thunderbolt|p2a: Terrakion
|-damage|p2a: Terrakion|128\/323
|-status|p2a: Terrakion|par
|
|-heal|p1a: Zapdos|56\/383|[from] item: Leftovers
|turn|11
|leave|Get Out Greg
|
|move|p1a: Zapdos|Defog|p2a: Terrakion
|-unboost|p2a: Terrakion|evasion|1
|-sideend|p1: Adri989898|Stealth Rock|[from] move: Defog|[of] p1a: Zapdos
|cant|p2a: Terrakion|par
|
|-heal|p1a: Zapdos|79\/383|[from] item: Leftovers
|turn|12
|c|âiplaytennislol|this game is ass
|
|move|p1a: Zapdos|Thunderbolt|p2a: Terrakion
|-damage|p2a: Terrakion|0 fnt
|faint|p2a: Terrakion
|
|-heal|p1a: Zapdos|102\/383|[from] item: Leftovers
|
|switch|p2a: Greninja|Greninja, F|285\/285
|turn|13
|
|move|p2a: Greninja|Ice Beam|p1a: Zapdos
|-start|p2a: Greninja|typechange|Ice|[from] Protean
|-crit|p1a: Zapdos
|-supereffective|p1a: Zapdos
|-damage|p1a: Zapdos|0 fnt
|-damage|p2a: Greninja|257\/285|[from] item: Life Orb
|faint|p1a: Zapdos
|
|join|Carpet Violence
|join|The Goomy
|
|switch|p1a: Scizor|Scizor, M|301\/343
|turn|14
|
|switch|p2a: Latios|Latios, M|301\/301
|move|p1a: Scizor|U-turn|p2a: Latios
|-supereffective|p2a: Latios
|-damage|p2a: Latios|0 fnt
|faint|p2a: Latios
|
|switch|p1a: Manaphy|Manaphy|341\/341
|
|
|switch|p2a: Celebi|Celebi|294\/404
|turn|15
|
|move|p1a: Manaphy|Tail Glow|p1a: Manaphy
|-boost|p1a: Manaphy|spa|3
|move|p2a: Celebi|Substitute|p2a: Celebi
|-start|p2a: Celebi|Substitute
|-damage|p2a: Celebi|193\/404
|
|-heal|p2a: Celebi|218\/404|[from] item: Leftovers
|turn|16
|
|move|p1a: Manaphy|Ice Beam|p2a: Celebi
|-supereffective|p2a: Celebi
|-end|p2a: Celebi|Substitute
|move|p2a: Celebi|Giga Drain|p1a: Manaphy
|-supereffective|p1a: Manaphy
|-damage|p1a: Manaphy|173\/341
|-heal|p2a: Celebi|302\/404|[from] drain|[of] p1a: Manaphy
|
|-heal|p1a: Manaphy|194\/341|[from] item: Leftovers
|-heal|p2a: Celebi|327\/404|[from] item: Leftovers
|turn|17
|
|move|p1a: Manaphy|Ice Beam|p2a: Celebi
|-supereffective|p2a: Celebi
|-damage|p2a: Celebi|0 fnt
|faint|p2a: Celebi
|
|-heal|p1a: Manaphy|215\/341|[from] item: Leftovers
|
|switch|p2a: Greninja|Greninja, F|257\/285
|turn|18
|
|move|p2a: Greninja|Gunk Shot|p1a: Manaphy
|-start|p2a: Greninja|typechange|Poison|[from] Protean
|-damage|p1a: Manaphy|27\/341
|-damage|p2a: Greninja|229\/285|[from] item: Life Orb
|move|p1a: Manaphy|Energy Ball|p2a: Greninja
|-resisted|p2a: Greninja
|-damage|p2a: Greninja|88\/285
|
|-heal|p1a: Manaphy|48\/341|[from] item: Leftovers
|turn|19
|
|move|p2a: Greninja|Ice Beam|p1a: Manaphy
|-start|p2a: Greninja|typechange|Ice|[from] Protean
|-resisted|p1a: Manaphy
|-damage|p1a: Manaphy|0 fnt
|-damage|p2a: Greninja|60\/285|[from] item: Life Orb
|faint|p1a: Manaphy
|
|
|switch|p1a: Landorus-Therian|Landorus-Therian, M|160\/319
|-ability|p1a: Landorus-Therian|Intimidate|[of] p2a: Greninja
|-unboost|p2a: Greninja|atk|1
|turn|20
|
|move|p1a: Landorus-Therian|U-turn|p2a: Greninja
|-damage|p2a: Greninja|0 fnt
|faint|p2a: Greninja
|
|switch|p1a: Scizor|Scizor, M|301\/343
|
|
|switch|p2a: Sharpedo|Sharpedo, F|281\/281
|turn|21
|
|move|p2a: Sharpedo|Protect|p2a: Sharpedo
|-singleturn|p2a: Sharpedo|Protect
|move|p1a: Scizor|U-turn|p2a: Sharpedo
|-activate|p2a: Sharpedo|Protect
|
|-boost|p2a: Sharpedo|spe|1|[from] ability: Speed Boost
|turn|22
|join|TheCanadianWifier
|
|move|p2a: Sharpedo|Waterfall|p1a: Scizor
|-damage|p1a: Scizor|151\/343
|move|p1a: Scizor|U-turn|p2a: Sharpedo
|-supereffective|p2a: Sharpedo
|-damage|p2a: Sharpedo|0 fnt
|faint|p2a: Sharpedo
|
|win|Adri989898
|raw|Ladder updating...
|raw|Adri989898's rating: 1529 &rarr; <strong>1555<\/strong><br \/>(+26 for winning)
|raw|iplaytennislol's rating: 1651 &rarr; <strong>1625<\/strong><br \/>(-26 for losing)
|c|âAdri989898|gg
|c|âiplaytennislol|fuck you
|leave|iplaytennislol
|leave|Carpet Violence
|player|p2