|join|Adri989898
|join|MikeDawg
|player|p1|Adri989898|99
|player|p2|MikeDawg|290
|gametype|singles
|gen|6
|tier|OU
|rated
|clearpoke
|poke|p1|Gallade, M
|poke|p1|Zapdos
|poke|p1|Scizor, M
|poke|p1|Heatran, M
|poke|p1|Landorus-Therian, M
|poke|p1|Manaphy
|poke|p2|Tyranitar, F
|poke|p2|Gliscor, F
|poke|p2|Breloom, F
|poke|p2|Slowbro, M
|poke|p2|Tornadus-Therian, M
|poke|p2|Scizor, F
|rule|Swagger Clause: Swagger is banned
|rule|Baton Pass Clause: Limit one PokÃ©mon knowing Baton Pass
|rule|Sleep Clause Mod: Limit one foe put to sleep
|rule|Species Clause: Limit one of each PokÃ©mon
|rule|OHKO Clause: OHKO moves are banned
|rule|Moody Clause: Moody is banned
|rule|Evasion Moves Clause: Evasion moves are banned
|rule|Endless Battle Clause: Forcing endless battles is banned
|rule|HP Percentage Mod: HP is shown in percentages
|teampreview
|
|start
|switch|p1a: Landorus-Therian|Landorus-Therian, M|319\/319
|switch|p2a: Tyranitar|Tyranitar, F|403\/403
|-ability|p1a: Landorus-Therian|Intimidate|[of] p2a: Tyranitar
|-unboost|p2a: Tyranitar|atk|1
|-weather|Sandstorm
|turn|1
|
|move|p1a: Landorus-Therian|U-turn|p2a: Tyranitar
|-supereffective|p2a: Tyranitar
|-damage|p2a: Tyranitar|285\/403
|
|switch|p1a: Scizor|Scizor, M|343\/343
|move|p2a: Tyranitar|Stealth Rock|p1a: Scizor
|-sidestart|p1: Adri989898|move: Stealth Rock
|
|-weather|Sandstorm|[upkeep]
|-heal|p2a: Tyranitar|310\/403|[from] item: Leftovers
|turn|2
|join|sprinterinuse
|
|switch|p2a: Scizor|Scizor, F|343\/343
|move|p1a: Scizor|U-turn|p2a: Scizor
|-resisted|p2a: Scizor
|-damage|p2a: Scizor|273\/343
|c| sprinterinuse|sup people
|leave|sprinterinuse
|
|switch|p1a: Zapdos|Zapdos|383\/383
|-damage|p1a: Zapdos|288\/383|[from] Stealth Rock
|-ability|p1a: Zapdos|Pressure
|
|-weather|Sandstorm|[upkeep]
|-damage|p1a: Zapdos|265\/383|[from] sandstorm
|-heal|p1a: Zapdos|288\/383|[from] item: Leftovers
|turn|3
|
|switch|p2a: Gliscor|Gliscor, F|353\/353
|move|p1a: Zapdos|Defog|p2a: Gliscor
|-unboost|p2a: Gliscor|evasion|1
|-sideend|p1: Adri989898|Stealth Rock|[from] move: Defog|[of] p1a: Zapdos
|
|-weather|Sandstorm|[upkeep]
|-damage|p1a: Zapdos|265\/383|[from] sandstorm
|-heal|p1a: Zapdos|288\/383|[from] item: Leftovers
|-status|p2a: Gliscor|tox|[from] item: Toxic Orb
|turn|4
|
|switch|p1a: Scizor|Scizor, M|343\/343
|move|p2a: Gliscor|Toxic|p1a: Scizor
|-fail|p1a: Scizor
|
|-weather|Sandstorm|[upkeep]
|turn|5
|
|move|p2a: Gliscor|Earthquake|p1a: Scizor
|-damage|p1a: Scizor|228\/343
|move|p1a: Scizor|U-turn|p2a: Gliscor
|-resisted|p2a: Gliscor
|-damage|p2a: Gliscor|276\/353 tox
|
|switch|p1a: Manaphy|Manaphy|341\/341
|
|-weather|none
|-heal|p2a: Gliscor|320\/353 tox|[from] ability: Poison Heal
|turn|6
|
|move|p1a: Manaphy|Tail Glow|p1a: Manaphy
|-boost|p1a: Manaphy|spa|3
|move|p2a: Gliscor|Taunt|p1a: Manaphy
|-start|p1a: Manaphy|move: Taunt
|
|-heal|p2a: Gliscor|353\/353 tox|[from] ability: Poison Heal
|turn|7
|
|switch|p2a: Breloom|Breloom, F|324\/324
|move|p1a: Manaphy|Ice Beam|p2a: Breloom
|-supereffective|p2a: Breloom
|-damage|p2a: Breloom|0 fnt
|faint|p2a: Breloom
|
|
|switch|p2a: Tornadus-Therian|Tornadus-Therian, M|332\/332
|turn|8
|
|move|p2a: Tornadus-Therian|Hurricane|p1a: Manaphy|[miss]
|-miss|p2a: Tornadus-Therian|p1a: Manaphy
|move|p1a: Manaphy|Ice Beam|p2a: Tornadus-Therian
|-crit|p2a: Tornadus-Therian
|-supereffective|p2a: Tornadus-Therian
|-damage|p2a: Tornadus-Therian|0 fnt
|faint|p2a: Tornadus-Therian
|
|
|switch|p2a: Slowbro|Slowbro, M|393\/393
|turn|9
|-message|MikeDawg forfeited.
|leave|MikeDawg
|
|win|Adri989898
|raw|Ladder updating...
|player|p2