|join|Lyrk
|join|Adri989898
|player|p1|Lyrk|1
|player|p2|Adri989898|99
|gametype|singles
|gen|6
|tier|OU
|clearpoke
|poke|p1|Politoed, M
|poke|p1|Kabutops, M
|poke|p1|Scizor, M
|poke|p1|Tornadus-Therian, M
|poke|p1|Kingdra, F
|poke|p1|Kyurem-Black
|poke|p2|Venusaur, M
|poke|p2|Keldeo
|poke|p2|Crobat, M
|poke|p2|Lanturn, F
|poke|p2|Entei, shiny
|poke|p2|Rotom-Mow
|rule|Swagger Clause: Swagger is banned
|rule|Baton Pass Clause: Limit one PokÃ©mon knowing Baton Pass
|rule|Sleep Clause Mod: Limit one foe put to sleep
|rule|Species Clause: Limit one of each PokÃ©mon
|rule|OHKO Clause: OHKO moves are banned
|rule|Moody Clause: Moody is banned
|rule|Evasion Moves Clause: Evasion moves are banned
|rule|Endless Battle Clause: Forcing endless battles is banned
|rule|HP Percentage Mod: HP is shown in percentages
|teampreview
|join|Iceblaze
|
|start
|switch|p1a: GrisFonc OU|Kyurem-Black|391\/391
|switch|p2a: Rotom-Mow|Rotom-Mow|304\/304
|-ability|p1a: GrisFonc OU|Teravolt
|turn|1
|
|switch|p1a: Gren PU|Politoed, M|384\/384
|-weather|RainDance
|switch|p2a: Keldeo|Keldeo|323\/323
|
|-weather|RainDance|[upkeep]
|turn|2
|
|move|p2a: Keldeo|Secret Sword|p1a: Gren PU
|-damage|p1a: Gren PU|207\/384
|move|p1a: Gren PU|Hypnosis|p2a: Keldeo|[miss]
|-miss|p1a: Gren PU|p2a: Keldeo
|
|-weather|RainDance|[upkeep]
|turn|3
|
|move|p2a: Keldeo|Secret Sword|p1a: Gren PU
|-damage|p1a: Gren PU|18\/384
|move|p1a: Gren PU|Hypnosis|p2a: Keldeo|[miss]
|-miss|p1a: Gren PU|p2a: Keldeo
|
|-weather|RainDance|[upkeep]
|turn|4
|c|âLyrk|Rooh
|c|âAdri989898|bon, Ã§a s'acharne:\/
|c| Iceblaze|hypnosis c'est 50 \/50
|
|switch|p1a: Nuage BL|Tornadus-Therian, M|332\/332
|move|p2a: Keldeo|Secret Sword|p1a: Nuage BL
|-resisted|p1a: Nuage BL
|-damage|p1a: Nuage BL|249\/332
|
|-weather|RainDance|[upkeep]
|turn|5
|c|âAdri989898|mais bon,aprÃ¨s tout le reste, c'est un peu lourd
|c|âLyrk|C'est 60\/40 normalement
|
|switch|p2a: Lanturn|Lanturn, F|454\/454
|switch|p1a: Hypo UU|Kingdra, F|291\/291
|
|-weather|RainDance|[upkeep]
|turn|6
|c| Iceblaze|c'est Ã  peu prÃ¨s pareil
|
|switch|p2a: Venusaur|Venusaur, M|363\/363
|move|p1a: Hypo UU|Draco Meteor|p2a: Venusaur
|-damage|p2a: Venusaur|182\/363
|-unboost|p1a: Hypo UU|spa|2
|-damage|p1a: Hypo UU|262\/291|[from] item: Life Orb
|
|-weather|RainDance|[upkeep]
|turn|7
|c| Iceblaze|ah il est pas specs c'est vrai
|
|switch|p1a: Nuage BL|Tornadus-Therian, M|332\/332
|detailschange|p2a: Venusaur|Venusaur-Mega, M
|-mega|p2a: Venusaur|Venusaur|Venusaurite
|move|p2a: Venusaur|Leech Seed|p1a: Nuage BL
|-start|p1a: Nuage BL|move: Leech Seed
|
|-weather|RainDance|[upkeep]
|-damage|p1a: Nuage BL|291\/332|[from] Leech Seed|[of] p2a: Venusaur
|-heal|p2a: Venusaur|223\/363|[silent]
|turn|8
|join|Exceltion
|
|move|p1a: Nuage BL|Hurricane|p2a: Venusaur
|-supereffective|p2a: Venusaur
|-damage|p2a: Venusaur|7\/363
|move|p2a: Venusaur|Sludge Bomb|p1a: Nuage BL
|-damage|p1a: Nuage BL|195\/332
|
|-weather|none
|-damage|p1a: Nuage BL|154\/332|[from] Leech Seed|[of] p2a: Venusaur
|-heal|p2a: Venusaur|48\/363|[silent]
|turn|9
|
|switch|p2a: Lanturn|Lanturn, F|454\/454
|move|p1a: Nuage BL|U-turn|p2a: Lanturn
|-damage|p2a: Lanturn|405\/454
|
|switch|p1a: GrisFonc OU|Kyurem-Black|391\/391
|-ability|p1a: GrisFonc OU|Teravolt
|
|-heal|p2a: Lanturn|433\/454|[from] item: Leftovers
|turn|10
|c| Iceblaze|t'es assez prÃ©visible adri
|
|move|p1a: GrisFonc OU|Fusion Bolt|p2a: Lanturn
|-damage|p2a: Lanturn|296\/454
|move|p2a: Lanturn|Toxic|p1a: GrisFonc OU
|-status|p1a: GrisFonc OU|tox
|
|-heal|p2a: Lanturn|324\/454|[from] item: Leftovers
|-damage|p1a: GrisFonc OU|367\/391 tox|[from] psn
|turn|11
|c|âAdri989898|pas faux, mais j'ai pas vraiment la team en main, je l'ai crÃ©Ã©e ce matin:\/
|
|switch|p1a: Hypo UU|Kingdra, F|262\/291
|move|p2a: Lanturn|Volt Switch|p1a: Hypo UU
|-damage|p1a: Hypo UU|189\/291
|
|switch|p2a: Rotom-Mow|Rotom-Mow|304\/304
|
|turn|12
|
|move|p1a: Hypo UU|Draco Meteor|p2a: Rotom-Mow
|-damage|p2a: Rotom-Mow|57\/304
|-unboost|p1a: Hypo UU|spa|2
|-damage|p1a: Hypo UU|160\/291|[from] item: Life Orb
|move|p2a: Rotom-Mow|Volt Switch|p1a: Hypo UU
|-damage|p1a: Hypo UU|66\/291
|
|switch|p2a: Keldeo|Keldeo|323\/323
|
|turn|13
|leave|Exceltion
|
|switch|p1a: Nuage BL|Tornadus-Therian, M|264\/332
|move|p2a: Keldeo|Hydro Pump|p1a: Nuage BL
|-damage|p1a: Nuage BL|126\/332
|
|turn|14
|join|Exceltion
|leave|Exceltion
|
|switch|p1a: GrisFonc OU|Kyurem-Black|367\/391 tox
|-ability|p1a: GrisFonc OU|Teravolt
|move|p2a: Keldeo|Hydro Pump|p1a: GrisFonc OU
|-crit|p1a: GrisFonc OU
|-resisted|p1a: GrisFonc OU
|-damage|p1a: GrisFonc OU|199\/391 tox
|
|-damage|p1a: GrisFonc OU|175\/391 tox|[from] psn
|turn|15
|c|âAdri989898|encore?
|
|switch|p2a: Lanturn|Lanturn, F|324\/454
|move|p1a: GrisFonc OU|Fusion Bolt|p2a: Lanturn
|-damage|p2a: Lanturn|179\/454
|
|-heal|p2a: Lanturn|207\/454|[from] item: Leftovers
|-damage|p1a: GrisFonc OU|127\/391 tox|[from] psn
|turn|16
|
|switch|p1a: Cisaille OU|Scizor, M|344\/344
|move|p2a: Lanturn|Volt Switch|p1a: Cisaille OU
|-damage|p1a: Cisaille OU|262\/344
|
|switch|p2a: Entei|Entei, shiny|371\/371
|-ability|p2a: Entei|Pressure
|
|turn|17
|
|switch|p2a: Rotom-Mow|Rotom-Mow|57\/304
|switch|p1a: Faux NU|Kabutops, M|261\/261
|
|-heal|p2a: Rotom-Mow|76\/304|[from] item: Leftovers
|turn|18
|c| Iceblaze|re
|
|switch|p1a: Gren PU|Politoed, M|18\/384
|-weather|RainDance
|move|p2a: Rotom-Mow|Volt Switch|p1a: Gren PU
|-supereffective|p1a: Gren PU
|-damage|p1a: Gren PU|0 fnt
|faint|p1a: Gren PU
|
|switch|p2a: Keldeo|Keldeo|323\/323
|
|-weather|RainDance|[upkeep]
|
|switch|p1a: Hypo UU|Kingdra, F|66\/291
|turn|19
|
|switch|p2a: Rotom-Mow|Rotom-Mow|76\/304
|move|p1a: Hypo UU|Draco Meteor|p2a: Rotom-Mow
|-damage|p2a: Rotom-Mow|0 fnt
|-unboost|p1a: Hypo UU|spa|2
|-damage|p1a: Hypo UU|37\/291|[from] item: Life Orb
|faint|p2a: Rotom-Mow
|
|-weather|RainDance|[upkeep]
|
|switch|p2a: Venusaur|Venusaur-Mega, M|48\/363
|turn|20
|
|move|p1a: Hypo UU|Draco Meteor|p2a: Venusaur
|-crit|p2a: Venusaur
|-damage|p2a: Venusaur|0 fnt
|-unboost|p1a: Hypo UU|spa|2
|-damage|p1a: Hypo UU|8\/291|[from] item: Life Orb
|faint|p2a: Venusaur
|
|-weather|RainDance|[upkeep]
|c| Iceblaze|crit
|
|switch|p2a: Lanturn|Lanturn, F|207\/454
|turn|21
|c| Iceblaze|useless
|
|switch|p1a: Cisaille OU|Scizor, M|262\/344
|move|p2a: Lanturn|Volt Switch|p1a: Cisaille OU
|-damage|p1a: Cisaille OU|180\/344
|
|switch|p2a: Entei|Entei, shiny|371\/371
|-ability|p2a: Entei|Pressure
|
|-weather|RainDance|[upkeep]
|turn|22
|c| Iceblaze|en fait vous jouez pas les rocs
|
|detailschange|p1a: Cisaille OU|Scizor-Mega, M
|-mega|p1a: Cisaille OU|Scizor|Scizorite
|move|p2a: Entei|Sacred Fire|p1a: Cisaille OU|[miss]
|-miss|p2a: Entei|p1a: Cisaille OU
|move|p1a: Cisaille OU|Knock Off|p2a: Entei
|-damage|p2a: Entei|198\/371
|-enditem|p2a: Entei|Choice Band|[from] move: Knock Off|[of] p1a: Cisaille OU
|
|-weather|RainDance|[upkeep]
|turn|23
|c|âLyrk|En effet
|c| Iceblaze|dat bulk
|
|switch|p1a: Faux NU|Kabutops, M|261\/261
|move|p2a: Entei|Sacred Fire|p1a: Faux NU
|-resisted|p1a: Faux NU
|-damage|p1a: Faux NU|243\/261
|-status|p1a: Faux NU|brn
|
|-weather|RainDance|[upkeep]
|-damage|p1a: Faux NU|211\/261 brn|[from] brn
|turn|24
|
|switch|p2a: Lanturn|Lanturn, F|207\/454
|move|p1a: Faux NU|Waterfall|p2a: Lanturn
|-resisted|p2a: Lanturn
|-damage|p2a: Lanturn|142\/454
|-damage|p1a: Faux NU|185\/261 brn|[from] item: Life Orb
|
|-weather|RainDance|[upkeep]
|-heal|p2a: Lanturn|170\/454|[from] item: Leftovers
|-damage|p1a: Faux NU|153\/261 brn|[from] brn
|turn|25
|
|move|p1a: Faux NU|Stone Edge|p2a: Lanturn
|-damage|p2a: Lanturn|60\/454
|-damage|p1a: Faux NU|127\/261 brn|[from] item: Life Orb
|move|p2a: Lanturn|Volt Switch|p1a: Faux NU
|-supereffective|p1a: Faux NU
|-damage|p1a: Faux NU|0 fnt
|faint|p1a: Faux NU
|
|switch|p2a: Crobat|Crobat, M|374\/374
|
|-weather|none
|
|switch|p1a: GrisFonc OU|Kyurem-Black|127\/391 tox
|-ability|p1a: GrisFonc OU|Teravolt
|turn|26
|
|switch|p2a: Lanturn|Lanturn, F|60\/454
|move|p1a: GrisFonc OU|Fusion Bolt|p2a: Lanturn
|-damage|p2a: Lanturn|0 fnt
|faint|p2a: Lanturn
|
|-damage|p1a: GrisFonc OU|103\/391 tox|[from] psn
|
|switch|p2a: Keldeo|Keldeo|323\/323
|turn|27
|
|switch|p1a: Cisaille OU|Scizor-Mega, M|180\/344
|move|p2a: Keldeo|Hydro Pump|p1a: Cisaille OU
|-damage|p1a: Cisaille OU|0 fnt
|faint|p1a: Cisaille OU
|
|
|switch|p1a: GrisFonc OU|Kyurem-Black|103\/391 tox
|-ability|p1a: GrisFonc OU|Teravolt
|turn|28
|
|move|p2a: Keldeo|Hydro Pump|p1a: GrisFonc OU
|-resisted|p1a: GrisFonc OU
|-damage|p1a: GrisFonc OU|0 fnt
|faint|p1a: GrisFonc OU
|
|c| Iceblaze|t'es mal lyr
|
|switch|p1a: Nuage BL|Tornadus-Therian, M|236\/332
|turn|29
|c|âAdri989898|sauf si je miss
|
|move|p2a: Keldeo|Hydro Pump|p1a: Nuage BL|[miss]
|-miss|p2a: Keldeo|p1a: Nuage BL
|move|p1a: Nuage BL|Hurricane|p2a: Keldeo|[miss]
|-miss|p1a: Nuage BL|p2a: Keldeo
|
|turn|30
|c|âAdri989898|^^
|c| Iceblaze|les deux
|c|âLyrk|Encore un tour inutile %)
|c| Iceblaze|oui
|
|move|p2a: Keldeo|Hydro Pump|p1a: Nuage BL|[miss]
|-miss|p2a: Keldeo|p1a: Nuage BL
|move|p1a: Nuage BL|Hurricane|p2a: Keldeo
|-supereffective|p2a: Keldeo
|-damage|p2a: Keldeo|0 fnt
|faint|p2a: Keldeo
|
|c|âAdri989898|encore un
|
|switch|p2a: Crobat|Crobat, M|374\/374
|turn|31
|c|âAdri989898|et bah non...
|
|move|p2a: Crobat|Brave Bird|p1a: Nuage BL
|-damage|p1a: Nuage BL|89\/332
|-damage|p2a: Crobat|325\/374|[from] recoil|[of] p1a: Nuage BL
|move|p1a: Nuage BL|Hurricane|p2a: Crobat
|-damage|p2a: Crobat|126\/374
|-start|p2a: Crobat|confusion
|
|-heal|p2a: Crobat|149\/374|[from] item: Black Sludge
|turn|32
|
|switch|p1a: Hypo UU|Kingdra, F|8\/291
|-activate|p2a: Crobat|confusion
|move|p2a: Crobat|Brave Bird|p1a: Hypo UU
|-damage|p1a: Hypo UU|0 fnt
|-damage|p2a: Crobat|146\/374|[from] recoil|[of] p1a: Hypo UU
|faint|p1a: Hypo UU
|
|-heal|p2a: Crobat|169\/374|[from] item: Black Sludge
|
|switch|p1a: Nuage BL|Tornadus-Therian, M|199\/332
|turn|33
|c| Iceblaze|defensive crobat
|c|âAdri989898|lÃ  c'est tendu
|
|-activate|p2a: Crobat|confusion
|-damage|p2a: Crobat|132\/374|[from] confusion
|move|p1a: Nuage BL|Hurricane|p2a: Crobat|[miss]
|-miss|p1a: Nuage BL|p2a: Crobat
|
|-heal|p2a: Crobat|155\/374|[from] item: Black Sludge
|turn|34
|c| Iceblaze|ce haxx
|c|âAdri989898|ce nombre de miss
|
|-end|p2a: Crobat|confusion
|move|p2a: Crobat|Brave Bird|p1a: Nuage BL
|-damage|p1a: Nuage BL|54\/332
|-damage|p2a: Crobat|107\/374|[from] recoil|[of] p1a: Nuage BL
|move|p1a: Nuage BL|Hurricane|p2a: Crobat
|-damage|p2a: Crobat|0 fnt
|faint|p2a: Crobat
|
|
|switch|p2a: Entei|Entei, shiny|198\/371
|-ability|p2a: Entei|Pressure
|turn|35
|
|move|p1a: Nuage BL|Hurricane|p2a: Entei|[miss]
|-miss|p1a: Nuage BL|p2a: Entei
|move|p2a: Entei|Sacred Fire|p1a: Nuage BL
|-damage|p1a: Nuage BL|0 fnt
|faint|p1a: Nuage BL
|
|win|Adri989898
|c| Iceblaze|dÃ©cidÃ©ment
|c|âLyrk|Toujours finir par un miss d'Hurricane o\/
|c| Iceblaze|2 fois tu loose sur un miss
|c|âAdri989898|alors lÃ ,autant de han, j'avais jamais eu
|c|âLyrk|(Par contre, je ne sais pas si je l'aurais eu sans le miss)
|c|âAdri989898|enfin si mais c'Ã©tait pour l'adversaire:\/
|c| Iceblaze|surtout que les deux match tu gagnais sans le miss
|c|âLyrk|gg quand mÃªme !
|c|âAdri989898|att,vais faire le calc
|c| Iceblaze|gg
|c|âAdri989898|oui,tu le butais de justesse
|c|âLyrk|(Le BorÃ©as est Ã  160 d'attaque spÃ©ciale pour indication)
|c| Iceblaze|c'est vraiment...
|c|âAdri989898|252+ Atk Choice Band Entei Stone Edge vs. 4 HP \/ 0 Def Tornadus-T: 396-466 (132 - 155.3%) -- guaranteed OHKO
|c|âAdri989898|(396, 400, 404, 410, 414, 418, 424, 428, 432, 438, 442, 446, 452, 456, 460, 466)
|c|âAdri989898|zut,pas le bon