|join|Patodragon.v2
|join|Adri989898
|player|p1|Patodragon.v2|101
|player|p2|Adri989898|99
|gametype|singles
|gen|6
|tier|OU
|rated
|clearpoke
|poke|p1|Lopunny, M
|poke|p1|Skarmory, M
|poke|p1|Breloom, F
|poke|p1|Azumarill, M
|poke|p1|Bisharp, M
|poke|p1|Gengar, M
|poke|p2|Metagross, shiny
|poke|p2|Zapdos
|poke|p2|Manaphy
|poke|p2|Heatran, M
|poke|p2|Ferrothorn, F
|poke|p2|Landorus-Therian, M
|rule|Swagger Clause: Swagger is banned
|rule|Baton Pass Clause: Limit one PokÃ©mon knowing Baton Pass
|rule|Sleep Clause Mod: Limit one foe put to sleep
|rule|Species Clause: Limit one of each PokÃ©mon
|rule|OHKO Clause: OHKO moves are banned
|rule|Moody Clause: Moody is banned
|rule|Evasion Moves Clause: Evasion moves are banned
|rule|Endless Battle Clause: Forcing endless battles is banned
|rule|HP Percentage Mod: HP is shown in percentages
|teampreview
|
|start
|switch|p1a: Skarmory|Skarmory, M|271\/271
|switch|p2a: Landorus-Therian|Landorus-Therian, M|320\/320
|-ability|p2a: Landorus-Therian|Intimidate|[of] p1a: Skarmory
|-unboost|p1a: Skarmory|atk|1
|turn|1
|
|move|p2a: Landorus-Therian|U-turn|p1a: Skarmory
|-resisted|p1a: Skarmory
|-damage|p1a: Skarmory|255\/271
|
|switch|p2a: Heatran|Heatran, M|386\/386
|move|p1a: Skarmory|Stealth Rock|p2a: Heatran
|-sidestart|p2: Adri989898|move: Stealth Rock
|
|turn|2
|
|move|p1a: Skarmory|Spikes|p2a: Heatran
|-sidestart|p2: Adri989898|Spikes
|move|p2a: Heatran|Lava Plume|p1a: Skarmory
|-supereffective|p1a: Skarmory
|-damage|p1a: Skarmory|0 fnt
|faint|p1a: Skarmory
|
|
|switch|p1a: Azumarill|Azumarill, M|358\/358
|turn|3
|
|switch|p2a: Ferrothorn|Ferrothorn, F|352\/352
|-damage|p2a: Ferrothorn|308\/352|[from] Spikes
|-damage|p2a: Ferrothorn|286\/352|[from] Stealth Rock
|move|p1a: Azumarill|Belly Drum|p1a: Azumarill
|-damage|p1a: Azumarill|179\/358
|-setboost|p1a: Azumarill|atk|6|[from] move: Belly Drum
|-enditem|p1a: Azumarill|Sitrus Berry|[eat]
|-heal|p1a: Azumarill|268\/358|[from] item: Sitrus Berry
|
|-heal|p2a: Ferrothorn|308\/352|[from] item: Leftovers
|turn|4
|
|move|p1a: Azumarill|Knock Off|p2a: Ferrothorn
|-damage|p2a: Ferrothorn|0 fnt
|-damage|p1a: Azumarill|224\/358|[from] ability: Iron Barbs|[of] p2a: Ferrothorn
|-enditem|p2a: Ferrothorn|Leftovers|[from] move: Knock Off|[of] p1a: Azumarill
|faint|p2a: Ferrothorn
|
|
|switch|p2a: Zapdos|Zapdos|384\/384
|-damage|p2a: Zapdos|288\/384|[from] Stealth Rock
|-ability|p2a: Zapdos|Pressure
|turn|5
|
|move|p1a: Azumarill|Aqua Jet|p2a: Zapdos
|-damage|p2a: Zapdos|14\/384
|move|p2a: Zapdos|Thunderbolt|p1a: Azumarill
|-supereffective|p1a: Azumarill
|-damage|p1a: Azumarill|0 fnt
|faint|p1a: Azumarill
|
|-heal|p2a: Zapdos|38\/384|[from] item: Leftovers
|
|switch|p1a: Gengar|Gengar, M|261\/261
|turn|6
|c|âPatodragon.v2|damn low roll
|
|move|p1a: Gengar|Shadow Ball|p2a: Zapdos
|-damage|p2a: Zapdos|0 fnt
|-damage|p1a: Gengar|235\/261|[from] item: Life Orb
|faint|p2a: Zapdos
|
|
|switch|p2a: Landorus-Therian|Landorus-Therian, M|320\/320
|-damage|p2a: Landorus-Therian|280\/320|[from] Stealth Rock
|-ability|p2a: Landorus-Therian|Intimidate|[of] p1a: Gengar
|-unboost|p1a: Gengar|atk|1
|turn|7
|
|switch|p1a: Bisharp|Bisharp, M|272\/272
|move|p2a: Landorus-Therian|U-turn|p1a: Bisharp
|-damage|p1a: Bisharp|182\/272
|
|switch|p2a: Heatran|Heatran, M|386\/386
|-damage|p2a: Heatran|338\/386|[from] Spikes
|-damage|p2a: Heatran|290\/386|[from] Stealth Rock
|
|-heal|p2a: Heatran|314\/386|[from] item: Leftovers
|turn|8
|
|move|p1a: Bisharp|Knock Off|p2a: Heatran
|-damage|p2a: Heatran|84\/386
|-enditem|p2a: Heatran|Leftovers|[from] move: Knock Off|[of] p1a: Bisharp
|-damage|p1a: Bisharp|155\/272|[from] item: Life Orb
|move|p2a: Heatran|Lava Plume|p1a: Bisharp
|-supereffective|p1a: Bisharp
|-damage|p1a: Bisharp|0 fnt
|faint|p1a: Bisharp
|
|
|switch|p1a: Breloom|Breloom, F|261\/261
|turn|9
|
|move|p1a: Breloom|Rock Tomb|p2a: Heatran
|-damage|p2a: Heatran|0 fnt
|faint|p2a: Heatran
|
|
|switch|p2a: Manaphy|Manaphy|341\/341
|-damage|p2a: Manaphy|299\/341|[from] Spikes
|-damage|p2a: Manaphy|257\/341|[from] Stealth Rock
|turn|10
|
|move|p2a: Manaphy|Ice Beam|p1a: Breloom
|-supereffective|p1a: Breloom
|-damage|p1a: Breloom|13\/261
|move|p1a: Breloom|Bullet Seed|p2a: Manaphy
|-supereffective|p2a: Manaphy
|-damage|p2a: Manaphy|123\/341
|-supereffective|p2a: Manaphy
|-damage|p2a: Manaphy|0 fnt
|-hitcount|p2a: Manaphy|2
|faint|p2a: Manaphy
|
|
|switch|p2a: Landorus-Therian|Landorus-Therian, M|280\/320
|-damage|p2a: Landorus-Therian|240\/320|[from] Stealth Rock
|-ability|p2a: Landorus-Therian|Intimidate|[of] p1a: Breloom
|-unboost|p1a: Breloom|atk|1
|turn|11
|
|switch|p1a: Gengar|Gengar, M|235\/261
|move|p2a: Landorus-Therian|Stone Edge|p1a: Gengar|[miss]
|-miss|p2a: Landorus-Therian|p1a: Gengar
|
|turn|12
|
|switch|p1a: Lopunny|Lopunny, M|271\/271
|move|p2a: Landorus-Therian|Stone Edge|p1a: Lopunny
|-damage|p1a: Lopunny|114\/271
|
|turn|13
|
|switch|p2a: Metagross|Metagross, shiny|302\/302
|-damage|p2a: Metagross|265\/302|[from] Spikes
|-damage|p2a: Metagross|247\/302|[from] Stealth Rock
|detailschange|p1a: Lopunny|Lopunny-Mega, M
|-mega|p1a: Lopunny|Lopunny|Lopunnite
|move|p1a: Lopunny|Return|p2a: Metagross
|-resisted|p2a: Metagross
|-damage|p2a: Metagross|177\/302
|
|turn|14
|
|detailschange|p2a: Metagross|Metagross-Mega, shiny
|-mega|p2a: Metagross|Metagross|Metagrossite
|move|p2a: Metagross|Bullet Punch|p1a: Lopunny
|-damage|p1a: Lopunny|15\/271
|move|p1a: Lopunny|High Jump Kick|p2a: Metagross
|-damage|p2a: Metagross|18\/302
|
|turn|15
|
|switch|p1a: Breloom|Breloom, F|13\/261
|move|p2a: Metagross|Bullet Punch|p1a: Breloom
|-damage|p1a: Breloom|0 fnt
|faint|p1a: Breloom
|
|
|switch|p1a: Lopunny|Lopunny-Mega, M|15\/271
|turn|16
|
|move|p1a: Lopunny|Fake Out|p2a: Metagross
|-resisted|p2a: Metagross
|-damage|p2a: Metagross|0 fnt
|faint|p2a: Metagross
|
|
|switch|p2a: Landorus-Therian|Landorus-Therian, M|240\/320
|-damage|p2a: Landorus-Therian|200\/320|[from] Stealth Rock
|-ability|p2a: Landorus-Therian|Intimidate|[of] p1a: Lopunny
|-unboost|p1a: Lopunny|atk|1
|turn|17
|
|move|p2a: Landorus-Therian|Knock Off|p1a: Lopunny
|-resisted|p1a: Lopunny
|-damage|p1a: Lopunny|0 fnt
|faint|p1a: Lopunny
|
|c|âPatodragon.v2|gg
|
|switch|p1a: Gengar|Gengar, M|235\/261
|turn|18
|c|âAdri989898|gg
|
|move|p2a: Landorus-Therian|Knock Off|p1a: Gengar
|-supereffective|p1a: Gengar
|-damage|p1a: Gengar|0 fnt
|-enditem|p1a: Gengar|Life Orb|[from] move: Knock Off|[of] p2a: Landorus-Therian
|faint|p1a: Gengar
|
|win|Adri989898
|raw|Ladder updating...
|raw|Patodragon.v2's rating: 1730 &rarr; <strong>1705<\/strong><br \/>(-25 for losing)
|raw|Adri989898's rating: 1644 &rarr; <strong>1669<\/strong><br \/>(+25 for winning)
|leave|Patodragon.v2