|join|Adri989898
|join|zed lepplin
|player|p1|Adri989898|99
|player|p2|zed lepplin|238
|gametype|singles
|gen|6
|tier|OU
|rated
|clearpoke
|poke|p1|Metagross, shiny
|poke|p1|Zapdos
|poke|p1|Manaphy
|poke|p1|Heatran, F
|poke|p1|Rotom-Wash
|poke|p1|Landorus-Therian, M
|poke|p2|Crawdaunt, M
|poke|p2|Slowbro, M
|poke|p2|Gliscor, F
|poke|p2|Latios, M
|poke|p2|Heatran, M
|poke|p2|Breloom, F
|rule|Swagger Clause: Swagger is banned
|rule|Baton Pass Clause: Limit one PokÃ©mon knowing Baton Pass
|rule|Sleep Clause Mod: Limit one foe put to sleep
|rule|Species Clause: Limit one of each PokÃ©mon
|rule|OHKO Clause: OHKO moves are banned
|rule|Moody Clause: Moody is banned
|rule|Evasion Moves Clause: Evasion moves are banned
|rule|Endless Battle Clause: Forcing endless battles is banned
|rule|HP Percentage Mod: HP is shown in percentages
|teampreview
|
|start
|switch|p1a: Landorus-Therian|Landorus-Therian, M|320\/320
|switch|p2a: Breloom|Breloom, F|262\/262
|-ability|p1a: Landorus-Therian|Intimidate|[of] p2a: Breloom
|-unboost|p2a: Breloom|atk|1
|turn|1
|
|move|p1a: Landorus-Therian|U-turn|p2a: Breloom
|-damage|p2a: Breloom|161\/262
|
|switch|p1a: Heatran|Heatran, F|386\/386
|move|p2a: Breloom|Spore|p1a: Heatran
|-status|p1a: Heatran|slp
|
|turn|2
|
|switch|p1a: Zapdos|Zapdos|384\/384
|-ability|p1a: Zapdos|Pressure
|move|p2a: Breloom|Swords Dance|p2a: Breloom
|-boost|p2a: Breloom|atk|2
|
|turn|3
|
|switch|p2a: Gliscor|Gliscor, F|354\/354
|move|p1a: Zapdos|Heat Wave|p2a: Gliscor
|-miss|p1a: Zapdos|p2a: Gliscor
|
|-status|p2a: Gliscor|tox|[from] item: Toxic Orb
|turn|4
|
|switch|p1a: Metagross|Metagross, shiny|302\/302
|move|p2a: Gliscor|Knock Off|p1a: Metagross
|-supereffective|p1a: Metagross
|-damage|p1a: Metagross|230\/302
|
|turn|5
|
|switch|p2a: Slowbro|Slowbro, M|393\/393
|detailschange|p1a: Metagross|Metagross-Mega, shiny
|-mega|p1a: Metagross|Metagross|Metagrossite
|move|p1a: Metagross|Ice Punch|p2a: Slowbro
|-resisted|p2a: Slowbro
|-damage|p2a: Slowbro|336\/393
|
|turn|6
|
|switch|p1a: Rotom-Wash|Rotom-Wash|304\/304
|detailschange|p2a: Slowbro|Slowbro-Mega, M
|-mega|p2a: Slowbro|Slowbro|Slowbronite
|move|p2a: Slowbro|Scald|p1a: Rotom-Wash
|-resisted|p1a: Rotom-Wash
|-damage|p1a: Rotom-Wash|237\/304
|
|-heal|p1a: Rotom-Wash|256\/304|[from] item: Leftovers
|turn|7
|
|switch|p2a: Latios|Latios, M|302\/302
|move|p1a: Rotom-Wash|Volt Switch|p2a: Latios
|-resisted|p2a: Latios
|-damage|p2a: Latios|263\/302
|
|switch|p1a: Landorus-Therian|Landorus-Therian, M|320\/320
|-ability|p1a: Landorus-Therian|Intimidate|[of] p2a: Latios
|-unboost|p2a: Latios|atk|1
|
|turn|8
|
|switch|p2a: Gliscor|Gliscor, F|354\/354 tox
|move|p1a: Landorus-Therian|U-turn|p2a: Gliscor
|-resisted|p2a: Gliscor
|-damage|p2a: Gliscor|323\/354 tox
|
|switch|p1a: Manaphy|Manaphy|341\/341
|
|-heal|p2a: Gliscor|354\/354 tox|[from] ability: Poison Heal
|turn|9
|
|switch|p2a: Slowbro|Slowbro-Mega, M|336\/393
|move|p1a: Manaphy|Ice Beam|p2a: Slowbro
|-resisted|p2a: Slowbro
|-damage|p2a: Slowbro|281\/393
|
|turn|10
|
|switch|p1a: Rotom-Wash|Rotom-Wash|256\/304
|move|p2a: Slowbro|Psyshock|p1a: Rotom-Wash
|-damage|p1a: Rotom-Wash|145\/304
|
|-heal|p1a: Rotom-Wash|164\/304|[from] item: Leftovers
|turn|11
|
|switch|p2a: Gliscor|Gliscor, F|354\/354 tox
|move|p1a: Rotom-Wash|Volt Switch|p2a: Gliscor
|-immune|p2a: Gliscor|[msg]
|
|-heal|p1a: Rotom-Wash|183\/304|[from] item: Leftovers
|turn|12
|
|switch|p2a: Latios|Latios, M|263\/302
|move|p1a: Rotom-Wash|Volt Switch|p2a: Latios
|-resisted|p2a: Latios
|-damage|p2a: Latios|222\/302
|
|switch|p1a: Metagross|Metagross-Mega, shiny|230\/302
|
|turn|13
|
|switch|p2a: Slowbro|Slowbro-Mega, M|281\/393
|switch|p1a: Manaphy|Manaphy|341\/341
|
|turn|14
|
|move|p1a: Manaphy|Tail Glow|p1a: Manaphy
|-boost|p1a: Manaphy|spa|3
|move|p2a: Slowbro|Psyshock|p1a: Manaphy
|-damage|p1a: Manaphy|182\/341
|
|-heal|p1a: Manaphy|203\/341|[from] item: Leftovers
|turn|15
|
|move|p1a: Manaphy|Energy Ball|p2a: Slowbro
|-supereffective|p2a: Slowbro
|-damage|p2a: Slowbro|0 fnt
|faint|p2a: Slowbro
|
|-heal|p1a: Manaphy|224\/341|[from] item: Leftovers
|
|switch|p2a: Latios|Latios, M|222\/302
|turn|16
|
|switch|p1a: Heatran|Heatran, F|386\/386 slp
|move|p2a: Latios|Draco Meteor|p1a: Heatran
|-resisted|p1a: Heatran
|-damage|p1a: Heatran|277\/386 slp
|-unboost|p2a: Latios|spa|2
|-damage|p2a: Latios|192\/302|[from] item: Life Orb
|
|-heal|p1a: Heatran|301\/386 slp|[from] item: Leftovers
|turn|17
|
|switch|p2a: Heatran|Heatran, M|386\/386
|switch|p1a: Landorus-Therian|Landorus-Therian, M|320\/320
|-ability|p1a: Landorus-Therian|Intimidate|[of] p2a: Heatran
|-unboost|p2a: Heatran|atk|1
|
|turn|18
|
|move|p1a: Landorus-Therian|U-turn|p2a: Heatran
|-resisted|p2a: Heatran
|-damage|p2a: Heatran|363\/386
|
|switch|p1a: Rotom-Wash|Rotom-Wash|183\/304
|move|p2a: Heatran|Stealth Rock|p1a: Rotom-Wash
|-sidestart|p1: Adri989898|move: Stealth Rock
|
|-heal|p1a: Rotom-Wash|202\/304|[from] item: Leftovers
|-heal|p2a: Heatran|386\/386|[from] item: Leftovers
|turn|19
|leave|zed lepplin
|player|p2
|-message|zedlepplin lost due to inactivity.
|
|win|Adri989898
|raw|Ladder updating...
|raw|Adri989898's rating: 1643 &rarr; <strong>1657<\/strong><br \/>(+14 for winning)
|raw|zed lepplin's rating: 1519 &rarr; <strong>1506<\/strong><br \/>(-13 for losing)