|join|angel0mike
|join|Adri989898
|player|p1|angel0mike|144
|player|p2|Adri989898|99
|gametype|singles
|gen|6
|tier|OU
|rated
|clearpoke
|poke|p1|Charizard, M
|poke|p1|Tyranitar, F
|poke|p1|Slowbro, M
|poke|p1|Latios, M
|poke|p1|Ferrothorn, F
|poke|p1|Landorus, M
|poke|p2|Metagross, shiny
|poke|p2|Zapdos
|poke|p2|Manaphy
|poke|p2|Heatran, M
|poke|p2|Ferrothorn, M
|poke|p2|Landorus-Therian, M
|rule|Swagger Clause: Swagger is banned
|rule|Baton Pass Clause: Limit one PokÃ©mon knowing Baton Pass
|rule|Sleep Clause Mod: Limit one foe put to sleep
|rule|Species Clause: Limit one of each PokÃ©mon
|rule|OHKO Clause: OHKO moves are banned
|rule|Moody Clause: Moody is banned
|rule|Evasion Moves Clause: Evasion moves are banned
|rule|Endless Battle Clause: Forcing endless battles is banned
|rule|HP Percentage Mod: HP is shown in percentages
|teampreview
|
|start
|switch|p1a: Charizard|Charizard, M|333\/333
|switch|p2a: Zapdos|Zapdos|384\/384
|-ability|p2a: Zapdos|Pressure
|turn|1
|
|switch|p1a: Tyranitar|Tyranitar, F|341\/341
|-weather|Sandstorm
|switch|p2a: Landorus-Therian|Landorus-Therian, M|320\/320
|-ability|p2a: Landorus-Therian|Intimidate|[of] p1a: Tyranitar
|-unboost|p1a: Tyranitar|atk|1
|
|-weather|Sandstorm|[upkeep]
|turn|2
|
|switch|p1a: Ferrothorn|Ferrothorn, F|349\/349
|move|p2a: Landorus-Therian|U-turn|p1a: Ferrothorn
|-damage|p1a: Ferrothorn|287\/349
|-damage|p2a: Landorus-Therian|280\/320|[from] ability: Iron Barbs|[of] p1a: Ferrothorn
|
|switch|p2a: Heatran|Heatran, M|386\/386
|
|-weather|Sandstorm|[upkeep]
|-heal|p1a: Ferrothorn|308\/349|[from] item: Leftovers
|turn|3
|
|switch|p1a: Landorus|Landorus, M|319\/319
|move|p2a: Heatran|Lava Plume|p1a: Landorus
|-damage|p1a: Landorus|183\/319
|
|-weather|Sandstorm|[upkeep]
|turn|4
|
|switch|p2a: Landorus-Therian|Landorus-Therian, M|280\/320
|-ability|p2a: Landorus-Therian|Intimidate|[of] p1a: Landorus
|-unboost|p1a: Landorus|atk|1
|move|p1a: Landorus|Psychic|p2a: Landorus-Therian
|-damage|p2a: Landorus-Therian|64\/320
|
|-weather|Sandstorm|[upkeep]
|turn|5
|
|switch|p2a: Heatran|Heatran, M|386\/386
|switch|p1a: Ferrothorn|Ferrothorn, F|308\/349
|
|-weather|none
|-heal|p1a: Ferrothorn|329\/349|[from] item: Leftovers
|turn|6
|
|switch|p1a: Charizard|Charizard, M|333\/333
|move|p2a: Heatran|Toxic|p1a: Charizard|[miss]
|-miss|p2a: Heatran|p1a: Charizard
|
|turn|7
|
|detailschange|p1a: Charizard|Charizard-Mega-Y, M
|-mega|p1a: Charizard|Charizard|Charizardite Y
|-weather|SunnyDay
|move|p1a: Charizard|Earthquake|p2a: Heatran
|-supereffective|p2a: Heatran
|-damage|p2a: Heatran|106\/386
|move|p2a: Heatran|Toxic|p1a: Charizard
|-status|p1a: Charizard|tox
|
|-weather|SunnyDay|[upkeep]
|-heal|p2a: Heatran|130\/386|[from] item: Leftovers
|-damage|p1a: Charizard|313\/333 tox|[from] psn
|turn|8
|
|switch|p1a: Landorus|Landorus, M|183\/319
|move|p2a: Heatran|Lava Plume|p1a: Landorus
|-damage|p1a: Landorus|0 fnt
|faint|p1a: Landorus
|
|-weather|SunnyDay|[upkeep]
|-heal|p2a: Heatran|154\/386|[from] item: Leftovers
|c|âangel0mike|._.
|c|âangel0mike|why u stay in
|
|switch|p1a: Charizard|Charizard-Mega-Y, M|313\/333 tox
|turn|9
|c|âAdri989898|cause i known u were going to switch
|c|âAdri989898|^^
|c|âangel0mike|k
|
|switch|p2a: Landorus-Therian|Landorus-Therian, M|64\/320
|-ability|p2a: Landorus-Therian|Intimidate|[of] p1a: Charizard
|-unboost|p1a: Charizard|atk|1
|move|p1a: Charizard|Fire Blast|p2a: Landorus-Therian|[miss]
|-miss|p1a: Charizard|p2a: Landorus-Therian
|
|-weather|SunnyDay|[upkeep]
|-damage|p1a: Charizard|293\/333 tox|[from] psn
|turn|10
|join|Yellow day
|c|âangel0mike|and ofc
|c|âangel0mike|i get haxed
|join|jerry85
|c|âangel0mike|:]
|c| Yellow day|wapo
|c|âangel0mike|eeeee areh
|c|âangel0mike|hola
|c|âAdri989898|i also got haxxed
|c|âangel0mike|when
|c|âAdri989898|with toxic
|c|âangel0mike|u did it anywya
|
|move|p2a: Landorus-Therian|Stone Edge|p1a: Charizard
|-supereffective|p1a: Charizard
|-damage|p1a: Charizard|0 fnt
|faint|p1a: Charizard
|
|-weather|SunnyDay|[upkeep]
|
|switch|p1a: Tyranitar|Tyranitar, F|341\/341
|-weather|Sandstorm
|turn|11
|c|âAdri989898|yes but I lost a lot of hp
|c|âangel0mike|gg
|
|move|p1a: Tyranitar|Pursuit|p2a: Landorus-Therian|[from]Pursuit
|-damage|p2a: Landorus-Therian|0 fnt
|faint|p2a: Landorus-Therian
|
|-weather|Sandstorm|[upkeep]
|c| Yellow day|scarftar?
|c|âangel0mike|band
|c| Yellow day|:0000
|
|switch|p2a: Metagross|Metagross, shiny|302\/302
|turn|12
|
|switch|p1a: Slowbro|Slowbro, M|389\/389
|detailschange|p2a: Metagross|Metagross-Mega, shiny
|-mega|p2a: Metagross|Metagross|Metagrossite
|move|p2a: Metagross|Meteor Mash|p1a: Slowbro
|-resisted|p1a: Slowbro
|-damage|p1a: Slowbro|315\/389
|
|-weather|Sandstorm|[upkeep]
|-damage|p1a: Slowbro|291\/389|[from] sandstorm
|-heal|p1a: Slowbro|315\/389|[from] item: Leftovers
|turn|13
|c|âangel0mike|reveal it
|c|âangel0mike|come on
|c|âangel0mike|grass knot me
|c|âangel0mike|i know
|c|âangel0mike|u have it
|
|switch|p2a: Ferrothorn|Ferrothorn, M|352\/352
|move|p1a: Slowbro|Scald|p2a: Ferrothorn
|-resisted|p2a: Ferrothorn
|-damage|p2a: Ferrothorn|314\/352
|-status|p2a: Ferrothorn|brn
|
|-weather|Sandstorm|[upkeep]
|-damage|p1a: Slowbro|291\/389|[from] sandstorm
|-heal|p1a: Slowbro|315\/389|[from] item: Leftovers
|-heal|p2a: Ferrothorn|336\/352 brn|[from] item: Leftovers
|-damage|p2a: Ferrothorn|292\/352 brn|[from] brn
|turn|14
|c|âangel0mike|kais
|
|switch|p1a: Ferrothorn|Ferrothorn, F|329\/349
|switch|p2a: Heatran|Heatran, M|154\/386
|
|-weather|Sandstorm|[upkeep]
|-heal|p2a: Heatran|178\/386|[from] item: Leftovers
|-heal|p1a: Ferrothorn|349\/349|[from] item: Leftovers
|turn|15
|
|switch|p1a: Tyranitar|Tyranitar, F|341\/341
|move|p2a: Heatran|Lava Plume|p1a: Tyranitar
|-resisted|p1a: Tyranitar
|-damage|p1a: Tyranitar|305\/341
|
|-weather|none
|-heal|p2a: Heatran|202\/386|[from] item: Leftovers
|turn|16
|
|move|p1a: Tyranitar|Superpower|p2a: Heatran
|-supereffective|p2a: Heatran
|-damage|p2a: Heatran|0 fnt
|-unboost|p1a: Tyranitar|atk|1
|-unboost|p1a: Tyranitar|def|1
|faint|p2a: Heatran
|
|
|switch|p2a: Manaphy|Manaphy|341\/341
|turn|17
|
|switch|p1a: Ferrothorn|Ferrothorn, F|349\/349
|move|p2a: Manaphy|Tail Glow|p2a: Manaphy
|-boost|p2a: Manaphy|spa|3
|
|turn|18
|
|move|p2a: Manaphy|Ice Beam|p1a: Ferrothorn
|-damage|p1a: Ferrothorn|198\/349
|move|p1a: Ferrothorn|Leech Seed|p2a: Manaphy
|-start|p2a: Manaphy|move: Leech Seed
|
|-heal|p1a: Ferrothorn|219\/349|[from] item: Leftovers
|-damage|p2a: Manaphy|299\/341|[from] Leech Seed|[of] p1a: Ferrothorn
|-heal|p1a: Ferrothorn|261\/349|[silent]
|turn|19
|
|switch|p2a: Zapdos|Zapdos|384\/384
|-ability|p2a: Zapdos|Pressure
|move|p1a: Ferrothorn|Stealth Rock|p2a: Zapdos
|-sidestart|p2: Adri989898|move: Stealth Rock
|
|-heal|p1a: Ferrothorn|282\/349|[from] item: Leftovers
|turn|20
|
|move|p1a: Ferrothorn|Protect|p1a: Ferrothorn
|-singleturn|p1a: Ferrothorn|Protect
|move|p2a: Zapdos|Defog|p1a: Ferrothorn
|-activate|p1a: Ferrothorn|Protect
|
|-heal|p1a: Ferrothorn|303\/349|[from] item: Leftovers
|turn|21
|
|switch|p2a: Ferrothorn|Ferrothorn, M|292\/352 brn
|-damage|p2a: Ferrothorn|270\/352 brn|[from] Stealth Rock
|switch|p1a: Tyranitar|Tyranitar, F|305\/341
|-weather|Sandstorm
|
|-weather|Sandstorm|[upkeep]
|-heal|p2a: Ferrothorn|292\/352 brn|[from] item: Leftovers
|-damage|p2a: Ferrothorn|248\/352 brn|[from] brn
|turn|22
|
|move|p1a: Tyranitar|Superpower|p2a: Ferrothorn
|-supereffective|p2a: Ferrothorn
|-damage|p2a: Ferrothorn|56\/352 brn
|-damage|p1a: Tyranitar|263\/341|[from] ability: Iron Barbs|[of] p2a: Ferrothorn
|-unboost|p1a: Tyranitar|atk|1
|-unboost|p1a: Tyranitar|def|1
|move|p2a: Ferrothorn|Stealth Rock|p1a: Tyranitar
|-sidestart|p1: angel0mike|move: Stealth Rock
|
|-weather|Sandstorm|[upkeep]
|-heal|p2a: Ferrothorn|78\/352 brn|[from] item: Leftovers
|-damage|p2a: Ferrothorn|34\/352 brn|[from] brn
|turn|23
|c|âangel0mike|como me olia
|c|âangel0mike|que chokearia
|
|switch|p1a: Ferrothorn|Ferrothorn, F|303\/349
|-damage|p1a: Ferrothorn|282\/349|[from] Stealth Rock
|switch|p2a: Zapdos|Zapdos|384\/384
|-damage|p2a: Zapdos|288\/384|[from] Stealth Rock
|-ability|p2a: Zapdos|Pressure
|
|-weather|Sandstorm|[upkeep]
|-damage|p2a: Zapdos|264\/384|[from] sandstorm
|-heal|p2a: Zapdos|288\/384|[from] item: Leftovers
|-heal|p1a: Ferrothorn|303\/349|[from] item: Leftovers
|turn|24
|
|move|p2a: Zapdos|Heat Wave|p1a: Ferrothorn
|-supereffective|p1a: Ferrothorn
|-damage|p1a: Ferrothorn|63\/349
|move|p1a: Ferrothorn|Leech Seed|p2a: Zapdos
|-start|p2a: Zapdos|move: Leech Seed
|
|-weather|Sandstorm|[upkeep]
|-damage|p2a: Zapdos|264\/384|[from] sandstorm
|-heal|p2a: Zapdos|288\/384|[from] item: Leftovers
|-heal|p1a: Ferrothorn|84\/349|[from] item: Leftovers
|-damage|p2a: Zapdos|240\/384|[from] Leech Seed|[of] p1a: Ferrothorn
|-heal|p1a: Ferrothorn|132\/349|[silent]
|turn|25
|
|switch|p2a: Metagross|Metagross-Mega, shiny|302\/302
|-damage|p2a: Metagross|284\/302|[from] Stealth Rock
|move|p1a: Ferrothorn|Protect|p1a: Ferrothorn
|-fail|p1a: Ferrothorn
|
|-weather|none
|-heal|p1a: Ferrothorn|153\/349|[from] item: Leftovers
|turn|26
|c|âangel0mike|ojala tuviera crunch
|c|âangel0mike|con tyra
|c| Yellow day|no lo llevas?
|c|âangel0mike|nope
|
|switch|p2a: Manaphy|Manaphy|299\/341
|-damage|p2a: Manaphy|257\/341|[from] Stealth Rock
|move|p1a: Ferrothorn|Protect|p1a: Ferrothorn
|-fail|p1a: Ferrothorn
|
|-heal|p2a: Manaphy|278\/341|[from] item: Leftovers
|-heal|p1a: Ferrothorn|174\/349|[from] item: Leftovers
|turn|27
|c| Yellow day|loliso
|c|âangel0mike|es que no es lo que te he dicho
|c|âangel0mike|me entiendes
|c|âangel0mike|es..
|c|âangel0mike|ya sabes
|c|âangel0mike|paÃ±uelo
|
|switch|p2a: Ferrothorn|Ferrothorn, M|34\/352 brn
|-damage|p2a: Ferrothorn|12\/352 brn|[from] Stealth Rock
|move|p1a: Ferrothorn|Leech Seed|p2a: Ferrothorn
|-immune|p2a: Ferrothorn|[msg]
|
|-heal|p1a: Ferrothorn|195\/349|[from] item: Leftovers
|-heal|p2a: Ferrothorn|34\/352 brn|[from] item: Leftovers
|-damage|p2a: Ferrothorn|0 fnt|[from] brn
|faint|p2a: Ferrothorn
|c| Yellow day|no estaba atento xd
|
|switch|p2a: Metagross|Metagross-Mega, shiny|284\/302
|-damage|p2a: Metagross|266\/302|[from] Stealth Rock
|turn|28
|
|move|p1a: Ferrothorn|Protect|p1a: Ferrothorn
|-singleturn|p1a: Ferrothorn|Protect
|move|p2a: Metagross|Hammer Arm|p1a: Ferrothorn
|-activate|p1a: Ferrothorn|Protect
|
|-heal|p1a: Ferrothorn|216\/349|[from] item: Leftovers
|turn|29
|c| Yellow day|estoy leyendo un libro sidoso :(((
|c|âangel0mike|:(
|
|switch|p2a: Manaphy|Manaphy|278\/341
|-damage|p2a: Manaphy|236\/341|[from] Stealth Rock
|switch|p1a: Slowbro|Slowbro, M|389\/389
|-damage|p1a: Slowbro|341\/389|[from] Stealth Rock
|
|-heal|p2a: Manaphy|257\/341|[from] item: Leftovers
|-heal|p1a: Slowbro|365\/389|[from] item: Leftovers
|turn|30
|
|move|p2a: Manaphy|Tail Glow|p2a: Manaphy
|-boost|p2a: Manaphy|spa|3
|move|p1a: Slowbro|Thunder Wave|p2a: Manaphy
|-status|p2a: Manaphy|par
|
|-heal|p1a: Slowbro|389\/389|[from] item: Leftovers
|-heal|p2a: Manaphy|278\/341 par|[from] item: Leftovers
|turn|31
|
|move|p1a: Slowbro|Grass Knot|p2a: Manaphy
|-supereffective|p2a: Manaphy
|-damage|p2a: Manaphy|244\/341 par
|move|p2a: Manaphy|Energy Ball|p1a: Slowbro
|-supereffective|p1a: Slowbro
|-damage|p1a: Slowbro|0 fnt
|faint|p1a: Slowbro
|
|-heal|p2a: Manaphy|265\/341 par|[from] item: Leftovers
|c|âangel0mike|shit shit shit
|
|switch|p1a: Latios|Latios, M|301\/301
|-damage|p1a: Latios|264\/301|[from] Stealth Rock
|turn|32
|
|move|p1a: Latios|Draco Meteor|p2a: Manaphy
|-damage|p2a: Manaphy|0 fnt
|-unboost|p1a: Latios|spa|2
|-damage|p1a: Latios|234\/301|[from] item: Life Orb
|faint|p2a: Manaphy
|
|c|âangel0mike|xq lleva energy
|
|switch|p2a: Metagross|Metagross-Mega, shiny|266\/302
|-damage|p2a: Metagross|248\/302|[from] Stealth Rock
|turn|33
|c|âangel0mike|zi ezo noseve
|c| Yellow day|como que no xd
|
|move|p2a: Metagross|Hammer Arm|p1a: Latios
|-resisted|p1a: Latios
|-damage|p1a: Latios|132\/301
|-unboost|p2a: Metagross|spe|1
|move|p1a: Latios|Draco Meteor|p2a: Metagross
|-resisted|p2a: Metagross
|-damage|p2a: Metagross|178\/302
|-unboost|p1a: Latios|spa|2
|-damage|p1a: Latios|102\/301|[from] item: Life Orb
|
|turn|34
|c|âangel0mike|ice scald tail rain dance
|c| Yellow day|energy ball y psychic son los que mÃ¡s se ven
|c| Yellow day|y son los mejores
|
|move|p1a: Latios|Draco Meteor|p2a: Metagross
|-resisted|p2a: Metagross
|-damage|p2a: Metagross|134\/302
|-unboost|p1a: Latios|spa|2
|-damage|p1a: Latios|72\/301|[from] item: Life Orb
|move|p2a: Metagross|Hammer Arm|p1a: Latios
|-resisted|p1a: Latios
|-damage|p1a: Latios|0 fnt
|-unboost|p2a: Metagross|spe|1
|faint|p1a: Latios
|
|c|âangel0mike|lo que mas cobertura
|c|âangel0mike|es lo otro
|
|switch|p1a: Tyranitar|Tyranitar, F|263\/341
|-damage|p1a: Tyranitar|221\/341|[from] Stealth Rock
|-weather|Sandstorm
|turn|35
|c| Yellow day|energy ball te da una cobertura genial xd
|c|âangel0mike|psychic mejor
|
|move|p2a: Metagross|Bullet Punch|p1a: Tyranitar
|-supereffective|p1a: Tyranitar
|-damage|p1a: Tyranitar|35\/341
|move|p1a: Tyranitar|Pursuit|p2a: Metagross
|-crit|p2a: Metagross
|-supereffective|p2a: Metagross
|-damage|p2a: Metagross|0 fnt
|faint|p2a: Metagross
|
|-weather|Sandstorm|[upkeep]
|c| Yellow day|ice beam es tonterÃ­a
|
|switch|p2a: Zapdos|Zapdos|240\/384
|-damage|p2a: Zapdos|144\/384|[from] Stealth Rock
|-ability|p2a: Zapdos|Pressure
|turn|36
|c|âangel0mike|en verdad si
|c|âangel0mike|yo nunca lo llevo con eso
|
|move|p1a: Tyranitar|Pursuit|p2a: Zapdos
|-damage|p2a: Zapdos|80\/384
|move|p2a: Zapdos|Thunderbolt|p1a: Tyranitar
|-damage|p1a: Tyranitar|0 fnt
|faint|p1a: Tyranitar
|
|-weather|Sandstorm|[upkeep]
|-damage|p2a: Zapdos|56\/384|[from] sandstorm
|-heal|p2a: Zapdos|80\/384|[from] item: Leftovers
|
|switch|p1a: Ferrothorn|Ferrothorn, F|216\/349
|-damage|p1a: Ferrothorn|195\/349|[from] Stealth Rock
|turn|37
|c|âangel0mike|ke sad
|c|âAdri989898|gg
|c|âangel0mike|gg
|
|move|p2a: Zapdos|Roost|p2a: Zapdos
|-heal|p2a: Zapdos|272\/384
|move|p1a: Ferrothorn|Leech Seed|p2a: Zapdos
|-start|p2a: Zapdos|move: Leech Seed
|
|-weather|Sandstorm|[upkeep]
|-damage|p2a: Zapdos|248\/384|[from] sandstorm
|-heal|p2a: Zapdos|272\/384|[from] item: Leftovers
|-heal|p1a: Ferrothorn|216\/349|[from] item: Leftovers
|-damage|p2a: Zapdos|224\/384|[from] Leech Seed|[of] p1a: Ferrothorn
|-heal|p1a: Ferrothorn|264\/349|[silent]
|turn|38
|c|âangel0mike|i guess
|
|move|p2a: Zapdos|Roost|p2a: Zapdos
|-heal|p2a: Zapdos|384\/384
|move|p1a: Ferrothorn|Gyro Ball|p2a: Zapdos
|-resisted|p2a: Zapdos
|-damage|p2a: Zapdos|333\/384
|
|-weather|Sandstorm|[upkeep]
|-damage|p2a: Zapdos|309\/384|[from] sandstorm
|-heal|p2a: Zapdos|333\/384|[from] item: Leftovers
|-heal|p1a: Ferrothorn|285\/349|[from] item: Leftovers
|-damage|p2a: Zapdos|285\/384|[from] Leech Seed|[of] p1a: Ferrothorn
|-heal|p1a: Ferrothorn|333\/349|[silent]
|turn|39
|c| Yellow day|reveal no heat wave
|c|âangel0mike|lo lleva
|c| Yellow day|sadx
|
|move|p1a: Ferrothorn|Protect|p1a: Ferrothorn
|-singleturn|p1a: Ferrothorn|Protect
|move|p2a: Zapdos|Heat Wave|p1a: Ferrothorn
|-activate|p1a: Ferrothorn|Protect
|
|-weather|none
|-heal|p2a: Zapdos|309\/384|[from] item: Leftovers
|-heal|p1a: Ferrothorn|349\/349|[from] item: Leftovers
|-damage|p2a: Zapdos|261\/384|[from] Leech Seed|[of] p1a: Ferrothorn
|turn|40
|c|âangel0mike|crit
|c|âangel0mike|obv
|c|âangel0mike|bp en meta
|
|move|p2a: Zapdos|Heat Wave|p1a: Ferrothorn
|-crit|p1a: Ferrothorn
|-supereffective|p1a: Ferrothorn
|-damage|p1a: Ferrothorn|1\/349
|move|p1a: Ferrothorn|Gyro Ball|p2a: Zapdos
|-resisted|p2a: Zapdos
|-damage|p2a: Zapdos|212\/384
|
|-heal|p2a: Zapdos|236\/384|[from] item: Leftovers
|-heal|p1a: Ferrothorn|22\/349|[from] item: Leftovers
|-damage|p2a: Zapdos|188\/384|[from] Leech Seed|[of] p1a: Ferrothorn
|-heal|p1a: Ferrothorn|70\/349|[silent]
|turn|41
|c|âangel0mike|eso si es mierda
|c| Yellow day|xddddddddddd
|c| Yellow day|ahel haces predis de alta lader
|c|âAdri989898|didn't matter
|
|move|p2a: Zapdos|Heat Wave|p1a: Ferrothorn
|-supereffective|p1a: Ferrothorn
|-damage|p1a: Ferrothorn|0 fnt
|faint|p1a: Ferrothorn
|
|win|Adri989898
|raw|Ladder updating...
|c|âangel0mike|i knw
|c|âAdri989898|anyway
|raw|angel0mike's rating: 1601 &rarr; <strong>1585<\/strong><br \/>(-16 for losing)
|raw|Adri989898's rating: 1671 &rarr; <strong>1687<\/strong><br \/>(+16 for winning)
|c| Yellow day|ik breh
|leave|angel0mike
|player|p1
|leave|Yellow day