|join|Adri989898
|join|10th Squad Toshiro
|player|p1|Adri989898|99
|player|p2|10th Squad Toshiro|92
|gametype|singles
|gen|6
|tier|OU
|rated
|clearpoke
|poke|p1|Metagross, shiny
|poke|p1|Zapdos
|poke|p1|Manaphy
|poke|p1|Heatran, M
|poke|p1|Ferrothorn, M
|poke|p1|Landorus-Therian, M
|poke|p2|Landorus-Therian, M, shiny
|poke|p2|Bisharp, F
|poke|p2|Clefable, F, shiny
|poke|p2|Keldeo-Resolute
|poke|p2|Venusaur, M
|poke|p2|Heatran, M, shiny
|rule|Swagger Clause: Swagger is banned
|rule|Baton Pass Clause: Limit one PokÃ©mon knowing Baton Pass
|rule|Sleep Clause Mod: Limit one foe put to sleep
|rule|Species Clause: Limit one of each PokÃ©mon
|rule|OHKO Clause: OHKO moves are banned
|rule|Moody Clause: Moody is banned
|rule|Evasion Moves Clause: Evasion moves are banned
|rule|Endless Battle Clause: Forcing endless battles is banned
|rule|HP Percentage Mod: HP is shown in percentages
|teampreview
|
|start
|switch|p1a: Landorus-Therian|Landorus-Therian, M|320\/320
|switch|p2a: Such very usage|Landorus-Therian, M, shiny|382\/382
|-ability|p1a: Landorus-Therian|Intimidate|[of] p2a: Such very usage
|-unboost|p2a: Such very usage|atk|1
|-ability|p2a: Such very usage|Intimidate|[of] p1a: Landorus-Therian
|-unboost|p1a: Landorus-Therian|atk|1
|turn|1
|
|move|p1a: Landorus-Therian|Knock Off|p2a: Such very usage
|-damage|p2a: Such very usage|319\/382
|-enditem|p2a: Such very usage|Leftovers|[from] move: Knock Off|[of] p1a: Landorus-Therian
|move|p2a: Such very usage|Stealth Rock|p1a: Landorus-Therian
|-sidestart|p1: Adri989898|move: Stealth Rock
|
|turn|2
|
|switch|p1a: Ferrothorn|Ferrothorn, M|352\/352
|-damage|p1a: Ferrothorn|330\/352|[from] Stealth Rock
|move|p2a: Such very usage|U-turn|p1a: Ferrothorn
|-damage|p1a: Ferrothorn|299\/352
|-damage|p2a: Such very usage|272\/382|[from] ability: Iron Barbs|[of] p1a: Ferrothorn
|
|switch|p2a: You go bed now|Venusaur, M|358\/358
|
|-heal|p1a: Ferrothorn|321\/352|[from] item: Leftovers
|turn|3
|
|switch|p2a: Such very usage|Landorus-Therian, M, shiny|272\/382
|-ability|p2a: Such very usage|Intimidate|[of] p1a: Ferrothorn
|-unboost|p1a: Ferrothorn|atk|1
|move|p1a: Ferrothorn|Stealth Rock|p2a: Such very usage
|-sidestart|p2: 10th Squad Toshiro|move: Stealth Rock
|
|-heal|p1a: Ferrothorn|343\/352|[from] item: Leftovers
|turn|4
|
|switch|p2a: Hi Talonflame|Heatran, M, shiny|386\/386
|-damage|p2a: Hi Talonflame|338\/386|[from] Stealth Rock
|move|p1a: Ferrothorn|Leech Seed|p2a: Hi Talonflame
|-start|p2a: Hi Talonflame|move: Leech Seed
|
|-heal|p2a: Hi Talonflame|362\/386|[from] item: Leftovers
|-heal|p1a: Ferrothorn|352\/352|[from] item: Leftovers
|-damage|p2a: Hi Talonflame|314\/386|[from] Leech Seed|[of] p1a: Ferrothorn
|turn|5
|
|switch|p2a: Such very usage|Landorus-Therian, M, shiny|272\/382
|-damage|p2a: Such very usage|225\/382|[from] Stealth Rock
|-ability|p2a: Such very usage|Intimidate|[of] p1a: Ferrothorn
|-unboost|p1a: Ferrothorn|atk|1
|move|p1a: Ferrothorn|Protect|p1a: Ferrothorn
|-fail|p1a: Ferrothorn
|
|turn|6
|
|switch|p2a: You go bed now|Venusaur, M|358\/358
|-damage|p2a: You go bed now|314\/358|[from] Stealth Rock
|switch|p1a: Metagross|Metagross, shiny|302\/302
|-damage|p1a: Metagross|284\/302|[from] Stealth Rock
|
|turn|7
|
|detailschange|p2a: You go bed now|Venusaur-Mega, M
|-mega|p2a: You go bed now|Venusaur|Venusaurite
|move|p1a: Metagross|Ice Punch|p2a: You go bed now
|-supereffective|p2a: You go bed now
|-damage|p2a: You go bed now|240\/358
|-status|p2a: You go bed now|frz
|cant|p2a: You go bed now|frz
|
|turn|8
|c|â10th Squad Toshiro|hm
|c|â10th Squad Toshiro|10%
|c|â10th Squad Toshiro|mhm
|
|detailschange|p1a: Metagross|Metagross-Mega, shiny
|-mega|p1a: Metagross|Metagross|Metagrossite
|move|p1a: Metagross|Meteor Mash|p2a: You go bed now
|-damage|p2a: You go bed now|66\/358 frz
|cant|p2a: You go bed now|frz
|
|turn|9
|
|move|p1a: Metagross|Meteor Mash|p2a: You go bed now
|-damage|p2a: You go bed now|0 fnt
|faint|p2a: You go bed now
|
|c|â10th Squad Toshiro|10% to miss
|c|â10th Squad Toshiro|where is my miss
|c|â10th Squad Toshiro|you got your freeze
|
|switch|p2a: Such very usage|Landorus-Therian, M, shiny|225\/382
|-damage|p2a: Such very usage|178\/382|[from] Stealth Rock
|-ability|p2a: Such very usage|Intimidate|[of] p1a: Metagross
|-unboost|p1a: Metagross|atk|1
|turn|10
|join|Dyanna
|leave|Dyanna
|
|switch|p2a: Hi Talonflame|Heatran, M, shiny|314\/386
|-damage|p2a: Hi Talonflame|266\/386|[from] Stealth Rock
|move|p1a: Metagross|Ice Punch|p2a: Hi Talonflame
|-crit|p2a: Hi Talonflame
|-resisted|p2a: Hi Talonflame
|-damage|p2a: Hi Talonflame|224\/386
|
|-heal|p2a: Hi Talonflame|248\/386|[from] item: Leftovers
|turn|11
|
|switch|p2a: Such very usage|Landorus-Therian, M, shiny|178\/382
|-damage|p2a: Such very usage|131\/382|[from] Stealth Rock
|-ability|p2a: Such very usage|Intimidate|[of] p1a: Metagross
|-unboost|p1a: Metagross|atk|1
|move|p1a: Metagross|Hammer Arm|p2a: Such very usage|[miss]
|-miss|p1a: Metagross|p2a: Such very usage
|
|turn|12
|
|switch|p1a: Landorus-Therian|Landorus-Therian, M|320\/320
|-damage|p1a: Landorus-Therian|280\/320|[from] Stealth Rock
|-ability|p1a: Landorus-Therian|Intimidate|[of] p2a: Such very usage
|-unboost|p2a: Such very usage|atk|1
|switch|p2a: Hi Talonflame|Heatran, M, shiny|248\/386
|-damage|p2a: Hi Talonflame|200\/386|[from] Stealth Rock
|
|-heal|p2a: Hi Talonflame|224\/386|[from] item: Leftovers
|turn|13
|
|move|p1a: Landorus-Therian|U-turn|p2a: Hi Talonflame
|-resisted|p2a: Hi Talonflame
|-damage|p2a: Hi Talonflame|202\/386
|
|switch|p1a: Heatran|Heatran, M|386\/386
|-damage|p1a: Heatran|338\/386|[from] Stealth Rock
|move|p2a: Hi Talonflame|Lava Plume|p1a: Heatran
|-start|p1a: Heatran|ability: Flash Fire
|
|-heal|p1a: Heatran|362\/386|[from] item: Leftovers
|-heal|p2a: Hi Talonflame|226\/386|[from] item: Leftovers
|turn|14
|
|move|p1a: Heatran|Lava Plume|p2a: Hi Talonflame
|-start|p2a: Hi Talonflame|ability: Flash Fire
|move|p2a: Hi Talonflame|Earth Power|p1a: Heatran
|-supereffective|p1a: Heatran
|-damage|p1a: Heatran|86\/386
|
|-heal|p1a: Heatran|110\/386|[from] item: Leftovers
|-heal|p2a: Hi Talonflame|250\/386|[from] item: Leftovers
|turn|15
|
|move|p1a: Heatran|Earth Power|p2a: Hi Talonflame
|-supereffective|p2a: Hi Talonflame
|-damage|p2a: Hi Talonflame|0 fnt
|faint|p2a: Hi Talonflame
|
|-heal|p1a: Heatran|134\/386|[from] item: Leftovers
|
|switch|p2a: Scarfed Specs|Keldeo-Resolute|333\/333
|-damage|p2a: Scarfed Specs|313\/333|[from] Stealth Rock
|turn|16
|
|switch|p1a: Ferrothorn|Ferrothorn, M|352\/352
|-damage|p1a: Ferrothorn|330\/352|[from] Stealth Rock
|move|p2a: Scarfed Specs|Scald|p1a: Ferrothorn
|-resisted|p1a: Ferrothorn
|-damage|p1a: Ferrothorn|249\/352
|
|-heal|p1a: Ferrothorn|271\/352|[from] item: Leftovers
|turn|17
|
|switch|p2a: Wear me down|Clefable, F, shiny|394\/394
|switch|p1a: Metagross|Metagross-Mega, shiny|284\/302
|-damage|p1a: Metagross|266\/302|[from] Stealth Rock
|
|turn|18
|
|switch|p2a: Suck my punch|Bisharp, F|333\/333
|-damage|p2a: Suck my punch|313\/333|[from] Stealth Rock
|move|p1a: Metagross|Meteor Mash|p2a: Suck my punch
|-resisted|p2a: Suck my punch
|-damage|p2a: Suck my punch|196\/333
|
|turn|19
|
|move|p2a: Suck my punch|Sucker Punch|p1a: Metagross
|-supereffective|p1a: Metagross
|-damage|p1a: Metagross|6\/302
|-damage|p2a: Suck my punch|163\/333|[from] item: Life Orb
|move|p1a: Metagross|Hammer Arm|p2a: Suck my punch
|-supereffective|p2a: Suck my punch
|-damage|p2a: Suck my punch|0 fnt
|-unboost|p1a: Metagross|spe|1
|faint|p2a: Suck my punch
|
|
|switch|p2a: Scarfed Specs|Keldeo-Resolute|313\/333
|-damage|p2a: Scarfed Specs|293\/333|[from] Stealth Rock
|turn|20
|
|switch|p1a: Ferrothorn|Ferrothorn, M|271\/352
|-damage|p1a: Ferrothorn|249\/352|[from] Stealth Rock
|move|p2a: Scarfed Specs|Secret Sword|p1a: Ferrothorn
|-crit|p1a: Ferrothorn
|-supereffective|p1a: Ferrothorn
|-damage|p1a: Ferrothorn|0 fnt
|faint|p1a: Ferrothorn
|
|
|switch|p1a: Zapdos|Zapdos|384\/384
|-damage|p1a: Zapdos|288\/384|[from] Stealth Rock
|-ability|p1a: Zapdos|Pressure
|turn|21
|
|move|p2a: Scarfed Specs|Secret Sword|p1a: Zapdos
|-resisted|p1a: Zapdos
|-damage|p1a: Zapdos|206\/384
|move|p1a: Zapdos|Defog|p2a: Scarfed Specs
|-unboost|p2a: Scarfed Specs|evasion|1
|-sideend|p2: 10th Squad Toshiro|Stealth Rock|[from] move: Defog|[of] p2a: Scarfed Specs
|-sideend|p1: Adri989898|Stealth Rock|[from] move: Defog|[of] p1a: Zapdos
|
|-heal|p1a: Zapdos|230\/384|[from] item: Leftovers
|turn|22
|
|switch|p2a: Wear me down|Clefable, F, shiny|394\/394
|move|p1a: Zapdos|Thunderbolt|p2a: Wear me down
|-damage|p2a: Wear me down|289\/394
|-status|p2a: Wear me down|par
|
|-heal|p1a: Zapdos|254\/384|[from] item: Leftovers
|-heal|p2a: Wear me down|313\/394 par|[from] item: Leftovers
|turn|23
|c|â10th Squad Toshiro|10%
|c|âAdri989898|gg
|c|â10th Squad Toshiro|1 out of then
|c|â10th Squad Toshiro|ten
|c|â10th Squad Toshiro|how was that hax based game good
|
|switch|p1a: Heatran|Heatran, M|134\/386
|move|p2a: Wear me down|Flamethrower|p1a: Heatran
|-start|p1a: Heatran|ability: Flash Fire
|
|-heal|p1a: Heatran|158\/386|[from] item: Leftovers
|-heal|p2a: Wear me down|337\/394 par|[from] item: Leftovers
|turn|24
|
|switch|p2a: Scarfed Specs|Keldeo-Resolute|293\/333
|move|p1a: Heatran|Lava Plume|p2a: Scarfed Specs
|-resisted|p2a: Scarfed Specs
|-damage|p2a: Scarfed Specs|191\/333
|
|-heal|p1a: Heatran|182\/386|[from] item: Leftovers
|turn|25
|
|switch|p1a: Zapdos|Zapdos|254\/384
|-ability|p1a: Zapdos|Pressure
|move|p2a: Scarfed Specs|Secret Sword|p1a: Zapdos
|-resisted|p1a: Zapdos
|-damage|p1a: Zapdos|172\/384
|
|-heal|p1a: Zapdos|196\/384|[from] item: Leftovers
|turn|26
|
|switch|p2a: Wear me down|Clefable, F, shiny|337\/394 par
|switch|p1a: Manaphy|Manaphy|341\/341
|
|-heal|p2a: Wear me down|361\/394 par|[from] item: Leftovers
|turn|27
|
|move|p1a: Manaphy|Tail Glow|p1a: Manaphy
|-boost|p1a: Manaphy|spa|3
|move|p2a: Wear me down|Calm Mind|p2a: Wear me down
|-boost|p2a: Wear me down|spa|1
|-boost|p2a: Wear me down|spd|1
|
|-heal|p2a: Wear me down|385\/394 par|[from] item: Leftovers
|turn|28
|
|move|p1a: Manaphy|Surf|p2a: Wear me down
|-damage|p2a: Wear me down|174\/394 par
|move|p2a: Wear me down|Calm Mind|p2a: Wear me down
|-boost|p2a: Wear me down|spa|1
|-boost|p2a: Wear me down|spd|1
|
|-heal|p2a: Wear me down|198\/394 par|[from] item: Leftovers
|turn|29
|
|move|p1a: Manaphy|Tail Glow|p1a: Manaphy
|-boost|p1a: Manaphy|spa|3
|move|p2a: Wear me down|Soft-Boiled|p2a: Wear me down
|-heal|p2a: Wear me down|394\/394 par
|
|turn|30
|
|move|p1a: Manaphy|Surf|p2a: Wear me down
|-damage|p2a: Wear me down|135\/394 par
|move|p2a: Wear me down|Moonblast|p1a: Manaphy
|-damage|p1a: Manaphy|131\/341
|
|-heal|p1a: Manaphy|152\/341|[from] item: Leftovers
|-heal|p2a: Wear me down|159\/394 par|[from] item: Leftovers
|turn|31
|
|switch|p2a: Scarfed Specs|Keldeo-Resolute|191\/333
|move|p1a: Manaphy|Surf|p2a: Scarfed Specs
|-resisted|p2a: Scarfed Specs
|-damage|p2a: Scarfed Specs|0 fnt
|faint|p2a: Scarfed Specs
|
|-heal|p1a: Manaphy|173\/341|[from] item: Leftovers
|-message|10th Squad Toshiro forfeited.
|leave|10th Squad Toshiro
|
|win|Adri989898
|raw|Ladder updating...
|player|p2