|join|Adri989898
|join|Lyrk
|player|p1|Adri989898|99
|player|p2|Lyrk|1
|gametype|singles
|gen|6
|tier|OU
|clearpoke
|poke|p1|Pinsir, M
|poke|p1|Keldeo
|poke|p1|Rotom-Mow
|poke|p1|Empoleon, M
|poke|p1|Lanturn, M
|poke|p1|Chesnaught, F
|poke|p2|Politoed, F
|poke|p2|Kabutops, M
|poke|p2|Scizor, M
|poke|p2|Tornadus-Therian, M
|poke|p2|Kingdra, M
|poke|p2|Kyurem-Black
|rule|Swagger Clause: Swagger is banned
|rule|Baton Pass Clause: Limit one PokÃ©mon knowing Baton Pass
|rule|Sleep Clause Mod: Limit one foe put to sleep
|rule|Species Clause: Limit one of each PokÃ©mon
|rule|OHKO Clause: OHKO moves are banned
|rule|Moody Clause: Moody is banned
|rule|Evasion Moves Clause: Evasion moves are banned
|rule|Endless Battle Clause: Forcing endless battles is banned
|rule|HP Percentage Mod: HP is shown in percentages
|teampreview
|
|start
|switch|p1a: Lanturn|Lanturn, M|454\/454
|switch|p2a: Gren PU|Politoed, F|384\/384
|-weather|RainDance
|turn|1
|join|Iceblaze
|
|switch|p2a: Cisaille OU|Scizor, M|344\/344
|move|p1a: Lanturn|Toxic|p2a: Cisaille OU
|-fail|p2a: Cisaille OU
|
|-weather|RainDance|[upkeep]
|turn|2
|c|âAdri989898|salut iceblaze^^
|c| Iceblaze|hey
|
|detailschange|p2a: Cisaille OU|Scizor-Mega, M
|-mega|p2a: Cisaille OU|Scizor|Scizorite
|move|p1a: Lanturn|Scald|p2a: Cisaille OU
|-damage|p2a: Cisaille OU|229\/344
|move|p2a: Cisaille OU|Knock Off|p1a: Lanturn
|-damage|p1a: Lanturn|320\/454
|-enditem|p1a: Lanturn|Leftovers|[from] move: Knock Off|[of] p2a: Cisaille OU
|
|-weather|RainDance|[upkeep]
|turn|3
|
|move|p2a: Cisaille OU|Roost|p2a: Cisaille OU
|-heal|p2a: Cisaille OU|344\/344
|move|p1a: Lanturn|Volt Switch|p2a: Cisaille OU
|-crit|p2a: Cisaille OU
|-damage|p2a: Cisaille OU|244\/344
|
|switch|p1a: Keldeo|Keldeo|323\/323
|
|-weather|RainDance|[upkeep]
|turn|4
|
|switch|p2a: Nuage BL|Tornadus-Therian, M|332\/332
|move|p1a: Keldeo|Hydro Pump|p2a: Nuage BL
|-damage|p2a: Nuage BL|112\/332
|
|-weather|RainDance|[upkeep]
|turn|5
|c| Iceblaze|cte patate
|
|switch|p1a: Empoleon|Empoleon, M|372\/372
|move|p2a: Nuage BL|Hurricane|p1a: Empoleon
|-resisted|p1a: Empoleon
|-damage|p1a: Empoleon|314\/372
|-start|p1a: Empoleon|confusion
|
|-weather|RainDance|[upkeep]
|-heal|p1a: Empoleon|337\/372|[from] item: Leftovers
|turn|6
|
|move|p2a: Nuage BL|U-turn|p1a: Empoleon
|-resisted|p1a: Empoleon
|-damage|p1a: Empoleon|311\/372
|
|switch|p2a: GrisFonc OU|Kyurem-Black|391\/391
|-ability|p2a: GrisFonc OU|Teravolt
|-activate|p1a: Empoleon|confusion
|-damage|p1a: Empoleon|288\/372|[from] confusion
|
|-weather|RainDance|[upkeep]
|-heal|p1a: Empoleon|311\/372|[from] item: Leftovers
|turn|7
|
|switch|p1a: Chesnaught|Chesnaught, F|380\/380
|move|p2a: GrisFonc OU|Dragon Claw|p1a: Chesnaught
|-damage|p1a: Chesnaught|277\/380
|
|-weather|RainDance|[upkeep]
|-heal|p1a: Chesnaught|300\/380|[from] item: Leftovers
|turn|8
|c| Iceblaze|adri c'est toi qui est Ã  1600 sur le ladd ?
|
|switch|p2a: Nuage BL|Tornadus-Therian, M|222\/332
|move|p1a: Chesnaught|Leech Seed|p2a: Nuage BL
|-start|p2a: Nuage BL|move: Leech Seed
|
|-weather|none
|-heal|p1a: Chesnaught|323\/380|[from] item: Leftovers
|-damage|p2a: Nuage BL|181\/332|[from] Leech Seed|[of] p1a: Chesnaught
|-heal|p1a: Chesnaught|364\/380|[silent]
|turn|9
|c|âAdri989898|oui
|
|switch|p2a: GrisFonc OU|Kyurem-Black|391\/391
|-ability|p2a: GrisFonc OU|Teravolt
|move|p1a: Chesnaught|Spiky Shield|p1a: Chesnaught
|-fail|p1a: Chesnaught
|
|-heal|p1a: Chesnaught|380\/380|[from] item: Leftovers
|turn|10
|
|switch|p1a: Empoleon|Empoleon, M|311\/372
|move|p2a: GrisFonc OU|Ice Beam|p1a: Empoleon
|-resisted|p1a: Empoleon
|-damage|p1a: Empoleon|290\/372
|
|-heal|p1a: Empoleon|313\/372|[from] item: Leftovers
|turn|11
|c| Iceblaze|(Ã§a me fait penser qu'il faut que je ladd %)
|
|switch|p2a: Faux NU|Kabutops, M|261\/261
|move|p1a: Empoleon|Stealth Rock|p2a: Faux NU
|-sidestart|p2: Lyrk|move: Stealth Rock
|
|-heal|p1a: Empoleon|336\/372|[from] item: Leftovers
|turn|12
|c|âAdri989898|XD
|c| Iceblaze|parce que mon pauvre 1300 %)
|
|move|p2a: Faux NU|Low Kick|p1a: Empoleon
|-supereffective|p1a: Empoleon
|-damage|p1a: Empoleon|81\/372
|-damage|p2a: Faux NU|235\/261|[from] item: Life Orb
|move|p1a: Empoleon|Scald|p2a: Faux NU
|-damage|p2a: Faux NU|13\/261
|
|-heal|p1a: Empoleon|104\/372|[from] item: Leftovers
|turn|13
|c|âAdri989898|bah, Ã§a va encore 1300 ^^
|
|switch|p1a: Chesnaught|Chesnaught, F|380\/380
|move|p2a: Faux NU|Stone Edge|p1a: Chesnaught|[miss]
|-miss|p2a: Faux NU|p1a: Chesnaught
|
|turn|14
|
|switch|p2a: Cisaille OU|Scizor-Mega, M|244\/344
|-damage|p2a: Cisaille OU|201\/344|[from] Stealth Rock
|move|p1a: Chesnaught|Spiky Shield|p1a: Chesnaught
|-fail|p1a: Chesnaught
|
|turn|15
|
|move|p2a: Cisaille OU|Defog|p1a: Chesnaught
|-unboost|p1a: Chesnaught|evasion|1
|-sideend|p2: Lyrk|Stealth Rock|[from] move: Defog|[of] p2a: Cisaille OU
|move|p1a: Chesnaught|Leech Seed|p2a: Cisaille OU
|-start|p2a: Cisaille OU|move: Leech Seed
|
|-damage|p2a: Cisaille OU|158\/344|[from] Leech Seed|[of] p1a: Chesnaught
|turn|16
|c| Iceblaze|le pire c'est que j'arrive pas Ã  en sortir avec ce que me sortent les noobs
|
|move|p1a: Chesnaught|Spiky Shield|p1a: Chesnaught
|-singleturn|p1a: Chesnaught|move: Protect
|move|p2a: Cisaille OU|Roost|p2a: Cisaille OU
|-heal|p2a: Cisaille OU|330\/344
|
|-damage|p2a: Cisaille OU|287\/344|[from] Leech Seed|[of] p1a: Chesnaught
|turn|17
|c|âAdri989898|il sont durs Ã  anticiper
|
|switch|p2a: Nuage BL|Tornadus-Therian, M|291\/332
|switch|p1a: Lanturn|Lanturn, M|320\/454
|
|turn|18
|c| Iceblaze|impossibles
|c|âAdri989898|oui
|
|move|p2a: Nuage BL|U-turn|p1a: Lanturn
|-damage|p1a: Lanturn|270\/454
|
|switch|p2a: Hypo UU|Kingdra, M|291\/291
|move|p1a: Lanturn|Volt Switch|p2a: Hypo UU
|-damage|p2a: Hypo UU|225\/291
|c|âAdri989898|je me suis retrouvÃ© face Ã  un dilata hurle-temps ce matin
|
|switch|p1a: Rotom-Mow|Rotom-Mow|304\/304
|
|turn|19
|c| Iceblaze|hein ?
|c|âAdri989898|dialga*
|c| Iceblaze|en Uber ?
|c|âAdri989898|oui
|c| Iceblaze|tu joues Uber toi
|c|âAdri989898|sinon aussi un ganga dÃ©vorÃ¨ve
|c|âAdri989898|gengar*
|
|move|p2a: Hypo UU|Draco Meteor|p1a: Rotom-Mow|[miss]
|-miss|p2a: Hypo UU|p1a: Rotom-Mow
|move|p1a: Rotom-Mow|Volt Switch|p2a: Hypo UU
|-damage|p2a: Hypo UU|141\/291
|c| Iceblaze|c'est moche
|c|âAdri989898|oui, de temps Ã  autres
|
|switch|p1a: Keldeo|Keldeo|323\/323
|
|turn|20
|c| Iceblaze|il Ã©tait moche le miss
|c|âAdri989898|oui, mais le pire c'est qu'il l'a fait sur Yveltal...
|c|âAdri989898|le dÃ©vorÃªve
|c| Iceblaze|XD
|
|switch|p2a: Faux NU|Kabutops, M|13\/261
|move|p1a: Keldeo|Secret Sword|p2a: Faux NU
|-supereffective|p2a: Faux NU
|-damage|p2a: Faux NU|0 fnt
|faint|p2a: Faux NU
|
|
|switch|p2a: Nuage BL|Tornadus-Therian, M|332\/332
|turn|21
|
|switch|p1a: Lanturn|Lanturn, M|270\/454
|move|p2a: Nuage BL|Hurricane|p1a: Lanturn
|-crit|p1a: Lanturn
|-resisted|p1a: Lanturn
|-damage|p1a: Lanturn|127\/454
|
|turn|22
|
|move|p2a: Nuage BL|U-turn|p1a: Lanturn
|-damage|p1a: Lanturn|81\/454
|
|switch|p2a: GrisFonc OU|Kyurem-Black|391\/391
|-ability|p2a: GrisFonc OU|Teravolt
|move|p1a: Lanturn|Volt Switch|p2a: GrisFonc OU
|-resisted|p2a: GrisFonc OU
|-damage|p2a: GrisFonc OU|352\/391
|c| Iceblaze|regenerator est tellement relou
|
|switch|p1a: Keldeo|Keldeo|323\/323
|
|turn|23
|
|move|p1a: Keldeo|Hydro Pump|p2a: GrisFonc OU
|-resisted|p2a: GrisFonc OU
|-damage|p2a: GrisFonc OU|232\/391
|move|p2a: GrisFonc OU|Fusion Bolt|p1a: Keldeo
|-supereffective|p1a: Keldeo
|-damage|p1a: Keldeo|1\/323
|
|turn|24
|c| Iceblaze|ce 1%
|c|âAdri989898|1 pv XD
|
|switch|p1a: Lanturn|Lanturn, M|81\/454
|move|p2a: GrisFonc OU|Fusion Bolt|p1a: Lanturn
|-crit|p1a: Lanturn
|-damage|p1a: Lanturn|0 fnt
|faint|p1a: Lanturn
|
|c|âLyrk|%)
|
|switch|p1a: Chesnaught|Chesnaught, F|380\/380
|turn|25
|c|âLyrk|Absorb Eau ?
|c| Iceblaze|deg teravolt
|c|âLyrk|Ah oui j'avais oubliÃ©, pourtant c'Ã©tait une raison de le prendre
|
|switch|p2a: Nuage BL|Tornadus-Therian, M|332\/332
|move|p1a: Chesnaught|Leech Seed|p2a: Nuage BL
|-start|p2a: Nuage BL|move: Leech Seed
|
|-damage|p2a: Nuage BL|291\/332|[from] Leech Seed|[of] p1a: Chesnaught
|turn|26
|
|switch|p1a: Empoleon|Empoleon, M|104\/372
|move|p2a: Nuage BL|Hurricane|p1a: Empoleon
|-resisted|p1a: Empoleon
|-damage|p1a: Empoleon|48\/372
|
|-heal|p1a: Empoleon|71\/372|[from] item: Leftovers
|-damage|p2a: Nuage BL|250\/332|[from] Leech Seed|[of] p1a: Empoleon
|-heal|p1a: Empoleon|112\/372|[silent]
|turn|27
|
|move|p2a: Nuage BL|Focus Blast|p1a: Empoleon
|-supereffective|p1a: Empoleon
|-damage|p1a: Empoleon|0 fnt
|faint|p1a: Empoleon
|
|
|switch|p1a: Rotom-Mow|Rotom-Mow|304\/304
|turn|28
|c| Iceblaze|une rain qui joue sans rain
|
|move|p2a: Nuage BL|U-turn|p1a: Rotom-Mow
|-supereffective|p1a: Rotom-Mow
|-damage|p1a: Rotom-Mow|218\/304
|c|âLyrk|La rain lui renforÃ§ait trop ses Ebullition \/ Hydrocanon %)
|c| Iceblaze|%)
|
|switch|p2a: Cisaille OU|Scizor-Mega, M|287\/344
|move|p1a: Rotom-Mow|Will-O-Wisp|p2a: Cisaille OU
|-status|p2a: Cisaille OU|brn
|
|-heal|p1a: Rotom-Mow|237\/304|[from] item: Leftovers
|-damage|p2a: Cisaille OU|244\/344 brn|[from] brn
|turn|29
|c| Iceblaze|mauvais Ã§a
|
|move|p1a: Rotom-Mow|Volt Switch|p2a: Cisaille OU
|-crit|p2a: Cisaille OU
|-damage|p2a: Cisaille OU|124\/344 brn
|c| Iceblaze|ces crits
|
|switch|p1a: Pinsir|Pinsir, M|271\/271
|-ability|p1a: Pinsir|Mold Breaker
|move|p2a: Cisaille OU|Knock Off|p1a: Pinsir
|-damage|p1a: Pinsir|223\/271
|
|-damage|p2a: Cisaille OU|81\/344 brn|[from] brn
|turn|30
|c| Iceblaze|Ã§a fait deux fois que tu crit scizor
|
|switch|p2a: Gren PU|Politoed, F|384\/384
|-weather|RainDance
|detailschange|p1a: Pinsir|Pinsir-Mega, M
|-mega|p1a: Pinsir|Pinsir|Pinsirite
|move|p1a: Pinsir|Swords Dance|p1a: Pinsir
|-boost|p1a: Pinsir|atk|2
|
|-weather|RainDance|[upkeep]
|turn|31
|c| Iceblaze|allez pinsir sweep
|
|move|p1a: Pinsir|Frustration|p2a: Gren PU
|-damage|p2a: Gren PU|0 fnt
|faint|p2a: Gren PU
|
|-weather|RainDance|[upkeep]
|
|switch|p2a: Nuage BL|Tornadus-Therian, M|332\/332
|turn|32
|
|switch|p1a: Rotom-Mow|Rotom-Mow|237\/304
|move|p2a: Nuage BL|Hurricane|p1a: Rotom-Mow
|-damage|p1a: Rotom-Mow|119\/304
|
|-weather|RainDance|[upkeep]
|-heal|p1a: Rotom-Mow|138\/304|[from] item: Leftovers
|turn|33
|c| Iceblaze|t'es assez weak Ã  tornadus maintenant
|c|âAdri989898|oui,affectivement
|
|move|p2a: Nuage BL|Hurricane|p1a: Rotom-Mow
|-damage|p1a: Rotom-Mow|18\/304
|move|p1a: Rotom-Mow|Pain Split|p2a: Nuage BL
|-sethp|p2a: Nuage BL|175\/332|p1a: Rotom-Mow|175\/304|[from] move: Pain Split
|
|-weather|RainDance|[upkeep]
|-heal|p1a: Rotom-Mow|194\/304|[from] item: Leftovers
|turn|34
|
|move|p2a: Nuage BL|U-turn|p1a: Rotom-Mow
|-supereffective|p1a: Rotom-Mow
|-damage|p1a: Rotom-Mow|102\/304
|
|switch|p2a: Cisaille OU|Scizor-Mega, M|81\/344 brn
|move|p1a: Rotom-Mow|Volt Switch|p2a: Cisaille OU
|-damage|p2a: Cisaille OU|0 fnt
|faint|p2a: Cisaille OU
|
|switch|p1a: Keldeo|Keldeo|1\/323
|
|-weather|RainDance|[upkeep]
|
|switch|p2a: Hypo UU|Kingdra, M|141\/291
|turn|35
|
|switch|p1a: Rotom-Mow|Rotom-Mow|102\/304
|move|p2a: Hypo UU|Surf|p1a: Rotom-Mow
|-resisted|p1a: Rotom-Mow
|-damage|p1a: Rotom-Mow|7\/304
|-damage|p2a: Hypo UU|112\/291|[from] item: Life Orb
|
|-weather|RainDance|[upkeep]
|-heal|p1a: Rotom-Mow|26\/304|[from] item: Leftovers
|turn|36
|
|move|p2a: Hypo UU|Surf|p1a: Rotom-Mow
|-resisted|p1a: Rotom-Mow
|-damage|p1a: Rotom-Mow|0 fnt
|-damage|p2a: Hypo UU|83\/291|[from] item: Life Orb
|faint|p1a: Rotom-Mow
|
|-weather|RainDance|[upkeep]
|c| Iceblaze|pk surf ?
|
|switch|p1a: Chesnaught|Chesnaught, F|380\/380
|turn|37
|
|switch|p2a: Nuage BL|Tornadus-Therian, M|285\/332
|move|p1a: Chesnaught|Spiky Shield|p1a: Chesnaught
|-fail|p1a: Chesnaught
|
|-weather|none
|turn|38
|c|âLyrk|Je lag...
|
|move|p2a: Nuage BL|Hurricane|p1a: Chesnaught|[miss]
|-miss|p2a: Nuage BL|p1a: Chesnaught
|move|p1a: Chesnaught|Leech Seed|p2a: Nuage BL|[miss]
|-miss|p1a: Chesnaught|p2a: Nuage BL
|
|turn|39
|c| Iceblaze|double miss %)
|
|move|p2a: Nuage BL|Hurricane|p1a: Chesnaught|[miss]
|-miss|p2a: Nuage BL|p1a: Chesnaught
|move|p1a: Chesnaught|Leech Seed|p2a: Nuage BL
|-start|p2a: Nuage BL|move: Leech Seed
|
|-damage|p2a: Nuage BL|244\/332|[from] Leech Seed|[of] p1a: Chesnaught
|turn|40
|c| Iceblaze|c'est moche
|c|âAdri989898|oui, je suis d'accord
|c|âAdri989898|donc dsl...
|
|switch|p2a: GrisFonc OU|Kyurem-Black|232\/391
|-ability|p2a: GrisFonc OU|Teravolt
|move|p1a: Chesnaught|Spiky Shield|p1a: Chesnaught
|-fail|p1a: Chesnaught
|
|turn|41
|
|move|p2a: GrisFonc OU|Ice Beam|p1a: Chesnaught
|-supereffective|p1a: Chesnaught
|-damage|p1a: Chesnaught|54\/380
|move|p1a: Chesnaught|Hammer Arm|p2a: GrisFonc OU
|-supereffective|p2a: GrisFonc OU
|-damage|p2a: GrisFonc OU|0 fnt
|-unboost|p1a: Chesnaught|spe|1
|faint|p2a: GrisFonc OU
|
|-heal|p1a: Chesnaught|77\/380|[from] item: Leftovers
|c| Iceblaze|tes spiky shield sont vraiment prÃ©visibles
|
|switch|p2a: Nuage BL|Tornadus-Therian, M|332\/332
|turn|42
|c|âAdri989898|pas faux...
|
|move|p2a: Nuage BL|Hurricane|p1a: Chesnaught
|-supereffective|p1a: Chesnaught
|-damage|p1a: Chesnaught|0 fnt
|faint|p1a: Chesnaught
|
|
|switch|p1a: Keldeo|Keldeo|1\/323
|turn|43
|c| Iceblaze|et lÃ  scaf
|
|move|p1a: Keldeo|Hydro Pump|p2a: Nuage BL
|-damage|p2a: Nuage BL|178\/332
|move|p2a: Nuage BL|U-turn|p1a: Keldeo
|-resisted|p1a: Keldeo
|-damage|p1a: Keldeo|0 fnt
|faint|p1a: Keldeo
|
|switch|p2a: Hypo UU|Kingdra, M|83\/291
|
|c| Iceblaze|il Ã©tait scarf %)
|c|âLyrk|Il est bien scarf je crois
|
|switch|p1a: Pinsir|Pinsir-Mega, M|223\/271
|turn|44
|c|âAdri989898|oui, il Ã©tait scarf
|c|âLyrk|Il m'avait dÃ©jÃ  outspeed KyuremB
|c| Iceblaze|qui Ã©tait scarf aussi
|
|move|p1a: Pinsir|Quick Attack|p2a: Hypo UU
|-damage|p2a: Hypo UU|0 fnt
|faint|p2a: Hypo UU
|
|
|switch|p2a: Nuage BL|Tornadus-Therian, M|288\/332
|turn|45
|
|move|p2a: Nuage BL|Hurricane|p1a: Pinsir|[miss]
|-miss|p2a: Nuage BL|p1a: Pinsir
|move|p1a: Pinsir|Frustration|p2a: Nuage BL
|-damage|p2a: Nuage BL|0 fnt
|faint|p2a: Nuage BL
|
|win|Adri989898
|c|âAdri989898|lol
|c| Iceblaze|oh c'est moche
|c|âAdri989898|c'est moche
|c|âLyrk|:<
|c| Iceblaze|perdre de cette faÃ§on
|c| Iceblaze|alors que tu winnais facile
|c|âLyrk|Bon tant pis, dÃ©Ã§u que Ã§a se finisse sur un miss, mais il y a d'autres matchs
|c| Iceblaze|(remarque j'ai bien perdu sur un crit moi)
|c|âAdri989898|pas faux
|c|âLyrk|Tu prends le replay directement Iceblaze ?
|c|âAdri989898|du coup on fait le deuxiÃ¨me?
|c|âLyrk|Oui !
|c| Iceblaze|ah oui je prends le replay c'est vrai %)