|join|Adri989898
|join|Seegoth
|player|p1|Adri989898|99
|player|p2|Seegoth|267
|gametype|singles
|gen|6
|tier|OU
|rated
|clearpoke
|poke|p1|Metagross, shiny
|poke|p1|Zapdos
|poke|p1|Manaphy
|poke|p1|Heatran, F
|poke|p1|Ferrothorn, M
|poke|p1|Landorus-Therian, M
|poke|p2|Gallade, M
|poke|p2|Jirachi
|poke|p2|Suicune
|poke|p2|Gengar, F
|poke|p2|Mandibuzz, F
|poke|p2|Volcarona, M
|rule|Swagger Clause: Swagger is banned
|rule|Baton Pass Clause: Limit one PokÃ©mon knowing Baton Pass
|rule|Sleep Clause Mod: Limit one foe put to sleep
|rule|Species Clause: Limit one of each PokÃ©mon
|rule|OHKO Clause: OHKO moves are banned
|rule|Moody Clause: Moody is banned
|rule|Evasion Moves Clause: Evasion moves are banned
|rule|Endless Battle Clause: Forcing endless battles is banned
|rule|HP Percentage Mod: HP is shown in percentages
|teampreview
|
|start
|switch|p1a: Heatran|Heatran, F|386\/386
|switch|p2a: Suicune|Suicune|404\/404
|-ability|p2a: Suicune|Pressure
|turn|1
|
|move|p2a: Suicune|Scald|p1a: Heatran
|-crit|p1a: Heatran
|-supereffective|p1a: Heatran
|-damage|p1a: Heatran|200\/386
|move|p1a: Heatran|Roar|p2a: Suicune
|drag|p2a: Gallade|Gallade, M|277\/277
|
|-heal|p1a: Heatran|224\/386|[from] item: Leftovers
|turn|2
|
|switch|p1a: Zapdos|Zapdos|384\/384
|-ability|p1a: Zapdos|Pressure
|detailschange|p2a: Gallade|Gallade-Mega, M
|-mega|p2a: Gallade|Gallade|Galladite
|move|p2a: Gallade|Ice Punch|p1a: Zapdos
|-supereffective|p1a: Zapdos
|-damage|p1a: Zapdos|220\/384
|
|-heal|p1a: Zapdos|244\/384|[from] item: Leftovers
|turn|3
|
|move|p2a: Gallade|Swords Dance|p2a: Gallade
|-boost|p2a: Gallade|atk|2
|move|p1a: Zapdos|Roost|p1a: Zapdos
|-heal|p1a: Zapdos|384\/384
|
|turn|4
|
|move|p2a: Gallade|Ice Punch|p1a: Zapdos
|-supereffective|p1a: Zapdos
|-damage|p1a: Zapdos|66\/384
|move|p1a: Zapdos|Thunderbolt|p2a: Gallade
|-damage|p2a: Gallade|169\/277
|
|-heal|p1a: Zapdos|90\/384|[from] item: Leftovers
|turn|5
|
|move|p2a: Gallade|Ice Punch|p1a: Zapdos
|-supereffective|p1a: Zapdos
|-damage|p1a: Zapdos|0 fnt
|faint|p1a: Zapdos
|
|
|switch|p1a: Landorus-Therian|Landorus-Therian, M|320\/320
|-ability|p1a: Landorus-Therian|Intimidate|[of] p2a: Gallade
|-unboost|p2a: Gallade|atk|1
|turn|6
|
|move|p1a: Landorus-Therian|Earthquake|p2a: Gallade
|-damage|p2a: Gallade|0 fnt
|faint|p2a: Gallade
|
|
|switch|p2a: Volcarona|Volcarona, M|311\/311
|turn|7
|
|move|p1a: Landorus-Therian|Earthquake|p2a: Volcarona
|-damage|p2a: Volcarona|47\/311
|move|p2a: Volcarona|Quiver Dance|p2a: Volcarona
|-boost|p2a: Volcarona|spa|1
|-boost|p2a: Volcarona|spd|1
|-boost|p2a: Volcarona|spe|1
|
|turn|8
|
|switch|p1a: Heatran|Heatran, F|224\/386
|move|p2a: Volcarona|Fiery Dance|p1a: Heatran
|-start|p1a: Heatran|ability: Flash Fire
|
|-heal|p1a: Heatran|248\/386|[from] item: Leftovers
|turn|9
|
|move|p2a: Volcarona|Hidden Power|p1a: Heatran
|-supereffective|p1a: Heatran
|-damage|p1a: Heatran|0 fnt
|faint|p1a: Heatran
|
|
|switch|p1a: Metagross|Metagross, shiny|302\/302
|turn|10
|
|detailschange|p1a: Metagross|Metagross-Mega, shiny
|-mega|p1a: Metagross|Metagross|Metagrossite
|move|p1a: Metagross|Bullet Punch|p2a: Volcarona
|-resisted|p2a: Volcarona
|-damage|p2a: Volcarona|0 fnt
|-status|p1a: Metagross|brn
|faint|p2a: Volcarona
|
|-damage|p1a: Metagross|265\/302 brn|[from] brn
|
|switch|p2a: Suicune|Suicune|404\/404
|-ability|p2a: Suicune|Pressure
|turn|11
|
|switch|p1a: Ferrothorn|Ferrothorn, M|352\/352
|move|p2a: Suicune|Calm Mind|p2a: Suicune
|-boost|p2a: Suicune|spa|1
|-boost|p2a: Suicune|spd|1
|
|turn|12
|
|move|p2a: Suicune|Scald|p1a: Ferrothorn
|-crit|p1a: Ferrothorn
|-resisted|p1a: Ferrothorn
|-damage|p1a: Ferrothorn|278\/352
|-status|p1a: Ferrothorn|brn
|move|p1a: Ferrothorn|Leech Seed|p2a: Suicune
|-start|p2a: Suicune|move: Leech Seed
|
|-heal|p1a: Ferrothorn|300\/352 brn|[from] item: Leftovers
|-damage|p2a: Suicune|354\/404|[from] Leech Seed|[of] p1a: Ferrothorn
|-heal|p1a: Ferrothorn|350\/352 brn|[silent]
|-damage|p1a: Ferrothorn|306\/352 brn|[from] brn
|turn|13
|
|switch|p2a: Gengar|Gengar, F|261\/261
|switch|p1a: Manaphy|Manaphy|341\/341
|
|turn|14
|
|switch|p1a: Metagross|Metagross-Mega, shiny|265\/302 brn
|move|p2a: Gengar|Shadow Ball|p1a: Metagross
|-supereffective|p1a: Metagross
|-damage|p1a: Metagross|0 fnt
|faint|p1a: Metagross
|
|
|switch|p1a: Landorus-Therian|Landorus-Therian, M|320\/320
|-ability|p1a: Landorus-Therian|Intimidate|[of] p2a: Gengar
|-unboost|p2a: Gengar|atk|1
|turn|15
|
|switch|p2a: Mandibuzz|Mandibuzz, F|424\/424
|move|p1a: Landorus-Therian|Knock Off|p2a: Mandibuzz
|-crit|p2a: Mandibuzz
|-resisted|p2a: Mandibuzz
|-damage|p2a: Mandibuzz|364\/424
|-enditem|p2a: Mandibuzz|Leftovers|[from] move: Knock Off|[of] p1a: Landorus-Therian
|
|turn|16
|
|switch|p1a: Ferrothorn|Ferrothorn, M|306\/352 brn
|switch|p2a: Gengar|Gengar, F|261\/261
|
|-heal|p1a: Ferrothorn|328\/352 brn|[from] item: Leftovers
|-damage|p1a: Ferrothorn|284\/352 brn|[from] brn
|turn|17
|
|move|p2a: Gengar|Focus Blast|p1a: Ferrothorn|[miss]
|-miss|p2a: Gengar|p1a: Ferrothorn
|move|p1a: Ferrothorn|Leech Seed|p2a: Gengar|[miss]
|-miss|p1a: Ferrothorn|p2a: Gengar
|
|-heal|p1a: Ferrothorn|306\/352 brn|[from] item: Leftovers
|-damage|p1a: Ferrothorn|262\/352 brn|[from] brn
|turn|18
|
|switch|p1a: Landorus-Therian|Landorus-Therian, M|320\/320
|-ability|p1a: Landorus-Therian|Intimidate|[of] p2a: Gengar
|-unboost|p2a: Gengar|atk|1
|move|p2a: Gengar|Focus Blast|p1a: Landorus-Therian|[miss]
|-miss|p2a: Gengar|p1a: Landorus-Therian
|
|turn|19
|
|switch|p2a: Mandibuzz|Mandibuzz, F|364\/424
|move|p1a: Landorus-Therian|U-turn|p2a: Mandibuzz
|-crit|p2a: Mandibuzz
|-damage|p2a: Mandibuzz|269\/424
|
|switch|p1a: Manaphy|Manaphy|341\/341
|
|turn|20
|
|move|p1a: Manaphy|Tail Glow|p1a: Manaphy
|-boost|p1a: Manaphy|spa|3
|move|p2a: Mandibuzz|Knock Off|p1a: Manaphy
|-damage|p1a: Manaphy|260\/341
|-enditem|p1a: Manaphy|Leftovers|[from] move: Knock Off|[of] p2a: Mandibuzz
|
|turn|21
|
|move|p1a: Manaphy|Ice Beam|p2a: Mandibuzz
|-supereffective|p2a: Mandibuzz
|-damage|p2a: Mandibuzz|0 fnt
|faint|p2a: Mandibuzz
|
|
|switch|p2a: Gengar|Gengar, F|261\/261
|turn|22
|
|move|p2a: Gengar|Shadow Ball|p1a: Manaphy
|-damage|p1a: Manaphy|50\/341
|move|p1a: Manaphy|Surf|p2a: Gengar
|-damage|p2a: Gengar|0 fnt
|faint|p2a: Gengar
|
|
|switch|p2a: Suicune|Suicune|354\/404
|-ability|p2a: Suicune|Pressure
|turn|23
|
|move|p1a: Manaphy|Energy Ball|p2a: Suicune
|-supereffective|p2a: Suicune
|-damage|p2a: Suicune|0 fnt
|faint|p2a: Suicune
|
|
|switch|p2a: Jirachi|Jirachi|341\/341
|turn|24
|
|move|p1a: Manaphy|Surf|p2a: Jirachi
|-damage|p2a: Jirachi|17\/341
|move|p2a: Jirachi|Thunder Wave|p1a: Manaphy
|-status|p1a: Manaphy|par
|
|-heal|p2a: Jirachi|38\/341|[from] item: Leftovers
|turn|25
|
|move|p2a: Jirachi|Iron Head|p1a: Manaphy
|-resisted|p1a: Manaphy
|-damage|p1a: Manaphy|0 fnt
|faint|p1a: Manaphy
|
|-heal|p2a: Jirachi|59\/341|[from] item: Leftovers
|
|switch|p1a: Landorus-Therian|Landorus-Therian, M|320\/320
|-ability|p1a: Landorus-Therian|Intimidate|[of] p2a: Jirachi
|-unboost|p2a: Jirachi|atk|1
|turn|26
|
|move|p1a: Landorus-Therian|Earthquake|p2a: Jirachi
|-supereffective|p2a: Jirachi
|-damage|p2a: Jirachi|0 fnt
|faint|p2a: Jirachi
|
|win|Adri989898
|raw|Ladder updating...
|raw|Adri989898's rating: 1675 &rarr; <strong>1684<\/strong><br \/>(+9 for winning)
|raw|Seegoth's rating: 1481 &rarr; <strong>1471<\/strong><br \/>(-10 for losing)
|leave|Seegoth
|player|p2