|join|xCytroptx
|join|Adri989898
|player|p1|xCytroptx|101
|player|p2|Adri989898|99
|gametype|singles
|gen|6
|tier|OU (suspect test)
|rated
|clearpoke
|poke|p1|Lopunny, F, shiny
|poke|p1|Bronzong, shiny
|poke|p1|Umbreon, M, shiny
|poke|p1|Gengar, M, shiny
|poke|p1|Heatran, F, shiny
|poke|p1|Gastrodon, F, shiny
|poke|p2|Metagross, shiny
|poke|p2|Zapdos
|poke|p2|Keldeo
|poke|p2|Heatran, M
|poke|p2|Rotom-Wash
|poke|p2|Landorus-Therian, M
|rule|Swagger Clause: Swagger is banned
|rule|Baton Pass Clause: Limit one PokÃ©mon knowing Baton Pass
|rule|Sleep Clause Mod: Limit one foe put to sleep
|rule|Species Clause: Limit one of each PokÃ©mon
|rule|OHKO Clause: OHKO moves are banned
|rule|Moody Clause: Moody is banned
|rule|Evasion Moves Clause: Evasion moves are banned
|rule|Endless Battle Clause: Forcing endless battles is banned
|rule|HP Percentage Mod: HP is shown in percentages
|teampreview
|
|start
|switch|p1a: Lopunny|Lopunny, F, shiny|271\/271
|switch|p2a: Landorus-Therian|Landorus-Therian, M|320\/320
|-ability|p2a: Landorus-Therian|Intimidate|[of] p1a: Lopunny
|-unboost|p1a: Lopunny|atk|1
|turn|1
|
|switch|p2a: Metagross|Metagross, shiny|302\/302
|detailschange|p1a: Lopunny|Lopunny-Mega, F, shiny
|-mega|p1a: Lopunny|Lopunny|Lopunnite
|move|p1a: Lopunny|Fake Out|p2a: Metagross
|-resisted|p2a: Metagross
|-damage|p2a: Metagross|282\/302
|
|turn|2
|
|switch|p1a: Bronzong|Bronzong, shiny|275\/275
|detailschange|p2a: Metagross|Metagross-Mega, shiny
|-mega|p2a: Metagross|Metagross|Metagrossite
|move|p2a: Metagross|Meteor Mash|p1a: Bronzong
|-resisted|p1a: Bronzong
|-damage|p1a: Bronzong|197\/275
|
|-heal|p1a: Bronzong|214\/275|[from] item: Leftovers
|turn|3
|
|switch|p2a: Heatran|Heatran, M|386\/386
|move|p1a: Bronzong|Stealth Rock|p2a: Heatran
|-sidestart|p2: Adri989898|move: Stealth Rock
|
|-heal|p1a: Bronzong|231\/275|[from] item: Leftovers
|turn|4
|
|switch|p1a: Gastrodon|Gastrodon, F, shiny|363\/363
|move|p2a: Heatran|Stealth Rock|p1a: Gastrodon
|-sidestart|p1: xCytroptx|move: Stealth Rock
|
|turn|5
|
|switch|p2a: Rotom-Wash|Rotom-Wash|304\/304
|-damage|p2a: Rotom-Wash|266\/304|[from] Stealth Rock
|move|p1a: Gastrodon|Scald|p2a: Rotom-Wash
|-resisted|p2a: Rotom-Wash
|-damage|p2a: Rotom-Wash|223\/304
|-status|p2a: Rotom-Wash|brn
|
|-heal|p2a: Rotom-Wash|242\/304 brn|[from] item: Leftovers
|-damage|p2a: Rotom-Wash|204\/304 brn|[from] brn
|turn|6
|
|move|p2a: Rotom-Wash|Will-O-Wisp|p1a: Gastrodon
|-status|p1a: Gastrodon|brn
|move|p1a: Gastrodon|Scald|p2a: Rotom-Wash
|-resisted|p2a: Rotom-Wash
|-damage|p2a: Rotom-Wash|164\/304 brn
|
|-heal|p2a: Rotom-Wash|183\/304 brn|[from] item: Leftovers
|-damage|p2a: Rotom-Wash|145\/304 brn|[from] brn
|-damage|p1a: Gastrodon|318\/363 brn|[from] brn
|turn|7
|
|move|p2a: Rotom-Wash|Pain Split|p1a: Gastrodon
|-sethp|p1a: Gastrodon|231\/363 brn|p2a: Rotom-Wash|231\/304 brn|[from] move: Pain Split
|move|p1a: Gastrodon|Scald|p2a: Rotom-Wash
|-crit|p2a: Rotom-Wash
|-resisted|p2a: Rotom-Wash
|-damage|p2a: Rotom-Wash|171\/304 brn
|
|-heal|p2a: Rotom-Wash|190\/304 brn|[from] item: Leftovers
|-heal|p1a: Gastrodon|253\/363 brn|[from] item: Leftovers
|-damage|p2a: Rotom-Wash|152\/304 brn|[from] brn
|-damage|p1a: Gastrodon|208\/363 brn|[from] brn
|turn|8
|
|move|p2a: Rotom-Wash|Pain Split|p1a: Gastrodon
|-sethp|p1a: Gastrodon|180\/363 brn|p2a: Rotom-Wash|180\/304 brn|[from] move: Pain Split
|move|p1a: Gastrodon|Scald|p2a: Rotom-Wash
|-resisted|p2a: Rotom-Wash
|-damage|p2a: Rotom-Wash|135\/304 brn
|
|-heal|p2a: Rotom-Wash|154\/304 brn|[from] item: Leftovers
|-heal|p1a: Gastrodon|202\/363 brn|[from] item: Leftovers
|-damage|p2a: Rotom-Wash|116\/304 brn|[from] brn
|-damage|p1a: Gastrodon|157\/363 brn|[from] brn
|turn|9
|
|switch|p2a: Zapdos|Zapdos|384\/384
|-damage|p2a: Zapdos|288\/384|[from] Stealth Rock
|-ability|p2a: Zapdos|Pressure
|move|p1a: Gastrodon|Scald|p2a: Zapdos
|-damage|p2a: Zapdos|188\/384
|
|-heal|p2a: Zapdos|212\/384|[from] item: Leftovers
|-heal|p1a: Gastrodon|179\/363 brn|[from] item: Leftovers
|-damage|p1a: Gastrodon|134\/363 brn|[from] brn
|turn|10
|
|move|p2a: Zapdos|Roost|p2a: Zapdos
|-heal|p2a: Zapdos|384\/384
|move|p1a: Gastrodon|Toxic|p2a: Zapdos
|-status|p2a: Zapdos|tox
|
|-heal|p1a: Gastrodon|156\/363 brn|[from] item: Leftovers
|-damage|p2a: Zapdos|360\/384 tox|[from] psn
|-damage|p1a: Gastrodon|111\/363 brn|[from] brn
|turn|11
|
|move|p2a: Zapdos|Defog|p1a: Gastrodon
|-unboost|p1a: Gastrodon|evasion|1
|-sideend|p1: xCytroptx|Stealth Rock|[from] move: Defog|[of] p1a: Gastrodon
|-sideend|p2: Adri989898|Stealth Rock|[from] move: Defog|[of] p2a: Zapdos
|move|p1a: Gastrodon|Recover|p1a: Gastrodon
|-heal|p1a: Gastrodon|293\/363 brn
|
|-heal|p2a: Zapdos|384\/384 tox|[from] item: Leftovers
|-heal|p1a: Gastrodon|315\/363 brn|[from] item: Leftovers
|-damage|p2a: Zapdos|336\/384 tox|[from] psn
|-damage|p1a: Gastrodon|270\/363 brn|[from] brn
|turn|12
|
|switch|p2a: Keldeo|Keldeo|323\/323
|move|p1a: Gastrodon|Scald|p2a: Keldeo
|-resisted|p2a: Keldeo
|-damage|p2a: Keldeo|279\/323
|
|-heal|p1a: Gastrodon|292\/363 brn|[from] item: Leftovers
|-damage|p1a: Gastrodon|247\/363 brn|[from] brn
|turn|13
|
|move|p2a: Keldeo|Hidden Power|p1a: Gastrodon
|-supereffective|p1a: Gastrodon
|-damage|p1a: Gastrodon|0 fnt
|faint|p1a: Gastrodon
|
|
|switch|p1a: Lopunny|Lopunny-Mega, F, shiny|271\/271
|turn|14
|
|switch|p2a: Landorus-Therian|Landorus-Therian, M|320\/320
|-ability|p2a: Landorus-Therian|Intimidate|[of] p1a: Lopunny
|-unboost|p1a: Lopunny|atk|1
|move|p1a: Lopunny|Fake Out|p2a: Landorus-Therian
|-damage|p2a: Landorus-Therian|268\/320
|
|turn|15
|
|move|p2a: Landorus-Therian|U-turn|p1a: Lopunny
|-resisted|p1a: Lopunny
|-damage|p1a: Lopunny|220\/271
|
|switch|p2a: Keldeo|Keldeo|279\/323
|move|p1a: Lopunny|Ice Punch|p2a: Keldeo
|-resisted|p2a: Keldeo
|-damage|p2a: Keldeo|247\/323
|-status|p2a: Keldeo|frz
|
|turn|16
|c|âxCytroptx|sorry
|
|switch|p1a: Gengar|Gengar, M, shiny|262\/262
|switch|p2a: Landorus-Therian|Landorus-Therian, M|268\/320
|-ability|p2a: Landorus-Therian|Intimidate|[of] p1a: Gengar
|-unboost|p1a: Gengar|atk|1
|
|turn|17
|
|switch|p1a: Umbreon|Umbreon, M, shiny|332\/332
|move|p2a: Landorus-Therian|U-turn|p1a: Umbreon
|-supereffective|p1a: Umbreon
|-damage|p1a: Umbreon|208\/332
|
|switch|p2a: Keldeo|Keldeo|247\/323 frz
|
|-heal|p1a: Umbreon|228\/332|[from] item: Leftovers
|turn|18
|
|switch|p1a: Gengar|Gengar, M, shiny|262\/262
|-curestatus|p2a: Keldeo|frz
|move|p2a: Keldeo|Hydro Pump|p1a: Gengar
|-damage|p1a: Gengar|0 fnt
|faint|p1a: Gengar
|
|
|switch|p1a: Bronzong|Bronzong, shiny|231\/275
|turn|19
|
|move|p2a: Keldeo|Hydro Pump|p1a: Bronzong
|-damage|p1a: Bronzong|29\/275
|move|p1a: Bronzong|Toxic|p2a: Keldeo
|-status|p2a: Keldeo|tox
|
|-heal|p1a: Bronzong|46\/275|[from] item: Leftovers
|-damage|p2a: Keldeo|227\/323 tox|[from] psn
|turn|20
|
|move|p2a: Keldeo|Hydro Pump|p1a: Bronzong
|-damage|p1a: Bronzong|0 fnt
|faint|p1a: Bronzong
|
|-damage|p2a: Keldeo|187\/323 tox|[from] psn
|
|switch|p1a: Lopunny|Lopunny-Mega, F, shiny|220\/271
|turn|21
|
|switch|p2a: Landorus-Therian|Landorus-Therian, M|268\/320
|-ability|p2a: Landorus-Therian|Intimidate|[of] p1a: Lopunny
|-unboost|p1a: Lopunny|atk|1
|move|p1a: Lopunny|Fake Out|p2a: Landorus-Therian
|-damage|p2a: Landorus-Therian|210\/320
|
|turn|22
|
|move|p2a: Landorus-Therian|Earthquake|p1a: Lopunny
|-damage|p1a: Lopunny|34\/271
|move|p1a: Lopunny|Ice Punch|p2a: Landorus-Therian
|-supereffective|p2a: Landorus-Therian
|-damage|p2a: Landorus-Therian|0 fnt
|faint|p2a: Landorus-Therian
|
|
|switch|p2a: Metagross|Metagross-Mega, shiny|282\/302
|turn|23
|
|switch|p1a: Heatran|Heatran, F, shiny|323\/323
|move|p2a: Metagross|Agility|p2a: Metagross
|-boost|p2a: Metagross|spe|2
|
|turn|24
|
|move|p2a: Metagross|Earthquake|p1a: Heatran
|-supereffective|p1a: Heatran
|-damage|p1a: Heatran|0 fnt
|faint|p1a: Heatran
|
|c|âAdri989898|gg
|
|switch|p1a: Umbreon|Umbreon, M, shiny|228\/332
|turn|25
|
|move|p1a: Umbreon|Protect|p1a: Umbreon
|-singleturn|p1a: Umbreon|Protect
|move|p2a: Metagross|Meteor Mash|p1a: Umbreon
|-activate|p1a: Umbreon|Protect
|
|-heal|p1a: Umbreon|248\/332|[from] item: Leftovers
|turn|26
|
|move|p2a: Metagross|Meteor Mash|p1a: Umbreon
|-damage|p1a: Umbreon|65\/332
|move|p1a: Umbreon|Wish|p1a: Umbreon
|
|-heal|p1a: Umbreon|85\/332|[from] item: Leftovers
|turn|27
|
|move|p1a: Umbreon|Protect|p1a: Umbreon
|-singleturn|p1a: Umbreon|Protect
|move|p2a: Metagross|Meteor Mash|p1a: Umbreon
|-activate|p1a: Umbreon|Protect
|
|-heal|p1a: Umbreon|251\/332|[from] move: Wish|[wisher] Umbreon
|-heal|p1a: Umbreon|271\/332|[from] item: Leftovers
|turn|28
|
|move|p2a: Metagross|Meteor Mash|p1a: Umbreon
|-damage|p1a: Umbreon|111\/332
|move|p1a: Umbreon|Wish|p1a: Umbreon
|
|-heal|p1a: Umbreon|131\/332|[from] item: Leftovers
|turn|29
|
|switch|p2a: Keldeo|Keldeo|187\/323 tox
|move|p1a: Umbreon|Protect|p1a: Umbreon
|-fail|p1a: Umbreon
|
|-heal|p1a: Umbreon|297\/332|[from] move: Wish|[wisher] Umbreon
|-heal|p1a: Umbreon|317\/332|[from] item: Leftovers
|-damage|p2a: Keldeo|167\/323 tox|[from] psn
|turn|30
|
|move|p2a: Keldeo|Secret Sword|p1a: Umbreon
|-supereffective|p1a: Umbreon
|-damage|p1a: Umbreon|0 fnt
|faint|p1a: Umbreon
|
|-damage|p2a: Keldeo|127\/323 tox|[from] psn
|
|switch|p1a: Lopunny|Lopunny-Mega, F, shiny|34\/271
|turn|31
|
|move|p1a: Lopunny|Fake Out|p2a: Keldeo
|-damage|p2a: Keldeo|51\/323 tox
|cant|p2a: Keldeo|flinch
|
|-damage|p2a: Keldeo|0 fnt|[from] psn
|faint|p2a: Keldeo
|
|switch|p2a: Metagross|Metagross-Mega, shiny|282\/302
|turn|32
|
|move|p1a: Lopunny|Ice Punch|p2a: Metagross
|-resisted|p2a: Metagross
|-damage|p2a: Metagross|247\/302
|move|p2a: Metagross|Meteor Mash|p1a: Lopunny
|-crit|p1a: Lopunny
|-damage|p1a: Lopunny|0 fnt
|faint|p1a: Lopunny
|
|win|Adri989898
|raw|Ladder updating...
|raw|xCytroptx's rating: 1054 &rarr; <strong>1035<\/strong><br \/>(-19 for losing)
|raw|Adri989898's rating: 1040 &rarr; <strong>1075<\/strong><br \/>(+35 for winning)
|c|âxCytroptx|gg
|leave|xCytroptx
|player|p1