|join|Adri989898
|join|chickenman1212
|player|p1|Adri989898|99
|player|p2|chickenman1212|290
|gametype|singles
|gen|6
|tier|OU (suspect test)
|rated
|clearpoke
|poke|p1|Gallade, M
|poke|p1|Zapdos
|poke|p1|Rotom-Wash
|poke|p1|Heatran, M
|poke|p1|Landorus-Therian, M
|poke|p1|Manaphy
|poke|p2|Altaria, F
|poke|p2|Landorus-Therian, M
|poke|p2|Conkeldurr, F
|poke|p2|Heatran, M
|poke|p2|Florges, F
|poke|p2|Starmie
|rule|Swagger Clause: Swagger is banned
|rule|Baton Pass Clause: Limit one PokÃ©mon knowing Baton Pass
|rule|Sleep Clause Mod: Limit one foe put to sleep
|rule|Species Clause: Limit one of each PokÃ©mon
|rule|OHKO Clause: OHKO moves are banned
|rule|Moody Clause: Moody is banned
|rule|Evasion Moves Clause: Evasion moves are banned
|rule|Endless Battle Clause: Forcing endless battles is banned
|rule|HP Percentage Mod: HP is shown in percentages
|teampreview
|
|start
|switch|p1a: Rotom-Wash|Rotom-Wash|304\/304
|switch|p2a: Altaria|Altaria, F|291\/291
|turn|1
|
|switch|p2a: Florges|Florges, F|359\/359
|move|p1a: Rotom-Wash|Will-O-Wisp|p2a: Florges
|-status|p2a: Florges|brn
|
|-damage|p2a: Florges|315\/359 brn|[from] brn
|turn|2
|
|move|p1a: Rotom-Wash|Volt Switch|p2a: Florges
|-damage|p2a: Florges|273\/359 brn
|
|switch|p1a: Heatran|Heatran, M|386\/386
|move|p2a: Florges|Toxic|p1a: Heatran
|-fail|p1a: Heatran
|
|-heal|p2a: Florges|295\/359 brn|[from] item: Leftovers
|-damage|p2a: Florges|251\/359 brn|[from] brn
|turn|3
|
|switch|p2a: Starmie|Starmie|261\/261
|move|p1a: Heatran|Stealth Rock|p2a: Starmie
|-sidestart|p2: chickenman1212|move: Stealth Rock
|
|turn|4
|
|switch|p1a: Rotom-Wash|Rotom-Wash|304\/304
|move|p2a: Starmie|Rapid Spin|p1a: Rotom-Wash
|-damage|p1a: Rotom-Wash|290\/304
|-sideend|p2: chickenman1212|Stealth Rock|[from] move: Rapid Spin|[of] p2a: Starmie
|-damage|p2a: Starmie|235\/261|[from] item: Life Orb
|
|-heal|p1a: Rotom-Wash|304\/304|[from] item: Leftovers
|turn|5
|
|switch|p2a: Florges|Florges, F|251\/359 brn
|move|p1a: Rotom-Wash|Volt Switch|p2a: Florges
|-damage|p2a: Florges|206\/359 brn
|
|switch|p1a: Manaphy|Manaphy|341\/341
|
|-heal|p2a: Florges|228\/359 brn|[from] item: Leftovers
|-damage|p2a: Florges|184\/359 brn|[from] brn
|turn|6
|
|move|p1a: Manaphy|Tail Glow|p1a: Manaphy
|-boost|p1a: Manaphy|spa|3
|move|p2a: Florges|Toxic|p1a: Manaphy
|-status|p1a: Manaphy|tox
|
|-heal|p2a: Florges|206\/359 brn|[from] item: Leftovers
|-damage|p1a: Manaphy|320\/341 tox|[from] psn
|-damage|p2a: Florges|162\/359 brn|[from] brn
|turn|7
|
|move|p1a: Manaphy|Surf|p2a: Florges
|-damage|p2a: Florges|0 fnt
|faint|p2a: Florges
|
|-heal|p1a: Manaphy|341\/341 tox|[from] item: Leftovers
|-damage|p1a: Manaphy|299\/341 tox|[from] psn
|
|switch|p2a: Conkeldurr|Conkeldurr, F|413\/413
|turn|8
|
|move|p1a: Manaphy|Surf|p2a: Conkeldurr
|-damage|p2a: Conkeldurr|110\/413
|move|p2a: Conkeldurr|Drain Punch|p1a: Manaphy
|-damage|p1a: Manaphy|137\/341 tox
|-heal|p2a: Conkeldurr|191\/413|[from] drain|[of] p1a: Manaphy
|
|-heal|p1a: Manaphy|158\/341 tox|[from] item: Leftovers
|-damage|p1a: Manaphy|95\/341 tox|[from] psn
|turn|9
|
|switch|p1a: Gallade|Gallade, M|278\/278
|switch|p2a: Altaria|Altaria, F|291\/291
|
|turn|10
|
|detailschange|p1a: Gallade|Gallade-Mega, M
|-mega|p1a: Gallade|Gallade|Galladite
|move|p1a: Gallade|Zen Headbutt|p2a: Altaria
|-damage|p2a: Altaria|93\/291
|cant|p2a: Altaria|flinch
|
|turn|11
|
|switch|p2a: Landorus-Therian|Landorus-Therian, M|319\/319
|-ability|p2a: Landorus-Therian|Intimidate|[of] p1a: Gallade
|-unboost|p1a: Gallade|atk|1
|move|p1a: Gallade|Zen Headbutt|p2a: Landorus-Therian
|-damage|p2a: Landorus-Therian|196\/319
|
|turn|12
|
|switch|p2a: Altaria|Altaria, F|93\/291
|switch|p1a: Landorus-Therian|Landorus-Therian, M|319\/319
|-ability|p1a: Landorus-Therian|Intimidate|[of] p2a: Altaria
|-unboost|p2a: Altaria|atk|1
|
|turn|13
|
|detailschange|p2a: Altaria|Altaria-Mega, F
|-mega|p2a: Altaria|Altaria|Altarianite
|move|p1a: Landorus-Therian|Knock Off|p2a: Altaria
|-resisted|p2a: Altaria
|-damage|p2a: Altaria|57\/291
|move|p2a: Altaria|Roost|p2a: Altaria
|-heal|p2a: Altaria|203\/291
|
|turn|14
|
|switch|p1a: Rotom-Wash|Rotom-Wash|304\/304
|move|p2a: Altaria|Dragon Dance|p2a: Altaria
|-boost|p2a: Altaria|atk|1
|-boost|p2a: Altaria|spe|1
|
|turn|15
|
|move|p2a: Altaria|Return|p1a: Rotom-Wash
|-damage|p1a: Rotom-Wash|154\/304
|move|p1a: Rotom-Wash|Will-O-Wisp|p2a: Altaria
|-status|p2a: Altaria|brn
|
|-heal|p1a: Rotom-Wash|173\/304|[from] item: Leftovers
|-damage|p2a: Altaria|167\/291 brn|[from] brn
|turn|16
|
|move|p2a: Altaria|Roost|p2a: Altaria
|-heal|p2a: Altaria|291\/291 brn
|move|p1a: Rotom-Wash|Volt Switch|p2a: Altaria
|-resisted|p2a: Altaria
|-damage|p2a: Altaria|251\/291 brn
|
|switch|p1a: Gallade|Gallade-Mega, M|278\/278
|
|-damage|p2a: Altaria|215\/291 brn|[from] brn
|turn|17
|
|move|p2a: Altaria|Return|p1a: Gallade
|-supereffective|p1a: Gallade
|-damage|p1a: Gallade|54\/278
|move|p1a: Gallade|Zen Headbutt|p2a: Altaria
|-damage|p2a: Altaria|55\/291 brn
|
|-damage|p2a: Altaria|19\/291 brn|[from] brn
|turn|18
|
|switch|p1a: Landorus-Therian|Landorus-Therian, M|319\/319
|-ability|p1a: Landorus-Therian|Intimidate|[of] p2a: Altaria
|-unboost|p2a: Altaria|atk|1
|move|p2a: Altaria|Return|p1a: Landorus-Therian
|-damage|p1a: Landorus-Therian|238\/319
|
|-damage|p2a: Altaria|0 fnt|[from] brn
|faint|p2a: Altaria
|
|switch|p2a: Heatran|Heatran, M|385\/385
|-item|p2a: Heatran|Air Balloon
|turn|19
|
|move|p1a: Landorus-Therian|U-turn|p2a: Heatran
|-resisted|p2a: Heatran
|-damage|p2a: Heatran|362\/385
|-enditem|p2a: Heatran|Air Balloon
|
|switch|p1a: Manaphy|Manaphy|95\/341 tox
|move|p2a: Heatran|Lava Plume|p1a: Manaphy
|-resisted|p1a: Manaphy
|-damage|p1a: Manaphy|20\/341 tox
|
|-heal|p1a: Manaphy|41\/341 tox|[from] item: Leftovers
|-damage|p1a: Manaphy|20\/341 tox|[from] psn
|turn|20
|
|switch|p2a: Starmie|Starmie|235\/261
|move|p1a: Manaphy|Surf|p2a: Starmie
|-resisted|p2a: Starmie
|-damage|p2a: Starmie|164\/261
|
|-heal|p1a: Manaphy|41\/341 tox|[from] item: Leftovers
|-damage|p1a: Manaphy|0 fnt|[from] psn
|faint|p1a: Manaphy
|
|switch|p1a: Landorus-Therian|Landorus-Therian, M|238\/319
|-ability|p1a: Landorus-Therian|Intimidate|[of] p2a: Starmie
|-unboost|p2a: Starmie|atk|1
|turn|21
|
|switch|p2a: Landorus-Therian|Landorus-Therian, M|196\/319
|-ability|p2a: Landorus-Therian|Intimidate|[of] p1a: Landorus-Therian
|-unboost|p1a: Landorus-Therian|atk|1
|move|p1a: Landorus-Therian|U-turn|p2a: Landorus-Therian
|-resisted|p2a: Landorus-Therian
|-damage|p2a: Landorus-Therian|163\/319
|
|switch|p1a: Rotom-Wash|Rotom-Wash|173\/304
|
|-heal|p1a: Rotom-Wash|192\/304|[from] item: Leftovers
|turn|22
|
|move|p2a: Landorus-Therian|U-turn|p1a: Rotom-Wash
|-damage|p1a: Rotom-Wash|130\/304
|
|switch|p2a: Conkeldurr|Conkeldurr, F|191\/413
|move|p1a: Rotom-Wash|Hydro Pump|p2a: Conkeldurr
|-crit|p2a: Conkeldurr
|-damage|p2a: Conkeldurr|11\/413
|
|-heal|p1a: Rotom-Wash|149\/304|[from] item: Leftovers
|turn|23
|
|move|p2a: Conkeldurr|Mach Punch|p1a: Rotom-Wash
|-damage|p1a: Rotom-Wash|91\/304
|move|p1a: Rotom-Wash|Volt Switch|p2a: Conkeldurr
|-damage|p2a: Conkeldurr|0 fnt
|faint|p2a: Conkeldurr
|
|switch|p1a: Landorus-Therian|Landorus-Therian, M|238\/319
|
|
|switch|p2a: Landorus-Therian|Landorus-Therian, M|163\/319
|-ability|p2a: Landorus-Therian|Intimidate|[of] p1a: Landorus-Therian
|-unboost|p1a: Landorus-Therian|atk|1
|turn|24
|
|move|p1a: Landorus-Therian|Knock Off|p2a: Landorus-Therian
|-damage|p2a: Landorus-Therian|73\/319
|-enditem|p2a: Landorus-Therian|Choice Scarf|[from] move: Knock Off|[of] p1a: Landorus-Therian
|move|p2a: Landorus-Therian|Knock Off|p1a: Landorus-Therian
|-damage|p1a: Landorus-Therian|75\/319
|-enditem|p1a: Landorus-Therian|Choice Scarf|[from] move: Knock Off|[of] p2a: Landorus-Therian
|
|turn|25
|
|switch|p1a: Heatran|Heatran, M|386\/386
|move|p2a: Landorus-Therian|Rock Slide|p1a: Heatran
|-damage|p1a: Heatran|286\/386
|
|-heal|p1a: Heatran|310\/386|[from] item: Leftovers
|turn|26
|
|move|p2a: Landorus-Therian|Earthquake|p1a: Heatran
|-supereffective|p1a: Heatran
|-damage|p1a: Heatran|0 fnt
|faint|p1a: Heatran
|
|
|switch|p1a: Gallade|Gallade-Mega, M|54\/278
|turn|27
|
|switch|p2a: Heatran|Heatran, M|362\/385
|move|p1a: Gallade|Zen Headbutt|p2a: Heatran
|-resisted|p2a: Heatran
|-damage|p2a: Heatran|278\/385
|
|turn|28
|
|move|p1a: Gallade|Drain Punch|p2a: Heatran
|-supereffective|p2a: Heatran
|-damage|p2a: Heatran|0 fnt
|-heal|p1a: Gallade|193\/278|[from] drain|[of] p2a: Heatran
|faint|p2a: Heatran
|
|c|âAdri989898|gg
|c|âchickenman1212|gg
|
|switch|p2a: Starmie|Starmie|164\/261
|turn|29
|
|move|p2a: Starmie|Psyshock|p1a: Gallade
|-damage|p1a: Gallade|33\/278
|-damage|p2a: Starmie|138\/261|[from] item: Life Orb
|move|p1a: Gallade|Knock Off|p2a: Starmie
|-supereffective|p2a: Starmie
|-damage|p2a: Starmie|0 fnt
|-enditem|p2a: Starmie|Life Orb|[from] move: Knock Off|[of] p1a: Gallade
|faint|p2a: Starmie
|
|-message|chickenman1212 forfeited.
|
|win|Adri989898
|raw|Ladder updating...
|leave|chickenman1212