|join|pikapooper
|join|Darth Ahsyraq
|player|p1|pikapooper|23
|player|p2|Darth Ahsyraq|52
|gametype|singles
|gen|6
|tier|OU
|rated
|clearpoke
|poke|p1|Mamoswine, M
|poke|p1|Magnezone
|poke|p1|Gyarados, M
|poke|p1|Infernape, F
|poke|p1|Zapdos
|poke|p1|Clefable, F
|poke|p2|Sceptile, M
|poke|p2|Skarmory, M, shiny
|poke|p2|Rotom-Wash
|poke|p2|Bisharp, M
|poke|p2|Gengar, M
|poke|p2|Mamoswine, M
|rule|Swagger Clause: Swagger is banned
|rule|Baton Pass Clause: Limit one PokÃ©mon knowing Baton Pass
|rule|Sleep Clause Mod: Limit one foe put to sleep
|rule|Species Clause: Limit one of each PokÃ©mon
|rule|OHKO Clause: OHKO moves are banned
|rule|Moody Clause: Moody is banned
|rule|Evasion Moves Clause: Evasion moves are banned
|rule|Endless Battle Clause: Forcing endless battles is banned
|rule|HP Percentage Mod: HP is shown in percentages
|teampreview
|
|start
|switch|p1a: Infernape|Infernape, F|293\/293
|switch|p2a: Permaextinct|Mamoswine, M|362\/362
|turn|1
|
|move|p1a: Infernape|Fake Out|p2a: Permaextinct
|-damage|p2a: Permaextinct|292\/362
|-damage|p1a: Infernape|264\/293|[from] item: Life Orb
|cant|p2a: Permaextinct|flinch
|
|turn|2
|
|move|p2a: Permaextinct|Earthquake|p1a: Infernape
|-supereffective|p1a: Infernape
|-damage|p1a: Infernape|0 fnt
|faint|p1a: Infernape
|
|
|switch|p1a: Gyarados|Gyarados, M|331\/331
|-ability|p1a: Gyarados|Intimidate|[of] p2a: Permaextinct
|-unboost|p2a: Permaextinct|atk|1
|turn|3
|join|thelaxmunchlax
|
|switch|p2a: Gronk|Sceptile, M|282\/282
|move|p1a: Gyarados|Dragon Dance|p1a: Gyarados
|-boost|p1a: Gyarados|atk|1
|-boost|p1a: Gyarados|spe|1
|
|turn|4
|
|detailschange|p1a: Gyarados|Gyarados-Mega, M
|message|Gyarados has Mega Evolved into Mega Gyarados!
|-ability|p1a: Gyarados|Mold Breaker
|detailschange|p2a: Gronk|Sceptile-Mega, M
|message|Sceptile has Mega Evolved into Mega Sceptile!
|move|p2a: Gronk|Protect|p2a: Gronk
|-singleturn|p2a: Gronk|Protect
|move|p1a: Gyarados|Crunch|p2a: Gronk
|-activate|p2a: Gronk|Protect
|
|turn|5
|
|move|p2a: Gronk|Giga Drain|p1a: Gyarados
|-supereffective|p1a: Gyarados
|-damage|p1a: Gyarados|97\/331
|move|p1a: Gyarados|Crunch|p2a: Gronk
|-damage|p2a: Gronk|0 fnt
|faint|p2a: Gronk
|
|
|switch|p2a: Deepfried|Skarmory, M, shiny|334\/334
|turn|6
|
|switch|p1a: Zapdos|Zapdos|365\/365
|-ability|p1a: Zapdos|Pressure
|move|p2a: Deepfried|Brave Bird|p1a: Zapdos
|-resisted|p1a: Zapdos
|-damage|p1a: Zapdos|320\/365
|-damage|p2a: Deepfried|319\/334|[from] recoil|[of] p1a: Zapdos
|
|-heal|p1a: Zapdos|342\/365|[from] item: Leftovers
|-heal|p2a: Deepfried|334\/334|[from] item: Leftovers
|turn|7
|
|move|p1a: Zapdos|Heat Wave|p2a: Deepfried
|-supereffective|p2a: Deepfried
|-damage|p2a: Deepfried|66\/334
|move|p2a: Deepfried|Toxic|p1a: Zapdos
|-status|p1a: Zapdos|tox
|
|-heal|p1a: Zapdos|364\/365 tox|[from] item: Leftovers
|-heal|p2a: Deepfried|86\/334|[from] item: Leftovers
|-damage|p1a: Zapdos|342\/365 tox|[from] psn
|turn|8
|
|move|p1a: Zapdos|Volt Switch|p2a: Deepfried
|-supereffective|p2a: Deepfried
|-damage|p2a: Deepfried|0 fnt
|faint|p2a: Deepfried
|
|switch|p1a: Clefable|Clefable, F|382\/382
|
|
|switch|p2a: Deadpool|Bisharp, M|334\/334
|turn|9
|
|switch|p1a: Magnezone|Magnezone|344\/344
|move|p2a: Deadpool|Iron Head|p1a: Magnezone
|-resisted|p1a: Magnezone
|-damage|p1a: Magnezone|313\/344
|
|-heal|p1a: Magnezone|334\/344|[from] item: Leftovers
|turn|10
|
|move|p2a: Deadpool|Knock Off|p1a: Magnezone
|-damage|p1a: Magnezone|166\/344
|-enditem|p1a: Magnezone|Leftovers|[from] move: Knock Off|[of] p2a: Deadpool
|move|p1a: Magnezone|Substitute|p1a: Magnezone
|-start|p1a: Magnezone|Substitute
|-damage|p1a: Magnezone|80\/344
|
|turn|11
|
|move|p2a: Deadpool|Knock Off|p1a: Magnezone
|-end|p1a: Magnezone|Substitute
|move|p1a: Magnezone|Hidden Power|p2a: Deadpool
|-supereffective|p2a: Deadpool
|-damage|p2a: Deadpool|212\/334
|
|turn|12
|
|move|p2a: Deadpool|Knock Off|p1a: Magnezone
|-crit|p1a: Magnezone
|-damage|p1a: Magnezone|0 fnt
|faint|p1a: Magnezone
|
|
|switch|p1a: Zapdos|Zapdos|342\/365 tox
|-ability|p1a: Zapdos|Pressure
|turn|13
|
|move|p2a: Deadpool|Sucker Punch|p1a: Zapdos
|-damage|p1a: Zapdos|218\/365 tox
|move|p1a: Zapdos|Volt Switch|p2a: Deadpool
|-damage|p2a: Deadpool|125\/334
|
|switch|p1a: Mamoswine|Mamoswine, M|361\/361
|
|turn|14
|
|switch|p1a: Zapdos|Zapdos|218\/365 tox
|-ability|p1a: Zapdos|Pressure
|switch|p2a: Woman's work|Rotom-Wash|304\/304
|
|-heal|p1a: Zapdos|240\/365 tox|[from] item: Leftovers
|-damage|p1a: Zapdos|218\/365 tox|[from] psn
|turn|15
|
|move|p1a: Zapdos|Volt Switch|p2a: Woman's work
|-damage|p2a: Woman's work|226\/304
|
|switch|p1a: Clefable|Clefable, F|382\/382
|move|p2a: Woman's work|Volt Switch|p1a: Clefable
|-damage|p1a: Clefable|319\/382
|
|switch|p2a: Deadpool|Bisharp, M|125\/334
|
|-heal|p1a: Clefable|342\/382|[from] item: Leftovers
|turn|16
|
|switch|p1a: Zapdos|Zapdos|218\/365 tox
|-ability|p1a: Zapdos|Pressure
|move|p2a: Deadpool|Iron Head|p1a: Zapdos
|-resisted|p1a: Zapdos
|-damage|p1a: Zapdos|161\/365 tox
|
|-heal|p1a: Zapdos|183\/365 tox|[from] item: Leftovers
|-damage|p1a: Zapdos|161\/365 tox|[from] psn
|turn|17
|
|move|p1a: Zapdos|Roost|p1a: Zapdos
|-heal|p1a: Zapdos|344\/365 tox
|move|p2a: Deadpool|Knock Off|p1a: Zapdos
|-damage|p1a: Zapdos|193\/365 tox
|-enditem|p1a: Zapdos|Leftovers|[from] move: Knock Off|[of] p2a: Deadpool
|
|-damage|p1a: Zapdos|149\/365 tox|[from] psn
|turn|18
|
|move|p1a: Zapdos|Heat Wave|p2a: Deadpool
|-supereffective|p2a: Deadpool
|-damage|p2a: Deadpool|0 fnt
|faint|p2a: Deadpool
|
|-damage|p1a: Zapdos|83\/365 tox|[from] psn
|
|switch|p2a: Permaextinct|Mamoswine, M|292\/362
|turn|19
|
|move|p2a: Permaextinct|Stealth Rock|p1a: Zapdos
|-sidestart|p1: pikapooper|move: Stealth Rock
|move|p1a: Zapdos|Heat Wave|p2a: Permaextinct
|-miss|p1a: Zapdos|p2a: Permaextinct
|
|-damage|p1a: Zapdos|0 fnt|[from] psn
|faint|p1a: Zapdos
|
|switch|p1a: Clefable|Clefable, F|342\/382
|turn|20
|
|switch|p2a: Woman's work|Rotom-Wash|226\/304
|move|p1a: Clefable|Healing Wish|p1a: Clefable
|faint|p1a: Clefable
|
|-heal|p2a: Woman's work|245\/304|[from] item: Leftovers
|
|switch|p1a: Gyarados|Gyarados-Mega, M|97\/331
|-heal|p1a: Gyarados|331\/331|[from] move: Healing Wish
|-damage|p1a: Gyarados|290\/331|[from] Stealth Rock
|-ability|p1a: Gyarados|Mold Breaker
|turn|21
|
|move|p1a: Gyarados|Earthquake|p2a: Woman's work
|-supereffective|p2a: Woman's work
|-damage|p2a: Woman's work|0 fnt
|faint|p2a: Woman's work
|
|
|switch|p2a: Ahsyrah|Gengar, M|261\/261
|turn|22
|
|move|p2a: Ahsyrah|Dazzling Gleam|p1a: Gyarados
|-supereffective|p1a: Gyarados
|-damage|p1a: Gyarados|103\/331
|-damage|p2a: Ahsyrah|235\/261|[from] item: Life Orb
|move|p1a: Gyarados|Crunch|p2a: Ahsyrah
|-supereffective|p2a: Ahsyrah
|-damage|p2a: Ahsyrah|0 fnt
|faint|p2a: Ahsyrah
|
|
|switch|p2a: Permaextinct|Mamoswine, M|292\/362
|turn|23
|
|move|p2a: Permaextinct|Earthquake|p1a: Gyarados
|-damage|p1a: Gyarados|0 fnt
|faint|p1a: Gyarados
|
|
|switch|p1a: Mamoswine|Mamoswine, M|361\/361
|-damage|p1a: Mamoswine|316\/361|[from] Stealth Rock
|turn|24
|
|move|p2a: Permaextinct|Earthquake|p1a: Mamoswine
|-crit|p1a: Mamoswine
|-damage|p1a: Mamoswine|0 fnt
|faint|p1a: Mamoswine
|
|win|Darth Ahsyraq
|raw|Ladder updating...
|raw|pikapooper's rating: 1173 &rarr; <strong>1145<\/strong><br \/>(-28 for losing)
|raw|Darth Ahsyraq's rating: 1130 &rarr; <strong>1158<\/strong><br \/>(+28 for winning)
|c|âpikapooper|... gg
|c| thelaxmunchlax|get rekt
|c|âDarth Ahsyraq|gg
|leave|thelaxmunchlax