|join|waterbottleman7
|join|pikapooper
|player|p1|waterbottleman7|102
|player|p2|pikapooper|29
|gametype|singles
|tier|OU
|rule|Evasion Abilities Clause: Evasion abilities are banned
|clearpoke
|poke|p1|Salamence, M
|poke|p1|Cloyster, F
|poke|p1|Venusaur, F
|poke|p1|Gyarados, F
|poke|p1|Alakazam, F
|poke|p1|Heatran, F
|poke|p2|Espeon, F
|poke|p2|Magmortar, M
|poke|p2|Salamence, M
|poke|p2|Wailord, M
|poke|p2|Electabuzz, M
|poke|p2|Virizion
|rule|Sleep Clause Mod: Limit one foe put to sleep
|rule|Species Clause: Limit one of each Pokemon
|rule|OHKO Clause: OHKO moves are banned
|rule|Moody Clause: Moody is banned
|rule|Evasion Moves Clause: Evasion moves are banned
|rule|HP Percentage Mod: HP is reported as percentages
|teampreview
|callback|decision
|
|start
|switch|p1a: Heatran|Heatran, F|323\/323
|switch|p2a: Electabuzz|Electabuzz, M|272\/272
|turn|1
|callback|decision
|
|switch|p2a: Espeon|Espeon, F|272\/272
|move|p1a: Heatran|Stealth Rock|p2a: Espeon
|move|p2a: Espeon|Stealth Rock|p1a: Heatran|[from]Magic Bounce
|-sidestart|p1: waterbottleman7|move: Stealth Rock
|
|turn|2
|callback|decision
|
|switch|p1a: Cloyster|Cloyster, F|273\/273
|-damage|p1a: Cloyster|205\/273|[from] Stealth Rock
|move|p2a: Espeon|Calm Mind|p2a: Espeon
|-boost|p2a: Espeon|spa|1
|-boost|p2a: Espeon|spd|1
|
|-heal|p1a: Cloyster|222\/273|[from] item: Leftovers
|turn|3
|callback|decision
|
|move|p2a: Espeon|Hidden Power|p1a: Cloyster
|-supereffective|p1a: Cloyster
|-damage|p1a: Cloyster|0 fnt
|faint|p1a: Cloyster
|
|callback|decision
|chat|pikapooper|cya nerd
|
|switch|p1a: Alakazam|Alakazam, F|251\/251
|-damage|p1a: Alakazam|220\/251|[from] Stealth Rock
|turn|4
|callback|decision
|
|move|p2a: Espeon|Shadow Ball|p1a: Alakazam
|-supereffective|p1a: Alakazam
|-damage|p1a: Alakazam|0 fnt
|faint|p1a: Alakazam
|
|callback|decision
|
|switch|p1a: Gyarados|Gyarados, F|332\/332
|-damage|p1a: Gyarados|249\/332|[from] Stealth Rock
|turn|5
|callback|decision
|chat|pikapooper|cyyyaaa nerd
|
|move|p2a: Espeon|Hidden Power|p1a: Gyarados
|-crit|p1a: Gyarados
|-supereffective|p1a: Gyarados
|-damage|p1a: Gyarados|0 fnt
|faint|p1a: Gyarados
|
|callback|decision
|
|switch|p1a: Salamence|Salamence, M|331\/331
|-damage|p1a: Salamence|249\/331|[from] Stealth Rock
|turn|6
|callback|decision
|
|move|p2a: Espeon|Psychic|p1a: Salamence
|-damage|p1a: Salamence|0 fnt
|faint|p1a: Salamence
|
|callback|decision
|
|switch|p1a: Venusaur|Venusaur, F|302\/302
|-damage|p1a: Venusaur|265\/302|[from] Stealth Rock
|turn|7
|callback|decision
|chat|pikapooper|cyaa nerdd
|
|move|p2a: Espeon|Psychic|p1a: Venusaur
|-supereffective|p1a: Venusaur
|-damage|p1a: Venusaur|0 fnt
|faint|p1a: Venusaur
|
|callback|decision
|
|switch|p1a: Heatran|Heatran, F|323\/323
|-damage|p1a: Heatran|283\/323|[from] Stealth Rock
|turn|8
|callback|decision
|
|move|p2a: Espeon|Calm Mind|p2a: Espeon
|-boost|p2a: Espeon|spa|1
|-boost|p2a: Espeon|spd|1
|move|p1a: Heatran|Fire Blast|p2a: Espeon
|-damage|p2a: Espeon|151\/272
|
|turn|9
|callback|decision
|
|move|p2a: Espeon|Psychic|p1a: Heatran
|-resisted|p1a: Heatran
|-damage|p1a: Heatran|127\/323
|move|p1a: Heatran|Payback|p2a: Espeon
|-supereffective|p2a: Espeon
|-damage|p2a: Espeon|0 fnt
|faint|p2a: Espeon
|
|callback|decision
|
|switch|p2a: Wailord|Wailord, M|544\/544
|turn|10
|callback|decision
|
|move|p1a: Heatran|Payback|p2a: Wailord
|-damage|p2a: Wailord|479\/544
|move|p2a: Wailord|Water Spout|p1a: Heatran
|-supereffective|p1a: Heatran
|-damage|p1a: Heatran|0 fnt
|faint|p1a: Heatran
|
|win|pikapooper
|chat|pikapooper|ezz game
|leave|waterbottleman7
|player|p1