|join|pikapooper
|join|HanakoToast
|player|p1|pikapooper|29
|player|p2|HanakoToast|115
|gametype|singles
|tier|OU
|rated
|rule|Evasion Abilities Clause: Evasion abilities are banned
|clearpoke
|poke|p1|Salamence, F
|poke|p1|Heatran, F
|poke|p1|Jirachi
|poke|p1|Hariyama, M
|poke|p1|Starmie
|poke|p1|Electivire, F
|poke|p2|Togekiss, F
|poke|p2|Sigilyph, M
|poke|p2|Steelix, M
|poke|p2|Igglybuff, F
|poke|p2|Gardevoir, F
|poke|p2|Wailord, M
|rule|Sleep Clause Mod: Limit one foe put to sleep
|rule|Species Clause: Limit one of each Pokemon
|rule|OHKO Clause: OHKO moves are banned
|rule|Moody Clause: Moody is banned
|rule|Evasion Moves Clause: Evasion moves are banned
|rule|HP Percentage Mod: HP is reported as percentages
|teampreview
|callback|decision
|join|Xloudman
|chat|Xloudman|5s
|join|bigbobxc
|chat|Xloudman|5st
|join|Monkenizer
|join|Champ. Gary Oak
|join|WetBroom
|
|start
|switch|p1a: Hariyama|Hariyama, M|492\/492
|switch|p2a: WHALE WARS|Wailord, M|481\/481
|-ability|p2a: WHALE WARS|Pressure
|turn|1
|callback|decision
|chat|Xloudman|>pikapooper
|join|FUCKING HYPER BEAM
|join|freshyfresh
|join|le shitpostan face
|chat|Champ. Gary Oak|>pikapooper
|
|move|p2a: WHALE WARS|Water Spout|p1a: Hariyama
|-damage|p1a: Hariyama|168\/492
|move|p1a: Hariyama|Close Combat|p2a: WHALE WARS
|-damage|p2a: WHALE WARS|51\/481
|-unboost|p1a: Hariyama|def|1
|-unboost|p1a: Hariyama|spd|1
|
|-heal|p1a: Hariyama|198\/492|[from] item: Leftovers
|turn|2
|callback|decision
|chat|freshyfresh|>PIKAPOOPER
|chat|Champ. Gary Oak|I like 4\/6 of this guy's team
|
|switch|p2a: TOTEM OF BLOOD|Sigilyph, M|348\/348
|move|p1a: Hariyama|Bullet Punch|p2a: TOTEM OF BLOOD
|-damage|p2a: TOTEM OF BLOOD|288\/348
|
|-heal|p1a: Hariyama|228\/492|[from] item: Leftovers
|-activate|p2a: TOTEM OF BLOOD|item: Flame Orb
|-status|p2a: TOTEM OF BLOOD|brn
|turn|3
|callback|decision
|join|Metropolis99
|join|DFMatt
|chat|freshyfresh|>p-put it in my p-pikapooper ash-senpai~ 
|chat|Champ. Gary Oak|lel
|
|switch|p1a: Jirachi|Jirachi|342\/342
|move|p2a: TOTEM OF BLOOD|Cosmic Power|p2a: TOTEM OF BLOOD
|-boost|p2a: TOTEM OF BLOOD|def|1
|-boost|p2a: TOTEM OF BLOOD|spd|1
|
|turn|4
|callback|decision
|join|LelLolLalLul
|leave|Monkenizer
|join|blast burn is op
|join|Monkenizer
|
|move|p1a: Jirachi|Ice Punch|p2a: TOTEM OF BLOOD
|-supereffective|p2a: TOTEM OF BLOOD
|-damage|p2a: TOTEM OF BLOOD|178\/348 brn
|cant|p2a: TOTEM OF BLOOD|flinch
|
|turn|5
|callback|decision
|chat|HanakoToast|wat
|join|Glitch-kun
|
|move|p1a: Jirachi|Ice Punch|p2a: TOTEM OF BLOOD
|-supereffective|p2a: TOTEM OF BLOOD
|-damage|p2a: TOTEM OF BLOOD|66\/348 brn
|move|p2a: TOTEM OF BLOOD|Psycho Shift|p1a: Jirachi
|-status|p1a: Jirachi|brn
|-curestatus|p2a: TOTEM OF BLOOD|brn
|
|-damage|p1a: Jirachi|300\/342 brn|[from] brn
|-activate|p2a: TOTEM OF BLOOD|item: Flame Orb
|-status|p2a: TOTEM OF BLOOD|brn
|turn|6
|callback|decision
|chat|freshyfresh|is dat some kings rock
|chat|pikapooper|yaps
|
|move|p1a: Jirachi|Ice Punch|p2a: TOTEM OF BLOOD
|-supereffective|p2a: TOTEM OF BLOOD
|-damage|p2a: TOTEM OF BLOOD|4\/348 brn
|move|p2a: TOTEM OF BLOOD|Roost|p2a: TOTEM OF BLOOD
|-heal|p2a: TOTEM OF BLOOD|178\/348 brn
|
|-damage|p1a: Jirachi|258\/342 brn|[from] brn
|turn|7
|callback|decision
|
|switch|p1a: Hariyama|Hariyama, M|228\/492
|move|p2a: TOTEM OF BLOOD|Roost|p2a: TOTEM OF BLOOD
|-heal|p2a: TOTEM OF BLOOD|348\/348 brn
|
|-heal|p1a: Hariyama|258\/492|[from] item: Leftovers
|turn|8
|callback|decision
|chat|Metropolis99|I thought kings rock + serene grace didn't stack
|chat|Champ. Gary Oak|le roost boost faec
|
|move|p2a: TOTEM OF BLOOD|Cosmic Power|p2a: TOTEM OF BLOOD
|-boost|p2a: TOTEM OF BLOOD|def|1
|-boost|p2a: TOTEM OF BLOOD|spd|1
|move|p1a: Hariyama|Stone Edge|p2a: TOTEM OF BLOOD
|-supereffective|p2a: TOTEM OF BLOOD
|-damage|p2a: TOTEM OF BLOOD|200\/348 brn
|
|-heal|p1a: Hariyama|288\/492|[from] item: Leftovers
|turn|9
|callback|decision
|
|move|p2a: TOTEM OF BLOOD|Cosmic Power|p2a: TOTEM OF BLOOD
|-boost|p2a: TOTEM OF BLOOD|def|1
|-boost|p2a: TOTEM OF BLOOD|spd|1
|move|p1a: Hariyama|Stone Edge|p2a: TOTEM OF BLOOD
|-supereffective|p2a: TOTEM OF BLOOD
|-damage|p2a: TOTEM OF BLOOD|84\/348 brn
|
|-heal|p1a: Hariyama|318\/492|[from] item: Leftovers
|turn|10
|callback|decision
|chat|Champ. Gary Oak|it doesn't on moves with a flinch chance
|
|switch|p1a: Salamence|Salamence, F|332\/332
|move|p2a: TOTEM OF BLOOD|Roost|p2a: TOTEM OF BLOOD
|-heal|p2a: TOTEM OF BLOOD|258\/348 brn
|
|turn|11
|callback|decision
|chat|freshyfresh|pretty sure it does
|chat|freshyfresh|just doesnt work as well as youd think
|
|move|p1a: Salamence|Earthquake|p2a: TOTEM OF BLOOD
|-immune|p2a: TOTEM OF BLOOD|[msg]
|move|p2a: TOTEM OF BLOOD|Psycho Shift|p1a: Salamence
|-status|p1a: Salamence|brn
|-curestatus|p2a: TOTEM OF BLOOD|brn
|
|-damage|p1a: Salamence|291\/332 brn|[from] brn
|-activate|p2a: TOTEM OF BLOOD|item: Flame Orb
|-status|p2a: TOTEM OF BLOOD|brn
|turn|12
|callback|decision
|chat|Xloudman|>muh button
|chat|le shitpostan face|lel
|chat|Xloudman|EARTHQUAKE
|chat|HanakoToast|wat
|chat|Champ. Gary Oak|>EARTHQUAKE
|chat|Champ. Gary Oak|U WOT M8
|
|move|p1a: Salamence|Dragon Claw|p2a: TOTEM OF BLOOD
|-damage|p2a: TOTEM OF BLOOD|215\/348 brn
|-damage|p1a: Salamence|258\/332 brn|[from] item: Life Orb
|move|p2a: TOTEM OF BLOOD|Cosmic Power|p2a: TOTEM OF BLOOD
|-boost|p2a: TOTEM OF BLOOD|def|1
|-boost|p2a: TOTEM OF BLOOD|spd|1
|
|-damage|p1a: Salamence|217\/332 brn|[from] brn
|turn|13
|callback|decision
|join|Bert Macklin
|chat|Champ. Gary Oak|>life orb moxiemance
|
|switch|p1a: Heatran|Heatran, F|323\/323
|move|p2a: TOTEM OF BLOOD|Cosmic Power|p2a: TOTEM OF BLOOD
|-boost|p2a: TOTEM OF BLOOD|def|1
|-boost|p2a: TOTEM OF BLOOD|spd|1
|
|turn|14
|callback|decision
|chat|freshyfresh|BALK
|join|smells
|
|move|p1a: Heatran|Eruption|p2a: TOTEM OF BLOOD
|-damage|p2a: TOTEM OF BLOOD|118\/348 brn
|move|p2a: TOTEM OF BLOOD|Cosmic Power|p2a: TOTEM OF BLOOD
|-boost|p2a: TOTEM OF BLOOD|def|1
|-boost|p2a: TOTEM OF BLOOD|spd|1
|
|turn|15
|callback|decision
|chat|freshyfresh|IT'S BALK TIME
|chat|freshyfresh|NO DAD NO
|chat|smells|>not sending out igglybuff against salamence
|
|move|p1a: Heatran|Eruption|p2a: TOTEM OF BLOOD
|-damage|p2a: TOTEM OF BLOOD|36\/348 brn
|move|p2a: TOTEM OF BLOOD|Roost|p2a: TOTEM OF BLOOD
|-heal|p2a: TOTEM OF BLOOD|210\/348 brn
|
|turn|16
|callback|decision
|chat|Champ. Gary Oak|>eruption heatran
|
|move|p1a: Heatran|Eruption|p2a: TOTEM OF BLOOD
|-damage|p2a: TOTEM OF BLOOD|120\/348 brn
|move|p2a: TOTEM OF BLOOD|Roost|p2a: TOTEM OF BLOOD
|-heal|p2a: TOTEM OF BLOOD|294\/348 brn
|
|turn|17
|callback|decision
|chat|Glitch-kun|button time
|
|move|p1a: Heatran|Eruption|p2a: TOTEM OF BLOOD
|-damage|p2a: TOTEM OF BLOOD|200\/348 brn
|move|p2a: TOTEM OF BLOOD|Roost|p2a: TOTEM OF BLOOD
|-heal|p2a: TOTEM OF BLOOD|348\/348 brn
|
|turn|18
|callback|decision
|
|switch|p1a: Starmie|Starmie|262\/262
|move|p2a: TOTEM OF BLOOD|Stored Power|p1a: Starmie
|-crit|p1a: Starmie
|-resisted|p1a: Starmie
|-damage|p1a: Starmie|0 fnt
|faint|p1a: Starmie
|
|callback|decision
|chat|Champ. Gary Oak|LEL
|chat|Xloudman|krekt
|chat|pikapooper|lol
|chat|HanakoToast|rekt
|chat|pikapooper|gg
|chat|pikapooper|pce
|chat|le shitpostan face|oh god
|-message|pikapooper forfeited.
|
|win|HanakoToast
|raw|Ladder updating...
|chat|freshyfresh|de_stroyed
|leave|pikapooper
|player|p1
|raw|pikapooper's rating: 1327 &rarr; <strong>1324<\/strong><br \/>(-3 for losing)
|raw|HanakoToast's rating: 1416 &rarr; <strong>1422<\/strong><br \/>(+6 for winning)
|chat|Xloudman|FORFEIT
|chat|HanakoToast|pussy
|chat|Champ. Gary Oak|>pce
|chat|Champ. Gary Oak|faggot
|chat|le shitpostan face|lel
|leave|bigbobxc
|leave|le shitpostan face
|chat|freshyfresh|PIKAPOOPER MORE LIKE PIKA SHIT ON
|leave|freshyfresh