|join|pikapooper
|join|Caladrius
|player|p1|pikapooper|29
|player|p2|Caladrius|169
|gametype|singles
|tier|OU
|rated
|rule|Evasion Abilities Clause: Evasion abilities are banned
|clearpoke
|poke|p1|Salamence, F
|poke|p1|Heatran, M
|poke|p1|Jirachi
|poke|p1|Hariyama, F
|poke|p1|Starmie
|poke|p1|Electivire, F
|poke|p2|Machamp, M
|poke|p2|Nidoqueen, F
|poke|p2|Starmie
|poke|p2|Dragonite, F
|poke|p2|Umbreon, M
|poke|p2|Gengar, M, shiny
|rule|Sleep Clause Mod: Limit one foe put to sleep
|rule|Species Clause: Limit one of each Pokemon
|rule|OHKO Clause: OHKO moves are banned
|rule|Moody Clause: Moody is banned
|rule|Evasion Moves Clause: Evasion moves are banned
|rule|HP Percentage Mod: HP is reported as percentages
|teampreview
|callback|decision
|
|start
|switch|p1a: Starmie|Starmie|262\/262
|switch|p2a: Cersei|Nidoqueen, F|384\/384
|turn|1
|callback|decision
|
|move|p1a: Starmie|Psychic|p2a: Cersei
|-supereffective|p2a: Cersei
|-damage|p2a: Cersei|10\/384
|move|p2a: Cersei|Stealth Rock|p1a: Starmie
|-sidestart|p1: pikapooper|move: Stealth Rock
|
|-heal|p2a: Cersei|34\/384|[from] item: Black Sludge
|turn|2
|callback|decision
|
|switch|p2a: Jensen|Umbreon, M|394\/394
|move|p1a: Starmie|Psychic|p2a: Jensen
|-immune|p2a: Jensen|[msg]
|
|turn|3
|callback|decision
|
|switch|p1a: Heatran|Heatran, M|323\/323
|-damage|p1a: Heatran|283\/323|[from] Stealth Rock
|move|p2a: Jensen|Toxic|p1a: Heatran
|
|turn|4
|callback|decision
|
|move|p2a: Jensen|Protect|p2a: Jensen
|-singleturn|p2a: Jensen|Protect
|move|p1a: Heatran|Hidden Power|p2a: Jensen
|-activate|p2a: Jensen|Protect
|
|turn|5
|callback|decision
|
|move|p1a: Heatran|Hidden Power|p2a: Jensen
|-damage|p2a: Jensen|343\/394
|move|p2a: Jensen|Wish|p2a: Jensen
|
|-heal|p2a: Jensen|367\/394|[from] item: Leftovers
|turn|6
|callback|decision
|
|switch|p1a: Hariyama|Hariyama, F|492\/492
|-damage|p1a: Hariyama|462\/492|[from] Stealth Rock
|switch|p2a: Cersei|Nidoqueen, F|34\/384
|
|-heal|p2a: Cersei|231\/384|[from] move: Wish|[wisher] Jensen
|-heal|p2a: Cersei|255\/384|[from] item: Black Sludge
|-heal|p1a: Hariyama|492\/492|[from] item: Leftovers
|turn|7
|callback|decision
|
|switch|p2a: Casper|Gengar, M, shiny|261\/261
|move|p1a: Hariyama|Ice Punch|p2a: Casper
|-damage|p2a: Casper|131\/261
|
|-heal|p2a: Casper|147\/261|[from] item: Leftovers
|turn|8
|callback|decision
|
|move|p2a: Casper|Shadow Ball|p1a: Hariyama
|-damage|p1a: Hariyama|300\/492
|move|p1a: Hariyama|Ice Punch|p2a: Casper
|-damage|p2a: Casper|10\/261
|
|-heal|p2a: Casper|26\/261|[from] item: Leftovers
|-heal|p1a: Hariyama|330\/492|[from] item: Leftovers
|turn|9
|callback|decision
|
|move|p2a: Casper|Shadow Ball|p1a: Hariyama
|-damage|p1a: Hariyama|144\/492
|move|p1a: Hariyama|Ice Punch|p2a: Casper
|-damage|p2a: Casper|0 fnt
|faint|p2a: Casper
|
|-heal|p1a: Hariyama|174\/492|[from] item: Leftovers
|callback|decision
|
|switch|p2a: Rocky|Machamp, M|323\/323
|turn|10
|callback|decision
|
|switch|p1a: Starmie|Starmie|262\/262
|-damage|p1a: Starmie|230\/262|[from] Stealth Rock
|move|p2a: Rocky|DynamicPunch|p1a: Starmie
|-resisted|p1a: Starmie
|-damage|p1a: Starmie|121\/262
|-start|p1a: Starmie|confusion
|
|turn|11
|callback|decision
|
|-activate|p1a: Starmie|confusion
|move|p1a: Starmie|Psychic|p2a: Rocky
|-supereffective|p2a: Rocky
|-damage|p2a: Rocky|0 fnt
|faint|p2a: Rocky
|
|callback|decision
|
|switch|p2a: Saphira|Dragonite, F|350\/350
|turn|12
|callback|decision
|
|switch|p1a: Heatran|Heatran, M|283\/323
|-damage|p1a: Heatran|243\/323|[from] Stealth Rock
|move|p2a: Saphira|Dragon Dance|p2a: Saphira
|-boost|p2a: Saphira|atk|1
|-boost|p2a: Saphira|spe|1
|
|turn|13
|callback|decision
|
|move|p2a: Saphira|Dragon Dance|p2a: Saphira
|-boost|p2a: Saphira|atk|1
|-boost|p2a: Saphira|spe|1
|move|p1a: Heatran|Dragon Pulse|p2a: Saphira
|-supereffective|p2a: Saphira
|-damage|p2a: Saphira|226\/350
|
|-heal|p2a: Saphira|247\/350|[from] item: Leftovers
|turn|14
|callback|decision
|
|move|p2a: Saphira|Outrage|p1a: Heatran
|-resisted|p1a: Heatran
|-damage|p1a: Heatran|60\/323
|move|p1a: Heatran|Dragon Pulse|p2a: Saphira
|-supereffective|p2a: Saphira
|-damage|p2a: Saphira|15\/350
|
|-heal|p2a: Saphira|36\/350|[from] item: Leftovers
|turn|15
|callback|decision
|
|switch|p1a: Jirachi|Jirachi|342\/342
|-damage|p1a: Jirachi|321\/342|[from] Stealth Rock
|move|p2a: Saphira|Outrage|p1a: Jirachi
|-resisted|p1a: Jirachi
|-damage|p1a: Jirachi|110\/342
|
|-end|p2a: Saphira|rampage
|-start|p2a: Saphira|confusion
|-heal|p2a: Saphira|57\/350|[from] item: Leftovers
|turn|16
|callback|decision
|
|switch|p2a: Jensen|Umbreon, M|367\/394
|move|p1a: Jirachi|Ice Punch|p2a: Jensen
|-damage|p2a: Jensen|294\/394
|
|-heal|p2a: Jensen|318\/394|[from] item: Leftovers
|turn|17
|callback|decision
|
|move|p1a: Jirachi|Drain Punch|p2a: Jensen
|-supereffective|p2a: Jensen
|-damage|p2a: Jensen|170\/394
|-heal|p1a: Jirachi|184\/342|[from] drain|[of] p2a: Jensen
|move|p2a: Jensen|Wish|p2a: Jensen
|
|-heal|p2a: Jensen|194\/394|[from] item: Leftovers
|turn|18
|callback|decision
|
|switch|p2a: Patrick|Starmie|324\/324
|move|p1a: Jirachi|Drain Punch|p2a: Patrick
|-resisted|p2a: Patrick
|-damage|p2a: Patrick|284\/324
|-heal|p1a: Jirachi|204\/342|[from] drain|[of] p2a: Patrick
|
|-heal|p2a: Patrick|324\/324|[from] move: Wish|[wisher] Jensen
|turn|19
|callback|decision
|
|switch|p1a: Electivire|Electivire, F|354\/354
|-damage|p1a: Electivire|310\/354|[from] Stealth Rock
|move|p2a: Patrick|Surf|p1a: Electivire
|-damage|p1a: Electivire|171\/354
|
|turn|20
|callback|decision
|
|switch|p2a: Cersei|Nidoqueen, F|255\/384
|move|p1a: Electivire|ThunderPunch|p2a: Cersei
|-immune|p2a: Cersei|[msg]
|
|-heal|p2a: Cersei|279\/384|[from] item: Black Sludge
|turn|21
|callback|decision
|
|move|p1a: Electivire|Ice Punch|p2a: Cersei
|-supereffective|p2a: Cersei
|-damage|p2a: Cersei|73\/384
|move|p2a: Cersei|Earthquake|p1a: Electivire
|-supereffective|p1a: Electivire
|-damage|p1a: Electivire|0 fnt
|faint|p1a: Electivire
|
|-heal|p2a: Cersei|97\/384|[from] item: Black Sludge
|callback|decision
|
|switch|p1a: Heatran|Heatran, M|60\/323
|-damage|p1a: Heatran|20\/323|[from] Stealth Rock
|turn|22
|callback|decision
|
|move|p1a: Heatran|Dragon Pulse|p2a: Cersei
|-damage|p2a: Cersei|1\/384
|move|p2a: Cersei|Earthquake|p1a: Heatran
|-supereffective|p1a: Heatran
|-damage|p1a: Heatran|0 fnt
|faint|p1a: Heatran
|
|-heal|p2a: Cersei|25\/384|[from] item: Black Sludge
|callback|decision
|
|switch|p1a: Salamence|Salamence, F|332\/332
|-damage|p1a: Salamence|249\/332|[from] Stealth Rock
|turn|23
|callback|decision
|
|move|p1a: Salamence|Dragon Dance|p1a: Salamence
|-boost|p1a: Salamence|atk|1
|-boost|p1a: Salamence|spe|1
|move|p2a: Cersei|ThunderPunch|p1a: Salamence
|-damage|p1a: Salamence|179\/332
|-status|p1a: Salamence|par
|
|-heal|p2a: Cersei|49\/384|[from] item: Black Sludge
|turn|24
|callback|decision
|
|move|p1a: Salamence|Dragon Claw|p2a: Cersei
|-damage|p2a: Cersei|0 fnt
|-damage|p1a: Salamence|146\/332 par|[from] item: Life Orb
|faint|p2a: Cersei
|-boost|p1a: Salamence|atk|1|[from] ability: Moxie
|
|callback|decision
|
|switch|p2a: Patrick|Starmie|324\/324
|turn|25
|callback|decision
|
|move|p2a: Patrick|Ice Beam|p1a: Salamence
|-supereffective|p1a: Salamence
|-damage|p1a: Salamence|0 fnt
|faint|p1a: Salamence
|
|callback|decision
|
|switch|p1a: Starmie|Starmie|121\/262
|-damage|p1a: Starmie|89\/262|[from] Stealth Rock
|turn|26
|callback|decision
|
|switch|p2a: Jensen|Umbreon, M|194\/394
|move|p1a: Starmie|Thunderbolt|p2a: Jensen
|-damage|p2a: Jensen|108\/394
|
|-heal|p2a: Jensen|132\/394|[from] item: Leftovers
|turn|27
|callback|decision
|
|switch|p1a: Jirachi|Jirachi|204\/342
|-damage|p1a: Jirachi|183\/342|[from] Stealth Rock
|move|p2a: Jensen|Wish|p2a: Jensen
|
|-heal|p2a: Jensen|156\/394|[from] item: Leftovers
|turn|28
|callback|decision
|
|switch|p2a: Saphira|Dragonite, F|57\/350
|move|p1a: Jirachi|Drain Punch|p2a: Saphira
|-resisted|p2a: Saphira
|-damage|p2a: Saphira|21\/350
|-heal|p1a: Jirachi|201\/342|[from] drain|[of] p2a: Saphira
|
|-heal|p2a: Saphira|218\/350|[from] move: Wish|[wisher] Jensen
|-heal|p2a: Saphira|239\/350|[from] item: Leftovers
|turn|29
|callback|decision
|
|switch|p2a: Patrick|Starmie|324\/324
|move|p1a: Jirachi|Ice Punch|p2a: Patrick
|-resisted|p2a: Patrick
|-damage|p2a: Patrick|281\/324
|-status|p2a: Patrick|frz
|
|-heal|p2a: Patrick|301\/324 frz|[from] item: Leftovers
|turn|30
|callback|decision
|
|switch|p1a: Starmie|Starmie|89\/262
|-damage|p1a: Starmie|57\/262|[from] Stealth Rock
|cant|p2a: Patrick|frz
|
|-heal|p2a: Patrick|321\/324 frz|[from] item: Leftovers
|turn|31
|callback|decision
|
|move|p1a: Starmie|Ice Beam|p2a: Patrick
|-resisted|p2a: Patrick
|-damage|p2a: Patrick|248\/324 frz
|cant|p2a: Patrick|frz
|
|-heal|p2a: Patrick|268\/324 frz|[from] item: Leftovers
|turn|32
|callback|decision
|
|move|p1a: Starmie|Ice Beam|p2a: Patrick
|-resisted|p2a: Patrick
|-damage|p2a: Patrick|191\/324 frz
|cant|p2a: Patrick|frz
|
|-heal|p2a: Patrick|211\/324 frz|[from] item: Leftovers
|turn|33
|callback|decision
|
|move|p1a: Starmie|Ice Beam|p2a: Patrick
|-resisted|p2a: Patrick
|-damage|p2a: Patrick|141\/324 frz
|cant|p2a: Patrick|frz
|
|-heal|p2a: Patrick|161\/324 frz|[from] item: Leftovers
|turn|34
|callback|decision
|
|move|p1a: Starmie|Ice Beam|p2a: Patrick
|-resisted|p2a: Patrick
|-damage|p2a: Patrick|88\/324 frz
|cant|p2a: Patrick|frz
|
|-heal|p2a: Patrick|108\/324 frz|[from] item: Leftovers
|turn|35
|callback|decision
|
|move|p1a: Starmie|Ice Beam|p2a: Patrick
|-resisted|p2a: Patrick
|-damage|p2a: Patrick|35\/324 frz
|cant|p2a: Patrick|frz
|
|-heal|p2a: Patrick|55\/324 frz|[from] item: Leftovers
|turn|36
|callback|decision
|chat|Caladrius|...
|
|switch|p2a: Jensen|Umbreon, M|156\/394
|move|p1a: Starmie|Ice Beam|p2a: Jensen
|-damage|p2a: Jensen|72\/394
|
|-heal|p2a: Jensen|96\/394|[from] item: Leftovers
|turn|37
|callback|decision
|
|switch|p1a: Jirachi|Jirachi|201\/342
|-damage|p1a: Jirachi|180\/342|[from] Stealth Rock
|move|p2a: Jensen|Wish|p2a: Jensen
|
|-heal|p2a: Jensen|120\/394|[from] item: Leftovers
|turn|38
|callback|decision
|
|switch|p1a: Starmie|Starmie|57\/262
|-damage|p1a: Starmie|25\/262|[from] Stealth Rock
|switch|p2a: Patrick|Starmie|55\/324
|
|-heal|p2a: Patrick|252\/324|[from] move: Wish|[wisher] Jensen
|-heal|p2a: Patrick|272\/324|[from] item: Leftovers
|turn|39
|callback|decision
|
|switch|p2a: Saphira|Dragonite, F|239\/350
|move|p1a: Starmie|Thunderbolt|p2a: Saphira
|-damage|p2a: Saphira|110\/350
|
|-heal|p2a: Saphira|131\/350|[from] item: Leftovers
|turn|40
|callback|decision
|
|move|p2a: Saphira|ExtremeSpeed|p1a: Starmie
|-damage|p1a: Starmie|0 fnt
|faint|p1a: Starmie
|
|-heal|p2a: Saphira|152\/350|[from] item: Leftovers
|callback|decision
|
|switch|p1a: Jirachi|Jirachi|180\/342
|-damage|p1a: Jirachi|159\/342|[from] Stealth Rock
|turn|41
|callback|decision
|
|switch|p2a: Patrick|Starmie|272\/324
|move|p1a: Jirachi|Ice Punch|p2a: Patrick
|-resisted|p2a: Patrick
|-damage|p2a: Patrick|230\/324
|
|-heal|p2a: Patrick|250\/324|[from] item: Leftovers
|turn|42
|callback|decision
|
|move|p1a: Jirachi|Iron Head|p2a: Patrick
|-resisted|p2a: Patrick
|-damage|p2a: Patrick|185\/324
|move|p2a: Patrick|Surf|p1a: Jirachi
|-damage|p1a: Jirachi|51\/342
|
|-heal|p2a: Patrick|205\/324|[from] item: Leftovers
|turn|43
|callback|decision
|
|move|p1a: Jirachi|Iron Head|p2a: Patrick
|-resisted|p2a: Patrick
|-damage|p2a: Patrick|141\/324
|move|p2a: Patrick|Surf|p1a: Jirachi
|-damage|p1a: Jirachi|0 fnt
|faint|p1a: Jirachi
|
|-heal|p2a: Patrick|161\/324|[from] item: Leftovers
|callback|decision
|
|switch|p1a: Hariyama|Hariyama, F|174\/492
|-damage|p1a: Hariyama|144\/492|[from] Stealth Rock
|turn|44
|callback|decision
|
|move|p2a: Patrick|Surf|p1a: Hariyama
|-damage|p1a: Hariyama|0 fnt
|faint|p1a: Hariyama
|
|win|Caladrius
|raw|Ladder updating...
|raw|pikapooper's rating: 1271 &rarr; <strong>1266<\/strong><br \/>(-5 for losing)
|raw|Caladrius's rating: 1244 &rarr; <strong>1269<\/strong><br \/>(+25 for winning)
|leave|pikapooper
|player|p1