|join|pikapooper
|join|Faisalkhan10010
|player|p1|pikapooper|29
|player|p2|Faisalkhan10010|102
|gametype|singles
|tier|OU
|rated
|rule|Evasion Abilities Clause: Evasion abilities are banned
|clearpoke
|poke|p1|Reuniclus, F
|poke|p1|Throh, M
|poke|p1|Latias, F
|poke|p1|Scizor, M
|poke|p1|Porygon2
|poke|p1|Slowking, M
|poke|p2|Scizor, F
|poke|p2|Froslass, F
|poke|p2|Heracross, M
|poke|p2|Starmie
|poke|p2|Breloom, M
|poke|p2|Umbreon, M
|rule|Sleep Clause Mod: Limit one foe put to sleep
|rule|Species Clause: Limit one of each Pokemon
|rule|OHKO Clause: OHKO moves are banned
|rule|Moody Clause: Moody is banned
|rule|Evasion Moves Clause: Evasion moves are banned
|rule|HP Percentage Mod: HP is reported as percentages
|teampreview
|callback|decision
|
|start
|switch|p1a: Throh|Throh, M|407\/407
|switch|p2a: Froslass|Froslass, F|343\/343
|turn|1
|callback|decision
|
|move|p2a: Froslass|Spikes|p1a: Throh
|-sidestart|p1: pikapooper|Spikes
|move|p1a: Throh|Fire Punch|p2a: Froslass
|-supereffective|p2a: Froslass
|-damage|p2a: Froslass|5\/343
|
|-heal|p2a: Froslass|26\/343|[from] item: Leftovers
|turn|2
|callback|decision
|
|switch|p1a: Scizor|Scizor, M|308\/308
|-damage|p1a: Scizor|270\/308|[from] Spikes
|move|p2a: Froslass|Pain Split|p1a: Scizor
|-sethp|p1a: Scizor|148\/308|p2a: Froslass|148\/343|[from] move: Pain Split
|
|-heal|p2a: Froslass|169\/343|[from] item: Leftovers
|turn|3
|callback|decision
|
|switch|p2a: Scizor|Scizor, F|343\/343
|move|p1a: Scizor|Bullet Punch|p2a: Scizor
|-resisted|p2a: Scizor
|-damage|p2a: Scizor|262\/343
|-damage|p1a: Scizor|118\/308|[from] item: Life Orb
|
|turn|4
|callback|decision
|
|move|p1a: Scizor|Swords Dance|p1a: Scizor
|-boost|p1a: Scizor|atk|2
|move|p2a: Scizor|Aerial Ace|p1a: Scizor
|-damage|p1a: Scizor|7\/308
|
|turn|5
|callback|decision
|
|move|p2a: Scizor|Bullet Punch|p1a: Scizor
|-resisted|p1a: Scizor
|-damage|p1a: Scizor|0 fnt
|faint|p1a: Scizor
|
|callback|decision
|
|switch|p1a: Latias|Latias, F|301\/301
|turn|6
|callback|decision
|
|move|p1a: Latias|Hidden Power|p2a: Scizor
|-supereffective|p2a: Scizor
|-enditem|p2a: Scizor|Occa Berry|[eat]
|-damage|p2a: Scizor|74\/343
|move|p2a: Scizor|U-turn|p1a: Latias
|-supereffective|p1a: Latias
|-damage|p1a: Latias|25\/301
|callback|decision
|
|switch|p2a: Umbreon|Umbreon, M|394\/394
|
|turn|7
|callback|decision
|
|move|p1a: Latias|Roost|p1a: Latias
|-heal|p1a: Latias|176\/301
|move|p2a: Umbreon|Payback|p1a: Latias
|-supereffective|p1a: Latias
|-damage|p1a: Latias|14\/301
|
|turn|8
|callback|decision
|
|switch|p1a: Porygon2|Porygon2|345\/345
|-damage|p1a: Porygon2|302\/345|[from] Spikes
|-boost|p1a: Porygon2|atk|1|[from] ability: Download
|move|p2a: Umbreon|Payback|p1a: Porygon2
|-damage|p1a: Porygon2|283\/345
|
|turn|9
|callback|decision
|
|move|p2a: Umbreon|Toxic|p1a: Porygon2|[miss]
|-miss|p2a: Umbreon|p1a: Porygon2
|move|p1a: Porygon2|Trick Room|p1a: Porygon2
|-fieldstart|move: Trick Room|[of] p1a: Porygon2
|
|turn|10
|callback|decision
|
|switch|p1a: Throh|Throh, M|407\/407
|-damage|p1a: Throh|357\/407|[from] Spikes
|move|p2a: Umbreon|Toxic|p1a: Throh
|-status|p1a: Throh|tox
|
|-damage|p1a: Throh|332\/407 tox|[from] psn
|turn|11
|callback|decision
|
|move|p2a: Umbreon|Protect|p2a: Umbreon
|-singleturn|p2a: Umbreon|Protect
|move|p1a: Throh|Storm Throw|p2a: Umbreon
|-activate|p2a: Umbreon|Protect
|
|-damage|p1a: Throh|282\/407 tox|[from] psn
|turn|12
|callback|decision
|
|switch|p1a: Reuniclus|Reuniclus, F|394\/394
|switch|p2a: Froslass|Froslass, F|169\/343
|
|-heal|p2a: Froslass|190\/343|[from] item: Leftovers
|turn|13
|callback|decision
|
|move|p1a: Reuniclus|Shadow Ball|p2a: Froslass
|-supereffective|p2a: Froslass
|-damage|p2a: Froslass|0 fnt
|faint|p2a: Froslass
|
|-fieldend|move: Trick Room
|callback|decision
|
|switch|p2a: Scizor|Scizor, F|74\/343
|turn|14
|callback|decision
|
|switch|p1a: Porygon2|Porygon2|283\/345
|-damage|p1a: Porygon2|240\/345|[from] Spikes
|-boost|p1a: Porygon2|spa|1|[from] ability: Download
|move|p2a: Scizor|Bug Bite|p1a: Porygon2
|-damage|p1a: Porygon2|156\/345
|
|turn|15
|callback|decision
|
|switch|p2a: Umbreon|Umbreon, M|394\/394
|move|p1a: Porygon2|Trick Room|p1a: Porygon2
|-fieldstart|move: Trick Room|[of] p1a: Porygon2
|
|turn|16
|callback|decision
|
|move|p1a: Porygon2|Recover|p1a: Porygon2
|-heal|p1a: Porygon2|329\/345
|move|p2a: Umbreon|Toxic|p1a: Porygon2
|-status|p1a: Porygon2|tox
|
|-damage|p1a: Porygon2|308\/345 tox|[from] psn
|turn|17
|callback|decision
|
|switch|p1a: Throh|Throh, M|282\/407 tox
|-damage|p1a: Throh|232\/407 tox|[from] Spikes
|move|p2a: Umbreon|Protect|p2a: Umbreon
|-fail|p2a: Umbreon
|
|-damage|p1a: Throh|207\/407 tox|[from] psn
|turn|18
|callback|decision
|
|move|p2a: Umbreon|Protect|p2a: Umbreon
|-singleturn|p2a: Umbreon|Protect
|move|p1a: Throh|Storm Throw|p2a: Umbreon
|-activate|p2a: Umbreon|Protect
|
|-damage|p1a: Throh|157\/407 tox|[from] psn
|turn|19
|callback|decision
|
|switch|p2a: Scizor|Scizor, F|74\/343
|move|p1a: Throh|Storm Throw|p2a: Scizor
|-crit|p2a: Scizor
|-damage|p2a: Scizor|0 fnt
|faint|p2a: Scizor
|
|-damage|p1a: Throh|82\/407 tox|[from] psn
|-fieldend|move: Trick Room
|callback|decision
|
|switch|p2a: Breloom|Breloom, M|262\/262
|turn|20
|callback|decision
|
|switch|p1a: Reuniclus|Reuniclus, F|394\/394
|move|p2a: Breloom|Mach Punch|p1a: Reuniclus
|-resisted|p1a: Reuniclus
|-damage|p1a: Reuniclus|320\/394
|-damage|p2a: Breloom|236\/262|[from] item: Life Orb
|
|turn|21
|callback|decision
|
|switch|p1a: Porygon2|Porygon2|308\/345 tox
|-damage|p1a: Porygon2|265\/345 tox|[from] Spikes
|-boost|p1a: Porygon2|spa|1|[from] ability: Download
|move|p2a: Breloom|Spore|p1a: Porygon2
|-fail|p1a: Porygon2
|
|-damage|p1a: Porygon2|244\/345 tox|[from] psn
|turn|22
|callback|decision
|
|move|p2a: Breloom|Mach Punch|p1a: Porygon2
|-supereffective|p1a: Porygon2
|-damage|p1a: Porygon2|104\/345 tox
|-damage|p2a: Breloom|210\/262|[from] item: Life Orb
|move|p1a: Porygon2|Trick Room|p1a: Porygon2
|-fieldstart|move: Trick Room|[of] p1a: Porygon2
|
|-damage|p1a: Porygon2|62\/345 tox|[from] psn
|turn|23
|callback|decision
|
|switch|p1a: Slowking|Slowking, M|331\/331
|-damage|p1a: Slowking|290\/331|[from] Spikes
|move|p2a: Breloom|Mach Punch|p1a: Slowking
|-resisted|p1a: Slowking
|-damage|p1a: Slowking|212\/331
|-damage|p2a: Breloom|184\/262|[from] item: Life Orb
|
|-heal|p1a: Slowking|232\/331|[from] item: Leftovers
|turn|24
|callback|decision
|
|switch|p2a: Umbreon|Umbreon, M|394\/394
|move|p1a: Slowking|Flamethrower|p2a: Umbreon
|-damage|p2a: Umbreon|331\/394
|
|-heal|p1a: Slowking|252\/331|[from] item: Leftovers
|-heal|p2a: Umbreon|355\/394|[from] item: Leftovers
|turn|25
|callback|decision
|
|switch|p1a: Latias|Latias, F|14\/301
|move|p2a: Umbreon|Payback|p1a: Latias
|-supereffective|p1a: Latias
|-damage|p1a: Latias|0 fnt
|faint|p1a: Latias
|
|-heal|p2a: Umbreon|379\/394|[from] item: Leftovers
|callback|decision
|
|switch|p1a: Porygon2|Porygon2|62\/345 tox
|-damage|p1a: Porygon2|19\/345 tox|[from] Spikes
|-boost|p1a: Porygon2|atk|1|[from] ability: Download
|turn|26
|callback|decision
|
|move|p2a: Umbreon|Protect|p2a: Umbreon
|-singleturn|p2a: Umbreon|Protect
|move|p1a: Porygon2|Recover|p1a: Porygon2
|-heal|p1a: Porygon2|192\/345 tox
|
|-heal|p2a: Umbreon|394\/394|[from] item: Leftovers
|-damage|p1a: Porygon2|171\/345 tox|[from] psn
|-fieldend|move: Trick Room
|turn|27
|callback|decision
|
|move|p2a: Umbreon|Payback|p1a: Porygon2
|-damage|p1a: Porygon2|150\/345 tox
|move|p1a: Porygon2|Trick Room|p1a: Porygon2
|-fieldstart|move: Trick Room|[of] p1a: Porygon2
|
|-damage|p1a: Porygon2|108\/345 tox|[from] psn
|turn|28
|callback|decision
|
|move|p2a: Umbreon|Protect|p2a: Umbreon
|-singleturn|p2a: Umbreon|Protect
|move|p1a: Porygon2|Recover|p1a: Porygon2
|-heal|p1a: Porygon2|281\/345 tox
|
|-damage|p1a: Porygon2|218\/345 tox|[from] psn
|turn|29
|callback|decision
|
|switch|p1a: Throh|Throh, M|82\/407 tox
|-damage|p1a: Throh|32\/407 tox|[from] Spikes
|move|p2a: Umbreon|Payback|p1a: Throh
|-resisted|p1a: Throh
|-damage|p1a: Throh|14\/407 tox
|
|-damage|p1a: Throh|0 fnt|[from] psn
|faint|p1a: Throh
|callback|decision
|
|switch|p1a: Reuniclus|Reuniclus, F|320\/394
|turn|30
|callback|decision
|
|move|p1a: Reuniclus|Focus Blast|p2a: Umbreon
|-supereffective|p2a: Umbreon
|-damage|p2a: Umbreon|173\/394
|move|p2a: Umbreon|Payback|p1a: Reuniclus
|-supereffective|p1a: Reuniclus
|-damage|p1a: Reuniclus|170\/394
|
|-heal|p2a: Umbreon|197\/394|[from] item: Leftovers
|turn|31
|callback|decision
|
|move|p2a: Umbreon|Protect|p2a: Umbreon
|-singleturn|p2a: Umbreon|Protect
|move|p1a: Reuniclus|Focus Blast|p2a: Umbreon
|-activate|p2a: Umbreon|Protect
|
|-heal|p2a: Umbreon|221\/394|[from] item: Leftovers
|-fieldend|move: Trick Room
|turn|32
|callback|decision
|
|move|p2a: Umbreon|Wish|p2a: Umbreon
|move|p1a: Reuniclus|Trick Room|p1a: Reuniclus
|-fieldstart|move: Trick Room|[of] p1a: Reuniclus
|
|-heal|p2a: Umbreon|245\/394|[from] item: Leftovers
|turn|33
|callback|decision
|
|move|p2a: Umbreon|Protect|p2a: Umbreon
|-singleturn|p2a: Umbreon|Protect
|move|p1a: Reuniclus|Focus Blast|p2a: Umbreon
|-activate|p2a: Umbreon|Protect
|
|-heal|p2a: Umbreon|394\/394|[from] move: Wish|[wisher] Umbreon
|turn|34
|callback|decision
|
|move|p1a: Reuniclus|Focus Blast|p2a: Umbreon|[miss]
|-miss|p1a: Reuniclus|p2a: Umbreon
|move|p2a: Umbreon|Payback|p1a: Reuniclus
|-supereffective|p1a: Reuniclus
|-damage|p1a: Reuniclus|12\/394
|
|turn|35
|callback|decision
|-message|pikapooper forfeited.
|
|win|Faisalkhan10010
|raw|Ladder updating...
|leave|pikapooper
|player|p1
|raw|pikapooper's rating: 1636 &rarr; <strong>1634<\/strong><br \/>(-2 for losing)
|raw|Faisalkhan10010's rating: 1547 &rarr; <strong>1598<\/strong><br \/>(+51 for winning)