|join|Morning Glory
|join|pikapooper
|player|p1|Morning Glory|114
|player|p2|pikapooper|29
|gametype|singles
|tier|OU (current)
|rated
|rule|Evasion Abilities Clause: Evasion abilities are banned
|clearpoke
|poke|p1|Alakazam, F
|poke|p1|Jolteon, M
|poke|p1|Blissey, F
|poke|p1|Espeon, F
|poke|p1|Forretress, M
|poke|p1|Haxorus, F
|poke|p2|Salamence, M
|poke|p2|Conkeldurr, M
|poke|p2|Electivire, F
|poke|p2|Forretress, M
|poke|p2|Jellicent, M
|poke|p2|Volcarona, M
|rule|Sleep Clause Mod: Limit one foe put to sleep
|rule|Species Clause: Limit one of each Pokemon
|rule|OHKO Clause: OHKO moves are banned
|rule|Moody Clause: Moody is banned
|rule|Evasion Moves Clause: Evasion moves are banned
|rule|HP Percentage Mod: HP is reported as percentages
|teampreview
|callback|decision
|
|start
|switch|p1a: Forretress|Forretress, M|354\/354
|switch|p2a: Electivire|Electivire, F|291\/291
|turn|1
|callback|decision
|
|move|p2a: Electivire|Fire Punch|p1a: Forretress
|-supereffective|p1a: Forretress
|-damage|p1a: Forretress|102\/354
|move|p1a: Forretress|Stealth Rock|p2a: Electivire
|-sidestart|p2: pikapooper|move: Stealth Rock
|
|-heal|p1a: Forretress|124\/354|[from] item: Leftovers
|turn|2
|callback|decision
|
|switch|p1a: Haxorus|Haxorus, F|302\/302
|-ability|p1a: Haxorus|Mold Breaker
|move|p2a: Electivire|Fire Punch|p1a: Haxorus
|-resisted|p1a: Haxorus
|-damage|p1a: Haxorus|252\/302
|
|turn|3
|callback|decision
|
|switch|p2a: Forretress|Forretress, M|354\/354
|-damage|p2a: Forretress|310\/354|[from] Stealth Rock
|move|p1a: Haxorus|Earthquake|p2a: Forretress
|-damage|p2a: Forretress|209\/354
|-damage|p1a: Haxorus|222\/302|[from] item: Life Orb
|
|turn|4
|callback|decision
|
|move|p1a: Haxorus|Superpower|p2a: Forretress
|-damage|p2a: Forretress|96\/354
|-unboost|p1a: Haxorus|atk|1
|-unboost|p1a: Haxorus|def|1
|-damage|p1a: Haxorus|192\/302|[from] item: Life Orb
|move|p2a: Forretress|Rapid Spin|p1a: Haxorus
|-damage|p1a: Haxorus|165\/302
|-sideend|p2: pikapooper|Stealth Rock|[from] move: Rapid Spin|[of] p2a: Forretress
|
|turn|5
|callback|decision
|
|switch|p2a: Jellicent|Jellicent, M|404\/404
|move|p1a: Haxorus|Earthquake|p2a: Jellicent
|-damage|p2a: Jellicent|262\/404
|-damage|p1a: Haxorus|135\/302|[from] item: Life Orb
|
|-heal|p2a: Jellicent|287\/404|[from] item: Leftovers
|turn|6
|callback|decision
|
|switch|p1a: Forretress|Forretress, M|124\/354
|move|p2a: Jellicent|Toxic|p1a: Forretress
|-fail|p1a: Forretress
|
|-heal|p2a: Jellicent|312\/404|[from] item: Leftovers
|-heal|p1a: Forretress|146\/354|[from] item: Leftovers
|turn|7
|callback|decision
|
|switch|p2a: Volcarona|Volcarona, M|312\/312
|switch|p1a: Blissey|Blissey, F|714\/714
|
|turn|8
|callback|decision
|
|switch|p2a: Forretress|Forretress, M|96\/354
|move|p1a: Blissey|Ice Beam|p2a: Forretress
|-resisted|p2a: Forretress
|-damage|p2a: Forretress|50\/354
|
|turn|9
|callback|decision
|
|switch|p1a: Forretress|Forretress, M|146\/354
|switch|p2a: Conkeldurr|Conkeldurr, M|352\/352
|
|-heal|p1a: Forretress|168\/354|[from] item: Leftovers
|turn|10
|callback|decision
|
|switch|p1a: Espeon|Espeon, F|271\/271
|move|p2a: Conkeldurr|Earthquake|p1a: Espeon
|-damage|p1a: Espeon|110\/271
|
|-heal|p1a: Espeon|126\/271|[from] item: Leftovers
|turn|11
|callback|decision
|
|switch|p2a: Volcarona|Volcarona, M|312\/312
|move|p1a: Espeon|Psychic|p2a: Volcarona
|-damage|p2a: Volcarona|185\/312
|
|-heal|p1a: Espeon|142\/271|[from] item: Leftovers
|turn|12
|callback|decision
|
|switch|p1a: Haxorus|Haxorus, F|135\/302
|-ability|p1a: Haxorus|Mold Breaker
|move|p2a: Volcarona|Bug Buzz|p1a: Haxorus
|-damage|p1a: Haxorus|0 fnt
|faint|p1a: Haxorus
|
|callback|decision
|
|switch|p1a: Jolteon|Jolteon, M|271\/271
|turn|13
|callback|decision
|
|switch|p2a: Electivire|Electivire, F|291\/291
|move|p1a: Jolteon|Thunderbolt|p2a: Electivire
|-boost|p2a: Electivire|spe|1|[from] ability: Motor Drive
|
|turn|14
|callback|decision
|
|switch|p1a: Forretress|Forretress, M|168\/354
|move|p2a: Electivire|Earthquake|p1a: Forretress
|-damage|p1a: Forretress|101\/354
|
|-heal|p1a: Forretress|123\/354|[from] item: Leftovers
|turn|15
|callback|decision
|
|switch|p1a: Blissey|Blissey, F|714\/714
|move|p2a: Electivire|Fire Punch|p1a: Blissey
|-damage|p1a: Blissey|529\/714
|
|-heal|p1a: Blissey|573\/714|[from] item: Leftovers
|turn|16
|callback|decision
|
|switch|p2a: Forretress|Forretress, M|50\/354
|move|p1a: Blissey|Ice Beam|p2a: Forretress
|-resisted|p2a: Forretress
|-damage|p2a: Forretress|0 fnt
|faint|p2a: Forretress
|
|-heal|p1a: Blissey|617\/714|[from] item: Leftovers
|callback|decision
|
|switch|p2a: Conkeldurr|Conkeldurr, M|352\/352
|turn|17
|callback|decision
|
|switch|p1a: Forretress|Forretress, M|123\/354
|move|p2a: Conkeldurr|Bulk Up|p2a: Conkeldurr
|-boost|p2a: Conkeldurr|atk|1
|-boost|p2a: Conkeldurr|def|1
|
|-heal|p1a: Forretress|145\/354|[from] item: Leftovers
|turn|18
|callback|decision
|
|move|p2a: Conkeldurr|Drain Punch|p1a: Forretress
|-damage|p1a: Forretress|13\/354
|move|p1a: Forretress|Stealth Rock|p2a: Conkeldurr
|-sidestart|p2: pikapooper|move: Stealth Rock
|
|-heal|p1a: Forretress|35\/354|[from] item: Leftovers
|turn|19
|callback|decision
|
|move|p2a: Conkeldurr|Mach Punch|p1a: Forretress
|-damage|p1a: Forretress|0 fnt
|faint|p1a: Forretress
|
|callback|decision
|
|switch|p1a: Espeon|Espeon, F|142\/271
|turn|20
|callback|decision
|
|move|p2a: Conkeldurr|Mach Punch|p1a: Espeon
|-resisted|p1a: Espeon
|-damage|p1a: Espeon|77\/271
|move|p1a: Espeon|Psychic|p2a: Conkeldurr
|-crit|p2a: Conkeldurr
|-supereffective|p2a: Conkeldurr
|-damage|p2a: Conkeldurr|0 fnt
|faint|p2a: Conkeldurr
|
|-heal|p1a: Espeon|93\/271|[from] item: Leftovers
|callback|decision
|
|switch|p2a: Salamence|Salamence, M|332\/332
|-damage|p2a: Salamence|249\/332|[from] Stealth Rock
|turn|21
|callback|decision
|
|switch|p1a: Blissey|Blissey, F|617\/714
|move|p2a: Salamence|Dragon Claw|p1a: Blissey
|-damage|p1a: Blissey|353\/714
|
|-heal|p1a: Blissey|397\/714|[from] item: Leftovers
|turn|22
|callback|decision
|
|switch|p2a: Jellicent|Jellicent, M|312\/404
|-damage|p2a: Jellicent|262\/404|[from] Stealth Rock
|move|p1a: Blissey|Ice Beam|p2a: Jellicent
|-resisted|p2a: Jellicent
|-damage|p2a: Jellicent|240\/404
|
|-heal|p2a: Jellicent|265\/404|[from] item: Leftovers
|-heal|p1a: Blissey|441\/714|[from] item: Leftovers
|turn|23
|callback|decision
|
|move|p2a: Jellicent|Toxic|p1a: Blissey
|-status|p1a: Blissey|tox
|move|p1a: Blissey|Wish|p1a: Blissey
|
|-heal|p2a: Jellicent|290\/404|[from] item: Leftovers
|-heal|p1a: Blissey|485\/714 tox|[from] item: Leftovers
|-damage|p1a: Blissey|441\/714 tox|[from] psn
|turn|24
|callback|decision
|
|move|p2a: Jellicent|Pain Split|p1a: Blissey
|-sethp|p1a: Blissey|365\/714 tox|p2a: Jellicent|365\/404|[from] move: Pain Split
|move|p1a: Blissey|Heal Bell|p1a: Blissey
|-cureteam|p1a: Blissey|[from] move: HealBell
|
|-heal|p1a: Blissey|714\/714|[from] move: Wish|[wisher] Blissey
|-heal|p2a: Jellicent|390\/404|[from] item: Leftovers
|turn|25
|callback|decision
|
|move|p2a: Jellicent|Toxic|p1a: Blissey
|-status|p1a: Blissey|tox
|move|p1a: Blissey|Thunder Wave|p2a: Jellicent
|-status|p2a: Jellicent|par
|
|-heal|p2a: Jellicent|404\/404 par|[from] item: Leftovers
|-damage|p1a: Blissey|670\/714 tox|[from] psn
|turn|26
|callback|decision
|
|move|p1a: Blissey|Heal Bell|p1a: Blissey
|-cureteam|p1a: Blissey|[from] move: HealBell
|cant|p2a: Jellicent|par
|
|-heal|p1a: Blissey|714\/714|[from] item: Leftovers
|turn|27
|callback|decision
|
|switch|p1a: Alakazam|Alakazam, F|252\/252
|move|p2a: Jellicent|Toxic|p1a: Alakazam|[miss]
|-miss|p2a: Jellicent|p1a: Alakazam
|
|turn|28
|callback|decision
|
|move|p1a: Alakazam|Signal Beam|p2a: Jellicent
|-resisted|p2a: Jellicent
|-damage|p2a: Jellicent|372\/404 par
|move|p2a: Jellicent|Toxic|p1a: Alakazam
|-status|p1a: Alakazam|tox
|
|-heal|p2a: Jellicent|397\/404 par|[from] item: Leftovers
|turn|29
|callback|decision
|
|switch|p2a: Electivire|Electivire, F|291\/291
|-damage|p2a: Electivire|255\/291|[from] Stealth Rock
|move|p1a: Alakazam|Shadow Ball|p2a: Electivire
|-damage|p2a: Electivire|138\/291
|
|turn|30
|callback|decision
|
|switch|p1a: Blissey|Blissey, F|714\/714
|move|p2a: Electivire|ThunderPunch|p1a: Blissey
|-damage|p1a: Blissey|471\/714
|
|-heal|p1a: Blissey|515\/714|[from] item: Leftovers
|turn|31
|callback|decision
|
|move|p2a: Electivire|ThunderPunch|p1a: Blissey
|-damage|p1a: Blissey|269\/714
|move|p1a: Blissey|Ice Beam|p2a: Electivire
|-damage|p2a: Electivire|73\/291
|
|-heal|p1a: Blissey|313\/714|[from] item: Leftovers
|turn|32
|callback|decision
|
|move|p2a: Electivire|Earthquake|p1a: Blissey
|-damage|p1a: Blissey|87\/714
|move|p1a: Blissey|Wish|p1a: Blissey
|
|-heal|p1a: Blissey|131\/714|[from] item: Leftovers
|turn|33
|callback|decision
|
|switch|p1a: Espeon|Espeon, F|93\/271
|move|p2a: Electivire|Earthquake|p1a: Espeon
|-damage|p1a: Espeon|0 fnt
|faint|p1a: Espeon
|
|callback|decision
|
|switch|p1a: Alakazam|Alakazam, F|252\/252 tox
|turn|34
|callback|decision
|
|move|p1a: Alakazam|Psychic|p2a: Electivire
|-damage|p2a: Electivire|0 fnt
|faint|p2a: Electivire
|
|callback|decision
|
|switch|p2a: Salamence|Salamence, M|249\/332
|-damage|p2a: Salamence|166\/332|[from] Stealth Rock
|turn|35
|callback|decision
|
|switch|p1a: Blissey|Blissey, F|131\/714
|move|p2a: Salamence|Earthquake|p1a: Blissey
|-damage|p1a: Blissey|0 fnt
|faint|p1a: Blissey
|-boost|p2a: Salamence|atk|1|[from] ability: Moxie
|
|callback|decision
|
|switch|p1a: Jolteon|Jolteon, M|271\/271
|turn|36
|callback|decision
|
|move|p2a: Salamence|Earthquake|p1a: Jolteon
|-supereffective|p1a: Jolteon
|-damage|p1a: Jolteon|0 fnt
|faint|p1a: Jolteon
|-boost|p2a: Salamence|atk|1|[from] ability: Moxie
|
|callback|decision
|
|switch|p1a: Alakazam|Alakazam, F|252\/252 tox
|turn|37
|callback|decision
|
|move|p2a: Salamence|Earthquake|p1a: Alakazam
|-damage|p1a: Alakazam|0 fnt
|faint|p1a: Alakazam
|-boost|p2a: Salamence|atk|1|[from] ability: Moxie
|
|win|pikapooper
|raw|Ladder updating...
|raw|Morning Glory's rating: 1462 &rarr; <strong>1453<\/strong><br \/>(-9 for losing)
|raw|pikapooper's rating: 1532 &rarr; <strong>1536<\/strong><br \/>(+4 for winning)
|chat|pikapooper|gg
|chat|pikapooper|wp
|chat|Morning Glory|gg