|join|soulred12
|join|pikapooper
|player|p1|soulred12|264
|player|p2|pikapooper|29
|gametype|singles
|tier|OU (current)
|rated
|rule|Evasion Abilities Clause: Evasion abilities are banned
|clearpoke
|poke|p1|Breloom, M
|poke|p1|Jirachi
|poke|p1|Keldeo
|poke|p1|Nidoking, M
|poke|p1|Salamence, M
|poke|p1|Heatran, F
|poke|p2|Salamence, M
|poke|p2|Conkeldurr, M
|poke|p2|Electivire, F
|poke|p2|Forretress, F
|poke|p2|Jellicent, F
|poke|p2|Volcarona, M
|rule|Sleep Clause Mod: Limit one foe put to sleep
|rule|Species Clause: Limit one of each Pokemon
|rule|OHKO Clause: OHKO moves are banned
|rule|Moody Clause: Moody is banned
|rule|Evasion Moves Clause: Evasion moves are banned
|rule|HP Percentage Mod: HP is reported as percentages
|teampreview
|callback|decision
|
|start
|switch|p1a: Tiny|Heatran, F|386\/386
|switch|p2a: Conkeldurr|Conkeldurr, M|352\/352
|-item|p1a: Tiny|Air Balloon
|turn|1
|callback|decision
|
|move|p1a: Tiny|Stealth Rock|p2a: Conkeldurr
|-sidestart|p2: pikapooper|move: Stealth Rock
|move|p2a: Conkeldurr|Drain Punch|p1a: Tiny
|-supereffective|p1a: Tiny
|-damage|p1a: Tiny|98\/386
|-enditem|p1a: Tiny|Air Balloon
|
|turn|2
|callback|decision
|
|switch|p2a: Forretress|Forretress, F|354\/354
|-damage|p2a: Forretress|310\/354|[from] Stealth Rock
|move|p1a: Tiny|Magma Storm|p2a: Forretress
|-supereffective|p2a: Forretress
|-damage|p2a: Forretress|0 fnt
|faint|p2a: Forretress
|
|callback|decision
|
|switch|p2a: Conkeldurr|Conkeldurr, M|352\/352
|-damage|p2a: Conkeldurr|330\/352|[from] Stealth Rock
|turn|3
|callback|decision
|
|move|p2a: Conkeldurr|Mach Punch|p1a: Tiny
|-supereffective|p1a: Tiny
|-damage|p1a: Tiny|0 fnt
|faint|p1a: Tiny
|
|-heal|p2a: Conkeldurr|352\/352|[from] item: Leftovers
|callback|decision
|
|switch|p1a: Tinier|Nidoking, M|304\/304
|turn|4
|callback|decision
|
|move|p1a: Tinier|Sludge Wave|p2a: Conkeldurr
|-damage|p2a: Conkeldurr|127\/352
|move|p2a: Conkeldurr|Earthquake|p1a: Tinier
|-supereffective|p1a: Tinier
|-damage|p1a: Tinier|0 fnt
|faint|p1a: Tinier
|
|-heal|p2a: Conkeldurr|149\/352|[from] item: Leftovers
|callback|decision
|
|switch|p1a: IRON HEAD|Jirachi|342\/342
|turn|5
|callback|decision
|
|move|p1a: IRON HEAD|Psychic|p2a: Conkeldurr
|-supereffective|p2a: Conkeldurr
|-damage|p2a: Conkeldurr|0 fnt
|faint|p2a: Conkeldurr
|
|callback|decision
|
|switch|p2a: Electivire|Electivire, F|291\/291
|-damage|p2a: Electivire|255\/291|[from] Stealth Rock
|turn|6
|callback|decision
|
|move|p1a: IRON HEAD|Psychic|p2a: Electivire
|-damage|p2a: Electivire|78\/291
|move|p2a: Electivire|Earthquake|p1a: IRON HEAD
|-supereffective|p1a: IRON HEAD
|-damage|p1a: IRON HEAD|30\/342
|
|-heal|p1a: IRON HEAD|51\/342|[from] item: Leftovers
|turn|7
|callback|decision
|
|switch|p2a: Jellicent|Jellicent, F|404\/404
|-damage|p2a: Jellicent|354\/404|[from] Stealth Rock
|move|p1a: IRON HEAD|Psychic|p2a: Jellicent
|-damage|p2a: Jellicent|257\/404
|
|-heal|p1a: IRON HEAD|72\/342|[from] item: Leftovers
|-heal|p2a: Jellicent|282\/404|[from] item: Leftovers
|turn|8
|callback|decision
|
|move|p1a: IRON HEAD|Charge Beam|p2a: Jellicent|[miss]
|-miss|p1a: IRON HEAD|p2a: Jellicent
|move|p2a: Jellicent|Ice Beam|p1a: IRON HEAD
|-resisted|p1a: IRON HEAD
|-damage|p1a: IRON HEAD|42\/342
|
|-heal|p1a: IRON HEAD|63\/342|[from] item: Leftovers
|-heal|p2a: Jellicent|307\/404|[from] item: Leftovers
|turn|9
|callback|decision
|
|move|p2a: Jellicent|Protect|p2a: Jellicent
|-singleturn|p2a: Jellicent|Protect
|move|p1a: IRON HEAD|Psychic|p2a: Jellicent
|-activate|p2a: Jellicent|Protect
|
|-heal|p1a: IRON HEAD|84\/342|[from] item: Leftovers
|-heal|p2a: Jellicent|332\/404|[from] item: Leftovers
|turn|10
|callback|decision
|
|switch|p2a: Salamence|Salamence, M|332\/332
|-damage|p2a: Salamence|249\/332|[from] Stealth Rock
|move|p1a: IRON HEAD|Psychic|p2a: Salamence
|-damage|p2a: Salamence|63\/332
|
|-heal|p1a: IRON HEAD|105\/342|[from] item: Leftovers
|turn|11
|callback|decision
|
|move|p2a: Salamence|Earthquake|p1a: IRON HEAD
|-crit|p1a: IRON HEAD
|-supereffective|p1a: IRON HEAD
|-damage|p1a: IRON HEAD|0 fnt
|faint|p1a: IRON HEAD
|-boost|p2a: Salamence|atk|1|[from] ability: Moxie
|
|callback|decision
|
|switch|p1a: Tiniest|Salamence, M|331\/331
|turn|12
|callback|decision
|
|move|p2a: Salamence|Earthquake|p1a: Tiniest
|-immune|p1a: Tiniest|[msg]
|move|p1a: Tiniest|Outrage|p2a: Salamence
|-crit|p2a: Salamence
|-supereffective|p2a: Salamence
|-damage|p2a: Salamence|0 fnt
|faint|p2a: Salamence
|-boost|p1a: Tiniest|atk|1|[from] ability: Moxie
|
|callback|decision
|
|switch|p2a: Jellicent|Jellicent, F|332\/404
|-damage|p2a: Jellicent|282\/404|[from] Stealth Rock
|turn|13
|callback|decision
|
|move|p1a: Tiniest|Outrage|p2a: Jellicent
|-damage|p2a: Jellicent|0 fnt
|faint|p2a: Jellicent
|-boost|p1a: Tiniest|atk|1|[from] ability: Moxie
|
|-end|p1a: Tiniest|rampage
|-start|p1a: Tiniest|confusion
|callback|decision
|
|switch|p2a: Electivire|Electivire, F|78\/291
|-damage|p2a: Electivire|42\/291|[from] Stealth Rock
|turn|14
|callback|decision
|
|-activate|p1a: Tiniest|confusion
|move|p1a: Tiniest|Outrage|p2a: Electivire
|-damage|p2a: Electivire|0 fnt
|faint|p2a: Electivire
|-boost|p1a: Tiniest|atk|1|[from] ability: Moxie
|
|callback|decision
|-message|pikapooper forfeited.
|
|win|soulred12
|raw|Ladder updating...
|raw|soulred12's rating: 1570 &rarr; <strong>1577<\/strong><br \/>(+7 for winning)
|raw|pikapooper's rating: 1539 &rarr; <strong>1536<\/strong><br \/>(-3 for losing)
|leave|pikapooper
|player|p2