|join|pikapooper
|join|Stealth Armadillo
|player|p1|pikapooper|29
|player|p2|Stealth Armadillo|257
|gametype|singles
|tier|OU (suspect test)
|rated
|rule|Evasion Abilities Clause: Evasion abilities are banned
|clearpoke
|poke|p1|Salamence, M
|poke|p1|Heatran, F
|poke|p1|Jirachi
|poke|p1|Hariyama, M
|poke|p1|Starmie
|poke|p1|Electivire, F
|poke|p2|Jirachi
|poke|p2|Alakazam, M
|poke|p2|Ambipom, M
|poke|p2|Latios, M
|poke|p2|Conkeldurr, F
|poke|p2|Salamence, F
|rule|Sleep Clause Mod: Limit one foe put to sleep
|rule|Species Clause: Limit one of each Pokemon
|rule|OHKO Clause: OHKO moves are banned
|rule|Moody Clause: Moody is banned
|rule|Evasion Moves Clause: Evasion moves are banned
|rule|HP Percentage Mod: HP is reported as percentages
|teampreview
|callback|decision
|
|start
|switch|p1a: Hariyama|Hariyama, M|492\/492
|switch|p2a: Ambipom|Ambipom, M|291\/291
|turn|1
|callback|decision
|
|move|p2a: Ambipom|Fake Out|p1a: Hariyama
|-damage|p1a: Hariyama|318\/492
|-damage|p2a: Ambipom|262\/291|[from] item: Life Orb
|cant|p1a: Hariyama|flinch
|
|-heal|p1a: Hariyama|348\/492|[from] item: Leftovers
|turn|2
|callback|decision
|
|move|p2a: Ambipom|Return|p1a: Hariyama
|-damage|p1a: Hariyama|69\/492
|-damage|p2a: Ambipom|233\/291|[from] item: Life Orb
|move|p1a: Hariyama|Close Combat|p2a: Ambipom
|-crit|p2a: Ambipom
|-supereffective|p2a: Ambipom
|-damage|p2a: Ambipom|0 fnt
|-unboost|p1a: Hariyama|def|1
|-unboost|p1a: Hariyama|spd|1
|faint|p2a: Ambipom
|
|-heal|p1a: Hariyama|99\/492|[from] item: Leftovers
|callback|decision
|
|switch|p2a: Jirachi|Jirachi|386\/386
|turn|3
|callback|decision
|
|switch|p1a: Heatran|Heatran, F|323\/323
|move|p2a: Jirachi|Body Slam|p1a: Heatran
|-resisted|p1a: Heatran
|-damage|p1a: Heatran|278\/323
|
|turn|4
|callback|decision
|
|move|p2a: Jirachi|Body Slam|p1a: Heatran
|-resisted|p1a: Heatran
|-damage|p1a: Heatran|230\/323
|-status|p1a: Heatran|par
|move|p1a: Heatran|Eruption|p2a: Jirachi
|-supereffective|p2a: Jirachi
|-damage|p2a: Jirachi|0 fnt
|faint|p2a: Jirachi
|
|callback|decision
|
|switch|p2a: Conkeldurr|Conkeldurr, F|351\/351
|turn|5
|callback|decision
|
|switch|p1a: Salamence|Salamence, M|332\/332
|move|p2a: Conkeldurr|Bulk Up|p2a: Conkeldurr
|-boost|p2a: Conkeldurr|atk|1
|-boost|p2a: Conkeldurr|def|1
|
|turn|6
|callback|decision
|
|move|p1a: Salamence|Zen Headbutt|p2a: Conkeldurr
|-supereffective|p2a: Conkeldurr
|-damage|p2a: Conkeldurr|167\/351
|-damage|p1a: Salamence|299\/332|[from] item: Life Orb
|move|p2a: Conkeldurr|Ice Punch|p1a: Salamence
|-supereffective|p1a: Salamence
|-damage|p1a: Salamence|0 fnt
|faint|p1a: Salamence
|
|-heal|p2a: Conkeldurr|188\/351|[from] item: Leftovers
|callback|decision
|
|switch|p1a: Starmie|Starmie|262\/262
|turn|7
|callback|decision
|
|switch|p2a: Latios|Latios, M|301\/301
|move|p1a: Starmie|Psychic|p2a: Latios
|-resisted|p2a: Latios
|-damage|p2a: Latios|201\/301
|-unboost|p2a: Latios|spd|1
|
|turn|8
|callback|decision
|
|switch|p1a: Jirachi|Jirachi|342\/342
|move|p2a: Latios|Thunderbolt|p1a: Jirachi
|-damage|p1a: Jirachi|204\/342
|-damage|p2a: Latios|171\/301|[from] item: Life Orb
|
|turn|9
|callback|decision
|
|move|p2a: Latios|Surf|p1a: Jirachi
|-damage|p1a: Jirachi|68\/342
|-damage|p2a: Latios|141\/301|[from] item: Life Orb
|move|p1a: Jirachi|Ice Punch|p2a: Latios
|-supereffective|p2a: Latios
|-damage|p2a: Latios|0 fnt
|faint|p2a: Latios
|
|callback|decision
|
|switch|p2a: Salamence|Salamence, F|331\/331
|turn|10
|callback|decision
|
|move|p2a: Salamence|Earthquake|p1a: Jirachi
|-supereffective|p1a: Jirachi
|-damage|p1a: Jirachi|0 fnt
|faint|p1a: Jirachi
|-boost|p2a: Salamence|atk|1|[from] ability: Moxie
|
|callback|decision
|
|switch|p1a: Starmie|Starmie|262\/262
|turn|11
|callback|decision
|
|move|p2a: Salamence|Earthquake|p1a: Starmie
|-damage|p1a: Starmie|28\/262
|move|p1a: Starmie|Ice Beam|p2a: Salamence
|-supereffective|p2a: Salamence
|-damage|p2a: Salamence|0 fnt
|faint|p2a: Salamence
|
|callback|decision
|
|switch|p2a: Alakazam|Alakazam, M|252\/252
|turn|12
|callback|decision
|
|switch|p1a: Heatran|Heatran, F|230\/323 par
|move|p2a: Alakazam|Shadow Ball|p1a: Heatran
|-resisted|p1a: Heatran
|-damage|p1a: Heatran|181\/323 par
|
|turn|13
|callback|decision
|
|move|p2a: Alakazam|Focus Blast|p1a: Heatran
|-supereffective|p1a: Heatran
|-damage|p1a: Heatran|0 fnt
|faint|p1a: Heatran
|
|callback|decision
|
|switch|p1a: Electivire|Electivire, F|354\/354
|turn|14
|callback|decision
|
|move|p2a: Alakazam|Psychic|p1a: Electivire
|-damage|p1a: Electivire|168\/354
|move|p1a: Electivire|Cross Chop|p2a: Alakazam|[miss]
|-miss|p1a: Electivire|p2a: Alakazam
|
|turn|15
|callback|decision
|
|move|p2a: Alakazam|Psychic|p1a: Electivire
|-crit|p1a: Electivire
|-damage|p1a: Electivire|0 fnt
|faint|p1a: Electivire
|
|callback|decision
|
|switch|p1a: Hariyama|Hariyama, M|99\/492
|turn|16
|callback|decision
|chat|Stealth Armadillo|gg
|
|move|p1a: Hariyama|Bullet Punch|p2a: Alakazam
|-damage|p2a: Alakazam|166\/252
|move|p2a: Alakazam|Psychic|p1a: Hariyama
|-supereffective|p1a: Hariyama
|-damage|p1a: Hariyama|0 fnt
|faint|p1a: Hariyama
|
|callback|decision
|
|switch|p1a: Starmie|Starmie|28\/262
|turn|17
|callback|decision
|
|move|p2a: Alakazam|Shadow Ball|p1a: Starmie
|-supereffective|p1a: Starmie
|-damage|p1a: Starmie|0 fnt
|faint|p1a: Starmie
|
|win|Stealth Armadillo
|raw|Ladder updating...
|raw|pikapooper's rating: 1241 &rarr; <strong>1187<\/strong><br \/>(-54 for losing)
|raw|Stealth Armadillo's rating: 1514 &rarr; <strong>1549<\/strong><br \/>(+35 for winning)
|chat|pikapooper|gg