|join|Dermot
|join|pikapooper
|player|p1|Dermot|274
|player|p2|pikapooper|29
|gametype|singles
|tier|Pokebank OU (beta)
|rated
|rule|Evasion Abilities Clause: Evasion abilities are banned
|clearpoke
|poke|p1|Goodra, M
|poke|p1|Pangoro, F
|poke|p1|Aurorus, M
|poke|p1|Chesnaught, F
|poke|p1|Barbaracle, M
|poke|p1|Trevenant, M
|poke|p2|Aegislash, M
|poke|p2|Dragalge, F
|poke|p2|Tyrantrum, F
|poke|p2|Gengar, F
|poke|p2|Florges, M
|poke|p2|Greninja, F
|rule|Sleep Clause Mod: Limit one foe put to sleep
|rule|Species Clause: Limit one of each Pokemon
|rule|Moody Clause: Moody is banned
|rule|OHKO Clause: OHKO moves are banned
|rule|Evasion Moves Clause: Evasion moves are banned
|rule|HP Percentage Mod: HP is reported as percentages
|teampreview
|callback|decision
|
|start
|switch|p1a: Trevenant|Trevenant, M|374\/374
|switch|p2a: Tyrantrum|Tyrantrum, F|305\/305
|turn|1
|callback|decision
|
|move|p2a: Tyrantrum|Crunch|p1a: Trevenant
|-supereffective|p1a: Trevenant
|-damage|p1a: Trevenant|0 fnt
|faint|p1a: Trevenant
|
|callback|decision
|
|switch|p1a: Aurorus|Aurorus, M|450\/450
|-weather|Hail
|turn|2
|callback|decision
|
|move|p2a: Tyrantrum|Crunch|p1a: Aurorus
|-damage|p1a: Aurorus|169\/450
|move|p1a: Aurorus|Blizzard|p2a: Tyrantrum
|-crit|p2a: Tyrantrum
|-supereffective|p2a: Tyrantrum
|-damage|p2a: Tyrantrum|0 fnt
|faint|p2a: Tyrantrum
|
|-weather|Hail|[upkeep]
|-heal|p1a: Aurorus|197\/450|[from] item: Leftovers
|callback|decision
|
|switch|p2a: Aegislash|Aegislash, M|287\/287
|turn|3
|callback|decision
|
|move|p1a: Aurorus|Blizzard|p2a: Aegislash
|-resisted|p2a: Aegislash
|-damage|p2a: Aegislash|227\/287
|move|p2a: Aegislash|Swords Dance|p2a: Aegislash
|-boost|p2a: Aegislash|atk|2
|
|-weather|Hail|[upkeep]
|-damage|p2a: Aegislash|210\/287|[from] hail
|-heal|p1a: Aurorus|225\/450|[from] item: Leftovers
|-heal|p2a: Aegislash|227\/287|[from] item: Leftovers
|turn|4
|callback|decision
|
|move|p1a: Aurorus|Dark Pulse|p2a: Aegislash
|-supereffective|p2a: Aegislash
|-damage|p2a: Aegislash|99\/287
|-formechange|p2a: Aegislash|Aegislash-Blade
|move|p2a: Aegislash|Gyro Ball|p1a: Aurorus
|-supereffective|p1a: Aurorus
|-damage|p1a: Aurorus|0 fnt
|faint|p1a: Aurorus
|
|-weather|Hail|[upkeep]
|-damage|p2a: Aegislash|82\/287|[from] hail
|-heal|p2a: Aegislash|99\/287|[from] item: Leftovers
|callback|decision
|
|switch|p1a: Chesnaught|Chesnaught, F|380\/380
|turn|5
|callback|decision
|
|move|p2a: Aegislash|Shadow Sneak|p1a: Chesnaught
|-damage|p1a: Chesnaught|257\/380
|move|p1a: Chesnaught|Swords Dance|p1a: Chesnaught
|-boost|p1a: Chesnaught|atk|2
|
|-weather|Hail|[upkeep]
|-damage|p1a: Chesnaught|234\/380|[from] hail
|-damage|p2a: Aegislash|82\/287|[from] hail
|-heal|p1a: Chesnaught|257\/380|[from] item: Leftovers
|-heal|p2a: Aegislash|99\/287|[from] item: Leftovers
|turn|6
|callback|decision
|
|-formechange|p2a: Aegislash|Aegislash
|move|p2a: Aegislash|King's Shield|p2a: Aegislash
|-singleturn|p2a: Aegislash|King's Shield
|move|p1a: Chesnaught|Earthquake|p2a: Aegislash
|-activate|p2a: Aegislash|King's Shield
|
|-weather|none
|-heal|p1a: Chesnaught|280\/380|[from] item: Leftovers
|-heal|p2a: Aegislash|116\/287|[from] item: Leftovers
|turn|7
|callback|decision
|
|move|p1a: Chesnaught|Spiky Shield|p1a: Chesnaught
|-singleturn|p1a: Chesnaught|Spiky Shield
|-formechange|p2a: Aegislash|Aegislash-Blade
|move|p2a: Aegislash|Shadow Sneak|p1a: Chesnaught
|-activate|p1a: Chesnaught|Spiky Shield
|-damage|p2a: Aegislash|81\/287|[from] Spiky Shield|[of] p1a: Chesnaught
|
|-heal|p1a: Chesnaught|303\/380|[from] item: Leftovers
|-heal|p2a: Aegislash|98\/287|[from] item: Leftovers
|turn|8
|callback|decision
|
|move|p2a: Aegislash|Shadow Sneak|p1a: Chesnaught
|-damage|p1a: Chesnaught|182\/380
|move|p1a: Chesnaught|Swords Dance|p1a: Chesnaught
|-boost|p1a: Chesnaught|atk|2
|
|-heal|p1a: Chesnaught|205\/380|[from] item: Leftovers
|-heal|p2a: Aegislash|115\/287|[from] item: Leftovers
|turn|9
|callback|decision
|
|move|p2a: Aegislash|Shadow Sneak|p1a: Chesnaught
|-damage|p1a: Chesnaught|69\/380
|move|p1a: Chesnaught|Earthquake|p2a: Aegislash
|-supereffective|p2a: Aegislash
|-damage|p2a: Aegislash|0 fnt
|faint|p2a: Aegislash
|
|-heal|p1a: Chesnaught|92\/380|[from] item: Leftovers
|callback|decision
|
|switch|p2a: Gengar|Gengar, F|261\/261
|turn|10
|callback|decision
|
|-formechange|p2a: Gengar|Gengar-Mega
|message|Gengar mega-evolved into Gengar-Mega!
|move|p1a: Chesnaught|Spiky Shield|p1a: Chesnaught
|-singleturn|p1a: Chesnaught|Spiky Shield
|move|p2a: Gengar|Shadow Ball|p1a: Chesnaught
|-activate|p1a: Chesnaught|Spiky Shield
|
|-heal|p1a: Chesnaught|115\/380|[from] item: Leftovers
|turn|11
|callback|decision
|
|move|p2a: Gengar|Sludge Bomb|p1a: Chesnaught
|-supereffective|p1a: Chesnaught
|-damage|p1a: Chesnaught|0 fnt
|faint|p1a: Chesnaught
|
|callback|decision
|
|switch|p1a: Pangoro|Pangoro, F|394\/394
|turn|12
|callback|decision
|
|switch|p2a: Florges|Florges, M|360\/360
|-ability|p2a: Florges|Flower Veil
|move|p1a: Pangoro|Crunch|p2a: Florges
|-resisted|p2a: Florges
|-damage|p2a: Florges|227\/360
|-unboost|p2a: Florges|def|1
|-damage|p1a: Pangoro|355\/394|[from] item: Life Orb
|
|-heal|p2a: Florges|249\/360|[from] item: Leftovers
|turn|13
|callback|decision
|
|move|p2a: Florges|Moonblast|p1a: Pangoro
|-supereffective|p1a: Pangoro
|-damage|p1a: Pangoro|0 fnt
|faint|p1a: Pangoro
|
|-heal|p2a: Florges|271\/360|[from] item: Leftovers
|callback|decision
|
|switch|p1a: Barbaracle|Barbaracle, M|348\/348
|turn|14
|callback|decision
|
|move|p2a: Florges|Energy Ball|p1a: Barbaracle
|-supereffective|p1a: Barbaracle
|-damage|p1a: Barbaracle|0 fnt
|faint|p1a: Barbaracle
|
|-heal|p2a: Florges|293\/360|[from] item: Leftovers
|callback|decision
|
|switch|p1a: Goodra|Goodra, M|384\/384
|turn|15
|callback|decision
|
|move|p1a: Goodra|Earthquake|p2a: Florges
|-damage|p2a: Florges|63\/360
|move|p2a: Florges|Moonblast|p1a: Goodra
|-supereffective|p1a: Goodra
|-damage|p1a: Goodra|222\/384
|
|-heal|p1a: Goodra|246\/384|[from] item: Leftovers
|-heal|p2a: Florges|85\/360|[from] item: Leftovers
|turn|16
|callback|decision
|
|move|p1a: Goodra|Earthquake|p2a: Florges
|-damage|p2a: Florges|0 fnt
|faint|p2a: Florges
|
|-heal|p1a: Goodra|270\/384|[from] item: Leftovers
|callback|decision
|
|switch|p2a: Dragalge|Dragalge, F|300\/300
|turn|17
|callback|decision
|
|move|p1a: Goodra|Outrage|p2a: Dragalge
|-supereffective|p2a: Dragalge
|-damage|p2a: Dragalge|0 fnt
|faint|p2a: Dragalge
|
|-heal|p1a: Goodra|294\/384|[from] item: Leftovers
|callback|decision
|
|switch|p2a: Greninja|Greninja, F|285\/285
|turn|18
|callback|decision
|
|-start|p2a: Greninja|typechange|Dark|[from] Protean
|move|p2a: Greninja|Dark Pulse|p1a: Goodra
|-damage|p1a: Goodra|168\/384
|-damage|p2a: Greninja|257\/285|[from] item: Life Orb
|move|p1a: Goodra|Outrage|p2a: Greninja
|-damage|p2a: Greninja|0 fnt
|faint|p2a: Greninja
|
|-end|p1a: Goodra|rampage
|-start|p1a: Goodra|confusion
|-heal|p1a: Goodra|192\/384|[from] item: Leftovers
|callback|decision
|
|switch|p2a: Gengar|Gengar, F|261\/261
|-formechange|p2a: Gengar|Gengar-Mega
|turn|19
|callback|decision
|
|move|p2a: Gengar|Sludge Bomb|p1a: Goodra
|-damage|p1a: Goodra|42\/384
|-status|p1a: Goodra|psn
|-activate|p1a: Goodra|confusion
|move|p1a: Goodra|Earthquake|p2a: Gengar
|-immune|p2a: Gengar|[msg]
|
|-heal|p1a: Goodra|66\/384 psn|[from] item: Leftovers
|-damage|p1a: Goodra|18\/384 psn|[from] psn
|turn|20
|callback|decision
|
|move|p2a: Gengar|Sludge Bomb|p1a: Goodra
|-damage|p1a: Goodra|0 fnt
|faint|p1a: Goodra
|
|win|pikapooper
|raw|Ladder updating...
|raw|Dermot's rating: 1007 &rarr; <strong>970<\/strong><br \/>(-37 for losing)
|raw|pikapooper's rating: 1364 &rarr; <strong>1384<\/strong><br \/>(+20 for winning)