|join|pikapooper
|join|regulater
|player|p1|pikapooper|29
|player|p2|regulater|221
|gametype|singles
|tier|Pokebank OU (beta)
|rated
|rule|Evasion Abilities Clause: Evasion abilities are banned
|clearpoke
|poke|p1|Aegislash, F
|poke|p1|Dragalge, F
|poke|p1|Tyrantrum, F
|poke|p1|Gengar, F
|poke|p1|Florges, M
|poke|p1|Greninja, M
|poke|p2|Dugtrio, M
|poke|p2|Forretress, M
|poke|p2|Sableye, M
|poke|p2|Toxicroak, M
|poke|p2|Barbaracle, M
|poke|p2|Heliolisk, F
|rule|Sleep Clause Mod: Limit one foe put to sleep
|rule|Species Clause: Limit one of each Pokemon
|rule|Moody Clause: Moody is banned
|rule|OHKO Clause: OHKO moves are banned
|rule|Evasion Moves Clause: Evasion moves are banned
|rule|HP Percentage Mod: HP is reported as percentages
|teampreview
|callback|decision
|
|start
|switch|p1a: Gengar|Gengar, F|261\/261
|switch|p2a: Toxicroak|Toxicroak, M|370\/370
|turn|1
|callback|decision
|
|-formechange|p1a: Gengar|Gengar-Mega
|message|Gengar mega-evolved into Gengar-Mega!
|move|p1a: Gengar|Substitute|p1a: Gengar
|-start|p1a: Gengar|Substitute
|-damage|p1a: Gengar|196\/261
|move|p2a: Toxicroak|Swords Dance|p2a: Toxicroak
|-boost|p2a: Toxicroak|atk|2
|
|turn|2
|callback|decision
|
|move|p1a: Gengar|Shadow Ball|p2a: Toxicroak
|-damage|p2a: Toxicroak|93\/370
|move|p2a: Toxicroak|Ice Punch|p1a: Gengar
|-end|p1a: Gengar|Substitute
|
|-heal|p2a: Toxicroak|116\/370|[from] item: Leftovers
|turn|3
|callback|decision
|
|move|p2a: Toxicroak|Sucker Punch|p1a: Gengar
|-supereffective|p1a: Gengar
|-damage|p1a: Gengar|0 fnt
|faint|p1a: Gengar
|
|-heal|p2a: Toxicroak|139\/370|[from] item: Leftovers
|callback|decision
|
|switch|p1a: Dragalge|Dragalge, F|300\/300
|turn|4
|callback|decision
|
|move|p2a: Toxicroak|Drain Punch|p1a: Dragalge
|-resisted|p1a: Dragalge
|-damage|p1a: Dragalge|173\/300
|-heal|p2a: Toxicroak|203\/370|[from] drain|[of] p1a: Dragalge
|move|p1a: Dragalge|Dragon Pulse|p2a: Toxicroak
|-damage|p2a: Toxicroak|0 fnt
|faint|p2a: Toxicroak
|
|callback|decision
|
|switch|p2a: Barbaracle|Barbaracle, M|285\/285
|turn|5
|callback|decision
|
|switch|p1a: Florges|Florges, M|360\/360
|-ability|p1a: Florges|Flower Veil
|move|p2a: Barbaracle|Shell Smash|p2a: Barbaracle
|-boost|p2a: Barbaracle|atk|2
|-boost|p2a: Barbaracle|spa|2
|-boost|p2a: Barbaracle|spe|2
|-unboost|p2a: Barbaracle|def|1
|-unboost|p2a: Barbaracle|spd|1
|
|turn|6
|callback|decision
|
|move|p2a: Barbaracle|Stone Edge|p1a: Florges
|-damage|p1a: Florges|0 fnt
|faint|p1a: Florges
|
|callback|decision
|
|switch|p1a: Aegislash|Aegislash, F|287\/287
|turn|7
|callback|decision
|
|move|p2a: Barbaracle|Earthquake|p1a: Aegislash
|-supereffective|p1a: Aegislash
|-damage|p1a: Aegislash|0 fnt
|faint|p1a: Aegislash
|
|callback|decision
|-message|pikapooper forfeited.
|
|win|regulater
|raw|Ladder updating...
|leave|pikapooper
|player|p1
|raw|pikapooper's rating: 1427 &rarr; <strong>1417<\/strong><br \/>(-10 for losing)
|raw|regulater's rating: 1310 &rarr; <strong>1343<\/strong><br \/>(+33 for winning)