|join|Bulbasawr
|join|Bl153
|player|p1|Bulbasawr|155
|player|p2|Bl153|101
|gametype|singles
|gen|6
|tier|OU
|rated
|clearpoke
|poke|p1|Landorus-Therian, M
|poke|p1|Keldeo-Resolute
|poke|p1|Pinsir, F
|poke|p1|Excadrill, F
|poke|p1|Azelf, shiny
|poke|p1|Talonflame, M
|poke|p2|Alakazam, M
|poke|p2|Milotic, F
|poke|p2|Heatran, M, shiny
|poke|p2|Conkeldurr, M
|poke|p2|Zapdos
|poke|p2|Sableye, M
|rule|Swagger Clause: Swagger is banned
|rule|Baton Pass Clause: Limit one PokÃ©mon knowing Baton Pass
|rule|Sleep Clause Mod: Limit one foe put to sleep
|rule|Species Clause: Limit one of each PokÃ©mon
|rule|OHKO Clause: OHKO moves are banned
|rule|Moody Clause: Moody is banned
|rule|Evasion Moves Clause: Evasion moves are banned
|rule|Endless Battle Clause: Forcing endless battles is banned
|rule|HP Percentage Mod: HP is shown in percentages
|teampreview
|c|âBl153|gl hf
|
|start
|switch|p1a: Azelf|Azelf, shiny|291\/291
|switch|p2a: Sableye|Sableye, M|303\/303
|turn|1
|
|detailschange|p2a: Sableye|Sableye-Mega, M
|-mega|p2a: Sableye|Sableye|Sablenite
|move|p2a: Sableye|Calm Mind|p2a: Sableye
|-boost|p2a: Sableye|spa|1
|-boost|p2a: Sableye|spd|1
|move|p1a: Azelf|Dazzling Gleam|p2a: Sableye
|-supereffective|p2a: Sableye
|-damage|p2a: Sableye|195\/303
|
|turn|2
|
|move|p1a: Azelf|Dazzling Gleam|p2a: Sableye
|-supereffective|p2a: Sableye
|-damage|p2a: Sableye|85\/303
|move|p2a: Sableye|Calm Mind|p2a: Sableye
|-boost|p2a: Sableye|spa|1
|-boost|p2a: Sableye|spd|1
|
|turn|3
|
|move|p1a: Azelf|Dazzling Gleam|p2a: Sableye
|-supereffective|p2a: Sableye
|-damage|p2a: Sableye|0 fnt
|faint|p2a: Sableye
|
|
|switch|p2a: Heatran|Heatran, M, shiny|385\/385
|turn|4
|
|move|p1a: Azelf|Taunt|p2a: Heatran
|-start|p2a: Heatran|move: Taunt
|move|p2a: Heatran|Lava Plume|p1a: Azelf
|-damage|p1a: Azelf|122\/291
|-status|p1a: Azelf|brn
|
|-damage|p1a: Azelf|86\/291 brn|[from] brn
|turn|5
|
|switch|p2a: Zapdos|Zapdos|383\/383
|-ability|p2a: Zapdos|Pressure
|move|p1a: Azelf|Stealth Rock|p2a: Zapdos
|-sidestart|p2: Bl153|move: Stealth Rock
|
|-damage|p1a: Azelf|50\/291 brn|[from] brn
|turn|6
|
|move|p1a: Azelf|Fire Blast|p2a: Zapdos
|-damage|p2a: Zapdos|251\/383
|move|p2a: Zapdos|Hidden Power|p1a: Azelf
|-damage|p1a: Azelf|0 fnt
|faint|p1a: Azelf
|
|-heal|p2a: Zapdos|274\/383|[from] item: Leftovers
|
|switch|p1a: Landorus-Therian|Landorus-Therian, M|319\/319
|-ability|p1a: Landorus-Therian|Intimidate|[of] p2a: Zapdos
|-unboost|p2a: Zapdos|atk|1
|turn|7
|
|move|p1a: Landorus-Therian|Stone Edge|p2a: Zapdos|[miss]
|-miss|p1a: Landorus-Therian|p2a: Zapdos
|move|p2a: Zapdos|Defog|p1a: Landorus-Therian
|-unboost|p1a: Landorus-Therian|evasion|1
|-sideend|p2: Bl153|Stealth Rock|[from] move: Defog|[of] p2a: Zapdos
|
|-heal|p2a: Zapdos|297\/383|[from] item: Leftovers
|turn|8
|
|switch|p1a: Keldeo-Resolute|Keldeo-Resolute|323\/323
|switch|p2a: Milotic|Milotic, F|387\/387
|
|turn|9
|
|move|p1a: Keldeo-Resolute|Substitute|p1a: Keldeo-Resolute
|-start|p1a: Keldeo-Resolute|Substitute
|-damage|p1a: Keldeo-Resolute|243\/323
|move|p2a: Milotic|Hidden Power|p1a: Keldeo-Resolute
|-supereffective|p1a: Keldeo-Resolute
|-end|p1a: Keldeo-Resolute|Substitute
|
|-heal|p1a: Keldeo-Resolute|263\/323|[from] item: Leftovers
|turn|10
|
|switch|p2a: Alakazam|Alakazam, M|252\/252
|move|p1a: Keldeo-Resolute|Secret Sword|p2a: Alakazam
|-crit|p2a: Alakazam
|-resisted|p2a: Alakazam
|-damage|p2a: Alakazam|27\/252
|
|-heal|p1a: Keldeo-Resolute|283\/323|[from] item: Leftovers
|turn|11
|
|switch|p1a: Landorus-Therian|Landorus-Therian, M|319\/319
|-ability|p1a: Landorus-Therian|Intimidate|[of] p2a: Alakazam
|-unboost|p2a: Alakazam|atk|1
|move|p2a: Alakazam|Psyshock|p1a: Landorus-Therian
|-damage|p1a: Landorus-Therian|166\/319
|
|turn|12
|
|switch|p2a: Zapdos|Zapdos|297\/383
|-ability|p2a: Zapdos|Pressure
|move|p1a: Landorus-Therian|U-turn|p2a: Zapdos
|-resisted|p2a: Zapdos
|-damage|p2a: Zapdos|255\/383
|
|switch|p1a: Excadrill|Excadrill, F|361\/361
|-ability|p1a: Excadrill|Mold Breaker
|-item|p1a: Excadrill|Air Balloon
|
|-heal|p2a: Zapdos|278\/383|[from] item: Leftovers
|turn|13
|
|switch|p2a: Milotic|Milotic, F|387\/387
|move|p1a: Excadrill|Rock Tomb|p2a: Milotic
|-damage|p2a: Milotic|309\/387
|-unboost|p2a: Milotic|spe|1
|-boost|p2a: Milotic|spa|2|[from] ability: Competitive
|
|-heal|p2a: Milotic|333\/387|[from] item: Leftovers
|turn|14
|
|switch|p1a: Keldeo-Resolute|Keldeo-Resolute|283\/323
|move|p2a: Milotic|Scald|p1a: Keldeo-Resolute
|-resisted|p1a: Keldeo-Resolute
|-damage|p1a: Keldeo-Resolute|164\/323
|
|-heal|p1a: Keldeo-Resolute|184\/323|[from] item: Leftovers
|-heal|p2a: Milotic|357\/387|[from] item: Leftovers
|turn|15
|
|move|p1a: Keldeo-Resolute|Substitute|p1a: Keldeo-Resolute
|-start|p1a: Keldeo-Resolute|Substitute
|-damage|p1a: Keldeo-Resolute|104\/323
|move|p2a: Milotic|Hidden Power|p1a: Keldeo-Resolute
|-supereffective|p1a: Keldeo-Resolute
|-end|p1a: Keldeo-Resolute|Substitute
|
|-heal|p1a: Keldeo-Resolute|124\/323|[from] item: Leftovers
|-heal|p2a: Milotic|381\/387|[from] item: Leftovers
|turn|16
|
|move|p1a: Keldeo-Resolute|Secret Sword|p2a: Milotic
|-damage|p2a: Milotic|219\/387
|move|p2a: Milotic|Hidden Power|p1a: Keldeo-Resolute
|-supereffective|p1a: Keldeo-Resolute
|-damage|p1a: Keldeo-Resolute|0 fnt
|faint|p1a: Keldeo-Resolute
|
|-heal|p2a: Milotic|243\/387|[from] item: Leftovers
|
|switch|p1a: Pinsir|Pinsir, F|278\/278
|turn|17
|
|move|p1a: Pinsir|Swords Dance|p1a: Pinsir
|-boost|p1a: Pinsir|atk|2
|move|p2a: Milotic|Ice Beam|p1a: Pinsir
|-damage|p1a: Pinsir|53\/278
|
|-heal|p2a: Milotic|267\/387|[from] item: Leftovers
|turn|18
|
|switch|p2a: Alakazam|Alakazam, M|27\/252
|detailschange|p1a: Pinsir|Pinsir-Mega, F
|-mega|p1a: Pinsir|Pinsir|Pinsirite
|move|p1a: Pinsir|Frustration|p2a: Alakazam
|-damage|p2a: Alakazam|0 fnt
|faint|p2a: Alakazam
|
|
|switch|p2a: Zapdos|Zapdos|278\/383
|-ability|p2a: Zapdos|Pressure
|turn|19
|
|move|p1a: Pinsir|Frustration|p2a: Zapdos
|-resisted|p2a: Zapdos
|-damage|p2a: Zapdos|29\/383
|move|p2a: Zapdos|Hidden Power|p1a: Pinsir
|-supereffective|p1a: Pinsir
|-damage|p1a: Pinsir|0 fnt
|faint|p1a: Pinsir
|
|-heal|p2a: Zapdos|52\/383|[from] item: Leftovers
|
|switch|p1a: Excadrill|Excadrill, F|361\/361
|-ability|p1a: Excadrill|Mold Breaker
|-item|p1a: Excadrill|Air Balloon
|turn|20
|
|move|p1a: Excadrill|Rock Tomb|p2a: Zapdos
|-supereffective|p2a: Zapdos
|-damage|p2a: Zapdos|0 fnt
|faint|p2a: Zapdos
|
|
|switch|p2a: Conkeldurr|Conkeldurr, M|413\/413
|turn|21
|
|move|p1a: Excadrill|Iron Head|p2a: Conkeldurr
|-damage|p2a: Conkeldurr|269\/413
|cant|p2a: Conkeldurr|flinch
|
|turn|22
|leave|Bulbasawr
|player|p1
|join|Bulbasawr
|player|p1|Bulbasawr|155
|leave|Bulbasawr
|player|p1
|-message|bulbasawr lost due to inactivity.
|
|win|Bl153
|raw|Ladder updating...
|raw|Bulbasawr's rating: 1574 &rarr; <strong>1558<\/strong><br \/>(-16 for losing)
|raw|Bl153's rating: 1642 &rarr; <strong>1658<\/strong><br \/>(+16 for winning)