|join|Bl153
|join|swatsec
|player|p1|Bl153|101
|player|p2|swatsec|59
|gametype|singles
|gen|6
|tier|OU
|rated
|clearpoke
|poke|p1|Alakazam, M
|poke|p1|Milotic, F
|poke|p1|Heatran, M, shiny
|poke|p1|Conkeldurr, M
|poke|p1|Zapdos
|poke|p1|Sableye, M
|poke|p2|Venusaur, F
|poke|p2|Heatran, F
|poke|p2|Azumarill, M
|poke|p2|Mew
|poke|p2|Landorus-Therian, M
|poke|p2|Zapdos
|rule|Swagger Clause: Swagger is banned
|rule|Baton Pass Clause: Limit one PokÃ©mon knowing Baton Pass
|rule|Sleep Clause Mod: Limit one foe put to sleep
|rule|Species Clause: Limit one of each PokÃ©mon
|rule|OHKO Clause: OHKO moves are banned
|rule|Moody Clause: Moody is banned
|rule|Evasion Moves Clause: Evasion moves are banned
|rule|Endless Battle Clause: Forcing endless battles is banned
|rule|HP Percentage Mod: HP is shown in percentages
|teampreview
|c|âBl153|gl hf
|c|âswatsec|u2
|
|start
|switch|p1a: Zapdos|Zapdos|383\/383
|switch|p2a: Landorus-Therian|Landorus-Therian, M|379\/379
|-ability|p1a: Zapdos|Pressure
|-ability|p2a: Landorus-Therian|Intimidate|[of] p1a: Zapdos
|-unboost|p1a: Zapdos|atk|1
|turn|1
|
|switch|p2a: Mew|Mew|403\/403
|move|p1a: Zapdos|Hidden Power|p2a: Mew
|-damage|p2a: Mew|354\/403
|
|-heal|p2a: Mew|379\/403|[from] item: Leftovers
|turn|2
|
|move|p2a: Mew|Taunt|p1a: Zapdos
|-start|p1a: Zapdos|move: Taunt
|move|p1a: Zapdos|Volt Switch|p2a: Mew
|-damage|p2a: Mew|301\/403
|
|switch|p1a: Heatran|Heatran, M, shiny|385\/385
|
|-heal|p2a: Mew|326\/403|[from] item: Leftovers
|turn|3
|
|switch|p2a: Landorus-Therian|Landorus-Therian, M|379\/379
|-ability|p2a: Landorus-Therian|Intimidate|[of] p1a: Heatran
|-unboost|p1a: Heatran|atk|1
|switch|p1a: Conkeldurr|Conkeldurr, M|413\/413
|
|turn|4
|
|move|p2a: Landorus-Therian|U-turn|p1a: Conkeldurr
|-resisted|p1a: Conkeldurr
|-damage|p1a: Conkeldurr|377\/413
|
|switch|p2a: Venusaur|Venusaur, F|353\/353
|move|p1a: Conkeldurr|Knock Off|p2a: Venusaur
|-damage|p2a: Venusaur|258\/353
|
|turn|5
|
|switch|p1a: Heatran|Heatran, M, shiny|385\/385
|detailschange|p2a: Venusaur|Venusaur-Mega, F
|-mega|p2a: Venusaur|Venusaur|Venusaurite
|move|p2a: Venusaur|Synthesis|p2a: Venusaur
|-heal|p2a: Venusaur|353\/353
|
|turn|6
|
|move|p2a: Venusaur|Giga Drain|p1a: Heatran
|-resisted|p1a: Heatran
|-damage|p1a: Heatran|358\/385
|move|p1a: Heatran|Stealth Rock|p2a: Venusaur
|-sidestart|p2: swatsec|move: Stealth Rock
|
|-heal|p1a: Heatran|382\/385|[from] item: Leftovers
|turn|7
|
|switch|p2a: Landorus-Therian|Landorus-Therian, M|379\/379
|-damage|p2a: Landorus-Therian|332\/379|[from] Stealth Rock
|-ability|p2a: Landorus-Therian|Intimidate|[of] p1a: Heatran
|-unboost|p1a: Heatran|atk|1
|move|p1a: Heatran|Lava Plume|p2a: Landorus-Therian
|-damage|p2a: Landorus-Therian|184\/379
|
|-heal|p2a: Landorus-Therian|207\/379|[from] item: Leftovers
|-heal|p1a: Heatran|385\/385|[from] item: Leftovers
|turn|8
|
|switch|p1a: Zapdos|Zapdos|383\/383
|-ability|p1a: Zapdos|Pressure
|move|p2a: Landorus-Therian|Earthquake|p1a: Zapdos
|-immune|p1a: Zapdos|[msg]
|
|-heal|p2a: Landorus-Therian|230\/379|[from] item: Leftovers
|turn|9
|
|move|p1a: Zapdos|Volt Switch|p2a: Landorus-Therian
|-immune|p2a: Landorus-Therian|[msg]
|move|p2a: Landorus-Therian|Stealth Rock|p1a: Zapdos
|-sidestart|p1: Bl153|move: Stealth Rock
|
|-heal|p2a: Landorus-Therian|253\/379|[from] item: Leftovers
|turn|10
|
|switch|p2a: Zapdos|Zapdos|383\/383
|-damage|p2a: Zapdos|288\/383|[from] Stealth Rock
|-ability|p2a: Zapdos|Pressure
|move|p1a: Zapdos|Hidden Power|p2a: Zapdos
|-supereffective|p2a: Zapdos
|-damage|p2a: Zapdos|156\/383
|
|-heal|p2a: Zapdos|179\/383|[from] item: Leftovers
|turn|11
|
|move|p1a: Zapdos|Hidden Power|p2a: Zapdos
|-supereffective|p2a: Zapdos
|-damage|p2a: Zapdos|51\/383
|move|p2a: Zapdos|Roost|p2a: Zapdos
|-heal|p2a: Zapdos|243\/383
|
|-heal|p2a: Zapdos|266\/383|[from] item: Leftovers
|turn|12
|
|move|p1a: Zapdos|Defog|p2a: Zapdos
|-unboost|p2a: Zapdos|evasion|1
|-sideend|p2: swatsec|Stealth Rock|[from] move: Defog|[of] p2a: Zapdos
|-sideend|p1: Bl153|Stealth Rock|[from] move: Defog|[of] p1a: Zapdos
|move|p2a: Zapdos|Roost|p2a: Zapdos
|-heal|p2a: Zapdos|383\/383
|
|turn|13
|
|move|p1a: Zapdos|Volt Switch|p2a: Zapdos
|-damage|p2a: Zapdos|275\/383
|
|switch|p1a: Conkeldurr|Conkeldurr, M|377\/413
|move|p2a: Zapdos|Thunderbolt|p1a: Conkeldurr
|-damage|p1a: Conkeldurr|266\/413
|
|-heal|p2a: Zapdos|298\/383|[from] item: Leftovers
|turn|14
|
|switch|p2a: Venusaur|Venusaur-Mega, F|353\/353
|switch|p1a: Heatran|Heatran, M, shiny|385\/385
|
|turn|15
|
|switch|p2a: Zapdos|Zapdos|298\/383
|-ability|p2a: Zapdos|Pressure
|move|p1a: Heatran|Lava Plume|p2a: Zapdos
|-damage|p2a: Zapdos|169\/383
|
|-heal|p2a: Zapdos|192\/383|[from] item: Leftovers
|turn|16
|
|move|p2a: Zapdos|Thunderbolt|p1a: Heatran
|-damage|p1a: Heatran|288\/385
|move|p1a: Heatran|Toxic|p2a: Zapdos
|-status|p2a: Zapdos|tox
|
|-heal|p2a: Zapdos|215\/383 tox|[from] item: Leftovers
|-heal|p1a: Heatran|312\/385|[from] item: Leftovers
|-damage|p2a: Zapdos|192\/383 tox|[from] psn
|turn|17
|
|move|p2a: Zapdos|Roost|p2a: Zapdos
|-heal|p2a: Zapdos|383\/383 tox
|move|p1a: Heatran|Stealth Rock|p2a: Zapdos
|-sidestart|p2: swatsec|move: Stealth Rock
|
|-heal|p1a: Heatran|336\/385|[from] item: Leftovers
|-damage|p2a: Zapdos|337\/383 tox|[from] psn
|turn|18
|
|move|p2a: Zapdos|Thunderbolt|p1a: Heatran
|-damage|p1a: Heatran|234\/385
|-status|p1a: Heatran|par
|move|p1a: Heatran|Lava Plume|p2a: Zapdos
|-damage|p2a: Zapdos|202\/383 tox
|
|-heal|p2a: Zapdos|225\/383 tox|[from] item: Leftovers
|-heal|p1a: Heatran|258\/385 par|[from] item: Leftovers
|-damage|p2a: Zapdos|156\/383 tox|[from] psn
|turn|19
|
|switch|p2a: Heatran|Heatran, F|323\/323
|-damage|p2a: Heatran|283\/323|[from] Stealth Rock
|switch|p1a: Zapdos|Zapdos|383\/383
|-ability|p1a: Zapdos|Pressure
|
|turn|20
|
|switch|p1a: Milotic|Milotic, F|387\/387
|move|p2a: Heatran|Overheat|p1a: Milotic
|-crit|p1a: Milotic
|-resisted|p1a: Milotic
|-damage|p1a: Milotic|250\/387
|-unboost|p2a: Heatran|spa|2
|
|-heal|p1a: Milotic|274\/387|[from] item: Leftovers
|turn|21
|
|switch|p2a: Azumarill|Azumarill, M|378\/378
|-damage|p2a: Azumarill|331\/378|[from] Stealth Rock
|move|p1a: Milotic|Recover|p1a: Milotic
|-heal|p1a: Milotic|387\/387
|
|turn|22
|
|move|p1a: Milotic|Hidden Power|p2a: Azumarill
|-supereffective|p2a: Azumarill
|-damage|p2a: Azumarill|189\/378
|move|p2a: Azumarill|Play Rough|p1a: Milotic|[miss]
|-miss|p2a: Azumarill|p1a: Milotic
|
|turn|23
|
|switch|p2a: Venusaur|Venusaur-Mega, F|353\/353
|-damage|p2a: Venusaur|309\/353|[from] Stealth Rock
|move|p1a: Milotic|Scald|p2a: Venusaur
|-resisted|p2a: Venusaur
|-damage|p2a: Venusaur|264\/353
|
|turn|24
|
|switch|p2a: Landorus-Therian|Landorus-Therian, M|253\/379
|-damage|p2a: Landorus-Therian|206\/379|[from] Stealth Rock
|-ability|p2a: Landorus-Therian|Intimidate|[of] p1a: Milotic
|-unboost|p1a: Milotic|atk|1
|-boost|p1a: Milotic|spa|2|[from] ability: Competitive
|switch|p1a: Heatran|Heatran, M, shiny|258\/385 par
|
|-heal|p2a: Landorus-Therian|229\/379|[from] item: Leftovers
|-heal|p1a: Heatran|282\/385 par|[from] item: Leftovers
|turn|25
|
|move|p2a: Landorus-Therian|Earthquake|p1a: Heatran
|-supereffective|p1a: Heatran
|-damage|p1a: Heatran|0 fnt
|faint|p1a: Heatran
|
|-heal|p2a: Landorus-Therian|252\/379|[from] item: Leftovers
|
|switch|p1a: Sableye|Sableye, M|303\/303
|turn|26
|
|switch|p2a: Heatran|Heatran, F|283\/323
|-damage|p2a: Heatran|243\/323|[from] Stealth Rock
|detailschange|p1a: Sableye|Sableye-Mega, M
|-mega|p1a: Sableye|Sableye|Sablenite
|move|p1a: Sableye|Calm Mind|p1a: Sableye
|-boost|p1a: Sableye|spa|1
|-boost|p1a: Sableye|spd|1
|
|turn|27
|
|move|p2a: Heatran|Overheat|p1a: Sableye
|-damage|p1a: Sableye|167\/303
|-unboost|p2a: Heatran|spa|2
|move|p1a: Sableye|Recover|p1a: Sableye
|-heal|p1a: Sableye|303\/303
|
|turn|28
|
|switch|p2a: Zapdos|Zapdos|156\/383 tox
|-damage|p2a: Zapdos|61\/383 tox|[from] Stealth Rock
|-ability|p2a: Zapdos|Pressure
|move|p1a: Sableye|Will-O-Wisp|p2a: Zapdos|[miss]
|-miss|p1a: Sableye|p2a: Zapdos
|
|-heal|p2a: Zapdos|84\/383 tox|[from] item: Leftovers
|-damage|p2a: Zapdos|61\/383 tox|[from] psn
|turn|29
|
|move|p2a: Zapdos|Defog|p1a: Sableye
|move|p1a: Sableye|Defog|p2a: Zapdos|[from]Magic Bounce
|-unboost|p2a: Zapdos|evasion|1
|-sideend|p2: swatsec|Stealth Rock|[from] move: Defog|[of] p2a: Zapdos
|move|p1a: Sableye|Calm Mind|p1a: Sableye
|-boost|p1a: Sableye|spa|1
|-boost|p1a: Sableye|spd|1
|
|-heal|p2a: Zapdos|84\/383 tox|[from] item: Leftovers
|-damage|p2a: Zapdos|38\/383 tox|[from] psn
|turn|30
|
|move|p2a: Zapdos|Thunderbolt|p1a: Sableye
|-damage|p1a: Sableye|248\/303
|move|p1a: Sableye|Dark Pulse|p2a: Zapdos
|-damage|p2a: Zapdos|0 fnt
|faint|p2a: Zapdos
|
|
|switch|p2a: Azumarill|Azumarill, M|189\/378
|turn|31
|
|switch|p1a: Zapdos|Zapdos|383\/383
|-ability|p1a: Zapdos|Pressure
|move|p2a: Azumarill|Play Rough|p1a: Zapdos
|-damage|p1a: Zapdos|142\/383
|-unboost|p1a: Zapdos|atk|1
|
|-heal|p1a: Zapdos|165\/383|[from] item: Leftovers
|turn|32
|
|switch|p2a: Venusaur|Venusaur-Mega, F|264\/353
|move|p1a: Zapdos|Roost|p1a: Zapdos
|-heal|p1a: Zapdos|357\/383
|
|-heal|p1a: Zapdos|380\/383|[from] item: Leftovers
|turn|33
|
|move|p1a: Zapdos|Volt Switch|p2a: Venusaur
|-resisted|p2a: Venusaur
|-damage|p2a: Venusaur|220\/353
|
|switch|p1a: Alakazam|Alakazam, M|252\/252
|move|p2a: Venusaur|Synthesis|p2a: Venusaur
|-heal|p2a: Venusaur|353\/353
|
|turn|34
|
|move|p1a: Alakazam|Psyshock|p2a: Venusaur
|-supereffective|p2a: Venusaur
|-damage|p2a: Venusaur|99\/353
|move|p2a: Venusaur|Giga Drain|p1a: Alakazam
|-damage|p1a: Alakazam|110\/252
|-heal|p2a: Venusaur|170\/353|[from] drain|[of] p1a: Alakazam
|
|turn|35
|
|switch|p2a: Mew|Mew|326\/403
|move|p1a: Alakazam|Shadow Ball|p2a: Mew
|-supereffective|p2a: Mew
|-damage|p2a: Mew|162\/403
|
|-heal|p2a: Mew|187\/403|[from] item: Leftovers
|turn|36
|
|switch|p1a: Sableye|Sableye-Mega, M|248\/303
|switch|p2a: Heatran|Heatran, F|243\/323
|
|turn|37
|
|switch|p2a: Landorus-Therian|Landorus-Therian, M|252\/379
|-ability|p2a: Landorus-Therian|Intimidate|[of] p1a: Sableye
|-unboost|p1a: Sableye|atk|1
|switch|p1a: Milotic|Milotic, F|387\/387
|
|-heal|p2a: Landorus-Therian|275\/379|[from] item: Leftovers
|turn|38
|c|âBl153|Why is your whole dam team fat?
|c|âswatsec|heatran is not fat
|c|âswatsec|only 3 mons have healing
|c|âswatsec|none have toxic
|c|âBl153|HUH?.... Its bulky naturally
|
|move|p2a: Landorus-Therian|Stealth Rock|p1a: Milotic
|-sidestart|p1: Bl153|move: Stealth Rock
|move|p1a: Milotic|Ice Beam|p2a: Landorus-Therian
|-supereffective|p2a: Landorus-Therian
|-damage|p2a: Landorus-Therian|0 fnt
|faint|p2a: Landorus-Therian
|
|c|âswatsec|the only non fat mon you have is ala so you really shouldnt be talking
|
|switch|p2a: Venusaur|Venusaur-Mega, F|170\/353
|turn|39
|c|âBl153|Yeah... except I dont have the king of bulk Mega Vena
|c|âBl153|shouldnt be talking yeah ok
|c|âswatsec|mega sableye is worse imo
|
|switch|p1a: Zapdos|Zapdos|380\/383
|-damage|p1a: Zapdos|285\/383|[from] Stealth Rock
|-ability|p1a: Zapdos|Pressure
|move|p2a: Venusaur|Synthesis|p2a: Venusaur
|-heal|p2a: Venusaur|346\/353
|
|-heal|p1a: Zapdos|308\/383|[from] item: Leftovers
|turn|40
|c|âBl153|HAH how if u Hyper Voice it it dies
|c|âBl153|with Slyv
|
|move|p1a: Zapdos|Defog|p2a: Venusaur
|-unboost|p2a: Venusaur|evasion|1
|-sideend|p1: Bl153|Stealth Rock|[from] move: Defog|[of] p1a: Zapdos
|move|p2a: Venusaur|Sludge Bomb|p1a: Zapdos
|-damage|p1a: Zapdos|137\/383
|
|-heal|p1a: Zapdos|160\/383|[from] item: Leftovers
|turn|41
|c|âswatsec|and talonflame mpinsic and lando i just dont count for venu then?
|
|move|p1a: Zapdos|Roost|p1a: Zapdos
|-heal|p1a: Zapdos|352\/383
|move|p2a: Venusaur|Sludge Bomb|p1a: Zapdos
|-damage|p1a: Zapdos|165\/383
|
|-heal|p1a: Zapdos|188\/383|[from] item: Leftovers
|turn|42
|
|move|p1a: Zapdos|Roost|p1a: Zapdos
|-heal|p1a: Zapdos|380\/383
|move|p2a: Venusaur|Giga Drain|p1a: Zapdos
|-damage|p1a: Zapdos|239\/383
|-heal|p2a: Venusaur|353\/353|[from] drain|[of] p1a: Zapdos
|
|-heal|p1a: Zapdos|262\/383|[from] item: Leftovers
|turn|43
|
|move|p1a: Zapdos|Volt Switch|p2a: Venusaur
|-resisted|p2a: Venusaur
|-damage|p2a: Venusaur|308\/353
|
|switch|p1a: Conkeldurr|Conkeldurr, M|266\/413
|move|p2a: Venusaur|Sludge Bomb|p1a: Conkeldurr
|-damage|p1a: Conkeldurr|133\/413
|
|turn|44
|
|move|p2a: Venusaur|Sludge Bomb|p1a: Conkeldurr
|-damage|p1a: Conkeldurr|0 fnt
|faint|p1a: Conkeldurr
|
|
|switch|p1a: Sableye|Sableye-Mega, M|248\/303
|turn|45
|c|âBl153|yes Talonflame counts.... HENCE why I suspect u have Tran sitting their
|
|move|p2a: Venusaur|Giga Drain|p1a: Sableye
|-damage|p1a: Sableye|115\/303
|-heal|p2a: Venusaur|353\/353|[from] drain|[of] p1a: Sableye
|move|p1a: Sableye|Will-O-Wisp|p2a: Venusaur
|-status|p2a: Venusaur|brn
|
|-damage|p2a: Venusaur|309\/353 brn|[from] brn
|turn|46
|
|switch|p1a: Zapdos|Zapdos|262\/383
|-ability|p1a: Zapdos|Pressure
|move|p2a: Venusaur|Giga Drain|p1a: Zapdos
|-resisted|p1a: Zapdos
|-damage|p1a: Zapdos|179\/383
|-heal|p2a: Venusaur|351\/353 brn|[from] drain|[of] p1a: Zapdos
|
|-heal|p1a: Zapdos|202\/383|[from] item: Leftovers
|-damage|p2a: Venusaur|307\/353 brn|[from] brn
|turn|47
|
|move|p1a: Zapdos|Roost|p1a: Zapdos
|-heal|p1a: Zapdos|383\/383
|move|p2a: Venusaur|Sludge Bomb|p1a: Zapdos
|-damage|p1a: Zapdos|196\/383
|-status|p1a: Zapdos|psn
|
|-heal|p1a: Zapdos|219\/383 psn|[from] item: Leftovers
|-damage|p1a: Zapdos|172\/383 psn|[from] psn
|-damage|p2a: Venusaur|263\/353 brn|[from] brn
|turn|48
|
|move|p1a: Zapdos|Roost|p1a: Zapdos
|-heal|p1a: Zapdos|364\/383 psn
|move|p2a: Venusaur|Giga Drain|p1a: Zapdos
|-damage|p1a: Zapdos|219\/383 psn
|-heal|p2a: Venusaur|336\/353 brn|[from] drain|[of] p1a: Zapdos
|
|-heal|p1a: Zapdos|242\/383 psn|[from] item: Leftovers
|-damage|p1a: Zapdos|195\/383 psn|[from] psn
|-damage|p2a: Venusaur|292\/353 brn|[from] brn
|turn|49
|
|move|p1a: Zapdos|Roost|p1a: Zapdos
|-heal|p1a: Zapdos|383\/383 psn
|move|p2a: Venusaur|Synthesis|p2a: Venusaur
|-heal|p2a: Venusaur|353\/353 brn
|
|-damage|p1a: Zapdos|336\/383 psn|[from] psn
|-damage|p2a: Venusaur|309\/353 brn|[from] brn
|turn|50
|c|âswatsec|im surprised you arent complaining about stallbreaker mew tbh
|
|move|p1a: Zapdos|Hidden Power|p2a: Venusaur
|-supereffective|p2a: Venusaur
|-damage|p2a: Venusaur|259\/353 brn
|move|p2a: Venusaur|Sludge Bomb|p1a: Zapdos
|-damage|p1a: Zapdos|158\/383 psn
|
|-heal|p1a: Zapdos|181\/383 psn|[from] item: Leftovers
|-damage|p1a: Zapdos|134\/383 psn|[from] psn
|-damage|p2a: Venusaur|215\/353 brn|[from] brn
|turn|51
|c|âBl153|because its livable...
|
|move|p1a: Zapdos|Roost|p1a: Zapdos
|-heal|p1a: Zapdos|326\/383 psn
|move|p2a: Venusaur|Sludge Bomb|p1a: Zapdos
|-damage|p1a: Zapdos|157\/383 psn
|
|-heal|p1a: Zapdos|180\/383 psn|[from] item: Leftovers
|-damage|p1a: Zapdos|133\/383 psn|[from] psn
|-damage|p2a: Venusaur|171\/353 brn|[from] brn
|turn|52
|c|âBl153|Vena is fat incarnate even without much bulk invested
|c|âswatsec|and has multiple stops, none of which you are running
|
|switch|p2a: Mew|Mew|187\/403
|move|p1a: Zapdos|Roost|p1a: Zapdos
|-heal|p1a: Zapdos|325\/383 psn
|
|-heal|p2a: Mew|212\/403|[from] item: Leftovers
|-heal|p1a: Zapdos|348\/383 psn|[from] item: Leftovers
|-damage|p1a: Zapdos|301\/383 psn|[from] psn
|turn|53
|
|move|p2a: Mew|Knock Off|p1a: Zapdos
|-damage|p1a: Zapdos|236\/383 psn
|-enditem|p1a: Zapdos|Leftovers|[from] move: Knock Off|[of] p2a: Mew
|move|p1a: Zapdos|Volt Switch|p2a: Mew
|-crit|p2a: Mew
|-damage|p2a: Mew|94\/403
|
|switch|p1a: Alakazam|Alakazam, M|110\/252
|
|-heal|p2a: Mew|119\/403|[from] item: Leftovers
|turn|54
|
|move|p1a: Alakazam|Shadow Ball|p2a: Mew
|-supereffective|p2a: Mew
|-damage|p2a: Mew|0 fnt
|faint|p2a: Mew
|
|
|switch|p2a: Azumarill|Azumarill, M|189\/378
|turn|55
|
|switch|p1a: Sableye|Sableye-Mega, M|115\/303
|move|p2a: Azumarill|Play Rough|p1a: Sableye
|-supereffective|p1a: Sableye
|-damage|p1a: Sableye|0 fnt
|faint|p1a: Sableye
|
|
|switch|p1a: Milotic|Milotic, F|387\/387
|turn|56
|c|âswatsec|im still clueless as to why you let your tran die so early seeing as it stops 90% of mvenus
|
|move|p1a: Milotic|Scald|p2a: Azumarill
|-resisted|p2a: Azumarill
|-damage|p2a: Azumarill|116\/378
|move|p2a: Azumarill|Play Rough|p1a: Milotic
|-damage|p1a: Milotic|102\/387
|
|-heal|p1a: Milotic|126\/387|[from] item: Leftovers
|turn|57
|
|switch|p2a: Heatran|Heatran, F|243\/323
|move|p1a: Milotic|Recover|p1a: Milotic
|-heal|p1a: Milotic|320\/387
|
|-heal|p1a: Milotic|344\/387|[from] item: Leftovers
|turn|58
|
|move|p2a: Heatran|Overheat|p1a: Milotic
|-resisted|p1a: Milotic
|-damage|p1a: Milotic|251\/387
|-unboost|p2a: Heatran|spa|2
|move|p1a: Milotic|Scald|p2a: Heatran
|-supereffective|p2a: Heatran
|-damage|p2a: Heatran|33\/323
|
|-heal|p1a: Milotic|275\/387|[from] item: Leftovers
|turn|59
|c|âBl153|didnt predict EQ before haha
|c|âBl153|that why
|c|âswatsec|i still wouldnt have risked it :3
|
|move|p2a: Heatran|Overheat|p1a: Milotic
|-resisted|p1a: Milotic
|-damage|p1a: Milotic|229\/387
|-unboost|p2a: Heatran|spa|2
|move|p1a: Milotic|Recover|p1a: Milotic
|-heal|p1a: Milotic|387\/387
|
|turn|60
|
|move|p2a: Heatran|Overheat|p1a: Milotic
|-resisted|p1a: Milotic
|-damage|p1a: Milotic|356\/387
|-unboost|p2a: Heatran|spa|2
|move|p1a: Milotic|Scald|p2a: Heatran
|-supereffective|p2a: Heatran
|-damage|p2a: Heatran|0 fnt
|faint|p2a: Heatran
|
|-heal|p1a: Milotic|380\/387|[from] item: Leftovers
|c|âBl153|I will say your a very good player
|
|switch|p2a: Venusaur|Venusaur-Mega, F|171\/353 brn
|turn|61
|c|âBl153|as much as I despise facing mega saur
|c|âswatsec|not really
|c|âswatsec|i shouldnt have sacked mew
|
|switch|p1a: Zapdos|Zapdos|236\/383 psn
|-ability|p1a: Zapdos|Pressure
|move|p2a: Venusaur|Synthesis|p2a: Venusaur
|-heal|p2a: Venusaur|347\/353 brn
|
|-damage|p1a: Zapdos|189\/383 psn|[from] psn
|-damage|p2a: Venusaur|303\/353 brn|[from] brn
|turn|62
|
|move|p1a: Zapdos|Roost|p1a: Zapdos
|-heal|p1a: Zapdos|381\/383 psn
|move|p2a: Venusaur|Sludge Bomb|p1a: Zapdos
|-damage|p1a: Zapdos|212\/383 psn
|
|-damage|p1a: Zapdos|165\/383 psn|[from] psn
|-damage|p2a: Venusaur|259\/353 brn|[from] brn
|turn|63
|
|move|p1a: Zapdos|Roost|p1a: Zapdos
|-heal|p1a: Zapdos|357\/383 psn
|move|p2a: Venusaur|Sludge Bomb|p1a: Zapdos
|-damage|p1a: Zapdos|188\/383 psn
|
|-damage|p1a: Zapdos|141\/383 psn|[from] psn
|-damage|p2a: Venusaur|215\/353 brn|[from] brn
|turn|64
|
|move|p1a: Zapdos|Hidden Power|p2a: Venusaur
|-supereffective|p2a: Venusaur
|-damage|p2a: Venusaur|165\/353 brn
|move|p2a: Venusaur|Giga Drain|p1a: Zapdos
|-resisted|p1a: Zapdos
|-damage|p1a: Zapdos|70\/383 psn
|-heal|p2a: Venusaur|201\/353 brn|[from] drain|[of] p1a: Zapdos
|
|-damage|p1a: Zapdos|23\/383 psn|[from] psn
|-damage|p2a: Venusaur|157\/353 brn|[from] brn
|turn|65
|
|move|p1a: Zapdos|Roost|p1a: Zapdos
|-heal|p1a: Zapdos|215\/383 psn
|move|p2a: Venusaur|Synthesis|p2a: Venusaur
|-heal|p2a: Venusaur|333\/353 brn
|
|-damage|p1a: Zapdos|168\/383 psn|[from] psn
|-damage|p2a: Venusaur|289\/353 brn|[from] brn
|turn|66
|
|move|p1a: Zapdos|Roost|p1a: Zapdos
|-heal|p1a: Zapdos|360\/383 psn
|move|p2a: Venusaur|Giga Drain|p1a: Zapdos
|-damage|p1a: Zapdos|215\/383 psn
|-heal|p2a: Venusaur|353\/353 brn|[from] drain|[of] p1a: Zapdos
|
|-damage|p1a: Zapdos|168\/383 psn|[from] psn
|-damage|p2a: Venusaur|309\/353 brn|[from] brn
|turn|67
|c|âswatsec|without mew i lose
|c|âswatsec|gg
|-message|swatsec forfeited.
|leave|swatsec
|c|âBl153|gg
|
|win|Bl153
|raw|Ladder updating...
|player|p2
|raw|Bl153's rating: 1628 &rarr; <strong>1644<\/strong><br \/>(+16 for winning)
|raw|swatsec's rating: 1561 &rarr; <strong>1545<\/strong><br \/>(-16 for losing)