|join|In Your Window
|join|Bl153
|player|p1|In Your Window|38
|player|p2|Bl153|101
|gametype|singles
|gen|6
|tier|OU
|rated
|clearpoke
|poke|p1|Gallade, M
|poke|p1|Manaphy
|poke|p1|Tyranitar, M
|poke|p1|Mamoswine, M
|poke|p1|Clefable, F
|poke|p1|Klefki, M
|poke|p2|Cobalion
|poke|p2|Landorus-Therian, M
|poke|p2|Heatran, F, shiny
|poke|p2|Rotom-Wash
|poke|p2|Gallade, M
|poke|p2|Sylveon, F
|rule|Swagger Clause: Swagger is banned
|rule|Baton Pass Clause: Limit one PokÃ©mon knowing Baton Pass
|rule|Sleep Clause Mod: Limit one foe put to sleep
|rule|Species Clause: Limit one of each PokÃ©mon
|rule|OHKO Clause: OHKO moves are banned
|rule|Moody Clause: Moody is banned
|rule|Evasion Moves Clause: Evasion moves are banned
|rule|Endless Battle Clause: Forcing endless battles is banned
|rule|HP Percentage Mod: HP is shown in percentages
|teampreview
|c|âBl153|gl hf
|c|âIn Your Window|u2
|
|start
|switch|p1a: Mamoswine|Mamoswine, M|361\/361
|switch|p2a: Rotom-Wash|Rotom-Wash|303\/303
|turn|1
|
|switch|p1a: Clefable|Clefable, F|332\/332
|move|p2a: Rotom-Wash|Will-O-Wisp|p1a: Clefable
|-status|p1a: Clefable|brn
|
|turn|2
|
|move|p1a: Clefable|Moonblast|p2a: Rotom-Wash
|-damage|p2a: Rotom-Wash|146\/303
|-unboost|p2a: Rotom-Wash|spa|1
|move|p2a: Rotom-Wash|Volt Switch|p1a: Clefable
|-damage|p1a: Clefable|268\/332 brn
|
|switch|p2a: Heatran|Heatran, F, shiny|385\/385
|
|turn|3
|c|âBl153|HUH?...
|c|âBl153|Outpsed WAT
|
|switch|p1a: Manaphy|Manaphy|363\/363
|switch|p2a: Sylveon|Sylveon, F|387\/387
|
|turn|4
|
|switch|p1a: Klefki|Klefki, M|317\/317
|move|p2a: Sylveon|Hyper Voice|p1a: Klefki
|-resisted|p1a: Klefki
|-damage|p1a: Klefki|187\/317
|
|turn|5
|
|switch|p2a: Rotom-Wash|Rotom-Wash|146\/303
|move|p1a: Klefki|Spikes|p2a: Rotom-Wash
|-sidestart|p2: Bl153|Spikes
|
|-heal|p2a: Rotom-Wash|164\/303|[from] item: Leftovers
|turn|6
|
|switch|p1a: Clefable|Clefable, F|268\/332 brn
|move|p2a: Rotom-Wash|Hydro Pump|p1a: Clefable
|-damage|p1a: Clefable|130\/332 brn
|
|-heal|p2a: Rotom-Wash|182\/303|[from] item: Leftovers
|turn|7
|
|switch|p2a: Sylveon|Sylveon, F|387\/387
|-damage|p2a: Sylveon|339\/387|[from] Spikes
|move|p1a: Clefable|Moonblast|p2a: Sylveon
|-damage|p2a: Sylveon|206\/387
|
|turn|8
|
|switch|p1a: Klefki|Klefki, M|187\/317
|move|p2a: Sylveon|Hyper Voice|p1a: Klefki
|-resisted|p1a: Klefki
|-damage|p1a: Klefki|58\/317
|-enditem|p1a: Klefki|Sitrus Berry|[eat]
|-heal|p1a: Klefki|137\/317|[from] item: Sitrus Berry
|
|turn|9
|
|move|p1a: Klefki|Spikes|p2a: Sylveon
|-sidestart|p2: Bl153|Spikes
|move|p2a: Sylveon|Wish|p2a: Sylveon
|
|turn|10
|
|move|p1a: Klefki|Spikes|p2a: Sylveon
|-sidestart|p2: Bl153|Spikes
|move|p2a: Sylveon|Hidden Power|p1a: Klefki
|-supereffective|p1a: Klefki
|-damage|p1a: Klefki|0 fnt
|faint|p1a: Klefki
|
|-heal|p2a: Sylveon|387\/387|[from] move: Wish|[wisher] Sylveon
|
|switch|p1a: Mamoswine|Mamoswine, M|361\/361
|turn|11
|
|move|p1a: Mamoswine|Stealth Rock|p2a: Sylveon
|-sidestart|p2: Bl153|move: Stealth Rock
|move|p2a: Sylveon|Hyper Voice|p1a: Mamoswine
|-enditem|p1a: Mamoswine|Focus Sash
|-damage|p1a: Mamoswine|1\/361
|
|turn|12
|
|move|p1a: Mamoswine|Endeavor|p2a: Sylveon
|-damage|p2a: Sylveon|1\/387
|move|p2a: Sylveon|Hyper Voice|p1a: Mamoswine
|-damage|p1a: Mamoswine|0 fnt
|faint|p1a: Mamoswine
|
|
|switch|p1a: Manaphy|Manaphy|363\/363
|turn|13
|
|move|p1a: Manaphy|Scald|p2a: Sylveon
|-damage|p2a: Sylveon|0 fnt
|faint|p2a: Sylveon
|
|
|switch|p2a: Gallade|Gallade, M|277\/277
|-damage|p2a: Gallade|208\/277|[from] Spikes
|-damage|p2a: Gallade|191\/277|[from] Stealth Rock
|turn|14
|
|detailschange|p2a: Gallade|Gallade-Mega, M
|-mega|p2a: Gallade|Gallade|Galladite
|move|p1a: Manaphy|Scald|p2a: Gallade
|-damage|p2a: Gallade|79\/277
|move|p2a: Gallade|Close Combat|p1a: Manaphy
|-damage|p1a: Manaphy|111\/363
|-unboost|p2a: Gallade|def|1
|-unboost|p2a: Gallade|spd|1
|
|turn|15
|
|switch|p1a: Clefable|Clefable, F|130\/332 brn
|move|p2a: Gallade|Psycho Cut|p1a: Clefable
|-damage|p1a: Clefable|0 fnt
|faint|p1a: Clefable
|
|
|switch|p1a: Tyranitar|Tyranitar, M|341\/341
|-weather|Sandstorm
|turn|16
|
|move|p1a: Tyranitar|Pursuit|p2a: Gallade
|-damage|p2a: Gallade|0 fnt
|faint|p2a: Gallade
|
|-weather|Sandstorm|[upkeep]
|
|switch|p2a: Landorus-Therian|Landorus-Therian, M|381\/381
|-damage|p2a: Landorus-Therian|334\/381|[from] Stealth Rock
|-ability|p2a: Landorus-Therian|Intimidate|[of] p1a: Tyranitar
|-unboost|p1a: Tyranitar|atk|1
|turn|17
|
|switch|p1a: Manaphy|Manaphy|111\/363
|move|p2a: Landorus-Therian|Earthquake|p1a: Manaphy
|-damage|p1a: Manaphy|0 fnt
|faint|p1a: Manaphy
|
|-weather|Sandstorm|[upkeep]
|-heal|p2a: Landorus-Therian|357\/381|[from] item: Leftovers
|
|switch|p1a: Gallade|Gallade, M|277\/277
|turn|18
|
|detailschange|p1a: Gallade|Gallade-Mega, M
|-mega|p1a: Gallade|Gallade|Galladite
|move|p1a: Gallade|Knock Off|p2a: Landorus-Therian
|-damage|p2a: Landorus-Therian|222\/381
|-enditem|p2a: Landorus-Therian|Leftovers|[from] move: Knock Off|[of] p1a: Gallade
|move|p2a: Landorus-Therian|Earthquake|p1a: Gallade
|-damage|p1a: Gallade|81\/277
|
|-weather|Sandstorm|[upkeep]
|-damage|p1a: Gallade|64\/277|[from] sandstorm
|turn|19
|
|move|p1a: Gallade|Zen Headbutt|p2a: Landorus-Therian|[miss]
|-miss|p1a: Gallade|p2a: Landorus-Therian
|move|p2a: Landorus-Therian|Earthquake|p1a: Gallade
|-damage|p1a: Gallade|0 fnt
|faint|p1a: Gallade
|
|-weather|Sandstorm|[upkeep]
|c|âBl153|sorry man
|-message|In Your Window forfeited.
|c|âBl153|that sux
|leave|In Your Window
|
|win|Bl153
|raw|Ladder updating...
|player|p1
|raw|In Your Window's rating: 1446 &rarr; <strong>1433<\/strong><br \/>(-13 for losing)
|raw|Bl153's rating: 1575 &rarr; <strong>1588<\/strong><br \/>(+13 for winning)