|join|Bl153
|join|cesin1369
|player|p1|Bl153|101
|player|p2|cesin1369|169
|gametype|singles
|gen|6
|tier|OU
|rated
|clearpoke
|poke|p1|Cobalion
|poke|p1|Landorus-Therian, M
|poke|p1|Heatran, F, shiny
|poke|p1|Rotom-Wash
|poke|p1|Gallade, M
|poke|p1|Sylveon, F
|poke|p2|Garchomp, F
|poke|p2|Skarmory, M
|poke|p2|Rotom-Wash
|poke|p2|Venusaur, M
|poke|p2|Talonflame, M
|poke|p2|Sylveon, M
|rule|Swagger Clause: Swagger is banned
|rule|Baton Pass Clause: Limit one PokÃ©mon knowing Baton Pass
|rule|Sleep Clause Mod: Limit one foe put to sleep
|rule|Species Clause: Limit one of each PokÃ©mon
|rule|OHKO Clause: OHKO moves are banned
|rule|Moody Clause: Moody is banned
|rule|Evasion Moves Clause: Evasion moves are banned
|rule|Endless Battle Clause: Forcing endless battles is banned
|rule|HP Percentage Mod: HP is shown in percentages
|teampreview
|c|âBl153|gl hf
|
|start
|switch|p1a: Rotom-Wash|Rotom-Wash|303\/303
|switch|p2a: cleaninglady|Rotom-Wash|303\/303
|turn|1
|
|move|p2a: cleaninglady|Will-O-Wisp|p1a: Rotom-Wash
|-status|p1a: Rotom-Wash|brn
|move|p1a: Rotom-Wash|Will-O-Wisp|p2a: cleaninglady
|-status|p2a: cleaninglady|brn
|
|-damage|p2a: cleaninglady|266\/303 brn|[from] brn
|-damage|p1a: Rotom-Wash|266\/303 brn|[from] brn
|turn|2
|
|move|p2a: cleaninglady|Volt Switch|p1a: Rotom-Wash
|-damage|p1a: Rotom-Wash|181\/303 brn
|
|switch|p2a: D-Tackle|Venusaur, M|359\/359
|move|p1a: Rotom-Wash|Will-O-Wisp|p2a: D-Tackle
|-status|p2a: D-Tackle|brn
|
|-heal|p1a: Rotom-Wash|199\/303 brn|[from] item: Leftovers
|-damage|p1a: Rotom-Wash|162\/303 brn|[from] brn
|-damage|p2a: D-Tackle|315\/359 brn|[from] brn
|turn|3
|
|switch|p1a: Heatran|Heatran, F, shiny|385\/385
|detailschange|p2a: D-Tackle|Venusaur-Mega, M
|-mega|p2a: D-Tackle|Venusaur|Venusaurite
|move|p2a: D-Tackle|Giga Drain|p1a: Heatran
|-resisted|p1a: Heatran
|-damage|p1a: Heatran|361\/385
|-heal|p2a: D-Tackle|327\/359 brn|[from] drain|[of] p1a: Heatran
|
|-heal|p1a: Heatran|385\/385|[from] item: Leftovers
|-damage|p2a: D-Tackle|283\/359 brn|[from] brn
|turn|4
|
|switch|p2a: cleaninglady|Rotom-Wash|266\/303 brn
|move|p1a: Heatran|Lava Plume|p2a: cleaninglady
|-resisted|p2a: cleaninglady
|-damage|p2a: cleaninglady|227\/303 brn
|
|-heal|p2a: cleaninglady|245\/303 brn|[from] item: Leftovers
|-damage|p2a: cleaninglady|208\/303 brn|[from] brn
|turn|5
|
|switch|p1a: Sylveon|Sylveon, F|387\/387
|move|p2a: cleaninglady|Hydro Pump|p1a: Sylveon
|-damage|p1a: Sylveon|275\/387
|
|-heal|p2a: cleaninglady|226\/303 brn|[from] item: Leftovers
|-damage|p2a: cleaninglady|189\/303 brn|[from] brn
|turn|6
|
|switch|p1a: Landorus-Therian|Landorus-Therian, M|381\/381
|-ability|p1a: Landorus-Therian|Intimidate|[of] p2a: cleaninglady
|-unboost|p2a: cleaninglady|atk|1
|move|p2a: cleaninglady|Will-O-Wisp|p1a: Landorus-Therian|[miss]
|-miss|p2a: cleaninglady|p1a: Landorus-Therian
|
|-heal|p2a: cleaninglady|207\/303 brn|[from] item: Leftovers
|-damage|p2a: cleaninglady|170\/303 brn|[from] brn
|turn|7
|
|move|p1a: Landorus-Therian|Knock Off|p2a: cleaninglady
|-damage|p2a: cleaninglady|60\/303 brn
|-enditem|p2a: cleaninglady|Leftovers|[from] move: Knock Off|[of] p1a: Landorus-Therian
|move|p2a: cleaninglady|Pain Split|p1a: Landorus-Therian
|-sethp|p1a: Landorus-Therian|220\/381|p2a: cleaninglady|220\/303 brn|[from] move: Pain Split
|
|-heal|p1a: Landorus-Therian|243\/381|[from] item: Leftovers
|-damage|p2a: cleaninglady|183\/303 brn|[from] brn
|turn|8
|
|move|p1a: Landorus-Therian|U-turn|p2a: cleaninglady
|-damage|p2a: cleaninglady|103\/303 brn
|
|switch|p1a: Sylveon|Sylveon, F|275\/387
|move|p2a: cleaninglady|Hydro Pump|p1a: Sylveon
|-damage|p1a: Sylveon|175\/387
|
|-damage|p2a: cleaninglady|66\/303 brn|[from] brn
|turn|9
|
|move|p2a: cleaninglady|Pain Split|p1a: Sylveon
|-sethp|p1a: Sylveon|120\/387|p2a: cleaninglady|120\/303 brn|[from] move: Pain Split
|move|p1a: Sylveon|Hyper Voice|p2a: cleaninglady
|-damage|p2a: cleaninglady|0 fnt
|faint|p2a: cleaninglady
|
|
|switch|p2a: F-90|Skarmory, M|333\/333
|turn|10
|
|move|p2a: F-90|Stealth Rock|p1a: Sylveon
|-sidestart|p1: Bl153|move: Stealth Rock
|move|p1a: Sylveon|Hyper Voice|p2a: F-90
|-crit|p2a: F-90
|-resisted|p2a: F-90
|-damage|p2a: F-90|93\/333
|
|turn|11
|
|switch|p2a: D-Tackle|Venusaur-Mega, M|283\/359 brn
|move|p1a: Sylveon|Wish|p1a: Sylveon
|
|-damage|p2a: D-Tackle|239\/359 brn|[from] brn
|turn|12
|
|switch|p1a: Landorus-Therian|Landorus-Therian, M|243\/381
|-damage|p1a: Landorus-Therian|196\/381|[from] Stealth Rock
|-ability|p1a: Landorus-Therian|Intimidate|[of] p2a: D-Tackle
|-unboost|p2a: D-Tackle|atk|1
|move|p2a: D-Tackle|Synthesis|p2a: D-Tackle
|-heal|p2a: D-Tackle|359\/359 brn
|
|-heal|p1a: Landorus-Therian|381\/381|[from] move: Wish|[wisher] Sylveon
|-damage|p2a: D-Tackle|315\/359 brn|[from] brn
|turn|13
|
|switch|p2a: Killer-Shark|Garchomp, F|357\/357
|move|p1a: Landorus-Therian|Stealth Rock|p2a: Killer-Shark
|-sidestart|p2: cesin1369|move: Stealth Rock
|
|turn|14
|
|switch|p2a: Sylveon|Sylveon, M|394\/394
|-damage|p2a: Sylveon|345\/394|[from] Stealth Rock
|move|p1a: Landorus-Therian|Earthquake|p2a: Sylveon
|-damage|p2a: Sylveon|158\/394
|
|-heal|p2a: Sylveon|182\/394|[from] item: Leftovers
|turn|15
|
|move|p2a: Sylveon|Protect|p2a: Sylveon
|-singleturn|p2a: Sylveon|Protect
|move|p1a: Landorus-Therian|Earthquake|p2a: Sylveon
|-activate|p2a: Sylveon|Protect
|
|-heal|p2a: Sylveon|206\/394|[from] item: Leftovers
|turn|16
|
|move|p1a: Landorus-Therian|Earthquake|p2a: Sylveon
|-damage|p2a: Sylveon|34\/394
|move|p2a: Sylveon|Wish|p2a: Sylveon
|
|-heal|p2a: Sylveon|58\/394|[from] item: Leftovers
|turn|17
|
|move|p2a: Sylveon|Protect|p2a: Sylveon
|-singleturn|p2a: Sylveon|Protect
|move|p1a: Landorus-Therian|Knock Off|p2a: Sylveon
|-activate|p2a: Sylveon|Protect
|
|-heal|p2a: Sylveon|255\/394|[from] move: Wish|[wisher] Sylveon
|-heal|p2a: Sylveon|279\/394|[from] item: Leftovers
|turn|18
|
|switch|p1a: Cobalion|Cobalion|369\/369
|-damage|p1a: Cobalion|358\/369|[from] Stealth Rock
|move|p2a: Sylveon|Hyper Voice|p1a: Cobalion
|-damage|p1a: Cobalion|169\/369
|
|-heal|p1a: Cobalion|192\/369|[from] item: Leftovers
|-heal|p2a: Sylveon|303\/394|[from] item: Leftovers
|turn|19
|
|move|p2a: Sylveon|Protect|p2a: Sylveon
|-singleturn|p2a: Sylveon|Protect
|move|p1a: Cobalion|Iron Head|p2a: Sylveon
|-activate|p2a: Sylveon|Protect
|
|-heal|p1a: Cobalion|215\/369|[from] item: Leftovers
|-heal|p2a: Sylveon|327\/394|[from] item: Leftovers
|turn|20
|
|switch|p2a: Killer-Shark|Garchomp, F|357\/357
|-damage|p2a: Killer-Shark|335\/357|[from] Stealth Rock
|move|p1a: Cobalion|Volt Switch|p2a: Killer-Shark
|-immune|p2a: Killer-Shark|[msg]
|
|-heal|p1a: Cobalion|238\/369|[from] item: Leftovers
|turn|21
|
|switch|p1a: Landorus-Therian|Landorus-Therian, M|381\/381
|-damage|p1a: Landorus-Therian|334\/381|[from] Stealth Rock
|-ability|p1a: Landorus-Therian|Intimidate|[of] p2a: Killer-Shark
|-unboost|p2a: Killer-Shark|atk|1
|move|p2a: Killer-Shark|Outrage|p1a: Landorus-Therian
|-damage|p1a: Landorus-Therian|207\/381
|
|-heal|p1a: Landorus-Therian|230\/381|[from] item: Leftovers
|turn|22
|
|move|p2a: Killer-Shark|Outrage|p1a: Landorus-Therian
|-damage|p1a: Landorus-Therian|110\/381
|move|p1a: Landorus-Therian|Earthquake|p2a: Killer-Shark
|-damage|p2a: Killer-Shark|152\/357
|
|-end|p2a: Killer-Shark|rampage
|-start|p2a: Killer-Shark|confusion
|-heal|p1a: Landorus-Therian|133\/381|[from] item: Leftovers
|turn|23
|
|switch|p2a: flaming spirit|Talonflame, M|297\/297
|-damage|p2a: flaming spirit|149\/297|[from] Stealth Rock
|move|p1a: Landorus-Therian|Knock Off|p2a: flaming spirit
|-damage|p2a: flaming spirit|0 fnt
|-enditem|p2a: flaming spirit|Choice Band|[from] move: Knock Off|[of] p1a: Landorus-Therian
|faint|p2a: flaming spirit
|
|-heal|p1a: Landorus-Therian|156\/381|[from] item: Leftovers
|-message|cesin1369 forfeited.
|leave|cesin1369
|
|win|Bl153
|raw|Ladder updating...
|player|p2
|raw|Bl153's rating: 1560 &rarr; <strong>1575<\/strong><br \/>(+15 for winning)
|raw|cesin1369's rating: 1467 &rarr; <strong>1452<\/strong><br \/>(-15 for losing)