|join|Comet7
|join|Bl153
|player|p1|Comet7|96
|player|p2|Bl153|101
|gametype|singles
|gen|6
|tier|OU
|rated
|clearpoke
|poke|p1|Mew
|poke|p1|Zapdos, shiny
|poke|p1|Diancie
|poke|p1|Weavile, F
|poke|p1|Victini
|poke|p1|Conkeldurr, M, shiny
|poke|p2|Dragonite, M
|poke|p2|Azumarill, M
|poke|p2|Scizor, M
|poke|p2|Heatran, M, shiny
|poke|p2|Gengar, M
|poke|p2|Rotom-Wash
|rule|Swagger Clause: Swagger is banned
|rule|Baton Pass Clause: Limit one PokÃ©mon knowing Baton Pass
|rule|Sleep Clause Mod: Limit one foe put to sleep
|rule|Species Clause: Limit one of each PokÃ©mon
|rule|OHKO Clause: OHKO moves are banned
|rule|Moody Clause: Moody is banned
|rule|Evasion Moves Clause: Evasion moves are banned
|rule|Endless Battle Clause: Forcing endless battles is banned
|rule|HP Percentage Mod: HP is shown in percentages
|teampreview
|c|âBl153|gl hf
|
|start
|switch|p1a: Diancie|Diancie|241\/241
|switch|p2a: Rotom-Wash|Rotom-Wash|303\/303
|turn|1
|
|detailschange|p1a: Diancie|Diancie-Mega
|-mega|p1a: Diancie|Diancie|Diancite
|move|p1a: Diancie|Stealth Rock|p2a: Rotom-Wash
|-sidestart|p2: Bl153|move: Stealth Rock
|move|p2a: Rotom-Wash|Hydro Pump|p1a: Diancie|[miss]
|-miss|p2a: Rotom-Wash|p1a: Diancie
|
|turn|2
|
|switch|p1a: Mew|Mew|404\/404
|move|p2a: Rotom-Wash|Hydro Pump|p1a: Mew|[miss]
|-miss|p2a: Rotom-Wash|p1a: Mew
|
|turn|3
|c|âBl153|WOW
|c|âComet7|sorry
|c|âBl153|seriously.... me 2
|c|âBl153|thanks
|
|switch|p2a: Scizor|Scizor, M|343\/343
|-damage|p2a: Scizor|301\/343|[from] Stealth Rock
|move|p1a: Mew|Knock Off|p2a: Scizor
|-damage|p2a: Scizor|259\/343
|
|turn|4
|
|detailschange|p2a: Scizor|Scizor-Mega, M
|-mega|p2a: Scizor|Scizor|Scizorite
|move|p1a: Mew|Taunt|p2a: Scizor
|-start|p2a: Scizor|move: Taunt
|cant|p2a: Scizor|move: Taunt|Toxic
|
|turn|5
|
|switch|p2a: Heatran|Heatran, M, shiny|385\/385
|-damage|p2a: Heatran|337\/385|[from] Stealth Rock
|move|p1a: Mew|Will-O-Wisp|p2a: Heatran
|-start|p2a: Heatran|ability: Flash Fire
|
|-heal|p2a: Heatran|361\/385|[from] item: Leftovers
|turn|6
|
|move|p1a: Mew|Taunt|p2a: Heatran
|-start|p2a: Heatran|move: Taunt
|move|p2a: Heatran|Lava Plume|p1a: Mew
|-damage|p1a: Mew|229\/404
|
|-heal|p1a: Mew|254\/404|[from] item: Leftovers
|-heal|p2a: Heatran|385\/385|[from] item: Leftovers
|turn|7
|
|move|p1a: Mew|Knock Off|p2a: Heatran
|-damage|p2a: Heatran|307\/385
|-enditem|p2a: Heatran|Leftovers|[from] move: Knock Off|[of] p1a: Mew
|move|p2a: Heatran|Flash Cannon|p1a: Mew
|-damage|p1a: Mew|140\/404
|
|-heal|p1a: Mew|165\/404|[from] item: Leftovers
|turn|8
|
|move|p1a: Mew|Soft-Boiled|p1a: Mew
|-heal|p1a: Mew|367\/404
|move|p2a: Heatran|Lava Plume|p1a: Mew
|-damage|p1a: Mew|195\/404
|
|-heal|p1a: Mew|220\/404|[from] item: Leftovers
|-end|p2a: Heatran|move: Taunt
|turn|9
|
|switch|p1a: Conkeldurr|Conkeldurr, M, shiny|356\/356
|move|p2a: Heatran|Lava Plume|p1a: Conkeldurr
|-crit|p1a: Conkeldurr
|-damage|p1a: Conkeldurr|173\/356
|
|turn|10
|
|move|p2a: Heatran|Lava Plume|p1a: Conkeldurr
|-crit|p1a: Conkeldurr
|-damage|p1a: Conkeldurr|0 fnt
|faint|p1a: Conkeldurr
|
|c|âComet7|k
|c|âBl153|OH now Im sorry
|c|âBl153|WOW
|c|âBl153|that sux
|c|âBl153|and def mattered
|
|switch|p1a: Weavile|Weavile, F|281\/281
|-ability|p1a: Weavile|Pressure
|turn|11
|c|âComet7|well you probably deserve this win anyway
|c|âComet7|i don't have a good way to deal with rotom
|c|âBl153|hmmmmm how so?  OH that
|
|switch|p2a: Scizor|Scizor-Mega, M|259\/343
|-damage|p2a: Scizor|217\/343|[from] Stealth Rock
|move|p1a: Weavile|Low Kick|p2a: Scizor
|-damage|p2a: Scizor|118\/343
|-damage|p1a: Weavile|253\/281|[from] item: Life Orb
|
|turn|12
|
|switch|p1a: Victini|Victini|341\/341
|move|p2a: Scizor|Defog|p1a: Victini
|-unboost|p1a: Victini|evasion|1
|-sideend|p2: Bl153|Stealth Rock|[from] move: Defog|[of] p2a: Scizor
|
|turn|13
|
|switch|p2a: Rotom-Wash|Rotom-Wash|303\/303
|move|p1a: Victini|U-turn|p2a: Rotom-Wash
|-damage|p2a: Rotom-Wash|249\/303
|
|switch|p1a: Mew|Mew|220\/404
|
|-heal|p1a: Mew|245\/404|[from] item: Leftovers
|-heal|p2a: Rotom-Wash|267\/303|[from] item: Leftovers
|turn|14
|
|move|p1a: Mew|Will-O-Wisp|p2a: Rotom-Wash
|-status|p2a: Rotom-Wash|brn
|move|p2a: Rotom-Wash|Volt Switch|p1a: Mew
|-damage|p1a: Mew|163\/404
|
|switch|p2a: Gengar|Gengar, M|261\/261
|
|-heal|p1a: Mew|188\/404|[from] item: Leftovers
|turn|15
|
|switch|p1a: Diancie|Diancie-Mega|241\/241
|move|p2a: Gengar|Shadow Ball|p1a: Diancie
|-damage|p1a: Diancie|87\/241
|-unboost|p1a: Diancie|spd|1
|
|turn|16
|
|move|p2a: Gengar|Shadow Ball|p1a: Diancie
|-damage|p1a: Diancie|0 fnt
|faint|p1a: Diancie
|
|c|âBl153|HOW did that deal so much?..
|c|âBl153|Are u Naive or Rash?
|c|âComet7|yeah
|c|âBl153|ahhhh ok SR, Moonblast, Earth power and what?
|
|switch|p1a: Victini|Victini|341\/341
|turn|17
|c|âComet7|diamond storm
|c|âBl153|alright figured maybe hp fire
|
|switch|p2a: Scizor|Scizor-Mega, M|118\/343
|move|p1a: Victini|V-create|p2a: Scizor
|-supereffective|p2a: Scizor
|-damage|p2a: Scizor|0 fnt
|-unboost|p1a: Victini|def|1
|-unboost|p1a: Victini|spd|1
|-unboost|p1a: Victini|spe|1
|faint|p2a: Scizor
|
|
|switch|p2a: Azumarill|Azumarill, M|395\/395
|turn|18
|
|switch|p1a: Weavile|Weavile, F|253\/281
|-ability|p1a: Weavile|Pressure
|move|p2a: Azumarill|Knock Off|p1a: Weavile
|-resisted|p1a: Weavile
|-damage|p1a: Weavile|153\/281
|-enditem|p1a: Weavile|Life Orb|[from] move: Knock Off|[of] p2a: Azumarill
|
|turn|19
|c|âComet7|oh yay
|
|move|p1a: Weavile|Fake Out|p2a: Azumarill
|-crit|p2a: Azumarill
|-damage|p2a: Azumarill|313\/395
|cant|p2a: Azumarill|flinch
|
|turn|20
|c|âComet7|not belly drum
|c|âBl153|haha
|
|switch|p1a: Zapdos|Zapdos, shiny|376\/376
|-ability|p1a: Zapdos|Pressure
|move|p2a: Azumarill|Waterfall|p1a: Zapdos
|-crit|p1a: Zapdos
|-damage|p1a: Zapdos|69\/376
|
|-heal|p1a: Zapdos|92\/376|[from] item: Leftovers
|turn|21
|c|âBl153|the amount of hax in this lol
|c|âComet7|pfft arceus is that hte best you can do
|c|âComet7|is hti s what i get for not celebrating your birthday
|
|move|p1a: Zapdos|Roost|p1a: Zapdos
|-heal|p1a: Zapdos|280\/376
|move|p2a: Azumarill|Play Rough|p1a: Zapdos
|-damage|p1a: Zapdos|45\/376
|
|-heal|p1a: Zapdos|68\/376|[from] item: Leftovers
|turn|22
|c|âComet7|that
|c|âBl153|its funny mine was a week ago
|
|switch|p1a: Mew|Mew|188\/404
|move|p2a: Azumarill|Aqua Jet|p1a: Mew
|-damage|p1a: Mew|116\/404
|
|-heal|p1a: Mew|141\/404|[from] item: Leftovers
|turn|23
|c|âComet7|did not work
|c|âBl153|so its funny that u say that
|
|move|p1a: Mew|Will-O-Wisp|p2a: Azumarill
|-status|p2a: Azumarill|brn
|move|p2a: Azumarill|Knock Off|p1a: Mew
|-supereffective|p1a: Mew
|-damage|p1a: Mew|33\/404
|-enditem|p1a: Mew|Leftovers|[from] move: Knock Off|[of] p2a: Azumarill
|
|-damage|p2a: Azumarill|264\/395 brn|[from] brn
|turn|24
|
|switch|p1a: Zapdos|Zapdos, shiny|68\/376
|-ability|p1a: Zapdos|Pressure
|move|p2a: Azumarill|Aqua Jet|p1a: Zapdos
|-damage|p1a: Zapdos|20\/376
|
|-heal|p1a: Zapdos|43\/376|[from] item: Leftovers
|-damage|p2a: Azumarill|215\/395 brn|[from] brn
|turn|25
|c|âComet7|welp
|
|switch|p1a: Weavile|Weavile, F|153\/281
|-ability|p1a: Weavile|Pressure
|move|p2a: Azumarill|Aqua Jet|p1a: Weavile
|-damage|p1a: Weavile|90\/281
|
|-damage|p2a: Azumarill|166\/395 brn|[from] brn
|turn|26
|
|move|p1a: Weavile|Fake Out|p2a: Azumarill
|-damage|p2a: Azumarill|106\/395 brn
|cant|p2a: Azumarill|flinch
|
|-damage|p2a: Azumarill|57\/395 brn|[from] brn
|turn|27
|
|move|p1a: Weavile|Icicle Crash|p2a: Azumarill
|-resisted|p2a: Azumarill
|-damage|p2a: Azumarill|0 fnt
|faint|p2a: Azumarill
|
|
|switch|p2a: Gengar|Gengar, M|261\/261
|turn|28
|
|move|p2a: Gengar|Sludge Wave|p1a: Weavile
|-damage|p1a: Weavile|0 fnt
|faint|p1a: Weavile
|
|c|âComet7|wtf
|c|âComet7|scarf gengar
|c|âBl153|YEP XD
|c|âBl153|caught a Lando T off guard so bad with that
|
|switch|p1a: Victini|Victini|341\/341
|turn|29
|
|move|p2a: Gengar|Sludge Wave|p1a: Victini
|-damage|p1a: Victini|178\/341
|move|p1a: Victini|V-create|p2a: Gengar
|-crit|p2a: Gengar
|-damage|p2a: Gengar|0 fnt
|-unboost|p1a: Victini|def|1
|-unboost|p1a: Victini|spd|1
|-unboost|p1a: Victini|spe|1
|faint|p2a: Gengar
|
|
|switch|p2a: Dragonite|Dragonite, M|347\/347
|turn|30
|c|âComet7|i think i have a chance...
|
|switch|p1a: Zapdos|Zapdos, shiny|43\/376
|-ability|p1a: Zapdos|Pressure
|move|p2a: Dragonite|Extreme Speed|p1a: Zapdos
|-damage|p1a: Zapdos|0 fnt
|faint|p1a: Zapdos
|
|
|switch|p1a: Victini|Victini|178\/341
|turn|31
|
|move|p2a: Dragonite|Extreme Speed|p1a: Victini
|-damage|p1a: Victini|14\/341
|move|p1a: Victini|Glaciate|p2a: Dragonite
|-supereffective|p2a: Dragonite
|-damage|p2a: Dragonite|239\/347
|-unboost|p2a: Dragonite|spe|1
|
|turn|32
|c|âComet7|or not
|
|move|p2a: Dragonite|Extreme Speed|p1a: Victini
|-damage|p1a: Victini|0 fnt
|faint|p1a: Victini
|
|c|âComet7|gg
|c|âBl153|gg you didnt Im CB lol
|
|switch|p1a: Mew|Mew|33\/404
|turn|33
|c|âBl153|a hat trick of wins for this team XD
|c|âBl153|and this annoying cat.. just GO lol
|c|âComet7|no don't
|
|move|p2a: Dragonite|Extreme Speed|p1a: Mew
|-damage|p1a: Mew|0 fnt
|faint|p1a: Mew
|
|win|Bl153
|raw|Ladder updating...
|c|âComet7|you might make him misclick
|raw|Comet7's rating: 1564 &rarr; <strong>1547<\/strong><br \/>(-17 for losing)
|raw|Bl153's rating: 1607 &rarr; <strong>1625<\/strong><br \/>(+18 for winning)
|c|âComet7|aw