|J|Tower Tycoon Amir
|J|Albyness
|player|p1|Tower Tycoon Amir|92
|player|p2|Albyness|265
|gametype|singles
|gen|6
|tier|OU
|clearpoke
|poke|p1|Lopunny, M
|poke|p1|Skarmory, F
|poke|p1|Breloom, F
|poke|p1|Azumarill, F
|poke|p1|Bisharp, M
|poke|p1|Gengar, M
|poke|p2|Metagross
|poke|p2|Victini
|poke|p2|Latios, M
|poke|p2|Keldeo
|poke|p2|Azumarill, F
|poke|p2|Garchomp, F
|rule|Swagger Clause: Swagger is banned
|rule|Baton Pass Clause: Limit one PokÃ©mon knowing Baton Pass
|rule|Sleep Clause Mod: Limit one foe put to sleep
|rule|Species Clause: Limit one of each PokÃ©mon
|rule|OHKO Clause: OHKO moves are banned
|rule|Moody Clause: Moody is banned
|rule|Evasion Moves Clause: Evasion moves are banned
|rule|Endless Battle Clause: Forcing endless battles is banned
|rule|HP Percentage Mod: HP is shown in percentages
|teampreview
|c|âTower Tycoon Amir|gl hf
|c|âAlbyness|bring ur team with slowbro after this
|
|start
|switch|p1a: Lopunny|Lopunny, M|271\/271
|switch|p2a: Victini|Victini|341\/341
|turn|1
|c|âTower Tycoon Amir|sure
|
|switch|p2a: Garchomp|Garchomp, F|420\/420
|detailschange|p1a: Lopunny|Lopunny-Mega, M
|-mega|p1a: Lopunny|Lopunny|Lopunnite
|move|p1a: Lopunny|Fake Out|p2a: Garchomp
|-damage|p2a: Garchomp|360\/420
|-damage|p1a: Lopunny|238\/271|[from] ability: Rough Skin|[of] p2a: Garchomp
|-damage|p1a: Lopunny|193\/271|[from] item: Rocky Helmet|[of] p2a: Garchomp
|
|turn|2
|c|âTower Tycoon Amir|ouch
|
|move|p1a: Lopunny|Ice Punch|p2a: Garchomp
|-supereffective|p2a: Garchomp
|-damage|p2a: Garchomp|92\/420
|-damage|p1a: Lopunny|160\/271|[from] ability: Rough Skin|[of] p2a: Garchomp
|-damage|p1a: Lopunny|115\/271|[from] item: Rocky Helmet|[of] p2a: Garchomp
|move|p2a: Garchomp|Dragon Tail|p1a: Lopunny|[miss]
|-miss|p2a: Garchomp|p1a: Lopunny
|
|turn|3
|c|âTower Tycoon Amir|wow... O.O
|c|âAlbyness|mother of
|c|âTower Tycoon Amir|sorry
|c|âAlbyness|expected skarm
|c|âTower Tycoon Amir|lol sorry
|c|âAlbyness|wanted to break strudy
|c|âTower Tycoon Amir|it's a possible switch 
|c|âTower Tycoon Amir|but oh well
|
|switch|p1a: Skarmory|Skarmory, F|271\/271
|switch|p2a: Metagross|Metagross|301\/301
|
|turn|4
|
|detailschange|p2a: Metagross|Metagross-Mega
|-mega|p2a: Metagross|Metagross|Metagrossite
|move|p2a: Metagross|Hone Claws|p2a: Metagross
|-boost|p2a: Metagross|atk|1
|-boost|p2a: Metagross|accuracy|1
|move|p1a: Skarmory|Stealth Rock|p2a: Metagross
|-sidestart|p2: Albyness|move: Stealth Rock
|
|turn|5
|
|move|p2a: Metagross|Dynamic Punch|p1a: Skarmory|[miss]
|-miss|p2a: Metagross|p1a: Skarmory
|move|p1a: Skarmory|Spikes|p2a: Metagross
|-sidestart|p2: Albyness|Spikes
|
|turn|6
|c|âTower Tycoon Amir|HELLO?!
|c|âTower Tycoon Amir|the hax
|
|move|p2a: Metagross|Dynamic Punch|p1a: Skarmory
|-damage|p1a: Skarmory|96\/271
|-start|p1a: Skarmory|confusion
|-activate|p1a: Skarmory|confusion
|-damage|p1a: Skarmory|70\/271|[from] confusion
|
|turn|7
|
|move|p2a: Metagross|Hone Claws|p2a: Metagross
|-boost|p2a: Metagross|atk|1
|-boost|p2a: Metagross|accuracy|1
|-activate|p1a: Skarmory|confusion
|-damage|p1a: Skarmory|43\/271|[from] confusion
|-enditem|p1a: Skarmory|Salac Berry|[eat]
|-boost|p1a: Skarmory|spe|1|[from] item: Salac Berry
|
|turn|8
|c|âTower Tycoon Amir|lol
|
|-activate|p1a: Skarmory|confusion
|move|p1a: Skarmory|Spikes|p2a: Metagross
|-sidestart|p2: Albyness|Spikes
|move|p2a: Metagross|Meteor Mash|p1a: Skarmory
|-resisted|p1a: Skarmory
|-damage|p1a: Skarmory|0 fnt
|-boost|p2a: Metagross|atk|1
|faint|p1a: Skarmory
|
|
|switch|p1a: Breloom|Breloom, F|261\/261
|turn|9
|
|move|p2a: Metagross|Dynamic Punch|p1a: Breloom
|-enditem|p1a: Breloom|Focus Sash
|-damage|p1a: Breloom|1\/261
|-start|p1a: Breloom|confusion
|-activate|p1a: Breloom|confusion
|-damage|p1a: Breloom|0 fnt|[from] confusion
|faint|p1a: Breloom
|
|c|âTower Tycoon Amir|.
|
|switch|p1a: Gengar|Gengar, M|261\/261
|turn|10
|c|âAlbyness|lol'
|c|âTower Tycoon Amir|i guess this makes it even?
|
|move|p2a: Metagross|Meteor Mash|p1a: Gengar
|-damage|p1a: Gengar|0 fnt
|faint|p1a: Gengar
|
|c|âTower Tycoon Amir|alright...
|
|switch|p1a: Bisharp|Bisharp, M|272\/272
|turn|11
|
|move|p2a: Metagross|Dynamic Punch|p1a: Bisharp
|-supereffective|p1a: Bisharp
|-damage|p1a: Bisharp|0 fnt
|faint|p1a: Bisharp
|
|c|âTower Tycoon Amir|son of ..
|
|switch|p1a: Azumarill|Azumarill, F|358\/358
|turn|12
|
|move|p2a: Metagross|Meteor Mash|p1a: Azumarill
|-damage|p1a: Azumarill|0 fnt
|faint|p1a: Azumarill
|
|c|âTower Tycoon Amir|BRUH
|c|âTower Tycoon Amir|STAHP
|c|âAlbyness|dont save rep
|c|âAlbyness|lol
|c|âTower Tycoon Amir|CALL THE FUCING ARMY
|
|switch|p1a: Lopunny|Lopunny-Mega, M|115\/271
|turn|13
|c|âAlbyness|bring ur slowbro team
|
|move|p1a: Lopunny|High Jump Kick|p2a: Metagross|[miss]
|-miss|p1a: Lopunny|p2a: Metagross
|-damage|p1a: Lopunny|0 fnt|[from] highjumpkick
|faint|p1a: Lopunny
|
|win|Albyness
|c|âTower Tycoon Amir|I'M FUCKING DONE LOL
|c|âAlbyness|lolol