|join|Akatsuki Jet
|join|Albyness
|player|p1|Akatsuki Jet|279
|player|p2|Albyness|44
|gametype|singles
|gen|6
|tier|OU
|clearpoke
|poke|p1|Lucario, F
|poke|p1|Latias, F
|poke|p1|Hippowdon, F
|poke|p1|Altaria, F
|poke|p1|Victini
|poke|p1|Chesnaught, M
|poke|p2|Politoed, M, shiny
|poke|p2|Kabutops, M
|poke|p2|Tornadus-Therian, M
|poke|p2|Heliolisk, M
|poke|p2|Scizor, F
|poke|p2|Mamoswine, F
|rule|Swagger Clause: Swagger is banned
|rule|Baton Pass Clause: Limit one PokÃ©mon knowing Baton Pass
|rule|Sleep Clause Mod: Limit one foe put to sleep
|rule|Species Clause: Limit one of each PokÃ©mon
|rule|OHKO Clause: OHKO moves are banned
|rule|Moody Clause: Moody is banned
|rule|Evasion Moves Clause: Evasion moves are banned
|rule|Endless Battle Clause: Forcing endless battles is banned
|rule|HP Percentage Mod: HP is shown in percentages
|teampreview
|
|start
|switch|p1a: Chesnaught|Chesnaught, M|380\/380
|switch|p2a: Tornadus-Therian|Tornadus-Therian, M|299\/299
|turn|1
|c|âAkatsuki Jet|gl hf
|join|iBLT
|c|âAlbyness|same
|
|move|p1a: Chesnaught|Spiky Shield|p1a: Chesnaught
|-singleturn|p1a: Chesnaught|move: Protect
|move|p2a: Tornadus-Therian|Hurricane|p1a: Chesnaught
|-activate|p1a: Chesnaught|move: Protect
|
|turn|2
|join|LunaticMode
|
|switch|p1a: Hippowdon|Hippowdon, F|420\/420
|move|p2a: Tornadus-Therian|Hurricane|p1a: Hippowdon|[miss]
|-miss|p2a: Tornadus-Therian|p1a: Hippowdon
|
|turn|3
|c| iBLT|is this the tornadus set you had me gen?
|
|move|p2a: Tornadus-Therian|Hurricane|p1a: Hippowdon
|-damage|p1a: Hippowdon|221\/420
|-damage|p2a: Tornadus-Therian|270\/299|[from] item: Life Orb
|move|p1a: Hippowdon|Stealth Rock|p2a: Tornadus-Therian
|-sidestart|p2: Albyness|move: Stealth Rock
|
|-heal|p1a: Hippowdon|247\/420|[from] item: Leftovers
|turn|4
|c|âAlbyness|no
|
|move|p2a: Tornadus-Therian|U-turn|p1a: Hippowdon
|-damage|p1a: Hippowdon|190\/420
|-damage|p2a: Tornadus-Therian|241\/299|[from] item: Life Orb
|c| iBLT|o
|
|switch|p2a: Politoed|Politoed, M, shiny|383\/383
|-damage|p2a: Politoed|336\/383|[from] Stealth Rock
|move|p1a: Hippowdon|Slack Off|p1a: Hippowdon
|-heal|p1a: Hippowdon|400\/420
|
|-heal|p1a: Hippowdon|420\/420|[from] item: Leftovers
|turn|5
|c|âAlbyness|lmfao
|
|switch|p1a: Chesnaught|Chesnaught, M|380\/380
|move|p2a: Politoed|Scald|p1a: Chesnaught
|-resisted|p1a: Chesnaught
|-damage|p1a: Chesnaught|323\/380
|
|-heal|p1a: Chesnaught|346\/380|[from] item: Leftovers
|turn|6
|c| iBLT|wait
|c|âAlbyness|drizzle too mainstream
|c| iBLT|no rain?
|c| iBLT|o
|
|move|p2a: Politoed|Hypnosis|p1a: Chesnaught|[miss]
|-miss|p2a: Politoed|p1a: Chesnaught
|move|p1a: Chesnaught|Leech Seed|p2a: Politoed
|-start|p2a: Politoed|move: Leech Seed
|
|-heal|p1a: Chesnaught|369\/380|[from] item: Leftovers
|-damage|p2a: Politoed|289\/383|[from] Leech Seed|[of] p1a: Chesnaught
|-heal|p1a: Chesnaught|380\/380|[silent]
|turn|7
|c| iBLT|ok
|c|âAkatsuki Jet|lolol
|
|move|p2a: Politoed|Encore|p1a: Chesnaught
|-start|p1a: Chesnaught|Encore
|move|p1a: Chesnaught|Leech Seed|p2a: Politoed
|-fail|p2a: Politoed
|
|-damage|p2a: Politoed|242\/383|[from] Leech Seed|[of] p1a: Chesnaught
|turn|8
|c| iBLT|Hypnosis rest talk gogo. o
|
|switch|p1a: Latias|Latias, F|341\/341
|move|p2a: Politoed|Hypnosis|p1a: Latias
|-status|p1a: Latias|slp
|
|-damage|p2a: Politoed|195\/383|[from] Leech Seed|[of] p1a: Latias
|turn|9
|
|switch|p1a: Altaria|Altaria, F|353\/353
|switch|p2a: Kabutops|Kabutops, M|261\/261
|-damage|p2a: Kabutops|229\/261|[from] Stealth Rock
|
|turn|10
|
|detailschange|p1a: Altaria|Altaria-Mega, F
|message|Altaria has Mega Evolved into Mega Altaria!
|move|p2a: Kabutops|Rapid Spin|p1a: Altaria
|-damage|p1a: Altaria|332\/353
|-sideend|p2: Albyness|Stealth Rock|[from] move: Rapid Spin|[of] p2a: Kabutops
|-damage|p2a: Kabutops|203\/261|[from] item: Life Orb
|move|p1a: Altaria|Hyper Voice|p2a: Kabutops
|-damage|p2a: Kabutops|0 fnt
|faint|p2a: Kabutops
|
|
|switch|p2a: Mamoswine|Mamoswine, F|361\/361
|turn|11
|c| LunaticMode|i was thinking of using helioptile
|c| LunaticMode|is it any good?
|
|switch|p1a: Chesnaught|Chesnaught, M|380\/380
|move|p2a: Mamoswine|Earthquake|p1a: Chesnaught
|-crit|p1a: Chesnaught
|-resisted|p1a: Chesnaught
|-damage|p1a: Chesnaught|279\/380
|-damage|p2a: Mamoswine|325\/361|[from] item: Life Orb
|
|-heal|p1a: Chesnaught|302\/380|[from] item: Leftovers
|turn|12
|c|âAlbyness|its boss
|
|switch|p2a: Tornadus-Therian|Tornadus-Therian, M|299\/299
|move|p1a: Chesnaught|Leech Seed|p2a: Tornadus-Therian
|-start|p2a: Tornadus-Therian|move: Leech Seed
|
|-heal|p1a: Chesnaught|325\/380|[from] item: Leftovers
|-damage|p2a: Tornadus-Therian|262\/299|[from] Leech Seed|[of] p1a: Chesnaught
|-heal|p1a: Chesnaught|362\/380|[silent]
|turn|13
|
|switch|p2a: Politoed|Politoed, M, shiny|195\/383
|move|p1a: Chesnaught|Spiky Shield|p1a: Chesnaught
|-fail|p1a: Chesnaught
|
|-heal|p1a: Chesnaught|380\/380|[from] item: Leftovers
|turn|14
|
|switch|p1a: Altaria|Altaria-Mega, F|332\/353
|move|p2a: Politoed|Encore|p1a: Altaria
|-fail|p1a: Altaria
|
|turn|15
|
|move|p1a: Altaria|Hyper Voice|p2a: Politoed
|-damage|p2a: Politoed|38\/383
|move|p2a: Politoed|Scald|p1a: Altaria
|-resisted|p1a: Altaria
|-damage|p1a: Altaria|290\/353
|
|turn|16
|
|move|p1a: Altaria|Hyper Voice|p2a: Politoed
|-damage|p2a: Politoed|0 fnt
|faint|p2a: Politoed
|
|c|âAlbyness|needed rain
|
|switch|p2a: Tornadus-Therian|Tornadus-Therian, M|299\/299
|turn|17
|c|âAkatsuki Jet|lol yeah
|
|move|p2a: Tornadus-Therian|Hurricane|p1a: Altaria
|-damage|p1a: Altaria|87\/353
|-damage|p2a: Tornadus-Therian|270\/299|[from] item: Life Orb
|move|p1a: Altaria|Hyper Voice|p2a: Tornadus-Therian
|-damage|p2a: Tornadus-Therian|113\/299
|
|turn|18
|c| LunaticMode|rain 2 mainstream
|
|switch|p1a: Hippowdon|Hippowdon, F|420\/420
|move|p2a: Tornadus-Therian|Hurricane|p1a: Hippowdon
|-damage|p1a: Hippowdon|198\/420
|-damage|p2a: Tornadus-Therian|84\/299|[from] item: Life Orb
|
|-heal|p1a: Hippowdon|224\/420|[from] item: Leftovers
|turn|19
|
|move|p2a: Tornadus-Therian|Hurricane|p1a: Hippowdon
|-damage|p1a: Hippowdon|28\/420
|-damage|p2a: Tornadus-Therian|55\/299|[from] item: Life Orb
|move|p1a: Hippowdon|Slack Off|p1a: Hippowdon
|-heal|p1a: Hippowdon|238\/420
|
|-heal|p1a: Hippowdon|264\/420|[from] item: Leftovers
|turn|20
|join|MattyX
|
|move|p2a: Tornadus-Therian|Knock Off|p1a: Hippowdon
|-damage|p1a: Hippowdon|182\/420
|-enditem|p1a: Hippowdon|Leftovers|[from] move: Knock Off|[of] p2a: Tornadus-Therian
|-damage|p2a: Tornadus-Therian|26\/299|[from] item: Life Orb
|move|p1a: Hippowdon|Stealth Rock|p2a: Tornadus-Therian
|-sidestart|p2: Albyness|move: Stealth Rock
|
|turn|21
|join|majorax
|
|switch|p2a: Mamoswine|Mamoswine, F|325\/361
|-damage|p2a: Mamoswine|280\/361|[from] Stealth Rock
|switch|p1a: Latias|Latias, F|341\/341 slp
|
|turn|22
|
|switch|p1a: Chesnaught|Chesnaught, M|380\/380
|move|p2a: Mamoswine|Stealth Rock|p1a: Chesnaught
|-sidestart|p1: Akatsuki Jet|move: Stealth Rock
|
|turn|23
|
|move|p2a: Mamoswine|Freeze-Dry|p1a: Chesnaught
|-supereffective|p1a: Chesnaught
|-damage|p1a: Chesnaught|177\/380
|-damage|p2a: Mamoswine|244\/361|[from] item: Life Orb
|move|p1a: Chesnaught|Spikes|p2a: Mamoswine
|-sidestart|p2: Albyness|Spikes
|
|-heal|p1a: Chesnaught|200\/380|[from] item: Leftovers
|turn|24
|
|switch|p2a: Tornadus-Therian|Tornadus-Therian, M|125\/299
|-damage|p2a: Tornadus-Therian|51\/299|[from] Stealth Rock
|move|p1a: Chesnaught|Spiky Shield|p1a: Chesnaught
|-fail|p1a: Chesnaught
|
|-heal|p1a: Chesnaught|223\/380|[from] item: Leftovers
|turn|25
|
|move|p1a: Chesnaught|Spiky Shield|p1a: Chesnaught
|-singleturn|p1a: Chesnaught|move: Protect
|move|p2a: Tornadus-Therian|Hurricane|p1a: Chesnaught
|-activate|p1a: Chesnaught|move: Protect
|
|-heal|p1a: Chesnaught|246\/380|[from] item: Leftovers
|turn|26
|
|switch|p2a: Mamoswine|Mamoswine, F|244\/361
|-damage|p2a: Mamoswine|199\/361|[from] Spikes
|-damage|p2a: Mamoswine|154\/361|[from] Stealth Rock
|move|p1a: Chesnaught|Drain Punch|p2a: Mamoswine
|-supereffective|p2a: Mamoswine
|-damage|p2a: Mamoswine|0 fnt
|-heal|p1a: Chesnaught|323\/380|[from] drain|[of] p2a: Mamoswine
|faint|p2a: Mamoswine
|
|-heal|p1a: Chesnaught|346\/380|[from] item: Leftovers
|
|switch|p2a: Scizor|Scizor, F|343\/343
|-damage|p2a: Scizor|301\/343|[from] Spikes
|-damage|p2a: Scizor|259\/343|[from] Stealth Rock
|turn|27
|
|detailschange|p2a: Scizor|Scizor-Mega, F
|message|Scizor has Mega Evolved into Mega Scizor!
|move|p2a: Scizor|Swords Dance|p2a: Scizor
|-boost|p2a: Scizor|atk|2
|move|p1a: Chesnaught|Spikes|p2a: Scizor
|-sidestart|p2: Albyness|Spikes
|
|-heal|p1a: Chesnaught|369\/380|[from] item: Leftovers
|turn|28
|c| LunaticMode|pr0 play, jet
|c| LunaticMode|y u no leech seed
|
|move|p2a: Scizor|Swords Dance|p2a: Scizor
|-boost|p2a: Scizor|atk|2
|move|p1a: Chesnaught|Leech Seed|p2a: Scizor
|-start|p2a: Scizor|move: Leech Seed
|
|-heal|p1a: Chesnaught|380\/380|[from] item: Leftovers
|-damage|p2a: Scizor|217\/343|[from] Leech Seed|[of] p1a: Chesnaught
|turn|29
|c|âAkatsuki Jet|lol
|c|âAkatsuki Jet|nig never runs sd
|
|move|p2a: Scizor|Swords Dance|p2a: Scizor
|-boost|p2a: Scizor|atk|2
|move|p1a: Chesnaught|Drain Punch|p2a: Scizor
|-damage|p2a: Scizor|160\/343
|
|-damage|p2a: Scizor|118\/343|[from] Leech Seed|[of] p1a: Chesnaught
|turn|30
|
|switch|p1a: Victini|Victini|341\/341
|-damage|p1a: Victini|256\/341|[from] Stealth Rock
|move|p2a: Scizor|Roost|p2a: Scizor
|-heal|p2a: Scizor|290\/343
|
|-damage|p2a: Scizor|248\/343|[from] Leech Seed|[of] p1a: Victini
|-heal|p1a: Victini|298\/341|[silent]
|turn|31
|
|move|p2a: Scizor|Bullet Punch|p1a: Victini
|-resisted|p1a: Victini
|-damage|p1a: Victini|88\/341
|move|p1a: Victini|V-create|p2a: Scizor
|-supereffective|p2a: Scizor
|-damage|p2a: Scizor|0 fnt
|-unboost|p1a: Victini|def|1
|-unboost|p1a: Victini|spd|1
|-unboost|p1a: Victini|spe|1
|faint|p2a: Scizor
|
|
|switch|p2a: Tornadus-Therian|Tornadus-Therian, M|150\/299
|-damage|p2a: Tornadus-Therian|76\/299|[from] Stealth Rock
|turn|32
|c| LunaticMode|oh snap
|c|âAkatsuki Jet|moments like this is why i run quick attck
|
|switch|p1a: Lucario|Lucario, F|281\/281
|-damage|p1a: Lucario|273\/281|[from] Stealth Rock
|move|p2a: Tornadus-Therian|U-turn|p1a: Lucario
|-resisted|p1a: Lucario
|-damage|p1a: Lucario|248\/281
|-damage|p2a: Tornadus-Therian|47\/299|[from] item: Life Orb
|c| iBLT|too situational
|c| iBLT|:@
|
|switch|p2a: Heliolisk|Heliolisk, M|265\/265
|-damage|p2a: Heliolisk|221\/265|[from] Spikes
|-damage|p2a: Heliolisk|188\/265|[from] Stealth Rock
|
|turn|33
|
|move|p1a: Lucario|Extreme Speed|p2a: Heliolisk
|-damage|p2a: Heliolisk|0 fnt
|-damage|p1a: Lucario|220\/281|[from] item: Life Orb
|faint|p2a: Heliolisk
|
|
|switch|p2a: Tornadus-Therian|Tornadus-Therian, M|146\/299
|-damage|p2a: Tornadus-Therian|72\/299|[from] Stealth Rock
|turn|34
|c| LunaticMode|rekt
|c|âAkatsuki Jet|:$ gg
|c|âAlbyness|let me fix toad
|
|move|p1a: Lucario|Extreme Speed|p2a: Tornadus-Therian
|-damage|p2a: Tornadus-Therian|0 fnt
|-damage|p1a: Lucario|192\/281|[from] item: Life Orb
|faint|p2a: Tornadus-Therian
|
|win|Akatsuki Jet
|c|âAkatsuki Jet|lol
|leave|Albyness
|player|p2
|leave|LunaticMode