|join|Hax God Jet
|join|Albyness
|player|p1|Hax God Jet|279
|player|p2|Albyness|44
|gametype|singles
|gen|6
|tier|OU
|clearpoke
|poke|p1|Bisharp, F
|poke|p1|Sylveon, M
|poke|p1|Sharpedo, M, shiny
|poke|p1|Latias, F
|poke|p1|Rotom-Wash
|poke|p1|Landorus-Therian, M
|poke|p2|Politoed, M, shiny
|poke|p2|Kabutops, M
|poke|p2|Tornadus-Therian, M
|poke|p2|Heliolisk, F, shiny
|poke|p2|Scizor, M
|poke|p2|Mamoswine, M
|rule|Swagger Clause: Swagger is banned
|rule|Baton Pass Clause: Limit one PokÃ©mon knowing Baton Pass
|rule|Sleep Clause Mod: Limit one foe put to sleep
|rule|Species Clause: Limit one of each PokÃ©mon
|rule|OHKO Clause: OHKO moves are banned
|rule|Moody Clause: Moody is banned
|rule|Evasion Moves Clause: Evasion moves are banned
|rule|Endless Battle Clause: Forcing endless battles is banned
|rule|HP Percentage Mod: HP is shown in percentages
|teampreview
|
|start
|switch|p1a: Rotom-Wash|Rotom-Wash|303\/303
|switch|p2a: Mamoswine|Mamoswine, M|361\/361
|turn|1
|c|âHax God Jet|gl hf
|
|move|p2a: Mamoswine|Stealth Rock|p1a: Rotom-Wash
|-sidestart|p1: Hax God Jet|move: Stealth Rock
|move|p1a: Rotom-Wash|Will-O-Wisp|p2a: Mamoswine
|-status|p2a: Mamoswine|brn
|
|-damage|p2a: Mamoswine|316\/361 brn|[from] brn
|turn|2
|
|move|p2a: Mamoswine|Freeze-Dry|p1a: Rotom-Wash
|-supereffective|p1a: Rotom-Wash
|-damage|p1a: Rotom-Wash|144\/303
|-damage|p2a: Mamoswine|280\/361 brn|[from] item: Life Orb
|move|p1a: Rotom-Wash|Hydro Pump|p2a: Mamoswine|[miss]
|-miss|p1a: Rotom-Wash|p2a: Mamoswine
|
|-heal|p1a: Rotom-Wash|162\/303|[from] item: Leftovers
|-damage|p2a: Mamoswine|235\/361 brn|[from] brn
|turn|3
|c|âHax God Jet|feg
|
|switch|p1a: Bisharp|Bisharp, F|271\/271
|-damage|p1a: Bisharp|255\/271|[from] Stealth Rock
|move|p2a: Mamoswine|Earthquake|p1a: Bisharp
|-crit|p1a: Bisharp
|-supereffective|p1a: Bisharp
|-damage|p1a: Bisharp|0 fnt
|-damage|p2a: Mamoswine|199\/361 brn|[from] item: Life Orb
|faint|p1a: Bisharp
|
|-damage|p2a: Mamoswine|154\/361 brn|[from] brn
|c|âAlbyness|rekt
|c|âHax God Jet|rqs
|c|âAlbyness|rofl
|
|switch|p1a: Latias|Latias, F|341\/341
|-damage|p1a: Latias|299\/341|[from] Stealth Rock
|turn|4
|
|move|p1a: Latias|Psyshock|p2a: Mamoswine
|-damage|p2a: Mamoswine|0 fnt
|-damage|p1a: Latias|265\/341|[from] item: Life Orb
|faint|p2a: Mamoswine
|
|
|switch|p2a: Tornadus-Therian|Tornadus-Therian, M|299\/299
|turn|5
|c|âHax God Jet|rotom needs surf >.>
|
|move|p2a: Tornadus-Therian|Knock Off|p1a: Latias
|-supereffective|p1a: Latias
|-damage|p1a: Latias|47\/341
|-enditem|p1a: Latias|Life Orb|[from] move: Knock Off|[of] p2a: Tornadus-Therian
|-damage|p2a: Tornadus-Therian|270\/299|[from] item: Life Orb
|move|p1a: Latias|Draco Meteor|p2a: Tornadus-Therian
|-damage|p2a: Tornadus-Therian|83\/299
|-unboost|p1a: Latias|spa|2
|
|turn|6
|
|switch|p1a: Landorus-Therian|Landorus-Therian, M|319\/319
|-damage|p1a: Landorus-Therian|280\/319|[from] Stealth Rock
|-ability|p1a: Landorus-Therian|Intimidate|[of] p2a: Tornadus-Therian
|-unboost|p2a: Tornadus-Therian|atk|1
|move|p2a: Tornadus-Therian|U-turn|p1a: Landorus-Therian
|-resisted|p1a: Landorus-Therian
|-damage|p1a: Landorus-Therian|251\/319
|-damage|p2a: Tornadus-Therian|54\/299|[from] item: Life Orb
|
|switch|p2a: Politoed|Politoed, M, shiny|383\/383
|-weather|RainDance
|
|-weather|RainDance|[upkeep]
|turn|7
|
|switch|p2a: Tornadus-Therian|Tornadus-Therian, M|153\/299
|move|p1a: Landorus-Therian|Stealth Rock|p2a: Tornadus-Therian
|-sidestart|p2: Albyness|move: Stealth Rock
|
|-weather|RainDance|[upkeep]
|turn|8
|
|switch|p1a: Latias|Latias, F|47\/341
|-damage|p1a: Latias|5\/341|[from] Stealth Rock
|move|p2a: Tornadus-Therian|Hurricane|p1a: Latias
|-damage|p1a: Latias|0 fnt
|-damage|p2a: Tornadus-Therian|124\/299|[from] item: Life Orb
|faint|p1a: Latias
|
|-weather|RainDance|[upkeep]
|
|switch|p1a: Landorus-Therian|Landorus-Therian, M|251\/319
|-damage|p1a: Landorus-Therian|212\/319|[from] Stealth Rock
|-ability|p1a: Landorus-Therian|Intimidate|[of] p2a: Tornadus-Therian
|-unboost|p2a: Tornadus-Therian|atk|1
|turn|9
|
|switch|p2a: Scizor|Scizor, M|343\/343
|-damage|p2a: Scizor|301\/343|[from] Stealth Rock
|move|p1a: Landorus-Therian|Stone Edge|p2a: Scizor|[miss]
|-miss|p1a: Landorus-Therian|p2a: Scizor
|
|-weather|RainDance|[upkeep]
|turn|10
|
|switch|p1a: Rotom-Wash|Rotom-Wash|162\/303
|-damage|p1a: Rotom-Wash|125\/303|[from] Stealth Rock
|switch|p2a: Heliolisk|Heliolisk, F, shiny|265\/265
|-damage|p2a: Heliolisk|232\/265|[from] Stealth Rock
|
|-weather|RainDance|[upkeep]
|-heal|p2a: Heliolisk|265\/265|[from] ability: Dry Skin
|-heal|p1a: Rotom-Wash|143\/303|[from] item: Leftovers
|turn|11
|
|move|p2a: Heliolisk|Substitute|p2a: Heliolisk
|-start|p2a: Heliolisk|Substitute
|-damage|p2a: Heliolisk|199\/265
|move|p1a: Rotom-Wash|Pain Split|p2a: Heliolisk
|
|-weather|RainDance|[upkeep]
|-heal|p2a: Heliolisk|232\/265|[from] ability: Dry Skin
|-heal|p1a: Rotom-Wash|161\/303|[from] item: Leftovers
|turn|12
|
|move|p2a: Heliolisk|Thunder|p1a: Rotom-Wash
|-damage|p1a: Rotom-Wash|0 fnt
|-damage|p2a: Heliolisk|206\/265|[from] item: Life Orb
|faint|p1a: Rotom-Wash
|
|-weather|RainDance|[upkeep]
|-heal|p2a: Heliolisk|239\/265|[from] ability: Dry Skin
|
|switch|p1a: Sylveon|Sylveon, M|345\/345
|-damage|p1a: Sylveon|302\/345|[from] Stealth Rock
|turn|13
|
|move|p2a: Heliolisk|Thunder|p1a: Sylveon
|-damage|p1a: Sylveon|123\/345
|-damage|p2a: Heliolisk|213\/265|[from] item: Life Orb
|move|p1a: Sylveon|Hyper Voice|p2a: Heliolisk
|-damage|p2a: Heliolisk|0 fnt
|faint|p2a: Heliolisk
|
|-weather|none
|
|switch|p2a: Scizor|Scizor, M|301\/343
|-damage|p2a: Scizor|259\/343|[from] Stealth Rock
|turn|14
|
|detailschange|p2a: Scizor|Scizor-Mega, M
|message|Scizor has Mega Evolved into Mega Scizor!
|move|p2a: Scizor|Swords Dance|p2a: Scizor
|-boost|p2a: Scizor|atk|2
|move|p1a: Sylveon|Hyper Voice|p2a: Scizor
|-crit|p2a: Scizor
|-resisted|p2a: Scizor
|-damage|p2a: Scizor|21\/343
|
|turn|15
|
|switch|p1a: Landorus-Therian|Landorus-Therian, M|212\/319
|-damage|p1a: Landorus-Therian|173\/319|[from] Stealth Rock
|-ability|p1a: Landorus-Therian|Intimidate|[of] p2a: Scizor
|-unboost|p2a: Scizor|atk|1
|move|p2a: Scizor|Roost|p2a: Scizor
|-heal|p2a: Scizor|193\/343
|
|turn|16
|
|move|p1a: Landorus-Therian|U-turn|p2a: Scizor
|-resisted|p2a: Scizor
|-damage|p2a: Scizor|164\/343
|
|switch|p1a: Sharpedo|Sharpedo, M, shiny|281\/281
|-damage|p1a: Sharpedo|246\/281|[from] Stealth Rock
|move|p2a: Scizor|Roost|p2a: Scizor
|-heal|p2a: Scizor|336\/343
|
|turn|17
|
|move|p1a: Sharpedo|Waterfall|p2a: Scizor
|-damage|p2a: Scizor|249\/343
|move|p2a: Scizor|Swords Dance|p2a: Scizor
|-boost|p2a: Scizor|atk|2
|
|-boost|p1a: Sharpedo|spe|1|[from] ability: Speed Boost
|turn|18
|
|detailschange|p1a: Sharpedo|Sharpedo-Mega, M, shiny
|message|Sharpedo has Mega Evolved into Mega Sharpedo!
|move|p2a: Scizor|Bullet Punch|p1a: Sharpedo
|-resisted|p1a: Sharpedo
|-damage|p1a: Sharpedo|64\/281
|move|p1a: Sharpedo|Destiny Bond|p1a: Sharpedo
|-singlemove|p1a: Sharpedo|Destiny Bond
|
|turn|19
|
|move|p1a: Sharpedo|Crunch|p2a: Scizor
|-damage|p2a: Scizor|87\/343
|move|p2a: Scizor|Roost|p2a: Scizor
|-heal|p2a: Scizor|259\/343
|
|turn|20
|
|move|p2a: Scizor|Bullet Punch|p1a: Sharpedo
|-resisted|p1a: Sharpedo
|-damage|p1a: Sharpedo|0 fnt
|faint|p1a: Sharpedo
|
|
|switch|p1a: Sylveon|Sylveon, M|123\/345
|-damage|p1a: Sylveon|80\/345|[from] Stealth Rock
|turn|21
|c|âAlbyness|gg
|
|move|p2a: Scizor|Bullet Punch|p1a: Sylveon
|-supereffective|p1a: Sylveon
|-damage|p1a: Sylveon|0 fnt
|faint|p1a: Sylveon
|
|c|âHax God Jet|gg
|
|switch|p1a: Landorus-Therian|Landorus-Therian, M|173\/319
|-damage|p1a: Landorus-Therian|134\/319|[from] Stealth Rock
|-ability|p1a: Landorus-Therian|Intimidate|[of] p2a: Scizor
|-unboost|p2a: Scizor|atk|1
|turn|22
|
|move|p2a: Scizor|Bullet Punch|p1a: Landorus-Therian
|-damage|p1a: Landorus-Therian|0 fnt
|faint|p1a: Landorus-Therian
|
|win|Albyness
|leave|Hax God Jet
|player|p1