|J|Albyness
|J|MattyX
|player|p1|Albyness|1
|player|p2|MattyX|96
|gametype|singles
|gen|6
|tier|OU
|clearpoke
|poke|p1|Clefable, M, shiny
|poke|p1|Gengar, M, shiny
|poke|p1|Pinsir, M
|poke|p1|Excadrill, F
|poke|p1|Gliscor, F
|poke|p1|Thundurus, M
|poke|p2|Beedrill, M
|poke|p2|Milotic, F
|poke|p2|Magnezone, shiny
|poke|p2|Kyurem-Black, shiny
|poke|p2|Sableye, M
|poke|p2|Hippowdon, M
|rule|Swagger Clause: Swagger is banned
|rule|Baton Pass Clause: Limit one PokÃ©mon knowing Baton Pass
|rule|Sleep Clause Mod: Limit one foe put to sleep
|rule|Species Clause: Limit one of each PokÃ©mon
|rule|OHKO Clause: OHKO moves are banned
|rule|Moody Clause: Moody is banned
|rule|Evasion Moves Clause: Evasion moves are banned
|rule|Endless Battle Clause: Forcing endless battles is banned
|rule|HP Percentage Mod: HP is shown in percentages
|teampreview
|J|Hax God Jet
|
|start
|switch|p1a: Gliscor|Gliscor, F|347\/347
|switch|p2a: Kyurem-Black|Kyurem-Black, shiny|391\/391
|-ability|p2a: Kyurem-Black|Teravolt
|turn|1
|
|switch|p1a: Excadrill|Excadrill, F|413\/413
|-ability|p1a: Excadrill|Mold Breaker
|move|p2a: Kyurem-Black|Ice Beam|p1a: Excadrill
|-damage|p1a: Excadrill|286\/413
|
|turn|2
|c| Hax God Jet|damn alby where da azu
|
|switch|p2a: Hippowdon|Hippowdon, M|420\/420
|-weather|Sandstorm
|move|p1a: Excadrill|Stealth Rock|p2a: Hippowdon
|-sidestart|p2: MattyX|move: Stealth Rock
|
|-weather|Sandstorm|[upkeep]
|turn|3
|
|switch|p1a: Gliscor|Gliscor, F|347\/347
|move|p2a: Hippowdon|Stealth Rock|p1a: Gliscor
|-sidestart|p1: Albyness|move: Stealth Rock
|
|-weather|Sandstorm|[upkeep]
|-status|p1a: Gliscor|tox|[from] item: Toxic Orb
|turn|4
|
|switch|p2a: Milotic|Milotic, F|394\/394
|-damage|p2a: Milotic|345\/394|[from] Stealth Rock
|move|p1a: Gliscor|Swords Dance|p1a: Gliscor
|-boost|p1a: Gliscor|atk|2
|
|-weather|Sandstorm|[upkeep]
|-damage|p2a: Milotic|321\/394|[from] sandstorm
|-heal|p2a: Milotic|345\/394|[from] item: Leftovers
|turn|5
|
|switch|p1a: Clefable|Clefable, M, shiny|393\/393
|-damage|p1a: Clefable|344\/393|[from] Stealth Rock
|move|p2a: Milotic|Ice Beam|p1a: Clefable
|-damage|p1a: Clefable|276\/393
|-status|p1a: Clefable|frz
|
|-weather|Sandstorm|[upkeep]
|-damage|p2a: Milotic|321\/394|[from] sandstorm
|-damage|p1a: Clefable|252\/393 frz|[from] sandstorm
|-heal|p2a: Milotic|345\/394|[from] item: Leftovers
|-heal|p1a: Clefable|276\/393 frz|[from] item: Leftovers
|turn|6
|c|âMattyX|damn
|
|switch|p2a: Beedrill|Beedrill, M|272\/272
|-damage|p2a: Beedrill|204\/272|[from] Stealth Rock
|-curestatus|p1a: Clefable|frz
|move|p1a: Clefable|Thunder Wave|p2a: Beedrill
|-status|p2a: Beedrill|par
|
|-weather|none
|-heal|p1a: Clefable|300\/393|[from] item: Leftovers
|turn|7
|c|âAlbyness|great
|c| Hax God Jet|lmao
|c|âAlbyness|trying to capitalize on hax
|c|âMattyX|dat luck : c
|c|âAlbyness|-_--
|c| Hax God Jet|lolol
|c|âMattyX|who doesnt
|c| Hax God Jet|^
|
|switch|p1a: Excadrill|Excadrill, F|286\/413
|-damage|p1a: Excadrill|274\/413|[from] Stealth Rock
|-ability|p1a: Excadrill|Mold Breaker
|detailschange|p2a: Beedrill|Beedrill-Mega, M
|-mega|p2a: Beedrill|Beedrill|Beedrillite
|move|p2a: Beedrill|U-turn|p1a: Excadrill
|-resisted|p1a: Excadrill
|-damage|p1a: Excadrill|124\/413
|
|switch|p2a: Sableye|Sableye, M|304\/304
|-damage|p2a: Sableye|266\/304|[from] Stealth Rock
|
|-heal|p2a: Sableye|285\/304|[from] item: Leftovers
|turn|8
|
|switch|p1a: Gliscor|Gliscor, F|347\/347 tox
|-damage|p1a: Gliscor|304\/347 tox|[from] Stealth Rock
|move|p2a: Sableye|Will-O-Wisp|p1a: Gliscor
|-fail|p1a: Gliscor
|
|-heal|p2a: Sableye|304\/304|[from] item: Leftovers
|-heal|p1a: Gliscor|347\/347 tox|[from] ability: Poison Heal
|turn|9
|
|switch|p1a: Gengar|Gengar, M, shiny|261\/261
|-damage|p1a: Gengar|229\/261|[from] Stealth Rock
|move|p2a: Sableye|Confuse Ray|p1a: Gengar
|-start|p1a: Gengar|confusion
|
|turn|10
|
|-activate|p1a: Gengar|confusion
|move|p1a: Gengar|Shadow Ball|p2a: Sableye
|-damage|p2a: Sableye|132\/304
|-damage|p1a: Gengar|203\/261|[from] item: Life Orb
|move|p2a: Sableye|Foul Play|p1a: Gengar
|-supereffective|p1a: Gengar
|-damage|p1a: Gengar|35\/261
|
|-heal|p2a: Sableye|151\/304|[from] item: Leftovers
|turn|11
|
|move|p2a: Sableye|Recover|p2a: Sableye
|-heal|p2a: Sableye|303\/304
|-activate|p1a: Gengar|confusion
|move|p1a: Gengar|Will-O-Wisp|p2a: Sableye
|-status|p2a: Sableye|brn
|
|-heal|p2a: Sableye|304\/304 brn|[from] item: Leftovers
|-damage|p2a: Sableye|266\/304 brn|[from] brn
|turn|12
|
|-activate|p1a: Gengar|confusion
|-damage|p1a: Gengar|4\/261|[from] confusion
|move|p2a: Sableye|Foul Play|p1a: Gengar
|-supereffective|p1a: Gengar
|-damage|p1a: Gengar|0 fnt
|faint|p1a: Gengar
|
|-heal|p2a: Sableye|285\/304 brn|[from] item: Leftovers
|-damage|p2a: Sableye|247\/304 brn|[from] brn
|
|switch|p1a: Clefable|Clefable, M, shiny|300\/393
|-damage|p1a: Clefable|251\/393|[from] Stealth Rock
|turn|13
|
|move|p2a: Sableye|Confuse Ray|p1a: Clefable
|-start|p1a: Clefable|confusion
|-activate|p1a: Clefable|confusion
|-damage|p1a: Clefable|235\/393|[from] confusion
|
|-heal|p1a: Clefable|259\/393|[from] item: Leftovers
|-heal|p2a: Sableye|266\/304 brn|[from] item: Leftovers
|-damage|p2a: Sableye|228\/304 brn|[from] brn
|turn|14
|
|switch|p2a: Magnezone|Magnezone, shiny|281\/281
|-damage|p2a: Magnezone|264\/281|[from] Stealth Rock
|-activate|p1a: Clefable|confusion
|move|p1a: Clefable|Flamethrower|p2a: Magnezone
|-crit|p2a: Magnezone
|-supereffective|p2a: Magnezone
|-damage|p2a: Magnezone|52\/281
|
|-heal|p1a: Clefable|283\/393|[from] item: Leftovers
|turn|15
|
|switch|p1a: Excadrill|Excadrill, F|124\/413
|-damage|p1a: Excadrill|112\/413|[from] Stealth Rock
|-ability|p1a: Excadrill|Mold Breaker
|move|p2a: Magnezone|Flash Cannon|p1a: Excadrill
|-resisted|p1a: Excadrill
|-damage|p1a: Excadrill|35\/413
|
|turn|16
|
|move|p2a: Magnezone|Flash Cannon|p1a: Excadrill
|-resisted|p1a: Excadrill
|-damage|p1a: Excadrill|0 fnt
|faint|p1a: Excadrill
|
|
|switch|p1a: Pinsir|Pinsir, M|271\/271
|-damage|p1a: Pinsir|204\/271|[from] Stealth Rock
|turn|17
|
|detailschange|p1a: Pinsir|Pinsir-Mega, M
|-mega|p1a: Pinsir|Pinsir|Pinsirite
|move|p2a: Magnezone|Flash Cannon|p1a: Pinsir
|-damage|p1a: Pinsir|47\/271
|move|p1a: Pinsir|Swords Dance|p1a: Pinsir
|-boost|p1a: Pinsir|atk|2
|
|turn|18
|
|move|p1a: Pinsir|Quick Attack|p2a: Magnezone
|-resisted|p2a: Magnezone
|-damage|p2a: Magnezone|7\/281
|move|p2a: Magnezone|Flash Cannon|p1a: Pinsir
|-damage|p1a: Pinsir|0 fnt
|faint|p1a: Pinsir
|
|c|âAlbyness|omai
|
|switch|p1a: Gliscor|Gliscor, F|347\/347 tox
|-damage|p1a: Gliscor|304\/347 tox|[from] Stealth Rock
|turn|19
|
|move|p2a: Magnezone|Flash Cannon|p1a: Gliscor
|-damage|p1a: Gliscor|168\/347 tox
|-unboost|p1a: Gliscor|spd|1
|move|p1a: Gliscor|Swords Dance|p1a: Gliscor
|-boost|p1a: Gliscor|atk|2
|
|-heal|p1a: Gliscor|211\/347 tox|[from] ability: Poison Heal
|turn|20
|
|move|p2a: Magnezone|Flash Cannon|p1a: Gliscor
|-damage|p1a: Gliscor|0 fnt
|faint|p1a: Gliscor
|
|
|switch|p1a: Thundurus|Thundurus, M|299\/299
|-damage|p1a: Thundurus|225\/299|[from] Stealth Rock
|turn|21
|
|move|p2a: Magnezone|Flash Cannon|p1a: Thundurus
|-resisted|p1a: Thundurus
|-damage|p1a: Thundurus|138\/299
|move|p1a: Thundurus|Knock Off|p2a: Magnezone
|-damage|p2a: Magnezone|0 fnt
|-enditem|p2a: Magnezone|Choice Scarf|[from] move: Knock Off|[of] p1a: Thundurus
|-damage|p1a: Thundurus|109\/299|[from] item: Life Orb
|faint|p2a: Magnezone
|
|
|switch|p2a: Kyurem-Black|Kyurem-Black, shiny|391\/391
|-damage|p2a: Kyurem-Black|294\/391|[from] Stealth Rock
|-ability|p2a: Kyurem-Black|Teravolt
|turn|22
|
|move|p1a: Thundurus|Superpower|p2a: Kyurem-Black
|-supereffective|p2a: Kyurem-Black
|-damage|p2a: Kyurem-Black|0 fnt
|-unboost|p1a: Thundurus|atk|1
|-unboost|p1a: Thundurus|def|1
|-damage|p1a: Thundurus|80\/299|[from] item: Life Orb
|faint|p2a: Kyurem-Black
|
|
|switch|p2a: Hippowdon|Hippowdon, M|420\/420
|-damage|p2a: Hippowdon|394\/420|[from] Stealth Rock
|-weather|Sandstorm
|turn|23
|
|move|p1a: Thundurus|Hidden Power|p2a: Hippowdon
|-supereffective|p2a: Hippowdon
|-damage|p2a: Hippowdon|225\/420
|-damage|p1a: Thundurus|51\/299|[from] item: Life Orb
|move|p2a: Hippowdon|Stone Edge|p1a: Thundurus|[miss]
|-miss|p2a: Hippowdon|p1a: Thundurus
|
|-weather|Sandstorm|[upkeep]
|-damage|p1a: Thundurus|33\/299|[from] sandstorm
|-heal|p2a: Hippowdon|251\/420|[from] item: Leftovers
|turn|24
|
|move|p1a: Thundurus|Knock Off|p2a: Hippowdon
|-damage|p2a: Hippowdon|187\/420
|-enditem|p2a: Hippowdon|Leftovers|[from] move: Knock Off|[of] p1a: Thundurus
|-damage|p1a: Thundurus|4\/299|[from] item: Life Orb
|move|p2a: Hippowdon|Slack Off|p2a: Hippowdon
|-heal|p2a: Hippowdon|397\/420
|
|-weather|Sandstorm|[upkeep]
|-damage|p1a: Thundurus|0 fnt|[from] sandstorm
|faint|p1a: Thundurus
|
|switch|p1a: Clefable|Clefable, M, shiny|283\/393
|-damage|p1a: Clefable|234\/393|[from] Stealth Rock
|turn|25
|J|NJNP
|
|move|p1a: Clefable|Flamethrower|p2a: Hippowdon
|-damage|p2a: Hippowdon|319\/420
|move|p2a: Hippowdon|Earthquake|p1a: Clefable
|-damage|p1a: Clefable|107\/393
|
|-weather|Sandstorm|[upkeep]
|-damage|p1a: Clefable|83\/393|[from] sandstorm
|-heal|p1a: Clefable|107\/393|[from] item: Leftovers
|turn|26
|
|switch|p2a: Sableye|Sableye, M|228\/304 brn
|-damage|p2a: Sableye|190\/304 brn|[from] Stealth Rock
|move|p1a: Clefable|Moonlight|p1a: Clefable
|-heal|p1a: Clefable|205\/393
|
|-weather|Sandstorm|[upkeep]
|-damage|p1a: Clefable|181\/393|[from] sandstorm
|-damage|p2a: Sableye|171\/304 brn|[from] sandstorm
|-heal|p1a: Clefable|205\/393|[from] item: Leftovers
|-heal|p2a: Sableye|190\/304 brn|[from] item: Leftovers
|-damage|p2a: Sableye|152\/304 brn|[from] brn
|turn|27
|c| Hax God Jet|will the come back be real!!!
|
|move|p2a: Sableye|Confuse Ray|p1a: Clefable
|-start|p1a: Clefable|confusion
|-activate|p1a: Clefable|confusion
|-damage|p1a: Clefable|187\/393|[from] confusion
|
|-weather|none
|-heal|p1a: Clefable|211\/393|[from] item: Leftovers
|-heal|p2a: Sableye|171\/304 brn|[from] item: Leftovers
|-damage|p2a: Sableye|133\/304 brn|[from] brn
|turn|28
|
|switch|p2a: Beedrill|Beedrill-Mega, M|204\/272 par
|-damage|p2a: Beedrill|136\/272 par|[from] Stealth Rock
|-end|p1a: Clefable|confusion
|move|p1a: Clefable|Moonblast|p2a: Beedrill
|-resisted|p2a: Beedrill
|-damage|p2a: Beedrill|70\/272 par
|
|-heal|p1a: Clefable|235\/393|[from] item: Leftovers
|turn|29
|J|takajj
|
|move|p1a: Clefable|Flamethrower|p2a: Beedrill
|-supereffective|p2a: Beedrill
|-damage|p2a: Beedrill|0 fnt
|faint|p2a: Beedrill
|
|-heal|p1a: Clefable|259\/393|[from] item: Leftovers
|L|takajj
|
|switch|p2a: Sableye|Sableye, M|133\/304 brn
|-damage|p2a: Sableye|95\/304 brn|[from] Stealth Rock
|turn|30
|
|move|p2a: Sableye|Confuse Ray|p1a: Clefable
|-start|p1a: Clefable|confusion
|-activate|p1a: Clefable|confusion
|move|p1a: Clefable|Moonblast|p2a: Sableye
|-supereffective|p2a: Sableye
|-damage|p2a: Sableye|0 fnt
|faint|p2a: Sableye
|
|-heal|p1a: Clefable|283\/393|[from] item: Leftovers
|
|switch|p2a: Hippowdon|Hippowdon, M|319\/420
|-damage|p2a: Hippowdon|293\/420|[from] Stealth Rock
|-weather|Sandstorm
|turn|31
|c| NJNP|no willo 0.o
|
|-activate|p1a: Clefable|confusion
|move|p1a: Clefable|Moonlight|p1a: Clefable
|-heal|p1a: Clefable|381\/393
|move|p2a: Hippowdon|Earthquake|p1a: Clefable
|-damage|p1a: Clefable|261\/393
|
|-weather|Sandstorm|[upkeep]
|-damage|p1a: Clefable|237\/393|[from] sandstorm
|-heal|p1a: Clefable|261\/393|[from] item: Leftovers
|turn|32
|
|-end|p1a: Clefable|confusion
|move|p1a: Clefable|Moonblast|p2a: Hippowdon
|-damage|p2a: Hippowdon|176\/420
|move|p2a: Hippowdon|Earthquake|p1a: Clefable
|-damage|p1a: Clefable|147\/393
|
|-weather|Sandstorm|[upkeep]
|-damage|p1a: Clefable|123\/393|[from] sandstorm
|-heal|p1a: Clefable|147\/393|[from] item: Leftovers
|turn|33
|J|takajj
|L|takajj
|c| Hax God Jet|nigga where your softboiled at
|
|move|p1a: Clefable|Moonblast|p2a: Hippowdon
|-damage|p2a: Hippowdon|50\/420
|move|p2a: Hippowdon|Slack Off|p2a: Hippowdon
|-heal|p2a: Hippowdon|260\/420
|
|-weather|Sandstorm|[upkeep]
|-damage|p1a: Clefable|123\/393|[from] sandstorm
|-heal|p1a: Clefable|147\/393|[from] item: Leftovers
|turn|34
|
|move|p1a: Clefable|Moonblast|p2a: Hippowdon
|-damage|p2a: Hippowdon|137\/420
|move|p2a: Hippowdon|Earthquake|p1a: Clefable
|-damage|p1a: Clefable|27\/393
|
|-weather|Sandstorm|[upkeep]
|-damage|p1a: Clefable|3\/393|[from] sandstorm
|-heal|p1a: Clefable|27\/393|[from] item: Leftovers
|turn|35
|
|move|p1a: Clefable|Moonlight|p1a: Clefable
|-heal|p1a: Clefable|125\/393
|move|p2a: Hippowdon|Earthquake|p1a: Clefable
|-damage|p1a: Clefable|4\/393
|
|-weather|none
|-heal|p1a: Clefable|28\/393|[from] item: Leftovers
|turn|36
|
|move|p1a: Clefable|Moonlight|p1a: Clefable
|-heal|p1a: Clefable|224\/393
|move|p2a: Hippowdon|Slack Off|p2a: Hippowdon
|-heal|p2a: Hippowdon|347\/420
|
|-heal|p1a: Clefable|248\/393|[from] item: Leftovers
|turn|37
|
|switch|p2a: Milotic|Milotic, F|345\/394
|-damage|p2a: Milotic|296\/394|[from] Stealth Rock
|move|p1a: Clefable|Moonblast|p2a: Milotic
|-damage|p2a: Milotic|215\/394
|
|-heal|p2a: Milotic|239\/394|[from] item: Leftovers
|-heal|p1a: Clefable|272\/393|[from] item: Leftovers
|turn|38
|
|move|p2a: Milotic|Scald|p1a: Clefable
|-damage|p1a: Clefable|181\/393
|move|p1a: Clefable|Thunder Wave|p2a: Milotic
|-status|p2a: Milotic|par
|
|-heal|p1a: Clefable|205\/393|[from] item: Leftovers
|-heal|p2a: Milotic|263\/394 par|[from] item: Leftovers
|turn|39
|
|move|p1a: Clefable|Moonblast|p2a: Milotic
|-damage|p2a: Milotic|182\/394 par
|cant|p2a: Milotic|par
|
|-heal|p1a: Clefable|229\/393|[from] item: Leftovers
|-heal|p2a: Milotic|206\/394 par|[from] item: Leftovers
|turn|40
|
|move|p1a: Clefable|Moonblast|p2a: Milotic
|-damage|p2a: Milotic|124\/394 par
|-unboost|p2a: Milotic|spa|1
|move|p2a: Milotic|Recover|p2a: Milotic
|-heal|p2a: Milotic|321\/394 par
|
|-heal|p1a: Clefable|253\/393|[from] item: Leftovers
|-heal|p2a: Milotic|345\/394 par|[from] item: Leftovers
|turn|41
|
|move|p1a: Clefable|Moonblast|p2a: Milotic
|-damage|p2a: Milotic|264\/394 par
|move|p2a: Milotic|Mirror Coat|p1a: Clefable
|-damage|p1a: Clefable|91\/393
|
|-heal|p1a: Clefable|115\/393|[from] item: Leftovers
|-heal|p2a: Milotic|288\/394 par|[from] item: Leftovers
|turn|42
|
|move|p1a: Clefable|Moonblast|p2a: Milotic
|-damage|p2a: Milotic|206\/394 par
|-unboost|p2a: Milotic|spa|1
|move|p2a: Milotic|Scald|p1a: Clefable
|-damage|p1a: Clefable|10\/393
|
|-heal|p1a: Clefable|34\/393|[from] item: Leftovers
|-heal|p2a: Milotic|230\/394 par|[from] item: Leftovers
|turn|43
|
|move|p1a: Clefable|Moonlight|p1a: Clefable
|-heal|p1a: Clefable|230\/393
|cant|p2a: Milotic|par
|
|-heal|p1a: Clefable|254\/393|[from] item: Leftovers
|-heal|p2a: Milotic|254\/394 par|[from] item: Leftovers
|turn|44
|
|move|p1a: Clefable|Moonblast|p2a: Milotic
|-damage|p2a: Milotic|173\/394 par
|-unboost|p2a: Milotic|spa|1
|move|p2a: Milotic|Mirror Coat|p1a: Clefable
|-damage|p1a: Clefable|92\/393
|
|-heal|p1a: Clefable|116\/393|[from] item: Leftovers
|-heal|p2a: Milotic|197\/394 par|[from] item: Leftovers
|turn|45
|
|move|p1a: Clefable|Moonlight|p1a: Clefable
|-heal|p1a: Clefable|312\/393
|move|p2a: Milotic|Recover|p2a: Milotic
|-heal|p2a: Milotic|394\/394 par
|
|-heal|p1a: Clefable|336\/393|[from] item: Leftovers
|turn|46
|
|move|p1a: Clefable|Moonblast|p2a: Milotic
|-damage|p2a: Milotic|310\/394 par
|move|p2a: Milotic|Scald|p1a: Clefable
|-damage|p1a: Clefable|237\/393
|
|-heal|p1a: Clefable|261\/393|[from] item: Leftovers
|-heal|p2a: Milotic|334\/394 par|[from] item: Leftovers
|turn|47
|c| NJNP|um alby
|
|switch|p2a: Hippowdon|Hippowdon, M|347\/420
|-damage|p2a: Hippowdon|321\/420|[from] Stealth Rock
|-weather|Sandstorm
|move|p1a: Clefable|Moonblast|p2a: Hippowdon
|-damage|p2a: Hippowdon|191\/420
|
|-weather|Sandstorm|[upkeep]
|-damage|p1a: Clefable|237\/393|[from] sandstorm
|-heal|p1a: Clefable|261\/393|[from] item: Leftovers
|turn|48
|c| NJNP|that thundurus rest set?
|
|move|p1a: Clefable|Moonblast|p2a: Hippowdon
|-damage|p2a: Hippowdon|62\/420
|move|p2a: Hippowdon|Slack Off|p2a: Hippowdon
|-heal|p2a: Hippowdon|272\/420
|
|-weather|Sandstorm|[upkeep]
|-damage|p1a: Clefable|237\/393|[from] sandstorm
|-heal|p1a: Clefable|261\/393|[from] item: Leftovers
|turn|49
|
|move|p1a: Clefable|Moonblast|p2a: Hippowdon
|-damage|p2a: Hippowdon|157\/420
|-unboost|p2a: Hippowdon|spa|1
|move|p2a: Hippowdon|Earthquake|p1a: Clefable
|-damage|p1a: Clefable|144\/393
|
|-weather|Sandstorm|[upkeep]
|-damage|p1a: Clefable|120\/393|[from] sandstorm
|-heal|p1a: Clefable|144\/393|[from] item: Leftovers
|turn|50
|
|move|p1a: Clefable|Moonblast|p2a: Hippowdon
|-damage|p2a: Hippowdon|45\/420
|move|p2a: Hippowdon|Slack Off|p2a: Hippowdon
|-heal|p2a: Hippowdon|255\/420
|
|-weather|Sandstorm|[upkeep]
|-damage|p1a: Clefable|120\/393|[from] sandstorm
|-heal|p1a: Clefable|144\/393|[from] item: Leftovers
|turn|51
|
|move|p1a: Clefable|Moonblast|p2a: Hippowdon
|-damage|p2a: Hippowdon|135\/420
|-unboost|p2a: Hippowdon|spa|1
|move|p2a: Hippowdon|Earthquake|p1a: Clefable
|-damage|p1a: Clefable|17\/393
|
|-weather|none
|-heal|p1a: Clefable|41\/393|[from] item: Leftovers
|turn|52
|c|âMattyX|man can see why people run fucking toxic on this now
|c| NJNP|lol
|
|move|p1a: Clefable|Moonblast|p2a: Hippowdon
|-damage|p2a: Hippowdon|20\/420
|-unboost|p2a: Hippowdon|spa|1
|move|p2a: Hippowdon|Slack Off|p2a: Hippowdon
|-heal|p2a: Hippowdon|230\/420
|
|-heal|p1a: Clefable|65\/393|[from] item: Leftovers
|turn|53
|
|move|p1a: Clefable|Moonlight|p1a: Clefable
|-heal|p1a: Clefable|261\/393
|move|p2a: Hippowdon|Earthquake|p1a: Clefable
|-damage|p1a: Clefable|149\/393
|
|-heal|p1a: Clefable|173\/393|[from] item: Leftovers
|turn|54
|
|move|p1a: Clefable|Moonblast|p2a: Hippowdon
|-damage|p2a: Hippowdon|112\/420
|move|p2a: Hippowdon|Slack Off|p2a: Hippowdon
|-heal|p2a: Hippowdon|322\/420
|
|-heal|p1a: Clefable|197\/393|[from] item: Leftovers
|turn|55
|
|switch|p2a: Milotic|Milotic, F|334\/394 par
|-damage|p2a: Milotic|285\/394 par|[from] Stealth Rock
|move|p1a: Clefable|Moonblast|p2a: Milotic
|-damage|p2a: Milotic|194\/394 par
|
|-heal|p1a: Clefable|221\/393|[from] item: Leftovers
|-heal|p2a: Milotic|218\/394 par|[from] item: Leftovers
|turn|56
|c|âAlbyness|no crits
|c| Hax God Jet|lol
|c|âMattyX|u got Drops out the ass tho x]
|
|move|p1a: Clefable|Moonblast|p2a: Milotic
|-damage|p2a: Milotic|130\/394 par
|move|p2a: Milotic|Scald|p1a: Clefable
|-crit|p1a: Clefable
|-damage|p1a: Clefable|80\/393
|
|-heal|p1a: Clefable|104\/393|[from] item: Leftovers
|-heal|p2a: Milotic|154\/394 par|[from] item: Leftovers
|turn|57
|c|âAlbyness|needed a few crits to win
|c|âMattyX|aye
|
|move|p1a: Clefable|Moonblast|p2a: Milotic
|-damage|p2a: Milotic|69\/394 par
|cant|p2a: Milotic|par
|
|-heal|p1a: Clefable|128\/393|[from] item: Leftovers
|-heal|p2a: Milotic|93\/394 par|[from] item: Leftovers
|turn|58
|
|move|p1a: Clefable|Moonblast|p2a: Milotic
|-crit|p2a: Milotic
|-damage|p2a: Milotic|0 fnt
|faint|p2a: Milotic
|
|-heal|p1a: Clefable|152\/393|[from] item: Leftovers
|c|âAlbyness|yes!
|
|switch|p2a: Hippowdon|Hippowdon, M|322\/420
|-damage|p2a: Hippowdon|296\/420|[from] Stealth Rock
|-weather|Sandstorm
|turn|59
|c|âAlbyness|burn here
|
|move|p1a: Clefable|Flamethrower|p2a: Hippowdon
|-damage|p2a: Hippowdon|220\/420
|move|p2a: Hippowdon|Earthquake|p1a: Clefable
|-damage|p1a: Clefable|23\/393
|
|-weather|Sandstorm|[upkeep]
|-damage|p1a: Clefable|0 fnt|[from] sandstorm
|faint|p1a: Clefable
|
|win|MattyX
|c|âMattyX|gg
|c|âAlbyness|gg
|L|Albyness
|player|p1