|J|Albyness
|J|NJNP
|player|p1|Albyness|1
|player|p2|NJNP|102
|gametype|singles
|gen|6
|tier|OU
|clearpoke
|poke|p1|Scizor, F
|poke|p1|Thundurus, M
|poke|p1|Hippowdon, F
|poke|p1|Manaphy
|poke|p1|Bisharp, F
|poke|p1|Latios, M
|poke|p2|Gyarados, M
|poke|p2|Toxicroak, F
|poke|p2|Goodra, F
|poke|p2|Ferrothorn, M
|poke|p2|Clefable, M
|poke|p2|Zapdos
|rule|Swagger Clause: Swagger is banned
|rule|Baton Pass Clause: Limit one PokÃ©mon knowing Baton Pass
|rule|Sleep Clause Mod: Limit one foe put to sleep
|rule|Species Clause: Limit one of each PokÃ©mon
|rule|OHKO Clause: OHKO moves are banned
|rule|Moody Clause: Moody is banned
|rule|Evasion Moves Clause: Evasion moves are banned
|rule|Endless Battle Clause: Forcing endless battles is banned
|rule|HP Percentage Mod: HP is shown in percentages
|teampreview
|
|start
|switch|p1a: Latios|Latios, M|301\/301
|switch|p2a: Gyarados|Gyarados, M|331\/331
|-ability|p2a: Gyarados|Intimidate|[of] p1a: Latios
|-unboost|p1a: Latios|atk|1
|turn|1
|
|detailschange|p2a: Gyarados|Gyarados-Mega, M
|-mega|p2a: Gyarados|Gyarados|Gyaradosite
|-ability|p2a: Gyarados|Mold Breaker
|move|p1a: Latios|Draco Meteor|p2a: Gyarados
|-damage|p2a: Gyarados|144\/331
|-unboost|p1a: Latios|spa|2
|move|p2a: Gyarados|Crunch|p1a: Latios
|-crit|p1a: Latios
|-supereffective|p1a: Latios
|-damage|p1a: Latios|0 fnt
|faint|p1a: Latios
|
|
|switch|p1a: Thundurus|Thundurus, M|299\/299
|turn|2
|c|âNJNP|um
|c|âNJNP|did that matter?
|
|switch|p2a: Goodra|Goodra, F|384\/384
|move|p1a: Thundurus|Thunder Wave|p2a: Goodra
|-status|p2a: Goodra|par
|
|turn|3
|
|switch|p1a: Hippowdon|Hippowdon, F|420\/420
|-weather|Sandstorm
|move|p2a: Goodra|Fire Blast|p1a: Hippowdon|[miss]
|-miss|p2a: Goodra|p1a: Hippowdon
|
|-weather|Sandstorm|[upkeep]
|-damage|p2a: Goodra|360\/384 par|[from] sandstorm
|turn|4
|
|switch|p2a: Ferrothorn|Ferrothorn, M|351\/351
|move|p1a: Hippowdon|Stealth Rock|p2a: Ferrothorn
|-sidestart|p2: NJNP|move: Stealth Rock
|
|-weather|Sandstorm|[upkeep]
|turn|5
|
|switch|p1a: Bisharp|Bisharp, F|271\/271
|move|p2a: Ferrothorn|Stealth Rock|p1a: Bisharp
|-sidestart|p1: Albyness|move: Stealth Rock
|
|-weather|Sandstorm|[upkeep]
|turn|6
|
|move|p1a: Bisharp|Taunt|p2a: Ferrothorn
|-start|p2a: Ferrothorn|move: Taunt
|cant|p2a: Ferrothorn|move: Taunt|Leech Seed
|
|-weather|Sandstorm|[upkeep]
|turn|7
|
|switch|p2a: Toxicroak|Toxicroak, F|307\/307
|-damage|p2a: Toxicroak|288\/307|[from] Stealth Rock
|move|p1a: Bisharp|Knock Off|p2a: Toxicroak
|-resisted|p2a: Toxicroak
|-damage|p2a: Toxicroak|162\/307
|-enditem|p2a: Toxicroak|Life Orb|[from] move: Knock Off|[of] p1a: Bisharp
|
|-weather|none
|turn|8
|
|switch|p1a: Scizor|Scizor, F|307\/307
|-damage|p1a: Scizor|269\/307|[from] Stealth Rock
|move|p2a: Toxicroak|Drain Punch|p1a: Scizor
|-damage|p1a: Scizor|146\/307
|-heal|p2a: Toxicroak|224\/307|[from] drain|[of] p1a: Scizor
|
|turn|9
|
|switch|p2a: Zapdos|Zapdos|384\/384
|-damage|p2a: Zapdos|288\/384|[from] Stealth Rock
|-ability|p2a: Zapdos|Pressure
|detailschange|p1a: Scizor|Scizor-Mega, F
|-mega|p1a: Scizor|Scizor|Scizorite
|move|p1a: Scizor|Roost|p1a: Scizor
|-heal|p1a: Scizor|300\/307
|
|-heal|p2a: Zapdos|312\/384|[from] item: Leftovers
|turn|10
|
|switch|p1a: Bisharp|Bisharp, F|271\/271
|-damage|p1a: Bisharp|255\/271|[from] Stealth Rock
|move|p2a: Zapdos|Heat Wave|p1a: Bisharp
|-supereffective|p1a: Bisharp
|-damage|p1a: Bisharp|9\/271
|
|-heal|p2a: Zapdos|336\/384|[from] item: Leftovers
|turn|11
|c|âNJNP|were my burn at >.>
|c|âNJNP|:P
|
|switch|p2a: Ferrothorn|Ferrothorn, M|351\/351
|-damage|p2a: Ferrothorn|330\/351|[from] Stealth Rock
|move|p1a: Bisharp|Sucker Punch|p2a: Ferrothorn
|-fail|p2a: Ferrothorn
|
|turn|12
|
|move|p1a: Bisharp|Taunt|p2a: Ferrothorn
|-start|p2a: Ferrothorn|move: Taunt
|move|p2a: Ferrothorn|Gyro Ball|p1a: Bisharp
|-resisted|p1a: Bisharp
|-damage|p1a: Bisharp|0 fnt
|faint|p1a: Bisharp
|
|
|switch|p1a: Scizor|Scizor-Mega, F|300\/307
|-damage|p1a: Scizor|262\/307|[from] Stealth Rock
|turn|13
|
|switch|p2a: Zapdos|Zapdos|336\/384
|-damage|p2a: Zapdos|240\/384|[from] Stealth Rock
|-ability|p2a: Zapdos|Pressure
|move|p1a: Scizor|Swords Dance|p1a: Scizor
|-boost|p1a: Scizor|atk|2
|
|-heal|p2a: Zapdos|264\/384|[from] item: Leftovers
|turn|14
|
|switch|p1a: Hippowdon|Hippowdon, F|420\/420
|-damage|p1a: Hippowdon|394\/420|[from] Stealth Rock
|-weather|Sandstorm
|move|p2a: Zapdos|Heat Wave|p1a: Hippowdon
|-damage|p1a: Hippowdon|302\/420
|
|-weather|Sandstorm|[upkeep]
|-damage|p2a: Zapdos|240\/384|[from] sandstorm
|-heal|p2a: Zapdos|264\/384|[from] item: Leftovers
|-heal|p1a: Hippowdon|328\/420|[from] item: Leftovers
|turn|15
|
|move|p2a: Zapdos|Defog|p1a: Hippowdon
|-unboost|p1a: Hippowdon|evasion|1
|-sideend|p1: Albyness|Stealth Rock|[from] move: Defog|[of] p1a: Hippowdon
|-sideend|p2: NJNP|Stealth Rock|[from] move: Defog|[of] p2a: Zapdos
|move|p1a: Hippowdon|Earthquake|p2a: Zapdos
|-immune|p2a: Zapdos|[msg]
|
|-weather|Sandstorm|[upkeep]
|-damage|p2a: Zapdos|240\/384|[from] sandstorm
|-heal|p2a: Zapdos|264\/384|[from] item: Leftovers
|-heal|p1a: Hippowdon|354\/420|[from] item: Leftovers
|turn|16
|
|switch|p2a: Ferrothorn|Ferrothorn, M|330\/351
|move|p1a: Hippowdon|Stealth Rock|p2a: Ferrothorn
|-sidestart|p2: NJNP|move: Stealth Rock
|
|-weather|Sandstorm|[upkeep]
|-heal|p1a: Hippowdon|380\/420|[from] item: Leftovers
|turn|17
|c|âNJNP|ferro prob much?
|c|âNJNP|lol
|
|switch|p1a: Thundurus|Thundurus, M|299\/299
|move|p2a: Ferrothorn|Leech Seed|p1a: Thundurus|[miss]
|-miss|p2a: Ferrothorn|p1a: Thundurus
|
|-weather|Sandstorm|[upkeep]
|-damage|p1a: Thundurus|281\/299|[from] sandstorm
|-heal|p1a: Thundurus|299\/299|[from] item: Leftovers
|turn|18
|
|switch|p2a: Goodra|Goodra, F|360\/384 par
|-damage|p2a: Goodra|312\/384 par|[from] Stealth Rock
|move|p1a: Thundurus|Thunder Wave|p2a: Goodra
|-fail|p2a: Goodra|par
|
|-weather|none
|turn|19
|c|âNJNP|um
|c|âNJNP|why t wave?
|
|switch|p1a: Hippowdon|Hippowdon, F|380\/420
|-weather|Sandstorm
|move|p2a: Goodra|Draco Meteor|p1a: Hippowdon
|-damage|p1a: Hippowdon|230\/420
|-unboost|p2a: Goodra|spa|2
|
|-weather|Sandstorm|[upkeep]
|-damage|p2a: Goodra|288\/384 par|[from] sandstorm
|-heal|p1a: Hippowdon|256\/420|[from] item: Leftovers
|turn|20
|
|switch|p1a: Scizor|Scizor-Mega, F|262\/307
|switch|p2a: Ferrothorn|Ferrothorn, M|330\/351
|-damage|p2a: Ferrothorn|309\/351|[from] Stealth Rock
|
|-weather|Sandstorm|[upkeep]
|turn|21
|
|switch|p2a: Zapdos|Zapdos|264\/384
|-damage|p2a: Zapdos|168\/384|[from] Stealth Rock
|-ability|p2a: Zapdos|Pressure
|move|p1a: Scizor|Swords Dance|p1a: Scizor
|-boost|p1a: Scizor|atk|2
|
|-weather|Sandstorm|[upkeep]
|-damage|p2a: Zapdos|144\/384|[from] sandstorm
|-heal|p2a: Zapdos|168\/384|[from] item: Leftovers
|turn|22
|
|move|p1a: Scizor|Bullet Punch|p2a: Zapdos
|-resisted|p2a: Zapdos
|-damage|p2a: Zapdos|66\/384
|move|p2a: Zapdos|Roost|p2a: Zapdos
|-heal|p2a: Zapdos|258\/384
|
|-weather|Sandstorm|[upkeep]
|-damage|p2a: Zapdos|234\/384|[from] sandstorm
|-heal|p2a: Zapdos|258\/384|[from] item: Leftovers
|turn|23
|
|move|p2a: Zapdos|Roost|p2a: Zapdos
|-heal|p2a: Zapdos|384\/384
|move|p1a: Scizor|Superpower|p2a: Zapdos
|-damage|p2a: Zapdos|120\/384
|-unboost|p1a: Scizor|atk|1
|-unboost|p1a: Scizor|def|1
|
|-weather|none
|-heal|p2a: Zapdos|144\/384|[from] item: Leftovers
|turn|24
|
|switch|p1a: Hippowdon|Hippowdon, F|256\/420
|-weather|Sandstorm
|move|p2a: Zapdos|Heat Wave|p1a: Hippowdon
|-damage|p1a: Hippowdon|171\/420
|
|-weather|Sandstorm|[upkeep]
|-damage|p2a: Zapdos|120\/384|[from] sandstorm
|-heal|p2a: Zapdos|144\/384|[from] item: Leftovers
|-heal|p1a: Hippowdon|197\/420|[from] item: Leftovers
|turn|25
|
|move|p2a: Zapdos|Defog|p1a: Hippowdon
|-unboost|p1a: Hippowdon|evasion|1
|-sideend|p2: NJNP|Stealth Rock|[from] move: Defog|[of] p2a: Zapdos
|move|p1a: Hippowdon|Earthquake|p2a: Zapdos
|-immune|p2a: Zapdos|[msg]
|
|-weather|Sandstorm|[upkeep]
|-damage|p2a: Zapdos|120\/384|[from] sandstorm
|-heal|p2a: Zapdos|144\/384|[from] item: Leftovers
|-heal|p1a: Hippowdon|223\/420|[from] item: Leftovers
|turn|26
|
|move|p2a: Zapdos|Heat Wave|p1a: Hippowdon
|-damage|p1a: Hippowdon|128\/420
|-status|p1a: Hippowdon|brn
|move|p1a: Hippowdon|Earthquake|p2a: Zapdos
|-immune|p2a: Zapdos|[msg]
|
|-weather|Sandstorm|[upkeep]
|-damage|p2a: Zapdos|120\/384|[from] sandstorm
|-heal|p2a: Zapdos|144\/384|[from] item: Leftovers
|-heal|p1a: Hippowdon|154\/420 brn|[from] item: Leftovers
|-damage|p1a: Hippowdon|102\/420 brn|[from] brn
|turn|27
|c|âNJNP|finally.
|c|âAlbyness|k
|c|âAlbyness|naw i'm in 3 battles at once
|c|âAlbyness|i just times out 1
|c|âNJNP|0.0
|c|âNJNP|why?
|
|move|p2a: Zapdos|Roost|p2a: Zapdos
|-heal|p2a: Zapdos|336\/384
|move|p1a: Hippowdon|Stealth Rock|p2a: Zapdos
|-sidestart|p2: NJNP|move: Stealth Rock
|
|-weather|Sandstorm|[upkeep]
|-damage|p2a: Zapdos|312\/384|[from] sandstorm
|-heal|p2a: Zapdos|336\/384|[from] item: Leftovers
|-heal|p1a: Hippowdon|128\/420 brn|[from] item: Leftovers
|-damage|p1a: Hippowdon|76\/420 brn|[from] brn
|turn|28
|
|move|p2a: Zapdos|Defog|p1a: Hippowdon
|-unboost|p1a: Hippowdon|evasion|1
|-sideend|p2: NJNP|Stealth Rock|[from] move: Defog|[of] p2a: Zapdos
|move|p1a: Hippowdon|Slack Off|p1a: Hippowdon
|-heal|p1a: Hippowdon|286\/420 brn
|
|-weather|none
|-heal|p2a: Zapdos|360\/384|[from] item: Leftovers
|-heal|p1a: Hippowdon|312\/420 brn|[from] item: Leftovers
|-damage|p1a: Hippowdon|260\/420 brn|[from] brn
|turn|29
|
|switch|p2a: Gyarados|Gyarados-Mega, M|144\/331
|-ability|p2a: Gyarados|Mold Breaker
|move|p1a: Hippowdon|Stealth Rock|p2a: Gyarados
|-sidestart|p2: NJNP|move: Stealth Rock
|
|-heal|p1a: Hippowdon|286\/420 brn|[from] item: Leftovers
|-damage|p1a: Hippowdon|234\/420 brn|[from] brn
|turn|30
|
|switch|p1a: Manaphy|Manaphy|404\/404
|move|p2a: Gyarados|Waterfall|p1a: Manaphy
|-resisted|p1a: Manaphy
|-damage|p1a: Manaphy|339\/404
|
|-heal|p1a: Manaphy|364\/404|[from] item: Leftovers
|turn|31
|
|switch|p1a: Scizor|Scizor-Mega, F|262\/307
|switch|p2a: Toxicroak|Toxicroak, F|224\/307
|-damage|p2a: Toxicroak|205\/307|[from] Stealth Rock
|
|turn|32
|
|switch|p1a: Thundurus|Thundurus, M|299\/299
|move|p2a: Toxicroak|Drain Punch|p1a: Thundurus
|-resisted|p1a: Thundurus
|-damage|p1a: Thundurus|216\/299
|-heal|p2a: Toxicroak|247\/307|[from] drain|[of] p1a: Thundurus
|
|-heal|p1a: Thundurus|234\/299|[from] item: Leftovers
|turn|33
|
|move|p1a: Thundurus|Hidden Power|p2a: Toxicroak
|-damage|p2a: Toxicroak|142\/307
|move|p2a: Toxicroak|Ice Punch|p1a: Thundurus
|-supereffective|p1a: Thundurus
|-damage|p1a: Thundurus|24\/299
|
|-heal|p1a: Thundurus|42\/299|[from] item: Leftovers
|turn|34
|
|switch|p1a: Scizor|Scizor-Mega, F|262\/307
|move|p2a: Toxicroak|Drain Punch|p1a: Scizor
|-damage|p1a: Scizor|171\/307
|-heal|p2a: Toxicroak|188\/307|[from] drain|[of] p1a: Scizor
|
|turn|35
|
|move|p1a: Scizor|Bullet Punch|p2a: Toxicroak
|-damage|p2a: Toxicroak|2\/307
|move|p2a: Toxicroak|Drain Punch|p1a: Scizor
|-damage|p1a: Scizor|92\/307
|-heal|p2a: Toxicroak|42\/307|[from] drain|[of] p1a: Scizor
|
|turn|36
|
|switch|p2a: Zapdos|Zapdos|360\/384
|-damage|p2a: Zapdos|264\/384|[from] Stealth Rock
|-ability|p2a: Zapdos|Pressure
|move|p1a: Scizor|Roost|p1a: Scizor
|-heal|p1a: Scizor|246\/307
|
|-heal|p2a: Zapdos|288\/384|[from] item: Leftovers
|turn|37
|
|switch|p1a: Hippowdon|Hippowdon, F|234\/420 brn
|-weather|Sandstorm
|move|p2a: Zapdos|Heat Wave|p1a: Hippowdon
|-damage|p1a: Hippowdon|149\/420 brn
|
|-weather|Sandstorm|[upkeep]
|-damage|p2a: Zapdos|264\/384|[from] sandstorm
|-heal|p2a: Zapdos|288\/384|[from] item: Leftovers
|-heal|p1a: Hippowdon|175\/420 brn|[from] item: Leftovers
|-damage|p1a: Hippowdon|123\/420 brn|[from] brn
|turn|38
|
|move|p2a: Zapdos|Defog|p1a: Hippowdon
|-unboost|p1a: Hippowdon|evasion|1
|-sideend|p2: NJNP|Stealth Rock|[from] move: Defog|[of] p2a: Zapdos
|move|p1a: Hippowdon|Slack Off|p1a: Hippowdon
|-heal|p1a: Hippowdon|333\/420 brn
|
|-weather|Sandstorm|[upkeep]
|-damage|p2a: Zapdos|264\/384|[from] sandstorm
|-heal|p2a: Zapdos|288\/384|[from] item: Leftovers
|-heal|p1a: Hippowdon|359\/420 brn|[from] item: Leftovers
|-damage|p1a: Hippowdon|307\/420 brn|[from] brn
|turn|39
|
|switch|p2a: Gyarados|Gyarados-Mega, M|144\/331
|-ability|p2a: Gyarados|Mold Breaker
|move|p1a: Hippowdon|Stealth Rock|p2a: Gyarados
|-sidestart|p2: NJNP|move: Stealth Rock
|
|-weather|Sandstorm|[upkeep]
|-damage|p2a: Gyarados|124\/331|[from] sandstorm
|-heal|p1a: Hippowdon|333\/420 brn|[from] item: Leftovers
|-damage|p1a: Hippowdon|281\/420 brn|[from] brn
|turn|40
|
|switch|p1a: Manaphy|Manaphy|364\/404
|move|p2a: Gyarados|Crunch|p1a: Manaphy
|-damage|p1a: Manaphy|211\/404
|
|-weather|Sandstorm|[upkeep]
|-damage|p1a: Manaphy|186\/404|[from] sandstorm
|-damage|p2a: Gyarados|104\/331|[from] sandstorm
|-heal|p1a: Manaphy|211\/404|[from] item: Leftovers
|turn|41
|
|switch|p1a: Scizor|Scizor-Mega, F|246\/307
|move|p2a: Gyarados|Crunch|p1a: Scizor
|-damage|p1a: Scizor|104\/307
|-unboost|p1a: Scizor|def|1
|
|-weather|none
|turn|42
|
|move|p2a: Gyarados|Crunch|p1a: Scizor
|-damage|p1a: Scizor|0 fnt
|faint|p1a: Scizor
|
|
|switch|p1a: Thundurus|Thundurus, M|42\/299
|turn|43
|c|âNJNP|gg
|
|switch|p2a: Goodra|Goodra, F|288\/384 par
|-damage|p2a: Goodra|240\/384 par|[from] Stealth Rock
|move|p1a: Thundurus|Thunderbolt|p2a: Goodra
|-resisted|p2a: Goodra
|-damage|p2a: Goodra|206\/384 par
|
|-heal|p1a: Thundurus|60\/299|[from] item: Leftovers
|turn|44
|
|move|p1a: Thundurus|Hidden Power|p2a: Goodra
|-supereffective|p2a: Goodra
|-damage|p2a: Goodra|138\/384 par
|move|p2a: Goodra|Draco Meteor|p1a: Thundurus
|-damage|p1a: Thundurus|0 fnt
|-unboost|p2a: Goodra|spa|2
|faint|p1a: Thundurus
|
|
|switch|p1a: Manaphy|Manaphy|211\/404
|turn|45
|
|switch|p2a: Toxicroak|Toxicroak, F|42\/307
|-damage|p2a: Toxicroak|23\/307|[from] Stealth Rock
|move|p1a: Manaphy|Tail Glow|p1a: Manaphy
|-boost|p1a: Manaphy|spa|3
|
|-heal|p1a: Manaphy|236\/404|[from] item: Leftovers
|turn|46
|
|switch|p1a: Hippowdon|Hippowdon, F|281\/420 brn
|-weather|Sandstorm
|move|p2a: Toxicroak|Drain Punch|p1a: Hippowdon
|-damage|p1a: Hippowdon|191\/420 brn
|-heal|p2a: Toxicroak|68\/307|[from] drain|[of] p1a: Hippowdon
|
|-weather|Sandstorm|[upkeep]
|-damage|p2a: Toxicroak|49\/307|[from] sandstorm
|-heal|p1a: Hippowdon|217\/420 brn|[from] item: Leftovers
|-damage|p1a: Hippowdon|165\/420 brn|[from] brn
|turn|47
|
|switch|p2a: Clefable|Clefable, M|331\/331
|-damage|p2a: Clefable|290\/331|[from] Stealth Rock
|move|p1a: Hippowdon|Ice Fang|p2a: Clefable
|-damage|p2a: Clefable|266\/331
|
|-weather|Sandstorm|[upkeep]
|-damage|p2a: Clefable|246\/331|[from] sandstorm
|-heal|p2a: Clefable|266\/331|[from] item: Leftovers
|-heal|p1a: Hippowdon|191\/420 brn|[from] item: Leftovers
|-damage|p1a: Hippowdon|139\/420 brn|[from] brn
|turn|48
|
|move|p2a: Clefable|Calm Mind|p2a: Clefable
|-boost|p2a: Clefable|spa|1
|-boost|p2a: Clefable|spd|1
|move|p1a: Hippowdon|Earthquake|p2a: Clefable
|-damage|p2a: Clefable|209\/331
|
|-weather|Sandstorm|[upkeep]
|-damage|p2a: Clefable|189\/331|[from] sandstorm
|-heal|p2a: Clefable|209\/331|[from] item: Leftovers
|-heal|p1a: Hippowdon|165\/420 brn|[from] item: Leftovers
|-damage|p1a: Hippowdon|113\/420 brn|[from] brn
|turn|49
|
|move|p2a: Clefable|Moonblast|p1a: Hippowdon
|-damage|p1a: Hippowdon|0 fnt
|faint|p1a: Hippowdon
|
|-weather|Sandstorm|[upkeep]
|-damage|p2a: Clefable|189\/331|[from] sandstorm
|-heal|p2a: Clefable|209\/331|[from] item: Leftovers
|L|NJNP
|player|p2
|J|NJNP
|player|p2|NJNP|102
|c|âNJNP|albyness?
|c|âAlbyness|oh sry thouht this was over...i'm in 4 battles atm
|c|âAlbyness|lol!
|L|Albyness
|player|p1
|c|âNJNP|lol
|-message|Player 1 lost due to inactivity.
|
|win|NJNP