|join|Steeljackal
|join|Albyness
|player|p1|Steeljackal|146
|player|p2|Albyness|101
|gametype|singles
|gen|5
|tier|[Gen 5] OU
|rule|Evasion Abilities Clause: Evasion abilities are banned
|clearpoke
|poke|p1|Volcarona, M
|poke|p1|Ninetales, F
|poke|p1|Lilligant, F
|poke|p1|Xatu, F
|poke|p1|Dugtrio, F
|poke|p1|Latios, M
|poke|p2|Scizor, M
|poke|p2|Toxicroak, F
|poke|p2|Garchomp, M
|poke|p2|Gengar, M
|poke|p2|Ditto
|poke|p2|Jirachi
|rule|Sleep Clause Mod: Limit one foe put to sleep
|rule|Species Clause: Limit one of each PokÃ©mon
|rule|OHKO Clause: OHKO moves are banned
|rule|Moody Clause: Moody is banned
|rule|Evasion Moves Clause: Evasion moves are banned
|rule|Endless Battle Clause: Forcing endless battles is banned
|rule|HP Percentage Mod: HP is shown in percentages
|teampreview
|c|âSteeljackal|this team didn't have gengar previously o_o
|c|âSteeljackal|hf
|c|âAlbyness|Omai
|join|Yuttt.ttttt
|c|âAlbyness|on ipad did version
|c|âAlbyness|i also had heatran
|c|âSteeljackal|@_@
|c|âAlbyness|lu,
|c|âAlbyness|the change I made
|c| Yuttt.ttttt|wow you can get it to work on ipad?
|c|âSteeljackal|yeah
|c| Yuttt.ttttt|i always crash
|c|âSteeljackal|it's really awkward though
|join|FNH
|c|âSteeljackal|from my experience w\/ it o_o
|c|âSteeljackal|hm.
|
|start
|switch|p1a: Latios|Latios, M|301\/301
|switch|p2a: Gengar|Gengar, M|261\/261
|turn|1
|c|âSteeljackal|speed tie for the game
|c|âSteeljackal|y:n
|
|switch|p1a: Ninetales|Ninetales, F|350\/350
|-weather|SunnyDay|[from] ability: Drought|[of] p1a: Ninetales
|move|p2a: Gengar|Shadow Ball|p1a: Ninetales
|-damage|p1a: Ninetales|197\/350
|-damage|p2a: Gengar|235\/261|[from] item: Life Orb
|
|-weather|SunnyDay|[upkeep]
|-heal|p1a: Ninetales|218\/350|[from] item: Leftovers
|turn|2
|
|switch|p2a: Garchomp|Garchomp, M|357\/357
|move|p1a: Ninetales|Will-O-Wisp|p2a: Garchomp
|-status|p2a: Garchomp|brn
|
|-weather|SunnyDay|[upkeep]
|-heal|p1a: Ninetales|239\/350|[from] item: Leftovers
|-damage|p2a: Garchomp|313\/357 brn|[from] brn
|turn|3
|join|Haunted.Shadow
|
|switch|p2a: Gengar|Gengar, M|235\/261
|switch|p1a: Xatu|Xatu, F|333\/333
|
|-weather|SunnyDay|[upkeep]
|turn|4
|c| Haunted.Shadow|o
|
|switch|p1a: Ninetales|Ninetales, F|239\/350
|move|p2a: Gengar|Shadow Ball|p1a: Ninetales
|-damage|p1a: Ninetales|86\/350
|-damage|p2a: Gengar|209\/261|[from] item: Life Orb
|
|-weather|SunnyDay|[upkeep]
|-heal|p1a: Ninetales|107\/350|[from] item: Leftovers
|turn|5
|c|âSteeljackal|i hate gengar
|
|move|p2a: Gengar|Shadow Ball|p1a: Ninetales
|-damage|p1a: Ninetales|0 fnt
|-damage|p2a: Gengar|183\/261|[from] item: Life Orb
|faint|p1a: Ninetales
|
|-weather|SunnyDay|[upkeep]
|c| Haunted.Shadow|use scizor
|
|switch|p1a: Volcarona|Volcarona, M|374\/374
|turn|6
|
|move|p2a: Gengar|Taunt|p1a: Volcarona
|-start|p1a: Volcarona|move: Taunt
|cant|p1a: Volcarona|move: Taunt|Quiver Dance
|
|-weather|SunnyDay|[upkeep]
|turn|7
|c|âSteeljackal|not my team o_o
|
|switch|p1a: Dugtrio|Dugtrio, F|202\/202
|move|p2a: Gengar|Shadow Ball|p1a: Dugtrio
|-enditem|p1a: Dugtrio|Focus Sash
|-damage|p1a: Dugtrio|1\/202
|-damage|p2a: Gengar|157\/261|[from] item: Life Orb
|
|-weather|SunnyDay|[upkeep]
|turn|8
|
|move|p1a: Dugtrio|Stealth Rock|p2a: Gengar
|-sidestart|p2: Albyness|move: Stealth Rock
|move|p2a: Gengar|Will-O-Wisp|p1a: Dugtrio
|-status|p1a: Dugtrio|brn
|
|-weather|SunnyDay|[upkeep]
|-damage|p1a: Dugtrio|0 fnt|[from] brn
|faint|p1a: Dugtrio
|c|âSteeljackal|why'd you WoW
|c| Haunted.Shadow|sucker punch
|c| Haunted.Shadow|i think
|c|âSteeljackal|they don't run that
|
|switch|p1a: Lilligant|Lilligant, F|281\/281
|turn|9
|c|âAlbyness|Less lo damage?
|c|âSteeljackal|i guess
|c|âSteeljackal|not sure it was worth
|
|switch|p2a: Garchomp|Garchomp, M|313\/357 brn
|-damage|p2a: Garchomp|291\/357 brn|[from] Stealth Rock
|move|p1a: Lilligant|Leaf Storm|p2a: Garchomp
|-damage|p2a: Garchomp|0 fnt
|-unboost|p1a: Lilligant|spa|2
|-damage|p1a: Lilligant|253\/281|[from] item: Life Orb
|faint|p2a: Garchomp
|
|-weather|SunnyDay|[upkeep]
|join|SeventyFive
|
|switch|p2a: Toxicroak|Toxicroak, F|307\/307
|-damage|p2a: Toxicroak|288\/307|[from] Stealth Rock
|turn|10
|c|âAlbyness|MISS
|c|âSteeljackal|;_;
|
|switch|p1a: Xatu|Xatu, F|333\/333
|move|p2a: Toxicroak|Ice Punch|p1a: Xatu
|-supereffective|p1a: Xatu
|-damage|p1a: Xatu|128\/333
|-damage|p2a: Toxicroak|237\/307|[from] item: Rocky Helmet|[of] p1a: Xatu
|-damage|p2a: Toxicroak|207\/307|[from] item: Life Orb
|
|-weather|SunnyDay|[upkeep]
|-damage|p2a: Toxicroak|169\/307|[from] ability: Dry Skin
|turn|11
|
|move|p2a: Toxicroak|Ice Punch|p1a: Xatu
|-supereffective|p1a: Xatu
|-damage|p1a: Xatu|0 fnt
|-damage|p2a: Toxicroak|118\/307|[from] item: Rocky Helmet|[of] p1a: Xatu
|-damage|p2a: Toxicroak|88\/307|[from] item: Life Orb
|faint|p1a: Xatu
|
|-weather|SunnyDay|[upkeep]
|-damage|p2a: Toxicroak|50\/307|[from] ability: Dry Skin
|c|âSteeljackal|why did i do that lol
|c|âSteeljackal|hm
|c| Haunted.Shadow|all those passive damages
|c| Haunted.Shadow|poor toxicroak
|c|âSteeljackal|rip as fck
|join|Alkov
|c|âAlbyness|Why couldnt I have ran into a nice rain team
|
|switch|p1a: Lilligant|Lilligant, F|253\/281
|turn|12
|c| Haunted.Shadow|i can see the suffering in his face
|c| FNH|volc sweep!
|
|move|p2a: Toxicroak|Sucker Punch|p1a: Lilligant
|-damage|p1a: Lilligant|124\/281
|-damage|p2a: Toxicroak|20\/307|[from] item: Life Orb
|move|p1a: Lilligant|Hidden Power|p2a: Toxicroak
|-damage|p2a: Toxicroak|0 fnt
|-damage|p1a: Lilligant|96\/281|[from] item: Life Orb
|faint|p2a: Toxicroak
|
|-weather|SunnyDay|[upkeep]
|c| FNH|volc sweep!
|c|âSteeljackal|he runs
|c|âSteeljackal|toxic
|c|âSteeljackal|on toxicroak
|c| FNH|have the lum
|c|âSteeljackal|n
|c| FNH|or kill em first
|
|switch|p2a: Scizor|Scizor, M|343\/343
|-damage|p2a: Scizor|301\/343|[from] Stealth Rock
|turn|13
|c| Haunted.Shadow|ditto doesnt stop volc
|c| Haunted.Shadow|does it?
|c|âAlbyness|It does if fiery
|c| Haunted.Shadow|volc doesnt need fiery dance in sun
|c| Haunted.Shadow|imo
|
|switch|p1a: Volcarona|Volcarona, M|374\/374
|move|p2a: Scizor|Bullet Punch|p1a: Volcarona
|-resisted|p1a: Volcarona
|-damage|p1a: Volcarona|300\/374
|
|-weather|SunnyDay|[upkeep]
|-heal|p1a: Volcarona|323\/374|[from] item: Leftovers
|turn|14
|join|CleanerThanRotom-W
|
|move|p1a: Volcarona|Quiver Dance|p1a: Volcarona
|-boost|p1a: Volcarona|spa|1
|-boost|p1a: Volcarona|spd|1
|-boost|p1a: Volcarona|spe|1
|move|p2a: Scizor|Swords Dance|p2a: Scizor
|-boost|p2a: Scizor|atk|2
|
|-weather|SunnyDay|[upkeep]
|-heal|p1a: Volcarona|346\/374|[from] item: Leftovers
|turn|15
|c| FNH|qd and kill em
|c| Haunted.Shadow|roost
|c| FNH|yh
|
|move|p2a: Scizor|Quick Attack|p1a: Volcarona
|-crit|p1a: Volcarona
|-damage|p1a: Volcarona|24\/374
|move|p1a: Volcarona|Roost|p1a: Volcarona
|-heal|p1a: Volcarona|211\/374
|
|-weather|SunnyDay|[upkeep]
|-heal|p1a: Volcarona|234\/374|[from] item: Leftovers
|turn|16
|c| FNH|steel jackel
|c|âSteeljackal|ow
|c| Haunted.Shadow|predict sd imo
|c| Haunted.Shadow|:P
|
|move|p1a: Volcarona|Roost|p1a: Volcarona
|-heal|p1a: Volcarona|374\/374
|move|p2a: Scizor|Swords Dance|p2a: Scizor
|-boost|p2a: Scizor|atk|2
|
|-weather|SunnyDay|[upkeep]
|turn|17
|c|âSteeljackal|lol
|c|âSteeljackal|fuck that crit
|c|âSteeljackal|hm
|leave|CleanerThanRotom-W
|
|move|p2a: Scizor|Quick Attack|p1a: Volcarona
|-damage|p1a: Volcarona|160\/374
|-status|p2a: Scizor|brn
|move|p1a: Volcarona|Fiery Dance|p2a: Scizor
|-supereffective|p2a: Scizor
|-damage|p2a: Scizor|0 fnt
|-boost|p1a: Volcarona|spa|1
|faint|p2a: Scizor
|
|-weather|SunnyDay|[upkeep]
|-heal|p1a: Volcarona|183\/374|[from] item: Leftovers
|c|âSteeljackal|there's the burn,
|c| Haunted.Shadow|aw
|
|switch|p2a: Ditto|Ditto|300\/300
|-damage|p2a: Ditto|263\/300|[from] Stealth Rock
|-transform|p2a: Ditto|p1a: Volcarona
|turn|18
|c| FNH|the win
|c| FNH|drat
|c|âSteeljackal|well
|c|âSteeljackal|i most likely won
|c|âSteeljackal|without that satk boost
|c|âSteeljackal|but g_g
|c|âAlbyness|U still have a chance
|c|âSteeljackal|why the fuck can't i calc something with 48 base hp
|c| Haunted.Shadow|latios might live
|c| Haunted.Shadow|just believe
|c| FNH|just use full hp
|c|âAlbyness|No sleep powder on Lillian's?
|c|âSteeljackal|is lil faster?
|c|âSteeljackal|i dont' think it is
|c|âAlbyness|i assume u run bulk on volc
|c|âAlbyness|they are both at +2
|c|âSteeljackal|lil can't touch volcarona anyway lol
|c| Haunted.Shadow|1.5+1.5>x2
|c|âAlbyness|No sleep powder
|c| Alkov|hp rock , we believe
|c| Yuttt.ttttt|x*
|join|Aloha
|c| FNH|just play!
|c|âSteeljackal|it has sleep powder
|c|âSteeljackal|still can't do anything
|c|âSteeljackal|hnnnnng
|c| Haunted.Shadow|tailwind with your bulky latios
|
|switch|p1a: Latios|Latios, M|301\/301
|move|p2a: Ditto|Fiery Dance|p1a: Latios
|-resisted|p1a: Latios
|-damage|p1a: Latios|135\/301
|
|-weather|SunnyDay|[upkeep]
|turn|19
|c| Haunted.Shadow|you still lose tho
|join|Doomminime
|
|move|p2a: Ditto|Fiery Dance|p1a: Latios
|-resisted|p1a: Latios
|-damage|p1a: Latios|0 fnt
|faint|p1a: Latios
|
|-weather|SunnyDay|[upkeep]
|
|switch|p1a: Lilligant|Lilligant, F|96\/281
|turn|20
|
|move|p2a: Ditto|Fiery Dance|p1a: Lilligant
|-supereffective|p1a: Lilligant
|-damage|p1a: Lilligant|0 fnt
|-boost|p2a: Ditto|spa|1
|faint|p1a: Lilligant
|
|-weather|SunnyDay|[upkeep]
|c|âSteeljackal|lol
|-message|Steeljackal forfeited.
|leave|Alkov
|c| Doomminime|A ditto
|c|âSteeljackal|dumb game
|leave|FNH
|
|win|Albyness
|c| Doomminime|What
|leave|Steeljackal