|join|Albyness
|join|FNH
|player|p1|Albyness|101
|player|p2|FNH|187
|gametype|singles
|gen|5
|tier|[Gen 5] OU
|rule|Evasion Abilities Clause: Evasion abilities are banned
|clearpoke
|poke|p1|Scizor, M
|poke|p1|Toxicroak, F
|poke|p1|Garchomp, F
|poke|p1|Gengar, F
|poke|p1|Ditto
|poke|p1|Jirachi
|poke|p2|Tyranitar, F
|poke|p2|Landorus-Therian, M
|poke|p2|Mew
|poke|p2|Heatran, M
|poke|p2|Breloom, M
|poke|p2|Starmie
|rule|Sleep Clause Mod: Limit one foe put to sleep
|rule|Species Clause: Limit one of each PokÃ©mon
|rule|OHKO Clause: OHKO moves are banned
|rule|Moody Clause: Moody is banned
|rule|Evasion Moves Clause: Evasion moves are banned
|rule|Endless Battle Clause: Forcing endless battles is banned
|rule|HP Percentage Mod: HP is shown in percentages
|teampreview
|c|âFNH|gl hf
|join|Alkov
|join|Yuttt.ttttt
|
|start
|switch|p1a: Garchomp|Garchomp, F|357\/357
|switch|p2a: Mew|Mew|401\/401
|turn|1
|
|move|p1a: Garchomp|Stealth Rock|p2a: Mew
|-sidestart|p2: FNH|move: Stealth Rock
|move|p2a: Mew|Will-O-Wisp|p1a: Garchomp
|-status|p1a: Garchomp|brn
|
|-damage|p1a: Garchomp|313\/357 brn|[from] brn
|turn|2
|join|JohnxYiu
|
|move|p1a: Garchomp|Fire Blast|p2a: Mew
|-damage|p2a: Mew|325\/401
|move|p2a: Mew|Ice Beam|p1a: Garchomp
|-supereffective|p1a: Garchomp
|-enditem|p1a: Garchomp|Yache Berry|[eat]
|-damage|p1a: Garchomp|111\/357 brn
|
|-heal|p2a: Mew|350\/401|[from] item: Leftovers
|-damage|p1a: Garchomp|67\/357 brn|[from] brn
|turn|3
|c|âAlbyness|Yea gg
|c|âAlbyness|ew fucks me so hard
|join|Praj.pran
|join|RayDalio
|c| Praj.pran|Ditto o_o
|leave|Praj.pran
|c| JohnxYiu|the sprite
|
|move|p1a: Garchomp|Fire Blast|p2a: Mew
|-crit|p2a: Mew
|-damage|p2a: Mew|187\/401
|move|p2a: Mew|Will-O-Wisp|p1a: Garchomp
|-fail|p1a: Garchomp|brn
|
|-heal|p2a: Mew|212\/401|[from] item: Leftovers
|-damage|p1a: Garchomp|23\/357 brn|[from] brn
|turn|4
|leave|RayDalio
|c|âFNH|oops missclick lel
|c| JohnxYiu|whats wrong with mew lel
|
|switch|p1a: Gengar|Gengar, F|261\/261
|move|p2a: Mew|Soft-Boiled|p2a: Mew
|-heal|p2a: Mew|401\/401
|
|turn|5
|join|SeventyFive
|
|move|p1a: Gengar|Will-O-Wisp|p2a: Mew|[miss]
|-miss|p1a: Gengar|p2a: Mew
|move|p2a: Mew|Taunt|p1a: Gengar
|-start|p1a: Gengar|move: Taunt
|
|turn|6
|
|move|p1a: Gengar|Shadow Ball|p2a: Mew
|-supereffective|p2a: Mew
|-damage|p2a: Mew|50\/401
|-damage|p1a: Gengar|235\/261|[from] item: Life Orb
|move|p2a: Mew|Will-O-Wisp|p1a: Gengar
|-status|p1a: Gengar|brn
|
|-heal|p2a: Mew|75\/401|[from] item: Leftovers
|-damage|p1a: Gengar|203\/261 brn|[from] brn
|turn|7
|
|switch|p2a: Heatran|Heatran, M|323\/323
|-damage|p2a: Heatran|283\/323|[from] Stealth Rock
|move|p1a: Gengar|Shadow Ball|p2a: Heatran
|-resisted|p2a: Heatran
|-damage|p2a: Heatran|189\/323
|-unboost|p2a: Heatran|spd|1
|-damage|p1a: Gengar|177\/261 brn|[from] item: Life Orb
|
|-damage|p1a: Gengar|145\/261 brn|[from] brn
|turn|8
|
|move|p2a: Heatran|Lava Plume|p1a: Gengar
|-damage|p1a: Gengar|0 fnt
|faint|p1a: Gengar
|
|
|switch|p1a: Toxicroak|Toxicroak, F|307\/307
|turn|9
|
|switch|p2a: Landorus-Therian|Landorus-Therian, M|382\/382
|-damage|p2a: Landorus-Therian|335\/382|[from] Stealth Rock
|-ability|p2a: Landorus-Therian|Intimidate|[of] p1a: Toxicroak
|-unboost|p1a: Toxicroak|atk|1
|move|p1a: Toxicroak|Drain Punch|p2a: Landorus-Therian
|-resisted|p2a: Landorus-Therian
|-damage|p2a: Landorus-Therian|284\/382
|-damage|p1a: Toxicroak|277\/307|[from] item: Life Orb
|
|-heal|p2a: Landorus-Therian|307\/382|[from] item: Leftovers
|turn|10
|
|switch|p2a: Mew|Mew|75\/401
|-damage|p2a: Mew|25\/401|[from] Stealth Rock
|move|p1a: Toxicroak|Ice Punch|p2a: Mew
|-damage|p2a: Mew|0 fnt
|-damage|p1a: Toxicroak|247\/307|[from] item: Life Orb
|faint|p2a: Mew
|
|
|switch|p2a: Starmie|Starmie|261\/261
|-damage|p2a: Starmie|229\/261|[from] Stealth Rock
|turn|11
|
|switch|p1a: Garchomp|Garchomp, F|23\/357 brn
|move|p2a: Starmie|Hydro Pump|p1a: Garchomp
|-damage|p1a: Garchomp|0 fnt
|-damage|p2a: Starmie|203\/261|[from] item: Life Orb
|faint|p1a: Garchomp
|
|
|switch|p1a: Toxicroak|Toxicroak, F|247\/307
|turn|12
|
|move|p2a: Starmie|Psyshock|p1a: Toxicroak
|-supereffective|p1a: Toxicroak
|-damage|p1a: Toxicroak|0 fnt
|-damage|p2a: Starmie|177\/261|[from] item: Life Orb
|faint|p1a: Toxicroak
|
|c|âAlbyness|Nb
|
|switch|p1a: Jirachi|Jirachi|341\/341
|turn|13
|
|move|p2a: Starmie|Recover|p2a: Starmie
|-heal|p2a: Starmie|261\/261
|move|p1a: Jirachi|Thunderbolt|p2a: Starmie
|-supereffective|p2a: Starmie
|-damage|p2a: Starmie|29\/261
|
|turn|14
|c|âFNH|ty
|
|switch|p2a: Landorus-Therian|Landorus-Therian, M|307\/382
|-damage|p2a: Landorus-Therian|260\/382|[from] Stealth Rock
|-ability|p2a: Landorus-Therian|Intimidate|[of] p1a: Jirachi
|-unboost|p1a: Jirachi|atk|1
|move|p1a: Jirachi|Thunderbolt|p2a: Landorus-Therian
|-immune|p2a: Landorus-Therian|[msg]
|
|-heal|p2a: Landorus-Therian|283\/382|[from] item: Leftovers
|turn|15
|
|move|p1a: Jirachi|Hidden Power|p2a: Landorus-Therian
|-supereffective|p2a: Landorus-Therian
|-damage|p2a: Landorus-Therian|0 fnt
|faint|p2a: Landorus-Therian
|
|c|âAlbyness|Does starmie not die to rocks now
|
|switch|p2a: Tyranitar|Tyranitar, F|403\/403
|-damage|p2a: Tyranitar|353\/403|[from] Stealth Rock
|-weather|Sandstorm|[from] ability: Sand Stream|[of] p2a: Tyranitar
|turn|16
|c|âFNH|idk
|
|move|p1a: Jirachi|Iron Head|p2a: Tyranitar
|-supereffective|p2a: Tyranitar
|-damage|p2a: Tyranitar|237\/403
|move|p2a: Tyranitar|Earthquake|p1a: Jirachi
|-supereffective|p1a: Jirachi
|-enditem|p1a: Jirachi|Shuca Berry|[eat]
|-damage|p1a: Jirachi|153\/341
|
|-weather|Sandstorm|[upkeep]
|turn|17
|c| Yuttt.ttttt|will the training
|c| Yuttt.ttttt|pay off
|
|move|p1a: Jirachi|Iron Head|p2a: Tyranitar
|-supereffective|p2a: Tyranitar
|-damage|p2a: Tyranitar|103\/403
|move|p2a: Tyranitar|Earthquake|p1a: Jirachi
|-supereffective|p1a: Jirachi
|-damage|p1a: Jirachi|0 fnt
|faint|p1a: Jirachi
|
|-weather|Sandstorm|[upkeep]
|c| Yuttt.ttttt|wow
|c|âFNH|nope
|
|switch|p1a: Scizor|Scizor, M|343\/343
|turn|18
|
|move|p1a: Scizor|Bullet Punch|p2a: Tyranitar
|-supereffective|p2a: Tyranitar
|-damage|p2a: Tyranitar|0 fnt
|faint|p2a: Tyranitar
|
|-weather|Sandstorm|[upkeep]
|
|switch|p2a: Heatran|Heatran, M|189\/323
|-damage|p2a: Heatran|149\/323|[from] Stealth Rock
|turn|19
|c| Alkov|stay in with zor, he'll double to starmie
|join|Adiisfine
|
|move|p2a: Heatran|Earth Power|p1a: Scizor
|-damage|p1a: Scizor|203\/343
|move|p1a: Scizor|Swords Dance|p1a: Scizor
|-boost|p1a: Scizor|atk|2
|
|-weather|Sandstorm|[upkeep]
|turn|20
|c| Alkov|on the ditto trace
|c| Alkov|woooo
|
|move|p2a: Heatran|Earth Power|p1a: Scizor
|-damage|p1a: Scizor|72\/343
|move|p1a: Scizor|Roost|p1a: Scizor
|-heal|p1a: Scizor|244\/343
|
|-weather|Sandstorm|[upkeep]
|turn|21
|c| Yuttt.ttttt|won the 5050
|c| Alkov|like a real man
|
|move|p2a: Heatran|Earth Power|p1a: Scizor
|-damage|p1a: Scizor|113\/343
|move|p1a: Scizor|Roost|p1a: Scizor
|-heal|p1a: Scizor|285\/343
|
|-weather|Sandstorm|[upkeep]
|turn|22
|join|Cosine180
|c|âFNH|crit you soon
|
|move|p2a: Heatran|Earth Power|p1a: Scizor
|-damage|p1a: Scizor|155\/343
|move|p1a: Scizor|Swords Dance|p1a: Scizor
|-boost|p1a: Scizor|atk|2
|
|-weather|Sandstorm|[upkeep]
|turn|23
|c| Yuttt.ttttt|dont risk it
|c| Yuttt.ttttt|;-;
|c| Alkov|crit here
|
|move|p2a: Heatran|Earth Power|p1a: Scizor
|-damage|p1a: Scizor|15\/343
|move|p1a: Scizor|Roost|p1a: Scizor
|-heal|p1a: Scizor|187\/343
|
|-weather|Sandstorm|[upkeep]
|turn|24
|c| Adiisfine|No lava plume?
|c| Adiisfine|Or scarf
|c| Yuttt.ttttt|scarf
|c| Yuttt.ttttt|._>
|c| JohnxYiu|scarf locked
|
|move|p2a: Heatran|Earth Power|p1a: Scizor
|-damage|p1a: Scizor|41\/343
|move|p1a: Scizor|Roost|p1a: Scizor
|-heal|p1a: Scizor|213\/343
|
|-weather|Sandstorm|[upkeep]
|turn|25
|c| Yuttt.ttttt|gonna get that drop
|c| Yuttt.ttttt|one day
|c| JohnxYiu|sp.def drop
|c| Yuttt.ttttt|2 greedy
|join|habajiga
|
|move|p2a: Heatran|Earth Power|p1a: Scizor
|-damage|p1a: Scizor|70\/343
|move|p1a: Scizor|Roost|p1a: Scizor
|-heal|p1a: Scizor|242\/343
|
|-weather|Sandstorm|[upkeep]
|turn|26
|c|âFNH|i havent gotten anything
|c| Alkov|why not just switch out then back in and spam plume
|
|move|p1a: Scizor|Quick Attack|p2a: Heatran
|-resisted|p2a: Heatran
|-damage|p2a: Heatran|41\/323
|move|p2a: Heatran|Earth Power|p1a: Scizor
|-damage|p1a: Scizor|108\/343
|
|-weather|Sandstorm|[upkeep]
|turn|27
|c| Adiisfine|Bullet punch was not there in gen5?
|
|switch|p2a: Starmie|Starmie|29\/261
|-damage|p2a: Starmie|0 fnt|[from] Stealth Rock
|faint|p2a: Starmie
|move|p1a: Scizor|Quick Attack|p2: Starmie|[notarget]
|-notarget
|
|-weather|Sandstorm|[upkeep]
|c| Yuttt.ttttt|o3o
|c| Alkov|wut
|
|switch|p2a: Breloom|Breloom, M|289\/289
|-damage|p2a: Breloom|271\/289|[from] Stealth Rock
|turn|28
|c|âFNH|cause i got a plan
|c| Yuttt.ttttt|that moveset
|
|move|p2a: Breloom|Mach Punch|p1a: Scizor
|-enditem|p2a: Breloom|Fighting Gem|[from] gem|[move] Mach Punch
|-crit|p1a: Scizor
|-damage|p1a: Scizor|0 fnt
|faint|p1a: Scizor
|
|-weather|Sandstorm|[upkeep]
|-damage|p2a: Breloom|253\/289|[from] sandstorm
|c| Alkov|boomz
|c|âAlbyness|Fuckkkkk
|c| Adiisfine|gen 5 sprites are so....
|join|Reverb
|
|switch|p1a: Ditto|Ditto|300\/300
|-transform|p1a: Ditto|p2a: Breloom
|turn|29
|c| Adiisfine|Cute lol
|c|âAlbyness|Didn't matter
|c|âAlbyness|Jus saw
|c|@Reverb|wow
|
|move|p1a: Ditto|Mach Punch|p2a: Breloom
|-damage|p2a: Breloom|123\/289
|move|p2a: Breloom|Spore|p1a: Ditto
|-status|p1a: Ditto|slp
|
|-weather|Sandstorm|[upkeep]
|-damage|p1a: Ditto|282\/300 slp|[from] sandstorm
|-damage|p2a: Breloom|105\/289|[from] sandstorm
|turn|30
|c|@Reverb|the graphics got a lot better in just one gen
|
|cant|p1a: Ditto|slp
|move|p2a: Breloom|Swords Dance|p2a: Breloom
|-boost|p2a: Breloom|atk|2
|
|-weather|Sandstorm|[upkeep]
|-damage|p1a: Ditto|264\/300 slp|[from] sandstorm
|-damage|p2a: Breloom|87\/289|[from] sandstorm
|turn|31
|c| JohnxYiu|this turn
|c|âAlbyness|Need to wake here
|c| Adiisfine|Spore affects grass types in gen5?
|c| JohnxYiu|decidesw
|
|cant|p1a: Ditto|slp
|move|p2a: Breloom|Mach Punch|p1a: Ditto
|-damage|p1a: Ditto|0 fnt
|faint|p1a: Ditto
|
|win|FNH
|c| JohnxYiu|kik
|c|âFNH|gg
|c|âAlbyness|Aw
|leave|Alkov