|join|u got slowbro'ed
|join|Albyness
|player|p1|u got slowbro'ed|167
|player|p2|Albyness|44
|gametype|singles
|gen|6
|tier|OU
|rated
|clearpoke
|poke|p1|Sableye, M
|poke|p1|Talonflame, F
|poke|p1|Landorus-Therian, M
|poke|p1|Ferrothorn, F
|poke|p1|Rotom-Wash
|poke|p1|Latios, M
|poke|p2|Lopunny, M
|poke|p2|Dragonite, F
|poke|p2|Manaphy
|poke|p2|Weavile, M
|poke|p2|Excadrill, F
|poke|p2|Thundurus, M
|rule|Swagger Clause: Swagger is banned
|rule|Baton Pass Clause: Limit one PokÃ©mon knowing Baton Pass
|rule|Sleep Clause Mod: Limit one foe put to sleep
|rule|Species Clause: Limit one of each PokÃ©mon
|rule|OHKO Clause: OHKO moves are banned
|rule|Moody Clause: Moody is banned
|rule|Evasion Moves Clause: Evasion moves are banned
|rule|Endless Battle Clause: Forcing endless battles is banned
|rule|HP Percentage Mod: HP is shown in percentages
|teampreview
|
|start
|switch|p1a: Landorus-Therian|Landorus-Therian, M|382\/382
|switch|p2a: Excadrill|Excadrill, F|361\/361
|-ability|p2a: Excadrill|Mold Breaker
|-ability|p1a: Landorus-Therian|Intimidate|[of] p2a: Excadrill
|-unboost|p2a: Excadrill|atk|1
|turn|1
|
|move|p2a: Excadrill|Stealth Rock|p1a: Landorus-Therian
|-sidestart|p1: u got slowbro'ed|move: Stealth Rock
|move|p1a: Landorus-Therian|Earthquake|p2a: Excadrill
|-supereffective|p2a: Excadrill
|-enditem|p2a: Excadrill|Focus Sash
|-damage|p2a: Excadrill|1\/361
|
|turn|2
|
|move|p2a: Excadrill|Rock Tomb|p1a: Landorus-Therian
|-damage|p1a: Landorus-Therian|342\/382
|-unboost|p1a: Landorus-Therian|spe|1
|move|p1a: Landorus-Therian|U-turn|p2a: Excadrill
|-resisted|p2a: Excadrill
|-damage|p2a: Excadrill|0 fnt
|faint|p2a: Excadrill
|
|switch|p1a: Rotom-Wash|Rotom-Wash|304\/304
|-damage|p1a: Rotom-Wash|266\/304|[from] Stealth Rock
|
|-heal|p1a: Rotom-Wash|285\/304|[from] item: Leftovers
|
|switch|p2a: Lopunny|Lopunny, M|271\/271
|turn|3
|
|detailschange|p2a: Lopunny|Lopunny-Mega, M
|message|Lopunny has Mega Evolved into Mega Lopunny!
|move|p2a: Lopunny|Substitute|p2a: Lopunny
|-start|p2a: Lopunny|Substitute
|-damage|p2a: Lopunny|204\/271
|move|p1a: Rotom-Wash|Will-O-Wisp|p2a: Lopunny
|
|-heal|p1a: Rotom-Wash|304\/304|[from] item: Leftovers
|turn|4
|
|move|p2a: Lopunny|High Jump Kick|p1a: Rotom-Wash
|-damage|p1a: Rotom-Wash|120\/304
|move|p1a: Rotom-Wash|Volt Switch|p2a: Lopunny
|-end|p2a: Lopunny|Substitute
|
|switch|p1a: Landorus-Therian|Landorus-Therian, M|342\/382
|-damage|p1a: Landorus-Therian|295\/382|[from] Stealth Rock
|-ability|p1a: Landorus-Therian|Intimidate|[of] p2a: Lopunny
|-unboost|p2a: Lopunny|atk|1
|
|-heal|p1a: Landorus-Therian|318\/382|[from] item: Leftovers
|turn|5
|
|move|p2a: Lopunny|Return|p1a: Landorus-Therian
|-damage|p1a: Landorus-Therian|228\/382
|move|p1a: Landorus-Therian|Earthquake|p2a: Lopunny
|-damage|p2a: Lopunny|47\/271
|
|-heal|p1a: Landorus-Therian|251\/382|[from] item: Leftovers
|turn|6
|
|switch|p2a: Manaphy|Manaphy|404\/404
|move|p1a: Landorus-Therian|Stealth Rock|p2a: Manaphy
|-sidestart|p2: Albyness|move: Stealth Rock
|
|-heal|p1a: Landorus-Therian|274\/382|[from] item: Leftovers
|turn|7
|
|move|p2a: Manaphy|Tail Glow|p2a: Manaphy
|-boost|p2a: Manaphy|spa|3
|move|p1a: Landorus-Therian|U-turn|p2a: Manaphy
|-damage|p2a: Manaphy|342\/404
|
|switch|p1a: Ferrothorn|Ferrothorn, F|351\/351
|-damage|p1a: Ferrothorn|330\/351|[from] Stealth Rock
|
|-heal|p2a: Manaphy|367\/404|[from] item: Leftovers
|-heal|p1a: Ferrothorn|351\/351|[from] item: Leftovers
|turn|8
|
|move|p2a: Manaphy|Ice Beam|p1a: Ferrothorn
|-damage|p1a: Ferrothorn|218\/351
|move|p1a: Ferrothorn|Leech Seed|p2a: Manaphy|[miss]
|-miss|p1a: Ferrothorn|p2a: Manaphy
|
|-heal|p2a: Manaphy|392\/404|[from] item: Leftovers
|-heal|p1a: Ferrothorn|239\/351|[from] item: Leftovers
|turn|9
|
|move|p2a: Manaphy|Ice Beam|p1a: Ferrothorn
|-damage|p1a: Ferrothorn|109\/351
|move|p1a: Ferrothorn|Leech Seed|p2a: Manaphy
|-start|p2a: Manaphy|move: Leech Seed
|
|-heal|p2a: Manaphy|404\/404|[from] item: Leftovers
|-heal|p1a: Ferrothorn|130\/351|[from] item: Leftovers
|-damage|p2a: Manaphy|354\/404|[from] Leech Seed|[of] p1a: Ferrothorn
|-heal|p1a: Ferrothorn|180\/351|[silent]
|turn|10
|
|move|p2a: Manaphy|Scald|p1a: Ferrothorn
|-resisted|p1a: Ferrothorn
|-damage|p1a: Ferrothorn|101\/351
|move|p1a: Ferrothorn|Gyro Ball|p2a: Manaphy
|-resisted|p2a: Manaphy
|-damage|p2a: Manaphy|288\/404
|
|-heal|p2a: Manaphy|313\/404|[from] item: Leftovers
|-heal|p1a: Ferrothorn|122\/351|[from] item: Leftovers
|-damage|p2a: Manaphy|263\/404|[from] Leech Seed|[of] p1a: Ferrothorn
|-heal|p1a: Ferrothorn|172\/351|[silent]
|turn|11
|
|move|p2a: Manaphy|Tail Glow|p2a: Manaphy
|-boost|p2a: Manaphy|spa|3
|move|p1a: Ferrothorn|Gyro Ball|p2a: Manaphy
|-resisted|p2a: Manaphy
|-damage|p2a: Manaphy|197\/404
|
|-heal|p2a: Manaphy|222\/404|[from] item: Leftovers
|-heal|p1a: Ferrothorn|193\/351|[from] item: Leftovers
|-damage|p2a: Manaphy|172\/404|[from] Leech Seed|[of] p1a: Ferrothorn
|-heal|p1a: Ferrothorn|243\/351|[silent]
|turn|12
|
|move|p1a: Ferrothorn|Protect|p1a: Ferrothorn
|-singleturn|p1a: Ferrothorn|Protect
|move|p2a: Manaphy|Ice Beam|p1a: Ferrothorn
|-activate|p1a: Ferrothorn|Protect
|
|-heal|p2a: Manaphy|197\/404|[from] item: Leftovers
|-heal|p1a: Ferrothorn|264\/351|[from] item: Leftovers
|-damage|p2a: Manaphy|147\/404|[from] Leech Seed|[of] p1a: Ferrothorn
|-heal|p1a: Ferrothorn|314\/351|[silent]
|turn|13
|
|move|p2a: Manaphy|Ice Beam|p1a: Ferrothorn
|-crit|p1a: Ferrothorn
|-damage|p1a: Ferrothorn|0 fnt
|faint|p1a: Ferrothorn
|
|-heal|p2a: Manaphy|172\/404|[from] item: Leftovers
|
|switch|p1a: Latios|Latios, M|301\/301
|-damage|p1a: Latios|264\/301|[from] Stealth Rock
|turn|14
|
|move|p1a: Latios|Psyshock|p2a: Manaphy
|-damage|p2a: Manaphy|15\/404
|-damage|p1a: Latios|234\/301|[from] item: Life Orb
|move|p2a: Manaphy|Ice Beam|p1a: Latios
|-supereffective|p1a: Latios
|-damage|p1a: Latios|0 fnt
|faint|p1a: Latios
|
|-heal|p2a: Manaphy|40\/404|[from] item: Leftovers
|
|switch|p1a: Talonflame|Talonflame, F|360\/360
|-damage|p1a: Talonflame|180\/360|[from] Stealth Rock
|turn|15
|
|move|p1a: Talonflame|Brave Bird|p2a: Manaphy
|-damage|p2a: Manaphy|0 fnt
|-damage|p1a: Talonflame|167\/360|[from] recoil|[of] p2a: Manaphy
|faint|p2a: Manaphy
|
|-heal|p1a: Talonflame|189\/360|[from] item: Leftovers
|
|switch|p2a: Dragonite|Dragonite, F|359\/359
|-damage|p2a: Dragonite|270\/359|[from] Stealth Rock
|turn|16
|
|switch|p1a: Sableye|Sableye, M|304\/304
|-damage|p1a: Sableye|266\/304|[from] Stealth Rock
|move|p2a: Dragonite|Outrage|p1a: Sableye
|-damage|p1a: Sableye|0 fnt
|faint|p1a: Sableye
|
|-message|u got slowbro'ed forfeited.
|
|win|Albyness
|raw|Ladder updating...
|leave|u got slowbro'ed
|player|p1
|raw|u got slowbro&apos;ed's rating: 1691 &rarr; <strong>1673<\/strong><br \/>(-18 for losing)
|raw|Albyness's rating: 1727 &rarr; <strong>1745<\/strong><br \/>(+18 for winning)