|join|Albyness
|join|Mistaken
|player|p1|Albyness|44
|player|p2|Mistaken|92
|gametype|singles
|gen|6
|tier|OU
|rated
|clearpoke
|poke|p1|Lopunny, M
|poke|p1|Dragonite, F
|poke|p1|Manaphy
|poke|p1|Weavile, F
|poke|p1|Excadrill, M
|poke|p1|Thundurus, M
|poke|p2|Azelf
|poke|p2|Scizor, F
|poke|p2|Diggersby, M, shiny
|poke|p2|Raikou, shiny
|poke|p2|Greninja, F
|poke|p2|Latios, M, shiny
|rule|Swagger Clause: Swagger is banned
|rule|Baton Pass Clause: Limit one PokÃ©mon knowing Baton Pass
|rule|Sleep Clause Mod: Limit one foe put to sleep
|rule|Species Clause: Limit one of each PokÃ©mon
|rule|OHKO Clause: OHKO moves are banned
|rule|Moody Clause: Moody is banned
|rule|Evasion Moves Clause: Evasion moves are banned
|rule|Endless Battle Clause: Forcing endless battles is banned
|rule|HP Percentage Mod: HP is shown in percentages
|teampreview
Mistaken turned on modjoin.
|raw|<div class="broadcast-red"><b>Moderated chat was set to +!<\/b><br \/>Only users of rank + and higher can talk.<\/div>
Mistaken made this room private.
|
|start
|switch|p1a: Excadrill|Excadrill, M|361\/361
|switch|p2a: Azelf|Azelf|291\/291
|-ability|p1a: Excadrill|Mold Breaker
|turn|1
|
|move|p2a: Azelf|Fire Blast|p1a: Excadrill
|-supereffective|p1a: Excadrill
|-enditem|p1a: Excadrill|Focus Sash
|-damage|p1a: Excadrill|1\/361
|move|p1a: Excadrill|Rock Tomb|p2a: Azelf
|-damage|p2a: Azelf|174\/291
|-unboost|p2a: Azelf|spe|1
|
|turn|2
|
|move|p1a: Excadrill|Stealth Rock|p2a: Azelf
|-sidestart|p2: Mistaken|move: Stealth Rock
|move|p2a: Azelf|Stealth Rock|p1a: Excadrill
|-sidestart|p1: Albyness|move: Stealth Rock
|
|turn|3
|c|âMistaken|inb4 rokcy helmet azelf
|c|âAlbyness|:p
|
|move|p1a: Excadrill|Rapid Spin|p2a: Azelf
|-damage|p2a: Azelf|138\/291
|-sideend|p1: Albyness|Stealth Rock|[from] move: Rapid Spin|[of] p1a: Excadrill
|move|p2a: Azelf|Fire Blast|p1a: Excadrill
|-supereffective|p1a: Excadrill
|-damage|p1a: Excadrill|0 fnt
|faint|p1a: Excadrill
|
|c|âAlbyness|i would ve raged
|
|switch|p1a: Weavile|Weavile, F|282\/282
|-ability|p1a: Weavile|Pressure
|turn|4
|c|âMistaken|how consistently does drill keep off rocks?
|
|move|p1a: Weavile|Pursuit|p2a: Azelf
|-supereffective|p2a: Azelf
|-damage|p2a: Azelf|0 fnt
|-damage|p1a: Weavile|254\/282|[from] item: Life Orb
|faint|p2a: Azelf
|
|c|âAlbyness|id say about 80%
|
|switch|p2a: Scizor|Scizor, F|307\/307
|-damage|p2a: Scizor|269\/307|[from] Stealth Rock
|turn|5
|c|âAlbyness|have to switch out vs ferro
|
|switch|p1a: Dragonite|Dragonite, F|359\/359
|detailschange|p2a: Scizor|Scizor-Mega, F
|-mega|p2a: Scizor|Scizor|Scizorite
|move|p2a: Scizor|Bullet Punch|p1a: Dragonite
|-damage|p1a: Dragonite|287\/359
|
|turn|6
|c|âMistaken|azelf is like 70%-605 because skill swap
|
|switch|p2a: hoes on mah bed|Diggersby, M, shiny|311\/311
|-damage|p2a: hoes on mah bed|292\/311|[from] Stealth Rock
|switch|p1a: Thundurus|Thundurus, M|299\/299
|
|turn|7
|
|move|p1a: Thundurus|Superpower|p2a: hoes on mah bed
|-supereffective|p2a: hoes on mah bed
|-damage|p2a: hoes on mah bed|0 fnt
|-unboost|p1a: Thundurus|atk|1
|-unboost|p1a: Thundurus|def|1
|-damage|p1a: Thundurus|270\/299|[from] item: Life Orb
|faint|p2a: hoes on mah bed
|
|
|switch|p2a: Raikou|Raikou, shiny|329\/329
|-damage|p2a: Raikou|288\/329|[from] Stealth Rock
|-ability|p2a: Raikou|Pressure
|turn|8
|
|move|p2a: Raikou|Thunderbolt|p1a: Thundurus
|-damage|p1a: Thundurus|0 fnt
|faint|p1a: Thundurus
|
|
|switch|p1a: Weavile|Weavile, F|254\/282
|-ability|p1a: Weavile|Pressure
|turn|9
|
|move|p1a: Weavile|Knock Off|p2a: Raikou
|-damage|p2a: Raikou|10\/329
|-enditem|p2a: Raikou|Choice Specs|[from] move: Knock Off|[of] p1a: Weavile
|-damage|p1a: Weavile|226\/282|[from] item: Life Orb
|move|p2a: Raikou|Thunderbolt|p1a: Weavile
|-damage|p1a: Weavile|48\/282
|-status|p1a: Weavile|par
|
|turn|10
|c|âMistaken|i feared pursuit
|c|âAlbyness|omai
|
|switch|p2a: Scizor|Scizor-Mega, F|269\/307
|-damage|p2a: Scizor|231\/307|[from] Stealth Rock
|move|p1a: Weavile|Ice Shard|p2a: Scizor
|-resisted|p2a: Scizor
|-damage|p2a: Scizor|196\/307
|-damage|p1a: Weavile|20\/282 par|[from] item: Life Orb
|
|turn|11
|c|âMistaken|lmfao
|c|âMistaken|can i sd?
|c|âAlbyness|ye
|c|âAlbyness|lol
|c|âMistaken|i believe you
|
|switch|p1a: Manaphy|Manaphy|404\/404
|move|p2a: Scizor|Swords Dance|p2a: Scizor
|-boost|p2a: Scizor|atk|2
|
|turn|12
|c|âMistaken|fire punch = forfeit
|
|move|p1a: Manaphy|Scald|p2a: Scizor
|-damage|p2a: Scizor|99\/307
|move|p2a: Scizor|Bug Bite|p1a: Manaphy
|-damage|p1a: Manaphy|104\/404
|
|-heal|p1a: Manaphy|129\/404|[from] item: Leftovers
|turn|13
|
|move|p2a: Scizor|Bullet Punch|p1a: Manaphy
|-resisted|p1a: Manaphy
|-damage|p1a: Manaphy|18\/404
|move|p1a: Manaphy|Scald|p2a: Scizor
|-damage|p2a: Scizor|0 fnt
|faint|p2a: Scizor
|
|-heal|p1a: Manaphy|43\/404|[from] item: Leftovers
|
|switch|p2a: Greninja|Greninja, F|285\/285
|-damage|p2a: Greninja|250\/285|[from] Stealth Rock
|turn|14
|
|move|p2a: Greninja|Dark Pulse|p1a: Manaphy
|-start|p2a: Greninja|typechange|Dark|[from] Protean
|-damage|p1a: Manaphy|0 fnt
|-damage|p2a: Greninja|222\/285|[from] item: Life Orb
|faint|p1a: Manaphy
|
|
|switch|p1a: Lopunny|Lopunny, M|271\/271
|turn|15
|c|âMistaken|your  team is scary :O
|c|âMistaken|i lose from here
|
|switch|p2a: Raikou|Raikou, shiny|10\/329
|-damage|p2a: Raikou|0 fnt|[from] Stealth Rock
|faint|p2a: Raikou
|detailschange|p1a: Lopunny|Lopunny-Mega, M
|-mega|p1a: Lopunny|Lopunny|Lopunnite
|move|p1a: Lopunny|Return|p2: Raikou|[notarget]
|-notarget
|
|
|switch|p2a: Latios|Latios, M, shiny|301\/301
|-damage|p2a: Latios|264\/301|[from] Stealth Rock
|turn|16
|c|âMistaken|what u didnt fake out
|
|switch|p1a: Weavile|Weavile, F|20\/282 par
|-ability|p1a: Weavile|Pressure
|move|p2a: Latios|Psyshock|p1a: Weavile
|-immune|p1a: Weavile|[msg]
|
|turn|17
|c|âMistaken|damn it
|c|âMistaken|para plz
|c|âAlbyness|not sure if scarf
|
|move|p1a: Weavile|Pursuit|p2a: Latios|[from]Pursuit
|-supereffective|p2a: Latios
|-damage|p2a: Latios|0 fnt
|-damage|p1a: Weavile|0 fnt|[from] item: Life Orb
|faint|p2a: Latios
|faint|p1a: Weavile
|
|c|âMistaken|im scarf
|c|âAlbyness|oh lol
|c|âAlbyness|gg
|c|âMistaken|too bad draco didnt kill
|c|âMistaken|gg\
|
|switch|p1a: Lopunny|Lopunny-Mega, M|271\/271
|switch|p2a: Greninja|Greninja, F|222\/285
|-damage|p2a: Greninja|187\/285|[from] Stealth Rock
|turn|18
|c|âMistaken|252 SpA Latios Draco Meteor vs. 0 HP \/ 0 SpD Mega Lopunny: 220-259 (81.1 - 95.5%) -- guaranteed 2HKO
|c|âAlbyness|ah
|
|move|p1a: Lopunny|Return|p2a: Greninja
|-damage|p2a: Greninja|0 fnt
|faint|p2a: Greninja
|
|win|Albyness
|raw|Ladder updating...
|c|âMistaken|gg