|join|Albyness
|join|trillyntruly
|c|âtrillyntruly|glhf
|join|charizarddreads
|player|p1|Albyness|170
|player|p2|trillyntruly|34
|gametype|singles
|gen|6
|tier|OU
|clearpoke
|poke|p1|Gyarados, M, shiny
|poke|p1|Celebi
|poke|p1|Entei, shiny
|poke|p1|Toxicroak, M
|poke|p1|Landorus-Therian, M
|poke|p1|Zapdos, shiny
|poke|p2|Lopunny, F
|poke|p2|Keldeo
|poke|p2|Latios, M
|poke|p2|Tentacruel, F
|poke|p2|Bisharp, M
|poke|p2|Gliscor, F
|rule|Swagger Clause: Swagger is banned
|rule|Baton Pass Clause: Limit one PokÃ©mon knowing Baton Pass
|rule|Sleep Clause Mod: Limit one foe put to sleep
|rule|Species Clause: Limit one of each PokÃ©mon
|rule|OHKO Clause: OHKO moves are banned
|rule|Moody Clause: Moody is banned
|rule|Evasion Moves Clause: Evasion moves are banned
|rule|Endless Battle Clause: Forcing endless battles is banned
|rule|HP Percentage Mod: HP is shown in percentages
|teampreview
|join|tnarh
|join|Ferocca
|join|Villager B
|
|start
|switch|p1a: Landorus-Therian|Landorus-Therian, M|382\/382
|switch|p2a: Gliscor|Gliscor, F|352\/352
|-ability|p1a: Landorus-Therian|Intimidate|[of] p2a: Gliscor
|-unboost|p2a: Gliscor|atk|1
|turn|1
|join|oijh
|
|move|p2a: Gliscor|Taunt|p1a: Landorus-Therian
|-start|p1a: Landorus-Therian|move: Taunt
|move|p1a: Landorus-Therian|Hidden Power|p2a: Gliscor
|-supereffective|p2a: Gliscor
|-damage|p2a: Gliscor|176\/352
|
|-status|p2a: Gliscor|tox|[from] item: Toxic Orb
|turn|2
|
|move|p2a: Gliscor|Roost|p2a: Gliscor
|-heal|p2a: Gliscor|352\/352 tox
|move|p1a: Landorus-Therian|U-turn|p2a: Gliscor
|-damage|p2a: Gliscor|295\/352 tox
|
|switch|p1a: Celebi|Celebi|403\/403
|
|-heal|p2a: Gliscor|339\/352 tox|[from] ability: Poison Heal
|turn|3
|
|move|p1a: Celebi|Swords Dance|p1a: Celebi
|-boost|p1a: Celebi|atk|2
|move|p2a: Gliscor|Stealth Rock|p1a: Celebi
|-sidestart|p1: Albyness|move: Stealth Rock
|
|-heal|p2a: Gliscor|352\/352 tox|[from] ability: Poison Heal
|turn|4
|join|aj112354
|
|move|p1a: Celebi|Baton Pass|p1a: Celebi
|
|switch|p1a: Gyarados|Gyarados, M, shiny|331\/331
|-damage|p1a: Gyarados|249\/331|[from] Stealth Rock
|-ability|p1a: Gyarados|Intimidate|[of] p2a: Gliscor
|-unboost|p2a: Gliscor|atk|1
|move|p2a: Gliscor|Taunt|p1a: Gyarados
|-start|p1a: Gyarados|move: Taunt
|
|turn|5
|join|BarS123
|join|LMay
|
|switch|p2a: Tentacruel|Tentacruel, F|357\/357
|move|p1a: Gyarados|Crunch|p2a: Tentacruel
|-damage|p2a: Tentacruel|198\/357
|
|-heal|p2a: Tentacruel|220\/357|[from] item: Black Sludge
|turn|6
|join|ninjatears4u
|
|move|p1a: Gyarados|Crunch|p2a: Tentacruel
|-damage|p2a: Tentacruel|48\/357
|move|p2a: Tentacruel|Scald|p1a: Gyarados
|-resisted|p1a: Gyarados
|-damage|p1a: Gyarados|210\/331
|
|-heal|p2a: Tentacruel|70\/357|[from] item: Black Sludge
|turn|7
|
|move|p1a: Gyarados|Waterfall|p2a: Tentacruel
|-resisted|p2a: Tentacruel
|-damage|p2a: Tentacruel|0 fnt
|faint|p2a: Tentacruel
|
|-end|p1a: Gyarados|move: Taunt
|join|Bloodz
|
|switch|p2a: Lopunny|Lopunny, F|271\/271
|turn|8
|leave|Bloodz
|
|switch|p1a: Celebi|Celebi|403\/403
|-damage|p1a: Celebi|353\/403|[from] Stealth Rock
|detailschange|p2a: Lopunny|Lopunny-Mega, F
|-mega|p2a: Lopunny|Lopunny|Lopunnite
|move|p2a: Lopunny|Fake Out|p1a: Celebi
|-damage|p1a: Celebi|287\/403
|
|-heal|p1a: Celebi|312\/403|[from] item: Leftovers
|turn|9
|c|âtrillyntruly|man i love that cancel buttom
|join|Aelia07
|join|Savagehr
|leave|Ferocca
|join|Ferocca
|
|move|p2a: Lopunny|Substitute|p2a: Lopunny
|-start|p2a: Lopunny|Substitute
|-damage|p2a: Lopunny|204\/271
|move|p1a: Celebi|Baton Pass|p1a: Celebi
|
|switch|p1a: Zapdos|Zapdos, shiny|383\/383
|-damage|p1a: Zapdos|288\/383|[from] Stealth Rock
|-ability|p1a: Zapdos|Pressure
|
|-heal|p1a: Zapdos|311\/383|[from] item: Leftovers
|turn|10
|join|JC Frost
|join|RayDalio
|
|move|p2a: Lopunny|Return|p1a: Zapdos
|-damage|p1a: Zapdos|125\/383
|move|p1a: Zapdos|Defog|p2a: Lopunny
|-sideend|p1: Albyness|Stealth Rock|[from] move: Defog|[of] p1a: Zapdos
|
|-heal|p1a: Zapdos|148\/383|[from] item: Leftovers
|turn|11
|c| Savagehr|They should just remove it
|
|switch|p1a: Landorus-Therian|Landorus-Therian, M|382\/382
|-activate|p2a: Lopunny|Substitute|ability: Intimidate|[of] p1a: Landorus-Therian
|move|p2a: Lopunny|Return|p1a: Landorus-Therian
|-damage|p1a: Landorus-Therian|219\/382
|
|-heal|p1a: Landorus-Therian|242\/382|[from] item: Leftovers
|turn|12
|
|move|p2a: Lopunny|Return|p1a: Landorus-Therian
|-damage|p1a: Landorus-Therian|89\/382
|move|p1a: Landorus-Therian|Earthquake|p2a: Lopunny
|-end|p2a: Lopunny|Substitute
|
|-heal|p1a: Landorus-Therian|112\/382|[from] item: Leftovers
|turn|13
|
|move|p2a: Lopunny|Return|p1a: Landorus-Therian
|-damage|p1a: Landorus-Therian|0 fnt
|faint|p1a: Landorus-Therian
|
|
|switch|p1a: Celebi|Celebi|312\/403
|turn|14
|join|qwertyuisxcvbn
|leave|Villager B
|
|switch|p2a: Bisharp|Bisharp, M|271\/271
|move|p1a: Celebi|Swords Dance|p1a: Celebi
|-boost|p1a: Celebi|atk|2
|
|-heal|p1a: Celebi|337\/403|[from] item: Leftovers
|turn|15
|join|Bloodz
|join|Max Speed Shuckle
|leave|Bloodz
|
|switch|p1a: Zapdos|Zapdos, shiny|148\/383
|-ability|p1a: Zapdos|Pressure
|switch|p2a: Lopunny|Lopunny-Mega, F|204\/271
|
|-heal|p1a: Zapdos|171\/383|[from] item: Leftovers
|turn|16
|
|move|p2a: Lopunny|Return|p1a: Zapdos
|-damage|p1a: Zapdos|0 fnt
|faint|p1a: Zapdos
|
|
|switch|p1a: Gyarados|Gyarados, M, shiny|210\/331
|-ability|p1a: Gyarados|Intimidate|[of] p2a: Lopunny
|-unboost|p2a: Lopunny|atk|1
|turn|17
|join|Canyon
|
|switch|p2a: Keldeo|Keldeo|323\/323
|move|p1a: Gyarados|Dragon Dance|p1a: Gyarados
|-boost|p1a: Gyarados|atk|1
|-boost|p1a: Gyarados|spe|1
|
|turn|18
|join|I'm a Pixel Girl
|join|wts this
|leave|wts this
|
|move|p2a: Keldeo|Hidden Power|p1a: Gyarados
|-damage|p1a: Gyarados|126\/331
|move|p1a: Gyarados|Dragon Dance|p1a: Gyarados
|-boost|p1a: Gyarados|atk|1
|-boost|p1a: Gyarados|spe|1
|
|turn|19
|
|detailschange|p1a: Gyarados|Gyarados-Mega, M, shiny
|-mega|p1a: Gyarados|Gyarados|Gyaradosite
|-ability|p1a: Gyarados|Mold Breaker
|move|p1a: Gyarados|Substitute|p1a: Gyarados
|-start|p1a: Gyarados|Substitute
|-damage|p1a: Gyarados|44\/331
|move|p2a: Keldeo|Hidden Power|p1a: Gyarados
|-activate|p1a: Gyarados|Substitute|[damage]
|
|turn|20
|join|Alldaalts
|join|Exiline
|
|move|p1a: Gyarados|Waterfall|p2a: Keldeo
|-resisted|p2a: Keldeo
|-damage|p2a: Keldeo|144\/323
|move|p2a: Keldeo|Hidden Power|p1a: Gyarados
|-end|p1a: Gyarados|Substitute
|
|turn|21
|
|move|p1a: Gyarados|Crunch|p2a: Keldeo
|-resisted|p2a: Keldeo
|-damage|p2a: Keldeo|0 fnt
|faint|p2a: Keldeo
|
|
|switch|p2a: Lopunny|Lopunny-Mega, F|204\/271
|turn|22
|
|switch|p1a: Celebi|Celebi|337\/403
|move|p2a: Lopunny|Fake Out|p1a: Celebi
|-crit|p1a: Celebi
|-damage|p1a: Celebi|228\/403
|
|-heal|p1a: Celebi|253\/403|[from] item: Leftovers
|turn|23
|c|âAlbyness|what hidden power wast that?
|join|Maomiraeniya
|c|âAlbyness|flying?
|c|âtrillyntruly|ya
|c| qwertyuisxcvbn|ice or flying
|c| qwertyuisxcvbn|no, ice cuz u
|c| qwertyuisxcvbn|didn't break ur sub
|leave|Alldaalts
|c|âAlbyness|cuz mega didnt resit*
|c| qwertyuisxcvbn|that's a weak keldeo
|
|switch|p2a: Bisharp|Bisharp, M|271\/271
|move|p1a: Celebi|Recover|p1a: Celebi
|-heal|p1a: Celebi|403\/403
|
|turn|24
|c| ninjatears4u|obv scarfed
|c|âtrillyntruly|ya
|c|âtrillyntruly|outsped +1 gyara
|c| qwertyuisxcvbn|why scarf HP fly?
|c| qwertyuisxcvbn|that's not hitting anything
|
|switch|p1a: Gyarados|Gyarados-Mega, M, shiny|44\/331
|-ability|p1a: Gyarados|Mold Breaker
|move|p2a: Bisharp|Knock Off|p1a: Gyarados
|-crit|p1a: Gyarados
|-resisted|p1a: Gyarados
|-damage|p1a: Gyarados|0 fnt
|faint|p1a: Gyarados
|
|c|âtrillyntruly|weird choice on my part ino
|
|switch|p1a: Entei|Entei, shiny|371\/371
|-ability|p1a: Entei|Pressure
|turn|25
|
|switch|p2a: Gliscor|Gliscor, F|352\/352 tox
|move|p1a: Entei|Sacred Fire|p2a: Gliscor
|-damage|p2a: Gliscor|214\/352 tox
|
|-heal|p2a: Gliscor|258\/352 tox|[from] ability: Poison Heal
|turn|26
|c|âtrillyntruly|i used it for lopunny as well as opposing keld
|join|UrsaReign
|c|âtrillyntruly|not that it's needed
|c| qwertyuisxcvbn|?_?
|c|âtrillyntruly|sometimes it presents itself as a good middle ground play
|c| ninjatears4u|hp electric
|c|âtrillyntruly|like in that circumstance, potentially hitting incoming celebi or toxicroack
|join|nathaaan
|join|Bloodz
|
|switch|p1a: Celebi|Celebi|403\/403
|move|p2a: Gliscor|Earthquake|p1a: Celebi
|-resisted|p1a: Celebi
|-damage|p1a: Celebi|352\/403
|
|-heal|p1a: Celebi|377\/403|[from] item: Leftovers
|-heal|p2a: Gliscor|302\/352 tox|[from] ability: Poison Heal
|turn|27
|c| Max Speed Shuckle|It is good for Mega Venu
|
|move|p1a: Celebi|Baton Pass|p1a: Celebi
|
|switch|p1a: Toxicroak|Toxicroak, M|307\/307
|move|p2a: Gliscor|Taunt|p1a: Toxicroak
|-start|p1a: Toxicroak|move: Taunt
|
|-heal|p2a: Gliscor|346\/352 tox|[from] ability: Poison Heal
|turn|28
|
|move|p1a: Toxicroak|Ice Punch|p2a: Gliscor
|-supereffective|p2a: Gliscor
|-damage|p2a: Gliscor|82\/352 tox
|move|p2a: Gliscor|Earthquake|p1a: Toxicroak
|-supereffective|p1a: Toxicroak
|-damage|p1a: Toxicroak|0 fnt
|faint|p1a: Toxicroak
|
|-heal|p2a: Gliscor|126\/352 tox|[from] ability: Poison Heal
|
|switch|p1a: Celebi|Celebi|377\/403
|turn|29
|c|âAlbyness|fuuuuuuuuuuuuuuuu
|c|âAlbyness|misclick
|join|808 & Heartbreak
|join|loic2002
|join|Roi Pika
|
|move|p1a: Celebi|Swords Dance|p1a: Celebi
|-boost|p1a: Celebi|atk|2
|move|p2a: Gliscor|Roost|p2a: Gliscor
|-heal|p2a: Gliscor|302\/352 tox
|
|-heal|p1a: Celebi|402\/403|[from] item: Leftovers
|-heal|p2a: Gliscor|346\/352 tox|[from] ability: Poison Heal
|turn|30
|
|move|p1a: Celebi|Seed Bomb|p2a: Gliscor
|-damage|p2a: Gliscor|189\/352 tox
|move|p2a: Gliscor|Taunt|p1a: Celebi
|-start|p1a: Celebi|move: Taunt
|
|-heal|p1a: Celebi|403\/403|[from] item: Leftovers
|-heal|p2a: Gliscor|233\/352 tox|[from] ability: Poison Heal
|turn|31
|
|switch|p2a: Bisharp|Bisharp, M|271\/271
|move|p1a: Celebi|Seed Bomb|p2a: Bisharp
|-resisted|p2a: Bisharp
|-damage|p2a: Bisharp|184\/271
|
|turn|32
|
|move|p1a: Celebi|Seed Bomb|p2a: Bisharp
|-resisted|p2a: Bisharp
|-damage|p2a: Bisharp|84\/271
|move|p2a: Bisharp|Knock Off|p1a: Celebi
|-supereffective|p1a: Celebi
|-damage|p1a: Celebi|29\/403
|-enditem|p1a: Celebi|Leftovers|[from] move: Knock Off|[of] p2a: Bisharp
|
|turn|33
|
|move|p1a: Celebi|Seed Bomb|p2a: Bisharp
|-resisted|p2a: Bisharp
|-damage|p2a: Bisharp|0 fnt
|faint|p2a: Bisharp
|
|-end|p1a: Celebi|move: Taunt
|
|switch|p2a: Lopunny|Lopunny-Mega, F|204\/271
|turn|34
|c| qwertyuisxcvbn|this celebi
|c| qwertyuisxcvbn|dougin everything
|join|Venancio12
|
|move|p2a: Lopunny|Fake Out|p1a: Celebi
|-damage|p1a: Celebi|0 fnt
|faint|p1a: Celebi
|
|c|âAlbyness|dat misclick
|join|Sr. Varrick
|c|âAlbyness|cost
|
|switch|p1a: Entei|Entei, shiny|371\/371
|-ability|p1a: Entei|Pressure
|turn|35
|c|âtrillyntruly|ya
|c|âAlbyness|entei killed from that range
|c|âtrillyntruly|hate to see it
|c|âAlbyness|36%
|
|move|p2a: Lopunny|Return|p1a: Entei
|-damage|p1a: Entei|124\/371
|move|p1a: Entei|Sacred Fire|p2a: Lopunny
|-damage|p2a: Lopunny|20\/271
|-status|p2a: Lopunny|brn
|
|-damage|p2a: Lopunny|0 fnt|[from] brn
|faint|p2a: Lopunny
|c| JC Frost|doesnt matter
|c| Max Speed Shuckle|OOOOOOOOOOOOOOOOOOOOOOOOOh
|
|switch|p2a: Latios|Latios, M|301\/301
|turn|36
|c| Max Speed Shuckle|WHERE YOU AT
|leave|Bloodz
|
|move|p2a: Latios|Surf|p1a: Entei
|-supereffective|p1a: Entei
|-damage|p1a: Entei|0 fnt
|-damage|p2a: Latios|271\/301|[from] item: Life Orb
|faint|p1a: Entei
|
|win|trillyntruly
|c|âtrillyntruly|gg bruv
|c|âAlbyness|gg
|leave|Maomiraeniya
|leave|qwertyuisxcvbn
|leave|808 & Heartbreak
|leave|Albyness
|leave|Sr. Varrick
|leave|ninjatears4u
|leave|I'm a Pixel Girl
|player|p1
|leave|JC Frost
|leave|tnarh
|leave|LMay