|join|Albyness
|join|Gaet-Kun06
|player|p1|Albyness|170
|player|p2|Gaet-Kun06|163
|gametype|singles
|gen|6
|tier|OU
|rated
|clearpoke
|poke|p1|Metagross
|poke|p1|Raikou, shiny
|poke|p1|Latios, M
|poke|p1|Keldeo
|poke|p1|Azumarill, F
|poke|p1|Garchomp, M
|poke|p2|Lopunny, F
|poke|p2|Talonflame, M
|poke|p2|Tyranitar, M
|poke|p2|Excadrill, M
|poke|p2|Bisharp, F
|poke|p2|Rotom-Wash
|rule|Swagger Clause: Swagger is banned
|rule|Baton Pass Clause: Limit one PokÃ©mon knowing Baton Pass
|rule|Sleep Clause Mod: Limit one foe put to sleep
|rule|Species Clause: Limit one of each PokÃ©mon
|rule|OHKO Clause: OHKO moves are banned
|rule|Moody Clause: Moody is banned
|rule|Evasion Moves Clause: Evasion moves are banned
|rule|Endless Battle Clause: Forcing endless battles is banned
|rule|HP Percentage Mod: HP is shown in percentages
|teampreview
|
|start
|switch|p1a: Raikou|Raikou, shiny|321\/321
|switch|p2a: Lopunny|Lopunny, F|271\/271
|-ability|p1a: Raikou|Pressure
|turn|1
|
|switch|p1a: Garchomp|Garchomp, M|420\/420
|detailschange|p2a: Lopunny|Lopunny-Mega, F
|-mega|p2a: Lopunny|Lopunny|Lopunnite
|move|p2a: Lopunny|Fake Out|p1a: Garchomp
|-damage|p1a: Garchomp|357\/420
|-damage|p2a: Lopunny|238\/271|[from] ability: Rough Skin|[of] p1a: Garchomp
|-damage|p2a: Lopunny|193\/271|[from] item: Rocky Helmet|[of] p1a: Garchomp
|
|turn|2
|
|switch|p2a: Rotom-Wash|Rotom-Wash|304\/304
|move|p1a: Garchomp|Stealth Rock|p2a: Rotom-Wash
|-sidestart|p2: Gaet-Kun06|move: Stealth Rock
|
|turn|3
|
|switch|p1a: Latios|Latios, M|301\/301
|move|p2a: Rotom-Wash|Hydro Pump|p1a: Latios
|-resisted|p1a: Latios
|-damage|p1a: Latios|238\/301
|
|turn|4
|
|switch|p1a: Keldeo|Keldeo|323\/323
|switch|p2a: Tyranitar|Tyranitar, M|401\/401
|-damage|p2a: Tyranitar|351\/401|[from] Stealth Rock
|-weather|Sandstorm
|
|-weather|Sandstorm|[upkeep]
|-damage|p1a: Keldeo|303\/323|[from] sandstorm
|turn|5
|
|switch|p2a: Rotom-Wash|Rotom-Wash|304\/304
|-damage|p2a: Rotom-Wash|266\/304|[from] Stealth Rock
|move|p1a: Keldeo|Substitute|p1a: Keldeo
|-start|p1a: Keldeo|Substitute
|-damage|p1a: Keldeo|223\/323
|
|-weather|Sandstorm|[upkeep]
|-damage|p1a: Keldeo|203\/323|[from] sandstorm
|-damage|p2a: Rotom-Wash|247\/304|[from] sandstorm
|turn|6
|
|move|p1a: Keldeo|Secret Sword|p2a: Rotom-Wash
|-damage|p2a: Rotom-Wash|136\/304
|-enditem|p2a: Rotom-Wash|Sitrus Berry|[eat]
|-heal|p2a: Rotom-Wash|212\/304|[from] item: Sitrus Berry
|move|p2a: Rotom-Wash|Volt Switch|p1a: Keldeo
|-supereffective|p1a: Keldeo
|-end|p1a: Keldeo|Substitute
|
|switch|p2a: Lopunny|Lopunny-Mega, F|193\/271
|-damage|p2a: Lopunny|177\/271|[from] Stealth Rock
|
|-weather|Sandstorm|[upkeep]
|-damage|p2a: Lopunny|161\/271|[from] sandstorm
|-damage|p1a: Keldeo|183\/323|[from] sandstorm
|turn|7
|
|move|p2a: Lopunny|Return|p1a: Keldeo
|-damage|p1a: Keldeo|0 fnt
|faint|p1a: Keldeo
|
|-weather|Sandstorm|[upkeep]
|-damage|p2a: Lopunny|145\/271|[from] sandstorm
|
|switch|p1a: Metagross|Metagross|301\/301
|turn|8
|
|switch|p2a: Rotom-Wash|Rotom-Wash|212\/304
|-damage|p2a: Rotom-Wash|174\/304|[from] Stealth Rock
|detailschange|p1a: Metagross|Metagross-Mega
|-mega|p1a: Metagross|Metagross|Metagrossite
|move|p1a: Metagross|Hone Claws|p1a: Metagross
|-boost|p1a: Metagross|atk|1
|-boost|p1a: Metagross|accuracy|1
|
|-weather|Sandstorm|[upkeep]
|-damage|p2a: Rotom-Wash|155\/304|[from] sandstorm
|turn|9
|join|Alvok
|
|move|p1a: Metagross|Dynamic Punch|p2a: Rotom-Wash
|-damage|p2a: Rotom-Wash|0 fnt
|faint|p2a: Rotom-Wash
|
|-weather|Sandstorm|[upkeep]
|
|switch|p2a: Excadrill|Excadrill, M|374\/374
|-damage|p2a: Excadrill|363\/374|[from] Stealth Rock
|turn|10
|
|switch|p1a: Garchomp|Garchomp, M|357\/420
|move|p2a: Excadrill|Earthquake|p1a: Garchomp
|-damage|p1a: Garchomp|149\/420
|-damage|p2a: Excadrill|326\/374|[from] item: Life Orb
|
|-weather|Sandstorm|[upkeep]
|turn|11
|
|move|p2a: Excadrill|Earthquake|p1a: Garchomp
|-damage|p1a: Garchomp|0 fnt
|-damage|p2a: Excadrill|289\/374|[from] item: Life Orb
|faint|p1a: Garchomp
|
|-weather|none
|
|switch|p1a: Azumarill|Azumarill, F|350\/350
|turn|12
|c| Alvok|dyanamic punch megameta
|c| Alvok|with honeclaws
|c| Alvok|so real
|
|switch|p2a: Lopunny|Lopunny-Mega, F|145\/271
|-damage|p2a: Lopunny|129\/271|[from] Stealth Rock
|move|p1a: Azumarill|Belly Drum|p1a: Azumarill
|-damage|p1a: Azumarill|175\/350
|-setboost|p1a: Azumarill|atk|6|[from] move: Belly Drum
|-enditem|p1a: Azumarill|Sitrus Berry|[eat]
|-heal|p1a: Azumarill|262\/350|[from] item: Sitrus Berry
|
|turn|13
|c| Alvok|one true lord set
|
|move|p2a: Lopunny|Fake Out|p1a: Azumarill
|-damage|p1a: Azumarill|168\/350
|cant|p1a: Azumarill|flinch
|
|turn|14
|
|move|p1a: Azumarill|Aqua Jet|p2a: Lopunny
|-damage|p2a: Lopunny|0 fnt
|faint|p2a: Lopunny
|
|
|switch|p2a: Talonflame|Talonflame, M|345\/345
|-damage|p2a: Talonflame|173\/345|[from] Stealth Rock
|turn|15
|
|switch|p1a: Metagross|Metagross-Mega|301\/301
|move|p2a: Talonflame|Brave Bird|p1a: Metagross
|-resisted|p1a: Metagross
|-damage|p1a: Metagross|244\/301
|-damage|p2a: Talonflame|154\/345|[from] recoil|[of] p1a: Metagross
|
|-heal|p2a: Talonflame|175\/345|[from] item: Leftovers
|turn|16
|
|move|p1a: Metagross|Meteor Mash|p2a: Talonflame
|-resisted|p2a: Talonflame
|-damage|p2a: Talonflame|28\/345
|move|p2a: Talonflame|Will-O-Wisp|p1a: Metagross
|-status|p1a: Metagross|brn
|
|-heal|p2a: Talonflame|49\/345|[from] item: Leftovers
|-damage|p1a: Metagross|207\/301 brn|[from] brn
|turn|17
|
|switch|p1a: Raikou|Raikou, shiny|321\/321
|-ability|p1a: Raikou|Pressure
|move|p2a: Talonflame|Roost|p2a: Talonflame
|-heal|p2a: Talonflame|222\/345
|
|-heal|p2a: Talonflame|243\/345|[from] item: Leftovers
|turn|18
|
|switch|p2a: Tyranitar|Tyranitar, M|351\/401
|-damage|p2a: Tyranitar|301\/401|[from] Stealth Rock
|-weather|Sandstorm
|move|p1a: Raikou|Volt Switch|p2a: Tyranitar
|-crit|p2a: Tyranitar
|-damage|p2a: Tyranitar|150\/401
|
|switch|p1a: Azumarill|Azumarill, F|168\/350
|
|-weather|Sandstorm|[upkeep]
|-damage|p1a: Azumarill|147\/350|[from] sandstorm
|turn|19
|
|move|p1a: Azumarill|Play Rough|p2a: Tyranitar
|-supereffective|p2a: Tyranitar
|-damage|p2a: Tyranitar|0 fnt
|faint|p2a: Tyranitar
|
|-weather|Sandstorm|[upkeep]
|-damage|p1a: Azumarill|126\/350|[from] sandstorm
|
|switch|p2a: Bisharp|Bisharp, F|271\/271
|-damage|p2a: Bisharp|255\/271|[from] Stealth Rock
|turn|20
|
|switch|p1a: Metagross|Metagross-Mega|207\/301 brn
|move|p2a: Bisharp|Iron Head|p1a: Metagross
|-resisted|p1a: Metagross
|-damage|p1a: Metagross|132\/301 brn
|-damage|p2a: Bisharp|228\/271|[from] item: Life Orb
|
|-weather|Sandstorm|[upkeep]
|-damage|p1a: Metagross|95\/301 brn|[from] brn
|turn|21
|
|move|p2a: Bisharp|Sucker Punch|p1a: Metagross
|-supereffective|p1a: Metagross
|-damage|p1a: Metagross|0 fnt
|-damage|p2a: Bisharp|201\/271|[from] item: Life Orb
|faint|p1a: Metagross
|
|-weather|Sandstorm|[upkeep]
|
|switch|p1a: Raikou|Raikou, shiny|321\/321
|-ability|p1a: Raikou|Pressure
|turn|22
|
|switch|p1a: Azumarill|Azumarill, F|126\/350
|move|p2a: Bisharp|Sucker Punch|p1a: Azumarill
|-fail|p1a: Azumarill
|
|-weather|Sandstorm|[upkeep]
|-damage|p1a: Azumarill|105\/350|[from] sandstorm
|turn|23
|
|move|p1a: Azumarill|Aqua Jet|p2a: Bisharp
|-damage|p2a: Bisharp|119\/271
|move|p2a: Bisharp|Iron Head|p1a: Azumarill
|-damage|p1a: Azumarill|0 fnt
|-damage|p2a: Bisharp|92\/271|[from] item: Life Orb
|faint|p1a: Azumarill
|
|-weather|Sandstorm|[upkeep]
|
|switch|p1a: Raikou|Raikou, shiny|321\/321
|-ability|p1a: Raikou|Pressure
|turn|24
|
|switch|p2a: Excadrill|Excadrill, M|289\/374
|-damage|p2a: Excadrill|278\/374|[from] Stealth Rock
|move|p1a: Raikou|Volt Switch|p2a: Excadrill
|-immune|p2a: Excadrill|[msg]
|
|-weather|Sandstorm|[upkeep]
|-damage|p1a: Raikou|301\/321|[from] sandstorm
|turn|25
|
|switch|p1a: Latios|Latios, M|238\/301
|move|p2a: Excadrill|Iron Head|p1a: Latios
|-damage|p1a: Latios|0 fnt
|-damage|p2a: Excadrill|241\/374|[from] item: Life Orb
|faint|p1a: Latios
|
|-weather|none
|c|âAlbyness|gg
|
|switch|p1a: Raikou|Raikou, shiny|301\/321
|-ability|p1a: Raikou|Pressure
|turn|26
|-message|Albyness forfeited.
|leave|Albyness
|
|win|Gaet-Kun06
|raw|Ladder updating...
|player|p1
|raw|Albyness's rating: 1683 &rarr; <strong>1652<\/strong><br \/>(-31 for losing)
|raw|Gaet-Kun06's rating: 1462 &rarr; <strong>1493<\/strong><br \/>(+31 for winning)