|join|OPGGNORE
|join|Albyness
|player|p1|OPGGNORE|265
|player|p2|Albyness|44
|gametype|singles
|gen|6
|tier|OU
|rated
|clearpoke
|poke|p1|Gyarados, M
|poke|p1|Ferrothorn, F
|poke|p1|Heatran, F
|poke|p1|Lopunny, M
|poke|p1|Landorus-Therian, M
|poke|p1|Excadrill, M
|poke|p2|Metagross
|poke|p2|Keldeo
|poke|p2|Landorus, M, shiny
|poke|p2|Clefable, M
|poke|p2|Heatran, F
|poke|p2|Latios, M
|rule|Swagger Clause: Swagger is banned
|rule|Baton Pass Clause: Limit one PokÃ©mon knowing Baton Pass
|rule|Sleep Clause Mod: Limit one foe put to sleep
|rule|Species Clause: Limit one of each PokÃ©mon
|rule|OHKO Clause: OHKO moves are banned
|rule|Moody Clause: Moody is banned
|rule|Evasion Moves Clause: Evasion moves are banned
|rule|Endless Battle Clause: Forcing endless battles is banned
|rule|HP Percentage Mod: HP is shown in percentages
|teampreview
|c|âOPGGNORE|did greninja get banned
|
|start
|switch|p1a: Gyarados|Gyarados, M|352\/352
|switch|p2a: Keldeo|Keldeo|323\/323
|-ability|p1a: Gyarados|Intimidate|[of] p2a: Keldeo
|-unboost|p2a: Keldeo|atk|1
|turn|1
|
|move|p2a: Keldeo|Scald|p1a: Gyarados
|-resisted|p1a: Gyarados
|-damage|p1a: Gyarados|287\/352
|move|p1a: Gyarados|Dragon Dance|p1a: Gyarados
|-boost|p1a: Gyarados|atk|1
|-boost|p1a: Gyarados|spe|1
|
|-heal|p1a: Gyarados|309\/352|[from] item: Leftovers
|turn|2
|
|switch|p2a: Latios|Latios, M|301\/301
|move|p1a: Gyarados|Substitute|p1a: Gyarados
|-start|p1a: Gyarados|Substitute
|-damage|p1a: Gyarados|221\/352
|
|-heal|p1a: Gyarados|243\/352|[from] item: Leftovers
|turn|3
|
|move|p1a: Gyarados|Bounce|p2a: Latios|[still]
|-prepare|p1a: Gyarados|Bounce|p2a: Latios
|move|p2a: Latios|Psyshock|p1a: Gyarados|[miss]
|-miss|p2a: Latios|p1a: Gyarados
|
|-heal|p1a: Gyarados|265\/352|[from] item: Leftovers
|turn|4
|
|move|p1a: Gyarados|Bounce|p2a: Latios
|-damage|p2a: Latios|19\/301
|move|p2a: Latios|Psyshock|p1a: Gyarados
|-end|p1a: Gyarados|Substitute
|-damage|p2a: Latios|0 fnt|[from] item: Life Orb
|faint|p2a: Latios
|
|-heal|p1a: Gyarados|287\/352|[from] item: Leftovers
|
|switch|p2a: Metagross|Metagross|301\/301
|turn|5
|
|detailschange|p2a: Metagross|Metagross-Mega
|-mega|p2a: Metagross|Metagross|Metagrossite
|move|p1a: Gyarados|Waterfall|p2a: Metagross
|-damage|p2a: Metagross|162\/301
|move|p2a: Metagross|Zen Headbutt|p1a: Gyarados
|-damage|p1a: Gyarados|49\/352
|
|-heal|p1a: Gyarados|71\/352|[from] item: Leftovers
|turn|6
|
|switch|p1a: Ferrothorn|Ferrothorn, F|352\/352
|move|p2a: Metagross|Meteor Mash|p1a: Ferrothorn
|-resisted|p1a: Ferrothorn
|-damage|p1a: Ferrothorn|280\/352
|-damage|p2a: Metagross|125\/301|[from] ability: Iron Barbs|[of] p1a: Ferrothorn
|
|-heal|p1a: Ferrothorn|302\/352|[from] item: Leftovers
|turn|7
|
|switch|p1a: Gyarados|Gyarados, M|71\/352
|-ability|p1a: Gyarados|Intimidate|[of] p2a: Metagross
|-unboost|p2a: Metagross|atk|1
|move|p2a: Metagross|Hammer Arm|p1a: Gyarados
|-resisted|p1a: Gyarados
|-damage|p1a: Gyarados|0 fnt
|-unboost|p2a: Metagross|spe|1
|faint|p1a: Gyarados
|
|
|switch|p1a: Lopunny|Lopunny, M|271\/271
|turn|8
|
|switch|p2a: Clefable|Clefable, M|393\/393
|detailschange|p1a: Lopunny|Lopunny-Mega, M
|-mega|p1a: Lopunny|Lopunny|Lopunnite
|move|p1a: Lopunny|High Jump Kick|p2a: Clefable|[miss]
|-miss|p1a: Lopunny|p2a: Clefable
|-damage|p1a: Lopunny|136\/271|[from] highjumpkick
|
|turn|9
|c|âOPGGNORE|woooooooooooooow
|
|switch|p1a: Heatran|Heatran, F|386\/386
|switch|p2a: Landorus|Landorus, M, shiny|333\/333
|
|turn|10
|c|âOPGGNORE|lucky n bad
|
|switch|p1a: Excadrill|Excadrill, M|414\/414
|-ability|p1a: Excadrill|Mold Breaker
|-item|p1a: Excadrill|Air Balloon
|move|p2a: Landorus|Rock Polish|p2a: Landorus
|-boost|p2a: Landorus|spe|2
|
|turn|11
|
|move|p2a: Landorus|Focus Blast|p1a: Excadrill
|-supereffective|p1a: Excadrill
|-damage|p1a: Excadrill|0 fnt
|-enditem|p1a: Excadrill|Air Balloon
|faint|p1a: Excadrill
|
|
|switch|p1a: Landorus-Therian|Landorus-Therian, M|319\/319
|-ability|p1a: Landorus-Therian|Intimidate|[of] p2a: Landorus
|-unboost|p2a: Landorus|atk|1
|turn|12
|
|move|p2a: Landorus|Psychic|p1a: Landorus-Therian
|-damage|p1a: Landorus-Therian|114\/319
|move|p1a: Landorus-Therian|Knock Off|p2a: Landorus
|-damage|p2a: Landorus|193\/333
|-enditem|p2a: Landorus|Life Orb|[from] move: Knock Off|[of] p1a: Landorus-Therian
|
|turn|13
|
|switch|p1a: Ferrothorn|Ferrothorn, F|302\/352
|move|p2a: Landorus|Psychic|p1a: Ferrothorn
|-resisted|p1a: Ferrothorn
|-damage|p1a: Ferrothorn|242\/352
|
|-heal|p1a: Ferrothorn|264\/352|[from] item: Leftovers
|turn|14
|
|move|p1a: Ferrothorn|Protect|p1a: Ferrothorn
|-singleturn|p1a: Ferrothorn|Protect
|move|p2a: Landorus|Focus Blast|p1a: Ferrothorn
|-activate|p1a: Ferrothorn|Protect
|
|-heal|p1a: Ferrothorn|286\/352|[from] item: Leftovers
|turn|15
|
|move|p2a: Landorus|Focus Blast|p1a: Ferrothorn|[miss]
|-miss|p2a: Landorus|p1a: Ferrothorn
|move|p1a: Ferrothorn|Power Whip|p2a: Landorus
|-damage|p2a: Landorus|36\/333
|
|-heal|p1a: Ferrothorn|308\/352|[from] item: Leftovers
|turn|16
|
|move|p1a: Ferrothorn|Protect|p1a: Ferrothorn
|-singleturn|p1a: Ferrothorn|Protect
|move|p2a: Landorus|Focus Blast|p1a: Ferrothorn
|-activate|p1a: Ferrothorn|Protect
|
|-heal|p1a: Ferrothorn|330\/352|[from] item: Leftovers
|turn|17
|
|move|p2a: Landorus|Focus Blast|p1a: Ferrothorn
|-supereffective|p1a: Ferrothorn
|-damage|p1a: Ferrothorn|0 fnt
|faint|p1a: Ferrothorn
|
|-message|OPGGNORE forfeited.
|leave|OPGGNORE
|
|win|Albyness
|raw|Ladder updating...
|player|p1