|join|Albyness
|join|HellfireNJNP
|player|p1|Albyness|44
|player|p2|HellfireNJNP|170
|gametype|singles
|gen|6
|tier|OU
|clearpoke
|poke|p1|Sableye, M
|poke|p1|Tornadus-Therian, M
|poke|p1|Latias, F
|poke|p1|Terrakion
|poke|p1|Raikou
|poke|p1|Volcarona, F
|poke|p2|Talonflame, F
|poke|p2|Rotom-Wash
|poke|p2|Excadrill, M
|poke|p2|Kyurem-Black
|poke|p2|Pinsir, F
|poke|p2|Thundurus, M
|rule|Swagger Clause: Swagger is banned
|rule|Baton Pass Clause: Limit one PokÃ©mon knowing Baton Pass
|rule|Sleep Clause Mod: Limit one foe put to sleep
|rule|Species Clause: Limit one of each PokÃ©mon
|rule|OHKO Clause: OHKO moves are banned
|rule|Moody Clause: Moody is banned
|rule|Evasion Moves Clause: Evasion moves are banned
|rule|Endless Battle Clause: Forcing endless battles is banned
|rule|HP Percentage Mod: HP is shown in percentages
|teampreview
|
|start
|switch|p1a: Sableye|Sableye, M|303\/303
|switch|p2a: Thundurus|Thundurus, M|300\/300
|turn|1
|c|âHellfireNJNP|mega slabeye I want dat ban lol
|
|switch|p1a: Raikou|Raikou|321\/321
|-ability|p1a: Raikou|Pressure
|move|p2a: Thundurus|Thunderbolt|p1a: Raikou
|-resisted|p1a: Raikou
|-damage|p1a: Raikou|218\/321
|-damage|p2a: Thundurus|270\/300|[from] item: Life Orb
|
|-heal|p1a: Raikou|238\/321|[from] item: Leftovers
|turn|2
|c|âAlbyness|lolol
|
|switch|p1a: Sableye|Sableye, M|303\/303
|switch|p2a: Kyurem-Black|Kyurem-Black|417\/417
|-ability|p2a: Kyurem-Black|Teravolt
|
|turn|3
|
|move|p1a: Sableye|Will-O-Wisp|p2a: Kyurem-Black|[miss]
|-miss|p1a: Sableye|p2a: Kyurem-Black
|move|p2a: Kyurem-Black|Ice Beam|p1a: Sableye
|-damage|p1a: Sableye|125\/303
|
|turn|4
|
|switch|p1a: Terrakion|Terrakion|323\/323
|move|p2a: Kyurem-Black|Ice Beam|p1a: Terrakion
|-damage|p1a: Terrakion|157\/323
|
|turn|5
|
|move|p1a: Terrakion|Close Combat|p2a: Kyurem-Black
|-supereffective|p2a: Kyurem-Black
|-enditem|p2a: Kyurem-Black|Chople Berry|[eat]
|-damage|p2a: Kyurem-Black|186\/417
|-unboost|p1a: Terrakion|def|1
|-unboost|p1a: Terrakion|spd|1
|move|p2a: Kyurem-Black|Ice Beam|p1a: Terrakion
|-crit|p1a: Terrakion
|-damage|p1a: Terrakion|0 fnt
|faint|p1a: Terrakion
|
|c|âAlbyness|nb
|
|switch|p1a: Tornadus-Therian|Tornadus-Therian, M|299\/299
|turn|6
|c|âHellfireNJNP|:P
|
|switch|p2a: Rotom-Wash|Rotom-Wash|304\/304
|move|p1a: Tornadus-Therian|Superpower|p2a: Rotom-Wash
|-damage|p2a: Rotom-Wash|209\/304
|-unboost|p1a: Tornadus-Therian|atk|1
|-unboost|p1a: Tornadus-Therian|def|1
|-damage|p1a: Tornadus-Therian|270\/299|[from] item: Life Orb
|
|-heal|p2a: Rotom-Wash|228\/304|[from] item: Leftovers
|turn|7
|
|move|p1a: Tornadus-Therian|U-turn|p2a: Rotom-Wash
|-damage|p2a: Rotom-Wash|190\/304
|-damage|p1a: Tornadus-Therian|241\/299|[from] item: Life Orb
|
|switch|p1a: Latias|Latias, F|301\/301
|move|p2a: Rotom-Wash|Volt Switch|p1a: Latias
|-resisted|p1a: Latias
|-damage|p1a: Latias|265\/301
|
|switch|p2a: Talonflame|Talonflame, F|298\/298
|
|turn|8
|
|move|p2a: Talonflame|U-turn|p1a: Latias
|-supereffective|p1a: Latias
|-damage|p1a: Latias|43\/301
|
|switch|p2a: Excadrill|Excadrill, M|361\/361
|-ability|p2a: Excadrill|Mold Breaker
|move|p1a: Latias|Draco Meteor|p2a: Excadrill
|-resisted|p2a: Excadrill
|-damage|p2a: Excadrill|162\/361
|-unboost|p1a: Latias|spa|2
|-damage|p1a: Latias|13\/301|[from] item: Life Orb
|
|turn|9
|c|âHellfireNJNP|earthquake go
|
|move|p2a: Excadrill|Stealth Rock|p1a: Latias
|-sidestart|p1: Albyness|move: Stealth Rock
|move|p1a: Latias|Draco Meteor|p2a: Excadrill
|-resisted|p2a: Excadrill
|-damage|p2a: Excadrill|71\/361
|-unboost|p1a: Latias|spa|2
|-damage|p1a: Latias|0 fnt|[from] item: Life Orb
|faint|p1a: Latias
|
|
|switch|p1a: Volcarona|Volcarona, F|326\/326
|-damage|p1a: Volcarona|163\/326|[from] Stealth Rock
|turn|10
|
|switch|p2a: Talonflame|Talonflame, F|298\/298
|move|p1a: Volcarona|Fire Blast|p2a: Talonflame
|-resisted|p2a: Talonflame
|-damage|p2a: Talonflame|169\/298
|
|turn|11
|
|move|p2a: Talonflame|Brave Bird|p1a: Volcarona
|-supereffective|p1a: Volcarona
|-damage|p1a: Volcarona|0 fnt
|-damage|p2a: Talonflame|115\/298|[from] recoil|[of] p1a: Volcarona
|faint|p1a: Volcarona
|
|
|switch|p1a: Raikou|Raikou|238\/321
|-damage|p1a: Raikou|198\/321|[from] Stealth Rock
|-ability|p1a: Raikou|Pressure
|turn|12
|
|switch|p2a: Excadrill|Excadrill, M|71\/361
|-ability|p2a: Excadrill|Mold Breaker
|move|p1a: Raikou|Hidden Power|p2a: Excadrill
|-damage|p2a: Excadrill|0 fnt
|faint|p2a: Excadrill
|
|-heal|p1a: Raikou|218\/321|[from] item: Leftovers
|
|switch|p2a: Kyurem-Black|Kyurem-Black|186\/417
|-ability|p2a: Kyurem-Black|Teravolt
|turn|13
|
|move|p1a: Raikou|Volt Switch|p2a: Kyurem-Black
|-resisted|p2a: Kyurem-Black
|-damage|p2a: Kyurem-Black|136\/417
|
|switch|p1a: Tornadus-Therian|Tornadus-Therian, M|299\/299
|-damage|p1a: Tornadus-Therian|225\/299|[from] Stealth Rock
|move|p2a: Kyurem-Black|Substitute|p2a: Kyurem-Black
|-start|p2a: Kyurem-Black|Substitute
|-damage|p2a: Kyurem-Black|32\/417
|
|turn|14
|
|move|p1a: Tornadus-Therian|Knock Off|p2a: Kyurem-Black
|-activate|p2a: Kyurem-Black|Substitute|[damage]
|-damage|p1a: Tornadus-Therian|196\/299|[from] item: Life Orb
|move|p2a: Kyurem-Black|Ice Beam|p1a: Tornadus-Therian
|-supereffective|p1a: Tornadus-Therian
|-damage|p1a: Tornadus-Therian|0 fnt
|faint|p1a: Tornadus-Therian
|
|c|âHellfireNJNP|not even bad.
|
|switch|p1a: Raikou|Raikou|218\/321
|-damage|p1a: Raikou|178\/321|[from] Stealth Rock
|-ability|p1a: Raikou|Pressure
|turn|15
|
|move|p1a: Raikou|Volt Switch|p2a: Kyurem-Black
|-resisted|p2a: Kyurem-Black
|-end|p2a: Kyurem-Black|Substitute
|c|âAlbyness|ye gg
|c|âHellfireNJNP|im not sure..
|
|switch|p1a: Sableye|Sableye, M|125\/303
|-damage|p1a: Sableye|88\/303|[from] Stealth Rock
|move|p2a: Kyurem-Black|Earth Power|p1a: Sableye
|-crit|p1a: Sableye
|-damage|p1a: Sableye|0 fnt
|faint|p1a: Sableye
|
|c|âHellfireNJNP|mega slabeye is something else..
|c|âHellfireNJNP|oh nvm whew..
|c|âHellfireNJNP|lol
|
|switch|p1a: Raikou|Raikou|178\/321
|-damage|p1a: Raikou|138\/321|[from] Stealth Rock
|-ability|p1a: Raikou|Pressure
|turn|16
|
|move|p1a: Raikou|Thunderbolt|p2a: Kyurem-Black
|-resisted|p2a: Kyurem-Black
|-damage|p2a: Kyurem-Black|0 fnt
|faint|p2a: Kyurem-Black
|
|-heal|p1a: Raikou|158\/321|[from] item: Leftovers
|
|switch|p2a: Thundurus|Thundurus, M|270\/300
|turn|17
|c|âHellfireNJNP|what raikou set is this?
|
|move|p1a: Raikou|Volt Switch|p2a: Thundurus
|-damage|p2a: Thundurus|140\/300
|move|p2a: Thundurus|Hidden Power|p1a: Raikou
|-damage|p1a: Raikou|68\/321
|-damage|p2a: Thundurus|110\/300|[from] item: Life Orb
|
|-heal|p1a: Raikou|88\/321|[from] item: Leftovers
|turn|18
|c|âAlbyness|miss click
|
|move|p1a: Raikou|Thunderbolt|p2a: Thundurus
|-damage|p2a: Thundurus|0 fnt
|faint|p2a: Thundurus
|
|-heal|p1a: Raikou|108\/321|[from] item: Leftovers
|c|âAlbyness|cm volt switch
|
|switch|p2a: Talonflame|Talonflame, F|115\/298
|turn|19
|c|âHellfireNJNP|hmm
|c|âHellfireNJNP|maybe try sub calm mind?
|c|âAlbyness|naw
|
|move|p2a: Talonflame|Brave Bird|p1a: Raikou
|-resisted|p1a: Raikou
|-damage|p1a: Raikou|0 fnt
|-damage|p2a: Talonflame|79\/298|[from] recoil|[of] p1a: Raikou
|faint|p1a: Raikou
|
|win|HellfireNJNP
|c|âAlbyness|gonna remove raikou
|c|âHellfireNJNP|gg
|c|âAlbyness|gg
|leave|Albyness