|join|Aka DH
|join|Albyness
|player|p1|Aka DH|1
|player|p2|Albyness|44
|gametype|singles
|gen|6
|tier|OU (suspect test)
|rated
|clearpoke
|poke|p1|Bisharp, F
|poke|p1|Venusaur, F
|poke|p1|Heatran, F
|poke|p1|Keldeo
|poke|p1|Chansey, F
|poke|p1|Skarmory, M
|poke|p2|Landorus, M
|poke|p2|Celebi
|poke|p2|Talonflame, F
|poke|p2|Empoleon, F
|poke|p2|Conkeldurr, F
|poke|p2|Altaria, F
|rule|Swagger Clause: Swagger is banned
|rule|Baton Pass Clause: Limit one PokÃ©mon knowing Baton Pass
|rule|Sleep Clause Mod: Limit one foe put to sleep
|rule|Species Clause: Limit one of each PokÃ©mon
|rule|OHKO Clause: OHKO moves are banned
|rule|Moody Clause: Moody is banned
|rule|Evasion Moves Clause: Evasion moves are banned
|rule|Endless Battle Clause: Forcing endless battles is banned
|rule|HP Percentage Mod: HP is shown in percentages
|teampreview
|
|start
|switch|p1a: Keldeo|Keldeo|323\/323
|switch|p2a: Empoleon|Empoleon, F|372\/372
|turn|1
|
|switch|p2a: Celebi|Celebi|403\/403
|move|p1a: Keldeo|Scald|p2a: Celebi
|-resisted|p2a: Celebi
|-damage|p2a: Celebi|348\/403
|-status|p2a: Celebi|brn
|
|-heal|p2a: Celebi|373\/403 brn|[from] item: Leftovers
|-damage|p2a: Celebi|323\/403 brn|[from] brn
|turn|2
|
|move|p1a: Keldeo|Calm Mind|p1a: Keldeo
|-boost|p1a: Keldeo|spa|1
|-boost|p1a: Keldeo|spd|1
|move|p2a: Celebi|Baton Pass|p2a: Celebi
|join|Sagran
|
|switch|p2a: Talonflame|Talonflame, F|297\/297
|
|turn|3
|
|move|p2a: Talonflame|U-turn|p1a: Keldeo
|-resisted|p1a: Keldeo
|-damage|p1a: Keldeo|266\/323
|
|switch|p2a: Celebi|Celebi|323\/403
|move|p1a: Keldeo|Scald|p2a: Celebi
|-resisted|p2a: Celebi
|-damage|p2a: Celebi|242\/403
|
|-heal|p1a: Keldeo|286\/323|[from] item: Leftovers
|-heal|p2a: Celebi|267\/403|[from] item: Leftovers
|turn|4
|
|move|p1a: Keldeo|Icy Wind|p2a: Celebi
|-supereffective|p2a: Celebi
|-damage|p2a: Celebi|119\/403
|-unboost|p2a: Celebi|spe|1
|move|p2a: Celebi|Giga Drain|p1a: Keldeo
|-supereffective|p1a: Keldeo
|-damage|p1a: Keldeo|160\/323
|-heal|p2a: Celebi|182\/403|[from] drain|[of] p1a: Keldeo
|
|-heal|p1a: Keldeo|180\/323|[from] item: Leftovers
|-heal|p2a: Celebi|207\/403|[from] item: Leftovers
|turn|5
|
|switch|p1a: Bisharp|Bisharp, F|334\/334
|move|p2a: Celebi|Baton Pass|p2a: Celebi
|
|switch|p2a: Landorus|Landorus, M|319\/319
|
|turn|6
|
|switch|p1a: Chansey|Chansey, F|684\/684
|move|p2a: Landorus|Knock Off|p1a: Chansey
|-damage|p1a: Chansey|522\/684
|-enditem|p1a: Chansey|Eviolite|[from] move: Knock Off|[of] p2a: Landorus
|-damage|p2a: Landorus|288\/319|[from] item: Life Orb
|
|turn|7
|
|move|p2a: Landorus|Earth Power|p1a: Chansey
|-crit|p1a: Chansey
|-damage|p1a: Chansey|159\/684
|move|p1a: Chansey|Seismic Toss|p2a: Landorus
|-damage|p2a: Landorus|188\/319
|
|turn|8
|
|move|p2a: Landorus|Earth Power|p1a: Chansey
|-damage|p1a: Chansey|0 fnt
|faint|p1a: Chansey
|
|
|switch|p1a: Keldeo|Keldeo|180\/323
|turn|9
|join|Luxuria 69
|
|switch|p2a: Empoleon|Empoleon, F|372\/372
|move|p1a: Keldeo|Scald|p2a: Empoleon
|-resisted|p2a: Empoleon
|-damage|p2a: Empoleon|300\/372
|-status|p2a: Empoleon|brn
|
|-heal|p1a: Keldeo|200\/323|[from] item: Leftovers
|-heal|p2a: Empoleon|323\/372 brn|[from] item: Leftovers
|-damage|p2a: Empoleon|277\/372 brn|[from] brn
|turn|10
|
|move|p1a: Keldeo|Secret Sword|p2a: Empoleon
|-supereffective|p2a: Empoleon
|-damage|p2a: Empoleon|49\/372 brn
|move|p2a: Empoleon|Stealth Rock|p1a: Keldeo
|-sidestart|p1: Aka DH|move: Stealth Rock
|
|-heal|p1a: Keldeo|220\/323|[from] item: Leftovers
|-heal|p2a: Empoleon|72\/372 brn|[from] item: Leftovers
|-damage|p2a: Empoleon|26\/372 brn|[from] brn
|turn|11
|
|move|p1a: Keldeo|Secret Sword|p2a: Empoleon
|-supereffective|p2a: Empoleon
|-damage|p2a: Empoleon|0 fnt
|faint|p2a: Empoleon
|
|-heal|p1a: Keldeo|240\/323|[from] item: Leftovers
|
|switch|p2a: Talonflame|Talonflame, F|297\/297
|turn|12
|
|switch|p1a: Skarmory|Skarmory, M|334\/334
|-damage|p1a: Skarmory|293\/334|[from] Stealth Rock
|move|p2a: Talonflame|Brave Bird|p1a: Skarmory
|-resisted|p1a: Skarmory
|-damage|p1a: Skarmory|218\/334
|-damage|p2a: Talonflame|248\/297|[from] item: Rocky Helmet|[of] p1a: Skarmory
|-damage|p2a: Talonflame|223\/297|[from] recoil|[of] p1a: Skarmory
|
|turn|13
|
|switch|p2a: Landorus|Landorus, M|188\/319
|move|p1a: Skarmory|Spikes|p2a: Landorus
|-sidestart|p2: Albyness|Spikes
|
|turn|14
|
|move|p2a: Landorus|Knock Off|p1a: Skarmory
|-damage|p1a: Skarmory|130\/334
|-damage|p2a: Landorus|135\/319|[from] item: Rocky Helmet|[of] p1a: Skarmory
|-enditem|p1a: Skarmory|Rocky Helmet|[from] move: Knock Off|[of] p2a: Landorus
|-damage|p2a: Landorus|104\/319|[from] item: Life Orb
|move|p1a: Skarmory|Whirlwind|p2a: Landorus
|drag|p2a: Celebi|Celebi|207\/403
|-damage|p2a: Celebi|157\/403|[from] Spikes
|
|-heal|p2a: Celebi|182\/403|[from] item: Leftovers
|turn|15
|
|move|p2a: Celebi|Recover|p2a: Celebi
|-heal|p2a: Celebi|384\/403
|move|p1a: Skarmory|Spikes|p2a: Celebi
|-sidestart|p2: Albyness|Spikes
|
|-heal|p2a: Celebi|403\/403|[from] item: Leftovers
|turn|16
|
|move|p2a: Celebi|Baton Pass|p2a: Celebi
|
|switch|p2a: Talonflame|Talonflame, F|223\/297
|move|p1a: Skarmory|Whirlwind|p2a: Talonflame
|drag|p2a: Landorus|Landorus, M|104\/319
|
|turn|17
|
|move|p2a: Landorus|Psychic|p1a: Skarmory
|-resisted|p1a: Skarmory
|-damage|p1a: Skarmory|40\/334
|move|p1a: Skarmory|Brave Bird|p2a: Landorus
|-damage|p2a: Landorus|0 fnt
|-damage|p1a: Skarmory|6\/334|[from] recoil|[of] p2a: Landorus
|faint|p2a: Landorus
|
|
|switch|p2a: Conkeldurr|Conkeldurr, F|351\/351
|-damage|p2a: Conkeldurr|293\/351|[from] Spikes
|turn|18
|
|switch|p1a: Venusaur|Venusaur, F|364\/364
|-damage|p1a: Venusaur|319\/364|[from] Stealth Rock
|move|p2a: Conkeldurr|Drain Punch|p1a: Venusaur
|-resisted|p1a: Venusaur
|-damage|p1a: Venusaur|259\/364
|-heal|p2a: Conkeldurr|323\/351|[from] drain|[of] p1a: Venusaur
|
|turn|19
|
|switch|p1a: Heatran|Heatran, F|340\/340
|-damage|p1a: Heatran|298\/340|[from] Stealth Rock
|-item|p1a: Heatran|Air Balloon
|move|p2a: Conkeldurr|Ice Punch|p1a: Heatran
|-resisted|p1a: Heatran
|-damage|p1a: Heatran|278\/340
|-enditem|p1a: Heatran|Air Balloon
|
|turn|20
|
|move|p1a: Heatran|Stealth Rock|p2a: Conkeldurr
|-sidestart|p2: Albyness|move: Stealth Rock
|move|p2a: Conkeldurr|Drain Punch|p1a: Heatran
|-supereffective|p1a: Heatran
|-damage|p1a: Heatran|38\/340
|-heal|p2a: Conkeldurr|351\/351|[from] drain|[of] p1a: Heatran
|
|turn|21
|
|switch|p1a: Skarmory|Skarmory, M|6\/334
|-damage|p1a: Skarmory|0 fnt|[from] Stealth Rock
|faint|p1a: Skarmory
|move|p2a: Conkeldurr|Ice Punch|p1: Skarmory|[notarget]
|-notarget
|
|
|switch|p1a: Venusaur|Venusaur, F|259\/364
|-damage|p1a: Venusaur|214\/364|[from] Stealth Rock
|turn|22
|
|detailschange|p1a: Venusaur|Venusaur-Mega, F
|-mega|p1a: Venusaur|Venusaur|Venusaurite
|move|p1a: Venusaur|Leech Seed|p2a: Conkeldurr
|-start|p2a: Conkeldurr|move: Leech Seed
|move|p2a: Conkeldurr|Ice Punch|p1a: Venusaur
|-supereffective|p1a: Venusaur
|-damage|p1a: Venusaur|148\/364
|
|-damage|p2a: Conkeldurr|308\/351|[from] Leech Seed|[of] p1a: Venusaur
|-heal|p1a: Venusaur|191\/364|[silent]
|turn|23
|
|switch|p2a: Talonflame|Talonflame, F|223\/297
|-damage|p2a: Talonflame|75\/297|[from] Stealth Rock
|move|p1a: Venusaur|Synthesis|p1a: Venusaur
|-heal|p1a: Venusaur|364\/364
|
|turn|24
|
|move|p2a: Talonflame|Brave Bird|p1a: Venusaur
|-supereffective|p1a: Venusaur
|-damage|p1a: Venusaur|70\/364
|-damage|p2a: Talonflame|0 fnt|[from] recoil|[of] p1a: Venusaur
|faint|p2a: Talonflame
|move|p1a: Venusaur|Leech Seed|p2: Talonflame|[notarget]
|-notarget
|
|
|switch|p2a: Altaria|Altaria, F|353\/353
|-damage|p2a: Altaria|265\/353|[from] Stealth Rock
|turn|25
|
|switch|p1a: Heatran|Heatran, F|38\/340
|-damage|p1a: Heatran|0 fnt|[from] Stealth Rock
|faint|p1a: Heatran
|detailschange|p2a: Altaria|Altaria-Mega, F
|-mega|p2a: Altaria|Altaria|Altarianite
|move|p2a: Altaria|Return|p1: Heatran|[notarget]
|-notarget
|
|
|switch|p1a: Bisharp|Bisharp, F|334\/334
|-damage|p1a: Bisharp|314\/334|[from] Stealth Rock
|turn|26
|
|switch|p2a: Celebi|Celebi|403\/403
|-damage|p2a: Celebi|353\/403|[from] Stealth Rock
|-damage|p2a: Celebi|286\/403|[from] Spikes
|move|p1a: Bisharp|Iron Head|p2a: Celebi
|-damage|p2a: Celebi|129\/403
|
|-heal|p2a: Celebi|154\/403|[from] item: Leftovers
|-heal|p1a: Bisharp|334\/334|[from] item: Leftovers
|turn|27
|
|move|p2a: Celebi|Giga Drain|p1a: Bisharp
|-resisted|p1a: Bisharp
|-damage|p1a: Bisharp|273\/334
|-heal|p2a: Celebi|185\/403|[from] drain|[of] p1a: Bisharp
|move|p1a: Bisharp|Knock Off|p2a: Celebi
|-supereffective|p2a: Celebi
|-damage|p2a: Celebi|0 fnt
|-enditem|p2a: Celebi|Leftovers|[from] move: Knock Off|[of] p1a: Bisharp
|faint|p2a: Celebi
|
|-heal|p1a: Bisharp|293\/334|[from] item: Leftovers
|
|switch|p2a: Conkeldurr|Conkeldurr, F|308\/351
|-damage|p2a: Conkeldurr|250\/351|[from] Spikes
|-damage|p2a: Conkeldurr|229\/351|[from] Stealth Rock
|turn|28
|
|switch|p1a: Keldeo|Keldeo|240\/323
|-damage|p1a: Keldeo|220\/323|[from] Stealth Rock
|move|p2a: Conkeldurr|Mach Punch|p1a: Keldeo
|-damage|p1a: Keldeo|133\/323
|
|-heal|p1a: Keldeo|153\/323|[from] item: Leftovers
|turn|29
|
|move|p1a: Keldeo|Secret Sword|p2a: Conkeldurr
|-damage|p2a: Conkeldurr|72\/351
|move|p2a: Conkeldurr|Drain Punch|p1a: Keldeo
|-damage|p1a: Keldeo|0 fnt
|-heal|p2a: Conkeldurr|149\/351|[from] drain|[of] p1a: Keldeo
|faint|p1a: Keldeo
|
|
|switch|p1a: Venusaur|Venusaur-Mega, F|70\/364
|-damage|p1a: Venusaur|25\/364|[from] Stealth Rock
|turn|30
|
|move|p2a: Conkeldurr|Mach Punch|p1a: Venusaur
|-resisted|p1a: Venusaur
|-damage|p1a: Venusaur|0 fnt
|faint|p1a: Venusaur
|
|-message|Aka DH forfeited.
|leave|Aka DH
|
|win|Albyness
|raw|Ladder updating...
|player|p1