|join|Albyness
|join|Big Andrew
|player|p1|Albyness|44
|player|p2|Big Andrew|266
|gametype|singles
|gen|6
|tier|OU (suspect test)
|rated
|clearpoke
|poke|p1|Clefable, M, shiny
|poke|p1|Gengar, M, shiny
|poke|p1|Pinsir, M
|poke|p1|Excadrill, M
|poke|p1|Gliscor, M
|poke|p1|Thundurus, M
|poke|p2|Heatran, M
|poke|p2|Skarmory, F, shiny
|poke|p2|Clefable, M
|poke|p2|Quagsire, M, shiny
|poke|p2|Amoonguss, F, shiny
|poke|p2|Sableye, M, shiny
|rule|Swagger Clause: Swagger is banned
|rule|Baton Pass Clause: Limit one PokÃ©mon knowing Baton Pass
|rule|Sleep Clause Mod: Limit one foe put to sleep
|rule|Species Clause: Limit one of each PokÃ©mon
|rule|OHKO Clause: OHKO moves are banned
|rule|Moody Clause: Moody is banned
|rule|Evasion Moves Clause: Evasion moves are banned
|rule|Endless Battle Clause: Forcing endless battles is banned
|rule|HP Percentage Mod: HP is shown in percentages
|teampreview
|
|start
|switch|p1a: Excadrill|Excadrill, M|413\/413
|switch|p2a: Heatran|Heatran, M|385\/385
|-ability|p1a: Excadrill|Mold Breaker
|turn|1
|
|switch|p2a: Skarmory|Skarmory, F, shiny|333\/333
|move|p1a: Excadrill|Stealth Rock|p2a: Skarmory
|-sidestart|p2: Big Andrew|move: Stealth Rock
|
|turn|2
|
|move|p1a: Excadrill|Rock Slide|p2a: Skarmory
|-damage|p2a: Skarmory|283\/333
|move|p2a: Skarmory|Defog|p1a: Excadrill
|-unboost|p1a: Excadrill|evasion|1
|-sideend|p2: Big Andrew|Stealth Rock|[from] move: Defog|[of] p2a: Skarmory
|
|turn|3
|
|move|p1a: Excadrill|Stealth Rock|p2a: Skarmory
|-sidestart|p2: Big Andrew|move: Stealth Rock
|move|p2a: Skarmory|Counter|p1a: Excadrill
|-fail|p1a: Excadrill
|
|turn|4
|
|switch|p1a: Thundurus|Thundurus, M|299\/299
|move|p2a: Skarmory|Defog|p1a: Thundurus
|-unboost|p1a: Thundurus|evasion|1
|-boost|p1a: Thundurus|atk|2|[from] ability: Defiant
|-sideend|p2: Big Andrew|Stealth Rock|[from] move: Defog|[of] p2a: Skarmory
|
|turn|5
|
|switch|p2a: Quagsire|Quagsire, M, shiny|393\/393
|move|p1a: Thundurus|Knock Off|p2a: Quagsire
|-damage|p2a: Quagsire|294\/393
|-enditem|p2a: Quagsire|Leftovers|[from] move: Knock Off|[of] p1a: Thundurus
|-damage|p1a: Thundurus|270\/299|[from] item: Life Orb
|
|turn|6
|
|switch|p1a: Gengar|Gengar, M, shiny|261\/261
|switch|p2a: Amoonguss|Amoonguss, F, shiny|431\/431
|
|turn|7
|
|move|p1a: Gengar|Will-O-Wisp|p2a: Amoonguss
|-status|p2a: Amoonguss|brn
|move|p2a: Amoonguss|Clear Smog|p1a: Gengar
|-resisted|p1a: Gengar
|-damage|p1a: Gengar|246\/261
|-clearboost|p1a: Gengar
|
|-damage|p2a: Amoonguss|378\/431 brn|[from] brn
|turn|8
|
|move|p1a: Gengar|Taunt|p2a: Amoonguss
|-start|p2a: Amoonguss|move: Taunt
|move|p2a: Amoonguss|Foul Play|p1a: Gengar
|-supereffective|p1a: Gengar
|-damage|p1a: Gengar|188\/261
|
|-damage|p2a: Amoonguss|325\/431 brn|[from] brn
|turn|9
|
|switch|p2a: Heatran|Heatran, M|385\/385
|move|p1a: Gengar|Shadow Ball|p2a: Heatran
|-damage|p2a: Heatran|259\/385
|-damage|p1a: Gengar|162\/261|[from] item: Life Orb
|
|-heal|p2a: Heatran|283\/385|[from] item: Leftovers
|turn|10
|
|move|p1a: Gengar|Shadow Ball|p2a: Heatran
|-damage|p2a: Heatran|135\/385
|-damage|p1a: Gengar|136\/261|[from] item: Life Orb
|move|p2a: Heatran|Lava Plume|p1a: Gengar
|-damage|p1a: Gengar|0 fnt
|faint|p1a: Gengar
|
|-heal|p2a: Heatran|159\/385|[from] item: Leftovers
|
|switch|p1a: Thundurus|Thundurus, M|270\/299
|turn|11
|
|switch|p2a: Quagsire|Quagsire, M, shiny|294\/393
|move|p1a: Thundurus|Superpower|p2a: Quagsire
|-damage|p2a: Quagsire|172\/393
|-unboost|p1a: Thundurus|atk|1
|-unboost|p1a: Thundurus|def|1
|-damage|p1a: Thundurus|241\/299|[from] item: Life Orb
|
|turn|12
|
|switch|p1a: Gliscor|Gliscor, M|347\/347
|move|p2a: Quagsire|Recover|p2a: Quagsire
|-heal|p2a: Quagsire|369\/393
|
|-status|p1a: Gliscor|tox|[from] item: Toxic Orb
|turn|13
|
|switch|p2a: Clefable|Clefable, M|393\/393
|move|p1a: Gliscor|Swords Dance|p1a: Gliscor
|-boost|p1a: Gliscor|atk|2
|
|turn|14
|
|move|p1a: Gliscor|Taunt|p2a: Clefable
|-start|p2a: Clefable|move: Taunt
|cant|p2a: Clefable|move: Taunt|Heal Bell
|
|turn|15
|
|move|p1a: Gliscor|Knock Off|p2a: Clefable
|-resisted|p2a: Clefable
|-damage|p2a: Clefable|352\/393
|-enditem|p2a: Clefable|Leftovers|[from] move: Knock Off|[of] p1a: Gliscor
|move|p2a: Clefable|Moonblast|p1a: Gliscor
|-damage|p1a: Gliscor|242\/347 tox
|-unboost|p1a: Gliscor|spa|1
|
|-heal|p1a: Gliscor|285\/347 tox|[from] ability: Poison Heal
|turn|16
|
|switch|p2a: Skarmory|Skarmory, F, shiny|283\/333
|move|p1a: Gliscor|Knock Off|p2a: Skarmory
|-damage|p2a: Skarmory|205\/333
|-damage|p1a: Gliscor|228\/347 tox|[from] item: Rocky Helmet|[of] p2a: Skarmory
|-enditem|p2a: Skarmory|Rocky Helmet|[from] move: Knock Off|[of] p1a: Gliscor
|
|-heal|p1a: Gliscor|271\/347 tox|[from] ability: Poison Heal
|turn|17
|
|move|p1a: Gliscor|Taunt|p2a: Skarmory
|-start|p2a: Skarmory|move: Taunt
|cant|p2a: Skarmory|move: Taunt|Roost
|
|-heal|p1a: Gliscor|314\/347 tox|[from] ability: Poison Heal
|turn|18
|
|switch|p1a: Pinsir|Pinsir, M|271\/271
|switch|p2a: Quagsire|Quagsire, M, shiny|369\/393
|
|turn|19
|
|detailschange|p1a: Pinsir|Pinsir-Mega, M
|-mega|p1a: Pinsir|Pinsir|Pinsirite
|move|p1a: Pinsir|Substitute|p1a: Pinsir
|-start|p1a: Pinsir|Substitute
|-damage|p1a: Pinsir|204\/271
|move|p2a: Quagsire|Scald|p1a: Pinsir
|-end|p1a: Pinsir|Substitute
|
|turn|20
|
|switch|p1a: Gliscor|Gliscor, M|314\/347 tox
|move|p2a: Quagsire|Scald|p1a: Gliscor
|-supereffective|p1a: Gliscor
|-damage|p1a: Gliscor|186\/347 tox
|
|-heal|p1a: Gliscor|229\/347 tox|[from] ability: Poison Heal
|turn|21
|
|move|p1a: Gliscor|Swords Dance|p1a: Gliscor
|-boost|p1a: Gliscor|atk|2
|move|p2a: Quagsire|Scald|p1a: Gliscor
|-supereffective|p1a: Gliscor
|-damage|p1a: Gliscor|109\/347 tox
|
|-heal|p1a: Gliscor|152\/347 tox|[from] ability: Poison Heal
|turn|22
|
|move|p1a: Gliscor|Roost|p1a: Gliscor
|-heal|p1a: Gliscor|326\/347 tox
|move|p2a: Quagsire|Scald|p1a: Gliscor
|-supereffective|p1a: Gliscor
|-damage|p1a: Gliscor|200\/347 tox
|
|-heal|p1a: Gliscor|243\/347 tox|[from] ability: Poison Heal
|turn|23
|
|move|p1a: Gliscor|Swords Dance|p1a: Gliscor
|-boost|p1a: Gliscor|atk|2
|move|p2a: Quagsire|Scald|p1a: Gliscor
|-supereffective|p1a: Gliscor
|-damage|p1a: Gliscor|121\/347 tox
|
|-heal|p1a: Gliscor|164\/347 tox|[from] ability: Poison Heal
|turn|24
|
|move|p1a: Gliscor|Roost|p1a: Gliscor
|-heal|p1a: Gliscor|338\/347 tox
|move|p2a: Quagsire|Scald|p1a: Gliscor
|-supereffective|p1a: Gliscor
|-damage|p1a: Gliscor|206\/347 tox
|
|-heal|p1a: Gliscor|249\/347 tox|[from] ability: Poison Heal
|turn|25
|
|move|p1a: Gliscor|Knock Off|p2a: Quagsire
|-damage|p2a: Quagsire|333\/393
|move|p2a: Quagsire|Scald|p1a: Gliscor
|-supereffective|p1a: Gliscor
|-damage|p1a: Gliscor|111\/347 tox
|
|-heal|p1a: Gliscor|154\/347 tox|[from] ability: Poison Heal
|turn|26
|
|move|p1a: Gliscor|Roost|p1a: Gliscor
|-heal|p1a: Gliscor|328\/347 tox
|move|p2a: Quagsire|Scald|p1a: Gliscor
|-supereffective|p1a: Gliscor
|-damage|p1a: Gliscor|200\/347 tox
|
|-heal|p1a: Gliscor|243\/347 tox|[from] ability: Poison Heal
|turn|27
|
|move|p1a: Gliscor|Taunt|p2a: Quagsire
|-start|p2a: Quagsire|move: Taunt
|move|p2a: Quagsire|Scald|p1a: Gliscor
|-supereffective|p1a: Gliscor
|-damage|p1a: Gliscor|109\/347 tox
|
|-heal|p1a: Gliscor|152\/347 tox|[from] ability: Poison Heal
|turn|28
|
|move|p1a: Gliscor|Roost|p1a: Gliscor
|-heal|p1a: Gliscor|326\/347 tox
|move|p2a: Quagsire|Scald|p1a: Gliscor
|-supereffective|p1a: Gliscor
|-damage|p1a: Gliscor|188\/347 tox
|
|-heal|p1a: Gliscor|231\/347 tox|[from] ability: Poison Heal
|turn|29
|join|nrsq.
|join|2Pistols&AWink
|join|DOOOOOOOOMM
|join|ucsd nerd alert
|
|move|p1a: Gliscor|Knock Off|p2a: Quagsire
|-damage|p2a: Quagsire|293\/393
|move|p2a: Quagsire|Earthquake|p1a: Gliscor
|-immune|p1a: Gliscor|[msg]
|
|-heal|p1a: Gliscor|274\/347 tox|[from] ability: Poison Heal
|-end|p2a: Quagsire|move: Taunt
|turn|30
|join|jclaro
|join|Galactic Princess
|join|qwertyuiopdpak
|c| nrsq.|wut ?
|join|vaulschain
|
|move|p1a: Gliscor|Taunt|p2a: Quagsire
|-start|p2a: Quagsire|move: Taunt
|cant|p2a: Quagsire|move: Taunt|Recover
|
|-heal|p1a: Gliscor|317\/347 tox|[from] ability: Poison Heal
|turn|31
|c| nrsq.|u just got cted ?
|join|Blaster Joker
|c| Galactic Princess|lmaoo
|leave|qwertyuiopdpak
|c| Galactic Princess|sd gliscor
|join|Incinatus
|
|switch|p2a: Clefable|Clefable, M|352\/393
|move|p1a: Gliscor|Knock Off|p2a: Clefable
|-resisted|p2a: Clefable
|-damage|p2a: Clefable|324\/393
|
|-heal|p1a: Gliscor|347\/347 tox|[from] ability: Poison Heal
|turn|32
|
|move|p1a: Gliscor|Taunt|p2a: Clefable
|-start|p2a: Clefable|move: Taunt
|cant|p2a: Clefable|move: Taunt|Wish
|
|turn|33
|c| ucsd nerd alert|:D
|
|move|p1a: Gliscor|Knock Off|p2a: Clefable
|-resisted|p2a: Clefable
|-damage|p2a: Clefable|293\/393
|move|p2a: Clefable|Moonblast|p1a: Gliscor
|-damage|p1a: Gliscor|241\/347 tox
|
|-heal|p1a: Gliscor|284\/347 tox|[from] ability: Poison Heal
|turn|34
|c| ucsd nerd alert|unaware though
|join|jake5
|
|move|p1a: Gliscor|Knock Off|p2a: Clefable
|-resisted|p2a: Clefable
|-damage|p2a: Clefable|266\/393
|move|p2a: Clefable|Moonblast|p1a: Gliscor
|-damage|p1a: Gliscor|172\/347 tox
|
|-heal|p1a: Gliscor|215\/347 tox|[from] ability: Poison Heal
|-end|p2a: Clefable|move: Taunt
|turn|35
|
|move|p1a: Gliscor|Taunt|p2a: Clefable
|-start|p2a: Clefable|move: Taunt
|move|p2a: Clefable|Moonblast|p1a: Gliscor
|-damage|p1a: Gliscor|107\/347 tox
|
|-heal|p1a: Gliscor|150\/347 tox|[from] ability: Poison Heal
|turn|36
|
|move|p1a: Gliscor|Roost|p1a: Gliscor
|-heal|p1a: Gliscor|324\/347 tox
|move|p2a: Clefable|Moonblast|p1a: Gliscor
|-damage|p1a: Gliscor|230\/347 tox
|-unboost|p1a: Gliscor|spa|1
|
|-heal|p1a: Gliscor|273\/347 tox|[from] ability: Poison Heal
|turn|37
|c|âBig Andrew|yes
|c|âBig Andrew|lol
|c| ucsd nerd alert|still loses
|
|move|p1a: Gliscor|Knock Off|p2a: Clefable
|-resisted|p2a: Clefable
|-damage|p2a: Clefable|236\/393
|move|p2a: Clefable|Moonblast|p1a: Gliscor
|-damage|p1a: Gliscor|171\/347 tox
|
|-heal|p1a: Gliscor|214\/347 tox|[from] ability: Poison Heal
|-end|p2a: Clefable|move: Taunt
|turn|38
|c|âBig Andrew|me
|
|move|p2a: Clefable|Protect|p2a: Clefable
|-singleturn|p2a: Clefable|Protect
|move|p1a: Gliscor|Taunt|p2a: Clefable
|-activate|p2a: Clefable|Protect
|
|-heal|p1a: Gliscor|257\/347 tox|[from] ability: Poison Heal
|turn|39
|
|move|p1a: Gliscor|Taunt|p2a: Clefable
|-start|p2a: Clefable|move: Taunt
|move|p2a: Clefable|Moonblast|p1a: Gliscor
|-damage|p1a: Gliscor|161\/347 tox
|-unboost|p1a: Gliscor|spa|1
|
|-heal|p1a: Gliscor|204\/347 tox|[from] ability: Poison Heal
|turn|40
|c| ucsd nerd alert|maybe if you outplay with clefable
|c| nrsq.|that ain
|c| nrsq.|equake
|c| nrsq.|lol
|
|switch|p2a: Sableye|Sableye, M, shiny|303\/303
|move|p1a: Gliscor|Knock Off|p2a: Sableye
|-damage|p2a: Sableye|172\/303
|
|-heal|p1a: Gliscor|247\/347 tox|[from] ability: Poison Heal
|turn|41
|
|detailschange|p2a: Sableye|Sableye-Mega, M, shiny
|-mega|p2a: Sableye|Sableye|Sablenite
|move|p2a: Sableye|Recover|p2a: Sableye
|-heal|p2a: Sableye|303\/303
|move|p1a: Gliscor|Swords Dance|p1a: Gliscor
|-boost|p1a: Gliscor|atk|2
|
|-heal|p1a: Gliscor|290\/347 tox|[from] ability: Poison Heal
|turn|42
|
|move|p1a: Gliscor|Knock Off|p2a: Sableye
|-damage|p2a: Sableye|190\/303
|move|p2a: Sableye|Calm Mind|p2a: Sableye
|-boost|p2a: Sableye|spa|1
|-boost|p2a: Sableye|spd|1
|
|-heal|p1a: Gliscor|333\/347 tox|[from] ability: Poison Heal
|turn|43
|
|switch|p2a: Quagsire|Quagsire, M, shiny|293\/393
|move|p1a: Gliscor|Knock Off|p2a: Quagsire
|-damage|p2a: Quagsire|252\/393
|
|-heal|p1a: Gliscor|347\/347 tox|[from] ability: Poison Heal
|turn|44
|
|switch|p2a: Sableye|Sableye-Mega, M, shiny|190\/303
|move|p1a: Gliscor|Knock Off|p2a: Sableye
|-damage|p2a: Sableye|77\/303
|
|turn|45
|
|switch|p2a: Quagsire|Quagsire, M, shiny|252\/393
|move|p1a: Gliscor|Knock Off|p2a: Quagsire
|-damage|p2a: Quagsire|212\/393
|
|turn|46
|c| ucsd nerd alert|you shouldve stayed in with sableye
|c| ucsd nerd alert|and calm minded up
|c| nrsq.|yeah
|c| nrsq.|u lost
|
|move|p1a: Gliscor|Taunt|p2a: Quagsire
|-start|p2a: Quagsire|move: Taunt
|cant|p2a: Quagsire|move: Taunt|Recover
|
|turn|47
|c|âBig Andrew|yea
|c| ucsd nerd alert|37% to 50% recover
|c| ucsd nerd alert|sableye wouldve won
|-message|Big Andrew forfeited.
|leave|Big Andrew
|
|win|Albyness
|raw|Ladder updating...
|player|p2