|join|MarthSmogon
|join|Albyness
|player|p1|MarthSmogon|170
|player|p2|Albyness|44
|gametype|singles
|gen|6
|tier|OU (suspect test)
|rated
|clearpoke
|poke|p1|Slowbro, M
|poke|p1|Tyranitar, F
|poke|p1|Clefable, F
|poke|p1|Landorus-Therian, M
|poke|p1|Jirachi
|poke|p1|Keldeo
|poke|p2|Scizor, M
|poke|p2|Thundurus, M
|poke|p2|Hippowdon, M
|poke|p2|Manaphy
|poke|p2|Bisharp, M
|poke|p2|Latios, M
|rule|Swagger Clause: Swagger is banned
|rule|Baton Pass Clause: Limit one PokÃ©mon knowing Baton Pass
|rule|Sleep Clause Mod: Limit one foe put to sleep
|rule|Species Clause: Limit one of each PokÃ©mon
|rule|OHKO Clause: OHKO moves are banned
|rule|Moody Clause: Moody is banned
|rule|Evasion Moves Clause: Evasion moves are banned
|rule|Endless Battle Clause: Forcing endless battles is banned
|rule|HP Percentage Mod: HP is shown in percentages
|teampreview
|c|âAlbyness|marth
|c|âMarthSmogon|hi?
|c|âAlbyness|were u in imp?
|c|âMarthSmogon|yes
|c|âAlbyness|n den idm?
|c|âMarthSmogon|yes
|c|âAlbyness|and den died?
|c|âMarthSmogon|yep
|c|âAlbyness|:)
|
|start
|switch|p1a: Keldeo|Keldeo|323\/323
|switch|p2a: Thundurus|Thundurus, M|299\/299
|turn|1
|
|switch|p1a: Tyranitar|Tyranitar, F|341\/341
|-weather|Sandstorm
|move|p2a: Thundurus|Substitute|p2a: Thundurus
|-start|p2a: Thundurus|Substitute
|-damage|p2a: Thundurus|225\/299
|
|-weather|Sandstorm|[upkeep]
|-damage|p2a: Thundurus|207\/299|[from] sandstorm
|-heal|p2a: Thundurus|225\/299|[from] item: Leftovers
|turn|2
|
|move|p2a: Thundurus|Thunder Wave|p1a: Tyranitar
|-status|p1a: Tyranitar|par
|move|p1a: Tyranitar|Crunch|p2a: Thundurus
|-end|p2a: Thundurus|Substitute
|
|-weather|Sandstorm|[upkeep]
|-damage|p2a: Thundurus|207\/299|[from] sandstorm
|-heal|p2a: Thundurus|225\/299|[from] item: Leftovers
|turn|3
|
|switch|p2a: Hippowdon|Hippowdon, M|420\/420
|move|p1a: Tyranitar|Crunch|p2a: Hippowdon
|-damage|p2a: Hippowdon|305\/420
|-unboost|p2a: Hippowdon|def|1
|
|-weather|Sandstorm|[upkeep]
|-heal|p2a: Hippowdon|331\/420|[from] item: Leftovers
|turn|4
|
|switch|p1a: Keldeo|Keldeo|323\/323
|move|p2a: Hippowdon|Stealth Rock|p1a: Keldeo
|-sidestart|p1: MarthSmogon|move: Stealth Rock
|
|-weather|Sandstorm|[upkeep]
|-damage|p1a: Keldeo|303\/323|[from] sandstorm
|-heal|p1a: Keldeo|323\/323|[from] item: Leftovers
|-heal|p2a: Hippowdon|357\/420|[from] item: Leftovers
|turn|5
|
|switch|p2a: Latios|Latios, M|301\/301
|move|p1a: Keldeo|Scald|p2a: Latios
|-resisted|p2a: Latios
|-damage|p2a: Latios|235\/301
|
|-weather|none
|turn|6
|
|switch|p2a: Manaphy|Manaphy|404\/404
|switch|p1a: Jirachi|Jirachi|403\/403
|-damage|p1a: Jirachi|378\/403|[from] Stealth Rock
|
|-heal|p1a: Jirachi|403\/403|[from] item: Leftovers
|turn|7
|
|move|p2a: Manaphy|Tail Glow|p2a: Manaphy
|-boost|p2a: Manaphy|spa|3
|move|p1a: Jirachi|Stealth Rock|p2a: Manaphy
|-sidestart|p2: Albyness|move: Stealth Rock
|
|turn|8
|
|move|p2a: Manaphy|Rain Dance|p2a: Manaphy
|-weather|RainDance
|move|p1a: Jirachi|U-turn|p2a: Manaphy
|-damage|p2a: Manaphy|362\/404
|
|switch|p1a: Clefable|Clefable, F|394\/394
|-damage|p1a: Clefable|345\/394|[from] Stealth Rock
|
|-weather|RainDance|[upkeep]
|-heal|p2a: Manaphy|387\/404|[from] item: Leftovers
|-heal|p1a: Clefable|369\/394|[from] item: Leftovers
|turn|9
|join|PuddlesA1
|
|move|p1a: Clefable|Protect|p1a: Clefable
|-singleturn|p1a: Clefable|Protect
|move|p2a: Manaphy|Scald|p1a: Clefable
|-activate|p1a: Clefable|Protect
|
|-weather|RainDance|[upkeep]
|-heal|p2a: Manaphy|404\/404|[from] item: Leftovers
|-heal|p1a: Clefable|393\/394|[from] item: Leftovers
|turn|10
|
|move|p2a: Manaphy|Scald|p1a: Clefable
|-damage|p1a: Clefable|233\/394
|move|p1a: Clefable|Wish|p1a: Clefable
|
|-weather|RainDance|[upkeep]
|-heal|p1a: Clefable|257\/394|[from] item: Leftovers
|turn|11
|
|move|p1a: Clefable|Protect|p1a: Clefable
|-singleturn|p1a: Clefable|Protect
|move|p2a: Manaphy|Tail Glow|p2a: Manaphy
|-boost|p2a: Manaphy|spa|3
|
|-weather|RainDance|[upkeep]
|-heal|p1a: Clefable|394\/394|[from] move: Wish|[wisher] Clefable
|turn|12
|
|move|p2a: Manaphy|Scald|p1a: Clefable
|-damage|p1a: Clefable|240\/394
|move|p1a: Clefable|Wish|p1a: Clefable
|
|-weather|none
|-heal|p1a: Clefable|264\/394|[from] item: Leftovers
|turn|13
|
|move|p2a: Manaphy|Scald|p1a: Clefable
|-damage|p1a: Clefable|165\/394
|-status|p1a: Clefable|brn
|move|p1a: Clefable|Moonblast|p2a: Manaphy
|-damage|p2a: Manaphy|299\/404
|
|-heal|p1a: Clefable|362\/394 brn|[from] move: Wish|[wisher] Clefable
|-heal|p2a: Manaphy|324\/404|[from] item: Leftovers
|-heal|p1a: Clefable|386\/394 brn|[from] item: Leftovers
|-damage|p1a: Clefable|337\/394 brn|[from] brn
|turn|14
|
|move|p2a: Manaphy|Rain Dance|p2a: Manaphy
|-weather|RainDance
|move|p1a: Clefable|Heal Bell|p1a: Clefable
|-cureteam|p1a: Clefable|[from] move: HealBell
|
|-weather|RainDance|[upkeep]
|-heal|p2a: Manaphy|349\/404|[from] item: Leftovers
|-heal|p1a: Clefable|361\/394|[from] item: Leftovers
|turn|15
|
|move|p1a: Clefable|Protect|p1a: Clefable
|-singleturn|p1a: Clefable|Protect
|move|p2a: Manaphy|Tail Glow|p2a: Manaphy
|-fail|p2a: Manaphy
|
|-weather|RainDance|[upkeep]
|-heal|p2a: Manaphy|374\/404|[from] item: Leftovers
|-heal|p1a: Clefable|385\/394|[from] item: Leftovers
|turn|16
|
|move|p2a: Manaphy|Scald|p1a: Clefable
|-damage|p1a: Clefable|238\/394
|move|p1a: Clefable|Wish|p1a: Clefable
|
|-weather|RainDance|[upkeep]
|-heal|p2a: Manaphy|399\/404|[from] item: Leftovers
|-heal|p1a: Clefable|262\/394|[from] item: Leftovers
|turn|17
|
|move|p2a: Manaphy|Scald|p1a: Clefable
|-damage|p1a: Clefable|118\/394
|-status|p1a: Clefable|brn
|move|p1a: Clefable|Moonblast|p2a: Manaphy
|-damage|p2a: Manaphy|293\/404
|
|-weather|RainDance|[upkeep]
|-heal|p1a: Clefable|315\/394 brn|[from] move: Wish|[wisher] Clefable
|-heal|p2a: Manaphy|318\/404|[from] item: Leftovers
|-heal|p1a: Clefable|339\/394 brn|[from] item: Leftovers
|-damage|p1a: Clefable|290\/394 brn|[from] brn
|turn|18
|
|move|p2a: Manaphy|Scald|p1a: Clefable
|-damage|p1a: Clefable|140\/394 brn
|move|p1a: Clefable|Heal Bell|p1a: Clefable
|-cureteam|p1a: Clefable|[from] move: HealBell
|
|-weather|none
|-heal|p2a: Manaphy|343\/404|[from] item: Leftovers
|-heal|p1a: Clefable|164\/394|[from] item: Leftovers
|turn|19
|
|move|p2a: Manaphy|Scald|p1a: Clefable
|-damage|p1a: Clefable|59\/394
|-status|p1a: Clefable|brn
|move|p1a: Clefable|Wish|p1a: Clefable
|
|-heal|p2a: Manaphy|368\/404|[from] item: Leftovers
|-heal|p1a: Clefable|83\/394 brn|[from] item: Leftovers
|-damage|p1a: Clefable|34\/394 brn|[from] brn
|turn|20
|
|move|p2a: Manaphy|Rain Dance|p2a: Manaphy
|-weather|RainDance
|move|p1a: Clefable|Heal Bell|p1a: Clefable
|-cureteam|p1a: Clefable|[from] move: HealBell
|
|-weather|RainDance|[upkeep]
|-heal|p1a: Clefable|231\/394|[from] move: Wish|[wisher] Clefable
|-heal|p2a: Manaphy|393\/404|[from] item: Leftovers
|-heal|p1a: Clefable|255\/394|[from] item: Leftovers
|turn|21
|
|move|p1a: Clefable|Protect|p1a: Clefable
|-singleturn|p1a: Clefable|Protect
|move|p2a: Manaphy|Scald|p1a: Clefable
|-activate|p1a: Clefable|Protect
|
|-weather|RainDance|[upkeep]
|-heal|p2a: Manaphy|404\/404|[from] item: Leftovers
|-heal|p1a: Clefable|279\/394|[from] item: Leftovers
|turn|22
|c|âAlbyness|nb
|c|âMarthSmogon|:)
|
|move|p2a: Manaphy|Scald|p1a: Clefable
|-damage|p1a: Clefable|135\/394
|-status|p1a: Clefable|brn
|move|p1a: Clefable|Wish|p1a: Clefable
|
|-weather|RainDance|[upkeep]
|-heal|p1a: Clefable|159\/394 brn|[from] item: Leftovers
|-damage|p1a: Clefable|110\/394 brn|[from] brn
|turn|23
|
|move|p1a: Clefable|Protect|p1a: Clefable
|-singleturn|p1a: Clefable|Protect
|move|p2a: Manaphy|Tail Glow|p2a: Manaphy
|-fail|p2a: Manaphy
|
|-weather|RainDance|[upkeep]
|-heal|p1a: Clefable|307\/394 brn|[from] move: Wish|[wisher] Clefable
|-heal|p1a: Clefable|331\/394 brn|[from] item: Leftovers
|-damage|p1a: Clefable|282\/394 brn|[from] brn
|turn|24
|
|move|p2a: Manaphy|Scald|p1a: Clefable
|-damage|p1a: Clefable|131\/394 brn
|move|p1a: Clefable|Heal Bell|p1a: Clefable
|-cureteam|p1a: Clefable|[from] move: HealBell
|
|-weather|none
|-heal|p1a: Clefable|155\/394|[from] item: Leftovers
|turn|25
|
|move|p2a: Manaphy|Scald|p1a: Clefable
|-damage|p1a: Clefable|49\/394
|move|p1a: Clefable|Wish|p1a: Clefable
|
|-heal|p1a: Clefable|73\/394|[from] item: Leftovers
|turn|26
|
|move|p1a: Clefable|Protect|p1a: Clefable
|-singleturn|p1a: Clefable|Protect
|move|p2a: Manaphy|Rain Dance|p2a: Manaphy
|-weather|RainDance
|
|-weather|RainDance|[upkeep]
|-heal|p1a: Clefable|270\/394|[from] move: Wish|[wisher] Clefable
|-heal|p1a: Clefable|294\/394|[from] item: Leftovers
|turn|27
|
|move|p2a: Manaphy|Scald|p1a: Clefable
|-damage|p1a: Clefable|143\/394
|-status|p1a: Clefable|brn
|move|p1a: Clefable|Wish|p1a: Clefable
|
|-weather|RainDance|[upkeep]
|-heal|p1a: Clefable|167\/394 brn|[from] item: Leftovers
|-damage|p1a: Clefable|118\/394 brn|[from] brn
|turn|28
|
|move|p1a: Clefable|Protect|p1a: Clefable
|-singleturn|p1a: Clefable|Protect
|move|p2a: Manaphy|Scald|p1a: Clefable
|-activate|p1a: Clefable|Protect
|
|-weather|RainDance|[upkeep]
|-heal|p1a: Clefable|315\/394 brn|[from] move: Wish|[wisher] Clefable
|-heal|p1a: Clefable|339\/394 brn|[from] item: Leftovers
|-damage|p1a: Clefable|290\/394 brn|[from] brn
|turn|29
|
|move|p2a: Manaphy|Scald|p1a: Clefable
|-damage|p1a: Clefable|139\/394 brn
|move|p1a: Clefable|Heal Bell|p1a: Clefable
|-cureteam|p1a: Clefable|[from] move: HealBell
|
|-weather|RainDance|[upkeep]
|-heal|p1a: Clefable|163\/394|[from] item: Leftovers
|turn|30
|
|move|p2a: Manaphy|Scald|p1a: Clefable
|-damage|p1a: Clefable|0 fnt
|faint|p1a: Clefable
|
|-weather|none
|c|âAlbyness|hmm
|
|switch|p1a: Landorus-Therian|Landorus-Therian, M|319\/319
|-damage|p1a: Landorus-Therian|280\/319|[from] Stealth Rock
|-ability|p1a: Landorus-Therian|Intimidate|[of] p2a: Manaphy
|-unboost|p2a: Manaphy|atk|1
|turn|31
|
|move|p1a: Landorus-Therian|Earthquake|p2a: Manaphy
|-damage|p2a: Manaphy|253\/404
|move|p2a: Manaphy|Rain Dance|p2a: Manaphy
|-weather|RainDance
|
|-weather|RainDance|[upkeep]
|-heal|p2a: Manaphy|278\/404|[from] item: Leftovers
|turn|32
|
|move|p1a: Landorus-Therian|Earthquake|p2a: Manaphy
|-damage|p2a: Manaphy|130\/404
|move|p2a: Manaphy|Rest|p2a: Manaphy
|-status|p2a: Manaphy|slp
|-heal|p2a: Manaphy|404\/404 slp|[silent]
|-status|p2a: Manaphy|slp|[from] move: Rest
|
|-weather|RainDance|[upkeep]
|-curestatus|p2a: Manaphy|slp
|turn|33
|
|switch|p1a: Tyranitar|Tyranitar, F|341\/341
|-damage|p1a: Tyranitar|299\/341|[from] Stealth Rock
|-weather|Sandstorm
|move|p2a: Manaphy|Scald|p1a: Tyranitar
|-supereffective|p1a: Tyranitar
|-damage|p1a: Tyranitar|0 fnt
|faint|p1a: Tyranitar
|
|-weather|Sandstorm|[upkeep]
|-damage|p2a: Manaphy|379\/404|[from] sandstorm
|-heal|p2a: Manaphy|404\/404|[from] item: Leftovers
|
|switch|p1a: Slowbro|Slowbro, M|394\/394
|-damage|p1a: Slowbro|345\/394|[from] Stealth Rock
|turn|34
|
|detailschange|p1a: Slowbro|Slowbro-Mega, M
|-mega|p1a: Slowbro|Slowbro|Slowbronite
|move|p2a: Manaphy|Scald|p1a: Slowbro
|-resisted|p1a: Slowbro
|-damage|p1a: Slowbro|177\/394
|move|p1a: Slowbro|Calm Mind|p1a: Slowbro
|-boost|p1a: Slowbro|spa|1
|-boost|p1a: Slowbro|spd|1
|
|-weather|Sandstorm|[upkeep]
|-damage|p2a: Manaphy|379\/404|[from] sandstorm
|-damage|p1a: Slowbro|153\/394|[from] sandstorm
|-heal|p2a: Manaphy|404\/404|[from] item: Leftovers
|turn|35
|c|âAlbyness|u recruited me into imp
|
|move|p2a: Manaphy|Scald|p1a: Slowbro
|-resisted|p1a: Slowbro
|-damage|p1a: Slowbro|44\/394
|-status|p1a: Slowbro|brn
|move|p1a: Slowbro|Slack Off|p1a: Slowbro
|-heal|p1a: Slowbro|241\/394 brn
|
|-weather|Sandstorm|[upkeep]
|-damage|p2a: Manaphy|379\/404|[from] sandstorm
|-damage|p1a: Slowbro|217\/394 brn|[from] sandstorm
|-heal|p2a: Manaphy|404\/404|[from] item: Leftovers
|-damage|p1a: Slowbro|168\/394 brn|[from] brn
|turn|36
|
|move|p2a: Manaphy|Rain Dance|p2a: Manaphy
|-weather|RainDance
|move|p1a: Slowbro|Slack Off|p1a: Slowbro
|-heal|p1a: Slowbro|365\/394 brn
|
|-weather|RainDance|[upkeep]
|-damage|p1a: Slowbro|316\/394 brn|[from] brn
|turn|37
|
|move|p2a: Manaphy|Scald|p1a: Slowbro
|-resisted|p1a: Slowbro
|-damage|p1a: Slowbro|152\/394 brn
|move|p1a: Slowbro|Calm Mind|p1a: Slowbro
|-boost|p1a: Slowbro|spa|1
|-boost|p1a: Slowbro|spd|1
|
|-weather|RainDance|[upkeep]
|-damage|p1a: Slowbro|103\/394 brn|[from] brn
|turn|38
|
|move|p2a: Manaphy|Scald|p1a: Slowbro
|-resisted|p1a: Slowbro
|-damage|p1a: Slowbro|0 fnt
|faint|p1a: Slowbro
|
|-weather|RainDance|[upkeep]
|-message|MarthSmogon forfeited.
|leave|MarthSmogon
|
|win|Albyness
|raw|Ladder updating...
|player|p1