|join|Albyness
|join|3330ini
|player|p1|Albyness|44
|player|p2|3330ini|150
|gametype|singles
|gen|6
|tier|OU (suspect test)
|rated
|clearpoke
|poke|p1|Toxicroak, M
|poke|p1|Latios, M
|poke|p1|Garchomp, F
|poke|p1|Jirachi
|poke|p1|Ditto
|poke|p1|Scizor, M
|poke|p2|Gardevoir, F
|poke|p2|Landorus, M
|poke|p2|Infernape, F
|poke|p2|Bisharp, F
|poke|p2|Keldeo
|poke|p2|Dragonite, M
|rule|Swagger Clause: Swagger is banned
|rule|Baton Pass Clause: Limit one PokÃ©mon knowing Baton Pass
|rule|Sleep Clause Mod: Limit one foe put to sleep
|rule|Species Clause: Limit one of each PokÃ©mon
|rule|OHKO Clause: OHKO moves are banned
|rule|Moody Clause: Moody is banned
|rule|Evasion Moves Clause: Evasion moves are banned
|rule|Endless Battle Clause: Forcing endless battles is banned
|rule|HP Percentage Mod: HP is shown in percentages
|teampreview
|
|start
|switch|p1a: Latios|Latios, M|301\/301
|switch|p2a: Infernape|Infernape, F|293\/293
|turn|1
|
|move|p1a: Latios|Psyshock|p2a: Infernape
|-supereffective|p2a: Infernape
|-enditem|p2a: Infernape|Focus Sash
|-damage|p2a: Infernape|1\/293
|move|p2a: Infernape|Endeavor|p1a: Latios
|-damage|p1a: Latios|1\/301
|
|turn|2
|
|switch|p1a: Scizor|Scizor, M|343\/343
|move|p2a: Infernape|Vacuum Wave|p1a: Scizor
|-damage|p1a: Scizor|267\/343
|
|turn|3
|
|switch|p2a: Keldeo|Keldeo|323\/323
|move|p1a: Scizor|Bullet Punch|p2a: Keldeo
|-resisted|p2a: Keldeo
|-damage|p2a: Keldeo|244\/323
|
|turn|4
|
|switch|p1a: Toxicroak|Toxicroak, M|307\/307
|move|p2a: Keldeo|Scald|p1a: Toxicroak
|-immune|p1a: Toxicroak|[msg]
|
|turn|5
|
|switch|p2a: Infernape|Infernape, F|1\/293
|switch|p1a: Garchomp|Garchomp, F|357\/357
|
|turn|6
|
|move|p2a: Infernape|Endeavor|p1a: Garchomp
|-damage|p1a: Garchomp|1\/357
|-damage|p2a: Infernape|0 fnt|[from] ability: Rough Skin|[of] p1a: Garchomp
|faint|p2a: Infernape
|move|p1a: Garchomp|Stealth Rock|p2: Infernape
|-sidestart|p2: 3330ini|move: Stealth Rock
|
|
|switch|p2a: Keldeo|Keldeo|244\/323
|-damage|p2a: Keldeo|224\/323|[from] Stealth Rock
|turn|7
|
|move|p2a: Keldeo|Secret Sword|p1a: Garchomp
|-damage|p1a: Garchomp|0 fnt
|faint|p1a: Garchomp
|
|
|switch|p1a: Toxicroak|Toxicroak, M|307\/307
|turn|8
|
|switch|p2a: Landorus|Landorus, M|319\/319
|-damage|p2a: Landorus|280\/319|[from] Stealth Rock
|move|p1a: Toxicroak|Ice Punch|p2a: Landorus
|-crit|p2a: Landorus
|-supereffective|p2a: Landorus
|-damage|p2a: Landorus|0 fnt
|-damage|p1a: Toxicroak|277\/307|[from] item: Life Orb
|faint|p2a: Landorus
|
|
|switch|p2a: Gardevoir|Gardevoir, F|277\/277
|-damage|p2a: Gardevoir|243\/277|[from] Stealth Rock
|-ability|p2a: Gardevoir|Dry Skin|[from] ability: Trace|[of] p1a: Toxicroak
|turn|9
|
|switch|p1a: Jirachi|Jirachi|341\/341
|detailschange|p2a: Gardevoir|Gardevoir-Mega, F
|-mega|p2a: Gardevoir|Gardevoir|Gardevoirite
|move|p2a: Gardevoir|Hyper Voice|p1a: Jirachi
|-resisted|p1a: Jirachi
|-damage|p1a: Jirachi|193\/341
|
|turn|10
|
|switch|p2a: Bisharp|Bisharp, F|272\/272
|-damage|p2a: Bisharp|255\/272|[from] Stealth Rock
|move|p1a: Jirachi|Thunderbolt|p2a: Bisharp
|-damage|p2a: Bisharp|138\/272
|
|turn|11
|
|move|p2a: Bisharp|Pursuit|p1a: Jirachi|[from]Pursuit
|-supereffective|p1a: Jirachi
|-damage|p1a: Jirachi|0 fnt
|faint|p1a: Jirachi
|
|
|switch|p1a: Toxicroak|Toxicroak, M|277\/307
|turn|12
|
|move|p1a: Toxicroak|Drain Punch|p2a: Bisharp
|-supereffective|p2a: Bisharp
|-damage|p2a: Bisharp|0 fnt
|-heal|p1a: Toxicroak|307\/307|[from] drain|[of] p2a: Bisharp
|-damage|p1a: Toxicroak|277\/307|[from] item: Life Orb
|faint|p2a: Bisharp
|
|
|switch|p2a: Gardevoir|Gardevoir-Mega, F|243\/277
|-damage|p2a: Gardevoir|209\/277|[from] Stealth Rock
|turn|13
|
|switch|p1a: Latios|Latios, M|1\/301
|move|p2a: Gardevoir|Hyper Voice|p1a: Latios
|-supereffective|p1a: Latios
|-damage|p1a: Latios|0 fnt
|faint|p1a: Latios
|
|
|switch|p1a: Scizor|Scizor, M|267\/343
|turn|14
|
|switch|p2a: Keldeo|Keldeo|224\/323
|-damage|p2a: Keldeo|204\/323|[from] Stealth Rock
|move|p1a: Scizor|Swords Dance|p1a: Scizor
|-boost|p1a: Scizor|atk|2
|
|turn|15
|
|move|p1a: Scizor|Quick Attack|p2a: Keldeo
|-damage|p2a: Keldeo|47\/323
|move|p2a: Keldeo|Hydro Pump|p1a: Scizor
|-damage|p1a: Scizor|14\/343
|
|turn|16
|
|move|p1a: Scizor|Quick Attack|p2a: Keldeo
|-damage|p2a: Keldeo|0 fnt
|faint|p2a: Keldeo
|
|
|switch|p2a: Dragonite|Dragonite, M|324\/324
|-damage|p2a: Dragonite|243\/324|[from] Stealth Rock
|turn|17
|
|move|p2a: Dragonite|Extreme Speed|p1a: Scizor
|-crit|p1a: Scizor
|-resisted|p1a: Scizor
|-damage|p1a: Scizor|0 fnt
|faint|p1a: Scizor
|
|
|switch|p1a: Toxicroak|Toxicroak, M|277\/307
|turn|18
|c|âAlbyness|damn this is a bw2 team
|
|move|p2a: Dragonite|Extreme Speed|p1a: Toxicroak
|-damage|p1a: Toxicroak|44\/307
|move|p1a: Toxicroak|Ice Punch|p2a: Dragonite
|-supereffective|p2a: Dragonite
|-damage|p2a: Dragonite|0 fnt
|-damage|p1a: Toxicroak|14\/307|[from] item: Life Orb
|faint|p2a: Dragonite
|
|c|âAlbyness|didnt mean to find ou battlwe
|
|switch|p2a: Gardevoir|Gardevoir-Mega, F|209\/277
|-damage|p2a: Gardevoir|175\/277|[from] Stealth Rock
|turn|19
|
|move|p1a: Toxicroak|Sucker Punch|p2a: Gardevoir
|-damage|p2a: Gardevoir|32\/277
|-damage|p1a: Toxicroak|0 fnt|[from] item: Life Orb
|faint|p1a: Toxicroak
|move|p2a: Gardevoir|Psyshock|p1: Toxicroak|[notarget]
|-notarget
|
|
|switch|p1a: Ditto|Ditto|300\/300
|-transform|p1a: Ditto|p2a: Gardevoir
|turn|20
|
|move|p1a: Ditto|Hyper Voice|p2a: Gardevoir
|-damage|p2a: Gardevoir|0 fnt
|faint|p2a: Gardevoir
|
|win|Albyness
|raw|Ladder updating...
|raw|Albyness's rating: 1546 &rarr; <strong>1566<\/strong><br \/>(+20 for winning)
|raw|3330ini's rating: 1533 &rarr; <strong>1513<\/strong><br \/>(-20 for losing)