|join|Rizzy815
|join|Albyness
|player|p1|Rizzy815|170
|player|p2|Albyness|44
|gametype|singles
|gen|6
|tier|OU (suspect test)
|rated
|clearpoke
|poke|p1|Starmie
|poke|p1|Pinsir, M
|poke|p1|Gliscor, M
|poke|p1|Ferrothorn, F
|poke|p1|Raikou
|poke|p1|Bisharp, F
|poke|p2|Clefable, F, shiny
|poke|p2|Gengar, M, shiny
|poke|p2|Pinsir, M
|poke|p2|Excadrill, F
|poke|p2|Manaphy
|poke|p2|Thundurus, M
|rule|Swagger Clause: Swagger is banned
|rule|Baton Pass Clause: Limit one PokÃ©mon knowing Baton Pass
|rule|Sleep Clause Mod: Limit one foe put to sleep
|rule|Species Clause: Limit one of each PokÃ©mon
|rule|OHKO Clause: OHKO moves are banned
|rule|Moody Clause: Moody is banned
|rule|Evasion Moves Clause: Evasion moves are banned
|rule|Endless Battle Clause: Forcing endless battles is banned
|rule|HP Percentage Mod: HP is shown in percentages
|teampreview
|join|brokennAf
|
|start
|switch|p1a: Ferrothorn|Ferrothorn, F|352\/352
|switch|p2a: Thundurus|Thundurus, M|299\/299
|turn|1
|
|move|p2a: Thundurus|Superpower|p1a: Ferrothorn
|-supereffective|p1a: Ferrothorn
|-damage|p1a: Ferrothorn|121\/352
|-damage|p2a: Thundurus|262\/299|[from] ability: Iron Barbs|[of] p1a: Ferrothorn
|-unboost|p2a: Thundurus|atk|1
|-unboost|p2a: Thundurus|def|1
|-damage|p2a: Thundurus|233\/299|[from] item: Life Orb
|move|p1a: Ferrothorn|Stealth Rock|p2a: Thundurus
|-sidestart|p2: Albyness|move: Stealth Rock
|
|turn|2
|
|switch|p1a: Raikou|Raikou|321\/321
|-ability|p1a: Raikou|Pressure
|move|p2a: Thundurus|Knock Off|p1a: Raikou
|-damage|p1a: Raikou|205\/321
|-enditem|p1a: Raikou|Assault Vest|[from] move: Knock Off|[of] p2a: Thundurus
|-damage|p2a: Thundurus|204\/299|[from] item: Life Orb
|
|turn|3
|
|switch|p2a: Excadrill|Excadrill, F|413\/413
|-damage|p2a: Excadrill|401\/413|[from] Stealth Rock
|-ability|p2a: Excadrill|Mold Breaker
|move|p1a: Raikou|Hidden Power|p2a: Excadrill
|-damage|p2a: Excadrill|332\/413
|
|turn|4
|c| brokennAf|Where's the damage?
|
|switch|p1a: Gliscor|Gliscor, M|352\/352
|move|p2a: Excadrill|Stealth Rock|p1a: Gliscor
|-sidestart|p1: Rizzy815|move: Stealth Rock
|
|-status|p1a: Gliscor|tox|[from] item: Toxic Orb
|turn|5
|
|move|p1a: Gliscor|Knock Off|p2a: Excadrill
|-damage|p2a: Excadrill|216\/413
|-enditem|p2a: Excadrill|Chople Berry|[from] move: Knock Off|[of] p1a: Gliscor
|move|p2a: Excadrill|Rapid Spin|p1a: Gliscor
|-damage|p1a: Gliscor|337\/352 tox
|-sideend|p2: Albyness|Stealth Rock|[from] move: Rapid Spin|[of] p2a: Excadrill
|
|-heal|p1a: Gliscor|352\/352 tox|[from] ability: Poison Heal
|turn|6
|
|move|p1a: Gliscor|Knock Off|p2a: Excadrill
|-damage|p2a: Excadrill|138\/413
|move|p2a: Excadrill|Rock Slide|p1a: Gliscor
|-damage|p1a: Gliscor|290\/352 tox
|
|-heal|p1a: Gliscor|334\/352 tox|[from] ability: Poison Heal
|turn|7
|
|switch|p1a: Starmie|Starmie|262\/262
|-damage|p1a: Starmie|230\/262|[from] Stealth Rock
|switch|p2a: Pinsir|Pinsir, M|271\/271
|
|turn|8
|
|move|p1a: Starmie|Ice Beam|p2a: Pinsir
|-damage|p2a: Pinsir|106\/271
|-status|p2a: Pinsir|frz
|-damage|p1a: Starmie|204\/262|[from] item: Life Orb
|-curestatus|p2a: Pinsir|frz
|move|p2a: Pinsir|Frustration|p1a: Starmie
|-damage|p1a: Starmie|65\/262
|
|turn|9
|c| brokennAf|Whew
|
|switch|p1a: Ferrothorn|Ferrothorn, F|121\/352
|-damage|p1a: Ferrothorn|99\/352|[from] Stealth Rock
|detailschange|p2a: Pinsir|Pinsir-Mega, M
|-mega|p2a: Pinsir|Pinsir|Pinsirite
|move|p2a: Pinsir|Quick Attack|p1a: Ferrothorn
|-damage|p1a: Ferrothorn|24\/352
|-damage|p2a: Pinsir|73\/271|[from] ability: Iron Barbs|[of] p1a: Ferrothorn
|
|turn|10
|
|switch|p2a: Excadrill|Excadrill, F|138\/413
|-ability|p2a: Excadrill|Mold Breaker
|move|p1a: Ferrothorn|Stealth Rock|p2a: Excadrill
|-sidestart|p2: Albyness|move: Stealth Rock
|
|turn|11
|
|move|p2a: Excadrill|Rapid Spin|p1a: Ferrothorn
|-crit|p1a: Ferrothorn
|-resisted|p1a: Ferrothorn
|-damage|p1a: Ferrothorn|12\/352
|-damage|p2a: Excadrill|87\/413|[from] ability: Iron Barbs|[of] p1a: Ferrothorn
|-sideend|p2: Albyness|Stealth Rock|[from] move: Rapid Spin|[of] p2a: Excadrill
|move|p1a: Ferrothorn|Leech Seed|p2a: Excadrill
|-start|p2a: Excadrill|move: Leech Seed
|
|-damage|p2a: Excadrill|36\/413|[from] Leech Seed|[of] p1a: Ferrothorn
|-heal|p1a: Ferrothorn|63\/352|[silent]
|turn|12
|
|move|p1a: Ferrothorn|Protect|p1a: Ferrothorn
|-singleturn|p1a: Ferrothorn|Protect
|move|p2a: Excadrill|Earthquake|p1a: Ferrothorn
|-activate|p1a: Ferrothorn|Protect
|
|-damage|p2a: Excadrill|0 fnt|[from] Leech Seed|[of] p1a: Ferrothorn
|-heal|p1a: Ferrothorn|99\/352|[silent]
|faint|p2a: Excadrill
|
|switch|p2a: Gengar|Gengar, M, shiny|261\/261
|turn|13
|
|move|p2a: Gengar|Shadow Ball|p1a: Ferrothorn
|-damage|p1a: Ferrothorn|0 fnt
|-damage|p2a: Gengar|235\/261|[from] item: Life Orb
|faint|p1a: Ferrothorn
|
|
|switch|p1a: Bisharp|Bisharp, F|272\/272
|-damage|p1a: Bisharp|255\/272|[from] Stealth Rock
|turn|14
|
|move|p2a: Gengar|Will-O-Wisp|p1a: Bisharp
|-status|p1a: Bisharp|brn
|move|p1a: Bisharp|Pursuit|p2a: Gengar
|-supereffective|p2a: Gengar
|-damage|p2a: Gengar|103\/261
|
|-damage|p1a: Bisharp|221\/272 brn|[from] brn
|turn|15
|
|move|p1a: Bisharp|Sucker Punch|p2a: Gengar
|-fail|p2a: Gengar
|move|p2a: Gengar|Pain Split|p1a: Bisharp
|-sethp|p1a: Bisharp|162\/272 brn|p2a: Gengar|162\/261|[from] move: Pain Split
|
|-damage|p1a: Bisharp|128\/272 brn|[from] brn
|turn|16
|
|switch|p2a: Clefable|Clefable, F, shiny|332\/332
|move|p1a: Bisharp|Knock Off|p2a: Clefable
|-resisted|p2a: Clefable
|-damage|p2a: Clefable|263\/332
|-enditem|p2a: Clefable|Leftovers|[from] move: Knock Off|[of] p1a: Bisharp
|
|-damage|p1a: Bisharp|94\/272 brn|[from] brn
|turn|17
|
|move|p1a: Bisharp|Iron Head|p2a: Clefable
|-supereffective|p2a: Clefable
|-damage|p2a: Clefable|87\/332
|move|p2a: Clefable|Moonlight|p2a: Clefable
|-heal|p2a: Clefable|253\/332
|
|-damage|p1a: Bisharp|60\/272 brn|[from] brn
|turn|18
|
|switch|p2a: Manaphy|Manaphy|403\/403
|move|p1a: Bisharp|Iron Head|p2a: Manaphy
|-resisted|p2a: Manaphy
|-damage|p2a: Manaphy|372\/403
|
|-heal|p2a: Manaphy|397\/403|[from] item: Leftovers
|-damage|p1a: Bisharp|26\/272 brn|[from] brn
|turn|19
|
|move|p2a: Manaphy|Scald|p1a: Bisharp
|-damage|p1a: Bisharp|0 fnt
|faint|p1a: Bisharp
|
|-heal|p2a: Manaphy|403\/403|[from] item: Leftovers
|
|switch|p1a: Starmie|Starmie|65\/262
|-damage|p1a: Starmie|33\/262|[from] Stealth Rock
|turn|20
|
|switch|p2a: Gengar|Gengar, M, shiny|162\/261
|move|p1a: Starmie|Rapid Spin|p2a: Gengar
|-immune|p2a: Gengar|[msg]
|
|turn|21
|
|move|p1a: Starmie|Psyshock|p2a: Gengar
|-supereffective|p2a: Gengar
|-damage|p2a: Gengar|0 fnt
|-damage|p1a: Starmie|7\/262|[from] item: Life Orb
|faint|p2a: Gengar
|
|c| brokennAf|Bring back aegislash
|
|switch|p2a: Pinsir|Pinsir-Mega, M|73\/271
|turn|22
|
|move|p2a: Pinsir|Quick Attack|p1a: Starmie
|-crit|p1a: Starmie
|-damage|p1a: Starmie|0 fnt
|faint|p1a: Starmie
|
|
|switch|p1a: Raikou|Raikou|205\/321
|-damage|p1a: Raikou|165\/321|[from] Stealth Rock
|-ability|p1a: Raikou|Pressure
|turn|23
|
|switch|p2a: Clefable|Clefable, F, shiny|253\/332
|move|p1a: Raikou|Volt Switch|p2a: Clefable
|-damage|p2a: Clefable|118\/332
|
|switch|p1a: Pinsir|Pinsir, M|271\/271
|-damage|p1a: Pinsir|204\/271|[from] Stealth Rock
|
|turn|24
|
|detailschange|p1a: Pinsir|Pinsir-Mega, M
|-mega|p1a: Pinsir|Pinsir|Pinsirite
|move|p1a: Pinsir|Frustration|p2a: Clefable
|-crit|p2a: Clefable
|-damage|p2a: Clefable|0 fnt
|faint|p2a: Clefable
|
|
|switch|p2a: Thundurus|Thundurus, M|204\/299
|turn|25
|
|move|p1a: Pinsir|Quick Attack|p2a: Thundurus
|-resisted|p2a: Thundurus
|-damage|p2a: Thundurus|129\/299
|move|p2a: Thundurus|Thunderbolt|p1a: Pinsir
|-supereffective|p1a: Pinsir
|-damage|p1a: Pinsir|0 fnt
|-damage|p2a: Thundurus|100\/299|[from] item: Life Orb
|faint|p1a: Pinsir
|
|
|switch|p1a: Raikou|Raikou|165\/321
|-damage|p1a: Raikou|125\/321|[from] Stealth Rock
|-ability|p1a: Raikou|Pressure
|turn|26
|
|move|p1a: Raikou|Thunderbolt|p2a: Thundurus
|-damage|p2a: Thundurus|0 fnt
|faint|p2a: Thundurus
|
|
|switch|p2a: Manaphy|Manaphy|403\/403
|turn|27
|c|âAlbyness|plz no crit
|
|move|p1a: Raikou|Thunderbolt|p2a: Manaphy
|-supereffective|p2a: Manaphy
|-damage|p2a: Manaphy|83\/403
|move|p2a: Manaphy|Scald|p1a: Raikou
|-damage|p1a: Raikou|35\/321
|-status|p1a: Raikou|brn
|
|-heal|p2a: Manaphy|108\/403|[from] item: Leftovers
|-damage|p1a: Raikou|0 fnt|[from] brn
|faint|p1a: Raikou
|c| brokennAf|Lol
|c|âRizzy815|fucking burn
|c|âAlbyness|i didnt need that burn
|c|âRizzy815|right
|c| brokennAf|Didmt matter
|c|âAlbyness|i'll let u kill me
|c| brokennAf|Quick attack nigga
|
|switch|p1a: Gliscor|Gliscor, M|334\/352 tox
|-damage|p1a: Gliscor|290\/352 tox|[from] Stealth Rock
|turn|28
|c|âRizzy815|still
|
|move|p2a: Manaphy|Rain Dance|p2a: Manaphy
|-weather|RainDance
|move|p1a: Gliscor|Earthquake|p2a: Manaphy
|-damage|p2a: Manaphy|20\/403
|
|-weather|RainDance|[upkeep]
|-heal|p2a: Manaphy|45\/403|[from] item: Leftovers
|-heal|p1a: Gliscor|334\/352 tox|[from] ability: Poison Heal
|turn|29
|
|move|p2a: Manaphy|Tail Glow|p2a: Manaphy
|-boost|p2a: Manaphy|spa|3
|move|p1a: Gliscor|Earthquake|p2a: Manaphy
|-damage|p2a: Manaphy|0 fnt
|faint|p2a: Manaphy
|
|-weather|RainDance|[upkeep]
|-heal|p1a: Gliscor|352\/352 tox|[from] ability: Poison Heal
|
|switch|p2a: Pinsir|Pinsir-Mega, M|73\/271
|turn|30
|c| brokennAf|Alby
|
|move|p2a: Pinsir|Substitute|p2a: Pinsir
|-start|p2a: Pinsir|Substitute
|-damage|p2a: Pinsir|6\/271
|move|p1a: Gliscor|Knock Off|p2a: Pinsir
|-activate|p2a: Pinsir|Substitute|[damage]
|
|-weather|RainDance|[upkeep]
|turn|31
|c| brokennAf|I think u fucked up
|
|move|p2a: Pinsir|Swords Dance|p2a: Pinsir
|-boost|p2a: Pinsir|atk|2
|move|p1a: Gliscor|Knock Off|p2a: Pinsir
|-end|p2a: Pinsir|Substitute
|
|-weather|RainDance|[upkeep]
|turn|32
|c|âRizzy815|he did
|c|âAlbyness|lol
|c|âAlbyness|prob
|
|move|p2a: Pinsir|Frustration|p1a: Gliscor
|-damage|p1a: Gliscor|0 fnt
|faint|p1a: Gliscor
|
|win|Albyness
|raw|Ladder updating...
|c|âRizzy815|inb4 crit
|leave|Rizzy815
|c| brokennAf|Oh no
|c|âAlbyness|nop crit
|raw|Rizzy815's rating: 1254 &rarr; <strong>1231<\/strong><br \/>(-23 for losing)
|raw|Albyness's rating: 1284 &rarr; <strong>1307<\/strong><br \/>(+23 for winning)
|c|âAlbyness|didnt need burn
|c|âAlbyness|:p
|player|p1
|c| brokennAf|Lol