|join|HJ Suspect
|join|Albyness
|player|p1|HJ Suspect|46
|player|p2|Albyness|44
|gametype|singles
|gen|6
|tier|OU (suspect test)
|rated
|clearpoke
|poke|p1|Heatran, M
|poke|p1|Raikou
|poke|p1|Landorus-Therian, M
|poke|p1|Hawlucha, M
|poke|p1|Metagross
|poke|p1|Manaphy
|poke|p2|Sableye, F
|poke|p2|Thundurus, M
|poke|p2|Latias, F
|poke|p2|Terrakion
|poke|p2|Scizor, M
|poke|p2|Volcarona, F
|rule|Swagger Clause: Swagger is banned
|rule|Baton Pass Clause: Limit one PokÃ©mon knowing Baton Pass
|rule|Sleep Clause Mod: Limit one foe put to sleep
|rule|Species Clause: Limit one of each PokÃ©mon
|rule|OHKO Clause: OHKO moves are banned
|rule|Moody Clause: Moody is banned
|rule|Evasion Moves Clause: Evasion moves are banned
|rule|Endless Battle Clause: Forcing endless battles is banned
|rule|HP Percentage Mod: HP is shown in percentages
|teampreview
|
|start
|switch|p1a: Heatran|Heatran, M|327\/327
|switch|p2a: Sableye|Sableye, F|303\/303
|-item|p1a: Heatran|Air Balloon
|turn|1
|
|switch|p2a: Terrakion|Terrakion|323\/323
|move|p1a: Heatran|Stealth Rock|p2a: Terrakion
|-sidestart|p2: Albyness|move: Stealth Rock
|
|turn|2
|
|switch|p2a: Latias|Latias, F|301\/301
|-damage|p2a: Latias|264\/301|[from] Stealth Rock
|move|p1a: Heatran|Earth Power|p2a: Latias
|-immune|p2a: Latias|[msg]
|
|turn|3
|
|switch|p1a: Landorus-Therian|Landorus-Therian, M|319\/319
|-ability|p1a: Landorus-Therian|Intimidate|[of] p2a: Latias
|-unboost|p2a: Latias|atk|1
|move|p2a: Latias|Psyshock|p1a: Landorus-Therian
|-damage|p1a: Landorus-Therian|150\/319
|-damage|p2a: Latias|234\/301|[from] item: Life Orb
|
|turn|4
|
|move|p1a: Landorus-Therian|U-turn|p2a: Latias
|-supereffective|p2a: Latias
|-damage|p2a: Latias|36\/301
|
|switch|p1a: Heatran|Heatran, M|327\/327
|-item|p1a: Heatran|Air Balloon
|move|p2a: Latias|Defog|p1a: Heatran
|-unboost|p1a: Heatran|evasion|1
|-sideend|p2: Albyness|Stealth Rock|[from] move: Defog|[of] p2a: Latias
|
|turn|5
|
|move|p2a: Latias|Recover|p2a: Latias
|-heal|p2a: Latias|187\/301
|move|p1a: Heatran|Stealth Rock|p2a: Latias
|-sidestart|p2: Albyness|move: Stealth Rock
|
|turn|6
|
|move|p2a: Latias|Defog|p1a: Heatran
|-unboost|p1a: Heatran|evasion|1
|-sideend|p2: Albyness|Stealth Rock|[from] move: Defog|[of] p2a: Latias
|move|p1a: Heatran|Taunt|p2a: Latias
|-start|p2a: Latias|move: Taunt
|
|turn|7
|
|move|p2a: Latias|Psyshock|p1a: Heatran
|-resisted|p1a: Heatran
|-damage|p1a: Heatran|249\/327
|-enditem|p1a: Heatran|Air Balloon
|-damage|p2a: Latias|157\/301|[from] item: Life Orb
|move|p1a: Heatran|Stealth Rock|p2a: Latias
|-sidestart|p2: Albyness|move: Stealth Rock
|
|turn|8
|
|switch|p2a: Thundurus|Thundurus, M|299\/299
|-damage|p2a: Thundurus|225\/299|[from] Stealth Rock
|switch|p1a: Metagross|Metagross|301\/301
|
|turn|9
|
|switch|p2a: Scizor|Scizor, M|343\/343
|-damage|p2a: Scizor|301\/343|[from] Stealth Rock
|switch|p1a: Landorus-Therian|Landorus-Therian, M|150\/319
|-ability|p1a: Landorus-Therian|Intimidate|[of] p2a: Scizor
|-unboost|p2a: Scizor|atk|1
|
|turn|10
|
|move|p1a: Landorus-Therian|Knock Off|p2a: Scizor
|-damage|p2a: Scizor|185\/343
|-enditem|p2a: Scizor|Iron Plate|[from] move: Knock Off|[of] p1a: Landorus-Therian
|move|p2a: Scizor|Knock Off|p1a: Landorus-Therian
|-damage|p1a: Landorus-Therian|66\/319
|-enditem|p1a: Landorus-Therian|Choice Scarf|[from] move: Knock Off|[of] p2a: Scizor
|
|turn|11
|
|move|p1a: Landorus-Therian|Earthquake|p2a: Scizor
|-damage|p2a: Scizor|0 fnt
|faint|p2a: Scizor
|
|
|switch|p2a: Latias|Latias, F|157\/301
|-damage|p2a: Latias|120\/301|[from] Stealth Rock
|turn|12
|
|move|p2a: Latias|Defog|p1a: Landorus-Therian
|-unboost|p1a: Landorus-Therian|evasion|1
|-sideend|p2: Albyness|Stealth Rock|[from] move: Defog|[of] p2a: Latias
|move|p1a: Landorus-Therian|U-turn|p2a: Latias
|-supereffective|p2a: Latias
|-damage|p2a: Latias|0 fnt
|faint|p2a: Latias
|
|switch|p1a: Raikou|Raikou|321\/321
|-ability|p1a: Raikou|Pressure
|
|
|switch|p2a: Terrakion|Terrakion|323\/323
|turn|13
|
|move|p2a: Terrakion|Close Combat|p1a: Raikou
|-damage|p1a: Raikou|33\/321
|-unboost|p2a: Terrakion|def|1
|-unboost|p2a: Terrakion|spd|1
|move|p1a: Raikou|Thunderbolt|p2a: Terrakion
|-damage|p2a: Terrakion|0 fnt
|faint|p2a: Terrakion
|
|
|switch|p2a: Volcarona|Volcarona, F|326\/326
|turn|14
|
|move|p1a: Raikou|Thunderbolt|p2a: Volcarona
|-damage|p2a: Volcarona|128\/326
|move|p2a: Volcarona|Quiver Dance|p2a: Volcarona
|-boost|p2a: Volcarona|spa|1
|-boost|p2a: Volcarona|spd|1
|-boost|p2a: Volcarona|spe|1
|
|turn|15
|
|move|p2a: Volcarona|Bug Buzz|p1a: Raikou
|-damage|p1a: Raikou|0 fnt
|faint|p1a: Raikou
|
|
|switch|p1a: Hawlucha|Hawlucha, M|298\/298
|turn|16
|
|move|p2a: Volcarona|Fire Blast|p1a: Hawlucha
|-damage|p1a: Hawlucha|0 fnt
|faint|p1a: Hawlucha
|
|
|switch|p1a: Manaphy|Manaphy|377\/377
|turn|17
|
|move|p2a: Volcarona|Bug Buzz|p1a: Manaphy
|-damage|p1a: Manaphy|133\/377
|move|p1a: Manaphy|Scald|p2a: Volcarona
|-supereffective|p2a: Volcarona
|-enditem|p2a: Volcarona|Passho Berry|[eat]
|-damage|p2a: Volcarona|41\/326
|
|-heal|p1a: Manaphy|156\/377|[from] item: Leftovers
|turn|18
|
|move|p2a: Volcarona|Bug Buzz|p1a: Manaphy
|-damage|p1a: Manaphy|0 fnt
|faint|p1a: Manaphy
|
|
|switch|p1a: Heatran|Heatran, M|249\/327
|turn|19
|
|move|p2a: Volcarona|Hidden Power|p1a: Heatran
|-supereffective|p1a: Heatran
|-damage|p1a: Heatran|0 fnt
|faint|p1a: Heatran
|
|
|switch|p1a: Metagross|Metagross|301\/301
|turn|20
|
|detailschange|p1a: Metagross|Metagross-Mega
|-mega|p1a: Metagross|Metagross|Metagrossite
|move|p2a: Volcarona|Fire Blast|p1a: Metagross
|-supereffective|p1a: Metagross
|-damage|p1a: Metagross|0 fnt
|faint|p1a: Metagross
|
|-message|HJ Suspect forfeited.
|leave|HJ Suspect
|
|win|Albyness
|raw|Ladder updating...
|player|p1