|join|Albyness
|join|jhgyg
|player|p1|Albyness|44
|player|p2|jhgyg|70
|gametype|singles
|gen|6
|tier|OU (suspect test)
|rated
|clearpoke
|poke|p1|Lopunny, M
|poke|p1|Dragonite, F
|poke|p1|Manaphy
|poke|p1|Weavile, M
|poke|p1|Excadrill, M
|poke|p1|Thundurus, M
|poke|p2|Excadrill, M
|poke|p2|Talonflame, M
|poke|p2|Pinsir, F
|poke|p2|Kyurem-Black
|poke|p2|Terrakion
|poke|p2|Keldeo
|rule|Swagger Clause: Swagger is banned
|rule|Baton Pass Clause: Limit one PokÃ©mon knowing Baton Pass
|rule|Sleep Clause Mod: Limit one foe put to sleep
|rule|Species Clause: Limit one of each PokÃ©mon
|rule|OHKO Clause: OHKO moves are banned
|rule|Moody Clause: Moody is banned
|rule|Evasion Moves Clause: Evasion moves are banned
|rule|Endless Battle Clause: Forcing endless battles is banned
|rule|HP Percentage Mod: HP is shown in percentages
|teampreview
|join|brokennAf
|
|start
|switch|p1a: Thundurus|Thundurus, M|299\/299
|switch|p2a: Terrakion|Terrakion|323\/323
|turn|1
|
|move|p1a: Thundurus|Superpower|p2a: Terrakion
|-supereffective|p2a: Terrakion
|-enditem|p2a: Terrakion|Focus Sash
|-damage|p2a: Terrakion|1\/323
|-unboost|p1a: Thundurus|atk|1
|-unboost|p1a: Thundurus|def|1
|-damage|p1a: Thundurus|270\/299|[from] item: Life Orb
|move|p2a: Terrakion|Stone Edge|p1a: Thundurus
|-supereffective|p1a: Thundurus
|-damage|p1a: Thundurus|0 fnt
|faint|p1a: Thundurus
|
|
|switch|p1a: Weavile|Weavile, M|282\/282
|-ability|p1a: Weavile|Pressure
|turn|2
|
|move|p1a: Weavile|Pursuit|p2a: Terrakion|[from]Pursuit
|-resisted|p2a: Terrakion
|-damage|p2a: Terrakion|0 fnt
|-damage|p1a: Weavile|254\/282|[from] item: Life Orb
|faint|p2a: Terrakion
|
|
|switch|p2a: Talonflame|Talonflame, M|297\/297
|turn|3
|
|switch|p1a: Manaphy|Manaphy|404\/404
|move|p2a: Talonflame|Brave Bird|p1a: Manaphy
|-damage|p1a: Manaphy|187\/404
|-damage|p2a: Talonflame|225\/297|[from] recoil|[of] p1a: Manaphy
|
|-heal|p1a: Manaphy|212\/404|[from] item: Leftovers
|turn|4
|
|move|p2a: Talonflame|Brave Bird|p1a: Manaphy
|-damage|p1a: Manaphy|13\/404
|-damage|p2a: Talonflame|159\/297|[from] recoil|[of] p1a: Manaphy
|move|p1a: Manaphy|Scald|p2a: Talonflame
|-supereffective|p2a: Talonflame
|-damage|p2a: Talonflame|0 fnt
|faint|p2a: Talonflame
|
|-heal|p1a: Manaphy|38\/404|[from] item: Leftovers
|c| brokennAf|Just ROLL with ut
|c| brokennAf|It*
|
|switch|p2a: Pinsir|Pinsir, F|271\/271
|turn|5
|
|move|p2a: Pinsir|Quick Attack|p1a: Manaphy
|-damage|p1a: Manaphy|0 fnt
|faint|p1a: Manaphy
|-boost|p2a: Pinsir|atk|1|[from] ability: Moxie
|
|c| brokennAf|Mfw
|c| brokennAf|Ppl still use this
|
|switch|p1a: Excadrill|Excadrill, M|361\/361
|-ability|p1a: Excadrill|Mold Breaker
|turn|6
|
|move|p2a: Pinsir|Earthquake|p1a: Excadrill
|-supereffective|p1a: Excadrill
|-enditem|p1a: Excadrill|Focus Sash
|-damage|p1a: Excadrill|1\/361
|move|p1a: Excadrill|Rock Tomb|p2a: Pinsir
|-supereffective|p2a: Pinsir
|-damage|p2a: Pinsir|109\/271
|-unboost|p2a: Pinsir|spe|1
|
|turn|7
|
|detailschange|p2a: Pinsir|Pinsir-Mega, F
|-mega|p2a: Pinsir|Pinsir|Pinsirite
|move|p2a: Pinsir|Quick Attack|p1a: Excadrill
|-resisted|p1a: Excadrill
|-damage|p1a: Excadrill|0 fnt
|faint|p1a: Excadrill
|
|c| brokennAf|Y bother to mega there
|
|switch|p1a: Weavile|Weavile, M|254\/282
|-ability|p1a: Weavile|Pressure
|turn|8
|c|âjhgyg|more dmg on swth ince heknows i have no rocks
|c|âjhgyg|dammit tablet
|c| brokennAf|Ah
|
|move|p1a: Weavile|Pursuit|p2a: Pinsir|[from]Pursuit
|-damage|p2a: Pinsir|0 fnt
|-damage|p1a: Weavile|226\/282|[from] item: Life Orb
|faint|p2a: Pinsir
|
|
|switch|p2a: Excadrill|Excadrill, M|361\/361
|-ability|p2a: Excadrill|Mold Breaker
|turn|9
|
|move|p2a: Excadrill|Iron Head|p1a: Weavile
|-supereffective|p1a: Weavile
|-damage|p1a: Weavile|0 fnt
|faint|p1a: Weavile
|
|
|switch|p1a: Lopunny|Lopunny, M|271\/271
|turn|10
|c|âAlbyness|no flinch plz
|
|detailschange|p1a: Lopunny|Lopunny-Mega, M
|-mega|p1a: Lopunny|Lopunny|Lopunnite
|move|p2a: Excadrill|Iron Head|p1a: Lopunny
|-damage|p1a: Lopunny|126\/271
|move|p1a: Lopunny|High Jump Kick|p2a: Excadrill
|-supereffective|p2a: Excadrill
|-damage|p2a: Excadrill|0 fnt
|faint|p2a: Excadrill
|
|
|switch|p2a: Keldeo|Keldeo|322\/322
|turn|11
|
|switch|p1a: Dragonite|Dragonite, F|359\/359
|move|p2a: Keldeo|Icy Wind|p1a: Dragonite
|-supereffective|p1a: Dragonite
|-damage|p1a: Dragonite|167\/359
|-unboost|p1a: Dragonite|spe|1
|
|turn|12
|
|move|p2a: Keldeo|Icy Wind|p1a: Dragonite
|-crit|p1a: Dragonite
|-supereffective|p1a: Dragonite
|-damage|p1a: Dragonite|0 fnt
|faint|p1a: Dragonite
|
|c| brokennAf|Alby?
|c| brokennAf|Y not espeed
|
|switch|p1a: Lopunny|Lopunny-Mega, M|126\/271
|turn|13
|c|âAlbyness|should have
|
|switch|p2a: Kyurem-Black|Kyurem-Black|397\/397
|-ability|p2a: Kyurem-Black|Teravolt
|move|p1a: Lopunny|Substitute|p1a: Lopunny
|-start|p1a: Lopunny|Substitute
|-damage|p1a: Lopunny|59\/271
|
|turn|14
|c|âAlbyness|no miss plz
|-message|jhgyg forfeited.
|leave|jhgyg
|
|move|p1a: Lopunny|High Jump Kick|p2a: Kyurem-Black
|-supereffective|p2a: Kyurem-Black
|-damage|p2a: Kyurem-Black|0 fnt
|faint|p2a: Kyurem-Black
|
|c|âAlbyness|lol
|c|âAlbyness|gg
|
|win|Albyness
|raw|Ladder updating...
|c| brokennAf|Lol
|raw|Albyness's rating: 1348 &rarr; <strong>1358<\/strong><br \/>(+10 for winning)
|raw|jhgyg's rating: 1150 &rarr; <strong>1138<\/strong><br \/>(-12 for losing)
|player|p2
|c|âAlbyness|nvm he left
|leave|Albyness
|leave|brokennAf
|player|p1
|join|Albyness