|J|boom bye yeah
|J|Mazary
|player|p1|boom bye yeah|43
|player|p2|Mazary|92
|gametype|singles
|gen|4
|tier|[Gen 4] UU
|rule|Sleep Clause Mod: Limit one foe put to sleep
|rule|Species Clause: Limit one of each PokÃ©mon
|rule|OHKO Clause: OHKO moves are banned
|rule|Moody Clause: Moody is banned
|rule|Evasion Moves Clause: Evasion moves are banned
|rule|Endless Battle Clause: Forcing endless battles is banned
|rule|HP Percentage Mod: HP is shown in percentages
|
|start
|switch|p1a: Snover|Snover, M|323\/323
|switch|p2a: Pidgeot|Pidgeot, M|308\/308
|-weather|Hail|[from] ability: Snow Warning|[of] p1a: Snover
|turn|1
|c|âMazary|hf
|J|reiku
|c|âboom bye yeah|u2
|J|DracoMaster Dab
|
|move|p1a: Snover|Protect|p1a: Snover
|-singleturn|p1a: Snover|Protect
|move|p2a: Pidgeot|U-turn|p1a: Snover
|-activate|p1a: Snover|Protect
|
|-weather|Hail|[upkeep]
|-damage|p2a: Pidgeot|289\/308|[from] hail
|turn|2
|
|switch|p1a: Nidoqueen|Nidoqueen, F|384\/384
|move|p2a: Pidgeot|U-turn|p1a: Nidoqueen
|-resisted|p1a: Nidoqueen
|-damage|p1a: Nidoqueen|357\/384
|J|El Didi
|J|MONNA LUSA
|
|switch|p2a: Glalie|Glalie, M|364\/364
|
|-weather|Hail|[upkeep]
|-damage|p1a: Nidoqueen|333\/384|[from] hail
|-heal|p1a: Nidoqueen|357\/384|[from] item: Black Sludge
|turn|3
|L|El Didi
|
|move|p2a: Glalie|Taunt|p1a: Nidoqueen
|-start|p1a: Nidoqueen|move: Taunt
|cant|p1a: Nidoqueen|move: Taunt|Toxic Spikes
|
|-weather|Hail|[upkeep]
|-damage|p1a: Nidoqueen|333\/384|[from] hail
|-heal|p1a: Nidoqueen|357\/384|[from] item: Black Sludge
|turn|4
|
|move|p2a: Glalie|Spikes|p1a: Nidoqueen
|-sidestart|p1: boom bye yeah|Spikes
|move|p1a: Nidoqueen|Earth Power|p2a: Glalie
|-damage|p2a: Glalie|261\/364
|
|-weather|Hail|[upkeep]
|-damage|p1a: Nidoqueen|333\/384|[from] hail
|-heal|p2a: Glalie|283\/364|[from] item: Leftovers
|-heal|p1a: Nidoqueen|357\/384|[from] item: Black Sludge
|turn|5
|
|move|p2a: Glalie|Spikes|p1a: Nidoqueen
|-sidestart|p1: boom bye yeah|Spikes
|move|p1a: Nidoqueen|Earth Power|p2a: Glalie
|-damage|p2a: Glalie|190\/364
|
|-weather|Hail|[upkeep]
|-damage|p1a: Nidoqueen|333\/384|[from] hail
|-heal|p2a: Glalie|212\/364|[from] item: Leftovers
|-heal|p1a: Nidoqueen|357\/384|[from] item: Black Sludge
|-end|p1a: Nidoqueen|move: Taunt
|turn|6
|
|move|p2a: Glalie|Taunt|p1a: Nidoqueen
|-start|p1a: Nidoqueen|move: Taunt
|move|p1a: Nidoqueen|Earth Power|p2a: Glalie
|-damage|p2a: Glalie|104\/364
|
|-weather|Hail|[upkeep]
|-damage|p1a: Nidoqueen|333\/384|[from] hail
|-heal|p2a: Glalie|126\/364|[from] item: Leftovers
|-heal|p1a: Nidoqueen|357\/384|[from] item: Black Sludge
|turn|7
|J|DerSweeper
|
|move|p2a: Glalie|Spikes|p1a: Nidoqueen
|-sidestart|p1: boom bye yeah|Spikes
|move|p1a: Nidoqueen|Earth Power|p2a: Glalie
|-damage|p2a: Glalie|26\/364
|
|-weather|Hail|[upkeep]
|-damage|p1a: Nidoqueen|333\/384|[from] hail
|-heal|p2a: Glalie|48\/364|[from] item: Leftovers
|-heal|p1a: Nidoqueen|357\/384|[from] item: Black Sludge
|turn|8
|J|Funkasaurus
|J|Ranger Mike
|
|switch|p1a: Dusclops|Dusclops, M|284\/284
|-damage|p1a: Dusclops|213\/284|[from] Spikes
|-ability|p1a: Dusclops|Pressure
|move|p2a: Glalie|Explosion|p1a: Dusclops
|-immune|p1a: Dusclops|[msg]
|faint|p2a: Glalie
|
|-weather|Hail|[upkeep]
|-damage|p1a: Dusclops|196\/284|[from] hail
|-heal|p1a: Dusclops|213\/284|[from] item: Leftovers
|c|âMazary|oh shit
|c|+Ranger Mike|ayy 
|
|switch|p2a: Politoed|Politoed, M|320\/320
|turn|9
|c|+DracoMaster Dab|bulki
|c|+DerSweeper|lol
|
|switch|p1a: Slowking|Slowking, M|394\/394
|-damage|p1a: Slowking|296\/394|[from] Spikes
|move|p2a: Politoed|Substitute|p2a: Politoed
|-start|p2a: Politoed|Substitute
|-damage|p2a: Politoed|240\/320
|
|-weather|Hail|[upkeep]
|-damage|p2a: Politoed|220\/320|[from] hail
|-damage|p1a: Slowking|272\/394|[from] hail
|-heal|p1a: Slowking|296\/394|[from] item: Leftovers
|turn|10
|c|âMazary|dab, i just won the ubers tour^.^
|J|SniÑÐµr
|J|Serp-chon
|c|âMazary|against problems and the other dracomaster
|J|Bowlii
|
|move|p2a: Politoed|Belly Drum|p2a: Politoed
|-damage|p2a: Politoed|60\/320
|-setboost|p2a: Politoed|atk|6|[from] move: Belly Drum
|-enditem|p2a: Politoed|Salac Berry|[eat]
|-boost|p2a: Politoed|spe|1|[from] item: Salac Berry
|move|p1a: Slowking|Surf|p2a: Politoed
|-heal|p2a: Politoed|140\/320|[from] ability: Water Absorb|[of] p1a: Slowking
|
|-weather|Hail|[upkeep]
|-damage|p2a: Politoed|120\/320|[from] hail
|-damage|p1a: Slowking|272\/394|[from] hail
|-heal|p1a: Slowking|296\/394|[from] item: Leftovers
|turn|11
|c|+DracoMaster Dab|nice
|c|+DracoMaster Dab|:]
|c|+DerSweeper|nice hax
|c|âboom bye yeah|oops
|c|âboom bye yeah|forgot
|c|+DracoMaster Dab|what did u think
|c|+DracoMaster Dab|of muh team
|
|switch|p1a: Dusclops|Dusclops, M|213\/284
|-damage|p1a: Dusclops|142\/284|[from] Spikes
|-ability|p1a: Dusclops|Pressure
|move|p2a: Politoed|Return|p1a: Dusclops
|-immune|p1a: Dusclops|[msg]
|
|-weather|Hail|[upkeep]
|-damage|p2a: Politoed|100\/320|[from] hail
|-damage|p1a: Dusclops|125\/284|[from] hail
|-heal|p1a: Dusclops|142\/284|[from] item: Leftovers
|turn|12
|
|switch|p1a: Snover|Snover, M|323\/323
|-damage|p1a: Snover|243\/323|[from] Spikes
|move|p2a: Politoed|Waterfall|p1a: Snover
|-resisted|p1a: Snover
|-damage|p1a: Snover|0 fnt
|faint|p1a: Snover
|
|-weather|Hail|[upkeep]
|-damage|p2a: Politoed|80\/320|[from] hail
|
|switch|p1a: Slowking|Slowking, M|296\/394
|-damage|p1a: Slowking|198\/394|[from] Spikes
|turn|13
|
|move|p2a: Politoed|Waterfall|p1a: Slowking
|-resisted|p1a: Slowking
|-damage|p1a: Slowking|7\/394
|move|p1a: Slowking|Slack Off|p1a: Slowking
|-heal|p1a: Slowking|204\/394
|
|-weather|Hail|[upkeep]
|-damage|p2a: Politoed|60\/320|[from] hail
|-damage|p1a: Slowking|180\/394|[from] hail
|-heal|p1a: Slowking|204\/394|[from] item: Leftovers
|turn|14
|
|switch|p1a: Dusclops|Dusclops, M|142\/284
|-damage|p1a: Dusclops|71\/284|[from] Spikes
|-ability|p1a: Dusclops|Pressure
|move|p2a: Politoed|Return|p1a: Dusclops
|-immune|p1a: Dusclops|[msg]
|
|-weather|Hail|[upkeep]
|-damage|p2a: Politoed|40\/320|[from] hail
|-damage|p1a: Dusclops|54\/284|[from] hail
|-heal|p1a: Dusclops|71\/284|[from] item: Leftovers
|turn|15
|
|move|p2a: Politoed|Waterfall|p1a: Dusclops
|-damage|p1a: Dusclops|0 fnt
|faint|p1a: Dusclops
|
|-weather|Hail|[upkeep]
|-damage|p2a: Politoed|20\/320|[from] hail
|
|switch|p1a: Slowking|Slowking, M|204\/394
|-damage|p1a: Slowking|106\/394|[from] Spikes
|turn|16
|c|âMazary|hail is annoying me
|
|move|p2a: Politoed|Waterfall|p1a: Slowking
|-resisted|p1a: Slowking
|-damage|p1a: Slowking|0 fnt
|faint|p1a: Slowking
|
|-weather|Hail|[upkeep]
|-damage|p2a: Politoed|0 fnt|[from] hail
|faint|p2a: Politoed
|J|Typhlito
|
|switch|p1a: Nidoqueen|Nidoqueen, F|357\/384
|switch|p2a: Sandslash|Sandslash, M|354\/354
|-damage|p1a: Nidoqueen|261\/384|[from] Spikes
|turn|17
|
|move|p1a: Nidoqueen|Ice Beam|p2a: Sandslash
|-supereffective|p2a: Sandslash
|-damage|p2a: Sandslash|148\/354
|move|p2a: Sandslash|Stealth Rock|p1a: Nidoqueen
|-sidestart|p1: boom bye yeah|move: Stealth Rock
|
|-weather|Hail|[upkeep]
|-damage|p1a: Nidoqueen|237\/384|[from] hail
|-damage|p2a: Sandslash|126\/354|[from] hail
|-heal|p1a: Nidoqueen|261\/384|[from] item: Black Sludge
|-heal|p2a: Sandslash|148\/354|[from] item: Leftovers
|turn|18
|
|move|p1a: Nidoqueen|Toxic Spikes|p2a: Sandslash
|-sidestart|p2: Mazary|move: Toxic Spikes
|move|p2a: Sandslash|Earthquake|p1a: Nidoqueen
|-supereffective|p1a: Nidoqueen
|-damage|p1a: Nidoqueen|63\/384
|
|-weather|Hail|[upkeep]
|-damage|p1a: Nidoqueen|39\/384|[from] hail
|-damage|p2a: Sandslash|126\/354|[from] hail
|-heal|p1a: Nidoqueen|63\/384|[from] item: Black Sludge
|-heal|p2a: Sandslash|148\/354|[from] item: Leftovers
|turn|19
|c|+Ranger Mike|LOL
|
|move|p1a: Nidoqueen|Ice Beam|p2a: Sandslash
|-supereffective|p2a: Sandslash
|-damage|p2a: Sandslash|0 fnt
|faint|p2a: Sandslash
|
|-weather|Hail|[upkeep]
|-damage|p1a: Nidoqueen|39\/384|[from] hail
|-heal|p1a: Nidoqueen|63\/384|[from] item: Black Sludge
|
|switch|p2a: Pidgeot|Pidgeot, M|289\/308
|turn|20
|
|move|p2a: Pidgeot|Return|p1a: Nidoqueen
|-damage|p1a: Nidoqueen|0 fnt
|faint|p1a: Nidoqueen
|
|-weather|Hail|[upkeep]
|-damage|p2a: Pidgeot|270\/308|[from] hail
|J|GoaoTwo
|
|switch|p1a: Torkoal|Torkoal, F|344\/344
|-damage|p1a: Torkoal|258\/344|[from] Spikes
|-damage|p1a: Torkoal|172\/344|[from] Stealth Rock
|turn|21
|
|switch|p2a: Luxray|Luxray, M|301\/301
|-status|p2a: Luxray|psn
|-ability|p2a: Luxray|Intimidate|[of] p1a: Torkoal
|-fail|p1a: Torkoal|unboost|[from] ability: White Smoke|[of] p1a: Torkoal
|move|p1a: Torkoal|Rapid Spin|p2a: Luxray
|-damage|p2a: Luxray|286\/301 psn
|-sideend|p1: boom bye yeah|Spikes|[from] move: Rapid Spin|[of] p1a: Torkoal
|-sideend|p1: boom bye yeah|Stealth Rock|[from] move: Rapid Spin|[of] p1a: Torkoal
|
|-weather|Hail|[upkeep]
|-damage|p2a: Luxray|268\/301 psn|[from] hail
|-damage|p1a: Torkoal|151\/344|[from] hail
|-heal|p1a: Torkoal|172\/344|[from] item: Leftovers
|-damage|p2a: Luxray|231\/301 psn|[from] psn
|turn|22
|c|âMazary|oh shit
|
|move|p2a: Luxray|Thunderbolt|p1a: Torkoal
|-damage|p1a: Torkoal|0 fnt
|-damage|p2a: Luxray|201\/301 psn|[from] item: Life Orb
|faint|p1a: Torkoal
|
|-weather|Hail|[upkeep]
|-damage|p2a: Luxray|183\/301 psn|[from] hail
|-damage|p2a: Luxray|146\/301 psn|[from] psn
|
|switch|p1a: Walrein|Walrein, F|416\/416
|turn|23
|c|+DerSweeper|butz
|
|move|p1a: Walrein|Protect|p1a: Walrein
|-singleturn|p1a: Walrein|Protect
|move|p2a: Luxray|Thunderbolt|p1a: Walrein
|-activate|p1a: Walrein|Protect
|
|-weather|Hail|[upkeep]
|-damage|p2a: Luxray|128\/301 psn|[from] hail
|-damage|p2a: Luxray|91\/301 psn|[from] psn
|turn|24
|
|move|p1a: Walrein|Protect|p1a: Walrein
|-fail|p1a: Walrein
|move|p2a: Luxray|Thunderbolt|p1a: Walrein
|-supereffective|p1a: Walrein
|-damage|p1a: Walrein|90\/416
|-damage|p2a: Luxray|61\/301 psn|[from] item: Life Orb
|
|-weather|Hail|[upkeep]
|-damage|p2a: Luxray|43\/301 psn|[from] hail
|-heal|p1a: Walrein|116\/416|[from] ability: Ice Body
|-heal|p1a: Walrein|142\/416|[from] item: Leftovers
|-damage|p2a: Luxray|6\/301 psn|[from] psn
|turn|25
|
|switch|p2a: Pidgeot|Pidgeot, M|270\/308
|move|p1a: Walrein|Protect|p1a: Walrein
|-fail|p1a: Walrein
|
|-weather|Hail|[upkeep]
|-damage|p2a: Pidgeot|251\/308|[from] hail
|-heal|p1a: Walrein|168\/416|[from] ability: Ice Body
|-heal|p1a: Walrein|194\/416|[from] item: Leftovers
|turn|26
|
|move|p1a: Walrein|Protect|p1a: Walrein
|-singleturn|p1a: Walrein|Protect
|move|p2a: Pidgeot|Brave Bird|p1a: Walrein
|-activate|p1a: Walrein|Protect
|
|-weather|Hail|[upkeep]
|-damage|p2a: Pidgeot|232\/308|[from] hail
|-heal|p1a: Walrein|220\/416|[from] ability: Ice Body
|-heal|p1a: Walrein|246\/416|[from] item: Leftovers
|turn|27
|
|move|p2a: Pidgeot|Brave Bird|p1a: Walrein
|-damage|p1a: Walrein|123\/416
|-damage|p2a: Pidgeot|191\/308|[from] recoil|[of] p1a: Walrein
|move|p1a: Walrein|Surf|p2a: Pidgeot
|-crit|p2a: Pidgeot
|-damage|p2a: Pidgeot|0 fnt
|faint|p2a: Pidgeot
|
|-weather|Hail|[upkeep]
|-heal|p1a: Walrein|149\/416|[from] ability: Ice Body
|-heal|p1a: Walrein|175\/416|[from] item: Leftovers
|
|switch|p2a: Luxray|Luxray, M|6\/301 psn
|-ability|p2a: Luxray|Intimidate|[of] p1a: Walrein
|-unboost|p1a: Walrein|atk|1
|turn|28
|c|âboom bye yeah|didnt think I would win lol.
|c|âboom bye yeah|or lets say
|c|âboom bye yeah|get back
|
|move|p1a: Walrein|Protect|p1a: Walrein
|-singleturn|p1a: Walrein|Protect
|move|p2a: Luxray|Thunderbolt|p1a: Walrein
|-activate|p1a: Walrein|Protect
|
|-weather|Hail|[upkeep]
|-damage|p2a: Luxray|0 fnt|[from] hail
|-heal|p1a: Walrein|201\/416|[from] ability: Ice Body
|-heal|p1a: Walrein|227\/416|[from] item: Leftovers
|faint|p2a: Luxray
|
|switch|p2a: Drifblim|Drifblim, M|442\/442
|turn|29
|
|move|p2a: Drifblim|Thunderbolt|p1a: Walrein
|-supereffective|p1a: Walrein
|-damage|p1a: Walrein|23\/416
|move|p1a: Walrein|Surf|p2a: Drifblim
|-damage|p2a: Drifblim|265\/442
|
|-weather|Hail|[upkeep]
|-damage|p2a: Drifblim|238\/442|[from] hail
|-heal|p1a: Walrein|49\/416|[from] ability: Ice Body
|-heal|p1a: Walrein|75\/416|[from] item: Leftovers
|turn|30
|c|âboom bye yeah|aw
|
|move|p1a: Walrein|Protect|p1a: Walrein
|-singleturn|p1a: Walrein|Protect
|move|p2a: Drifblim|Thunderbolt|p1a: Walrein
|-activate|p1a: Walrein|Protect
|
|-weather|Hail|[upkeep]
|-damage|p2a: Drifblim|211\/442|[from] hail
|-heal|p1a: Walrein|101\/416|[from] ability: Ice Body
|-heal|p1a: Walrein|127\/416|[from] item: Leftovers
|turn|31
|c|âMazary|gg
|
|move|p2a: Drifblim|Thunderbolt|p1a: Walrein
|-supereffective|p1a: Walrein
|-damage|p1a: Walrein|0 fnt
|faint|p1a: Walrein
|
|win|Mazary
|c|âboom bye yeah|chall
|L|Bowlii
|L|Mazary
|player|p2
|L|boom bye yeah
|player|p1
|L|DerSweeper
|L|Typhlito
|L|MONNA LUSA
|L|GoaoTwo
|J|nofux
|L|nofux
|L|Serp-chon
|J|Mazary