|join|boom bye yeah
|join|chronic weed
|player|p1|boom bye yeah|43
|player|p2|chronic weed|101
|gametype|singles
|gen|6
|tier|UU
|rated
|rule|Sleep Clause Mod: Limit one foe put to sleep
|rule|Species Clause: Limit one of each PokÃ©mon
|rule|OHKO Clause: OHKO moves are banned
|rule|Moody Clause: Moody is banned
|rule|Evasion Moves Clause: Evasion moves are banned
|rule|Endless Battle Clause: Forcing endless battles is banned
|rule|HP Percentage Mod: HP is shown in percentages
|clearpoke
|poke|p1|Cresselia, F
|poke|p1|Gligar, M
|poke|p1|Vaporeon, F
|poke|p1|Escavalier, M
|poke|p1|Granbull, F
|poke|p1|Tentacruel, M
|poke|p2|Sceptile, F, shiny
|poke|p2|Aggron, M, shiny
|poke|p2|Alakazam, M, shiny
|poke|p2|Blastoise, M, shiny
|poke|p2|Infernape, F, shiny
|poke|p2|Eelektross, M, shiny
|rule|Swagger Clause: Swagger is banned
|rule|Baton Pass Clause: Limit one PokÃ©mon knowing Baton Pass
|teampreview
|
|start
|switch|p1a: Vaporeon|Vaporeon, F|464\/464
|switch|p2a: Aggron|Aggron, M, shiny|344\/344
|turn|1
|join|pokemonboss34
|
|move|p1a: Vaporeon|Scald|p2a: Aggron
|-supereffective|p2a: Aggron
|-damage|p2a: Aggron|32\/344
|-status|p2a: Aggron|brn
|move|p2a: Aggron|Stealth Rock|p1a: Vaporeon
|-sidestart|p1: boom bye yeah|move: Stealth Rock
|
|-heal|p2a: Aggron|53\/344 brn|[from] item: Leftovers
|-damage|p2a: Aggron|10\/344 brn|[from] brn
|turn|2
|
|move|p1a: Vaporeon|Wish|p1a: Vaporeon
|move|p2a: Aggron|Thunder Wave|p1a: Vaporeon
|-status|p1a: Vaporeon|par
|
|-heal|p2a: Aggron|31\/344 brn|[from] item: Leftovers
|-damage|p2a: Aggron|0 fnt|[from] brn
|faint|p2a: Aggron
|
|switch|p2a: Sceptile|Sceptile, F, shiny|282\/282
|turn|3
|
|switch|p1a: Escavalier|Escavalier, M|325\/325
|-damage|p1a: Escavalier|285\/325|[from] Stealth Rock
|detailschange|p2a: Sceptile|Sceptile-Mega, F, shiny
|-mega|p2a: Sceptile|Sceptile|Sceptilite
|move|p2a: Sceptile|Substitute|p2a: Sceptile
|-start|p2a: Sceptile|Substitute
|-damage|p2a: Sceptile|212\/282
|
|-heal|p1a: Escavalier|325\/325|[from] move: Wish|[wisher] Vaporeon
|turn|4
|
|move|p2a: Sceptile|Dual Chop|p1a: Escavalier|[miss]
|-miss|p2a: Sceptile|p1a: Escavalier
|move|p1a: Escavalier|Iron Head|p2a: Sceptile
|-end|p2a: Sceptile|Substitute
|
|turn|5
|join|Scarf Oddish
|
|switch|p2a: Blastoise|Blastoise, M, shiny|362\/362
|move|p1a: Escavalier|Iron Head|p2a: Blastoise
|-resisted|p2a: Blastoise
|-damage|p2a: Blastoise|286\/362
|
|-heal|p2a: Blastoise|308\/362|[from] item: Leftovers
|turn|6
|
|switch|p1a: Tentacruel|Tentacruel, M|364\/364
|-damage|p1a: Tentacruel|319\/364|[from] Stealth Rock
|move|p2a: Blastoise|Scald|p1a: Tentacruel
|-resisted|p1a: Tentacruel
|-damage|p1a: Tentacruel|281\/364
|-status|p1a: Tentacruel|brn
|
|-heal|p1a: Tentacruel|303\/364 brn|[from] item: Black Sludge
|-heal|p2a: Blastoise|330\/362|[from] item: Leftovers
|-damage|p1a: Tentacruel|258\/364 brn|[from] brn
|turn|7
|
|switch|p2a: Eelektross|Eelektross, M, shiny|374\/374
|move|p1a: Tentacruel|Rapid Spin|p2a: Eelektross
|-damage|p2a: Eelektross|367\/374
|-sideend|p1: boom bye yeah|Stealth Rock|[from] move: Rapid Spin|[of] p1a: Tentacruel
|
|-heal|p1a: Tentacruel|280\/364 brn|[from] item: Black Sludge
|-damage|p1a: Tentacruel|235\/364 brn|[from] brn
|turn|8
|
|switch|p1a: Cresselia|Cresselia, F|443\/443
|move|p2a: Eelektross|Dragon Pulse|p1a: Cresselia
|-damage|p1a: Cresselia|370\/443
|
|-heal|p1a: Cresselia|397\/443|[from] item: Leftovers
|turn|9
|
|move|p1a: Cresselia|Substitute|p1a: Cresselia
|-start|p1a: Cresselia|Substitute
|-damage|p1a: Cresselia|287\/443
|move|p2a: Eelektross|Volt Switch|p1a: Cresselia
|-activate|p1a: Cresselia|Substitute|[damage]
|
|switch|p2a: Blastoise|Blastoise, M, shiny|330\/362
|
|-heal|p1a: Cresselia|314\/443|[from] item: Leftovers
|-heal|p2a: Blastoise|352\/362|[from] item: Leftovers
|turn|10
|
|move|p1a: Cresselia|Calm Mind|p1a: Cresselia
|-boost|p1a: Cresselia|spa|1
|-boost|p1a: Cresselia|spd|1
|move|p2a: Blastoise|Scald|p1a: Cresselia
|-end|p1a: Cresselia|Substitute
|
|-heal|p1a: Cresselia|341\/443|[from] item: Leftovers
|-heal|p2a: Blastoise|362\/362|[from] item: Leftovers
|turn|11
|
|move|p1a: Cresselia|Substitute|p1a: Cresselia
|-start|p1a: Cresselia|Substitute
|-damage|p1a: Cresselia|231\/443
|move|p2a: Blastoise|Scald|p1a: Cresselia
|-activate|p1a: Cresselia|Substitute|[damage]
|
|-heal|p1a: Cresselia|258\/443|[from] item: Leftovers
|turn|12
|
|move|p1a: Cresselia|Calm Mind|p1a: Cresselia
|-boost|p1a: Cresselia|spa|1
|-boost|p1a: Cresselia|spd|1
|move|p2a: Blastoise|Scald|p1a: Cresselia
|-activate|p1a: Cresselia|Substitute|[damage]
|
|-heal|p1a: Cresselia|285\/443|[from] item: Leftovers
|turn|13
|-message|chronic weed forfeited.
|leave|chronic weed
|
|win|boom bye yeah
|raw|Ladder updating...
|player|p2
|raw|boom bye yeah's rating: 1358 &rarr; <strong>1371<\/strong><br \/>(+13 for winning)
|raw|chronic weed's rating: 1228 &rarr; <strong>1212<\/strong><br \/>(-16 for losing)
|leave|pokemonboss34
|leave|boom bye yeah
|player|p1