|join|ult lowgock
|join|boom bye yeah
|player|p1|ult lowgock|273
|player|p2|boom bye yeah|1
|gametype|singles
|gen|6
|tier|UU
|rated
|rule|Sleep Clause Mod: Limit one foe put to sleep
|rule|Species Clause: Limit one of each PokÃ©mon
|rule|OHKO Clause: OHKO moves are banned
|rule|Moody Clause: Moody is banned
|rule|Evasion Moves Clause: Evasion moves are banned
|rule|Endless Battle Clause: Forcing endless battles is banned
|rule|HP Percentage Mod: HP is shown in percentages
|clearpoke
|poke|p1|Slurpuff, F
|poke|p1|Kingdra, M
|poke|p1|Aerodactyl, F
|poke|p1|Nidoqueen, F
|poke|p1|Cobalion
|poke|p1|Honchkrow, F
|poke|p2|Escavalier, F
|poke|p2|Cresselia, F
|poke|p2|Vaporeon, M
|poke|p2|Granbull, M
|poke|p2|Tentacruel, M
|poke|p2|Gligar, M
|rule|Swagger Clause: Swagger is banned
|rule|Baton Pass Clause: Limit one PokÃ©mon knowing Baton Pass
|teampreview
|
|start
|switch|p1a: Nidoqueen|Nidoqueen, F|345\/345
|switch|p2a: Cresselia|Cresselia, F|443\/443
|turn|1
|
|move|p2a: Cresselia|Substitute|p2a: Cresselia
|-start|p2a: Cresselia|Substitute
|-damage|p2a: Cresselia|333\/443
|move|p1a: Nidoqueen|Stealth Rock|p2a: Cresselia
|-sidestart|p2: boom bye yeah|move: Stealth Rock
|
|-heal|p2a: Cresselia|360\/443|[from] item: Leftovers
|turn|2
|
|switch|p1a: Honchkrow|Honchkrow, F|341\/341
|move|p2a: Cresselia|Calm Mind|p2a: Cresselia
|-boost|p2a: Cresselia|spa|1
|-boost|p2a: Cresselia|spd|1
|
|-heal|p2a: Cresselia|387\/443|[from] item: Leftovers
|turn|3
|
|move|p2a: Cresselia|Moonblast|p1a: Honchkrow
|-supereffective|p1a: Honchkrow
|-damage|p1a: Honchkrow|37\/341
|move|p1a: Honchkrow|Brave Bird|p2a: Cresselia
|-end|p2a: Cresselia|Substitute
|-damage|p1a: Honchkrow|1\/341|[from] recoil|[of] p2a: Cresselia
|-damage|p1a: Honchkrow|0 fnt|[from] item: Life Orb
|faint|p1a: Honchkrow
|
|-heal|p2a: Cresselia|414\/443|[from] item: Leftovers
|
|switch|p1a: Cobalion|Cobalion|323\/323
|turn|4
|
|move|p1a: Cobalion|Swords Dance|p1a: Cobalion
|-boost|p1a: Cobalion|atk|2
|move|p2a: Cresselia|Moonblast|p1a: Cobalion
|-damage|p1a: Cobalion|202\/323
|-unboost|p1a: Cobalion|spa|1
|
|-heal|p2a: Cresselia|441\/443|[from] item: Leftovers
|turn|5
|
|switch|p2a: Tentacruel|Tentacruel, M|363\/363
|-damage|p2a: Tentacruel|318\/363|[from] Stealth Rock
|move|p1a: Cobalion|Iron Head|p2a: Tentacruel
|-resisted|p2a: Tentacruel
|-damage|p2a: Tentacruel|220\/363
|
|-heal|p2a: Tentacruel|242\/363|[from] item: Black Sludge
|turn|6
|
|move|p1a: Cobalion|Stone Edge|p2a: Tentacruel
|-damage|p2a: Tentacruel|65\/363
|move|p2a: Tentacruel|Scald|p1a: Cobalion
|-crit|p1a: Cobalion
|-damage|p1a: Cobalion|57\/323
|
|-heal|p2a: Tentacruel|87\/363|[from] item: Black Sludge
|turn|7
|join|ITS IGGY IGGS
|
|switch|p2a: Granbull|Granbull, M|384\/384
|-damage|p2a: Granbull|336\/384|[from] Stealth Rock
|-ability|p2a: Granbull|Intimidate|[of] p1a: Cobalion
|-unboost|p1a: Cobalion|atk|1
|move|p1a: Cobalion|Iron Head|p2a: Granbull
|-supereffective|p2a: Granbull
|-damage|p2a: Granbull|48\/384
|
|-heal|p2a: Granbull|72\/384|[from] item: Leftovers
|turn|8
|
|move|p1a: Cobalion|Iron Head|p2a: Granbull
|-supereffective|p2a: Granbull
|-damage|p2a: Granbull|0 fnt
|faint|p2a: Granbull
|
|
|switch|p2a: Gligar|Gligar, M|334\/334
|-damage|p2a: Gligar|293\/334|[from] Stealth Rock
|turn|9
|
|move|p1a: Cobalion|Iron Head|p2a: Gligar
|-damage|p2a: Gligar|190\/334
|move|p2a: Gligar|Earthquake|p1a: Cobalion
|-supereffective|p1a: Cobalion
|-damage|p1a: Cobalion|0 fnt
|faint|p1a: Cobalion
|
|
|switch|p1a: Kingdra|Kingdra, M|301\/301
|turn|10
|
|switch|p2a: Cresselia|Cresselia, F|441\/443
|-damage|p2a: Cresselia|386\/443|[from] Stealth Rock
|move|p1a: Kingdra|Dragon Dance|p1a: Kingdra
|-boost|p1a: Kingdra|atk|1
|-boost|p1a: Kingdra|spe|1
|
|-heal|p2a: Cresselia|413\/443|[from] item: Leftovers
|turn|11
|
|move|p1a: Kingdra|Outrage|p2a: Cresselia
|-damage|p2a: Cresselia|203\/443
|move|p2a: Cresselia|Moonblast|p1a: Kingdra
|-supereffective|p1a: Kingdra
|-damage|p1a: Kingdra|177\/301
|
|-heal|p2a: Cresselia|230\/443|[from] item: Leftovers
|turn|12
|
|switch|p2a: Tentacruel|Tentacruel, M|87\/363
|-damage|p2a: Tentacruel|42\/363|[from] Stealth Rock
|move|p1a: Kingdra|Outrage|p2a: Tentacruel
|-damage|p2a: Tentacruel|0 fnt
|faint|p2a: Tentacruel
|
|
|switch|p2a: Escavalier|Escavalier, F|325\/325
|-damage|p2a: Escavalier|285\/325|[from] Stealth Rock
|turn|13
|
|move|p1a: Kingdra|Outrage|p2a: Escavalier
|-resisted|p2a: Escavalier
|-damage|p2a: Escavalier|171\/325
|move|p2a: Escavalier|Megahorn|p1a: Kingdra
|-damage|p1a: Kingdra|0 fnt
|faint|p1a: Kingdra
|
|
|switch|p1a: Nidoqueen|Nidoqueen, F|345\/345
|turn|14
|
|move|p1a: Nidoqueen|Earth Power|p2a: Escavalier
|-damage|p2a: Escavalier|33\/325
|move|p2a: Escavalier|Knock Off|p1a: Nidoqueen
|-damage|p1a: Nidoqueen|195\/345
|-enditem|p1a: Nidoqueen|Life Orb|[from] move: Knock Off|[of] p2a: Escavalier
|
|turn|15
|
|move|p1a: Nidoqueen|Earth Power|p2a: Escavalier
|-damage|p2a: Escavalier|0 fnt
|faint|p2a: Escavalier
|
|
|switch|p2a: Vaporeon|Vaporeon, M|463\/463
|-damage|p2a: Vaporeon|406\/463|[from] Stealth Rock
|turn|16
|
|move|p1a: Nidoqueen|Sludge Wave|p2a: Vaporeon
|-damage|p2a: Vaporeon|241\/463
|move|p2a: Vaporeon|Wish|p2a: Vaporeon
|
|-heal|p2a: Vaporeon|269\/463|[from] item: Leftovers
|turn|17
|
|switch|p2a: Cresselia|Cresselia, F|230\/443
|-damage|p2a: Cresselia|175\/443|[from] Stealth Rock
|move|p1a: Nidoqueen|Sludge Wave|p2a: Cresselia
|-damage|p2a: Cresselia|48\/443
|
|-heal|p2a: Cresselia|279\/443|[from] move: Wish|[wisher] Vaporeon
|-heal|p2a: Cresselia|306\/443|[from] item: Leftovers
|turn|18
|
|move|p2a: Cresselia|Calm Mind|p2a: Cresselia
|-boost|p2a: Cresselia|spa|1
|-boost|p2a: Cresselia|spd|1
|move|p1a: Nidoqueen|Sludge Wave|p2a: Cresselia
|-damage|p2a: Cresselia|209\/443
|
|-heal|p2a: Cresselia|236\/443|[from] item: Leftovers
|turn|19
|
|switch|p1a: Aerodactyl|Aerodactyl, F|301\/301
|move|p2a: Cresselia|Substitute|p2a: Cresselia
|-start|p2a: Cresselia|Substitute
|-damage|p2a: Cresselia|126\/443
|
|-heal|p2a: Cresselia|153\/443|[from] item: Leftovers
|turn|20
|
|detailschange|p1a: Aerodactyl|Aerodactyl-Mega, F
|-mega|p1a: Aerodactyl|Aerodactyl|Aerodactylite
|move|p1a: Aerodactyl|Aerial Ace|p2a: Cresselia
|-activate|p2a: Cresselia|Substitute|[damage]
|move|p2a: Cresselia|Psyshock|p1a: Aerodactyl
|-damage|p1a: Aerodactyl|180\/301
|
|-heal|p2a: Cresselia|180\/443|[from] item: Leftovers
|turn|21
|
|move|p1a: Aerodactyl|Aerial Ace|p2a: Cresselia
|-end|p2a: Cresselia|Substitute
|move|p2a: Cresselia|Substitute|p2a: Cresselia
|-start|p2a: Cresselia|Substitute
|-damage|p2a: Cresselia|70\/443
|
|-heal|p2a: Cresselia|97\/443|[from] item: Leftovers
|turn|22
|
|move|p1a: Aerodactyl|Stone Edge|p2a: Cresselia
|-crit|p2a: Cresselia
|-end|p2a: Cresselia|Substitute
|move|p2a: Cresselia|Moonblast|p1a: Aerodactyl
|-damage|p1a: Aerodactyl|89\/301
|-unboost|p1a: Aerodactyl|spa|1
|
|-heal|p2a: Cresselia|124\/443|[from] item: Leftovers
|turn|23
|
|move|p1a: Aerodactyl|Aqua Tail|p2a: Cresselia
|-damage|p2a: Cresselia|21\/443
|move|p2a: Cresselia|Psyshock|p1a: Aerodactyl
|-damage|p1a: Aerodactyl|0 fnt
|faint|p1a: Aerodactyl
|
|-heal|p2a: Cresselia|48\/443|[from] item: Leftovers
|
|switch|p1a: Slurpuff|Slurpuff, F|316\/316
|turn|24
|
|move|p1a: Slurpuff|Belly Drum|p1a: Slurpuff
|-damage|p1a: Slurpuff|158\/316
|-setboost|p1a: Slurpuff|atk|6|[from] move: Belly Drum
|-enditem|p1a: Slurpuff|Sitrus Berry|[eat]
|-heal|p1a: Slurpuff|237\/316|[from] item: Sitrus Berry
|move|p2a: Cresselia|Psyshock|p1a: Slurpuff
|-damage|p1a: Slurpuff|119\/316
|
|-heal|p2a: Cresselia|75\/443|[from] item: Leftovers
|turn|25
|
|move|p1a: Slurpuff|Return|p2a: Cresselia
|-damage|p2a: Cresselia|0 fnt
|faint|p2a: Cresselia
|
|
|switch|p2a: Gligar|Gligar, M|190\/334
|-damage|p2a: Gligar|149\/334|[from] Stealth Rock
|turn|26
|c|âboom bye yeah|g_g huyen
|
|move|p1a: Slurpuff|Return|p2a: Gligar
|-damage|p2a: Gligar|0 fnt
|faint|p2a: Gligar
|
|
|switch|p2a: Vaporeon|Vaporeon, M|269\/463
|-damage|p2a: Vaporeon|212\/463|[from] Stealth Rock
|turn|27
|c|âult lowgock|wer bis du alder
|c|âboom bye yeah|sekrit
|
|move|p1a: Slurpuff|Return|p2a: Vaporeon
|-damage|p2a: Vaporeon|0 fnt
|faint|p2a: Vaporeon
|
|win|ult lowgock
|raw|Ladder updating...
|c|âult lowgock|wer
|raw|ult lowgock's rating: 1655 &rarr; <strong>1663<\/strong><br \/>(+8 for winning)
|raw|boom bye yeah's rating: 1429 &rarr; <strong>1421<\/strong><br \/>(-8 for losing)
|leave|ult lowgock
|player|p1
|leave|boom bye yeah
|player|p2