|join|pokemonisfun
|join|boom bye yeah
|player|p1|pokemonisfun|184
|player|p2|boom bye yeah|43
|gametype|singles
|gen|6
|tier|UU
|rated
|rule|Sleep Clause Mod: Limit one foe put to sleep
|rule|Species Clause: Limit one of each PokÃ©mon
|rule|OHKO Clause: OHKO moves are banned
|rule|Moody Clause: Moody is banned
|rule|Evasion Moves Clause: Evasion moves are banned
|rule|Endless Battle Clause: Forcing endless battles is banned
|rule|HP Percentage Mod: HP is shown in percentages
|clearpoke
|poke|p1|Blissey, F
|poke|p1|Swampert, M
|poke|p1|Granbull, M
|poke|p1|Alomomola, M
|poke|p1|Crobat, F
|poke|p1|Celebi
|poke|p2|Cresselia, F
|poke|p2|Gligar, M
|poke|p2|Vaporeon, F
|poke|p2|Escavalier, F
|poke|p2|Granbull, M
|poke|p2|Tentacruel, F
|rule|Swagger Clause: Swagger is banned
|rule|Baton Pass Clause: Limit one PokÃ©mon knowing Baton Pass
|teampreview
|c|âboom bye yeah|hello pokemonisfun!
|c|âboom bye yeah|it is me your friend ahyueah!
|c|âpokemonisfun|prove it
|c|âboom bye yeah|if I change alt I lose.
|c|âpokemonisfun|feel free to lose
|c|âboom bye yeah|I wanna enjoy this battle before I do.
|join|PaulK618
|c|âpokemonisfun|if thats sd esca ill just forfeit now
|c|âboom bye yeah|it isnt
|c|âpokemonisfun|k ^_^
|join|I3Magikarp
|c|âboom bye yeah|oh oops
|c|âboom bye yeah|I thot i picked a mon
|join|DILF's DILF
|c|âpokemonisfun|okay ^_^
|c|âboom bye yeah|sorry
|
|start
|switch|p1a: bubblsy bubbles|Swampert, M|404\/404
|switch|p2a: Gligar|Gligar, M|272\/272
|turn|1
|c| DILF's DILF|wow
|c|âpokemonisfun|stay in
|c|âpokemonisfun|i wont use ice beam
|c|âpokemonisfun|or hydro pump
|c|âboom bye yeah|I am spdef
|c| DILF's DILF|Is this the legendary Curse Swampert
|c|âboom bye yeah|it isnt
|c| DILF's DILF|IT'S CURSE SWAMPERT
|c|âpokemonisfun|rofl what idiot uses sdef gligar
|c| DILF's DILF|IT'S CURSE SWAMPERT
|c|âboom bye yeah|this team is really old
|c|âboom bye yeah|and I wanted to try stuff out
|c|âboom bye yeah|n_n
|
|detailschange|p1a: bubblsy bubbles|Swampert-Mega, M
|-mega|p1a: bubblsy bubbles|Swampert|Swampertite
|move|p2a: Gligar|U-turn|p1a: bubblsy bubbles
|-damage|p1a: bubblsy bubbles|367\/404
|c|âpokemonisfun|the extra spdef counters nothing
|c| DILF's DILF|BE CAREFUL
|
|switch|p2a: Vaporeon|Vaporeon, F|464\/464
|move|p1a: bubblsy bubbles|Scald|p2a: Vaporeon
|-immune|p2a: Vaporeon|[msg]
|
|turn|2
|c|âpokemonisfun|and defensive pokemon only counter
|c| DILF's DILF|IT'S CURSE JIRACHI
|
|switch|p1a: onion fairy god|Celebi|396\/396
|move|p2a: Vaporeon|Scald|p1a: onion fairy god
|-resisted|p1a: onion fairy god
|-damage|p1a: onion fairy god|341\/396
|-status|p1a: onion fairy god|brn
|
|-heal|p1a: onion fairy god|365\/396 brn|[from] item: Leftovers
|-damage|p1a: onion fairy god|316\/396 brn|[from] brn
|turn|3
|c|âboom bye yeah|I survive random hp ices
|c|âboom bye yeah|n_n
|c| DILF's DILF|BE CAREFUL
|
|switch|p2a: Escavalier|Escavalier, F|325\/325
|move|p1a: onion fairy god|Stealth Rock|p2a: Escavalier
|-sidestart|p2: boom bye yeah|move: Stealth Rock
|
|-heal|p1a: onion fairy god|340\/396 brn|[from] item: Leftovers
|-damage|p1a: onion fairy god|291\/396 brn|[from] brn
|turn|4
|c| DILF's DILF|IT'S BULK UP CELEBI
|raw|<div class="broadcast-red"><b>Moderated chat was set to +!<\/b><br \/>Only users of rank + and higher can talk.<\/div>
|c|âboom bye yeah|sorry
|c|âboom bye yeah|annoying people
|c|âpokemonisfun|yeah i dont like them
|
|move|p2a: Escavalier|Pursuit|p1a: onion fairy god|[from]Pursuit
|-supereffective|p1a: onion fairy god
|-damage|p1a: onion fairy god|141\/396 brn
|switch|p1a: swimmy swim|Alomomola, M|471\/471
|
|turn|5
|c|âpokemonisfun|rofl
|c|âboom bye yeah|damn thats a fat celebi
|c|âpokemonisfun|how can that be weaker
|c|âboom bye yeah|idk
|c|âboom bye yeah|this should have done more or am I trippin
|leave|DILF's DILF
|c|âpokemonisfun|idk how i make stall teams but sd esca always 6-0s me
|c|âpokemonisfun|do you have advice
|
|switch|p2a: Tentacruel|Tentacruel, F|364\/364
|-damage|p2a: Tentacruel|319\/364|[from] Stealth Rock
|move|p1a: swimmy swim|Wish|p1a: swimmy swim
|
|-heal|p2a: Tentacruel|341\/364|[from] item: Black Sludge
|turn|6
|c|âboom bye yeah|yeah I know that feeling a reason why I always added some random fire coverage or played some weird stuff like defensive rk9
|
|switch|p1a: bubblsy bubbles|Swampert-Mega, M|367\/404
|move|p2a: Tentacruel|Rapid Spin|p1a: bubblsy bubbles
|-damage|p1a: bubblsy bubbles|356\/404
|-sideend|p2: boom bye yeah|Stealth Rock|[from] move: Rapid Spin|[of] p2a: Tentacruel
|
|-heal|p1a: bubblsy bubbles|404\/404|[from] move: Wish|[wisher] swimmy swim
|-heal|p2a: Tentacruel|363\/364|[from] item: Black Sludge
|turn|7
|c|âboom bye yeah|or in that case I rely on burn
|c|âpokemonisfun|i invented defensive rk9
|c|âpokemonisfun|just wanted to throw that out there
|
|switch|p2a: Vaporeon|Vaporeon, F|464\/464
|move|p1a: bubblsy bubbles|Earthquake|p2a: Vaporeon
|-damage|p2a: Vaporeon|305\/464
|
|-heal|p2a: Vaporeon|334\/464|[from] item: Leftovers
|turn|8
|c|âboom bye yeah|thats quite a lot
|join|DILF's DILF
|c|âboom bye yeah|for uninvested
|c|âpokemonisfun|i was thinking the exact opposite
|
|switch|p2a: Escavalier|Escavalier, F|325\/325
|switch|p1a: onion fairy god|Celebi|141\/396
|
|-heal|p1a: onion fairy god|165\/396|[from] item: Leftovers
|turn|9
|join|ANGER MANAGEMENT
|
|switch|p1a: swimmy swim|Alomomola, M|471\/471
|move|p2a: Escavalier|Knock Off|p1a: swimmy swim
|-damage|p1a: swimmy swim|357\/471
|-enditem|p1a: swimmy swim|Leftovers|[from] move: Knock Off|[of] p2a: Escavalier
|
|turn|10
|c|âpokemonisfun|lol you fucking coward
|c|âpokemonisfun|always pursuit
|
|switch|p2a: Tentacruel|Tentacruel, F|363\/364
|move|p1a: swimmy swim|Wish|p1a: swimmy swim
|
|-heal|p2a: Tentacruel|364\/364|[from] item: Black Sludge
|turn|11
|c|âboom bye yeah|I wasnt sure
|c|âboom bye yeah|if u would stay in tanking
|
|switch|p1a: onion fairy god|Celebi|165\/396
|move|p2a: Tentacruel|Toxic Spikes|p1a: onion fairy god
|-sidestart|p1: pokemonisfun|move: Toxic Spikes
|
|-heal|p1a: onion fairy god|396\/396|[from] move: Wish|[wisher] swimmy swim
|turn|12
|c|âpokemonisfun|at least use mega
|
|move|p1a: onion fairy god|Stealth Rock|p2a: Tentacruel
|-sidestart|p2: boom bye yeah|move: Stealth Rock
|move|p2a: Tentacruel|Ice Beam|p1a: onion fairy god
|-supereffective|p1a: onion fairy god
|-damage|p1a: onion fairy god|274\/396
|
|-heal|p1a: onion fairy god|298\/396|[from] item: Leftovers
|turn|13
|c|âpokemonisfun|i always change between psychic nd giga drain
|join|masochism
|c|âboom bye yeah|lets see
|c|âpokemonisfun|well i just changed to giga drain because mega absol trolled me
|
|switch|p1a: batsy watzy|Crobat, F|373\/373
|move|p2a: Tentacruel|Rapid Spin|p1a: batsy watzy
|-damage|p1a: batsy watzy|359\/373
|-sideend|p2: boom bye yeah|Stealth Rock|[from] move: Rapid Spin|[of] p2a: Tentacruel
|
|-heal|p1a: batsy watzy|373\/373|[from] item: Black Sludge
|turn|14
|
|move|p1a: batsy watzy|Brave Bird|p2a: Tentacruel
|-damage|p2a: Tentacruel|249\/364
|-damage|p1a: batsy watzy|335\/373|[from] recoil|[of] p2a: Tentacruel
|move|p2a: Tentacruel|Ice Beam|p1a: batsy watzy
|-supereffective|p1a: batsy watzy
|-damage|p1a: batsy watzy|197\/373
|
|-heal|p1a: batsy watzy|220\/373|[from] item: Black Sludge
|-heal|p2a: Tentacruel|271\/364|[from] item: Black Sludge
|turn|15
|c|âpokemonisfun|curse crobat 6-0syou by the way
|c|âboom bye yeah|yeah sometimes my teams have big weaknesses like curse crobat
|c|âpokemonisfun|flying weakness in general
|
|move|p1a: batsy watzy|Defog|p2a: Tentacruel
|-unboost|p2a: Tentacruel|evasion|1
|-sideend|p1: pokemonisfun|Toxic Spikes|[from] move: Defog|[of] p1a: batsy watzy
|move|p2a: Tentacruel|Ice Beam|p1a: batsy watzy
|-supereffective|p1a: batsy watzy
|-damage|p1a: batsy watzy|74\/373
|
|-heal|p1a: batsy watzy|97\/373|[from] item: Black Sludge
|-heal|p2a: Tentacruel|293\/364|[from] item: Black Sludge
|turn|16
ANGER MANAGEMENT was promoted to Room Voice by boom bye yeah.
|join|FNH
|
|move|p1a: batsy watzy|Roost|p1a: batsy watzy
|-heal|p1a: batsy watzy|284\/373
|move|p2a: Tentacruel|Scald|p1a: batsy watzy
|-damage|p1a: batsy watzy|193\/373
|
|-heal|p1a: batsy watzy|216\/373|[from] item: Black Sludge
|-heal|p2a: Tentacruel|315\/364|[from] item: Black Sludge
|turn|17
|leave|FNH
|join|Scarf Oddish
|c|âpokemonisfun|how do i unvoice him
|c|+ANGER MANAGEMENT|you can't
|c|+ANGER MANAGEMENT|sorry
|c|âboom bye yeah|he asked me nicely
|c|âpokemonisfun|o_o
|c|âpokemonisfun|hes a smofag
|
|switch|p1a: bubblsy bubbles|Swampert-Mega, M|404\/404
|move|p2a: Tentacruel|Toxic Spikes|p1a: bubblsy bubbles
|-sidestart|p1: pokemonisfun|move: Toxic Spikes
|
|-heal|p2a: Tentacruel|337\/364|[from] item: Black Sludge
|turn|18
|c|âpokemonisfun|smofags dont deserve speech
|
|switch|p2a: Cresselia|Cresselia, F|443\/443
|move|p1a: bubblsy bubbles|Earthquake|p2a: Cresselia
|-immune|p2a: Cresselia|[msg]
|
|turn|19
|c|+ANGER MANAGEMENT|I have no affilliation
|leave|I3Magikarp
|
|switch|p2a: Vaporeon|Vaporeon, F|334\/464
|move|p1a: bubblsy bubbles|Scald|p2a: Vaporeon
|-heal|p2a: Vaporeon|450\/464|[from] ability: Water Absorb|[of] p1a: bubblsy bubbles
|
|-heal|p2a: Vaporeon|464\/464|[from] item: Leftovers
|turn|20
|
|switch|p1a: onion fairy god|Celebi|298\/396
|-status|p1a: onion fairy god|psn
|move|p2a: Vaporeon|Scald|p1a: onion fairy god
|-resisted|p1a: onion fairy god
|-damage|p1a: onion fairy god|244\/396 psn
|
|-heal|p1a: onion fairy god|268\/396 psn|[from] item: Leftovers
|-damage|p1a: onion fairy god|219\/396 psn|[from] psn
|turn|21
|
|switch|p2a: Tentacruel|Tentacruel, F|337\/364
|move|p1a: onion fairy god|Stealth Rock|p2a: Tentacruel
|-sidestart|p2: boom bye yeah|move: Stealth Rock
|
|-heal|p1a: onion fairy god|243\/396 psn|[from] item: Leftovers
|-heal|p2a: Tentacruel|359\/364|[from] item: Black Sludge
|-damage|p1a: onion fairy god|194\/396 psn|[from] psn
|turn|22
|
|switch|p1a: swimmy swim|Alomomola, M|471\/471
|-status|p1a: swimmy swim|psn
|move|p2a: Tentacruel|Rapid Spin|p1a: swimmy swim
|-damage|p1a: swimmy swim|461\/471 psn
|-sideend|p2: boom bye yeah|Stealth Rock|[from] move: Rapid Spin|[of] p2a: Tentacruel
|
|-heal|p2a: Tentacruel|364\/364|[from] item: Black Sludge
|-damage|p1a: swimmy swim|403\/471 psn|[from] psn
|turn|23
|
|move|p2a: Tentacruel|Toxic Spikes|p1a: swimmy swim
|-sidestart|p1: pokemonisfun|move: Toxic Spikes
|move|p1a: swimmy swim|Wish|p1a: swimmy swim
|
|-damage|p1a: swimmy swim|345\/471 psn|[from] psn
|turn|24
|
|move|p2a: Tentacruel|Scald|p1a: swimmy swim
|-resisted|p1a: swimmy swim
|-damage|p1a: swimmy swim|296\/471 psn
|move|p1a: swimmy swim|Scald|p2a: Tentacruel
|-resisted|p2a: Tentacruel
|-damage|p2a: Tentacruel|342\/364
|-status|p2a: Tentacruel|brn
|
|-heal|p1a: swimmy swim|471\/471 psn|[from] move: Wish|[wisher] swimmy swim
|-heal|p2a: Tentacruel|364\/364 brn|[from] item: Black Sludge
|-damage|p2a: Tentacruel|319\/364 brn|[from] brn
|-damage|p1a: swimmy swim|413\/471 psn|[from] psn
|turn|25
|
|switch|p2a: Cresselia|Cresselia, F|443\/443
|move|p1a: swimmy swim|Wish|p1a: swimmy swim
|
|-damage|p1a: swimmy swim|355\/471 psn|[from] psn
|turn|26
|
|move|p2a: Cresselia|Substitute|p2a: Cresselia
|-start|p2a: Cresselia|Substitute
|-damage|p2a: Cresselia|333\/443
|move|p1a: swimmy swim|Scald|p2a: Cresselia
|-crit|p2a: Cresselia
|-activate|p2a: Cresselia|Substitute|[damage]
|
|-heal|p1a: swimmy swim|471\/471 psn|[from] move: Wish|[wisher] swimmy swim
|-heal|p2a: Cresselia|360\/443|[from] item: Leftovers
|-damage|p1a: swimmy swim|413\/471 psn|[from] psn
|turn|27
|c|âpokemonisfun|what utter bullshit
|c|+ANGER MANAGEMENT|this is what happens
|c|âboom bye yeah|I always wanted to use that set
|
|switch|p1a: woofy woof woof|Granbull, M|384\/384
|-status|p1a: woofy woof woof|tox
|-activate|p2a: Cresselia|Substitute|ability: Intimidate|[of] p1a: woofy woof woof
|move|p2a: Cresselia|Calm Mind|p2a: Cresselia
|-boost|p2a: Cresselia|spa|1
|-boost|p2a: Cresselia|spd|1
|
|-heal|p2a: Cresselia|387\/443|[from] item: Leftovers
|-damage|p1a: woofy woof woof|360\/384 tox|[from] psn
|turn|28
|c|âboom bye yeah|but he has haze bat + roar dog + perish onion fairy
|c|âboom bye yeah|anyway
|
|move|p2a: Cresselia|Moonblast|p1a: woofy woof woof
|-damage|p1a: woofy woof woof|251\/384 tox
|move|p1a: woofy woof woof|Roar|p2a: Cresselia
|drag|p2a: Gligar|Gligar, M|272\/272
|
|-heal|p1a: woofy woof woof|275\/384 tox|[from] item: Leftovers
|-damage|p1a: woofy woof woof|227\/384 tox|[from] psn
|turn|29
|
|switch|p1a: batsy watzy|Crobat, F|216\/373
|move|p2a: Gligar|U-turn|p1a: batsy watzy
|-resisted|p1a: batsy watzy
|-damage|p1a: batsy watzy|203\/373
|
|switch|p2a: Cresselia|Cresselia, F|387\/443
|
|-heal|p1a: batsy watzy|226\/373|[from] item: Black Sludge
|-heal|p2a: Cresselia|414\/443|[from] item: Leftovers
|turn|30
|c|âpokemonisfun|do you have a stab
|c|âboom bye yeah|yeah
|c|âpokemonisfun|wow
|c|âpokemonisfun|im not playing this
|-message|pokemonisfun forfeited.
|-message|pokemonisfun forfeited.
|c|âboom bye yeah|lol.
|leave|pokemonisfun
|
|win|boom bye yeah
|raw|Ladder updating...