|join|Davon
|join|Ugly Weirdo
|player|p1|Davon|75
|player|p2|Ugly Weirdo|235
|gametype|singles
|gen|6
|tier|ORAS OU
|rated
|rule|Sleep Clause Mod: Limit one foe put to sleep
|rule|Species Clause: Limit one of each PokÃ©mon
|rule|OHKO Clause: OHKO moves are banned
|rule|Moody Clause: Moody is banned
|rule|Evasion Moves Clause: Evasion moves are banned
|rule|Endless Battle Clause: Forcing endless battles is banned
|rule|HP Percentage Mod: HP is shown in percentages
|clearpoke
|poke|p1|Suicune
|poke|p1|Sceptile, M
|poke|p1|Jirachi
|poke|p1|Zapdos
|poke|p1|Clefable, M
|poke|p1|Landorus-Therian, M
|poke|p2|Sableye, F, shiny
|poke|p2|Shedinja
|poke|p2|Clefable, F, shiny
|poke|p2|Chansey, F, shiny
|poke|p2|Heatran, F
|poke|p2|Skarmory, F
|rule|Swagger Clause: Swagger is banned
|rule|Baton Pass Clause: Limit one PokÃ©mon knowing Baton Pass
|teampreview
|
|start
|switch|p1a: Clefable|Clefable, M|394\/394
|switch|p2a: Sableye|Sableye, F, shiny|303\/303
|turn|1
|
|switch|p2a: Shedinja|Shedinja|1\/1
|move|p1a: Clefable|Stealth Rock|p2a: Shedinja
|-sidestart|p2: Ugly Weirdo|move: Stealth Rock
|
|turn|2
|
|switch|p2a: Heatran|Heatran, F|386\/386
|-damage|p2a: Heatran|338\/386|[from] Stealth Rock
|move|p1a: Clefable|Fire Blast|p2a: Heatran
|-start|p2a: Heatran|ability: Flash Fire
|
|-heal|p2a: Heatran|362\/386|[from] item: Leftovers
|turn|3
|
|switch|p1a: Suicune|Suicune|404\/404
|-ability|p1a: Suicune|Pressure
|move|p2a: Heatran|Lava Plume|p1a: Suicune
|-resisted|p1a: Suicune
|-damage|p1a: Suicune|322\/404
|
|-heal|p1a: Suicune|347\/404|[from] item: Leftovers
|-heal|p2a: Heatran|386\/386|[from] item: Leftovers
|turn|4
|
|switch|p2a: Skarmory|Skarmory, F|334\/334
|-damage|p2a: Skarmory|293\/334|[from] Stealth Rock
|move|p1a: Suicune|Calm Mind|p1a: Suicune
|-boost|p1a: Suicune|spa|1
|-boost|p1a: Suicune|spd|1
|
|-heal|p1a: Suicune|372\/404|[from] item: Leftovers
|turn|5
|
|move|p1a: Suicune|Scald|p2a: Skarmory
|-damage|p2a: Skarmory|110\/334
|move|p2a: Skarmory|Defog|p1a: Suicune
|-unboost|p1a: Suicune|evasion|1
|-sideend|p2: Ugly Weirdo|Stealth Rock|[from] move: Defog|[of] p2a: Skarmory
|
|-heal|p1a: Suicune|397\/404|[from] item: Leftovers
|turn|6
|
|switch|p1a: Clefable|Clefable, M|394\/394
|switch|p2a: Sableye|Sableye, F, shiny|303\/303
|
|turn|7
|
|detailschange|p2a: Sableye|Sableye-Mega, F, shiny
|message|Sableye has Mega Evolved into Mega Sableye!
|move|p2a: Sableye|Recover|p2a: Sableye
|-fail|p2a: Sableye
|move|p1a: Clefable|Moonblast|p2a: Sableye
|-supereffective|p2a: Sableye
|-damage|p2a: Sableye|129\/303
|-unboost|p2a: Sableye|spa|1
|
|turn|8
|
|move|p1a: Clefable|Stealth Rock|p2a: Sableye
|move|p2a: Sableye|Stealth Rock|p1a: Clefable|[from]Magic Bounce
|-sidestart|p1: Davon|move: Stealth Rock
|move|p2a: Sableye|Recover|p2a: Sableye
|-heal|p2a: Sableye|281\/303
|
|turn|9
|
|move|p1a: Clefable|Stealth Rock|p2a: Sableye
|move|p2a: Sableye|Stealth Rock|p1a: Clefable|[from]Magic Bounce
|-fail|p1a: Clefable
|move|p2a: Sableye|Snarl|p1a: Clefable
|-resisted|p1a: Clefable
|-damage|p1a: Clefable|379\/394
|-unboost|p1a: Clefable|spa|1
|
|-heal|p1a: Clefable|394\/394|[from] item: Leftovers
|turn|10
|
|switch|p1a: Suicune|Suicune|397\/404
|-damage|p1a: Suicune|347\/404|[from] Stealth Rock
|-ability|p1a: Suicune|Pressure
|move|p2a: Sableye|Snarl|p1a: Suicune
|-damage|p1a: Suicune|316\/404
|-unboost|p1a: Suicune|spa|1
|
|-heal|p1a: Suicune|341\/404|[from] item: Leftovers
|turn|11
|
|switch|p2a: Shedinja|Shedinja|1\/1
|move|p1a: Suicune|Calm Mind|p1a: Suicune
|-boost|p1a: Suicune|spa|1
|-boost|p1a: Suicune|spd|1
|
|-heal|p1a: Suicune|366\/404|[from] item: Leftovers
|turn|12
|
|switch|p1a: Clefable|Clefable, M|394\/394
|move|p2a: Shedinja|Toxic|p1a: Clefable
|-status|p1a: Clefable|tox
|
|turn|13
|
|move|p2a: Shedinja|Confuse Ray|p1a: Clefable
|-start|p1a: Clefable|confusion
|-activate|p1a: Clefable|confusion
|-damage|p1a: Clefable|372\/394 tox|[from] confusion
|
|-heal|p1a: Clefable|394\/394 tox|[from] item: Leftovers
|turn|14
|
|switch|p2a: Sableye|Sableye-Mega, F, shiny|281\/303
|-activate|p1a: Clefable|confusion
|move|p1a: Clefable|Moonblast|p2a: Sableye
|-supereffective|p2a: Sableye
|-damage|p2a: Sableye|95\/303
|
|turn|15
|
|-activate|p1a: Clefable|confusion
|move|p1a: Clefable|Stealth Rock|p2a: Sableye
|move|p2a: Sableye|Stealth Rock|p1a: Clefable|[from]Magic Bounce
|-fail|p1a: Clefable
|move|p2a: Sableye|Recover|p2a: Sableye
|-heal|p2a: Sableye|247\/303
|
|turn|16
|
|-end|p1a: Clefable|confusion
|move|p1a: Clefable|Moonblast|p2a: Sableye
|-supereffective|p2a: Sableye
|-damage|p2a: Sableye|65\/303
|move|p2a: Sableye|Snarl|p1a: Clefable
|-resisted|p1a: Clefable
|-damage|p1a: Clefable|369\/394 tox
|-unboost|p1a: Clefable|spa|1
|
|-heal|p1a: Clefable|393\/394 tox|[from] item: Leftovers
|turn|17
|
|switch|p2a: Clefable|Clefable, F, shiny|394\/394
|move|p1a: Clefable|Moonblast|p2a: Clefable
|-damage|p2a: Clefable|277\/394
|
|-heal|p1a: Clefable|394\/394 tox|[from] item: Leftovers
|-heal|p2a: Clefable|301\/394|[from] item: Leftovers
|turn|18
|
|switch|p1a: Jirachi|Jirachi|404\/404
|-damage|p1a: Jirachi|379\/404|[from] Stealth Rock
|switch|p2a: Sableye|Sableye-Mega, F, shiny|65\/303
|
|-heal|p1a: Jirachi|404\/404|[from] item: Leftovers
|turn|19
|
|move|p1a: Jirachi|Iron Head|p2a: Sableye
|-damage|p2a: Sableye|0 fnt
|faint|p2a: Sableye
|
|
|switch|p2a: Shedinja|Shedinja|1\/1
|turn|20
|
|move|p1a: Jirachi|Toxic|p2a: Shedinja
|-status|p2a: Shedinja|tox
|move|p2a: Shedinja|Will-O-Wisp|p1a: Jirachi
|-status|p1a: Jirachi|brn
|
|-damage|p1a: Jirachi|354\/404 brn|[from] brn
|-damage|p2a: Shedinja|0 fnt|[from] psn
|faint|p2a: Shedinja
|-message|Ugly Weirdo forfeited.
|
|win|Davon
|raw|Ladder updating...
|leave|Ugly Weirdo
|player|p2
|raw|Davon's rating: 1292 &rarr; <strong>1321<\/strong><br \/>(+29 for winning)
|raw|Ugly Weirdo's rating: 1350 &rarr; <strong>1326<\/strong><br \/>(-24 for losing)