|join|TheBumbleBeeBoy
|join|Ugly Weirdo
|player|p1|TheBumbleBeeBoy|294
|player|p2|Ugly Weirdo|42
|gametype|singles
|gen|6
|tier|OU (suspect test)
|rated
|clearpoke
|poke|p1|Azumarill, M
|poke|p1|Talonflame, M
|poke|p1|Landorus-Therian, M
|poke|p1|Ferrothorn, F
|poke|p1|Heracross, F
|poke|p1|Latios, M
|poke|p2|Sableye, M
|poke|p2|Tangrowth, F
|poke|p2|Skarmory, F
|poke|p2|Chansey, F
|poke|p2|Clefable, M, shiny
|poke|p2|Alomomola, M, shiny
|rule|Swagger Clause: Swagger is banned
|rule|Baton Pass Clause: Limit one PokÃ©mon knowing Baton Pass
|rule|Sleep Clause Mod: Limit one foe put to sleep
|rule|Species Clause: Limit one of each PokÃ©mon
|rule|OHKO Clause: OHKO moves are banned
|rule|Moody Clause: Moody is banned
|rule|Evasion Moves Clause: Evasion moves are banned
|rule|Endless Battle Clause: Forcing endless battles is banned
|rule|HP Percentage Mod: HP is shown in percentages
|teampreview
|
|start
|switch|p1a: Jimmy Talon|Talonflame, M|297\/297
|switch|p2a: Sableye|Sableye, M|304\/304
|turn|1
|
|detailschange|p2a: Sableye|Sableye-Mega, M
|-mega|p2a: Sableye|Sableye|Sablenite
|move|p1a: Jimmy Talon|Swords Dance|p1a: Jimmy Talon
|-boost|p1a: Jimmy Talon|atk|2
|move|p2a: Sableye|Shadow Ball|p1a: Jimmy Talon
|-crit|p1a: Jimmy Talon
|-damage|p1a: Jimmy Talon|138\/297
|
|turn|2
|
|switch|p2a: Alomomola|Alomomola, M, shiny|497\/497
|move|p1a: Jimmy Talon|Roost|p1a: Jimmy Talon
|-heal|p1a: Jimmy Talon|287\/297
|
|turn|3
|
|switch|p1a: Punch Buggy|Heracross, F|311\/311
|move|p2a: Alomomola|Scald|p1a: Punch Buggy
|-damage|p1a: Punch Buggy|263\/311
|
|turn|4
|
|detailschange|p1a: Punch Buggy|Heracross-Mega, F
|-mega|p1a: Punch Buggy|Heracross|Heracronite
|move|p2a: Alomomola|Protect|p2a: Alomomola
|-singleturn|p2a: Alomomola|Protect
|move|p1a: Punch Buggy|Bullet Seed|p2a: Alomomola
|-activate|p2a: Alomomola|Protect
|
|turn|5
|
|switch|p2a: Tangrowth|Tangrowth, F|404\/404
|move|p1a: Punch Buggy|Close Combat|p2a: Tangrowth
|-damage|p2a: Tangrowth|184\/404
|-unboost|p1a: Punch Buggy|def|1
|-unboost|p1a: Punch Buggy|spd|1
|
|turn|6
|
|switch|p2a: Skarmory|Skarmory, F|333\/333
|move|p1a: Punch Buggy|Pin Missile|p2a: Skarmory
|-resisted|p2a: Skarmory
|-damage|p2a: Skarmory|324\/333
|-resisted|p2a: Skarmory
|-damage|p2a: Skarmory|315\/333
|-resisted|p2a: Skarmory
|-damage|p2a: Skarmory|306\/333
|-resisted|p2a: Skarmory
|-damage|p2a: Skarmory|296\/333
|-resisted|p2a: Skarmory
|-damage|p2a: Skarmory|287\/333
|-hitcount|p2a: Skarmory|5
|
|turn|7
|
|move|p1a: Punch Buggy|Close Combat|p2a: Skarmory
|-damage|p2a: Skarmory|101\/333
|-damage|p1a: Punch Buggy|212\/311|[from] item: Rocky Helmet|[of] p2a: Skarmory
|-unboost|p1a: Punch Buggy|def|1
|-unboost|p1a: Punch Buggy|spd|1
|move|p2a: Skarmory|Roost|p2a: Skarmory
|-heal|p2a: Skarmory|268\/333
|
|turn|8
|
|switch|p1a: Jay Jetson|Latios, M|302\/302
|switch|p2a: Sableye|Sableye-Mega, M|304\/304
|
|turn|9
|
|switch|p2a: Chansey|Chansey, F|703\/703
|move|p1a: Jay Jetson|Draco Meteor|p2a: Chansey
|-damage|p2a: Chansey|515\/703
|-unboost|p1a: Jay Jetson|spa|2
|-damage|p1a: Jay Jetson|272\/302|[from] item: Life Orb
|
|turn|10
|
|switch|p1a: Huggle Hugger|Ferrothorn, F|352\/352
|move|p2a: Chansey|Toxic|p1a: Huggle Hugger
|-fail|p1a: Huggle Hugger
|
|turn|11
|
|switch|p2a: Sableye|Sableye-Mega, M|304\/304
|switch|p1a: Boppin' Bunny|Azumarill, M|401\/401
|
|turn|12
|
|move|p1a: Boppin' Bunny|Play Rough|p2a: Sableye
|-supereffective|p2a: Sableye
|-damage|p2a: Sableye|56\/304
|move|p2a: Sableye|Will-O-Wisp|p1a: Boppin' Bunny
|-status|p1a: Boppin' Bunny|brn
|
|-damage|p1a: Boppin' Bunny|351\/401 brn|[from] brn
|turn|13
|
|switch|p1a: Punch Buggy|Heracross-Mega, F|212\/311
|switch|p2a: Alomomola|Alomomola, M, shiny|497\/497
|
|turn|14
|
|switch|p2a: Skarmory|Skarmory, F|268\/333
|move|p1a: Punch Buggy|Close Combat|p2a: Skarmory
|-damage|p2a: Skarmory|106\/333
|-damage|p1a: Punch Buggy|161\/311|[from] item: Rocky Helmet|[of] p2a: Skarmory
|-unboost|p1a: Punch Buggy|def|1
|-unboost|p1a: Punch Buggy|spd|1
|
|turn|15
|
|switch|p2a: Clefable|Clefable, M, shiny|357\/357
|move|p1a: Punch Buggy|Rock Blast|p2a: Clefable
|-damage|p2a: Clefable|315\/357
|-damage|p2a: Clefable|280\/357
|-damage|p2a: Clefable|242\/357
|-damage|p2a: Clefable|200\/357
|-damage|p2a: Clefable|161\/357
|-hitcount|p2a: Clefable|5
|
|-heal|p2a: Clefable|183\/357|[from] item: Leftovers
|turn|16
|
|switch|p2a: Alomomola|Alomomola, M, shiny|497\/497
|move|p1a: Punch Buggy|Bullet Seed|p2a: Alomomola
|-supereffective|p2a: Alomomola
|-damage|p2a: Alomomola|423\/497
|-supereffective|p2a: Alomomola
|-damage|p2a: Alomomola|351\/497
|-supereffective|p2a: Alomomola
|-damage|p2a: Alomomola|271\/497
|-supereffective|p2a: Alomomola
|-damage|p2a: Alomomola|199\/497
|-supereffective|p2a: Alomomola
|-damage|p2a: Alomomola|117\/497
|-hitcount|p2a: Alomomola|5
|
|-heal|p2a: Alomomola|148\/497|[from] item: Leftovers
|turn|17
|
|move|p2a: Alomomola|Protect|p2a: Alomomola
|-singleturn|p2a: Alomomola|Protect
|move|p1a: Punch Buggy|Close Combat|p2a: Alomomola
|-activate|p2a: Alomomola|Protect
|
|-heal|p2a: Alomomola|179\/497|[from] item: Leftovers
|turn|18
|
|switch|p2a: Tangrowth|Tangrowth, F|318\/404
|move|p1a: Punch Buggy|Close Combat|p2a: Tangrowth
|-damage|p2a: Tangrowth|80\/404
|-unboost|p1a: Punch Buggy|def|1
|-unboost|p1a: Punch Buggy|spd|1
|
|turn|19
|
|move|p1a: Punch Buggy|Close Combat|p2a: Tangrowth
|-damage|p2a: Tangrowth|0 fnt
|-unboost|p1a: Punch Buggy|def|1
|-unboost|p1a: Punch Buggy|spd|1
|faint|p2a: Tangrowth
|
|
|switch|p2a: Alomomola|Alomomola, M, shiny|344\/497
|turn|20
|
|move|p2a: Alomomola|Protect|p2a: Alomomola
|-singleturn|p2a: Alomomola|Protect
|move|p1a: Punch Buggy|Bullet Seed|p2a: Alomomola
|-activate|p2a: Alomomola|Protect
|
|-heal|p2a: Alomomola|375\/497|[from] item: Leftovers
|turn|21
|
|move|p1a: Punch Buggy|Bullet Seed|p2a: Alomomola
|-supereffective|p2a: Alomomola
|-damage|p2a: Alomomola|301\/497
|-supereffective|p2a: Alomomola
|-damage|p2a: Alomomola|229\/497
|-supereffective|p2a: Alomomola
|-damage|p2a: Alomomola|147\/497
|-supereffective|p2a: Alomomola
|-damage|p2a: Alomomola|71\/497
|-supereffective|p2a: Alomomola
|-damage|p2a: Alomomola|0 fnt
|-hitcount|p2a: Alomomola|5
|faint|p2a: Alomomola
|
|
|switch|p2a: Sableye|Sableye-Mega, M|56\/304
|turn|22
|
|move|p1a: Punch Buggy|Bullet Seed|p2a: Sableye
|-damage|p2a: Sableye|27\/304
|-damage|p2a: Sableye|0 fnt
|-hitcount|p2a: Sableye|2
|faint|p2a: Sableye
|
|
|switch|p2a: Clefable|Clefable, M, shiny|183\/357
|turn|23
|c|âTheBumbleBeeBoy|sp.defensive?
|
|move|p1a: Punch Buggy|Bullet Seed|p2a: Clefable
|-crit|p2a: Clefable
|-damage|p2a: Clefable|125\/357
|-damage|p2a: Clefable|86\/357
|-damage|p2a: Clefable|50\/357
|-damage|p2a: Clefable|11\/357
|-damage|p2a: Clefable|0 fnt
|-hitcount|p2a: Clefable|5
|faint|p2a: Clefable
|
|c|âTheBumbleBeeBoy|dont think crit mattered
|
|switch|p2a: Skarmory|Skarmory, F|106\/333
|turn|24
|
|move|p1a: Punch Buggy|Close Combat|p2a: Skarmory
|-damage|p2a: Skarmory|0 fnt
|-damage|p1a: Punch Buggy|110\/311|[from] item: Rocky Helmet|[of] p2a: Skarmory
|-unboost|p1a: Punch Buggy|def|1
|-unboost|p1a: Punch Buggy|spd|1
|faint|p2a: Skarmory
|
|-message|Ugly Weirdo forfeited.
|leave|Ugly Weirdo
|
|win|TheBumbleBeeBoy
|raw|Ladder updating...
|player|p2
|c|âTheBumbleBeeBoy|gg fren
|raw|TheBumbleBeeBoy's rating: 1258 &rarr; <strong>1283<\/strong><br \/>(+25 for winning)
|raw|Ugly Weirdo's rating: 1249 &rarr; <strong>1224<\/strong><br \/>(-25 for losing)