|join|MrSmokeALottaPot
|join|bidoofspeed
|player|p1|MrSmokeALottaPot|121
|player|p2|bidoofspeed|278
|gametype|singles
|gen|6
|tier|UU
|rated
|rule|Sleep Clause Mod: Limit one foe put to sleep
|rule|Species Clause: Limit one of each PokÃ©mon
|rule|OHKO Clause: OHKO moves are banned
|rule|Moody Clause: Moody is banned
|rule|Evasion Moves Clause: Evasion moves are banned
|rule|Endless Battle Clause: Forcing endless battles is banned
|rule|HP Percentage Mod: HP is shown in percentages
|clearpoke
|poke|p1|Medicham, F
|poke|p1|Galvantula, F
|poke|p1|Slowking, M
|poke|p1|Forretress, F
|poke|p1|Krookodile, M
|poke|p1|Porygon-Z
|poke|p2|Infernape, M
|poke|p2|Alomomola, M
|poke|p2|Hydreigon, M
|poke|p2|Toxicroak, F
|poke|p2|Aerodactyl, F
|poke|p2|Bronzong
|rule|Swagger Clause: Swagger is banned
|rule|Baton Pass Clause: Limit one PokÃ©mon knowing Baton Pass
|teampreview
|
|start
|switch|p1a: Kreygasm|Medicham, F|261\/261
|switch|p2a: Pokey|Toxicroak, F|357\/357
|turn|1
|
|switch|p2a: Big Luvdisk|Alomomola, M|534\/534
|detailschange|p1a: Kreygasm|Medicham-Mega, F
|-mega|p1a: Kreygasm|Medicham|Medichamite
|move|p1a: Kreygasm|Fake Out|p2a: Big Luvdisk
|-damage|p2a: Big Luvdisk|470\/534
|
|-heal|p2a: Big Luvdisk|503\/534|[from] item: Leftovers
|turn|2
|
|switch|p1a: DansGame|Forretress, F|353\/353
|move|p2a: Big Luvdisk|Knock Off|p1a: DansGame
|-damage|p1a: DansGame|310\/353
|-enditem|p1a: DansGame|Leftovers|[from] move: Knock Off|[of] p2a: Big Luvdisk
|
|-heal|p2a: Big Luvdisk|534\/534|[from] item: Leftovers
|turn|3
|
|switch|p2a: Husky|Hydreigon, M|325\/325
|move|p1a: DansGame|Stealth Rock|p2a: Husky
|-sidestart|p2: bidoofspeed|move: Stealth Rock
|
|turn|4
|
|switch|p1a: Kappa|Slowking, M|393\/393
|move|p2a: Husky|Dark Pulse|p1a: Kappa
|-supereffective|p1a: Kappa
|-damage|p1a: Kappa|129\/393
|
|turn|5
|
|switch|p1a: FrankerZ|Porygon-Z|311\/311
|-boost|p1a: FrankerZ|atk|1|[from] ability: Download
|move|p2a: Husky|Dark Pulse|p1a: FrankerZ
|-damage|p1a: FrankerZ|37\/311
|
|turn|6
|
|move|p1a: FrankerZ|Ice Beam|p2a: Husky
|-supereffective|p2a: Husky
|-damage|p2a: Husky|89\/325
|move|p2a: Husky|Dark Pulse|p1a: FrankerZ
|-damage|p1a: FrankerZ|0 fnt
|faint|p1a: FrankerZ
|
|
|switch|p1a: WinWaker|Galvantula, F|281\/281
|turn|7
|
|switch|p2a: Mr. Roboto|Bronzong|338\/338
|-damage|p2a: Mr. Roboto|317\/338|[from] Stealth Rock
|move|p1a: WinWaker|Sticky Web|p2a: Mr. Roboto
|-sidestart|p2: bidoofspeed|move: Sticky Web
|
|-heal|p2a: Mr. Roboto|338\/338|[from] item: Leftovers
|turn|8
|
|switch|p1a: PogChamp|Krookodile, M|331\/331
|move|p2a: Mr. Roboto|Gyro Ball|p1a: PogChamp
|-damage|p1a: PogChamp|171\/331
|
|turn|9
|
|switch|p2a: Big Luvdisk|Alomomola, M|534\/534
|-activate|p2a: Big Luvdisk|move: Sticky Web
|-unboost|p2a: Big Luvdisk|spe|1
|-damage|p2a: Big Luvdisk|468\/534|[from] Stealth Rock
|move|p1a: PogChamp|Knock Off|p2a: Big Luvdisk
|-damage|p2a: Big Luvdisk|290\/534
|-enditem|p2a: Big Luvdisk|Leftovers|[from] move: Knock Off|[of] p1a: PogChamp
|
|turn|10
|
|switch|p1a: Kappa|Slowking, M|260\/393
|move|p2a: Big Luvdisk|Knock Off|p1a: Kappa
|-supereffective|p1a: Kappa
|-damage|p1a: Kappa|178\/393
|-enditem|p1a: Kappa|Assault Vest|[from] move: Knock Off|[of] p2a: Big Luvdisk
|
|turn|11
|
|switch|p2a: Mr. Roboto|Bronzong|338\/338
|-damage|p2a: Mr. Roboto|317\/338|[from] Stealth Rock
|switch|p1a: DansGame|Forretress, F|310\/353
|
|-heal|p2a: Mr. Roboto|338\/338|[from] item: Leftovers
|turn|12
|
|switch|p2a: Big Luvdisk|Alomomola, M|468\/534
|-damage|p2a: Big Luvdisk|402\/534|[from] Stealth Rock
|-activate|p2a: Big Luvdisk|move: Sticky Web
|-unboost|p2a: Big Luvdisk|spe|1
|move|p1a: DansGame|Volt Switch|p2a: Big Luvdisk
|-supereffective|p2a: Big Luvdisk
|-damage|p2a: Big Luvdisk|254\/534
|
|switch|p1a: WinWaker|Galvantula, F|281\/281
|
|turn|13
|
|switch|p2a: Mr. Roboto|Bronzong|338\/338
|-damage|p2a: Mr. Roboto|317\/338|[from] Stealth Rock
|move|p1a: WinWaker|Thunder|p2a: Mr. Roboto|[miss]
|-miss|p1a: WinWaker|p2a: Mr. Roboto
|
|-heal|p2a: Mr. Roboto|338\/338|[from] item: Leftovers
|turn|14
|
|switch|p1a: Kappa|Slowking, M|309\/393
|move|p2a: Mr. Roboto|Stealth Rock|p1a: Kappa
|-sidestart|p1: MrSmokeALottaPot|move: Stealth Rock
|
|turn|15
|
|move|p1a: Kappa|Fire Blast|p2a: Mr. Roboto
|-supereffective|p2a: Mr. Roboto
|-damage|p2a: Mr. Roboto|218\/338
|move|p2a: Mr. Roboto|Toxic|p1a: Kappa
|-status|p1a: Kappa|tox
|
|-heal|p2a: Mr. Roboto|239\/338|[from] item: Leftovers
|-damage|p1a: Kappa|285\/393 tox|[from] psn
|turn|16
|
|move|p1a: Kappa|Scald|p2a: Mr. Roboto
|-damage|p2a: Mr. Roboto|176\/338
|-status|p2a: Mr. Roboto|brn
|move|p2a: Mr. Roboto|Earthquake|p1a: Kappa
|-damage|p1a: Kappa|251\/393 tox
|
|-heal|p2a: Mr. Roboto|197\/338 brn|[from] item: Leftovers
|-damage|p1a: Kappa|203\/393 tox|[from] psn
|-damage|p2a: Mr. Roboto|155\/338 brn|[from] brn
|turn|17
|
|switch|p2a: Big Luvdisk|Alomomola, M|432\/534
|-damage|p2a: Big Luvdisk|366\/534|[from] Stealth Rock
|-activate|p2a: Big Luvdisk|move: Sticky Web
|-unboost|p2a: Big Luvdisk|spe|1
|move|p1a: Kappa|Fire Blast|p2a: Big Luvdisk
|-resisted|p2a: Big Luvdisk
|-damage|p2a: Big Luvdisk|287\/534
|
|-damage|p1a: Kappa|131\/393 tox|[from] psn
|turn|18
|
|switch|p1a: DansGame|Forretress, F|310\/353
|-damage|p1a: DansGame|266\/353|[from] Stealth Rock
|move|p2a: Big Luvdisk|Wish|p2a: Big Luvdisk
|
|turn|19
|
|move|p2a: Big Luvdisk|Scald|p1a: DansGame
|-crit|p1a: DansGame
|-damage|p1a: DansGame|199\/353
|move|p1a: DansGame|Volt Switch|p2a: Big Luvdisk
|-supereffective|p2a: Big Luvdisk
|-damage|p2a: Big Luvdisk|159\/534
|
|switch|p1a: WinWaker|Galvantula, F|281\/281
|-damage|p1a: WinWaker|211\/281|[from] Stealth Rock
|
|-heal|p2a: Big Luvdisk|426\/534|[from] move: Wish|[wisher] Big Luvdisk
|turn|20
|
|switch|p2a: Mr. Roboto|Bronzong|155\/338 brn
|-damage|p2a: Mr. Roboto|134\/338 brn|[from] Stealth Rock
|move|p1a: WinWaker|Thunder|p2a: Mr. Roboto
|-damage|p2a: Mr. Roboto|19\/338 brn
|
|-heal|p2a: Mr. Roboto|40\/338 brn|[from] item: Leftovers
|-damage|p2a: Mr. Roboto|0 fnt|[from] brn
|faint|p2a: Mr. Roboto
|
|switch|p2a: Pokey|Toxicroak, F|357\/357
|-activate|p2a: Pokey|move: Sticky Web
|-unboost|p2a: Pokey|spe|1
|-damage|p2a: Pokey|335\/357|[from] Stealth Rock
|turn|21
|
|switch|p1a: DansGame|Forretress, F|199\/353
|-damage|p1a: DansGame|155\/353|[from] Stealth Rock
|move|p2a: Pokey|Knock Off|p1a: DansGame
|-damage|p1a: DansGame|98\/353
|
|turn|22
|
|move|p2a: Pokey|Drain Punch|p1a: DansGame
|-damage|p1a: DansGame|0 fnt
|-heal|p2a: Pokey|357\/357|[from] drain|[of] p1a: DansGame
|faint|p1a: DansGame
|
|
|switch|p1a: PogChamp|Krookodile, M|171\/331
|-damage|p1a: PogChamp|151\/331|[from] Stealth Rock
|turn|23
|
|switch|p2a: Big Luvdisk|Alomomola, M|534\/534
|-damage|p2a: Big Luvdisk|468\/534|[from] Stealth Rock
|-activate|p2a: Big Luvdisk|move: Sticky Web
|-unboost|p2a: Big Luvdisk|spe|1
|move|p1a: PogChamp|Earthquake|p2a: Big Luvdisk
|-damage|p2a: Big Luvdisk|326\/534
|
|turn|24
|
|switch|p1a: WinWaker|Galvantula, F|211\/281
|-damage|p1a: WinWaker|141\/281|[from] Stealth Rock
|move|p2a: Big Luvdisk|Scald|p1a: WinWaker
|-damage|p1a: WinWaker|77\/281
|-status|p1a: WinWaker|brn
|
|-damage|p1a: WinWaker|42\/281 brn|[from] brn
|turn|25
|
|switch|p2a: Husky|Hydreigon, M|89\/325
|-damage|p2a: Husky|49\/325|[from] Stealth Rock
|move|p1a: WinWaker|Thunder|p2a: Husky
|-crit|p2a: Husky
|-resisted|p2a: Husky
|-damage|p2a: Husky|0 fnt
|faint|p2a: Husky
|
|-damage|p1a: WinWaker|7\/281 brn|[from] brn
|
|switch|p2a: Hobo Jon|Infernape, M|293\/293
|-damage|p2a: Hobo Jon|257\/293|[from] Stealth Rock
|-activate|p2a: Hobo Jon|move: Sticky Web
|-unboost|p2a: Hobo Jon|spe|1
|turn|26
|
|move|p2a: Hobo Jon|Vacuum Wave|p1a: WinWaker
|-resisted|p1a: WinWaker
|-damage|p1a: WinWaker|0 fnt
|-damage|p2a: Hobo Jon|228\/293|[from] item: Life Orb
|faint|p1a: WinWaker
|
|
|switch|p1a: Kreygasm|Medicham-Mega, F|261\/261
|-damage|p1a: Kreygasm|245\/261|[from] Stealth Rock
|turn|27
|
|switch|p2a: Big Luvdisk|Alomomola, M|504\/534
|-damage|p2a: Big Luvdisk|438\/534|[from] Stealth Rock
|-activate|p2a: Big Luvdisk|move: Sticky Web
|-unboost|p2a: Big Luvdisk|spe|1
|move|p1a: Kreygasm|High Jump Kick|p2a: Big Luvdisk
|-damage|p2a: Big Luvdisk|138\/534
|
|turn|28
|
|move|p1a: Kreygasm|Zen Headbutt|p2a: Big Luvdisk
|-damage|p2a: Big Luvdisk|0 fnt
|faint|p2a: Big Luvdisk
|
|
|switch|p2a: Rock Man|Aerodactyl, F|301\/301
|-damage|p2a: Rock Man|226\/301|[from] Stealth Rock
|-ability|p2a: Rock Man|Unnerve|p1: MrSmokeALottaPot
|turn|29
|
|switch|p1a: PogChamp|Krookodile, M|151\/331
|-damage|p1a: PogChamp|131\/331|[from] Stealth Rock
|detailschange|p2a: Rock Man|Aerodactyl-Mega, F
|-mega|p2a: Rock Man|Aerodactyl|Aerodactylite
|move|p2a: Rock Man|Aerial Ace|p1a: PogChamp
|-damage|p1a: PogChamp|0 fnt
|faint|p1a: PogChamp
|
|
|switch|p1a: Kappa|Slowking, M|262\/393 tox
|-damage|p1a: Kappa|213\/393 tox|[from] Stealth Rock
|turn|30
|
|move|p2a: Rock Man|Earthquake|p1a: Kappa
|-damage|p1a: Kappa|103\/393 tox
|move|p1a: Kappa|Scald|p2a: Rock Man
|-supereffective|p2a: Rock Man
|-damage|p2a: Rock Man|20\/301
|
|-damage|p1a: Kappa|79\/393 tox|[from] psn
|turn|31
|
|move|p2a: Rock Man|Aerial Ace|p1a: Kappa
|-damage|p1a: Kappa|0 fnt
|faint|p1a: Kappa
|
|
|switch|p1a: Kreygasm|Medicham-Mega, F|245\/261
|-damage|p1a: Kreygasm|229\/261|[from] Stealth Rock
|turn|32
|
|move|p1a: Kreygasm|Fake Out|p2a: Rock Man
|-resisted|p2a: Rock Man
|-damage|p2a: Rock Man|0 fnt
|faint|p2a: Rock Man
|
|
|switch|p2a: Hobo Jon|Infernape, M|228\/293
|-damage|p2a: Hobo Jon|192\/293|[from] Stealth Rock
|-activate|p2a: Hobo Jon|move: Sticky Web
|-unboost|p2a: Hobo Jon|spe|1
|turn|33
|
|move|p2a: Hobo Jon|Vacuum Wave|p1a: Kreygasm
|-resisted|p1a: Kreygasm
|-damage|p1a: Kreygasm|185\/261
|-damage|p2a: Hobo Jon|163\/293|[from] item: Life Orb
|move|p1a: Kreygasm|Zen Headbutt|p2a: Hobo Jon
|-supereffective|p2a: Hobo Jon
|-damage|p2a: Hobo Jon|0 fnt
|faint|p2a: Hobo Jon
|
|
|switch|p2a: Pokey|Toxicroak, F|357\/357
|-damage|p2a: Pokey|335\/357|[from] Stealth Rock
|-activate|p2a: Pokey|move: Sticky Web
|-unboost|p2a: Pokey|spe|1
|turn|34
|
|move|p2a: Pokey|Sucker Punch|p1a: Kreygasm
|-damage|p1a: Kreygasm|80\/261
|move|p1a: Kreygasm|Zen Headbutt|p2a: Pokey
|-supereffective|p2a: Pokey
|-damage|p2a: Pokey|0 fnt
|faint|p2a: Pokey
|
|win|MrSmokeALottaPot
|raw|Ladder updating...
|raw|MrSmokeALottaPot's rating: 1404 &rarr; <strong>1425<\/strong><br \/>(+21 for winning)
|raw|bidoofspeed's rating: 1422 &rarr; <strong>1401<\/strong><br \/>(-21 for losing)
|leave|bidoofspeed
|player|p2