|join|iSnowManectric500
|join|bill1218
|player|p1|iSnowManectric500|102
|player|p2|bill1218|293
|gametype|singles
|gen|6
|tier|OU
|rated
|clearpoke
|poke|p1|Infernape, F
|poke|p1|Azumarill, M
|poke|p1|Conkeldurr, M
|poke|p1|Bisharp, M
|poke|p1|Scizor, M
|poke|p1|Talonflame, M
|poke|p2|Cottonee, F
|poke|p2|Azelf
|poke|p2|Whimsicott, M
|poke|p2|Espeon, M
|poke|p2|Smeargle, M
|poke|p2|Gardevoir, M
|rule|Swagger Clause: Swagger is banned
|rule|Baton Pass Clause: Limit one PokÃ©mon knowing Baton Pass
|rule|Sleep Clause Mod: Limit one foe put to sleep
|rule|Species Clause: Limit one of each PokÃ©mon
|rule|OHKO Clause: OHKO moves are banned
|rule|Moody Clause: Moody is banned
|rule|Evasion Moves Clause: Evasion moves are banned
|rule|Endless Battle Clause: Forcing endless battles is banned
|rule|HP Percentage Mod: HP is shown in percentages
|teampreview
|
|start
|switch|p1a: Infernape|Infernape, F|293\/293
|switch|p2a: Cottonee|Cottonee, F|284\/284
|turn|1
|
|move|p1a: Infernape|Fake Out|p2a: Cottonee
|-damage|p2a: Cottonee|254\/284
|cant|p2a: Cottonee|flinch
|
|turn|2
|
|move|p2a: Cottonee|Stun Spore|p1a: Infernape
|-status|p1a: Infernape|par
|move|p1a: Infernape|Stealth Rock|p2a: Cottonee
|-sidestart|p2: bill1218|move: Stealth Rock
|
|turn|3
|
|move|p2a: Cottonee|Encore|p1a: Infernape
|-start|p1a: Infernape|Encore
|move|p1a: Infernape|Stealth Rock|p2a: Cottonee
|-fail|p2a: Cottonee
|
|turn|4
|
|move|p2a: Cottonee|Memento|p1a: Infernape
|-unboost|p1a: Infernape|atk|2
|-unboost|p1a: Infernape|spa|2
|faint|p2a: Cottonee
|move|p1a: Infernape|Stealth Rock|p2: Cottonee
|-fail|p2: Cottonee
|
|
|switch|p2a: Azelf|Azelf|354\/354
|-damage|p2a: Azelf|310\/354|[from] Stealth Rock
|turn|5
|
|move|p2a: Azelf|Stealth Rock|p1a: Infernape
|-sidestart|p1: iSnowManectric500|move: Stealth Rock
|move|p1a: Infernape|Stealth Rock|p2a: Azelf
|-fail|p2a: Azelf
|
|-end|p1a: Infernape|Encore
|turn|6
|
|move|p2a: Azelf|Reflect|p2a: Azelf
|-sidestart|p2: bill1218|Reflect
|move|p1a: Infernape|Overheat|p2a: Azelf
|-damage|p2a: Azelf|202\/354
|-unboost|p1a: Infernape|spa|2
|
|turn|7
|
|switch|p1a: Bisharp|Bisharp, M|271\/271
|-damage|p1a: Bisharp|255\/271|[from] Stealth Rock
|move|p2a: Azelf|Light Screen|p2a: Azelf
|-sidestart|p2: bill1218|move: Light Screen
|
|turn|8
|
|move|p2a: Azelf|Explosion|p1a: Bisharp
|-resisted|p1a: Bisharp
|-damage|p1a: Bisharp|140\/271
|faint|p2a: Azelf
|move|p1a: Bisharp|Swords Dance|p1a: Bisharp
|-boost|p1a: Bisharp|atk|2
|
|
|switch|p2a: Whimsicott|Whimsicott, M|324\/324
|-damage|p2a: Whimsicott|284\/324|[from] Stealth Rock
|turn|9
|
|move|p2a: Whimsicott|Taunt|p1a: Bisharp
|-start|p1a: Bisharp|move: Taunt
|move|p1a: Bisharp|Iron Head|p2a: Whimsicott
|-supereffective|p2a: Whimsicott
|-damage|p2a: Whimsicott|0 fnt
|faint|p2a: Whimsicott
|
|
|switch|p2a: Smeargle|Smeargle, M|314\/314
|-damage|p2a: Smeargle|275\/314|[from] Stealth Rock
|turn|10
|
|move|p1a: Bisharp|Sucker Punch|p2a: Smeargle
|-fail|p2a: Smeargle
|move|p2a: Smeargle|Geomancy|p2a: Smeargle|[still]
|-prepare|p2a: Smeargle|Geomancy|p2a: Smeargle
|-enditem|p2a: Smeargle|Power Herb
|-anim|p2a: Smeargle|Geomancy|p2a: Smeargle
|-boost|p2a: Smeargle|spa|2
|-boost|p2a: Smeargle|spd|2
|-boost|p2a: Smeargle|spe|2
|
|turn|11
|
|move|p2a: Smeargle|Spore|p1a: Bisharp
|-status|p1a: Bisharp|slp
|cant|p1a: Bisharp|slp
|
|-end|p1a: Bisharp|move: Taunt
|turn|12
|
|move|p2a: Smeargle|Cotton Guard|p2a: Smeargle
|-boost|p2a: Smeargle|def|3
|-curestatus|p1a: Bisharp|slp
|move|p1a: Bisharp|Iron Head|p2a: Smeargle
|-crit|p2a: Smeargle
|-damage|p2a: Smeargle|0 fnt
|faint|p2a: Smeargle
|
|c|âiSnowManectric500|loooool
|c|âbill1218|....critical 
|-message|bill1218 forfeited.
|c|âiSnowManectric500|yeah xD
|
|win|iSnowManectric500
|raw|Ladder updating...
|leave|bill1218
|player|p2
|raw|iSnowManectric500's rating: 1225 &rarr; <strong>1247<\/strong><br \/>(+22 for winning)
|raw|bill1218's rating: 1191 &rarr; <strong>1168<\/strong><br \/>(-23 for losing)