|join|GarbageFTW
|join|Bill1218
|player|p1|GarbageFTW|1
|player|p2|Bill1218|1
|gametype|singles
|gen|6
|tier|OU
|rated
|clearpoke
|poke|p1|Cottonee, F
|poke|p1|Azelf
|poke|p1|Whimsicott, F
|poke|p1|Smeargle, M, shiny
|poke|p1|Espeon, M
|poke|p1|Gothitelle, F
|poke|p2|Magnezone
|poke|p2|Azumarill, M
|poke|p2|Espeon, F
|poke|p2|Slowbro, F
|poke|p2|Heracross, F
|poke|p2|Jolteon, F
|rule|Swagger Clause: Swagger is banned
|rule|Baton Pass Clause: Limit one PokÃ©mon knowing Baton Pass
|rule|Sleep Clause Mod: Limit one foe put to sleep
|rule|Species Clause: Limit one of each PokÃ©mon
|rule|OHKO Clause: OHKO moves are banned
|rule|Moody Clause: Moody is banned
|rule|Evasion Moves Clause: Evasion moves are banned
|rule|Endless Battle Clause: Forcing endless battles is banned
|rule|HP Percentage Mod: HP is shown in percentages
|teampreview
|
|start
|switch|p1a: CHICHICHI LELELE|Cottonee, F|284\/284
|switch|p2a: Jolteon|Jolteon, F|272\/272
|turn|1
|
|switch|p2a: Espeon|Espeon, F|272\/272
|move|p1a: CHICHICHI LELELE|Tailwind|p1a: CHICHICHI LELELE
|-sidestart|p1: GarbageFTW|move: Tailwind
|
|turn|2
|
|move|p1a: CHICHICHI LELELE|Memento|p2a: Espeon
|-unboost|p2a: Espeon|atk|2
|-unboost|p2a: Espeon|spa|2
|faint|p1a: CHICHICHI LELELE
|move|p2a: Espeon|Shadow Ball|p1: CHICHICHI LELELE|[notarget]
|-notarget
|
|
|switch|p1a: VIVA CHILE|Azelf|354\/354
|turn|3
|
|move|p1a: VIVA CHILE|Light Screen|p1a: VIVA CHILE
|-sidestart|p1: GarbageFTW|move: Light Screen
|move|p2a: Espeon|Shadow Ball|p1a: VIVA CHILE
|-supereffective|p1a: VIVA CHILE
|-damage|p1a: VIVA CHILE|260\/354
|
|turn|4
|
|move|p1a: VIVA CHILE|Reflect|p1a: VIVA CHILE
|-sidestart|p1: GarbageFTW|Reflect
|move|p2a: Espeon|Shadow Ball|p1a: VIVA CHILE
|-supereffective|p1a: VIVA CHILE
|-damage|p1a: VIVA CHILE|166\/354
|
|-sideend|p1: GarbageFTW|move: Tailwind
|turn|5
|
|move|p1a: VIVA CHILE|Explosion|p2a: Espeon
|-damage|p2a: Espeon|0 fnt
|faint|p1a: VIVA CHILE
|faint|p2a: Espeon
|
|
|switch|p1a: FAIRY SOLIDARITY|Whimsicott, F|324\/324
|switch|p2a: Slowbro|Slowbro, F|394\/394
|turn|6
|
|move|p1a: FAIRY SOLIDARITY|Taunt|p2a: Slowbro
|-start|p2a: Slowbro|move: Taunt
|cant|p2a: Slowbro|move: Taunt|Trick Room
|
|turn|7
|
|move|p1a: FAIRY SOLIDARITY|Memento|p2a: Slowbro
|-unboost|p2a: Slowbro|atk|2
|-unboost|p2a: Slowbro|spa|2
|faint|p1a: FAIRY SOLIDARITY
|move|p2a: Slowbro|Fire Blast|p1: FAIRY SOLIDARITY|[notarget]
|-notarget
|
|
|switch|p1a: THE BP SAVIOR|Smeargle, M, shiny|251\/251
|turn|8
|
|move|p1a: THE BP SAVIOR|Geomancy|p1a: THE BP SAVIOR|[still]
|-prepare|p1a: THE BP SAVIOR|Geomancy|p1a: THE BP SAVIOR
|-enditem|p1a: THE BP SAVIOR|Power Herb
|-anim|p1a: THE BP SAVIOR|Geomancy|p1a: THE BP SAVIOR
|-boost|p1a: THE BP SAVIOR|spa|2
|-boost|p1a: THE BP SAVIOR|spd|2
|-boost|p1a: THE BP SAVIOR|spe|2
|move|p2a: Slowbro|Fire Blast|p1a: THE BP SAVIOR
|-damage|p1a: THE BP SAVIOR|224\/251
|
|-end|p2a: Slowbro|move: Taunt
|turn|9
|
|move|p1a: THE BP SAVIOR|Spore|p2a: Slowbro
|-status|p2a: Slowbro|slp
|cant|p2a: Slowbro|slp
|
|turn|10
|
|move|p1a: THE BP SAVIOR|Cotton Guard|p1a: THE BP SAVIOR
|-boost|p1a: THE BP SAVIOR|def|3
|-curestatus|p2a: Slowbro|slp
|move|p2a: Slowbro|Trick Room|p2a: Slowbro
|-fieldstart|move: Trick Room|[of] p2a: Slowbro
|
|-sideend|p1: GarbageFTW|move: Light Screen
|turn|11
|
|switch|p2a: Jolteon|Jolteon, F|272\/272
|move|p1a: THE BP SAVIOR|Spore|p2a: Jolteon
|-status|p2a: Jolteon|slp
|
|-sideend|p1: GarbageFTW|Reflect
|turn|12
|
|switch|p2a: Heracross|Heracross, F|364\/364
|move|p1a: THE BP SAVIOR|Cotton Guard|p1a: THE BP SAVIOR
|-boost|p1a: THE BP SAVIOR|def|3
|
|turn|13
|
|detailschange|p2a: Heracross|Heracross-Mega, F
|message|Heracross has Mega Evolved into Mega Heracross!
|move|p2a: Heracross|Close Combat|p1a: THE BP SAVIOR
|-supereffective|p1a: THE BP SAVIOR
|-damage|p1a: THE BP SAVIOR|24\/251
|-unboost|p2a: Heracross|def|1
|-unboost|p2a: Heracross|spd|1
|move|p1a: THE BP SAVIOR|Baton Pass|p1a: THE BP SAVIOR
|
|switch|p1a: DON TROLEONE|Espeon, M|321\/321
|
|turn|14
|
|move|p2a: Heracross|Pin Missile|p1a: DON TROLEONE
|-supereffective|p1a: DON TROLEONE
|-damage|p1a: DON TROLEONE|289\/321
|-supereffective|p1a: DON TROLEONE
|-damage|p1a: DON TROLEONE|253\/321
|-supereffective|p1a: DON TROLEONE
|-damage|p1a: DON TROLEONE|217\/321
|-supereffective|p1a: DON TROLEONE
|-damage|p1a: DON TROLEONE|181\/321
|-supereffective|p1a: DON TROLEONE
|-damage|p1a: DON TROLEONE|143\/321
|-hitcount|p1a: DON TROLEONE|5
|move|p1a: DON TROLEONE|Stored Power|p2a: Heracross
|-crit|p2a: Heracross
|-supereffective|p2a: Heracross
|-damage|p2a: Heracross|0 fnt
|faint|p2a: Heracross
|
|-heal|p1a: DON TROLEONE|163\/321|[from] item: Leftovers
|-fieldend|move: Trick Room
|
|switch|p2a: Slowbro|Slowbro, F|394\/394
|turn|15
|
|move|p1a: DON TROLEONE|Stored Power|p2a: Slowbro
|-resisted|p2a: Slowbro
|-enditem|p2a: Slowbro|Focus Sash
|-damage|p2a: Slowbro|1\/394
|move|p2a: Slowbro|Trick Room|p2a: Slowbro
|-fieldstart|move: Trick Room|[of] p2a: Slowbro
|
|-heal|p1a: DON TROLEONE|183\/321|[from] item: Leftovers
|turn|16
|
|move|p2a: Slowbro|Scald|p1a: DON TROLEONE
|-damage|p1a: DON TROLEONE|123\/321
|-status|p1a: DON TROLEONE|brn
|move|p1a: DON TROLEONE|Morning Sun|p1a: DON TROLEONE
|-heal|p1a: DON TROLEONE|283\/321 brn
|
|-heal|p1a: DON TROLEONE|303\/321 brn|[from] item: Leftovers
|-damage|p1a: DON TROLEONE|263\/321 brn|[from] brn
|turn|17
|c|âGarbageFTW|must be nice
|
|move|p2a: Slowbro|Scald|p1a: DON TROLEONE
|-damage|p1a: DON TROLEONE|203\/321 brn
|move|p1a: DON TROLEONE|Stored Power|p2a: Slowbro
|-resisted|p2a: Slowbro
|-damage|p2a: Slowbro|0 fnt
|faint|p2a: Slowbro
|
|-heal|p1a: DON TROLEONE|223\/321 brn|[from] item: Leftovers
|-damage|p1a: DON TROLEONE|183\/321 brn|[from] brn
|
|switch|p2a: Azumarill|Azumarill, M|404\/404
|turn|18
|
|move|p2a: Azumarill|Play Rough|p1a: DON TROLEONE
|-damage|p1a: DON TROLEONE|158\/321 brn
|move|p1a: DON TROLEONE|Stored Power|p2a: Azumarill
|-damage|p2a: Azumarill|0 fnt
|faint|p2a: Azumarill
|
|-heal|p1a: DON TROLEONE|178\/321 brn|[from] item: Leftovers
|-damage|p1a: DON TROLEONE|138\/321 brn|[from] brn
|
|switch|p2a: Magnezone|Magnezone|343\/343
|turn|19
|
|move|p2a: Magnezone|Thunderbolt|p1a: DON TROLEONE
|-damage|p1a: DON TROLEONE|65\/321 brn
|move|p1a: DON TROLEONE|Stored Power|p2a: Magnezone
|-resisted|p2a: Magnezone
|-damage|p2a: Magnezone|0 fnt
|faint|p2a: Magnezone
|
|-heal|p1a: DON TROLEONE|85\/321 brn|[from] item: Leftovers
|-damage|p1a: DON TROLEONE|45\/321 brn|[from] brn
|-fieldend|move: Trick Room
|
|switch|p2a: Jolteon|Jolteon, F|272\/272 slp
|turn|20
|
|move|p1a: DON TROLEONE|Morning Sun|p1a: DON TROLEONE
|-heal|p1a: DON TROLEONE|205\/321 brn
|cant|p2a: Jolteon|slp
|
|-heal|p1a: DON TROLEONE|225\/321 brn|[from] item: Leftovers
|-damage|p1a: DON TROLEONE|185\/321 brn|[from] brn
|turn|21
|
|move|p1a: DON TROLEONE|Stored Power|p2a: Jolteon
|-damage|p2a: Jolteon|0 fnt
|faint|p2a: Jolteon
|
|win|GarbageFTW
|raw|Ladder updating...
|raw|GarbageFTW's rating: 1423 &rarr; <strong>1443<\/strong><br \/>(+20 for winning)
|raw|Bill1218's rating: 1433 &rarr; <strong>1413<\/strong><br \/>(-20 for losing)
|leave|GarbageFTW
|player|p1