|join|bgizzle
|join|Bill1218
|player|p1|bgizzle|266
|player|p2|Bill1218|1
|gametype|singles
|gen|6
|tier|OU
|rated
|clearpoke
|poke|p1|Toxicroak, M
|poke|p1|Breloom, F
|poke|p1|Ditto
|poke|p1|Snorlax, F
|poke|p1|Gengar, F
|poke|p1|Mandibuzz, F
|poke|p2|Espeon, M
|poke|p2|Smeargle, F
|poke|p2|Jirachi
|poke|p2|Cottonee, M
|poke|p2|Whimsicott, M
|poke|p2|Azelf
|rule|Swagger Clause: Swagger is banned
|rule|Baton Pass Clause: Limit one PokÃ©mon knowing Baton Pass
|rule|Sleep Clause Mod: Limit one foe put to sleep
|rule|Species Clause: Limit one of each PokÃ©mon
|rule|OHKO Clause: OHKO moves are banned
|rule|Moody Clause: Moody is banned
|rule|Evasion Moves Clause: Evasion moves are banned
|rule|Endless Battle Clause: Forcing endless battles is banned
|rule|HP Percentage Mod: HP is shown in percentages
|teampreview
|
|start
|switch|p1a: Ditto|Ditto|258\/258
|switch|p2a: Cottonee|Cottonee, M|284\/284
|-transform|p1a: Ditto|p2a: Cottonee
|turn|1
|
|switch|p2a: Whimsicott|Whimsicott, M|324\/324
|move|p1a: Ditto|Encore|p2a: Whimsicott
|-fail|p2a: Whimsicott
|
|turn|2
|
|switch|p1a: Gengar|Gengar, F|262\/262
|move|p2a: Whimsicott|Encore|p1a: Gengar
|-fail|p1a: Gengar
|
|turn|3
|
|move|p2a: Whimsicott|Tailwind|p2a: Whimsicott
|-sidestart|p2: Bill1218|move: Tailwind
|move|p1a: Gengar|Taunt|p2a: Whimsicott
|-start|p2a: Whimsicott|move: Taunt
|
|turn|4
|
|switch|p2a: Jirachi|Jirachi|404\/404
|move|p1a: Gengar|Confuse Ray|p2a: Jirachi
|-start|p2a: Jirachi|confusion
|
|turn|5
|
|switch|p1a: Snorlax|Snorlax, F|524\/524
|-activate|p2a: Jirachi|confusion
|move|p2a: Jirachi|Thunder Wave|p1a: Snorlax
|-status|p1a: Snorlax|par
|
|turn|6
|
|-end|p2a: Jirachi|confusion
|move|p2a: Jirachi|Stealth Rock|p1a: Snorlax
|-sidestart|p1: bgizzle|move: Stealth Rock
|cant|p1a: Snorlax|par
|
|-sideend|p2: Bill1218|move: Tailwind
|turn|7
|
|move|p2a: Jirachi|Iron Head|p1a: Snorlax
|-damage|p1a: Snorlax|383\/524 par
|move|p1a: Snorlax|Stockpile|p1a: Snorlax
|-start|p1a: Snorlax|stockpile1
|-boost|p1a: Snorlax|def|1
|-boost|p1a: Snorlax|spd|1
|
|-heal|p1a: Snorlax|415\/524 par|[from] item: Leftovers
|turn|8
|
|move|p2a: Jirachi|Iron Head|p1a: Snorlax
|-damage|p1a: Snorlax|321\/524 par
|cant|p1a: Snorlax|flinch
|
|-heal|p1a: Snorlax|353\/524 par|[from] item: Leftovers
|turn|9
|
|move|p2a: Jirachi|Iron Head|p1a: Snorlax
|-damage|p1a: Snorlax|256\/524 par
|cant|p1a: Snorlax|par
|
|-heal|p1a: Snorlax|288\/524 par|[from] item: Leftovers
|turn|10
|
|move|p2a: Jirachi|Iron Head|p1a: Snorlax
|-damage|p1a: Snorlax|197\/524 par
|cant|p1a: Snorlax|par
|
|-heal|p1a: Snorlax|229\/524 par|[from] item: Leftovers
|turn|11
|
|move|p2a: Jirachi|Iron Head|p1a: Snorlax
|-damage|p1a: Snorlax|144\/524 par
|cant|p1a: Snorlax|flinch
|
|-heal|p1a: Snorlax|176\/524 par|[from] item: Leftovers
|turn|12
|
|move|p2a: Jirachi|Iron Head|p1a: Snorlax
|-damage|p1a: Snorlax|88\/524 par
|move|p1a: Snorlax|Stockpile|p1a: Snorlax
|-start|p1a: Snorlax|stockpile2
|-boost|p1a: Snorlax|def|1
|-boost|p1a: Snorlax|spd|1
|
|-heal|p1a: Snorlax|120\/524 par|[from] item: Leftovers
|turn|13
|
|move|p2a: Jirachi|Iron Head|p1a: Snorlax
|-damage|p1a: Snorlax|57\/524 par
|cant|p1a: Snorlax|par
|
|-heal|p1a: Snorlax|89\/524 par|[from] item: Leftovers
|turn|14
|
|move|p2a: Jirachi|Iron Head|p1a: Snorlax
|-damage|p1a: Snorlax|20\/524 par
|cant|p1a: Snorlax|flinch
|
|-heal|p1a: Snorlax|52\/524 par|[from] item: Leftovers
|turn|15
|
|move|p2a: Jirachi|Iron Head|p1a: Snorlax
|-damage|p1a: Snorlax|0 fnt
|faint|p1a: Snorlax
|
|
|switch|p1a: Ditto|Ditto|258\/258
|-damage|p1a: Ditto|226\/258|[from] Stealth Rock
|-transform|p1a: Ditto|p2a: Jirachi
|turn|16
|
|switch|p2a: Whimsicott|Whimsicott, M|324\/324
|move|p1a: Ditto|Thunder Wave|p2a: Whimsicott
|-status|p2a: Whimsicott|par
|
|turn|17
|
|move|p2a: Whimsicott|Encore|p1a: Ditto
|-start|p1a: Ditto|Encore
|move|p1a: Ditto|Thunder Wave|p2a: Whimsicott
|-fail|p2a: Whimsicott|par
|
|turn|18
|
|switch|p1a: Gengar|Gengar, F|262\/262
|-damage|p1a: Gengar|230\/262|[from] Stealth Rock
|move|p2a: Whimsicott|Memento|p1a: Gengar
|-unboost|p1a: Gengar|atk|2
|-unboost|p1a: Gengar|spa|2
|faint|p2a: Whimsicott
|
|
|switch|p2a: Azelf|Azelf|354\/354
|turn|19
|
|switch|p1a: Mandibuzz|Mandibuzz, F|362\/362
|-damage|p1a: Mandibuzz|272\/362|[from] Stealth Rock
|move|p2a: Azelf|Light Screen|p2a: Azelf
|-sidestart|p2: Bill1218|move: Light Screen
|
|-heal|p1a: Mandibuzz|294\/362|[from] item: Leftovers
|turn|20
|
|move|p2a: Azelf|Reflect|p2a: Azelf
|-sidestart|p2: Bill1218|Reflect
|move|p1a: Mandibuzz|Toxic|p2a: Azelf
|-status|p2a: Azelf|tox
|
|-heal|p1a: Mandibuzz|316\/362|[from] item: Leftovers
|-damage|p2a: Azelf|332\/354 tox|[from] psn
|turn|21
|
|move|p1a: Mandibuzz|Protect|p1a: Mandibuzz
|-singleturn|p1a: Mandibuzz|Protect
|move|p2a: Azelf|Explosion|p1a: Mandibuzz
|-activate|p1a: Mandibuzz|Protect
|faint|p2a: Azelf
|
|-heal|p1a: Mandibuzz|338\/362|[from] item: Leftovers
|
|switch|p2a: Smeargle|Smeargle, F|314\/314
|turn|22
|
|switch|p1a: Ditto|Ditto|226\/258
|-damage|p1a: Ditto|194\/258|[from] Stealth Rock
|-transform|p1a: Ditto|p2a: Smeargle
|move|p2a: Smeargle|Geomancy|p2a: Smeargle|[still]
|-prepare|p2a: Smeargle|Geomancy|p2a: Smeargle
|-enditem|p2a: Smeargle|Power Herb
|-anim|p2a: Smeargle|Geomancy|p2a: Smeargle
|-boost|p2a: Smeargle|spa|2
|-boost|p2a: Smeargle|spd|2
|-boost|p2a: Smeargle|spe|2
|
|turn|23
|
|move|p2a: Smeargle|Spore|p1a: Ditto
|-status|p1a: Ditto|slp
|cant|p1a: Ditto|slp
|
|turn|24
|
|move|p2a: Smeargle|Cotton Guard|p2a: Smeargle
|-boost|p2a: Smeargle|def|3
|cant|p1a: Ditto|slp
|
|turn|25
|
|move|p2a: Smeargle|Baton Pass|p2a: Smeargle
|
|switch|p2a: Espeon|Espeon, M|272\/272
|-curestatus|p1a: Ditto|slp
|move|p1a: Ditto|Spore|p2a: Espeon
|move|p2a: Espeon|Spore|p1a: Ditto|[from]Magic Bounce
|-status|p1a: Ditto|slp
|
|turn|26
|
|move|p2a: Espeon|Stored Power|p1a: Ditto
|-damage|p1a: Ditto|0 fnt
|-damage|p2a: Espeon|245\/272|[from] item: Life Orb
|faint|p1a: Ditto
|
|-sideend|p2: Bill1218|move: Light Screen
|c|âbgizzle|gg
|-message|bgizzle forfeited.
|
|win|Bill1218
|raw|Ladder updating...
|raw|bgizzle's rating: 1339 &rarr; <strong>1320<\/strong><br \/>(-19 for losing)
|raw|Bill1218's rating: 1356 &rarr; <strong>1375<\/strong><br \/>(+19 for winning)
|leave|bgizzle
|player|p1