|join|Degio
|join|bill1218
|player|p1|Degio|52
|player|p2|bill1218|293
|gametype|singles
|gen|6
|tier|OU
|rated
|clearpoke
|poke|p1|Umbreon, M
|poke|p1|Charizard, M
|poke|p1|Garchomp, M
|poke|p1|Tyranitar, F
|poke|p1|Staraptor, F
|poke|p1|Gardevoir, M
|poke|p2|Cottonee, F
|poke|p2|Azelf
|poke|p2|Whimsicott, M
|poke|p2|Espeon, F
|poke|p2|Smeargle, F
|poke|p2|Gardevoir, F
|rule|Swagger Clause: Swagger is banned
|rule|Baton Pass Clause: Limit one PokÃ©mon knowing Baton Pass
|rule|Sleep Clause Mod: Limit one foe put to sleep
|rule|Species Clause: Limit one of each PokÃ©mon
|rule|OHKO Clause: OHKO moves are banned
|rule|Moody Clause: Moody is banned
|rule|Evasion Moves Clause: Evasion moves are banned
|rule|Endless Battle Clause: Forcing endless battles is banned
|rule|HP Percentage Mod: HP is shown in percentages
|teampreview
|
|start
|switch|p1a: Tyranitar|Tyranitar, F|404\/404
|switch|p2a: Cottonee|Cottonee, F|284\/284
|-weather|Sandstorm
|turn|1
|
|move|p2a: Cottonee|Stun Spore|p1a: Tyranitar
|-status|p1a: Tyranitar|par
|move|p1a: Tyranitar|Thunder Wave|p2a: Cottonee
|-status|p2a: Cottonee|par
|
|-weather|Sandstorm|[upkeep]
|-damage|p2a: Cottonee|267\/284 par|[from] sandstorm
|turn|2
|
|move|p2a: Cottonee|Encore|p1a: Tyranitar
|-start|p1a: Tyranitar|Encore
|cant|p1a: Tyranitar|par
|
|-weather|Sandstorm|[upkeep]
|-damage|p2a: Cottonee|250\/284 par|[from] sandstorm
|turn|3
|
|switch|p1a: Garchomp|Garchomp, M|358\/358
|move|p2a: Cottonee|Memento|p1a: Garchomp
|-unboost|p1a: Garchomp|atk|2
|-unboost|p1a: Garchomp|spa|2
|faint|p2a: Cottonee
|
|-weather|Sandstorm|[upkeep]
|
|switch|p2a: Whimsicott|Whimsicott, M|324\/324
|turn|4
|
|switch|p1a: Tyranitar|Tyranitar, F|404\/404 par
|move|p2a: Whimsicott|Stun Spore|p1a: Tyranitar|[miss]
|-miss|p2a: Whimsicott|p1a: Tyranitar
|
|-weather|Sandstorm|[upkeep]
|-damage|p2a: Whimsicott|304\/324|[from] sandstorm
|turn|5
|
|move|p2a: Whimsicott|Memento|p1a: Tyranitar
|-unboost|p1a: Tyranitar|atk|2
|-unboost|p1a: Tyranitar|spa|2
|faint|p2a: Whimsicott
|move|p1a: Tyranitar|Thunder Wave|p2: Whimsicott|[notarget]
|-notarget
|
|-weather|Sandstorm|[upkeep]
|
|switch|p2a: Azelf|Azelf|354\/354
|turn|6
|
|move|p2a: Azelf|Reflect|p2a: Azelf
|-sidestart|p2: bill1218|Reflect
|cant|p1a: Tyranitar|par
|
|-weather|Sandstorm|[upkeep]
|-damage|p2a: Azelf|332\/354|[from] sandstorm
|turn|7
|
|move|p2a: Azelf|Stealth Rock|p1a: Tyranitar
|-sidestart|p1: Degio|move: Stealth Rock
|move|p1a: Tyranitar|Foul Play|p2a: Azelf
|-supereffective|p2a: Azelf
|-damage|p2a: Azelf|134\/354
|
|-weather|Sandstorm|[upkeep]
|-damage|p2a: Azelf|112\/354|[from] sandstorm
|turn|8
|
|move|p2a: Azelf|Light Screen|p2a: Azelf
|-sidestart|p2: bill1218|move: Light Screen
|move|p1a: Tyranitar|Foul Play|p2a: Azelf
|-supereffective|p2a: Azelf
|-damage|p2a: Azelf|0 fnt
|faint|p2a: Azelf
|
|-weather|none
|
|switch|p2a: Smeargle|Smeargle, F|314\/314
|turn|9
|
|move|p2a: Smeargle|Geomancy|p2a: Smeargle|[still]
|-prepare|p2a: Smeargle|Geomancy|p2a: Smeargle
|-enditem|p2a: Smeargle|Power Herb
|-anim|p2a: Smeargle|Geomancy|p2a: Smeargle
|-boost|p2a: Smeargle|spa|2
|-boost|p2a: Smeargle|spd|2
|-boost|p2a: Smeargle|spe|2
|cant|p1a: Tyranitar|par
|
|turn|10
|
|move|p2a: Smeargle|Cotton Guard|p2a: Smeargle
|-boost|p2a: Smeargle|def|3
|cant|p1a: Tyranitar|par
|
|turn|11
|
|move|p2a: Smeargle|Cotton Guard|p2a: Smeargle
|-boost|p2a: Smeargle|def|3
|cant|p1a: Tyranitar|par
|
|turn|12
|
|move|p2a: Smeargle|Baton Pass|p2a: Smeargle
|
|switch|p2a: Espeon|Espeon, F|311\/311
|move|p1a: Tyranitar|Foul Play|p2a: Espeon
|-supereffective|p2a: Espeon
|-damage|p2a: Espeon|287\/311
|
|turn|13
|
|move|p2a: Espeon|Dazzling Gleam|p1a: Tyranitar
|-supereffective|p1a: Tyranitar
|-damage|p1a: Tyranitar|0 fnt
|faint|p1a: Tyranitar
|
|-sideend|p2: bill1218|Reflect
|c|âbill1218|u lost
|
|switch|p1a: Staraptor|Staraptor, F|312\/312
|-damage|p1a: Staraptor|234\/312|[from] Stealth Rock
|turn|14
|
|move|p2a: Espeon|Stored Power|p1a: Staraptor
|-damage|p1a: Staraptor|0 fnt
|faint|p1a: Staraptor
|
|
|switch|p1a: Gardevoir|Gardevoir, M|290\/290
|-damage|p1a: Gardevoir|254\/290|[from] Stealth Rock
|turn|15
|
|move|p2a: Espeon|Stored Power|p1a: Gardevoir
|-resisted|p1a: Gardevoir
|-damage|p1a: Gardevoir|0 fnt
|faint|p1a: Gardevoir
|
|-sideend|p2: bill1218|move: Light Screen
|
|switch|p1a: Umbreon|Umbreon, M|394\/394
|-damage|p1a: Umbreon|345\/394|[from] Stealth Rock
|turn|16
|
|move|p2a: Espeon|Dazzling Gleam|p1a: Umbreon
|-supereffective|p1a: Umbreon
|-damage|p1a: Umbreon|115\/394
|move|p1a: Umbreon|Toxic|p2a: Espeon
|-status|p2a: Espeon|tox
|-status|p1a: Umbreon|tox
|
|-heal|p1a: Umbreon|139\/394 tox|[from] item: Leftovers
|-damage|p2a: Espeon|268\/311 tox|[from] psn
|-damage|p1a: Umbreon|115\/394 tox|[from] psn
|turn|17
|
|move|p1a: Umbreon|Protect|p1a: Umbreon
|-singleturn|p1a: Umbreon|Protect
|move|p2a: Espeon|Dazzling Gleam|p1a: Umbreon
|-activate|p1a: Umbreon|Protect
|
|-heal|p1a: Umbreon|139\/394 tox|[from] item: Leftovers
|-damage|p2a: Espeon|230\/311 tox|[from] psn
|-damage|p1a: Umbreon|91\/394 tox|[from] psn
|turn|18
|
|move|p1a: Umbreon|Sucker Punch|p2a: Espeon
|-supereffective|p2a: Espeon
|-damage|p2a: Espeon|188\/311 tox
|move|p2a: Espeon|Dazzling Gleam|p1a: Umbreon
|-supereffective|p1a: Umbreon
|-damage|p1a: Umbreon|0 fnt
|faint|p1a: Umbreon
|
|-damage|p2a: Espeon|131\/311 tox|[from] psn
|
|switch|p1a: Charizard|Charizard, M|298\/298
|-damage|p1a: Charizard|149\/298|[from] Stealth Rock
|turn|19
|
|detailschange|p1a: Charizard|Charizard-Mega-Y, M
|message|Charizard has Mega Evolved into Mega Charizard!
|-weather|SunnyDay
|move|p2a: Espeon|Stored Power|p1a: Charizard
|-damage|p1a: Charizard|0 fnt
|faint|p1a: Charizard
|
|-weather|SunnyDay|[upkeep]
|-damage|p2a: Espeon|55\/311 tox|[from] psn
|
|switch|p1a: Garchomp|Garchomp, M|358\/358
|-damage|p1a: Garchomp|336\/358|[from] Stealth Rock
|turn|20
|
|move|p2a: Espeon|Stored Power|p1a: Garchomp
|-damage|p1a: Garchomp|0 fnt
|faint|p1a: Garchomp
|
|win|bill1218
|raw|Ladder updating...
|raw|Degio's rating: 1223 &rarr; <strong>1195<\/strong><br \/>(-28 for losing)
|raw|bill1218's rating: 1185 &rarr; <strong>1212<\/strong><br \/>(+27 for winning)