|join|Lost Seso
|join|Bill1218
|player|p1|Lost Seso|95
|player|p2|Bill1218|169
|gametype|singles
|gen|6
|tier|OU
|rated
|clearpoke
|poke|p1|Aerodactyl, M
|poke|p1|Slowbro, M
|poke|p1|Breloom, F
|poke|p1|Landorus, M
|poke|p1|Latias, F
|poke|p1|Heatran, F
|poke|p2|Magnezone
|poke|p2|Azumarill, F
|poke|p2|Espeon, M
|poke|p2|Slowbro, M
|poke|p2|Heracross, F
|poke|p2|Jolteon, F
|rule|Swagger Clause: Swagger is banned
|rule|Baton Pass Clause: Limit one PokÃ©mon knowing Baton Pass
|rule|Sleep Clause Mod: Limit one foe put to sleep
|rule|Species Clause: Limit one of each PokÃ©mon
|rule|OHKO Clause: OHKO moves are banned
|rule|Moody Clause: Moody is banned
|rule|Evasion Moves Clause: Evasion moves are banned
|rule|Endless Battle Clause: Forcing endless battles is banned
|rule|HP Percentage Mod: HP is shown in percentages
|teampreview
|
|start
|switch|p1a: Heatran|Heatran, F|386\/386
|switch|p2a: Slowbro|Slowbro, M|394\/394
|turn|1
|join|iChano
|
|move|p1a: Heatran|Protect|p1a: Heatran
|-singleturn|p1a: Heatran|Protect
|move|p2a: Slowbro|Trick Room|p2a: Slowbro
|-fieldstart|move: Trick Room|[of] p2a: Slowbro
|
|turn|2
|
|switch|p1a: Latias|Latias, F|301\/301
|move|p2a: Slowbro|Scald|p1a: Latias
|-resisted|p1a: Latias
|-damage|p1a: Latias|250\/301
|
|-heal|p1a: Latias|268\/301|[from] item: Leftovers
|turn|3
|
|switch|p1a: Slowbro|Slowbro, M|394\/394
|move|p2a: Slowbro|Scald|p1a: Slowbro
|-resisted|p1a: Slowbro
|-damage|p1a: Slowbro|316\/394
|-status|p1a: Slowbro|brn
|
|-heal|p1a: Slowbro|340\/394 brn|[from] item: Leftovers
|-damage|p1a: Slowbro|291\/394 brn|[from] brn
|turn|4
|join|PabloCampoya( ËwË)
|
|move|p2a: Slowbro|Scald|p1a: Slowbro
|-resisted|p1a: Slowbro
|-damage|p1a: Slowbro|210\/394 brn
|move|p1a: Slowbro|Scald|p2a: Slowbro
|-resisted|p2a: Slowbro
|-damage|p2a: Slowbro|340\/394
|-status|p2a: Slowbro|brn
|
|-heal|p1a: Slowbro|234\/394 brn|[from] item: Leftovers
|-damage|p2a: Slowbro|291\/394 brn|[from] brn
|-damage|p1a: Slowbro|185\/394 brn|[from] brn
|turn|5
|c| PabloCampoya( ËwË)|!!!
|
|move|p2a: Slowbro|Scald|p1a: Slowbro
|-resisted|p1a: Slowbro
|-damage|p1a: Slowbro|105\/394 brn
|move|p1a: Slowbro|Slack Off|p1a: Slowbro
|-heal|p1a: Slowbro|302\/394 brn
|
|-heal|p1a: Slowbro|326\/394 brn|[from] item: Leftovers
|-damage|p2a: Slowbro|242\/394 brn|[from] brn
|-damage|p1a: Slowbro|277\/394 brn|[from] brn
|-fieldend|move: Trick Room
|turn|6
|c|âLost Seso|pues nada XD
|c| PabloCampoya( ËwË)|diso
|
|switch|p1a: Latias|Latias, F|268\/301
|move|p2a: Slowbro|Trick Room|p2a: Slowbro
|-fieldstart|move: Trick Room|[of] p2a: Slowbro
|
|-heal|p1a: Latias|286\/301|[from] item: Leftovers
|-damage|p2a: Slowbro|193\/394 brn|[from] brn
|turn|7
|c| PabloCampoya( ËwË)|stall total
|
|switch|p2a: Heracross|Heracross, F|364\/364
|move|p1a: Latias|Draco Meteor|p2a: Heracross
|-crit|p2a: Heracross
|-damage|p2a: Heracross|70\/364
|-unboost|p1a: Latias|spa|2
|
|-heal|p1a: Latias|301\/301|[from] item: Leftovers
|turn|8
|
|detailschange|p2a: Heracross|Heracross-Mega, F
|message|Heracross has Mega Evolved into Mega Heracross!
|move|p2a: Heracross|Pin Missile|p1a: Latias
|-supereffective|p1a: Latias
|-damage|p1a: Latias|151\/301
|-supereffective|p1a: Latias
|-damage|p1a: Latias|7\/301
|-supereffective|p1a: Latias
|-damage|p1a: Latias|0 fnt
|-hitcount|p1a: Latias|3
|faint|p1a: Latias
|
|c| PabloCampoya( ËwË)|Lol?
|c|âLost Seso|coÃ±o el trick room XD
|c| PabloCampoya( ËwË)|ah si
|
|switch|p1a: Heatran|Heatran, F|386\/386
|turn|9
|c| PabloCampoya( ËwË)|xD
|leave|iChano
|
|move|p1a: Heatran|Protect|p1a: Heatran
|-singleturn|p1a: Heatran|Protect
|move|p2a: Heracross|Close Combat|p1a: Heatran
|-activate|p1a: Heatran|Protect
|
|turn|10
|c| PabloCampoya( ËwË)|dios
|
|switch|p1a: Landorus|Landorus, M|320\/320
|move|p2a: Heracross|Close Combat|p1a: Landorus
|-resisted|p1a: Landorus
|-damage|p1a: Landorus|140\/320
|-unboost|p2a: Heracross|def|1
|-unboost|p2a: Heracross|spd|1
|
|-fieldend|move: Trick Room
|turn|11
|c| PabloCampoya( ËwË)|185 Atk tiene heracross mega
|c| PabloCampoya( ËwË)|Rompe demasiado
|
|switch|p2a: Slowbro|Slowbro, M|324\/394 brn
|move|p1a: Landorus|Sludge Wave|p2a: Slowbro
|-damage|p2a: Slowbro|116\/394 brn
|
|-damage|p2a: Slowbro|67\/394 brn|[from] brn
|turn|12
|
|move|p1a: Landorus|Sludge Wave|p2a: Slowbro
|-damage|p2a: Slowbro|0 fnt
|faint|p2a: Slowbro
|
|c|âLost Seso|como joderle la estrategia
|c|âLost Seso|XD
|
|switch|p2a: Jolteon|Jolteon, F|272\/272
|turn|13
|
|switch|p1a: Heatran|Heatran, F|386\/386
|move|p2a: Jolteon|Hidden Power|p1a: Heatran
|-resisted|p1a: Heatran
|-damage|p1a: Heatran|371\/386
|
|-heal|p1a: Heatran|386\/386|[from] item: Leftovers
|turn|14
|c| PabloCampoya( ËwË)|tiene trick room
|c| PabloCampoya( ËwË)|y poques rapidos :u
|c|âLost Seso|balla no me lo hexperava
|c| PabloCampoya( ËwË)|pokes
|c| PabloCampoya( ËwË)|kek
|
|switch|p2a: Heracross|Heracross-Mega, F|70\/364
|move|p1a: Heatran|Lava Plume|p2a: Heracross
|-supereffective|p2a: Heracross
|-damage|p2a: Heracross|0 fnt
|faint|p2a: Heracross
|
|c|âLost Seso|que cambio mas bueno
|c| PabloCampoya( ËwË)|lel
|
|switch|p2a: Jolteon|Jolteon, F|272\/272
|turn|15
|c| PabloCampoya( ËwË)|espero el earth power
|
|move|p1a: Heatran|Protect|p1a: Heatran
|-singleturn|p1a: Heatran|Protect
|move|p2a: Jolteon|Volt Switch|p1a: Heatran
|-activate|p1a: Heatran|Protect
|
|turn|16
|
|switch|p1a: Landorus|Landorus, M|140\/320
|move|p2a: Jolteon|Volt Switch|p1a: Landorus
|-immune|p1a: Landorus|[msg]
|
|turn|17
|c|âLost Seso|po nada
|
|switch|p2a: Magnezone|Magnezone|343\/343
|move|p1a: Landorus|Earth Power|p2a: Magnezone
|-supereffective|p2a: Magnezone
|-damage|p2a: Magnezone|0 fnt
|faint|p2a: Magnezone
|
|c| PabloCampoya( ËwË)|ojo
|
|switch|p2a: Jolteon|Jolteon, F|272\/272
|turn|18
|c| PabloCampoya( ËwË)|hasta jolteon modest outspeedea a landorus timid
|c|âLost Seso|el specs y el scout no son muy recomendables
|
|switch|p1a: Heatran|Heatran, F|386\/386
|move|p2a: Jolteon|Volt Switch|p1a: Heatran
|-damage|p1a: Heatran|277\/386
|
|switch|p2a: Espeon|Espeon, M|272\/272
|
|-heal|p1a: Heatran|301\/386|[from] item: Leftovers
|turn|19
|c| PabloCampoya( ËwË)|Solo le queda bien a rotom
|c| PabloCampoya( ËwË)|por que aguanta lo suficiente
|
|move|p2a: Espeon|Psyshock|p1a: Heatran
|-resisted|p1a: Heatran
|-damage|p1a: Heatran|193\/386
|move|p1a: Heatran|Lava Plume|p2a: Espeon
|-damage|p2a: Espeon|152\/272
|-status|p2a: Espeon|brn
|
|-heal|p1a: Heatran|217\/386|[from] item: Leftovers
|-damage|p2a: Espeon|118\/272 brn|[from] brn
|turn|20
|c|âLost Seso|que genio
|
|move|p2a: Espeon|Psyshock|p1a: Heatran
|-resisted|p1a: Heatran
|-damage|p1a: Heatran|107\/386
|move|p1a: Heatran|Lava Plume|p2a: Espeon
|-damage|p2a: Espeon|0 fnt
|faint|p2a: Espeon
|
|-heal|p1a: Heatran|131\/386|[from] item: Leftovers
|
|switch|p2a: Jolteon|Jolteon, F|272\/272
|turn|21
|
|move|p1a: Heatran|Protect|p1a: Heatran
|-singleturn|p1a: Heatran|Protect
|move|p2a: Jolteon|Hidden Power|p1a: Heatran
|-activate|p1a: Heatran|Protect
|
|-heal|p1a: Heatran|155\/386|[from] item: Leftovers
|turn|22
|c|âLost Seso|XDDDDDDDDDDDDDDD
|
|switch|p2a: Azumarill|Azumarill, F|404\/404
|move|p1a: Heatran|Lava Plume|p2a: Azumarill
|-resisted|p2a: Azumarill
|-damage|p2a: Azumarill|333\/404
|
|-heal|p1a: Heatran|179\/386|[from] item: Leftovers
|turn|23
|
|move|p1a: Heatran|Protect|p1a: Heatran
|-singleturn|p1a: Heatran|Protect
|move|p2a: Azumarill|Belly Drum|p2a: Azumarill
|-damage|p2a: Azumarill|131\/404
|-setboost|p2a: Azumarill|atk|6|[from] move: Belly Drum
|-enditem|p2a: Azumarill|Sitrus Berry|[eat]
|-heal|p2a: Azumarill|232\/404|[from] item: Sitrus Berry
|
|-heal|p1a: Heatran|203\/386|[from] item: Leftovers
|turn|24
|
|move|p2a: Azumarill|Aqua Jet|p1a: Heatran
|-supereffective|p1a: Heatran
|-damage|p1a: Heatran|0 fnt
|faint|p1a: Heatran
|
|
|switch|p1a: Breloom|Breloom, F|264\/264
|turn|25
|
|move|p1a: Breloom|Seed Bomb|p2a: Azumarill
|-immune|p2a: Azumarill|[msg]
|move|p2a: Azumarill|Play Rough|p1a: Breloom
|-crit|p1a: Breloom
|-supereffective|p1a: Breloom
|-damage|p1a: Breloom|0 fnt
|faint|p1a: Breloom
|
|c|âLost Seso|SAP SIPPER
|c| PabloCampoya( ËwË)|DISO
|
|switch|p1a: Slowbro|Slowbro, M|394\/394 brn
|turn|26
|
|move|p2a: Azumarill|Play Rough|p1a: Slowbro
|-damage|p1a: Slowbro|46\/394 brn
|move|p1a: Slowbro|Psyshock|p2a: Azumarill
|-damage|p2a: Azumarill|114\/404
|
|-heal|p1a: Slowbro|70\/394 brn|[from] item: Leftovers
|-damage|p1a: Slowbro|21\/394 brn|[from] brn
|turn|27
|c| PabloCampoya( ËwË)|Quien usa aun el set belly drum?
|c| PabloCampoya( ËwË)|._.
|
|move|p2a: Azumarill|Play Rough|p1a: Slowbro
|-damage|p1a: Slowbro|0 fnt
|faint|p1a: Slowbro
|
|
|switch|p1a: Aerodactyl|Aerodactyl, M|302\/302
|turn|28
|c| PabloCampoya( ËwË)|aunque , es gg
|
|detailschange|p1a: Aerodactyl|Aerodactyl-Mega, M
|message|Aerodactyl has Mega Evolved into Mega Aerodactyl!
|move|p2a: Azumarill|Aqua Jet|p1a: Aerodactyl
|-supereffective|p1a: Aerodactyl
|-damage|p1a: Aerodactyl|0 fnt
|faint|p1a: Aerodactyl
|
|c|âLost Seso|no jodas
|c|âLost Seso|eso si que no me lo esperaba
|
|switch|p1a: Landorus|Landorus, M|140\/320
|turn|29
|
|move|p2a: Azumarill|Aqua Jet|p1a: Landorus
|-supereffective|p1a: Landorus
|-damage|p1a: Landorus|0 fnt
|faint|p1a: Landorus
|
|win|Bill1218
|raw|Ladder updating...
|raw|Lost Seso's rating: 1394 &rarr; <strong>1373<\/strong><br \/>(-21 for losing)
|raw|Bill1218's rating: 1372 &rarr; <strong>1393<\/strong><br \/>(+21 for winning)
|c|âLost Seso|ya se lo que le falta a mi equipo
|c|âLost Seso|Prioridad!!
|c|âBill1218|haha gg
|c| PabloCampoya( ËwË)|si xd
|leave|Lost Seso
|player|p1
|leave|PabloCampoya( ËwË)