|join|Bill1218
|join|PennySunders-
|player|p1|Bill1218|78
|player|p2|PennySunders-|265
|gametype|singles
|gen|6
|tier|OU
|rated
|clearpoke
|poke|p1|Heatran, F
|poke|p1|Breloom, M
|poke|p1|Keldeo
|poke|p1|Slowbro, F, shiny
|poke|p1|Landorus, M
|poke|p1|Tyranitar, F
|poke|p2|Slowbro, F
|poke|p2|Dragonite, F
|poke|p2|Amoonguss, F
|poke|p2|Terrakion
|poke|p2|Excadrill, M
|poke|p2|Sylveon, M
|rule|Swagger Clause: Swagger is banned
|rule|Baton Pass Clause: Limit one PokÃ©mon knowing Baton Pass
|rule|Sleep Clause Mod: Limit one foe put to sleep
|rule|Species Clause: Limit one of each PokÃ©mon
|rule|OHKO Clause: OHKO moves are banned
|rule|Moody Clause: Moody is banned
|rule|Evasion Moves Clause: Evasion moves are banned
|rule|Endless Battle Clause: Forcing endless battles is banned
|rule|HP Percentage Mod: HP is shown in percentages
|teampreview
|
|start
|switch|p1a: Keldeo|Keldeo|323\/323
|switch|p2a: Terrakion|Terrakion|323\/323
|turn|1
|
|switch|p2a: Amoonguss|Amoonguss, F|432\/432
|move|p1a: Keldeo|Scald|p2a: Amoonguss
|-resisted|p2a: Amoonguss
|-damage|p2a: Amoonguss|352\/432
|
|-heal|p2a: Amoonguss|379\/432|[from] item: Black Sludge
|turn|2
|
|switch|p1a: Heatran|Heatran, F|386\/386
|move|p2a: Amoonguss|Spore|p1a: Heatran
|-status|p1a: Heatran|slp
|
|-heal|p2a: Amoonguss|406\/432|[from] item: Black Sludge
|turn|3
|
|switch|p2a: Slowbro|Slowbro, F|394\/394
|cant|p1a: Heatran|slp
|
|turn|4
|
|switch|p1a: Breloom|Breloom, M|262\/262
|detailschange|p2a: Slowbro|Slowbro-Mega, F
|-mega|p2a: Slowbro|Slowbro|Slowbronite
|move|p2a: Slowbro|Calm Mind|p2a: Slowbro
|-boost|p2a: Slowbro|spa|1
|-boost|p2a: Slowbro|spd|1
|
|turn|5
|
|move|p1a: Breloom|Spore|p2a: Slowbro
|-status|p2a: Slowbro|slp
|cant|p2a: Slowbro|slp
|
|turn|6
|
|move|p1a: Breloom|Bullet Seed|p2a: Slowbro
|-supereffective|p2a: Slowbro
|-damage|p2a: Slowbro|322\/394 slp
|-supereffective|p2a: Slowbro
|-damage|p2a: Slowbro|248\/394 slp
|-supereffective|p2a: Slowbro
|-damage|p2a: Slowbro|174\/394 slp
|-hitcount|p2a: Slowbro|3
|cant|p2a: Slowbro|slp
|
|turn|7
|
|switch|p2a: Amoonguss|Amoonguss, F|432\/432
|move|p1a: Breloom|Bullet Seed|p2a: Amoonguss
|-resisted|p2a: Amoonguss
|-damage|p2a: Amoonguss|415\/432
|-resisted|p2a: Amoonguss
|-damage|p2a: Amoonguss|397\/432
|-resisted|p2a: Amoonguss
|-damage|p2a: Amoonguss|378\/432
|-resisted|p2a: Amoonguss
|-damage|p2a: Amoonguss|360\/432
|-resisted|p2a: Amoonguss
|-damage|p2a: Amoonguss|341\/432
|-hitcount|p2a: Amoonguss|5
|
|-heal|p2a: Amoonguss|368\/432|[from] item: Black Sludge
|turn|8
|
|switch|p1a: Heatran|Heatran, F|386\/386 slp
|switch|p2a: Terrakion|Terrakion|323\/323
|
|turn|9
|
|switch|p1a: Slowbro|Slowbro, F, shiny|391\/391
|move|p2a: Terrakion|Stealth Rock|p1a: Slowbro
|-sidestart|p1: Bill1218|move: Stealth Rock
|
|turn|10
|
|move|p2a: Terrakion|Taunt|p1a: Slowbro
|-start|p1a: Slowbro|move: Taunt
|move|p1a: Slowbro|Scald|p2a: Terrakion
|-supereffective|p2a: Terrakion
|-damage|p2a: Terrakion|107\/323
|
|turn|11
|
|switch|p2a: Amoonguss|Amoonguss, F|432\/432
|move|p1a: Slowbro|Scald|p2a: Amoonguss
|-resisted|p2a: Amoonguss
|-damage|p2a: Amoonguss|384\/432
|
|-heal|p2a: Amoonguss|411\/432|[from] item: Black Sludge
|turn|12
|
|switch|p1a: Heatran|Heatran, F|386\/386 slp
|-damage|p1a: Heatran|338\/386 slp|[from] Stealth Rock
|move|p2a: Amoonguss|Giga Drain|p1a: Heatran
|-crit|p1a: Heatran
|-resisted|p1a: Heatran
|-damage|p1a: Heatran|318\/386 slp
|-heal|p2a: Amoonguss|421\/432|[from] drain|[of] p1a: Heatran
|
|-heal|p1a: Heatran|342\/386 slp|[from] item: Leftovers
|-heal|p2a: Amoonguss|432\/432|[from] item: Black Sludge
|turn|13
|
|switch|p2a: Slowbro|Slowbro-Mega, F|174\/394 slp
|cant|p1a: Heatran|slp
|
|-heal|p1a: Heatran|366\/386 slp|[from] item: Leftovers
|turn|14
|
|-curestatus|p1a: Heatran|slp
|move|p1a: Heatran|Stealth Rock|p2a: Slowbro
|-sidestart|p2: PennySunders-|move: Stealth Rock
|cant|p2a: Slowbro|slp
|
|-heal|p1a: Heatran|386\/386|[from] item: Leftovers
|turn|15
|
|-curestatus|p2a: Slowbro|slp
|move|p2a: Slowbro|Psyshock|p1a: Heatran
|-resisted|p1a: Heatran
|-damage|p1a: Heatran|325\/386
|move|p1a: Heatran|Roar|p2a: Slowbro
|drag|p2a: Excadrill|Excadrill, M|361\/361
|-damage|p2a: Excadrill|350\/361|[from] Stealth Rock
|-ability|p2a: Excadrill|Mold Breaker
|
|-heal|p1a: Heatran|349\/386|[from] item: Leftovers
|turn|16
|
|move|p1a: Heatran|Protect|p1a: Heatran
|-singleturn|p1a: Heatran|Protect
|move|p2a: Excadrill|Rapid Spin|p1a: Heatran
|-activate|p1a: Heatran|Protect
|
|-heal|p1a: Heatran|373\/386|[from] item: Leftovers
|turn|17
|
|switch|p1a: Landorus|Landorus, M|320\/320
|-damage|p1a: Landorus|280\/320|[from] Stealth Rock
|move|p2a: Excadrill|Rapid Spin|p1a: Landorus
|-damage|p1a: Landorus|253\/320
|-sideend|p2: PennySunders-|Stealth Rock|[from] move: Rapid Spin|[of] p2a: Excadrill
|
|turn|18
|
|switch|p2a: Dragonite|Dragonite, F|323\/323
|move|p1a: Landorus|Focus Blast|p2a: Dragonite
|-resisted|p2a: Dragonite
|-damage|p2a: Dragonite|267\/323
|
|turn|19
|
|move|p1a: Landorus|Sludge Wave|p2a: Dragonite
|-damage|p2a: Dragonite|82\/323
|move|p2a: Dragonite|Outrage|p1a: Landorus
|-damage|p1a: Landorus|0 fnt
|faint|p1a: Landorus
|
|
|switch|p1a: Heatran|Heatran, F|373\/386
|-damage|p1a: Heatran|325\/386|[from] Stealth Rock
|turn|20
|
|move|p1a: Heatran|Protect|p1a: Heatran
|-singleturn|p1a: Heatran|Protect
|move|p2a: Dragonite|Outrage|p1a: Heatran
|-activate|p1a: Heatran|Protect
|
|-end|p2a: Dragonite|rampage
|-start|p2a: Dragonite|confusion
|-heal|p1a: Heatran|349\/386|[from] item: Leftovers
|turn|21
|
|switch|p2a: Slowbro|Slowbro-Mega, F|174\/394
|move|p1a: Heatran|Lava Plume|p2a: Slowbro
|-resisted|p2a: Slowbro
|-damage|p2a: Slowbro|99\/394
|
|-heal|p1a: Heatran|373\/386|[from] item: Leftovers
|turn|22
|
|move|p1a: Heatran|Stealth Rock|p2a: Slowbro
|-sidestart|p2: PennySunders-|move: Stealth Rock
|move|p2a: Slowbro|Slack Off|p2a: Slowbro
|-heal|p2a: Slowbro|296\/394
|
|-heal|p1a: Heatran|386\/386|[from] item: Leftovers
|turn|23
|
|switch|p1a: Breloom|Breloom, M|262\/262
|-damage|p1a: Breloom|246\/262|[from] Stealth Rock
|move|p2a: Slowbro|Scald|p1a: Breloom
|-resisted|p1a: Breloom
|-damage|p1a: Breloom|156\/262
|-status|p1a: Breloom|brn
|
|-damage|p1a: Breloom|124\/262 brn|[from] brn
|turn|24
|
|switch|p2a: Amoonguss|Amoonguss, F|432\/432
|-damage|p2a: Amoonguss|378\/432|[from] Stealth Rock
|move|p1a: Breloom|Spore|p2a: Amoonguss
|-fail|p2a: Amoonguss
|
|-heal|p2a: Amoonguss|405\/432|[from] item: Black Sludge
|-damage|p1a: Breloom|92\/262 brn|[from] brn
|turn|25
|
|switch|p1a: Heatran|Heatran, F|386\/386
|-damage|p1a: Heatran|338\/386|[from] Stealth Rock
|move|p2a: Amoonguss|Spore|p1a: Heatran
|-status|p1a: Heatran|slp
|
|-heal|p1a: Heatran|362\/386 slp|[from] item: Leftovers
|-heal|p2a: Amoonguss|432\/432|[from] item: Black Sludge
|turn|26
|
|switch|p1a: Keldeo|Keldeo|323\/323
|-damage|p1a: Keldeo|303\/323|[from] Stealth Rock
|switch|p2a: Terrakion|Terrakion|107\/323
|-damage|p2a: Terrakion|87\/323|[from] Stealth Rock
|
|turn|27
|
|move|p1a: Keldeo|Scald|p2a: Terrakion
|-supereffective|p2a: Terrakion
|-damage|p2a: Terrakion|0 fnt
|faint|p2a: Terrakion
|
|
|switch|p2a: Slowbro|Slowbro-Mega, F|296\/394
|-damage|p2a: Slowbro|247\/394|[from] Stealth Rock
|turn|28
|
|switch|p1a: Breloom|Breloom, M|92\/262 brn
|-damage|p1a: Breloom|76\/262 brn|[from] Stealth Rock
|move|p2a: Slowbro|Scald|p1a: Breloom
|-crit|p1a: Breloom
|-resisted|p1a: Breloom
|-damage|p1a: Breloom|0 fnt
|faint|p1a: Breloom
|
|
|switch|p1a: Keldeo|Keldeo|303\/323
|-damage|p1a: Keldeo|283\/323|[from] Stealth Rock
|turn|29
|
|move|p1a: Keldeo|Hidden Power|p2a: Slowbro
|-supereffective|p2a: Slowbro
|-damage|p2a: Slowbro|65\/394
|move|p2a: Slowbro|Slack Off|p2a: Slowbro
|-heal|p2a: Slowbro|262\/394
|
|turn|30
|
|switch|p1a: Heatran|Heatran, F|362\/386 slp
|-damage|p1a: Heatran|314\/386 slp|[from] Stealth Rock
|move|p2a: Slowbro|Slack Off|p2a: Slowbro
|-heal|p2a: Slowbro|394\/394
|
|-heal|p1a: Heatran|338\/386 slp|[from] item: Leftovers
|turn|31
|
|switch|p1a: Keldeo|Keldeo|283\/323
|-damage|p1a: Keldeo|263\/323|[from] Stealth Rock
|move|p2a: Slowbro|Scald|p1a: Keldeo
|-resisted|p1a: Keldeo
|-damage|p1a: Keldeo|204\/323
|
|turn|32
|
|move|p1a: Keldeo|Hidden Power|p2a: Slowbro
|-supereffective|p2a: Slowbro
|-damage|p2a: Slowbro|198\/394
|move|p2a: Slowbro|Calm Mind|p2a: Slowbro
|-boost|p2a: Slowbro|spa|1
|-boost|p2a: Slowbro|spd|1
|
|turn|33
|
|move|p1a: Keldeo|Hidden Power|p2a: Slowbro
|-supereffective|p2a: Slowbro
|-damage|p2a: Slowbro|76\/394
|move|p2a: Slowbro|Slack Off|p2a: Slowbro
|-heal|p2a: Slowbro|273\/394
|
|turn|34
|
|move|p1a: Keldeo|Hidden Power|p2a: Slowbro
|-supereffective|p2a: Slowbro
|-damage|p2a: Slowbro|153\/394
|move|p2a: Slowbro|Slack Off|p2a: Slowbro
|-heal|p2a: Slowbro|350\/394
|
|turn|35
|
|switch|p1a: Slowbro|Slowbro, F, shiny|391\/391
|-damage|p1a: Slowbro|343\/391|[from] Stealth Rock
|move|p2a: Slowbro|Calm Mind|p2a: Slowbro
|-boost|p2a: Slowbro|spa|1
|-boost|p2a: Slowbro|spd|1
|
|turn|36
|
|detailschange|p1a: Slowbro|Slowbro-Mega, F, shiny
|-mega|p1a: Slowbro|Slowbro|Slowbronite
|move|p1a: Slowbro|Calm Mind|p1a: Slowbro
|-boost|p1a: Slowbro|spa|1
|-boost|p1a: Slowbro|spd|1
|move|p2a: Slowbro|Scald|p1a: Slowbro
|-resisted|p1a: Slowbro
|-damage|p1a: Slowbro|271\/391
|
|turn|37
|
|move|p2a: Slowbro|Calm Mind|p2a: Slowbro
|-boost|p2a: Slowbro|spa|1
|-boost|p2a: Slowbro|spd|1
|move|p1a: Slowbro|Calm Mind|p1a: Slowbro
|-boost|p1a: Slowbro|spa|1
|-boost|p1a: Slowbro|spd|1
|
|turn|38
|
|move|p1a: Slowbro|Calm Mind|p1a: Slowbro
|-boost|p1a: Slowbro|spa|1
|-boost|p1a: Slowbro|spd|1
|move|p2a: Slowbro|Scald|p1a: Slowbro
|-resisted|p1a: Slowbro
|-damage|p1a: Slowbro|220\/391
|-status|p1a: Slowbro|brn
|
|-damage|p1a: Slowbro|172\/391 brn|[from] brn
|turn|39
|
|move|p1a: Slowbro|Rest|p1a: Slowbro
|-status|p1a: Slowbro|slp
|-heal|p1a: Slowbro|391\/391 slp|[silent]
|-status|p1a: Slowbro|slp|[from] move: Rest
|move|p2a: Slowbro|Calm Mind|p2a: Slowbro
|-boost|p2a: Slowbro|spa|1
|-boost|p2a: Slowbro|spd|1
|
|turn|40
|
|move|p2a: Slowbro|Calm Mind|p2a: Slowbro
|-boost|p2a: Slowbro|spa|1
|-boost|p2a: Slowbro|spd|1
|cant|p1a: Slowbro|slp
|move|p1a: Slowbro|Sleep Talk|p1a: Slowbro
|move|p1a: Slowbro|Scald|p2a: Slowbro|[from]Sleep Talk
|-resisted|p2a: Slowbro
|-damage|p2a: Slowbro|296\/394
|
|turn|41
|
|move|p2a: Slowbro|Scald|p1a: Slowbro
|-resisted|p1a: Slowbro
|-damage|p1a: Slowbro|311\/391 slp
|cant|p1a: Slowbro|slp
|move|p1a: Slowbro|Sleep Talk|p1a: Slowbro
|move|p1a: Slowbro|Calm Mind|p1a: Slowbro|[from]Sleep Talk
|-boost|p1a: Slowbro|spa|1
|-boost|p1a: Slowbro|spd|1
|
|turn|42
|
|-curestatus|p1a: Slowbro|slp
|move|p1a: Slowbro|Scald|p2a: Slowbro
|-resisted|p2a: Slowbro
|-damage|p2a: Slowbro|233\/394
|move|p2a: Slowbro|Psyshock|p1a: Slowbro
|-resisted|p1a: Slowbro
|-damage|p1a: Slowbro|199\/391
|
|turn|43
|
|move|p2a: Slowbro|Psyshock|p1a: Slowbro
|-resisted|p1a: Slowbro
|-damage|p1a: Slowbro|94\/391
|move|p1a: Slowbro|Scald|p2a: Slowbro
|-resisted|p2a: Slowbro
|-damage|p2a: Slowbro|178\/394
|-status|p2a: Slowbro|brn
|
|-damage|p2a: Slowbro|129\/394 brn|[from] brn
|turn|44
|
|move|p1a: Slowbro|Rest|p1a: Slowbro
|-status|p1a: Slowbro|slp
|-heal|p1a: Slowbro|391\/391 slp|[silent]
|-status|p1a: Slowbro|slp|[from] move: Rest
|move|p2a: Slowbro|Psyshock|p1a: Slowbro
|-resisted|p1a: Slowbro
|-damage|p1a: Slowbro|281\/391 slp
|
|-damage|p2a: Slowbro|80\/394 brn|[from] brn
|turn|45
|
|cant|p1a: Slowbro|slp
|move|p1a: Slowbro|Sleep Talk|p1a: Slowbro
|move|p1a: Slowbro|Scald|p2a: Slowbro|[from]Sleep Talk
|-resisted|p2a: Slowbro
|-damage|p2a: Slowbro|15\/394 brn
|move|p2a: Slowbro|Slack Off|p2a: Slowbro
|-heal|p2a: Slowbro|212\/394 brn
|
|-damage|p2a: Slowbro|163\/394 brn|[from] brn
|turn|46
|
|move|p2a: Slowbro|Slack Off|p2a: Slowbro
|-heal|p2a: Slowbro|360\/394 brn
|cant|p1a: Slowbro|slp
|move|p1a: Slowbro|Sleep Talk|p1a: Slowbro
|move|p1a: Slowbro|Calm Mind|p1a: Slowbro|[from]Sleep Talk
|-boost|p1a: Slowbro|spa|1
|-boost|p1a: Slowbro|spd|1
|
|-damage|p2a: Slowbro|311\/394 brn|[from] brn
|turn|47
|
|-curestatus|p1a: Slowbro|slp
|move|p1a: Slowbro|Calm Mind|p1a: Slowbro
|-boost|p1a: Slowbro|spa|1
|-boost|p1a: Slowbro|spd|1
|move|p2a: Slowbro|Calm Mind|p2a: Slowbro
|-boost|p2a: Slowbro|spa|1
|-boost|p2a: Slowbro|spd|1
|
|-damage|p2a: Slowbro|262\/394 brn|[from] brn
|turn|48
|
|move|p1a: Slowbro|Scald|p2a: Slowbro
|-resisted|p2a: Slowbro
|-damage|p2a: Slowbro|193\/394 brn
|move|p2a: Slowbro|Psyshock|p1a: Slowbro
|-resisted|p1a: Slowbro
|-damage|p1a: Slowbro|155\/391
|
|-damage|p2a: Slowbro|144\/394 brn|[from] brn
|turn|49
|
|move|p1a: Slowbro|Rest|p1a: Slowbro
|-status|p1a: Slowbro|slp
|-heal|p1a: Slowbro|391\/391 slp|[silent]
|-status|p1a: Slowbro|slp|[from] move: Rest
|move|p2a: Slowbro|Slack Off|p2a: Slowbro
|-heal|p2a: Slowbro|341\/394 brn
|
|-damage|p2a: Slowbro|292\/394 brn|[from] brn
|turn|50
|
|move|p2a: Slowbro|Psyshock|p1a: Slowbro
|-resisted|p1a: Slowbro
|-damage|p1a: Slowbro|265\/391 slp
|cant|p1a: Slowbro|slp
|move|p1a: Slowbro|Sleep Talk|p1a: Slowbro
|move|p1a: Slowbro|Rest|p1a: Slowbro|[from]Sleep Talk
|-fail|p1a: Slowbro
|
|-damage|p2a: Slowbro|243\/394 brn|[from] brn
|turn|51
|
|cant|p1a: Slowbro|slp
|move|p1a: Slowbro|Sleep Talk|p1a: Slowbro
|move|p1a: Slowbro|Scald|p2a: Slowbro|[from]Sleep Talk
|-resisted|p2a: Slowbro
|-damage|p2a: Slowbro|177\/394 brn
|move|p2a: Slowbro|Psyshock|p1a: Slowbro
|-resisted|p1a: Slowbro
|-damage|p1a: Slowbro|128\/391 slp
|
|-damage|p2a: Slowbro|128\/394 brn|[from] brn
|turn|52
|
|move|p2a: Slowbro|Psyshock|p1a: Slowbro
|-resisted|p1a: Slowbro
|-damage|p1a: Slowbro|8\/391 slp
|-curestatus|p1a: Slowbro|slp
|move|p1a: Slowbro|Rest|p1a: Slowbro
|-status|p1a: Slowbro|slp
|-heal|p1a: Slowbro|391\/391 slp|[silent]
|-status|p1a: Slowbro|slp|[from] move: Rest
|
|-damage|p2a: Slowbro|79\/394 brn|[from] brn
|turn|53
|
|cant|p1a: Slowbro|slp
|move|p1a: Slowbro|Sleep Talk|p1a: Slowbro
|move|p1a: Slowbro|Calm Mind|p1a: Slowbro|[from]Sleep Talk
|-fail|p1a: Slowbro
|move|p2a: Slowbro|Slack Off|p2a: Slowbro
|-heal|p2a: Slowbro|276\/394 brn
|
|-damage|p2a: Slowbro|227\/394 brn|[from] brn
|turn|54
|
|cant|p1a: Slowbro|slp
|move|p1a: Slowbro|Sleep Talk|p1a: Slowbro
|move|p1a: Slowbro|Rest|p1a: Slowbro|[from]Sleep Talk
|-fail|p1a: Slowbro
|move|p2a: Slowbro|Slack Off|p2a: Slowbro
|-heal|p2a: Slowbro|394\/394 brn
|
|-damage|p2a: Slowbro|345\/394 brn|[from] brn
|turn|55
|
|move|p2a: Slowbro|Psyshock|p1a: Slowbro
|-resisted|p1a: Slowbro
|-damage|p1a: Slowbro|256\/391 slp
|-curestatus|p1a: Slowbro|slp
|move|p1a: Slowbro|Scald|p2a: Slowbro
|-resisted|p2a: Slowbro
|-damage|p2a: Slowbro|280\/394 brn
|
|-damage|p2a: Slowbro|231\/394 brn|[from] brn
|turn|56
|
|move|p2a: Slowbro|Psyshock|p1a: Slowbro
|-resisted|p1a: Slowbro
|-damage|p1a: Slowbro|137\/391
|move|p1a: Slowbro|Scald|p2a: Slowbro
|-resisted|p2a: Slowbro
|-damage|p2a: Slowbro|160\/394 brn
|
|-damage|p2a: Slowbro|111\/394 brn|[from] brn
|turn|57
|
|move|p2a: Slowbro|Psyshock|p1a: Slowbro
|-resisted|p1a: Slowbro
|-damage|p1a: Slowbro|5\/391
|move|p1a: Slowbro|Rest|p1a: Slowbro
|-status|p1a: Slowbro|slp
|-heal|p1a: Slowbro|391\/391 slp|[silent]
|-status|p1a: Slowbro|slp|[from] move: Rest
|
|-damage|p2a: Slowbro|62\/394 brn|[from] brn
|turn|58
|
|move|p2a: Slowbro|Slack Off|p2a: Slowbro
|-heal|p2a: Slowbro|259\/394 brn
|cant|p1a: Slowbro|slp
|move|p1a: Slowbro|Sleep Talk|p1a: Slowbro
|move|p1a: Slowbro|Scald|p2a: Slowbro|[from]Sleep Talk
|-resisted|p2a: Slowbro
|-damage|p2a: Slowbro|190\/394 brn
|
|-damage|p2a: Slowbro|141\/394 brn|[from] brn
|turn|59
|
|cant|p1a: Slowbro|slp
|move|p1a: Slowbro|Sleep Talk|p1a: Slowbro
|move|p1a: Slowbro|Scald|p2a: Slowbro|[from]Sleep Talk
|-resisted|p2a: Slowbro
|-damage|p2a: Slowbro|74\/394 brn
|move|p2a: Slowbro|Slack Off|p2a: Slowbro
|-heal|p2a: Slowbro|271\/394 brn
|
|-damage|p2a: Slowbro|222\/394 brn|[from] brn
|turn|60
|
|-curestatus|p1a: Slowbro|slp
|move|p1a: Slowbro|Scald|p2a: Slowbro
|-resisted|p2a: Slowbro
|-damage|p2a: Slowbro|147\/394 brn
|move|p2a: Slowbro|Psyshock|p1a: Slowbro
|-resisted|p1a: Slowbro
|-damage|p1a: Slowbro|262\/391
|
|-damage|p2a: Slowbro|98\/394 brn|[from] brn
|turn|61
|
|move|p1a: Slowbro|Scald|p2a: Slowbro
|-resisted|p2a: Slowbro
|-damage|p2a: Slowbro|21\/394 brn
|move|p2a: Slowbro|Psyshock|p1a: Slowbro
|-resisted|p1a: Slowbro
|-damage|p1a: Slowbro|141\/391
|
|-damage|p2a: Slowbro|0 fnt|[from] brn
|faint|p2a: Slowbro
|
|switch|p2a: Dragonite|Dragonite, F|82\/323
|-damage|p2a: Dragonite|2\/323|[from] Stealth Rock
|turn|62
|
|move|p2a: Dragonite|Outrage|p1a: Slowbro
|-damage|p1a: Slowbro|0 fnt
|faint|p1a: Slowbro
|
|
|switch|p1a: Keldeo|Keldeo|204\/323
|-damage|p1a: Keldeo|184\/323|[from] Stealth Rock
|turn|63
|
|move|p1a: Keldeo|Scald|p2a: Dragonite
|-resisted|p2a: Dragonite
|-damage|p2a: Dragonite|0 fnt
|faint|p2a: Dragonite
|
|
|switch|p2a: Amoonguss|Amoonguss, F|432\/432
|-damage|p2a: Amoonguss|378\/432|[from] Stealth Rock
|turn|64
|
|switch|p1a: Heatran|Heatran, F|338\/386 slp
|-damage|p1a: Heatran|290\/386 slp|[from] Stealth Rock
|move|p2a: Amoonguss|Giga Drain|p1a: Heatran
|-resisted|p1a: Heatran
|-damage|p1a: Heatran|277\/386 slp
|-heal|p2a: Amoonguss|385\/432|[from] drain|[of] p1a: Heatran
|
|-heal|p1a: Heatran|301\/386 slp|[from] item: Leftovers
|-heal|p2a: Amoonguss|412\/432|[from] item: Black Sludge
|turn|65
|
|switch|p2a: Excadrill|Excadrill, M|350\/361
|-damage|p2a: Excadrill|339\/361|[from] Stealth Rock
|-ability|p2a: Excadrill|Mold Breaker
|cant|p1a: Heatran|slp
|
|-heal|p1a: Heatran|325\/386 slp|[from] item: Leftovers
|turn|66
|
|switch|p1a: Tyranitar|Tyranitar, F|404\/404
|-damage|p1a: Tyranitar|354\/404|[from] Stealth Rock
|-weather|Sandstorm
|move|p2a: Excadrill|Earthquake|p1a: Tyranitar
|-supereffective|p1a: Tyranitar
|-damage|p1a: Tyranitar|102\/404
|
|-weather|Sandstorm|[upkeep]
|turn|67
|
|move|p2a: Excadrill|Earthquake|p1a: Tyranitar
|-supereffective|p1a: Tyranitar
|-damage|p1a: Tyranitar|0 fnt
|faint|p1a: Tyranitar
|
|-weather|Sandstorm|[upkeep]
|
|switch|p1a: Keldeo|Keldeo|184\/323
|-damage|p1a: Keldeo|164\/323|[from] Stealth Rock
|turn|68
|
|switch|p2a: Amoonguss|Amoonguss, F|432\/432
|-damage|p2a: Amoonguss|378\/432|[from] Stealth Rock
|move|p1a: Keldeo|Icy Wind|p2a: Amoonguss
|-crit|p2a: Amoonguss
|-supereffective|p2a: Amoonguss
|-damage|p2a: Amoonguss|132\/432
|-unboost|p2a: Amoonguss|spe|1
|
|-weather|Sandstorm|[upkeep]
|-damage|p1a: Keldeo|144\/323|[from] sandstorm
|-damage|p2a: Amoonguss|105\/432|[from] sandstorm
|-heal|p2a: Amoonguss|132\/432|[from] item: Black Sludge
|turn|69
|
|move|p1a: Keldeo|Icy Wind|p2a: Amoonguss
|-supereffective|p2a: Amoonguss
|-damage|p2a: Amoonguss|0 fnt
|faint|p2a: Amoonguss
|
|-weather|Sandstorm|[upkeep]
|-damage|p1a: Keldeo|124\/323|[from] sandstorm
|
|switch|p2a: Excadrill|Excadrill, M|339\/361
|-damage|p2a: Excadrill|328\/361|[from] Stealth Rock
|-ability|p2a: Excadrill|Mold Breaker
|turn|70
|
|move|p1a: Keldeo|Icy Wind|p2a: Excadrill
|-damage|p2a: Excadrill|223\/361
|-unboost|p2a: Excadrill|spe|1
|move|p2a: Excadrill|Earthquake|p1a: Keldeo
|-damage|p1a: Keldeo|0 fnt
|faint|p1a: Keldeo
|
|-weather|none
|
|switch|p1a: Heatran|Heatran, F|325\/386 slp
|-damage|p1a: Heatran|277\/386 slp|[from] Stealth Rock
|turn|71
|
|move|p2a: Excadrill|Earthquake|p1a: Heatran
|-supereffective|p1a: Heatran
|-damage|p1a: Heatran|0 fnt
|faint|p1a: Heatran
|
|win|PennySunders-
|raw|Ladder updating...
|raw|Bill1218's rating: 1529 &rarr; <strong>1508<\/strong><br \/>(-21 for losing)
|raw|PennySunders-'s rating: 1515 &rarr; <strong>1536<\/strong><br \/>(+21 for winning)
|c|âPennySunders-|GG
|leave|Bill1218
|player|p1