|join|Mystraker
|join|Shizou
|player|p1|Mystraker|161
|player|p2|Shizou|148
|gametype|singles
|gen|6
|tier|ORAS OU
|rated
|rule|Sleep Clause Mod: Limit one foe put to sleep
|rule|Species Clause: Limit one of each PokÃ©mon
|rule|OHKO Clause: OHKO moves are banned
|rule|Moody Clause: Moody is banned
|rule|Evasion Moves Clause: Evasion moves are banned
|rule|Endless Battle Clause: Forcing endless battles is banned
|rule|HP Percentage Mod: HP is shown in percentages
|clearpoke
|poke|p1|Gallade, M, shiny
|poke|p1|Greninja, F, shiny
|poke|p1|Latios, M
|poke|p1|Scizor, M, shiny
|poke|p1|Donphan, M, shiny
|poke|p1|Porygon2, shiny
|poke|p2|Raikou
|poke|p2|Salamence, M
|poke|p2|Latias, F
|poke|p2|Landorus-Therian, M
|poke|p2|Keldeo
|poke|p2|Clefable, M
|rule|Swagger Clause: Swagger is banned
|rule|Baton Pass Clause: Limit one PokÃ©mon knowing Baton Pass
|teampreview
|
|start
|switch|p1a: Donphan|Donphan, M, shiny|384\/384
|switch|p2a: Landorus-Therian|Landorus-Therian, M|320\/320
|-ability|p2a: Landorus-Therian|Intimidate|[of] p1a: Donphan
|-unboost|p1a: Donphan|atk|1
|turn|1
|
|switch|p2a: Keldeo|Keldeo|323\/323
|move|p1a: Donphan|Ice Shard|p2a: Keldeo
|-resisted|p2a: Keldeo
|-damage|p2a: Keldeo|310\/323
|
|turn|2
|
|switch|p1a: Latios|Latios, M|302\/302
|move|p2a: Keldeo|Scald|p1a: Latios
|-resisted|p1a: Latios
|-damage|p1a: Latios|207\/302
|-status|p1a: Latios|brn
|
|-damage|p1a: Latios|170\/302 brn|[from] brn
|turn|3
|
|switch|p2a: Clefable|Clefable, M|394\/394
|move|p1a: Latios|Psyshock|p2a: Clefable
|-damage|p2a: Clefable|213\/394
|-damage|p1a: Latios|140\/302 brn|[from] item: Life Orb
|
|-heal|p2a: Clefable|237\/394|[from] item: Leftovers
|-damage|p1a: Latios|103\/302 brn|[from] brn
|turn|4
|
|switch|p1a: Scizor|Scizor, M, shiny|344\/344
|move|p2a: Clefable|Soft-Boiled|p2a: Clefable
|-heal|p2a: Clefable|394\/394
|
|turn|5
|
|switch|p2a: Landorus-Therian|Landorus-Therian, M|320\/320
|-ability|p2a: Landorus-Therian|Intimidate|[of] p1a: Scizor
|-unboost|p1a: Scizor|atk|1
|move|p1a: Scizor|Bullet Punch|p2a: Landorus-Therian
|-damage|p2a: Landorus-Therian|194\/320
|
|turn|6
|
|move|p1a: Scizor|Bullet Punch|p2a: Landorus-Therian
|-damage|p2a: Landorus-Therian|68\/320
|move|p2a: Landorus-Therian|Knock Off|p1a: Scizor
|-crit|p1a: Scizor
|-damage|p1a: Scizor|153\/344
|-enditem|p1a: Scizor|Choice Band|[from] move: Knock Off|[of] p2a: Landorus-Therian
|
|turn|7
|
|switch|p2a: Raikou|Raikou|322\/322
|-ability|p2a: Raikou|Pressure
|move|p1a: Scizor|Bullet Punch|p2a: Raikou
|-resisted|p2a: Raikou
|-damage|p2a: Raikou|271\/322
|
|turn|8
|
|switch|p1a: Donphan|Donphan, M, shiny|384\/384
|move|p2a: Raikou|Shadow Ball|p1a: Donphan
|-damage|p1a: Donphan|247\/384
|
|turn|9
|
|switch|p2a: Latias|Latias, F|302\/302
|move|p1a: Donphan|Stealth Rock|p2a: Latias
|-sidestart|p2: Shizou|move: Stealth Rock
|
|turn|10
|
|move|p1a: Donphan|Ice Shard|p2a: Latias
|-supereffective|p2a: Latias
|-damage|p2a: Latias|224\/302
|move|p2a: Latias|Hidden Power|p1a: Donphan
|-crit|p1a: Donphan
|-damage|p1a: Donphan|57\/384
|-damage|p2a: Latias|194\/302|[from] item: Life Orb
|
|turn|11
|
|switch|p2a: Clefable|Clefable, M|394\/394
|move|p1a: Donphan|Ice Shard|p2a: Clefable
|-damage|p2a: Clefable|355\/394
|
|-heal|p2a: Clefable|379\/394|[from] item: Leftovers
|turn|12
|
|switch|p1a: Porygon2|Porygon2, shiny|374\/374
|-ability|p1a: Porygon2|Magic Guard|[from] ability: Trace|[of] p2a: Clefable
|move|p2a: Clefable|Stealth Rock|p1a: Porygon2
|-sidestart|p1: Mystraker|move: Stealth Rock
|
|-heal|p2a: Clefable|394\/394|[from] item: Leftovers
|turn|13
|
|move|p2a: Clefable|Moonblast|p1a: Porygon2
|-damage|p1a: Porygon2|295\/374
|move|p1a: Porygon2|Discharge|p2a: Clefable
|-damage|p2a: Clefable|309\/394
|
|-heal|p2a: Clefable|333\/394|[from] item: Leftovers
|turn|14
|
|switch|p2a: Latias|Latias, F|194\/302
|-damage|p2a: Latias|157\/302|[from] Stealth Rock
|move|p1a: Porygon2|Discharge|p2a: Latias
|-resisted|p2a: Latias
|-damage|p2a: Latias|119\/302
|-status|p2a: Latias|par
|
|turn|15
|
|move|p1a: Porygon2|Ice Beam|p2a: Latias
|-crit|p2a: Latias
|-supereffective|p2a: Latias
|-damage|p2a: Latias|0 fnt
|faint|p2a: Latias
|
|
|switch|p2a: Keldeo|Keldeo|310\/323
|-damage|p2a: Keldeo|290\/323|[from] Stealth Rock
|turn|16
|
|switch|p1a: Gallade|Gallade, M, shiny|340\/340
|-damage|p1a: Gallade|319\/340|[from] Stealth Rock
|move|p2a: Keldeo|Secret Sword|p1a: Gallade
|-resisted|p1a: Gallade
|-damage|p1a: Gallade|166\/340
|
|turn|17
|
|switch|p2a: Clefable|Clefable, M|333\/394
|detailschange|p1a: Gallade|Gallade-Mega, M, shiny
|message|Gallade has Mega Evolved into Mega Gallade!
|move|p1a: Gallade|Drain Punch|p2a: Clefable
|-resisted|p2a: Clefable
|-damage|p2a: Clefable|249\/394
|-heal|p1a: Gallade|208\/340|[from] drain|[of] p2a: Clefable
|
|-heal|p2a: Clefable|273\/394|[from] item: Leftovers
|turn|18
|
|move|p1a: Gallade|Knock Off|p2a: Clefable
|-resisted|p2a: Clefable
|-damage|p2a: Clefable|188\/394
|-enditem|p2a: Clefable|Leftovers|[from] move: Knock Off|[of] p1a: Gallade
|move|p2a: Clefable|Moonblast|p1a: Gallade
|-supereffective|p1a: Gallade
|-damage|p1a: Gallade|10\/340
|
|turn|19
|
|move|p1a: Gallade|Drain Punch|p2a: Clefable
|-resisted|p2a: Clefable
|-damage|p2a: Clefable|95\/394
|-heal|p1a: Gallade|57\/340|[from] drain|[of] p2a: Clefable
|move|p2a: Clefable|Moonblast|p1a: Gallade
|-supereffective|p1a: Gallade
|-damage|p1a: Gallade|0 fnt
|faint|p1a: Gallade
|
|
|switch|p1a: Scizor|Scizor, M, shiny|153\/344
|-damage|p1a: Scizor|110\/344|[from] Stealth Rock
|turn|20
|
|move|p1a: Scizor|U-turn|p2a: Clefable
|-resisted|p2a: Clefable
|-damage|p2a: Clefable|29\/394
|
|switch|p1a: Porygon2|Porygon2, shiny|295\/374
|-damage|p1a: Porygon2|249\/374|[from] Stealth Rock
|-ability|p1a: Porygon2|Magic Guard|[from] ability: Trace|[of] p2a: Clefable
|move|p2a: Clefable|Moonblast|p1a: Porygon2
|-damage|p1a: Porygon2|167\/374
|
|turn|21
|
|switch|p2a: Keldeo|Keldeo|290\/323
|-damage|p2a: Keldeo|270\/323|[from] Stealth Rock
|move|p1a: Porygon2|Tri Attack|p2a: Keldeo
|-damage|p2a: Keldeo|111\/323
|
|turn|22
|
|switch|p1a: Donphan|Donphan, M, shiny|57\/384
|-damage|p1a: Donphan|33\/384|[from] Stealth Rock
|move|p2a: Keldeo|Secret Sword|p1a: Donphan
|-damage|p1a: Donphan|0 fnt
|faint|p1a: Donphan
|
|
|switch|p1a: Scizor|Scizor, M, shiny|110\/344
|-damage|p1a: Scizor|67\/344|[from] Stealth Rock
|turn|23
|
|switch|p2a: Clefable|Clefable, M|29\/394
|move|p1a: Scizor|Bullet Punch|p2a: Clefable
|-supereffective|p2a: Clefable
|-damage|p2a: Clefable|0 fnt
|faint|p2a: Clefable
|
|
|switch|p2a: Salamence|Salamence, M|361\/361
|-damage|p2a: Salamence|271\/361|[from] Stealth Rock
|-ability|p2a: Salamence|Intimidate|[of] p1a: Scizor
|-unboost|p1a: Scizor|atk|1
|turn|24
|
|detailschange|p2a: Salamence|Salamence-Mega, M
|message|Salamence has Mega Evolved into Mega Salamence!
|move|p1a: Scizor|Bullet Punch|p2a: Salamence
|-damage|p2a: Salamence|210\/361
|move|p2a: Salamence|Substitute|p2a: Salamence
|-start|p2a: Salamence|Substitute
|-damage|p2a: Salamence|120\/361
|
|turn|25
|
|move|p1a: Scizor|Bullet Punch|p2a: Salamence
|-activate|p2a: Salamence|Substitute|[damage]
|move|p2a: Salamence|Roost|p2a: Salamence
|-heal|p2a: Salamence|301\/361
|
|turn|26
|
|move|p1a: Scizor|Bullet Punch|p2a: Salamence
|-end|p2a: Salamence|Substitute
|move|p2a: Salamence|Dragon Dance|p2a: Salamence
|-boost|p2a: Salamence|atk|1
|-boost|p2a: Salamence|spe|1
|
|turn|27
|
|move|p2a: Salamence|Substitute|p2a: Salamence
|-start|p2a: Salamence|Substitute
|-damage|p2a: Salamence|211\/361
|move|p1a: Scizor|Superpower|p2a: Salamence
|-resisted|p2a: Salamence
|-activate|p2a: Salamence|Substitute|[damage]
|-unboost|p1a: Scizor|atk|1
|-unboost|p1a: Scizor|def|1
|
|turn|28
|
|switch|p1a: Greninja|Greninja, F, shiny|286\/286
|-damage|p1a: Greninja|251\/286|[from] Stealth Rock
|move|p2a: Salamence|Dragon Dance|p2a: Salamence
|-boost|p2a: Salamence|atk|1
|-boost|p2a: Salamence|spe|1
|
|turn|29
|
|move|p2a: Salamence|Frustration|p1a: Greninja
|-damage|p1a: Greninja|0 fnt
|faint|p1a: Greninja
|
|-message|Mystraker forfeited.
|
|win|Shizou
|raw|Ladder updating...
|raw|Mystraker's rating: 1022 &rarr; <strong>1012<\/strong><br \/>(-10 for losing)
|raw|Shizou's rating: 1119 &rarr; <strong>1137<\/strong><br \/>(+18 for winning)
|leave|Mystraker
|player|p1