|join|Richizen
|join|Shizou
|player|p1|Richizen|1
|player|p2|Shizou|148
|gametype|singles
|gen|6
|tier|OU
|rated
|clearpoke
|poke|p1|Ferrothorn, M, shiny
|poke|p1|Gallade, M
|poke|p1|Greninja, M, shiny
|poke|p1|Excadrill, M
|poke|p1|Gothitelle, F
|poke|p1|Clefable, F, shiny
|poke|p2|Greninja, M
|poke|p2|Latias, F
|poke|p2|Scizor, F
|poke|p2|Garchomp, M
|poke|p2|Mew
|poke|p2|Rotom-Wash
|rule|Swagger Clause: Swagger is banned
|rule|Baton Pass Clause: Limit one PokÃ©mon knowing Baton Pass
|rule|Sleep Clause Mod: Limit one foe put to sleep
|rule|Species Clause: Limit one of each PokÃ©mon
|rule|OHKO Clause: OHKO moves are banned
|rule|Moody Clause: Moody is banned
|rule|Evasion Moves Clause: Evasion moves are banned
|rule|Endless Battle Clause: Forcing endless battles is banned
|rule|HP Percentage Mod: HP is shown in percentages
|teampreview
|
|start
|switch|p1a: Ferrothorn|Ferrothorn, M, shiny|352\/352
|switch|p2a: Mew|Mew|404\/404
|turn|1
|
|switch|p1a: Greninja|Greninja, M, shiny|285\/285
|move|p2a: Mew|Taunt|p1a: Greninja
|-start|p1a: Greninja|move: Taunt
|
|turn|2
|
|move|p1a: Greninja|Dark Pulse|p2a: Mew
|-start|p1a: Greninja|typechange|Dark|[from] Protean
|-supereffective|p2a: Mew
|-damage|p2a: Mew|162\/404
|-damage|p1a: Greninja|257\/285|[from] item: Life Orb
|move|p2a: Mew|Knock Off|p1a: Greninja
|-resisted|p1a: Greninja
|-damage|p1a: Greninja|213\/285
|-enditem|p1a: Greninja|Life Orb|[from] move: Knock Off|[of] p2a: Mew
|
|-heal|p2a: Mew|187\/404|[from] item: Leftovers
|turn|3
|
|switch|p2a: Greninja|Greninja, M|285\/285
|move|p1a: Greninja|Dark Pulse|p2a: Greninja
|-resisted|p2a: Greninja
|-damage|p2a: Greninja|211\/285
|
|turn|4
|
|switch|p1a: Ferrothorn|Ferrothorn, M, shiny|352\/352
|move|p2a: Greninja|Ice Beam|p1a: Ferrothorn
|-start|p2a: Greninja|typechange|Ice|[from] Protean
|-damage|p1a: Ferrothorn|196\/352
|-damage|p2a: Greninja|183\/285|[from] item: Life Orb
|
|-heal|p1a: Ferrothorn|218\/352|[from] item: Leftovers
|turn|5
|
|switch|p2a: Mew|Mew|187\/404
|move|p1a: Ferrothorn|Stealth Rock|p2a: Mew
|-sidestart|p2: Shizou|move: Stealth Rock
|
|-heal|p2a: Mew|212\/404|[from] item: Leftovers
|-heal|p1a: Ferrothorn|240\/352|[from] item: Leftovers
|turn|6
|
|move|p2a: Mew|Soft-Boiled|p2a: Mew
|-heal|p2a: Mew|404\/404
|move|p1a: Ferrothorn|Leech Seed|p2a: Mew
|-start|p2a: Mew|move: Leech Seed
|
|-heal|p1a: Ferrothorn|262\/352|[from] item: Leftovers
|-damage|p2a: Mew|354\/404|[from] Leech Seed|[of] p1a: Ferrothorn
|-heal|p1a: Ferrothorn|312\/352|[silent]
|turn|7
|
|switch|p1a: Greninja|Greninja, M, shiny|213\/285
|move|p2a: Mew|Super Fang|p1a: Greninja
|-damage|p1a: Greninja|107\/285
|
|-heal|p2a: Mew|379\/404|[from] item: Leftovers
|-damage|p2a: Mew|329\/404|[from] Leech Seed|[of] p1a: Greninja
|-heal|p1a: Greninja|157\/285|[silent]
|turn|8
|
|switch|p2a: Rotom-Wash|Rotom-Wash|304\/304
|-damage|p2a: Rotom-Wash|266\/304|[from] Stealth Rock
|move|p1a: Greninja|Dark Pulse|p2a: Rotom-Wash
|-start|p1a: Greninja|typechange|Dark|[from] Protean
|-damage|p2a: Rotom-Wash|158\/304
|
|-heal|p2a: Rotom-Wash|177\/304|[from] item: Leftovers
|turn|9
|
|move|p1a: Greninja|Gunk Shot|p2a: Rotom-Wash
|-start|p1a: Greninja|typechange|Poison|[from] Protean
|-damage|p2a: Rotom-Wash|80\/304
|move|p2a: Rotom-Wash|Volt Switch|p1a: Greninja
|-damage|p1a: Greninja|46\/285
|
|switch|p2a: Scizor|Scizor, F|343\/343
|-damage|p2a: Scizor|301\/343|[from] Stealth Rock
|
|turn|10
|
|switch|p1a: Ferrothorn|Ferrothorn, M, shiny|312\/352
|detailschange|p2a: Scizor|Scizor-Mega, F
|message|Scizor has Mega Evolved into Mega Scizor!
|move|p2a: Scizor|Bullet Punch|p1a: Ferrothorn
|-resisted|p1a: Ferrothorn
|-damage|p1a: Ferrothorn|276\/352
|-damage|p2a: Scizor|259\/343|[from] ability: Iron Barbs|[of] p1a: Ferrothorn
|
|-heal|p1a: Ferrothorn|298\/352|[from] item: Leftovers
|turn|11
|
|move|p2a: Scizor|Swords Dance|p2a: Scizor
|-boost|p2a: Scizor|atk|2
|move|p1a: Ferrothorn|Leech Seed|p2a: Scizor
|-start|p2a: Scizor|move: Leech Seed
|
|-heal|p1a: Ferrothorn|320\/352|[from] item: Leftovers
|-damage|p2a: Scizor|217\/343|[from] Leech Seed|[of] p1a: Ferrothorn
|-heal|p1a: Ferrothorn|352\/352|[silent]
|turn|12
|
|switch|p1a: Clefable|Clefable, F, shiny|394\/394
|move|p2a: Scizor|Swords Dance|p2a: Scizor
|-boost|p2a: Scizor|atk|2
|
|-damage|p2a: Scizor|175\/343|[from] Leech Seed|[of] p1a: Clefable
|turn|13
|
|move|p2a: Scizor|Bullet Punch|p1a: Clefable
|-supereffective|p1a: Clefable
|-damage|p1a: Clefable|184\/394
|move|p1a: Clefable|Fire Blast|p2a: Scizor
|-supereffective|p2a: Scizor
|-damage|p2a: Scizor|0 fnt
|faint|p2a: Scizor
|
|-heal|p1a: Clefable|208\/394|[from] item: Leftovers
|
|switch|p2a: Greninja|Greninja, M|183\/285
|-damage|p2a: Greninja|148\/285|[from] Stealth Rock
|turn|14
|
|switch|p1a: Ferrothorn|Ferrothorn, M, shiny|352\/352
|move|p2a: Greninja|Ice Beam|p1a: Ferrothorn
|-start|p2a: Greninja|typechange|Ice|[from] Protean
|-damage|p1a: Ferrothorn|196\/352
|-damage|p2a: Greninja|120\/285|[from] item: Life Orb
|
|-heal|p1a: Ferrothorn|218\/352|[from] item: Leftovers
|turn|15
|
|switch|p2a: Rotom-Wash|Rotom-Wash|80\/304
|-damage|p2a: Rotom-Wash|42\/304|[from] Stealth Rock
|move|p1a: Ferrothorn|Gyro Ball|p2a: Rotom-Wash
|-resisted|p2a: Rotom-Wash
|-damage|p2a: Rotom-Wash|16\/304
|
|-heal|p2a: Rotom-Wash|35\/304|[from] item: Leftovers
|-heal|p1a: Ferrothorn|240\/352|[from] item: Leftovers
|turn|16
|
|switch|p1a: Greninja|Greninja, M, shiny|46\/285
|move|p2a: Rotom-Wash|Pain Split|p1a: Greninja
|-sethp|p1a: Greninja|40\/285|p2a: Rotom-Wash|40\/304|[from] move: Pain Split
|
|-heal|p2a: Rotom-Wash|59\/304|[from] item: Leftovers
|turn|17
|
|switch|p2a: Garchomp|Garchomp, M|358\/358
|-damage|p2a: Garchomp|336\/358|[from] Stealth Rock
|move|p1a: Greninja|Dark Pulse|p2a: Garchomp
|-start|p1a: Greninja|typechange|Dark|[from] Protean
|-damage|p2a: Garchomp|203\/358
|
|turn|18
|
|move|p2a: Garchomp|Earthquake|p1a: Greninja
|-damage|p1a: Greninja|0 fnt
|faint|p1a: Greninja
|
|
|switch|p1a: Excadrill|Excadrill, M|362\/362
|-ability|p1a: Excadrill|Mold Breaker
|-item|p1a: Excadrill|Air Balloon
|turn|19
|
|switch|p2a: Mew|Mew|329\/404
|-damage|p2a: Mew|279\/404|[from] Stealth Rock
|move|p1a: Excadrill|Earthquake|p2a: Mew
|-crit|p2a: Mew
|-damage|p2a: Mew|0 fnt
|faint|p2a: Mew
|
|
|switch|p2a: Greninja|Greninja, M|120\/285
|-damage|p2a: Greninja|85\/285|[from] Stealth Rock
|turn|20
|
|move|p2a: Greninja|Hydro Pump|p1a: Excadrill
|-start|p2a: Greninja|typechange|Water|[from] Protean
|-supereffective|p1a: Excadrill
|-damage|p1a: Excadrill|0 fnt
|-enditem|p1a: Excadrill|Air Balloon
|-damage|p2a: Greninja|57\/285|[from] item: Life Orb
|faint|p1a: Excadrill
|
|
|switch|p1a: Ferrothorn|Ferrothorn, M, shiny|240\/352
|turn|21
|
|switch|p2a: Latias|Latias, F|302\/302
|-damage|p2a: Latias|265\/302|[from] Stealth Rock
|move|p1a: Ferrothorn|Gyro Ball|p2a: Latias
|-damage|p2a: Latias|82\/302
|
|-heal|p1a: Ferrothorn|262\/352|[from] item: Leftovers
|turn|22
|
|move|p2a: Latias|Healing Wish|p2a: Latias
|faint|p2a: Latias
|move|p1a: Ferrothorn|Leech Seed|p2: Latias|[notarget]
|-notarget
|
|-heal|p1a: Ferrothorn|284\/352|[from] item: Leftovers
|
|switch|p2a: Greninja|Greninja, M|57\/285
|-heal|p2a: Greninja|285\/285|[from] move: Healing Wish
|-damage|p2a: Greninja|250\/285|[from] Stealth Rock
|turn|23
|
|switch|p2a: Rotom-Wash|Rotom-Wash|59\/304
|-damage|p2a: Rotom-Wash|21\/304|[from] Stealth Rock
|move|p1a: Ferrothorn|Gyro Ball|p2a: Rotom-Wash
|-resisted|p2a: Rotom-Wash
|-damage|p2a: Rotom-Wash|0 fnt
|faint|p2a: Rotom-Wash
|
|-heal|p1a: Ferrothorn|306\/352|[from] item: Leftovers
|
|switch|p2a: Garchomp|Garchomp, M|203\/358
|-damage|p2a: Garchomp|181\/358|[from] Stealth Rock
|turn|24
|
|switch|p1a: Clefable|Clefable, F, shiny|208\/394
|move|p2a: Garchomp|Earthquake|p1a: Clefable
|-damage|p1a: Clefable|52\/394
|
|-heal|p1a: Clefable|76\/394|[from] item: Leftovers
|turn|25
|
|move|p2a: Garchomp|Earthquake|p1a: Clefable
|-damage|p1a: Clefable|0 fnt
|faint|p1a: Clefable
|
|
|switch|p1a: Gothitelle|Gothitelle, F|344\/344
|turn|26
|
|move|p2a: Garchomp|Earthquake|p1a: Gothitelle
|-damage|p1a: Gothitelle|161\/344
|move|p1a: Gothitelle|Psyshock|p2a: Garchomp
|-damage|p2a: Garchomp|0 fnt
|faint|p2a: Garchomp
|
|
|switch|p2a: Greninja|Greninja, M|250\/285
|-damage|p2a: Greninja|215\/285|[from] Stealth Rock
|turn|27
|
|move|p2a: Greninja|Dark Pulse|p1a: Gothitelle
|-start|p2a: Greninja|typechange|Dark|[from] Protean
|-supereffective|p1a: Gothitelle
|-damage|p1a: Gothitelle|0 fnt
|-damage|p2a: Greninja|187\/285|[from] item: Life Orb
|faint|p1a: Gothitelle
|
|
|switch|p1a: Gallade|Gallade, M|302\/302
|turn|28
|
|detailschange|p1a: Gallade|Gallade-Mega, M
|message|Gallade has Mega Evolved into Mega Gallade!
|move|p2a: Greninja|Dark Pulse|p1a: Gallade
|-damage|p1a: Gallade|168\/302
|-damage|p2a: Greninja|159\/285|[from] item: Life Orb
|move|p1a: Gallade|Drain Punch|p2a: Greninja
|-supereffective|p2a: Greninja
|-damage|p2a: Greninja|0 fnt
|-heal|p1a: Gallade|248\/302|[from] drain|[of] p2a: Greninja
|faint|p2a: Greninja
|
|win|Richizen
|raw|Ladder updating...
|leave|Shizou
|player|p2
|raw|Richizen's rating: 1382 &rarr; <strong>1402<\/strong><br \/>(+20 for winning)
|raw|Shizou's rating: 1385 &rarr; <strong>1365<\/strong><br \/>(-20 for losing)