|join|MasterTroll
|join|Shizou
|player|p1|MasterTroll|1
|player|p2|Shizou|148
|gametype|singles
|gen|6
|tier|OU
|rated
|clearpoke
|poke|p1|Charizard, M
|poke|p1|Scizor, F
|poke|p1|Togekiss, M
|poke|p1|Landorus, M
|poke|p1|Rotom-Wash
|poke|p1|Kingdra, F
|poke|p2|Tyranitar, F
|poke|p2|Garchomp, M
|poke|p2|Togekiss, M
|poke|p2|Excadrill, F
|poke|p2|Conkeldurr, F
|poke|p2|Keldeo
|rule|Sleep Clause Mod: Limit one foe put to sleep
|rule|Species Clause: Limit one of each Pokemon
|rule|OHKO Clause: OHKO moves are banned
|rule|Moody Clause: Moody is banned
|rule|Evasion Moves Clause: Evasion moves are banned
|rule|Endless Battle Clause: Forcing endless battles is banned.
|rule|HP Percentage Mod: HP is reported as percentages
|teampreview
|join|Darkreye
|join|Pokati
|
|start
|switch|p1a: Landorus|Landorus, M|320\/320
|switch|p2a: Keldeo|Keldeo|322\/322
|turn|1
|
|switch|p2a: Togekiss|Togekiss, M|374\/374
|switch|p1a: Kingdra|Kingdra, F|291\/291
|
|turn|2
|leave|Darkreye
|
|switch|p1a: Rotom-Wash|Rotom-Wash|304\/304
|move|p2a: Togekiss|Thunder Wave|p1a: Rotom-Wash
|-fail|p1a: Rotom-Wash
|
|turn|3
|
|switch|p2a: Conkeldurr|Conkeldurr, F|414\/414
|move|p1a: Rotom-Wash|Trick|p2a: Conkeldurr
|-activate|p1a: Rotom-Wash|move: Trick|[of] p2a: Conkeldurr
|-item|p2a: Conkeldurr|Choice Specs|[from] move: Trick
|-item|p1a: Rotom-Wash|Assault Vest|[from] move: Trick
|
|turn|4
|
|move|p1a: Rotom-Wash|Volt Switch|p2a: Conkeldurr
|-damage|p2a: Conkeldurr|245\/414
|
|switch|p1a: Togekiss|Togekiss, M|374\/374
|move|p2a: Conkeldurr|Knock Off|p1a: Togekiss
|-resisted|p1a: Togekiss
|-damage|p1a: Togekiss|329\/374
|-enditem|p1a: Togekiss|Leftovers|[from] move: Knock Off|[of] p2a: Conkeldurr
|
|turn|5
|
|switch|p1a: Landorus|Landorus, M|320\/320
|switch|p2a: Excadrill|Excadrill, F|362\/362
|-item|p2a: Excadrill|Air Balloon
|
|turn|6
|
|move|p1a: Landorus|Focus Blast|p2a: Excadrill
|-supereffective|p2a: Excadrill
|-damage|p2a: Excadrill|0 fnt
|-enditem|p2a: Excadrill|Air Balloon
|faint|p2a: Excadrill
|
|
|switch|p2a: Keldeo|Keldeo|322\/322
|turn|7
|
|switch|p1a: Kingdra|Kingdra, F|291\/291
|move|p2a: Keldeo|Secret Sword|p1a: Kingdra
|-damage|p1a: Kingdra|45\/291
|
|turn|8
|
|move|p2a: Keldeo|Secret Sword|p1a: Kingdra
|-damage|p1a: Kingdra|0 fnt
|faint|p1a: Kingdra
|
|
|switch|p1a: Charizard|Charizard, M|298\/298
|turn|9
|
|switch|p2a: Tyranitar|Tyranitar, F|342\/342
|-weather|Sandstorm
|-formechange|p1a: Charizard|Charizard-Mega-X
|message|Charizard has Mega Evolved into Mega Charizard!
|move|p1a: Charizard|Dragon Dance|p1a: Charizard
|-boost|p1a: Charizard|atk|1
|-boost|p1a: Charizard|spe|1
|
|-weather|Sandstorm|[upkeep]
|-damage|p1a: Charizard|280\/298|[from] sandstorm
|turn|10
|
|switch|p2a: Togekiss|Togekiss, M|374\/374
|move|p1a: Charizard|Dragon Claw|p2a: Togekiss
|-immune|p2a: Togekiss|[msg]
|
|-weather|Sandstorm|[upkeep]
|-damage|p1a: Charizard|262\/298|[from] sandstorm
|-damage|p2a: Togekiss|351\/374|[from] sandstorm
|-heal|p2a: Togekiss|374\/374|[from] item: Leftovers
|turn|11
|
|move|p1a: Charizard|Flare Blitz|p2a: Togekiss
|-damage|p2a: Togekiss|0 fnt
|-damage|p1a: Charizard|139\/298|[from] recoil|[of] p2a: Togekiss
|faint|p2a: Togekiss
|
|-weather|Sandstorm|[upkeep]
|-damage|p1a: Charizard|121\/298|[from] sandstorm
|
|switch|p2a: Garchomp|Garchomp, M|358\/358
|turn|12
|
|switch|p1a: Togekiss|Togekiss, M|329\/374
|move|p2a: Garchomp|Stealth Rock|p1a: Togekiss
|-sidestart|p1: MasterTroll|move: Stealth Rock
|
|-weather|Sandstorm|[upkeep]
|-damage|p1a: Togekiss|306\/374|[from] sandstorm
|turn|13
|
|switch|p2a: Conkeldurr|Conkeldurr, F|245\/414
|move|p1a: Togekiss|Heal Bell|p1a: Togekiss
|-cureteam|p1a: Togekiss|[from] move: HealBell
|
|-weather|none
|turn|14
|
|switch|p1a: Scizor|Scizor, F|344\/344
|-damage|p1a: Scizor|301\/344|[from] Stealth Rock
|move|p2a: Conkeldurr|Ice Punch|p1a: Scizor
|-resisted|p1a: Scizor
|-damage|p1a: Scizor|245\/344
|
|-heal|p1a: Scizor|266\/344|[from] item: Leftovers
|turn|15
|
|move|p1a: Scizor|Defog|p2a: Conkeldurr
|-unboost|p2a: Conkeldurr|evasion|1
|-sideend|p1: MasterTroll|Stealth Rock|[from] move: Defog|[of] p1a: Scizor
|move|p2a: Conkeldurr|Ice Punch|p1a: Scizor
|-resisted|p1a: Scizor
|-damage|p1a: Scizor|212\/344
|-status|p1a: Scizor|frz
|
|-heal|p1a: Scizor|233\/344 frz|[from] item: Leftovers
|turn|16
|chat|MasterTroll|wow
|
|-curestatus|p1a: Scizor|frz
|move|p1a: Scizor|Roost|p1a: Scizor
|-heal|p1a: Scizor|344\/344
|move|p2a: Conkeldurr|Ice Punch|p1a: Scizor
|-resisted|p1a: Scizor
|-damage|p1a: Scizor|295\/344
|-status|p1a: Scizor|frz
|
|-heal|p1a: Scizor|316\/344 frz|[from] item: Leftovers
|turn|17
|chat|MasterTroll|wow
|chat|Shizou|kill me already
|
|cant|p1a: Scizor|frz
|move|p2a: Conkeldurr|Ice Punch|p1a: Scizor
|-resisted|p1a: Scizor
|-damage|p1a: Scizor|262\/344 frz
|
|-heal|p1a: Scizor|283\/344 frz|[from] item: Leftovers
|turn|18
|
|cant|p1a: Scizor|frz
|move|p2a: Conkeldurr|Ice Punch|p1a: Scizor
|-resisted|p1a: Scizor
|-damage|p1a: Scizor|233\/344 frz
|
|-heal|p1a: Scizor|254\/344 frz|[from] item: Leftovers
|turn|19
|
|cant|p1a: Scizor|frz
|move|p2a: Conkeldurr|Ice Punch|p1a: Scizor
|-resisted|p1a: Scizor
|-damage|p1a: Scizor|199\/344 frz
|
|-heal|p1a: Scizor|220\/344 frz|[from] item: Leftovers
|turn|20
|
|cant|p1a: Scizor|frz
|move|p2a: Conkeldurr|Ice Punch|p1a: Scizor
|-resisted|p1a: Scizor
|-damage|p1a: Scizor|172\/344 frz
|
|-heal|p1a: Scizor|193\/344 frz|[from] item: Leftovers
|turn|21
|chat|MasterTroll|this is gay
|
|-curestatus|p1a: Scizor|frz
|move|p1a: Scizor|Roost|p1a: Scizor
|-heal|p1a: Scizor|344\/344
|move|p2a: Conkeldurr|Ice Punch|p1a: Scizor
|-resisted|p1a: Scizor
|-damage|p1a: Scizor|295\/344
|
|-heal|p1a: Scizor|316\/344|[from] item: Leftovers
|turn|22
|
|move|p1a: Scizor|Swords Dance|p1a: Scizor
|-boost|p1a: Scizor|atk|2
|move|p2a: Conkeldurr|Ice Punch|p1a: Scizor
|-resisted|p1a: Scizor
|-damage|p1a: Scizor|268\/344
|
|-heal|p1a: Scizor|289\/344|[from] item: Leftovers
|turn|23
|
|switch|p2a: Keldeo|Keldeo|322\/322
|move|p1a: Scizor|Swords Dance|p1a: Scizor
|-boost|p1a: Scizor|atk|2
|
|-heal|p1a: Scizor|310\/344|[from] item: Leftovers
|turn|24
|
|move|p1a: Scizor|Bullet Punch|p2a: Keldeo
|-resisted|p2a: Keldeo
|-damage|p2a: Keldeo|191\/322
|move|p2a: Keldeo|Scald|p1a: Scizor
|-damage|p1a: Scizor|124\/344
|
|-heal|p1a: Scizor|145\/344|[from] item: Leftovers
|turn|25
|
|switch|p1a: Rotom-Wash|Rotom-Wash|304\/304
|move|p2a: Keldeo|Scald|p1a: Rotom-Wash
|-resisted|p1a: Rotom-Wash
|-damage|p1a: Rotom-Wash|243\/304
|
|turn|26
|
|switch|p2a: Conkeldurr|Conkeldurr, F|245\/414
|move|p1a: Rotom-Wash|Volt Switch|p2a: Conkeldurr
|-damage|p2a: Conkeldurr|80\/414
|
|switch|p1a: Landorus|Landorus, M|320\/320
|
|turn|27
|
|move|p1a: Landorus|Earth Power|p2a: Conkeldurr
|-damage|p2a: Conkeldurr|0 fnt
|faint|p2a: Conkeldurr
|
|
|switch|p2a: Keldeo|Keldeo|191\/322
|turn|28
|
|switch|p1a: Togekiss|Togekiss, M|306\/374
|move|p2a: Keldeo|Secret Sword|p1a: Togekiss
|-resisted|p1a: Togekiss
|-damage|p1a: Togekiss|268\/374
|
|turn|29
|
|switch|p2a: Garchomp|Garchomp, M|358\/358
|switch|p1a: Rotom-Wash|Rotom-Wash|243\/304
|
|turn|30
|
|move|p2a: Garchomp|Dragon Claw|p1a: Rotom-Wash
|-damage|p1a: Rotom-Wash|114\/304
|move|p1a: Rotom-Wash|Hydro Pump|p2a: Garchomp|[miss]
|-miss|p1a: Rotom-Wash|p2a: Garchomp
|
|turn|31
|
|switch|p1a: Togekiss|Togekiss, M|268\/374
|move|p2a: Garchomp|Dragon Claw|p1a: Togekiss
|-immune|p1a: Togekiss|[msg]
|
|turn|32
|
|switch|p2a: Tyranitar|Tyranitar, F|342\/342
|-weather|Sandstorm
|move|p1a: Togekiss|Air Slash|p2a: Tyranitar
|-resisted|p2a: Tyranitar
|-damage|p2a: Tyranitar|306\/342
|
|-weather|Sandstorm|[upkeep]
|-damage|p1a: Togekiss|245\/374|[from] sandstorm
|turn|33
|
|-formechange|p2a: Tyranitar|Tyranitar-Mega
|message|Tyranitar has Mega Evolved into Mega Tyranitar!
|move|p2a: Tyranitar|Stone Edge|p1a: Togekiss|[miss]
|-miss|p2a: Tyranitar|p1a: Togekiss
|move|p1a: Togekiss|Thunder Wave|p2a: Tyranitar
|-status|p2a: Tyranitar|par
|
|-weather|Sandstorm|[upkeep]
|-damage|p1a: Togekiss|222\/374|[from] sandstorm
|turn|34
|-message|Shizou forfeited.
|
|win|MasterTroll
|raw|Ladder updating...
|leave|Shizou
|player|p2
|raw|MasterTroll's rating: 1474 &rarr; <strong>1497<\/strong><br \/>(+23 for winning)
|raw|Shizou's rating: 1521 &rarr; <strong>1498<\/strong><br \/>(-23 for losing)