|join|Shizou
|join|unity chuggarules
|player|p1|Shizou|148
|player|p2|unity chuggarules|2
|gametype|singles
|gen|6
|tier|OU
|rated
|clearpoke
|poke|p1|Mew
|poke|p1|Heracross, F
|poke|p1|Keldeo-Resolute
|poke|p1|Heatran, M
|poke|p1|Landorus-Therian, M
|poke|p1|Raikou
|poke|p2|Landorus, M
|poke|p2|Chansey, F
|poke|p2|Tyranitar, F
|poke|p2|Ferrothorn, M
|poke|p2|Excadrill, F
|poke|p2|Greninja, M
|rule|Swagger Clause: Swagger is banned
|rule|Baton Pass Clause: Limit one PokÃ©mon knowing Baton Pass
|rule|Sleep Clause Mod: Limit one foe put to sleep
|rule|Species Clause: Limit one of each PokÃ©mon
|rule|OHKO Clause: OHKO moves are banned
|rule|Moody Clause: Moody is banned
|rule|Evasion Moves Clause: Evasion moves are banned
|rule|Endless Battle Clause: Forcing endless battles is banned
|rule|HP Percentage Mod: HP is shown in percentages
|teampreview
|
|start
|switch|p1a: Mew|Mew|404\/404
|switch|p2a: Greninja|Greninja, M|286\/286
|turn|1
|
|switch|p2a: Landorus|Landorus, M|319\/319
|move|p1a: Mew|Knock Off|p2a: Landorus
|-damage|p2a: Landorus|235\/319
|-enditem|p2a: Landorus|Life Orb|[from] move: Knock Off|[of] p1a: Mew
|
|turn|2
|
|move|p2a: Landorus|Knock Off|p1a: Mew
|-supereffective|p1a: Mew
|-damage|p1a: Mew|218\/404
|-enditem|p1a: Mew|Leftovers|[from] move: Knock Off|[of] p2a: Landorus
|move|p1a: Mew|Will-O-Wisp|p2a: Landorus
|-status|p2a: Landorus|brn
|
|-damage|p2a: Landorus|196\/319 brn|[from] brn
|turn|3
|
|move|p2a: Landorus|Earth Power|p1a: Mew
|-damage|p1a: Mew|101\/404
|move|p1a: Mew|Soft-Boiled|p1a: Mew
|-heal|p1a: Mew|303\/404
|
|-damage|p2a: Landorus|157\/319 brn|[from] brn
|turn|4
|
|move|p2a: Landorus|Earth Power|p1a: Mew
|-damage|p1a: Mew|191\/404
|move|p1a: Mew|Soft-Boiled|p1a: Mew
|-heal|p1a: Mew|393\/404
|
|-damage|p2a: Landorus|118\/319 brn|[from] brn
|turn|5
|
|move|p2a: Landorus|Earth Power|p1a: Mew
|-damage|p1a: Mew|279\/404
|move|p1a: Mew|Knock Off|p2a: Landorus
|-damage|p2a: Landorus|67\/319 brn
|
|-damage|p2a: Landorus|28\/319 brn|[from] brn
|turn|6
|
|switch|p2a: Ferrothorn|Ferrothorn, M|352\/352
|move|p1a: Mew|Soft-Boiled|p1a: Mew
|-heal|p1a: Mew|404\/404
|
|turn|7
|
|move|p1a: Mew|Taunt|p2a: Ferrothorn
|-start|p2a: Ferrothorn|move: Taunt
|cant|p2a: Ferrothorn|move: Taunt|Thunder Wave
|
|turn|8
|
|switch|p2a: Landorus|Landorus, M|28\/319 brn
|move|p1a: Mew|Will-O-Wisp|p2a: Landorus
|-fail|p2a: Landorus|brn
|
|-damage|p2a: Landorus|0 fnt|[from] brn
|faint|p2a: Landorus
|
|switch|p2a: Greninja|Greninja, M|286\/286
|turn|9
|
|move|p2a: Greninja|Hydro Pump|p1a: Mew
|-start|p2a: Greninja|typechange|Water|[from] Protean
|-damage|p1a: Mew|244\/404
|-damage|p2a: Greninja|258\/286|[from] item: Life Orb
|move|p1a: Mew|Knock Off|p2a: Greninja
|-damage|p2a: Greninja|155\/286
|-enditem|p2a: Greninja|Life Orb|[from] move: Knock Off|[of] p1a: Mew
|
|turn|10
|
|move|p2a: Greninja|Hydro Pump|p1a: Mew
|-damage|p1a: Mew|121\/404
|move|p1a: Mew|Soft-Boiled|p1a: Mew
|-heal|p1a: Mew|323\/404
|
|turn|11
|
|move|p2a: Greninja|Hydro Pump|p1a: Mew
|-damage|p1a: Mew|196\/404
|move|p1a: Mew|Will-O-Wisp|p2a: Greninja
|-status|p2a: Greninja|brn
|
|-damage|p2a: Greninja|120\/286 brn|[from] brn
|turn|12
|
|move|p2a: Greninja|Hydro Pump|p1a: Mew|[miss]
|-miss|p2a: Greninja|p1a: Mew
|move|p1a: Mew|Soft-Boiled|p1a: Mew
|-heal|p1a: Mew|398\/404
|
|-damage|p2a: Greninja|85\/286 brn|[from] brn
|turn|13
|
|move|p2a: Greninja|Hydro Pump|p1a: Mew
|-damage|p1a: Mew|271\/404
|move|p1a: Mew|Soft-Boiled|p1a: Mew
|-heal|p1a: Mew|404\/404
|
|-damage|p2a: Greninja|50\/286 brn|[from] brn
|turn|14
|
|move|p2a: Greninja|Hydro Pump|p1a: Mew
|-damage|p1a: Mew|286\/404
|move|p1a: Mew|Soft-Boiled|p1a: Mew
|-heal|p1a: Mew|404\/404
|
|-damage|p2a: Greninja|15\/286 brn|[from] brn
|turn|15
|
|move|p2a: Greninja|Hydro Pump|p1a: Mew
|-damage|p1a: Mew|290\/404
|move|p1a: Mew|Soft-Boiled|p1a: Mew
|-heal|p1a: Mew|404\/404
|
|-damage|p2a: Greninja|0 fnt|[from] brn
|faint|p2a: Greninja
|
|switch|p2a: Tyranitar|Tyranitar, F|404\/404
|-weather|Sandstorm
|turn|16
|
|move|p2a: Tyranitar|Pursuit|p1a: Mew|[from]Pursuit
|-supereffective|p1a: Mew
|-damage|p1a: Mew|74\/404
|switch|p1a: Keldeo-Resolute|Keldeo-Resolute|323\/323
|
|-weather|Sandstorm|[upkeep]
|-damage|p1a: Keldeo-Resolute|303\/323|[from] sandstorm
|turn|17
|
|switch|p2a: Ferrothorn|Ferrothorn, M|352\/352
|move|p1a: Keldeo-Resolute|Secret Sword|p2a: Ferrothorn
|-supereffective|p2a: Ferrothorn
|-damage|p2a: Ferrothorn|64\/352
|
|-weather|Sandstorm|[upkeep]
|-damage|p1a: Keldeo-Resolute|283\/323|[from] sandstorm
|-heal|p2a: Ferrothorn|86\/352|[from] item: Leftovers
|turn|18
|
|move|p1a: Keldeo-Resolute|Secret Sword|p2a: Ferrothorn
|-supereffective|p2a: Ferrothorn
|-damage|p2a: Ferrothorn|0 fnt
|faint|p2a: Ferrothorn
|
|-weather|Sandstorm|[upkeep]
|-damage|p1a: Keldeo-Resolute|263\/323|[from] sandstorm
|
|switch|p2a: Excadrill|Excadrill, F|362\/362
|-item|p2a: Excadrill|Air Balloon
|turn|19
|
|switch|p1a: Heatran|Heatran, M|323\/323
|-item|p1a: Heatran|Air Balloon
|move|p2a: Excadrill|Earthquake|p1a: Heatran
|-immune|p1a: Heatran|[msg]
|
|-weather|Sandstorm|[upkeep]
|turn|20
|
|move|p2a: Excadrill|Iron Head|p1a: Heatran
|-resisted|p1a: Heatran
|-damage|p1a: Heatran|287\/323
|-enditem|p1a: Heatran|Air Balloon
|move|p1a: Heatran|Fire Blast|p2a: Excadrill
|-supereffective|p2a: Excadrill
|-damage|p2a: Excadrill|0 fnt
|-enditem|p2a: Excadrill|Air Balloon
|faint|p2a: Excadrill
|
|-weather|none
|
|switch|p2a: Tyranitar|Tyranitar, F|404\/404
|-weather|Sandstorm
|turn|21
|
|switch|p1a: Keldeo-Resolute|Keldeo-Resolute|263\/323
|move|p2a: Tyranitar|Rock Slide|p1a: Keldeo-Resolute
|-miss|p2a: Tyranitar|p1a: Keldeo-Resolute
|
|-weather|Sandstorm|[upkeep]
|-damage|p1a: Keldeo-Resolute|243\/323|[from] sandstorm
|turn|22
|
|move|p1a: Keldeo-Resolute|Secret Sword|p2a: Tyranitar
|-supereffective|p2a: Tyranitar
|-damage|p2a: Tyranitar|0 fnt
|faint|p2a: Tyranitar
|
|-weather|Sandstorm|[upkeep]
|-damage|p1a: Keldeo-Resolute|223\/323|[from] sandstorm
|
|switch|p2a: Chansey|Chansey, F|704\/704
|turn|23
|
|move|p1a: Keldeo-Resolute|Secret Sword|p2a: Chansey
|-supereffective|p2a: Chansey
|-damage|p2a: Chansey|134\/704
|move|p2a: Chansey|Soft-Boiled|p2a: Chansey
|-heal|p2a: Chansey|486\/704
|
|-weather|Sandstorm|[upkeep]
|-damage|p1a: Keldeo-Resolute|203\/323|[from] sandstorm
|-damage|p2a: Chansey|442\/704|[from] sandstorm
|turn|24
|
|move|p1a: Keldeo-Resolute|Secret Sword|p2a: Chansey
|-supereffective|p2a: Chansey
|-damage|p2a: Chansey|0 fnt
|faint|p2a: Chansey
|
|win|Shizou
|raw|Ladder updating...
|raw|Shizou's rating: 1667 &rarr; <strong>1689<\/strong><br \/>(+22 for winning)
|raw|unity chuggarules's rating: 1696 &rarr; <strong>1674<\/strong><br \/>(-22 for losing)
|leave|unity chuggarules
|player|p2