|join|Shizou
|join|Yellow Tiger
|player|p1|Shizou|148
|player|p2|Yellow Tiger|290
|gametype|singles
|gen|6
|tier|OU
|rated
|clearpoke
|poke|p1|Terrakion
|poke|p1|Bisharp, M
|poke|p1|Landorus-Therian, M
|poke|p1|Zapdos
|poke|p1|Gyarados, M
|poke|p1|Sceptile, F
|poke|p2|Altaria, F
|poke|p2|Magnezone, shiny
|poke|p2|Greninja, F, shiny
|poke|p2|Latias, F, shiny
|poke|p2|Gliscor, F
|poke|p2|Heatran, F
|rule|Swagger Clause: Swagger is banned
|rule|Baton Pass Clause: Limit one PokÃ©mon knowing Baton Pass
|rule|Sleep Clause Mod: Limit one foe put to sleep
|rule|Species Clause: Limit one of each PokÃ©mon
|rule|OHKO Clause: OHKO moves are banned
|rule|Moody Clause: Moody is banned
|rule|Evasion Moves Clause: Evasion moves are banned
|rule|Endless Battle Clause: Forcing endless battles is banned
|rule|HP Percentage Mod: HP is shown in percentages
|teampreview
|c|âYellow Tiger|gl
|
|start
|switch|p1a: Terrakion|Terrakion|323\/323
|switch|p2a: Gliscor|Gliscor, F|354\/354
|turn|1
|c|âShizou|u2
|
|move|p1a: Terrakion|Taunt|p2a: Gliscor
|-start|p2a: Gliscor|move: Taunt
|cant|p2a: Gliscor|move: Taunt|Substitute
|
|-status|p2a: Gliscor|tox|[from] item: Toxic Orb
|turn|2
|
|switch|p1a: Gyarados|Gyarados, M|353\/353
|-ability|p1a: Gyarados|Intimidate|[of] p2a: Gliscor
|-unboost|p2a: Gliscor|atk|1
|move|p2a: Gliscor|Earthquake|p1a: Gyarados
|-immune|p1a: Gyarados|[msg]
|
|turn|3
|
|switch|p2a: Newton|Magnezone, shiny|282\/282
|move|p1a: Gyarados|Substitute|p1a: Gyarados
|-start|p1a: Gyarados|Substitute
|-damage|p1a: Gyarados|265\/353
|
|-heal|p1a: Gyarados|287\/353|[from] item: Leftovers
|turn|4
|
|move|p2a: Newton|Volt Switch|p1a: Gyarados
|-supereffective|p1a: Gyarados
|-end|p1a: Gyarados|Substitute
|
|switch|p2a: Bird Counter|Heatran, F|364\/364
|move|p1a: Gyarados|Waterfall|p2a: Bird Counter
|-supereffective|p2a: Bird Counter
|-damage|p2a: Bird Counter|106\/364
|
|-heal|p1a: Gyarados|309\/353|[from] item: Leftovers
|-heal|p2a: Bird Counter|128\/364|[from] item: Leftovers
|turn|5
|
|move|p1a: Gyarados|Substitute|p1a: Gyarados
|-start|p1a: Gyarados|Substitute
|-damage|p1a: Gyarados|221\/353
|move|p2a: Bird Counter|Lava Plume|p1a: Gyarados
|-resisted|p1a: Gyarados
|-activate|p1a: Gyarados|Substitute|[damage]
|
|-heal|p1a: Gyarados|243\/353|[from] item: Leftovers
|-heal|p2a: Bird Counter|150\/364|[from] item: Leftovers
|turn|6
|
|move|p1a: Gyarados|Waterfall|p2a: Bird Counter
|-supereffective|p2a: Bird Counter
|-damage|p2a: Bird Counter|0 fnt
|faint|p2a: Bird Counter
|
|-heal|p1a: Gyarados|265\/353|[from] item: Leftovers
|
|switch|p2a: Cumulus|Altaria, F|291\/291
|turn|7
|
|detailschange|p2a: Cumulus|Altaria-Mega, F
|message|Altaria has Mega Evolved into Mega Altaria!
|move|p2a: Cumulus|Substitute|p2a: Cumulus
|-start|p2a: Cumulus|Substitute
|-damage|p2a: Cumulus|219\/291
|move|p1a: Gyarados|Dragon Dance|p1a: Gyarados
|-boost|p1a: Gyarados|atk|1
|-boost|p1a: Gyarados|spe|1
|
|-heal|p1a: Gyarados|287\/353|[from] item: Leftovers
|turn|8
|
|move|p1a: Gyarados|Dragon Dance|p1a: Gyarados
|-boost|p1a: Gyarados|atk|1
|-boost|p1a: Gyarados|spe|1
|move|p2a: Cumulus|Frustration|p1a: Gyarados
|-end|p1a: Gyarados|Substitute
|
|-heal|p1a: Gyarados|309\/353|[from] item: Leftovers
|turn|9
|
|move|p1a: Gyarados|Bounce|p2a: Cumulus|[still]
|-prepare|p1a: Gyarados|Bounce|p2a: Cumulus
|move|p2a: Cumulus|Frustration|p1a: Gyarados|[miss]
|-miss|p2a: Cumulus|p1a: Gyarados
|
|-heal|p1a: Gyarados|331\/353|[from] item: Leftovers
|turn|10
|
|move|p1a: Gyarados|Bounce|p2a: Cumulus
|-end|p2a: Cumulus|Substitute
|move|p2a: Cumulus|Substitute|p2a: Cumulus
|-start|p2a: Cumulus|Substitute
|-damage|p2a: Cumulus|147\/291
|
|-heal|p1a: Gyarados|353\/353|[from] item: Leftovers
|turn|11
|
|move|p1a: Gyarados|Substitute|p1a: Gyarados
|-start|p1a: Gyarados|Substitute
|-damage|p1a: Gyarados|265\/353
|move|p2a: Cumulus|Dragon Dance|p2a: Cumulus
|-boost|p2a: Cumulus|atk|1
|-boost|p2a: Cumulus|spe|1
|
|-heal|p1a: Gyarados|287\/353|[from] item: Leftovers
|turn|12
|
|move|p1a: Gyarados|Bounce|p2a: Cumulus|[still]
|-prepare|p1a: Gyarados|Bounce|p2a: Cumulus
|move|p2a: Cumulus|Frustration|p1a: Gyarados|[miss]
|-miss|p2a: Cumulus|p1a: Gyarados
|
|-heal|p1a: Gyarados|309\/353|[from] item: Leftovers
|turn|13
|
|move|p1a: Gyarados|Bounce|p2a: Cumulus
|-end|p2a: Cumulus|Substitute
|move|p2a: Cumulus|Substitute|p2a: Cumulus
|-start|p2a: Cumulus|Substitute
|-damage|p2a: Cumulus|75\/291
|
|-heal|p1a: Gyarados|331\/353|[from] item: Leftovers
|turn|14
|
|move|p1a: Gyarados|Waterfall|p2a: Cumulus
|-resisted|p2a: Cumulus
|-end|p2a: Cumulus|Substitute
|move|p2a: Cumulus|Roost|p2a: Cumulus
|-heal|p2a: Cumulus|221\/291
|
|-heal|p1a: Gyarados|353\/353|[from] item: Leftovers
|turn|15
|
|move|p1a: Gyarados|Waterfall|p2a: Cumulus
|-resisted|p2a: Cumulus
|-damage|p2a: Cumulus|77\/291
|cant|p2a: Cumulus|flinch
|
|turn|16
|c|âYellow Tiger|gg
|-message|Yellow Tiger forfeited.
|
|win|Shizou
|raw|Ladder updating...
|leave|Yellow Tiger
|player|p2