|join|Shizou
|join|Chocolove
|player|p1|Shizou|148
|player|p2|Chocolove|3
|gametype|singles
|gen|6
|tier|OU
|rated
|clearpoke
|poke|p1|Gardevoir, F, shiny
|poke|p1|Excadrill, F
|poke|p1|Tyranitar, F
|poke|p1|Breloom, F
|poke|p1|Latios, M
|poke|p1|Talonflame, M
|poke|p2|Aegislash, F
|poke|p2|Bisharp, M
|poke|p2|Charizard, M
|poke|p2|Thundurus, M
|poke|p2|Landorus, M
|poke|p2|Deoxys-Speed, shiny
|rule|Sleep Clause Mod: Limit one foe put to sleep
|rule|Species Clause: Limit one of each Pokemon
|rule|OHKO Clause: OHKO moves are banned
|rule|Moody Clause: Moody is banned
|rule|Evasion Moves Clause: Evasion moves are banned
|rule|Endless Battle Clause: Forcing endless battles is banned.
|rule|HP Percentage Mod: HP is reported as percentages
|teampreview
|
|start
|switch|p1a: Dealer|Breloom, F|262\/262
|switch|p2a: Murasakibara|Charizard, M|298\/298
|turn|1
|
|detailschange|p2a: Murasakibara|Charizard-Mega-X, M
|message|Charizard has Mega Evolved into Mega Charizard!
|move|p2a: Murasakibara|Dragon Rush|p1a: Dealer
|-enditem|p1a: Dealer|Focus Sash
|-damage|p1a: Dealer|1\/262
|move|p1a: Dealer|Rock Tomb|p2a: Murasakibara
|-supereffective|p2a: Murasakibara
|-damage|p2a: Murasakibara|94\/298
|-unboost|p2a: Murasakibara|spe|1
|
|turn|2
|
|move|p1a: Dealer|Rock Tomb|p2a: Murasakibara|[miss]
|-miss|p1a: Dealer|p2a: Murasakibara
|move|p2a: Murasakibara|Flare Blitz|p1a: Dealer
|-supereffective|p1a: Dealer
|-damage|p1a: Dealer|0 fnt
|-damage|p2a: Murasakibara|93\/298|[from] recoil|[of] p1a: Dealer
|faint|p1a: Dealer
|
|
|switch|p1a: Lucina|Gardevoir, F, shiny|277\/277
|-ability|p1a: Lucina|Tough Claws|[from] ability: Trace|[of] p2a: Murasakibara
|turn|3
|
|detailschange|p1a: Lucina|Gardevoir-Mega, F, shiny
|message|Gardevoir has Mega Evolved into Mega Gardevoir!
|move|p1a: Lucina|Hyper Voice|p2a: Murasakibara
|-damage|p2a: Murasakibara|0 fnt
|faint|p2a: Murasakibara
|
|
|switch|p2a: Kise|Deoxys-Speed, shiny|242\/242
|-ability|p2a: Kise|Pressure
|turn|4
|
|move|p2a: Kise|Stealth Rock|p1a: Lucina
|-sidestart|p1: Shizou|move: Stealth Rock
|move|p1a: Lucina|Hyper Voice|p2a: Kise
|-damage|p2a: Kise|0 fnt
|faint|p2a: Kise
|
|
|switch|p2a: Midorima|Landorus, M|320\/320
|turn|5
|
|switch|p1a: dd|Tyranitar, F|342\/342
|-damage|p1a: dd|300\/342|[from] Stealth Rock
|-weather|Sandstorm
|move|p2a: Midorima|Sludge Wave|p1a: dd
|-resisted|p1a: dd
|-damage|p1a: dd|240\/342
|
|-weather|Sandstorm|[upkeep]
|turn|6
|
|switch|p1a: Grima|Latios, M|302\/302
|-damage|p1a: Grima|265\/302|[from] Stealth Rock
|move|p2a: Midorima|Focus Blast|p1a: Grima
|-resisted|p1a: Grima
|-damage|p1a: Grima|156\/302
|
|-weather|Sandstorm|[upkeep]
|-damage|p1a: Grima|138\/302|[from] sandstorm
|turn|7
|
|move|p1a: Grima|Draco Meteor|p2a: Midorima
|-damage|p2a: Midorima|53\/320
|-unboost|p1a: Grima|spa|2
|move|p2a: Midorima|Focus Blast|p1a: Grima|[miss]
|-miss|p2a: Midorima|p1a: Grima
|
|-weather|Sandstorm|[upkeep]
|-damage|p1a: Grima|120\/302|[from] sandstorm
|turn|8
|chat|Shizou|definately not midorima with that miss
|
|switch|p2a: Akashi|Bisharp, M|272\/272
|move|p1a: Grima|Draco Meteor|p2a: Akashi
|-resisted|p2a: Akashi
|-damage|p2a: Akashi|190\/272
|-unboost|p1a: Grima|spa|2
|
|-weather|Sandstorm|[upkeep]
|-damage|p1a: Grima|102\/302|[from] sandstorm
|turn|9
|chat|Chocolove|I hoped the name would help
|chat|Chocolove|but I guess not
|
|switch|p1a: Avogadrill|Excadrill, F|362\/362
|-damage|p1a: Avogadrill|351\/362|[from] Stealth Rock
|move|p2a: Akashi|Knock Off|p1a: Avogadrill
|-damage|p1a: Avogadrill|34\/362
|-enditem|p1a: Avogadrill|Life Orb|[from] move: Knock Off|[of] p2a: Akashi
|-damage|p2a: Akashi|163\/272|[from] item: Life Orb
|
|-weather|Sandstorm|[upkeep]
|turn|10
|
|move|p2a: Akashi|Sucker Punch|p1a: Avogadrill
|-damage|p1a: Avogadrill|0 fnt
|-damage|p2a: Akashi|136\/272|[from] item: Life Orb
|faint|p1a: Avogadrill
|
|-weather|Sandstorm|[upkeep]
|
|switch|p1a: dd|Tyranitar, F|240\/342
|-damage|p1a: dd|198\/342|[from] Stealth Rock
|turn|11
|
|move|p2a: Akashi|Iron Head|p1a: dd
|-supereffective|p1a: dd
|-damage|p1a: dd|0 fnt
|-damage|p2a: Akashi|109\/272|[from] item: Life Orb
|faint|p1a: dd
|
|-weather|Sandstorm|[upkeep]
|
|switch|p1a: Lucina|Gardevoir-Mega, F, shiny|277\/277
|-damage|p1a: Lucina|243\/277|[from] Stealth Rock
|turn|12
|
|move|p2a: Akashi|Sucker Punch|p1a: Lucina
|-fail|p1a: Lucina
|move|p1a: Lucina|Will-O-Wisp|p2a: Akashi|[miss]
|-miss|p1a: Lucina|p2a: Akashi
|
|-weather|none
|turn|13
|
|move|p1a: Lucina|Hyper Voice|p2a: Akashi
|-damage|p2a: Akashi|0 fnt
|faint|p2a: Akashi
|
|
|switch|p2a: Midorima|Landorus, M|53\/320
|turn|14
|
|move|p2a: Midorima|Sludge Wave|p1a: Lucina
|-supereffective|p1a: Lucina
|-damage|p1a: Lucina|0 fnt
|faint|p1a: Lucina
|
|
|switch|p1a: Grima|Latios, M|102\/302
|-damage|p1a: Grima|65\/302|[from] Stealth Rock
|turn|15
|
|move|p1a: Grima|Surf|p2a: Midorima
|-supereffective|p2a: Midorima
|-damage|p2a: Midorima|0 fnt
|faint|p2a: Midorima
|
|
|switch|p2a: Aomine|Thundurus, M|299\/299
|turn|16
|
|move|p1a: Grima|Surf|p2a: Aomine
|-damage|p2a: Aomine|161\/299
|move|p2a: Aomine|Hidden Power|p1a: Grima
|-damage|p1a: Grima|0 fnt
|faint|p1a: Grima
|
|-heal|p2a: Aomine|179\/299|[from] item: Leftovers
|
|switch|p1a: Marco|Talonflame, M|305\/305
|-damage|p1a: Marco|153\/305|[from] Stealth Rock
|turn|17
|
|move|p1a: Marco|Flare Blitz|p2a: Aomine
|-damage|p2a: Aomine|0 fnt
|-damage|p1a: Marco|94\/305|[from] recoil|[of] p2a: Aomine
|faint|p2a: Aomine
|
|
|switch|p2a: Kuroko|Aegislash, F|324\/324
|turn|18
|
|move|p2a: Kuroko|King's Shield|p2a: Kuroko
|-singleturn|p2a: Kuroko|Protect
|move|p1a: Marco|Flare Blitz|p2a: Kuroko
|-activate|p2a: Kuroko|Protect
|-unboost|p1a: Marco|atk|2
|
|turn|19
|
|move|p1a: Marco|Flare Blitz|p2a: Kuroko
|-supereffective|p2a: Kuroko
|-damage|p2a: Kuroko|154\/324
|-status|p2a: Kuroko|brn
|-damage|p1a: Marco|38\/305|[from] recoil|[of] p2a: Kuroko
|-formechange|p2a: Kuroko|Aegislash-Blade
|move|p2a: Kuroko|Shadow Ball|p1a: Marco
|-damage|p1a: Marco|0 fnt
|faint|p1a: Marco
|
|win|Chocolove
|raw|Ladder updating...
|raw|Shizou's rating: 1665 &rarr; <strong>1645<\/strong><br \/>(-20 for losing)
|raw|Chocolove's rating: 1666 &rarr; <strong>1686<\/strong><br \/>(+20 for winning)
|chat|Chocolove|gg
|chat|Shizou|gg
|leave|Shizou
|player|p1