|join|Sonny7u7
|join|Shizou
|player|p1|Sonny7u7|25
|player|p2|Shizou|148
|gametype|singles
|gen|6
|tier|OU
|rated
|clearpoke
|poke|p1|Landorus-Therian, M
|poke|p1|Keldeo
|poke|p1|Manectric, M
|poke|p1|Tyranitar, F
|poke|p1|Haxorus, M, shiny
|poke|p1|Staraptor, M
|poke|p2|Gardevoir, F
|poke|p2|Excadrill, M
|poke|p2|Tyranitar, F
|poke|p2|Breloom, M
|poke|p2|Latios, M
|poke|p2|Talonflame, F
|rule|Sleep Clause Mod: Limit one foe put to sleep
|rule|Species Clause: Limit one of each Pokemon
|rule|OHKO Clause: OHKO moves are banned
|rule|Moody Clause: Moody is banned
|rule|Evasion Moves Clause: Evasion moves are banned
|rule|Endless Battle Clause: Forcing endless battles is banned.
|rule|HP Percentage Mod: HP is reported as percentages
|teampreview
|
|start
|switch|p1a: Landorus-Therian|Landorus-Therian, M|369\/369
|switch|p2a: Talonflame|Talonflame, F|305\/305
|-ability|p1a: Landorus-Therian|Intimidate|[of] p2a: Talonflame
|-unboost|p2a: Talonflame|atk|1
|turn|1
|
|move|p2a: Talonflame|U-turn|p1a: Landorus-Therian
|-resisted|p1a: Landorus-Therian
|-damage|p1a: Landorus-Therian|343\/369
|
|switch|p2a: Latios|Latios, M|302\/302
|move|p1a: Landorus-Therian|Stone Edge|p2a: Latios
|-damage|p2a: Latios|158\/302
|
|-heal|p1a: Landorus-Therian|366\/369|[from] item: Leftovers
|turn|2
|
|switch|p1a: Tyranitar|Tyranitar, F|404\/404
|-weather|Sandstorm
|move|p2a: Latios|Draco Meteor|p1a: Tyranitar
|-damage|p1a: Tyranitar|335\/404
|-unboost|p2a: Latios|spa|2
|
|-weather|Sandstorm|[upkeep]
|-damage|p2a: Latios|140\/302|[from] sandstorm
|turn|3
|
|move|p1a: Tyranitar|Pursuit|p2a: Latios|[from]Pursuit
|-supereffective|p2a: Latios
|-damage|p2a: Latios|0 fnt
|faint|p2a: Latios
|
|-weather|Sandstorm|[upkeep]
|
|switch|p2a: Breloom|Breloom, M|262\/262
|turn|4
|
|move|p2a: Breloom|Spore|p1a: Tyranitar
|-status|p1a: Tyranitar|slp
|cant|p1a: Tyranitar|slp
|
|-weather|Sandstorm|[upkeep]
|-damage|p2a: Breloom|246\/262|[from] sandstorm
|turn|5
|
|switch|p1a: Landorus-Therian|Landorus-Therian, M|366\/369
|-ability|p1a: Landorus-Therian|Intimidate|[of] p2a: Breloom
|-unboost|p2a: Breloom|atk|1
|move|p2a: Breloom|Bullet Seed|p1a: Landorus-Therian
|-damage|p1a: Landorus-Therian|330\/369
|-damage|p1a: Landorus-Therian|294\/369
|-hitcount|p1a: Landorus-Therian|2
|
|-weather|Sandstorm|[upkeep]
|-damage|p2a: Breloom|230\/262|[from] sandstorm
|-heal|p1a: Landorus-Therian|317\/369|[from] item: Leftovers
|turn|6
|
|switch|p2a: Tyranitar|Tyranitar, F|342\/342
|move|p1a: Landorus-Therian|Knock Off|p2a: Tyranitar
|-resisted|p2a: Tyranitar
|-damage|p2a: Tyranitar|289\/342
|-enditem|p2a: Tyranitar|Smooth Rock|[from] move: Knock Off|[of] p1a: Landorus-Therian
|
|-weather|none
|-heal|p1a: Landorus-Therian|340\/369|[from] item: Leftovers
|turn|7
|
|move|p2a: Tyranitar|Stealth Rock|p1a: Landorus-Therian
|-sidestart|p1: Sonny7u7|move: Stealth Rock
|move|p1a: Landorus-Therian|Earthquake|p2a: Tyranitar
|-supereffective|p2a: Tyranitar
|-damage|p2a: Tyranitar|0 fnt
|faint|p2a: Tyranitar
|
|-heal|p1a: Landorus-Therian|363\/369|[from] item: Leftovers
|
|switch|p2a: Gardevoir|Gardevoir, F|277\/277
|-ability|p2a: Gardevoir|Intimidate|[from] ability: Trace|[of] p1a: Landorus-Therian
|-ability|p2a: Gardevoir|Intimidate|[of] p1a: Landorus-Therian
|-unboost|p1a: Landorus-Therian|atk|1
|turn|8
|
|switch|p1a: Tyranitar|Tyranitar, F|335\/404 slp
|-damage|p1a: Tyranitar|285\/404 slp|[from] Stealth Rock
|-weather|Sandstorm
|detailschange|p2a: Gardevoir|Gardevoir-Mega, F
|message|Gardevoir has Mega Evolved into Mega Gardevoir!
|move|p2a: Gardevoir|Will-O-Wisp|p1a: Tyranitar|[miss]
|-miss|p2a: Gardevoir|p1a: Tyranitar
|
|-weather|Sandstorm|[upkeep]
|-damage|p2a: Gardevoir|260\/277|[from] sandstorm
|turn|9
|
|move|p2a: Gardevoir|Hyper Voice|p1a: Tyranitar
|-supereffective|p1a: Tyranitar
|-damage|p1a: Tyranitar|111\/404 slp
|cant|p1a: Tyranitar|slp
|
|-weather|Sandstorm|[upkeep]
|-damage|p2a: Gardevoir|243\/277|[from] sandstorm
|turn|10
|
|move|p2a: Gardevoir|Hyper Voice|p1a: Tyranitar
|-supereffective|p1a: Tyranitar
|-damage|p1a: Tyranitar|0 fnt
|faint|p1a: Tyranitar
|
|-weather|Sandstorm|[upkeep]
|-damage|p2a: Gardevoir|226\/277|[from] sandstorm
|
|switch|p1a: Landorus-Therian|Landorus-Therian, M|363\/369
|-damage|p1a: Landorus-Therian|317\/369|[from] Stealth Rock
|-ability|p1a: Landorus-Therian|Intimidate|[of] p2a: Gardevoir
|-unboost|p2a: Gardevoir|atk|1
|turn|11
|
|move|p2a: Gardevoir|Will-O-Wisp|p1a: Landorus-Therian
|-status|p1a: Landorus-Therian|brn
|move|p1a: Landorus-Therian|Earthquake|p2a: Gardevoir
|-damage|p2a: Gardevoir|114\/277
|
|-weather|Sandstorm|[upkeep]
|-damage|p2a: Gardevoir|97\/277|[from] sandstorm
|-heal|p1a: Landorus-Therian|340\/369 brn|[from] item: Leftovers
|-damage|p1a: Landorus-Therian|294\/369 brn|[from] brn
|turn|12
|
|switch|p2a: Breloom|Breloom, M|230\/262
|move|p1a: Landorus-Therian|Earthquake|p2a: Breloom
|-resisted|p2a: Breloom
|-damage|p2a: Breloom|180\/262
|
|-weather|none
|-heal|p1a: Landorus-Therian|317\/369 brn|[from] item: Leftovers
|-damage|p1a: Landorus-Therian|271\/369 brn|[from] brn
|turn|13
|
|move|p2a: Breloom|Rock Tomb|p1a: Landorus-Therian
|-damage|p1a: Landorus-Therian|194\/369 brn
|-unboost|p1a: Landorus-Therian|spe|1
|move|p1a: Landorus-Therian|Knock Off|p2a: Breloom
|-resisted|p2a: Breloom
|-damage|p2a: Breloom|144\/262
|-enditem|p2a: Breloom|Focus Sash|[from] move: Knock Off|[of] p1a: Landorus-Therian
|
|-heal|p1a: Landorus-Therian|217\/369 brn|[from] item: Leftovers
|-damage|p1a: Landorus-Therian|171\/369 brn|[from] brn
|turn|14
|
|move|p2a: Breloom|Bullet Seed|p1a: Landorus-Therian
|-damage|p1a: Landorus-Therian|120\/369 brn
|-crit|p1a: Landorus-Therian
|-damage|p1a: Landorus-Therian|41\/369 brn
|-damage|p1a: Landorus-Therian|0 fnt
|-hitcount|p1a: Landorus-Therian|3
|faint|p1a: Landorus-Therian
|
|
|switch|p1a: Staraptor|Staraptor, M|312\/312
|-damage|p1a: Staraptor|234\/312|[from] Stealth Rock
|turn|15
|
|move|p2a: Breloom|Mach Punch|p1a: Staraptor
|-damage|p1a: Staraptor|86\/312
|move|p1a: Staraptor|Brave Bird|p2a: Breloom
|-supereffective|p2a: Breloom
|-damage|p2a: Breloom|0 fnt
|-damage|p1a: Staraptor|38\/312|[from] recoil|[of] p2a: Breloom
|faint|p2a: Breloom
|
|
|switch|p2a: Excadrill|Excadrill, M|362\/362
|turn|16
|
|move|p1a: Staraptor|Brave Bird|p2a: Excadrill
|-resisted|p2a: Excadrill
|-damage|p2a: Excadrill|69\/362
|-damage|p1a: Staraptor|0 fnt|[from] recoil|[of] p2a: Excadrill
|faint|p1a: Staraptor
|move|p2a: Excadrill|Earthquake|p1: Staraptor|[notarget]
|-notarget
|
|
|switch|p1a: Manectric|Manectric, M|281\/281
|-damage|p1a: Manectric|246\/281|[from] Stealth Rock
|turn|17
|
|detailschange|p1a: Manectric|Manectric-Mega, M
|message|Manectric has Mega Evolved into Mega Manectric!
|-ability|p1a: Manectric|Intimidate|[of] p2a: Excadrill
|-unboost|p2a: Excadrill|atk|1
|move|p1a: Manectric|Hidden Power|p2a: Excadrill
|-damage|p2a: Excadrill|0 fnt
|faint|p2a: Excadrill
|
|
|switch|p2a: Gardevoir|Gardevoir-Mega, F|97\/277
|turn|18
|
|move|p1a: Manectric|Thunderbolt|p2a: Gardevoir
|-damage|p2a: Gardevoir|0 fnt
|faint|p2a: Gardevoir
|
|
|switch|p2a: Talonflame|Talonflame, F|305\/305
|turn|19
|
|move|p2a: Talonflame|Tailwind|p2a: Talonflame
|-sidestart|p2: Shizou|move: Tailwind
|move|p1a: Manectric|Volt Switch|p2a: Talonflame
|-supereffective|p2a: Talonflame
|-damage|p2a: Talonflame|0 fnt
|faint|p2a: Talonflame
|
|win|Sonny7u7
|raw|Ladder updating...
|raw|Sonny7u7's rating: 1470 &rarr; <strong>1490<\/strong><br \/>(+20 for winning)
|raw|Shizou's rating: 1473 &rarr; <strong>1453<\/strong><br \/>(-20 for losing)
|leave|Shizou
|player|p2