|join|Shizou
|join|Nyo Aqua
|player|p1|Shizou|260
|player|p2|Nyo Aqua|288
|gametype|singles
|gen|6
|tier|OU
|rated
|clearpoke
|poke|p1|Tyranitar, M
|poke|p1|Aegislash, M
|poke|p1|Terrakion
|poke|p1|Mandibuzz, F
|poke|p1|Gengar, F
|poke|p1|Keldeo
|poke|p2|Umbreon, M
|poke|p2|Dragonite, M
|poke|p2|Azumarill, F
|poke|p2|Ditto
|poke|p2|Rotom-Wash
|poke|p2|Venusaur, M
|rule|Baton Pass Clause: Limit 3 pokemon knowing Baton Pass
|rule|Sleep Clause Mod: Limit one foe put to sleep
|rule|Species Clause: Limit one of each Pokemon
|rule|OHKO Clause: OHKO moves are banned
|rule|Moody Clause: Moody is banned
|rule|Evasion Moves Clause: Evasion moves are banned
|rule|Endless Battle Clause: Forcing endless battles is banned
|rule|HP Percentage Mod: HP is reported as percentages
|teampreview
|
|start
|switch|p1a: Gengar|Gengar, F|262\/262
|switch|p2a: Rotom-Wash|Rotom-Wash|304\/304
|turn|1
|
|move|p1a: Gengar|Substitute|p1a: Gengar
|-start|p1a: Gengar|Substitute
|-damage|p1a: Gengar|197\/262
|move|p2a: Rotom-Wash|Volt Switch|p1a: Gengar
|-end|p1a: Gengar|Substitute
|
|switch|p2a: Ditto|Ditto|300\/300
|-transform|p2a: Ditto|p1a: Gengar
|
|-heal|p1a: Gengar|213\/262|[from] item: Black Sludge
|turn|2
|
|switch|p1a: Mandibuzz|Mandibuzz, F|424\/424
|move|p2a: Ditto|Shadow Ball|p1a: Mandibuzz
|-resisted|p1a: Mandibuzz
|-damage|p1a: Mandibuzz|367\/424
|
|-heal|p1a: Mandibuzz|393\/424|[from] item: Leftovers
|turn|3
|
|switch|p2a: Rotom-Wash|Rotom-Wash|304\/304
|switch|p1a: Keldeo|Keldeo|323\/323
|
|turn|4
|
|move|p1a: Keldeo|Secret Sword|p2a: Rotom-Wash
|-damage|p2a: Rotom-Wash|102\/304
|move|p2a: Rotom-Wash|Thunderbolt|p1a: Keldeo
|-supereffective|p1a: Keldeo
|-damage|p1a: Keldeo|17\/323
|
|turn|5
|
|switch|p2a: Venusaur|Venusaur, M|339\/339
|move|p1a: Keldeo|Secret Sword|p2a: Venusaur
|-resisted|p2a: Venusaur
|-damage|p2a: Venusaur|236\/339
|
|turn|6
|
|switch|p1a: Mandibuzz|Mandibuzz, F|393\/424
|detailschange|p2a: Venusaur|Venusaur-Mega, M
|message|Venusaur has Mega Evolved into Mega Venusaur!
|move|p2a: Venusaur|Leech Seed|p1a: Mandibuzz
|-start|p1a: Mandibuzz|move: Leech Seed
|
|-heal|p1a: Mandibuzz|419\/424|[from] item: Leftovers
|-damage|p1a: Mandibuzz|366\/424|[from] Leech Seed|[of] p2a: Venusaur
|-heal|p2a: Venusaur|289\/339|[silent]
|turn|7
|
|switch|p1a: Gengar|Gengar, F|213\/262
|move|p2a: Venusaur|Sludge Bomb|p1a: Gengar
|-resisted|p1a: Gengar
|-damage|p1a: Gengar|172\/262
|
|-heal|p1a: Gengar|188\/262|[from] item: Black Sludge
|turn|8
|
|switch|p2a: Umbreon|Umbreon, M|394\/394
|move|p1a: Gengar|Will-O-Wisp|p2a: Umbreon|[miss]
|-miss|p1a: Gengar|p2a: Umbreon
|
|-heal|p1a: Gengar|204\/262|[from] item: Black Sludge
|turn|9
|
|move|p1a: Gengar|Substitute|p1a: Gengar
|-start|p1a: Gengar|Substitute
|-damage|p1a: Gengar|139\/262
|move|p2a: Umbreon|Wish|p2a: Umbreon
|
|-heal|p1a: Gengar|155\/262|[from] item: Black Sludge
|turn|10
|
|move|p1a: Gengar|Will-O-Wisp|p2a: Umbreon
|-status|p2a: Umbreon|brn
|-status|p1a: Gengar|brn
|move|p2a: Umbreon|Foul Play|p1a: Gengar
|-supereffective|p1a: Gengar
|-end|p1a: Gengar|Substitute
|
|-heal|p1a: Gengar|171\/262 brn|[from] item: Black Sludge
|-damage|p1a: Gengar|139\/262 brn|[from] brn
|-damage|p2a: Umbreon|345\/394 brn|[from] brn
|turn|11
|
|switch|p1a: Terrakion|Terrakion|323\/323
|move|p2a: Umbreon|Heal Bell|p2a: Umbreon
|-cureteam|p2a: Umbreon|[from] move: HealBell
|
|-heal|p2a: Umbreon|369\/394|[from] item: Leftovers
|turn|12
|
|switch|p1a: Keldeo|Keldeo|17\/323
|move|p2a: Umbreon|Protect|p2a: Umbreon
|-fail|p2a: Umbreon
|
|-heal|p2a: Umbreon|393\/394|[from] item: Leftovers
|turn|13
|
|move|p2a: Umbreon|Protect|p2a: Umbreon
|-singleturn|p2a: Umbreon|Protect
|move|p1a: Keldeo|Secret Sword|p2a: Umbreon
|-activate|p2a: Umbreon|Protect
|
|-heal|p2a: Umbreon|394\/394|[from] item: Leftovers
|turn|14
|
|switch|p2a: Venusaur|Venusaur-Mega, M|289\/339
|move|p1a: Keldeo|Secret Sword|p2a: Venusaur
|-resisted|p2a: Venusaur
|-damage|p2a: Venusaur|213\/339
|
|turn|15
|
|switch|p1a: Gengar|Gengar, F|139\/262 brn
|move|p2a: Venusaur|Leech Seed|p1a: Gengar
|-start|p1a: Gengar|move: Leech Seed
|
|-heal|p1a: Gengar|155\/262 brn|[from] item: Black Sludge
|-damage|p1a: Gengar|123\/262 brn|[from] Leech Seed|[of] p2a: Venusaur
|-heal|p2a: Venusaur|245\/339|[silent]
|-damage|p1a: Gengar|91\/262 brn|[from] brn
|turn|16
|
|switch|p1a: Aegislash|Aegislash, M|311\/311
|switch|p2a: Umbreon|Umbreon, M|394\/394
|
|turn|17
|
|move|p1a: Aegislash|Substitute|p1a: Aegislash
|-start|p1a: Aegislash|Substitute
|-damage|p1a: Aegislash|234\/311
|move|p2a: Umbreon|Foul Play|p1a: Aegislash
|-supereffective|p1a: Aegislash
|-activate|p1a: Aegislash|Substitute|[damage]
|
|-heal|p1a: Aegislash|253\/311|[from] item: Leftovers
|turn|18
|
|move|p1a: Aegislash|King's Shield|p1a: Aegislash
|-singleturn|p1a: Aegislash|Protect
|move|p2a: Umbreon|Protect|p2a: Umbreon
|-fail|p2a: Umbreon
|
|-heal|p1a: Aegislash|272\/311|[from] item: Leftovers
|turn|19
|
|-formechange|p1a: Aegislash|Aegislash-Blade
|move|p1a: Aegislash|Flash Cannon|p2a: Umbreon
|-damage|p2a: Umbreon|258\/394
|move|p2a: Umbreon|Foul Play|p1a: Aegislash
|-supereffective|p1a: Aegislash
|-end|p1a: Aegislash|Substitute
|
|-heal|p1a: Aegislash|291\/311|[from] item: Leftovers
|-heal|p2a: Umbreon|282\/394|[from] item: Leftovers
|turn|20
|
|switch|p2a: Venusaur|Venusaur-Mega, M|245\/339
|move|p1a: Aegislash|Substitute|p1a: Aegislash
|-start|p1a: Aegislash|Substitute
|-damage|p1a: Aegislash|214\/311
|
|-heal|p1a: Aegislash|233\/311|[from] item: Leftovers
|turn|21
|
|switch|p2a: Rotom-Wash|Rotom-Wash|102\/304
|move|p1a: Aegislash|Shadow Ball|p2a: Rotom-Wash
|-damage|p2a: Rotom-Wash|0 fnt
|faint|p2a: Rotom-Wash
|
|-heal|p1a: Aegislash|252\/311|[from] item: Leftovers
|
|switch|p2a: Umbreon|Umbreon, M|282\/394
|turn|22
|
|-formechange|p1a: Aegislash|Aegislash
|move|p1a: Aegislash|King's Shield|p1a: Aegislash
|-singleturn|p1a: Aegislash|Protect
|move|p2a: Umbreon|Wish|p2a: Umbreon
|
|-heal|p1a: Aegislash|271\/311|[from] item: Leftovers
|-heal|p2a: Umbreon|306\/394|[from] item: Leftovers
|turn|23
|
|-formechange|p1a: Aegislash|Aegislash-Blade
|move|p1a: Aegislash|Flash Cannon|p2a: Umbreon
|-damage|p2a: Umbreon|186\/394
|move|p2a: Umbreon|Foul Play|p1a: Aegislash
|-supereffective|p1a: Aegislash
|-end|p1a: Aegislash|Substitute
|
|-heal|p2a: Umbreon|383\/394|[from] move: Wish|[wisher] Umbreon
|-heal|p1a: Aegislash|290\/311|[from] item: Leftovers
|-heal|p2a: Umbreon|394\/394|[from] item: Leftovers
|turn|24
|
|-formechange|p1a: Aegislash|Aegislash
|move|p1a: Aegislash|King's Shield|p1a: Aegislash
|-singleturn|p1a: Aegislash|Protect
|move|p2a: Umbreon|Foul Play|p1a: Aegislash
|-activate|p1a: Aegislash|Protect
|-unboost|p2a: Umbreon|atk|2
|
|-heal|p1a: Aegislash|309\/311|[from] item: Leftovers
|turn|25
|
|move|p1a: Aegislash|Substitute|p1a: Aegislash
|-start|p1a: Aegislash|Substitute
|-damage|p1a: Aegislash|232\/311
|move|p2a: Umbreon|Foul Play|p1a: Aegislash
|-supereffective|p1a: Aegislash
|-activate|p1a: Aegislash|Substitute|[damage]
|
|-heal|p1a: Aegislash|251\/311|[from] item: Leftovers
|turn|26
|
|move|p2a: Umbreon|Protect|p2a: Umbreon
|-singleturn|p2a: Umbreon|Protect
|-formechange|p1a: Aegislash|Aegislash-Blade
|move|p1a: Aegislash|Flash Cannon|p2a: Umbreon
|-activate|p2a: Umbreon|Protect
|
|-heal|p1a: Aegislash|270\/311|[from] item: Leftovers
|turn|27
|
|move|p1a: Aegislash|Flash Cannon|p2a: Umbreon
|-crit|p2a: Umbreon
|-damage|p2a: Umbreon|210\/394
|move|p2a: Umbreon|Foul Play|p1a: Aegislash
|-supereffective|p1a: Aegislash
|-end|p1a: Aegislash|Substitute
|
|-heal|p1a: Aegislash|289\/311|[from] item: Leftovers
|-heal|p2a: Umbreon|234\/394|[from] item: Leftovers
|turn|28
|
|move|p1a: Aegislash|Substitute|p1a: Aegislash
|-start|p1a: Aegislash|Substitute
|-damage|p1a: Aegislash|212\/311
|move|p2a: Umbreon|Wish|p2a: Umbreon
|
|-heal|p1a: Aegislash|231\/311|[from] item: Leftovers
|-heal|p2a: Umbreon|258\/394|[from] item: Leftovers
|turn|29
|
|move|p1a: Aegislash|Flash Cannon|p2a: Umbreon
|-crit|p2a: Umbreon
|-damage|p2a: Umbreon|69\/394
|move|p2a: Umbreon|Foul Play|p1a: Aegislash
|-supereffective|p1a: Aegislash
|-end|p1a: Aegislash|Substitute
|
|-heal|p2a: Umbreon|266\/394|[from] move: Wish|[wisher] Umbreon
|-heal|p1a: Aegislash|250\/311|[from] item: Leftovers
|-heal|p2a: Umbreon|290\/394|[from] item: Leftovers
|turn|30
|
|move|p1a: Aegislash|Substitute|p1a: Aegislash
|-start|p1a: Aegislash|Substitute
|-damage|p1a: Aegislash|173\/311
|move|p2a: Umbreon|Foul Play|p1a: Aegislash
|-supereffective|p1a: Aegislash
|-end|p1a: Aegislash|Substitute
|
|-heal|p1a: Aegislash|192\/311|[from] item: Leftovers
|-heal|p2a: Umbreon|314\/394|[from] item: Leftovers
|turn|31
|
|move|p1a: Aegislash|Substitute|p1a: Aegislash
|-start|p1a: Aegislash|Substitute
|-damage|p1a: Aegislash|115\/311
|move|p2a: Umbreon|Foul Play|p1a: Aegislash
|-supereffective|p1a: Aegislash
|-end|p1a: Aegislash|Substitute
|
|-heal|p1a: Aegislash|134\/311|[from] item: Leftovers
|-heal|p2a: Umbreon|338\/394|[from] item: Leftovers
|turn|32
|
|move|p1a: Aegislash|Substitute|p1a: Aegislash
|-start|p1a: Aegislash|Substitute
|-damage|p1a: Aegislash|57\/311
|move|p2a: Umbreon|Foul Play|p1a: Aegislash
|-supereffective|p1a: Aegislash
|-end|p1a: Aegislash|Substitute
|
|-heal|p1a: Aegislash|76\/311|[from] item: Leftovers
|-heal|p2a: Umbreon|362\/394|[from] item: Leftovers
|turn|33
|
|-formechange|p1a: Aegislash|Aegislash
|move|p1a: Aegislash|King's Shield|p1a: Aegislash
|-singleturn|p1a: Aegislash|Protect
|move|p2a: Umbreon|Wish|p2a: Umbreon
|
|-heal|p1a: Aegislash|95\/311|[from] item: Leftovers
|-heal|p2a: Umbreon|386\/394|[from] item: Leftovers
|turn|34
|
|move|p1a: Aegislash|Substitute|p1a: Aegislash
|-start|p1a: Aegislash|Substitute
|-damage|p1a: Aegislash|18\/311
|move|p2a: Umbreon|Foul Play|p1a: Aegislash
|-supereffective|p1a: Aegislash
|-activate|p1a: Aegislash|Substitute|[damage]
|
|-heal|p2a: Umbreon|394\/394|[from] move: Wish|[wisher] Umbreon
|-heal|p1a: Aegislash|37\/311|[from] item: Leftovers
|turn|35
|
|move|p1a: Aegislash|King's Shield|p1a: Aegislash
|-singleturn|p1a: Aegislash|Protect
|move|p2a: Umbreon|Foul Play|p1a: Aegislash
|-activate|p1a: Aegislash|Protect
|-unboost|p2a: Umbreon|atk|2
|
|-heal|p1a: Aegislash|56\/311|[from] item: Leftovers
|turn|36
|
|move|p1a: Aegislash|King's Shield|p1a: Aegislash
|-fail|p1a: Aegislash
|move|p2a: Umbreon|Foul Play|p1a: Aegislash
|-supereffective|p1a: Aegislash
|-end|p1a: Aegislash|Substitute
|
|-heal|p1a: Aegislash|75\/311|[from] item: Leftovers
|turn|37
|
|switch|p1a: Terrakion|Terrakion|323\/323
|switch|p2a: Venusaur|Venusaur-Mega, M|245\/339
|
|turn|38
|
|switch|p1a: Mandibuzz|Mandibuzz, F|366\/424
|move|p2a: Venusaur|Giga Drain|p1a: Mandibuzz
|-resisted|p1a: Mandibuzz
|-damage|p1a: Mandibuzz|326\/424
|-heal|p2a: Venusaur|265\/339|[from] drain|[of] p1a: Mandibuzz
|
|-heal|p1a: Mandibuzz|352\/424|[from] item: Leftovers
|turn|39
|
|move|p2a: Venusaur|Leech Seed|p1a: Mandibuzz
|-start|p1a: Mandibuzz|move: Leech Seed
|move|p1a: Mandibuzz|Whirlwind|p2a: Venusaur
|drag|p2a: Dragonite|Dragonite, M|324\/324
|
|-heal|p1a: Mandibuzz|378\/424|[from] item: Leftovers
|-damage|p1a: Mandibuzz|325\/424|[from] Leech Seed|[of] p2a: Dragonite
|turn|40
|
|move|p2a: Dragonite|Dragon Dance|p2a: Dragonite
|-boost|p2a: Dragonite|atk|1
|-boost|p2a: Dragonite|spe|1
|move|p1a: Mandibuzz|Foul Play|p2a: Dragonite
|-damage|p2a: Dragonite|170\/324
|
|-heal|p1a: Mandibuzz|351\/424|[from] item: Leftovers
|-damage|p1a: Mandibuzz|298\/424|[from] Leech Seed|[of] p2a: Dragonite
|-heal|p2a: Dragonite|223\/324|[silent]
|turn|41
|
|switch|p2a: Azumarill|Azumarill, F|404\/404
|move|p1a: Mandibuzz|Foul Play|p2a: Azumarill
|-resisted|p2a: Azumarill
|-damage|p2a: Azumarill|345\/404
|
|-heal|p1a: Mandibuzz|324\/424|[from] item: Leftovers
|-damage|p1a: Mandibuzz|271\/424|[from] Leech Seed|[of] p2a: Azumarill
|-heal|p2a: Azumarill|398\/404|[silent]
|turn|42
|
|switch|p1a: Keldeo|Keldeo|17\/323
|move|p2a: Azumarill|Play Rough|p1a: Keldeo
|-supereffective|p1a: Keldeo
|-damage|p1a: Keldeo|0 fnt
|faint|p1a: Keldeo
|
|
|switch|p1a: Gengar|Gengar, F|91\/262 brn
|turn|43
|
|move|p2a: Azumarill|Aqua Jet|p1a: Gengar
|-damage|p1a: Gengar|0 fnt
|faint|p1a: Gengar
|
|
|switch|p1a: Aegislash|Aegislash, M|75\/311
|turn|44
|
|move|p1a: Aegislash|King's Shield|p1a: Aegislash
|-singleturn|p1a: Aegislash|Protect
|move|p2a: Azumarill|Belly Drum|p2a: Azumarill
|-damage|p2a: Azumarill|196\/404
|-setboost|p2a: Azumarill|atk|6|[from] move: Belly Drum
|-enditem|p2a: Azumarill|Sitrus Berry|[eat]
|-heal|p2a: Azumarill|297\/404|[from] item: Sitrus Berry
|
|-heal|p1a: Aegislash|94\/311|[from] item: Leftovers
|turn|45
|
|switch|p1a: Terrakion|Terrakion|323\/323
|move|p2a: Azumarill|Aqua Jet|p1a: Terrakion
|-supereffective|p1a: Terrakion
|-damage|p1a: Terrakion|0 fnt
|faint|p1a: Terrakion
|
|
|switch|p1a: Aegislash|Aegislash, M|94\/311
|turn|46
|
|move|p2a: Azumarill|Aqua Jet|p1a: Aegislash
|-damage|p1a: Aegislash|0 fnt
|faint|p1a: Aegislash
|
|-message|Shizou forfeited.
|
|win|Nyo Aqua
|raw|Ladder updating...
|leave|Shizou
|player|p1
|raw|Shizou's rating: 1585 &rarr; <strong>1567<\/strong><br \/>(-18 for losing)
|raw|Nyo Aqua's rating: 1615 &rarr; <strong>1633<\/strong><br \/>(+18 for winning)