|join|AcidBurnz
|join|Shizou
|player|p1|AcidBurnz|161
|player|p2|Shizou|148
|gametype|singles
|gen|6
|tier|OU
|rated
|clearpoke
|poke|p1|Sceptile, M
|poke|p1|Greninja, F
|poke|p1|Mamoswine, F
|poke|p1|Thundurus, M
|poke|p1|Scizor, F
|poke|p1|Heatran, M
|poke|p2|Terrakion
|poke|p2|Bisharp, F
|poke|p2|Landorus-Therian, M
|poke|p2|Zapdos
|poke|p2|Gyarados, F
|poke|p2|Sceptile, M
|rule|Swagger Clause: Swagger is banned
|rule|Baton Pass Clause: Limit one PokÃ©mon knowing Baton Pass
|rule|Sleep Clause Mod: Limit one foe put to sleep
|rule|Species Clause: Limit one of each PokÃ©mon
|rule|OHKO Clause: OHKO moves are banned
|rule|Moody Clause: Moody is banned
|rule|Evasion Moves Clause: Evasion moves are banned
|rule|Endless Battle Clause: Forcing endless battles is banned
|rule|HP Percentage Mod: HP is shown in percentages
|teampreview
|c|âAcidBurnz|gl
|
|start
|switch|p1a: Greninja|Greninja, F|285\/285
|switch|p2a: Terrakion|Terrakion|323\/323
|turn|1
|c|âShizou|u2
|
|switch|p1a: Scizor|Scizor, F|282\/282
|move|p2a: Terrakion|Close Combat|p1a: Scizor
|-crit|p1a: Scizor
|-damage|p1a: Scizor|0 fnt
|-unboost|p2a: Terrakion|def|1
|-unboost|p2a: Terrakion|spd|1
|faint|p1a: Scizor
|
|c|âAcidBurnz|....
|
|switch|p1a: Mamoswine|Mamoswine, F|362\/362
|turn|2
|
|move|p2a: Terrakion|Close Combat|p1a: Mamoswine
|-supereffective|p1a: Mamoswine
|-enditem|p1a: Mamoswine|Focus Sash
|-damage|p1a: Mamoswine|1\/362
|-unboost|p2a: Terrakion|def|1
|-unboost|p2a: Terrakion|spd|1
|move|p1a: Mamoswine|Earthquake|p2a: Terrakion
|-supereffective|p2a: Terrakion
|-enditem|p2a: Terrakion|Focus Sash
|-damage|p2a: Terrakion|1\/323
|
|turn|3
|
|move|p1a: Mamoswine|Ice Shard|p2a: Terrakion
|-damage|p2a: Terrakion|0 fnt
|faint|p2a: Terrakion
|
|
|switch|p2a: Sceptile|Sceptile, M|282\/282
|turn|4
|
|move|p1a: Mamoswine|Ice Shard|p2a: Sceptile
|-supereffective|p2a: Sceptile
|-damage|p2a: Sceptile|76\/282
|move|p2a: Sceptile|Giga Drain|p1a: Mamoswine
|-supereffective|p1a: Mamoswine
|-damage|p1a: Mamoswine|0 fnt
|-heal|p2a: Sceptile|77\/282|[from] drain|[of] p1a: Mamoswine
|faint|p1a: Mamoswine
|
|
|switch|p1a: Sceptile|Sceptile, M|281\/281
|turn|5
|
|switch|p2a: Bisharp|Bisharp, F|272\/272
|detailschange|p1a: Sceptile|Sceptile-Mega, M
|message|Sceptile has Mega Evolved into Mega Sceptile!
|move|p1a: Sceptile|Dragon Pulse|p2a: Bisharp
|-resisted|p2a: Bisharp
|-damage|p2a: Bisharp|150\/272
|
|turn|6
|
|move|p2a: Bisharp|Sucker Punch|p1a: Sceptile
|-crit|p1a: Sceptile
|-damage|p1a: Sceptile|0 fnt
|-damage|p2a: Bisharp|123\/272|[from] item: Life Orb
|faint|p1a: Sceptile
|
|c|âAcidBurnz|wow fucking bs
|
|switch|p1a: Heatran|Heatran, M|377\/377
|turn|7
|
|switch|p2a: Zapdos|Zapdos|384\/384
|-ability|p2a: Zapdos|Pressure
|move|p1a: Heatran|Lava Plume|p2a: Zapdos
|-damage|p2a: Zapdos|264\/384
|
|-heal|p2a: Zapdos|288\/384|[from] item: Leftovers
|turn|8
|
|move|p2a: Zapdos|Volt Switch|p1a: Heatran
|-damage|p1a: Heatran|302\/377
|
|switch|p2a: Bisharp|Bisharp, F|123\/272
|move|p1a: Heatran|Toxic|p2a: Bisharp
|-fail|p2a: Bisharp
|
|-heal|p1a: Heatran|325\/377|[from] item: Leftovers
|turn|9
|
|move|p2a: Bisharp|Knock Off|p1a: Heatran
|-damage|p1a: Heatran|146\/377
|-enditem|p1a: Heatran|Leftovers|[from] move: Knock Off|[of] p2a: Bisharp
|-damage|p2a: Bisharp|96\/272|[from] item: Life Orb
|move|p1a: Heatran|Lava Plume|p2a: Bisharp
|-crit|p2a: Bisharp
|-supereffective|p2a: Bisharp
|-damage|p2a: Bisharp|0 fnt
|faint|p2a: Bisharp
|
|
|switch|p2a: Sceptile|Sceptile, M|77\/282
|turn|10
|
|detailschange|p2a: Sceptile|Sceptile-Mega, M
|message|Sceptile has Mega Evolved into Mega Sceptile!
|move|p2a: Sceptile|Focus Blast|p1a: Heatran
|-supereffective|p1a: Heatran
|-damage|p1a: Heatran|0 fnt
|faint|p1a: Heatran
|
|
|switch|p1a: Greninja|Greninja, F|285\/285
|turn|11
|
|switch|p2a: Gyarados|Gyarados, F|353\/353
|-ability|p2a: Gyarados|Intimidate|[of] p1a: Greninja
|-unboost|p1a: Greninja|atk|1
|move|p1a: Greninja|Ice Beam|p2a: Gyarados
|-start|p1a: Greninja|typechange|Ice|[from] Protean
|-crit|p2a: Gyarados
|-damage|p2a: Gyarados|110\/353
|
|-heal|p2a: Gyarados|132\/353|[from] item: Leftovers
|turn|12
|
|move|p1a: Greninja|Ice Beam|p2a: Gyarados
|-damage|p2a: Gyarados|0 fnt
|faint|p2a: Gyarados
|
|c|âAcidBurnz|gg
|
|switch|p2a: Zapdos|Zapdos|288\/384
|-ability|p2a: Zapdos|Pressure
|turn|13
|
|move|p1a: Greninja|Ice Beam|p2a: Zapdos
|-supereffective|p2a: Zapdos
|-damage|p2a: Zapdos|0 fnt
|faint|p2a: Zapdos
|
|-message|Shizou forfeited.
|
|win|AcidBurnz
|raw|Ladder updating...
|leave|Shizou
|player|p2