|join|Shizou
|join|TM13
|player|p1|Shizou|148
|player|p2|TM13|23
|gametype|singles
|gen|6
|tier|OU
|rated
|clearpoke
|poke|p1|Mew
|poke|p1|Heracross, F
|poke|p1|Keldeo-Resolute
|poke|p1|Heatran, M
|poke|p1|Landorus-Therian, M
|poke|p1|Raikou
|poke|p2|Pinsir, M, shiny
|poke|p2|Latias, F
|poke|p2|Clefable, M
|poke|p2|Keldeo-Resolute, shiny
|poke|p2|Magnezone, shiny
|poke|p2|Landorus-Therian, M
|rule|Swagger Clause: Swagger is banned
|rule|Baton Pass Clause: Limit one PokÃ©mon knowing Baton Pass
|rule|Sleep Clause Mod: Limit one foe put to sleep
|rule|Species Clause: Limit one of each PokÃ©mon
|rule|OHKO Clause: OHKO moves are banned
|rule|Moody Clause: Moody is banned
|rule|Evasion Moves Clause: Evasion moves are banned
|rule|Endless Battle Clause: Forcing endless battles is banned
|rule|HP Percentage Mod: HP is shown in percentages
|teampreview
|
|start
|switch|p1a: Heatran|Heatran, M|323\/323
|switch|p2a: Cat|Landorus-Therian, M|325\/325
|-ability|p2a: Cat|Intimidate|[of] p1a: Heatran
|-unboost|p1a: Heatran|atk|1
|-item|p1a: Heatran|Air Balloon
|turn|1
|
|move|p2a: Cat|U-turn|p1a: Heatran
|-crit|p1a: Heatran
|-resisted|p1a: Heatran
|-damage|p1a: Heatran|289\/323
|-enditem|p1a: Heatran|Air Balloon
|
|switch|p2a: lil Pwny|Keldeo-Resolute, shiny|323\/323
|move|p1a: Heatran|Stealth Rock|p2a: lil Pwny
|-sidestart|p2: TM13|move: Stealth Rock
|
|turn|2
|
|switch|p1a: Mew|Mew|404\/404
|move|p2a: lil Pwny|Scald|p1a: Mew
|-damage|p1a: Mew|241\/404
|
|-heal|p1a: Mew|266\/404|[from] item: Leftovers
|turn|3
|
|switch|p2a: Bird|Pinsir, M, shiny|271\/271
|-damage|p2a: Bird|204\/271|[from] Stealth Rock
|move|p1a: Mew|Knock Off|p2a: Bird
|-damage|p2a: Bird|156\/271
|
|-heal|p1a: Mew|291\/404|[from] item: Leftovers
|turn|4
|
|switch|p2a: :D|Clefable, M|390\/390
|move|p1a: Mew|Will-O-Wisp|p2a: :D|[miss]
|-miss|p1a: Mew|p2a: :D
|
|-heal|p1a: Mew|316\/404|[from] item: Leftovers
|turn|5
|
|switch|p2a: Cat|Landorus-Therian, M|325\/325
|-damage|p2a: Cat|285\/325|[from] Stealth Rock
|-ability|p2a: Cat|Intimidate|[of] p1a: Mew
|-unboost|p1a: Mew|atk|1
|move|p1a: Mew|Taunt|p2a: Cat
|-start|p2a: Cat|move: Taunt
|
|-heal|p1a: Mew|341\/404|[from] item: Leftovers
|turn|6
|
|switch|p1a: Keldeo-Resolute|Keldeo-Resolute|323\/323
|move|p2a: Cat|U-turn|p1a: Keldeo-Resolute
|-resisted|p1a: Keldeo-Resolute
|-damage|p1a: Keldeo-Resolute|272\/323
|
|switch|p2a: Latias|Latias, F|319\/319
|-damage|p2a: Latias|280\/319|[from] Stealth Rock
|
|turn|7
|
|switch|p1a: Heatran|Heatran, M|289\/323
|move|p2a: Latias|Defog|p1a: Heatran
|-unboost|p1a: Heatran|evasion|1
|-sideend|p2: TM13|Stealth Rock|[from] move: Defog|[of] p2a: Latias
|
|turn|8
|
|switch|p2a: lil Pwny|Keldeo-Resolute, shiny|323\/323
|move|p1a: Heatran|Stealth Rock|p2a: lil Pwny
|-sidestart|p2: TM13|move: Stealth Rock
|
|turn|9
|
|switch|p1a: Mew|Mew|341\/404
|move|p2a: lil Pwny|Hydro Pump|p1a: Mew
|-damage|p1a: Mew|118\/404
|
|-heal|p1a: Mew|143\/404|[from] item: Leftovers
|turn|10
|
|switch|p1a: Keldeo-Resolute|Keldeo-Resolute|272\/323
|move|p2a: lil Pwny|Hydro Pump|p1a: Keldeo-Resolute
|-resisted|p1a: Keldeo-Resolute
|-damage|p1a: Keldeo-Resolute|110\/323
|
|turn|11
|
|switch|p2a: :D|Clefable, M|390\/390
|move|p1a: Keldeo-Resolute|Hydro Pump|p2a: :D
|-damage|p2a: :D|71\/390
|
|-heal|p2a: :D|95\/390|[from] item: Leftovers
|turn|12
|
|switch|p2a: Latias|Latias, F|280\/319
|-damage|p2a: Latias|241\/319|[from] Stealth Rock
|move|p1a: Keldeo-Resolute|Hydro Pump|p2a: Latias
|-resisted|p2a: Latias
|-damage|p2a: Latias|120\/319
|
|turn|13
|
|switch|p1a: Heatran|Heatran, M|289\/323
|move|p2a: Latias|Roost|p2a: Latias
|-heal|p2a: Latias|280\/319
|
|turn|14
|
|switch|p2a: lil Pwny|Keldeo-Resolute, shiny|323\/323
|-damage|p2a: lil Pwny|303\/323|[from] Stealth Rock
|move|p1a: Heatran|Flash Cannon|p2a: lil Pwny
|-crit|p2a: lil Pwny
|-resisted|p2a: lil Pwny
|-damage|p2a: lil Pwny|194\/323
|
|turn|15
|
|switch|p1a: Mew|Mew|143\/404
|move|p2a: lil Pwny|Scald|p1a: Mew
|-damage|p1a: Mew|0 fnt
|faint|p1a: Mew
|
|
|switch|p1a: Raikou|Raikou|322\/322
|-ability|p1a: Raikou|Pressure
|turn|16
|
|switch|p2a: :D|Clefable, M|95\/390
|move|p1a: Raikou|Hidden Power|p2a: :D
|-damage|p2a: :D|21\/390
|
|-heal|p2a: :D|45\/390|[from] item: Leftovers
|turn|17
|
|move|p1a: Raikou|Hidden Power|p2a: :D
|-damage|p2a: :D|0 fnt
|faint|p2a: :D
|
|
|switch|p2a: Cat|Landorus-Therian, M|285\/325
|-damage|p2a: Cat|245\/325|[from] Stealth Rock
|-ability|p2a: Cat|Intimidate|[of] p1a: Raikou
|-unboost|p1a: Raikou|atk|1
|turn|18
|
|switch|p1a: Landorus-Therian|Landorus-Therian, M|320\/320
|-ability|p1a: Landorus-Therian|Intimidate|[of] p2a: Cat
|-unboost|p2a: Cat|atk|1
|move|p2a: Cat|U-turn|p1a: Landorus-Therian
|-resisted|p1a: Landorus-Therian
|-damage|p1a: Landorus-Therian|287\/320
|
|switch|p2a: lil Pwny|Keldeo-Resolute, shiny|194\/323
|-damage|p2a: lil Pwny|174\/323|[from] Stealth Rock
|
|turn|19
|
|move|p1a: Landorus-Therian|Earthquake|p2a: lil Pwny
|-damage|p2a: lil Pwny|0 fnt
|faint|p2a: lil Pwny
|
|
|switch|p2a: Latias|Latias, F|280\/319
|-damage|p2a: Latias|241\/319|[from] Stealth Rock
|turn|20
|
|switch|p1a: Heatran|Heatran, M|289\/323
|move|p2a: Latias|Defog|p1a: Heatran
|-unboost|p1a: Heatran|evasion|1
|-sideend|p2: TM13|Stealth Rock|[from] move: Defog|[of] p2a: Latias
|
|turn|21
|
|move|p2a: Latias|Psyshock|p1a: Heatran
|-resisted|p1a: Heatran
|-damage|p1a: Heatran|211\/323
|-damage|p2a: Latias|210\/319|[from] item: Life Orb
|move|p1a: Heatran|Flash Cannon|p2a: Latias
|-damage|p2a: Latias|111\/319
|
|turn|22
|
|move|p2a: Latias|Roost|p2a: Latias
|-heal|p2a: Latias|271\/319
|move|p1a: Heatran|Stealth Rock|p2a: Latias
|-sidestart|p2: TM13|move: Stealth Rock
|
|turn|23
|
|switch|p1a: Landorus-Therian|Landorus-Therian, M|287\/320
|-ability|p1a: Landorus-Therian|Intimidate|[of] p2a: Latias
|-unboost|p2a: Latias|atk|1
|move|p2a: Latias|Psyshock|p1a: Landorus-Therian
|-damage|p1a: Landorus-Therian|123\/320
|-damage|p2a: Latias|240\/319|[from] item: Life Orb
|
|turn|24
|
|switch|p2a: Cat|Landorus-Therian, M|245\/325
|-damage|p2a: Cat|205\/325|[from] Stealth Rock
|-ability|p2a: Cat|Intimidate|[of] p1a: Landorus-Therian
|-unboost|p1a: Landorus-Therian|atk|1
|move|p1a: Landorus-Therian|U-turn|p2a: Cat
|-resisted|p2a: Cat
|-damage|p2a: Cat|173\/325
|
|switch|p1a: Heracross|Heracross, F|301\/301
|
|turn|25
|
|detailschange|p1a: Heracross|Heracross-Mega, F
|message|Heracross has Mega Evolved into Mega Heracross!
|move|p2a: Cat|U-turn|p1a: Heracross
|-resisted|p1a: Heracross
|-damage|p1a: Heracross|261\/301
|
|switch|p2a: It's a Trap|Magnezone, shiny|281\/281
|-damage|p2a: It's a Trap|264\/281|[from] Stealth Rock
|move|p1a: Heracross|Rock Blast|p2a: It's a Trap
|-crit|p2a: It's a Trap
|-resisted|p2a: It's a Trap
|-damage|p2a: It's a Trap|239\/281
|-resisted|p2a: It's a Trap
|-damage|p2a: It's a Trap|222\/281
|-resisted|p2a: It's a Trap
|-damage|p2a: It's a Trap|204\/281
|-resisted|p2a: It's a Trap
|-damage|p2a: It's a Trap|188\/281
|-resisted|p2a: It's a Trap
|-damage|p2a: It's a Trap|170\/281
|-hitcount|p2a: It's a Trap|5
|
|turn|26
|
|switch|p1a: Heatran|Heatran, M|211\/323
|move|p2a: It's a Trap|Flash Cannon|p1a: Heatran
|-resisted|p1a: Heatran
|-damage|p1a: Heatran|177\/323
|
|turn|27
|
|switch|p2a: Latias|Latias, F|240\/319
|-damage|p2a: Latias|201\/319|[from] Stealth Rock
|move|p1a: Heatran|Flash Cannon|p2a: Latias
|-damage|p2a: Latias|96\/319
|
|turn|28
|
|switch|p1a: Landorus-Therian|Landorus-Therian, M|123\/320
|-ability|p1a: Landorus-Therian|Intimidate|[of] p2a: Latias
|-unboost|p2a: Latias|atk|1
|move|p2a: Latias|Roost|p2a: Latias
|-heal|p2a: Latias|256\/319
|
|turn|29
|
|move|p1a: Landorus-Therian|U-turn|p2a: Latias
|-supereffective|p2a: Latias
|-damage|p2a: Latias|58\/319
|
|switch|p1a: Keldeo-Resolute|Keldeo-Resolute|110\/323
|move|p2a: Latias|Defog|p1a: Keldeo-Resolute
|-unboost|p1a: Keldeo-Resolute|evasion|1
|-sideend|p2: TM13|Stealth Rock|[from] move: Defog|[of] p2a: Latias
|
|turn|30
|
|move|p2a: Latias|Psyshock|p1a: Keldeo-Resolute
|-supereffective|p1a: Keldeo-Resolute
|-damage|p1a: Keldeo-Resolute|0 fnt
|-damage|p2a: Latias|27\/319|[from] item: Life Orb
|faint|p1a: Keldeo-Resolute
|
|
|switch|p1a: Raikou|Raikou|322\/322
|-ability|p1a: Raikou|Pressure
|turn|31
|
|move|p1a: Raikou|Shadow Ball|p2a: Latias
|-supereffective|p2a: Latias
|-damage|p2a: Latias|0 fnt
|faint|p2a: Latias
|
|
|switch|p2a: Cat|Landorus-Therian, M|173\/325
|-ability|p2a: Cat|Intimidate|[of] p1a: Raikou
|-unboost|p1a: Raikou|atk|1
|turn|32
|
|switch|p1a: Heatran|Heatran, M|177\/323
|move|p2a: Cat|U-turn|p1a: Heatran
|-resisted|p1a: Heatran
|-damage|p1a: Heatran|158\/323
|
|switch|p2a: Bird|Pinsir, M, shiny|156\/271
|
|turn|33
|
|detailschange|p2a: Bird|Pinsir-Mega, M, shiny
|message|Pinsir has Mega Evolved into Mega Pinsir!
|move|p2a: Bird|Close Combat|p1a: Heatran
|-supereffective|p1a: Heatran
|-damage|p1a: Heatran|0 fnt
|-unboost|p2a: Bird|def|1
|-unboost|p2a: Bird|spd|1
|faint|p1a: Heatran
|
|
|switch|p1a: Raikou|Raikou|322\/322
|-ability|p1a: Raikou|Pressure
|turn|34
|
|switch|p2a: It's a Trap|Magnezone, shiny|170\/281
|move|p1a: Raikou|Shadow Ball|p2a: It's a Trap
|-damage|p2a: It's a Trap|74\/281
|-unboost|p2a: It's a Trap|spd|1
|
|turn|35
|
|move|p1a: Raikou|Shadow Ball|p2a: It's a Trap
|-damage|p2a: It's a Trap|0 fnt
|faint|p2a: It's a Trap
|
|
|switch|p2a: Cat|Landorus-Therian, M|173\/325
|-ability|p2a: Cat|Intimidate|[of] p1a: Raikou
|-unboost|p1a: Raikou|atk|1
|turn|36
|
|switch|p2a: Bird|Pinsir-Mega, M, shiny|156\/271
|switch|p1a: Heracross|Heracross-Mega, F|261\/301
|
|turn|37
|
|switch|p1a: Landorus-Therian|Landorus-Therian, M|123\/320
|-ability|p1a: Landorus-Therian|Intimidate|[of] p2a: Bird
|-unboost|p2a: Bird|atk|1
|move|p2a: Bird|Swords Dance|p2a: Bird
|-boost|p2a: Bird|atk|2
|
|turn|38
|
|move|p2a: Bird|Quick Attack|p1a: Landorus-Therian
|-damage|p1a: Landorus-Therian|0 fnt
|faint|p1a: Landorus-Therian
|
|
|switch|p1a: Raikou|Raikou|322\/322
|-ability|p1a: Raikou|Pressure
|turn|39
|
|switch|p2a: Cat|Landorus-Therian, M|173\/325
|-ability|p2a: Cat|Intimidate|[of] p1a: Raikou
|-unboost|p1a: Raikou|atk|1
|move|p1a: Raikou|Thunderbolt|p2a: Cat
|-immune|p2a: Cat|[msg]
|
|turn|40
|
|move|p2a: Cat|Earthquake|p1a: Raikou
|-supereffective|p1a: Raikou
|-damage|p1a: Raikou|0 fnt
|faint|p1a: Raikou
|
|c|âShizou|gg
|c|âTM13|wow...gg
|-message|Shizou forfeited.
|
|win|TM13
|raw|Ladder updating...
|leave|Shizou
|player|p1
|raw|Shizou's rating: 1673 &rarr; <strong>1652<\/strong><br \/>(-21 for losing)
|raw|TM13's rating: 1652 &rarr; <strong>1673<\/strong><br \/>(+21 for winning)
|c|âTM13|that was intense