|join|Shizou
|join|antztrong
|player|p1|Shizou|148
|player|p2|antztrong|167
|gametype|singles
|gen|6
|tier|OU
|rated
|clearpoke
|poke|p1|Terrakion
|poke|p1|Bisharp, F
|poke|p1|Landorus-Therian, M
|poke|p1|Zapdos
|poke|p1|Gyarados, M
|poke|p1|Sceptile, F
|poke|p2|Gallade, M
|poke|p2|Greninja, F
|poke|p2|Tentacruel, F
|poke|p2|Togekiss, F
|poke|p2|Gliscor, F
|poke|p2|Ferrothorn, F
|rule|Swagger Clause: Swagger is banned
|rule|Baton Pass Clause: Limit one PokÃ©mon knowing Baton Pass
|rule|Sleep Clause Mod: Limit one foe put to sleep
|rule|Species Clause: Limit one of each PokÃ©mon
|rule|OHKO Clause: OHKO moves are banned
|rule|Moody Clause: Moody is banned
|rule|Evasion Moves Clause: Evasion moves are banned
|rule|Endless Battle Clause: Forcing endless battles is banned
|rule|HP Percentage Mod: HP is shown in percentages
|teampreview
|
|start
|switch|p1a: Terrakion|Terrakion|323\/323
|switch|p2a: Gliscor|Gliscor, F|354\/354
|turn|1
|
|move|p1a: Terrakion|Taunt|p2a: Gliscor
|-start|p2a: Gliscor|move: Taunt
|cant|p2a: Gliscor|move: Taunt|Substitute
|
|-status|p2a: Gliscor|tox|[from] item: Toxic Orb
|turn|2
|
|switch|p1a: Gyarados|Gyarados, M|353\/353
|-ability|p1a: Gyarados|Intimidate|[of] p2a: Gliscor
|-unboost|p2a: Gliscor|atk|1
|move|p2a: Gliscor|Earthquake|p1a: Gyarados
|-immune|p1a: Gyarados|[msg]
|
|turn|3
|
|switch|p2a: Ferrothorn|Ferrothorn, F|352\/352
|move|p1a: Gyarados|Substitute|p1a: Gyarados
|-start|p1a: Gyarados|Substitute
|-damage|p1a: Gyarados|265\/353
|
|-heal|p1a: Gyarados|287\/353|[from] item: Leftovers
|turn|4
|join|fifa2
|
|move|p1a: Gyarados|Dragon Dance|p1a: Gyarados
|-boost|p1a: Gyarados|atk|1
|-boost|p1a: Gyarados|spe|1
|move|p2a: Ferrothorn|Stealth Rock|p1a: Gyarados
|-sidestart|p1: Shizou|move: Stealth Rock
|
|-heal|p1a: Gyarados|309\/353|[from] item: Leftovers
|turn|5
|
|move|p1a: Gyarados|Bounce|p2a: Ferrothorn|[still]
|-prepare|p1a: Gyarados|Bounce|p2a: Ferrothorn
|move|p2a: Ferrothorn|Gyro Ball|p1a: Gyarados|[miss]
|-miss|p2a: Ferrothorn|p1a: Gyarados
|
|-heal|p1a: Gyarados|331\/353|[from] item: Leftovers
|turn|6
|
|move|p2a: Ferrothorn|Protect|p2a: Ferrothorn
|-singleturn|p2a: Ferrothorn|Protect
|move|p1a: Gyarados|Bounce|p2a: Ferrothorn
|-activate|p2a: Ferrothorn|Protect
|
|-heal|p1a: Gyarados|353\/353|[from] item: Leftovers
|turn|7
|
|switch|p1a: Zapdos|Zapdos|384\/384
|-damage|p1a: Zapdos|288\/384|[from] Stealth Rock
|-ability|p1a: Zapdos|Pressure
|move|p2a: Ferrothorn|Gyro Ball|p1a: Zapdos
|-resisted|p1a: Zapdos
|-damage|p1a: Zapdos|226\/384
|
|-heal|p1a: Zapdos|250\/384|[from] item: Leftovers
|turn|8
|
|switch|p2a: Gliscor|Gliscor, F|354\/354 tox
|move|p1a: Zapdos|Defog|p2a: Gliscor
|-unboost|p2a: Gliscor|evasion|1
|-sideend|p1: Shizou|Stealth Rock|[from] move: Defog|[of] p1a: Zapdos
|
|-heal|p1a: Zapdos|274\/384|[from] item: Leftovers
|turn|9
|
|switch|p1a: Bisharp|Bisharp, F|272\/272
|move|p2a: Gliscor|Toxic|p1a: Bisharp
|-fail|p1a: Bisharp
|
|turn|10
|
|switch|p1a: Sceptile|Sceptile, F|282\/282
|move|p2a: Gliscor|Earthquake|p1a: Sceptile
|-resisted|p1a: Sceptile
|-damage|p1a: Sceptile|208\/282
|
|turn|11
|
|switch|p2a: Togekiss|Togekiss, F|373\/373
|detailschange|p1a: Sceptile|Sceptile-Mega, F
|message|Sceptile has Mega Evolved into Mega Sceptile!
|move|p1a: Sceptile|Substitute|p1a: Sceptile
|-start|p1a: Sceptile|Substitute
|-damage|p1a: Sceptile|138\/282
|
|turn|12
|
|move|p1a: Sceptile|Giga Drain|p2a: Togekiss
|-resisted|p2a: Togekiss
|-damage|p2a: Togekiss|308\/373
|-heal|p1a: Sceptile|171\/282|[from] drain|[of] p2a: Togekiss
|move|p2a: Togekiss|Air Slash|p1a: Sceptile
|-supereffective|p1a: Sceptile
|-end|p1a: Sceptile|Substitute
|
|-heal|p2a: Togekiss|331\/373|[from] item: Leftovers
|turn|13
|
|switch|p1a: Zapdos|Zapdos|274\/384
|-ability|p1a: Zapdos|Pressure
|switch|p2a: Gliscor|Gliscor, F|354\/354 tox
|
|-heal|p1a: Zapdos|298\/384|[from] item: Leftovers
|turn|14
|
|move|p2a: Gliscor|Substitute|p2a: Gliscor
|-start|p2a: Gliscor|Substitute
|-damage|p2a: Gliscor|266\/354 tox
|move|p1a: Zapdos|Heat Wave|p2a: Gliscor
|-end|p2a: Gliscor|Substitute
|
|-heal|p1a: Zapdos|322\/384|[from] item: Leftovers
|-heal|p2a: Gliscor|310\/354 tox|[from] ability: Poison Heal
|turn|15
|
|switch|p1a: Bisharp|Bisharp, F|272\/272
|move|p2a: Gliscor|Knock Off|p1a: Bisharp
|-resisted|p1a: Bisharp
|-damage|p1a: Bisharp|232\/272
|-enditem|p1a: Bisharp|Life Orb|[from] move: Knock Off|[of] p2a: Gliscor
|
|-heal|p2a: Gliscor|354\/354 tox|[from] ability: Poison Heal
|turn|16
|
|switch|p1a: Zapdos|Zapdos|322\/384
|-ability|p1a: Zapdos|Pressure
|move|p2a: Gliscor|Substitute|p2a: Gliscor
|-start|p2a: Gliscor|Substitute
|-damage|p2a: Gliscor|266\/354 tox
|
|-heal|p1a: Zapdos|346\/384|[from] item: Leftovers
|-heal|p2a: Gliscor|310\/354 tox|[from] ability: Poison Heal
|turn|17
|
|switch|p1a: Bisharp|Bisharp, F|232\/272
|move|p2a: Gliscor|Toxic|p1a: Bisharp
|-fail|p1a: Bisharp
|
|-heal|p2a: Gliscor|354\/354 tox|[from] ability: Poison Heal
|turn|18
|
|move|p2a: Gliscor|Earthquake|p1a: Bisharp
|-supereffective|p1a: Bisharp
|-damage|p1a: Bisharp|4\/272
|move|p1a: Bisharp|Iron Head|p2a: Gliscor
|-end|p2a: Gliscor|Substitute
|
|turn|19
|
|switch|p1a: Zapdos|Zapdos|346\/384
|-ability|p1a: Zapdos|Pressure
|move|p2a: Gliscor|Knock Off|p1a: Zapdos
|-damage|p1a: Zapdos|290\/384
|-enditem|p1a: Zapdos|Leftovers|[from] move: Knock Off|[of] p2a: Gliscor
|
|turn|20
|
|move|p2a: Gliscor|Substitute|p2a: Gliscor
|-start|p2a: Gliscor|Substitute
|-damage|p2a: Gliscor|266\/354 tox
|move|p1a: Zapdos|Heat Wave|p2a: Gliscor
|-end|p2a: Gliscor|Substitute
|
|-heal|p2a: Gliscor|310\/354 tox|[from] ability: Poison Heal
|turn|21
|
|switch|p1a: Bisharp|Bisharp, F|4\/272
|move|p2a: Gliscor|Toxic|p1a: Bisharp
|-fail|p1a: Bisharp
|
|-heal|p2a: Gliscor|354\/354 tox|[from] ability: Poison Heal
|turn|22
|
|switch|p1a: Zapdos|Zapdos|290\/384
|-ability|p1a: Zapdos|Pressure
|move|p2a: Gliscor|Substitute|p2a: Gliscor
|-start|p2a: Gliscor|Substitute
|-damage|p2a: Gliscor|266\/354 tox
|
|-heal|p2a: Gliscor|310\/354 tox|[from] ability: Poison Heal
|turn|23
|c| fifa2|hidden power ice
|
|switch|p1a: Bisharp|Bisharp, F|4\/272
|move|p2a: Gliscor|Toxic|p1a: Bisharp
|-fail|p1a: Bisharp
|
|-heal|p2a: Gliscor|354\/354 tox|[from] ability: Poison Heal
|turn|24
|
|move|p2a: Gliscor|Knock Off|p1a: Bisharp
|-resisted|p1a: Bisharp
|-damage|p1a: Bisharp|0 fnt
|faint|p1a: Bisharp
|
|
|switch|p1a: Gyarados|Gyarados, M|353\/353
|-activate|p2a: Gliscor|Substitute|ability: Intimidate|[of] p1a: Gyarados
|turn|25
|
|move|p1a: Gyarados|Substitute|p1a: Gyarados
|-start|p1a: Gyarados|Substitute
|-damage|p1a: Gyarados|265\/353
|move|p2a: Gliscor|Toxic|p1a: Gyarados
|
|-heal|p1a: Gyarados|287\/353|[from] item: Leftovers
|turn|26
|
|switch|p2a: Ferrothorn|Ferrothorn, F|352\/352
|move|p1a: Gyarados|Dragon Dance|p1a: Gyarados
|-boost|p1a: Gyarados|atk|1
|-boost|p1a: Gyarados|spe|1
|
|-heal|p1a: Gyarados|309\/353|[from] item: Leftovers
|turn|27
|
|switch|p1a: Zapdos|Zapdos|290\/384
|-ability|p1a: Zapdos|Pressure
|move|p2a: Ferrothorn|Stealth Rock|p1a: Zapdos
|-sidestart|p1: Shizou|move: Stealth Rock
|
|turn|28
|
|switch|p2a: Gliscor|Gliscor, F|354\/354 tox
|move|p1a: Zapdos|Defog|p2a: Gliscor
|-unboost|p2a: Gliscor|evasion|1
|-sideend|p1: Shizou|Stealth Rock|[from] move: Defog|[of] p1a: Zapdos
|
|turn|29
|
|move|p2a: Gliscor|Toxic|p1a: Zapdos
|-status|p1a: Zapdos|tox
|move|p1a: Zapdos|Heat Wave|p2a: Gliscor
|-damage|p2a: Gliscor|238\/354 tox
|
|-heal|p2a: Gliscor|282\/354 tox|[from] ability: Poison Heal
|-damage|p1a: Zapdos|266\/384 tox|[from] psn
|turn|30
|
|move|p2a: Gliscor|Toxic|p1a: Zapdos
|-fail|p1a: Zapdos|tox
|move|p1a: Zapdos|Heat Wave|p2a: Gliscor
|-damage|p2a: Gliscor|163\/354 tox
|
|-heal|p2a: Gliscor|207\/354 tox|[from] ability: Poison Heal
|-damage|p1a: Zapdos|218\/384 tox|[from] psn
|turn|31
|
|switch|p2a: Greninja|Greninja, F|285\/285
|move|p1a: Zapdos|Roost|p1a: Zapdos
|-heal|p1a: Zapdos|384\/384 tox
|
|-damage|p1a: Zapdos|312\/384 tox|[from] psn
|turn|32
|
|switch|p1a: Gyarados|Gyarados, M|309\/353
|-ability|p1a: Gyarados|Intimidate|[of] p2a: Greninja
|-unboost|p2a: Greninja|atk|1
|move|p2a: Greninja|Ice Beam|p1a: Gyarados
|-start|p2a: Greninja|typechange|Ice|[from] Protean
|-damage|p1a: Gyarados|126\/353
|-damage|p2a: Greninja|257\/285|[from] item: Life Orb
|
|-heal|p1a: Gyarados|148\/353|[from] item: Leftovers
|turn|33
|
|move|p2a: Greninja|Ice Beam|p1a: Gyarados
|-damage|p1a: Gyarados|0 fnt
|-damage|p2a: Greninja|229\/285|[from] item: Life Orb
|faint|p1a: Gyarados
|
|
|switch|p1a: Terrakion|Terrakion|323\/323
|turn|34
|
|switch|p2a: Tentacruel|Tentacruel, F|364\/364
|move|p1a: Terrakion|Close Combat|p2a: Tentacruel
|-resisted|p2a: Tentacruel
|-damage|p2a: Tentacruel|261\/364
|-unboost|p1a: Terrakion|def|1
|-unboost|p1a: Terrakion|spd|1
|
|-heal|p2a: Tentacruel|283\/364|[from] item: Black Sludge
|turn|35
|
|switch|p1a: Zapdos|Zapdos|312\/384 tox
|-ability|p1a: Zapdos|Pressure
|move|p2a: Tentacruel|Sludge Bomb|p1a: Zapdos
|-damage|p1a: Zapdos|212\/384 tox
|
|-heal|p2a: Tentacruel|305\/364|[from] item: Black Sludge
|-damage|p1a: Zapdos|188\/384 tox|[from] psn
|turn|36
|
|move|p1a: Zapdos|Volt Switch|p2a: Tentacruel
|-supereffective|p2a: Tentacruel
|-damage|p2a: Tentacruel|147\/364
|
|switch|p1a: Landorus-Therian|Landorus-Therian, M|320\/320
|-ability|p1a: Landorus-Therian|Intimidate|[of] p2a: Tentacruel
|-unboost|p2a: Tentacruel|atk|1
|move|p2a: Tentacruel|Scald|p1a: Landorus-Therian
|-supereffective|p1a: Landorus-Therian
|-damage|p1a: Landorus-Therian|120\/320
|
|-heal|p2a: Tentacruel|169\/364|[from] item: Black Sludge
|turn|37
|
|switch|p2a: Gliscor|Gliscor, F|207\/354 tox
|move|p1a: Landorus-Therian|U-turn|p2a: Gliscor
|-resisted|p2a: Gliscor
|-damage|p2a: Gliscor|178\/354 tox
|
|switch|p1a: Sceptile|Sceptile-Mega, F|171\/282
|
|-heal|p2a: Gliscor|222\/354 tox|[from] ability: Poison Heal
|turn|38
|
|switch|p1a: Terrakion|Terrakion|323\/323
|switch|p2a: Togekiss|Togekiss, F|331\/373
|
|-heal|p2a: Togekiss|354\/373|[from] item: Leftovers
|turn|39
|
|switch|p2a: Tentacruel|Tentacruel, F|169\/364
|move|p1a: Terrakion|Stone Edge|p2a: Tentacruel
|-damage|p2a: Tentacruel|1\/364
|
|-heal|p2a: Tentacruel|23\/364|[from] item: Black Sludge
|turn|40
|
|move|p1a: Terrakion|Close Combat|p2a: Tentacruel
|-resisted|p2a: Tentacruel
|-damage|p2a: Tentacruel|0 fnt
|-unboost|p1a: Terrakion|def|1
|-unboost|p1a: Terrakion|spd|1
|faint|p2a: Tentacruel
|
|
|switch|p2a: Gallade|Gallade, M|339\/339
|turn|41
|
|switch|p1a: Landorus-Therian|Landorus-Therian, M|120\/320
|-ability|p1a: Landorus-Therian|Intimidate|[of] p2a: Gallade
|-unboost|p2a: Gallade|atk|1
|detailschange|p2a: Gallade|Gallade-Mega, M
|message|Gallade has Mega Evolved into Mega Gallade!
|move|p2a: Gallade|Drain Punch|p1a: Landorus-Therian
|-resisted|p1a: Landorus-Therian
|-damage|p1a: Landorus-Therian|70\/320
|
|turn|42
|
|switch|p2a: Gliscor|Gliscor, F|222\/354 tox
|move|p1a: Landorus-Therian|U-turn|p2a: Gliscor
|-resisted|p2a: Gliscor
|-damage|p2a: Gliscor|193\/354 tox
|
|switch|p1a: Sceptile|Sceptile-Mega, F|171\/282
|
|-heal|p2a: Gliscor|237\/354 tox|[from] ability: Poison Heal
|turn|43
|
|switch|p2a: Ferrothorn|Ferrothorn, F|352\/352
|move|p1a: Sceptile|Giga Drain|p2a: Ferrothorn
|-resisted|p2a: Ferrothorn
|-damage|p2a: Ferrothorn|327\/352
|-heal|p1a: Sceptile|184\/282|[from] drain|[of] p2a: Ferrothorn
|
|-heal|p2a: Ferrothorn|349\/352|[from] item: Leftovers
|turn|44
|
|switch|p2a: Togekiss|Togekiss, F|354\/373
|move|p1a: Sceptile|Focus Blast|p2a: Togekiss
|-resisted|p2a: Togekiss
|-damage|p2a: Togekiss|320\/373
|
|-heal|p2a: Togekiss|343\/373|[from] item: Leftovers
|turn|45
|
|move|p1a: Sceptile|Substitute|p1a: Sceptile
|-start|p1a: Sceptile|Substitute
|-damage|p1a: Sceptile|114\/282
|move|p2a: Togekiss|Air Slash|p1a: Sceptile
|-supereffective|p1a: Sceptile
|-end|p1a: Sceptile|Substitute
|
|-heal|p2a: Togekiss|366\/373|[from] item: Leftovers
|turn|46
|
|switch|p1a: Zapdos|Zapdos|188\/384 tox
|-ability|p1a: Zapdos|Pressure
|move|p2a: Togekiss|Air Slash|p1a: Zapdos
|-resisted|p1a: Zapdos
|-damage|p1a: Zapdos|132\/384 tox
|
|-heal|p2a: Togekiss|373\/373|[from] item: Leftovers
|-damage|p1a: Zapdos|108\/384 tox|[from] psn
|turn|47
|
|switch|p2a: Gliscor|Gliscor, F|237\/354 tox
|move|p1a: Zapdos|Roost|p1a: Zapdos
|-heal|p1a: Zapdos|300\/384 tox
|
|-heal|p2a: Gliscor|281\/354 tox|[from] ability: Poison Heal
|-damage|p1a: Zapdos|252\/384 tox|[from] psn
|turn|48
|
|move|p2a: Gliscor|Substitute|p2a: Gliscor
|-start|p2a: Gliscor|Substitute
|-damage|p2a: Gliscor|193\/354 tox
|move|p1a: Zapdos|Heat Wave|p2a: Gliscor
|-end|p2a: Gliscor|Substitute
|
|-heal|p2a: Gliscor|237\/354 tox|[from] ability: Poison Heal
|-damage|p1a: Zapdos|180\/384 tox|[from] psn
|turn|49
|
|move|p2a: Gliscor|Substitute|p2a: Gliscor
|-start|p2a: Gliscor|Substitute
|-damage|p2a: Gliscor|149\/354 tox
|move|p1a: Zapdos|Heat Wave|p2a: Gliscor
|-end|p2a: Gliscor|Substitute
|
|-heal|p2a: Gliscor|193\/354 tox|[from] ability: Poison Heal
|-damage|p1a: Zapdos|84\/384 tox|[from] psn
|turn|50
|leave|fifa2
|
|move|p2a: Gliscor|Substitute|p2a: Gliscor
|-start|p2a: Gliscor|Substitute
|-damage|p2a: Gliscor|105\/354 tox
|move|p1a: Zapdos|Roost|p1a: Zapdos
|-heal|p1a: Zapdos|276\/384 tox
|
|-heal|p2a: Gliscor|149\/354 tox|[from] ability: Poison Heal
|-damage|p1a: Zapdos|156\/384 tox|[from] psn
|turn|51
|
|switch|p1a: Landorus-Therian|Landorus-Therian, M|70\/320
|-activate|p2a: Gliscor|Substitute|ability: Intimidate|[of] p1a: Landorus-Therian
|move|p2a: Gliscor|Knock Off|p1a: Landorus-Therian
|-damage|p1a: Landorus-Therian|0 fnt
|-enditem|p1a: Landorus-Therian|Choice Scarf|[from] move: Knock Off|[of] p2a: Gliscor
|faint|p1a: Landorus-Therian
|
|-heal|p2a: Gliscor|193\/354 tox|[from] ability: Poison Heal
|
|switch|p1a: Zapdos|Zapdos|156\/384 tox
|-ability|p1a: Zapdos|Pressure
|turn|52
|
|move|p2a: Gliscor|Knock Off|p1a: Zapdos
|-damage|p1a: Zapdos|115\/384 tox
|move|p1a: Zapdos|Heat Wave|p2a: Gliscor
|-end|p2a: Gliscor|Substitute
|
|-heal|p2a: Gliscor|237\/354 tox|[from] ability: Poison Heal
|-damage|p1a: Zapdos|91\/384 tox|[from] psn
|turn|53
|
|move|p2a: Gliscor|Substitute|p2a: Gliscor
|-start|p2a: Gliscor|Substitute
|-damage|p2a: Gliscor|149\/354 tox
|move|p1a: Zapdos|Roost|p1a: Zapdos
|-heal|p1a: Zapdos|283\/384 tox
|
|-heal|p2a: Gliscor|193\/354 tox|[from] ability: Poison Heal
|-damage|p1a: Zapdos|235\/384 tox|[from] psn
|turn|54
|
|move|p2a: Gliscor|Earthquake|p1a: Zapdos
|-immune|p1a: Zapdos|[msg]
|move|p1a: Zapdos|Heat Wave|p2a: Gliscor
|-end|p2a: Gliscor|Substitute
|
|-heal|p2a: Gliscor|237\/354 tox|[from] ability: Poison Heal
|-damage|p1a: Zapdos|163\/384 tox|[from] psn
|turn|55
|
|switch|p1a: Sceptile|Sceptile-Mega, F|114\/282
|move|p2a: Gliscor|Substitute|p2a: Gliscor
|-start|p2a: Gliscor|Substitute
|-damage|p2a: Gliscor|149\/354 tox
|
|-heal|p2a: Gliscor|193\/354 tox|[from] ability: Poison Heal
|turn|56
|
|switch|p1a: Zapdos|Zapdos|163\/384 tox
|-ability|p1a: Zapdos|Pressure
|move|p2a: Gliscor|Earthquake|p1a: Zapdos
|-immune|p1a: Zapdos|[msg]
|
|-heal|p2a: Gliscor|237\/354 tox|[from] ability: Poison Heal
|-damage|p1a: Zapdos|139\/384 tox|[from] psn
|turn|57
|
|move|p2a: Gliscor|Knock Off|p1a: Zapdos
|-damage|p1a: Zapdos|98\/384 tox
|move|p1a: Zapdos|Heat Wave|p2a: Gliscor
|-miss|p1a: Zapdos|p2a: Gliscor
|
|-heal|p2a: Gliscor|281\/354 tox|[from] ability: Poison Heal
|-damage|p1a: Zapdos|50\/384 tox|[from] psn
|turn|58
|
|move|p2a: Gliscor|Knock Off|p1a: Zapdos
|-damage|p1a: Zapdos|11\/384 tox
|move|p1a: Zapdos|Roost|p1a: Zapdos
|-heal|p1a: Zapdos|203\/384 tox
|
|-heal|p2a: Gliscor|325\/354 tox|[from] ability: Poison Heal
|-damage|p1a: Zapdos|131\/384 tox|[from] psn
|turn|59
|
|move|p2a: Gliscor|Toxic|p1a: Zapdos
|-fail|p1a: Zapdos|tox
|move|p1a: Zapdos|Roost|p1a: Zapdos
|-heal|p1a: Zapdos|323\/384 tox
|
|-heal|p2a: Gliscor|354\/354 tox|[from] ability: Poison Heal
|-damage|p1a: Zapdos|227\/384 tox|[from] psn
|turn|60
|
|switch|p1a: Terrakion|Terrakion|323\/323
|move|p2a: Gliscor|Toxic|p1a: Terrakion
|-status|p1a: Terrakion|tox
|
|-damage|p1a: Terrakion|303\/323 tox|[from] psn
|turn|61
|
|switch|p1a: Zapdos|Zapdos|227\/384 tox
|-ability|p1a: Zapdos|Pressure
|move|p2a: Gliscor|Earthquake|p1a: Zapdos
|-immune|p1a: Zapdos|[msg]
|
|-damage|p1a: Zapdos|203\/384 tox|[from] psn
|turn|62
|
|move|p2a: Gliscor|Knock Off|p1a: Zapdos
|-damage|p1a: Zapdos|163\/384 tox
|move|p1a: Zapdos|Heat Wave|p2a: Gliscor
|-end|p2a: Gliscor|Substitute
|
|-damage|p1a: Zapdos|115\/384 tox|[from] psn
|turn|63
|
|move|p2a: Gliscor|Knock Off|p1a: Zapdos
|-damage|p1a: Zapdos|76\/384 tox
|move|p1a: Zapdos|Roost|p1a: Zapdos
|-heal|p1a: Zapdos|268\/384 tox
|
|-damage|p1a: Zapdos|196\/384 tox|[from] psn
|turn|64
|
|switch|p1a: Terrakion|Terrakion|303\/323 tox
|move|p2a: Gliscor|Substitute|p2a: Gliscor
|-start|p2a: Gliscor|Substitute
|-damage|p2a: Gliscor|266\/354 tox
|
|-damage|p1a: Terrakion|283\/323 tox|[from] psn
|-heal|p2a: Gliscor|310\/354 tox|[from] ability: Poison Heal
|turn|65
|-message|Shizou forfeited.
|
|win|antztrong
|raw|Ladder updating...
|leave|Shizou
|player|p1
|raw|Shizou's rating: 1632 &rarr; <strong>1611<\/strong><br \/>(-21 for losing)
|raw|antztrong's rating: 1615 &rarr; <strong>1636<\/strong><br \/>(+21 for winning)