|join|Shizou
|join|quiladinftw
|player|p1|Shizou|148
|player|p2|quiladinftw|169
|gametype|singles
|gen|6
|tier|OU
|rated
|clearpoke
|poke|p1|Greninja, F
|poke|p1|Kyurem-Black
|poke|p1|Venusaur, M
|poke|p1|Garchomp, M
|poke|p1|Zapdos
|poke|p1|Landorus, M
|poke|p2|Azumarill, M
|poke|p2|Latias, F
|poke|p2|Medicham, M
|poke|p2|Excadrill, M
|poke|p2|Tyranitar, M
|poke|p2|Garchomp, M
|rule|Sleep Clause Mod: Limit one foe put to sleep
|rule|Species Clause: Limit one of each Pokemon
|rule|OHKO Clause: OHKO moves are banned
|rule|Moody Clause: Moody is banned
|rule|Evasion Moves Clause: Evasion moves are banned
|rule|Endless Battle Clause: Forcing endless battles is banned.
|rule|HP Percentage Mod: HP is reported as percentages
|teampreview
|
|start
|switch|p1a: Garchomp|Garchomp, M|358\/358
|switch|p2a: land shark|Garchomp, M|358\/358
|turn|1
|
|move|p2a: land shark|Outrage|p1a: Garchomp
|-supereffective|p1a: Garchomp
|-damage|p1a: Garchomp|0 fnt
|-damage|p2a: land shark|314\/358|[from] ability: Rough Skin|[of] p1a: Garchomp
|faint|p1a: Garchomp
|
|
|switch|p1a: Venusaur|Venusaur, M|364\/364
|turn|2
|
|detailschange|p1a: Venusaur|Venusaur-Mega, M
|message|Venusaur has Mega Evolved into Mega Venusaur!
|move|p2a: land shark|Outrage|p1a: Venusaur
|-damage|p1a: Venusaur|216\/364
|move|p1a: Venusaur|Giga Drain|p2a: land shark
|-damage|p2a: land shark|188\/358
|-heal|p1a: Venusaur|279\/364|[from] drain|[of] p2a: land shark
|
|-end|p2a: land shark|rampage
|-start|p2a: land shark|confusion
|turn|3
|chat|quiladinftw|were u scarfed?
|chat|Shizou|yh
|chat|quiladinftw|jolly?
|chat|Shizou|yh
|
|switch|p2a: first class|Latias, F|322\/322
|move|p1a: Venusaur|Leech Seed|p2a: first class
|-start|p2a: first class|move: Leech Seed
|
|-damage|p2a: first class|282\/322|[from] Leech Seed|[of] p1a: Venusaur
|-heal|p1a: Venusaur|319\/364|[silent]
|turn|4
|
|switch|p2a: leave|Medicham, M|261\/261
|switch|p1a: Zapdos|Zapdos|384\/384
|-ability|p1a: Zapdos|Pressure
|
|turn|5
|
|detailschange|p2a: leave|Medicham-Mega, M
|message|Medicham has Mega Evolved into Mega Medicham!
|move|p2a: leave|Ice Punch|p1a: Zapdos
|-supereffective|p1a: Zapdos
|-damage|p1a: Zapdos|24\/384
|move|p1a: Zapdos|Thunderbolt|p2a: leave
|-damage|p2a: leave|113\/261
|
|-heal|p1a: Zapdos|48\/384|[from] item: Leftovers
|turn|6
|
|switch|p1a: Venusaur|Venusaur-Mega, M|319\/364
|move|p2a: leave|Drain Punch|p1a: Venusaur
|-resisted|p1a: Venusaur
|-damage|p1a: Venusaur|247\/364
|-heal|p2a: leave|149\/261|[from] drain|[of] p1a: Venusaur
|
|turn|7
|
|move|p2a: leave|Substitute|p2a: leave
|-start|p2a: leave|Substitute
|-damage|p2a: leave|84\/261
|move|p1a: Venusaur|Leech Seed|p2a: leave
|
|turn|8
|
|move|p2a: leave|Zen Headbutt|p1a: Venusaur
|-supereffective|p1a: Venusaur
|-damage|p1a: Venusaur|0 fnt
|faint|p1a: Venusaur
|
|chat|quiladinftw|lmfao counter???
|chat|Shizou|always forget that thing is part psychic
|
|switch|p1a: Landorus|Landorus, M|320\/320
|turn|9
|
|move|p1a: Landorus|Psychic|p2a: leave
|-end|p2a: leave|Substitute
|move|p2a: leave|Ice Punch|p1a: Landorus
|-supereffective|p1a: Landorus
|-damage|p1a: Landorus|0 fnt
|faint|p1a: Landorus
|
|
|switch|p1a: Greninja|Greninja, F|286\/286
|turn|10
|
|switch|p2a: reborn|Azumarill, M|364\/364
|-start|p1a: Greninja|typechange|Ice|[from] Protean
|move|p1a: Greninja|Ice Beam|p2a: reborn
|-resisted|p2a: reborn
|-damage|p2a: reborn|260\/364
|-damage|p1a: Greninja|258\/286|[from] item: Life Orb
|
|turn|11
|
|switch|p1a: Kyurem-Black|Kyurem-Black|391\/391
|-ability|p1a: Kyurem-Black|Teravolt
|move|p2a: reborn|Play Rough|p1a: Kyurem-Black
|-supereffective|p1a: Kyurem-Black
|-damage|p1a: Kyurem-Black|0 fnt
|faint|p1a: Kyurem-Black
|
|
|switch|p1a: Greninja|Greninja, F|258\/286
|turn|12
|
|-start|p1a: Greninja|typechange|Psychic|[from] Protean
|move|p1a: Greninja|Extrasensory|p2a: reborn
|-damage|p2a: reborn|61\/364
|-damage|p1a: Greninja|230\/286|[from] item: Life Orb
|-enditem|p2a: reborn|Sitrus Berry|[eat]
|-heal|p2a: reborn|152\/364|[from] item: Sitrus Berry
|move|p2a: reborn|Play Rough|p1a: Greninja
|-damage|p1a: Greninja|0 fnt
|faint|p1a: Greninja
|
|-message|Shizou forfeited.
|
|win|quiladinftw
|raw|Ladder updating...
|leave|Shizou
|player|p1
|chat|quiladinftw|gg
|raw|Shizou's rating: 1571 &rarr; <strong>1551<\/strong><br \/>(-20 for losing)
|raw|quiladinftw's rating: 1577 &rarr; <strong>1596<\/strong><br \/>(+19 for winning)