|join|Shizou
|join|krystek
|player|p1|Shizou|148
|player|p2|krystek|52
|gametype|singles
|gen|6
|tier|OU
|rated
|clearpoke
|poke|p1|Terrakion
|poke|p1|Bisharp, M
|poke|p1|Landorus-Therian, M
|poke|p1|Zapdos
|poke|p1|Gyarados, M
|poke|p1|Sceptile, M
|poke|p2|Sableye, M
|poke|p2|Talonflame, F
|poke|p2|Tentacruel, M
|poke|p2|Clefable, M
|poke|p2|Gliscor, M
|poke|p2|Bronzong
|rule|Swagger Clause: Swagger is banned
|rule|Baton Pass Clause: Limit one PokÃ©mon knowing Baton Pass
|rule|Sleep Clause Mod: Limit one foe put to sleep
|rule|Species Clause: Limit one of each PokÃ©mon
|rule|OHKO Clause: OHKO moves are banned
|rule|Moody Clause: Moody is banned
|rule|Evasion Moves Clause: Evasion moves are banned
|rule|Endless Battle Clause: Forcing endless battles is banned
|rule|HP Percentage Mod: HP is shown in percentages
|teampreview
|
|start
|switch|p1a: Terrakion|Terrakion|323\/323
|switch|p2a: Greed|Sableye, M|304\/304
|turn|1
|
|switch|p1a: Zapdos|Zapdos|384\/384
|-ability|p1a: Zapdos|Pressure
|detailschange|p2a: Greed|Sableye-Mega, M
|message|Sableye has Mega Evolved into Mega Sableye!
|move|p2a: Greed|Will-O-Wisp|p1a: Zapdos
|-status|p1a: Zapdos|brn
|
|-damage|p1a: Zapdos|336\/384 brn|[from] brn
|turn|2
|
|move|p1a: Zapdos|Volt Switch|p2a: Greed
|-damage|p2a: Greed|217\/304
|
|switch|p1a: Gyarados|Gyarados, M|353\/353
|-ability|p1a: Gyarados|Intimidate|[of] p2a: Greed
|-unboost|p2a: Greed|atk|1
|move|p2a: Greed|Knock Off|p1a: Gyarados
|-damage|p1a: Gyarados|275\/353
|-enditem|p1a: Gyarados|Leftovers|[from] move: Knock Off|[of] p2a: Greed
|
|turn|3
|
|move|p1a: Gyarados|Substitute|p1a: Gyarados
|-start|p1a: Gyarados|Substitute
|-damage|p1a: Gyarados|187\/353
|move|p2a: Greed|Recover|p2a: Greed
|-heal|p2a: Greed|304\/304
|
|turn|4
|
|switch|p2a: Fairy tail|Clefable, M|394\/394
|move|p1a: Gyarados|Dragon Dance|p1a: Gyarados
|-boost|p1a: Gyarados|atk|1
|-boost|p1a: Gyarados|spe|1
|
|turn|5
|
|move|p1a: Gyarados|Waterfall|p2a: Fairy tail
|-damage|p2a: Fairy tail|262\/394
|move|p2a: Fairy tail|Moonblast|p1a: Gyarados
|-end|p1a: Gyarados|Substitute
|
|-heal|p2a: Fairy tail|286\/394|[from] item: Leftovers
|turn|6
|
|move|p1a: Gyarados|Waterfall|p2a: Fairy tail
|-damage|p2a: Fairy tail|160\/394
|move|p2a: Fairy tail|Wish|p2a: Fairy tail
|
|-heal|p2a: Fairy tail|184\/394|[from] item: Leftovers
|turn|7
|
|move|p1a: Gyarados|Dragon Dance|p1a: Gyarados
|-boost|p1a: Gyarados|atk|1
|-boost|p1a: Gyarados|spe|1
|move|p2a: Fairy tail|Moonblast|p1a: Gyarados
|-damage|p1a: Gyarados|82\/353
|
|-heal|p2a: Fairy tail|381\/394|[from] move: Wish|[wisher] Fairy tail
|-heal|p2a: Fairy tail|394\/394|[from] item: Leftovers
|turn|8
|
|move|p1a: Gyarados|Bounce|p2a: Fairy tail|[still]
|-prepare|p1a: Gyarados|Bounce|p2a: Fairy tail
|move|p2a: Fairy tail|Wish|p2a: Fairy tail
|
|turn|9
|
|move|p2a: Fairy tail|Protect|p2a: Fairy tail
|-singleturn|p2a: Fairy tail|Protect
|move|p1a: Gyarados|Bounce|p2a: Fairy tail
|-activate|p2a: Fairy tail|Protect
|
|turn|10
|
|move|p1a: Gyarados|Bounce|p2a: Fairy tail|[still]
|-prepare|p1a: Gyarados|Bounce|p2a: Fairy tail
|move|p2a: Fairy tail|Wish|p2a: Fairy tail
|
|turn|11
|
|move|p2a: Fairy tail|Protect|p2a: Fairy tail
|-singleturn|p2a: Fairy tail|Protect
|move|p1a: Gyarados|Bounce|p2a: Fairy tail
|-activate|p2a: Fairy tail|Protect
|
|turn|12
|
|switch|p1a: Bisharp|Bisharp, M|272\/272
|move|p2a: Fairy tail|Moonblast|p1a: Bisharp
|-damage|p1a: Bisharp|116\/272
|
|turn|13
|
|switch|p2a: Greed|Sableye-Mega, M|304\/304
|move|p1a: Bisharp|Iron Head|p2a: Greed
|-damage|p2a: Greed|170\/304
|-damage|p1a: Bisharp|89\/272|[from] item: Life Orb
|
|turn|14
|
|switch|p1a: Zapdos|Zapdos|336\/384 brn
|-ability|p1a: Zapdos|Pressure
|switch|p2a: Tweety|Talonflame, F|359\/359
|
|-heal|p1a: Zapdos|360\/384 brn|[from] item: Leftovers
|-damage|p1a: Zapdos|312\/384 brn|[from] brn
|turn|15
|
|switch|p2a: Toxic|Gliscor, M|352\/352
|move|p1a: Zapdos|Volt Switch|p2a: Toxic
|-immune|p2a: Toxic|[msg]
|
|-heal|p1a: Zapdos|336\/384 brn|[from] item: Leftovers
|-damage|p1a: Zapdos|288\/384 brn|[from] brn
|-status|p2a: Toxic|tox|[from] item: Toxic Orb
|turn|16
|
|switch|p2a: Totem|Bronzong|338\/338
|move|p1a: Zapdos|Heat Wave|p2a: Totem
|-supereffective|p2a: Totem
|-damage|p2a: Totem|222\/338
|
|-heal|p1a: Zapdos|312\/384 brn|[from] item: Leftovers
|-heal|p2a: Totem|243\/338|[from] item: Leftovers
|-damage|p1a: Zapdos|264\/384 brn|[from] brn
|turn|17
|
|switch|p2a: Toxic|Gliscor, M|352\/352 tox
|move|p1a: Zapdos|Heat Wave|p2a: Toxic
|-damage|p2a: Toxic|264\/352 tox
|
|-heal|p1a: Zapdos|288\/384 brn|[from] item: Leftovers
|-heal|p2a: Toxic|308\/352 tox|[from] ability: Poison Heal
|-damage|p1a: Zapdos|240\/384 brn|[from] brn
|turn|18
|
|move|p2a: Toxic|Taunt|p1a: Zapdos
|-start|p1a: Zapdos|move: Taunt
|move|p1a: Zapdos|Heat Wave|p2a: Toxic
|-damage|p2a: Toxic|228\/352 tox
|
|-heal|p1a: Zapdos|264\/384 brn|[from] item: Leftovers
|-heal|p2a: Toxic|272\/352 tox|[from] ability: Poison Heal
|-damage|p1a: Zapdos|216\/384 brn|[from] brn
|turn|19
|
|switch|p1a: Gyarados|Gyarados, M|82\/353
|-ability|p1a: Gyarados|Intimidate|[of] p2a: Toxic
|-unboost|p2a: Toxic|atk|1
|move|p2a: Toxic|Roost|p2a: Toxic
|-heal|p2a: Toxic|352\/352 tox
|
|turn|20
|
|switch|p2a: Fairy tail|Clefable, M|394\/394
|move|p1a: Gyarados|Waterfall|p2a: Fairy tail
|-damage|p2a: Fairy tail|256\/394
|
|-heal|p2a: Fairy tail|280\/394|[from] item: Leftovers
|turn|21
|
|move|p1a: Gyarados|Waterfall|p2a: Fairy tail
|-damage|p2a: Fairy tail|156\/394
|cant|p2a: Fairy tail|flinch
|
|-heal|p2a: Fairy tail|180\/394|[from] item: Leftovers
|turn|22
|
|move|p2a: Fairy tail|Protect|p2a: Fairy tail
|-singleturn|p2a: Fairy tail|Protect
|move|p1a: Gyarados|Waterfall|p2a: Fairy tail
|-activate|p2a: Fairy tail|Protect
|
|-heal|p2a: Fairy tail|204\/394|[from] item: Leftovers
|turn|23
|
|switch|p1a: Bisharp|Bisharp, M|89\/272
|move|p2a: Fairy tail|Wish|p2a: Fairy tail
|
|-heal|p2a: Fairy tail|228\/394|[from] item: Leftovers
|turn|24
|
|move|p2a: Fairy tail|Protect|p2a: Fairy tail
|-singleturn|p2a: Fairy tail|Protect
|move|p1a: Bisharp|Swords Dance|p1a: Bisharp
|-boost|p1a: Bisharp|atk|2
|
|-heal|p2a: Fairy tail|394\/394|[from] move: Wish|[wisher] Fairy tail
|turn|25
|
|switch|p2a: Totem|Bronzong|243\/338
|move|p1a: Bisharp|Iron Head|p2a: Totem
|-resisted|p2a: Totem
|-damage|p2a: Totem|65\/338
|-damage|p1a: Bisharp|62\/272|[from] item: Life Orb
|
|-heal|p2a: Totem|86\/338|[from] item: Leftovers
|turn|26
|
|move|p1a: Bisharp|Knock Off|p2a: Totem
|-supereffective|p2a: Totem
|-damage|p2a: Totem|0 fnt
|-enditem|p2a: Totem|Leftovers|[from] move: Knock Off|[of] p1a: Bisharp
|-damage|p1a: Bisharp|35\/272|[from] item: Life Orb
|faint|p2a: Totem
|
|
|switch|p2a: Tweety|Talonflame, F|359\/359
|turn|27
|
|switch|p1a: Zapdos|Zapdos|216\/384 brn
|-ability|p1a: Zapdos|Pressure
|move|p2a: Tweety|Brave Bird|p1a: Zapdos
|-resisted|p1a: Zapdos
|-damage|p1a: Zapdos|167\/384 brn
|-damage|p2a: Tweety|343\/359|[from] recoil|[of] p1a: Zapdos
|
|-heal|p2a: Tweety|359\/359|[from] item: Leftovers
|-heal|p1a: Zapdos|191\/384 brn|[from] item: Leftovers
|-damage|p1a: Zapdos|143\/384 brn|[from] brn
|turn|28
|
|move|p2a: Tweety|Taunt|p1a: Zapdos
|-start|p1a: Zapdos|move: Taunt
|cant|p1a: Zapdos|move: Taunt|Roost
|
|-heal|p1a: Zapdos|167\/384 brn|[from] item: Leftovers
|-damage|p1a: Zapdos|119\/384 brn|[from] brn
|turn|29
|
|switch|p2a: Toxic|Gliscor, M|352\/352 tox
|move|p1a: Zapdos|Volt Switch|p2a: Toxic
|-immune|p2a: Toxic|[msg]
|
|-heal|p1a: Zapdos|143\/384 brn|[from] item: Leftovers
|-damage|p1a: Zapdos|95\/384 brn|[from] brn
|turn|30
|
|switch|p1a: Gyarados|Gyarados, M|82\/353
|-ability|p1a: Gyarados|Intimidate|[of] p2a: Toxic
|-unboost|p2a: Toxic|atk|1
|move|p2a: Toxic|Toxic|p1a: Gyarados
|-status|p1a: Gyarados|tox
|
|-damage|p1a: Gyarados|60\/353 tox|[from] psn
|turn|31
|
|switch|p2a: Fairy tail|Clefable, M|394\/394
|move|p1a: Gyarados|Waterfall|p2a: Fairy tail
|-damage|p2a: Fairy tail|267\/394
|
|-heal|p2a: Fairy tail|291\/394|[from] item: Leftovers
|-damage|p1a: Gyarados|16\/353 tox|[from] psn
|turn|32
|
|move|p2a: Fairy tail|Protect|p2a: Fairy tail
|-singleturn|p2a: Fairy tail|Protect
|move|p1a: Gyarados|Waterfall|p2a: Fairy tail
|-activate|p2a: Fairy tail|Protect
|
|-heal|p2a: Fairy tail|315\/394|[from] item: Leftovers
|-damage|p1a: Gyarados|0 fnt|[from] psn
|faint|p1a: Gyarados
|
|switch|p1a: Bisharp|Bisharp, M|35\/272
|turn|33
|
|switch|p2a: Tweety|Talonflame, F|359\/359
|move|p1a: Bisharp|Knock Off|p2a: Tweety
|-damage|p2a: Tweety|35\/359
|-enditem|p2a: Tweety|Leftovers|[from] move: Knock Off|[of] p1a: Bisharp
|-damage|p1a: Bisharp|8\/272|[from] item: Life Orb
|
|turn|34
|
|switch|p1a: Landorus-Therian|Landorus-Therian, M|320\/320
|-ability|p1a: Landorus-Therian|Intimidate|[of] p2a: Tweety
|-unboost|p2a: Tweety|atk|1
|move|p2a: Tweety|Roost|p2a: Tweety
|-heal|p2a: Tweety|215\/359
|
|turn|35
|
|switch|p2a: Fairy tail|Clefable, M|315\/394
|move|p1a: Landorus-Therian|Stone Edge|p2a: Fairy tail
|-damage|p2a: Fairy tail|199\/394
|
|-heal|p2a: Fairy tail|223\/394|[from] item: Leftovers
|turn|36
|
|switch|p1a: Zapdos|Zapdos|95\/384 brn
|-ability|p1a: Zapdos|Pressure
|move|p2a: Fairy tail|Wish|p2a: Fairy tail
|
|-heal|p1a: Zapdos|119\/384 brn|[from] item: Leftovers
|-heal|p2a: Fairy tail|247\/394|[from] item: Leftovers
|-damage|p1a: Zapdos|71\/384 brn|[from] brn
|turn|37
|
|move|p1a: Zapdos|Roost|p1a: Zapdos
|-heal|p1a: Zapdos|263\/384 brn
|move|p2a: Fairy tail|Moonblast|p1a: Zapdos
|-damage|p1a: Zapdos|145\/384 brn
|
|-heal|p2a: Fairy tail|394\/394|[from] move: Wish|[wisher] Fairy tail
|-heal|p1a: Zapdos|169\/384 brn|[from] item: Leftovers
|-damage|p1a: Zapdos|121\/384 brn|[from] brn
|turn|38
|
|switch|p2a: Toxic|Gliscor, M|352\/352 tox
|move|p1a: Zapdos|Roost|p1a: Zapdos
|-heal|p1a: Zapdos|313\/384 brn
|
|-heal|p1a: Zapdos|337\/384 brn|[from] item: Leftovers
|-damage|p1a: Zapdos|289\/384 brn|[from] brn
|turn|39
|
|switch|p1a: Sceptile|Sceptile, M|282\/282
|move|p2a: Toxic|Toxic|p1a: Sceptile
|-status|p1a: Sceptile|tox
|
|-damage|p1a: Sceptile|265\/282 tox|[from] psn
|turn|40
|
|switch|p2a: Crueltenta|Tentacruel, M|363\/363
|detailschange|p1a: Sceptile|Sceptile-Mega, M
|message|Sceptile has Mega Evolved into Mega Sceptile!
|move|p1a: Sceptile|Dragon Pulse|p2a: Crueltenta
|-damage|p2a: Crueltenta|258\/363
|
|-heal|p2a: Crueltenta|280\/363|[from] item: Black Sludge
|-damage|p1a: Sceptile|231\/282 tox|[from] psn
|turn|41
|
|switch|p1a: Zapdos|Zapdos|289\/384 brn
|-ability|p1a: Zapdos|Pressure
|move|p2a: Crueltenta|Acid Spray|p1a: Zapdos
|-damage|p1a: Zapdos|249\/384 brn
|-unboost|p1a: Zapdos|spd|2
|
|-heal|p2a: Crueltenta|302\/363|[from] item: Black Sludge
|-heal|p1a: Zapdos|273\/384 brn|[from] item: Leftovers
|-damage|p1a: Zapdos|225\/384 brn|[from] brn
|turn|42
|-message|Shizou forfeited.
|
|win|krystek
|raw|Ladder updating...
|leave|Shizou
|player|p1
|raw|Shizou's rating: 1611 &rarr; <strong>1590<\/strong><br \/>(-21 for losing)
|raw|krystek's rating: 1584 &rarr; <strong>1606<\/strong><br \/>(+22 for winning)