|join|Shizou
|join|senojA
|player|p1|Shizou|283
|player|p2|senojA|153
|gametype|singles
|gen|6
|tier|OU
|rated
|clearpoke
|poke|p1|Tyranitar, M
|poke|p1|Excadrill, F
|poke|p1|Skarmory, M
|poke|p1|Gyarados, F
|poke|p1|Aegislash, F
|poke|p1|Kyurem-Black
|poke|p2|Rotom-Wash
|poke|p2|Scizor, F
|poke|p2|Dragonite, M
|poke|p2|Terrakion
|poke|p2|Zapdos
|poke|p2|Heatran, F
|rule|Swagger Clause: Swagger is banned
|rule|Baton Pass Clause: Limit one PokÃ©mon knowing Baton Pass
|rule|Sleep Clause Mod: Limit one foe put to sleep
|rule|Species Clause: Limit one of each PokÃ©mon
|rule|OHKO Clause: OHKO moves are banned
|rule|Moody Clause: Moody is banned
|rule|Evasion Moves Clause: Evasion moves are banned
|rule|Endless Battle Clause: Forcing endless battles is banned
|rule|HP Percentage Mod: HP is reported as percentages
|teampreview
|
|start
|switch|p1a: Kyurem-Black|Kyurem-Black|404\/404
|switch|p2a: Dragonite|Dragonite, M|377\/377
|-ability|p1a: Kyurem-Black|Teravolt
|turn|1
|
|move|p1a: Kyurem-Black|Ice Beam|p2a: Dragonite
|-supereffective|p2a: Dragonite
|-damage|p2a: Dragonite|0 fnt
|faint|p2a: Dragonite
|
|
|switch|p2a: Terrakion|Terrakion|323\/323
|turn|2
|
|switch|p1a: Aegislash|Aegislash, F|311\/311
|move|p2a: Terrakion|Stone Edge|p1a: Aegislash|[miss]
|-miss|p2a: Terrakion|p1a: Aegislash
|
|turn|3
|
|move|p2a: Terrakion|Earthquake|p1a: Aegislash
|-supereffective|p1a: Aegislash
|-damage|p1a: Aegislash|77\/311
|-damage|p2a: Terrakion|291\/323|[from] item: Life Orb
|-formechange|p1a: Aegislash|Aegislash-Blade
|move|p1a: Aegislash|Shadow Claw|p2a: Terrakion
|-damage|p2a: Terrakion|135\/323
|
|-heal|p1a: Aegislash|96\/311|[from] item: Leftovers
|turn|4
|
|-formechange|p1a: Aegislash|Aegislash
|move|p1a: Aegislash|King's Shield|p1a: Aegislash
|-singleturn|p1a: Aegislash|Protect
|move|p2a: Terrakion|Stone Edge|p1a: Aegislash
|-activate|p1a: Aegislash|Protect
|
|-heal|p1a: Aegislash|115\/311|[from] item: Leftovers
|turn|5
|
|switch|p1a: Skarmory|Skarmory, M|334\/334
|move|p2a: Terrakion|Earthquake|p1a: Skarmory
|-immune|p1a: Skarmory|[msg]
|
|turn|6
|
|switch|p2a: Heatran|Heatran, F|386\/386
|move|p1a: Skarmory|Spikes|p2a: Heatran
|-sidestart|p2: senojA|Spikes
|
|turn|7
|
|switch|p1a: Kyurem-Black|Kyurem-Black|404\/404
|-ability|p1a: Kyurem-Black|Teravolt
|move|p2a: Heatran|Stealth Rock|p1a: Kyurem-Black
|-sidestart|p1: Shizou|move: Stealth Rock
|
|turn|8
|
|switch|p2a: Rotom-Wash|Rotom-Wash|303\/303
|move|p1a: Kyurem-Black|Substitute|p1a: Kyurem-Black
|-start|p1a: Kyurem-Black|Substitute
|-damage|p1a: Kyurem-Black|303\/404
|
|-heal|p1a: Kyurem-Black|328\/404|[from] item: Leftovers
|turn|9
|
|move|p1a: Kyurem-Black|Earth Power|p2a: Rotom-Wash
|-supereffective|p2a: Rotom-Wash
|-damage|p2a: Rotom-Wash|111\/303
|move|p2a: Rotom-Wash|Volt Switch|p1a: Kyurem-Black
|-resisted|p1a: Kyurem-Black
|-activate|p1a: Kyurem-Black|Substitute|[damage]
|
|switch|p2a: Scizor|Scizor, F|343\/343
|-damage|p2a: Scizor|301\/343|[from] Spikes
|
|-heal|p1a: Kyurem-Black|353\/404|[from] item: Leftovers
|turn|10
|
|switch|p1a: Skarmory|Skarmory, M|334\/334
|-damage|p1a: Skarmory|293\/334|[from] Stealth Rock
|move|p2a: Scizor|U-turn|p1a: Skarmory
|-resisted|p1a: Skarmory
|-damage|p1a: Skarmory|262\/334
|
|switch|p2a: Heatran|Heatran, F|386\/386
|-damage|p2a: Heatran|338\/386|[from] Spikes
|
|-heal|p2a: Heatran|362\/386|[from] item: Leftovers
|-heal|p1a: Skarmory|282\/334|[from] item: Leftovers
|turn|11
|
|switch|p1a: Aegislash|Aegislash, F|115\/311
|-damage|p1a: Aegislash|96\/311|[from] Stealth Rock
|move|p2a: Heatran|Lava Plume|p1a: Aegislash
|-supereffective|p1a: Aegislash
|-damage|p1a: Aegislash|0 fnt
|faint|p1a: Aegislash
|
|-heal|p2a: Heatran|386\/386|[from] item: Leftovers
|
|switch|p1a: Kyurem-Black|Kyurem-Black|353\/404
|-damage|p1a: Kyurem-Black|252\/404|[from] Stealth Rock
|-ability|p1a: Kyurem-Black|Teravolt
|turn|12
|
|move|p1a: Kyurem-Black|Earth Power|p2a: Heatran
|-supereffective|p2a: Heatran
|-damage|p2a: Heatran|106\/386
|move|p2a: Heatran|Lava Plume|p1a: Kyurem-Black
|-damage|p1a: Kyurem-Black|119\/404
|-status|p1a: Kyurem-Black|brn
|
|-heal|p1a: Kyurem-Black|144\/404 brn|[from] item: Leftovers
|-heal|p2a: Heatran|130\/386|[from] item: Leftovers
|-damage|p1a: Kyurem-Black|94\/404 brn|[from] brn
|turn|13
|
|switch|p1a: Gyarados|Gyarados, F|332\/332
|-damage|p1a: Gyarados|249\/332|[from] Stealth Rock
|-ability|p1a: Gyarados|Intimidate|[of] p2a: Heatran
|-unboost|p2a: Heatran|atk|1
|switch|p2a: Rotom-Wash|Rotom-Wash|111\/303
|
|-heal|p2a: Rotom-Wash|129\/303|[from] item: Leftovers
|turn|14
|
|detailschange|p1a: Gyarados|Gyarados-Mega, F
|message|Gyarados has Mega Evolved into Mega Gyarados!
|-ability|p1a: Gyarados|Mold Breaker
|move|p1a: Gyarados|Earthquake|p2a: Rotom-Wash
|-supereffective|p2a: Rotom-Wash
|-damage|p2a: Rotom-Wash|0 fnt
|faint|p2a: Rotom-Wash
|
|
|switch|p2a: Scizor|Scizor, F|301\/343
|-damage|p2a: Scizor|259\/343|[from] Spikes
|turn|15
|
|switch|p1a: Kyurem-Black|Kyurem-Black|94\/404 brn
|-damage|p1a: Kyurem-Black|0 fnt|[from] Stealth Rock
|faint|p1a: Kyurem-Black
|move|p2a: Scizor|U-turn|p1: Kyurem-Black|[notarget]
|-notarget
|
|
|switch|p1a: Excadrill|Excadrill, F|362\/362
|-damage|p1a: Excadrill|351\/362|[from] Stealth Rock
|-item|p1a: Excadrill|Air Balloon
|turn|16
|
|move|p1a: Excadrill|Earthquake|p2a: Scizor
|-damage|p2a: Scizor|82\/343
|move|p2a: Scizor|U-turn|p1a: Excadrill
|-resisted|p1a: Excadrill
|-damage|p1a: Excadrill|196\/362
|-enditem|p1a: Excadrill|Air Balloon
|
|switch|p2a: Terrakion|Terrakion|135\/323
|-damage|p2a: Terrakion|95\/323|[from] Spikes
|
|turn|17
|
|move|p2a: Terrakion|Close Combat|p1a: Excadrill
|-supereffective|p1a: Excadrill
|-damage|p1a: Excadrill|0 fnt
|-unboost|p2a: Terrakion|def|1
|-unboost|p2a: Terrakion|spd|1
|-damage|p2a: Terrakion|63\/323|[from] item: Life Orb
|faint|p1a: Excadrill
|
|
|switch|p1a: Skarmory|Skarmory, M|282\/334
|-damage|p1a: Skarmory|241\/334|[from] Stealth Rock
|turn|18
|
|move|p2a: Terrakion|Close Combat|p1a: Skarmory
|-crit|p1a: Skarmory
|-damage|p1a: Skarmory|17\/334
|-unboost|p2a: Terrakion|def|1
|-unboost|p2a: Terrakion|spd|1
|-damage|p2a: Terrakion|31\/323|[from] item: Life Orb
|move|p1a: Skarmory|Counter|p2a: Terrakion
|-damage|p2a: Terrakion|0 fnt
|faint|p2a: Terrakion
|
|-heal|p1a: Skarmory|37\/334|[from] item: Leftovers
|
|switch|p2a: Heatran|Heatran, F|130\/386
|-damage|p2a: Heatran|82\/386|[from] Spikes
|turn|19
|
|move|p2a: Heatran|Lava Plume|p1a: Skarmory
|-supereffective|p1a: Skarmory
|-damage|p1a: Skarmory|0 fnt
|faint|p1a: Skarmory
|
|-heal|p2a: Heatran|106\/386|[from] item: Leftovers
|
|switch|p1a: Gyarados|Gyarados-Mega, F|249\/332
|-damage|p1a: Gyarados|208\/332|[from] Stealth Rock
|-ability|p1a: Gyarados|Mold Breaker
|turn|20
|
|move|p1a: Gyarados|Waterfall|p2a: Heatran
|-supereffective|p2a: Heatran
|-damage|p2a: Heatran|0 fnt
|faint|p2a: Heatran
|
|
|switch|p2a: Zapdos|Zapdos|384\/384
|-ability|p2a: Zapdos|Pressure
|turn|21
|
|switch|p1a: Tyranitar|Tyranitar, M|341\/341
|-damage|p1a: Tyranitar|299\/341|[from] Stealth Rock
|-weather|Sandstorm
|move|p2a: Zapdos|Thunderbolt|p1a: Tyranitar
|-damage|p1a: Tyranitar|215\/341
|
|-weather|Sandstorm|[upkeep]
|-damage|p2a: Zapdos|360\/384|[from] sandstorm
|turn|22
|
|move|p2a: Zapdos|Thunderbolt|p1a: Tyranitar
|-damage|p1a: Tyranitar|134\/341
|move|p1a: Tyranitar|Ice Beam|p2a: Zapdos
|-supereffective|p2a: Zapdos
|-damage|p2a: Zapdos|206\/384
|
|-weather|Sandstorm|[upkeep]
|-damage|p2a: Zapdos|182\/384|[from] sandstorm
|turn|23
|
|move|p2a: Zapdos|Thunderbolt|p1a: Tyranitar
|-damage|p1a: Tyranitar|49\/341
|move|p1a: Tyranitar|Ice Beam|p2a: Zapdos
|-supereffective|p2a: Zapdos
|-damage|p2a: Zapdos|34\/384
|
|-weather|Sandstorm|[upkeep]
|-damage|p2a: Zapdos|10\/384|[from] sandstorm
|turn|24
|
|switch|p2a: Scizor|Scizor, F|82\/343
|-damage|p2a: Scizor|40\/343|[from] Spikes
|move|p1a: Tyranitar|Ice Beam|p2a: Scizor
|-resisted|p2a: Scizor
|-damage|p2a: Scizor|0 fnt
|faint|p2a: Scizor
|
|-weather|Sandstorm|[upkeep]
|
|switch|p2a: Zapdos|Zapdos|10\/384
|-ability|p2a: Zapdos|Pressure
|turn|25
|
|move|p2a: Zapdos|Roost|p2a: Zapdos
|-heal|p2a: Zapdos|202\/384
|move|p1a: Tyranitar|Ice Beam|p2a: Zapdos
|-crit|p2a: Zapdos
|-damage|p2a: Zapdos|90\/384
|
|-weather|none
|turn|26
|
|move|p2a: Zapdos|Roost|p2a: Zapdos
|-heal|p2a: Zapdos|282\/384
|move|p1a: Tyranitar|Ice Beam|p2a: Zapdos
|-damage|p2a: Zapdos|215\/384
|-status|p2a: Zapdos|frz
|
|turn|27
|
|-curestatus|p2a: Zapdos|frz
|move|p2a: Zapdos|Thunderbolt|p1a: Tyranitar
|-damage|p1a: Tyranitar|0 fnt
|faint|p1a: Tyranitar
|
|
|switch|p1a: Gyarados|Gyarados-Mega, F|208\/332
|-damage|p1a: Gyarados|167\/332|[from] Stealth Rock
|-ability|p1a: Gyarados|Mold Breaker
|turn|28
|
|move|p1a: Gyarados|Waterfall|p2a: Zapdos
|-damage|p2a: Zapdos|19\/384
|-damage|p1a: Gyarados|112\/332|[from] item: Rocky Helmet|[of] p2a: Zapdos
|move|p2a: Zapdos|Thunderbolt|p1a: Gyarados
|-supereffective|p1a: Gyarados
|-damage|p1a: Gyarados|0 fnt
|faint|p1a: Gyarados
|
|win|senojA
|raw|Ladder updating...
|raw|Shizou's rating: 1522 &rarr; <strong>1503<\/strong><br \/>(-19 for losing)
|raw|senojA's rating: 1537 &rarr; <strong>1556<\/strong><br \/>(+19 for winning)
|leave|Shizou
|player|p1