|join|Shizou
|join|Reverb
|player|p1|Shizou|161
|player|p2|Reverb|#reverb
|gametype|singles
|gen|6
|tier|OU
|rated
|clearpoke
|poke|p1|Keldeo-Resolute
|poke|p1|Celebi
|poke|p1|Tyranitar, M
|poke|p1|Metagross
|poke|p1|Latios, M
|poke|p1|Thundurus, M
|poke|p2|Charizard, F, shiny
|poke|p2|Venusaur, M, shiny
|poke|p2|Tyranitar, M
|poke|p2|Excadrill, M
|poke|p2|Ferrothorn, F
|poke|p2|Keldeo
|rule|Swagger Clause: Swagger is banned
|rule|Baton Pass Clause: Limit one PokÃ©mon knowing Baton Pass
|rule|Sleep Clause Mod: Limit one foe put to sleep
|rule|Species Clause: Limit one of each PokÃ©mon
|rule|OHKO Clause: OHKO moves are banned
|rule|Moody Clause: Moody is banned
|rule|Evasion Moves Clause: Evasion moves are banned
|rule|Endless Battle Clause: Forcing endless battles is banned
|rule|HP Percentage Mod: HP is shown in percentages
|teampreview
|join|iplaytennislol
|join|TCW
|join|AssaultVestMetapod
|join|Winter's Howl
|
|start
|switch|p1a: Thundurus|Thundurus, M|299\/299
|switch|p2a: Charizard|Charizard, F, shiny|297\/297
|turn|1
|
|switch|p1a: Tyranitar|Tyranitar, M|341\/341
|-weather|Sandstorm
|switch|p2a: Ferrothorn|Ferrothorn, F|352\/352
|
|-weather|Sandstorm|[upkeep]
|turn|2
|join|Raido kuzunoha
|
|switch|p1a: Metagross|Metagross|301\/301
|move|p2a: Ferrothorn|Stealth Rock|p1a: Metagross
|-sidestart|p1: Shizou|move: Stealth Rock
|
|-weather|Sandstorm|[upkeep]
|turn|3
|join|Bloodz
|
|detailschange|p1a: Metagross|Metagross-Mega
|-mega|p1a: Metagross|Metagross|Metagrossite
|move|p1a: Metagross|Hammer Arm|p2a: Ferrothorn
|-supereffective|p2a: Ferrothorn
|-damage|p2a: Ferrothorn|140\/352
|-damage|p1a: Metagross|264\/301|[from] ability: Iron Barbs|[of] p2a: Ferrothorn
|-unboost|p1a: Metagross|spe|1
|move|p2a: Ferrothorn|Leech Seed|p1a: Metagross
|-start|p1a: Metagross|move: Leech Seed
|
|-weather|Sandstorm|[upkeep]
|-heal|p2a: Ferrothorn|162\/352|[from] item: Leftovers
|-damage|p1a: Metagross|227\/301|[from] Leech Seed|[of] p2a: Ferrothorn
|-heal|p2a: Ferrothorn|199\/352|[silent]
|turn|4
|join|Montsegur
|
|move|p2a: Ferrothorn|Protect|p2a: Ferrothorn
|-singleturn|p2a: Ferrothorn|Protect
|move|p1a: Metagross|Hammer Arm|p2a: Ferrothorn
|-activate|p2a: Ferrothorn|Protect
|
|-weather|Sandstorm|[upkeep]
|-heal|p2a: Ferrothorn|221\/352|[from] item: Leftovers
|-damage|p1a: Metagross|190\/301|[from] Leech Seed|[of] p2a: Ferrothorn
|-heal|p2a: Ferrothorn|258\/352|[silent]
|turn|5
|
|switch|p1a: Keldeo-Resolute|Keldeo-Resolute|323\/323
|-damage|p1a: Keldeo-Resolute|303\/323|[from] Stealth Rock
|switch|p2a: Charizard|Charizard, F, shiny|297\/297
|
|-weather|none
|-heal|p1a: Keldeo-Resolute|323\/323|[from] item: Leftovers
|turn|6
|leave|Winter's Howl
|
|switch|p1a: Tyranitar|Tyranitar, M|341\/341
|-damage|p1a: Tyranitar|299\/341|[from] Stealth Rock
|-weather|Sandstorm
|detailschange|p2a: Charizard|Charizard-Mega-Y, F, shiny
|-mega|p2a: Charizard|Charizard|Charizardite Y
|-weather|SunnyDay
|move|p2a: Charizard|Solar Beam|p1a: Tyranitar|[still]
|-prepare|p2a: Charizard|Solar Beam|p1a: Tyranitar
|-anim|p2a: Charizard|Solar Beam|p1a: Tyranitar
|-supereffective|p1a: Tyranitar
|-damage|p1a: Tyranitar|0 fnt
|faint|p1a: Tyranitar
|
|-weather|SunnyDay|[upkeep]
|
|switch|p1a: Thundurus|Thundurus, M|299\/299
|-damage|p1a: Thundurus|225\/299|[from] Stealth Rock
|turn|7
|join|mouse de frank
|
|switch|p2a: Venusaur|Venusaur, M, shiny|319\/319
|move|p1a: Thundurus|Focus Blast|p2a: Venusaur
|-resisted|p2a: Venusaur
|-damage|p2a: Venusaur|232\/319
|-damage|p1a: Thundurus|196\/299|[from] item: Life Orb
|
|-weather|SunnyDay|[upkeep]
|turn|8
|
|switch|p1a: Celebi|Celebi|404\/404
|-damage|p1a: Celebi|354\/404|[from] Stealth Rock
|move|p2a: Venusaur|Sludge Bomb|p1a: Celebi
|-crit|p1a: Celebi
|-supereffective|p1a: Celebi
|-damage|p1a: Celebi|0 fnt
|-damage|p2a: Venusaur|201\/319|[from] item: Life Orb
|faint|p1a: Celebi
|
|-weather|SunnyDay|[upkeep]
|
|switch|p1a: Metagross|Metagross-Mega|190\/301
|-damage|p1a: Metagross|172\/301|[from] Stealth Rock
|turn|9
|
|move|p1a: Metagross|Bullet Punch|p2a: Venusaur
|-damage|p2a: Venusaur|90\/319
|move|p2a: Venusaur|Hidden Power|p1a: Metagross
|-crit|p1a: Metagross
|-supereffective|p1a: Metagross
|-damage|p1a: Metagross|0 fnt
|-damage|p2a: Venusaur|59\/319|[from] item: Life Orb
|faint|p1a: Metagross
|
|-weather|SunnyDay|[upkeep]
|-message|Shizou forfeited.
|
|win|Reverb
|raw|Ladder updating...
|leave|Shizou
|raw|Shizou's rating: 1607 &rarr; <strong>1591<\/strong><br \/>(-16 for losing)
|raw|Reverb's rating: 1686 &rarr; <strong>1702<\/strong><br \/>(+16 for winning)
|player|p1
|leave|iplaytennislol