|join|HellfireNJNP
|join|ultra ez
|player|p1|HellfireNJNP|266
|player|p2|ultra ez|105
|gametype|singles
|gen|6
|tier|OU
|rated
|clearpoke
|poke|p1|Metagross
|poke|p1|Landorus-Therian, M
|poke|p1|Keldeo-Resolute
|poke|p1|Ferrothorn, M
|poke|p1|Azumarill, M
|poke|p1|Bisharp, M
|poke|p2|Keldeo
|poke|p2|Diancie
|poke|p2|Celebi
|poke|p2|Landorus-Therian, M
|poke|p2|Azumarill, F
|poke|p2|Bisharp, F
|rule|Swagger Clause: Swagger is banned
|rule|Baton Pass Clause: Limit one PokÃ©mon knowing Baton Pass
|rule|Sleep Clause Mod: Limit one foe put to sleep
|rule|Species Clause: Limit one of each PokÃ©mon
|rule|OHKO Clause: OHKO moves are banned
|rule|Moody Clause: Moody is banned
|rule|Evasion Moves Clause: Evasion moves are banned
|rule|Endless Battle Clause: Forcing endless battles is banned
|rule|HP Percentage Mod: HP is shown in percentages
|teampreview
|
|start
|switch|p1a: Metagross|Metagross|301\/301
|switch|p2a: Diancie|Diancie|241\/241
|turn|1
|
|switch|p2a: Landorus-Therian|Landorus-Therian, M|335\/335
|-ability|p2a: Landorus-Therian|Intimidate|[of] p1a: Metagross
|-fail|p1a: Metagross|unboost|[from] ability: Clear Body|[of] p1a: Metagross
|detailschange|p1a: Metagross|Metagross-Mega
|-mega|p1a: Metagross|Metagross|Metagrossite
|move|p1a: Metagross|Hone Claws|p1a: Metagross
|-boost|p1a: Metagross|atk|1
|-boost|p1a: Metagross|accuracy|1
|
|turn|2
|
|switch|p2a: Azumarill|Azumarill, F|347\/347
|move|p1a: Metagross|Ice Punch|p2a: Azumarill
|-resisted|p2a: Azumarill
|-damage|p2a: Azumarill|225\/347
|
|turn|3
|
|move|p2a: Azumarill|Aqua Jet|p1a: Metagross
|-damage|p1a: Metagross|205\/301
|move|p1a: Metagross|Meteor Mash|p2a: Azumarill
|-damage|p2a: Azumarill|0 fnt
|faint|p2a: Azumarill
|
|
|switch|p2a: Bisharp|Bisharp, F|271\/271
|turn|4
|
|switch|p1a: Bisharp|Bisharp, M|271\/271
|move|p2a: Bisharp|Sucker Punch|p1a: Bisharp
|-fail|p1a: Bisharp
|
|turn|5
|
|switch|p2a: Keldeo|Keldeo|323\/323
|move|p1a: Bisharp|Low Kick|p2a: Keldeo
|-damage|p2a: Keldeo|228\/323
|-damage|p1a: Bisharp|244\/271|[from] item: Life Orb
|
|-heal|p2a: Keldeo|248\/323|[from] item: Leftovers
|turn|6
|
|switch|p1a: Azumarill|Azumarill, M|342\/342
|move|p2a: Keldeo|Substitute|p2a: Keldeo
|-start|p2a: Keldeo|Substitute
|-damage|p2a: Keldeo|168\/323
|
|-heal|p2a: Keldeo|188\/323|[from] item: Leftovers
|turn|7
|
|move|p2a: Keldeo|Scald|p1a: Azumarill
|-resisted|p1a: Azumarill
|-damage|p1a: Azumarill|259\/342
|move|p1a: Azumarill|Play Rough|p2a: Keldeo|[miss]
|-miss|p1a: Azumarill|p2a: Keldeo
|
|-heal|p2a: Keldeo|208\/323|[from] item: Leftovers
|turn|8
|c|âHellfireNJNP|lol k
|
|move|p2a: Keldeo|Scald|p1a: Azumarill
|-resisted|p1a: Azumarill
|-damage|p1a: Azumarill|180\/342
|move|p1a: Azumarill|Play Rough|p2a: Keldeo
|-supereffective|p2a: Keldeo
|-end|p2a: Keldeo|Substitute
|
|-heal|p2a: Keldeo|228\/323|[from] item: Leftovers
|turn|9
|
|switch|p2a: Landorus-Therian|Landorus-Therian, M|335\/335
|-ability|p2a: Landorus-Therian|Intimidate|[of] p1a: Azumarill
|-unboost|p1a: Azumarill|atk|1
|move|p1a: Azumarill|Play Rough|p2a: Landorus-Therian
|-damage|p2a: Landorus-Therian|217\/335
|
|-heal|p2a: Landorus-Therian|237\/335|[from] item: Leftovers
|turn|10
|
|switch|p2a: Celebi|Celebi|401\/401
|switch|p1a: Ferrothorn|Ferrothorn, M|351\/351
|
|turn|11
|
|move|p2a: Celebi|Stealth Rock|p1a: Ferrothorn
|-sidestart|p1: HellfireNJNP|move: Stealth Rock
|move|p1a: Ferrothorn|Stealth Rock|p2a: Celebi
|-sidestart|p2: ultra ez|move: Stealth Rock
|
|turn|12
|
|switch|p2a: Landorus-Therian|Landorus-Therian, M|237\/335
|-damage|p2a: Landorus-Therian|196\/335|[from] Stealth Rock
|-ability|p2a: Landorus-Therian|Intimidate|[of] p1a: Ferrothorn
|-unboost|p1a: Ferrothorn|atk|1
|move|p1a: Ferrothorn|Gyro Ball|p2a: Landorus-Therian
|-damage|p2a: Landorus-Therian|66\/335
|
|-heal|p2a: Landorus-Therian|86\/335|[from] item: Leftovers
|turn|13
|
|move|p2a: Landorus-Therian|Earthquake|p1a: Ferrothorn
|-damage|p1a: Ferrothorn|215\/351
|move|p1a: Ferrothorn|Gyro Ball|p2a: Landorus-Therian
|-damage|p2a: Landorus-Therian|0 fnt
|faint|p2a: Landorus-Therian
|
|
|switch|p2a: Keldeo|Keldeo|228\/323
|-damage|p2a: Keldeo|208\/323|[from] Stealth Rock
|turn|14
|join|uhhh o-ok
|
|move|p2a: Keldeo|Secret Sword|p1a: Ferrothorn
|-supereffective|p1a: Ferrothorn
|-damage|p1a: Ferrothorn|39\/351
|move|p1a: Ferrothorn|Power Whip|p2a: Keldeo
|-supereffective|p2a: Keldeo
|-damage|p2a: Keldeo|2\/323
|
|-heal|p2a: Keldeo|22\/323|[from] item: Leftovers
|turn|15
|
|move|p2a: Keldeo|Secret Sword|p1a: Ferrothorn
|-supereffective|p1a: Ferrothorn
|-damage|p1a: Ferrothorn|0 fnt
|faint|p1a: Ferrothorn
|
|-heal|p2a: Keldeo|42\/323|[from] item: Leftovers
|c| uhhh o-ok|Forty you got owned
|c|âultra ez|yeah
|c| uhhh o-ok|: \/
|c|âultra ez|ban megagross
|c|âultra ez|right now
|c|âHellfireNJNP|hes
|c|âHellfireNJNP|not even op
|
|switch|p1a: Metagross|Metagross-Mega|205\/301
|-damage|p1a: Metagross|187\/301|[from] Stealth Rock
|turn|16
|c| uhhh o-ok|Yes it is
|c| uhhh o-ok|kid
|c|âultra ez|that's because you're using a shitty
|c| uhhh o-ok|its broken
|c|âHellfireNJNP|lol
|c|âultra ez|hone claws set
|c|âHellfireNJNP|lol
|c| uhhh o-ok|LMAO
|c|âHellfireNJNP|hone claws is so good
|c| uhhh o-ok|HONE CLAWS
|
|move|p1a: Metagross|Meteor Mash|p2a: Keldeo
|-resisted|p2a: Keldeo
|-damage|p2a: Keldeo|0 fnt
|faint|p2a: Keldeo
|
|
|switch|p2a: Bisharp|Bisharp, F|271\/271
|-damage|p2a: Bisharp|255\/271|[from] Stealth Rock
|turn|17
|
|move|p1a: Metagross|Dynamic Punch|p2a: Bisharp|[miss]
|-miss|p1a: Metagross|p2a: Bisharp
|move|p2a: Bisharp|Knock Off|p1a: Metagross
|-supereffective|p1a: Metagross
|-damage|p1a: Metagross|0 fnt
|-damage|p2a: Bisharp|228\/271|[from] item: Life Orb
|faint|p1a: Metagross
|
|c|âultra ez|yeah ok
|c|âultra ez|hone claws dynamicpunch
|c| uhhh o-ok|LMAAOOOOOO
|c|âultra ez|good set
|c| uhhh o-ok|L M F A O
|
|switch|p1a: Bisharp|Bisharp, M|244\/271
|-damage|p1a: Bisharp|228\/271|[from] Stealth Rock
|turn|18
|
|move|p1a: Bisharp|Low Kick|p2a: Bisharp
|-crit|p2a: Bisharp
|-supereffective|p2a: Bisharp
|-damage|p2a: Bisharp|0 fnt
|-damage|p1a: Bisharp|201\/271|[from] item: Life Orb
|faint|p2a: Bisharp
|
|c| uhhh o-ok|Forty win this tie
|
|switch|p2a: Diancie|Diancie|241\/241
|-damage|p2a: Diancie|211\/241|[from] Stealth Rock
|turn|19
|c| uhhh o-ok|LMAOOOOO
|c| uhhh o-ok|THE
|c| uhhh o-ok|LOW
|
|switch|p1a: Landorus-Therian|Landorus-Therian, M|320\/320
|-damage|p1a: Landorus-Therian|280\/320|[from] Stealth Rock
|-ability|p1a: Landorus-Therian|Intimidate|[of] p2a: Diancie
|-fail|p2a: Diancie|unboost|[from] ability: Clear Body|[of] p2a: Diancie
|detailschange|p2a: Diancie|Diancie-Mega
|-mega|p2a: Diancie|Diancie|Diancite
|move|p2a: Diancie|Earth Power|p1a: Landorus-Therian
|-immune|p1a: Landorus-Therian|[msg]
|
|turn|20
|join|Stupid fuckin bug
|c| uhhh o-ok|KEK
|c|âHellfireNJNP|wow.
|
|move|p2a: Diancie|Protect|p2a: Diancie
|-singleturn|p2a: Diancie|Protect
|move|p1a: Landorus-Therian|U-turn|p2a: Diancie
|-activate|p2a: Diancie|Protect
|
|turn|21
|
|move|p1a: Landorus-Therian|U-turn|p2a: Diancie
|-resisted|p2a: Diancie
|-damage|p2a: Diancie|170\/241
|c| uhhh o-ok|Cm here
|
|switch|p1a: Azumarill|Azumarill, M|180\/342
|-damage|p1a: Azumarill|138\/342|[from] Stealth Rock
|-enditem|p1a: Azumarill|Sitrus Berry|[eat]
|-heal|p1a: Azumarill|223\/342|[from] item: Sitrus Berry
|move|p2a: Diancie|Moonblast|p1a: Azumarill
|-crit|p1a: Azumarill
|-damage|p1a: Azumarill|0 fnt
|faint|p1a: Azumarill
|
|c| uhhh o-ok|Owned
|
|switch|p1a: Landorus-Therian|Landorus-Therian, M|280\/320
|-damage|p1a: Landorus-Therian|240\/320|[from] Stealth Rock
|-ability|p1a: Landorus-Therian|Intimidate|[of] p2a: Diancie
|-unboost|p2a: Diancie|atk|1
|turn|22
|
|switch|p2a: Celebi|Celebi|401\/401
|-damage|p2a: Celebi|351\/401|[from] Stealth Rock
|move|p1a: Landorus-Therian|Earthquake|p2a: Celebi
|-resisted|p2a: Celebi
|-damage|p2a: Celebi|249\/401
|
|-heal|p2a: Celebi|274\/401|[from] item: Leftovers
|turn|23
|
|move|p1a: Landorus-Therian|Earthquake|p2a: Celebi
|-resisted|p2a: Celebi
|-damage|p2a: Celebi|180\/401
|move|p2a: Celebi|Baton Pass|p2a: Celebi
|
|switch|p2a: Diancie|Diancie-Mega|170\/241
|-damage|p2a: Diancie|140\/241|[from] Stealth Rock
|
|turn|24
|join|balanciaga birde
|
|switch|p2a: Celebi|Celebi|180\/401
|-damage|p2a: Celebi|130\/401|[from] Stealth Rock
|move|p1a: Landorus-Therian|Earthquake|p2a: Celebi
|-resisted|p2a: Celebi
|-damage|p2a: Celebi|31\/401
|
|-heal|p2a: Celebi|56\/401|[from] item: Leftovers
|turn|25
|c|âHellfireNJNP|LOL
|c|âHellfireNJNP|im the one who one though.
|c|âHellfireNJNP|ok.
|
|move|p1a: Landorus-Therian|Earthquake|p2a: Celebi
|-crit|p2a: Celebi
|-resisted|p2a: Celebi
|-damage|p2a: Celebi|0 fnt
|faint|p2a: Celebi
|
|
|switch|p2a: Diancie|Diancie-Mega|140\/241
|-damage|p2a: Diancie|110\/241|[from] Stealth Rock
|turn|26
|c| uhhh o-ok|Youre fucking literal shit
|c|âHellfireNJNP|lol
|c|âultra ez|you won against a garbage team
|c| uhhh o-ok|dumbass
|c|âHellfireNJNP|kk
|c|âultra ez|gj
|c|âHellfireNJNP|yall mad :P
|
|move|p1a: Landorus-Therian|Earthquake|p2a: Diancie
|-supereffective|p2a: Diancie
|-damage|p2a: Diancie|0 fnt
|faint|p2a: Diancie
|
|win|HellfireNJNP
|raw|Ladder updating...
|raw|HellfireNJNP's rating: 1598 &rarr; <strong>1622<\/strong><br \/>(+24 for winning)
|raw|ultra ez's rating: 1668 &rarr; <strong>1644<\/strong><br \/>(-24 for losing)
|c|âultra ez|yeah
|c|âultra ez|thats it
|c|âHellfireNJNP|clearly
|leave|ultra ez
|player|p2
|leave|uhhh o-ok