|join|Desabram
|join|ultra ez
|player|p1|Desabram|121
|player|p2|ultra ez|51
|gametype|singles
|gen|6
|tier|OU
|rated
|clearpoke
|poke|p1|Aron, L1, M
|poke|p1|Tyranitar, F
|poke|p1|Tentacruel, F
|poke|p1|Latios, M
|poke|p1|Landorus-Therian, M
|poke|p1|Scizor, M
|poke|p2|Sceptile, M
|poke|p2|Garchomp, F
|poke|p2|Bisharp, F
|poke|p2|Thundurus, M
|poke|p2|Keldeo
|poke|p2|Kyurem-Black
|rule|Swagger Clause: Swagger is banned
|rule|Baton Pass Clause: Limit one PokÃ©mon knowing Baton Pass
|rule|Sleep Clause Mod: Limit one foe put to sleep
|rule|Species Clause: Limit one of each PokÃ©mon
|rule|OHKO Clause: OHKO moves are banned
|rule|Moody Clause: Moody is banned
|rule|Evasion Moves Clause: Evasion moves are banned
|rule|Endless Battle Clause: Forcing endless battles is banned
|rule|HP Percentage Mod: HP is shown in percentages
|teampreview
|
|start
|switch|p1a: Landorus-Therian|Landorus-Therian, M|382\/382
|switch|p2a: Garchomp|Garchomp, F|357\/357
|-ability|p1a: Landorus-Therian|Intimidate|[of] p2a: Garchomp
|-unboost|p2a: Garchomp|atk|1
|turn|1
|
|move|p2a: Garchomp|Stealth Rock|p1a: Landorus-Therian
|-sidestart|p1: Desabram|move: Stealth Rock
|move|p1a: Landorus-Therian|Stealth Rock|p2a: Garchomp
|-sidestart|p2: ultra ez|move: Stealth Rock
|
|turn|2
|
|switch|p2a: Keldeo|Keldeo|323\/323
|-damage|p2a: Keldeo|303\/323|[from] Stealth Rock
|move|p1a: Landorus-Therian|U-turn|p2a: Keldeo
|-resisted|p2a: Keldeo
|-damage|p2a: Keldeo|259\/323
|
|switch|p1a: Tentacruel|Tentacruel, F|364\/364
|-damage|p1a: Tentacruel|319\/364|[from] Stealth Rock
|
|-heal|p1a: Tentacruel|341\/364|[from] item: Black Sludge
|turn|3
|
|switch|p2a: Garchomp|Garchomp, F|357\/357
|-damage|p2a: Garchomp|335\/357|[from] Stealth Rock
|move|p1a: Tentacruel|Rapid Spin|p2a: Garchomp
|-damage|p2a: Garchomp|322\/357
|-damage|p1a: Tentacruel|296\/364|[from] ability: Rough Skin|[of] p2a: Garchomp
|-damage|p1a: Tentacruel|236\/364|[from] item: Rocky Helmet|[of] p2a: Garchomp
|-sideend|p1: Desabram|Stealth Rock|[from] move: Rapid Spin|[of] p1a: Tentacruel
|
|-heal|p1a: Tentacruel|258\/364|[from] item: Black Sludge
|turn|4
|
|move|p2a: Garchomp|Stealth Rock|p1a: Tentacruel
|-sidestart|p1: Desabram|move: Stealth Rock
|move|p1a: Tentacruel|Scald|p2a: Garchomp
|-damage|p2a: Garchomp|228\/357
|
|-heal|p1a: Tentacruel|280\/364|[from] item: Black Sludge
|turn|5
|
|move|p2a: Garchomp|Earthquake|p1a: Tentacruel
|-supereffective|p1a: Tentacruel
|-damage|p1a: Tentacruel|0 fnt
|faint|p1a: Tentacruel
|
|
|switch|p1a: Landorus-Therian|Landorus-Therian, M|382\/382
|-damage|p1a: Landorus-Therian|335\/382|[from] Stealth Rock
|-ability|p1a: Landorus-Therian|Intimidate|[of] p2a: Garchomp
|-unboost|p2a: Garchomp|atk|1
|turn|6
|
|move|p2a: Garchomp|Outrage|p1a: Landorus-Therian
|-crit|p1a: Landorus-Therian
|-damage|p1a: Landorus-Therian|95\/382
|move|p1a: Landorus-Therian|Earthquake|p2a: Garchomp
|-damage|p2a: Garchomp|62\/357
|
|-heal|p1a: Landorus-Therian|118\/382|[from] item: Leftovers
|turn|7
|
|move|p2a: Garchomp|Outrage|p1a: Landorus-Therian
|-damage|p1a: Landorus-Therian|15\/382
|move|p1a: Landorus-Therian|Earthquake|p2a: Garchomp
|-damage|p2a: Garchomp|0 fnt
|faint|p2a: Garchomp
|
|-heal|p1a: Landorus-Therian|38\/382|[from] item: Leftovers
|
|switch|p2a: Sceptile|Sceptile, M|281\/281
|-damage|p2a: Sceptile|246\/281|[from] Stealth Rock
|turn|8
|
|detailschange|p2a: Sceptile|Sceptile-Mega, M
|-mega|p2a: Sceptile|Sceptile|Sceptilite
|move|p2a: Sceptile|Dragon Pulse|p1a: Landorus-Therian
|-damage|p1a: Landorus-Therian|0 fnt
|faint|p1a: Landorus-Therian
|
|
|switch|p1a: Scizor|Scizor, M|344\/344
|-damage|p1a: Scizor|301\/344|[from] Stealth Rock
|turn|9
|
|switch|p2a: Keldeo|Keldeo|259\/323
|-damage|p2a: Keldeo|239\/323|[from] Stealth Rock
|detailschange|p1a: Scizor|Scizor-Mega, M
|-mega|p1a: Scizor|Scizor|Scizorite
|move|p1a: Scizor|Swords Dance|p1a: Scizor
|-boost|p1a: Scizor|atk|2
|
|turn|10
|
|move|p2a: Keldeo|Scald|p1a: Scizor
|-damage|p1a: Scizor|99\/344
|move|p1a: Scizor|Roost|p1a: Scizor
|-heal|p1a: Scizor|271\/344
|
|turn|11
|
|switch|p1a: Latios|Latios, M|302\/302
|-damage|p1a: Latios|265\/302|[from] Stealth Rock
|move|p2a: Keldeo|Scald|p1a: Latios
|-resisted|p1a: Latios
|-damage|p1a: Latios|170\/302
|
|turn|12
|
|switch|p2a: Bisharp|Bisharp, F|271\/271
|-damage|p2a: Bisharp|255\/271|[from] Stealth Rock
|move|p1a: Latios|Defog|p2a: Bisharp
|-unboost|p2a: Bisharp|evasion|1
|-boost|p2a: Bisharp|atk|2|[from] ability: Defiant
|-sideend|p2: ultra ez|Stealth Rock|[from] move: Defog|[of] p2a: Bisharp
|-sideend|p1: Desabram|Stealth Rock|[from] move: Defog|[of] p1a: Latios
|
|turn|13
|
|switch|p1a: Tyranitar|Tyranitar, F|404\/404
|-weather|Sandstorm
|move|p2a: Bisharp|Sucker Punch|p1a: Tyranitar
|-fail|p1a: Tyranitar
|
|-weather|Sandstorm|[upkeep]
|turn|14
|
|move|p2a: Bisharp|Iron Head|p1a: Tyranitar
|-supereffective|p1a: Tyranitar
|-damage|p1a: Tyranitar|0 fnt
|-damage|p2a: Bisharp|228\/271|[from] item: Life Orb
|faint|p1a: Tyranitar
|
|-weather|Sandstorm|[upkeep]
|
|switch|p1a: Aron|Aron, L1, M|12\/12
|turn|15
|
|move|p2a: Bisharp|Iron Head|p1a: Aron
|-activate|p1a: Aron|Sturdy
|-damage|p1a: Aron|1\/12
|-damage|p2a: Bisharp|201\/271|[from] item: Life Orb
|move|p1a: Aron|Endeavor|p2a: Bisharp
|-damage|p2a: Bisharp|1\/271
|-heal|p1a: Aron|12\/12|[from] item: Shell Bell|[of] p2a: Bisharp
|
|-weather|Sandstorm|[upkeep]
|turn|16
|
|switch|p1a: Scizor|Scizor-Mega, M|271\/344
|move|p2a: Bisharp|Iron Head|p1a: Scizor
|-resisted|p1a: Scizor
|-damage|p1a: Scizor|140\/344
|-damage|p2a: Bisharp|0 fnt|[from] item: Life Orb
|faint|p2a: Bisharp
|
|-weather|Sandstorm|[upkeep]
|
|switch|p2a: Keldeo|Keldeo|239\/323
|turn|17
|
|switch|p1a: Latios|Latios, M|170\/302
|move|p2a: Keldeo|Scald|p1a: Latios
|-resisted|p1a: Latios
|-damage|p1a: Latios|76\/302
|-status|p1a: Latios|brn
|
|-weather|Sandstorm|[upkeep]
|-damage|p1a: Latios|58\/302 brn|[from] sandstorm
|-damage|p2a: Keldeo|219\/323|[from] sandstorm
|-damage|p1a: Latios|21\/302 brn|[from] brn
|turn|18
|
|switch|p2a: Kyurem-Black|Kyurem-Black|391\/391
|-ability|p2a: Kyurem-Black|Teravolt
|move|p1a: Latios|Draco Meteor|p2a: Kyurem-Black
|-supereffective|p2a: Kyurem-Black
|-damage|p2a: Kyurem-Black|0 fnt
|-unboost|p1a: Latios|spa|2
|faint|p2a: Kyurem-Black
|
|-weather|Sandstorm|[upkeep]
|-damage|p1a: Latios|3\/302 brn|[from] sandstorm
|-damage|p1a: Latios|0 fnt|[from] brn
|faint|p1a: Latios
|
|switch|p2a: Keldeo|Keldeo|219\/323
|switch|p1a: Aron|Aron, L1, M|12\/12
|turn|19
|
|move|p2a: Keldeo|Scald|p1a: Aron
|-supereffective|p1a: Aron
|-activate|p1a: Aron|Sturdy
|-damage|p1a: Aron|1\/12
|move|p1a: Aron|Endeavor|p2a: Keldeo
|-damage|p2a: Keldeo|1\/323
|-heal|p1a: Aron|12\/12|[from] item: Shell Bell|[of] p2a: Keldeo
|
|-weather|Sandstorm|[upkeep]
|-damage|p2a: Keldeo|0 fnt|[from] sandstorm
|faint|p2a: Keldeo
|
|switch|p2a: Thundurus|Thundurus, M|299\/299
|turn|20
|
|move|p2a: Thundurus|Thunderbolt|p1a: Aron
|-activate|p1a: Aron|Sturdy
|-damage|p1a: Aron|1\/12
|-damage|p2a: Thundurus|270\/299|[from] item: Life Orb
|move|p1a: Aron|Endeavor|p2a: Thundurus
|-damage|p2a: Thundurus|1\/299
|-heal|p1a: Aron|12\/12|[from] item: Shell Bell|[of] p2a: Thundurus
|
|-weather|none
|turn|21
|
|switch|p1a: Scizor|Scizor-Mega, M|140\/344
|move|p2a: Thundurus|Thunderbolt|p1a: Scizor
|-damage|p1a: Scizor|0 fnt
|-damage|p2a: Thundurus|0 fnt|[from] item: Life Orb
|faint|p1a: Scizor
|faint|p2a: Thundurus
|
|
|switch|p2a: Sceptile|Sceptile-Mega, M|246\/281
|switch|p1a: Aron|Aron, L1, M|12\/12
|turn|22
|
|move|p2a: Sceptile|Earthquake|p1a: Aron
|-supereffective|p1a: Aron
|-activate|p1a: Aron|Sturdy
|-damage|p1a: Aron|1\/12
|move|p1a: Aron|Endeavor|p2a: Sceptile
|-damage|p2a: Sceptile|1\/281
|-heal|p1a: Aron|12\/12|[from] item: Shell Bell|[of] p2a: Sceptile
|
|turn|23
|
|move|p2a: Sceptile|Earthquake|p1a: Aron
|-supereffective|p1a: Aron
|-activate|p1a: Aron|Sturdy
|-damage|p1a: Aron|1\/12
|move|p1a: Aron|Aerial Ace|p2a: Sceptile
|-crit|p2a: Sceptile
|-supereffective|p2a: Sceptile
|-damage|p2a: Sceptile|0 fnt
|-heal|p1a: Aron|2\/12|[from] item: Shell Bell|[of] p2a: Sceptile
|faint|p2a: Sceptile
|
|win|Desabram
|raw|Ladder updating...
|raw|Desabram's rating: 1332 &rarr; <strong>1349<\/strong><br \/>(+17 for winning)
|raw|ultra ez's rating: 1288 &rarr; <strong>1266<\/strong><br \/>(-22 for losing)
|leave|ultra ez
|player|p2
|c|âDesabram|gg