|join|Big Jilm
|join|SmashBrosBrawl
|player|p1|Big Jilm|224
|player|p2|SmashBrosBrawl|163
|gametype|singles
|gen|6
|tier|UU
|rule|Sleep Clause Mod: Limit one foe put to sleep
|rule|Species Clause: Limit one of each PokÃ©mon
|rule|OHKO Clause: OHKO moves are banned
|rule|Moody Clause: Moody is banned
|rule|Evasion Moves Clause: Evasion moves are banned
|rule|Endless Battle Clause: Forcing endless battles is banned
|rule|HP Percentage Mod: HP is reported as percentages
|clearpoke
|poke|p1|Nidoqueen, F
|poke|p1|Tornadus, M
|poke|p1|Slowbro, F
|poke|p1|Snorlax, M
|poke|p1|Kingdra, F
|poke|p1|Mienshao, F
|poke|p2|Kingdra, F
|poke|p2|Azelf
|poke|p2|Raikou
|poke|p2|Nidoqueen, F
|poke|p2|Heracross, M
|poke|p2|Victini
|rule|Swagger Clause: Swagger is banned
|rule|Baton Pass Clause: Limit three PokÃ©mon knowing Baton Pass
|teampreview
|chat|Big Jilm|whens your match?
|chat|SmashBrosBrawl|when i want
|
|start
|switch|p1a: is hermit|Slowbro, F|394\/394
|switch|p2a: Raikou|Raikou|322\/322
|-ability|p2a: Raikou|Pressure
|turn|1
|chat|SmashBrosBrawl|.
|chat|SmashBrosBrawl|are u even here
|chat|SmashBrosBrawl|.
|chat|Big Jilm|sry work shit
|
|switch|p1a: s giant rat|Nidoqueen, F|372\/372
|move|p2a: Raikou|Hidden Power|p1a: s giant rat
|-damage|p1a: s giant rat|269\/372
|-damage|p2a: Raikou|290\/322|[from] item: Life Orb
|
|turn|2
|
|switch|p1a: is bear|Snorlax, M|461\/461
|move|p2a: Raikou|Extrasensory|p1a: is bear
|-damage|p1a: is bear|379\/461
|-damage|p2a: Raikou|258\/322|[from] item: Life Orb
|
|turn|3
|
|move|p2a: Raikou|Volt Switch|p1a: is bear
|-damage|p1a: is bear|265\/461
|-damage|p2a: Raikou|226\/322|[from] item: Life Orb
|
|move|p1a: is bear|Pursuit|p2a: Raikou|[from]Pursuit
|-damage|p2a: Raikou|57\/322
|switch|p2a: Victini|Victini|341\/341
|
|turn|4
|
|move|p2a: Victini|V-create|p1a: is bear
|-damage|p1a: is bear|80\/461
|-unboost|p2a: Victini|def|1
|-unboost|p2a: Victini|spd|1
|-unboost|p2a: Victini|spe|1
|-damage|p2a: Victini|307\/341|[from] item: Life Orb
|move|p1a: is bear|Pursuit|p2a: Victini
|-supereffective|p2a: Victini
|-damage|p2a: Victini|107\/341
|
|turn|5
|
|move|p2a: Victini|Psychic|p1a: is bear
|-damage|p1a: is bear|0 fnt
|-damage|p2a: Victini|73\/341|[from] item: Life Orb
|faint|p1a: is bear
|
|
|switch|p1a: is seahorse|Kingdra, F|291\/291
|turn|6
|
|move|p1a: is seahorse|Dragon Pulse|p2a: Victini
|-damage|p2a: Victini|0 fnt
|-damage|p1a: is seahorse|262\/291|[from] item: Life Orb
|faint|p2a: Victini
|
|
|switch|p2a: Azelf|Azelf|354\/354
|turn|7
|raw|<div class="broadcast-blue"><b><font size=1><i>Global declare from a Leader<br \/><\/i><\/font size>There is gunna be a OU Monotype bucks tour in the <button name="joinRoom" value="Monotype">Monotype<\/button> room now! 15 for first and 10 for second<\/b><\/div>
|
|switch|p1a: is genie|Tornadus, M|299\/299
|move|p2a: Azelf|Light Screen|p2a: Azelf
|-sidestart|p2: SmashBrosBrawl|move: Light Screen
|
|turn|8
|
|move|p2a: Azelf|Stealth Rock|p1a: is genie
|-sidestart|p1: Big Jilm|move: Stealth Rock
|move|p1a: is genie|Hurricane|p2a: Azelf
|-damage|p2a: Azelf|193\/354
|-damage|p1a: is genie|270\/299|[from] item: Life Orb
|
|turn|9
|
|move|p2a: Azelf|Reflect|p2a: Azelf
|-sidestart|p2: SmashBrosBrawl|Reflect
|move|p1a: is genie|Hurricane|p2a: Azelf|[miss]
|-miss|p1a: is genie|p2a: Azelf
|
|turn|10
|
|switch|p1a: is hermit|Slowbro, F|394\/394
|-damage|p1a: is hermit|345\/394|[from] Stealth Rock
|move|p2a: Azelf|Taunt|p1a: is hermit
|-start|p1a: is hermit|move: Taunt
|
|turn|11
|
|switch|p2a: Kingdra|Kingdra, F|291\/291
|move|p1a: is hermit|Psyshock|p2a: Kingdra
|-damage|p2a: Kingdra|184\/291
|
|turn|12
|
|move|p2a: Kingdra|Dragon Dance|p2a: Kingdra
|-boost|p2a: Kingdra|atk|1
|-boost|p2a: Kingdra|spe|1
|move|p1a: is hermit|Psyshock|p2a: Kingdra
|-damage|p2a: Kingdra|82\/291
|
|turn|13
|chat|SmashBrosBrawl|omfg
|chat|SmashBrosBrawl|are u serios
|
|move|p2a: Kingdra|Outrage|p1a: is hermit
|-damage|p1a: is hermit|71\/394
|move|p1a: is hermit|Psyshock|p2a: Kingdra
|-damage|p2a: Kingdra|0 fnt
|faint|p2a: Kingdra
|
|-end|p1a: is hermit|move: Taunt
|chat|Big Jilm|specs :]
|
|switch|p2a: Heracross|Heracross, M|302\/302
|turn|14
|
|switch|p1a: s giant rat|Nidoqueen, F|269\/372
|-damage|p1a: s giant rat|246\/372|[from] Stealth Rock
|move|p2a: Heracross|Megahorn|p1a: s giant rat|[miss]
|-miss|p2a: Heracross|p1a: s giant rat
|
|-sideend|p2: SmashBrosBrawl|move: Light Screen
|turn|15
|chat|SmashBrosBrawl|nice
|
|switch|p2a: Azelf|Azelf|193\/354
|move|p1a: s giant rat|Stealth Rock|p2a: Azelf
|-sidestart|p2: SmashBrosBrawl|move: Stealth Rock
|
|turn|16
|
|switch|p1a: is hermit|Slowbro, F|202\/394
|-damage|p1a: is hermit|153\/394|[from] Stealth Rock
|move|p2a: Azelf|Light Screen|p2a: Azelf
|-sidestart|p2: SmashBrosBrawl|move: Light Screen
|
|-sideend|p2: SmashBrosBrawl|Reflect
|turn|17
|
|move|p2a: Azelf|Reflect|p2a: Azelf
|-sidestart|p2: SmashBrosBrawl|Reflect
|move|p1a: is hermit|Trick|p2a: Azelf
|-activate|p1a: is hermit|move: Trick|[of] p2a: Azelf
|-item|p2a: Azelf|Choice Specs|[from] move: Trick
|-item|p1a: is hermit|Light Clay|[from] move: Trick
|
|turn|18
|
|switch|p2a: Raikou|Raikou|57\/322
|-damage|p2a: Raikou|17\/322|[from] Stealth Rock
|-ability|p2a: Raikou|Pressure
|move|p1a: is hermit|Psyshock|p2a: Raikou
|-damage|p2a: Raikou|0 fnt
|faint|p2a: Raikou
|
|
|switch|p2a: Heracross|Heracross, M|302\/302
|-damage|p2a: Heracross|265\/302|[from] Stealth Rock
|turn|19
|chat|SmashBrosBrawl|watch it miss again
|
|switch|p1a: is genie|Tornadus, M|270\/299
|-damage|p1a: is genie|196\/299|[from] Stealth Rock
|move|p2a: Heracross|Megahorn|p1a: is genie
|-resisted|p1a: is genie
|-damage|p1a: is genie|54\/299
|
|turn|20
|
|move|p1a: is genie|Rain Dance|p1a: is genie
|-weather|RainDance
|move|p2a: Heracross|Megahorn|p1a: is genie
|-resisted|p1a: is genie
|-damage|p1a: is genie|0 fnt
|faint|p1a: is genie
|-boost|p2a: Heracross|atk|1|[from] ability: Moxie
|
|-weather|RainDance|[upkeep]
|
|switch|p1a: is cat|Mienshao, F|271\/271
|-damage|p1a: is cat|255\/271|[from] Stealth Rock
|turn|21
|
|move|p1a: is cat|High Jump Kick|p2a: Heracross
|-resisted|p2a: Heracross
|-damage|p2a: Heracross|181\/302
|move|p2a: Heracross|Megahorn|p1a: is cat|[miss]
|-miss|p2a: Heracross|p1a: is cat
|
|-weather|RainDance|[upkeep]
|turn|22
|chat|SmashBrosBrawl|omfg
|chat|SmashBrosBrawl|252+ SpA Life Orb Kingdra Hydro Pump vs. 4 HP \/ 0 SpD Heracross in Rain through Light Screen: 162-191 (53.6 - 63.2%) -- guaranteed 2HKO
|chat|SmashBrosBrawl|i couldve
|chat|SmashBrosBrawl|done this
|chat|SmashBrosBrawl|.......
|chat|Big Jilm|now your in ko range
|chat|Big Jilm|thats all i needed
|chat|SmashBrosBrawl|yeah because i missed
|
|switch|p1a: s giant rat|Nidoqueen, F|246\/372
|-damage|p1a: s giant rat|223\/372|[from] Stealth Rock
|move|p2a: Heracross|Megahorn|p1a: s giant rat
|-resisted|p1a: s giant rat
|-damage|p1a: s giant rat|28\/372
|
|-weather|RainDance|[upkeep]
|turn|23
|
|move|p2a: Heracross|Megahorn|p1a: s giant rat
|-resisted|p1a: s giant rat
|-damage|p1a: s giant rat|0 fnt
|faint|p1a: s giant rat
|-boost|p2a: Heracross|atk|1|[from] ability: Moxie
|
|-weather|RainDance|[upkeep]
|-sideend|p2: SmashBrosBrawl|move: Light Screen
|
|switch|p1a: is seahorse|Kingdra, F|262\/291
|-damage|p1a: is seahorse|226\/291|[from] Stealth Rock
|turn|24
|
|switch|p2a: Azelf|Azelf|193\/354
|-damage|p2a: Azelf|149\/354|[from] Stealth Rock
|move|p1a: is seahorse|Surf|p2a: Azelf
|-damage|p2a: Azelf|0 fnt
|-damage|p1a: is seahorse|197\/291|[from] item: Life Orb
|faint|p2a: Azelf
|
|-weather|none
|-sideend|p2: SmashBrosBrawl|Reflect
|
|switch|p2a: Heracross|Heracross, M|181\/302
|-damage|p2a: Heracross|144\/302|[from] Stealth Rock
|turn|25
|
|switch|p1a: is hermit|Slowbro, F|284\/394
|-damage|p1a: is hermit|235\/394|[from] Stealth Rock
|move|p2a: Heracross|Megahorn|p1a: is hermit
|-supereffective|p1a: is hermit
|-damage|p1a: is hermit|0 fnt
|faint|p1a: is hermit
|-boost|p2a: Heracross|atk|1|[from] ability: Moxie
|
|
|switch|p1a: is cat|Mienshao, F|255\/271
|-damage|p1a: is cat|239\/271|[from] Stealth Rock
|turn|26
|
|move|p1a: is cat|U-turn|p2a: Heracross
|-resisted|p2a: Heracross
|-damage|p2a: Heracross|88\/302
|chat|Big Jilm|gg
|
|switch|p1a: is seahorse|Kingdra, F|197\/291
|-damage|p1a: is seahorse|161\/291|[from] Stealth Rock
|move|p2a: Heracross|Megahorn|p1a: is seahorse
|-crit|p1a: is seahorse
|-damage|p1a: is seahorse|0 fnt
|faint|p1a: is seahorse
|-boost|p2a: Heracross|atk|1|[from] ability: Moxie
|
|chat|SmashBrosBrawl|gg
|
|switch|p1a: is cat|Mienshao, F|239\/271
|-damage|p1a: is cat|223\/271|[from] Stealth Rock
|turn|27
|chat|SmashBrosBrawl|k
|chat|SmashBrosBrawl|if he brings rain
|chat|SmashBrosBrawl|im facked
|
|move|p1a: is cat|High Jump Kick|p2a: Heracross
|-resisted|p2a: Heracross
|-damage|p2a: Heracross|0 fnt
|faint|p2a: Heracross
|
|chat|Big Jilm|beter keep kingdra alive
|
|switch|p2a: Nidoqueen|Nidoqueen, F|366\/366
|-damage|p2a: Nidoqueen|344\/366|[from] Stealth Rock
|turn|28
|
|move|p1a: is cat|High Jump Kick|p2a: Nidoqueen
|-resisted|p2a: Nidoqueen
|-damage|p2a: Nidoqueen|200\/366
|move|p2a: Nidoqueen|Earth Power|p1a: is cat
|-damage|p1a: is cat|0 fnt
|faint|p1a: is cat
|
|win|SmashBrosBrawl
|leave|SmashBrosBrawl
|player|p2
|join|SmashBrosBrawl
|leave|SmashBrosBrawl
|join|SmashBrosBrawl