|join|Big Jilm
|join|Pablo Sanchez
|player|p1|Big Jilm|224
|player|p2|Pablo Sanchez|163
|gametype|singles
|gen|6
|tier|UU
|rated
|rule|Sleep Clause Mod: Limit one foe put to sleep
|rule|Species Clause: Limit one of each PokÃ©mon
|rule|OHKO Clause: OHKO moves are banned
|rule|Moody Clause: Moody is banned
|rule|Evasion Moves Clause: Evasion moves are banned
|rule|Endless Battle Clause: Forcing endless battles is banned
|rule|HP Percentage Mod: HP is reported as percentages
|clearpoke
|poke|p1|Heracross, M
|poke|p1|Nidoqueen, F
|poke|p1|Aerodactyl, F
|poke|p1|Infernape, M
|poke|p1|Jirachi
|poke|p1|Hydreigon, M
|poke|p2|Darmanitan, M
|poke|p2|Shaymin
|poke|p2|Suicune
|poke|p2|Aerodactyl, F
|poke|p2|Hydreigon, M
|poke|p2|Nidoqueen, F
|rule|Swagger Clause: Swagger is banned
|rule|Baton Pass Clause: Limit one PokÃ©mon knowing Baton Pass
|teampreview
|
|start
|switch|p1a: Aerodactyl|Aerodactyl, F|301\/301
|switch|p2a: Nidoqueen|Nidoqueen, F|371\/371
|turn|1
|
|detailschange|p1a: Aerodactyl|Aerodactyl-Mega, F
|message|Aerodactyl has Mega Evolved into Mega Aerodactyl!
|move|p1a: Aerodactyl|Aqua Tail|p2a: Nidoqueen|[miss]
|-miss|p1a: Aerodactyl|p2a: Nidoqueen
|move|p2a: Nidoqueen|Stealth Rock|p1a: Aerodactyl
|-sidestart|p1: Big Jilm|move: Stealth Rock
|
|turn|2
|
|switch|p2a: Suicune|Suicune|404\/404
|-ability|p2a: Suicune|Pressure
|move|p1a: Aerodactyl|Stone Edge|p2a: Suicune|[miss]
|-miss|p1a: Aerodactyl|p2a: Suicune
|
|turn|3
|
|switch|p1a: Heracross|Heracross, M|311\/311
|-damage|p1a: Heracross|273\/311|[from] Stealth Rock
|move|p2a: Suicune|Scald|p1a: Heracross
|-damage|p1a: Heracross|177\/311
|-status|p1a: Heracross|brn
|
|-heal|p1a: Heracross|196\/311 brn|[from] item: Leftovers
|-damage|p1a: Heracross|158\/311 brn|[from] brn
|turn|4
|
|move|p1a: Heracross|Swords Dance|p1a: Heracross
|-boost|p1a: Heracross|atk|2
|move|p2a: Suicune|Scald|p1a: Heracross
|-damage|p1a: Heracross|62\/311 brn
|
|-heal|p1a: Heracross|81\/311 brn|[from] item: Leftovers
|-damage|p1a: Heracross|43\/311 brn|[from] brn
|turn|5
|
|switch|p2a: Shaymin|Shaymin|404\/404
|move|p1a: Heracross|Close Combat|p2a: Shaymin
|-damage|p2a: Shaymin|0 fnt
|-unboost|p1a: Heracross|def|1
|-unboost|p1a: Heracross|spd|1
|faint|p2a: Shaymin
|
|-heal|p1a: Heracross|62\/311 brn|[from] item: Leftovers
|-damage|p1a: Heracross|24\/311 brn|[from] brn
|
|switch|p2a: Hydreigon|Hydreigon, M|325\/325
|turn|6
|
|move|p2a: Hydreigon|U-turn|p1a: Heracross
|-resisted|p1a: Heracross
|-damage|p1a: Heracross|0 fnt
|faint|p1a: Heracross
|
|switch|p2a: Nidoqueen|Nidoqueen, F|371\/371
|
|
|switch|p1a: Nidoqueen|Nidoqueen, F|366\/366
|-damage|p1a: Nidoqueen|344\/366|[from] Stealth Rock
|turn|7
|
|move|p1a: Nidoqueen|Earth Power|p2a: Nidoqueen
|-supereffective|p2a: Nidoqueen
|-damage|p2a: Nidoqueen|0 fnt
|faint|p2a: Nidoqueen
|
|
|switch|p2a: Aerodactyl|Aerodactyl, F|302\/302
|turn|8
|
|detailschange|p2a: Aerodactyl|Aerodactyl-Mega, F
|message|Aerodactyl has Mega Evolved into Mega Aerodactyl!
|move|p2a: Aerodactyl|Stone Edge|p1a: Nidoqueen
|-crit|p1a: Nidoqueen
|-resisted|p1a: Nidoqueen
|-damage|p1a: Nidoqueen|179\/366
|move|p1a: Nidoqueen|Ice Beam|p2a: Aerodactyl
|-supereffective|p2a: Aerodactyl
|-damage|p2a: Aerodactyl|0 fnt
|faint|p2a: Aerodactyl
|
|
|switch|p2a: Suicune|Suicune|404\/404
|-ability|p2a: Suicune|Pressure
|turn|9
|
|move|p1a: Nidoqueen|Sludge Wave|p2a: Suicune
|-damage|p2a: Suicune|212\/404
|move|p2a: Suicune|Calm Mind|p2a: Suicune
|-boost|p2a: Suicune|spa|1
|-boost|p2a: Suicune|spd|1
|
|-heal|p2a: Suicune|237\/404|[from] item: Leftovers
|turn|10
|
|switch|p1a: Infernape|Infernape, M|293\/293
|-damage|p1a: Infernape|257\/293|[from] Stealth Rock
|move|p2a: Suicune|Rest|p2a: Suicune
|-status|p2a: Suicune|slp
|-heal|p2a: Suicune|404\/404 slp|[silent]
|-status|p2a: Suicune|slp|[from] move: Rest
|
|turn|11
|
|move|p1a: Infernape|Nasty Plot|p1a: Infernape
|-boost|p1a: Infernape|spa|2
|cant|p2a: Suicune|slp
|move|p2a: Suicune|Sleep Talk|p2a: Suicune
|move|p2a: Suicune|Calm Mind|p2a: Suicune|[from]Sleep Talk
|-boost|p2a: Suicune|spa|1
|-boost|p2a: Suicune|spd|1
|
|turn|12
|
|move|p1a: Infernape|Grass Knot|p2a: Suicune
|-supereffective|p2a: Suicune
|-damage|p2a: Suicune|160\/404 slp
|-damage|p1a: Infernape|228\/293|[from] item: Life Orb
|cant|p2a: Suicune|slp
|move|p2a: Suicune|Sleep Talk|p2a: Suicune
|move|p2a: Suicune|Scald|p1a: Infernape|[from]Sleep Talk
|-supereffective|p1a: Infernape
|-damage|p1a: Infernape|0 fnt
|faint|p1a: Infernape
|
|-heal|p2a: Suicune|185\/404 slp|[from] item: Leftovers
|
|switch|p1a: Hydreigon|Hydreigon, M|325\/325
|-damage|p1a: Hydreigon|285\/325|[from] Stealth Rock
|turn|13
|
|move|p1a: Hydreigon|Dark Pulse|p2a: Suicune
|-damage|p2a: Suicune|110\/404 slp
|-damage|p1a: Hydreigon|253\/325|[from] item: Life Orb
|-curestatus|p2a: Suicune|slp
|move|p2a: Suicune|Rest|p2a: Suicune
|-status|p2a: Suicune|slp
|-heal|p2a: Suicune|404\/404 slp|[silent]
|-status|p2a: Suicune|slp|[from] move: Rest
|
|turn|14
|
|move|p1a: Hydreigon|Dark Pulse|p2a: Suicune
|-damage|p2a: Suicune|322\/404 slp
|-damage|p1a: Hydreigon|221\/325|[from] item: Life Orb
|cant|p2a: Suicune|slp
|move|p2a: Suicune|Sleep Talk|p2a: Suicune
|move|p2a: Suicune|Rest|p2a: Suicune|[from]Sleep Talk
|-fail|p2a: Suicune
|
|-heal|p2a: Suicune|347\/404 slp|[from] item: Leftovers
|turn|15
|
|move|p1a: Hydreigon|Dark Pulse|p2a: Suicune
|-damage|p2a: Suicune|265\/404 slp
|-damage|p1a: Hydreigon|189\/325|[from] item: Life Orb
|cant|p2a: Suicune|slp
|move|p2a: Suicune|Sleep Talk|p2a: Suicune
|move|p2a: Suicune|Rest|p2a: Suicune|[from]Sleep Talk
|-fail|p2a: Suicune
|
|-heal|p2a: Suicune|290\/404 slp|[from] item: Leftovers
|turn|16
|
|move|p1a: Hydreigon|Dark Pulse|p2a: Suicune
|-damage|p2a: Suicune|203\/404 slp
|-damage|p1a: Hydreigon|157\/325|[from] item: Life Orb
|-curestatus|p2a: Suicune|slp
|move|p2a: Suicune|Calm Mind|p2a: Suicune
|-boost|p2a: Suicune|spa|1
|-boost|p2a: Suicune|spd|1
|
|-heal|p2a: Suicune|228\/404|[from] item: Leftovers
|turn|17
|
|move|p1a: Hydreigon|Dark Pulse|p2a: Suicune
|-damage|p2a: Suicune|164\/404
|-damage|p1a: Hydreigon|125\/325|[from] item: Life Orb
|cant|p2a: Suicune|flinch
|
|-heal|p2a: Suicune|189\/404|[from] item: Leftovers
|turn|18
|
|switch|p1a: Aerodactyl|Aerodactyl-Mega, F|301\/301
|-damage|p1a: Aerodactyl|226\/301|[from] Stealth Rock
|move|p2a: Suicune|Calm Mind|p2a: Suicune
|-boost|p2a: Suicune|spa|1
|-boost|p2a: Suicune|spd|1
|
|-heal|p2a: Suicune|214\/404|[from] item: Leftovers
|turn|19
|
|move|p1a: Aerodactyl|Stone Edge|p2a: Suicune
|-damage|p2a: Suicune|76\/404
|move|p2a: Suicune|Scald|p1a: Aerodactyl
|-supereffective|p1a: Aerodactyl
|-damage|p1a: Aerodactyl|0 fnt
|faint|p1a: Aerodactyl
|
|-heal|p2a: Suicune|101\/404|[from] item: Leftovers
|
|switch|p1a: Jirachi|Jirachi|341\/341
|-damage|p1a: Jirachi|320\/341|[from] Stealth Rock
|turn|20
|
|move|p1a: Jirachi|Iron Head|p2a: Suicune
|-resisted|p2a: Suicune
|-damage|p2a: Suicune|62\/404
|cant|p2a: Suicune|flinch
|
|-heal|p2a: Suicune|87\/404|[from] item: Leftovers
|turn|21
|
|move|p1a: Jirachi|Iron Head|p2a: Suicune
|-resisted|p2a: Suicune
|-damage|p2a: Suicune|46\/404
|move|p2a: Suicune|Rest|p2a: Suicune
|-status|p2a: Suicune|slp
|-heal|p2a: Suicune|404\/404 slp|[silent]
|-status|p2a: Suicune|slp|[from] move: Rest
|
|turn|22
|
|switch|p1a: Hydreigon|Hydreigon, M|125\/325
|-damage|p1a: Hydreigon|85\/325|[from] Stealth Rock
|switch|p2a: Darmanitan|Darmanitan, M|351\/351
|
|turn|23
|
|move|p1a: Hydreigon|Draco Meteor|p2a: Darmanitan
|-damage|p2a: Darmanitan|0 fnt
|-unboost|p1a: Hydreigon|spa|2
|-damage|p1a: Hydreigon|53\/325|[from] item: Life Orb
|faint|p2a: Darmanitan
|
|
|switch|p2a: Hydreigon|Hydreigon, M|325\/325
|turn|24
|
|move|p2a: Hydreigon|U-turn|p1a: Hydreigon
|-supereffective|p1a: Hydreigon
|-damage|p1a: Hydreigon|0 fnt
|faint|p1a: Hydreigon
|
|switch|p2a: Suicune|Suicune|404\/404 slp
|-ability|p2a: Suicune|Pressure
|
|
|switch|p1a: Nidoqueen|Nidoqueen, F|179\/366
|-damage|p1a: Nidoqueen|157\/366|[from] Stealth Rock
|turn|25
|
|switch|p2a: Hydreigon|Hydreigon, M|325\/325
|move|p1a: Nidoqueen|Sludge Wave|p2a: Hydreigon
|-damage|p2a: Hydreigon|74\/325
|
|turn|26
|
|switch|p1a: Jirachi|Jirachi|320\/341
|-damage|p1a: Jirachi|299\/341|[from] Stealth Rock
|move|p2a: Hydreigon|Fire Blast|p1a: Jirachi
|-supereffective|p1a: Jirachi
|-damage|p1a: Jirachi|35\/341
|
|turn|27
|
|switch|p2a: Suicune|Suicune|404\/404 slp
|-ability|p2a: Suicune|Pressure
|move|p1a: Jirachi|U-turn|p2a: Suicune
|-damage|p2a: Suicune|358\/404 slp
|
|switch|p1a: Nidoqueen|Nidoqueen, F|157\/366
|-damage|p1a: Nidoqueen|135\/366|[from] Stealth Rock
|
|-heal|p2a: Suicune|383\/404 slp|[from] item: Leftovers
|turn|28
|
|move|p1a: Nidoqueen|Sludge Wave|p2a: Suicune
|-damage|p2a: Suicune|191\/404 slp
|cant|p2a: Suicune|slp
|move|p2a: Suicune|Sleep Talk|p2a: Suicune
|move|p2a: Suicune|Rest|p2a: Suicune|[from]Sleep Talk
|-fail|p2a: Suicune
|
|-heal|p2a: Suicune|216\/404 slp|[from] item: Leftovers
|turn|29
|
|move|p1a: Nidoqueen|Sludge Wave|p2a: Suicune
|-damage|p2a: Suicune|20\/404 slp
|cant|p2a: Suicune|slp
|move|p2a: Suicune|Sleep Talk|p2a: Suicune
|move|p2a: Suicune|Calm Mind|p2a: Suicune|[from]Sleep Talk
|-boost|p2a: Suicune|spa|1
|-boost|p2a: Suicune|spd|1
|
|-heal|p2a: Suicune|45\/404 slp|[from] item: Leftovers
|turn|30
|
|move|p1a: Nidoqueen|Sludge Wave|p2a: Suicune
|-crit|p2a: Suicune
|-damage|p2a: Suicune|0 fnt
|faint|p2a: Suicune
|
|
|switch|p2a: Hydreigon|Hydreigon, M|74\/325
|turn|31
|
|move|p2a: Hydreigon|Draco Meteor|p1a: Nidoqueen|[miss]
|-miss|p2a: Hydreigon|p1a: Nidoqueen
|move|p1a: Nidoqueen|Sludge Wave|p2a: Hydreigon
|-damage|p2a: Hydreigon|0 fnt
|faint|p2a: Hydreigon
|
|win|Big Jilm
|raw|Ladder updating...
|raw|Big Jilm's rating: 1621 &rarr; <strong>1628<\/strong><br \/>(+7 for winning)
|raw|Pablo Sanchez's rating: 1374 &rarr; <strong>1366<\/strong><br \/>(-8 for losing)
|leave|Pablo Sanchez
|player|p2