|join|Big Jilm
|join|Volbeatdown
|player|p1|Big Jilm|224
|player|p2|Volbeatdown|126
|gametype|singles
|gen|6
|tier|UU
|rated
|rule|Sleep Clause Mod: Limit one foe put to sleep
|rule|Species Clause: Limit one of each PokÃ©mon
|rule|OHKO Clause: OHKO moves are banned
|rule|Moody Clause: Moody is banned
|rule|Evasion Moves Clause: Evasion moves are banned
|rule|Endless Battle Clause: Forcing endless battles is banned
|rule|HP Percentage Mod: HP is shown in percentages
|clearpoke
|poke|p1|Shaymin
|poke|p1|Nidoqueen, F
|poke|p1|Aerodactyl, F
|poke|p1|Lucario, F
|poke|p1|Jirachi, shiny
|poke|p1|Hydreigon, M
|poke|p2|Jirachi
|poke|p2|Dugtrio, M
|poke|p2|Suicune
|poke|p2|Whimsicott, M
|poke|p2|Haxorus, M
|poke|p2|Hydreigon, F
|rule|Swagger Clause: Swagger is banned
|rule|Baton Pass Clause: Limit one PokÃ©mon knowing Baton Pass
|teampreview
|
|start
|switch|p1a: Nidoqueen|Nidoqueen, F|366\/366
|switch|p2a: Jirachi|Jirachi|403\/403
|turn|1
|
|move|p2a: Jirachi|U-turn|p1a: Nidoqueen
|-resisted|p1a: Nidoqueen
|-damage|p1a: Nidoqueen|338\/366
|
|switch|p2a: Whimsicott|Whimsicott, M|322\/322
|move|p1a: Nidoqueen|Stealth Rock|p2a: Whimsicott
|-sidestart|p2: Volbeatdown|move: Stealth Rock
|
|turn|2
|
|switch|p1a: Jirachi|Jirachi, shiny|341\/341
|move|p2a: Whimsicott|U-turn|p1a: Jirachi
|-crit|p1a: Jirachi
|-damage|p1a: Jirachi|289\/341
|
|switch|p2a: Dugtrio|Dugtrio, M|211\/211
|-damage|p2a: Dugtrio|198\/211|[from] Stealth Rock
|
|-heal|p1a: Jirachi|310\/341|[from] item: Leftovers
|turn|3
|
|move|p2a: Dugtrio|Earthquake|p1a: Jirachi
|-supereffective|p1a: Jirachi
|-damage|p1a: Jirachi|0 fnt
|faint|p1a: Jirachi
|
|
|switch|p1a: Aerodactyl|Aerodactyl, F|321\/321
|turn|4
|
|detailschange|p1a: Aerodactyl|Aerodactyl-Mega, F
|message|Aerodactyl has Mega Evolved into Mega Aerodactyl!
|move|p1a: Aerodactyl|Pursuit|p2a: Dugtrio|[from]Pursuit
|-damage|p2a: Dugtrio|0 fnt
|faint|p2a: Dugtrio
|
|
|switch|p2a: Suicune|Suicune|341\/341
|-damage|p2a: Suicune|299\/341|[from] Stealth Rock
|-ability|p2a: Suicune|Pressure
|turn|5
|
|switch|p1a: Shaymin|Shaymin|341\/341
|move|p2a: Suicune|Ice Beam|p1a: Shaymin
|-supereffective|p1a: Shaymin
|-damage|p1a: Shaymin|163\/341
|
|-heal|p2a: Suicune|320\/341|[from] item: Leftovers
|turn|6
|
|switch|p2a: Jirachi|Jirachi|403\/403
|-damage|p2a: Jirachi|378\/403|[from] Stealth Rock
|move|p1a: Shaymin|Seed Flare|p2a: Jirachi
|-resisted|p2a: Jirachi
|-damage|p2a: Jirachi|253\/403
|-unboost|p2a: Jirachi|spd|2
|-damage|p1a: Shaymin|129\/341|[from] item: Life Orb
|
|-heal|p2a: Jirachi|278\/403|[from] item: Leftovers
|turn|7
|
|move|p1a: Shaymin|Synthesis|p1a: Shaymin
|-heal|p1a: Shaymin|299\/341
|move|p2a: Jirachi|Stealth Rock|p1a: Shaymin
|-sidestart|p1: Big Jilm|move: Stealth Rock
|
|-heal|p2a: Jirachi|303\/403|[from] item: Leftovers
|turn|8
|
|move|p1a: Shaymin|Seed Flare|p2a: Jirachi
|-resisted|p2a: Jirachi
|-damage|p2a: Jirachi|73\/403
|-unboost|p2a: Jirachi|spd|2
|-damage|p1a: Shaymin|265\/341|[from] item: Life Orb
|move|p2a: Jirachi|Thunder Wave|p1a: Shaymin
|-status|p1a: Shaymin|par
|
|-heal|p2a: Jirachi|98\/403|[from] item: Leftovers
|turn|9
|
|move|p2a: Jirachi|Iron Head|p1a: Shaymin
|-damage|p1a: Shaymin|169\/341 par
|cant|p1a: Shaymin|flinch
|
|-heal|p2a: Jirachi|123\/403|[from] item: Leftovers
|turn|10
|
|switch|p1a: Nidoqueen|Nidoqueen, F|338\/366
|-damage|p1a: Nidoqueen|316\/366|[from] Stealth Rock
|move|p2a: Jirachi|Iron Head|p1a: Nidoqueen
|-damage|p1a: Nidoqueen|211\/366
|
|-heal|p2a: Jirachi|148\/403|[from] item: Leftovers
|turn|11
|
|switch|p1a: Hydreigon|Hydreigon, M|325\/325
|-damage|p1a: Hydreigon|285\/325|[from] Stealth Rock
|move|p2a: Jirachi|Iron Head|p1a: Hydreigon
|-damage|p1a: Hydreigon|173\/325
|
|-heal|p2a: Jirachi|173\/403|[from] item: Leftovers
|turn|12
|
|switch|p2a: Whimsicott|Whimsicott, M|322\/322
|-damage|p2a: Whimsicott|282\/322|[from] Stealth Rock
|move|p1a: Hydreigon|Dark Pulse|p2a: Whimsicott
|-resisted|p2a: Whimsicott
|-damage|p2a: Whimsicott|219\/322
|
|-heal|p2a: Whimsicott|239\/322|[from] item: Leftovers
|turn|13
|
|switch|p1a: Nidoqueen|Nidoqueen, F|211\/366
|-damage|p1a: Nidoqueen|189\/366|[from] Stealth Rock
|move|p2a: Whimsicott|U-turn|p1a: Nidoqueen
|-crit|p1a: Nidoqueen
|-resisted|p1a: Nidoqueen
|-damage|p1a: Nidoqueen|158\/366
|
|switch|p2a: Suicune|Suicune|320\/341
|-damage|p2a: Suicune|278\/341|[from] Stealth Rock
|-ability|p2a: Suicune|Pressure
|
|-heal|p2a: Suicune|299\/341|[from] item: Leftovers
|turn|14
|
|move|p2a: Suicune|Ice Beam|p1a: Nidoqueen
|-supereffective|p1a: Nidoqueen
|-damage|p1a: Nidoqueen|0 fnt
|faint|p1a: Nidoqueen
|
|-heal|p2a: Suicune|320\/341|[from] item: Leftovers
|
|switch|p1a: Shaymin|Shaymin|169\/341
|-damage|p1a: Shaymin|127\/341|[from] Stealth Rock
|turn|15
|
|switch|p2a: Jirachi|Jirachi|173\/403
|-damage|p2a: Jirachi|148\/403|[from] Stealth Rock
|move|p1a: Shaymin|Synthesis|p1a: Shaymin
|-heal|p1a: Shaymin|297\/341
|
|-heal|p2a: Jirachi|173\/403|[from] item: Leftovers
|turn|16
|
|move|p1a: Shaymin|Earth Power|p2a: Jirachi
|-supereffective|p2a: Jirachi
|-damage|p2a: Jirachi|0 fnt
|-damage|p1a: Shaymin|263\/341|[from] item: Life Orb
|faint|p2a: Jirachi
|
|
|switch|p2a: Haxorus|Haxorus, M|293\/293
|-damage|p2a: Haxorus|257\/293|[from] Stealth Rock
|-ability|p2a: Haxorus|Mold Breaker
|turn|17
|
|move|p1a: Shaymin|Earth Power|p2a: Haxorus
|-damage|p2a: Haxorus|104\/293
|-damage|p1a: Shaymin|229\/341|[from] item: Life Orb
|move|p2a: Haxorus|Poison Jab|p1a: Shaymin
|-supereffective|p1a: Shaymin
|-damage|p1a: Shaymin|0 fnt
|-damage|p2a: Haxorus|75\/293|[from] item: Life Orb
|faint|p1a: Shaymin
|
|
|switch|p1a: Aerodactyl|Aerodactyl-Mega, F|321\/321
|-damage|p1a: Aerodactyl|241\/321|[from] Stealth Rock
|turn|18
|join|The_Milk_Man97
|
|move|p1a: Aerodactyl|Aqua Tail|p2a: Haxorus
|-resisted|p2a: Haxorus
|-damage|p2a: Haxorus|0 fnt
|faint|p2a: Haxorus
|
|
|switch|p2a: Suicune|Suicune|320\/341
|-damage|p2a: Suicune|278\/341|[from] Stealth Rock
|-ability|p2a: Suicune|Pressure
|turn|19
|
|move|p1a: Aerodactyl|Stone Edge|p2a: Suicune
|-damage|p2a: Suicune|103\/341
|move|p2a: Suicune|Ice Beam|p1a: Aerodactyl
|-supereffective|p1a: Aerodactyl
|-damage|p1a: Aerodactyl|57\/321
|
|-heal|p2a: Suicune|124\/341|[from] item: Leftovers
|turn|20
|
|move|p1a: Aerodactyl|Stone Edge|p2a: Suicune
|-damage|p2a: Suicune|0 fnt
|faint|p2a: Suicune
|
|
|switch|p2a: Hydreigon|Hydreigon, F|325\/325
|-damage|p2a: Hydreigon|285\/325|[from] Stealth Rock
|turn|21
|
|move|p2a: Hydreigon|Fire Blast|p1a: Aerodactyl|[miss]
|-miss|p2a: Hydreigon|p1a: Aerodactyl
|move|p1a: Aerodactyl|Stone Edge|p2a: Hydreigon
|-damage|p2a: Hydreigon|78\/325
|
|turn|22
|
|move|p2a: Hydreigon|Fire Blast|p1a: Aerodactyl
|-resisted|p1a: Aerodactyl
|-damage|p1a: Aerodactyl|0 fnt
|faint|p1a: Aerodactyl
|
|
|switch|p1a: Hydreigon|Hydreigon, M|173\/325
|-damage|p1a: Hydreigon|133\/325|[from] Stealth Rock
|turn|23
|
|move|p1a: Hydreigon|U-turn|p2a: Hydreigon
|-supereffective|p2a: Hydreigon
|-damage|p2a: Hydreigon|0 fnt
|faint|p2a: Hydreigon
|
|switch|p1a: Lucario|Lucario, F|281\/281
|-damage|p1a: Lucario|273\/281|[from] Stealth Rock
|
|
|switch|p2a: Whimsicott|Whimsicott, M|239\/322
|-damage|p2a: Whimsicott|199\/322|[from] Stealth Rock
|turn|24
|
|move|p1a: Lucario|Extreme Speed|p2a: Whimsicott
|-crit|p2a: Whimsicott
|-damage|p2a: Whimsicott|3\/322
|-damage|p1a: Lucario|245\/281|[from] item: Life Orb
|move|p2a: Whimsicott|Moonblast|p1a: Lucario
|-damage|p1a: Lucario|118\/281
|
|-heal|p2a: Whimsicott|23\/322|[from] item: Leftovers
|turn|25
|
|move|p1a: Lucario|Extreme Speed|p2a: Whimsicott
|-damage|p2a: Whimsicott|0 fnt
|-damage|p1a: Lucario|90\/281|[from] item: Life Orb
|faint|p2a: Whimsicott
|
|win|Big Jilm
|raw|Ladder updating...
|raw|Big Jilm's rating: 1529 &rarr; <strong>1551<\/strong><br \/>(+22 for winning)
|raw|Volbeatdown's rating: 1557 &rarr; <strong>1536<\/strong><br \/>(-21 for losing)
|leave|Volbeatdown
|player|p2