|join|Big Jilm
|join|500938ful
|player|p1|Big Jilm|224
|player|p2|500938ful|52
|gametype|singles
|gen|6
|tier|UU
|rated
|rule|Sleep Clause Mod: Limit one foe put to sleep
|rule|Species Clause: Limit one of each Pokemon
|rule|OHKO Clause: OHKO moves are banned
|rule|Moody Clause: Moody is banned
|rule|Evasion Moves Clause: Evasion moves are banned
|rule|Endless Battle Clause: Forcing endless battles is banned
|rule|HP Percentage Mod: HP is reported as percentages
|clearpoke
|poke|p1|Heracross, M
|poke|p1|Hydreigon, F
|poke|p1|Nidoqueen, F
|poke|p1|Lucario, M
|poke|p1|Aerodactyl, F
|poke|p1|Staraptor, F
|poke|p2|Roserade, M
|poke|p2|Porygon-Z
|poke|p2|Suicune
|poke|p2|Umbreon, M
|poke|p2|Heracross, M
|poke|p2|Galvantula, F
|rule|Baton Pass Clause: Limit 3 pokemon knowing Baton Pass
|teampreview
|
|start
|switch|p1a: Nidoqueen|Nidoqueen, F|366\/366
|switch|p2a: Suicune|Suicune|404\/404
|-ability|p2a: Suicune|Pressure
|turn|1
|
|move|p1a: Nidoqueen|Stealth Rock|p2a: Suicune
|-sidestart|p2: 500938ful|move: Stealth Rock
|move|p2a: Suicune|Scald|p1a: Nidoqueen
|-supereffective|p1a: Nidoqueen
|-damage|p1a: Nidoqueen|150\/366
|
|turn|2
|
|switch|p1a: Heracross|Heracross, M|311\/311
|move|p2a: Suicune|Scald|p1a: Heracross
|-damage|p1a: Heracross|227\/311
|
|-heal|p1a: Heracross|246\/311|[from] item: Leftovers
|turn|3
|
|move|p1a: Heracross|Swords Dance|p1a: Heracross
|-boost|p1a: Heracross|atk|2
|move|p2a: Suicune|Scald|p1a: Heracross
|-damage|p1a: Heracross|153\/311
|
|-heal|p1a: Heracross|172\/311|[from] item: Leftovers
|turn|4
|
|move|p1a: Heracross|Knock Off|p2a: Suicune
|-damage|p2a: Suicune|230\/404
|-enditem|p2a: Suicune|Chesto Berry|[from] move: Knock Off|[of] p1a: Heracross
|move|p2a: Suicune|Rest|p2a: Suicune
|-status|p2a: Suicune|slp
|-heal|p2a: Suicune|404\/404 slp|[silent]
|-status|p2a: Suicune|slp|[from] move: Rest
|
|-heal|p1a: Heracross|191\/311|[from] item: Leftovers
|turn|5
|chat|500938ful|damn
|
|switch|p2a: Umbreon|Umbreon, M|394\/394
|-damage|p2a: Umbreon|345\/394|[from] Stealth Rock
|move|p1a: Heracross|Swords Dance|p1a: Heracross
|-boost|p1a: Heracross|atk|2
|
|-heal|p1a: Heracross|210\/311|[from] item: Leftovers
|-heal|p2a: Umbreon|369\/394|[from] item: Leftovers
|turn|6
|
|move|p1a: Heracross|Close Combat|p2a: Umbreon
|-supereffective|p2a: Umbreon
|-damage|p2a: Umbreon|0 fnt
|-unboost|p1a: Heracross|def|1
|-unboost|p1a: Heracross|spd|1
|faint|p2a: Umbreon
|
|-heal|p1a: Heracross|229\/311|[from] item: Leftovers
|
|switch|p2a: Porygon-Z|Porygon-Z|312\/312
|-damage|p2a: Porygon-Z|273\/312|[from] Stealth Rock
|turn|7
|
|move|p2a: Porygon-Z|Tri Attack|p1a: Heracross
|-damage|p1a: Heracross|0 fnt
|-damage|p2a: Porygon-Z|242\/312|[from] item: Life Orb
|faint|p1a: Heracross
|
|
|switch|p1a: Staraptor|Staraptor, F|312\/312
|turn|8
|
|switch|p2a: Suicune|Suicune|404\/404 slp
|-damage|p2a: Suicune|354\/404 slp|[from] Stealth Rock
|-ability|p2a: Suicune|Pressure
|move|p1a: Staraptor|Brave Bird|p2a: Suicune
|-damage|p2a: Suicune|105\/404 slp
|-damage|p1a: Staraptor|230\/312|[from] recoil|[of] p2a: Suicune
|
|turn|9
|
|move|p1a: Staraptor|Brave Bird|p2a: Suicune
|-damage|p2a: Suicune|0 fnt
|-damage|p1a: Staraptor|195\/312|[from] recoil|[of] p2a: Suicune
|faint|p2a: Suicune
|
|
|switch|p2a: Roserade|Roserade, M|324\/324
|-damage|p2a: Roserade|284\/324|[from] Stealth Rock
|turn|10
|
|move|p1a: Staraptor|Brave Bird|p2a: Roserade
|-supereffective|p2a: Roserade
|-damage|p2a: Roserade|0 fnt
|-damage|p1a: Staraptor|101\/312|[from] recoil|[of] p2a: Roserade
|faint|p2a: Roserade
|
|
|switch|p2a: Galvantula|Galvantula, F|281\/281
|-damage|p2a: Galvantula|211\/281|[from] Stealth Rock
|turn|11
|
|move|p2a: Galvantula|Volt Switch|p1a: Staraptor
|-supereffective|p1a: Staraptor
|-damage|p1a: Staraptor|0 fnt
|faint|p1a: Staraptor
|chat|500938ful|*facepalm*
|
|switch|p2a: Heracross|Heracross, M|302\/302
|-damage|p2a: Heracross|265\/302|[from] Stealth Rock
|
|-status|p2a: Heracross|brn|[from] item: Flame Orb
|
|switch|p1a: Hydreigon|Hydreigon, F|325\/325
|turn|12
|
|move|p1a: Hydreigon|U-turn|p2a: Heracross
|-resisted|p2a: Heracross
|-damage|p2a: Heracross|233\/302 brn
|
|switch|p1a: Nidoqueen|Nidoqueen, F|150\/366
|move|p2a: Heracross|Megahorn|p1a: Nidoqueen
|-resisted|p1a: Nidoqueen
|-damage|p1a: Nidoqueen|0 fnt
|faint|p1a: Nidoqueen
|
|-damage|p2a: Heracross|196\/302 brn|[from] brn
|
|switch|p1a: Aerodactyl|Aerodactyl, F|331\/331
|turn|13
|
|detailschange|p1a: Aerodactyl|Aerodactyl-Mega, F
|message|Aerodactyl has Mega Evolved into Mega Aerodactyl!
|move|p1a: Aerodactyl|Stone Edge|p2a: Heracross|[miss]
|-miss|p1a: Aerodactyl|p2a: Heracross
|move|p2a: Heracross|Stone Edge|p1a: Aerodactyl
|-supereffective|p1a: Aerodactyl
|-damage|p1a: Aerodactyl|0 fnt
|faint|p1a: Aerodactyl
|
|-damage|p2a: Heracross|159\/302 brn|[from] brn
|chat|500938ful|dat stone miss
|
|switch|p1a: Hydreigon|Hydreigon, F|325\/325
|turn|14
|
|move|p1a: Hydreigon|Dragon Pulse|p2a: Heracross
|-damage|p2a: Heracross|2\/302 brn
|move|p2a: Heracross|Close Combat|p1a: Hydreigon
|-supereffective|p1a: Hydreigon
|-damage|p1a: Hydreigon|0 fnt
|-unboost|p2a: Heracross|def|1
|-unboost|p2a: Heracross|spd|1
|faint|p1a: Hydreigon
|
|-damage|p2a: Heracross|0 fnt|[from] brn
|faint|p2a: Heracross
|
|switch|p2a: Galvantula|Galvantula, F|211\/281
|-damage|p2a: Galvantula|141\/281|[from] Stealth Rock
|switch|p1a: Lucario|Lucario, M|281\/281
|turn|15
|
|move|p1a: Lucario|Extreme Speed|p2a: Galvantula
|-damage|p2a: Galvantula|0 fnt
|-damage|p1a: Lucario|253\/281|[from] item: Life Orb
|faint|p2a: Galvantula
|
|
|switch|p2a: Porygon-Z|Porygon-Z|242\/312
|-damage|p2a: Porygon-Z|203\/312|[from] Stealth Rock
|turn|16
|chat|500938ful|speed tie
|
|move|p2a: Porygon-Z|Psychic|p1a: Lucario
|-damage|p1a: Lucario|46\/281
|-damage|p2a: Porygon-Z|172\/312|[from] item: Life Orb
|move|p1a: Lucario|Close Combat|p2a: Porygon-Z
|-supereffective|p2a: Porygon-Z
|-damage|p2a: Porygon-Z|0 fnt
|-unboost|p1a: Lucario|def|1
|-unboost|p1a: Lucario|spd|1
|-damage|p1a: Lucario|18\/281|[from] item: Life Orb
|faint|p2a: Porygon-Z
|
|win|Big Jilm
|raw|Ladder updating...
|raw|Big Jilm's rating: 1175 &rarr; <strong>1195<\/strong><br \/>(+20 for winning)
|raw|500938ful's rating: 1098 &rarr; <strong>1079<\/strong><br \/>(-19 for losing)
|chat|500938ful|or naw
|chat|Big Jilm|gg
|chat|500938ful|gg
|chat|500938ful|very much gg
|leave|Big Jilm
|player|p1