|join|Bicycle Repair Man
|join|Big Jilm
|player|p1|Bicycle Repair Man|170
|player|p2|Big Jilm|102
|gametype|singles
|gen|6
|tier|UU
|rated
|rule|Sleep Clause Mod: Limit one foe put to sleep
|rule|Species Clause: Limit one of each PokÃ©mon
|rule|OHKO Clause: OHKO moves are banned
|rule|Moody Clause: Moody is banned
|rule|Evasion Moves Clause: Evasion moves are banned
|rule|Endless Battle Clause: Forcing endless battles is banned
|rule|HP Percentage Mod: HP is shown in percentages
|clearpoke
|poke|p1|Gallade, M
|poke|p1|Honchkrow, F
|poke|p1|Mienshao, M
|poke|p1|Empoleon, F
|poke|p1|Espeon, F
|poke|p1|Zygarde
|poke|p2|Gallade, M
|poke|p2|Jirachi
|poke|p2|Zygarde
|poke|p2|Nidoqueen, F
|poke|p2|Hydreigon, F
|poke|p2|Whimsicott, M
|rule|Swagger Clause: Swagger is banned
|rule|Baton Pass Clause: Limit one PokÃ©mon knowing Baton Pass
|teampreview
|
|start
|switch|p1a: Better Hitmonlee|Mienshao, M|271\/271
|switch|p2a: Gallade|Gallade, M|277\/277
|turn|1
|
|detailschange|p2a: Gallade|Gallade-Mega, M
|message|Gallade has Mega Evolved into Mega Gallade!
|move|p1a: Better Hitmonlee|U-turn|p2a: Gallade
|-damage|p2a: Gallade|197\/277
|
|switch|p1a: oh it's a snakeeee|Zygarde|358\/358
|-ability|p1a: oh it's a snakeeee|Aura Break
|move|p2a: Gallade|Zen Headbutt|p1a: oh it's a snakeeee
|-damage|p1a: oh it's a snakeeee|216\/358
|
|turn|2
|
|move|p2a: Gallade|Close Combat|p1a: oh it's a snakeeee
|-damage|p1a: oh it's a snakeeee|3\/358
|-unboost|p2a: Gallade|def|1
|-unboost|p2a: Gallade|spd|1
|move|p1a: oh it's a snakeeee|Dragon Dance|p1a: oh it's a snakeeee
|-boost|p1a: oh it's a snakeeee|atk|1
|-boost|p1a: oh it's a snakeeee|spe|1
|
|turn|3
|
|switch|p2a: Hydreigon|Hydreigon, F|325\/325
|move|p1a: oh it's a snakeeee|Extreme Speed|p2a: Hydreigon
|-damage|p2a: Hydreigon|179\/325
|
|turn|4
|
|move|p1a: oh it's a snakeeee|Extreme Speed|p2a: Hydreigon
|-damage|p2a: Hydreigon|28\/325
|move|p2a: Hydreigon|Dark Pulse|p1a: oh it's a snakeeee
|-damage|p1a: oh it's a snakeeee|0 fnt
|-damage|p2a: Hydreigon|0 fnt|[from] item: Life Orb
|faint|p1a: oh it's a snakeeee
|faint|p2a: Hydreigon
|
|
|switch|p1a: Roark Crits Me|Espeon, F|334\/334
|switch|p2a: Gallade|Gallade-Mega, M|197\/277
|turn|5
|
|move|p2a: Gallade|Knock Off|p1a: Roark Crits Me
|-supereffective|p1a: Roark Crits Me
|-damage|p1a: Roark Crits Me|0 fnt
|-enditem|p1a: Roark Crits Me|Light Clay|[from] move: Knock Off|[of] p2a: Gallade
|faint|p1a: Roark Crits Me
|
|
|switch|p1a: Better Hitmonlee|Mienshao, M|271\/271
|turn|6
|
|move|p1a: Better Hitmonlee|U-turn|p2a: Gallade
|-damage|p2a: Gallade|111\/277
|
|switch|p1a: Seals scare me|Empoleon, F|372\/372
|move|p2a: Gallade|Close Combat|p1a: Seals scare me
|-supereffective|p1a: Seals scare me
|-damage|p1a: Seals scare me|0 fnt
|-unboost|p2a: Gallade|def|1
|-unboost|p2a: Gallade|spd|1
|faint|p1a: Seals scare me
|
|
|switch|p1a: TheSlayerOfRule34|Gallade, M|278\/278
|turn|7
|
|detailschange|p1a: TheSlayerOfRule34|Gallade-Mega, M
|message|Gallade has Mega Evolved into Mega Gallade!
|move|p2a: Gallade|Zen Headbutt|p1a: TheSlayerOfRule34|[miss]
|-miss|p2a: Gallade|p1a: TheSlayerOfRule34
|move|p1a: TheSlayerOfRule34|Substitute|p1a: TheSlayerOfRule34
|-start|p1a: TheSlayerOfRule34|Substitute
|-damage|p1a: TheSlayerOfRule34|209\/278
|
|turn|8
|
|move|p2a: Gallade|Knock Off|p1a: TheSlayerOfRule34
|-end|p1a: TheSlayerOfRule34|Substitute
|move|p1a: TheSlayerOfRule34|Ice Punch|p2a: Gallade
|-damage|p2a: Gallade|0 fnt
|faint|p2a: Gallade
|
|
|switch|p2a: Zygarde|Zygarde|358\/358
|-ability|p2a: Zygarde|Aura Break
|turn|9
|
|move|p2a: Zygarde|Extreme Speed|p1a: TheSlayerOfRule34
|-damage|p1a: TheSlayerOfRule34|118\/278
|move|p1a: TheSlayerOfRule34|Ice Punch|p2a: Zygarde
|-supereffective|p2a: Zygarde
|-damage|p2a: Zygarde|10\/358
|
|turn|10
|
|move|p2a: Zygarde|Extreme Speed|p1a: TheSlayerOfRule34
|-damage|p1a: TheSlayerOfRule34|29\/278
|move|p1a: TheSlayerOfRule34|Ice Punch|p2a: Zygarde
|-supereffective|p2a: Zygarde
|-damage|p2a: Zygarde|0 fnt
|faint|p2a: Zygarde
|
|
|switch|p2a: Whimsicott|Whimsicott, M|261\/261
|turn|11
|
|move|p2a: Whimsicott|Moonblast|p1a: TheSlayerOfRule34
|-supereffective|p1a: TheSlayerOfRule34
|-damage|p1a: TheSlayerOfRule34|0 fnt
|-damage|p2a: Whimsicott|235\/261|[from] item: Life Orb
|faint|p1a: TheSlayerOfRule34
|
|
|switch|p1a: Better Hitmonlee|Mienshao, M|271\/271
|turn|12
|
|move|p1a: Better Hitmonlee|Poison Jab|p2a: Whimsicott
|-supereffective|p2a: Whimsicott
|-damage|p2a: Whimsicott|0 fnt
|faint|p2a: Whimsicott
|
|
|switch|p2a: Nidoqueen|Nidoqueen, F|366\/366
|turn|13
|
|switch|p1a: Don Corleone|Honchkrow, F|341\/341
|move|p2a: Nidoqueen|Ice Beam|p1a: Don Corleone
|-supereffective|p1a: Don Corleone
|-damage|p1a: Don Corleone|0 fnt
|faint|p1a: Don Corleone
|
|
|switch|p1a: Better Hitmonlee|Mienshao, M|271\/271
|turn|14
|
|move|p1a: Better Hitmonlee|High Jump Kick|p2a: Nidoqueen
|-resisted|p2a: Nidoqueen
|-damage|p2a: Nidoqueen|209\/366
|move|p2a: Nidoqueen|Sludge Wave|p1a: Better Hitmonlee
|-damage|p1a: Better Hitmonlee|0 fnt
|faint|p1a: Better Hitmonlee
|
|win|Big Jilm
|raw|Ladder updating...
|raw|Bicycle Repair Man's rating: 1470 &rarr; <strong>1451<\/strong><br \/>(-19 for losing)
|raw|Big Jilm's rating: 1501 &rarr; <strong>1519<\/strong><br \/>(+18 for winning)
|leave|Bicycle Repair Man
|player|p1