|join|Big Jilm
|join|wholewheatie
|player|p1|Big Jilm|224
|player|p2|wholewheatie|163
|gametype|singles
|gen|6
|tier|UU
|rated
|rule|Sleep Clause Mod: Limit one foe put to sleep
|rule|Species Clause: Limit one of each PokÃ©mon
|rule|OHKO Clause: OHKO moves are banned
|rule|Moody Clause: Moody is banned
|rule|Evasion Moves Clause: Evasion moves are banned
|rule|Endless Battle Clause: Forcing endless battles is banned
|rule|HP Percentage Mod: HP is reported as percentages
|clearpoke
|poke|p1|Haxorus, F
|poke|p1|Alakazam, F
|poke|p1|Heracross, M
|poke|p1|Lucario, F
|poke|p1|Nidoqueen, F
|poke|p1|Aerodactyl, F
|poke|p2|Milotic, F
|poke|p2|Forretress, M
|poke|p2|Toxicroak, F
|poke|p2|Shaymin
|poke|p2|Azelf
|poke|p2|Houndoom, F
|rule|Swagger Clause: Swagger is banned
|rule|Baton Pass Clause: Limit one PokÃ©mon knowing Baton Pass
|teampreview
|
|start
|switch|p1a: Aerodactyl|Aerodactyl, F|336\/336
|switch|p2a: Forretress|Forretress, M|354\/354
|turn|1
|
|detailschange|p1a: Aerodactyl|Aerodactyl-Mega, F
|message|Aerodactyl has Mega Evolved into Mega Aerodactyl!
|move|p1a: Aerodactyl|Aqua Tail|p2a: Forretress
|-damage|p2a: Forretress|274\/354
|move|p2a: Forretress|Gyro Ball|p1a: Aerodactyl
|-supereffective|p1a: Aerodactyl
|-damage|p1a: Aerodactyl|12\/336
|
|-heal|p2a: Forretress|296\/354|[from] item: Leftovers
|turn|2
|
|switch|p1a: Nidoqueen|Nidoqueen, F|366\/366
|move|p2a: Forretress|Stealth Rock|p1a: Nidoqueen
|-sidestart|p1: Big Jilm|move: Stealth Rock
|
|-heal|p2a: Forretress|318\/354|[from] item: Leftovers
|turn|3
|
|switch|p2a: Milotic|Milotic, F|394\/394
|move|p1a: Nidoqueen|Stealth Rock|p2a: Milotic
|-sidestart|p2: wholewheatie|move: Stealth Rock
|
|turn|4
|
|switch|p1a: Heracross|Heracross, M|311\/311
|-damage|p1a: Heracross|273\/311|[from] Stealth Rock
|move|p2a: Milotic|Scald|p1a: Heracross
|-damage|p1a: Heracross|174\/311
|
|-heal|p1a: Heracross|193\/311|[from] item: Leftovers
|turn|5
|
|move|p1a: Heracross|Swords Dance|p1a: Heracross
|-boost|p1a: Heracross|atk|2
|move|p2a: Milotic|Scald|p1a: Heracross
|-damage|p1a: Heracross|90\/311
|-status|p1a: Heracross|brn
|
|-heal|p1a: Heracross|109\/311 brn|[from] item: Leftovers
|-damage|p1a: Heracross|71\/311 brn|[from] brn
|turn|6
|
|move|p1a: Heracross|Close Combat|p2a: Milotic
|-damage|p2a: Milotic|0 fnt
|-unboost|p1a: Heracross|def|1
|-unboost|p1a: Heracross|spd|1
|faint|p2a: Milotic
|
|-heal|p1a: Heracross|90\/311 brn|[from] item: Leftovers
|-damage|p1a: Heracross|52\/311 brn|[from] brn
|
|switch|p2a: Azelf|Azelf|291\/291
|-damage|p2a: Azelf|255\/291|[from] Stealth Rock
|turn|7
|
|switch|p1a: Aerodactyl|Aerodactyl-Mega, F|12\/336
|-damage|p1a: Aerodactyl|0 fnt|[from] Stealth Rock
|faint|p1a: Aerodactyl
|move|p2a: Azelf|Psychic|p1: Aerodactyl|[notarget]
|-notarget
|
|
|switch|p1a: Alakazam|Alakazam, F|252\/252
|turn|8
|
|switch|p2a: Toxicroak|Toxicroak, F|366\/366
|-damage|p2a: Toxicroak|344\/366|[from] Stealth Rock
|move|p1a: Alakazam|Shadow Ball|p2a: Toxicroak
|-damage|p2a: Toxicroak|247\/366
|
|turn|9
|
|move|p1a: Alakazam|Psyshock|p2a: Toxicroak
|-supereffective|p2a: Toxicroak
|-damage|p2a: Toxicroak|0 fnt
|faint|p2a: Toxicroak
|
|
|switch|p2a: Houndoom|Houndoom, F|292\/292
|-damage|p2a: Houndoom|219\/292|[from] Stealth Rock
|turn|10
|
|detailschange|p2a: Houndoom|Houndoom-Mega, F
|message|Houndoom has Mega Evolved into Mega Houndoom!
|move|p1a: Alakazam|Dazzling Gleam|p2a: Houndoom
|-damage|p2a: Houndoom|114\/292
|move|p2a: Houndoom|Dark Pulse|p1a: Alakazam
|-supereffective|p1a: Alakazam
|-enditem|p1a: Alakazam|Focus Sash
|-damage|p1a: Alakazam|1\/252
|
|turn|11
|
|move|p1a: Alakazam|Dazzling Gleam|p2a: Houndoom
|-damage|p2a: Houndoom|12\/292
|move|p2a: Houndoom|Dark Pulse|p1a: Alakazam
|-supereffective|p1a: Alakazam
|-damage|p1a: Alakazam|0 fnt
|faint|p1a: Alakazam
|
|
|switch|p1a: Haxorus|Haxorus, F|297\/297
|-damage|p1a: Haxorus|260\/297|[from] Stealth Rock
|-ability|p1a: Haxorus|Mold Breaker
|turn|12
|
|move|p2a: Houndoom|Dark Pulse|p1a: Haxorus
|-crit|p1a: Haxorus
|-damage|p1a: Haxorus|0 fnt
|faint|p1a: Haxorus
|
|
|switch|p1a: Lucario|Lucario, F|281\/281
|-damage|p1a: Lucario|273\/281|[from] Stealth Rock
|turn|13
|
|move|p1a: Lucario|Extreme Speed|p2a: Houndoom
|-damage|p2a: Houndoom|0 fnt
|-damage|p1a: Lucario|245\/281|[from] item: Life Orb
|faint|p2a: Houndoom
|
|
|switch|p2a: Azelf|Azelf|255\/291
|-damage|p2a: Azelf|219\/291|[from] Stealth Rock
|turn|14
|
|move|p2a: Azelf|Fire Blast|p1a: Lucario
|-supereffective|p1a: Lucario
|-damage|p1a: Lucario|0 fnt
|faint|p1a: Lucario
|
|
|switch|p1a: Nidoqueen|Nidoqueen, F|366\/366
|-damage|p1a: Nidoqueen|344\/366|[from] Stealth Rock
|turn|15
|
|switch|p2a: Forretress|Forretress, M|318\/354
|-damage|p2a: Forretress|274\/354|[from] Stealth Rock
|move|p1a: Nidoqueen|Sludge Wave|p2a: Forretress
|-immune|p2a: Forretress|[msg]
|
|-heal|p2a: Forretress|296\/354|[from] item: Leftovers
|turn|16
|
|move|p1a: Nidoqueen|Earth Power|p2a: Forretress
|-damage|p2a: Forretress|0 fnt
|faint|p2a: Forretress
|
|
|switch|p2a: Azelf|Azelf|219\/291
|-damage|p2a: Azelf|183\/291|[from] Stealth Rock
|turn|17
|
|move|p2a: Azelf|Psychic|p1a: Nidoqueen
|-supereffective|p1a: Nidoqueen
|-damage|p1a: Nidoqueen|0 fnt
|faint|p1a: Nidoqueen
|
|
|switch|p1a: Heracross|Heracross, M|52\/311 brn
|-damage|p1a: Heracross|14\/311 brn|[from] Stealth Rock
|turn|18
|chat|wholewheatie|gg
|
|move|p2a: Azelf|Psychic|p1a: Heracross
|-supereffective|p1a: Heracross
|-damage|p1a: Heracross|0 fnt
|faint|p1a: Heracross
|
|win|wholewheatie
|raw|Ladder updating...
|raw|Big Jilm's rating: 1618 &rarr; <strong>1586<\/strong><br \/>(-32 for losing)
|raw|wholewheatie's rating: 1363 &rarr; <strong>1396<\/strong><br \/>(+33 for winning)
|chat|wholewheatie|got a lucky crit
|leave|Big Jilm
|player|p1