|join|RMC2
|join|iamthemexican
|player|p1|RMC2|1
|player|p2|iamthemexican|221
|gametype|singles
|gen|6
|tier|UU
|rated
|rule|Sleep Clause Mod: Limit one foe put to sleep
|rule|Species Clause: Limit one of each PokÃ©mon
|rule|OHKO Clause: OHKO moves are banned
|rule|Moody Clause: Moody is banned
|rule|Evasion Moves Clause: Evasion moves are banned
|rule|Endless Battle Clause: Forcing endless battles is banned
|rule|HP Percentage Mod: HP is shown in percentages
|clearpoke
|poke|p1|Crobat, M
|poke|p1|Aggron, M
|poke|p1|Tangela, M
|poke|p1|Starmie
|poke|p1|Arcanine, M
|poke|p1|Florges, F
|poke|p2|Beedrill, M, shiny
|poke|p2|Rotom-Heat, shiny
|poke|p2|Milotic, F, shiny
|poke|p2|Porygon-Z, shiny
|poke|p2|Honchkrow, M, shiny
|poke|p2|Donphan, M, shiny
|rule|Swagger Clause: Swagger is banned
|rule|Baton Pass Clause: Limit one PokÃ©mon knowing Baton Pass
|teampreview
|
|start
|switch|p1a: Starmie|Starmie|324\/324
|switch|p2a: ShinoBeentrill|Beedrill, M, shiny|272\/272
|turn|1
|
|detailschange|p2a: ShinoBeentrill|Beedrill-Mega, M, shiny
|-mega|p2a: ShinoBeentrill|Beedrill|Beedrillite
|move|p1a: Starmie|Psyshock|p2a: ShinoBeentrill
|-supereffective|p2a: ShinoBeentrill
|-damage|p2a: ShinoBeentrill|0 fnt
|faint|p2a: ShinoBeentrill
|
|
|switch|p2a: GlitchXCity|Porygon-Z, shiny|312\/312
|turn|2
|
|switch|p1a: Florges|Florges, F|360\/360
|move|p2a: GlitchXCity|Tri Attack|p1a: Florges
|-damage|p1a: Florges|230\/360
|
|-heal|p1a: Florges|252\/360|[from] item: Leftovers
|turn|3
|
|switch|p2a: Zanzibar|Donphan, M, shiny|384\/384
|move|p1a: Florges|Wish|p1a: Florges
|
|-heal|p1a: Florges|274\/360|[from] item: Leftovers
|turn|4
|
|move|p1a: Florges|Moonblast|p2a: Zanzibar
|-damage|p2a: Zanzibar|191\/384
|-unboost|p2a: Zanzibar|spa|1
|move|p2a: Zanzibar|Knock Off|p1a: Florges
|-resisted|p1a: Florges
|-damage|p1a: Florges|215\/360
|-enditem|p1a: Florges|Leftovers|[from] move: Knock Off|[of] p2a: Zanzibar
|
|-heal|p1a: Florges|360\/360|[from] move: Wish|[wisher] Florges
|-heal|p2a: Zanzibar|215\/384|[from] item: Leftovers
|turn|5
|
|move|p1a: Florges|Moonblast|p2a: Zanzibar
|-damage|p2a: Zanzibar|34\/384
|-unboost|p2a: Zanzibar|spa|1
|move|p2a: Zanzibar|Earthquake|p1a: Florges
|-damage|p1a: Florges|179\/360
|
|-heal|p2a: Zanzibar|58\/384|[from] item: Leftovers
|turn|6
|
|switch|p2a: Iggy|Milotic, F, shiny|394\/394
|move|p1a: Florges|Moonblast|p2a: Iggy
|-damage|p2a: Iggy|310\/394
|
|-heal|p2a: Iggy|334\/394|[from] item: Leftovers
|turn|7
|
|move|p2a: Iggy|Toxic|p1a: Florges
|-status|p1a: Florges|tox
|move|p1a: Florges|Wish|p1a: Florges
|
|-heal|p2a: Iggy|358\/394|[from] item: Leftovers
|-damage|p1a: Florges|157\/360 tox|[from] psn
|turn|8
|
|move|p2a: Iggy|Scald|p1a: Florges
|-damage|p1a: Florges|96\/360 tox
|move|p1a: Florges|Heal Bell|p1a: Florges
|-cureteam|p1a: Florges|[from] move: HealBell
|
|-heal|p1a: Florges|276\/360|[from] move: Wish|[wisher] Florges
|-heal|p2a: Iggy|382\/394|[from] item: Leftovers
|turn|9
|
|switch|p1a: Tangela|Tangela, M|334\/334
|move|p2a: Iggy|Scald|p1a: Tangela
|-resisted|p1a: Tangela
|-damage|p1a: Tangela|283\/334
|-status|p1a: Tangela|brn
|
|-heal|p2a: Iggy|394\/394|[from] item: Leftovers
|-damage|p1a: Tangela|242\/334 brn|[from] brn
|turn|10
|
|switch|p2a: Heated|Rotom-Heat, shiny|304\/304
|move|p1a: Tangela|Sleep Powder|p2a: Heated
|-status|p2a: Heated|slp
|
|-damage|p1a: Tangela|201\/334 brn|[from] brn
|turn|11
|
|switch|p1a: Arcanine|Arcanine, M|384\/384
|-ability|p1a: Arcanine|Intimidate|[of] p2a: Heated
|-unboost|p2a: Heated|atk|1
|cant|p2a: Heated|slp
|
|turn|12
|
|move|p1a: Arcanine|Crunch|p2a: Heated
|-damage|p2a: Heated|252\/304 slp
|cant|p2a: Heated|slp
|
|-heal|p2a: Heated|271\/304 slp|[from] item: Leftovers
|turn|13
|
|move|p1a: Arcanine|Crunch|p2a: Heated
|-damage|p2a: Heated|223\/304 slp
|-curestatus|p2a: Heated|slp
|move|p2a: Heated|Volt Switch|p1a: Arcanine
|-damage|p1a: Arcanine|315\/384
|
|switch|p2a: GlitchXCity|Porygon-Z, shiny|312\/312
|
|-heal|p1a: Arcanine|339\/384|[from] item: Leftovers
|turn|14
|
|switch|p1a: Florges|Florges, F|276\/360
|move|p2a: GlitchXCity|Tri Attack|p1a: Florges
|-damage|p1a: Florges|142\/360
|
|turn|15
|
|move|p2a: GlitchXCity|Tri Attack|p1a: Florges
|-damage|p1a: Florges|14\/360
|move|p1a: Florges|Wish|p1a: Florges
|
|turn|16
|
|switch|p2a: P1mpKrow|Honchkrow, M, shiny|342\/342
|move|p1a: Florges|Protect|p1a: Florges
|-fail|p1a: Florges
|
|-heal|p1a: Florges|194\/360|[from] move: Wish|[wisher] Florges
|turn|17
|
|switch|p1a: Tangela|Tangela, M|312\/334 brn
|move|p2a: P1mpKrow|Brave Bird|p1a: Tangela
|-supereffective|p1a: Tangela
|-damage|p1a: Tangela|75\/334 brn
|-damage|p2a: P1mpKrow|264\/342|[from] recoil|[of] p1a: Tangela
|-damage|p2a: P1mpKrow|230\/342|[from] item: Life Orb
|
|-damage|p1a: Tangela|34\/334 brn|[from] brn
|turn|18
|
|switch|p1a: Aggron|Aggron, M|344\/344
|move|p2a: P1mpKrow|Brave Bird|p1a: Aggron
|-resisted|p1a: Aggron
|-damage|p1a: Aggron|301\/344
|-damage|p2a: P1mpKrow|216\/342|[from] recoil|[of] p1a: Aggron
|-damage|p2a: P1mpKrow|182\/342|[from] item: Life Orb
|
|turn|19
|
|switch|p2a: Zanzibar|Donphan, M, shiny|58\/384
|detailschange|p1a: Aggron|Aggron-Mega, M
|-mega|p1a: Aggron|Aggron|Aggronite
|move|p1a: Aggron|Stealth Rock|p2a: Zanzibar
|-sidestart|p2: iamthemexican|move: Stealth Rock
|
|-heal|p2a: Zanzibar|82\/384|[from] item: Leftovers
|turn|20
|
|move|p1a: Aggron|Iron Head|p2a: Zanzibar
|-damage|p2a: Zanzibar|0 fnt
|faint|p2a: Zanzibar
|
|
|switch|p2a: Heated|Rotom-Heat, shiny|223\/304
|-damage|p2a: Heated|147\/304|[from] Stealth Rock
|turn|21
|
|switch|p1a: Arcanine|Arcanine, M|339\/384
|-ability|p1a: Arcanine|Intimidate|[of] p2a: Heated
|-unboost|p2a: Heated|atk|1
|move|p2a: Heated|Overheat|p1a: Arcanine
|-resisted|p1a: Arcanine
|-damage|p1a: Arcanine|267\/384
|-unboost|p2a: Heated|spa|2
|
|-heal|p1a: Arcanine|291\/384|[from] item: Leftovers
|-heal|p2a: Heated|166\/304|[from] item: Leftovers
|turn|22
|
|move|p1a: Arcanine|Crunch|p2a: Heated
|-damage|p2a: Heated|120\/304
|move|p2a: Heated|Volt Switch|p1a: Arcanine
|-damage|p1a: Arcanine|258\/384
|
|switch|p2a: Iggy|Milotic, F, shiny|394\/394
|-damage|p2a: Iggy|345\/394|[from] Stealth Rock
|
|-heal|p1a: Arcanine|282\/384|[from] item: Leftovers
|-heal|p2a: Iggy|369\/394|[from] item: Leftovers
|turn|23
|
|move|p1a: Arcanine|Toxic|p2a: Iggy
|-status|p2a: Iggy|tox
|move|p2a: Iggy|Scald|p1a: Arcanine
|-supereffective|p1a: Arcanine
|-damage|p1a: Arcanine|130\/384
|
|-heal|p1a: Arcanine|154\/384|[from] item: Leftovers
|-heal|p2a: Iggy|393\/394 tox|[from] item: Leftovers
|-damage|p2a: Iggy|369\/394 tox|[from] psn
|turn|24
|
|move|p1a: Arcanine|Morning Sun|p1a: Arcanine
|-heal|p1a: Arcanine|346\/384
|move|p2a: Iggy|Scald|p1a: Arcanine
|-supereffective|p1a: Arcanine
|-damage|p1a: Arcanine|194\/384
|
|-heal|p1a: Arcanine|218\/384|[from] item: Leftovers
|-heal|p2a: Iggy|393\/394 tox|[from] item: Leftovers
|-damage|p2a: Iggy|345\/394 tox|[from] psn
|turn|25
|leave|iamthemexican
|player|p2
|-message|iamthemexican lost due to inactivity.
|
|win|RMC2
|raw|Ladder updating...
|raw|RMC2's rating: 1305 &rarr; <strong>1320<\/strong><br \/>(+15 for winning)
|raw|iamthemexican's rating: 1218 &rarr; <strong>1199<\/strong><br \/>(-19 for losing)