|join|RMC2
|join|thevarosk
|player|p1|RMC2|102
|player|p2|thevarosk|153
|gametype|singles
|gen|6
|tier|UU
|rated
|rule|Sleep Clause Mod: Limit one foe put to sleep
|rule|Species Clause: Limit one of each PokÃ©mon
|rule|OHKO Clause: OHKO moves are banned
|rule|Moody Clause: Moody is banned
|rule|Evasion Moves Clause: Evasion moves are banned
|rule|Endless Battle Clause: Forcing endless battles is banned
|rule|HP Percentage Mod: HP is shown in percentages
|clearpoke
|poke|p1|Crobat, M
|poke|p1|Aggron, M
|poke|p1|Tangela, M
|poke|p1|Starmie
|poke|p1|Arcanine, M
|poke|p1|Florges, F
|poke|p2|Empoleon, M
|poke|p2|Shaymin
|poke|p2|Arcanine, M
|poke|p2|Krookodile, M
|poke|p2|Noivern, F
|poke|p2|Sharpedo, M
|rule|Swagger Clause: Swagger is banned
|rule|Baton Pass Clause: Limit one PokÃ©mon knowing Baton Pass
|teampreview
|
|start
|switch|p1a: Aggron|Aggron, M|344\/344
|switch|p2a: Noivern|Noivern, F|312\/312
|-item|p1a: Aggron|Aggronite|[from] ability: Frisk|[of] p2a: Noivern|[identify]
|turn|1
|
|switch|p2a: Empoleon|Empoleon, M|372\/372
|detailschange|p1a: Aggron|Aggron-Mega, M
|-mega|p1a: Aggron|Aggron|Aggronite
|move|p1a: Aggron|Thunder Wave|p2a: Empoleon
|-status|p2a: Empoleon|par
|
|turn|2
|
|move|p1a: Aggron|Earthquake|p2a: Empoleon
|-supereffective|p2a: Empoleon
|-damage|p2a: Empoleon|154\/372 par
|move|p2a: Empoleon|Stealth Rock|p1a: Aggron
|-sidestart|p1: RMC2|move: Stealth Rock
|
|-heal|p2a: Empoleon|177\/372 par|[from] item: Leftovers
|turn|3
|
|switch|p2a: Shaymin|Shaymin|404\/404
|move|p1a: Aggron|Stealth Rock|p2a: Shaymin
|-sidestart|p2: thevarosk|move: Stealth Rock
|
|turn|4
|
|switch|p1a: Crobat|Crobat, M|374\/374
|-damage|p1a: Crobat|281\/374|[from] Stealth Rock
|move|p2a: Shaymin|Leech Seed|p1a: Crobat
|-start|p1a: Crobat|move: Leech Seed
|
|-heal|p1a: Crobat|304\/374|[from] item: Black Sludge
|-damage|p1a: Crobat|258\/374|[from] Leech Seed|[of] p2a: Shaymin
|turn|5
|
|switch|p1a: Aggron|Aggron-Mega, M|344\/344
|-damage|p1a: Aggron|323\/344|[from] Stealth Rock
|switch|p2a: Arcanine|Arcanine, M|381\/381
|-damage|p2a: Arcanine|286\/381|[from] Stealth Rock
|-ability|p2a: Arcanine|Intimidate|[of] p1a: Aggron
|-unboost|p1a: Aggron|atk|1
|
|turn|6
|
|switch|p1a: Starmie|Starmie|324\/324
|-damage|p1a: Starmie|284\/324|[from] Stealth Rock
|move|p2a: Arcanine|Will-O-Wisp|p1a: Starmie
|-status|p1a: Starmie|brn
|
|-heal|p1a: Starmie|304\/324 brn|[from] item: Leftovers
|-damage|p1a: Starmie|264\/324 brn|[from] brn
|turn|7
|
|switch|p1a: Arcanine|Arcanine, M|384\/384
|-damage|p1a: Arcanine|288\/384|[from] Stealth Rock
|-ability|p1a: Arcanine|Intimidate|[of] p2a: Arcanine
|-unboost|p2a: Arcanine|atk|1
|switch|p2a: Shaymin|Shaymin|404\/404
|-damage|p2a: Shaymin|354\/404|[from] Stealth Rock
|
|-heal|p2a: Shaymin|379\/404|[from] item: Leftovers
|-heal|p1a: Arcanine|312\/384|[from] item: Leftovers
|turn|8
|
|move|p2a: Shaymin|Earth Power|p1a: Arcanine
|-supereffective|p1a: Arcanine
|-damage|p1a: Arcanine|148\/384
|move|p1a: Arcanine|Flare Blitz|p2a: Shaymin
|-supereffective|p2a: Shaymin
|-damage|p2a: Shaymin|71\/404
|-status|p2a: Shaymin|brn
|-damage|p1a: Arcanine|46\/384|[from] recoil|[of] p2a: Shaymin
|
|-heal|p2a: Shaymin|96\/404 brn|[from] item: Leftovers
|-heal|p1a: Arcanine|70\/384|[from] item: Leftovers
|-damage|p2a: Shaymin|46\/404 brn|[from] brn
|turn|9
|
|switch|p2a: Arcanine|Arcanine, M|286\/381
|-damage|p2a: Arcanine|191\/381|[from] Stealth Rock
|-ability|p2a: Arcanine|Intimidate|[of] p1a: Arcanine
|-unboost|p1a: Arcanine|atk|1
|switch|p1a: Florges|Florges, F|360\/360
|-damage|p1a: Florges|315\/360|[from] Stealth Rock
|
|-heal|p1a: Florges|337\/360|[from] item: Leftovers
|turn|10
|
|switch|p1a: Starmie|Starmie|264\/324
|-damage|p1a: Starmie|224\/324|[from] Stealth Rock
|move|p2a: Arcanine|Flare Blitz|p1a: Starmie
|-resisted|p1a: Starmie
|-damage|p1a: Starmie|134\/324
|-damage|p2a: Arcanine|161\/381|[from] recoil|[of] p1a: Starmie
|
|-heal|p1a: Starmie|154\/324|[from] item: Leftovers
|turn|11
|
|move|p2a: Arcanine|Extreme Speed|p1a: Starmie
|-damage|p1a: Starmie|71\/324
|move|p1a: Starmie|Rapid Spin|p2a: Arcanine
|-crit|p2a: Arcanine
|-damage|p2a: Arcanine|146\/381
|-damage|p1a: Starmie|17\/324|[from] item: Rocky Helmet|[of] p2a: Arcanine
|-sideend|p1: RMC2|Stealth Rock|[from] move: Rapid Spin|[of] p1a: Starmie
|
|-heal|p1a: Starmie|37\/324|[from] item: Leftovers
|turn|12
|
|switch|p1a: Florges|Florges, F|337\/360
|move|p2a: Arcanine|Morning Sun|p2a: Arcanine
|-heal|p2a: Arcanine|336\/381
|
|-heal|p1a: Florges|359\/360|[from] item: Leftovers
|turn|13
|
|move|p2a: Arcanine|Flare Blitz|p1a: Florges
|-damage|p1a: Florges|206\/360
|-damage|p2a: Arcanine|286\/381|[from] recoil|[of] p1a: Florges
|move|p1a: Florges|Wish|p1a: Florges
|
|-heal|p1a: Florges|228\/360|[from] item: Leftovers
|turn|14
|
|move|p2a: Arcanine|Flare Blitz|p1a: Florges
|-damage|p1a: Florges|86\/360
|-damage|p2a: Arcanine|239\/381|[from] recoil|[of] p1a: Florges
|move|p1a: Florges|Moonblast|p2a: Arcanine
|-resisted|p2a: Arcanine
|-damage|p2a: Arcanine|161\/381
|
|-heal|p1a: Florges|266\/360|[from] move: Wish|[wisher] Florges
|-heal|p1a: Florges|288\/360|[from] item: Leftovers
|turn|15
|
|move|p2a: Arcanine|Morning Sun|p2a: Arcanine
|-heal|p2a: Arcanine|351\/381
|move|p1a: Florges|Wish|p1a: Florges
|
|-heal|p1a: Florges|310\/360|[from] item: Leftovers
|turn|16
|
|move|p2a: Arcanine|Will-O-Wisp|p1a: Florges
|-status|p1a: Florges|brn
|move|p1a: Florges|Moonblast|p2a: Arcanine
|-resisted|p2a: Arcanine
|-damage|p2a: Arcanine|277\/381
|
|-heal|p1a: Florges|360\/360 brn|[from] move: Wish|[wisher] Florges
|-damage|p1a: Florges|315\/360 brn|[from] brn
|turn|17
|
|move|p2a: Arcanine|Flare Blitz|p1a: Florges
|-damage|p1a: Florges|171\/360 brn
|-damage|p2a: Arcanine|229\/381|[from] recoil|[of] p1a: Florges
|move|p1a: Florges|Wish|p1a: Florges
|
|-heal|p1a: Florges|193\/360 brn|[from] item: Leftovers
|-damage|p1a: Florges|148\/360 brn|[from] brn
|turn|18
|
|move|p1a: Florges|Protect|p1a: Florges
|-singleturn|p1a: Florges|Protect
|move|p2a: Arcanine|Flare Blitz|p1a: Florges
|-activate|p1a: Florges|Protect
|
|-heal|p1a: Florges|328\/360 brn|[from] move: Wish|[wisher] Florges
|-heal|p1a: Florges|350\/360 brn|[from] item: Leftovers
|-damage|p1a: Florges|305\/360 brn|[from] brn
|turn|19
|
|move|p2a: Arcanine|Flare Blitz|p1a: Florges
|-damage|p1a: Florges|172\/360 brn
|-damage|p2a: Arcanine|185\/381|[from] recoil|[of] p1a: Florges
|move|p1a: Florges|Wish|p1a: Florges
|
|-heal|p1a: Florges|194\/360 brn|[from] item: Leftovers
|-damage|p1a: Florges|149\/360 brn|[from] brn
|turn|20
|
|switch|p1a: Arcanine|Arcanine, M|70\/384
|-ability|p1a: Arcanine|Intimidate|[of] p2a: Arcanine
|-unboost|p2a: Arcanine|atk|1
|move|p2a: Arcanine|Morning Sun|p2a: Arcanine
|-heal|p2a: Arcanine|375\/381
|
|-heal|p1a: Arcanine|250\/384|[from] move: Wish|[wisher] Florges
|-heal|p1a: Arcanine|274\/384|[from] item: Leftovers
|turn|21
|
|switch|p2a: Empoleon|Empoleon, M|177\/372 par
|-damage|p2a: Empoleon|154\/372 par|[from] Stealth Rock
|move|p1a: Arcanine|Flare Blitz|p2a: Empoleon
|-damage|p2a: Empoleon|0 fnt
|-damage|p1a: Arcanine|223\/384|[from] recoil|[of] p2a: Empoleon
|faint|p2a: Empoleon
|
|-heal|p1a: Arcanine|247\/384|[from] item: Leftovers
|
|switch|p2a: Arcanine|Arcanine, M|375\/381
|-damage|p2a: Arcanine|280\/381|[from] Stealth Rock
|-ability|p2a: Arcanine|Intimidate|[of] p1a: Arcanine
|-unboost|p1a: Arcanine|atk|1
|turn|22
|
|move|p2a: Arcanine|Flare Blitz|p1a: Arcanine
|-resisted|p1a: Arcanine
|-damage|p1a: Arcanine|149\/384
|-damage|p2a: Arcanine|248\/381|[from] recoil|[of] p1a: Arcanine
|move|p1a: Arcanine|Toxic|p2a: Arcanine
|-status|p2a: Arcanine|tox
|
|-heal|p1a: Arcanine|173\/384|[from] item: Leftovers
|-damage|p2a: Arcanine|225\/381 tox|[from] psn
|turn|23
|
|switch|p2a: Sharpedo|Sharpedo, M|281\/281
|-damage|p2a: Sharpedo|246\/281|[from] Stealth Rock
|move|p1a: Arcanine|Morning Sun|p1a: Arcanine
|-heal|p1a: Arcanine|365\/384
|
|-heal|p1a: Arcanine|384\/384|[from] item: Leftovers
|turn|24
|
|switch|p1a: Tangela|Tangela, M|334\/334
|move|p2a: Sharpedo|Protect|p2a: Sharpedo
|-fail|p2a: Sharpedo
|
|-boost|p2a: Sharpedo|spe|1|[from] ability: Speed Boost
|turn|25
|
|detailschange|p2a: Sharpedo|Sharpedo-Mega, M
|-mega|p2a: Sharpedo|Sharpedo|Sharpedonite
|move|p2a: Sharpedo|Substitute|p2a: Sharpedo
|-start|p2a: Sharpedo|Substitute
|-damage|p2a: Sharpedo|176\/281
|move|p1a: Tangela|Giga Drain|p2a: Sharpedo
|-crit|p2a: Sharpedo
|-supereffective|p2a: Sharpedo
|-end|p2a: Sharpedo|Substitute
|
|turn|26
|
|switch|p2a: Noivern|Noivern, F|312\/312
|-damage|p2a: Noivern|234\/312|[from] Stealth Rock
|-item|p1a: Tangela|Eviolite|[from] ability: Frisk|[of] p2a: Noivern|[identify]
|move|p1a: Tangela|Giga Drain|p2a: Noivern
|-resisted|p2a: Noivern
|-damage|p2a: Noivern|208\/312
|
|turn|27
|c|âthevarosk|laaaag
|
|switch|p1a: Aggron|Aggron-Mega, M|323\/344
|move|p2a: Noivern|Air Slash|p1a: Aggron
|-crit|p1a: Aggron
|-resisted|p1a: Aggron
|-damage|p1a: Aggron|219\/344
|
|turn|28
|
|switch|p2a: Arcanine|Arcanine, M|225\/381 tox
|-damage|p2a: Arcanine|130\/381 tox|[from] Stealth Rock
|-ability|p2a: Arcanine|Intimidate|[of] p1a: Aggron
|-unboost|p1a: Aggron|atk|1
|move|p1a: Aggron|Iron Head|p2a: Arcanine
|-resisted|p2a: Arcanine
|-damage|p2a: Arcanine|97\/381 tox
|-damage|p1a: Aggron|162\/344|[from] item: Rocky Helmet|[of] p2a: Arcanine
|
|-damage|p2a: Arcanine|74\/381 tox|[from] psn
|turn|29
|
|switch|p1a: Arcanine|Arcanine, M|384\/384
|-ability|p1a: Arcanine|Intimidate|[of] p2a: Arcanine
|-unboost|p2a: Arcanine|atk|1
|move|p2a: Arcanine|Flare Blitz|p1a: Arcanine
|-resisted|p1a: Arcanine
|-damage|p1a: Arcanine|327\/384
|-damage|p2a: Arcanine|55\/381 tox|[from] recoil|[of] p1a: Arcanine
|
|-heal|p1a: Arcanine|351\/384|[from] item: Leftovers
|-damage|p2a: Arcanine|9\/381 tox|[from] psn
|turn|30
|
|move|p2a: Arcanine|Morning Sun|p2a: Arcanine
|-heal|p2a: Arcanine|199\/381 tox
|move|p1a: Arcanine|Crunch|p2a: Arcanine
|-damage|p2a: Arcanine|146\/381 tox
|-damage|p1a: Arcanine|287\/384|[from] item: Rocky Helmet|[of] p2a: Arcanine
|
|-heal|p1a: Arcanine|311\/384|[from] item: Leftovers
|-damage|p2a: Arcanine|77\/381 tox|[from] psn
|turn|31
|
|switch|p2a: Krookodile|Krookodile, M|331\/331
|-damage|p2a: Krookodile|311\/331|[from] Stealth Rock
|move|p1a: Arcanine|Flare Blitz|p2a: Krookodile
|-damage|p2a: Krookodile|136\/331
|-status|p2a: Krookodile|brn
|-damage|p1a: Arcanine|253\/384|[from] recoil|[of] p2a: Krookodile
|
|-heal|p1a: Arcanine|277\/384|[from] item: Leftovers
|-damage|p2a: Krookodile|95\/331 brn|[from] brn
|turn|32
|leave|thevarosk
|player|p2
|-message|thevarosk lost due to inactivity.
|
|win|RMC2
|raw|Ladder updating...
|raw|RMC2's rating: 1452 &rarr; <strong>1467<\/strong><br \/>(+15 for winning)
|raw|thevarosk's rating: 1364 &rarr; <strong>1349<\/strong><br \/>(-15 for losing)