|join|chimchar72
|join|RMC2
|player|p1|chimchar72|170
|player|p2|RMC2|169
|gametype|singles
|gen|6
|tier|UU
|rated
|rule|Sleep Clause Mod: Limit one foe put to sleep
|rule|Species Clause: Limit one of each PokÃ©mon
|rule|OHKO Clause: OHKO moves are banned
|rule|Moody Clause: Moody is banned
|rule|Evasion Moves Clause: Evasion moves are banned
|rule|Endless Battle Clause: Forcing endless battles is banned
|rule|HP Percentage Mod: HP is shown in percentages
|clearpoke
|poke|p1|Froslass, F
|poke|p1|Lucario, M
|poke|p1|Cofagrigus, M
|poke|p1|Magneton
|poke|p1|Goodra, F
|poke|p1|Krookodile, F
|poke|p2|Crobat, F
|poke|p2|Aggron, M
|poke|p2|Tangela, M
|poke|p2|Starmie
|poke|p2|Arcanine, F
|poke|p2|Florges, F
|rule|Swagger Clause: Swagger is banned
|rule|Baton Pass Clause: Limit one PokÃ©mon knowing Baton Pass
|teampreview
|
|start
|switch|p1a: Froslass|Froslass, F|344\/344
|switch|p2a: Arcanine|Arcanine, F|384\/384
|-ability|p2a: Arcanine|Intimidate|[of] p1a: Froslass
|-unboost|p1a: Froslass|atk|1
|turn|1
|
|move|p1a: Froslass|Spikes|p2a: Arcanine
|-sidestart|p2: RMC2|Spikes
|move|p2a: Arcanine|Flare Blitz|p1a: Froslass
|-supereffective|p1a: Froslass
|-enditem|p1a: Froslass|Focus Sash
|-damage|p1a: Froslass|1\/344
|-damage|p2a: Arcanine|271\/384|[from] recoil|[of] p1a: Froslass
|
|-heal|p2a: Arcanine|295\/384|[from] item: Leftovers
|turn|2
|
|move|p1a: Froslass|Destiny Bond|p1a: Froslass
|-singlemove|p1a: Froslass|Destiny Bond
|move|p2a: Arcanine|Toxic|p1a: Froslass|[miss]
|-miss|p2a: Arcanine|p1a: Froslass
|
|-heal|p2a: Arcanine|319\/384|[from] item: Leftovers
|turn|3
|
|move|p1a: Froslass|Spikes|p2a: Arcanine
|-sidestart|p2: RMC2|Spikes
|move|p2a: Arcanine|Toxic|p1a: Froslass
|-status|p1a: Froslass|tox
|
|-heal|p2a: Arcanine|343\/384|[from] item: Leftovers
|-damage|p1a: Froslass|0 fnt|[from] psn
|faint|p1a: Froslass
|
|switch|p1a: Krookodile|Krookodile, F|331\/331
|turn|4
|
|switch|p2a: Tangela|Tangela, M|334\/334
|-damage|p2a: Tangela|279\/334|[from] Spikes
|move|p1a: Krookodile|Earthquake|p2a: Tangela
|-resisted|p2a: Tangela
|-damage|p2a: Tangela|243\/334
|
|turn|5
|
|switch|p1a: Goodra|Goodra, F|383\/383
|switch|p2a: Florges|Florges, F|360\/360
|-damage|p2a: Florges|300\/360|[from] Spikes
|
|-heal|p2a: Florges|322\/360|[from] item: Leftovers
|turn|6
|
|switch|p1a: Lucario|Lucario, M|302\/302
|move|p2a: Florges|Moonblast|p1a: Lucario
|-damage|p1a: Lucario|160\/302
|
|-heal|p2a: Florges|344\/360|[from] item: Leftovers
|turn|7
|
|move|p1a: Lucario|Swords Dance|p1a: Lucario
|-boost|p1a: Lucario|atk|2
|move|p2a: Florges|Moonblast|p1a: Lucario
|-damage|p1a: Lucario|7\/302
|
|-heal|p2a: Florges|360\/360|[from] item: Leftovers
|turn|8
|
|move|p2a: Florges|Protect|p2a: Florges
|-singleturn|p2a: Florges|Protect
|move|p1a: Lucario|Extreme Speed|p2a: Florges
|-activate|p2a: Florges|Protect
|
|turn|9
|
|move|p1a: Lucario|Extreme Speed|p2a: Florges
|-damage|p2a: Florges|183\/360
|-damage|p1a: Lucario|0 fnt|[from] item: Life Orb
|faint|p1a: Lucario
|move|p2a: Florges|Moonblast|p1: Lucario|[notarget]
|-notarget
|
|-heal|p2a: Florges|205\/360|[from] item: Leftovers
|
|switch|p1a: Cofagrigus|Cofagrigus, M|319\/319
|turn|10
|
|move|p2a: Florges|Wish|p2a: Florges
|move|p1a: Cofagrigus|Trick Room|p1a: Cofagrigus
|-fieldstart|move: Trick Room|[of] p1a: Cofagrigus
|
|-heal|p2a: Florges|227\/360|[from] item: Leftovers
|turn|11
|
|move|p1a: Cofagrigus|Nasty Plot|p1a: Cofagrigus
|-boost|p1a: Cofagrigus|spa|2
|move|p2a: Florges|Moonblast|p1a: Cofagrigus
|-damage|p1a: Cofagrigus|208\/319
|
|-heal|p2a: Florges|360\/360|[from] move: Wish|[wisher] Florges
|-heal|p1a: Cofagrigus|227\/319|[from] item: Leftovers
|turn|12
|
|move|p1a: Cofagrigus|Nasty Plot|p1a: Cofagrigus
|-boost|p1a: Cofagrigus|spa|2
|move|p2a: Florges|Moonblast|p1a: Cofagrigus
|-damage|p1a: Cofagrigus|112\/319
|
|-heal|p1a: Cofagrigus|131\/319|[from] item: Leftovers
|turn|13
|
|move|p2a: Florges|Protect|p2a: Florges
|-singleturn|p2a: Florges|Protect
|move|p1a: Cofagrigus|Nasty Plot|p1a: Cofagrigus
|-boost|p1a: Cofagrigus|spa|2
|
|-heal|p1a: Cofagrigus|150\/319|[from] item: Leftovers
|turn|14
|
|move|p1a: Cofagrigus|Shadow Ball|p2a: Florges
|-damage|p2a: Florges|11\/360
|-unboost|p2a: Florges|spd|1
|move|p2a: Florges|Moonblast|p1a: Cofagrigus
|-damage|p1a: Cofagrigus|35\/319
|
|-heal|p1a: Cofagrigus|54\/319|[from] item: Leftovers
|-heal|p2a: Florges|33\/360|[from] item: Leftovers
|-fieldend|move: Trick Room
|turn|15
|
|move|p2a: Florges|Moonblast|p1a: Cofagrigus
|-damage|p1a: Cofagrigus|0 fnt
|faint|p1a: Cofagrigus
|
|-heal|p2a: Florges|55\/360|[from] item: Leftovers
|
|switch|p1a: Krookodile|Krookodile, F|331\/331
|turn|16
|
|move|p2a: Florges|Protect|p2a: Florges
|-singleturn|p2a: Florges|Protect
|move|p1a: Krookodile|Pursuit|p2a: Florges
|-activate|p2a: Florges|Protect
|
|-heal|p2a: Florges|77\/360|[from] item: Leftovers
|turn|17
|-message|chimchar72 forfeited.
|leave|chimchar72
|
|win|RMC2
|raw|Ladder updating...
|player|p1
|raw|chimchar72's rating: 1000 &rarr; <strong>1000<\/strong><br \/>(+0 for losing)
|raw|RMC2's rating: 1128 &rarr; <strong>1144<\/strong><br \/>(+16 for winning)