|join|Alvok
|join|Xanderpitz1
|player|p1|Alvok|256
|player|p2|Xanderpitz1|256
|gametype|singles
|gen|6
|tier|ORAS OU
|rated
|rule|Sleep Clause Mod: Limit one foe put to sleep
|rule|Species Clause: Limit one of each PokÃ©mon
|rule|OHKO Clause: OHKO moves are banned
|rule|Moody Clause: Moody is banned
|rule|Evasion Moves Clause: Evasion moves are banned
|rule|Endless Battle Clause: Forcing endless battles is banned
|rule|HP Percentage Mod: HP is shown in percentages
|clearpoke
|poke|p1|Lopunny, F
|poke|p1|Greninja, M, shiny
|poke|p1|Mamoswine, F
|poke|p1|Thundurus, M
|poke|p1|Kyurem-Black, shiny
|poke|p1|Latias, F
|poke|p2|Latias, F
|poke|p2|Exploud, F
|poke|p2|Venomoth, F, shiny
|poke|p2|Conkeldurr, F
|poke|p2|Azelf, shiny
|poke|p2|Greninja, M
|rule|Swagger Clause: Swagger is banned
|rule|Baton Pass Clause: Limit one PokÃ©mon knowing Baton Pass
|teampreview
|c|âXanderpitz1|dat trainer icon tho
|
|start
|switch|p1a: Lopunny|Lopunny, F|271\/271
|switch|p2a: Venomoth|Venomoth, F, shiny|289\/289
|turn|1
|c|âAlvok|ayyy
|
|detailschange|p1a: Lopunny|Lopunny-Mega, F
|message|Lopunny has Mega Evolved into Mega Lopunny!
|move|p1a: Lopunny|Fake Out|p2a: Venomoth
|-damage|p2a: Venomoth|216\/289
|move|p2a: Venomoth|Quiver Dance|p2a: Venomoth
|-boost|p2a: Venomoth|spa|1
|-boost|p2a: Venomoth|spd|1
|-boost|p2a: Venomoth|spe|1
|
|-heal|p2a: Venomoth|234\/289|[from] item: Black Sludge
|turn|2
|c|âXanderpitz1|nnnnnope
|c|âAlvok|wait why?
|join|Kung Fu Pancham
|c|âXanderpitz1|!data venomoth
|c|~|\/data-pokemon Venomoth

|c|âAlvok|oh shield dust
|c|âAlvok|fuckkkk
|c|âXanderpitz1|mhm
|c| Kung Fu Pancham|gg
|
|switch|p1a: Latias|Latias, F|301\/301
|move|p2a: Venomoth|Sleep Powder|p1a: Latias|[miss]
|-miss|p2a: Venomoth|p1a: Latias
|
|-heal|p2a: Venomoth|252\/289|[from] item: Black Sludge
|turn|3
|c|âAlvok|rip
|
|move|p2a: Venomoth|Sleep Powder|p1a: Latias
|-status|p1a: Latias|slp
|cant|p1a: Latias|slp
|
|-heal|p2a: Venomoth|270\/289|[from] item: Black Sludge
|turn|4
|c|âXanderpitz1|i love  fake out on venomoth
|c| Kung Fu Pancham|^
|
|switch|p1a: Thundurus|Thundurus, M|299\/299
|move|p2a: Venomoth|Quiver Dance|p2a: Venomoth
|-boost|p2a: Venomoth|spa|1
|-boost|p2a: Venomoth|spd|1
|-boost|p2a: Venomoth|spe|1
|
|-heal|p2a: Venomoth|288\/289|[from] item: Black Sludge
|turn|5
|c| Kung Fu Pancham|incomestwave
|c|âAlvok|dont run
|
|move|p1a: Thundurus|Thunder Wave|p2a: Venomoth
|-status|p2a: Venomoth|par
|move|p2a: Venomoth|Substitute|p2a: Venomoth
|-start|p2a: Venomoth|Substitute
|-damage|p2a: Venomoth|216\/289 par
|
|-heal|p2a: Venomoth|234\/289 par|[from] item: Black Sludge
|turn|6
|c|âAlvok|hmmm
|c|âXanderpitz1|they see me running
|c| Kung Fu Pancham|not even bad
|c|âXanderpitz1|from thundy
|c|âXanderpitz1|trying to cathc baton passing
|
|move|p1a: Thundurus|Thunderbolt|p2a: Venomoth
|-end|p2a: Venomoth|Substitute
|-damage|p1a: Thundurus|270\/299|[from] item: Life Orb
|move|p2a: Venomoth|Baton Pass|p2a: Venomoth
|c|âAlvok|nuuuuuu
|c| Kung Fu Pancham|at least no crit
|c|âXanderpitz1|!rank Kung Fu Pancham
|c|âXanderpitz1|it didnt work
|c|âAlvok|dont do this
|c|âXanderpitz1|you lied to me
|c| Kung Fu Pancham|not in this chat
|c|âXanderpitz1|oh
|c| Kung Fu Pancham|the public chat
|c| Kung Fu Pancham|fool
|c| Kung Fu Pancham|lol
|
|switch|p2a: Latias|Latias, F|301\/301
|
|turn|7
|
|detailschange|p2a: Latias|Latias-Mega, F
|message|Latias has Mega Evolved into Mega Latias!
|move|p1a: Thundurus|Thunder Wave|p2a: Latias
|-status|p2a: Latias|par
|move|p2a: Latias|Stored Power|p1a: Thundurus
|-damage|p1a: Thundurus|0 fnt
|faint|p1a: Thundurus
|
|c|âAlvok|oml ....
|
|switch|p1a: Kyurem-Black|Kyurem-Black, shiny|391\/391
|-ability|p1a: Kyurem-Black|Teravolt
|turn|8
|c| Kung Fu Pancham|i have not played that many games on this account so my rank is poopy
|c|âXanderpitz1|FOR NARNIA
|
|move|p1a: Kyurem-Black|Outrage|p2a: Latias
|-supereffective|p2a: Latias
|-damage|p2a: Latias|0 fnt
|faint|p2a: Latias
|
|c|âXanderpitz1|narnia why
|
|switch|p2a: Azelf|Azelf, shiny|292\/292
|turn|9
|
|move|p1a: Kyurem-Black|Outrage|p2a: Azelf
|-damage|p2a: Azelf|24\/292
|move|p2a: Azelf|Reflect|p2a: Azelf
|-sidestart|p2: Xanderpitz1|Reflect
|
|-end|p1a: Kyurem-Black|rampage
|-start|p1a: Kyurem-Black|confusion
|turn|10
|c|âXanderpitz1|dat defense investment tho
|
|-activate|p1a: Kyurem-Black|confusion
|move|p1a: Kyurem-Black|Outrage|p2a: Azelf
|-damage|p2a: Azelf|0 fnt
|faint|p2a: Azelf
|
|
|switch|p2a: Conkeldurr|Conkeldurr, F|414\/414
|turn|11
|
|-end|p1a: Kyurem-Black|confusion
|move|p1a: Kyurem-Black|Outrage|p2a: Conkeldurr
|-damage|p2a: Conkeldurr|267\/414
|move|p2a: Conkeldurr|Drain Punch|p1a: Kyurem-Black
|-supereffective|p1a: Kyurem-Black
|-damage|p1a: Kyurem-Black|1\/391
|-heal|p2a: Conkeldurr|414\/414|[from] drain|[of] p1a: Kyurem-Black
|
|-end|p1a: Kyurem-Black|rampage
|-start|p1a: Kyurem-Black|confusion
|turn|12
|c| Kung Fu Pancham|really
|c|âAlvok|hah
|c| Kung Fu Pancham|confusion ended
|
|switch|p1a: Latias|Latias, F|301\/301 slp
|move|p2a: Conkeldurr|Mach Punch|p1a: Latias
|-resisted|p1a: Latias
|-damage|p1a: Latias|244\/301 slp
|
|turn|13
|c|âXanderpitz1|his confusion is just confusing me now
|c|âAlvok|ohwait this is asleep
|c|âAlvok|fuck
|c|âXanderpitz1|ya
|c|âXanderpitz1|awkward
|
|switch|p1a: Mamoswine|Mamoswine, F|362\/362
|move|p2a: Conkeldurr|Knock Off|p1a: Mamoswine
|-damage|p1a: Mamoswine|208\/362
|-enditem|p1a: Mamoswine|Focus Sash|[from] move: Knock Off|[of] p2a: Conkeldurr
|
|turn|14
|c| Kung Fu Pancham|id try to fix that conkeldur issue
|c| Kung Fu Pancham|on your team
|
|move|p1a: Mamoswine|Ice Shard|p2a: Conkeldurr
|-damage|p2a: Conkeldurr|376\/414
|move|p2a: Conkeldurr|Mach Punch|p1a: Mamoswine
|-supereffective|p1a: Mamoswine
|-damage|p1a: Mamoswine|0 fnt
|faint|p1a: Mamoswine
|
|c|âXanderpitz1|^
|
|switch|p1a: Lopunny|Lopunny-Mega, F|271\/271
|turn|15
|
|switch|p2a: Venomoth|Venomoth, F, shiny|234\/289 par
|move|p1a: Lopunny|Fake Out|p2a: Venomoth
|-damage|p2a: Venomoth|195\/289 par
|
|-heal|p2a: Venomoth|213\/289 par|[from] item: Black Sludge
|turn|16
|
|move|p1a: Lopunny|Return|p2a: Venomoth
|-damage|p2a: Venomoth|105\/289 par
|cant|p2a: Venomoth|par
|
|-heal|p2a: Venomoth|123\/289 par|[from] item: Black Sludge
|-sideend|p2: Xanderpitz1|Reflect
|turn|17
|c|âAlvok|yisss
|c| Kung Fu Pancham|really
|
|move|p1a: Lopunny|Return|p2a: Venomoth
|-damage|p2a: Venomoth|0 fnt
|faint|p2a: Venomoth
|
|c| Kung Fu Pancham|just really
|c|âXanderpitz1|idgaf
|
|switch|p2a: Conkeldurr|Conkeldurr, F|376\/414
|turn|18
|c| Kung Fu Pancham|well conk gives no shit
|
|switch|p1a: Latias|Latias, F|244\/301 slp
|move|p2a: Conkeldurr|Drain Punch|p1a: Latias
|-resisted|p1a: Latias
|-damage|p1a: Latias|136\/301 slp
|-heal|p2a: Conkeldurr|414\/414|[from] drain|[of] p1a: Latias
|
|turn|19
|
|cant|p1a: Latias|slp
|move|p2a: Conkeldurr|Knock Off|p1a: Latias
|-supereffective|p1a: Latias
|-damage|p1a: Latias|0 fnt
|-enditem|p1a: Latias|Life Orb|[from] move: Knock Off|[of] p2a: Conkeldurr
|faint|p1a: Latias
|
|c| Kung Fu Pancham|he and his two slabs of doom
|
|switch|p1a: Lopunny|Lopunny-Mega, F|271\/271
|turn|20
|c|âXanderpitz1|he's so agile
|c|âXanderpitz1|leaps onto the opponent like a graceful butterfly
|c|âAlvok|didnt wake up :[
|c|âXanderpitz1|or something
|
|move|p1a: Lopunny|High Jump Kick|p2a: Conkeldurr
|-damage|p2a: Conkeldurr|149\/414
|move|p2a: Conkeldurr|Drain Punch|p1a: Lopunny
|-supereffective|p1a: Lopunny
|-damage|p1a: Lopunny|0 fnt
|-heal|p2a: Conkeldurr|285\/414|[from] drain|[of] p1a: Lopunny
|faint|p1a: Lopunny
|
|c| Kung Fu Pancham|conk kill the bunny
|c|âXanderpitz1|really tho
|c|âAlvok|nuuuu
|
|switch|p1a: Greninja|Greninja, M, shiny|285\/285
|turn|21
|c|âXanderpitz1|mega lopunny's air
|c|âAlvok|gg
|c|âXanderpitz1|hair*
|c|âXanderpitz1|is a playboy bunny logo
|c|âXanderpitz1|they didnt even TRY to hide it
|
|move|p1a: Greninja|Gunk Shot|p2a: Conkeldurr
|-start|p1a: Greninja|typechange|Poison|[from] Protean
|-damage|p2a: Conkeldurr|116\/414
|-damage|p1a: Greninja|257\/285|[from] item: Life Orb
|move|p2a: Conkeldurr|Drain Punch|p1a: Greninja
|-resisted|p1a: Greninja
|-damage|p1a: Greninja|139\/285
|-heal|p2a: Conkeldurr|175\/414|[from] drain|[of] p1a: Greninja
|
|turn|22
|c|âXanderpitz1|and gg
|c| Kung Fu Pancham|wy u no mach punch
|c|âXanderpitz1|ssh
|
|move|p1a: Greninja|Hydro Pump|p2a: Conkeldurr
|-start|p1a: Greninja|typechange|Water|[from] Protean
|-crit|p2a: Conkeldurr
|-damage|p2a: Conkeldurr|0 fnt
|-damage|p1a: Greninja|111\/285|[from] item: Life Orb
|faint|p2a: Conkeldurr
|
|
|switch|p2a: Exploud|Exploud, F|349\/349
|turn|23
|c| Kung Fu Pancham|crit fairy has arrived
|c|âXanderpitz1|got dis
|
|move|p1a: Greninja|Hydro Pump|p2a: Exploud
|-damage|p2a: Exploud|75\/349
|-damage|p1a: Greninja|83\/285|[from] item: Life Orb
|-enditem|p2a: Exploud|Sitrus Berry|[eat]
|-heal|p2a: Exploud|162\/349|[from] item: Sitrus Berry
|move|p2a: Exploud|Boomburst|p1a: Greninja
|-damage|p1a: Greninja|0 fnt
|faint|p1a: Greninja
|
|
|switch|p1a: Kyurem-Black|Kyurem-Black, shiny|1\/391
|-ability|p1a: Kyurem-Black|Teravolt
|turn|24
|c| Kung Fu Pancham|i thought she would not come
|
|move|p1a: Kyurem-Black|Outrage|p2a: Exploud
|-damage|p2a: Exploud|0 fnt
|faint|p2a: Exploud
|
|c|âXanderpitz1|welp
|c|âXanderpitz1|i fucked up
|
|switch|p2a: Greninja|Greninja, M|285\/285
|turn|25
|c| Kung Fu Pancham|better have shadow sneek
|c|âAlvok|haha
|c|âXanderpitz1|or was it the crit fairy
|
|move|p1a: Kyurem-Black|Outrage|p2a: Greninja
|-damage|p2a: Greninja|33\/285
|move|p2a: Greninja|Dark Pulse|p1a: Kyurem-Black
|-start|p2a: Greninja|typechange|Dark|[from] Protean
|-damage|p1a: Kyurem-Black|0 fnt
|faint|p1a: Kyurem-Black
|
|win|Xanderpitz1
|raw|Ladder updating...
|raw|Alvok's rating: 1349 &rarr; <strong>1332<\/strong><br \/>(-17 for losing)
|raw|Xanderpitz1's rating: 1402 &rarr; <strong>1419<\/strong><br \/>(+17 for winning)
|c| Kung Fu Pancham|ohhhh
|c|âXanderpitz1|dat DEFENSW
|c|âXanderpitz1|tho
|c|âXanderpitz1|yes
|c| Kung Fu Pancham|ohhhhhhhhhhhhhhhhhhhhhhhhhhhhhhhhh
|c| Kung Fu Pancham|fuck yah
|c|âXanderpitz1|quiverpass receiver
|c|âXanderpitz1|investment
|leave|Alvok
|player|p1
|c|âXanderpitz1|OP
|c|âXanderpitz1|uiewgreiewf