|join|Queerballsmcgee
|join|Alvok
|player|p1|Queerballsmcgee|2
|player|p2|Alvok|261
|gametype|singles
|gen|6
|tier|OU
|rated
|clearpoke
|poke|p1|Gliscor, F
|poke|p1|Scizor, F
|poke|p1|Rotom-Wash
|poke|p1|Gothitelle, M
|poke|p1|Ditto
|poke|p1|Chansey, F
|poke|p2|Tyranitar, M
|poke|p2|Excadrill, M
|poke|p2|Bisharp, M, shiny
|poke|p2|Heracross, M
|poke|p2|Rotom-Wash
|poke|p2|Shuckle, F
|rule|Swagger Clause: Swagger is banned
|rule|Baton Pass Clause: Limit one PokÃ©mon knowing Baton Pass
|rule|Sleep Clause Mod: Limit one foe put to sleep
|rule|Species Clause: Limit one of each PokÃ©mon
|rule|OHKO Clause: OHKO moves are banned
|rule|Moody Clause: Moody is banned
|rule|Evasion Moves Clause: Evasion moves are banned
|rule|Endless Battle Clause: Forcing endless battles is banned
|rule|HP Percentage Mod: HP is shown in percentages
|teampreview
|
|start
|switch|p1a: Gothitelle|Gothitelle, M|301\/301
|switch|p2a: Shuckle|Shuckle, F|201\/201
|turn|1
|
|move|p1a: Gothitelle|Trick|p2a: Shuckle
|-activate|p1a: Gothitelle|move: Trick|[of] p2a: Shuckle
|-item|p2a: Shuckle|Choice Scarf|[from] move: Trick
|-item|p1a: Gothitelle|Mental Herb|[from] move: Trick
|move|p2a: Shuckle|Encore|p1a: Gothitelle
|-start|p1a: Gothitelle|Encore
|-enditem|p1a: Gothitelle|Mental Herb
|-end|p1a: Gothitelle|Encore
|
|turn|2
|
|switch|p1a: Rotom-Wash|Rotom-Wash|304\/304
|move|p2a: Shuckle|Encore|p1a: Rotom-Wash
|-fail|p1a: Rotom-Wash
|
|turn|3
|
|switch|p2a: Rotom-Wash|Rotom-Wash|304\/304
|move|p1a: Rotom-Wash|Will-O-Wisp|p2a: Rotom-Wash|[miss]
|-miss|p1a: Rotom-Wash|p2a: Rotom-Wash
|
|turn|4
|
|switch|p1a: Chansey|Chansey, F|704\/704
|move|p2a: Rotom-Wash|Volt Switch|p1a: Chansey
|-damage|p1a: Chansey|650\/704
|
|switch|p2a: Shuckle|Shuckle, F|201\/201
|
|turn|5
|
|move|p1a: Chansey|Stealth Rock|p2a: Shuckle
|-sidestart|p2: Alvok|move: Stealth Rock
|move|p2a: Shuckle|Sticky Web|p1a: Chansey
|-sidestart|p1: Queerballsmcgee|move: Sticky Web
|
|turn|6
|
|switch|p2a: Bisharp|Bisharp, M, shiny|272\/272
|-damage|p2a: Bisharp|255\/272|[from] Stealth Rock
|move|p1a: Chansey|Thunder Wave|p2a: Bisharp
|-status|p2a: Bisharp|par
|
|turn|7
|
|switch|p1a: Scizor|Scizor, F|342\/342
|-activate|p1a: Scizor|move: Sticky Web
|-unboost|p1a: Scizor|spe|1
|move|p2a: Bisharp|Knock Off|p1a: Scizor
|-damage|p1a: Scizor|224\/342
|-damage|p2a: Bisharp|228\/272 par|[from] item: Life Orb
|
|turn|8
|
|detailschange|p1a: Scizor|Scizor-Mega, F
|message|Scizor has Mega Evolved into Mega Scizor!
|move|p1a: Scizor|Roost|p1a: Scizor
|-heal|p1a: Scizor|342\/342
|move|p2a: Bisharp|Swords Dance|p2a: Bisharp
|-boost|p2a: Bisharp|atk|2
|
|turn|9
|
|move|p1a: Scizor|Swords Dance|p1a: Scizor
|-boost|p1a: Scizor|atk|2
|move|p2a: Bisharp|Knock Off|p1a: Scizor
|-damage|p1a: Scizor|142\/342
|-damage|p2a: Bisharp|201\/272 par|[from] item: Life Orb
|
|turn|10
|
|move|p1a: Scizor|Roost|p1a: Scizor
|-heal|p1a: Scizor|313\/342
|move|p2a: Bisharp|Knock Off|p1a: Scizor
|-damage|p1a: Scizor|122\/342
|-damage|p2a: Bisharp|174\/272 par|[from] item: Life Orb
|
|turn|11
|
|move|p1a: Scizor|Roost|p1a: Scizor
|-heal|p1a: Scizor|293\/342
|move|p2a: Bisharp|Swords Dance|p2a: Bisharp
|-boost|p2a: Bisharp|atk|2
|
|turn|12
|
|move|p1a: Scizor|Bullet Punch|p2a: Bisharp
|-resisted|p2a: Bisharp
|-damage|p2a: Bisharp|67\/272 par
|move|p2a: Bisharp|Knock Off|p1a: Scizor
|-damage|p1a: Scizor|0 fnt
|-damage|p2a: Bisharp|40\/272 par|[from] item: Life Orb
|faint|p1a: Scizor
|
|
|switch|p1a: Ditto|Ditto|300\/300
|-activate|p1a: Ditto|move: Sticky Web
|-unboost|p1a: Ditto|spe|1
|-transform|p1a: Ditto|p2a: Bisharp
|turn|13
|
|move|p1a: Ditto|Sucker Punch|p2a: Bisharp
|-fail|p2a: Bisharp
|move|p2a: Bisharp|Swords Dance|p2a: Bisharp
|-boost|p2a: Bisharp|atk|2
|
|turn|14
|
|move|p1a: Ditto|Sucker Punch|p2a: Bisharp
|-fail|p2a: Bisharp
|move|p2a: Bisharp|Swords Dance|p2a: Bisharp
|-fail|p2a: Bisharp
|
|turn|15
|
|switch|p1a: Gliscor|Gliscor, F|352\/352
|move|p2a: Bisharp|Swords Dance|p2a: Bisharp
|-fail|p2a: Bisharp
|
|-status|p1a: Gliscor|tox|[from] item: Toxic Orb
|turn|16
|
|move|p1a: Gliscor|Substitute|p1a: Gliscor
|-start|p1a: Gliscor|Substitute
|-damage|p1a: Gliscor|264\/352 tox
|cant|p2a: Bisharp|par
|
|-heal|p1a: Gliscor|308\/352 tox|[from] ability: Poison Heal
|turn|17
|
|move|p1a: Gliscor|Protect|p1a: Gliscor
|-singleturn|p1a: Gliscor|Protect
|move|p2a: Bisharp|Sucker Punch|p1a: Gliscor
|-fail|p1a: Gliscor
|
|-heal|p1a: Gliscor|352\/352 tox|[from] ability: Poison Heal
|turn|18
|
|move|p1a: Gliscor|Earthquake|p2a: Bisharp
|-supereffective|p2a: Bisharp
|-damage|p2a: Bisharp|0 fnt
|faint|p2a: Bisharp
|
|
|switch|p2a: Excadrill|Excadrill, M|362\/362
|-damage|p2a: Excadrill|351\/362|[from] Stealth Rock
|-item|p2a: Excadrill|Air Balloon
|turn|19
|
|switch|p1a: Rotom-Wash|Rotom-Wash|304\/304
|move|p2a: Excadrill|Rapid Spin|p1a: Rotom-Wash
|-damage|p1a: Rotom-Wash|286\/304
|-sideend|p2: Alvok|Stealth Rock|[from] move: Rapid Spin|[of] p2a: Excadrill
|
|-heal|p1a: Rotom-Wash|304\/304|[from] item: Leftovers
|turn|20
|join|Disorient3
|
|switch|p2a: Shuckle|Shuckle, F|201\/201
|move|p1a: Rotom-Wash|Will-O-Wisp|p2a: Shuckle
|-status|p2a: Shuckle|brn
|
|-damage|p2a: Shuckle|176\/201 brn|[from] brn
|turn|21
|
|move|p1a: Rotom-Wash|Volt Switch|p2a: Shuckle
|-damage|p2a: Shuckle|140\/201 brn
|
|switch|p1a: Chansey|Chansey, F|650\/704
|-activate|p1a: Chansey|move: Sticky Web
|-unboost|p1a: Chansey|spe|1
|move|p2a: Shuckle|Stealth Rock|p1a: Chansey
|-sidestart|p1: Queerballsmcgee|move: Stealth Rock
|
|-damage|p2a: Shuckle|115\/201 brn|[from] brn
|turn|22
|
|switch|p2a: Excadrill|Excadrill, M|351\/362
|-item|p2a: Excadrill|Air Balloon
|move|p1a: Chansey|Stealth Rock|p2a: Excadrill
|-sidestart|p2: Alvok|move: Stealth Rock
|
|turn|23
|
|move|p2a: Excadrill|Iron Head|p1a: Chansey
|-damage|p1a: Chansey|448\/704
|move|p1a: Chansey|Seismic Toss|p2a: Excadrill
|-damage|p2a: Excadrill|251\/362
|-enditem|p2a: Excadrill|Air Balloon
|
|turn|24
|
|switch|p1a: Ditto|Ditto|300\/300
|-activate|p1a: Ditto|move: Sticky Web
|-unboost|p1a: Ditto|spe|1
|-damage|p1a: Ditto|263\/300|[from] Stealth Rock
|-transform|p1a: Ditto|p2a: Excadrill
|move|p2a: Excadrill|Iron Head|p1a: Ditto
|-resisted|p1a: Ditto
|-damage|p1a: Ditto|146\/300
|
|turn|25
|
|switch|p2a: Rotom-Wash|Rotom-Wash|304\/304
|-damage|p2a: Rotom-Wash|266\/304|[from] Stealth Rock
|move|p1a: Ditto|Rapid Spin|p2a: Rotom-Wash
|-damage|p2a: Rotom-Wash|246\/304
|-sideend|p1: Queerballsmcgee|Stealth Rock|[from] move: Rapid Spin|[of] p1a: Ditto
|-sideend|p1: Queerballsmcgee|Sticky Web|[from] move: Rapid Spin|[of] p1a: Ditto
|
|-heal|p2a: Rotom-Wash|265\/304|[from] item: Leftovers
|turn|26
|
|switch|p1a: Rotom-Wash|Rotom-Wash|304\/304
|move|p2a: Rotom-Wash|Volt Switch|p1a: Rotom-Wash
|-crit|p1a: Rotom-Wash
|-damage|p1a: Rotom-Wash|171\/304
|
|switch|p2a: Heracross|Heracross, M|301\/301
|-damage|p2a: Heracross|264\/301|[from] Stealth Rock
|
|-heal|p1a: Rotom-Wash|190\/304|[from] item: Leftovers
|turn|27
|
|switch|p1a: Gliscor|Gliscor, F|352\/352 tox
|detailschange|p2a: Heracross|Heracross-Mega, M
|message|Heracross has Mega Evolved into Mega Heracross!
|move|p2a: Heracross|Pin Missile|p1a: Gliscor
|-resisted|p1a: Gliscor
|-damage|p1a: Gliscor|332\/352 tox
|-resisted|p1a: Gliscor
|-damage|p1a: Gliscor|311\/352 tox
|-resisted|p1a: Gliscor
|-damage|p1a: Gliscor|290\/352 tox
|-resisted|p1a: Gliscor
|-damage|p1a: Gliscor|268\/352 tox
|-resisted|p1a: Gliscor
|-damage|p1a: Gliscor|248\/352 tox
|-hitcount|p1a: Gliscor|5
|
|-heal|p1a: Gliscor|292\/352 tox|[from] ability: Poison Heal
|turn|28
|
|move|p1a: Gliscor|Toxic|p2a: Heracross
|-status|p2a: Heracross|tox
|move|p2a: Heracross|Swords Dance|p2a: Heracross
|-boost|p2a: Heracross|atk|2
|
|-heal|p1a: Gliscor|336\/352 tox|[from] ability: Poison Heal
|-damage|p2a: Heracross|246\/301 tox|[from] psn
|turn|29
|
|move|p1a: Gliscor|Protect|p1a: Gliscor
|-singleturn|p1a: Gliscor|Protect
|move|p2a: Heracross|Rock Blast|p1a: Gliscor
|-activate|p1a: Gliscor|Protect
|
|-heal|p1a: Gliscor|352\/352 tox|[from] ability: Poison Heal
|-damage|p2a: Heracross|210\/301 tox|[from] psn
|turn|30
|
|switch|p1a: Ditto|Ditto|146\/300
|-transform|p1a: Ditto|p2a: Heracross
|move|p2a: Heracross|Rock Blast|p1a: Ditto
|-damage|p1a: Ditto|75\/300
|-damage|p1a: Ditto|2\/300
|-damage|p1a: Ditto|0 fnt
|-hitcount|p1a: Ditto|3
|faint|p1a: Ditto
|
|-damage|p2a: Heracross|156\/301 tox|[from] psn
|
|switch|p1a: Gothitelle|Gothitelle, M|301\/301
|turn|31
|
|move|p2a: Heracross|Pin Missile|p1a: Gothitelle
|-supereffective|p1a: Gothitelle
|-damage|p1a: Gothitelle|55\/301
|-supereffective|p1a: Gothitelle
|-damage|p1a: Gothitelle|0 fnt
|-hitcount|p1a: Gothitelle|2
|faint|p1a: Gothitelle
|
|-damage|p2a: Heracross|84\/301 tox|[from] psn
|
|switch|p1a: Gliscor|Gliscor, F|352\/352 tox
|turn|32
|
|switch|p2a: Tyranitar|Tyranitar, M|404\/404
|-damage|p2a: Tyranitar|354\/404|[from] Stealth Rock
|-weather|Sandstorm
|move|p1a: Gliscor|Protect|p1a: Gliscor
|-fail|p1a: Gliscor
|
|-weather|Sandstorm|[upkeep]
|turn|33
|
|move|p1a: Gliscor|Substitute|p1a: Gliscor
|-start|p1a: Gliscor|Substitute
|-damage|p1a: Gliscor|264\/352 tox
|move|p2a: Tyranitar|Ice Beam|p1a: Gliscor
|-supereffective|p1a: Gliscor
|-end|p1a: Gliscor|Substitute
|
|-weather|Sandstorm|[upkeep]
|-heal|p1a: Gliscor|308\/352 tox|[from] ability: Poison Heal
|turn|34
|
|switch|p1a: Rotom-Wash|Rotom-Wash|190\/304
|move|p2a: Tyranitar|Ice Beam|p1a: Rotom-Wash
|-resisted|p1a: Rotom-Wash
|-damage|p1a: Rotom-Wash|155\/304
|
|-weather|Sandstorm|[upkeep]
|-damage|p1a: Rotom-Wash|136\/304|[from] sandstorm
|-heal|p1a: Rotom-Wash|155\/304|[from] item: Leftovers
|turn|35
|
|switch|p2a: Shuckle|Shuckle, F|115\/201 brn
|-damage|p2a: Shuckle|65\/201 brn|[from] Stealth Rock
|move|p1a: Rotom-Wash|Will-O-Wisp|p2a: Shuckle
|-fail|p2a: Shuckle|brn
|
|-weather|Sandstorm|[upkeep]
|-damage|p1a: Rotom-Wash|136\/304|[from] sandstorm
|-heal|p1a: Rotom-Wash|155\/304|[from] item: Leftovers
|-damage|p2a: Shuckle|40\/201 brn|[from] brn
|turn|36
|
|move|p1a: Rotom-Wash|Hydro Pump|p2a: Shuckle|[miss]
|-miss|p1a: Rotom-Wash|p2a: Shuckle
|move|p2a: Shuckle|Stealth Rock|p1a: Rotom-Wash
|-sidestart|p1: Queerballsmcgee|move: Stealth Rock
|
|-weather|Sandstorm|[upkeep]
|-damage|p1a: Rotom-Wash|136\/304|[from] sandstorm
|-heal|p1a: Rotom-Wash|155\/304|[from] item: Leftovers
|-damage|p2a: Shuckle|15\/201 brn|[from] brn
|turn|37
|
|move|p1a: Rotom-Wash|Volt Switch|p2a: Shuckle
|-damage|p2a: Shuckle|0 fnt
|faint|p2a: Shuckle
|
|switch|p1a: Gliscor|Gliscor, F|308\/352 tox
|-damage|p1a: Gliscor|264\/352 tox|[from] Stealth Rock
|
|-weather|Sandstorm|[upkeep]
|-heal|p1a: Gliscor|308\/352 tox|[from] ability: Poison Heal
|
|switch|p2a: Tyranitar|Tyranitar, M|354\/404
|-damage|p2a: Tyranitar|304\/404|[from] Stealth Rock
|turn|38
|
|move|p2a: Tyranitar|Pursuit|p1a: Gliscor|[from]Pursuit
|-damage|p1a: Gliscor|221\/352 tox
|switch|p1a: Rotom-Wash|Rotom-Wash|155\/304
|-damage|p1a: Rotom-Wash|117\/304|[from] Stealth Rock
|
|-weather|Sandstorm|[upkeep]
|-damage|p1a: Rotom-Wash|98\/304|[from] sandstorm
|-heal|p1a: Rotom-Wash|117\/304|[from] item: Leftovers
|turn|39
|
|switch|p2a: Rotom-Wash|Rotom-Wash|265\/304
|-damage|p2a: Rotom-Wash|227\/304|[from] Stealth Rock
|move|p1a: Rotom-Wash|Hydro Pump|p2a: Rotom-Wash
|-resisted|p2a: Rotom-Wash
|-damage|p2a: Rotom-Wash|162\/304
|
|-weather|none
|-heal|p1a: Rotom-Wash|136\/304|[from] item: Leftovers
|-heal|p2a: Rotom-Wash|181\/304|[from] item: Leftovers
|turn|40
|
|move|p1a: Rotom-Wash|Pain Split|p2a: Rotom-Wash
|-sethp|p2a: Rotom-Wash|158\/304|p1a: Rotom-Wash|158\/304|[from] move: Pain Split
|move|p2a: Rotom-Wash|Volt Switch|p1a: Rotom-Wash
|-crit|p1a: Rotom-Wash
|-damage|p1a: Rotom-Wash|44\/304
|c|âQueerballsmcgee|double crit
|
|switch|p2a: Excadrill|Excadrill, M|251\/362
|-damage|p2a: Excadrill|240\/362|[from] Stealth Rock
|
|-heal|p1a: Rotom-Wash|63\/304|[from] item: Leftovers
|turn|41
|
|move|p2a: Excadrill|Rock Slide|p1a: Rotom-Wash
|-damage|p1a: Rotom-Wash|0 fnt
|faint|p1a: Rotom-Wash
|
|
|switch|p1a: Chansey|Chansey, F|448\/704
|-damage|p1a: Chansey|360\/704|[from] Stealth Rock
|turn|42
|
|move|p2a: Excadrill|Iron Head|p1a: Chansey
|-damage|p1a: Chansey|158\/704
|cant|p1a: Chansey|flinch
|
|turn|43
|c|âQueerballsmcgee|looooooooooooool
|
|switch|p1a: Gliscor|Gliscor, F|221\/352 tox
|-damage|p1a: Gliscor|177\/352 tox|[from] Stealth Rock
|move|p2a: Excadrill|Iron Head|p1a: Gliscor
|-damage|p1a: Gliscor|62\/352 tox
|
|-heal|p1a: Gliscor|106\/352 tox|[from] ability: Poison Heal
|turn|44
|
|switch|p2a: Tyranitar|Tyranitar, M|304\/404
|-damage|p2a: Tyranitar|254\/404|[from] Stealth Rock
|-weather|Sandstorm
|move|p1a: Gliscor|Earthquake|p2a: Tyranitar
|-supereffective|p2a: Tyranitar
|-damage|p2a: Tyranitar|92\/404
|
|-weather|Sandstorm|[upkeep]
|-heal|p1a: Gliscor|150\/352 tox|[from] ability: Poison Heal
|turn|45
|c|âQueerballsmcgee|people like you
|
|move|p1a: Gliscor|Protect|p1a: Gliscor
|-singleturn|p1a: Gliscor|Protect
|move|p2a: Tyranitar|Ice Beam|p1a: Gliscor
|-activate|p1a: Gliscor|Protect
|
|-weather|Sandstorm|[upkeep]
|-heal|p1a: Gliscor|194\/352 tox|[from] ability: Poison Heal
|turn|46
|
|move|p1a: Gliscor|Earthquake|p2a: Tyranitar
|-supereffective|p2a: Tyranitar
|-damage|p2a: Tyranitar|0 fnt
|faint|p2a: Tyranitar
|
|-weather|Sandstorm|[upkeep]
|-heal|p1a: Gliscor|238\/352 tox|[from] ability: Poison Heal
|
|switch|p2a: Rotom-Wash|Rotom-Wash|158\/304
|-damage|p2a: Rotom-Wash|120\/304|[from] Stealth Rock
|turn|47
|
|move|p1a: Gliscor|Protect|p1a: Gliscor
|-singleturn|p1a: Gliscor|Protect
|move|p2a: Rotom-Wash|Hydro Pump|p1a: Gliscor
|-activate|p1a: Gliscor|Protect
|
|-weather|Sandstorm|[upkeep]
|-damage|p2a: Rotom-Wash|101\/304|[from] sandstorm
|-heal|p2a: Rotom-Wash|120\/304|[from] item: Leftovers
|-heal|p1a: Gliscor|282\/352 tox|[from] ability: Poison Heal
|turn|48
|
|move|p1a: Gliscor|Substitute|p1a: Gliscor
|-start|p1a: Gliscor|Substitute
|-damage|p1a: Gliscor|194\/352 tox
|move|p2a: Rotom-Wash|Hydro Pump|p1a: Gliscor|[miss]
|-miss|p2a: Rotom-Wash|p1a: Gliscor
|
|-weather|Sandstorm|[upkeep]
|-damage|p2a: Rotom-Wash|101\/304|[from] sandstorm
|-heal|p2a: Rotom-Wash|120\/304|[from] item: Leftovers
|-heal|p1a: Gliscor|238\/352 tox|[from] ability: Poison Heal
|turn|49
|
|move|p1a: Gliscor|Toxic|p2a: Rotom-Wash|[miss]
|-miss|p1a: Gliscor|p2a: Rotom-Wash
|move|p2a: Rotom-Wash|Hydro Pump|p1a: Gliscor
|-supereffective|p1a: Gliscor
|-end|p1a: Gliscor|Substitute
|
|-weather|Sandstorm|[upkeep]
|-damage|p2a: Rotom-Wash|101\/304|[from] sandstorm
|-heal|p2a: Rotom-Wash|120\/304|[from] item: Leftovers
|-heal|p1a: Gliscor|282\/352 tox|[from] ability: Poison Heal
|turn|50
|
|move|p1a: Gliscor|Protect|p1a: Gliscor
|-singleturn|p1a: Gliscor|Protect
|move|p2a: Rotom-Wash|Hydro Pump|p1a: Gliscor
|-activate|p1a: Gliscor|Protect
|
|-weather|Sandstorm|[upkeep]
|-damage|p2a: Rotom-Wash|101\/304|[from] sandstorm
|-heal|p2a: Rotom-Wash|120\/304|[from] item: Leftovers
|-heal|p1a: Gliscor|326\/352 tox|[from] ability: Poison Heal
|turn|51
|
|move|p1a: Gliscor|Substitute|p1a: Gliscor
|-start|p1a: Gliscor|Substitute
|-damage|p1a: Gliscor|238\/352 tox
|move|p2a: Rotom-Wash|Pain Split|p1a: Gliscor
|
|-weather|none
|-heal|p2a: Rotom-Wash|139\/304|[from] item: Leftovers
|-heal|p1a: Gliscor|282\/352 tox|[from] ability: Poison Heal
|turn|52
|
|move|p1a: Gliscor|Toxic|p2a: Rotom-Wash
|-status|p2a: Rotom-Wash|tox
|move|p2a: Rotom-Wash|Hydro Pump|p1a: Gliscor
|-supereffective|p1a: Gliscor
|-end|p1a: Gliscor|Substitute
|
|-heal|p2a: Rotom-Wash|158\/304 tox|[from] item: Leftovers
|-heal|p1a: Gliscor|326\/352 tox|[from] ability: Poison Heal
|-damage|p2a: Rotom-Wash|139\/304 tox|[from] psn
|turn|53
|
|move|p1a: Gliscor|Substitute|p1a: Gliscor
|-start|p1a: Gliscor|Substitute
|-damage|p1a: Gliscor|238\/352 tox
|move|p2a: Rotom-Wash|Hydro Pump|p1a: Gliscor|[miss]
|-miss|p2a: Rotom-Wash|p1a: Gliscor
|
|-heal|p2a: Rotom-Wash|158\/304 tox|[from] item: Leftovers
|-heal|p1a: Gliscor|282\/352 tox|[from] ability: Poison Heal
|-damage|p2a: Rotom-Wash|120\/304 tox|[from] psn
|turn|54
|c|âAlvok|yup ... says one haxing now ...
|
|move|p1a: Gliscor|Protect|p1a: Gliscor
|-singleturn|p1a: Gliscor|Protect
|move|p2a: Rotom-Wash|Hydro Pump|p1a: Gliscor
|-activate|p1a: Gliscor|Protect
|
|-heal|p2a: Rotom-Wash|139\/304 tox|[from] item: Leftovers
|-heal|p1a: Gliscor|326\/352 tox|[from] ability: Poison Heal
|-damage|p2a: Rotom-Wash|82\/304 tox|[from] psn
|turn|55
|c|âQueerballsmcgee|crits vs miss
|c|âQueerballsmcgee|which is less likely
|
|move|p1a: Gliscor|Earthquake|p2a: Rotom-Wash
|-immune|p2a: Rotom-Wash|[msg]
|move|p2a: Rotom-Wash|Hydro Pump|p1a: Gliscor
|-supereffective|p1a: Gliscor
|-end|p1a: Gliscor|Substitute
|
|-heal|p2a: Rotom-Wash|101\/304 tox|[from] item: Leftovers
|-heal|p1a: Gliscor|352\/352 tox|[from] ability: Poison Heal
|-damage|p2a: Rotom-Wash|25\/304 tox|[from] psn
|turn|56
|
|move|p1a: Gliscor|Protect|p1a: Gliscor
|-singleturn|p1a: Gliscor|Protect
|move|p2a: Rotom-Wash|Pain Split|p1a: Gliscor
|-activate|p1a: Gliscor|Protect
|
|-heal|p2a: Rotom-Wash|44\/304 tox|[from] item: Leftovers
|-damage|p2a: Rotom-Wash|0 fnt|[from] psn
|faint|p2a: Rotom-Wash
|
|switch|p2a: Excadrill|Excadrill, M|240\/362
|-damage|p2a: Excadrill|229\/362|[from] Stealth Rock
|turn|57
|
|move|p1a: Gliscor|Earthquake|p2a: Excadrill
|-supereffective|p2a: Excadrill
|-damage|p2a: Excadrill|0 fnt
|faint|p2a: Excadrill
|
|-message|Alvok forfeited.
|
|win|Queerballsmcgee
|raw|Ladder updating...
|leave|Alvok
|player|p2
|raw|Queerballsmcgee's rating: 1880 &rarr; <strong>1892<\/strong><br \/>(+12 for winning)
|raw|Alvok's rating: 1725 &rarr; <strong>1714<\/strong><br \/>(-11 for losing)
|c|âQueerballsmcgee|yeah