|join|Alvok
|join|DaPowwaaa!!
|player|p1|Alvok|256
|player|p2|DaPowwaaa!!|258
|gametype|singles
|gen|6
|tier|OU
|clearpoke
|poke|p1|Latios, M
|poke|p1|Medicham, M
|poke|p1|Landorus-Therian, M, shiny
|poke|p1|Heatran, F
|poke|p1|Slowbro, M
|poke|p1|Greninja, M, shiny
|poke|p2|Medicham, M
|poke|p2|Azumarill, M
|poke|p2|Thundurus, M
|poke|p2|Landorus, M
|poke|p2|Clefable, M
|poke|p2|Tyranitar, F
|rule|Swagger Clause: Swagger is banned
|rule|Baton Pass Clause: Limit one PokÃ©mon knowing Baton Pass
|rule|Sleep Clause Mod: Limit one foe put to sleep
|rule|Species Clause: Limit one of each PokÃ©mon
|rule|OHKO Clause: OHKO moves are banned
|rule|Moody Clause: Moody is banned
|rule|Evasion Moves Clause: Evasion moves are banned
|rule|Endless Battle Clause: Forcing endless battles is banned
|rule|HP Percentage Mod: HP is shown in percentages
|teampreview
|c|âAlvok|oh new team?
|c|âDaPowwaaa!!|naww
|c|âDaPowwaaa!!|my fwends team
|c|âAlvok|oh
|
|start
|switch|p1a: Landorus-Therian|Landorus-Therian, M, shiny|325\/325
|switch|p2a: Tyranitar|Tyranitar, F|341\/341
|-ability|p1a: Landorus-Therian|Intimidate|[of] p2a: Tyranitar
|-unboost|p2a: Tyranitar|atk|1
|-weather|Sandstorm
|turn|1
|
|move|p1a: Landorus-Therian|U-turn|p2a: Tyranitar
|-supereffective|p2a: Tyranitar
|-damage|p2a: Tyranitar|165\/341
|c|âDaPowwaaa!!|lol
|
|switch|p1a: Heatran|Heatran, F|386\/386
|move|p2a: Tyranitar|Ice Beam|p1a: Heatran
|-resisted|p1a: Heatran
|-damage|p1a: Heatran|375\/386
|
|-weather|Sandstorm|[upkeep]
|-heal|p1a: Heatran|386\/386|[from] item: Leftovers
|turn|2
|c|âDaPowwaaa!!|ooops
|c|âDaPowwaaa!!|revealed
|c|âAlvok|lol
|
|switch|p2a: Medicham|Medicham, M|324\/324
|move|p1a: Heatran|Stealth Rock|p2a: Medicham
|-sidestart|p2: DaPowwaaa!!|move: Stealth Rock
|
|-weather|Sandstorm|[upkeep]
|-damage|p2a: Medicham|304\/324|[from] sandstorm
|turn|3
|
|switch|p1a: Slowbro|Slowbro, M|394\/394
|detailschange|p2a: Medicham|Medicham-Mega, M
|message|Medicham has Mega Evolved into Mega Medicham!
|move|p2a: Medicham|Zen Headbutt|p1a: Slowbro
|-resisted|p1a: Slowbro
|-damage|p1a: Slowbro|311\/394
|
|-weather|Sandstorm|[upkeep]
|-damage|p2a: Medicham|284\/324|[from] sandstorm
|-damage|p1a: Slowbro|287\/394|[from] sandstorm
|-heal|p1a: Slowbro|311\/394|[from] item: Leftovers
|turn|4
|c|âDaPowwaaa!!|ahh shit
|c|âDaPowwaaa!!|dis team
|c|âDaPowwaaa!!|is shit
|c|âDaPowwaaa!!|lol
|c|âAlvok|o.o
|c|âDaPowwaaa!!|soo many weaknesses
|c|âDaPowwaaa!!|and rocks rek meh
|c|âDaPowwaaa!!|lol
|
|switch|p2a: Clefable|Clefable, M|394\/394
|move|p1a: Slowbro|Scald|p2a: Clefable
|-damage|p2a: Clefable|324\/394
|
|-weather|Sandstorm|[upkeep]
|-damage|p1a: Slowbro|287\/394|[from] sandstorm
|-heal|p2a: Clefable|348\/394|[from] item: Leftovers
|-heal|p1a: Slowbro|311\/394|[from] item: Leftovers
|turn|5
|
|switch|p1a: Heatran|Heatran, F|386\/386
|move|p2a: Clefable|Toxic|p1a: Heatran
|-fail|p1a: Heatran
|
|-weather|none
|-heal|p2a: Clefable|372\/394|[from] item: Leftovers
|turn|6
|
|switch|p2a: Landorus|Landorus, M|320\/320
|-damage|p2a: Landorus|280\/320|[from] Stealth Rock
|move|p1a: Heatran|Roar|p2a: Landorus
|drag|p2a: Clefable|Clefable, M|372\/394
|
|-heal|p2a: Clefable|394\/394|[from] item: Leftovers
|turn|7
|
|switch|p2a: Landorus|Landorus, M|280\/320
|-damage|p2a: Landorus|240\/320|[from] Stealth Rock
|move|p1a: Heatran|Lava Plume|p2a: Landorus
|-damage|p2a: Landorus|102\/320
|
|turn|8
|
|switch|p1a: Latios|Latios, M|302\/302
|move|p2a: Landorus|Stealth Rock|p1a: Latios
|-sidestart|p1: Alvok|move: Stealth Rock
|
|turn|9
|
|switch|p2a: Tyranitar|Tyranitar, F|165\/341
|-damage|p2a: Tyranitar|123\/341|[from] Stealth Rock
|-weather|Sandstorm
|move|p1a: Latios|Psyshock|p2a: Tyranitar
|-immune|p2a: Tyranitar|[msg]
|
|-weather|Sandstorm|[upkeep]
|-damage|p1a: Latios|284\/302|[from] sandstorm
|turn|10
|c|âDaPowwaaa!!|ahh noice trap
|c|âDaPowwaaa!!|pursuit
|c|âAlvok|lel
|
|move|p2a: Tyranitar|Crunch|p1a: Latios
|-supereffective|p1a: Latios
|-damage|p1a: Latios|0 fnt
|faint|p1a: Latios
|
|-weather|Sandstorm|[upkeep]
|c|âDaPowwaaa!!|jk
|c|âDaPowwaaa!!|lol
|
|switch|p1a: Medicham|Medicham, M|261\/261
|-damage|p1a: Medicham|245\/261|[from] Stealth Rock
|turn|11
|
|detailschange|p1a: Medicham|Medicham-Mega, M
|message|Medicham has Mega Evolved into Mega Medicham!
|move|p2a: Tyranitar|Crunch|p1a: Medicham
|-damage|p1a: Medicham|68\/261
|move|p1a: Medicham|Substitute|p1a: Medicham
|-start|p1a: Medicham|Substitute
|-damage|p1a: Medicham|3\/261
|
|-weather|Sandstorm|[upkeep]
|-damage|p1a: Medicham|0 fnt|[from] sandstorm
|faint|p1a: Medicham
|c|âDaPowwaaa!!|lol
|c|âAlvok|god dammit sandstorm lol
|
|switch|p1a: Landorus-Therian|Landorus-Therian, M, shiny|325\/325
|-damage|p1a: Landorus-Therian|285\/325|[from] Stealth Rock
|-ability|p1a: Landorus-Therian|Intimidate|[of] p2a: Tyranitar
|-unboost|p2a: Tyranitar|atk|1
|turn|12
|c|âDaPowwaaa!!|gettin rekt
|c|âDaPowwaaa!!|i see
|c|âDaPowwaaa!!|jk
|
|switch|p2a: Clefable|Clefable, M|394\/394
|move|p1a: Landorus-Therian|U-turn|p2a: Clefable
|-resisted|p2a: Clefable
|-damage|p2a: Clefable|326\/394
|
|switch|p1a: Heatran|Heatran, F|386\/386
|-damage|p1a: Heatran|338\/386|[from] Stealth Rock
|
|-weather|Sandstorm|[upkeep]
|-heal|p1a: Heatran|362\/386|[from] item: Leftovers
|-heal|p2a: Clefable|350\/394|[from] item: Leftovers
|turn|13
|
|move|p1a: Heatran|Lava Plume|p2a: Clefable
|-damage|p2a: Clefable|259\/394
|move|p2a: Clefable|Moonblast|p1a: Heatran
|-resisted|p1a: Heatran
|-damage|p1a: Heatran|345\/386
|
|-weather|none
|-heal|p1a: Heatran|369\/386|[from] item: Leftovers
|-heal|p2a: Clefable|283\/394|[from] item: Leftovers
|turn|14
|
|move|p1a: Heatran|Lava Plume|p2a: Clefable
|-damage|p2a: Clefable|190\/394
|move|p2a: Clefable|Soft-Boiled|p2a: Clefable
|-heal|p2a: Clefable|387\/394
|
|-heal|p1a: Heatran|386\/386|[from] item: Leftovers
|-heal|p2a: Clefable|394\/394|[from] item: Leftovers
|turn|15
|
|move|p1a: Heatran|Lava Plume|p2a: Clefable
|-damage|p2a: Clefable|304\/394
|move|p2a: Clefable|Moonblast|p1a: Heatran
|-resisted|p1a: Heatran
|-damage|p1a: Heatran|367\/386
|
|-heal|p1a: Heatran|386\/386|[from] item: Leftovers
|-heal|p2a: Clefable|328\/394|[from] item: Leftovers
|turn|16
|
|move|p1a: Heatran|Lava Plume|p2a: Clefable
|-damage|p2a: Clefable|238\/394
|move|p2a: Clefable|Soft-Boiled|p2a: Clefable
|-heal|p2a: Clefable|394\/394
|
|turn|17
|
|move|p1a: Heatran|Lava Plume|p2a: Clefable
|-damage|p2a: Clefable|307\/394
|move|p2a: Clefable|Moonblast|p1a: Heatran
|-resisted|p1a: Heatran
|-damage|p1a: Heatran|367\/386
|-unboost|p1a: Heatran|spa|1
|
|-heal|p1a: Heatran|386\/386|[from] item: Leftovers
|-heal|p2a: Clefable|331\/394|[from] item: Leftovers
|turn|18
|
|move|p1a: Heatran|Lava Plume|p2a: Clefable
|-damage|p2a: Clefable|270\/394
|move|p2a: Clefable|Soft-Boiled|p2a: Clefable
|-heal|p2a: Clefable|394\/394
|
|turn|19
|
|move|p2a: Clefable|Heal Bell|p2a: Clefable
|-cureteam|p2a: Clefable|[from] move: HealBell
|move|p1a: Heatran|Roar|p2a: Clefable
|drag|p2a: Landorus|Landorus, M|102\/320
|-damage|p2a: Landorus|62\/320|[from] Stealth Rock
|
|turn|20
|
|switch|p1a: Landorus-Therian|Landorus-Therian, M, shiny|285\/325
|-damage|p1a: Landorus-Therian|245\/325|[from] Stealth Rock
|-ability|p1a: Landorus-Therian|Intimidate|[of] p2a: Landorus
|-unboost|p2a: Landorus|atk|1
|move|p2a: Landorus|Focus Blast|p1a: Landorus-Therian
|-crit|p1a: Landorus-Therian
|-resisted|p1a: Landorus-Therian
|-damage|p1a: Landorus-Therian|44\/325
|
|turn|21
|c|âDaPowwaaa!!|oo
|c|âAlvok|yuck
|c|âDaPowwaaa!!|lol
|
|switch|p2a: Clefable|Clefable, M|394\/394
|move|p1a: Landorus-Therian|Knock Off|p2a: Clefable
|-resisted|p2a: Clefable
|-damage|p2a: Clefable|299\/394
|-enditem|p2a: Clefable|Leftovers|[from] move: Knock Off|[of] p1a: Landorus-Therian
|
|turn|22
|
|switch|p1a: Heatran|Heatran, F|386\/386
|-damage|p1a: Heatran|338\/386|[from] Stealth Rock
|move|p2a: Clefable|Toxic|p1a: Heatran
|-fail|p1a: Heatran
|
|-heal|p1a: Heatran|362\/386|[from] item: Leftovers
|turn|23
|
|move|p2a: Clefable|Soft-Boiled|p2a: Clefable
|-heal|p2a: Clefable|394\/394
|move|p1a: Heatran|Roar|p2a: Clefable
|drag|p2a: Thundurus|Thundurus, M|300\/300
|-damage|p2a: Thundurus|225\/300|[from] Stealth Rock
|
|-heal|p1a: Heatran|386\/386|[from] item: Leftovers
|turn|24
|
|move|p2a: Thundurus|Focus Blast|p1a: Heatran
|-supereffective|p1a: Heatran
|-damage|p1a: Heatran|139\/386
|-damage|p2a: Thundurus|195\/300|[from] item: Life Orb
|move|p1a: Heatran|Lava Plume|p2a: Thundurus
|-damage|p2a: Thundurus|59\/300
|
|-heal|p1a: Heatran|163\/386|[from] item: Leftovers
|turn|25
|c|âAlvok|yeap i think i just lost
|
|switch|p1a: Greninja|Greninja, M, shiny|286\/286
|-damage|p1a: Greninja|251\/286|[from] Stealth Rock
|move|p2a: Thundurus|Focus Blast|p1a: Greninja
|-crit|p1a: Greninja
|-supereffective|p1a: Greninja
|-damage|p1a: Greninja|0 fnt
|-damage|p2a: Thundurus|29\/300|[from] item: Life Orb
|faint|p1a: Greninja
|
|
|switch|p1a: Landorus-Therian|Landorus-Therian, M, shiny|44\/325
|-damage|p1a: Landorus-Therian|4\/325|[from] Stealth Rock
|-ability|p1a: Landorus-Therian|Intimidate|[of] p2a: Thundurus
|-unboost|p2a: Thundurus|atk|1
|turn|26
|c|âDaPowwaaa!!|yep
|c|âDaPowwaaa!!|lol
|c|âAlvok|gg
|
|move|p1a: Landorus-Therian|Knock Off|p2a: Thundurus
|-damage|p2a: Thundurus|0 fnt
|-enditem|p2a: Thundurus|Life Orb|[from] move: Knock Off|[of] p1a: Landorus-Therian
|faint|p2a: Thundurus
|
|
|switch|p2a: Tyranitar|Tyranitar, F|123\/341
|-damage|p2a: Tyranitar|81\/341|[from] Stealth Rock
|-weather|Sandstorm
|turn|27
|c|âAlvok|that stupid sub on my megacham
|
|move|p1a: Landorus-Therian|Knock Off|p2a: Tyranitar
|-resisted|p2a: Tyranitar
|-damage|p2a: Tyranitar|16\/341
|-enditem|p2a: Tyranitar|Choice Scarf|[from] move: Knock Off|[of] p1a: Landorus-Therian
|move|p2a: Tyranitar|Crunch|p1a: Landorus-Therian
|-damage|p1a: Landorus-Therian|0 fnt
|faint|p1a: Landorus-Therian
|
|-weather|Sandstorm|[upkeep]
|c|âDaPowwaaa!!|ikr
|
|switch|p1a: Heatran|Heatran, F|163\/386
|-damage|p1a: Heatran|115\/386|[from] Stealth Rock
|turn|28
|
|move|p2a: Tyranitar|Crunch|p1a: Heatran
|-damage|p1a: Heatran|0 fnt
|faint|p1a: Heatran
|
|-weather|Sandstorm|[upkeep]
|
|switch|p1a: Slowbro|Slowbro, M|394\/394
|-damage|p1a: Slowbro|345\/394|[from] Stealth Rock
|turn|29
|
|move|p2a: Tyranitar|Crunch|p1a: Slowbro
|-supereffective|p1a: Slowbro
|-damage|p1a: Slowbro|139\/394
|-unboost|p1a: Slowbro|def|1
|move|p1a: Slowbro|Scald|p2a: Tyranitar
|-supereffective|p2a: Tyranitar
|-damage|p2a: Tyranitar|0 fnt
|faint|p2a: Tyranitar
|
|-weather|Sandstorm|[upkeep]
|-damage|p1a: Slowbro|115\/394|[from] sandstorm
|-heal|p1a: Slowbro|139\/394|[from] item: Leftovers
|
|switch|p2a: Medicham|Medicham-Mega, M|284\/324
|-damage|p2a: Medicham|264\/324|[from] Stealth Rock
|turn|30
|
|move|p2a: Medicham|Fake Out|p1a: Slowbro
|-damage|p1a: Slowbro|49\/394
|cant|p1a: Slowbro|flinch
|
|-weather|Sandstorm|[upkeep]
|-damage|p2a: Medicham|244\/324|[from] sandstorm
|-damage|p1a: Slowbro|25\/394|[from] sandstorm
|-heal|p1a: Slowbro|49\/394|[from] item: Leftovers
|turn|31
|
|move|p2a: Medicham|Drain Punch|p1a: Slowbro
|-crit|p1a: Slowbro
|-resisted|p1a: Slowbro
|-damage|p1a: Slowbro|0 fnt
|-heal|p2a: Medicham|269\/324|[from] drain|[of] p1a: Slowbro
|faint|p1a: Slowbro
|
|win|DaPowwaaa!!
|c|âAlvok|gg
|c|âDaPowwaaa!!|gg
|leave|Alvok
|player|p1