|join|Alvok
|join|Gang Member
|player|p1|Alvok|256
|player|p2|Gang Member|126
|gametype|singles
|gen|6
|tier|OU
|rated
|clearpoke
|poke|p1|Ludicolo, M, shiny
|poke|p1|Politoed, F
|poke|p1|Kingdra, M
|poke|p1|Tornadus-Therian, M
|poke|p1|Swampert, M
|poke|p1|Skarmory, F
|poke|p2|Rotom-Wash, shiny
|poke|p2|Dragonite, M
|poke|p2|Blissey, F
|poke|p2|Landorus-Therian, M
|poke|p2|Skarmory, M
|poke|p2|Venusaur, F, shiny
|rule|Swagger Clause: Swagger is banned
|rule|Baton Pass Clause: Limit one PokÃ©mon knowing Baton Pass
|rule|Sleep Clause Mod: Limit one foe put to sleep
|rule|Species Clause: Limit one of each PokÃ©mon
|rule|OHKO Clause: OHKO moves are banned
|rule|Moody Clause: Moody is banned
|rule|Evasion Moves Clause: Evasion moves are banned
|rule|Endless Battle Clause: Forcing endless battles is banned
|rule|HP Percentage Mod: HP is shown in percentages
|teampreview
|
|start
|switch|p1a: Skarmory|Skarmory, F|334\/334
|switch|p2a: Rotom-Wash|Rotom-Wash, shiny|304\/304
|turn|1
|
|move|p2a: Rotom-Wash|Trick|p1a: Skarmory
|-activate|p2a: Rotom-Wash|move: Trick|[of] p1a: Skarmory
|-item|p1a: Skarmory|Choice Scarf|[from] move: Trick
|-item|p2a: Rotom-Wash|Mental Herb|[from] move: Trick
|move|p1a: Skarmory|Stealth Rock|p2a: Rotom-Wash
|-sidestart|p2: Gang Member|move: Stealth Rock
|
|turn|2
|
|switch|p1a: Politoed|Politoed, F|384\/384
|-weather|RainDance
|move|p2a: Rotom-Wash|Thunder Wave|p1a: Politoed
|-status|p1a: Politoed|par
|
|-weather|RainDance|[upkeep]
|turn|3
|
|switch|p1a: Tornadus-Therian|Tornadus-Therian, M|334\/334
|move|p2a: Rotom-Wash|Confuse Ray|p1a: Tornadus-Therian
|-start|p1a: Tornadus-Therian|confusion
|
|-weather|RainDance|[upkeep]
|turn|4
|
|-activate|p1a: Tornadus-Therian|confusion
|-damage|p1a: Tornadus-Therian|300\/334|[from] confusion
|move|p2a: Rotom-Wash|Thunder Wave|p1a: Tornadus-Therian
|-status|p1a: Tornadus-Therian|par
|
|-weather|RainDance|[upkeep]
|turn|5
|c|âAlvok|....
|
|move|p2a: Rotom-Wash|Thunderbolt|p1a: Tornadus-Therian
|-supereffective|p1a: Tornadus-Therian
|-damage|p1a: Tornadus-Therian|142\/334 par
|-activate|p1a: Tornadus-Therian|confusion
|-damage|p1a: Tornadus-Therian|108\/334 par|[from] confusion
|
|-weather|RainDance|[upkeep]
|turn|6
|c|âAlvok|are you
|c|âAlvok|serious
|
|switch|p1a: Ludicolo|Ludicolo, M, shiny|309\/309
|move|p2a: Rotom-Wash|Confuse Ray|p1a: Ludicolo
|-start|p1a: Ludicolo|confusion
|
|-weather|RainDance|[upkeep]
|turn|7
|
|-activate|p1a: Ludicolo|confusion
|move|p1a: Ludicolo|Giga Drain|p2a: Rotom-Wash
|-supereffective|p2a: Rotom-Wash
|-damage|p2a: Rotom-Wash|99\/304
|-damage|p1a: Ludicolo|279\/309|[from] item: Life Orb
|move|p2a: Rotom-Wash|Thunder Wave|p1a: Ludicolo
|-status|p1a: Ludicolo|par
|
|-weather|RainDance|[upkeep]
|turn|8
|
|move|p2a: Rotom-Wash|Trick|p1a: Ludicolo
|-activate|p2a: Rotom-Wash|move: Trick|[of] p1a: Ludicolo
|-item|p1a: Ludicolo|Mental Herb|[from] move: Trick
|-item|p2a: Rotom-Wash|Life Orb|[from] move: Trick
|cant|p1a: Ludicolo|par
|
|-weather|RainDance|[upkeep]
|turn|9
|c|âAlvok|....
|
|switch|p2a: Skarmory|Skarmory, M|334\/334
|-damage|p2a: Skarmory|293\/334|[from] Stealth Rock
|-activate|p1a: Ludicolo|confusion
|-damage|p1a: Ludicolo|247\/309 par|[from] confusion
|
|-weather|none
|-heal|p2a: Skarmory|313\/334|[from] item: Leftovers
|turn|10
|
|move|p2a: Skarmory|Spikes|p1a: Ludicolo
|-sidestart|p1: Alvok|Spikes
|cant|p1a: Ludicolo|par
|
|-heal|p2a: Skarmory|333\/334|[from] item: Leftovers
|turn|11
|c|âAlvok|are you fucking kidding me
|
|move|p2a: Skarmory|Spikes|p1a: Ludicolo
|-sidestart|p1: Alvok|Spikes
|-activate|p1a: Ludicolo|confusion
|move|p1a: Ludicolo|Hydro Pump|p2a: Skarmory
|-damage|p2a: Skarmory|125\/334
|
|-heal|p2a: Skarmory|145\/334|[from] item: Leftovers
|turn|12
|
|move|p2a: Skarmory|Roost|p2a: Skarmory
|-heal|p2a: Skarmory|312\/334
|cant|p1a: Ludicolo|par
|
|-heal|p2a: Skarmory|332\/334|[from] item: Leftovers
|turn|13
|
|switch|p1a: Politoed|Politoed, F|384\/384 par
|-damage|p1a: Politoed|320\/384 par|[from] Spikes
|-weather|RainDance
|move|p2a: Skarmory|Spikes|p1a: Politoed
|-sidestart|p1: Alvok|Spikes
|
|-weather|RainDance|[upkeep]
|-heal|p2a: Skarmory|334\/334|[from] item: Leftovers
|turn|14
|
|cant|p1a: Politoed|par
|move|p2a: Skarmory|Whirlwind|p1a: Politoed
|drag|p1a: Tornadus-Therian|Tornadus-Therian, M|219\/334 par
|
|-weather|RainDance|[upkeep]
|turn|15
|
|switch|p2a: Landorus-Therian|Landorus-Therian, M|382\/382
|-damage|p2a: Landorus-Therian|335\/382|[from] Stealth Rock
|-ability|p2a: Landorus-Therian|Intimidate|[of] p1a: Tornadus-Therian
|-unboost|p1a: Tornadus-Therian|atk|1
|move|p1a: Tornadus-Therian|Hurricane|p2a: Landorus-Therian
|-crit|p2a: Landorus-Therian
|-damage|p2a: Landorus-Therian|37\/382
|
|-weather|RainDance|[upkeep]
|turn|16
|
|switch|p1a: Skarmory|Skarmory, F|334\/334
|move|p2a: Landorus-Therian|Stealth Rock|p1a: Skarmory
|-sidestart|p1: Alvok|move: Stealth Rock
|
|-weather|RainDance|[upkeep]
|turn|17
|
|switch|p2a: Skarmory|Skarmory, M|334\/334
|-damage|p2a: Skarmory|293\/334|[from] Stealth Rock
|move|p1a: Skarmory|Spikes|p2a: Skarmory
|-sidestart|p2: Gang Member|Spikes
|
|-weather|RainDance|[upkeep]
|-heal|p2a: Skarmory|313\/334|[from] item: Leftovers
|turn|18
|
|move|p1a: Skarmory|Spikes|p2a: Skarmory
|-sidestart|p2: Gang Member|Spikes
|move|p2a: Skarmory|Whirlwind|p1a: Skarmory
|drag|p1a: Ludicolo|Ludicolo, M, shiny|247\/309 par
|-damage|p1a: Ludicolo|209\/309 par|[from] Stealth Rock
|-damage|p1a: Ludicolo|132\/309 par|[from] Spikes
|
|-weather|RainDance|[upkeep]
|-heal|p2a: Skarmory|333\/334|[from] item: Leftovers
|turn|19
|
|move|p1a: Ludicolo|Hydro Pump|p2a: Skarmory
|-damage|p2a: Skarmory|11\/334
|move|p2a: Skarmory|Whirlwind|p1a: Ludicolo
|drag|p1a: Skarmory|Skarmory, F|334\/334
|-damage|p1a: Skarmory|293\/334|[from] Stealth Rock
|
|-weather|RainDance|[upkeep]
|-heal|p2a: Skarmory|31\/334|[from] item: Leftovers
|turn|20
|
|move|p1a: Skarmory|Spikes|p2a: Skarmory
|-sidestart|p2: Gang Member|Spikes
|move|p2a: Skarmory|Roost|p2a: Skarmory
|-heal|p2a: Skarmory|198\/334
|
|-weather|none
|-heal|p2a: Skarmory|218\/334|[from] item: Leftovers
|turn|21
|
|switch|p1a: Politoed|Politoed, F|320\/384 par
|-damage|p1a: Politoed|272\/384 par|[from] Stealth Rock
|-damage|p1a: Politoed|176\/384 par|[from] Spikes
|-weather|RainDance
|move|p2a: Skarmory|Whirlwind|p1a: Politoed
|drag|p1a: Tornadus-Therian|Tornadus-Therian, M|330\/334 par
|-damage|p1a: Tornadus-Therian|247\/334 par|[from] Stealth Rock
|
|-weather|RainDance|[upkeep]
|-heal|p2a: Skarmory|238\/334|[from] item: Leftovers
|turn|22
|
|move|p2a: Skarmory|Roost|p2a: Skarmory
|-heal|p2a: Skarmory|334\/334
|move|p1a: Tornadus-Therian|Hurricane|p2a: Skarmory
|-resisted|p2a: Skarmory
|-damage|p2a: Skarmory|233\/334
|
|-weather|RainDance|[upkeep]
|-heal|p2a: Skarmory|253\/334|[from] item: Leftovers
|turn|23
|
|move|p1a: Tornadus-Therian|Focus Blast|p2a: Skarmory
|-damage|p2a: Skarmory|100\/334
|move|p2a: Skarmory|Whirlwind|p1a: Tornadus-Therian
|drag|p1a: Kingdra|Kingdra, M|297\/297
|-damage|p1a: Kingdra|260\/297|[from] Stealth Rock
|-damage|p1a: Kingdra|186\/297|[from] Spikes
|
|-weather|RainDance|[upkeep]
|-heal|p2a: Skarmory|120\/334|[from] item: Leftovers
|turn|24
|
|switch|p2a: Blissey|Blissey, F|714\/714
|-damage|p2a: Blissey|625\/714|[from] Stealth Rock
|-damage|p2a: Blissey|447\/714|[from] Spikes
|move|p1a: Kingdra|Scald|p2a: Blissey
|-damage|p2a: Blissey|212\/714
|
|-weather|RainDance|[upkeep]
|-heal|p2a: Blissey|256\/714|[from] item: Leftovers
|turn|25
|
|move|p2a: Blissey|Protect|p2a: Blissey
|-singleturn|p2a: Blissey|Protect
|move|p1a: Kingdra|Scald|p2a: Blissey
|-activate|p2a: Blissey|Protect
|
|-weather|RainDance|[upkeep]
|-heal|p2a: Blissey|300\/714|[from] item: Leftovers
|turn|26
|
|switch|p1a: Swampert|Swampert, M|342\/342
|-damage|p1a: Swampert|321\/342|[from] Stealth Rock
|-damage|p1a: Swampert|236\/342|[from] Spikes
|move|p2a: Blissey|Wish|p2a: Blissey
|
|-weather|RainDance|[upkeep]
|-heal|p2a: Blissey|344\/714|[from] item: Leftovers
|turn|27
|
|switch|p2a: GSP (blanket time)|Venusaur, F, shiny|364\/364
|-damage|p2a: GSP (blanket time)|273\/364|[from] Spikes
|-damage|p2a: GSP (blanket time)|228\/364|[from] Stealth Rock
|detailschange|p1a: Swampert|Swampert-Mega, M
|message|Swampert has Mega Evolved into Mega Swampert!
|move|p1a: Swampert|Power-Up Punch|p2a: GSP (blanket time)
|-resisted|p2a: GSP (blanket time)
|-damage|p2a: GSP (blanket time)|203\/364
|-boost|p1a: Swampert|atk|1
|
|-weather|RainDance|[upkeep]
|-heal|p2a: GSP (blanket time)|364\/364|[from] move: Wish|[wisher] Blissey
|turn|28
|
|switch|p1a: Tornadus-Therian|Tornadus-Therian, M|334\/334 par
|-damage|p1a: Tornadus-Therian|251\/334 par|[from] Stealth Rock
|detailschange|p2a: GSP (blanket time)|Venusaur-Mega, F, shiny
|message|Venusaur has Mega Evolved into Mega Venusaur!
|move|p2a: GSP (blanket time)|Leech Seed|p1a: Tornadus-Therian
|-start|p1a: Tornadus-Therian|move: Leech Seed
|
|-weather|none
|-damage|p1a: Tornadus-Therian|210\/334 par|[from] Leech Seed|[of] p2a: GSP (blanket time)
|turn|29
|
|switch|p2a: Rotom-Wash|Rotom-Wash, shiny|99\/304
|-damage|p2a: Rotom-Wash|61\/304|[from] Stealth Rock
|move|p1a: Tornadus-Therian|Hurricane|p2a: Rotom-Wash|[miss]
|-miss|p1a: Tornadus-Therian|p2a: Rotom-Wash
|
|-damage|p1a: Tornadus-Therian|169\/334 par|[from] Leech Seed|[of] p2a: Rotom-Wash
|-heal|p2a: Rotom-Wash|102\/304|[silent]
|turn|30
|
|move|p2a: Rotom-Wash|Confuse Ray|p1a: Tornadus-Therian
|-start|p1a: Tornadus-Therian|confusion
|-activate|p1a: Tornadus-Therian|confusion
|-damage|p1a: Tornadus-Therian|132\/334 par|[from] confusion
|
|-damage|p1a: Tornadus-Therian|91\/334 par|[from] Leech Seed|[of] p2a: Rotom-Wash
|-heal|p2a: Rotom-Wash|143\/304|[silent]
|turn|31
|c|âAlvok|wow
|
|switch|p1a: Politoed|Politoed, F|176\/384 par
|-damage|p1a: Politoed|80\/384 par|[from] Spikes
|-damage|p1a: Politoed|32\/384 par|[from] Stealth Rock
|-weather|RainDance
|move|p2a: Rotom-Wash|Thunderbolt|p1a: Politoed
|-supereffective|p1a: Politoed
|-damage|p1a: Politoed|0 fnt
|-damage|p2a: Rotom-Wash|113\/304|[from] item: Life Orb
|faint|p1a: Politoed
|
|-weather|RainDance|[upkeep]
|
|switch|p1a: Swampert|Swampert-Mega, M|236\/342
|-damage|p1a: Swampert|151\/342|[from] Spikes
|-damage|p1a: Swampert|130\/342|[from] Stealth Rock
|turn|32
|
|switch|p2a: Landorus-Therian|Landorus-Therian, M|37\/382
|-damage|p2a: Landorus-Therian|0 fnt|[from] Stealth Rock
|faint|p2a: Landorus-Therian
|move|p1a: Swampert|Waterfall|p2: Landorus-Therian|[notarget]
|-notarget
|
|-weather|RainDance|[upkeep]
|
|switch|p2a: GSP (blanket time)|Venusaur-Mega, F, shiny|364\/364
|-damage|p2a: GSP (blanket time)|319\/364|[from] Stealth Rock
|-damage|p2a: GSP (blanket time)|228\/364|[from] Spikes
|turn|33
|
|move|p1a: Swampert|Earthquake|p2a: GSP (blanket time)
|-damage|p2a: GSP (blanket time)|99\/364
|move|p2a: GSP (blanket time)|Synthesis|p2a: GSP (blanket time)
|-heal|p2a: GSP (blanket time)|190\/364
|
|-weather|RainDance|[upkeep]
|turn|34
|
|switch|p1a: Tornadus-Therian|Tornadus-Therian, M|202\/334 par
|-damage|p1a: Tornadus-Therian|119\/334 par|[from] Stealth Rock
|move|p2a: GSP (blanket time)|Sludge Bomb|p1a: Tornadus-Therian
|-damage|p1a: Tornadus-Therian|35\/334 par
|
|-weather|RainDance|[upkeep]
|turn|35
|
|switch|p1a: Skarmory|Skarmory, F|293\/334
|-damage|p1a: Skarmory|252\/334|[from] Stealth Rock
|move|p2a: GSP (blanket time)|Synthesis|p2a: GSP (blanket time)
|-heal|p2a: GSP (blanket time)|281\/364
|
|-weather|RainDance|[upkeep]
|turn|36
|
|move|p1a: Skarmory|Taunt|p2a: GSP (blanket time)
|-start|p2a: GSP (blanket time)|move: Taunt
|cant|p2a: GSP (blanket time)|move: Taunt|Roar
|
|-weather|RainDance|[upkeep]
|turn|37
|
|switch|p1a: Tornadus-Therian|Tornadus-Therian, M|146\/334 par
|-damage|p1a: Tornadus-Therian|63\/334 par|[from] Stealth Rock
|switch|p2a: Dragonite|Dragonite, M|386\/386
|-damage|p2a: Dragonite|290\/386|[from] Stealth Rock
|
|-weather|RainDance|[upkeep]
|-heal|p2a: Dragonite|314\/386|[from] item: Leftovers
|turn|38
|
|move|p2a: Dragonite|Substitute|p2a: Dragonite
|-start|p2a: Dragonite|Substitute
|-damage|p2a: Dragonite|218\/386
|cant|p1a: Tornadus-Therian|par
|
|-weather|none
|-heal|p2a: Dragonite|242\/386|[from] item: Leftovers
|turn|39
|c|âAlvok|....
|c|âAlvok|are you serious
|-message|Alvok forfeited.
|
|win|Gang Member
|raw|Ladder updating...
|leave|Alvok
|player|p1
|raw|Alvok's rating: 1356 &rarr; <strong>1336<\/strong><br \/>(-20 for losing)
|raw|Gang Member's rating: 1364 &rarr; <strong>1384<\/strong><br \/>(+20 for winning)