|join|watch cats
|join|Alvok
|player|p1|watch cats|290
|player|p2|Alvok|256
|gametype|singles
|gen|6
|tier|OU
|rated
|clearpoke
|poke|p1|Bisharp, M
|poke|p1|Venusaur, F
|poke|p1|Heatran, F
|poke|p1|Keldeo
|poke|p1|Chansey, F
|poke|p1|Skarmory, M
|poke|p2|Latias, F
|poke|p2|Scizor, M
|poke|p2|Landorus-Therian, M, shiny
|poke|p2|Heatran, F
|poke|p2|Slowbro, M
|poke|p2|Conkeldurr, M
|rule|Swagger Clause: Swagger is banned
|rule|Baton Pass Clause: Limit one PokÃ©mon knowing Baton Pass
|rule|Sleep Clause Mod: Limit one foe put to sleep
|rule|Species Clause: Limit one of each PokÃ©mon
|rule|OHKO Clause: OHKO moves are banned
|rule|Moody Clause: Moody is banned
|rule|Evasion Moves Clause: Evasion moves are banned
|rule|Endless Battle Clause: Forcing endless battles is banned
|rule|HP Percentage Mod: HP is shown in percentages
|teampreview
|join|Appreciation
|
|start
|switch|p1a: Heatran|Heatran, F|340\/340
|switch|p2a: Landorus-Therian|Landorus-Therian, M, shiny|320\/320
|-ability|p2a: Landorus-Therian|Intimidate|[of] p1a: Heatran
|-unboost|p1a: Heatran|atk|1
|-item|p1a: Heatran|Air Balloon
|turn|1
|
|move|p2a: Landorus-Therian|U-turn|p1a: Heatran
|-crit|p1a: Heatran
|-resisted|p1a: Heatran
|-damage|p1a: Heatran|311\/340
|-enditem|p1a: Heatran|Air Balloon
|
|switch|p2a: Heatran|Heatran, F|386\/386
|move|p1a: Heatran|Stealth Rock|p2a: Heatran
|-sidestart|p2: Alvok|move: Stealth Rock
|
|turn|2
|
|switch|p1a: Keldeo|Keldeo|323\/323
|move|p2a: Heatran|Stealth Rock|p1a: Keldeo
|-sidestart|p1: watch cats|move: Stealth Rock
|
|turn|3
|
|switch|p1a: Bisharp|Bisharp, M|334\/334
|-damage|p1a: Bisharp|314\/334|[from] Stealth Rock
|switch|p2a: Slowbro|Slowbro, M|394\/394
|-damage|p2a: Slowbro|345\/394|[from] Stealth Rock
|
|-heal|p1a: Bisharp|334\/334|[from] item: Leftovers
|-heal|p2a: Slowbro|369\/394|[from] item: Leftovers
|turn|4
|c| Appreciation|bloody play
|
|switch|p2a: Scizor|Scizor, M|339\/339
|-damage|p2a: Scizor|297\/339|[from] Stealth Rock
|move|p1a: Bisharp|Knock Off|p2a: Scizor
|-damage|p2a: Scizor|203\/339
|
|turn|5
|
|switch|p1a: Venusaur|Venusaur, F|364\/364
|-damage|p1a: Venusaur|319\/364|[from] Stealth Rock
|detailschange|p2a: Scizor|Scizor-Mega, M
|message|Scizor has Mega Evolved into Mega Scizor!
|move|p2a: Scizor|Knock Off|p1a: Venusaur
|-damage|p1a: Venusaur|254\/364
|
|turn|6
|
|switch|p2a: Heatran|Heatran, F|386\/386
|-damage|p2a: Heatran|338\/386|[from] Stealth Rock
|detailschange|p1a: Venusaur|Venusaur-Mega, F
|message|Venusaur has Mega Evolved into Mega Venusaur!
|move|p1a: Venusaur|Leech Seed|p2a: Heatran
|-start|p2a: Heatran|move: Leech Seed
|
|-heal|p2a: Heatran|362\/386|[from] item: Leftovers
|-damage|p2a: Heatran|314\/386|[from] Leech Seed|[of] p1a: Venusaur
|-heal|p1a: Venusaur|302\/364|[silent]
|turn|7
|
|switch|p2a: Latias|Latias, F|302\/302
|-damage|p2a: Latias|265\/302|[from] Stealth Rock
|move|p1a: Venusaur|Leech Seed|p2a: Latias
|-start|p2a: Latias|move: Leech Seed
|
|-damage|p2a: Latias|228\/302|[from] Leech Seed|[of] p1a: Venusaur
|-heal|p1a: Venusaur|339\/364|[silent]
|turn|8
|
|switch|p2a: Conkeldurr|Conkeldurr, M|359\/359
|-damage|p2a: Conkeldurr|337\/359|[from] Stealth Rock
|switch|p1a: Heatran|Heatran, F|311\/340
|-damage|p1a: Heatran|269\/340|[from] Stealth Rock
|
|turn|9
|
|switch|p1a: Venusaur|Venusaur-Mega, F|339\/364
|-damage|p1a: Venusaur|294\/364|[from] Stealth Rock
|move|p2a: Conkeldurr|Drain Punch|p1a: Venusaur
|-resisted|p1a: Venusaur
|-damage|p1a: Venusaur|247\/364
|-heal|p2a: Conkeldurr|359\/359|[from] drain|[of] p1a: Venusaur
|
|turn|10
|
|move|p1a: Venusaur|Leech Seed|p2a: Conkeldurr
|-start|p2a: Conkeldurr|move: Leech Seed
|move|p2a: Conkeldurr|Stone Edge|p1a: Venusaur
|-damage|p1a: Venusaur|162\/364
|
|-damage|p2a: Conkeldurr|315\/359|[from] Leech Seed|[of] p1a: Venusaur
|-heal|p1a: Venusaur|206\/364|[silent]
|turn|11
|
|move|p1a: Venusaur|Leech Seed|p2a: Conkeldurr|[miss]
|-miss|p1a: Venusaur|p2a: Conkeldurr
|move|p2a: Conkeldurr|Stone Edge|p1a: Venusaur
|-damage|p1a: Venusaur|121\/364
|
|-damage|p2a: Conkeldurr|271\/359|[from] Leech Seed|[of] p1a: Venusaur
|-heal|p1a: Venusaur|165\/364|[silent]
|turn|12
|
|switch|p2a: Heatran|Heatran, F|314\/386
|-damage|p2a: Heatran|266\/386|[from] Stealth Rock
|move|p1a: Venusaur|Synthesis|p1a: Venusaur
|-heal|p1a: Venusaur|347\/364
|
|-heal|p2a: Heatran|290\/386|[from] item: Leftovers
|turn|13
|
|move|p1a: Venusaur|Leech Seed|p2a: Heatran
|-start|p2a: Heatran|move: Leech Seed
|move|p2a: Heatran|Lava Plume|p1a: Venusaur
|-supereffective|p1a: Venusaur
|-damage|p1a: Venusaur|233\/364
|
|-heal|p2a: Heatran|314\/386|[from] item: Leftovers
|-damage|p2a: Heatran|266\/386|[from] Leech Seed|[of] p1a: Venusaur
|-heal|p1a: Venusaur|281\/364|[silent]
|turn|14
|
|switch|p1a: Keldeo|Keldeo|323\/323
|-damage|p1a: Keldeo|303\/323|[from] Stealth Rock
|move|p2a: Heatran|Lava Plume|p1a: Keldeo
|-crit|p1a: Keldeo
|-resisted|p1a: Keldeo
|-damage|p1a: Keldeo|214\/323
|
|-heal|p1a: Keldeo|234\/323|[from] item: Leftovers
|-heal|p2a: Heatran|290\/386|[from] item: Leftovers
|-damage|p2a: Heatran|242\/386|[from] Leech Seed|[of] p1a: Keldeo
|-heal|p1a: Keldeo|282\/323|[silent]
|turn|15
|
|switch|p2a: Slowbro|Slowbro, M|394\/394
|-damage|p2a: Slowbro|345\/394|[from] Stealth Rock
|move|p1a: Keldeo|Scald|p2a: Slowbro
|-resisted|p2a: Slowbro
|-damage|p2a: Slowbro|255\/394
|
|-heal|p1a: Keldeo|302\/323|[from] item: Leftovers
|-heal|p2a: Slowbro|279\/394|[from] item: Leftovers
|turn|16
|
|move|p1a: Keldeo|Scald|p2a: Slowbro
|-resisted|p2a: Slowbro
|-damage|p2a: Slowbro|199\/394
|move|p2a: Slowbro|Scald|p1a: Keldeo
|-resisted|p1a: Keldeo
|-damage|p1a: Keldeo|252\/323
|
|-heal|p1a: Keldeo|272\/323|[from] item: Leftovers
|-heal|p2a: Slowbro|223\/394|[from] item: Leftovers
|turn|17
|
|switch|p1a: Bisharp|Bisharp, M|334\/334
|-damage|p1a: Bisharp|314\/334|[from] Stealth Rock
|move|p2a: Slowbro|Thunder Wave|p1a: Bisharp
|-status|p1a: Bisharp|par
|
|-heal|p2a: Slowbro|247\/394|[from] item: Leftovers
|-heal|p1a: Bisharp|334\/334 par|[from] item: Leftovers
|turn|18
|
|switch|p2a: Scizor|Scizor-Mega, M|203\/339
|-damage|p2a: Scizor|161\/339|[from] Stealth Rock
|switch|p1a: Venusaur|Venusaur-Mega, F|281\/364
|-damage|p1a: Venusaur|236\/364|[from] Stealth Rock
|
|turn|19
|
|move|p1a: Venusaur|Hidden Power|p2a: Scizor
|-supereffective|p2a: Scizor
|-damage|p2a: Scizor|0 fnt
|faint|p2a: Scizor
|
|
|switch|p2a: Heatran|Heatran, F|242\/386
|-damage|p2a: Heatran|194\/386|[from] Stealth Rock
|turn|20
|
|move|p1a: Venusaur|Leech Seed|p2a: Heatran
|-start|p2a: Heatran|move: Leech Seed
|move|p2a: Heatran|Lava Plume|p1a: Venusaur
|-supereffective|p1a: Venusaur
|-damage|p1a: Venusaur|132\/364
|-status|p1a: Venusaur|brn
|
|-heal|p2a: Heatran|218\/386|[from] item: Leftovers
|-damage|p2a: Heatran|170\/386|[from] Leech Seed|[of] p1a: Venusaur
|-heal|p1a: Venusaur|180\/364 brn|[silent]
|-damage|p1a: Venusaur|135\/364 brn|[from] brn
|turn|21
|
|switch|p2a: Conkeldurr|Conkeldurr, M|271\/359
|-damage|p2a: Conkeldurr|249\/359|[from] Stealth Rock
|move|p1a: Venusaur|Synthesis|p1a: Venusaur
|-heal|p1a: Venusaur|317\/364 brn
|
|-damage|p1a: Venusaur|272\/364 brn|[from] brn
|turn|22
|
|switch|p1a: Skarmory|Skarmory, M|334\/334
|-damage|p1a: Skarmory|293\/334|[from] Stealth Rock
|switch|p2a: Latias|Latias, F|228\/302
|-damage|p2a: Latias|191\/302|[from] Stealth Rock
|
|turn|23
|
|move|p2a: Latias|Defog|p1a: Skarmory
|-unboost|p1a: Skarmory|evasion|1
|-sideend|p1: watch cats|Stealth Rock|[from] move: Defog|[of] p1a: Skarmory
|-sideend|p2: Alvok|Stealth Rock|[from] move: Defog|[of] p2a: Latias
|move|p1a: Skarmory|Spikes|p2a: Latias
|-sidestart|p2: Alvok|Spikes
|
|turn|24
|c|âwatch cats|zzz
|
|switch|p1a: Heatran|Heatran, F|269\/340
|move|p2a: Latias|Defog|p1a: Heatran
|-unboost|p1a: Heatran|evasion|1
|-sideend|p2: Alvok|Spikes|[from] move: Defog|[of] p2a: Latias
|
|turn|25
|
|switch|p2a: Heatran|Heatran, F|170\/386
|move|p1a: Heatran|Stealth Rock|p2a: Heatran
|-sidestart|p2: Alvok|move: Stealth Rock
|
|-heal|p2a: Heatran|194\/386|[from] item: Leftovers
|turn|26
|
|switch|p1a: Keldeo|Keldeo|272\/323
|move|p2a: Heatran|Stealth Rock|p1a: Keldeo
|-sidestart|p1: watch cats|move: Stealth Rock
|
|-heal|p1a: Keldeo|292\/323|[from] item: Leftovers
|-heal|p2a: Heatran|218\/386|[from] item: Leftovers
|turn|27
|
|switch|p2a: Slowbro|Slowbro, M|378\/394
|-damage|p2a: Slowbro|329\/394|[from] Stealth Rock
|move|p1a: Keldeo|Scald|p2a: Slowbro
|-resisted|p2a: Slowbro
|-damage|p2a: Slowbro|236\/394
|
|-heal|p1a: Keldeo|312\/323|[from] item: Leftovers
|-heal|p2a: Slowbro|260\/394|[from] item: Leftovers
|turn|28
|
|switch|p1a: Chansey|Chansey, F|684\/684
|-damage|p1a: Chansey|599\/684|[from] Stealth Rock
|move|p2a: Slowbro|Psyshock|p1a: Chansey
|-damage|p1a: Chansey|484\/684
|
|-heal|p2a: Slowbro|284\/394|[from] item: Leftovers
|turn|29
|
|switch|p2a: Conkeldurr|Conkeldurr, M|249\/359
|-damage|p2a: Conkeldurr|227\/359|[from] Stealth Rock
|move|p1a: Chansey|Aromatherapy|p1a: Chansey
|-cureteam|p1a: Chansey|[from] move: Aromatherapy
|
|turn|30
|
|switch|p1a: Skarmory|Skarmory, M|293\/334
|-damage|p1a: Skarmory|252\/334|[from] Stealth Rock
|switch|p2a: Heatran|Heatran, F|218\/386
|-damage|p2a: Heatran|170\/386|[from] Stealth Rock
|
|-heal|p2a: Heatran|194\/386|[from] item: Leftovers
|turn|31
|
|switch|p1a: Keldeo|Keldeo|312\/323
|-damage|p1a: Keldeo|292\/323|[from] Stealth Rock
|move|p2a: Heatran|Roar|p1a: Keldeo
|drag|p1a: Heatran|Heatran, F|269\/340
|-damage|p1a: Heatran|227\/340|[from] Stealth Rock
|
|-heal|p2a: Heatran|218\/386|[from] item: Leftovers
|turn|32
|c|âwatch cats|n_n
|
|switch|p1a: Keldeo|Keldeo|292\/323
|-damage|p1a: Keldeo|272\/323|[from] Stealth Rock
|switch|p2a: Slowbro|Slowbro, M|394\/394
|-damage|p2a: Slowbro|345\/394|[from] Stealth Rock
|
|-heal|p1a: Keldeo|292\/323|[from] item: Leftovers
|-heal|p2a: Slowbro|369\/394|[from] item: Leftovers
|turn|33
|
|move|p1a: Keldeo|Scald|p2a: Slowbro
|-resisted|p2a: Slowbro
|-damage|p2a: Slowbro|279\/394
|move|p2a: Slowbro|Scald|p1a: Keldeo
|-resisted|p1a: Keldeo
|-damage|p1a: Keldeo|238\/323
|
|-heal|p1a: Keldeo|258\/323|[from] item: Leftovers
|-heal|p2a: Slowbro|303\/394|[from] item: Leftovers
|turn|34
|
|switch|p1a: Heatran|Heatran, F|227\/340
|-damage|p1a: Heatran|185\/340|[from] Stealth Rock
|move|p2a: Slowbro|Psyshock|p1a: Heatran
|-resisted|p1a: Heatran
|-damage|p1a: Heatran|146\/340
|
|-heal|p2a: Slowbro|327\/394|[from] item: Leftovers
|turn|35
|
|move|p1a: Heatran|Toxic|p2a: Slowbro
|-status|p2a: Slowbro|tox
|move|p2a: Slowbro|Scald|p1a: Heatran
|-supereffective|p1a: Heatran
|-damage|p1a: Heatran|0 fnt
|faint|p1a: Heatran
|
|-heal|p2a: Slowbro|351\/394 tox|[from] item: Leftovers
|-damage|p2a: Slowbro|327\/394 tox|[from] psn
|
|switch|p1a: Bisharp|Bisharp, M|334\/334
|-damage|p1a: Bisharp|314\/334|[from] Stealth Rock
|turn|36
|
|move|p1a: Bisharp|Knock Off|p2a: Slowbro
|-supereffective|p2a: Slowbro
|-damage|p2a: Slowbro|67\/394 tox
|-enditem|p2a: Slowbro|Leftovers|[from] move: Knock Off|[of] p1a: Bisharp
|move|p2a: Slowbro|Scald|p1a: Bisharp
|-damage|p1a: Bisharp|184\/334
|
|-heal|p1a: Bisharp|204\/334|[from] item: Leftovers
|-damage|p2a: Slowbro|19\/394 tox|[from] psn
|turn|37
|
|switch|p2a: Conkeldurr|Conkeldurr, M|227\/359
|-damage|p2a: Conkeldurr|205\/359|[from] Stealth Rock
|move|p1a: Bisharp|Knock Off|p2a: Conkeldurr
|-resisted|p2a: Conkeldurr
|-damage|p2a: Conkeldurr|104\/359
|-enditem|p2a: Conkeldurr|Assault Vest|[from] move: Knock Off|[of] p1a: Bisharp
|
|-heal|p1a: Bisharp|224\/334|[from] item: Leftovers
|turn|38
|
|switch|p1a: Skarmory|Skarmory, M|252\/334
|-damage|p1a: Skarmory|211\/334|[from] Stealth Rock
|move|p2a: Conkeldurr|Stone Edge|p1a: Skarmory
|-damage|p1a: Skarmory|115\/334
|
|turn|39
|
|move|p1a: Skarmory|Brave Bird|p2a: Conkeldurr
|-supereffective|p2a: Conkeldurr
|-damage|p2a: Conkeldurr|0 fnt
|-damage|p1a: Skarmory|81\/334|[from] recoil|[of] p2a: Conkeldurr
|faint|p2a: Conkeldurr
|
|
|switch|p2a: Heatran|Heatran, F|218\/386
|-damage|p2a: Heatran|170\/386|[from] Stealth Rock
|turn|40
|
|switch|p1a: Keldeo|Keldeo|258\/323
|-damage|p1a: Keldeo|238\/323|[from] Stealth Rock
|move|p2a: Heatran|Lava Plume|p1a: Keldeo
|-resisted|p1a: Keldeo
|-damage|p1a: Keldeo|171\/323
|-status|p1a: Keldeo|brn
|
|-heal|p1a: Keldeo|191\/323 brn|[from] item: Leftovers
|-heal|p2a: Heatran|194\/386|[from] item: Leftovers
|-damage|p1a: Keldeo|151\/323 brn|[from] brn
|turn|41
|
|switch|p2a: Latias|Latias, F|191\/302
|-damage|p2a: Latias|154\/302|[from] Stealth Rock
|move|p1a: Keldeo|Scald|p2a: Latias
|-resisted|p2a: Latias
|-damage|p2a: Latias|97\/302
|
|-heal|p1a: Keldeo|171\/323 brn|[from] item: Leftovers
|-damage|p1a: Keldeo|131\/323 brn|[from] brn
|turn|42
|
|switch|p1a: Chansey|Chansey, F|484\/684
|-damage|p1a: Chansey|399\/684|[from] Stealth Rock
|move|p2a: Latias|Roost|p2a: Latias
|-heal|p2a: Latias|248\/302
|
|turn|43
|
|switch|p2a: Landorus-Therian|Landorus-Therian, M, shiny|320\/320
|-damage|p2a: Landorus-Therian|280\/320|[from] Stealth Rock
|-ability|p2a: Landorus-Therian|Intimidate|[of] p1a: Chansey
|-unboost|p1a: Chansey|atk|1
|move|p1a: Chansey|Thunder Wave|p2a: Landorus-Therian
|-immune|p2a: Landorus-Therian|[msg]
|
|turn|44
|
|switch|p1a: Skarmory|Skarmory, M|81\/334
|-damage|p1a: Skarmory|40\/334|[from] Stealth Rock
|move|p2a: Landorus-Therian|Earthquake|p1a: Skarmory
|-immune|p1a: Skarmory|[msg]
|
|turn|45
|
|switch|p2a: Latias|Latias, F|248\/302
|-damage|p2a: Latias|211\/302|[from] Stealth Rock
|move|p1a: Skarmory|Roost|p1a: Skarmory
|-heal|p1a: Skarmory|207\/334
|
|turn|46
|
|switch|p1a: Bisharp|Bisharp, M|224\/334
|-damage|p1a: Bisharp|204\/334|[from] Stealth Rock
|move|p2a: Latias|Psyshock|p1a: Bisharp
|-immune|p1a: Bisharp|[msg]
|
|-heal|p1a: Bisharp|224\/334|[from] item: Leftovers
|turn|47
|
|switch|p2a: Slowbro|Slowbro, M|150\/394 tox
|-damage|p2a: Slowbro|101\/394 tox|[from] Stealth Rock
|move|p1a: Bisharp|Knock Off|p2a: Slowbro
|-supereffective|p2a: Slowbro
|-damage|p2a: Slowbro|0 fnt
|faint|p2a: Slowbro
|
|-heal|p1a: Bisharp|244\/334|[from] item: Leftovers
|
|switch|p2a: Heatran|Heatran, F|194\/386
|-damage|p2a: Heatran|146\/386|[from] Stealth Rock
|turn|48
|
|switch|p1a: Chansey|Chansey, F|399\/684
|-damage|p1a: Chansey|314\/684|[from] Stealth Rock
|move|p2a: Heatran|Lava Plume|p1a: Chansey
|-damage|p1a: Chansey|238\/684
|
|-heal|p2a: Heatran|170\/386|[from] item: Leftovers
|turn|49
|
|switch|p2a: Landorus-Therian|Landorus-Therian, M, shiny|280\/320
|-damage|p2a: Landorus-Therian|240\/320|[from] Stealth Rock
|-ability|p2a: Landorus-Therian|Intimidate|[of] p1a: Chansey
|-unboost|p1a: Chansey|atk|1
|move|p1a: Chansey|Soft-Boiled|p1a: Chansey
|-heal|p1a: Chansey|580\/684
|
|turn|50
|
|switch|p1a: Skarmory|Skarmory, M|207\/334
|-damage|p1a: Skarmory|166\/334|[from] Stealth Rock
|move|p2a: Landorus-Therian|Knock Off|p1a: Skarmory
|-damage|p1a: Skarmory|80\/334
|-damage|p2a: Landorus-Therian|187\/320|[from] item: Rocky Helmet|[of] p1a: Skarmory
|-enditem|p1a: Skarmory|Rocky Helmet|[from] move: Knock Off|[of] p2a: Landorus-Therian
|
|turn|51
|
|switch|p2a: Heatran|Heatran, F|170\/386
|-damage|p2a: Heatran|122\/386|[from] Stealth Rock
|move|p1a: Skarmory|Roost|p1a: Skarmory
|-heal|p1a: Skarmory|247\/334
|
|-heal|p2a: Heatran|146\/386|[from] item: Leftovers
|turn|52
|-message|Alvok forfeited.
|
|win|watch cats
|raw|Ladder updating...
|leave|Alvok
|player|p2
|raw|watch cats's rating: 1886 &rarr; <strong>1901<\/strong><br \/>(+15 for winning)
|raw|Alvok's rating: 1783 &rarr; <strong>1769<\/strong><br \/>(-14 for losing)
|leave|watch cats
|player|p1