|join|LT2A Helldoom
|join|Alvok
|player|p1|LT2A Helldoom|152
|player|p2|Alvok|256
|gametype|singles
|gen|6
|tier|OU
|rated
|clearpoke
|poke|p1|Politoed, F
|poke|p1|Omastar, F
|poke|p1|Kingdra, F
|poke|p1|Ferrothorn, M
|poke|p1|Latias, F
|poke|p1|Heracross, M
|poke|p2|Latios, M
|poke|p2|Medicham, M
|poke|p2|Landorus-Therian, M, shiny
|poke|p2|Heatran, F
|poke|p2|Slowbro, M
|poke|p2|Greninja, M, shiny
|rule|Swagger Clause: Swagger is banned
|rule|Baton Pass Clause: Limit one PokÃ©mon knowing Baton Pass
|rule|Sleep Clause Mod: Limit one foe put to sleep
|rule|Species Clause: Limit one of each PokÃ©mon
|rule|OHKO Clause: OHKO moves are banned
|rule|Moody Clause: Moody is banned
|rule|Evasion Moves Clause: Evasion moves are banned
|rule|Endless Battle Clause: Forcing endless battles is banned
|rule|HP Percentage Mod: HP is shown in percentages
|teampreview
|
|start
|switch|p1a: Politoed|Politoed, F|384\/384
|switch|p2a: Medicham|Medicham, M|261\/261
|-weather|RainDance
|turn|1
|
|switch|p1a: Latias|Latias, F|301\/301
|detailschange|p2a: Medicham|Medicham-Mega, M
|message|Medicham has Mega Evolved into Mega Medicham!
|move|p2a: Medicham|High Jump Kick|p1a: Latias
|-resisted|p1a: Latias
|-damage|p1a: Latias|52\/301
|
|-weather|RainDance|[upkeep]
|turn|2
|c|âLT2A Helldoom|lol
|c|âLT2A Helldoom|nice resist
|c|âAlvok|?
|c|âAlvok|yeah
|
|switch|p2a: Latios|Latios, M|302\/302
|move|p1a: Latias|Surf|p2a: Latios
|-resisted|p2a: Latios
|-damage|p2a: Latios|223\/302
|-damage|p1a: Latias|22\/301|[from] item: Life Orb
|
|-weather|RainDance|[upkeep]
|turn|3
|
|switch|p2a: Heatran|Heatran, F|386\/386
|move|p1a: Latias|Surf|p2a: Heatran
|-supereffective|p2a: Heatran
|-damage|p2a: Heatran|129\/386
|-damage|p1a: Latias|0 fnt|[from] item: Life Orb
|faint|p1a: Latias
|
|-weather|RainDance|[upkeep]
|-heal|p2a: Heatran|153\/386|[from] item: Leftovers
|
|switch|p1a: Omastar|Omastar, F|288\/288
|turn|4
|c|âAlvok|rain boosted SE
|c|âAlvok|does 66.6% o.o
|c|âLT2A Helldoom|yea but unstabbed
|c|âLT2A Helldoom|latias isnt that strong
|
|switch|p2a: Slowbro|Slowbro, M|394\/394
|move|p1a: Omastar|Scald|p2a: Slowbro
|-resisted|p2a: Slowbro
|-damage|p2a: Slowbro|212\/394
|-status|p2a: Slowbro|brn
|
|-weather|RainDance|[upkeep]
|-heal|p2a: Slowbro|236\/394 brn|[from] item: Leftovers
|-damage|p2a: Slowbro|187\/394 brn|[from] brn
|turn|5
|c|âAlvok|zzzz the burn
|
|switch|p2a: Latios|Latios, M|223\/302
|move|p1a: Omastar|Scald|p2a: Latios
|-resisted|p2a: Latios
|-damage|p2a: Latios|64\/302
|
|-weather|RainDance|[upkeep]
|turn|6
|
|switch|p2a: Slowbro|Slowbro, M|318\/394 brn
|move|p1a: Omastar|Scald|p2a: Slowbro
|-crit|p2a: Slowbro
|-resisted|p2a: Slowbro
|-damage|p2a: Slowbro|29\/394 brn
|
|-weather|RainDance|[upkeep]
|-heal|p2a: Slowbro|53\/394 brn|[from] item: Leftovers
|-damage|p2a: Slowbro|4\/394 brn|[from] brn
|turn|7
|c|âAlvok|and crits lol
|join|kuragg bro
|
|switch|p2a: Heatran|Heatran, F|153\/386
|move|p1a: Omastar|Scald|p2a: Heatran
|-crit|p2a: Heatran
|-supereffective|p2a: Heatran
|-damage|p2a: Heatran|0 fnt
|faint|p2a: Heatran
|
|-weather|RainDance|[upkeep]
|c|âAlvok|how annoying
|c|âLT2A Helldoom|good player alert
|
|switch|p2a: Greninja|Greninja, M, shiny|285\/285
|turn|8
|
|move|p1a: Omastar|Scald|p2a: Greninja
|-resisted|p2a: Greninja
|-damage|p2a: Greninja|69\/285
|-status|p2a: Greninja|brn
|move|p2a: Greninja|Hydro Pump|p1a: Omastar
|-start|p2a: Greninja|typechange|Water|[from] Protean
|-damage|p1a: Omastar|0 fnt
|-damage|p2a: Greninja|41\/285 brn|[from] item: Life Orb
|faint|p1a: Omastar
|
|-weather|none
|-damage|p2a: Greninja|6\/285 brn|[from] brn
|c|âAlvok|wow every scald
|c|âAlvok|2\/3 burns
|
|switch|p1a: Politoed|Politoed, F|384\/384
|-weather|RainDance
|turn|9
|
|switch|p1a: Ferrothorn|Ferrothorn, M|352\/352
|move|p2a: Greninja|Dark Pulse|p1a: Ferrothorn
|-start|p2a: Greninja|typechange|Dark|[from] Protean
|-damage|p1a: Ferrothorn|238\/352
|-damage|p2a: Greninja|0 fnt|[from] item: Life Orb
|faint|p2a: Greninja
|
|-weather|RainDance|[upkeep]
|
|switch|p2a: Medicham|Medicham-Mega, M|261\/261
|turn|10
|
|move|p2a: Medicham|Substitute|p2a: Medicham
|-start|p2a: Medicham|Substitute
|-damage|p2a: Medicham|196\/261
|move|p1a: Ferrothorn|Gyro Ball|p2a: Medicham
|-crit|p2a: Medicham
|-end|p2a: Medicham|Substitute
|
|-weather|RainDance|[upkeep]
|turn|11
|
|move|p2a: Medicham|Substitute|p2a: Medicham
|-start|p2a: Medicham|Substitute
|-damage|p2a: Medicham|131\/261
|move|p1a: Ferrothorn|Gyro Ball|p2a: Medicham
|-end|p2a: Medicham|Substitute
|
|-weather|RainDance|[upkeep]
|turn|12
|
|move|p2a: Medicham|High Jump Kick|p1a: Ferrothorn
|-supereffective|p1a: Ferrothorn
|-damage|p1a: Ferrothorn|0 fnt
|-damage|p2a: Medicham|99\/261|[from] ability: Iron Barbs|[of] p1a: Ferrothorn
|-damage|p2a: Medicham|56\/261|[from] item: Rocky Helmet|[of] p1a: Ferrothorn
|faint|p1a: Ferrothorn
|
|-weather|RainDance|[upkeep]
|
|switch|p1a: Kingdra|Kingdra, F|291\/291
|turn|13
|
|switch|p2a: Slowbro|Slowbro, M|135\/394 brn
|move|p1a: Kingdra|Scald|p2a: Slowbro
|-resisted|p2a: Slowbro
|-damage|p2a: Slowbro|0 fnt
|faint|p2a: Slowbro
|
|-weather|RainDance|[upkeep]
|
|switch|p2a: Latios|Latios, M|64\/302
|turn|14
|
|move|p1a: Kingdra|Scald|p2a: Latios
|-resisted|p2a: Latios
|-damage|p2a: Latios|0 fnt
|faint|p2a: Latios
|
|-weather|RainDance|[upkeep]
|-message|Alvok forfeited.
|
|win|LT2A Helldoom
|raw|Ladder updating...
|raw|LT2A Helldoom's rating: 1997 &rarr; <strong>2003<\/strong><br \/>(+6 for winning)
|raw|Alvok's rating: 1712 &rarr; <strong>1705<\/strong><br \/>(-7 for losing)
|leave|LT2A Helldoom
|player|p1
|leave|Alvok
|player|p2