|join|Alvok
|join|SCARLIMMORTAL
|player|p1|Alvok|256
|player|p2|SCARLIMMORTAL|125
|gametype|singles
|gen|6
|tier|OU
|rated
|clearpoke
|poke|p1|Kyurem-Black, shiny
|poke|p1|Slowbro, M
|poke|p1|Gardevoir, F, shiny
|poke|p1|Empoleon, M
|poke|p1|Landorus-Therian, M
|poke|p1|Zapdos
|poke|p2|Swellow, F, shiny
|poke|p2|Excadrill, F, shiny
|poke|p2|Magnezone, shiny
|poke|p2|Staraptor, F, shiny
|poke|p2|Talonflame, F, shiny
|poke|p2|Pinsir, F, shiny
|rule|Swagger Clause: Swagger is banned
|rule|Baton Pass Clause: Limit one PokÃ©mon knowing Baton Pass
|rule|Sleep Clause Mod: Limit one foe put to sleep
|rule|Species Clause: Limit one of each PokÃ©mon
|rule|OHKO Clause: OHKO moves are banned
|rule|Moody Clause: Moody is banned
|rule|Evasion Moves Clause: Evasion moves are banned
|rule|Endless Battle Clause: Forcing endless battles is banned
|rule|HP Percentage Mod: HP is shown in percentages
|teampreview
|c|âAlvok|thats some next level
|c|âAlvok|of bird spam
|
|start
|switch|p1a: Empoleon|Empoleon, M|372\/372
|switch|p2a: Staraptor|Staraptor, F, shiny|329\/329
|turn|1
|
|move|p2a: Staraptor|Final Gambit|p1a: Empoleon
|-damage|p1a: Empoleon|43\/372
|faint|p2a: Staraptor
|move|p1a: Empoleon|Stealth Rock|p2: Staraptor
|-sidestart|p2: SCARLIMMORTAL|move: Stealth Rock
|
|-heal|p1a: Empoleon|66\/372|[from] item: Leftovers
|c|âAlvok|wtf
|
|switch|p2a: Pinsir|Pinsir, F, shiny|271\/271
|-damage|p2a: Pinsir|204\/271|[from] Stealth Rock
|turn|2
|
|switch|p1a: Zapdos|Zapdos|383\/383
|-ability|p1a: Zapdos|Pressure
|detailschange|p2a: Pinsir|Pinsir-Mega, F, shiny
|-mega|p2a: Pinsir|Pinsir|Pinsirite
|move|p2a: Pinsir|Return|p1a: Zapdos
|-crit|p1a: Zapdos
|-resisted|p1a: Zapdos
|-damage|p1a: Zapdos|199\/383
|
|-heal|p1a: Zapdos|222\/383|[from] item: Leftovers
|turn|3
|
|switch|p2a: Excadrill|Excadrill, F, shiny|362\/362
|-damage|p2a: Excadrill|351\/362|[from] Stealth Rock
|-ability|p2a: Excadrill|Mold Breaker
|move|p1a: Zapdos|Roost|p1a: Zapdos
|-heal|p1a: Zapdos|383\/383
|
|turn|4
|
|move|p2a: Excadrill|Rapid Spin|p1a: Zapdos
|-damage|p1a: Zapdos|363\/383
|-sideend|p2: SCARLIMMORTAL|Stealth Rock|[from] move: Rapid Spin|[of] p2a: Excadrill
|move|p1a: Zapdos|Heat Wave|p2a: Excadrill
|-supereffective|p2a: Excadrill
|-damage|p2a: Excadrill|103\/362
|
|-heal|p1a: Zapdos|383\/383|[from] item: Leftovers
|turn|5
|
|move|p2a: Excadrill|Stealth Rock|p1a: Zapdos
|-sidestart|p1: Alvok|move: Stealth Rock
|move|p1a: Zapdos|Heat Wave|p2a: Excadrill
|-supereffective|p2a: Excadrill
|-damage|p2a: Excadrill|0 fnt
|faint|p2a: Excadrill
|
|
|switch|p2a: Talonflame|Talonflame, F, shiny|297\/297
|turn|6
|
|switch|p1a: Slowbro|Slowbro, M|394\/394
|-damage|p1a: Slowbro|345\/394|[from] Stealth Rock
|move|p2a: Talonflame|Flare Blitz|p1a: Slowbro
|-resisted|p1a: Slowbro
|-damage|p1a: Slowbro|265\/394
|-damage|p2a: Talonflame|271\/297|[from] recoil|[of] p1a: Slowbro
|
|-heal|p1a: Slowbro|289\/394|[from] item: Leftovers
|turn|7
|
|switch|p2a: Magnezone|Magnezone, shiny|281\/281
|move|p1a: Slowbro|Slack Off|p1a: Slowbro
|-heal|p1a: Slowbro|394\/394
|
|turn|8
|
|switch|p1a: Landorus-Therian|Landorus-Therian, M|328\/328
|-damage|p1a: Landorus-Therian|287\/328|[from] Stealth Rock
|-ability|p1a: Landorus-Therian|Intimidate|[of] p2a: Magnezone
|-unboost|p2a: Magnezone|atk|1
|move|p2a: Magnezone|Flash Cannon|p1a: Landorus-Therian
|-damage|p1a: Landorus-Therian|104\/328
|
|turn|9
|
|switch|p2a: Swellow|Swellow, F, shiny|261\/261
|move|p1a: Landorus-Therian|U-turn|p2a: Swellow
|-resisted|p2a: Swellow
|-damage|p2a: Swellow|192\/261
|
|switch|p1a: Zapdos|Zapdos|383\/383
|-damage|p1a: Zapdos|288\/383|[from] Stealth Rock
|-ability|p1a: Zapdos|Pressure
|
|-heal|p1a: Zapdos|311\/383|[from] item: Leftovers
|-status|p2a: Swellow|brn|[from] item: Flame Orb
|turn|10
|
|move|p2a: Swellow|Facade|p1a: Zapdos
|-damage|p1a: Zapdos|88\/383
|move|p1a: Zapdos|Defog|p2a: Swellow
|-unboost|p2a: Swellow|evasion|1
|-sideend|p1: Alvok|Stealth Rock|[from] move: Defog|[of] p1a: Zapdos
|
|-heal|p1a: Zapdos|111\/383|[from] item: Leftovers
|-damage|p2a: Swellow|160\/261 brn|[from] brn
|turn|11
|
|switch|p1a: Empoleon|Empoleon, M|66\/372
|move|p2a: Swellow|Facade|p1a: Empoleon
|-resisted|p1a: Empoleon
|-damage|p1a: Empoleon|0 fnt
|faint|p1a: Empoleon
|
|-damage|p2a: Swellow|128\/261 brn|[from] brn
|
|switch|p1a: Landorus-Therian|Landorus-Therian, M|104\/328
|-ability|p1a: Landorus-Therian|Intimidate|[of] p2a: Swellow
|-unboost|p2a: Swellow|atk|1
|turn|12
|c|âSCARLIMMORTAL|SWELLOW FROM NU> YOUR ENTIRE PITIFUL PATHETIC WEAK WORTHLESS SCRUB TEAM
|c|âSCARLIMMORTAL|GET GUD NOOB
|join|swaqfeq
|
|switch|p2a: Magnezone|Magnezone, shiny|281\/281
|move|p1a: Landorus-Therian|Knock Off|p2a: Magnezone
|-damage|p2a: Magnezone|175\/281
|-enditem|p2a: Magnezone|Choice Scarf|[from] move: Knock Off|[of] p1a: Landorus-Therian
|
|turn|13
|c|âAlvok|dafuq
|c|âAlvok|chill bro
|c|âAlvok|its just a game o.o
|c| swaqfeq|lololol
|c| swaqfeq|HAHAH
|c| swaqfeq|WAIT
|c| swaqfeq|Tghis is ctc's team
|
|switch|p1a: Zapdos|Zapdos|111\/383
|-ability|p1a: Zapdos|Pressure
|move|p2a: Magnezone|Volt Switch|p1a: Zapdos
|-damage|p1a: Zapdos|0 fnt
|faint|p1a: Zapdos
|c| swaqfeq|the ball deep bird team
|
|switch|p2a: Talonflame|Talonflame, F, shiny|271\/297
|
|
|switch|p1a: Slowbro|Slowbro, M|394\/394
|turn|14
|c| swaqfeq|am i rite scarl?
|c| swaqfeq|you got this off his thread
|
|move|p2a: Talonflame|U-turn|p1a: Slowbro
|-crit|p1a: Slowbro
|-supereffective|p1a: Slowbro
|-damage|p1a: Slowbro|186\/394
|c| swaqfeq|http:\/\/www.smogon.com\/forums\/threads\/team-archive-by-ctc-oras-update-read-post-517.3513518\/page-23
|
|switch|p2a: Magnezone|Magnezone, shiny|175\/281
|move|p1a: Slowbro|Scald|p2a: Magnezone
|-damage|p2a: Magnezone|72\/281
|
|-heal|p1a: Slowbro|210\/394|[from] item: Leftovers
|turn|15
|c|âAlvok|urghhhhh
|c| swaqfeq|if u wanna see the sets n shit C:
|c|âSCARLIMMORTAL|REPORTED, ENJOY THE BAN
|c| swaqfeq|next page actually
|c| swaqfeq|dude my uncle will ddos ur car
|
|switch|p1a: Landorus-Therian|Landorus-Therian, M|104\/328
|-ability|p1a: Landorus-Therian|Intimidate|[of] p2a: Magnezone
|-unboost|p2a: Magnezone|atk|1
|move|p2a: Magnezone|Volt Switch|p1a: Landorus-Therian
|-immune|p1a: Landorus-Therian|[msg]
|
|turn|16
|c| swaqfeq|he works for the cia
|c|âSCARLIMMORTAL|NASTY EAVESDROPPING WORTHLESS PITIFUL PATHETIC SHAMEFUL SCRUB
|c| swaqfeq|and for nintendo
|c| swaqfeq|hell just ban u from pokemon
|
|switch|p2a: Swellow|Swellow, F, shiny|128\/261 brn
|move|p1a: Landorus-Therian|Stone Edge|p2a: Swellow|[miss]
|-miss|p1a: Landorus-Therian|p2a: Swellow
|
|-damage|p2a: Swellow|96\/261 brn|[from] brn
|turn|17
|
|move|p1a: Landorus-Therian|Stone Edge|p2a: Swellow
|-supereffective|p2a: Swellow
|-damage|p2a: Swellow|0 fnt
|faint|p2a: Swellow
|
|
|switch|p2a: Talonflame|Talonflame, F, shiny|271\/297
|turn|18
|
|move|p2a: Talonflame|Brave Bird|p1a: Landorus-Therian
|-damage|p1a: Landorus-Therian|0 fnt
|-damage|p2a: Talonflame|237\/297|[from] recoil|[of] p1a: Landorus-Therian
|faint|p1a: Landorus-Therian
|
|c| swaqfeq|so many mons with tailwind
|
|switch|p1a: Slowbro|Slowbro, M|341\/394
|turn|19
|
|move|p2a: Talonflame|Brave Bird|p1a: Slowbro
|-damage|p1a: Slowbro|164\/394
|-damage|p2a: Talonflame|179\/297|[from] recoil|[of] p1a: Slowbro
|move|p1a: Slowbro|Scald|p2a: Talonflame
|-crit|p2a: Talonflame
|-supereffective|p2a: Talonflame
|-damage|p2a: Talonflame|0 fnt
|faint|p2a: Talonflame
|
|-heal|p1a: Slowbro|188\/394|[from] item: Leftovers
|
|switch|p2a: Pinsir|Pinsir-Mega, F, shiny|204\/271
|turn|20
|c|âAlvok|why would ctc even make a spinning excadrill with sash
|c| swaqfeq|scarfed mag
|c|âAlvok|like if you come in on rocks, your sash is alr broken
|
|move|p2a: Pinsir|Swords Dance|p2a: Pinsir
|-boost|p2a: Pinsir|atk|2
|move|p1a: Slowbro|Scald|p2a: Pinsir
|-damage|p2a: Pinsir|104\/271
|
|-heal|p1a: Slowbro|212\/394|[from] item: Leftovers
|turn|21
|c| swaqfeq|thats why he got so much hate
|
|move|p2a: Pinsir|Return|p1a: Slowbro
|-damage|p1a: Slowbro|0 fnt
|faint|p1a: Slowbro
|
|c| swaqfeq|o thats gg
|c|âAlvok|fuck i misclick
|c|âAlvok|wanted to twave -.-
|c| swaqfeq|pinsir wins
|
|switch|p1a: Kyurem-Black|Kyurem-Black, shiny|391\/391
|-ability|p1a: Kyurem-Black|Teravolt
|turn|22
|
|move|p2a: Pinsir|Return|p1a: Kyurem-Black
|-damage|p1a: Kyurem-Black|0 fnt
|faint|p1a: Kyurem-Black
|
|
|switch|p1a: Gardevoir|Gardevoir, F, shiny|277\/277
|-ability|p1a: Gardevoir|Aerilate|[from] ability: Trace|[of] p2a: Pinsir
|turn|23
|c|âSCARLIMMORTAL|DONT MAKE PITIFUL PATHETIC EXCUSES
|c|âSCARLIMMORTAL|GET REKD
|c|âAlvok|lol
|c| swaqfeq|scarl
|c|âAlvok|its just a ladder game
|c| swaqfeq|relax bruhz
|c|âAlvok|and you're so over excited
|c|âSCARLIMMORTAL|YOU SKILLESS PUSSYASS BASTARD WHORE RAPIST TITHEAD SHITWEED MOTHERFUCKING CUNT ASS NIGGER BITCH
|c|âAlvok|calm the fuck down :]
|c|âSCARLIMMORTAL|ALSO YOU IDIOTY
|c|âAlvok|looool
|c|âSCARLIMMORTAL|THIS IS A GIMMICK TEAM
|c|âAlvok|somebody's angsty af
|c|âSCARLIMMORTAL|WITH AN NU POKE
|c|âSCARLIMMORTAL|AND YOU GOT RAPED BY IT
|c|âAlvok|looool
|c| swaqfeq|did u swearing make u feel bad alvok?
|c| swaqfeq|the*
|c|âAlvok|lol
|c|âAlvok|it made me laugh
|c|âSCARLIMMORTAL|CHECK MY PRO RECORDS AND THATS USING THIS SHIT, I COULD USE SO MANY BETTER LADDER TEAMS
|c|âSCARLIMMORTAL|SHOWS IM THE GREATEST SKILFUL PRO PLAYER ON EARTH
|c| swaqfeq|sucks u cant spell
|c| swaqfeq|least ur good at mons c;
|
|detailschange|p1a: Gardevoir|Gardevoir-Mega, F, shiny
|-mega|p1a: Gardevoir|Gardevoir|Gardevoirite
|move|p2a: Pinsir|Return|p1a: Gardevoir
|-damage|p1a: Gardevoir|0 fnt
|faint|p1a: Gardevoir
|
|win|SCARLIMMORTAL
|raw|Ladder updating...
|raw|Alvok's rating: 1583 &rarr; <strong>1559<\/strong><br \/>(-24 for losing)
|raw|SCARLIMMORTAL's rating: 1515 &rarr; <strong>1539<\/strong><br \/>(+24 for winning)
|leave|swaqfeq