|join|zdrup
|join|Alvok
|player|p1|zdrup|254
|player|p2|Alvok|256
|gametype|singles
|gen|6
|tier|OU
|clearpoke
|poke|p1|Whimsicott, M
|poke|p1|Raikou
|poke|p1|Weezing, F
|poke|p1|Registeel
|poke|p1|Nidoking, M
|poke|p1|Darmanitan, F
|poke|p2|Greninja, M, shiny
|poke|p2|Zygarde
|poke|p2|Reuniclus, M, shiny
|poke|p2|Uxie
|poke|p2|Forretress, F
|poke|p2|Crobat, F
|rule|Swagger Clause: Swagger is banned
|rule|Baton Pass Clause: Limit one PokÃ©mon knowing Baton Pass
|rule|Sleep Clause Mod: Limit one foe put to sleep
|rule|Species Clause: Limit one of each PokÃ©mon
|rule|OHKO Clause: OHKO moves are banned
|rule|Moody Clause: Moody is banned
|rule|Evasion Moves Clause: Evasion moves are banned
|rule|Endless Battle Clause: Forcing endless battles is banned
|rule|HP Percentage Mod: HP is shown in percentages
|teampreview
|join|asdfCookie
|c|âzdrup|good luck!
|c|âAlvok|you're winning my greninja right?
|c|âAlvok|good luck :]
|join|Albacore
|c|âzdrup|yeah I want ninja xD
|
|start
|switch|p1a: Darmanitan|Darmanitan, F|351\/351
|switch|p2a: Forretress|Forretress, F|354\/354
|turn|1
|c| Albacore|man these OP teams
|c| asdfCookie|nah he wants dat zygarde
|c| asdfCookie|mmm
|
|move|p1a: Darmanitan|Flare Blitz|p2a: Forretress
|-supereffective|p2a: Forretress
|-activate|p2a: Forretress|Sturdy
|-damage|p2a: Forretress|1\/354
|-damage|p1a: Darmanitan|235\/351|[from] recoil|[of] p2a: Forretress
|move|p2a: Forretress|Stealth Rock|p1a: Darmanitan
|-sidestart|p1: zdrup|move: Stealth Rock
|
|turn|2
|c|âAlvok|dafuq i had red card
|c|âAlvok|why isn't it working
|c|âAlvok|~!@#$%^&()_????
|c|âAlvok|???????????
|c|âzdrup|you wanna restart?
|c|âAlvok|are you serious
|c| Albacore|erm
|c|âAlvok|i had red card
|c| Albacore|sheer force
|c| Albacore|LOLLL
|c|âAlvok|sheer force ignores redcard?
|c| asdfCookie|does sheer force
|c| asdfCookie|really do that
|c|âAlvok|it's an item
|c| asdfCookie|legit
|c| Albacore|yup
|c|âzdrup|wait, does it ignore that?
|c| asdfCookie|wtffff
|c|âAlvok|wut?
|c|âzdrup|ah ok xD
|c| Albacore|it def does
|
|move|p1a: Darmanitan|Flare Blitz|p2a: Forretress
|-supereffective|p2a: Forretress
|-damage|p2a: Forretress|0 fnt
|-damage|p1a: Darmanitan|234\/351|[from] recoil|[of] p2a: Forretress
|faint|p2a: Forretress
|
|c| asdfCookie|damn
|
|switch|p2a: Uxie|Uxie|354\/354
|turn|3
|c| asdfCookie|that is
|c| asdfCookie|pretty nice
|c|âzdrup|I honestly offered a restart because I didn't know xD
|
|move|p1a: Darmanitan|Flare Blitz|p2a: Uxie
|-damage|p2a: Uxie|138\/354
|-damage|p1a: Darmanitan|163\/351|[from] recoil|[of] p2a: Uxie
|move|p2a: Uxie|Reflect|p2a: Uxie
|-sidestart|p2: Alvok|Reflect
|
|turn|4
|c| Albacore|brb getting uxie ranked before bettle ends to DQ Alvok
|c|âAlvok|rofl
|c|âAlvok|y u do dis, alba
|
|switch|p1a: Whimsicott|Whimsicott, M|275\/275
|-damage|p1a: Whimsicott|241\/275|[from] Stealth Rock
|move|p2a: Uxie|Memento|p1a: Whimsicott
|-unboost|p1a: Whimsicott|atk|2
|-unboost|p1a: Whimsicott|spa|2
|faint|p2a: Uxie
|
|join|G123rocks
|c|âzdrup|no sweep!
|
|switch|p2a: Reuniclus|Reuniclus, M, shiny|424\/424
|turn|5
|
|move|p1a: Whimsicott|Memento|p2a: Reuniclus
|-unboost|p2a: Reuniclus|atk|2
|-unboost|p2a: Reuniclus|spa|2
|faint|p1a: Whimsicott
|move|p2a: Reuniclus|Calm Mind|p2a: Reuniclus
|-boost|p2a: Reuniclus|spa|1
|-boost|p2a: Reuniclus|spd|1
|
|c|âAlvok|lol
|c|âAlvok|y u do dis
|c|âAlvok|to me
|
|switch|p1a: Nidoking|Nidoking, M|303\/303
|-damage|p1a: Nidoking|285\/303|[from] Stealth Rock
|turn|6
|c|âzdrup|I have 0 things for that
|
|move|p1a: Nidoking|Sludge Wave|p2a: Reuniclus
|-damage|p2a: Reuniclus|272\/424
|move|p2a: Reuniclus|Recover|p2a: Reuniclus
|-heal|p2a: Reuniclus|424\/424
|
|turn|7
|c|âAlvok|reveal the physical nidoking
|
|move|p1a: Nidoking|Sludge Wave|p2a: Reuniclus
|-damage|p2a: Reuniclus|275\/424
|move|p2a: Reuniclus|Calm Mind|p2a: Reuniclus
|-boost|p2a: Reuniclus|spa|1
|-boost|p2a: Reuniclus|spd|1
|
|-heal|p2a: Reuniclus|301\/424|[from] item: Leftovers
|turn|8
|c| Albacore|megahorn here
|c|âzdrup|go go crit!
|
|move|p1a: Nidoking|Sludge Wave|p2a: Reuniclus
|-damage|p2a: Reuniclus|194\/424
|move|p2a: Reuniclus|Calm Mind|p2a: Reuniclus
|-boost|p2a: Reuniclus|spa|1
|-boost|p2a: Reuniclus|spd|1
|
|-heal|p2a: Reuniclus|220\/424|[from] item: Leftovers
|turn|9
|
|move|p1a: Nidoking|Sludge Wave|p2a: Reuniclus
|-damage|p2a: Reuniclus|137\/424
|move|p2a: Reuniclus|Recover|p2a: Reuniclus
|-heal|p2a: Reuniclus|349\/424
|
|-heal|p2a: Reuniclus|375\/424|[from] item: Leftovers
|turn|10
|c| Albacore|WHO NEEDS CLEF
|
|move|p1a: Nidoking|Sludge Wave|p2a: Reuniclus
|-damage|p2a: Reuniclus|289\/424
|move|p2a: Reuniclus|Calm Mind|p2a: Reuniclus
|-boost|p2a: Reuniclus|spa|1
|-boost|p2a: Reuniclus|spd|1
|
|-heal|p2a: Reuniclus|315\/424|[from] item: Leftovers
|-sideend|p2: Alvok|Reflect
|turn|11
|c|âAlvok|im surprised this isn't in the viability thingy
|
|move|p1a: Nidoking|Sludge Wave|p2a: Reuniclus
|-damage|p2a: Reuniclus|232\/424
|move|p2a: Reuniclus|Calm Mind|p2a: Reuniclus
|-boost|p2a: Reuniclus|spa|1
|-boost|p2a: Reuniclus|spd|1
|
|-heal|p2a: Reuniclus|258\/424|[from] item: Leftovers
|turn|12
|c|âAlvok|i was so hyped to have it in this squad
|c|âAlvok|at first
|
|switch|p1a: Darmanitan|Darmanitan, F|163\/351
|-damage|p1a: Darmanitan|76\/351|[from] Stealth Rock
|move|p2a: Reuniclus|Recover|p2a: Reuniclus
|-heal|p2a: Reuniclus|424\/424
|
|turn|13
|
|move|p1a: Darmanitan|Flare Blitz|p2a: Reuniclus
|-damage|p2a: Reuniclus|163\/424
|-damage|p1a: Darmanitan|0 fnt|[from] recoil|[of] p2a: Reuniclus
|faint|p1a: Darmanitan
|move|p2a: Reuniclus|Psychic|p1: Darmanitan|[notarget]
|-notarget
|
|-heal|p2a: Reuniclus|189\/424|[from] item: Leftovers
|c|âAlvok|whythefuck did i click that
|c|âAlvok|i misclick
|c|âAlvok|lol
|c| asdfCookie|w0w
|c|âAlvok|tv
|c|âAlvok|wtv
|
|switch|p1a: Registeel|Registeel|363\/363
|-damage|p1a: Registeel|341\/363|[from] Stealth Rock
|turn|14
|c|âzdrup|I still don't win, don't worry
|
|move|p1a: Registeel|Seismic Toss|p2a: Reuniclus
|-damage|p2a: Reuniclus|89\/424
|move|p2a: Reuniclus|Recover|p2a: Reuniclus
|-heal|p2a: Reuniclus|301\/424
|
|-heal|p1a: Registeel|363\/363|[from] item: Leftovers
|-heal|p2a: Reuniclus|327\/424|[from] item: Leftovers
|turn|15
|
|move|p1a: Registeel|Stealth Rock|p2a: Reuniclus
|-sidestart|p2: Alvok|move: Stealth Rock
|move|p2a: Reuniclus|Recover|p2a: Reuniclus
|-heal|p2a: Reuniclus|424\/424
|
|turn|16
|
|move|p1a: Registeel|Seismic Toss|p2a: Reuniclus
|-damage|p2a: Reuniclus|324\/424
|move|p2a: Reuniclus|Focus Blast|p1a: Registeel
|-supereffective|p1a: Registeel
|-damage|p1a: Registeel|37\/363
|
|-heal|p1a: Registeel|59\/363|[from] item: Leftovers
|-heal|p2a: Reuniclus|350\/424|[from] item: Leftovers
|turn|17
|c|âAlvok|here to take souls
|
|move|p1a: Registeel|Protect|p1a: Registeel
|-singleturn|p1a: Registeel|Protect
|move|p2a: Reuniclus|Calm Mind|p2a: Reuniclus
|-boost|p2a: Reuniclus|spa|1
|-boost|p2a: Reuniclus|spd|1
|
|-heal|p1a: Registeel|81\/363|[from] item: Leftovers
|-heal|p2a: Reuniclus|376\/424|[from] item: Leftovers
|turn|18
|
|move|p1a: Registeel|Seismic Toss|p2a: Reuniclus
|-damage|p2a: Reuniclus|276\/424
|move|p2a: Reuniclus|Focus Blast|p1a: Registeel
|-supereffective|p1a: Registeel
|-damage|p1a: Registeel|0 fnt
|faint|p1a: Registeel
|
|-heal|p2a: Reuniclus|302\/424|[from] item: Leftovers
|
|switch|p1a: Nidoking|Nidoking, M|285\/303
|-damage|p1a: Nidoking|267\/303|[from] Stealth Rock
|turn|19
|
|move|p1a: Nidoking|Sludge Wave|p2a: Reuniclus
|-damage|p2a: Reuniclus|247\/424
|move|p2a: Reuniclus|Psychic|p1a: Nidoking
|-crit|p1a: Nidoking
|-supereffective|p1a: Nidoking
|-damage|p1a: Nidoking|0 fnt
|faint|p1a: Nidoking
|
|-heal|p2a: Reuniclus|273\/424|[from] item: Leftovers
|c|âzdrup|lol I had so many chances to crit but nothing
|
|switch|p1a: Weezing|Weezing, F|334\/334
|-damage|p1a: Weezing|293\/334|[from] Stealth Rock
|turn|20
|c|âzdrup|oh well
|c|âzdrup|gg
|
|move|p1a: Weezing|Sludge Bomb|p2a: Reuniclus
|-damage|p2a: Reuniclus|246\/424
|move|p2a: Reuniclus|Psychic|p1a: Weezing
|-supereffective|p1a: Weezing
|-damage|p1a: Weezing|0 fnt
|faint|p1a: Weezing
|
|-heal|p2a: Reuniclus|272\/424|[from] item: Leftovers
|c|âAlvok|gg
|
|switch|p1a: Raikou|Raikou|333\/333
|-damage|p1a: Raikou|292\/333|[from] Stealth Rock
|-ability|p1a: Raikou|Pressure
|turn|21
|c|âAlvok|ahhh nice raikou :] 
|
|move|p1a: Raikou|Thunderbolt|p2a: Reuniclus
|-damage|p2a: Reuniclus|230\/424
|move|p2a: Reuniclus|Psychic|p1a: Raikou
|-damage|p1a: Raikou|30\/333
|-unboost|p1a: Raikou|spd|1
|
|-heal|p2a: Reuniclus|256\/424|[from] item: Leftovers
|turn|22
|c|âAlvok|is mineeeeee
|
|move|p1a: Raikou|Thunderbolt|p2a: Reuniclus
|-damage|p2a: Reuniclus|214\/424
|move|p2a: Reuniclus|Psychic|p1a: Raikou
|-damage|p1a: Raikou|0 fnt
|faint|p1a: Raikou
|
|win|Alvok