|join|Great_Expectations
|join|Alvok
|player|p1|Great_Expectations|239
|player|p2|Alvok|256
|gametype|singles
|gen|6
|tier|OU
|clearpoke
|poke|p1|Terrakion
|poke|p1|Breloom, F
|poke|p1|Magnezone
|poke|p1|Greninja, M
|poke|p1|Landorus-Therian, M
|poke|p1|Manectric, M
|poke|p2|Politoed, F
|poke|p2|Kingdra, F
|poke|p2|Seismitoad, M
|poke|p2|Jirachi
|poke|p2|Tornadus-Therian, M
|poke|p2|Heracross, M
|rule|Swagger Clause: Swagger is banned
|rule|Baton Pass Clause: Limit one PokÃ©mon knowing Baton Pass
|rule|Sleep Clause Mod: Limit one foe put to sleep
|rule|Species Clause: Limit one of each PokÃ©mon
|rule|OHKO Clause: OHKO moves are banned
|rule|Moody Clause: Moody is banned
|rule|Evasion Moves Clause: Evasion moves are banned
|rule|Endless Battle Clause: Forcing endless battles is banned
|rule|HP Percentage Mod: HP is shown in percentages
|teampreview
|join|Mistaken
|join|JohnxYiu
|join|jacksoras
|join|Henry
|c| jacksoras|escavs team
|c| jacksoras|...
|
|start
|switch|p1a: Breloom|Breloom, F|262\/262
|switch|p2a: Tornadus-Therian|Tornadus-Therian, M|314\/314
|turn|1
|c|âAlvok|we have diff EV spreads
|c| jacksoras|rain is looking stronk
|
|switch|p1a: Magnezone|Magnezone|342\/342
|move|p2a: Tornadus-Therian|U-turn|p1a: Magnezone
|-crit|p1a: Magnezone
|-resisted|p1a: Magnezone
|-damage|p1a: Magnezone|302\/342
|
|switch|p2a: Politoed|Politoed, F|384\/384
|-weather|RainDance
|
|-weather|RainDance|[upkeep]
|turn|2
|
|switch|p2a: Seismitoad|Seismitoad, M|367\/367
|move|p1a: Magnezone|Volt Switch|p2a: Seismitoad
|-immune|p2a: Seismitoad|[msg]
|
|-weather|RainDance|[upkeep]
|turn|3
|join|SINFUL_DESIRES
|join|Gizmo $_$
|
|switch|p1a: Landorus-Therian|Landorus-Therian, M|382\/382
|-ability|p1a: Landorus-Therian|Intimidate|[of] p2a: Seismitoad
|-unboost|p2a: Seismitoad|atk|1
|move|p2a: Seismitoad|Stealth Rock|p1a: Landorus-Therian
|-sidestart|p1: Great_Expectations|move: Stealth Rock
|
|-weather|RainDance|[upkeep]
|turn|4
|
|move|p2a: Seismitoad|Hydro Pump|p1a: Landorus-Therian|[miss]
|-miss|p2a: Seismitoad|p1a: Landorus-Therian
|move|p1a: Landorus-Therian|Stealth Rock|p2a: Seismitoad
|-sidestart|p2: Alvok|move: Stealth Rock
|
|-weather|RainDance|[upkeep]
|turn|5
|c|âAlvok|.....
|c| Mistaken|lol
|
|switch|p1a: Breloom|Breloom, F|262\/262
|-damage|p1a: Breloom|246\/262|[from] Stealth Rock
|move|p2a: Seismitoad|Hydro Pump|p1a: Breloom
|-resisted|p1a: Breloom
|-damage|p1a: Breloom|0 fnt
|-damage|p2a: Seismitoad|331\/367|[from] item: Life Orb
|faint|p1a: Breloom
|
|-weather|RainDance|[upkeep]
|c| Gizmo $_$|damn dude
|c|âGreat_Expectations|jeesh
|c| Gizmo $_$|how tf does hydro even miss
|c|âGreat_Expectations|shit
|c|âGreat_Expectations|that did a lot
|c| jacksoras|alvok
|
|switch|p1a: Terrakion|Terrakion|324\/324
|-damage|p1a: Terrakion|304\/324|[from] Stealth Rock
|turn|6
|c| jacksoras|still wins
|c|âAlvok|?
|c| jacksoras|if he plays well
|c| Gizmo $_$|yeah alvok can't lose this matchup
|
|move|p2a: Seismitoad|Earth Power|p1a: Terrakion
|-supereffective|p1a: Terrakion
|-damage|p1a: Terrakion|0 fnt
|-damage|p2a: Seismitoad|295\/367|[from] item: Life Orb
|faint|p1a: Terrakion
|
|-weather|RainDance|[upkeep]
|c| Gizmo $_$|he doesn't even need to play well lol
|c|âGreat_Expectations|what is this thing
|c| Gizmo $_$|just click hydro
|c| Gizmo $_$|and not miss
|
|switch|p1a: Greninja|Greninja, M|286\/286
|-damage|p1a: Greninja|251\/286|[from] Stealth Rock
|turn|7
|
|move|p2a: Seismitoad|Earth Power|p1a: Greninja
|-damage|p1a: Greninja|31\/286
|-damage|p2a: Seismitoad|259\/367|[from] item: Life Orb
|move|p1a: Greninja|Dark Pulse|p2a: Seismitoad
|-start|p1a: Greninja|typechange|Dark|[from] Protean
|-damage|p2a: Seismitoad|30\/367
|
|-weather|RainDance|[upkeep]
|turn|8
|c|âGreat_Expectations|swift swim fuck
|join|aryloid
|c|âAlvok|well
|join|Breeloom
|c|âAlvok|that sucked
|join|daftmau5
|
|move|p2a: Seismitoad|Earth Power|p1a: Greninja
|-damage|p1a: Greninja|0 fnt
|-damage|p2a: Seismitoad|0 fnt|[from] item: Life Orb
|faint|p1a: Greninja
|faint|p2a: Seismitoad
|
|-weather|none
|c| Gizmo $_$|where is your
|join|Crestfall
|c| Gizmo $_$|life orb
|c| jacksoras|kingdra
|join|Aryclimb
|c| jacksoras|wins now
|c| jacksoras|lol
|c| Gizmo $_$|what kind of greninja are you
|
|switch|p1a: Manectric|Manectric, M|281\/281
|-damage|p1a: Manectric|246\/281|[from] Stealth Rock
|switch|p2a: Politoed|Politoed, F|384\/384
|-damage|p2a: Politoed|336\/384|[from] Stealth Rock
|-weather|RainDance
|turn|9
|c| Gizmo $_$|where is your life orb
|c|âAlvok|specs
|c|âAlvok|or life orb
|c|%Crestfall|scarf only
|c|âAlvok|or ebelt
|c|%Crestfall|:)
|c|âAlvok|cus that did way too much
|c| Gizmo $_$|e belt is too weak
|c| Gizmo $_$|specs is
|c| Gizmo $_$|hnnng
|c|%Crestfall|ebelt is weaker than orb lol
|c|%Crestfall|had to be specs
|join|chumped
|leave|Aryclimb
|
|detailschange|p1a: Manectric|Manectric-Mega, M
|message|Manectric has Mega Evolved into Mega Manectric!
|-ability|p1a: Manectric|Intimidate|[of] p2a: Politoed
|-unboost|p2a: Politoed|atk|1
|move|p1a: Manectric|Thunderbolt|p2a: Politoed
|-supereffective|p2a: Politoed
|-damage|p2a: Politoed|0 fnt
|faint|p2a: Politoed
|
|-weather|RainDance|[upkeep]
|
|switch|p2a: Kingdra|Kingdra, F|297\/297
|-damage|p2a: Kingdra|260\/297|[from] Stealth Rock
|turn|10
|leave|Breeloom
|c| Gizmo $_$|click scald
|join|Aryclimb
|
|switch|p1a: Landorus-Therian|Landorus-Therian, M|382\/382
|-damage|p1a: Landorus-Therian|335\/382|[from] Stealth Rock
|-ability|p1a: Landorus-Therian|Intimidate|[of] p2a: Kingdra
|-unboost|p2a: Kingdra|atk|1
|move|p2a: Kingdra|Scald|p1a: Landorus-Therian
|-supereffective|p1a: Landorus-Therian
|-damage|p1a: Landorus-Therian|0 fnt
|faint|p1a: Landorus-Therian
|
|-weather|RainDance|[upkeep]
|c| Gizmo $_$|don't try to be cool
|c| Gizmo $_$|pleas
|leave|Aryclimb
|c|%Crestfall|win game ez
|
|switch|p1a: Magnezone|Magnezone|302\/342
|-damage|p1a: Magnezone|281\/342|[from] Stealth Rock
|turn|11
|c| JohnxYiu|GG!
|c| jacksoras|ggz
|c|âGreat_Expectations|come on zone
|c| jacksoras|miss now
|c| Gizmo $_$|WAIT
|c| Gizmo $_$|NO
|c|%Crestfall|what zone set is this?
|c| jacksoras|av
|c|%Crestfall|bulky specs or scarfed?
|
|move|p2a: Kingdra|Scald|p1a: Magnezone
|-damage|p1a: Magnezone|92\/342
|move|p1a: Magnezone|Thunderbolt|p2a: Kingdra
|-damage|p2a: Kingdra|89\/297
|
|-weather|RainDance|[upkeep]
|turn|12
|c|%Crestfall|oh AV
|c| JohnxYiu|nvm
|c|%Crestfall|ive seen that only twice
|c| JohnxYiu|GG
|c|âGreat_Expectations|not even close
|
|move|p2a: Kingdra|Scald|p1a: Magnezone
|-damage|p1a: Magnezone|0 fnt
|faint|p1a: Magnezone
|
|-weather|RainDance|[upkeep]
|
|switch|p1a: Manectric|Manectric-Mega, M|246\/281
|-damage|p1a: Manectric|211\/281|[from] Stealth Rock
|-ability|p1a: Manectric|Intimidate|[of] p2a: Kingdra
|-unboost|p2a: Kingdra|atk|1
|turn|13
|
|move|p2a: Kingdra|Scald|p1a: Manectric
|-damage|p1a: Manectric|0 fnt
|faint|p1a: Manectric
|
|win|Alvok
|c| JohnxYiu|yes
|c|âGreat_Expectations|welp
|leave|WECAMEASROMANS
|c|âGreat_Expectations|gg
|c|âAlvok|1-1 
|c| JohnxYiu|big win
|c|âAlvok|last game
|c|âAlvok|wow
|leave|jacksoras
|c|âGreat_Expectations|game 3 right now?
|leave|Henry
|leave|Crestfall
|c|âGreat_Expectations|or you want som etime
|leave|chumped
|join|chumped
|c|âAlvok|give me 5minutes
|c|âGreat_Expectations|for sure
|leave|chumped
|leave|JohnxYiu
|c|âGreat_Expectations|hey it said our second replay doesn't work
|join|WECAMEASROMANS
|join|ThunderBolds
|leave|WECAMEASROMANS