|join|Alvok
|join|Lalallalla
|player|p1|Alvok|256
|player|p2|Lalallalla|64
|gametype|singles
|gen|6
|tier|OU
|clearpoke
|poke|p1|Politoed, F
|poke|p1|Kingdra, M
|poke|p1|Seismitoad, M
|poke|p1|Jirachi
|poke|p1|Tornadus-Therian, M
|poke|p1|Heracross, M
|poke|p2|Gardevoir, M
|poke|p2|Bisharp, M
|poke|p2|Thundurus, M
|poke|p2|Heatran, M
|poke|p2|Rotom-Wash
|poke|p2|Excadrill, F
|rule|Swagger Clause: Swagger is banned
|rule|Baton Pass Clause: Limit one PokÃ©mon knowing Baton Pass
|rule|Sleep Clause Mod: Limit one foe put to sleep
|rule|Species Clause: Limit one of each PokÃ©mon
|rule|OHKO Clause: OHKO moves are banned
|rule|Moody Clause: Moody is banned
|rule|Evasion Moves Clause: Evasion moves are banned
|rule|Endless Battle Clause: Forcing endless battles is banned
|rule|HP Percentage Mod: HP is shown in percentages
|teampreview
|c|âAlvok|GL
|
|start
|switch|p1a: Politoed|Politoed, F|384\/384
|switch|p2a: Thundurus|Thundurus, M|300\/300
|-weather|RainDance
|turn|1
|join|Snowydoe
|
|switch|p1a: Seismitoad|Seismitoad, M|351\/351
|move|p2a: Thundurus|Volt Switch|p1a: Seismitoad
|-immune|p1a: Seismitoad|[msg]
|
|-weather|RainDance|[upkeep]
|turn|2
|
|switch|p2a: Rotom-Wash|Rotom-Wash|303\/303
|move|p1a: Seismitoad|Hydro Pump|p2a: Rotom-Wash
|-resisted|p2a: Rotom-Wash
|-damage|p2a: Rotom-Wash|164\/303
|-damage|p1a: Seismitoad|316\/351|[from] item: Life Orb
|
|-weather|RainDance|[upkeep]
|-heal|p2a: Rotom-Wash|182\/303|[from] item: Leftovers
|turn|3
|
|move|p1a: Seismitoad|Stealth Rock|p2a: Rotom-Wash
|-sidestart|p2: Lalallalla|move: Stealth Rock
|move|p2a: Rotom-Wash|Will-O-Wisp|p1a: Seismitoad
|-status|p1a: Seismitoad|brn
|
|-weather|RainDance|[upkeep]
|-heal|p2a: Rotom-Wash|200\/303|[from] item: Leftovers
|-damage|p1a: Seismitoad|273\/351 brn|[from] brn
|turn|4
|
|switch|p1a: Kingdra|Kingdra, M|292\/292
|move|p2a: Rotom-Wash|Hydro Pump|p1a: Kingdra
|-resisted|p1a: Kingdra
|-damage|p1a: Kingdra|241\/292
|
|-weather|RainDance|[upkeep]
|-heal|p2a: Rotom-Wash|218\/303|[from] item: Leftovers
|turn|5
|c| Snowydoe|alvok making plays
|
|move|p1a: Kingdra|Scald|p2a: Rotom-Wash
|-resisted|p2a: Rotom-Wash
|-damage|p2a: Rotom-Wash|95\/303
|-status|p2a: Rotom-Wash|brn
|move|p2a: Rotom-Wash|Volt Switch|p1a: Kingdra
|-damage|p1a: Kingdra|148\/292
|
|switch|p2a: Bisharp|Bisharp, M|272\/272
|-damage|p2a: Bisharp|255\/272|[from] Stealth Rock
|
|-weather|RainDance|[upkeep]
|turn|6
|
|switch|p1a: Heracross|Heracross, M|302\/302
|move|p2a: Bisharp|Knock Off|p1a: Heracross
|-resisted|p1a: Heracross
|-damage|p1a: Heracross|215\/302
|-damage|p2a: Bisharp|228\/272|[from] item: Life Orb
|
|-weather|RainDance|[upkeep]
|turn|7
|c|âAlvok|wait
|c|âAlvok|this is the semi o.o
|
|switch|p2a: Thundurus|Thundurus, M|300\/300
|-damage|p2a: Thundurus|225\/300|[from] Stealth Rock
|detailschange|p1a: Heracross|Heracross-Mega, M
|message|Heracross has Mega Evolved into Mega Heracross!
|move|p1a: Heracross|Pin Missile|p2a: Thundurus|[miss]
|-miss|p1a: Heracross|p2a: Thundurus
|
|-weather|RainDance|[upkeep]
|turn|8
|c|âAlvok|dafuq?
|
|switch|p1a: Jirachi|Jirachi|404\/404
|move|p2a: Thundurus|Volt Switch|p1a: Jirachi
|-damage|p1a: Jirachi|290\/404
|-damage|p2a: Thundurus|195\/300|[from] item: Life Orb
|
|switch|p2a: Excadrill|Excadrill, F|362\/362
|-damage|p2a: Excadrill|351\/362|[from] Stealth Rock
|-ability|p2a: Excadrill|Mold Breaker
|
|-weather|none
|-heal|p1a: Jirachi|315\/404|[from] item: Leftovers
|turn|9
|c| Snowydoe|yeah i wish i entry this tour tbh the comp looked pretty easy
|join|hueys
|join|n1c69
|c|âAlvok|it sucks that ender had to play escavalier in game1
|c|âAlvok|it would be nice to see them as finals
|
|switch|p1a: Tornadus-Therian|Tornadus-Therian, M|299\/299
|move|p2a: Excadrill|Rapid Spin|p1a: Tornadus-Therian
|-damage|p1a: Tornadus-Therian|263\/299
|-sideend|p2: Lalallalla|Stealth Rock|[from] move: Rapid Spin|[of] p2a: Excadrill
|
|turn|10
|join|Draeden
|
|switch|p2a: Rotom-Wash|Rotom-Wash|95\/303 brn
|move|p1a: Tornadus-Therian|U-turn|p2a: Rotom-Wash
|-damage|p2a: Rotom-Wash|56\/303 brn
|
|switch|p1a: Seismitoad|Seismitoad, M|273\/351 brn
|
|-heal|p2a: Rotom-Wash|74\/303 brn|[from] item: Leftovers
|-damage|p1a: Seismitoad|230\/351 brn|[from] brn
|-damage|p2a: Rotom-Wash|37\/303 brn|[from] brn
|turn|11
|leave|n1c69
|
|move|p1a: Seismitoad|Knock Off|p2a: Rotom-Wash
|-damage|p2a: Rotom-Wash|1\/303 brn
|-enditem|p2a: Rotom-Wash|Leftovers|[from] move: Knock Off|[of] p1a: Seismitoad
|-damage|p1a: Seismitoad|195\/351 brn|[from] item: Life Orb
|move|p2a: Rotom-Wash|Hydro Pump|p1a: Seismitoad|[miss]
|-miss|p2a: Rotom-Wash|p1a: Seismitoad
|
|-damage|p1a: Seismitoad|152\/351 brn|[from] brn
|-damage|p2a: Rotom-Wash|0 fnt|[from] brn
|faint|p2a: Rotom-Wash
|c|âAlvok|ehfuck
|c|âAlvok|lolok
|c|âAlvok|i forget i was burnt
|
|switch|p2a: Gardevoir|Gardevoir, M|278\/278
|turn|12
|join|Hans Lindberg
|
|switch|p1a: Jirachi|Jirachi|315\/404
|detailschange|p2a: Gardevoir|Gardevoir-Mega, M
|message|Gardevoir has Mega Evolved into Mega Gardevoir!
|move|p2a: Gardevoir|Hyper Voice|p1a: Jirachi
|-resisted|p1a: Jirachi
|-damage|p1a: Jirachi|225\/404
|
|-heal|p1a: Jirachi|250\/404|[from] item: Leftovers
|turn|13
|c| Snowydoe|yeah yesterday i had to play semis against mob i got rekt
|
|switch|p2a: Heatran|Heatran, M|386\/386
|move|p1a: Jirachi|Wish|p1a: Jirachi
|
|-heal|p1a: Jirachi|275\/404|[from] item: Leftovers
|turn|14
|c| Snowydoe|jirachi beasting it again
|
|switch|p1a: Seismitoad|Seismitoad, M|152\/351 brn
|move|p2a: Heatran|Stealth Rock|p1a: Seismitoad
|-sidestart|p1: Alvok|move: Stealth Rock
|
|-heal|p1a: Seismitoad|351\/351 brn|[from] move: Wish|[wisher] Jirachi
|-damage|p1a: Seismitoad|308\/351 brn|[from] brn
|turn|15
|
|move|p2a: Heatran|Protect|p2a: Heatran
|-singleturn|p2a: Heatran|Protect
|move|p1a: Seismitoad|Stealth Rock|p2a: Heatran
|-sidestart|p2: Lalallalla|move: Stealth Rock
|
|-damage|p1a: Seismitoad|265\/351 brn|[from] brn
|turn|16
|
|switch|p2a: Gardevoir|Gardevoir-Mega, M|278\/278
|-damage|p2a: Gardevoir|244\/278|[from] Stealth Rock
|move|p1a: Seismitoad|Earth Power|p2a: Gardevoir
|-damage|p2a: Gardevoir|122\/278
|-damage|p1a: Seismitoad|230\/351 brn|[from] item: Life Orb
|
|-damage|p1a: Seismitoad|187\/351 brn|[from] brn
|turn|17
|c| Snowydoe|prections are strong
|c| Snowydoe|predictions*
|
|switch|p1a: Jirachi|Jirachi|275\/404
|-damage|p1a: Jirachi|250\/404|[from] Stealth Rock
|move|p2a: Gardevoir|Taunt|p1a: Jirachi
|-start|p1a: Jirachi|move: Taunt
|
|-heal|p1a: Jirachi|275\/404|[from] item: Leftovers
|turn|18
|
|switch|p1a: Politoed|Politoed, F|384\/384
|-damage|p1a: Politoed|336\/384|[from] Stealth Rock
|-weather|RainDance
|move|p2a: Gardevoir|Focus Blast|p1a: Politoed|[miss]
|-miss|p2a: Gardevoir|p1a: Politoed
|
|-weather|RainDance|[upkeep]
|turn|19
|c| Snowydoe|damn
|
|move|p2a: Gardevoir|Hyper Voice|p1a: Politoed
|-damage|p1a: Politoed|101\/384
|move|p1a: Politoed|Scald|p2a: Gardevoir
|-damage|p2a: Gardevoir|29\/278
|
|-weather|RainDance|[upkeep]
|turn|20
|join|Funnelby
|
|switch|p1a: Jirachi|Jirachi|275\/404
|-damage|p1a: Jirachi|250\/404|[from] Stealth Rock
|move|p2a: Gardevoir|Psyshock|p1a: Jirachi
|-resisted|p1a: Jirachi
|-damage|p1a: Jirachi|207\/404
|
|-weather|RainDance|[upkeep]
|-heal|p1a: Jirachi|232\/404|[from] item: Leftovers
|turn|21
|c| Snowydoe|ahh nice 1% chance to hit
|
|move|p2a: Gardevoir|Focus Blast|p1a: Jirachi
|-damage|p1a: Jirachi|106\/404
|move|p1a: Jirachi|Iron Head|p2a: Gardevoir
|-supereffective|p2a: Gardevoir
|-damage|p2a: Gardevoir|0 fnt
|faint|p2a: Gardevoir
|
|-weather|RainDance|[upkeep]
|-heal|p1a: Jirachi|131\/404|[from] item: Leftovers
|join|wata
|join|PEEKHO
|join|lambo1989
|
|switch|p2a: Excadrill|Excadrill, F|351\/362
|-damage|p2a: Excadrill|340\/362|[from] Stealth Rock
|-ability|p2a: Excadrill|Mold Breaker
|turn|22
|
|move|p1a: Jirachi|Protect|p1a: Jirachi
|-singleturn|p1a: Jirachi|Protect
|move|p2a: Excadrill|Rapid Spin|p1a: Jirachi
|-activate|p1a: Jirachi|Protect
|
|-weather|RainDance|[upkeep]
|-heal|p1a: Jirachi|156\/404|[from] item: Leftovers
|turn|23
|
|move|p2a: Excadrill|Rapid Spin|p1a: Jirachi
|-resisted|p1a: Jirachi
|-damage|p1a: Jirachi|142\/404
|-sideend|p2: Lalallalla|Stealth Rock|[from] move: Rapid Spin|[of] p2a: Excadrill
|move|p1a: Jirachi|Wish|p1a: Jirachi
|
|-weather|RainDance|[upkeep]
|-heal|p1a: Jirachi|167\/404|[from] item: Leftovers
|turn|24
|
|switch|p2a: Bisharp|Bisharp, M|228\/272
|move|p1a: Jirachi|Protect|p1a: Jirachi
|-fail|p1a: Jirachi
|
|-weather|RainDance|[upkeep]
|-heal|p1a: Jirachi|369\/404|[from] move: Wish|[wisher] Jirachi
|-heal|p1a: Jirachi|394\/404|[from] item: Leftovers
|turn|25
|
|move|p2a: Bisharp|Knock Off|p1a: Jirachi
|-supereffective|p1a: Jirachi
|-damage|p1a: Jirachi|0 fnt
|-enditem|p1a: Jirachi|Leftovers|[from] move: Knock Off|[of] p2a: Bisharp
|-damage|p2a: Bisharp|201\/272|[from] item: Life Orb
|faint|p1a: Jirachi
|
|-weather|none
|
|switch|p1a: Heracross|Heracross-Mega, M|215\/302
|-damage|p1a: Heracross|178\/302|[from] Stealth Rock
|turn|26
|
|switch|p2a: Thundurus|Thundurus, M|195\/300
|move|p1a: Heracross|Close Combat|p2a: Thundurus
|-resisted|p2a: Thundurus
|-damage|p2a: Thundurus|21\/300
|-unboost|p1a: Heracross|def|1
|-unboost|p1a: Heracross|spd|1
|
|turn|27
|
|switch|p1a: Politoed|Politoed, F|101\/384
|-damage|p1a: Politoed|53\/384|[from] Stealth Rock
|-weather|RainDance
|move|p2a: Thundurus|Hidden Power|p1a: Politoed
|-resisted|p1a: Politoed
|-damage|p1a: Politoed|9\/384
|-damage|p2a: Thundurus|0 fnt|[from] item: Life Orb
|faint|p2a: Thundurus
|
|-weather|RainDance|[upkeep]
|
|switch|p2a: Excadrill|Excadrill, F|340\/362
|-ability|p2a: Excadrill|Mold Breaker
|turn|28
|
|move|p2a: Excadrill|Iron Head|p1a: Politoed
|-resisted|p1a: Politoed
|-damage|p1a: Politoed|0 fnt
|faint|p1a: Politoed
|
|-weather|RainDance|[upkeep]
|
|switch|p1a: Kingdra|Kingdra, M|148\/292
|-damage|p1a: Kingdra|112\/292|[from] Stealth Rock
|turn|29
|
|move|p1a: Kingdra|Scald|p2a: Excadrill
|-supereffective|p2a: Excadrill
|-damage|p2a: Excadrill|0 fnt
|faint|p2a: Excadrill
|
|-weather|RainDance|[upkeep]
|
|switch|p2a: Bisharp|Bisharp, M|201\/272
|turn|30
|join|TheElph
|
|switch|p1a: Tornadus-Therian|Tornadus-Therian, M|299\/299
|-damage|p1a: Tornadus-Therian|225\/299|[from] Stealth Rock
|move|p2a: Bisharp|Knock Off|p1a: Tornadus-Therian
|-damage|p1a: Tornadus-Therian|0 fnt
|-enditem|p1a: Tornadus-Therian|Assault Vest|[from] move: Knock Off|[of] p2a: Bisharp
|-damage|p2a: Bisharp|174\/272|[from] item: Life Orb
|faint|p1a: Tornadus-Therian
|
|-weather|RainDance|[upkeep]
|
|switch|p1a: Heracross|Heracross-Mega, M|178\/302
|-damage|p1a: Heracross|141\/302|[from] Stealth Rock
|turn|31
|c| Snowydoe|think this is gg
|join|owooww
|c| wata|iron head
|c| wata|scarf
|c|âLalallalla|think so too
|
|switch|p2a: Heatran|Heatran, M|386\/386
|move|p1a: Heracross|Close Combat|p2a: Heatran
|-supereffective|p2a: Heatran
|-damage|p2a: Heatran|0 fnt
|-unboost|p1a: Heracross|def|1
|-unboost|p1a: Heracross|spd|1
|faint|p2a: Heatran
|
|-weather|RainDance|[upkeep]
|
|switch|p2a: Bisharp|Bisharp, M|174\/272
|turn|32
|
|switch|p1a: Kingdra|Kingdra, M|112\/292
|-damage|p1a: Kingdra|76\/292|[from] Stealth Rock
|move|p2a: Bisharp|Knock Off|p1a: Kingdra
|-damage|p1a: Kingdra|0 fnt
|-enditem|p1a: Kingdra|Choice Specs|[from] move: Knock Off|[of] p2a: Bisharp
|-damage|p2a: Bisharp|147\/272|[from] item: Life Orb
|faint|p1a: Kingdra
|
|-weather|RainDance|[upkeep]
|
|switch|p1a: Heracross|Heracross-Mega, M|141\/302
|-damage|p1a: Heracross|104\/302|[from] Stealth Rock
|turn|33
|c| Snowydoe|sack toad
|
|move|p2a: Bisharp|Sucker Punch|p1a: Heracross
|-resisted|p1a: Heracross
|-damage|p1a: Heracross|26\/302
|-damage|p2a: Bisharp|120\/272|[from] item: Life Orb
|move|p1a: Heracross|Close Combat|p2a: Bisharp
|-supereffective|p2a: Bisharp
|-damage|p2a: Bisharp|0 fnt
|-unboost|p1a: Heracross|def|1
|-unboost|p1a: Heracross|spd|1
|faint|p2a: Bisharp
|
|win|Alvok
|c|âAlvok|gg
|c| wata|not good nuf
|c|âLalallalla|gg mate :)
|c| Snowydoe|ahh nice gg
|c|âAlvok|:]
|leave|Draeden
|leave|Snowydoe
|leave|Alvok
|player|p1
|c| wata|you lost and you should feel bad
|c| wata|no happy moments in showodwn
|leave|lambo1989
|c|âLalallalla|lel
|join|lil manaphy
|leave|lil manaphy
|leave|TheElph
|leave|wata
|leave|Funnelby
|leave|PEEKHO
|join|Funnelby
|join|redevil360
|leave|Funnelby
|leave|owooww