|join|Alvok
|join|Great_Expectations
|player|p1|Alvok|256
|player|p2|Great_Expectations|239
|gametype|singles
|gen|6
|tier|OU
|clearpoke
|poke|p1|Charizard, M
|poke|p1|Tyranitar, F
|poke|p1|Excadrill, M
|poke|p1|Rotom-Wash
|poke|p1|Gengar, F
|poke|p1|Breloom, M
|poke|p2|Kyurem-Black
|poke|p2|Blastoise, M
|poke|p2|Talonflame, F
|poke|p2|Magnezone
|poke|p2|Latios, M
|poke|p2|Landorus-Therian, M
|rule|Swagger Clause: Swagger is banned
|rule|Baton Pass Clause: Limit one PokÃ©mon knowing Baton Pass
|rule|Sleep Clause Mod: Limit one foe put to sleep
|rule|Species Clause: Limit one of each PokÃ©mon
|rule|OHKO Clause: OHKO moves are banned
|rule|Moody Clause: Moody is banned
|rule|Evasion Moves Clause: Evasion moves are banned
|rule|Endless Battle Clause: Forcing endless battles is banned
|rule|HP Percentage Mod: HP is shown in percentages
|teampreview
|c|âGreat_Expectations|Should we advertise a bit?
|c|âAlvok|no pls
|c|âGreat_Expectations|for sure
|c|âGreat_Expectations|shit
|c|âGreat_Expectations|i'm pretty nervous lol
|join|Mistaken
|c|âGreat_Expectations|best of luck to ya
|join|SINFUL_DESIRES
|c|âGreat_Expectations|how are people joining lol
|
|start
|switch|p1a: Charizard|Charizard, M|297\/297
|switch|p2a: Kyurem-Black|Kyurem-Black|454\/454
|-ability|p2a: Kyurem-Black|Teravolt
|turn|1
|c|âAlvok|err from a room im in
|c| Mistaken|just save replay
|
|switch|p1a: Tyranitar|Tyranitar, F|404\/404
|-weather|Sandstorm
|move|p2a: Kyurem-Black|Outrage|p1a: Tyranitar
|-damage|p1a: Tyranitar|127\/404
|
|-weather|Sandstorm|[upkeep]
|-damage|p2a: Kyurem-Black|426\/454|[from] sandstorm
|turn|2
|join|jacksoras
|
|switch|p1a: Excadrill|Excadrill, M|359\/359
|move|p2a: Kyurem-Black|Outrage|p1a: Excadrill
|-resisted|p1a: Excadrill
|-damage|p1a: Excadrill|147\/359
|
|-end|p2a: Kyurem-Black|rampage
|-start|p2a: Kyurem-Black|confusion
|-weather|Sandstorm|[upkeep]
|-damage|p2a: Kyurem-Black|398\/454|[from] sandstorm
|turn|3
|c|âGreat_Expectations|will do
|
|switch|p2a: Landorus-Therian|Landorus-Therian, M|382\/382
|-ability|p2a: Landorus-Therian|Intimidate|[of] p1a: Excadrill
|-unboost|p1a: Excadrill|atk|1
|move|p1a: Excadrill|Iron Head|p2a: Landorus-Therian
|-damage|p2a: Landorus-Therian|277\/382
|-damage|p1a: Excadrill|112\/359|[from] item: Life Orb
|
|-weather|Sandstorm|[upkeep]
|-heal|p2a: Landorus-Therian|300\/382|[from] item: Leftovers
|turn|4
|c|âAlvok|why not 3 turns
|c|âAlvok|dammit
|
|switch|p1a: Charizard|Charizard, M|297\/297
|move|p2a: Landorus-Therian|Stealth Rock|p1a: Charizard
|-sidestart|p1: Alvok|move: Stealth Rock
|
|-weather|Sandstorm|[upkeep]
|-damage|p1a: Charizard|279\/297|[from] sandstorm
|-heal|p2a: Landorus-Therian|323\/382|[from] item: Leftovers
|turn|5
|
|switch|p2a: Kyurem-Black|Kyurem-Black|398\/454
|-ability|p2a: Kyurem-Black|Teravolt
|detailschange|p1a: Charizard|Charizard-Mega-Y, M
|message|Charizard has Mega Evolved into Mega Charizard!
|-weather|SunnyDay
|move|p1a: Charizard|Fire Blast|p2a: Kyurem-Black
|-damage|p2a: Kyurem-Black|128\/454
|
|-weather|SunnyDay|[upkeep]
|turn|6
|
|move|p1a: Charizard|Fire Blast|p2a: Kyurem-Black
|-damage|p2a: Kyurem-Black|0 fnt
|faint|p2a: Kyurem-Black
|
|-weather|SunnyDay|[upkeep]
|join|Henry
|
|switch|p2a: Latios|Latios, M|302\/302
|turn|7
|
|switch|p1a: Tyranitar|Tyranitar, F|127\/404
|-damage|p1a: Tyranitar|77\/404|[from] Stealth Rock
|-weather|Sandstorm
|move|p2a: Latios|Draco Meteor|p1a: Tyranitar
|-damage|p1a: Tyranitar|0 fnt
|-unboost|p2a: Latios|spa|2
|faint|p1a: Tyranitar
|
|-weather|Sandstorm|[upkeep]
|-damage|p2a: Latios|284\/302|[from] sandstorm
|
|switch|p1a: Excadrill|Excadrill, M|112\/359
|-damage|p1a: Excadrill|101\/359|[from] Stealth Rock
|turn|8
|join|lil manaphy
|
|switch|p2a: Landorus-Therian|Landorus-Therian, M|323\/382
|-ability|p2a: Landorus-Therian|Intimidate|[of] p1a: Excadrill
|-unboost|p1a: Excadrill|atk|1
|move|p1a: Excadrill|Iron Head|p2a: Landorus-Therian
|-damage|p2a: Landorus-Therian|216\/382
|-damage|p1a: Excadrill|66\/359|[from] item: Life Orb
|
|-weather|Sandstorm|[upkeep]
|-heal|p2a: Landorus-Therian|239\/382|[from] item: Leftovers
|turn|9
|
|move|p1a: Excadrill|Rapid Spin|p2a: Landorus-Therian
|-damage|p2a: Landorus-Therian|221\/382
|-sideend|p1: Alvok|Stealth Rock|[from] move: Rapid Spin|[of] p1a: Excadrill
|-damage|p1a: Excadrill|31\/359|[from] item: Life Orb
|move|p2a: Landorus-Therian|Stealth Rock|p1a: Excadrill
|-sidestart|p1: Alvok|move: Stealth Rock
|
|-weather|Sandstorm|[upkeep]
|-heal|p2a: Landorus-Therian|244\/382|[from] item: Leftovers
|turn|10
|
|switch|p1a: Rotom-Wash|Rotom-Wash|304\/304
|-damage|p1a: Rotom-Wash|266\/304|[from] Stealth Rock
|move|p2a: Landorus-Therian|Stealth Rock|p1a: Rotom-Wash
|-fail|p1a: Rotom-Wash
|
|-weather|Sandstorm|[upkeep]
|-damage|p1a: Rotom-Wash|247\/304|[from] sandstorm
|-heal|p1a: Rotom-Wash|266\/304|[from] item: Leftovers
|-heal|p2a: Landorus-Therian|267\/382|[from] item: Leftovers
|turn|11
|
|switch|p2a: Magnezone|Magnezone|344\/344
|move|p1a: Rotom-Wash|Volt Switch|p2a: Magnezone
|-resisted|p2a: Magnezone
|-damage|p2a: Magnezone|313\/344
|
|switch|p1a: Excadrill|Excadrill, M|31\/359
|-damage|p1a: Excadrill|20\/359|[from] Stealth Rock
|
|-weather|Sandstorm|[upkeep]
|turn|12
|
|switch|p2a: Landorus-Therian|Landorus-Therian, M|267\/382
|-ability|p2a: Landorus-Therian|Intimidate|[of] p1a: Excadrill
|-unboost|p1a: Excadrill|atk|1
|move|p1a: Excadrill|Rapid Spin|p2a: Landorus-Therian
|-damage|p2a: Landorus-Therian|248\/382
|-sideend|p1: Alvok|Stealth Rock|[from] move: Rapid Spin|[of] p1a: Excadrill
|-damage|p1a: Excadrill|0 fnt|[from] item: Life Orb
|faint|p1a: Excadrill
|
|-weather|Sandstorm|[upkeep]
|-heal|p2a: Landorus-Therian|271\/382|[from] item: Leftovers
|
|switch|p1a: Charizard|Charizard-Mega-Y, M|279\/297
|-weather|SunnyDay
|turn|13
|
|switch|p2a: Latios|Latios, M|284\/302
|move|p1a: Charizard|Fire Blast|p2a: Latios
|-crit|p2a: Latios
|-resisted|p2a: Latios
|-damage|p2a: Latios|58\/302
|
|-weather|SunnyDay|[upkeep]
|turn|14
|
|move|p2a: Latios|Draco Meteor|p1a: Charizard
|-damage|p1a: Charizard|86\/297
|-unboost|p2a: Latios|spa|2
|move|p1a: Charizard|Fire Blast|p2a: Latios
|-resisted|p2a: Latios
|-damage|p2a: Latios|0 fnt
|faint|p2a: Latios
|
|-weather|SunnyDay|[upkeep]
|c|âGreat_Expectations|eesh
|join|Gizmo $_$
|c|âGreat_Expectations|that didn't do much at all
|
|switch|p2a: Talonflame|Talonflame, F|297\/297
|turn|15
|
|switch|p1a: Rotom-Wash|Rotom-Wash|266\/304
|move|p2a: Talonflame|Brave Bird|p1a: Rotom-Wash
|-crit|p1a: Rotom-Wash
|-resisted|p1a: Rotom-Wash
|-damage|p1a: Rotom-Wash|146\/304
|-damage|p2a: Talonflame|257\/297|[from] recoil|[of] p1a: Rotom-Wash
|
|-weather|SunnyDay|[upkeep]
|-heal|p1a: Rotom-Wash|165\/304|[from] item: Leftovers
|turn|16
|
|switch|p2a: Magnezone|Magnezone|313\/344
|move|p1a: Rotom-Wash|Volt Switch|p2a: Magnezone
|-resisted|p2a: Magnezone
|-damage|p2a: Magnezone|283\/344
|
|switch|p1a: Breloom|Breloom, M|262\/262
|
|-weather|SunnyDay|[upkeep]
|turn|17
|
|switch|p2a: Landorus-Therian|Landorus-Therian, M|271\/382
|-ability|p2a: Landorus-Therian|Intimidate|[of] p1a: Breloom
|-unboost|p1a: Breloom|atk|1
|move|p1a: Breloom|Spore|p2a: Landorus-Therian
|-status|p2a: Landorus-Therian|slp
|
|-weather|none
|-heal|p2a: Landorus-Therian|294\/382 slp|[from] item: Leftovers
|turn|18
|
|switch|p1a: Charizard|Charizard-Mega-Y, M|86\/297
|-weather|SunnyDay
|cant|p2a: Landorus-Therian|slp
|
|-weather|SunnyDay|[upkeep]
|-heal|p2a: Landorus-Therian|317\/382 slp|[from] item: Leftovers
|turn|19
|
|move|p1a: Charizard|Fire Blast|p2a: Landorus-Therian|[miss]
|-miss|p1a: Charizard|p2a: Landorus-Therian
|-curestatus|p2a: Landorus-Therian|slp
|move|p2a: Landorus-Therian|Stealth Rock|p1a: Charizard
|-sidestart|p1: Alvok|move: Stealth Rock
|
|-weather|SunnyDay|[upkeep]
|-heal|p2a: Landorus-Therian|340\/382|[from] item: Leftovers
|turn|20
|c|âAlvok|..
|
|move|p1a: Charizard|Fire Blast|p2a: Landorus-Therian|[miss]
|-miss|p1a: Charizard|p2a: Landorus-Therian
|move|p2a: Landorus-Therian|U-turn|p1a: Charizard
|-resisted|p1a: Charizard
|-damage|p1a: Charizard|64\/297
|c|âAlvok|.......
|
|switch|p2a: Talonflame|Talonflame, F|257\/297
|
|-weather|SunnyDay|[upkeep]
|turn|21
|c|âGreat_Expectations|shit
|c|âGreat_Expectations|i'll take it
|c|âAlvok|wow gg
|
|move|p2a: Talonflame|Flare Blitz|p1a: Charizard
|-resisted|p1a: Charizard
|-damage|p1a: Charizard|0 fnt
|-damage|p2a: Talonflame|236\/297|[from] recoil|[of] p1a: Charizard
|faint|p1a: Charizard
|
|-weather|SunnyDay|[upkeep]
|
|switch|p1a: Rotom-Wash|Rotom-Wash|165\/304
|-damage|p1a: Rotom-Wash|127\/304|[from] Stealth Rock
|turn|22
|
|switch|p2a: Magnezone|Magnezone|283\/344
|move|p1a: Rotom-Wash|Volt Switch|p2a: Magnezone
|-resisted|p2a: Magnezone
|-damage|p2a: Magnezone|251\/344
|
|switch|p1a: Breloom|Breloom, M|262\/262
|-damage|p1a: Breloom|246\/262|[from] Stealth Rock
|
|-weather|none
|turn|23
|c| jacksoras|why wouldnt u flare
|c| jacksoras|lol
|
|switch|p2a: Landorus-Therian|Landorus-Therian, M|340\/382
|-ability|p2a: Landorus-Therian|Intimidate|[of] p1a: Breloom
|-unboost|p1a: Breloom|atk|1
|move|p1a: Breloom|Spore|p2a: Landorus-Therian
|-status|p2a: Landorus-Therian|slp
|
|-heal|p2a: Landorus-Therian|363\/382 slp|[from] item: Leftovers
|turn|24
|c|âAlvok|i just lost cus of that miss -.-
|c|âAlvok|2 miss
|
|move|p1a: Breloom|Rock Tomb|p2a: Landorus-Therian|[miss]
|-miss|p1a: Breloom|p2a: Landorus-Therian
|cant|p2a: Landorus-Therian|slp
|
|-heal|p2a: Landorus-Therian|382\/382 slp|[from] item: Leftovers
|turn|25
|c|âGreat_Expectations|damn
|
|move|p1a: Breloom|Bullet Seed|p2a: Landorus-Therian
|-damage|p2a: Landorus-Therian|342\/382 slp
|-damage|p2a: Landorus-Therian|306\/382 slp
|-damage|p2a: Landorus-Therian|266\/382 slp
|-hitcount|p2a: Landorus-Therian|3
|-curestatus|p2a: Landorus-Therian|slp
|move|p2a: Landorus-Therian|U-turn|p1a: Breloom
|-damage|p1a: Breloom|159\/262
|c|âAlvok|........
|
|switch|p2a: Talonflame|Talonflame, F|236\/297
|
|turn|26
|c|âAlvok|gg
|
|move|p2a: Talonflame|Brave Bird|p1a: Breloom
|-supereffective|p1a: Breloom
|-damage|p1a: Breloom|0 fnt
|-damage|p2a: Talonflame|184\/297|[from] recoil|[of] p1a: Breloom
|faint|p1a: Breloom
|
|
|switch|p1a: Rotom-Wash|Rotom-Wash|127\/304
|-damage|p1a: Rotom-Wash|89\/304|[from] Stealth Rock
|turn|27
|
|switch|p2a: Magnezone|Magnezone|251\/344
|move|p1a: Rotom-Wash|Volt Switch|p2a: Magnezone
|-resisted|p2a: Magnezone
|-damage|p2a: Magnezone|221\/344
|
|switch|p1a: Gengar|Gengar, F|261\/261
|-damage|p1a: Gengar|229\/261|[from] Stealth Rock
|
|turn|28
|
|move|p1a: Gengar|Focus Blast|p2a: Magnezone
|-supereffective|p2a: Magnezone
|-damage|p2a: Magnezone|0 fnt
|-damage|p1a: Gengar|203\/261|[from] item: Life Orb
|faint|p2a: Magnezone
|
|
|switch|p2a: Blastoise|Blastoise, M|362\/362
|turn|29
|
|detailschange|p2a: Blastoise|Blastoise-Mega, M
|message|Blastoise has Mega Evolved into Mega Blastoise!
|move|p1a: Gengar|Sludge Wave|p2a: Blastoise
|-damage|p2a: Blastoise|158\/362
|-damage|p1a: Gengar|177\/261|[from] item: Life Orb
|move|p2a: Blastoise|Water Pulse|p1a: Gengar
|-damage|p1a: Gengar|0 fnt
|faint|p1a: Gengar
|
|
|switch|p1a: Rotom-Wash|Rotom-Wash|89\/304
|-damage|p1a: Rotom-Wash|51\/304|[from] Stealth Rock
|turn|30
|join|JohnxYiu
|
|move|p1a: Rotom-Wash|Volt Switch|p2a: Blastoise
|-supereffective|p2a: Blastoise
|-damage|p2a: Blastoise|0 fnt
|faint|p2a: Blastoise
|
|-heal|p1a: Rotom-Wash|70\/304|[from] item: Leftovers
|c|âAlvok|that 3 miss
|c|âAlvok|cost me the game
|
|switch|p2a: Talonflame|Talonflame, F|184\/297
|turn|31
|
|move|p2a: Talonflame|Brave Bird|p1a: Rotom-Wash
|-resisted|p1a: Rotom-Wash
|-damage|p1a: Rotom-Wash|0 fnt
|-damage|p2a: Talonflame|161\/297|[from] recoil|[of] p1a: Rotom-Wash
|faint|p1a: Rotom-Wash
|
|win|Great_Expectations
|c| JohnxYiu|shoot
|leave|SINFUL_DESIRES
|c|âAlvok|....
|c|âGreat_Expectations|gg
|leave|Henry
|c|âAlvok|bg
|leave|Alvok
|player|p1
|leave|Gizmo $_$