|join|Alvok
|join|Mistaken
|player|p1|Alvok|256
|player|p2|Mistaken|101
|gametype|singles
|gen|6
|tier|OU
|rated
|clearpoke
|poke|p1|Charizard, M
|poke|p1|Tyranitar, F
|poke|p1|Excadrill, M
|poke|p1|Rotom-Wash
|poke|p1|Gengar, F
|poke|p1|Breloom, M
|poke|p2|Pinsir, F
|poke|p2|Tyranitar, F
|poke|p2|Magnezone
|poke|p2|Latios, M
|poke|p2|Ferrothorn, M
|poke|p2|Keldeo
|rule|Swagger Clause: Swagger is banned
|rule|Baton Pass Clause: Limit one PokÃ©mon knowing Baton Pass
|rule|Sleep Clause Mod: Limit one foe put to sleep
|rule|Species Clause: Limit one of each PokÃ©mon
|rule|OHKO Clause: OHKO moves are banned
|rule|Moody Clause: Moody is banned
|rule|Evasion Moves Clause: Evasion moves are banned
|rule|Endless Battle Clause: Forcing endless battles is banned
|rule|HP Percentage Mod: HP is shown in percentages
|teampreview
|c|âMistaken|.........
|
|start
|switch|p1a: Charizard|Charizard, M|297\/297
|switch|p2a: Ferrothorn|Ferrothorn, M|352\/352
|turn|1
|
|switch|p2a: Latios|Latios, M|301\/301
|detailschange|p1a: Charizard|Charizard-Mega-Y, M
|message|Charizard has Mega Evolved into Mega Charizard!
|-weather|SunnyDay
|move|p1a: Charizard|Fire Blast|p2a: Latios
|-resisted|p2a: Latios
|-damage|p2a: Latios|147\/301
|
|-weather|SunnyDay|[upkeep]
|turn|2
|
|switch|p2a: Tyranitar|Tyranitar, F|341\/341
|-weather|Sandstorm
|switch|p1a: Tyranitar|Tyranitar, F|404\/404
|
|-weather|Sandstorm|[upkeep]
|turn|3
|
|move|p2a: Tyranitar|Superpower|p1a: Tyranitar
|-crit|p1a: Tyranitar
|-supereffective|p1a: Tyranitar
|-damage|p1a: Tyranitar|0 fnt
|-unboost|p2a: Tyranitar|atk|1
|-unboost|p2a: Tyranitar|def|1
|faint|p1a: Tyranitar
|
|-weather|Sandstorm|[upkeep]
|
|switch|p1a: Excadrill|Excadrill, M|359\/359
|turn|4
|
|switch|p2a: Ferrothorn|Ferrothorn, M|352\/352
|move|p1a: Excadrill|Earthquake|p2a: Ferrothorn
|-damage|p2a: Ferrothorn|148\/352
|-damage|p1a: Excadrill|324\/359|[from] item: Life Orb
|
|-weather|Sandstorm|[upkeep]
|-heal|p2a: Ferrothorn|170\/352|[from] item: Leftovers
|turn|5
|
|move|p2a: Ferrothorn|Protect|p2a: Ferrothorn
|-singleturn|p2a: Ferrothorn|Protect
|move|p1a: Excadrill|Earthquake|p2a: Ferrothorn
|-activate|p2a: Ferrothorn|Protect
|
|-weather|Sandstorm|[upkeep]
|-heal|p2a: Ferrothorn|192\/352|[from] item: Leftovers
|turn|6
|
|move|p1a: Excadrill|Earthquake|p2a: Ferrothorn
|-damage|p2a: Ferrothorn|0 fnt
|-damage|p1a: Excadrill|289\/359|[from] item: Life Orb
|faint|p2a: Ferrothorn
|
|-weather|none
|
|switch|p2a: Keldeo|Keldeo|322\/322
|turn|7
|c|âAlvok|your stupid ttar overlapped my sand turns into 5 -.-
|
|switch|p1a: Rotom-Wash|Rotom-Wash|304\/304
|move|p2a: Keldeo|Scald|p1a: Rotom-Wash
|-resisted|p1a: Rotom-Wash
|-damage|p1a: Rotom-Wash|206\/304
|
|-heal|p1a: Rotom-Wash|225\/304|[from] item: Leftovers
|turn|8
|c|âMistaken|lol
|
|switch|p2a: Magnezone|Magnezone|281\/281
|move|p1a: Rotom-Wash|Volt Switch|p2a: Magnezone
|-resisted|p2a: Magnezone
|-damage|p2a: Magnezone|233\/281
|
|switch|p1a: Excadrill|Excadrill, M|289\/359
|
|turn|9
|c|âMistaken|and for that i luv ttr
|
|switch|p2a: Pinsir|Pinsir, F|271\/271
|move|p1a: Excadrill|Earthquake|p2a: Pinsir
|-resisted|p2a: Pinsir
|-damage|p2a: Pinsir|132\/271
|-damage|p1a: Excadrill|254\/359|[from] item: Life Orb
|
|turn|10
|
|switch|p1a: Gengar|Gengar, F|261\/261
|detailschange|p2a: Pinsir|Pinsir-Mega, F
|message|Pinsir has Mega Evolved into Mega Pinsir!
|move|p2a: Pinsir|Close Combat|p1a: Gengar
|-immune|p1a: Gengar|[msg]
|
|turn|11
|c|âMistaken|:(
|
|switch|p1a: Excadrill|Excadrill, M|254\/359
|move|p2a: Pinsir|Quick Attack|p1a: Excadrill
|-crit|p1a: Excadrill
|-resisted|p1a: Excadrill
|-damage|p1a: Excadrill|128\/359
|
|turn|12
|
|move|p2a: Pinsir|Return|p1a: Excadrill
|-resisted|p1a: Excadrill
|-damage|p1a: Excadrill|0 fnt
|faint|p1a: Excadrill
|
|
|switch|p1a: Gengar|Gengar, F|261\/261
|turn|13
|
|switch|p2a: Tyranitar|Tyranitar, F|341\/341
|-weather|Sandstorm
|move|p1a: Gengar|Sludge Wave|p2a: Tyranitar
|-resisted|p2a: Tyranitar
|-damage|p2a: Tyranitar|271\/341
|-damage|p1a: Gengar|235\/261|[from] item: Life Orb
|
|-weather|Sandstorm|[upkeep]
|-damage|p1a: Gengar|219\/261|[from] sandstorm
|turn|14
|
|move|p2a: Tyranitar|Pursuit|p1a: Gengar
|-supereffective|p1a: Gengar
|-damage|p1a: Gengar|0 fnt
|faint|p1a: Gengar
|
|-weather|Sandstorm|[upkeep]
|
|switch|p1a: Charizard|Charizard-Mega-Y, M|297\/297
|-weather|SunnyDay
|turn|15
|
|switch|p2a: Pinsir|Pinsir-Mega, F|132\/271
|move|p1a: Charizard|Fire Blast|p2a: Pinsir
|-supereffective|p2a: Pinsir
|-damage|p2a: Pinsir|0 fnt
|faint|p2a: Pinsir
|
|-weather|SunnyDay|[upkeep]
|
|switch|p2a: Magnezone|Magnezone|233\/281
|turn|16
|
|move|p2a: Magnezone|Volt Switch|p1a: Charizard
|-supereffective|p1a: Charizard
|-damage|p1a: Charizard|63\/297
|
|switch|p2a: Tyranitar|Tyranitar, F|271\/341
|-weather|Sandstorm
|move|p1a: Charizard|Fire Blast|p2a: Tyranitar
|-resisted|p2a: Tyranitar
|-damage|p2a: Tyranitar|189\/341
|
|-weather|Sandstorm|[upkeep]
|-damage|p1a: Charizard|45\/297|[from] sandstorm
|turn|17
|
|move|p2a: Tyranitar|Pursuit|p1a: Charizard
|-damage|p1a: Charizard|0 fnt
|faint|p1a: Charizard
|
|-weather|Sandstorm|[upkeep]
|
|switch|p1a: Rotom-Wash|Rotom-Wash|225\/304
|turn|18
|
|move|p2a: Tyranitar|Pursuit|p1a: Rotom-Wash
|-damage|p1a: Rotom-Wash|176\/304
|move|p1a: Rotom-Wash|Will-O-Wisp|p2a: Tyranitar
|-status|p2a: Tyranitar|brn
|
|-weather|Sandstorm|[upkeep]
|-damage|p1a: Rotom-Wash|157\/304|[from] sandstorm
|-heal|p1a: Rotom-Wash|176\/304|[from] item: Leftovers
|-damage|p2a: Tyranitar|147\/341 brn|[from] brn
|turn|19
|
|move|p2a: Tyranitar|Pursuit|p1a: Rotom-Wash
|-damage|p1a: Rotom-Wash|148\/304
|move|p1a: Rotom-Wash|Hydro Pump|p2a: Tyranitar
|-crit|p2a: Tyranitar
|-supereffective|p2a: Tyranitar
|-damage|p2a: Tyranitar|0 fnt
|faint|p2a: Tyranitar
|
|-weather|Sandstorm|[upkeep]
|-damage|p1a: Rotom-Wash|129\/304|[from] sandstorm
|-heal|p1a: Rotom-Wash|148\/304|[from] item: Leftovers
|
|switch|p2a: Magnezone|Magnezone|233\/281
|turn|20
|
|move|p2a: Magnezone|Thunderbolt|p1a: Rotom-Wash
|-damage|p1a: Rotom-Wash|9\/304
|move|p1a: Rotom-Wash|Hydro Pump|p2a: Magnezone|[miss]
|-miss|p1a: Rotom-Wash|p2a: Magnezone
|
|-weather|none
|-heal|p1a: Rotom-Wash|28\/304|[from] item: Leftovers
|turn|21
|c|âAlvok|...
|
|move|p2a: Magnezone|Thunderbolt|p1a: Rotom-Wash
|-damage|p1a: Rotom-Wash|0 fnt
|faint|p1a: Rotom-Wash
|
|
|switch|p1a: Breloom|Breloom, M|262\/262
|turn|22
|c|âMistaken|gg
|
|move|p1a: Breloom|Mach Punch|p2a: Magnezone
|-supereffective|p2a: Magnezone
|-damage|p2a: Magnezone|33\/281
|move|p2a: Magnezone|Thunderbolt|p1a: Breloom
|-resisted|p1a: Breloom
|-damage|p1a: Breloom|139\/262
|
|turn|23
|-message|Alvok forfeited.
|
|win|Mistaken
|raw|Ladder updating...
|leave|Alvok
|player|p1
|raw|Ladder (probably) updated, but score could not be retrieved (timeout).
|raw|Ladder (probably) updated, but score could not be retrieved (Error: socket hang up).