|join|RedKingAlmighty
|join|Alvok
|player|p1|RedKingAlmighty|154
|player|p2|Alvok|256
|gametype|singles
|gen|6
|tier|OU
|clearpoke
|poke|p1|Volcarona, M
|poke|p1|Manectric, F
|poke|p1|Landorus-Therian, M
|poke|p1|Latios, M
|poke|p1|Bisharp, F
|poke|p1|Starmie
|poke|p2|Charizard, M
|poke|p2|Tyranitar, F
|poke|p2|Excadrill, M
|poke|p2|Rotom-Wash
|poke|p2|Gengar, F
|poke|p2|Breloom, M
|rule|Swagger Clause: Swagger is banned
|rule|Baton Pass Clause: Limit one PokÃ©mon knowing Baton Pass
|rule|Sleep Clause Mod: Limit one foe put to sleep
|rule|Species Clause: Limit one of each PokÃ©mon
|rule|OHKO Clause: OHKO moves are banned
|rule|Moody Clause: Moody is banned
|rule|Evasion Moves Clause: Evasion moves are banned
|rule|Endless Battle Clause: Forcing endless battles is banned
|rule|HP Percentage Mod: HP is shown in percentages
|teampreview
|join|NataliePortmanteau
|join|Freehim2k14
|join|Albacore
|join|FreeAegislash2014
|join|IamChow
|join|Draeden
|join|Truedrew
|
|start
|switch|p1a: Breathes fire|Manectric, F|281\/281
|switch|p2a: Rotom-Wash|Rotom-Wash|304\/304
|turn|1
|c| Draeden|Ah, solid teams
|
|detailschange|p1a: Breathes fire|Manectric-Mega, F
|message|Manectric has Mega Evolved into Mega Manectric!
|-ability|p1a: Breathes fire|Intimidate|[of] p2a: Rotom-Wash
|-unboost|p2a: Rotom-Wash|atk|1
|move|p1a: Breathes fire|Thunderbolt|p2a: Rotom-Wash
|-damage|p2a: Rotom-Wash|138\/304
|move|p2a: Rotom-Wash|Will-O-Wisp|p1a: Breathes fire
|-status|p1a: Breathes fire|brn
|
|-heal|p2a: Rotom-Wash|157\/304|[from] item: Leftovers
|-damage|p1a: Breathes fire|246\/281 brn|[from] brn
|turn|2
|c|âRedKingAlmighty|ty
|leave|FreeAegislash2014
|c|âRedKingAlmighty|*cough, mine is cooler
|join|JessicaAlbacore
|
|switch|p2a: Excadrill|Excadrill, M|359\/359
|move|p1a: Breathes fire|Volt Switch|p2a: Excadrill
|-immune|p2a: Excadrill|[msg]
|
|-damage|p1a: Breathes fire|211\/281 brn|[from] brn
|turn|3
|join|mannyfreitas
|c|âRedKingAlmighty|ack ez street
|
|switch|p1a: Starmie|Starmie|323\/323
|switch|p2a: Tyranitar|Tyranitar, F|404\/404
|-weather|Sandstorm
|
|-weather|Sandstorm|[upkeep]
|-damage|p1a: Starmie|303\/323|[from] sandstorm
|-heal|p1a: Starmie|323\/323|[from] item: Leftovers
|turn|4
|
|move|p1a: Starmie|Reflect Type|p2a: Tyranitar
|-start|p1a: Starmie|typechange|[from] move: Reflect Type|[of] p2a: Tyranitar
|move|p2a: Tyranitar|Pursuit|p1a: Starmie
|-resisted|p1a: Starmie
|-damage|p1a: Starmie|285\/323
|
|-weather|Sandstorm|[upkeep]
|-heal|p1a: Starmie|305\/323|[from] item: Leftovers
|turn|5
|c|âAlvok|damn
|c|âRedKingAlmighty|:)
|c| Draeden|Not
|c| Draeden|Even
|c|âAlvok|the legendary reflect type
|c| Draeden|Bad
|
|move|p1a: Starmie|Scald|p2a: Tyranitar
|-supereffective|p2a: Tyranitar
|-damage|p2a: Tyranitar|336\/404
|-status|p2a: Tyranitar|brn
|move|p2a: Tyranitar|Stealth Rock|p1a: Starmie
|-sidestart|p1: RedKingAlmighty|move: Stealth Rock
|
|-weather|Sandstorm|[upkeep]
|-heal|p1a: Starmie|323\/323|[from] item: Leftovers
|-damage|p2a: Tyranitar|286\/404 brn|[from] brn
|turn|6
|join|wizardo
|c|âAlvok|oml
|c|âRedKingAlmighty|IM TOO PRO FOR U
|c|âAlvok|hahah ok
|
|switch|p2a: Breloom|Breloom, M|262\/262
|move|p1a: Starmie|Rapid Spin|p2a: Breloom
|-damage|p2a: Breloom|250\/262
|-sideend|p1: RedKingAlmighty|Stealth Rock|[from] move: Rapid Spin|[of] p1a: Starmie
|
|-weather|Sandstorm|[upkeep]
|-damage|p2a: Breloom|234\/262|[from] sandstorm
|turn|7
|c|âRedKingAlmighty|game crashes*
|
|switch|p1a: Breathes fire|Manectric-Mega, F|211\/281 brn
|-ability|p1a: Breathes fire|Intimidate|[of] p2a: Breloom
|-unboost|p2a: Breloom|atk|1
|move|p2a: Breloom|Spore|p1a: Breathes fire
|-fail|p1a: Breathes fire
|
|-weather|Sandstorm|[upkeep]
|-damage|p1a: Breathes fire|194\/281 brn|[from] sandstorm
|-damage|p2a: Breloom|218\/262|[from] sandstorm
|-damage|p1a: Breathes fire|159\/281 brn|[from] brn
|turn|8
|join|Deez Nut$
|join|controlling
|c|âAlvok|oops i thought that was bullet seed -.-
|c|+Albacore|lmao played
|c|âRedKingAlmighty|nop
|leave|Deez Nut$
|c|âAlvok|im blind af
|
|switch|p2a: Tyranitar|Tyranitar, F|286\/404 brn
|move|p1a: Breathes fire|Overheat|p2a: Tyranitar
|-resisted|p2a: Tyranitar
|-damage|p2a: Tyranitar|241\/404 brn
|-unboost|p1a: Breathes fire|spa|2
|
|-weather|Sandstorm|[upkeep]
|-damage|p1a: Breathes fire|142\/281 brn|[from] sandstorm
|-damage|p1a: Breathes fire|107\/281 brn|[from] brn
|-damage|p2a: Tyranitar|191\/404 brn|[from] brn
|turn|9
|c|âRedKingAlmighty|ah fuck
|
|move|p1a: Breathes fire|Volt Switch|p2a: Tyranitar
|-damage|p2a: Tyranitar|155\/404 brn
|join|tesung
|
|switch|p1a: Bisharp|Bisharp, F|272\/272
|move|p2a: Tyranitar|Stealth Rock|p1a: Bisharp
|-sidestart|p1: RedKingAlmighty|move: Stealth Rock
|
|-weather|Sandstorm|[upkeep]
|-damage|p2a: Tyranitar|105\/404 brn|[from] brn
|turn|10
|c|âRedKingAlmighty|oh
|join|808 & Heartbreak
|join|qwazz
|
|switch|p2a: Rotom-Wash|Rotom-Wash|157\/304
|move|p1a: Bisharp|Knock Off|p2a: Rotom-Wash
|-damage|p2a: Rotom-Wash|12\/304
|-enditem|p2a: Rotom-Wash|Leftovers|[from] move: Knock Off|[of] p1a: Bisharp
|
|-weather|none
|turn|11
|c|âRedKingAlmighty|had that figured for pursuit
|c|âRedKingAlmighty|ez streat
|c|âRedKingAlmighty|street
|join|RedzoneX
|
|move|p1a: Bisharp|Pursuit|p2a: Rotom-Wash
|-damage|p2a: Rotom-Wash|0 fnt
|faint|p2a: Rotom-Wash
|
|
|switch|p2a: Breloom|Breloom, M|218\/262
|turn|12
|
|switch|p1a: Breathes fire|Manectric-Mega, F|107\/281 brn
|-damage|p1a: Breathes fire|72\/281 brn|[from] Stealth Rock
|-ability|p1a: Breathes fire|Intimidate|[of] p2a: Breloom
|-unboost|p2a: Breloom|atk|1
|move|p2a: Breloom|Spore|p1a: Breathes fire
|-fail|p1a: Breathes fire
|
|-damage|p1a: Breathes fire|37\/281 brn|[from] brn
|turn|13
|c|âRedKingAlmighty|qwazz is like
|c|âRedKingAlmighty|reveal hp fighting
|c|âRedKingAlmighty|lmao
|
|move|p2a: Breloom|Mach Punch|p1a: Breathes fire
|-damage|p1a: Breathes fire|0 fnt
|faint|p1a: Breathes fire
|
|
|switch|p1a: Latios|Latios, M|301\/301
|-damage|p1a: Latios|264\/301|[from] Stealth Rock
|turn|14
|
|switch|p2a: Tyranitar|Tyranitar, F|105\/404 brn
|-weather|Sandstorm
|move|p1a: Latios|Psyshock|p2a: Tyranitar
|-immune|p2a: Tyranitar|[msg]
|
|-weather|Sandstorm|[upkeep]
|-damage|p1a: Latios|246\/301|[from] sandstorm
|-damage|p2a: Tyranitar|55\/404 brn|[from] brn
|turn|15
|join|Gradeus
|
|move|p1a: Latios|Earthquake|p2a: Tyranitar
|-supereffective|p2a: Tyranitar
|-damage|p2a: Tyranitar|0 fnt
|-damage|p1a: Latios|216\/301|[from] item: Life Orb
|faint|p2a: Tyranitar
|
|-weather|Sandstorm|[upkeep]
|-damage|p1a: Latios|198\/301|[from] sandstorm
|join|god player\/team
|
|switch|p2a: Excadrill|Excadrill, M|359\/359
|turn|16
|c|âRedKingAlmighty|scarf = cri
|
|move|p2a: Excadrill|Iron Head|p1a: Latios
|-crit|p1a: Latios
|-damage|p1a: Latios|0 fnt
|-damage|p2a: Excadrill|324\/359|[from] item: Life Orb
|faint|p1a: Latios
|
|-weather|Sandstorm|[upkeep]
|
|switch|p1a: Cloud kitty|Landorus-Therian, M|382\/382
|-damage|p1a: Cloud kitty|335\/382|[from] Stealth Rock
|-ability|p1a: Cloud kitty|Intimidate|[of] p2a: Excadrill
|-unboost|p2a: Excadrill|atk|1
|turn|17
|leave|god player\/team
|
|switch|p2a: Gengar|Gengar, F|261\/261
|move|p1a: Cloud kitty|U-turn|p2a: Gengar
|-resisted|p2a: Gengar
|-damage|p2a: Gengar|232\/261
|c| mannyfreitas|yes
|
|switch|p1a: Bisharp|Bisharp, F|272\/272
|-damage|p1a: Bisharp|255\/272|[from] Stealth Rock
|
|-weather|Sandstorm|[upkeep]
|-damage|p2a: Gengar|216\/261|[from] sandstorm
|turn|18
|c| Gradeus|rip knock off
|c|âRedKingAlmighty|rip
|
|move|p2a: Gengar|Focus Blast|p1a: Bisharp|[miss]
|-miss|p2a: Gengar|p1a: Bisharp
|move|p1a: Bisharp|Knock Off|p2a: Gengar
|-crit|p2a: Gengar
|-supereffective|p2a: Gengar
|-damage|p2a: Gengar|0 fnt
|-enditem|p2a: Gengar|Life Orb|[from] move: Knock Off|[of] p1a: Bisharp
|faint|p2a: Gengar
|
|-weather|Sandstorm|[upkeep]
|c|âAlvok|-.-
|c| RedzoneX|fail
|c|âAlvok|wow
|c| JessicaAlbacore|rip
|c|âRedKingAlmighty|not even bad
|c|+Albacore|nb
|c|âRedKingAlmighty|suks
|
|switch|p2a: Charizard|Charizard, M|297\/297
|turn|19
|
|detailschange|p2a: Charizard|Charizard-Mega-Y, M
|message|Charizard has Mega Evolved into Mega Charizard!
|-weather|SunnyDay
|move|p2a: Charizard|Fire Blast|p1a: Bisharp|[miss]
|-miss|p2a: Charizard|p1a: Bisharp
|move|p1a: Bisharp|Iron Head|p2a: Charizard
|-resisted|p2a: Charizard
|-damage|p2a: Charizard|207\/297
|
|-weather|SunnyDay|[upkeep]
|turn|20
|c|âAlvok|-.-
|c|âRedKingAlmighty|LOL
|c| RedzoneX|KEK
|join|Jefo
|c| JessicaAlbacore|your team needs glasses
|c|âRedKingAlmighty|IM TOO GUD
|c| controlling|some bs
|
|move|p1a: Bisharp|Sucker Punch|p2a: Charizard
|-fail|p2a: Charizard
|move|p2a: Charizard|Roost|p2a: Charizard
|-heal|p2a: Charizard|297\/297
|
|-weather|SunnyDay|[upkeep]
|turn|21
|join|badffle
|c| RedzoneX|u wot
|join|Rafe94
|c| controlling|dd
|c| mannyfreitas|red its likke the first battle we had today
|
|move|p1a: Bisharp|Sucker Punch|p2a: Charizard
|-damage|p2a: Charizard|84\/297
|move|p2a: Charizard|Fire Blast|p1a: Bisharp
|-supereffective|p1a: Bisharp
|-damage|p1a: Bisharp|0 fnt
|faint|p1a: Bisharp
|
|-weather|SunnyDay|[upkeep]
|c|âAlvok|getting haxed by RKA , i feel bad for myself
|c| controlling|dragon dance right now
|c|âRedKingAlmighty|i feel bad for u
|
|switch|p1a: Starmie|Starmie|323\/323
|-damage|p1a: Starmie|283\/323|[from] Stealth Rock
|turn|22
|
|switch|p2a: Breloom|Breloom, M|218\/262
|move|p1a: Starmie|Reflect Type|p2a: Breloom
|-start|p1a: Starmie|typechange|[from] move: Reflect Type|[of] p2a: Breloom
|
|-weather|SunnyDay|[upkeep]
|-heal|p1a: Starmie|303\/323|[from] item: Leftovers
|turn|23
|c| RedzoneX|ok now you lose to starmie
|c| Freehim2k14|This has been lots of fun to watch, the room wasnt kidding
|
|switch|p1a: Volcakyub|Volcarona, M|371\/371
|-damage|p1a: Volcakyub|186\/371|[from] Stealth Rock
|move|p2a: Breloom|Rock Tomb|p1a: Volcakyub
|-supereffective|p1a: Volcakyub
|-damage|p1a: Volcakyub|0 fnt
|faint|p1a: Volcakyub
|
|-weather|none
|c|âRedKingAlmighty|NOOO
|c|âRedKingAlmighty|oh shit
|c| RedzoneX|FUKT
|c|âAlvok|lol
|
|switch|p1a: Cloud kitty|Landorus-Therian, M|335\/382
|-damage|p1a: Cloud kitty|288\/382|[from] Stealth Rock
|-ability|p1a: Cloud kitty|Intimidate|[of] p2a: Breloom
|-unboost|p2a: Breloom|atk|1
|turn|24
|c| 808 & Heartbreak|gg
|c| controlling|alvok on a roll
|
|move|p2a: Breloom|Spore|p1a: Cloud kitty
|-status|p1a: Cloud kitty|slp
|cant|p1a: Cloud kitty|slp
|
|-heal|p1a: Cloud kitty|311\/382 slp|[from] item: Leftovers
|turn|25
|c|âRedKingAlmighty|alvok too pro
|c| controlling|he wants that dinner at olive garden
|
|switch|p2a: Charizard|Charizard-Mega-Y, M|84\/297
|-weather|SunnyDay
|cant|p1a: Cloud kitty|slp
|
|-weather|SunnyDay|[upkeep]
|-heal|p1a: Cloud kitty|334\/382 slp|[from] item: Leftovers
|turn|26
|c| mannyfreitas|go cloud kitty 
|leave|Truedrew
|
|move|p2a: Charizard|Fire Blast|p1a: Cloud kitty
|-damage|p1a: Cloud kitty|0 fnt
|faint|p1a: Cloud kitty
|
|-weather|SunnyDay|[upkeep]
|c|âRedKingAlmighty|sorry everybody
|
|switch|p1a: Starmie|Starmie|303\/323
|-damage|p1a: Starmie|263\/323|[from] Stealth Rock
|turn|27
|c| Freehim2k14|Alvok 2k14
|
|move|p1a: Starmie|Reflect Type|p2a: Charizard
|-start|p1a: Starmie|typechange|[from] move: Reflect Type|[of] p2a: Charizard
|move|p2a: Charizard|Fire Blast|p1a: Starmie
|-resisted|p1a: Starmie
|-damage|p1a: Starmie|52\/323
|
|-weather|SunnyDay|[upkeep]
|-heal|p1a: Starmie|72\/323|[from] item: Leftovers
|turn|28
|
|move|p1a: Starmie|Recover|p1a: Starmie
|-heal|p1a: Starmie|234\/323
|move|p2a: Charizard|Fire Blast|p1a: Starmie
|-resisted|p1a: Starmie
|-damage|p1a: Starmie|36\/323
|
|-weather|SunnyDay|[upkeep]
|-heal|p1a: Starmie|56\/323|[from] item: Leftovers
|turn|29
|c| JessicaAlbacore|> resist
|
|move|p1a: Starmie|Recover|p1a: Starmie
|-heal|p1a: Starmie|218\/323
|move|p2a: Charizard|Fire Blast|p1a: Starmie|[miss]
|-miss|p2a: Charizard|p1a: Starmie
|
|-weather|none
|-heal|p1a: Starmie|238\/323|[from] item: Leftovers
|turn|30
|c|âRedKingAlmighty|yes
|c|âAlvok|nooo
|c|âRedKingAlmighty|i winz
|
|switch|p2a: Excadrill|Excadrill, M|324\/359
|move|p1a: Starmie|Scald|p2a: Excadrill
|-supereffective|p2a: Excadrill
|-damage|p2a: Excadrill|140\/359
|
|-heal|p1a: Starmie|258\/323|[from] item: Leftovers
|turn|31
|c| Gradeus|rip stab
|
|switch|p2a: Charizard|Charizard-Mega-Y, M|84\/297
|-weather|SunnyDay
|move|p1a: Starmie|Scald|p2a: Charizard
|-supereffective|p2a: Charizard
|-damage|p2a: Charizard|24\/297
|
|-weather|SunnyDay|[upkeep]
|-heal|p1a: Starmie|278\/323|[from] item: Leftovers
|turn|32
|c|âRedKingAlmighty|don't need this stab thing u speak of
|
|move|p1a: Starmie|Scald|p2a: Charizard
|-supereffective|p2a: Charizard
|-damage|p2a: Charizard|0 fnt
|faint|p2a: Charizard
|
|-weather|SunnyDay|[upkeep]
|-heal|p1a: Starmie|298\/323|[from] item: Leftovers
|
|switch|p2a: Excadrill|Excadrill, M|140\/359
|turn|33
|c| Rafe94|who needs stab when you're fire flying
|c|âRedKingAlmighty|daymn the 50\/50
|c| Gradeus|hp fire manly starmie
|c| JessicaAlbacore|reveal rock throw
|c| mannyfreitas|nvm i fucked you up faster
|c|âRedKingAlmighty|this is it
|c| Freehim2k14|dun dun dun
|
|move|p1a: Starmie|Scald|p2a: Excadrill
|-supereffective|p2a: Excadrill
|-damage|p2a: Excadrill|54\/359
|-status|p2a: Excadrill|brn
|move|p2a: Excadrill|Earthquake|p1a: Starmie
|-immune|p1a: Starmie|[msg]
|
|-weather|SunnyDay|[upkeep]
|-heal|p1a: Starmie|318\/323|[from] item: Leftovers
|-damage|p2a: Excadrill|10\/359 brn|[from] brn
|turn|34
|c| Freehim2k14|the suspense
|c| Rafe94|scald burn go
|c|âAlvok|lol
|c|âRedKingAlmighty|I WIN
|c| RedzoneX|fukt
|c|+Albacore|wtf
|c| Rafe94|eq wut
|
|move|p1a: Starmie|Scald|p2a: Excadrill
|-supereffective|p2a: Excadrill
|-damage|p2a: Excadrill|0 fnt
|faint|p2a: Excadrill
|
|-weather|SunnyDay|[upkeep]
|-heal|p1a: Starmie|323\/323|[from] item: Leftovers
|c|âRedKingAlmighty|REKT
|c| 808 & Heartbreak|bopppp
|c| Gradeus|eq wut
|c|+Albacore|that was a choke lel
|c|âRedKingAlmighty|gg
|c|âAlvok|i thought he would reflect type
|c|âAlvok|to resist the rock slide
|c|+Albacore|if he refect typed
|
|switch|p2a: Breloom|Breloom, M|218\/262
|turn|35
|c| Rafe94|lmfao
|c| Rafe94|damn
|c|+Albacore|loom mach punhc
|
|move|p1a: Starmie|Reflect Type|p2a: Breloom
|-start|p1a: Starmie|typechange|[from] move: Reflect Type|[of] p2a: Breloom
|move|p2a: Breloom|Rock Tomb|p1a: Starmie|[miss]
|-miss|p2a: Breloom|p1a: Starmie
|
|-weather|none
|turn|36
|c|+Albacore|js
|c|âRedKingAlmighty|meh
|c|âAlvok|ARE YOU
|c| JessicaAlbacore|tha plays
|c|âAlvok|fucking kidding me now
|
|move|p1a: Starmie|Scald|p2a: Breloom
|-resisted|p2a: Breloom
|-damage|p2a: Breloom|171\/262
|move|p2a: Breloom|Rock Tomb|p1a: Starmie
|-resisted|p1a: Starmie
|-damage|p1a: Starmie|268\/323
|-unboost|p1a: Starmie|spe|1
|
|-heal|p1a: Starmie|288\/323|[from] item: Leftovers
|turn|37
|c|âRedKingAlmighty|lol
|
|move|p2a: Breloom|Mach Punch|p1a: Starmie
|-damage|p1a: Starmie|171\/323
|move|p1a: Starmie|Scald|p2a: Breloom
|-resisted|p2a: Breloom
|-damage|p2a: Breloom|122\/262
|
|-heal|p1a: Starmie|191\/323|[from] item: Leftovers
|turn|38
|
|move|p2a: Breloom|Bullet Seed|p1a: Starmie
|-resisted|p1a: Starmie
|-damage|p1a: Starmie|152\/323
|-resisted|p1a: Starmie
|-damage|p1a: Starmie|113\/323
|-hitcount|p1a: Starmie|2
|move|p1a: Starmie|Recover|p1a: Starmie
|-heal|p1a: Starmie|275\/323
|
|-heal|p1a: Starmie|295\/323|[from] item: Leftovers
|turn|39
|c| RedzoneX|scard burn whEre
|c|+Albacore|yah you choked
|
|move|p2a: Breloom|Bullet Seed|p1a: Starmie
|-resisted|p1a: Starmie
|-damage|p1a: Starmie|260\/323
|-resisted|p1a: Starmie
|-damage|p1a: Starmie|226\/323
|-resisted|p1a: Starmie
|-damage|p1a: Starmie|188\/323
|-hitcount|p1a: Starmie|3
|move|p1a: Starmie|Scald|p2a: Breloom
|-resisted|p2a: Breloom
|-damage|p2a: Breloom|71\/262
|
|-heal|p1a: Starmie|208\/323|[from] item: Leftovers
|turn|40
|c|âAlvok|why 2 hits :[
|c| Freehim2k14|I'm surprised youre not running a toxic orb breloom
|c|+Albacore|rock slide was the play
|c|âRedKingAlmighty|wanna burn?
|c|+Albacore|b\/c if he RTyped loom revenge killed
|c|âAlvok|5hits lesgo
|
|move|p2a: Breloom|Bullet Seed|p1a: Starmie
|-resisted|p1a: Starmie
|-damage|p1a: Starmie|168\/323
|-crit|p1a: Starmie
|-resisted|p1a: Starmie
|-damage|p1a: Starmie|114\/323
|-hitcount|p1a: Starmie|2
|move|p1a: Starmie|Recover|p1a: Starmie
|-heal|p1a: Starmie|276\/323
|
|-heal|p1a: Starmie|296\/323|[from] item: Leftovers
|turn|41
|join|Bloodz
|c|âAlvok|nooo
|c| IamChow|lol
|leave|RedzoneX
|
|move|p2a: Breloom|Bullet Seed|p1a: Starmie
|-resisted|p1a: Starmie
|-damage|p1a: Starmie|257\/323
|-resisted|p1a: Starmie
|-damage|p1a: Starmie|218\/323
|-resisted|p1a: Starmie
|-damage|p1a: Starmie|178\/323
|-hitcount|p1a: Starmie|3
|move|p1a: Starmie|Scald|p2a: Breloom
|-resisted|p2a: Breloom
|-damage|p2a: Breloom|20\/262
|
|-heal|p1a: Starmie|198\/323|[from] item: Leftovers
|turn|42
|c|âRedKingAlmighty|pray to ur gods
|c|âAlvok|5hits
|c|âAlvok|come on breloom
|c|âRedKingAlmighty|COME ON
|
|move|p2a: Breloom|Bullet Seed|p1a: Starmie
|-resisted|p1a: Starmie
|-damage|p1a: Starmie|165\/323
|-crit|p1a: Starmie
|-resisted|p1a: Starmie
|-damage|p1a: Starmie|107\/323
|-resisted|p1a: Starmie
|-damage|p1a: Starmie|70\/323
|-resisted|p1a: Starmie
|-damage|p1a: Starmie|34\/323
|-resisted|p1a: Starmie
|-damage|p1a: Starmie|0 fnt
|-hitcount|p1a: Starmie|5
|faint|p1a: Starmie
|
|win|Alvok
|c| IamChow|oooh
|c|+Albacore|LOL
|c|âRedKingAlmighty|._.
|c|âAlvok|nailed it
|c| IamChow|AYYYY
|c| badffle|lol
|c| controlling|omg
|c|âAlvok|ROFL
|c| Rafe94|:O
|c| Bloodz|lol
|c| Gradeus|THAT AINT FALCO
|join|BIG SCHLONG MCDONG
|c| controlling|omg
|c|âAlvok|Ayyyy
|c| Rafe94|the nuts
|leave|JessicaAlbacore
|c| controlling|:O
|c| controlling|damn
|leave|BIG SCHLONG MCDONG
|c| Freehim2k14|OH
|c| IamChow|lmao deserved it imo
|c|âAlvok|got'em
|leave|808 & Heartbreak
|leave|RedKingAlmighty
|player|p1
|c| Freehim2k14|BEAUTIFUL
|c| Rafe94|breloom comin in hot
|leave|Albacore
|leave|Bloodz
|leave|badffle
|leave|IamChow
|leave|Rafe94
|leave|Draeden
|leave|Alvok
|player|p2
|leave|Gradeus
|leave|Freehim2k14
|join|RedKingAlmighty