|join|Alvok
|join|Appreciation
|player|p1|Alvok|256
|player|p2|Appreciation|68
|gametype|singles
|gen|6
|tier|OU
|rated
|clearpoke
|poke|p1|Celebi
|poke|p1|Keldeo
|poke|p1|Metagross
|poke|p1|Garchomp, F
|poke|p1|Clefable, F
|poke|p1|Latios, M
|poke|p2|Lopunny, M
|poke|p2|Rotom-Wash
|poke|p2|Latias, F
|poke|p2|Keldeo
|poke|p2|Skarmory, M
|poke|p2|Heatran, M
|rule|Swagger Clause: Swagger is banned
|rule|Baton Pass Clause: Limit one PokÃ©mon knowing Baton Pass
|rule|Sleep Clause Mod: Limit one foe put to sleep
|rule|Species Clause: Limit one of each PokÃ©mon
|rule|OHKO Clause: OHKO moves are banned
|rule|Moody Clause: Moody is banned
|rule|Evasion Moves Clause: Evasion moves are banned
|rule|Endless Battle Clause: Forcing endless battles is banned
|rule|HP Percentage Mod: HP is shown in percentages
|teampreview
|c|âAlvok|damn
|c|âAppreciation|hi
|c|âAppreciation|i hate your team
|c|âAlvok|hi
|c|âAppreciation|:=)
|c|âAlvok|i hate your's too
|c|âAlvok|:]
|c|âAlvok|GL anyway
|join|S4TW2
|c|âAppreciation|hf breh
|c| S4TW2|http:\/\/replay.pokemonshowdown.com\/ou-205492414
|c|âAppreciation|hf talking
|c|âAppreciation|LOL
|c|âAppreciation|u think ur funny
|raw|<div class="broadcast-red"><b>Moderated chat was set to +!<\/b><br \/>Only users of rank + and higher can talk.<\/div>
|c|âAppreciation|later nerd
|c|âAlvok|o.o
|
|start
|switch|p1a: Celebi|Celebi|355\/355
|switch|p2a: Rotom-Wash|Rotom-Wash|303\/303
|turn|1
|
|switch|p2a: Heatran|Heatran, M|323\/323
|move|p1a: Celebi|Giga Drain|p2a: Heatran
|-crit|p2a: Heatran
|-resisted|p2a: Heatran
|-damage|p2a: Heatran|268\/323
|-damage|p1a: Celebi|320\/355|[from] item: Life Orb
|
|turn|2
|
|switch|p1a: Garchomp|Garchomp, F|420\/420
|move|p2a: Heatran|Fire Blast|p1a: Garchomp
|-crit|p1a: Garchomp
|-resisted|p1a: Garchomp
|-damage|p1a: Garchomp|243\/420
|
|turn|3
|
|switch|p2a: Keldeo|Keldeo|323\/323
|move|p1a: Garchomp|Stealth Rock|p2a: Keldeo
|-sidestart|p2: Appreciation|move: Stealth Rock
|
|turn|4
|
|switch|p1a: Latios|Latios, M|301\/301
|move|p2a: Keldeo|Icy Wind|p1a: Latios
|-supereffective|p1a: Latios
|-damage|p1a: Latios|161\/301
|-unboost|p1a: Latios|spe|1
|
|turn|5
|
|switch|p1a: Clefable|Clefable, F|394\/394
|move|p2a: Keldeo|Icy Wind|p1a: Clefable
|-damage|p1a: Clefable|333\/394
|-unboost|p1a: Clefable|spe|1
|
|-heal|p1a: Clefable|357\/394|[from] item: Leftovers
|turn|6
|
|switch|p2a: Heatran|Heatran, M|268\/323
|-damage|p2a: Heatran|228\/323|[from] Stealth Rock
|switch|p1a: Keldeo|Keldeo|323\/323
|
|turn|7
|
|switch|p2a: Latias|Latias, F|301\/301
|-damage|p2a: Latias|264\/301|[from] Stealth Rock
|move|p1a: Keldeo|Substitute|p1a: Keldeo
|-start|p1a: Keldeo|Substitute
|-damage|p1a: Keldeo|243\/323
|
|-heal|p1a: Keldeo|263\/323|[from] item: Leftovers
|turn|8
|
|move|p2a: Latias|Psyshock|p1a: Keldeo
|-supereffective|p1a: Keldeo
|-end|p1a: Keldeo|Substitute
|-damage|p2a: Latias|234\/301|[from] item: Life Orb
|move|p1a: Keldeo|Scald|p2a: Latias
|-resisted|p2a: Latias
|-damage|p2a: Latias|177\/301
|
|-heal|p1a: Keldeo|283\/323|[from] item: Leftovers
|turn|9
|
|switch|p1a: Clefable|Clefable, F|357\/394
|move|p2a: Latias|Draco Meteor|p1a: Clefable
|-immune|p1a: Clefable|[msg]
|
|-heal|p1a: Clefable|381\/394|[from] item: Leftovers
|turn|10
|c|âAppreciation|lol
|c|âAlvok|;]
|c|âAppreciation|u have a metagross..
|c|âAlvok|ikr
|
|switch|p2a: Heatran|Heatran, M|228\/323
|-damage|p2a: Heatran|188\/323|[from] Stealth Rock
|move|p1a: Clefable|Moonblast|p2a: Heatran
|-resisted|p2a: Heatran
|-damage|p2a: Heatran|163\/323
|
|-heal|p1a: Clefable|394\/394|[from] item: Leftovers
|turn|11
|c|âAppreciation|its the pro our on showdown
|c|âAppreciation|lele
|
|move|p2a: Heatran|Fire Blast|p1a: Clefable
|-damage|p1a: Clefable|204\/394
|move|p1a: Clefable|Soft-Boiled|p1a: Clefable
|-heal|p1a: Clefable|394\/394
|
|turn|12
|c|âAppreciation|why the fuck
|c|âAppreciation|omg so bad
|c|âAppreciation|lol
|
|move|p2a: Heatran|Fire Blast|p1a: Clefable|[miss]
|-miss|p2a: Heatran|p1a: Clefable
|move|p1a: Clefable|Calm Mind|p1a: Clefable
|-boost|p1a: Clefable|spa|1
|-boost|p1a: Clefable|spd|1
|
|turn|13
|c|âAlvok|hurhurhur
|c|âAppreciation|so fucking awful
|c|âAlvok|;]
|c|âAppreciation|you were the guy playing bp
|c|âAppreciation|right?
|c|âAlvok|huh
|c|âAppreciation|now i remember
|c|âAlvok|no?
|c|âAlvok|im alkov
|c|âAlvok|dude
|
|switch|p2a: Rotom-Wash|Rotom-Wash|303\/303
|-damage|p2a: Rotom-Wash|266\/303|[from] Stealth Rock
|move|p1a: Clefable|Calm Mind|p1a: Clefable
|-boost|p1a: Clefable|spa|1
|-boost|p1a: Clefable|spd|1
|
|-heal|p2a: Rotom-Wash|284\/303|[from] item: Leftovers
|turn|14
|c|âAlvok|and i dont use bp o.o
|
|move|p2a: Rotom-Wash|Will-O-Wisp|p1a: Clefable|[miss]
|-miss|p2a: Rotom-Wash|p1a: Clefable
|move|p1a: Clefable|Moonblast|p2a: Rotom-Wash
|-crit|p2a: Rotom-Wash
|-damage|p2a: Rotom-Wash|0 fnt
|faint|p2a: Rotom-Wash
|
|c|âAppreciation|,
|c|âAlvok|sorry
|c|âAppreciation|LOL
|c|âAppreciation|OK
|c|âAlvok|but magic guard anyway
|
|switch|p2a: Heatran|Heatran, M|163\/323
|-damage|p2a: Heatran|123\/323|[from] Stealth Rock
|turn|15
|
|move|p2a: Heatran|Flash Cannon|p1a: Clefable
|-supereffective|p1a: Clefable
|-damage|p1a: Clefable|256\/394
|-unboost|p1a: Clefable|spd|1
|move|p1a: Clefable|Soft-Boiled|p1a: Clefable
|-heal|p1a: Clefable|394\/394
|
|turn|16
|
|move|p2a: Heatran|Flash Cannon|p1a: Clefable
|-supereffective|p1a: Clefable
|-damage|p1a: Clefable|226\/394
|move|p1a: Clefable|Calm Mind|p1a: Clefable
|-boost|p1a: Clefable|spa|1
|-boost|p1a: Clefable|spd|1
|
|-heal|p1a: Clefable|250\/394|[from] item: Leftovers
|turn|17
|
|move|p2a: Heatran|Flash Cannon|p1a: Clefable
|-supereffective|p1a: Clefable
|-damage|p1a: Clefable|134\/394
|move|p1a: Clefable|Soft-Boiled|p1a: Clefable
|-heal|p1a: Clefable|331\/394
|
|-heal|p1a: Clefable|355\/394|[from] item: Leftovers
|turn|18
|
|move|p2a: Heatran|Flash Cannon|p1a: Clefable
|-supereffective|p1a: Clefable
|-damage|p1a: Clefable|235\/394
|move|p1a: Clefable|Moonblast|p2a: Heatran
|-resisted|p2a: Heatran
|-damage|p2a: Heatran|65\/323
|
|-heal|p1a: Clefable|259\/394|[from] item: Leftovers
|turn|19
|
|move|p2a: Heatran|Flash Cannon|p1a: Clefable
|-supereffective|p1a: Clefable
|-damage|p1a: Clefable|125\/394
|move|p1a: Clefable|Soft-Boiled|p1a: Clefable
|-heal|p1a: Clefable|322\/394
|
|-heal|p1a: Clefable|346\/394|[from] item: Leftovers
|turn|20
|
|move|p2a: Heatran|Flash Cannon|p1a: Clefable
|-supereffective|p1a: Clefable
|-damage|p1a: Clefable|220\/394
|move|p1a: Clefable|Calm Mind|p1a: Clefable
|-boost|p1a: Clefable|spa|1
|-boost|p1a: Clefable|spd|1
|
|-heal|p1a: Clefable|244\/394|[from] item: Leftovers
|turn|21
|
|move|p2a: Heatran|Flash Cannon|p1a: Clefable
|-crit|p1a: Clefable
|-supereffective|p1a: Clefable
|-damage|p1a: Clefable|0 fnt
|faint|p1a: Clefable
|
|c|âAlvok|lmfao
|c|âAlvok|ok
|c|âAppreciation|it was gonna happen
|c|âAppreciation|u woulda been lucky af
|c|âAlvok|not complaining
|c|âAlvok|relax
|
|switch|p1a: Keldeo|Keldeo|283\/323
|turn|22
|c|âAppreciation|if u didnt get crit
|c|âAppreciation|-.-
|c|âAlvok|im not even complaining
|c|âAlvok|chill out sir
|
|switch|p2a: Keldeo|Keldeo|323\/323
|-damage|p2a: Keldeo|303\/323|[from] Stealth Rock
|move|p1a: Keldeo|Scald|p2a: Keldeo
|-resisted|p2a: Keldeo
|-damage|p2a: Keldeo|231\/323
|-status|p2a: Keldeo|brn
|
|-heal|p1a: Keldeo|303\/323|[from] item: Leftovers
|-heal|p2a: Keldeo|251\/323 brn|[from] item: Leftovers
|-damage|p2a: Keldeo|211\/323 brn|[from] brn
|turn|23
|c|âAppreciation|!!
|
|switch|p1a: Celebi|Celebi|320\/355
|move|p2a: Keldeo|Secret Sword|p1a: Celebi
|-resisted|p1a: Celebi
|-damage|p1a: Celebi|233\/355
|
|-heal|p2a: Keldeo|231\/323 brn|[from] item: Leftovers
|-damage|p2a: Keldeo|191\/323 brn|[from] brn
|turn|24
|
|move|p2a: Keldeo|Icy Wind|p1a: Celebi
|-supereffective|p1a: Celebi
|-damage|p1a: Celebi|87\/355
|-unboost|p1a: Celebi|spe|1
|move|p1a: Celebi|Giga Drain|p2a: Keldeo
|-supereffective|p2a: Keldeo
|-damage|p2a: Keldeo|0 fnt
|-heal|p1a: Celebi|183\/355|[from] drain|[of] p2a: Keldeo
|-damage|p1a: Celebi|148\/355|[from] item: Life Orb
|faint|p2a: Keldeo
|
|
|switch|p2a: Lopunny|Lopunny, M|271\/271
|-damage|p2a: Lopunny|238\/271|[from] Stealth Rock
|turn|25
|
|switch|p1a: Garchomp|Garchomp, F|243\/420
|detailschange|p2a: Lopunny|Lopunny-Mega, M
|-mega|p2a: Lopunny|Lopunny|Lopunnite
|move|p2a: Lopunny|Return|p1a: Garchomp
|-damage|p1a: Garchomp|108\/420
|-damage|p2a: Lopunny|205\/271|[from] ability: Rough Skin|[of] p1a: Garchomp
|-damage|p2a: Lopunny|160\/271|[from] item: Rocky Helmet|[of] p1a: Garchomp
|
|turn|26
|
|move|p2a: Lopunny|Return|p1a: Garchomp
|-damage|p1a: Garchomp|0 fnt
|-damage|p2a: Lopunny|127\/271|[from] ability: Rough Skin|[of] p1a: Garchomp
|-damage|p2a: Lopunny|82\/271|[from] item: Rocky Helmet|[of] p1a: Garchomp
|faint|p1a: Garchomp
|
|
|switch|p1a: Latios|Latios, M|161\/301
|turn|27
|
|switch|p2a: Skarmory|Skarmory, M|333\/333
|-damage|p2a: Skarmory|292\/333|[from] Stealth Rock
|move|p1a: Latios|Ice Beam|p2a: Skarmory
|-damage|p2a: Skarmory|157\/333
|-status|p2a: Skarmory|frz
|
|turn|28
|c|âAlvok|sorry
|c|âAppreciation|l
|c|âAppreciation|m
|c|âAppreciation|f
|c|âAppreciation|a
|c|âAppreciation|o
|
|switch|p1a: Keldeo|Keldeo|303\/323
|cant|p2a: Skarmory|frz
|
|-heal|p1a: Keldeo|323\/323|[from] item: Leftovers
|turn|29
|c|âAppreciation|i went for bb
|c|âAppreciation|well
|c|âAppreciation|that was too lucky
|
|move|p1a: Keldeo|Substitute|p1a: Keldeo
|-start|p1a: Keldeo|Substitute
|-damage|p1a: Keldeo|243\/323
|cant|p2a: Skarmory|frz
|
|-heal|p1a: Keldeo|263\/323|[from] item: Leftovers
|turn|30
|
|move|p1a: Keldeo|Scald|p2a: Skarmory
|-damage|p2a: Skarmory|0 fnt
|faint|p2a: Skarmory
|
|-heal|p1a: Keldeo|283\/323|[from] item: Leftovers
|c|âAppreciation|ye
|c|âAppreciation|damn your so bad without luck
|
|switch|p2a: Latias|Latias, F|177\/301
|-damage|p2a: Latias|140\/301|[from] Stealth Rock
|turn|31
|c|âAlvok|lmfao
|c|âAlvok|you got a crit at 1\/16 chance
|c|âAlvok|i get a 10% freeze
|c|âAlvok|and you're blaming
|c|âAlvok|im lucky
|c|âAppreciation|i used
|c|âAlvok|i dont even need the freeze
|c|âAlvok|to win
|c|âAppreciation|like 8 flash cannos
|c|âAppreciation|yes you do
|c|âAlvok|lmfao
|c|âAlvok|if that makes you feel any better
|c|âAlvok|then by all means
|
|move|p2a: Latias|Psyshock|p1a: Keldeo
|-supereffective|p1a: Keldeo
|-end|p1a: Keldeo|Substitute
|-damage|p2a: Latias|110\/301|[from] item: Life Orb
|move|p1a: Keldeo|Scald|p2a: Latias
|-resisted|p2a: Latias
|-damage|p2a: Latias|55\/301
|
|-heal|p1a: Keldeo|303\/323|[from] item: Leftovers
|turn|32
|
|switch|p1a: Metagross|Metagross|301\/301
|move|p2a: Latias|Psyshock|p1a: Metagross
|-resisted|p1a: Metagross
|-damage|p1a: Metagross|267\/301
|-damage|p2a: Latias|25\/301|[from] item: Life Orb
|
|turn|33
|
|detailschange|p1a: Metagross|Metagross-Mega
|-mega|p1a: Metagross|Metagross|Metagrossite
|move|p2a: Latias|Healing Wish|p2a: Latias
|faint|p2a: Latias
|move|p1a: Metagross|Agility|p1a: Metagross
|-boost|p1a: Metagross|spe|2
|
|c|âAppreciation|AGILIGY
|c|âAppreciation|HAHAAH
|
|switch|p2a: Heatran|Heatran, M|65\/323
|-heal|p2a: Heatran|323\/323|[from] move: Healing Wish
|-damage|p2a: Heatran|283\/323|[from] Stealth Rock
|turn|34
|
|move|p1a: Metagross|Earthquake|p2a: Heatran
|-supereffective|p2a: Heatran
|-damage|p2a: Heatran|0 fnt
|faint|p2a: Heatran
|
|c|âAlvok|nice heatran ;]
|c|âAppreciation|agility eq
|c|âAppreciation|damn u will suck so badly
|c|âAppreciation|enjoy tilting without luck
|-message|Appreciation forfeited.
|
|win|Alvok
|raw|Ladder updating...
|c|âAlvok|ya but i still won
|raw|Alvok's rating: 1758 &rarr; <strong>1773<\/strong><br \/>(+15 for winning)
|raw|Appreciation's rating: 1659 &rarr; <strong>1645<\/strong><br \/>(-14 for losing)
|c|âAlvok|either way
|leave|Appreciation
|player|p2