|join|Alvok
|join|Yagami Iori
|player|p1|Alvok|256
|player|p2|Yagami Iori|181
|gametype|singles
|gen|6
|tier|OU
|rated
|clearpoke
|poke|p1|Gothitelle, F
|poke|p1|Skarmory, M
|poke|p1|Cresselia, F
|poke|p1|Quagsire, M
|poke|p1|Sableye, F
|poke|p1|Chansey, F
|poke|p2|Lopunny, F, shiny
|poke|p2|Rotom-Wash, shiny
|poke|p2|Serperior, M, shiny
|poke|p2|Dragonite, F, shiny
|poke|p2|Heatran, F
|poke|p2|Scizor, F, shiny
|rule|Swagger Clause: Swagger is banned
|rule|Baton Pass Clause: Limit one PokÃ©mon knowing Baton Pass
|rule|Sleep Clause Mod: Limit one foe put to sleep
|rule|Species Clause: Limit one of each PokÃ©mon
|rule|OHKO Clause: OHKO moves are banned
|rule|Moody Clause: Moody is banned
|rule|Evasion Moves Clause: Evasion moves are banned
|rule|Endless Battle Clause: Forcing endless battles is banned
|rule|HP Percentage Mod: HP is shown in percentages
|teampreview
|
|start
|switch|p1a: Cresselia|Cresselia, F|444\/444
|switch|p2a: Heatran|Heatran, F|323\/323
|turn|1
|
|switch|p2a: Rotom-Wash|Rotom-Wash, shiny|303\/303
|switch|p1a: Chansey|Chansey, F|704\/704
|
|turn|2
|
|move|p2a: Rotom-Wash|Volt Switch|p1a: Chansey
|-crit|p1a: Chansey
|-damage|p1a: Chansey|538\/704
|
|switch|p2a: Heatran|Heatran, F|323\/323
|move|p1a: Chansey|Stealth Rock|p2a: Heatran
|-sidestart|p2: Yagami Iori|move: Stealth Rock
|
|turn|3
|
|switch|p1a: Quagsire|Quagsire, M|394\/394
|move|p2a: Heatran|Stealth Rock|p1a: Quagsire
|-sidestart|p1: Alvok|move: Stealth Rock
|
|turn|4
|
|switch|p2a: Serperior|Serperior, M, shiny|291\/291
|-damage|p2a: Serperior|255\/291|[from] Stealth Rock
|move|p1a: Quagsire|Toxic|p2a: Serperior
|-status|p2a: Serperior|tox
|
|-heal|p2a: Serperior|273\/291 tox|[from] item: Leftovers
|-damage|p2a: Serperior|255\/291 tox|[from] psn
|turn|5
|
|switch|p1a: Chansey|Chansey, F|538\/704
|-damage|p1a: Chansey|450\/704|[from] Stealth Rock
|move|p2a: Serperior|Leech Seed|p1a: Chansey
|-start|p1a: Chansey|move: Leech Seed
|
|-heal|p2a: Serperior|273\/291 tox|[from] item: Leftovers
|-damage|p1a: Chansey|362\/704|[from] Leech Seed|[of] p2a: Serperior
|-heal|p2a: Serperior|291\/291 tox|[silent]
|-damage|p2a: Serperior|255\/291 tox|[from] psn
|turn|6
|
|switch|p2a: Lopunny|Lopunny, F, shiny|271\/271
|-damage|p2a: Lopunny|238\/271|[from] Stealth Rock
|move|p1a: Chansey|Soft-Boiled|p1a: Chansey
|-heal|p1a: Chansey|704\/704
|
|-damage|p1a: Chansey|616\/704|[from] Leech Seed|[of] p2a: Lopunny
|-heal|p2a: Lopunny|271\/271|[silent]
|turn|7
|
|switch|p1a: Cresselia|Cresselia, F|444\/444
|-damage|p1a: Cresselia|389\/444|[from] Stealth Rock
|detailschange|p2a: Lopunny|Lopunny-Mega, F, shiny
|-mega|p2a: Lopunny|Lopunny|Lopunnite
|move|p2a: Lopunny|High Jump Kick|p1a: Cresselia|[miss]
|-miss|p2a: Lopunny|p1a: Cresselia
|-damage|p2a: Lopunny|136\/271|[from] highjumpkick
|
|-heal|p1a: Cresselia|416\/444|[from] item: Leftovers
|turn|8
|c|âAlvok|sorry
|c|âYagami Iori|Nah,no problem.I'm used to getting haxed
|
|switch|p2a: Serperior|Serperior, M, shiny|255\/291 tox
|-damage|p2a: Serperior|219\/291 tox|[from] Stealth Rock
|move|p1a: Cresselia|Moonblast|p2a: Serperior
|-damage|p2a: Serperior|159\/291 tox
|-boost|p2a: Serperior|spa|1
|
|-heal|p2a: Serperior|177\/291 tox|[from] item: Leftovers
|-heal|p1a: Cresselia|443\/444|[from] item: Leftovers
|-damage|p2a: Serperior|159\/291 tox|[from] psn
|turn|9
|c|âAlvok|!!!
|
|move|p2a: Serperior|Leaf Storm|p1a: Cresselia
|-damage|p1a: Cresselia|259\/444
|-boost|p2a: Serperior|spa|2
|move|p1a: Cresselia|Skill Swap|p2a: Serperior
|-activate|p1a: Cresselia|move: Skill Swap|Contrary|Levitate|[of] p2a: Serperior
|
|-heal|p2a: Serperior|177\/291 tox|[from] item: Leftovers
|-heal|p1a: Cresselia|286\/444|[from] item: Leftovers
|-damage|p2a: Serperior|141\/291 tox|[from] psn
|turn|10
|
|move|p2a: Serperior|Leaf Storm|p1a: Cresselia
|-damage|p1a: Cresselia|15\/444
|-unboost|p2a: Serperior|spa|2
|move|p1a: Cresselia|Moonlight|p1a: Cresselia
|-heal|p1a: Cresselia|237\/444
|
|-heal|p2a: Serperior|159\/291 tox|[from] item: Leftovers
|-heal|p1a: Cresselia|264\/444|[from] item: Leftovers
|-damage|p2a: Serperior|105\/291 tox|[from] psn
|turn|11
|
|move|p2a: Serperior|Leech Seed|p1a: Cresselia
|-start|p1a: Cresselia|move: Leech Seed
|move|p1a: Cresselia|Moonlight|p1a: Cresselia
|-heal|p1a: Cresselia|444\/444
|
|-heal|p2a: Serperior|123\/291 tox|[from] item: Leftovers
|-damage|p1a: Cresselia|389\/444|[from] Leech Seed|[of] p2a: Serperior
|-heal|p2a: Serperior|178\/291 tox|[silent]
|-damage|p2a: Serperior|106\/291 tox|[from] psn
|turn|12
|
|switch|p2a: Heatran|Heatran, F|323\/323
|-damage|p2a: Heatran|283\/323|[from] Stealth Rock
|move|p1a: Cresselia|Moonblast|p2a: Heatran
|-resisted|p2a: Heatran
|-damage|p2a: Heatran|269\/323
|-unboost|p2a: Heatran|spa|1
|
|-heal|p1a: Cresselia|416\/444|[from] item: Leftovers
|-damage|p1a: Cresselia|361\/444|[from] Leech Seed|[of] p2a: Heatran
|-heal|p2a: Heatran|323\/323|[silent]
|turn|13
|
|switch|p2a: Scizor|Scizor, F, shiny|343\/343
|-damage|p2a: Scizor|301\/343|[from] Stealth Rock
|switch|p1a: Gothitelle|Gothitelle, F|301\/301
|-damage|p1a: Gothitelle|264\/301|[from] Stealth Rock
|
|turn|14
|
|switch|p1a: Skarmory|Skarmory, M|334\/334
|-damage|p1a: Skarmory|293\/334|[from] Stealth Rock
|move|p2a: Scizor|Bullet Punch|p1a: Skarmory
|-resisted|p1a: Skarmory
|-damage|p1a: Skarmory|242\/334
|
|turn|15
|
|switch|p2a: Rotom-Wash|Rotom-Wash, shiny|303\/303
|-damage|p2a: Rotom-Wash|266\/303|[from] Stealth Rock
|move|p1a: Skarmory|Roost|p1a: Skarmory
|-heal|p1a: Skarmory|334\/334
|
|turn|16
|
|switch|p1a: Quagsire|Quagsire, M|394\/394
|-damage|p1a: Quagsire|370\/394|[from] Stealth Rock
|move|p2a: Rotom-Wash|Will-O-Wisp|p1a: Quagsire
|-status|p1a: Quagsire|brn
|
|-heal|p1a: Quagsire|394\/394 brn|[from] item: Leftovers
|-damage|p1a: Quagsire|345\/394 brn|[from] brn
|turn|17
|
|switch|p2a: Serperior|Serperior, M, shiny|106\/291 tox
|-damage|p2a: Serperior|70\/291 tox|[from] Stealth Rock
|move|p1a: Quagsire|Toxic|p2a: Serperior|[miss]
|-miss|p1a: Quagsire|p2a: Serperior
|
|-heal|p2a: Serperior|88\/291 tox|[from] item: Leftovers
|-heal|p1a: Quagsire|369\/394 brn|[from] item: Leftovers
|-damage|p2a: Serperior|70\/291 tox|[from] psn
|-damage|p1a: Quagsire|320\/394 brn|[from] brn
|turn|18
|
|switch|p1a: Chansey|Chansey, F|616\/704
|-damage|p1a: Chansey|528\/704|[from] Stealth Rock
|move|p2a: Serperior|Leaf Storm|p1a: Chansey
|-damage|p1a: Chansey|422\/704
|-boost|p2a: Serperior|spa|2
|
|-heal|p2a: Serperior|88\/291 tox|[from] item: Leftovers
|-damage|p2a: Serperior|52\/291 tox|[from] psn
|turn|19
|
|move|p2a: Serperior|Leech Seed|p1a: Chansey
|-start|p1a: Chansey|move: Leech Seed
|move|p1a: Chansey|Soft-Boiled|p1a: Chansey
|-heal|p1a: Chansey|704\/704
|
|-heal|p2a: Serperior|70\/291 tox|[from] item: Leftovers
|-damage|p1a: Chansey|616\/704|[from] Leech Seed|[of] p2a: Serperior
|-heal|p2a: Serperior|158\/291 tox|[silent]
|-damage|p2a: Serperior|104\/291 tox|[from] psn
|turn|20
|
|move|p2a: Serperior|Leaf Storm|p1a: Chansey
|-damage|p1a: Chansey|424\/704
|-boost|p2a: Serperior|spa|2
|move|p1a: Chansey|Seismic Toss|p2a: Serperior
|-damage|p2a: Serperior|4\/291 tox
|
|-heal|p2a: Serperior|22\/291 tox|[from] item: Leftovers
|-damage|p1a: Chansey|336\/704|[from] Leech Seed|[of] p2a: Serperior
|-heal|p2a: Serperior|110\/291 tox|[silent]
|-damage|p2a: Serperior|38\/291 tox|[from] psn
|turn|21
|
|move|p2a: Serperior|Leaf Storm|p1a: Chansey
|-damage|p1a: Chansey|5\/704
|-boost|p2a: Serperior|spa|2
|move|p1a: Chansey|Soft-Boiled|p1a: Chansey
|-heal|p1a: Chansey|357\/704
|
|-heal|p2a: Serperior|56\/291 tox|[from] item: Leftovers
|-damage|p1a: Chansey|269\/704|[from] Leech Seed|[of] p2a: Serperior
|-heal|p2a: Serperior|144\/291 tox|[silent]
|-damage|p2a: Serperior|54\/291 tox|[from] psn
|turn|22
|join|praj.pran
|
|switch|p1a: Skarmory|Skarmory, M|334\/334
|-damage|p1a: Skarmory|293\/334|[from] Stealth Rock
|move|p2a: Serperior|Leaf Storm|p1a: Skarmory
|-crit|p1a: Skarmory
|-resisted|p1a: Skarmory
|-damage|p1a: Skarmory|0 fnt
|faint|p1a: Skarmory
|
|-heal|p2a: Serperior|72\/291 tox|[from] item: Leftovers
|-damage|p2a: Serperior|0 fnt|[from] psn
|faint|p2a: Serperior
|c|âAlvok|.....
|c| praj.pran|lol
|c|âYagami Iori|it's equal now lol
|
|switch|p2a: Lopunny|Lopunny-Mega, F, shiny|136\/271
|switch|p1a: Sableye|Sableye, F|303\/303
|-damage|p2a: Lopunny|120\/271|[from] Stealth Rock
|-damage|p1a: Sableye|266\/303|[from] Stealth Rock
|turn|23
|c|âAlvok|ok :[
|
|switch|p1a: Cresselia|Cresselia, F|361\/444
|-damage|p1a: Cresselia|306\/444|[from] Stealth Rock
|move|p2a: Lopunny|Fake Out|p1a: Cresselia
|-damage|p1a: Cresselia|257\/444
|
|-heal|p1a: Cresselia|284\/444|[from] item: Leftovers
|turn|24
|
|move|p2a: Lopunny|Return|p1a: Cresselia
|-damage|p1a: Cresselia|163\/444
|move|p1a: Cresselia|Moonlight|p1a: Cresselia
|-heal|p1a: Cresselia|385\/444
|
|-heal|p1a: Cresselia|412\/444|[from] item: Leftovers
|turn|25
|
|switch|p2a: Heatran|Heatran, F|323\/323
|-damage|p2a: Heatran|283\/323|[from] Stealth Rock
|move|p1a: Cresselia|Moonblast|p2a: Heatran
|-resisted|p2a: Heatran
|-damage|p2a: Heatran|270\/323
|
|-heal|p1a: Cresselia|439\/444|[from] item: Leftovers
|turn|26
|
|switch|p1a: Chansey|Chansey, F|269\/704
|-damage|p1a: Chansey|181\/704|[from] Stealth Rock
|move|p2a: Heatran|Lava Plume|p1a: Chansey
|-damage|p1a: Chansey|36\/704
|
|turn|27
|
|move|p2a: Heatran|Lava Plume|p1a: Chansey
|-damage|p1a: Chansey|0 fnt
|faint|p1a: Chansey
|
|
|switch|p1a: Gothitelle|Gothitelle, F|264\/301
|-damage|p1a: Gothitelle|227\/301|[from] Stealth Rock
|turn|28
|
|move|p1a: Gothitelle|Trick|p2a: Heatran
|-activate|p1a: Gothitelle|move: Trick|[of] p2a: Heatran
|-item|p2a: Heatran|Choice Scarf|[from] move: Trick
|-item|p1a: Gothitelle|Choice Specs|[from] move: Trick
|move|p2a: Heatran|Lava Plume|p1a: Gothitelle
|-damage|p1a: Gothitelle|98\/301
|
|turn|29
|c|âYagami Iori|lol
|c|âAlvok|lol rip
|c|âAlvok|i was wondering why
|c|âAlvok|and how
|c|âAlvok|did that plume did so much
|leave|praj.pran
|c|âAlvok|urghhh
|c|âYagami Iori|lol
|
|switch|p1a: Cresselia|Cresselia, F|439\/444
|-damage|p1a: Cresselia|384\/444|[from] Stealth Rock
|move|p2a: Heatran|Lava Plume|p1a: Cresselia
|-damage|p1a: Cresselia|278\/444
|
|-heal|p1a: Cresselia|305\/444|[from] item: Leftovers
|turn|30
|
|move|p2a: Heatran|Lava Plume|p1a: Cresselia
|-damage|p1a: Cresselia|187\/444
|move|p1a: Cresselia|Moonlight|p1a: Cresselia
|-heal|p1a: Cresselia|409\/444
|
|-heal|p1a: Cresselia|436\/444|[from] item: Leftovers
|turn|31
|
|switch|p1a: Quagsire|Quagsire, M|320\/394 brn
|-damage|p1a: Quagsire|296\/394 brn|[from] Stealth Rock
|move|p2a: Heatran|Lava Plume|p1a: Quagsire
|-resisted|p1a: Quagsire
|-damage|p1a: Quagsire|181\/394 brn
|
|-heal|p1a: Quagsire|205\/394 brn|[from] item: Leftovers
|-damage|p1a: Quagsire|156\/394 brn|[from] brn
|turn|32
|
|move|p2a: Heatran|Lava Plume|p1a: Quagsire
|-resisted|p1a: Quagsire
|-damage|p1a: Quagsire|47\/394 brn
|move|p1a: Quagsire|Recover|p1a: Quagsire
|-heal|p1a: Quagsire|244\/394 brn
|
|-heal|p1a: Quagsire|268\/394 brn|[from] item: Leftovers
|-damage|p1a: Quagsire|219\/394 brn|[from] brn
|turn|33
|
|switch|p2a: Scizor|Scizor, F, shiny|301\/343
|-damage|p2a: Scizor|259\/343|[from] Stealth Rock
|move|p1a: Quagsire|Recover|p1a: Quagsire
|-heal|p1a: Quagsire|394\/394 brn
|
|-damage|p1a: Quagsire|345\/394 brn|[from] brn
|turn|34
|
|move|p2a: Scizor|Bug Bite|p1a: Quagsire
|-crit|p1a: Quagsire
|-damage|p1a: Quagsire|20\/394 brn
|move|p1a: Quagsire|Scald|p2a: Scizor
|-damage|p2a: Scizor|172\/343
|
|-heal|p1a: Quagsire|44\/394 brn|[from] item: Leftovers
|-damage|p1a: Quagsire|0 fnt|[from] brn
|faint|p1a: Quagsire
|c|âAlvok|...........
|c|âYagami Iori|gg
|
|switch|p1a: Sableye|Sableye, F|266\/303
|-damage|p1a: Sableye|229\/303|[from] Stealth Rock
|turn|35
|
|switch|p2a: Heatran|Heatran, F|270\/323
|-damage|p2a: Heatran|230\/323|[from] Stealth Rock
|move|p1a: Sableye|Will-O-Wisp|p2a: Heatran
|-start|p2a: Heatran|ability: Flash Fire
|
|turn|36
|
|move|p1a: Sableye|Calm Mind|p1a: Sableye
|-boost|p1a: Sableye|spa|1
|-boost|p1a: Sableye|spd|1
|move|p2a: Heatran|Lava Plume|p1a: Sableye
|-damage|p1a: Sableye|22\/303
|-status|p1a: Sableye|brn
|
|-damage|p1a: Sableye|0 fnt|[from] brn
|faint|p1a: Sableye
|c|âYagami Iori|that was a bold move
|c|âAlvok|......
|-message|Alvok forfeited.
|
|win|Yagami Iori
|raw|Ladder updating...
|raw|Alvok's rating: 1749 &rarr; <strong>1718<\/strong><br \/>(-31 for losing)
|raw|Yagami Iori's rating: 1537 &rarr; <strong>1568<\/strong><br \/>(+31 for winning)