|join|Alvok
|join|DJTHED
|player|p1|Alvok|256
|player|p2|DJTHED|101
|gametype|singles
|gen|6
|tier|OU (suspect test)
|rated
|clearpoke
|poke|p1|Kyurem-Black, shiny
|poke|p1|Slowbro, M
|poke|p1|Gardevoir, F, shiny
|poke|p1|Empoleon, M
|poke|p1|Landorus-Therian, M
|poke|p1|Zapdos
|poke|p2|Gallade, M
|poke|p2|Scizor, M
|poke|p2|Rotom-Wash
|poke|p2|Latios, M
|poke|p2|Manaphy
|poke|p2|Thundurus, M
|rule|Swagger Clause: Swagger is banned
|rule|Baton Pass Clause: Limit one PokÃ©mon knowing Baton Pass
|rule|Sleep Clause Mod: Limit one foe put to sleep
|rule|Species Clause: Limit one of each PokÃ©mon
|rule|OHKO Clause: OHKO moves are banned
|rule|Moody Clause: Moody is banned
|rule|Evasion Moves Clause: Evasion moves are banned
|rule|Endless Battle Clause: Forcing endless battles is banned
|rule|HP Percentage Mod: HP is shown in percentages
|teampreview
|
|start
|switch|p1a: Empoleon|Empoleon, M|372\/372
|switch|p2a: Scizor|Scizor, M|343\/343
|turn|1
|
|move|p2a: Scizor|Superpower|p1a: Empoleon
|-supereffective|p1a: Empoleon
|-damage|p1a: Empoleon|0 fnt
|-unboost|p2a: Scizor|atk|1
|-unboost|p2a: Scizor|def|1
|faint|p1a: Empoleon
|
|
|switch|p1a: Gardevoir|Gardevoir, F, shiny|277\/277
|-ability|p1a: Gardevoir|Technician|[from] ability: Trace|[of] p2a: Scizor
|turn|2
|
|switch|p2a: Rotom-Wash|Rotom-Wash|303\/303
|detailschange|p1a: Gardevoir|Gardevoir-Mega, F, shiny
|-mega|p1a: Gardevoir|Gardevoir|Gardevoirite
|move|p1a: Gardevoir|Hyper Voice|p2a: Rotom-Wash
|-crit|p2a: Rotom-Wash
|-damage|p2a: Rotom-Wash|0 fnt
|faint|p2a: Rotom-Wash
|
|
|switch|p2a: Thundurus|Thundurus, M|299\/299
|turn|3
|
|move|p2a: Thundurus|Thunder Wave|p1a: Gardevoir
|-status|p1a: Gardevoir|par
|move|p1a: Gardevoir|Hyper Voice|p2a: Thundurus
|-damage|p2a: Thundurus|0 fnt
|faint|p2a: Thundurus
|
|
|switch|p2a: Scizor|Scizor, M|343\/343
|turn|4
|
|switch|p1a: Zapdos|Zapdos|383\/383
|-ability|p1a: Zapdos|Pressure
|move|p2a: Scizor|Bullet Punch|p1a: Zapdos
|-resisted|p1a: Zapdos
|-damage|p1a: Zapdos|306\/383
|
|-heal|p1a: Zapdos|329\/383|[from] item: Leftovers
|turn|5
|
|switch|p2a: Latios|Latios, M|301\/301
|move|p1a: Zapdos|Heat Wave|p2a: Latios
|-miss|p1a: Zapdos|p2a: Latios
|
|-heal|p1a: Zapdos|352\/383|[from] item: Leftovers
|turn|6
|
|switch|p1a: Gardevoir|Gardevoir-Mega, F, shiny|277\/277 par
|move|p2a: Latios|Psyshock|p1a: Gardevoir
|-resisted|p1a: Gardevoir
|-damage|p1a: Gardevoir|143\/277 par
|-damage|p2a: Latios|271\/301|[from] item: Life Orb
|
|turn|7
|
|switch|p2a: Scizor|Scizor, M|343\/343
|move|p1a: Gardevoir|Hyper Voice|p2a: Scizor
|-resisted|p2a: Scizor
|-damage|p2a: Scizor|167\/343
|
|turn|8
|
|move|p2a: Scizor|Pursuit|p1a: Gardevoir|[from]Pursuit
|-damage|p1a: Gardevoir|0 fnt
|faint|p1a: Gardevoir
|
|
|switch|p1a: Zapdos|Zapdos|352\/383
|-ability|p1a: Zapdos|Pressure
|turn|9
|
|switch|p2a: Latios|Latios, M|271\/301
|move|p1a: Zapdos|Discharge|p2a: Latios
|-resisted|p2a: Latios
|-damage|p2a: Latios|211\/301
|
|-heal|p1a: Zapdos|375\/383|[from] item: Leftovers
|turn|10
|
|move|p2a: Latios|Psyshock|p1a: Zapdos
|-crit|p1a: Zapdos
|-damage|p1a: Zapdos|120\/383
|-damage|p2a: Latios|181\/301|[from] item: Life Orb
|move|p1a: Zapdos|Roost|p1a: Zapdos
|-heal|p1a: Zapdos|312\/383
|
|-heal|p1a: Zapdos|335\/383|[from] item: Leftovers
|turn|11
|
|move|p2a: Latios|Draco Meteor|p1a: Zapdos
|-damage|p1a: Zapdos|0 fnt
|-unboost|p2a: Latios|spa|2
|-damage|p2a: Latios|151\/301|[from] item: Life Orb
|faint|p1a: Zapdos
|
|
|switch|p1a: Landorus-Therian|Landorus-Therian, M|328\/328
|-ability|p1a: Landorus-Therian|Intimidate|[of] p2a: Latios
|-unboost|p2a: Latios|atk|1
|turn|12
|
|switch|p2a: Gallade|Gallade, M|277\/277
|move|p1a: Landorus-Therian|U-turn|p2a: Gallade
|-damage|p2a: Gallade|144\/277
|
|switch|p1a: Slowbro|Slowbro, M|394\/394
|
|turn|13
|
|detailschange|p2a: Gallade|Gallade-Mega, M
|-mega|p2a: Gallade|Gallade|Galladite
|move|p2a: Gallade|Swords Dance|p2a: Gallade
|-boost|p2a: Gallade|atk|2
|move|p1a: Slowbro|Thunder Wave|p2a: Gallade
|-status|p2a: Gallade|par
|
|turn|14
|
|move|p1a: Slowbro|Scald|p2a: Gallade
|-damage|p2a: Gallade|59\/277 par
|move|p2a: Gallade|Knock Off|p1a: Slowbro
|-supereffective|p1a: Slowbro
|-damage|p1a: Slowbro|34\/394
|-enditem|p1a: Slowbro|Leftovers|[from] move: Knock Off|[of] p2a: Gallade
|
|turn|15
|
|move|p1a: Slowbro|Scald|p2a: Gallade
|-damage|p2a: Gallade|0 fnt
|faint|p2a: Gallade
|
|
|switch|p2a: Manaphy|Manaphy|404\/404
|turn|16
|
|switch|p1a: Kyurem-Black|Kyurem-Black, shiny|391\/391
|-ability|p1a: Kyurem-Black|Teravolt
|move|p2a: Manaphy|Rain Dance|p2a: Manaphy
|-weather|RainDance
|
|-weather|RainDance|[upkeep]
|turn|17
|
|switch|p2a: Latios|Latios, M|151\/301
|move|p1a: Kyurem-Black|Fusion Bolt|p2a: Latios
|-resisted|p2a: Latios
|-damage|p2a: Latios|56\/301
|-damage|p1a: Kyurem-Black|352\/391|[from] item: Life Orb
|
|-weather|RainDance|[upkeep]
|turn|18
|
|switch|p1a: Slowbro|Slowbro, M|165\/394
|move|p2a: Latios|Draco Meteor|p1a: Slowbro
|-damage|p1a: Slowbro|0 fnt
|-unboost|p2a: Latios|spa|2
|-damage|p2a: Latios|26\/301|[from] item: Life Orb
|faint|p1a: Slowbro
|
|-weather|RainDance|[upkeep]
|
|switch|p1a: Landorus-Therian|Landorus-Therian, M|328\/328
|-ability|p1a: Landorus-Therian|Intimidate|[of] p2a: Latios
|-unboost|p2a: Latios|atk|1
|turn|19
|
|switch|p2a: Scizor|Scizor, M|167\/343
|move|p1a: Landorus-Therian|U-turn|p2a: Scizor
|-resisted|p2a: Scizor
|-damage|p2a: Scizor|123\/343
|
|switch|p1a: Kyurem-Black|Kyurem-Black, shiny|352\/391
|-ability|p1a: Kyurem-Black|Teravolt
|
|-weather|RainDance|[upkeep]
|turn|20
|
|move|p2a: Scizor|Pursuit|p1a: Kyurem-Black|[from]Pursuit
|-damage|p1a: Kyurem-Black|188\/391
|switch|p1a: Landorus-Therian|Landorus-Therian, M|328\/328
|-ability|p1a: Landorus-Therian|Intimidate|[of] p2a: Scizor
|-unboost|p2a: Scizor|atk|1
|
|-weather|RainDance|[upkeep]
|turn|21
|
|switch|p2a: Latios|Latios, M|26\/301
|move|p1a: Landorus-Therian|Stone Edge|p2a: Latios|[miss]
|-miss|p1a: Landorus-Therian|p2a: Latios
|
|-weather|RainDance|[upkeep]
|turn|22
|c|âAlvok|fuck ... the pursuit was one
|c|âAlvok|insane ass play
|
|move|p1a: Landorus-Therian|Stone Edge|p2a: Latios
|-damage|p2a: Latios|0 fnt
|faint|p2a: Latios
|
|-weather|RainDance|[upkeep]
|
|switch|p2a: Scizor|Scizor, M|123\/343
|turn|23
|
|move|p2a: Scizor|Bullet Punch|p1a: Landorus-Therian
|-damage|p1a: Landorus-Therian|151\/328
|move|p1a: Landorus-Therian|Stone Edge|p2a: Scizor
|-damage|p2a: Scizor|0 fnt
|faint|p2a: Scizor
|
|-weather|none
|
|switch|p2a: Manaphy|Manaphy|404\/404
|turn|24
|
|move|p1a: Landorus-Therian|Stone Edge|p2a: Manaphy|[miss]
|-miss|p1a: Landorus-Therian|p2a: Manaphy
|move|p2a: Manaphy|Rain Dance|p2a: Manaphy
|-weather|RainDance
|
|-weather|RainDance|[upkeep]
|turn|25
|c|âAlvok|....
|
|move|p1a: Landorus-Therian|Stone Edge|p2a: Manaphy|[miss]
|-miss|p1a: Landorus-Therian|p2a: Manaphy
|move|p2a: Manaphy|Calm Mind|p2a: Manaphy
|-boost|p2a: Manaphy|spa|1
|-boost|p2a: Manaphy|spd|1
|
|-weather|RainDance|[upkeep]
|turn|26
|c|âAlvok|wtf
|
|move|p1a: Landorus-Therian|Stone Edge|p2a: Manaphy
|-damage|p2a: Manaphy|304\/404
|move|p2a: Manaphy|Calm Mind|p2a: Manaphy
|-boost|p2a: Manaphy|spa|1
|-boost|p2a: Manaphy|spd|1
|
|-weather|RainDance|[upkeep]
|turn|27
|
|move|p1a: Landorus-Therian|Stone Edge|p2a: Manaphy
|-damage|p2a: Manaphy|206\/404
|move|p2a: Manaphy|Calm Mind|p2a: Manaphy
|-boost|p2a: Manaphy|spa|1
|-boost|p2a: Manaphy|spd|1
|
|-weather|RainDance|[upkeep]
|turn|28
|
|move|p1a: Landorus-Therian|Stone Edge|p2a: Manaphy
|-damage|p2a: Manaphy|106\/404
|move|p2a: Manaphy|Rest|p2a: Manaphy
|-status|p2a: Manaphy|slp
|-heal|p2a: Manaphy|404\/404 slp|[silent]
|-status|p2a: Manaphy|slp|[from] move: Rest
|
|-weather|RainDance|[upkeep]
|-curestatus|p2a: Manaphy|slp
|turn|29
|
|move|p1a: Landorus-Therian|Struggle|p2a: Manaphy
|-damage|p2a: Manaphy|357\/404
|-damage|p1a: Landorus-Therian|69\/328
|move|p2a: Manaphy|Calm Mind|p2a: Manaphy
|-boost|p2a: Manaphy|spa|1
|-boost|p2a: Manaphy|spd|1
|
|-weather|RainDance|[upkeep]
|turn|30
|
|move|p1a: Landorus-Therian|Struggle|p2a: Manaphy
|-damage|p2a: Manaphy|309\/404
|-damage|p1a: Landorus-Therian|0 fnt
|faint|p1a: Landorus-Therian
|move|p2a: Manaphy|Calm Mind|p2a: Manaphy
|-boost|p2a: Manaphy|spa|1
|-boost|p2a: Manaphy|spd|1
|
|-weather|RainDance|[upkeep]
|
|switch|p1a: Kyurem-Black|Kyurem-Black, shiny|188\/391
|-ability|p1a: Kyurem-Black|Teravolt
|turn|31
|
|move|p1a: Kyurem-Black|Fusion Bolt|p2a: Manaphy
|-supereffective|p2a: Manaphy
|-damage|p2a: Manaphy|75\/404
|-damage|p1a: Kyurem-Black|149\/391|[from] item: Life Orb
|move|p2a: Manaphy|Scald|p1a: Kyurem-Black
|-resisted|p1a: Kyurem-Black
|-damage|p1a: Kyurem-Black|0 fnt
|faint|p1a: Kyurem-Black
|
|win|DJTHED
|raw|Ladder updating...
|raw|Alvok's rating: 1472 &rarr; <strong>1440<\/strong><br \/>(-32 for losing)
|raw|DJTHED's rating: 1213 &rarr; <strong>1254<\/strong><br \/>(+41 for winning)
|c|âAlvok|.....
|c|âDJTHED|gg
|c|âAlvok|garbage
|leave|Alvok
|player|p1