|join|Brittani
|join|Alvok
|player|p1|Brittani|102
|player|p2|Alvok|256
|gametype|singles
|gen|6
|tier|OU (suspect test)
|rated
|clearpoke
|poke|p1|Sharpedo, M
|poke|p1|Garchomp, M, shiny
|poke|p1|Heatran, M
|poke|p1|Slowbro, F, shiny
|poke|p1|Gengar, M, shiny
|poke|p1|Mew, shiny
|poke|p2|Kyurem-Black, shiny
|poke|p2|Slowbro, M
|poke|p2|Gardevoir, F, shiny
|poke|p2|Empoleon, M
|poke|p2|Landorus-Therian, M
|poke|p2|Zapdos
|rule|Swagger Clause: Swagger is banned
|rule|Baton Pass Clause: Limit one PokÃ©mon knowing Baton Pass
|rule|Sleep Clause Mod: Limit one foe put to sleep
|rule|Species Clause: Limit one of each PokÃ©mon
|rule|OHKO Clause: OHKO moves are banned
|rule|Moody Clause: Moody is banned
|rule|Evasion Moves Clause: Evasion moves are banned
|rule|Endless Battle Clause: Forcing endless battles is banned
|rule|HP Percentage Mod: HP is shown in percentages
|teampreview
|
|start
|switch|p1a: Garchomp|Garchomp, M, shiny|420\/420
|switch|p2a: Empoleon|Empoleon, M|372\/372
|turn|1
|
|move|p1a: Garchomp|Stealth Rock|p2a: Empoleon
|-sidestart|p2: Alvok|move: Stealth Rock
|move|p2a: Empoleon|Scald|p1a: Garchomp
|-damage|p1a: Garchomp|306\/420
|
|-heal|p1a: Garchomp|332\/420|[from] item: Leftovers
|turn|2
|
|switch|p2a: Landorus-Therian|Landorus-Therian, M|328\/328
|-damage|p2a: Landorus-Therian|287\/328|[from] Stealth Rock
|-ability|p2a: Landorus-Therian|Intimidate|[of] p1a: Garchomp
|-unboost|p1a: Garchomp|atk|1
|move|p1a: Garchomp|Earthquake|p2a: Landorus-Therian
|-immune|p2a: Landorus-Therian|[msg]
|
|-heal|p1a: Garchomp|358\/420|[from] item: Leftovers
|turn|3
|
|move|p2a: Landorus-Therian|Earthquake|p1a: Garchomp
|-damage|p1a: Garchomp|225\/420
|move|p1a: Garchomp|Dragon Tail|p2a: Landorus-Therian
|-crit|p2a: Landorus-Therian
|-damage|p2a: Landorus-Therian|131\/328
|drag|p2a: Kyurem-Black|Kyurem-Black, shiny|391\/391
|-damage|p2a: Kyurem-Black|294\/391|[from] Stealth Rock
|-ability|p2a: Kyurem-Black|Teravolt
|
|-heal|p1a: Garchomp|251\/420|[from] item: Leftovers
|turn|4
|
|switch|p1a: Heatran|Heatran, M|385\/385
|move|p2a: Kyurem-Black|Ice Beam|p1a: Heatran
|-resisted|p1a: Heatran
|-damage|p1a: Heatran|347\/385
|-damage|p2a: Kyurem-Black|255\/391|[from] item: Life Orb
|
|-heal|p1a: Heatran|371\/385|[from] item: Leftovers
|turn|5
|
|move|p2a: Kyurem-Black|Earth Power|p1a: Heatran
|-supereffective|p1a: Heatran
|-damage|p1a: Heatran|0 fnt
|-damage|p2a: Kyurem-Black|216\/391|[from] item: Life Orb
|faint|p1a: Heatran
|
|join|skuukzky Wish
|
|switch|p1a: Gengar|Gengar, M, shiny|262\/262
|turn|6
|
|switch|p2a: Empoleon|Empoleon, M|372\/372
|-damage|p2a: Empoleon|349\/372|[from] Stealth Rock
|move|p1a: Gengar|Shadow Ball|p2a: Empoleon
|-damage|p2a: Empoleon|161\/372
|-damage|p1a: Gengar|236\/262|[from] item: Life Orb
|
|-heal|p2a: Empoleon|184\/372|[from] item: Leftovers
|turn|7
|join|I Iike Squirtles
|
|move|p1a: Gengar|Shadow Ball|p2a: Empoleon
|-damage|p2a: Empoleon|0 fnt
|-damage|p1a: Gengar|210\/262|[from] item: Life Orb
|faint|p2a: Empoleon
|
|
|switch|p2a: Landorus-Therian|Landorus-Therian, M|131\/328
|-damage|p2a: Landorus-Therian|90\/328|[from] Stealth Rock
|-ability|p2a: Landorus-Therian|Intimidate|[of] p1a: Gengar
|-unboost|p1a: Gengar|atk|1
|turn|8
|
|switch|p2a: Gardevoir|Gardevoir, F, shiny|277\/277
|-damage|p2a: Gardevoir|243\/277|[from] Stealth Rock
|-ability|p2a: Gardevoir|Levitate|[from] ability: Trace|[of] p1a: Gengar
|switch|p1a: Garchomp|Garchomp, M, shiny|251\/420
|
|-heal|p1a: Garchomp|277\/420|[from] item: Leftovers
|turn|9
|c|âBrittani|fuck
|c| skuukzky Wish|ko him
|c| skuukzky Wish|garchomp
|c| skuukzky Wish|beats
|c| skuukzky Wish|gardevoir
|c|âAlvok|stfu would ya
|c|âBrittani|i needed my heatran for this shit
|c| skuukzky Wish|predict lando-t
|
|detailschange|p2a: Gardevoir|Gardevoir-Mega, F, shiny
|-mega|p2a: Gardevoir|Gardevoir|Gardevoirite
|move|p2a: Gardevoir|Hyper Voice|p1a: Garchomp
|-supereffective|p1a: Garchomp
|-damage|p1a: Garchomp|0 fnt
|faint|p1a: Garchomp
|
|c| skuukzky Wish|wtf
|c|âAlvok|he's bulky with rocky helmet
|
|switch|p1a: Gengar|Gengar, M, shiny|210\/262
|turn|10
|c|âAlvok|meaning 0 speed investment
|c|âAlvok|so hush now
|c|âBrittani|i sacked that mf
|c| skuukzky Wish|shadow ball free ko
|c| skuukzky Wish|free kill here
|
|switch|p2a: Slowbro|Slowbro, M|394\/394
|-damage|p2a: Slowbro|345\/394|[from] Stealth Rock
|move|p1a: Gengar|Shadow Ball|p2a: Slowbro
|-supereffective|p2a: Slowbro
|-damage|p2a: Slowbro|0 fnt
|-damage|p1a: Gengar|184\/262|[from] item: Life Orb
|faint|p2a: Slowbro
|
|
|switch|p2a: Landorus-Therian|Landorus-Therian, M|90\/328
|-damage|p2a: Landorus-Therian|49\/328|[from] Stealth Rock
|-ability|p2a: Landorus-Therian|Intimidate|[of] p1a: Gengar
|-unboost|p1a: Gengar|atk|1
|turn|11
|c| skuukzky Wish|yum
|c|âBrittani|i agree
|raw|<div class="broadcast-red"><b>Moderated chat was set to +!<\/b><br \/>Only users of rank + and higher can talk.<\/div>
|
|switch|p1a: Slowbro|Slowbro, F, shiny|394\/394
|move|p2a: Landorus-Therian|Knock Off|p1a: Slowbro
|-supereffective|p1a: Slowbro
|-damage|p1a: Slowbro|226\/394
|-damage|p2a: Landorus-Therian|0 fnt|[from] item: Rocky Helmet|[of] p1a: Slowbro
|faint|p2a: Landorus-Therian
|
|c|âAlvok|noooooooo
|
|switch|p2a: Zapdos|Zapdos|383\/383
|-damage|p2a: Zapdos|288\/383|[from] Stealth Rock
|-ability|p2a: Zapdos|Pressure
|turn|12
|c|âBrittani|yup
|c|âAlvok|2 rocky helmets
|c|âAlvok|:[
|c|âAlvok|rip
|c|âBrittani|one rocky helmet
|c|âAlvok|didnt your chomp had it too?
|c|âBrittani|garchomp has rough skin
|c|âAlvok|ohwait your chomp's lefties
|c|âAlvok|ahh
|
|switch|p1a: Mew|Mew, shiny|404\/404
|move|p2a: Zapdos|Defog|p1a: Mew
|-unboost|p1a: Mew|evasion|1
|-sideend|p2: Alvok|Stealth Rock|[from] move: Defog|[of] p2a: Zapdos
|
|-heal|p2a: Zapdos|311\/383|[from] item: Leftovers
|turn|13
|c|âBrittani|fuck ur zapdos
|
|switch|p2a: Gardevoir|Gardevoir-Mega, F, shiny|243\/277
|move|p1a: Mew|Foul Play|p2a: Gardevoir
|-damage|p2a: Gardevoir|181\/277
|
|turn|14
|join|Omegasization
|
|move|p2a: Gardevoir|Hyper Voice|p1a: Mew
|-damage|p1a: Mew|128\/404
|move|p1a: Mew|Foul Play|p2a: Gardevoir
|-damage|p2a: Gardevoir|113\/277
|
|-heal|p1a: Mew|153\/404|[from] item: Leftovers
|turn|15
|
|move|p2a: Gardevoir|Hyper Voice|p1a: Mew
|-damage|p1a: Mew|0 fnt
|faint|p1a: Mew
|
|
|switch|p1a: Sharpedo|Sharpedo, M|282\/282
|turn|16
|c|âBrittani|game over
|
|switch|p2a: Zapdos|Zapdos|311\/383
|-ability|p2a: Zapdos|Pressure
|move|p1a: Sharpedo|Protect|p1a: Sharpedo
|-fail|p1a: Sharpedo
|
|-heal|p2a: Zapdos|334\/383|[from] item: Leftovers
|-boost|p1a: Sharpedo|spe|1|[from] ability: Speed Boost
|turn|17
|
|detailschange|p1a: Sharpedo|Sharpedo-Mega, M
|-mega|p1a: Sharpedo|Sharpedo|Sharpedonite
|move|p1a: Sharpedo|Ice Fang|p2a: Zapdos
|-supereffective|p2a: Zapdos
|-damage|p2a: Zapdos|122\/383
|-status|p2a: Zapdos|frz
|cant|p2a: Zapdos|frz
|
|-heal|p2a: Zapdos|145\/383 frz|[from] item: Leftovers
|turn|18
|c|âAlvok|.....
|c|âBrittani|yes
|c|âAlvok|are you serious
|c|âAlvok|wow
|c|âAlvok|a discharge would had ohko
|c|âBrittani|i predicted that to happen
|c|âBrittani|im so good at pokemon
|c|âAlvok|ya sure bro
|c|âAlvok|lmfao
|-message|Alvok forfeited.
|
|win|Brittani
|raw|Ladder updating...
|raw|Brittani's rating: 1336 &rarr; <strong>1358<\/strong><br \/>(+22 for winning)
|raw|Alvok's rating: 1369 &rarr; <strong>1347<\/strong><br \/>(-22 for losing)
|leave|I Iike Squirtles