|join|I'm The Cancer
|join|471V3
|player|p1|I'm The Cancer|196
|player|p2|471V3|158
|gametype|singles
|gen|6
|tier|OU
|rated
|clearpoke
|poke|p1|Sableye, F
|poke|p1|Cresselia, F
|poke|p1|Chansey, F
|poke|p1|Skarmory, M
|poke|p1|Quagsire, F
|poke|p1|Gothitelle, M
|poke|p2|Kyurem-Black
|poke|p2|Heracross, F
|poke|p2|Jirachi
|poke|p2|Azumarill, M
|poke|p2|Landorus-Therian, M
|poke|p2|Mew
|rule|Swagger Clause: Swagger is banned
|rule|Baton Pass Clause: Limit one PokÃ©mon knowing Baton Pass
|rule|Sleep Clause Mod: Limit one foe put to sleep
|rule|Species Clause: Limit one of each PokÃ©mon
|rule|OHKO Clause: OHKO moves are banned
|rule|Moody Clause: Moody is banned
|rule|Evasion Moves Clause: Evasion moves are banned
|rule|Endless Battle Clause: Forcing endless battles is banned
|rule|HP Percentage Mod: HP is shown in percentages
|teampreview
|
|start
|switch|p1a: LE GEM XD XD|Sableye, F|304\/304
|switch|p2a: Kyurem-Black|Kyurem-Black|417\/417
|-ability|p2a: Kyurem-Black|Teravolt
|turn|1
|
|switch|p1a: Queen of Twerk|Chansey, F|704\/704
|move|p2a: Kyurem-Black|Ice Beam|p1a: Queen of Twerk
|-damage|p1a: Queen of Twerk|599\/704
|
|turn|2
|
|switch|p2a: Jirachi|Jirachi|401\/401
|move|p1a: Queen of Twerk|Stealth Rock|p2a: Jirachi
|-sidestart|p2: 471V3|move: Stealth Rock
|
|turn|3
|
|switch|p1a: Clutchselia|Cresselia, F|444\/444
|move|p2a: Jirachi|Stealth Rock|p1a: Clutchselia
|-sidestart|p1: I'm The Cancer|move: Stealth Rock
|
|turn|4
|
|move|p2a: Jirachi|Body Slam|p1a: Clutchselia
|-damage|p1a: Clutchselia|398\/444
|move|p1a: Clutchselia|Skill Swap|p2a: Jirachi
|-activate|p1a: Clutchselia|move: Skill Swap|Serene Grace|Levitate|[of] p2a: Jirachi
|
|-heal|p1a: Clutchselia|425\/444|[from] item: Leftovers
|turn|5
|
|switch|p1a: Gothitelletubby|Gothitelle, M|344\/344
|-damage|p1a: Gothitelletubby|301\/344|[from] Stealth Rock
|move|p2a: Jirachi|Iron Head|p1a: Gothitelletubby
|-damage|p1a: Gothitelletubby|193\/344
|
|turn|6
|
|move|p1a: Gothitelletubby|Trick|p2a: Jirachi
|-activate|p1a: Gothitelletubby|move: Trick|[of] p2a: Jirachi
|-item|p2a: Jirachi|Choice Scarf|[from] move: Trick
|-item|p1a: Gothitelletubby|Leftovers|[from] move: Trick
|move|p2a: Jirachi|Iron Head|p1a: Gothitelletubby
|-damage|p1a: Gothitelletubby|91\/344
|
|-heal|p1a: Gothitelletubby|112\/344|[from] item: Leftovers
|turn|7
|
|move|p2a: Jirachi|Iron Head|p1a: Gothitelletubby
|-damage|p1a: Gothitelletubby|0 fnt
|faint|p1a: Gothitelletubby
|
|
|switch|p1a: LE GEM XD XD|Sableye, F|304\/304
|-damage|p1a: LE GEM XD XD|266\/304|[from] Stealth Rock
|turn|8
|
|switch|p2a: Kyurem-Black|Kyurem-Black|417\/417
|-damage|p2a: Kyurem-Black|313\/417|[from] Stealth Rock
|-ability|p2a: Kyurem-Black|Teravolt
|detailschange|p1a: LE GEM XD XD|Sableye-Mega, F
|-mega|p1a: LE GEM XD XD|Sableye|Sablenite
|move|p1a: LE GEM XD XD|Calm Mind|p1a: LE GEM XD XD
|-boost|p1a: LE GEM XD XD|spa|1
|-boost|p1a: LE GEM XD XD|spd|1
|
|turn|9
|
|move|p2a: Kyurem-Black|Ice Beam|p1a: LE GEM XD XD
|-damage|p1a: LE GEM XD XD|166\/304
|move|p1a: LE GEM XD XD|Will-O-Wisp|p2a: Kyurem-Black|[miss]
|-miss|p1a: LE GEM XD XD|p2a: Kyurem-Black
|
|turn|10
|
|move|p2a: Kyurem-Black|Ice Beam|p1a: LE GEM XD XD
|-damage|p1a: LE GEM XD XD|81\/304
|move|p1a: LE GEM XD XD|Recover|p1a: LE GEM XD XD
|-heal|p1a: LE GEM XD XD|233\/304
|
|turn|11
|
|move|p2a: Kyurem-Black|Ice Beam|p1a: LE GEM XD XD
|-damage|p1a: LE GEM XD XD|148\/304
|move|p1a: LE GEM XD XD|Snarl|p2a: Kyurem-Black
|-damage|p2a: Kyurem-Black|250\/417
|-unboost|p2a: Kyurem-Black|spa|1
|
|turn|12
|
|move|p2a: Kyurem-Black|Ice Beam|p1a: LE GEM XD XD
|-damage|p1a: LE GEM XD XD|88\/304
|move|p1a: LE GEM XD XD|Recover|p1a: LE GEM XD XD
|-heal|p1a: LE GEM XD XD|240\/304
|
|turn|13
|
|move|p2a: Kyurem-Black|Ice Beam|p1a: LE GEM XD XD
|-damage|p1a: LE GEM XD XD|177\/304
|move|p1a: LE GEM XD XD|Will-O-Wisp|p2a: Kyurem-Black
|-status|p2a: Kyurem-Black|brn
|
|-damage|p2a: Kyurem-Black|198\/417 brn|[from] brn
|turn|14
|
|move|p2a: Kyurem-Black|Ice Beam|p1a: LE GEM XD XD
|-damage|p1a: LE GEM XD XD|117\/304
|move|p1a: LE GEM XD XD|Recover|p1a: LE GEM XD XD
|-heal|p1a: LE GEM XD XD|269\/304
|
|-damage|p2a: Kyurem-Black|146\/417 brn|[from] brn
|turn|15
|
|move|p2a: Kyurem-Black|Ice Beam|p1a: LE GEM XD XD
|-damage|p1a: LE GEM XD XD|209\/304
|move|p1a: LE GEM XD XD|Calm Mind|p1a: LE GEM XD XD
|-boost|p1a: LE GEM XD XD|spa|1
|-boost|p1a: LE GEM XD XD|spd|1
|
|-damage|p2a: Kyurem-Black|94\/417 brn|[from] brn
|turn|16
|
|move|p2a: Kyurem-Black|Ice Beam|p1a: LE GEM XD XD
|-damage|p1a: LE GEM XD XD|164\/304
|move|p1a: LE GEM XD XD|Recover|p1a: LE GEM XD XD
|-heal|p1a: LE GEM XD XD|304\/304
|
|-damage|p2a: Kyurem-Black|42\/417 brn|[from] brn
|turn|17
|
|move|p2a: Kyurem-Black|Ice Beam|p1a: LE GEM XD XD
|-damage|p1a: LE GEM XD XD|255\/304
|move|p1a: LE GEM XD XD|Calm Mind|p1a: LE GEM XD XD
|-boost|p1a: LE GEM XD XD|spa|1
|-boost|p1a: LE GEM XD XD|spd|1
|
|-damage|p2a: Kyurem-Black|0 fnt|[from] brn
|faint|p2a: Kyurem-Black
|
|switch|p2a: Azumarill|Azumarill, M|389\/389
|-damage|p2a: Azumarill|341\/389|[from] Stealth Rock
|turn|18
|
|move|p2a: Azumarill|Play Rough|p1a: LE GEM XD XD
|-supereffective|p1a: LE GEM XD XD
|-damage|p1a: LE GEM XD XD|0 fnt
|faint|p1a: LE GEM XD XD
|
|
|switch|p1a: Happy Feet|Skarmory, M|334\/334
|-damage|p1a: Happy Feet|293\/334|[from] Stealth Rock
|turn|19
|-message|I'm The Cancer forfeited.
|leave|I'm The Cancer
|
|win|471V3
|raw|Ladder updating...
|player|p1
|raw|I&apos;m The Cancer's rating: 1598 &rarr; <strong>1571<\/strong><br \/>(-27 for losing)
|raw|471V3's rating: 1471 &rarr; <strong>1498<\/strong><br \/>(+27 for winning)