|join|HoloWolf~
|join|greenfalcon82
|player|p1|HoloWolf~|70
|player|p2|greenfalcon82|209
|gametype|singles
|gen|6
|tier|OU
|rated
|clearpoke
|poke|p1|Absol, F
|poke|p1|Talonflame, M
|poke|p1|Breloom, M
|poke|p1|Heatran, F
|poke|p1|Latios, M
|poke|p1|Weavile, M
|poke|p2|Metagross
|poke|p2|Hydreigon, F
|poke|p2|Zapdos
|poke|p2|Azumarill, F
|poke|p2|Mamoswine, M
|poke|p2|Volcarona, M
|rule|Swagger Clause: Swagger is banned
|rule|Baton Pass Clause: Limit one PokÃ©mon knowing Baton Pass
|rule|Sleep Clause Mod: Limit one foe put to sleep
|rule|Species Clause: Limit one of each PokÃ©mon
|rule|OHKO Clause: OHKO moves are banned
|rule|Moody Clause: Moody is banned
|rule|Evasion Moves Clause: Evasion moves are banned
|rule|Endless Battle Clause: Forcing endless battles is banned
|rule|HP Percentage Mod: HP is shown in percentages
|teampreview
|c|âHoloWolf~|hi
|c|âgreenfalcon82|hello
|
|start
|switch|p1a: Breloom|Breloom, M|261\/261
|switch|p2a: Mamoswine|Mamoswine, M|362\/362
|turn|1
|
|move|p2a: Mamoswine|Icicle Crash|p1a: Breloom
|-supereffective|p1a: Breloom
|-enditem|p1a: Breloom|Focus Sash
|-damage|p1a: Breloom|1\/261
|move|p1a: Breloom|Spore|p2a: Mamoswine
|-status|p2a: Mamoswine|slp
|
|turn|2
|
|switch|p2a: Metagross|Metagross|301\/301
|move|p1a: Breloom|Rock Tomb|p2a: Metagross
|-resisted|p2a: Metagross
|-damage|p2a: Metagross|262\/301
|
|turn|3
|join|BigMambo2
|
|detailschange|p2a: Metagross|Metagross-Mega
|-mega|p2a: Metagross|Metagross|Metagrossite
|move|p1a: Breloom|Rock Tomb|p2a: Metagross|[miss]
|-miss|p1a: Breloom|p2a: Metagross
|move|p2a: Metagross|Ice Punch|p1a: Breloom
|-supereffective|p1a: Breloom
|-damage|p1a: Breloom|0 fnt
|faint|p1a: Breloom
|
|
|switch|p1a: Heatran|Heatran, F|326\/326
|turn|4
|
|move|p1a: Heatran|Flash Cannon|p2a: Metagross
|-crit|p2a: Metagross
|-resisted|p2a: Metagross
|-damage|p2a: Metagross|158\/301
|move|p2a: Metagross|Earthquake|p1a: Heatran
|-supereffective|p1a: Heatran
|-damage|p1a: Heatran|0 fnt
|faint|p1a: Heatran
|
|
|switch|p1a: Weavile|Weavile, M|281\/281
|turn|5
|
|switch|p2a: Mamoswine|Mamoswine, M|362\/362 slp
|move|p1a: Weavile|Knock Off|p2a: Mamoswine
|-damage|p2a: Mamoswine|128\/362 slp
|-enditem|p2a: Mamoswine|Focus Sash|[from] move: Knock Off|[of] p1a: Weavile
|-damage|p1a: Weavile|253\/281|[from] item: Life Orb
|
|turn|6
|
|cant|p2a: Mamoswine|slp
|move|p1a: Weavile|Swords Dance|p1a: Weavile
|-boost|p1a: Weavile|atk|2
|
|turn|7
|
|-curestatus|p2a: Mamoswine|slp
|move|p2a: Mamoswine|Ice Shard|p1a: Weavile
|-resisted|p1a: Weavile
|-damage|p1a: Weavile|204\/281
|move|p1a: Weavile|Knock Off|p2a: Mamoswine
|-damage|p2a: Mamoswine|0 fnt
|-damage|p1a: Weavile|176\/281|[from] item: Life Orb
|faint|p2a: Mamoswine
|
|
|switch|p2a: Azumarill|Azumarill, F|401\/401
|turn|8
|
|move|p2a: Azumarill|Aqua Jet|p1a: Weavile
|-damage|p1a: Weavile|46\/281
|move|p1a: Weavile|Icicle Crash|p2a: Azumarill
|-resisted|p2a: Azumarill
|-damage|p2a: Azumarill|177\/401
|-damage|p1a: Weavile|18\/281|[from] item: Life Orb
|
|turn|9
|
|move|p1a: Weavile|Ice Shard|p2a: Azumarill
|-resisted|p2a: Azumarill
|-damage|p2a: Azumarill|63\/401
|-damage|p1a: Weavile|0 fnt|[from] item: Life Orb
|faint|p1a: Weavile
|move|p2a: Azumarill|Aqua Jet|p1: Weavile|[notarget]
|-notarget
|
|
|switch|p1a: Talonflame|Talonflame, M|315\/315
|turn|10
|
|move|p1a: Talonflame|Brave Bird|p2a: Azumarill
|-damage|p2a: Azumarill|0 fnt
|-damage|p1a: Talonflame|294\/315|[from] recoil|[of] p2a: Azumarill
|faint|p2a: Azumarill
|
|
|switch|p2a: Zapdos|Zapdos|384\/384
|-ability|p2a: Zapdos|Pressure
|turn|11
|
|switch|p1a: Latios|Latios, M|301\/301
|move|p2a: Zapdos|Thunderbolt|p1a: Latios
|-resisted|p1a: Latios
|-damage|p1a: Latios|235\/301
|
|-heal|p1a: Latios|253\/301|[from] item: Leftovers
|turn|12
|
|switch|p1a: Talonflame|Talonflame, M|294\/315
|switch|p2a: Metagross|Metagross-Mega|158\/301
|
|turn|13
|
|move|p1a: Talonflame|Flare Blitz|p2a: Metagross
|-supereffective|p2a: Metagross
|-damage|p2a: Metagross|0 fnt
|-damage|p1a: Talonflame|242\/315|[from] recoil|[of] p2a: Metagross
|faint|p2a: Metagross
|
|
|switch|p2a: Hydreigon|Hydreigon, F|325\/325
|turn|14
|
|move|p1a: Talonflame|Brave Bird|p2a: Hydreigon
|-crit|p2a: Hydreigon
|-damage|p2a: Hydreigon|43\/325
|-damage|p1a: Talonflame|149\/315|[from] recoil|[of] p2a: Hydreigon
|move|p2a: Hydreigon|Dark Pulse|p1a: Talonflame
|-damage|p1a: Talonflame|0 fnt
|faint|p1a: Talonflame
|
|
|switch|p1a: Absol|Absol, F|271\/271
|turn|15
|
|switch|p2a: Volcarona|Volcarona, M|311\/311
|detailschange|p1a: Absol|Absol-Mega, F
|-mega|p1a: Absol|Absol|Absolite
|move|p1a: Absol|Swords Dance|p1a: Absol
|-boost|p1a: Absol|atk|2
|
|turn|16
|
|move|p1a: Absol|Knock Off|p2a: Volcarona
|-damage|p2a: Volcarona|0 fnt
|-enditem|p2a: Volcarona|Life Orb|[from] move: Knock Off|[of] p1a: Absol
|faint|p2a: Volcarona
|
|
|switch|p2a: Zapdos|Zapdos|384\/384
|-ability|p2a: Zapdos|Pressure
|turn|17
|
|move|p1a: Absol|Knock Off|p2a: Zapdos
|-damage|p2a: Zapdos|39\/384
|-enditem|p2a: Zapdos|Leftovers|[from] move: Knock Off|[of] p1a: Absol
|move|p2a: Zapdos|Thunderbolt|p1a: Absol
|-damage|p1a: Absol|54\/271
|-status|p1a: Absol|par
|
|turn|18
|c|âHoloWolf~|damn
|
|move|p1a: Absol|Sucker Punch|p2a: Zapdos
|-damage|p2a: Zapdos|0 fnt
|faint|p2a: Zapdos
|
|
|switch|p2a: Hydreigon|Hydreigon, F|43\/325
|turn|19
|
|cant|p1a: Absol|par
|move|p2a: Hydreigon|Dark Pulse|p1a: Absol
|-resisted|p1a: Absol
|-damage|p1a: Absol|0 fnt
|faint|p1a: Absol
|
|c|âHoloWolf~|gg
|
|switch|p1a: Latios|Latios, M|253\/301
|turn|20
|
|move|p2a: Hydreigon|Dark Pulse|p1a: Latios
|-supereffective|p1a: Latios
|-damage|p1a: Latios|0 fnt
|faint|p1a: Latios
|
|win|greenfalcon82
|raw|Ladder updating...
|raw|HoloWolf~'s rating: 1571 &rarr; <strong>1549<\/strong><br \/>(-22 for losing)
|raw|greenfalcon82's rating: 1526 &rarr; <strong>1548<\/strong><br \/>(+22 for winning)