|join|Zanarkandd
|join|HoloWolf~
|player|p1|Zanarkandd|66
|player|p2|HoloWolf~|70
|gametype|singles
|gen|6
|tier|OU
|rated
|clearpoke
|poke|p1|Hippowdon, M
|poke|p1|Ferrothorn, F
|poke|p1|Landorus, M
|poke|p1|Sylveon, M, shiny
|poke|p1|Heatran, M
|poke|p1|Metagross, shiny
|poke|p2|Infernape, F
|poke|p2|Scizor, F
|poke|p2|Landorus, M
|poke|p2|Tyranitar, M
|poke|p2|Azumarill, M
|poke|p2|Latios, M
|rule|Swagger Clause: Swagger is banned
|rule|Baton Pass Clause: Limit one PokÃ©mon knowing Baton Pass
|rule|Sleep Clause Mod: Limit one foe put to sleep
|rule|Species Clause: Limit one of each PokÃ©mon
|rule|OHKO Clause: OHKO moves are banned
|rule|Moody Clause: Moody is banned
|rule|Evasion Moves Clause: Evasion moves are banned
|rule|Endless Battle Clause: Forcing endless battles is banned
|rule|HP Percentage Mod: HP is shown in percentages
|teampreview
|
|start
|switch|p1a: Hippowdon|Hippowdon, M|420\/420
|switch|p2a: Landorus|Landorus, M|319\/319
|-weather|Sandstorm
|turn|1
|
|move|p2a: Landorus|Earth Power|p1a: Hippowdon
|-damage|p1a: Hippowdon|115\/420
|move|p1a: Hippowdon|Stealth Rock|p2a: Landorus
|-sidestart|p2: HoloWolf~|move: Stealth Rock
|
|-weather|Sandstorm|[upkeep]
|-heal|p1a: Hippowdon|141\/420|[from] item: Leftovers
|turn|2
|
|switch|p1a: Sylveon|Sylveon, M, shiny|394\/394
|move|p2a: Landorus|Psychic|p1a: Sylveon
|-damage|p1a: Sylveon|293\/394
|
|-weather|Sandstorm|[upkeep]
|-damage|p1a: Sylveon|269\/394|[from] sandstorm
|-heal|p1a: Sylveon|293\/394|[from] item: Leftovers
|turn|3
|
|move|p2a: Landorus|Stealth Rock|p1a: Sylveon
|-sidestart|p1: Zanarkandd|move: Stealth Rock
|move|p1a: Sylveon|Hyper Voice|p2a: Landorus
|-damage|p2a: Landorus|136\/319
|
|-weather|Sandstorm|[upkeep]
|-damage|p1a: Sylveon|269\/394|[from] sandstorm
|-heal|p1a: Sylveon|293\/394|[from] item: Leftovers
|turn|4
|
|move|p2a: Landorus|Earth Power|p1a: Sylveon
|-damage|p1a: Sylveon|137\/394
|move|p1a: Sylveon|Hyper Voice|p2a: Landorus
|-damage|p2a: Landorus|0 fnt
|faint|p2a: Landorus
|
|-weather|Sandstorm|[upkeep]
|-damage|p1a: Sylveon|113\/394|[from] sandstorm
|-heal|p1a: Sylveon|137\/394|[from] item: Leftovers
|
|switch|p2a: Scizor|Scizor, F|282\/282
|-damage|p2a: Scizor|247\/282|[from] Stealth Rock
|turn|5
|
|switch|p1a: Hippowdon|Hippowdon, M|141\/420
|-damage|p1a: Hippowdon|115\/420|[from] Stealth Rock
|detailschange|p2a: Scizor|Scizor-Mega, F
|-mega|p2a: Scizor|Scizor|Scizorite
|move|p2a: Scizor|Swords Dance|p2a: Scizor
|-boost|p2a: Scizor|atk|2
|
|-weather|none
|-heal|p1a: Hippowdon|141\/420|[from] item: Leftovers
|turn|6
|
|move|p2a: Scizor|Bullet Punch|p1a: Hippowdon
|-damage|p1a: Hippowdon|0 fnt
|faint|p1a: Hippowdon
|
|
|switch|p1a: Ferrothorn|Ferrothorn, F|352\/352
|-damage|p1a: Ferrothorn|330\/352|[from] Stealth Rock
|turn|7
|
|move|p2a: Scizor|Superpower|p1a: Ferrothorn
|-supereffective|p1a: Ferrothorn
|-damage|p1a: Ferrothorn|0 fnt
|-damage|p2a: Scizor|212\/282|[from] ability: Iron Barbs|[of] p1a: Ferrothorn
|-unboost|p2a: Scizor|atk|1
|-unboost|p2a: Scizor|def|1
|faint|p1a: Ferrothorn
|
|
|switch|p1a: Landorus|Landorus, M|319\/319
|-damage|p1a: Landorus|280\/319|[from] Stealth Rock
|turn|8
|
|switch|p2a: Latios|Latios, M|301\/301
|-damage|p2a: Latios|264\/301|[from] Stealth Rock
|move|p1a: Landorus|Earth Power|p2a: Latios
|-immune|p2a: Latios|[msg]
|
|turn|9
|
|switch|p1a: Heatran|Heatran, M|386\/386
|-damage|p1a: Heatran|338\/386|[from] Stealth Rock
|move|p2a: Latios|Calm Mind|p2a: Latios
|-boost|p2a: Latios|spa|1
|-boost|p2a: Latios|spd|1
|
|-heal|p1a: Heatran|362\/386|[from] item: Leftovers
|turn|10
|
|move|p2a: Latios|Draco Meteor|p1a: Heatran
|-resisted|p1a: Heatran
|-damage|p1a: Heatran|200\/386
|-unboost|p2a: Latios|spa|2
|-damage|p2a: Latios|234\/301|[from] item: Life Orb
|move|p1a: Heatran|Will-O-Wisp|p2a: Latios
|-status|p2a: Latios|brn
|
|-heal|p1a: Heatran|224\/386|[from] item: Leftovers
|-damage|p2a: Latios|197\/301 brn|[from] brn
|turn|11
|
|switch|p1a: Landorus|Landorus, M|280\/319
|-damage|p1a: Landorus|241\/319|[from] Stealth Rock
|move|p2a: Latios|Calm Mind|p2a: Latios
|-boost|p2a: Latios|spa|1
|-boost|p2a: Latios|spd|1
|
|-damage|p2a: Latios|160\/301 brn|[from] brn
|turn|12
|
|move|p2a: Latios|Draco Meteor|p1a: Landorus
|-damage|p1a: Landorus|0 fnt
|-unboost|p2a: Latios|spa|2
|-damage|p2a: Latios|130\/301 brn|[from] item: Life Orb
|faint|p1a: Landorus
|
|-damage|p2a: Latios|93\/301 brn|[from] brn
|
|switch|p1a: Sylveon|Sylveon, M, shiny|137\/394
|-damage|p1a: Sylveon|88\/394|[from] Stealth Rock
|turn|13
|
|move|p2a: Latios|Psyshock|p1a: Sylveon
|-damage|p1a: Sylveon|0 fnt
|-damage|p2a: Latios|63\/301 brn|[from] item: Life Orb
|faint|p1a: Sylveon
|
|-damage|p2a: Latios|26\/301 brn|[from] brn
|
|switch|p1a: Metagross|Metagross, shiny|301\/301
|-damage|p1a: Metagross|283\/301|[from] Stealth Rock
|turn|14
|
|switch|p2a: Tyranitar|Tyranitar, M|341\/341
|-damage|p2a: Tyranitar|299\/341|[from] Stealth Rock
|-weather|Sandstorm
|detailschange|p1a: Metagross|Metagross-Mega, shiny
|-mega|p1a: Metagross|Metagross|Metagrossite
|move|p1a: Metagross|Bullet Punch|p2a: Tyranitar
|-supereffective|p2a: Tyranitar
|-damage|p2a: Tyranitar|95\/341
|
|-weather|Sandstorm|[upkeep]
|turn|15
|
|move|p1a: Metagross|Bullet Punch|p2a: Tyranitar
|-supereffective|p2a: Tyranitar
|-damage|p2a: Tyranitar|0 fnt
|faint|p2a: Tyranitar
|
|-weather|Sandstorm|[upkeep]
|
|switch|p2a: Scizor|Scizor-Mega, F|212\/282
|-damage|p2a: Scizor|177\/282|[from] Stealth Rock
|turn|16
|
|move|p1a: Metagross|Meteor Mash|p2a: Scizor
|-resisted|p2a: Scizor
|-damage|p2a: Scizor|93\/282
|move|p2a: Scizor|Bug Bite|p1a: Metagross
|-damage|p1a: Metagross|135\/301
|
|-weather|Sandstorm|[upkeep]
|turn|17
|
|move|p1a: Metagross|Meteor Mash|p2a: Scizor
|-resisted|p2a: Scizor
|-damage|p2a: Scizor|0 fnt
|-boost|p1a: Metagross|atk|1
|faint|p2a: Scizor
|
|-weather|Sandstorm|[upkeep]
|
|switch|p2a: Azumarill|Azumarill, M|403\/403
|-damage|p2a: Azumarill|353\/403|[from] Stealth Rock
|turn|18
|
|move|p1a: Metagross|Thunder Punch|p2a: Azumarill
|-supereffective|p2a: Azumarill
|-damage|p2a: Azumarill|0 fnt
|faint|p2a: Azumarill
|
|-weather|none
|
|switch|p2a: Infernape|Infernape, F|293\/293
|-damage|p2a: Infernape|257\/293|[from] Stealth Rock
|turn|19
|
|move|p1a: Metagross|Zen Headbutt|p2a: Infernape
|-supereffective|p2a: Infernape
|-damage|p2a: Infernape|0 fnt
|faint|p2a: Infernape
|
|c|âZanarkandd|gg
|c|âHoloWolf~|gg
|-message|HoloWolf~ forfeited.
|leave|HoloWolf~
|
|win|Zanarkandd
|raw|Ladder updating...
|player|p2
|raw|Zanarkandd's rating: 1499 &rarr; <strong>1522<\/strong><br \/>(+23 for winning)
|raw|HoloWolf~'s rating: 1541 &rarr; <strong>1519<\/strong><br \/>(-22 for losing)