|join|Babig
|join|HoloWolf~
|player|p1|Babig|186
|player|p2|HoloWolf~|260
|gametype|singles
|gen|6
|tier|OU
|rated
|clearpoke
|poke|p1|Raikou, shiny
|poke|p1|Landorus-Therian, M, shiny
|poke|p1|Lanturn, F
|poke|p1|Lopunny, M
|poke|p1|Latias, F, shiny
|poke|p1|Skarmory, M
|poke|p2|Gengar, M
|poke|p2|Bisharp, F
|poke|p2|Mamoswine, M
|poke|p2|Talonflame, F
|poke|p2|Gyarados, M
|poke|p2|Latias, F
|rule|Swagger Clause: Swagger is banned
|rule|Baton Pass Clause: Limit one PokÃ©mon knowing Baton Pass
|rule|Sleep Clause Mod: Limit one foe put to sleep
|rule|Species Clause: Limit one of each PokÃ©mon
|rule|OHKO Clause: OHKO moves are banned
|rule|Moody Clause: Moody is banned
|rule|Evasion Moves Clause: Evasion moves are banned
|rule|Endless Battle Clause: Forcing endless battles is banned
|rule|HP Percentage Mod: HP is shown in percentages
|teampreview
|
|start
|switch|p1a: Coelho da pascoa|Lopunny, M|271\/271
|switch|p2a: Latias|Latias, F|317\/317
|turn|1
|
|detailschange|p1a: Coelho da pascoa|Lopunny-Mega, M
|-mega|p1a: Coelho da pascoa|Lopunny|Lopunnite
|move|p1a: Coelho da pascoa|Fake Out|p2a: Latias
|-damage|p2a: Latias|242\/317
|cant|p2a: Latias|flinch
|
|turn|2
|
|switch|p1a: gogo staller|Skarmory, M|280\/280
|move|p2a: Latias|Draco Meteor|p1a: gogo staller
|-resisted|p1a: gogo staller
|-damage|p1a: gogo staller|110\/280
|-unboost|p2a: Latias|spa|2
|-damage|p2a: Latias|211\/317|[from] item: Life Orb
|
|turn|3
|
|switch|p2a: Gengar|Gengar, M|261\/261
|move|p1a: gogo staller|Roost|p1a: gogo staller
|-heal|p1a: gogo staller|250\/280
|
|turn|4
|
|switch|p1a: Lanterna Azul|Lanturn, F|401\/401
|move|p2a: Gengar|Taunt|p1a: Lanterna Azul
|-start|p1a: Lanterna Azul|move: Taunt
|
|turn|5
|
|move|p2a: Gengar|Shadow Ball|p1a: Lanterna Azul
|-damage|p1a: Lanterna Azul|275\/401
|move|p1a: Lanterna Azul|Scald|p2a: Gengar
|-damage|p2a: Gengar|168\/261
|
|-heal|p1a: Lanterna Azul|300\/401|[from] item: Leftovers
|turn|6
|
|switch|p2a: Latias|Latias, F|211\/317
|switch|p1a: Coelho da pascoa|Lopunny-Mega, M|271\/271
|
|turn|7
|
|move|p1a: Coelho da pascoa|Fake Out|p2a: Latias
|-damage|p2a: Latias|136\/317
|cant|p2a: Latias|flinch
|
|turn|8
|
|move|p1a: Coelho da pascoa|Frustration|p2a: Latias
|-damage|p2a: Latias|0 fnt
|faint|p2a: Latias
|
|
|switch|p2a: Talonflame|Talonflame, F|319\/319
|turn|9
|
|switch|p2a: Mamoswine|Mamoswine, M|361\/361
|move|p1a: Coelho da pascoa|Substitute|p1a: Coelho da pascoa
|-start|p1a: Coelho da pascoa|Substitute
|-damage|p1a: Coelho da pascoa|204\/271
|
|turn|10
|
|move|p1a: Coelho da pascoa|High Jump Kick|p2a: Mamoswine
|-supereffective|p2a: Mamoswine
|-enditem|p2a: Mamoswine|Focus Sash
|-damage|p2a: Mamoswine|1\/361
|move|p2a: Mamoswine|Icicle Spear|p1a: Coelho da pascoa
|-activate|p1a: Coelho da pascoa|Substitute|[damage]
|-end|p1a: Coelho da pascoa|Substitute
|-damage|p1a: Coelho da pascoa|158\/271
|-hitcount|p1a: Coelho da pascoa|3
|
|turn|11
|
|switch|p1a: Lanterna Azul|Lanturn, F|300\/401
|move|p2a: Mamoswine|Ice Shard|p1a: Lanterna Azul
|-resisted|p1a: Lanterna Azul
|-damage|p1a: Lanterna Azul|264\/401
|
|-heal|p1a: Lanterna Azul|289\/401|[from] item: Leftovers
|turn|12
|
|switch|p1a: Tchu Tchu cao|Landorus-Therian, M, shiny|319\/319
|-ability|p1a: Tchu Tchu cao|Intimidate|[of] p2a: Mamoswine
|-unboost|p2a: Mamoswine|atk|1
|move|p2a: Mamoswine|Stealth Rock|p1a: Tchu Tchu cao
|-sidestart|p1: Babig|move: Stealth Rock
|
|turn|13
|
|move|p2a: Mamoswine|Ice Shard|p1a: Tchu Tchu cao
|-supereffective|p1a: Tchu Tchu cao
|-damage|p1a: Tchu Tchu cao|111\/319
|move|p1a: Tchu Tchu cao|U-turn|p2a: Mamoswine
|-damage|p2a: Mamoswine|0 fnt
|faint|p2a: Mamoswine
|
|switch|p1a: Bolt|Raikou, shiny|321\/321
|-damage|p1a: Bolt|281\/321|[from] Stealth Rock
|-ability|p1a: Bolt|Pressure
|
|
|switch|p2a: Bisharp|Bisharp, F|272\/272
|turn|14
|
|move|p2a: Bisharp|Sucker Punch|p1a: Bolt
|-damage|p1a: Bolt|98\/321
|move|p1a: Bolt|Volt Switch|p2a: Bisharp
|-damage|p2a: Bisharp|49\/272
|
|switch|p1a: Coelho da pascoa|Lopunny-Mega, M|158\/271
|-damage|p1a: Coelho da pascoa|142\/271|[from] Stealth Rock
|
|turn|15
|
|switch|p2a: Gyarados|Gyarados, M|331\/331
|-ability|p2a: Gyarados|Intimidate|[of] p1a: Coelho da pascoa
|-unboost|p1a: Coelho da pascoa|atk|1
|move|p1a: Coelho da pascoa|Fake Out|p2a: Gyarados
|-crit|p2a: Gyarados
|-damage|p2a: Gyarados|190\/331
|
|turn|16
|
|switch|p1a: gogo staller|Skarmory, M|250\/280
|-damage|p1a: gogo staller|215\/280|[from] Stealth Rock
|move|p2a: Gyarados|Waterfall|p1a: gogo staller
|-damage|p1a: gogo staller|115\/280
|-damage|p2a: Gyarados|135\/331|[from] item: Rocky Helmet|[of] p1a: gogo staller
|
|turn|17
|
|switch|p2a: Talonflame|Talonflame, F|319\/319
|move|p1a: gogo staller|Roost|p1a: gogo staller
|-heal|p1a: gogo staller|255\/280
|
|turn|18
|
|move|p2a: Talonflame|Swords Dance|p2a: Talonflame
|-boost|p2a: Talonflame|atk|2
|move|p1a: gogo staller|Stealth Rock|p2a: Talonflame
|-sidestart|p2: HoloWolf~|move: Stealth Rock
|
|turn|19
|
|move|p2a: Talonflame|Flare Blitz|p1a: gogo staller
|-supereffective|p1a: gogo staller
|-damage|p1a: gogo staller|0 fnt
|-damage|p2a: Talonflame|266\/319|[from] item: Rocky Helmet|[of] p1a: gogo staller
|-damage|p2a: Talonflame|182\/319|[from] recoil|[of] p1a: gogo staller
|faint|p1a: gogo staller
|
|
|switch|p1a: Latios e-e|Latias, F, shiny|319\/319
|-damage|p1a: Latios e-e|280\/319|[from] Stealth Rock
|turn|20
|
|switch|p1a: Lanterna Azul|Lanturn, F|289\/401
|-damage|p1a: Lanterna Azul|239\/401|[from] Stealth Rock
|move|p2a: Talonflame|Brave Bird|p1a: Lanterna Azul
|-resisted|p1a: Lanterna Azul
|-damage|p1a: Lanterna Azul|72\/401
|-damage|p2a: Talonflame|127\/319|[from] recoil|[of] p1a: Lanterna Azul
|
|-heal|p1a: Lanterna Azul|97\/401|[from] item: Leftovers
|turn|21
|
|move|p2a: Talonflame|Natural Gift|p1a: Lanterna Azul
|-supereffective|p1a: Lanterna Azul
|-damage|p1a: Lanterna Azul|0 fnt
|faint|p1a: Lanterna Azul
|
|
|switch|p1a: Coelho da pascoa|Lopunny-Mega, M|142\/271
|-damage|p1a: Coelho da pascoa|126\/271|[from] Stealth Rock
|turn|22
|
|move|p1a: Coelho da pascoa|Fake Out|p2a: Talonflame
|-crit|p2a: Talonflame
|-damage|p2a: Talonflame|0 fnt
|faint|p2a: Talonflame
|
|-message|HoloWolf~ forfeited.
|
|win|Babig
|raw|Ladder updating...
|leave|HoloWolf~
|player|p2
|raw|Babig's rating: 1322 &rarr; <strong>1344<\/strong><br \/>(+22 for winning)
|raw|HoloWolf~'s rating: 1358 &rarr; <strong>1336<\/strong><br \/>(-22 for losing)