|join|HoloWolf~
|join|pus1010
|player|p1|HoloWolf~|277
|player|p2|pus1010|249
|gametype|singles
|gen|6
|tier|OU
|rated
|clearpoke
|poke|p1|Talonflame, F
|poke|p1|Mamoswine, M
|poke|p1|Gyarados, F
|poke|p1|Latias, F
|poke|p1|Bisharp, M
|poke|p1|Gengar, M
|poke|p2|Lucario, F, shiny
|poke|p2|Rotom-Wash
|poke|p2|Gardevoir, F
|poke|p2|Gengar, M
|poke|p2|Staraptor, F
|poke|p2|Chesnaught, M
|rule|Swagger Clause: Swagger is banned
|rule|Baton Pass Clause: Limit one PokÃ©mon knowing Baton Pass
|rule|Sleep Clause Mod: Limit one foe put to sleep
|rule|Species Clause: Limit one of each PokÃ©mon
|rule|OHKO Clause: OHKO moves are banned
|rule|Moody Clause: Moody is banned
|rule|Evasion Moves Clause: Evasion moves are banned
|rule|Endless Battle Clause: Forcing endless battles is banned
|rule|HP Percentage Mod: HP is shown in percentages
|teampreview
|
|start
|switch|p1a: Gengar|Gengar, M|261\/261
|switch|p2a: Rotom-Wash|Rotom-Wash|304\/304
|turn|1
|
|move|p1a: Gengar|Shadow Ball|p2a: Rotom-Wash
|-damage|p2a: Rotom-Wash|177\/304
|move|p2a: Rotom-Wash|Volt Switch|p1a: Gengar
|-damage|p1a: Gengar|129\/261
|
|switch|p2a: Gengar|Gengar, M|261\/261
|
|turn|2
|
|move|p2a: Gengar|Shadow Ball|p1a: Gengar
|-crit|p1a: Gengar
|-supereffective|p1a: Gengar
|-damage|p1a: Gengar|0 fnt
|faint|p1a: Gengar
|
|
|switch|p1a: Mamoswine|Mamoswine, M|362\/362
|turn|3
|
|move|p2a: Gengar|Taunt|p1a: Mamoswine
|-immune|p1a: Mamoswine|[msg]|[from] Oblivious
|move|p1a: Mamoswine|Stealth Rock|p2a: Gengar
|-sidestart|p2: pus1010|move: Stealth Rock
|
|turn|4
|
|move|p2a: Gengar|Shadow Ball|p1a: Mamoswine
|-damage|p1a: Mamoswine|140\/362
|move|p1a: Mamoswine|Icicle Spear|p2a: Gengar
|-damage|p2a: Gengar|186\/261
|-damage|p2a: Gengar|120\/261
|-damage|p2a: Gengar|45\/261
|-damage|p2a: Gengar|0 fnt
|-hitcount|p2a: Gengar|4
|faint|p2a: Gengar
|
|
|switch|p2a: Lucario|Lucario, F, shiny|281\/281
|-damage|p2a: Lucario|273\/281|[from] Stealth Rock
|turn|5
|
|switch|p1a: Talonflame|Talonflame, F|318\/318
|move|p2a: Lucario|Extreme Speed|p1a: Talonflame
|-damage|p1a: Talonflame|120\/318
|
|turn|6
|
|switch|p1a: Gyarados|Gyarados, F|331\/331
|-ability|p1a: Gyarados|Intimidate|[of] p2a: Lucario
|-unboost|p2a: Lucario|atk|1
|move|p2a: Lucario|Extreme Speed|p1a: Gyarados
|-damage|p1a: Gyarados|209\/331
|
|turn|7
|
|switch|p1a: Talonflame|Talonflame, F|120\/318
|move|p2a: Lucario|Extreme Speed|p1a: Talonflame
|-damage|p1a: Talonflame|0 fnt
|faint|p1a: Talonflame
|
|
|switch|p1a: Bisharp|Bisharp, M|271\/271
|turn|8
|
|switch|p2a: Chesnaught|Chesnaught, M|317\/317
|-damage|p2a: Chesnaught|298\/317|[from] Stealth Rock
|move|p1a: Bisharp|Swords Dance|p1a: Bisharp
|-boost|p1a: Bisharp|atk|2
|
|turn|9
|
|move|p1a: Bisharp|Iron Head|p2a: Chesnaught
|-damage|p2a: Chesnaught|75\/317
|-enditem|p2a: Chesnaught|Salac Berry|[eat]
|-boost|p2a: Chesnaught|spe|1|[from] item: Salac Berry
|cant|p2a: Chesnaught|flinch
|
|turn|10
|
|move|p1a: Bisharp|Sucker Punch|p2a: Chesnaught
|-resisted|p2a: Chesnaught
|-damage|p2a: Chesnaught|0 fnt
|faint|p2a: Chesnaught
|
|
|switch|p2a: Lucario|Lucario, F, shiny|273\/281
|-damage|p2a: Lucario|265\/281|[from] Stealth Rock
|turn|11
|
|switch|p1a: Latias|Latias, F|319\/319
|move|p2a: Lucario|Close Combat|p1a: Latias
|-resisted|p1a: Latias
|-damage|p1a: Latias|149\/319
|-unboost|p2a: Lucario|def|1
|-unboost|p2a: Lucario|spd|1
|
|turn|12
|
|switch|p2a: Gardevoir|Gardevoir, F|277\/277
|-damage|p2a: Gardevoir|243\/277|[from] Stealth Rock
|-ability|p2a: Gardevoir|Levitate|[from] ability: Trace|[of] p1a: Latias
|move|p1a: Latias|Healing Wish|p1a: Latias
|faint|p1a: Latias
|
|
|switch|p1a: Mamoswine|Mamoswine, M|140\/362
|-heal|p1a: Mamoswine|362\/362|[from] move: Healing Wish
|turn|13
|
|detailschange|p2a: Gardevoir|Gardevoir-Mega, F
|-mega|p2a: Gardevoir|Gardevoir|Gardevoirite
|move|p1a: Mamoswine|Icicle Spear|p2a: Gardevoir
|-damage|p2a: Gardevoir|182\/277
|-damage|p2a: Gardevoir|124\/277
|-hitcount|p2a: Gardevoir|2
|move|p2a: Gardevoir|Hyper Voice|p1a: Mamoswine
|-enditem|p1a: Mamoswine|Focus Sash
|-damage|p1a: Mamoswine|1\/362
|
|turn|14
|
|switch|p2a: Rotom-Wash|Rotom-Wash|177\/304
|-damage|p2a: Rotom-Wash|139\/304|[from] Stealth Rock
|move|p1a: Mamoswine|Ice Shard|p2a: Rotom-Wash
|-resisted|p2a: Rotom-Wash
|-damage|p2a: Rotom-Wash|104\/304
|
|-heal|p2a: Rotom-Wash|123\/304|[from] item: Leftovers
|turn|15
|
|move|p2a: Rotom-Wash|Protect|p2a: Rotom-Wash
|-singleturn|p2a: Rotom-Wash|Protect
|move|p1a: Mamoswine|Icicle Spear|p2a: Rotom-Wash
|-activate|p2a: Rotom-Wash|Protect
|
|-heal|p2a: Rotom-Wash|142\/304|[from] item: Leftovers
|turn|16
|
|move|p1a: Mamoswine|Icicle Spear|p2a: Rotom-Wash
|-resisted|p2a: Rotom-Wash
|-damage|p2a: Rotom-Wash|118\/304
|-resisted|p2a: Rotom-Wash
|-damage|p2a: Rotom-Wash|95\/304
|-hitcount|p2a: Rotom-Wash|2
|move|p2a: Rotom-Wash|Hydro Pump|p1a: Mamoswine
|-supereffective|p1a: Mamoswine
|-damage|p1a: Mamoswine|0 fnt
|faint|p1a: Mamoswine
|
|-heal|p2a: Rotom-Wash|114\/304|[from] item: Leftovers
|
|switch|p1a: Bisharp|Bisharp, M|271\/271
|turn|17
|
|move|p1a: Bisharp|Knock Off|p2a: Rotom-Wash
|-damage|p2a: Rotom-Wash|0 fnt
|-enditem|p2a: Rotom-Wash|Leftovers|[from] move: Knock Off|[of] p1a: Bisharp
|faint|p2a: Rotom-Wash
|
|
|switch|p2a: Lucario|Lucario, F, shiny|265\/281
|-damage|p2a: Lucario|257\/281|[from] Stealth Rock
|turn|18
|
|move|p2a: Lucario|Close Combat|p1a: Bisharp
|-supereffective|p1a: Bisharp
|-enditem|p1a: Bisharp|Focus Sash
|-damage|p1a: Bisharp|1\/271
|-unboost|p2a: Lucario|def|1
|-unboost|p2a: Lucario|spd|1
|move|p1a: Bisharp|Swords Dance|p1a: Bisharp
|-boost|p1a: Bisharp|atk|2
|
|turn|19
|
|switch|p2a: Gardevoir|Gardevoir-Mega, F|124\/277
|-damage|p2a: Gardevoir|90\/277|[from] Stealth Rock
|move|p1a: Bisharp|Sucker Punch|p2a: Gardevoir
|-fail|p2a: Gardevoir
|
|turn|20
|
|move|p1a: Bisharp|Sucker Punch|p2a: Gardevoir
|-fail|p2a: Gardevoir
|move|p2a: Gardevoir|Taunt|p1a: Bisharp
|-start|p1a: Bisharp|move: Taunt
|
|turn|21
|
|move|p1a: Bisharp|Sucker Punch|p2a: Gardevoir
|-damage|p2a: Gardevoir|0 fnt
|faint|p2a: Gardevoir
|
|-message|HoloWolf~ forfeited.
|leave|HoloWolf~
|
|win|pus1010
|raw|Ladder updating...
|player|p1
|raw|HoloWolf~'s rating: 1543 &rarr; <strong>1516<\/strong><br \/>(-27 for losing)
|raw|pus1010's rating: 1408 &rarr; <strong>1435<\/strong><br \/>(+27 for winning)