|join|I'm a Garchomp
|join|spec n
|player|p1|I'm a Garchomp|260
|player|p2|spec n|92
|gametype|singles
|gen|6
|tier|OU
|rated
|clearpoke
|poke|p1|Altaria, F
|poke|p1|Empoleon, F
|poke|p1|Latias, F
|poke|p1|Conkeldurr, M
|poke|p1|Greninja, F
|poke|p1|Ferrothorn, F
|poke|p2|Breloom, F
|poke|p2|Slowbro, F
|poke|p2|Heatran, M
|poke|p2|Gardevoir, M
|poke|p2|Rotom-Wash
|poke|p2|Scizor, M
|rule|Swagger Clause: Swagger is banned
|rule|Baton Pass Clause: Limit one PokÃ©mon knowing Baton Pass
|rule|Sleep Clause Mod: Limit one foe put to sleep
|rule|Species Clause: Limit one of each PokÃ©mon
|rule|OHKO Clause: OHKO moves are banned
|rule|Moody Clause: Moody is banned
|rule|Evasion Moves Clause: Evasion moves are banned
|rule|Endless Battle Clause: Forcing endless battles is banned
|rule|HP Percentage Mod: HP is shown in percentages
|teampreview
|
|start
|switch|p1a: Ferrothorn|Ferrothorn, F|352\/352
|switch|p2a: Rotom-Wash|Rotom-Wash|298\/298
|turn|1
|
|move|p2a: Rotom-Wash|Trick|p1a: Ferrothorn
|-activate|p2a: Rotom-Wash|move: Trick|[of] p1a: Ferrothorn
|-item|p1a: Ferrothorn|Choice Scarf|[from] move: Trick
|-item|p2a: Rotom-Wash|Leftovers|[from] move: Trick
|move|p1a: Ferrothorn|Leech Seed|p2a: Rotom-Wash
|-start|p2a: Rotom-Wash|move: Leech Seed
|
|-damage|p2a: Rotom-Wash|261\/298|[from] Leech Seed|[of] p1a: Ferrothorn
|turn|2
|
|move|p2a: Rotom-Wash|Volt Switch|p1a: Ferrothorn
|-resisted|p1a: Ferrothorn
|-damage|p1a: Ferrothorn|304\/352
|
|switch|p2a: Breloom|Breloom, F|261\/261
|move|p1a: Ferrothorn|Leech Seed|p2a: Breloom
|-immune|p2a: Breloom|[msg]
|
|turn|3
|
|switch|p1a: It'sSoFluffy|Altaria, F|353\/353
|move|p2a: Breloom|Spore|p1a: It'sSoFluffy
|-status|p1a: It'sSoFluffy|slp
|
|turn|4
|
|switch|p1a: Conkeldurr|Conkeldurr, M|387\/387
|switch|p2a: Gardevoir|Gardevoir, M|277\/277
|-ability|p2a: Gardevoir|Guts|[from] ability: Trace|[of] p1a: Conkeldurr
|
|turn|5
|
|detailschange|p2a: Gardevoir|Gardevoir-Mega, M
|-mega|p2a: Gardevoir|Gardevoir|Gardevoirite
|move|p2a: Gardevoir|Hyper Voice|p1a: Conkeldurr
|-supereffective|p1a: Conkeldurr
|-damage|p1a: Conkeldurr|0 fnt
|faint|p1a: Conkeldurr
|
|
|switch|p1a: Greninja|Greninja, F|285\/285
|turn|6
|
|move|p1a: Greninja|Gunk Shot|p2a: Gardevoir
|-start|p1a: Greninja|typechange|Poison|[from] Protean
|-supereffective|p2a: Gardevoir
|-damage|p2a: Gardevoir|0 fnt
|-damage|p1a: Greninja|257\/285|[from] item: Life Orb
|faint|p2a: Gardevoir
|
|c|âI'm a Garchomp|LOL
|c|âI'm a Garchomp|how do you not see that coming
|c|âspec n|i did
|c|âspec n|but the cancel button
|c|âspec n|doesn't work
|c|âI'm a Garchomp|yeah
|c|âI'm a Garchomp|stupid cancel
|
|switch|p2a: Scizor|Scizor, M|344\/344
|turn|7
|
|switch|p1a: Ferrothorn|Ferrothorn, F|304\/352
|move|p2a: Scizor|U-turn|p1a: Ferrothorn
|-damage|p1a: Ferrothorn|214\/352
|-damage|p2a: Scizor|301\/344|[from] ability: Iron Barbs|[of] p1a: Ferrothorn
|
|switch|p2a: Heatran|Heatran, M|386\/386
|
|turn|8
|
|switch|p1a: Empoleon|Empoleon, F|369\/369
|move|p2a: Heatran|Stealth Rock|p1a: Empoleon
|-sidestart|p1: I'm a Garchomp|move: Stealth Rock
|
|turn|9
|
|switch|p2a: Breloom|Breloom, F|261\/261
|move|p1a: Empoleon|Stealth Rock|p2a: Breloom
|-sidestart|p2: spec n|move: Stealth Rock
|
|turn|10
|
|switch|p1a: Ferrothorn|Ferrothorn, F|214\/352
|-damage|p1a: Ferrothorn|192\/352|[from] Stealth Rock
|move|p2a: Breloom|Swords Dance|p2a: Breloom
|-boost|p2a: Breloom|atk|2
|
|turn|11
|
|move|p2a: Breloom|Mach Punch|p1a: Ferrothorn
|-supereffective|p1a: Ferrothorn
|-damage|p1a: Ferrothorn|0 fnt
|-damage|p2a: Breloom|229\/261|[from] ability: Iron Barbs|[of] p1a: Ferrothorn
|-damage|p2a: Breloom|203\/261|[from] item: Life Orb
|faint|p1a: Ferrothorn
|
|
|switch|p1a: Latias|Latias, F|319\/319
|-damage|p1a: Latias|280\/319|[from] Stealth Rock
|turn|12
|
|switch|p2a: Scizor|Scizor, M|301\/344
|-damage|p2a: Scizor|258\/344|[from] Stealth Rock
|move|p1a: Latias|Psyshock|p2a: Scizor
|-resisted|p2a: Scizor
|-damage|p2a: Scizor|187\/344
|-damage|p1a: Latias|249\/319|[from] item: Life Orb
|
|-heal|p2a: Scizor|208\/344|[from] item: Leftovers
|turn|13
|
|switch|p1a: Empoleon|Empoleon, F|369\/369
|-damage|p1a: Empoleon|346\/369|[from] Stealth Rock
|move|p2a: Scizor|U-turn|p1a: Empoleon
|-resisted|p1a: Empoleon
|-damage|p1a: Empoleon|291\/369
|
|switch|p2a: Rotom-Wash|Rotom-Wash|261\/298
|-damage|p2a: Rotom-Wash|224\/298|[from] Stealth Rock
|
|-heal|p2a: Rotom-Wash|242\/298|[from] item: Leftovers
|-heal|p1a: Empoleon|314\/369|[from] item: Leftovers
|turn|14
|
|move|p2a: Rotom-Wash|Volt Switch|p1a: Empoleon
|-supereffective|p1a: Empoleon
|-damage|p1a: Empoleon|96\/369
|
|switch|p2a: Scizor|Scizor, M|208\/344
|-damage|p2a: Scizor|165\/344|[from] Stealth Rock
|move|p1a: Empoleon|Scald|p2a: Scizor
|-damage|p2a: Scizor|0 fnt
|faint|p2a: Scizor
|
|-heal|p1a: Empoleon|119\/369|[from] item: Leftovers
|
|switch|p2a: Rotom-Wash|Rotom-Wash|242\/298
|-damage|p2a: Rotom-Wash|205\/298|[from] Stealth Rock
|turn|15
|
|move|p2a: Rotom-Wash|Volt Switch|p1a: Empoleon
|-supereffective|p1a: Empoleon
|-damage|p1a: Empoleon|0 fnt
|faint|p1a: Empoleon
|
|switch|p2a: Breloom|Breloom, F|203\/261
|-damage|p2a: Breloom|187\/261|[from] Stealth Rock
|
|
|switch|p1a: Latias|Latias, F|249\/319
|-damage|p1a: Latias|210\/319|[from] Stealth Rock
|turn|16
|
|switch|p2a: Heatran|Heatran, M|386\/386
|-damage|p2a: Heatran|338\/386|[from] Stealth Rock
|move|p1a: Latias|Psyshock|p2a: Heatran
|-resisted|p2a: Heatran
|-damage|p2a: Heatran|264\/386
|-damage|p1a: Latias|179\/319|[from] item: Life Orb
|
|-heal|p2a: Heatran|288\/386|[from] item: Leftovers
|turn|17
|
|move|p1a: Latias|Psyshock|p2a: Heatran
|-resisted|p2a: Heatran
|-damage|p2a: Heatran|220\/386
|-damage|p1a: Latias|148\/319|[from] item: Life Orb
|move|p2a: Heatran|Toxic|p1a: Latias
|-status|p1a: Latias|tox
|
|-heal|p2a: Heatran|244\/386|[from] item: Leftovers
|-damage|p1a: Latias|129\/319 tox|[from] psn
|turn|18
|
|move|p1a: Latias|Draco Meteor|p2a: Heatran
|-resisted|p2a: Heatran
|-damage|p2a: Heatran|139\/386
|-unboost|p1a: Latias|spa|2
|-damage|p1a: Latias|98\/319 tox|[from] item: Life Orb
|move|p2a: Heatran|Lava Plume|p1a: Latias
|-resisted|p1a: Latias
|-damage|p1a: Latias|48\/319 tox
|
|-heal|p2a: Heatran|163\/386|[from] item: Leftovers
|-damage|p1a: Latias|10\/319 tox|[from] psn
|turn|19
|
|move|p2a: Heatran|Protect|p2a: Heatran
|-singleturn|p2a: Heatran|Protect
|move|p1a: Latias|Defog|p2a: Heatran
|-activate|p2a: Heatran|Protect
|
|-heal|p2a: Heatran|187\/386|[from] item: Leftovers
|-damage|p1a: Latias|0 fnt|[from] psn
|faint|p1a: Latias
|
|switch|p1a: It'sSoFluffy|Altaria, F|353\/353
|-damage|p1a: It'sSoFluffy|265\/353|[from] Stealth Rock
|turn|20
|
|detailschange|p1a: It'sSoFluffy|Altaria-Mega, F
|-mega|p1a: It'sSoFluffy|Altaria|Altarianite
|move|p1a: It'sSoFluffy|Substitute|p1a: It'sSoFluffy
|-start|p1a: It'sSoFluffy|Substitute
|-damage|p1a: It'sSoFluffy|177\/353
|move|p2a: Heatran|Toxic|p1a: It'sSoFluffy|[miss]
|-miss|p2a: Heatran|p1a: It'sSoFluffy
|
|-heal|p2a: Heatran|211\/386|[from] item: Leftovers
|turn|21
|
|switch|p2a: Slowbro|Slowbro, F|394\/394
|-damage|p2a: Slowbro|345\/394|[from] Stealth Rock
|move|p1a: It'sSoFluffy|Roost|p1a: It'sSoFluffy
|-heal|p1a: It'sSoFluffy|353\/353
|
|-heal|p2a: Slowbro|369\/394|[from] item: Leftovers
|turn|22
|
|move|p1a: It'sSoFluffy|Dragon Dance|p1a: It'sSoFluffy
|-boost|p1a: It'sSoFluffy|atk|1
|-boost|p1a: It'sSoFluffy|spe|1
|move|p2a: Slowbro|Foul Play|p1a: It'sSoFluffy
|-resisted|p1a: It'sSoFluffy
|-activate|p1a: It'sSoFluffy|Substitute|[damage]
|
|-heal|p2a: Slowbro|393\/394|[from] item: Leftovers
|turn|23
|
|move|p1a: It'sSoFluffy|Dragon Dance|p1a: It'sSoFluffy
|-boost|p1a: It'sSoFluffy|atk|1
|-boost|p1a: It'sSoFluffy|spe|1
|move|p2a: Slowbro|Foul Play|p1a: It'sSoFluffy
|-resisted|p1a: It'sSoFluffy
|-end|p1a: It'sSoFluffy|Substitute
|
|-heal|p2a: Slowbro|394\/394|[from] item: Leftovers
|turn|24
|
|move|p1a: It'sSoFluffy|Substitute|p1a: It'sSoFluffy
|-start|p1a: It'sSoFluffy|Substitute
|-damage|p1a: It'sSoFluffy|265\/353
|move|p2a: Slowbro|Foul Play|p1a: It'sSoFluffy
|-resisted|p1a: It'sSoFluffy
|-activate|p1a: It'sSoFluffy|Substitute|[damage]
|
|turn|25
|
|move|p1a: It'sSoFluffy|Dragon Dance|p1a: It'sSoFluffy
|-boost|p1a: It'sSoFluffy|atk|1
|-boost|p1a: It'sSoFluffy|spe|1
|move|p2a: Slowbro|Foul Play|p1a: It'sSoFluffy
|-resisted|p1a: It'sSoFluffy
|-end|p1a: It'sSoFluffy|Substitute
|
|turn|26
|c|âI'm a Garchomp|gg
|c|âI'm a Garchomp|this is the one thing hat can actually hit me behind sub
|c|âI'm a Garchomp|that*
|
|move|p1a: It'sSoFluffy|Return|p2a: Slowbro
|-damage|p2a: Slowbro|85\/394
|move|p2a: Slowbro|Foul Play|p1a: It'sSoFluffy
|-resisted|p1a: It'sSoFluffy
|-damage|p1a: It'sSoFluffy|164\/353
|
|-heal|p2a: Slowbro|109\/394|[from] item: Leftovers
|turn|27
|
|move|p1a: It'sSoFluffy|Return|p2a: Slowbro
|-damage|p2a: Slowbro|0 fnt
|faint|p2a: Slowbro
|
|
|switch|p2a: Breloom|Breloom, F|187\/261
|-damage|p2a: Breloom|171\/261|[from] Stealth Rock
|turn|28
|
|move|p2a: Breloom|Mach Punch|p1a: It'sSoFluffy
|-resisted|p1a: It'sSoFluffy
|-damage|p1a: It'sSoFluffy|93\/353
|-damage|p2a: Breloom|145\/261|[from] item: Life Orb
|move|p1a: It'sSoFluffy|Return|p2a: Breloom
|-supereffective|p2a: Breloom
|-damage|p2a: Breloom|0 fnt
|faint|p2a: Breloom
|
|-message|spec n forfeited.
|leave|spec n
|c|âI'm a Garchomp|hurry up
|
|win|I'm a Garchomp
|raw|Ladder updating...
|player|p2
|raw|I&apos;m a Garchomp's rating: 1451 &rarr; <strong>1472<\/strong><br \/>(+21 for winning)
|raw|spec n's rating: 1463 &rarr; <strong>1443<\/strong><br \/>(-20 for losing)