|join|spec n
|join|T.LZG 64
|player|p1|spec n|92
|player|p2|T.LZG 64|290
|gametype|singles
|gen|6
|tier|OU
|rated
|clearpoke
|poke|p1|Breloom, F
|poke|p1|Slowbro, M
|poke|p1|Heatran, M
|poke|p1|Gardevoir, M
|poke|p1|Rotom-Wash
|poke|p1|Scizor, M
|poke|p2|Bisharp, M
|poke|p2|Landorus-Therian, M
|poke|p2|Terrakion
|poke|p2|Latias, F
|poke|p2|Gyarados, M
|poke|p2|Meloetta
|rule|Swagger Clause: Swagger is banned
|rule|Baton Pass Clause: Limit one PokÃ©mon knowing Baton Pass
|rule|Sleep Clause Mod: Limit one foe put to sleep
|rule|Species Clause: Limit one of each PokÃ©mon
|rule|OHKO Clause: OHKO moves are banned
|rule|Moody Clause: Moody is banned
|rule|Evasion Moves Clause: Evasion moves are banned
|rule|Endless Battle Clause: Forcing endless battles is banned
|rule|HP Percentage Mod: HP is shown in percentages
|teampreview
|
|start
|switch|p1a: Rotom-Wash|Rotom-Wash|298\/298
|switch|p2a: Terrakion|Terrakion|323\/323
|turn|1
|
|move|p2a: Terrakion|Taunt|p1a: Rotom-Wash
|-start|p1a: Rotom-Wash|move: Taunt
|cant|p1a: Rotom-Wash|move: Taunt|Trick
|
|turn|2
|
|move|p2a: Terrakion|Stealth Rock|p1a: Rotom-Wash
|-sidestart|p1: spec n|move: Stealth Rock
|move|p1a: Rotom-Wash|Volt Switch|p2a: Terrakion
|-damage|p2a: Terrakion|203\/323
|
|switch|p1a: Scizor|Scizor, M|344\/344
|-damage|p1a: Scizor|301\/344|[from] Stealth Rock
|
|-heal|p1a: Scizor|322\/344|[from] item: Leftovers
|turn|3
|
|switch|p2a: Gyarados|Gyarados, M|331\/331
|-ability|p2a: Gyarados|Intimidate|[of] p1a: Scizor
|-unboost|p1a: Scizor|atk|1
|move|p1a: Scizor|Defog|p2a: Gyarados
|-unboost|p2a: Gyarados|evasion|1
|-sideend|p1: spec n|Stealth Rock|[from] move: Defog|[of] p1a: Scizor
|
|-heal|p1a: Scizor|343\/344|[from] item: Leftovers
|turn|4
|
|move|p2a: Gyarados|Waterfall|p1a: Scizor
|-damage|p1a: Scizor|202\/344
|cant|p1a: Scizor|flinch
|
|-heal|p1a: Scizor|223\/344|[from] item: Leftovers
|turn|5
|
|switch|p1a: Rotom-Wash|Rotom-Wash|298\/298
|move|p2a: Gyarados|Waterfall|p1a: Rotom-Wash
|-resisted|p1a: Rotom-Wash
|-damage|p1a: Rotom-Wash|229\/298
|
|turn|6
|
|detailschange|p2a: Gyarados|Gyarados-Mega, M
|-mega|p2a: Gyarados|Gyarados|Gyaradosite
|-ability|p2a: Gyarados|Mold Breaker
|move|p1a: Rotom-Wash|Volt Switch|p2a: Gyarados
|-supereffective|p2a: Gyarados
|-damage|p2a: Gyarados|137\/331
|
|switch|p1a: Breloom|Breloom, F|261\/261
|move|p2a: Gyarados|Earthquake|p1a: Breloom
|-crit|p1a: Breloom
|-resisted|p1a: Breloom
|-damage|p1a: Breloom|146\/261
|
|turn|7
|
|switch|p2a: Landorus-Therian|Landorus-Therian, M|319\/319
|-ability|p2a: Landorus-Therian|Intimidate|[of] p1a: Breloom
|-unboost|p1a: Breloom|atk|1
|move|p1a: Breloom|Spore|p2a: Landorus-Therian
|-status|p2a: Landorus-Therian|slp
|
|turn|8
|
|cant|p2a: Landorus-Therian|slp
|move|p1a: Breloom|Swords Dance|p1a: Breloom
|-boost|p1a: Breloom|atk|2
|
|turn|9
|
|-curestatus|p2a: Landorus-Therian|slp
|move|p2a: Landorus-Therian|Earthquake|p1a: Breloom
|-resisted|p1a: Breloom
|-damage|p1a: Breloom|23\/261
|move|p1a: Breloom|Bullet Seed|p2a: Landorus-Therian
|-damage|p2a: Landorus-Therian|150\/319
|-damage|p2a: Landorus-Therian|8\/319
|-damage|p2a: Landorus-Therian|0 fnt
|-hitcount|p2a: Landorus-Therian|3
|-damage|p1a: Breloom|0 fnt|[from] item: Life Orb
|faint|p2a: Landorus-Therian
|faint|p1a: Breloom
|
|
|switch|p2a: Terrakion|Terrakion|203\/323
|switch|p1a: Gardevoir|Gardevoir, M|277\/277
|-ability|p1a: Gardevoir|Justified|[from] ability: Trace|[of] p2a: Terrakion
|turn|10
|
|detailschange|p1a: Gardevoir|Gardevoir-Mega, M
|-mega|p1a: Gardevoir|Gardevoir|Gardevoirite
|move|p2a: Terrakion|Stone Edge|p1a: Gardevoir
|-damage|p1a: Gardevoir|43\/277
|move|p1a: Gardevoir|Hyper Voice|p2a: Terrakion
|-supereffective|p2a: Terrakion
|-damage|p2a: Terrakion|0 fnt
|faint|p2a: Terrakion
|
|
|switch|p2a: Bisharp|Bisharp, M|272\/272
|turn|11
|
|move|p2a: Bisharp|Pursuit|p1a: Gardevoir|[from]Pursuit
|-damage|p1a: Gardevoir|0 fnt
|faint|p1a: Gardevoir
|
|
|switch|p1a: Heatran|Heatran, M|386\/386
|turn|12
|
|switch|p2a: Gyarados|Gyarados-Mega, M|137\/331
|-ability|p2a: Gyarados|Mold Breaker
|move|p1a: Heatran|Lava Plume|p2a: Gyarados
|-resisted|p2a: Gyarados
|-damage|p2a: Gyarados|88\/331
|
|turn|13
|
|switch|p1a: Slowbro|Slowbro, M|394\/394
|move|p2a: Gyarados|Dragon Dance|p2a: Gyarados
|-boost|p2a: Gyarados|atk|1
|-boost|p2a: Gyarados|spe|1
|
|turn|14
|
|move|p2a: Gyarados|Crunch|p1a: Slowbro
|-supereffective|p1a: Slowbro
|-damage|p1a: Slowbro|44\/394
|move|p1a: Slowbro|Foul Play|p2a: Gyarados
|-crit|p2a: Gyarados
|-resisted|p2a: Gyarados
|-damage|p2a: Gyarados|0 fnt
|faint|p2a: Gyarados
|
|-heal|p1a: Slowbro|68\/394|[from] item: Leftovers
|
|switch|p2a: Bisharp|Bisharp, M|272\/272
|turn|15
|
|move|p2a: Bisharp|Pursuit|p1a: Slowbro
|-supereffective|p1a: Slowbro
|-damage|p1a: Slowbro|0 fnt
|faint|p1a: Slowbro
|
|
|switch|p1a: Heatran|Heatran, M|386\/386
|turn|16
|
|switch|p2a: Meloetta|Meloetta|341\/341
|move|p1a: Heatran|Lava Plume|p2a: Meloetta
|-damage|p2a: Meloetta|230\/341
|
|turn|17
|
|move|p2a: Meloetta|Relic Song|p1a: Heatran
|-resisted|p1a: Heatran
|-damage|p1a: Heatran|331\/386
|-status|p1a: Heatran|slp
|-damage|p2a: Meloetta|196\/341|[from] item: Life Orb
|-formechange|p2a: Meloetta|Meloetta-Pirouette|[msg]
|cant|p1a: Heatran|slp
|
|-heal|p1a: Heatran|355\/386 slp|[from] item: Leftovers
|turn|18
|
|switch|p1a: Scizor|Scizor, M|223\/344
|move|p2a: Meloetta|Close Combat|p1a: Scizor
|-damage|p1a: Scizor|0 fnt
|-unboost|p2a: Meloetta|def|1
|-unboost|p2a: Meloetta|spd|1
|-damage|p2a: Meloetta|162\/341|[from] item: Life Orb
|faint|p1a: Scizor
|
|
|switch|p1a: Rotom-Wash|Rotom-Wash|229\/298
|turn|19
|
|move|p2a: Meloetta|Close Combat|p1a: Rotom-Wash
|-damage|p1a: Rotom-Wash|0 fnt
|-unboost|p2a: Meloetta|def|1
|-unboost|p2a: Meloetta|spd|1
|-damage|p2a: Meloetta|128\/341|[from] item: Life Orb
|faint|p1a: Rotom-Wash
|
|-message|spec n forfeited.
|leave|spec n
|
|win|T.LZG 64
|raw|Ladder updating...
|player|p1
|raw|spec n's rating: 1438 &rarr; <strong>1414<\/strong><br \/>(-24 for losing)
|raw|T.LZG 64's rating: 1373 &rarr; <strong>1397<\/strong><br \/>(+24 for winning)