|join|Apausha
|join|spec n
|join|Big the Hedgehog
|player|p1|Apausha|104
|player|p2|spec n|126
|gametype|singles
|gen|6
|tier|OU
|clearpoke
|poke|p1|Metagross
|poke|p1|Latias, F
|poke|p1|Rotom-Wash
|poke|p1|Breloom, M
|poke|p1|Landorus-Therian, M
|poke|p1|Heatran, M
|poke|p2|Breloom, F
|poke|p2|Slowbro, F
|poke|p2|Heatran, F
|poke|p2|Gardevoir, F
|poke|p2|Rotom-Wash
|poke|p2|Scizor, F
|rule|Swagger Clause: Swagger is banned
|rule|Baton Pass Clause: Limit one PokÃ©mon knowing Baton Pass
|rule|Sleep Clause Mod: Limit one foe put to sleep
|rule|Species Clause: Limit one of each PokÃ©mon
|rule|OHKO Clause: OHKO moves are banned
|rule|Moody Clause: Moody is banned
|rule|Evasion Moves Clause: Evasion moves are banned
|rule|Endless Battle Clause: Forcing endless battles is banned
|rule|HP Percentage Mod: HP is shown in percentages
|teampreview
|c|âApausha|gl^^
|c|âspec n|gl
|
|start
|switch|p1a: Heatran|Heatran, M|385\/385
|switch|p2a: Rotom-Wash|Rotom-Wash|298\/298
|turn|1
|
|move|p2a: Rotom-Wash|Trick|p1a: Heatran
|-activate|p2a: Rotom-Wash|move: Trick|[of] p1a: Heatran
|-item|p1a: Heatran|Choice Scarf|[from] move: Trick
|-item|p2a: Rotom-Wash|Leftovers|[from] move: Trick
|move|p1a: Heatran|Stealth Rock|p2a: Rotom-Wash
|-sidestart|p2: spec n|move: Stealth Rock
|
|turn|2
|
|switch|p1a: Rotom-Wash|Rotom-Wash|303\/303
|move|p2a: Rotom-Wash|Will-O-Wisp|p1a: Rotom-Wash
|-status|p1a: Rotom-Wash|brn
|
|-damage|p1a: Rotom-Wash|266\/303 brn|[from] brn
|turn|3
|join|Bhyder
|
|move|p2a: Rotom-Wash|Volt Switch|p1a: Rotom-Wash
|-damage|p1a: Rotom-Wash|155\/303 brn
|
|switch|p2a: Heatran|Heatran, F|386\/386
|-damage|p2a: Heatran|338\/386|[from] Stealth Rock
|move|p1a: Rotom-Wash|Hydro Pump|p2a: Heatran
|-supereffective|p2a: Heatran
|-damage|p2a: Heatran|122\/386
|
|-heal|p1a: Rotom-Wash|173\/303 brn|[from] item: Leftovers
|-heal|p2a: Heatran|146\/386|[from] item: Leftovers
|-damage|p1a: Rotom-Wash|136\/303 brn|[from] brn
|turn|4
|join|LoreDpds97
|
|switch|p1a: Landorus-Therian|Landorus-Therian, M|319\/319
|-ability|p1a: Landorus-Therian|Intimidate|[of] p2a: Heatran
|-unboost|p2a: Heatran|atk|1
|move|p2a: Heatran|Protect|p2a: Heatran
|-fail|p2a: Heatran
|
|-heal|p2a: Heatran|170\/386|[from] item: Leftovers
|turn|5
|
|move|p2a: Heatran|Protect|p2a: Heatran
|-singleturn|p2a: Heatran|Protect
|move|p1a: Landorus-Therian|Knock Off|p2a: Heatran
|-activate|p2a: Heatran|Protect
|
|-heal|p2a: Heatran|194\/386|[from] item: Leftovers
|turn|6
|
|switch|p1a: Rotom-Wash|Rotom-Wash|136\/303 brn
|switch|p2a: Rotom-Wash|Rotom-Wash|298\/298
|-damage|p2a: Rotom-Wash|261\/298|[from] Stealth Rock
|
|-heal|p2a: Rotom-Wash|279\/298|[from] item: Leftovers
|-heal|p1a: Rotom-Wash|154\/303 brn|[from] item: Leftovers
|-damage|p1a: Rotom-Wash|117\/303 brn|[from] brn
|turn|7
|
|move|p2a: Rotom-Wash|Hydro Pump|p1a: Rotom-Wash
|-resisted|p1a: Rotom-Wash
|-damage|p1a: Rotom-Wash|34\/303 brn
|move|p1a: Rotom-Wash|Pain Split|p2a: Rotom-Wash
|-sethp|p2a: Rotom-Wash|156\/298|p1a: Rotom-Wash|156\/303 brn|[from] move: Pain Split
|
|-heal|p2a: Rotom-Wash|174\/298|[from] item: Leftovers
|-heal|p1a: Rotom-Wash|174\/303 brn|[from] item: Leftovers
|-damage|p1a: Rotom-Wash|137\/303 brn|[from] brn
|turn|8
|
|move|p2a: Rotom-Wash|Hydro Pump|p1a: Rotom-Wash
|-resisted|p1a: Rotom-Wash
|-damage|p1a: Rotom-Wash|47\/303 brn
|move|p1a: Rotom-Wash|Volt Switch|p2a: Rotom-Wash
|-damage|p2a: Rotom-Wash|98\/298
|
|switch|p1a: Latias|Latias, F|319\/319
|
|-heal|p2a: Rotom-Wash|116\/298|[from] item: Leftovers
|turn|9
|
|switch|p1a: Rotom-Wash|Rotom-Wash|47\/303 brn
|move|p2a: Rotom-Wash|Volt Switch|p1a: Rotom-Wash
|-damage|p1a: Rotom-Wash|0 fnt
|faint|p1a: Rotom-Wash
|
|switch|p2a: Scizor|Scizor, F|344\/344
|-damage|p2a: Scizor|301\/344|[from] Stealth Rock
|
|-heal|p2a: Scizor|322\/344|[from] item: Leftovers
|
|switch|p1a: Heatran|Heatran, M|385\/385
|turn|10
|join|furetto
|
|switch|p1a: Breloom|Breloom, M|262\/262
|switch|p2a: Rotom-Wash|Rotom-Wash|116\/298
|-damage|p2a: Rotom-Wash|79\/298|[from] Stealth Rock
|
|-heal|p2a: Rotom-Wash|97\/298|[from] item: Leftovers
|turn|11
|
|move|p1a: Breloom|Bullet Seed|p2a: Rotom-Wash
|-supereffective|p2a: Rotom-Wash
|-damage|p2a: Rotom-Wash|0 fnt
|-hitcount|p2a: Rotom-Wash|1
|faint|p2a: Rotom-Wash
|
|
|switch|p2a: Breloom|Breloom, F|261\/261
|-damage|p2a: Breloom|245\/261|[from] Stealth Rock
|turn|12
|
|move|p1a: Breloom|Mach Punch|p2a: Breloom
|-damage|p2a: Breloom|115\/261
|move|p2a: Breloom|Bullet Seed|p1a: Breloom
|-resisted|p1a: Breloom
|-damage|p1a: Breloom|210\/262
|-resisted|p1a: Breloom
|-damage|p1a: Breloom|158\/262
|-hitcount|p1a: Breloom|2
|-damage|p2a: Breloom|89\/261|[from] item: Life Orb
|
|turn|13
|
|move|p1a: Breloom|Bullet Seed|p2a: Breloom
|-resisted|p2a: Breloom
|-damage|p2a: Breloom|47\/261
|-resisted|p2a: Breloom
|-damage|p2a: Breloom|8\/261
|-resisted|p2a: Breloom
|-damage|p2a: Breloom|0 fnt
|-hitcount|p2a: Breloom|3
|faint|p2a: Breloom
|
|leave|LoreDpds97
|
|switch|p2a: Gardevoir|Gardevoir, F|277\/277
|-damage|p2a: Gardevoir|243\/277|[from] Stealth Rock
|-ability|p2a: Gardevoir|Technician|[from] ability: Trace|[of] p1a: Breloom
|turn|14
|
|switch|p1a: Landorus-Therian|Landorus-Therian, M|319\/319
|-ability|p1a: Landorus-Therian|Intimidate|[of] p2a: Gardevoir
|-unboost|p2a: Gardevoir|atk|1
|detailschange|p2a: Gardevoir|Gardevoir-Mega, F
|-mega|p2a: Gardevoir|Gardevoir|Gardevoirite
|move|p2a: Gardevoir|Focus Blast|p1a: Landorus-Therian
|-resisted|p1a: Landorus-Therian
|-damage|p1a: Landorus-Therian|211\/319
|
|turn|15
|
|switch|p2a: Slowbro|Slowbro, F|394\/394
|-damage|p2a: Slowbro|345\/394|[from] Stealth Rock
|move|p1a: Landorus-Therian|U-turn|p2a: Slowbro
|-supereffective|p2a: Slowbro
|-damage|p2a: Slowbro|221\/394
|
|switch|p1a: Breloom|Breloom, M|158\/262
|
|-heal|p2a: Slowbro|245\/394|[from] item: Leftovers
|turn|16
|
|move|p1a: Breloom|Spore|p2a: Slowbro
|-status|p2a: Slowbro|slp
|cant|p2a: Slowbro|slp
|
|-heal|p2a: Slowbro|269\/394 slp|[from] item: Leftovers
|turn|17
|
|switch|p1a: Metagross|Metagross|301\/301
|switch|p2a: Scizor|Scizor, F|322\/344
|-damage|p2a: Scizor|279\/344|[from] Stealth Rock
|
|-heal|p2a: Scizor|300\/344|[from] item: Leftovers
|turn|18
|
|switch|p1a: Heatran|Heatran, M|385\/385
|move|p2a: Scizor|Defog|p1a: Heatran
|-unboost|p1a: Heatran|evasion|1
|-sideend|p2: spec n|Stealth Rock|[from] move: Defog|[of] p2a: Scizor
|
|-heal|p2a: Scizor|321\/344|[from] item: Leftovers
|turn|19
|
|switch|p1a: Landorus-Therian|Landorus-Therian, M|211\/319
|-ability|p1a: Landorus-Therian|Intimidate|[of] p2a: Scizor
|-unboost|p2a: Scizor|atk|1
|switch|p2a: Heatran|Heatran, F|194\/386
|
|-heal|p2a: Heatran|218\/386|[from] item: Leftovers
|turn|20
|
|move|p1a: Landorus-Therian|Earthquake|p2a: Heatran
|-supereffective|p2a: Heatran
|-damage|p2a: Heatran|0 fnt
|faint|p2a: Heatran
|
|
|switch|p2a: Scizor|Scizor, F|321\/344
|turn|21
|
|move|p1a: Landorus-Therian|Earthquake|p2a: Scizor
|-damage|p2a: Scizor|129\/344
|move|p2a: Scizor|Knock Off|p1a: Landorus-Therian
|-damage|p1a: Landorus-Therian|73\/319
|-enditem|p1a: Landorus-Therian|Choice Scarf|[from] move: Knock Off|[of] p2a: Scizor
|
|-heal|p2a: Scizor|150\/344|[from] item: Leftovers
|turn|22
|
|move|p2a: Scizor|Bullet Punch|p1a: Landorus-Therian
|-damage|p1a: Landorus-Therian|0 fnt
|faint|p1a: Landorus-Therian
|
|-heal|p2a: Scizor|171\/344|[from] item: Leftovers
|leave|Big the Hedgehog
|
|switch|p1a: Metagross|Metagross|301\/301
|turn|23
|
|switch|p2a: Slowbro|Slowbro, F|394\/394 slp
|detailschange|p1a: Metagross|Metagross-Mega
|-mega|p1a: Metagross|Metagross|Metagrossite
|move|p1a: Metagross|Earthquake|p2a: Slowbro
|-damage|p2a: Slowbro|305\/394 slp
|
|-heal|p2a: Slowbro|329\/394 slp|[from] item: Leftovers
|turn|24
|join|Barge7799
|
|switch|p1a: Latias|Latias, F|319\/319
|switch|p2a: Gardevoir|Gardevoir-Mega, F|243\/277
|
|turn|25
|
|move|p1a: Latias|Healing Wish|p1a: Latias
|faint|p1a: Latias
|move|p2a: Gardevoir|Hyper Voice|p1: Latias|[notarget]
|-notarget
|
|
|switch|p1a: Breloom|Breloom, M|158\/262
|-heal|p1a: Breloom|262\/262|[from] move: Healing Wish
|turn|26
|
|switch|p1a: Heatran|Heatran, M|385\/385
|move|p2a: Gardevoir|Hyper Voice|p1a: Heatran
|-resisted|p1a: Heatran
|-damage|p1a: Heatran|340\/385
|
|turn|27
|join|Based God DARKALE
|leave|Based God DARKALE
|join|Based God DARKALE
|leave|Based God DARKALE
|
|move|p2a: Gardevoir|Focus Blast|p1a: Heatran
|-supereffective|p1a: Heatran
|-damage|p1a: Heatran|118\/385
|move|p1a: Heatran|Lava Plume|p2a: Gardevoir
|-damage|p2a: Gardevoir|159\/277
|
|turn|28
|c|âspec n|che persona indecisa darkale
|c| Barge7799|ma Ã¨ lui?
|c|âspec n|penso di si
|c| Barge7799|mi sembra strano
|c|âspec n|perchÃ¨?
|c|âspec n|scemo Ã¨ scemo
|c| Barge7799|ah no Ã¨ proprio lui
|c|âspec n|quindi
|
|move|p2a: Gardevoir|Focus Blast|p1a: Heatran|[miss]
|-miss|p2a: Gardevoir|p1a: Heatran
|move|p1a: Heatran|Lava Plume|p2a: Gardevoir
|-damage|p2a: Gardevoir|75\/277
|
|turn|29
|c| Barge7799|seems legit
|c|âspec n|ma questo era previsto
|
|switch|p1a: Metagross|Metagross-Mega|301\/301
|move|p2a: Gardevoir|Focus Blast|p1a: Metagross|[miss]
|-miss|p2a: Gardevoir|p1a: Metagross
|
|turn|30
|c|âspec n|tanto attiva il second
|c|âspec n|eccolo
|c| Barge7799|lel
|
|switch|p1a: Breloom|Breloom, M|262\/262
|switch|p2a: Slowbro|Slowbro, F|394\/394 slp
|
|turn|31
|
|switch|p2a: Scizor|Scizor, F|171\/344
|move|p1a: Breloom|Bullet Seed|p2a: Scizor
|-resisted|p2a: Scizor
|-damage|p2a: Scizor|153\/344
|-resisted|p2a: Scizor
|-damage|p2a: Scizor|136\/344
|-crit|p2a: Scizor
|-resisted|p2a: Scizor
|-damage|p2a: Scizor|111\/344
|-hitcount|p2a: Scizor|3
|
|-heal|p2a: Scizor|132\/344|[from] item: Leftovers
|turn|32
|
|move|p1a: Breloom|Mach Punch|p2a: Scizor
|-damage|p2a: Scizor|24\/344
|move|p2a: Scizor|U-turn|p1a: Breloom
|-damage|p1a: Breloom|88\/262
|
|switch|p2a: Gardevoir|Gardevoir-Mega, F|75\/277
|
|turn|33
|
|switch|p1a: Heatran|Heatran, M|118\/385
|move|p2a: Gardevoir|Focus Blast|p1a: Heatran
|-supereffective|p1a: Heatran
|-damage|p1a: Heatran|0 fnt
|faint|p1a: Heatran
|
|
|switch|p1a: Metagross|Metagross-Mega|301\/301
|turn|34
|
|switch|p2a: Scizor|Scizor, F|24\/344
|move|p1a: Metagross|Zen Headbutt|p2a: Scizor
|-resisted|p2a: Scizor
|-damage|p2a: Scizor|0 fnt
|faint|p2a: Scizor
|
|
|switch|p2a: Slowbro|Slowbro, F|394\/394 slp
|turn|35
|
|move|p1a: Metagross|Zen Headbutt|p2a: Slowbro
|-resisted|p2a: Slowbro
|-damage|p2a: Slowbro|322\/394 slp
|cant|p2a: Slowbro|slp
|
|-heal|p2a: Slowbro|346\/394 slp|[from] item: Leftovers
|turn|36
|
|switch|p2a: Gardevoir|Gardevoir-Mega, F|75\/277
|move|p1a: Metagross|Zen Headbutt|p2a: Gardevoir
|-resisted|p2a: Gardevoir
|-damage|p2a: Gardevoir|0 fnt
|faint|p2a: Gardevoir
|
|
|switch|p2a: Slowbro|Slowbro, F|394\/394 slp
|turn|37
|
|move|p1a: Metagross|Zen Headbutt|p2a: Slowbro
|-resisted|p2a: Slowbro
|-damage|p2a: Slowbro|326\/394 slp
|cant|p2a: Slowbro|slp
|
|-heal|p2a: Slowbro|350\/394 slp|[from] item: Leftovers
|turn|38
|
|move|p1a: Metagross|Zen Headbutt|p2a: Slowbro
|-resisted|p2a: Slowbro
|-damage|p2a: Slowbro|277\/394 slp
|-curestatus|p2a: Slowbro|slp
|move|p2a: Slowbro|Scald|p1a: Metagross
|-damage|p1a: Metagross|210\/301
|-status|p1a: Metagross|brn
|
|-heal|p2a: Slowbro|301\/394|[from] item: Leftovers
|-damage|p1a: Metagross|173\/301 brn|[from] brn
|turn|39
|c| Barge7799|ma meteor mash?
|c|âApausha|non ho preso
|
|move|p1a: Metagross|Zen Headbutt|p2a: Slowbro
|-resisted|p2a: Slowbro
|-damage|p2a: Slowbro|267\/394
|move|p2a: Slowbro|Slack Off|p2a: Slowbro
|-heal|p2a: Slowbro|394\/394
|
|-damage|p1a: Metagross|136\/301 brn|[from] brn
|turn|40
|c|âApausha|earthquake,ice punch,zen,bb
|c|âApausha|*bp
|
|move|p1a: Metagross|Zen Headbutt|p2a: Slowbro
|-resisted|p2a: Slowbro
|-damage|p2a: Slowbro|359\/394
|move|p2a: Slowbro|Scald|p1a: Metagross
|-damage|p1a: Metagross|48\/301 brn
|
|-heal|p2a: Slowbro|383\/394|[from] item: Leftovers
|-damage|p1a: Metagross|11\/301 brn|[from] brn
|turn|41
|c|âApausha|non posso vincere ; ;
|c| Barge7799|mh
|
|move|p1a: Metagross|Zen Headbutt|p2a: Slowbro
|-resisted|p2a: Slowbro
|-damage|p2a: Slowbro|349\/394
|move|p2a: Slowbro|Slack Off|p2a: Slowbro
|-heal|p2a: Slowbro|394\/394
|
|-damage|p1a: Metagross|0 fnt|[from] brn
|faint|p1a: Metagross
|c|âspec n|pls
|c|âspec n|fai poco il simpa
|
|switch|p1a: Breloom|Breloom, M|88\/262
|turn|42
|join|LoreDpds97
|c| Barge7799|252 Atk Technician Breloom Bullet Seed (3 hits) vs. 252 HP \/ 252+ Def Slowbro: 252-294 (63.9 - 74.6%) -- guaranteed 2HKO
|
|move|p1a: Breloom|Spore|p2a: Slowbro
|-status|p2a: Slowbro|slp
|cant|p2a: Slowbro|slp
|
|turn|43
|c|âspec n|che dopo avermi pure scoutato il team ci manca anche quello
|c|âApausha|spero..
|
|move|p1a: Breloom|Bullet Seed|p2a: Slowbro
|-supereffective|p2a: Slowbro
|-damage|p2a: Slowbro|308\/394 slp
|-supereffective|p2a: Slowbro
|-damage|p2a: Slowbro|224\/394 slp
|-supereffective|p2a: Slowbro
|-damage|p2a: Slowbro|128\/394 slp
|-supereffective|p2a: Slowbro
|-damage|p2a: Slowbro|36\/394 slp
|-hitcount|p2a: Slowbro|4
|cant|p2a: Slowbro|slp
|
|-heal|p2a: Slowbro|60\/394 slp|[from] item: Leftovers
|turn|44
|c| Barge7799|ora missa
|
|move|p1a: Breloom|Bullet Seed|p2a: Slowbro
|-supereffective|p2a: Slowbro
|-damage|p2a: Slowbro|0 fnt
|-hitcount|p2a: Slowbro|1
|faint|p2a: Slowbro
|
|win|Apausha
|c|âApausha|ahhhhhhh ;w;
|c| Barge7799|il bs
|c|âApausha|gg
|c| Barge7799|no eh
|leave|spec n