|join|spec n
|join|Dodoria
|player|p1|spec n|126
|player|p2|Dodoria|224
|gametype|singles
|gen|6
|tier|OU
|rated
|clearpoke
|poke|p1|Breloom, M
|poke|p1|Slowbro, F
|poke|p1|Heatran, F
|poke|p1|Gardevoir, M
|poke|p1|Rotom-Wash
|poke|p1|Scizor, M
|poke|p2|Venusaur, F
|poke|p2|Charizard, F
|poke|p2|Starmie
|poke|p2|Heatran, M
|poke|p2|Wobbuffet, M
|poke|p2|Hippowdon, F
|rule|Swagger Clause: Swagger is banned
|rule|Baton Pass Clause: Limit one PokÃ©mon knowing Baton Pass
|rule|Sleep Clause Mod: Limit one foe put to sleep
|rule|Species Clause: Limit one of each PokÃ©mon
|rule|OHKO Clause: OHKO moves are banned
|rule|Moody Clause: Moody is banned
|rule|Evasion Moves Clause: Evasion moves are banned
|rule|Endless Battle Clause: Forcing endless battles is banned
|rule|HP Percentage Mod: HP is shown in percentages
|teampreview
|join|Bigfilip 92
|
|start
|switch|p1a: Rotom-Wash|Rotom-Wash|298\/298
|switch|p2a: Venusaur|Venusaur, F|319\/319
|turn|1
|c| Bigfilip 92|stall fatto un po alla cazzo
|c|âspec n|giÃ 
|
|move|p1a: Rotom-Wash|Volt Switch|p2a: Venusaur
|-resisted|p2a: Venusaur
|-damage|p2a: Venusaur|256\/319
|
|switch|p1a: Breloom|Breloom, M|261\/261
|move|p2a: Venusaur|Giga Drain|p1a: Breloom
|-resisted|p1a: Breloom
|-damage|p1a: Breloom|145\/261
|-heal|p2a: Venusaur|314\/319|[from] drain|[of] p1a: Breloom
|-damage|p2a: Venusaur|283\/319|[from] item: Life Orb
|
|turn|2
|c| Bigfilip 92|per me usa clorophyll venusuaru
|c| Bigfilip 92|chary y
|c|âspec n|bhe si
|
|switch|p2a: Charizard|Charizard, F|297\/297
|switch|p1a: Heatran|Heatran, F|386\/386
|
|turn|3
|
|detailschange|p2a: Charizard|Charizard-Mega-Y, F
|-mega|p2a: Charizard|Charizard|Charizardite Y
|-weather|SunnyDay
|move|p2a: Charizard|Earthquake|p1a: Heatran
|-supereffective|p1a: Heatran
|-damage|p1a: Heatran|0 fnt
|faint|p1a: Heatran
|
|-weather|SunnyDay|[upkeep]
|c|âspec n|ma che rottura di coglioni
|
|switch|p1a: Rotom-Wash|Rotom-Wash|298\/298
|turn|4
|
|switch|p2a: Hippowdon|Hippowdon, F|420\/420
|move|p1a: Rotom-Wash|Volt Switch|p2a: Hippowdon
|-immune|p2a: Hippowdon|[msg]
|
|-weather|SunnyDay|[upkeep]
|turn|5
|
|switch|p1a: Scizor|Scizor, M|344\/344
|move|p2a: Hippowdon|Stealth Rock|p1a: Scizor
|-sidestart|p1: spec n|move: Stealth Rock
|
|-weather|SunnyDay|[upkeep]
|turn|6
|
|switch|p2a: Charizard|Charizard-Mega-Y, F|297\/297
|move|p1a: Scizor|U-turn|p2a: Charizard
|-resisted|p2a: Charizard
|-damage|p2a: Charizard|249\/297
|
|switch|p1a: Rotom-Wash|Rotom-Wash|298\/298
|-damage|p1a: Rotom-Wash|261\/298|[from] Stealth Rock
|
|-weather|SunnyDay|[upkeep]
|turn|7
|
|move|p1a: Rotom-Wash|Volt Switch|p2a: Charizard
|-supereffective|p2a: Charizard
|-damage|p2a: Charizard|49\/297
|
|switch|p1a: Scizor|Scizor, M|344\/344
|-damage|p1a: Scizor|301\/344|[from] Stealth Rock
|move|p2a: Charizard|Solar Beam|p1a: Scizor|[still]
|-prepare|p2a: Charizard|Solar Beam|p1a: Scizor
|-anim|p2a: Charizard|Solar Beam|p1a: Scizor
|-resisted|p1a: Scizor
|-damage|p1a: Scizor|256\/344
|
|-weather|none
|-heal|p1a: Scizor|277\/344|[from] item: Leftovers
|turn|8
|
|move|p1a: Scizor|Bullet Punch|p2a: Charizard
|-crit|p2a: Charizard
|-resisted|p2a: Charizard
|-damage|p2a: Charizard|0 fnt
|faint|p2a: Charizard
|
|-heal|p1a: Scizor|298\/344|[from] item: Leftovers
|
|switch|p2a: Heatran|Heatran, M|323\/323
|-item|p2a: Heatran|Air Balloon
|turn|9
|c|âspec n|the crit didn't matter
|
|switch|p1a: Rotom-Wash|Rotom-Wash|261\/298
|-damage|p1a: Rotom-Wash|224\/298|[from] Stealth Rock
|move|p2a: Heatran|Sunny Day|p2a: Heatran
|-weather|SunnyDay
|
|-weather|SunnyDay|[upkeep]
|turn|10
|
|move|p1a: Rotom-Wash|Volt Switch|p2a: Heatran
|-damage|p2a: Heatran|221\/323
|-enditem|p2a: Heatran|Air Balloon
|
|switch|p1a: Slowbro|Slowbro, F|394\/394
|-damage|p1a: Slowbro|345\/394|[from] Stealth Rock
|move|p2a: Heatran|Magma Storm|p1a: Slowbro
|-resisted|p1a: Slowbro
|-damage|p1a: Slowbro|179\/394
|-activate|p1a: Slowbro|move: Magma Storm|[of] p2a: Heatran
|
|-weather|SunnyDay|[upkeep]
|-heal|p1a: Slowbro|203\/394|[from] item: Leftovers
|-damage|p1a: Slowbro|154\/394|[from] move: Magma Storm|[partiallytrapped]
|turn|11
|
|move|p2a: Heatran|Solar Beam|p1a: Slowbro|[still]
|-prepare|p2a: Heatran|Solar Beam|p1a: Slowbro
|-anim|p2a: Heatran|Solar Beam|p1a: Slowbro
|-supereffective|p1a: Slowbro
|-damage|p1a: Slowbro|0 fnt
|faint|p1a: Slowbro
|
|-weather|SunnyDay|[upkeep]
|c|âspec n|ma che team del cazzo
|
|switch|p1a: Gardevoir|Gardevoir, M|277\/277
|-damage|p1a: Gardevoir|243\/277|[from] Stealth Rock
|-ability|p1a: Gardevoir|Flash Fire|[from] ability: Trace|[of] p2a: Heatran
|turn|12
|
|switch|p2a: Starmie|Starmie|324\/324
|detailschange|p1a: Gardevoir|Gardevoir-Mega, M
|-mega|p1a: Gardevoir|Gardevoir|Gardevoirite
|move|p1a: Gardevoir|Focus Blast|p2a: Starmie
|-resisted|p2a: Starmie
|-damage|p2a: Starmie|223\/324
|
|-weather|SunnyDay|[upkeep]
|-heal|p2a: Starmie|243\/324|[from] item: Leftovers
|turn|13
|
|move|p2a: Starmie|Scald|p1a: Gardevoir
|-damage|p1a: Gardevoir|203\/277
|move|p1a: Gardevoir|Hyper Voice|p2a: Starmie
|-damage|p2a: Starmie|0 fnt
|faint|p2a: Starmie
|
|-weather|none
|
|switch|p2a: Wobbuffet|Wobbuffet, M|534\/534
|turn|14
|
|move|p1a: Gardevoir|Thunderbolt|p2a: Wobbuffet
|-damage|p2a: Wobbuffet|382\/534
|move|p2a: Wobbuffet|Mirror Coat|p1a: Gardevoir
|-damage|p1a: Gardevoir|0 fnt
|faint|p1a: Gardevoir
|
|-heal|p2a: Wobbuffet|415\/534|[from] item: Leftovers
|
|switch|p1a: Scizor|Scizor, M|298\/344
|-damage|p1a: Scizor|255\/344|[from] Stealth Rock
|turn|15
|c|âspec n|giusto sto schifo ci mancava
|
|move|p1a: Scizor|U-turn|p2a: Wobbuffet
|-supereffective|p2a: Wobbuffet
|-damage|p2a: Wobbuffet|155\/534
|
|switch|p1a: Rotom-Wash|Rotom-Wash|224\/298
|-damage|p1a: Rotom-Wash|187\/298|[from] Stealth Rock
|move|p2a: Wobbuffet|Encore|p1a: Rotom-Wash
|-fail|p1a: Rotom-Wash
|
|-heal|p2a: Wobbuffet|188\/534|[from] item: Leftovers
|turn|16
|
|move|p1a: Rotom-Wash|Trick|p2a: Wobbuffet
|-activate|p1a: Rotom-Wash|move: Trick|[of] p2a: Wobbuffet
|-item|p2a: Wobbuffet|Choice Scarf|[from] move: Trick
|-item|p1a: Rotom-Wash|Leftovers|[from] move: Trick
|move|p2a: Wobbuffet|Mirror Coat|p1a: Rotom-Wash
|-fail|p1a: Rotom-Wash
|
|-heal|p1a: Rotom-Wash|205\/298|[from] item: Leftovers
|turn|17
|
|move|p1a: Rotom-Wash|Will-O-Wisp|p2a: Wobbuffet|[miss]
|-miss|p1a: Rotom-Wash|p2a: Wobbuffet
|move|p2a: Wobbuffet|Mirror Coat|p1a: Rotom-Wash
|-fail|p1a: Rotom-Wash
|
|-heal|p1a: Rotom-Wash|223\/298|[from] item: Leftovers
|turn|18
|
|switch|p2a: Heatran|Heatran, M|221\/323
|move|p1a: Rotom-Wash|Will-O-Wisp|p2a: Heatran
|-start|p2a: Heatran|ability: Flash Fire
|
|-heal|p1a: Rotom-Wash|241\/298|[from] item: Leftovers
|turn|19
|
|move|p2a: Heatran|Sunny Day|p2a: Heatran
|-weather|SunnyDay
|move|p1a: Rotom-Wash|Hydro Pump|p2a: Heatran
|-supereffective|p2a: Heatran
|-damage|p2a: Heatran|33\/323
|
|-weather|SunnyDay|[upkeep]
|-heal|p1a: Rotom-Wash|259\/298|[from] item: Leftovers
|turn|20
|
|move|p2a: Heatran|Magma Storm|p1a: Rotom-Wash
|-resisted|p1a: Rotom-Wash
|-damage|p1a: Rotom-Wash|84\/298
|-activate|p1a: Rotom-Wash|move: Magma Storm|[of] p2a: Heatran
|move|p1a: Rotom-Wash|Volt Switch|p2a: Heatran
|-damage|p2a: Heatran|0 fnt
|faint|p2a: Heatran
|
|switch|p1a: Scizor|Scizor, M|255\/344
|-damage|p1a: Scizor|212\/344|[from] Stealth Rock
|
|-weather|SunnyDay|[upkeep]
|-heal|p1a: Scizor|233\/344|[from] item: Leftovers
|
|switch|p2a: Venusaur|Venusaur, F|283\/319
|turn|21
|
|move|p2a: Venusaur|Hidden Power|p1a: Scizor
|-supereffective|p1a: Scizor
|-damage|p1a: Scizor|0 fnt
|-damage|p2a: Venusaur|252\/319|[from] item: Life Orb
|faint|p1a: Scizor
|
|-weather|SunnyDay|[upkeep]
|c|âspec n|eh certo
|c|âspec n|sunny team
|c|âspec n|hp fire sulla merda
|c|âDodoria|:]
|
|switch|p1a: Rotom-Wash|Rotom-Wash|84\/298
|-damage|p1a: Rotom-Wash|47\/298|[from] Stealth Rock
|turn|22
|
|move|p2a: Venusaur|Giga Drain|p1a: Rotom-Wash
|-supereffective|p1a: Rotom-Wash
|-damage|p1a: Rotom-Wash|0 fnt
|-heal|p2a: Venusaur|276\/319|[from] drain|[of] p1a: Rotom-Wash
|-damage|p2a: Venusaur|245\/319|[from] item: Life Orb
|faint|p1a: Rotom-Wash
|
|-weather|SunnyDay|[upkeep]
|c| Bigfilip 92|del cavolo poi
|c|âspec n|a me non secca perdere, ma perdere contro i team fatti a cazzo si
|-message|spec n forfeited.
|
|win|Dodoria
|raw|Ladder updating...
|leave|spec n
|player|p1
|raw|spec n's rating: 1681 &rarr; <strong>1657<\/strong><br \/>(-24 for losing)
|raw|Dodoria's rating: 1625 &rarr; <strong>1648<\/strong><br \/>(+23 for winning)