|join|spec n
|join|TheKingHax
|player|p1|spec n|80
|player|p2|TheKingHax|170
|gametype|singles
|gen|6
|tier|OU
|rated
|clearpoke
|poke|p1|Breloom, F
|poke|p1|Slowbro, F
|poke|p1|Heatran, F
|poke|p1|Gardevoir, F
|poke|p1|Rotom-Wash
|poke|p1|Scizor, F
|poke|p2|Glalie, M, shiny
|poke|p2|Magneton, shiny
|poke|p2|Magnezone, shiny
|poke|p2|Latios, M, shiny
|poke|p2|Salamence, M, shiny
|poke|p2|Ferrothorn, F, shiny
|rule|Swagger Clause: Swagger is banned
|rule|Baton Pass Clause: Limit one PokÃ©mon knowing Baton Pass
|rule|Sleep Clause Mod: Limit one foe put to sleep
|rule|Species Clause: Limit one of each PokÃ©mon
|rule|OHKO Clause: OHKO moves are banned
|rule|Moody Clause: Moody is banned
|rule|Evasion Moves Clause: Evasion moves are banned
|rule|Endless Battle Clause: Forcing endless battles is banned
|rule|HP Percentage Mod: HP is shown in percentages
|teampreview
|
|start
|switch|p1a: Rotom-Wash|Rotom-Wash|298\/298
|switch|p2a: Shiny|Magneton, shiny|241\/241
|turn|1
|
|move|p2a: Shiny|Thunderbolt|p1a: Rotom-Wash
|-damage|p1a: Rotom-Wash|163\/298
|move|p1a: Rotom-Wash|Trick|p2a: Shiny
|-activate|p1a: Rotom-Wash|move: Trick|[of] p2a: Shiny
|-item|p2a: Shiny|Choice Scarf|[from] move: Trick
|-item|p1a: Rotom-Wash|Choice Scarf|[from] move: Trick
|
|turn|2
|
|switch|p1a: Heatran|Heatran, F|386\/386
|move|p2a: Shiny|Volt Switch|p1a: Heatran
|-crit|p1a: Heatran
|-damage|p1a: Heatran|259\/386
|
|switch|p2a: BigMouth|Glalie, M, shiny|301\/301
|
|-heal|p1a: Heatran|283\/386|[from] item: Leftovers
|turn|3
|
|detailschange|p2a: BigMouth|Glalie-Mega, M, shiny
|-mega|p2a: BigMouth|Glalie|Glalitite
|move|p1a: Heatran|Protect|p1a: Heatran
|-singleturn|p1a: Heatran|Protect
|move|p2a: BigMouth|Earthquake|p1a: Heatran
|-activate|p1a: Heatran|Protect
|
|-heal|p1a: Heatran|307\/386|[from] item: Leftovers
|turn|4
|
|switch|p2a: Shiny|Magneton, shiny|241\/241
|switch|p1a: Slowbro|Slowbro, F|394\/394
|
|turn|5
|
|switch|p1a: Heatran|Heatran, F|307\/386
|move|p2a: Shiny|Thunderbolt|p1a: Heatran
|-damage|p1a: Heatran|195\/386
|
|-heal|p1a: Heatran|219\/386|[from] item: Leftovers
|turn|6
|
|switch|p2a: 5th Gen Only|Salamence, M, shiny|331\/331
|move|p1a: Heatran|Lava Plume|p2a: 5th Gen Only
|-resisted|p2a: 5th Gen Only
|-damage|p2a: 5th Gen Only|250\/331
|
|-heal|p1a: Heatran|243\/386|[from] item: Leftovers
|turn|7
|
|move|p1a: Heatran|Protect|p1a: Heatran
|-singleturn|p1a: Heatran|Protect
|move|p2a: 5th Gen Only|Brick Break|p1a: Heatran
|-activate|p1a: Heatran|Protect
|
|-heal|p1a: Heatran|267\/386|[from] item: Leftovers
|turn|8
|
|switch|p1a: Slowbro|Slowbro, F|394\/394
|move|p2a: 5th Gen Only|Brick Break|p1a: Slowbro
|-resisted|p1a: Slowbro
|-damage|p1a: Slowbro|362\/394
|
|-heal|p1a: Slowbro|386\/394|[from] item: Leftovers
|turn|9
|
|switch|p2a: IT'S A TRAP|Magnezone, shiny|287\/287
|move|p1a: Slowbro|Scald|p2a: IT'S A TRAP
|-damage|p2a: IT'S A TRAP|191\/287
|
|-heal|p1a: Slowbro|394\/394|[from] item: Leftovers
|turn|10
|
|switch|p1a: Rotom-Wash|Rotom-Wash|163\/298
|move|p2a: IT'S A TRAP|Thunderbolt|p1a: Rotom-Wash
|-damage|p1a: Rotom-Wash|0 fnt
|faint|p1a: Rotom-Wash
|
|
|switch|p1a: Gardevoir|Gardevoir, F|277\/277
|-ability|p1a: Gardevoir|Magnet Pull|[from] ability: Trace|[of] p2a: IT'S A TRAP
|turn|11
|
|detailschange|p1a: Gardevoir|Gardevoir-Mega, F
|-mega|p1a: Gardevoir|Gardevoir|Gardevoirite
|move|p1a: Gardevoir|Focus Blast|p2a: IT'S A TRAP
|-supereffective|p2a: IT'S A TRAP
|-damage|p2a: IT'S A TRAP|0 fnt
|faint|p2a: IT'S A TRAP
|
|
|switch|p2a: Sally|Ferrothorn, F, shiny|352\/352
|turn|12
|
|switch|p1a: Heatran|Heatran, F|267\/386
|move|p2a: Sally|Gyro Ball|p1a: Heatran
|-resisted|p1a: Heatran
|-damage|p1a: Heatran|239\/386
|
|-heal|p1a: Heatran|263\/386|[from] item: Leftovers
|turn|13
|join|DKitsune
|
|switch|p2a: Latino|Latios, M, shiny|301\/301
|move|p1a: Heatran|Lava Plume|p2a: Latino
|-resisted|p2a: Latino
|-damage|p2a: Latino|244\/301
|
|-heal|p1a: Heatran|287\/386|[from] item: Leftovers
|turn|14
|leave|DKitsune
|
|move|p1a: Heatran|Protect|p1a: Heatran
|-singleturn|p1a: Heatran|Protect
|move|p2a: Latino|Trick|p1a: Heatran
|-activate|p1a: Heatran|Protect
|
|-heal|p1a: Heatran|311\/386|[from] item: Leftovers
|turn|15
|
|switch|p1a: Gardevoir|Gardevoir-Mega, F|277\/277
|move|p2a: Latino|Trick|p1a: Gardevoir
|-fail|p1a: Gardevoir
|
|turn|16
|
|switch|p2a: Sally|Ferrothorn, F, shiny|352\/352
|move|p1a: Gardevoir|Hyper Voice|p2a: Sally
|-resisted|p2a: Sally
|-damage|p2a: Sally|256\/352
|
|turn|17
|
|move|p1a: Gardevoir|Focus Blast|p2a: Sally|[miss]
|-miss|p1a: Gardevoir|p2a: Sally
|move|p2a: Sally|Leech Seed|p1a: Gardevoir
|-start|p1a: Gardevoir|move: Leech Seed
|
|-damage|p1a: Gardevoir|243\/277|[from] Leech Seed|[of] p2a: Sally
|-heal|p2a: Sally|290\/352|[silent]
|turn|18
|
|switch|p1a: Heatran|Heatran, F|311\/386
|switch|p2a: Latino|Latios, M, shiny|244\/301
|
|-heal|p1a: Heatran|335\/386|[from] item: Leftovers
|turn|19
|
|move|p1a: Heatran|Protect|p1a: Heatran
|-singleturn|p1a: Heatran|Protect
|move|p2a: Latino|Tailwind|p2a: Latino
|-sidestart|p2: TheKingHax|move: Tailwind
|
|-heal|p1a: Heatran|359\/386|[from] item: Leftovers
|turn|20
|
|switch|p2a: BigMouth|Glalie-Mega, M, shiny|301\/301
|move|p1a: Heatran|Stealth Rock|p2a: BigMouth
|-sidestart|p2: TheKingHax|move: Stealth Rock
|
|-heal|p1a: Heatran|383\/386|[from] item: Leftovers
|turn|21
|
|switch|p1a: Slowbro|Slowbro, F|394\/394
|move|p2a: BigMouth|Earthquake|p1a: Slowbro
|-damage|p1a: Slowbro|316\/394
|
|-heal|p1a: Slowbro|340\/394|[from] item: Leftovers
|turn|22
|
|move|p2a: BigMouth|Explosion|p1a: Slowbro
|-resisted|p1a: Slowbro
|-damage|p1a: Slowbro|153\/394
|faint|p2a: BigMouth
|move|p1a: Slowbro|Scald|p2: BigMouth|[notarget]
|-notarget
|
|-heal|p1a: Slowbro|177\/394|[from] item: Leftovers
|-sideend|p2: TheKingHax|move: Tailwind
|
|switch|p2a: Shiny|Magneton, shiny|241\/241
|-damage|p2a: Shiny|226\/241|[from] Stealth Rock
|turn|23
|
|switch|p1a: Heatran|Heatran, F|383\/386
|move|p2a: Shiny|Volt Switch|p1a: Heatran
|-damage|p1a: Heatran|301\/386
|
|switch|p2a: 5th Gen Only|Salamence, M, shiny|250\/331
|-damage|p2a: 5th Gen Only|168\/331|[from] Stealth Rock
|
|-heal|p1a: Heatran|325\/386|[from] item: Leftovers
|turn|24
|
|switch|p1a: Slowbro|Slowbro, F|308\/394
|move|p2a: 5th Gen Only|Earthquake|p1a: Slowbro
|-damage|p1a: Slowbro|218\/394
|
|-heal|p1a: Slowbro|242\/394|[from] item: Leftovers
|turn|25
|
|switch|p2a: Sally|Ferrothorn, F, shiny|290\/352
|-damage|p2a: Sally|268\/352|[from] Stealth Rock
|move|p1a: Slowbro|Thunder Wave|p2a: Sally
|-status|p2a: Sally|par
|
|-heal|p1a: Slowbro|266\/394|[from] item: Leftovers
|turn|26
|-message|spec n lost due to inactivity.
|
|win|TheKingHax
|raw|Ladder updating...
|raw|spec n's rating: 1463 &rarr; <strong>1438<\/strong><br \/>(-25 for losing)
|raw|TheKingHax's rating: 1374 &rarr; <strong>1399<\/strong><br \/>(+25 for winning)
|leave|spec n
|player|p1