|join|InSoMn
|join|spec n
|player|p1|InSoMn|168
|player|p2|spec n|163
|gametype|singles
|gen|6
|tier|OU
|clearpoke
|poke|p1|Diancie, shiny
|poke|p1|Hydreigon, F
|poke|p1|Landorus-Therian, M
|poke|p1|Keldeo-Resolute
|poke|p1|Scizor, F
|poke|p1|Latios, M
|poke|p2|Metagross
|poke|p2|Gengar, M, shiny
|poke|p2|Keldeo-Resolute
|poke|p2|Landorus-Therian, M
|poke|p2|Raikou
|poke|p2|Heatran, M
|rule|Swagger Clause: Swagger is banned
|rule|Baton Pass Clause: Limit one PokÃ©mon knowing Baton Pass
|rule|Sleep Clause Mod: Limit one foe put to sleep
|rule|Species Clause: Limit one of each PokÃ©mon
|rule|OHKO Clause: OHKO moves are banned
|rule|Moody Clause: Moody is banned
|rule|Evasion Moves Clause: Evasion moves are banned
|rule|Endless Battle Clause: Forcing endless battles is banned
|rule|HP Percentage Mod: HP is shown in percentages
|teampreview
|join|Bigfilip 92
|join|metmaver
|join|TheLegendOfKiller
|
|start
|switch|p1a: Keldeo-Resolute|Keldeo-Resolute|323\/323
|switch|p2a: Landorus-Therian|Landorus-Therian, M|381\/381
|-ability|p2a: Landorus-Therian|Intimidate|[of] p1a: Keldeo-Resolute
|-unboost|p1a: Keldeo-Resolute|atk|1
|turn|1
|join|HOENN CONFIRMED11
|
|switch|p1a: Landorus-Therian|Landorus-Therian, M|381\/381
|-ability|p1a: Landorus-Therian|Intimidate|[of] p2a: Landorus-Therian
|-unboost|p2a: Landorus-Therian|atk|1
|switch|p2a: Keldeo-Resolute|Keldeo-Resolute|323\/323
|
|turn|2
|c| Bigfilip 92|band vs band
|
|switch|p1a: Scizor|Scizor, F|343\/343
|move|p2a: Keldeo-Resolute|Substitute|p2a: Keldeo-Resolute
|-start|p2a: Keldeo-Resolute|Substitute
|-damage|p2a: Keldeo-Resolute|243\/323
|
|-heal|p2a: Keldeo-Resolute|263\/323|[from] item: Leftovers
|turn|3
|
|move|p2a: Keldeo-Resolute|Scald|p1a: Scizor
|-damage|p1a: Scizor|165\/343
|move|p1a: Scizor|U-turn|p2a: Keldeo-Resolute
|-resisted|p2a: Keldeo-Resolute
|-end|p2a: Keldeo-Resolute|Substitute
|c| Bigfilip 92|infiltrator glbat op
|
|switch|p1a: Latios|Latios, M|301\/301
|
|-heal|p2a: Keldeo-Resolute|283\/323|[from] item: Leftovers
|turn|4
|join|Paoloilfigo
|
|switch|p2a: Heatran|Heatran, M|323\/323
|-item|p2a: Heatran|Air Balloon
|move|p1a: Latios|Earthquake|p2a: Heatran
|-immune|p2a: Heatran|[msg]
|
|turn|5
|c|âInSoMn|rofl
|c| Bigfilip 92|aaan ecco lol
|c|âInSoMn|io che dimentico
|c|âInSoMn|i miei set
|c| HOENN CONFIRMED11|*_*
|c| Bigfilip 92|baloon op
|c|âInSoMn|<3
|c| TheLegendOfKiller|lol
|
|move|p1a: Latios|Psyshock|p2a: Heatran
|-resisted|p2a: Heatran
|-damage|p2a: Heatran|239\/323
|-enditem|p2a: Heatran|Air Balloon
|-damage|p1a: Latios|271\/301|[from] item: Life Orb
|move|p2a: Heatran|Stealth Rock|p1a: Latios
|-sidestart|p1: InSoMn|move: Stealth Rock
|
|turn|6
|c| Bigfilip 92|era meglio fare un sicuro psyshock
|
|move|p1a: Latios|Draco Meteor|p2a: Heatran
|-crit|p2a: Heatran
|-resisted|p2a: Heatran
|-damage|p2a: Heatran|30\/323
|-unboost|p1a: Latios|spa|2
|-damage|p1a: Latios|241\/301|[from] item: Life Orb
|move|p2a: Heatran|Substitute|p2a: Heatran
|-fail|p2a: Heatran|move: Substitute|[weak]
|
|turn|7
|c|âspec n|k
|
|move|p1a: Latios|Psyshock|p2a: Heatran
|-resisted|p2a: Heatran
|-damage|p2a: Heatran|0 fnt
|-damage|p1a: Latios|211\/301|[from] item: Life Orb
|faint|p2a: Heatran
|
|c| Bigfilip 92|i critical ti rompono la strategia
|
|switch|p2a: Gengar|Gengar, M, shiny|261\/261
|turn|8
|c| Bigfilip 92|perÃ²
|
|move|p1a: Latios|Psyshock|p2a: Gengar
|-supereffective|p2a: Gengar
|-damage|p2a: Gengar|0 fnt
|-damage|p1a: Latios|181\/301|[from] item: Life Orb
|faint|p2a: Gengar
|
|c| Bigfilip 92|se non subbi subito
|
|switch|p2a: Metagross|Metagross|301\/301
|turn|9
|c|âInSoMn|i crit
|c|âInSoMn|sono il cancro
|c|âInSoMn|del gioco
|c|âInSoMn|Ã¹
|
|detailschange|p2a: Metagross|Metagross-Mega
|-mega|p2a: Metagross|Metagross|Metagrossite
|move|p1a: Latios|Defog|p2a: Metagross
|-unboost|p2a: Metagross|evasion|1
|-sideend|p1: InSoMn|Stealth Rock|[from] move: Defog|[of] p1a: Latios
|move|p2a: Metagross|Ice Punch|p1a: Latios
|-supereffective|p1a: Latios
|-damage|p1a: Latios|0 fnt
|faint|p1a: Latios
|
|c| HOENN CONFIRMED11|perchÃ©, le miss no?
|c| Bigfilip 92|non gioca defog
|
|switch|p1a: Scizor|Scizor, F|165\/343
|turn|10
|c| Bigfilip 92|e poi defogga
|
|move|p1a: Scizor|Pursuit|p2a: Metagross|[from]Pursuit
|-supereffective|p2a: Metagross
|-damage|p2a: Metagross|85\/301
|switch|p2a: Landorus-Therian|Landorus-Therian, M|381\/381
|-ability|p2a: Landorus-Therian|Intimidate|[of] p1a: Scizor
|-unboost|p1a: Scizor|atk|1
|
|turn|11
|c|âInSoMn|nell altro team
|c|âInSoMn|dicevo
|
|switch|p1a: Landorus-Therian|Landorus-Therian, M|381\/381
|-ability|p1a: Landorus-Therian|Intimidate|[of] p2a: Landorus-Therian
|-unboost|p2a: Landorus-Therian|atk|1
|move|p2a: Landorus-Therian|Stone Edge|p1a: Landorus-Therian|[miss]
|-miss|p2a: Landorus-Therian|p1a: Landorus-Therian
|
|turn|12
|c| Bigfilip 92|a quindi lo giochi in base al team?
|c|âInSoMn|sisi
|c| Bigfilip 92|parlando di miss
|c|âInSoMn|in questo
|c|âInSoMn|mi serve
|c|âInSoMn|per hydreigon
|join|Bomber
|c| Bigfilip 92|hai anche diancie mega
|c| Bigfilip 92|perÃ²
|c|âInSoMn|vi piace sto team?
|c| Bigfilip 92|contro rocks
|c| TheLegendOfKiller|Quanti drum zurill si vedono?
|c| Bigfilip 92|come fotti rotom wash
|c| Bigfilip 92|?
|c|âInSoMn|tios
|
|move|p1a: Landorus-Therian|Stealth Rock|p2a: Landorus-Therian
|-sidestart|p2: spec n|move: Stealth Rock
|move|p2a: Landorus-Therian|Stone Edge|p1a: Landorus-Therian
|-damage|p1a: Landorus-Therian|268\/381
|
|-heal|p1a: Landorus-Therian|291\/381|[from] item: Leftovers
|turn|13
|
|switch|p2a: Keldeo-Resolute|Keldeo-Resolute|283\/323
|-damage|p2a: Keldeo-Resolute|263\/323|[from] Stealth Rock
|move|p1a: Landorus-Therian|Earthquake|p2a: Keldeo-Resolute
|-damage|p2a: Keldeo-Resolute|73\/323
|
|-heal|p2a: Keldeo-Resolute|93\/323|[from] item: Leftovers
|-heal|p1a: Landorus-Therian|314\/381|[from] item: Leftovers
|turn|14
|c|âInSoMn|probabilmente
|c|âInSoMn|tolgo
|c|âInSoMn|rock polish
|c|âInSoMn|a diancie
|c|âInSoMn|e gli do protect
|join|looiiyut
|
|move|p2a: Keldeo-Resolute|Substitute|p2a: Keldeo-Resolute
|-start|p2a: Keldeo-Resolute|Substitute
|-damage|p2a: Keldeo-Resolute|13\/323
|move|p1a: Landorus-Therian|Earthquake|p2a: Keldeo-Resolute
|-end|p2a: Keldeo-Resolute|Substitute
|
|-heal|p2a: Keldeo-Resolute|33\/323|[from] item: Leftovers
|-heal|p1a: Landorus-Therian|337\/381|[from] item: Leftovers
|turn|15
|c|âInSoMn|perchÃ¨ tanto me lo inculano sempre nel turno da non mega
|c| HOENN CONFIRMED11|icy wind?
|c| Bigfilip 92|rock polish Ã¨ un po inutile
|
|move|p2a: Keldeo-Resolute|Scald|p1a: Landorus-Therian
|-supereffective|p1a: Landorus-Therian
|-damage|p1a: Landorus-Therian|0 fnt
|faint|p1a: Landorus-Therian
|
|-heal|p2a: Keldeo-Resolute|53\/323|[from] item: Leftovers
|c| Bigfilip 92|ha giÃ  110 speed
|
|switch|p1a: Scizor|Scizor, F|165\/343
|turn|16
|c|âspec n|si protect su diance ha senso
|c| HOENN CONFIRMED11|resiste
|c| Bigfilip 92|come anche protect su swampert mega
|
|move|p1a: Scizor|Bullet Punch|p2a: Keldeo-Resolute
|-resisted|p2a: Keldeo-Resolute
|-damage|p2a: Keldeo-Resolute|0 fnt
|faint|p2a: Keldeo-Resolute
|
|
|switch|p2a: Raikou|Raikou|321\/321
|-damage|p2a: Raikou|281\/321|[from] Stealth Rock
|-ability|p2a: Raikou|Pressure
|turn|17
|
|move|p1a: Scizor|Bullet Punch|p2a: Raikou
|-resisted|p2a: Raikou
|-damage|p2a: Raikou|170\/321
|move|p2a: Raikou|Substitute|p2a: Raikou
|-start|p2a: Raikou|Substitute
|-damage|p2a: Raikou|90\/321
|
|-heal|p2a: Raikou|110\/321|[from] item: Leftovers
|turn|18
|
|move|p1a: Scizor|Bullet Punch|p2a: Raikou
|-resisted|p2a: Raikou
|-end|p2a: Raikou|Substitute
|move|p2a: Raikou|Thunderbolt|p1a: Scizor
|-damage|p1a: Scizor|0 fnt
|faint|p1a: Scizor
|
|-heal|p2a: Raikou|130\/321|[from] item: Leftovers
|
|switch|p1a: Diancie|Diancie, shiny|241\/241
|turn|19
|c| Bigfilip 92|eccoloh
|
|switch|p2a: Landorus-Therian|Landorus-Therian, M|381\/381
|-damage|p2a: Landorus-Therian|334\/381|[from] Stealth Rock
|-ability|p2a: Landorus-Therian|Intimidate|[of] p1a: Diancie
|-fail|p1a: Diancie|unboost|[from] ability: Clear Body|[of] p1a: Diancie
|detailschange|p1a: Diancie|Diancie-Mega, shiny
|-mega|p1a: Diancie|Diancie|Diancite
|move|p1a: Diancie|Earth Power|p2a: Landorus-Therian
|-immune|p2a: Landorus-Therian|[msg]
|
|turn|20
|
|switch|p1a: Keldeo-Resolute|Keldeo-Resolute|323\/323
|move|p2a: Landorus-Therian|U-turn|p1a: Keldeo-Resolute
|-crit|p1a: Keldeo-Resolute
|-resisted|p1a: Keldeo-Resolute
|-damage|p1a: Keldeo-Resolute|197\/323
|c| HOENN CONFIRMED11|diancie op
|
|switch|p2a: Raikou|Raikou|130\/321
|-damage|p2a: Raikou|90\/321|[from] Stealth Rock
|-ability|p2a: Raikou|Pressure
|
|-heal|p2a: Raikou|110\/321|[from] item: Leftovers
|turn|21
|
|move|p2a: Raikou|Thunderbolt|p1a: Keldeo-Resolute
|-supereffective|p1a: Keldeo-Resolute
|-damage|p1a: Keldeo-Resolute|0 fnt
|faint|p1a: Keldeo-Resolute
|
|-heal|p2a: Raikou|130\/321|[from] item: Leftovers
|
|switch|p1a: Hydreigon|Hydreigon, F|325\/325
|turn|22
|
|move|p2a: Raikou|Hidden Power|p1a: Hydreigon
|-supereffective|p1a: Hydreigon
|-damage|p1a: Hydreigon|169\/325
|move|p1a: Hydreigon|Dark Pulse|p2a: Raikou
|-damage|p2a: Raikou|0 fnt
|-damage|p1a: Hydreigon|137\/325|[from] item: Life Orb
|faint|p2a: Raikou
|
|
|switch|p2a: Landorus-Therian|Landorus-Therian, M|334\/381
|-damage|p2a: Landorus-Therian|287\/381|[from] Stealth Rock
|-ability|p2a: Landorus-Therian|Intimidate|[of] p1a: Hydreigon
|-unboost|p1a: Hydreigon|atk|1
|turn|23
|c| HOENN CONFIRMED11|ice beam
|
|move|p1a: Hydreigon|Draco Meteor|p2a: Landorus-Therian
|-damage|p2a: Landorus-Therian|0 fnt
|-unboost|p1a: Hydreigon|spa|2
|-damage|p1a: Hydreigon|105\/325|[from] item: Life Orb
|faint|p2a: Landorus-Therian
|
|
|switch|p2a: Metagross|Metagross-Mega|85\/301
|-damage|p2a: Metagross|67\/301|[from] Stealth Rock
|turn|24
|
|move|p2a: Metagross|Meteor Mash|p1a: Hydreigon
|-damage|p1a: Hydreigon|0 fnt
|-boost|p2a: Metagross|atk|1
|faint|p1a: Hydreigon
|
|c|âInSoMn|noooj
|c| Bigfilip 92|metagross speed tie
|c|âspec n|ma che speed tie
|c| TheLegendOfKiller|lol
|c|âspec n|ho b punch
|
|switch|p1a: Diancie|Diancie-Mega, shiny|241\/241
|turn|25
|c|âInSoMn|senza il boost
|c|âInSoMn|forse resistivfo
|c|âInSoMn|a bullety
|c|âInSoMn|gg bro
|c| Bigfilip 92|ok bullet serve
|
|move|p2a: Metagross|Bullet Punch|p1a: Diancie
|-supereffective|p1a: Diancie
|-damage|p1a: Diancie|0 fnt
|faint|p1a: Diancie
|
|win|spec n
|c|âspec n|gg
|c| TheLegendOfKiller|non resiste...
|leave|TheLegendOfKiller
|leave|Bomber
|c| HOENN CONFIRMED11|lol
|leave|InSoMn
|player|p1
|leave|Bigfilip 92
|leave|spec n
|player|p2
|leave|looiiyut
|leave|HOENN CONFIRMED11
|leave|metmaver
|leave|Paoloilfigo
|join|spec n