|join|spec n
|join|to save spl
|player|p1|spec n|92
|player|p2|to save spl|1
|gametype|singles
|gen|6
|tier|OU (suspect test)
|rated
|clearpoke
|poke|p1|Breloom, M
|poke|p1|Slowbro, F
|poke|p1|Heatran, F
|poke|p1|Gardevoir, F
|poke|p1|Rotom-Wash
|poke|p1|Scizor, M
|poke|p2|Azelf
|poke|p2|Gengar, M
|poke|p2|Gyarados, M
|poke|p2|Raikou
|poke|p2|Scizor, M
|poke|p2|Garchomp, M
|rule|Swagger Clause: Swagger is banned
|rule|Baton Pass Clause: Limit one PokÃ©mon knowing Baton Pass
|rule|Sleep Clause Mod: Limit one foe put to sleep
|rule|Species Clause: Limit one of each PokÃ©mon
|rule|OHKO Clause: OHKO moves are banned
|rule|Moody Clause: Moody is banned
|rule|Evasion Moves Clause: Evasion moves are banned
|rule|Endless Battle Clause: Forcing endless battles is banned
|rule|HP Percentage Mod: HP is shown in percentages
|teampreview
|join|Lange98
|join|Sad Statue
|
|start
|switch|p1a: Scizor|Scizor, M|344\/344
|switch|p2a: Azelf|Azelf|291\/291
|turn|1
|
|move|p2a: Azelf|Stealth Rock|p1a: Scizor
|-sidestart|p1: spec n|move: Stealth Rock
|move|p1a: Scizor|Knock Off|p2a: Azelf
|-supereffective|p2a: Azelf
|-enditem|p2a: Azelf|Focus Sash
|-damage|p2a: Azelf|1\/291
|
|turn|2
|
|move|p1a: Scizor|Bullet Punch|p2a: Azelf
|-damage|p2a: Azelf|0 fnt
|faint|p2a: Azelf
|
|
|switch|p2a: Gyarados|Gyarados, M|331\/331
|-ability|p2a: Gyarados|Intimidate|[of] p1a: Scizor
|-unboost|p1a: Scizor|atk|1
|turn|3
|
|move|p2a: Gyarados|Dragon Dance|p2a: Gyarados
|-boost|p2a: Gyarados|atk|1
|-boost|p2a: Gyarados|spe|1
|move|p1a: Scizor|Defog|p2a: Gyarados
|-unboost|p2a: Gyarados|evasion|1
|-sideend|p1: spec n|Stealth Rock|[from] move: Defog|[of] p1a: Scizor
|
|turn|4
|
|move|p2a: Gyarados|Dragon Dance|p2a: Gyarados
|-boost|p2a: Gyarados|atk|1
|-boost|p2a: Gyarados|spe|1
|move|p1a: Scizor|U-turn|p2a: Gyarados
|-resisted|p2a: Gyarados
|-damage|p2a: Gyarados|278\/331
|
|switch|p1a: Slowbro|Slowbro, F|394\/394
|
|turn|5
|join|minecraft2004
|c|âto save spl|pls no
|
|detailschange|p2a: Gyarados|Gyarados-Mega, M
|-mega|p2a: Gyarados|Gyarados|Gyaradosite
|-ability|p2a: Gyarados|Mold Breaker
|move|p2a: Gyarados|Substitute|p2a: Gyarados
|-start|p2a: Gyarados|Substitute
|-damage|p2a: Gyarados|196\/331
|move|p1a: Slowbro|Foul Play|p2a: Gyarados
|-resisted|p2a: Gyarados
|-end|p2a: Gyarados|Substitute
|
|turn|6
|c|âto save spl|fuk
|
|move|p2a: Gyarados|Crunch|p1a: Slowbro
|-supereffective|p1a: Slowbro
|-damage|p1a: Slowbro|0 fnt
|faint|p1a: Slowbro
|
|c| Lange98|only fuck
|c| Lange98|D:
|
|switch|p1a: Breloom|Breloom, M|261\/261
|turn|7
|
|move|p1a: Breloom|Mach Punch|p2a: Gyarados
|-supereffective|p2a: Gyarados
|-damage|p2a: Gyarados|0 fnt
|-damage|p1a: Breloom|235\/261|[from] item: Life Orb
|faint|p2a: Gyarados
|
|
|switch|p2a: Gengar|Gengar, M|261\/261
|turn|8
|c| Lange98|spec Ã¨ il set che usa anche tele?
|c|âspec n|il suo team Ã¨ praticamente il counter del mio
|c|âspec n|il set di chi?
|c| Lange98|la danza, prio, bs e spore
|c|âspec n|uso questo set da un anno sui miei breloom
|c|âspec n|non so se cel'ha anche lui
|c| Lange98|Si no,volevo sapere se runnavi la rock tomb o meno.
|c|âspec n|ah no
|
|switch|p1a: Heatran|Heatran, F|386\/386
|move|p2a: Gengar|Shadow Ball|p1a: Heatran
|-damage|p1a: Heatran|240\/386
|-damage|p2a: Gengar|235\/261|[from] item: Life Orb
|
|-heal|p1a: Heatran|264\/386|[from] item: Leftovers
|turn|9
|join|iamgingy
|join|ailurophilia
|c| iamgingy|TIENES
|c| iamgingy|PROBLEMES????
|
|move|p2a: Gengar|Focus Blast|p1a: Heatran|[miss]
|-miss|p2a: Gengar|p1a: Heatran
|move|p1a: Heatran|Lava Plume|p2a: Gengar
|-damage|p2a: Gengar|64\/261
|-status|p2a: Gengar|brn
|
|-heal|p1a: Heatran|288\/386|[from] item: Leftovers
|-damage|p2a: Gengar|32\/261 brn|[from] brn
|turn|10
|c| ailurophilia|mw gusto much sacapuntas :3
|c|âto save spl|looks like ive lost
|
|move|p1a: Heatran|Protect|p1a: Heatran
|-singleturn|p1a: Heatran|Protect
|move|p2a: Gengar|Focus Blast|p1a: Heatran
|-activate|p1a: Heatran|Protect
|
|-heal|p1a: Heatran|312\/386|[from] item: Leftovers
|-damage|p2a: Gengar|0 fnt|[from] brn
|faint|p2a: Gengar
|
|switch|p2a: Garchomp|Garchomp, M|357\/357
|turn|11
|leave|minecraft2004
|
|switch|p2a: Raikou|Raikou|321\/321
|-ability|p2a: Raikou|Pressure
|switch|p1a: Rotom-Wash|Rotom-Wash|298\/298
|
|turn|12
|
|move|p2a: Raikou|Thunderbolt|p1a: Rotom-Wash
|-damage|p1a: Rotom-Wash|166\/298
|move|p1a: Rotom-Wash|Trick|p2a: Raikou
|-activate|p1a: Rotom-Wash|move: Trick|[of] p2a: Raikou
|-item|p2a: Raikou|Choice Scarf|[from] move: Trick
|-item|p1a: Rotom-Wash|Assault Vest|[from] move: Trick
|
|turn|13
|c| iamgingy|ah.
|c| iamgingy|the legendary
|c| iamgingy|av rotom
|c|âto save spl|looks like ive lost
|
|move|p2a: Raikou|Thunderbolt|p1a: Rotom-Wash
|-damage|p1a: Rotom-Wash|75\/298
|move|p1a: Rotom-Wash|Volt Switch|p2a: Raikou
|-resisted|p2a: Raikou
|-damage|p2a: Raikou|259\/321
|c| iamgingy|dont u win tho
|c| iamgingy|O_o
|c|âto save spl|how sigh
|c| iamgingy|well if he makes a sub par play
|
|switch|p1a: Breloom|Breloom, M|235\/261
|
|turn|14
|c| iamgingy|:x
|
|move|p2a: Raikou|Thunderbolt|p1a: Breloom
|-resisted|p1a: Breloom
|-damage|p1a: Breloom|116\/261
|move|p1a: Breloom|Spore|p2a: Raikou
|-status|p2a: Raikou|slp
|
|turn|15
|
|switch|p2a: Scizor|Scizor, M|287\/287
|move|p1a: Breloom|Mach Punch|p2a: Scizor
|-crit|p2a: Scizor
|-damage|p2a: Scizor|36\/287
|-damage|p1a: Breloom|90\/261|[from] item: Life Orb
|
|turn|16
|c|âto save spl|looks like ive lost
|c| iamgingy|yah u lost
|c| iamgingy|lol
|
|switch|p1a: Scizor|Scizor, M|344\/344
|move|p2a: Scizor|Bullet Punch|p1a: Scizor
|-crit|p1a: Scizor
|-resisted|p1a: Scizor
|-damage|p1a: Scizor|222\/344
|-damage|p2a: Scizor|8\/287|[from] item: Life Orb
|
|-heal|p1a: Scizor|243\/344|[from] item: Leftovers
|turn|17
|c|âto save spl|lmao im just kiddin i had no way to win after that miss
|c|âto save spl|gg
|
|switch|p2a: Raikou|Raikou|259\/321 slp
|-ability|p2a: Raikou|Pressure
|move|p1a: Scizor|Bullet Punch|p2a: Raikou
|-resisted|p2a: Raikou
|-damage|p2a: Raikou|184\/321 slp
|
|-heal|p1a: Scizor|264\/344|[from] item: Leftovers
|turn|18
|-message|to save spl forfeited.
|-message|to save spl forfeited.
|leave|to save spl
|
|win|spec n
|raw|Ladder updating...
|raw|spec n's rating: 1327 &rarr; <strong>1346<\/strong><br \/>(+19 for winning)
|raw|to save spl's rating: 1316 &rarr; <strong>1296<\/strong><br \/>(-20 for losing)
|player|p2
|leave|iamgingy
|leave|Lange98
|join|Chirbi
|leave|ailurophilia
|leave|Chirbi
|join|willyjacksaw
|leave|willyjacksaw
|join|SZYgotSWAG
|leave|SZYgotSWAG
|leave|Sad Statue
|join|Markmech
|join|Not A Gym Ldr
|leave|Markmech
|leave|Not A Gym Ldr