|join|tbh js imo
|join|lil manaphy
|player|p1|tbh js imo|33
|player|p2|lil manaphy|272
|gametype|singles
|gen|6
|tier|OU
|rated
|clearpoke
|poke|p1|Landorus-Therian, M, shiny
|poke|p1|Latias, F, shiny
|poke|p1|Crawdaunt, M, shiny
|poke|p1|Manectric, F
|poke|p1|Breloom, F, shiny
|poke|p1|Heatran, F, shiny
|poke|p2|Lopunny, M
|poke|p2|Manaphy
|poke|p2|Scizor, M
|poke|p2|Celebi
|poke|p2|Heatran, M
|poke|p2|Mandibuzz, F
|rule|Swagger Clause: Swagger is banned
|rule|Baton Pass Clause: Limit one PokÃ©mon knowing Baton Pass
|rule|Sleep Clause Mod: Limit one foe put to sleep
|rule|Species Clause: Limit one of each PokÃ©mon
|rule|OHKO Clause: OHKO moves are banned
|rule|Moody Clause: Moody is banned
|rule|Evasion Moves Clause: Evasion moves are banned
|rule|Endless Battle Clause: Forcing endless battles is banned
|rule|HP Percentage Mod: HP is shown in percentages
|teampreview
|join|All Together Now
|c| All Together Now|omg
|
|start
|switch|p1a: Manectric|Manectric, F|282\/282
|switch|p2a: Couture|Lopunny, M|271\/271
|turn|1
|
|detailschange|p1a: Manectric|Manectric-Mega, F
|-mega|p1a: Manectric|Manectric|Manectite
|-ability|p1a: Manectric|Intimidate|[of] p2a: Couture
|-unboost|p2a: Couture|atk|1
|detailschange|p2a: Couture|Lopunny-Mega, M
|-mega|p2a: Couture|Lopunny|Lopunnite
|move|p2a: Couture|Fake Out|p1a: Manectric
|-damage|p1a: Manectric|224\/282
|cant|p1a: Manectric|flinch
|
|turn|2
|
|switch|p2a: just my onion|Celebi|404\/404
|move|p1a: Manectric|Volt Switch|p2a: just my onion
|-resisted|p2a: just my onion
|-damage|p2a: just my onion|356\/404
|
|switch|p1a: Cosine Didnt Like|Heatran, F, shiny|373\/373
|
|-heal|p2a: just my onion|381\/404|[from] item: Leftovers
|turn|3
|
|switch|p2a: bean curd puff|Heatran, M|386\/386
|move|p1a: Cosine Didnt Like|Stealth Rock|p2a: bean curd puff
|-sidestart|p2: lil manaphy|move: Stealth Rock
|
|turn|4
|
|move|p1a: Cosine Didnt Like|Taunt|p2a: bean curd puff
|-start|p2a: bean curd puff|move: Taunt
|cant|p2a: bean curd puff|move: Taunt|Stealth Rock
|
|turn|5
|
|move|p1a: Cosine Didnt Like|Toxic|p2a: bean curd puff
|-fail|p2a: bean curd puff
|move|p2a: bean curd puff|Earth Power|p1a: Cosine Didnt Like
|-supereffective|p1a: Cosine Didnt Like
|-damage|p1a: Cosine Didnt Like|125\/373
|
|-heal|p1a: Cosine Didnt Like|148\/373|[from] item: Leftovers
|turn|6
|
|switch|p1a: Crawdaunt|Crawdaunt, M, shiny|268\/268
|move|p2a: bean curd puff|Lava Plume|p1a: Crawdaunt
|-resisted|p1a: Crawdaunt
|-damage|p1a: Crawdaunt|178\/268
|-status|p1a: Crawdaunt|brn
|
|-damage|p1a: Crawdaunt|145\/268 brn|[from] brn
|-end|p2a: bean curd puff|move: Taunt
|turn|7
|
|move|p1a: Crawdaunt|Crabhammer|p2a: bean curd puff
|-supereffective|p2a: bean curd puff
|-damage|p2a: bean curd puff|95\/386
|-damage|p1a: Crawdaunt|119\/268 brn|[from] item: Life Orb
|move|p2a: bean curd puff|Stealth Rock|p1a: Crawdaunt
|-sidestart|p1: tbh js imo|move: Stealth Rock
|
|-heal|p2a: bean curd puff|119\/386|[from] item: Leftovers
|-damage|p1a: Crawdaunt|86\/268 brn|[from] brn
|turn|8
|
|switch|p2a: still bigger than|Manaphy|341\/341
|-damage|p2a: still bigger than|299\/341|[from] Stealth Rock
|move|p1a: Crawdaunt|Knock Off|p2a: still bigger than
|-damage|p2a: still bigger than|166\/341
|-enditem|p2a: still bigger than|Leftovers|[from] move: Knock Off|[of] p1a: Crawdaunt
|-damage|p1a: Crawdaunt|60\/268 brn|[from] item: Life Orb
|
|-damage|p1a: Crawdaunt|27\/268 brn|[from] brn
|turn|9
|
|switch|p1a: Latias|Latias, F, shiny|319\/319
|-damage|p1a: Latias|280\/319|[from] Stealth Rock
|move|p2a: still bigger than|Scald|p1a: Latias
|-resisted|p1a: Latias
|-damage|p1a: Latias|223\/319
|-status|p1a: Latias|brn
|
|-damage|p1a: Latias|184\/319 brn|[from] brn
|turn|10
|c|âtbh js imo|10\/10
|
|switch|p2a: business|Scizor, M|343\/343
|-damage|p2a: business|301\/343|[from] Stealth Rock
|move|p1a: Latias|Draco Meteor|p2a: business
|-resisted|p2a: business
|-damage|p2a: business|144\/343
|-unboost|p1a: Latias|spa|2
|-damage|p1a: Latias|153\/319 brn|[from] item: Life Orb
|
|-damage|p1a: Latias|114\/319 brn|[from] brn
|turn|11
|
|move|p2a: business|Bullet Punch|p1a: Latias
|-damage|p1a: Latias|0 fnt
|faint|p1a: Latias
|
|
|switch|p1a: Manectric|Manectric-Mega, F|224\/282
|-damage|p1a: Manectric|189\/282|[from] Stealth Rock
|-ability|p1a: Manectric|Intimidate|[of] p2a: business
|-unboost|p2a: business|atk|1
|turn|12
|join|Dark380
|
|switch|p2a: bean curd puff|Heatran, M|119\/386
|-damage|p2a: bean curd puff|71\/386|[from] Stealth Rock
|move|p1a: Manectric|Thunderbolt|p2a: bean curd puff
|-damage|p2a: bean curd puff|0 fnt
|faint|p2a: bean curd puff
|
|
|switch|p2a: Couture|Lopunny-Mega, M|271\/271
|-damage|p2a: Couture|255\/271|[from] Stealth Rock
|turn|13
|
|move|p2a: Couture|Fake Out|p1a: Manectric
|-damage|p1a: Manectric|101\/282
|cant|p1a: Manectric|flinch
|
|turn|14
|
|switch|p2a: just my onion|Celebi|381\/404
|-damage|p2a: just my onion|331\/404|[from] Stealth Rock
|move|p1a: Manectric|Volt Switch|p2a: just my onion
|-resisted|p2a: just my onion
|-damage|p2a: just my onion|280\/404
|
|switch|p1a: Landorus-Therian|Landorus-Therian, M, shiny|319\/319
|-damage|p1a: Landorus-Therian|280\/319|[from] Stealth Rock
|-ability|p1a: Landorus-Therian|Intimidate|[of] p2a: just my onion
|-unboost|p2a: just my onion|atk|1
|
|-heal|p2a: just my onion|305\/404|[from] item: Leftovers
|turn|15
|
|switch|p2a: im walling everyth|Mandibuzz, F|423\/423
|-damage|p2a: im walling everyth|318\/423|[from] Stealth Rock
|move|p1a: Landorus-Therian|U-turn|p2a: im walling everyth
|-damage|p2a: im walling everyth|254\/423
|-damage|p1a: Landorus-Therian|227\/319|[from] item: Rocky Helmet|[of] p2a: im walling everyth
|
|switch|p1a: Cosine Didnt Like|Heatran, F, shiny|148\/373
|-damage|p1a: Cosine Didnt Like|102\/373|[from] Stealth Rock
|
|-heal|p1a: Cosine Didnt Like|125\/373|[from] item: Leftovers
|turn|16
|
|move|p1a: Cosine Didnt Like|Toxic|p2a: im walling everyth
|-status|p2a: im walling everyth|tox
|move|p2a: im walling everyth|Roost|p2a: im walling everyth
|-heal|p2a: im walling everyth|423\/423 tox
|
|-heal|p1a: Cosine Didnt Like|148\/373|[from] item: Leftovers
|-damage|p2a: im walling everyth|397\/423 tox|[from] psn
|turn|17
|
|move|p1a: Cosine Didnt Like|Lava Plume|p2a: im walling everyth
|-damage|p2a: im walling everyth|277\/423 tox
|move|p2a: im walling everyth|Foul Play|p1a: Cosine Didnt Like
|-damage|p1a: Cosine Didnt Like|64\/373
|
|-heal|p1a: Cosine Didnt Like|87\/373|[from] item: Leftovers
|-damage|p2a: im walling everyth|225\/423 tox|[from] psn
|turn|18
|
|move|p1a: Cosine Didnt Like|Lava Plume|p2a: im walling everyth
|-damage|p2a: im walling everyth|104\/423 tox
|move|p2a: im walling everyth|Foul Play|p1a: Cosine Didnt Like
|-damage|p1a: Cosine Didnt Like|3\/373
|
|-heal|p1a: Cosine Didnt Like|26\/373|[from] item: Leftovers
|-damage|p2a: im walling everyth|26\/423 tox|[from] psn
|turn|19
|
|move|p1a: Cosine Didnt Like|Lava Plume|p2a: im walling everyth
|-damage|p2a: im walling everyth|0 fnt
|faint|p2a: im walling everyth
|
|-heal|p1a: Cosine Didnt Like|49\/373|[from] item: Leftovers
|
|switch|p2a: Couture|Lopunny-Mega, M|255\/271
|-damage|p2a: Couture|239\/271|[from] Stealth Rock
|turn|20
|
|switch|p1a: Crawdaunt|Crawdaunt, M, shiny|27\/268 brn
|-damage|p1a: Crawdaunt|0 fnt|[from] Stealth Rock
|faint|p1a: Crawdaunt
|move|p2a: Couture|Power-Up Punch|p1: Crawdaunt|[notarget]
|-notarget
|
|
|switch|p1a: BreDoomed|Breloom, F, shiny|262\/262
|-damage|p1a: BreDoomed|246\/262|[from] Stealth Rock
|turn|21
|
|switch|p2a: just my onion|Celebi|305\/404
|-damage|p2a: just my onion|255\/404|[from] Stealth Rock
|switch|p1a: Cosine Didnt Like|Heatran, F, shiny|49\/373
|-damage|p1a: Cosine Didnt Like|3\/373|[from] Stealth Rock
|
|-heal|p2a: just my onion|280\/404|[from] item: Leftovers
|-heal|p1a: Cosine Didnt Like|26\/373|[from] item: Leftovers
|turn|22
|
|switch|p2a: still bigger than|Manaphy|166\/341
|-damage|p2a: still bigger than|124\/341|[from] Stealth Rock
|move|p1a: Cosine Didnt Like|Lava Plume|p2a: still bigger than
|-resisted|p2a: still bigger than
|-damage|p2a: still bigger than|65\/341
|-status|p2a: still bigger than|brn
|
|-heal|p1a: Cosine Didnt Like|49\/373|[from] item: Leftovers
|-damage|p2a: still bigger than|23\/341 brn|[from] brn
|turn|23
|
|switch|p1a: BreDoomed|Breloom, F, shiny|246\/262
|-damage|p1a: BreDoomed|230\/262|[from] Stealth Rock
|move|p2a: still bigger than|Psychic|p1a: BreDoomed
|-crit|p1a: BreDoomed
|-supereffective|p1a: BreDoomed
|-damage|p1a: BreDoomed|0 fnt
|faint|p1a: BreDoomed
|
|-damage|p2a: still bigger than|0 fnt|[from] brn
|faint|p2a: still bigger than
|c|âtbh js imo|sigh
|c|âtbh js imo|ofc
|c| All Together Now|;O
|c|âtbh js imo|fuck this shit game
|
|switch|p1a: Landorus-Therian|Landorus-Therian, M, shiny|227\/319
|switch|p2a: Couture|Lopunny-Mega, M|239\/271
|-damage|p1a: Landorus-Therian|188\/319|[from] Stealth Rock
|-ability|p1a: Landorus-Therian|Intimidate|[of] p2a: Couture
|-unboost|p2a: Couture|atk|1
|-damage|p2a: Couture|223\/271|[from] Stealth Rock
|turn|24
|-message|tbh js imo forfeited.
|leave|tbh js imo
|
|win|lil manaphy
|raw|Ladder updating...
|player|p1