|join|TT125
|join|tbh js imo
|player|p1|TT125|163
|player|p2|tbh js imo|33
|gametype|singles
|gen|6
|tier|OU
|rated
|clearpoke
|poke|p1|Gallade, M
|poke|p1|Tyranitar, M
|poke|p1|Landorus, M
|poke|p1|Latias, F
|poke|p1|Scizor, M
|poke|p1|Terrakion
|poke|p2|Tyranitar, M
|poke|p2|Metagross
|poke|p2|Celebi
|poke|p2|Keldeo
|poke|p2|Heatran, M
|poke|p2|Landorus, M
|rule|Swagger Clause: Swagger is banned
|rule|Baton Pass Clause: Limit one PokÃ©mon knowing Baton Pass
|rule|Sleep Clause Mod: Limit one foe put to sleep
|rule|Species Clause: Limit one of each PokÃ©mon
|rule|OHKO Clause: OHKO moves are banned
|rule|Moody Clause: Moody is banned
|rule|Evasion Moves Clause: Evasion moves are banned
|rule|Endless Battle Clause: Forcing endless battles is banned
|rule|HP Percentage Mod: HP is shown in percentages
|teampreview
|join|CleanerThanRotom-W
|
|start
|switch|p1a: Terrakion|Terrakion|323\/323
|switch|p2a: Keldeo|Keldeo|323\/323
|turn|1
|c| CleanerThanRotom-W|didnt u use that b4
|
|move|p1a: Terrakion|Stealth Rock|p2a: Keldeo
|-sidestart|p2: tbh js imo|move: Stealth Rock
|move|p2a: Keldeo|Scald|p1a: Terrakion
|-supereffective|p1a: Terrakion
|-enditem|p1a: Terrakion|Focus Sash
|-damage|p1a: Terrakion|1\/323
|
|turn|2
|c|âtbh js imo|ye
|c| CleanerThanRotom-W|kk
|
|switch|p2a: Celebi|Celebi|403\/403
|-damage|p2a: Celebi|353\/403|[from] Stealth Rock
|move|p1a: Terrakion|Close Combat|p2a: Celebi
|-resisted|p2a: Celebi
|-damage|p2a: Celebi|276\/403
|-unboost|p1a: Terrakion|def|1
|-unboost|p1a: Terrakion|spd|1
|
|-heal|p2a: Celebi|301\/403|[from] item: Leftovers
|turn|3
|
|move|p1a: Terrakion|Taunt|p2a: Celebi
|-start|p2a: Celebi|move: Taunt
|cant|p2a: Celebi|move: Taunt|Substitute
|
|-heal|p2a: Celebi|326\/403|[from] item: Leftovers
|turn|4
|
|move|p1a: Terrakion|Close Combat|p2a: Celebi
|-resisted|p2a: Celebi
|-damage|p2a: Celebi|250\/403
|-unboost|p1a: Terrakion|def|1
|-unboost|p1a: Terrakion|spd|1
|move|p2a: Celebi|Giga Drain|p1a: Terrakion
|-supereffective|p1a: Terrakion
|-damage|p1a: Terrakion|0 fnt
|-heal|p2a: Celebi|251\/403|[from] drain|[of] p1a: Terrakion
|faint|p1a: Terrakion
|
|-heal|p2a: Celebi|276\/403|[from] item: Leftovers
|
|switch|p1a: Scizor|Scizor, M|343\/343
|turn|5
|
|switch|p2a: Heatran|Heatran, M|385\/385
|-damage|p2a: Heatran|337\/385|[from] Stealth Rock
|move|p1a: Scizor|U-turn|p2a: Heatran
|-resisted|p2a: Heatran
|-damage|p2a: Heatran|307\/385
|
|switch|p1a: Landorus|Landorus, M|357\/357
|
|-heal|p2a: Heatran|331\/385|[from] item: Leftovers
|turn|6
|c| CleanerThanRotom-W|idk bout tran as zor switch in
|c|âtbh js imo|keldeo lando
|
|switch|p2a: Landorus|Landorus, M|319\/319
|-damage|p2a: Landorus|280\/319|[from] Stealth Rock
|move|p1a: Landorus|Rock Polish|p1a: Landorus
|-boost|p1a: Landorus|spe|2
|
|turn|7
|c| CleanerThanRotom-W|all can be hit hard with bp or uturn
|c| CleanerThanRotom-W|and spower
|
|move|p1a: Landorus|Psychic|p2a: Landorus
|-damage|p2a: Landorus|38\/319
|move|p2a: Landorus|Psychic|p1a: Landorus
|-damage|p1a: Landorus|146\/357
|
|turn|8
|
|move|p1a: Landorus|Psychic|p2a: Landorus
|-damage|p2a: Landorus|0 fnt
|faint|p2a: Landorus
|
|
|switch|p2a: Celebi|Celebi|276\/403
|-damage|p2a: Celebi|226\/403|[from] Stealth Rock
|turn|9
|
|move|p1a: Landorus|Sludge Wave|p2a: Celebi
|-crit|p2a: Celebi
|-supereffective|p2a: Celebi
|-damage|p2a: Celebi|0 fnt
|faint|p2a: Celebi
|
|c|âtbh js imo|lol
|c|âtbh js imo|what the fuck
|c|âtbh js imo|kinda of shitty set
|c|âTT125|gg
|c|âtbh js imo|is that
|c|âtbh js imo|complete trash
|-message|tbh js imo forfeited.
|leave|tbh js imo
|
|win|TT125
|raw|Ladder updating...
|player|p2
|raw|TT125's rating: 1426 &rarr; <strong>1449<\/strong><br \/>(+23 for winning)
|raw|tbh js imo's rating: 1489 &rarr; <strong>1466<\/strong><br \/>(-23 for losing)
|leave|CleanerThanRotom-W