|join|RestePaisible
|join|tbh js imo
|player|p1|RestePaisible|23
|player|p2|tbh js imo|33
|gametype|singles
|gen|6
|tier|OU
|rated
|clearpoke
|poke|p1|Sylveon, M
|poke|p1|Garchomp, F
|poke|p1|Lopunny, F
|poke|p1|Rotom-Wash
|poke|p1|Landorus-Therian, M
|poke|p1|Victini
|poke|p2|Tyranitar, M
|poke|p2|Sableye, F
|poke|p2|Tentacruel, M
|poke|p2|Gliscor, M
|poke|p2|Clefable, F
|poke|p2|Ferrothorn, F
|rule|Swagger Clause: Swagger is banned
|rule|Baton Pass Clause: Limit one PokÃ©mon knowing Baton Pass
|rule|Sleep Clause Mod: Limit one foe put to sleep
|rule|Species Clause: Limit one of each PokÃ©mon
|rule|OHKO Clause: OHKO moves are banned
|rule|Moody Clause: Moody is banned
|rule|Evasion Moves Clause: Evasion moves are banned
|rule|Endless Battle Clause: Forcing endless battles is banned
|rule|HP Percentage Mod: HP is shown in percentages
|teampreview
|
|start
|switch|p1a: Lopunny|Lopunny, F|271\/271
|switch|p2a: Ferrothorn|Ferrothorn, F|352\/352
|turn|1
|
|detailschange|p1a: Lopunny|Lopunny-Mega, F
|-mega|p1a: Lopunny|Lopunny|Lopunnite
|move|p1a: Lopunny|Power-Up Punch|p2a: Ferrothorn
|-supereffective|p2a: Ferrothorn
|-damage|p2a: Ferrothorn|250\/352
|-damage|p1a: Lopunny|238\/271|[from] ability: Iron Barbs|[of] p2a: Ferrothorn
|-boost|p1a: Lopunny|atk|1
|move|p2a: Ferrothorn|Stealth Rock|p1a: Lopunny
|-sidestart|p1: RestePaisible|move: Stealth Rock
|
|-heal|p2a: Ferrothorn|272\/352|[from] item: Leftovers
|turn|2
|
|move|p2a: Ferrothorn|Protect|p2a: Ferrothorn
|-singleturn|p2a: Ferrothorn|Protect
|move|p1a: Lopunny|Drain Punch|p2a: Ferrothorn
|-activate|p2a: Ferrothorn|Protect
|
|-heal|p2a: Ferrothorn|294\/352|[from] item: Leftovers
|turn|3
|
|switch|p2a: Clefable|Clefable, F|394\/394
|move|p1a: Lopunny|Drain Punch|p2a: Clefable
|-resisted|p2a: Clefable
|-damage|p2a: Clefable|334\/394
|-heal|p1a: Lopunny|268\/271|[from] drain|[of] p2a: Clefable
|
|-heal|p2a: Clefable|358\/394|[from] item: Leftovers
|turn|4
|join|Disorient
|
|switch|p1a: Rotom-Wash|Rotom-Wash|303\/303
|-damage|p1a: Rotom-Wash|266\/303|[from] Stealth Rock
|move|p2a: Clefable|Moonblast|p1a: Rotom-Wash
|-damage|p1a: Rotom-Wash|190\/303
|-unboost|p1a: Rotom-Wash|spa|1
|
|-heal|p1a: Rotom-Wash|208\/303|[from] item: Leftovers
|-heal|p2a: Clefable|382\/394|[from] item: Leftovers
|turn|5
|join|Dark380
|
|move|p1a: Rotom-Wash|Will-O-Wisp|p2a: Clefable|[miss]
|-miss|p1a: Rotom-Wash|p2a: Clefable
|move|p2a: Clefable|Moonblast|p1a: Rotom-Wash
|-damage|p1a: Rotom-Wash|129\/303
|
|-heal|p1a: Rotom-Wash|147\/303|[from] item: Leftovers
|-heal|p2a: Clefable|394\/394|[from] item: Leftovers
|turn|6
|leave|Disorient
|c|âtbh js imo|dark :]
|
|switch|p2a: Tentacruel|Tentacruel, M|363\/363
|move|p1a: Rotom-Wash|Will-O-Wisp|p2a: Tentacruel
|-status|p2a: Tentacruel|brn
|
|-heal|p1a: Rotom-Wash|165\/303|[from] item: Leftovers
|-damage|p2a: Tentacruel|318\/363 brn|[from] brn
|turn|7
|
|move|p2a: Tentacruel|Toxic Spikes|p1a: Rotom-Wash
|-sidestart|p1: RestePaisible|move: Toxic Spikes
|move|p1a: Rotom-Wash|Volt Switch|p2a: Tentacruel
|-supereffective|p2a: Tentacruel
|-damage|p2a: Tentacruel|244\/363 brn
|c| Dark380|hey bud :]
|c|âtbh js imo|this team is so good O.o
|
|switch|p1a: Landorus-Therian|Landorus-Therian, M|382\/382
|-damage|p1a: Landorus-Therian|335\/382|[from] Stealth Rock
|-ability|p1a: Landorus-Therian|Intimidate|[of] p2a: Tentacruel
|-unboost|p2a: Tentacruel|atk|1
|
|-heal|p2a: Tentacruel|266\/363 brn|[from] item: Black Sludge
|-heal|p1a: Landorus-Therian|358\/382|[from] item: Leftovers
|-damage|p2a: Tentacruel|221\/363 brn|[from] brn
|turn|8
|
|switch|p2a: Clefable|Clefable, F|394\/394
|move|p1a: Landorus-Therian|Stealth Rock|p2a: Clefable
|-sidestart|p2: tbh js imo|move: Stealth Rock
|
|-heal|p1a: Landorus-Therian|381\/382|[from] item: Leftovers
|turn|9
|c| Dark380|fat
|c| Dark380|as always
|
|move|p1a: Landorus-Therian|Earthquake|p2a: Clefable
|-damage|p2a: Clefable|253\/394
|move|p2a: Clefable|Heal Bell|p2a: Clefable
|-cureteam|p2a: Clefable|[from] move: HealBell
|
|-heal|p1a: Landorus-Therian|382\/382|[from] item: Leftovers
|-heal|p2a: Clefable|277\/394|[from] item: Leftovers
|turn|10
|c|âtbh js imo|:]
|
|move|p1a: Landorus-Therian|Earthquake|p2a: Clefable
|-damage|p2a: Clefable|136\/394
|move|p2a: Clefable|Wish|p2a: Clefable
|
|-heal|p2a: Clefable|160\/394|[from] item: Leftovers
|turn|11
|
|switch|p1a: Rotom-Wash|Rotom-Wash|165\/303
|-damage|p1a: Rotom-Wash|128\/303|[from] Stealth Rock
|move|p2a: Clefable|Protect|p2a: Clefable
|-fail|p2a: Clefable
|
|-heal|p2a: Clefable|357\/394|[from] move: Wish|[wisher] Clefable
|-heal|p1a: Rotom-Wash|146\/303|[from] item: Leftovers
|-heal|p2a: Clefable|381\/394|[from] item: Leftovers
|turn|12
|
|switch|p2a: Tentacruel|Tentacruel, M|221\/363
|-damage|p2a: Tentacruel|176\/363|[from] Stealth Rock
|move|p1a: Rotom-Wash|Will-O-Wisp|p2a: Tentacruel
|-status|p2a: Tentacruel|brn
|
|-heal|p2a: Tentacruel|198\/363 brn|[from] item: Black Sludge
|-heal|p1a: Rotom-Wash|164\/303|[from] item: Leftovers
|-damage|p2a: Tentacruel|153\/363 brn|[from] brn
|turn|13
|
|move|p2a: Tentacruel|Rapid Spin|p1a: Rotom-Wash
|-damage|p1a: Rotom-Wash|158\/303
|-sideend|p2: tbh js imo|Stealth Rock|[from] move: Rapid Spin|[of] p2a: Tentacruel
|move|p1a: Rotom-Wash|Volt Switch|p2a: Tentacruel
|-supereffective|p2a: Tentacruel
|-damage|p2a: Tentacruel|49\/363 brn
|
|switch|p1a: Landorus-Therian|Landorus-Therian, M|382\/382
|-damage|p1a: Landorus-Therian|335\/382|[from] Stealth Rock
|-ability|p1a: Landorus-Therian|Intimidate|[of] p2a: Tentacruel
|-unboost|p2a: Tentacruel|atk|1
|
|-heal|p2a: Tentacruel|71\/363 brn|[from] item: Black Sludge
|-heal|p1a: Landorus-Therian|358\/382|[from] item: Leftovers
|-damage|p2a: Tentacruel|26\/363 brn|[from] brn
|turn|14
|c| Dark380|may as well pass it my way
|c| Dark380|kek
|c|âtbh js imo|rofl
|
|move|p2a: Tentacruel|Scald|p1a: Landorus-Therian
|-supereffective|p1a: Landorus-Therian
|-damage|p1a: Landorus-Therian|160\/382
|move|p1a: Landorus-Therian|Stealth Rock|p2a: Tentacruel
|-sidestart|p2: tbh js imo|move: Stealth Rock
|
|-heal|p2a: Tentacruel|48\/363 brn|[from] item: Black Sludge
|-heal|p1a: Landorus-Therian|183\/382|[from] item: Leftovers
|-damage|p2a: Tentacruel|3\/363 brn|[from] brn
|turn|15
|c| Dark380|mfw no burn
|
|move|p2a: Tentacruel|Toxic Spikes|p1a: Landorus-Therian
|-sidestart|p1: RestePaisible|move: Toxic Spikes
|move|p1a: Landorus-Therian|Stealth Rock|p2a: Tentacruel
|-fail|p2a: Tentacruel
|
|-heal|p2a: Tentacruel|25\/363 brn|[from] item: Black Sludge
|-heal|p1a: Landorus-Therian|206\/382|[from] item: Leftovers
|-damage|p2a: Tentacruel|0 fnt|[from] brn
|faint|p2a: Tentacruel
|
|switch|p2a: Gliscor|Gliscor, M|353\/353
|-damage|p2a: Gliscor|309\/353|[from] Stealth Rock
|turn|16
|
|move|p2a: Gliscor|Toxic|p1a: Landorus-Therian
|-status|p1a: Landorus-Therian|tox
|move|p1a: Landorus-Therian|U-turn|p2a: Gliscor
|-resisted|p2a: Gliscor
|-damage|p2a: Gliscor|279\/353
|c|âtbh js imo|doesnt gliscor like
|c|âtbh js imo|win
|c|âtbh js imo|lol
|
|switch|p1a: Sylveon|Sylveon, M|393\/393
|-status|p1a: Sylveon|tox
|-damage|p1a: Sylveon|344\/393 tox|[from] Stealth Rock
|
|-damage|p1a: Sylveon|320\/393 tox|[from] psn
|-status|p2a: Gliscor|tox|[from] item: Toxic Orb
|turn|17
|c| Dark380|tini does like
|c| Dark380|2000%
|c|âtbh js imo|ture
|c|âtbh js imo|*true
|
|switch|p2a: Ferrothorn|Ferrothorn, F|294\/352
|-damage|p2a: Ferrothorn|272\/352|[from] Stealth Rock
|move|p1a: Sylveon|Hidden Power|p2a: Ferrothorn
|-supereffective|p2a: Ferrothorn
|-damage|p2a: Ferrothorn|0 fnt
|faint|p2a: Ferrothorn
|
|-damage|p1a: Sylveon|272\/393 tox|[from] psn
|c| Dark380|but all them hazards
|c| Dark380|the widdle
|c|âtbh js imo|ah rekt
|c| Dark380|lmao
|c|âtbh js imo|wait
|c|âtbh js imo|dont these run hp ground
|c| Dark380|nah
|c|âtbh js imo|what kind of shit set is hp fire rofl
|
|switch|p2a: Sableye|Sableye, F|304\/304
|-damage|p2a: Sableye|266\/304|[from] Stealth Rock
|turn|18
|c| Dark380|i think most are fire
|
|switch|p1a: Landorus-Therian|Landorus-Therian, M|206\/382 tox
|-damage|p1a: Landorus-Therian|159\/382 tox|[from] Stealth Rock
|-ability|p1a: Landorus-Therian|Intimidate|[of] p2a: Sableye
|-unboost|p2a: Sableye|atk|1
|move|p2a: Sableye|Will-O-Wisp|p1a: Landorus-Therian
|-fail|p1a: Landorus-Therian
|
|-heal|p1a: Landorus-Therian|182\/382 tox|[from] item: Leftovers
|-damage|p1a: Landorus-Therian|159\/382 tox|[from] psn
|turn|19
|c| Dark380|we sending out counters
|
|move|p1a: Landorus-Therian|U-turn|p2a: Sableye
|-damage|p2a: Sableye|204\/304
|
|switch|p1a: Lopunny|Lopunny-Mega, F|268\/271
|-status|p1a: Lopunny|tox
|-damage|p1a: Lopunny|252\/271 tox|[from] Stealth Rock
|move|p2a: Sableye|Shadow Ball|p1a: Lopunny
|-immune|p1a: Lopunny|[msg]
|
|-damage|p1a: Lopunny|236\/271 tox|[from] psn
|turn|20
|
|switch|p2a: Clefable|Clefable, F|381\/394
|-damage|p2a: Clefable|332\/394|[from] Stealth Rock
|move|p1a: Lopunny|Frustration|p2a: Clefable
|-damage|p2a: Clefable|169\/394
|
|-heal|p2a: Clefable|193\/394|[from] item: Leftovers
|-damage|p1a: Lopunny|204\/271 tox|[from] psn
|turn|21
|c| Dark380|lol
|c| Dark380|toxic spikes not rly helping sometimes
|
|switch|p1a: Rotom-Wash|Rotom-Wash|158\/303
|-damage|p1a: Rotom-Wash|121\/303|[from] Stealth Rock
|move|p2a: Clefable|Wish|p2a: Clefable
|
|-heal|p1a: Rotom-Wash|139\/303|[from] item: Leftovers
|-heal|p2a: Clefable|217\/394|[from] item: Leftovers
|turn|22
|c|âtbh js imo|ye
|c|âtbh js imo|thats annoying
|c| Dark380|yh
|
|move|p1a: Rotom-Wash|Will-O-Wisp|p2a: Clefable|[miss]
|-miss|p1a: Rotom-Wash|p2a: Clefable
|move|p2a: Clefable|Moonblast|p1a: Rotom-Wash
|-damage|p1a: Rotom-Wash|60\/303
|-unboost|p1a: Rotom-Wash|spa|1
|
|-heal|p2a: Clefable|394\/394|[from] move: Wish|[wisher] Clefable
|-heal|p1a: Rotom-Wash|78\/303|[from] item: Leftovers
|turn|23
|
|switch|p2a: Sableye|Sableye, F|204\/304
|-damage|p2a: Sableye|166\/304|[from] Stealth Rock
|move|p1a: Rotom-Wash|Pain Split|p2a: Sableye
|-sethp|p2a: Sableye|122\/304|p1a: Rotom-Wash|122\/303|[from] move: Pain Split
|
|-heal|p1a: Rotom-Wash|140\/303|[from] item: Leftovers
|turn|24
|
|switch|p1a: Lopunny|Lopunny-Mega, F|204\/271 tox
|-damage|p1a: Lopunny|188\/271 tox|[from] Stealth Rock
|move|p2a: Sableye|Will-O-Wisp|p1a: Lopunny
|-fail|p1a: Lopunny
|
|-damage|p1a: Lopunny|172\/271 tox|[from] psn
|turn|25
|c|âtbh js imo|cancel,,
|c|âtbh js imo|nice
|
|switch|p2a: Clefable|Clefable, F|394\/394
|-damage|p2a: Clefable|345\/394|[from] Stealth Rock
|move|p1a: Lopunny|Frustration|p2a: Clefable
|-crit|p2a: Clefable
|-damage|p2a: Clefable|81\/394
|
|-heal|p2a: Clefable|105\/394|[from] item: Leftovers
|-damage|p1a: Lopunny|140\/271 tox|[from] psn
|turn|26
|c|âtbh js imo|omg
|c|âtbh js imo|must be nice
|
|move|p2a: Clefable|Protect|p2a: Clefable
|-singleturn|p2a: Clefable|Protect
|move|p1a: Lopunny|Frustration|p2a: Clefable
|-activate|p2a: Clefable|Protect
|
|-heal|p2a: Clefable|129\/394|[from] item: Leftovers
|-damage|p1a: Lopunny|92\/271 tox|[from] psn
|turn|27
|c|âtbh js imo|fuck this shit game
|
|switch|p2a: Sableye|Sableye, F|122\/304
|-damage|p2a: Sableye|84\/304|[from] Stealth Rock
|move|p1a: Lopunny|Frustration|p2a: Sableye
|-damage|p2a: Sableye|0 fnt
|faint|p2a: Sableye
|
|-damage|p1a: Lopunny|28\/271 tox|[from] psn
|
|switch|p2a: Clefable|Clefable, F|129\/394
|-damage|p2a: Clefable|80\/394|[from] Stealth Rock
|turn|28
|
|move|p1a: Lopunny|Frustration|p2a: Clefable
|-damage|p2a: Clefable|0 fnt
|faint|p2a: Clefable
|
|-damage|p1a: Lopunny|0 fnt|[from] psn
|faint|p1a: Lopunny
|
|switch|p2a: Gliscor|Gliscor, M|279\/353 tox
|switch|p1a: Rotom-Wash|Rotom-Wash|140\/303
|-damage|p2a: Gliscor|235\/353 tox|[from] Stealth Rock
|-damage|p1a: Rotom-Wash|103\/303|[from] Stealth Rock
|turn|29
|
|move|p2a: Gliscor|Roost|p2a: Gliscor
|-heal|p2a: Gliscor|353\/353 tox
|move|p1a: Rotom-Wash|Hydro Pump|p2a: Gliscor
|-supereffective|p2a: Gliscor
|-damage|p2a: Gliscor|101\/353 tox
|
|-heal|p1a: Rotom-Wash|121\/303|[from] item: Leftovers
|-heal|p2a: Gliscor|145\/353 tox|[from] ability: Poison Heal
|turn|30
|
|move|p2a: Gliscor|Roost|p2a: Gliscor
|-heal|p2a: Gliscor|322\/353 tox
|move|p1a: Rotom-Wash|Pain Split|p2a: Gliscor
|-sethp|p2a: Gliscor|221\/353 tox|p1a: Rotom-Wash|221\/303|[from] move: Pain Split
|
|-heal|p1a: Rotom-Wash|239\/303|[from] item: Leftovers
|-heal|p2a: Gliscor|265\/353 tox|[from] ability: Poison Heal
|turn|31
|
|move|p2a: Gliscor|Toxic|p1a: Rotom-Wash
|-status|p1a: Rotom-Wash|tox
|move|p1a: Rotom-Wash|Hydro Pump|p2a: Gliscor
|-supereffective|p2a: Gliscor
|-damage|p2a: Gliscor|0 fnt
|faint|p2a: Gliscor
|
|-heal|p1a: Rotom-Wash|257\/303 tox|[from] item: Leftovers
|-damage|p1a: Rotom-Wash|239\/303 tox|[from] psn
|c|âtbh js imo|luckE
|-message|tbh js imo forfeited.
|
|win|RestePaisible
|raw|Ladder updating...
|leave|tbh js imo
|player|p2
|raw|RestePaisible's rating: 1605 &rarr; <strong>1632<\/strong><br \/>(+27 for winning)
|raw|tbh js imo's rating: 1719 &rarr; <strong>1693<\/strong><br \/>(-26 for losing)