|join|tbh js imo
|join|Costi93
|player|p1|tbh js imo|33
|player|p2|Costi93|238
|gametype|singles
|gen|6
|tier|OU
|clearpoke
|poke|p1|Tyranitar, F
|poke|p1|Venusaur, F
|poke|p1|Slowbro, F
|poke|p1|Gliscor, M
|poke|p1|Heatran, M
|poke|p1|Raikou
|poke|p2|Gardevoir, F
|poke|p2|Keldeo
|poke|p2|Ferrothorn, F
|poke|p2|Hippowdon, M
|poke|p2|Latios, M
|poke|p2|Heatran, M
|rule|Swagger Clause: Swagger is banned
|rule|Baton Pass Clause: Limit one PokÃ©mon knowing Baton Pass
|rule|Sleep Clause Mod: Limit one foe put to sleep
|rule|Species Clause: Limit one of each PokÃ©mon
|rule|OHKO Clause: OHKO moves are banned
|rule|Moody Clause: Moody is banned
|rule|Evasion Moves Clause: Evasion moves are banned
|rule|Endless Battle Clause: Forcing endless battles is banned
|rule|HP Percentage Mod: HP is shown in percentages
|teampreview
|join|Wanna Be A Baller
|c|âCosti93|yo, good luck man
|c|âtbh js imo|u2
|
|start
|switch|p1a: Slowbro|Slowbro, F|393\/393
|switch|p2a: Gardevoir|Gardevoir, F|277\/277
|-ability|p2a: Gardevoir|Regenerator|[from] ability: Trace|[of] p1a: Slowbro
|turn|1
|join|Prankster
|join|Dark380
|c|âtbh js imo|whatup max
|
|detailschange|p2a: Gardevoir|Gardevoir-Mega, F
|-mega|p2a: Gardevoir|Gardevoir|Gardevoirite
|move|p2a: Gardevoir|Hyper Voice|p1a: Slowbro
|-damage|p1a: Slowbro|90\/393
|move|p1a: Slowbro|Thunder Wave|p2a: Gardevoir
|-status|p2a: Gardevoir|par
|
|-heal|p1a: Slowbro|114\/393|[from] item: Leftovers
|turn|2
|
|switch|p1a: Heatran|Heatran, M|385\/385
|move|p2a: Gardevoir|Focus Blast|p1a: Heatran
|-supereffective|p1a: Heatran
|-damage|p1a: Heatran|133\/385
|
|-heal|p1a: Heatran|157\/385|[from] item: Leftovers
|turn|3
|
|move|p1a: Heatran|Stealth Rock|p2a: Gardevoir
|-sidestart|p2: Costi93|move: Stealth Rock
|move|p2a: Gardevoir|Focus Blast|p1a: Heatran|[miss]
|-miss|p2a: Gardevoir|p1a: Heatran
|
|-heal|p1a: Heatran|181\/385|[from] item: Leftovers
|turn|4
|
|move|p1a: Heatran|Lava Plume|p2a: Gardevoir
|-damage|p2a: Gardevoir|181\/277 par
|move|p2a: Gardevoir|Focus Blast|p1a: Heatran
|-crit|p1a: Heatran
|-supereffective|p1a: Heatran
|-damage|p1a: Heatran|0 fnt
|faint|p1a: Heatran
|
|
|switch|p1a: Venusaur|Venusaur, F|359\/359
|turn|5
|
|switch|p1a: Gliscor|Gliscor, M|352\/352
|move|p2a: Gardevoir|Psyshock|p1a: Gliscor
|-damage|p1a: Gliscor|184\/352
|
|-status|p1a: Gliscor|tox|[from] item: Toxic Orb
|turn|6
|
|switch|p1a: Venusaur|Venusaur, F|359\/359
|move|p2a: Gardevoir|Psyshock|p1a: Venusaur
|-supereffective|p1a: Venusaur
|-damage|p1a: Venusaur|0 fnt
|faint|p1a: Venusaur
|
|
|switch|p1a: Tyranitar|Tyranitar, F|341\/341
|-weather|Sandstorm
|turn|7
|
|move|p1a: Tyranitar|Crunch|p2a: Gardevoir
|-damage|p2a: Gardevoir|0 fnt
|faint|p2a: Gardevoir
|
|-weather|Sandstorm|[upkeep]
|
|switch|p2a: Keldeo|Keldeo|323\/323
|-damage|p2a: Keldeo|303\/323|[from] Stealth Rock
|turn|8
|
|switch|p1a: Raikou|Raikou|329\/329
|-ability|p1a: Raikou|Pressure
|move|p2a: Keldeo|Substitute|p2a: Keldeo
|-start|p2a: Keldeo|Substitute
|-damage|p2a: Keldeo|223\/323
|
|-weather|Sandstorm|[upkeep]
|-damage|p1a: Raikou|309\/329|[from] sandstorm
|-damage|p2a: Keldeo|203\/323|[from] sandstorm
|-heal|p1a: Raikou|329\/329|[from] item: Leftovers
|-heal|p2a: Keldeo|223\/323|[from] item: Leftovers
|turn|9
|
|move|p1a: Raikou|Thunderbolt|p2a: Keldeo
|-supereffective|p2a: Keldeo
|-end|p2a: Keldeo|Substitute
|move|p2a: Keldeo|Secret Sword|p1a: Raikou
|-damage|p1a: Raikou|130\/329
|
|-weather|Sandstorm|[upkeep]
|-damage|p1a: Raikou|110\/329|[from] sandstorm
|-damage|p2a: Keldeo|203\/323|[from] sandstorm
|-heal|p1a: Raikou|130\/329|[from] item: Leftovers
|-heal|p2a: Keldeo|223\/323|[from] item: Leftovers
|turn|10
|
|switch|p1a: Slowbro|Slowbro, F|245\/393
|switch|p2a: Hippowdon|Hippowdon, M|420\/420
|-damage|p2a: Hippowdon|394\/420|[from] Stealth Rock
|
|-weather|Sandstorm|[upkeep]
|-damage|p1a: Slowbro|221\/393|[from] sandstorm
|-heal|p2a: Hippowdon|420\/420|[from] item: Leftovers
|-heal|p1a: Slowbro|245\/393|[from] item: Leftovers
|turn|11
|
|switch|p1a: Tyranitar|Tyranitar, F|341\/341
|move|p2a: Hippowdon|Stealth Rock|p1a: Tyranitar
|-sidestart|p1: tbh js imo|move: Stealth Rock
|
|-weather|none
|turn|12
|
|switch|p1a: Slowbro|Slowbro, F|376\/393
|-damage|p1a: Slowbro|327\/393|[from] Stealth Rock
|switch|p2a: Keldeo|Keldeo|223\/323
|-damage|p2a: Keldeo|203\/323|[from] Stealth Rock
|
|-heal|p2a: Keldeo|223\/323|[from] item: Leftovers
|-heal|p1a: Slowbro|351\/393|[from] item: Leftovers
|turn|13
|
|move|p2a: Keldeo|Substitute|p2a: Keldeo
|-start|p2a: Keldeo|Substitute
|-damage|p2a: Keldeo|143\/323
|move|p1a: Slowbro|Psyshock|p2a: Keldeo
|-supereffective|p2a: Keldeo
|-end|p2a: Keldeo|Substitute
|
|-heal|p2a: Keldeo|163\/323|[from] item: Leftovers
|-heal|p1a: Slowbro|375\/393|[from] item: Leftovers
|turn|14
|
|switch|p2a: Ferrothorn|Ferrothorn, F|352\/352
|-damage|p2a: Ferrothorn|330\/352|[from] Stealth Rock
|move|p1a: Slowbro|Scald|p2a: Ferrothorn
|-resisted|p2a: Ferrothorn
|-damage|p2a: Ferrothorn|292\/352
|
|-heal|p1a: Slowbro|393\/393|[from] item: Leftovers
|-heal|p2a: Ferrothorn|314\/352|[from] item: Leftovers
|turn|15
|
|move|p1a: Slowbro|Scald|p2a: Ferrothorn
|-resisted|p2a: Ferrothorn
|-damage|p2a: Ferrothorn|278\/352
|move|p2a: Ferrothorn|Leech Seed|p1a: Slowbro
|-start|p1a: Slowbro|move: Leech Seed
|
|-heal|p2a: Ferrothorn|300\/352|[from] item: Leftovers
|-damage|p1a: Slowbro|344\/393|[from] Leech Seed|[of] p2a: Ferrothorn
|-heal|p2a: Ferrothorn|349\/352|[silent]
|turn|16
|
|move|p1a: Slowbro|Scald|p2a: Ferrothorn
|-resisted|p2a: Ferrothorn
|-damage|p2a: Ferrothorn|314\/352
|-status|p2a: Ferrothorn|brn
|move|p2a: Ferrothorn|Spikes|p1a: Slowbro
|-sidestart|p1: tbh js imo|Spikes
|
|-heal|p1a: Slowbro|368\/393|[from] item: Leftovers
|-heal|p2a: Ferrothorn|336\/352 brn|[from] item: Leftovers
|-damage|p1a: Slowbro|319\/393|[from] Leech Seed|[of] p2a: Ferrothorn
|-heal|p2a: Ferrothorn|352\/352 brn|[silent]
|-damage|p2a: Ferrothorn|308\/352 brn|[from] brn
|turn|17
|
|switch|p1a: Gliscor|Gliscor, M|184\/352 tox
|-damage|p1a: Gliscor|140\/352 tox|[from] Stealth Rock
|move|p2a: Ferrothorn|Spikes|p1a: Gliscor
|-sidestart|p1: tbh js imo|Spikes
|
|-heal|p2a: Ferrothorn|330\/352 brn|[from] item: Leftovers
|-heal|p1a: Gliscor|184\/352 tox|[from] ability: Poison Heal
|-damage|p2a: Ferrothorn|286\/352 brn|[from] brn
|turn|18
|
|move|p1a: Gliscor|Roost|p1a: Gliscor
|-heal|p1a: Gliscor|352\/352 tox
|move|p2a: Ferrothorn|Leech Seed|p1a: Gliscor
|-start|p1a: Gliscor|move: Leech Seed
|
|-heal|p2a: Ferrothorn|308\/352 brn|[from] item: Leftovers
|-damage|p1a: Gliscor|308\/352 tox|[from] Leech Seed|[of] p2a: Ferrothorn
|-heal|p2a: Ferrothorn|352\/352 brn|[silent]
|-heal|p1a: Gliscor|352\/352 tox|[from] ability: Poison Heal
|-damage|p2a: Ferrothorn|308\/352 brn|[from] brn
|turn|19
|
|move|p1a: Gliscor|Knock Off|p2a: Ferrothorn
|-damage|p2a: Ferrothorn|256\/352 brn
|-damage|p1a: Gliscor|308\/352 tox|[from] ability: Iron Barbs|[of] p2a: Ferrothorn
|-enditem|p2a: Ferrothorn|Leftovers|[from] move: Knock Off|[of] p1a: Gliscor
|move|p2a: Ferrothorn|Spikes|p1a: Gliscor
|-sidestart|p1: tbh js imo|Spikes
|
|-damage|p1a: Gliscor|264\/352 tox|[from] Leech Seed|[of] p2a: Ferrothorn
|-heal|p2a: Ferrothorn|300\/352 brn|[silent]
|-heal|p1a: Gliscor|308\/352 tox|[from] ability: Poison Heal
|-damage|p2a: Ferrothorn|256\/352 brn|[from] brn
|turn|20
|
|move|p1a: Gliscor|Earthquake|p2a: Ferrothorn
|-damage|p2a: Ferrothorn|177\/352 brn
|move|p2a: Ferrothorn|Power Whip|p1a: Gliscor
|-damage|p1a: Gliscor|254\/352 tox
|
|-damage|p1a: Gliscor|210\/352 tox|[from] Leech Seed|[of] p2a: Ferrothorn
|-heal|p2a: Ferrothorn|221\/352 brn|[silent]
|-heal|p1a: Gliscor|254\/352 tox|[from] ability: Poison Heal
|-damage|p2a: Ferrothorn|177\/352 brn|[from] brn
|turn|21
|
|switch|p2a: Latios|Latios, M|299\/299
|-damage|p2a: Latios|262\/299|[from] Stealth Rock
|move|p1a: Gliscor|Earthquake|p2a: Latios
|-immune|p2a: Latios|[msg]
|
|-damage|p1a: Gliscor|210\/352 tox|[from] Leech Seed|[of] p2a: Latios
|-heal|p2a: Latios|299\/299|[silent]
|-heal|p1a: Gliscor|254\/352 tox|[from] ability: Poison Heal
|turn|22
|
|switch|p2a: Keldeo|Keldeo|163\/323
|-damage|p2a: Keldeo|143\/323|[from] Stealth Rock
|switch|p1a: Raikou|Raikou|130\/329
|-damage|p1a: Raikou|48\/329|[from] Spikes
|-damage|p1a: Raikou|7\/329|[from] Stealth Rock
|-ability|p1a: Raikou|Pressure
|
|-heal|p1a: Raikou|27\/329|[from] item: Leftovers
|-heal|p2a: Keldeo|163\/323|[from] item: Leftovers
|turn|23
|
|switch|p2a: Hippowdon|Hippowdon, M|420\/420
|-damage|p2a: Hippowdon|394\/420|[from] Stealth Rock
|-weather|Sandstorm
|move|p1a: Raikou|Calm Mind|p1a: Raikou
|-boost|p1a: Raikou|spa|1
|-boost|p1a: Raikou|spd|1
|
|-weather|Sandstorm|[upkeep]
|-damage|p1a: Raikou|7\/329|[from] sandstorm
|-heal|p1a: Raikou|27\/329|[from] item: Leftovers
|-heal|p2a: Hippowdon|420\/420|[from] item: Leftovers
|turn|24
|
|switch|p1a: Slowbro|Slowbro, F|393\/393
|-damage|p1a: Slowbro|344\/393|[from] Stealth Rock
|-damage|p1a: Slowbro|246\/393|[from] Spikes
|move|p2a: Hippowdon|Earthquake|p1a: Slowbro
|-damage|p1a: Slowbro|156\/393
|
|-weather|Sandstorm|[upkeep]
|-damage|p1a: Slowbro|132\/393|[from] sandstorm
|-heal|p1a: Slowbro|156\/393|[from] item: Leftovers
|turn|25
|
|switch|p2a: Ferrothorn|Ferrothorn, F|177\/352 brn
|-damage|p2a: Ferrothorn|155\/352 brn|[from] Stealth Rock
|move|p1a: Slowbro|Slack Off|p1a: Slowbro
|-heal|p1a: Slowbro|353\/393
|
|-weather|Sandstorm|[upkeep]
|-damage|p1a: Slowbro|329\/393|[from] sandstorm
|-heal|p1a: Slowbro|353\/393|[from] item: Leftovers
|-damage|p2a: Ferrothorn|111\/352 brn|[from] brn
|turn|26
|
|move|p1a: Slowbro|Scald|p2a: Ferrothorn
|-resisted|p2a: Ferrothorn
|-damage|p2a: Ferrothorn|78\/352 brn
|move|p2a: Ferrothorn|Leech Seed|p1a: Slowbro
|-start|p1a: Slowbro|move: Leech Seed
|
|-weather|Sandstorm|[upkeep]
|-damage|p1a: Slowbro|329\/393|[from] sandstorm
|-heal|p1a: Slowbro|353\/393|[from] item: Leftovers
|-damage|p1a: Slowbro|304\/393|[from] Leech Seed|[of] p2a: Ferrothorn
|-heal|p2a: Ferrothorn|127\/352 brn|[silent]
|-damage|p2a: Ferrothorn|83\/352 brn|[from] brn
|turn|27
|
|move|p1a: Slowbro|Scald|p2a: Ferrothorn
|-resisted|p2a: Ferrothorn
|-damage|p2a: Ferrothorn|44\/352 brn
|move|p2a: Ferrothorn|Thunder Wave|p1a: Slowbro
|-status|p1a: Slowbro|par
|
|-weather|none
|-heal|p1a: Slowbro|328\/393 par|[from] item: Leftovers
|-damage|p1a: Slowbro|279\/393 par|[from] Leech Seed|[of] p2a: Ferrothorn
|-heal|p2a: Ferrothorn|93\/352 brn|[silent]
|-damage|p2a: Ferrothorn|49\/352 brn|[from] brn
|turn|28
|
|move|p2a: Ferrothorn|Power Whip|p1a: Slowbro
|-supereffective|p1a: Slowbro
|-damage|p1a: Slowbro|189\/393 par
|move|p1a: Slowbro|Scald|p2a: Ferrothorn
|-resisted|p2a: Ferrothorn
|-damage|p2a: Ferrothorn|12\/352 brn
|
|-heal|p1a: Slowbro|213\/393 par|[from] item: Leftovers
|-damage|p1a: Slowbro|164\/393 par|[from] Leech Seed|[of] p2a: Ferrothorn
|-heal|p2a: Ferrothorn|61\/352 brn|[silent]
|-damage|p2a: Ferrothorn|17\/352 brn|[from] brn
|turn|29
|
|move|p2a: Ferrothorn|Power Whip|p1a: Slowbro|[miss]
|-miss|p2a: Ferrothorn|p1a: Slowbro
|move|p1a: Slowbro|Slack Off|p1a: Slowbro
|-heal|p1a: Slowbro|361\/393 par
|
|-heal|p1a: Slowbro|385\/393 par|[from] item: Leftovers
|-damage|p1a: Slowbro|336\/393 par|[from] Leech Seed|[of] p2a: Ferrothorn
|-heal|p2a: Ferrothorn|66\/352 brn|[silent]
|-damage|p2a: Ferrothorn|22\/352 brn|[from] brn
|turn|30
|
|move|p2a: Ferrothorn|Power Whip|p1a: Slowbro
|-supereffective|p1a: Slowbro
|-damage|p1a: Slowbro|250\/393 par
|move|p1a: Slowbro|Scald|p2a: Ferrothorn
|-resisted|p2a: Ferrothorn
|-damage|p2a: Ferrothorn|0 fnt
|faint|p2a: Ferrothorn
|
|-heal|p1a: Slowbro|274\/393 par|[from] item: Leftovers
|
|switch|p2a: Latios|Latios, M|299\/299
|-damage|p2a: Latios|262\/299|[from] Stealth Rock
|turn|31
|
|switch|p2a: Heatran|Heatran, M|323\/323
|-damage|p2a: Heatran|283\/323|[from] Stealth Rock
|switch|p1a: Tyranitar|Tyranitar, F|341\/341
|-damage|p1a: Tyranitar|256\/341|[from] Spikes
|-damage|p1a: Tyranitar|214\/341|[from] Stealth Rock
|-weather|Sandstorm
|
|-weather|Sandstorm|[upkeep]
|turn|32
|join|Lord Kuvira
|
|switch|p2a: Hippowdon|Hippowdon, M|420\/420
|-damage|p2a: Hippowdon|394\/420|[from] Stealth Rock
|switch|p1a: Slowbro|Slowbro, F|393\/393 par
|-damage|p1a: Slowbro|344\/393 par|[from] Stealth Rock
|-damage|p1a: Slowbro|246\/393 par|[from] Spikes
|
|-weather|Sandstorm|[upkeep]
|-damage|p1a: Slowbro|222\/393 par|[from] sandstorm
|-heal|p2a: Hippowdon|420\/420|[from] item: Leftovers
|-heal|p1a: Slowbro|246\/393 par|[from] item: Leftovers
|turn|33
|
|move|p2a: Hippowdon|Earthquake|p1a: Slowbro
|-damage|p1a: Slowbro|164\/393 par
|cant|p1a: Slowbro|par
|
|-weather|Sandstorm|[upkeep]
|-damage|p1a: Slowbro|140\/393 par|[from] sandstorm
|-heal|p1a: Slowbro|164\/393 par|[from] item: Leftovers
|turn|34
|
|move|p2a: Hippowdon|Earthquake|p1a: Slowbro
|-crit|p1a: Slowbro
|-damage|p1a: Slowbro|29\/393 par
|move|p1a: Slowbro|Slack Off|p1a: Slowbro
|-heal|p1a: Slowbro|226\/393 par
|
|-weather|Sandstorm|[upkeep]
|-damage|p1a: Slowbro|202\/393 par|[from] sandstorm
|-heal|p1a: Slowbro|226\/393 par|[from] item: Leftovers
|turn|35
|
|switch|p2a: Latios|Latios, M|262\/299
|-damage|p2a: Latios|225\/299|[from] Stealth Rock
|cant|p1a: Slowbro|par
|
|-weather|none
|-heal|p1a: Slowbro|250\/393 par|[from] item: Leftovers
|turn|36
|leave|Prankster
|c|âtbh js imo|cmon
|leave|Wanna Be A Baller
|
|switch|p2a: Heatran|Heatran, M|283\/323
|-damage|p2a: Heatran|243\/323|[from] Stealth Rock
|switch|p1a: Raikou|Raikou|27\/329
|-damage|p1a: Raikou|0 fnt|[from] Stealth Rock
|faint|p1a: Raikou
|
|
|switch|p1a: Gliscor|Gliscor, M|254\/352 tox
|-damage|p1a: Gliscor|210\/352 tox|[from] Stealth Rock
|turn|37
|
|move|p2a: Heatran|Overheat|p1a: Gliscor
|-damage|p1a: Gliscor|0 fnt
|-unboost|p2a: Heatran|spa|2
|faint|p1a: Gliscor
|
|
|switch|p1a: Slowbro|Slowbro, F|381\/393 par
|-damage|p1a: Slowbro|283\/393 par|[from] Spikes
|-damage|p1a: Slowbro|234\/393 par|[from] Stealth Rock
|turn|38
|c|âtbh js imo|gg
|
|switch|p2a: Hippowdon|Hippowdon, M|420\/420
|-damage|p2a: Hippowdon|394\/420|[from] Stealth Rock
|-weather|Sandstorm
|move|p1a: Slowbro|Scald|p2a: Hippowdon
|-supereffective|p2a: Hippowdon
|-damage|p2a: Hippowdon|190\/420
|-status|p2a: Hippowdon|brn
|
|-weather|Sandstorm|[upkeep]
|-damage|p1a: Slowbro|210\/393 par|[from] sandstorm
|-heal|p2a: Hippowdon|216\/420 brn|[from] item: Leftovers
|-heal|p1a: Slowbro|234\/393 par|[from] item: Leftovers
|-damage|p2a: Hippowdon|164\/420 brn|[from] brn
|turn|39
|-message|tbh js imo forfeited.
|
|win|Costi93
|c|âCosti93|gg
|leave|tbh js imo
|player|p1