|join|Reverb
|join|tbh js imo
|c|âtbh js imo|o
|player|p1|Reverb|#reverb
|player|p2|tbh js imo|33
|gametype|singles
|gen|6
|tier|OU
|rated
|clearpoke
|poke|p1|Lopunny, F
|poke|p1|Clefable, M
|poke|p1|Tyranitar, M
|poke|p1|Keldeo
|poke|p1|Landorus-Therian, M
|poke|p1|Empoleon, F
|poke|p2|Diancie
|poke|p2|Magnezone
|poke|p2|Latios, M
|poke|p2|Diggersby, M
|poke|p2|Garchomp, F
|poke|p2|Gyarados, F
|rule|Swagger Clause: Swagger is banned
|rule|Baton Pass Clause: Limit one PokÃ©mon knowing Baton Pass
|rule|Sleep Clause Mod: Limit one foe put to sleep
|rule|Species Clause: Limit one of each PokÃ©mon
|rule|OHKO Clause: OHKO moves are banned
|rule|Moody Clause: Moody is banned
|rule|Evasion Moves Clause: Evasion moves are banned
|rule|Endless Battle Clause: Forcing endless battles is banned
|rule|HP Percentage Mod: HP is shown in percentages
|teampreview
|join|Zamrock
|join|tst100
|join|Ox the Fox
|c|âtbh js imo|im cosine hey
|join|Dragonite VII
|c| Zamrock|Reverb can u undo ur pansies and unmute the chat please
|c| Ox the Fox|^
|join|Mistaken
|raw|<div class="broadcast-red"><b>Moderated chat was set to +!<\/b><br \/>Only users of rank + and higher can talk.<\/div>
|join|haunter
|join|CleanerThanRotom-W
|c|âtbh js imo|hf
|
|start
|switch|p1a: Lopunny|Lopunny, F|271\/271
|switch|p2a: Garchomp|Garchomp, F|357\/357
|turn|1
|join|RevMasta
|
|switch|p2a: Gyarados|Gyarados, F|353\/353
|-ability|p2a: Gyarados|Intimidate|[of] p1a: Lopunny
|-unboost|p1a: Lopunny|atk|1
|detailschange|p1a: Lopunny|Lopunny-Mega, F
|-mega|p1a: Lopunny|Lopunny|Lopunnite
|move|p1a: Lopunny|Fake Out|p2a: Gyarados
|-damage|p2a: Gyarados|293\/353
|
|-heal|p2a: Gyarados|315\/353|[from] item: Leftovers
|turn|2
|join|gizmo
|join|Chakra
|join|Yuttt.ttttt
|c|âReverb|u2
|join|99ProblemsMyELOis1
|join|Montsegur
|
|switch|p1a: Landorus-Therian|Landorus-Therian, M|327\/327
|-ability|p1a: Landorus-Therian|Intimidate|[of] p2a: Gyarados
|-unboost|p2a: Gyarados|atk|1
|move|p2a: Gyarados|Dragon Dance|p2a: Gyarados
|-boost|p2a: Gyarados|atk|1
|-boost|p2a: Gyarados|spe|1
|
|-heal|p2a: Gyarados|337\/353|[from] item: Leftovers
|turn|3
|join|habajiga
|leave|Yuttt.ttttt
|c|+Montsegur|gl hf both ppl
|join|Death on Wings
|leave|Zamrock
|
|move|p1a: Landorus-Therian|Stone Edge|p2a: Gyarados
|-supereffective|p2a: Gyarados
|-damage|p2a: Gyarados|27\/353
|move|p2a: Gyarados|Waterfall|p1a: Landorus-Therian
|-supereffective|p1a: Landorus-Therian
|-damage|p1a: Landorus-Therian|0 fnt
|faint|p1a: Landorus-Therian
|
|-heal|p2a: Gyarados|49\/353|[from] item: Leftovers
|
|switch|p1a: Lopunny|Lopunny-Mega, F|271\/271
|turn|4
|
|switch|p2a: Garchomp|Garchomp, F|357\/357
|move|p1a: Lopunny|Fake Out|p2a: Garchomp
|-damage|p2a: Garchomp|282\/357
|-damage|p1a: Lopunny|238\/271|[from] ability: Rough Skin|[of] p2a: Garchomp
|
|turn|5
|
|switch|p2a: Gyarados|Gyarados, F|49\/353
|-ability|p2a: Gyarados|Intimidate|[of] p1a: Lopunny
|-unboost|p1a: Lopunny|atk|1
|move|p1a: Lopunny|Ice Punch|p2a: Gyarados
|-damage|p2a: Gyarados|0 fnt
|faint|p2a: Gyarados
|
|
|switch|p2a: Garchomp|Garchomp, F|282\/357
|turn|6
|
|switch|p1a: Keldeo|Keldeo|323\/323
|move|p2a: Garchomp|Earthquake|p1a: Keldeo
|-damage|p1a: Keldeo|118\/323
|
|turn|7
|join|FlamingVictini PB
|join|RedKingAlmighty
|
|switch|p2a: Latios|Latios, M|301\/301
|move|p1a: Keldeo|Hydro Pump|p2a: Latios
|-resisted|p2a: Latios
|-damage|p2a: Latios|160\/301
|
|turn|8
|
|move|p2a: Latios|Psyshock|p1a: Keldeo
|-supereffective|p1a: Keldeo
|-damage|p1a: Keldeo|0 fnt
|-damage|p2a: Latios|130\/301|[from] item: Life Orb
|faint|p1a: Keldeo
|
|
|switch|p1a: Empoleon|Empoleon, F|371\/371
|turn|9
|join|mega driffblim
|join|DM35
|
|move|p2a: Latios|Draco Meteor|p1a: Empoleon
|-crit|p1a: Empoleon
|-resisted|p1a: Empoleon
|-damage|p1a: Empoleon|146\/371
|-unboost|p2a: Latios|spa|2
|-damage|p2a: Latios|100\/301|[from] item: Life Orb
|move|p1a: Empoleon|Stealth Rock|p2a: Latios
|-sidestart|p2: tbh js imo|move: Stealth Rock
|
|-heal|p1a: Empoleon|169\/371|[from] item: Leftovers
|turn|10
|
|move|p2a: Latios|Memento|p1a: Empoleon
|-unboost|p1a: Empoleon|atk|2
|-unboost|p1a: Empoleon|spa|2
|faint|p2a: Latios
|move|p1a: Empoleon|Scald|p2: Latios|[notarget]
|-notarget
|
|-heal|p1a: Empoleon|192\/371|[from] item: Leftovers
|join|WECAMEASROMANS
|join|malware000
|
|switch|p2a: Diancie|Diancie|241\/241
|-damage|p2a: Diancie|211\/241|[from] Stealth Rock
|turn|11
|join|tomibello
|
|move|p2a: Diancie|Rock Polish|p2a: Diancie
|-boost|p2a: Diancie|spe|2
|move|p1a: Empoleon|Scald|p2a: Diancie
|-supereffective|p2a: Diancie
|-damage|p2a: Diancie|125\/241
|
|-heal|p1a: Empoleon|215\/371|[from] item: Leftovers
|turn|12
|
|detailschange|p2a: Diancie|Diancie-Mega
|-mega|p2a: Diancie|Diancie|Diancite
|move|p2a: Diancie|Earth Power|p1a: Empoleon
|-supereffective|p1a: Empoleon
|-damage|p1a: Empoleon|0 fnt
|faint|p1a: Empoleon
|
|join|asdfCookie
|
|switch|p1a: Clefable|Clefable, M|394\/394
|turn|13
|
|move|p2a: Diancie|Moonblast|p1a: Clefable
|-damage|p1a: Clefable|205\/394
|-unboost|p1a: Clefable|spa|1
|move|p1a: Clefable|Calm Mind|p1a: Clefable
|-boost|p1a: Clefable|spa|1
|-boost|p1a: Clefable|spd|1
|
|-heal|p1a: Clefable|229\/394|[from] item: Leftovers
|turn|14
|join|Squirrelll
|
|move|p2a: Diancie|Diamond Storm|p1a: Clefable
|-damage|p1a: Clefable|40\/394
|move|p1a: Clefable|Soft-Boiled|p1a: Clefable
|-heal|p1a: Clefable|237\/394
|
|-heal|p1a: Clefable|261\/394|[from] item: Leftovers
|turn|15
|join|Tipsy Russian
|join|abcdefghitony
|
|switch|p2a: Magnezone|Magnezone|281\/281
|-damage|p2a: Magnezone|264\/281|[from] Stealth Rock
|move|p1a: Clefable|Soft-Boiled|p1a: Clefable
|-heal|p1a: Clefable|394\/394
|
|turn|16
|join|Estebanano300
|
|move|p2a: Magnezone|Flash Cannon|p1a: Clefable
|-supereffective|p1a: Clefable
|-damage|p1a: Clefable|206\/394
|move|p1a: Clefable|Flamethrower|p2a: Magnezone
|-supereffective|p2a: Magnezone
|-damage|p2a: Magnezone|126\/281
|
|-heal|p1a: Clefable|230\/394|[from] item: Leftovers
|turn|17
|join|Jesus613
|join|Winter's Howl
|leave|Jesus613
|
|move|p2a: Magnezone|Flash Cannon|p1a: Clefable
|-supereffective|p1a: Clefable
|-damage|p1a: Clefable|68\/394
|-unboost|p1a: Clefable|spd|1
|move|p1a: Clefable|Flamethrower|p2a: Magnezone
|-supereffective|p2a: Magnezone
|-damage|p2a: Magnezone|0 fnt
|faint|p2a: Magnezone
|
|-heal|p1a: Clefable|92\/394|[from] item: Leftovers
|
|switch|p2a: Diggersby|Diggersby, M|311\/311
|-damage|p2a: Diggersby|292\/311|[from] Stealth Rock
|turn|18
|
|move|p2a: Diggersby|Swords Dance|p2a: Diggersby
|-boost|p2a: Diggersby|atk|2
|move|p1a: Clefable|Moonblast|p2a: Diggersby
|-damage|p2a: Diggersby|154\/311
|-unboost|p2a: Diggersby|spa|1
|
|-heal|p1a: Clefable|116\/394|[from] item: Leftovers
|turn|19
|c|âReverb|lol get sp def dropped nub
|c|âReverb|*sp atk
|join|DeusLevy
|
|move|p2a: Diggersby|Earthquake|p1a: Clefable
|-damage|p1a: Clefable|0 fnt
|-damage|p2a: Diggersby|123\/311|[from] item: Life Orb
|faint|p1a: Clefable
|
|
|switch|p1a: Lopunny|Lopunny-Mega, F|238\/271
|turn|20
|join|MARCU5theBAW5
|leave|RedKingAlmighty
|c|âtbh js imo|252 Atk Mega Lopunny Fake Out vs. 4 HP \/ 0 Def Diggersby: 84-100 (26.9 - 32%) -- guaranteed 4HKO
|leave|Tipsy Russian
|
|move|p1a: Lopunny|Fake Out|p2a: Diggersby
|-damage|p2a: Diggersby|33\/311
|cant|p2a: Diggersby|flinch
|
|turn|21
|
|switch|p1a: Tyranitar|Tyranitar, M|383\/383
|-weather|Sandstorm
|move|p2a: Diggersby|Quick Attack|p1a: Tyranitar
|-resisted|p1a: Tyranitar
|-damage|p1a: Tyranitar|263\/383
|-damage|p2a: Diggersby|2\/311|[from] item: Life Orb
|
|-weather|Sandstorm|[upkeep]
|turn|22
|join|Arcanine is Regal
|join|Yuttt.ttttt
|
|move|p2a: Diggersby|Quick Attack|p1a: Tyranitar
|-resisted|p1a: Tyranitar
|-damage|p1a: Tyranitar|146\/383
|-damage|p2a: Diggersby|0 fnt|[from] item: Life Orb
|faint|p2a: Diggersby
|move|p1a: Tyranitar|Crunch|p2: Diggersby|[notarget]
|-notarget
|
|-weather|Sandstorm|[upkeep]
|c|âReverb|umm
|c|âReverb|that made no sense
|c|âtbh js imo|diancie wins
|c|âtbh js imo|otherwise
|c|âtbh js imo|i mean
|c|âtbh js imo|lop
|join|MoB Barley
|join|I'm Virus (~'o')~
|
|switch|p2a: Diancie|Diancie-Mega|125\/241
|-damage|p2a: Diancie|95\/241|[from] Stealth Rock
|turn|23
|join|AM
|join|Rest in Chorizord
|
|move|p2a: Diancie|Rock Polish|p2a: Diancie
|-boost|p2a: Diancie|spe|2
|move|p1a: Tyranitar|Crunch|p2a: Diancie
|-resisted|p2a: Diancie
|-damage|p2a: Diancie|0 fnt
|faint|p2a: Diancie
|
|-weather|Sandstorm|[upkeep]
|c|âtbh js imo|gg
|c|âReverb|cb
|c|âReverb|gg
|join|Jefo
|
|switch|p2a: Garchomp|Garchomp, F|282\/357
|-damage|p2a: Garchomp|260\/357|[from] Stealth Rock
|turn|24
|join|TheLaughingCats
|leave|abcdefghitony
|join|abcdefghitony
|
|move|p2a: Garchomp|Outrage|p1a: Tyranitar
|-damage|p1a: Tyranitar|0 fnt
|faint|p1a: Tyranitar
|
|-weather|Sandstorm|[upkeep]
|
|switch|p1a: Lopunny|Lopunny-Mega, F|238\/271
|turn|25
|join|Invok3r
|c|âReverb|hmm
|
|move|p1a: Lopunny|Ice Punch|p2a: Garchomp
|-supereffective|p2a: Garchomp
|-damage|p2a: Garchomp|0 fnt
|-damage|p1a: Lopunny|205\/271|[from] ability: Rough Skin|[of] p2a: Garchomp
|faint|p2a: Garchomp
|
|win|Reverb
|raw|Ladder updating...
|c|âReverb|gg
|raw|Reverb's rating: 1643 &rarr; <strong>1667<\/strong><br \/>(+24 for winning)
|raw|tbh js imo's rating: 1725 &rarr; <strong>1700<\/strong><br \/>(-25 for losing)
|leave|Yuttt.ttttt