|join|Denis Alves
|join|tbh js imo
|join|Tbh JS
|player|p1|Denis Alves|169
|player|p2|tbh js imo|33
|gametype|singles
|gen|6
|tier|OU (suspect test)
|rated
|clearpoke
|poke|p1|Sceptile, F
|poke|p1|Skarmory, M
|poke|p1|Landorus, M
|poke|p1|Florges, F
|poke|p1|Rotom-Wash
|poke|p1|Gengar, F
|poke|p2|Zapdos
|poke|p2|Quagsire, M
|poke|p2|Charizard, F
|poke|p2|Celebi
|poke|p2|Clefable, F
|poke|p2|Bronzong
|rule|Swagger Clause: Swagger is banned
|rule|Baton Pass Clause: Limit one PokÃ©mon knowing Baton Pass
|rule|Sleep Clause Mod: Limit one foe put to sleep
|rule|Species Clause: Limit one of each PokÃ©mon
|rule|OHKO Clause: OHKO moves are banned
|rule|Moody Clause: Moody is banned
|rule|Evasion Moves Clause: Evasion moves are banned
|rule|Endless Battle Clause: Forcing endless battles is banned
|rule|HP Percentage Mod: HP is shown in percentages
|teampreview
|c| Tbh JS|__**GO DENIS ALVES!!!!**__
|c|âtbh js imo|u in here too?
|c|âtbh js imo|yea
|c|âtbh js imo|aight
|c|âtbh js imo|i chose my lead
|c|âtbh js imo|lezgo
|c|âtbh js imo|nn_n
|c|âtbh js imo|o
|c|âtbh js imo|i didnt yet
|
|start
|switch|p1a: Rotom-Wash|Rotom-Wash|242\/242
|switch|p2a: Charizard|Charizard, F|359\/359
|turn|1
|c|âtbh js imo|did u lead zard
|c|âtbh js imo|im 2gud
|c|âtbh js imo|too?
|c|âtbh js imo|ya
|c| Tbh JS|he's gonna use will o wisp
|c|âtbh js imo|kk now u pick a move
|c|âtbh js imo|i did
|
|detailschange|p2a: Charizard|Charizard-Mega-X, F
|-mega|p2a: Charizard|Charizard|Charizardite X
|move|p2a: Charizard|Will-O-Wisp|p1a: Rotom-Wash
|-status|p1a: Rotom-Wash|brn
|move|p1a: Rotom-Wash|Thunder Wave|p2a: Charizard
|-status|p2a: Charizard|par
|
|-damage|p1a: Rotom-Wash|212\/242 brn|[from] brn
|turn|2
|c|âtbh js imo|i wont do anything
|c|âtbh js imo|n_n
|c|âtbh js imo|a nice
|join|Dog And Lobster
|c|âtbh js imo|love this
|c| Tbh JS|...
|c|âtbh js imo|...
|
|move|p1a: Rotom-Wash|Hydro Pump|p2a: Charizard
|-crit|p2a: Charizard
|-damage|p2a: Charizard|185\/359 par
|cant|p2a: Charizard|par
|
|-heal|p1a: Rotom-Wash|227\/242 brn|[from] item: Leftovers
|-damage|p1a: Rotom-Wash|197\/242 brn|[from] brn
|turn|3
|c|âtbh js imo|i bet people wonder
|c| Tbh JS|TOO EZ
|c|âtbh js imo|........
|c|âtbh js imo|thats why i wanted to switch
|c|âtbh js imo|nerd
|
|move|p1a: Rotom-Wash|Hydro Pump|p2a: Charizard|[miss]
|-miss|p1a: Rotom-Wash|p2a: Charizard
|move|p2a: Charizard|Roost|p2a: Charizard
|-heal|p2a: Charizard|359\/359 par
|
|-heal|p1a: Rotom-Wash|212\/242 brn|[from] item: Leftovers
|-damage|p1a: Rotom-Wash|182\/242 brn|[from] brn
|turn|4
|c|âtbh js imo|STOP
|c| Tbh JS|oml
|c|âtbh js imo|LOL
|c| Tbh JS|lucky poopyhead
|c|âtbh js imo|haha
|
|switch|p2a: Celebi|Celebi|403\/403
|move|p1a: Rotom-Wash|Hydro Pump|p2a: Celebi
|-resisted|p2a: Celebi
|-damage|p2a: Celebi|331\/403
|
|-heal|p2a: Celebi|356\/403|[from] item: Leftovers
|-heal|p1a: Rotom-Wash|197\/242 brn|[from] item: Leftovers
|-damage|p1a: Rotom-Wash|167\/242 brn|[from] brn
|turn|5
|
|switch|p1a: Florges|Florges, F|360\/360
|move|p2a: Celebi|Baton Pass|p2a: Celebi
|c|âtbh js imo|i heal belled
|c|âtbh js imo|,,
|c|âtbh js imo|i passed
|c|âtbh js imo|,,
|
|switch|p2a: Bronzong|Bronzong|338\/338
|
|turn|6
|c|âtbh js imo|fuck u
|c|âtbh js imo|LOL
|c|âtbh js imo|>making the optimal play
|c|âtbh js imo|haha
|c|âtbh js imo|>getting insulted
|
|switch|p1a: Rotom-Wash|Rotom-Wash|167\/242 brn
|move|p2a: Bronzong|Stealth Rock|p1a: Rotom-Wash
|-sidestart|p1: Denis Alves|move: Stealth Rock
|
|-heal|p1a: Rotom-Wash|182\/242 brn|[from] item: Leftovers
|-damage|p1a: Rotom-Wash|152\/242 brn|[from] brn
|turn|7
|c|âtbh js imo|its fine
|c|âtbh js imo|now we can bell
|c|âtbh js imo|n_n
|
|switch|p2a: Celebi|Celebi|356\/403
|move|p1a: Rotom-Wash|Thunder Wave|p2a: Celebi
|-status|p2a: Celebi|par
|
|-heal|p1a: Rotom-Wash|167\/242 brn|[from] item: Leftovers
|-heal|p2a: Celebi|381\/403 par|[from] item: Leftovers
|-damage|p1a: Rotom-Wash|137\/242 brn|[from] brn
|turn|8
|c|âtbh js imo|solid player
|c|âtbh js imo|yup
|c|âtbh js imo|indeed
|
|move|p1a: Rotom-Wash|Pain Split|p2a: Celebi
|-sethp|p2a: Celebi|259\/403 par|p1a: Rotom-Wash|242\/242 brn|[from] move: Pain Split
|cant|p2a: Celebi|par
|
|-heal|p2a: Celebi|284\/403 par|[from] item: Leftovers
|-damage|p1a: Rotom-Wash|212\/242 brn|[from] brn
|turn|9
|c|âtbh js imo|ofc
|c|âtbh js imo|ah
|c|âtbh js imo|there it is
|c| Tbh JS|go to skarmory denis
|
|move|p1a: Rotom-Wash|Volt Switch|p2a: Celebi
|-crit|p2a: Celebi
|-resisted|p2a: Celebi
|-damage|p2a: Celebi|224\/403 par
|
|switch|p1a: Skarmory|Skarmory, M|334\/334
|-damage|p1a: Skarmory|293\/334|[from] Stealth Rock
|move|p2a: Celebi|Heal Bell|p2a: Celebi
|-cureteam|p2a: Celebi|[from] move: HealBell
|
|-heal|p2a: Celebi|249\/403|[from] item: Leftovers
|turn|10
|c|âtbh js imo|>goes to skarm
|
|move|p2a: Celebi|Recover|p2a: Celebi
|-heal|p2a: Celebi|403\/403
|move|p1a: Skarmory|Stealth Rock|p2a: Celebi
|-sidestart|p2: tbh js imo|move: Stealth Rock
|
|turn|11
|c|âtbh js imo|.......
|c|âtbh js imo|why no bp
|
|move|p2a: Celebi|Baton Pass|p2a: Celebi
|c|âtbh js imo|sceptile
|c|âtbh js imo|also
|
|switch|p2a: Zapdos|Zapdos|383\/383
|-damage|p2a: Zapdos|288\/383|[from] Stealth Rock
|-ability|p2a: Zapdos|Pressure
|move|p1a: Skarmory|Roar|p2a: Zapdos
|drag|p2a: Bronzong|Bronzong|338\/338
|-damage|p2a: Bronzong|317\/338|[from] Stealth Rock
|
|-heal|p2a: Bronzong|338\/338|[from] item: Leftovers
|turn|12
|c|âtbh js imo|what does this garb team have for gengar
|c|âtbh js imo|?
|c|âtbh js imo|spdef zap
|c| Tbh JS|get predicted
|c|âtbh js imo|after rocks
|c|âtbh js imo|k
|join|jessmister
|c|âtbh js imo|thats why we have defog
|c|âtbh js imo|,,
|c|âtbh js imo|nice oportunity
|c|âtbh js imo|,,
|c| Tbh JS|252 SpA Life Orb Gengar Sludge Wave vs. 252 HP \/ 252+ SpD Zapdos: 156-185 (40.6 - 48.1%) -- guaranteed 2HKO after Stealth Rock and Leftovers recovery
|
|switch|p2a: Quagsire|Quagsire, M|394\/394
|-damage|p2a: Quagsire|370\/394|[from] Stealth Rock
|move|p1a: Skarmory|Roar|p2a: Quagsire
|drag|p2a: Bronzong|Bronzong|338\/338
|-damage|p2a: Bronzong|317\/338|[from] Stealth Rock
|
|-heal|p2a: Bronzong|338\/338|[from] item: Leftovers
|turn|13
|c| Tbh JS|nice spdef zap
|leave|jessmister
|c|âtbh js imo|i stayed in
|c|âtbh js imo|u nerd
|c| Tbh JS|>
|
|switch|p1a: Sceptile|Sceptile, F|281\/281
|-damage|p1a: Sceptile|246\/281|[from] Stealth Rock
|move|p2a: Bronzong|Toxic|p1a: Sceptile
|-status|p1a: Sceptile|tox
|
|-damage|p1a: Sceptile|229\/281 tox|[from] psn
|turn|14
|c|âtbh js imo|ezest play
|c|âtbh js imo|of my life
|c|âtbh js imo|..
|
|switch|p1a: Florges|Florges, F|360\/360
|-damage|p1a: Florges|315\/360|[from] Stealth Rock
|move|p2a: Bronzong|Gyro Ball|p1a: Florges
|-supereffective|p1a: Florges
|-damage|p1a: Florges|103\/360
|
|-heal|p1a: Florges|125\/360|[from] item: Leftovers
|turn|15
|c|âtbh js imo|LOL
|c|âtbh js imo|the counter is here
|
|move|p1a: Florges|Protect|p1a: Florges
|-singleturn|p1a: Florges|Protect
|move|p2a: Bronzong|Gyro Ball|p1a: Florges
|-activate|p1a: Florges|Protect
|
|-heal|p1a: Florges|147\/360|[from] item: Leftovers
|turn|16
|c|âtbh js imo|solid play
|c| Tbh JS|very good play denis
|c|âtbh js imo|lol
|c|âtbh js imo|lol
|
|switch|p1a: Skarmory|Skarmory, M|293\/334
|-damage|p1a: Skarmory|252\/334|[from] Stealth Rock
|move|p2a: Bronzong|Gyro Ball|p1a: Skarmory
|-resisted|p1a: Skarmory
|-damage|p1a: Skarmory|231\/334
|-damage|p2a: Bronzong|282\/338|[from] item: Rocky Helmet|[of] p1a: Skarmory
|
|-heal|p2a: Bronzong|303\/338|[from] item: Leftovers
|turn|17
|join|denis elvas
|c|âtbh js imo|LOL
|c|âtbh js imo|also
|
|switch|p2a: Zapdos|Zapdos|288\/383
|-damage|p2a: Zapdos|193\/383|[from] Stealth Rock
|-ability|p2a: Zapdos|Pressure
|move|p1a: Skarmory|Roar|p2a: Zapdos
|drag|p2a: Clefable|Clefable, F|394\/394
|-damage|p2a: Clefable|345\/394|[from] Stealth Rock
|
|-heal|p2a: Clefable|369\/394|[from] item: Leftovers
|turn|18
|c|âtbh js imo|nice double
|c| denis elvas|GO DENIS
|
|move|p2a: Clefable|Wish|p2a: Clefable
|move|p1a: Skarmory|Roar|p2a: Clefable
|drag|p2a: Bronzong|Bronzong|303\/338
|-damage|p2a: Bronzong|282\/338|[from] Stealth Rock
|
|-heal|p2a: Bronzong|303\/338|[from] item: Leftovers
|turn|19
|c|âtbh js imo|going from skarm into scep into florges back into skarm
|c|âtbh js imo|,,
|c| denis elvas|``g-go denis``
|c| denis elvas|``...``
|c|âtbh js imo|lusty
|
|move|p1a: Skarmory|Roost|p1a: Skarmory
|-heal|p1a: Skarmory|334\/334
|move|p2a: Bronzong|Toxic|p1a: Skarmory
|-fail|p1a: Skarmory
|
|-heal|p2a: Bronzong|338\/338|[from] move: Wish|[wisher] Clefable
|turn|20
|c|âtbh js imo|were is bloody fren
|c|âtbh js imo|:[7
|c| denis elvas|in deez pants beeeettch
|
|move|p2a: Bronzong|Toxic|p1a: Skarmory
|-fail|p1a: Skarmory
|move|p1a: Skarmory|Roar|p2a: Bronzong
|drag|p2a: Clefable|Clefable, F|369\/394
|-damage|p2a: Clefable|320\/394|[from] Stealth Rock
|
|-heal|p2a: Clefable|344\/394|[from] item: Leftovers
|turn|21
|c|âtbh js imo|.....
|
|move|p2a: Clefable|Wish|p2a: Clefable
|move|p1a: Skarmory|Roar|p2a: Clefable
|drag|p2a: Celebi|Celebi|403\/403
|-damage|p2a: Celebi|353\/403|[from] Stealth Rock
|
|-heal|p2a: Celebi|378\/403|[from] item: Leftovers
|turn|22
|c|âtbh js imo|wheres my stay
|c| denis elvas|very good plays
|c|âtbh js imo|*star
|c| denis elvas|roar one more time
|
|move|p2a: Celebi|Baton Pass|p2a: Celebi
|c|âtbh js imo|...
|
|switch|p2a: Zapdos|Zapdos|193\/383
|-damage|p2a: Zapdos|98\/383|[from] Stealth Rock
|-ability|p2a: Zapdos|Pressure
|move|p1a: Skarmory|Roar|p2a: Zapdos
|drag|p2a: Quagsire|Quagsire, M|370\/394
|-damage|p2a: Quagsire|346\/394|[from] Stealth Rock
|
|-heal|p2a: Quagsire|394\/394|[from] move: Wish|[wisher] Clefable
|turn|23
|c|âtbh js imo|i gigad
|c|âtbh js imo|why did u go
|c| denis elvas|too
|c|âtbh js imo|zapdos
|c| denis elvas|ez
|c|âtbh js imo|smh
|
|switch|p1a: Florges|Florges, F|147\/360
|-damage|p1a: Florges|102\/360|[from] Stealth Rock
|move|p2a: Quagsire|Scald|p1a: Florges
|-damage|p1a: Florges|69\/360
|-status|p1a: Florges|brn
|
|-heal|p1a: Florges|91\/360 brn|[from] item: Leftovers
|-damage|p1a: Florges|46\/360 brn|[from] brn
|turn|24
|c|âtbh js imo|nice florge
|c|âtbh js imo|*s
|c|âtbh js imo|did u come up with it urself?
|c| denis elvas|so fuckIN luck E
|
|move|p1a: Florges|Aromatherapy|p1a: Florges
|-cureteam|p1a: Florges|[from] move: Aromatherapy
|move|p2a: Quagsire|Earthquake|p1a: Florges
|-damage|p1a: Florges|0 fnt
|faint|p1a: Florges
|
|
|switch|p1a: Sceptile|Sceptile, F|229\/281
|-damage|p1a: Sceptile|194\/281|[from] Stealth Rock
|turn|25
|c|âtbh js imo|fuck we needed zapdos
|
|switch|p2a: Bronzong|Bronzong|338\/338
|-damage|p2a: Bronzong|317\/338|[from] Stealth Rock
|detailschange|p1a: Sceptile|Sceptile-Mega, F
|-mega|p1a: Sceptile|Sceptile|Sceptilite
|move|p1a: Sceptile|Earthquake|p2a: Bronzong
|-immune|p2a: Bronzong|[msg]
|
|-heal|p2a: Bronzong|338\/338|[from] item: Leftovers
|turn|26
|c|âtbh js imo|what did he predict
|
|switch|p1a: Skarmory|Skarmory, M|334\/334
|-damage|p1a: Skarmory|293\/334|[from] Stealth Rock
|move|p2a: Bronzong|Gyro Ball|p1a: Skarmory
|-crit|p1a: Skarmory
|-resisted|p1a: Skarmory
|-damage|p1a: Skarmory|260\/334
|-damage|p2a: Bronzong|282\/338|[from] item: Rocky Helmet|[of] p1a: Skarmory
|
|-heal|p2a: Bronzong|303\/338|[from] item: Leftovers
|turn|27
|c|âtbh js imo|lol
|c| denis elvas|the heatproof zong
|c|âtbh js imo|the heatproof zong
|c|âtbh js imo|LOL
|c|âtbh js imo|leddit
|c|âtbh js imo|haha
|c|âtbh js imo|get out of meh head
|
|move|p1a: Skarmory|Roost|p1a: Skarmory
|-heal|p1a: Skarmory|334\/334
|move|p2a: Bronzong|Earthquake|p1a: Skarmory
|-supereffective|p1a: Skarmory
|-damage|p1a: Skarmory|258\/334
|
|-heal|p2a: Bronzong|324\/338|[from] item: Leftovers
|turn|28
|
|move|p2a: Bronzong|Earthquake|p1a: Skarmory
|-immune|p1a: Skarmory|[msg]
|move|p1a: Skarmory|Roar|p2a: Bronzong
|drag|p2a: Celebi|Celebi|378\/403
|-damage|p2a: Celebi|328\/403|[from] Stealth Rock
|
|-heal|p2a: Celebi|353\/403|[from] item: Leftovers
|turn|29
|
|switch|p2a: Quagsire|Quagsire, M|394\/394
|-damage|p2a: Quagsire|370\/394|[from] Stealth Rock
|move|p1a: Skarmory|Roar|p2a: Quagsire
|drag|p2a: Zapdos|Zapdos|98\/383
|-damage|p2a: Zapdos|3\/383|[from] Stealth Rock
|-ability|p2a: Zapdos|Pressure
|
|-heal|p2a: Zapdos|26\/383|[from] item: Leftovers
|turn|30
|c|âtbh js imo|yes finally
|c| denis elvas|roar again
|
|move|p2a: Zapdos|Roost|p2a: Zapdos
|-heal|p2a: Zapdos|218\/383
|move|p1a: Skarmory|Roar|p2a: Zapdos
|drag|p2a: Bronzong|Bronzong|324\/338
|-damage|p2a: Bronzong|303\/338|[from] Stealth Rock
|
|-heal|p2a: Bronzong|324\/338|[from] item: Leftovers
|turn|31
|c|âtbh js imo|now we kill something
|c|âtbh js imo|yes finally
|leave|Dog And Lobster
|c|âtbh js imo|now we kill something
|
|move|p2a: Bronzong|Toxic|p1a: Skarmory
|-fail|p1a: Skarmory
|move|p1a: Skarmory|Roar|p2a: Bronzong
|drag|p2a: Zapdos|Zapdos|218\/383
|-damage|p2a: Zapdos|123\/383|[from] Stealth Rock
|-ability|p2a: Zapdos|Pressure
|
|-heal|p2a: Zapdos|146\/383|[from] item: Leftovers
|turn|32
|c| denis elvas|fuck off dog and lobster
|c| denis elvas|pathetic scouter
|c|âtbh js imo|now kill
|c|âtbh js imo|!
|c|âtbh js imo|yes
|c|âtbh js imo|!
|
|move|p2a: Zapdos|Roost|p2a: Zapdos
|-heal|p2a: Zapdos|338\/383
|move|p1a: Skarmory|Roar|p2a: Zapdos
|drag|p2a: Charizard|Charizard-Mega-X, F|359\/359
|-damage|p2a: Charizard|270\/359|[from] Stealth Rock
|
|turn|33
|c|âtbh js imo|PSYCH
|c|âDenis Alves|ko my skarmory please
|c| denis elvas|how does it feel
|c| denis elvas|to get predicted every time
|
|switch|p1a: Rotom-Wash|Rotom-Wash|212\/242
|-damage|p1a: Rotom-Wash|182\/242|[from] Stealth Rock
|move|p2a: Charizard|Will-O-Wisp|p1a: Rotom-Wash|[miss]
|-miss|p2a: Charizard|p1a: Rotom-Wash
|
|-heal|p1a: Rotom-Wash|197\/242|[from] item: Leftovers
|turn|34
|c| denis elvas|..?
|c|âtbh js imo|lol
|c|âtbh js imo|yea cosine
|c|âtbh js imo|he just wants to die
|c|âtbh js imo|how does it feel
|
|move|p2a: Charizard|Will-O-Wisp|p1a: Rotom-Wash
|-status|p1a: Rotom-Wash|brn
|move|p1a: Rotom-Wash|Thunder Wave|p2a: Charizard
|-status|p2a: Charizard|par
|
|-heal|p1a: Rotom-Wash|212\/242 brn|[from] item: Leftovers
|-damage|p1a: Rotom-Wash|182\/242 brn|[from] brn
|turn|35
|join|Cosine0
|c| Cosine0|1 >>>>> -1
|c|âtbh js imo|lol
|c| Cosine0|faggo
|c| Cosine0|poopyhead*****
|
|move|p1a: Rotom-Wash|Volt Switch|p2a: Charizard
|-crit|p2a: Charizard
|-resisted|p2a: Charizard
|-damage|p2a: Charizard|214\/359 par
|
|switch|p1a: Gengar|Gengar, F|261\/261
|-damage|p1a: Gengar|229\/261|[from] Stealth Rock
|cant|p2a: Charizard|par
|
|-heal|p1a: Gengar|245\/261|[from] item: Black Sludge
|turn|36
|c|âtbh js imo|FUCK
|c|âtbh js imo|................................
|
|move|p1a: Gengar|Substitute|p1a: Gengar
|-start|p1a: Gengar|Substitute
|-damage|p1a: Gengar|180\/261
|cant|p2a: Charizard|par
|
|-heal|p1a: Gengar|196\/261|[from] item: Black Sludge
|turn|37
|c|âtbh js imo|fucking nerd
|c|âtbh js imo|,,,,,,,,,,,,,,,
|c|âtbh js imo|omg
|
|move|p1a: Gengar|Shadow Ball|p2a: Charizard
|-damage|p2a: Charizard|70\/359 par
|move|p2a: Charizard|Dragon Claw|p1a: Gengar
|-end|p1a: Gengar|Substitute
|
|-heal|p1a: Gengar|212\/261|[from] item: Black Sludge
|turn|38
|c| Cosine0|too
|c| Cosine0|ez
|
|move|p1a: Gengar|Shadow Ball|p2a: Charizard
|-damage|p2a: Charizard|0 fnt
|faint|p2a: Charizard
|
|-heal|p1a: Gengar|228\/261|[from] item: Black Sludge
|c|âtbh js imo|hacked what else
|
|switch|p2a: Zapdos|Zapdos|338\/383
|-damage|p2a: Zapdos|243\/383|[from] Stealth Rock
|-ability|p2a: Zapdos|Pressure
|turn|39
|c| Cosine0|does ur gengar have poison move too?????
|c|âtbh js imo|na he has taunt
|c| Cosine0|....
|
|switch|p1a: Sceptile|Sceptile-Mega, F|194\/281
|-damage|p1a: Sceptile|159\/281|[from] Stealth Rock
|move|p2a: Zapdos|Roost|p2a: Zapdos
|-heal|p2a: Zapdos|383\/383
|
|turn|40
|c| Cosine0|**Zenzo: FUCK FUCK FUCK FUCK FUCK FUCK FUCK FUCK **
|c|âtbh js imo|finally we can defog
|c| Cosine0|oops
|c|âtbh js imo|PSYCH
|c|âtbh js imo|oh wait too early
|
|move|p1a: Sceptile|Dragon Pulse|p2a: Zapdos
|-damage|p2a: Zapdos|253\/383
|move|p2a: Zapdos|Defog|p1a: Sceptile
|-unboost|p1a: Sceptile|evasion|1
|-sideend|p1: Denis Alves|Stealth Rock|[from] move: Defog|[of] p1a: Sceptile
|-sideend|p2: tbh js imo|Stealth Rock|[from] move: Defog|[of] p2a: Zapdos
|
|-heal|p2a: Zapdos|276\/383|[from] item: Leftovers
|turn|41
|c|âtbh js imo|..
|c|âtbh js imo|-
|c|âtbh js imo|0
|c|âtbh js imo|damage
|c|âtbh js imo|sceptile sucks
|c|âtbh js imo|0
|c|âtbh js imo|hurry up
|c| Cosine0|use tbolt predicting the skarm switch
|
|switch|p1a: Rotom-Wash|Rotom-Wash|182\/242 brn
|move|p2a: Zapdos|Roost|p2a: Zapdos
|-heal|p2a: Zapdos|383\/383
|
|-heal|p1a: Rotom-Wash|197\/242 brn|[from] item: Leftovers
|-damage|p1a: Rotom-Wash|167\/242 brn|[from] brn
|turn|42
|
|move|p2a: Zapdos|Discharge|p1a: Rotom-Wash
|-damage|p1a: Rotom-Wash|86\/242 brn
|move|p1a: Rotom-Wash|Hydro Pump|p2a: Zapdos|[miss]
|-miss|p1a: Rotom-Wash|p2a: Zapdos
|
|-heal|p1a: Rotom-Wash|101\/242 brn|[from] item: Leftovers
|-damage|p1a: Rotom-Wash|71\/242 brn|[from] brn
|turn|43
|c|âtbh js imo|rekt what else
|c| Cosine0|fucking haxer
|c|âtbh js imo|âtbh js imo: rekt what else
|
|switch|p1a: Sceptile|Sceptile-Mega, F|159\/281
|move|p2a: Zapdos|Discharge|p1a: Sceptile
|-boost|p1a: Sceptile|spa|1|[from] ability: Lightning Rod
|
|turn|44
|
|switch|p2a: Bronzong|Bronzong|324\/338
|move|p1a: Sceptile|Dragon Pulse|p2a: Bronzong
|-resisted|p2a: Bronzong
|-damage|p2a: Bronzong|237\/338
|
|-heal|p2a: Bronzong|258\/338|[from] item: Leftovers
|turn|45
|
|switch|p2a: Zapdos|Zapdos|383\/383
|-ability|p2a: Zapdos|Pressure
|move|p1a: Sceptile|Hidden Power|p2a: Zapdos
|-crit|p2a: Zapdos
|-damage|p2a: Zapdos|237\/383
|
|-heal|p2a: Zapdos|260\/383|[from] item: Leftovers
|turn|46
|c|âtbh js imo|...
|c|âtbh js imo|...
|c| Cosine0|ez
|c|âtbh js imo|we have clef
|
|switch|p2a: Clefable|Clefable, F|344\/394
|move|p1a: Sceptile|Dragon Pulse|p2a: Clefable
|-immune|p2a: Clefable|[msg]
|
|-heal|p2a: Clefable|368\/394|[from] item: Leftovers
|turn|47
|c| Cosine0|.....
|
|move|p1a: Sceptile|Leaf Storm|p2a: Clefable
|-damage|p2a: Clefable|110\/394
|-unboost|p1a: Sceptile|spa|2
|move|p2a: Clefable|Wish|p2a: Clefable
|
|-heal|p2a: Clefable|134\/394|[from] item: Leftovers
|turn|48
|c| Cosine0|FUCKIN EZ
|c| Cosine0|CRISP
|
|switch|p1a: Gengar|Gengar, F|228\/261
|move|p2a: Clefable|Protect|p2a: Clefable
|-fail|p2a: Clefable
|
|-heal|p2a: Clefable|331\/394|[from] move: Wish|[wisher] Clefable
|-heal|p1a: Gengar|244\/261|[from] item: Black Sludge
|-heal|p2a: Clefable|355\/394|[from] item: Leftovers
|turn|49
|c|âtbh js imo|i clicked
|c|âtbh js imo|moonblat
|c| Cosine0|>
|c| Cosine0|sure u did popyhead
|c| Cosine0|poopyhead*
|c|âtbh js imo|..
|c|âtbh js imo|probably the easiest moonblast of my life
|
|switch|p2a: Bronzong|Bronzong|258\/338
|move|p1a: Gengar|Substitute|p1a: Gengar
|-start|p1a: Gengar|Substitute
|-damage|p1a: Gengar|179\/261
|
|-heal|p1a: Gengar|195\/261|[from] item: Black Sludge
|-heal|p2a: Bronzong|279\/338|[from] item: Leftovers
|turn|50
|c| Cosine0|popyhead popyhead popyhead popyhead popyhead popyhead
|c| Cosine0|popyhead popyhead popyhead popyhead popyhead popyhead
|c|âtbh js imo|wtf
|c| Cosine0|popyhead popyhead popyhead popyhead popyhead popyhead
|c|âtbh js imo|why are u clicking
|c| Cosine0|popyhead popyhead popyhead popyhead popyhead popyhead
|c|âtbh js imo|random mons
|
|move|p1a: Gengar|Shadow Ball|p2a: Bronzong
|-supereffective|p2a: Bronzong
|-damage|p2a: Bronzong|87\/338
|move|p2a: Bronzong|Gyro Ball|p1a: Gengar
|-end|p1a: Gengar|Substitute
|
|-heal|p1a: Gengar|211\/261|[from] item: Black Sludge
|-heal|p2a: Bronzong|108\/338|[from] item: Leftovers
|turn|51
|c|âtbh js imo|!dice 5
|raw|<div class="infobox">Random number (1 - 5): 2<\/div>
|join|popyhead
|c|âtbh js imo|LOL
|
|switch|p2a: Zapdos|Zapdos|260\/383
|-ability|p2a: Zapdos|Pressure
|move|p1a: Gengar|Shadow Ball|p2a: Zapdos
|-damage|p2a: Zapdos|146\/383
|
|-heal|p1a: Gengar|227\/261|[from] item: Black Sludge
|-heal|p2a: Zapdos|169\/383|[from] item: Leftovers
|turn|52
|c|âtbh js imo|im saving us here
|
|move|p1a: Gengar|Taunt|p2a: Zapdos
|-start|p2a: Zapdos|move: Taunt
|cant|p2a: Zapdos|move: Taunt|Roost
|
|-heal|p1a: Gengar|243\/261|[from] item: Black Sludge
|-heal|p2a: Zapdos|192\/383|[from] item: Leftovers
|turn|53
|c|âtbh js imo|!dice 5
|raw|<div class="infobox">Random number (1 - 5): 4<\/div>
|c|âtbh js imo|yea nice safe
|c|âtbh js imo|nerd
|
|move|p1a: Gengar|Shadow Ball|p2a: Zapdos
|-damage|p2a: Zapdos|80\/383
|move|p2a: Zapdos|Discharge|p1a: Gengar
|-damage|p1a: Gengar|107\/261
|
|-heal|p1a: Gengar|123\/261|[from] item: Black Sludge
|-heal|p2a: Zapdos|103\/383|[from] item: Leftovers
|turn|54
|c|âtbh js imo|no para
|c|âtbh js imo|......
|c|âtbh js imo|...
|c|âtbh js imo|???
|c|âtbh js imo|????!!???
|join|GreenerThanRotom-C
|c|âtbh js imo|HELLO
|c|âtbh js imo|lol
|c|âtbh js imo|hi
|c|âtbh js imo|WHERE
|c|âtbh js imo|IS THE PARA
|c|âtbh js imo|30%???????????
|c|âtbh js imo|SURE
|c|âtbh js imo|GIMME
|
|switch|p2a: Bronzong|Bronzong|108\/338
|move|p1a: Gengar|Shadow Ball|p2a: Bronzong
|-supereffective|p2a: Bronzong
|-damage|p2a: Bronzong|0 fnt
|faint|p2a: Bronzong
|
|-heal|p1a: Gengar|139\/261|[from] item: Black Sludge
|c|âtbh js imo|more like
|c|âtbh js imo|MY PARA
|c|âtbh js imo|25%
|c| GreenerThanRotom-C|u can do it denis!
|c| GreenerThanRotom-C|n_n
|
|switch|p2a: Quagsire|Quagsire, M|370\/394
|turn|55
|
|switch|p1a: Rotom-Wash|Rotom-Wash|71\/242 brn
|move|p2a: Quagsire|Scald|p1a: Rotom-Wash
|-resisted|p1a: Rotom-Wash
|-damage|p1a: Rotom-Wash|44\/242 brn
|
|-heal|p1a: Rotom-Wash|59\/242 brn|[from] item: Leftovers
|-heal|p2a: Quagsire|394\/394|[from] item: Leftovers
|-damage|p1a: Rotom-Wash|29\/242 brn|[from] brn
|turn|56
|
|switch|p2a: Zapdos|Zapdos|103\/383
|-ability|p2a: Zapdos|Pressure
|move|p1a: Rotom-Wash|Pain Split|p2a: Zapdos
|-sethp|p2a: Zapdos|66\/383|p1a: Rotom-Wash|66\/242 brn|[from] move: Pain Split
|
|-heal|p2a: Zapdos|89\/383|[from] item: Leftovers
|-heal|p1a: Rotom-Wash|81\/242 brn|[from] item: Leftovers
|-damage|p1a: Rotom-Wash|51\/242 brn|[from] brn
|turn|57
|c|âtbh js imo|call me playmaker
|c| GreenerThanRotom-C|nooooooo
|c| GreenerThanRotom-C|DENIS ALVES U POOPYHEAD
|c|âtbh js imo|eziest zapdos of my life
|c|âtbh js imo|LOL
|c| GreenerThanRotom-C|the victoly was hele.....
|
|move|p2a: Zapdos|Roost|p2a: Zapdos
|-heal|p2a: Zapdos|281\/383
|move|p1a: Rotom-Wash|Pain Split|p2a: Zapdos
|-sethp|p2a: Zapdos|166\/383|p1a: Rotom-Wash|166\/242 brn|[from] move: Pain Split
|
|-heal|p2a: Zapdos|189\/383|[from] item: Leftovers
|-heal|p1a: Rotom-Wash|181\/242 brn|[from] item: Leftovers
|-damage|p1a: Rotom-Wash|151\/242 brn|[from] brn
|turn|58
|c|âtbh js imo|predicted
|c| GreenerThanRotom-C|ez
|c|âtbh js imo|what else
|c|âtbh js imo|wow
|
|move|p2a: Zapdos|Roost|p2a: Zapdos
|-heal|p2a: Zapdos|381\/383
|move|p1a: Rotom-Wash|Pain Split|p2a: Zapdos
|-sethp|p2a: Zapdos|266\/383|p1a: Rotom-Wash|242\/242 brn|[from] move: Pain Split
|
|-heal|p2a: Zapdos|289\/383|[from] item: Leftovers
|-damage|p1a: Rotom-Wash|212\/242 brn|[from] brn
|turn|59
|c|âtbh js imo|cosine u suck
|c|âtbh js imo|no e after els
|c|âtbh js imo|..
|c|âtbh js imo|u destroyed the bloody meme
|c| GreenerThanRotom-C|nice n pressure stall
|
|switch|p2a: Celebi|Celebi|353\/403
|move|p1a: Rotom-Wash|Volt Switch|p2a: Celebi
|-resisted|p2a: Celebi
|-damage|p2a: Celebi|313\/403
|c|âtbh js imo|o
|c|âtbh js imo|i gotta build
|c|âtbh js imo|pressure stall
|
|switch|p1a: Landorus|Landorus, M|320\/320
|
|-heal|p2a: Celebi|338\/403|[from] item: Leftovers
|turn|60
|c|âtbh js imo|zapdos + roarcune
|c|âtbh js imo|or cmcune
|c| GreenerThanRotom-C|http:\/\/www.smogon.com\/forums\/threads\/under-pressure-stall-in-ou-peak-8.3496835\/
|
|switch|p2a: Zapdos|Zapdos|289\/383
|-ability|p2a: Zapdos|Pressure
|move|p1a: Landorus|Sludge Wave|p2a: Zapdos
|-damage|p2a: Zapdos|150\/383
|
|-heal|p2a: Zapdos|173\/383|[from] item: Leftovers
|turn|61
|c|âtbh js imo|shitteam,,
|
|move|p1a: Landorus|Psychic|p2a: Zapdos
|-damage|p2a: Zapdos|35\/383
|move|p2a: Zapdos|Roost|p2a: Zapdos
|-heal|p2a: Zapdos|227\/383
|
|-heal|p2a: Zapdos|250\/383|[from] item: Leftovers
|turn|62
|
|move|p1a: Landorus|Psychic|p2a: Zapdos
|-damage|p2a: Zapdos|104\/383
|move|p2a: Zapdos|Roost|p2a: Zapdos
|-heal|p2a: Zapdos|296\/383
|
|-heal|p2a: Zapdos|319\/383|[from] item: Leftovers
|turn|63
|c| GreenerThanRotom-C|fuck u
|c| GreenerThanRotom-C|its the best team
|
|move|p1a: Landorus|Psychic|p2a: Zapdos
|-damage|p2a: Zapdos|189\/383
|move|p2a: Zapdos|Heat Wave|p1a: Landorus
|-crit|p1a: Landorus
|-damage|p1a: Landorus|145\/320
|
|-heal|p2a: Zapdos|212\/383|[from] item: Leftovers
|turn|64
|c|âtbh js imo|http:\/\/www.smogon.com\/forums\/threads\/glorious-pass-standard-baton-pass-chain.3506272\/
|
|move|p1a: Landorus|Psychic|p2a: Zapdos
|-damage|p2a: Zapdos|79\/383
|move|p2a: Zapdos|Roost|p2a: Zapdos
|-heal|p2a: Zapdos|271\/383
|
|-heal|p2a: Zapdos|294\/383|[from] item: Leftovers
|turn|65
|c| GreenerThanRotom-C|i know a better team
|
|move|p1a: Landorus|Psychic|p2a: Zapdos
|-damage|p2a: Zapdos|147\/383
|move|p2a: Zapdos|Roost|p2a: Zapdos
|-heal|p2a: Zapdos|339\/383
|
|-heal|p2a: Zapdos|362\/383|[from] item: Leftovers
|turn|66
|
|switch|p1a: Rotom-Wash|Rotom-Wash|212\/242 brn
|move|p2a: Zapdos|Heat Wave|p1a: Rotom-Wash
|-resisted|p1a: Rotom-Wash
|-damage|p1a: Rotom-Wash|179\/242 brn
|
|-heal|p2a: Zapdos|383\/383|[from] item: Leftovers
|-heal|p1a: Rotom-Wash|194\/242 brn|[from] item: Leftovers
|-damage|p1a: Rotom-Wash|164\/242 brn|[from] brn
|turn|67
|c| GreenerThanRotom-C|Bisharp \/ Venusaur-Mega \/ Heatran \/ Keldeo \/ Chansey \/ Skarmory
|c|âtbh js imo|trash tem
|c|âtbh js imo|wow leddit
|c|âtbh js imo|*team
|
|switch|p2a: Celebi|Celebi|338\/403
|move|p1a: Rotom-Wash|Pain Split|p2a: Celebi
|-sethp|p2a: Celebi|251\/403|p1a: Rotom-Wash|242\/242 brn|[from] move: Pain Split
|
|-heal|p2a: Celebi|276\/403|[from] item: Leftovers
|-damage|p1a: Rotom-Wash|212\/242 brn|[from] brn
|turn|68
|c| GreenerThanRotom-C|fuck my suck
|c|âtbh js imo|that souds like an amazing team
|c|âtbh js imo|must be an amazing player
|c|âtbh js imo|who build dat
|
|move|p2a: Celebi|Giga Drain|p1a: Rotom-Wash
|-crit|p1a: Rotom-Wash
|-supereffective|p1a: Rotom-Wash
|-damage|p1a: Rotom-Wash|0 fnt
|-heal|p2a: Celebi|382\/403|[from] drain|[of] p1a: Rotom-Wash
|faint|p1a: Rotom-Wash
|
|-heal|p2a: Celebi|403\/403|[from] item: Leftovers
|c| GreenerThanRotom-C|WHATS THE FUCKIN NEXT
|c| GreenerThanRotom-C|LUCKY __**POOPYHEAD**__
|
|switch|p1a: Landorus|Landorus, M|145\/320
|turn|69
|c|âtbh js imo|preducted what els
|
|move|p1a: Landorus|Sludge Wave|p2a: Celebi
|-supereffective|p2a: Celebi
|-damage|p2a: Celebi|52\/403
|move|p2a: Celebi|Giga Drain|p1a: Landorus
|-crit|p1a: Landorus
|-damage|p1a: Landorus|0 fnt
|-heal|p2a: Celebi|125\/403|[from] drain|[of] p1a: Landorus
|faint|p1a: Landorus
|
|-heal|p2a: Celebi|150\/403|[from] item: Leftovers
|c| GreenerThanRotom-C|lando the celebi counter
|c| GreenerThanRotom-C|o
|c|âtbh js imo|ofc
|c|âtbh js imo|preducted what els
|
|switch|p1a: Gengar|Gengar, F|139\/261
|turn|70
|
|move|p1a: Gengar|Shadow Ball|p2a: Celebi
|-supereffective|p2a: Celebi
|-damage|p2a: Celebi|0 fnt
|faint|p2a: Celebi
|
|-heal|p1a: Gengar|155\/261|[from] item: Black Sludge
|
|switch|p2a: Zapdos|Zapdos|383\/383
|-ability|p2a: Zapdos|Pressure
|turn|71
|c| GreenerThanRotom-C|go to sceptile here
|c| GreenerThanRotom-C|he's gonna discharge
|c| GreenerThanRotom-C|go to sceptile here
|c| GreenerThanRotom-C|he's gonna discharge
|c| GreenerThanRotom-C|go to sceptile here
|
|move|p1a: Gengar|Shadow Ball|p2a: Zapdos
|-crit|p2a: Zapdos
|-damage|p2a: Zapdos|193\/383
|-unboost|p2a: Zapdos|spd|1
|move|p2a: Zapdos|Heat Wave|p1a: Gengar
|-damage|p1a: Gengar|43\/261
|
|-heal|p1a: Gengar|59\/261|[from] item: Black Sludge
|-heal|p2a: Zapdos|216\/383|[from] item: Leftovers
|turn|72
|c| GreenerThanRotom-C|he's gonna discharge
|c|âtbh js imo|ofc
|c| GreenerThanRotom-C|get another crit
|c| GreenerThanRotom-C|gogogooggog
|
|switch|p2a: Clefable|Clefable, F|355\/394
|move|p1a: Gengar|Shadow Ball|p2a: Clefable
|-crit|p2a: Clefable
|-damage|p2a: Clefable|133\/394
|
|-heal|p1a: Gengar|75\/261|[from] item: Black Sludge
|-heal|p2a: Clefable|157\/394|[from] item: Leftovers
|turn|73
|c| GreenerThanRotom-C|this game is a bit too ez?
|
|move|p1a: Gengar|Sludge Wave|p2a: Clefable
|-supereffective|p2a: Clefable
|-damage|p2a: Clefable|0 fnt
|faint|p2a: Clefable
|
|-heal|p1a: Gengar|91\/261|[from] item: Black Sludge
|c|âtbh js imo|choker
|c|âtbh js imo|>has sludge wave
|c| GreenerThanRotom-C|replay saved
|
|switch|p2a: Zapdos|Zapdos|216\/383
|-ability|p2a: Zapdos|Pressure
|turn|74
|
|move|p1a: Gengar|Taunt|p2a: Zapdos
|-start|p2a: Zapdos|move: Taunt
|cant|p2a: Zapdos|move: Taunt|Roost
|
|-heal|p1a: Gengar|107\/261|[from] item: Black Sludge
|-heal|p2a: Zapdos|239\/383|[from] item: Leftovers
|turn|75
|c| GreenerThanRotom-C|please get the poison FUCK
|c| GreenerThanRotom-C|or crit
|c| GreenerThanRotom-C|:]
|
|move|p1a: Gengar|Shadow Ball|p2a: Zapdos
|-damage|p2a: Zapdos|113\/383
|move|p2a: Zapdos|Discharge|p1a: Gengar
|-damage|p1a: Gengar|0 fnt
|faint|p1a: Gengar
|
|-heal|p2a: Zapdos|136\/383|[from] item: Leftovers
|c| GreenerThanRotom-C|u got sceptil'ed what els
|
|switch|p1a: Sceptile|Sceptile-Mega, F|159\/281
|turn|76
|
|switch|p2a: Quagsire|Quagsire, M|394\/394
|move|p1a: Sceptile|Dragon Pulse|p2a: Quagsire
|-damage|p2a: Quagsire|148\/394
|
|-heal|p2a: Quagsire|172\/394|[from] item: Leftovers
|turn|77
|
|move|p1a: Sceptile|Dragon Pulse|p2a: Quagsire
|-damage|p2a: Quagsire|0 fnt
|faint|p2a: Quagsire
|
|join|Tbh JS
|
|switch|p2a: Zapdos|Zapdos|136\/383
|-ability|p2a: Zapdos|Pressure
|turn|78
|
|move|p1a: Sceptile|Dragon Pulse|p2a: Zapdos
|-damage|p2a: Zapdos|0 fnt
|faint|p2a: Zapdos
|
|win|Denis Alves
|raw|Ladder updating...
|c|âtbh js imo|live
|raw|Denis Alves's rating: 1234 &rarr; <strong>1259<\/strong><br \/>(+25 for winning)
|raw|tbh js imo's rating: 1236 &rarr; <strong>1211<\/strong><br \/>(-25 for losing)
|c| Tbh JS|ez
|c|âtbh js imo|fuck