|join|Mistaken
|join|RedKingAlmighty
|player|p1|Mistaken|264
|player|p2|RedKingAlmighty|154
|gametype|singles
|gen|6
|tier|OU
|clearpoke
|poke|p1|Landorus-Therian, M
|poke|p1|Rotom-Wash
|poke|p1|Ferrothorn, M
|poke|p1|Gengar, F, shiny
|poke|p1|Latios, M
|poke|p1|Charizard, M, shiny
|poke|p2|Aerodactyl, F
|poke|p2|Hippowdon, F
|poke|p2|Ferrothorn, M
|poke|p2|Latios, M
|poke|p2|Clefable, M
|poke|p2|Keldeo
|rule|Swagger Clause: Swagger is banned
|rule|Baton Pass Clause: Limit one PokÃ©mon knowing Baton Pass
|rule|Sleep Clause Mod: Limit one foe put to sleep
|rule|Species Clause: Limit one of each PokÃ©mon
|rule|OHKO Clause: OHKO moves are banned
|rule|Moody Clause: Moody is banned
|rule|Evasion Moves Clause: Evasion moves are banned
|rule|Endless Battle Clause: Forcing endless battles is banned
|rule|HP Percentage Mod: HP is shown in percentages
|teampreview
|join|Prankster
|c|âRedKingAlmighty|i really hate gengar.
|c|âRedKingAlmighty|a lot.
|c|âMistaken|its on all my teams
|
|start
|switch|p1a: ACNE|Ferrothorn, M|352\/352
|switch|p2a: Keldeo|Keldeo|322\/322
|turn|1
|
|move|p1a: ACNE|Protect|p1a: ACNE
|-singleturn|p1a: ACNE|Protect
|move|p2a: Keldeo|Secret Sword|p1a: ACNE
|-activate|p1a: ACNE|Protect
|
|turn|2
|
|switch|p1a: BLUE|Latios, M|301\/301
|move|p2a: Keldeo|Secret Sword|p1a: BLUE
|-resisted|p1a: BLUE
|-damage|p1a: BLUE|196\/301
|
|turn|3
|
|switch|p2a: Ferrothorn|Ferrothorn, M|352\/352
|move|p1a: BLUE|Draco Meteor|p2a: Ferrothorn
|-resisted|p2a: Ferrothorn
|-damage|p2a: Ferrothorn|249\/352
|-unboost|p1a: BLUE|spa|2
|-damage|p1a: BLUE|166\/301|[from] item: Life Orb
|
|-heal|p2a: Ferrothorn|271\/352|[from] item: Leftovers
|turn|4
|
|switch|p1a: KING ME|Charizard, M, shiny|321\/321
|move|p2a: Ferrothorn|Stealth Rock|p1a: KING ME
|-sidestart|p1: Mistaken|move: Stealth Rock
|
|-heal|p2a: Ferrothorn|293\/352|[from] item: Leftovers
|turn|5
|
|switch|p2a: Hippowdon|Hippowdon, F|420\/420
|-weather|Sandstorm
|detailschange|p1a: KING ME|Charizard-Mega-X, M, shiny
|-mega|p1a: KING ME|Charizard|Charizardite X
|move|p1a: KING ME|Flare Blitz|p2a: Hippowdon
|-damage|p2a: Hippowdon|230\/420
|-damage|p1a: KING ME|258\/321|[from] recoil|[of] p2a: Hippowdon
|
|-weather|Sandstorm|[upkeep]
|-damage|p1a: KING ME|238\/321|[from] sandstorm
|-heal|p2a: Hippowdon|256\/420|[from] item: Leftovers
|turn|6
|
|switch|p1a: ACNE|Ferrothorn, M|352\/352
|-damage|p1a: ACNE|330\/352|[from] Stealth Rock
|move|p2a: Hippowdon|Slack Off|p2a: Hippowdon
|-heal|p2a: Hippowdon|420\/420
|
|-weather|Sandstorm|[upkeep]
|-heal|p1a: ACNE|352\/352|[from] item: Leftovers
|turn|7
|
|switch|p2a: Keldeo|Keldeo|322\/322
|move|p1a: ACNE|Stealth Rock|p2a: Keldeo
|-sidestart|p2: RedKingAlmighty|move: Stealth Rock
|
|-weather|Sandstorm|[upkeep]
|-damage|p2a: Keldeo|302\/322|[from] sandstorm
|-heal|p2a: Keldeo|322\/322|[from] item: Leftovers
|turn|8
|
|move|p1a: ACNE|Protect|p1a: ACNE
|-singleturn|p1a: ACNE|Protect
|move|p2a: Keldeo|Secret Sword|p1a: ACNE
|-activate|p1a: ACNE|Protect
|
|-weather|Sandstorm|[upkeep]
|-damage|p2a: Keldeo|302\/322|[from] sandstorm
|-heal|p2a: Keldeo|322\/322|[from] item: Leftovers
|turn|9
|
|switch|p1a: BLUE|Latios, M|166\/301
|-damage|p1a: BLUE|129\/301|[from] Stealth Rock
|move|p2a: Keldeo|Secret Sword|p1a: BLUE
|-resisted|p1a: BLUE
|-damage|p1a: BLUE|21\/301
|
|-weather|none
|turn|10
|
|switch|p2a: Ferrothorn|Ferrothorn, M|293\/352
|-damage|p2a: Ferrothorn|271\/352|[from] Stealth Rock
|move|p1a: BLUE|Recover|p1a: BLUE
|-heal|p1a: BLUE|172\/301
|
|-heal|p2a: Ferrothorn|293\/352|[from] item: Leftovers
|turn|11
|
|switch|p1a: ACNE|Ferrothorn, M|352\/352
|-damage|p1a: ACNE|330\/352|[from] Stealth Rock
|move|p2a: Ferrothorn|Leech Seed|p1a: ACNE
|-immune|p1a: ACNE|[msg]
|
|-heal|p1a: ACNE|352\/352|[from] item: Leftovers
|-heal|p2a: Ferrothorn|315\/352|[from] item: Leftovers
|turn|12
|
|switch|p1a: KING ME|Charizard-Mega-X, M, shiny|238\/321
|-damage|p1a: KING ME|158\/321|[from] Stealth Rock
|switch|p2a: Keldeo|Keldeo|322\/322
|-damage|p2a: Keldeo|302\/322|[from] Stealth Rock
|
|-heal|p2a: Keldeo|322\/322|[from] item: Leftovers
|turn|13
|
|switch|p2a: Hippowdon|Hippowdon, F|420\/420
|-damage|p2a: Hippowdon|394\/420|[from] Stealth Rock
|-weather|Sandstorm
|switch|p1a: BLUE|Latios, M|172\/301
|-damage|p1a: BLUE|135\/301|[from] Stealth Rock
|
|-weather|Sandstorm|[upkeep]
|-damage|p1a: BLUE|117\/301|[from] sandstorm
|-heal|p2a: Hippowdon|420\/420|[from] item: Leftovers
|turn|14
|
|switch|p2a: Ferrothorn|Ferrothorn, M|315\/352
|-damage|p2a: Ferrothorn|293\/352|[from] Stealth Rock
|move|p1a: BLUE|Recover|p1a: BLUE
|-heal|p1a: BLUE|268\/301
|
|-weather|Sandstorm|[upkeep]
|-damage|p1a: BLUE|250\/301|[from] sandstorm
|-heal|p2a: Ferrothorn|315\/352|[from] item: Leftovers
|turn|15
|
|switch|p1a: ACNE|Ferrothorn, M|352\/352
|-damage|p1a: ACNE|330\/352|[from] Stealth Rock
|switch|p2a: Clefable|Clefable, M|394\/394
|
|-weather|Sandstorm|[upkeep]
|-heal|p1a: ACNE|352\/352|[from] item: Leftovers
|turn|16
|
|switch|p1a: SMILE|Gengar, F, shiny|261\/261
|-damage|p1a: SMILE|229\/261|[from] Stealth Rock
|move|p2a: Clefable|Flamethrower|p1a: SMILE
|-damage|p1a: SMILE|138\/261
|-status|p1a: SMILE|brn
|
|-weather|Sandstorm|[upkeep]
|-damage|p1a: SMILE|122\/261 brn|[from] sandstorm
|-damage|p1a: SMILE|90\/261 brn|[from] brn
|turn|17
|
|switch|p2a: Aerodactyl|Aerodactyl, F|301\/301
|-damage|p2a: Aerodactyl|226\/301|[from] Stealth Rock
|-ability|p2a: Aerodactyl|Pressure
|move|p1a: SMILE|Sludge Wave|p2a: Aerodactyl
|-resisted|p2a: Aerodactyl
|-damage|p2a: Aerodactyl|134\/301
|-damage|p1a: SMILE|64\/261 brn|[from] item: Life Orb
|
|-weather|none
|-damage|p1a: SMILE|32\/261 brn|[from] brn
|turn|18
|join|PoweredByRevenge
|
|detailschange|p2a: Aerodactyl|Aerodactyl-Mega, F
|-mega|p2a: Aerodactyl|Aerodactyl|Aerodactylite
|move|p2a: Aerodactyl|Stone Edge|p1a: SMILE
|-damage|p1a: SMILE|0 fnt
|faint|p1a: SMILE
|
|
|switch|p1a: ACNE|Ferrothorn, M|352\/352
|-damage|p1a: ACNE|330\/352|[from] Stealth Rock
|turn|19
|
|switch|p2a: Keldeo|Keldeo|322\/322
|-damage|p2a: Keldeo|302\/322|[from] Stealth Rock
|move|p1a: ACNE|Gyro Ball|p2a: Keldeo
|-resisted|p2a: Keldeo
|-damage|p2a: Keldeo|203\/322
|
|-heal|p2a: Keldeo|223\/322|[from] item: Leftovers
|-heal|p1a: ACNE|352\/352|[from] item: Leftovers
|turn|20
|leave|PoweredByRevenge
|
|move|p2a: Keldeo|Calm Mind|p2a: Keldeo
|-boost|p2a: Keldeo|spa|1
|-boost|p2a: Keldeo|spd|1
|move|p1a: ACNE|Leech Seed|p2a: Keldeo
|-start|p2a: Keldeo|move: Leech Seed
|
|-heal|p2a: Keldeo|243\/322|[from] item: Leftovers
|-damage|p2a: Keldeo|203\/322|[from] Leech Seed|[of] p1a: ACNE
|turn|21
|
|move|p2a: Keldeo|Secret Sword|p1a: ACNE
|-supereffective|p1a: ACNE
|-damage|p1a: ACNE|14\/352
|move|p1a: ACNE|Gyro Ball|p2a: Keldeo
|-resisted|p2a: Keldeo
|-damage|p2a: Keldeo|118\/322
|
|-heal|p2a: Keldeo|138\/322|[from] item: Leftovers
|-heal|p1a: ACNE|36\/352|[from] item: Leftovers
|-damage|p2a: Keldeo|98\/322|[from] Leech Seed|[of] p1a: ACNE
|-heal|p1a: ACNE|76\/352|[silent]
|turn|22
|c|âRedKingAlmighty|ack
|
|move|p1a: ACNE|Protect|p1a: ACNE
|-singleturn|p1a: ACNE|Protect
|move|p2a: Keldeo|Secret Sword|p1a: ACNE
|-activate|p1a: ACNE|Protect
|
|-heal|p2a: Keldeo|118\/322|[from] item: Leftovers
|-heal|p1a: ACNE|98\/352|[from] item: Leftovers
|-damage|p2a: Keldeo|78\/322|[from] Leech Seed|[of] p1a: ACNE
|-heal|p1a: ACNE|138\/352|[silent]
|turn|23
|
|switch|p1a: BLUE|Latios, M|250\/301
|-damage|p1a: BLUE|213\/301|[from] Stealth Rock
|move|p2a: Keldeo|Secret Sword|p1a: BLUE
|-resisted|p1a: BLUE
|-damage|p1a: BLUE|65\/301
|
|-heal|p2a: Keldeo|98\/322|[from] item: Leftovers
|-damage|p2a: Keldeo|58\/322|[from] Leech Seed|[of] p1a: BLUE
|-heal|p1a: BLUE|105\/301|[silent]
|turn|24
|
|switch|p2a: Clefable|Clefable, M|394\/394
|move|p1a: BLUE|Recover|p1a: BLUE
|-heal|p1a: BLUE|256\/301
|
|turn|25
|
|switch|p1a: ACNE|Ferrothorn, M|138\/352
|-damage|p1a: ACNE|116\/352|[from] Stealth Rock
|move|p2a: Clefable|Moonblast|p1a: ACNE
|-resisted|p1a: ACNE
|-damage|p1a: ACNE|80\/352
|
|-heal|p1a: ACNE|102\/352|[from] item: Leftovers
|turn|26
|
|move|p2a: Clefable|Flamethrower|p1a: ACNE
|-supereffective|p1a: ACNE
|-damage|p1a: ACNE|0 fnt
|faint|p1a: ACNE
|
|
|switch|p1a: KING ME|Charizard-Mega-X, M, shiny|158\/321
|-damage|p1a: KING ME|78\/321|[from] Stealth Rock
|turn|27
|
|switch|p2a: Hippowdon|Hippowdon, F|420\/420
|-damage|p2a: Hippowdon|394\/420|[from] Stealth Rock
|-weather|Sandstorm
|move|p1a: KING ME|Roost|p1a: KING ME
|-heal|p1a: KING ME|239\/321
|
|-weather|Sandstorm|[upkeep]
|-damage|p1a: KING ME|219\/321|[from] sandstorm
|-heal|p2a: Hippowdon|420\/420|[from] item: Leftovers
|turn|28
|
|switch|p1a: Cleaning Act|Rotom-Wash|294\/294
|-damage|p1a: Cleaning Act|258\/294|[from] Stealth Rock
|move|p2a: Hippowdon|Stone Edge|p1a: Cleaning Act
|-damage|p1a: Cleaning Act|188\/294
|
|-weather|Sandstorm|[upkeep]
|-damage|p1a: Cleaning Act|170\/294|[from] sandstorm
|-heal|p1a: Cleaning Act|188\/294|[from] item: Leftovers
|turn|29
|
|switch|p2a: Clefable|Clefable, M|394\/394
|move|p1a: Cleaning Act|Hydro Pump|p2a: Clefable
|-damage|p2a: Clefable|279\/394
|
|-weather|Sandstorm|[upkeep]
|-damage|p1a: Cleaning Act|170\/294|[from] sandstorm
|-heal|p1a: Cleaning Act|188\/294|[from] item: Leftovers
|-heal|p2a: Clefable|303\/394|[from] item: Leftovers
|turn|30
|
|move|p1a: Cleaning Act|Volt Switch|p2a: Clefable
|-crit|p2a: Clefable
|-damage|p2a: Clefable|177\/394
|join|Super Mario Bros
|
|switch|p1a: KING ME|Charizard-Mega-X, M, shiny|219\/321
|-damage|p1a: KING ME|139\/321|[from] Stealth Rock
|move|p2a: Clefable|Moonblast|p1a: KING ME
|-damage|p1a: KING ME|18\/321
|-unboost|p1a: KING ME|spa|1
|
|-weather|Sandstorm|[upkeep]
|-damage|p1a: KING ME|0 fnt|[from] sandstorm
|-heal|p2a: Clefable|201\/394|[from] item: Leftovers
|faint|p1a: KING ME
|
|switch|p1a: FORMITABLE|Landorus-Therian, M|325\/325
|-damage|p1a: FORMITABLE|285\/325|[from] Stealth Rock
|-ability|p1a: FORMITABLE|Intimidate|[of] p2a: Clefable
|-unboost|p2a: Clefable|atk|1
|turn|31
|
|switch|p2a: Hippowdon|Hippowdon, F|420\/420
|-damage|p2a: Hippowdon|394\/420|[from] Stealth Rock
|move|p1a: FORMITABLE|Earthquake|p2a: Hippowdon
|-damage|p2a: Hippowdon|264\/420
|
|-weather|none
|-heal|p2a: Hippowdon|290\/420|[from] item: Leftovers
|turn|32
|
|switch|p1a: Cleaning Act|Rotom-Wash|188\/294
|-damage|p1a: Cleaning Act|152\/294|[from] Stealth Rock
|switch|p2a: Latios|Latios, M|301\/301
|-damage|p2a: Latios|264\/301|[from] Stealth Rock
|
|-heal|p1a: Cleaning Act|170\/294|[from] item: Leftovers
|turn|33
|join|Venancio12
|
|move|p2a: Latios|Draco Meteor|p1a: Cleaning Act
|-damage|p1a: Cleaning Act|0 fnt
|-unboost|p2a: Latios|spa|2
|-damage|p2a: Latios|234\/301|[from] item: Life Orb
|faint|p1a: Cleaning Act
|
|
|switch|p1a: FORMITABLE|Landorus-Therian, M|285\/325
|-damage|p1a: FORMITABLE|245\/325|[from] Stealth Rock
|-ability|p1a: FORMITABLE|Intimidate|[of] p2a: Latios
|-unboost|p2a: Latios|atk|1
|turn|34
|join|test tetewa
|
|switch|p2a: Ferrothorn|Ferrothorn, M|315\/352
|-damage|p2a: Ferrothorn|293\/352|[from] Stealth Rock
|move|p1a: FORMITABLE|U-turn|p2a: Ferrothorn
|-damage|p2a: Ferrothorn|220\/352
|-damage|p1a: FORMITABLE|205\/325|[from] ability: Iron Barbs|[of] p2a: Ferrothorn
|leave|test tetewa
|
|switch|p1a: BLUE|Latios, M|256\/301
|-damage|p1a: BLUE|219\/301|[from] Stealth Rock
|
|-heal|p2a: Ferrothorn|242\/352|[from] item: Leftovers
|turn|35
|
|move|p1a: BLUE|Draco Meteor|p2a: Ferrothorn
|-resisted|p2a: Ferrothorn
|-damage|p2a: Ferrothorn|145\/352
|-unboost|p1a: BLUE|spa|2
|-damage|p1a: BLUE|189\/301|[from] item: Life Orb
|move|p2a: Ferrothorn|Leech Seed|p1a: BLUE
|-start|p1a: BLUE|move: Leech Seed
|
|-heal|p2a: Ferrothorn|167\/352|[from] item: Leftovers
|-damage|p1a: BLUE|152\/301|[from] Leech Seed|[of] p2a: Ferrothorn
|-heal|p2a: Ferrothorn|204\/352|[silent]
|turn|36
|
|switch|p1a: FORMITABLE|Landorus-Therian, M|205\/325
|-damage|p1a: FORMITABLE|165\/325|[from] Stealth Rock
|-ability|p1a: FORMITABLE|Intimidate|[of] p2a: Ferrothorn
|-unboost|p2a: Ferrothorn|atk|1
|move|p2a: Ferrothorn|Leech Seed|p1a: FORMITABLE
|-start|p1a: FORMITABLE|move: Leech Seed
|
|-heal|p2a: Ferrothorn|226\/352|[from] item: Leftovers
|-damage|p1a: FORMITABLE|125\/325|[from] Leech Seed|[of] p2a: Ferrothorn
|-heal|p2a: Ferrothorn|266\/352|[silent]
|turn|37
|
|move|p1a: FORMITABLE|Superpower|p2a: Ferrothorn
|-supereffective|p2a: Ferrothorn
|-damage|p2a: Ferrothorn|48\/352
|-damage|p1a: FORMITABLE|85\/325|[from] ability: Iron Barbs|[of] p2a: Ferrothorn
|-unboost|p1a: FORMITABLE|atk|1
|-unboost|p1a: FORMITABLE|def|1
|move|p2a: Ferrothorn|Gyro Ball|p1a: FORMITABLE
|-damage|p1a: FORMITABLE|0 fnt
|faint|p1a: FORMITABLE
|
|-heal|p2a: Ferrothorn|70\/352|[from] item: Leftovers
|
|switch|p1a: BLUE|Latios, M|152\/301
|-damage|p1a: BLUE|115\/301|[from] Stealth Rock
|turn|38
|
|move|p1a: BLUE|Draco Meteor|p2a: Ferrothorn
|-crit|p2a: Ferrothorn
|-resisted|p2a: Ferrothorn
|-damage|p2a: Ferrothorn|0 fnt
|-unboost|p1a: BLUE|spa|2
|-damage|p1a: BLUE|85\/301|[from] item: Life Orb
|faint|p2a: Ferrothorn
|
|c|âRedKingAlmighty|gg
|-message|Mistaken forfeited.
|
|switch|p2a: Aerodactyl|Aerodactyl-Mega, F|134\/301
|-damage|p2a: Aerodactyl|59\/301|[from] Stealth Rock
|turn|39
|
|win|RedKingAlmighty
|leave|Mistaken