|join|Mistaken
|join|xxrayxx
|c|âMistaken|gl hf
|player|p1|Mistaken|264
|player|p2|xxrayxx|173
|gametype|singles
|gen|6
|tier|OU
|clearpoke
|poke|p1|Empoleon, M
|poke|p1|Tyranitar, M
|poke|p1|Charizard, M
|poke|p1|Keldeo
|poke|p1|Kyurem-Black
|poke|p1|Landorus-Therian, M
|poke|p2|Pinsir, M
|poke|p2|Kyurem-Black
|poke|p2|Landorus-Therian, M
|poke|p2|Tentacruel, M
|poke|p2|Magnezone
|poke|p2|Clefable, M
|rule|Swagger Clause: Swagger is banned
|rule|Baton Pass Clause: Limit one PokÃ©mon knowing Baton Pass
|rule|Sleep Clause Mod: Limit one foe put to sleep
|rule|Species Clause: Limit one of each PokÃ©mon
|rule|OHKO Clause: OHKO moves are banned
|rule|Moody Clause: Moody is banned
|rule|Evasion Moves Clause: Evasion moves are banned
|rule|Endless Battle Clause: Forcing endless battles is banned
|rule|HP Percentage Mod: HP is shown in percentages
|teampreview
|c|âxxrayxx|hf
|c|âMistaken|u2
|
|start
|switch|p1a: Keldeo|Keldeo|323\/323
|switch|p2a: Landorus-Therian|Landorus-Therian, M|379\/379
|-ability|p2a: Landorus-Therian|Intimidate|[of] p1a: Keldeo
|-unboost|p1a: Keldeo|atk|1
|turn|1
|
|switch|p2a: Tentacruel|Tentacruel, M|352\/352
|move|p1a: Keldeo|Secret Sword|p2a: Tentacruel
|-resisted|p2a: Tentacruel
|-damage|p2a: Tentacruel|223\/352
|
|-heal|p2a: Tentacruel|245\/352|[from] item: Black Sludge
|turn|2
|
|switch|p1a: Empoleon|Empoleon, M|372\/372
|move|p2a: Tentacruel|Toxic Spikes|p1a: Empoleon
|-sidestart|p1: Mistaken|move: Toxic Spikes
|
|-heal|p2a: Tentacruel|267\/352|[from] item: Black Sludge
|turn|3
|join|Zenzo
|
|switch|p2a: Magnezone|Magnezone|282\/282
|move|p1a: Empoleon|Defog|p2a: Magnezone
|-unboost|p2a: Magnezone|evasion|1
|-sideend|p1: Mistaken|Toxic Spikes|[from] move: Defog|[of] p1a: Empoleon
|
|turn|4
|
|move|p2a: Magnezone|Volt Switch|p1a: Empoleon
|-supereffective|p1a: Empoleon
|-damage|p1a: Empoleon|138\/372
|c|âMistaken|plz cancel
|c|âMistaken|work
|
|switch|p2a: Kyurem-Black|Kyurem-Black|391\/391
|-ability|p2a: Kyurem-Black|Teravolt
|move|p1a: Empoleon|Roar|p2a: Kyurem-Black
|drag|p2a: Tentacruel|Tentacruel, M|267\/352
|
|-heal|p2a: Tentacruel|289\/352|[from] item: Black Sludge
|-heal|p1a: Empoleon|161\/372|[from] item: Leftovers
|turn|5
|c|âMistaken|nope
|join|Polas
|c| Polas|xxrayxx
|c| Polas|can you leave the ou room for a sec
|
|switch|p2a: Magnezone|Magnezone|282\/282
|move|p1a: Empoleon|Stealth Rock|p2a: Magnezone
|-sidestart|p2: xxrayxx|move: Stealth Rock
|
|-heal|p1a: Empoleon|184\/372|[from] item: Leftovers
|turn|6
|c| Polas|just a sec
|c|âxxrayxx|ok why?
|c| Polas|ty
|leave|Polas
|c| Zenzo|...
|
|move|p2a: Magnezone|Volt Switch|p1a: Empoleon
|-supereffective|p1a: Empoleon
|-damage|p1a: Empoleon|0 fnt
|faint|p1a: Empoleon
|
|switch|p2a: Tentacruel|Tentacruel, M|289\/352
|-damage|p2a: Tentacruel|245\/352|[from] Stealth Rock
|
|-heal|p2a: Tentacruel|267\/352|[from] item: Black Sludge
|
|switch|p1a: Landorus-Therian|Landorus-Therian, M|319\/319
|-ability|p1a: Landorus-Therian|Intimidate|[of] p2a: Tentacruel
|-unboost|p2a: Tentacruel|atk|1
|turn|7
|
|move|p2a: Tentacruel|Protect|p2a: Tentacruel
|-singleturn|p2a: Tentacruel|Protect
|move|p1a: Landorus-Therian|U-turn|p2a: Tentacruel
|-activate|p2a: Tentacruel|Protect
|
|-heal|p2a: Tentacruel|289\/352|[from] item: Black Sludge
|turn|8
|
|move|p1a: Landorus-Therian|U-turn|p2a: Tentacruel
|-resisted|p2a: Tentacruel
|-damage|p2a: Tentacruel|232\/352
|
|switch|p1a: Kyurem-Black|Kyurem-Black|391\/391
|-ability|p1a: Kyurem-Black|Teravolt
|move|p2a: Tentacruel|Toxic Spikes|p1a: Kyurem-Black
|-sidestart|p1: Mistaken|move: Toxic Spikes
|
|-heal|p2a: Tentacruel|254\/352|[from] item: Black Sludge
|turn|9
|
|move|p2a: Tentacruel|Protect|p2a: Tentacruel
|-singleturn|p2a: Tentacruel|Protect
|move|p1a: Kyurem-Black|Fusion Bolt|p2a: Tentacruel
|-activate|p2a: Tentacruel|Protect
|
|-heal|p2a: Tentacruel|276\/352|[from] item: Black Sludge
|turn|10
|join|TickleMyPubes
|
|switch|p1a: Keldeo|Keldeo|323\/323
|-status|p1a: Keldeo|psn
|switch|p2a: Magnezone|Magnezone|282\/282
|-damage|p2a: Magnezone|265\/282|[from] Stealth Rock
|
|-damage|p1a: Keldeo|283\/323 psn|[from] psn
|turn|11
|
|switch|p2a: Tentacruel|Tentacruel, M|276\/352
|-damage|p2a: Tentacruel|232\/352|[from] Stealth Rock
|switch|p1a: Landorus-Therian|Landorus-Therian, M|319\/319
|-ability|p1a: Landorus-Therian|Intimidate|[of] p2a: Tentacruel
|-unboost|p2a: Tentacruel|atk|1
|
|-heal|p2a: Tentacruel|254\/352|[from] item: Black Sludge
|turn|12
|
|switch|p1a: Tyranitar|Tyranitar, M|386\/386
|-status|p1a: Tyranitar|psn
|-weather|Sandstorm
|switch|p2a: Landorus-Therian|Landorus-Therian, M|379\/379
|-damage|p2a: Landorus-Therian|332\/379|[from] Stealth Rock
|-ability|p2a: Landorus-Therian|Intimidate|[of] p1a: Tyranitar
|-unboost|p1a: Tyranitar|atk|1
|
|-weather|Sandstorm|[upkeep]
|-heal|p2a: Landorus-Therian|355\/379|[from] item: Leftovers
|-damage|p1a: Tyranitar|338\/386 psn|[from] psn
|turn|13
|
|switch|p1a: Landorus-Therian|Landorus-Therian, M|319\/319
|-ability|p1a: Landorus-Therian|Intimidate|[of] p2a: Landorus-Therian
|-unboost|p2a: Landorus-Therian|atk|1
|move|p2a: Landorus-Therian|Stealth Rock|p1a: Landorus-Therian
|-sidestart|p1: Mistaken|move: Stealth Rock
|
|-weather|Sandstorm|[upkeep]
|-heal|p2a: Landorus-Therian|378\/379|[from] item: Leftovers
|turn|14
|
|move|p1a: Landorus-Therian|U-turn|p2a: Landorus-Therian
|-resisted|p2a: Landorus-Therian
|-damage|p2a: Landorus-Therian|341\/379
|
|switch|p1a: Keldeo|Keldeo|283\/323 psn
|-damage|p1a: Keldeo|263\/323 psn|[from] Stealth Rock
|move|p2a: Landorus-Therian|U-turn|p1a: Keldeo
|-resisted|p1a: Keldeo
|-damage|p1a: Keldeo|235\/323 psn
|
|switch|p2a: Tentacruel|Tentacruel, M|254\/352
|-damage|p2a: Tentacruel|210\/352|[from] Stealth Rock
|
|-weather|Sandstorm|[upkeep]
|-damage|p1a: Keldeo|215\/323 psn|[from] sandstorm
|-damage|p2a: Tentacruel|188\/352|[from] sandstorm
|-heal|p2a: Tentacruel|210\/352|[from] item: Black Sludge
|-damage|p1a: Keldeo|175\/323 psn|[from] psn
|turn|15
|
|switch|p1a: Tyranitar|Tyranitar, M|338\/386 psn
|-damage|p1a: Tyranitar|290\/386 psn|[from] Stealth Rock
|move|p2a: Tentacruel|Rapid Spin|p1a: Tyranitar
|-resisted|p1a: Tyranitar
|-damage|p1a: Tyranitar|285\/386 psn
|-sideend|p2: xxrayxx|Stealth Rock|[from] move: Rapid Spin|[of] p2a: Tentacruel
|
|-weather|Sandstorm|[upkeep]
|-damage|p2a: Tentacruel|188\/352|[from] sandstorm
|-heal|p2a: Tentacruel|210\/352|[from] item: Black Sludge
|-damage|p1a: Tyranitar|237\/386 psn|[from] psn
|turn|16
|c|âMistaken|you're too good for me :(
|
|move|p2a: Tentacruel|Protect|p2a: Tentacruel
|-singleturn|p2a: Tentacruel|Protect
|move|p1a: Tyranitar|Pursuit|p2a: Tentacruel
|-activate|p2a: Tentacruel|Protect
|
|-weather|none
|-heal|p2a: Tentacruel|232\/352|[from] item: Black Sludge
|-damage|p1a: Tyranitar|189\/386 psn|[from] psn
|turn|17
|
|move|p2a: Tentacruel|Scald|p1a: Tyranitar
|-supereffective|p1a: Tyranitar
|-damage|p1a: Tyranitar|43\/386 psn
|move|p1a: Tyranitar|Pursuit|p2a: Tentacruel
|-damage|p2a: Tentacruel|79\/352
|
|-heal|p2a: Tentacruel|101\/352|[from] item: Black Sludge
|-damage|p1a: Tyranitar|0 fnt|[from] psn
|faint|p1a: Tyranitar
|c|âxxrayxx|nah i just know the team
|
|switch|p1a: Charizard|Charizard, M|297\/297
|-damage|p1a: Charizard|149\/297|[from] Stealth Rock
|turn|18
|c|âMistaken|well gl in future matches
|
|detailschange|p1a: Charizard|Charizard-Mega-Y, M
|-mega|p1a: Charizard|Charizard|Charizardite Y
|-weather|SunnyDay
|move|p1a: Charizard|Solar Beam|p2a: Tentacruel|[still]
|-prepare|p1a: Charizard|Solar Beam|p2a: Tentacruel
|-anim|p1a: Charizard|Solar Beam|p2a: Tentacruel
|-damage|p2a: Tentacruel|0 fnt
|faint|p2a: Tentacruel
|
|-weather|SunnyDay|[upkeep]
|c|âxxrayxx|same to you :)
|
|switch|p2a: Magnezone|Magnezone|265\/282
|turn|19
|
|switch|p1a: Landorus-Therian|Landorus-Therian, M|319\/319
|-damage|p1a: Landorus-Therian|280\/319|[from] Stealth Rock
|-ability|p1a: Landorus-Therian|Intimidate|[of] p2a: Magnezone
|-unboost|p2a: Magnezone|atk|1
|move|p2a: Magnezone|Volt Switch|p1a: Landorus-Therian
|-immune|p1a: Landorus-Therian|[msg]
|
|-weather|SunnyDay|[upkeep]
|turn|20
|
|move|p1a: Landorus-Therian|Explosion|p2a: Magnezone
|-resisted|p2a: Magnezone
|-damage|p2a: Magnezone|130\/282
|faint|p1a: Landorus-Therian
|move|p2a: Magnezone|Volt Switch|p1: Landorus-Therian|[notarget]
|-notarget
|
|-weather|SunnyDay|[upkeep]
|
|switch|p1a: Kyurem-Black|Kyurem-Black|391\/391
|-status|p1a: Kyurem-Black|psn
|-damage|p1a: Kyurem-Black|294\/391 psn|[from] Stealth Rock
|-ability|p1a: Kyurem-Black|Teravolt
|turn|21
|
|move|p1a: Kyurem-Black|Earth Power|p2a: Magnezone
|-supereffective|p2a: Magnezone
|-damage|p2a: Magnezone|0 fnt
|faint|p2a: Magnezone
|
|-weather|SunnyDay|[upkeep]
|-damage|p1a: Kyurem-Black|246\/391 psn|[from] psn
|c|âxxrayxx|gg
|
|switch|p2a: Pinsir|Pinsir, M|271\/271
|turn|22
|
|switch|p1a: Charizard|Charizard-Mega-Y, M|149\/297
|-damage|p1a: Charizard|1\/297|[from] Stealth Rock
|detailschange|p2a: Pinsir|Pinsir-Mega, M
|-mega|p2a: Pinsir|Pinsir|Pinsirite
|move|p2a: Pinsir|Swords Dance|p2a: Pinsir
|-boost|p2a: Pinsir|atk|2
|
|-weather|none
|turn|23
|c|âMistaken|gg
|
|move|p2a: Pinsir|Quick Attack|p1a: Charizard
|-damage|p1a: Charizard|0 fnt
|faint|p1a: Charizard
|
|
|switch|p1a: Kyurem-Black|Kyurem-Black|246\/391 psn
|-damage|p1a: Kyurem-Black|149\/391 psn|[from] Stealth Rock
|-ability|p1a: Kyurem-Black|Teravolt
|turn|24
|
|move|p2a: Pinsir|Quick Attack|p1a: Kyurem-Black
|-damage|p1a: Kyurem-Black|0 fnt
|faint|p1a: Kyurem-Black
|
|
|switch|p1a: Keldeo|Keldeo|175\/323 psn
|-damage|p1a: Keldeo|155\/323 psn|[from] Stealth Rock
|turn|25
|
|move|p2a: Pinsir|Quick Attack|p1a: Keldeo
|-supereffective|p1a: Keldeo
|-damage|p1a: Keldeo|0 fnt
|faint|p1a: Keldeo
|
|win|xxrayxx
|leave|Mistaken
|player|p1