|join|fix the ladder
|join|Mistaken
|player|p1|fix the ladder|153
|player|p2|Mistaken|264
|gametype|singles
|gen|6
|tier|OU
|rated
|clearpoke
|poke|p1|Mamoswine, F
|poke|p1|Charizard, M
|poke|p1|Keldeo
|poke|p1|Clefable, M
|poke|p1|Thundurus, M
|poke|p1|Mew, shiny
|poke|p2|Zapdos, shiny
|poke|p2|Chansey, F
|poke|p2|Gliscor, M
|poke|p2|Clefable, F
|poke|p2|Slowbro, M, shiny
|poke|p2|Scizor, M
|rule|Swagger Clause: Swagger is banned
|rule|Baton Pass Clause: Limit one PokÃ©mon knowing Baton Pass
|rule|Sleep Clause Mod: Limit one foe put to sleep
|rule|Species Clause: Limit one of each PokÃ©mon
|rule|OHKO Clause: OHKO moves are banned
|rule|Moody Clause: Moody is banned
|rule|Evasion Moves Clause: Evasion moves are banned
|rule|Endless Battle Clause: Forcing endless battles is banned
|rule|HP Percentage Mod: HP is shown in percentages
|teampreview
|
|start
|switch|p1a: Mew|Mew, shiny|404\/404
|switch|p2a: EggHead|Chansey, F|704\/704
|turn|1
|c|âMistaken|maybe this time ill get points for beating you
|c|âMistaken|and you wont hax me
|
|move|p1a: Mew|Knock Off|p2a: EggHead
|-damage|p2a: EggHead|596\/704
|-enditem|p2a: EggHead|Eviolite|[from] move: Knock Off|[of] p1a: Mew
|move|p2a: EggHead|Stealth Rock|p1a: Mew
|-sidestart|p1: fix the ladder|move: Stealth Rock
|
|turn|2
|c|âMistaken|lol i doubt it
|
|switch|p2a: Slowbro'ed|Slowbro, M, shiny|394\/394
|move|p1a: Mew|Will-O-Wisp|p2a: Slowbro'ed
|-status|p2a: Slowbro'ed|brn
|
|-damage|p2a: Slowbro'ed|345\/394 brn|[from] brn
|turn|3
|
|move|p1a: Mew|Knock Off|p2a: Slowbro'ed
|-supereffective|p2a: Slowbro'ed
|-damage|p2a: Slowbro'ed|249\/394 brn
|-enditem|p2a: Slowbro'ed|Leftovers|[from] move: Knock Off|[of] p1a: Mew
|move|p2a: Slowbro'ed|Scald|p1a: Mew
|-damage|p1a: Mew|322\/404
|-status|p1a: Mew|brn
|
|-heal|p1a: Mew|347\/404 brn|[from] item: Leftovers
|-damage|p1a: Mew|297\/404 brn|[from] brn
|-damage|p2a: Slowbro'ed|200\/394 brn|[from] brn
|turn|4
|
|move|p1a: Mew|Defog|p2a: Slowbro'ed
|-unboost|p2a: Slowbro'ed|evasion|1
|-sideend|p1: fix the ladder|Stealth Rock|[from] move: Defog|[of] p1a: Mew
|move|p2a: Slowbro'ed|Slack Off|p2a: Slowbro'ed
|-heal|p2a: Slowbro'ed|394\/394 brn
|
|-heal|p1a: Mew|322\/404 brn|[from] item: Leftovers
|-damage|p1a: Mew|272\/404 brn|[from] brn
|-damage|p2a: Slowbro'ed|345\/394 brn|[from] brn
|turn|5
|
|switch|p1a: Clefable|Clefable, M|394\/394
|switch|p2a: EggHead|Chansey, F|596\/704
|
|turn|6
|
|switch|p1a: Keldeo|Keldeo|323\/323
|switch|p2a: ZENZO|Gliscor, M|353\/353
|
|-status|p2a: ZENZO|tox|[from] item: Toxic Orb
|turn|7
|
|switch|p2a: Slowbro'ed|Slowbro, M, shiny|394\/394 brn
|move|p1a: Keldeo|Hydro Pump|p2a: Slowbro'ed
|-resisted|p2a: Slowbro'ed
|-damage|p2a: Slowbro'ed|231\/394 brn
|
|-damage|p2a: Slowbro'ed|182\/394 brn|[from] brn
|turn|8
|
|move|p1a: Keldeo|Hydro Pump|p2a: Slowbro'ed|[miss]
|-miss|p1a: Keldeo|p2a: Slowbro'ed
|move|p2a: Slowbro'ed|Slack Off|p2a: Slowbro'ed
|-heal|p2a: Slowbro'ed|379\/394 brn
|
|-damage|p2a: Slowbro'ed|330\/394 brn|[from] brn
|turn|9
|
|switch|p1a: Mew|Mew, shiny|272\/404 brn
|move|p2a: Slowbro'ed|Scald|p1a: Mew
|-damage|p1a: Mew|196\/404 brn
|
|-heal|p1a: Mew|221\/404 brn|[from] item: Leftovers
|-damage|p1a: Mew|171\/404 brn|[from] brn
|-damage|p2a: Slowbro'ed|281\/394 brn|[from] brn
|turn|10
|
|switch|p2a: EggHead|Chansey, F|596\/704
|move|p1a: Mew|Soft-Boiled|p1a: Mew
|-heal|p1a: Mew|373\/404 brn
|
|-heal|p1a: Mew|398\/404 brn|[from] item: Leftovers
|-damage|p1a: Mew|348\/404 brn|[from] brn
|turn|11
|
|switch|p1a: Mamoswine|Mamoswine, F|361\/361
|move|p2a: EggHead|Stealth Rock|p1a: Mamoswine
|-sidestart|p1: fix the ladder|move: Stealth Rock
|
|turn|12
|
|switch|p2a: Slowbro'ed|Slowbro, M, shiny|394\/394 brn
|move|p1a: Mamoswine|Earthquake|p2a: Slowbro'ed
|-damage|p2a: Slowbro'ed|283\/394 brn
|
|-damage|p2a: Slowbro'ed|234\/394 brn|[from] brn
|turn|13
|
|switch|p1a: Mew|Mew, shiny|348\/404 brn
|-damage|p1a: Mew|298\/404 brn|[from] Stealth Rock
|move|p2a: Slowbro'ed|Slack Off|p2a: Slowbro'ed
|-heal|p2a: Slowbro'ed|394\/394 brn
|
|-heal|p1a: Mew|323\/404 brn|[from] item: Leftovers
|-damage|p1a: Mew|273\/404 brn|[from] brn
|-damage|p2a: Slowbro'ed|345\/394 brn|[from] brn
|turn|14
|
|switch|p2a: EggHead|Chansey, F|596\/704
|move|p1a: Mew|Defog|p2a: EggHead
|-unboost|p2a: EggHead|evasion|1
|-sideend|p1: fix the ladder|Stealth Rock|[from] move: Defog|[of] p1a: Mew
|
|-heal|p1a: Mew|298\/404 brn|[from] item: Leftovers
|-damage|p1a: Mew|248\/404 brn|[from] brn
|turn|15
|
|switch|p1a: Charizard|Charizard, M|333\/333
|move|p2a: EggHead|Stealth Rock|p1a: Charizard
|-sidestart|p1: fix the ladder|move: Stealth Rock
|
|turn|16
|
|switch|p2a: Slowbro'ed|Slowbro, M, shiny|394\/394 brn
|detailschange|p1a: Charizard|Charizard-Mega-X, M
|-mega|p1a: Charizard|Charizard|Charizardite X
|move|p1a: Charizard|Dragon Claw|p2a: Slowbro'ed
|-damage|p2a: Slowbro'ed|247\/394 brn
|
|-damage|p2a: Slowbro'ed|198\/394 brn|[from] brn
|turn|17
|
|switch|p1a: Mew|Mew, shiny|248\/404 brn
|-damage|p1a: Mew|198\/404 brn|[from] Stealth Rock
|move|p2a: Slowbro'ed|Slack Off|p2a: Slowbro'ed
|-heal|p2a: Slowbro'ed|394\/394 brn
|
|-heal|p1a: Mew|223\/404 brn|[from] item: Leftovers
|-damage|p1a: Mew|173\/404 brn|[from] brn
|-damage|p2a: Slowbro'ed|345\/394 brn|[from] brn
|turn|18
|
|switch|p2a: ZENZO|Gliscor, M|353\/353 tox
|move|p1a: Mew|Soft-Boiled|p1a: Mew
|-heal|p1a: Mew|375\/404 brn
|
|-heal|p1a: Mew|400\/404 brn|[from] item: Leftovers
|-damage|p1a: Mew|350\/404 brn|[from] brn
|turn|19
|
|move|p1a: Mew|Defog|p2a: ZENZO
|-unboost|p2a: ZENZO|evasion|1
|-sideend|p1: fix the ladder|Stealth Rock|[from] move: Defog|[of] p1a: Mew
|move|p2a: ZENZO|Taunt|p1a: Mew
|-start|p1a: Mew|move: Taunt
|
|-heal|p1a: Mew|375\/404 brn|[from] item: Leftovers
|-damage|p1a: Mew|325\/404 brn|[from] brn
|turn|20
|
|switch|p1a: Clefable|Clefable, M|394\/394
|move|p2a: ZENZO|Knock Off|p1a: Clefable
|-resisted|p1a: Clefable
|-damage|p1a: Clefable|360\/394
|-enditem|p1a: Clefable|Leftovers|[from] move: Knock Off|[of] p2a: ZENZO
|
|turn|21
|
|switch|p1a: Keldeo|Keldeo|323\/323
|move|p2a: ZENZO|Taunt|p1a: Keldeo
|-start|p1a: Keldeo|move: Taunt
|
|turn|22
|
|switch|p2a: EggHead|Chansey, F|596\/704
|move|p1a: Keldeo|Hydro Pump|p2a: EggHead
|-damage|p2a: EggHead|319\/704
|
|turn|23
|
|move|p1a: Keldeo|Hydro Pump|p2a: EggHead
|-damage|p2a: EggHead|51\/704
|move|p2a: EggHead|Soft-Boiled|p2a: EggHead
|-heal|p2a: EggHead|403\/704
|
|turn|24
|
|switch|p1a: Charizard|Charizard-Mega-X, M|333\/333
|move|p2a: EggHead|Soft-Boiled|p2a: EggHead
|-heal|p2a: EggHead|704\/704
|
|turn|25
|
|switch|p2a: Slowbro'ed|Slowbro, M, shiny|394\/394 brn
|move|p1a: Charizard|Dragon Claw|p2a: Slowbro'ed
|-damage|p2a: Slowbro'ed|255\/394 brn
|
|-damage|p2a: Slowbro'ed|206\/394 brn|[from] brn
|turn|26
|
|move|p1a: Charizard|Dragon Claw|p2a: Slowbro'ed
|-damage|p2a: Slowbro'ed|77\/394 brn
|move|p2a: Slowbro'ed|Slack Off|p2a: Slowbro'ed
|-heal|p2a: Slowbro'ed|274\/394 brn
|
|-damage|p2a: Slowbro'ed|225\/394 brn|[from] brn
|turn|27
|
|switch|p1a: Thundurus|Thundurus, M|300\/300
|move|p2a: Slowbro'ed|Thunder Wave|p1a: Thundurus
|-fail|p1a: Thundurus
|
|-damage|p2a: Slowbro'ed|176\/394 brn|[from] brn
|turn|28
|
|switch|p1a: Charizard|Charizard-Mega-X, M|333\/333
|switch|p2a: EggHead|Chansey, F|704\/704
|
|turn|29
|
|move|p1a: Charizard|Dragon Claw|p2a: EggHead
|-damage|p2a: EggHead|287\/704
|move|p2a: EggHead|Seismic Toss|p1a: Charizard
|-damage|p1a: Charizard|233\/333
|
|turn|30
|
|switch|p2a: Slowbro'ed|Slowbro, M, shiny|307\/394 brn
|move|p1a: Charizard|Flare Blitz|p2a: Slowbro'ed
|-resisted|p2a: Slowbro'ed
|-damage|p2a: Slowbro'ed|194\/394 brn
|-damage|p1a: Charizard|196\/333|[from] recoil|[of] p2a: Slowbro'ed
|
|-damage|p2a: Slowbro'ed|145\/394 brn|[from] brn
|turn|31
|
|move|p1a: Charizard|Dragon Claw|p2a: Slowbro'ed
|-damage|p2a: Slowbro'ed|3\/394 brn
|move|p2a: Slowbro'ed|Slack Off|p2a: Slowbro'ed
|-heal|p2a: Slowbro'ed|200\/394 brn
|
|-damage|p2a: Slowbro'ed|151\/394 brn|[from] brn
|turn|32
|
|move|p1a: Charizard|Dragon Claw|p2a: Slowbro'ed
|-damage|p2a: Slowbro'ed|1\/394 brn
|move|p2a: Slowbro'ed|Slack Off|p2a: Slowbro'ed
|-heal|p2a: Slowbro'ed|198\/394 brn
|
|-damage|p2a: Slowbro'ed|149\/394 brn|[from] brn
|turn|33
|
|move|p1a: Charizard|Dragon Claw|p2a: Slowbro'ed
|-damage|p2a: Slowbro'ed|4\/394 brn
|move|p2a: Slowbro'ed|Slack Off|p2a: Slowbro'ed
|-heal|p2a: Slowbro'ed|201\/394 brn
|
|-damage|p2a: Slowbro'ed|152\/394 brn|[from] brn
|turn|34
|
|switch|p1a: Thundurus|Thundurus, M|300\/300
|switch|p2a: Chubby|Clefable, F|394\/394
|
|turn|35
|
|move|p1a: Thundurus|Thunder Wave|p2a: Chubby
|-status|p2a: Chubby|par
|cant|p2a: Chubby|par
|
|turn|36
|
|move|p1a: Thundurus|Thunderbolt|p2a: Chubby
|-damage|p2a: Chubby|231\/394 par
|move|p2a: Chubby|Wish|p2a: Chubby
|
|-heal|p2a: Chubby|255\/394 par|[from] item: Leftovers
|turn|37
|
|move|p1a: Thundurus|Thunder Wave|p2a: Chubby
|-fail|p2a: Chubby|par
|cant|p2a: Chubby|par
|
|-heal|p2a: Chubby|394\/394 par|[from] move: Wish|[wisher] Chubby
|turn|38
|
|move|p1a: Thundurus|Thunderbolt|p2a: Chubby
|-damage|p2a: Chubby|216\/394 par
|move|p2a: Chubby|Wish|p2a: Chubby
|
|-heal|p2a: Chubby|240\/394 par|[from] item: Leftovers
|turn|39
|c|âMistaken|...
|
|move|p1a: Thundurus|Thunderbolt|p2a: Chubby
|-damage|p2a: Chubby|78\/394 par
|cant|p2a: Chubby|par
|
|-heal|p2a: Chubby|275\/394 par|[from] move: Wish|[wisher] Chubby
|-heal|p2a: Chubby|299\/394 par|[from] item: Leftovers
|turn|40
|
|move|p1a: Thundurus|Thunderbolt|p2a: Chubby
|-damage|p2a: Chubby|136\/394 par
|move|p2a: Chubby|Wish|p2a: Chubby
|
|-heal|p2a: Chubby|160\/394 par|[from] item: Leftovers
|turn|41
|c|âMistaken|...
|
|move|p2a: Chubby|Protect|p2a: Chubby
|-singleturn|p2a: Chubby|Protect
|move|p1a: Thundurus|Thunderbolt|p2a: Chubby
|-activate|p2a: Chubby|Protect
|
|-heal|p2a: Chubby|357\/394 par|[from] move: Wish|[wisher] Chubby
|-heal|p2a: Chubby|381\/394 par|[from] item: Leftovers
|turn|42
|
|move|p1a: Thundurus|Thunderbolt|p2a: Chubby
|-damage|p2a: Chubby|216\/394 par
|cant|p2a: Chubby|par
|
|-heal|p2a: Chubby|240\/394 par|[from] item: Leftovers
|turn|43
|
|move|p1a: Thundurus|Thunderbolt|p2a: Chubby
|-damage|p2a: Chubby|59\/394 par
|move|p2a: Chubby|Wish|p2a: Chubby
|
|-heal|p2a: Chubby|83\/394 par|[from] item: Leftovers
|turn|44
|
|move|p2a: Chubby|Protect|p2a: Chubby
|-singleturn|p2a: Chubby|Protect
|move|p1a: Thundurus|Thunderbolt|p2a: Chubby
|-activate|p2a: Chubby|Protect
|
|-heal|p2a: Chubby|280\/394 par|[from] move: Wish|[wisher] Chubby
|-heal|p2a: Chubby|304\/394 par|[from] item: Leftovers
|turn|45
|
|switch|p2a: ZENZO|Gliscor, M|353\/353 tox
|move|p1a: Thundurus|Thunderbolt|p2a: ZENZO
|-immune|p2a: ZENZO|[msg]
|
|turn|46
|
|switch|p2a: DayanneMadeME|Zapdos, shiny|384\/384
|-ability|p2a: DayanneMadeME|Pressure
|move|p1a: Thundurus|Hidden Power|p2a: DayanneMadeME
|-supereffective|p2a: DayanneMadeME
|-damage|p2a: DayanneMadeME|228\/384
|
|-heal|p2a: DayanneMadeME|252\/384|[from] item: Leftovers
|turn|47
|
|move|p1a: Thundurus|Thunderbolt|p2a: DayanneMadeME
|-damage|p2a: DayanneMadeME|89\/384
|move|p2a: DayanneMadeME|Roost|p2a: DayanneMadeME
|-heal|p2a: DayanneMadeME|281\/384
|
|-heal|p2a: DayanneMadeME|305\/384|[from] item: Leftovers
|turn|48
|
|move|p1a: Thundurus|Thunderbolt|p2a: DayanneMadeME
|-damage|p2a: DayanneMadeME|145\/384
|move|p2a: DayanneMadeME|Roost|p2a: DayanneMadeME
|-heal|p2a: DayanneMadeME|337\/384
|
|-heal|p2a: DayanneMadeME|361\/384|[from] item: Leftovers
|turn|49
|
|switch|p1a: Charizard|Charizard-Mega-X, M|196\/333
|move|p2a: DayanneMadeME|Heat Wave|p1a: Charizard
|-resisted|p1a: Charizard
|-damage|p1a: Charizard|173\/333
|
|-heal|p2a: DayanneMadeME|384\/384|[from] item: Leftovers
|turn|50
|
|move|p1a: Charizard|Roost|p1a: Charizard
|-heal|p1a: Charizard|333\/333
|move|p2a: DayanneMadeME|Volt Switch|p1a: Charizard
|-resisted|p1a: Charizard
|-damage|p1a: Charizard|275\/333
|
|switch|p2a: Slowbro'ed|Slowbro, M, shiny|283\/394 brn
|
|-damage|p2a: Slowbro'ed|234\/394 brn|[from] brn
|turn|51
|
|move|p1a: Charizard|Dragon Dance|p1a: Charizard
|-boost|p1a: Charizard|atk|1
|-boost|p1a: Charizard|spe|1
|move|p2a: Slowbro'ed|Thunder Wave|p1a: Charizard
|-status|p1a: Charizard|par
|
|-damage|p2a: Slowbro'ed|185\/394 brn|[from] brn
|turn|52
|
|switch|p2a: EggHead|Chansey, F|287\/704
|move|p1a: Charizard|Flare Blitz|p2a: EggHead
|-damage|p2a: EggHead|0 fnt
|-damage|p1a: Charizard|180\/333 par|[from] recoil|[of] p2a: EggHead
|faint|p2a: EggHead
|
|
|switch|p2a: ZENZO|Gliscor, M|353\/353 tox
|turn|53
|
|switch|p1a: Thundurus|Thundurus, M|300\/300
|move|p2a: ZENZO|Earthquake|p1a: Thundurus
|-immune|p1a: Thundurus|[msg]
|
|turn|54
|
|switch|p2a: DayanneMadeME|Zapdos, shiny|384\/384
|-ability|p2a: DayanneMadeME|Pressure
|move|p1a: Thundurus|Thunderbolt|p2a: DayanneMadeME
|-damage|p2a: DayanneMadeME|209\/384
|
|-heal|p2a: DayanneMadeME|233\/384|[from] item: Leftovers
|turn|55
|
|switch|p1a: Mamoswine|Mamoswine, F|361\/361
|move|p2a: DayanneMadeME|Roost|p2a: DayanneMadeME
|-heal|p2a: DayanneMadeME|384\/384
|
|turn|56
|
|move|p1a: Mamoswine|Stealth Rock|p2a: DayanneMadeME
|-sidestart|p2: Mistaken|move: Stealth Rock
|move|p2a: DayanneMadeME|Heat Wave|p1a: Mamoswine
|-supereffective|p1a: Mamoswine
|-damage|p1a: Mamoswine|215\/361
|
|turn|57
|
|move|p1a: Mamoswine|Icicle Spear|p2a: DayanneMadeME
|-supereffective|p2a: DayanneMadeME
|-damage|p2a: DayanneMadeME|306\/384
|-supereffective|p2a: DayanneMadeME
|-damage|p2a: DayanneMadeME|226\/384
|-hitcount|p2a: DayanneMadeME|2
|move|p2a: DayanneMadeME|Heat Wave|p1a: Mamoswine
|-supereffective|p1a: Mamoswine
|-damage|p1a: Mamoswine|85\/361
|
|-heal|p2a: DayanneMadeME|250\/384|[from] item: Leftovers
|turn|58
|
|switch|p2a: rockPaperScizor|Scizor, M|343\/343
|-damage|p2a: rockPaperScizor|301\/343|[from] Stealth Rock
|move|p1a: Mamoswine|Icicle Spear|p2a: rockPaperScizor
|-resisted|p2a: rockPaperScizor
|-damage|p2a: rockPaperScizor|283\/343
|-resisted|p2a: rockPaperScizor
|-damage|p2a: rockPaperScizor|265\/343
|-hitcount|p2a: rockPaperScizor|2
|
|turn|59
|
|switch|p1a: Keldeo|Keldeo|323\/323
|detailschange|p2a: rockPaperScizor|Scizor-Mega, M
|-mega|p2a: rockPaperScizor|Scizor|Scizorite
|move|p2a: rockPaperScizor|Bullet Punch|p1a: Keldeo
|-resisted|p1a: Keldeo
|-damage|p1a: Keldeo|269\/323
|
|turn|60
|
|switch|p2a: Slowbro'ed|Slowbro, M, shiny|316\/394 brn
|-damage|p2a: Slowbro'ed|267\/394 brn|[from] Stealth Rock
|move|p1a: Keldeo|Scald|p2a: Slowbro'ed
|-resisted|p2a: Slowbro'ed
|-damage|p2a: Slowbro'ed|148\/394 brn
|
|-damage|p2a: Slowbro'ed|99\/394 brn|[from] brn
|turn|61
|
|switch|p2a: DayanneMadeME|Zapdos, shiny|250\/384
|-damage|p2a: DayanneMadeME|154\/384|[from] Stealth Rock
|-ability|p2a: DayanneMadeME|Pressure
|move|p1a: Keldeo|Scald|p2a: DayanneMadeME
|-damage|p2a: DayanneMadeME|0 fnt
|faint|p2a: DayanneMadeME
|
|
|switch|p2a: Slowbro'ed|Slowbro, M, shiny|230\/394 brn
|-damage|p2a: Slowbro'ed|181\/394 brn|[from] Stealth Rock
|turn|62
|
|switch|p1a: Charizard|Charizard-Mega-X, M|180\/333 par
|move|p2a: Slowbro'ed|Slack Off|p2a: Slowbro'ed
|-heal|p2a: Slowbro'ed|378\/394 brn
|
|-damage|p2a: Slowbro'ed|329\/394 brn|[from] brn
|turn|63
|
|switch|p2a: ZENZO|Gliscor, M|353\/353 tox
|-damage|p2a: ZENZO|309\/353 tox|[from] Stealth Rock
|cant|p1a: Charizard|par
|
|-heal|p2a: ZENZO|353\/353 tox|[from] ability: Poison Heal
|turn|64
|
|switch|p1a: Mamoswine|Mamoswine, F|85\/361
|move|p2a: ZENZO|Earthquake|p1a: Mamoswine
|-damage|p1a: Mamoswine|0 fnt
|faint|p1a: Mamoswine
|
|
|switch|p1a: Keldeo|Keldeo|269\/323
|turn|65
|
|switch|p2a: Slowbro'ed|Slowbro, M, shiny|394\/394 brn
|-damage|p2a: Slowbro'ed|345\/394 brn|[from] Stealth Rock
|move|p1a: Keldeo|Scald|p2a: Slowbro'ed
|-resisted|p2a: Slowbro'ed
|-damage|p2a: Slowbro'ed|218\/394 brn
|
|-damage|p2a: Slowbro'ed|169\/394 brn|[from] brn
|turn|66
|
|switch|p1a: Clefable|Clefable, M|360\/394
|move|p2a: Slowbro'ed|Slack Off|p2a: Slowbro'ed
|-heal|p2a: Slowbro'ed|366\/394 brn
|
|-damage|p2a: Slowbro'ed|317\/394 brn|[from] brn
|turn|67
|
|move|p1a: Clefable|Moonblast|p2a: Slowbro'ed
|-crit|p2a: Slowbro'ed
|-damage|p2a: Slowbro'ed|125\/394 brn
|move|p2a: Slowbro'ed|Thunder Wave|p1a: Clefable
|-status|p1a: Clefable|par
|
|-damage|p2a: Slowbro'ed|76\/394 brn|[from] brn
|turn|68
|
|switch|p1a: Charizard|Charizard-Mega-X, M|180\/333 par
|move|p2a: Slowbro'ed|Slack Off|p2a: Slowbro'ed
|-heal|p2a: Slowbro'ed|273\/394 brn
|
|-damage|p2a: Slowbro'ed|224\/394 brn|[from] brn
|turn|69
|
|switch|p2a: ZENZO|Gliscor, M|353\/353 tox
|-damage|p2a: ZENZO|309\/353 tox|[from] Stealth Rock
|cant|p1a: Charizard|par
|
|-heal|p2a: ZENZO|353\/353 tox|[from] ability: Poison Heal
|turn|70
|
|switch|p1a: Clefable|Clefable, M|360\/394 par
|move|p2a: ZENZO|Knock Off|p1a: Clefable
|-resisted|p1a: Clefable
|-damage|p1a: Clefable|339\/394 par
|
|turn|71
|
|move|p2a: ZENZO|Earthquake|p1a: Clefable
|-damage|p1a: Clefable|248\/394 par
|move|p1a: Clefable|Moonblast|p2a: ZENZO
|-damage|p2a: ZENZO|259\/353 tox
|
|-heal|p2a: ZENZO|303\/353 tox|[from] ability: Poison Heal
|turn|72
|
|switch|p1a: Thundurus|Thundurus, M|300\/300
|move|p2a: ZENZO|Knock Off|p1a: Thundurus
|-damage|p1a: Thundurus|197\/300
|-enditem|p1a: Thundurus|Leftovers|[from] move: Knock Off|[of] p2a: ZENZO
|
|-heal|p2a: ZENZO|347\/353 tox|[from] ability: Poison Heal
|turn|73
|
|move|p1a: Thundurus|Thunderbolt|p2a: ZENZO
|-immune|p2a: ZENZO|[msg]
|move|p2a: ZENZO|Knock Off|p1a: Thundurus
|-damage|p1a: Thundurus|129\/300
|
|-heal|p2a: ZENZO|353\/353 tox|[from] ability: Poison Heal
|turn|74
|
|move|p1a: Thundurus|Thunderbolt|p2a: ZENZO
|-immune|p2a: ZENZO|[msg]
|move|p2a: ZENZO|Knock Off|p1a: Thundurus
|-damage|p1a: Thundurus|62\/300
|
|turn|75
|
|switch|p2a: rockPaperScizor|Scizor-Mega, M|265\/343
|-damage|p2a: rockPaperScizor|223\/343|[from] Stealth Rock
|move|p1a: Thundurus|Hidden Power|p2a: rockPaperScizor
|-resisted|p2a: rockPaperScizor
|-damage|p2a: rockPaperScizor|189\/343
|
|turn|76
|
|move|p1a: Thundurus|Thunder Wave|p2a: rockPaperScizor
|-status|p2a: rockPaperScizor|par
|move|p2a: rockPaperScizor|Bullet Punch|p1a: Thundurus
|-resisted|p1a: Thundurus
|-damage|p1a: Thundurus|0 fnt
|faint|p1a: Thundurus
|
|
|switch|p1a: Charizard|Charizard-Mega-X, M|180\/333 par
|turn|77
|
|switch|p2a: ZENZO|Gliscor, M|353\/353 tox
|-damage|p2a: ZENZO|309\/353 tox|[from] Stealth Rock
|move|p1a: Charizard|Roost|p1a: Charizard
|-heal|p1a: Charizard|333\/333 par
|
|-heal|p2a: ZENZO|353\/353 tox|[from] ability: Poison Heal
|turn|78
|
|switch|p1a: Keldeo|Keldeo|269\/323
|move|p2a: ZENZO|Earthquake|p1a: Keldeo
|-damage|p1a: Keldeo|137\/323
|
|turn|79
|
|switch|p2a: rockPaperScizor|Scizor-Mega, M|189\/343 par
|-damage|p2a: rockPaperScizor|147\/343 par|[from] Stealth Rock
|move|p1a: Keldeo|Hydro Pump|p2a: rockPaperScizor
|-damage|p2a: rockPaperScizor|0 fnt
|faint|p2a: rockPaperScizor
|
|
|switch|p2a: Slowbro'ed|Slowbro, M, shiny|355\/394 brn
|-damage|p2a: Slowbro'ed|306\/394 brn|[from] Stealth Rock
|turn|80
|
|switch|p1a: Clefable|Clefable, M|248\/394 par
|switch|p2a: Chubby|Clefable, F|304\/394 par
|-damage|p2a: Chubby|255\/394 par|[from] Stealth Rock
|
|-heal|p2a: Chubby|279\/394 par|[from] item: Leftovers
|turn|81
|
|switch|p1a: Charizard|Charizard-Mega-X, M|333\/333 par
|move|p2a: Chubby|Wish|p2a: Chubby
|
|-heal|p2a: Chubby|303\/394 par|[from] item: Leftovers
|turn|82
|
|switch|p2a: ZENZO|Gliscor, M|353\/353 tox
|-damage|p2a: ZENZO|309\/353 tox|[from] Stealth Rock
|move|p1a: Charizard|Dragon Dance|p1a: Charizard
|-boost|p1a: Charizard|atk|1
|-boost|p1a: Charizard|spe|1
|
|-heal|p2a: ZENZO|353\/353 tox|[from] move: Wish|[wisher] Chubby
|turn|83
|
|move|p2a: ZENZO|Earthquake|p1a: Charizard
|-supereffective|p1a: Charizard
|-damage|p1a: Charizard|115\/333 par
|move|p1a: Charizard|Flare Blitz|p2a: ZENZO
|-damage|p2a: ZENZO|0 fnt
|-damage|p1a: Charizard|0 fnt|[from] recoil|[of] p2a: ZENZO
|faint|p2a: ZENZO
|faint|p1a: Charizard
|
|
|switch|p1a: Keldeo|Keldeo|137\/323
|switch|p2a: Slowbro'ed|Slowbro, M, shiny|394\/394 brn
|-damage|p2a: Slowbro'ed|345\/394 brn|[from] Stealth Rock
|turn|84
|
|switch|p1a: Mew|Mew, shiny|325\/404 brn
|move|p2a: Slowbro'ed|Psyshock|p1a: Mew
|-resisted|p1a: Mew
|-damage|p1a: Mew|281\/404 brn
|
|-heal|p1a: Mew|306\/404 brn|[from] item: Leftovers
|-damage|p1a: Mew|256\/404 brn|[from] brn
|-damage|p2a: Slowbro'ed|296\/394 brn|[from] brn
|turn|85
|
|move|p1a: Mew|Knock Off|p2a: Slowbro'ed
|-supereffective|p2a: Slowbro'ed
|-damage|p2a: Slowbro'ed|262\/394 brn
|move|p2a: Slowbro'ed|Slack Off|p2a: Slowbro'ed
|-heal|p2a: Slowbro'ed|394\/394 brn
|
|-heal|p1a: Mew|281\/404 brn|[from] item: Leftovers
|-damage|p1a: Mew|231\/404 brn|[from] brn
|-damage|p2a: Slowbro'ed|345\/394 brn|[from] brn
|turn|86
|
|switch|p2a: Chubby|Clefable, F|303\/394 par
|-damage|p2a: Chubby|254\/394 par|[from] Stealth Rock
|move|p1a: Mew|Soft-Boiled|p1a: Mew
|-heal|p1a: Mew|404\/404 brn
|
|-heal|p2a: Chubby|278\/394 par|[from] item: Leftovers
|-damage|p1a: Mew|354\/404 brn|[from] brn
|turn|87
|
|move|p1a: Mew|Knock Off|p2a: Chubby
|-resisted|p2a: Chubby
|-damage|p2a: Chubby|262\/394 par
|-enditem|p2a: Chubby|Leftovers|[from] move: Knock Off|[of] p1a: Mew
|move|p2a: Chubby|Calm Mind|p2a: Chubby
|-boost|p2a: Chubby|spa|1
|-boost|p2a: Chubby|spd|1
|
|-heal|p1a: Mew|379\/404 brn|[from] item: Leftovers
|-damage|p1a: Mew|329\/404 brn|[from] brn
|turn|88
|
|switch|p1a: Keldeo|Keldeo|137\/323
|move|p2a: Chubby|Wish|p2a: Chubby
|
|turn|89
|
|switch|p1a: Clefable|Clefable, M|248\/394 par
|move|p2a: Chubby|Moonblast|p1a: Clefable
|-damage|p1a: Clefable|85\/394 par
|-unboost|p1a: Clefable|spa|1
|
|-heal|p2a: Chubby|394\/394 par|[from] move: Wish|[wisher] Chubby
|turn|90
|
|move|p1a: Clefable|Moonblast|p2a: Chubby
|-damage|p2a: Chubby|321\/394 par
|cant|p2a: Chubby|par
|
|turn|91
|c|âfix the ladder|who haxed out this time
|c|âfix the ladder|you fagget
|
|move|p2a: Chubby|Calm Mind|p2a: Chubby
|-boost|p2a: Chubby|spa|1
|-boost|p2a: Chubby|spd|1
|move|p1a: Clefable|Moonblast|p2a: Chubby
|-damage|p2a: Chubby|260\/394 par
|
|turn|92
|c|âMistaken|i didnt hax you
|c|âfix the ladder|lol
|c|âMistaken|i just got para haxed bro
|c|âfix the ladder|LOL
|c|âMistaken|calm down
|c|âfix the ladder|like those mattered
|c|âfix the ladder|the zard paras are what mattered
|
|move|p2a: Chubby|Wish|p2a: Chubby
|move|p1a: Clefable|Moonblast|p2a: Chubby
|-damage|p2a: Chubby|203\/394 par
|-unboost|p2a: Chubby|spa|1
|
|turn|93
|c|âMistaken|your just a cry baby oml
|
|switch|p1a: Keldeo|Keldeo|137\/323
|cant|p2a: Chubby|par
|
|-heal|p2a: Chubby|394\/394 par|[from] move: Wish|[wisher] Chubby
|turn|94
|c|âMistaken|haxor
|
|move|p1a: Keldeo|Hydro Pump|p2a: Chubby
|-damage|p2a: Chubby|241\/394 par
|cant|p2a: Chubby|par
|
|turn|95
|c|âMistaken|OMG
|c|âMistaken|stop it
|
|move|p1a: Keldeo|Hydro Pump|p2a: Chubby
|-damage|p2a: Chubby|90\/394 par
|move|p2a: Chubby|Wish|p2a: Chubby
|
|turn|96
|
|cant|p2a: Chubby|par
|move|p1a: Keldeo|Hydro Pump|p2a: Chubby
|-damage|p2a: Chubby|0 fnt
|faint|p2a: Chubby
|
|c|âMistaken|Jfi
|c|âMistaken|[FGSKblRTWg
|c|âMistaken|lbgrkbhlglr
|
|switch|p2a: Slowbro'ed|Slowbro, M, shiny|394\/394 brn
|-damage|p2a: Slowbro'ed|345\/394 brn|[from] Stealth Rock
|turn|97
|
|switch|p1a: Mew|Mew, shiny|329\/404 brn
|move|p2a: Slowbro'ed|Psyshock|p1a: Mew
|-crit|p1a: Mew
|-resisted|p1a: Mew
|-damage|p1a: Mew|261\/404 brn
|
|-heal|p1a: Mew|286\/404 brn|[from] item: Leftovers
|-damage|p1a: Mew|236\/404 brn|[from] brn
|-damage|p2a: Slowbro'ed|296\/394 brn|[from] brn
|turn|98
|
|move|p1a: Mew|Knock Off|p2a: Slowbro'ed
|-supereffective|p2a: Slowbro'ed
|-damage|p2a: Slowbro'ed|258\/394 brn
|move|p2a: Slowbro'ed|Scald|p1a: Mew
|-damage|p1a: Mew|155\/404 brn
|
|-heal|p1a: Mew|180\/404 brn|[from] item: Leftovers
|-damage|p1a: Mew|130\/404 brn|[from] brn
|-damage|p2a: Slowbro'ed|209\/394 brn|[from] brn
|turn|99
|c|âfix the ladder|the haxes gods answer back
|
|move|p1a: Mew|Soft-Boiled|p1a: Mew
|-heal|p1a: Mew|332\/404 brn
|move|p2a: Slowbro'ed|Slack Off|p2a: Slowbro'ed
|-heal|p2a: Slowbro'ed|394\/394 brn
|
|-heal|p1a: Mew|357\/404 brn|[from] item: Leftovers
|-damage|p1a: Mew|307\/404 brn|[from] brn
|-damage|p2a: Slowbro'ed|345\/394 brn|[from] brn
|turn|100
|
|move|p1a: Mew|Knock Off|p2a: Slowbro'ed
|-supereffective|p2a: Slowbro'ed
|-damage|p2a: Slowbro'ed|311\/394 brn
|move|p2a: Slowbro'ed|Scald|p1a: Mew
|-damage|p1a: Mew|229\/404 brn
|
|-heal|p1a: Mew|254\/404 brn|[from] item: Leftovers
|-damage|p1a: Mew|204\/404 brn|[from] brn
|-damage|p2a: Slowbro'ed|262\/394 brn|[from] brn
|turn|101
|
|move|p1a: Mew|Soft-Boiled|p1a: Mew
|-heal|p1a: Mew|404\/404 brn
|move|p2a: Slowbro'ed|Scald|p1a: Mew
|-damage|p1a: Mew|329\/404 brn
|
|-heal|p1a: Mew|354\/404 brn|[from] item: Leftovers
|-damage|p1a: Mew|304\/404 brn|[from] brn
|-damage|p2a: Slowbro'ed|213\/394 brn|[from] brn
|turn|102
|
|move|p1a: Mew|Knock Off|p2a: Slowbro'ed
|-supereffective|p2a: Slowbro'ed
|-damage|p2a: Slowbro'ed|179\/394 brn
|move|p2a: Slowbro'ed|Scald|p1a: Mew
|-damage|p1a: Mew|222\/404 brn
|
|-heal|p1a: Mew|247\/404 brn|[from] item: Leftovers
|-damage|p1a: Mew|197\/404 brn|[from] brn
|-damage|p2a: Slowbro'ed|130\/394 brn|[from] brn
|turn|103
|
|move|p1a: Mew|Soft-Boiled|p1a: Mew
|-heal|p1a: Mew|399\/404 brn
|move|p2a: Slowbro'ed|Slack Off|p2a: Slowbro'ed
|-heal|p2a: Slowbro'ed|327\/394 brn
|
|-heal|p1a: Mew|404\/404 brn|[from] item: Leftovers
|-damage|p1a: Mew|354\/404 brn|[from] brn
|-damage|p2a: Slowbro'ed|278\/394 brn|[from] brn
|turn|104
|-message|Mistaken forfeited.
|
|win|fix the ladder
|raw|Ladder updating...
|raw|fix the ladder's rating: 1576 &rarr; <strong>1600<\/strong><br \/>(+24 for winning)
|raw|Mistaken's rating: 1649 &rarr; <strong>1625<\/strong><br \/>(-24 for losing)