|join|lil manaphy
|join|Mistaken
|player|p1|lil manaphy|34
|player|p2|Mistaken|264
|gametype|singles
|gen|6
|tier|OU
|rated
|clearpoke
|poke|p1|Diancie
|poke|p1|Ferrothorn, F
|poke|p1|Wobbuffet, F
|poke|p1|Landorus-Therian, M
|poke|p1|Conkeldurr, F
|poke|p1|Mandibuzz, F
|poke|p2|Skarmory, F
|poke|p2|Tornadus-Therian, M
|poke|p2|Milotic, F
|poke|p2|Heatran, M
|poke|p2|Charizard, F
|poke|p2|Clefable, M
|rule|Swagger Clause: Swagger is banned
|rule|Baton Pass Clause: Limit one PokÃ©mon knowing Baton Pass
|rule|Sleep Clause Mod: Limit one foe put to sleep
|rule|Species Clause: Limit one of each PokÃ©mon
|rule|OHKO Clause: OHKO moves are banned
|rule|Moody Clause: Moody is banned
|rule|Evasion Moves Clause: Evasion moves are banned
|rule|Endless Battle Clause: Forcing endless battles is banned
|rule|HP Percentage Mod: HP is shown in percentages
|teampreview
|
|start
|switch|p1a: Diancie|Diancie|241\/241
|switch|p2a: Charizard|Charizard, F|351\/351
|turn|1
|join|Yuttt.ttttt
|join|Ox the Box
|join|SeventyFive
|
|detailschange|p2a: Charizard|Charizard-Mega-X, F
|-mega|p2a: Charizard|Charizard|Charizardite X
|detailschange|p1a: Diancie|Diancie-Mega
|-mega|p1a: Diancie|Diancie|Diancite
|move|p2a: Charizard|Earthquake|p1a: Diancie
|-supereffective|p1a: Diancie
|-damage|p1a: Diancie|53\/241
|move|p1a: Diancie|Ancient Power|p2a: Charizard
|-supereffective|p2a: Charizard
|-damage|p2a: Charizard|75\/351
|-boost|p1a: Diancie|atk|1
|-boost|p1a: Diancie|def|1
|-boost|p1a: Diancie|spa|1
|-boost|p1a: Diancie|spd|1
|-boost|p1a: Diancie|spe|1
|
|turn|2
|c| SeventyFive|hi ox and yuttt frens
|c|âMistaken|so much bulk
|c| Ox the Box|hi
|
|move|p1a: Diancie|Ancient Power|p2a: Charizard
|-supereffective|p2a: Charizard
|-damage|p2a: Charizard|0 fnt
|faint|p2a: Charizard
|
|c| Yuttt.ttttt|hello
|
|switch|p2a: Milotic|Milotic, F|394\/394
|turn|3
|c|âMistaken|i keep on picking the wrong team
|
|switch|p1a: Conkeldurr|Conkeldurr, F|352\/352
|move|p2a: Milotic|Scald|p1a: Conkeldurr
|-damage|p1a: Conkeldurr|288\/352
|
|turn|4
|
|switch|p2a: Clefable|Clefable, M|394\/394
|move|p1a: Conkeldurr|Knock Off|p2a: Clefable
|-resisted|p2a: Clefable
|-damage|p2a: Clefable|318\/394
|-enditem|p2a: Clefable|Leftovers|[from] move: Knock Off|[of] p1a: Conkeldurr
|
|turn|5
|
|switch|p1a: Wobbuffet|Wobbuffet, F|528\/528
|move|p2a: Clefable|Moonblast|p1a: Wobbuffet
|-damage|p1a: Wobbuffet|404\/528
|
|-heal|p1a: Wobbuffet|437\/528|[from] item: Leftovers
|turn|6
|join|CleanerThanRotom-W
|
|move|p2a: Clefable|Protect|p2a: Clefable
|-singleturn|p2a: Clefable|Protect
|move|p1a: Wobbuffet|Encore|p2a: Clefable
|-activate|p2a: Clefable|Protect
|
|-heal|p1a: Wobbuffet|470\/528|[from] item: Leftovers
|turn|7
|
|move|p2a: Clefable|Wish|p2a: Clefable
|move|p1a: Wobbuffet|Mirror Coat|p2a: Clefable
|-fail|p2a: Clefable
|
|-heal|p1a: Wobbuffet|503\/528|[from] item: Leftovers
|turn|8
|c|âMistaken|manaphy your quote was taken off of the roomintro
|c| SeventyFive|:c
|
|move|p1a: Wobbuffet|Encore|p2a: Clefable
|-start|p2a: Clefable|Encore
|move|p2a: Clefable|Wish|p2a: Clefable
|-fail|p2a: Clefable
|
|-heal|p2a: Clefable|394\/394|[from] move: Wish|[wisher] Clefable
|-heal|p1a: Wobbuffet|528\/528|[from] item: Leftovers
|turn|9
|join|Dark380
|
|switch|p1a: Diancie|Diancie-Mega|53\/241
|move|p2a: Clefable|Wish|p2a: Clefable
|
|turn|10
|
|switch|p1a: Conkeldurr|Conkeldurr, F|288\/352
|switch|p2a: Skarmory|Skarmory, F|333\/333
|
|turn|11
|c|âMistaken|what happened to you and loppunny
|
|switch|p1a: Diancie|Diancie-Mega|53\/241
|move|p2a: Skarmory|Spikes|p1a: Diancie
|move|p1a: Diancie|Spikes|p2a: Skarmory|[from]Magic Bounce
|-sidestart|p2: Mistaken|Spikes
|
|turn|12
|c|âMistaken|i always forget
|c|âMistaken|:P
|c| Yuttt.ttttt|iron head
|c| Yuttt.ttttt|here
|c|âMistaken|obv
|
|switch|p2a: Milotic|Milotic, F|394\/394
|-damage|p2a: Milotic|345\/394|[from] Spikes
|move|p1a: Diancie|Moonblast|p2a: Milotic
|-damage|p2a: Milotic|203\/394
|
|-heal|p2a: Milotic|227\/394|[from] item: Leftovers
|turn|13
|c|âMistaken|can i live
|
|switch|p1a: Conkeldurr|Conkeldurr, F|288\/352
|move|p2a: Milotic|Scald|p1a: Conkeldurr
|-damage|p1a: Conkeldurr|221\/352
|
|-heal|p2a: Milotic|251\/394|[from] item: Leftovers
|turn|14
|
|switch|p2a: Skarmory|Skarmory, F|333\/333
|move|p1a: Conkeldurr|Drain Punch|p2a: Skarmory
|-damage|p2a: Skarmory|227\/333
|-heal|p1a: Conkeldurr|274\/352|[from] drain|[of] p2a: Skarmory
|-damage|p1a: Conkeldurr|216\/352|[from] item: Rocky Helmet|[of] p2a: Skarmory
|
|turn|15
|leave|Ox the Box
|
|move|p2a: Skarmory|Brave Bird|p1a: Conkeldurr
|-supereffective|p1a: Conkeldurr
|-damage|p1a: Conkeldurr|0 fnt
|-damage|p2a: Skarmory|156\/333|[from] recoil|[of] p1a: Conkeldurr
|faint|p1a: Conkeldurr
|
|
|switch|p1a: Diancie|Diancie-Mega|53\/241
|turn|16
|
|switch|p2a: Milotic|Milotic, F|251\/394
|-damage|p2a: Milotic|202\/394|[from] Spikes
|move|p1a: Diancie|Ancient Power|p2a: Milotic
|-damage|p2a: Milotic|106\/394
|
|-heal|p2a: Milotic|130\/394|[from] item: Leftovers
|turn|17
|
|move|p1a: Diancie|Moonblast|p2a: Milotic
|-damage|p2a: Milotic|0 fnt
|faint|p2a: Milotic
|
|
|switch|p2a: Clefable|Clefable, M|394\/394
|-damage|p2a: Clefable|345\/394|[from] Spikes
|turn|18
|leave|Dark380
|
|switch|p1a: Wobbuffet|Wobbuffet, F|528\/528
|move|p2a: Clefable|Moonblast|p1a: Wobbuffet
|-damage|p1a: Wobbuffet|404\/528
|-unboost|p1a: Wobbuffet|spa|1
|
|-heal|p1a: Wobbuffet|437\/528|[from] item: Leftovers
|turn|19
|
|move|p1a: Wobbuffet|Encore|p2a: Clefable
|-start|p2a: Clefable|Encore
|move|p2a: Clefable|Moonblast|p1a: Wobbuffet
|-damage|p1a: Wobbuffet|311\/528
|-unboost|p1a: Wobbuffet|spa|1
|
|-heal|p1a: Wobbuffet|344\/528|[from] item: Leftovers
|turn|20
|c| Yuttt.ttttt|nice
|
|move|p2a: Clefable|Moonblast|p1a: Wobbuffet
|-damage|p1a: Wobbuffet|215\/528
|move|p1a: Wobbuffet|Mirror Coat|p2a: Clefable
|-damage|p2a: Clefable|87\/394
|
|-heal|p1a: Wobbuffet|248\/528|[from] item: Leftovers
|turn|21
|c| Yuttt.ttttt|protect
|c| Yuttt.ttttt|m8
|c|âMistaken|lol
|c|âMistaken|well gg
|
|move|p2a: Clefable|Moonblast|p1a: Wobbuffet
|-damage|p1a: Wobbuffet|125\/528
|move|p1a: Wobbuffet|Mirror Coat|p2a: Clefable
|-damage|p2a: Clefable|0 fnt
|faint|p2a: Clefable
|
|-heal|p1a: Wobbuffet|158\/528|[from] item: Leftovers
|leave|Mistaken
|join|Mistaken
|player|p2
|player|p2|Mistaken|264
|
|switch|p2a: Skarmory|Skarmory, F|156\/333
|turn|22
|
|move|p2a: Skarmory|Roost|p2a: Skarmory
|-heal|p2a: Skarmory|323\/333
|move|p1a: Wobbuffet|Encore|p2a: Skarmory
|-start|p2a: Skarmory|Encore
|
|-heal|p1a: Wobbuffet|191\/528|[from] item: Leftovers
|turn|23
|c| Yuttt.ttttt|nice
|
|switch|p1a: Diancie|Diancie-Mega|53\/241
|move|p2a: Skarmory|Roost|p2a: Skarmory
|-heal|p2a: Skarmory|333\/333
|
|turn|24
|c| Yuttt.ttttt|tornadus
|
|switch|p2a: Tornadus-Therian|Tornadus-Therian, M|299\/299
|move|p1a: Diancie|Calm Mind|p1a: Diancie
|-boost|p1a: Diancie|spa|1
|-boost|p1a: Diancie|spd|1
|
|turn|25
|
|switch|p1a: Ferrothorn|Ferrothorn, F|352\/352
|move|p2a: Tornadus-Therian|Focus Blast|p1a: Ferrothorn
|-supereffective|p1a: Ferrothorn
|-damage|p1a: Ferrothorn|122\/352
|
|turn|26
|leave|CleanerThanRotom-W
|
|move|p2a: Tornadus-Therian|Focus Blast|p1a: Ferrothorn
|-supereffective|p1a: Ferrothorn
|-damage|p1a: Ferrothorn|0 fnt
|faint|p1a: Ferrothorn
|
|
|switch|p1a: Wobbuffet|Wobbuffet, F|191\/528
|turn|27
|
|move|p2a: Tornadus-Therian|Knock Off|p1a: Wobbuffet
|-supereffective|p1a: Wobbuffet
|-damage|p1a: Wobbuffet|13\/528
|-enditem|p1a: Wobbuffet|Leftovers|[from] move: Knock Off|[of] p2a: Tornadus-Therian
|move|p1a: Wobbuffet|Destiny Bond|p1a: Wobbuffet
|-singlemove|p1a: Wobbuffet|Destiny Bond
|
|turn|28
|
|move|p2a: Tornadus-Therian|Hurricane|p1a: Wobbuffet
|-damage|p1a: Wobbuffet|0 fnt
|faint|p1a: Wobbuffet
|-activate|p1a: Wobbuffet|Destiny Bond
|faint|p2a: Tornadus-Therian
|
|c|âMistaken|i couldn't miss 8
|c|âMistaken|in a row
|c| Yuttt.annual|too unlucky
|c| Yuttt.annual|to miss
|
|switch|p1a: Mandibuzz|Mandibuzz, F|424\/424
|switch|p2a: Skarmory|Skarmory, F|333\/333
|turn|29
|
|move|p1a: Mandibuzz|Taunt|p2a: Skarmory
|-start|p2a: Skarmory|move: Taunt
|cant|p2a: Skarmory|move: Taunt|Defog
|
|turn|30
|
|switch|p1a: Landorus-Therian|Landorus-Therian, M|382\/382
|-ability|p1a: Landorus-Therian|Intimidate|[of] p2a: Skarmory
|-unboost|p2a: Skarmory|atk|1
|switch|p2a: Heatran|Heatran, M|386\/386
|-damage|p2a: Heatran|338\/386|[from] Spikes
|
|-heal|p2a: Heatran|362\/386|[from] item: Leftovers
|turn|31
|
|switch|p2a: Skarmory|Skarmory, F|333\/333
|move|p1a: Landorus-Therian|Earthquake|p2a: Skarmory
|-immune|p2a: Skarmory|[msg]
|
|turn|32
|
|switch|p1a: Diancie|Diancie-Mega|53\/241
|move|p2a: Skarmory|Brave Bird|p1a: Diancie
|-resisted|p1a: Diancie
|-damage|p1a: Diancie|3\/241
|-damage|p2a: Skarmory|316\/333|[from] recoil|[of] p1a: Diancie
|
|turn|33
|
|move|p1a: Diancie|Ancient Power|p2a: Skarmory
|-damage|p2a: Skarmory|178\/333
|move|p2a: Skarmory|Brave Bird|p1a: Diancie
|-resisted|p1a: Diancie
|-damage|p1a: Diancie|0 fnt
|-damage|p2a: Skarmory|177\/333|[from] recoil|[of] p1a: Diancie
|faint|p1a: Diancie
|
|
|switch|p1a: Mandibuzz|Mandibuzz, F|424\/424
|turn|34
|
|switch|p2a: Heatran|Heatran, M|362\/386
|-damage|p2a: Heatran|314\/386|[from] Spikes
|move|p1a: Mandibuzz|Taunt|p2a: Heatran
|-start|p2a: Heatran|move: Taunt
|
|-heal|p2a: Heatran|338\/386|[from] item: Leftovers
|turn|35
|
|move|p2a: Heatran|Lava Plume|p1a: Mandibuzz
|-damage|p1a: Mandibuzz|298\/424
|move|p1a: Mandibuzz|Foul Play|p2a: Heatran
|-damage|p2a: Heatran|257\/386
|
|-heal|p2a: Heatran|281\/386|[from] item: Leftovers
|-heal|p1a: Mandibuzz|324\/424|[from] item: Leftovers
|turn|36
|join|Albacore
|leave|Albacore
|join|flubzor
|join|Albacore
|leave|flubzor
|
|switch|p1a: Landorus-Therian|Landorus-Therian, M|382\/382
|-ability|p1a: Landorus-Therian|Intimidate|[of] p2a: Heatran
|-unboost|p2a: Heatran|atk|1
|move|p2a: Heatran|Lava Plume|p1a: Landorus-Therian
|-damage|p1a: Landorus-Therian|235\/382
|-status|p1a: Landorus-Therian|brn
|
|-heal|p1a: Landorus-Therian|258\/382 brn|[from] item: Leftovers
|-heal|p2a: Heatran|305\/386|[from] item: Leftovers
|-damage|p1a: Landorus-Therian|211\/382 brn|[from] brn
|turn|37
|
|switch|p2a: Skarmory|Skarmory, F|177\/333
|move|p1a: Landorus-Therian|U-turn|p2a: Skarmory
|-resisted|p2a: Skarmory
|-damage|p2a: Skarmory|172\/333
|-damage|p1a: Landorus-Therian|148\/382 brn|[from] item: Rocky Helmet|[of] p2a: Skarmory
|
|switch|p1a: Mandibuzz|Mandibuzz, F|324\/424
|
|-heal|p1a: Mandibuzz|350\/424|[from] item: Leftovers
|turn|38
|leave|SeventyFive
|
|move|p1a: Mandibuzz|Foul Play|p2a: Skarmory
|-damage|p2a: Skarmory|118\/333
|-damage|p1a: Mandibuzz|280\/424|[from] item: Rocky Helmet|[of] p2a: Skarmory
|move|p2a: Skarmory|Roost|p2a: Skarmory
|-heal|p2a: Skarmory|285\/333
|
|-heal|p1a: Mandibuzz|306\/424|[from] item: Leftovers
|turn|39
|
|move|p1a: Mandibuzz|Foul Play|p2a: Skarmory
|-damage|p2a: Skarmory|222\/333
|-damage|p1a: Mandibuzz|236\/424|[from] item: Rocky Helmet|[of] p2a: Skarmory
|move|p2a: Skarmory|Spikes|p1a: Mandibuzz
|-sidestart|p1: lil manaphy|Spikes
|
|-heal|p1a: Mandibuzz|262\/424|[from] item: Leftovers
|turn|40
|
|move|p1a: Mandibuzz|Foul Play|p2a: Skarmory
|-damage|p2a: Skarmory|158\/333
|-damage|p1a: Mandibuzz|192\/424|[from] item: Rocky Helmet|[of] p2a: Skarmory
|move|p2a: Skarmory|Roost|p2a: Skarmory
|-heal|p2a: Skarmory|325\/333
|
|-heal|p1a: Mandibuzz|218\/424|[from] item: Leftovers
|turn|41
|join|GazR7
|
|switch|p2a: Heatran|Heatran, M|305\/386
|-damage|p2a: Heatran|257\/386|[from] Spikes
|move|p1a: Mandibuzz|Roost|p1a: Mandibuzz
|-heal|p1a: Mandibuzz|424\/424
|
|-heal|p2a: Heatran|281\/386|[from] item: Leftovers
|turn|42
|
|move|p1a: Mandibuzz|Foul Play|p2a: Heatran
|-damage|p2a: Heatran|188\/386
|move|p2a: Heatran|Toxic|p1a: Mandibuzz
|-status|p1a: Mandibuzz|tox
|
|-heal|p2a: Heatran|212\/386|[from] item: Leftovers
|-damage|p1a: Mandibuzz|398\/424 tox|[from] psn
|turn|43
|
|move|p2a: Heatran|Lava Plume|p1a: Mandibuzz
|-damage|p1a: Mandibuzz|280\/424 tox
|move|p1a: Mandibuzz|Foul Play|p2a: Heatran
|-damage|p2a: Heatran|125\/386
|
|-heal|p2a: Heatran|149\/386|[from] item: Leftovers
|-heal|p1a: Mandibuzz|306\/424 tox|[from] item: Leftovers
|-damage|p1a: Mandibuzz|254\/424 tox|[from] psn
|turn|44
|-message|lil manaphy forfeited.
|leave|lil manaphy
|
|win|Mistaken
|raw|Ladder updating...
|player|p1