|join|lil manaphy
|join|Mistaken
|player|p1|lil manaphy|9
|player|p2|Mistaken|264
|gametype|singles
|gen|6
|tier|OU
|rated
|clearpoke
|poke|p1|Lopunny, M
|poke|p1|Manaphy
|poke|p1|Celebi
|poke|p1|Heatran, M
|poke|p1|Mandibuzz, F
|poke|p1|Kyurem-Black
|poke|p2|Garchomp, F
|poke|p2|Thundurus, M
|poke|p2|Azumarill, F
|poke|p2|Landorus-Therian, M
|poke|p2|Bisharp, M
|poke|p2|Metagross, shiny
|rule|Swagger Clause: Swagger is banned
|rule|Baton Pass Clause: Limit one PokÃ©mon knowing Baton Pass
|rule|Sleep Clause Mod: Limit one foe put to sleep
|rule|Species Clause: Limit one of each PokÃ©mon
|rule|OHKO Clause: OHKO moves are banned
|rule|Moody Clause: Moody is banned
|rule|Evasion Moves Clause: Evasion moves are banned
|rule|Endless Battle Clause: Forcing endless battles is banned
|rule|HP Percentage Mod: HP is shown in percentages
|teampreview
|c|âMistaken|great my first match on
|
|start
|switch|p1a: Mandibuzz|Mandibuzz, F|423\/423
|switch|p2a: Uncle Iro|Garchomp, F|357\/357
|turn|1
|c|âMistaken|next time i search ill wait till ur in a battle
|
|switch|p2a: Azula|Azumarill, F|350\/350
|move|p1a: Mandibuzz|Foul Play|p2a: Azula
|-resisted|p2a: Azula
|-damage|p2a: Azula|294\/350
|
|turn|2
|
|switch|p1a: Celebi|Celebi|404\/404
|move|p2a: Azula|Play Rough|p1a: Celebi
|-damage|p1a: Celebi|101\/404
|
|-heal|p1a: Celebi|126\/404|[from] item: Leftovers
|turn|3
|
|switch|p1a: Heatran|Heatran, M|386\/386
|switch|p2a: Son of a Bish|Bisharp, M|271\/271
|
|turn|4
|
|switch|p2a: Uncle Iro|Garchomp, F|357\/357
|move|p1a: Heatran|Stealth Rock|p2a: Uncle Iro
|-sidestart|p2: Mistaken|move: Stealth Rock
|
|turn|5
|
|switch|p1a: Mandibuzz|Mandibuzz, F|423\/423
|move|p2a: Uncle Iro|Stealth Rock|p1a: Mandibuzz
|-sidestart|p1: lil manaphy|move: Stealth Rock
|
|turn|6
|
|move|p2a: Uncle Iro|Dragon Claw|p1a: Mandibuzz
|-damage|p1a: Mandibuzz|309\/423
|-damage|p2a: Uncle Iro|298\/357|[from] item: Rocky Helmet|[of] p1a: Mandibuzz
|move|p1a: Mandibuzz|Foul Play|p2a: Uncle Iro
|-damage|p2a: Uncle Iro|123\/357
|-damage|p1a: Mandibuzz|257\/423|[from] ability: Rough Skin|[of] p2a: Uncle Iro
|-damage|p1a: Mandibuzz|187\/423|[from] item: Rocky Helmet|[of] p2a: Uncle Iro
|
|turn|7
|
|move|p2a: Uncle Iro|Swords Dance|p2a: Uncle Iro
|-boost|p2a: Uncle Iro|atk|2
|move|p1a: Mandibuzz|Roost|p1a: Mandibuzz
|-heal|p1a: Mandibuzz|399\/423
|
|turn|8
|
|move|p2a: Uncle Iro|Dragon Claw|p1a: Mandibuzz
|-damage|p1a: Mandibuzz|191\/423
|-damage|p2a: Uncle Iro|64\/357|[from] item: Rocky Helmet|[of] p1a: Mandibuzz
|move|p1a: Mandibuzz|Roost|p1a: Mandibuzz
|-heal|p1a: Mandibuzz|403\/423
|
|turn|9
|join|hide rock
|
|switch|p1a: Celebi|Celebi|126\/404
|-damage|p1a: Celebi|76\/404|[from] Stealth Rock
|move|p2a: Uncle Iro|Dragon Claw|p1a: Celebi
|-damage|p1a: Celebi|0 fnt
|faint|p1a: Celebi
|
|
|switch|p1a: Lopunny|Lopunny, M|271\/271
|-damage|p1a: Lopunny|238\/271|[from] Stealth Rock
|turn|10
|
|detailschange|p1a: Lopunny|Lopunny-Mega, M
|-mega|p1a: Lopunny|Lopunny|Lopunnite
|move|p1a: Lopunny|Return|p2a: Uncle Iro
|-damage|p2a: Uncle Iro|0 fnt
|-damage|p1a: Lopunny|205\/271|[from] ability: Rough Skin|[of] p2a: Uncle Iro
|-damage|p1a: Lopunny|160\/271|[from] item: Rocky Helmet|[of] p2a: Uncle Iro
|faint|p2a: Uncle Iro
|
|
|switch|p2a: Dogs Out|Landorus-Therian, M|325\/325
|-damage|p2a: Dogs Out|285\/325|[from] Stealth Rock
|-ability|p2a: Dogs Out|Intimidate|[of] p1a: Lopunny
|-unboost|p1a: Lopunny|atk|1
|turn|11
|
|switch|p1a: Heatran|Heatran, M|386\/386
|-damage|p1a: Heatran|338\/386|[from] Stealth Rock
|move|p2a: Dogs Out|Earthquake|p1a: Heatran
|-supereffective|p1a: Heatran
|-damage|p1a: Heatran|0 fnt
|faint|p1a: Heatran
|
|
|switch|p1a: Mandibuzz|Mandibuzz, F|403\/423
|-damage|p1a: Mandibuzz|298\/423|[from] Stealth Rock
|turn|12
|
|switch|p2a: Azula|Azumarill, F|294\/350
|-damage|p2a: Azula|251\/350|[from] Stealth Rock
|move|p1a: Mandibuzz|Defog|p2a: Azula
|-unboost|p2a: Azula|evasion|1
|-sideend|p2: Mistaken|Stealth Rock|[from] move: Defog|[of] p2a: Azula
|-sideend|p1: lil manaphy|Stealth Rock|[from] move: Defog|[of] p1a: Mandibuzz
|
|turn|13
|
|switch|p1a: Manaphy|Manaphy|341\/341
|move|p2a: Azula|Play Rough|p1a: Manaphy
|-damage|p1a: Manaphy|64\/341
|
|-heal|p1a: Manaphy|85\/341|[from] item: Leftovers
|turn|14
|
|move|p1a: Manaphy|Scald|p2a: Azula
|-resisted|p2a: Azula
|-damage|p2a: Azula|186\/350
|move|p2a: Azula|Play Rough|p1a: Manaphy|[miss]
|-miss|p2a: Azula|p1a: Manaphy
|
|-heal|p1a: Manaphy|106\/341|[from] item: Leftovers
|turn|15
|
|switch|p2a: Zeus|Thundurus, M|299\/299
|move|p1a: Manaphy|Scald|p2a: Zeus
|-damage|p2a: Zeus|130\/299
|
|-heal|p1a: Manaphy|127\/341|[from] item: Leftovers
|turn|16
|
|move|p2a: Zeus|Thunderbolt|p1a: Manaphy
|-supereffective|p1a: Manaphy
|-damage|p1a: Manaphy|0 fnt
|-damage|p2a: Zeus|101\/299|[from] item: Life Orb
|faint|p1a: Manaphy
|
|
|switch|p1a: Lopunny|Lopunny-Mega, M|160\/271
|turn|17
|
|move|p1a: Lopunny|Fake Out|p2a: Zeus
|-damage|p2a: Zeus|5\/299
|cant|p2a: Zeus|flinch
|
|turn|18
|
|move|p2a: Zeus|Thunder Wave|p1a: Lopunny
|-status|p1a: Lopunny|par
|cant|p1a: Lopunny|par
|
|turn|19
|
|switch|p1a: Kyurem-Black|Kyurem-Black|391\/391
|-ability|p1a: Kyurem-Black|Teravolt
|move|p2a: Zeus|Thunder Wave|p1a: Kyurem-Black
|-status|p1a: Kyurem-Black|par
|
|turn|20
|c|âMistaken|missclick
|c|âMistaken|paid off
|c|âMistaken|LOL
|
|move|p2a: Zeus|Focus Blast|p1a: Kyurem-Black|[miss]
|-miss|p2a: Zeus|p1a: Kyurem-Black
|move|p1a: Kyurem-Black|Dragon Claw|p2a: Zeus
|-crit|p2a: Zeus
|-damage|p2a: Zeus|0 fnt
|-damage|p1a: Kyurem-Black|352\/391 par|[from] item: Life Orb
|faint|p2a: Zeus
|
|-message|lil manaphy forfeited.
|
|win|Mistaken
|raw|Ladder updating...
|leave|lil manaphy
|player|p1
|raw|lil manaphy's rating: 1641 &rarr; <strong>1623<\/strong><br \/>(-18 for losing)
|raw|Mistaken's rating: 1670 &rarr; <strong>1689<\/strong><br \/>(+19 for winning)
|leave|hide rock
|leave|Mistaken
|player|p2