|join|Mistaken
|join|Zantetzuken
|player|p1|Mistaken|264
|player|p2|Zantetzuken|161
|gametype|singles
|gen|6
|tier|OU
|rated
|clearpoke
|poke|p1|Garchomp, M
|poke|p1|Thundurus, M
|poke|p1|Azumarill, F
|poke|p1|Landorus-Therian, M
|poke|p1|Bisharp, F
|poke|p1|Metagross, shiny
|poke|p2|Garchomp, M
|poke|p2|Keldeo-Resolute
|poke|p2|Landorus-Therian, M
|poke|p2|Venusaur, F
|poke|p2|Raikou
|poke|p2|Gyarados, M
|rule|Swagger Clause: Swagger is banned
|rule|Baton Pass Clause: Limit one PokÃ©mon knowing Baton Pass
|rule|Sleep Clause Mod: Limit one foe put to sleep
|rule|Species Clause: Limit one of each PokÃ©mon
|rule|OHKO Clause: OHKO moves are banned
|rule|Moody Clause: Moody is banned
|rule|Evasion Moves Clause: Evasion moves are banned
|rule|Endless Battle Clause: Forcing endless battles is banned
|rule|HP Percentage Mod: HP is shown in percentages
|teampreview
|
|start
|switch|p1a: Roughing It|Garchomp, M|357\/357
|switch|p2a: Keldeo-Resolute|Keldeo-Resolute|323\/323
|turn|1
|
|move|p2a: Keldeo-Resolute|Scald|p1a: Roughing It
|-crit|p1a: Roughing It
|-damage|p1a: Roughing It|0 fnt
|faint|p1a: Roughing It
|
|c|âZantetzuken|suicide lead without sash not bad
|c|âMistaken|critical hit not bad
|
|switch|p1a: Azula|Azumarill, F|350\/350
|turn|2
|c|âZantetzuken|you have dat def investement?
|c|âMistaken|100% chance to live
|
|switch|p2a: Gyarados|Gyarados, M|331\/331
|-ability|p2a: Gyarados|Intimidate|[of] p1a: Azula
|-unboost|p1a: Azula|atk|1
|switch|p1a: Hit the X. DUH|Metagross, shiny|301\/301
|
|turn|3
|c|âMistaken|plz cancel
|
|switch|p1a: Azula|Azumarill, F|350\/350
|switch|p2a: Garchomp|Garchomp, M|357\/357
|
|turn|4
|
|switch|p2a: Venusaur|Venusaur, F|363\/363
|move|p1a: Azula|Play Rough|p2a: Venusaur
|-resisted|p2a: Venusaur
|-damage|p2a: Venusaur|203\/363
|
|turn|5
|
|switch|p1a: Hit the X. DUH|Metagross, shiny|301\/301
|detailschange|p2a: Venusaur|Venusaur-Mega, F
|-mega|p2a: Venusaur|Venusaur|Venusaurite
|move|p2a: Venusaur|Leech Seed|p1a: Hit the X. DUH
|-start|p1a: Hit the X. DUH|move: Leech Seed
|
|-damage|p1a: Hit the X. DUH|264\/301|[from] Leech Seed|[of] p2a: Venusaur
|-heal|p2a: Venusaur|240\/363|[silent]
|turn|6
|c|âZantetzuken|so much band theese days
|
|switch|p2a: Landorus-Therian|Landorus-Therian, M|381\/381
|-ability|p2a: Landorus-Therian|Intimidate|[of] p1a: Hit the X. DUH
|-fail|p1a: Hit the X. DUH|unboost|[from] ability: Clear Body|[of] p1a: Hit the X. DUH
|detailschange|p1a: Hit the X. DUH|Metagross-Mega, shiny
|-mega|p1a: Hit the X. DUH|Metagross|Metagrossite
|move|p1a: Hit the X. DUH|Zen Headbutt|p2a: Landorus-Therian
|-damage|p2a: Landorus-Therian|224\/381
|
|-heal|p2a: Landorus-Therian|247\/381|[from] item: Leftovers
|-damage|p1a: Hit the X. DUH|227\/301|[from] Leech Seed|[of] p2a: Landorus-Therian
|-heal|p2a: Landorus-Therian|284\/381|[silent]
|turn|7
|
|switch|p1a: Dogs Out|Landorus-Therian, M|325\/325
|-ability|p1a: Dogs Out|Intimidate|[of] p2a: Landorus-Therian
|-unboost|p2a: Landorus-Therian|atk|1
|switch|p2a: Gyarados|Gyarados, M|331\/331
|-ability|p2a: Gyarados|Intimidate|[of] p1a: Dogs Out
|-unboost|p1a: Dogs Out|atk|1
|
|turn|8
|
|move|p1a: Dogs Out|U-turn|p2a: Gyarados
|-resisted|p2a: Gyarados
|-damage|p2a: Gyarados|303\/331
|
|switch|p1a: Azula|Azumarill, F|350\/350
|move|p2a: Gyarados|Substitute|p2a: Gyarados
|-start|p2a: Gyarados|Substitute
|-damage|p2a: Gyarados|221\/331
|
|-heal|p2a: Gyarados|241\/331|[from] item: Leftovers
|turn|9
|
|switch|p2a: Venusaur|Venusaur-Mega, F|240\/363
|move|p1a: Azula|Play Rough|p2a: Venusaur
|-resisted|p2a: Venusaur
|-damage|p2a: Venusaur|121\/363
|
|turn|10
|
|move|p2a: Venusaur|Synthesis|p2a: Venusaur
|-heal|p2a: Venusaur|302\/363
|move|p1a: Azula|Play Rough|p2a: Venusaur
|-resisted|p2a: Venusaur
|-damage|p2a: Venusaur|179\/363
|
|turn|11
|
|switch|p1a: Hit the X. DUH|Metagross-Mega, shiny|227\/301
|move|p2a: Venusaur|Leech Seed|p1a: Hit the X. DUH
|-start|p1a: Hit the X. DUH|move: Leech Seed
|
|-damage|p1a: Hit the X. DUH|190\/301|[from] Leech Seed|[of] p2a: Venusaur
|-heal|p2a: Venusaur|216\/363|[silent]
|turn|12
|join|Zenzo
|
|switch|p2a: Gyarados|Gyarados, M|241\/331
|-ability|p2a: Gyarados|Intimidate|[of] p1a: Hit the X. DUH
|-unboost|p1a: Hit the X. DUH|atk|1
|move|p1a: Hit the X. DUH|Zen Headbutt|p2a: Gyarados
|-damage|p2a: Gyarados|121\/331
|
|-heal|p2a: Gyarados|141\/331|[from] item: Leftovers
|-damage|p1a: Hit the X. DUH|153\/301|[from] Leech Seed|[of] p2a: Gyarados
|-heal|p2a: Gyarados|178\/331|[silent]
|turn|13
|
|switch|p1a: Azula|Azumarill, F|350\/350
|switch|p2a: Landorus-Therian|Landorus-Therian, M|284\/381
|-ability|p2a: Landorus-Therian|Intimidate|[of] p1a: Azula
|-unboost|p1a: Azula|atk|1
|
|-heal|p2a: Landorus-Therian|307\/381|[from] item: Leftovers
|turn|14
|
|switch|p1a: Dogs Out|Landorus-Therian, M|325\/325
|-ability|p1a: Dogs Out|Intimidate|[of] p2a: Landorus-Therian
|-unboost|p2a: Landorus-Therian|atk|1
|move|p2a: Landorus-Therian|U-turn|p1a: Dogs Out
|-resisted|p1a: Dogs Out
|-damage|p1a: Dogs Out|295\/325
|
|switch|p2a: Keldeo-Resolute|Keldeo-Resolute|323\/323
|
|turn|15
|
|switch|p1a: Azula|Azumarill, F|350\/350
|move|p2a: Keldeo-Resolute|Scald|p1a: Azula
|-resisted|p1a: Azula
|-damage|p1a: Azula|233\/350
|
|turn|16
|
|switch|p2a: Gyarados|Gyarados, M|178\/331
|-ability|p2a: Gyarados|Intimidate|[of] p1a: Azula
|-unboost|p1a: Azula|atk|1
|switch|p1a: Hit the X. DUH|Metagross-Mega, shiny|153\/301
|
|-heal|p2a: Gyarados|198\/331|[from] item: Leftovers
|turn|17
|
|switch|p1a: Son of a Bish|Bisharp, F|271\/271
|switch|p2a: Landorus-Therian|Landorus-Therian, M|307\/381
|-ability|p2a: Landorus-Therian|Intimidate|[of] p1a: Son of a Bish
|-unboost|p1a: Son of a Bish|atk|1
|-boost|p1a: Son of a Bish|atk|2|[from] ability: Defiant
|
|-heal|p2a: Landorus-Therian|330\/381|[from] item: Leftovers
|turn|18
|
|move|p1a: Son of a Bish|Knock Off|p2a: Landorus-Therian
|-damage|p2a: Landorus-Therian|73\/381
|-enditem|p2a: Landorus-Therian|Leftovers|[from] move: Knock Off|[of] p1a: Son of a Bish
|-damage|p1a: Son of a Bish|244\/271|[from] item: Life Orb
|move|p2a: Landorus-Therian|Earthquake|p1a: Son of a Bish
|-supereffective|p1a: Son of a Bish
|-damage|p1a: Son of a Bish|0 fnt
|faint|p1a: Son of a Bish
|
|
|switch|p1a: Hit the X. DUH|Metagross-Mega, shiny|153\/301
|turn|19
|
|move|p1a: Hit the X. DUH|Ice Punch|p2a: Landorus-Therian
|-supereffective|p2a: Landorus-Therian
|-damage|p2a: Landorus-Therian|0 fnt
|faint|p2a: Landorus-Therian
|
|
|switch|p2a: Raikou|Raikou|321\/321
|-ability|p2a: Raikou|Pressure
|turn|20
|
|switch|p1a: Azula|Azumarill, F|233\/350
|move|p2a: Raikou|Shadow Ball|p1a: Azula
|-crit|p1a: Azula
|-damage|p1a: Azula|102\/350
|-unboost|p1a: Azula|spd|1
|
|turn|21
|join|haunter
|c|âZantetzuken|sry man
|
|move|p2a: Raikou|Shadow Ball|p1a: Azula
|-damage|p1a: Azula|0 fnt
|faint|p1a: Azula
|
|
|switch|p1a: Dogs Out|Landorus-Therian, M|295\/325
|-ability|p1a: Dogs Out|Intimidate|[of] p2a: Raikou
|-unboost|p2a: Raikou|atk|1
|turn|22
|
|switch|p2a: Garchomp|Garchomp, M|357\/357
|move|p1a: Dogs Out|U-turn|p2a: Garchomp
|-damage|p2a: Garchomp|258\/357
|-damage|p1a: Dogs Out|255\/325|[from] ability: Rough Skin|[of] p2a: Garchomp
|
|switch|p1a: Zeus|Thundurus, M|299\/299
|
|turn|23
|
|move|p2a: Garchomp|Outrage|p1a: Zeus
|-damage|p1a: Zeus|25\/299
|move|p1a: Zeus|Hidden Power|p2a: Garchomp
|-supereffective|p2a: Garchomp
|-damage|p2a: Garchomp|0 fnt
|-damage|p1a: Zeus|0 fnt|[from] item: Life Orb
|faint|p2a: Garchomp
|faint|p1a: Zeus
|
|
|switch|p1a: Hit the X. DUH|Metagross-Mega, shiny|153\/301
|switch|p2a: Venusaur|Venusaur-Mega, F|216\/363
|turn|24
|
|move|p1a: Hit the X. DUH|Zen Headbutt|p2a: Venusaur
|-supereffective|p2a: Venusaur
|-damage|p2a: Venusaur|0 fnt
|faint|p2a: Venusaur
|
|
|switch|p2a: Raikou|Raikou|321\/321
|-ability|p2a: Raikou|Pressure
|turn|25
|
|switch|p1a: Dogs Out|Landorus-Therian, M|255\/325
|-ability|p1a: Dogs Out|Intimidate|[of] p2a: Raikou
|-unboost|p2a: Raikou|atk|1
|move|p2a: Raikou|Shadow Ball|p1a: Dogs Out
|-damage|p1a: Dogs Out|159\/325
|
|turn|26
|
|switch|p2a: Gyarados|Gyarados, M|198\/331
|-ability|p2a: Gyarados|Intimidate|[of] p1a: Dogs Out
|-unboost|p1a: Dogs Out|atk|1
|move|p1a: Dogs Out|U-turn|p2a: Gyarados
|-resisted|p2a: Gyarados
|-damage|p2a: Gyarados|171\/331
|
|switch|p1a: Hit the X. DUH|Metagross-Mega, shiny|153\/301
|
|-heal|p2a: Gyarados|191\/331|[from] item: Leftovers
|turn|27
|
|switch|p2a: Keldeo-Resolute|Keldeo-Resolute|323\/323
|move|p1a: Hit the X. DUH|Zen Headbutt|p2a: Keldeo-Resolute
|-supereffective|p2a: Keldeo-Resolute
|-damage|p2a: Keldeo-Resolute|0 fnt
|faint|p2a: Keldeo-Resolute
|
|
|switch|p2a: Gyarados|Gyarados, M|191\/331
|-ability|p2a: Gyarados|Intimidate|[of] p1a: Hit the X. DUH
|-unboost|p1a: Hit the X. DUH|atk|1
|turn|28
|
|switch|p2a: Raikou|Raikou|321\/321
|-ability|p2a: Raikou|Pressure
|move|p1a: Hit the X. DUH|Zen Headbutt|p2a: Raikou
|-damage|p2a: Raikou|156\/321
|
|-heal|p2a: Raikou|176\/321|[from] item: Leftovers
|turn|29
|
|switch|p2a: Gyarados|Gyarados, M|191\/331
|-ability|p2a: Gyarados|Intimidate|[of] p1a: Hit the X. DUH
|-unboost|p1a: Hit the X. DUH|atk|1
|move|p1a: Hit the X. DUH|Zen Headbutt|p2a: Gyarados
|-damage|p2a: Gyarados|103\/331
|
|-heal|p2a: Gyarados|123\/331|[from] item: Leftovers
|turn|30
|
|move|p1a: Hit the X. DUH|Zen Headbutt|p2a: Gyarados
|-damage|p2a: Gyarados|24\/331
|move|p2a: Gyarados|Dragon Dance|p2a: Gyarados
|-boost|p2a: Gyarados|atk|1
|-boost|p2a: Gyarados|spe|1
|
|-heal|p2a: Gyarados|44\/331|[from] item: Leftovers
|turn|31
|c|âZantetzuken|gg
|
|move|p2a: Gyarados|Waterfall|p1a: Hit the X. DUH
|-damage|p1a: Hit the X. DUH|36\/301
|move|p1a: Hit the X. DUH|Zen Headbutt|p2a: Gyarados
|-damage|p2a: Gyarados|0 fnt
|faint|p2a: Gyarados
|
|-message|Zantetzuken forfeited.
|leave|Zantetzuken
|c| Zenzo|lol
|
|win|Mistaken
|raw|Ladder updating...
|player|p2
|raw|Mistaken's rating: 1590 &rarr; <strong>1606<\/strong><br \/>(+16 for winning)
|raw|Zantetzuken's rating: 1531 &rarr; <strong>1514<\/strong><br \/>(-17 for losing)
|c| Zenzo|how is it so bulky
|leave|Zenzo
|join|BattleXV
|leave|BattleXV