|join|Dodoria
|join|Mistaken
|player|p1|Dodoria|224
|player|p2|Mistaken|264
|gametype|singles
|gen|6
|tier|OU
|rated
|clearpoke
|poke|p1|Charizard, M
|poke|p1|Venusaur, F
|poke|p1|Heatran, M
|poke|p1|Wobbuffet, F
|poke|p1|Starmie
|poke|p1|Garchomp, M
|poke|p2|Zapdos, shiny
|poke|p2|Chansey, F
|poke|p2|Gliscor, M
|poke|p2|Clefable, F
|poke|p2|Slowbro, M, shiny
|poke|p2|Scizor, F
|rule|Swagger Clause: Swagger is banned
|rule|Baton Pass Clause: Limit one PokÃ©mon knowing Baton Pass
|rule|Sleep Clause Mod: Limit one foe put to sleep
|rule|Species Clause: Limit one of each PokÃ©mon
|rule|OHKO Clause: OHKO moves are banned
|rule|Moody Clause: Moody is banned
|rule|Evasion Moves Clause: Evasion moves are banned
|rule|Endless Battle Clause: Forcing endless battles is banned
|rule|HP Percentage Mod: HP is shown in percentages
|teampreview
|
|start
|switch|p1a: Garchomp|Garchomp, M|420\/420
|switch|p2a: ZENZO|Gliscor, M|353\/353
|turn|1
|
|move|p1a: Garchomp|Stealth Rock|p2a: ZENZO
|-sidestart|p2: Mistaken|move: Stealth Rock
|move|p2a: ZENZO|Knock Off|p1a: Garchomp
|-damage|p1a: Garchomp|357\/420
|-damage|p2a: ZENZO|309\/353|[from] ability: Rough Skin|[of] p1a: Garchomp
|-damage|p2a: ZENZO|251\/353|[from] item: Rocky Helmet|[of] p1a: Garchomp
|-enditem|p1a: Garchomp|Rocky Helmet|[from] move: Knock Off|[of] p2a: ZENZO
|
|-status|p2a: ZENZO|tox|[from] item: Toxic Orb
|turn|2
|
|move|p2a: ZENZO|Roost|p2a: ZENZO
|-heal|p2a: ZENZO|353\/353 tox
|move|p1a: Garchomp|Dragon Tail|p2a: ZENZO
|-damage|p2a: ZENZO|284\/353 tox
|drag|p2a: DayanneMadeME|Zapdos, shiny|384\/384
|-damage|p2a: DayanneMadeME|288\/384|[from] Stealth Rock
|-ability|p2a: DayanneMadeME|Pressure
|
|-heal|p2a: DayanneMadeME|312\/384|[from] item: Leftovers
|turn|3
|
|move|p1a: Garchomp|Toxic|p2a: DayanneMadeME
|-status|p2a: DayanneMadeME|tox
|move|p2a: DayanneMadeME|Defog|p1a: Garchomp
|-unboost|p1a: Garchomp|evasion|1
|-sideend|p2: Mistaken|Stealth Rock|[from] move: Defog|[of] p2a: DayanneMadeME
|
|-heal|p2a: DayanneMadeME|336\/384 tox|[from] item: Leftovers
|-damage|p2a: DayanneMadeME|312\/384 tox|[from] psn
|turn|4
|join|I Iike Squirtles
|
|switch|p2a: Chubby|Clefable, F|394\/394
|move|p1a: Garchomp|Stealth Rock|p2a: Chubby
|-sidestart|p2: Mistaken|move: Stealth Rock
|
|turn|5
|
|switch|p1a: Wobbuffet|Wobbuffet, F|534\/534
|switch|p2a: ZENZO|Gliscor, M|284\/353 tox
|-damage|p2a: ZENZO|240\/353 tox|[from] Stealth Rock
|
|-heal|p2a: ZENZO|284\/353 tox|[from] ability: Poison Heal
|turn|6
|
|switch|p1a: Garchomp|Garchomp, M|357\/420
|move|p2a: ZENZO|Taunt|p1a: Garchomp
|-start|p1a: Garchomp|move: Taunt
|
|-heal|p2a: ZENZO|328\/353 tox|[from] ability: Poison Heal
|turn|7
|
|move|p2a: ZENZO|Earthquake|p1a: Garchomp
|-damage|p1a: Garchomp|263\/420
|move|p1a: Garchomp|Dragon Tail|p2a: ZENZO|[miss]
|-miss|p1a: Garchomp|p2a: ZENZO
|
|-heal|p2a: ZENZO|353\/353 tox|[from] ability: Poison Heal
|turn|8
|
|switch|p2a: Chubby|Clefable, F|394\/394
|-damage|p2a: Chubby|345\/394|[from] Stealth Rock
|move|p1a: Garchomp|Dragon Tail|p2a: Chubby
|-immune|p2a: Chubby|[msg]
|
|-heal|p2a: Chubby|369\/394|[from] item: Leftovers
|turn|9
|
|switch|p1a: Wobbuffet|Wobbuffet, F|534\/534
|move|p2a: Chubby|Moonblast|p1a: Wobbuffet
|-damage|p1a: Wobbuffet|420\/534
|
|-heal|p2a: Chubby|393\/394|[from] item: Leftovers
|-heal|p1a: Wobbuffet|453\/534|[from] item: Leftovers
|turn|10
|
|move|p2a: Chubby|Calm Mind|p2a: Chubby
|-boost|p2a: Chubby|spa|1
|-boost|p2a: Chubby|spd|1
|move|p1a: Wobbuffet|Encore|p2a: Chubby
|-start|p2a: Chubby|Encore
|
|-heal|p2a: Chubby|394\/394|[from] item: Leftovers
|-heal|p1a: Wobbuffet|486\/534|[from] item: Leftovers
|turn|11
|
|switch|p1a: Charizard|Charizard, M|297\/297
|move|p2a: Chubby|Calm Mind|p2a: Chubby
|-boost|p2a: Chubby|spa|1
|-boost|p2a: Chubby|spd|1
|
|turn|12
|
|switch|p2a: EggHead|Chansey, F|704\/704
|-damage|p2a: EggHead|616\/704|[from] Stealth Rock
|detailschange|p1a: Charizard|Charizard-Mega-Y, M
|-mega|p1a: Charizard|Charizard|Charizardite Y
|-weather|SunnyDay
|move|p1a: Charizard|Flare Blitz|p2a: EggHead
|-damage|p2a: EggHead|220\/704
|-damage|p1a: Charizard|166\/297|[from] recoil|[of] p2a: EggHead
|
|-weather|SunnyDay|[upkeep]
|turn|13
|
|switch|p2a: Slowbro'ed|Slowbro, M, shiny|394\/394
|-damage|p2a: Slowbro'ed|345\/394|[from] Stealth Rock
|move|p1a: Charizard|Flare Blitz|p2a: Slowbro'ed
|-resisted|p2a: Slowbro'ed
|-damage|p2a: Slowbro'ed|252\/394
|-status|p2a: Slowbro'ed|brn
|-damage|p1a: Charizard|135\/297|[from] recoil|[of] p2a: Slowbro'ed
|
|-weather|SunnyDay|[upkeep]
|-heal|p2a: Slowbro'ed|276\/394 brn|[from] item: Leftovers
|-damage|p2a: Slowbro'ed|227\/394 brn|[from] brn
|turn|14
|
|move|p1a: Charizard|Solar Beam|p2a: Slowbro'ed|[still]
|-prepare|p1a: Charizard|Solar Beam|p2a: Slowbro'ed
|-anim|p1a: Charizard|Solar Beam|p2a: Slowbro'ed
|-supereffective|p2a: Slowbro'ed
|-damage|p2a: Slowbro'ed|0 fnt
|faint|p2a: Slowbro'ed
|
|-weather|SunnyDay|[upkeep]
|
|switch|p2a: Chubby|Clefable, F|394\/394
|-damage|p2a: Chubby|345\/394|[from] Stealth Rock
|turn|15
|
|move|p1a: Charizard|Roost|p1a: Charizard
|-heal|p1a: Charizard|284\/297
|move|p2a: Chubby|Moonblast|p1a: Charizard
|-resisted|p1a: Charizard
|-damage|p1a: Charizard|235\/297
|
|-weather|SunnyDay|[upkeep]
|-heal|p2a: Chubby|369\/394|[from] item: Leftovers
|turn|16
|
|move|p1a: Charizard|Flare Blitz|p2a: Chubby
|-damage|p2a: Chubby|98\/394
|-damage|p1a: Charizard|146\/297|[from] recoil|[of] p2a: Chubby
|move|p2a: Chubby|Wish|p2a: Chubby
|
|-weather|none
|-heal|p2a: Chubby|122\/394|[from] item: Leftovers
|turn|17
|
|switch|p1a: Wobbuffet|Wobbuffet, F|486\/534
|move|p2a: Chubby|Calm Mind|p2a: Chubby
|-boost|p2a: Chubby|spa|1
|-boost|p2a: Chubby|spd|1
|
|-heal|p2a: Chubby|319\/394|[from] move: Wish|[wisher] Chubby
|-heal|p2a: Chubby|343\/394|[from] item: Leftovers
|-heal|p1a: Wobbuffet|519\/534|[from] item: Leftovers
|turn|18
|
|move|p2a: Chubby|Protect|p2a: Chubby
|-singleturn|p2a: Chubby|Protect
|move|p1a: Wobbuffet|Encore|p2a: Chubby
|-activate|p2a: Chubby|Protect
|
|-heal|p2a: Chubby|367\/394|[from] item: Leftovers
|-heal|p1a: Wobbuffet|534\/534|[from] item: Leftovers
|turn|19
|
|switch|p1a: Charizard|Charizard-Mega-Y, M|146\/297
|-weather|SunnyDay
|move|p2a: Chubby|Wish|p2a: Chubby
|
|-weather|SunnyDay|[upkeep]
|-heal|p2a: Chubby|391\/394|[from] item: Leftovers
|turn|20
|
|switch|p1a: Wobbuffet|Wobbuffet, F|534\/534
|move|p2a: Chubby|Calm Mind|p2a: Chubby
|-boost|p2a: Chubby|spa|1
|-boost|p2a: Chubby|spd|1
|
|-weather|SunnyDay|[upkeep]
|-heal|p2a: Chubby|394\/394|[from] move: Wish|[wisher] Chubby
|turn|21
|c| I Iike Squirtles|Innovation
|
|move|p2a: Chubby|Protect|p2a: Chubby
|-singleturn|p2a: Chubby|Protect
|move|p1a: Wobbuffet|Encore|p2a: Chubby
|-activate|p2a: Chubby|Protect
|
|-weather|SunnyDay|[upkeep]
|turn|22
|c|âMistaken|what?
|
|move|p2a: Chubby|Moonblast|p1a: Wobbuffet
|-damage|p1a: Wobbuffet|299\/534
|move|p1a: Wobbuffet|Encore|p2a: Chubby
|-start|p2a: Chubby|Encore
|
|-weather|SunnyDay|[upkeep]
|-heal|p1a: Wobbuffet|332\/534|[from] item: Leftovers
|turn|23
|
|move|p2a: Chubby|Moonblast|p1a: Wobbuffet
|-damage|p1a: Wobbuffet|79\/534
|move|p1a: Wobbuffet|Mirror Coat|p2a: Chubby
|-damage|p2a: Chubby|0 fnt
|faint|p2a: Chubby
|
|-weather|none
|-heal|p1a: Wobbuffet|112\/534|[from] item: Leftovers
|c|âMistaken|fuck this game
|c|âMistaken|ffs
|
|switch|p2a: ZENZO|Gliscor, M|353\/353 tox
|-damage|p2a: ZENZO|309\/353 tox|[from] Stealth Rock
|turn|24
|c|âMistaken|i hate it
|
|switch|p1a: Charizard|Charizard-Mega-Y, M|146\/297
|-weather|SunnyDay
|move|p2a: ZENZO|Knock Off|p1a: Charizard
|-damage|p1a: Charizard|78\/297
|
|-weather|SunnyDay|[upkeep]
|-heal|p2a: ZENZO|353\/353 tox|[from] ability: Poison Heal
|turn|25
|c| I Iike Squirtles|Flare blitz chari don't c that often
|
|switch|p1a: Wobbuffet|Wobbuffet, F|112\/534
|move|p2a: ZENZO|Earthquake|p1a: Wobbuffet
|-damage|p1a: Wobbuffet|0 fnt
|faint|p1a: Wobbuffet
|
|-weather|SunnyDay|[upkeep]
|
|switch|p1a: Heatran|Heatran, M|323\/323
|-item|p1a: Heatran|Air Balloon
|turn|26
|c|âMistaken|yeah
|c|âMistaken|hp ice
|c|âMistaken|i swear
|
|switch|p2a: DayanneMadeME|Zapdos, shiny|312\/384 tox
|-damage|p2a: DayanneMadeME|216\/384 tox|[from] Stealth Rock
|-ability|p2a: DayanneMadeME|Pressure
|move|p1a: Heatran|Magma Storm|p2a: DayanneMadeME
|-damage|p2a: DayanneMadeME|0 fnt
|faint|p2a: DayanneMadeME
|
|-weather|SunnyDay|[upkeep]
|
|switch|p2a: EggHead|Chansey, F|220\/704
|-damage|p2a: EggHead|132\/704|[from] Stealth Rock
|turn|27
|
|move|p1a: Heatran|Magma Storm|p2a: EggHead
|-damage|p2a: EggHead|0 fnt
|faint|p2a: EggHead
|
|-weather|SunnyDay|[upkeep]
|
|switch|p2a: ZENZO|Gliscor, M|353\/353 tox
|-damage|p2a: ZENZO|309\/353 tox|[from] Stealth Rock
|turn|28
|
|move|p1a: Heatran|Magma Storm|p2a: ZENZO
|-damage|p2a: ZENZO|68\/353 tox
|-activate|p2a: ZENZO|move: Magma Storm|[of] p1a: Heatran
|move|p2a: ZENZO|Knock Off|p1a: Heatran
|-damage|p1a: Heatran|247\/323
|-enditem|p1a: Heatran|Air Balloon
|
|-weather|none
|-heal|p2a: ZENZO|112\/353 tox|[from] ability: Poison Heal
|-damage|p2a: ZENZO|68\/353 tox|[from] move: Magma Storm|[partiallytrapped]
|turn|29
|
|move|p1a: Heatran|Magma Storm|p2a: ZENZO
|-damage|p2a: ZENZO|0 fnt
|faint|p2a: ZENZO
|
|c|âDodoria|gg
|c|âMistaken|drop -70 points in 10 min
|c|âMistaken|i love showdown
|
|switch|p2a: rockPaperScizor|Scizor, F|343\/343
|-damage|p2a: rockPaperScizor|301\/343|[from] Stealth Rock
|turn|30
|c|âDodoria|lol
|
|detailschange|p2a: rockPaperScizor|Scizor-Mega, F
|-mega|p2a: rockPaperScizor|Scizor|Scizorite
|move|p1a: Heatran|Magma Storm|p2a: rockPaperScizor|[miss]
|-miss|p1a: Heatran|p2a: rockPaperScizor
|move|p2a: rockPaperScizor|Superpower|p1a: Heatran
|-supereffective|p1a: Heatran
|-damage|p1a: Heatran|5\/323
|-unboost|p2a: rockPaperScizor|atk|1
|-unboost|p2a: rockPaperScizor|def|1
|
|turn|31
|
|move|p2a: rockPaperScizor|Bullet Punch|p1a: Heatran
|-resisted|p1a: Heatran
|-damage|p1a: Heatran|0 fnt
|faint|p1a: Heatran
|
|
|switch|p1a: Charizard|Charizard-Mega-Y, M|78\/297
|-weather|SunnyDay
|turn|32
|c|âMistaken|gimme a crit
|c|âMistaken|than i cheer
|
|move|p2a: rockPaperScizor|Bullet Punch|p1a: Charizard
|-resisted|p1a: Charizard
|-damage|p1a: Charizard|31\/297
|move|p1a: Charizard|Flare Blitz|p2a: rockPaperScizor
|-supereffective|p2a: rockPaperScizor
|-damage|p2a: rockPaperScizor|0 fnt
|-damage|p1a: Charizard|0 fnt|[from] recoil|[of] p2a: rockPaperScizor
|faint|p2a: rockPaperScizor
|faint|p1a: Charizard
|
|win|Dodoria
|raw|Ladder updating...
|raw|Dodoria's rating: 1579 &rarr; <strong>1605<\/strong><br \/>(+26 for winning)
|raw|Mistaken's rating: 1701 &rarr; <strong>1674<\/strong><br \/>(-27 for losing)