|join|Reverb
|join|Mistaken
|c|âReverb|hf
Mistaken made this room hidden.
|player|p1|Reverb|#reverb
|player|p2|Mistaken|264
|gametype|singles
|gen|6
|tier|OU
|rated
|clearpoke
|poke|p1|Infernape, M
|poke|p1|Azumarill, M
|poke|p1|Gastrodon, M
|poke|p1|Landorus, M
|poke|p1|Thundurus, M
|poke|p1|Metagross
|poke|p2|Garchomp, F
|poke|p2|Thundurus, M
|poke|p2|Azumarill, F
|poke|p2|Landorus-Therian, M
|poke|p2|Bisharp, F
|poke|p2|Metagross, shiny
|rule|Swagger Clause: Swagger is banned
|rule|Baton Pass Clause: Limit one PokÃ©mon knowing Baton Pass
|rule|Sleep Clause Mod: Limit one foe put to sleep
|rule|Species Clause: Limit one of each PokÃ©mon
|rule|OHKO Clause: OHKO moves are banned
|rule|Moody Clause: Moody is banned
|rule|Evasion Moves Clause: Evasion moves are banned
|rule|Endless Battle Clause: Forcing endless battles is banned
|rule|HP Percentage Mod: HP is shown in percentages
|teampreview
|c|âMistaken|u2
|
|start
|switch|p1a: Infernape|Infernape, M|294\/294
|switch|p2a: Azula|Azumarill, F|350\/350
|turn|1
|c|âReverb|nice avatar nicks
|c|âMistaken|ty
|c|âReverb|but
|
|move|p2a: Azula|Aqua Jet|p1a: Infernape
|-supereffective|p1a: Infernape
|-enditem|p1a: Infernape|Focus Sash
|-damage|p1a: Infernape|1\/294
|move|p1a: Infernape|Stealth Rock|p2a: Azula
|-sidestart|p2: Mistaken|move: Stealth Rock
|
|turn|2
|c|âReverb|shouldnt azula
|c|âReverb|be a fire or elec type?
|c|âMistaken|probably
|c|âReverb|is your lando-t toph?
|c|âReverb|or metagross
|c|âMistaken|now it is
|c|âReverb|metagross imo
|
|switch|p1a: Gastrodon|Gastrodon, M|426\/426
|switch|p2a: Roughing It|Garchomp, F|357\/357
|-damage|p2a: Roughing It|335\/357|[from] Stealth Rock
|
|turn|3
|c|âReverb|since she invented metalbending
|
|switch|p1a: Infernape|Infernape, M|1\/294
|move|p2a: Roughing It|Stealth Rock|p1a: Infernape
|-sidestart|p1: Reverb|move: Stealth Rock
|
|turn|4
|
|move|p1a: Infernape|Endeavor|p2a: Roughing It
|-damage|p2a: Roughing It|1\/357
|-damage|p1a: Infernape|0 fnt|[from] ability: Rough Skin|[of] p2a: Roughing It
|faint|p1a: Infernape
|move|p2a: Roughing It|Dragon Claw|p1: Infernape|[notarget]
|-notarget
|
|c|âMistaken|such a good show but the legend of kora is terrible
|
|switch|p1a: Azumarill|Azumarill, M|360\/360
|-damage|p1a: Azumarill|315\/360|[from] Stealth Rock
|turn|5
|c|âReverb|fuck u
|c|âReverb|i love korra
|c|âReverb|~_~
|
|move|p1a: Azumarill|Aqua Jet|p2a: Roughing It
|-damage|p2a: Roughing It|0 fnt
|-damage|p1a: Azumarill|270\/360|[from] ability: Rough Skin|[of] p2a: Roughing It
|-damage|p1a: Azumarill|210\/360|[from] item: Rocky Helmet|[of] p2a: Roughing It
|faint|p2a: Roughing It
|
|
|switch|p2a: Hit the X. DUH|Metagross, shiny|301\/301
|-damage|p2a: Hit the X. DUH|283\/301|[from] Stealth Rock
|turn|6
|c|âMistaken|for real?
|c|âReverb|ye
|c|âReverb|as do most ppl
|c|âReverb|it got rave reviews
|c|âMistaken|i only saw first few episodes
|
|switch|p1a: Gastrodon|Gastrodon, M|426\/426
|-damage|p1a: Gastrodon|400\/426|[from] Stealth Rock
|detailschange|p2a: Hit the X. DUH|Metagross-Mega, shiny
|-mega|p2a: Hit the X. DUH|Metagross|Metagrossite
|move|p2a: Hit the X. DUH|Meteor Mash|p1a: Gastrodon|[miss]
|-miss|p2a: Hit the X. DUH|p1a: Gastrodon
|
|-heal|p1a: Gastrodon|426\/426|[from] item: Leftovers
|turn|7
|c|âReverb|keep watching
|c|âReverb|it gets better
|c|âMistaken|ill but it on my list :D
|
|switch|p2a: Azula|Azumarill, F|350\/350
|-damage|p2a: Azula|307\/350|[from] Stealth Rock
|move|p1a: Gastrodon|Earth Power|p2a: Azula
|-damage|p2a: Azula|205\/350
|
|turn|8
|
|move|p2a: Azula|Superpower|p1a: Gastrodon
|-crit|p1a: Gastrodon
|-damage|p1a: Gastrodon|53\/426
|-unboost|p2a: Azula|atk|1
|-unboost|p2a: Azula|def|1
|move|p1a: Gastrodon|Earth Power|p2a: Azula
|-damage|p2a: Azula|99\/350
|
|-heal|p1a: Gastrodon|79\/426|[from] item: Leftovers
|turn|9
|
|move|p2a: Azula|Superpower|p1a: Gastrodon
|-damage|p1a: Gastrodon|0 fnt
|-unboost|p2a: Azula|atk|1
|-unboost|p2a: Azula|def|1
|faint|p1a: Gastrodon
|
|c|âReverb|well
|c|âReverb|that sucks
|c|âMistaken|plz cancel
|c|âMistaken|o no
|
|switch|p1a: Metagross|Metagross|301\/301
|-damage|p1a: Metagross|283\/301|[from] Stealth Rock
|turn|10
|c|âMistaken|i  thought ud bd
|
|detailschange|p1a: Metagross|Metagross-Mega
|-mega|p1a: Metagross|Metagross|Metagrossite
|move|p1a: Metagross|Meteor Mash|p2a: Azula
|-damage|p2a: Azula|0 fnt
|faint|p2a: Azula
|
|c|âReverb|it cant kill metagross
|c|âReverb|also
|c|âReverb|i'd be so low
|c|âReverb|sucker from sharp would kill
|c|âReverb|gastro walls your team tho it seems
|
|switch|p2a: Son of a Bish|Bisharp, F|271\/271
|-damage|p2a: Son of a Bish|255\/271|[from] Stealth Rock
|turn|11
|c|âMistaken|banded azu
|c|âReverb|so that crit was v gay lol
|c|âMistaken|kind of kills it with pr
|
|move|p2a: Son of a Bish|Sucker Punch|p1a: Metagross
|-supereffective|p1a: Metagross
|-damage|p1a: Metagross|26\/301
|-damage|p2a: Son of a Bish|228\/271|[from] item: Life Orb
|move|p1a: Metagross|Hammer Arm|p2a: Son of a Bish
|-supereffective|p2a: Son of a Bish
|-damage|p2a: Son of a Bish|0 fnt
|-unboost|p1a: Metagross|spe|1
|faint|p2a: Son of a Bish
|
|c|âMistaken|i was stupid and thought you might double to gross
|
|switch|p2a: Zeus|Thundurus, M|299\/299
|-damage|p2a: Zeus|225\/299|[from] Stealth Rock
|turn|12
|
|move|p2a: Zeus|Thunderbolt|p1a: Metagross
|-damage|p1a: Metagross|0 fnt
|-damage|p2a: Zeus|196\/299|[from] item: Life Orb
|faint|p1a: Metagross
|
|
|switch|p1a: Thundurus|Thundurus, M|299\/299
|-damage|p1a: Thundurus|225\/299|[from] Stealth Rock
|turn|13
|c|âMistaken|you're the first person I've seen use gastro in oras gratz
|
|move|p2a: Zeus|Thunderbolt|p1a: Thundurus
|-damage|p1a: Thundurus|0 fnt
|-damage|p2a: Zeus|167\/299|[from] item: Life Orb
|faint|p1a: Thundurus
|
|c|âReverb|...
|c|âMistaken|sorry
|c|âReverb|np
|c|âReverb|speed tie kinda determined tha tgame
|-message|Reverb forfeited.
|c|âReverb|gg
|c|âMistaken|gg
|
|win|Mistaken
|raw|Ladder updating...
|raw|Reverb's rating: 1788 &rarr; <strong>1756<\/strong><br \/>(-32 for losing)
|raw|Mistaken's rating: 1555 &rarr; <strong>1587<\/strong><br \/>(+32 for winning)
|c|âReverb|gross
|c|âReverb|32 pts
|leave|Reverb
|player|p1