|join|Mistaken
|join|FlashyJoey
|player|p1|Mistaken|264
|player|p2|FlashyJoey|33
|gametype|singles
|gen|6
|tier|OU
|rated
|clearpoke
|poke|p1|Gothitelle, F
|poke|p1|Quagsire, M
|poke|p1|Chansey, F
|poke|p1|Skarmory, M
|poke|p1|Sableye, M
|poke|p1|Cresselia, F
|poke|p2|Starmie
|poke|p2|Chesnaught, M
|poke|p2|Talonflame, M
|poke|p2|Excadrill, F
|poke|p2|Tyranitar, F
|poke|p2|Gardevoir, M
|rule|Swagger Clause: Swagger is banned
|rule|Baton Pass Clause: Limit one PokÃ©mon knowing Baton Pass
|rule|Sleep Clause Mod: Limit one foe put to sleep
|rule|Species Clause: Limit one of each PokÃ©mon
|rule|OHKO Clause: OHKO moves are banned
|rule|Moody Clause: Moody is banned
|rule|Evasion Moves Clause: Evasion moves are banned
|rule|Endless Battle Clause: Forcing endless battles is banned
|rule|HP Percentage Mod: HP is shown in percentages
|teampreview
|
|start
|switch|p1a: Skarmory|Skarmory, M|334\/334
|switch|p2a: Gardevoir|Gardevoir, M|277\/277
|-ability|p2a: Gardevoir|Sturdy|[from] ability: Trace|[of] p1a: Skarmory
|turn|1
|
|switch|p1a: Chansey|Chansey, F|703\/703
|detailschange|p2a: Gardevoir|Gardevoir-Mega, M
|-mega|p2a: Gardevoir|Gardevoir|Gardevoirite
|move|p2a: Gardevoir|Hidden Power|p1a: Chansey
|-damage|p1a: Chansey|644\/703
|
|turn|2
|
|switch|p2a: Chesnaught|Chesnaught, M|379\/379
|move|p1a: Chansey|Seismic Toss|p2a: Chesnaught
|-damage|p2a: Chesnaught|279\/379
|
|-heal|p2a: Chesnaught|302\/379|[from] item: Leftovers
|turn|3
|
|switch|p1a: Gothitelle|Gothitelle, F|301\/301
|move|p2a: Chesnaught|Spikes|p1a: Gothitelle
|-sidestart|p1: Mistaken|Spikes
|
|-heal|p2a: Chesnaught|325\/379|[from] item: Leftovers
|turn|4
|
|move|p1a: Gothitelle|Psyshock|p2a: Chesnaught
|-supereffective|p2a: Chesnaught
|-damage|p2a: Chesnaught|179\/379
|move|p2a: Chesnaught|Wood Hammer|p1a: Gothitelle
|-damage|p1a: Gothitelle|141\/301
|-damage|p2a: Chesnaught|126\/379|[from] recoil|[of] p1a: Gothitelle
|
|-heal|p2a: Chesnaught|149\/379|[from] item: Leftovers
|turn|5
|
|move|p1a: Gothitelle|Psyshock|p2a: Chesnaught
|-supereffective|p2a: Chesnaught
|-damage|p2a: Chesnaught|0 fnt
|faint|p2a: Chesnaught
|
|
|switch|p2a: Tyranitar|Tyranitar, F|341\/341
|-weather|Sandstorm
|turn|6
|
|move|p2a: Tyranitar|Pursuit|p1a: Gothitelle|[from]Pursuit
|-supereffective|p1a: Gothitelle
|-damage|p1a: Gothitelle|0 fnt
|faint|p1a: Gothitelle
|
|-weather|Sandstorm|[upkeep]
|
|switch|p1a: Sableye|Sableye, M|303\/303
|-damage|p1a: Sableye|266\/303|[from] Spikes
|turn|7
|
|switch|p2a: Gardevoir|Gardevoir-Mega, M|277\/277
|detailschange|p1a: Sableye|Sableye-Mega, M
|-mega|p1a: Sableye|Sableye|Sablenite
|move|p1a: Sableye|Will-O-Wisp|p2a: Gardevoir
|-status|p2a: Gardevoir|brn
|
|-weather|Sandstorm|[upkeep]
|-damage|p2a: Gardevoir|260\/277 brn|[from] sandstorm
|-damage|p1a: Sableye|248\/303|[from] sandstorm
|-damage|p2a: Gardevoir|226\/277 brn|[from] brn
|turn|8
|
|switch|p1a: Chansey|Chansey, F|644\/703
|-damage|p1a: Chansey|557\/703|[from] Spikes
|move|p2a: Gardevoir|Psyshock|p1a: Chansey
|-damage|p1a: Chansey|343\/703
|
|-weather|Sandstorm|[upkeep]
|-damage|p2a: Gardevoir|209\/277 brn|[from] sandstorm
|-damage|p1a: Chansey|300\/703|[from] sandstorm
|-damage|p2a: Gardevoir|175\/277 brn|[from] brn
|turn|9
|
|move|p2a: Gardevoir|Psyshock|p1a: Chansey
|-damage|p1a: Chansey|71\/703
|move|p1a: Chansey|Soft-Boiled|p1a: Chansey
|-heal|p1a: Chansey|423\/703
|
|-weather|Sandstorm|[upkeep]
|-damage|p2a: Gardevoir|158\/277 brn|[from] sandstorm
|-damage|p1a: Chansey|380\/703|[from] sandstorm
|-damage|p2a: Gardevoir|124\/277 brn|[from] brn
|turn|10
|
|switch|p2a: Tyranitar|Tyranitar, F|341\/341
|move|p1a: Chansey|Soft-Boiled|p1a: Chansey
|-heal|p1a: Chansey|703\/703
|
|-weather|Sandstorm|[upkeep]
|-damage|p1a: Chansey|660\/703|[from] sandstorm
|turn|11
|
|switch|p1a: Skarmory|Skarmory, M|334\/334
|move|p2a: Tyranitar|Stone Edge|p1a: Skarmory
|-damage|p1a: Skarmory|216\/334
|
|-weather|Sandstorm|[upkeep]
|turn|12
|
|move|p2a: Tyranitar|Stealth Rock|p1a: Skarmory
|-sidestart|p1: Mistaken|move: Stealth Rock
|move|p1a: Skarmory|Roost|p1a: Skarmory
|-heal|p1a: Skarmory|334\/334
|
|-weather|Sandstorm|[upkeep]
|turn|13
|
|switch|p2a: Starmie|Starmie|323\/323
|move|p1a: Skarmory|Counter|p2a: Starmie
|-fail|p2a: Starmie
|
|-weather|none
|turn|14
|
|switch|p1a: Cresselia|Cresselia, F|444\/444
|-damage|p1a: Cresselia|389\/444|[from] Stealth Rock
|move|p2a: Starmie|Scald|p1a: Cresselia
|-damage|p1a: Cresselia|331\/444
|
|-heal|p1a: Cresselia|358\/444|[from] item: Leftovers
|turn|15
|
|move|p2a: Starmie|Scald|p1a: Cresselia
|-damage|p1a: Cresselia|291\/444
|move|p1a: Cresselia|Skill Swap|p2a: Starmie
|-activate|p1a: Cresselia|move: Skill Swap|Natural Cure|Levitate|[of] p2a: Starmie
|
|-heal|p1a: Cresselia|318\/444|[from] item: Leftovers
|turn|16
|
|switch|p2a: Tyranitar|Tyranitar, F|341\/341
|-weather|Sandstorm
|move|p1a: Cresselia|Moonlight|p1a: Cresselia
|-heal|p1a: Cresselia|429\/444
|
|-weather|Sandstorm|[upkeep]
|-damage|p1a: Cresselia|402\/444|[from] sandstorm
|-heal|p1a: Cresselia|429\/444|[from] item: Leftovers
|turn|17
|
|move|p2a: Tyranitar|Pursuit|p1a: Cresselia|[from]Pursuit
|-supereffective|p1a: Cresselia
|-damage|p1a: Cresselia|225\/444
|switch|p1a: Skarmory|Skarmory, M|334\/334
|-damage|p1a: Skarmory|293\/334|[from] Stealth Rock
|
|-weather|Sandstorm|[upkeep]
|turn|18
|
|switch|p2a: Starmie|Starmie|323\/323
|switch|p1a: Sableye|Sableye-Mega, M|248\/303
|-damage|p1a: Sableye|211\/303|[from] Stealth Rock
|-damage|p1a: Sableye|174\/303|[from] Spikes
|
|-weather|Sandstorm|[upkeep]
|-damage|p2a: Starmie|303\/323|[from] sandstorm
|-damage|p1a: Sableye|156\/303|[from] sandstorm
|-heal|p2a: Starmie|323\/323|[from] item: Leftovers
|turn|19
|
|move|p2a: Starmie|Scald|p1a: Sableye
|-damage|p1a: Sableye|77\/303
|move|p1a: Sableye|Recover|p1a: Sableye
|-heal|p1a: Sableye|229\/303
|
|-weather|Sandstorm|[upkeep]
|-damage|p2a: Starmie|303\/323|[from] sandstorm
|-damage|p1a: Sableye|211\/303|[from] sandstorm
|-heal|p2a: Starmie|323\/323|[from] item: Leftovers
|turn|20
|
|move|p2a: Starmie|Scald|p1a: Sableye
|-damage|p1a: Sableye|130\/303
|move|p1a: Sableye|Recover|p1a: Sableye
|-heal|p1a: Sableye|282\/303
|
|-weather|Sandstorm|[upkeep]
|-damage|p2a: Starmie|303\/323|[from] sandstorm
|-damage|p1a: Sableye|264\/303|[from] sandstorm
|-heal|p2a: Starmie|323\/323|[from] item: Leftovers
|turn|21
|
|move|p2a: Starmie|Scald|p1a: Sableye
|-damage|p1a: Sableye|173\/303
|move|p1a: Sableye|Snarl|p2a: Starmie
|-supereffective|p2a: Starmie
|-damage|p2a: Starmie|195\/323
|-unboost|p2a: Starmie|spa|1
|
|-weather|Sandstorm|[upkeep]
|-damage|p2a: Starmie|175\/323|[from] sandstorm
|-damage|p1a: Sableye|155\/303|[from] sandstorm
|-heal|p2a: Starmie|195\/323|[from] item: Leftovers
|turn|22
|
|move|p2a: Starmie|Scald|p1a: Sableye
|-damage|p1a: Sableye|97\/303
|move|p1a: Sableye|Recover|p1a: Sableye
|-heal|p1a: Sableye|249\/303
|
|-weather|Sandstorm|[upkeep]
|-damage|p2a: Starmie|175\/323|[from] sandstorm
|-damage|p1a: Sableye|231\/303|[from] sandstorm
|-heal|p2a: Starmie|195\/323|[from] item: Leftovers
|turn|23
|
|move|p2a: Starmie|Scald|p1a: Sableye
|-damage|p1a: Sableye|173\/303
|-status|p1a: Sableye|brn
|move|p1a: Sableye|Snarl|p2a: Starmie
|-supereffective|p2a: Starmie
|-damage|p2a: Starmie|63\/323
|-unboost|p2a: Starmie|spa|1
|
|-weather|none
|-heal|p2a: Starmie|83\/323|[from] item: Leftovers
|-damage|p1a: Sableye|136\/303 brn|[from] brn
|turn|24
|
|move|p2a: Starmie|Recover|p2a: Starmie
|-heal|p2a: Starmie|245\/323
|move|p1a: Sableye|Recover|p1a: Sableye
|-heal|p1a: Sableye|288\/303 brn
|
|-heal|p2a: Starmie|265\/323|[from] item: Leftovers
|-damage|p1a: Sableye|251\/303 brn|[from] brn
|turn|25
|
|switch|p1a: Chansey|Chansey, F|660\/703
|-damage|p1a: Chansey|573\/703|[from] Spikes
|-damage|p1a: Chansey|486\/703|[from] Stealth Rock
|move|p2a: Starmie|Scald|p1a: Chansey
|-damage|p1a: Chansey|456\/703
|
|-heal|p2a: Starmie|285\/323|[from] item: Leftovers
|turn|26
|
|switch|p2a: Tyranitar|Tyranitar, F|341\/341
|-weather|Sandstorm
|move|p1a: Chansey|Soft-Boiled|p1a: Chansey
|-heal|p1a: Chansey|703\/703
|
|-weather|Sandstorm|[upkeep]
|-damage|p1a: Chansey|660\/703|[from] sandstorm
|turn|27
|
|move|p2a: Tyranitar|Superpower|p1a: Chansey
|-supereffective|p1a: Chansey
|-damage|p1a: Chansey|306\/703
|-unboost|p2a: Tyranitar|atk|1
|-unboost|p2a: Tyranitar|def|1
|move|p1a: Chansey|Stealth Rock|p2a: Tyranitar
|-sidestart|p2: FlashyJoey|move: Stealth Rock
|
|-weather|Sandstorm|[upkeep]
|-damage|p1a: Chansey|263\/703|[from] sandstorm
|turn|28
|
|move|p2a: Tyranitar|Superpower|p1a: Chansey
|-supereffective|p1a: Chansey
|-damage|p1a: Chansey|9\/703
|-unboost|p2a: Tyranitar|atk|1
|-unboost|p2a: Tyranitar|def|1
|move|p1a: Chansey|Soft-Boiled|p1a: Chansey
|-heal|p1a: Chansey|361\/703
|
|-weather|Sandstorm|[upkeep]
|-damage|p1a: Chansey|318\/703|[from] sandstorm
|turn|29
|
|switch|p2a: Excadrill|Excadrill, F|361\/361
|-damage|p2a: Excadrill|350\/361|[from] Stealth Rock
|move|p1a: Chansey|Soft-Boiled|p1a: Chansey
|-heal|p1a: Chansey|670\/703
|
|-weather|Sandstorm|[upkeep]
|-damage|p1a: Chansey|627\/703|[from] sandstorm
|turn|30
|
|move|p2a: Excadrill|Rock Slide|p1a: Chansey
|-damage|p1a: Chansey|446\/703
|-damage|p2a: Excadrill|314\/361|[from] item: Life Orb
|cant|p1a: Chansey|flinch
|
|-weather|Sandstorm|[upkeep]
|-damage|p1a: Chansey|403\/703|[from] sandstorm
|turn|31
|
|move|p2a: Excadrill|Swords Dance|p2a: Excadrill
|-boost|p2a: Excadrill|atk|2
|move|p1a: Chansey|Soft-Boiled|p1a: Chansey
|-heal|p1a: Chansey|703\/703
|
|-weather|Sandstorm|[upkeep]
|-damage|p1a: Chansey|660\/703|[from] sandstorm
|turn|32
|
|switch|p1a: Skarmory|Skarmory, M|293\/334
|-damage|p1a: Skarmory|252\/334|[from] Stealth Rock
|move|p2a: Excadrill|Iron Head|p1a: Skarmory
|-resisted|p1a: Skarmory
|-damage|p1a: Skarmory|123\/334
|-damage|p2a: Excadrill|278\/361|[from] item: Life Orb
|
|-weather|Sandstorm|[upkeep]
|turn|33
|
|move|p2a: Excadrill|Rock Slide|p1a: Skarmory
|-damage|p1a: Skarmory|0 fnt
|-damage|p2a: Excadrill|242\/361|[from] item: Life Orb
|faint|p1a: Skarmory
|
|-weather|none
|
|switch|p1a: Quagsire|Quagsire, M|394\/394
|-damage|p1a: Quagsire|345\/394|[from] Spikes
|-damage|p1a: Quagsire|321\/394|[from] Stealth Rock
|turn|34
|
|switch|p2a: Starmie|Starmie|285\/323
|-damage|p2a: Starmie|245\/323|[from] Stealth Rock
|move|p1a: Quagsire|Scald|p2a: Starmie
|-resisted|p2a: Starmie
|-damage|p2a: Starmie|204\/323
|-status|p2a: Starmie|brn
|
|-heal|p2a: Starmie|224\/323 brn|[from] item: Leftovers
|-heal|p1a: Quagsire|345\/394|[from] item: Leftovers
|-damage|p2a: Starmie|184\/323 brn|[from] brn
|turn|35
|
|switch|p1a: Chansey|Chansey, F|660\/703
|-damage|p1a: Chansey|573\/703|[from] Spikes
|-damage|p1a: Chansey|486\/703|[from] Stealth Rock
|move|p2a: Starmie|Scald|p1a: Chansey
|-crit|p1a: Chansey
|-damage|p1a: Chansey|402\/703
|
|-heal|p2a: Starmie|204\/323 brn|[from] item: Leftovers
|-damage|p2a: Starmie|164\/323 brn|[from] brn
|turn|36
|
|move|p2a: Starmie|Rapid Spin|p1a: Chansey
|-damage|p1a: Chansey|395\/703
|-sideend|p2: FlashyJoey|Stealth Rock|[from] move: Rapid Spin|[of] p2a: Starmie
|move|p1a: Chansey|Heal Bell|p1a: Chansey
|-cureteam|p1a: Chansey|[from] move: HealBell
|
|-heal|p2a: Starmie|184\/323 brn|[from] item: Leftovers
|-damage|p2a: Starmie|144\/323 brn|[from] brn
|turn|37
|
|move|p2a: Starmie|Recover|p2a: Starmie
|-heal|p2a: Starmie|306\/323 brn
|move|p1a: Chansey|Soft-Boiled|p1a: Chansey
|-heal|p1a: Chansey|703\/703
|
|-heal|p2a: Starmie|323\/323 brn|[from] item: Leftovers
|-damage|p2a: Starmie|283\/323 brn|[from] brn
|turn|38
|
|switch|p2a: Talonflame|Talonflame, M|351\/351
|move|p1a: Chansey|Stealth Rock|p2a: Talonflame
|-sidestart|p2: FlashyJoey|move: Stealth Rock
|
|turn|39
|
|switch|p2a: Starmie|Starmie|283\/323
|-damage|p2a: Starmie|243\/323|[from] Stealth Rock
|switch|p1a: Quagsire|Quagsire, M|345\/394
|-damage|p1a: Quagsire|321\/394|[from] Stealth Rock
|-damage|p1a: Quagsire|272\/394|[from] Spikes
|
|-heal|p2a: Starmie|263\/323|[from] item: Leftovers
|-heal|p1a: Quagsire|296\/394|[from] item: Leftovers
|turn|40
|
|move|p2a: Starmie|Scald|p1a: Quagsire
|-damage|p1a: Quagsire|152\/394
|move|p1a: Quagsire|Recover|p1a: Quagsire
|-heal|p1a: Quagsire|349\/394
|
|-heal|p2a: Starmie|283\/323|[from] item: Leftovers
|-heal|p1a: Quagsire|373\/394|[from] item: Leftovers
|turn|41
|
|switch|p1a: Sableye|Sableye-Mega, M|251\/303
|-damage|p1a: Sableye|214\/303|[from] Spikes
|-damage|p1a: Sableye|177\/303|[from] Stealth Rock
|move|p2a: Starmie|Scald|p1a: Sableye
|-damage|p1a: Sableye|96\/303
|-status|p1a: Sableye|brn
|
|-heal|p2a: Starmie|303\/323|[from] item: Leftovers
|-damage|p1a: Sableye|59\/303 brn|[from] brn
|turn|42
|c|âMistaken|...
|
|move|p2a: Starmie|Scald|p1a: Sableye
|-damage|p1a: Sableye|0 fnt
|faint|p1a: Sableye
|
|-heal|p2a: Starmie|323\/323|[from] item: Leftovers
|
|switch|p1a: Quagsire|Quagsire, M|373\/394
|-damage|p1a: Quagsire|349\/394|[from] Stealth Rock
|-damage|p1a: Quagsire|300\/394|[from] Spikes
|turn|43
|
|move|p2a: Starmie|Rapid Spin|p1a: Quagsire
|-damage|p1a: Quagsire|292\/394
|-sideend|p2: FlashyJoey|Stealth Rock|[from] move: Rapid Spin|[of] p2a: Starmie
|move|p1a: Quagsire|Toxic|p2a: Starmie
|-status|p2a: Starmie|tox
|
|-heal|p1a: Quagsire|316\/394|[from] item: Leftovers
|-damage|p2a: Starmie|303\/323 tox|[from] psn
|turn|44
|
|move|p2a: Starmie|Scald|p1a: Quagsire
|-damage|p1a: Quagsire|172\/394
|-status|p1a: Quagsire|brn
|move|p1a: Quagsire|Toxic|p2a: Starmie
|-fail|p2a: Starmie|tox
|
|-heal|p2a: Starmie|323\/323 tox|[from] item: Leftovers
|-heal|p1a: Quagsire|196\/394 brn|[from] item: Leftovers
|-damage|p2a: Starmie|283\/323 tox|[from] psn
|-damage|p1a: Quagsire|147\/394 brn|[from] brn
|turn|45
|-message|Mistaken forfeited.
|
|win|FlashyJoey
|raw|Ladder updating...
|leave|Mistaken
|player|p1
|raw|Mistaken's rating: 1592 &rarr; <strong>1566<\/strong><br \/>(-26 for losing)
|raw|FlashyJoey's rating: 1484 &rarr; <strong>1510<\/strong><br \/>(+26 for winning)
|join|Mistaken
|leave|Mistaken
|join|Mistaken
|leave|Mistaken