|join|FruitDealer
|join|Mistaken
|player|p1|FruitDealer|75
|player|p2|Mistaken|264
|gametype|singles
|gen|6
|tier|OU
|clearpoke
|poke|p1|Scizor, M
|poke|p1|Manaphy
|poke|p1|Landorus-Therian, M
|poke|p1|Latias, F
|poke|p1|Clefable, M
|poke|p1|Rotom-Wash
|poke|p2|Garchomp, F
|poke|p2|Thundurus, M
|poke|p2|Azumarill, F
|poke|p2|Landorus-Therian, M
|poke|p2|Bisharp, M
|poke|p2|Metagross, shiny
|rule|Swagger Clause: Swagger is banned
|rule|Baton Pass Clause: Limit one PokÃ©mon knowing Baton Pass
|rule|Sleep Clause Mod: Limit one foe put to sleep
|rule|Species Clause: Limit one of each PokÃ©mon
|rule|OHKO Clause: OHKO moves are banned
|rule|Moody Clause: Moody is banned
|rule|Evasion Moves Clause: Evasion moves are banned
|rule|Endless Battle Clause: Forcing endless battles is banned
|rule|HP Percentage Mod: HP is shown in percentages
|teampreview
|c|âFruitDealer|have fun!
|c|âMistaken|gl hf
|join|Q Es
|join|Win Conditioner
|c|âMistaken|were u expecting this team?
|
|start
|switch|p1a: Rotom-Wash|Rotom-Wash|303\/303
|switch|p2a: Uncle Iro|Garchomp, F|357\/357
|turn|1
|join|DestructiveSkitty
|join|HTAG
|c|âFruitDealer|no
|c| DestructiveSkitty|I'm rooting for you, Mistaken.
|c|âFruitDealer|-
|
|move|p2a: Uncle Iro|Dragon Claw|p1a: Rotom-Wash
|-damage|p1a: Rotom-Wash|209\/303
|move|p1a: Rotom-Wash|Will-O-Wisp|p2a: Uncle Iro
|-status|p2a: Uncle Iro|brn
|
|-heal|p1a: Rotom-Wash|227\/303|[from] item: Leftovers
|-damage|p2a: Uncle Iro|313\/357 brn|[from] brn
|turn|2
|c|âMistaken|I'm rooting for fruit dealer
|
|move|p2a: Uncle Iro|Stealth Rock|p1a: Rotom-Wash
|-sidestart|p1: FruitDealer|move: Stealth Rock
|move|p1a: Rotom-Wash|Hydro Pump|p2a: Uncle Iro
|-damage|p2a: Uncle Iro|132\/357 brn
|
|-heal|p1a: Rotom-Wash|245\/303|[from] item: Leftovers
|-damage|p2a: Uncle Iro|88\/357 brn|[from] brn
|turn|3
|c|âFruitDealer|:D
|
|move|p2a: Uncle Iro|Dragon Claw|p1a: Rotom-Wash
|-damage|p1a: Rotom-Wash|199\/303
|move|p1a: Rotom-Wash|Hydro Pump|p2a: Uncle Iro
|-damage|p2a: Uncle Iro|0 fnt
|faint|p2a: Uncle Iro
|
|-heal|p1a: Rotom-Wash|217\/303|[from] item: Leftovers
|c|âMistaken|farm league was over when i got my second loss
|c|âFruitDealer|:^(
|
|switch|p2a: Zeus|Thundurus, M|299\/299
|turn|4
|c|âFruitDealer|ikr
|c|âFruitDealer|im just doing this for fun too
|
|switch|p1a: Clefable|Clefable, M|394\/394
|move|p2a: Zeus|Thunderbolt|p1a: Clefable
|-damage|p1a: Clefable|203\/394
|-damage|p2a: Zeus|270\/299|[from] item: Life Orb
|
|-heal|p1a: Clefable|227\/394|[from] item: Leftovers
|turn|5
|
|switch|p2a: TOPH|Metagross, shiny|301\/301
|move|p1a: Clefable|Soft-Boiled|p1a: Clefable
|-heal|p1a: Clefable|394\/394
|
|turn|6
|
|switch|p1a: Manaphy|Manaphy|404\/404
|-damage|p1a: Manaphy|354\/404|[from] Stealth Rock
|detailschange|p2a: TOPH|Metagross-Mega, shiny
|-mega|p2a: TOPH|Metagross|Metagrossite
|move|p2a: TOPH|Meteor Mash|p1a: Manaphy
|-resisted|p1a: Manaphy
|-damage|p1a: Manaphy|273\/404
|
|-heal|p1a: Manaphy|298\/404|[from] item: Leftovers
|turn|7
|
|move|p2a: TOPH|Zen Headbutt|p1a: Manaphy
|-damage|p1a: Manaphy|147\/404
|move|p1a: Manaphy|Scald|p2a: TOPH
|-damage|p2a: TOPH|214\/301
|
|-heal|p1a: Manaphy|172\/404|[from] item: Leftovers
|turn|8
|c| DestructiveSkitty|I like the Metagross nickname :]
|
|switch|p2a: Zeus|Thundurus, M|270\/299
|move|p1a: Manaphy|Scald|p2a: Zeus
|-damage|p2a: Zeus|156\/299
|-status|p2a: Zeus|brn
|
|-heal|p1a: Manaphy|197\/404|[from] item: Leftovers
|-damage|p2a: Zeus|119\/299 brn|[from] brn
|turn|9
|c|âFruitDealer|you watch avatar
|c|âFruitDealer|the last airbender
|
|switch|p1a: Landorus-Therian|Landorus-Therian, M|333\/333
|-damage|p1a: Landorus-Therian|292\/333|[from] Stealth Rock
|-ability|p1a: Landorus-Therian|Intimidate|[of] p2a: Zeus
|-unboost|p2a: Zeus|atk|1
|move|p2a: Zeus|Hidden Power|p1a: Landorus-Therian
|-supereffective|p1a: Landorus-Therian
|-damage|p1a: Landorus-Therian|0 fnt
|-damage|p2a: Zeus|90\/299 brn|[from] item: Life Orb
|faint|p1a: Landorus-Therian
|
|-damage|p2a: Zeus|53\/299 brn|[from] brn
|
|switch|p1a: Clefable|Clefable, M|394\/394
|turn|10
|
|switch|p2a: TOPH|Metagross-Mega, shiny|214\/301
|move|p1a: Clefable|Stealth Rock|p2a: TOPH
|-sidestart|p2: Mistaken|move: Stealth Rock
|
|turn|11
|
|move|p2a: TOPH|Meteor Mash|p1a: Clefable
|-supereffective|p1a: Clefable
|-damage|p1a: Clefable|0 fnt
|faint|p1a: Clefable
|
|c| DestructiveSkitty|Destroyed
|
|switch|p1a: Rotom-Wash|Rotom-Wash|217\/303
|-damage|p1a: Rotom-Wash|180\/303|[from] Stealth Rock
|turn|12
|c|âFruitDealer|:[]
|join|SupMayne
|
|switch|p2a: Zeus|Thundurus, M|53\/299 brn
|-damage|p2a: Zeus|0 fnt|[from] Stealth Rock
|faint|p2a: Zeus
|move|p1a: Rotom-Wash|Will-O-Wisp|p2: Zeus|[notarget]
|-notarget
|
|-heal|p1a: Rotom-Wash|198\/303|[from] item: Leftovers
|leave|HTAG
|c|âMistaken|sorry I'm thinking
|c|âFruitDealer|it is fine
|
|switch|p2a: TOPH|Metagross-Mega, shiny|214\/301
|-damage|p2a: TOPH|196\/301|[from] Stealth Rock
|turn|13
|
|move|p2a: TOPH|Zen Headbutt|p1a: Rotom-Wash
|-damage|p1a: Rotom-Wash|63\/303
|cant|p1a: Rotom-Wash|flinch
|
|-heal|p1a: Rotom-Wash|81\/303|[from] item: Leftovers
|turn|14
|c| DestructiveSkitty|Justice
|c|âFruitDealer|how
|c|âMistaken|ill mis
|
|move|p2a: TOPH|Zen Headbutt|p1a: Rotom-Wash
|-damage|p1a: Rotom-Wash|0 fnt
|faint|p1a: Rotom-Wash
|
|c|âFruitDealer|]:
|
|switch|p1a: Manaphy|Manaphy|197\/404
|-damage|p1a: Manaphy|147\/404|[from] Stealth Rock
|turn|15
|
|move|p2a: TOPH|Zen Headbutt|p1a: Manaphy
|-damage|p1a: Manaphy|0 fnt
|faint|p1a: Manaphy
|
|
|switch|p1a: Scizor|Scizor, M|308\/308
|-damage|p1a: Scizor|270\/308|[from] Stealth Rock
|turn|16
|
|detailschange|p1a: Scizor|Scizor-Mega, M
|-mega|p1a: Scizor|Scizor|Scizorite
|move|p2a: TOPH|Meteor Mash|p1a: Scizor
|-resisted|p1a: Scizor
|-damage|p1a: Scizor|190\/308
|move|p1a: Scizor|Swords Dance|p1a: Scizor
|-boost|p1a: Scizor|atk|2
|
|turn|17
|c|âMistaken|i need a boost
|c|âMistaken|lol
|c|âFruitDealer|lol yeeah
|c| DestructiveSkitty|Or flinch to death
|c| DestructiveSkitty|Either one works
|
|move|p2a: TOPH|Hammer Arm|p1a: Scizor
|-damage|p1a: Scizor|60\/308
|-unboost|p2a: TOPH|spe|1
|move|p1a: Scizor|Swords Dance|p1a: Scizor
|-boost|p1a: Scizor|atk|2
|
|turn|18
|
|move|p2a: TOPH|Hammer Arm|p1a: Scizor|[miss]
|-miss|p2a: TOPH|p1a: Scizor
|move|p1a: Scizor|Bug Bite|p2a: TOPH
|-damage|p2a: TOPH|0 fnt
|faint|p2a: TOPH
|
|c|âMistaken|damn
|c| DestructiveSkitty|...
|c|âFruitDealer|oh shit
|c|âFruitDealer|forgot speed on this
|
|switch|p2a: Son of a Bish|Bisharp, M|271\/271
|-damage|p2a: Son of a Bish|255\/271|[from] Stealth Rock
|turn|19
|c|âMistaken|i can't complain
|
|move|p2a: Son of a Bish|Knock Off|p1a: Scizor
|-damage|p1a: Scizor|0 fnt
|-damage|p2a: Son of a Bish|228\/271|[from] item: Life Orb
|faint|p1a: Scizor
|
|c|âFruitDealer|gg
|
|switch|p1a: Latias|Latias, F|301\/301
|-damage|p1a: Latias|264\/301|[from] Stealth Rock
|turn|20
|c|âMistaken|do u want we to forfeit
|c|âFruitDealer|no
|
|move|p2a: Son of a Bish|Sucker Punch|p1a: Latias
|-fail|p1a: Latias
|move|p1a: Latias|Defog|p2a: Son of a Bish
|-unboost|p2a: Son of a Bish|evasion|1
|-boost|p2a: Son of a Bish|atk|2|[from] ability: Defiant
|-sideend|p2: Mistaken|Stealth Rock|[from] move: Defog|[of] p2a: Son of a Bish
|-sideend|p1: FruitDealer|Stealth Rock|[from] move: Defog|[of] p1a: Latias
|
|turn|21
|c|âFruitDealer|it is fine lol
|c|âFruitDealer|il just try to win this prediction
|c|âMistaken|i haxed u really hard
|c|âMistaken|lol
|c|âFruitDealer|itis fl so doesn't matter
|
|move|p2a: Son of a Bish|Sucker Punch|p1a: Latias
|-fail|p1a: Latias
|move|p1a: Latias|Defog|p2a: Son of a Bish
|-unboost|p2a: Son of a Bish|evasion|1
|-boost|p2a: Son of a Bish|atk|2|[from] ability: Defiant
|
|turn|22
|
|move|p2a: Son of a Bish|Sucker Punch|p1a: Latias
|-fail|p1a: Latias
|move|p1a: Latias|Defog|p2a: Son of a Bish
|-unboost|p2a: Son of a Bish|evasion|1
|-boost|p2a: Son of a Bish|atk|2|[from] ability: Defiant
|
|turn|23
|
|move|p2a: Son of a Bish|Sucker Punch|p1a: Latias
|-fail|p1a: Latias
|move|p1a: Latias|Defog|p2a: Son of a Bish
|-unboost|p2a: Son of a Bish|evasion|1
|
|turn|24
|
|move|p2a: Son of a Bish|Sucker Punch|p1a: Latias
|-supereffective|p1a: Latias
|-damage|p1a: Latias|0 fnt
|-damage|p2a: Son of a Bish|201\/271|[from] item: Life Orb
|faint|p1a: Latias
|
|win|Mistaken
|c|âFruitDealer|gg
|c|âFruitDealer|!
|c|âMistaken|gg
|leave|FruitDealer
|player|p1
|leave|Win Conditioner
|leave|DestructiveSkitty
|leave|SupMayne