|join|Mistaken
|join|StrengthOfHeart
|join|bloons4dayz
|join|xTraSmallDick
|join|RCC Treinador
|player|p1|Mistaken|264
|player|p2|StrengthOfHeart|238
|gametype|singles
|gen|6
|tier|OU
|clearpoke
|poke|p1|Diggersby, M
|poke|p1|Magnezone
|poke|p1|Keldeo
|poke|p1|Empoleon, F
|poke|p1|Landorus, M
|poke|p1|Lopunny, F
|poke|p2|Altaria, M
|poke|p2|Azumarill, M
|poke|p2|Chansey, F
|poke|p2|Ferrothorn, M
|poke|p2|Rotom-Wash
|poke|p2|Talonflame, F
|rule|Swagger Clause: Swagger is banned
|rule|Baton Pass Clause: Limit one PokÃ©mon knowing Baton Pass
|rule|Sleep Clause Mod: Limit one foe put to sleep
|rule|Species Clause: Limit one of each PokÃ©mon
|rule|OHKO Clause: OHKO moves are banned
|rule|Moody Clause: Moody is banned
|rule|Evasion Moves Clause: Evasion moves are banned
|rule|Endless Battle Clause: Forcing endless battles is banned
|rule|HP Percentage Mod: HP is shown in percentages
|teampreview
|join|Jlh40
|c|âMistaken|timed out lmfao
|join|Shady Mirror
|c|âStrengthOfHeart|that was an honest mistake
|join|235cterwg
|c|âStrengthOfHeart|i didn't notice the time
|c|âMistaken|it was funny as hell though]
|c|âStrengthOfHeart|and he never asked, so...
|join|Cloud-Z-27
|c|âMistaken|its his fault for taking so long
|c|âMistaken|tho
|
|start
|switch|p1a: Lopunny|Lopunny, F|271\/271
|switch|p2a: Iron Vines|Ferrothorn, M|352\/352
|turn|1
|c| Cloud-Z-27|yes i did
|join|altei
|c|âMistaken|âCloud-Z-27: can you reset timer
|c| Cloud-Z-27|i did ask
|
|switch|p2a: Spin Cycle|Rotom-Wash|303\/303
|detailschange|p1a: Lopunny|Lopunny-Mega, F
|-mega|p1a: Lopunny|Lopunny|Lopunnite
|move|p1a: Lopunny|High Jump Kick|p2a: Spin Cycle
|-damage|p2a: Spin Cycle|119\/303
|
|-heal|p2a: Spin Cycle|137\/303|[from] item: Leftovers
|turn|2
|c| Cloud-Z-27|no you cant not when they set the timer
|c|âStrengthOfHeart|i don't think you did
|join|Vrin
|join|Oouska Wizard
|
|switch|p2a: Soprano Stratus|Altaria, M|352\/352
|move|p1a: Lopunny|High Jump Kick|p2a: Soprano Stratus
|-resisted|p2a: Soprano Stratus
|-damage|p2a: Soprano Stratus|237\/352
|
|turn|3
|leave|Cloud-Z-27
|
|switch|p1a: Magnezone|Magnezone|281\/281
|detailschange|p2a: Soprano Stratus|Altaria-Mega, M
|-mega|p2a: Soprano Stratus|Altaria|Altarianite
|move|p2a: Soprano Stratus|Earthquake|p1a: Magnezone
|-supereffective|p1a: Magnezone
|-damage|p1a: Magnezone|0 fnt
|faint|p1a: Magnezone
|
|
|switch|p1a: Lopunny|Lopunny-Mega, F|271\/271
|turn|4
|join|l123
|
|switch|p2a: Iron Vines|Ferrothorn, M|352\/352
|move|p1a: Lopunny|Fake Out|p2a: Iron Vines
|-resisted|p2a: Iron Vines
|-damage|p2a: Iron Vines|328\/352
|-damage|p1a: Lopunny|238\/271|[from] ability: Iron Barbs|[of] p2a: Iron Vines
|
|turn|5
|
|switch|p2a: Babs|Azumarill, M|401\/401
|move|p1a: Lopunny|High Jump Kick|p2a: Babs
|-resisted|p2a: Babs
|-damage|p2a: Babs|266\/401
|
|turn|6
|c| l123|confirmed choice band Ferro
|leave|xTraSmallDick
|
|move|p2a: Babs|Aqua Jet|p1a: Lopunny
|-crit|p1a: Lopunny
|-damage|p1a: Lopunny|93\/271
|move|p1a: Lopunny|Return|p2a: Babs
|-damage|p2a: Babs|43\/401
|
|turn|7
|c|âStrengthOfHeart|goddamnit
|
|move|p2a: Babs|Aqua Jet|p1a: Lopunny
|-damage|p1a: Lopunny|6\/271
|move|p1a: Lopunny|Return|p2a: Babs
|-damage|p2a: Babs|0 fnt
|faint|p2a: Babs
|
|join|Trafflaw
|
|switch|p2a: Fawkes|Talonflame, F|327\/327
|turn|8
|
|switch|p1a: Empoleon|Empoleon, F|372\/372
|move|p2a: Fawkes|Brave Bird|p1a: Empoleon
|-resisted|p1a: Empoleon
|-damage|p1a: Empoleon|296\/372
|-damage|p2a: Fawkes|302\/327|[from] recoil|[of] p1a: Empoleon
|
|-heal|p1a: Empoleon|319\/372|[from] item: Leftovers
|turn|9
|
|switch|p2a: Iron Vines|Ferrothorn, M|328\/352
|move|p1a: Empoleon|Stealth Rock|p2a: Iron Vines
|-sidestart|p2: StrengthOfHeart|move: Stealth Rock
|
|-heal|p1a: Empoleon|342\/372|[from] item: Leftovers
|turn|10
|
|switch|p1a: Lopunny|Lopunny-Mega, F|6\/271
|move|p2a: Iron Vines|Leech Seed|p1a: Lopunny
|-start|p1a: Lopunny|move: Leech Seed
|
|-damage|p1a: Lopunny|0 fnt|[from] Leech Seed|[of] p2a: Iron Vines
|-heal|p2a: Iron Vines|334\/352|[silent]
|faint|p1a: Lopunny
|
|switch|p1a: Keldeo|Keldeo|323\/323
|turn|11
|
|switch|p2a: Soprano Stratus|Altaria-Mega, M|237\/352
|-damage|p2a: Soprano Stratus|193\/352|[from] Stealth Rock
|move|p1a: Keldeo|Substitute|p1a: Keldeo
|-start|p1a: Keldeo|Substitute
|-damage|p1a: Keldeo|243\/323
|
|-heal|p1a: Keldeo|263\/323|[from] item: Leftovers
|turn|12
|
|move|p1a: Keldeo|Scald|p2a: Soprano Stratus
|-resisted|p2a: Soprano Stratus
|-damage|p2a: Soprano Stratus|130\/352
|move|p2a: Soprano Stratus|Roost|p2a: Soprano Stratus
|-heal|p2a: Soprano Stratus|306\/352
|
|-heal|p1a: Keldeo|283\/323|[from] item: Leftovers
|turn|13
|join|x.pokemon.master
|join|UnderLoaf
|
|move|p1a: Keldeo|Scald|p2a: Soprano Stratus
|-resisted|p2a: Soprano Stratus
|-damage|p2a: Soprano Stratus|233\/352
|move|p2a: Soprano Stratus|Return|p1a: Keldeo
|-supereffective|p1a: Keldeo
|-end|p1a: Keldeo|Substitute
|
|-heal|p1a: Keldeo|303\/323|[from] item: Leftovers
|turn|14
|c|âMistaken|u think i can burn?
|
|switch|p1a: Landorus|Landorus, M|319\/319
|move|p2a: Soprano Stratus|Dragon Dance|p2a: Soprano Stratus
|-boost|p2a: Soprano Stratus|atk|1
|-boost|p2a: Soprano Stratus|spe|1
|
|turn|15
|
|move|p2a: Soprano Stratus|Return|p1a: Landorus
|-damage|p1a: Landorus|45\/319
|move|p1a: Landorus|Sludge Wave|p2a: Soprano Stratus
|-supereffective|p2a: Soprano Stratus
|-damage|p2a: Soprano Stratus|0 fnt
|faint|p2a: Soprano Stratus
|
|
|switch|p2a: Fawkes|Talonflame, F|302\/327
|-damage|p2a: Fawkes|139\/327|[from] Stealth Rock
|turn|16
|join|oreos taste good
|
|move|p2a: Fawkes|Swords Dance|p2a: Fawkes
|-boost|p2a: Fawkes|atk|2
|move|p1a: Landorus|Earth Power|p2a: Fawkes
|-immune|p2a: Fawkes|[msg]
|
|turn|17
|c|âMistaken|lol
|
|move|p2a: Fawkes|Brave Bird|p1a: Landorus
|-damage|p1a: Landorus|0 fnt
|-damage|p2a: Fawkes|124\/327|[from] recoil|[of] p1a: Landorus
|faint|p1a: Landorus
|
|c|âStrengthOfHeart|didn't mean to bring tflame in
|
|switch|p1a: Empoleon|Empoleon, F|342\/372
|turn|18
|
|switch|p1a: Keldeo|Keldeo|303\/323
|move|p2a: Fawkes|Roost|p2a: Fawkes
|-heal|p2a: Fawkes|288\/327
|
|-heal|p1a: Keldeo|323\/323|[from] item: Leftovers
|turn|19
|c|âMistaken|oml
|
|move|p2a: Fawkes|Brave Bird|p1a: Keldeo
|-supereffective|p1a: Keldeo
|-damage|p1a: Keldeo|0 fnt
|-damage|p2a: Fawkes|181\/327|[from] recoil|[of] p1a: Keldeo
|faint|p1a: Keldeo
|
|c|âMistaken|u have balls
|c|âMistaken|i give you that
|join|KdashPixels
|
|switch|p1a: Empoleon|Empoleon, F|342\/372
|turn|20
|
|move|p2a: Fawkes|Flare Blitz|p1a: Empoleon
|-damage|p1a: Empoleon|98\/372
|-damage|p2a: Fawkes|100\/327|[from] recoil|[of] p1a: Empoleon
|move|p1a: Empoleon|Scald|p2a: Fawkes
|-supereffective|p2a: Fawkes
|-damage|p2a: Fawkes|0 fnt
|faint|p2a: Fawkes
|
|-heal|p1a: Empoleon|121\/372|[from] item: Leftovers
|join|Sieke
|join|Parcly on Ponies
|
|switch|p2a: Iron Vines|Ferrothorn, M|334\/352
|-damage|p2a: Iron Vines|312\/352|[from] Stealth Rock
|turn|21
|c|âMistaken|i lose
|c| KdashPixels|yup
|
|move|p1a: Empoleon|Scald|p2a: Iron Vines
|-resisted|p2a: Iron Vines
|-damage|p2a: Iron Vines|250\/352
|move|p2a: Iron Vines|Power Whip|p1a: Empoleon
|-damage|p1a: Empoleon|3\/372
|
|-heal|p1a: Empoleon|26\/372|[from] item: Leftovers
|turn|22
|c|âMistaken|because you played weird with talonflame
|join|hide rock
|leave|Sieke
|
|switch|p2a: Sunny Side|Chansey, F|642\/642
|-damage|p2a: Sunny Side|562\/642|[from] Stealth Rock
|move|p1a: Empoleon|Scald|p2a: Sunny Side
|-damage|p2a: Sunny Side|489\/642
|-status|p2a: Sunny Side|brn
|
|-heal|p1a: Empoleon|49\/372|[from] item: Leftovers
|-damage|p2a: Sunny Side|409\/642 brn|[from] brn
|turn|23
|c| Shady Mirror|fairly sure he had to stay in cause dies upon switchin and no spinner fogger
|c| KdashPixels|am I the only one who is seeing frozen sprites?
|leave|Jlh40
|
|move|p1a: Empoleon|Scald|p2a: Sunny Side
|-damage|p2a: Sunny Side|327\/642 brn
|move|p2a: Sunny Side|Heal Bell|p2a: Sunny Side
|-cureteam|p2a: Sunny Side|[from] move: HealBell
|
|-heal|p1a: Empoleon|72\/372|[from] item: Leftovers
|turn|24
|join|Gghhh
|c|âMistaken|i needed him to flare blitz or brave bird
|c| Shady Mirror|with tflame
|c|âStrengthOfHeart|had no choice but to stay in
|c|âMistaken|i needed u to atk
|c| Shady Mirror|y wud he switch out though
|c|âStrengthOfHeart|and decided to see if i could live through a scald
|c|âMistaken|why would he roost on empoleon
|
|move|p1a: Empoleon|Scald|p2a: Sunny Side
|-damage|p2a: Sunny Side|240\/642
|move|p2a: Sunny Side|Seismic Toss|p1a: Empoleon
|-damage|p1a: Empoleon|0 fnt
|faint|p1a: Empoleon
|
|join|uranium74
|c|âMistaken|0 SpA Empoleon Scald vs. 0 HP \/ 0 SpD Talonflame: 254-302 (85.5 - 101.6%) -- 6.3% chance to OHKO
|
|switch|p1a: Play Dirty|Diggersby, M|312\/312
|turn|25
|c| Shady Mirror|rocks were not going tflame died to empoleon or rocks, was hoping for choke really and  got it
|
|move|p1a: Play Dirty|Earthquake|p2a: Sunny Side
|-damage|p2a: Sunny Side|0 fnt
|faint|p2a: Sunny Side
|
|c|âMistaken|it wasn't a choke
|c|âMistaken|i wanted to show off my sash diggersby
|
|switch|p2a: Spin Cycle|Rotom-Wash|137\/303
|-damage|p2a: Spin Cycle|100\/303|[from] Stealth Rock
|turn|26
|c|âMistaken|but never got the chance
|c|âStrengthOfHeart|over-calculation
|c|âMistaken|not at all
|
|move|p1a: Play Dirty|Knock Off|p2a: Spin Cycle
|-damage|p2a: Spin Cycle|3\/303
|-enditem|p2a: Spin Cycle|Leftovers|[from] move: Knock Off|[of] p1a: Play Dirty
|move|p2a: Spin Cycle|Will-O-Wisp|p1a: Play Dirty|[miss]
|-miss|p2a: Spin Cycle|p1a: Play Dirty
|
|turn|27
|c|âMistaken|your only play was to atk
|c|âStrengthOfHeart|ofc
|c|âMistaken|LOL
|c|âMistaken|i got min
|c| Oouska Wizard|still hope
|c|âMistaken|with knock off
|
|move|p1a: Play Dirty|Knock Off|p2a: Spin Cycle
|-damage|p2a: Spin Cycle|0 fnt
|faint|p2a: Spin Cycle
|
|
|switch|p2a: Iron Vines|Ferrothorn, M|250\/352
|-damage|p2a: Iron Vines|228\/352|[from] Stealth Rock
|turn|28
|c|âMistaken|252+ Atk Huge Power Diggersby Knock Off (97.5 BP) vs. 248 HP \/ 216+ Def Rotom-W: 97-115 (32 - 37.9%) -- 0.9% chance to 3HKO after Leftovers recovery
|c|âMistaken|i got absolute min
|
|move|p1a: Play Dirty|Earthquake|p2a: Iron Vines
|-damage|p2a: Iron Vines|60\/352
|move|p2a: Iron Vines|Power Whip|p1a: Play Dirty
|-supereffective|p1a: Play Dirty
|-enditem|p1a: Play Dirty|Focus Sash
|-damage|p1a: Play Dirty|1\/312
|
|turn|29
|c|âMistaken|so miss wasn't that much hax
|c| uranium74|gg
|c|âStrengthOfHeart|gg
|c|âMistaken|gg
|
|move|p1a: Play Dirty|Earthquake|p2a: Iron Vines
|-damage|p2a: Iron Vines|0 fnt
|faint|p2a: Iron Vines
|
|win|Mistaken
|c| Shady Mirror|still poor play regardless of outcome