|join|Mark Suckerberg
|join|Mistaken
|player|p1|Mark Suckerberg|43
|player|p2|Mistaken|264
|gametype|singles
|gen|6
|tier|OU
|clearpoke
|poke|p1|Pinsir, F
|poke|p1|Landorus-Therian, M
|poke|p1|Latios, M
|poke|p1|Keldeo
|poke|p1|Raikou
|poke|p1|Dragonite, F
|poke|p2|Garchomp, F
|poke|p2|Thundurus, M
|poke|p2|Azumarill, M
|poke|p2|Landorus-Therian, M
|poke|p2|Bisharp, F
|poke|p2|Metagross, shiny
|rule|Swagger Clause: Swagger is banned
|rule|Baton Pass Clause: Limit one PokÃ©mon knowing Baton Pass
|rule|Sleep Clause Mod: Limit one foe put to sleep
|rule|Species Clause: Limit one of each PokÃ©mon
|rule|OHKO Clause: OHKO moves are banned
|rule|Moody Clause: Moody is banned
|rule|Evasion Moves Clause: Evasion moves are banned
|rule|Endless Battle Clause: Forcing endless battles is banned
|rule|HP Percentage Mod: HP is shown in percentages
|teampreview
|
|start
|switch|p1a: Raikou|Raikou|321\/321
|switch|p2a: Roughing It|Garchomp, F|357\/357
|-ability|p1a: Raikou|Pressure
|turn|1
|
|switch|p2a: Son of a Bish|Bisharp, F|271\/271
|move|p1a: Raikou|Hidden Power|p2a: Son of a Bish
|-resisted|p2a: Son of a Bish
|-damage|p2a: Son of a Bish|207\/271
|
|turn|2
|
|switch|p1a: Keldeo|Keldeo|323\/323
|switch|p2a: Roughing It|Garchomp, F|357\/357
|
|turn|3
|
|move|p1a: Keldeo|Icy Wind|p2a: Roughing It
|-supereffective|p2a: Roughing It
|-damage|p2a: Roughing It|21\/357
|-unboost|p2a: Roughing It|spe|1
|move|p2a: Roughing It|Stealth Rock|p1a: Keldeo
|-sidestart|p1: Mark Suckerberg|move: Stealth Rock
|
|turn|4
|
|switch|p2a: Son of a Bish|Bisharp, F|207\/271
|move|p1a: Keldeo|Icy Wind|p2a: Son of a Bish
|-resisted|p2a: Son of a Bish
|-damage|p2a: Son of a Bish|166\/271
|-unboost|p2a: Son of a Bish|spe|1
|-boost|p2a: Son of a Bish|atk|2|[from] ability: Defiant
|
|turn|5
|
|switch|p1a: Pinsir|Pinsir, F|271\/271
|-damage|p1a: Pinsir|204\/271|[from] Stealth Rock
|move|p2a: Son of a Bish|Knock Off|p1a: Pinsir
|-damage|p1a: Pinsir|0 fnt
|-damage|p2a: Son of a Bish|139\/271|[from] item: Life Orb
|faint|p1a: Pinsir
|
|
|switch|p1a: Keldeo|Keldeo|323\/323
|-damage|p1a: Keldeo|303\/323|[from] Stealth Rock
|turn|6
|
|switch|p2a: Roughing It|Garchomp, F|21\/357
|move|p1a: Keldeo|Scald|p2a: Roughing It
|-damage|p2a: Roughing It|0 fnt
|faint|p2a: Roughing It
|
|join|JDynasty
|c|âMark Suckerberg|son of a bish
|leave|JDynasty
|join|JDynasty
|
|switch|p2a: Zeus|Thundurus, M|299\/299
|turn|7
|leave|JDynasty
|
|switch|p1a: Latios|Latios, M|301\/301
|-damage|p1a: Latios|264\/301|[from] Stealth Rock
|move|p2a: Zeus|Focus Blast|p1a: Latios
|-resisted|p1a: Latios
|-damage|p1a: Latios|178\/301
|-damage|p2a: Zeus|270\/299|[from] item: Life Orb
|
|turn|8
|
|switch|p2a: Son of a Bish|Bisharp, F|139\/271
|move|p1a: Latios|Draco Meteor|p2a: Son of a Bish
|-resisted|p2a: Son of a Bish
|-damage|p2a: Son of a Bish|0 fnt
|-unboost|p1a: Latios|spa|2
|-damage|p1a: Latios|148\/301|[from] item: Life Orb
|faint|p2a: Son of a Bish
|
|
|switch|p2a: Dogs Out|Landorus-Therian, M|325\/325
|-ability|p2a: Dogs Out|Intimidate|[of] p1a: Latios
|-unboost|p1a: Latios|atk|1
|turn|9
|
|switch|p1a: Landorus-Therian|Landorus-Therian, M|381\/381
|-damage|p1a: Landorus-Therian|334\/381|[from] Stealth Rock
|-ability|p1a: Landorus-Therian|Intimidate|[of] p2a: Dogs Out
|-unboost|p2a: Dogs Out|atk|1
|move|p2a: Dogs Out|U-turn|p1a: Landorus-Therian
|-resisted|p1a: Landorus-Therian
|-damage|p1a: Landorus-Therian|309\/381
|join|AdvanceShip
|
|switch|p2a: Hit the X. DUH|Metagross, shiny|301\/301
|
|-heal|p1a: Landorus-Therian|332\/381|[from] item: Leftovers
|turn|10
|
|detailschange|p2a: Hit the X. DUH|Metagross-Mega, shiny
|-mega|p2a: Hit the X. DUH|Metagross|Metagrossite
|move|p2a: Hit the X. DUH|Ice Punch|p1a: Landorus-Therian
|-supereffective|p1a: Landorus-Therian
|-damage|p1a: Landorus-Therian|0 fnt
|faint|p1a: Landorus-Therian
|
|join|Myliltony
|join|JDynasty
|leave|JDynasty
|
|switch|p1a: Raikou|Raikou|321\/321
|-damage|p1a: Raikou|281\/321|[from] Stealth Rock
|-ability|p1a: Raikou|Pressure
|turn|11
|
|switch|p2a: Dogs Out|Landorus-Therian, M|325\/325
|-ability|p2a: Dogs Out|Intimidate|[of] p1a: Raikou
|-unboost|p1a: Raikou|atk|1
|move|p1a: Raikou|Shadow Ball|p2a: Dogs Out
|-damage|p2a: Dogs Out|158\/325
|
|turn|12
|
|move|p2a: Dogs Out|U-turn|p1a: Raikou
|-damage|p1a: Raikou|158\/321
|
|switch|p2a: Zeus|Thundurus, M|270\/299
|move|p1a: Raikou|Shadow Ball|p2a: Zeus
|-damage|p2a: Zeus|126\/299
|-unboost|p2a: Zeus|spd|1
|
|turn|13
|
|move|p1a: Raikou|Shadow Ball|p2a: Zeus
|-damage|p2a: Zeus|0 fnt
|faint|p2a: Zeus
|
|
|switch|p2a: Azula|Azumarill, M|350\/350
|turn|14
|
|move|p1a: Raikou|Shadow Ball|p2a: Azula
|-damage|p2a: Azula|215\/350
|move|p2a: Azula|Play Rough|p1a: Raikou
|-damage|p1a: Raikou|0 fnt
|faint|p1a: Raikou
|
|
|switch|p1a: Latios|Latios, M|148\/301
|-damage|p1a: Latios|111\/301|[from] Stealth Rock
|turn|15
|
|move|p1a: Latios|Defog|p2a: Azula
|-unboost|p2a: Azula|evasion|1
|-sideend|p1: Mark Suckerberg|Stealth Rock|[from] move: Defog|[of] p1a: Latios
|move|p2a: Azula|Play Rough|p1a: Latios
|-supereffective|p1a: Latios
|-damage|p1a: Latios|0 fnt
|faint|p1a: Latios
|
|
|switch|p1a: Dragonite|Dragonite, F|323\/323
|turn|16
|
|move|p1a: Dragonite|Dragon Dance|p1a: Dragonite
|-boost|p1a: Dragonite|atk|1
|-boost|p1a: Dragonite|spe|1
|move|p2a: Azula|Play Rough|p1a: Dragonite|[miss]
|-miss|p2a: Azula|p1a: Dragonite
|
|turn|17
|c|âMistaken|:[
|
|move|p1a: Dragonite|Dragon Dance|p1a: Dragonite
|-boost|p1a: Dragonite|atk|1
|-boost|p1a: Dragonite|spe|1
|move|p2a: Azula|Play Rough|p1a: Dragonite
|-supereffective|p1a: Dragonite
|-damage|p1a: Dragonite|10\/323
|
|turn|18
|
|switch|p2a: Dogs Out|Landorus-Therian, M|158\/325
|-ability|p2a: Dogs Out|Intimidate|[of] p1a: Dragonite
|-unboost|p1a: Dragonite|atk|1
|move|p1a: Dragonite|Extreme Speed|p2a: Dogs Out
|-damage|p2a: Dogs Out|0 fnt
|faint|p2a: Dogs Out
|
|
|switch|p2a: Hit the X. DUH|Metagross-Mega, shiny|301\/301
|turn|19
|join|JDynasty
|join|XperimentTeams
|
|move|p1a: Dragonite|Earthquake|p2a: Hit the X. DUH
|-supereffective|p2a: Hit the X. DUH
|-damage|p2a: Hit the X. DUH|33\/301
|move|p2a: Hit the X. DUH|Ice Punch|p1a: Dragonite
|-supereffective|p1a: Dragonite
|-damage|p1a: Dragonite|0 fnt
|faint|p1a: Dragonite
|
|c|âMark Suckerberg|gg
|c|âMistaken|gg
|
|switch|p1a: Keldeo|Keldeo|303\/323
|turn|20
|join|dc94
|c|âMistaken|u can burn and if i miss
|c|âMistaken|i lose
|c|âMark Suckerberg|i'm scarf
|join|Frickett
|c|âMark Suckerberg|not specs
|join|Tjp-X
|c|âMistaken|ik
|leave|Frickett
|c|âMistaken|but if u burn my azu and i miss twice
|c|âMistaken|u win
|
|move|p1a: Keldeo|Scald|p2a: Hit the X. DUH
|-damage|p2a: Hit the X. DUH|0 fnt
|faint|p2a: Hit the X. DUH
|
|join|Reverend
|
|switch|p2a: Azula|Azumarill, M|215\/350
|turn|21
|
|move|p1a: Keldeo|Scald|p2a: Azula
|-resisted|p2a: Azula
|-damage|p2a: Azula|134\/350
|-status|p2a: Azula|brn
|move|p2a: Azula|Play Rough|p1a: Keldeo
|-supereffective|p1a: Keldeo
|-damage|p1a: Keldeo|0 fnt
|faint|p1a: Keldeo
|
|win|Mistaken
|c|âMark Suckerberg|gg
|leave|Tjp-X
|leave|Mistaken
|leave|Mark Suckerberg
|leave|dc94
|player|p2