|join|IlI Abyss IlI
|join|Mistaken
|player|p1|IlI Abyss IlI|153
|player|p2|Mistaken|264
|gametype|singles
|gen|6
|tier|OU (suspect test)
|clearpoke
|poke|p1|Blastoise, M
|poke|p1|Charizard, F
|poke|p1|Venusaur, M
|poke|p1|Lapras, M
|poke|p1|Snorlax, F
|poke|p1|Gengar, M
|poke|p2|Garchomp, F
|poke|p2|Thundurus, M
|poke|p2|Azumarill, F
|poke|p2|Landorus-Therian, M
|poke|p2|Bisharp, F
|poke|p2|Altaria, M
|rule|Swagger Clause: Swagger is banned
|rule|Baton Pass Clause: Limit one PokÃ©mon knowing Baton Pass
|rule|Sleep Clause Mod: Limit one foe put to sleep
|rule|Species Clause: Limit one of each PokÃ©mon
|rule|OHKO Clause: OHKO moves are banned
|rule|Moody Clause: Moody is banned
|rule|Evasion Moves Clause: Evasion moves are banned
|rule|Endless Battle Clause: Forcing endless battles is banned
|rule|HP Percentage Mod: HP is shown in percentages
|teampreview
|c|âIlI Abyss IlI|Lel
|
|start
|switch|p1a: Gengar|Gengar, M|261\/261
|switch|p2a: Garchomp|Garchomp, F|357\/357
|turn|1
|
|move|p1a: Gengar|Dazzling Gleam|p2a: Garchomp
|-supereffective|p2a: Garchomp
|-damage|p2a: Garchomp|24\/357
|-damage|p1a: Gengar|235\/261|[from] item: Life Orb
|move|p2a: Garchomp|Dragon Claw|p1a: Gengar
|-damage|p1a: Gengar|9\/261
|
|turn|2
|
|move|p1a: Gengar|Giga Drain|p2a: Garchomp
|-damage|p2a: Garchomp|0 fnt
|-heal|p1a: Gengar|21\/261|[from] drain|[of] p2a: Garchomp
|-damage|p1a: Gengar|0 fnt|[from] item: Life Orb
|faint|p2a: Garchomp
|faint|p1a: Gengar
|
|
|switch|p2a: Altaria|Altaria, M|292\/292
|switch|p1a: Snorlax|Snorlax, F|523\/523
|turn|3
|
|detailschange|p2a: Altaria|Altaria-Mega, M
|-mega|p2a: Altaria|Altaria|Altarianite
|move|p2a: Altaria|Hyper Voice|p1a: Snorlax
|-damage|p1a: Snorlax|376\/523
|move|p1a: Snorlax|Curse|p1a: Snorlax
|-boost|p1a: Snorlax|atk|1
|-boost|p1a: Snorlax|def|1
|-unboost|p1a: Snorlax|spe|1
|
|-heal|p1a: Snorlax|408\/523|[from] item: Leftovers
|turn|4
|join|Kira Villor
|
|switch|p2a: Bisharp|Bisharp, F|271\/271
|move|p1a: Snorlax|Return|p2a: Bisharp
|-resisted|p2a: Bisharp
|-damage|p2a: Bisharp|172\/271
|
|-heal|p1a: Snorlax|440\/523|[from] item: Leftovers
|turn|5
|
|move|p2a: Bisharp|Swords Dance|p2a: Bisharp
|-boost|p2a: Bisharp|atk|2
|move|p1a: Snorlax|Curse|p1a: Snorlax
|-boost|p1a: Snorlax|atk|1
|-boost|p1a: Snorlax|def|1
|-unboost|p1a: Snorlax|spe|1
|
|-heal|p1a: Snorlax|472\/523|[from] item: Leftovers
|turn|6
|
|move|p2a: Bisharp|Knock Off|p1a: Snorlax
|-damage|p1a: Snorlax|167\/523
|-enditem|p1a: Snorlax|Leftovers|[from] move: Knock Off|[of] p2a: Bisharp
|-damage|p2a: Bisharp|145\/271|[from] item: Life Orb
|move|p1a: Snorlax|Curse|p1a: Snorlax
|-boost|p1a: Snorlax|atk|1
|-boost|p1a: Snorlax|def|1
|-unboost|p1a: Snorlax|spe|1
|
|turn|7
|
|move|p2a: Bisharp|Swords Dance|p2a: Bisharp
|-boost|p2a: Bisharp|atk|2
|move|p1a: Snorlax|Return|p2a: Bisharp
|-resisted|p2a: Bisharp
|-damage|p2a: Bisharp|0 fnt
|faint|p2a: Bisharp
|
|
|switch|p2a: Landorus-Therian|Landorus-Therian, M|325\/325
|-ability|p2a: Landorus-Therian|Intimidate|[of] p1a: Snorlax
|-unboost|p1a: Snorlax|atk|1
|turn|8
|
|move|p2a: Landorus-Therian|Superpower|p1a: Snorlax
|-supereffective|p1a: Snorlax
|-damage|p1a: Snorlax|3\/523
|-unboost|p2a: Landorus-Therian|atk|1
|-unboost|p2a: Landorus-Therian|def|1
|move|p1a: Snorlax|Rest|p1a: Snorlax
|-status|p1a: Snorlax|slp
|-heal|p1a: Snorlax|523\/523 slp|[silent]
|-status|p1a: Snorlax|slp|[from] move: Rest
|
|turn|9
|
|switch|p2a: Thundurus|Thundurus, M|299\/299
|cant|p1a: Snorlax|slp
|move|p1a: Snorlax|Sleep Talk|p1a: Snorlax
|move|p1a: Snorlax|Rest|p1a: Snorlax|[from]Sleep Talk
|-fail|p1a: Snorlax
|
|turn|10
|c|âMistaken|nice n min rolls
|
|move|p2a: Thundurus|Thunderbolt|p1a: Snorlax
|-damage|p1a: Snorlax|389\/523 slp
|-damage|p2a: Thundurus|270\/299|[from] item: Life Orb
|cant|p1a: Snorlax|slp
|
|turn|11
|c|âMistaken|i lost to a snorlax
|c|âMistaken|oml
|
|move|p2a: Thundurus|Thunderbolt|p1a: Snorlax
|-damage|p1a: Snorlax|249\/523 slp
|-damage|p2a: Thundurus|241\/299|[from] item: Life Orb
|-curestatus|p1a: Snorlax|slp
|move|p1a: Snorlax|Return|p2a: Thundurus
|-damage|p2a: Thundurus|0 fnt
|faint|p2a: Thundurus
|
|c|âIlI Abyss IlI|Snorlax OP
|
|switch|p2a: Altaria|Altaria-Mega, M|292\/292
|turn|12
|
|move|p2a: Altaria|Draco Meteor|p1a: Snorlax
|-damage|p1a: Snorlax|102\/523
|-unboost|p2a: Altaria|spa|2
|move|p1a: Snorlax|Rest|p1a: Snorlax
|-status|p1a: Snorlax|slp
|-heal|p1a: Snorlax|523\/523 slp|[silent]
|-status|p1a: Snorlax|slp|[from] move: Rest
|
|turn|13
|
|switch|p2a: Azumarill|Azumarill, F|399\/399
|cant|p1a: Snorlax|slp
|move|p1a: Snorlax|Sleep Talk|p1a: Snorlax
|move|p1a: Snorlax|Curse|p1a: Snorlax|[from]Sleep Talk
|-boost|p1a: Snorlax|atk|1
|-boost|p1a: Snorlax|def|1
|-unboost|p1a: Snorlax|spe|1
|
|turn|14
|c|âIlI Abyss IlI|I love my Red team
|c|âIlI Abyss IlI|Snorlax is definitely the MVP
|
|move|p2a: Azumarill|Play Rough|p1a: Snorlax
|-damage|p1a: Snorlax|429\/523 slp
|cant|p1a: Snorlax|slp
|move|p1a: Snorlax|Sleep Talk|p1a: Snorlax
|move|p1a: Snorlax|Return|p2a: Azumarill|[from]Sleep Talk
|-damage|p2a: Azumarill|9\/399
|
|turn|15
|
|move|p2a: Azumarill|Superpower|p1a: Snorlax
|-supereffective|p1a: Snorlax
|-damage|p1a: Snorlax|271\/523 slp
|-unboost|p2a: Azumarill|atk|1
|-unboost|p2a: Azumarill|def|1
|-curestatus|p1a: Snorlax|slp
|move|p1a: Snorlax|Return|p2a: Azumarill
|-damage|p2a: Azumarill|0 fnt
|faint|p2a: Azumarill
|
|
|switch|p2a: Altaria|Altaria-Mega, M|292\/292
|turn|16
|
|move|p2a: Altaria|Hyper Voice|p1a: Snorlax
|-damage|p1a: Snorlax|124\/523
|move|p1a: Snorlax|Return|p2a: Altaria
|-damage|p2a: Altaria|0 fnt
|faint|p2a: Altaria
|
|
|switch|p2a: Landorus-Therian|Landorus-Therian, M|325\/325
|-ability|p2a: Landorus-Therian|Intimidate|[of] p1a: Snorlax
|-unboost|p1a: Snorlax|atk|1
|turn|17
|c|âIlI Abyss IlI|If it can't tank it, it'll chip the fuck out of it
|
|move|p2a: Landorus-Therian|Stone Edge|p1a: Snorlax
|-damage|p1a: Snorlax|64\/523
|move|p1a: Snorlax|Return|p2a: Landorus-Therian
|-damage|p2a: Landorus-Therian|57\/325
|
|turn|18
|
|move|p2a: Landorus-Therian|Stone Edge|p1a: Snorlax|[miss]
|-miss|p2a: Landorus-Therian|p1a: Snorlax
|move|p1a: Snorlax|Return|p2a: Landorus-Therian
|-damage|p2a: Landorus-Therian|0 fnt
|faint|p2a: Landorus-Therian
|
|win|IlI Abyss IlI
|leave|Mistaken
|player|p2
|leave|Kira Villor