|join|mistaken
|join|lil manaphy
|player|p1|mistaken|264
|player|p2|lil manaphy|34
|gametype|singles
|gen|6
|tier|OU (suspect test)
|rated
|clearpoke
|poke|p1|Charizard, F
|poke|p1|Raikou
|poke|p1|Gengar, M
|poke|p1|Latios, M
|poke|p1|Cloyster, M
|poke|p1|Terrakion
|poke|p2|Diancie
|poke|p2|Ferrothorn, F
|poke|p2|Wobbuffet, M
|poke|p2|Landorus-Therian, M
|poke|p2|Conkeldurr, F
|poke|p2|Mandibuzz, F
|rule|Swagger Clause: Swagger is banned
|rule|Baton Pass Clause: Limit one PokÃ©mon knowing Baton Pass
|rule|Sleep Clause Mod: Limit one foe put to sleep
|rule|Species Clause: Limit one of each PokÃ©mon
|rule|OHKO Clause: OHKO moves are banned
|rule|Moody Clause: Moody is banned
|rule|Evasion Moves Clause: Evasion moves are banned
|rule|Endless Battle Clause: Forcing endless battles is banned
|rule|HP Percentage Mod: HP is shown in percentages
|teampreview
|c|âmistaken|o hi
|
|start
|switch|p1a: Terrakion|Terrakion|323\/323
|switch|p2a: Diancie|Diancie|241\/241
|turn|1
|
|detailschange|p2a: Diancie|Diancie-Mega
|-mega|p2a: Diancie|Diancie|Diancite
|move|p1a: Terrakion|Close Combat|p2a: Diancie
|-damage|p2a: Diancie|58\/241
|-unboost|p1a: Terrakion|def|1
|-unboost|p1a: Terrakion|spd|1
|move|p2a: Diancie|Moonblast|p1a: Terrakion
|-supereffective|p1a: Terrakion
|-enditem|p1a: Terrakion|Focus Sash
|-damage|p1a: Terrakion|1\/323
|
|turn|2
|
|move|p2a: Diancie|Ancient Power|p1a: Terrakion
|-resisted|p1a: Terrakion
|-damage|p1a: Terrakion|0 fnt
|faint|p1a: Terrakion
|
|c|âmistaken|do you mind if i private room?
|c|âlil manaphy|go ahead
mistaken turned on modjoin.
|raw|<div class="broadcast-red"><b>Moderated chat was set to +!<\/b><br \/>Only users of rank + and higher can talk.<\/div>
|
|switch|p1a: Raikou|Raikou|321\/321
|-ability|p1a: Raikou|Pressure
|turn|3
|
|switch|p2a: Ferrothorn|Ferrothorn, F|352\/352
|move|p1a: Raikou|Volt Switch|p2a: Ferrothorn
|-resisted|p2a: Ferrothorn
|-damage|p2a: Ferrothorn|307\/352
|
|switch|p1a: Charizard|Charizard, F|315\/315
|
|turn|4
|
|switch|p2a: Mandibuzz|Mandibuzz, F|424\/424
|detailschange|p1a: Charizard|Charizard-Mega-X, F
|-mega|p1a: Charizard|Charizard|Charizardite X
|move|p1a: Charizard|Flare Blitz|p2a: Mandibuzz
|-damage|p2a: Mandibuzz|240\/424
|-damage|p1a: Charizard|254\/315|[from] recoil|[of] p2a: Mandibuzz
|
|-heal|p2a: Mandibuzz|266\/424|[from] item: Leftovers
|turn|5
|
|switch|p1a: Raikou|Raikou|321\/321
|-ability|p1a: Raikou|Pressure
|move|p2a: Mandibuzz|Roost|p2a: Mandibuzz
|-heal|p2a: Mandibuzz|424\/424
|
|turn|6
|
|switch|p2a: Ferrothorn|Ferrothorn, F|307\/352
|move|p1a: Raikou|Volt Switch|p2a: Ferrothorn
|-resisted|p2a: Ferrothorn
|-damage|p2a: Ferrothorn|261\/352
|
|switch|p1a: Charizard|Charizard-Mega-X, F|254\/315
|
|turn|7
|
|switch|p2a: Landorus-Therian|Landorus-Therian, M|382\/382
|-ability|p2a: Landorus-Therian|Intimidate|[of] p1a: Charizard
|-unboost|p1a: Charizard|atk|1
|move|p1a: Charizard|Dragon Dance|p1a: Charizard
|-boost|p1a: Charizard|atk|1
|-boost|p1a: Charizard|spe|1
|
|turn|8
|
|switch|p1a: Latios|Latios, M|301\/301
|move|p2a: Landorus-Therian|Earthquake|p1a: Latios
|-immune|p1a: Latios|[msg]
|
|turn|9
|
|switch|p2a: Ferrothorn|Ferrothorn, F|261\/352
|move|p1a: Latios|Draco Meteor|p2a: Ferrothorn
|-resisted|p2a: Ferrothorn
|-damage|p2a: Ferrothorn|144\/352
|-unboost|p1a: Latios|spa|2
|-damage|p1a: Latios|271\/301|[from] item: Life Orb
|
|turn|10
|
|switch|p1a: Gengar|Gengar, M|261\/261
|move|p2a: Ferrothorn|Leech Seed|p1a: Gengar
|-start|p1a: Gengar|move: Leech Seed
|
|-damage|p1a: Gengar|229\/261|[from] Leech Seed|[of] p2a: Ferrothorn
|-heal|p2a: Ferrothorn|176\/352|[silent]
|turn|11
|
|move|p2a: Ferrothorn|Protect|p2a: Ferrothorn
|-singleturn|p2a: Ferrothorn|Protect
|move|p1a: Gengar|Focus Blast|p2a: Ferrothorn
|-activate|p2a: Ferrothorn|Protect
|
|-damage|p1a: Gengar|197\/261|[from] Leech Seed|[of] p2a: Ferrothorn
|-heal|p2a: Ferrothorn|208\/352|[silent]
|turn|12
|
|switch|p1a: Raikou|Raikou|321\/321
|-ability|p1a: Raikou|Pressure
|switch|p2a: Conkeldurr|Conkeldurr, F|352\/352
|
|turn|13
|
|move|p1a: Raikou|Volt Switch|p2a: Conkeldurr
|-damage|p2a: Conkeldurr|274\/352
|
|switch|p1a: Charizard|Charizard-Mega-X, F|254\/315
|move|p2a: Conkeldurr|Knock Off|p1a: Charizard
|-damage|p1a: Charizard|168\/315
|
|turn|14
|
|switch|p2a: Landorus-Therian|Landorus-Therian, M|382\/382
|-ability|p2a: Landorus-Therian|Intimidate|[of] p1a: Charizard
|-unboost|p1a: Charizard|atk|1
|move|p1a: Charizard|Dragon Dance|p1a: Charizard
|-boost|p1a: Charizard|atk|1
|-boost|p1a: Charizard|spe|1
|
|turn|15
|
|move|p1a: Charizard|Flare Blitz|p2a: Landorus-Therian
|-crit|p2a: Landorus-Therian
|-damage|p2a: Landorus-Therian|48\/382
|-damage|p1a: Charizard|58\/315|[from] recoil|[of] p2a: Landorus-Therian
|move|p2a: Landorus-Therian|Earthquake|p1a: Charizard
|-supereffective|p1a: Charizard
|-damage|p1a: Charizard|0 fnt
|faint|p1a: Charizard
|
|-heal|p2a: Landorus-Therian|71\/382|[from] item: Leftovers
|
|switch|p1a: Cloyster|Cloyster, M|241\/241
|turn|16
|
|move|p1a: Cloyster|Ice Shard|p2a: Landorus-Therian
|-crit|p2a: Landorus-Therian
|-supereffective|p2a: Landorus-Therian
|-damage|p2a: Landorus-Therian|0 fnt
|faint|p2a: Landorus-Therian
|
|
|switch|p2a: Conkeldurr|Conkeldurr, F|274\/352
|turn|17
|
|switch|p1a: Raikou|Raikou|321\/321
|-ability|p1a: Raikou|Pressure
|move|p2a: Conkeldurr|Knock Off|p1a: Raikou
|-damage|p1a: Raikou|153\/321
|-enditem|p1a: Raikou|Assault Vest|[from] move: Knock Off|[of] p2a: Conkeldurr
|
|turn|18
|
|switch|p2a: Ferrothorn|Ferrothorn, F|208\/352
|move|p1a: Raikou|Thunderbolt|p2a: Ferrothorn
|-resisted|p2a: Ferrothorn
|-damage|p2a: Ferrothorn|148\/352
|
|turn|19
|
|move|p1a: Raikou|Volt Switch|p2a: Ferrothorn
|-resisted|p2a: Ferrothorn
|-damage|p2a: Ferrothorn|105\/352
|
|switch|p1a: Latios|Latios, M|271\/301
|move|p2a: Ferrothorn|Leech Seed|p1a: Latios
|-start|p1a: Latios|move: Leech Seed
|
|-damage|p1a: Latios|234\/301|[from] Leech Seed|[of] p2a: Ferrothorn
|-heal|p2a: Ferrothorn|142\/352|[silent]
|turn|20
|
|switch|p1a: Gengar|Gengar, M|197\/261
|move|p2a: Ferrothorn|Thunder Wave|p1a: Gengar
|-status|p1a: Gengar|par
|
|turn|21
|
|switch|p2a: Mandibuzz|Mandibuzz, F|424\/424
|move|p1a: Gengar|Focus Blast|p2a: Mandibuzz
|-damage|p2a: Mandibuzz|236\/424
|-unboost|p2a: Mandibuzz|spd|1
|-damage|p1a: Gengar|171\/261 par|[from] item: Life Orb
|
|-heal|p2a: Mandibuzz|262\/424|[from] item: Leftovers
|turn|22
|
|move|p2a: Mandibuzz|Foul Play|p1a: Gengar
|-supereffective|p1a: Gengar
|-damage|p1a: Gengar|0 fnt
|faint|p1a: Gengar
|
|-heal|p2a: Mandibuzz|288\/424|[from] item: Leftovers
|
|switch|p1a: Raikou|Raikou|153\/321
|-ability|p1a: Raikou|Pressure
|turn|23
|
|move|p1a: Raikou|Volt Switch|p2a: Mandibuzz
|-supereffective|p2a: Mandibuzz
|-damage|p2a: Mandibuzz|0 fnt
|faint|p2a: Mandibuzz
|
|switch|p1a: Latios|Latios, M|234\/301
|
|
|switch|p2a: Diancie|Diancie-Mega|58\/241
|turn|24
|
|move|p1a: Latios|Psyshock|p2a: Diancie
|-damage|p2a: Diancie|0 fnt
|-damage|p1a: Latios|204\/301|[from] item: Life Orb
|faint|p2a: Diancie
|
|
|switch|p2a: Ferrothorn|Ferrothorn, F|142\/352
|turn|25
|
|switch|p1a: Raikou|Raikou|153\/321
|-ability|p1a: Raikou|Pressure
|move|p2a: Ferrothorn|Leech Seed|p1a: Raikou
|-start|p1a: Raikou|move: Leech Seed
|
|-damage|p1a: Raikou|113\/321|[from] Leech Seed|[of] p2a: Ferrothorn
|-heal|p2a: Ferrothorn|182\/352|[silent]
|turn|26
|
|switch|p1a: Cloyster|Cloyster, M|241\/241
|move|p2a: Ferrothorn|Protect|p2a: Ferrothorn
|-fail|p2a: Ferrothorn
|
|turn|27
|
|move|p1a: Cloyster|Shell Smash|p1a: Cloyster
|-boost|p1a: Cloyster|atk|2
|-boost|p1a: Cloyster|spa|2
|-boost|p1a: Cloyster|spe|2
|-unboost|p1a: Cloyster|def|1
|-unboost|p1a: Cloyster|spd|1
|-enditem|p1a: Cloyster|White Herb
|-restoreboost|p1a: Cloyster|[silent]
|move|p2a: Ferrothorn|Leech Seed|p1a: Cloyster
|-start|p1a: Cloyster|move: Leech Seed
|
|-damage|p1a: Cloyster|211\/241|[from] Leech Seed|[of] p2a: Ferrothorn
|-heal|p2a: Ferrothorn|212\/352|[silent]
|turn|28
|
|move|p1a: Cloyster|Shell Smash|p1a: Cloyster
|-boost|p1a: Cloyster|atk|2
|-boost|p1a: Cloyster|spa|2
|-boost|p1a: Cloyster|spe|2
|-unboost|p1a: Cloyster|def|1
|-unboost|p1a: Cloyster|spd|1
|move|p2a: Ferrothorn|Power Whip|p1a: Cloyster
|-supereffective|p1a: Cloyster
|-damage|p1a: Cloyster|0 fnt
|faint|p1a: Cloyster
|
|c|âmistaken|gg
|c|âlil manaphy|gg
|c|âmistaken|i needed +4 for wobbu
|
|switch|p1a: Raikou|Raikou|113\/321
|-ability|p1a: Raikou|Pressure
|turn|29
|
|move|p1a: Raikou|Thunderbolt|p2a: Ferrothorn
|-resisted|p2a: Ferrothorn
|-damage|p2a: Ferrothorn|155\/352
|move|p2a: Ferrothorn|Leech Seed|p1a: Raikou
|-start|p1a: Raikou|move: Leech Seed
|
|-damage|p1a: Raikou|73\/321|[from] Leech Seed|[of] p2a: Ferrothorn
|-heal|p2a: Ferrothorn|195\/352|[silent]
|turn|30
|-message|mistaken forfeited.
|
|win|lil manaphy
|raw|Ladder updating...
|raw|mistaken's rating: 1360 &rarr; <strong>1341<\/strong><br \/>(-19 for losing)
|raw|lil manaphy's rating: 1366 &rarr; <strong>1385<\/strong><br \/>(+19 for winning)