|join|Malese
|join|Fabio96
|player|p1|Malese|265
|player|p2|Fabio96|221
|gametype|singles
|gen|6
|tier|OU
|clearpoke
|poke|p1|Venusaur, F
|poke|p1|Gyarados, M
|poke|p1|Crobat, M
|poke|p1|Probopass, M
|poke|p1|Zoroark, M, shiny
|poke|p1|Machamp, M, shiny
|poke|p2|Breloom, M
|poke|p2|Gliscor, M, shiny
|poke|p2|Manectric, F
|poke|p2|Umbreon, F, shiny
|poke|p2|Bisharp, F
|poke|p2|Skarmory, M
|rule|Swagger Clause: Swagger is banned
|rule|Baton Pass Clause: Limit one PokÃ©mon knowing Baton Pass
|rule|Sleep Clause Mod: Limit one foe put to sleep
|rule|Species Clause: Limit one of each PokÃ©mon
|rule|OHKO Clause: OHKO moves are banned
|rule|Moody Clause: Moody is banned
|rule|Evasion Moves Clause: Evasion moves are banned
|rule|Endless Battle Clause: Forcing endless battles is banned
|rule|HP Percentage Mod: HP is reported as percentages
|teampreview
|chat|Malese|fabio guarda cosa scrivo
|
|start
|switch|p1a: Probopass|Probopass, M|324\/324
|switch|p2a: Skarmory|Skarmory, M|334\/334
|-item|p1a: Probopass|Air Balloon
|turn|1
|chat|Malese|nella chat italiana
|chat|Fabio96|ahahahahah sei un coglione
|
|switch|p2a: Gliscor|Gliscor, M, shiny|354\/354
|move|p1a: Probopass|Power Gem|p2a: Gliscor
|-damage|p2a: Gliscor|257\/354
|
|-status|p2a: Gliscor|tox|[from] item: Toxic Orb
|turn|2
|
|switch|p2a: Skarmory|Skarmory, M|334\/334
|move|p1a: Probopass|Stealth Rock|p2a: Skarmory
|-sidestart|p2: Fabio96|move: Stealth Rock
|
|turn|3
|
|move|p2a: Skarmory|Defog|p1a: Probopass
|-unboost|p1a: Probopass|evasion|1
|-sideend|p2: Fabio96|Stealth Rock|[from] move: Defog|[of] p2a: Skarmory
|move|p1a: Probopass|Toxic|p2a: Skarmory
|-fail|p2a: Skarmory
|
|turn|4
|
|move|p2a: Skarmory|Taunt|p1a: Probopass
|-start|p1a: Probopass|move: Taunt
|move|p1a: Probopass|Power Gem|p2a: Skarmory
|-damage|p2a: Skarmory|241\/334
|
|turn|5
|
|switch|p2a: Gliscor|Gliscor, M, shiny|257\/354 tox
|move|p1a: Probopass|Power Gem|p2a: Gliscor
|-damage|p2a: Gliscor|152\/354 tox
|
|-heal|p2a: Gliscor|196\/354 tox|[from] ability: Poison Heal
|turn|6
|
|move|p2a: Gliscor|Toxic|p1a: Probopass
|-fail|p1a: Probopass
|move|p1a: Probopass|Power Gem|p2a: Gliscor
|-damage|p2a: Gliscor|103\/354 tox
|
|-heal|p2a: Gliscor|147\/354 tox|[from] ability: Poison Heal
|-end|p1a: Probopass|move: Taunt
|turn|7
|
|move|p2a: Gliscor|Protect|p2a: Gliscor
|-singleturn|p2a: Gliscor|Protect
|move|p1a: Probopass|Power Gem|p2a: Gliscor
|-activate|p2a: Gliscor|Protect
|
|-heal|p2a: Gliscor|191\/354 tox|[from] ability: Poison Heal
|turn|8
|
|switch|p2a: Skarmory|Skarmory, M|241\/334
|move|p1a: Probopass|Stealth Rock|p2a: Skarmory
|-sidestart|p2: Fabio96|move: Stealth Rock
|
|turn|9
|
|move|p2a: Skarmory|Defog|p1a: Probopass
|-unboost|p1a: Probopass|evasion|1
|-sideend|p2: Fabio96|Stealth Rock|[from] move: Defog|[of] p2a: Skarmory
|move|p1a: Probopass|Power Gem|p2a: Skarmory
|-damage|p2a: Skarmory|159\/334
|
|turn|10
|
|move|p2a: Skarmory|Stealth Rock|p1a: Probopass
|-sidestart|p1: Malese|move: Stealth Rock
|move|p1a: Probopass|Power Gem|p2a: Skarmory
|-damage|p2a: Skarmory|71\/334
|
|turn|11
|
|move|p2a: Skarmory|Taunt|p1a: Probopass
|-start|p1a: Probopass|move: Taunt
|cant|p1a: Probopass|move: Taunt|Stealth Rock
|
|turn|12
|
|switch|p2a: Breloom|Breloom, M|262\/262
|move|p1a: Probopass|Power Gem|p2a: Breloom
|-resisted|p2a: Breloom
|-damage|p2a: Breloom|201\/262
|
|turn|13
|
|switch|p1a: Venusaur|Venusaur, F|364\/364
|-damage|p1a: Venusaur|319\/364|[from] Stealth Rock
|move|p2a: Breloom|Mach Punch|p1a: Venusaur
|-resisted|p1a: Venusaur
|-damage|p1a: Venusaur|249\/364
|
|turn|14
|
|switch|p2a: Skarmory|Skarmory, M|71\/334
|move|p1a: Venusaur|Leech Seed|p2a: Skarmory|[miss]
|-miss|p1a: Venusaur|p2a: Skarmory
|
|turn|15
|chat|Fabio96|fallo megaevolvere 
|chat|Fabio96|ma come cazzo fai a dimenticarti
|
|switch|p1a: Probopass|Probopass, M|324\/324
|-damage|p1a: Probopass|304\/324|[from] Stealth Rock
|-item|p1a: Probopass|Air Balloon
|move|p2a: Skarmory|Taunt|p1a: Probopass
|-start|p1a: Probopass|move: Taunt
|
|turn|16
|
|switch|p2a: Gliscor|Gliscor, M, shiny|191\/354 tox
|move|p1a: Probopass|Power Gem|p2a: Gliscor
|-damage|p2a: Gliscor|82\/354 tox
|
|-heal|p2a: Gliscor|126\/354 tox|[from] ability: Poison Heal
|turn|17
|
|move|p2a: Gliscor|Earthquake|p1a: Probopass
|-immune|p1a: Probopass|[msg]
|move|p1a: Probopass|Power Gem|p2a: Gliscor
|-damage|p2a: Gliscor|21\/354 tox
|
|-heal|p2a: Gliscor|65\/354 tox|[from] ability: Poison Heal
|turn|18
|
|move|p2a: Gliscor|Protect|p2a: Gliscor
|-singleturn|p2a: Gliscor|Protect
|move|p1a: Probopass|Power Gem|p2a: Gliscor
|-activate|p2a: Gliscor|Protect
|
|-heal|p2a: Gliscor|109\/354 tox|[from] ability: Poison Heal
|-end|p1a: Probopass|move: Taunt
|turn|19
|
|switch|p2a: Breloom|Breloom, M|201\/262
|move|p1a: Probopass|Power Gem|p2a: Breloom
|-resisted|p2a: Breloom
|-damage|p2a: Breloom|145\/262
|
|turn|20
|
|switch|p1a: Machamp|Machamp, M, shiny|358\/358
|-damage|p1a: Machamp|336\/358|[from] Stealth Rock
|move|p2a: Breloom|Mach Punch|p1a: Machamp
|-damage|p1a: Machamp|191\/358
|
|-status|p1a: Machamp|tox|[from] item: Toxic Orb
|turn|21
|
|move|p2a: Breloom|Bullet Seed|p1a: Machamp
|-damage|p1a: Machamp|97\/358 tox
|-damage|p1a: Machamp|13\/358 tox
|-hitcount|p1a: Machamp|2
|move|p1a: Machamp|Ice Punch|p2a: Breloom
|-supereffective|p2a: Breloom
|-damage|p2a: Breloom|0 fnt
|faint|p2a: Breloom
|
|-damage|p1a: Machamp|0 fnt|[from] psn
|faint|p1a: Machamp
|chat|Fabio96|guarda che culo
|chat|Fabio96|solo due ne ha fatti
|chat|Malese|ho cannato
|
|switch|p1a: Venusaur|Venusaur, F|249\/364
|-damage|p1a: Venusaur|204\/364|[from] Stealth Rock
|switch|p2a: Umbreon|Umbreon, F, shiny|394\/394
|turn|22
|
|detailschange|p1a: Venusaur|Venusaur-Mega, F
|message|Venusaur has Mega Evolved into Mega Venusaur!
|move|p1a: Venusaur|Toxic|p2a: Umbreon
|-status|p2a: Umbreon|tox
|move|p2a: Umbreon|Yawn|p1a: Venusaur
|-start|p1a: Venusaur|move: Yawn|[of] p2a: Umbreon
|
|-damage|p2a: Umbreon|370\/394 tox|[from] psn
|turn|23
|
|switch|p1a: Crobat|Crobat, M|312\/312
|-damage|p1a: Crobat|234\/312|[from] Stealth Rock
|move|p2a: Umbreon|Foul Play|p1a: Crobat
|-damage|p1a: Crobat|66\/312
|
|-heal|p2a: Umbreon|394\/394 tox|[from] item: Leftovers
|-damage|p2a: Umbreon|346\/394 tox|[from] psn
|turn|24
|
|switch|p2a: Gliscor|Gliscor, M, shiny|109\/354 tox
|move|p1a: Crobat|U-turn|p2a: Gliscor
|-resisted|p2a: Gliscor
|-damage|p2a: Gliscor|75\/354 tox
|
|switch|p1a: Gyarados|Gyarados, M|332\/332
|-damage|p1a: Gyarados|249\/332|[from] Stealth Rock
|
|-heal|p2a: Gliscor|119\/354 tox|[from] ability: Poison Heal
|turn|25
|
|move|p1a: Gyarados|Dragon Dance|p1a: Gyarados
|-boost|p1a: Gyarados|atk|1
|-boost|p1a: Gyarados|spe|1
|move|p2a: Gliscor|Toxic|p1a: Gyarados
|-status|p1a: Gyarados|tox
|
|-damage|p1a: Gyarados|229\/332 tox|[from] psn
|-heal|p2a: Gliscor|163\/354 tox|[from] ability: Poison Heal
|turn|26
|
|move|p2a: Gliscor|Protect|p2a: Gliscor
|-singleturn|p2a: Gliscor|Protect
|move|p1a: Gyarados|Waterfall|p2a: Gliscor
|-activate|p2a: Gliscor|Protect
|
|-damage|p1a: Gyarados|189\/332 tox|[from] psn
|-heal|p2a: Gliscor|207\/354 tox|[from] ability: Poison Heal
|turn|27
|
|move|p2a: Gliscor|Protect|p2a: Gliscor
|-fail|p2a: Gliscor
|move|p1a: Gyarados|Waterfall|p2a: Gliscor
|-supereffective|p2a: Gliscor
|-damage|p2a: Gliscor|0 fnt
|-damage|p1a: Gyarados|156\/332 tox|[from] item: Life Orb
|faint|p2a: Gliscor
|-boost|p1a: Gyarados|atk|1|[from] ability: Moxie
|
|-damage|p1a: Gyarados|96\/332 tox|[from] psn
|
|switch|p2a: Bisharp|Bisharp, F|272\/272
|turn|28
|
|move|p2a: Bisharp|Sucker Punch|p1a: Gyarados
|-damage|p1a: Gyarados|0 fnt
|faint|p1a: Gyarados
|
|
|switch|p1a: Zoroark|Zoroark, M, shiny|261\/261
|-damage|p1a: Zoroark|229\/261|[from] Stealth Rock
|turn|29
|
|move|p1a: Zoroark|Flamethrower|p2a: Bisharp
|-supereffective|p2a: Bisharp
|-damage|p2a: Bisharp|32\/272
|move|p2a: Bisharp|Iron Head|p1a: Zoroark
|-damage|p1a: Zoroark|0 fnt
|faint|p1a: Zoroark
|
|
|switch|p1a: Crobat|Crobat, M|66\/312
|-damage|p1a: Crobat|0 fnt|[from] Stealth Rock
|faint|p1a: Crobat
|chat|Fabio96|ahahahah
|
|switch|p1a: Probopass|Probopass, M|304\/324
|-damage|p1a: Probopass|284\/324|[from] Stealth Rock
|-item|p1a: Probopass|Air Balloon
|turn|30
|
|move|p2a: Bisharp|Knock Off|p1a: Probopass
|-damage|p1a: Probopass|140\/324
|-enditem|p1a: Probopass|Air Balloon
|move|p1a: Probopass|Stealth Rock|p2a: Bisharp
|-sidestart|p2: Fabio96|move: Stealth Rock
|
|turn|31
|
|move|p1a: Probopass|Protect|p1a: Probopass
|-singleturn|p1a: Probopass|Protect
|move|p2a: Bisharp|Knock Off|p1a: Probopass
|-activate|p1a: Probopass|Protect
|
|turn|32
|
|switch|p1a: Venusaur|Venusaur-Mega, F|204\/364
|-damage|p1a: Venusaur|159\/364|[from] Stealth Rock
|move|p2a: Bisharp|Knock Off|p1a: Venusaur
|-damage|p1a: Venusaur|57\/364
|
|turn|33
|
|move|p2a: Bisharp|Sucker Punch|p1a: Venusaur
|-fail|p1a: Venusaur
|move|p1a: Venusaur|Synthesis|p1a: Venusaur
|-heal|p1a: Venusaur|239\/364
|
|turn|34
|
|move|p2a: Bisharp|Sucker Punch|p1a: Venusaur
|-damage|p1a: Venusaur|104\/364
|move|p1a: Venusaur|Giga Drain|p2a: Bisharp
|-resisted|p2a: Bisharp
|-damage|p2a: Bisharp|0 fnt
|-heal|p1a: Venusaur|120\/364|[from] drain|[of] p2a: Bisharp
|faint|p2a: Bisharp
|
|
|switch|p2a: Skarmory|Skarmory, M|71\/334
|-damage|p2a: Skarmory|30\/334|[from] Stealth Rock
|turn|35
|
|move|p1a: Venusaur|Synthesis|p1a: Venusaur
|-heal|p1a: Venusaur|302\/364
|move|p2a: Skarmory|Taunt|p1a: Venusaur
|-start|p1a: Venusaur|move: Taunt
|
|turn|36
|
|move|p1a: Venusaur|Giga Drain|p2a: Skarmory
|-resisted|p2a: Skarmory
|-damage|p2a: Skarmory|0 fnt
|-heal|p1a: Venusaur|317\/364|[from] drain|[of] p2a: Skarmory
|faint|p2a: Skarmory
|
|
|switch|p2a: Umbreon|Umbreon, F, shiny|346\/394 tox
|-damage|p2a: Umbreon|297\/394 tox|[from] Stealth Rock
|turn|37
|
|move|p1a: Venusaur|Giga Drain|p2a: Umbreon
|-damage|p2a: Umbreon|230\/394 tox
|-heal|p1a: Venusaur|351\/364|[from] drain|[of] p2a: Umbreon
|move|p2a: Umbreon|Yawn|p1a: Venusaur
|-start|p1a: Venusaur|move: Yawn|[of] p2a: Umbreon
|
|-heal|p2a: Umbreon|254\/394 tox|[from] item: Leftovers
|-damage|p2a: Umbreon|230\/394 tox|[from] psn
|turn|38
|
|switch|p1a: Probopass|Probopass, M|140\/324
|-damage|p1a: Probopass|120\/324|[from] Stealth Rock
|move|p2a: Umbreon|Yawn|p1a: Probopass
|-start|p1a: Probopass|move: Yawn|[of] p2a: Umbreon
|
|-heal|p2a: Umbreon|254\/394 tox|[from] item: Leftovers
|-damage|p2a: Umbreon|206\/394 tox|[from] psn
|turn|39
|
|move|p2a: Umbreon|Yawn|p1a: Probopass
|-fail|p1a: Probopass
|move|p1a: Probopass|Power Gem|p2a: Umbreon
|-damage|p2a: Umbreon|158\/394 tox
|
|-status|p1a: Probopass|slp
|-heal|p2a: Umbreon|182\/394 tox|[from] item: Leftovers
|-damage|p2a: Umbreon|110\/394 tox|[from] psn
|turn|40
|
|switch|p2a: Manectric|Manectric, F|282\/282
|-damage|p2a: Manectric|247\/282|[from] Stealth Rock
|switch|p1a: Venusaur|Venusaur-Mega, F|351\/364
|-damage|p1a: Venusaur|306\/364|[from] Stealth Rock
|
|turn|41
|
|detailschange|p2a: Manectric|Manectric-Mega, F
|message|Manectric has Mega Evolved into Mega Manectric!
|-ability|p2a: Manectric|Intimidate|[of] p1a: Venusaur
|-unboost|p1a: Venusaur|atk|1
|move|p2a: Manectric|Volt Switch|p1a: Venusaur
|-resisted|p1a: Venusaur
|-damage|p1a: Venusaur|252\/364
|
|switch|p2a: Umbreon|Umbreon, F, shiny|110\/394 tox
|-damage|p2a: Umbreon|61\/394 tox|[from] Stealth Rock
|move|p1a: Venusaur|Leech Seed|p2a: Umbreon
|-start|p2a: Umbreon|move: Leech Seed
|
|-heal|p2a: Umbreon|85\/394 tox|[from] item: Leftovers
|-damage|p2a: Umbreon|36\/394 tox|[from] Leech Seed|[of] p1a: Venusaur
|-heal|p1a: Venusaur|301\/364|[silent]
|-damage|p2a: Umbreon|12\/394 tox|[from] psn
|turn|42
|
|move|p1a: Venusaur|Giga Drain|p2a: Umbreon
|-damage|p2a: Umbreon|0 fnt
|-heal|p1a: Venusaur|307\/364|[from] drain|[of] p2a: Umbreon
|faint|p2a: Umbreon
|
|
|switch|p2a: Manectric|Manectric-Mega, F|247\/282
|-damage|p2a: Manectric|212\/282|[from] Stealth Rock
|-ability|p2a: Manectric|Intimidate|[of] p1a: Venusaur
|-unboost|p1a: Venusaur|atk|1
|turn|43
|
|move|p2a: Manectric|Flamethrower|p1a: Venusaur
|-supereffective|p1a: Venusaur
|-damage|p1a: Venusaur|217\/364
|move|p1a: Venusaur|Toxic|p2a: Manectric
|-status|p2a: Manectric|tox
|
|-damage|p2a: Manectric|195\/282 tox|[from] psn
|turn|44
|
|move|p2a: Manectric|Thunderbolt|p1a: Venusaur
|-resisted|p1a: Venusaur
|-damage|p1a: Venusaur|142\/364
|move|p1a: Venusaur|Leech Seed|p2a: Manectric
|-start|p2a: Manectric|move: Leech Seed
|
|-damage|p2a: Manectric|160\/282 tox|[from] Leech Seed|[of] p1a: Venusaur
|-heal|p1a: Venusaur|177\/364|[silent]
|-damage|p2a: Manectric|126\/282 tox|[from] psn
|turn|45
|
|move|p2a: Manectric|Flamethrower|p1a: Venusaur
|-supereffective|p1a: Venusaur
|-damage|p1a: Venusaur|73\/364
|move|p1a: Venusaur|Synthesis|p1a: Venusaur
|-heal|p1a: Venusaur|255\/364
|
|-damage|p2a: Manectric|91\/282 tox|[from] Leech Seed|[of] p1a: Venusaur
|-heal|p1a: Venusaur|290\/364|[silent]
|-damage|p2a: Manectric|40\/282 tox|[from] psn
|turn|46
|
|move|p2a: Manectric|Flamethrower|p1a: Venusaur
|-supereffective|p1a: Venusaur
|-damage|p1a: Venusaur|188\/364
|move|p1a: Venusaur|Synthesis|p1a: Venusaur
|-heal|p1a: Venusaur|364\/364
|
|-damage|p2a: Manectric|5\/282 tox|[from] Leech Seed|[of] p1a: Venusaur
|-damage|p2a: Manectric|0 fnt|[from] psn
|faint|p2a: Manectric
|
|win|Malese
|leave|Fabio96
|player|p2