|join|Fabio96
|join|berger63
|player|p1|Fabio96|101
|player|p2|berger63|169
|gametype|singles
|gen|6
|tier|OU
|rated
|clearpoke
|poke|p1|Conkeldurr, F
|poke|p1|Zapdos
|poke|p1|Dragonite, F
|poke|p1|Heatran, F
|poke|p1|Scizor, F
|poke|p1|Gothitelle, F
|poke|p2|Raikou
|poke|p2|Kyurem-Black
|poke|p2|Bisharp, F
|poke|p2|Talonflame, M
|poke|p2|Terrakion
|poke|p2|Pidgeot, M
|rule|Swagger Clause: Swagger is banned
|rule|Baton Pass Clause: Limit one PokÃ©mon knowing Baton Pass
|rule|Sleep Clause Mod: Limit one foe put to sleep
|rule|Species Clause: Limit one of each PokÃ©mon
|rule|OHKO Clause: OHKO moves are banned
|rule|Moody Clause: Moody is banned
|rule|Evasion Moves Clause: Evasion moves are banned
|rule|Endless Battle Clause: Forcing endless battles is banned
|rule|HP Percentage Mod: HP is shown in percentages
|teampreview
|
|start
|switch|p1a: Scizor|Scizor, F|344\/344
|switch|p2a: Terrakion|Terrakion|323\/323
|turn|1
|
|detailschange|p1a: Scizor|Scizor-Mega, F
|message|Scizor has Mega Evolved into Mega Scizor!
|move|p1a: Scizor|Bullet Punch|p2a: Terrakion
|-supereffective|p2a: Terrakion
|-damage|p2a: Terrakion|35\/323
|move|p2a: Terrakion|Stealth Rock|p1a: Scizor
|-sidestart|p1: Fabio96|move: Stealth Rock
|
|turn|2
|
|move|p1a: Scizor|Bullet Punch|p2a: Terrakion
|-supereffective|p2a: Terrakion
|-damage|p2a: Terrakion|0 fnt
|faint|p2a: Terrakion
|
|
|switch|p2a: Pidgeot|Pidgeot, M|308\/308
|turn|3
|
|detailschange|p2a: Pidgeot|Pidgeot-Mega, M
|message|Pidgeot has Mega Evolved into Mega Pidgeot!
|move|p1a: Scizor|Bullet Punch|p2a: Pidgeot
|-damage|p2a: Pidgeot|137\/308
|move|p2a: Pidgeot|Heat Wave|p1a: Scizor
|-supereffective|p1a: Scizor
|-damage|p1a: Scizor|0 fnt
|faint|p1a: Scizor
|
|
|switch|p1a: Zapdos|Zapdos|384\/384
|-damage|p1a: Zapdos|288\/384|[from] Stealth Rock
|-ability|p1a: Zapdos|Pressure
|turn|4
|
|switch|p2a: Bisharp|Bisharp, F|272\/272
|move|p1a: Zapdos|Defog|p2a: Bisharp
|-unboost|p2a: Bisharp|evasion|1
|-boost|p2a: Bisharp|atk|2|[from] ability: Defiant
|-sideend|p1: Fabio96|Stealth Rock|[from] move: Defog|[of] p1a: Zapdos
|
|-heal|p1a: Zapdos|312\/384|[from] item: Leftovers
|turn|5
|
|move|p2a: Bisharp|Knock Off|p1a: Zapdos
|-damage|p1a: Zapdos|0 fnt
|-enditem|p1a: Zapdos|Leftovers|[from] move: Knock Off|[of] p2a: Bisharp
|faint|p1a: Zapdos
|
|
|switch|p1a: Heatran|Heatran, F|386\/386
|-item|p1a: Heatran|Air Balloon
|turn|6
|
|move|p2a: Bisharp|Knock Off|p1a: Heatran
|-crit|p1a: Heatran
|-damage|p1a: Heatran|0 fnt
|-enditem|p1a: Heatran|Air Balloon
|-enditem|p1a: Heatran|Air Balloon|[from] move: Knock Off|[of] p2a: Bisharp
|faint|p1a: Heatran
|
|
|switch|p1a: Conkeldurr|Conkeldurr, F|414\/414
|turn|7
|
|move|p2a: Bisharp|Knock Off|p1a: Conkeldurr
|-resisted|p1a: Conkeldurr
|-damage|p1a: Conkeldurr|183\/414
|-enditem|p1a: Conkeldurr|Assault Vest|[from] move: Knock Off|[of] p2a: Bisharp
|move|p1a: Conkeldurr|Drain Punch|p2a: Bisharp
|-supereffective|p2a: Bisharp
|-damage|p2a: Bisharp|0 fnt
|-heal|p1a: Conkeldurr|319\/414|[from] drain|[of] p2a: Bisharp
|faint|p2a: Bisharp
|
|
|switch|p2a: Talonflame|Talonflame, M|298\/298
|turn|8
|
|switch|p1a: Dragonite|Dragonite, F|324\/324
|move|p2a: Talonflame|Brave Bird|p1a: Dragonite
|-damage|p1a: Dragonite|196\/324
|-damage|p2a: Talonflame|256\/298|[from] recoil|[of] p1a: Dragonite
|
|turn|9
|
|switch|p2a: Pidgeot|Pidgeot-Mega, M|137\/308
|move|p1a: Dragonite|Extreme Speed|p2a: Pidgeot
|-damage|p2a: Pidgeot|0 fnt
|faint|p2a: Pidgeot
|
|
|switch|p2a: Kyurem-Black|Kyurem-Black|391\/391
|-ability|p2a: Kyurem-Black|Teravolt
|turn|10
|
|switch|p1a: Gothitelle|Gothitelle, F|282\/282
|move|p2a: Kyurem-Black|Ice Beam|p1a: Gothitelle
|-damage|p1a: Gothitelle|113\/282
|-damage|p2a: Kyurem-Black|352\/391|[from] item: Life Orb
|
|turn|11
|
|move|p2a: Kyurem-Black|Ice Beam|p1a: Gothitelle
|-damage|p1a: Gothitelle|0 fnt
|-damage|p2a: Kyurem-Black|313\/391|[from] item: Life Orb
|faint|p1a: Gothitelle
|
|
|switch|p1a: Conkeldurr|Conkeldurr, F|319\/414
|turn|12
|
|switch|p2a: Raikou|Raikou|322\/322
|-ability|p2a: Raikou|Pressure
|move|p1a: Conkeldurr|Drain Punch|p2a: Raikou
|-damage|p2a: Raikou|87\/322
|-heal|p1a: Conkeldurr|414\/414|[from] drain|[of] p2a: Raikou
|
|turn|13
|
|move|p1a: Conkeldurr|Mach Punch|p2a: Raikou
|-damage|p2a: Raikou|0 fnt
|faint|p2a: Raikou
|
|
|switch|p2a: Talonflame|Talonflame, M|256\/298
|turn|14
|
|move|p2a: Talonflame|Brave Bird|p1a: Conkeldurr
|-supereffective|p1a: Conkeldurr
|-damage|p1a: Conkeldurr|0 fnt
|-damage|p2a: Talonflame|119\/298|[from] recoil|[of] p1a: Conkeldurr
|faint|p1a: Conkeldurr
|
|
|switch|p1a: Dragonite|Dragonite, F|196\/324
|turn|15
|
|move|p1a: Dragonite|Extreme Speed|p2a: Talonflame
|-damage|p2a: Talonflame|0 fnt
|faint|p2a: Talonflame
|
|
|switch|p2a: Kyurem-Black|Kyurem-Black|313\/391
|-ability|p2a: Kyurem-Black|Teravolt
|turn|16
|
|move|p1a: Dragonite|Extreme Speed|p2a: Kyurem-Black
|-damage|p2a: Kyurem-Black|153\/391
|move|p2a: Kyurem-Black|Ice Beam|p1a: Dragonite
|-supereffective|p1a: Dragonite
|-damage|p1a: Dragonite|0 fnt
|-damage|p2a: Kyurem-Black|114\/391|[from] item: Life Orb
|faint|p1a: Dragonite
|
|win|berger63
|raw|Ladder updating...
|raw|Ladder (probably) updated, but score could not be retrieved (timeout).
|raw|Ladder (probably) updated, but score could not be retrieved (Error: socket hang up).
|leave|Fabio96
|player|p1