|join|MaddnnnEss
|join|Fabio96
|player|p1|MaddnnnEss|244
|player|p2|Fabio96|163
|gametype|singles
|gen|6
|tier|OU
|rated
|clearpoke
|poke|p1|Azumarill, M
|poke|p1|Jellicent, F
|poke|p1|Porygon2
|poke|p1|Chandelure, F
|poke|p1|Aggron, M
|poke|p1|Talonflame, F
|poke|p2|Togekiss, M
|poke|p2|Ferrothorn, M
|poke|p2|Dragonite, M
|poke|p2|Espeon, M
|poke|p2|Vaporeon, M
|poke|p2|Charizard, F
|rule|Swagger Clause: Swagger is banned
|rule|Baton Pass Clause: Limit one PokÃ©mon knowing Baton Pass
|rule|Sleep Clause Mod: Limit one foe put to sleep
|rule|Species Clause: Limit one of each PokÃ©mon
|rule|OHKO Clause: OHKO moves are banned
|rule|Moody Clause: Moody is banned
|rule|Evasion Moves Clause: Evasion moves are banned
|rule|Endless Battle Clause: Forcing endless battles is banned
|rule|HP Percentage Mod: HP is shown in percentages
|teampreview
|
|start
|switch|p1a: Azumarill|Azumarill, M|364\/364
|switch|p2a: Ferrothorn|Ferrothorn, M|352\/352
|turn|1
|
|switch|p1a: Aggron|Aggron, M|344\/344
|move|p2a: Ferrothorn|Leech Seed|p1a: Aggron
|-start|p1a: Aggron|move: Leech Seed
|
|-damage|p1a: Aggron|301\/344|[from] Leech Seed|[of] p2a: Ferrothorn
|turn|2
|
|switch|p1a: Porygon2|Porygon2|374\/374
|-ability|p1a: Porygon2|Iron Barbs|[from] ability: Trace|[of] p2a: Ferrothorn
|move|p2a: Ferrothorn|Protect|p2a: Ferrothorn
|-fail|p2a: Ferrothorn
|
|turn|3
|
|switch|p1a: Talonflame|Talonflame, F|298\/298
|move|p2a: Ferrothorn|Stealth Rock|p1a: Talonflame
|-sidestart|p1: MaddnnnEss|move: Stealth Rock
|
|turn|4
|
|move|p2a: Ferrothorn|Protect|p2a: Ferrothorn
|-singleturn|p2a: Ferrothorn|Protect
|move|p1a: Talonflame|Flare Blitz|p2a: Ferrothorn
|-activate|p2a: Ferrothorn|Protect
|
|turn|5
|
|switch|p2a: Vaporeon|Vaporeon, M|464\/464
|move|p1a: Talonflame|U-turn|p2a: Vaporeon
|-damage|p2a: Vaporeon|407\/464
|
|switch|p1a: Jellicent|Jellicent, F|404\/404
|-damage|p1a: Jellicent|354\/404|[from] Stealth Rock
|
|-heal|p1a: Jellicent|379\/404|[from] item: Leftovers
|-heal|p2a: Vaporeon|436\/464|[from] item: Leftovers
|turn|6
|
|move|p1a: Jellicent|Will-O-Wisp|p2a: Vaporeon
|-status|p2a: Vaporeon|brn
|move|p2a: Vaporeon|Yawn|p1a: Jellicent
|-start|p1a: Jellicent|move: Yawn|[of] p2a: Vaporeon
|
|-heal|p1a: Jellicent|404\/404|[from] item: Leftovers
|-heal|p2a: Vaporeon|464\/464 brn|[from] item: Leftovers
|-damage|p2a: Vaporeon|406\/464 brn|[from] brn
|turn|7
|
|switch|p1a: Aggron|Aggron, M|301\/344
|-damage|p1a: Aggron|280\/344|[from] Stealth Rock
|move|p2a: Vaporeon|Scald|p1a: Aggron
|-supereffective|p1a: Aggron
|-damage|p1a: Aggron|46\/344
|
|-heal|p2a: Vaporeon|435\/464 brn|[from] item: Leftovers
|-damage|p2a: Vaporeon|377\/464 brn|[from] brn
|turn|8
|
|detailschange|p1a: Aggron|Aggron-Mega, M
|message|Aggron has Mega Evolved into Mega Aggron!
|move|p2a: Vaporeon|Yawn|p1a: Aggron
|-start|p1a: Aggron|move: Yawn|[of] p2a: Vaporeon
|move|p1a: Aggron|Rest|p1a: Aggron
|-status|p1a: Aggron|slp
|-heal|p1a: Aggron|344\/344 slp|[silent]
|-status|p1a: Aggron|slp|[from] move: Rest
|
|-heal|p2a: Vaporeon|406\/464 brn|[from] item: Leftovers
|-damage|p2a: Vaporeon|348\/464 brn|[from] brn
|turn|9
|
|switch|p2a: Charizard|Charizard, F|298\/298
|cant|p1a: Aggron|slp
|move|p1a: Aggron|Sleep Talk|p1a: Aggron
|move|p1a: Aggron|Iron Head|p2a: Charizard|[from]Sleep Talk
|-resisted|p2a: Charizard
|-damage|p2a: Charizard|221\/298
|
|turn|10
|
|switch|p1a: Chandelure|Chandelure, F|262\/262
|-damage|p1a: Chandelure|197\/262|[from] Stealth Rock
|detailschange|p2a: Charizard|Charizard-Mega-X, F
|message|Charizard has Mega Evolved into Mega Charizard!
|move|p2a: Charizard|Fire Punch|p1a: Chandelure
|-start|p1a: Chandelure|ability: Flash Fire
|
|turn|11
|
|move|p1a: Chandelure|Shadow Ball|p2a: Charizard
|-damage|p2a: Charizard|34\/298
|move|p2a: Charizard|Dragon Claw|p1a: Chandelure
|-crit|p1a: Chandelure
|-damage|p1a: Chandelure|0 fnt
|faint|p1a: Chandelure
|
|
|switch|p1a: Azumarill|Azumarill, M|364\/364
|-damage|p1a: Azumarill|319\/364|[from] Stealth Rock
|turn|12
|
|switch|p2a: Vaporeon|Vaporeon, M|348\/464 brn
|move|p1a: Azumarill|Belly Drum|p1a: Azumarill
|-damage|p1a: Azumarill|137\/364
|-setboost|p1a: Azumarill|atk|6|[from] move: Belly Drum
|-enditem|p1a: Azumarill|Sitrus Berry|[eat]
|-heal|p1a: Azumarill|228\/364|[from] item: Sitrus Berry
|
|-heal|p2a: Vaporeon|377\/464 brn|[from] item: Leftovers
|-damage|p2a: Vaporeon|319\/464 brn|[from] brn
|turn|13
|
|move|p1a: Azumarill|Play Rough|p2a: Vaporeon
|-damage|p2a: Vaporeon|0 fnt
|faint|p2a: Vaporeon
|
|
|switch|p2a: Ferrothorn|Ferrothorn, M|352\/352
|turn|14
|
|move|p1a: Azumarill|Waterfall|p2a: Ferrothorn
|-resisted|p2a: Ferrothorn
|-damage|p2a: Ferrothorn|125\/352
|-damage|p1a: Azumarill|183\/364|[from] ability: Iron Barbs|[of] p2a: Ferrothorn
|move|p2a: Ferrothorn|Leech Seed|p1a: Azumarill
|-start|p1a: Azumarill|move: Leech Seed
|
|-heal|p2a: Ferrothorn|147\/352|[from] item: Leftovers
|-damage|p1a: Azumarill|138\/364|[from] Leech Seed|[of] p2a: Ferrothorn
|-heal|p2a: Ferrothorn|192\/352|[silent]
|turn|15
|
|move|p2a: Ferrothorn|Protect|p2a: Ferrothorn
|-singleturn|p2a: Ferrothorn|Protect
|move|p1a: Azumarill|Waterfall|p2a: Ferrothorn
|-activate|p2a: Ferrothorn|Protect
|
|-heal|p2a: Ferrothorn|214\/352|[from] item: Leftovers
|-damage|p1a: Azumarill|93\/364|[from] Leech Seed|[of] p2a: Ferrothorn
|-heal|p2a: Ferrothorn|259\/352|[silent]
|turn|16
|
|move|p1a: Azumarill|Waterfall|p2a: Ferrothorn
|-resisted|p2a: Ferrothorn
|-damage|p2a: Ferrothorn|34\/352
|-damage|p1a: Azumarill|48\/364|[from] ability: Iron Barbs|[of] p2a: Ferrothorn
|move|p2a: Ferrothorn|Gyro Ball|p1a: Azumarill
|-crit|p1a: Azumarill
|-damage|p1a: Azumarill|0 fnt
|faint|p1a: Azumarill
|
|-heal|p2a: Ferrothorn|56\/352|[from] item: Leftovers
|
|switch|p1a: Talonflame|Talonflame, F|298\/298
|-damage|p1a: Talonflame|149\/298|[from] Stealth Rock
|turn|17
|
|move|p2a: Ferrothorn|Protect|p2a: Ferrothorn
|-singleturn|p2a: Ferrothorn|Protect
|move|p1a: Talonflame|Flare Blitz|p2a: Ferrothorn
|-activate|p2a: Ferrothorn|Protect
|
|-heal|p2a: Ferrothorn|78\/352|[from] item: Leftovers
|turn|18
|
|move|p1a: Talonflame|Flare Blitz|p2a: Ferrothorn
|-supereffective|p2a: Ferrothorn
|-damage|p2a: Ferrothorn|0 fnt
|-damage|p1a: Talonflame|112\/298|[from] ability: Iron Barbs|[of] p2a: Ferrothorn
|-damage|p1a: Talonflame|86\/298|[from] recoil|[of] p2a: Ferrothorn
|-heal|p1a: Talonflame|95\/298|[from] item: Shell Bell|[of] p2a: Ferrothorn
|faint|p2a: Ferrothorn
|
|
|switch|p2a: Dragonite|Dragonite, M|324\/324
|turn|19
|
|move|p2a: Dragonite|Extreme Speed|p1a: Talonflame
|-damage|p1a: Talonflame|0 fnt
|faint|p1a: Talonflame
|
|
|switch|p1a: Porygon2|Porygon2|374\/374
|-damage|p1a: Porygon2|328\/374|[from] Stealth Rock
|-ability|p1a: Porygon2|Multiscale|[from] ability: Trace|[of] p2a: Dragonite
|turn|20
|
|move|p2a: Dragonite|Extreme Speed|p1a: Porygon2
|-damage|p1a: Porygon2|207\/374
|move|p1a: Porygon2|Recover|p1a: Porygon2
|-heal|p1a: Porygon2|374\/374
|
|turn|21
|
|switch|p2a: Togekiss|Togekiss, M|374\/374
|move|p1a: Porygon2|Thunder Wave|p2a: Togekiss
|-status|p2a: Togekiss|par
|
|turn|22
|
|move|p1a: Porygon2|Charge Beam|p2a: Togekiss
|-supereffective|p2a: Togekiss
|-damage|p2a: Togekiss|308\/374 par
|-enditem|p2a: Togekiss|Weakness Policy
|-boost|p2a: Togekiss|atk|2|[from] item: Weakness Policy
|-boost|p2a: Togekiss|spa|2|[from] item: Weakness Policy
|-boost|p1a: Porygon2|spa|1
|move|p2a: Togekiss|Thunder Wave|p1a: Porygon2
|-status|p1a: Porygon2|par
|
|turn|23
|
|move|p2a: Togekiss|Dazzling Gleam|p1a: Porygon2
|-damage|p1a: Porygon2|309\/374 par
|move|p1a: Porygon2|Charge Beam|p2a: Togekiss
|-supereffective|p2a: Togekiss
|-damage|p2a: Togekiss|218\/374 par
|-boost|p1a: Porygon2|spa|1
|
|turn|24
|
|move|p2a: Togekiss|Air Slash|p1a: Porygon2
|-damage|p1a: Porygon2|200\/374 par
|cant|p1a: Porygon2|flinch
|
|turn|25
|
|move|p2a: Togekiss|Air Slash|p1a: Porygon2
|-damage|p1a: Porygon2|94\/374 par
|cant|p1a: Porygon2|par
|
|turn|26
|
|move|p2a: Togekiss|Air Slash|p1a: Porygon2
|-damage|p1a: Porygon2|0 fnt
|faint|p1a: Porygon2
|
|
|switch|p1a: Aggron|Aggron-Mega, M|344\/344 slp
|-damage|p1a: Aggron|323\/344 slp|[from] Stealth Rock
|turn|27
|
|cant|p1a: Aggron|slp
|move|p1a: Aggron|Sleep Talk|p1a: Aggron
|move|p1a: Aggron|Iron Head|p2a: Togekiss|[from]Sleep Talk
|-supereffective|p2a: Togekiss
|-damage|p2a: Togekiss|0 fnt
|faint|p2a: Togekiss
|
|
|switch|p2a: Charizard|Charizard-Mega-X, F|34\/298
|turn|28
|
|move|p2a: Charizard|Fire Punch|p1a: Aggron
|-supereffective|p1a: Aggron
|-damage|p1a: Aggron|188\/344 slp
|-curestatus|p1a: Aggron|slp
|move|p1a: Aggron|Sleep Talk|p1a: Aggron
|-fail|p1a: Aggron
|
|turn|29
|
|move|p2a: Charizard|Fire Punch|p1a: Aggron
|-supereffective|p1a: Aggron
|-damage|p1a: Aggron|56\/344
|move|p1a: Aggron|Rest|p1a: Aggron
|-status|p1a: Aggron|slp
|-heal|p1a: Aggron|344\/344 slp|[silent]
|-status|p1a: Aggron|slp|[from] move: Rest
|
|turn|30
|
|move|p2a: Charizard|Fire Punch|p1a: Aggron
|-supereffective|p1a: Aggron
|-damage|p1a: Aggron|221\/344 slp
|cant|p1a: Aggron|slp
|move|p1a: Aggron|Sleep Talk|p1a: Aggron
|move|p1a: Aggron|Iron Head|p2a: Charizard|[from]Sleep Talk
|-resisted|p2a: Charizard
|-damage|p2a: Charizard|0 fnt
|faint|p2a: Charizard
|
|
|switch|p2a: Dragonite|Dragonite, M|324\/324
|turn|31
|
|move|p2a: Dragonite|Fire Punch|p1a: Aggron
|-supereffective|p1a: Aggron
|-damage|p1a: Aggron|131\/344 slp
|cant|p1a: Aggron|slp
|move|p1a: Aggron|Sleep Talk|p1a: Aggron
|move|p1a: Aggron|Earthquake|p2a: Dragonite|[from]Sleep Talk
|-immune|p2a: Dragonite|[msg]
|
|turn|32
|
|move|p2a: Dragonite|Fire Punch|p1a: Aggron
|-supereffective|p1a: Aggron
|-damage|p1a: Aggron|32\/344 slp
|-curestatus|p1a: Aggron|slp
|move|p1a: Aggron|Rest|p1a: Aggron
|-status|p1a: Aggron|slp
|-heal|p1a: Aggron|344\/344 slp|[silent]
|-status|p1a: Aggron|slp|[from] move: Rest
|
|turn|33
|
|move|p2a: Dragonite|Fire Punch|p1a: Aggron
|-supereffective|p1a: Aggron
|-damage|p1a: Aggron|244\/344 slp
|cant|p1a: Aggron|slp
|move|p1a: Aggron|Sleep Talk|p1a: Aggron
|move|p1a: Aggron|Rest|p1a: Aggron|[from]Sleep Talk
|-fail|p1a: Aggron
|
|turn|34
|
|move|p2a: Dragonite|Fire Punch|p1a: Aggron
|-supereffective|p1a: Aggron
|-damage|p1a: Aggron|151\/344 slp
|cant|p1a: Aggron|slp
|move|p1a: Aggron|Sleep Talk|p1a: Aggron
|move|p1a: Aggron|Rest|p1a: Aggron|[from]Sleep Talk
|-fail|p1a: Aggron
|
|turn|35
|
|move|p2a: Dragonite|Fire Punch|p1a: Aggron
|-supereffective|p1a: Aggron
|-damage|p1a: Aggron|45\/344 slp
|-curestatus|p1a: Aggron|slp
|move|p1a: Aggron|Rest|p1a: Aggron
|-status|p1a: Aggron|slp
|-heal|p1a: Aggron|344\/344 slp|[silent]
|-status|p1a: Aggron|slp|[from] move: Rest
|
|turn|36
|
|move|p2a: Dragonite|Fire Punch|p1a: Aggron
|-supereffective|p1a: Aggron
|-damage|p1a: Aggron|242\/344 slp
|cant|p1a: Aggron|slp
|move|p1a: Aggron|Sleep Talk|p1a: Aggron
|move|p1a: Aggron|Earthquake|p2a: Dragonite|[from]Sleep Talk
|-immune|p2a: Dragonite|[msg]
|
|turn|37
|
|move|p2a: Dragonite|Fire Punch|p1a: Aggron
|-supereffective|p1a: Aggron
|-damage|p1a: Aggron|145\/344 slp
|cant|p1a: Aggron|slp
|move|p1a: Aggron|Sleep Talk|p1a: Aggron
|move|p1a: Aggron|Earthquake|p2a: Dragonite|[from]Sleep Talk
|-immune|p2a: Dragonite|[msg]
|
|turn|38
|
|move|p2a: Dragonite|Fire Punch|p1a: Aggron
|-supereffective|p1a: Aggron
|-damage|p1a: Aggron|46\/344 slp
|-curestatus|p1a: Aggron|slp
|move|p1a: Aggron|Rest|p1a: Aggron
|-status|p1a: Aggron|slp
|-heal|p1a: Aggron|344\/344 slp|[silent]
|-status|p1a: Aggron|slp|[from] move: Rest
|
|turn|39
|
|move|p2a: Dragonite|Fire Punch|p1a: Aggron
|-supereffective|p1a: Aggron
|-damage|p1a: Aggron|238\/344 slp
|cant|p1a: Aggron|slp
|move|p1a: Aggron|Sleep Talk|p1a: Aggron
|move|p1a: Aggron|Iron Head|p2a: Dragonite|[from]Sleep Talk
|-damage|p2a: Dragonite|255\/324
|
|turn|40
|
|move|p2a: Dragonite|Fire Punch|p1a: Aggron
|-supereffective|p1a: Aggron
|-damage|p1a: Aggron|148\/344 slp
|cant|p1a: Aggron|slp
|move|p1a: Aggron|Sleep Talk|p1a: Aggron
|move|p1a: Aggron|Iron Head|p2a: Dragonite|[from]Sleep Talk
|-damage|p2a: Dragonite|135\/324
|
|turn|41
|
|move|p2a: Dragonite|Fire Punch|p1a: Aggron
|-supereffective|p1a: Aggron
|-damage|p1a: Aggron|48\/344 slp
|-curestatus|p1a: Aggron|slp
|move|p1a: Aggron|Rest|p1a: Aggron
|-status|p1a: Aggron|slp
|-heal|p1a: Aggron|344\/344 slp|[silent]
|-status|p1a: Aggron|slp|[from] move: Rest
|
|turn|42
|
|move|p2a: Dragonite|Fire Punch|p1a: Aggron
|-supereffective|p1a: Aggron
|-damage|p1a: Aggron|253\/344 slp
|cant|p1a: Aggron|slp
|move|p1a: Aggron|Sleep Talk|p1a: Aggron
|move|p1a: Aggron|Iron Head|p2a: Dragonite|[from]Sleep Talk
|-damage|p2a: Dragonite|0 fnt
|faint|p2a: Dragonite
|
|
|switch|p2a: Espeon|Espeon, M|334\/334
|turn|43
|
|move|p2a: Espeon|Calm Mind|p2a: Espeon
|-boost|p2a: Espeon|spa|1
|-boost|p2a: Espeon|spd|1
|cant|p1a: Aggron|slp
|move|p1a: Aggron|Sleep Talk|p1a: Aggron
|move|p1a: Aggron|Earthquake|p2a: Espeon|[from]Sleep Talk
|-damage|p2a: Espeon|181\/334
|
|turn|44
|
|move|p2a: Espeon|Hidden Power|p1a: Aggron
|-supereffective|p1a: Aggron
|-damage|p1a: Aggron|121\/344 slp
|-curestatus|p1a: Aggron|slp
|move|p1a: Aggron|Iron Head|p2a: Espeon
|-damage|p2a: Espeon|0 fnt
|faint|p2a: Espeon
|
|win|MaddnnnEss
|raw|Ladder updating...
|raw|MaddnnnEss's rating: 1365 &rarr; <strong>1385<\/strong><br \/>(+20 for winning)
|raw|Fabio96's rating: 1360 &rarr; <strong>1340<\/strong><br \/>(-20 for losing)
|c|âMaddnnnEss|gg
|c|âFabio96|die
|c|âMaddnnnEss|lol
|leave|Fabio96
|player|p2