|join|Cyltro
|join|Fabio96
|player|p1|Cyltro|170
|player|p2|Fabio96|101
|gametype|singles
|gen|6
|tier|OU
|rated
|clearpoke
|poke|p1|Scrafty, F
|poke|p1|Pachirisu, M
|poke|p1|Octillery, M
|poke|p1|Ferrothorn, M
|poke|p1|Sceptile, F
|poke|p1|Excadrill, M
|poke|p2|Zapdos
|poke|p2|Keldeo
|poke|p2|Dragonite, F
|poke|p2|Venusaur, M
|poke|p2|Heatran, M
|poke|p2|Bisharp, M
|rule|Swagger Clause: Swagger is banned
|rule|Baton Pass Clause: Limit one PokÃ©mon knowing Baton Pass
|rule|Sleep Clause Mod: Limit one foe put to sleep
|rule|Species Clause: Limit one of each PokÃ©mon
|rule|OHKO Clause: OHKO moves are banned
|rule|Moody Clause: Moody is banned
|rule|Evasion Moves Clause: Evasion moves are banned
|rule|Endless Battle Clause: Forcing endless battles is banned
|rule|HP Percentage Mod: HP is shown in percentages
|teampreview
|
|start
|switch|p1a: Pachirisu|Pachirisu, M|324\/324
|switch|p2a: Zapdos|Zapdos|384\/384
|-ability|p2a: Zapdos|Pressure
|turn|1
|
|move|p2a: Zapdos|Heat Wave|p1a: Pachirisu
|-miss|p2a: Zapdos|p1a: Pachirisu
|move|p1a: Pachirisu|Substitute|p1a: Pachirisu
|-start|p1a: Pachirisu|Substitute
|-damage|p1a: Pachirisu|243\/324
|
|turn|2
|
|move|p2a: Zapdos|Heat Wave|p1a: Pachirisu
|-end|p1a: Pachirisu|Substitute
|move|p1a: Pachirisu|Light Screen|p1a: Pachirisu
|-sidestart|p1: Cyltro|move: Light Screen
|
|turn|3
|
|switch|p2a: Heatran|Heatran, M|386\/386
|-item|p2a: Heatran|Air Balloon
|move|p1a: Pachirisu|Substitute|p1a: Pachirisu
|-start|p1a: Pachirisu|Substitute
|-damage|p1a: Pachirisu|162\/324
|-enditem|p1a: Pachirisu|Sitrus Berry|[eat]
|-heal|p1a: Pachirisu|243\/324|[from] item: Sitrus Berry
|
|turn|4
|
|move|p1a: Pachirisu|Nuzzle|p2a: Heatran
|-crit|p2a: Heatran
|-damage|p2a: Heatran|367\/386
|-enditem|p2a: Heatran|Air Balloon
|-status|p2a: Heatran|par
|cant|p2a: Heatran|par
|
|turn|5
|
|move|p1a: Pachirisu|Super Fang|p2a: Heatran
|-damage|p2a: Heatran|184\/386 par
|move|p2a: Heatran|Earth Power|p1a: Pachirisu
|-supereffective|p1a: Pachirisu
|-end|p1a: Pachirisu|Substitute
|
|turn|6
|
|move|p1a: Pachirisu|Super Fang|p2a: Heatran
|-damage|p2a: Heatran|92\/386 par
|move|p2a: Heatran|Earth Power|p1a: Pachirisu
|-supereffective|p1a: Pachirisu
|-damage|p1a: Pachirisu|163\/324
|
|-sideend|p1: Cyltro|move: Light Screen
|turn|7
|
|switch|p2a: Zapdos|Zapdos|384\/384
|-ability|p2a: Zapdos|Pressure
|move|p1a: Pachirisu|Light Screen|p1a: Pachirisu
|-sidestart|p1: Cyltro|move: Light Screen
|
|turn|8
|
|switch|p1a: Octillery|Octillery, M|353\/353
|move|p2a: Zapdos|Heat Wave|p1a: Octillery
|-crit|p1a: Octillery
|-resisted|p1a: Octillery
|-damage|p1a: Octillery|268\/353
|
|turn|9
|
|move|p2a: Zapdos|Thunderbolt|p1a: Octillery
|-supereffective|p1a: Octillery
|-damage|p1a: Octillery|111\/353
|move|p1a: Octillery|Ice Beam|p2a: Zapdos
|-supereffective|p2a: Zapdos
|-damage|p2a: Zapdos|76\/384
|-status|p2a: Zapdos|frz
|
|-heal|p2a: Zapdos|100\/384 frz|[from] item: Leftovers
|turn|10
|c|âFabio96|why...
|
|cant|p2a: Zapdos|frz
|move|p1a: Octillery|Ice Beam|p2a: Zapdos
|-supereffective|p2a: Zapdos
|-damage|p2a: Zapdos|0 fnt
|faint|p2a: Zapdos
|
|
|switch|p2a: Venusaur|Venusaur, M|364\/364
|turn|11
|
|detailschange|p2a: Venusaur|Venusaur-Mega, M
|-mega|p2a: Venusaur|Venusaur|Venusaurite
|move|p2a: Venusaur|Giga Drain|p1a: Octillery
|-supereffective|p1a: Octillery
|-damage|p1a: Octillery|0 fnt
|faint|p1a: Octillery
|
|-sideend|p1: Cyltro|move: Light Screen
|
|switch|p1a: Ferrothorn|Ferrothorn, M|352\/352
|turn|12
|
|switch|p2a: Keldeo|Keldeo|323\/323
|move|p1a: Ferrothorn|Stealth Rock|p2a: Keldeo
|-sidestart|p2: Fabio96|move: Stealth Rock
|
|turn|13
|
|move|p1a: Ferrothorn|Protect|p1a: Ferrothorn
|-singleturn|p1a: Ferrothorn|Protect
|move|p2a: Keldeo|Sacred Sword|p1a: Ferrothorn
|-activate|p1a: Ferrothorn|Protect
|
|turn|14
|
|move|p2a: Keldeo|Sacred Sword|p1a: Ferrothorn
|-supereffective|p1a: Ferrothorn
|-damage|p1a: Ferrothorn|266\/352
|-damage|p2a: Keldeo|283\/323|[from] ability: Iron Barbs|[of] p1a: Ferrothorn
|move|p1a: Ferrothorn|Spikes|p2a: Keldeo
|-sidestart|p2: Fabio96|Spikes
|
|-heal|p1a: Ferrothorn|288\/352|[from] item: Leftovers
|turn|15
|
|switch|p2a: Heatran|Heatran, M|92\/386 par
|-damage|p2a: Heatran|44\/386 par|[from] Spikes
|-damage|p2a: Heatran|0 fnt|[from] Stealth Rock
|faint|p2a: Heatran
|move|p1a: Ferrothorn|Leech Seed|p2: Heatran|[notarget]
|-notarget
|
|-heal|p1a: Ferrothorn|310\/352|[from] item: Leftovers
|
|switch|p2a: Bisharp|Bisharp, M|272\/272
|-damage|p2a: Bisharp|255\/272|[from] Stealth Rock
|-damage|p2a: Bisharp|221\/272|[from] Spikes
|turn|16
|
|move|p2a: Bisharp|Swords Dance|p2a: Bisharp
|-boost|p2a: Bisharp|atk|2
|move|p1a: Ferrothorn|Spikes|p2a: Bisharp
|-sidestart|p2: Fabio96|Spikes
|
|-heal|p1a: Ferrothorn|332\/352|[from] item: Leftovers
|turn|17
|
|move|p2a: Bisharp|Swords Dance|p2a: Bisharp
|-boost|p2a: Bisharp|atk|2
|move|p1a: Ferrothorn|Spikes|p2a: Bisharp
|-sidestart|p2: Fabio96|Spikes
|
|-heal|p1a: Ferrothorn|352\/352|[from] item: Leftovers
|turn|18
|
|move|p2a: Bisharp|Knock Off|p1a: Ferrothorn
|-damage|p1a: Ferrothorn|48\/352
|-damage|p2a: Bisharp|187\/272|[from] ability: Iron Barbs|[of] p1a: Ferrothorn
|-enditem|p1a: Ferrothorn|Leftovers|[from] move: Knock Off|[of] p2a: Bisharp
|move|p1a: Ferrothorn|Leech Seed|p2a: Bisharp
|-start|p2a: Bisharp|move: Leech Seed
|
|-damage|p2a: Bisharp|153\/272|[from] Leech Seed|[of] p1a: Ferrothorn
|-heal|p1a: Ferrothorn|82\/352|[silent]
|turn|19
|
|move|p2a: Bisharp|Knock Off|p1a: Ferrothorn
|-damage|p1a: Ferrothorn|0 fnt
|-damage|p2a: Bisharp|119\/272|[from] ability: Iron Barbs|[of] p1a: Ferrothorn
|faint|p1a: Ferrothorn
|
|
|switch|p1a: Scrafty|Scrafty, F|334\/334
|turn|20
|
|move|p2a: Bisharp|Knock Off|p1a: Scrafty
|-resisted|p1a: Scrafty
|-damage|p1a: Scrafty|222\/334
|-enditem|p1a: Scrafty|Leftovers|[from] move: Knock Off|[of] p2a: Bisharp
|move|p1a: Scrafty|Drain Punch|p2a: Bisharp
|-supereffective|p2a: Bisharp
|-damage|p2a: Bisharp|0 fnt
|-heal|p1a: Scrafty|282\/334|[from] drain|[of] p2a: Bisharp
|faint|p2a: Bisharp
|-boost|p1a: Scrafty|atk|1|[from] ability: Moxie
|
|
|switch|p2a: Keldeo|Keldeo|283\/323
|-damage|p2a: Keldeo|263\/323|[from] Stealth Rock
|-damage|p2a: Keldeo|183\/323|[from] Spikes
|turn|21
|
|move|p2a: Keldeo|Sacred Sword|p1a: Scrafty
|-supereffective|p1a: Scrafty
|-damage|p1a: Scrafty|156\/334
|move|p1a: Scrafty|Drain Punch|p2a: Keldeo
|-damage|p2a: Keldeo|0 fnt
|-heal|p1a: Scrafty|248\/334|[from] drain|[of] p2a: Keldeo
|faint|p2a: Keldeo
|-boost|p1a: Scrafty|atk|1|[from] ability: Moxie
|
|
|switch|p2a: Venusaur|Venusaur-Mega, M|364\/364
|-damage|p2a: Venusaur|319\/364|[from] Stealth Rock
|-damage|p2a: Venusaur|228\/364|[from] Spikes
|turn|22
|c|âFabio96|sacret sword only 38?
|
|move|p2a: Venusaur|Giga Drain|p1a: Scrafty
|-damage|p1a: Scrafty|158\/334
|-heal|p2a: Venusaur|273\/364|[from] drain|[of] p1a: Scrafty
|move|p1a: Scrafty|Crunch|p2a: Venusaur
|-damage|p2a: Venusaur|128\/364
|-unboost|p2a: Venusaur|def|1
|
|turn|23
|c|âCyltro|not inglis
|
|move|p2a: Venusaur|Giga Drain|p1a: Scrafty
|-damage|p1a: Scrafty|67\/334
|-heal|p2a: Venusaur|174\/364|[from] drain|[of] p1a: Scrafty
|move|p1a: Scrafty|Crunch|p2a: Venusaur
|-damage|p2a: Venusaur|0 fnt
|faint|p2a: Venusaur
|-boost|p1a: Scrafty|atk|1|[from] ability: Moxie
|
|
|switch|p2a: Dragonite|Dragonite, F|324\/324
|-damage|p2a: Dragonite|243\/324|[from] Stealth Rock
|turn|24
|-message|Fabio96 forfeited.
|leave|Fabio96
|
|win|Cyltro
|raw|Ladder updating...
|player|p2
|raw|Cyltro's rating: 1343 &rarr; <strong>1364<\/strong><br \/>(+21 for winning)
|raw|Fabio96's rating: 1371 &rarr; <strong>1349<\/strong><br \/>(-22 for losing)