|join|pkmncharizard
|join|Fabio96
|player|p1|pkmncharizard|163
|player|p2|Fabio96|1
|gametype|singles
|gen|6
|tier|OU
|rated
|clearpoke
|poke|p1|Swampert, M
|poke|p1|Sceptile, M
|poke|p1|Landorus-Therian, M
|poke|p1|Manectric, M
|poke|p1|Excadrill, M
|poke|p1|Talonflame, F
|poke|p2|Mawile, M
|poke|p2|Gliscor, M
|poke|p2|Arcanine, F
|poke|p2|Garchomp, M
|poke|p2|Umbreon, M
|poke|p2|Breloom, F
|rule|Baton Pass Clause: Limit 3 pokemon knowing Baton Pass
|rule|Sleep Clause Mod: Limit one foe put to sleep
|rule|Species Clause: Limit one of each Pokemon
|rule|OHKO Clause: OHKO moves are banned
|rule|Moody Clause: Moody is banned
|rule|Swagger Clause: Swagger is banned
|rule|Evasion Moves Clause: Evasion moves are banned
|rule|Endless Battle Clause: Forcing endless battles is banned
|rule|HP Percentage Mod: HP is reported as percentages
|teampreview
|
|start
|switch|p1a: Talonflame|Talonflame, F|298\/298
|switch|p2a: Gliscor|Gliscor, M|292\/292
|turn|1
|
|switch|p1a: Swampert|Swampert, M|342\/342
|move|p2a: Gliscor|Toxic|p1a: Swampert
|-status|p1a: Swampert|tox
|
|-damage|p1a: Swampert|321\/342 tox|[from] psn
|-status|p2a: Gliscor|tox|[from] item: Toxic Orb
|turn|2
|
|move|p2a: Gliscor|Protect|p2a: Gliscor
|-singleturn|p2a: Gliscor|Protect
|move|p1a: Swampert|Earthquake|p2a: Gliscor
|-immune|p2a: Gliscor|[msg]
|
|-heal|p1a: Swampert|342\/342 tox|[from] item: Leftovers
|-damage|p1a: Swampert|300\/342 tox|[from] psn
|turn|3
|
|switch|p2a: Umbreon|Umbreon, M|332\/332
|move|p1a: Swampert|Ice Punch|p2a: Umbreon
|-damage|p2a: Umbreon|274\/332
|
|-heal|p1a: Swampert|321\/342 tox|[from] item: Leftovers
|-heal|p2a: Umbreon|294\/332|[from] item: Leftovers
|-damage|p1a: Swampert|258\/342 tox|[from] psn
|turn|4
|
|switch|p1a: Landorus-Therian|Landorus-Therian, M|320\/320
|-ability|p1a: Landorus-Therian|Intimidate|[of] p2a: Umbreon
|-unboost|p2a: Umbreon|atk|1
|move|p2a: Umbreon|Foul Play|p1a: Landorus-Therian
|-damage|p1a: Landorus-Therian|152\/320
|
|-heal|p1a: Landorus-Therian|172\/320|[from] item: Leftovers
|-heal|p2a: Umbreon|314\/332|[from] item: Leftovers
|turn|5
|
|move|p1a: Landorus-Therian|Stealth Rock|p2a: Umbreon
|-sidestart|p2: Fabio96|move: Stealth Rock
|move|p2a: Umbreon|Yawn|p1a: Landorus-Therian
|-start|p1a: Landorus-Therian|move: Yawn|[of] p2a: Umbreon
|
|-heal|p1a: Landorus-Therian|192\/320|[from] item: Leftovers
|-heal|p2a: Umbreon|332\/332|[from] item: Leftovers
|turn|6
|
|move|p1a: Landorus-Therian|U-turn|p2a: Umbreon
|-supereffective|p2a: Umbreon
|-damage|p2a: Umbreon|220\/332
|
|switch|p1a: Sceptile|Sceptile, M|282\/282
|move|p2a: Umbreon|Foul Play|p1a: Sceptile
|-damage|p1a: Sceptile|161\/282
|
|-heal|p2a: Umbreon|240\/332|[from] item: Leftovers
|turn|7
|
|move|p1a: Sceptile|Giga Drain|p2a: Umbreon
|-damage|p2a: Umbreon|135\/332
|-heal|p1a: Sceptile|214\/282|[from] drain|[of] p2a: Umbreon
|-damage|p1a: Sceptile|186\/282|[from] item: Life Orb
|move|p2a: Umbreon|Yawn|p1a: Sceptile
|-start|p1a: Sceptile|move: Yawn|[of] p2a: Umbreon
|
|-heal|p2a: Umbreon|155\/332|[from] item: Leftovers
|turn|8
|
|move|p1a: Sceptile|Leaf Storm|p2a: Umbreon
|-damage|p2a: Umbreon|0 fnt
|-unboost|p1a: Sceptile|spa|2
|-damage|p1a: Sceptile|158\/282|[from] item: Life Orb
|faint|p2a: Umbreon
|
|-status|p1a: Sceptile|slp
|
|switch|p2a: Breloom|Breloom, F|261\/261
|-damage|p2a: Breloom|245\/261|[from] Stealth Rock
|turn|9
|
|cant|p1a: Sceptile|slp
|move|p2a: Breloom|Swords Dance|p2a: Breloom
|-boost|p2a: Breloom|atk|2
|
|turn|10
|
|-curestatus|p1a: Sceptile|slp
|move|p1a: Sceptile|Dragon Pulse|p2a: Breloom
|-damage|p2a: Breloom|166\/261
|-damage|p1a: Sceptile|130\/282|[from] item: Life Orb
|move|p2a: Breloom|Swords Dance|p2a: Breloom
|-boost|p2a: Breloom|atk|2
|
|turn|11
|
|move|p2a: Breloom|Mach Punch|p1a: Sceptile
|-damage|p1a: Sceptile|0 fnt
|faint|p1a: Sceptile
|
|
|switch|p1a: Swampert|Swampert, M|258\/342 tox
|turn|12
|
|move|p2a: Breloom|Mach Punch|p1a: Swampert
|-damage|p1a: Swampert|0 fnt
|faint|p1a: Swampert
|
|
|switch|p1a: Talonflame|Talonflame, F|298\/298
|turn|13
|
|switch|p2a: Gliscor|Gliscor, M|292\/292 tox
|-damage|p2a: Gliscor|256\/292 tox|[from] Stealth Rock
|move|p1a: Talonflame|Brave Bird|p2a: Gliscor
|-damage|p2a: Gliscor|135\/292 tox
|-damage|p1a: Talonflame|258\/298|[from] recoil|[of] p2a: Gliscor
|
|-heal|p1a: Talonflame|276\/298|[from] item: Leftovers
|-heal|p2a: Gliscor|171\/292 tox|[from] ability: Poison Heal
|turn|14
|
|move|p2a: Gliscor|Protect|p2a: Gliscor
|-singleturn|p2a: Gliscor|Protect
|move|p1a: Talonflame|Flare Blitz|p2a: Gliscor
|-activate|p2a: Gliscor|Protect
|
|-heal|p1a: Talonflame|294\/298|[from] item: Leftovers
|-heal|p2a: Gliscor|207\/292 tox|[from] ability: Poison Heal
|turn|15
|
|move|p1a: Talonflame|Flare Blitz|p2a: Gliscor
|-damage|p2a: Gliscor|93\/292 tox
|-damage|p1a: Talonflame|256\/298|[from] recoil|[of] p2a: Gliscor
|move|p2a: Gliscor|Toxic|p1a: Talonflame
|-status|p1a: Talonflame|tox
|
|-heal|p1a: Talonflame|274\/298 tox|[from] item: Leftovers
|-damage|p1a: Talonflame|256\/298 tox|[from] psn
|-heal|p2a: Gliscor|129\/292 tox|[from] ability: Poison Heal
|turn|16
|
|move|p2a: Gliscor|Protect|p2a: Gliscor
|-singleturn|p2a: Gliscor|Protect
|move|p1a: Talonflame|Roost|p1a: Talonflame
|-heal|p1a: Talonflame|298\/298 tox
|
|-damage|p1a: Talonflame|262\/298 tox|[from] psn
|-heal|p2a: Gliscor|165\/292 tox|[from] ability: Poison Heal
|turn|17
|
|move|p1a: Talonflame|Brave Bird|p2a: Gliscor
|-damage|p2a: Gliscor|51\/292 tox
|-damage|p1a: Talonflame|224\/298 tox|[from] recoil|[of] p2a: Gliscor
|move|p2a: Gliscor|Substitute|p2a: Gliscor
|-fail|p2a: Gliscor|move: Substitute|[weak]
|
|-heal|p1a: Talonflame|242\/298 tox|[from] item: Leftovers
|-damage|p1a: Talonflame|188\/298 tox|[from] psn
|-heal|p2a: Gliscor|87\/292 tox|[from] ability: Poison Heal
|turn|18
|
|move|p2a: Gliscor|Protect|p2a: Gliscor
|-singleturn|p2a: Gliscor|Protect
|move|p1a: Talonflame|Flare Blitz|p2a: Gliscor
|-activate|p2a: Gliscor|Protect
|
|-heal|p1a: Talonflame|206\/298 tox|[from] item: Leftovers
|-damage|p1a: Talonflame|134\/298 tox|[from] psn
|-heal|p2a: Gliscor|123\/292 tox|[from] ability: Poison Heal
|turn|19
|
|move|p1a: Talonflame|Flare Blitz|p2a: Gliscor
|-damage|p2a: Gliscor|14\/292 tox
|-damage|p1a: Talonflame|98\/298 tox|[from] recoil|[of] p2a: Gliscor
|move|p2a: Gliscor|Toxic|p1a: Talonflame|[miss]
|-miss|p2a: Gliscor|p1a: Talonflame
|
|-heal|p1a: Talonflame|116\/298 tox|[from] item: Leftovers
|-damage|p1a: Talonflame|26\/298 tox|[from] psn
|-heal|p2a: Gliscor|50\/292 tox|[from] ability: Poison Heal
|turn|20
|
|move|p2a: Gliscor|Protect|p2a: Gliscor
|-singleturn|p2a: Gliscor|Protect
|move|p1a: Talonflame|Roost|p1a: Talonflame
|-heal|p1a: Talonflame|175\/298 tox
|
|-heal|p1a: Talonflame|193\/298 tox|[from] item: Leftovers
|-damage|p1a: Talonflame|85\/298 tox|[from] psn
|-heal|p2a: Gliscor|86\/292 tox|[from] ability: Poison Heal
|turn|21
|
|switch|p2a: Arcanine|Arcanine, F|322\/322
|-damage|p2a: Arcanine|242\/322|[from] Stealth Rock
|-ability|p2a: Arcanine|Intimidate|[of] p1a: Talonflame
|-unboost|p1a: Talonflame|atk|1
|move|p1a: Talonflame|Flare Blitz|p2a: Arcanine
|-resisted|p2a: Arcanine
|-damage|p2a: Arcanine|169\/322
|-damage|p1a: Talonflame|61\/298 tox|[from] recoil|[of] p2a: Arcanine
|
|-heal|p1a: Talonflame|79\/298 tox|[from] item: Leftovers
|-damage|p1a: Talonflame|0 fnt|[from] psn
|faint|p1a: Talonflame
|
|switch|p1a: Manectric|Manectric, M|282\/282
|turn|22
|
|detailschange|p1a: Manectric|Manectric-Mega, M
|message|Manectric has Mega Evolved into Mega Manectric!
|-ability|p1a: Manectric|Intimidate|[of] p2a: Arcanine
|-unboost|p2a: Arcanine|atk|1
|move|p2a: Arcanine|Extreme Speed|p1a: Manectric
|-crit|p1a: Manectric
|-damage|p1a: Manectric|61\/282
|-damage|p2a: Arcanine|137\/322|[from] item: Life Orb
|move|p1a: Manectric|Thunderbolt|p2a: Arcanine
|-crit|p2a: Arcanine
|-damage|p2a: Arcanine|0 fnt
|faint|p2a: Arcanine
|
|
|switch|p2a: Breloom|Breloom, F|166\/261
|-damage|p2a: Breloom|150\/261|[from] Stealth Rock
|turn|23
|
|switch|p1a: Landorus-Therian|Landorus-Therian, M|192\/320
|-ability|p1a: Landorus-Therian|Intimidate|[of] p2a: Breloom
|-unboost|p2a: Breloom|atk|1
|move|p2a: Breloom|Mach Punch|p1a: Landorus-Therian
|-resisted|p1a: Landorus-Therian
|-damage|p1a: Landorus-Therian|150\/320
|
|-heal|p1a: Landorus-Therian|170\/320|[from] item: Leftovers
|turn|24
|
|move|p1a: Landorus-Therian|Knock Off|p2a: Breloom
|-resisted|p2a: Breloom
|-damage|p2a: Breloom|90\/261
|-enditem|p2a: Breloom|Focus Sash|[from] move: Knock Off|[of] p1a: Landorus-Therian
|move|p2a: Breloom|Spore|p1a: Landorus-Therian
|-status|p1a: Landorus-Therian|slp
|
|-heal|p1a: Landorus-Therian|190\/320 slp|[from] item: Leftovers
|turn|25
|
|cant|p1a: Landorus-Therian|slp
|move|p2a: Breloom|Swords Dance|p2a: Breloom
|-boost|p2a: Breloom|atk|2
|
|-heal|p1a: Landorus-Therian|210\/320 slp|[from] item: Leftovers
|turn|26
|
|-curestatus|p1a: Landorus-Therian|slp
|move|p1a: Landorus-Therian|U-turn|p2a: Breloom
|-damage|p2a: Breloom|1\/261
|
|switch|p1a: Excadrill|Excadrill, M|362\/362
|-item|p1a: Excadrill|Air Balloon
|move|p2a: Breloom|Swords Dance|p2a: Breloom
|-boost|p2a: Breloom|atk|2
|
|turn|27
|
|move|p2a: Breloom|Mach Punch|p1a: Excadrill
|-supereffective|p1a: Excadrill
|-damage|p1a: Excadrill|0 fnt
|-enditem|p1a: Excadrill|Air Balloon
|faint|p1a: Excadrill
|
|
|switch|p1a: Landorus-Therian|Landorus-Therian, M|210\/320
|-ability|p1a: Landorus-Therian|Intimidate|[of] p2a: Breloom
|-unboost|p2a: Breloom|atk|1
|turn|28
|
|move|p2a: Breloom|Mach Punch|p1a: Landorus-Therian
|-resisted|p1a: Landorus-Therian
|-damage|p1a: Landorus-Therian|91\/320
|move|p1a: Landorus-Therian|Earthquake|p2a: Breloom
|-resisted|p2a: Breloom
|-damage|p2a: Breloom|0 fnt
|faint|p2a: Breloom
|
|-heal|p1a: Landorus-Therian|111\/320|[from] item: Leftovers
|
|switch|p2a: Gliscor|Gliscor, M|86\/292 tox
|-damage|p2a: Gliscor|50\/292 tox|[from] Stealth Rock
|turn|29
|
|move|p2a: Gliscor|Protect|p2a: Gliscor
|-singleturn|p2a: Gliscor|Protect
|move|p1a: Landorus-Therian|Knock Off|p2a: Gliscor
|-activate|p2a: Gliscor|Protect
|
|-heal|p1a: Landorus-Therian|131\/320|[from] item: Leftovers
|-heal|p2a: Gliscor|86\/292 tox|[from] ability: Poison Heal
|turn|30
|
|move|p1a: Landorus-Therian|Knock Off|p2a: Gliscor
|-damage|p2a: Gliscor|14\/292 tox
|-enditem|p2a: Gliscor|Toxic Orb|[from] move: Knock Off|[of] p1a: Landorus-Therian
|move|p2a: Gliscor|Toxic|p1a: Landorus-Therian
|-status|p1a: Landorus-Therian|tox
|
|-heal|p1a: Landorus-Therian|151\/320 tox|[from] item: Leftovers
|-damage|p1a: Landorus-Therian|131\/320 tox|[from] psn
|-heal|p2a: Gliscor|50\/292 tox|[from] ability: Poison Heal
|turn|31
|
|switch|p1a: Manectric|Manectric-Mega, M|61\/282
|-ability|p1a: Manectric|Intimidate|[of] p2a: Gliscor
|-unboost|p2a: Gliscor|atk|1
|move|p2a: Gliscor|Protect|p2a: Gliscor
|-fail|p2a: Gliscor
|
|-heal|p2a: Gliscor|86\/292 tox|[from] ability: Poison Heal
|turn|32
|
|move|p2a: Gliscor|Protect|p2a: Gliscor
|-singleturn|p2a: Gliscor|Protect
|move|p1a: Manectric|Hidden Power|p2a: Gliscor
|-activate|p2a: Gliscor|Protect
|
|-heal|p2a: Gliscor|122\/292 tox|[from] ability: Poison Heal
|turn|33
|
|switch|p2a: Mawile|Mawile, M|242\/242
|-damage|p2a: Mawile|227\/242|[from] Stealth Rock
|-ability|p2a: Mawile|Intimidate|[of] p1a: Manectric
|-unboost|p1a: Manectric|atk|1
|move|p1a: Manectric|Flamethrower|p2a: Mawile
|-supereffective|p2a: Mawile
|-damage|p2a: Mawile|0 fnt
|faint|p2a: Mawile
|
|
|switch|p2a: Gliscor|Gliscor, M|122\/292 tox
|-damage|p2a: Gliscor|86\/292 tox|[from] Stealth Rock
|turn|34
|
|move|p2a: Gliscor|Protect|p2a: Gliscor
|-singleturn|p2a: Gliscor|Protect
|move|p1a: Manectric|Hidden Power|p2a: Gliscor
|-activate|p2a: Gliscor|Protect
|
|-heal|p2a: Gliscor|122\/292 tox|[from] ability: Poison Heal
|turn|35
|
|move|p1a: Manectric|Hidden Power|p2a: Gliscor
|-supereffective|p2a: Gliscor
|-damage|p2a: Gliscor|0 fnt
|faint|p2a: Gliscor
|
|
|switch|p2a: Garchomp|Garchomp, M|357\/357
|-damage|p2a: Garchomp|335\/357|[from] Stealth Rock
|turn|36
|
|switch|p1a: Landorus-Therian|Landorus-Therian, M|131\/320 tox
|-ability|p1a: Landorus-Therian|Intimidate|[of] p2a: Garchomp
|-unboost|p2a: Garchomp|atk|1
|move|p2a: Garchomp|Earthquake|p1a: Landorus-Therian
|-immune|p1a: Landorus-Therian|[msg]
|
|-heal|p2a: Garchomp|357\/357|[from] item: Leftovers
|-heal|p1a: Landorus-Therian|151\/320 tox|[from] item: Leftovers
|-damage|p1a: Landorus-Therian|131\/320 tox|[from] psn
|turn|37
|
|move|p2a: Garchomp|Dragon Claw|p1a: Landorus-Therian
|-damage|p1a: Landorus-Therian|32\/320 tox
|move|p1a: Landorus-Therian|Knock Off|p2a: Garchomp
|-damage|p2a: Garchomp|241\/357
|-damage|p1a: Landorus-Therian|0 fnt|[from] ability: Rough Skin|[of] p2a: Garchomp
|faint|p1a: Landorus-Therian
|
|-heal|p2a: Garchomp|263\/357|[from] item: Leftovers
|
|switch|p1a: Manectric|Manectric-Mega, M|61\/282
|-ability|p1a: Manectric|Intimidate|[of] p2a: Garchomp
|-unboost|p2a: Garchomp|atk|1
|turn|38
|
|move|p1a: Manectric|Hidden Power|p2a: Garchomp
|-crit|p2a: Garchomp
|-supereffective|p2a: Garchomp
|-damage|p2a: Garchomp|0 fnt
|faint|p2a: Garchomp
|
|win|pkmncharizard
|raw|Ladder updating...
|raw|pkmncharizard's rating: 1338 &rarr; <strong>1357<\/strong><br \/>(+19 for winning)
|raw|Fabio96's rating: 1325 &rarr; <strong>1306<\/strong><br \/>(-19 for losing)
|leave|Fabio96
|player|p2