|join|Fabio96
|join|swag car
|player|p1|Fabio96|1
|player|p2|swag car|244
|gametype|singles
|gen|6
|tier|OU
|rated
|clearpoke
|poke|p1|Dragonite, F
|poke|p1|Togekiss, M
|poke|p1|Umbreon, F
|poke|p1|Ferrothorn, M
|poke|p1|Blastoise, F
|poke|p1|Aegislash, F
|poke|p2|Pelipper, M
|poke|p2|Drifblim, F
|poke|p2|Ludicolo, M
|poke|p2|Chansey, F
|poke|p2|Zoroark, F
|poke|p2|Krookodile, F
|rule|Sleep Clause Mod: Limit one foe put to sleep
|rule|Species Clause: Limit one of each Pokemon
|rule|OHKO Clause: OHKO moves are banned
|rule|Moody Clause: Moody is banned
|rule|Evasion Moves Clause: Evasion moves are banned
|rule|Endless Battle Clause: Forcing endless battles is banned.
|rule|HP Percentage Mod: HP is reported as percentages
|teampreview
|join|blehmeh
|join|newlurker
|join|yamb
|chat|yamb|never fast
|join|Vaxter
|join|CircaIsBad
|join|L-lotad
|
|start
|switch|p1a: Ferrothorn|Ferrothorn, M|290\/290
|switch|p2a: NotATree|Pelipper, M|324\/324
|turn|1
|join|Bigger Gorilla
|join|MrWhite
|chat|Bigger Gorilla|HEY
|join|Zeatgheist
|chat|Bigger Gorilla|THAT REALLY ISNT A TREE
|join|ledamn
|chat|MrWhite|aw shiyet fabio
|chat|Bigger Gorilla|AMAZING
|chat|MrWhite|are you 17
|
|switch|p2a: kRUSEodile|Krookodile, F|261\/261
|move|p1a: Ferrothorn|Leech Seed|p2a: kRUSEodile
|-start|p2a: kRUSEodile|move: Leech Seed
|
|-damage|p2a: kRUSEodile|229\/261|[from] Leech Seed|[of] p1a: Ferrothorn
|turn|2
|join|Zubat Horde
|join|TwelveToneRow
|join|Cepos
|chat|Zeatgheist|gatr
|chat|L-lotad|g8r
|chat|yamb|>1992 was 35 years ago
|
|move|p2a: kRUSEodile|Nasty Plot|p2a: kRUSEodile
|-boost|p2a: kRUSEodile|spa|2
|move|p1a: Ferrothorn|Stealth Rock|p2a: kRUSEodile
|-sidestart|p2: swag car|move: Stealth Rock
|
|-damage|p2a: kRUSEodile|197\/261|[from] Leech Seed|[of] p1a: Ferrothorn
|turn|3
|chat|Bigger Gorilla|l8rg8r
|join|RealMotherFucker
|join|lolsidkwhatimdoing
|join|Imoutoâ¥
|chat|Cepos|hue
|chat|Zeatgheist|that g8r is nasty
|
|move|p2a: kRUSEodile|Flamethrower|p1a: Ferrothorn
|-supereffective|p1a: Ferrothorn
|-damage|p1a: Ferrothorn|0 fnt
|faint|p1a: Ferrothorn
|
|join|rudo
|chat|MrWhite|100% legit
|chat|Cepos|hue
|chat|Bigger Gorilla|RUSED
|chat|yamb|g9er is a damn good special attacker
|join|LunaticPanda
|chat|Cepos|crocodiles are kinda like dragons
|chat|Zeatgheist|fire breathing g8r oh shit
|chat|yamb|:^)
|chat|Cepos|i can see why it'd learn flamethrower
|chat|Cepos|it checks out
|chat|Cepos|is legit
|
|switch|p1a: Blastoise|Blastoise, F|300\/300
|turn|4
|chat|MrWhite|sure water will help
|chat|rudo|pls no water
|chat|MrWhite|he is ground after all
|chat|Cepos|muh aura sphere
|chat|yamb|oh shit watch out we're weak to water
|
|switch|p2a: NotATree|Pelipper, M|324\/324
|-damage|p2a: NotATree|243\/324|[from] Stealth Rock
|move|p1a: Blastoise|Aqua Jet|p2a: NotATree
|-resisted|p2a: NotATree
|-damage|p2a: NotATree|228\/324
|
|-heal|p2a: NotATree|248\/324|[from] item: Leftovers
|turn|5
|chat|rudo|kek
|chat|Cepos|>jet
|chat|Zeatgheist|>jet
|chat|Bigger Gorilla|damage
|join|Axithane
|chat|lolsidkwhatimdoing|>not sending in 4x resist
|chat|yamb|>yoyoyoyoyoyoyoyoy
|chat|lolsidkwhatimdoing|cmon chimp
|
|switch|p1a: Umbreon|Umbreon, F|331\/331
|move|p2a: NotATree|Stockpile|p2a: NotATree
|-start|p2a: NotATree|stockpile1
|-boost|p2a: NotATree|def|1
|-boost|p2a: NotATree|spd|1
|
|-heal|p2a: NotATree|268\/324|[from] item: Leftovers
|turn|6
|join|Aminiscent
|chat|MrWhite|just in  case of aura
|chat|MrWhite|he did good
|chat|rudo|>no thunderbolt
|chat|Cepos|agreed
|
|move|p1a: Umbreon|Yawn|p2a: NotATree
|-start|p2a: NotATree|move: Yawn|[of] p1a: Umbreon
|move|p2a: NotATree|Rain Dance|p2a: NotATree
|-weather|RainDance
|
|-weather|RainDance|[upkeep]
|-heal|p2a: NotATree|288\/324|[from] ability: Rain Dish
|-heal|p2a: NotATree|308\/324|[from] item: Leftovers
|turn|7
|join|TITRATION
|join|tfw no pumpkin gf
|
|switch|p2a: Sambo De Amigo|Ludicolo, M|363\/363
|-damage|p2a: Sambo De Amigo|318\/363|[from] Stealth Rock
|move|p1a: Umbreon|Foul Play|p2a: Sambo De Amigo
|-damage|p2a: Sambo De Amigo|251\/363
|
|-weather|RainDance|[upkeep]
|-heal|p2a: Sambo De Amigo|273\/363|[from] ability: Rain Dish
|-heal|p2a: Sambo De Amigo|295\/363|[from] item: Leftovers
|turn|8
|chat|Bigger Gorilla|HOLA
|chat|MrWhite|Ay caramba
|
|move|p2a: Sambo De Amigo|Leech Seed|p1a: Umbreon
|-start|p1a: Umbreon|move: Leech Seed
|move|p1a: Umbreon|Yawn|p2a: Sambo De Amigo
|-start|p2a: Sambo De Amigo|move: Yawn|[of] p1a: Umbreon
|
|-weather|RainDance|[upkeep]
|-heal|p2a: Sambo De Amigo|317\/363|[from] ability: Rain Dish
|-heal|p2a: Sambo De Amigo|339\/363|[from] item: Leftovers
|-damage|p1a: Umbreon|290\/331|[from] Leech Seed|[of] p2a: Sambo De Amigo
|-heal|p2a: Sambo De Amigo|363\/363|[silent]
|turn|9
|chat|rudo|I usually love to use Scald\/Toxic\/Roost\/Protect pelipper, but there are many great sets
|chat|yamb|sleepy doge
|chat|yamb|stop yawning
|chat|lolsidkwhatimdoing|>thinking we care about rocks damage
|chat|yamb|get some sleep if you're yawning so much
|
|switch|p1a: Togekiss|Togekiss, M|312\/312
|move|p2a: Sambo De Amigo|Substitute|p2a: Sambo De Amigo
|-start|p2a: Sambo De Amigo|Substitute
|-damage|p2a: Sambo De Amigo|273\/363
|
|-status|p2a: Sambo De Amigo|slp
|-weather|RainDance|[upkeep]
|-heal|p2a: Sambo De Amigo|295\/363 slp|[from] ability: Rain Dish
|-heal|p2a: Sambo De Amigo|317\/363 slp|[from] item: Leftovers
|turn|10
|chat|Bigger Gorilla|now im yawning
|chat|Zeatgheist|sleeping with toy
|
|move|p1a: Togekiss|Nasty Plot|p1a: Togekiss
|-boost|p1a: Togekiss|spa|2
|cant|p2a: Sambo De Amigo|slp
|
|-weather|none
|-heal|p2a: Sambo De Amigo|339\/363 slp|[from] item: Leftovers
|turn|11
|join|Driftzy
|chat|Bigger Gorilla|uh oh
|join|Lazy Dreamer
|chat|L-lotad|RUH ROH
|
|move|p1a: Togekiss|Air Slash|p2a: Sambo De Amigo|[miss]
|-miss|p1a: Togekiss|p2a: Sambo De Amigo
|cant|p2a: Sambo De Amigo|slp
|
|-heal|p2a: Sambo De Amigo|361\/363 slp|[from] item: Leftovers
|turn|12
|chat|MrWhite|>evading while asleep
|
|move|p1a: Togekiss|Air Slash|p2a: Sambo De Amigo
|-supereffective|p2a: Sambo De Amigo
|-end|p2a: Sambo De Amigo|Substitute
|cant|p2a: Sambo De Amigo|slp
|
|-heal|p2a: Sambo De Amigo|363\/363 slp|[from] item: Leftovers
|turn|13
|chat|Zeatgheist|lel
|chat|yamb|these sleep turns are burning off so fast
|chat|MrWhite|aw fuck
|chat|lolsidkwhatimdoing|thank god blessed dance evading
|
|switch|p2a: I'm gonna bop you|Chansey, F|641\/641
|-damage|p2a: I'm gonna bop you|561\/641|[from] Stealth Rock
|move|p1a: Togekiss|Nasty Plot|p1a: Togekiss
|-boost|p1a: Togekiss|spa|2
|
|turn|14
|chat|Zeatgheist|>bullying
|chat|TwelveToneRow|bop
|chat|yamb|Fabio stop being such a twat
|chat|Bigger Gorilla|time for bopping
|chat|Lazy Dreamer|are you ready for skill?
|chat|Bigger Gorilla|inb4 crit
|
|move|p1a: Togekiss|Dazzling Gleam|p2a: I'm gonna bop you
|-damage|p2a: I'm gonna bop you|327\/641
|move|p2a: I'm gonna bop you|Thunder|p1a: Togekiss
|-crit|p1a: Togekiss
|-supereffective|p1a: Togekiss
|-damage|p1a: Togekiss|144\/312
|-status|p1a: Togekiss|par
|
|-heal|p1a: Togekiss|163\/312 par|[from] item: Leftovers
|turn|15
|chat|lolsidkwhatimdoing|lel time for luck
|chat|lolsidkwhatimdoing|oh wow
|chat|Zubat Horde|HA
|chat|Bigger Gorilla|REKT
|chat|Cepos|FUKEN REKT
|chat|CircaIsBad|bopt
|chat|lolsidkwhatimdoing|crit, para
|
|move|p2a: I'm gonna bop you|Thunder|p1a: Togekiss|[miss]
|-miss|p2a: I'm gonna bop you|p1a: Togekiss
|move|p1a: Togekiss|Air Slash|p2a: I'm gonna bop you
|-damage|p2a: I'm gonna bop you|111\/641
|
|-heal|p1a: Togekiss|182\/312 par|[from] item: Leftovers
|turn|16
|chat|Cepos|truly destroyed
|chat|lolsidkwhatimdoing|it payed off guys
|chat|lolsidkwhatimdoing|fucking payed off
|join|Smoggypedro
|
|move|p2a: I'm gonna bop you|Soft-Boiled|p2a: I'm gonna bop you
|-heal|p2a: I'm gonna bop you|432\/641
|move|p1a: Togekiss|Air Slash|p2a: I'm gonna bop you
|-damage|p2a: I'm gonna bop you|198\/641
|
|-heal|p1a: Togekiss|201\/312 par|[from] item: Leftovers
|turn|17
|
|move|p2a: I'm gonna bop you|Soft-Boiled|p2a: I'm gonna bop you
|-heal|p2a: I'm gonna bop you|519\/641
|move|p1a: Togekiss|Thunder Wave|p2a: I'm gonna bop you
|-status|p2a: I'm gonna bop you|par
|
|-heal|p1a: Togekiss|220\/312 par|[from] item: Leftovers
|turn|18
|chat|lolsidkwhatimdoing|thunder again
|chat|yamb|>using it now
|
|move|p1a: Togekiss|Air Slash|p2a: I'm gonna bop you
|-crit|p2a: I'm gonna bop you
|-damage|p2a: I'm gonna bop you|188\/641 par
|cant|p2a: I'm gonna bop you|flinch
|
|-heal|p1a: Togekiss|239\/312 par|[from] item: Leftovers
|turn|19
|chat|Smoggypedro|what chatroom is everyone in?
|chat|lolsidkwhatimdoing|>using chatrooms
|chat|yamb|what chatroom?
|
|move|p1a: Togekiss|Dazzling Gleam|p2a: I'm gonna bop you
|-damage|p2a: I'm gonna bop you|0 fnt
|faint|p2a: I'm gonna bop you
|
|-heal|p1a: Togekiss|258\/312 par|[from] item: Leftovers
|chat|TwelveToneRow|your mom's :^)
|chat|Cepos|happy place :^)
|chat|L-lotad|we're in #the happy place
|join|Smugplayer
|chat|Zubat Horde| \/join the happy place
|chat|Imoutoâ¥|and roleplaying
|chat|Bigger Gorilla| \/join pokemon erotic roleplaying
|
|switch|p2a: kRUSEodile|Krookodile, F|332\/332
|-damage|p2a: kRUSEodile|312\/332|[from] Stealth Rock
|turn|20
|chat|Imoutoâ¥|we ERP now
|chat|Smugplayer|Onii-chan~ don't hit me with your spit up~
|
|move|p2a: kRUSEodile|Stone Edge|p1a: Togekiss
|-supereffective|p1a: Togekiss
|-damage|p1a: Togekiss|66\/312 par
|cant|p1a: Togekiss|par
|
|-heal|p1a: Togekiss|85\/312 par|[from] item: Leftovers
|turn|21
|chat|yamb| \/join Moonguard
|chat|Imoutoâ¥|\/me licks nii-chan
|chat|lolsidkwhatimdoing|thank you based hax
|chat|Imoutoâ¥|\/me shit cums
|chat|rudo|guess who just got parahaxd?
|chat|Bigger Gorilla|d-dont miss me with h-hydro pump
|
|switch|p1a: Umbreon|Umbreon, F|290\/331
|move|p2a: kRUSEodile|Stone Edge|p1a: Umbreon|[miss]
|-miss|p2a: kRUSEodile|p1a: Umbreon
|
|-heal|p1a: Umbreon|310\/331|[from] item: Leftovers
|turn|22
|chat|Driftzy| \/join Argent Dawn
|chat|TwelveToneRow| \/join debates and discussion
|chat|Zeatgheist|>miss
|chat|CircaIsBad|>stone miss
|
|switch|p2a: NotATree|Pelipper, M|308\/324
|-damage|p2a: NotATree|227\/324|[from] Stealth Rock
|move|p1a: Umbreon|Yawn|p2a: NotATree
|-start|p2a: NotATree|move: Yawn|[of] p1a: Umbreon
|
|-heal|p2a: NotATree|247\/324|[from] item: Leftovers
|-heal|p1a: Umbreon|330\/331|[from] item: Leftovers
|turn|23
|
|move|p2a: NotATree|Rain Dance|p2a: NotATree
|-weather|RainDance
|move|p1a: Umbreon|Wish|p1a: Umbreon
|
|-message|Sleep Clause Mod activated.
|-weather|RainDance|[upkeep]
|-heal|p2a: NotATree|267\/324|[from] ability: Rain Dish
|-heal|p2a: NotATree|287\/324|[from] item: Leftovers
|-heal|p1a: Umbreon|331\/331|[from] item: Leftovers
|turn|24
|chat|Bigger Gorilla| \/join hindi
|chat|rudo|kek
|chat|RealMotherFucker|witch to krook
|leave|Smoggypedro
|chat|CircaIsBad|wow, rude
|chat|Bigger Gorilla|2rude
|chat|Zeatgheist|>bullying this hard
|chat|Bigger Gorilla|kill em champ
|
|switch|p1a: Togekiss|Togekiss, M|85\/312 par
|move|p2a: NotATree|Scald|p1a: Togekiss
|-damage|p1a: Togekiss|0 fnt
|faint|p1a: Togekiss
|
|-weather|RainDance|[upkeep]
|-heal|p2a: NotATree|307\/324|[from] ability: Rain Dish
|-heal|p2a: NotATree|324\/324|[from] item: Leftovers
|chat|Bigger Gorilla|bullies never win!
|chat|lolsidkwhatimdoing|scald stronk
|join|Ortimer
|
|switch|p1a: Dragonite|Dragonite, F|324\/324
|turn|25
|chat|rudo|togeshit got btfo
|join|A w o o o o ~
|
|move|p1a: Dragonite|Dragon Dance|p1a: Dragonite
|-boost|p1a: Dragonite|atk|1
|-boost|p1a: Dragonite|spe|1
|move|p2a: NotATree|Scald|p1a: Dragonite
|-resisted|p1a: Dragonite
|-damage|p1a: Dragonite|293\/324
|
|-weather|RainDance|[upkeep]
|-heal|p1a: Dragonite|313\/324|[from] item: Leftovers
|turn|26
|chat|TITRATION|pray4brn
|join|supergoodralord69
|
|move|p1a: Dragonite|Dragon Dance|p1a: Dragonite
|-boost|p1a: Dragonite|atk|1
|-boost|p1a: Dragonite|spe|1
|move|p2a: NotATree|Scald|p1a: Dragonite
|-resisted|p1a: Dragonite
|-damage|p1a: Dragonite|250\/324
|-status|p1a: Dragonite|brn
|
|-weather|RainDance|[upkeep]
|-heal|p1a: Dragonite|270\/324 brn|[from] item: Leftovers
|-damage|p1a: Dragonite|230\/324 brn|[from] brn
|turn|27
|chat|rudo|yes
|chat|Zeatgheist|there it is
|chat|RealMotherFucker|YEAAAAAAAAAAAAAAAAH
|chat|supergoodralord69|goo dra shuld be femasle onlie X_DDDDDDDDD
|
|move|p1a: Dragonite|Dragon Claw|p2a: NotATree
|-damage|p2a: NotATree|225\/324
|move|p2a: NotATree|Stockpile|p2a: NotATree
|-start|p2a: NotATree|stockpile1
|-boost|p2a: NotATree|def|1
|-boost|p2a: NotATree|spd|1
|
|-weather|none
|-heal|p1a: Dragonite|250\/324 brn|[from] item: Leftovers
|-heal|p2a: NotATree|245\/324|[from] item: Leftovers
|-damage|p1a: Dragonite|210\/324 brn|[from] brn
|turn|28
|chat|Zeatgheist|beeg
|chat|rudo|pelipper best bird
|
|move|p1a: Dragonite|Dragon Claw|p2a: NotATree
|-damage|p2a: NotATree|176\/324
|move|p2a: NotATree|Rain Dance|p2a: NotATree
|-weather|RainDance
|
|-weather|RainDance|[upkeep]
|-heal|p2a: NotATree|196\/324|[from] ability: Rain Dish
|-heal|p1a: Dragonite|230\/324 brn|[from] item: Leftovers
|-heal|p2a: NotATree|216\/324|[from] item: Leftovers
|-damage|p1a: Dragonite|190\/324 brn|[from] brn
|turn|29
|chat|supergoodralord69|pelipper worst tree
|chat|rudo|sadly
|chat|lolsidkwhatimdoing|pelipper better tree than fucking 0
|join|absouljaboytell'em
|chat|Lazy Dreamer|drowsy bird
|chat|rudo|Xerneas?
|chat|lolsidkwhatimdoing|we were that close to getting specs weedle
|chat|supergoodralord69|better tree than fabio96
|chat|lolsidkwhatimdoing|think about that guys
|
|move|p1a: Dragonite|Dragon Claw|p2a: NotATree
|-damage|p2a: NotATree|149\/324
|move|p2a: NotATree|Stockpile|p2a: NotATree
|-start|p2a: NotATree|stockpile2
|-boost|p2a: NotATree|def|1
|-boost|p2a: NotATree|spd|1
|
|-weather|RainDance|[upkeep]
|-heal|p2a: NotATree|169\/324|[from] ability: Rain Dish
|-heal|p1a: Dragonite|210\/324 brn|[from] item: Leftovers
|-heal|p2a: NotATree|189\/324|[from] item: Leftovers
|-damage|p1a: Dragonite|170\/324 brn|[from] brn
|turn|30
|chat|lolsidkwhatimdoing|bird stronk
|chat|supergoodralord69|THE STOCKPILE IS REAL
|
|move|p1a: Dragonite|Dragon Dance|p1a: Dragonite
|-boost|p1a: Dragonite|atk|1
|-boost|p1a: Dragonite|spe|1
|move|p2a: NotATree|Stockpile|p2a: NotATree
|-start|p2a: NotATree|stockpile3
|-boost|p2a: NotATree|def|1
|-boost|p2a: NotATree|spd|1
|
|-weather|RainDance|[upkeep]
|-heal|p2a: NotATree|209\/324|[from] ability: Rain Dish
|-heal|p1a: Dragonite|190\/324 brn|[from] item: Leftovers
|-heal|p2a: NotATree|229\/324|[from] item: Leftovers
|-damage|p1a: Dragonite|150\/324 brn|[from] brn
|turn|31
|chat|lolsidkwhatimdoing|>thinking he can outboost us
|
|move|p1a: Dragonite|Dragon Claw|p2a: NotATree
|-damage|p2a: NotATree|175\/324
|move|p2a: NotATree|Air Slash|p1a: Dragonite
|-damage|p1a: Dragonite|68\/324 brn
|
|-weather|RainDance|[upkeep]
|-heal|p2a: NotATree|195\/324|[from] ability: Rain Dish
|-heal|p1a: Dragonite|88\/324 brn|[from] item: Leftovers
|-heal|p2a: NotATree|215\/324|[from] item: Leftovers
|-damage|p1a: Dragonite|48\/324 brn|[from] brn
|turn|32
|chat|absouljaboytell'em|muh boosts
|leave|MrWhite
|chat|rudo|Pelipper > Dragonite
|chat|Zeatgheist|>still bullying this hard
|
|switch|p1a: Umbreon|Umbreon, F|331\/331
|move|p2a: NotATree|Air Slash|p1a: Umbreon
|-damage|p1a: Umbreon|282\/331
|
|-weather|none
|-heal|p1a: Umbreon|302\/331|[from] item: Leftovers
|-heal|p2a: NotATree|235\/324|[from] item: Leftovers
|turn|33
|chat|rudo|lets try yawn again
|
|move|p1a: Umbreon|Protect|p1a: Umbreon
|-singleturn|p1a: Umbreon|Protect
|move|p2a: NotATree|Rain Dance|p2a: NotATree
|-weather|RainDance
|
|-weather|RainDance|[upkeep]
|-heal|p2a: NotATree|255\/324|[from] ability: Rain Dish
|-heal|p2a: NotATree|275\/324|[from] item: Leftovers
|-heal|p1a: Umbreon|322\/331|[from] item: Leftovers
|turn|34
|chat|supergoodralord69|pelipper>Zeatgheist
|chat|Zeatgheist|Pelipper>supergoodralord69
|
|move|p2a: NotATree|Scald|p1a: Umbreon
|-damage|p1a: Umbreon|247\/331
|-status|p1a: Umbreon|brn
|-status|p2a: NotATree|brn
|move|p1a: Umbreon|Yawn|p2a: NotATree
|-fail|p2a: NotATree
|
|-weather|RainDance|[upkeep]
|-heal|p2a: NotATree|295\/324 brn|[from] ability: Rain Dish
|-heal|p1a: Umbreon|267\/331 brn|[from] item: Leftovers
|-heal|p2a: NotATree|315\/324 brn|[from] item: Leftovers
|-damage|p1a: Umbreon|226\/331 brn|[from] brn
|-damage|p2a: NotATree|275\/324 brn|[from] brn
|turn|35
|chat|lolsidkwhatimdoing|burn stronk
|
|move|p2a: NotATree|Scald|p1a: Umbreon
|-damage|p1a: Umbreon|150\/331 brn
|move|p1a: Umbreon|Wish|p1a: Umbreon
|
|-weather|RainDance|[upkeep]
|-heal|p2a: NotATree|295\/324 brn|[from] ability: Rain Dish
|-heal|p2a: NotATree|315\/324 brn|[from] item: Leftovers
|-heal|p1a: Umbreon|170\/331 brn|[from] item: Leftovers
|-damage|p2a: NotATree|275\/324 brn|[from] brn
|-damage|p1a: Umbreon|129\/331 brn|[from] brn
|turn|36
|chat|Lazy Dreamer|didn't think that one through champ
|chat|rudo|kek
|chat|supergoodralord69|Pelipper>Pelipper
|chat|RealMotherFucker|air slash
|join|ButterCroissant
|
|move|p1a: Umbreon|Protect|p1a: Umbreon
|-singleturn|p1a: Umbreon|Protect
|move|p2a: NotATree|Air Slash|p1a: Umbreon
|-activate|p1a: Umbreon|Protect
|
|-weather|RainDance|[upkeep]
|-heal|p2a: NotATree|295\/324 brn|[from] ability: Rain Dish
|-heal|p1a: Umbreon|294\/331 brn|[from] move: Wish|[wisher] Umbreon
|-heal|p1a: Umbreon|314\/331 brn|[from] item: Leftovers
|-heal|p2a: NotATree|315\/324 brn|[from] item: Leftovers
|-damage|p1a: Umbreon|273\/331 brn|[from] brn
|-damage|p2a: NotATree|275\/324 brn|[from] brn
|turn|37
|chat|lolsidkwhatimdoing|air slash spam
|chat|rudo|>inb4 moonshin
|chat|lolsidkwhatimdoing|based hax will save us
|leave|Zubat Horde
|join|Zubat Horde
|
|switch|p1a: Aegislash|Aegislash, F|262\/262
|move|p2a: NotATree|Air Slash|p1a: Aegislash
|-resisted|p1a: Aegislash
|-damage|p1a: Aegislash|236\/262
|
|-weather|none
|-heal|p2a: NotATree|295\/324 brn|[from] item: Leftovers
|-heal|p1a: Aegislash|252\/262|[from] item: Leftovers
|-damage|p2a: NotATree|255\/324 brn|[from] brn
|turn|38
|chat|supergoodralord69|fabio really has to think about his next move
|chat|ButterCroissant|make it raiin
|
|move|p2a: NotATree|Rain Dance|p2a: NotATree
|-weather|RainDance
|-formechange|p1a: Aegislash|Aegislash-Blade
|move|p1a: Aegislash|Shadow Claw|p2a: NotATree
|-damage|p2a: NotATree|210\/324 brn
|
|-weather|RainDance|[upkeep]
|-heal|p2a: NotATree|230\/324 brn|[from] ability: Rain Dish
|-heal|p2a: NotATree|250\/324 brn|[from] item: Leftovers
|-heal|p1a: Aegislash|262\/262|[from] item: Leftovers
|-damage|p2a: NotATree|210\/324 brn|[from] brn
|turn|39
|chat|ButterCroissant|>supergoodralord69
|chat|lolsidkwhatimdoing|>shadow claw
|chat|ButterCroissant|wow
|
|move|p2a: NotATree|Scald|p1a: Aegislash
|-damage|p1a: Aegislash|57\/262
|move|p1a: Aegislash|Shadow Claw|p2a: NotATree
|-damage|p2a: NotATree|162\/324 brn
|
|-weather|RainDance|[upkeep]
|-heal|p2a: NotATree|182\/324 brn|[from] ability: Rain Dish
|-heal|p2a: NotATree|202\/324 brn|[from] item: Leftovers
|-heal|p1a: Aegislash|73\/262|[from] item: Leftovers
|-damage|p2a: NotATree|162\/324 brn|[from] brn
|turn|40
|chat|Zeatgheist|so stronk
|
|-formechange|p1a: Aegislash|Aegislash
|move|p1a: Aegislash|King's Shield|p1a: Aegislash
|-singleturn|p1a: Aegislash|Protect
|move|p2a: NotATree|Scald|p1a: Aegislash
|-activate|p1a: Aegislash|Protect
|
|-weather|RainDance|[upkeep]
|-heal|p2a: NotATree|182\/324 brn|[from] ability: Rain Dish
|-heal|p2a: NotATree|202\/324 brn|[from] item: Leftovers
|-heal|p1a: Aegislash|89\/262|[from] item: Leftovers
|-damage|p2a: NotATree|162\/324 brn|[from] brn
|turn|41
|chat|supergoodralord69|>buttercroissant
|chat|supergoodralord69|>butter
|
|move|p2a: NotATree|Scald|p1a: Aegislash
|-damage|p1a: Aegislash|0 fnt
|faint|p1a: Aegislash
|
|-weather|RainDance|[upkeep]
|-heal|p2a: NotATree|182\/324 brn|[from] ability: Rain Dish
|-heal|p2a: NotATree|202\/324 brn|[from] item: Leftovers
|-damage|p2a: NotATree|162\/324 brn|[from] brn
|chat|lolsidkwhatimdoing|dat 1% heal each turn
|chat|lolsidkwhatimdoing|stronk
|chat|rudo|Pelipper > Smogon Sword
|
|switch|p1a: Umbreon|Umbreon, F|273\/331 brn
|turn|42
|chat|lolsidkwhatimdoing|wait nvm not even 1% heal
|chat|L-lotad|>Pelipper sweep
|chat|ButterCroissant|would you a buttered goodra
|chat|newlurker|pelipper wins hooray
|
|move|p2a: NotATree|Air Slash|p1a: Umbreon
|-damage|p1a: Umbreon|222\/331 brn
|move|p1a: Umbreon|Foul Play|p2a: NotATree
|-damage|p2a: NotATree|153\/324 brn
|
|-weather|none
|-heal|p1a: Umbreon|242\/331 brn|[from] item: Leftovers
|-heal|p2a: NotATree|173\/324 brn|[from] item: Leftovers
|-damage|p1a: Umbreon|201\/331 brn|[from] brn
|-damage|p2a: NotATree|133\/324 brn|[from] brn
|turn|43
|chat|rudo|"sweep"
|chat|L-lotad|shut up newlurker
|chat|Imoutoâ¥|y
|chat|Imoutoâ¥|y
|chat|TITRATION|kek
|chat|supergoodralord69|only a femasle one
|-message|Fabio96 forfeited.
|
|win|swag car
|raw|Ladder updating...
|leave|Fabio96
|player|p1
|raw|Fabio96's rating: 1153 &rarr; <strong>1128<\/strong><br \/>(-25 for losing)
|raw|swag car's rating: 1151 &rarr; <strong>1176<\/strong><br \/>(+25 for winning)
|chat|ButterCroissant|mad
|chat|Imoutoâ¥|ok
|chat|ButterCroissant|he mad
|chat|rudo|kek
|chat|lolsidkwhatimdoing|still in 1100s
|leave|absouljaboytell'em
|chat|supergoodralord69|sick
|leave|ledamn
|chat|Bigger Gorilla|rekkled
|chat|lolsidkwhatimdoing|god damn
|leave|LunaticPanda
|leave|newlurker
|leave|lolsidkwhatimdoing
|leave|Lazy Dreamer
|leave|blehmeh
|leave|Bigger Gorilla
|leave|Imoutoâ¥
|leave|swag car
|player|p2
|leave|supergoodralord69
|leave|rudo
|leave|Zeatgheist
|leave|A w o o o o ~
|leave|RealMotherFucker
|leave|CircaIsBad
|leave|L-lotad
|leave|TITRATION
|leave|TwelveToneRow
|leave|tfw no pumpkin gf