|join|Lubrini
|join|Fabio96
|player|p1|Lubrini|52
|player|p2|Fabio96|1
|gametype|singles
|gen|6
|tier|OU
|clearpoke
|poke|p1|Shuckle, F, shiny
|poke|p1|Aggron, M
|poke|p1|Venusaur, M
|poke|p1|Greninja, F
|poke|p1|Porygon-Z
|poke|p1|Salamence, F
|poke|p2|Togekiss, M
|poke|p2|Ferrothorn, F
|poke|p2|Dragonite, M
|poke|p2|Espeon, F
|poke|p2|Vaporeon, F
|poke|p2|Charizard, M
|rule|Baton Pass Clause: Limit 3 pokemon knowing Baton Pass
|rule|Sleep Clause Mod: Limit one foe put to sleep
|rule|Species Clause: Limit one of each Pokemon
|rule|OHKO Clause: OHKO moves are banned
|rule|Moody Clause: Moody is banned
|rule|Evasion Moves Clause: Evasion moves are banned
|rule|Endless Battle Clause: Forcing endless battles is banned
|rule|HP Percentage Mod: HP is reported as percentages
|teampreview
|
|start
|switch|p1a: Salamence|Salamence, F|332\/332
|switch|p2a: Vaporeon|Vaporeon, F|464\/464
|turn|1
|
|move|p1a: Salamence|Dragon Claw|p2a: Vaporeon
|-damage|p2a: Vaporeon|295\/464
|move|p2a: Vaporeon|Yawn|p1a: Salamence
|-start|p1a: Salamence|move: Yawn|[of] p2a: Vaporeon
|
|-heal|p2a: Vaporeon|324\/464|[from] item: Leftovers
|turn|2
|
|switch|p1a: Porygon-Z|Porygon-Z|312\/312
|move|p2a: Vaporeon|Yawn|p1a: Porygon-Z
|-start|p1a: Porygon-Z|move: Yawn|[of] p2a: Vaporeon
|
|-heal|p2a: Vaporeon|353\/464|[from] item: Leftovers
|turn|3
|
|move|p1a: Porygon-Z|Thunderbolt|p2a: Vaporeon
|-supereffective|p2a: Vaporeon
|-damage|p2a: Vaporeon|111\/464
|move|p2a: Vaporeon|Scald|p1a: Porygon-Z
|-damage|p1a: Porygon-Z|191\/312
|
|-status|p1a: Porygon-Z|slp
|-heal|p2a: Vaporeon|140\/464|[from] item: Leftovers
|turn|4
|
|cant|p1a: Porygon-Z|slp
|move|p2a: Vaporeon|Wish|p2a: Vaporeon
|
|-heal|p2a: Vaporeon|169\/464|[from] item: Leftovers
|turn|5
|
|cant|p1a: Porygon-Z|slp
|move|p2a: Vaporeon|Scald|p1a: Porygon-Z
|-damage|p1a: Porygon-Z|71\/312 slp
|
|-heal|p2a: Vaporeon|401\/464|[from] move: Wish|[wisher] Vaporeon
|-heal|p2a: Vaporeon|430\/464|[from] item: Leftovers
|turn|6
|
|-curestatus|p1a: Porygon-Z|slp
|move|p1a: Porygon-Z|Thunderbolt|p2a: Vaporeon
|-supereffective|p2a: Vaporeon
|-damage|p2a: Vaporeon|206\/464
|move|p2a: Vaporeon|Scald|p1a: Porygon-Z
|-damage|p1a: Porygon-Z|0 fnt
|faint|p1a: Porygon-Z
|
|-heal|p2a: Vaporeon|235\/464|[from] item: Leftovers
|
|switch|p1a: Venusaur|Venusaur, M|301\/301
|turn|7
|
|move|p2a: Vaporeon|Protect|p2a: Vaporeon
|-singleturn|p2a: Vaporeon|Protect
|move|p1a: Venusaur|Leech Seed|p2a: Vaporeon
|-activate|p2a: Vaporeon|Protect
|
|-heal|p2a: Vaporeon|264\/464|[from] item: Leftovers
|turn|8
|
|switch|p2a: Espeon|Espeon, F|272\/272
|move|p1a: Venusaur|Giga Drain|p2a: Espeon
|-damage|p2a: Espeon|137\/272
|
|turn|9
|
|move|p2a: Espeon|Psychic|p1a: Venusaur
|-crit|p1a: Venusaur
|-supereffective|p1a: Venusaur
|-damage|p1a: Venusaur|0 fnt
|-damage|p2a: Espeon|110\/272|[from] item: Life Orb
|faint|p1a: Venusaur
|
|
|switch|p1a: Aggron|Aggron, M|281\/281
|turn|10
|
|switch|p2a: Ferrothorn|Ferrothorn, F|290\/290
|detailschange|p1a: Aggron|Aggron-Mega, M
|message|Aggron has Mega Evolved into Mega Aggron!
|move|p1a: Aggron|Stone Edge|p2a: Ferrothorn
|-resisted|p2a: Ferrothorn
|-damage|p2a: Ferrothorn|243\/290
|
|-heal|p2a: Ferrothorn|261\/290|[from] item: Leftovers
|turn|11
|
|switch|p1a: Salamence|Salamence, F|332\/332
|move|p2a: Ferrothorn|Leech Seed|p1a: Salamence
|-start|p1a: Salamence|move: Leech Seed
|
|-heal|p2a: Ferrothorn|279\/290|[from] item: Leftovers
|-damage|p1a: Salamence|291\/332|[from] Leech Seed|[of] p2a: Ferrothorn
|-heal|p2a: Ferrothorn|290\/290|[silent]
|turn|12
|
|move|p1a: Salamence|Dragon Dance|p1a: Salamence
|-boost|p1a: Salamence|atk|1
|-boost|p1a: Salamence|spe|1
|move|p2a: Ferrothorn|Gyro Ball|p1a: Salamence
|-damage|p1a: Salamence|98\/332
|
|-heal|p1a: Salamence|118\/332|[from] item: Leftovers
|-damage|p1a: Salamence|77\/332|[from] Leech Seed|[of] p2a: Ferrothorn
|turn|13
|
|move|p2a: Ferrothorn|Protect|p2a: Ferrothorn
|-singleturn|p2a: Ferrothorn|Protect
|move|p1a: Salamence|Fire Fang|p2a: Ferrothorn
|-activate|p2a: Ferrothorn|Protect
|
|-heal|p1a: Salamence|97\/332|[from] item: Leftovers
|-damage|p1a: Salamence|56\/332|[from] Leech Seed|[of] p2a: Ferrothorn
|turn|14
|
|switch|p2a: Vaporeon|Vaporeon, F|264\/464
|move|p1a: Salamence|Fire Fang|p2a: Vaporeon
|-resisted|p2a: Vaporeon
|-damage|p2a: Vaporeon|195\/464
|
|-heal|p1a: Salamence|76\/332|[from] item: Leftovers
|-heal|p2a: Vaporeon|224\/464|[from] item: Leftovers
|-damage|p1a: Salamence|35\/332|[from] Leech Seed|[of] p2a: Vaporeon
|-heal|p2a: Vaporeon|265\/464|[silent]
|turn|15
|
|move|p2a: Vaporeon|Protect|p2a: Vaporeon
|-singleturn|p2a: Vaporeon|Protect
|move|p1a: Salamence|Dragon Claw|p2a: Vaporeon
|-activate|p2a: Vaporeon|Protect
|
|-heal|p1a: Salamence|55\/332|[from] item: Leftovers
|-heal|p2a: Vaporeon|294\/464|[from] item: Leftovers
|-damage|p1a: Salamence|14\/332|[from] Leech Seed|[of] p2a: Vaporeon
|-heal|p2a: Vaporeon|335\/464|[silent]
|turn|16
|
|switch|p2a: Togekiss|Togekiss, M|312\/312
|move|p1a: Salamence|Dragon Claw|p2a: Togekiss
|-immune|p2a: Togekiss|[msg]
|
|-heal|p1a: Salamence|34\/332|[from] item: Leftovers
|-damage|p1a: Salamence|0 fnt|[from] Leech Seed|[of] p2a: Togekiss
|faint|p1a: Salamence
|
|switch|p1a: Aggron|Aggron-Mega, M|281\/281
|turn|17
|
|switch|p2a: Ferrothorn|Ferrothorn, F|290\/290
|move|p1a: Aggron|Heavy Slam|p2a: Ferrothorn
|-resisted|p2a: Ferrothorn
|-damage|p2a: Ferrothorn|239\/290
|-damage|p1a: Aggron|246\/281|[from] ability: Iron Barbs|[of] p2a: Ferrothorn
|
|-heal|p2a: Ferrothorn|257\/290|[from] item: Leftovers
|turn|18
|
|move|p1a: Aggron|Earthquake|p2a: Ferrothorn
|-damage|p2a: Ferrothorn|169\/290
|move|p2a: Ferrothorn|Leech Seed|p1a: Aggron
|-start|p1a: Aggron|move: Leech Seed
|
|-heal|p2a: Ferrothorn|187\/290|[from] item: Leftovers
|-damage|p1a: Aggron|211\/281|[from] Leech Seed|[of] p2a: Ferrothorn
|-heal|p2a: Ferrothorn|222\/290|[silent]
|turn|19
|
|move|p2a: Ferrothorn|Protect|p2a: Ferrothorn
|-singleturn|p2a: Ferrothorn|Protect
|move|p1a: Aggron|Earthquake|p2a: Ferrothorn
|-activate|p2a: Ferrothorn|Protect
|
|-heal|p2a: Ferrothorn|240\/290|[from] item: Leftovers
|-damage|p1a: Aggron|176\/281|[from] Leech Seed|[of] p2a: Ferrothorn
|-heal|p2a: Ferrothorn|275\/290|[silent]
|turn|20
|
|move|p1a: Aggron|Earthquake|p2a: Ferrothorn
|-damage|p2a: Ferrothorn|187\/290
|move|p2a: Ferrothorn|Stealth Rock|p1a: Aggron
|-sidestart|p1: Lubrini|move: Stealth Rock
|
|-heal|p2a: Ferrothorn|205\/290|[from] item: Leftovers
|-damage|p1a: Aggron|141\/281|[from] Leech Seed|[of] p2a: Ferrothorn
|-heal|p2a: Ferrothorn|240\/290|[silent]
|turn|21
|
|move|p2a: Ferrothorn|Protect|p2a: Ferrothorn
|-singleturn|p2a: Ferrothorn|Protect
|move|p1a: Aggron|Earthquake|p2a: Ferrothorn
|-activate|p2a: Ferrothorn|Protect
|
|-heal|p2a: Ferrothorn|258\/290|[from] item: Leftovers
|-damage|p1a: Aggron|106\/281|[from] Leech Seed|[of] p2a: Ferrothorn
|-heal|p2a: Ferrothorn|290\/290|[silent]
|turn|22
|
|move|p1a: Aggron|Heavy Slam|p2a: Ferrothorn
|-resisted|p2a: Ferrothorn
|-damage|p2a: Ferrothorn|240\/290
|-damage|p1a: Aggron|71\/281|[from] ability: Iron Barbs|[of] p2a: Ferrothorn
|move|p2a: Ferrothorn|Gyro Ball|p1a: Aggron
|-resisted|p1a: Aggron
|-damage|p1a: Aggron|52\/281
|
|-heal|p2a: Ferrothorn|258\/290|[from] item: Leftovers
|-damage|p1a: Aggron|17\/281|[from] Leech Seed|[of] p2a: Ferrothorn
|-heal|p2a: Ferrothorn|290\/290|[silent]
|turn|23
|
|move|p2a: Ferrothorn|Protect|p2a: Ferrothorn
|-singleturn|p2a: Ferrothorn|Protect
|move|p1a: Aggron|Earthquake|p2a: Ferrothorn
|-activate|p2a: Ferrothorn|Protect
|
|-damage|p1a: Aggron|0 fnt|[from] Leech Seed|[of] p2a: Ferrothorn
|faint|p1a: Aggron
|
|switch|p1a: Greninja|Greninja, F|286\/286
|-damage|p1a: Greninja|251\/286|[from] Stealth Rock
|turn|24
|
|-start|p1a: Greninja|typechange|Dark|[from] Protean
|move|p1a: Greninja|Dark Pulse|p2a: Ferrothorn
|-damage|p2a: Ferrothorn|202\/290
|move|p2a: Ferrothorn|Gyro Ball|p1a: Greninja
|-damage|p1a: Greninja|38\/286
|
|-heal|p1a: Greninja|55\/286|[from] item: Leftovers
|-heal|p2a: Ferrothorn|220\/290|[from] item: Leftovers
|turn|25
|
|move|p1a: Greninja|Dark Pulse|p2a: Ferrothorn
|-damage|p2a: Ferrothorn|138\/290
|move|p2a: Ferrothorn|Gyro Ball|p1a: Greninja
|-damage|p1a: Greninja|0 fnt
|faint|p1a: Greninja
|
|-heal|p2a: Ferrothorn|156\/290|[from] item: Leftovers
|
|switch|p1a: Shuckle|Shuckle, F, shiny|182\/182
|-damage|p1a: Shuckle|137\/182|[from] Stealth Rock
|turn|26
|
|switch|p2a: Espeon|Espeon, F|110\/272
|move|p1a: Shuckle|Sticky Web|p2a: Espeon
|move|p2a: Espeon|Sticky Web|p1a: Shuckle|[from]Magic Bounce
|-sidestart|p1: Lubrini|move: Sticky Web
|
|-heal|p1a: Shuckle|148\/182|[from] item: Leftovers
|turn|27
|
|move|p2a: Espeon|Psychic|p1a: Shuckle
|-damage|p1a: Shuckle|57\/182
|-damage|p2a: Espeon|83\/272|[from] item: Life Orb
|move|p1a: Shuckle|Rest|p1a: Shuckle
|-status|p1a: Shuckle|slp
|-heal|p1a: Shuckle|182\/182 slp|[silent]
|-status|p1a: Shuckle|slp|[from] move: Rest
|
|turn|28
|
|switch|p2a: Charizard|Charizard, M|298\/298
|cant|p1a: Shuckle|slp
|
|turn|29
|
|detailschange|p2a: Charizard|Charizard-Mega-Y, M
|message|Charizard has Mega Evolved into Mega Charizard!
|-weather|SunnyDay
|move|p2a: Charizard|Ancient Power|p1a: Shuckle
|-supereffective|p1a: Shuckle
|-damage|p1a: Shuckle|112\/182 slp
|cant|p1a: Shuckle|slp
|
|-weather|SunnyDay|[upkeep]
|-heal|p1a: Shuckle|123\/182 slp|[from] item: Leftovers
|turn|30
|
|move|p2a: Charizard|Ancient Power|p1a: Shuckle
|-supereffective|p1a: Shuckle
|-damage|p1a: Shuckle|57\/182 slp
|-curestatus|p1a: Shuckle|slp
|move|p1a: Shuckle|Toxic|p2a: Charizard
|-status|p2a: Charizard|tox
|
|-weather|SunnyDay|[upkeep]
|-heal|p1a: Shuckle|68\/182|[from] item: Leftovers
|-damage|p2a: Charizard|280\/298 tox|[from] psn
|turn|31
|
|move|p2a: Charizard|Ancient Power|p1a: Shuckle
|-supereffective|p1a: Shuckle
|-damage|p1a: Shuckle|0 fnt
|faint|p1a: Shuckle
|
|win|Fabio96
|leave|Lubrini
|player|p1