|join|dunYosparce
|join|Fabio96
|player|p1|dunYosparce|145
|player|p2|Fabio96|101
|gametype|singles
|gen|6
|tier|OU
|rated
|clearpoke
|poke|p1|Gyarados, M, shiny
|poke|p1|Ferrothorn, M
|poke|p1|Tentacruel, F
|poke|p1|Dragonite, M
|poke|p1|Gengar, F
|poke|p1|Sylveon, M
|poke|p2|Conkeldurr, M
|poke|p2|Zapdos
|poke|p2|Dragonite, F
|poke|p2|Heatran, M
|poke|p2|Scizor, M
|poke|p2|Rotom-Wash
|rule|Swagger Clause: Swagger is banned
|rule|Baton Pass Clause: Limit one PokÃ©mon knowing Baton Pass
|rule|Sleep Clause Mod: Limit one foe put to sleep
|rule|Species Clause: Limit one of each PokÃ©mon
|rule|OHKO Clause: OHKO moves are banned
|rule|Moody Clause: Moody is banned
|rule|Evasion Moves Clause: Evasion moves are banned
|rule|Endless Battle Clause: Forcing endless battles is banned
|rule|HP Percentage Mod: HP is shown in percentages
|teampreview
|
|start
|switch|p1a: Tentacruel|Tentacruel, F|357\/357
|switch|p2a: Zapdos|Zapdos|384\/384
|-ability|p2a: Zapdos|Pressure
|turn|1
|
|switch|p1a: Sylveon|Sylveon, M|394\/394
|move|p2a: Zapdos|Thunderbolt|p1a: Sylveon
|-damage|p1a: Sylveon|298\/394
|
|-heal|p1a: Sylveon|322\/394|[from] item: Leftovers
|turn|2
|
|switch|p2a: Dragonite|Dragonite, F|324\/324
|move|p1a: Sylveon|Hyper Voice|p2a: Dragonite
|-supereffective|p2a: Dragonite
|-damage|p2a: Dragonite|173\/324
|
|-heal|p1a: Sylveon|346\/394|[from] item: Leftovers
|turn|3
|
|move|p2a: Dragonite|Iron Head|p1a: Sylveon
|-supereffective|p1a: Sylveon
|-damage|p1a: Sylveon|60\/394
|move|p1a: Sylveon|Hyper Voice|p2a: Dragonite
|-supereffective|p2a: Dragonite
|-damage|p2a: Dragonite|0 fnt
|faint|p2a: Dragonite
|
|-heal|p1a: Sylveon|84\/394|[from] item: Leftovers
|
|switch|p2a: Scizor|Scizor, M|344\/344
|turn|4
|
|detailschange|p2a: Scizor|Scizor-Mega, M
|message|Scizor has Mega Evolved into Mega Scizor!
|move|p1a: Sylveon|Protect|p1a: Sylveon
|-singleturn|p1a: Sylveon|Protect
|move|p2a: Scizor|Bullet Punch|p1a: Sylveon
|-activate|p1a: Sylveon|Protect
|
|-heal|p1a: Sylveon|108\/394|[from] item: Leftovers
|turn|5
|
|switch|p1a: Ferrothorn|Ferrothorn, M|352\/352
|move|p2a: Scizor|Bullet Punch|p1a: Ferrothorn
|-resisted|p1a: Ferrothorn
|-damage|p1a: Ferrothorn|305\/352
|-damage|p2a: Scizor|301\/344|[from] ability: Iron Barbs|[of] p1a: Ferrothorn
|
|-heal|p1a: Ferrothorn|327\/352|[from] item: Leftovers
|turn|6
|
|move|p2a: Scizor|Swords Dance|p2a: Scizor
|-boost|p2a: Scizor|atk|2
|move|p1a: Ferrothorn|Stealth Rock|p2a: Scizor
|-sidestart|p2: Fabio96|move: Stealth Rock
|
|-heal|p1a: Ferrothorn|349\/352|[from] item: Leftovers
|turn|7
|
|move|p2a: Scizor|Swords Dance|p2a: Scizor
|-boost|p2a: Scizor|atk|2
|move|p1a: Ferrothorn|Leech Seed|p2a: Scizor
|-start|p2a: Scizor|move: Leech Seed
|
|-heal|p1a: Ferrothorn|352\/352|[from] item: Leftovers
|-damage|p2a: Scizor|258\/344|[from] Leech Seed|[of] p1a: Ferrothorn
|turn|8
|
|move|p2a: Scizor|Swords Dance|p2a: Scizor
|-boost|p2a: Scizor|atk|2
|move|p1a: Ferrothorn|Gyro Ball|p2a: Scizor
|-resisted|p2a: Scizor
|-damage|p2a: Scizor|211\/344
|
|-damage|p2a: Scizor|168\/344|[from] Leech Seed|[of] p1a: Ferrothorn
|turn|9
|
|move|p2a: Scizor|Roost|p2a: Scizor
|-heal|p2a: Scizor|340\/344
|move|p1a: Ferrothorn|Gyro Ball|p2a: Scizor
|-resisted|p2a: Scizor
|-damage|p2a: Scizor|287\/344
|
|-damage|p2a: Scizor|244\/344|[from] Leech Seed|[of] p1a: Ferrothorn
|turn|10
|
|move|p2a: Scizor|Roost|p2a: Scizor
|-heal|p2a: Scizor|344\/344
|move|p1a: Ferrothorn|Gyro Ball|p2a: Scizor
|-resisted|p2a: Scizor
|-damage|p2a: Scizor|295\/344
|
|-damage|p2a: Scizor|252\/344|[from] Leech Seed|[of] p1a: Ferrothorn
|turn|11
|
|move|p2a: Scizor|Bug Bite|p1a: Ferrothorn
|-crit|p1a: Ferrothorn
|-damage|p1a: Ferrothorn|0 fnt
|-damage|p2a: Scizor|209\/344|[from] ability: Iron Barbs|[of] p1a: Ferrothorn
|faint|p1a: Ferrothorn
|
|
|switch|p1a: Gengar|Gengar, F|262\/262
|turn|12
|
|move|p2a: Scizor|Bullet Punch|p1a: Gengar
|-enditem|p1a: Gengar|Focus Sash
|-damage|p1a: Gengar|1\/262
|move|p1a: Gengar|Hidden Power|p2a: Scizor
|-crit|p2a: Scizor
|-supereffective|p2a: Scizor
|-damage|p2a: Scizor|0 fnt
|faint|p2a: Scizor
|
|
|switch|p2a: Zapdos|Zapdos|384\/384
|-damage|p2a: Zapdos|288\/384|[from] Stealth Rock
|-ability|p2a: Zapdos|Pressure
|turn|13
|
|move|p1a: Gengar|Destiny Bond|p1a: Gengar
|-singlemove|p1a: Gengar|Destiny Bond
|move|p2a: Zapdos|Thunderbolt|p1a: Gengar
|-damage|p1a: Gengar|0 fnt
|faint|p1a: Gengar
|-activate|p1a: Gengar|Destiny Bond
|faint|p2a: Zapdos
|
|
|switch|p2a: Rotom-Wash|Rotom-Wash|304\/304
|switch|p1a: Sylveon|Sylveon, M|108\/394
|-damage|p2a: Rotom-Wash|266\/304|[from] Stealth Rock
|turn|14
|
|move|p2a: Rotom-Wash|Hydro Pump|p1a: Sylveon|[miss]
|-miss|p2a: Rotom-Wash|p1a: Sylveon
|move|p1a: Sylveon|Wish|p1a: Sylveon
|
|-heal|p1a: Sylveon|132\/394|[from] item: Leftovers
|turn|15
|
|switch|p2a: Heatran|Heatran, M|386\/386
|-damage|p2a: Heatran|338\/386|[from] Stealth Rock
|-item|p2a: Heatran|Air Balloon
|move|p1a: Sylveon|Protect|p1a: Sylveon
|-fail|p1a: Sylveon
|
|-heal|p1a: Sylveon|329\/394|[from] move: Wish|[wisher] Sylveon
|-heal|p1a: Sylveon|353\/394|[from] item: Leftovers
|turn|16
|
|switch|p1a: Tentacruel|Tentacruel, F|357\/357
|move|p2a: Heatran|Stealth Rock|p1a: Tentacruel
|-sidestart|p1: dunYosparce|move: Stealth Rock
|
|turn|17
|
|switch|p2a: Rotom-Wash|Rotom-Wash|266\/304
|-damage|p2a: Rotom-Wash|228\/304|[from] Stealth Rock
|move|p1a: Tentacruel|Rapid Spin|p2a: Rotom-Wash
|-damage|p2a: Rotom-Wash|220\/304
|-sideend|p1: dunYosparce|Stealth Rock|[from] move: Rapid Spin|[of] p1a: Tentacruel
|
|turn|18
|
|move|p1a: Tentacruel|Knock Off|p2a: Rotom-Wash
|-damage|p2a: Rotom-Wash|184\/304
|-enditem|p2a: Rotom-Wash|Sitrus Berry|[from] move: Knock Off|[of] p1a: Tentacruel
|move|p2a: Rotom-Wash|Will-O-Wisp|p1a: Tentacruel
|-status|p1a: Tentacruel|brn
|
|-damage|p1a: Tentacruel|313\/357 brn|[from] brn
|turn|19
|
|move|p1a: Tentacruel|Acid Spray|p2a: Rotom-Wash
|-damage|p2a: Rotom-Wash|144\/304
|-unboost|p2a: Rotom-Wash|spd|2
|move|p2a: Rotom-Wash|Pain Split|p1a: Tentacruel
|-sethp|p1a: Tentacruel|228\/357 brn|p2a: Rotom-Wash|228\/304|[from] move: Pain Split
|
|-heal|p1a: Tentacruel|250\/357 brn|[from] item: Leftovers
|-damage|p1a: Tentacruel|206\/357 brn|[from] brn
|turn|20
|
|move|p1a: Tentacruel|Scald|p2a: Rotom-Wash
|-resisted|p2a: Rotom-Wash
|-damage|p2a: Rotom-Wash|150\/304
|-status|p2a: Rotom-Wash|brn
|move|p2a: Rotom-Wash|Volt Switch|p1a: Tentacruel
|-supereffective|p1a: Tentacruel
|-damage|p1a: Tentacruel|68\/357 brn
|
|switch|p2a: Conkeldurr|Conkeldurr, M|414\/414
|-damage|p2a: Conkeldurr|389\/414|[from] Stealth Rock
|
|-heal|p1a: Tentacruel|90\/357 brn|[from] item: Leftovers
|-damage|p1a: Tentacruel|46\/357 brn|[from] brn
|turn|21
|
|move|p2a: Conkeldurr|Mach Punch|p1a: Tentacruel
|-resisted|p1a: Tentacruel
|-damage|p1a: Tentacruel|1\/357 brn
|move|p1a: Tentacruel|Knock Off|p2a: Conkeldurr
|-resisted|p2a: Conkeldurr
|-damage|p2a: Conkeldurr|375\/414
|-enditem|p2a: Conkeldurr|Assault Vest|[from] move: Knock Off|[of] p1a: Tentacruel
|
|-heal|p1a: Tentacruel|23\/357 brn|[from] item: Leftovers
|-damage|p1a: Tentacruel|0 fnt|[from] brn
|faint|p1a: Tentacruel
|
|switch|p1a: Gyarados|Gyarados, M, shiny|331\/331
|-ability|p1a: Gyarados|Intimidate|[of] p2a: Conkeldurr
|-unboost|p2a: Conkeldurr|atk|1
|turn|22
|
|switch|p2a: Rotom-Wash|Rotom-Wash|150\/304 brn
|-damage|p2a: Rotom-Wash|112\/304 brn|[from] Stealth Rock
|move|p1a: Gyarados|Waterfall|p2a: Rotom-Wash
|-resisted|p2a: Rotom-Wash
|-damage|p2a: Rotom-Wash|57\/304 brn
|
|-damage|p2a: Rotom-Wash|19\/304 brn|[from] brn
|turn|23
|
|switch|p1a: Sylveon|Sylveon, M|353\/394
|move|p2a: Rotom-Wash|Volt Switch|p1a: Sylveon
|-damage|p1a: Sylveon|287\/394
|
|switch|p2a: Heatran|Heatran, M|338\/386
|-damage|p2a: Heatran|290\/386|[from] Stealth Rock
|-item|p2a: Heatran|Air Balloon
|
|-heal|p1a: Sylveon|311\/394|[from] item: Leftovers
|turn|24
|
|switch|p1a: Gyarados|Gyarados, M, shiny|331\/331
|-ability|p1a: Gyarados|Intimidate|[of] p2a: Heatran
|-unboost|p2a: Heatran|atk|1
|move|p2a: Heatran|Will-O-Wisp|p1a: Gyarados
|-status|p1a: Gyarados|brn
|
|-damage|p1a: Gyarados|290\/331 brn|[from] brn
|turn|25
|
|detailschange|p1a: Gyarados|Gyarados-Mega, M, shiny
|message|Gyarados has Mega Evolved into Mega Gyarados!
|-ability|p1a: Gyarados|Mold Breaker
|move|p1a: Gyarados|Dragon Dance|p1a: Gyarados
|-boost|p1a: Gyarados|atk|1
|-boost|p1a: Gyarados|spe|1
|move|p2a: Heatran|Stealth Rock|p1a: Gyarados
|-sidestart|p1: dunYosparce|move: Stealth Rock
|
|-damage|p1a: Gyarados|249\/331 brn|[from] brn
|turn|26
|
|move|p1a: Gyarados|Waterfall|p2a: Heatran
|-supereffective|p2a: Heatran
|-damage|p2a: Heatran|38\/386
|-enditem|p2a: Heatran|Air Balloon
|move|p2a: Heatran|Lava Plume|p1a: Gyarados
|-resisted|p1a: Gyarados
|-damage|p1a: Gyarados|206\/331 brn
|
|-damage|p1a: Gyarados|165\/331 brn|[from] brn
|turn|27
|
|move|p1a: Gyarados|Waterfall|p2a: Heatran
|-supereffective|p2a: Heatran
|-damage|p2a: Heatran|0 fnt
|faint|p2a: Heatran
|
|-damage|p1a: Gyarados|124\/331 brn|[from] brn
|
|switch|p2a: Rotom-Wash|Rotom-Wash|19\/304 brn
|-damage|p2a: Rotom-Wash|0 fnt|[from] Stealth Rock
|faint|p2a: Rotom-Wash
|
|switch|p2a: Conkeldurr|Conkeldurr, M|375\/414
|-damage|p2a: Conkeldurr|350\/414|[from] Stealth Rock
|turn|28
|
|move|p1a: Gyarados|Waterfall|p2a: Conkeldurr
|-damage|p2a: Conkeldurr|209\/414
|move|p2a: Conkeldurr|Drain Punch|p1a: Gyarados
|-supereffective|p1a: Gyarados
|-damage|p1a: Gyarados|0 fnt
|-heal|p2a: Conkeldurr|271\/414|[from] drain|[of] p1a: Gyarados
|faint|p1a: Gyarados
|
|
|switch|p1a: Sylveon|Sylveon, M|311\/394
|-damage|p1a: Sylveon|262\/394|[from] Stealth Rock
|turn|29
|
|move|p1a: Sylveon|Hyper Voice|p2a: Conkeldurr
|-supereffective|p2a: Conkeldurr
|-damage|p2a: Conkeldurr|0 fnt
|faint|p2a: Conkeldurr
|
|win|dunYosparce
|raw|Ladder updating...
|raw|dunYosparce's rating: 1466 &rarr; <strong>1484<\/strong><br \/>(+18 for winning)
|raw|Fabio96's rating: 1419 &rarr; <strong>1402<\/strong><br \/>(-17 for losing)
|leave|Fabio96
|player|p2