|join|Fabio96
|join|Kyle Trite
|player|p1|Fabio96|153
|player|p2|Kyle Trite|169
|gametype|singles
|gen|6
|tier|OU
|rated
|clearpoke
|poke|p1|Garchomp, M
|poke|p1|Thundurus, M
|poke|p1|Gardevoir, F
|poke|p1|Bisharp, M
|poke|p1|Scizor, M
|poke|p1|Latias, F
|poke|p2|Kingdra, F, shiny
|poke|p2|Venusaur, F
|poke|p2|Dragonite, F
|poke|p2|Serperior, F, shiny
|poke|p2|Ditto, shiny
|poke|p2|Snorlax, F, shiny
|rule|Swagger Clause: Swagger is banned
|rule|Baton Pass Clause: Limit one PokÃ©mon knowing Baton Pass
|rule|Sleep Clause Mod: Limit one foe put to sleep
|rule|Species Clause: Limit one of each PokÃ©mon
|rule|OHKO Clause: OHKO moves are banned
|rule|Moody Clause: Moody is banned
|rule|Evasion Moves Clause: Evasion moves are banned
|rule|Endless Battle Clause: Forcing endless battles is banned
|rule|HP Percentage Mod: HP is shown in percentages
|teampreview
|
|start
|switch|p1a: Latias|Latias, F|319\/319
|switch|p2a: Serperior|Serperior, F, shiny|354\/354
|turn|1
|
|move|p2a: Serperior|Leaf Storm|p1a: Latias|[miss]
|-miss|p2a: Serperior|p1a: Latias
|move|p1a: Latias|Psyshock|p2a: Serperior
|-damage|p2a: Serperior|202\/354
|-damage|p1a: Latias|288\/319|[from] item: Life Orb
|
|turn|2
|
|move|p2a: Serperior|Leaf Storm|p1a: Latias|[miss]
|-miss|p2a: Serperior|p1a: Latias
|move|p1a: Latias|Psyshock|p2a: Serperior
|-damage|p2a: Serperior|46\/354
|-damage|p1a: Latias|257\/319|[from] item: Life Orb
|
|turn|3
|
|move|p2a: Serperior|Leaf Storm|p1a: Latias
|-resisted|p1a: Latias
|-damage|p1a: Latias|190\/319
|-boost|p2a: Serperior|spa|2
|move|p1a: Latias|Psyshock|p2a: Serperior
|-damage|p2a: Serperior|0 fnt
|-damage|p1a: Latias|159\/319|[from] item: Life Orb
|faint|p2a: Serperior
|
|
|switch|p2a: Dragonite|Dragonite, F|324\/324
|turn|4
|
|switch|p1a: Garchomp|Garchomp, M|420\/420
|move|p2a: Dragonite|Dragon Dance|p2a: Dragonite
|-boost|p2a: Dragonite|atk|1
|-boost|p2a: Dragonite|spe|1
|
|turn|5
|
|move|p2a: Dragonite|Dragon Claw|p1a: Garchomp
|-crit|p1a: Garchomp
|-supereffective|p1a: Garchomp
|-damage|p1a: Garchomp|0 fnt
|-damage|p2a: Dragonite|284\/324|[from] ability: Rough Skin|[of] p1a: Garchomp
|-damage|p2a: Dragonite|230\/324|[from] item: Rocky Helmet|[of] p1a: Garchomp
|faint|p1a: Garchomp
|
|
|switch|p1a: Bisharp|Bisharp, M|272\/272
|turn|6
|
|move|p1a: Bisharp|Sucker Punch|p2a: Dragonite
|-damage|p2a: Dragonite|35\/324
|-damage|p1a: Bisharp|245\/272|[from] item: Life Orb
|move|p2a: Dragonite|Fire Punch|p1a: Bisharp
|-supereffective|p1a: Bisharp
|-damage|p1a: Bisharp|0 fnt
|faint|p1a: Bisharp
|
|
|switch|p1a: Scizor|Scizor, M|344\/344
|turn|7
|
|move|p2a: Dragonite|Extreme Speed|p1a: Scizor
|-resisted|p1a: Scizor
|-damage|p1a: Scizor|276\/344
|move|p1a: Scizor|Bullet Punch|p2a: Dragonite
|-damage|p2a: Dragonite|0 fnt
|faint|p2a: Dragonite
|
|
|switch|p2a: Kingdra|Kingdra, F, shiny|292\/292
|turn|8
|
|move|p1a: Scizor|Bullet Punch|p2a: Kingdra
|-resisted|p2a: Kingdra
|-damage|p2a: Kingdra|200\/292
|move|p2a: Kingdra|Focus Energy|p2a: Kingdra
|-start|p2a: Kingdra|move: Focus Energy
|
|turn|9
|
|switch|p1a: Latias|Latias, F|159\/319
|move|p2a: Kingdra|Draco Meteor|p1a: Latias
|-crit|p1a: Latias
|-supereffective|p1a: Latias
|-damage|p1a: Latias|0 fnt
|-unboost|p2a: Kingdra|spa|2
|faint|p1a: Latias
|
|
|switch|p1a: Thundurus|Thundurus, M|299\/299
|turn|10
|
|move|p1a: Thundurus|Thunderbolt|p2a: Kingdra
|-damage|p2a: Kingdra|4\/292
|-status|p2a: Kingdra|par
|-damage|p1a: Thundurus|270\/299|[from] item: Life Orb
|move|p2a: Kingdra|Draco Meteor|p1a: Thundurus
|-crit|p1a: Thundurus
|-damage|p1a: Thundurus|0 fnt
|-unboost|p2a: Kingdra|spa|2
|faint|p1a: Thundurus
|
|
|switch|p1a: Gardevoir|Gardevoir, F|278\/278
|-ability|p1a: Gardevoir|Sniper|[from] ability: Trace|[of] p2a: Kingdra
|turn|11
|
|detailschange|p1a: Gardevoir|Gardevoir-Mega, F
|-mega|p1a: Gardevoir|Gardevoir|Gardevoirite
|move|p1a: Gardevoir|Hyper Voice|p2a: Kingdra
|-crit|p2a: Kingdra
|-supereffective|p2a: Kingdra
|-damage|p2a: Kingdra|0 fnt
|faint|p2a: Kingdra
|
|
|switch|p2a: Ditto|Ditto, shiny|300\/300
|-transform|p2a: Ditto|p1a: Gardevoir
|turn|12
|
|switch|p1a: Scizor|Scizor, M|276\/344
|move|p2a: Ditto|Hidden Power|p1a: Scizor
|-damage|p1a: Scizor|161\/344
|
|turn|13
|
|move|p1a: Scizor|Bullet Punch|p2a: Ditto
|-supereffective|p2a: Ditto
|-damage|p2a: Ditto|0 fnt
|faint|p2a: Ditto
|
|
|switch|p2a: Venusaur|Venusaur, F|364\/364
|turn|14
|
|detailschange|p2a: Venusaur|Venusaur-Mega, F
|-mega|p2a: Venusaur|Venusaur|Venusaurite
|move|p1a: Scizor|Bullet Punch|p2a: Venusaur
|-damage|p2a: Venusaur|241\/364
|move|p2a: Venusaur|Sleep Powder|p1a: Scizor
|-status|p1a: Scizor|slp
|
|turn|15
|
|switch|p1a: Gardevoir|Gardevoir-Mega, F|278\/278
|move|p2a: Venusaur|Leech Seed|p1a: Gardevoir
|-start|p1a: Gardevoir|move: Leech Seed
|
|-damage|p1a: Gardevoir|244\/278|[from] Leech Seed|[of] p2a: Venusaur
|-heal|p2a: Venusaur|275\/364|[silent]
|turn|16
|
|move|p2a: Venusaur|Protect|p2a: Venusaur
|-singleturn|p2a: Venusaur|Protect
|move|p1a: Gardevoir|Psyshock|p2a: Venusaur
|-activate|p2a: Venusaur|Protect
|
|-damage|p1a: Gardevoir|210\/278|[from] Leech Seed|[of] p2a: Venusaur
|-heal|p2a: Venusaur|309\/364|[silent]
|turn|17
|
|move|p1a: Gardevoir|Psyshock|p2a: Venusaur
|-supereffective|p2a: Venusaur
|-damage|p2a: Venusaur|51\/364
|move|p2a: Venusaur|Sludge Bomb|p1a: Gardevoir
|-supereffective|p1a: Gardevoir
|-damage|p1a: Gardevoir|0 fnt
|faint|p1a: Gardevoir
|
|
|switch|p1a: Scizor|Scizor, M|161\/344 slp
|turn|18
|
|cant|p1a: Scizor|slp
|move|p2a: Venusaur|Leech Seed|p1a: Scizor
|-start|p1a: Scizor|move: Leech Seed
|
|-damage|p1a: Scizor|118\/344 slp|[from] Leech Seed|[of] p2a: Venusaur
|-heal|p2a: Venusaur|94\/364|[silent]
|turn|19
|
|-curestatus|p1a: Scizor|slp
|move|p1a: Scizor|Bullet Punch|p2a: Venusaur
|-damage|p2a: Venusaur|0 fnt
|faint|p2a: Venusaur
|
|
|switch|p2a: Snorlax|Snorlax, F, shiny|524\/524
|turn|20
|
|move|p1a: Scizor|Bullet Punch|p2a: Snorlax
|-damage|p2a: Snorlax|272\/524
|move|p2a: Snorlax|Curse|p2a: Snorlax
|-boost|p2a: Snorlax|atk|1
|-boost|p2a: Snorlax|def|1
|-unboost|p2a: Snorlax|spe|1
|
|-heal|p2a: Snorlax|304\/524|[from] item: Leftovers
|-damage|p1a: Scizor|75\/344|[from] Leech Seed|[of] p2a: Snorlax
|-heal|p2a: Snorlax|347\/524|[silent]
|turn|21
|
|move|p1a: Scizor|Bullet Punch|p2a: Snorlax
|-damage|p2a: Snorlax|166\/524
|move|p2a: Snorlax|Rest|p2a: Snorlax
|-status|p2a: Snorlax|slp
|-heal|p2a: Snorlax|524\/524 slp|[silent]
|-status|p2a: Snorlax|slp|[from] move: Rest
|
|-damage|p1a: Scizor|32\/344|[from] Leech Seed|[of] p2a: Snorlax
|turn|22
|
|move|p1a: Scizor|Bullet Punch|p2a: Snorlax
|-damage|p2a: Snorlax|353\/524 slp
|cant|p2a: Snorlax|slp
|move|p2a: Snorlax|Sleep Talk|p2a: Snorlax
|move|p2a: Snorlax|Curse|p2a: Snorlax|[from]Sleep Talk
|-boost|p2a: Snorlax|atk|1
|-boost|p2a: Snorlax|def|1
|-unboost|p2a: Snorlax|spe|1
|
|-heal|p2a: Snorlax|385\/524 slp|[from] item: Leftovers
|-damage|p1a: Scizor|0 fnt|[from] Leech Seed|[of] p2a: Snorlax
|-heal|p2a: Snorlax|417\/524 slp|[silent]
|faint|p1a: Scizor
|
|win|Kyle Trite
|raw|Ladder updating...
|raw|Fabio96's rating: 1472 &rarr; <strong>1445<\/strong><br \/>(-27 for losing)
|raw|Kyle Trite's rating: 1355 &rarr; <strong>1382<\/strong><br \/>(+27 for winning)
|leave|Fabio96
|player|p1