|join|Fabio96
|join|FardinFromPB
|player|p1|Fabio96|153
|player|p2|FardinFromPB|102
|gametype|singles
|gen|6
|tier|OU
|rated
|clearpoke
|poke|p1|Garchomp, M
|poke|p1|Thundurus, M
|poke|p1|Gardevoir, F
|poke|p1|Azumarill, M
|poke|p1|Scizor, M
|poke|p1|Latias, F
|poke|p2|Heatran, F
|poke|p2|Gogoat, F
|poke|p2|Chansey, F
|poke|p2|Skarmory, M
|poke|p2|Slowbro, F
|poke|p2|Garchomp, M
|rule|Swagger Clause: Swagger is banned
|rule|Baton Pass Clause: Limit one PokÃ©mon knowing Baton Pass
|rule|Sleep Clause Mod: Limit one foe put to sleep
|rule|Species Clause: Limit one of each PokÃ©mon
|rule|OHKO Clause: OHKO moves are banned
|rule|Moody Clause: Moody is banned
|rule|Evasion Moves Clause: Evasion moves are banned
|rule|Endless Battle Clause: Forcing endless battles is banned
|rule|HP Percentage Mod: HP is shown in percentages
|teampreview
|
|start
|switch|p1a: Gimmy|Garchomp, M|420\/420
|switch|p2a: Slowbro|Slowbro, F|394\/394
|turn|1
|
|switch|p1a: Gardevoir|Gardevoir, F|278\/278
|-ability|p1a: Gardevoir|Regenerator|[from] ability: Trace|[of] p2a: Slowbro
|move|p2a: Slowbro|Scald|p1a: Gardevoir
|-damage|p1a: Gardevoir|199\/278
|
|turn|2
|
|switch|p2a: Heatran|Heatran, F|386\/386
|detailschange|p1a: Gardevoir|Gardevoir-Mega, F
|-mega|p1a: Gardevoir|Gardevoir|Gardevoirite
|move|p1a: Gardevoir|Hyper Voice|p2a: Heatran
|-resisted|p2a: Heatran
|-damage|p2a: Heatran|343\/386
|
|-heal|p2a: Heatran|367\/386|[from] item: Leftovers
|turn|3
|
|switch|p1a: Gimmy|Garchomp, M|420\/420
|move|p2a: Heatran|Lava Plume|p1a: Gimmy
|-resisted|p1a: Gimmy
|-damage|p1a: Gimmy|357\/420
|
|-heal|p2a: Heatran|386\/386|[from] item: Leftovers
|turn|4
|
|move|p1a: Gimmy|Fire Blast|p2a: Heatran
|-start|p2a: Heatran|ability: Flash Fire
|move|p2a: Heatran|Stealth Rock|p1a: Gimmy
|-sidestart|p1: Fabio96|move: Stealth Rock
|
|turn|5
|
|switch|p2a: Slowbro|Slowbro, F|394\/394
|move|p1a: Gimmy|Earthquake|p2a: Slowbro
|-damage|p2a: Slowbro|303\/394
|
|-heal|p2a: Slowbro|327\/394|[from] item: Leftovers
|turn|6
|
|switch|p1a: Gardevoir|Gardevoir-Mega, F|199\/278
|-damage|p1a: Gardevoir|165\/278|[from] Stealth Rock
|move|p2a: Slowbro|Scald|p1a: Gardevoir
|-damage|p1a: Gardevoir|93\/278
|
|-heal|p2a: Slowbro|351\/394|[from] item: Leftovers
|turn|7
|
|switch|p2a: Heatran|Heatran, F|386\/386
|move|p1a: Gardevoir|Hidden Power|p2a: Heatran
|-supereffective|p2a: Heatran
|-damage|p2a: Heatran|118\/386
|
|-heal|p2a: Heatran|142\/386|[from] item: Leftovers
|turn|8
|
|switch|p2a: Chansey|Chansey, F|701\/701
|move|p1a: Gardevoir|Hidden Power|p2a: Chansey
|-damage|p2a: Chansey|636\/701
|
|turn|9
|
|move|p1a: Gardevoir|Taunt|p2a: Chansey
|-start|p2a: Chansey|move: Taunt
|cant|p2a: Chansey|move: Taunt|Wish
|
|turn|10
|
|switch|p1a: Red Bull|Scizor, M|344\/344
|-damage|p1a: Red Bull|301\/344|[from] Stealth Rock
|switch|p2a: Skarmory|Skarmory, M|334\/334
|
|turn|11
|
|switch|p2a: Heatran|Heatran, F|142\/386
|move|p1a: Red Bull|Knock Off|p2a: Heatran
|-damage|p2a: Heatran|0 fnt
|-enditem|p2a: Heatran|Leftovers|[from] move: Knock Off|[of] p1a: Red Bull
|faint|p2a: Heatran
|
|
|switch|p2a: Skarmory|Skarmory, M|334\/334
|turn|12
|
|move|p1a: Red Bull|Knock Off|p2a: Skarmory
|-damage|p2a: Skarmory|233\/334
|-enditem|p2a: Skarmory|Leftovers|[from] move: Knock Off|[of] p1a: Red Bull
|move|p2a: Skarmory|Whirlwind|p1a: Red Bull
|drag|p1a: Gimmy|Garchomp, M|357\/420
|-damage|p1a: Gimmy|331\/420|[from] Stealth Rock
|
|turn|13
|
|switch|p2a: Slowbro|Slowbro, F|394\/394
|move|p1a: Gimmy|Fire Blast|p2a: Slowbro
|-resisted|p2a: Slowbro
|-damage|p2a: Slowbro|353\/394
|-status|p2a: Slowbro|brn
|
|-heal|p2a: Slowbro|377\/394 brn|[from] item: Leftovers
|-damage|p2a: Slowbro|328\/394 brn|[from] brn
|turn|14
|
|switch|p1a: Red Bull|Scizor, M|301\/344
|-damage|p1a: Red Bull|258\/344|[from] Stealth Rock
|move|p2a: Slowbro|Scald|p1a: Red Bull
|-damage|p1a: Red Bull|146\/344
|
|-heal|p2a: Slowbro|352\/394 brn|[from] item: Leftovers
|-damage|p2a: Slowbro|303\/394 brn|[from] brn
|turn|15
|
|switch|p2a: Skarmory|Skarmory, M|233\/334
|move|p1a: Red Bull|U-turn|p2a: Skarmory
|-resisted|p2a: Skarmory
|-damage|p2a: Skarmory|205\/334
|
|switch|p1a: Zlatan|Thundurus, M|299\/299
|-damage|p1a: Zlatan|225\/299|[from] Stealth Rock
|
|turn|16
|
|switch|p2a: Chansey|Chansey, F|636\/701
|move|p1a: Zlatan|Hidden Power|p2a: Chansey
|-damage|p2a: Chansey|579\/701
|-damage|p1a: Zlatan|196\/299|[from] item: Life Orb
|
|turn|17
|
|move|p1a: Zlatan|Knock Off|p2a: Chansey
|-damage|p2a: Chansey|417\/701
|-enditem|p2a: Chansey|Eviolite|[from] move: Knock Off|[of] p1a: Zlatan
|-damage|p1a: Zlatan|167\/299|[from] item: Life Orb
|move|p2a: Chansey|Toxic|p1a: Zlatan
|-status|p1a: Zlatan|tox
|
|-damage|p1a: Zlatan|149\/299 tox|[from] psn
|turn|18
|
|switch|p2a: Gogoat|Gogoat, F|450\/450
|move|p1a: Zlatan|Superpower|p2a: Gogoat
|-damage|p2a: Gogoat|230\/450
|-unboost|p1a: Zlatan|atk|1
|-unboost|p1a: Zlatan|def|1
|-damage|p1a: Zlatan|120\/299 tox|[from] item: Life Orb
|
|-heal|p2a: Gogoat|258\/450|[from] item: Leftovers
|-damage|p1a: Zlatan|84\/299 tox|[from] psn
|turn|19
|
|move|p1a: Zlatan|Knock Off|p2a: Gogoat
|-damage|p2a: Gogoat|141\/450
|-enditem|p2a: Gogoat|Leftovers|[from] move: Knock Off|[of] p1a: Zlatan
|-damage|p1a: Zlatan|55\/299 tox|[from] item: Life Orb
|move|p2a: Gogoat|Milk Drink|p2a: Gogoat
|-heal|p2a: Gogoat|366\/450
|
|-damage|p1a: Zlatan|1\/299 tox|[from] psn
|turn|20
|
|switch|p1a: Defoggy|Latias, F|319\/319
|-damage|p1a: Defoggy|280\/319|[from] Stealth Rock
|move|p2a: Gogoat|Milk Drink|p2a: Gogoat
|-heal|p2a: Gogoat|450\/450
|
|turn|21
|
|move|p1a: Defoggy|Psyshock|p2a: Gogoat
|-damage|p2a: Gogoat|236\/450
|-damage|p1a: Defoggy|249\/319|[from] item: Life Orb
|move|p2a: Gogoat|Bulk Up|p2a: Gogoat
|-boost|p2a: Gogoat|atk|1
|-boost|p2a: Gogoat|def|1
|
|turn|22
|
|move|p1a: Defoggy|Draco Meteor|p2a: Gogoat
|-damage|p2a: Gogoat|18\/450
|-unboost|p1a: Defoggy|spa|2
|-damage|p1a: Defoggy|218\/319|[from] item: Life Orb
|move|p2a: Gogoat|Milk Drink|p2a: Gogoat
|-heal|p2a: Gogoat|243\/450
|
|turn|23
|
|switch|p1a: Gimmy|Garchomp, M|331\/420
|-damage|p1a: Gimmy|305\/420|[from] Stealth Rock
|move|p2a: Gogoat|Earthquake|p1a: Gimmy
|-damage|p1a: Gimmy|209\/420
|
|turn|24
|
|move|p1a: Gimmy|Fire Blast|p2a: Gogoat
|-supereffective|p2a: Gogoat
|-damage|p2a: Gogoat|123\/450
|move|p2a: Gogoat|Milk Drink|p2a: Gogoat
|-heal|p2a: Gogoat|348\/450
|
|turn|25
|
|move|p1a: Gimmy|Stealth Rock|p2a: Gogoat
|-sidestart|p2: FardinFromPB|move: Stealth Rock
|move|p2a: Gogoat|Horn Leech|p1a: Gimmy
|-damage|p1a: Gimmy|113\/420
|-heal|p2a: Gogoat|396\/450|[from] drain|[of] p1a: Gimmy
|-damage|p2a: Gogoat|340\/450|[from] ability: Rough Skin|[of] p1a: Gimmy
|-damage|p2a: Gogoat|265\/450|[from] item: Rocky Helmet|[of] p1a: Gimmy
|
|turn|26
|
|switch|p1a: Defoggy|Latias, F|218\/319
|-damage|p1a: Defoggy|179\/319|[from] Stealth Rock
|move|p2a: Gogoat|Milk Drink|p2a: Gogoat
|-heal|p2a: Gogoat|450\/450
|
|turn|27
|
|move|p1a: Defoggy|Psyshock|p2a: Gogoat
|-damage|p2a: Gogoat|289\/450
|-damage|p1a: Defoggy|148\/319|[from] item: Life Orb
|move|p2a: Gogoat|Bulk Up|p2a: Gogoat
|-boost|p2a: Gogoat|atk|1
|-boost|p2a: Gogoat|def|1
|
|turn|28
|
|move|p1a: Defoggy|Psyshock|p2a: Gogoat
|-damage|p2a: Gogoat|182\/450
|-damage|p1a: Defoggy|117\/319|[from] item: Life Orb
|move|p2a: Gogoat|Milk Drink|p2a: Gogoat
|-heal|p2a: Gogoat|407\/450
|
|turn|29
|
|move|p1a: Defoggy|Healing Wish|p1a: Defoggy
|faint|p1a: Defoggy
|move|p2a: Gogoat|Horn Leech|p1: Defoggy|[notarget]
|-notarget
|
|
|switch|p1a: Zlatan|Thundurus, M|1\/299 tox
|-heal|p1a: Zlatan|299\/299|[from] move: Healing Wish
|-damage|p1a: Zlatan|225\/299|[from] Stealth Rock
|turn|30
|
|switch|p1a: Gimmy|Garchomp, M|113\/420
|-damage|p1a: Gimmy|87\/420|[from] Stealth Rock
|move|p2a: Gogoat|Horn Leech|p1a: Gimmy
|-damage|p1a: Gimmy|0 fnt
|-heal|p2a: Gogoat|450\/450|[from] drain|[of] p1a: Gimmy
|-damage|p2a: Gogoat|394\/450|[from] ability: Rough Skin|[of] p1a: Gimmy
|-damage|p2a: Gogoat|319\/450|[from] item: Rocky Helmet|[of] p1a: Gimmy
|faint|p1a: Gimmy
|
|
|switch|p1a: Gardevoir|Gardevoir-Mega, F|93\/278
|-damage|p1a: Gardevoir|59\/278|[from] Stealth Rock
|turn|31
|
|move|p1a: Gardevoir|Hyper Voice|p2a: Gogoat
|-damage|p2a: Gogoat|114\/450
|move|p2a: Gogoat|Horn Leech|p1a: Gardevoir
|-damage|p1a: Gardevoir|0 fnt
|-heal|p2a: Gogoat|144\/450|[from] drain|[of] p1a: Gardevoir
|faint|p1a: Gardevoir
|
|
|switch|p1a: Zlatan|Thundurus, M|225\/299
|-damage|p1a: Zlatan|151\/299|[from] Stealth Rock
|turn|32
|
|move|p1a: Zlatan|Hidden Power|p2a: Gogoat
|-supereffective|p2a: Gogoat
|-damage|p2a: Gogoat|0 fnt
|-damage|p1a: Zlatan|122\/299|[from] item: Life Orb
|faint|p2a: Gogoat
|
|
|switch|p2a: Chansey|Chansey, F|417\/701
|-damage|p2a: Chansey|330\/701|[from] Stealth Rock
|turn|33
|
|switch|p2a: Garchomp|Garchomp, M|420\/420
|-damage|p2a: Garchomp|394\/420|[from] Stealth Rock
|move|p1a: Zlatan|Superpower|p2a: Garchomp
|-damage|p2a: Garchomp|280\/420
|-unboost|p1a: Zlatan|atk|1
|-unboost|p1a: Zlatan|def|1
|-damage|p1a: Zlatan|93\/299|[from] item: Life Orb
|
|turn|34
|
|detailschange|p2a: Garchomp|Garchomp-Mega, M
|-mega|p2a: Garchomp|Garchomp|Garchompite
|move|p1a: Zlatan|Hidden Power|p2a: Garchomp
|-supereffective|p2a: Garchomp
|-damage|p2a: Garchomp|0 fnt
|-damage|p1a: Zlatan|64\/299|[from] item: Life Orb
|faint|p2a: Garchomp
|
|
|switch|p2a: Skarmory|Skarmory, M|205\/334
|-damage|p2a: Skarmory|164\/334|[from] Stealth Rock
|turn|35
|
|switch|p2a: Chansey|Chansey, F|330\/701
|-damage|p2a: Chansey|243\/701|[from] Stealth Rock
|move|p1a: Zlatan|Thunderbolt|p2a: Chansey
|-damage|p2a: Chansey|64\/701
|-damage|p1a: Zlatan|35\/299|[from] item: Life Orb
|
|turn|36
|
|move|p1a: Zlatan|Thunderbolt|p2a: Chansey
|-damage|p2a: Chansey|0 fnt
|-damage|p1a: Zlatan|6\/299|[from] item: Life Orb
|faint|p2a: Chansey
|
|
|switch|p2a: Slowbro|Slowbro, F|394\/394 brn
|-damage|p2a: Slowbro|345\/394 brn|[from] Stealth Rock
|turn|37
|
|move|p1a: Zlatan|Thunderbolt|p2a: Slowbro
|-crit|p2a: Slowbro
|-supereffective|p2a: Slowbro
|-damage|p2a: Slowbro|0 fnt
|-damage|p1a: Zlatan|0 fnt|[from] item: Life Orb
|faint|p2a: Slowbro
|faint|p1a: Zlatan
|
|
|switch|p2a: Skarmory|Skarmory, M|164\/334
|switch|p1a: Azu bomb|Azumarill, M|364\/364
|-damage|p2a: Skarmory|123\/334|[from] Stealth Rock
|-damage|p1a: Azu bomb|319\/364|[from] Stealth Rock
|turn|38
|
|move|p2a: Skarmory|Roost|p2a: Skarmory
|-heal|p2a: Skarmory|290\/334
|move|p1a: Azu bomb|Belly Drum|p1a: Azu bomb
|-damage|p1a: Azu bomb|137\/364
|-setboost|p1a: Azu bomb|atk|6|[from] move: Belly Drum
|-enditem|p1a: Azu bomb|Sitrus Berry|[eat]
|-heal|p1a: Azu bomb|228\/364|[from] item: Sitrus Berry
|
|turn|39
|
|move|p1a: Azu bomb|Play Rough|p2a: Skarmory
|-resisted|p2a: Skarmory
|-damage|p2a: Skarmory|76\/334
|move|p2a: Skarmory|Whirlwind|p1a: Azu bomb
|drag|p1a: Red Bull|Scizor, M|146\/344
|-damage|p1a: Red Bull|103\/344|[from] Stealth Rock
|
|turn|40
|
|move|p2a: Skarmory|Roost|p2a: Skarmory
|-heal|p2a: Skarmory|243\/334
|move|p1a: Red Bull|Superpower|p2a: Skarmory
|-supereffective|p2a: Skarmory
|-damage|p2a: Skarmory|0 fnt
|-unboost|p1a: Red Bull|atk|1
|-unboost|p1a: Red Bull|def|1
|faint|p2a: Skarmory
|
|win|Fabio96
|raw|Ladder updating...
|raw|Fabio96's rating: 1535 &rarr; <strong>1550<\/strong><br \/>(+15 for winning)
|raw|FardinFromPB's rating: 1460 &rarr; <strong>1445<\/strong><br \/>(-15 for losing)
|leave|FardinFromPB
|player|p2