|join|munkeychowder
|join|Fabio96
|player|p1|munkeychowder|153
|player|p2|Fabio96|153
|gametype|singles
|gen|6
|tier|OU
|rated
|clearpoke
|poke|p1|Lopunny, F
|poke|p1|Keldeo
|poke|p1|Excadrill, M
|poke|p1|Celebi
|poke|p1|Tyranitar, F
|poke|p1|Talonflame, M
|poke|p2|Garchomp, M
|poke|p2|Thundurus, M
|poke|p2|Gardevoir, F
|poke|p2|Azumarill, M
|poke|p2|Scizor, M
|poke|p2|Latias, F
|rule|Swagger Clause: Swagger is banned
|rule|Baton Pass Clause: Limit one PokÃ©mon knowing Baton Pass
|rule|Sleep Clause Mod: Limit one foe put to sleep
|rule|Species Clause: Limit one of each PokÃ©mon
|rule|OHKO Clause: OHKO moves are banned
|rule|Moody Clause: Moody is banned
|rule|Evasion Moves Clause: Evasion moves are banned
|rule|Endless Battle Clause: Forcing endless battles is banned
|rule|HP Percentage Mod: HP is shown in percentages
|teampreview
|
|start
|switch|p1a: Lopunny|Lopunny, F|272\/272
|switch|p2a: Gimmy|Garchomp, M|420\/420
|turn|1
|
|detailschange|p1a: Lopunny|Lopunny-Mega, F
|-mega|p1a: Lopunny|Lopunny|Lopunnite
|move|p1a: Lopunny|Fake Out|p2a: Gimmy
|-damage|p2a: Gimmy|363\/420
|-damage|p1a: Lopunny|238\/272|[from] ability: Rough Skin|[of] p2a: Gimmy
|-damage|p1a: Lopunny|193\/272|[from] item: Rocky Helmet|[of] p2a: Gimmy
|cant|p2a: Gimmy|flinch
|
|turn|2
|
|switch|p1a: Celebi|Celebi|403\/403
|move|p2a: Gimmy|Stealth Rock|p1a: Celebi
|-sidestart|p1: munkeychowder|move: Stealth Rock
|
|turn|3
|
|switch|p2a: Red Bull|Scizor, M|344\/344
|move|p1a: Celebi|Giga Drain|p2a: Red Bull
|-resisted|p2a: Red Bull
|-damage|p2a: Red Bull|317\/344
|
|turn|4
|
|switch|p1a: Keldeo|Keldeo|323\/323
|-damage|p1a: Keldeo|303\/323|[from] Stealth Rock
|move|p2a: Red Bull|Knock Off|p1a: Keldeo
|-resisted|p1a: Keldeo
|-damage|p1a: Keldeo|219\/323
|-boost|p1a: Keldeo|atk|1|[from] ability: Justified
|-enditem|p1a: Keldeo|Choice Scarf|[from] move: Knock Off|[of] p2a: Red Bull
|-damage|p2a: Red Bull|283\/344|[from] item: Life Orb
|
|turn|5
|
|switch|p2a: Defoggy|Latias, F|319\/319
|move|p1a: Keldeo|Scald|p2a: Defoggy
|-resisted|p2a: Defoggy
|-damage|p2a: Defoggy|265\/319
|-status|p2a: Defoggy|brn
|
|-damage|p2a: Defoggy|226\/319 brn|[from] brn
|turn|6
|
|switch|p1a: Tyranitar|Tyranitar, F|399\/399
|-damage|p1a: Tyranitar|350\/399|[from] Stealth Rock
|-weather|Sandstorm
|move|p2a: Defoggy|Draco Meteor|p1a: Tyranitar
|-damage|p1a: Tyranitar|167\/399
|-unboost|p2a: Defoggy|spa|2
|-damage|p2a: Defoggy|195\/319 brn|[from] item: Life Orb
|
|-weather|Sandstorm|[upkeep]
|-damage|p2a: Defoggy|176\/319 brn|[from] sandstorm
|-damage|p2a: Defoggy|137\/319 brn|[from] brn
|turn|7
|
|move|p1a: Tyranitar|Pursuit|p2a: Defoggy|[from]Pursuit
|-supereffective|p2a: Defoggy
|-damage|p2a: Defoggy|0 fnt
|faint|p2a: Defoggy
|
|-weather|Sandstorm|[upkeep]
|
|switch|p2a: Lady Fairy|Gardevoir, F|278\/278
|-ability|p2a: Lady Fairy|Sand Stream|[from] ability: Trace|[of] p1a: Tyranitar
|turn|8
|
|detailschange|p2a: Lady Fairy|Gardevoir-Mega, F
|-mega|p2a: Lady Fairy|Gardevoir|Gardevoirite
|move|p2a: Lady Fairy|Hyper Voice|p1a: Tyranitar
|-supereffective|p1a: Tyranitar
|-damage|p1a: Tyranitar|0 fnt
|faint|p1a: Tyranitar
|
|-weather|Sandstorm|[upkeep]
|-damage|p2a: Lady Fairy|261\/278|[from] sandstorm
|
|switch|p1a: Excadrill|Excadrill, M|362\/362
|-damage|p1a: Excadrill|351\/362|[from] Stealth Rock
|turn|9
|
|switch|p2a: Gimmy|Garchomp, M|363\/420
|move|p1a: Excadrill|Iron Head|p2a: Gimmy
|-damage|p2a: Gimmy|219\/420
|-damage|p1a: Excadrill|306\/362|[from] ability: Rough Skin|[of] p2a: Gimmy
|-damage|p1a: Excadrill|246\/362|[from] item: Rocky Helmet|[of] p2a: Gimmy
|-damage|p1a: Excadrill|210\/362|[from] item: Life Orb
|
|-weather|Sandstorm|[upkeep]
|turn|10
|
|move|p1a: Excadrill|Earthquake|p2a: Gimmy
|-damage|p2a: Gimmy|28\/420
|-damage|p1a: Excadrill|174\/362|[from] item: Life Orb
|move|p2a: Gimmy|Fire Blast|p1a: Excadrill
|-supereffective|p1a: Excadrill
|-damage|p1a: Excadrill|0 fnt
|faint|p1a: Excadrill
|
|-weather|Sandstorm|[upkeep]
|
|switch|p1a: Lopunny|Lopunny-Mega, F|193\/272
|-damage|p1a: Lopunny|176\/272|[from] Stealth Rock
|turn|11
|
|move|p1a: Lopunny|Power-Up Punch|p2a: Gimmy
|-damage|p2a: Gimmy|0 fnt
|-damage|p1a: Lopunny|142\/272|[from] ability: Rough Skin|[of] p2a: Gimmy
|-damage|p1a: Lopunny|97\/272|[from] item: Rocky Helmet|[of] p2a: Gimmy
|-boost|p1a: Lopunny|atk|1
|faint|p2a: Gimmy
|
|-weather|Sandstorm|[upkeep]
|-damage|p1a: Lopunny|80\/272|[from] sandstorm
|
|switch|p2a: Azu bomb|Azumarill, M|364\/364
|turn|12
|
|move|p1a: Lopunny|Return|p2a: Azu bomb
|-damage|p2a: Azu bomb|0 fnt
|faint|p2a: Azu bomb
|
|-weather|Sandstorm|[upkeep]
|-damage|p1a: Lopunny|63\/272|[from] sandstorm
|
|switch|p2a: Red Bull|Scizor, M|283\/344
|turn|13
|
|switch|p1a: Keldeo|Keldeo|219\/323
|-damage|p1a: Keldeo|199\/323|[from] Stealth Rock
|move|p2a: Red Bull|Bullet Punch|p1a: Keldeo
|-resisted|p1a: Keldeo
|-damage|p1a: Keldeo|112\/323
|-damage|p2a: Red Bull|249\/344|[from] item: Life Orb
|
|-weather|none
|turn|14
|
|switch|p2a: Lady Fairy|Gardevoir-Mega, F|261\/278
|move|p1a: Keldeo|Hydro Pump|p2a: Lady Fairy
|-damage|p2a: Lady Fairy|119\/278
|
|turn|15
|
|move|p1a: Keldeo|Hydro Pump|p2a: Lady Fairy
|-damage|p2a: Lady Fairy|0 fnt
|faint|p2a: Lady Fairy
|
|
|switch|p2a: Zlatan|Thundurus, M|299\/299
|turn|16
|
|move|p2a: Zlatan|Thunderbolt|p1a: Keldeo
|-supereffective|p1a: Keldeo
|-damage|p1a: Keldeo|0 fnt
|-damage|p2a: Zlatan|270\/299|[from] item: Life Orb
|faint|p1a: Keldeo
|
|
|switch|p1a: Celebi|Celebi|403\/403
|-damage|p1a: Celebi|353\/403|[from] Stealth Rock
|turn|17
|
|move|p2a: Zlatan|Knock Off|p1a: Celebi
|-supereffective|p1a: Celebi
|-damage|p1a: Celebi|153\/403
|-enditem|p1a: Celebi|Leftovers|[from] move: Knock Off|[of] p2a: Zlatan
|-damage|p2a: Zlatan|241\/299|[from] item: Life Orb
|move|p1a: Celebi|Nasty Plot|p1a: Celebi
|-boost|p1a: Celebi|spa|2
|
|turn|18
|
|move|p2a: Zlatan|Hidden Power|p1a: Celebi
|-supereffective|p1a: Celebi
|-damage|p1a: Celebi|0 fnt
|-damage|p2a: Zlatan|212\/299|[from] item: Life Orb
|faint|p1a: Celebi
|
|
|switch|p1a: Lopunny|Lopunny-Mega, F|63\/272
|-damage|p1a: Lopunny|46\/272|[from] Stealth Rock
|turn|19
|
|switch|p2a: Red Bull|Scizor, M|249\/344
|move|p1a: Lopunny|Fake Out|p2a: Red Bull
|-resisted|p2a: Red Bull
|-damage|p2a: Red Bull|215\/344
|
|turn|20
|
|move|p2a: Red Bull|Bullet Punch|p1a: Lopunny
|-damage|p1a: Lopunny|0 fnt
|-damage|p2a: Red Bull|181\/344|[from] item: Life Orb
|faint|p1a: Lopunny
|
|
|switch|p1a: Talonflame|Talonflame, M|359\/359
|-damage|p1a: Talonflame|180\/359|[from] Stealth Rock
|turn|21
|
|move|p2a: Red Bull|Bullet Punch|p1a: Talonflame
|-resisted|p1a: Talonflame
|-damage|p1a: Talonflame|76\/359
|-damage|p2a: Red Bull|147\/344|[from] item: Life Orb
|move|p1a: Talonflame|Swords Dance|p1a: Talonflame
|-boost|p1a: Talonflame|atk|2
|
|-heal|p1a: Talonflame|98\/359|[from] item: Leftovers
|turn|22
|
|move|p1a: Talonflame|Roost|p1a: Talonflame
|-heal|p1a: Talonflame|278\/359
|move|p2a: Red Bull|Knock Off|p1a: Talonflame
|-damage|p1a: Talonflame|41\/359
|-enditem|p1a: Talonflame|Leftovers|[from] move: Knock Off|[of] p2a: Red Bull
|-damage|p2a: Red Bull|113\/344|[from] item: Life Orb
|
|turn|23
|
|move|p1a: Talonflame|Roost|p1a: Talonflame
|-heal|p1a: Talonflame|221\/359
|move|p2a: Red Bull|Knock Off|p1a: Talonflame
|-damage|p1a: Talonflame|81\/359
|-damage|p2a: Red Bull|79\/344|[from] item: Life Orb
|
|turn|24
|
|switch|p2a: Zlatan|Thundurus, M|212\/299
|move|p1a: Talonflame|Roost|p1a: Talonflame
|-heal|p1a: Talonflame|261\/359
|
|turn|25
|
|move|p1a: Talonflame|Brave Bird|p2a: Zlatan
|-resisted|p2a: Zlatan
|-damage|p2a: Zlatan|1\/299
|-damage|p1a: Talonflame|191\/359|[from] recoil|[of] p2a: Zlatan
|move|p2a: Zlatan|Thunderbolt|p1a: Talonflame
|-supereffective|p1a: Talonflame
|-damage|p1a: Talonflame|0 fnt
|-damage|p2a: Zlatan|0 fnt|[from] item: Life Orb
|faint|p1a: Talonflame
|faint|p2a: Zlatan
|
|win|Fabio96
|raw|Ladder updating...
|raw|munkeychowder's rating: 1512 &rarr; <strong>1495<\/strong><br \/>(-17 for losing)
|raw|Fabio96's rating: 1564 &rarr; <strong>1581<\/strong><br \/>(+17 for winning)
|c|âmunkeychowder|gg
|c|âFabio96|gg