|inactive|Battle timer is ON: inactive players will automatically lose when time's up.
|join|PK Gaming
|join|kokoloko
|player|p1|PK Gaming|137
|player|p2|kokoloko|170
|gametype|singles
|gen|6
|tier|UU
|rule|Sleep Clause Mod: Limit one foe put to sleep
|rule|Species Clause: Limit one of each PokÃ©mon
|rule|OHKO Clause: OHKO moves are banned
|rule|Moody Clause: Moody is banned
|rule|Evasion Moves Clause: Evasion moves are banned
|rule|Endless Battle Clause: Forcing endless battles is banned
|rule|HP Percentage Mod: HP is shown in percentages
|clearpoke
|poke|p1|Machamp, M
|poke|p1|Shaymin
|poke|p1|Jirachi
|poke|p1|Sableye, F
|poke|p1|Swampert, M
|poke|p1|Alakazam, M
|poke|p2|Lucario, M
|poke|p2|Crobat, M
|poke|p2|Swampert, F
|poke|p2|Celebi
|poke|p2|Hydreigon, F
|poke|p2|Metagross, shiny
|rule|Swagger Clause: Swagger is banned
|rule|Baton Pass Clause: Limit one PokÃ©mon knowing Baton Pass
|teampreview
|c|âkokoloko|hey i know this team!!
|c|âkokoloko|im pretty weak to it lol
|c|âPK Gaming|:p
|
|start
|switch|p1a: Machamp|Machamp, M|363\/363
|switch|p2a: Celebi|Celebi|401\/401
|turn|1
|
|switch|p1a: Jirachi|Jirachi|341\/341
|move|p2a: Celebi|Swords Dance|p2a: Celebi
|-boost|p2a: Celebi|atk|2
|
|turn|2
|
|move|p1a: Jirachi|U-turn|p2a: Celebi
|-supereffective|p2a: Celebi
|-damage|p2a: Celebi|145\/401
|-enditem|p2a: Celebi|Weakness Policy
|-boost|p2a: Celebi|atk|2|[from] item: Weakness Policy
|-boost|p2a: Celebi|spa|2|[from] item: Weakness Policy
|c|âkokoloko|cool.
|c|âPK Gaming|oh you motherfucker
|c|âkokoloko|gl
|join|Omfuga
|join|PURRL
|join|Typhlito
|
|switch|p1a: Sableye|Sableye, F|303\/303
|move|p2a: Celebi|Baton Pass|p2a: Celebi
|c|@Typhlito|oo
|join|bouff
|join|potato14798
|
|switch|p2a: Lucario|Lucario, M|281\/281
|
|turn|3
|join|Lasagne
|c|âkokoloko|its mixed luke i promise
|
|move|p2a: Lucario|Bullet Punch|p1a: Sableye
|-damage|p1a: Sableye|56\/303
|-damage|p2a: Lucario|253\/281|[from] item: Life Orb
|move|p1a: Sableye|Will-O-Wisp|p2a: Lucario
|-status|p2a: Lucario|brn
|
|-heal|p1a: Sableye|74\/303|[from] item: Leftovers
|-damage|p2a: Lucario|218\/281 brn|[from] brn
|turn|4
|c|âkokoloko|damn why did i make that physdef
|join|P2P
|c|âPK Gaming|lol
|
|move|p2a: Lucario|Bullet Punch|p1a: Sableye
|-damage|p1a: Sableye|0 fnt
|-damage|p2a: Lucario|190\/281 brn|[from] item: Life Orb
|faint|p1a: Sableye
|
|-damage|p2a: Lucario|155\/281 brn|[from] brn
|
|switch|p1a: Shaymin|Shaymin|341\/341
|turn|5
|c|âkokoloko|successful lure tho im happy
|
|move|p2a: Lucario|Extreme Speed|p1a: Shaymin
|-damage|p1a: Shaymin|150\/341
|-damage|p2a: Lucario|127\/281 brn|[from] item: Life Orb
|move|p1a: Shaymin|Earth Power|p2a: Lucario
|-supereffective|p2a: Lucario
|-damage|p2a: Lucario|0 fnt
|-damage|p1a: Shaymin|116\/341|[from] item: Life Orb
|faint|p2a: Lucario
|
|
|switch|p2a: Crobat|Crobat, M|343\/343
|turn|6
|
|switch|p1a: Jirachi|Jirachi|341\/341
|move|p2a: Crobat|Brave Bird|p1a: Jirachi
|-resisted|p1a: Jirachi
|-damage|p1a: Jirachi|267\/341
|-damage|p2a: Crobat|319\/343|[from] recoil|[of] p1a: Jirachi
|
|-heal|p2a: Crobat|340\/343|[from] item: Black Sludge
|turn|7
|join|CrashinBoomBang
|leave|Lasagne
|
|move|p1a: Jirachi|U-turn|p2a: Crobat
|-resisted|p2a: Crobat
|-damage|p2a: Crobat|321\/343
|
|switch|p1a: Swampert|Swampert, M|401\/401
|move|p2a: Crobat|Brave Bird|p1a: Swampert
|-damage|p1a: Swampert|274\/401
|-damage|p2a: Crobat|279\/343|[from] recoil|[of] p1a: Swampert
|
|-heal|p2a: Crobat|300\/343|[from] item: Black Sludge
|-heal|p1a: Swampert|299\/401|[from] item: Leftovers
|turn|8
|
|move|p2a: Crobat|Brave Bird|p1a: Swampert
|-damage|p1a: Swampert|175\/401
|-damage|p2a: Crobat|259\/343|[from] recoil|[of] p1a: Swampert
|move|p1a: Swampert|Stealth Rock|p2a: Crobat
|-sidestart|p2: kokoloko|move: Stealth Rock
|
|-heal|p2a: Crobat|280\/343|[from] item: Black Sludge
|-heal|p1a: Swampert|200\/401|[from] item: Leftovers
|turn|9
|c|âPK Gaming|Oh fuck I forgot about the D
|
|move|p2a: Crobat|Brave Bird|p1a: Swampert
|-damage|p1a: Swampert|89\/401
|-damage|p2a: Crobat|243\/343|[from] recoil|[of] p1a: Swampert
|move|p1a: Swampert|Scald|p2a: Crobat
|-damage|p2a: Crobat|89\/343
|
|-heal|p2a: Crobat|110\/343|[from] item: Black Sludge
|-heal|p1a: Swampert|114\/401|[from] item: Leftovers
|turn|10
|
|move|p2a: Crobat|Roost|p2a: Crobat
|-heal|p2a: Crobat|282\/343
|move|p1a: Swampert|Scald|p2a: Crobat
|-damage|p2a: Crobat|125\/343
|-status|p2a: Crobat|brn
|
|-heal|p2a: Crobat|146\/343 brn|[from] item: Black Sludge
|-heal|p1a: Swampert|139\/401|[from] item: Leftovers
|-damage|p2a: Crobat|104\/343 brn|[from] brn
|turn|11
|c|âkokoloko|damn,,,
|join|DracoMalfoy
|
|move|p1a: Swampert|Protect|p1a: Swampert
|-singleturn|p1a: Swampert|Protect
|move|p2a: Crobat|Defog|p1a: Swampert
|-activate|p1a: Swampert|Protect
|
|-heal|p2a: Crobat|125\/343 brn|[from] item: Black Sludge
|-heal|p1a: Swampert|164\/401|[from] item: Leftovers
|-damage|p2a: Crobat|83\/343 brn|[from] brn
|turn|12
|
|move|p2a: Crobat|Taunt|p1a: Swampert
|-start|p1a: Swampert|move: Taunt
|move|p1a: Swampert|Scald|p2a: Crobat
|-damage|p2a: Crobat|0 fnt
|faint|p2a: Crobat
|
|-heal|p1a: Swampert|189\/401|[from] item: Leftovers
|
|switch|p2a: Celebi|Celebi|145\/401
|-damage|p2a: Celebi|95\/401|[from] Stealth Rock
|turn|13
|join|Valentine
|
|switch|p1a: Jirachi|Jirachi|267\/341
|move|p2a: Celebi|Recover|p2a: Celebi
|-heal|p2a: Celebi|296\/401
|
|turn|14
|join|e7e
|
|move|p1a: Jirachi|U-turn|p2a: Celebi
|-supereffective|p2a: Celebi
|-damage|p2a: Celebi|40\/401
|
|switch|p1a: Alakazam|Alakazam, M|252\/252
|move|p2a: Celebi|Recover|p2a: Celebi
|-heal|p2a: Celebi|241\/401
|
|turn|15
|
|detailschange|p1a: Alakazam|Alakazam-Mega, M
|message|Alakazam has Mega Evolved into Mega Alakazam!
|-ability|p1a: Alakazam|Natural Cure|[from] ability: Trace|[of] p2a: Celebi
|move|p1a: Alakazam|Shadow Ball|p2a: Celebi
|-supereffective|p2a: Celebi
|-damage|p2a: Celebi|27\/401
|move|p2a: Celebi|Seed Bomb|p1a: Alakazam
|-damage|p1a: Alakazam|110\/252
|
|turn|16
|
|move|p1a: Alakazam|Shadow Ball|p2a: Celebi
|-supereffective|p2a: Celebi
|-damage|p2a: Celebi|0 fnt
|faint|p2a: Celebi
|
|join|iu m
|
|switch|p2a: Hydreigon|Hydreigon, F|325\/325
|-damage|p2a: Hydreigon|285\/325|[from] Stealth Rock
|turn|17
|
|move|p1a: Alakazam|Protect|p1a: Alakazam
|-singleturn|p1a: Alakazam|Protect
|move|p2a: Hydreigon|U-turn|p1a: Alakazam
|-activate|p1a: Alakazam|Protect
|
|turn|18
|
|switch|p1a: Machamp|Machamp, M|363\/363
|move|p2a: Hydreigon|U-turn|p1a: Machamp
|-resisted|p1a: Machamp
|-damage|p1a: Machamp|331\/363
|join|Jirachee
|
|switch|p2a: Metagross|Metagross, shiny|302\/302
|-damage|p2a: Metagross|284\/302|[from] Stealth Rock
|
|turn|19
|
|switch|p1a: Swampert|Swampert, M|189\/401
|move|p2a: Metagross|Zen Headbutt|p1a: Swampert
|-damage|p1a: Swampert|49\/401
|-damage|p2a: Metagross|254\/302|[from] item: Life Orb
|
|-heal|p1a: Swampert|74\/401|[from] item: Leftovers
|turn|20
|
|move|p1a: Swampert|Protect|p1a: Swampert
|-singleturn|p1a: Swampert|Protect
|move|p2a: Metagross|Earthquake|p1a: Swampert
|-activate|p1a: Swampert|Protect
|
|-heal|p1a: Swampert|99\/401|[from] item: Leftovers
|turn|21
|c|âkokoloko|lol did u really
|c|âkokoloko|just risk that
|c|âkokoloko|if i agility you lose
|c|âPK Gaming|As Eo ut Mortus would say
|c|âPK Gaming|"Risk management"
|
|move|p2a: Metagross|Earthquake|p1a: Swampert
|-damage|p1a: Swampert|0 fnt
|-damage|p2a: Metagross|224\/302|[from] item: Life Orb
|faint|p1a: Swampert
|
|c|âkokoloko|there was
|c|âkokoloko|no upside there
|c|âkokoloko|lol
|c|âPK Gaming|lol
|join|cbt
|join|horyzhnz
|leave|P2P
|join|flcl
|
|switch|p1a: Jirachi|Jirachi|267\/341
|turn|22
|
|switch|p2a: Hydreigon|Hydreigon, F|285\/325
|-damage|p2a: Hydreigon|245\/325|[from] Stealth Rock
|move|p1a: Jirachi|Trick|p2a: Hydreigon
|-activate|p1a: Jirachi|move: Trick|[of] p2a: Hydreigon
|-item|p2a: Hydreigon|Choice Scarf|[from] move: Trick
|-item|p1a: Jirachi|Choice Scarf|[from] move: Trick
|
|turn|23
|
|move|p1a: Jirachi|U-turn|p2a: Hydreigon
|-supereffective|p2a: Hydreigon
|-damage|p2a: Hydreigon|105\/325
|
|switch|p1a: Machamp|Machamp, M|331\/363
|move|p2a: Hydreigon|U-turn|p1a: Machamp
|-resisted|p1a: Machamp
|-damage|p1a: Machamp|298\/363
|c|âkokoloko|thats so dumb you shouldnt be able to switch moves when you do that lol
|
|switch|p2a: Metagross|Metagross, shiny|224\/302
|-damage|p2a: Metagross|206\/302|[from] Stealth Rock
|
|turn|24
|leave|flcl
|
|move|p2a: Metagross|Zen Headbutt|p1a: Machamp
|-supereffective|p1a: Machamp
|-damage|p1a: Machamp|0 fnt
|-damage|p2a: Metagross|176\/302|[from] item: Life Orb
|faint|p1a: Machamp
|
|
|switch|p1a: Jirachi|Jirachi|267\/341
|turn|25
|
|move|p1a: Jirachi|Trick|p2a: Metagross
|-activate|p1a: Jirachi|move: Trick|[of] p2a: Metagross
|-item|p2a: Metagross|Choice Scarf|[from] move: Trick
|-item|p1a: Jirachi|Life Orb|[from] move: Trick
|move|p2a: Metagross|Earthquake|p1a: Jirachi
|-supereffective|p1a: Jirachi
|-damage|p1a: Jirachi|1\/341
|
|turn|26
|leave|potato14798
|
|move|p2a: Metagross|Earthquake|p1a: Jirachi
|-supereffective|p1a: Jirachi
|-damage|p1a: Jirachi|0 fnt
|faint|p1a: Jirachi
|
|
|switch|p1a: Shaymin|Shaymin|116\/341
|turn|27
|
|switch|p2a: Swampert|Swampert, F|401\/401
|-damage|p2a: Swampert|376\/401|[from] Stealth Rock
|move|p1a: Shaymin|Synthesis|p1a: Shaymin
|-heal|p1a: Shaymin|286\/341
|
|-heal|p2a: Swampert|401\/401|[from] item: Leftovers
|turn|28
|
|move|p1a: Shaymin|Seed Flare|p2a: Swampert
|-supereffective|p2a: Swampert
|-damage|p2a: Swampert|0 fnt
|-damage|p1a: Shaymin|252\/341|[from] item: Life Orb
|faint|p2a: Swampert
|
|
|switch|p2a: Metagross|Metagross, shiny|176\/302
|-damage|p2a: Metagross|158\/302|[from] Stealth Rock
|turn|29
|c|âPK Gaming|gg
|
|move|p2a: Metagross|Meteor Mash|p1a: Shaymin
|-damage|p1a: Shaymin|75\/341
|move|p1a: Shaymin|Earth Power|p2a: Metagross
|-supereffective|p2a: Metagross
|-damage|p2a: Metagross|0 fnt
|-damage|p1a: Shaymin|41\/341|[from] item: Life Orb
|faint|p2a: Metagross
|
|c|âkokoloko|g_g
|
|switch|p2a: Hydreigon|Hydreigon, F|105\/325
|-damage|p2a: Hydreigon|65\/325|[from] Stealth Rock
|turn|30
|
|move|p2a: Hydreigon|Dark Pulse|p1a: Shaymin
|-damage|p1a: Shaymin|0 fnt
|faint|p1a: Shaymin
|
|c|@Valentine|was it non bp
|
|switch|p1a: Alakazam|Alakazam-Mega, M|110\/252
|-ability|p1a: Alakazam|Levitate|[from] ability: Trace|[of] p2a: Hydreigon
|turn|31
|
|move|p2a: Hydreigon|Dark Pulse|p1a: Alakazam
|-supereffective|p1a: Alakazam
|-damage|p1a: Alakazam|0 fnt
|faint|p1a: Alakazam
|
|win|kokoloko
|c|@Valentine|o..
|c|âkokoloko|it was bp
|c|âkokoloko|hello
|leave|DracoMalfoy
|c|âkokoloko|lol
|leave|CrashinBoomBang
|leave|PURRL
|leave|Jirachee
|leave|PK Gaming
|player|p1
|leave|Valentine
|leave|e7e