|join|kokoloko
|join|Psychotic
|player|p1|kokoloko|102
|player|p2|Psychotic|253
|gametype|singles
|gen|6
|tier|UU
|rule|Sleep Clause Mod: Limit one foe put to sleep
|rule|Species Clause: Limit one of each PokÃ©mon
|rule|OHKO Clause: OHKO moves are banned
|rule|Moody Clause: Moody is banned
|rule|Evasion Moves Clause: Evasion moves are banned
|rule|Endless Battle Clause: Forcing endless battles is banned
|rule|HP Percentage Mod: HP is shown in percentages
|clearpoke
|poke|p1|Crobat, F
|poke|p1|Empoleon, F
|poke|p1|Celebi
|poke|p1|Jirachi
|poke|p1|Gallade, M
|poke|p1|Krookodile, F
|poke|p2|Hippowdon, M
|poke|p2|Abomasnow, F
|poke|p2|Tentacruel, F
|poke|p2|Fletchinder, M
|poke|p2|Empoleon, F
|poke|p2|Jirachi
|rule|Swagger Clause: Swagger is banned
|rule|Baton Pass Clause: Limit one PokÃ©mon knowing Baton Pass
|teampreview
|join|36 SEASONS
|join|IUM
|join|Croven
|join|Key
|join|King Tsunami
|join|Frozen Sniper
|join|Praj.pran
|join|Hot N Gabbana
|
|start
|switch|p1a: Krookodile|Krookodile, F|331\/331
|switch|p2a: Jirachi|Jirachi|341\/341
|-ability|p1a: Krookodile|Intimidate|[of] p2a: Jirachi
|-unboost|p2a: Jirachi|atk|1
|turn|1
|
|move|p2a: Jirachi|U-turn|p1a: Krookodile
|-supereffective|p1a: Krookodile
|-damage|p1a: Krookodile|209\/331
|join|Tesung
|
|move|p1a: Krookodile|Pursuit|p2a: Jirachi|[from]Pursuit
|-supereffective|p2a: Jirachi
|-damage|p2a: Jirachi|0 fnt
|faint|p2a: Jirachi
|
|
|switch|p2a: Hippowdon|Hippowdon, M|420\/420
|-weather|Sandstorm
|turn|2
|c|âPsychotic|it learns that?
|c|âPsychotic|who knew
|c|âkokoloko|lol
|
|switch|p1a: Celebi|Celebi|401\/401
|move|p2a: Hippowdon|Stealth Rock|p1a: Celebi
|-sidestart|p1: kokoloko|move: Stealth Rock
|
|-weather|Sandstorm|[upkeep]
|-damage|p1a: Celebi|376\/401|[from] sandstorm
|turn|3
|
|move|p1a: Celebi|Swords Dance|p1a: Celebi
|-boost|p1a: Celebi|atk|2
|move|p2a: Hippowdon|Whirlwind|p1a: Celebi
|drag|p1a: Jirachi|Jirachi|341\/341
|-damage|p1a: Jirachi|320\/341|[from] Stealth Rock
|
|-weather|Sandstorm|[upkeep]
|turn|4
|join|edgar
|
|move|p1a: Jirachi|Trick|p2a: Hippowdon
|-activate|p1a: Jirachi|move: Trick|[of] p2a: Hippowdon
|-item|p2a: Hippowdon|Choice Scarf|[from] move: Trick
|-item|p1a: Jirachi|Leftovers|[from] move: Trick
|move|p2a: Hippowdon|Earthquake|p1a: Jirachi
|-supereffective|p1a: Jirachi
|-damage|p1a: Jirachi|74\/341
|
|-weather|Sandstorm|[upkeep]
|-heal|p1a: Jirachi|95\/341|[from] item: Leftovers
|turn|5
|join|WEPWN
|c|+edgar|whts this for dldos
|c|âkokoloko|4 fun
|c| Hot N Gabbana|spl.
|c|âPsychotic|tha championship.
|c|âkokoloko|its for smogon tour
|c|+WEPWN|did u jus call em dildos..
|
|move|p1a: Jirachi|U-turn|p2a: Hippowdon
|-damage|p2a: Hippowdon|374\/420
|c|+Key|thats so wepwn
|
|switch|p1a: Celebi|Celebi|376\/401
|-damage|p1a: Celebi|326\/401|[from] Stealth Rock
|move|p2a: Hippowdon|Earthquake|p1a: Celebi
|-resisted|p1a: Celebi
|-damage|p1a: Celebi|260\/401
|
|-weather|Sandstorm|[upkeep]
|-damage|p1a: Celebi|235\/401|[from] sandstorm
|turn|6
|
|switch|p2a: Fletchinder|Fletchinder, M|328\/328
|move|p1a: Celebi|Baton Pass|p1a: Celebi
|
|switch|p1a: Krookodile|Krookodile, F|209\/331
|-damage|p1a: Krookodile|189\/331|[from] Stealth Rock
|-ability|p1a: Krookodile|Intimidate|[of] p2a: Fletchinder
|-unboost|p2a: Fletchinder|atk|1
|
|-weather|none
|turn|7
|
|switch|p2a: Hippowdon|Hippowdon, M|374\/420
|-weather|Sandstorm
|move|p1a: Krookodile|Knock Off|p2a: Hippowdon
|-crit|p2a: Hippowdon
|-damage|p2a: Hippowdon|151\/420
|-enditem|p2a: Hippowdon|Choice Scarf|[from] move: Knock Off|[of] p1a: Krookodile
|
|-weather|Sandstorm|[upkeep]
|turn|8
|c|âPsychotic|sweet
|
|switch|p1a: Empoleon|Empoleon, F|371\/371
|-damage|p1a: Empoleon|348\/371|[from] Stealth Rock
|move|p2a: Hippowdon|Slack Off|p2a: Hippowdon
|-heal|p2a: Hippowdon|361\/420
|
|-weather|Sandstorm|[upkeep]
|-heal|p1a: Empoleon|371\/371|[from] item: Leftovers
|turn|9
|c|âPsychotic|thank god you did that
|
|move|p1a: Empoleon|Scald|p2a: Hippowdon
|-supereffective|p2a: Hippowdon
|-damage|p2a: Hippowdon|77\/420
|-status|p2a: Hippowdon|brn
|move|p2a: Hippowdon|Earthquake|p1a: Empoleon
|-supereffective|p1a: Empoleon
|-damage|p1a: Empoleon|233\/371
|
|-weather|Sandstorm|[upkeep]
|-heal|p1a: Empoleon|256\/371|[from] item: Leftovers
|-damage|p2a: Hippowdon|25\/420 brn|[from] brn
|turn|10
|c|âkokoloko|i almost pursuited but 2 risky
|
|move|p1a: Empoleon|Defog|p2a: Hippowdon
|-unboost|p2a: Hippowdon|evasion|1
|-sideend|p1: kokoloko|Stealth Rock|[from] move: Defog|[of] p1a: Empoleon
|move|p2a: Hippowdon|Earthquake|p1a: Empoleon
|-supereffective|p1a: Empoleon
|-damage|p1a: Empoleon|118\/371
|
|-weather|Sandstorm|[upkeep]
|-heal|p1a: Empoleon|141\/371|[from] item: Leftovers
|-damage|p2a: Hippowdon|0 fnt|[from] brn
|faint|p2a: Hippowdon
|c|âPsychotic|wtf some banded crobat action
|
|switch|p2a: Abomasnow|Abomasnow, F|381\/381
|-weather|Hail
|turn|11
|
|switch|p1a: Krookodile|Krookodile, F|189\/331
|-ability|p1a: Krookodile|Intimidate|[of] p2a: Abomasnow
|-unboost|p2a: Abomasnow|atk|1
|move|p2a: Abomasnow|Wood Hammer|p1a: Krookodile
|-supereffective|p1a: Krookodile
|-damage|p1a: Krookodile|0 fnt
|-damage|p2a: Abomasnow|319\/381|[from] recoil|[of] p1a: Krookodile
|faint|p1a: Krookodile
|
|-weather|Hail|[upkeep]
|
|switch|p1a: Gallade|Gallade, M|277\/277
|turn|12
|join|B is for Brutus
|c| Hot N Gabbana|=)
|c|âPsychotic|HmMmM
|
|detailschange|p1a: Gallade|Gallade-Mega, M
|message|Gallade has Mega Evolved into Mega Gallade!
|detailschange|p2a: Abomasnow|Abomasnow-Mega, F
|message|Abomasnow has Mega Evolved into Mega Abomasnow!
|move|p2a: Abomasnow|Ice Shard|p1a: Gallade
|-damage|p1a: Gallade|220\/277
|move|p1a: Gallade|Close Combat|p2a: Abomasnow
|-supereffective|p2a: Abomasnow
|-damage|p2a: Abomasnow|0 fnt
|-unboost|p1a: Gallade|def|1
|-unboost|p1a: Gallade|spd|1
|faint|p2a: Abomasnow
|
|-weather|Hail|[upkeep]
|-damage|p1a: Gallade|203\/277|[from] hail
|
|switch|p2a: Fletchinder|Fletchinder, M|328\/328
|turn|13
|
|move|p1a: Gallade|Close Combat|p2a: Fletchinder
|-resisted|p2a: Fletchinder
|-damage|p2a: Fletchinder|118\/328
|-unboost|p1a: Gallade|def|1
|-unboost|p1a: Gallade|spd|1
|move|p2a: Fletchinder|Swords Dance|p2a: Fletchinder
|-boost|p2a: Fletchinder|atk|2
|
|-weather|Hail|[upkeep]
|-damage|p1a: Gallade|186\/277|[from] hail
|-damage|p2a: Fletchinder|98\/328|[from] hail
|turn|14
|
|move|p2a: Fletchinder|Acrobatics|p1a: Gallade
|-supereffective|p1a: Gallade
|-damage|p1a: Gallade|0 fnt
|faint|p1a: Gallade
|
|-weather|Hail|[upkeep]
|-damage|p2a: Fletchinder|78\/328|[from] hail
|join|e7e
|
|switch|p1a: Empoleon|Empoleon, F|141\/371
|turn|15
|
|move|p2a: Fletchinder|Acrobatics|p1a: Empoleon
|-resisted|p1a: Empoleon
|-damage|p1a: Empoleon|0 fnt
|faint|p1a: Empoleon
|
|-weather|none
|c|âkokoloko|o
|c|+B is for Brutus|berd
|c|âkokoloko|that sucks
|c|âkokoloko|lol
|
|switch|p1a: Crobat|Crobat, F|373\/373
|turn|16
|leave|e7e
|c|âPsychotic|no zen headbutt?
|c|âkokoloko|n
|c|âkokoloko|ice punch
|c|âkokoloko|idk why
|c|âPsychotic|ah
|
|move|p2a: Fletchinder|Acrobatics|p1a: Crobat
|-crit|p1a: Crobat
|-damage|p1a: Crobat|0 fnt
|faint|p1a: Crobat
|
|c|âkokoloko|lol dam
|c|âPsychotic|was that
|c|âkokoloko|i think i live that
|c|âPsychotic|band
|c|âkokoloko|nah
|c|âPsychotic|did it have
|c|âkokoloko|its max hp and some def
|c|âPsychotic|taunt
|c|âkokoloko|y
|c|âPsychotic|ya you might have had a chance if it did
|c|âPsychotic|w\/e
|c|âPsychotic|gg
|c|âkokoloko|if i live it celebi sweeps
|c|âkokoloko|gg
|
|switch|p1a: Jirachi|Jirachi|95\/341
|turn|17
|leave|B is for Brutus
|
|move|p2a: Fletchinder|Acrobatics|p1a: Jirachi
|-resisted|p1a: Jirachi
|-damage|p1a: Jirachi|0 fnt
|faint|p1a: Jirachi
|
|
|switch|p1a: Celebi|Celebi|235\/401
|turn|18
|join|BLINGAS
|
|move|p2a: Fletchinder|Acrobatics|p1a: Celebi
|-supereffective|p1a: Celebi
|-damage|p1a: Celebi|0 fnt
|faint|p1a: Celebi
|
|win|Psychotic
|leave|Hot N Gabbana
|leave|Psychotic
|player|p2
|leave|kokoloko
|player|p1
|leave|IUM
|join|Soulgazer
|leave|BLINGAS
|join|daftmau5
|leave|Praj.pran
|leave|Croven
|join|Candiez