|join|kokoloko
|join|Merve
|player|p1|kokoloko|2
|player|p2|Merve|291
|gametype|singles
|gen|6
|tier|UU
|rated
|rule|Sleep Clause Mod: Limit one foe put to sleep
|rule|Species Clause: Limit one of each PokÃ©mon
|rule|OHKO Clause: OHKO moves are banned
|rule|Moody Clause: Moody is banned
|rule|Evasion Moves Clause: Evasion moves are banned
|rule|Endless Battle Clause: Forcing endless battles is banned
|rule|HP Percentage Mod: HP is shown in percentages
|clearpoke
|poke|p1|Crobat, F
|poke|p1|Empoleon, F
|poke|p1|Celebi
|poke|p1|Jirachi
|poke|p1|Gallade, M
|poke|p1|Krookodile, M
|poke|p2|Beedrill, M
|poke|p2|Haxorus, M
|poke|p2|Swampert, F
|poke|p2|Chesnaught, F
|poke|p2|Jirachi
|poke|p2|Starmie
|rule|Swagger Clause: Swagger is banned
|rule|Baton Pass Clause: Limit one PokÃ©mon knowing Baton Pass
|teampreview
|c|âMerve|hello
|
|start
|switch|p1a: Celebi|Celebi|401\/401
|switch|p2a: Swampert|Swampert, F|404\/404
|turn|1
|c|âkokoloko|hello
|
|switch|p2a: Beedrill|Beedrill, M|271\/271
|move|p1a: Celebi|Swords Dance|p1a: Celebi
|-boost|p1a: Celebi|atk|2
|
|turn|2
|
|switch|p1a: Crobat|Crobat, F|373\/373
|detailschange|p2a: Beedrill|Beedrill-Mega, M
|message|Beedrill has Mega Evolved into Mega Beedrill!
|move|p2a: Beedrill|U-turn|p1a: Crobat
|-resisted|p1a: Crobat
|-damage|p1a: Crobat|317\/373
|
|switch|p2a: Jirachi|Jirachi|404\/404
|
|turn|3
|
|move|p1a: Crobat|U-turn|p2a: Jirachi
|-damage|p2a: Jirachi|351\/404
|
|switch|p1a: Empoleon|Empoleon, F|371\/371
|move|p2a: Jirachi|Fire Punch|p1a: Empoleon
|-damage|p1a: Empoleon|307\/371
|
|-heal|p2a: Jirachi|376\/404|[from] item: Leftovers
|-heal|p1a: Empoleon|330\/371|[from] item: Leftovers
|turn|4
|
|move|p2a: Jirachi|Fire Punch|p1a: Empoleon
|-damage|p1a: Empoleon|259\/371
|move|p1a: Empoleon|Stealth Rock|p2a: Jirachi
|-sidestart|p2: Merve|move: Stealth Rock
|
|-heal|p2a: Jirachi|401\/404|[from] item: Leftovers
|-heal|p1a: Empoleon|282\/371|[from] item: Leftovers
|turn|5
|
|move|p2a: Jirachi|Substitute|p2a: Jirachi
|-start|p2a: Jirachi|Substitute
|-damage|p2a: Jirachi|300\/404
|move|p1a: Empoleon|Scald|p2a: Jirachi
|-activate|p2a: Jirachi|Substitute|[damage]
|
|-heal|p2a: Jirachi|325\/404|[from] item: Leftovers
|-heal|p1a: Empoleon|305\/371|[from] item: Leftovers
|turn|6
|
|move|p2a: Jirachi|Fire Punch|p1a: Empoleon
|-damage|p1a: Empoleon|241\/371
|move|p1a: Empoleon|Scald|p2a: Jirachi
|-end|p2a: Jirachi|Substitute
|
|-heal|p2a: Jirachi|350\/404|[from] item: Leftovers
|-heal|p1a: Empoleon|264\/371|[from] item: Leftovers
|turn|7
|
|switch|p2a: Starmie|Starmie|323\/323
|-damage|p2a: Starmie|283\/323|[from] Stealth Rock
|switch|p1a: Krookodile|Krookodile, M|331\/331
|-ability|p1a: Krookodile|Intimidate|[of] p2a: Starmie
|-unboost|p2a: Starmie|atk|1
|
|-heal|p2a: Starmie|303\/323|[from] item: Leftovers
|turn|8
|
|switch|p2a: Chesnaught|Chesnaught, F|380\/380
|-damage|p2a: Chesnaught|357\/380|[from] Stealth Rock
|move|p1a: Krookodile|Knock Off|p2a: Chesnaught
|-resisted|p2a: Chesnaught
|-damage|p2a: Chesnaught|286\/380
|-enditem|p2a: Chesnaught|Leftovers|[from] move: Knock Off|[of] p1a: Krookodile
|
|turn|9
|
|switch|p1a: Celebi|Celebi|401\/401
|move|p2a: Chesnaught|Spikes|p1a: Celebi
|-sidestart|p1: kokoloko|Spikes
|
|turn|10
|
|switch|p2a: Jirachi|Jirachi|350\/404
|-damage|p2a: Jirachi|325\/404|[from] Stealth Rock
|move|p1a: Celebi|Swords Dance|p1a: Celebi
|-boost|p1a: Celebi|atk|2
|
|-heal|p2a: Jirachi|350\/404|[from] item: Leftovers
|turn|11
|
|switch|p1a: Krookodile|Krookodile, M|331\/331
|-damage|p1a: Krookodile|290\/331|[from] Spikes
|-ability|p1a: Krookodile|Intimidate|[of] p2a: Jirachi
|-unboost|p2a: Jirachi|atk|1
|move|p2a: Jirachi|Toxic|p1a: Krookodile
|-status|p1a: Krookodile|tox
|
|-heal|p2a: Jirachi|375\/404|[from] item: Leftovers
|-damage|p1a: Krookodile|270\/331 tox|[from] psn
|turn|12
|
|move|p1a: Krookodile|Pursuit|p2a: Jirachi
|-supereffective|p2a: Jirachi
|-damage|p2a: Jirachi|157\/404
|move|p2a: Jirachi|Iron Head|p1a: Krookodile
|-damage|p1a: Krookodile|192\/331 tox
|
|-heal|p2a: Jirachi|182\/404|[from] item: Leftovers
|-damage|p1a: Krookodile|152\/331 tox|[from] psn
|turn|13
|
|move|p1a: Krookodile|Pursuit|p2a: Jirachi
|-supereffective|p2a: Jirachi
|-damage|p2a: Jirachi|0 fnt
|faint|p2a: Jirachi
|
|-damage|p1a: Krookodile|92\/331 tox|[from] psn
|
|switch|p2a: Swampert|Swampert, F|404\/404
|-damage|p2a: Swampert|379\/404|[from] Stealth Rock
|turn|14
|
|switch|p1a: Celebi|Celebi|401\/401
|-damage|p1a: Celebi|351\/401|[from] Spikes
|move|p2a: Swampert|Stealth Rock|p1a: Celebi
|-sidestart|p1: kokoloko|move: Stealth Rock
|
|-heal|p2a: Swampert|404\/404|[from] item: Leftovers
|turn|15
|
|move|p1a: Celebi|Baton Pass|p1a: Celebi
|
|switch|p1a: Krookodile|Krookodile, M|92\/331 tox
|-damage|p1a: Krookodile|72\/331 tox|[from] Stealth Rock
|-damage|p1a: Krookodile|31\/331 tox|[from] Spikes
|-ability|p1a: Krookodile|Intimidate|[of] p2a: Swampert
|-unboost|p2a: Swampert|atk|1
|move|p2a: Swampert|Roar|p1a: Krookodile
|drag|p1a: Jirachi|Jirachi|341\/341
|-damage|p1a: Jirachi|299\/341|[from] Spikes
|-damage|p1a: Jirachi|278\/341|[from] Stealth Rock
|
|turn|16
|
|move|p1a: Jirachi|Trick|p2a: Swampert
|-activate|p1a: Jirachi|move: Trick|[of] p2a: Swampert
|-item|p2a: Swampert|Choice Scarf|[from] move: Trick
|-item|p1a: Jirachi|Leftovers|[from] move: Trick
|move|p2a: Swampert|Earthquake|p1a: Jirachi
|-supereffective|p1a: Jirachi
|-damage|p1a: Jirachi|116\/341
|
|-heal|p1a: Jirachi|137\/341|[from] item: Leftovers
|turn|17
|
|switch|p2a: Starmie|Starmie|303\/323
|-damage|p2a: Starmie|263\/323|[from] Stealth Rock
|move|p1a: Jirachi|U-turn|p2a: Starmie
|-supereffective|p2a: Starmie
|-damage|p2a: Starmie|155\/323
|
|switch|p1a: Empoleon|Empoleon, F|264\/371
|-damage|p1a: Empoleon|241\/371|[from] Stealth Rock
|-damage|p1a: Empoleon|195\/371|[from] Spikes
|
|-heal|p2a: Starmie|175\/323|[from] item: Leftovers
|-heal|p1a: Empoleon|218\/371|[from] item: Leftovers
|turn|18
|
|move|p2a: Starmie|Rapid Spin|p1a: Empoleon
|-resisted|p1a: Empoleon
|-damage|p1a: Empoleon|212\/371
|-sideend|p2: Merve|Stealth Rock|[from] move: Rapid Spin|[of] p2a: Starmie
|move|p1a: Empoleon|Defog|p2a: Starmie
|-unboost|p2a: Starmie|evasion|1
|-sideend|p1: kokoloko|Spikes|[from] move: Defog|[of] p1a: Empoleon
|-sideend|p1: kokoloko|Stealth Rock|[from] move: Defog|[of] p1a: Empoleon
|
|-heal|p2a: Starmie|195\/323|[from] item: Leftovers
|-heal|p1a: Empoleon|235\/371|[from] item: Leftovers
|turn|19
|
|switch|p1a: Celebi|Celebi|351\/401
|move|p2a: Starmie|Scald|p1a: Celebi
|-resisted|p1a: Celebi
|-damage|p1a: Celebi|311\/401
|
|-heal|p2a: Starmie|215\/323|[from] item: Leftovers
|turn|20
|
|switch|p2a: Beedrill|Beedrill-Mega, M|271\/271
|move|p1a: Celebi|Baton Pass|p1a: Celebi
|
|switch|p1a: Crobat|Crobat, F|317\/373
|
|turn|21
|
|move|p2a: Beedrill|Protect|p2a: Beedrill
|-singleturn|p2a: Beedrill|Protect
|move|p1a: Crobat|Acrobatics|p2a: Beedrill
|-activate|p2a: Beedrill|Protect
|
|turn|22
|
|move|p2a: Beedrill|U-turn|p1a: Crobat
|-resisted|p1a: Crobat
|-damage|p1a: Crobat|266\/373
|
|switch|p2a: Swampert|Swampert, F|404\/404
|move|p1a: Crobat|U-turn|p2a: Swampert
|-damage|p2a: Swampert|368\/404
|
|switch|p1a: Krookodile|Krookodile, M|31\/331 tox
|-ability|p1a: Krookodile|Intimidate|[of] p2a: Swampert
|-unboost|p2a: Swampert|atk|1
|
|-damage|p1a: Krookodile|11\/331 tox|[from] psn
|turn|23
|
|move|p1a: Krookodile|Knock Off|p2a: Swampert
|-damage|p2a: Swampert|181\/404
|-enditem|p2a: Swampert|Choice Scarf|[from] move: Knock Off|[of] p1a: Krookodile
|move|p2a: Swampert|Stealth Rock|p1a: Krookodile
|-sidestart|p1: kokoloko|move: Stealth Rock
|
|-damage|p1a: Krookodile|0 fnt|[from] psn
|faint|p1a: Krookodile
|
|switch|p1a: Gallade|Gallade, M|277\/277
|-damage|p1a: Gallade|260\/277|[from] Stealth Rock
|turn|24
|
|detailschange|p1a: Gallade|Gallade-Mega, M
|message|Gallade has Mega Evolved into Mega Gallade!
|move|p1a: Gallade|Close Combat|p2a: Swampert
|-damage|p2a: Swampert|0 fnt
|-unboost|p1a: Gallade|def|1
|-unboost|p1a: Gallade|spd|1
|faint|p2a: Swampert
|
|
|switch|p2a: Beedrill|Beedrill-Mega, M|271\/271
|turn|25
|
|switch|p1a: Empoleon|Empoleon, F|235\/371
|-damage|p1a: Empoleon|212\/371|[from] Stealth Rock
|move|p2a: Beedrill|U-turn|p1a: Empoleon
|-resisted|p1a: Empoleon
|-damage|p1a: Empoleon|102\/371
|
|switch|p2a: Haxorus|Haxorus, M|293\/293
|-ability|p2a: Haxorus|Mold Breaker
|
|-heal|p1a: Empoleon|125\/371|[from] item: Leftovers
|turn|26
|
|move|p2a: Haxorus|Earthquake|p1a: Empoleon
|-supereffective|p1a: Empoleon
|-damage|p1a: Empoleon|0 fnt
|faint|p1a: Empoleon
|
|
|switch|p1a: Celebi|Celebi|311\/401
|-damage|p1a: Celebi|261\/401|[from] Stealth Rock
|turn|27
|
|switch|p2a: Beedrill|Beedrill-Mega, M|271\/271
|move|p1a: Celebi|Baton Pass|p1a: Celebi
|
|switch|p1a: Crobat|Crobat, F|266\/373
|-damage|p1a: Crobat|173\/373|[from] Stealth Rock
|
|turn|28
|
|move|p2a: Beedrill|U-turn|p1a: Crobat
|-resisted|p1a: Crobat
|-damage|p1a: Crobat|120\/373
|
|switch|p2a: Haxorus|Haxorus, M|293\/293
|-ability|p2a: Haxorus|Mold Breaker
|move|p1a: Crobat|Roost|p1a: Crobat
|-heal|p1a: Crobat|307\/373
|
|turn|29
|
|move|p2a: Haxorus|Outrage|p1a: Crobat
|-damage|p1a: Crobat|57\/373
|move|p1a: Crobat|Roost|p1a: Crobat
|-heal|p1a: Crobat|244\/373
|
|turn|30
|
|move|p2a: Haxorus|Outrage|p1a: Crobat
|-damage|p1a: Crobat|0 fnt
|faint|p1a: Crobat
|
|
|switch|p1a: Gallade|Gallade-Mega, M|260\/277
|-damage|p1a: Gallade|243\/277|[from] Stealth Rock
|turn|31
|
|switch|p1a: Jirachi|Jirachi|137\/341
|-damage|p1a: Jirachi|116\/341|[from] Stealth Rock
|move|p2a: Haxorus|Outrage|p1a: Jirachi
|-resisted|p1a: Jirachi
|-damage|p1a: Jirachi|0 fnt
|faint|p1a: Jirachi
|
|-end|p2a: Haxorus|rampage
|-start|p2a: Haxorus|confusion
|
|switch|p1a: Gallade|Gallade-Mega, M|243\/277
|-damage|p1a: Gallade|226\/277|[from] Stealth Rock
|turn|32
|
|switch|p2a: Chesnaught|Chesnaught, F|286\/380
|move|p1a: Gallade|Swords Dance|p1a: Gallade
|-boost|p1a: Gallade|atk|2
|
|turn|33
|
|move|p1a: Gallade|Swords Dance|p1a: Gallade
|-boost|p1a: Gallade|atk|2
|move|p2a: Chesnaught|Leech Seed|p1a: Gallade
|-start|p1a: Gallade|move: Leech Seed
|
|-damage|p1a: Gallade|192\/277|[from] Leech Seed|[of] p2a: Chesnaught
|-heal|p2a: Chesnaught|320\/380|[silent]
|turn|34
|
|move|p1a: Gallade|Swords Dance|p1a: Gallade
|-boost|p1a: Gallade|atk|2
|move|p2a: Chesnaught|Wood Hammer|p1a: Gallade
|-crit|p1a: Gallade
|-damage|p1a: Gallade|0 fnt
|-damage|p2a: Chesnaught|257\/380|[from] recoil|[of] p1a: Gallade
|faint|p1a: Gallade
|
|leave|kokoloko
|player|p1
|-message|kokoloko lost due to inactivity.
|
|win|Merve
|raw|Ladder updating...
|raw|kokoloko's rating: 1533 &rarr; <strong>1505<\/strong><br \/>(-28 for losing)
|raw|Merve's rating: 1386 &rarr; <strong>1414<\/strong><br \/>(+28 for winning)
|leave|Merve
|player|p2
|join|Merve