|join|kokoloko
|join|Dkhgr
|player|p1|kokoloko|169
|player|p2|Dkhgr|184
|gametype|singles
|gen|6
|tier|UU
|rated
|rule|Sleep Clause Mod: Limit one foe put to sleep
|rule|Species Clause: Limit one of each PokÃ©mon
|rule|OHKO Clause: OHKO moves are banned
|rule|Moody Clause: Moody is banned
|rule|Evasion Moves Clause: Evasion moves are banned
|rule|Endless Battle Clause: Forcing endless battles is banned
|rule|HP Percentage Mod: HP is shown in percentages
|clearpoke
|poke|p1|Pidgeot, F
|poke|p1|Starmie
|poke|p1|Krookodile, M, shiny
|poke|p1|Crobat, M
|poke|p1|Whimsicott, F, shiny
|poke|p1|Jirachi
|poke|p2|Nidoking, M
|poke|p2|Jirachi
|poke|p2|Blastoise, F
|poke|p2|Galvantula, M
|poke|p2|Honchkrow, M
|poke|p2|Florges, F
|rule|Swagger Clause: Swagger is banned
|rule|Baton Pass Clause: Limit one PokÃ©mon knowing Baton Pass
|teampreview
|join|mattp9
|
|start
|switch|p1a: Crobat|Crobat, M|373\/373
|switch|p2a: Ravenclaw|Honchkrow, M|341\/341
|turn|1
|
|switch|p2a: Clump|Jirachi|404\/404
|move|p1a: Crobat|U-turn|p2a: Clump
|-damage|p2a: Clump|368\/404
|
|switch|p1a: Krookodile|Krookodile, M, shiny|331\/331
|-ability|p1a: Krookodile|Intimidate|[of] p2a: Clump
|-unboost|p2a: Clump|atk|1
|
|-heal|p2a: Clump|393\/404|[from] item: Leftovers
|turn|2
|
|move|p1a: Krookodile|Knock Off|p2a: Clump
|-supereffective|p2a: Clump
|-damage|p2a: Clump|109\/404
|-enditem|p2a: Clump|Leftovers|[from] move: Knock Off|[of] p1a: Krookodile
|move|p2a: Clump|U-turn|p1a: Krookodile
|-supereffective|p1a: Krookodile
|-damage|p1a: Krookodile|247\/331
|
|switch|p2a: Zeus|Galvantula, M|281\/281
|
|turn|3
|
|move|p2a: Zeus|Bug Buzz|p1a: Krookodile
|-supereffective|p1a: Krookodile
|-damage|p1a: Krookodile|0 fnt
|faint|p1a: Krookodile
|
|
|switch|p1a: Crobat|Crobat, M|373\/373
|turn|4
|
|move|p1a: Crobat|Acrobatics|p2a: Zeus
|-damage|p2a: Zeus|103\/281
|move|p2a: Zeus|Sticky Web|p1a: Crobat
|-sidestart|p1: kokoloko|move: Sticky Web
|
|turn|5
|
|switch|p2a: Clump|Jirachi|109\/404
|move|p1a: Crobat|Acrobatics|p2a: Clump
|-resisted|p2a: Clump
|-damage|p2a: Clump|64\/404
|
|turn|6
|
|move|p1a: Crobat|U-turn|p2a: Clump
|-damage|p2a: Clump|29\/404
|
|switch|p1a: Starmie|Starmie|323\/323
|-activate|p1a: Starmie|move: Sticky Web
|-unboost|p1a: Starmie|spe|1
|move|p2a: Clump|Thunder Wave|p1a: Starmie
|-status|p1a: Starmie|par
|
|turn|7
|
|move|p2a: Clump|U-turn|p1a: Starmie
|-supereffective|p1a: Starmie
|-damage|p1a: Starmie|201\/323 par
|
|switch|p2a: Penelope|Blastoise, F|362\/362
|move|p1a: Starmie|Rapid Spin|p2a: Penelope
|-damage|p2a: Penelope|351\/362
|-sideend|p1: kokoloko|Sticky Web|[from] move: Rapid Spin|[of] p1a: Starmie
|
|-heal|p1a: Starmie|221\/323 par|[from] item: Leftovers
|turn|8
|
|switch|p2a: Bolin|Nidoking, M|304\/304
|switch|p1a: Whimsicott|Whimsicott, F, shiny|323\/323
|
|turn|9
|
|switch|p1a: Jirachi|Jirachi|341\/341
|move|p2a: Bolin|Sludge Wave|p1a: Jirachi
|-immune|p1a: Jirachi|[msg]
|
|turn|10
|
|switch|p2a: Penelope|Blastoise, F|351\/362
|move|p1a: Jirachi|U-turn|p2a: Penelope
|-damage|p2a: Penelope|282\/362
|
|switch|p1a: Whimsicott|Whimsicott, F, shiny|323\/323
|
|turn|11
|
|switch|p2a: Aphrodite|Florges, F|360\/360
|move|p1a: Whimsicott|Moonblast|p2a: Aphrodite
|-damage|p2a: Aphrodite|312\/360
|
|-heal|p2a: Aphrodite|334\/360|[from] item: Leftovers
|turn|12
|
|move|p1a: Whimsicott|Leech Seed|p2a: Aphrodite
|-start|p2a: Aphrodite|move: Leech Seed
|move|p2a: Aphrodite|Wish|p2a: Aphrodite
|
|-heal|p2a: Aphrodite|356\/360|[from] item: Leftovers
|-damage|p2a: Aphrodite|311\/360|[from] Leech Seed|[of] p1a: Whimsicott
|turn|13
|
|switch|p2a: Bolin|Nidoking, M|304\/304
|move|p1a: Whimsicott|Moonblast|p2a: Bolin
|-resisted|p2a: Bolin
|-damage|p2a: Bolin|250\/304
|
|-heal|p2a: Bolin|304\/304|[from] move: Wish|[wisher] Aphrodite
|turn|14
|
|switch|p1a: Pidgeot|Pidgeot, F|307\/307
|move|p2a: Bolin|Sludge Wave|p1a: Pidgeot
|-damage|p1a: Pidgeot|15\/307
|
|turn|15
|
|switch|p2a: Clump|Jirachi|29\/404
|detailschange|p1a: Pidgeot|Pidgeot-Mega, F
|-mega|p1a: Pidgeot|Pidgeot|Pidgeotite
|move|p1a: Pidgeot|Hurricane|p2a: Clump
|-resisted|p2a: Clump
|-damage|p2a: Clump|0 fnt
|faint|p2a: Clump
|
|
|switch|p2a: Ravenclaw|Honchkrow, M|341\/341
|turn|16
|
|move|p1a: Pidgeot|Roost|p1a: Pidgeot
|-heal|p1a: Pidgeot|169\/307
|move|p2a: Ravenclaw|Pursuit|p1a: Pidgeot
|-damage|p1a: Pidgeot|48\/307
|-damage|p2a: Ravenclaw|307\/341|[from] item: Life Orb
|
|turn|17
|
|move|p2a: Ravenclaw|Sucker Punch|p1a: Pidgeot
|-damage|p1a: Pidgeot|0 fnt
|-damage|p2a: Ravenclaw|273\/341|[from] item: Life Orb
|faint|p1a: Pidgeot
|-boost|p2a: Ravenclaw|atk|1|[from] ability: Moxie
|
|
|switch|p1a: Whimsicott|Whimsicott, F, shiny|323\/323
|turn|18
|
|move|p1a: Whimsicott|Encore|p2a: Ravenclaw
|-start|p2a: Ravenclaw|Encore
|move|p2a: Ravenclaw|Sucker Punch|p1a: Whimsicott
|-fail|p1a: Whimsicott
|
|turn|19
|
|switch|p2a: Aphrodite|Florges, F|311\/360
|move|p1a: Whimsicott|U-turn|p2a: Aphrodite
|-resisted|p2a: Aphrodite
|-damage|p2a: Aphrodite|286\/360
|
|switch|p1a: Crobat|Crobat, M|373\/373
|
|-heal|p2a: Aphrodite|308\/360|[from] item: Leftovers
|turn|20
|
|move|p2a: Aphrodite|Protect|p2a: Aphrodite
|-singleturn|p2a: Aphrodite|Protect
|move|p1a: Crobat|Taunt|p2a: Aphrodite
|-activate|p2a: Aphrodite|Protect
|
|-heal|p2a: Aphrodite|330\/360|[from] item: Leftovers
|turn|21
|
|switch|p2a: Penelope|Blastoise, F|282\/362
|move|p1a: Crobat|Acrobatics|p2a: Penelope
|-damage|p2a: Penelope|168\/362
|
|turn|22
|
|detailschange|p2a: Penelope|Blastoise-Mega, F
|-mega|p2a: Penelope|Blastoise|Blastoisinite
|move|p1a: Crobat|Acrobatics|p2a: Penelope
|-crit|p2a: Penelope
|-damage|p2a: Penelope|24\/362
|move|p2a: Penelope|Scald|p1a: Crobat
|-damage|p1a: Crobat|183\/373
|
|turn|23
|
|move|p1a: Crobat|Acrobatics|p2a: Penelope
|-damage|p2a: Penelope|0 fnt
|faint|p2a: Penelope
|
|
|switch|p2a: Ravenclaw|Honchkrow, M|273\/341
|turn|24
|
|switch|p1a: Jirachi|Jirachi|341\/341
|move|p2a: Ravenclaw|Sucker Punch|p1a: Jirachi
|-fail|p1a: Jirachi
|
|turn|25
|
|switch|p2a: Zeus|Galvantula, M|103\/281
|move|p1a: Jirachi|Trick|p2a: Zeus
|-activate|p1a: Jirachi|move: Trick|[of] p2a: Zeus
|-item|p2a: Zeus|Choice Scarf|[from] move: Trick
|-item|p1a: Jirachi|Focus Sash|[from] move: Trick
|
|turn|26
|
|switch|p2a: Bolin|Nidoking, M|304\/304
|switch|p1a: Whimsicott|Whimsicott, F, shiny|323\/323
|
|turn|27
|
|switch|p1a: Starmie|Starmie|221\/323
|move|p2a: Bolin|Ice Beam|p1a: Starmie
|-resisted|p1a: Starmie
|-damage|p1a: Starmie|138\/323
|
|-heal|p1a: Starmie|158\/323|[from] item: Leftovers
|turn|28
|
|switch|p2a: Aphrodite|Florges, F|330\/360
|move|p1a: Starmie|Scald|p2a: Aphrodite
|-crit|p2a: Aphrodite
|-damage|p2a: Aphrodite|254\/360
|-status|p2a: Aphrodite|brn
|
|-heal|p1a: Starmie|178\/323|[from] item: Leftovers
|-heal|p2a: Aphrodite|276\/360 brn|[from] item: Leftovers
|-damage|p2a: Aphrodite|231\/360 brn|[from] brn
|turn|29
|
|move|p1a: Starmie|Recover|p1a: Starmie
|-heal|p1a: Starmie|323\/323
|move|p2a: Aphrodite|Aromatherapy|p2a: Aphrodite
|-cureteam|p2a: Aphrodite|[from] move: Aromatherapy
|
|-heal|p2a: Aphrodite|253\/360|[from] item: Leftovers
|turn|30
|
|switch|p1a: Crobat|Crobat, M|183\/373
|move|p2a: Aphrodite|Moonblast|p1a: Crobat
|-resisted|p1a: Crobat
|-damage|p1a: Crobat|109\/373
|
|-heal|p2a: Aphrodite|275\/360|[from] item: Leftovers
|turn|31
|
|move|p2a: Aphrodite|Protect|p2a: Aphrodite
|-singleturn|p2a: Aphrodite|Protect
|move|p1a: Crobat|Roost|p1a: Crobat
|-heal|p1a: Crobat|296\/373
|
|-heal|p2a: Aphrodite|297\/360|[from] item: Leftovers
|turn|32
|
|move|p1a: Crobat|Taunt|p2a: Aphrodite
|-start|p2a: Aphrodite|move: Taunt
|cant|p2a: Aphrodite|move: Taunt|Wish
|
|-heal|p2a: Aphrodite|319\/360|[from] item: Leftovers
|turn|33
|
|move|p1a: Crobat|Acrobatics|p2a: Aphrodite
|-damage|p2a: Aphrodite|166\/360
|move|p2a: Aphrodite|Moonblast|p1a: Crobat
|-resisted|p1a: Crobat
|-damage|p1a: Crobat|218\/373
|
|-heal|p2a: Aphrodite|188\/360|[from] item: Leftovers
|turn|34
|
|switch|p2a: Bolin|Nidoking, M|304\/304
|move|p1a: Crobat|Acrobatics|p2a: Bolin
|-damage|p2a: Bolin|162\/304
|
|turn|35
|
|move|p1a: Crobat|U-turn|p2a: Bolin
|-resisted|p2a: Bolin
|-damage|p2a: Bolin|134\/304
|
|switch|p1a: Starmie|Starmie|323\/323
|move|p2a: Bolin|Thunderbolt|p1a: Starmie
|-supereffective|p1a: Starmie
|-damage|p1a: Starmie|0 fnt
|faint|p1a: Starmie
|
|
|switch|p1a: Jirachi|Jirachi|341\/341
|turn|36
|
|switch|p2a: Aphrodite|Florges, F|188\/360
|move|p1a: Jirachi|Iron Head|p2a: Aphrodite
|-supereffective|p2a: Aphrodite
|-damage|p2a: Aphrodite|0 fnt
|faint|p2a: Aphrodite
|
|
|switch|p2a: Ravenclaw|Honchkrow, M|273\/341
|turn|37
|
|move|p1a: Jirachi|Iron Head|p2a: Ravenclaw
|-damage|p2a: Ravenclaw|84\/341
|move|p2a: Ravenclaw|Pursuit|p1a: Jirachi
|-supereffective|p1a: Jirachi
|-damage|p1a: Jirachi|159\/341
|-damage|p2a: Ravenclaw|50\/341|[from] item: Life Orb
|
|turn|38
|
|switch|p1a: Whimsicott|Whimsicott, F, shiny|323\/323
|move|p2a: Ravenclaw|Sucker Punch|p1a: Whimsicott
|-fail|p1a: Whimsicott
|
|turn|39
|
|switch|p2a: Bolin|Nidoking, M|134\/304
|move|p1a: Whimsicott|U-turn|p2a: Bolin
|-resisted|p2a: Bolin
|-damage|p2a: Bolin|113\/304
|
|switch|p1a: Jirachi|Jirachi|159\/341
|
|turn|40
|
|move|p1a: Jirachi|Iron Head|p2a: Bolin
|-damage|p2a: Bolin|0 fnt
|faint|p2a: Bolin
|
|
|switch|p2a: Ravenclaw|Honchkrow, M|50\/341
|turn|41
|
|move|p1a: Jirachi|Iron Head|p2a: Ravenclaw
|-damage|p2a: Ravenclaw|0 fnt
|faint|p2a: Ravenclaw
|
|c|âDkhgr|gg
|
|switch|p2a: Zeus|Galvantula, M|103\/281
|turn|42
|c|âkokoloko|it was actually
|c|âkokoloko|gg
|
|move|p2a: Zeus|Volt Switch|p1a: Jirachi
|-damage|p1a: Jirachi|50\/341
|move|p1a: Jirachi|Iron Head|p2a: Zeus
|-resisted|p2a: Zeus
|-damage|p2a: Zeus|16\/281
|
|turn|43
|
|move|p2a: Zeus|Volt Switch|p1a: Jirachi
|-damage|p1a: Jirachi|0 fnt
|faint|p1a: Jirachi
|
|
|switch|p1a: Whimsicott|Whimsicott, F, shiny|323\/323
|turn|44
|
|move|p2a: Zeus|Volt Switch|p1a: Whimsicott
|-resisted|p1a: Whimsicott
|-damage|p1a: Whimsicott|261\/323
|move|p1a: Whimsicott|Moonblast|p2a: Zeus
|-damage|p2a: Zeus|0 fnt
|faint|p2a: Zeus
|
|win|kokoloko
|raw|Ladder updating...
|raw|kokoloko's rating: 1601 &rarr; <strong>1609<\/strong><br \/>(+8 for winning)
|raw|Dkhgr's rating: 1365 &rarr; <strong>1357<\/strong><br \/>(-8 for losing)
|leave|Dkhgr
|player|p2
|join|Laga
|join|Outkast
|leave|Outkast
|c| Laga|lol ur bad
|join|namehtmas
|c| Laga|done
|join|Outkast
|c| Laga|u can search it
|c|âkokoloko|ty lagod
|c|âkokoloko|:]
|c| Laga|:]
|leave|Laga
|join|need gfx