|join|kokoloko
|join|testing221
|player|p1|kokoloko|169
|player|p2|testing221|167
|gametype|singles
|gen|6
|tier|UU
|rated
|rule|Sleep Clause Mod: Limit one foe put to sleep
|rule|Species Clause: Limit one of each PokÃ©mon
|rule|OHKO Clause: OHKO moves are banned
|rule|Moody Clause: Moody is banned
|rule|Evasion Moves Clause: Evasion moves are banned
|rule|Endless Battle Clause: Forcing endless battles is banned
|rule|HP Percentage Mod: HP is shown in percentages
|clearpoke
|poke|p1|Lucario, M
|poke|p1|Crobat, M
|poke|p1|Swampert, F
|poke|p1|Celebi
|poke|p1|Hydreigon, F
|poke|p1|Metagross, shiny
|poke|p2|Wailord, F
|poke|p2|Galvantula, M
|poke|p2|Chandelure, F
|poke|p2|Forretress, F
|poke|p2|Gallade, M
|poke|p2|Florges, F
|rule|Swagger Clause: Swagger is banned
|rule|Baton Pass Clause: Limit one PokÃ©mon knowing Baton Pass
|teampreview
|
|start
|switch|p1a: Hydreigon|Hydreigon, F|325\/325
|switch|p2a: Chandelure|Chandelure, F|262\/262
|turn|1
|
|switch|p2a: Florges|Florges, F|360\/360
|move|p1a: Hydreigon|U-turn|p2a: Florges
|-crit|p2a: Florges
|-resisted|p2a: Florges
|-damage|p2a: Florges|322\/360
|
|switch|p1a: Crobat|Crobat, M|343\/343
|
|-heal|p2a: Florges|344\/360|[from] item: Leftovers
|turn|2
|
|move|p2a: Florges|Protect|p2a: Florges
|-singleturn|p2a: Florges|Protect
|move|p1a: Crobat|Brave Bird|p2a: Florges
|-activate|p2a: Florges|Protect
|
|-heal|p2a: Florges|360\/360|[from] item: Leftovers
|turn|3
|
|switch|p2a: Forretress|Forretress, F|354\/354
|move|p1a: Crobat|Taunt|p2a: Forretress
|-start|p2a: Forretress|move: Taunt
|
|turn|4
|
|switch|p1a: Swampert|Swampert, F|401\/401
|switch|p2a: Florges|Florges, F|360\/360
|
|turn|5
|
|switch|p2a: Forretress|Forretress, F|354\/354
|move|p1a: Swampert|Stealth Rock|p2a: Forretress
|-sidestart|p2: testing221|move: Stealth Rock
|
|turn|6
|
|move|p1a: Swampert|Scald|p2a: Forretress
|-damage|p2a: Forretress|251\/354
|move|p2a: Forretress|Stealth Rock|p1a: Swampert
|-sidestart|p1: kokoloko|move: Stealth Rock
|
|-heal|p2a: Forretress|273\/354|[from] item: Leftovers
|turn|7
|
|move|p1a: Swampert|Scald|p2a: Forretress
|-damage|p2a: Forretress|167\/354
|-status|p2a: Forretress|brn
|move|p2a: Forretress|Rapid Spin|p1a: Swampert
|-damage|p1a: Swampert|395\/401
|-sideend|p2: testing221|Stealth Rock|[from] move: Rapid Spin|[of] p2a: Forretress
|
|-heal|p1a: Swampert|401\/401|[from] item: Leftovers
|-heal|p2a: Forretress|189\/354 brn|[from] item: Leftovers
|-damage|p2a: Forretress|145\/354 brn|[from] brn
|turn|8
|
|switch|p2a: Wailord|Wailord, F|482\/482
|move|p1a: Swampert|Stealth Rock|p2a: Wailord
|-sidestart|p2: testing221|move: Stealth Rock
|
|turn|9
|
|move|p1a: Swampert|Protect|p1a: Swampert
|-singleturn|p1a: Swampert|Protect
|move|p2a: Wailord|Water Spout|p1a: Swampert
|-activate|p1a: Swampert|Protect
|
|turn|10
|
|switch|p1a: Celebi|Celebi|401\/401
|-damage|p1a: Celebi|351\/401|[from] Stealth Rock
|move|p2a: Wailord|Water Spout|p1a: Celebi
|-resisted|p1a: Celebi
|-damage|p1a: Celebi|222\/401
|
|turn|11
|
|switch|p2a: Chandelure|Chandelure, F|262\/262
|-damage|p2a: Chandelure|197\/262|[from] Stealth Rock
|move|p1a: Celebi|Recover|p1a: Celebi
|-heal|p1a: Celebi|401\/401
|
|turn|12
|
|switch|p1a: Hydreigon|Hydreigon, F|325\/325
|-damage|p1a: Hydreigon|285\/325|[from] Stealth Rock
|move|p2a: Chandelure|Flamethrower|p1a: Hydreigon
|-resisted|p1a: Hydreigon
|-damage|p1a: Hydreigon|189\/325
|
|turn|13
|
|move|p1a: Hydreigon|U-turn|p2a: Chandelure
|-crit|p2a: Chandelure
|-resisted|p2a: Chandelure
|-damage|p2a: Chandelure|176\/262
|
|switch|p1a: Swampert|Swampert, F|401\/401
|-damage|p1a: Swampert|376\/401|[from] Stealth Rock
|move|p2a: Chandelure|Flamethrower|p1a: Swampert
|-resisted|p1a: Swampert
|-damage|p1a: Swampert|276\/401
|
|-heal|p1a: Swampert|301\/401|[from] item: Leftovers
|turn|14
|
|switch|p2a: Florges|Florges, F|360\/360
|-damage|p2a: Florges|315\/360|[from] Stealth Rock
|move|p1a: Swampert|Earthquake|p2a: Florges
|-crit|p2a: Florges
|-damage|p2a: Florges|134\/360
|
|-heal|p2a: Florges|156\/360|[from] item: Leftovers
|-heal|p1a: Swampert|326\/401|[from] item: Leftovers
|turn|15
|
|switch|p1a: Celebi|Celebi|401\/401
|-damage|p1a: Celebi|351\/401|[from] Stealth Rock
|move|p2a: Florges|Wish|p2a: Florges
|
|-heal|p2a: Florges|178\/360|[from] item: Leftovers
|turn|16
|
|switch|p2a: Forretress|Forretress, F|145\/354 brn
|-damage|p2a: Forretress|101\/354 brn|[from] Stealth Rock
|move|p1a: Celebi|Swords Dance|p1a: Celebi
|-boost|p1a: Celebi|atk|2
|
|-heal|p2a: Forretress|281\/354 brn|[from] move: Wish|[wisher] Florges
|-heal|p2a: Forretress|303\/354 brn|[from] item: Leftovers
|-damage|p2a: Forretress|259\/354 brn|[from] brn
|turn|17
|
|move|p1a: Celebi|Swords Dance|p1a: Celebi
|-boost|p1a: Celebi|atk|2
|move|p2a: Forretress|Rapid Spin|p1a: Celebi
|-damage|p1a: Celebi|343\/401
|-sideend|p2: testing221|Stealth Rock|[from] move: Rapid Spin|[of] p2a: Forretress
|
|-heal|p2a: Forretress|281\/354 brn|[from] item: Leftovers
|-damage|p2a: Forretress|237\/354 brn|[from] brn
|turn|18
|
|move|p1a: Celebi|Baton Pass|p1a: Celebi
|
|switch|p1a: Metagross|Metagross, shiny|302\/302
|-damage|p1a: Metagross|284\/302|[from] Stealth Rock
|move|p2a: Forretress|Volt Switch|p1a: Metagross
|-damage|p1a: Metagross|246\/302
|
|switch|p2a: Chandelure|Chandelure, F|176\/262
|
|turn|19
|
|switch|p1a: Hydreigon|Hydreigon, F|189\/325
|-damage|p1a: Hydreigon|149\/325|[from] Stealth Rock
|move|p2a: Chandelure|Flamethrower|p1a: Hydreigon
|-resisted|p1a: Hydreigon
|-damage|p1a: Hydreigon|45\/325
|
|turn|20
|
|switch|p2a: Florges|Florges, F|178\/360
|move|p1a: Hydreigon|U-turn|p2a: Florges
|-crit|p2a: Florges
|-resisted|p2a: Florges
|-damage|p2a: Florges|145\/360
|
|switch|p1a: Crobat|Crobat, M|343\/343
|-damage|p1a: Crobat|258\/343|[from] Stealth Rock
|
|-heal|p1a: Crobat|279\/343|[from] item: Black Sludge
|-heal|p2a: Florges|167\/360|[from] item: Leftovers
|turn|21
|
|move|p1a: Crobat|Defog|p2a: Florges
|-unboost|p2a: Florges|evasion|1
|-sideend|p1: kokoloko|Stealth Rock|[from] move: Defog|[of] p1a: Crobat
|move|p2a: Florges|Wish|p2a: Florges
|
|-heal|p1a: Crobat|300\/343|[from] item: Black Sludge
|-heal|p2a: Florges|189\/360|[from] item: Leftovers
|turn|22
|
|switch|p1a: Celebi|Celebi|343\/401
|move|p2a: Florges|Aromatherapy|p2a: Florges
|-cureteam|p2a: Florges|[from] move: Aromatherapy
|
|-heal|p2a: Florges|360\/360|[from] move: Wish|[wisher] Florges
|turn|23
|
|move|p1a: Celebi|Swords Dance|p1a: Celebi
|-boost|p1a: Celebi|atk|2
|move|p2a: Florges|Wish|p2a: Florges
|
|turn|24
|
|switch|p2a: Chandelure|Chandelure, F|176\/262
|move|p1a: Celebi|Baton Pass|p1a: Celebi
|
|switch|p1a: Crobat|Crobat, M|300\/343
|
|-heal|p2a: Chandelure|262\/262|[from] move: Wish|[wisher] Florges
|-heal|p1a: Crobat|321\/343|[from] item: Black Sludge
|turn|25
|
|move|p2a: Chandelure|Flamethrower|p1a: Crobat
|-damage|p1a: Crobat|110\/343
|move|p1a: Crobat|Brave Bird|p2a: Chandelure
|-crit|p2a: Chandelure
|-damage|p2a: Chandelure|0 fnt
|-damage|p1a: Crobat|24\/343|[from] recoil|[of] p2a: Chandelure
|faint|p2a: Chandelure
|
|-heal|p1a: Crobat|45\/343|[from] item: Black Sludge
|
|switch|p2a: Forretress|Forretress, F|237\/354
|turn|26
|
|move|p1a: Crobat|Roost|p1a: Crobat
|-heal|p1a: Crobat|217\/343
|move|p2a: Forretress|Stealth Rock|p1a: Crobat
|-sidestart|p1: kokoloko|move: Stealth Rock
|
|-heal|p1a: Crobat|238\/343|[from] item: Black Sludge
|-heal|p2a: Forretress|259\/354|[from] item: Leftovers
|turn|27
|
|move|p1a: Crobat|Defog|p2a: Forretress
|-unboost|p2a: Forretress|evasion|1
|-sideend|p1: kokoloko|Stealth Rock|[from] move: Defog|[of] p1a: Crobat
|move|p2a: Forretress|Volt Switch|p1a: Crobat
|-supereffective|p1a: Crobat
|-damage|p1a: Crobat|144\/343
|
|switch|p2a: Galvantula|Galvantula, M|282\/282
|
|-heal|p1a: Crobat|165\/343|[from] item: Black Sludge
|turn|28
|
|move|p1a: Crobat|Brave Bird|p2a: Galvantula
|-enditem|p2a: Galvantula|Focus Sash
|-damage|p2a: Galvantula|1\/282
|-damage|p1a: Crobat|72\/343|[from] recoil|[of] p2a: Galvantula
|move|p2a: Galvantula|Thunder Wave|p1a: Crobat
|-status|p1a: Crobat|par
|
|-heal|p1a: Crobat|93\/343 par|[from] item: Black Sludge
|turn|29
|
|move|p2a: Galvantula|Sticky Web|p1a: Crobat
|-sidestart|p1: kokoloko|move: Sticky Web
|cant|p1a: Crobat|par
|
|-heal|p1a: Crobat|114\/343 par|[from] item: Black Sludge
|turn|30
|c|âkokoloko|lol yes of course
|c|âkokoloko|why not
|
|switch|p1a: Swampert|Swampert, F|326\/401
|-activate|p1a: Swampert|move: Sticky Web
|-unboost|p1a: Swampert|spe|1
|move|p2a: Galvantula|Volt Switch|p1a: Swampert
|-immune|p1a: Swampert|[msg]
|
|-heal|p1a: Swampert|351\/401|[from] item: Leftovers
|turn|31
|
|move|p2a: Galvantula|Bug Buzz|p1a: Swampert
|-damage|p1a: Swampert|143\/401
|move|p1a: Swampert|Scald|p2a: Galvantula
|-damage|p2a: Galvantula|0 fnt
|faint|p2a: Galvantula
|
|-heal|p1a: Swampert|168\/401|[from] item: Leftovers
|
|switch|p2a: Gallade|Gallade, M|291\/291
|turn|32
|
|move|p2a: Gallade|Swords Dance|p2a: Gallade
|-boost|p2a: Gallade|atk|2
|move|p1a: Swampert|Earthquake|p2a: Gallade
|-damage|p2a: Gallade|119\/291
|
|-heal|p1a: Swampert|193\/401|[from] item: Leftovers
|turn|33
|
|move|p2a: Gallade|Drain Punch|p1a: Swampert
|-damage|p1a: Swampert|0 fnt
|-heal|p2a: Gallade|216\/291|[from] drain|[of] p1a: Swampert
|faint|p1a: Swampert
|
|
|switch|p1a: Celebi|Celebi|343\/401
|-activate|p1a: Celebi|move: Sticky Web
|-unboost|p1a: Celebi|spe|1
|turn|34
|
|switch|p1a: Lucario|Lucario, M|281\/281
|-activate|p1a: Lucario|move: Sticky Web
|-unboost|p1a: Lucario|spe|1
|move|p2a: Gallade|Knock Off|p1a: Lucario
|-resisted|p1a: Lucario
|-damage|p1a: Lucario|127\/281
|-boost|p1a: Lucario|atk|1|[from] ability: Justified
|-enditem|p1a: Lucario|Life Orb|[from] move: Knock Off|[of] p2a: Gallade
|
|turn|35
|
|move|p1a: Lucario|Extreme Speed|p2a: Gallade
|-damage|p2a: Gallade|15\/291
|move|p2a: Gallade|Drain Punch|p1a: Lucario
|-supereffective|p1a: Lucario
|-damage|p1a: Lucario|0 fnt
|-heal|p2a: Gallade|79\/291|[from] drain|[of] p1a: Lucario
|faint|p1a: Lucario
|
|-message|kokoloko forfeited.
|
|win|testing221
|raw|Ladder updating...
|raw|kokoloko's rating: 1675 &rarr; <strong>1648<\/strong><br \/>(-27 for losing)
|raw|testing221's rating: 1547 &rarr; <strong>1574<\/strong><br \/>(+27 for winning)
|leave|kokoloko
|player|p1