|join|King UU
|join|kokoloko
|player|p1|King UU|22
|player|p2|kokoloko|265
|gametype|singles
|gen|6
|tier|UU
|rule|Sleep Clause Mod: Limit one foe put to sleep
|rule|Species Clause: Limit one of each PokÃ©mon
|rule|OHKO Clause: OHKO moves are banned
|rule|Moody Clause: Moody is banned
|rule|Evasion Moves Clause: Evasion moves are banned
|rule|Endless Battle Clause: Forcing endless battles is banned
|rule|HP Percentage Mod: HP is shown in percentages
|clearpoke
|poke|p1|Machamp, F
|poke|p1|Forretress, F
|poke|p1|Florges, F
|poke|p1|Blastoise, M
|poke|p1|Crobat, F
|poke|p1|Zygarde
|poke|p2|Beedrill, M
|poke|p2|Crobat, F
|poke|p2|Empoleon, M
|poke|p2|Mienshao, M
|poke|p2|Hydreigon, M
|poke|p2|Jirachi
|rule|Swagger Clause: Swagger is banned
|rule|Baton Pass Clause: Limit one PokÃ©mon knowing Baton Pass
|teampreview
|
|start
|switch|p1a: Blastoise|Blastoise, M|345\/345
|switch|p2a: Beedrill|Beedrill, M|271\/271
|turn|1
|
|switch|p1a: Forretress|Forretress, F|354\/354
|detailschange|p2a: Beedrill|Beedrill-Mega, M
|message|Beedrill has Mega Evolved into Mega Beedrill!
|move|p2a: Beedrill|U-turn|p1a: Forretress
|-resisted|p1a: Forretress
|-damage|p1a: Forretress|295\/354
|join|chosenone8v8
|
|switch|p2a: Hydreigon|Hydreigon, M|325\/325
|
|-heal|p1a: Forretress|317\/354|[from] item: Leftovers
|turn|2
|join|OG_Wanka
|
|switch|p2a: Beedrill|Beedrill-Mega, M|271\/271
|switch|p1a: Florges|Florges, F|360\/360
|
|turn|3
|
|switch|p1a: Forretress|Forretress, F|317\/354
|move|p2a: Beedrill|Knock Off|p1a: Forretress
|-damage|p1a: Forretress|237\/354
|-enditem|p1a: Forretress|Leftovers|[from] move: Knock Off|[of] p2a: Beedrill
|
|turn|4
|
|move|p2a: Beedrill|U-turn|p1a: Forretress
|-resisted|p1a: Forretress
|-damage|p1a: Forretress|183\/354
|leave|chosenone8v8
|
|switch|p2a: Empoleon|Empoleon, M|371\/371
|move|p1a: Forretress|Stealth Rock|p2a: Empoleon
|-sidestart|p2: kokoloko|move: Stealth Rock
|
|turn|5
|join|FLCL
|
|move|p2a: Empoleon|Defog|p1a: Forretress
|-unboost|p1a: Forretress|evasion|1
|-sideend|p2: kokoloko|Stealth Rock|[from] move: Defog|[of] p2a: Empoleon
|move|p1a: Forretress|Volt Switch|p2a: Empoleon
|-supereffective|p2a: Empoleon
|-damage|p2a: Empoleon|319\/371
|
|switch|p1a: Machamp|Machamp, F|321\/321
|
|-heal|p2a: Empoleon|342\/371|[from] item: Leftovers
|turn|6
|join|Munkin
|
|move|p2a: Empoleon|Protect|p2a: Empoleon
|-singleturn|p2a: Empoleon|Protect
|move|p1a: Machamp|Dynamic Punch|p2a: Empoleon
|-activate|p2a: Empoleon|Protect
|
|-heal|p2a: Empoleon|365\/371|[from] item: Leftovers
|turn|7
|c|âKing UU|oo
|
|switch|p2a: Crobat|Crobat, F|373\/373
|move|p1a: Machamp|Dynamic Punch|p2a: Crobat
|-resisted|p2a: Crobat
|-damage|p2a: Crobat|286\/373
|-start|p2a: Crobat|confusion
|
|turn|8
|
|switch|p1a: Forretress|Forretress, F|183\/354
|-activate|p2a: Crobat|confusion
|-damage|p2a: Crobat|254\/373|[from] confusion
|
|turn|9
|
|switch|p2a: Empoleon|Empoleon, M|365\/371
|move|p1a: Forretress|Stealth Rock|p2a: Empoleon
|-sidestart|p2: kokoloko|move: Stealth Rock
|
|-heal|p2a: Empoleon|371\/371|[from] item: Leftovers
|turn|10
|c|âkokoloko|i literally never hit through confusion
|c|âkokoloko|its like 20:80
|c|âkokoloko|ridic
|
|move|p2a: Empoleon|Defog|p1a: Forretress
|-unboost|p1a: Forretress|evasion|1
|-sideend|p2: kokoloko|Stealth Rock|[from] move: Defog|[of] p2a: Empoleon
|move|p1a: Forretress|Volt Switch|p2a: Empoleon
|-supereffective|p2a: Empoleon
|-damage|p2a: Empoleon|323\/371
|c| FLCL|shut up
|c| Munkin|**HI KINK UU IM YOUR BIGGEST FAN**
|c|âkokoloko|hi folly when did u get here
|c| FLCL|when i heard word
|
|switch|p1a: Zygarde|Zygarde|417\/417
|-ability|p1a: Zygarde|Aura Break
|
|-heal|p2a: Empoleon|346\/371|[from] item: Leftovers
|turn|11
|c| FLCL|that the legendary ing uu
|c| FLCL|was doing tryouts
|
|move|p1a: Zygarde|Substitute|p1a: Zygarde
|-start|p1a: Zygarde|Substitute
|-damage|p1a: Zygarde|313\/417
|move|p2a: Empoleon|Scald|p1a: Zygarde
|-activate|p1a: Zygarde|Substitute|[damage]
|
|-heal|p1a: Zygarde|339\/417|[from] item: Leftovers
|-heal|p2a: Empoleon|369\/371|[from] item: Leftovers
|turn|12
|
|switch|p2a: Crobat|Crobat, F|254\/373
|move|p1a: Zygarde|Coil|p1a: Zygarde
|-boost|p1a: Zygarde|atk|1
|-boost|p1a: Zygarde|def|1
|-boost|p1a: Zygarde|accuracy|1
|
|-heal|p1a: Zygarde|365\/417|[from] item: Leftovers
|turn|13
|c|âKing UU|now
|c|âKing UU|do you do protect and the roar?
|c|âKing UU|or is that infiltrator toxic
|c|âKing UU|scary.
|
|move|p2a: Crobat|U-turn|p1a: Zygarde
|-crit|p1a: Zygarde
|-end|p1a: Zygarde|Substitute
|c|âKing UU|o
|
|switch|p2a: Empoleon|Empoleon, M|369\/371
|move|p1a: Zygarde|Stone Edge|p2a: Empoleon
|-resisted|p2a: Empoleon
|-damage|p2a: Empoleon|300\/371
|
|-heal|p1a: Zygarde|391\/417|[from] item: Leftovers
|-heal|p2a: Empoleon|323\/371|[from] item: Leftovers
|turn|14
|
|move|p1a: Zygarde|Substitute|p1a: Zygarde
|-start|p1a: Zygarde|Substitute
|-damage|p1a: Zygarde|287\/417
|move|p2a: Empoleon|Stealth Rock|p1a: Zygarde
|-sidestart|p1: King UU|move: Stealth Rock
|
|-heal|p1a: Zygarde|313\/417|[from] item: Leftovers
|-heal|p2a: Empoleon|346\/371|[from] item: Leftovers
|turn|15
|
|move|p1a: Zygarde|Earthquake|p2a: Empoleon
|-supereffective|p2a: Empoleon
|-damage|p2a: Empoleon|0 fnt
|faint|p2a: Empoleon
|
|-heal|p1a: Zygarde|339\/417|[from] item: Leftovers
|
|switch|p2a: Beedrill|Beedrill-Mega, M|271\/271
|turn|16
|
|move|p2a: Beedrill|U-turn|p1a: Zygarde
|-crit|p1a: Zygarde
|-end|p1a: Zygarde|Substitute
|c|âKing UU|oof
|
|switch|p2a: Crobat|Crobat, F|254\/373
|move|p1a: Zygarde|Coil|p1a: Zygarde
|-boost|p1a: Zygarde|atk|1
|-boost|p1a: Zygarde|def|1
|-boost|p1a: Zygarde|accuracy|1
|
|-heal|p1a: Zygarde|365\/417|[from] item: Leftovers
|turn|17
|
|move|p2a: Crobat|Taunt|p1a: Zygarde
|-start|p1a: Zygarde|move: Taunt
|move|p1a: Zygarde|Stone Edge|p2a: Crobat
|-supereffective|p2a: Crobat
|-damage|p2a: Crobat|0 fnt
|faint|p2a: Crobat
|
|-heal|p1a: Zygarde|391\/417|[from] item: Leftovers
|
|switch|p2a: Hydreigon|Hydreigon, M|325\/325
|turn|18
|
|move|p2a: Hydreigon|Draco Meteor|p1a: Zygarde
|-crit|p1a: Zygarde
|-supereffective|p1a: Zygarde
|-damage|p1a: Zygarde|0 fnt
|-unboost|p2a: Hydreigon|spa|2
|-damage|p2a: Hydreigon|293\/325|[from] item: Life Orb
|faint|p1a: Zygarde
|
|
|switch|p1a: Blastoise|Blastoise, M|345\/345
|-damage|p1a: Blastoise|302\/345|[from] Stealth Rock
|turn|19
|c|âkokoloko|im honestly
|c|âkokoloko|strting to regret
|c|âkokoloko|unbanning that thing
|
|detailschange|p1a: Blastoise|Blastoise-Mega, M
|message|Blastoise has Mega Evolved into Mega Blastoise!
|move|p2a: Hydreigon|Draco Meteor|p1a: Blastoise
|-damage|p1a: Blastoise|162\/345
|-unboost|p2a: Hydreigon|spa|2
|-damage|p2a: Hydreigon|261\/325|[from] item: Life Orb
|move|p1a: Blastoise|Rapid Spin|p2a: Hydreigon
|-damage|p2a: Hydreigon|246\/325
|-sideend|p1: King UU|Stealth Rock|[from] move: Rapid Spin|[of] p1a: Blastoise
|
|turn|20
|c|âKing UU|I thought it was
|c|âKing UU|a bad idea from the start
|c| FLCL|??
|
|switch|p2a: Beedrill|Beedrill-Mega, M|271\/271
|move|p1a: Blastoise|Scald|p2a: Beedrill
|-damage|p2a: Beedrill|69\/271
|-status|p2a: Beedrill|brn
|
|-damage|p2a: Beedrill|36\/271 brn|[from] brn
|turn|21
|c|âkokoloko|no
|c|âkokoloko|ugh
|
|switch|p1a: Forretress|Forretress, F|183\/354
|move|p2a: Beedrill|U-turn|p1a: Forretress
|-resisted|p1a: Forretress
|-damage|p1a: Forretress|153\/354
|
|switch|p2a: Jirachi|Jirachi|404\/404
|
|turn|22
|c| FLCL|all u had to do was switch in hydrei earlier
|c|âkokoloko|twas risky
|c|âkokoloko|dtail was a possibility
|c| FLCL|i mean stone edge is weak
|c| FLCL|as hell
|
|move|p2a: Jirachi|Substitute|p2a: Jirachi
|-start|p2a: Jirachi|Substitute
|-damage|p2a: Jirachi|303\/404
|move|p1a: Forretress|Stealth Rock|p2a: Jirachi
|-sidestart|p2: kokoloko|move: Stealth Rock
|
|-heal|p2a: Jirachi|328\/404|[from] item: Leftovers
|turn|23
|c|âKing UU|he had no idea I'd run stone edge
|c| FLCL|well after u saw stone edge
|c| FLCL|u had plenty of time
|
|move|p2a: Jirachi|Fire Punch|p1a: Forretress
|-supereffective|p1a: Forretress
|-damage|p1a: Forretress|1\/354
|-status|p1a: Forretress|brn
|move|p1a: Forretress|Volt Switch|p2a: Jirachi
|-activate|p2a: Jirachi|Substitute|[damage]
|
|switch|p1a: Machamp|Machamp, F|321\/321
|
|-heal|p2a: Jirachi|353\/404|[from] item: Leftovers
|turn|24
|
|move|p2a: Jirachi|Iron Head|p1a: Machamp
|-damage|p1a: Machamp|206\/321
|cant|p1a: Machamp|flinch
|
|-heal|p2a: Jirachi|378\/404|[from] item: Leftovers
|turn|25
|c| FLCL|whatever this mon wins.
|
|move|p2a: Jirachi|Iron Head|p1a: Machamp
|-damage|p1a: Machamp|94\/321
|move|p1a: Machamp|Knock Off|p2a: Jirachi
|-supereffective|p2a: Jirachi
|-end|p2a: Jirachi|Substitute
|
|-heal|p2a: Jirachi|403\/404|[from] item: Leftovers
|turn|26
|
|switch|p1a: Forretress|Forretress, F|1\/354 brn
|move|p2a: Jirachi|Iron Head|p1a: Forretress
|-resisted|p1a: Forretress
|-damage|p1a: Forretress|0 fnt
|faint|p1a: Forretress
|
|-heal|p2a: Jirachi|404\/404|[from] item: Leftovers
|c|âkokoloko|lol i almost subbed
|c|âKing UU|unfort energy ball
|c|âkokoloko|o and flcl im talking
|c|âKing UU|does too much :c
|c|âkokoloko|in general
|
|switch|p1a: Florges|Florges, F|360\/360
|turn|27
|
|move|p2a: Jirachi|Substitute|p2a: Jirachi
|-start|p2a: Jirachi|Substitute
|-damage|p2a: Jirachi|303\/404
|move|p1a: Florges|Wish|p1a: Florges
|
|-heal|p2a: Jirachi|328\/404|[from] item: Leftovers
|turn|28
|
|switch|p1a: Machamp|Machamp, F|94\/321
|move|p2a: Jirachi|Toxic|p1a: Machamp
|-status|p1a: Machamp|tox
|
|-heal|p1a: Machamp|274\/321 tox|[from] move: Wish|[wisher] Florges
|-heal|p2a: Jirachi|353\/404|[from] item: Leftovers
|-damage|p1a: Machamp|254\/321 tox|[from] psn
|turn|29
|c| FLCL|ive enevr had problems with it but eh
|c| FLCL|i dont rly mind it gone
|c| FLCL|cuz id never use it
|
|move|p2a: Jirachi|Iron Head|p1a: Machamp
|-crit|p1a: Machamp
|-damage|p1a: Machamp|94\/321 tox
|move|p1a: Machamp|Knock Off|p2a: Jirachi
|-crit|p2a: Jirachi
|-supereffective|p2a: Jirachi
|-end|p2a: Jirachi|Substitute
|
|-heal|p2a: Jirachi|378\/404|[from] item: Leftovers
|-damage|p1a: Machamp|54\/321 tox|[from] psn
|turn|30
|
|move|p2a: Jirachi|Fire Punch|p1a: Machamp
|-damage|p1a: Machamp|0 fnt
|faint|p1a: Machamp
|
|-heal|p2a: Jirachi|403\/404|[from] item: Leftovers
|c|âKing UU|yeah I have no answer to that specific rachi
|c|âKing UU|great set
|
|switch|p1a: Blastoise|Blastoise-Mega, M|162\/345
|turn|31
|
|switch|p2a: Beedrill|Beedrill-Mega, M|36\/271 brn
|-damage|p2a: Beedrill|0 fnt|[from] Stealth Rock
|faint|p2a: Beedrill
|move|p1a: Blastoise|Dark Pulse|p2: Beedrill|[notarget]
|-notarget
|
|c|âKing UU|energy ball
|c|âKing UU|kos
|
|switch|p2a: Hydreigon|Hydreigon, M|246\/325
|-damage|p2a: Hydreigon|206\/325|[from] Stealth Rock
|turn|32
|join|BenzMafia
|c|âkokoloko|i dont have energy ball on this 1
|c|âKing UU|oh
|c|âkokoloko|that was the other team
|c|âkokoloko|lol
|
|switch|p1a: Florges|Florges, F|360\/360
|move|p2a: Hydreigon|Roost|p2a: Hydreigon
|-heal|p2a: Hydreigon|325\/325
|
|turn|33
|c|âKing UU|well, sorry machamp
|
|switch|p2a: Jirachi|Jirachi|403\/404
|-damage|p2a: Jirachi|378\/404|[from] Stealth Rock
|move|p1a: Florges|Wish|p1a: Florges
|
|-heal|p2a: Jirachi|403\/404|[from] item: Leftovers
|turn|34
|
|switch|p1a: Blastoise|Blastoise-Mega, M|162\/345
|move|p2a: Jirachi|Toxic|p1a: Blastoise
|-status|p1a: Blastoise|tox
|
|-heal|p1a: Blastoise|342\/345 tox|[from] move: Wish|[wisher] Florges
|-heal|p2a: Jirachi|404\/404|[from] item: Leftovers
|-damage|p1a: Blastoise|321\/345 tox|[from] psn
|turn|35
|
|switch|p2a: Hydreigon|Hydreigon, M|325\/325
|-damage|p2a: Hydreigon|285\/325|[from] Stealth Rock
|move|p1a: Blastoise|Dark Pulse|p2a: Hydreigon
|-resisted|p2a: Hydreigon
|-damage|p2a: Hydreigon|201\/325
|
|-damage|p1a: Blastoise|279\/345 tox|[from] psn
|turn|36
|c|âKing UU|I was lucky to have caught the other one early on
|
|switch|p1a: Florges|Florges, F|360\/360
|move|p2a: Hydreigon|Draco Meteor|p1a: Florges
|-immune|p1a: Florges|[msg]
|
|turn|37
|
|switch|p2a: Mienshao|Mienshao, M|271\/271
|-damage|p2a: Mienshao|255\/271|[from] Stealth Rock
|move|p1a: Florges|Aromatherapy|p1a: Florges
|-cureteam|p1a: Florges|[from] move: Aromatherapy
|
|turn|38
|
|move|p1a: Florges|Protect|p1a: Florges
|-singleturn|p1a: Florges|Protect
|move|p2a: Mienshao|U-turn|p1a: Florges
|-activate|p1a: Florges|Protect
|
|turn|39
|
|move|p2a: Mienshao|U-turn|p1a: Florges
|-resisted|p1a: Florges
|-damage|p1a: Florges|318\/360
|
|switch|p2a: Jirachi|Jirachi|404\/404
|-damage|p2a: Jirachi|379\/404|[from] Stealth Rock
|move|p1a: Florges|Wish|p1a: Florges
|
|-heal|p2a: Jirachi|404\/404|[from] item: Leftovers
|-heal|p1a: Florges|340\/360|[from] item: Leftovers
|turn|40
|
|switch|p1a: Blastoise|Blastoise-Mega, M|279\/345
|move|p2a: Jirachi|Toxic|p1a: Blastoise
|-status|p1a: Blastoise|tox
|
|-heal|p1a: Blastoise|345\/345 tox|[from] move: Wish|[wisher] Florges
|-damage|p1a: Blastoise|324\/345 tox|[from] psn
|turn|41
|
|switch|p2a: Mienshao|Mienshao, M|255\/271
|-damage|p2a: Mienshao|239\/271|[from] Stealth Rock
|move|p1a: Blastoise|Scald|p2a: Mienshao
|-damage|p2a: Mienshao|0 fnt
|faint|p2a: Mienshao
|
|-damage|p1a: Blastoise|282\/345 tox|[from] psn
|c|âkokoloko|jesus that actually kills
|c|âkokoloko|i fully expected like 80
|
|switch|p2a: Hydreigon|Hydreigon, M|201\/325
|-damage|p2a: Hydreigon|161\/325|[from] Stealth Rock
|turn|42
|
|switch|p1a: Florges|Florges, F|340\/360
|move|p2a: Hydreigon|Draco Meteor|p1a: Florges
|-immune|p1a: Florges|[msg]
|
|-heal|p1a: Florges|360\/360|[from] item: Leftovers
|turn|43
|
|move|p2a: Hydreigon|Taunt|p1a: Florges
|-start|p1a: Florges|move: Taunt
|cant|p1a: Florges|move: Taunt|Aromatherapy
|
|turn|44
|
|switch|p2a: Jirachi|Jirachi|404\/404
|-damage|p2a: Jirachi|379\/404|[from] Stealth Rock
|move|p1a: Florges|Moonblast|p2a: Jirachi
|-resisted|p2a: Jirachi
|-damage|p2a: Jirachi|317\/404
|-unboost|p2a: Jirachi|spa|1
|
|-heal|p2a: Jirachi|342\/404|[from] item: Leftovers
|turn|45
|c|âKing UU|yeah, eat that special attack
|c|âkokoloko|lol
|c|âKing UU|nice taunting hydrei :p
|c|âKing UU|neat neat
|
|switch|p1a: Crobat|Crobat, F|331\/331
|move|p2a: Jirachi|Substitute|p2a: Jirachi
|-start|p2a: Jirachi|Substitute
|-damage|p2a: Jirachi|241\/404
|
|-heal|p2a: Jirachi|266\/404|[from] item: Leftovers
|turn|46
|
|move|p1a: Crobat|Brave Bird|p2a: Jirachi
|-resisted|p2a: Jirachi
|-damage|p2a: Jirachi|182\/404
|-damage|p1a: Crobat|303\/331|[from] recoil|[of] p2a: Jirachi
|move|p2a: Jirachi|Iron Head|p1a: Crobat
|-damage|p1a: Crobat|191\/331
|
|-heal|p2a: Jirachi|207\/404|[from] item: Leftovers
|turn|47
|c| FLCL|lol
|c| FLCL|rip
|
|move|p1a: Crobat|Brave Bird|p2a: Jirachi
|-resisted|p2a: Jirachi
|-damage|p2a: Jirachi|113\/404
|-damage|p1a: Crobat|160\/331|[from] recoil|[of] p2a: Jirachi
|move|p2a: Jirachi|Iron Head|p1a: Crobat
|-damage|p1a: Crobat|37\/331
|
|-heal|p2a: Jirachi|138\/404|[from] item: Leftovers
|turn|48
|c|âkokoloko|yeah nice and backfire
|c|âkokoloko|unless crit i guess
|c| FLCL|oh hes cb
|c|âkokoloko|scarf
|c|âKing UU|scarf
|c| FLCL|o
|c| FLCL|lol
|c|âKing UU|it works
|c|âKing UU|it works!!
|
|move|p1a: Crobat|Brave Bird|p2a: Jirachi
|-resisted|p2a: Jirachi
|-damage|p2a: Jirachi|54\/404
|-damage|p1a: Crobat|9\/331|[from] recoil|[of] p2a: Jirachi
|move|p2a: Jirachi|Iron Head|p1a: Crobat
|-damage|p1a: Crobat|0 fnt
|faint|p1a: Crobat
|
|-heal|p2a: Jirachi|79\/404|[from] item: Leftovers
|
|switch|p1a: Florges|Florges, F|360\/360
|turn|49
|c|âkokoloko|i like how infiltrator just completely backfired here
|c|âKing UU|yeah.
|
|move|p2a: Jirachi|Iron Head|p1a: Florges
|-supereffective|p1a: Florges
|-damage|p1a: Florges|172\/360
|move|p1a: Florges|Aromatherapy|p1a: Florges
|-cureteam|p1a: Florges|[from] move: Aromatherapy
|
|-heal|p2a: Jirachi|104\/404|[from] item: Leftovers
|-heal|p1a: Florges|194\/360|[from] item: Leftovers
|turn|50
|
|move|p2a: Jirachi|Toxic|p1a: Florges
|-status|p1a: Florges|tox
|move|p1a: Florges|Wish|p1a: Florges
|
|-heal|p2a: Jirachi|129\/404|[from] item: Leftovers
|-heal|p1a: Florges|216\/360 tox|[from] item: Leftovers
|-damage|p1a: Florges|194\/360 tox|[from] psn
|turn|51
|
|move|p2a: Jirachi|Toxic|p1a: Florges
|-fail|p1a: Florges|tox
|move|p1a: Florges|Moonblast|p2a: Jirachi
|-crit|p2a: Jirachi
|-resisted|p2a: Jirachi
|-activate|p2a: Jirachi|Substitute|[damage]
|
|-heal|p1a: Florges|360\/360 tox|[from] move: Wish|[wisher] Florges
|-heal|p2a: Jirachi|154\/404|[from] item: Leftovers
|-damage|p1a: Florges|316\/360 tox|[from] psn
|turn|52
|c|âKing UU|nice
|c|âKing UU|super crit
|
|switch|p1a: Blastoise|Blastoise-Mega, M|282\/345
|move|p2a: Jirachi|Iron Head|p1a: Blastoise
|-resisted|p1a: Blastoise
|-damage|p1a: Blastoise|244\/345
|
|-heal|p2a: Jirachi|179\/404|[from] item: Leftovers
|turn|53
|
|move|p2a: Jirachi|Toxic|p1a: Blastoise|[miss]
|-miss|p2a: Jirachi|p1a: Blastoise
|move|p1a: Blastoise|Dragon Pulse|p2a: Jirachi
|-resisted|p2a: Jirachi
|-end|p2a: Jirachi|Substitute
|
|-heal|p2a: Jirachi|204\/404|[from] item: Leftovers
|turn|54
|c|âkokoloko|NO
|
|switch|p2a: Hydreigon|Hydreigon, M|161\/325
|-damage|p2a: Hydreigon|121\/325|[from] Stealth Rock
|move|p1a: Blastoise|Dark Pulse|p2a: Hydreigon
|-resisted|p2a: Hydreigon
|-damage|p2a: Hydreigon|35\/325
|
|turn|55
|c|âKing UU|:c
|
|move|p2a: Hydreigon|Roost|p2a: Hydreigon
|-heal|p2a: Hydreigon|198\/325
|move|p1a: Blastoise|Dragon Pulse|p2a: Hydreigon
|-supereffective|p2a: Hydreigon
|-damage|p2a: Hydreigon|0 fnt
|faint|p2a: Hydreigon
|
|c| FLCL|why
|c|âkokoloko|lol did you REALLY
|c|âkokoloko|just risk that
|c|âKing UU|I knew
|c|âKing UU|you were going to roost
|c|âkokoloko|that was
|c|âkokoloko|the dumbest shit
|c| FLCL|kokos best play
|c|âkokoloko|no rly like
|c| FLCL|was to attack tho
|c|âKing UU|I knew
|c| FLCL|even if he died
|c|âKing UU|you were gonna roost.
|c|âkokoloko|no it wasnt if he switched i died to rocks
|c|âkokoloko|and then rachi loses cause
|c| FLCL|yeah then u go to jirachi
|c|âkokoloko|blaster isnt toxiced
|c| FLCL|then sub
|c| FLCL|toxic
|c| FLCL|flinch to death
|
|switch|p2a: Jirachi|Jirachi|204\/404
|-damage|p2a: Jirachi|179\/404|[from] Stealth Rock
|turn|56
|c|âKing UU|I had a gut feeling
|c|âKing UU|it paid off.
|
|move|p2a: Jirachi|Iron Head|p1a: Blastoise
|-resisted|p1a: Blastoise
|-damage|p1a: Blastoise|207\/345
|move|p1a: Blastoise|Dark Pulse|p2a: Jirachi
|-supereffective|p2a: Jirachi
|-damage|p2a: Jirachi|0 fnt
|faint|p2a: Jirachi
|
|win|King UU
|c|âkokoloko|yeah
|c|âkokoloko|flinch to death,
|c|âKing UU|that's about it
|leave|kokoloko
|player|p2
|leave|Munkin
|leave|FLCL
|leave|BenzMafia
|join|thunderkid blitz
|leave|thunderkid blitz
|join|thunderkid blitz
|leave|thunderkid blitz
|join|yohoE
|leave|yohoE
|join|thunderkid blitz
|leave|thunderkid blitz
|leave|OG_Wanka
|join|LarryBusJr
|join|trevor ellis
|leave|trevor ellis
|leave|LarryBusJr
|join|LarryBusJr
|leave|LarryBusJr
|join|ChewbaccaFlocka
|leave|ChewbaccaFlocka
|join|dingbat
|leave|dingbat
|join|dingbat
|leave|dingbat
|join|dingbat
|leave|dingbat