|join|kokoloko
|join|sparktrain
|player|p1|kokoloko|170
|player|p2|sparktrain|21
|gametype|singles
|gen|6
|tier|UU
|rated
|rule|Sleep Clause Mod: Limit one foe put to sleep
|rule|Species Clause: Limit one of each PokÃ©mon
|rule|OHKO Clause: OHKO moves are banned
|rule|Moody Clause: Moody is banned
|rule|Evasion Moves Clause: Evasion moves are banned
|rule|Endless Battle Clause: Forcing endless battles is banned
|rule|HP Percentage Mod: HP is shown in percentages
|clearpoke
|poke|p1|Altaria, F
|poke|p1|Azelf
|poke|p1|Cloyster, M
|poke|p1|Volcarona, F
|poke|p1|Klefki, M
|poke|p1|Starmie
|poke|p2|Swampert, F
|poke|p2|Florges, F
|poke|p2|Klefki, F
|poke|p2|Forretress, F
|poke|p2|Volcarona, F
|poke|p2|Staraptor, F
|rule|Swagger Clause: Swagger is banned
|rule|Baton Pass Clause: Limit one PokÃ©mon knowing Baton Pass
|teampreview
|
|start
|switch|p1a: Azelf|Azelf|291\/291
|switch|p2a: Klefki|Klefki, F|318\/318
|turn|1
|
|move|p2a: Klefki|Spikes|p1a: Azelf
|-sidestart|p1: kokoloko|Spikes
|move|p1a: Azelf|Taunt|p2a: Klefki
|-start|p2a: Klefki|move: Taunt
|
|turn|2
|
|switch|p2a: Florges|Florges, F|360\/360
|move|p1a: Azelf|Stealth Rock|p2a: Florges
|-sidestart|p2: sparktrain|move: Stealth Rock
|
|turn|3
|
|move|p1a: Azelf|Taunt|p2a: Florges
|-start|p2a: Florges|move: Taunt
|move|p2a: Florges|Moonblast|p1a: Azelf
|-damage|p1a: Azelf|117\/291
|
|turn|4
|
|switch|p2a: Forretress|Forretress, F|354\/354
|-damage|p2a: Forretress|310\/354|[from] Stealth Rock
|move|p1a: Azelf|Explosion|p2a: Forretress
|-resisted|p2a: Forretress
|-damage|p2a: Forretress|234\/354
|faint|p1a: Azelf
|
|-heal|p2a: Forretress|256\/354|[from] item: Leftovers
|
|switch|p1a: Volcarona|Volcarona, F|312\/312
|-damage|p1a: Volcarona|273\/312|[from] Spikes
|turn|5
|
|move|p1a: Volcarona|Quiver Dance|p1a: Volcarona
|-boost|p1a: Volcarona|spa|1
|-boost|p1a: Volcarona|spd|1
|-boost|p1a: Volcarona|spe|1
|move|p2a: Forretress|Volt Switch|p1a: Volcarona
|-damage|p1a: Volcarona|249\/312
|
|switch|p2a: Staraptor|Staraptor, F|311\/311
|-damage|p2a: Staraptor|234\/311|[from] Stealth Rock
|
|turn|6
|
|move|p2a: Staraptor|Brave Bird|p1a: Volcarona
|-supereffective|p1a: Volcarona
|-damage|p1a: Volcarona|0 fnt
|-damage|p2a: Staraptor|152\/311|[from] recoil|[of] p1a: Volcarona
|faint|p1a: Volcarona
|
|
|switch|p1a: Klefki|Klefki, M|318\/318
|-damage|p1a: Klefki|279\/318|[from] Spikes
|turn|7
|c|âkokoloko|annoying
|
|switch|p2a: Swampert|Swampert, F|342\/342
|-damage|p2a: Swampert|321\/342|[from] Stealth Rock
|move|p1a: Klefki|Light Screen|p1a: Klefki
|-sidestart|p1: kokoloko|move: Light Screen
|
|turn|8
|
|detailschange|p2a: Swampert|Swampert-Mega, F
|message|Swampert has Mega Evolved into Mega Swampert!
|move|p1a: Klefki|Reflect|p1a: Klefki
|-sidestart|p1: kokoloko|Reflect
|move|p2a: Swampert|Earthquake|p1a: Klefki
|-supereffective|p1a: Klefki
|-damage|p1a: Klefki|104\/318
|
|turn|9
|
|switch|p1a: Starmie|Starmie|261\/261
|-damage|p1a: Starmie|229\/261|[from] Spikes
|move|p2a: Swampert|Earthquake|p1a: Starmie
|-damage|p1a: Starmie|101\/261
|
|turn|10
|
|switch|p2a: Florges|Florges, F|360\/360
|-damage|p2a: Florges|315\/360|[from] Stealth Rock
|move|p1a: Starmie|Hydro Pump|p2a: Florges
|-damage|p2a: Florges|134\/360
|-damage|p1a: Starmie|75\/261|[from] item: Life Orb
|
|-heal|p2a: Florges|156\/360|[from] item: Leftovers
|turn|11
|
|move|p2a: Florges|Protect|p2a: Florges
|-singleturn|p2a: Florges|Protect
|move|p1a: Starmie|Rapid Spin|p2a: Florges
|-activate|p2a: Florges|Protect
|
|-heal|p2a: Florges|178\/360|[from] item: Leftovers
|turn|12
|
|move|p1a: Starmie|Rapid Spin|p2a: Florges
|-damage|p2a: Florges|165\/360
|-sideend|p1: kokoloko|Spikes|[from] move: Rapid Spin|[of] p1a: Starmie
|-damage|p1a: Starmie|49\/261|[from] item: Life Orb
|move|p2a: Florges|Moonblast|p1a: Starmie
|-damage|p1a: Starmie|0 fnt
|faint|p1a: Starmie
|
|-heal|p2a: Florges|187\/360|[from] item: Leftovers
|
|switch|p1a: Cloyster|Cloyster, M|241\/241
|turn|13
|
|move|p1a: Cloyster|Shell Smash|p1a: Cloyster
|-boost|p1a: Cloyster|atk|2
|-boost|p1a: Cloyster|spa|2
|-boost|p1a: Cloyster|spe|2
|-unboost|p1a: Cloyster|def|1
|-unboost|p1a: Cloyster|spd|1
|move|p2a: Florges|Moonblast|p1a: Cloyster
|-damage|p1a: Cloyster|62\/241
|
|-heal|p2a: Florges|209\/360|[from] item: Leftovers
|turn|14
|
|move|p1a: Cloyster|Icicle Spear|p2a: Florges
|-damage|p2a: Florges|136\/360
|-damage|p2a: Florges|66\/360
|-damage|p2a: Florges|0 fnt
|-hitcount|p2a: Florges|3
|faint|p2a: Florges
|
|-sideend|p1: kokoloko|move: Light Screen
|
|switch|p2a: Klefki|Klefki, F|318\/318
|-damage|p2a: Klefki|299\/318|[from] Stealth Rock
|turn|15
|
|move|p2a: Klefki|Reflect|p2a: Klefki
|-sidestart|p2: sparktrain|Reflect
|move|p1a: Cloyster|Hydro Pump|p2a: Klefki
|-damage|p2a: Klefki|53\/318
|
|-sideend|p1: kokoloko|Reflect
|turn|16
|
|move|p2a: Klefki|Light Screen|p2a: Klefki
|-sidestart|p2: sparktrain|move: Light Screen
|move|p1a: Cloyster|Icicle Spear|p2a: Klefki
|-resisted|p2a: Klefki
|-damage|p2a: Klefki|39\/318
|-resisted|p2a: Klefki
|-damage|p2a: Klefki|24\/318
|-resisted|p2a: Klefki
|-damage|p2a: Klefki|10\/318
|-resisted|p2a: Klefki
|-damage|p2a: Klefki|0 fnt
|-hitcount|p2a: Klefki|4
|faint|p2a: Klefki
|
|
|switch|p2a: Swampert|Swampert-Mega, F|321\/342
|-damage|p2a: Swampert|300\/342|[from] Stealth Rock
|turn|17
|
|move|p1a: Cloyster|Icicle Spear|p2a: Swampert
|-damage|p2a: Swampert|268\/342
|-damage|p2a: Swampert|235\/342
|-damage|p2a: Swampert|201\/342
|-damage|p2a: Swampert|166\/342
|-damage|p2a: Swampert|135\/342
|-hitcount|p2a: Swampert|5
|cant|p2a: Swampert|flinch
|
|turn|18
|
|move|p1a: Cloyster|Icicle Spear|p2a: Swampert
|-damage|p2a: Swampert|102\/342
|-damage|p2a: Swampert|66\/342
|-damage|p2a: Swampert|31\/342
|-damage|p2a: Swampert|0 fnt
|-hitcount|p2a: Swampert|4
|faint|p2a: Swampert
|
|
|switch|p2a: Staraptor|Staraptor, F|152\/311
|-damage|p2a: Staraptor|75\/311|[from] Stealth Rock
|turn|19
|
|move|p1a: Cloyster|Icicle Spear|p2a: Staraptor
|-supereffective|p2a: Staraptor
|-damage|p2a: Staraptor|0 fnt
|-hitcount|p2a: Staraptor|1
|faint|p2a: Staraptor
|
|
|switch|p2a: Forretress|Forretress, F|256\/354
|-damage|p2a: Forretress|212\/354|[from] Stealth Rock
|turn|20
|
|move|p1a: Cloyster|Rock Blast|p2a: Forretress
|-damage|p2a: Forretress|198\/354
|-damage|p2a: Forretress|184\/354
|-damage|p2a: Forretress|171\/354
|-damage|p2a: Forretress|157\/354
|-damage|p2a: Forretress|143\/354
|-hitcount|p2a: Forretress|5
|move|p2a: Forretress|Volt Switch|p1a: Cloyster
|-supereffective|p1a: Cloyster
|-damage|p1a: Cloyster|0 fnt
|faint|p1a: Cloyster
|
|switch|p2a: Volcarona|Volcarona, F|374\/374
|-damage|p2a: Volcarona|187\/374|[from] Stealth Rock
|
|-heal|p2a: Volcarona|210\/374|[from] item: Leftovers
|
|switch|p1a: Altaria|Altaria, F|291\/291
|turn|21
|
|move|p1a: Altaria|Dragon Dance|p1a: Altaria
|-boost|p1a: Altaria|atk|1
|-boost|p1a: Altaria|spe|1
|move|p2a: Volcarona|Quiver Dance|p2a: Volcarona
|-boost|p2a: Volcarona|spa|1
|-boost|p2a: Volcarona|spd|1
|-boost|p2a: Volcarona|spe|1
|
|-heal|p2a: Volcarona|233\/374|[from] item: Leftovers
|turn|22
|
|move|p1a: Altaria|Dragon Dance|p1a: Altaria
|-boost|p1a: Altaria|atk|1
|-boost|p1a: Altaria|spe|1
|move|p2a: Volcarona|Psychic|p1a: Altaria
|-damage|p1a: Altaria|128\/291
|
|-heal|p2a: Volcarona|256\/374|[from] item: Leftovers
|-sideend|p2: sparktrain|Reflect
|turn|23
|
|move|p1a: Altaria|Earthquake|p2a: Volcarona
|-damage|p2a: Volcarona|43\/374
|move|p2a: Volcarona|Psychic|p1a: Altaria
|-damage|p1a: Altaria|0 fnt
|faint|p1a: Altaria
|
|-heal|p2a: Volcarona|66\/374|[from] item: Leftovers
|-sideend|p2: sparktrain|move: Light Screen
|-message|kokoloko forfeited.
|
|win|sparktrain
|raw|Ladder updating...
|leave|kokoloko
|player|p1
|raw|kokoloko's rating: 1436 &rarr; <strong>1410<\/strong><br \/>(-26 for losing)
|raw|sparktrain's rating: 1314 &rarr; <strong>1341<\/strong><br \/>(+27 for winning)