|join|I3Magikarp Alt
|join|kokoloko
|player|p1|I3Magikarp Alt|275
|player|p2|kokoloko|265
|gametype|singles
|gen|6
|tier|UU
|rated
|rule|Sleep Clause Mod: Limit one foe put to sleep
|rule|Species Clause: Limit one of each PokÃ©mon
|rule|OHKO Clause: OHKO moves are banned
|rule|Moody Clause: Moody is banned
|rule|Evasion Moves Clause: Evasion moves are banned
|rule|Endless Battle Clause: Forcing endless battles is banned
|rule|HP Percentage Mod: HP is shown in percentages
|clearpoke
|poke|p1|Dragalge, F
|poke|p1|Diancie
|poke|p1|Forretress, F
|poke|p1|Swampert, M
|poke|p1|Blissey, F
|poke|p1|Jirachi
|poke|p2|Diancie
|poke|p2|Florges, F
|poke|p2|Crobat, F
|poke|p2|Jirachi
|poke|p2|Alakazam, F
|poke|p2|Swampert, F
|rule|Swagger Clause: Swagger is banned
|rule|Baton Pass Clause: Limit one PokÃ©mon knowing Baton Pass
|teampreview
|c|âI3Magikarp Alt|gl hf
|
|start
|switch|p1a: Jirachi|Jirachi|341\/341
|switch|p2a: Swampert|Swampert, F|401\/401
|turn|1
|
|move|p1a: Jirachi|U-turn|p2a: Swampert
|-damage|p2a: Swampert|347\/401
|
|switch|p1a: Seahorse|Dragalge, F|271\/271
|move|p2a: Swampert|Earthquake|p1a: Seahorse
|-supereffective|p1a: Seahorse
|-damage|p1a: Seahorse|37\/271
|
|-heal|p2a: Swampert|372\/401|[from] item: Leftovers
|turn|2
|
|switch|p2a: Diancie|Diancie|241\/241
|move|p1a: Seahorse|Draco Meteor|p2a: Diancie
|-immune|p2a: Diancie|[msg]
|
|turn|3
|
|switch|p1a: Jirachi|Jirachi|341\/341
|detailschange|p2a: Diancie|Diancie-Mega
|message|Diancie has Mega Evolved into Mega Diancie!
|move|p2a: Diancie|Diamond Storm|p1a: Jirachi
|-resisted|p1a: Jirachi
|-damage|p1a: Jirachi|254\/341
|
|turn|4
|c|âI3Magikarp Alt|oh shit
|c|âI3Magikarp Alt|it's koko
|c|âI3Magikarp Alt|hi
|c|âkokoloko|hi lol
|join|Kyla's Nightmare
|
|switch|p2a: Crobat|Crobat, F|343\/343
|move|p1a: Jirachi|U-turn|p2a: Crobat
|-resisted|p2a: Crobat
|-damage|p2a: Crobat|323\/343
|join|Dad's Dad
|join|mr. big dck
|join|feng
|c| Dad's Dad|omg!!!
|
|switch|p1a: Rock|Diancie|241\/241
|
|-heal|p2a: Crobat|343\/343|[from] item: Black Sludge
|turn|5
|join|I love bad plays
|join|CoolStoryBrobat
|c| Dad's Dad|is that **the** koko!
|c| Dad's Dad|id suck ur dick
|c| Dad's Dad|!!!
|
|switch|p2a: Jirachi|Jirachi|341\/341
|detailschange|p1a: Rock|Diancie-Mega
|message|Diancie has Mega Evolved into Mega Diancie!
|move|p1a: Rock|Diamond Storm|p2a: Jirachi
|-resisted|p2a: Jirachi
|-damage|p2a: Jirachi|257\/341
|-boost|p1a: Rock|def|1
|
|turn|6
|c|@CoolStoryBrobat|I came to watch someone get smashed
|raw|<div class="broadcast-red"><b>Moderated chat was set to +!<\/b><br \/>Only users of rank + and higher can talk.<\/div>
|c|@CoolStoryBrobat|And to take notes on "High Level Play"
|
|switch|p1a: Swampert|Swampert, M|404\/404
|move|p2a: Jirachi|U-turn|p1a: Swampert
|-damage|p1a: Swampert|350\/404
|c|âI3Magikarp Alt|well, I'm here to help, CSB
|c|âI3Magikarp Alt|just do everything i do
|
|switch|p2a: Diancie|Diancie-Mega|241\/241
|
|-heal|p1a: Swampert|375\/404|[from] item: Leftovers
|turn|7
|
|move|p2a: Diancie|Moonblast|p1a: Swampert
|-damage|p1a: Swampert|125\/404
|move|p1a: Swampert|Earthquake|p2a: Diancie
|-supereffective|p2a: Diancie
|-damage|p2a: Diancie|0 fnt
|faint|p2a: Diancie
|
|-heal|p1a: Swampert|150\/404|[from] item: Leftovers
|c|âI3Magikarp Alt|see?
|c|âkokoloko|rip
|
|switch|p2a: Florges|Florges, F|359\/359
|turn|8
|c|@CoolStoryBrobat|Dat Chip dmg
|c|âI3Magikarp Alt|i was half-scared of HP Grass
|c|âI3Magikarp Alt|tbh
|
|switch|p1a: Jirachi|Jirachi|254\/341
|move|p2a: Florges|Moonblast|p1a: Jirachi
|-resisted|p1a: Jirachi
|-damage|p1a: Jirachi|188\/341
|
|turn|9
|
|switch|p2a: Swampert|Swampert, F|372\/401
|move|p1a: Jirachi|U-turn|p2a: Swampert
|-damage|p2a: Swampert|321\/401
|
|switch|p1a: Seahorse|Dragalge, F|37\/271
|
|-heal|p2a: Swampert|346\/401|[from] item: Leftovers
|turn|10
|c|@CoolStoryBrobat|I think you overestimate Dragalge's speed
|
|switch|p2a: Jirachi|Jirachi|257\/341
|move|p1a: Seahorse|Draco Meteor|p2a: Jirachi
|-resisted|p2a: Jirachi
|-damage|p2a: Jirachi|58\/341
|-unboost|p1a: Seahorse|spa|2
|
|turn|11
|c|@CoolStoryBrobat|Unless you did some insane creep
|
|switch|p1a: Pinecone|Forretress, F|354\/354
|move|p2a: Jirachi|U-turn|p1a: Pinecone
|-resisted|p1a: Pinecone
|-damage|p1a: Pinecone|334\/354
|
|switch|p2a: Swampert|Swampert, F|346\/401
|
|-heal|p2a: Swampert|371\/401|[from] item: Leftovers
|-heal|p1a: Pinecone|354\/354|[from] item: Leftovers
|turn|12
|c|âI3Magikarp Alt|i'm not good enough to do that
|
|switch|p1a: Swampert|Swampert, M|150\/404
|move|p2a: Swampert|Scald|p1a: Swampert
|-damage|p1a: Swampert|57\/404
|
|-heal|p1a: Swampert|82\/404|[from] item: Leftovers
|-heal|p2a: Swampert|396\/401|[from] item: Leftovers
|turn|13
|
|move|p1a: Swampert|Scald|p2a: Swampert
|-damage|p2a: Swampert|306\/401
|-status|p2a: Swampert|brn
|move|p2a: Swampert|Scald|p1a: Swampert
|-damage|p1a: Swampert|0 fnt
|faint|p1a: Swampert
|
|-heal|p2a: Swampert|331\/401 brn|[from] item: Leftovers
|-damage|p2a: Swampert|281\/401 brn|[from] brn
|
|switch|p1a: Seahorse|Dragalge, F|37\/271
|turn|14
|
|move|p1a: Seahorse|Sludge Wave|p2a: Swampert
|-resisted|p2a: Swampert
|-damage|p2a: Swampert|108\/401 brn
|move|p2a: Swampert|Earthquake|p1a: Seahorse
|-supereffective|p1a: Seahorse
|-damage|p1a: Seahorse|0 fnt
|faint|p1a: Seahorse
|
|-heal|p2a: Swampert|133\/401 brn|[from] item: Leftovers
|-damage|p2a: Swampert|83\/401 brn|[from] brn
|c|âI3Magikarp Alt|fuck
|
|switch|p1a: Rock|Diancie-Mega|241\/241
|turn|15
|c|@CoolStoryBrobat|He did have some creep
|c|âI3Magikarp Alt|yea
|c|âI3Magikarp Alt|but I'm bad
|
|switch|p2a: Alakazam|Alakazam, F|252\/252
|move|p1a: Rock|Moonblast|p2a: Alakazam
|-damage|p2a: Alakazam|50\/252
|
|turn|16
|
|switch|p1a: Pinecone|Forretress, F|354\/354
|move|p2a: Alakazam|Psyshock|p1a: Pinecone
|-resisted|p1a: Pinecone
|-damage|p1a: Pinecone|311\/354
|
|-heal|p1a: Pinecone|333\/354|[from] item: Leftovers
|turn|17
|
|move|p2a: Alakazam|Shadow Ball|p1a: Pinecone
|-damage|p1a: Pinecone|181\/354
|move|p1a: Pinecone|Gyro Ball|p2a: Alakazam
|-crit|p2a: Alakazam
|-damage|p2a: Alakazam|0 fnt
|faint|p2a: Alakazam
|
|-heal|p1a: Pinecone|203\/354|[from] item: Leftovers
|
|switch|p2a: Jirachi|Jirachi|58\/341
|turn|18
|
|move|p2a: Jirachi|Healing Wish|p2a: Jirachi
|faint|p2a: Jirachi
|move|p1a: Pinecone|Volt Switch|p2: Jirachi|[notarget]
|-notarget
|
|-heal|p1a: Pinecone|225\/354|[from] item: Leftovers
|join|YellowâSkarmoryâ
|
|switch|p2a: Swampert|Swampert, F|83\/401 brn
|-heal|p2a: Swampert|401\/401|[from] move: Healing Wish
|turn|19
|c|âI3Magikarp Alt|goddamnit
|
|move|p2a: Swampert|Scald|p1a: Pinecone
|-damage|p1a: Pinecone|107\/354
|-status|p1a: Pinecone|brn
|move|p1a: Pinecone|Spikes|p2a: Swampert
|-sidestart|p2: kokoloko|Spikes
|
|-heal|p1a: Pinecone|129\/354 brn|[from] item: Leftovers
|-damage|p1a: Pinecone|85\/354 brn|[from] brn
|turn|20
|
|move|p2a: Swampert|Scald|p1a: Pinecone
|-damage|p1a: Pinecone|0 fnt
|faint|p1a: Pinecone
|
|
|switch|p1a: Egg|Blissey, F|652\/652
|turn|21
|
|switch|p2a: Florges|Florges, F|359\/359
|-damage|p2a: Florges|315\/359|[from] Spikes
|move|p1a: Egg|Seismic Toss|p2a: Florges
|-damage|p2a: Florges|215\/359
|
|-heal|p2a: Florges|237\/359|[from] item: Leftovers
|turn|22
|
|switch|p1a: Rock|Diancie-Mega|241\/241
|move|p2a: Florges|Synthesis|p2a: Florges
|-heal|p2a: Florges|359\/359
|
|turn|23
|c|âI3Magikarp Alt|oh yeah
|c|âI3Magikarp Alt|it gets that now
|
|move|p1a: Rock|Moonblast|p2a: Florges
|-damage|p2a: Florges|232\/359
|-unboost|p2a: Florges|spa|1
|move|p2a: Florges|Moonblast|p1a: Rock
|-damage|p1a: Rock|162\/241
|
|-heal|p2a: Florges|254\/359|[from] item: Leftovers
|turn|24
|
|move|p1a: Rock|Diamond Storm|p2a: Florges
|-damage|p2a: Florges|98\/359
|move|p2a: Florges|Synthesis|p2a: Florges
|-heal|p2a: Florges|277\/359
|
|-heal|p2a: Florges|299\/359|[from] item: Leftovers
|turn|25
|c|âI3Magikarp Alt|nice sp atk drop
|c|@CoolStoryBrobat|Is this CM Florg?
|
|switch|p1a: Jirachi|Jirachi|188\/341
|switch|p2a: Swampert|Swampert, F|401\/401
|-damage|p2a: Swampert|351\/401|[from] Spikes
|
|-heal|p2a: Swampert|376\/401|[from] item: Leftovers
|turn|26
|c|âI3Magikarp Alt|hope not
|
|move|p1a: Jirachi|Trick|p2a: Swampert
|-activate|p1a: Jirachi|move: Trick|[of] p2a: Swampert
|-item|p2a: Swampert|Choice Scarf|[from] move: Trick
|-item|p1a: Jirachi|Leftovers|[from] move: Trick
|move|p2a: Swampert|Earthquake|p1a: Jirachi
|-supereffective|p1a: Jirachi
|-damage|p1a: Jirachi|0 fnt
|faint|p1a: Jirachi
|
|
|switch|p1a: Egg|Blissey, F|652\/652
|turn|27
|c|@CoolStoryBrobat|Scarfed EQ
|c|âI3Magikarp Alt|trust me
|c|âI3Magikarp Alt|i got this
|c|âI3Magikarp Alt|wait
|c|âI3Magikarp Alt|shit
|
|switch|p2a: Florges|Florges, F|299\/359
|-damage|p2a: Florges|255\/359|[from] Spikes
|move|p1a: Egg|Wish|p1a: Egg
|
|-heal|p2a: Florges|277\/359|[from] item: Leftovers
|turn|28
|c|âI3Magikarp Alt|i needed rachi for florges
|
|switch|p1a: Rock|Diancie-Mega|162\/241
|move|p2a: Florges|Calm Mind|p2a: Florges
|-boost|p2a: Florges|spa|1
|-boost|p2a: Florges|spd|1
|
|-heal|p1a: Rock|241\/241|[from] move: Wish|[wisher] Egg
|-heal|p2a: Florges|299\/359|[from] item: Leftovers
|turn|29
|c|@CoolStoryBrobat|It is CM Florg
|c|âI3Magikarp Alt|âI3Magikarp Alt: but I'm bad
|c|@CoolStoryBrobat|lol
|
|move|p1a: Rock|Diamond Storm|p2a: Florges
|-damage|p2a: Florges|140\/359
|move|p2a: Florges|Synthesis|p2a: Florges
|-heal|p2a: Florges|319\/359
|
|-heal|p2a: Florges|341\/359|[from] item: Leftovers
|turn|30
|c|@CoolStoryBrobat|I mean Synthesis has 8 PP
|
|move|p1a: Rock|Diamond Storm|p2a: Florges
|-damage|p2a: Florges|193\/359
|move|p2a: Florges|Moonblast|p1a: Rock
|-damage|p1a: Rock|43\/241
|
|-heal|p2a: Florges|215\/359|[from] item: Leftovers
|turn|31
|c|âI3Magikarp Alt|so does diamond storm
|c|@CoolStoryBrobat|Dang
|join|Alldaalts
|c|âkokoloko|or i just do that
|c|âkokoloko|?
|c|âkokoloko|and now bat wins too
|c|âkokoloko|so gg,
|
|move|p1a: Rock|Diamond Storm|p2a: Florges
|-damage|p2a: Florges|43\/359
|-boost|p1a: Rock|def|1
|move|p2a: Florges|Moonblast|p1a: Rock
|-damage|p1a: Rock|0 fnt
|faint|p1a: Rock
|
|-heal|p2a: Florges|65\/359|[from] item: Leftovers
|
|switch|p1a: Egg|Blissey, F|652\/652
|turn|32
|
|move|p2a: Florges|Synthesis|p2a: Florges
|-heal|p2a: Florges|244\/359
|move|p1a: Egg|Seismic Toss|p2a: Florges
|-damage|p2a: Florges|144\/359
|
|-heal|p2a: Florges|166\/359|[from] item: Leftovers
|turn|33
|
|move|p2a: Florges|Calm Mind|p2a: Florges
|-boost|p2a: Florges|spa|1
|-boost|p2a: Florges|spd|1
|move|p1a: Egg|Seismic Toss|p2a: Florges
|-damage|p2a: Florges|66\/359
|
|-heal|p2a: Florges|88\/359|[from] item: Leftovers
|turn|34
|
|move|p2a: Florges|Synthesis|p2a: Florges
|-heal|p2a: Florges|267\/359
|move|p1a: Egg|Seismic Toss|p2a: Florges
|-damage|p2a: Florges|167\/359
|
|-heal|p2a: Florges|189\/359|[from] item: Leftovers
|turn|35
|
|move|p2a: Florges|Calm Mind|p2a: Florges
|-boost|p2a: Florges|spa|1
|-boost|p2a: Florges|spd|1
|move|p1a: Egg|Seismic Toss|p2a: Florges
|-damage|p2a: Florges|89\/359
|
|-heal|p2a: Florges|111\/359|[from] item: Leftovers
|turn|36
|
|move|p2a: Florges|Calm Mind|p2a: Florges
|-boost|p2a: Florges|spa|1
|-boost|p2a: Florges|spd|1
|move|p1a: Egg|Seismic Toss|p2a: Florges
|-damage|p2a: Florges|11\/359
|
|-heal|p2a: Florges|33\/359|[from] item: Leftovers
|turn|37
|
|move|p2a: Florges|Synthesis|p2a: Florges
|-heal|p2a: Florges|212\/359
|move|p1a: Egg|Seismic Toss|p2a: Florges
|-damage|p2a: Florges|112\/359
|
|-heal|p2a: Florges|134\/359|[from] item: Leftovers
|turn|38
|
|move|p2a: Florges|Synthesis|p2a: Florges
|-heal|p2a: Florges|313\/359
|move|p1a: Egg|Seismic Toss|p2a: Florges
|-damage|p2a: Florges|213\/359
|
|-heal|p2a: Florges|235\/359|[from] item: Leftovers
|turn|39
|
|move|p2a: Florges|Calm Mind|p2a: Florges
|-boost|p2a: Florges|spa|1
|-boost|p2a: Florges|spd|1
|move|p1a: Egg|Seismic Toss|p2a: Florges
|-damage|p2a: Florges|135\/359
|
|-heal|p2a: Florges|157\/359|[from] item: Leftovers
|turn|40
|
|move|p2a: Florges|Calm Mind|p2a: Florges
|-boost|p2a: Florges|spa|1
|-boost|p2a: Florges|spd|1
|move|p1a: Egg|Seismic Toss|p2a: Florges
|-damage|p2a: Florges|57\/359
|
|-heal|p2a: Florges|79\/359|[from] item: Leftovers
|turn|41
|c|âI3Magikarp Alt|gg
|
|move|p2a: Florges|Synthesis|p2a: Florges
|-heal|p2a: Florges|258\/359
|move|p1a: Egg|Seismic Toss|p2a: Florges
|-damage|p2a: Florges|158\/359
|
|-heal|p2a: Florges|180\/359|[from] item: Leftovers
|turn|42
|
|move|p2a: Florges|Moonblast|p1a: Egg
|-damage|p1a: Egg|364\/652
|move|p1a: Egg|Seismic Toss|p2a: Florges
|-damage|p2a: Florges|80\/359
|
|-heal|p2a: Florges|102\/359|[from] item: Leftovers
|-heal|p1a: Egg|404\/652|[from] item: Leftovers
|turn|43
|c|@CoolStoryBrobat|deeeyum
|
|move|p2a: Florges|Moonblast|p1a: Egg
|-damage|p1a: Egg|100\/652
|move|p1a: Egg|Wish|p1a: Egg
|
|-heal|p2a: Florges|124\/359|[from] item: Leftovers
|-heal|p1a: Egg|140\/652|[from] item: Leftovers
|turn|44
|c|âkokoloko|i run 0 SpA tho
|c|âI3Magikarp Alt|I'm gonna be "that guy"
|
|move|p1a: Egg|Protect|p1a: Egg
|-singleturn|p1a: Egg|Protect
|move|p2a: Florges|Moonblast|p1a: Egg
|-activate|p1a: Egg|Protect
|
|-heal|p1a: Egg|466\/652|[from] move: Wish|[wisher] Egg
|-heal|p2a: Florges|146\/359|[from] item: Leftovers
|-heal|p1a: Egg|506\/652|[from] item: Leftovers
|turn|45
|c|âI3Magikarp Alt|sorry
|leave|Alldaalts
|
|move|p2a: Florges|Moonblast|p1a: Egg
|-damage|p1a: Egg|205\/652
|move|p1a: Egg|Wish|p1a: Egg
|
|-heal|p2a: Florges|168\/359|[from] item: Leftovers
|-heal|p1a: Egg|245\/652|[from] item: Leftovers
|turn|46
|
|move|p1a: Egg|Protect|p1a: Egg
|-singleturn|p1a: Egg|Protect
|move|p2a: Florges|Moonblast|p1a: Egg
|-activate|p1a: Egg|Protect
|
|-heal|p1a: Egg|571\/652|[from] move: Wish|[wisher] Egg
|-heal|p2a: Florges|190\/359|[from] item: Leftovers
|-heal|p1a: Egg|611\/652|[from] item: Leftovers
|turn|47
|join|Alldaalts
|leave|YellowâSkarmoryâ
|c|âI3Magikarp Alt|ok I'm done
|-message|I3Magikarp Alt forfeited.
|
|win|kokoloko
|raw|Ladder updating...
|c|âkokoloko|lol
|c|âI3Magikarp Alt|gg tho
|raw|I3Magikarp Alt's rating: 1174 &rarr; <strong>1144<\/strong><br \/>(-30 for losing)
|raw|kokoloko's rating: 1109 &rarr; <strong>1139<\/strong><br \/>(+30 for winning)
|c|âkokoloko|gg
|leave|I3Magikarp Alt
|player|p1
|leave|kokoloko
|player|p2
|leave|mr. big dck
|leave|CoolStoryBrobat
|leave|Kyla's Nightmare
|join|YellowâSkarmoryâ
|leave|I eat swag
|leave|YellowâSkarmoryâ
|join|YellowâSkarmoryâ
|leave|YellowâSkarmoryâ
|leave|feng