|join|kokoloko
|join|TimidTotodile
|player|p1|kokoloko|169
|player|p2|TimidTotodile|284
|gametype|singles
|gen|6
|tier|UU
|rated
|rule|Sleep Clause Mod: Limit one foe put to sleep
|rule|Species Clause: Limit one of each PokÃ©mon
|rule|OHKO Clause: OHKO moves are banned
|rule|Moody Clause: Moody is banned
|rule|Evasion Moves Clause: Evasion moves are banned
|rule|Endless Battle Clause: Forcing endless battles is banned
|rule|HP Percentage Mod: HP is shown in percentages
|clearpoke
|poke|p1|Swampert, F
|poke|p1|Umbreon, F, shiny
|poke|p1|Crobat, M
|poke|p1|Blastoise, F
|poke|p1|Lucario, M
|poke|p1|Krookodile, M
|poke|p2|Lucario, F
|poke|p2|Machamp, F
|poke|p2|Vaporeon, F
|poke|p2|Aerodactyl, F
|poke|p2|Jirachi
|poke|p2|Donphan, M
|rule|Swagger Clause: Swagger is banned
|rule|Baton Pass Clause: Limit one PokÃ©mon knowing Baton Pass
|teampreview
|
|start
|switch|p1a: Swampert|Swampert, F|401\/401
|switch|p2a: Jirachi|Jirachi|404\/404
|turn|1
|
|move|p2a: Jirachi|Stealth Rock|p1a: Swampert
|-sidestart|p1: kokoloko|move: Stealth Rock
|move|p1a: Swampert|Stealth Rock|p2a: Jirachi
|-sidestart|p2: TimidTotodile|move: Stealth Rock
|
|turn|2
|
|move|p2a: Jirachi|U-turn|p1a: Swampert
|-damage|p1a: Swampert|360\/401
|
|switch|p2a: Vaporeon|Vaporeon, F|464\/464
|-damage|p2a: Vaporeon|406\/464|[from] Stealth Rock
|move|p1a: Swampert|Earthquake|p2a: Vaporeon
|-damage|p2a: Vaporeon|288\/464
|
|-heal|p2a: Vaporeon|317\/464|[from] item: Leftovers
|-heal|p1a: Swampert|385\/401|[from] item: Leftovers
|turn|3
|
|switch|p1a: Umbreon|Umbreon, F, shiny|393\/393
|-damage|p1a: Umbreon|344\/393|[from] Stealth Rock
|move|p2a: Vaporeon|Scald|p1a: Umbreon
|-damage|p1a: Umbreon|280\/393
|
|-heal|p2a: Vaporeon|346\/464|[from] item: Leftovers
|-heal|p1a: Umbreon|304\/393|[from] item: Leftovers
|turn|4
|
|switch|p2a: Machamp|Machamp, F|363\/363
|-damage|p2a: Machamp|341\/363|[from] Stealth Rock
|move|p1a: Umbreon|Wish|p1a: Umbreon
|
|-heal|p1a: Umbreon|328\/393|[from] item: Leftovers
|turn|5
|
|switch|p1a: Crobat|Crobat, M|343\/343
|-damage|p1a: Crobat|258\/343|[from] Stealth Rock
|move|p2a: Machamp|Knock Off|p1a: Crobat
|-damage|p1a: Crobat|100\/343
|-enditem|p1a: Crobat|Black Sludge|[from] move: Knock Off|[of] p2a: Machamp
|
|-heal|p1a: Crobat|296\/343|[from] move: Wish|[wisher] Umbreon
|turn|6
|
|switch|p2a: Donphan|Donphan, M|384\/384
|-damage|p2a: Donphan|360\/384|[from] Stealth Rock
|move|p1a: Crobat|U-turn|p2a: Donphan
|-damage|p2a: Donphan|325\/384
|
|switch|p1a: Blastoise|Blastoise, F|313\/313
|-damage|p1a: Blastoise|274\/313|[from] Stealth Rock
|
|-heal|p2a: Donphan|349\/384|[from] item: Leftovers
|turn|7
|
|switch|p2a: Jirachi|Jirachi|404\/404
|-damage|p2a: Jirachi|379\/404|[from] Stealth Rock
|detailschange|p1a: Blastoise|Blastoise-Mega, F
|message|Blastoise has Mega Evolved into Mega Blastoise!
|move|p1a: Blastoise|Rapid Spin|p2a: Jirachi
|-resisted|p2a: Jirachi
|-damage|p2a: Jirachi|372\/404
|-sideend|p1: kokoloko|Stealth Rock|[from] move: Rapid Spin|[of] p1a: Blastoise
|
|-heal|p2a: Jirachi|397\/404|[from] item: Leftovers
|turn|8
|
|move|p2a: Jirachi|Body Slam|p1a: Blastoise
|-damage|p1a: Blastoise|219\/313
|-status|p1a: Blastoise|par
|move|p1a: Blastoise|Dark Pulse|p2a: Jirachi
|-supereffective|p2a: Jirachi
|-damage|p2a: Jirachi|157\/404
|
|-heal|p2a: Jirachi|182\/404|[from] item: Leftovers
|turn|9
|
|move|p2a: Jirachi|U-turn|p1a: Blastoise
|-damage|p1a: Blastoise|174\/313 par
|
|switch|p2a: Machamp|Machamp, F|341\/363
|-damage|p2a: Machamp|319\/363|[from] Stealth Rock
|move|p1a: Blastoise|Dark Pulse|p2a: Machamp
|-resisted|p2a: Machamp
|-damage|p2a: Machamp|258\/363
|
|turn|10
|
|switch|p1a: Crobat|Crobat, M|296\/343
|move|p2a: Machamp|Stone Edge|p1a: Crobat
|-supereffective|p1a: Crobat
|-damage|p1a: Crobat|0 fnt
|faint|p1a: Crobat
|
|
|switch|p1a: Lucario|Lucario, M|281\/281
|turn|11
|
|move|p1a: Lucario|Close Combat|p2a: Machamp
|-damage|p2a: Machamp|0 fnt
|-unboost|p1a: Lucario|def|1
|-unboost|p1a: Lucario|spd|1
|-damage|p1a: Lucario|253\/281|[from] item: Life Orb
|faint|p2a: Machamp
|
|
|switch|p2a: Donphan|Donphan, M|349\/384
|-damage|p2a: Donphan|325\/384|[from] Stealth Rock
|turn|12
|
|switch|p1a: Swampert|Swampert, F|385\/401
|move|p2a: Donphan|Rapid Spin|p1a: Swampert
|-damage|p1a: Swampert|369\/401
|-sideend|p2: TimidTotodile|Stealth Rock|[from] move: Rapid Spin|[of] p2a: Donphan
|
|-heal|p1a: Swampert|394\/401|[from] item: Leftovers
|-heal|p2a: Donphan|349\/384|[from] item: Leftovers
|turn|13
|
|move|p1a: Swampert|Scald|p2a: Donphan
|-supereffective|p2a: Donphan
|-damage|p2a: Donphan|107\/384
|move|p2a: Donphan|Toxic|p1a: Swampert
|-status|p1a: Swampert|tox
|
|-heal|p1a: Swampert|401\/401 tox|[from] item: Leftovers
|-heal|p2a: Donphan|131\/384|[from] item: Leftovers
|-damage|p1a: Swampert|376\/401 tox|[from] psn
|turn|14
|
|switch|p2a: Vaporeon|Vaporeon, F|346\/464
|move|p1a: Swampert|Stealth Rock|p2a: Vaporeon
|-sidestart|p2: TimidTotodile|move: Stealth Rock
|
|-heal|p2a: Vaporeon|375\/464|[from] item: Leftovers
|-heal|p1a: Swampert|401\/401 tox|[from] item: Leftovers
|-damage|p1a: Swampert|351\/401 tox|[from] psn
|turn|15
|
|switch|p1a: Umbreon|Umbreon, F, shiny|328\/393
|move|p2a: Vaporeon|Wish|p2a: Vaporeon
|
|-heal|p1a: Umbreon|352\/393|[from] item: Leftovers
|-heal|p2a: Vaporeon|404\/464|[from] item: Leftovers
|turn|16
|
|switch|p2a: Donphan|Donphan, M|131\/384
|-damage|p2a: Donphan|107\/384|[from] Stealth Rock
|move|p1a: Umbreon|Heal Bell|p1a: Umbreon
|-cureteam|p1a: Umbreon|[from] move: HealBell
|
|-heal|p2a: Donphan|339\/384|[from] move: Wish|[wisher] Vaporeon
|-heal|p1a: Umbreon|376\/393|[from] item: Leftovers
|-heal|p2a: Donphan|363\/384|[from] item: Leftovers
|turn|17
|
|move|p1a: Umbreon|Wish|p1a: Umbreon
|move|p2a: Donphan|Rapid Spin|p1a: Umbreon
|-damage|p1a: Umbreon|357\/393
|-sideend|p2: TimidTotodile|Stealth Rock|[from] move: Rapid Spin|[of] p2a: Donphan
|
|-heal|p1a: Umbreon|381\/393|[from] item: Leftovers
|-heal|p2a: Donphan|384\/384|[from] item: Leftovers
|turn|18
|
|switch|p1a: Blastoise|Blastoise-Mega, F|174\/313
|move|p2a: Donphan|Roar|p1a: Blastoise
|drag|p1a: Lucario|Lucario, M|253\/281
|
|-heal|p1a: Lucario|281\/281|[from] move: Wish|[wisher] Umbreon
|turn|19
|
|switch|p1a: Swampert|Swampert, F|351\/401
|move|p2a: Donphan|Earthquake|p1a: Swampert
|-damage|p1a: Swampert|251\/401
|
|-heal|p1a: Swampert|276\/401|[from] item: Leftovers
|turn|20
|
|move|p1a: Swampert|Stealth Rock|p2a: Donphan
|-sidestart|p2: TimidTotodile|move: Stealth Rock
|move|p2a: Donphan|Toxic|p1a: Swampert
|-status|p1a: Swampert|tox
|
|-heal|p1a: Swampert|301\/401 tox|[from] item: Leftovers
|-damage|p1a: Swampert|276\/401 tox|[from] psn
|turn|21
|
|switch|p2a: Jirachi|Jirachi|182\/404
|-damage|p2a: Jirachi|157\/404|[from] Stealth Rock
|move|p1a: Swampert|Scald|p2a: Jirachi
|-damage|p2a: Jirachi|93\/404
|
|-heal|p2a: Jirachi|118\/404|[from] item: Leftovers
|-heal|p1a: Swampert|301\/401 tox|[from] item: Leftovers
|-damage|p1a: Swampert|251\/401 tox|[from] psn
|turn|22
|
|move|p2a: Jirachi|Stealth Rock|p1a: Swampert
|-sidestart|p1: kokoloko|move: Stealth Rock
|move|p1a: Swampert|Earthquake|p2a: Jirachi
|-crit|p2a: Jirachi
|-supereffective|p2a: Jirachi
|-damage|p2a: Jirachi|0 fnt
|faint|p2a: Jirachi
|
|-heal|p1a: Swampert|276\/401 tox|[from] item: Leftovers
|-damage|p1a: Swampert|201\/401 tox|[from] psn
|
|switch|p2a: Lucario|Lucario, F|281\/281
|-damage|p2a: Lucario|273\/281|[from] Stealth Rock
|turn|23
|
|move|p2a: Lucario|Aura Sphere|p1a: Swampert
|-damage|p1a: Swampert|0 fnt
|-damage|p2a: Lucario|245\/281|[from] item: Life Orb
|faint|p1a: Swampert
|
|
|switch|p1a: Krookodile|Krookodile, M|331\/331
|-damage|p1a: Krookodile|311\/331|[from] Stealth Rock
|-ability|p1a: Krookodile|Intimidate|[of] p2a: Lucario
|-unboost|p2a: Lucario|atk|1
|turn|24
|
|switch|p2a: Donphan|Donphan, M|384\/384
|-damage|p2a: Donphan|360\/384|[from] Stealth Rock
|move|p1a: Krookodile|Earthquake|p2a: Donphan
|-damage|p2a: Donphan|245\/384
|
|-heal|p2a: Donphan|269\/384|[from] item: Leftovers
|turn|25
|
|switch|p1a: Umbreon|Umbreon, F, shiny|381\/393
|-damage|p1a: Umbreon|332\/393|[from] Stealth Rock
|move|p2a: Donphan|Rapid Spin|p1a: Umbreon
|-damage|p1a: Umbreon|315\/393
|-sideend|p2: TimidTotodile|Stealth Rock|[from] move: Rapid Spin|[of] p2a: Donphan
|
|-heal|p1a: Umbreon|339\/393|[from] item: Leftovers
|-heal|p2a: Donphan|293\/384|[from] item: Leftovers
|turn|26
|
|switch|p2a: Lucario|Lucario, F|245\/281
|move|p1a: Umbreon|Wish|p1a: Umbreon
|
|-heal|p1a: Umbreon|363\/393|[from] item: Leftovers
|turn|27
|
|switch|p1a: Blastoise|Blastoise-Mega, F|174\/313
|-damage|p1a: Blastoise|135\/313|[from] Stealth Rock
|move|p2a: Lucario|Aura Sphere|p1a: Blastoise
|-damage|p1a: Blastoise|0 fnt
|-damage|p2a: Lucario|217\/281|[from] item: Life Orb
|faint|p1a: Blastoise
|
|-message|kokoloko forfeited.
|
|win|TimidTotodile
|raw|Ladder updating...
|leave|kokoloko
|player|p1
|raw|kokoloko's rating: 1690 &rarr; <strong>1663<\/strong><br \/>(-27 for losing)
|raw|TimidTotodile's rating: 1580 &rarr; <strong>1606<\/strong><br \/>(+26 for winning)