|join|kokoloko
|join|tuRkizzle
|player|p1|kokoloko|169
|player|p2|tuRkizzle|115
|gametype|singles
|gen|6
|tier|UU
|rated
|rule|Sleep Clause Mod: Limit one foe put to sleep
|rule|Species Clause: Limit one of each PokÃ©mon
|rule|OHKO Clause: OHKO moves are banned
|rule|Moody Clause: Moody is banned
|rule|Evasion Moves Clause: Evasion moves are banned
|rule|Endless Battle Clause: Forcing endless battles is banned
|rule|HP Percentage Mod: HP is shown in percentages
|clearpoke
|poke|p1|Pidgeot, F
|poke|p1|Starmie
|poke|p1|Krookodile, M, shiny
|poke|p1|Crobat, M
|poke|p1|Whimsicott, F, shiny
|poke|p1|Jirachi
|poke|p2|Jirachi
|poke|p2|Lucario, F
|poke|p2|Krookodile, M
|poke|p2|Zygarde
|poke|p2|Blastoise, F
|poke|p2|Raikou
|rule|Swagger Clause: Swagger is banned
|rule|Baton Pass Clause: Limit one PokÃ©mon knowing Baton Pass
|teampreview
|join|Panda Queen
|
|start
|switch|p1a: FuckinWithMyMoxie|Krookodile, M, shiny|331\/331
|switch|p2a: Krookizzle|Krookodile, M|331\/331
|-ability|p1a: FuckinWithMyMoxie|Intimidate|[of] p2a: Krookizzle
|-unboost|p2a: Krookizzle|atk|1
|-ability|p2a: Krookizzle|Intimidate|[of] p1a: FuckinWithMyMoxie
|-unboost|p1a: FuckinWithMyMoxie|atk|1
|turn|1
|
|switch|p1a: TheRightItem|Pidgeot, F|307\/307
|move|p2a: Krookizzle|Superpower|p1a: TheRightItem
|-damage|p1a: TheRightItem|129\/307
|-unboost|p2a: Krookizzle|atk|1
|-unboost|p2a: Krookizzle|def|1
|
|turn|2
|
|switch|p2a: Jirizzle|Jirachi|341\/341
|detailschange|p1a: TheRightItem|Pidgeot-Mega, F
|-mega|p1a: TheRightItem|Pidgeot|Pidgeotite
|move|p1a: TheRightItem|Hurricane|p2a: Jirizzle
|-resisted|p2a: Jirizzle
|-damage|p2a: Jirizzle|244\/341
|
|turn|3
|
|switch|p1a: DarkAndFly|Crobat, M|373\/373
|move|p2a: Jirizzle|U-turn|p1a: DarkAndFly
|-resisted|p1a: DarkAndFly
|-damage|p1a: DarkAndFly|355\/373
|
|switch|p2a: Blastizzle|Blastoise, F|333\/333
|
|turn|4
|
|detailschange|p2a: Blastizzle|Blastoise-Mega, F
|-mega|p2a: Blastizzle|Blastoise|Blastoisinite
|move|p1a: DarkAndFly|U-turn|p2a: Blastizzle
|-damage|p2a: Blastizzle|288\/333
|
|switch|p1a: ClapSlow|Whimsicott, F, shiny|323\/323
|move|p2a: Blastizzle|Scald|p1a: ClapSlow
|-resisted|p1a: ClapSlow
|-damage|p1a: ClapSlow|218\/323
|-status|p1a: ClapSlow|brn
|
|-heal|p1a: ClapSlow|238\/323 brn|[from] item: Leftovers
|-damage|p1a: ClapSlow|198\/323 brn|[from] brn
|turn|5
|
|switch|p2a: Jirizzle|Jirachi|244\/341
|move|p1a: ClapSlow|Leech Seed|p2a: Jirizzle|[miss]
|-miss|p1a: ClapSlow|p2a: Jirizzle
|
|-heal|p1a: ClapSlow|218\/323 brn|[from] item: Leftovers
|-damage|p1a: ClapSlow|178\/323 brn|[from] brn
|turn|6
|
|move|p2a: Jirizzle|U-turn|p1a: ClapSlow
|-damage|p1a: ClapSlow|121\/323 brn
|
|switch|p2a: Lucizzle|Lucario, F|281\/281
|move|p1a: ClapSlow|U-turn|p2a: Lucizzle
|-resisted|p2a: Lucizzle
|-damage|p2a: Lucizzle|276\/281
|
|switch|p1a: FuckinWithMyMoxie|Krookodile, M, shiny|331\/331
|-ability|p1a: FuckinWithMyMoxie|Intimidate|[of] p2a: Lucizzle
|-unboost|p2a: Lucizzle|atk|1
|
|turn|7
|
|switch|p2a: Krookizzle|Krookodile, M|331\/331
|-ability|p2a: Krookizzle|Intimidate|[of] p1a: FuckinWithMyMoxie
|-unboost|p1a: FuckinWithMyMoxie|atk|1
|move|p1a: FuckinWithMyMoxie|Earthquake|p2a: Krookizzle
|-damage|p2a: Krookizzle|199\/331
|
|turn|8
|
|move|p2a: Krookizzle|Knock Off|p1a: FuckinWithMyMoxie
|-resisted|p1a: FuckinWithMyMoxie
|-damage|p1a: FuckinWithMyMoxie|196\/331
|-enditem|p1a: FuckinWithMyMoxie|Black Glasses|[from] move: Knock Off|[of] p2a: Krookizzle
|move|p1a: FuckinWithMyMoxie|Stealth Rock|p2a: Krookizzle
|-sidestart|p2: tuRkizzle|move: Stealth Rock
|
|turn|9
|
|switch|p1a: TheRightItem|Pidgeot-Mega, F|129\/307
|move|p2a: Krookizzle|Knock Off|p1a: TheRightItem
|-damage|p1a: TheRightItem|0 fnt
|faint|p1a: TheRightItem
|
|c|âkokoloko|dam
|c|âkokoloko|that kills
|c|âkokoloko|lol
|
|switch|p1a: FuckinWithMyMoxie|Krookodile, M, shiny|196\/331
|-ability|p1a: FuckinWithMyMoxie|Intimidate|[of] p2a: Krookizzle
|-unboost|p2a: Krookizzle|atk|1
|turn|10
|
|move|p1a: FuckinWithMyMoxie|Earthquake|p2a: Krookizzle
|-damage|p2a: Krookizzle|4\/331
|move|p2a: Krookizzle|Knock Off|p1a: FuckinWithMyMoxie
|-resisted|p1a: FuckinWithMyMoxie
|-damage|p1a: FuckinWithMyMoxie|126\/331
|
|turn|11
|
|move|p2a: Krookizzle|Knock Off|p1a: FuckinWithMyMoxie
|-resisted|p1a: FuckinWithMyMoxie
|-damage|p1a: FuckinWithMyMoxie|65\/331
|move|p1a: FuckinWithMyMoxie|Pursuit|p2a: Krookizzle
|-resisted|p2a: Krookizzle
|-damage|p2a: Krookizzle|0 fnt
|faint|p2a: Krookizzle
|
|
|switch|p2a: Lucizzle|Lucario, F|276\/281
|-damage|p2a: Lucizzle|268\/281|[from] Stealth Rock
|turn|12
|
|switch|p1a: DarkAndFly|Crobat, M|355\/373
|move|p2a: Lucizzle|Extreme Speed|p1a: DarkAndFly
|-damage|p1a: DarkAndFly|226\/373
|-damage|p2a: Lucizzle|240\/281|[from] item: Life Orb
|
|turn|13
|
|switch|p2a: Jirizzle|Jirachi|244\/341
|-damage|p2a: Jirizzle|223\/341|[from] Stealth Rock
|move|p1a: DarkAndFly|Roost|p1a: DarkAndFly
|-heal|p1a: DarkAndFly|373\/373
|
|turn|14
|
|move|p2a: Jirizzle|Iron Head|p1a: DarkAndFly
|-damage|p1a: DarkAndFly|229\/373
|move|p1a: DarkAndFly|U-turn|p2a: Jirizzle
|-damage|p2a: Jirizzle|171\/341
|
|switch|p1a: StrongAnalyticalSh|Starmie|323\/323
|
|turn|15
|
|move|p2a: Jirizzle|Iron Head|p1a: StrongAnalyticalSh
|-resisted|p1a: StrongAnalyticalSh
|-damage|p1a: StrongAnalyticalSh|257\/323
|move|p1a: StrongAnalyticalSh|Scald|p2a: Jirizzle
|-damage|p2a: Jirizzle|84\/341
|
|-heal|p1a: StrongAnalyticalSh|277\/323|[from] item: Leftovers
|turn|16
|
|switch|p2a: Blastizzle|Blastoise-Mega, F|288\/333
|-damage|p2a: Blastizzle|247\/333|[from] Stealth Rock
|move|p1a: StrongAnalyticalSh|Scald|p2a: Blastizzle
|-resisted|p2a: Blastizzle
|-damage|p2a: Blastizzle|202\/333
|
|-heal|p1a: StrongAnalyticalSh|297\/323|[from] item: Leftovers
|turn|17
|
|move|p1a: StrongAnalyticalSh|Scald|p2a: Blastizzle
|-resisted|p2a: Blastizzle
|-damage|p2a: Blastizzle|160\/333
|move|p2a: Blastizzle|Rapid Spin|p1a: StrongAnalyticalSh
|-damage|p1a: StrongAnalyticalSh|280\/323
|-sideend|p2: tuRkizzle|Stealth Rock|[from] move: Rapid Spin|[of] p2a: Blastizzle
|
|-heal|p1a: StrongAnalyticalSh|300\/323|[from] item: Leftovers
|turn|18
|
|move|p1a: StrongAnalyticalSh|Scald|p2a: Blastizzle
|-crit|p2a: Blastizzle
|-resisted|p2a: Blastizzle
|-damage|p2a: Blastizzle|98\/333
|move|p2a: Blastizzle|Dark Pulse|p1a: StrongAnalyticalSh
|-supereffective|p1a: StrongAnalyticalSh
|-damage|p1a: StrongAnalyticalSh|0 fnt
|faint|p1a: StrongAnalyticalSh
|
|
|switch|p1a: FuckinWithMyMoxie|Krookodile, M, shiny|65\/331
|-ability|p1a: FuckinWithMyMoxie|Intimidate|[of] p2a: Blastizzle
|-unboost|p2a: Blastizzle|atk|1
|turn|19
|c|âtuRkizzle|i swear scald has been broken lately lol
|c|âtuRkizzle|never works
|c|âkokoloko|yep
|c|âkokoloko|i dont think i've burned anything in 4 days
|c|âtuRkizzle|kek
|c| Panda Queen|I needed 9 scald yesterday
|c| Panda Queen|to get one burn
|c| Panda Queen|:]
|
|switch|p2a: Zyizzle|Zygarde|404\/404
|-ability|p2a: Zyizzle|Aura Break
|move|p1a: FuckinWithMyMoxie|Earthquake|p2a: Zyizzle
|-damage|p2a: Zyizzle|263\/404
|
|-heal|p2a: Zyizzle|288\/404|[from] item: Leftovers
|turn|20
|
|move|p1a: FuckinWithMyMoxie|Knock Off|p2a: Zyizzle
|-damage|p2a: Zyizzle|161\/404
|-enditem|p2a: Zyizzle|Leftovers|[from] move: Knock Off|[of] p1a: FuckinWithMyMoxie
|move|p2a: Zyizzle|Earthquake|p1a: FuckinWithMyMoxie
|-damage|p1a: FuckinWithMyMoxie|0 fnt
|faint|p1a: FuckinWithMyMoxie
|
|
|switch|p1a: ClapSlow|Whimsicott, F, shiny|121\/323 brn
|turn|21
|
|move|p1a: ClapSlow|Leech Seed|p2a: Zyizzle
|-start|p2a: Zyizzle|move: Leech Seed
|move|p2a: Zyizzle|Earthquake|p1a: ClapSlow
|-resisted|p1a: ClapSlow
|-damage|p1a: ClapSlow|70\/323 brn
|
|-heal|p1a: ClapSlow|90\/323 brn|[from] item: Leftovers
|-damage|p2a: Zyizzle|111\/404|[from] Leech Seed|[of] p1a: ClapSlow
|-heal|p1a: ClapSlow|140\/323 brn|[silent]
|-damage|p1a: ClapSlow|100\/323 brn|[from] brn
|turn|22
|
|switch|p2a: Raikizzle|Raikou|322\/322
|-ability|p2a: Raikizzle|Pressure
|move|p1a: ClapSlow|U-turn|p2a: Raikizzle
|-damage|p2a: Raikizzle|299\/322
|
|switch|p1a: HomieJirachi|Jirachi|341\/341
|
|turn|23
|
|move|p1a: HomieJirachi|Iron Head|p2a: Raikizzle
|-resisted|p2a: Raikizzle
|-damage|p2a: Raikizzle|221\/322
|cant|p2a: Raikizzle|flinch
|
|turn|24
|
|move|p1a: HomieJirachi|Iron Head|p2a: Raikizzle
|-resisted|p2a: Raikizzle
|-damage|p2a: Raikizzle|141\/322
|cant|p2a: Raikizzle|flinch
|
|turn|25
|
|switch|p2a: Lucizzle|Lucario, F|240\/281
|move|p1a: HomieJirachi|Iron Head|p2a: Lucizzle
|-resisted|p2a: Lucizzle
|-damage|p2a: Lucizzle|161\/281
|
|turn|26
|
|move|p1a: HomieJirachi|Iron Head|p2a: Lucizzle
|-resisted|p2a: Lucizzle
|-damage|p2a: Lucizzle|83\/281
|cant|p2a: Lucizzle|flinch
|
|turn|27
|
|move|p1a: HomieJirachi|Iron Head|p2a: Lucizzle
|-resisted|p2a: Lucizzle
|-damage|p2a: Lucizzle|7\/281
|move|p2a: Lucizzle|Crunch|p1a: HomieJirachi
|-supereffective|p1a: HomieJirachi
|-damage|p1a: HomieJirachi|120\/341
|-unboost|p1a: HomieJirachi|def|1
|-damage|p2a: Lucizzle|0 fnt|[from] item: Life Orb
|faint|p2a: Lucizzle
|
|
|switch|p2a: Jirizzle|Jirachi|84\/341
|turn|28
|
|switch|p1a: DarkAndFly|Crobat, M|229\/373
|move|p2a: Jirizzle|Healing Wish|p2a: Jirizzle
|faint|p2a: Jirizzle
|
|
|switch|p2a: Blastizzle|Blastoise-Mega, F|98\/333
|-heal|p2a: Blastizzle|333\/333|[from] move: Healing Wish
|turn|29
|c|âkokoloko|right i actually forgot about that
|
|move|p1a: DarkAndFly|Acrobatics|p2a: Blastizzle
|-damage|p2a: Blastizzle|240\/333
|move|p2a: Blastizzle|Ice Beam|p1a: DarkAndFly
|-supereffective|p1a: DarkAndFly
|-damage|p1a: DarkAndFly|0 fnt
|faint|p1a: DarkAndFly
|
|
|switch|p1a: ClapSlow|Whimsicott, F, shiny|100\/323 brn
|turn|30
|
|switch|p2a: Raikizzle|Raikou|141\/322
|-ability|p2a: Raikizzle|Pressure
|move|p1a: ClapSlow|Moonblast|p2a: Raikizzle
|-damage|p2a: Raikizzle|54\/322
|
|-heal|p1a: ClapSlow|120\/323 brn|[from] item: Leftovers
|-damage|p1a: ClapSlow|80\/323 brn|[from] brn
|turn|31
|
|move|p2a: Raikizzle|Thunderbolt|p1a: ClapSlow
|-crit|p1a: ClapSlow
|-resisted|p1a: ClapSlow
|-damage|p1a: ClapSlow|0 fnt
|faint|p1a: ClapSlow
|
|
|switch|p1a: HomieJirachi|Jirachi|120\/341
|turn|32
|
|move|p1a: HomieJirachi|Iron Head|p2a: Raikizzle
|-crit|p2a: Raikizzle
|-resisted|p2a: Raikizzle
|-damage|p2a: Raikizzle|0 fnt
|faint|p2a: Raikizzle
|
|
|switch|p2a: Zyizzle|Zygarde|111\/404
|-ability|p2a: Zyizzle|Aura Break
|turn|33
|
|move|p1a: HomieJirachi|Iron Head|p2a: Zyizzle
|-damage|p2a: Zyizzle|6\/404
|cant|p2a: Zyizzle|flinch
|
|turn|34
|
|move|p1a: HomieJirachi|Iron Head|p2a: Zyizzle
|-damage|p2a: Zyizzle|0 fnt
|faint|p2a: Zyizzle
|
|c|âtuRkizzle|flinches working fine
|
|switch|p2a: Blastizzle|Blastoise-Mega, F|240\/333
|turn|35
|
|move|p1a: HomieJirachi|Iron Head|p2a: Blastizzle
|-resisted|p2a: Blastizzle
|-damage|p2a: Blastizzle|187\/333
|cant|p2a: Blastizzle|flinch
|
|turn|36
|c|âkokoloko|i need 5 some on
|
|move|p1a: HomieJirachi|Iron Head|p2a: Blastizzle
|-resisted|p2a: Blastizzle
|-damage|p2a: Blastizzle|133\/333
|cant|p2a: Blastizzle|flinch
|
|turn|37
|c| Panda Queen|n_n
|
|move|p1a: HomieJirachi|Iron Head|p2a: Blastizzle
|-resisted|p2a: Blastizzle
|-damage|p2a: Blastizzle|80\/333
|cant|p2a: Blastizzle|flinch
|
|turn|38
|c|âkokoloko|1 more
|c|âkokoloko|pls
|
|move|p1a: HomieJirachi|Iron Head|p2a: Blastizzle
|-resisted|p2a: Blastizzle
|-damage|p2a: Blastizzle|32\/333
|move|p2a: Blastizzle|Dark Pulse|p1a: HomieJirachi
|-supereffective|p1a: HomieJirachi
|-damage|p1a: HomieJirachi|0 fnt
|faint|p1a: HomieJirachi
|
|win|tuRkizzle
|raw|Ladder updating...
|raw|kokoloko's rating: 1589 &rarr; <strong>1564<\/strong><br \/>(-25 for losing)
|raw|tuRkizzle's rating: 1503 &rarr; <strong>1528<\/strong><br \/>(+25 for winning)
|c|âkokoloko|2 bad
|leave|kokoloko
|c|âtuRkizzle|kek
|player|p1
|leave|tuRkizzle
|player|p2
|leave|Panda Queen
|join|kokoloko
|leave|kokoloko