|join|Psychotic
|join|kokoloko
|player|p1|Psychotic|253
|player|p2|kokoloko|2
|gametype|singles
|gen|6
|tier|UU
|rule|Sleep Clause Mod: Limit one foe put to sleep
|rule|Species Clause: Limit one of each PokÃ©mon
|rule|OHKO Clause: OHKO moves are banned
|rule|Moody Clause: Moody is banned
|rule|Evasion Moves Clause: Evasion moves are banned
|rule|Endless Battle Clause: Forcing endless battles is banned
|rule|HP Percentage Mod: HP is shown in percentages
|clearpoke
|poke|p1|Abomasnow, M
|poke|p1|Empoleon, M
|poke|p1|Volcarona, M
|poke|p1|Zygarde
|poke|p1|Gligar, F
|poke|p1|Jirachi
|poke|p2|Diancie
|poke|p2|Florges, F
|poke|p2|Crobat, F
|poke|p2|Jirachi
|poke|p2|Alakazam, M
|poke|p2|Swampert, F
|rule|Swagger Clause: Swagger is banned
|rule|Baton Pass Clause: Limit one PokÃ©mon knowing Baton Pass
|teampreview
|join|namehtmas
|c|âkokoloko|u and ur snowman
|join|Nas
|c|âPsychotic|it is
|c|âPsychotic|quite good right now
|c|âPsychotic|as usual
|c| Nas|kokoloko
|c| Nas|numel is op in this game
|c|âkokoloko|hello,
|c|âPsychotic|helo
|c| Nas|gets plume and ep by lv 26
|c|âkokoloko|uhh idk i've never used it
|c|âkokoloko|its slow as shit tho no?
|
|start
|switch|p1a: Volcarona|Volcarona, M|312\/312
|switch|p2a: Swampert|Swampert, F|401\/401
|turn|1
|c| Nas|nah
|c| Nas|i got me a timid one
|
|switch|p2a: Crobat|Crobat, F|343\/343
|move|p1a: Volcarona|Bug Buzz|p2a: Crobat
|-resisted|p2a: Crobat
|-damage|p2a: Crobat|298\/343
|-unboost|p2a: Crobat|spd|1
|
|-heal|p2a: Crobat|319\/343|[from] item: Black Sludge
|turn|2
|c| Nas|outspeeding ninjasks left and right
|c|âkokoloko|lol
|c| namehtmas|u gotta megaevolve that shit
|c|âkokoloko|you dont get the stone until v late tho
|
|switch|p1a: Empoleon|Empoleon, M|372\/372
|move|p2a: Crobat|Taunt|p1a: Empoleon
|-start|p1a: Empoleon|move: Taunt
|
|-heal|p2a: Crobat|340\/343|[from] item: Black Sludge
|turn|3
|c| Nas|also you get rock polish after flannery iirc
|c|âkokoloko|damn im
|c| Nas|its in magma base isnt it?
|c|âkokoloko|super weak to that
|c|âPsychotic|empoleon?
|c|âkokoloko|nah its postgame
|c|âPsychotic|ye
|
|switch|p2a: Swampert|Swampert, F|401\/401
|move|p1a: Empoleon|Scald|p2a: Swampert
|-damage|p2a: Swampert|286\/401
|
|-heal|p2a: Swampert|311\/401|[from] item: Leftovers
|turn|4
|c| Nas|wuuuut
|c| Nas|srs
|c|âkokoloko|y
|c| Nas|where
|
|switch|p1a: Abomasnow|Abomasnow, M|340\/340
|-weather|Hail
|move|p2a: Swampert|Earthquake|p1a: Abomasnow
|-resisted|p1a: Abomasnow
|-damage|p1a: Abomasnow|259\/340
|
|-weather|Hail|[upkeep]
|-damage|p2a: Swampert|286\/401|[from] hail
|-heal|p2a: Swampert|311\/401|[from] item: Leftovers
|turn|5
|c|âkokoloko|they give it to you
|c|âkokoloko|literally impossible to miss
|c| Nas|serebii says its in magma hideout
|c|âkokoloko|it is there
|c|âkokoloko|lol
|
|switch|p2a: Jirachi|Jirachi|341\/341
|detailschange|p1a: Abomasnow|Abomasnow-Mega, M
|message|Abomasnow has Mega Evolved into Mega Abomasnow!
|move|p1a: Abomasnow|Blizzard|p2a: Jirachi
|-resisted|p2a: Jirachi
|-damage|p2a: Jirachi|233\/341
|
|-weather|Hail|[upkeep]
|-damage|p2a: Jirachi|212\/341|[from] hail
|turn|6
|c| Nas|fuck
|
|switch|p1a: Empoleon|Empoleon, M|372\/372
|move|p2a: Jirachi|U-turn|p1a: Empoleon
|-resisted|p1a: Empoleon
|-damage|p1a: Empoleon|331\/372
|c| Nas|i wanted to use mega camel
|c|âkokoloko|god damn how do i beat that
|join|Mrs. King
|c|âPsychotic|idk
|c| namehtmas|ur p weak to waters in general
|c|âPsychotic|its just an empoleon
|
|switch|p2a: Florges|Florges, F|359\/359
|
|-weather|Hail|[upkeep]
|-damage|p2a: Florges|337\/359|[from] hail
|-damage|p1a: Empoleon|308\/372|[from] hail
|-heal|p2a: Florges|359\/359|[from] item: Leftovers
|-heal|p1a: Empoleon|331\/372|[from] item: Leftovers
|turn|7
|c| namehtmas|specs\/lo starmie
|c|âPsychotic|ya suicune like
|c|âPsychotic|sweeps you
|c|âPsychotic|hard
|c| namehtmas|^
|c|âkokoloko|yeah tru
|join|Friendshit
|c| namehtmas|use my niq
|
|move|p2a: Florges|Calm Mind|p2a: Florges
|-boost|p2a: Florges|spa|1
|-boost|p2a: Florges|spd|1
|move|p1a: Empoleon|Stealth Rock|p2a: Florges
|-sidestart|p2: kokoloko|move: Stealth Rock
|
|-weather|Hail|[upkeep]
|-damage|p2a: Florges|337\/359|[from] hail
|-damage|p1a: Empoleon|308\/372|[from] hail
|-heal|p2a: Florges|359\/359|[from] item: Leftovers
|-heal|p1a: Empoleon|331\/372|[from] item: Leftovers
|turn|8
|c|âkokoloko|lets try this
|c| namehtmas|specs raikou
|c|âkokoloko|pls no roar
|
|move|p2a: Florges|Moonblast|p1a: Empoleon
|-resisted|p1a: Empoleon
|-damage|p1a: Empoleon|259\/372
|move|p1a: Empoleon|Scald|p2a: Florges
|-damage|p2a: Florges|310\/359
|
|-weather|none
|-heal|p2a: Florges|332\/359|[from] item: Leftovers
|-heal|p1a: Empoleon|282\/372|[from] item: Leftovers
|turn|9
|
|move|p2a: Florges|Calm Mind|p2a: Florges
|-boost|p2a: Florges|spa|1
|-boost|p2a: Florges|spd|1
|move|p1a: Empoleon|Roar|p2a: Florges
|drag|p2a: Crobat|Crobat, F|340\/343
|-damage|p2a: Crobat|255\/343|[from] Stealth Rock
|
|-heal|p2a: Crobat|276\/343|[from] item: Black Sludge
|-heal|p1a: Empoleon|305\/372|[from] item: Leftovers
|turn|10
|c|âkokoloko|dam u
|c| namehtmas|specs raikou is actually
|c|âPsychotic|dam me
|c| namehtmas|pretty good rn
|
|move|p2a: Crobat|Brave Bird|p1a: Empoleon
|-resisted|p1a: Empoleon
|-damage|p1a: Empoleon|225\/372
|-damage|p2a: Crobat|250\/343|[from] recoil|[of] p1a: Empoleon
|move|p1a: Empoleon|Scald|p2a: Crobat
|-damage|p2a: Crobat|121\/343
|
|-heal|p2a: Crobat|142\/343|[from] item: Black Sludge
|-heal|p1a: Empoleon|248\/372|[from] item: Leftovers
|turn|11
|c| namehtmas|sadly we will only have
|c| namehtmas|2 more days with it
|
|move|p2a: Crobat|Defog|p1a: Empoleon
|-unboost|p1a: Empoleon|evasion|1
|-sideend|p2: kokoloko|Stealth Rock|[from] move: Defog|[of] p2a: Crobat
|move|p1a: Empoleon|Scald|p2a: Crobat
|-damage|p2a: Crobat|16\/343
|
|-heal|p2a: Crobat|37\/343|[from] item: Black Sludge
|-heal|p1a: Empoleon|271\/372|[from] item: Leftovers
|turn|12
|c|âPsychotic|w\/ what?
|c| namehtmas|raikou
|c|âPsychotic|whys dat
|
|move|p2a: Crobat|Taunt|p1a: Empoleon
|-start|p1a: Empoleon|move: Taunt
|move|p1a: Empoleon|Scald|p2a: Crobat
|-damage|p2a: Crobat|0 fnt
|faint|p2a: Crobat
|
|-heal|p1a: Empoleon|294\/372|[from] item: Leftovers
|c|âkokoloko|going ou
|c| namehtmas|it had like 4.5% in ou last month
|
|switch|p2a: Diancie|Diancie|241\/241
|turn|13
|c|âPsychotic|ah
|c|âPsychotic|whats droppin
|c|âkokoloko|conk i think
|c|âkokoloko|:o
|c| namehtmas|sylveon and mandi are almost 100%
|c|âPsychotic|nice
|c| namehtmas|ya conk has a good chance
|
|detailschange|p2a: Diancie|Diancie-Mega
|message|Diancie has Mega Evolved into Mega Diancie!
|move|p2a: Diancie|Earth Power|p1a: Empoleon
|-supereffective|p1a: Empoleon
|-damage|p1a: Empoleon|90\/372
|-unboost|p1a: Empoleon|spd|1
|move|p1a: Empoleon|Scald|p2a: Diancie
|-supereffective|p2a: Diancie
|-damage|p2a: Diancie|0 fnt
|faint|p2a: Diancie
|
|-heal|p1a: Empoleon|113\/372|[from] item: Leftovers
|c|âPsychotic|#torrent
|
|switch|p2a: Alakazam|Alakazam, M|252\/252
|turn|14
|
|switch|p1a: Jirachi|Jirachi|341\/341
|move|p2a: Alakazam|Shadow Ball|p1a: Jirachi
|-supereffective|p1a: Jirachi
|-damage|p1a: Jirachi|133\/341
|
|turn|15
|
|switch|p2a: Swampert|Swampert, F|311\/401
|move|p1a: Jirachi|U-turn|p2a: Swampert
|-damage|p2a: Swampert|254\/401
|
|switch|p1a: Abomasnow|Abomasnow-Mega, M|259\/340
|-weather|Hail
|
|-weather|Hail|[upkeep]
|-damage|p2a: Swampert|229\/401|[from] hail
|-heal|p2a: Swampert|254\/401|[from] item: Leftovers
|turn|16
|c|âkokoloko|thats a tree
|
|move|p2a: Swampert|Stealth Rock|p1a: Abomasnow
|-sidestart|p1: Psychotic|move: Stealth Rock
|move|p1a: Abomasnow|Giga Drain|p2a: Swampert
|-supereffective|p2a: Swampert
|-damage|p2a: Swampert|0 fnt
|-heal|p1a: Abomasnow|340\/340|[from] drain|[of] p2a: Swampert
|faint|p2a: Swampert
|
|-weather|Hail|[upkeep]
|c|âkokoloko|fuck
|c|âkokoloko|,,,
|
|switch|p2a: Jirachi|Jirachi|212\/341
|turn|17
|
|move|p2a: Jirachi|Iron Head|p1a: Abomasnow
|-supereffective|p1a: Abomasnow
|-damage|p1a: Abomasnow|106\/340
|move|p1a: Abomasnow|Giga Drain|p2a: Jirachi
|-resisted|p2a: Jirachi
|-damage|p2a: Jirachi|135\/341
|-heal|p1a: Abomasnow|145\/340|[from] drain|[of] p2a: Jirachi
|
|-weather|Hail|[upkeep]
|-damage|p2a: Jirachi|114\/341|[from] hail
|turn|18
|
|move|p1a: Abomasnow|Ice Shard|p2a: Jirachi
|-resisted|p2a: Jirachi
|-damage|p2a: Jirachi|87\/341
|move|p2a: Jirachi|Iron Head|p1a: Abomasnow
|-crit|p1a: Abomasnow
|-supereffective|p1a: Abomasnow
|-damage|p1a: Abomasnow|0 fnt
|faint|p1a: Abomasnow
|
|-weather|Hail|[upkeep]
|-damage|p2a: Jirachi|66\/341|[from] hail
|
|switch|p1a: Zygarde|Zygarde|416\/416
|-damage|p1a: Zygarde|390\/416|[from] Stealth Rock
|-ability|p1a: Zygarde|Aura Break
|turn|19
|
|switch|p2a: Florges|Florges, F|332\/359
|move|p1a: Zygarde|Extreme Speed|p2a: Florges
|-damage|p2a: Florges|247\/359
|
|-weather|none
|-heal|p1a: Zygarde|416\/416|[from] item: Leftovers
|-heal|p2a: Florges|269\/359|[from] item: Leftovers
|turn|20
|c| namehtmas|but ye we're also losing
|c| namehtmas|azelf and rachi
|c| namehtmas|most likely
|c|âkokoloko|ugh
|c|âPsychotic|can this thing
|c|âkokoloko|rachi will be big
|c|âPsychotic|take a hit
|c|âkokoloko|probs
|
|move|p1a: Zygarde|Coil|p1a: Zygarde
|-boost|p1a: Zygarde|atk|1
|-boost|p1a: Zygarde|def|1
|-boost|p1a: Zygarde|accuracy|1
|move|p2a: Florges|Moonblast|p1a: Zygarde
|-crit|p1a: Zygarde
|-supereffective|p1a: Zygarde
|-damage|p1a: Zygarde|60\/416
|
|-heal|p1a: Zygarde|86\/416|[from] item: Leftovers
|-heal|p2a: Florges|291\/359|[from] item: Leftovers
|turn|21
|c| namehtmas|4sure
|c|âkokoloko|LOL
|c|âPsychotic|oh
|c|âPsychotic|wow
|c|âPsychotic|ez
|c|âkokoloko|that was a crit???
|c| namehtmas|and ye building without rachi
|c| namehtmas|is gonna suck
|
|move|p1a: Zygarde|Earthquake|p2a: Florges
|-damage|p2a: Florges|68\/359
|move|p2a: Florges|Moonblast|p1a: Zygarde
|-supereffective|p1a: Zygarde
|-damage|p1a: Zygarde|0 fnt
|faint|p1a: Zygarde
|
|-heal|p2a: Florges|90\/359|[from] item: Leftovers
|
|switch|p1a: Volcarona|Volcarona, M|312\/312
|-damage|p1a: Volcarona|156\/312|[from] Stealth Rock
|turn|22
|c|âPsychotic|OH
|c|âPsychotic|fuck
|c|âPsychotic|i forgot about sr
|
|move|p1a: Volcarona|Quiver Dance|p1a: Volcarona
|-boost|p1a: Volcarona|spa|1
|-boost|p1a: Volcarona|spd|1
|-boost|p1a: Volcarona|spe|1
|move|p2a: Florges|Synthesis|p2a: Florges
|-heal|p2a: Florges|269\/359
|
|-heal|p1a: Volcarona|175\/312|[from] item: Leftovers
|-heal|p2a: Florges|291\/359|[from] item: Leftovers
|turn|23
|c|âkokoloko|you still win
|c|âkokoloko|w\/ it
|c|âkokoloko|fuck volc
|
|move|p1a: Volcarona|Quiver Dance|p1a: Volcarona
|-boost|p1a: Volcarona|spa|1
|-boost|p1a: Volcarona|spd|1
|-boost|p1a: Volcarona|spe|1
|move|p2a: Florges|Calm Mind|p2a: Florges
|-boost|p2a: Florges|spa|1
|-boost|p2a: Florges|spd|1
|
|-heal|p1a: Volcarona|194\/312|[from] item: Leftovers
|-heal|p2a: Florges|313\/359|[from] item: Leftovers
|turn|24
|c| namehtmas|why did you drop volc
|c|âkokoloko|tryin shit lol
|
|move|p1a: Volcarona|Fiery Dance|p2a: Florges
|-crit|p2a: Florges
|-damage|p2a: Florges|6\/359
|move|p2a: Florges|Calm Mind|p2a: Florges
|-boost|p2a: Florges|spa|1
|-boost|p2a: Florges|spd|1
|
|-heal|p1a: Volcarona|213\/312|[from] item: Leftovers
|-heal|p2a: Florges|28\/359|[from] item: Leftovers
|turn|25
|c|âkokoloko|oml,,,
|c|âPsychotic|dint even mattur
|
|move|p1a: Volcarona|Fiery Dance|p2a: Florges
|-damage|p2a: Florges|0 fnt
|faint|p2a: Florges
|
|-heal|p1a: Volcarona|232\/312|[from] item: Leftovers
|
|switch|p2a: Alakazam|Alakazam, M|252\/252
|turn|26
|c|âkokoloko|pls crit
|
|move|p1a: Volcarona|Hidden Power|p2a: Alakazam
|-damage|p2a: Alakazam|106\/252
|move|p2a: Alakazam|Psych Up|p1a: Volcarona
|-copyboost|p2a: Alakazam|p1a: Volcarona|[from] move: Psych Up
|
|-heal|p1a: Volcarona|251\/312|[from] item: Leftovers
|turn|27
|c|âkokoloko|heuheuehuhe
|c|âPsychotic|i had a feeling
|
|move|p2a: Alakazam|Psyshock|p1a: Volcarona
|-damage|p1a: Volcarona|0 fnt
|faint|p1a: Volcarona
|
|c|âkokoloko|i was really hoping
|c| Nas|lol
|
|switch|p1a: Gligar|Gligar, F|334\/334
|-damage|p1a: Gligar|293\/334|[from] Stealth Rock
|turn|28
|c|âkokoloko|you got greedy as fuck
|c|âkokoloko|damn
|c|âPsychotic|plz live
|c|âkokoloko|ofc it will
|c|âPsychotic|even SpD
|c|âPsychotic|?
|c|âkokoloko|unless you're phys def
|c|âkokoloko|o ur SpD
|c|âPsychotic|you have psyshock
|c|âkokoloko|ok im shocking LOL
|c|âkokoloko|i was gonna
|c|âkokoloko|shadow ball
|
|move|p2a: Alakazam|Psyshock|p1a: Gligar
|-damage|p1a: Gligar|92\/334
|move|p1a: Gligar|Earthquake|p2a: Alakazam
|-damage|p2a: Alakazam|0 fnt
|faint|p2a: Alakazam
|
|c|âPsychotic|oh lol
|
|switch|p2a: Jirachi|Jirachi|66\/341
|turn|29
|c| Friendshit|o
|c| Friendshit|It lived
|c|âkokoloko|yeah easily
|c|âkokoloko|i needed like +4
|
|move|p2a: Jirachi|Iron Head|p1a: Gligar
|-damage|p1a: Gligar|20\/334
|cant|p1a: Gligar|flinch
|
|turn|30
|c| Friendshit|Iron head your way to victory
|
|move|p2a: Jirachi|Iron Head|p1a: Gligar
|-damage|p1a: Gligar|0 fnt
|faint|p1a: Gligar
|
|
|switch|p1a: Jirachi|Jirachi|133\/341
|-damage|p1a: Jirachi|112\/341|[from] Stealth Rock
|turn|31
|c|âkokoloko|cant beat emp
|c|âkokoloko|run out of pp
|c|âkokoloko|before i do
|c|âkokoloko|lol
|
|move|p1a: Jirachi|Healing Wish|p1a: Jirachi
|faint|p1a: Jirachi
|move|p2a: Jirachi|Iron Head|p1: Jirachi|[notarget]
|-notarget
|
|
|switch|p1a: Empoleon|Empoleon, M|113\/372
|-heal|p1a: Empoleon|372\/372|[from] move: Healing Wish
|-damage|p1a: Empoleon|349\/372|[from] Stealth Rock
|turn|32
|c|âkokoloko|yeah esp now LOL
|c|âPsychotic|GG
|c|âkokoloko|i bet i do less than lefties
|c|âkokoloko|gg
|
|move|p2a: Jirachi|Iron Head|p1a: Empoleon
|-resisted|p1a: Empoleon
|-damage|p1a: Empoleon|317\/372
|cant|p1a: Empoleon|flinch
|
|-heal|p1a: Empoleon|340\/372|[from] item: Leftovers
|turn|33
|c|âkokoloko|see
|c|âkokoloko|lol
|c|âPsychotic|about the same
|
|move|p2a: Jirachi|Iron Head|p1a: Empoleon
|-resisted|p1a: Empoleon
|-damage|p1a: Empoleon|306\/372
|cant|p1a: Empoleon|flinch
|
|-heal|p1a: Empoleon|329\/372|[from] item: Leftovers
|turn|34
|c| Friendshit|o snap
|c|âPsychotic|i use emp on like every team
|
|move|p2a: Jirachi|Iron Head|p1a: Empoleon
|-resisted|p1a: Empoleon
|-damage|p1a: Empoleon|294\/372
|cant|p1a: Empoleon|flinch
|
|-heal|p1a: Empoleon|317\/372|[from] item: Leftovers
|turn|35
|c| namehtmas|can you reach my
|c|âPsychotic|to counter chi
|
|move|p2a: Jirachi|Iron Head|p1a: Empoleon
|-resisted|p1a: Empoleon
|-damage|p1a: Empoleon|281\/372
|cant|p1a: Empoleon|flinch
|
|-heal|p1a: Empoleon|304\/372|[from] item: Leftovers
|turn|36
|c| namehtmas|11 flinches
|c| Friendshit|If Iron head has enough pp
|
|move|p2a: Jirachi|Iron Head|p1a: Empoleon
|-resisted|p1a: Empoleon
|-damage|p1a: Empoleon|273\/372
|cant|p1a: Empoleon|flinch
|
|-heal|p1a: Empoleon|296\/372|[from] item: Leftovers
|turn|37
|
|move|p2a: Jirachi|Iron Head|p1a: Empoleon
|-resisted|p1a: Empoleon
|-damage|p1a: Empoleon|261\/372
|cant|p1a: Empoleon|flinch
|
|-heal|p1a: Empoleon|284\/372|[from] item: Leftovers
|turn|38
|c|âPsychotic|ez
|
|move|p2a: Jirachi|Iron Head|p1a: Empoleon
|-resisted|p1a: Empoleon
|-damage|p1a: Empoleon|251\/372
|move|p1a: Empoleon|Scald|p2a: Jirachi
|-damage|p2a: Jirachi|0 fnt
|faint|p2a: Jirachi
|
|win|Psychotic
|c|âPsychotic|Yay
|leave|Mrs. King
|c|âkokoloko|rip
|leave|Psychotic
|leave|kokoloko
|player|p1
|player|p2
|leave|Nas