|join|King UU
|join|kokoloko
|player|p1|King UU|22
|player|p2|kokoloko|265
|gametype|singles
|gen|6
|tier|UU
|rule|Sleep Clause Mod: Limit one foe put to sleep
|rule|Species Clause: Limit one of each PokÃ©mon
|rule|OHKO Clause: OHKO moves are banned
|rule|Moody Clause: Moody is banned
|rule|Evasion Moves Clause: Evasion moves are banned
|rule|Endless Battle Clause: Forcing endless battles is banned
|rule|HP Percentage Mod: HP is shown in percentages
|clearpoke
|poke|p1|Machamp, M
|poke|p1|Forretress, M
|poke|p1|Florges, F
|poke|p1|Blastoise, F
|poke|p1|Crobat, M
|poke|p1|Zygarde
|poke|p2|Beedrill, F
|poke|p2|Crobat, F
|poke|p2|Shaymin
|poke|p2|Jirachi
|poke|p2|Empoleon, M
|poke|p2|Hydreigon, F
|rule|Swagger Clause: Swagger is banned
|rule|Baton Pass Clause: Limit one PokÃ©mon knowing Baton Pass
|teampreview
|join|RKO in mid-air
|
|start
|switch|p1a: Blastoise|Blastoise, F|345\/345
|switch|p2a: Jirachi|Jirachi|341\/341
|turn|1
|
|switch|p2a: Shaymin|Shaymin|341\/341
|detailschange|p1a: Blastoise|Blastoise-Mega, F
|message|Blastoise has Mega Evolved into Mega Blastoise!
|move|p1a: Blastoise|Dark Pulse|p2a: Shaymin
|-damage|p2a: Shaymin|173\/341
|
|turn|2
|
|switch|p1a: Florges|Florges, F|360\/360
|move|p2a: Shaymin|Synthesis|p2a: Shaymin
|-heal|p2a: Shaymin|341\/341
|
|turn|3
|
|switch|p2a: Beedrill|Beedrill, F|271\/271
|switch|p1a: Crobat|Crobat, M|331\/331
|
|turn|4
|
|detailschange|p2a: Beedrill|Beedrill-Mega, F
|message|Beedrill has Mega Evolved into Mega Beedrill!
|move|p2a: Beedrill|Protect|p2a: Beedrill
|-singleturn|p2a: Beedrill|Protect
|move|p1a: Crobat|Brave Bird|p2a: Beedrill
|-activate|p2a: Beedrill|Protect
|
|turn|5
|
|move|p1a: Crobat|Brave Bird|p2a: Beedrill
|-supereffective|p2a: Beedrill
|-damage|p2a: Beedrill|0 fnt
|-damage|p1a: Crobat|242\/331|[from] recoil|[of] p2a: Beedrill
|faint|p2a: Beedrill
|
|c|âkokoloko|o you still run that
|c|âkokoloko|ok
|
|switch|p2a: Jirachi|Jirachi|341\/341
|turn|6
|c|âKing UU|it's cause I'm bad
|
|switch|p1a: Forretress|Forretress, M|354\/354
|move|p2a: Jirachi|Energy Ball|p1a: Forretress
|-resisted|p1a: Forretress
|-damage|p1a: Forretress|323\/354
|
|-heal|p1a: Forretress|345\/354|[from] item: Leftovers
|turn|7
|
|move|p2a: Jirachi|Fire Punch|p1a: Forretress
|-supereffective|p1a: Forretress
|-damage|p1a: Forretress|172\/354
|move|p1a: Forretress|Stealth Rock|p2a: Jirachi
|-sidestart|p2: kokoloko|move: Stealth Rock
|
|-heal|p1a: Forretress|194\/354|[from] item: Leftovers
|turn|8
|
|move|p2a: Jirachi|Iron Head|p1a: Forretress
|-resisted|p1a: Forretress
|-damage|p1a: Forretress|164\/354
|cant|p1a: Forretress|flinch
|
|-heal|p1a: Forretress|186\/354|[from] item: Leftovers
|turn|9
|
|move|p2a: Jirachi|Fire Punch|p1a: Forretress
|-supereffective|p1a: Forretress
|-damage|p1a: Forretress|13\/354
|move|p1a: Forretress|Volt Switch|p2a: Jirachi
|-damage|p2a: Jirachi|302\/341
|
|switch|p1a: Blastoise|Blastoise-Mega, F|345\/345
|
|turn|10
|
|move|p2a: Jirachi|Energy Ball|p1a: Blastoise
|-supereffective|p1a: Blastoise
|-damage|p1a: Blastoise|155\/345
|move|p1a: Blastoise|Dark Pulse|p2a: Jirachi
|-supereffective|p2a: Jirachi
|-damage|p2a: Jirachi|0 fnt
|faint|p2a: Jirachi
|
|
|switch|p2a: Shaymin|Shaymin|341\/341
|-damage|p2a: Shaymin|299\/341|[from] Stealth Rock
|turn|11
|
|switch|p1a: Forretress|Forretress, M|13\/354
|move|p2a: Shaymin|Seed Flare|p1a: Forretress
|-resisted|p1a: Forretress
|-damage|p1a: Forretress|0 fnt
|-damage|p2a: Shaymin|265\/341|[from] item: Life Orb
|faint|p1a: Forretress
|
|
|switch|p1a: Crobat|Crobat, M|242\/331
|turn|12
|
|switch|p2a: Empoleon|Empoleon, M|371\/371
|-damage|p2a: Empoleon|348\/371|[from] Stealth Rock
|move|p1a: Crobat|U-turn|p2a: Empoleon
|-resisted|p2a: Empoleon
|-damage|p2a: Empoleon|310\/371
|
|switch|p1a: Machamp|Machamp, M|321\/321
|
|-heal|p2a: Empoleon|333\/371|[from] item: Leftovers
|turn|13
|
|switch|p2a: Crobat|Crobat, F|373\/373
|-damage|p2a: Crobat|280\/373|[from] Stealth Rock
|move|p1a: Machamp|Dynamic Punch|p2a: Crobat
|-resisted|p2a: Crobat
|-damage|p2a: Crobat|194\/373
|-start|p2a: Crobat|confusion
|
|turn|14
|
|switch|p1a: Zygarde|Zygarde|417\/417
|-ability|p1a: Zygarde|Aura Break
|-activate|p2a: Crobat|confusion
|-damage|p2a: Crobat|160\/373|[from] confusion
|
|turn|15
|
|-activate|p2a: Crobat|confusion
|-damage|p2a: Crobat|127\/373|[from] confusion
|move|p1a: Zygarde|Substitute|p1a: Zygarde
|-start|p1a: Zygarde|Substitute
|-damage|p1a: Zygarde|313\/417
|
|-heal|p1a: Zygarde|339\/417|[from] item: Leftovers
|turn|16
|c|âkokoloko|that is game
|leave|kokoloko
|player|p2
|c| RKO in mid-air|lol timer on a custom match
|leave|RKO in mid-air
|join|FLCL
|leave|FLCL
|-message|Player 2 lost due to inactivity.
|
|win|King UU
|join|thunderkid blitz
|leave|thunderkid blitz