|join|Psychotic
|join|kokoloko
|player|p1|Psychotic|253
|player|p2|kokoloko|169
|gametype|singles
|gen|6
|tier|UU
|rule|Sleep Clause Mod: Limit one foe put to sleep
|rule|Species Clause: Limit one of each PokÃ©mon
|rule|OHKO Clause: OHKO moves are banned
|rule|Moody Clause: Moody is banned
|rule|Evasion Moves Clause: Evasion moves are banned
|rule|Endless Battle Clause: Forcing endless battles is banned
|rule|HP Percentage Mod: HP is shown in percentages
|clearpoke
|poke|p1|Alakazam, F
|poke|p1|Hydreigon, M
|poke|p1|Chandelure, F
|poke|p1|Escavalier, M
|poke|p1|Swampert, M
|poke|p1|Aromatisse, M
|poke|p2|Shaymin
|poke|p2|Swampert, F
|poke|p2|Jirachi
|poke|p2|Sableye, F, shiny
|poke|p2|Machamp, M
|poke|p2|Alakazam, F
|rule|Swagger Clause: Swagger is banned
|rule|Baton Pass Clause: Limit one PokÃ©mon knowing Baton Pass
|teampreview
|join|bouff
|c|âPsychotic|gtfo bouff
|c| bouff|rats.
|leave|bouff
|c|âkokoloko|thats like
|c|âkokoloko|a hard counterteam
|c|âPsychotic|.-.
|c|âPsychotic|i have nothing
|c|âPsychotic|for machamp
|c|âkokoloko|you have
|c|âkokoloko|chand and 
|c|âkokoloko|aroma
|c|âPsychotic|and doesnt alakazam
|c|âPsychotic|run hp fire
|c|âkokoloko|lol no
|c|âPsychotic|mine does lol
|join|whats flare blitz
|c|âkokoloko|for what wtf
|c|âkokoloko|escav is like
|c|âPsychotic|idk
|c|âkokoloko|nonexistent
|c|âPsychotic|is escav the only thing it hits?
|c|âPsychotic|oh right
|c|âkokoloko|yes
|c|âkokoloko|lol
|c|âPsychotic|its run for scizor
|c|âPsychotic|in ou
|c|âkokoloko|shadow ball hits rachi
|leave|whats flare blitz
|c|âPsychotic|and ferrothorn
|c|âkokoloko|ya
|c|âPsychotic|maybe i shouldntve
|c|âPsychotic|used ou sets
|
|start
|switch|p1a: Hydreigon|Hydreigon, M|325\/325
|switch|p2a: Machamp|Machamp, M|363\/363
|turn|1
|
|switch|p1a: Aromatisse|Aromatisse, M|406\/406
|move|p2a: Machamp|Dynamic Punch|p1a: Aromatisse
|-resisted|p1a: Aromatisse
|-damage|p1a: Aromatisse|319\/406
|-start|p1a: Aromatisse|confusion
|
|-heal|p1a: Aromatisse|344\/406|[from] item: Leftovers
|turn|2
|
|move|p2a: Machamp|Knock Off|p1a: Aromatisse
|-resisted|p1a: Aromatisse
|-damage|p1a: Aromatisse|286\/406
|-enditem|p1a: Aromatisse|Leftovers|[from] move: Knock Off|[of] p2a: Machamp
|-activate|p1a: Aromatisse|confusion
|-damage|p1a: Aromatisse|264\/406|[from] confusion
|
|turn|3
|
|switch|p2a: Jirachi|Jirachi|341\/341
|-activate|p1a: Aromatisse|confusion
|-damage|p1a: Aromatisse|243\/406|[from] confusion
|
|turn|4
|
|-activate|p1a: Aromatisse|confusion
|move|p1a: Aromatisse|Protect|p1a: Aromatisse
|-singleturn|p1a: Aromatisse|Protect
|move|p2a: Jirachi|U-turn|p1a: Aromatisse
|-activate|p1a: Aromatisse|Protect
|
|turn|5
|
|move|p2a: Jirachi|U-turn|p1a: Aromatisse
|-resisted|p1a: Aromatisse
|-damage|p1a: Aromatisse|213\/406
|
|switch|p2a: Swampert|Swampert, F|401\/401
|-activate|p1a: Aromatisse|confusion
|move|p1a: Aromatisse|Wish|p1a: Aromatisse
|
|turn|6
|
|move|p2a: Swampert|Stealth Rock|p1a: Aromatisse
|-sidestart|p1: Psychotic|move: Stealth Rock
|-end|p1a: Aromatisse|confusion
|move|p1a: Aromatisse|Moonblast|p2a: Swampert
|-damage|p2a: Swampert|286\/401
|
|-heal|p1a: Aromatisse|406\/406|[from] move: Wish|[wisher] Aromatisse
|-heal|p2a: Swampert|311\/401|[from] item: Leftovers
|turn|7
|
|switch|p2a: Jirachi|Jirachi|341\/341
|move|p1a: Aromatisse|Wish|p1a: Aromatisse
|
|turn|8
|
|move|p1a: Aromatisse|Protect|p1a: Aromatisse
|-singleturn|p1a: Aromatisse|Protect
|move|p2a: Jirachi|U-turn|p1a: Aromatisse
|-activate|p1a: Aromatisse|Protect
|
|turn|9
|
|move|p2a: Jirachi|U-turn|p1a: Aromatisse
|-resisted|p1a: Aromatisse
|-damage|p1a: Aromatisse|375\/406
|
|switch|p2a: Shaymin|Shaymin|341\/341
|move|p1a: Aromatisse|Wish|p1a: Aromatisse
|
|turn|10
|
|switch|p1a: Escavalier|Escavalier, M|344\/344
|-damage|p1a: Escavalier|301\/344|[from] Stealth Rock
|move|p2a: Shaymin|Earth Power|p1a: Escavalier
|-damage|p1a: Escavalier|217\/344
|-damage|p2a: Shaymin|307\/341|[from] item: Life Orb
|
|-heal|p1a: Escavalier|344\/344|[from] move: Wish|[wisher] Aromatisse
|turn|11
|c|âPsychotic|duz that run hp fire?
|c|âPsychotic|i havent played uu in
|c|âPsychotic|months
|c|âkokoloko|nope
|c|âkokoloko|nothing runs hp fire lol
|
|switch|p2a: Swampert|Swampert, F|311\/401
|move|p1a: Escavalier|Knock Off|p2a: Swampert
|-damage|p2a: Swampert|230\/401
|-enditem|p2a: Swampert|Leftovers|[from] move: Knock Off|[of] p1a: Escavalier
|
|turn|12
|c|âPsychotic|why not
|c|âPsychotic|best move imo
|
|switch|p1a: Swampert|Swampert, M|404\/404
|-damage|p1a: Swampert|379\/404|[from] Stealth Rock
|move|p2a: Swampert|Scald|p1a: Swampert
|-damage|p1a: Swampert|292\/404
|
|-heal|p1a: Swampert|317\/404|[from] item: Leftovers
|turn|13
|
|move|p2a: Swampert|Scald|p1a: Swampert
|-damage|p1a: Swampert|221\/404
|move|p1a: Swampert|Stealth Rock|p2a: Swampert
|-sidestart|p2: kokoloko|move: Stealth Rock
|
|-heal|p1a: Swampert|246\/404|[from] item: Leftovers
|turn|14
|
|move|p2a: Swampert|Scald|p1a: Swampert
|-damage|p1a: Swampert|156\/404
|move|p1a: Swampert|Earthquake|p2a: Swampert
|-damage|p2a: Swampert|134\/401
|
|-heal|p1a: Swampert|181\/404|[from] item: Leftovers
|turn|15
|
|move|p2a: Swampert|Scald|p1a: Swampert
|-damage|p1a: Swampert|91\/404
|-status|p1a: Swampert|brn
|move|p1a: Swampert|Scald|p2a: Swampert
|-damage|p2a: Swampert|11\/401
|
|-heal|p1a: Swampert|116\/404 brn|[from] item: Leftovers
|-damage|p1a: Swampert|66\/404 brn|[from] brn
|turn|16
|
|move|p2a: Swampert|Scald|p1a: Swampert
|-crit|p1a: Swampert
|-damage|p1a: Swampert|0 fnt
|faint|p1a: Swampert
|
|
|switch|p1a: Alakazam|Alakazam, F|252\/252
|turn|17
|
|detailschange|p1a: Alakazam|Alakazam-Mega, F
|message|Alakazam has Mega Evolved into Mega Alakazam!
|-ability|p1a: Alakazam|Torrent|[from] ability: Trace|[of] p2a: Swampert
|move|p1a: Alakazam|Psyshock|p2a: Swampert
|-crit|p2a: Swampert
|-damage|p2a: Swampert|0 fnt
|faint|p2a: Swampert
|
|c|âkokoloko|psychic is better
|c|âkokoloko|cause trace force
|c|âPsychotic|troo
|
|switch|p2a: Jirachi|Jirachi|341\/341
|-damage|p2a: Jirachi|320\/341|[from] Stealth Rock
|turn|18
|c|âPsychotic|but thats like
|c|âPsychotic|1 mon
|c|âkokoloko|3 mons actually
|c|âkokoloko|queen kind and darm
|c|âkokoloko|king*
|c|âPsychotic|no one uses nidoking
|c|âPsychotic|it sux
|c|âkokoloko|ya they do
|c|âkokoloko|on ladder
|c|âkokoloko|coz suk
|c|âPsychotic|troo
|
|switch|p1a: Escavalier|Escavalier, M|344\/344
|-damage|p1a: Escavalier|301\/344|[from] Stealth Rock
|move|p2a: Jirachi|U-turn|p1a: Escavalier
|-resisted|p1a: Escavalier
|-damage|p1a: Escavalier|265\/344
|c|âPsychotic|but they forget sheer force
|join|bouff
|
|switch|p2a: Machamp|Machamp, M|363\/363
|-damage|p2a: Machamp|341\/363|[from] Stealth Rock
|
|-heal|p1a: Escavalier|286\/344|[from] item: Leftovers
|turn|19
|c|âPsychotic|and you just end up tracing poison point
|
|switch|p1a: Aromatisse|Aromatisse, M|375\/406
|-damage|p1a: Aromatisse|325\/406|[from] Stealth Rock
|move|p2a: Machamp|Dynamic Punch|p1a: Aromatisse
|-resisted|p1a: Aromatisse
|-damage|p1a: Aromatisse|232\/406
|-start|p1a: Aromatisse|confusion
|
|turn|20
|
|move|p2a: Machamp|Bullet Punch|p1a: Aromatisse
|-supereffective|p1a: Aromatisse
|-damage|p1a: Aromatisse|136\/406
|-activate|p1a: Aromatisse|confusion
|move|p1a: Aromatisse|Wish|p1a: Aromatisse
|
|turn|21
|
|move|p2a: Machamp|Stone Edge|p1a: Aromatisse
|-damage|p1a: Aromatisse|20\/406
|-activate|p1a: Aromatisse|confusion
|-damage|p1a: Aromatisse|0 fnt|[from] confusion
|faint|p1a: Aromatisse
|
|c|âkokoloko|cool.
|c|âPsychotic|lol
|
|switch|p1a: Alakazam|Alakazam-Mega, F|252\/252
|-damage|p1a: Alakazam|221\/252|[from] Stealth Rock
|-ability|p1a: Alakazam|No Guard|[from] ability: Trace|[of] p2a: Machamp
|turn|22
|c|âkokoloko|i forgot edge does more
|c|âkokoloko|LOL
|
|switch|p2a: Jirachi|Jirachi|320\/341
|-damage|p2a: Jirachi|299\/341|[from] Stealth Rock
|move|p1a: Alakazam|Shadow Ball|p2a: Jirachi
|-supereffective|p2a: Jirachi
|-damage|p2a: Jirachi|49\/341
|
|turn|23
|c|âPsychotic|2 much predix
|c|âPsychotic|2 much of them
|c|âPsychotic|git flame body burnt
|
|switch|p1a: Chandelure|Chandelure, F|261\/261
|-damage|p1a: Chandelure|196\/261|[from] Stealth Rock
|move|p2a: Jirachi|U-turn|p1a: Chandelure
|-crit|p1a: Chandelure
|-resisted|p1a: Chandelure
|-damage|p1a: Chandelure|167\/261
|c|âPsychotic|wow
|c|âPsychotic|hax
|c|âPsychotic|no burn
|c|âkokoloko|sry :[
|
|switch|p2a: Alakazam|Alakazam, F|252\/252
|
|turn|24
|
|detailschange|p2a: Alakazam|Alakazam-Mega, F
|message|Alakazam has Mega Evolved into Mega Alakazam!
|-ability|p2a: Alakazam|Infiltrator|[from] ability: Trace|[of] p1a: Chandelure
|move|p2a: Alakazam|Protect|p2a: Alakazam
|-singleturn|p2a: Alakazam|Protect
|move|p1a: Chandelure|Shadow Ball|p2a: Alakazam
|-activate|p2a: Alakazam|Protect
|
|turn|25
|
|move|p1a: Chandelure|Shadow Ball|p2a: Alakazam
|-supereffective|p2a: Alakazam
|-damage|p2a: Alakazam|0 fnt
|faint|p2a: Alakazam
|
|c|âkokoloko|ah drats
|c|âkokoloko|you run timid scarf
|
|switch|p2a: Machamp|Machamp, M|341\/363
|-damage|p2a: Machamp|319\/363|[from] Stealth Rock
|turn|26
|c|âPsychotic|does that outspeed
|c|âkokoloko|y
|c|âPsychotic|modest scarf lure O_O
|c|âkokoloko|with timid
|c|âPsychotic|dam
|c|âkokoloko|ya its not
|c|âkokoloko|irrelevant
|join|ahyueah
|c|âkokoloko|did u not see
|c|âkokoloko|my post
|c|âkokoloko|in reply to yours
|c|âkokoloko|lol
|c|âPsychotic|didnt see
|c|âPsychotic|that part
|
|move|p1a: Chandelure|Shadow Ball|p2a: Machamp
|-damage|p2a: Machamp|195\/363
|move|p2a: Machamp|Stone Edge|p1a: Chandelure
|-supereffective|p1a: Chandelure
|-damage|p1a: Chandelure|0 fnt
|faint|p1a: Chandelure
|
|
|switch|p1a: Alakazam|Alakazam-Mega, F|221\/252
|-damage|p1a: Alakazam|190\/252|[from] Stealth Rock
|-ability|p1a: Alakazam|No Guard|[from] ability: Trace|[of] p2a: Machamp
|turn|27
|
|switch|p2a: Shaymin|Shaymin|307\/341
|-damage|p2a: Shaymin|265\/341|[from] Stealth Rock
|move|p1a: Alakazam|Psyshock|p2a: Shaymin
|-damage|p2a: Shaymin|52\/341
|
|turn|28
|
|move|p1a: Alakazam|Dazzling Gleam|p2a: Shaymin
|-crit|p2a: Shaymin
|-damage|p2a: Shaymin|0 fnt
|faint|p2a: Shaymin
|
|
|switch|p2a: Jirachi|Jirachi|49\/341
|-damage|p2a: Jirachi|28\/341|[from] Stealth Rock
|turn|29
|
|switch|p1a: Hydreigon|Hydreigon, M|325\/325
|-damage|p1a: Hydreigon|285\/325|[from] Stealth Rock
|move|p2a: Jirachi|U-turn|p1a: Hydreigon
|-supereffective|p1a: Hydreigon
|-damage|p1a: Hydreigon|111\/325
|
|switch|p2a: Sableye|Sableye, F, shiny|303\/303
|-damage|p2a: Sableye|266\/303|[from] Stealth Rock
|
|-heal|p2a: Sableye|284\/303|[from] item: Leftovers
|turn|30
|c|âPsychotic|not that anyone uses modest scarf chandy
|c|âPsychotic|i hope not anyway
|
|move|p2a: Sableye|Will-O-Wisp|p1a: Hydreigon|[miss]
|-miss|p2a: Sableye|p1a: Hydreigon
|move|p1a: Hydreigon|Draco Meteor|p2a: Sableye
|-damage|p2a: Sableye|0 fnt
|-unboost|p1a: Hydreigon|spa|2
|-damage|p1a: Hydreigon|79\/325|[from] item: Life Orb
|faint|p2a: Sableye
|
|c|âkokoloko|timid zam
|c|âkokoloko|beats timid chand
|c|âkokoloko|i run modest
|c|âPsychotic|lol
|c|âPsychotic|i might run timid tbh
|
|switch|p2a: Machamp|Machamp, M|195\/363
|-damage|p2a: Machamp|173\/363|[from] Stealth Rock
|turn|31
|c|âkokoloko|i would if i ran luke
|c|âkokoloko|also i dun goofed.
|c|âPsychotic|maybe way back then
|c|âPsychotic|idk what you coulda done
|c|âkokoloko|iron head
|c|âkokoloko|not u-tunr
|c|âPsychotic|you done goofed when you switched in jirachi
|c|âPsychotic|on zam
|c|âkokoloko|i guess yeah
|c|âkokoloko|but that was
|c|âPsychotic|instead of sacking shaymin
|c|âkokoloko|5050
|c|âkokoloko|yeah tru
|
|move|p1a: Hydreigon|Superpower|p2a: Machamp
|-damage|p2a: Machamp|25\/363
|-unboost|p1a: Hydreigon|atk|1
|-unboost|p1a: Hydreigon|def|1
|-damage|p1a: Hydreigon|47\/325|[from] item: Life Orb
|move|p2a: Machamp|Dynamic Punch|p1a: Hydreigon
|-supereffective|p1a: Hydreigon
|-damage|p1a: Hydreigon|0 fnt
|faint|p1a: Hydreigon
|
|
|switch|p1a: Alakazam|Alakazam-Mega, F|190\/252
|-damage|p1a: Alakazam|159\/252|[from] Stealth Rock
|-ability|p1a: Alakazam|No Guard|[from] ability: Trace|[of] p2a: Machamp
|turn|32
|c|âkokoloko|you lose gg
|
|move|p2a: Machamp|Bullet Punch|p1a: Alakazam
|-damage|p1a: Alakazam|83\/252
|move|p1a: Alakazam|Psyshock|p2a: Machamp
|-supereffective|p2a: Machamp
|-damage|p2a: Machamp|0 fnt
|faint|p2a: Machamp
|
|c|âkokoloko|fire punch rachi
|c|âkokoloko|:]
|
|switch|p2a: Jirachi|Jirachi|28\/341
|-damage|p2a: Jirachi|7\/341|[from] Stealth Rock
|turn|33
|c|âPsychotic|fire punch
|c|âPsychotic|why the hell would you run that
|c|âkokoloko|luke
|c|âPsychotic|but not hp fire
|
|move|p2a: Jirachi|Iron Head|p1a: Alakazam
|-damage|p1a: Alakazam|0 fnt
|faint|p1a: Alakazam
|
|
|switch|p1a: Escavalier|Escavalier, M|286\/344
|-damage|p1a: Escavalier|243\/344|[from] Stealth Rock
|turn|34
|c|âkokoloko|jk tho i run
|c|âPsychotic|zen hb
|c|âkokoloko|trick and hw
|c|âPsychotic|fuks with luke
|
|move|p2a: Jirachi|Iron Head|p1a: Escavalier
|-resisted|p1a: Escavalier
|-damage|p1a: Escavalier|183\/344
|cant|p1a: Escavalier|flinch
|
|-heal|p1a: Escavalier|204\/344|[from] item: Leftovers
|turn|35
|c|âPsychotic|ye so do i
|
|move|p2a: Jirachi|Iron Head|p1a: Escavalier
|-resisted|p1a: Escavalier
|-damage|p1a: Escavalier|150\/344
|cant|p1a: Escavalier|flinch
|
|-heal|p1a: Escavalier|171\/344|[from] item: Leftovers
|turn|36
|c|âkokoloko|man why are you the only person alive
|c|âkokoloko|running lefties on that
|c|âkokoloko|lol
|c|âPsychotic|sleeptalk is the only set i would ever run on this .-.
|
|move|p2a: Jirachi|Iron Head|p1a: Escavalier
|-resisted|p1a: Escavalier
|-damage|p1a: Escavalier|119\/344
|move|p1a: Escavalier|Knock Off|p2a: Jirachi
|-supereffective|p2a: Jirachi
|-damage|p2a: Jirachi|0 fnt
|-enditem|p2a: Jirachi|Choice Scarf|[from] move: Knock Off|[of] p1a: Escavalier
|faint|p2a: Jirachi
|
|win|Psychotic
|c|âPsychotic|GeeG
|leave|Psychotic
|player|p1