|join|kokoloko
|join|rafa777
|player|p1|kokoloko|169
|player|p2|rafa777|99
|gametype|singles
|gen|6
|tier|UU
|rated
|rule|Sleep Clause Mod: Limit one foe put to sleep
|rule|Species Clause: Limit one of each PokÃ©mon
|rule|OHKO Clause: OHKO moves are banned
|rule|Moody Clause: Moody is banned
|rule|Evasion Moves Clause: Evasion moves are banned
|rule|Endless Battle Clause: Forcing endless battles is banned
|rule|HP Percentage Mod: HP is shown in percentages
|clearpoke
|poke|p1|Sableye, F
|poke|p1|Machamp, M
|poke|p1|Shaymin
|poke|p1|Jirachi
|poke|p1|Swampert, F
|poke|p1|Alakazam, M
|poke|p2|Forretress, M
|poke|p2|Entei, shiny
|poke|p2|Exploud, M
|poke|p2|Toxicroak, F
|poke|p2|Tornadus, M
|poke|p2|Hydreigon, F
|rule|Swagger Clause: Swagger is banned
|rule|Baton Pass Clause: Limit one PokÃ©mon knowing Baton Pass
|teampreview
|
|start
|switch|p1a: Machamp|Machamp, M|363\/363
|switch|p2a: Exploud|Exploud, M|350\/350
|turn|1
|
|move|p2a: Exploud|Boomburst|p1a: Machamp
|-damage|p1a: Machamp|123\/363
|move|p1a: Machamp|Dynamic Punch|p2a: Exploud
|-supereffective|p2a: Exploud
|-damage|p2a: Exploud|0 fnt
|faint|p2a: Exploud
|
|
|switch|p2a: Tornadus|Tornadus, M|300\/300
|turn|2
|
|switch|p1a: Jirachi|Jirachi|341\/341
|move|p2a: Tornadus|Acrobatics|p1a: Jirachi
|-resisted|p1a: Jirachi
|-damage|p1a: Jirachi|250\/341
|
|turn|3
|
|switch|p2a: Forretress|Forretress, M|354\/354
|move|p1a: Jirachi|U-turn|p2a: Forretress
|-resisted|p2a: Forretress
|-damage|p2a: Forretress|332\/354
|
|switch|p1a: Sableye|Sableye, F|303\/303
|
|-heal|p2a: Forretress|354\/354|[from] item: Leftovers
|turn|4
|
|move|p1a: Sableye|Knock Off|p2a: Forretress
|-damage|p2a: Forretress|305\/354
|-enditem|p2a: Forretress|Leftovers|[from] move: Knock Off|[of] p1a: Sableye
|move|p2a: Forretress|Volt Switch|p1a: Sableye
|-damage|p1a: Sableye|246\/303
|
|switch|p2a: Entei|Entei, shiny|372\/372
|-ability|p2a: Entei|Pressure
|
|-heal|p1a: Sableye|264\/303|[from] item: Leftovers
|turn|5
|
|switch|p1a: Swampert|Swampert, F|401\/401
|move|p2a: Entei|Sacred Fire|p1a: Swampert
|-resisted|p1a: Swampert
|-damage|p1a: Swampert|334\/401
|-status|p1a: Swampert|brn
|
|-heal|p1a: Swampert|359\/401 brn|[from] item: Leftovers
|-damage|p1a: Swampert|309\/401 brn|[from] brn
|turn|6
|
|switch|p2a: Forretress|Forretress, M|305\/354
|move|p1a: Swampert|Scald|p2a: Forretress
|-damage|p2a: Forretress|185\/354
|
|-heal|p1a: Swampert|334\/401 brn|[from] item: Leftovers
|-damage|p1a: Swampert|284\/401 brn|[from] brn
|turn|7
|
|move|p1a: Swampert|Scald|p2a: Forretress
|-damage|p2a: Forretress|68\/354
|move|p2a: Forretress|Stealth Rock|p1a: Swampert
|-sidestart|p1: kokoloko|move: Stealth Rock
|
|-heal|p1a: Swampert|309\/401 brn|[from] item: Leftovers
|-damage|p1a: Swampert|259\/401 brn|[from] brn
|turn|8
|
|move|p1a: Swampert|Scald|p2a: Forretress
|-damage|p2a: Forretress|0 fnt
|faint|p2a: Forretress
|
|-heal|p1a: Swampert|284\/401 brn|[from] item: Leftovers
|-damage|p1a: Swampert|234\/401 brn|[from] brn
|
|switch|p2a: Hydreigon|Hydreigon, F|325\/325
|turn|9
|
|move|p1a: Swampert|Protect|p1a: Swampert
|-singleturn|p1a: Swampert|Protect
|move|p2a: Hydreigon|Dark Pulse|p1a: Swampert
|-activate|p1a: Swampert|Protect
|
|-heal|p1a: Swampert|259\/401 brn|[from] item: Leftovers
|-damage|p1a: Swampert|209\/401 brn|[from] brn
|turn|10
|
|move|p2a: Hydreigon|Dark Pulse|p1a: Swampert
|-damage|p1a: Swampert|55\/401 brn
|move|p1a: Swampert|Stealth Rock|p2a: Hydreigon
|-sidestart|p2: rafa777|move: Stealth Rock
|
|-heal|p1a: Swampert|80\/401 brn|[from] item: Leftovers
|-damage|p1a: Swampert|30\/401 brn|[from] brn
|turn|11
|
|move|p2a: Hydreigon|Dark Pulse|p1a: Swampert
|-damage|p1a: Swampert|0 fnt
|faint|p1a: Swampert
|
|
|switch|p1a: Machamp|Machamp, M|123\/363
|-damage|p1a: Machamp|101\/363|[from] Stealth Rock
|turn|12
|
|switch|p2a: Tornadus|Tornadus, M|300\/300
|-damage|p2a: Tornadus|225\/300|[from] Stealth Rock
|move|p1a: Machamp|Dynamic Punch|p2a: Tornadus
|-resisted|p2a: Tornadus
|-damage|p2a: Tornadus|95\/300
|-start|p2a: Tornadus|confusion
|
|turn|13
|
|switch|p1a: Jirachi|Jirachi|250\/341
|-damage|p1a: Jirachi|229\/341|[from] Stealth Rock
|-activate|p2a: Tornadus|confusion
|move|p2a: Tornadus|Superpower|p1a: Jirachi
|-damage|p1a: Jirachi|96\/341
|-unboost|p2a: Tornadus|atk|1
|-unboost|p2a: Tornadus|def|1
|
|turn|14
|
|move|p1a: Jirachi|Iron Head|p2a: Tornadus
|-damage|p2a: Tornadus|0 fnt
|faint|p2a: Tornadus
|
|
|switch|p2a: Entei|Entei, shiny|372\/372
|-damage|p2a: Entei|279\/372|[from] Stealth Rock
|-ability|p2a: Entei|Pressure
|turn|15
|
|switch|p1a: Sableye|Sableye, F|264\/303
|-damage|p1a: Sableye|227\/303|[from] Stealth Rock
|move|p2a: Entei|Sacred Fire|p1a: Sableye
|-damage|p1a: Sableye|46\/303
|-status|p1a: Sableye|brn
|
|-heal|p1a: Sableye|64\/303 brn|[from] item: Leftovers
|-damage|p1a: Sableye|27\/303 brn|[from] brn
|turn|16
|
|move|p1a: Sableye|Taunt|p2a: Entei
|-start|p2a: Entei|move: Taunt
|move|p2a: Entei|Sacred Fire|p1a: Sableye
|-damage|p1a: Sableye|0 fnt
|faint|p1a: Sableye
|
|
|switch|p1a: Alakazam|Alakazam, M|252\/252
|turn|17
|
|detailschange|p1a: Alakazam|Alakazam-Mega, M
|message|Alakazam has Mega Evolved into Mega Alakazam!
|-ability|p1a: Alakazam|Pressure|[from] ability: Trace|[of] p2a: Entei
|-ability|p1a: Alakazam|Pressure
|move|p2a: Entei|Extreme Speed|p1a: Alakazam
|-crit|p1a: Alakazam
|-damage|p1a: Alakazam|59\/252
|move|p1a: Alakazam|Psychic|p2a: Entei
|-damage|p2a: Entei|140\/372
|
|turn|18
|
|switch|p1a: Jirachi|Jirachi|96\/341
|-damage|p1a: Jirachi|75\/341|[from] Stealth Rock
|move|p2a: Entei|Extreme Speed|p1a: Jirachi
|-resisted|p1a: Jirachi
|-damage|p1a: Jirachi|23\/341
|
|-end|p2a: Entei|move: Taunt
|turn|19
|
|move|p2a: Entei|Extreme Speed|p1a: Jirachi
|-resisted|p1a: Jirachi
|-damage|p1a: Jirachi|0 fnt
|faint|p1a: Jirachi
|
|
|switch|p1a: Shaymin|Shaymin|341\/341
|-damage|p1a: Shaymin|299\/341|[from] Stealth Rock
|turn|20
|
|move|p1a: Shaymin|Earth Power|p2a: Entei
|-supereffective|p2a: Entei
|-damage|p2a: Entei|0 fnt
|-damage|p1a: Shaymin|265\/341|[from] item: Life Orb
|faint|p2a: Entei
|
|
|switch|p2a: Hydreigon|Hydreigon, F|325\/325
|-damage|p2a: Hydreigon|285\/325|[from] Stealth Rock
|turn|21
|
|switch|p1a: Alakazam|Alakazam-Mega, M|59\/252
|-damage|p1a: Alakazam|28\/252|[from] Stealth Rock
|-ability|p1a: Alakazam|Levitate|[from] ability: Trace|[of] p2a: Hydreigon
|move|p2a: Hydreigon|U-turn|p1a: Alakazam
|-supereffective|p1a: Alakazam
|-damage|p1a: Alakazam|0 fnt
|faint|p1a: Alakazam
|
|switch|p2a: Toxicroak|Toxicroak, F|307\/307
|-damage|p2a: Toxicroak|288\/307|[from] Stealth Rock
|
|
|switch|p1a: Shaymin|Shaymin|265\/341
|-damage|p1a: Shaymin|223\/341|[from] Stealth Rock
|turn|22
|
|move|p2a: Toxicroak|Sucker Punch|p1a: Shaymin
|-damage|p1a: Shaymin|113\/341
|-damage|p2a: Toxicroak|258\/307|[from] item: Life Orb
|move|p1a: Shaymin|Psychic|p2a: Toxicroak
|-supereffective|p2a: Toxicroak
|-damage|p2a: Toxicroak|0 fnt
|-damage|p1a: Shaymin|79\/341|[from] item: Life Orb
|faint|p2a: Toxicroak
|
|
|switch|p2a: Hydreigon|Hydreigon, F|285\/325
|-damage|p2a: Hydreigon|245\/325|[from] Stealth Rock
|turn|23
|
|move|p2a: Hydreigon|Fire Blast|p1a: Shaymin|[miss]
|-miss|p2a: Hydreigon|p1a: Shaymin
|move|p1a: Shaymin|Synthesis|p1a: Shaymin
|-heal|p1a: Shaymin|249\/341
|
|turn|24
|
|move|p2a: Hydreigon|Fire Blast|p1a: Shaymin
|-supereffective|p1a: Shaymin
|-damage|p1a: Shaymin|13\/341
|move|p1a: Shaymin|Seed Flare|p2a: Hydreigon|[miss]
|-miss|p1a: Shaymin|p2a: Hydreigon
|
|turn|25
|
|move|p2a: Hydreigon|Fire Blast|p1a: Shaymin
|-supereffective|p1a: Shaymin
|-damage|p1a: Shaymin|0 fnt
|faint|p1a: Shaymin
|
|
|switch|p1a: Machamp|Machamp, M|101\/363
|-damage|p1a: Machamp|79\/363|[from] Stealth Rock
|turn|26
|
|move|p2a: Hydreigon|Fire Blast|p1a: Machamp
|-damage|p1a: Machamp|0 fnt
|faint|p1a: Machamp
|
|win|rafa777
|raw|Ladder updating...
|raw|kokoloko's rating: 1789 &rarr; <strong>1761<\/strong><br \/>(-28 for losing)
|raw|rafa777's rating: 1645 &rarr; <strong>1673<\/strong><br \/>(+28 for winning)
|leave|kokoloko
|player|p1