|join|kokoloko
|join|trevor ellis
|player|p1|kokoloko|262
|player|p2|trevor ellis|112
|gametype|singles
|gen|6
|tier|UU
|rated
|rule|Sleep Clause Mod: Limit one foe put to sleep
|rule|Species Clause: Limit one of each PokÃ©mon
|rule|OHKO Clause: OHKO moves are banned
|rule|Moody Clause: Moody is banned
|rule|Evasion Moves Clause: Evasion moves are banned
|rule|Endless Battle Clause: Forcing endless battles is banned
|rule|HP Percentage Mod: HP is shown in percentages
|clearpoke
|poke|p1|Metagross
|poke|p1|Celebi
|poke|p1|Crobat, F
|poke|p1|Lucario, F
|poke|p1|Swampert, M
|poke|p1|Hydreigon, F
|poke|p2|Togekiss, M
|poke|p2|Dugtrio, M
|poke|p2|Alakazam, M
|poke|p2|Suicune
|poke|p2|Lucario, F
|poke|p2|Celebi
|rule|Swagger Clause: Swagger is banned
|rule|Baton Pass Clause: Limit one PokÃ©mon knowing Baton Pass
|teampreview
|c|âkokoloko|again,,,,
|
|start
|switch|p1a: Hydreigon|Hydreigon, F|325\/325
|switch|p2a: Celebi|Celebi|404\/404
|turn|1
|
|switch|p1a: Celebi|Celebi|401\/401
|move|p2a: Celebi|Baton Pass|p2a: Celebi
|
|switch|p2a: Alakazam|Alakazam, M|252\/252
|
|turn|2
|join|Dipper Pines
|join|her friendly smile
|
|detailschange|p2a: Alakazam|Alakazam-Mega, M
|message|Alakazam has Mega Evolved into Mega Alakazam!
|-ability|p2a: Alakazam|Natural Cure|[from] ability: Trace|[of] p1a: Celebi
|move|p2a: Alakazam|Shadow Ball|p1a: Celebi
|-supereffective|p1a: Celebi
|-damage|p1a: Celebi|217\/401
|-enditem|p1a: Celebi|Weakness Policy
|-boost|p1a: Celebi|atk|2|[from] item: Weakness Policy
|-boost|p1a: Celebi|spa|2|[from] item: Weakness Policy
|move|p1a: Celebi|Baton Pass|p1a: Celebi
|
|switch|p1a: Lucario|Lucario, F|281\/281
|
|turn|3
|
|switch|p2a: Celebi|Celebi|404\/404
|move|p1a: Lucario|Swords Dance|p1a: Lucario
|-boost|p1a: Lucario|atk|2
|
|turn|4
|
|move|p1a: Lucario|Ice Punch|p2a: Celebi
|-supereffective|p2a: Celebi
|-damage|p2a: Celebi|0 fnt
|-damage|p1a: Lucario|253\/281|[from] item: Life Orb
|faint|p2a: Celebi
|
|c|âkokoloko|hmm i shoulda SD'd again
|
|switch|p2a: Suicune|Suicune|404\/404
|-ability|p2a: Suicune|Pressure
|turn|5
|
|move|p1a: Lucario|Close Combat|p2a: Suicune
|-damage|p2a: Suicune|0 fnt
|-unboost|p1a: Lucario|def|1
|-unboost|p1a: Lucario|spd|1
|-damage|p1a: Lucario|225\/281|[from] item: Life Orb
|faint|p2a: Suicune
|
|
|switch|p2a: Lucario|Lucario, F|281\/281
|turn|6
|
|move|p2a: Lucario|Extreme Speed|p1a: Lucario
|-resisted|p1a: Lucario
|-damage|p1a: Lucario|105\/281
|-damage|p2a: Lucario|253\/281|[from] item: Life Orb
|move|p1a: Lucario|Extreme Speed|p2a: Lucario
|-resisted|p2a: Lucario
|-damage|p2a: Lucario|14\/281
|-damage|p1a: Lucario|77\/281|[from] item: Life Orb
|
|turn|7
|
|move|p1a: Lucario|Extreme Speed|p2a: Lucario
|-resisted|p2a: Lucario
|-damage|p2a: Lucario|0 fnt
|-damage|p1a: Lucario|49\/281|[from] item: Life Orb
|faint|p2a: Lucario
|
|c|âtrevor ellis|nooo
|c|âkokoloko|lol well this was a lot worse than out last battle xD
|c|âtrevor ellis|i thought youd predict my predict of bp
|c|âtrevor ellis|fuccccckkkk
|
|switch|p2a: Togekiss|Togekiss, M|369\/369
|turn|8
|c|âkokoloko|even if i did there was no reason
|c|âkokoloko|for me to hard switch
|
|move|p1a: Lucario|Ice Punch|p2a: Togekiss
|-supereffective|p2a: Togekiss
|-damage|p2a: Togekiss|0 fnt
|-damage|p1a: Lucario|21\/281|[from] item: Life Orb
|faint|p2a: Togekiss
|
|
|switch|p2a: Alakazam|Alakazam-Mega, M|252\/252
|-ability|p2a: Alakazam|Justified|[from] ability: Trace|[of] p1a: Lucario
|turn|9
|
|move|p1a: Lucario|Extreme Speed|p2a: Alakazam
|-damage|p2a: Alakazam|0 fnt
|-damage|p1a: Lucario|0 fnt|[from] item: Life Orb
|faint|p2a: Alakazam
|faint|p1a: Lucario
|
|
|switch|p1a: Crobat|Crobat, F|343\/343
|switch|p2a: Dugtrio|Dugtrio, M|212\/212
|turn|10
|c|âkokoloko|g_g
|
|move|p1a: Crobat|Brave Bird|p2a: Dugtrio
|-damage|p2a: Dugtrio|0 fnt
|-damage|p1a: Crobat|273\/343|[from] recoil|[of] p2a: Dugtrio
|faint|p2a: Dugtrio
|
|win|kokoloko
|raw|Ladder updating...
|raw|kokoloko's rating: 1742 &rarr; <strong>1759<\/strong><br \/>(+17 for winning)
|raw|trevor ellis's rating: 1689 &rarr; <strong>1673<\/strong><br \/>(-16 for losing)
|c|âtrevor ellis|gg
|leave|trevor ellis
|player|p2
|leave|her friendly smile
|leave|kokoloko
|player|p1
|leave|Dipper Pines
|join|kokoloko
|join|bellicose
|join|Meruu
|leave|Meruu
|join|Hot Like Harley
|leave|Hot Like Harley
|leave|kokoloko