|join|pokemonisfun
|join|kokoloko
|player|p1|pokemonisfun|184
|player|p2|kokoloko|169
|gametype|singles
|gen|6
|tier|UU
|rated
|rule|Sleep Clause Mod: Limit one foe put to sleep
|rule|Species Clause: Limit one of each PokÃ©mon
|rule|OHKO Clause: OHKO moves are banned
|rule|Moody Clause: Moody is banned
|rule|Evasion Moves Clause: Evasion moves are banned
|rule|Endless Battle Clause: Forcing endless battles is banned
|rule|HP Percentage Mod: HP is shown in percentages
|clearpoke
|poke|p1|Blissey, F
|poke|p1|Nidoqueen, F
|poke|p1|Sableye, M
|poke|p1|Granbull, M
|poke|p1|Crobat, M
|poke|p1|Suicune
|poke|p2|Jirachi
|poke|p2|Hydreigon, M
|poke|p2|Umbreon, F, shiny
|poke|p2|Swampert, F
|poke|p2|Crobat, M
|poke|p2|Infernape, F
|rule|Swagger Clause: Swagger is banned
|rule|Baton Pass Clause: Limit one PokÃ©mon knowing Baton Pass
|teampreview
|
|start
|switch|p1a: Sableye|Sableye, M|285\/285
|switch|p2a: Swampert|Swampert, F|401\/401
|turn|1
|
|move|p1a: Sableye|Knock Off|p2a: Swampert
|-damage|p2a: Swampert|335\/401
|-enditem|p2a: Swampert|Leftovers|[from] move: Knock Off|[of] p1a: Sableye
|move|p2a: Swampert|Scald|p1a: Sableye
|-damage|p1a: Sableye|212\/285
|
|-heal|p1a: Sableye|229\/285|[from] item: Leftovers
|turn|2
|
|move|p1a: Sableye|Will-O-Wisp|p2a: Swampert
|-status|p2a: Swampert|brn
|move|p2a: Swampert|Scald|p1a: Sableye
|-damage|p1a: Sableye|150\/285
|
|-heal|p1a: Sableye|167\/285|[from] item: Leftovers
|-damage|p2a: Swampert|285\/401 brn|[from] brn
|turn|3
|
|switch|p1a: Crobat|Crobat, M|373\/373
|switch|p2a: Infernape|Infernape, F|293\/293
|
|turn|4
|
|switch|p2a: Crobat|Crobat, M|343\/343
|move|p1a: Crobat|Brave Bird|p2a: Crobat
|-damage|p2a: Crobat|178\/343
|-damage|p1a: Crobat|319\/373|[from] recoil|[of] p2a: Crobat
|
|-heal|p2a: Crobat|199\/343|[from] item: Black Sludge
|-heal|p1a: Crobat|342\/373|[from] item: Black Sludge
|turn|5
|
|switch|p1a: Nidoqueen|Nidoqueen, F|384\/384
|move|p2a: Crobat|Roost|p2a: Crobat
|-heal|p2a: Crobat|343\/343
|
|turn|6
|
|move|p2a: Crobat|Taunt|p1a: Nidoqueen
|-start|p1a: Nidoqueen|move: Taunt
|cant|p1a: Nidoqueen|move: Taunt|Stealth Rock
|
|turn|7
|
|switch|p2a: Umbreon|Umbreon, F, shiny|393\/393
|move|p1a: Nidoqueen|Flamethrower|p2a: Umbreon
|-crit|p2a: Umbreon
|-damage|p2a: Umbreon|328\/393
|
|-heal|p2a: Umbreon|352\/393|[from] item: Leftovers
|turn|8
|
|switch|p1a: Sableye|Sableye, M|167\/285
|move|p2a: Umbreon|Heal Bell|p2a: Umbreon
|-cureteam|p2a: Umbreon|[from] move: HealBell
|
|-heal|p2a: Umbreon|376\/393|[from] item: Leftovers
|-heal|p1a: Sableye|184\/285|[from] item: Leftovers
|turn|9
|
|move|p2a: Umbreon|Protect|p2a: Umbreon
|-singleturn|p2a: Umbreon|Protect
|move|p1a: Sableye|Knock Off|p2a: Umbreon
|-activate|p2a: Umbreon|Protect
|
|-heal|p2a: Umbreon|393\/393|[from] item: Leftovers
|-heal|p1a: Sableye|201\/285|[from] item: Leftovers
|turn|10
|
|switch|p2a: Swampert|Swampert, F|285\/401
|move|p1a: Sableye|Knock Off|p2a: Swampert
|-damage|p2a: Swampert|234\/401
|
|-heal|p1a: Sableye|218\/285|[from] item: Leftovers
|turn|11
|
|switch|p2a: Infernape|Infernape, F|293\/293
|move|p1a: Sableye|Will-O-Wisp|p2a: Infernape
|-fail|p2a: Infernape
|
|-heal|p1a: Sableye|235\/285|[from] item: Leftovers
|turn|12
|
|switch|p1a: Suicune|Suicune|402\/402
|-ability|p1a: Suicune|Pressure
|move|p2a: Infernape|Overheat|p1a: Suicune
|-resisted|p1a: Suicune
|-damage|p1a: Suicune|316\/402
|-unboost|p2a: Infernape|spa|2
|-damage|p2a: Infernape|264\/293|[from] item: Life Orb
|
|-heal|p1a: Suicune|341\/402|[from] item: Leftovers
|turn|13
|
|move|p2a: Infernape|Close Combat|p1a: Suicune
|-damage|p1a: Suicune|188\/402
|-unboost|p2a: Infernape|def|1
|-unboost|p2a: Infernape|spd|1
|-damage|p2a: Infernape|235\/293|[from] item: Life Orb
|move|p1a: Suicune|Scald|p2a: Infernape
|-supereffective|p2a: Infernape
|-damage|p2a: Infernape|0 fnt
|faint|p2a: Infernape
|
|-heal|p1a: Suicune|213\/402|[from] item: Leftovers
|
|switch|p2a: Jirachi|Jirachi|341\/341
|turn|14
|
|move|p2a: Jirachi|Calm Mind|p2a: Jirachi
|-boost|p2a: Jirachi|spa|1
|-boost|p2a: Jirachi|spd|1
|move|p1a: Suicune|Scald|p2a: Jirachi
|-damage|p2a: Jirachi|286\/341
|
|-heal|p2a: Jirachi|307\/341|[from] item: Leftovers
|-heal|p1a: Suicune|238\/402|[from] item: Leftovers
|turn|15
|
|move|p2a: Jirachi|Energy Ball|p1a: Suicune
|-supereffective|p1a: Suicune
|-damage|p1a: Suicune|0 fnt
|faint|p1a: Suicune
|
|-heal|p2a: Jirachi|328\/341|[from] item: Leftovers
|
|switch|p1a: Sableye|Sableye, M|235\/285
|turn|16
|
|move|p1a: Sableye|Will-O-Wisp|p2a: Jirachi
|-status|p2a: Jirachi|brn
|move|p2a: Jirachi|Flash Cannon|p1a: Sableye
|-damage|p1a: Sableye|58\/285
|-unboost|p1a: Sableye|spd|1
|
|-heal|p2a: Jirachi|341\/341 brn|[from] item: Leftovers
|-heal|p1a: Sableye|75\/285|[from] item: Leftovers
|-damage|p2a: Jirachi|299\/341 brn|[from] brn
|turn|17
|
|switch|p1a: Blissey|Blissey, F|651\/651
|move|p2a: Jirachi|Flash Cannon|p1a: Blissey
|-damage|p1a: Blissey|545\/651
|
|-heal|p2a: Jirachi|320\/341 brn|[from] item: Leftovers
|-heal|p1a: Blissey|585\/651|[from] item: Leftovers
|-damage|p2a: Jirachi|278\/341 brn|[from] brn
|turn|18
|
|switch|p2a: Umbreon|Umbreon, F, shiny|393\/393
|move|p1a: Blissey|Wish|p1a: Blissey
|
|-heal|p1a: Blissey|625\/651|[from] item: Leftovers
|turn|19
|
|switch|p1a: Sableye|Sableye, M|75\/285
|move|p2a: Umbreon|Heal Bell|p2a: Umbreon
|-cureteam|p2a: Umbreon|[from] move: HealBell
|
|-heal|p1a: Sableye|285\/285|[from] move: Wish|[wisher] Blissey
|turn|20
|
|switch|p2a: Hydreigon|Hydreigon, M|325\/325
|move|p1a: Sableye|Taunt|p2a: Hydreigon
|-start|p2a: Hydreigon|move: Taunt
|
|turn|21
|
|switch|p1a: Granbull|Granbull, M|383\/383
|-ability|p1a: Granbull|Intimidate|[of] p2a: Hydreigon
|-unboost|p2a: Hydreigon|atk|1
|move|p2a: Hydreigon|U-turn|p1a: Granbull
|-resisted|p1a: Granbull
|-damage|p1a: Granbull|367\/383
|
|switch|p2a: Jirachi|Jirachi|278\/341
|
|-heal|p2a: Jirachi|299\/341|[from] item: Leftovers
|-heal|p1a: Granbull|383\/383|[from] item: Leftovers
|turn|22
|
|switch|p1a: Blissey|Blissey, F|625\/651
|move|p2a: Jirachi|Calm Mind|p2a: Jirachi
|-boost|p2a: Jirachi|spa|1
|-boost|p2a: Jirachi|spd|1
|
|-heal|p2a: Jirachi|320\/341|[from] item: Leftovers
|-heal|p1a: Blissey|651\/651|[from] item: Leftovers
|turn|23
|
|move|p2a: Jirachi|Calm Mind|p2a: Jirachi
|-boost|p2a: Jirachi|spa|1
|-boost|p2a: Jirachi|spd|1
|move|p1a: Blissey|Seismic Toss|p2a: Jirachi
|-damage|p2a: Jirachi|220\/341
|
|-heal|p2a: Jirachi|241\/341|[from] item: Leftovers
|turn|24
|
|switch|p1a: Sableye|Sableye, M|285\/285
|move|p2a: Jirachi|Psyshock|p1a: Sableye
|-immune|p1a: Sableye|[msg]
|
|-heal|p2a: Jirachi|262\/341|[from] item: Leftovers
|turn|25
|
|move|p2a: Jirachi|Flash Cannon|p1a: Sableye
|-damage|p1a: Sableye|57\/285
|move|p1a: Sableye|Knock Off|p2a: Jirachi
|-supereffective|p2a: Jirachi
|-damage|p2a: Jirachi|94\/341
|-enditem|p2a: Jirachi|Leftovers|[from] move: Knock Off|[of] p1a: Sableye
|
|-heal|p1a: Sableye|74\/285|[from] item: Leftovers
|turn|26
|
|switch|p1a: Crobat|Crobat, M|342\/373
|move|p2a: Jirachi|Flash Cannon|p1a: Crobat
|-damage|p1a: Crobat|57\/373
|
|-heal|p1a: Crobat|80\/373|[from] item: Black Sludge
|turn|27
|
|move|p1a: Crobat|Haze|p1a: Crobat
|-clearallboost
|move|p2a: Jirachi|Flash Cannon|p1a: Crobat
|-crit|p1a: Crobat
|-damage|p1a: Crobat|0 fnt
|faint|p1a: Crobat
|
|
|switch|p1a: Blissey|Blissey, F|651\/651
|turn|28
|
|switch|p2a: Swampert|Swampert, F|234\/401
|move|p1a: Blissey|Seismic Toss|p2a: Swampert
|-damage|p2a: Swampert|134\/401
|
|turn|29
|
|move|p1a: Blissey|Seismic Toss|p2a: Swampert
|-damage|p2a: Swampert|34\/401
|move|p2a: Swampert|Stealth Rock|p1a: Blissey
|-sidestart|p1: pokemonisfun|move: Stealth Rock
|
|turn|30
|
|switch|p2a: Crobat|Crobat, M|343\/343
|move|p1a: Blissey|Wish|p1a: Blissey
|
|turn|31
|
|move|p2a: Crobat|Brave Bird|p1a: Blissey
|-damage|p1a: Blissey|371\/651
|-damage|p2a: Crobat|251\/343|[from] recoil|[of] p1a: Blissey
|move|p1a: Blissey|Seismic Toss|p2a: Crobat
|-damage|p2a: Crobat|151\/343
|
|-heal|p1a: Blissey|651\/651|[from] move: Wish|[wisher] Blissey
|-heal|p2a: Crobat|172\/343|[from] item: Black Sludge
|turn|32
|
|move|p2a: Crobat|Roost|p2a: Crobat
|-heal|p2a: Crobat|343\/343
|move|p1a: Blissey|Seismic Toss|p2a: Crobat
|-damage|p2a: Crobat|243\/343
|
|-heal|p2a: Crobat|264\/343|[from] item: Black Sludge
|turn|33
|
|move|p2a: Crobat|Taunt|p1a: Blissey
|-start|p1a: Blissey|move: Taunt
|move|p1a: Blissey|Seismic Toss|p2a: Crobat
|-damage|p2a: Crobat|164\/343
|
|-heal|p2a: Crobat|185\/343|[from] item: Black Sludge
|turn|34
|
|switch|p1a: Nidoqueen|Nidoqueen, F|384\/384
|-damage|p1a: Nidoqueen|360\/384|[from] Stealth Rock
|move|p2a: Crobat|Roost|p2a: Crobat
|-heal|p2a: Crobat|343\/343
|
|-heal|p1a: Nidoqueen|384\/384|[from] item: Black Sludge
|turn|35
|
|move|p2a: Crobat|Taunt|p1a: Nidoqueen
|-start|p1a: Nidoqueen|move: Taunt
|move|p1a: Nidoqueen|Flamethrower|p2a: Crobat
|-damage|p2a: Crobat|256\/343
|
|-heal|p2a: Crobat|277\/343|[from] item: Black Sludge
|turn|36
|
|move|p2a: Crobat|Brave Bird|p1a: Nidoqueen
|-damage|p1a: Nidoqueen|264\/384
|-damage|p2a: Crobat|237\/343|[from] recoil|[of] p1a: Nidoqueen
|move|p1a: Nidoqueen|Flamethrower|p2a: Crobat
|-damage|p2a: Crobat|146\/343
|
|-heal|p2a: Crobat|167\/343|[from] item: Black Sludge
|-heal|p1a: Nidoqueen|288\/384|[from] item: Black Sludge
|turn|37
|
|move|p2a: Crobat|Roost|p2a: Crobat
|-heal|p2a: Crobat|339\/343
|move|p1a: Nidoqueen|Earth Power|p2a: Crobat
|-supereffective|p2a: Crobat
|-damage|p2a: Crobat|75\/343
|
|-heal|p2a: Crobat|96\/343|[from] item: Black Sludge
|-heal|p1a: Nidoqueen|312\/384|[from] item: Black Sludge
|-end|p1a: Nidoqueen|move: Taunt
|turn|38
|
|move|p2a: Crobat|Taunt|p1a: Nidoqueen
|-start|p1a: Nidoqueen|move: Taunt
|move|p1a: Nidoqueen|Flamethrower|p2a: Crobat
|-crit|p2a: Crobat
|-damage|p2a: Crobat|0 fnt
|faint|p2a: Crobat
|
|-heal|p1a: Nidoqueen|336\/384|[from] item: Black Sludge
|join|Bud Hertz
|
|switch|p2a: Hydreigon|Hydreigon, M|325\/325
|turn|39
|
|switch|p1a: Granbull|Granbull, M|383\/383
|-damage|p1a: Granbull|336\/383|[from] Stealth Rock
|-ability|p1a: Granbull|Intimidate|[of] p2a: Hydreigon
|-unboost|p2a: Hydreigon|atk|1
|move|p2a: Hydreigon|Draco Meteor|p1a: Granbull
|-immune|p1a: Granbull|[msg]
|
|-heal|p1a: Granbull|359\/383|[from] item: Leftovers
|turn|40
|
|switch|p2a: Swampert|Swampert, F|34\/401
|move|p1a: Granbull|Play Rough|p2a: Swampert
|-damage|p2a: Swampert|0 fnt
|faint|p2a: Swampert
|
|-heal|p1a: Granbull|382\/383|[from] item: Leftovers
|
|switch|p2a: Jirachi|Jirachi|94\/341
|turn|41
|
|switch|p1a: Blissey|Blissey, F|651\/651
|-damage|p1a: Blissey|570\/651|[from] Stealth Rock
|move|p2a: Jirachi|Flash Cannon|p1a: Blissey
|-damage|p1a: Blissey|501\/651
|
|-heal|p1a: Blissey|541\/651|[from] item: Leftovers
|turn|42
|join|Bob the Bro
|
|switch|p2a: Umbreon|Umbreon, F, shiny|393\/393
|move|p1a: Blissey|Seismic Toss|p2a: Umbreon
|-damage|p2a: Umbreon|293\/393
|
|-heal|p2a: Umbreon|317\/393|[from] item: Leftovers
|-heal|p1a: Blissey|581\/651|[from] item: Leftovers
|turn|43
|
|switch|p1a: Nidoqueen|Nidoqueen, F|336\/384
|-damage|p1a: Nidoqueen|312\/384|[from] Stealth Rock
|move|p2a: Umbreon|Wish|p2a: Umbreon
|
|-heal|p1a: Nidoqueen|336\/384|[from] item: Black Sludge
|-heal|p2a: Umbreon|341\/393|[from] item: Leftovers
|turn|44
|
|switch|p2a: Hydreigon|Hydreigon, M|325\/325
|move|p1a: Nidoqueen|Earth Power|p2a: Hydreigon
|-immune|p2a: Hydreigon|[msg]
|
|-heal|p1a: Nidoqueen|360\/384|[from] item: Black Sludge
|turn|45
|
|move|p2a: Hydreigon|U-turn|p1a: Nidoqueen
|-resisted|p1a: Nidoqueen
|-damage|p1a: Nidoqueen|338\/384
|-message|kokoloko forfeited.
|leave|kokoloko
|
|win|pokemonisfun
|raw|Ladder updating...
|raw|pokemonisfun's rating: 1666 &rarr; <strong>1686<\/strong><br \/>(+20 for winning)
|raw|kokoloko's rating: 1663 &rarr; <strong>1644<\/strong><br \/>(-19 for losing)
|player|p2