|join|kokoloko
|join|Emblema de Fuego
|player|p1|kokoloko|169
|player|p2|Emblema de Fuego|283
|gametype|singles
|gen|6
|tier|UU
|rated
|rule|Sleep Clause Mod: Limit one foe put to sleep
|rule|Species Clause: Limit one of each PokÃ©mon
|rule|OHKO Clause: OHKO moves are banned
|rule|Moody Clause: Moody is banned
|rule|Evasion Moves Clause: Evasion moves are banned
|rule|Endless Battle Clause: Forcing endless battles is banned
|rule|HP Percentage Mod: HP is shown in percentages
|clearpoke
|poke|p1|Pidgeot, F
|poke|p1|Starmie
|poke|p1|Krookodile, F
|poke|p1|Crobat, M
|poke|p1|Whimsicott, F
|poke|p1|Jirachi
|poke|p2|Fletchinder, F, shiny
|poke|p2|Raikou, shiny
|poke|p2|Absol, M
|poke|p2|Donphan, M
|poke|p2|Zygarde
|poke|p2|Uxie
|rule|Swagger Clause: Swagger is banned
|rule|Baton Pass Clause: Limit one PokÃ©mon knowing Baton Pass
|teampreview
|
|start
|switch|p1a: Pidgeot|Pidgeot, F|307\/307
|switch|p2a: D-Angelo|Absol, M|271\/271
|turn|1
|
|detailschange|p1a: Pidgeot|Pidgeot-Mega, F
|message|Pidgeot has Mega Evolved into Mega Pidgeot!
|detailschange|p2a: D-Angelo|Absol-Mega, M
|message|Absol has Mega Evolved into Mega Absol!
|move|p2a: D-Angelo|Protect|p2a: D-Angelo
|-singleturn|p2a: D-Angelo|Protect
|move|p1a: Pidgeot|Hurricane|p2a: D-Angelo
|-activate|p2a: D-Angelo|Protect
|
|turn|2
|
|switch|p2a: Uzzi|Uxie|353\/353
|move|p1a: Pidgeot|Hurricane|p2a: Uzzi
|-damage|p2a: Uzzi|221\/353
|
|-heal|p2a: Uzzi|243\/353|[from] item: Leftovers
|turn|3
|
|move|p1a: Pidgeot|U-turn|p2a: Uzzi
|-crit|p2a: Uzzi
|-supereffective|p2a: Uzzi
|-damage|p2a: Uzzi|153\/353
|
|switch|p1a: Krookodile|Krookodile, F|331\/331
|-ability|p1a: Krookodile|Intimidate|[of] p2a: Uzzi
|-unboost|p2a: Uzzi|atk|1
|move|p2a: Uzzi|Stealth Rock|p1a: Krookodile
|-sidestart|p1: kokoloko|move: Stealth Rock
|
|-heal|p2a: Uzzi|175\/353|[from] item: Leftovers
|turn|4
|
|switch|p2a: D-Angelo|Absol-Mega, M|271\/271
|move|p1a: Krookodile|Knock Off|p2a: D-Angelo
|-resisted|p2a: D-Angelo
|-damage|p2a: D-Angelo|170\/271
|
|turn|5
|
|switch|p1a: Crobat|Crobat, M|373\/373
|-damage|p1a: Crobat|280\/373|[from] Stealth Rock
|move|p2a: D-Angelo|Will-O-Wisp|p1a: Crobat
|-status|p1a: Crobat|brn
|
|-damage|p1a: Crobat|234\/373 brn|[from] brn
|turn|6
|
|move|p2a: D-Angelo|Protect|p2a: D-Angelo
|-singleturn|p2a: D-Angelo|Protect
|move|p1a: Crobat|Roost|p1a: Crobat
|-heal|p1a: Crobat|373\/373 brn
|
|-damage|p1a: Crobat|327\/373 brn|[from] brn
|turn|7
|
|switch|p2a: Uzzi|Uxie|175\/353
|move|p1a: Crobat|U-turn|p2a: Uzzi
|-supereffective|p2a: Uzzi
|-damage|p2a: Uzzi|139\/353
|
|switch|p1a: Starmie|Starmie|323\/323
|-damage|p1a: Starmie|283\/323|[from] Stealth Rock
|
|-heal|p1a: Starmie|303\/323|[from] item: Leftovers
|-heal|p2a: Uzzi|161\/353|[from] item: Leftovers
|turn|8
|
|move|p1a: Starmie|Rapid Spin|p2a: Uzzi
|-damage|p2a: Uzzi|152\/353
|-sideend|p1: kokoloko|Stealth Rock|[from] move: Rapid Spin|[of] p1a: Starmie
|move|p2a: Uzzi|Yawn|p1a: Starmie
|-start|p1a: Starmie|move: Yawn|[of] p2a: Uzzi
|
|-heal|p1a: Starmie|323\/323|[from] item: Leftovers
|-heal|p2a: Uzzi|174\/353|[from] item: Leftovers
|turn|9
|
|switch|p1a: Krookodile|Krookodile, F|331\/331
|-ability|p1a: Krookodile|Intimidate|[of] p2a: Uzzi
|-unboost|p2a: Uzzi|atk|1
|move|p2a: Uzzi|U-turn|p1a: Krookodile
|-supereffective|p1a: Krookodile
|-damage|p1a: Krookodile|253\/331
|
|switch|p2a: D-Angelo|Absol-Mega, M|170\/271
|
|turn|10
|
|move|p2a: D-Angelo|Protect|p2a: D-Angelo
|-singleturn|p2a: D-Angelo|Protect
|move|p1a: Krookodile|Earthquake|p2a: D-Angelo
|-activate|p2a: D-Angelo|Protect
|
|turn|11
|
|switch|p2a: Uzzi|Uxie|174\/353
|move|p1a: Krookodile|Knock Off|p2a: Uzzi
|-supereffective|p2a: Uzzi
|-damage|p2a: Uzzi|0 fnt
|-enditem|p2a: Uzzi|Leftovers|[from] move: Knock Off|[of] p1a: Krookodile
|faint|p2a: Uzzi
|
|
|switch|p2a: D-Angelo|Absol-Mega, M|170\/271
|turn|12
|
|switch|p1a: Crobat|Crobat, M|327\/373 brn
|move|p2a: D-Angelo|Play Rough|p1a: Crobat
|-resisted|p1a: Crobat
|-damage|p1a: Crobat|259\/373 brn
|-unboost|p1a: Crobat|atk|1
|
|-damage|p1a: Crobat|213\/373 brn|[from] brn
|turn|13
|
|move|p2a: D-Angelo|Sucker Punch|p1a: Crobat
|-fail|p1a: Crobat
|move|p1a: Crobat|Roost|p1a: Crobat
|-heal|p1a: Crobat|373\/373 brn
|
|-damage|p1a: Crobat|327\/373 brn|[from] brn
|turn|14
|
|switch|p1a: Krookodile|Krookodile, F|253\/331
|-ability|p1a: Krookodile|Intimidate|[of] p2a: D-Angelo
|-unboost|p2a: D-Angelo|atk|1
|move|p2a: D-Angelo|Protect|p2a: D-Angelo
|-fail|p2a: D-Angelo
|
|turn|15
|
|switch|p2a: 5|Fletchinder, F, shiny|327\/327
|switch|p1a: Crobat|Crobat, M|327\/373 brn
|
|-damage|p1a: Crobat|281\/373 brn|[from] brn
|turn|16
|
|move|p1a: Crobat|U-turn|p2a: 5
|-resisted|p2a: 5
|-damage|p2a: 5|317\/327
|
|switch|p1a: Whimsicott|Whimsicott, F|323\/323
|move|p2a: 5|Swords Dance|p2a: 5
|-boost|p2a: 5|atk|2
|
|turn|17
|
|move|p1a: Whimsicott|Encore|p2a: 5
|-start|p2a: 5|Encore
|move|p2a: 5|Swords Dance|p2a: 5
|-boost|p2a: 5|atk|2
|
|turn|18
|
|switch|p2a: Musho|Raikou, shiny|322\/322
|-ability|p2a: Musho|Pressure
|move|p1a: Whimsicott|U-turn|p2a: Musho
|-damage|p2a: Musho|272\/322
|
|switch|p1a: Jirachi|Jirachi|341\/341
|
|-heal|p2a: Musho|292\/322|[from] item: Leftovers
|turn|19
|
|move|p1a: Jirachi|Trick|p2a: Musho
|-activate|p1a: Jirachi|move: Trick|[of] p2a: Musho
|-item|p2a: Musho|Choice Scarf|[from] move: Trick
|-item|p1a: Jirachi|Leftovers|[from] move: Trick
|move|p2a: Musho|Substitute|p2a: Musho
|-start|p2a: Musho|Substitute
|-damage|p2a: Musho|212\/322
|
|turn|20
|
|switch|p2a: Rodolfo|Donphan, M|383\/383
|move|p1a: Jirachi|U-turn|p2a: Rodolfo
|-damage|p2a: Rodolfo|338\/383
|
|switch|p1a: Starmie|Starmie|323\/323
|
|-heal|p2a: Rodolfo|361\/383|[from] item: Leftovers
|turn|21
|
|switch|p2a: Musho|Raikou, shiny|212\/322
|-ability|p2a: Musho|Pressure
|move|p1a: Starmie|Scald|p2a: Musho
|-damage|p2a: Musho|125\/322
|-status|p2a: Musho|brn
|
|-damage|p2a: Musho|85\/322 brn|[from] brn
|turn|22
|
|move|p2a: Musho|Thunderbolt|p1a: Starmie
|-supereffective|p1a: Starmie
|-damage|p1a: Starmie|0 fnt
|faint|p1a: Starmie
|
|-damage|p2a: Musho|45\/322 brn|[from] brn
|
|switch|p1a: Krookodile|Krookodile, F|253\/331
|-ability|p1a: Krookodile|Intimidate|[of] p2a: Musho
|-unboost|p2a: Musho|atk|1
|turn|23
|
|switch|p2a: D-Angelo|Absol-Mega, M|170\/271
|move|p1a: Krookodile|Stealth Rock|p2a: D-Angelo
|move|p2a: D-Angelo|Stealth Rock|p1a: Krookodile|[from]Magic Bounce
|-sidestart|p1: kokoloko|move: Stealth Rock
|
|turn|24
|c|âkokoloko|damn i choked
|c|âEmblema de Fuego|XD
|c|âEmblema de Fuego|shits happens
|
|switch|p1a: Crobat|Crobat, M|281\/373 brn
|-damage|p1a: Crobat|188\/373 brn|[from] Stealth Rock
|move|p2a: D-Angelo|Play Rough|p1a: Crobat
|-resisted|p1a: Crobat
|-damage|p1a: Crobat|123\/373 brn
|
|-damage|p1a: Crobat|77\/373 brn|[from] brn
|turn|25
|
|move|p1a: Crobat|Roost|p1a: Crobat
|-heal|p1a: Crobat|264\/373 brn
|move|p2a: D-Angelo|Play Rough|p1a: Crobat
|-resisted|p1a: Crobat
|-damage|p1a: Crobat|199\/373 brn
|
|-damage|p1a: Crobat|153\/373 brn|[from] brn
|turn|26
|
|switch|p2a: 5|Fletchinder, F, shiny|317\/327
|move|p1a: Crobat|Roost|p1a: Crobat
|-heal|p1a: Crobat|340\/373 brn
|
|-damage|p1a: Crobat|294\/373 brn|[from] brn
|turn|27
|
|move|p2a: 5|Acrobatics|p1a: Crobat
|-damage|p1a: Crobat|141\/373 brn
|move|p1a: Crobat|U-turn|p2a: 5
|-resisted|p2a: 5
|-damage|p2a: 5|308\/327
|
|switch|p1a: Krookodile|Krookodile, F|253\/331
|-damage|p1a: Krookodile|233\/331|[from] Stealth Rock
|-ability|p1a: Krookodile|Intimidate|[of] p2a: 5
|-unboost|p2a: 5|atk|1
|
|turn|28
|
|move|p1a: Krookodile|Pursuit|p2a: 5|[from]Pursuit
|-damage|p2a: 5|70\/327
|switch|p2a: Lagarton|Zygarde|419\/419
|-ability|p2a: Lagarton|Aura Break
|
|turn|29
|
|move|p1a: Krookodile|Stealth Rock|p2a: Lagarton
|-sidestart|p2: Emblema de Fuego|move: Stealth Rock
|move|p2a: Lagarton|Earthquake|p1a: Krookodile
|-damage|p1a: Krookodile|85\/331
|
|turn|30
|
|switch|p2a: Rodolfo|Donphan, M|361\/383
|-damage|p2a: Rodolfo|338\/383|[from] Stealth Rock
|move|p1a: Krookodile|Knock Off|p2a: Rodolfo
|-damage|p2a: Rodolfo|209\/383
|-enditem|p2a: Rodolfo|Leftovers|[from] move: Knock Off|[of] p1a: Krookodile
|
|turn|31
|
|move|p1a: Krookodile|Earthquake|p2a: Rodolfo
|-damage|p2a: Rodolfo|92\/383
|move|p2a: Rodolfo|Rapid Spin|p1a: Krookodile
|-damage|p1a: Krookodile|62\/331
|-sideend|p2: Emblema de Fuego|Stealth Rock|[from] move: Rapid Spin|[of] p2a: Rodolfo
|
|turn|32
|
|move|p2a: Rodolfo|Ice Shard|p1a: Krookodile
|-supereffective|p1a: Krookodile
|-damage|p1a: Krookodile|0 fnt
|faint|p1a: Krookodile
|
|
|switch|p1a: Jirachi|Jirachi|341\/341
|-damage|p1a: Jirachi|320\/341|[from] Stealth Rock
|turn|33
|
|move|p1a: Jirachi|Iron Head|p2a: Rodolfo
|-damage|p2a: Rodolfo|7\/383
|move|p2a: Rodolfo|Roar|p1a: Jirachi
|drag|p1a: Crobat|Crobat, M|141\/373 brn
|-damage|p1a: Crobat|48\/373 brn|[from] Stealth Rock
|
|-damage|p1a: Crobat|2\/373 brn|[from] brn
|turn|34
|
|move|p2a: Rodolfo|Ice Shard|p1a: Crobat
|-supereffective|p1a: Crobat
|-damage|p1a: Crobat|0 fnt
|faint|p1a: Crobat
|
|
|switch|p1a: Jirachi|Jirachi|320\/341
|-damage|p1a: Jirachi|299\/341|[from] Stealth Rock
|turn|35
|
|switch|p2a: Lagarton|Zygarde|419\/419
|-ability|p2a: Lagarton|Aura Break
|move|p1a: Jirachi|Iron Head|p2a: Lagarton
|-damage|p2a: Lagarton|323\/419
|
|-heal|p1a: Jirachi|320\/341|[from] item: Leftovers
|-heal|p2a: Lagarton|349\/419|[from] item: Leftovers
|turn|36
|
|move|p1a: Jirachi|U-turn|p2a: Lagarton
|-damage|p2a: Lagarton|290\/419
|
|switch|p1a: Whimsicott|Whimsicott, F|323\/323
|-damage|p1a: Whimsicott|283\/323|[from] Stealth Rock
|move|p2a: Lagarton|Earthquake|p1a: Whimsicott
|-resisted|p1a: Whimsicott
|-damage|p1a: Whimsicott|230\/323
|
|-heal|p1a: Whimsicott|250\/323|[from] item: Leftovers
|-heal|p2a: Lagarton|316\/419|[from] item: Leftovers
|turn|37
|
|move|p1a: Whimsicott|Moonblast|p2a: Lagarton
|-supereffective|p2a: Lagarton
|-damage|p2a: Lagarton|178\/419
|-unboost|p2a: Lagarton|spa|1
|move|p2a: Lagarton|Earthquake|p1a: Whimsicott
|-resisted|p1a: Whimsicott
|-damage|p1a: Whimsicott|199\/323
|
|-heal|p1a: Whimsicott|219\/323|[from] item: Leftovers
|-heal|p2a: Lagarton|204\/419|[from] item: Leftovers
|turn|38
|
|move|p1a: Whimsicott|Leech Seed|p2a: Lagarton
|-start|p2a: Lagarton|move: Leech Seed
|move|p2a: Lagarton|Earthquake|p1a: Whimsicott
|-resisted|p1a: Whimsicott
|-damage|p1a: Whimsicott|173\/323
|
|-heal|p1a: Whimsicott|193\/323|[from] item: Leftovers
|-heal|p2a: Lagarton|230\/419|[from] item: Leftovers
|-damage|p2a: Lagarton|178\/419|[from] Leech Seed|[of] p1a: Whimsicott
|-heal|p1a: Whimsicott|245\/323|[silent]
|turn|39
|
|switch|p2a: 5|Fletchinder, F, shiny|70\/327
|move|p1a: Whimsicott|Moonblast|p2a: 5
|-resisted|p2a: 5
|-damage|p2a: 5|1\/327
|-unboost|p2a: 5|spa|1
|
|-heal|p1a: Whimsicott|265\/323|[from] item: Leftovers
|turn|40
|
|move|p1a: Whimsicott|Leech Seed|p2a: 5
|-start|p2a: 5|move: Leech Seed
|move|p2a: 5|Roost|p2a: 5
|-heal|p2a: 5|165\/327
|
|-heal|p1a: Whimsicott|285\/323|[from] item: Leftovers
|-damage|p2a: 5|125\/327|[from] Leech Seed|[of] p1a: Whimsicott
|-heal|p1a: Whimsicott|323\/323|[silent]
|turn|41
|
|move|p2a: 5|Roost|p2a: 5
|-heal|p2a: 5|289\/327
|move|p1a: Whimsicott|Moonblast|p2a: 5
|-resisted|p2a: 5
|-damage|p2a: 5|226\/327
|-unboost|p2a: 5|spa|1
|
|-damage|p2a: 5|186\/327|[from] Leech Seed|[of] p1a: Whimsicott
|turn|42
|
|move|p1a: Whimsicott|Encore|p2a: 5
|-start|p2a: 5|Encore
|move|p2a: 5|Roost|p2a: 5
|-heal|p2a: 5|327\/327
|
|-damage|p2a: 5|287\/327|[from] Leech Seed|[of] p1a: Whimsicott
|turn|43
|
|switch|p2a: Lagarton|Zygarde|178\/419
|-ability|p2a: Lagarton|Aura Break
|move|p1a: Whimsicott|Moonblast|p2a: Lagarton
|-supereffective|p2a: Lagarton
|-damage|p2a: Lagarton|46\/419
|
|-heal|p2a: Lagarton|72\/419|[from] item: Leftovers
|turn|44
|
|switch|p2a: 5|Fletchinder, F, shiny|287\/327
|move|p1a: Whimsicott|Moonblast|p2a: 5
|-resisted|p2a: 5
|-damage|p2a: 5|220\/327
|
|turn|45
|
|move|p1a: Whimsicott|Leech Seed|p2a: 5
|-start|p2a: 5|move: Leech Seed
|move|p2a: 5|Will-O-Wisp|p1a: Whimsicott|[miss]
|-miss|p2a: 5|p1a: Whimsicott
|
|-damage|p2a: 5|180\/327|[from] Leech Seed|[of] p1a: Whimsicott
|turn|46
|
|move|p2a: 5|Acrobatics|p1a: Whimsicott
|-supereffective|p1a: Whimsicott
|-damage|p1a: Whimsicott|77\/323
|move|p1a: Whimsicott|U-turn|p2a: 5
|-resisted|p2a: 5
|-damage|p2a: 5|166\/327
|
|switch|p1a: Pidgeot|Pidgeot-Mega, F|307\/307
|-damage|p1a: Pidgeot|231\/307|[from] Stealth Rock
|
|-damage|p2a: 5|126\/327|[from] Leech Seed|[of] p1a: Pidgeot
|-heal|p1a: Pidgeot|271\/307|[silent]
|turn|47
|
|switch|p2a: Lagarton|Zygarde|72\/419
|-ability|p2a: Lagarton|Aura Break
|move|p1a: Pidgeot|Hurricane|p2a: Lagarton
|-crit|p2a: Lagarton
|-damage|p2a: Lagarton|0 fnt
|faint|p2a: Lagarton
|
|
|switch|p2a: Musho|Raikou, shiny|45\/322 brn
|-ability|p2a: Musho|Pressure
|turn|48
|
|switch|p1a: Whimsicott|Whimsicott, F|77\/323
|-damage|p1a: Whimsicott|37\/323|[from] Stealth Rock
|move|p2a: Musho|Thunderbolt|p1a: Whimsicott
|-resisted|p1a: Whimsicott
|-damage|p1a: Whimsicott|0 fnt
|faint|p1a: Whimsicott
|
|-damage|p2a: Musho|5\/322 brn|[from] brn
|
|switch|p1a: Jirachi|Jirachi|320\/341
|-damage|p1a: Jirachi|299\/341|[from] Stealth Rock
|turn|49
|
|move|p2a: Musho|Thunderbolt|p1a: Jirachi
|-damage|p1a: Jirachi|152\/341
|move|p1a: Jirachi|Iron Head|p2a: Musho
|-resisted|p2a: Musho
|-damage|p2a: Musho|0 fnt
|faint|p2a: Musho
|
|-heal|p1a: Jirachi|173\/341|[from] item: Leftovers
|
|switch|p2a: D-Angelo|Absol-Mega, M|170\/271
|turn|50
|
|move|p2a: D-Angelo|Sucker Punch|p1a: Jirachi
|-supereffective|p1a: Jirachi
|-damage|p1a: Jirachi|0 fnt
|faint|p1a: Jirachi
|
|
|switch|p1a: Pidgeot|Pidgeot-Mega, F|271\/307
|-damage|p1a: Pidgeot|195\/307|[from] Stealth Rock
|turn|51
|
|move|p2a: D-Angelo|Sucker Punch|p1a: Pidgeot
|-damage|p1a: Pidgeot|0 fnt
|faint|p1a: Pidgeot
|
|win|Emblema de Fuego
|raw|Ladder updating...
|raw|kokoloko's rating: 1537 &rarr; <strong>1517<\/strong><br \/>(-20 for losing)
|raw|Emblema de Fuego's rating: 1531 &rarr; <strong>1551<\/strong><br \/>(+20 for winning)
|leave|kokoloko
|player|p1
|c|âEmblema de Fuego|gg