|join|radianthero156
|join|kokoloko
|player|p1|radianthero156|215
|player|p2|kokoloko|170
|gametype|singles
|gen|6
|tier|UU
|rated
|rule|Sleep Clause Mod: Limit one foe put to sleep
|rule|Species Clause: Limit one of each PokÃ©mon
|rule|OHKO Clause: OHKO moves are banned
|rule|Moody Clause: Moody is banned
|rule|Evasion Moves Clause: Evasion moves are banned
|rule|Endless Battle Clause: Forcing endless battles is banned
|rule|HP Percentage Mod: HP is shown in percentages
|clearpoke
|poke|p1|Empoleon, M
|poke|p1|Lopunny, F
|poke|p1|Crobat, M
|poke|p1|Celebi
|poke|p1|Haxorus, M
|poke|p1|Chandelure, F, shiny
|poke|p2|Beedrill, M
|poke|p2|Empoleon, F
|poke|p2|Celebi
|poke|p2|Jirachi
|poke|p2|Gligar, M
|poke|p2|Lucario, F
|rule|Swagger Clause: Swagger is banned
|rule|Baton Pass Clause: Limit one PokÃ©mon knowing Baton Pass
|teampreview
|c|âradianthero156|ohai
|c|âkokoloko|fren?
|c|âradianthero156|this match has an 84% chance of being decided on flinches
|
|start
|switch|p1a: Crobat|Crobat, M|311\/311
|switch|p2a: Beedrill|Beedrill, M|271\/271
|turn|1
|
|detailschange|p2a: Beedrill|Beedrill-Mega, M
|message|Beedrill has Mega Evolved into Mega Beedrill!
|move|p2a: Beedrill|Protect|p2a: Beedrill
|-singleturn|p2a: Beedrill|Protect
|move|p1a: Crobat|Brave Bird|p2a: Beedrill
|-activate|p2a: Beedrill|Protect
|
|turn|2
|
|move|p2a: Beedrill|U-turn|p1a: Crobat
|-resisted|p1a: Crobat
|-damage|p1a: Crobat|253\/311
|
|switch|p2a: Gligar|Gligar, M|334\/334
|move|p1a: Crobat|Brave Bird|p2a: Gligar
|-damage|p2a: Gligar|222\/334
|-damage|p1a: Crobat|216\/311|[from] recoil|[of] p2a: Gligar
|
|turn|3
|
|switch|p1a: Chandelure|Chandelure, F, shiny|261\/261
|move|p2a: Gligar|Roost|p2a: Gligar
|-heal|p2a: Gligar|334\/334
|
|turn|4
|
|move|p1a: Chandelure|Overheat|p2a: Gligar
|-damage|p2a: Gligar|0 fnt
|-unboost|p1a: Chandelure|spa|2
|faint|p2a: Gligar
|
|
|switch|p2a: Beedrill|Beedrill-Mega, M|271\/271
|turn|5
|
|move|p2a: Beedrill|Knock Off|p1a: Chandelure
|-supereffective|p1a: Chandelure
|-damage|p1a: Chandelure|0 fnt
|-enditem|p1a: Chandelure|Choice Specs|[from] move: Knock Off|[of] p2a: Beedrill
|faint|p1a: Chandelure
|
|c|âradianthero156|ouch :\/
|
|switch|p1a: Lopunny|Lopunny, F|272\/272
|turn|6
|
|detailschange|p1a: Lopunny|Lopunny-Mega, F
|message|Lopunny has Mega Evolved into Mega Lopunny!
|move|p2a: Beedrill|Protect|p2a: Beedrill
|-singleturn|p2a: Beedrill|Protect
|move|p1a: Lopunny|Fake Out|p2a: Beedrill
|-activate|p2a: Beedrill|Protect
|
|turn|7
|
|move|p2a: Beedrill|U-turn|p1a: Lopunny
|-crit|p1a: Lopunny
|-resisted|p1a: Lopunny
|-damage|p1a: Lopunny|118\/272
|
|switch|p2a: Jirachi|Jirachi|341\/341
|move|p1a: Lopunny|High Jump Kick|p2a: Jirachi
|-damage|p2a: Jirachi|85\/341
|
|turn|8
|
|move|p2a: Jirachi|Iron Head|p1a: Lopunny
|-damage|p1a: Lopunny|0 fnt
|faint|p1a: Lopunny
|
|
|switch|p1a: Empoleon|Empoleon, M|370\/370
|turn|9
|
|switch|p2a: Lucario|Lucario, F|281\/281
|move|p1a: Empoleon|Stealth Rock|p2a: Lucario
|-sidestart|p2: kokoloko|move: Stealth Rock
|
|turn|10
|
|switch|p1a: Crobat|Crobat, M|216\/311
|move|p2a: Lucario|Close Combat|p1a: Crobat
|-resisted|p1a: Crobat
|-damage|p1a: Crobat|142\/311
|-unboost|p2a: Lucario|def|1
|-unboost|p2a: Lucario|spd|1
|-damage|p2a: Lucario|253\/281|[from] item: Life Orb
|
|turn|11
|
|move|p2a: Lucario|Extreme Speed|p1a: Crobat
|-crit|p1a: Crobat
|-damage|p1a: Crobat|0 fnt
|-damage|p2a: Lucario|225\/281|[from] item: Life Orb
|faint|p1a: Crobat
|
|c|âradianthero156|hm
|
|switch|p1a: Haxorus|Haxorus, M|293\/293
|-ability|p1a: Haxorus|Mold Breaker
|turn|12
|
|move|p1a: Haxorus|Earthquake|p2a: Lucario
|-supereffective|p2a: Lucario
|-damage|p2a: Lucario|0 fnt
|faint|p2a: Lucario
|
|
|switch|p2a: Celebi|Celebi|341\/341
|-damage|p2a: Celebi|299\/341|[from] Stealth Rock
|turn|13
|
|switch|p1a: Celebi|Celebi|404\/404
|move|p2a: Celebi|Dazzling Gleam|p1a: Celebi
|-damage|p1a: Celebi|304\/404
|-damage|p2a: Celebi|265\/341|[from] item: Life Orb
|
|-heal|p1a: Celebi|329\/404|[from] item: Leftovers
|turn|14
|
|switch|p2a: Empoleon|Empoleon, F|371\/371
|-damage|p2a: Empoleon|348\/371|[from] Stealth Rock
|move|p1a: Celebi|Baton Pass|p1a: Celebi
|
|switch|p1a: Haxorus|Haxorus, M|293\/293
|-ability|p1a: Haxorus|Mold Breaker
|
|-heal|p2a: Empoleon|371\/371|[from] item: Leftovers
|turn|15
|
|switch|p2a: Celebi|Celebi|265\/341
|-damage|p2a: Celebi|223\/341|[from] Stealth Rock
|move|p1a: Haxorus|Earthquake|p2a: Celebi
|-resisted|p2a: Celebi
|-damage|p2a: Celebi|164\/341
|
|turn|16
|
|switch|p1a: Celebi|Celebi|329\/404
|move|p2a: Celebi|Nasty Plot|p2a: Celebi
|-boost|p2a: Celebi|spa|2
|
|-heal|p1a: Celebi|354\/404|[from] item: Leftovers
|turn|17
|
|move|p2a: Celebi|Nasty Plot|p2a: Celebi
|-boost|p2a: Celebi|spa|2
|move|p1a: Celebi|Baton Pass|p1a: Celebi
|
|switch|p1a: Haxorus|Haxorus, M|293\/293
|-ability|p1a: Haxorus|Mold Breaker
|
|turn|18
|
|move|p1a: Haxorus|Poison Jab|p2a: Celebi
|-supereffective|p2a: Celebi
|-damage|p2a: Celebi|0 fnt
|faint|p2a: Celebi
|
|c|âkokoloko|o fuck u
|c|âradianthero156|dam
|c|âradianthero156|almost used eq
|c|âkokoloko|who runs scarf
|c|âkokoloko|lmao
|
|switch|p2a: Empoleon|Empoleon, F|371\/371
|-damage|p2a: Empoleon|348\/371|[from] Stealth Rock
|turn|19
|c|âradianthero156|<- this brilliant metagame innovator
|
|switch|p1a: Empoleon|Empoleon, M|370\/370
|move|p2a: Empoleon|Defog|p1a: Empoleon
|-unboost|p1a: Empoleon|evasion|1
|-sideend|p2: kokoloko|Stealth Rock|[from] move: Defog|[of] p2a: Empoleon
|
|-heal|p2a: Empoleon|371\/371|[from] item: Leftovers
|turn|20
|c|âradianthero156|oh
|c|âradianthero156|why did i send empoleon
|
|switch|p1a: Celebi|Celebi|354\/404
|move|p2a: Empoleon|Scald|p1a: Celebi
|-resisted|p1a: Celebi
|-damage|p1a: Celebi|304\/404
|
|-heal|p1a: Celebi|329\/404|[from] item: Leftovers
|turn|21
|
|move|p1a: Celebi|Swords Dance|p1a: Celebi
|-boost|p1a: Celebi|atk|2
|move|p2a: Empoleon|Stealth Rock|p1a: Celebi
|-sidestart|p1: radianthero156|move: Stealth Rock
|
|-heal|p1a: Celebi|354\/404|[from] item: Leftovers
|turn|22
|
|move|p1a: Celebi|Zen Headbutt|p2a: Empoleon
|-crit|p2a: Empoleon
|-resisted|p2a: Empoleon
|-damage|p2a: Empoleon|216\/371
|move|p2a: Empoleon|Ice Beam|p1a: Celebi
|-supereffective|p1a: Celebi
|-damage|p1a: Celebi|204\/404
|
|-heal|p1a: Celebi|229\/404|[from] item: Leftovers
|-heal|p2a: Empoleon|239\/371|[from] item: Leftovers
|turn|23
|
|move|p1a: Celebi|Recover|p1a: Celebi
|-heal|p1a: Celebi|404\/404
|move|p2a: Empoleon|Ice Beam|p1a: Celebi
|-supereffective|p1a: Celebi
|-damage|p1a: Celebi|248\/404
|
|-heal|p1a: Celebi|273\/404|[from] item: Leftovers
|-heal|p2a: Empoleon|262\/371|[from] item: Leftovers
|turn|24
|c|âradianthero156|i had seed bomb before this match :\/
|
|move|p1a: Celebi|Zen Headbutt|p2a: Empoleon
|-resisted|p2a: Empoleon
|-damage|p2a: Empoleon|163\/371
|cant|p2a: Empoleon|flinch
|
|-heal|p1a: Celebi|298\/404|[from] item: Leftovers
|-heal|p2a: Empoleon|186\/371|[from] item: Leftovers
|turn|25
|
|move|p1a: Celebi|Zen Headbutt|p2a: Empoleon
|-resisted|p2a: Empoleon
|-damage|p2a: Empoleon|79\/371
|cant|p2a: Empoleon|flinch
|
|-heal|p1a: Celebi|323\/404|[from] item: Leftovers
|-heal|p2a: Empoleon|102\/371|[from] item: Leftovers
|turn|26
|c|âradianthero156|flinches
|c|âkokoloko|come on
|
|move|p1a: Celebi|Zen Headbutt|p2a: Empoleon
|-resisted|p2a: Empoleon
|-damage|p2a: Empoleon|0 fnt
|faint|p2a: Empoleon
|
|-heal|p1a: Celebi|348\/404|[from] item: Leftovers
|
|switch|p2a: Beedrill|Beedrill-Mega, M|271\/271
|turn|27
|
|move|p2a: Beedrill|Knock Off|p1a: Celebi
|-supereffective|p1a: Celebi
|-damage|p1a: Celebi|154\/404
|-enditem|p1a: Celebi|Leftovers|[from] move: Knock Off|[of] p2a: Beedrill
|move|p1a: Celebi|Zen Headbutt|p2a: Beedrill
|-supereffective|p2a: Beedrill
|-damage|p2a: Beedrill|0 fnt
|faint|p2a: Beedrill
|
|c|âkokoloko|zzz
|c|âkokoloko|gg
|c|âradianthero156|GG
|-message|kokoloko forfeited.
|
|win|radianthero156
|raw|Ladder updating...
|leave|kokoloko
|player|p2
|raw|radianthero156's rating: 1574 &rarr; <strong>1592<\/strong><br \/>(+18 for winning)
|raw|kokoloko's rating: 1539 &rarr; <strong>1521<\/strong><br \/>(-18 for losing)
|leave|radianthero156
|player|p1
|join|radianthero156