|join|kokoloko
|join|DragonFish9
|player|p1|kokoloko|169
|player|p2|DragonFish9|124
|gametype|singles
|gen|6
|tier|UU
|rated
|rule|Sleep Clause Mod: Limit one foe put to sleep
|rule|Species Clause: Limit one of each PokÃ©mon
|rule|OHKO Clause: OHKO moves are banned
|rule|Moody Clause: Moody is banned
|rule|Evasion Moves Clause: Evasion moves are banned
|rule|Endless Battle Clause: Forcing endless battles is banned
|rule|HP Percentage Mod: HP is shown in percentages
|clearpoke
|poke|p1|Lucario, M
|poke|p1|Crobat, M
|poke|p1|Swampert, F
|poke|p1|Hydreigon, F
|poke|p1|Celebi
|poke|p1|Metagross, shiny
|poke|p2|Snorlax, F
|poke|p2|Zoroark, F
|poke|p2|Nidoqueen, F
|poke|p2|Jirachi
|poke|p2|Blastoise, F
|poke|p2|Shaymin
|rule|Swagger Clause: Swagger is banned
|rule|Baton Pass Clause: Limit one PokÃ©mon knowing Baton Pass
|teampreview
|
|start
|switch|p1a: Hydreigon|Hydreigon, F|325\/325
|switch|p2a: Jirachi|Jirachi|341\/341
|turn|1
|
|move|p2a: Jirachi|U-turn|p1a: Hydreigon
|-supereffective|p1a: Hydreigon
|-damage|p1a: Hydreigon|169\/325
|
|switch|p2a: Snorlax|Snorlax, F|461\/461
|move|p1a: Hydreigon|U-turn|p2a: Snorlax
|-damage|p2a: Snorlax|406\/461
|
|switch|p1a: Lucario|Lucario, M|281\/281
|
|turn|2
|
|switch|p2a: Nidoqueen|Nidoqueen, F|383\/383
|move|p1a: Lucario|Close Combat|p2a: Nidoqueen
|-resisted|p2a: Nidoqueen
|-damage|p2a: Nidoqueen|282\/383
|-unboost|p1a: Lucario|def|1
|-unboost|p1a: Lucario|spd|1
|-damage|p1a: Lucario|253\/281|[from] item: Life Orb
|
|-heal|p2a: Nidoqueen|305\/383|[from] item: Black Sludge
|turn|3
|
|switch|p1a: Celebi|Celebi|401\/401
|move|p2a: Nidoqueen|Stealth Rock|p1a: Celebi
|-sidestart|p1: kokoloko|move: Stealth Rock
|
|-heal|p2a: Nidoqueen|328\/383|[from] item: Black Sludge
|turn|4
|
|switch|p2a: Snorlax|Snorlax, F|406\/461
|move|p1a: Celebi|Swords Dance|p1a: Celebi
|-boost|p1a: Celebi|atk|2
|
|turn|5
|
|move|p1a: Celebi|Seed Bomb|p2a: Snorlax
|-damage|p2a: Snorlax|199\/461
|move|p2a: Snorlax|Body Slam|p1a: Celebi
|-damage|p1a: Celebi|266\/401
|-status|p1a: Celebi|par
|
|turn|6
|
|move|p2a: Snorlax|Body Slam|p1a: Celebi
|-damage|p1a: Celebi|140\/401 par
|cant|p1a: Celebi|par
|
|turn|7
|
|switch|p1a: Swampert|Swampert, F|401\/401
|-damage|p1a: Swampert|376\/401|[from] Stealth Rock
|move|p2a: Snorlax|Body Slam|p1a: Swampert
|-damage|p1a: Swampert|255\/401
|
|-heal|p1a: Swampert|280\/401|[from] item: Leftovers
|turn|8
|
|switch|p2a: Shaymin|Shaymin|341\/341
|move|p1a: Swampert|Stealth Rock|p2a: Shaymin
|-sidestart|p2: DragonFish9|move: Stealth Rock
|
|-heal|p1a: Swampert|305\/401|[from] item: Leftovers
|turn|9
|
|move|p1a: Swampert|Protect|p1a: Swampert
|-singleturn|p1a: Swampert|Protect
|move|p2a: Shaymin|Dazzling Gleam|p1a: Swampert
|-activate|p1a: Swampert|Protect
|
|-heal|p1a: Swampert|330\/401|[from] item: Leftovers
|turn|10
|
|switch|p1a: Crobat|Crobat, M|343\/343
|-damage|p1a: Crobat|258\/343|[from] Stealth Rock
|move|p2a: Shaymin|Seed Flare|p1a: Crobat
|-resisted|p1a: Crobat
|-damage|p1a: Crobat|190\/343
|-unboost|p1a: Crobat|spd|2
|-damage|p2a: Shaymin|307\/341|[from] item: Life Orb
|
|-heal|p1a: Crobat|211\/343|[from] item: Black Sludge
|turn|11
|
|switch|p2a: Nidoqueen|Nidoqueen, F|328\/383
|-damage|p2a: Nidoqueen|305\/383|[from] Stealth Rock
|move|p1a: Crobat|Roost|p1a: Crobat
|-heal|p1a: Crobat|343\/343
|
|-heal|p2a: Nidoqueen|328\/383|[from] item: Black Sludge
|turn|12
|
|move|p1a: Crobat|Brave Bird|p2a: Nidoqueen
|-damage|p2a: Nidoqueen|214\/383
|-damage|p1a: Crobat|305\/343|[from] recoil|[of] p2a: Nidoqueen
|move|p2a: Nidoqueen|Ice Beam|p1a: Crobat
|-supereffective|p1a: Crobat
|-damage|p1a: Crobat|0 fnt
|faint|p1a: Crobat
|
|-heal|p2a: Nidoqueen|237\/383|[from] item: Black Sludge
|
|switch|p1a: Celebi|Celebi|140\/401
|-damage|p1a: Celebi|90\/401|[from] Stealth Rock
|turn|13
|
|move|p1a: Celebi|Recover|p1a: Celebi
|-heal|p1a: Celebi|291\/401
|move|p2a: Nidoqueen|Ice Beam|p1a: Celebi
|-supereffective|p1a: Celebi
|-damage|p1a: Celebi|171\/401
|-enditem|p1a: Celebi|Weakness Policy
|-boost|p1a: Celebi|atk|2|[from] item: Weakness Policy
|-boost|p1a: Celebi|spa|2|[from] item: Weakness Policy
|
|-heal|p2a: Nidoqueen|260\/383|[from] item: Black Sludge
|turn|14
|
|move|p1a: Celebi|Recover|p1a: Celebi
|-heal|p1a: Celebi|372\/401
|move|p2a: Nidoqueen|Dragon Tail|p1a: Celebi
|-crit|p1a: Celebi
|-damage|p1a: Celebi|318\/401
|drag|p1a: Hydreigon|Hydreigon, F|169\/325
|-damage|p1a: Hydreigon|129\/325|[from] Stealth Rock
|
|-heal|p2a: Nidoqueen|283\/383|[from] item: Black Sludge
|turn|15
|
|switch|p2a: Snorlax|Snorlax, F|199\/461
|-damage|p2a: Snorlax|142\/461|[from] Stealth Rock
|move|p1a: Hydreigon|Draco Meteor|p2a: Snorlax
|-damage|p2a: Snorlax|12\/461
|-unboost|p1a: Hydreigon|spa|2
|
|turn|16
|
|move|p1a: Hydreigon|Draco Meteor|p2a: Snorlax
|-damage|p2a: Snorlax|0 fnt
|-unboost|p1a: Hydreigon|spa|2
|faint|p2a: Snorlax
|
|
|switch|p2a: Blastoise|Blastoise, F|362\/362
|-damage|p2a: Blastoise|317\/362|[from] Stealth Rock
|turn|17
|
|switch|p1a: Celebi|Celebi|318\/401
|-damage|p1a: Celebi|268\/401|[from] Stealth Rock
|detailschange|p2a: Blastoise|Blastoise-Mega, F
|message|Blastoise has Mega Evolved into Mega Blastoise!
|move|p2a: Blastoise|Rapid Spin|p1a: Celebi
|-damage|p1a: Celebi|255\/401
|-sideend|p2: DragonFish9|Stealth Rock|[from] move: Rapid Spin|[of] p2a: Blastoise
|
|turn|18
|
|move|p1a: Celebi|Seed Bomb|p2a: Blastoise
|-supereffective|p2a: Blastoise
|-damage|p2a: Blastoise|153\/362
|move|p2a: Blastoise|Dark Pulse|p1a: Celebi
|-supereffective|p1a: Celebi
|-damage|p1a: Celebi|0 fnt
|faint|p1a: Celebi
|
|
|switch|p1a: Lucario|Lucario, M|253\/281
|-damage|p1a: Lucario|245\/281|[from] Stealth Rock
|turn|19
|
|switch|p2a: Nidoqueen|Nidoqueen, F|283\/383
|move|p1a: Lucario|Close Combat|p2a: Nidoqueen
|-resisted|p2a: Nidoqueen
|-damage|p2a: Nidoqueen|173\/383
|-unboost|p1a: Lucario|def|1
|-unboost|p1a: Lucario|spd|1
|-damage|p1a: Lucario|217\/281|[from] item: Life Orb
|
|-heal|p2a: Nidoqueen|196\/383|[from] item: Black Sludge
|turn|20
|
|switch|p1a: Hydreigon|Hydreigon, F|129\/325
|-damage|p1a: Hydreigon|89\/325|[from] Stealth Rock
|move|p2a: Nidoqueen|Earth Power|p1a: Hydreigon
|-immune|p1a: Hydreigon|[msg]
|
|-heal|p2a: Nidoqueen|219\/383|[from] item: Black Sludge
|turn|21
|
|switch|p2a: Jirachi|Jirachi|341\/341
|move|p1a: Hydreigon|Draco Meteor|p2a: Jirachi
|-resisted|p2a: Jirachi
|-damage|p2a: Jirachi|223\/341
|-unboost|p1a: Hydreigon|spa|2
|
|turn|22
|
|switch|p1a: Lucario|Lucario, M|217\/281
|-damage|p1a: Lucario|209\/281|[from] Stealth Rock
|move|p2a: Jirachi|U-turn|p1a: Lucario
|-resisted|p1a: Lucario
|-damage|p1a: Lucario|186\/281
|
|switch|p2a: Nidoqueen|Nidoqueen, F|261\/261
|
|turn|23
|
|switch|p1a: Swampert|Swampert, F|330\/401
|-damage|p1a: Swampert|305\/401|[from] Stealth Rock
|move|p2a: Nidoqueen|Flamethrower|p1a: Swampert
|-resisted|p1a: Swampert
|-damage|p1a: Swampert|234\/401
|-damage|p2a: Nidoqueen|235\/261|[from] item: Life Orb
|
|-heal|p1a: Swampert|259\/401|[from] item: Leftovers
|turn|24
|
|move|p1a: Swampert|Protect|p1a: Swampert
|-singleturn|p1a: Swampert|Protect
|move|p2a: Nidoqueen|Grass Knot|p1a: Swampert
|-activate|p1a: Swampert|Protect
|
|-heal|p1a: Swampert|284\/401|[from] item: Leftovers
|turn|25
|
|move|p2a: Nidoqueen|Grass Knot|p1a: Swampert
|-supereffective|p1a: Swampert
|-damage|p1a: Swampert|0 fnt
|-damage|p2a: Nidoqueen|209\/261|[from] item: Life Orb
|faint|p1a: Swampert
|
|
|switch|p1a: Hydreigon|Hydreigon, F|89\/325
|-damage|p1a: Hydreigon|49\/325|[from] Stealth Rock
|turn|26
|
|move|p2a: Nidoqueen|Sucker Punch|p1a: Hydreigon
|-resisted|p1a: Hydreigon
|-damage|p1a: Hydreigon|0 fnt
|-damage|p2a: Nidoqueen|183\/261|[from] item: Life Orb
|faint|p1a: Hydreigon
|
|
|switch|p1a: Metagross|Metagross, shiny|302\/302
|-damage|p1a: Metagross|284\/302|[from] Stealth Rock
|turn|27
|
|switch|p1a: Lucario|Lucario, M|186\/281
|-damage|p1a: Lucario|178\/281|[from] Stealth Rock
|move|p2a: Nidoqueen|Dark Pulse|p1a: Lucario
|-resisted|p1a: Lucario
|-damage|p1a: Lucario|60\/281
|-boost|p1a: Lucario|atk|1|[from] ability: Justified
|-damage|p2a: Nidoqueen|157\/261|[from] item: Life Orb
|
|turn|28
|
|move|p1a: Lucario|Extreme Speed|p2a: Nidoqueen
|replace|p2a: Zoroark|Zoroark, F|157\/261
|-damage|p2a: Zoroark|0 fnt
|-damage|p1a: Lucario|32\/281|[from] item: Life Orb
|faint|p2a: Zoroark
|
|
|switch|p2a: Jirachi|Jirachi|223\/341
|turn|29
|
|move|p2a: Jirachi|U-turn|p1a: Lucario
|-resisted|p1a: Lucario
|-damage|p1a: Lucario|10\/281
|
|switch|p2a: Nidoqueen|Nidoqueen, F|219\/383
|move|p1a: Lucario|Close Combat|p2a: Nidoqueen
|-crit|p2a: Nidoqueen
|-resisted|p2a: Nidoqueen
|-damage|p2a: Nidoqueen|0 fnt
|-unboost|p1a: Lucario|def|1
|-unboost|p1a: Lucario|spd|1
|-damage|p1a: Lucario|0 fnt|[from] item: Life Orb
|faint|p2a: Nidoqueen
|faint|p1a: Lucario
|
|
|switch|p1a: Metagross|Metagross, shiny|284\/302
|-damage|p1a: Metagross|266\/302|[from] Stealth Rock
|switch|p2a: Blastoise|Blastoise-Mega, F|153\/362
|turn|30
|
|move|p1a: Metagross|Zen Headbutt|p2a: Blastoise
|-damage|p2a: Blastoise|0 fnt
|-damage|p1a: Metagross|236\/302|[from] item: Life Orb
|faint|p2a: Blastoise
|
|
|switch|p2a: Jirachi|Jirachi|223\/341
|turn|31
|
|move|p2a: Jirachi|Iron Head|p1a: Metagross
|-resisted|p1a: Metagross
|-damage|p1a: Metagross|191\/302
|cant|p1a: Metagross|flinch
|
|turn|32
|c|âkokoloko|lol
|c|âDragonFish9|XD
|c|âkokoloko|do u really not have earth power on shaymin
|
|move|p2a: Jirachi|Iron Head|p1a: Metagross
|-resisted|p1a: Metagross
|-damage|p1a: Metagross|141\/302
|move|p1a: Metagross|Agility|p1a: Metagross
|-boost|p1a: Metagross|spe|2
|
|turn|33
|c|âDragonFish9|Nope
|
|move|p1a: Metagross|Earthquake|p2a: Jirachi
|-crit|p2a: Jirachi
|-supereffective|p2a: Jirachi
|-damage|p2a: Jirachi|0 fnt
|-damage|p1a: Metagross|111\/302|[from] item: Life Orb
|faint|p2a: Jirachi
|
|
|switch|p2a: Shaymin|Shaymin|307\/341
|turn|34
|
|move|p1a: Metagross|Zen Headbutt|p2a: Shaymin
|-damage|p2a: Shaymin|132\/341
|-damage|p1a: Metagross|81\/302|[from] item: Life Orb
|cant|p2a: Shaymin|flinch
|
|turn|35
|c|âDragonFish9|noooo
|
|move|p1a: Metagross|Zen Headbutt|p2a: Shaymin
|-crit|p2a: Shaymin
|-damage|p2a: Shaymin|0 fnt
|-damage|p1a: Metagross|51\/302|[from] item: Life Orb
|faint|p2a: Shaymin
|
|win|kokoloko
|raw|Ladder updating...
|raw|kokoloko's rating: 1727 &rarr; <strong>1737<\/strong><br \/>(+10 for winning)
|raw|DragonFish9's rating: 1539 &rarr; <strong>1529<\/strong><br \/>(-10 for losing)
|c|âDragonFish9|gg haha
|c|âkokoloko|gg
|c|âDragonFish9|Nice play with the double switch with Lucario btw
|leave|DragonFish9
|player|p2