|join|Kitten Milk
|join|kokoloko
|player|p1|Kitten Milk|110
|player|p2|kokoloko|169
|gametype|singles
|gen|6
|tier|UU
|rated
|rule|Sleep Clause Mod: Limit one foe put to sleep
|rule|Species Clause: Limit one of each PokÃ©mon
|rule|OHKO Clause: OHKO moves are banned
|rule|Moody Clause: Moody is banned
|rule|Evasion Moves Clause: Evasion moves are banned
|rule|Endless Battle Clause: Forcing endless battles is banned
|rule|HP Percentage Mod: HP is shown in percentages
|clearpoke
|poke|p1|Hydreigon, M
|poke|p1|Kyurem
|poke|p1|Granbull, M
|poke|p1|Blissey, F
|poke|p1|Vaporeon, M
|poke|p1|Forretress, F
|poke|p2|Shaymin
|poke|p2|Swampert, F
|poke|p2|Jirachi
|poke|p2|Sableye, F, shiny
|poke|p2|Machamp, M
|poke|p2|Alakazam, F
|rule|Swagger Clause: Swagger is banned
|rule|Baton Pass Clause: Limit one PokÃ©mon knowing Baton Pass
|teampreview
|join|schlamaladingdong
|c|âkokoloko|ah shitten
|c|âkokoloko|we meat again,,,
|c|âKitten Milk|ah koko
|c|âKitten Milk|we vegetable again,,,
|
|start
|switch|p1a: scraydragin.png|Hydreigon, M|325\/325
|switch|p2a: Machamp|Machamp, M|363\/363
|turn|1
|c|âkokoloko|more like pasta again because you're gonna look likea  wet noodle when im done here,,,,
|
|move|p1a: scraydragin.png|U-turn|p2a: Machamp
|-resisted|p2a: Machamp
|-damage|p2a: Machamp|330\/363
|
|switch|p1a: uwannagom8.java|Granbull, M|384\/384
|-ability|p1a: uwannagom8.java|Intimidate|[of] p2a: Machamp
|-unboost|p2a: Machamp|atk|1
|move|p2a: Machamp|Poison Jab|p1a: uwannagom8.java
|-supereffective|p1a: uwannagom8.java
|-damage|p1a: uwannagom8.java|252\/384
|
|-heal|p1a: uwannagom8.java|276\/384|[from] item: Leftovers
|turn|2
|c|âKitten Milk|you mean i'll be
|c|âKitten Milk|floppy and unsastifying?
|c|âKitten Milk|=(
|c|âkokoloko|indeed.
|
|switch|p2a: Swampert|Swampert, F|401\/401
|move|p1a: uwannagom8.java|Play Rough|p2a: Swampert
|-damage|p2a: Swampert|307\/401
|
|-heal|p2a: Swampert|332\/401|[from] item: Leftovers
|-heal|p1a: uwannagom8.java|300\/384|[from] item: Leftovers
|turn|3
|
|switch|p1a: fat.zip|Blissey, F|714\/714
|move|p2a: Swampert|Stealth Rock|p1a: fat.zip
|-sidestart|p1: Kitten Milk|move: Stealth Rock
|
|-heal|p2a: Swampert|357\/401|[from] item: Leftovers
|turn|4
|join|ahyueah
|
|switch|p2a: Shaymin|Shaymin|341\/341
|move|p1a: fat.zip|Stealth Rock|p2a: Shaymin
|-sidestart|p2: kokoloko|move: Stealth Rock
|
|turn|5
|
|switch|p2a: Sableye|Sableye, F, shiny|303\/303
|-damage|p2a: Sableye|266\/303|[from] Stealth Rock
|switch|p1a: balls.com|Forretress, F|354\/354
|-damage|p1a: balls.com|310\/354|[from] Stealth Rock
|
|-heal|p2a: Sableye|284\/303|[from] item: Leftovers
|-heal|p1a: balls.com|332\/354|[from] item: Leftovers
|turn|6
|
|move|p2a: Sableye|Will-O-Wisp|p1a: balls.com
|-status|p1a: balls.com|brn
|move|p1a: balls.com|Spikes|p2a: Sableye
|-sidestart|p2: kokoloko|Spikes
|
|-heal|p2a: Sableye|302\/303|[from] item: Leftovers
|-heal|p1a: balls.com|354\/354 brn|[from] item: Leftovers
|-damage|p1a: balls.com|310\/354 brn|[from] brn
|turn|7
|
|move|p2a: Sableye|Knock Off|p1a: balls.com
|-damage|p1a: balls.com|250\/354 brn
|-enditem|p1a: balls.com|Leftovers|[from] move: Knock Off|[of] p2a: Sableye
|move|p1a: balls.com|Rapid Spin|p2a: Sableye
|-immune|p2a: Sableye|[msg]
|
|-heal|p2a: Sableye|303\/303|[from] item: Leftovers
|-damage|p1a: balls.com|206\/354 brn|[from] brn
|turn|8
|
|switch|p1a: forkhead.edu|Kyurem|391\/391
|-damage|p1a: forkhead.edu|294\/391|[from] Stealth Rock
|-ability|p1a: forkhead.edu|Pressure
|move|p2a: Sableye|Taunt|p1a: forkhead.edu
|-start|p1a: forkhead.edu|move: Taunt
|
|turn|9
|
|switch|p2a: Jirachi|Jirachi|341\/341
|-damage|p2a: Jirachi|299\/341|[from] Spikes
|-damage|p2a: Jirachi|278\/341|[from] Stealth Rock
|move|p1a: forkhead.edu|Ice Beam|p2a: Jirachi
|-resisted|p2a: Jirachi
|-damage|p2a: Jirachi|177\/341
|-status|p2a: Jirachi|frz
|-damage|p1a: forkhead.edu|255\/391|[from] item: Life Orb
|
|turn|10
|c|âkokoloko|ok thats
|c|âKitten Milk|i willed it to happen
|c|âkokoloko|a problem
|c|âKitten Milk|so
|
|cant|p2a: Jirachi|frz
|move|p1a: forkhead.edu|Draco Meteor|p2a: Jirachi
|-resisted|p2a: Jirachi
|-damage|p2a: Jirachi|25\/341 frz
|-unboost|p1a: forkhead.edu|spa|2
|-damage|p1a: forkhead.edu|216\/391|[from] item: Life Orb
|
|turn|11
|
|switch|p1a: frilledgecko.jpg|Vaporeon, M|464\/464
|-damage|p1a: frilledgecko.jpg|406\/464|[from] Stealth Rock
|cant|p2a: Jirachi|frz
|
|-heal|p1a: frilledgecko.jpg|435\/464|[from] item: Leftovers
|turn|12
|
|cant|p2a: Jirachi|frz
|move|p1a: frilledgecko.jpg|Wish|p1a: frilledgecko.jpg
|
|-heal|p1a: frilledgecko.jpg|464\/464|[from] item: Leftovers
|turn|13
|c|âkokoloko|ugh
|
|cant|p2a: Jirachi|frz
|move|p1a: frilledgecko.jpg|Baton Pass|p1a: frilledgecko.jpg
|
|switch|p1a: forkhead.edu|Kyurem|216\/391
|-damage|p1a: forkhead.edu|119\/391|[from] Stealth Rock
|-ability|p1a: forkhead.edu|Pressure
|
|-heal|p1a: forkhead.edu|351\/391|[from] move: Wish|[wisher] frilledgecko.jpg
|turn|14
|
|switch|p1a: frilledgecko.jpg|Vaporeon, M|464\/464
|-damage|p1a: frilledgecko.jpg|406\/464|[from] Stealth Rock
|cant|p2a: Jirachi|frz
|
|-heal|p1a: frilledgecko.jpg|435\/464|[from] item: Leftovers
|turn|15
|c|âKitten Milk|i take cunt lessons
|
|cant|p2a: Jirachi|frz
|move|p1a: frilledgecko.jpg|Scald|p2a: Jirachi
|-damage|p2a: Jirachi|0 fnt
|faint|p2a: Jirachi
|
|-heal|p1a: frilledgecko.jpg|464\/464|[from] item: Leftovers
|c|âKitten Milk|from the best
|c|âkokoloko|that was
|c|âkokoloko|absurd
|c|âKitten Milk|here let me unfreeze you
|
|switch|p2a: Shaymin|Shaymin|341\/341
|-damage|p2a: Shaymin|299\/341|[from] Spikes
|-damage|p2a: Shaymin|257\/341|[from] Stealth Rock
|turn|16
|
|switch|p1a: fat.zip|Blissey, F|714\/714
|-damage|p1a: fat.zip|625\/714|[from] Stealth Rock
|move|p2a: Shaymin|Seed Flare|p1a: fat.zip
|-damage|p1a: fat.zip|434\/714
|-damage|p2a: Shaymin|223\/341|[from] item: Life Orb
|
|-heal|p1a: fat.zip|478\/714|[from] item: Leftovers
|turn|17
|c|âkokoloko|do u even realize how risky
|c|âkokoloko|all that bs was
|c|âkokoloko|lol
|c|âKitten Milk|oh
|c|âKitten Milk|trick
|c|âkokoloko|yep
|
|move|p2a: Shaymin|Seed Flare|p1a: fat.zip
|-damage|p1a: fat.zip|283\/714
|-unboost|p1a: fat.zip|spd|2
|-damage|p2a: Shaymin|189\/341|[from] item: Life Orb
|move|p1a: fat.zip|Soft-Boiled|p1a: fat.zip
|-heal|p1a: fat.zip|640\/714
|
|-heal|p1a: fat.zip|684\/714|[from] item: Leftovers
|turn|18
|c|âKitten Milk|somehow that didn't cross my mind,,
|
|move|p2a: Shaymin|Seed Flare|p1a: fat.zip
|-damage|p1a: fat.zip|325\/714
|-damage|p2a: Shaymin|155\/341|[from] item: Life Orb
|move|p1a: fat.zip|Seismic Toss|p2a: Shaymin
|-damage|p2a: Shaymin|55\/341
|
|-heal|p1a: fat.zip|369\/714|[from] item: Leftovers
|turn|19
|
|switch|p1a: scraydragin.png|Hydreigon, M|325\/325
|-damage|p1a: scraydragin.png|285\/325|[from] Stealth Rock
|move|p2a: Shaymin|Synthesis|p2a: Shaymin
|-heal|p2a: Shaymin|225\/341
|
|turn|20
|
|move|p1a: scraydragin.png|Fire Blast|p2a: Shaymin
|-supereffective|p2a: Shaymin
|-damage|p2a: Shaymin|0 fnt
|faint|p2a: Shaymin
|
|
|switch|p2a: Swampert|Swampert, F|357\/401
|-damage|p2a: Swampert|332\/401|[from] Stealth Rock
|-damage|p2a: Swampert|282\/401|[from] Spikes
|turn|21
|
|switch|p1a: frilledgecko.jpg|Vaporeon, M|464\/464
|-damage|p1a: frilledgecko.jpg|406\/464|[from] Stealth Rock
|move|p2a: Swampert|Earthquake|p1a: frilledgecko.jpg
|-damage|p1a: frilledgecko.jpg|283\/464
|
|-heal|p1a: frilledgecko.jpg|312\/464|[from] item: Leftovers
|-heal|p2a: Swampert|307\/401|[from] item: Leftovers
|turn|22
|
|switch|p2a: Alakazam|Alakazam, F|252\/252
|move|p1a: frilledgecko.jpg|Wish|p1a: frilledgecko.jpg
|
|-heal|p1a: frilledgecko.jpg|341\/464|[from] item: Leftovers
|turn|23
|
|detailschange|p2a: Alakazam|Alakazam-Mega, F
|message|Alakazam has Mega Evolved into Mega Alakazam!
|-ability|p2a: Alakazam|Water Absorb|[from] ability: Trace|[of] p1a: frilledgecko.jpg
|move|p2a: Alakazam|Psychic|p1a: frilledgecko.jpg
|-damage|p1a: frilledgecko.jpg|106\/464
|move|p1a: frilledgecko.jpg|Baton Pass|p1a: frilledgecko.jpg
|
|switch|p1a: scraydragin.png|Hydreigon, M|285\/325
|-damage|p1a: scraydragin.png|245\/325|[from] Stealth Rock
|
|-heal|p1a: scraydragin.png|325\/325|[from] move: Wish|[wisher] frilledgecko.jpg
|turn|24
|
|move|p1a: scraydragin.png|U-turn|p2a: Alakazam
|-supereffective|p2a: Alakazam
|-damage|p2a: Alakazam|78\/252
|
|switch|p1a: frilledgecko.jpg|Vaporeon, M|106\/464
|-damage|p1a: frilledgecko.jpg|48\/464|[from] Stealth Rock
|move|p2a: Alakazam|Psychic|p1a: frilledgecko.jpg
|-damage|p1a: frilledgecko.jpg|0 fnt
|faint|p1a: frilledgecko.jpg
|
|
|switch|p1a: scraydragin.png|Hydreigon, M|325\/325
|-damage|p1a: scraydragin.png|285\/325|[from] Stealth Rock
|turn|25
|
|move|p2a: Alakazam|Protect|p2a: Alakazam
|-singleturn|p2a: Alakazam|Protect
|move|p1a: scraydragin.png|U-turn|p2a: Alakazam
|-activate|p2a: Alakazam|Protect
|
|turn|26
|
|switch|p2a: Sableye|Sableye, F, shiny|303\/303
|-damage|p2a: Sableye|266\/303|[from] Stealth Rock
|-damage|p2a: Sableye|229\/303|[from] Spikes
|move|p1a: scraydragin.png|U-turn|p2a: Sableye
|-damage|p2a: Sableye|174\/303
|
|switch|p1a: forkhead.edu|Kyurem|351\/391
|-damage|p1a: forkhead.edu|254\/391|[from] Stealth Rock
|-ability|p1a: forkhead.edu|Pressure
|
|-heal|p2a: Sableye|192\/303|[from] item: Leftovers
|turn|27
|
|move|p2a: Sableye|Will-O-Wisp|p1a: forkhead.edu
|-status|p1a: forkhead.edu|brn
|move|p1a: forkhead.edu|Ice Beam|p2a: Sableye
|-damage|p2a: Sableye|0 fnt
|-damage|p1a: forkhead.edu|215\/391 brn|[from] item: Life Orb
|faint|p2a: Sableye
|
|-damage|p1a: forkhead.edu|167\/391 brn|[from] brn
|c|âKitten Milk|oh wow that
|c|âKitten Milk|does a lot
|c|âKitten Milk|evs are cool
|c|âkokoloko|im phys def
|c|âKitten Milk|oh
|
|switch|p2a: Alakazam|Alakazam-Mega, F|78\/252
|-damage|p2a: Alakazam|47\/252|[from] Spikes
|-damage|p2a: Alakazam|16\/252|[from] Stealth Rock
|-ability|p2a: Alakazam|Pressure|[from] ability: Trace|[of] p1a: forkhead.edu
|-ability|p2a: Alakazam|Pressure
|turn|28
|
|switch|p1a: balls.com|Forretress, F|206\/354 brn
|-damage|p1a: balls.com|162\/354 brn|[from] Stealth Rock
|move|p2a: Alakazam|Dazzling Gleam|p1a: balls.com
|-resisted|p1a: balls.com
|-damage|p1a: balls.com|91\/354 brn
|
|-damage|p1a: balls.com|47\/354 brn|[from] brn
|turn|29
|
|move|p2a: Alakazam|Psychic|p1a: balls.com
|-resisted|p1a: balls.com
|-damage|p1a: balls.com|0 fnt
|faint|p1a: balls.com
|
|
|switch|p1a: scraydragin.png|Hydreigon, M|285\/325
|-damage|p1a: scraydragin.png|245\/325|[from] Stealth Rock
|turn|30
|
|move|p2a: Alakazam|Protect|p2a: Alakazam
|-singleturn|p2a: Alakazam|Protect
|move|p1a: scraydragin.png|U-turn|p2a: Alakazam
|-activate|p2a: Alakazam|Protect
|
|turn|31
|
|switch|p2a: Machamp|Machamp, M|330\/363
|-damage|p2a: Machamp|285\/363|[from] Spikes
|-damage|p2a: Machamp|263\/363|[from] Stealth Rock
|move|p1a: scraydragin.png|U-turn|p2a: Machamp
|-resisted|p2a: Machamp
|-damage|p2a: Machamp|227\/363
|
|switch|p1a: uwannagom8.java|Granbull, M|300\/384
|-damage|p1a: uwannagom8.java|252\/384|[from] Stealth Rock
|-ability|p1a: uwannagom8.java|Intimidate|[of] p2a: Machamp
|-unboost|p2a: Machamp|atk|1
|
|-heal|p1a: uwannagom8.java|276\/384|[from] item: Leftovers
|turn|32
|join|BenzMafia
|
|move|p2a: Machamp|Dynamic Punch|p1a: uwannagom8.java
|-resisted|p1a: uwannagom8.java
|-damage|p1a: uwannagom8.java|215\/384
|-start|p1a: uwannagom8.java|confusion
|-activate|p1a: uwannagom8.java|confusion
|-damage|p1a: uwannagom8.java|184\/384|[from] confusion
|
|-heal|p1a: uwannagom8.java|208\/384|[from] item: Leftovers
|turn|33
|
|move|p2a: Machamp|Poison Jab|p1a: uwannagom8.java
|-supereffective|p1a: uwannagom8.java
|-damage|p1a: uwannagom8.java|84\/384
|-activate|p1a: uwannagom8.java|confusion
|-damage|p1a: uwannagom8.java|50\/384|[from] confusion
|
|-heal|p1a: uwannagom8.java|74\/384|[from] item: Leftovers
|turn|34
|
|move|p2a: Machamp|Poison Jab|p1a: uwannagom8.java
|-supereffective|p1a: uwannagom8.java
|-damage|p1a: uwannagom8.java|0 fnt
|faint|p1a: uwannagom8.java
|
|c|âKitten Milk|nice strat
|c|âKitten Milk|o::
|c|âKitten Milk|teach me
|c|âkokoloko|eat my sack
|
|switch|p1a: scraydragin.png|Hydreigon, M|245\/325
|-damage|p1a: scraydragin.png|205\/325|[from] Stealth Rock
|turn|35
|c|âkokoloko|miss draco
|c|âkokoloko|and i win
|c|âkokoloko|fgt
|
|move|p1a: scraydragin.png|Draco Meteor|p2a: Machamp
|-damage|p2a: Machamp|65\/363
|-unboost|p1a: scraydragin.png|spa|2
|move|p2a: Machamp|Dynamic Punch|p1a: scraydragin.png
|-supereffective|p1a: scraydragin.png
|-damage|p1a: scraydragin.png|0 fnt
|faint|p1a: scraydragin.png
|
|c|âkokoloko|gdi
|c|âKitten Milk|wait
|c|âKitten Milk|do you not have
|c|âKitten Milk|blullet punch
|c|âkokoloko|no
|c|âkokoloko|even if i did
|c|âkokoloko|it wouldnt kill
|
|switch|p1a: forkhead.edu|Kyurem|167\/391 brn
|-damage|p1a: forkhead.edu|70\/391 brn|[from] Stealth Rock
|-ability|p1a: forkhead.edu|Pressure
|turn|36
|c|âkokoloko|its ass
|c|âKitten Milk|i'm p sure
|c|âKitten Milk|it would do 18
|c|âkokoloko|ok jk it would
|c|âKitten Milk|but ok
|c|âKitten Milk|wow you're just off of
|c|âKitten Milk|sr + spikes range too
|c|âKitten Milk|rip
|c|âkokoloko|yeah 
|
|switch|p2a: Alakazam|Alakazam-Mega, F|16\/252
|-damage|p2a: Alakazam|0 fnt|[from] Stealth Rock
|faint|p2a: Alakazam
|-ability|p2: Alakazam|Pressure|[from] ability: Trace|[of] p1a: forkhead.edu
|move|p1a: forkhead.edu|Ice Beam|p2: Alakazam|[notarget]
|-notarget
|-ability|p2: Alakazam|Pressure|[from] ability: Trace|[of] p1a: forkhead.edu
|
|-damage|p1a: forkhead.edu|22\/391 brn|[from] brn
|
|switch|p2a: Swampert|Swampert, F|307\/401
|-damage|p2a: Swampert|257\/401|[from] Spikes
|-damage|p2a: Swampert|232\/401|[from] Stealth Rock
|turn|37
|
|move|p2a: Swampert|Protect|p2a: Swampert
|-singleturn|p2a: Swampert|Protect
|move|p1a: forkhead.edu|Draco Meteor|p2a: Swampert
|-activate|p2a: Swampert|Protect
|
|-heal|p2a: Swampert|257\/401|[from] item: Leftovers
|-damage|p1a: forkhead.edu|0 fnt|[from] brn
|faint|p1a: forkhead.edu
|
|switch|p1a: fat.zip|Blissey, F|369\/714
|-damage|p1a: fat.zip|280\/714|[from] Stealth Rock
|turn|38
|c|âkokoloko|superpower pert
|c|âkokoloko|coming thru
|
|move|p1a: fat.zip|Soft-Boiled|p1a: fat.zip
|-heal|p1a: fat.zip|637\/714
|move|p2a: Swampert|Earthquake|p1a: fat.zip
|-damage|p1a: fat.zip|411\/714
|
|-heal|p1a: fat.zip|455\/714|[from] item: Leftovers
|-heal|p2a: Swampert|282\/401|[from] item: Leftovers
|turn|39
|c|âkokoloko|lol why am i slower
|c|âkokoloko|rip
|
|move|p1a: fat.zip|Toxic|p2a: Swampert
|-status|p2a: Swampert|tox
|move|p2a: Swampert|Earthquake|p1a: fat.zip
|-damage|p1a: fat.zip|223\/714
|
|-heal|p1a: fat.zip|267\/714|[from] item: Leftovers
|-heal|p2a: Swampert|307\/401 tox|[from] item: Leftovers
|-damage|p2a: Swampert|282\/401 tox|[from] psn
|turn|40
|c|âKitten Milk|nice + relaxed
|c|âkokoloko|fkn frz
|c|âkokoloko|bg fgt
|-message|kokoloko forfeited.
|
|win|Kitten Milk
|raw|Ladder updating...
|raw|Kitten Milk's rating: 1640 &rarr; <strong>1663<\/strong><br \/>(+23 for winning)
|raw|kokoloko's rating: 1687 &rarr; <strong>1664<\/strong><br \/>(-23 for losing)
|leave|kokoloko
|player|p2