|join|kokoloko
|join|ZetsukeIV
|player|p1|kokoloko|169
|player|p2|ZetsukeIV|236
|gametype|singles
|gen|6
|tier|UU
|rated
|rule|Sleep Clause Mod: Limit one foe put to sleep
|rule|Species Clause: Limit one of each PokÃ©mon
|rule|OHKO Clause: OHKO moves are banned
|rule|Moody Clause: Moody is banned
|rule|Evasion Moves Clause: Evasion moves are banned
|rule|Endless Battle Clause: Forcing endless battles is banned
|rule|HP Percentage Mod: HP is shown in percentages
|clearpoke
|poke|p1|Pidgeot, M
|poke|p1|Starmie
|poke|p1|Krookodile, M
|poke|p1|Crobat, M
|poke|p1|Whimsicott, M
|poke|p1|Jirachi
|poke|p2|Galvantula, M
|poke|p2|Huntail, F
|poke|p2|Donphan, F
|poke|p2|Beedrill, F
|poke|p2|Meowstic, M
|poke|p2|Cloyster, F
|rule|Swagger Clause: Swagger is banned
|rule|Baton Pass Clause: Limit one PokÃ©mon knowing Baton Pass
|teampreview
|join|Samane
|join|ablert enistein
|
|start
|switch|p1a: Pidgeot|Pidgeot, M|307\/307
|switch|p2a: Galvantula|Galvantula, M|282\/282
|turn|1
|
|switch|p1a: Jirachi|Jirachi|341\/341
|move|p2a: Galvantula|Thunder|p1a: Jirachi
|-damage|p1a: Jirachi|181\/341
|
|turn|2
|
|move|p1a: Jirachi|Iron Head|p2a: Galvantula
|-resisted|p2a: Galvantula
|-damage|p2a: Galvantula|194\/282
|move|p2a: Galvantula|Sticky Web|p1a: Jirachi
|-sidestart|p1: kokoloko|move: Sticky Web
|
|turn|3
|
|move|p1a: Jirachi|Iron Head|p2a: Galvantula
|-resisted|p2a: Galvantula
|-damage|p2a: Galvantula|100\/282
|move|p2a: Galvantula|Thunder|p1a: Jirachi
|-damage|p1a: Jirachi|13\/341
|
|turn|4
|c|âZetsukeIV|:\
|
|move|p1a: Jirachi|Iron Head|p2a: Galvantula
|-resisted|p2a: Galvantula
|-damage|p2a: Galvantula|9\/282
|move|p2a: Galvantula|Bug Buzz|p1a: Jirachi
|-damage|p1a: Jirachi|0 fnt
|faint|p1a: Jirachi
|
|
|switch|p1a: Crobat|Crobat, M|373\/373
|turn|5
|c|âZetsukeIV|Yay! No Flinch Hax!!!!
|
|switch|p2a: Meowstic|Meowstic, M|290\/290
|move|p1a: Crobat|U-turn|p2a: Meowstic
|-supereffective|p2a: Meowstic
|-damage|p2a: Meowstic|202\/290
|
|switch|p1a: Starmie|Starmie|323\/323
|-activate|p1a: Starmie|move: Sticky Web
|-unboost|p1a: Starmie|spe|1
|
|turn|6
|c|âZetsukeIV|Not sure if Defogger or Hyper Brave Bird(er)?
|
|move|p2a: Meowstic|Thunder Wave|p1a: Starmie
|-status|p1a: Starmie|par
|cant|p1a: Starmie|par
|
|turn|7
|c|âkokoloko|lol jesus fucking christ
|c|âkokoloko|this game is absurd
|
|move|p2a: Meowstic|Light Screen|p2a: Meowstic
|-sidestart|p2: ZetsukeIV|move: Light Screen
|move|p1a: Starmie|Rapid Spin|p2a: Meowstic
|-damage|p2a: Meowstic|191\/290
|-sideend|p1: kokoloko|Sticky Web|[from] move: Rapid Spin|[of] p1a: Starmie
|
|turn|8
|c|âZetsukeIV|:P
|c| ablert enistein|>:P
|c| ablert enistein|are u like 12
|c|âZetsukeIV|yes
|c| ablert enistein|o
|
|switch|p1a: Krookodile|Krookodile, M|331\/331
|-ability|p1a: Krookodile|Intimidate|[of] p2a: Meowstic
|-unboost|p2a: Meowstic|atk|1
|move|p2a: Meowstic|Reflect|p2a: Meowstic
|-sidestart|p2: ZetsukeIV|Reflect
|
|turn|9
|
|move|p1a: Krookodile|Pursuit|p2a: Meowstic|[from]Pursuit
|-supereffective|p2a: Meowstic
|-damage|p2a: Meowstic|46\/290
|switch|p2a: Galvantula|Galvantula, M|9\/282
|
|turn|10
|c|âZetsukeIV|nice!
|
|switch|p1a: Starmie|Starmie|323\/323
|move|p2a: Galvantula|Energy Ball|p1a: Starmie
|-supereffective|p1a: Starmie
|-damage|p1a: Starmie|105\/323
|
|-heal|p1a: Starmie|125\/323|[from] item: Leftovers
|turn|11
|
|move|p1a: Starmie|Scald|p2a: Galvantula
|-damage|p2a: Galvantula|0 fnt
|faint|p2a: Galvantula
|
|-heal|p1a: Starmie|145\/323|[from] item: Leftovers
|
|switch|p2a: Meowstic|Meowstic, M|46\/290
|turn|12
|
|move|p2a: Meowstic|Thunder Wave|p1a: Starmie
|-status|p1a: Starmie|par
|cant|p1a: Starmie|par
|
|-heal|p1a: Starmie|165\/323 par|[from] item: Leftovers
|turn|13
|c|âZetsukeIV|Looool
|c|âkokoloko|i really wish you would stop being a poopyhead every time you hax
|c|âkokoloko|thanks
|c|âZetsukeIV|ok
|
|switch|p2a: Huntail|Huntail, F|252\/252
|cant|p1a: Starmie|par
|
|-heal|p1a: Starmie|185\/323 par|[from] item: Leftovers
|turn|14
|
|switch|p1a: Whimsicott|Whimsicott, M|323\/323
|move|p2a: Huntail|Shell Smash|p2a: Huntail
|-boost|p2a: Huntail|atk|2
|-boost|p2a: Huntail|spa|2
|-boost|p2a: Huntail|spe|2
|-unboost|p2a: Huntail|def|1
|-unboost|p2a: Huntail|spd|1
|-enditem|p2a: Huntail|White Herb
|-restoreboost|p2a: Huntail|[silent]
|
|-sideend|p2: ZetsukeIV|move: Light Screen
|turn|15
|c|âZetsukeIV|wat is dat thing ove there
|
|move|p1a: Whimsicott|Encore|p2a: Huntail
|-start|p2a: Huntail|Encore
|move|p2a: Huntail|Shell Smash|p2a: Huntail
|-boost|p2a: Huntail|atk|2
|-boost|p2a: Huntail|spa|2
|-boost|p2a: Huntail|spe|2
|-unboost|p2a: Huntail|def|1
|-unboost|p2a: Huntail|spd|1
|
|-sideend|p2: ZetsukeIV|Reflect
|turn|16
|c|âZetsukeIV|ok
|
|move|p2a: Huntail|Shell Smash|p2a: Huntail
|-boost|p2a: Huntail|atk|2
|-boost|p2a: Huntail|spa|2
|-boost|p2a: Huntail|spe|2
|-unboost|p2a: Huntail|def|1
|-unboost|p2a: Huntail|spd|1
|move|p1a: Whimsicott|U-turn|p2a: Huntail
|-damage|p2a: Huntail|196\/252
|
|switch|p1a: Pidgeot|Pidgeot, M|307\/307
|
|turn|17
|
|detailschange|p1a: Pidgeot|Pidgeot-Mega, M
|message|Pidgeot has Mega Evolved into Mega Pidgeot!
|move|p2a: Huntail|Shell Smash|p2a: Huntail
|-unboost|p2a: Huntail|def|1
|-unboost|p2a: Huntail|spd|1
|move|p1a: Pidgeot|Hurricane|p2a: Huntail
|-damage|p2a: Huntail|0 fnt
|faint|p2a: Huntail
|
|c| ablert enistein|why are you still expecting rational plays from him
|c|âZetsukeIV|lulz
|c|âZetsukeIV|yolo
|
|switch|p2a: Cloyster|Cloyster, F|242\/242
|turn|18
|c|âZetsukeIV|14 wins 2 loses
|
|move|p1a: Pidgeot|U-turn|p2a: Cloyster
|-damage|p2a: Cloyster|217\/242
|
|switch|p1a: Whimsicott|Whimsicott, M|323\/323
|move|p2a: Cloyster|Shell Smash|p2a: Cloyster
|-boost|p2a: Cloyster|atk|2
|-boost|p2a: Cloyster|spa|2
|-boost|p2a: Cloyster|spe|2
|-unboost|p2a: Cloyster|def|1
|-unboost|p2a: Cloyster|spd|1
|-enditem|p2a: Cloyster|White Herb
|-restoreboost|p2a: Cloyster|[silent]
|
|turn|19
|c|âkokoloko|incoming ice shard i feel it
|
|move|p2a: Cloyster|Ice Shard|p1a: Whimsicott
|-supereffective|p1a: Whimsicott
|-damage|p1a: Whimsicott|129\/323
|move|p1a: Whimsicott|Encore|p2a: Cloyster
|-start|p2a: Cloyster|Encore
|
|-heal|p1a: Whimsicott|149\/323|[from] item: Leftovers
|turn|20
|c| ablert enistein|lmao
|c|âZetsukeIV|thanks
|c| ablert enistein|>>>thanks
|c|âZetsukeIV|I was gonna icicle spear but then you reminded me
|c| ablert enistein|.
|c|âZetsukeIV|.
|
|switch|p1a: Krookodile|Krookodile, M|331\/331
|-ability|p1a: Krookodile|Intimidate|[of] p2a: Cloyster
|-unboost|p2a: Cloyster|atk|1
|move|p2a: Cloyster|Ice Shard|p1a: Krookodile
|-supereffective|p1a: Krookodile
|-damage|p1a: Krookodile|103\/331
|
|turn|21
|
|move|p2a: Cloyster|Ice Shard|p1a: Krookodile
|-supereffective|p1a: Krookodile
|-damage|p1a: Krookodile|0 fnt
|faint|p1a: Krookodile
|
|
|switch|p1a: Starmie|Starmie|185\/323
|turn|22
|
|move|p2a: Cloyster|Ice Shard|p1a: Starmie
|-resisted|p1a: Starmie
|-damage|p1a: Starmie|133\/323
|move|p1a: Starmie|Scald|p2a: Cloyster
|-resisted|p2a: Cloyster
|-damage|p2a: Cloyster|127\/242
|
|-heal|p1a: Starmie|153\/323|[from] item: Leftovers
|-end|p2a: Cloyster|Encore
|turn|23
|c|âZetsukeIV|natural cure?
|
|move|p2a: Cloyster|Shell Smash|p2a: Cloyster
|-boost|p2a: Cloyster|atk|2
|-boost|p2a: Cloyster|spa|2
|-boost|p2a: Cloyster|spe|2
|-unboost|p2a: Cloyster|def|1
|-unboost|p2a: Cloyster|spd|1
|move|p1a: Starmie|Scald|p2a: Cloyster
|-resisted|p2a: Cloyster
|-damage|p2a: Cloyster|0 fnt
|faint|p2a: Cloyster
|
|-heal|p1a: Starmie|173\/323|[from] item: Leftovers
|c|âZetsukeIV|ok
|c|âkokoloko|lol are you
|c|âkokoloko|fucking retarded
|c|âkokoloko|serious question
|c|âZetsukeIV|no
|
|switch|p2a: Meowstic|Meowstic, M|46\/290
|turn|24
|
|move|p2a: Meowstic|Light Screen|p2a: Meowstic
|-sidestart|p2: ZetsukeIV|move: Light Screen
|move|p1a: Starmie|Scald|p2a: Meowstic
|-damage|p2a: Meowstic|4\/290
|-status|p2a: Meowstic|brn
|
|-heal|p1a: Starmie|193\/323|[from] item: Leftovers
|-damage|p2a: Meowstic|0 fnt|[from] brn
|faint|p2a: Meowstic
|
|switch|p2a: Beedrill|Beedrill, F|290\/290
|turn|25
|
|switch|p1a: Crobat|Crobat, M|373\/373
|detailschange|p2a: Beedrill|Beedrill-Mega, F
|message|Beedrill has Mega Evolved into Mega Beedrill!
|move|p2a: Beedrill|Knock Off|p1a: Crobat
|-damage|p1a: Crobat|263\/373
|
|turn|26
|join|Bob the Bro
|
|move|p1a: Crobat|Roost|p1a: Crobat
|-heal|p1a: Crobat|373\/373
|move|p2a: Beedrill|U-turn|p1a: Crobat
|-resisted|p1a: Crobat
|-damage|p1a: Crobat|267\/373
|
|switch|p2a: Donphan|Donphan, F|321\/321
|
|turn|27
|c|âkokoloko|why the fuck is that so slow
|c|âkokoloko|jesus
|
|move|p1a: Crobat|U-turn|p2a: Donphan
|-damage|p2a: Donphan|283\/321
|
|switch|p1a: Starmie|Starmie|193\/323
|move|p2a: Donphan|Stealth Rock|p1a: Starmie
|-sidestart|p1: kokoloko|move: Stealth Rock
|
|-heal|p1a: Starmie|213\/323|[from] item: Leftovers
|-heal|p2a: Donphan|303\/321|[from] item: Leftovers
|turn|28
|c|âZetsukeIV|:o
|
|move|p1a: Starmie|Rapid Spin|p2a: Donphan
|-damage|p2a: Donphan|295\/321
|-sideend|p1: kokoloko|Stealth Rock|[from] move: Rapid Spin|[of] p1a: Starmie
|move|p2a: Donphan|Roar|p1a: Starmie
|drag|p1a: Crobat|Crobat, M|267\/373
|
|-heal|p2a: Donphan|315\/321|[from] item: Leftovers
|turn|29
|join|sniperaim
|
|move|p1a: Crobat|U-turn|p2a: Donphan
|-damage|p2a: Donphan|277\/321
|
|switch|p1a: Starmie|Starmie|213\/323
|move|p2a: Donphan|Stealth Rock|p1a: Starmie
|-sidestart|p1: kokoloko|move: Stealth Rock
|
|-heal|p1a: Starmie|233\/323|[from] item: Leftovers
|-heal|p2a: Donphan|297\/321|[from] item: Leftovers
|turn|30
|leave|sniperaim
|
|move|p1a: Starmie|Rapid Spin|p2a: Donphan
|-damage|p2a: Donphan|287\/321
|-sideend|p1: kokoloko|Stealth Rock|[from] move: Rapid Spin|[of] p1a: Starmie
|move|p2a: Donphan|Roar|p1a: Starmie
|drag|p1a: Crobat|Crobat, M|267\/373
|
|-heal|p2a: Donphan|307\/321|[from] item: Leftovers
|turn|31
|
|move|p1a: Crobat|U-turn|p2a: Donphan
|-damage|p2a: Donphan|272\/321
|
|switch|p1a: Starmie|Starmie|233\/323
|move|p2a: Donphan|Stealth Rock|p1a: Starmie
|-sidestart|p1: kokoloko|move: Stealth Rock
|
|-heal|p1a: Starmie|253\/323|[from] item: Leftovers
|-heal|p2a: Donphan|292\/321|[from] item: Leftovers
|-sideend|p2: ZetsukeIV|move: Light Screen
|turn|32
|
|switch|p2a: Beedrill|Beedrill-Mega, F|290\/290
|move|p1a: Starmie|Rapid Spin|p2a: Beedrill
|-damage|p2a: Beedrill|266\/290
|-sideend|p1: kokoloko|Stealth Rock|[from] move: Rapid Spin|[of] p1a: Starmie
|
|-heal|p1a: Starmie|273\/323|[from] item: Leftovers
|turn|33
|
|switch|p1a: Crobat|Crobat, M|267\/373
|move|p2a: Beedrill|Knock Off|p1a: Crobat
|-damage|p1a: Crobat|164\/373
|
|turn|34
|
|move|p1a: Crobat|Roost|p1a: Crobat
|-heal|p1a: Crobat|351\/373
|move|p2a: Beedrill|Poison Jab|p1a: Crobat
|-resisted|p1a: Crobat
|-damage|p1a: Crobat|209\/373
|
|turn|35
|
|move|p1a: Crobat|Acrobatics|p2a: Beedrill
|-supereffective|p2a: Beedrill
|-damage|p2a: Beedrill|0 fnt
|faint|p2a: Beedrill
|
|c| ablert enistein|why
|c| ablert enistein|the
|c| ablert enistein|fuck
|c| ablert enistein|did
|c|âZetsukeIV|14 wins
|c| ablert enistein|you
|c| Bob the Bro|sick adamant bee
|c| ablert enistein|stay
|c|âZetsukeIV|3 loses
|c| ablert enistein|in
|c|âZetsukeIV|poo poo poo
|-message|ZetsukeIV forfeited.
|
|win|kokoloko
|raw|Ladder updating...
|raw|kokoloko's rating: 1524 &rarr; <strong>1533<\/strong><br \/>(+9 for winning)
|raw|ZetsukeIV's rating: 1309 &rarr; <strong>1300<\/strong><br \/>(-9 for losing)
|c|âZetsukeIV|GG
|c|âkokoloko|fucking absolute garbage
|c| ablert enistein|that nigga has to be autistic
|c|âkokoloko|jesus
|leave|kokoloko
|player|p1
|c|âZetsukeIV|wow you 1533 on ladder
|c|âZetsukeIV|o_o