|join|kokoloko
|join|Time Square
|player|p1|kokoloko|265
|player|p2|Time Square|152
|gametype|singles
|gen|6
|tier|UU
|rated
|rule|Sleep Clause Mod: Limit one foe put to sleep
|rule|Species Clause: Limit one of each PokÃ©mon
|rule|OHKO Clause: OHKO moves are banned
|rule|Moody Clause: Moody is banned
|rule|Evasion Moves Clause: Evasion moves are banned
|rule|Endless Battle Clause: Forcing endless battles is banned
|rule|HP Percentage Mod: HP is shown in percentages
|clearpoke
|poke|p1|Diancie
|poke|p1|Florges, F
|poke|p1|Crobat, F
|poke|p1|Jirachi
|poke|p1|Shaymin
|poke|p1|Swampert, F
|poke|p2|Sableye, F
|poke|p2|Snorlax, M
|poke|p2|Swampert, M
|poke|p2|Florges, F
|poke|p2|Cresselia, F
|poke|p2|Forretress, F
|rule|Swagger Clause: Swagger is banned
|rule|Baton Pass Clause: Limit one PokÃ©mon knowing Baton Pass
|teampreview
|
|start
|switch|p1a: Swampert|Swampert, F|401\/401
|switch|p2a: Snorlax|Snorlax, M|497\/497
|turn|1
|
|move|p1a: Swampert|Stealth Rock|p2a: Snorlax
|-sidestart|p2: Time Square|move: Stealth Rock
|move|p2a: Snorlax|Body Slam|p1a: Swampert
|-damage|p1a: Swampert|323\/401
|
|-heal|p1a: Swampert|348\/401|[from] item: Leftovers
|turn|2
|
|move|p1a: Swampert|Scald|p2a: Snorlax
|-damage|p2a: Snorlax|439\/497
|move|p2a: Snorlax|Body Slam|p1a: Swampert
|-damage|p1a: Swampert|270\/401
|
|-heal|p1a: Swampert|295\/401|[from] item: Leftovers
|-heal|p2a: Snorlax|470\/497|[from] item: Leftovers
|turn|3
|
|switch|p1a: Jirachi|Jirachi|341\/341
|move|p2a: Snorlax|Body Slam|p1a: Jirachi
|-resisted|p1a: Jirachi
|-damage|p1a: Jirachi|284\/341
|
|-heal|p2a: Snorlax|497\/497|[from] item: Leftovers
|turn|4
|
|move|p1a: Jirachi|U-turn|p2a: Snorlax
|-damage|p2a: Snorlax|414\/497
|
|switch|p1a: Swampert|Swampert, F|295\/401
|move|p2a: Snorlax|Earthquake|p1a: Swampert
|-damage|p1a: Swampert|231\/401
|
|-heal|p1a: Swampert|256\/401|[from] item: Leftovers
|-heal|p2a: Snorlax|445\/497|[from] item: Leftovers
|turn|5
|join|African Elephant
|
|move|p1a: Swampert|Scald|p2a: Snorlax
|-damage|p2a: Snorlax|384\/497
|-status|p2a: Snorlax|brn
|move|p2a: Snorlax|Body Slam|p1a: Swampert
|-damage|p1a: Swampert|216\/401
|
|-heal|p1a: Swampert|241\/401|[from] item: Leftovers
|-heal|p2a: Snorlax|415\/497 brn|[from] item: Leftovers
|-damage|p2a: Snorlax|353\/497 brn|[from] brn
|turn|6
|
|move|p1a: Swampert|Earthquake|p2a: Snorlax
|-damage|p2a: Snorlax|203\/497 brn
|move|p2a: Snorlax|Body Slam|p1a: Swampert
|-crit|p1a: Swampert
|-damage|p1a: Swampert|175\/401
|
|-heal|p1a: Swampert|200\/401|[from] item: Leftovers
|-heal|p2a: Snorlax|234\/497 brn|[from] item: Leftovers
|-damage|p2a: Snorlax|172\/497 brn|[from] brn
|turn|7
|
|move|p1a: Swampert|Earthquake|p2a: Snorlax
|-damage|p2a: Snorlax|31\/497 brn
|move|p2a: Snorlax|Rest|p2a: Snorlax
|-status|p2a: Snorlax|slp
|-heal|p2a: Snorlax|497\/497 slp|[silent]
|-status|p2a: Snorlax|slp|[from] move: Rest
|
|-heal|p1a: Swampert|225\/401|[from] item: Leftovers
|turn|8
|
|switch|p1a: Jirachi|Jirachi|284\/341
|switch|p2a: Forretress|Forretress, F|353\/353
|-damage|p2a: Forretress|309\/353|[from] Stealth Rock
|
|-heal|p2a: Forretress|331\/353|[from] item: Leftovers
|turn|9
|
|move|p1a: Jirachi|U-turn|p2a: Forretress
|-resisted|p2a: Forretress
|-damage|p2a: Forretress|311\/353
|
|switch|p1a: Swampert|Swampert, F|225\/401
|move|p2a: Forretress|Rapid Spin|p1a: Swampert
|-damage|p1a: Swampert|212\/401
|-sideend|p2: Time Square|Stealth Rock|[from] move: Rapid Spin|[of] p2a: Forretress
|
|-heal|p1a: Swampert|237\/401|[from] item: Leftovers
|-heal|p2a: Forretress|333\/353|[from] item: Leftovers
|turn|10
|
|move|p1a: Swampert|Scald|p2a: Forretress
|-damage|p2a: Forretress|206\/353
|move|p2a: Forretress|Toxic Spikes|p1a: Swampert
|-sidestart|p1: kokoloko|move: Toxic Spikes
|
|-heal|p1a: Swampert|262\/401|[from] item: Leftovers
|-heal|p2a: Forretress|228\/353|[from] item: Leftovers
|turn|11
|
|switch|p2a: Sableye|Sableye, F|303\/303
|move|p1a: Swampert|Scald|p2a: Sableye
|-damage|p2a: Sableye|194\/303
|
|-heal|p1a: Swampert|287\/401|[from] item: Leftovers
|turn|12
|
|detailschange|p2a: Sableye|Sableye-Mega, F
|message|Sableye has Mega Evolved into Mega Sableye!
|move|p2a: Sableye|Recover|p2a: Sableye
|-heal|p2a: Sableye|303\/303
|move|p1a: Swampert|Scald|p2a: Sableye
|-damage|p2a: Sableye|224\/303
|
|-heal|p1a: Swampert|312\/401|[from] item: Leftovers
|turn|13
|
|switch|p1a: Florges|Florges, F|359\/359
|-status|p1a: Florges|psn
|move|p2a: Sableye|Will-O-Wisp|p1a: Florges
|-fail|p1a: Florges
|
|-damage|p1a: Florges|315\/359 psn|[from] psn
|turn|14
|c| African Elephant|wait kokoloko
|
|switch|p2a: Florges|Florges, F|359\/359
|move|p1a: Florges|Moonblast|p2a: Florges
|-crit|p2a: Florges
|-damage|p2a: Florges|221\/359
|-unboost|p2a: Florges|spa|1
|
|-heal|p2a: Florges|243\/359|[from] item: Leftovers
|-heal|p1a: Florges|337\/359 psn|[from] item: Leftovers
|-damage|p1a: Florges|293\/359 psn|[from] psn
|turn|15
|
|move|p2a: Florges|Aromatherapy|p2a: Florges
|-cureteam|p2a: Florges|[from] move: Aromatherapy
|move|p1a: Florges|Aromatherapy|p1a: Florges
|-cureteam|p1a: Florges|[from] move: Aromatherapy
|
|-heal|p2a: Florges|265\/359|[from] item: Leftovers
|-heal|p1a: Florges|315\/359|[from] item: Leftovers
|turn|16
|
|switch|p1a: Crobat|Crobat, F|343\/343
|move|p2a: Florges|Wish|p2a: Florges
|
|-heal|p2a: Florges|287\/359|[from] item: Leftovers
|turn|17
|
|switch|p2a: Forretress|Forretress, F|228\/353
|move|p1a: Crobat|Defog|p2a: Forretress
|-unboost|p2a: Forretress|evasion|1
|-sideend|p1: kokoloko|Toxic Spikes|[from] move: Defog|[of] p1a: Crobat
|
|-heal|p2a: Forretress|353\/353|[from] move: Wish|[wisher] Florges
|turn|18
|
|move|p1a: Crobat|Taunt|p2a: Forretress
|-start|p2a: Forretress|move: Taunt
|move|p2a: Forretress|Gyro Ball|p1a: Crobat
|-damage|p1a: Crobat|186\/343
|
|-heal|p1a: Crobat|207\/343|[from] item: Black Sludge
|turn|19
|
|switch|p2a: Sableye|Sableye-Mega, F|224\/303
|move|p1a: Crobat|Roost|p1a: Crobat
|-heal|p1a: Crobat|343\/343
|
|turn|20
|
|switch|p1a: Diancie|Diancie|241\/241
|move|p2a: Sableye|Recover|p2a: Sableye
|-heal|p2a: Sableye|303\/303
|
|turn|21
|
|switch|p2a: Swampert|Swampert, M|401\/401
|detailschange|p1a: Diancie|Diancie-Mega
|message|Diancie has Mega Evolved into Mega Diancie!
|move|p1a: Diancie|Moonblast|p2a: Swampert
|-damage|p2a: Swampert|170\/401
|
|-heal|p2a: Swampert|195\/401|[from] item: Leftovers
|turn|22
|
|switch|p2a: Snorlax|Snorlax, M|497\/497
|move|p1a: Diancie|Moonblast|p2a: Snorlax
|-damage|p2a: Snorlax|335\/497
|
|-heal|p2a: Snorlax|366\/497|[from] item: Leftovers
|turn|23
|
|move|p1a: Diancie|Diamond Storm|p2a: Snorlax
|-damage|p2a: Snorlax|167\/497
|-boost|p1a: Diancie|def|1
|move|p2a: Snorlax|Body Slam|p1a: Diancie
|-resisted|p1a: Diancie
|-damage|p1a: Diancie|205\/241
|-status|p1a: Diancie|par
|
|-heal|p2a: Snorlax|198\/497|[from] item: Leftovers
|turn|24
|
|switch|p2a: Swampert|Swampert, M|195\/401
|move|p1a: Diancie|Diamond Storm|p2a: Swampert
|-miss|p1a: Diancie|p2a: Swampert
|
|-heal|p2a: Swampert|220\/401|[from] item: Leftovers
|turn|25
|
|switch|p1a: Florges|Florges, F|315\/359
|move|p2a: Swampert|Scald|p1a: Florges
|-damage|p1a: Florges|255\/359
|-status|p1a: Florges|brn
|
|-heal|p1a: Florges|277\/359 brn|[from] item: Leftovers
|-heal|p2a: Swampert|245\/401|[from] item: Leftovers
|-damage|p1a: Florges|233\/359 brn|[from] brn
|turn|26
|
|switch|p2a: Cresselia|Cresselia, F|443\/443
|move|p1a: Florges|Aromatherapy|p1a: Florges
|-cureteam|p1a: Florges|[from] move: Aromatherapy
|
|-heal|p1a: Florges|255\/359|[from] item: Leftovers
|turn|27
|
|move|p2a: Cresselia|Calm Mind|p2a: Cresselia
|-boost|p2a: Cresselia|spa|1
|-boost|p2a: Cresselia|spd|1
|move|p1a: Florges|Calm Mind|p1a: Florges
|-boost|p1a: Florges|spa|1
|-boost|p1a: Florges|spd|1
|
|-heal|p1a: Florges|277\/359|[from] item: Leftovers
|turn|28
|
|switch|p1a: Jirachi|Jirachi|284\/341
|move|p2a: Cresselia|Ice Beam|p1a: Jirachi
|-resisted|p1a: Jirachi
|-damage|p1a: Jirachi|245\/341
|
|turn|29
|
|switch|p2a: Sableye|Sableye-Mega, F|303\/303
|move|p1a: Jirachi|Trick|p2a: Sableye
|-fail|p2a: Sableye
|
|turn|30
|
|switch|p1a: Diancie|Diancie-Mega|205\/241
|switch|p2a: Forretress|Forretress, F|353\/353
|
|turn|31
|
|switch|p1a: Swampert|Swampert, F|312\/401
|move|p2a: Forretress|Gyro Ball|p1a: Swampert
|-crit|p1a: Swampert
|-resisted|p1a: Swampert
|-damage|p1a: Swampert|284\/401
|
|-heal|p1a: Swampert|309\/401|[from] item: Leftovers
|turn|32
|
|move|p1a: Swampert|Scald|p2a: Forretress
|-damage|p2a: Forretress|226\/353
|move|p2a: Forretress|Toxic Spikes|p1a: Swampert
|-sidestart|p1: kokoloko|move: Toxic Spikes
|
|-heal|p1a: Swampert|334\/401|[from] item: Leftovers
|-heal|p2a: Forretress|248\/353|[from] item: Leftovers
|turn|33
|
|switch|p2a: Florges|Florges, F|287\/359
|move|p1a: Swampert|Stealth Rock|p2a: Florges
|-sidestart|p2: Time Square|move: Stealth Rock
|
|-heal|p2a: Florges|309\/359|[from] item: Leftovers
|-heal|p1a: Swampert|359\/401|[from] item: Leftovers
|turn|34
|
|switch|p1a: Florges|Florges, F|277\/359
|-status|p1a: Florges|psn
|move|p2a: Florges|Wish|p2a: Florges
|
|-heal|p2a: Florges|331\/359|[from] item: Leftovers
|-heal|p1a: Florges|299\/359 psn|[from] item: Leftovers
|-damage|p1a: Florges|255\/359 psn|[from] psn
|turn|35
|
|switch|p2a: Snorlax|Snorlax, M|198\/497
|-damage|p2a: Snorlax|136\/497|[from] Stealth Rock
|move|p1a: Florges|Synthesis|p1a: Florges
|-heal|p1a: Florges|359\/359 psn
|
|-heal|p2a: Snorlax|315\/497|[from] move: Wish|[wisher] Florges
|-heal|p2a: Snorlax|346\/497|[from] item: Leftovers
|-damage|p1a: Florges|315\/359 psn|[from] psn
|turn|36
|
|move|p1a: Florges|Calm Mind|p1a: Florges
|-boost|p1a: Florges|spa|1
|-boost|p1a: Florges|spd|1
|move|p2a: Snorlax|Curse|p2a: Snorlax
|-boost|p2a: Snorlax|atk|1
|-boost|p2a: Snorlax|def|1
|-unboost|p2a: Snorlax|spe|1
|
|-heal|p1a: Florges|337\/359 psn|[from] item: Leftovers
|-heal|p2a: Snorlax|377\/497|[from] item: Leftovers
|-damage|p1a: Florges|293\/359 psn|[from] psn
|turn|37
|
|move|p1a: Florges|Moonblast|p2a: Snorlax
|-damage|p2a: Snorlax|245\/497
|-unboost|p2a: Snorlax|spa|1
|move|p2a: Snorlax|Body Slam|p1a: Florges
|-damage|p1a: Florges|149\/359 psn
|
|-heal|p1a: Florges|171\/359 psn|[from] item: Leftovers
|-heal|p2a: Snorlax|276\/497|[from] item: Leftovers
|-damage|p1a: Florges|127\/359 psn|[from] psn
|turn|38
|
|move|p1a: Florges|Moonblast|p2a: Snorlax
|-damage|p2a: Snorlax|137\/497
|move|p2a: Snorlax|Earthquake|p1a: Florges
|-damage|p1a: Florges|13\/359 psn
|
|-heal|p1a: Florges|35\/359 psn|[from] item: Leftovers
|-heal|p2a: Snorlax|168\/497|[from] item: Leftovers
|-damage|p1a: Florges|0 fnt|[from] psn
|faint|p1a: Florges
|
|switch|p1a: Diancie|Diancie-Mega|205\/241
|-status|p1a: Diancie|psn
|turn|39
|
|move|p1a: Diancie|Diamond Storm|p2a: Snorlax
|-damage|p2a: Snorlax|24\/497
|move|p2a: Snorlax|Earthquake|p1a: Diancie
|-supereffective|p1a: Diancie
|-damage|p1a: Diancie|0 fnt
|faint|p1a: Diancie
|
|-heal|p2a: Snorlax|55\/497|[from] item: Leftovers
|
|switch|p1a: Crobat|Crobat, F|343\/343
|turn|40
|
|move|p1a: Crobat|Brave Bird|p2a: Snorlax
|-damage|p2a: Snorlax|0 fnt
|-damage|p1a: Crobat|325\/343|[from] recoil|[of] p2a: Snorlax
|faint|p2a: Snorlax
|
|-heal|p1a: Crobat|343\/343|[from] item: Black Sludge
|
|switch|p2a: Forretress|Forretress, F|248\/353
|-damage|p2a: Forretress|204\/353|[from] Stealth Rock
|turn|41
|
|move|p1a: Crobat|Brave Bird|p2a: Forretress
|-damage|p2a: Forretress|117\/353
|-damage|p1a: Crobat|314\/343|[from] recoil|[of] p2a: Forretress
|move|p2a: Forretress|Gyro Ball|p1a: Crobat
|-damage|p1a: Crobat|140\/343
|
|-heal|p1a: Crobat|161\/343|[from] item: Black Sludge
|-heal|p2a: Forretress|139\/353|[from] item: Leftovers
|turn|42
|
|move|p1a: Crobat|Roost|p1a: Crobat
|-heal|p1a: Crobat|333\/343
|move|p2a: Forretress|Gyro Ball|p1a: Crobat
|-crit|p1a: Crobat
|-damage|p1a: Crobat|104\/343
|
|-heal|p1a: Crobat|125\/343|[from] item: Black Sludge
|-heal|p2a: Forretress|161\/353|[from] item: Leftovers
|turn|43
|
|move|p1a: Crobat|Roost|p1a: Crobat
|-heal|p1a: Crobat|297\/343
|move|p2a: Forretress|Pain Split|p1a: Crobat
|-sethp|p1a: Crobat|229\/343|p2a: Forretress|229\/353|[from] move: Pain Split
|
|-heal|p1a: Crobat|250\/343|[from] item: Black Sludge
|-heal|p2a: Forretress|251\/353|[from] item: Leftovers
|turn|44
|
|move|p1a: Crobat|Defog|p2a: Forretress
|-unboost|p2a: Forretress|evasion|1
|-sideend|p2: Time Square|Stealth Rock|[from] move: Defog|[of] p2a: Forretress
|-sideend|p1: kokoloko|Toxic Spikes|[from] move: Defog|[of] p1a: Crobat
|move|p2a: Forretress|Rapid Spin|p1a: Crobat
|-crit|p1a: Crobat
|-damage|p1a: Crobat|225\/343
|
|-heal|p1a: Crobat|246\/343|[from] item: Black Sludge
|-heal|p2a: Forretress|273\/353|[from] item: Leftovers
|turn|45
|
|move|p1a: Crobat|Roost|p1a: Crobat
|-heal|p1a: Crobat|343\/343
|move|p2a: Forretress|Gyro Ball|p1a: Crobat
|-damage|p1a: Crobat|171\/343
|
|-heal|p1a: Crobat|192\/343|[from] item: Black Sludge
|-heal|p2a: Forretress|295\/353|[from] item: Leftovers
|turn|46
|
|move|p1a: Crobat|Roost|p1a: Crobat
|-heal|p1a: Crobat|343\/343
|move|p2a: Forretress|Toxic Spikes|p1a: Crobat
|-sidestart|p1: kokoloko|move: Toxic Spikes
|
|-heal|p2a: Forretress|317\/353|[from] item: Leftovers
|turn|47
|
|switch|p2a: Swampert|Swampert, M|245\/401
|move|p1a: Crobat|Defog|p2a: Swampert
|-unboost|p2a: Swampert|evasion|1
|-sideend|p1: kokoloko|Toxic Spikes|[from] move: Defog|[of] p1a: Crobat
|
|-heal|p2a: Swampert|270\/401|[from] item: Leftovers
|turn|48
|
|switch|p1a: Shaymin|Shaymin|341\/341
|move|p2a: Swampert|Scald|p1a: Shaymin
|-resisted|p1a: Shaymin
|-damage|p1a: Shaymin|302\/341
|-status|p1a: Shaymin|brn
|
|-heal|p2a: Swampert|295\/401|[from] item: Leftovers
|-damage|p1a: Shaymin|260\/341 brn|[from] brn
|turn|49
|
|switch|p2a: Florges|Florges, F|331\/359
|move|p1a: Shaymin|Seed Flare|p2a: Florges
|-damage|p2a: Florges|158\/359
|-unboost|p2a: Florges|spd|2
|-damage|p1a: Shaymin|226\/341 brn|[from] item: Life Orb
|
|-heal|p2a: Florges|180\/359|[from] item: Leftovers
|-damage|p1a: Shaymin|184\/341 brn|[from] brn
|turn|50
|
|move|p2a: Florges|Protect|p2a: Florges
|-singleturn|p2a: Florges|Protect
|move|p1a: Shaymin|Synthesis|p1a: Shaymin
|-heal|p1a: Shaymin|341\/341 brn
|
|-heal|p2a: Florges|202\/359|[from] item: Leftovers
|-damage|p1a: Shaymin|299\/341 brn|[from] brn
|turn|51
|
|switch|p2a: Forretress|Forretress, F|317\/353
|move|p1a: Shaymin|Seed Flare|p2a: Forretress
|-resisted|p2a: Forretress
|-damage|p2a: Forretress|229\/353
|-damage|p1a: Shaymin|265\/341 brn|[from] item: Life Orb
|
|-heal|p2a: Forretress|251\/353|[from] item: Leftovers
|-damage|p1a: Shaymin|223\/341 brn|[from] brn
|turn|52
|
|switch|p1a: Crobat|Crobat, F|343\/343
|switch|p2a: Florges|Florges, F|202\/359
|
|-heal|p2a: Florges|224\/359|[from] item: Leftovers
|turn|53
|
|move|p1a: Crobat|Brave Bird|p2a: Florges
|-damage|p2a: Florges|83\/359
|-damage|p1a: Crobat|296\/343|[from] recoil|[of] p2a: Florges
|move|p2a: Florges|Wish|p2a: Florges
|
|-heal|p1a: Crobat|317\/343|[from] item: Black Sludge
|-heal|p2a: Florges|105\/359|[from] item: Leftovers
|turn|54
|
|move|p2a: Florges|Protect|p2a: Florges
|-singleturn|p2a: Florges|Protect
|move|p1a: Crobat|Taunt|p2a: Florges
|-activate|p2a: Florges|Protect
|
|-heal|p2a: Florges|284\/359|[from] move: Wish|[wisher] Florges
|-heal|p1a: Crobat|338\/343|[from] item: Black Sludge
|-heal|p2a: Florges|306\/359|[from] item: Leftovers
|turn|55
|
|switch|p2a: Sableye|Sableye-Mega, F|303\/303
|move|p1a: Crobat|Brave Bird|p2a: Sableye
|-damage|p2a: Sableye|209\/303
|-damage|p1a: Crobat|307\/343|[from] recoil|[of] p2a: Sableye
|
|-heal|p1a: Crobat|328\/343|[from] item: Black Sludge
|turn|56
|
|switch|p1a: Shaymin|Shaymin|223\/341
|move|p2a: Sableye|Will-O-Wisp|p1a: Shaymin
|-status|p1a: Shaymin|brn
|
|-damage|p1a: Shaymin|181\/341 brn|[from] brn
|turn|57
|
|switch|p2a: Forretress|Forretress, F|251\/353
|move|p1a: Shaymin|Synthesis|p1a: Shaymin
|-heal|p1a: Shaymin|341\/341 brn
|
|-heal|p2a: Forretress|273\/353|[from] item: Leftovers
|-damage|p1a: Shaymin|299\/341 brn|[from] brn
|turn|58
|
|switch|p1a: Crobat|Crobat, F|328\/343
|move|p2a: Forretress|Gyro Ball|p1a: Crobat
|-damage|p1a: Crobat|165\/343
|
|-heal|p1a: Crobat|186\/343|[from] item: Black Sludge
|-heal|p2a: Forretress|295\/353|[from] item: Leftovers
|turn|59
|
|move|p1a: Crobat|Roost|p1a: Crobat
|-heal|p1a: Crobat|343\/343
|move|p2a: Forretress|Toxic Spikes|p1a: Crobat
|-sidestart|p1: kokoloko|move: Toxic Spikes
|
|-heal|p2a: Forretress|317\/353|[from] item: Leftovers
|turn|60
|
|move|p1a: Crobat|Defog|p2a: Forretress
|-unboost|p2a: Forretress|evasion|1
|-sideend|p1: kokoloko|Toxic Spikes|[from] move: Defog|[of] p1a: Crobat
|move|p2a: Forretress|Toxic Spikes|p1a: Crobat
|-sidestart|p1: kokoloko|move: Toxic Spikes
|
|-heal|p2a: Forretress|339\/353|[from] item: Leftovers
|turn|61
|
|switch|p2a: Sableye|Sableye-Mega, F|209\/303
|move|p1a: Crobat|Defog|p2a: Sableye
|move|p2a: Sableye|Defog|p1a: Crobat|[from]Magic Bounce
|-unboost|p1a: Crobat|evasion|1
|-sideend|p1: kokoloko|Toxic Spikes|[from] move: Defog|[of] p1a: Crobat
|
|turn|62
|
|switch|p1a: Shaymin|Shaymin|299\/341
|move|p2a: Sableye|Will-O-Wisp|p1a: Shaymin
|-status|p1a: Shaymin|brn
|
|-damage|p1a: Shaymin|257\/341 brn|[from] brn
|turn|63
|c|âTime Square|lagtest
|
|switch|p2a: Florges|Florges, F|306\/359
|move|p1a: Shaymin|Seed Flare|p2a: Florges
|-damage|p2a: Florges|146\/359
|-damage|p1a: Shaymin|223\/341 brn|[from] item: Life Orb
|
|-heal|p2a: Florges|168\/359|[from] item: Leftovers
|-damage|p1a: Shaymin|181\/341 brn|[from] brn
|turn|64
|
|move|p2a: Florges|Protect|p2a: Florges
|-singleturn|p2a: Florges|Protect
|move|p1a: Shaymin|Seed Flare|p2a: Florges
|-activate|p2a: Florges|Protect
|
|-heal|p2a: Florges|190\/359|[from] item: Leftovers
|-damage|p1a: Shaymin|139\/341 brn|[from] brn
|turn|65
|
|switch|p1a: Crobat|Crobat, F|343\/343
|move|p2a: Florges|Moonblast|p1a: Crobat
|-resisted|p1a: Crobat
|-damage|p1a: Crobat|276\/343
|
|-heal|p1a: Crobat|297\/343|[from] item: Black Sludge
|-heal|p2a: Florges|212\/359|[from] item: Leftovers
|turn|66
|
|switch|p2a: Sableye|Sableye-Mega, F|209\/303
|move|p1a: Crobat|Brave Bird|p2a: Sableye
|-damage|p2a: Sableye|109\/303
|-damage|p1a: Crobat|264\/343|[from] recoil|[of] p2a: Sableye
|
|-heal|p1a: Crobat|285\/343|[from] item: Black Sludge
|turn|67
|
|move|p1a: Crobat|Brave Bird|p2a: Sableye
|-damage|p2a: Sableye|12\/303
|-damage|p1a: Crobat|253\/343|[from] recoil|[of] p2a: Sableye
|move|p2a: Sableye|Recover|p2a: Sableye
|-heal|p2a: Sableye|164\/303
|
|-heal|p1a: Crobat|274\/343|[from] item: Black Sludge
|turn|68
|
|switch|p1a: Shaymin|Shaymin|139\/341
|move|p2a: Sableye|Taunt|p1a: Shaymin
|-start|p1a: Shaymin|move: Taunt
|
|turn|69
|
|switch|p1a: Swampert|Swampert, F|359\/401
|switch|p2a: Forretress|Forretress, F|339\/353
|
|-heal|p1a: Swampert|384\/401|[from] item: Leftovers
|-heal|p2a: Forretress|353\/353|[from] item: Leftovers
|turn|70
|
|switch|p1a: Crobat|Crobat, F|274\/343
|move|p2a: Forretress|Toxic Spikes|p1a: Crobat
|-sidestart|p1: kokoloko|move: Toxic Spikes
|
|-heal|p1a: Crobat|295\/343|[from] item: Black Sludge
|turn|71
|
|switch|p2a: Cresselia|Cresselia, F|443\/443
|move|p1a: Crobat|Defog|p2a: Cresselia
|-unboost|p2a: Cresselia|evasion|1
|-sideend|p1: kokoloko|Toxic Spikes|[from] move: Defog|[of] p1a: Crobat
|
|-heal|p1a: Crobat|316\/343|[from] item: Black Sludge
|turn|72
|
|switch|p1a: Jirachi|Jirachi|245\/341
|move|p2a: Cresselia|Psyshock|p1a: Jirachi
|-resisted|p1a: Jirachi
|-damage|p1a: Jirachi|226\/341
|
|turn|73
|
|move|p1a: Jirachi|U-turn|p2a: Cresselia
|-supereffective|p2a: Cresselia
|-damage|p2a: Cresselia|359\/443
|-message|kokoloko forfeited.
|
|win|Time Square
|raw|Ladder updating...
|leave|kokoloko
|player|p1
|raw|kokoloko's rating: 1406 &rarr; <strong>1394<\/strong><br \/>(-12 for losing)
|raw|Time Square's rating: 1541 &rarr; <strong>1554<\/strong><br \/>(+13 for winning)