|join|kokoloko
|join|fuc boii
|player|p1|kokoloko|169
|player|p2|fuc boii|20
|gametype|singles
|gen|6
|tier|UU
|rated
|rule|Sleep Clause Mod: Limit one foe put to sleep
|rule|Species Clause: Limit one of each PokÃ©mon
|rule|OHKO Clause: OHKO moves are banned
|rule|Moody Clause: Moody is banned
|rule|Evasion Moves Clause: Evasion moves are banned
|rule|Endless Battle Clause: Forcing endless battles is banned
|rule|HP Percentage Mod: HP is shown in percentages
|clearpoke
|poke|p1|Pidgeot, F
|poke|p1|Starmie
|poke|p1|Krookodile, M, shiny
|poke|p1|Crobat, M
|poke|p1|Whimsicott, F, shiny
|poke|p1|Jirachi
|poke|p2|Aerodactyl, F
|poke|p2|Raikou
|poke|p2|Hydreigon, M
|poke|p2|Roserade, M
|poke|p2|Swampert, M
|poke|p2|Florges, F
|rule|Swagger Clause: Swagger is banned
|rule|Baton Pass Clause: Limit one PokÃ©mon knowing Baton Pass
|teampreview
|
|start
|switch|p1a: TheRightItem|Pidgeot, F|307\/307
|switch|p2a: Raikou|Raikou|321\/321
|-ability|p2a: Raikou|Pressure
|turn|1
|
|switch|p1a: FuckinWithMyMoxie|Krookodile, M, shiny|331\/331
|-ability|p1a: FuckinWithMyMoxie|Intimidate|[of] p2a: Raikou
|-unboost|p2a: Raikou|atk|1
|move|p2a: Raikou|Volt Switch|p1a: FuckinWithMyMoxie
|-immune|p1a: FuckinWithMyMoxie|[msg]
|
|turn|2
|
|switch|p2a: Aerodactyl|Aerodactyl, F|301\/301
|-ability|p2a: Aerodactyl|Unnerve|p1: kokoloko
|move|p1a: FuckinWithMyMoxie|Stealth Rock|p2a: Aerodactyl
|-sidestart|p2: fuc boii|move: Stealth Rock
|
|turn|3
|
|switch|p1a: HomieJirachi|Jirachi|341\/341
|detailschange|p2a: Aerodactyl|Aerodactyl-Mega, F
|-mega|p2a: Aerodactyl|Aerodactyl|Aerodactylite
|move|p2a: Aerodactyl|Aqua Tail|p1a: HomieJirachi
|-damage|p1a: HomieJirachi|185\/341
|
|turn|4
|
|move|p1a: HomieJirachi|U-turn|p2a: Aerodactyl
|-resisted|p2a: Aerodactyl
|-damage|p2a: Aerodactyl|262\/301
|
|move|p2a: Aerodactyl|Pursuit|p1a: HomieJirachi|[from]Pursuit
|-supereffective|p1a: HomieJirachi
|-damage|p1a: HomieJirachi|0 fnt
|faint|p1a: HomieJirachi
|
|
|switch|p1a: ClapSlow|Whimsicott, F, shiny|323\/323
|turn|5
|
|move|p2a: Aerodactyl|Aerial Ace|p1a: ClapSlow
|-supereffective|p1a: ClapSlow
|-damage|p1a: ClapSlow|83\/323
|move|p1a: ClapSlow|U-turn|p2a: Aerodactyl
|-resisted|p2a: Aerodactyl
|-damage|p2a: Aerodactyl|240\/301
|join|Panda Queen
|
|switch|p1a: ICanSenseIt|Starmie|323\/323
|
|turn|6
|
|switch|p2a: Florges|Florges, F|359\/359
|-damage|p2a: Florges|315\/359|[from] Stealth Rock
|move|p1a: ICanSenseIt|Scald|p2a: Florges
|-damage|p2a: Florges|260\/359
|
|-heal|p2a: Florges|282\/359|[from] item: Leftovers
|turn|7
|
|switch|p1a: DarkAndFly|Crobat, M|373\/373
|switch|p2a: Raikou|Raikou|321\/321
|-damage|p2a: Raikou|281\/321|[from] Stealth Rock
|-ability|p2a: Raikou|Pressure
|
|turn|8
|
|move|p1a: DarkAndFly|U-turn|p2a: Raikou
|-damage|p2a: Raikou|216\/321
|
|switch|p1a: ICanSenseIt|Starmie|323\/323
|move|p2a: Raikou|Volt Switch|p1a: ICanSenseIt
|-supereffective|p1a: ICanSenseIt
|-damage|p1a: ICanSenseIt|0 fnt
|faint|p1a: ICanSenseIt
|c|âkokoloko|o_k
|
|switch|p2a: Hydreigon|Hydreigon, M|325\/325
|-damage|p2a: Hydreigon|285\/325|[from] Stealth Rock
|
|
|switch|p1a: TheRightItem|Pidgeot, F|307\/307
|turn|9
|
|detailschange|p1a: TheRightItem|Pidgeot-Mega, F
|-mega|p1a: TheRightItem|Pidgeot|Pidgeotite
|move|p2a: Hydreigon|Dark Pulse|p1a: TheRightItem
|-damage|p1a: TheRightItem|148\/307
|cant|p1a: TheRightItem|flinch
|
|turn|10
|c|âfuc boii|ouch
|c|âfuc boii|sorry g
|-message|kokoloko forfeited.
|
|win|fuc boii
|raw|Ladder updating...
|leave|kokoloko
|player|p1
|raw|kokoloko's rating: 1623 &rarr; <strong>1589<\/strong><br \/>(-34 for losing)
|raw|fuc boii's rating: 1323 &rarr; <strong>1357<\/strong><br \/>(+34 for winning)
|leave|Panda Queen