|join|kokoloko
|join|sharkpedo
|player|p1|kokoloko|169
|player|p2|sharkpedo|238
|gametype|singles
|gen|6
|tier|UU
|rated
|rule|Sleep Clause Mod: Limit one foe put to sleep
|rule|Species Clause: Limit one of each PokÃ©mon
|rule|OHKO Clause: OHKO moves are banned
|rule|Moody Clause: Moody is banned
|rule|Evasion Moves Clause: Evasion moves are banned
|rule|Endless Battle Clause: Forcing endless battles is banned
|rule|HP Percentage Mod: HP is shown in percentages
|clearpoke
|poke|p1|Hydreigon, F
|poke|p1|Froslass, F, shiny
|poke|p1|Swampert, F
|poke|p1|Sableye, F, shiny
|poke|p1|Lucario, M
|poke|p1|Crobat, M
|poke|p2|Jirachi
|poke|p2|Aerodactyl, M
|poke|p2|Florges, F
|poke|p2|Rotom-Mow
|poke|p2|Mienshao, M
|poke|p2|Hydreigon, F
|rule|Swagger Clause: Swagger is banned
|rule|Baton Pass Clause: Limit one PokÃ©mon knowing Baton Pass
|teampreview
|join|JeyTheGrey
|
|start
|switch|p1a: Froslass|Froslass, F, shiny|281\/281
|switch|p2a: Mienshao|Mienshao, M|271\/271
|turn|1
|
|move|p2a: Mienshao|Knock Off|p1a: Froslass
|-supereffective|p1a: Froslass
|-damage|p1a: Froslass|5\/281
|-start|p2a: Mienshao|Disable|Knock Off
|-enditem|p1a: Froslass|Focus Sash|[from] move: Knock Off|[of] p2a: Mienshao
|move|p1a: Froslass|Spikes|p2a: Mienshao
|-sidestart|p2: sharkpedo|Spikes
|
|turn|2
|
|-activate|p2a: Mienshao|move: Struggle
|move|p2a: Mienshao|Struggle|p1a: Froslass
|-damage|p1a: Froslass|0 fnt
|-damage|p2a: Mienshao|204\/271
|faint|p1a: Froslass
|
|
|switch|p1a: Swampert|Swampert, F|401\/401
|turn|3
|
|switch|p2a: Rotom-Mow|Rotom-Mow|241\/241
|move|p1a: Swampert|Stealth Rock|p2a: Rotom-Mow
|-sidestart|p2: sharkpedo|move: Stealth Rock
|
|turn|4
|
|switch|p1a: Hydreigon|Hydreigon, F|325\/325
|move|p2a: Rotom-Mow|Volt Switch|p1a: Hydreigon
|-resisted|p1a: Hydreigon
|-damage|p1a: Hydreigon|239\/325
|
|switch|p2a: Mienshao|Mienshao, M|204\/271
|-damage|p2a: Mienshao|171\/271|[from] Spikes
|-damage|p2a: Mienshao|155\/271|[from] Stealth Rock
|
|turn|5
|
|switch|p1a: Crobat|Crobat, M|343\/343
|move|p2a: Mienshao|U-turn|p1a: Crobat
|-resisted|p1a: Crobat
|-damage|p1a: Crobat|318\/343
|
|switch|p2a: Aerodactyl|Aerodactyl, M|301\/301
|-damage|p2a: Aerodactyl|226\/301|[from] Stealth Rock
|-ability|p2a: Aerodactyl|Pressure
|
|-heal|p1a: Crobat|339\/343|[from] item: Black Sludge
|turn|6
|
|detailschange|p2a: Aerodactyl|Aerodactyl-Mega, M
|message|Aerodactyl has Mega Evolved into Mega Aerodactyl!
|move|p1a: Crobat|Taunt|p2a: Aerodactyl
|-start|p2a: Aerodactyl|move: Taunt
|move|p2a: Aerodactyl|Stone Edge|p1a: Crobat
|-supereffective|p1a: Crobat
|-damage|p1a: Crobat|0 fnt
|faint|p1a: Crobat
|
|
|switch|p1a: Swampert|Swampert, F|401\/401
|turn|7
|
|move|p2a: Aerodactyl|Earthquake|p1a: Swampert
|-crit|p1a: Swampert
|-damage|p1a: Swampert|251\/401
|move|p1a: Swampert|Scald|p2a: Aerodactyl
|-supereffective|p2a: Aerodactyl
|-damage|p2a: Aerodactyl|68\/301
|
|-heal|p1a: Swampert|276\/401|[from] item: Leftovers
|turn|8
|
|move|p2a: Aerodactyl|Earthquake|p1a: Swampert
|-damage|p1a: Swampert|177\/401
|move|p1a: Swampert|Roar|p2a: Aerodactyl
|drag|p2a: Hydreigon|Hydreigon, F|325\/325
|-damage|p2a: Hydreigon|285\/325|[from] Stealth Rock
|
|-heal|p1a: Swampert|202\/401|[from] item: Leftovers
|turn|9
|
|switch|p1a: Sableye|Sableye, F, shiny|303\/303
|move|p2a: Hydreigon|Dark Pulse|p1a: Sableye
|-damage|p1a: Sableye|122\/303
|-damage|p2a: Hydreigon|253\/325|[from] item: Life Orb
|
|-heal|p1a: Sableye|140\/303|[from] item: Leftovers
|turn|10
|
|move|p1a: Sableye|Will-O-Wisp|p2a: Hydreigon
|-status|p2a: Hydreigon|brn
|move|p2a: Hydreigon|Dark Pulse|p1a: Sableye
|-damage|p1a: Sableye|0 fnt
|-damage|p2a: Hydreigon|221\/325 brn|[from] item: Life Orb
|faint|p1a: Sableye
|
|-damage|p2a: Hydreigon|181\/325 brn|[from] brn
|
|switch|p1a: Hydreigon|Hydreigon, F|239\/325
|turn|11
|
|move|p1a: Hydreigon|U-turn|p2a: Hydreigon
|-supereffective|p2a: Hydreigon
|-damage|p2a: Hydreigon|71\/325 brn
|
|switch|p1a: Swampert|Swampert, F|202\/401
|move|p2a: Hydreigon|Draco Meteor|p1a: Swampert
|-damage|p1a: Swampert|0 fnt
|-unboost|p2a: Hydreigon|spa|2
|-damage|p2a: Hydreigon|39\/325 brn|[from] item: Life Orb
|faint|p1a: Swampert
|
|-damage|p2a: Hydreigon|0 fnt|[from] brn
|faint|p2a: Hydreigon
|
|switch|p2a: Aerodactyl|Aerodactyl-Mega, M|68\/301
|-damage|p2a: Aerodactyl|0 fnt|[from] Stealth Rock
|faint|p2a: Aerodactyl
|switch|p1a: Lucario|Lucario, M|281\/281
|
|switch|p2a: Rotom-Mow|Rotom-Mow|241\/241
|-damage|p2a: Rotom-Mow|211\/241|[from] Stealth Rock
|turn|12
|
|switch|p1a: Hydreigon|Hydreigon, F|239\/325
|move|p2a: Rotom-Mow|Volt Switch|p1a: Hydreigon
|-resisted|p1a: Hydreigon
|-damage|p1a: Hydreigon|154\/325
|
|switch|p2a: Mienshao|Mienshao, M|155\/271
|-damage|p2a: Mienshao|139\/271|[from] Stealth Rock
|-damage|p2a: Mienshao|106\/271|[from] Spikes
|
|turn|13
|
|move|p2a: Mienshao|U-turn|p1a: Hydreigon
|-crit|p1a: Hydreigon
|-supereffective|p1a: Hydreigon
|-damage|p1a: Hydreigon|0 fnt
|faint|p1a: Hydreigon
|
|switch|p2a: Rotom-Mow|Rotom-Mow|211\/241
|-damage|p2a: Rotom-Mow|181\/241|[from] Stealth Rock
|
|
|switch|p1a: Lucario|Lucario, M|281\/281
|turn|14
|
|move|p2a: Rotom-Mow|Thunderbolt|p1a: Lucario
|-crit|p1a: Lucario
|-damage|p1a: Lucario|0 fnt
|faint|p1a: Lucario
|
|win|sharkpedo
|raw|Ladder updating...
|raw|kokoloko's rating: 1587 &rarr; <strong>1570<\/strong><br \/>(-17 for losing)
|raw|sharkpedo's rating: 1631 &rarr; <strong>1649<\/strong><br \/>(+18 for winning)
|leave|kokoloko
|player|p1