|join|kokoloko
|join|lapraz
|player|p1|kokoloko|290
|player|p2|lapraz|157
|gametype|singles
|gen|6
|tier|UU
|rated
|rule|Sleep Clause Mod: Limit one foe put to sleep
|rule|Species Clause: Limit one of each PokÃ©mon
|rule|OHKO Clause: OHKO moves are banned
|rule|Moody Clause: Moody is banned
|rule|Evasion Moves Clause: Evasion moves are banned
|rule|Endless Battle Clause: Forcing endless battles is banned
|rule|HP Percentage Mod: HP is shown in percentages
|clearpoke
|poke|p1|Pidgeot, F
|poke|p1|Starmie
|poke|p1|Krookodile, M
|poke|p1|Crobat, M
|poke|p1|Snorlax, F
|poke|p1|Jirachi
|poke|p2|Weezing, F
|poke|p2|Forretress, M
|poke|p2|Suicune
|poke|p2|Celebi
|poke|p2|Blissey, F
|poke|p2|Spiritomb, F
|rule|Swagger Clause: Swagger is banned
|rule|Baton Pass Clause: Limit one PokÃ©mon knowing Baton Pass
|teampreview
|
|start
|switch|p1a: Krookodile|Krookodile, M|331\/331
|switch|p2a: Body and Soul|Forretress, M|354\/354
|-ability|p1a: Krookodile|Intimidate|[of] p2a: Body and Soul
|-unboost|p2a: Body and Soul|atk|1
|turn|1
|
|move|p1a: Krookodile|Knock Off|p2a: Body and Soul
|-damage|p2a: Body and Soul|240\/354
|-enditem|p2a: Body and Soul|Leftovers|[from] move: Knock Off|[of] p1a: Krookodile
|move|p2a: Body and Soul|Toxic|p1a: Krookodile
|-status|p1a: Krookodile|tox
|
|-damage|p1a: Krookodile|311\/331 tox|[from] psn
|turn|2
|
|move|p1a: Krookodile|Earthquake|p2a: Body and Soul
|-damage|p2a: Body and Soul|144\/354
|move|p2a: Body and Soul|Spikes|p1a: Krookodile
|-sidestart|p1: kokoloko|Spikes
|
|-damage|p1a: Krookodile|271\/331 tox|[from] psn
|turn|3
|
|move|p1a: Krookodile|Knock Off|p2a: Body and Soul
|-damage|p2a: Body and Soul|69\/354
|move|p2a: Body and Soul|Spikes|p1a: Krookodile
|-sidestart|p1: kokoloko|Spikes
|
|-damage|p1a: Krookodile|211\/331 tox|[from] psn
|turn|4
|
|switch|p2a: Nardis|Weezing, F|333\/333
|move|p1a: Krookodile|Stealth Rock|p2a: Nardis
|-sidestart|p2: lapraz|move: Stealth Rock
|
|-damage|p1a: Krookodile|131\/331 tox|[from] psn
|turn|5
|
|move|p1a: Krookodile|Knock Off|p2a: Nardis
|-damage|p2a: Nardis|216\/333
|-enditem|p2a: Nardis|Black Sludge|[from] move: Knock Off|[of] p1a: Krookodile
|move|p2a: Nardis|Toxic Spikes|p1a: Krookodile
|-sidestart|p1: kokoloko|move: Toxic Spikes
|
|-damage|p1a: Krookodile|31\/331 tox|[from] psn
|turn|6
|
|switch|p1a: Crobat|Crobat, M|373\/373
|move|p2a: Nardis|Toxic Spikes|p1a: Crobat
|-sidestart|p1: kokoloko|move: Toxic Spikes
|
|turn|7
|
|move|p1a: Crobat|U-turn|p2a: Nardis
|-resisted|p2a: Nardis
|-damage|p2a: Nardis|201\/333
|
|switch|p1a: Pidgeot|Pidgeot, F|307\/307
|move|p2a: Nardis|Will-O-Wisp|p1a: Pidgeot
|-status|p1a: Pidgeot|brn
|
|-damage|p1a: Pidgeot|269\/307 brn|[from] brn
|turn|8
|
|switch|p2a: Bitches Brew|Spiritomb, F|304\/304
|-damage|p2a: Bitches Brew|266\/304|[from] Stealth Rock
|detailschange|p1a: Pidgeot|Pidgeot-Mega, F
|-mega|p1a: Pidgeot|Pidgeot|Pidgeotite
|move|p1a: Pidgeot|U-turn|p2a: Bitches Brew
|-crit|p2a: Bitches Brew
|-damage|p2a: Bitches Brew|239\/304
|
|switch|p1a: Jirachi|Jirachi|341\/341
|-damage|p1a: Jirachi|285\/341|[from] Spikes
|
|-heal|p2a: Bitches Brew|258\/304|[from] item: Leftovers
|turn|9
|
|switch|p2a: Nardis|Weezing, F|201\/333
|-damage|p2a: Nardis|160\/333|[from] Stealth Rock
|move|p1a: Jirachi|Trick|p2a: Nardis
|-activate|p1a: Jirachi|move: Trick|[of] p2a: Nardis
|-item|p2a: Nardis|Choice Scarf|[from] move: Trick
|
|turn|10
|
|move|p1a: Jirachi|Iron Head|p2a: Nardis
|-damage|p2a: Nardis|76\/333
|move|p2a: Nardis|Pain Split|p1a: Jirachi
|-sethp|p1a: Jirachi|180\/341|p2a: Nardis|180\/333|[from] move: Pain Split
|
|turn|11
|
|switch|p2a: Blue in Green|Suicune|404\/404
|-damage|p2a: Blue in Green|354\/404|[from] Stealth Rock
|-ability|p2a: Blue in Green|Pressure
|move|p1a: Jirachi|Trick|p2a: Blue in Green
|-activate|p1a: Jirachi|move: Trick|[of] p2a: Blue in Green
|-item|p1a: Jirachi|Leftovers|[from] move: Trick
|
|-heal|p1a: Jirachi|201\/341|[from] item: Leftovers
|turn|12
|
|move|p1a: Jirachi|Iron Head|p2a: Blue in Green
|-resisted|p2a: Blue in Green
|-damage|p2a: Blue in Green|313\/404
|cant|p2a: Blue in Green|flinch
|
|-heal|p1a: Jirachi|222\/341|[from] item: Leftovers
|turn|13
|
|move|p1a: Jirachi|Iron Head|p2a: Blue in Green
|-resisted|p2a: Blue in Green
|-damage|p2a: Blue in Green|272\/404
|move|p2a: Blue in Green|Scald|p1a: Jirachi
|-damage|p1a: Jirachi|141\/341
|
|-heal|p1a: Jirachi|162\/341|[from] item: Leftovers
|turn|14
|
|move|p1a: Jirachi|Iron Head|p2a: Blue in Green
|-resisted|p2a: Blue in Green
|-damage|p2a: Blue in Green|235\/404
|cant|p2a: Blue in Green|flinch
|
|-heal|p1a: Jirachi|183\/341|[from] item: Leftovers
|turn|15
|
|move|p1a: Jirachi|Iron Head|p2a: Blue in Green
|-resisted|p2a: Blue in Green
|-damage|p2a: Blue in Green|196\/404
|cant|p2a: Blue in Green|flinch
|
|-heal|p1a: Jirachi|204\/341|[from] item: Leftovers
|turn|16
|
|move|p1a: Jirachi|Iron Head|p2a: Blue in Green
|-crit|p2a: Blue in Green
|-resisted|p2a: Blue in Green
|-damage|p2a: Blue in Green|142\/404
|cant|p2a: Blue in Green|flinch
|
|-heal|p1a: Jirachi|225\/341|[from] item: Leftovers
|turn|17
|
|move|p1a: Jirachi|Iron Head|p2a: Blue in Green
|-resisted|p2a: Blue in Green
|-damage|p2a: Blue in Green|100\/404
|cant|p2a: Blue in Green|flinch
|
|-heal|p1a: Jirachi|246\/341|[from] item: Leftovers
|turn|18
|
|move|p1a: Jirachi|Iron Head|p2a: Blue in Green
|-resisted|p2a: Blue in Green
|-damage|p2a: Blue in Green|64\/404
|cant|p2a: Blue in Green|flinch
|
|-heal|p1a: Jirachi|267\/341|[from] item: Leftovers
|turn|19
|
|move|p1a: Jirachi|Iron Head|p2a: Blue in Green
|-resisted|p2a: Blue in Green
|-damage|p2a: Blue in Green|24\/404
|move|p2a: Blue in Green|Rest|p2a: Blue in Green
|-status|p2a: Blue in Green|slp
|-heal|p2a: Blue in Green|404\/404 slp|[silent]
|-status|p2a: Blue in Green|slp|[from] move: Rest
|
|-heal|p1a: Jirachi|288\/341|[from] item: Leftovers
|turn|20
|
|move|p1a: Jirachi|U-turn|p2a: Blue in Green
|-crit|p2a: Blue in Green
|-damage|p2a: Blue in Green|333\/404 slp
|
|switch|p1a: Starmie|Starmie|323\/323
|-damage|p1a: Starmie|270\/323|[from] Spikes
|-status|p1a: Starmie|tox
|cant|p2a: Blue in Green|slp
|move|p2a: Blue in Green|Sleep Talk|p2a: Blue in Green
|move|p2a: Blue in Green|Rest|p2a: Blue in Green|[from]Sleep Talk
|-fail|p2a: Blue in Green
|
|-heal|p1a: Starmie|290\/323 tox|[from] item: Leftovers
|-damage|p1a: Starmie|270\/323 tox|[from] psn
|turn|21
|
|switch|p1a: Jirachi|Jirachi|288\/341
|-damage|p1a: Jirachi|232\/341|[from] Spikes
|switch|p2a: Bitches Brew|Spiritomb, F|258\/304
|-damage|p2a: Bitches Brew|220\/304|[from] Stealth Rock
|
|-heal|p1a: Jirachi|253\/341|[from] item: Leftovers
|-heal|p2a: Bitches Brew|239\/304|[from] item: Leftovers
|turn|22
|
|switch|p2a: Body and Soul|Forretress, M|69\/354
|-damage|p2a: Body and Soul|25\/354|[from] Stealth Rock
|move|p1a: Jirachi|Iron Head|p2a: Body and Soul
|-resisted|p2a: Body and Soul
|-damage|p2a: Body and Soul|0 fnt
|faint|p2a: Body and Soul
|
|-heal|p1a: Jirachi|274\/341|[from] item: Leftovers
|
|switch|p2a: Blue in Green|Suicune|333\/404 slp
|-damage|p2a: Blue in Green|283\/404 slp|[from] Stealth Rock
|-ability|p2a: Blue in Green|Pressure
|turn|23
|
|move|p1a: Jirachi|U-turn|p2a: Blue in Green
|-damage|p2a: Blue in Green|236\/404 slp
|
|switch|p1a: Starmie|Starmie|270\/323
|-status|p1a: Starmie|tox
|-damage|p1a: Starmie|217\/323 tox|[from] Spikes
|cant|p2a: Blue in Green|slp
|move|p2a: Blue in Green|Sleep Talk|p2a: Blue in Green
|move|p2a: Blue in Green|Rest|p2a: Blue in Green|[from]Sleep Talk
|-fail|p2a: Blue in Green
|
|-heal|p1a: Starmie|237\/323 tox|[from] item: Leftovers
|-damage|p1a: Starmie|217\/323 tox|[from] psn
|turn|24
|
|switch|p2a: Bitches Brew|Spiritomb, F|239\/304
|-damage|p2a: Bitches Brew|201\/304|[from] Stealth Rock
|move|p1a: Starmie|Recover|p1a: Starmie
|-heal|p1a: Starmie|323\/323 tox
|
|-heal|p2a: Bitches Brew|220\/304|[from] item: Leftovers
|-damage|p1a: Starmie|283\/323 tox|[from] psn
|turn|25
|
|switch|p1a: Pidgeot|Pidgeot-Mega, F|269\/307 brn
|move|p2a: Bitches Brew|Foul Play|p1a: Pidgeot
|-damage|p1a: Pidgeot|190\/307 brn
|
|-heal|p2a: Bitches Brew|239\/304|[from] item: Leftovers
|-damage|p1a: Pidgeot|152\/307 brn|[from] brn
|turn|26
|
|switch|p2a: My Foolish Heart|Blissey, F|657\/657
|-damage|p2a: My Foolish Heart|575\/657|[from] Stealth Rock
|move|p1a: Pidgeot|Roost|p1a: Pidgeot
|-heal|p1a: Pidgeot|306\/307 brn
|
|-heal|p2a: My Foolish Heart|616\/657|[from] item: Leftovers
|-damage|p1a: Pidgeot|268\/307 brn|[from] brn
|turn|27
|
|move|p1a: Pidgeot|U-turn|p2a: My Foolish Heart
|-crit|p2a: My Foolish Heart
|-damage|p2a: My Foolish Heart|569\/657
|
|switch|p1a: Jirachi|Jirachi|274\/341
|-damage|p1a: Jirachi|218\/341|[from] Spikes
|move|p2a: My Foolish Heart|Seismic Toss|p1a: Jirachi
|-damage|p1a: Jirachi|118\/341
|
|-heal|p1a: Jirachi|139\/341|[from] item: Leftovers
|-heal|p2a: My Foolish Heart|610\/657|[from] item: Leftovers
|turn|28
|
|move|p1a: Jirachi|Iron Head|p2a: My Foolish Heart
|-damage|p2a: My Foolish Heart|387\/657
|cant|p2a: My Foolish Heart|flinch
|
|-heal|p1a: Jirachi|160\/341|[from] item: Leftovers
|-heal|p2a: My Foolish Heart|428\/657|[from] item: Leftovers
|turn|29
|
|move|p2a: My Foolish Heart|Protect|p2a: My Foolish Heart
|-singleturn|p2a: My Foolish Heart|Protect
|move|p1a: Jirachi|Iron Head|p2a: My Foolish Heart
|-activate|p2a: My Foolish Heart|Protect
|
|-heal|p1a: Jirachi|181\/341|[from] item: Leftovers
|-heal|p2a: My Foolish Heart|469\/657|[from] item: Leftovers
|turn|30
|
|switch|p2a: Blue in Green|Suicune|236\/404 slp
|-damage|p2a: Blue in Green|186\/404 slp|[from] Stealth Rock
|-ability|p2a: Blue in Green|Pressure
|move|p1a: Jirachi|Iron Head|p2a: Blue in Green
|-resisted|p2a: Blue in Green
|-damage|p2a: Blue in Green|149\/404 slp
|
|-heal|p1a: Jirachi|202\/341|[from] item: Leftovers
|turn|31
|
|move|p1a: Jirachi|Iron Head|p2a: Blue in Green
|-resisted|p2a: Blue in Green
|-damage|p2a: Blue in Green|110\/404 slp
|-curestatus|p2a: Blue in Green|slp
|move|p2a: Blue in Green|Rest|p2a: Blue in Green
|-status|p2a: Blue in Green|slp
|-heal|p2a: Blue in Green|404\/404 slp|[silent]
|-status|p2a: Blue in Green|slp|[from] move: Rest
|
|-heal|p1a: Jirachi|223\/341|[from] item: Leftovers
|turn|32
|
|move|p1a: Jirachi|U-turn|p2a: Blue in Green
|-damage|p2a: Blue in Green|357\/404 slp
|
|switch|p1a: Starmie|Starmie|283\/323
|-damage|p1a: Starmie|230\/323|[from] Spikes
|-status|p1a: Starmie|tox
|cant|p2a: Blue in Green|slp
|move|p2a: Blue in Green|Sleep Talk|p2a: Blue in Green
|move|p2a: Blue in Green|Rest|p2a: Blue in Green|[from]Sleep Talk
|-fail|p2a: Blue in Green
|
|-heal|p1a: Starmie|250\/323 tox|[from] item: Leftovers
|-damage|p1a: Starmie|230\/323 tox|[from] psn
|turn|33
|
|switch|p1a: Jirachi|Jirachi|223\/341
|-damage|p1a: Jirachi|167\/341|[from] Spikes
|switch|p2a: Bitches Brew|Spiritomb, F|239\/304
|-damage|p2a: Bitches Brew|201\/304|[from] Stealth Rock
|
|-heal|p1a: Jirachi|188\/341|[from] item: Leftovers
|-heal|p2a: Bitches Brew|220\/304|[from] item: Leftovers
|turn|34
|
|move|p1a: Jirachi|Healing Wish|p1a: Jirachi
|faint|p1a: Jirachi
|move|p2a: Bitches Brew|Will-O-Wisp|p1: Jirachi|[notarget]
|-notarget
|
|-heal|p2a: Bitches Brew|239\/304|[from] item: Leftovers
|
|switch|p1a: Krookodile|Krookodile, M|31\/331 tox
|-heal|p1a: Krookodile|331\/331|[from] move: Healing Wish
|-status|p1a: Krookodile|tox
|-damage|p1a: Krookodile|276\/331 tox|[from] Spikes
|-ability|p1a: Krookodile|Intimidate|[of] p2a: Bitches Brew
|-unboost|p2a: Bitches Brew|atk|1
|turn|35
|
|move|p1a: Krookodile|Pursuit|p2a: Bitches Brew|[from]Pursuit
|-damage|p2a: Bitches Brew|83\/304
|switch|p2a: Nardis|Weezing, F|180\/333
|-damage|p2a: Nardis|139\/333|[from] Stealth Rock
|
|-damage|p1a: Krookodile|256\/331 tox|[from] psn
|turn|36
|
|switch|p1a: Starmie|Starmie|230\/323
|-status|p1a: Starmie|tox
|-damage|p1a: Starmie|177\/323 tox|[from] Spikes
|move|p2a: Nardis|Pain Split|p1a: Starmie
|-sethp|p1a: Starmie|158\/323 tox|p2a: Nardis|158\/333|[from] move: Pain Split
|
|-heal|p1a: Starmie|178\/323 tox|[from] item: Leftovers
|-damage|p1a: Starmie|158\/323 tox|[from] psn
|turn|37
|
|switch|p2a: Bitches Brew|Spiritomb, F|83\/304
|-damage|p2a: Bitches Brew|45\/304|[from] Stealth Rock
|move|p1a: Starmie|Scald|p2a: Bitches Brew
|-damage|p2a: Bitches Brew|0 fnt
|faint|p2a: Bitches Brew
|
|-heal|p1a: Starmie|178\/323 tox|[from] item: Leftovers
|-damage|p1a: Starmie|138\/323 tox|[from] psn
|
|switch|p2a: My Foolish Heart|Blissey, F|469\/657
|-damage|p2a: My Foolish Heart|387\/657|[from] Stealth Rock
|turn|38
|
|move|p1a: Starmie|Rapid Spin|p2a: My Foolish Heart
|-damage|p2a: My Foolish Heart|369\/657
|-sideend|p1: kokoloko|Spikes|[from] move: Rapid Spin|[of] p1a: Starmie
|-sideend|p1: kokoloko|Toxic Spikes|[from] move: Rapid Spin|[of] p1a: Starmie
|move|p2a: My Foolish Heart|Seismic Toss|p1a: Starmie
|-damage|p1a: Starmie|38\/323 tox
|
|-heal|p1a: Starmie|58\/323 tox|[from] item: Leftovers
|-heal|p2a: My Foolish Heart|410\/657|[from] item: Leftovers
|-damage|p1a: Starmie|0 fnt|[from] psn
|faint|p1a: Starmie
|
|switch|p1a: Krookodile|Krookodile, M|256\/331 tox
|-ability|p1a: Krookodile|Intimidate|[of] p2a: My Foolish Heart
|-unboost|p2a: My Foolish Heart|atk|1
|turn|39
|
|move|p2a: My Foolish Heart|Protect|p2a: My Foolish Heart
|-singleturn|p2a: My Foolish Heart|Protect
|move|p1a: Krookodile|Knock Off|p2a: My Foolish Heart
|-activate|p2a: My Foolish Heart|Protect
|
|-heal|p2a: My Foolish Heart|451\/657|[from] item: Leftovers
|-damage|p1a: Krookodile|236\/331 tox|[from] psn
|turn|40
|
|move|p1a: Krookodile|Pursuit|p2a: My Foolish Heart|[from]Pursuit
|-damage|p2a: My Foolish Heart|153\/657
|switch|p2a: Nardis|Weezing, F|158\/333
|-damage|p2a: Nardis|117\/333|[from] Stealth Rock
|
|-damage|p1a: Krookodile|196\/331 tox|[from] psn
|turn|41
|
|switch|p1a: Snorlax|Snorlax, F|513\/513
|move|p2a: Nardis|Pain Split|p1a: Snorlax
|-sethp|p1a: Snorlax|315\/513|p2a: Nardis|315\/333|[from] move: Pain Split
|
|-heal|p1a: Snorlax|347\/513|[from] item: Leftovers
|turn|42
|
|switch|p2a: Lush Life|Celebi|403\/403
|-damage|p2a: Lush Life|353\/403|[from] Stealth Rock
|move|p1a: Snorlax|Curse|p1a: Snorlax
|-boost|p1a: Snorlax|atk|1
|-boost|p1a: Snorlax|def|1
|-unboost|p1a: Snorlax|spe|1
|
|-heal|p2a: Lush Life|378\/403|[from] item: Leftovers
|-heal|p1a: Snorlax|379\/513|[from] item: Leftovers
|turn|43
|
|move|p2a: Lush Life|Stealth Rock|p1a: Snorlax
|-sidestart|p1: kokoloko|move: Stealth Rock
|move|p1a: Snorlax|Curse|p1a: Snorlax
|-boost|p1a: Snorlax|atk|1
|-boost|p1a: Snorlax|def|1
|-unboost|p1a: Snorlax|spe|1
|
|-heal|p2a: Lush Life|403\/403|[from] item: Leftovers
|-heal|p1a: Snorlax|411\/513|[from] item: Leftovers
|turn|44
|
|move|p2a: Lush Life|Perish Song|p2a: Lush Life
|-fieldactivate|move: Perish Song
|move|p1a: Snorlax|Body Slam|p2a: Lush Life
|-damage|p2a: Lush Life|193\/403
|
|-start|p2a: Lush Life|perish3
|-start|p1a: Snorlax|perish3
|-heal|p2a: Lush Life|218\/403|[from] item: Leftovers
|-heal|p1a: Snorlax|443\/513|[from] item: Leftovers
|turn|45
|
|switch|p1a: Pidgeot|Pidgeot-Mega, F|268\/307 brn
|-damage|p1a: Pidgeot|192\/307 brn|[from] Stealth Rock
|move|p2a: Lush Life|Recover|p2a: Lush Life
|-heal|p2a: Lush Life|403\/403
|
|-start|p2a: Lush Life|perish2
|-damage|p1a: Pidgeot|154\/307 brn|[from] brn
|turn|46
|
|move|p1a: Pidgeot|Hurricane|p2a: Lush Life
|-supereffective|p2a: Lush Life
|-damage|p2a: Lush Life|121\/403
|move|p2a: Lush Life|Psychic|p1a: Pidgeot
|-damage|p1a: Pidgeot|33\/307 brn
|-unboost|p1a: Pidgeot|spd|1
|
|-start|p2a: Lush Life|perish1
|-heal|p2a: Lush Life|146\/403|[from] item: Leftovers
|-damage|p1a: Pidgeot|0 fnt|[from] brn
|faint|p1a: Pidgeot
|
|switch|p1a: Krookodile|Krookodile, M|196\/331 tox
|-damage|p1a: Krookodile|176\/331 tox|[from] Stealth Rock
|-ability|p1a: Krookodile|Intimidate|[of] p2a: Lush Life
|-unboost|p2a: Lush Life|atk|1
|turn|47
|
|move|p1a: Krookodile|Pursuit|p2a: Lush Life
|-supereffective|p2a: Lush Life
|-damage|p2a: Lush Life|0 fnt
|faint|p2a: Lush Life
|
|-damage|p1a: Krookodile|156\/331 tox|[from] psn
|
|switch|p2a: Nardis|Weezing, F|315\/333
|-damage|p2a: Nardis|274\/333|[from] Stealth Rock
|turn|48
|
|switch|p1a: Crobat|Crobat, M|373\/373
|-damage|p1a: Crobat|280\/373|[from] Stealth Rock
|move|p2a: Nardis|Toxic Spikes|p1a: Crobat
|-sidestart|p1: kokoloko|move: Toxic Spikes
|
|turn|49
|
|switch|p2a: My Foolish Heart|Blissey, F|153\/657
|-damage|p2a: My Foolish Heart|71\/657|[from] Stealth Rock
|move|p1a: Crobat|Acrobatics|p2a: My Foolish Heart
|-damage|p2a: My Foolish Heart|0 fnt
|faint|p2a: My Foolish Heart
|
|
|switch|p2a: Nardis|Weezing, F|274\/333
|-damage|p2a: Nardis|233\/333|[from] Stealth Rock
|turn|50
|c|âkokoloko|ur bob the bro right
|
|move|p1a: Crobat|Taunt|p2a: Nardis
|-start|p2a: Nardis|move: Taunt
|cant|p2a: Nardis|move: Taunt|Will-O-Wisp
|
|turn|51
|c|âlapraz|no
|c|âlapraz|lol
|
|switch|p2a: Blue in Green|Suicune|357\/404 slp
|-damage|p2a: Blue in Green|307\/404 slp|[from] Stealth Rock
|-ability|p2a: Blue in Green|Pressure
|move|p1a: Crobat|Acrobatics|p2a: Blue in Green
|-damage|p2a: Blue in Green|231\/404 slp
|
|turn|52
|c|âkokoloko|k
|
|move|p1a: Crobat|Taunt|p2a: Blue in Green
|-start|p2a: Blue in Green|move: Taunt
|cant|p2a: Blue in Green|slp
|cant|p2a: Blue in Green|move: Taunt|Sleep Talk
|
|turn|53
|
|move|p1a: Crobat|Acrobatics|p2a: Blue in Green
|-damage|p2a: Blue in Green|150\/404 slp
|-curestatus|p2a: Blue in Green|slp
|move|p2a: Blue in Green|Scald|p1a: Crobat
|-damage|p1a: Crobat|169\/373
|
|turn|54
|
|move|p1a: Crobat|Acrobatics|p2a: Blue in Green
|-damage|p2a: Blue in Green|75\/404
|move|p2a: Blue in Green|Scald|p1a: Crobat
|-crit|p1a: Crobat
|-damage|p1a: Crobat|25\/373
|
|-end|p2a: Blue in Green|move: Taunt
|turn|55
|
|move|p1a: Crobat|Taunt|p2a: Blue in Green
|-start|p2a: Blue in Green|move: Taunt
|cant|p2a: Blue in Green|move: Taunt|Rest
|
|turn|56
|
|move|p1a: Crobat|Acrobatics|p2a: Blue in Green
|-damage|p2a: Blue in Green|0 fnt
|faint|p2a: Blue in Green
|
|
|switch|p2a: Nardis|Weezing, F|233\/333
|-damage|p2a: Nardis|192\/333|[from] Stealth Rock
|turn|57
|
|move|p1a: Crobat|Roost|p1a: Crobat
|-heal|p1a: Crobat|212\/373
|move|p2a: Nardis|Fire Blast|p1a: Crobat|[miss]
|-miss|p2a: Nardis|p1a: Crobat
|
|turn|58
|
|move|p1a: Crobat|Roost|p1a: Crobat
|-heal|p1a: Crobat|373\/373
|move|p2a: Nardis|Fire Blast|p1a: Crobat
|-damage|p1a: Crobat|290\/373
|
|turn|59
|
|move|p1a: Crobat|Acrobatics|p2a: Nardis
|-damage|p2a: Nardis|119\/333
|move|p2a: Nardis|Fire Blast|p1a: Crobat
|-damage|p1a: Crobat|208\/373
|
|turn|60
|
|move|p1a: Crobat|Acrobatics|p2a: Nardis
|-damage|p2a: Nardis|41\/333
|move|p2a: Nardis|Fire Blast|p1a: Crobat
|-damage|p1a: Crobat|118\/373
|
|turn|61
|
|move|p1a: Crobat|Acrobatics|p2a: Nardis
|-damage|p2a: Nardis|0 fnt
|faint|p2a: Nardis
|
|win|kokoloko
|raw|Ladder updating...
|c|âlapraz|gg
|c|âkokoloko|gg
|raw|kokoloko's rating: 1697 &rarr; <strong>1708<\/strong><br \/>(+11 for winning)
|raw|lapraz's rating: 1514 &rarr; <strong>1504<\/strong><br \/>(-10 for losing)
|leave|lapraz
|player|p2