|join|kokoloko
|join|Catsarenice
|player|p1|kokoloko|290
|player|p2|Catsarenice|161
|gametype|singles
|gen|6
|tier|UU
|rated
|rule|Sleep Clause Mod: Limit one foe put to sleep
|rule|Species Clause: Limit one of each PokÃ©mon
|rule|OHKO Clause: OHKO moves are banned
|rule|Moody Clause: Moody is banned
|rule|Evasion Moves Clause: Evasion moves are banned
|rule|Endless Battle Clause: Forcing endless battles is banned
|rule|HP Percentage Mod: HP is shown in percentages
|clearpoke
|poke|p1|Pidgeot, F
|poke|p1|Starmie
|poke|p1|Krookodile, M
|poke|p1|Crobat, M
|poke|p1|Snorlax, F
|poke|p1|Jirachi
|poke|p2|Cresselia, F
|poke|p2|Umbreon, M, shiny
|poke|p2|Forretress, F
|poke|p2|Vaporeon, M
|poke|p2|Lucario, M
|poke|p2|Infernape, M
|rule|Swagger Clause: Swagger is banned
|rule|Baton Pass Clause: Limit one PokÃ©mon knowing Baton Pass
|teampreview
|
|start
|switch|p1a: Pidgeot|Pidgeot, F|307\/307
|switch|p2a: Vapy|Vaporeon, M|464\/464
|turn|1
|
|detailschange|p1a: Pidgeot|Pidgeot-Mega, F
|-mega|p1a: Pidgeot|Pidgeot|Pidgeotite
|move|p1a: Pidgeot|U-turn|p2a: Vapy
|-damage|p2a: Vapy|415\/464
|
|switch|p1a: Snorlax|Snorlax, F|513\/513
|move|p2a: Vapy|Ice Beam|p1a: Snorlax
|-crit|p1a: Snorlax
|-damage|p1a: Snorlax|472\/513
|
|-heal|p2a: Vapy|444\/464|[from] item: Leftovers
|-heal|p1a: Snorlax|504\/513|[from] item: Leftovers
|turn|2
|
|switch|p2a: Cressy|Cresselia, F|444\/444
|move|p1a: Snorlax|Curse|p1a: Snorlax
|-boost|p1a: Snorlax|atk|1
|-boost|p1a: Snorlax|def|1
|-unboost|p1a: Snorlax|spe|1
|
|-heal|p1a: Snorlax|513\/513|[from] item: Leftovers
|turn|3
|
|move|p2a: Cressy|Trick|p1a: Snorlax
|-activate|p2a: Cressy|move: Trick|[of] p1a: Snorlax
|-item|p1a: Snorlax|Choice Specs|[from] move: Trick
|-item|p2a: Cressy|Leftovers|[from] move: Trick
|move|p1a: Snorlax|Curse|p1a: Snorlax
|-boost|p1a: Snorlax|atk|1
|-boost|p1a: Snorlax|def|1
|-unboost|p1a: Snorlax|spe|1
|
|turn|4
|
|switch|p2a: Forry|Forretress, F|353\/353
|switch|p1a: Jirachi|Jirachi|341\/341
|
|turn|5
|
|move|p1a: Jirachi|U-turn|p2a: Forry
|-resisted|p2a: Forry
|-damage|p2a: Forry|333\/353
|
|switch|p1a: Starmie|Starmie|323\/323
|move|p2a: Forry|Stealth Rock|p1a: Starmie
|-sidestart|p1: kokoloko|move: Stealth Rock
|
|-heal|p2a: Forry|353\/353|[from] item: Leftovers
|turn|6
|
|switch|p2a: Umby|Umbreon, M, shiny|394\/394
|move|p1a: Starmie|Rapid Spin|p2a: Umby
|-damage|p2a: Umby|385\/394
|-sideend|p1: kokoloko|Stealth Rock|[from] move: Rapid Spin|[of] p1a: Starmie
|
|-heal|p2a: Umby|394\/394|[from] item: Leftovers
|turn|7
|
|switch|p1a: Crobat|Crobat, M|373\/373
|move|p2a: Umby|Foul Play|p1a: Crobat
|-damage|p1a: Crobat|262\/373
|
|turn|8
|
|move|p1a: Crobat|Roost|p1a: Crobat
|-heal|p1a: Crobat|373\/373
|move|p2a: Umby|Foul Play|p1a: Crobat
|-damage|p1a: Crobat|261\/373
|
|turn|9
|
|switch|p2a: Forry|Forretress, F|353\/353
|move|p1a: Crobat|Taunt|p2a: Forry
|-start|p2a: Forry|move: Taunt
|
|turn|10
|
|move|p1a: Crobat|U-turn|p2a: Forry
|-resisted|p2a: Forry
|-damage|p2a: Forry|337\/353
|
|switch|p1a: Krookodile|Krookodile, M|331\/331
|-ability|p1a: Krookodile|Intimidate|[of] p2a: Forry
|-unboost|p2a: Forry|atk|1
|move|p2a: Forry|Gyro Ball|p1a: Krookodile
|-damage|p1a: Krookodile|249\/331
|
|-heal|p2a: Forry|353\/353|[from] item: Leftovers
|turn|11
|
|move|p1a: Krookodile|Knock Off|p2a: Forry
|-crit|p2a: Forry
|-damage|p2a: Forry|191\/353
|-enditem|p2a: Forry|Leftovers|[from] move: Knock Off|[of] p1a: Krookodile
|move|p2a: Forry|Gyro Ball|p1a: Krookodile
|-damage|p1a: Krookodile|156\/331
|
|turn|12
|
|move|p1a: Krookodile|Knock Off|p2a: Forry
|-damage|p2a: Forry|118\/353
|move|p2a: Forry|Gyro Ball|p1a: Krookodile
|-damage|p1a: Krookodile|75\/331
|
|-end|p2a: Forry|move: Taunt
|turn|13
|
|switch|p1a: Starmie|Starmie|323\/323
|move|p2a: Forry|Gyro Ball|p1a: Starmie
|-resisted|p1a: Starmie
|-damage|p1a: Starmie|275\/323
|
|-heal|p1a: Starmie|295\/323|[from] item: Leftovers
|turn|14
|
|switch|p2a: Umby|Umbreon, M, shiny|394\/394
|move|p1a: Starmie|Scald|p2a: Umby
|-damage|p2a: Umby|340\/394
|
|-heal|p1a: Starmie|315\/323|[from] item: Leftovers
|-heal|p2a: Umby|364\/394|[from] item: Leftovers
|turn|15
|
|switch|p1a: Crobat|Crobat, M|261\/373
|move|p2a: Umby|Foul Play|p1a: Crobat
|-damage|p1a: Crobat|137\/373
|
|-heal|p2a: Umby|388\/394|[from] item: Leftovers
|turn|16
|
|move|p1a: Crobat|Taunt|p2a: Umby
|-start|p2a: Umby|move: Taunt
|cant|p2a: Umby|move: Taunt|Wish
|
|-heal|p2a: Umby|394\/394|[from] item: Leftovers
|turn|17
|
|move|p1a: Crobat|Roost|p1a: Crobat
|-heal|p1a: Crobat|324\/373
|move|p2a: Umby|Foul Play|p1a: Crobat
|-damage|p1a: Crobat|210\/373
|
|turn|18
|
|move|p1a: Crobat|Roost|p1a: Crobat
|-heal|p1a: Crobat|373\/373
|move|p2a: Umby|Foul Play|p1a: Crobat
|-damage|p1a: Crobat|256\/373
|
|-end|p2a: Umby|move: Taunt
|turn|19
|
|switch|p2a: Cressy|Cresselia, F|444\/444
|move|p1a: Crobat|Taunt|p2a: Cressy
|-start|p2a: Cressy|move: Taunt
|
|turn|20
|
|move|p1a: Crobat|U-turn|p2a: Cressy
|-supereffective|p2a: Cressy
|-damage|p2a: Cressy|382\/444
|
|switch|p1a: Jirachi|Jirachi|341\/341
|move|p2a: Cressy|Moonblast|p1a: Jirachi
|-resisted|p1a: Jirachi
|-damage|p1a: Jirachi|314\/341
|
|-heal|p2a: Cressy|409\/444|[from] item: Leftovers
|turn|21
|
|switch|p2a: Vapy|Vaporeon, M|444\/464
|move|p1a: Jirachi|U-turn|p2a: Vapy
|-damage|p2a: Vapy|356\/464
|
|switch|p1a: Pidgeot|Pidgeot-Mega, F|307\/307
|
|-heal|p2a: Vapy|385\/464|[from] item: Leftovers
|turn|22
|
|move|p1a: Pidgeot|Hurricane|p2a: Vapy
|-crit|p2a: Vapy
|-damage|p2a: Vapy|136\/464
|move|p2a: Vapy|Wish|p2a: Vapy
|
|-heal|p2a: Vapy|165\/464|[from] item: Leftovers
|turn|23
|
|move|p2a: Vapy|Protect|p2a: Vapy
|-singleturn|p2a: Vapy|Protect
|move|p1a: Pidgeot|U-turn|p2a: Vapy
|-activate|p2a: Vapy|Protect
|
|-heal|p2a: Vapy|397\/464|[from] move: Wish|[wisher] Vapy
|-heal|p2a: Vapy|426\/464|[from] item: Leftovers
|turn|24
|
|move|p1a: Pidgeot|U-turn|p2a: Vapy
|-damage|p2a: Vapy|382\/464
|
|switch|p1a: Snorlax|Snorlax, F|513\/513
|move|p2a: Vapy|Wish|p2a: Vapy
|
|-heal|p2a: Vapy|411\/464|[from] item: Leftovers
|turn|25
|
|switch|p2a: Forry|Forretress, F|118\/353
|move|p1a: Snorlax|Body Slam|p2a: Forry
|-resisted|p2a: Forry
|-damage|p2a: Forry|87\/353
|-status|p2a: Forry|par
|
|-heal|p2a: Forry|319\/353 par|[from] move: Wish|[wisher] Vapy
|turn|26
|
|switch|p1a: Starmie|Starmie|315\/323
|move|p2a: Forry|Volt Switch|p1a: Starmie
|-supereffective|p1a: Starmie
|-damage|p1a: Starmie|227\/323
|
|switch|p2a: Umby|Umbreon, M, shiny|394\/394
|
|-heal|p1a: Starmie|247\/323|[from] item: Leftovers
|turn|27
|
|switch|p1a: Crobat|Crobat, M|256\/373
|move|p2a: Umby|Foul Play|p1a: Crobat
|-damage|p1a: Crobat|135\/373
|
|turn|28
|
|move|p1a: Crobat|Roost|p1a: Crobat
|-heal|p1a: Crobat|322\/373
|move|p2a: Umby|Foul Play|p1a: Crobat
|-damage|p1a: Crobat|195\/373
|
|turn|29
|
|move|p1a: Crobat|Roost|p1a: Crobat
|-heal|p1a: Crobat|373\/373
|move|p2a: Umby|Heal Bell|p2a: Umby
|-cureteam|p2a: Umby|[from] move: HealBell
|
|turn|30
|
|switch|p2a: Vapy|Vaporeon, M|411\/464
|move|p1a: Crobat|U-turn|p2a: Vapy
|-damage|p2a: Vapy|350\/464
|
|switch|p1a: Krookodile|Krookodile, M|75\/331
|-ability|p1a: Krookodile|Intimidate|[of] p2a: Vapy
|-unboost|p2a: Vapy|atk|1
|
|-heal|p2a: Vapy|379\/464|[from] item: Leftovers
|turn|31
|
|move|p2a: Vapy|Protect|p2a: Vapy
|-singleturn|p2a: Vapy|Protect
|move|p1a: Krookodile|Knock Off|p2a: Vapy
|-activate|p2a: Vapy|Protect
|
|-heal|p2a: Vapy|408\/464|[from] item: Leftovers
|turn|32
|
|move|p1a: Krookodile|Knock Off|p2a: Vapy
|-damage|p2a: Vapy|162\/464
|-enditem|p2a: Vapy|Leftovers|[from] move: Knock Off|[of] p1a: Krookodile
|move|p2a: Vapy|Scald|p1a: Krookodile
|-supereffective|p1a: Krookodile
|-damage|p1a: Krookodile|0 fnt
|faint|p1a: Krookodile
|
|
|switch|p1a: Pidgeot|Pidgeot-Mega, F|307\/307
|turn|33
|
|move|p1a: Pidgeot|Hurricane|p2a: Vapy
|-damage|p2a: Vapy|0 fnt
|faint|p2a: Vapy
|
|
|switch|p2a: Umby|Umbreon, M, shiny|394\/394
|turn|34
|
|move|p1a: Pidgeot|U-turn|p2a: Umby
|-supereffective|p2a: Umby
|-damage|p2a: Umby|332\/394
|
|switch|p1a: Crobat|Crobat, M|373\/373
|move|p2a: Umby|Foul Play|p1a: Crobat
|-damage|p1a: Crobat|256\/373
|
|-heal|p2a: Umby|356\/394|[from] item: Leftovers
|turn|35
|
|switch|p2a: Forry|Forretress, F|319\/353
|move|p1a: Crobat|Taunt|p2a: Forry
|-start|p2a: Forry|move: Taunt
|
|turn|36
|
|move|p1a: Crobat|Acrobatics|p2a: Forry
|-damage|p2a: Forry|252\/353
|move|p2a: Forry|Volt Switch|p1a: Crobat
|-supereffective|p1a: Crobat
|-damage|p1a: Crobat|166\/373
|
|switch|p2a: Cressy|Cresselia, F|409\/444
|
|-heal|p2a: Cressy|436\/444|[from] item: Leftovers
|turn|37
|
|move|p1a: Crobat|U-turn|p2a: Cressy
|-supereffective|p2a: Cressy
|-damage|p2a: Cressy|376\/444
|
|switch|p1a: Jirachi|Jirachi|314\/341
|move|p2a: Cressy|Psyshock|p1a: Jirachi
|-resisted|p1a: Jirachi
|-damage|p1a: Jirachi|296\/341
|
|-heal|p2a: Cressy|403\/444|[from] item: Leftovers
|turn|38
|
|move|p1a: Jirachi|Iron Head|p2a: Cressy
|-damage|p2a: Cressy|328\/444
|cant|p2a: Cressy|flinch
|
|-heal|p2a: Cressy|355\/444|[from] item: Leftovers
|turn|39
|
|switch|p2a: Umby|Umbreon, M, shiny|356\/394
|move|p1a: Jirachi|Iron Head|p2a: Umby
|-damage|p2a: Umby|236\/394
|
|-heal|p2a: Umby|260\/394|[from] item: Leftovers
|turn|40
|
|move|p2a: Umby|Protect|p2a: Umby
|-singleturn|p2a: Umby|Protect
|move|p1a: Jirachi|Iron Head|p2a: Umby
|-activate|p2a: Umby|Protect
|
|-heal|p2a: Umby|284\/394|[from] item: Leftovers
|turn|41
|
|move|p1a: Jirachi|Iron Head|p2a: Umby
|-damage|p2a: Umby|170\/394
|move|p2a: Umby|Wish|p2a: Umby
|
|-heal|p2a: Umby|194\/394|[from] item: Leftovers
|turn|42
|
|switch|p1a: Crobat|Crobat, M|166\/373
|move|p2a: Umby|Foul Play|p1a: Crobat
|-damage|p1a: Crobat|48\/373
|
|-heal|p2a: Umby|391\/394|[from] move: Wish|[wisher] Umby
|-heal|p2a: Umby|394\/394|[from] item: Leftovers
|turn|43
|
|move|p1a: Crobat|Roost|p1a: Crobat
|-heal|p1a: Crobat|235\/373
|move|p2a: Umby|Wish|p2a: Umby
|
|turn|44
|
|switch|p2a: Forry|Forretress, F|252\/353
|move|p1a: Crobat|Taunt|p2a: Forry
|-start|p2a: Forry|move: Taunt
|
|-heal|p2a: Forry|353\/353|[from] move: Wish|[wisher] Umby
|turn|45
|
|move|p1a: Crobat|Roost|p1a: Crobat
|-heal|p1a: Crobat|373\/373
|move|p2a: Forry|Volt Switch|p1a: Crobat
|-damage|p1a: Crobat|328\/373
|
|switch|p2a: Cressy|Cresselia, F|355\/444
|
|-heal|p2a: Cressy|382\/444|[from] item: Leftovers
|turn|46
|
|move|p1a: Crobat|U-turn|p2a: Cressy
|-supereffective|p2a: Cressy
|-damage|p2a: Cressy|314\/444
|
|switch|p1a: Jirachi|Jirachi|296\/341
|move|p2a: Cressy|Trick|p1a: Jirachi
|-activate|p2a: Cressy|move: Trick|[of] p1a: Jirachi
|-item|p1a: Jirachi|Leftovers|[from] move: Trick
|-item|p2a: Cressy|Choice Scarf|[from] move: Trick
|
|-heal|p1a: Jirachi|317\/341|[from] item: Leftovers
|turn|47
|
|switch|p2a: Forry|Forretress, F|353\/353
|move|p1a: Jirachi|Iron Head|p2a: Forry
|-resisted|p2a: Forry
|-damage|p2a: Forry|317\/353
|
|-heal|p1a: Jirachi|338\/341|[from] item: Leftovers
|turn|48
|
|move|p1a: Jirachi|U-turn|p2a: Forry
|-resisted|p2a: Forry
|-damage|p2a: Forry|296\/353
|
|switch|p1a: Starmie|Starmie|247\/323
|move|p2a: Forry|Stealth Rock|p1a: Starmie
|-sidestart|p1: kokoloko|move: Stealth Rock
|
|-heal|p1a: Starmie|267\/323|[from] item: Leftovers
|turn|49
|
|switch|p2a: Umby|Umbreon, M, shiny|394\/394
|move|p1a: Starmie|Rapid Spin|p2a: Umby
|-damage|p2a: Umby|384\/394
|-sideend|p1: kokoloko|Stealth Rock|[from] move: Rapid Spin|[of] p1a: Starmie
|
|-heal|p1a: Starmie|287\/323|[from] item: Leftovers
|-heal|p2a: Umby|394\/394|[from] item: Leftovers
|turn|50
|
|switch|p1a: Crobat|Crobat, M|328\/373
|move|p2a: Umby|Foul Play|p1a: Crobat
|-damage|p1a: Crobat|216\/373
|
|turn|51
|
|move|p1a: Crobat|Taunt|p2a: Umby
|-start|p2a: Umby|move: Taunt
|cant|p2a: Umby|move: Taunt|Wish
|
|turn|52
|
|move|p1a: Crobat|Acrobatics|p2a: Umby
|-damage|p2a: Umby|282\/394
|move|p2a: Umby|Foul Play|p1a: Crobat
|-damage|p1a: Crobat|89\/373
|
|-heal|p2a: Umby|306\/394|[from] item: Leftovers
|turn|53
|
|move|p1a: Crobat|Roost|p1a: Crobat
|-heal|p1a: Crobat|276\/373
|move|p2a: Umby|Foul Play|p1a: Crobat
|-damage|p1a: Crobat|161\/373
|
|-heal|p2a: Umby|330\/394|[from] item: Leftovers
|-end|p2a: Umby|move: Taunt
|turn|54
|
|move|p1a: Crobat|Roost|p1a: Crobat
|-heal|p1a: Crobat|348\/373
|move|p2a: Umby|Foul Play|p1a: Crobat
|-damage|p1a: Crobat|228\/373
|
|-heal|p2a: Umby|354\/394|[from] item: Leftovers
|turn|55
|
|move|p2a: Umby|Protect|p2a: Umby
|-singleturn|p2a: Umby|Protect
|move|p1a: Crobat|Taunt|p2a: Umby
|-activate|p2a: Umby|Protect
|
|-heal|p2a: Umby|378\/394|[from] item: Leftovers
|turn|56
|
|move|p1a: Crobat|Taunt|p2a: Umby
|-start|p2a: Umby|move: Taunt
|move|p2a: Umby|Foul Play|p1a: Crobat
|-damage|p1a: Crobat|102\/373
|
|-heal|p2a: Umby|394\/394|[from] item: Leftovers
|turn|57
|
|switch|p2a: Cressy|Cresselia, F|314\/444
|move|p1a: Crobat|Roost|p1a: Crobat
|-heal|p1a: Crobat|289\/373
|
|turn|58
|
|move|p1a: Crobat|U-turn|p2a: Cressy
|-supereffective|p2a: Cressy
|-damage|p2a: Cressy|244\/444
|
|switch|p1a: Jirachi|Jirachi|338\/341
|move|p2a: Cressy|Psyshock|p1a: Jirachi
|-resisted|p1a: Jirachi
|-damage|p1a: Jirachi|320\/341
|
|-heal|p1a: Jirachi|341\/341|[from] item: Leftovers
|turn|59
|
|switch|p2a: Forry|Forretress, F|296\/353
|move|p1a: Jirachi|U-turn|p2a: Forry
|-resisted|p2a: Forry
|-damage|p2a: Forry|276\/353
|
|switch|p1a: Pidgeot|Pidgeot-Mega, F|307\/307
|
|turn|60
|
|switch|p2a: Umby|Umbreon, M, shiny|394\/394
|move|p1a: Pidgeot|Hurricane|p2a: Umby
|-damage|p2a: Umby|265\/394
|
|-heal|p2a: Umby|289\/394|[from] item: Leftovers
|turn|61
|
|move|p1a: Pidgeot|Hurricane|p2a: Umby
|-damage|p2a: Umby|165\/394
|move|p2a: Umby|Wish|p2a: Umby
|
|-heal|p2a: Umby|189\/394|[from] item: Leftovers
|turn|62
|
|move|p2a: Umby|Protect|p2a: Umby
|-singleturn|p2a: Umby|Protect
|move|p1a: Pidgeot|Hurricane|p2a: Umby
|-activate|p2a: Umby|Protect
|
|-heal|p2a: Umby|386\/394|[from] move: Wish|[wisher] Umby
|-heal|p2a: Umby|394\/394|[from] item: Leftovers
|turn|63
|
|move|p1a: Pidgeot|U-turn|p2a: Umby
|-supereffective|p2a: Umby
|-damage|p2a: Umby|326\/394
|
|switch|p1a: Crobat|Crobat, M|289\/373
|move|p2a: Umby|Wish|p2a: Umby
|
|-heal|p2a: Umby|350\/394|[from] item: Leftovers
|turn|64
|
|switch|p2a: Cressy|Cresselia, F|244\/444
|move|p1a: Crobat|U-turn|p2a: Cressy
|-supereffective|p2a: Cressy
|-damage|p2a: Cressy|176\/444
|
|switch|p1a: Jirachi|Jirachi|341\/341
|
|-heal|p2a: Cressy|373\/444|[from] move: Wish|[wisher] Umby
|turn|65
|
|switch|p2a: Forry|Forretress, F|276\/353
|move|p1a: Jirachi|Iron Head|p2a: Forry
|-resisted|p2a: Forry
|-damage|p2a: Forry|241\/353
|
|turn|66
|
|move|p1a: Jirachi|Iron Head|p2a: Forry
|-resisted|p2a: Forry
|-damage|p2a: Forry|207\/353
|cant|p2a: Forry|flinch
|
|turn|67
|
|move|p1a: Jirachi|U-turn|p2a: Forry
|-resisted|p2a: Forry
|-damage|p2a: Forry|189\/353
|
|switch|p1a: Starmie|Starmie|287\/323
|move|p2a: Forry|Stealth Rock|p1a: Starmie
|-sidestart|p1: kokoloko|move: Stealth Rock
|
|-heal|p1a: Starmie|307\/323|[from] item: Leftovers
|turn|68
|
|switch|p2a: Umby|Umbreon, M, shiny|350\/394
|move|p1a: Starmie|Rapid Spin|p2a: Umby
|-damage|p2a: Umby|339\/394
|-sideend|p1: kokoloko|Stealth Rock|[from] move: Rapid Spin|[of] p1a: Starmie
|
|-heal|p1a: Starmie|323\/323|[from] item: Leftovers
|-heal|p2a: Umby|363\/394|[from] item: Leftovers
|turn|69
|
|switch|p1a: Crobat|Crobat, M|289\/373
|move|p2a: Umby|Wish|p2a: Umby
|
|-heal|p2a: Umby|387\/394|[from] item: Leftovers
|turn|70
|
|switch|p2a: Forry|Forretress, F|189\/353
|move|p1a: Crobat|Taunt|p2a: Forry
|-start|p2a: Forry|move: Taunt
|
|-heal|p2a: Forry|353\/353|[from] move: Wish|[wisher] Umby
|turn|71
|
|move|p1a: Crobat|Acrobatics|p2a: Forry
|-damage|p2a: Forry|283\/353
|move|p2a: Forry|Volt Switch|p1a: Crobat
|-supereffective|p1a: Crobat
|-damage|p1a: Crobat|203\/373
|
|switch|p2a: Lucy|Lucario, M|281\/281
|
|turn|72
|
|move|p1a: Crobat|Acrobatics|p2a: Lucy
|-damage|p2a: Lucy|134\/281
|move|p2a: Lucy|Crunch|p1a: Crobat
|-damage|p1a: Crobat|97\/373
|
|turn|73
|
|switch|p1a: Jirachi|Jirachi|341\/341
|move|p2a: Lucy|Extreme Speed|p1a: Jirachi
|-resisted|p1a: Jirachi
|-damage|p1a: Jirachi|293\/341
|
|-heal|p1a: Jirachi|314\/341|[from] item: Leftovers
|turn|74
|
|move|p1a: Jirachi|Iron Head|p2a: Lucy
|-resisted|p2a: Lucy
|-damage|p2a: Lucy|56\/281
|move|p2a: Lucy|Crunch|p1a: Jirachi
|-supereffective|p1a: Jirachi
|-damage|p1a: Jirachi|112\/341
|-unboost|p1a: Jirachi|def|1
|
|-heal|p1a: Jirachi|133\/341|[from] item: Leftovers
|turn|75
|
|move|p2a: Lucy|Extreme Speed|p1a: Jirachi
|-resisted|p1a: Jirachi
|-damage|p1a: Jirachi|62\/341
|move|p1a: Jirachi|Iron Head|p2a: Lucy
|-resisted|p2a: Lucy
|-damage|p2a: Lucy|0 fnt
|faint|p2a: Lucy
|
|-heal|p1a: Jirachi|83\/341|[from] item: Leftovers
|
|switch|p2a: Infernape|Infernape, M|293\/293
|turn|76
|
|switch|p1a: Starmie|Starmie|323\/323
|move|p2a: Infernape|Flamethrower|p1a: Starmie
|-resisted|p1a: Starmie
|-damage|p1a: Starmie|226\/323
|-status|p1a: Starmie|brn
|-damage|p2a: Infernape|264\/293|[from] item: Life Orb
|
|-heal|p1a: Starmie|246\/323 brn|[from] item: Leftovers
|-damage|p1a: Starmie|206\/323 brn|[from] brn
|turn|77
|
|switch|p2a: Umby|Umbreon, M, shiny|387\/394
|move|p1a: Starmie|Scald|p2a: Umby
|-damage|p2a: Umby|329\/394
|-status|p2a: Umby|brn
|
|-heal|p1a: Starmie|226\/323 brn|[from] item: Leftovers
|-heal|p2a: Umby|353\/394 brn|[from] item: Leftovers
|-damage|p1a: Starmie|186\/323 brn|[from] brn
|-damage|p2a: Umby|304\/394 brn|[from] brn
|turn|78
|
|switch|p1a: Crobat|Crobat, M|97\/373
|move|p2a: Umby|Heal Bell|p2a: Umby
|-cureteam|p2a: Umby|[from] move: HealBell
|
|-heal|p2a: Umby|328\/394|[from] item: Leftovers
|turn|79
|c|âCatsarenice|That fucking burn
|c|âCatsarenice|Or else I would get a free FP on all you got xD
|
|move|p1a: Crobat|Roost|p1a: Crobat
|-heal|p1a: Crobat|284\/373
|move|p2a: Umby|Foul Play|p1a: Crobat
|-damage|p1a: Crobat|166\/373
|
|-heal|p2a: Umby|352\/394|[from] item: Leftovers
|turn|80
|
|move|p2a: Umby|Protect|p2a: Umby
|-singleturn|p2a: Umby|Protect
|move|p1a: Crobat|Roost|p1a: Crobat
|-heal|p1a: Crobat|353\/373
|
|-heal|p2a: Umby|376\/394|[from] item: Leftovers
|turn|81
|
|switch|p2a: Cressy|Cresselia, F|373\/444
|move|p1a: Crobat|Taunt|p2a: Cressy
|-start|p2a: Cressy|move: Taunt
|
|turn|82
|
|move|p1a: Crobat|U-turn|p2a: Cressy
|-supereffective|p2a: Cressy
|-damage|p2a: Cressy|305\/444
|
|switch|p1a: Jirachi|Jirachi|83\/341
|move|p2a: Cressy|Psyshock|p1a: Jirachi
|-resisted|p1a: Jirachi
|-damage|p1a: Jirachi|66\/341
|
|-heal|p1a: Jirachi|87\/341|[from] item: Leftovers
|turn|83
|
|switch|p2a: Umby|Umbreon, M, shiny|376\/394
|move|p1a: Jirachi|U-turn|p2a: Umby
|-supereffective|p2a: Umby
|-damage|p2a: Umby|248\/394
|
|switch|p1a: Crobat|Crobat, M|353\/373
|
|-heal|p2a: Umby|272\/394|[from] item: Leftovers
|turn|84
|
|move|p2a: Umby|Protect|p2a: Umby
|-singleturn|p2a: Umby|Protect
|move|p1a: Crobat|Taunt|p2a: Umby
|-activate|p2a: Umby|Protect
|
|-heal|p2a: Umby|296\/394|[from] item: Leftovers
|turn|85
|
|move|p1a: Crobat|Taunt|p2a: Umby
|-start|p2a: Umby|move: Taunt
|move|p2a: Umby|Foul Play|p1a: Crobat
|-damage|p1a: Crobat|238\/373
|
|-heal|p2a: Umby|320\/394|[from] item: Leftovers
|turn|86
|
|move|p1a: Crobat|Acrobatics|p2a: Umby
|-damage|p2a: Umby|208\/394
|move|p2a: Umby|Foul Play|p1a: Crobat
|-damage|p1a: Crobat|120\/373
|
|-heal|p2a: Umby|232\/394|[from] item: Leftovers
|turn|87
|
|switch|p2a: Forry|Forretress, F|283\/353
|move|p1a: Crobat|Roost|p1a: Crobat
|-heal|p1a: Crobat|307\/373
|
|turn|88
|
|move|p1a: Crobat|U-turn|p2a: Forry
|-resisted|p2a: Forry
|-damage|p2a: Forry|269\/353
|
|switch|p1a: Pidgeot|Pidgeot-Mega, F|307\/307
|move|p2a: Forry|Gyro Ball|p1a: Pidgeot
|-damage|p1a: Pidgeot|144\/307
|
|turn|89
|
|move|p1a: Pidgeot|Hurricane|p2a: Forry
|-damage|p2a: Forry|0 fnt
|faint|p2a: Forry
|
|
|switch|p2a: Umby|Umbreon, M, shiny|232\/394
|turn|90
|
|move|p1a: Pidgeot|Hurricane|p2a: Umby
|-damage|p2a: Umby|108\/394
|move|p2a: Umby|Wish|p2a: Umby
|
|-heal|p2a: Umby|132\/394|[from] item: Leftovers
|turn|91
|
|move|p1a: Pidgeot|Roost|p1a: Pidgeot
|-heal|p1a: Pidgeot|298\/307
|move|p2a: Umby|Foul Play|p1a: Pidgeot
|-crit|p1a: Pidgeot
|-damage|p1a: Pidgeot|180\/307
|
|-heal|p2a: Umby|329\/394|[from] move: Wish|[wisher] Umby
|-heal|p2a: Umby|353\/394|[from] item: Leftovers
|turn|92
|
|move|p1a: Pidgeot|Roost|p1a: Pidgeot
|-heal|p1a: Pidgeot|307\/307
|move|p2a: Umby|Wish|p2a: Umby
|
|-heal|p2a: Umby|377\/394|[from] item: Leftovers
|turn|93
|
|switch|p2a: Cressy|Cresselia, F|305\/444
|move|p1a: Pidgeot|U-turn|p2a: Cressy
|-supereffective|p2a: Cressy
|-damage|p2a: Cressy|261\/444
|
|switch|p1a: Jirachi|Jirachi|87\/341
|
|-heal|p2a: Cressy|444\/444|[from] move: Wish|[wisher] Umby
|-heal|p1a: Jirachi|108\/341|[from] item: Leftovers
|turn|94
|
|move|p1a: Jirachi|Iron Head|p2a: Cressy
|-damage|p2a: Cressy|366\/444
|move|p2a: Cressy|Trick|p1a: Jirachi
|-activate|p2a: Cressy|move: Trick|[of] p1a: Jirachi
|-item|p1a: Jirachi|Choice Scarf|[from] move: Trick
|-item|p2a: Cressy|Leftovers|[from] move: Trick
|
|-heal|p2a: Cressy|393\/444|[from] item: Leftovers
|turn|95
|
|move|p1a: Jirachi|Trick|p2a: Cressy
|-activate|p1a: Jirachi|move: Trick|[of] p2a: Cressy
|-item|p2a: Cressy|Choice Scarf|[from] move: Trick
|-item|p1a: Jirachi|Leftovers|[from] move: Trick
|move|p2a: Cressy|Moonblast|p1a: Jirachi
|-resisted|p1a: Jirachi
|-damage|p1a: Jirachi|79\/341
|
|-heal|p1a: Jirachi|100\/341|[from] item: Leftovers
|turn|96
|c|âCatsarenice|xD
|
|move|p1a: Jirachi|Iron Head|p2a: Cressy
|-damage|p2a: Cressy|315\/444
|cant|p2a: Cressy|flinch
|
|-heal|p1a: Jirachi|121\/341|[from] item: Leftovers
|turn|97
|
|move|p1a: Jirachi|Iron Head|p2a: Cressy
|-damage|p2a: Cressy|240\/444
|cant|p2a: Cressy|flinch
|
|-heal|p1a: Jirachi|142\/341|[from] item: Leftovers
|turn|98
|
|move|p1a: Jirachi|Iron Head|p2a: Cressy
|-damage|p2a: Cressy|159\/444
|cant|p2a: Cressy|flinch
|
|-heal|p1a: Jirachi|163\/341|[from] item: Leftovers
|turn|99
|
|move|p1a: Jirachi|Iron Head|p2a: Cressy
|-crit|p2a: Cressy
|-damage|p2a: Cressy|38\/444
|move|p2a: Cressy|Moonblast|p1a: Jirachi
|-resisted|p1a: Jirachi
|-damage|p1a: Jirachi|134\/341
|-unboost|p1a: Jirachi|spa|1
|
|-heal|p1a: Jirachi|155\/341|[from] item: Leftovers
|turn|100
|
|move|p1a: Jirachi|U-turn|p2a: Cressy
|-supereffective|p2a: Cressy
|-damage|p2a: Cressy|0 fnt
|faint|p2a: Cressy
|
|switch|p1a: Crobat|Crobat, M|307\/373
|
|
|switch|p2a: Umby|Umbreon, M, shiny|377\/394
|turn|101
|
|move|p1a: Crobat|Taunt|p2a: Umby
|-start|p2a: Umby|move: Taunt
|move|p2a: Umby|Foul Play|p1a: Crobat
|-damage|p1a: Crobat|198\/373
|
|-heal|p2a: Umby|394\/394|[from] item: Leftovers
|turn|102
|
|move|p1a: Crobat|Roost|p1a: Crobat
|-heal|p1a: Crobat|373\/373
|move|p2a: Umby|Foul Play|p1a: Crobat
|-damage|p1a: Crobat|264\/373
|
|turn|103
|
|move|p1a: Crobat|Acrobatics|p2a: Umby
|-damage|p2a: Umby|294\/394
|move|p2a: Umby|Foul Play|p1a: Crobat
|-damage|p1a: Crobat|137\/373
|
|-heal|p2a: Umby|318\/394|[from] item: Leftovers
|-end|p2a: Umby|move: Taunt
|turn|104
|
|move|p1a: Crobat|Roost|p1a: Crobat
|-heal|p1a: Crobat|324\/373
|move|p2a: Umby|Foul Play|p1a: Crobat
|-crit|p1a: Crobat
|-damage|p1a: Crobat|131\/373
|
|-heal|p2a: Umby|342\/394|[from] item: Leftovers
|turn|105
|
|move|p1a: Crobat|Roost|p1a: Crobat
|-heal|p1a: Crobat|318\/373
|move|p2a: Umby|Foul Play|p1a: Crobat
|-damage|p1a: Crobat|195\/373
|
|-heal|p2a: Umby|366\/394|[from] item: Leftovers
|turn|106
|
|move|p1a: Crobat|Taunt|p2a: Umby
|-start|p2a: Umby|move: Taunt
|move|p2a: Umby|Foul Play|p1a: Crobat
|-damage|p1a: Crobat|78\/373
|
|-heal|p2a: Umby|390\/394|[from] item: Leftovers
|turn|107
|c|âkokoloko|k
|c|âkokoloko|is that it
|c|âkokoloko|!data foul play
|c|~|\/data-move Foul Play

|c|âkokoloko|yep
|
|move|p1a: Crobat|Acrobatics|p2a: Umby
|-damage|p2a: Umby|284\/394
|move|p2a: Umby|Struggle|p1a: Crobat
|-damage|p1a: Crobat|45\/373
|-damage|p2a: Umby|186\/394
|
|-heal|p2a: Umby|210\/394|[from] item: Leftovers
|turn|108
|c|âCatsarenice|I think you might win this
|
|move|p1a: Crobat|Acrobatics|p2a: Umby
|-damage|p2a: Umby|99\/394
|move|p2a: Umby|Struggle|p1a: Crobat
|-damage|p1a: Crobat|11\/373
|-damage|p2a: Umby|1\/394
|
|-heal|p2a: Umby|25\/394|[from] item: Leftovers
|-end|p2a: Umby|move: Taunt
|turn|109
|
|move|p2a: Umby|Protect|p2a: Umby
|-singleturn|p2a: Umby|Protect
|move|p1a: Crobat|Acrobatics|p2a: Umby
|-activate|p2a: Umby|Protect
|
|-heal|p2a: Umby|49\/394|[from] item: Leftovers
|turn|110
|
|move|p1a: Crobat|Acrobatics|p2a: Umby
|-damage|p2a: Umby|0 fnt
|faint|p2a: Umby
|
|
|switch|p2a: Infernape|Infernape, M|264\/293
|turn|111
|c|âkokoloko|this game would have been so so easy if i switched snorlax out of cress
|c|âkokoloko|lax sweeps alone
|c|âkokoloko|bleh
|
|move|p2a: Infernape|Vacuum Wave|p1a: Crobat
|-resisted|p1a: Crobat
|-damage|p1a: Crobat|0 fnt
|-damage|p2a: Infernape|235\/293|[from] item: Life Orb
|faint|p1a: Crobat
|
|
|switch|p1a: Pidgeot|Pidgeot-Mega, F|307\/307
|turn|112
|c|âCatsarenice|I could have predicted the grass knot on your starmie...
|c|âkokoloko|good thing it doesnt ohko
|c|âCatsarenice|I guess this team isnt really good tbh, needs something new
|c|âCatsarenice|Lol true
|
|move|p2a: Infernape|Vacuum Wave|p1a: Pidgeot
|-damage|p1a: Pidgeot|206\/307
|-damage|p2a: Infernape|206\/293|[from] item: Life Orb
|move|p1a: Pidgeot|Hurricane|p2a: Infernape
|-supereffective|p2a: Infernape
|-damage|p2a: Infernape|0 fnt
|faint|p2a: Infernape
|
|win|kokoloko
|raw|Ladder updating...
|c|âkokoloko|gg
|raw|kokoloko's rating: 1731 &rarr; <strong>1742<\/strong><br \/>(+11 for winning)
|raw|Catsarenice's rating: 1556 &rarr; <strong>1545<\/strong><br \/>(-11 for losing)
|c|âCatsarenice|gg