|join|wishful thinking 1
|join|FearTheCow57
|player|p1|wishful thinking 1|169
|player|p2|FearTheCow57|143
|gametype|singles
|gen|6
|tier|UU
|rated
|rule|Sleep Clause Mod: Limit one foe put to sleep
|rule|Species Clause: Limit one of each PokÃ©mon
|rule|OHKO Clause: OHKO moves are banned
|rule|Moody Clause: Moody is banned
|rule|Evasion Moves Clause: Evasion moves are banned
|rule|Endless Battle Clause: Forcing endless battles is banned
|rule|HP Percentage Mod: HP is shown in percentages
|clearpoke
|poke|p1|Empoleon, F
|poke|p1|Dragalge, M
|poke|p1|Rotom-Mow
|poke|p1|Porygon2
|poke|p1|Diancie
|poke|p1|Hippowdon, M
|poke|p2|Yanmega, M, shiny
|poke|p2|Hydreigon, M
|poke|p2|Tentacruel, F
|poke|p2|Chesnaught, M
|poke|p2|Jirachi
|poke|p2|Rotom-Heat
|rule|Swagger Clause: Swagger is banned
|rule|Baton Pass Clause: Limit one PokÃ©mon knowing Baton Pass
|teampreview
|
|start
|switch|p1a: Dragalge|Dragalge, M|301\/301
|switch|p2a: Hydreigon|Hydreigon, M|325\/325
|turn|1
|
|switch|p1a: Empoleon|Empoleon, F|372\/372
|move|p2a: Hydreigon|Draco Meteor|p1a: Empoleon
|-resisted|p1a: Empoleon
|-damage|p1a: Empoleon|275\/372
|-unboost|p2a: Hydreigon|spa|2
|-damage|p2a: Hydreigon|293\/325|[from] item: Life Orb
|
|-heal|p1a: Empoleon|298\/372|[from] item: Leftovers
|turn|2
|
|switch|p1a: Rotom-Mow|Rotom-Mow|241\/241
|move|p2a: Hydreigon|Superpower|p1a: Rotom-Mow
|-damage|p1a: Rotom-Mow|118\/241
|-unboost|p2a: Hydreigon|atk|1
|-unboost|p2a: Hydreigon|def|1
|-damage|p2a: Hydreigon|261\/325|[from] item: Life Orb
|
|turn|3
|
|switch|p2a: Rotom-Heat|Rotom-Heat|241\/241
|move|p1a: Rotom-Mow|Volt Switch|p2a: Rotom-Heat
|-resisted|p2a: Rotom-Heat
|-damage|p2a: Rotom-Heat|189\/241
|
|switch|p1a: Dragalge|Dragalge, M|301\/301
|
|turn|4
|
|move|p2a: Rotom-Heat|Volt Switch|p1a: Dragalge
|-resisted|p1a: Dragalge
|-damage|p1a: Dragalge|255\/301
|
|switch|p2a: Jirachi|Jirachi|404\/404
|move|p1a: Dragalge|Draco Meteor|p2a: Jirachi
|-resisted|p2a: Jirachi
|-damage|p2a: Jirachi|255\/404
|-unboost|p1a: Dragalge|spa|2
|
|-heal|p2a: Jirachi|280\/404|[from] item: Leftovers
|turn|5
|
|switch|p1a: Empoleon|Empoleon, F|298\/372
|move|p2a: Jirachi|Stealth Rock|p1a: Empoleon
|-sidestart|p1: wishful thinking 1|move: Stealth Rock
|
|-heal|p2a: Jirachi|305\/404|[from] item: Leftovers
|-heal|p1a: Empoleon|321\/372|[from] item: Leftovers
|turn|6
|
|switch|p2a: Hydreigon|Hydreigon, M|261\/325
|move|p1a: Empoleon|Knock Off|p2a: Hydreigon
|-resisted|p2a: Hydreigon
|-damage|p2a: Hydreigon|227\/325
|-enditem|p2a: Hydreigon|Life Orb|[from] move: Knock Off|[of] p1a: Empoleon
|
|-heal|p1a: Empoleon|344\/372|[from] item: Leftovers
|turn|7
|
|switch|p1a: Porygon2|Porygon2|374\/374
|-damage|p1a: Porygon2|328\/374|[from] Stealth Rock
|-boost|p1a: Porygon2|atk|1|[from] ability: Download
|move|p2a: Hydreigon|Dark Pulse|p1a: Porygon2
|-damage|p1a: Porygon2|244\/374
|
|turn|8
|
|switch|p2a: Jirachi|Jirachi|305\/404
|move|p1a: Porygon2|Thunder Wave|p2a: Jirachi
|-status|p2a: Jirachi|par
|
|-heal|p2a: Jirachi|330\/404 par|[from] item: Leftovers
|turn|9
|
|move|p1a: Porygon2|Recover|p1a: Porygon2
|-heal|p1a: Porygon2|374\/374
|move|p2a: Jirachi|Wish|p2a: Jirachi
|
|-heal|p2a: Jirachi|355\/404 par|[from] item: Leftovers
|turn|10
|
|move|p1a: Porygon2|Thunder Wave|p2a: Jirachi
|-fail|p2a: Jirachi|par
|cant|p2a: Jirachi|par
|
|-heal|p2a: Jirachi|404\/404 par|[from] move: Wish|[wisher] Jirachi
|turn|11
|
|switch|p1a: Empoleon|Empoleon, F|344\/372
|-damage|p1a: Empoleon|321\/372|[from] Stealth Rock
|move|p2a: Jirachi|U-turn|p1a: Empoleon
|-resisted|p1a: Empoleon
|-damage|p1a: Empoleon|289\/372
|
|switch|p2a: Chesnaught|Chesnaught, M|380\/380
|
|-heal|p1a: Empoleon|312\/372|[from] item: Leftovers
|turn|12
|
|move|p2a: Chesnaught|Substitute|p2a: Chesnaught
|-start|p2a: Chesnaught|Substitute
|-damage|p2a: Chesnaught|285\/380
|move|p1a: Empoleon|Defog|p2a: Chesnaught
|-sideend|p1: wishful thinking 1|Stealth Rock|[from] move: Defog|[of] p1a: Empoleon
|
|-heal|p2a: Chesnaught|308\/380|[from] item: Leftovers
|-heal|p1a: Empoleon|335\/372|[from] item: Leftovers
|turn|13
|
|switch|p1a: Hippowdon|Hippowdon, M|420\/420
|move|p2a: Chesnaught|Leech Seed|p1a: Hippowdon
|-start|p1a: Hippowdon|move: Leech Seed
|
|-heal|p2a: Chesnaught|331\/380|[from] item: Leftovers
|-damage|p1a: Hippowdon|368\/420|[from] Leech Seed|[of] p2a: Chesnaught
|-heal|p2a: Chesnaught|380\/380|[silent]
|turn|14
|
|move|p2a: Chesnaught|Drain Punch|p1a: Hippowdon
|-damage|p1a: Hippowdon|304\/420
|move|p1a: Hippowdon|Whirlwind|p2a: Chesnaught
|drag|p2a: Rotom-Heat|Rotom-Heat|189\/241
|
|-heal|p1a: Hippowdon|330\/420|[from] item: Leftovers
|-damage|p1a: Hippowdon|278\/420|[from] Leech Seed|[of] p2a: Rotom-Heat
|-heal|p2a: Rotom-Heat|241\/241|[silent]
|turn|15
|
|move|p2a: Rotom-Heat|Will-O-Wisp|p1a: Hippowdon
|-status|p1a: Hippowdon|brn
|move|p1a: Hippowdon|Toxic|p2a: Rotom-Heat
|-status|p2a: Rotom-Heat|tox
|
|-heal|p1a: Hippowdon|304\/420 brn|[from] item: Leftovers
|-damage|p1a: Hippowdon|252\/420 brn|[from] Leech Seed|[of] p2a: Rotom-Heat
|-damage|p2a: Rotom-Heat|226\/241 tox|[from] psn
|-damage|p1a: Hippowdon|200\/420 brn|[from] brn
|turn|16
|
|switch|p2a: Tentacruel|Tentacruel, F|363\/363
|move|p1a: Hippowdon|Slack Off|p1a: Hippowdon
|-heal|p1a: Hippowdon|410\/420 brn
|
|-heal|p1a: Hippowdon|420\/420 brn|[from] item: Leftovers
|-damage|p1a: Hippowdon|368\/420 brn|[from] Leech Seed|[of] p2a: Tentacruel
|-damage|p1a: Hippowdon|316\/420 brn|[from] brn
|turn|17
|
|switch|p1a: Empoleon|Empoleon, F|335\/372
|move|p2a: Tentacruel|Scald|p1a: Empoleon
|-resisted|p1a: Empoleon
|-damage|p1a: Empoleon|306\/372
|
|-heal|p1a: Empoleon|329\/372|[from] item: Leftovers
|turn|18
|
|move|p2a: Tentacruel|Scald|p1a: Empoleon
|-resisted|p1a: Empoleon
|-damage|p1a: Empoleon|299\/372
|-status|p1a: Empoleon|brn
|move|p1a: Empoleon|Knock Off|p2a: Tentacruel
|-damage|p2a: Tentacruel|334\/363
|-enditem|p2a: Tentacruel|Black Sludge|[from] move: Knock Off|[of] p1a: Empoleon
|
|-heal|p1a: Empoleon|322\/372 brn|[from] item: Leftovers
|-damage|p1a: Empoleon|276\/372 brn|[from] brn
|turn|19
|
|switch|p2a: Hydreigon|Hydreigon, M|227\/325
|move|p1a: Empoleon|Scald|p2a: Hydreigon
|-resisted|p2a: Hydreigon
|-damage|p2a: Hydreigon|173\/325
|-status|p2a: Hydreigon|brn
|
|-heal|p1a: Empoleon|299\/372 brn|[from] item: Leftovers
|-damage|p2a: Hydreigon|133\/325 brn|[from] brn
|-damage|p1a: Empoleon|253\/372 brn|[from] brn
|turn|20
|
|move|p2a: Hydreigon|Dark Pulse|p1a: Empoleon
|-damage|p1a: Empoleon|154\/372 brn
|cant|p1a: Empoleon|flinch
|
|-heal|p1a: Empoleon|177\/372 brn|[from] item: Leftovers
|-damage|p2a: Hydreigon|93\/325 brn|[from] brn
|-damage|p1a: Empoleon|131\/372 brn|[from] brn
|turn|21
|
|switch|p1a: Porygon2|Porygon2|374\/374
|-boost|p1a: Porygon2|atk|1|[from] ability: Download
|move|p2a: Hydreigon|Superpower|p1a: Porygon2
|-supereffective|p1a: Porygon2
|-damage|p1a: Porygon2|306\/374
|-unboost|p2a: Hydreigon|atk|1
|-unboost|p2a: Hydreigon|def|1
|
|-damage|p2a: Hydreigon|53\/325 brn|[from] brn
|turn|22
|
|switch|p2a: Jirachi|Jirachi|404\/404 par
|move|p1a: Porygon2|Recover|p1a: Porygon2
|-heal|p1a: Porygon2|374\/374
|
|turn|23
|
|switch|p1a: Empoleon|Empoleon, F|131\/372 brn
|cant|p2a: Jirachi|par
|
|-heal|p1a: Empoleon|154\/372 brn|[from] item: Leftovers
|-damage|p1a: Empoleon|108\/372 brn|[from] brn
|turn|24
|
|switch|p2a: Hydreigon|Hydreigon, M|53\/325 brn
|move|p1a: Empoleon|Knock Off|p2a: Hydreigon
|-resisted|p2a: Hydreigon
|-damage|p2a: Hydreigon|42\/325 brn
|
|-heal|p1a: Empoleon|131\/372 brn|[from] item: Leftovers
|-damage|p2a: Hydreigon|2\/325 brn|[from] brn
|-damage|p1a: Empoleon|85\/372 brn|[from] brn
|turn|25
|
|switch|p1a: Diancie|Diancie|241\/241
|move|p2a: Hydreigon|Dark Pulse|p1a: Diancie
|-resisted|p1a: Diancie
|-damage|p1a: Diancie|190\/241
|
|-damage|p2a: Hydreigon|0 fnt|[from] brn
|faint|p2a: Hydreigon
|
|switch|p2a: Jirachi|Jirachi|404\/404 par
|turn|26
|
|switch|p1a: Empoleon|Empoleon, F|85\/372 brn
|move|p2a: Jirachi|Iron Head|p1a: Empoleon
|-resisted|p1a: Empoleon
|-damage|p1a: Empoleon|58\/372 brn
|
|-heal|p1a: Empoleon|81\/372 brn|[from] item: Leftovers
|-damage|p1a: Empoleon|35\/372 brn|[from] brn
|turn|27
|
|move|p1a: Empoleon|Scald|p2a: Jirachi
|-damage|p2a: Jirachi|283\/404 par
|cant|p2a: Jirachi|par
|
|-heal|p1a: Empoleon|58\/372 brn|[from] item: Leftovers
|-heal|p2a: Jirachi|308\/404 par|[from] item: Leftovers
|-damage|p1a: Empoleon|12\/372 brn|[from] brn
|turn|28
|
|move|p1a: Empoleon|Stealth Rock|p2a: Jirachi
|-sidestart|p2: FearTheCow57|move: Stealth Rock
|move|p2a: Jirachi|Stealth Rock|p1a: Empoleon
|-sidestart|p1: wishful thinking 1|move: Stealth Rock
|
|-heal|p1a: Empoleon|35\/372 brn|[from] item: Leftovers
|-heal|p2a: Jirachi|333\/404 par|[from] item: Leftovers
|-damage|p1a: Empoleon|0 fnt|[from] brn
|faint|p1a: Empoleon
|
|switch|p1a: Rotom-Mow|Rotom-Mow|118\/241
|-damage|p1a: Rotom-Mow|88\/241|[from] Stealth Rock
|turn|29
|
|move|p1a: Rotom-Mow|Pain Split|p2a: Jirachi
|-sethp|p2a: Jirachi|210\/404 par|p1a: Rotom-Mow|210\/241|[from] move: Pain Split
|cant|p2a: Jirachi|par
|
|-heal|p2a: Jirachi|235\/404 par|[from] item: Leftovers
|turn|30
|
|switch|p1a: Hippowdon|Hippowdon, M|316\/420 brn
|-damage|p1a: Hippowdon|290\/420 brn|[from] Stealth Rock
|move|p2a: Jirachi|U-turn|p1a: Hippowdon
|-damage|p1a: Hippowdon|255\/420 brn
|
|switch|p2a: Tentacruel|Tentacruel, F|334\/363
|-damage|p2a: Tentacruel|289\/363|[from] Stealth Rock
|
|-heal|p1a: Hippowdon|281\/420 brn|[from] item: Leftovers
|-damage|p1a: Hippowdon|229\/420 brn|[from] brn
|turn|31
|
|move|p2a: Tentacruel|Rapid Spin|p1a: Hippowdon
|-damage|p1a: Hippowdon|221\/420 brn
|-sideend|p2: FearTheCow57|Stealth Rock|[from] move: Rapid Spin|[of] p2a: Tentacruel
|move|p1a: Hippowdon|Earthquake|p2a: Tentacruel
|-crit|p2a: Tentacruel
|-supereffective|p2a: Tentacruel
|-damage|p2a: Tentacruel|115\/363
|
|-heal|p1a: Hippowdon|247\/420 brn|[from] item: Leftovers
|-damage|p1a: Hippowdon|195\/420 brn|[from] brn
|turn|32
|
|move|p2a: Tentacruel|Scald|p1a: Hippowdon
|-supereffective|p1a: Hippowdon
|-damage|p1a: Hippowdon|0 fnt
|faint|p1a: Hippowdon
|
|
|switch|p1a: Rotom-Mow|Rotom-Mow|210\/241
|-damage|p1a: Rotom-Mow|180\/241|[from] Stealth Rock
|turn|33
|
|move|p1a: Rotom-Mow|Volt Switch|p2a: Tentacruel
|-supereffective|p2a: Tentacruel
|-damage|p2a: Tentacruel|0 fnt
|faint|p2a: Tentacruel
|
|switch|p1a: Dragalge|Dragalge, M|255\/301
|-damage|p1a: Dragalge|218\/301|[from] Stealth Rock
|
|
|switch|p2a: Jirachi|Jirachi|235\/404 par
|turn|34
|
|move|p1a: Dragalge|Draco Meteor|p2a: Jirachi
|-resisted|p2a: Jirachi
|-damage|p2a: Jirachi|74\/404 par
|-unboost|p1a: Dragalge|spa|2
|cant|p2a: Jirachi|par
|
|-heal|p2a: Jirachi|99\/404 par|[from] item: Leftovers
|turn|35
|
|switch|p1a: Porygon2|Porygon2|374\/374
|-damage|p1a: Porygon2|328\/374|[from] Stealth Rock
|-boost|p1a: Porygon2|atk|1|[from] ability: Download
|move|p2a: Jirachi|Iron Head|p1a: Porygon2
|-damage|p1a: Porygon2|268\/374
|
|-heal|p2a: Jirachi|124\/404 par|[from] item: Leftovers
|turn|36
|
|move|p1a: Porygon2|Thunderbolt|p2a: Jirachi
|-damage|p2a: Jirachi|65\/404 par
|move|p2a: Jirachi|Wish|p2a: Jirachi
|
|-heal|p2a: Jirachi|90\/404 par|[from] item: Leftovers
|turn|37
|
|switch|p1a: Rotom-Mow|Rotom-Mow|180\/241
|-damage|p1a: Rotom-Mow|150\/241|[from] Stealth Rock
|move|p2a: Jirachi|Iron Head|p1a: Rotom-Mow
|-resisted|p1a: Rotom-Mow
|-damage|p1a: Rotom-Mow|109\/241
|
|-heal|p2a: Jirachi|292\/404 par|[from] move: Wish|[wisher] Jirachi
|-heal|p2a: Jirachi|317\/404 par|[from] item: Leftovers
|turn|38
|
|switch|p2a: Rotom-Heat|Rotom-Heat|226\/241 tox
|move|p1a: Rotom-Mow|Trick|p2a: Rotom-Heat
|-activate|p1a: Rotom-Mow|move: Trick|[of] p2a: Rotom-Heat
|-item|p2a: Rotom-Heat|Choice Scarf|[from] move: Trick
|-item|p1a: Rotom-Mow|Choice Scarf|[from] move: Trick
|
|-damage|p2a: Rotom-Heat|211\/241 tox|[from] psn
|turn|39
|
|move|p2a: Rotom-Heat|Will-O-Wisp|p1a: Rotom-Mow
|-status|p1a: Rotom-Mow|brn
|move|p1a: Rotom-Mow|Volt Switch|p2a: Rotom-Heat
|-resisted|p2a: Rotom-Heat
|-damage|p2a: Rotom-Heat|163\/241 tox
|
|switch|p1a: Dragalge|Dragalge, M|218\/301
|-damage|p1a: Dragalge|181\/301|[from] Stealth Rock
|
|-damage|p2a: Rotom-Heat|133\/241 tox|[from] psn
|turn|40
|
|switch|p2a: Jirachi|Jirachi|317\/404 par
|move|p1a: Dragalge|Focus Blast|p2a: Jirachi
|-damage|p2a: Jirachi|169\/404 par
|
|-heal|p2a: Jirachi|194\/404 par|[from] item: Leftovers
|turn|41
|
|switch|p2a: Chesnaught|Chesnaught, M|380\/380
|move|p1a: Dragalge|Focus Blast|p2a: Chesnaught
|-immune|p2a: Chesnaught|[msg]|[from] Bulletproof
|
|turn|42
|
|switch|p1a: Porygon2|Porygon2|268\/374
|-damage|p1a: Porygon2|222\/374|[from] Stealth Rock
|-boost|p1a: Porygon2|spa|1|[from] ability: Download
|move|p2a: Chesnaught|Substitute|p2a: Chesnaught
|-start|p2a: Chesnaught|Substitute
|-damage|p2a: Chesnaught|285\/380
|
|-heal|p2a: Chesnaught|308\/380|[from] item: Leftovers
|turn|43
|
|move|p2a: Chesnaught|Leech Seed|p1a: Porygon2
|-start|p1a: Porygon2|move: Leech Seed
|move|p1a: Porygon2|Tri Attack|p2a: Chesnaught
|-end|p2a: Chesnaught|Substitute
|
|-heal|p2a: Chesnaught|331\/380|[from] item: Leftovers
|-damage|p1a: Porygon2|176\/374|[from] Leech Seed|[of] p2a: Chesnaught
|-heal|p2a: Chesnaught|377\/380|[silent]
|turn|44
|
|switch|p1a: Dragalge|Dragalge, M|181\/301
|-damage|p1a: Dragalge|144\/301|[from] Stealth Rock
|move|p2a: Chesnaught|Substitute|p2a: Chesnaught
|-start|p2a: Chesnaught|Substitute
|-damage|p2a: Chesnaught|282\/380
|
|-heal|p2a: Chesnaught|305\/380|[from] item: Leftovers
|turn|45
|
|move|p2a: Chesnaught|Leech Seed|p1a: Dragalge
|-start|p1a: Dragalge|move: Leech Seed
|move|p1a: Dragalge|Dragon Pulse|p2a: Chesnaught
|-end|p2a: Chesnaught|Substitute
|
|-heal|p2a: Chesnaught|328\/380|[from] item: Leftovers
|-damage|p1a: Dragalge|107\/301|[from] Leech Seed|[of] p2a: Chesnaught
|-heal|p2a: Chesnaught|365\/380|[silent]
|turn|46
|
|move|p2a: Chesnaught|Substitute|p2a: Chesnaught
|-start|p2a: Chesnaught|Substitute
|-damage|p2a: Chesnaught|270\/380
|move|p1a: Dragalge|Dragon Pulse|p2a: Chesnaught
|-end|p2a: Chesnaught|Substitute
|
|-heal|p2a: Chesnaught|293\/380|[from] item: Leftovers
|-damage|p1a: Dragalge|70\/301|[from] Leech Seed|[of] p2a: Chesnaught
|-heal|p2a: Chesnaught|330\/380|[silent]
|turn|47
|
|switch|p2a: Jirachi|Jirachi|194\/404 par
|move|p1a: Dragalge|Dragon Pulse|p2a: Jirachi
|-resisted|p2a: Jirachi
|-damage|p2a: Jirachi|101\/404 par
|
|-heal|p2a: Jirachi|126\/404 par|[from] item: Leftovers
|-damage|p1a: Dragalge|33\/301|[from] Leech Seed|[of] p2a: Jirachi
|-heal|p2a: Jirachi|163\/404 par|[silent]
|turn|48
|
|move|p1a: Dragalge|Dragon Pulse|p2a: Jirachi
|-resisted|p2a: Jirachi
|-damage|p2a: Jirachi|60\/404 par
|move|p2a: Jirachi|Wish|p2a: Jirachi
|
|-heal|p2a: Jirachi|85\/404 par|[from] item: Leftovers
|-damage|p1a: Dragalge|0 fnt|[from] Leech Seed|[of] p2a: Jirachi
|-heal|p2a: Jirachi|118\/404 par|[silent]
|faint|p1a: Dragalge
|
|switch|p1a: Diancie|Diancie|190\/241
|-damage|p1a: Diancie|160\/241|[from] Stealth Rock
|turn|49
|
|switch|p2a: Rotom-Heat|Rotom-Heat|133\/241 tox
|detailschange|p1a: Diancie|Diancie-Mega
|-mega|p1a: Diancie|Diancie|Diancite
|move|p1a: Diancie|Earth Power|p2a: Rotom-Heat
|-immune|p2a: Rotom-Heat|[msg]
|
|-heal|p2a: Rotom-Heat|241\/241 tox|[from] move: Wish|[wisher] Jirachi
|-damage|p2a: Rotom-Heat|226\/241 tox|[from] psn
|turn|50
|
|switch|p1a: Rotom-Mow|Rotom-Mow|109\/241 brn
|-damage|p1a: Rotom-Mow|79\/241 brn|[from] Stealth Rock
|move|p2a: Rotom-Heat|Volt Switch|p1a: Rotom-Mow
|-resisted|p1a: Rotom-Mow
|-damage|p1a: Rotom-Mow|53\/241 brn
|
|switch|p2a: Yanmega|Yanmega, M, shiny|313\/313
|
|-damage|p1a: Rotom-Mow|23\/241 brn|[from] brn
|turn|51
|
|move|p2a: Yanmega|Protect|p2a: Yanmega
|-singleturn|p2a: Yanmega|Protect
|move|p1a: Rotom-Mow|Volt Switch|p2a: Yanmega
|-activate|p2a: Yanmega|Protect
|
|-damage|p1a: Rotom-Mow|0 fnt|[from] brn
|-boost|p2a: Yanmega|spe|1|[from] ability: Speed Boost
|faint|p1a: Rotom-Mow
|
|switch|p1a: Porygon2|Porygon2|176\/374
|-damage|p1a: Porygon2|130\/374|[from] Stealth Rock
|-boost|p1a: Porygon2|spa|1|[from] ability: Download
|turn|52
|
|move|p2a: Yanmega|Bug Buzz|p1a: Porygon2
|-damage|p1a: Porygon2|20\/374
|-damage|p2a: Yanmega|282\/313|[from] item: Life Orb
|move|p1a: Porygon2|Recover|p1a: Porygon2
|-heal|p1a: Porygon2|207\/374
|
|-boost|p2a: Yanmega|spe|1|[from] ability: Speed Boost
|turn|53
|
|switch|p2a: Chesnaught|Chesnaught, M|330\/380
|move|p1a: Porygon2|Thunderbolt|p2a: Chesnaught
|-resisted|p2a: Chesnaught
|-damage|p2a: Chesnaught|260\/380
|
|-heal|p2a: Chesnaught|283\/380|[from] item: Leftovers
|turn|54
|
|move|p2a: Chesnaught|Drain Punch|p1a: Porygon2
|-supereffective|p1a: Porygon2
|-damage|p1a: Porygon2|97\/374
|-heal|p2a: Chesnaught|338\/380|[from] drain|[of] p1a: Porygon2
|move|p1a: Porygon2|Tri Attack|p2a: Chesnaught
|-damage|p2a: Chesnaught|152\/380
|
|-heal|p2a: Chesnaught|175\/380|[from] item: Leftovers
|turn|55
|
|move|p2a: Chesnaught|Leech Seed|p1a: Porygon2
|-start|p1a: Porygon2|move: Leech Seed
|move|p1a: Porygon2|Tri Attack|p2a: Chesnaught
|-damage|p2a: Chesnaught|0 fnt
|faint|p2a: Chesnaught
|
|
|switch|p2a: Yanmega|Yanmega, M, shiny|282\/313
|turn|56
|
|move|p2a: Yanmega|Bug Buzz|p1a: Porygon2
|-damage|p1a: Porygon2|0 fnt
|-damage|p2a: Yanmega|251\/313|[from] item: Life Orb
|faint|p1a: Porygon2
|
|-boost|p2a: Yanmega|spe|1|[from] ability: Speed Boost
|c|âwishful thinking 1|gg
|
|switch|p1a: Diancie|Diancie-Mega|160\/241
|-damage|p1a: Diancie|130\/241|[from] Stealth Rock
|turn|57
|c|âFearTheCow57|gg
|
|move|p2a: Yanmega|Giga Drain|p1a: Diancie
|-supereffective|p1a: Diancie
|-damage|p1a: Diancie|0 fnt
|-heal|p2a: Yanmega|313\/313|[from] drain|[of] p1a: Diancie
|-damage|p2a: Yanmega|282\/313|[from] item: Life Orb
|faint|p1a: Diancie
|
|win|FearTheCow57
|raw|Ladder updating...