|join|livEnwolC
|join|atcarder
|player|p1|livEnwolC|59
|player|p2|atcarder|150
|gametype|singles
|gen|6
|tier|OU
|rated
|clearpoke
|poke|p1|Krookodile, M
|poke|p1|Thundurus, M
|poke|p1|Scizor, F
|poke|p1|Vaporeon, F
|poke|p1|Heatran, M
|poke|p1|Latios, M
|poke|p2|Shuckle, M
|poke|p2|Breloom, M
|poke|p2|Gyarados, M
|poke|p2|Absol, M
|poke|p2|Nidoking, M
|poke|p2|Charizard, M, shiny
|rule|Sleep Clause Mod: Limit one foe put to sleep
|rule|Species Clause: Limit one of each Pokemon
|rule|OHKO Clause: OHKO moves are banned
|rule|Moody Clause: Moody is banned
|rule|Evasion Moves Clause: Evasion moves are banned
|rule|Endless Battle Clause: Forcing endless battles is banned.
|rule|HP Percentage Mod: HP is reported as percentages
|teampreview
|
|start
|switch|p1a: Thundurus|Thundurus, M|300\/300
|switch|p2a: Gyarados|Gyarados, M|332\/332
|turn|1
|
|switch|p2a: Shuckle|Shuckle, M|244\/244
|move|p1a: Thundurus|Volt Switch|p2a: Shuckle
|-damage|p2a: Shuckle|189\/244
|
|switch|p1a: Vaporeon|Vaporeon, F|464\/464
|
|-heal|p2a: Shuckle|204\/244|[from] item: Leftovers
|turn|2
|
|move|p1a: Vaporeon|Toxic|p2a: Shuckle
|-status|p2a: Shuckle|tox
|move|p2a: Shuckle|Stealth Rock|p1a: Vaporeon
|-sidestart|p1: livEnwolC|move: Stealth Rock
|
|-heal|p2a: Shuckle|219\/244 tox|[from] item: Leftovers
|-damage|p2a: Shuckle|204\/244 tox|[from] psn
|turn|3
|
|move|p1a: Vaporeon|Scald|p2a: Shuckle
|-supereffective|p2a: Shuckle
|-damage|p2a: Shuckle|108\/244 tox
|move|p2a: Shuckle|Sticky Web|p1a: Vaporeon
|-sidestart|p1: livEnwolC|move: Sticky Web
|
|-heal|p2a: Shuckle|123\/244 tox|[from] item: Leftovers
|-damage|p2a: Shuckle|93\/244 tox|[from] psn
|turn|4
|
|switch|p1a: Scizor|Scizor, F|344\/344
|-damage|p1a: Scizor|301\/344|[from] Stealth Rock
|-activate|p1a: Scizor|move: Sticky Web
|-unboost|p1a: Scizor|spe|1
|move|p2a: Shuckle|Power Split|p1a: Scizor
|-activate|p2a: Shuckle|Power Split|[of] p1a: Scizor
|
|-heal|p2a: Shuckle|108\/244 tox|[from] item: Leftovers
|-damage|p2a: Shuckle|63\/244 tox|[from] psn
|turn|5
|
|move|p1a: Scizor|Defog|p2a: Shuckle
|-unboost|p2a: Shuckle|evasion|1
|-sideend|p1: livEnwolC|Stealth Rock|[from] move: Defog|[of] p1a: Scizor
|-sideend|p1: livEnwolC|Sticky Web|[from] move: Defog|[of] p1a: Scizor
|move|p2a: Shuckle|Gyro Ball|p1a: Scizor
|-resisted|p1a: Scizor
|-damage|p1a: Scizor|246\/344
|
|-heal|p2a: Shuckle|78\/244 tox|[from] item: Leftovers
|-damage|p2a: Shuckle|18\/244 tox|[from] psn
|turn|6
|
|move|p1a: Scizor|Bullet Punch|p2a: Shuckle
|-supereffective|p2a: Shuckle
|-damage|p2a: Shuckle|0 fnt
|faint|p2a: Shuckle
|
|
|switch|p2a: Gyarados|Gyarados, M|332\/332
|turn|7
|
|move|p2a: Gyarados|Waterfall|p1a: Scizor
|-damage|p1a: Scizor|101\/344
|move|p1a: Scizor|U-turn|p2a: Gyarados
|-resisted|p2a: Gyarados
|-damage|p2a: Gyarados|287\/332
|
|switch|p1a: Thundurus|Thundurus, M|300\/300
|
|turn|8
|
|switch|p2a: Nidoking|Nidoking, M|304\/304
|move|p1a: Thundurus|Volt Switch|p2a: Nidoking
|-immune|p2a: Nidoking|[msg]
|
|turn|9
|
|switch|p1a: Vaporeon|Vaporeon, F|464\/464
|move|p2a: Nidoking|Ice Beam|p1a: Vaporeon
|-resisted|p1a: Vaporeon
|-damage|p1a: Vaporeon|389\/464
|
|-heal|p1a: Vaporeon|418\/464|[from] item: Leftovers
|turn|10
|
|move|p2a: Nidoking|Thunderbolt|p1a: Vaporeon
|-supereffective|p1a: Vaporeon
|-damage|p1a: Vaporeon|101\/464
|move|p1a: Vaporeon|Scald|p2a: Nidoking
|-supereffective|p2a: Nidoking
|-damage|p2a: Nidoking|58\/304
|
|-heal|p1a: Vaporeon|130\/464|[from] item: Leftovers
|turn|11
|
|switch|p1a: Krookodile|Krookodile, M|332\/332
|move|p2a: Nidoking|Earth Power|p1a: Krookodile
|-damage|p1a: Krookodile|55\/332
|
|turn|12
|
|move|p1a: Krookodile|Knock Off|p2a: Nidoking
|-damage|p2a: Nidoking|0 fnt
|faint|p2a: Nidoking
|-boost|p1a: Krookodile|atk|1|[from] ability: Moxie
|
|
|switch|p2a: Gyarados|Gyarados, M|287\/332
|turn|13
|
|move|p1a: Krookodile|Knock Off|p2a: Gyarados
|-damage|p2a: Gyarados|13\/332
|-enditem|p2a: Gyarados|Focus Sash|[from] move: Knock Off|[of] p1a: Krookodile
|move|p2a: Gyarados|Dragon Dance|p2a: Gyarados
|-boost|p2a: Gyarados|atk|1
|-boost|p2a: Gyarados|spe|1
|
|turn|14
|
|move|p1a: Krookodile|Knock Off|p2a: Gyarados
|-damage|p2a: Gyarados|0 fnt
|faint|p2a: Gyarados
|-boost|p1a: Krookodile|atk|1|[from] ability: Moxie
|
|
|switch|p2a: Absol|Absol, M|334\/334
|turn|15
|
|move|p2a: Absol|Sucker Punch|p1a: Krookodile
|-crit|p1a: Krookodile
|-resisted|p1a: Krookodile
|-damage|p1a: Krookodile|0 fnt
|faint|p1a: Krookodile
|
|
|switch|p1a: Heatran|Heatran, M|386\/386
|-item|p1a: Heatran|Air Balloon
|turn|16
|
|move|p1a: Heatran|Lava Plume|p2a: Absol
|-damage|p2a: Absol|112\/334
|move|p2a: Absol|Swords Dance|p2a: Absol
|-boost|p2a: Absol|atk|2
|
|turn|17
|
|move|p2a: Absol|Sucker Punch|p1a: Heatran
|-crit|p1a: Heatran
|-damage|p1a: Heatran|0 fnt
|-enditem|p1a: Heatran|Air Balloon
|faint|p1a: Heatran
|
|chat|livEnwolC|>.>
|
|switch|p1a: Scizor|Scizor, F|101\/344
|turn|18
|
|move|p2a: Absol|Sucker Punch|p1a: Scizor
|-crit|p1a: Scizor
|-damage|p1a: Scizor|0 fnt
|faint|p1a: Scizor
|
|
|switch|p1a: Thundurus|Thundurus, M|300\/300
|turn|19
|
|move|p1a: Thundurus|Taunt|p2a: Absol
|-start|p2a: Absol|move: Taunt
|move|p2a: Absol|Sucker Punch|p1a: Thundurus
|-fail|p1a: Thundurus
|
|turn|20
|
|switch|p1a: Vaporeon|Vaporeon, F|130\/464
|move|p2a: Absol|Sucker Punch|p1a: Vaporeon
|-fail|p1a: Vaporeon
|
|-heal|p1a: Vaporeon|159\/464|[from] item: Leftovers
|turn|21
|
|move|p2a: Absol|Night Slash|p1a: Vaporeon
|-crit|p1a: Vaporeon
|-damage|p1a: Vaporeon|0 fnt
|faint|p1a: Vaporeon
|
|-end|p2a: Absol|move: Taunt
|
|switch|p1a: Thundurus|Thundurus, M|300\/300
|turn|22
|
|move|p2a: Absol|Sucker Punch|p1a: Thundurus
|-damage|p1a: Thundurus|0 fnt
|faint|p1a: Thundurus
|
|
|switch|p1a: Latios|Latios, M|302\/302
|turn|23
|chat|atcarder|boooom
|
|move|p2a: Absol|Sucker Punch|p1a: Latios
|-supereffective|p1a: Latios
|-damage|p1a: Latios|0 fnt
|faint|p1a: Latios
|
|win|atcarder
|raw|Ladder updating...
|raw|livEnwolC's rating: 1405 &rarr; <strong>1380<\/strong><br \/>(-25 for losing)
|raw|atcarder's rating: 1328 &rarr; <strong>1352<\/strong><br \/>(+24 for winning)
|leave|livEnwolC
|player|p1