|join|livEnwolC
|join|Cr0w
|player|p1|livEnwolC|59
|player|p2|Cr0w|153
|gametype|singles
|gen|6
|tier|OU
|rated
|clearpoke
|poke|p1|Swampert, M
|poke|p1|Skarmory, M
|poke|p1|Scizor, F
|poke|p1|Celebi
|poke|p1|Thundurus, M
|poke|p1|Heatran, F
|poke|p2|Sceptile, F, shiny
|poke|p2|Bisharp, M
|poke|p2|Rotom-Wash
|poke|p2|Talonflame, M
|poke|p2|Tentacruel, M, shiny
|poke|p2|Mamoswine, M
|rule|Swagger Clause: Swagger is banned
|rule|Baton Pass Clause: Limit one PokÃ©mon knowing Baton Pass
|rule|Sleep Clause Mod: Limit one foe put to sleep
|rule|Species Clause: Limit one of each PokÃ©mon
|rule|OHKO Clause: OHKO moves are banned
|rule|Moody Clause: Moody is banned
|rule|Evasion Moves Clause: Evasion moves are banned
|rule|Endless Battle Clause: Forcing endless battles is banned
|rule|HP Percentage Mod: HP is shown in percentages
|teampreview
|
|start
|switch|p1a: Machoke v2|Swampert, M|404\/404
|switch|p2a: Rotom-Wash|Rotom-Wash|301\/301
|turn|1
|
|switch|p1a: Celebrity|Celebi|404\/404
|move|p2a: Rotom-Wash|Will-O-Wisp|p1a: Celebrity
|-status|p1a: Celebrity|brn
|
|-damage|p1a: Celebrity|354\/404 brn|[from] brn
|turn|2
|
|switch|p2a: Bisharp|Bisharp, M|277\/277
|move|p1a: Celebrity|Toxic|p2a: Bisharp
|-fail|p2a: Bisharp
|
|-heal|p1a: Celebrity|379\/404 brn|[from] item: Leftovers
|-damage|p1a: Celebrity|329\/404 brn|[from] brn
|turn|3
|
|move|p1a: Celebrity|Heal Bell|p1a: Celebrity
|-cureteam|p1a: Celebrity|[from] move: HealBell
|move|p2a: Bisharp|Swords Dance|p2a: Bisharp
|-boost|p2a: Bisharp|atk|2
|
|-heal|p1a: Celebrity|354\/404|[from] item: Leftovers
|turn|4
|
|switch|p1a: Hard Body|Skarmory, M|334\/334
|move|p2a: Bisharp|Knock Off|p1a: Hard Body
|-damage|p1a: Hard Body|61\/334
|-damage|p2a: Bisharp|231\/277|[from] item: Rocky Helmet|[of] p1a: Hard Body
|-enditem|p1a: Hard Body|Rocky Helmet|[from] move: Knock Off|[of] p2a: Bisharp
|-damage|p2a: Bisharp|204\/277|[from] item: Life Orb
|
|turn|5
|
|move|p2a: Bisharp|Knock Off|p1a: Hard Body
|-damage|p1a: Hard Body|0 fnt
|-damage|p2a: Bisharp|177\/277|[from] item: Life Orb
|faint|p1a: Hard Body
|
|
|switch|p1a: Machoke v2|Swampert, M|404\/404
|turn|6
|
|detailschange|p1a: Machoke v2|Swampert-Mega, M
|message|Swampert has Mega Evolved into Mega Swampert!
|move|p2a: Bisharp|Sucker Punch|p1a: Machoke v2
|-damage|p1a: Machoke v2|49\/404
|-damage|p2a: Bisharp|150\/277|[from] item: Life Orb
|move|p1a: Machoke v2|Earthquake|p2a: Bisharp
|-supereffective|p2a: Bisharp
|-damage|p2a: Bisharp|0 fnt
|faint|p2a: Bisharp
|
|
|switch|p2a: Sceptile|Sceptile, F, shiny|281\/281
|turn|7
|
|detailschange|p2a: Sceptile|Sceptile-Mega, F, shiny
|message|Sceptile has Mega Evolved into Mega Sceptile!
|move|p2a: Sceptile|Dragon Pulse|p1a: Machoke v2
|-damage|p1a: Machoke v2|0 fnt
|faint|p1a: Machoke v2
|
|
|switch|p1a: Lebron Flames|Heatran, F|363\/363
|-item|p1a: Lebron Flames|Air Balloon
|turn|8
|
|switch|p2a: Tentacruel|Tentacruel, M, shiny|363\/363
|move|p1a: Lebron Flames|Lava Plume|p2a: Tentacruel
|-resisted|p2a: Tentacruel
|-damage|p2a: Tentacruel|317\/363
|-status|p2a: Tentacruel|brn
|
|-heal|p2a: Tentacruel|339\/363 brn|[from] item: Black Sludge
|-damage|p2a: Tentacruel|294\/363 brn|[from] brn
|turn|9
|
|switch|p1a: Celebrity|Celebi|354\/404
|move|p2a: Tentacruel|Toxic Spikes|p1a: Celebrity
|-sidestart|p1: livEnwolC|move: Toxic Spikes
|
|-heal|p2a: Tentacruel|316\/363 brn|[from] item: Black Sludge
|-heal|p1a: Celebrity|379\/404|[from] item: Leftovers
|-damage|p2a: Tentacruel|271\/363 brn|[from] brn
|turn|10
|
|switch|p1a: Gliscor (|Thundurus, M|300\/300
|move|p2a: Tentacruel|Toxic Spikes|p1a: Gliscor (
|-sidestart|p1: livEnwolC|move: Toxic Spikes
|
|-heal|p2a: Tentacruel|293\/363 brn|[from] item: Black Sludge
|-damage|p2a: Tentacruel|248\/363 brn|[from] brn
|turn|11
|
|switch|p2a: Mamoswine|Mamoswine, M|361\/361
|move|p1a: Gliscor (|Hidden Power|p2a: Mamoswine
|-damage|p2a: Mamoswine|255\/361
|
|turn|12
|
|switch|p1a: Edward|Scizor, F|344\/344
|move|p2a: Mamoswine|Ice Shard|p1a: Edward
|-resisted|p1a: Edward
|-damage|p1a: Edward|302\/344
|
|turn|13
|
|move|p2a: Mamoswine|Stealth Rock|p1a: Edward
|-sidestart|p1: livEnwolC|move: Stealth Rock
|move|p1a: Edward|Superpower|p2a: Mamoswine
|-supereffective|p2a: Mamoswine
|-damage|p2a: Mamoswine|0 fnt
|-unboost|p1a: Edward|atk|1
|-unboost|p1a: Edward|def|1
|faint|p2a: Mamoswine
|
|
|switch|p2a: Rotom-Wash|Rotom-Wash|301\/301
|turn|14
|
|switch|p1a: Celebrity|Celebi|379\/404
|-damage|p1a: Celebrity|329\/404|[from] Stealth Rock
|-status|p1a: Celebrity|tox
|move|p2a: Rotom-Wash|Volt Switch|p1a: Celebrity
|-resisted|p1a: Celebrity
|-damage|p1a: Celebrity|297\/404 tox
|
|switch|p2a: Talonflame|Talonflame, M|297\/297
|
|-heal|p1a: Celebrity|322\/404 tox|[from] item: Leftovers
|-damage|p1a: Celebrity|297\/404 tox|[from] psn
|turn|15
|
|switch|p1a: Lebron Flames|Heatran, F|363\/363
|-damage|p1a: Lebron Flames|318\/363|[from] Stealth Rock
|-item|p1a: Lebron Flames|Air Balloon
|move|p2a: Talonflame|U-turn|p1a: Lebron Flames
|-resisted|p1a: Lebron Flames
|-damage|p1a: Lebron Flames|298\/363
|-enditem|p1a: Lebron Flames|Air Balloon
|
|switch|p2a: Tentacruel|Tentacruel, M, shiny|248\/363 brn
|
|-heal|p2a: Tentacruel|270\/363 brn|[from] item: Black Sludge
|-damage|p2a: Tentacruel|225\/363 brn|[from] brn
|turn|16
|
|move|p2a: Tentacruel|Acid Spray|p1a: Lebron Flames
|-immune|p1a: Lebron Flames|[msg]
|move|p1a: Lebron Flames|Earth Power|p2a: Tentacruel
|-supereffective|p2a: Tentacruel
|-damage|p2a: Tentacruel|61\/363 brn
|
|-heal|p2a: Tentacruel|83\/363 brn|[from] item: Black Sludge
|-damage|p2a: Tentacruel|38\/363 brn|[from] brn
|turn|17
|
|switch|p1a: Celebrity|Celebi|297\/404
|-status|p1a: Celebrity|tox
|-damage|p1a: Celebrity|247\/404 tox|[from] Stealth Rock
|move|p2a: Tentacruel|Scald|p1a: Celebrity
|-resisted|p1a: Celebrity
|-damage|p1a: Celebrity|217\/404 tox
|
|-heal|p1a: Celebrity|242\/404 tox|[from] item: Leftovers
|-heal|p2a: Tentacruel|60\/363 brn|[from] item: Black Sludge
|-damage|p1a: Celebrity|217\/404 tox|[from] psn
|-damage|p2a: Tentacruel|15\/363 brn|[from] brn
|turn|18
|
|move|p1a: Celebrity|Skill Swap|p2a: Tentacruel
|-activate|p1a: Celebrity|move: Skill Swap|Liquid Ooze|Natural Cure|[of] p2a: Tentacruel
|move|p2a: Tentacruel|Scald|p1a: Celebrity
|-resisted|p1a: Celebrity
|-damage|p1a: Celebrity|189\/404 tox
|
|-heal|p1a: Celebrity|214\/404 tox|[from] item: Leftovers
|-heal|p2a: Tentacruel|37\/363 brn|[from] item: Black Sludge
|-damage|p2a: Tentacruel|0 fnt|[from] brn
|-damage|p1a: Celebrity|164\/404 tox|[from] psn
|faint|p2a: Tentacruel
|
|switch|p2a: Sceptile|Sceptile-Mega, F, shiny|281\/281
|turn|19
|
|move|p2a: Sceptile|Dragon Pulse|p1a: Celebrity
|-damage|p1a: Celebrity|34\/404 tox
|move|p1a: Celebrity|Skill Swap|p2a: Sceptile
|-activate|p1a: Celebrity|move: Skill Swap|Lightning Rod|Liquid Ooze|[of] p2a: Sceptile
|
|-heal|p1a: Celebrity|59\/404 tox|[from] item: Leftovers
|-damage|p1a: Celebrity|0 fnt|[from] psn
|faint|p1a: Celebrity
|
|switch|p1a: Gliscor (|Thundurus, M|300\/300
|-damage|p1a: Gliscor (|225\/300|[from] Stealth Rock
|turn|20
|
|switch|p2a: Rotom-Wash|Rotom-Wash|301\/301
|move|p1a: Gliscor (|Thunder Wave|p2a: Rotom-Wash
|-fail|p2a: Rotom-Wash
|
|turn|21
|
|switch|p2a: Sceptile|Sceptile-Mega, F, shiny|281\/281
|move|p1a: Gliscor (|Thunderbolt|p2a: Sceptile
|-boost|p2a: Sceptile|spa|1|[from] ability: Lightning Rod
|
|turn|22
|
|move|p2a: Sceptile|Dragon Pulse|p1a: Gliscor (
|-damage|p1a: Gliscor (|0 fnt
|faint|p1a: Gliscor (
|
|
|switch|p1a: Lebron Flames|Heatran, F|298\/363
|-damage|p1a: Lebron Flames|253\/363|[from] Stealth Rock
|turn|23
|
|move|p2a: Sceptile|Earthquake|p1a: Lebron Flames
|-supereffective|p1a: Lebron Flames
|-damage|p1a: Lebron Flames|0 fnt
|faint|p1a: Lebron Flames
|
|
|switch|p1a: Edward|Scizor, F|302\/344
|-damage|p1a: Edward|259\/344|[from] Stealth Rock
|turn|24
|
|move|p2a: Sceptile|Hidden Power|p1a: Edward
|-supereffective|p1a: Edward
|-damage|p1a: Edward|0 fnt
|faint|p1a: Edward
|
|win|Cr0w
|raw|Ladder updating...
|raw|livEnwolC's rating: 1433 &rarr; <strong>1412<\/strong><br \/>(-21 for losing)
|raw|Cr0w's rating: 1420 &rarr; <strong>1441<\/strong><br \/>(+21 for winning)
|leave|livEnwolC
|player|p1