|join|RLucas
|join|livEnwolC
|player|p1|RLucas|262
|player|p2|livEnwolC|59
|gametype|singles
|gen|6
|tier|OU
|rated
|clearpoke
|poke|p1|Absol, F
|poke|p1|Togekiss, F
|poke|p1|Garchomp, M
|poke|p1|Bisharp, M
|poke|p1|Starmie
|poke|p1|Glaceon, F
|poke|p2|Krookodile, F
|poke|p2|Gyarados, M, shiny
|poke|p2|Heatran, F
|poke|p2|Scizor, F
|poke|p2|Breloom, M
|poke|p2|Togekiss, F
|rule|Swagger Clause: Swagger is banned
|rule|Baton Pass Clause: Limit one PokÃ©mon knowing Baton Pass
|rule|Sleep Clause Mod: Limit one foe put to sleep
|rule|Species Clause: Limit one of each PokÃ©mon
|rule|OHKO Clause: OHKO moves are banned
|rule|Moody Clause: Moody is banned
|rule|Evasion Moves Clause: Evasion moves are banned
|rule|Endless Battle Clause: Forcing endless battles is banned
|rule|HP Percentage Mod: HP is reported as percentages
|teampreview
|
|start
|switch|p1a: Absol|Absol, F|271\/271
|switch|p2a: Dragon Tales|Gyarados, M, shiny|332\/332
|-ability|p2a: Dragon Tales|Intimidate|[of] p1a: Absol
|-unboost|p1a: Absol|atk|1
|turn|1
|
|detailschange|p1a: Absol|Absol-Mega, F
|message|Absol has Mega Evolved into Mega Absol!
|move|p2a: Dragon Tales|Dragon Dance|p2a: Dragon Tales
|-boost|p2a: Dragon Tales|atk|1
|-boost|p2a: Dragon Tales|spe|1
|move|p1a: Absol|Knock Off|p2a: Dragon Tales
|-crit|p2a: Dragon Tales
|-damage|p2a: Dragon Tales|89\/332
|
|turn|2
|
|detailschange|p2a: Dragon Tales|Gyarados-Mega, M, shiny
|message|Gyarados has Mega Evolved into Mega Gyarados!
|-ability|p2a: Dragon Tales|Mold Breaker
|move|p1a: Absol|Sucker Punch|p2a: Dragon Tales
|-fail|p2a: Dragon Tales
|move|p2a: Dragon Tales|Dragon Dance|p2a: Dragon Tales
|-boost|p2a: Dragon Tales|atk|1
|-boost|p2a: Dragon Tales|spe|1
|
|turn|3
|
|move|p1a: Absol|Sucker Punch|p2a: Dragon Tales
|-resisted|p2a: Dragon Tales
|-damage|p2a: Dragon Tales|39\/332
|move|p2a: Dragon Tales|Waterfall|p1a: Absol
|-damage|p1a: Absol|0 fnt
|faint|p1a: Absol
|
|
|switch|p1a: Bisharp|Bisharp, M|272\/272
|turn|4
|
|move|p1a: Bisharp|Sucker Punch|p2a: Dragon Tales
|-resisted|p2a: Dragon Tales
|-damage|p2a: Dragon Tales|0 fnt
|faint|p2a: Dragon Tales
|
|
|switch|p2a: Contact High|Breloom, M|324\/324
|turn|5
|
|switch|p1a: Starmie|Starmie|261\/261
|move|p2a: Contact High|Spore|p1a: Starmie
|-status|p1a: Starmie|slp
|
|-status|p2a: Contact High|tox|[from] item: Toxic Orb
|turn|6
|
|switch|p1a: Togekiss|Togekiss, F|312\/312
|move|p2a: Contact High|Seed Bomb|p1a: Togekiss
|-resisted|p1a: Togekiss
|-damage|p1a: Togekiss|234\/312
|
|-heal|p1a: Togekiss|253\/312|[from] item: Leftovers
|turn|7
|
|switch|p2a: Mr Krabz|Scizor, F|344\/344
|move|p1a: Togekiss|Air Slash|p2a: Mr Krabz
|-damage|p2a: Mr Krabz|188\/344
|
|-heal|p1a: Togekiss|272\/312|[from] item: Leftovers
|turn|8
|
|move|p2a: Mr Krabz|Bullet Punch|p1a: Togekiss
|-supereffective|p1a: Togekiss
|-damage|p1a: Togekiss|44\/312
|move|p1a: Togekiss|Fire Blast|p2a: Mr Krabz
|-supereffective|p2a: Mr Krabz
|-damage|p2a: Mr Krabz|0 fnt
|faint|p2a: Mr Krabz
|
|-heal|p1a: Togekiss|63\/312|[from] item: Leftovers
|
|switch|p2a: In a While|Krookodile, F|332\/332
|turn|9
|
|move|p2a: In a While|Pursuit|p1a: Togekiss
|-resisted|p1a: Togekiss
|-damage|p1a: Togekiss|30\/312
|move|p1a: Togekiss|Dazzling Gleam|p2a: In a While
|-supereffective|p2a: In a While
|-damage|p2a: In a While|0 fnt
|faint|p2a: In a While
|
|-heal|p1a: Togekiss|49\/312|[from] item: Leftovers
|
|switch|p2a: Token|Togekiss, F|374\/374
|turn|10
|
|move|p1a: Togekiss|Air Slash|p2a: Token
|-damage|p2a: Token|289\/374
|cant|p2a: Token|flinch
|
|-heal|p1a: Togekiss|68\/312|[from] item: Leftovers
|-heal|p2a: Token|312\/374|[from] item: Leftovers
|turn|11
|
|move|p1a: Togekiss|Air Slash|p2a: Token
|-damage|p2a: Token|230\/374
|cant|p2a: Token|flinch
|
|-heal|p1a: Togekiss|87\/312|[from] item: Leftovers
|-heal|p2a: Token|253\/374|[from] item: Leftovers
|turn|12
|
|move|p1a: Togekiss|Air Slash|p2a: Token
|-damage|p2a: Token|166\/374
|move|p2a: Token|Dazzling Gleam|p1a: Togekiss
|-damage|p1a: Togekiss|0 fnt
|faint|p1a: Togekiss
|
|-heal|p2a: Token|189\/374|[from] item: Leftovers
|
|switch|p1a: Glaceon|Glaceon, F|272\/272
|turn|13
|
|move|p1a: Glaceon|Frost Breath|p2a: Token
|-crit|p2a: Token
|-supereffective|p2a: Token
|-damage|p2a: Token|0 fnt
|faint|p2a: Token
|
|
|switch|p2a: Lebron Flames|Heatran, F|386\/386
|-item|p2a: Lebron Flames|Air Balloon
|turn|14
|
|move|p1a: Glaceon|Frost Breath|p2a: Lebron Flames|[miss]
|-miss|p1a: Glaceon|p2a: Lebron Flames
|move|p2a: Lebron Flames|Lava Plume|p1a: Glaceon
|-supereffective|p1a: Glaceon
|-damage|p1a: Glaceon|0 fnt
|faint|p1a: Glaceon
|
|
|switch|p1a: Starmie|Starmie|261\/261
|turn|15
|
|move|p1a: Starmie|Scald|p2a: Lebron Flames
|-supereffective|p2a: Lebron Flames
|-damage|p2a: Lebron Flames|74\/386
|-enditem|p2a: Lebron Flames|Air Balloon
|-damage|p1a: Starmie|235\/261|[from] item: Life Orb
|move|p2a: Lebron Flames|Lava Plume|p1a: Starmie
|-resisted|p1a: Starmie
|-damage|p1a: Starmie|141\/261
|
|turn|16
|
|switch|p2a: Contact High|Breloom, M|324\/324 tox
|move|p1a: Starmie|Scald|p2a: Contact High
|-resisted|p2a: Contact High
|-damage|p2a: Contact High|215\/324 tox
|-damage|p1a: Starmie|115\/261|[from] item: Life Orb
|
|-heal|p2a: Contact High|255\/324 tox|[from] ability: Poison Heal
|turn|17
|
|move|p1a: Starmie|Psyshock|p2a: Contact High
|-supereffective|p2a: Contact High
|-damage|p2a: Contact High|0 fnt
|-damage|p1a: Starmie|89\/261|[from] item: Life Orb
|faint|p2a: Contact High
|
|-message|livEnwolC forfeited.
|
|win|RLucas
|raw|Ladder updating...
|leave|livEnwolC
|player|p2
|raw|RLucas's rating: 1398 &rarr; <strong>1415<\/strong><br \/>(+17 for winning)
|raw|livEnwolC's rating: 1353 &rarr; <strong>1336<\/strong><br \/>(-17 for losing)