|join|livEnwolC
|join|operationutopia
|player|p1|livEnwolC|59
|player|p2|operationutopia|250
|gametype|singles
|gen|6
|tier|OU
|rated
|clearpoke
|poke|p1|Landorus-Therian, M
|poke|p1|Magnezone
|poke|p1|Dugtrio, F
|poke|p1|Gothitelle, M
|poke|p1|Thundurus, M
|poke|p1|Terrakion
|poke|p2|Beedrill, M, shiny
|poke|p2|Rhyperior, F
|poke|p2|Zapdos
|poke|p2|Mew, shiny
|poke|p2|Manaphy
|poke|p2|Rotom-Heat, shiny
|rule|Swagger Clause: Swagger is banned
|rule|Baton Pass Clause: Limit one PokÃ©mon knowing Baton Pass
|rule|Sleep Clause Mod: Limit one foe put to sleep
|rule|Species Clause: Limit one of each PokÃ©mon
|rule|OHKO Clause: OHKO moves are banned
|rule|Moody Clause: Moody is banned
|rule|Evasion Moves Clause: Evasion moves are banned
|rule|Endless Battle Clause: Forcing endless battles is banned
|rule|HP Percentage Mod: HP is shown in percentages
|teampreview
|
|start
|switch|p1a: Landorus-Therian|Landorus-Therian, M|320\/320
|switch|p2a: wutangisforever|Beedrill, M, shiny|271\/271
|-ability|p1a: Landorus-Therian|Intimidate|[of] p2a: wutangisforever
|-unboost|p2a: wutangisforever|atk|1
|turn|1
|
|detailschange|p2a: wutangisforever|Beedrill-Mega, M, shiny
|message|Beedrill has Mega Evolved into Mega Beedrill!
|move|p2a: wutangisforever|Protect|p2a: wutangisforever
|-singleturn|p2a: wutangisforever|Protect
|move|p1a: Landorus-Therian|Rock Slide|p2a: wutangisforever
|-activate|p2a: wutangisforever|Protect
|
|turn|2
|join|Jill Kews
|
|switch|p2a: Agatha|Rhyperior, F|434\/434
|move|p1a: Landorus-Therian|Rock Slide|p2a: Agatha
|-resisted|p2a: Agatha
|-damage|p2a: Agatha|406\/434
|
|-heal|p2a: Agatha|433\/434|[from] item: Leftovers
|turn|3
|
|switch|p1a: Gothitelle|Gothitelle, M|344\/344
|switch|p2a: wutangisforever|Beedrill-Mega, M, shiny|271\/271
|
|turn|4
|
|switch|p1a: Landorus-Therian|Landorus-Therian, M|320\/320
|-ability|p1a: Landorus-Therian|Intimidate|[of] p2a: wutangisforever
|-unboost|p2a: wutangisforever|atk|1
|move|p2a: wutangisforever|U-turn|p1a: Landorus-Therian
|-resisted|p1a: Landorus-Therian
|-damage|p1a: Landorus-Therian|257\/320
|
|switch|p2a: Agatha|Rhyperior, F|433\/434
|
|-heal|p2a: Agatha|434\/434|[from] item: Leftovers
|turn|5
|
|move|p1a: Landorus-Therian|Earthquake|p2a: Agatha
|-supereffective|p2a: Agatha
|-damage|p2a: Agatha|257\/434
|move|p2a: Agatha|Ice Punch|p1a: Landorus-Therian
|-supereffective|p1a: Landorus-Therian
|-damage|p1a: Landorus-Therian|0 fnt
|faint|p1a: Landorus-Therian
|
|-heal|p2a: Agatha|284\/434|[from] item: Leftovers
|
|switch|p1a: Gothitelle|Gothitelle, M|344\/344
|turn|6
|
|move|p1a: Gothitelle|Energy Ball|p2a: Agatha
|-supereffective|p2a: Agatha
|-damage|p2a: Agatha|0 fnt
|faint|p2a: Agatha
|
|
|switch|p2a: wutangisforever|Beedrill-Mega, M, shiny|271\/271
|turn|7
|
|switch|p1a: Magnezone|Magnezone|286\/286
|move|p2a: wutangisforever|U-turn|p1a: Magnezone
|-resisted|p1a: Magnezone
|-damage|p1a: Magnezone|199\/286
|
|switch|p2a: Scrotom-Burn|Rotom-Heat, shiny|241\/241
|
|turn|8
|
|move|p2a: Scrotom-Burn|Overheat|p1a: Magnezone
|-supereffective|p1a: Magnezone
|-damage|p1a: Magnezone|0 fnt
|-unboost|p2a: Scrotom-Burn|spa|2
|faint|p1a: Magnezone
|
|
|switch|p1a: Dugtrio|Dugtrio, F|212\/212
|turn|9
|
|switch|p2a: Cat Jesus|Mew, shiny|404\/404
|move|p1a: Dugtrio|Stealth Rock|p2a: Cat Jesus
|-sidestart|p2: operationutopia|move: Stealth Rock
|
|turn|10
|
|switch|p1a: Gothitelle|Gothitelle, M|344\/344
|move|p2a: Cat Jesus|Defog|p1a: Gothitelle
|-unboost|p1a: Gothitelle|evasion|1
|-sideend|p2: operationutopia|Stealth Rock|[from] move: Defog|[of] p2a: Cat Jesus
|
|turn|11
|
|move|p2a: Cat Jesus|Toxic|p1a: Gothitelle
|-status|p1a: Gothitelle|tox
|move|p1a: Gothitelle|Trick|p2a: Cat Jesus
|-activate|p1a: Gothitelle|move: Trick|[of] p2a: Cat Jesus
|-item|p2a: Cat Jesus|Choice Specs|[from] move: Trick
|-item|p1a: Gothitelle|Leftovers|[from] move: Trick
|
|-damage|p1a: Gothitelle|323\/344 tox|[from] psn
|turn|12
|
|move|p2a: Cat Jesus|Ice Beam|p1a: Gothitelle
|-damage|p1a: Gothitelle|232\/344 tox
|move|p1a: Gothitelle|Psychic|p2a: Cat Jesus
|-resisted|p2a: Cat Jesus
|-damage|p2a: Cat Jesus|327\/404
|
|-heal|p1a: Gothitelle|253\/344 tox|[from] item: Leftovers
|-damage|p1a: Gothitelle|211\/344 tox|[from] psn
|turn|13
|leave|Jill Kews
|
|switch|p1a: Dugtrio|Dugtrio, F|212\/212
|move|p2a: Cat Jesus|Ice Beam|p1a: Dugtrio
|-supereffective|p1a: Dugtrio
|-enditem|p1a: Dugtrio|Focus Sash
|-damage|p1a: Dugtrio|1\/212
|
|turn|14
|
|move|p1a: Dugtrio|Stealth Rock|p2a: Cat Jesus
|-sidestart|p2: operationutopia|move: Stealth Rock
|move|p2a: Cat Jesus|Ice Beam|p1a: Dugtrio
|-supereffective|p1a: Dugtrio
|-damage|p1a: Dugtrio|0 fnt
|faint|p1a: Dugtrio
|
|
|switch|p1a: Terrakion|Terrakion|323\/323
|turn|15
|
|move|p1a: Terrakion|Rock Slide|p2a: Cat Jesus
|-damage|p2a: Cat Jesus|186\/404
|cant|p2a: Cat Jesus|flinch
|
|turn|16
|
|move|p1a: Terrakion|Rock Slide|p2a: Cat Jesus
|-damage|p2a: Cat Jesus|48\/404
|move|p2a: Cat Jesus|Ice Beam|p1a: Terrakion
|-crit|p1a: Terrakion
|-damage|p1a: Terrakion|144\/323
|
|turn|17
|
|move|p1a: Terrakion|Rock Slide|p2a: Cat Jesus
|-miss|p1a: Terrakion|p2a: Cat Jesus
|move|p2a: Cat Jesus|Ice Beam|p1a: Terrakion
|-damage|p1a: Terrakion|33\/323
|
|turn|18
|
|move|p1a: Terrakion|Rock Slide|p2a: Cat Jesus
|-damage|p2a: Cat Jesus|0 fnt
|faint|p2a: Cat Jesus
|
|
|switch|p2a: Mannie|Manaphy|341\/341
|-damage|p2a: Mannie|299\/341|[from] Stealth Rock
|turn|19
|
|switch|p1a: Gothitelle|Gothitelle, M|211\/344 tox
|move|p2a: Mannie|Ice Beam|p1a: Gothitelle
|-crit|p1a: Gothitelle
|-damage|p1a: Gothitelle|82\/344 tox
|
|-heal|p1a: Gothitelle|103\/344 tox|[from] item: Leftovers
|-damage|p1a: Gothitelle|82\/344 tox|[from] psn
|turn|20
|
|move|p2a: Mannie|Surf|p1a: Gothitelle
|-damage|p1a: Gothitelle|0 fnt
|faint|p1a: Gothitelle
|
|
|switch|p1a: Thundurus|Thundurus, M|300\/300
|turn|21
|
|switch|p2a: Scrotom-Burn|Rotom-Heat, shiny|241\/241
|-damage|p2a: Scrotom-Burn|181\/241|[from] Stealth Rock
|move|p1a: Thundurus|Thunderbolt|p2a: Scrotom-Burn
|-resisted|p2a: Scrotom-Burn
|-damage|p2a: Scrotom-Burn|103\/241
|
|turn|22
|
|move|p2a: Scrotom-Burn|Thunderbolt|p1a: Thundurus
|-damage|p1a: Thundurus|138\/300
|move|p1a: Thundurus|Thunderbolt|p2a: Scrotom-Burn
|-resisted|p2a: Scrotom-Burn
|-damage|p2a: Scrotom-Burn|28\/241
|
|turn|23
|
|move|p2a: Scrotom-Burn|Thunderbolt|p1a: Thundurus
|-damage|p1a: Thundurus|0 fnt
|faint|p1a: Thundurus
|
|-message|livEnwolC forfeited.
|
|win|operationutopia
|raw|Ladder updating...
|leave|livEnwolC
|player|p1
|raw|livEnwolC's rating: 1319 &rarr; <strong>1301<\/strong><br \/>(-18 for losing)
|raw|operationutopia's rating: 1358 &rarr; <strong>1375<\/strong><br \/>(+17 for winning)