|join|livEnwolC
|join|KnigktTestsORAS
|player|p1|livEnwolC|59
|player|p2|KnigktTestsORAS|184
|gametype|singles
|gen|6
|tier|OU
|rated
|clearpoke
|poke|p1|Metagross
|poke|p1|Heatran, M
|poke|p1|Celebi
|poke|p1|Skarmory, M
|poke|p1|Dugtrio, M, shiny
|poke|p1|Terrakion
|poke|p2|Metagross
|poke|p2|Victini
|poke|p2|Greninja, F
|poke|p2|Landorus-Therian, M
|poke|p2|Ferrothorn, M
|poke|p2|Keldeo
|rule|Swagger Clause: Swagger is banned
|rule|Baton Pass Clause: Limit one PokÃ©mon knowing Baton Pass
|rule|Sleep Clause Mod: Limit one foe put to sleep
|rule|Species Clause: Limit one of each PokÃ©mon
|rule|OHKO Clause: OHKO moves are banned
|rule|Moody Clause: Moody is banned
|rule|Evasion Moves Clause: Evasion moves are banned
|rule|Endless Battle Clause: Forcing endless battles is banned
|rule|HP Percentage Mod: HP is shown in percentages
|teampreview
|
|start
|switch|p1a: Hard Body|Skarmory, M|292\/292
|switch|p2a: Keldeo|Keldeo|323\/323
|turn|1
|
|switch|p2a: Ferrothorn|Ferrothorn, M|352\/352
|move|p1a: Hard Body|Brave Bird|p2a: Ferrothorn
|-damage|p2a: Ferrothorn|255\/352
|-damage|p1a: Hard Body|256\/292|[from] ability: Iron Barbs|[of] p2a: Ferrothorn
|-damage|p1a: Hard Body|224\/292|[from] recoil|[of] p2a: Ferrothorn
|
|turn|2
|
|move|p1a: Hard Body|Spikes|p2a: Ferrothorn
|-sidestart|p2: KnigktTestsORAS|Spikes
|move|p2a: Ferrothorn|Spikes|p1a: Hard Body
|-sidestart|p1: livEnwolC|Spikes
|
|turn|3
|
|move|p1a: Hard Body|Spikes|p2a: Ferrothorn
|-sidestart|p2: KnigktTestsORAS|Spikes
|move|p2a: Ferrothorn|Leech Seed|p1a: Hard Body
|-start|p1a: Hard Body|move: Leech Seed
|
|-damage|p1a: Hard Body|188\/292|[from] Leech Seed|[of] p2a: Ferrothorn
|-heal|p2a: Ferrothorn|291\/352|[silent]
|turn|4
|
|switch|p1a: Lebron Flames|Heatran, M|366\/366
|-item|p1a: Lebron Flames|Air Balloon
|move|p2a: Ferrothorn|Spikes|p1a: Lebron Flames
|-sidestart|p1: livEnwolC|Spikes
|
|turn|5
|
|switch|p2a: Keldeo|Keldeo|323\/323
|-damage|p2a: Keldeo|270\/323|[from] Spikes
|move|p1a: Lebron Flames|Lava Plume|p2a: Keldeo
|-resisted|p2a: Keldeo
|-damage|p2a: Keldeo|177\/323
|
|turn|6
|
|switch|p1a: Celebrity|Celebi|404\/404
|-damage|p1a: Celebrity|337\/404|[from] Spikes
|move|p2a: Keldeo|Scald|p1a: Celebrity
|-resisted|p1a: Celebrity
|-damage|p1a: Celebrity|282\/404
|
|-heal|p1a: Celebrity|307\/404|[from] item: Leftovers
|turn|7
|
|switch|p2a: Ferrothorn|Ferrothorn, M|291\/352
|-damage|p2a: Ferrothorn|233\/352|[from] Spikes
|switch|p1a: Hard Body|Skarmory, M|188\/292
|
|turn|8
|
|move|p1a: Hard Body|Spikes|p2a: Ferrothorn
|-sidestart|p2: KnigktTestsORAS|Spikes
|move|p2a: Ferrothorn|Thunder Wave|p1a: Hard Body
|-status|p1a: Hard Body|par
|
|turn|9
|
|switch|p1a: Lebron Flames|Heatran, M|366\/366
|-item|p1a: Lebron Flames|Air Balloon
|move|p2a: Ferrothorn|Thunder Wave|p1a: Lebron Flames
|-status|p1a: Lebron Flames|par
|
|turn|10
|
|switch|p2a: Victini|Victini|341\/341
|-damage|p2a: Victini|256\/341|[from] Spikes
|cant|p1a: Lebron Flames|par
|
|-heal|p2a: Victini|277\/341|[from] item: Leftovers
|turn|11
|
|move|p2a: Victini|Substitute|p2a: Victini
|-start|p2a: Victini|Substitute
|-damage|p2a: Victini|192\/341
|move|p1a: Lebron Flames|Earth Power|p2a: Victini
|-supereffective|p2a: Victini
|-end|p2a: Victini|Substitute
|
|-heal|p2a: Victini|213\/341|[from] item: Leftovers
|turn|12
|
|move|p2a: Victini|Power-Up Punch|p1a: Lebron Flames
|-supereffective|p1a: Lebron Flames
|-damage|p1a: Lebron Flames|300\/366 par
|-enditem|p1a: Lebron Flames|Air Balloon
|-boost|p2a: Victini|atk|1
|move|p1a: Lebron Flames|Roar|p2a: Victini
|drag|p2a: Ferrothorn|Ferrothorn, M|233\/352
|-damage|p2a: Ferrothorn|145\/352|[from] Spikes
|
|turn|13
|
|move|p1a: Lebron Flames|Lava Plume|p2a: Ferrothorn
|-supereffective|p2a: Ferrothorn
|-damage|p2a: Ferrothorn|0 fnt
|faint|p2a: Ferrothorn
|
|
|switch|p2a: Greninja|Greninja, F|285\/285
|-damage|p2a: Greninja|214\/285|[from] Spikes
|turn|14
|
|switch|p1a: Hard Body|Skarmory, M|188\/292 par
|move|p2a: Greninja|Hydro Pump|p1a: Hard Body
|-start|p2a: Greninja|typechange|Water|[from] Protean
|-damage|p1a: Hard Body|0 fnt
|-damage|p2a: Greninja|186\/285|[from] item: Life Orb
|faint|p1a: Hard Body
|
|
|switch|p1a: Locked Up|Dugtrio, M, shiny|212\/212
|-damage|p1a: Locked Up|177\/212|[from] Spikes
|turn|15
|
|switch|p1a: Celebrity|Celebi|307\/404
|-damage|p1a: Celebrity|240\/404|[from] Spikes
|move|p2a: Greninja|Dark Pulse|p1a: Celebrity
|-start|p2a: Greninja|typechange|Dark|[from] Protean
|-supereffective|p1a: Celebrity
|-damage|p1a: Celebrity|19\/404
|-damage|p2a: Greninja|158\/285|[from] item: Life Orb
|
|-heal|p1a: Celebrity|44\/404|[from] item: Leftovers
|turn|16
|c|âKnigktTestsORAS|?
|
|move|p2a: Greninja|Ice Beam|p1a: Celebrity
|-start|p2a: Greninja|typechange|Ice|[from] Protean
|-supereffective|p1a: Celebrity
|-damage|p1a: Celebrity|0 fnt
|-damage|p2a: Greninja|130\/285|[from] item: Life Orb
|faint|p1a: Celebrity
|
|
|switch|p1a: Meta Knight|Metagross|364\/364
|-damage|p1a: Meta Knight|304\/364|[from] Spikes
|turn|17
|
|detailschange|p1a: Meta Knight|Metagross-Mega
|message|Metagross has Mega Evolved into Mega Metagross!
|move|p1a: Meta Knight|Bullet Punch|p2a: Greninja
|-supereffective|p2a: Greninja
|-damage|p2a: Greninja|0 fnt
|faint|p2a: Greninja
|
|
|switch|p2a: Landorus-Therian|Landorus-Therian, M|381\/381
|-ability|p2a: Landorus-Therian|Intimidate|[of] p1a: Meta Knight
|-unboost|p1a: Meta Knight|atk|1
|turn|18
|
|move|p1a: Meta Knight|Ice Punch|p2a: Landorus-Therian
|-supereffective|p2a: Landorus-Therian
|-damage|p2a: Landorus-Therian|49\/381
|move|p2a: Landorus-Therian|Earthquake|p1a: Meta Knight
|-supereffective|p1a: Meta Knight
|-damage|p1a: Meta Knight|62\/364
|
|-heal|p2a: Landorus-Therian|72\/381|[from] item: Leftovers
|turn|19
|
|move|p1a: Meta Knight|Ice Punch|p2a: Landorus-Therian
|-supereffective|p2a: Landorus-Therian
|-damage|p2a: Landorus-Therian|0 fnt
|faint|p2a: Landorus-Therian
|
|
|switch|p2a: Keldeo|Keldeo|177\/323
|-damage|p2a: Keldeo|97\/323|[from] Spikes
|turn|20
|
|switch|p1a: Locked Up|Dugtrio, M, shiny|177\/212
|-damage|p1a: Locked Up|142\/212|[from] Spikes
|move|p2a: Keldeo|Secret Sword|p1a: Locked Up
|-damage|p1a: Locked Up|0 fnt
|faint|p1a: Locked Up
|
|
|switch|p1a: Boddy Bag|Terrakion|323\/323
|-damage|p1a: Boddy Bag|270\/323|[from] Spikes
|turn|21
|c|âKnigktTestsORAS|speed tieeeeeee
|
|move|p2a: Keldeo|Secret Sword|p1a: Boddy Bag
|-crit|p1a: Boddy Bag
|-supereffective|p1a: Boddy Bag
|-damage|p1a: Boddy Bag|0 fnt
|faint|p1a: Boddy Bag
|
|c|âKnigktTestsORAS|yeah buddy
|c|âKnigktTestsORAS|gg
|
|switch|p1a: Meta Knight|Metagross-Mega|62\/364
|-damage|p1a: Meta Knight|2\/364|[from] Spikes
|turn|22
|
|move|p1a: Meta Knight|Bullet Punch|p2a: Keldeo
|-resisted|p2a: Keldeo
|-damage|p2a: Keldeo|36\/323
|move|p2a: Keldeo|Secret Sword|p1a: Meta Knight
|-damage|p1a: Meta Knight|0 fnt
|faint|p1a: Meta Knight
|
|
|switch|p1a: Lebron Flames|Heatran, M|300\/366 par
|-damage|p1a: Lebron Flames|239\/366 par|[from] Spikes
|turn|23
|
|move|p2a: Keldeo|Secret Sword|p1a: Lebron Flames
|-crit|p1a: Lebron Flames
|-supereffective|p1a: Lebron Flames
|-damage|p1a: Lebron Flames|0 fnt
|faint|p1a: Lebron Flames
|
|win|KnigktTestsORAS
|raw|Ladder updating...
|raw|livEnwolC's rating: 1327 &rarr; <strong>1310<\/strong><br \/>(-17 for losing)
|raw|KnigktTestsORAS's rating: 1381 &rarr; <strong>1398<\/strong><br \/>(+17 for winning)
|leave|livEnwolC
|player|p1
|join|Vin Mooroo
|leave|Vin Mooroo
|join|Vin E4 CR3EPS
|leave|Vin E4 CR3EPS
|join|Vin Mooroo