|join|livEnwolC
|join|ousurvey 2.0
|player|p1|livEnwolC|59
|player|p2|ousurvey 2.0|42
|gametype|singles
|gen|6
|tier|OU
|rated
|clearpoke
|poke|p1|Metagross
|poke|p1|Heatran, M
|poke|p1|Celebi
|poke|p1|Skarmory, M
|poke|p1|Dugtrio, F, shiny
|poke|p1|Terrakion
|poke|p2|Scolipede, M
|poke|p2|Charizard, F
|poke|p2|Clefable, M
|poke|p2|Mandibuzz, F
|poke|p2|Rotom-Wash
|poke|p2|Azumarill, F
|rule|Swagger Clause: Swagger is banned
|rule|Baton Pass Clause: Limit one PokÃ©mon knowing Baton Pass
|rule|Sleep Clause Mod: Limit one foe put to sleep
|rule|Species Clause: Limit one of each PokÃ©mon
|rule|OHKO Clause: OHKO moves are banned
|rule|Moody Clause: Moody is banned
|rule|Evasion Moves Clause: Evasion moves are banned
|rule|Endless Battle Clause: Forcing endless battles is banned
|rule|HP Percentage Mod: HP is shown in percentages
|teampreview
|c|âousurvey 2.0|gl, hf?
|
|start
|switch|p1a: Lebron Flames|Heatran, M|366\/366
|switch|p2a: Eeks|Rotom-Wash|303\/303
|-item|p1a: Lebron Flames|Air Balloon
|turn|1
|
|switch|p1a: Celebrity|Celebi|404\/404
|move|p2a: Eeks|Volt Switch|p1a: Celebrity
|-resisted|p1a: Celebrity
|-damage|p1a: Celebrity|371\/404
|
|switch|p2a: Steamroller|Scolipede, M|315\/315
|
|-heal|p1a: Celebrity|396\/404|[from] item: Leftovers
|turn|2
|
|switch|p1a: Lebron Flames|Heatran, M|366\/366
|-item|p1a: Lebron Flames|Air Balloon
|move|p2a: Steamroller|Substitute|p2a: Steamroller
|-start|p2a: Steamroller|Substitute
|-damage|p2a: Steamroller|237\/315
|
|-heal|p2a: Steamroller|256\/315|[from] item: Black Sludge
|-boost|p2a: Steamroller|spe|1|[from] ability: Speed Boost
|turn|3
|
|move|p2a: Steamroller|Baton Pass|p2a: Steamroller
|
|switch|p2a: Azure|Azumarill, F|365\/365
|move|p1a: Lebron Flames|Roar|p2a: Azure
|drag|p2a: Luma|Clefable, M|392\/392
|
|turn|4
|
|move|p1a: Lebron Flames|Lava Plume|p2a: Luma
|-damage|p2a: Luma|239\/392
|move|p2a: Luma|Wish|p2a: Luma
|
|-heal|p2a: Luma|263\/392|[from] item: Leftovers
|turn|5
|
|move|p1a: Lebron Flames|Lava Plume|p2a: Luma
|-damage|p2a: Luma|104\/392
|-status|p2a: Luma|brn
|move|p2a: Luma|Moonblast|p1a: Lebron Flames
|-resisted|p1a: Lebron Flames
|-damage|p1a: Lebron Flames|340\/366
|-enditem|p1a: Lebron Flames|Air Balloon
|
|-heal|p2a: Luma|300\/392 brn|[from] move: Wish|[wisher] Luma
|-heal|p2a: Luma|324\/392 brn|[from] item: Leftovers
|turn|6
|
|switch|p2a: Eeks|Rotom-Wash|303\/303
|move|p1a: Lebron Flames|Lava Plume|p2a: Eeks
|-resisted|p2a: Eeks
|-damage|p2a: Eeks|250\/303
|
|-heal|p2a: Eeks|268\/303|[from] item: Leftovers
|turn|7
|
|switch|p1a: Celebrity|Celebi|396\/404
|move|p2a: Eeks|Hydro Pump|p1a: Celebrity
|-resisted|p1a: Celebrity
|-damage|p1a: Celebrity|350\/404
|
|-heal|p1a: Celebrity|375\/404|[from] item: Leftovers
|-heal|p2a: Eeks|286\/303|[from] item: Leftovers
|turn|8
|
|switch|p2a: Nicholas|Charizard, F|351\/351
|move|p1a: Celebrity|Toxic|p2a: Nicholas
|-status|p2a: Nicholas|tox
|
|-heal|p1a: Celebrity|400\/404|[from] item: Leftovers
|-damage|p2a: Nicholas|330\/351 tox|[from] psn
|turn|9
|
|switch|p1a: Lebron Flames|Heatran, M|340\/366
|detailschange|p2a: Nicholas|Charizard-Mega-X, F
|message|Charizard has Mega Evolved into Mega Charizard!
|move|p2a: Nicholas|Dragon Claw|p1a: Lebron Flames
|-resisted|p1a: Lebron Flames
|-damage|p1a: Lebron Flames|265\/366
|
|-damage|p2a: Nicholas|288\/351 tox|[from] psn
|turn|10
|
|switch|p2a: Azure|Azumarill, F|365\/365
|switch|p1a: Hard Body|Skarmory, M|292\/292
|
|turn|11
|
|move|p1a: Hard Body|Spikes|p2a: Azure
|-sidestart|p2: ousurvey 2.0|Spikes
|move|p2a: Azure|Waterfall|p1a: Hard Body
|-damage|p1a: Hard Body|166\/292
|-damage|p2a: Azure|305\/365|[from] item: Rocky Helmet|[of] p1a: Hard Body
|
|-heal|p2a: Azure|327\/365|[from] item: Leftovers
|turn|12
|
|switch|p2a: Iron Maiden|Mandibuzz, F|421\/421
|move|p1a: Hard Body|Roost|p1a: Hard Body
|-heal|p1a: Hard Body|292\/292
|
|turn|13
|
|switch|p1a: Boddy Bag|Terrakion|323\/323
|move|p2a: Iron Maiden|Defog|p1a: Boddy Bag
|-unboost|p1a: Boddy Bag|evasion|1
|-sideend|p2: ousurvey 2.0|Spikes|[from] move: Defog|[of] p2a: Iron Maiden
|
|turn|14
|
|move|p1a: Boddy Bag|Rock Slide|p2a: Iron Maiden
|-supereffective|p2a: Iron Maiden
|-damage|p2a: Iron Maiden|245\/421
|cant|p2a: Iron Maiden|flinch
|
|turn|15
|
|switch|p2a: Eeks|Rotom-Wash|286\/303
|move|p1a: Boddy Bag|Rock Slide|p2a: Eeks
|-damage|p2a: Eeks|163\/303
|
|-heal|p2a: Eeks|181\/303|[from] item: Leftovers
|turn|16
|
|switch|p1a: Celebrity|Celebi|400\/404
|move|p2a: Eeks|Volt Switch|p1a: Celebrity
|-crit|p1a: Celebrity
|-resisted|p1a: Celebrity
|-damage|p1a: Celebrity|349\/404
|
|switch|p2a: Steamroller|Scolipede, M|256\/315
|
|-heal|p2a: Steamroller|275\/315|[from] item: Black Sludge
|-heal|p1a: Celebrity|374\/404|[from] item: Leftovers
|turn|17
|
|switch|p1a: Lebron Flames|Heatran, M|265\/366
|move|p2a: Steamroller|Baton Pass|p2a: Steamroller
|
|switch|p2a: Eeks|Rotom-Wash|181\/303
|
|-heal|p2a: Eeks|199\/303|[from] item: Leftovers
|turn|18
|
|switch|p1a: Celebrity|Celebi|374\/404
|move|p2a: Eeks|Pain Split|p1a: Celebrity
|-sethp|p1a: Celebrity|286\/404|p2a: Eeks|286\/303|[from] move: Pain Split
|
|-heal|p1a: Celebrity|311\/404|[from] item: Leftovers
|-heal|p2a: Eeks|303\/303|[from] item: Leftovers
|turn|19
|
|switch|p2a: Luma|Clefable, M|324\/392 brn
|move|p1a: Celebrity|Thunder Wave|p2a: Luma
|-fail|p2a: Luma
|
|-heal|p1a: Celebrity|336\/404|[from] item: Leftovers
|-heal|p2a: Luma|348\/392 brn|[from] item: Leftovers
|turn|20
|
|switch|p1a: Meta Knight|Metagross|364\/364
|move|p2a: Luma|Wish|p2a: Luma
|
|-heal|p2a: Luma|372\/392 brn|[from] item: Leftovers
|turn|21
|
|switch|p2a: Iron Maiden|Mandibuzz, F|245\/421
|detailschange|p1a: Meta Knight|Metagross-Mega
|message|Metagross has Mega Evolved into Mega Metagross!
|move|p1a: Meta Knight|Bullet Punch|p2a: Iron Maiden
|-crit|p2a: Iron Maiden
|-damage|p2a: Iron Maiden|130\/421
|-damage|p1a: Meta Knight|304\/364|[from] item: Rocky Helmet|[of] p2a: Iron Maiden
|
|-heal|p2a: Iron Maiden|326\/421|[from] move: Wish|[wisher] Luma
|turn|22
|c|âousurvey 2.0|Nice nickname
|
|switch|p1a: Hard Body|Skarmory, M|292\/292
|move|p2a: Iron Maiden|Roost|p2a: Iron Maiden
|-heal|p2a: Iron Maiden|421\/421
|
|turn|23
|
|switch|p2a: Eeks|Rotom-Wash|303\/303
|move|p1a: Hard Body|Spikes|p2a: Eeks
|-sidestart|p2: ousurvey 2.0|Spikes
|
|turn|24
|
|switch|p1a: Celebrity|Celebi|336\/404
|move|p2a: Eeks|Volt Switch|p1a: Celebrity
|-resisted|p1a: Celebrity
|-damage|p1a: Celebrity|303\/404
|
|switch|p2a: Luma|Clefable, M|372\/392 brn
|
|-heal|p1a: Celebrity|328\/404|[from] item: Leftovers
|-heal|p2a: Luma|392\/392 brn|[from] item: Leftovers
|turn|25
|
|switch|p1a: Boddy Bag|Terrakion|323\/323
|move|p2a: Luma|Aromatherapy|p2a: Luma
|-cureteam|p2a: Luma|[from] move: Aromatherapy
|
|turn|26
|
|move|p1a: Boddy Bag|Poison Jab|p2a: Luma
|-supereffective|p2a: Luma
|-damage|p2a: Luma|214\/392
|-status|p2a: Luma|psn
|move|p2a: Luma|Moonblast|p1a: Boddy Bag
|-supereffective|p1a: Boddy Bag
|-damage|p1a: Boddy Bag|71\/323
|-unboost|p1a: Boddy Bag|spa|1
|
|-heal|p2a: Luma|238\/392 psn|[from] item: Leftovers
|turn|27
|
|switch|p1a: Hard Body|Skarmory, M|292\/292
|switch|p2a: Steamroller|Scolipede, M|275\/315
|-damage|p2a: Steamroller|236\/315|[from] Spikes
|
|-heal|p2a: Steamroller|255\/315|[from] item: Black Sludge
|turn|28
|
|move|p2a: Steamroller|Baton Pass|p2a: Steamroller
|
|switch|p2a: Iron Maiden|Mandibuzz, F|421\/421
|move|p1a: Hard Body|Spikes|p2a: Iron Maiden
|-sidestart|p2: ousurvey 2.0|Spikes
|
|turn|29
|
|switch|p1a: Celebrity|Celebi|328\/404
|move|p2a: Iron Maiden|Defog|p1a: Celebrity
|-unboost|p1a: Celebrity|evasion|1
|-sideend|p2: ousurvey 2.0|Spikes|[from] move: Defog|[of] p2a: Iron Maiden
|
|-heal|p1a: Celebrity|353\/404|[from] item: Leftovers
|turn|30
|
|move|p1a: Celebrity|Toxic|p2a: Iron Maiden
|-status|p2a: Iron Maiden|tox
|move|p2a: Iron Maiden|U-turn|p1a: Celebrity
|-supereffective|p1a: Celebrity
|-damage|p1a: Celebrity|201\/404
|
|switch|p2a: Azure|Azumarill, F|327\/365
|
|-heal|p1a: Celebrity|226\/404|[from] item: Leftovers
|-heal|p2a: Azure|349\/365|[from] item: Leftovers
|turn|31
|
|move|p1a: Celebrity|Giga Drain|p2a: Azure
|-supereffective|p2a: Azure
|-damage|p2a: Azure|121\/365
|-heal|p1a: Celebrity|340\/404|[from] drain|[of] p2a: Azure
|move|p2a: Azure|Play Rough|p1a: Celebrity
|-damage|p1a: Celebrity|151\/404
|
|-heal|p1a: Celebrity|176\/404|[from] item: Leftovers
|-heal|p2a: Azure|143\/365|[from] item: Leftovers
|turn|32
|
|switch|p2a: Luma|Clefable, M|238\/392 psn
|move|p1a: Celebrity|Thunder Wave|p2a: Luma
|-fail|p2a: Luma
|
|-heal|p1a: Celebrity|201\/404|[from] item: Leftovers
|-heal|p2a: Luma|262\/392 psn|[from] item: Leftovers
|turn|33
|
|switch|p1a: Meta Knight|Metagross-Mega|304\/364
|move|p2a: Luma|Wish|p2a: Luma
|
|-heal|p2a: Luma|286\/392 psn|[from] item: Leftovers
|turn|34
|
|move|p1a: Meta Knight|Pursuit|p2a: Luma|[from]Pursuit
|-resisted|p2a: Luma
|-damage|p2a: Luma|218\/392 psn
|switch|p2a: Nicholas|Charizard-Mega-X, F|288\/351
|
|-heal|p2a: Nicholas|351\/351|[from] move: Wish|[wisher] Luma
|turn|35
|
|switch|p1a: Hard Body|Skarmory, M|292\/292
|move|p2a: Nicholas|Flare Blitz|p1a: Hard Body
|-supereffective|p1a: Hard Body
|-activate|p1a: Hard Body|Sturdy
|-damage|p1a: Hard Body|1\/292
|-damage|p2a: Nicholas|293\/351|[from] item: Rocky Helmet|[of] p1a: Hard Body
|-status|p1a: Hard Body|brn
|-damage|p2a: Nicholas|197\/351|[from] recoil|[of] p1a: Hard Body
|
|-damage|p1a: Hard Body|0 fnt|[from] brn
|faint|p1a: Hard Body
|
|switch|p1a: Locked Up|Dugtrio, F, shiny|212\/212
|turn|36
|
|move|p1a: Locked Up|Earthquake|p2a: Nicholas
|-supereffective|p2a: Nicholas
|-damage|p2a: Nicholas|0 fnt
|faint|p2a: Nicholas
|
|
|switch|p2a: Iron Maiden|Mandibuzz, F|421\/421 tox
|turn|37
|
|move|p1a: Locked Up|Protect|p1a: Locked Up
|-singleturn|p1a: Locked Up|Protect
|move|p2a: Iron Maiden|U-turn|p1a: Locked Up
|-activate|p1a: Locked Up|Protect
|
|-damage|p2a: Iron Maiden|395\/421 tox|[from] psn
|turn|38
|
|move|p1a: Locked Up|Stealth Rock|p2a: Iron Maiden
|-sidestart|p2: ousurvey 2.0|move: Stealth Rock
|move|p2a: Iron Maiden|U-turn|p1a: Locked Up
|-damage|p1a: Locked Up|147\/212
|
|switch|p2a: Luma|Clefable, M|218\/392 psn
|
|-heal|p2a: Luma|242\/392 psn|[from] item: Leftovers
|turn|39
|
|switch|p1a: Meta Knight|Metagross-Mega|304\/364
|move|p2a: Luma|Wish|p2a: Luma
|
|-heal|p2a: Luma|266\/392 psn|[from] item: Leftovers
|turn|40
|
|move|p1a: Meta Knight|Ice Punch|p2a: Luma
|-damage|p2a: Luma|119\/392 psn
|move|p2a: Luma|Aromatherapy|p2a: Luma
|-cureteam|p2a: Luma|[from] move: Aromatherapy
|
|-heal|p2a: Luma|315\/392|[from] move: Wish|[wisher] Luma
|-heal|p2a: Luma|339\/392|[from] item: Leftovers
|turn|41
|
|switch|p2a: Eeks|Rotom-Wash|303\/303
|-damage|p2a: Eeks|266\/303|[from] Stealth Rock
|move|p1a: Meta Knight|Ice Punch|p2a: Eeks
|-resisted|p2a: Eeks
|-damage|p2a: Eeks|206\/303
|
|-heal|p2a: Eeks|224\/303|[from] item: Leftovers
|turn|42
|
|switch|p1a: Celebrity|Celebi|201\/404
|move|p2a: Eeks|Will-O-Wisp|p1a: Celebrity
|-status|p1a: Celebrity|brn
|
|-heal|p1a: Celebrity|226\/404 brn|[from] item: Leftovers
|-heal|p2a: Eeks|242\/303|[from] item: Leftovers
|-damage|p1a: Celebrity|176\/404 brn|[from] brn
|turn|43
|
|move|p1a: Celebrity|Giga Drain|p2a: Eeks
|-supereffective|p2a: Eeks
|-damage|p2a: Eeks|126\/303
|-heal|p1a: Celebrity|234\/404 brn|[from] drain|[of] p2a: Eeks
|move|p2a: Eeks|Volt Switch|p1a: Celebrity
|-resisted|p1a: Celebrity
|-damage|p1a: Celebrity|204\/404 brn
|
|switch|p2a: Iron Maiden|Mandibuzz, F|395\/421
|-damage|p2a: Iron Maiden|290\/421|[from] Stealth Rock
|
|-heal|p1a: Celebrity|229\/404 brn|[from] item: Leftovers
|-damage|p1a: Celebrity|179\/404 brn|[from] brn
|turn|44
|
|move|p1a: Celebrity|Toxic|p2a: Iron Maiden
|-status|p2a: Iron Maiden|tox
|move|p2a: Iron Maiden|Defog|p1a: Celebrity
|-unboost|p1a: Celebrity|evasion|1
|-sideend|p2: ousurvey 2.0|Stealth Rock|[from] move: Defog|[of] p2a: Iron Maiden
|
|-heal|p1a: Celebrity|204\/404 brn|[from] item: Leftovers
|-damage|p1a: Celebrity|154\/404 brn|[from] brn
|-damage|p2a: Iron Maiden|264\/421 tox|[from] psn
|turn|45
|
|switch|p1a: Locked Up|Dugtrio, F, shiny|147\/212
|move|p2a: Iron Maiden|U-turn|p1a: Locked Up
|-damage|p1a: Locked Up|87\/212
|
|switch|p2a: Azure|Azumarill, F|143\/365
|
|-heal|p2a: Azure|165\/365|[from] item: Leftovers
|turn|46
|
|move|p2a: Azure|Aqua Jet|p1a: Locked Up
|-supereffective|p1a: Locked Up
|-damage|p1a: Locked Up|0 fnt
|faint|p1a: Locked Up
|
|-heal|p2a: Azure|187\/365|[from] item: Leftovers
|
|switch|p1a: Celebrity|Celebi|154\/404
|turn|47
|
|switch|p2a: Steamroller|Scolipede, M|255\/315
|move|p1a: Celebrity|Thunder Wave|p2a: Steamroller
|-status|p2a: Steamroller|par
|
|-heal|p1a: Celebrity|179\/404|[from] item: Leftovers
|-heal|p2a: Steamroller|274\/315 par|[from] item: Black Sludge
|turn|48
|
|switch|p1a: Lebron Flames|Heatran, M|265\/366
|move|p2a: Steamroller|Baton Pass|p2a: Steamroller
|
|switch|p2a: Azure|Azumarill, F|187\/365
|
|-heal|p2a: Azure|209\/365|[from] item: Leftovers
|turn|49
|
|move|p1a: Lebron Flames|Lava Plume|p2a: Azure
|-resisted|p2a: Azure
|-damage|p2a: Azure|110\/365
|move|p2a: Azure|Waterfall|p1a: Lebron Flames
|-supereffective|p1a: Lebron Flames
|-damage|p1a: Lebron Flames|0 fnt
|faint|p1a: Lebron Flames
|
|-heal|p2a: Azure|132\/365|[from] item: Leftovers
|
|switch|p1a: Celebrity|Celebi|179\/404
|turn|50
|
|switch|p2a: Luma|Clefable, M|339\/392
|move|p1a: Celebrity|Giga Drain|p2a: Luma
|-damage|p2a: Luma|251\/392
|-heal|p1a: Celebrity|223\/404|[from] drain|[of] p2a: Luma
|
|-heal|p1a: Celebrity|248\/404|[from] item: Leftovers
|-heal|p2a: Luma|275\/392|[from] item: Leftovers
|turn|51
|
|switch|p1a: Meta Knight|Metagross-Mega|304\/364
|move|p2a: Luma|Wish|p2a: Luma
|
|-heal|p2a: Luma|299\/392|[from] item: Leftovers
|turn|52
|
|switch|p2a: Eeks|Rotom-Wash|126\/303
|move|p1a: Meta Knight|Bullet Punch|p2a: Eeks
|-resisted|p2a: Eeks
|-damage|p2a: Eeks|103\/303
|
|-heal|p2a: Eeks|299\/303|[from] move: Wish|[wisher] Luma
|-heal|p2a: Eeks|303\/303|[from] item: Leftovers
|turn|53
|
|switch|p1a: Celebrity|Celebi|248\/404
|move|p2a: Eeks|Will-O-Wisp|p1a: Celebrity
|-status|p1a: Celebrity|brn
|
|-heal|p1a: Celebrity|273\/404 brn|[from] item: Leftovers
|-damage|p1a: Celebrity|223\/404 brn|[from] brn
|turn|54
|
|move|p1a: Celebrity|Toxic|p2a: Eeks
|-status|p2a: Eeks|tox
|move|p2a: Eeks|Volt Switch|p1a: Celebrity
|-resisted|p1a: Celebrity
|-damage|p1a: Celebrity|190\/404 brn
|
|switch|p2a: Luma|Clefable, M|299\/392
|
|-heal|p1a: Celebrity|215\/404 brn|[from] item: Leftovers
|-heal|p2a: Luma|323\/392|[from] item: Leftovers
|-damage|p1a: Celebrity|165\/404 brn|[from] brn
|turn|55
|
|move|p1a: Celebrity|Thunder Wave|p2a: Luma
|-status|p2a: Luma|par
|move|p2a: Luma|Aromatherapy|p2a: Luma
|-cureteam|p2a: Luma|[from] move: Aromatherapy
|
|-heal|p1a: Celebrity|190\/404 brn|[from] item: Leftovers
|-heal|p2a: Luma|347\/392|[from] item: Leftovers
|-damage|p1a: Celebrity|140\/404 brn|[from] brn
|turn|56
|-message|livEnwolC forfeited.
|
|win|ousurvey 2.0
|raw|Ladder updating...
|leave|livEnwolC
|player|p1
|raw|livEnwolC's rating: 1307 &rarr; <strong>1284<\/strong><br \/>(-23 for losing)
|raw|ousurvey 2.0's rating: 1253 &rarr; <strong>1282<\/strong><br \/>(+29 for winning)