|join|livEnwolC
|join|AshaTsuri
|player|p1|livEnwolC|59
|player|p2|AshaTsuri|206
|gametype|singles
|gen|6
|tier|OU
|rated
|clearpoke
|poke|p1|Galvantula, F
|poke|p1|Murkrow, F
|poke|p1|Latios, M
|poke|p1|Heracross, M
|poke|p1|Togekiss, F
|poke|p1|Heatran, F
|poke|p2|Greninja, M
|poke|p2|Kyurem-Black
|poke|p2|Garchomp, M
|poke|p2|Gengar, F
|poke|p2|Talonflame, F
|poke|p2|Scizor, M
|rule|Sleep Clause Mod: Limit one foe put to sleep
|rule|Species Clause: Limit one of each Pokemon
|rule|OHKO Clause: OHKO moves are banned
|rule|Moody Clause: Moody is banned
|rule|Evasion Moves Clause: Evasion moves are banned
|rule|Endless Battle Clause: Forcing endless battles is banned.
|rule|HP Percentage Mod: HP is reported as percentages
|teampreview
|
|start
|switch|p1a: Galvantula|Galvantula, F|344\/344
|switch|p2a: äººâ â¿â¿ âäºº|Talonflame, F|345\/345
|turn|1
|
|move|p1a: Galvantula|Sticky Web|p2a: äººâ â¿â¿ âäºº
|-sidestart|p2: AshaTsuri|move: Sticky Web
|move|p2a: äººâ â¿â¿ âäºº|Flare Blitz|p1a: Galvantula
|-supereffective|p1a: Galvantula
|-enditem|p1a: Galvantula|Focus Sash
|-damage|p1a: Galvantula|1\/344
|-damage|p2a: äººâ â¿â¿ âäºº|232\/345|[from] recoil|[of] p1a: Galvantula
|
|turn|2
|
|switch|p1a: Heatran|Heatran, F|386\/386
|-item|p1a: Heatran|Air Balloon
|move|p2a: äººâ â¿â¿ âäºº|Roost|p2a: äººâ â¿â¿ âäºº
|-heal|p2a: äººâ â¿â¿ âäºº|345\/345
|
|turn|3
|
|switch|p2a: Genongiax|Greninja, M|286\/286
|-activate|p2a: Genongiax|move: Sticky Web
|-unboost|p2a: Genongiax|spe|1
|move|p1a: Heatran|Ancient Power|p2a: Genongiax
|-damage|p2a: Genongiax|189\/286
|
|turn|4
|
|switch|p1a: Latios|Latios, M|302\/302
|-start|p2a: Genongiax|typechange|Water|[from] Protean
|move|p2a: Genongiax|Hydro Pump|p1a: Latios
|-resisted|p1a: Latios
|-damage|p1a: Latios|208\/302
|-damage|p2a: Genongiax|161\/286|[from] item: Life Orb
|
|turn|5
|
|move|p1a: Latios|Draco Meteor|p2a: Genongiax
|-damage|p2a: Genongiax|0 fnt
|-unboost|p1a: Latios|spa|2
|faint|p2a: Genongiax
|
|
|switch|p2a: ShyZor|Scizor, M|344\/344
|-activate|p2a: ShyZor|move: Sticky Web
|-unboost|p2a: ShyZor|spe|1
|turn|6
|
|switch|p1a: Murkrow|Murkrow, F|324\/324
|-formechange|p2a: ShyZor|Scizor-Mega
|message|Scizor has Mega Evolved into Mega Scizor!
|move|p2a: ShyZor|Swords Dance|p2a: ShyZor
|-boost|p2a: ShyZor|atk|2
|
|turn|7
|
|switch|p1a: Galvantula|Galvantula, F|1\/344
|move|p2a: ShyZor|Bullet Punch|p1a: Galvantula
|-resisted|p1a: Galvantula
|-damage|p1a: Galvantula|0 fnt
|faint|p1a: Galvantula
|
|
|switch|p1a: Heatran|Heatran, F|386\/386
|-item|p1a: Heatran|Air Balloon
|turn|8
|
|switch|p2a: äººâ â¿â¿ âäºº|Talonflame, F|345\/345
|move|p1a: Heatran|Lava Plume|p2a: äººâ â¿â¿ âäºº
|-resisted|p2a: äººâ â¿â¿ âäºº
|-damage|p2a: äººâ â¿â¿ âäºº|246\/345
|
|turn|9
|
|move|p2a: äººâ â¿â¿ âäºº|Brave Bird|p1a: Heatran
|-resisted|p1a: Heatran
|-damage|p1a: Heatran|290\/386
|-damage|p2a: äººâ â¿â¿ âäºº|214\/345|[from] recoil|[of] p1a: Heatran
|-enditem|p1a: Heatran|Air Balloon
|move|p1a: Heatran|Lava Plume|p2a: äººâ â¿â¿ âäºº
|-resisted|p2a: äººâ â¿â¿ âäºº
|-damage|p2a: äººâ â¿â¿ âäºº|111\/345
|
|turn|10
|
|move|p2a: äººâ â¿â¿ âäºº|Roost|p2a: äººâ â¿â¿ âäºº
|-heal|p2a: äººâ â¿â¿ âäºº|284\/345
|move|p1a: Heatran|Ancient Power|p2a: äººâ â¿â¿ âäºº
|-supereffective|p2a: äººâ â¿â¿ âäºº
|-damage|p2a: äººâ â¿â¿ âäºº|84\/345
|
|turn|11
|
|move|p2a: äººâ â¿â¿ âäºº|Roost|p2a: äººâ â¿â¿ âäºº
|-heal|p2a: äººâ â¿â¿ âäºº|257\/345
|move|p1a: Heatran|Lava Plume|p2a: äººâ â¿â¿ âäºº
|-resisted|p2a: äººâ â¿â¿ âäºº
|-damage|p2a: äººâ â¿â¿ âäºº|146\/345
|
|turn|12
|
|move|p2a: äººâ â¿â¿ âäºº|Roost|p2a: äººâ â¿â¿ âäºº
|-heal|p2a: äººâ â¿â¿ âäºº|319\/345
|move|p1a: Heatran|Ancient Power|p2a: äººâ â¿â¿ âäºº
|-crit|p2a: äººâ â¿â¿ âäºº
|-supereffective|p2a: äººâ â¿â¿ âäºº
|-damage|p2a: äººâ â¿â¿ âäºº|7\/345
|
|turn|13
|
|switch|p2a: DragFag (ââ¿ââ¿)|Garchomp, M|358\/358
|-activate|p2a: DragFag (ââ¿ââ¿)|move: Sticky Web
|-unboost|p2a: DragFag (ââ¿ââ¿)|spe|1
|move|p1a: Heatran|Ancient Power|p2a: DragFag (ââ¿ââ¿)
|-resisted|p2a: DragFag (ââ¿ââ¿)
|-damage|p2a: DragFag (ââ¿ââ¿)|312\/358
|
|-heal|p2a: DragFag (ââ¿ââ¿)|334\/358|[from] item: Leftovers
|turn|14
|
|switch|p1a: Togekiss|Togekiss, F|374\/374
|move|p2a: DragFag (ââ¿ââ¿)|Swords Dance|p2a: DragFag (ââ¿ââ¿)
|-boost|p2a: DragFag (ââ¿ââ¿)|atk|2
|
|-heal|p2a: DragFag (ââ¿ââ¿)|356\/358|[from] item: Leftovers
|turn|15
|
|move|p2a: DragFag (ââ¿ââ¿)|Stone Edge|p1a: Togekiss
|-supereffective|p1a: Togekiss
|-damage|p1a: Togekiss|0 fnt
|faint|p1a: Togekiss
|
|-heal|p2a: DragFag (ââ¿ââ¿)|358\/358|[from] item: Leftovers
|
|switch|p1a: Latios|Latios, M|208\/302
|turn|16
|
|move|p1a: Latios|Ice Beam|p2a: DragFag (ââ¿ââ¿)
|-supereffective|p2a: DragFag (ââ¿ââ¿)
|-damage|p2a: DragFag (ââ¿ââ¿)|0 fnt
|faint|p2a: DragFag (ââ¿ââ¿)
|
|
|switch|p2a: Elsa (â¿ââ¿â)|Kyurem-Black|391\/391
|-activate|p2a: Elsa (â¿ââ¿â)|move: Sticky Web
|-unboost|p2a: Elsa (â¿ââ¿â)|spe|1
|-ability|p2a: Elsa (â¿ââ¿â)|Teravolt
|turn|17
|
|switch|p1a: Murkrow|Murkrow, F|324\/324
|move|p2a: Elsa (â¿ââ¿â)|Ice Beam|p1a: Murkrow
|-supereffective|p1a: Murkrow
|-damage|p1a: Murkrow|142\/324
|-status|p1a: Murkrow|frz
|
|turn|18
|
|-curestatus|p1a: Murkrow|frz
|move|p1a: Murkrow|Thunder Wave|p2a: Elsa (â¿ââ¿â)
|-status|p2a: Elsa (â¿ââ¿â)|par
|move|p2a: Elsa (â¿ââ¿â)|Ice Beam|p1a: Murkrow
|-supereffective|p1a: Murkrow
|-damage|p1a: Murkrow|0 fnt
|faint|p1a: Murkrow
|
|chat|AshaTsuri|Just let it go :(
|
|switch|p1a: Latios|Latios, M|208\/302
|turn|19
|
|move|p1a: Latios|Draco Meteor|p2a: Elsa (â¿ââ¿â)
|-supereffective|p2a: Elsa (â¿ââ¿â)
|-damage|p2a: Elsa (â¿ââ¿â)|0 fnt
|-unboost|p1a: Latios|spa|2
|faint|p2a: Elsa (â¿ââ¿â)
|
|
|switch|p2a: äººâ â¿â¿ âäºº|Talonflame, F|7\/345
|turn|20
|
|switch|p1a: Heatran|Heatran, F|290\/386
|move|p2a: äººâ â¿â¿ âäºº|Brave Bird|p1a: Heatran
|-resisted|p1a: Heatran
|-damage|p1a: Heatran|191\/386
|-damage|p2a: äººâ â¿â¿ âäºº|0 fnt|[from] recoil|[of] p1a: Heatran
|faint|p2a: äººâ â¿â¿ âäºº
|
|
|switch|p2a: Gennyfer|Gengar, F|262\/262
|turn|21
|
|move|p2a: Gennyfer|Shadow Ball|p1a: Heatran
|-damage|p1a: Heatran|49\/386
|move|p1a: Heatran|Lava Plume|p2a: Gennyfer
|-damage|p2a: Gennyfer|66\/262
|
|-heal|p2a: Gennyfer|82\/262|[from] item: Black Sludge
|turn|22
|
|move|p2a: Gennyfer|Shadow Ball|p1a: Heatran
|-damage|p1a: Heatran|0 fnt
|faint|p1a: Heatran
|
|-heal|p2a: Gennyfer|98\/262|[from] item: Black Sludge
|
|switch|p1a: Heracross|Heracross, M|364\/364
|turn|23
|
|-formechange|p1a: Heracross|Heracross-Mega
|message|Heracross has Mega Evolved into Mega Heracross!
|move|p2a: Gennyfer|Sludge Bomb|p1a: Heracross
|-damage|p1a: Heracross|205\/364
|move|p1a: Heracross|Rock Blast|p2a: Gennyfer
|-damage|p2a: Gennyfer|28\/262
|-crit|p2a: Gennyfer
|-damage|p2a: Gennyfer|0 fnt
|-hitcount|p2a: Gennyfer|2
|faint|p2a: Gennyfer
|
|
|switch|p2a: ShyZor|Scizor, M|344\/344
|-formechange|p2a: ShyZor|Scizor-Mega
|-activate|p2a: ShyZor|move: Sticky Web
|-unboost|p2a: ShyZor|spe|1
|turn|24
|
|move|p2a: ShyZor|Bullet Punch|p1a: Heracross
|-damage|p1a: Heracross|93\/364
|move|p1a: Heracross|Arm Thrust|p2a: ShyZor
|-damage|p2a: ShyZor|313\/344
|-damage|p2a: ShyZor|285\/344
|-crit|p2a: ShyZor
|-damage|p2a: ShyZor|239\/344
|-damage|p2a: ShyZor|209\/344
|-damage|p2a: ShyZor|181\/344
|-hitcount|p2a: ShyZor|5
|
|turn|25
|
|move|p2a: ShyZor|Bullet Punch|p1a: Heracross
|-damage|p1a: Heracross|0 fnt
|faint|p1a: Heracross
|
|
|switch|p1a: Latios|Latios, M|208\/302
|turn|26
|
|move|p2a: ShyZor|Bullet Punch|p1a: Latios
|-damage|p1a: Latios|45\/302
|move|p1a: Latios|Surf|p2a: ShyZor
|-damage|p2a: ShyZor|13\/344
|
|turn|27
|
|move|p2a: ShyZor|Bullet Punch|p1a: Latios
|-damage|p1a: Latios|0 fnt
|faint|p1a: Latios
|
|win|AshaTsuri
|raw|Ladder updating...
|raw|livEnwolC's rating: 1209 &rarr; <strong>1188<\/strong><br \/>(-21 for losing)
|raw|AshaTsuri's rating: 1276 &rarr; <strong>1296<\/strong><br \/>(+20 for winning)
|leave|livEnwolC
|player|p1
|chat|AshaTsuri|s-sugoiii