|join|livEnwolC
|join|Patrick Not-Star
|player|p1|livEnwolC|59
|player|p2|Patrick Not-Star|266
|gametype|singles
|gen|6
|tier|OU
|rated
|clearpoke
|poke|p1|Breloom, F
|poke|p1|Krookodile, F
|poke|p1|Thundurus, M
|poke|p1|Vaporeon, M
|poke|p1|Scizor, M
|poke|p1|Heatran, F
|poke|p2|Charizard, M
|poke|p2|Togekiss, F
|poke|p2|Vaporeon, M
|poke|p2|Magnezone
|poke|p2|Weavile, M
|poke|p2|Snorlax, F
|rule|Baton Pass Clause: Limit 3 pokemon knowing Baton Pass
|rule|Sleep Clause Mod: Limit one foe put to sleep
|rule|Species Clause: Limit one of each Pokemon
|rule|OHKO Clause: OHKO moves are banned
|rule|Moody Clause: Moody is banned
|rule|Evasion Moves Clause: Evasion moves are banned
|rule|Endless Battle Clause: Forcing endless battles is banned
|rule|HP Percentage Mod: HP is reported as percentages
|teampreview
|
|start
|switch|p1a: Thundurus|Thundurus, M|300\/300
|switch|p2a: Magnezone|Magnezone|344\/344
|-item|p2a: Magnezone|Air Balloon
|turn|1
|
|move|p1a: Thundurus|Volt Switch|p2a: Magnezone
|-resisted|p2a: Magnezone
|-damage|p2a: Magnezone|284\/344
|-enditem|p2a: Magnezone|Air Balloon
|
|switch|p1a: Krookodile|Krookodile, F|332\/332
|move|p2a: Magnezone|Flash Cannon|p1a: Krookodile
|-damage|p1a: Krookodile|116\/332
|-unboost|p1a: Krookodile|spd|1
|
|turn|2
|
|switch|p1a: Scizor|Scizor, M|344\/344
|switch|p2a: Togekiss|Togekiss, F|374\/374
|
|turn|3
|
|switch|p2a: Vaporeon|Vaporeon, M|464\/464
|move|p1a: Scizor|Bullet Punch|p2a: Vaporeon
|-resisted|p2a: Vaporeon
|-damage|p2a: Vaporeon|418\/464
|
|-heal|p2a: Vaporeon|447\/464|[from] item: Leftovers
|turn|4
|
|switch|p1a: Breloom|Breloom, F|324\/324
|move|p2a: Vaporeon|Scald|p1a: Breloom
|-resisted|p1a: Breloom
|-damage|p1a: Breloom|252\/324
|-status|p1a: Breloom|brn
|
|-heal|p2a: Vaporeon|464\/464|[from] item: Leftovers
|-damage|p1a: Breloom|212\/324 brn|[from] brn
|turn|5
|
|move|p1a: Breloom|Spore|p2a: Vaporeon
|-status|p2a: Vaporeon|slp
|cant|p2a: Vaporeon|slp
|
|-damage|p1a: Breloom|172\/324 brn|[from] brn
|turn|6
|
|switch|p1a: Vaporeon|Vaporeon, M|464\/464
|-curestatus|p2a: Vaporeon|slp
|move|p2a: Vaporeon|Scald|p1a: Vaporeon
|-immune|p1a: Vaporeon|[msg]
|
|turn|7
|
|move|p2a: Vaporeon|Wish|p2a: Vaporeon
|move|p1a: Vaporeon|Heal Bell|p1a: Vaporeon
|-cureteam|p1a: Vaporeon|[from] move: HealBell
|
|turn|8
|
|move|p1a: Vaporeon|Surf|p2a: Vaporeon
|-immune|p2a: Vaporeon|[msg]
|move|p2a: Vaporeon|Ice Beam|p1a: Vaporeon
|-resisted|p1a: Vaporeon
|-damage|p1a: Vaporeon|426\/464
|
|-heal|p1a: Vaporeon|455\/464|[from] item: Leftovers
|turn|9
|
|switch|p1a: Scizor|Scizor, M|344\/344
|move|p2a: Vaporeon|Ice Beam|p1a: Scizor
|-resisted|p1a: Scizor
|-damage|p1a: Scizor|299\/344
|
|turn|10
|
|move|p1a: Scizor|Thief|p2a: Vaporeon
|-crit|p2a: Vaporeon
|-damage|p2a: Vaporeon|332\/464
|move|p2a: Vaporeon|Ice Beam|p1a: Scizor
|-crit|p1a: Scizor
|-resisted|p1a: Scizor
|-damage|p1a: Scizor|235\/344
|
|-heal|p2a: Vaporeon|361\/464|[from] item: Leftovers
|turn|11
|
|move|p1a: Scizor|Acrobatics|p2a: Vaporeon
|-damage|p2a: Vaporeon|270\/464
|move|p2a: Vaporeon|Scald|p1a: Scizor
|-damage|p1a: Scizor|102\/344
|
|-heal|p2a: Vaporeon|299\/464|[from] item: Leftovers
|turn|12
|
|switch|p1a: Breloom|Breloom, F|172\/324
|move|p2a: Vaporeon|Wish|p2a: Vaporeon
|
|-heal|p2a: Vaporeon|328\/464|[from] item: Leftovers
|-status|p1a: Breloom|tox|[from] item: Toxic Orb
|turn|13
|
|move|p1a: Breloom|Seed Bomb|p2a: Vaporeon
|-supereffective|p2a: Vaporeon
|-damage|p2a: Vaporeon|14\/464
|move|p2a: Vaporeon|Ice Beam|p1a: Breloom
|-supereffective|p1a: Breloom
|-damage|p1a: Breloom|0 fnt
|faint|p1a: Breloom
|
|-heal|p2a: Vaporeon|246\/464|[from] move: Wish|[wisher] Vaporeon
|-heal|p2a: Vaporeon|275\/464|[from] item: Leftovers
|-message|livEnwolC forfeited.
|
|win|Patrick Not-Star
|raw|Ladder updating...
|leave|livEnwolC
|player|p1
|raw|livEnwolC's rating: 1348 &rarr; <strong>1326<\/strong><br \/>(-22 for losing)
|raw|Patrick Not-Star's rating: 1313 &rarr; <strong>1335<\/strong><br \/>(+22 for winning)