|join|mentali59
|join|livEnwolC
|player|p1|mentali59|291
|player|p2|livEnwolC|59
|gametype|singles
|gen|6
|tier|OU
|rated
|clearpoke
|poke|p1|Galvantula, F, shiny
|poke|p1|Landorus-Therian, M, shiny
|poke|p1|Jirachi, shiny
|poke|p1|Rotom-Wash, shiny
|poke|p1|Heatran, M, shiny
|poke|p1|Venusaur, F, shiny
|poke|p2|Thundurus, M
|poke|p2|Breloom, M
|poke|p2|Heatran, M
|poke|p2|Vaporeon, M
|poke|p2|Krookodile, M
|poke|p2|Scizor, M
|rule|Sleep Clause Mod: Limit one foe put to sleep
|rule|Species Clause: Limit one of each Pokemon
|rule|OHKO Clause: OHKO moves are banned
|rule|Moody Clause: Moody is banned
|rule|Evasion Moves Clause: Evasion moves are banned
|rule|Endless Battle Clause: Forcing endless battles is banned.
|rule|HP Percentage Mod: HP is reported as percentages
|teampreview
|
|start
|switch|p1a: Galvantula|Galvantula, F, shiny|282\/282
|switch|p2a: Thunder R Us|Thundurus, M|300\/300
|turn|1
|
|move|p2a: Thunder R Us|Taunt|p1a: Galvantula
|-start|p1a: Galvantula|move: Taunt
|move|p1a: Galvantula|Volt Switch|p2a: Thunder R Us
|-damage|p2a: Thunder R Us|186\/300
|-enditem|p2a: Thunder R Us|Red Card|[of] p1a: Galvantula
|drag|p1a: Jirachi|Jirachi, shiny|399\/399
|
|turn|2
|
|move|p2a: Thunder R Us|Volt Switch|p1a: Jirachi
|-damage|p1a: Jirachi|273\/399
|
|switch|p2a: In A While|Krookodile, M|332\/332
|move|p1a: Jirachi|Ice Punch|p2a: In A While
|-supereffective|p2a: In A While
|-damage|p2a: In A While|85\/332
|-damage|p1a: Jirachi|234\/399|[from] item: Life Orb
|
|turn|3
|
|switch|p1a: Landorus-Therian|Landorus-Therian, M, shiny|382\/382
|-ability|p1a: Landorus-Therian|Intimidate|[of] p2a: In A While
|-unboost|p2a: In A While|atk|1
|move|p2a: In A While|Knock Off|p1a: Landorus-Therian
|-damage|p1a: Landorus-Therian|267\/382
|-enditem|p1a: Landorus-Therian|Assault Vest|[from] move: Knock Off|[of] p2a: In A While
|
|turn|4
|
|switch|p2a: Thunder R Us|Thundurus, M|186\/300
|move|p1a: Landorus-Therian|U-turn|p2a: Thunder R Us
|-resisted|p2a: Thunder R Us
|-damage|p2a: Thunder R Us|130\/300
|
|switch|p1a: Galvantula|Galvantula, F, shiny|282\/282
|
|turn|5
|
|move|p2a: Thunder R Us|Volt Switch|p1a: Galvantula
|-resisted|p1a: Galvantula
|-damage|p1a: Galvantula|192\/282
|
|switch|p2a: In A While|Krookodile, M|85\/332
|move|p1a: Galvantula|Thunder|p2a: In A While
|-immune|p2a: In A While|[msg]
|
|turn|6
|
|move|p2a: In A While|Knock Off|p1a: Galvantula
|-damage|p1a: Galvantula|0 fnt
|faint|p1a: Galvantula
|-boost|p2a: In A While|atk|1|[from] ability: Moxie
|
|
|switch|p1a: Landorus-Therian|Landorus-Therian, M, shiny|267\/382
|-ability|p1a: Landorus-Therian|Intimidate|[of] p2a: In A While
|-unboost|p2a: In A While|atk|1
|turn|7
|
|switch|p2a: Yum!|Vaporeon, M|464\/464
|move|p1a: Landorus-Therian|U-turn|p2a: Yum!
|-damage|p2a: Yum!|383\/464
|
|switch|p1a: Venusaur|Venusaur, F, shiny|364\/364
|
|-heal|p2a: Yum!|412\/464|[from] item: Leftovers
|turn|8
|
|switch|p2a: Scizor|Scizor, M|344\/344
|detailschange|p1a: Venusaur|Venusaur-Mega, F, shiny
|message|Venusaur has Mega Evolved into Mega Venusaur!
|move|p1a: Venusaur|Giga Drain|p2a: Scizor
|-resisted|p2a: Scizor
|-damage|p2a: Scizor|312\/344
|
|turn|9
|
|move|p1a: Venusaur|Leech Seed|p2a: Scizor
|-start|p2a: Scizor|move: Leech Seed
|move|p2a: Scizor|U-turn|p1a: Venusaur
|-damage|p1a: Venusaur|246\/364
|
|switch|p2a: Lebron Flames|Heatran, M|386\/386
|-item|p2a: Lebron Flames|Air Balloon
|
|turn|10
|
|move|p1a: Venusaur|Leech Seed|p2a: Lebron Flames|[miss]
|-miss|p1a: Venusaur|p2a: Lebron Flames
|move|p2a: Lebron Flames|Stealth Rock|p1a: Venusaur
|-sidestart|p1: mentali59|move: Stealth Rock
|
|turn|11
|
|move|p1a: Venusaur|Leech Seed|p2a: Lebron Flames
|-start|p2a: Lebron Flames|move: Leech Seed
|move|p2a: Lebron Flames|Lava Plume|p1a: Venusaur
|-supereffective|p1a: Venusaur
|-damage|p1a: Venusaur|144\/364
|
|-damage|p2a: Lebron Flames|338\/386|[from] Leech Seed|[of] p1a: Venusaur
|-heal|p1a: Venusaur|192\/364|[silent]
|turn|12
|
|switch|p2a: Scizor|Scizor, M|312\/344
|move|p1a: Venusaur|Synthesis|p1a: Venusaur
|-heal|p1a: Venusaur|364\/364
|
|turn|13
|
|switch|p1a: Landorus-Therian|Landorus-Therian, M, shiny|267\/382
|-damage|p1a: Landorus-Therian|220\/382|[from] Stealth Rock
|-ability|p1a: Landorus-Therian|Intimidate|[of] p2a: Scizor
|-unboost|p2a: Scizor|atk|1
|move|p2a: Scizor|U-turn|p1a: Landorus-Therian
|-resisted|p1a: Landorus-Therian
|-damage|p1a: Landorus-Therian|172\/382
|
|switch|p2a: Thunder R Us|Thundurus, M|130\/300
|
|turn|14
|
|move|p2a: Thunder R Us|Hidden Power|p1a: Landorus-Therian
|-crit|p1a: Landorus-Therian
|-supereffective|p1a: Landorus-Therian
|-damage|p1a: Landorus-Therian|0 fnt
|faint|p1a: Landorus-Therian
|
|
|switch|p1a: Venusaur|Venusaur-Mega, F, shiny|364\/364
|-damage|p1a: Venusaur|319\/364|[from] Stealth Rock
|turn|15
|
|move|p2a: Thunder R Us|Taunt|p1a: Venusaur
|-start|p1a: Venusaur|move: Taunt
|cant|p1a: Venusaur|move: Taunt|Leech Seed
|
|turn|16
|
|switch|p1a: Rotom-Wash|Rotom-Wash, shiny|304\/304
|-damage|p1a: Rotom-Wash|266\/304|[from] Stealth Rock
|move|p2a: Thunder R Us|Volt Switch|p1a: Rotom-Wash
|-damage|p1a: Rotom-Wash|157\/304
|
|switch|p2a: Contact High|Breloom, M|324\/324
|
|-status|p2a: Contact High|tox|[from] item: Toxic Orb
|turn|17
|
|switch|p1a: Venusaur|Venusaur-Mega, F, shiny|319\/364
|-damage|p1a: Venusaur|274\/364|[from] Stealth Rock
|move|p2a: Contact High|Seed Bomb|p1a: Venusaur
|-resisted|p1a: Venusaur
|-damage|p1a: Venusaur|244\/364
|
|turn|18
|
|switch|p2a: Scizor|Scizor, M|312\/344
|move|p1a: Venusaur|Sludge Bomb|p2a: Scizor
|-immune|p2a: Scizor|[msg]
|
|turn|19
|
|switch|p1a: Heatran|Heatran, M, shiny|386\/386
|-damage|p1a: Heatran|338\/386|[from] Stealth Rock
|move|p2a: Scizor|U-turn|p1a: Heatran
|-resisted|p1a: Heatran
|-damage|p1a: Heatran|307\/386
|
|switch|p2a: In A While|Krookodile, M|85\/332
|
|turn|20
|
|switch|p1a: Rotom-Wash|Rotom-Wash, shiny|157\/304
|-damage|p1a: Rotom-Wash|119\/304|[from] Stealth Rock
|move|p2a: In A While|Earthquake|p1a: Rotom-Wash
|-immune|p1a: Rotom-Wash|[msg]
|
|turn|21
|
|switch|p2a: Contact High|Breloom, M|324\/324 tox
|move|p1a: Rotom-Wash|Hydro Pump|p2a: Contact High|[miss]
|-miss|p1a: Rotom-Wash|p2a: Contact High
|
|turn|22
|
|switch|p2a: Scizor|Scizor, M|312\/344
|move|p1a: Rotom-Wash|Rest|p1a: Rotom-Wash
|-status|p1a: Rotom-Wash|slp
|-heal|p1a: Rotom-Wash|304\/304 slp|[silent]
|-status|p1a: Rotom-Wash|slp|[from] move: Rest
|-enditem|p1a: Rotom-Wash|Chesto Berry|[eat]
|-curestatus|p1a: Rotom-Wash|slp
|
|turn|23
|
|move|p1a: Rotom-Wash|Will-O-Wisp|p2a: Scizor
|-status|p2a: Scizor|brn
|-enditem|p2a: Scizor|Lum Berry|[eat]
|-curestatus|p2a: Scizor|brn
|move|p2a: Scizor|Thief|p1a: Rotom-Wash
|-damage|p1a: Rotom-Wash|245\/304
|
|turn|24
|
|switch|p2a: Yum!|Vaporeon, M|412\/464
|move|p1a: Rotom-Wash|Volt Switch|p2a: Yum!
|-supereffective|p2a: Yum!
|-damage|p2a: Yum!|244\/464
|
|switch|p1a: Jirachi|Jirachi, shiny|234\/399
|-damage|p1a: Jirachi|210\/399|[from] Stealth Rock
|
|-heal|p2a: Yum!|273\/464|[from] item: Leftovers
|turn|25
|
|move|p1a: Jirachi|Stealth Rock|p2a: Yum!
|-sidestart|p2: livEnwolC|move: Stealth Rock
|move|p2a: Yum!|Scald|p1a: Jirachi
|-damage|p1a: Jirachi|108\/399
|
|-heal|p2a: Yum!|302\/464|[from] item: Leftovers
|turn|26
|
|switch|p2a: Scizor|Scizor, M|312\/344
|-damage|p2a: Scizor|269\/344|[from] Stealth Rock
|move|p1a: Jirachi|Wish|p1a: Jirachi
|
|turn|27
|
|move|p1a: Jirachi|Fire Punch|p2a: Scizor
|-supereffective|p2a: Scizor
|-damage|p2a: Scizor|0 fnt
|-damage|p1a: Jirachi|69\/399|[from] item: Life Orb
|faint|p2a: Scizor
|
|-heal|p1a: Jirachi|268\/399|[from] move: Wish|[wisher] Jirachi
|
|switch|p2a: In A While|Krookodile, M|85\/332
|-damage|p2a: In A While|65\/332|[from] Stealth Rock
|turn|28
|
|switch|p1a: Rotom-Wash|Rotom-Wash, shiny|245\/304
|-damage|p1a: Rotom-Wash|207\/304|[from] Stealth Rock
|move|p2a: In A While|Earthquake|p1a: Rotom-Wash
|-immune|p1a: Rotom-Wash|[msg]
|
|turn|29
|
|switch|p2a: Contact High|Breloom, M|324\/324 tox
|-damage|p2a: Contact High|304\/324 tox|[from] Stealth Rock
|move|p1a: Rotom-Wash|Volt Switch|p2a: Contact High
|-resisted|p2a: Contact High
|-damage|p2a: Contact High|244\/324 tox
|
|switch|p1a: Venusaur|Venusaur-Mega, F, shiny|244\/364
|-damage|p1a: Venusaur|199\/364|[from] Stealth Rock
|
|-heal|p2a: Contact High|284\/324 tox|[from] ability: Poison Heal
|turn|30
|
|switch|p2a: Lebron Flames|Heatran, M|338\/386
|-damage|p2a: Lebron Flames|290\/386|[from] Stealth Rock
|-item|p2a: Lebron Flames|Air Balloon
|move|p1a: Venusaur|Synthesis|p1a: Venusaur
|-heal|p1a: Venusaur|364\/364
|
|turn|31
|
|move|p1a: Venusaur|Leech Seed|p2a: Lebron Flames
|-start|p2a: Lebron Flames|move: Leech Seed
|move|p2a: Lebron Flames|Lava Plume|p1a: Venusaur
|-supereffective|p1a: Venusaur
|-damage|p1a: Venusaur|272\/364
|
|-damage|p2a: Lebron Flames|242\/386|[from] Leech Seed|[of] p1a: Venusaur
|-heal|p1a: Venusaur|320\/364|[silent]
|turn|32
|
|move|p1a: Venusaur|Sludge Bomb|p2a: Lebron Flames
|-immune|p2a: Lebron Flames|[msg]
|move|p2a: Lebron Flames|Lava Plume|p1a: Venusaur
|-supereffective|p1a: Venusaur
|-damage|p1a: Venusaur|218\/364
|
|-damage|p2a: Lebron Flames|194\/386|[from] Leech Seed|[of] p1a: Venusaur
|-heal|p1a: Venusaur|266\/364|[silent]
|turn|33
|
|move|p1a: Venusaur|Sludge Bomb|p2a: Lebron Flames
|-immune|p2a: Lebron Flames|[msg]
|move|p2a: Lebron Flames|Lava Plume|p1a: Venusaur
|-supereffective|p1a: Venusaur
|-damage|p1a: Venusaur|170\/364
|-status|p1a: Venusaur|brn
|
|-damage|p2a: Lebron Flames|146\/386|[from] Leech Seed|[of] p1a: Venusaur
|-heal|p1a: Venusaur|218\/364 brn|[silent]
|-damage|p1a: Venusaur|173\/364 brn|[from] brn
|turn|34
|
|switch|p2a: Thunder R Us|Thundurus, M|130\/300
|-damage|p2a: Thunder R Us|55\/300|[from] Stealth Rock
|move|p1a: Venusaur|Synthesis|p1a: Venusaur
|-heal|p1a: Venusaur|355\/364 brn
|
|-damage|p1a: Venusaur|310\/364 brn|[from] brn
|turn|35
|
|move|p2a: Thunder R Us|Hidden Power|p1a: Venusaur
|-supereffective|p1a: Venusaur
|-damage|p1a: Venusaur|260\/364 brn
|move|p1a: Venusaur|Sludge Bomb|p2a: Thunder R Us
|-damage|p2a: Thunder R Us|0 fnt
|faint|p2a: Thunder R Us
|
|-damage|p1a: Venusaur|215\/364 brn|[from] brn
|
|switch|p2a: Lebron Flames|Heatran, M|146\/386
|-damage|p2a: Lebron Flames|98\/386|[from] Stealth Rock
|-item|p2a: Lebron Flames|Air Balloon
|turn|36
|
|move|p1a: Venusaur|Leech Seed|p2a: Lebron Flames
|-start|p2a: Lebron Flames|move: Leech Seed
|move|p2a: Lebron Flames|Lava Plume|p1a: Venusaur
|-supereffective|p1a: Venusaur
|-damage|p1a: Venusaur|119\/364 brn
|
|-damage|p2a: Lebron Flames|50\/386|[from] Leech Seed|[of] p1a: Venusaur
|-heal|p1a: Venusaur|167\/364 brn|[silent]
|-damage|p1a: Venusaur|122\/364 brn|[from] brn
|turn|37
|
|move|p1a: Venusaur|Synthesis|p1a: Venusaur
|-heal|p1a: Venusaur|304\/364 brn
|move|p2a: Lebron Flames|Lava Plume|p1a: Venusaur
|-supereffective|p1a: Venusaur
|-damage|p1a: Venusaur|202\/364 brn
|
|-damage|p2a: Lebron Flames|2\/386|[from] Leech Seed|[of] p1a: Venusaur
|-heal|p1a: Venusaur|250\/364 brn|[silent]
|-damage|p1a: Venusaur|205\/364 brn|[from] brn
|turn|38
|
|move|p1a: Venusaur|Synthesis|p1a: Venusaur
|-heal|p1a: Venusaur|364\/364 brn
|move|p2a: Lebron Flames|Lava Plume|p1a: Venusaur
|-supereffective|p1a: Venusaur
|-damage|p1a: Venusaur|272\/364 brn
|
|-damage|p2a: Lebron Flames|0 fnt|[from] Leech Seed|[of] p1a: Venusaur
|-heal|p1a: Venusaur|274\/364 brn|[silent]
|-damage|p1a: Venusaur|229\/364 brn|[from] brn
|faint|p2a: Lebron Flames
|
|switch|p2a: In A While|Krookodile, M|65\/332
|-damage|p2a: In A While|45\/332|[from] Stealth Rock
|turn|39
|
|move|p2a: In A While|Earthquake|p1a: Venusaur
|-damage|p1a: Venusaur|97\/364 brn
|move|p1a: Venusaur|Synthesis|p1a: Venusaur
|-heal|p1a: Venusaur|279\/364 brn
|
|-damage|p1a: Venusaur|234\/364 brn|[from] brn
|turn|40
|
|move|p2a: In A While|Earthquake|p1a: Venusaur
|-damage|p1a: Venusaur|99\/364 brn
|move|p1a: Venusaur|Giga Drain|p2a: In A While
|-supereffective|p2a: In A While
|-damage|p2a: In A While|0 fnt
|-heal|p1a: Venusaur|122\/364 brn|[from] drain|[of] p2a: In A While
|faint|p2a: In A While
|
|-damage|p1a: Venusaur|77\/364 brn|[from] brn
|-message|livEnwolC forfeited.
|
|win|mentali59
|raw|Ladder updating...
|leave|livEnwolC
|player|p2
|raw|mentali59's rating: 1431 &rarr; <strong>1451<\/strong><br \/>(+20 for winning)
|raw|livEnwolC's rating: 1438 &rarr; <strong>1417<\/strong><br \/>(-21 for losing)