|join|Dimoxi
|join|livEnwolC
|player|p1|Dimoxi|170
|player|p2|livEnwolC|59
|gametype|singles
|gen|6
|tier|OU
|rated
|clearpoke
|poke|p1|Zapdos
|poke|p1|Landorus-Therian, M
|poke|p1|Togekiss, M
|poke|p1|Aerodactyl, M
|poke|p1|Regigigas
|poke|p1|Chansey, F
|poke|p2|Beedrill, F
|poke|p2|Skarmory, M
|poke|p2|Swampert, F
|poke|p2|Magnezone
|poke|p2|Heatran, F
|poke|p2|Celebi
|rule|Swagger Clause: Swagger is banned
|rule|Baton Pass Clause: Limit one PokÃ©mon knowing Baton Pass
|rule|Sleep Clause Mod: Limit one foe put to sleep
|rule|Species Clause: Limit one of each PokÃ©mon
|rule|OHKO Clause: OHKO moves are banned
|rule|Moody Clause: Moody is banned
|rule|Evasion Moves Clause: Evasion moves are banned
|rule|Endless Battle Clause: Forcing endless battles is banned
|rule|HP Percentage Mod: HP is shown in percentages
|teampreview
|
|start
|switch|p1a: Togekiss|Togekiss, M|374\/374
|switch|p2a: Team Player|Swampert, F|404\/404
|turn|1
|
|move|p1a: Togekiss|Nasty Plot|p1a: Togekiss
|-boost|p1a: Togekiss|spa|2
|move|p2a: Team Player|Ice Beam|p1a: Togekiss
|-supereffective|p1a: Togekiss
|-damage|p1a: Togekiss|224\/374
|
|-heal|p1a: Togekiss|247\/374|[from] item: Leftovers
|turn|2
|
|switch|p2a: Auto Zone|Magnezone|325\/325
|move|p1a: Togekiss|Air Slash|p2a: Auto Zone
|-resisted|p2a: Auto Zone
|-damage|p2a: Auto Zone|265\/325
|
|-heal|p1a: Togekiss|270\/374|[from] item: Leftovers
|turn|3
|
|move|p1a: Togekiss|Flamethrower|p2a: Auto Zone
|-supereffective|p2a: Auto Zone
|-damage|p2a: Auto Zone|0 fnt
|faint|p2a: Auto Zone
|
|-heal|p1a: Togekiss|293\/374|[from] item: Leftovers
|
|switch|p2a: Greninja :(|Beedrill, F|272\/272
|turn|4
|
|detailschange|p2a: Greninja :(|Beedrill-Mega, F
|message|Beedrill has Mega Evolved into Mega Beedrill!
|move|p2a: Greninja :(|Protect|p2a: Greninja :(
|-singleturn|p2a: Greninja :(|Protect
|move|p1a: Togekiss|Thunder Wave|p2a: Greninja :(
|-activate|p2a: Greninja :(|Protect
|
|-heal|p1a: Togekiss|316\/374|[from] item: Leftovers
|turn|5
|
|move|p2a: Greninja :(|Poison Jab|p1a: Togekiss
|-supereffective|p1a: Togekiss
|-damage|p1a: Togekiss|0 fnt
|faint|p1a: Togekiss
|
|
|switch|p1a: Aerodactyl|Aerodactyl, M|302\/302
|turn|6
|
|detailschange|p1a: Aerodactyl|Aerodactyl-Mega, M
|message|Aerodactyl has Mega Evolved into Mega Aerodactyl!
|move|p2a: Greninja :(|U-turn|p1a: Aerodactyl
|-resisted|p1a: Aerodactyl
|-damage|p1a: Aerodactyl|196\/302
|
|switch|p2a: Hard Body|Skarmory, M|334\/334
|move|p1a: Aerodactyl|Hone Claws|p1a: Aerodactyl
|-boost|p1a: Aerodactyl|atk|1
|-boost|p1a: Aerodactyl|accuracy|1
|
|turn|7
|
|move|p1a: Aerodactyl|Taunt|p2a: Hard Body
|-start|p2a: Hard Body|move: Taunt
|cant|p2a: Hard Body|move: Taunt|Whirlwind
|
|turn|8
|
|move|p1a: Aerodactyl|Stone Edge|p2a: Hard Body
|-damage|p2a: Hard Body|150\/334
|move|p2a: Hard Body|Struggle|p1a: Aerodactyl
|-damage|p1a: Aerodactyl|156\/302
|-damage|p2a: Hard Body|67\/334
|
|turn|9
|
|switch|p2a: Celebrity|Celebi|396\/396
|move|p1a: Aerodactyl|Hone Claws|p1a: Aerodactyl
|-boost|p1a: Aerodactyl|atk|1
|-boost|p1a: Aerodactyl|accuracy|1
|
|turn|10
|
|move|p1a: Aerodactyl|Fly|p2a: Celebrity|[still]
|-prepare|p1a: Aerodactyl|Fly|p2a: Celebrity
|move|p2a: Celebrity|Giga Drain|p1a: Aerodactyl|[miss]
|-miss|p2a: Celebrity|p1a: Aerodactyl
|
|turn|11
|
|switch|p2a: Hard Body|Skarmory, M|67\/334
|move|p1a: Aerodactyl|Fly|p2a: Hard Body
|-resisted|p2a: Hard Body
|-damage|p2a: Hard Body|0 fnt
|-damage|p1a: Aerodactyl|106\/302|[from] item: Rocky Helmet|[of] p2a: Hard Body
|faint|p2a: Hard Body
|
|
|switch|p2a: Lebron Flames|Heatran, F|386\/386
|-item|p2a: Lebron Flames|Air Balloon
|turn|12
|
|move|p1a: Aerodactyl|Stone Edge|p2a: Lebron Flames
|-crit|p2a: Lebron Flames
|-damage|p2a: Lebron Flames|0 fnt
|-enditem|p2a: Lebron Flames|Air Balloon
|faint|p2a: Lebron Flames
|
|c|âlivEnwolC|=\/
|c|âDimoxi|=\
|
|switch|p2a: Team Player|Swampert, F|404\/404
|turn|13
|
|move|p1a: Aerodactyl|Fly|p2a: Team Player|[still]
|-prepare|p1a: Aerodactyl|Fly|p2a: Team Player
|move|p2a: Team Player|Surf|p1a: Aerodactyl
|-miss|p2a: Team Player|p1a: Aerodactyl
|
|turn|14
|
|move|p1a: Aerodactyl|Fly|p2a: Team Player
|-damage|p2a: Team Player|0 fnt
|faint|p2a: Team Player
|
|-message|livEnwolC forfeited.
|
|win|Dimoxi
|raw|Ladder updating...
|leave|livEnwolC
|player|p2
|raw|Dimoxi's rating: 1307 &rarr; <strong>1327<\/strong><br \/>(+20 for winning)
|raw|livEnwolC's rating: 1310 &rarr; <strong>1290<\/strong><br \/>(-20 for losing)