|join|Vinyl Infection
|join|livEnwolC
|player|p1|Vinyl Infection|42
|player|p2|livEnwolC|59
|gametype|singles
|gen|6
|tier|OU
|rated
|clearpoke
|poke|p1|Vaporeon, M
|poke|p1|Bisharp, M
|poke|p1|Starmie
|poke|p1|Galvantula, M
|poke|p1|Golurk
|poke|p1|Volcarona, M
|poke|p2|Thundurus, M
|poke|p2|Conkeldurr, M
|poke|p2|Heatran, F
|poke|p2|Togekiss, F
|poke|p2|Venusaur, M, shiny
|poke|p2|Scizor, M
|rule|Baton Pass Clause: Limit 3 pokemon knowing Baton Pass
|rule|Sleep Clause Mod: Limit one foe put to sleep
|rule|Species Clause: Limit one of each Pokemon
|rule|OHKO Clause: OHKO moves are banned
|rule|Moody Clause: Moody is banned
|rule|Evasion Moves Clause: Evasion moves are banned
|rule|Endless Battle Clause: Forcing endless battles is banned
|rule|HP Percentage Mod: HP is reported as percentages
|teampreview
|
|start
|switch|p1a: Galvantula|Galvantula, M|281\/281
|switch|p2a: Thunder R Us|Thundurus, M|300\/300
|turn|1
|
|move|p2a: Thunder R Us|Taunt|p1a: Galvantula
|-start|p1a: Galvantula|move: Taunt
|move|p1a: Galvantula|Thunder|p2a: Thunder R Us
|-damage|p2a: Thunder R Us|99\/300
|-enditem|p2a: Thunder R Us|Red Card|[of] p1a: Galvantula
|drag|p1a: Bisharp|Bisharp, M|271\/271
|
|turn|2
|
|move|p1a: Bisharp|Sucker Punch|p2a: Thunder R Us
|-damage|p2a: Thunder R Us|0 fnt
|faint|p2a: Thunder R Us
|
|
|switch|p2a: Heatran|Heatran, F|386\/386
|-item|p2a: Heatran|Air Balloon
|turn|3
|
|move|p1a: Bisharp|Knock Off|p2a: Heatran
|-crit|p2a: Heatran
|-damage|p2a: Heatran|142\/386
|-enditem|p2a: Heatran|Air Balloon
|move|p2a: Heatran|Stealth Rock|p1a: Bisharp
|-sidestart|p1: Vinyl Infection|move: Stealth Rock
|
|turn|4
|
|switch|p2a: Scizor|Scizor, M|344\/344
|move|p1a: Bisharp|Sucker Punch|p2a: Scizor
|-fail|p2a: Scizor
|
|turn|5
|
|move|p1a: Bisharp|Swords Dance|p1a: Bisharp
|-boost|p1a: Bisharp|atk|2
|move|p2a: Scizor|Thief|p1a: Bisharp
|-resisted|p1a: Bisharp
|-damage|p1a: Bisharp|225\/271
|
|-heal|p1a: Bisharp|241\/271|[from] item: Leftovers
|turn|6
|
|switch|p2a: Venusaur|Venusaur, M, shiny|364\/364
|move|p1a: Bisharp|Knock Off|p2a: Venusaur
|-damage|p2a: Venusaur|70\/364
|
|-heal|p1a: Bisharp|257\/271|[from] item: Leftovers
|turn|7
|-message|livEnwolC forfeited.
|
|win|Vinyl Infection
|raw|Ladder updating...
|leave|livEnwolC
|player|p2
|raw|Vinyl Infection's rating: 1444 &rarr; <strong>1462<\/strong><br \/>(+18 for winning)
|raw|livEnwolC's rating: 1400 &rarr; <strong>1383<\/strong><br \/>(-17 for losing)