|join|livEnwolC
|join|ShootEmUpElmo
|player|p1|livEnwolC|59
|player|p2|ShootEmUpElmo|293
|gametype|singles
|gen|6
|tier|OU
|rated
|clearpoke
|poke|p1|Pinsir, F
|poke|p1|Heatran, M
|poke|p1|Krookodile, F
|poke|p1|Vaporeon, M
|poke|p1|Latios, M
|poke|p1|Thundurus, M
|poke|p2|Heracross, F
|poke|p2|Tyranitar, F
|poke|p2|Greninja, M
|poke|p2|Landorus-Therian, M
|poke|p2|Rotom-Wash
|poke|p2|Talonflame, M
|rule|Sleep Clause Mod: Limit one foe put to sleep
|rule|Species Clause: Limit one of each Pokemon
|rule|OHKO Clause: OHKO moves are banned
|rule|Moody Clause: Moody is banned
|rule|Evasion Moves Clause: Evasion moves are banned
|rule|Endless Battle Clause: Forcing endless battles is banned.
|rule|HP Percentage Mod: HP is reported as percentages
|teampreview
|
|start
|switch|p1a: Pinsir|Pinsir, F|271\/271
|switch|p2a: Tyranitar|Tyranitar, F|404\/404
|-ability|p1a: Pinsir|Mold Breaker
|-weather|Sandstorm
|turn|1
|
|detailschange|p1a: Pinsir|Pinsir-Mega, F
|message|Pinsir has Mega Evolved into Mega Pinsir!
|move|p1a: Pinsir|Close Combat|p2a: Tyranitar
|-supereffective|p2a: Tyranitar
|-damage|p2a: Tyranitar|0 fnt
|-unboost|p1a: Pinsir|def|1
|-unboost|p1a: Pinsir|spd|1
|faint|p2a: Tyranitar
|
|-weather|Sandstorm|[upkeep]
|-damage|p1a: Pinsir|255\/271|[from] sandstorm
|
|switch|p2a: Talonflame|Talonflame, M|360\/360
|turn|2
|
|switch|p1a: Heatran|Heatran, M|386\/386
|-item|p1a: Heatran|Air Balloon
|move|p2a: Talonflame|Brave Bird|p1a: Heatran
|-resisted|p1a: Heatran
|-damage|p1a: Heatran|305\/386
|-enditem|p1a: Heatran|Air Balloon
|-damage|p2a: Talonflame|333\/360|[from] recoil|[of] p1a: Heatran
|
|-weather|Sandstorm|[upkeep]
|-damage|p2a: Talonflame|311\/360|[from] sandstorm
|-heal|p2a: Talonflame|333\/360|[from] item: Leftovers
|turn|3
|
|move|p2a: Talonflame|Taunt|p1a: Heatran
|-start|p1a: Heatran|move: Taunt
|cant|p1a: Heatran|move: Taunt|Stealth Rock
|
|-weather|Sandstorm|[upkeep]
|-damage|p2a: Talonflame|311\/360|[from] sandstorm
|-heal|p2a: Talonflame|333\/360|[from] item: Leftovers
|turn|4
|
|move|p2a: Talonflame|Brave Bird|p1a: Heatran
|-resisted|p1a: Heatran
|-damage|p1a: Heatran|224\/386
|-damage|p2a: Talonflame|306\/360|[from] recoil|[of] p1a: Heatran
|move|p1a: Heatran|Ancient Power|p2a: Talonflame
|-supereffective|p2a: Talonflame
|-damage|p2a: Talonflame|0 fnt
|faint|p2a: Talonflame
|
|-weather|Sandstorm|[upkeep]
|
|switch|p2a: Rotom-Wash|Rotom-Wash|304\/304
|turn|5
|
|move|p2a: Rotom-Wash|Hydro Pump|p1a: Heatran
|-supereffective|p1a: Heatran
|-damage|p1a: Heatran|0 fnt
|faint|p1a: Heatran
|
|-weather|none
|
|switch|p1a: Latios|Latios, M|302\/302
|turn|6
|
|move|p1a: Latios|Draco Meteor|p2a: Rotom-Wash
|-damage|p2a: Rotom-Wash|119\/304
|-unboost|p1a: Latios|spa|2
|-damage|p1a: Latios|272\/302|[from] item: Life Orb
|move|p2a: Rotom-Wash|Discharge|p1a: Latios
|-resisted|p1a: Latios
|-damage|p1a: Latios|219\/302
|
|turn|7
|
|move|p1a: Latios|Energy Ball|p2a: Rotom-Wash
|-supereffective|p2a: Rotom-Wash
|-damage|p2a: Rotom-Wash|33\/304
|-damage|p1a: Latios|189\/302|[from] item: Life Orb
|move|p2a: Rotom-Wash|Hydro Pump|p1a: Latios|[miss]
|-miss|p2a: Rotom-Wash|p1a: Latios
|
|turn|8
|
|move|p1a: Latios|Energy Ball|p2a: Rotom-Wash
|-supereffective|p2a: Rotom-Wash
|-damage|p2a: Rotom-Wash|0 fnt
|-damage|p1a: Latios|159\/302|[from] item: Life Orb
|faint|p2a: Rotom-Wash
|
|
|switch|p2a: Greninja|Greninja, M|286\/286
|turn|9
|
|switch|p1a: Vaporeon|Vaporeon, M|464\/464
|-start|p2a: Greninja|typechange|Water|[from] Protean
|move|p2a: Greninja|Hydro Pump|p1a: Vaporeon
|-immune|p1a: Vaporeon|[msg]
|
|turn|10
|
|switch|p2a: Landorus-Therian|Landorus-Therian, M|382\/382
|-ability|p2a: Landorus-Therian|Intimidate|[of] p1a: Vaporeon
|-unboost|p1a: Vaporeon|atk|1
|move|p1a: Vaporeon|Toxic|p2a: Landorus-Therian|[miss]
|-miss|p1a: Vaporeon|p2a: Landorus-Therian
|
|turn|11
|
|move|p2a: Landorus-Therian|Knock Off|p1a: Vaporeon
|-damage|p1a: Vaporeon|361\/464
|-enditem|p1a: Vaporeon|Leftovers|[from] move: Knock Off|[of] p2a: Landorus-Therian
|move|p1a: Vaporeon|Ice Beam|p2a: Landorus-Therian
|-supereffective|p2a: Landorus-Therian
|-damage|p2a: Landorus-Therian|38\/382
|
|turn|12
|
|move|p2a: Landorus-Therian|U-turn|p1a: Vaporeon
|-damage|p1a: Vaporeon|289\/464
|
|switch|p2a: Heracross|Heracross, F|303\/303
|move|p1a: Vaporeon|Scald|p2a: Heracross
|-damage|p2a: Heracross|194\/303
|
|turn|13
|
|detailschange|p2a: Heracross|Heracross-Mega, F
|message|Heracross has Mega Evolved into Mega Heracross!
|move|p2a: Heracross|Swords Dance|p2a: Heracross
|-boost|p2a: Heracross|atk|2
|move|p1a: Vaporeon|Scald|p2a: Heracross
|-damage|p2a: Heracross|97\/303
|
|turn|14
|
|move|p2a: Heracross|Pin Missile|p1a: Vaporeon
|-damage|p1a: Vaporeon|181\/464
|-damage|p1a: Vaporeon|55\/464
|-crit|p1a: Vaporeon
|-damage|p1a: Vaporeon|0 fnt
|-hitcount|p1a: Vaporeon|3
|faint|p1a: Vaporeon
|
|
|switch|p1a: Pinsir|Pinsir-Mega, F|255\/271
|turn|15
|
|move|p1a: Pinsir|Return|p2a: Heracross
|-supereffective|p2a: Heracross
|-damage|p2a: Heracross|0 fnt
|faint|p2a: Heracross
|
|
|switch|p2a: Landorus-Therian|Landorus-Therian, M|38\/382
|-ability|p2a: Landorus-Therian|Intimidate|[of] p1a: Pinsir
|-unboost|p1a: Pinsir|atk|1
|turn|16
|chat|livEnwolC|mega pinsir > mega heracross
|
|move|p1a: Pinsir|Return|p2a: Landorus-Therian
|-damage|p2a: Landorus-Therian|0 fnt
|-damage|p1a: Pinsir|210\/271|[from] item: Rocky Helmet|[of] p2a: Landorus-Therian
|faint|p2a: Landorus-Therian
|
|
|switch|p2a: Greninja|Greninja, M|286\/286
|turn|17
|
|move|p1a: Pinsir|Quick Attack|p2a: Greninja
|-damage|p2a: Greninja|186\/286
|-start|p2a: Greninja|typechange|Ice|[from] Protean
|move|p2a: Greninja|Ice Beam|p1a: Pinsir
|-supereffective|p1a: Pinsir
|-damage|p1a: Pinsir|0 fnt
|faint|p1a: Pinsir
|
|
|switch|p1a: Krookodile|Krookodile, F|332\/332
|turn|18
|
|move|p2a: Greninja|Ice Beam|p1a: Krookodile
|-supereffective|p1a: Krookodile
|-damage|p1a: Krookodile|0 fnt
|faint|p1a: Krookodile
|
|
|switch|p1a: Thundurus|Thundurus, M|300\/300
|turn|19
|chat|ShootEmUpElmo|greninja> the rest of you team
|
|move|p2a: Greninja|Ice Beam|p1a: Thundurus
|-supereffective|p1a: Thundurus
|-damage|p1a: Thundurus|0 fnt
|faint|p1a: Thundurus
|
|
|switch|p1a: Latios|Latios, M|159\/302
|turn|20
|
|move|p2a: Greninja|Ice Beam|p1a: Latios
|-supereffective|p1a: Latios
|-damage|p1a: Latios|0 fnt
|faint|p1a: Latios
|
|win|ShootEmUpElmo
|raw|Ladder updating...
|raw|livEnwolC's rating: 1390 &rarr; <strong>1369<\/strong><br \/>(-21 for losing)
|raw|ShootEmUpElmo's rating: 1363 &rarr; <strong>1384<\/strong><br \/>(+21 for winning)
|chat|ShootEmUpElmo|gg
|leave|livEnwolC
|player|p1