|join|livEnwolC
|join|Virdelet
|player|p1|livEnwolC|59
|player|p2|Virdelet|256
|gametype|singles
|gen|6
|tier|OU
|rated
|clearpoke
|poke|p1|Thundurus, M
|poke|p1|Scizor, F
|poke|p1|Heatran, F
|poke|p1|Celebi
|poke|p1|Togekiss, F
|poke|p1|Terrakion
|poke|p2|Garchomp, M
|poke|p2|Weavile, M
|poke|p2|Scizor, F
|poke|p2|Darmanitan, M
|poke|p2|Hippowdon, M
|poke|p2|Slowbro, F
|rule|Swagger Clause: Swagger is banned
|rule|Baton Pass Clause: Limit one PokÃ©mon knowing Baton Pass
|rule|Sleep Clause Mod: Limit one foe put to sleep
|rule|Species Clause: Limit one of each PokÃ©mon
|rule|OHKO Clause: OHKO moves are banned
|rule|Moody Clause: Moody is banned
|rule|Evasion Moves Clause: Evasion moves are banned
|rule|Endless Battle Clause: Forcing endless battles is banned
|rule|HP Percentage Mod: HP is reported as percentages
|teampreview
|
|start
|switch|p1a: Celebrity|Celebi|404\/404
|switch|p2a: Garchomp|Garchomp, M|392\/392
|turn|1
|
|detailschange|p2a: Garchomp|Garchomp-Mega, M
|message|Garchomp has Mega Evolved into Mega Garchomp!
|move|p2a: Garchomp|Fire Blast|p1a: Celebrity
|-supereffective|p1a: Celebrity
|-damage|p1a: Celebrity|200\/404
|move|p1a: Celebrity|Toxic|p2a: Garchomp
|-status|p2a: Garchomp|tox
|
|-heal|p1a: Celebrity|225\/404|[from] item: Leftovers
|-damage|p2a: Garchomp|368\/392 tox|[from] psn
|turn|2
|
|switch|p1a: Lebron Flames|Heatran, F|386\/386
|-item|p1a: Lebron Flames|Air Balloon
|move|p2a: Garchomp|Earthquake|p1a: Lebron Flames
|-immune|p1a: Lebron Flames|[msg]
|
|-damage|p2a: Garchomp|320\/392 tox|[from] psn
|turn|3
|
|move|p2a: Garchomp|Iron Head|p1a: Lebron Flames
|-resisted|p1a: Lebron Flames
|-damage|p1a: Lebron Flames|363\/386
|-enditem|p1a: Lebron Flames|Air Balloon
|move|p1a: Lebron Flames|Lava Plume|p2a: Garchomp
|-resisted|p2a: Garchomp
|-damage|p2a: Garchomp|236\/392 tox
|
|-damage|p2a: Garchomp|164\/392 tox|[from] psn
|turn|4
|
|switch|p1a: Token|Togekiss, F|374\/374
|move|p2a: Garchomp|Fire Blast|p1a: Token
|-damage|p1a: Token|256\/374
|
|-heal|p1a: Token|279\/374|[from] item: Leftovers
|-damage|p2a: Garchomp|68\/392 tox|[from] psn
|turn|5
|
|switch|p1a: Lebron Flames|Heatran, F|363\/386
|move|p2a: Garchomp|Iron Head|p1a: Lebron Flames
|-resisted|p1a: Lebron Flames
|-damage|p1a: Lebron Flames|341\/386
|
|-damage|p2a: Garchomp|0 fnt|[from] psn
|faint|p2a: Garchomp
|
|switch|p2a: Hippowdon|Hippowdon, M|420\/420
|-weather|Sandstorm
|turn|6
|
|move|p1a: Lebron Flames|Lava Plume|p2a: Hippowdon
|-damage|p2a: Hippowdon|210\/420
|move|p2a: Hippowdon|Stealth Rock|p1a: Lebron Flames
|-sidestart|p1: livEnwolC|move: Stealth Rock
|
|-weather|Sandstorm|[upkeep]
|turn|7
|
|switch|p2a: Slowbro|Slowbro, F|394\/394
|move|p1a: Lebron Flames|Lava Plume|p2a: Slowbro
|-resisted|p2a: Slowbro
|-damage|p2a: Slowbro|331\/394
|
|-weather|Sandstorm|[upkeep]
|-damage|p2a: Slowbro|307\/394|[from] sandstorm
|turn|8
|
|switch|p1a: Celebrity|Celebi|225\/404
|-damage|p1a: Celebrity|175\/404|[from] Stealth Rock
|move|p2a: Slowbro|Scald|p1a: Celebrity
|-resisted|p1a: Celebrity
|-damage|p1a: Celebrity|130\/404
|
|-weather|Sandstorm|[upkeep]
|-damage|p1a: Celebrity|105\/404|[from] sandstorm
|-damage|p2a: Slowbro|283\/394|[from] sandstorm
|-heal|p1a: Celebrity|130\/404|[from] item: Leftovers
|turn|9
|
|switch|p2a: Scizor|Scizor, F|344\/344
|move|p1a: Celebrity|U-turn|p2a: Scizor
|-resisted|p2a: Scizor
|-damage|p2a: Scizor|315\/344
|
|switch|p1a: Lebron Flames|Heatran, F|341\/386
|-damage|p1a: Lebron Flames|293\/386|[from] Stealth Rock
|
|-weather|Sandstorm|[upkeep]
|turn|10
|
|switch|p2a: Slowbro|Slowbro, F|394\/394
|move|p1a: Lebron Flames|Lava Plume|p2a: Slowbro
|-resisted|p2a: Slowbro
|-damage|p2a: Slowbro|337\/394
|
|-weather|none
|turn|11
|
|move|p1a: Lebron Flames|Stealth Rock|p2a: Slowbro
|-sidestart|p2: Virdelet|move: Stealth Rock
|move|p2a: Slowbro|Scald|p1a: Lebron Flames
|-crit|p1a: Lebron Flames
|-supereffective|p1a: Lebron Flames
|-damage|p1a: Lebron Flames|0 fnt
|faint|p1a: Lebron Flames
|
|
|switch|p1a: Celebrity|Celebi|130\/404
|-damage|p1a: Celebrity|80\/404|[from] Stealth Rock
|turn|12
|
|move|p1a: Celebrity|Giga Drain|p2a: Slowbro
|-supereffective|p2a: Slowbro
|-damage|p2a: Slowbro|185\/394
|-heal|p1a: Celebrity|156\/404|[from] drain|[of] p2a: Slowbro
|move|p2a: Slowbro|Ice Beam|p1a: Celebrity
|-supereffective|p1a: Celebrity
|-damage|p1a: Celebrity|20\/404
|
|-heal|p1a: Celebrity|45\/404|[from] item: Leftovers
|turn|13
|
|switch|p2a: Scizor|Scizor, F|315\/344
|-damage|p2a: Scizor|272\/344|[from] Stealth Rock
|move|p1a: Celebrity|Giga Drain|p2a: Scizor
|-resisted|p2a: Scizor
|-damage|p2a: Scizor|246\/344
|-heal|p1a: Celebrity|58\/404|[from] drain|[of] p2a: Scizor
|
|-heal|p1a: Celebrity|83\/404|[from] item: Leftovers
|turn|14
|
|move|p1a: Celebrity|U-turn|p2a: Scizor
|-resisted|p2a: Scizor
|-damage|p2a: Scizor|217\/344
|
|switch|p1a: Edward|Scizor, F|312\/312
|-damage|p1a: Edward|273\/312|[from] Stealth Rock
|move|p2a: Scizor|Swords Dance|p2a: Scizor
|-boost|p2a: Scizor|atk|2
|
|turn|15
|chat|Virdelet|Edward Scizorhands!
|
|move|p1a: Edward|Defog|p2a: Scizor
|-unboost|p2a: Scizor|evasion|1
|-sideend|p2: Virdelet|Stealth Rock|[from] move: Defog|[of] p2a: Scizor
|-sideend|p1: livEnwolC|Stealth Rock|[from] move: Defog|[of] p1a: Edward
|move|p2a: Scizor|Knock Off|p1a: Edward
|-damage|p1a: Edward|30\/312
|-enditem|p1a: Edward|Lum Berry|[from] move: Knock Off|[of] p2a: Scizor
|
|turn|16
|
|move|p2a: Scizor|Bullet Punch|p1a: Edward
|-crit|p1a: Edward
|-resisted|p1a: Edward
|-damage|p1a: Edward|0 fnt
|faint|p1a: Edward
|
|
|switch|p1a: Zeus|Thundurus, M|300\/300
|turn|17
|
|switch|p2a: Hippowdon|Hippowdon, M|210\/420
|-weather|Sandstorm
|move|p1a: Zeus|Thunderbolt|p2a: Hippowdon
|-immune|p2a: Hippowdon|[msg]
|
|-weather|Sandstorm|[upkeep]
|-damage|p1a: Zeus|282\/300|[from] sandstorm
|turn|18
|
|switch|p2a: Weavile|Weavile, M|282\/282
|-ability|p2a: Weavile|Pressure
|move|p1a: Zeus|Hidden Power|p2a: Weavile
|-resisted|p2a: Weavile
|-damage|p2a: Weavile|240\/282
|
|-weather|Sandstorm|[upkeep]
|-damage|p2a: Weavile|223\/282|[from] sandstorm
|-damage|p1a: Zeus|264\/300|[from] sandstorm
|turn|19
|
|switch|p1a: Celebrity|Celebi|83\/404
|move|p2a: Weavile|Fake Out|p1a: Celebrity
|-damage|p1a: Celebrity|21\/404
|-damage|p2a: Weavile|195\/282|[from] item: Life Orb
|
|-weather|Sandstorm|[upkeep]
|-damage|p2a: Weavile|178\/282|[from] sandstorm
|-damage|p1a: Celebrity|0 fnt|[from] sandstorm
|faint|p1a: Celebrity
|
|switch|p1a: Kimbo|Terrakion|323\/323
|turn|20
|
|switch|p2a: Hippowdon|Hippowdon, M|210\/420
|move|p1a: Kimbo|Earthquake|p2a: Hippowdon
|-damage|p2a: Hippowdon|95\/420
|
|-weather|Sandstorm|[upkeep]
|turn|21
|
|move|p1a: Kimbo|Earthquake|p2a: Hippowdon
|-damage|p2a: Hippowdon|0 fnt
|faint|p2a: Hippowdon
|
|-weather|none
|
|switch|p2a: Slowbro|Slowbro, F|316\/394
|turn|22
|
|switch|p1a: Token|Togekiss, F|279\/374
|move|p2a: Slowbro|Scald|p1a: Token
|-damage|p1a: Token|167\/374
|
|-heal|p1a: Token|190\/374|[from] item: Leftovers
|turn|23
|
|switch|p2a: Weavile|Weavile, M|178\/282
|-ability|p2a: Weavile|Pressure
|move|p1a: Token|Roost|p1a: Token
|-heal|p1a: Token|374\/374
|
|turn|24
|
|move|p2a: Weavile|Fake Out|p1a: Token
|-damage|p1a: Token|308\/374
|-damage|p2a: Weavile|150\/282|[from] item: Life Orb
|cant|p1a: Token|flinch
|
|-heal|p1a: Token|331\/374|[from] item: Leftovers
|turn|25
|
|move|p2a: Weavile|Ice Shard|p1a: Token
|-supereffective|p1a: Token
|-damage|p1a: Token|157\/374
|-damage|p2a: Weavile|122\/282|[from] item: Life Orb
|move|p1a: Token|Dazzling Gleam|p2a: Weavile
|-supereffective|p2a: Weavile
|-damage|p2a: Weavile|0 fnt
|faint|p2a: Weavile
|
|-heal|p1a: Token|180\/374|[from] item: Leftovers
|
|switch|p2a: Scizor|Scizor, F|217\/344
|turn|26
|
|move|p2a: Scizor|Bullet Punch|p1a: Token
|-supereffective|p1a: Token
|-damage|p1a: Token|0 fnt
|faint|p1a: Token
|
|
|switch|p1a: Zeus|Thundurus, M|264\/300
|turn|27
|
|move|p2a: Scizor|Bullet Punch|p1a: Zeus
|-resisted|p1a: Zeus
|-damage|p1a: Zeus|186\/300
|move|p1a: Zeus|Thunderbolt|p2a: Scizor
|-damage|p2a: Scizor|13\/344
|
|turn|28
|
|move|p2a: Scizor|Bullet Punch|p1a: Zeus
|-resisted|p1a: Zeus
|-damage|p1a: Zeus|114\/300
|move|p1a: Zeus|Volt Switch|p2a: Scizor
|-damage|p2a: Scizor|0 fnt
|faint|p2a: Scizor
|
|switch|p1a: Kimbo|Terrakion|323\/323
|
|
|switch|p2a: Slowbro|Slowbro, F|394\/394
|turn|29
|
|move|p1a: Kimbo|Earthquake|p2a: Slowbro
|-damage|p2a: Slowbro|221\/394
|move|p2a: Slowbro|Scald|p1a: Kimbo
|-supereffective|p1a: Kimbo
|-damage|p1a: Kimbo|39\/323
|
|turn|30
|
|move|p1a: Kimbo|Earthquake|p2a: Slowbro
|-damage|p2a: Slowbro|57\/394
|move|p2a: Slowbro|Scald|p1a: Kimbo
|-supereffective|p1a: Kimbo
|-damage|p1a: Kimbo|0 fnt
|faint|p1a: Kimbo
|
|
|switch|p1a: Zeus|Thundurus, M|114\/300
|turn|31
|
|move|p1a: Zeus|Thunderbolt|p2a: Slowbro
|-supereffective|p2a: Slowbro
|-damage|p2a: Slowbro|0 fnt
|faint|p2a: Slowbro
|
|
|switch|p2a: Darmanitan|Darmanitan, M|351\/351
|turn|32
|chat|Virdelet|gg to whoever wins
|
|move|p1a: Zeus|Thunderbolt|p2a: Darmanitan
|-damage|p2a: Darmanitan|96\/351
|move|p2a: Darmanitan|Flare Blitz|p1a: Zeus
|-damage|p1a: Zeus|0 fnt
|-damage|p2a: Darmanitan|58\/351|[from] recoil|[of] p1a: Zeus
|faint|p1a: Zeus
|
|win|Virdelet
|raw|Ladder updating...
|raw|livEnwolC's rating: 1472 &rarr; <strong>1454<\/strong><br \/>(-18 for losing)
|raw|Virdelet's rating: 1514 &rarr; <strong>1532<\/strong><br \/>(+18 for winning)
|chat|livEnwolC|gg
|chat|Virdelet|gg