|join|livEnwolC
|join|Rob-Tweezy518
|player|p1|livEnwolC|59
|player|p2|Rob-Tweezy518|200
|gametype|singles
|gen|6
|tier|OU
|rated
|clearpoke
|poke|p1|Breloom, F
|poke|p1|Beedrill, M
|poke|p1|Scizor, M
|poke|p1|Excadrill, F
|poke|p1|Rotom-Wash
|poke|p1|Togekiss, F
|poke|p2|Charizard, F
|poke|p2|Gyarados, F
|poke|p2|Talonflame, M
|poke|p2|Gliscor, F
|poke|p2|Latios, M
|poke|p2|Skarmory, M
|rule|Swagger Clause: Swagger is banned
|rule|Baton Pass Clause: Limit one PokÃ©mon knowing Baton Pass
|rule|Sleep Clause Mod: Limit one foe put to sleep
|rule|Species Clause: Limit one of each PokÃ©mon
|rule|OHKO Clause: OHKO moves are banned
|rule|Moody Clause: Moody is banned
|rule|Evasion Moves Clause: Evasion moves are banned
|rule|Endless Battle Clause: Forcing endless battles is banned
|rule|HP Percentage Mod: HP is shown in percentages
|teampreview
|
|start
|switch|p1a: Niggersby Tho|Excadrill, F|361\/361
|switch|p2a: Talonflame|Talonflame, M|297\/297
|-ability|p1a: Niggersby Tho|Mold Breaker
|turn|1
|
|move|p1a: Niggersby Tho|Rock Slide|p2a: Talonflame
|-supereffective|p2a: Talonflame
|-damage|p2a: Talonflame|0 fnt
|faint|p2a: Talonflame
|
|
|switch|p2a: Gliscor|Gliscor, F|337\/337
|turn|2
|
|switch|p1a: Scrotom-Wash|Rotom-Wash|293\/293
|move|p2a: Gliscor|Substitute|p2a: Gliscor
|-start|p2a: Gliscor|Substitute
|-damage|p2a: Gliscor|253\/337
|
|-status|p2a: Gliscor|tox|[from] item: Toxic Orb
|turn|3
|
|switch|p1a: Contact High|Breloom, F|323\/323
|move|p2a: Gliscor|Knock Off|p1a: Contact High
|-resisted|p1a: Contact High
|-damage|p1a: Contact High|261\/323
|-enditem|p1a: Contact High|Toxic Orb|[from] move: Knock Off|[of] p2a: Gliscor
|
|-heal|p2a: Gliscor|295\/337 tox|[from] ability: Poison Heal
|turn|4
|
|switch|p2a: Latios|Latios, M|302\/302
|move|p1a: Contact High|Drain Punch|p2a: Latios
|-resisted|p2a: Latios
|-damage|p2a: Latios|221\/302
|-heal|p1a: Contact High|302\/323|[from] drain|[of] p2a: Latios
|
|-heal|p2a: Latios|239\/302|[from] item: Leftovers
|turn|5
|
|switch|p1a: Edward|Scizor, M|343\/343
|move|p2a: Latios|Psyshock|p1a: Edward
|-resisted|p1a: Edward
|-damage|p1a: Edward|267\/343
|
|-heal|p2a: Latios|257\/302|[from] item: Leftovers
|turn|6
|
|move|p1a: Edward|Pursuit|p2a: Latios|[from]Pursuit
|-supereffective|p2a: Latios
|-damage|p2a: Latios|0 fnt
|faint|p2a: Latios
|
|
|switch|p2a: Skarmory|Skarmory, M|334\/334
|turn|7
|
|switch|p1a: Togekiss|Togekiss, F|374\/374
|move|p2a: Skarmory|Stealth Rock|p1a: Togekiss
|-sidestart|p1: livEnwolC|move: Stealth Rock
|
|turn|8
|
|switch|p2a: Gliscor|Gliscor, F|295\/337 tox
|move|p1a: Togekiss|Flamethrower|p2a: Gliscor
|-damage|p2a: Gliscor|186\/337 tox
|
|-heal|p2a: Gliscor|228\/337 tox|[from] ability: Poison Heal
|turn|9
|
|move|p2a: Gliscor|Knock Off|p1a: Togekiss
|-resisted|p1a: Togekiss
|-damage|p1a: Togekiss|319\/374
|-enditem|p1a: Togekiss|Leftovers|[from] move: Knock Off|[of] p2a: Gliscor
|move|p1a: Togekiss|Air Slash|p2a: Gliscor
|-damage|p2a: Gliscor|99\/337 tox
|
|-heal|p2a: Gliscor|141\/337 tox|[from] ability: Poison Heal
|turn|10
|
|move|p2a: Gliscor|Toxic|p1a: Togekiss
|-status|p1a: Togekiss|tox
|move|p1a: Togekiss|Air Slash|p2a: Gliscor
|-damage|p2a: Gliscor|18\/337 tox
|
|-heal|p2a: Gliscor|60\/337 tox|[from] ability: Poison Heal
|-damage|p1a: Togekiss|296\/374 tox|[from] psn
|turn|11
|
|switch|p2a: Skarmory|Skarmory, M|334\/334
|move|p1a: Togekiss|Heal Bell|p1a: Togekiss
|-cureteam|p1a: Togekiss|[from] move: HealBell
|
|turn|12
|
|move|p1a: Togekiss|Flamethrower|p2a: Skarmory
|-crit|p2a: Skarmory
|-supereffective|p2a: Skarmory
|-damage|p2a: Skarmory|90\/334
|move|p2a: Skarmory|Whirlwind|p1a: Togekiss
|drag|p1a: Scrotom-Wash|Rotom-Wash|293\/293
|-damage|p1a: Scrotom-Wash|257\/293|[from] Stealth Rock
|
|-heal|p1a: Scrotom-Wash|275\/293|[from] item: Leftovers
|turn|13
|
|move|p1a: Scrotom-Wash|Thunderbolt|p2a: Skarmory
|-supereffective|p2a: Skarmory
|-damage|p2a: Skarmory|0 fnt
|faint|p2a: Skarmory
|
|-heal|p1a: Scrotom-Wash|293\/293|[from] item: Leftovers
|
|switch|p2a: Gliscor|Gliscor, F|60\/337 tox
|turn|14
|
|move|p2a: Gliscor|Knock Off|p1a: Scrotom-Wash
|-damage|p1a: Scrotom-Wash|216\/293
|-enditem|p1a: Scrotom-Wash|Leftovers|[from] move: Knock Off|[of] p2a: Gliscor
|move|p1a: Scrotom-Wash|Hydro Pump|p2a: Gliscor|[miss]
|-miss|p1a: Scrotom-Wash|p2a: Gliscor
|
|-heal|p2a: Gliscor|102\/337 tox|[from] ability: Poison Heal
|turn|15
|
|move|p2a: Gliscor|Toxic|p1a: Scrotom-Wash
|-status|p1a: Scrotom-Wash|tox
|move|p1a: Scrotom-Wash|Hydro Pump|p2a: Gliscor
|-supereffective|p2a: Gliscor
|-damage|p2a: Gliscor|0 fnt
|faint|p2a: Gliscor
|
|-damage|p1a: Scrotom-Wash|198\/293 tox|[from] psn
|
|switch|p2a: Charizard|Charizard, F|333\/333
|turn|16
|
|detailschange|p2a: Charizard|Charizard-Mega-X, F
|-mega|p2a: Charizard|Charizard|Charizardite X
|move|p2a: Charizard|Dragon Dance|p2a: Charizard
|-boost|p2a: Charizard|atk|1
|-boost|p2a: Charizard|spe|1
|move|p1a: Scrotom-Wash|Thunderbolt|p2a: Charizard
|-resisted|p2a: Charizard
|-damage|p2a: Charizard|264\/333
|
|-damage|p1a: Scrotom-Wash|162\/293 tox|[from] psn
|turn|17
|
|move|p2a: Charizard|Dragon Dance|p2a: Charizard
|-boost|p2a: Charizard|atk|1
|-boost|p2a: Charizard|spe|1
|move|p1a: Scrotom-Wash|Hydro Pump|p2a: Charizard|[miss]
|-miss|p1a: Scrotom-Wash|p2a: Charizard
|
|-damage|p1a: Scrotom-Wash|108\/293 tox|[from] psn
|turn|18
|
|move|p2a: Charizard|Dragon Claw|p1a: Scrotom-Wash
|-damage|p1a: Scrotom-Wash|0 fnt
|faint|p1a: Scrotom-Wash
|
|
|switch|p1a: Edward|Scizor, M|267\/343
|-damage|p1a: Edward|225\/343|[from] Stealth Rock
|turn|19
|
|move|p1a: Edward|Bullet Punch|p2a: Charizard
|-resisted|p2a: Charizard
|-damage|p2a: Charizard|208\/333
|move|p2a: Charizard|Fire Punch|p1a: Edward
|-supereffective|p1a: Edward
|-damage|p1a: Edward|0 fnt
|faint|p1a: Edward
|
|
|switch|p1a: Niggersby Tho|Excadrill, F|361\/361
|-damage|p1a: Niggersby Tho|350\/361|[from] Stealth Rock
|-ability|p1a: Niggersby Tho|Mold Breaker
|turn|20
|
|move|p2a: Charizard|Fire Punch|p1a: Niggersby Tho
|-supereffective|p1a: Niggersby Tho
|-damage|p1a: Niggersby Tho|0 fnt
|faint|p1a: Niggersby Tho
|
|-message|livEnwolC forfeited.
|leave|livEnwolC
|
|win|Rob-Tweezy518
|raw|Ladder updating...
|player|p1
|raw|livEnwolC's rating: 1294 &rarr; <strong>1268<\/strong><br \/>(-26 for losing)
|raw|Rob-Tweezy518's rating: 1285 &rarr; <strong>1310<\/strong><br \/>(+25 for winning)
|c|âRob-Tweezy518|AYYY L M A O!