|join|Doll's Eye
|join|livEnwolC
|player|p1|Doll's Eye|27
|player|p2|livEnwolC|59
|gametype|singles
|gen|6
|tier|OU
|rated
|clearpoke
|poke|p1|Haxorus, F, shiny
|poke|p1|Lucario, F, shiny
|poke|p1|Talonflame, F
|poke|p1|Manaphy
|poke|p1|Latios, M, shiny
|poke|p1|Deoxys-Speed
|poke|p2|Absol, F
|poke|p2|Togekiss, F
|poke|p2|Excadrill, F
|poke|p2|Gengar, M
|poke|p2|Lucario, F
|poke|p2|Rotom-Wash
|rule|Sleep Clause Mod: Limit one foe put to sleep
|rule|Species Clause: Limit one of each Pokemon
|rule|OHKO Clause: OHKO moves are banned
|rule|Moody Clause: Moody is banned
|rule|Evasion Moves Clause: Evasion moves are banned
|rule|Endless Battle Clause: Forcing endless battles is banned.
|rule|HP Percentage Mod: HP is reported as percentages
|teampreview
|callback|decision
|
|start
|switch|p1a: Manaphy|Manaphy|341\/341
|switch|p2a: Excadrill|Excadrill, F|362\/362
|-ability|p2a: Excadrill|Mold Breaker
|turn|1
|callback|decision
|
|switch|p2a: Rotom-Wash|Rotom-Wash|304\/304
|move|p1a: Manaphy|Tail Glow|p1a: Manaphy
|-boost|p1a: Manaphy|spa|3
|
|turn|2
|callback|decision
|
|move|p1a: Manaphy|Energy Ball|p2a: Rotom-Wash
|-supereffective|p2a: Rotom-Wash
|-damage|p2a: Rotom-Wash|0 fnt
|-damage|p1a: Manaphy|307\/341|[from] item: Life Orb
|faint|p2a: Rotom-Wash
|
|callback|decision
|
|switch|p2a: Togekiss|Togekiss, F|374\/374
|turn|3
|callback|decision
|
|move|p1a: Manaphy|Surf|p2a: Togekiss
|-damage|p2a: Togekiss|7\/374
|-damage|p1a: Manaphy|273\/341|[from] item: Life Orb
|move|p2a: Togekiss|Air Slash|p1a: Manaphy
|-damage|p1a: Manaphy|137\/341
|
|-heal|p2a: Togekiss|30\/374|[from] item: Leftovers
|turn|4
|callback|decision
|
|move|p1a: Manaphy|Surf|p2a: Togekiss
|-damage|p2a: Togekiss|0 fnt
|-damage|p1a: Manaphy|103\/341|[from] item: Life Orb
|faint|p2a: Togekiss
|
|callback|decision
|
|switch|p2a: Absolutely|Absol, F|271\/271
|turn|5
|callback|decision
|
|move|p2a: Absolutely|Sucker Punch|p1a: Manaphy
|-damage|p1a: Manaphy|0 fnt
|faint|p1a: Manaphy
|
|callback|decision
|
|switch|p1a: Talonflame|Talonflame, F|298\/298
|turn|6
|callback|decision
|
|move|p1a: Talonflame|U-turn|p2a: Absolutely
|-supereffective|p2a: Absolutely
|-damage|p2a: Absolutely|0 fnt
|faint|p2a: Absolutely
|callback|decision
|
|switch|p1a: Lucario|Lucario, F, shiny|281\/281
|
|callback|decision
|
|switch|p2a: Excadrill|Excadrill, F|362\/362
|-ability|p2a: Excadrill|Mold Breaker
|turn|7
|callback|decision
|
|-formechange|p1a: Lucario|Lucario-Mega
|message|Lucario has Mega Evolved into Mega Lucario!
|move|p2a: Excadrill|Earthquake|p1a: Lucario
|-supereffective|p1a: Lucario
|-damage|p1a: Lucario|0 fnt
|faint|p1a: Lucario
|
|callback|decision
|
|switch|p1a: Latios|Latios, M, shiny|302\/302
|turn|8
|callback|decision
|
|switch|p2a: Gengar|Gengar, M|323\/323
|move|p1a: Latios|Surf|p2a: Gengar
|-damage|p2a: Gengar|144\/323
|-damage|p1a: Latios|272\/302|[from] item: Life Orb
|
|-heal|p2a: Gengar|164\/323|[from] item: Black Sludge
|turn|9
|callback|decision
|chat|Doll's Eye|scafed excadrill is a little weird
|
|move|p1a: Latios|Surf|p2a: Gengar
|-damage|p2a: Gengar|0 fnt
|-damage|p1a: Latios|242\/302|[from] item: Life Orb
|faint|p2a: Gengar
|
|callback|decision
|
|switch|p2a: Lucario|Lucario, F|281\/281
|turn|10
|callback|decision
|
|-formechange|p2a: Lucario|Lucario-Mega
|message|Lucario has Mega Evolved into Mega Lucario!
|move|p1a: Latios|Psyshock|p2a: Lucario
|-damage|p2a: Lucario|63\/281
|-damage|p1a: Latios|212\/302|[from] item: Life Orb
|move|p2a: Lucario|Crunch|p1a: Latios
|-supereffective|p1a: Latios
|-damage|p1a: Latios|0 fnt
|faint|p1a: Latios
|
|callback|decision
|
|switch|p1a: Deoxys-Speed|Deoxys-Speed|304\/304
|-ability|p1a: Deoxys-Speed|Pressure
|turn|11
|callback|decision
|
|move|p2a: Lucario|Bullet Punch|p1a: Deoxys-Speed
|-damage|p1a: Deoxys-Speed|182\/304
|move|p1a: Deoxys-Speed|Fire Punch|p2a: Lucario
|-supereffective|p2a: Lucario
|-damage|p2a: Lucario|0 fnt
|faint|p2a: Lucario
|
|callback|decision
|
|switch|p2a: Excadrill|Excadrill, F|362\/362
|-ability|p2a: Excadrill|Mold Breaker
|turn|12
|callback|decision
|
|move|p1a: Deoxys-Speed|Fire Punch|p2a: Excadrill
|-supereffective|p2a: Excadrill
|-damage|p2a: Excadrill|188\/362
|move|p2a: Excadrill|Rock Slide|p1a: Deoxys-Speed
|-damage|p1a: Deoxys-Speed|79\/304
|
|turn|13
|callback|decision
|
|move|p1a: Deoxys-Speed|Fire Punch|p2a: Excadrill
|-supereffective|p2a: Excadrill
|-damage|p2a: Excadrill|14\/362
|move|p2a: Excadrill|Rock Slide|p1a: Deoxys-Speed
|-damage|p1a: Deoxys-Speed|0 fnt
|faint|p1a: Deoxys-Speed
|
|callback|decision
|
|switch|p1a: Haxorus|Haxorus, F, shiny|302\/302
|-ability|p1a: Haxorus|Mold Breaker
|turn|14
|callback|decision
|
|move|p2a: Excadrill|Rock Slide|p1a: Haxorus
|-damage|p1a: Haxorus|208\/302
|cant|p1a: Haxorus|flinch
|
|turn|15
|callback|decision
|
|move|p2a: Excadrill|Rock Slide|p1a: Haxorus
|-damage|p1a: Haxorus|113\/302
|move|p1a: Haxorus|Outrage|p2a: Excadrill
|-resisted|p2a: Excadrill
|-damage|p2a: Excadrill|0 fnt
|faint|p2a: Excadrill
|
|win|Doll's Eye
|raw|Ladder updating...
|raw|Ladder (probably) updated, but score could not be retrieved (timeout).
|raw|Ladder (probably) updated, but score could not be retrieved (Error: socket hang up).