|join|Mr. Modest
|join|livEnwolC
|player|p1|Mr. Modest|80
|player|p2|livEnwolC|59
|gametype|singles
|gen|6
|tier|OU
|rated
|clearpoke
|poke|p1|Nidoking, M
|poke|p1|Sableye, M
|poke|p1|Smeargle, F, shiny
|poke|p1|Ferrothorn, M, shiny
|poke|p1|Lucario, M
|poke|p1|Starmie
|poke|p2|Charizard, M
|poke|p2|Togekiss, F
|poke|p2|Rotom-Wash
|poke|p2|Scizor, F
|poke|p2|Jumpluff, M
|poke|p2|Landorus-Therian, M
|rule|Sleep Clause Mod: Limit one foe put to sleep
|rule|Species Clause: Limit one of each Pokemon
|rule|OHKO Clause: OHKO moves are banned
|rule|Moody Clause: Moody is banned
|rule|Evasion Moves Clause: Evasion moves are banned
|rule|Endless Battle Clause: Forcing endless battles is banned.
|rule|HP Percentage Mod: HP is reported as percentages
|teampreview
|callback|decision
|
|start
|switch|p1a: Smeargle|Smeargle, F, shiny|271\/271
|switch|p2a: Tripod|Jumpluff, M|354\/354
|turn|1
|callback|decision
|
|switch|p1a: Ferrothorn|Ferrothorn, M, shiny|352\/352
|move|p2a: Tripod|U-turn|p1a: Ferrothorn
|-damage|p1a: Ferrothorn|327\/352
|-damage|p2a: Tripod|310\/354|[from] ability: Iron Barbs|[of] p1a: Ferrothorn
|callback|decision
|
|switch|p2a: The Broom|Charizard, M|298\/298
|
|-heal|p1a: Ferrothorn|349\/352|[from] item: Leftovers
|turn|2
|callback|decision
|
|-formechange|p2a: The Broom|Charizard-Mega-X
|message|Charizard has Mega Evolved into Mega Charizard!
|move|p1a: Ferrothorn|Protect|p1a: Ferrothorn
|-singleturn|p1a: Ferrothorn|Protect
|move|p2a: The Broom|Dragon Dance|p2a: The Broom
|-boost|p2a: The Broom|atk|1
|-boost|p2a: The Broom|spe|1
|
|-heal|p1a: Ferrothorn|352\/352|[from] item: Leftovers
|turn|3
|callback|decision
|
|move|p2a: The Broom|Flare Blitz|p1a: Ferrothorn
|-supereffective|p1a: Ferrothorn
|-damage|p1a: Ferrothorn|0 fnt
|-damage|p2a: The Broom|182\/298|[from] recoil|[of] p1a: Ferrothorn
|-damage|p2a: The Broom|145\/298|[from] ability: Iron Barbs|[of] p1a: Ferrothorn
|faint|p1a: Ferrothorn
|
|callback|decision
|
|switch|p1a: Starmie|Starmie|261\/261
|turn|4
|callback|decision
|
|move|p2a: The Broom|Dragon Claw|p1a: Starmie
|-damage|p1a: Starmie|0 fnt
|faint|p1a: Starmie
|
|callback|decision
|
|switch|p1a: Lucario|Lucario, M|281\/281
|turn|5
|callback|decision
|chat|Mr. Modest|I fucked up lol
|
|-formechange|p1a: Lucario|Lucario-Mega
|message|Lucario has Mega Evolved into Mega Lucario!
|move|p1a: Lucario|Bullet Punch|p2a: The Broom
|-resisted|p2a: The Broom
|-damage|p2a: The Broom|90\/298
|move|p2a: The Broom|Roost|p2a: The Broom
|-heal|p2a: The Broom|239\/298
|
|turn|6
|callback|decision
|chat|livEnwolC|its not your fault. mega charizard x is op
|chat|Mr. Modest|Yeah I forgot how ridic he is
|
|move|p2a: The Broom|Roost|p2a: The Broom
|-heal|p2a: The Broom|298\/298
|move|p1a: Lucario|Close Combat|p2a: The Broom
|-damage|p2a: The Broom|10\/298
|-unboost|p1a: Lucario|def|1
|-unboost|p1a: Lucario|spd|1
|
|turn|7
|callback|decision
|
|switch|p2a: Man Down|Landorus-Therian, M|319\/319
|-ability|p2a: Man Down|Intimidate|[of] p1a: Lucario
|-unboost|p1a: Lucario|atk|1
|move|p1a: Lucario|Bullet Punch|p2a: Man Down
|-damage|p2a: Man Down|235\/319
|
|turn|8
|callback|decision
|
|switch|p1a: Sableye|Sableye, M|304\/304
|move|p2a: Man Down|Earthquake|p1a: Sableye
|-damage|p1a: Sableye|148\/304
|
|-heal|p1a: Sableye|167\/304|[from] item: Leftovers
|turn|9
|callback|decision
|
|switch|p2a: The Broom|Charizard, M|10\/298
|-formechange|p2a: The Broom|Charizard-Mega-X
|move|p1a: Sableye|Will-O-Wisp|p2a: The Broom
|-fail|p2a: The Broom
|
|-heal|p1a: Sableye|186\/304|[from] item: Leftovers
|turn|10
|callback|decision
|
|move|p1a: Sableye|Taunt|p2a: The Broom
|-start|p2a: The Broom|move: Taunt
|move|p2a: The Broom|Dragon Claw|p1a: Sableye
|-damage|p1a: Sableye|29\/304
|
|-heal|p1a: Sableye|48\/304|[from] item: Leftovers
|turn|11
|callback|decision
|
|move|p2a: The Broom|Dragon Claw|p1a: Sableye
|-damage|p1a: Sableye|0 fnt
|faint|p1a: Sableye
|
|callback|decision
|
|switch|p1a: Lucario|Lucario, M|281\/281
|-formechange|p1a: Lucario|Lucario-Mega
|turn|12
|callback|decision
|
|switch|p2a: Scrotom-Wash|Rotom-Wash|304\/304
|move|p1a: Lucario|Swords Dance|p1a: Lucario
|-boost|p1a: Lucario|atk|2
|
|turn|13
|callback|decision
|
|move|p1a: Lucario|Close Combat|p2a: Scrotom-Wash
|-damage|p2a: Scrotom-Wash|0 fnt
|-unboost|p1a: Lucario|def|1
|-unboost|p1a: Lucario|spd|1
|faint|p2a: Scrotom-Wash
|
|callback|decision
|
|switch|p2a: Man Down|Landorus-Therian, M|235\/319
|-ability|p2a: Man Down|Intimidate|[of] p1a: Lucario
|-unboost|p1a: Lucario|atk|1
|turn|14
|callback|decision
|
|move|p1a: Lucario|Close Combat|p2a: Man Down
|-resisted|p2a: Man Down
|-damage|p2a: Man Down|0 fnt
|-unboost|p1a: Lucario|def|1
|-unboost|p1a: Lucario|spd|1
|faint|p2a: Man Down
|
|callback|decision
|
|switch|p2a: Mr. Krabs|Scizor, F|344\/344
|turn|15
|callback|decision
|
|move|p2a: Mr. Krabs|Bullet Punch|p1a: Lucario
|-resisted|p1a: Lucario
|-damage|p1a: Lucario|149\/281
|move|p1a: Lucario|Close Combat|p2a: Mr. Krabs
|-damage|p2a: Mr. Krabs|0 fnt
|-unboost|p1a: Lucario|def|1
|-unboost|p1a: Lucario|spd|1
|faint|p2a: Mr. Krabs
|
|callback|decision
|chat|livEnwolC|the comeback is real
|
|switch|p2a: Tripod|Jumpluff, M|310\/354
|turn|16
|callback|decision
|
|move|p1a: Lucario|Bullet Punch|p2a: Tripod
|-damage|p2a: Tripod|58\/354
|move|p2a: Tripod|U-turn|p1a: Lucario
|-resisted|p1a: Lucario
|-damage|p1a: Lucario|127\/281
|callback|decision
|
|switch|p2a: Token|Togekiss, F|374\/374
|
|turn|17
|callback|decision
|chat|Mr. Modest|Luckily Mega Lucario is pretty op too
|
|move|p1a: Lucario|Bullet Punch|p2a: Token
|-supereffective|p2a: Token
|-damage|p2a: Token|0 fnt
|faint|p2a: Token
|
|callback|decision
|chat|livEnwolC|gg
|
|switch|p2a: The Broom|Charizard, M|10\/298
|-formechange|p2a: The Broom|Charizard-Mega-X
|turn|18
|callback|decision
|chat|Mr. Modest|gg
|
|switch|p2a: Tripod|Jumpluff, M|58\/354
|move|p1a: Lucario|Bullet Punch|p2a: Tripod
|-damage|p2a: Tripod|0 fnt
|faint|p2a: Tripod
|
|callback|decision
|chat|Mr. Modest|I thought I was done for
|
|switch|p2a: The Broom|Charizard, M|10\/298
|-formechange|p2a: The Broom|Charizard-Mega-X
|turn|19
|callback|decision
|chat|livEnwolC|it was fluke
|chat|livEnwolC|XD
|
|move|p1a: Lucario|Bullet Punch|p2a: The Broom
|-resisted|p2a: The Broom
|-damage|p2a: The Broom|0 fnt
|faint|p2a: The Broom
|
|win|Mr. Modest
|raw|Ladder updating...
|chat|Mr. Modest|Hah perhaps
|raw|Mr. Modest's rating: 1244 &rarr; <strong>1269<\/strong><br \/>(+25 for winning)
|raw|livEnwolC's rating: 1245 &rarr; <strong>1220<\/strong><br \/>(-25 for losing)
|leave|livEnwolC
|player|p2