|join|(MG) Oscart
|join|livEnwolC
|player|p1|(MG) Oscart|52
|player|p2|livEnwolC|59
|gametype|singles
|gen|6
|tier|OU
|rated
|clearpoke
|poke|p1|Donphan, M
|poke|p1|Gliscor, M
|poke|p1|Gallade, M
|poke|p1|Kingdra, F
|poke|p1|Galvantula, F
|poke|p1|Houndoom, F
|poke|p2|Jumpluff, F
|poke|p2|Greninja, F, shiny
|poke|p2|Excadrill, M
|poke|p2|Heatran, M
|poke|p2|Lucario, M
|poke|p2|Gengar, M
|rule|Sleep Clause Mod: Limit one foe put to sleep
|rule|Species Clause: Limit one of each Pokemon
|rule|OHKO Clause: OHKO moves are banned
|rule|Moody Clause: Moody is banned
|rule|Evasion Moves Clause: Evasion moves are banned
|rule|Endless Battle Clause: Forcing endless battles is banned.
|rule|HP Percentage Mod: HP is reported as percentages
|teampreview
|callback|decision
|
|start
|switch|p1a: Galvantula|Galvantula, F|281\/281
|switch|p2a: Diggersby Though|Excadrill, M|362\/362
|-ability|p2a: Diggersby Though|Mold Breaker
|turn|1
|callback|decision
|
|move|p2a: Diggersby Though|Earthquake|p1a: Galvantula
|-crit|p1a: Galvantula
|-enditem|p1a: Galvantula|Focus Sash
|-damage|p1a: Galvantula|1\/281
|move|p1a: Galvantula|Sticky Web|p2a: Diggersby Though
|-sidestart|p2: livEnwolC|move: Sticky Web
|
|turn|2
|callback|decision
|
|switch|p1a: Donphan|Donphan, M|384\/384
|move|p2a: Diggersby Though|Earthquake|p1a: Donphan
|-damage|p1a: Donphan|200\/384
|
|-heal|p1a: Donphan|224\/384|[from] item: Leftovers
|turn|3
|callback|decision
|
|move|p2a: Diggersby Though|Earthquake|p1a: Donphan
|-damage|p1a: Donphan|50\/384
|move|p1a: Donphan|Earthquake|p2a: Diggersby Though
|-supereffective|p2a: Diggersby Though
|-damage|p2a: Diggersby Though|0 fnt
|faint|p2a: Diggersby Though
|
|-heal|p1a: Donphan|74\/384|[from] item: Leftovers
|callback|decision
|
|switch|p2a: Jiraiya|Greninja, F, shiny|285\/285
|-activate|p2a: Jiraiya|move: Sticky Web
|-unboost|p2a: Jiraiya|spe|1
|turn|4
|callback|decision
|
|-start|p2a: Jiraiya|typechange|Water|[from] Protean
|move|p2a: Jiraiya|Surf|p1a: Donphan
|-supereffective|p1a: Donphan
|-damage|p1a: Donphan|0 fnt
|faint|p1a: Donphan
|
|callback|decision
|
|switch|p1a: Galvantula|Galvantula, F|1\/281
|turn|5
|callback|decision
|
|switch|p2a: Gengar|Gengar, M|262\/262
|move|p1a: Galvantula|Thunder|p2a: Gengar
|-damage|p2a: Gengar|51\/262
|
|-heal|p2a: Gengar|67\/262|[from] item: Black Sludge
|turn|6
|callback|decision
|
|move|p2a: Gengar|Shadow Ball|p1a: Galvantula
|-damage|p1a: Galvantula|0 fnt
|faint|p1a: Galvantula
|
|-heal|p2a: Gengar|83\/262|[from] item: Black Sludge
|callback|decision
|
|switch|p1a: Kingdra|Kingdra, F|291\/291
|turn|7
|callback|decision
|
|move|p2a: Gengar|Will-O-Wisp|p1a: Kingdra
|-status|p1a: Kingdra|brn
|move|p1a: Kingdra|Focus Energy|p1a: Kingdra
|-start|p1a: Kingdra|move: Focus Energy
|
|-heal|p2a: Gengar|99\/262|[from] item: Black Sludge
|-damage|p1a: Kingdra|255\/291 brn|[from] brn
|turn|8
|callback|decision
|
|move|p2a: Gengar|Shadow Ball|p1a: Kingdra
|-damage|p1a: Kingdra|99\/291 brn
|move|p1a: Kingdra|Surf|p2a: Gengar
|-crit|p2a: Gengar
|-damage|p2a: Gengar|0 fnt
|faint|p2a: Gengar
|
|-damage|p1a: Kingdra|63\/291 brn|[from] brn
|callback|decision
|
|switch|p2a: Tripod|Jumpluff, F|354\/354
|turn|9
|callback|decision
|
|move|p2a: Tripod|U-turn|p1a: Kingdra
|-damage|p1a: Kingdra|29\/291 brn
|callback|decision
|
|switch|p2a: Lebron Flames|Heatran, M|386\/386
|-activate|p2a: Lebron Flames|move: Sticky Web
|-unboost|p2a: Lebron Flames|spe|1
|move|p1a: Kingdra|Draco Meteor|p2a: Lebron Flames
|-crit|p2a: Lebron Flames
|-resisted|p2a: Lebron Flames
|-damage|p2a: Lebron Flames|169\/386
|-unboost|p1a: Kingdra|spa|2
|
|-heal|p2a: Lebron Flames|193\/386|[from] item: Leftovers
|-damage|p1a: Kingdra|0 fnt|[from] brn
|faint|p1a: Kingdra
|callback|decision
|
|switch|p1a: Gliscor|Gliscor, M|354\/354
|turn|10
|callback|decision
|
|switch|p2a: Tripod|Jumpluff, F|354\/354
|move|p1a: Gliscor|Earthquake|p2a: Tripod
|-immune|p2a: Tripod|[msg]
|
|-activate|p1a: Gliscor|item: Toxic Orb
|-status|p1a: Gliscor|tox
|turn|11
|callback|decision
|
|move|p2a: Tripod|Leech Seed|p1a: Gliscor
|-start|p1a: Gliscor|move: Leech Seed
|move|p1a: Gliscor|Fire Fang|p2a: Tripod
|-supereffective|p2a: Tripod
|-damage|p2a: Tripod|208\/354
|
|-heal|p2a: Tripod|230\/354|[from] item: Leftovers
|-damage|p1a: Gliscor|310\/354 tox|[from] Leech Seed|[of] p2a: Tripod
|-heal|p2a: Tripod|274\/354|[silent]
|-heal|p1a: Gliscor|354\/354 tox|[from] ability: Poison Heal
|turn|12
|callback|decision
|
|move|p2a: Tripod|U-turn|p1a: Gliscor
|-resisted|p1a: Gliscor
|-damage|p1a: Gliscor|342\/354 tox
|callback|decision
|
|switch|p2a: Jiraiya|Greninja, F, shiny|285\/285
|-activate|p2a: Jiraiya|move: Sticky Web
|-unboost|p2a: Jiraiya|spe|1
|move|p1a: Gliscor|Toxic|p2a: Jiraiya
|-status|p2a: Jiraiya|tox
|
|-damage|p1a: Gliscor|298\/354 tox|[from] Leech Seed|[of] p2a: Jiraiya
|-damage|p2a: Jiraiya|268\/285 tox|[from] psn
|-heal|p1a: Gliscor|342\/354 tox|[from] ability: Poison Heal
|turn|13
|callback|decision
|
|switch|p1a: Gallade|Gallade, M|340\/340
|-start|p2a: Jiraiya|typechange|Water|[from] Protean
|move|p2a: Jiraiya|Surf|p1a: Gallade
|-damage|p1a: Gallade|219\/340
|
|-damage|p2a: Jiraiya|234\/285 tox|[from] psn
|turn|14
|callback|decision
|
|-start|p2a: Jiraiya|typechange|Dark|[from] Protean
|move|p2a: Jiraiya|Dark Pulse|p1a: Gallade
|-damage|p1a: Gallade|120\/340
|move|p1a: Gallade|Ice Punch|p2a: Jiraiya
|-damage|p2a: Jiraiya|91\/285 tox
|
|-damage|p2a: Jiraiya|40\/285 tox|[from] psn
|turn|15
|callback|decision
|
|-start|p2a: Jiraiya|typechange|Water|[from] Protean
|move|p2a: Jiraiya|Surf|p1a: Gallade
|-damage|p1a: Gallade|0 fnt
|faint|p1a: Gallade
|
|-damage|p2a: Jiraiya|0 fnt|[from] psn
|faint|p2a: Jiraiya
|callback|decision
|
|switch|p2a: Tripod|Jumpluff, F|274\/354
|switch|p1a: Gliscor|Gliscor, M|342\/354 tox
|turn|16
|callback|decision
|
|move|p2a: Tripod|Leech Seed|p1a: Gliscor
|-start|p1a: Gliscor|move: Leech Seed
|move|p1a: Gliscor|Fire Fang|p2a: Tripod
|-supereffective|p2a: Tripod
|-damage|p2a: Tripod|116\/354
|-status|p2a: Tripod|brn
|
|-heal|p2a: Tripod|138\/354 brn|[from] item: Leftovers
|-damage|p1a: Gliscor|298\/354 tox|[from] Leech Seed|[of] p2a: Tripod
|-heal|p2a: Tripod|182\/354 brn|[silent]
|-damage|p2a: Tripod|138\/354 brn|[from] brn
|-heal|p1a: Gliscor|342\/354 tox|[from] ability: Poison Heal
|turn|17
|callback|decision
|
|move|p2a: Tripod|U-turn|p1a: Gliscor
|-resisted|p1a: Gliscor
|-damage|p1a: Gliscor|337\/354 tox
|callback|decision
|
|switch|p2a: Lebron Flames|Heatran, M|193\/386
|-activate|p2a: Lebron Flames|move: Sticky Web
|-unboost|p2a: Lebron Flames|spe|1
|move|p1a: Gliscor|Fire Fang|p2a: Lebron Flames
|-start|p2a: Lebron Flames|ability: Flash Fire
|
|-heal|p2a: Lebron Flames|217\/386|[from] item: Leftovers
|-damage|p1a: Gliscor|293\/354 tox|[from] Leech Seed|[of] p2a: Lebron Flames
|-heal|p2a: Lebron Flames|261\/386|[silent]
|-heal|p1a: Gliscor|337\/354 tox|[from] ability: Poison Heal
|turn|18
|callback|decision
|
|move|p1a: Gliscor|Earthquake|p2a: Lebron Flames
|-supereffective|p2a: Lebron Flames
|-damage|p2a: Lebron Flames|0 fnt
|faint|p2a: Lebron Flames
|
|-heal|p1a: Gliscor|354\/354 tox|[from] ability: Poison Heal
|callback|decision
|
|switch|p2a: Luke Nuke|Lucario, M|281\/281
|-activate|p2a: Luke Nuke|move: Sticky Web
|-unboost|p2a: Luke Nuke|spe|1
|turn|19
|callback|decision
|
|-formechange|p2a: Luke Nuke|Lucario-Mega
|message|Lucario has Mega Evolved into Mega Lucario!
|move|p1a: Gliscor|Fire Fang|p2a: Luke Nuke
|-supereffective|p2a: Luke Nuke
|-damage|p2a: Luke Nuke|175\/281
|move|p2a: Luke Nuke|Magnet Rise|p2a: Luke Nuke
|-start|p2a: Luke Nuke|Magnet Rise
|
|-damage|p1a: Gliscor|310\/354 tox|[from] Leech Seed|[of] p2a: Luke Nuke
|-heal|p2a: Luke Nuke|219\/281|[silent]
|-heal|p1a: Gliscor|354\/354 tox|[from] ability: Poison Heal
|turn|20
|callback|decision
|
|move|p2a: Luke Nuke|Swords Dance|p2a: Luke Nuke
|-boost|p2a: Luke Nuke|atk|2
|move|p1a: Gliscor|Fire Fang|p2a: Luke Nuke
|-supereffective|p2a: Luke Nuke
|-damage|p2a: Luke Nuke|97\/281
|
|-damage|p1a: Gliscor|310\/354 tox|[from] Leech Seed|[of] p2a: Luke Nuke
|-heal|p2a: Luke Nuke|141\/281|[silent]
|-heal|p1a: Gliscor|354\/354 tox|[from] ability: Poison Heal
|turn|21
|callback|decision
|
|move|p2a: Luke Nuke|Swords Dance|p2a: Luke Nuke
|-boost|p2a: Luke Nuke|atk|2
|move|p1a: Gliscor|Fire Fang|p2a: Luke Nuke
|-supereffective|p2a: Luke Nuke
|-damage|p2a: Luke Nuke|23\/281
|-status|p2a: Luke Nuke|brn
|
|-damage|p1a: Gliscor|310\/354 tox|[from] Leech Seed|[of] p2a: Luke Nuke
|-heal|p2a: Luke Nuke|67\/281 brn|[silent]
|-damage|p2a: Luke Nuke|32\/281 brn|[from] brn
|-heal|p1a: Gliscor|354\/354 tox|[from] ability: Poison Heal
|turn|22
|callback|decision
|
|move|p2a: Luke Nuke|Close Combat|p1a: Gliscor
|-resisted|p1a: Gliscor
|-damage|p1a: Gliscor|211\/354 tox
|-unboost|p2a: Luke Nuke|def|1
|-unboost|p2a: Luke Nuke|spd|1
|move|p1a: Gliscor|Fire Fang|p2a: Luke Nuke
|-supereffective|p2a: Luke Nuke
|-damage|p2a: Luke Nuke|0 fnt
|faint|p2a: Luke Nuke
|
|-heal|p1a: Gliscor|255\/354 tox|[from] ability: Poison Heal
|callback|decision
|
|switch|p2a: Tripod|Jumpluff, F|138\/354 brn
|turn|23
|callback|decision
|
|move|p2a: Tripod|Aromatherapy|p2a: Tripod
|-cureteam|p2a: Tripod|[from] move: Aromatherapy
|move|p1a: Gliscor|Fire Fang|p2a: Tripod
|-supereffective|p2a: Tripod
|-damage|p2a: Tripod|0 fnt
|faint|p2a: Tripod
|
|win|(MG) Oscart
|raw|Ladder updating...
|chat|(MG) Oscart|gg
|leave|livEnwolC
|player|p2
|raw|(MG) Oscart's rating: 1235 &rarr; <strong>1260<\/strong><br \/>(+25 for winning)
|raw|livEnwolC's rating: 1240 &rarr; <strong>1215<\/strong><br \/>(-25 for losing)