|join|XArrowX26
|join|livEnwolC
|player|p1|XArrowX26|265
|player|p2|livEnwolC|59
|gametype|singles
|gen|6
|tier|OU
|rated
|clearpoke
|poke|p1|Gliscor, M
|poke|p1|Aegislash, M, shiny
|poke|p1|Hawlucha, M
|poke|p1|Greninja, M
|poke|p1|Talonflame, M
|poke|p1|Gardevoir, F, shiny
|poke|p2|Jumpluff, M
|poke|p2|Conkeldurr, M
|poke|p2|Scizor, F
|poke|p2|Heatran, M
|poke|p2|Heracross, M
|poke|p2|Scolipede, M
|rule|Sleep Clause Mod: Limit one foe put to sleep
|rule|Species Clause: Limit one of each Pokemon
|rule|OHKO Clause: OHKO moves are banned
|rule|Moody Clause: Moody is banned
|rule|Evasion Moves Clause: Evasion moves are banned
|rule|Endless Battle Clause: Forcing endless battles is banned.
|rule|HP Percentage Mod: HP is reported as percentages
|teampreview
|callback|decision
|
|start
|switch|p1a: Talon|Talonflame, M|298\/298
|switch|p2a: Scolipede|Scolipede, M|261\/261
|turn|1
|callback|decision
|
|switch|p2a: Heatran|Heatran, M|386\/386
|move|p1a: Talon|Brave Bird|p2a: Heatran
|-crit|p2a: Heatran
|-resisted|p2a: Heatran
|-damage|p2a: Heatran|206\/386
|-damage|p1a: Talon|239\/298|[from] recoil|[of] p2a: Heatran
|
|-heal|p2a: Heatran|230\/386|[from] item: Leftovers
|turn|2
|callback|decision
|
|switch|p1a: Zed|Greninja, M|285\/285
|move|p2a: Heatran|Ancient Power|p1a: Zed
|-damage|p1a: Zed|186\/285
|
|-heal|p2a: Heatran|254\/386|[from] item: Leftovers
|turn|3
|callback|decision
|
|switch|p2a: Jumpluff|Jumpluff, M|354\/354
|-start|p1a: Zed|typechange|Ice|[from] Protean
|move|p1a: Zed|Ice Beam|p2a: Jumpluff
|-supereffective|p2a: Jumpluff
|-damage|p2a: Jumpluff|0 fnt
|-damage|p1a: Zed|158\/285|[from] item: Life Orb
|faint|p2a: Jumpluff
|
|callback|decision
|
|switch|p2a: Conkeldurr|Conkeldurr, M|414\/414
|turn|4
|callback|decision
|
|-start|p1a: Zed|typechange|Water|[from] Protean
|move|p1a: Zed|Surf|p2a: Conkeldurr
|-damage|p2a: Conkeldurr|144\/414
|-damage|p1a: Zed|130\/285|[from] item: Life Orb
|move|p2a: Conkeldurr|Knock Off|p1a: Zed
|-damage|p1a: Zed|0 fnt
|faint|p1a: Zed
|
|-heal|p2a: Conkeldurr|169\/414|[from] item: Leftovers
|callback|decision
|
|switch|p1a: Ricochet|Hawlucha, M|298\/298
|turn|5
|callback|decision
|
|switch|p2a: Heatran|Heatran, M|254\/386
|move|p1a: Ricochet|Fly|p2a: Heatran|[still]
|-prepare|p1a: Ricochet|Fly|p2a: Heatran
|-enditem|p1a: Ricochet|Power Herb
|-anim|p1a: Ricochet|Fly|p2a: Heatran
|-resisted|p2a: Heatran
|-damage|p2a: Heatran|191\/386
|
|-heal|p2a: Heatran|215\/386|[from] item: Leftovers
|turn|6
|callback|decision
|
|move|p1a: Ricochet|High Jump Kick|p2a: Heatran
|-supereffective|p2a: Heatran
|-damage|p2a: Heatran|0 fnt
|faint|p2a: Heatran
|
|callback|decision
|
|switch|p2a: Scolipede|Scolipede, M|261\/261
|turn|7
|callback|decision
|
|move|p1a: Ricochet|Acrobatics|p2a: Scolipede
|-supereffective|p2a: Scolipede
|-damage|p2a: Scolipede|0 fnt
|faint|p2a: Scolipede
|
|callback|decision
|
|switch|p2a: Scizor|Scizor, F|344\/344
|turn|8
|callback|decision
|
|move|p1a: Ricochet|High Jump Kick|p2a: Scizor
|-damage|p2a: Scizor|140\/344
|move|p2a: Scizor|Thief|p1a: Ricochet
|-resisted|p1a: Ricochet
|-damage|p1a: Ricochet|219\/298
|
|turn|9
|callback|decision
|
|move|p2a: Scizor|Bullet Punch|p1a: Ricochet
|-damage|p1a: Ricochet|83\/298
|move|p1a: Ricochet|High Jump Kick|p2a: Scizor
|-damage|p2a: Scizor|0 fnt
|faint|p2a: Scizor
|
|callback|decision
|
|switch|p2a: Conkeldurr|Conkeldurr, M|169\/414
|turn|10
|callback|decision
|
|move|p2a: Conkeldurr|Mach Punch|p1a: Ricochet
|-resisted|p1a: Ricochet
|-damage|p1a: Ricochet|32\/298
|move|p1a: Ricochet|Acrobatics|p2a: Conkeldurr
|-supereffective|p2a: Conkeldurr
|-damage|p2a: Conkeldurr|0 fnt
|faint|p2a: Conkeldurr
|
|callback|decision
|
|switch|p2a: The Broom|Heracross, M|363\/363
|turn|11
|callback|decision
|
|-formechange|p2a: The Broom|Heracross-Mega
|message|Heracross has Mega Evolved into Mega Heracross!
|move|p1a: Ricochet|Acrobatics|p2a: The Broom
|-supereffective|p2a: The Broom
|-damage|p2a: The Broom|0 fnt
|faint|p2a: The Broom
|
|win|XArrowX26
|raw|Ladder updating...
|leave|livEnwolC
|player|p2