|join|livEnwolC
|join|Haruyoshi
|player|p1|livEnwolC|59
|player|p2|Haruyoshi|266
|gametype|singles
|tier|OU (beta)
|rated
|rule|Evasion Abilities Clause: Evasion abilities are banned
|clearpoke
|poke|p1|Kangaskhan, F
|poke|p1|Excadrill, F
|poke|p1|Gengar, F
|poke|p1|Azumarill, F
|poke|p1|Rotom-Wash
|poke|p1|Espeon, F
|poke|p2|Metagross
|poke|p2|Magnezone
|poke|p2|Politoed, M
|poke|p2|Vaporeon, F
|poke|p2|Aurorus, M
|poke|p2|Cloyster, M
|rule|Sleep Clause Mod: Limit one foe put to sleep
|rule|Species Clause: Limit one of each Pokemon
|rule|OHKO Clause: OHKO moves are banned
|rule|Moody Clause: Moody is banned
|rule|Evasion Moves Clause: Evasion moves are banned
|rule|HP Percentage Mod: HP is reported as percentages
|teampreview
|callback|decision
|
|start
|switch|p1a: Kangaskhan|Kangaskhan, F|414\/414
|switch|p2a: Metagross|Metagross|364\/364
|turn|1
|callback|decision
|
|-formechange|p1a: Kangaskhan|Kangaskhan-Mega
|message|Kangaskhan mega-evolved into Kangaskhan-Mega!
|move|p1a: Kangaskhan|Power-Up Punch|p2a: Metagross
|-damage|p2a: Metagross|324\/364
|-boost|p1a: Kangaskhan|atk|1
|-damage|p2a: Metagross|290\/364
|-boost|p1a: Kangaskhan|atk|1
|-hitcount|p2a: Metagross|2
|move|p2a: Metagross|Reflect|p2a: Metagross
|-sidestart|p2: Haruyoshi|Reflect
|
|turn|2
|callback|decision
|
|move|p1a: Kangaskhan|Power-Up Punch|p2a: Metagross
|-damage|p2a: Metagross|252\/364
|-boost|p1a: Kangaskhan|atk|1
|-damage|p2a: Metagross|224\/364
|-boost|p1a: Kangaskhan|atk|1
|-hitcount|p2a: Metagross|2
|move|p2a: Metagross|Light Screen|p2a: Metagross
|-sidestart|p2: Haruyoshi|move: Light Screen
|
|turn|3
|callback|decision
|
|move|p2a: Metagross|Bullet Punch|p1a: Kangaskhan
|-damage|p1a: Kangaskhan|335\/414
|move|p1a: Kangaskhan|Earthquake|p2a: Metagross
|-crit|p2a: Metagross
|-supereffective|p2a: Metagross
|-damage|p2a: Metagross|0 fnt
|faint|p2a: Metagross
|
|callback|decision
|
|switch|p2a: Politoed|Politoed, M|384\/384
|-weather|RainDance
|turn|4
|callback|decision
|
|move|p1a: Kangaskhan|Power-Up Punch|p2a: Politoed
|-damage|p2a: Politoed|312\/384
|-boost|p1a: Kangaskhan|atk|1
|-damage|p2a: Politoed|269\/384
|-boost|p1a: Kangaskhan|atk|1
|-hitcount|p2a: Politoed|2
|move|p2a: Politoed|Scald|p1a: Kangaskhan
|-damage|p1a: Kangaskhan|196\/414
|
|-weather|RainDance|[upkeep]
|turn|5
|callback|decision
|
|move|p1a: Kangaskhan|Earthquake|p2a: Politoed
|-damage|p2a: Politoed|35\/384
|move|p2a: Politoed|Scald|p1a: Kangaskhan
|-damage|p1a: Kangaskhan|76\/414
|-status|p1a: Kangaskhan|brn
|
|-weather|RainDance|[upkeep]
|-damage|p1a: Kangaskhan|25\/414 brn|[from] brn
|turn|6
|callback|decision
|
|move|p2a: Politoed|Protect|p2a: Politoed
|-singleturn|p2a: Politoed|Protect
|move|p1a: Kangaskhan|Earthquake|p2a: Politoed
|-activate|p2a: Politoed|Protect
|
|-weather|RainDance|[upkeep]
|-damage|p1a: Kangaskhan|0 fnt|[from] brn
|faint|p1a: Kangaskhan
|callback|decision
|
|switch|p1a: Gengar|Gengar, F|262\/262
|turn|7
|callback|decision
|
|switch|p2a: Vaporeon|Vaporeon, F|464\/464
|move|p1a: Gengar|Thunderbolt|p2a: Vaporeon
|-supereffective|p2a: Vaporeon
|-damage|p2a: Vaporeon|347\/464
|-status|p2a: Vaporeon|par
|
|-weather|RainDance|[upkeep]
|-curestatus|p2a: Vaporeon|par
|turn|8
|callback|decision
|
|switch|p1a: Espeon|Espeon, F|272\/272
|move|p2a: Vaporeon|Hydro Pump|p1a: Espeon
|-damage|p1a: Espeon|0 fnt
|-damage|p2a: Vaporeon|301\/464|[from] item: Life Orb
|faint|p1a: Espeon
|
|-weather|RainDance|[upkeep]
|-sideend|p2: Haruyoshi|Reflect
|callback|decision
|
|switch|p1a: Rotom-Wash|Rotom-Wash|304\/304
|turn|9
|callback|decision
|
|move|p1a: Rotom-Wash|Volt Switch|p2a: Vaporeon
|-supereffective|p2a: Vaporeon
|-damage|p2a: Vaporeon|210\/464
|callback|decision
|
|switch|p1a: Azumarill|Azumarill, F|404\/404
|move|p2a: Vaporeon|Rest|p2a: Vaporeon
|-status|p2a: Vaporeon|slp
|-heal|p2a: Vaporeon|464\/464 slp|[silent]
|-status|p2a: Vaporeon|slp|[from] move: Rest
|
|-weather|RainDance|[upkeep]
|-curestatus|p2a: Vaporeon|slp
|-sideend|p2: Haruyoshi|move: Light Screen
|turn|10
|callback|decision
|
|move|p2a: Vaporeon|Hydro Pump|p1a: Azumarill
|-resisted|p1a: Azumarill
|-damage|p1a: Azumarill|190\/404
|-damage|p2a: Vaporeon|418\/464|[from] item: Life Orb
|move|p1a: Azumarill|Waterfall|p2a: Vaporeon
|-resisted|p2a: Vaporeon
|-damage|p2a: Vaporeon|264\/464
|
|-weather|RainDance|[upkeep]
|turn|11
|callback|decision
|
|switch|p1a: Rotom-Wash|Rotom-Wash|304\/304
|move|p2a: Vaporeon|Hydro Pump|p1a: Rotom-Wash
|-resisted|p1a: Rotom-Wash
|-damage|p1a: Rotom-Wash|186\/304
|-damage|p2a: Vaporeon|218\/464|[from] item: Life Orb
|
|-weather|none
|-heal|p1a: Rotom-Wash|205\/304|[from] item: Leftovers
|turn|12
|callback|decision
|
|switch|p2a: Politoed|Politoed, M|35\/384
|-weather|RainDance
|move|p1a: Rotom-Wash|Thunderbolt|p2a: Politoed
|-supereffective|p2a: Politoed
|-damage|p2a: Politoed|0 fnt
|faint|p2a: Politoed
|
|-weather|RainDance|[upkeep]
|-heal|p1a: Rotom-Wash|224\/304|[from] item: Leftovers
|callback|decision
|
|switch|p2a: Magnezone|Magnezone|344\/344
|turn|13
|callback|decision
|
|move|p1a: Rotom-Wash|Hydro Pump|p2a: Magnezone
|-damage|p2a: Magnezone|193\/344
|move|p2a: Magnezone|Hidden Power|p1a: Rotom-Wash
|-resisted|p1a: Rotom-Wash
|-damage|p1a: Rotom-Wash|196\/304
|
|-weather|RainDance|[upkeep]
|-heal|p1a: Rotom-Wash|215\/304|[from] item: Leftovers
|turn|14
|callback|decision
|
|move|p1a: Rotom-Wash|Hydro Pump|p2a: Magnezone|[miss]
|-miss|p1a: Rotom-Wash|p2a: Magnezone
|move|p2a: Magnezone|Thunder|p1a: Rotom-Wash
|-damage|p1a: Rotom-Wash|77\/304
|
|-weather|RainDance|[upkeep]
|-heal|p1a: Rotom-Wash|96\/304|[from] item: Leftovers
|turn|15
|callback|decision
|
|move|p1a: Rotom-Wash|Volt Switch|p2a: Magnezone
|-resisted|p2a: Magnezone
|-damage|p2a: Magnezone|161\/344
|callback|decision
|
|switch|p1a: Excadrill|Excadrill, F|362\/362
|-ability|p1a: Excadrill|Mold Breaker
|move|p2a: Magnezone|Thunder|p1a: Excadrill
|-immune|p1a: Excadrill|[msg]
|
|-weather|RainDance|[upkeep]
|turn|16
|callback|decision
|
|move|p1a: Excadrill|Earthquake|p2a: Magnezone
|-supereffective|p2a: Magnezone
|-damage|p2a: Magnezone|0 fnt
|faint|p2a: Magnezone
|
|-weather|RainDance|[upkeep]
|callback|decision
|
|switch|p2a: Vaporeon|Vaporeon, F|218\/464
|turn|17
|callback|decision
|
|move|p1a: Excadrill|Earthquake|p2a: Vaporeon
|-damage|p2a: Vaporeon|0 fnt
|faint|p2a: Vaporeon
|
|-weather|RainDance|[upkeep]
|callback|decision
|
|switch|p2a: Cloyster|Cloyster, M|273\/273
|turn|18
|callback|decision
|
|move|p1a: Excadrill|Earthquake|p2a: Cloyster
|-damage|p2a: Cloyster|161\/273
|move|p2a: Cloyster|Shell Smash|p2a: Cloyster
|-boost|p2a: Cloyster|atk|2
|-boost|p2a: Cloyster|spa|2
|-boost|p2a: Cloyster|spe|2
|-unboost|p2a: Cloyster|def|1
|-unboost|p2a: Cloyster|spd|1
|-enditem|p2a: Cloyster|White Herb
|-restoreboost|p2a: Cloyster|[silent]
|
|-weather|RainDance|[upkeep]
|turn|19
|callback|decision
|
|switch|p1a: Azumarill|Azumarill, F|190\/404
|move|p2a: Cloyster|Icicle Spear|p1a: Azumarill
|-crit|p1a: Azumarill
|-resisted|p1a: Azumarill
|-damage|p1a: Azumarill|153\/404
|-resisted|p1a: Azumarill
|-damage|p1a: Azumarill|131\/404
|-resisted|p1a: Azumarill
|-damage|p1a: Azumarill|110\/404
|-resisted|p1a: Azumarill
|-damage|p1a: Azumarill|86\/404
|-resisted|p1a: Azumarill
|-damage|p1a: Azumarill|64\/404
|-hitcount|p1a: Azumarill|5
|
|-weather|none
|turn|20
|callback|decision
|
|move|p1a: Azumarill|Aqua Jet|p2a: Cloyster
|-resisted|p2a: Cloyster
|-damage|p2a: Cloyster|140\/273
|move|p2a: Cloyster|Icicle Spear|p1a: Azumarill
|-resisted|p1a: Azumarill
|-damage|p1a: Azumarill|41\/404
|-resisted|p1a: Azumarill
|-damage|p1a: Azumarill|15\/404
|-resisted|p1a: Azumarill
|-damage|p1a: Azumarill|0 fnt
|-hitcount|p1a: Azumarill|3
|faint|p1a: Azumarill
|
|callback|decision
|
|switch|p1a: Rotom-Wash|Rotom-Wash|96\/304
|turn|21
|callback|decision
|
|move|p2a: Cloyster|Icicle Spear|p1a: Rotom-Wash
|-resisted|p1a: Rotom-Wash
|-damage|p1a: Rotom-Wash|59\/304
|-resisted|p1a: Rotom-Wash
|-damage|p1a: Rotom-Wash|20\/304
|-crit|p1a: Rotom-Wash
|-resisted|p1a: Rotom-Wash
|-damage|p1a: Rotom-Wash|0 fnt
|-hitcount|p1a: Rotom-Wash|3
|faint|p1a: Rotom-Wash
|
|callback|decision
|
|switch|p1a: Excadrill|Excadrill, F|362\/362
|-ability|p1a: Excadrill|Mold Breaker
|turn|22
|callback|decision
|
|move|p1a: Excadrill|Rock Slide|p2a: Cloyster
|-supereffective|p2a: Cloyster
|-damage|p2a: Cloyster|36\/273
|cant|p2a: Cloyster|flinch
|
|turn|23
|callback|decision
|
|move|p2a: Cloyster|Ice Shard|p1a: Excadrill
|-damage|p1a: Excadrill|185\/362
|move|p1a: Excadrill|Rock Slide|p2a: Cloyster
|-miss|p1a: Excadrill|p2a: Cloyster
|
|turn|24
|callback|decision
|
|move|p1a: Excadrill|Rock Slide|p2a: Cloyster
|-supereffective|p2a: Cloyster
|-damage|p2a: Cloyster|0 fnt
|faint|p2a: Cloyster
|
|callback|decision
|
|switch|p2a: Aurorus|Aurorus, M|450\/450
|-weather|Hail
|turn|25
|callback|decision
|chat|Haruyoshi|gg
|
|move|p1a: Excadrill|Rock Slide|p2a: Aurorus
|-miss|p1a: Excadrill|p2a: Aurorus
|move|p2a: Aurorus|Blizzard|p1a: Excadrill
|-damage|p1a: Excadrill|0 fnt
|faint|p1a: Excadrill
|
|-weather|Hail|[upkeep]
|callback|decision
|chat|Haruyoshi|hello?
|
|switch|p1a: Gengar|Gengar, F|262\/262
|turn|26
|callback|decision
|
|move|p1a: Gengar|Shadow Ball|p2a: Aurorus
|-damage|p2a: Aurorus|305\/450
|move|p2a: Aurorus|Psychic|p1a: Gengar
|-supereffective|p1a: Gengar
|-damage|p1a: Gengar|0 fnt
|faint|p1a: Gengar
|
|win|Haruyoshi
|raw|Ladder updating...
|raw|livEnwolC's rating: 1250 &rarr; <strong>1110<\/strong><br \/>(-140 for losing)
|raw|Haruyoshi's rating: 985 &rarr; <strong>1069<\/strong><br \/>(+84 for winning)
|leave|livEnwolC
|player|p1