|join|Bdeng
|join|livEnwolC
|player|p1|Bdeng|163
|player|p2|livEnwolC|59
|gametype|singles
|tier|OU (beta)
|rated
|clearpoke
|poke|p1|Mamoswine, F
|poke|p1|Rotom-Wash
|poke|p1|Skarmory, F
|poke|p1|Goodra, M
|poke|p1|Kangaskhan, F
|poke|p1|Ditto, shiny
|poke|p2|Rotom-Wash, shiny
|poke|p2|Excadrill, M, shiny
|poke|p2|Lucario, F
|poke|p2|Togekiss, F
|poke|p2|Ferrothorn, F
|poke|p2|Jumpluff, M
|rule|Sleep Clause Mod: Limit one foe put to sleep
|rule|Species Clause: Limit one of each Pokemon
|rule|OHKO Clause: OHKO moves are banned
|rule|Moody Clause: Moody is banned
|rule|Evasion Moves Clause: Evasion moves are banned
|rule|HP Percentage Mod: HP is reported as percentages
|teampreview
|callback|decision
|
|start
|switch|p1a: Kangaskhan|Kangaskhan, F|352\/352
|switch|p2a: Bin Laden|Ferrothorn, F|352\/352
|turn|1
|callback|decision
|
|-formechange|p1a: Kangaskhan|Kangaskhan-Mega
|message|Kangaskhan has Mega Evolved into Mega Kangaskhan!
|move|p1a: Kangaskhan|Power-Up Punch|p2a: Bin Laden
|-supereffective|p2a: Bin Laden
|-damage|p2a: Bin Laden|300\/352
|-damage|p1a: Kangaskhan|308\/352|[from] ability: Iron Barbs|[of] p2a: Bin Laden
|-damage|p1a: Kangaskhan|250\/352|[from] item: Rocky Helmet|[of] p2a: Bin Laden
|-boost|p1a: Kangaskhan|atk|1
|-supereffective|p2a: Bin Laden
|-damage|p2a: Bin Laden|260\/352
|-damage|p1a: Kangaskhan|206\/352|[from] ability: Iron Barbs|[of] p2a: Bin Laden
|-damage|p1a: Kangaskhan|148\/352|[from] item: Rocky Helmet|[of] p2a: Bin Laden
|-boost|p1a: Kangaskhan|atk|1
|-hitcount|p2a: Bin Laden|2
|move|p2a: Bin Laden|Stealth Rock|p1a: Kangaskhan
|-sidestart|p1: Bdeng|move: Stealth Rock
|
|turn|2
|callback|decision
|
|switch|p1a: Rotom-Wash|Rotom-Wash|304\/304
|-damage|p1a: Rotom-Wash|266\/304|[from] Stealth Rock
|move|p2a: Bin Laden|Leech Seed|p1a: Rotom-Wash
|-start|p1a: Rotom-Wash|move: Leech Seed
|
|-damage|p1a: Rotom-Wash|228\/304|[from] Leech Seed|[of] p2a: Bin Laden
|-heal|p2a: Bin Laden|298\/352|[silent]
|turn|3
|callback|decision
|
|move|p2a: Bin Laden|Protect|p2a: Bin Laden
|-singleturn|p2a: Bin Laden|Protect
|move|p1a: Rotom-Wash|Will-O-Wisp|p2a: Bin Laden
|-activate|p2a: Bin Laden|Protect
|
|-damage|p1a: Rotom-Wash|190\/304|[from] Leech Seed|[of] p2a: Bin Laden
|-heal|p2a: Bin Laden|336\/352|[silent]
|turn|4
|callback|decision
|
|switch|p2a: Tripod|Jumpluff, M|354\/354
|move|p1a: Rotom-Wash|Will-O-Wisp|p2a: Tripod
|-status|p2a: Tripod|brn
|
|-damage|p1a: Rotom-Wash|152\/304|[from] Leech Seed|[of] p2a: Tripod
|-damage|p2a: Tripod|310\/354 brn|[from] brn
|turn|5
|callback|decision
|
|move|p2a: Tripod|U-turn|p1a: Rotom-Wash
|-damage|p1a: Rotom-Wash|136\/304
|callback|decision
|
|switch|p2a: Diggersby Tho|Excadrill, M, shiny|362\/362
|-ability|p2a: Diggersby Tho|Mold Breaker
|move|p1a: Rotom-Wash|Volt Switch|p2a: Diggersby Tho
|-immune|p2a: Diggersby Tho|[msg]
|
|-damage|p1a: Rotom-Wash|98\/304|[from] Leech Seed|[of] p2a: Diggersby Tho
|turn|6
|callback|decision
|
|switch|p2a: Scrotom-Wash|Rotom-Wash, shiny|295\/295
|switch|p1a: Skarmory|Skarmory, F|334\/334
|-damage|p1a: Skarmory|293\/334|[from] Stealth Rock
|
|turn|7
|callback|decision
|
|switch|p1a: Rotom-Wash|Rotom-Wash|98\/304
|-damage|p1a: Rotom-Wash|60\/304|[from] Stealth Rock
|move|p2a: Scrotom-Wash|Hydro Pump|p1a: Rotom-Wash
|-resisted|p1a: Rotom-Wash
|-damage|p1a: Rotom-Wash|0 fnt
|faint|p1a: Rotom-Wash
|
|callback|decision
|
|switch|p1a: Drippy|Goodra, M|384\/384
|-damage|p1a: Drippy|336\/384|[from] Stealth Rock
|turn|8
|callback|decision
|
|move|p2a: Scrotom-Wash|Will-O-Wisp|p1a: Drippy
|-status|p1a: Drippy|brn
|move|p1a: Drippy|Sludge Wave|p2a: Scrotom-Wash
|-damage|p2a: Scrotom-Wash|206\/295
|
|-heal|p2a: Scrotom-Wash|224\/295|[from] item: Leftovers
|-damage|p1a: Drippy|288\/384 brn|[from] brn
|turn|9
|callback|decision
|
|move|p2a: Scrotom-Wash|Volt Switch|p1a: Drippy
|-resisted|p1a: Drippy
|-damage|p1a: Drippy|268\/384 brn
|callback|decision
|
|switch|p2a: Diggersby Tho|Excadrill, M, shiny|362\/362
|-ability|p2a: Diggersby Tho|Mold Breaker
|move|p1a: Drippy|Dragon Pulse|p2a: Diggersby Tho
|-resisted|p2a: Diggersby Tho
|-damage|p2a: Diggersby Tho|274\/362
|
|-damage|p1a: Drippy|220\/384 brn|[from] brn
|turn|10
|callback|decision
|
|switch|p2a: Scrotom-Wash|Rotom-Wash, shiny|224\/295
|switch|p1a: Skarmory|Skarmory, F|293\/334
|-damage|p1a: Skarmory|252\/334|[from] Stealth Rock
|
|-heal|p2a: Scrotom-Wash|242\/295|[from] item: Leftovers
|turn|11
|callback|decision
|
|move|p2a: Scrotom-Wash|Thunderbolt|p1a: Skarmory
|-supereffective|p1a: Skarmory
|-damage|p1a: Skarmory|0 fnt
|faint|p1a: Skarmory
|
|-heal|p2a: Scrotom-Wash|260\/295|[from] item: Leftovers
|callback|decision
|
|switch|p1a: Drippy|Goodra, M|220\/384 brn
|-damage|p1a: Drippy|172\/384 brn|[from] Stealth Rock
|turn|12
|callback|decision
|
|move|p2a: Scrotom-Wash|Volt Switch|p1a: Drippy
|-resisted|p1a: Drippy
|-damage|p1a: Drippy|152\/384 brn
|callback|decision
|
|switch|p2a: Bin Laden|Ferrothorn, F|336\/352
|move|p1a: Drippy|Fire Blast|p2a: Bin Laden
|-supereffective|p2a: Bin Laden
|-damage|p2a: Bin Laden|0 fnt
|faint|p2a: Bin Laden
|
|-damage|p1a: Drippy|104\/384 brn|[from] brn
|callback|decision
|
|switch|p2a: Tripod|Jumpluff, M|310\/354 brn
|turn|13
|callback|decision
|
|move|p2a: Tripod|U-turn|p1a: Drippy
|-damage|p1a: Drippy|82\/384 brn
|-unboost|p2a: Tripod|spe|1|[from] ability: Gooey
|callback|decision
|
|switch|p2a: Scrotom-Wash|Rotom-Wash, shiny|260\/295
|move|p1a: Drippy|Dragon Pulse|p2a: Scrotom-Wash
|-damage|p2a: Scrotom-Wash|122\/295
|
|-heal|p2a: Scrotom-Wash|140\/295|[from] item: Leftovers
|-damage|p1a: Drippy|34\/384 brn|[from] brn
|turn|14
|callback|decision
|
|move|p2a: Scrotom-Wash|Volt Switch|p1a: Drippy
|-resisted|p1a: Drippy
|-damage|p1a: Drippy|15\/384 brn
|callback|decision
|
|switch|p2a: Togekiss|Togekiss, F|367\/367
|move|p1a: Drippy|Thunderbolt|p2a: Togekiss
|-supereffective|p2a: Togekiss
|-damage|p2a: Togekiss|187\/367
|
|-heal|p2a: Togekiss|209\/367|[from] item: Leftovers
|-damage|p1a: Drippy|0 fnt|[from] brn
|faint|p1a: Drippy
|callback|decision
|
|switch|p1a: Moo|Mamoswine, F|424\/424
|-damage|p1a: Moo|371\/424|[from] Stealth Rock
|turn|15
|callback|decision
|
|switch|p2a: Luke Car E O|Lucario, F|281\/281
|move|p1a: Moo|Stealth Rock|p2a: Luke Car E O
|-sidestart|p2: livEnwolC|move: Stealth Rock
|
|turn|16
|callback|decision
|
|move|p2a: Luke Car E O|Bullet Punch|p1a: Moo
|-supereffective|p1a: Moo
|-damage|p1a: Moo|227\/424
|move|p1a: Moo|Earthquake|p2a: Luke Car E O
|-supereffective|p2a: Luke Car E O
|-damage|p2a: Luke Car E O|0 fnt
|faint|p2a: Luke Car E O
|
|callback|decision
|
|switch|p2a: Scrotom-Wash|Rotom-Wash, shiny|140\/295
|-damage|p2a: Scrotom-Wash|104\/295|[from] Stealth Rock
|turn|17
|callback|decision
|
|switch|p1a: Cyan|Ditto, shiny|300\/300
|-damage|p1a: Cyan|263\/300|[from] Stealth Rock
|-transform|p1a: Cyan|p2a: Scrotom-Wash
|move|p2a: Scrotom-Wash|Hydro Pump|p1a: Cyan|[miss]
|-miss|p2a: Scrotom-Wash|p1a: Cyan
|
|-heal|p2a: Scrotom-Wash|122\/295|[from] item: Leftovers
|turn|18
|callback|decision
|
|move|p1a: Cyan|Thunderbolt|p2a: Scrotom-Wash
|-damage|p2a: Scrotom-Wash|4\/295
|move|p2a: Scrotom-Wash|Thunderbolt|p1a: Cyan
|-damage|p1a: Cyan|158\/300
|
|-heal|p2a: Scrotom-Wash|22\/295|[from] item: Leftovers
|turn|19
|callback|decision
|
|move|p1a: Cyan|Thunderbolt|p2a: Scrotom-Wash
|-damage|p2a: Scrotom-Wash|0 fnt
|faint|p2a: Scrotom-Wash
|
|callback|decision
|
|switch|p2a: Diggersby Tho|Excadrill, M, shiny|274\/362
|-damage|p2a: Diggersby Tho|263\/362|[from] Stealth Rock
|-ability|p2a: Diggersby Tho|Mold Breaker
|turn|20
|callback|decision
|
|move|p2a: Diggersby Tho|Earthquake|p1a: Cyan
|-supereffective|p1a: Cyan
|-damage|p1a: Cyan|0 fnt
|faint|p1a: Cyan
|
|callback|decision
|
|switch|p1a: Kangaskhan|Kangaskhan, F|148\/352
|-formechange|p1a: Kangaskhan|Kangaskhan-Mega
|-damage|p1a: Kangaskhan|104\/352|[from] Stealth Rock
|turn|21
|callback|decision
|
|move|p1a: Kangaskhan|Fake Out|p2a: Diggersby Tho
|-resisted|p2a: Diggersby Tho
|-damage|p2a: Diggersby Tho|206\/362
|-resisted|p2a: Diggersby Tho
|-damage|p2a: Diggersby Tho|180\/362
|-hitcount|p2a: Diggersby Tho|2
|cant|p2a: Diggersby Tho|flinch
|
|turn|22
|callback|decision
|
|switch|p2a: Tripod|Jumpluff, M|310\/354 brn
|-damage|p2a: Tripod|222\/354 brn|[from] Stealth Rock
|move|p1a: Kangaskhan|Power-Up Punch|p2a: Tripod
|-resisted|p2a: Tripod
|-damage|p2a: Tripod|186\/354 brn
|-boost|p1a: Kangaskhan|atk|1
|-resisted|p2a: Tripod
|-damage|p2a: Tripod|160\/354 brn
|-boost|p1a: Kangaskhan|atk|1
|-hitcount|p2a: Tripod|2
|
|-heal|p2a: Tripod|182\/354 brn|[from] item: Leftovers
|-damage|p2a: Tripod|138\/354 brn|[from] brn
|turn|23
|callback|decision
|
|move|p1a: Kangaskhan|Sucker Punch|p2a: Tripod
|-fail|p2a: Tripod
|move|p2a: Tripod|Aromatherapy|p2a: Tripod
|-cureteam|p2a: Tripod|[from] move: Aromatherapy
|
|-heal|p2a: Tripod|160\/354|[from] item: Leftovers
|turn|24
|callback|decision
|
|move|p1a: Kangaskhan|Sucker Punch|p2a: Tripod
|-fail|p2a: Tripod
|move|p2a: Tripod|Encore|p1a: Kangaskhan
|-start|p1a: Kangaskhan|Encore
|
|-heal|p2a: Tripod|182\/354|[from] item: Leftovers
|turn|25
|callback|decision
|
|move|p1a: Kangaskhan|Sucker Punch|p2a: Tripod
|-damage|p2a: Tripod|0 fnt
|-hitcount|p2a: Tripod|1
|faint|p2a: Tripod
|
|callback|decision
|
|switch|p2a: Togekiss|Togekiss, F|209\/367
|-damage|p2a: Togekiss|118\/367|[from] Stealth Rock
|turn|26
|callback|decision
|
|move|p1a: Kangaskhan|Sucker Punch|p2a: Togekiss
|-fail|p2a: Togekiss
|move|p2a: Togekiss|Roost|p2a: Togekiss
|-heal|p2a: Togekiss|302\/367
|
|-heal|p2a: Togekiss|324\/367|[from] item: Leftovers
|turn|27
|callback|decision
|
|move|p1a: Kangaskhan|Sucker Punch|p2a: Togekiss
|-fail|p2a: Togekiss
|move|p2a: Togekiss|Roost|p2a: Togekiss
|-heal|p2a: Togekiss|367\/367
|
|-end|p1a: Kangaskhan|Encore
|turn|28
|callback|decision
|
|move|p1a: Kangaskhan|Crunch|p2a: Togekiss
|-resisted|p2a: Togekiss
|-damage|p2a: Togekiss|274\/367
|-resisted|p2a: Togekiss
|-damage|p2a: Togekiss|225\/367
|-hitcount|p2a: Togekiss|2
|move|p2a: Togekiss|Flamethrower|p1a: Kangaskhan
|-damage|p1a: Kangaskhan|2\/352
|
|-heal|p2a: Togekiss|247\/367|[from] item: Leftovers
|turn|29
|callback|decision
|
|move|p1a: Kangaskhan|Crunch|p2a: Togekiss
|-resisted|p2a: Togekiss
|-damage|p2a: Togekiss|159\/367
|-resisted|p2a: Togekiss
|-damage|p2a: Togekiss|111\/367
|-unboost|p2a: Togekiss|def|1
|-hitcount|p2a: Togekiss|2
|move|p2a: Togekiss|Roost|p2a: Togekiss
|-heal|p2a: Togekiss|295\/367
|
|-heal|p2a: Togekiss|317\/367|[from] item: Leftovers
|turn|30
|callback|decision
|
|move|p1a: Kangaskhan|Crunch|p2a: Togekiss
|-resisted|p2a: Togekiss
|-damage|p2a: Togekiss|165\/367
|-resisted|p2a: Togekiss
|-damage|p2a: Togekiss|96\/367
|-hitcount|p2a: Togekiss|2
|move|p2a: Togekiss|Air Slash|p1a: Kangaskhan
|-crit|p1a: Kangaskhan
|-damage|p1a: Kangaskhan|0 fnt
|faint|p1a: Kangaskhan
|
|-heal|p2a: Togekiss|118\/367|[from] item: Leftovers
|callback|decision
|
|switch|p1a: Moo|Mamoswine, F|227\/424
|-damage|p1a: Moo|174\/424|[from] Stealth Rock
|turn|31
|callback|decision
|
|move|p1a: Moo|Icicle Crash|p2a: Togekiss
|-supereffective|p2a: Togekiss
|-damage|p2a: Togekiss|0 fnt
|faint|p2a: Togekiss
|
|callback|decision
|
|switch|p2a: Diggersby Tho|Excadrill, M, shiny|180\/362
|-damage|p2a: Diggersby Tho|169\/362|[from] Stealth Rock
|-ability|p2a: Diggersby Tho|Mold Breaker
|turn|32
|callback|decision
|
|move|p1a: Moo|Ice Shard|p2a: Diggersby Tho
|-damage|p2a: Diggersby Tho|55\/362
|move|p2a: Diggersby Tho|Brick Break|p1a: Moo
|-supereffective|p1a: Moo
|-damage|p1a: Moo|0 fnt
|faint|p1a: Moo
|
|win|livEnwolC
|raw|Ladder updating...
|chat|Bdeng|gg
|raw|Bdeng's rating: 1826 &rarr; <strong>1821<\/strong><br \/>(-5 for losing)
|raw|livEnwolC's rating: 1798 &rarr; <strong>1801<\/strong><br \/>(+3 for winning)