|join|nyc_test
|join|livEnwolC
|player|p1|nyc_test|92
|player|p2|livEnwolC|59
|gametype|singles
|tier|OU (beta)
|rated
|rule|Evasion Abilities Clause: Evasion abilities are banned
|clearpoke
|poke|p1|Rotom-Wash
|poke|p1|Greninja, M
|poke|p1|Charizard, M, shiny
|poke|p1|Tyranitar, M
|poke|p1|Excadrill, M
|poke|p1|Aegislash, M
|poke|p2|Kangaskhan, F
|poke|p2|Excadrill, M
|poke|p2|Gengar, F
|poke|p2|Rotom-Wash
|poke|p2|Espeon, F
|poke|p2|Sylveon, M
|rule|Sleep Clause Mod: Limit one foe put to sleep
|rule|Species Clause: Limit one of each Pokemon
|rule|OHKO Clause: OHKO moves are banned
|rule|Moody Clause: Moody is banned
|rule|Evasion Moves Clause: Evasion moves are banned
|rule|HP Percentage Mod: HP is reported as percentages
|teampreview
|callback|decision
|
|start
|switch|p1a: Rotom-Wash|Rotom-Wash|303\/303
|switch|p2a: Momma Bear|Kangaskhan, F|414\/414
|turn|1
|callback|decision
|
|-formechange|p2a: Momma Bear|Kangaskhan-Mega
|message|Kangaskhan mega-evolved into Kangaskhan-Mega!
|move|p2a: Momma Bear|Fake Out|p1a: Rotom-Wash
|-damage|p1a: Rotom-Wash|224\/303
|-damage|p1a: Rotom-Wash|185\/303
|-hitcount|p1a: Rotom-Wash|2
|cant|p1a: Rotom-Wash|flinch
|
|turn|2
|callback|decision
|
|switch|p2a: Bed|Espeon, F|272\/272
|move|p1a: Rotom-Wash|Will-O-Wisp|p2a: Bed
|move|p2a: Bed|Will-O-Wisp|p1a: Rotom-Wash|[from]Magic Bounce
|-status|p1a: Rotom-Wash|brn
|
|-damage|p1a: Rotom-Wash|148\/303 brn|[from] brn
|turn|3
|callback|decision
|
|move|p2a: Bed|Psychic|p1a: Rotom-Wash
|-damage|p1a: Rotom-Wash|31\/303 brn
|move|p1a: Rotom-Wash|Rest|p1a: Rotom-Wash
|-status|p1a: Rotom-Wash|slp
|-heal|p1a: Rotom-Wash|303\/303 slp|[silent]
|-status|p1a: Rotom-Wash|slp|[from] move: Rest
|-enditem|p1a: Rotom-Wash|Chesto Berry|[eat]
|-curestatus|p1a: Rotom-Wash|slp
|
|turn|4
|callback|decision
|
|switch|p1a: Tyranitar|Tyranitar, M|404\/404
|-weather|Sandstorm
|move|p2a: Bed|Hidden Power|p1a: Tyranitar
|-resisted|p1a: Tyranitar
|-damage|p1a: Tyranitar|386\/404
|
|-weather|Sandstorm|[upkeep]
|-damage|p2a: Bed|255\/272|[from] sandstorm
|-heal|p2a: Bed|272\/272|[from] item: Leftovers
|-heal|p1a: Tyranitar|404\/404|[from] item: Leftovers
|turn|5
|callback|decision
|
|switch|p2a: Dishes|Rotom-Wash|304\/304
|move|p1a: Tyranitar|Crunch|p2a: Dishes
|-damage|p2a: Dishes|189\/304
|
|-weather|Sandstorm|[upkeep]
|-damage|p2a: Dishes|170\/304|[from] sandstorm
|-heal|p2a: Dishes|189\/304|[from] item: Leftovers
|turn|6
|callback|decision
|
|switch|p1a: Rotom-Wash|Rotom-Wash|303\/303
|move|p2a: Dishes|Volt Switch|p1a: Rotom-Wash
|-damage|p1a: Rotom-Wash|248\/303
|callback|decision
|
|switch|p2a: Momma Bear|Kangaskhan, F|414\/414
|-formechange|p2a: Momma Bear|Kangaskhan-Mega
|
|-weather|Sandstorm|[upkeep]
|-damage|p2a: Momma Bear|389\/414|[from] sandstorm
|-damage|p1a: Rotom-Wash|230\/303|[from] sandstorm
|turn|7
|callback|decision
|
|switch|p1a: Aegislash|Aegislash, M|324\/324
|move|p2a: Momma Bear|Fake Out|p1a: Aegislash
|-immune|p1a: Aegislash|[msg]
|
|-weather|Sandstorm|[upkeep]
|-damage|p2a: Momma Bear|364\/414|[from] sandstorm
|turn|8
|callback|decision
|
|move|p2a: Momma Bear|Earthquake|p1a: Aegislash
|-supereffective|p1a: Aegislash
|-damage|p1a: Aegislash|140\/324
|move|p1a: Aegislash|Swords Dance|p1a: Aegislash
|-boost|p1a: Aegislash|atk|2
|
|-weather|none
|-heal|p1a: Aegislash|160\/324|[from] item: Leftovers
|turn|9
|callback|decision
|
|move|p1a: Aegislash|King's Shield|p1a: Aegislash
|-singleturn|p1a: Aegislash|King's Shield
|move|p2a: Momma Bear|Earthquake|p1a: Aegislash
|-activate|p1a: Aegislash|King's Shield
|
|-heal|p1a: Aegislash|180\/324|[from] item: Leftovers
|turn|10
|callback|decision
|
|switch|p1a: Rotom-Wash|Rotom-Wash|230\/303
|move|p2a: Momma Bear|Earthquake|p1a: Rotom-Wash
|-immune|p1a: Rotom-Wash|[msg]
|
|turn|11
|callback|decision
|
|switch|p2a: Bed|Espeon, F|272\/272
|move|p1a: Rotom-Wash|Volt Switch|p2a: Bed
|-damage|p2a: Bed|185\/272
|callback|decision
|
|switch|p1a: Tyranitar|Tyranitar, M|404\/404
|-weather|Sandstorm
|
|-weather|Sandstorm|[upkeep]
|-damage|p2a: Bed|168\/272|[from] sandstorm
|-heal|p2a: Bed|185\/272|[from] item: Leftovers
|turn|12
|callback|decision
|
|move|p2a: Bed|Morning Sun|p2a: Bed
|-heal|p2a: Bed|253\/272
|move|p1a: Tyranitar|Crunch|p2a: Bed
|-supereffective|p2a: Bed
|-damage|p2a: Bed|0 fnt
|faint|p2a: Bed
|
|-weather|Sandstorm|[upkeep]
|callback|decision
|
|switch|p2a: Momma Bear|Kangaskhan, F|364\/414
|-formechange|p2a: Momma Bear|Kangaskhan-Mega
|turn|13
|callback|decision
|
|switch|p1a: Excadrill|Excadrill, M|362\/362
|-ability|p1a: Excadrill|Mold Breaker
|-item|p1a: Excadrill|Air Balloon
|move|p2a: Momma Bear|Power-Up Punch|p1a: Excadrill
|-supereffective|p1a: Excadrill
|-damage|p1a: Excadrill|204\/362
|-enditem|p1a: Excadrill|Air Balloon
|-boost|p2a: Momma Bear|atk|1
|-supereffective|p1a: Excadrill
|-damage|p1a: Excadrill|92\/362
|-boost|p2a: Momma Bear|atk|1
|-hitcount|p1a: Excadrill|2
|
|-weather|Sandstorm|[upkeep]
|-damage|p2a: Momma Bear|339\/414|[from] sandstorm
|turn|14
|callback|decision
|
|move|p2a: Momma Bear|Sucker Punch|p1a: Excadrill
|-damage|p1a: Excadrill|0 fnt
|-hitcount|p1a: Excadrill|1
|faint|p1a: Excadrill
|
|-weather|Sandstorm|[upkeep]
|-damage|p2a: Momma Bear|314\/414|[from] sandstorm
|callback|decision
|
|switch|p1a: Greninja|Greninja, M|286\/286
|turn|15
|callback|decision
|
|move|p2a: Momma Bear|Sucker Punch|p1a: Greninja
|-resisted|p1a: Greninja
|-damage|p1a: Greninja|147\/286
|-resisted|p1a: Greninja
|-damage|p1a: Greninja|81\/286
|-hitcount|p1a: Greninja|2
|-start|p1a: Greninja|typechange|Water|[from] Protean
|move|p1a: Greninja|Hydro Pump|p2a: Momma Bear
|-damage|p2a: Momma Bear|160\/414
|
|-weather|none
|turn|16
|callback|decision
|
|switch|p1a: Tyranitar|Tyranitar, M|404\/404
|-weather|Sandstorm
|move|p2a: Momma Bear|Earthquake|p1a: Tyranitar
|-supereffective|p1a: Tyranitar
|-damage|p1a: Tyranitar|0 fnt
|faint|p1a: Tyranitar
|
|-weather|Sandstorm|[upkeep]
|-damage|p2a: Momma Bear|135\/414|[from] sandstorm
|callback|decision
|
|switch|p1a: Aegislash|Aegislash, M|180\/324
|turn|17
|callback|decision
|
|move|p1a: Aegislash|King's Shield|p1a: Aegislash
|-singleturn|p1a: Aegislash|King's Shield
|move|p2a: Momma Bear|Earthquake|p1a: Aegislash
|-activate|p1a: Aegislash|King's Shield
|
|-weather|Sandstorm|[upkeep]
|-damage|p2a: Momma Bear|110\/414|[from] sandstorm
|-heal|p1a: Aegislash|200\/324|[from] item: Leftovers
|turn|18
|callback|decision
|
|switch|p1a: Charizard|Charizard, M, shiny|297\/297
|move|p2a: Momma Bear|Earthquake|p1a: Charizard
|-immune|p1a: Charizard|[msg]
|
|-weather|Sandstorm|[upkeep]
|-damage|p1a: Charizard|279\/297|[from] sandstorm
|-damage|p2a: Momma Bear|85\/414|[from] sandstorm
|turn|19
|callback|decision
|
|move|p2a: Momma Bear|Sucker Punch|p1a: Charizard
|-fail|p1a: Charizard
|move|p1a: Charizard|Dragon Dance|p1a: Charizard
|-boost|p1a: Charizard|atk|1
|-boost|p1a: Charizard|spe|1
|
|-weather|Sandstorm|[upkeep]
|-damage|p1a: Charizard|261\/297|[from] sandstorm
|-damage|p2a: Momma Bear|60\/414|[from] sandstorm
|turn|20
|callback|decision
|
|-formechange|p1a: Charizard|Charizard-Mega-X
|message|Charizard mega-evolved into Charizard-Mega-X!
|move|p1a: Charizard|Dragon Claw|p2a: Momma Bear
|-damage|p2a: Momma Bear|0 fnt
|faint|p2a: Momma Bear
|
|-weather|none
|callback|decision
|
|switch|p2a: Dishes|Rotom-Wash|189\/304
|turn|21
|callback|decision
|
|move|p1a: Charizard|Dragon Claw|p2a: Dishes
|-damage|p2a: Dishes|0 fnt
|faint|p2a: Dishes
|
|callback|decision
|
|switch|p2a: Lil Red Riding Hoo|Sylveon, M|394\/394
|turn|22
|callback|decision
|
|move|p1a: Charizard|Flare Blitz|p2a: Lil Red Riding Hoo
|-damage|p2a: Lil Red Riding Hoo|0 fnt
|-damage|p1a: Charizard|131\/297|[from] recoil|[of] p2a: Lil Red Riding Hoo
|faint|p2a: Lil Red Riding Hoo
|
|callback|decision
|
|switch|p2a: Pappa Bear|Excadrill, M|362\/362
|-ability|p2a: Pappa Bear|Mold Breaker
|turn|23
|callback|decision
|
|move|p1a: Charizard|Earthquake|p2a: Pappa Bear
|-supereffective|p2a: Pappa Bear
|-damage|p2a: Pappa Bear|0 fnt
|faint|p2a: Pappa Bear
|
|callback|decision
|
|switch|p2a: Porridge|Gengar, F|262\/262
|turn|24
|callback|decision
|
|move|p1a: Charizard|Flare Blitz|p2a: Porridge
|-damage|p2a: Porridge|0 fnt
|-damage|p1a: Charizard|45\/297|[from] recoil|[of] p2a: Porridge
|faint|p2a: Porridge
|
|win|nyc_test
|raw|Ladder updating...
|raw|nyc_test's rating: 1852 &rarr; <strong>1868<\/strong><br \/>(+16 for winning)
|raw|livEnwolC's rating: 1698 &rarr; <strong>1691<\/strong><br \/>(-7 for losing)
|chat|nyc_test|gg