|join|steviemaximum
|join|livEnwolC
|player|p1|steviemaximum|52
|player|p2|livEnwolC|59
|gametype|doubles
|gen|6
|tier|Smogon Doubles
|rated
|clearpoke
|poke|p1|Medicham, F
|poke|p1|Krookodile, M
|poke|p1|Ferrothorn, F
|poke|p1|Chandelure, M
|poke|p1|Rotom-Wash
|poke|p1|Aerodactyl, M, shiny
|poke|p2|Azumarill, M
|poke|p2|Mew
|poke|p2|Breloom, M
|poke|p2|Gengar, F
|poke|p2|Ferrothorn, M
|poke|p2|Garchomp, M
|rule|Species Clause: Limit one of each PokÃ©mon
|rule|OHKO Clause: OHKO moves are banned
|rule|Moody Clause: Moody is banned
|rule|Evasion Abilities Clause: Evasion abilities are banned
|rule|Evasion Moves Clause: Evasion moves are banned
|rule|Endless Battle Clause: Forcing endless battles is banned
|rule|HP Percentage Mod: HP is shown in percentages
|teampreview
|
|start
|switch|p1a: Krookodile|Krookodile, M|332\/332
|switch|p1b: Aerodactyl|Aerodactyl, M, shiny|302\/302
|switch|p2a: Azumarill|Azumarill, M|404\/404
|switch|p2b: Azumewrill|Mew|403\/403
|-ability|p1a: Krookodile|Intimidate|[of] p2a: Azumarill
|-unboost|p2a: Azumarill|atk|1
|-ability|p1a: Krookodile|Intimidate|[of] p2b: Azumewrill
|-unboost|p2b: Azumewrill|atk|1
|turn|1
|
|move|p2b: Azumewrill|Fake Out|p1b: Aerodactyl
|-resisted|p1b: Aerodactyl
|-damage|p1b: Aerodactyl|289\/302
|cant|p1b: Aerodactyl|flinch
|move|p1a: Krookodile|Earthquake|p2b: Azumewrill
|-immune|p1b: Aerodactyl|[msg]
|-damage|p2a: Azumarill|223\/404
|-damage|p2b: Azumewrill|251\/403
|-damage|p1a: Krookodile|299\/332|[from] item: Life Orb
|move|p2a: Azumarill|Belly Drum|p2a: Azumarill
|-damage|p2a: Azumarill|21\/404
|-setboost|p2a: Azumarill|atk|6|[from] move: Belly Drum
|-enditem|p2a: Azumarill|Sitrus Berry|[eat]
|-heal|p2a: Azumarill|122\/404|[from] item: Sitrus Berry
|
|-heal|p2b: Azumewrill|276\/403|[from] item: Leftovers
|turn|2
|
|move|p2a: Azumarill|Aqua Jet|p1a: Krookodile
|-supereffective|p1a: Krookodile
|-damage|p1a: Krookodile|0 fnt
|faint|p1a: Krookodile
|move|p1b: Aerodactyl|Rock Slide|p2a: Azumarill
|-damage|p2a: Azumarill|0 fnt
|-crit|p2b: Azumewrill
|-damage|p2b: Azumewrill|89\/403
|-damage|p1b: Aerodactyl|259\/302|[from] item: Life Orb
|faint|p2a: Azumarill
|move|p2b: Azumewrill|Transform|false|[notarget]
|-notarget
|
|-heal|p2b: Azumewrill|114\/403|[from] item: Leftovers
|
|switch|p2a: Gengar|Gengar, F|323\/323
|switch|p1a: Medicham|Medicham, F|262\/262
|turn|3
|
|switch|p1a: Ferrothorn|Ferrothorn, F|352\/352
|detailschange|p2a: Gengar|Gengar-Mega, F
|message|Gengar has Mega Evolved into Mega Gengar!
|move|p1b: Aerodactyl|Rock Slide|p2b: Azumewrill
|-damage|p2a: Gengar|179\/323
|-damage|p2b: Azumewrill|0 fnt
|-damage|p1b: Aerodactyl|229\/302|[from] item: Life Orb
|faint|p2b: Azumewrill
|cant|p2a: Gengar|flinch
|
|
|switch|p2b: Garchomp|Garchomp, M|358\/358
|turn|4
|
|move|p2a: Gengar|Will-O-Wisp|p1b: Aerodactyl
|-status|p1b: Aerodactyl|brn
|move|p1b: Aerodactyl|Rock Slide|p2b: Garchomp
|-damage|p2a: Gengar|101\/323
|-resisted|p2b: Garchomp
|-damage|p2b: Garchomp|327\/358
|-damage|p1b: Aerodactyl|199\/302 brn|[from] item: Life Orb
|move|p2b: Garchomp|Fire Fang|p1a: Ferrothorn
|-supereffective|p1a: Ferrothorn
|-damage|p1a: Ferrothorn|98\/352
|-damage|p2b: Garchomp|283\/358|[from] ability: Iron Barbs|[of] p1a: Ferrothorn
|-status|p1a: Ferrothorn|brn
|move|p1a: Ferrothorn|Leech Seed|p2b: Garchomp
|-start|p2b: Garchomp|move: Leech Seed
|
|-heal|p1a: Ferrothorn|120\/352 brn|[from] item: Leftovers
|-damage|p2b: Garchomp|239\/358|[from] Leech Seed|[of] p1a: Ferrothorn
|-heal|p1a: Ferrothorn|164\/352 brn|[silent]
|-damage|p1b: Aerodactyl|162\/302 brn|[from] brn
|-damage|p1a: Ferrothorn|120\/352 brn|[from] brn
|turn|5
|
|switch|p2b: Ferrothorn|Ferrothorn, M|352\/352
|move|p2a: Gengar|Protect|p2a: Gengar
|-singleturn|p2a: Gengar|Protect
|move|p1a: Ferrothorn|Protect|p1a: Ferrothorn
|-singleturn|p1a: Ferrothorn|Protect
|move|p1b: Aerodactyl|Crunch|p2a: Gengar
|-activate|p2a: Gengar|Protect
|
|-heal|p1a: Ferrothorn|142\/352 brn|[from] item: Leftovers
|-damage|p1b: Aerodactyl|125\/302 brn|[from] brn
|-damage|p1a: Ferrothorn|98\/352 brn|[from] brn
|turn|6
|
|move|p2a: Gengar|Substitute|p2a: Gengar
|-start|p2a: Gengar|Substitute
|-damage|p2a: Gengar|21\/323
|move|p1b: Aerodactyl|Crunch|p2a: Gengar
|-supereffective|p2a: Gengar
|-end|p2a: Gengar|Substitute
|-damage|p1b: Aerodactyl|95\/302 brn|[from] item: Life Orb
|move|p1a: Ferrothorn|Leech Seed|p2a: Gengar
|-start|p2a: Gengar|move: Leech Seed
|move|p2b: Ferrothorn|Gyro Ball|p1b: Aerodactyl
|-supereffective|p1b: Aerodactyl
|-damage|p1b: Aerodactyl|0 fnt
|faint|p1b: Aerodactyl
|
|-heal|p1a: Ferrothorn|120\/352 brn|[from] item: Leftovers
|-damage|p2a: Gengar|0 fnt|[from] Leech Seed|[of] p1a: Ferrothorn
|-heal|p1a: Ferrothorn|141\/352 brn|[silent]
|-damage|p1a: Ferrothorn|97\/352 brn|[from] brn
|faint|p2a: Gengar
|
|switch|p1b: Medicham|Medicham, F|262\/262
|switch|p2a: Garchomp|Garchomp, M|239\/358
|turn|7
|
|detailschange|p1b: Medicham|Medicham-Mega, F
|message|Medicham has Mega Evolved into Mega Medicham!
|move|p2a: Garchomp|Earthquake|p1b: Medicham
|-damage|p2b: Ferrothorn|276\/352
|-damage|p1a: Ferrothorn|0 fnt
|-crit|p1b: Medicham
|-damage|p1b: Medicham|13\/262
|faint|p1a: Ferrothorn
|move|p1b: Medicham|High Jump Kick|p2a: Garchomp
|-damage|p2a: Garchomp|0 fnt
|-damage|p1b: Medicham|0 fnt|[from] ability: Rough Skin|[of] p2a: Garchomp
|faint|p1b: Medicham
|faint|p2a: Garchomp
|move|p2b: Ferrothorn|Leech Seed|p1: Ferrothorn|[notarget]
|-notarget
|
|
|switch|p1b: Rotom-Wash|Rotom-Wash|304\/304
|switch|p1a: Chandelure|Chandelure, M|324\/324
|switch|p2a: Breloom|Breloom, M|324\/324
|turn|8
|
|move|p1b: Rotom-Wash|Will-O-Wisp|p2a: Breloom
|-status|p2a: Breloom|brn
|move|p1a: Chandelure|Heat Wave|p2b: Ferrothorn
|-supereffective|p2a: Breloom
|-damage|p2a: Breloom|0 fnt
|-supereffective|p2b: Ferrothorn
|-damage|p2b: Ferrothorn|0 fnt
|faint|p2a: Breloom
|faint|p2b: Ferrothorn
|
|win|steviemaximum
|raw|Ladder updating...
|raw|steviemaximum's rating: 1203 &rarr; <strong>1236<\/strong><br \/>(+33 for winning)
|raw|livEnwolC's rating: 1320 &rarr; <strong>1293<\/strong><br \/>(-27 for losing)
|c|âsteviemaximum|gg
|leave|livEnwolC
|player|p2