|join|Chumin
|join|juventus 32
|player|p1|Chumin|162
|player|p2|juventus 32|7
|gametype|singles
|gen|6
|tier|OU
|rated
|clearpoke
|poke|p1|Greninja, M
|poke|p1|Sylveon, F
|poke|p1|Pinsir, M
|poke|p1|Skarmory, F
|poke|p1|Kyurem-Black
|poke|p1|Volcarona, M
|poke|p2|Quagsire, M
|poke|p2|Chansey, F
|poke|p2|Latias, F, shiny
|poke|p2|Sableye, F
|poke|p2|Tyranitar, F
|poke|p2|Skarmory, F
|rule|Swagger Clause: Swagger is banned
|rule|Baton Pass Clause: Limit one PokÃ©mon knowing Baton Pass
|rule|Sleep Clause Mod: Limit one foe put to sleep
|rule|Species Clause: Limit one of each PokÃ©mon
|rule|OHKO Clause: OHKO moves are banned
|rule|Moody Clause: Moody is banned
|rule|Evasion Moves Clause: Evasion moves are banned
|rule|Endless Battle Clause: Forcing endless battles is banned
|rule|HP Percentage Mod: HP is shown in percentages
|teampreview
|
|start
|switch|p1a: Skarmory|Skarmory, F|334\/334
|switch|p2a: La santissima Trin|Tyranitar, F|404\/404
|-weather|Sandstorm
|turn|1
|
|detailschange|p2a: La santissima Trin|Tyranitar-Mega, F
|message|Tyranitar has Mega Evolved into Mega Tyranitar!
|move|p1a: Skarmory|Stealth Rock|p2a: La santissima Trin
|-sidestart|p2: juventus 32|move: Stealth Rock
|move|p2a: La santissima Trin|Stealth Rock|p1a: Skarmory
|-sidestart|p1: Chumin|move: Stealth Rock
|
|-weather|Sandstorm|[upkeep]
|turn|2
|
|move|p1a: Skarmory|Whirlwind|p2a: La santissima Trin
|drag|p2a: Chanseyyy|Chansey, F|704\/704
|-damage|p2a: Chanseyyy|616\/704|[from] Stealth Rock
|
|-weather|Sandstorm|[upkeep]
|-damage|p2a: Chanseyyy|572\/704|[from] sandstorm
|turn|3
|
|move|p1a: Skarmory|Brave Bird|p2a: Chanseyyy
|-damage|p2a: Chanseyyy|425\/704
|-damage|p1a: Skarmory|285\/334|[from] recoil|[of] p2a: Chanseyyy
|move|p2a: Chanseyyy|Seismic Toss|p1a: Skarmory
|-damage|p1a: Skarmory|185\/334
|
|-weather|Sandstorm|[upkeep]
|-damage|p2a: Chanseyyy|381\/704|[from] sandstorm
|-heal|p1a: Skarmory|205\/334|[from] item: Leftovers
|turn|4
|
|move|p1a: Skarmory|Roost|p1a: Skarmory
|-heal|p1a: Skarmory|334\/334
|move|p2a: Chanseyyy|Soft-Boiled|p2a: Chanseyyy
|-heal|p2a: Chanseyyy|704\/704
|
|-weather|Sandstorm|[upkeep]
|-damage|p2a: Chanseyyy|660\/704|[from] sandstorm
|turn|5
|
|switch|p2a: Sampei|Sableye, F|304\/304
|-damage|p2a: Sampei|266\/304|[from] Stealth Rock
|move|p1a: Skarmory|Whirlwind|p2a: Sampei
|drag|p2a: Chanseyyy|Chansey, F|660\/704
|-damage|p2a: Chanseyyy|572\/704|[from] Stealth Rock
|
|-weather|none
|turn|6
|
|move|p2a: Chanseyyy|Seismic Toss|p1a: Skarmory
|-damage|p1a: Skarmory|234\/334
|move|p1a: Skarmory|Whirlwind|p2a: Chanseyyy
|drag|p2a: Sampei|Sableye, F|266\/304
|-damage|p2a: Sampei|228\/304|[from] Stealth Rock
|
|-heal|p1a: Skarmory|254\/334|[from] item: Leftovers
|turn|7
|
|move|p2a: Sampei|Trick|p1a: Skarmory
|-activate|p2a: Sampei|move: Trick|[of] p1a: Skarmory
|-item|p1a: Skarmory|Choice Scarf|[from] move: Trick
|-item|p2a: Sampei|Leftovers|[from] move: Trick
|move|p1a: Skarmory|Whirlwind|p2a: Sampei
|drag|p2a: Chanseyyy|Chansey, F|572\/704
|-damage|p2a: Chanseyyy|484\/704|[from] Stealth Rock
|
|turn|8
|
|move|p2a: Chanseyyy|Soft-Boiled|p2a: Chanseyyy
|-heal|p2a: Chanseyyy|704\/704
|move|p1a: Skarmory|Whirlwind|p2a: Chanseyyy
|drag|p2a: Latias|Latias, F, shiny|301\/301
|-damage|p2a: Latias|264\/301|[from] Stealth Rock
|
|-heal|p2a: Latias|282\/301|[from] item: Leftovers
|turn|9
|
|move|p2a: Latias|Psychic|p1a: Skarmory
|-resisted|p1a: Skarmory
|-damage|p1a: Skarmory|158\/334
|move|p1a: Skarmory|Whirlwind|p2a: Latias
|drag|p2a: Sampei|Sableye, F|228\/304
|-damage|p2a: Sampei|190\/304|[from] Stealth Rock
|
|-heal|p2a: Sampei|209\/304|[from] item: Leftovers
|turn|10
|
|move|p2a: Sampei|Recover|p2a: Sampei
|-heal|p2a: Sampei|304\/304
|move|p1a: Skarmory|Whirlwind|p2a: Sampei
|drag|p2a: Al-Quagsire|Quagsire, M|394\/394
|-damage|p2a: Al-Quagsire|370\/394|[from] Stealth Rock
|
|-heal|p2a: Al-Quagsire|394\/394|[from] item: Leftovers
|turn|11
|
|switch|p1a: Sylveon|Sylveon, F|394\/394
|-damage|p1a: Sylveon|345\/394|[from] Stealth Rock
|move|p2a: Al-Quagsire|Protect|p2a: Al-Quagsire
|-fail|p2a: Al-Quagsire
|
|-heal|p1a: Sylveon|369\/394|[from] item: Leftovers
|turn|12
|
|move|p2a: Al-Quagsire|Protect|p2a: Al-Quagsire
|-singleturn|p2a: Al-Quagsire|Protect
|move|p1a: Sylveon|Calm Mind|p1a: Sylveon
|-boost|p1a: Sylveon|spa|1
|-boost|p1a: Sylveon|spd|1
|
|-heal|p1a: Sylveon|393\/394|[from] item: Leftovers
|turn|13
|
|move|p1a: Sylveon|Hyper Voice|p2a: Al-Quagsire
|-damage|p2a: Al-Quagsire|181\/394
|move|p2a: Al-Quagsire|Toxic|p1a: Sylveon
|-status|p1a: Sylveon|tox
|
|-heal|p1a: Sylveon|394\/394 tox|[from] item: Leftovers
|-heal|p2a: Al-Quagsire|205\/394|[from] item: Leftovers
|-damage|p1a: Sylveon|370\/394 tox|[from] psn
|turn|14
|
|move|p2a: Al-Quagsire|Protect|p2a: Al-Quagsire
|-singleturn|p2a: Al-Quagsire|Protect
|move|p1a: Sylveon|Calm Mind|p1a: Sylveon
|-boost|p1a: Sylveon|spa|1
|-boost|p1a: Sylveon|spd|1
|
|-heal|p1a: Sylveon|394\/394 tox|[from] item: Leftovers
|-heal|p2a: Al-Quagsire|229\/394|[from] item: Leftovers
|-damage|p1a: Sylveon|346\/394 tox|[from] psn
|turn|15
|
|move|p1a: Sylveon|Calm Mind|p1a: Sylveon
|-boost|p1a: Sylveon|spa|1
|-boost|p1a: Sylveon|spd|1
|move|p2a: Al-Quagsire|Recover|p2a: Al-Quagsire
|-heal|p2a: Al-Quagsire|394\/394
|
|-heal|p1a: Sylveon|370\/394 tox|[from] item: Leftovers
|-damage|p1a: Sylveon|298\/394 tox|[from] psn
|turn|16
|
|move|p1a: Sylveon|Wish|p1a: Sylveon
|move|p2a: Al-Quagsire|Earthquake|p1a: Sylveon
|-damage|p1a: Sylveon|196\/394 tox
|
|-heal|p1a: Sylveon|220\/394 tox|[from] item: Leftovers
|-damage|p1a: Sylveon|124\/394 tox|[from] psn
|turn|17
|
|move|p1a: Sylveon|Baton Pass|p1a: Sylveon
|
|switch|p1a: Greninja|Greninja, M|286\/286
|-damage|p1a: Greninja|251\/286|[from] Stealth Rock
|move|p2a: Al-Quagsire|Earthquake|p1a: Greninja
|-damage|p1a: Greninja|107\/286
|
|-heal|p1a: Greninja|286\/286|[from] move: Wish|[wisher] Sylveon
|turn|18
|
|move|p1a: Greninja|Ice Beam|p2a: Al-Quagsire
|-start|p1a: Greninja|typechange|Ice|[from] Protean
|-damage|p2a: Al-Quagsire|148\/394
|-damage|p1a: Greninja|258\/286|[from] item: Life Orb
|move|p2a: Al-Quagsire|Toxic|p1a: Greninja
|-status|p1a: Greninja|tox
|
|-heal|p2a: Al-Quagsire|172\/394|[from] item: Leftovers
|-damage|p1a: Greninja|241\/286 tox|[from] psn
|turn|19
|
|move|p2a: Al-Quagsire|Protect|p2a: Al-Quagsire
|-singleturn|p2a: Al-Quagsire|Protect
|move|p1a: Greninja|Ice Beam|p2a: Al-Quagsire
|-activate|p2a: Al-Quagsire|Protect
|
|-heal|p2a: Al-Quagsire|196\/394|[from] item: Leftovers
|-damage|p1a: Greninja|207\/286 tox|[from] psn
|turn|20
|
|switch|p2a: Chanseyyy|Chansey, F|704\/704
|-damage|p2a: Chanseyyy|616\/704|[from] Stealth Rock
|move|p1a: Greninja|Ice Beam|p2a: Chanseyyy
|-damage|p2a: Chanseyyy|326\/704
|-damage|p1a: Greninja|179\/286 tox|[from] item: Life Orb
|
|-damage|p1a: Greninja|128\/286 tox|[from] psn
|turn|21
|
|move|p1a: Greninja|Hydro Pump|p2a: Chanseyyy
|-start|p1a: Greninja|typechange|Water|[from] Protean
|-damage|p2a: Chanseyyy|0 fnt
|-damage|p1a: Greninja|100\/286 tox|[from] item: Life Orb
|faint|p2a: Chanseyyy
|
|-damage|p1a: Greninja|32\/286 tox|[from] psn
|
|switch|p2a: Al-Quagsire|Quagsire, M|196\/394
|-damage|p2a: Al-Quagsire|172\/394|[from] Stealth Rock
|turn|22
|
|move|p2a: Al-Quagsire|Protect|p2a: Al-Quagsire
|-singleturn|p2a: Al-Quagsire|Protect
|move|p1a: Greninja|Ice Beam|p2a: Al-Quagsire
|-start|p1a: Greninja|typechange|Ice|[from] Protean
|-activate|p2a: Al-Quagsire|Protect
|
|-heal|p2a: Al-Quagsire|196\/394|[from] item: Leftovers
|-damage|p1a: Greninja|0 fnt|[from] psn
|faint|p1a: Greninja
|
|switch|p1a: Kyurem-Black|Kyurem-Black|392\/392
|-damage|p1a: Kyurem-Black|294\/392|[from] Stealth Rock
|-ability|p1a: Kyurem-Black|Teravolt
|turn|23
|
|switch|p2a: La santissima Trin|Tyranitar-Mega, F|404\/404
|-damage|p2a: La santissima Trin|354\/404|[from] Stealth Rock
|-weather|Sandstorm
|move|p1a: Kyurem-Black|Dragon Claw|p2a: La santissima Trin
|-crit|p2a: La santissima Trin
|-damage|p2a: La santissima Trin|209\/404
|
|-weather|Sandstorm|[upkeep]
|-damage|p1a: Kyurem-Black|270\/392|[from] sandstorm
|turn|24
|
|switch|p1a: Skarmory|Skarmory, F|158\/334
|-damage|p1a: Skarmory|117\/334|[from] Stealth Rock
|move|p2a: La santissima Trin|Dragon Tail|p1a: Skarmory
|-resisted|p1a: Skarmory
|-damage|p1a: Skarmory|98\/334
|drag|p1a: Pinsir|Pinsir, M|272\/272
|-damage|p1a: Pinsir|204\/272|[from] Stealth Rock
|
|-weather|Sandstorm|[upkeep]
|-damage|p1a: Pinsir|187\/272|[from] sandstorm
|turn|25
|
|detailschange|p1a: Pinsir|Pinsir-Mega, M
|message|Pinsir has Mega Evolved into Mega Pinsir!
|move|p1a: Pinsir|Close Combat|p2a: La santissima Trin
|-supereffective|p2a: La santissima Trin
|-damage|p2a: La santissima Trin|0 fnt
|-unboost|p1a: Pinsir|def|1
|-unboost|p1a: Pinsir|spd|1
|faint|p2a: La santissima Trin
|
|-weather|Sandstorm|[upkeep]
|-damage|p1a: Pinsir|170\/272|[from] sandstorm
|
|switch|p2a: Skarmory|Skarmory, F|334\/334
|-damage|p2a: Skarmory|293\/334|[from] Stealth Rock
|turn|26
|
|switch|p1a: Skarmory|Skarmory, F|98\/334
|-damage|p1a: Skarmory|57\/334|[from] Stealth Rock
|move|p2a: Skarmory|Spikes|p1a: Skarmory
|-sidestart|p1: Chumin|Spikes
|
|-weather|Sandstorm|[upkeep]
|-heal|p2a: Skarmory|313\/334|[from] item: Leftovers
|turn|27
|
|move|p1a: Skarmory|Roost|p1a: Skarmory
|-heal|p1a: Skarmory|224\/334
|move|p2a: Skarmory|Drill Peck|p1a: Skarmory
|-resisted|p1a: Skarmory
|-damage|p1a: Skarmory|203\/334
|
|-weather|none
|-heal|p2a: Skarmory|333\/334|[from] item: Leftovers
|turn|28
|
|move|p1a: Skarmory|Roost|p1a: Skarmory
|-heal|p1a: Skarmory|334\/334
|move|p2a: Skarmory|Spikes|p1a: Skarmory
|-sidestart|p1: Chumin|Spikes
|
|-heal|p2a: Skarmory|334\/334|[from] item: Leftovers
|turn|29
|
|switch|p1a: Sylveon|Sylveon, F|124\/394 tox
|-damage|p1a: Sylveon|75\/394 tox|[from] Stealth Rock
|-damage|p1a: Sylveon|10\/394 tox|[from] Spikes
|move|p2a: Skarmory|Spikes|p1a: Sylveon
|-sidestart|p1: Chumin|Spikes
|
|-heal|p1a: Sylveon|34\/394 tox|[from] item: Leftovers
|-damage|p1a: Sylveon|10\/394 tox|[from] psn
|turn|30
|
|move|p2a: Skarmory|Drill Peck|p1a: Sylveon
|-damage|p1a: Sylveon|0 fnt
|faint|p1a: Sylveon
|
|
|switch|p1a: Kyurem-Black|Kyurem-Black|270\/392
|-damage|p1a: Kyurem-Black|172\/392|[from] Spikes
|-damage|p1a: Kyurem-Black|74\/392|[from] Stealth Rock
|-ability|p1a: Kyurem-Black|Teravolt
|turn|31
|
|move|p1a: Kyurem-Black|Fusion Bolt|p2a: Skarmory
|-supereffective|p2a: Skarmory
|-damage|p2a: Skarmory|76\/334
|move|p2a: Skarmory|Roost|p2a: Skarmory
|-heal|p2a: Skarmory|243\/334
|
|-heal|p2a: Skarmory|263\/334|[from] item: Leftovers
|turn|32
|
|switch|p2a: Sampei|Sableye, F|304\/304
|-damage|p2a: Sampei|266\/304|[from] Stealth Rock
|move|p1a: Kyurem-Black|Fusion Bolt|p2a: Sampei
|-damage|p2a: Sampei|137\/304
|
|-heal|p2a: Sampei|156\/304|[from] item: Leftovers
|turn|33
|
|move|p2a: Sampei|Will-O-Wisp|p1a: Kyurem-Black
|-status|p1a: Kyurem-Black|brn
|move|p1a: Kyurem-Black|Fusion Bolt|p2a: Sampei
|-damage|p2a: Sampei|85\/304
|
|-heal|p2a: Sampei|104\/304|[from] item: Leftovers
|-damage|p1a: Kyurem-Black|25\/392 brn|[from] brn
|turn|34
|
|move|p2a: Sampei|Recover|p2a: Sampei
|-heal|p2a: Sampei|256\/304
|move|p1a: Kyurem-Black|Fusion Bolt|p2a: Sampei
|-crit|p2a: Sampei
|-damage|p2a: Sampei|148\/304
|
|-heal|p2a: Sampei|167\/304|[from] item: Leftovers
|-damage|p1a: Kyurem-Black|0 fnt|[from] brn
|faint|p1a: Kyurem-Black
|
|switch|p1a: Volcarona|Volcarona, M|374\/374
|-damage|p1a: Volcarona|281\/374|[from] Spikes
|-damage|p1a: Volcarona|94\/374|[from] Stealth Rock
|turn|35
|
|move|p2a: Sampei|Recover|p2a: Sampei
|-heal|p2a: Sampei|304\/304
|move|p1a: Volcarona|Quiver Dance|p1a: Volcarona
|-boost|p1a: Volcarona|spa|1
|-boost|p1a: Volcarona|spd|1
|-boost|p1a: Volcarona|spe|1
|
|-heal|p1a: Volcarona|117\/374|[from] item: Leftovers
|turn|36
|
|move|p1a: Volcarona|Quiver Dance|p1a: Volcarona
|-boost|p1a: Volcarona|spa|1
|-boost|p1a: Volcarona|spd|1
|-boost|p1a: Volcarona|spe|1
|move|p2a: Sampei|Knock Off|p1a: Volcarona
|-damage|p1a: Volcarona|35\/374
|-enditem|p1a: Volcarona|Leftovers|[from] move: Knock Off|[of] p2a: Sampei
|
|turn|37
|
|move|p1a: Volcarona|Roost|p1a: Volcarona
|-heal|p1a: Volcarona|222\/374
|move|p2a: Sampei|Knock Off|p1a: Volcarona
|-damage|p1a: Volcarona|161\/374
|-status|p2a: Sampei|brn
|
|-damage|p2a: Sampei|266\/304 brn|[from] brn
|turn|38
|
|switch|p2a: Al-Quagsire|Quagsire, M|196\/394
|-damage|p2a: Al-Quagsire|172\/394|[from] Stealth Rock
|move|p1a: Volcarona|Quiver Dance|p1a: Volcarona
|-boost|p1a: Volcarona|spa|1
|-boost|p1a: Volcarona|spd|1
|-boost|p1a: Volcarona|spe|1
|
|-heal|p2a: Al-Quagsire|196\/394|[from] item: Leftovers
|turn|39
|
|move|p2a: Al-Quagsire|Protect|p2a: Al-Quagsire
|-singleturn|p2a: Al-Quagsire|Protect
|move|p1a: Volcarona|Bug Buzz|p2a: Al-Quagsire
|-activate|p2a: Al-Quagsire|Protect
|
|-heal|p2a: Al-Quagsire|220\/394|[from] item: Leftovers
|turn|40
|
|move|p1a: Volcarona|Bug Buzz|p2a: Al-Quagsire
|-damage|p2a: Al-Quagsire|42\/394
|move|p2a: Al-Quagsire|Recover|p2a: Al-Quagsire
|-heal|p2a: Al-Quagsire|239\/394
|
|-heal|p2a: Al-Quagsire|263\/394|[from] item: Leftovers
|turn|41
|
|move|p1a: Volcarona|Roost|p1a: Volcarona
|-heal|p1a: Volcarona|348\/374
|move|p2a: Al-Quagsire|Recover|p2a: Al-Quagsire
|-heal|p2a: Al-Quagsire|394\/394
|
|turn|42
|
|move|p1a: Volcarona|Quiver Dance|p1a: Volcarona
|-boost|p1a: Volcarona|spa|1
|-boost|p1a: Volcarona|spd|1
|-boost|p1a: Volcarona|spe|1
|move|p2a: Al-Quagsire|Toxic|p1a: Volcarona
|-status|p1a: Volcarona|tox
|
|-damage|p1a: Volcarona|325\/374 tox|[from] psn
|turn|43
|
|move|p1a: Volcarona|Quiver Dance|p1a: Volcarona
|-boost|p1a: Volcarona|spa|1
|-boost|p1a: Volcarona|spd|1
|-boost|p1a: Volcarona|spe|1
|move|p2a: Al-Quagsire|Earthquake|p1a: Volcarona
|-damage|p1a: Volcarona|217\/374 tox
|
|-damage|p1a: Volcarona|171\/374 tox|[from] psn
|turn|44
|
|move|p1a: Volcarona|Bug Buzz|p2a: Al-Quagsire
|-damage|p2a: Al-Quagsire|213\/394
|move|p2a: Al-Quagsire|Earthquake|p1a: Volcarona
|-damage|p1a: Volcarona|74\/374 tox
|
|-heal|p2a: Al-Quagsire|237\/394|[from] item: Leftovers
|-damage|p1a: Volcarona|5\/374 tox|[from] psn
|turn|45
|
|move|p1a: Volcarona|Roost|p1a: Volcarona
|-heal|p1a: Volcarona|192\/374 tox
|move|p2a: Al-Quagsire|Recover|p2a: Al-Quagsire
|-heal|p2a: Al-Quagsire|394\/394
|
|-damage|p1a: Volcarona|100\/374 tox|[from] psn
|turn|46
|
|move|p1a: Volcarona|Bug Buzz|p2a: Al-Quagsire
|-damage|p2a: Al-Quagsire|202\/394
|move|p2a: Al-Quagsire|Earthquake|p1a: Volcarona
|-damage|p1a: Volcarona|0 fnt
|faint|p1a: Volcarona
|
|-heal|p2a: Al-Quagsire|226\/394|[from] item: Leftovers
|
|switch|p1a: Pinsir|Pinsir-Mega, M|170\/272
|-damage|p1a: Pinsir|34\/272|[from] Stealth Rock
|turn|47
|
|move|p2a: Al-Quagsire|Protect|p2a: Al-Quagsire
|-singleturn|p2a: Al-Quagsire|Protect
|move|p1a: Pinsir|Swords Dance|p1a: Pinsir
|-boost|p1a: Pinsir|atk|2
|
|-heal|p2a: Al-Quagsire|250\/394|[from] item: Leftovers
|turn|48
|
|move|p1a: Pinsir|Return|p2a: Al-Quagsire
|-damage|p2a: Al-Quagsire|52\/394
|move|p2a: Al-Quagsire|Recover|p2a: Al-Quagsire
|-heal|p2a: Al-Quagsire|249\/394
|
|-heal|p2a: Al-Quagsire|273\/394|[from] item: Leftovers
|turn|49
|
|move|p2a: Al-Quagsire|Protect|p2a: Al-Quagsire
|-singleturn|p2a: Al-Quagsire|Protect
|move|p1a: Pinsir|Swords Dance|p1a: Pinsir
|-boost|p1a: Pinsir|atk|2
|
|-heal|p2a: Al-Quagsire|297\/394|[from] item: Leftovers
|turn|50
|
|move|p1a: Pinsir|Return|p2a: Al-Quagsire
|-crit|p2a: Al-Quagsire
|-damage|p2a: Al-Quagsire|0 fnt
|faint|p2a: Al-Quagsire
|
|
|switch|p2a: Sampei|Sableye, F|266\/304 brn
|-damage|p2a: Sampei|228\/304 brn|[from] Stealth Rock
|turn|51
|
|move|p1a: Pinsir|Quick Attack|p2a: Sampei
|-damage|p2a: Sampei|0 fnt
|faint|p2a: Sampei
|
|
|switch|p2a: Skarmory|Skarmory, F|263\/334
|-damage|p2a: Skarmory|222\/334|[from] Stealth Rock
|turn|52
|
|move|p1a: Pinsir|Close Combat|p2a: Skarmory
|-damage|p2a: Skarmory|0 fnt
|-unboost|p1a: Pinsir|def|1
|-unboost|p1a: Pinsir|spd|1
|faint|p2a: Skarmory
|
|c|âjuventus 32|lucky
|
|switch|p2a: Latias|Latias, F, shiny|282\/301
|-damage|p2a: Latias|245\/301|[from] Stealth Rock
|turn|53
|
|move|p1a: Pinsir|Quick Attack|p2a: Latias
|-damage|p2a: Latias|0 fnt
|faint|p2a: Latias
|
|win|Chumin
|raw|Ladder updating...
|raw|Chumin's rating: 1299 &rarr; <strong>1321<\/strong><br \/>(+22 for winning)
|raw|juventus 32's rating: 1262 &rarr; <strong>1239<\/strong><br \/>(-23 for losing)
|c|âChumin|GG
|leave|juventus 32
|player|p2