|join|Hayfever
|join|juventus 32
|player|p1|Hayfever|290
|player|p2|juventus 32|7
|gametype|singles
|gen|6
|tier|OU
|clearpoke
|poke|p1|Scizor, M
|poke|p1|Manectric, M
|poke|p1|Keldeo
|poke|p1|Gliscor, F
|poke|p1|Latias, F
|poke|p1|Clefable, F
|poke|p2|Kingdra, M
|poke|p2|Shedinja
|poke|p2|Heatran, F
|poke|p2|Alakazam, M
|poke|p2|Chansey, F
|poke|p2|Blastoise, M
|rule|Swagger Clause: Swagger is banned
|rule|Baton Pass Clause: Limit one PokÃ©mon knowing Baton Pass
|rule|Sleep Clause Mod: Limit one foe put to sleep
|rule|Species Clause: Limit one of each PokÃ©mon
|rule|OHKO Clause: OHKO moves are banned
|rule|Moody Clause: Moody is banned
|rule|Evasion Moves Clause: Evasion moves are banned
|rule|Endless Battle Clause: Forcing endless battles is banned
|rule|HP Percentage Mod: HP is shown in percentages
|teampreview
|c|âjuventus 32|hello boy
|
|start
|switch|p1a: Manectric|Manectric, M|281\/281
|switch|p2a: Heatran|Heatran, F|386\/386
|-item|p2a: Heatran|Air Balloon
|turn|1
|
|detailschange|p1a: Manectric|Manectric-Mega, M
|message|Manectric has Mega Evolved into Mega Manectric!
|-ability|p1a: Manectric|Intimidate|[of] p2a: Heatran
|-unboost|p2a: Heatran|atk|1
|move|p1a: Manectric|Volt Switch|p2a: Heatran
|-damage|p2a: Heatran|266\/386
|-enditem|p2a: Heatran|Air Balloon
|
|switch|p1a: Gliscor|Gliscor, F|349\/349
|move|p2a: Heatran|Flamethrower|p1a: Gliscor
|-damage|p1a: Gliscor|190\/349
|-status|p1a: Gliscor|brn
|
|-damage|p1a: Gliscor|147\/349 brn|[from] brn
|turn|2
|
|switch|p1a: Clefable|Clefable, F|389\/389
|move|p2a: Heatran|Protect|p2a: Heatran
|-fail|p2a: Heatran
|
|turn|3
|
|switch|p2a: Shedinja|Shedinja|1\/1
|move|p1a: Clefable|Heal Bell|p1a: Clefable
|-cureteam|p1a: Clefable|[from] move: HealBell
|
|turn|4
|
|move|p2a: Shedinja|Swords Dance|p2a: Shedinja
|-boost|p2a: Shedinja|atk|2
|move|p1a: Clefable|Flamethrower|p2a: Shedinja
|-supereffective|p2a: Shedinja
|-damage|p2a: Shedinja|0 fnt
|faint|p2a: Shedinja
|
|
|switch|p2a: Dio|Chansey, F|704\/704
|turn|5
|
|switch|p1a: Gliscor|Gliscor, F|147\/349
|move|p2a: Dio|Seismic Toss|p1a: Gliscor
|-damage|p1a: Gliscor|47\/349
|
|-status|p1a: Gliscor|tox|[from] item: Toxic Orb
|turn|6
|
|move|p1a: Gliscor|Roost|p1a: Gliscor
|-heal|p1a: Gliscor|222\/349 tox
|move|p2a: Dio|Seismic Toss|p1a: Gliscor
|-damage|p1a: Gliscor|122\/349 tox
|
|-heal|p1a: Gliscor|165\/349 tox|[from] ability: Poison Heal
|turn|7
|
|move|p1a: Gliscor|Roost|p1a: Gliscor
|-heal|p1a: Gliscor|340\/349 tox
|move|p2a: Dio|Seismic Toss|p1a: Gliscor
|-damage|p1a: Gliscor|240\/349 tox
|
|-heal|p1a: Gliscor|283\/349 tox|[from] ability: Poison Heal
|turn|8
|
|move|p1a: Gliscor|Stealth Rock|p2a: Dio
|-sidestart|p2: juventus 32|move: Stealth Rock
|move|p2a: Dio|Seismic Toss|p1a: Gliscor
|-damage|p1a: Gliscor|183\/349 tox
|
|-heal|p1a: Gliscor|226\/349 tox|[from] ability: Poison Heal
|turn|9
|
|move|p1a: Gliscor|Taunt|p2a: Dio
|-start|p2a: Dio|move: Taunt
|move|p2a: Dio|Seismic Toss|p1a: Gliscor
|-damage|p1a: Gliscor|126\/349 tox
|
|-heal|p1a: Gliscor|169\/349 tox|[from] ability: Poison Heal
|turn|10
|
|move|p1a: Gliscor|Roost|p1a: Gliscor
|-heal|p1a: Gliscor|344\/349 tox
|move|p2a: Dio|Seismic Toss|p1a: Gliscor
|-damage|p1a: Gliscor|244\/349 tox
|
|-heal|p1a: Gliscor|287\/349 tox|[from] ability: Poison Heal
|turn|11
|
|switch|p1a: Scizor|Scizor, M|291\/291
|switch|p2a: Blastoise|Blastoise, M|362\/362
|-damage|p2a: Blastoise|317\/362|[from] Stealth Rock
|
|turn|12
|
|detailschange|p2a: Blastoise|Blastoise-Mega, M
|message|Blastoise has Mega Evolved into Mega Blastoise!
|move|p1a: Scizor|U-turn|p2a: Blastoise
|-damage|p2a: Blastoise|157\/362
|
|switch|p1a: Latias|Latias, F|319\/319
|move|p2a: Blastoise|Water Pulse|p1a: Latias
|-resisted|p1a: Latias
|-damage|p1a: Latias|242\/319
|-start|p1a: Latias|confusion
|
|turn|13
|
|-activate|p1a: Latias|confusion
|move|p1a: Latias|Draco Meteor|p2a: Blastoise
|-crit|p2a: Blastoise
|-damage|p2a: Blastoise|0 fnt
|-unboost|p1a: Latias|spa|2
|-damage|p1a: Latias|211\/319|[from] item: Life Orb
|faint|p2a: Blastoise
|
|
|switch|p2a: Rain Sweep|Kingdra, M|291\/291
|-damage|p2a: Rain Sweep|255\/291|[from] Stealth Rock
|turn|14
|
|switch|p1a: Clefable|Clefable, F|389\/389
|move|p2a: Rain Sweep|Agility|p2a: Rain Sweep
|-boost|p2a: Rain Sweep|spe|2
|
|turn|15
|
|switch|p2a: Dio|Chansey, F|704\/704
|-damage|p2a: Dio|616\/704|[from] Stealth Rock
|move|p1a: Clefable|Moonblast|p2a: Dio
|-damage|p2a: Dio|549\/704
|
|turn|16
|
|switch|p1a: Gliscor|Gliscor, F|287\/349 tox
|move|p2a: Dio|Seismic Toss|p1a: Gliscor
|-damage|p1a: Gliscor|187\/349 tox
|
|-heal|p1a: Gliscor|230\/349 tox|[from] ability: Poison Heal
|turn|17
|
|move|p1a: Gliscor|Taunt|p2a: Dio
|-start|p2a: Dio|move: Taunt
|move|p2a: Dio|Seismic Toss|p1a: Gliscor
|-damage|p1a: Gliscor|130\/349 tox
|
|-heal|p1a: Gliscor|173\/349 tox|[from] ability: Poison Heal
|turn|18
|
|move|p1a: Gliscor|Roost|p1a: Gliscor
|-heal|p1a: Gliscor|348\/349 tox
|move|p2a: Dio|Seismic Toss|p1a: Gliscor
|-damage|p1a: Gliscor|248\/349 tox
|
|-heal|p1a: Gliscor|291\/349 tox|[from] ability: Poison Heal
|turn|19
|
|switch|p1a: Scizor|Scizor, M|291\/291
|switch|p2a: Rain Sweep|Kingdra, M|255\/291
|-damage|p2a: Rain Sweep|219\/291|[from] Stealth Rock
|
|turn|20
|
|switch|p1a: Clefable|Clefable, F|389\/389
|move|p2a: Rain Sweep|Agility|p2a: Rain Sweep
|-boost|p2a: Rain Sweep|spe|2
|
|turn|21
|
|switch|p2a: Dio|Chansey, F|549\/704
|-damage|p2a: Dio|461\/704|[from] Stealth Rock
|move|p1a: Clefable|Moonblast|p2a: Dio
|-damage|p2a: Dio|394\/704
|
|turn|22
|
|switch|p1a: Scizor|Scizor, M|291\/291
|move|p2a: Dio|Soft-Boiled|p2a: Dio
|-heal|p2a: Dio|704\/704
|
|turn|23
|
|switch|p2a: Heatran|Heatran, F|266\/386
|-damage|p2a: Heatran|218\/386|[from] Stealth Rock
|move|p1a: Scizor|Knock Off|p2a: Heatran
|-damage|p2a: Heatran|107\/386
|
|turn|24
|
|switch|p1a: Gliscor|Gliscor, F|291\/349 tox
|move|p2a: Heatran|Flamethrower|p1a: Gliscor
|-damage|p1a: Gliscor|143\/349 tox
|
|-heal|p1a: Gliscor|186\/349 tox|[from] ability: Poison Heal
|turn|25
|
|switch|p2a: Dio|Chansey, F|704\/704
|-damage|p2a: Dio|616\/704|[from] Stealth Rock
|move|p1a: Gliscor|Roost|p1a: Gliscor
|-heal|p1a: Gliscor|349\/349 tox
|
|turn|26
|
|move|p1a: Gliscor|Taunt|p2a: Dio
|-start|p2a: Dio|move: Taunt
|move|p2a: Dio|Seismic Toss|p1a: Gliscor
|-damage|p1a: Gliscor|249\/349 tox
|
|-heal|p1a: Gliscor|292\/349 tox|[from] ability: Poison Heal
|turn|27
|
|switch|p1a: Scizor|Scizor, M|291\/291
|move|p2a: Dio|Seismic Toss|p1a: Scizor
|-damage|p1a: Scizor|191\/291
|
|turn|28
|
|move|p1a: Scizor|Superpower|p2a: Dio
|-supereffective|p2a: Dio
|-damage|p2a: Dio|40\/704
|-unboost|p1a: Scizor|atk|1
|-unboost|p1a: Scizor|def|1
|move|p2a: Dio|Seismic Toss|p1a: Scizor
|-damage|p1a: Scizor|91\/291
|
|-end|p2a: Dio|move: Taunt
|turn|29
|
|switch|p2a: Heatran|Heatran, F|107\/386
|-damage|p2a: Heatran|59\/386|[from] Stealth Rock
|move|p1a: Scizor|Superpower|p2a: Heatran
|-supereffective|p2a: Heatran
|-damage|p2a: Heatran|0 fnt
|-unboost|p1a: Scizor|atk|1
|-unboost|p1a: Scizor|def|1
|faint|p2a: Heatran
|
|
|switch|p2a: Rain Sweep|Kingdra, M|219\/291
|-damage|p2a: Rain Sweep|183\/291|[from] Stealth Rock
|turn|30
|
|switch|p2a: Alakazam|Alakazam, M|251\/251
|-damage|p2a: Alakazam|220\/251|[from] Stealth Rock
|switch|p1a: Clefable|Clefable, F|389\/389
|
|turn|31
|
|move|p2a: Alakazam|Psychic|p1a: Clefable
|-damage|p1a: Clefable|205\/389
|move|p1a: Clefable|Moonblast|p2a: Alakazam
|-damage|p2a: Alakazam|117\/251
|
|-heal|p1a: Clefable|229\/389|[from] item: Leftovers
|turn|32
|
|move|p2a: Alakazam|Psychic|p1a: Clefable
|-damage|p1a: Clefable|43\/389
|move|p1a: Clefable|Soft-Boiled|p1a: Clefable
|-heal|p1a: Clefable|238\/389
|
|-heal|p1a: Clefable|262\/389|[from] item: Leftovers
|turn|33
|
|switch|p1a: Latias|Latias, F|211\/319
|move|p2a: Alakazam|Psychic|p1a: Latias
|-resisted|p1a: Latias
|-damage|p1a: Latias|145\/319
|
|turn|34
|
|move|p2a: Alakazam|Shadow Ball|p1a: Latias
|-supereffective|p1a: Latias
|-damage|p1a: Latias|0 fnt
|faint|p1a: Latias
|
|
|switch|p1a: Manectric|Manectric-Mega, M|281\/281
|-ability|p1a: Manectric|Intimidate|[of] p2a: Alakazam
|-unboost|p2a: Alakazam|atk|1
|turn|35
|
|move|p1a: Manectric|Thunderbolt|p2a: Alakazam
|-damage|p2a: Alakazam|0 fnt
|faint|p2a: Alakazam
|
|leave|juventus 32
|player|p2
|-message|Player 2 lost due to inactivity.
|
|win|Hayfever