|join|juventus 32
|join|Saskemboar
|player|p1|juventus 32|7
|player|p2|Saskemboar|219
|gametype|singles
|gen|6
|tier|OU
|clearpoke
|poke|p1|Quagsire, M
|poke|p1|Chansey, F
|poke|p1|Latias, F, shiny
|poke|p1|Sableye, F
|poke|p1|Tyranitar, F
|poke|p1|Wartortle, M, shiny
|poke|p2|Scizor, M
|poke|p2|Hippowdon, M
|poke|p2|Heatran, M, shiny
|poke|p2|Gliscor, M, shiny
|poke|p2|Rotom-Mow
|poke|p2|Vaporeon, F
|rule|Swagger Clause: Swagger is banned
|rule|Baton Pass Clause: Limit one PokÃ©mon knowing Baton Pass
|rule|Sleep Clause Mod: Limit one foe put to sleep
|rule|Species Clause: Limit one of each PokÃ©mon
|rule|OHKO Clause: OHKO moves are banned
|rule|Moody Clause: Moody is banned
|rule|Evasion Moves Clause: Evasion moves are banned
|rule|Endless Battle Clause: Forcing endless battles is banned
|rule|HP Percentage Mod: HP is shown in percentages
|teampreview
|
|start
|switch|p1a: Al-Quagsire|Quagsire, M|394\/394
|switch|p2a: SeniorHippo|Hippowdon, M|420\/420
|-weather|Sandstorm
|turn|1
|
|move|p2a: SeniorHippo|Stealth Rock|p1a: Al-Quagsire
|-sidestart|p1: juventus 32|move: Stealth Rock
|move|p1a: Al-Quagsire|Toxic|p2a: SeniorHippo
|-status|p2a: SeniorHippo|tox
|
|-weather|Sandstorm|[upkeep]
|-damage|p2a: SeniorHippo|394\/420 tox|[from] psn
|turn|2
|
|switch|p2a: Mow|Rotom-Mow|304\/304
|switch|p1a: Raffaello|Wartortle, M, shiny|285\/285
|-damage|p1a: Raffaello|250\/285|[from] Stealth Rock
|
|-weather|Sandstorm|[upkeep]
|-damage|p2a: Mow|285\/304|[from] sandstorm
|-damage|p1a: Raffaello|233\/285|[from] sandstorm
|-heal|p2a: Mow|304\/304|[from] item: Leftovers
|turn|3
|
|switch|p1a: Chanseyyy|Chansey, F|704\/704
|-damage|p1a: Chanseyyy|616\/704|[from] Stealth Rock
|move|p2a: Mow|Thunderbolt|p1a: Chanseyyy
|-damage|p1a: Chanseyyy|519\/704
|-status|p1a: Chanseyyy|par
|
|-weather|Sandstorm|[upkeep]
|-damage|p2a: Mow|285\/304|[from] sandstorm
|-damage|p1a: Chanseyyy|475\/704 par|[from] sandstorm
|-heal|p2a: Mow|304\/304|[from] item: Leftovers
|turn|4
|
|switch|p2a: Scizorino|Scizor, M|344\/344
|move|p1a: Chanseyyy|Toxic|p2a: Scizorino|[miss]
|-miss|p1a: Chanseyyy|p2a: Scizorino
|
|-weather|Sandstorm|[upkeep]
|-damage|p1a: Chanseyyy|431\/704 par|[from] sandstorm
|turn|5
|
|switch|p1a: Sampei|Sableye, F|304\/304
|-damage|p1a: Sampei|266\/304|[from] Stealth Rock
|detailschange|p2a: Scizorino|Scizor-Mega, M
|message|Scizor has Mega Evolved into Mega Scizor!
|move|p2a: Scizorino|Brick Break|p1a: Sampei
|-immune|p1a: Sampei|[msg]
|
|-weather|none
|turn|6
|
|move|p1a: Sampei|Will-O-Wisp|p2a: Scizorino
|-status|p2a: Scizorino|brn
|move|p2a: Scizorino|Knock Off|p1a: Sampei
|-crit|p1a: Sampei
|-damage|p1a: Sampei|168\/304
|-enditem|p1a: Sampei|Choice Scarf|[from] move: Knock Off|[of] p2a: Scizorino
|
|-damage|p2a: Scizorino|301\/344 brn|[from] brn
|turn|7
|
|move|p1a: Sampei|Recover|p1a: Sampei
|-heal|p1a: Sampei|304\/304
|move|p2a: Scizorino|U-turn|p1a: Sampei
|-damage|p1a: Sampei|237\/304
|
|switch|p2a: Exploted|Heatran, M, shiny|323\/323
|-item|p2a: Exploted|Air Balloon
|
|turn|8
|
|switch|p1a: Chanseyyy|Chansey, F|431\/704
|-damage|p1a: Chanseyyy|343\/704|[from] Stealth Rock
|move|p2a: Exploted|Flamethrower|p1a: Chanseyyy
|-damage|p1a: Chanseyyy|249\/704
|-status|p1a: Chanseyyy|brn
|
|-damage|p1a: Chanseyyy|161\/704 brn|[from] brn
|turn|9
|
|move|p2a: Exploted|Flamethrower|p1a: Chanseyyy
|-damage|p1a: Chanseyyy|61\/704 brn
|move|p1a: Chanseyyy|Soft-Boiled|p1a: Chanseyyy
|-heal|p1a: Chanseyyy|413\/704 brn
|
|-damage|p1a: Chanseyyy|325\/704 brn|[from] brn
|turn|10
|
|move|p2a: Exploted|Earth Power|p1a: Chanseyyy
|-damage|p1a: Chanseyyy|261\/704 brn
|move|p1a: Chanseyyy|Soft-Boiled|p1a: Chanseyyy
|-heal|p1a: Chanseyyy|613\/704 brn
|
|-damage|p1a: Chanseyyy|525\/704 brn|[from] brn
|turn|11
|
|move|p2a: Exploted|Flamethrower|p1a: Chanseyyy
|-damage|p1a: Chanseyyy|426\/704 brn
|move|p1a: Chanseyyy|Seismic Toss|p2a: Exploted
|-damage|p2a: Exploted|223\/323
|-enditem|p2a: Exploted|Air Balloon
|
|-damage|p1a: Chanseyyy|338\/704 brn|[from] brn
|turn|12
|
|move|p2a: Exploted|Iron Head|p1a: Chanseyyy
|-damage|p1a: Chanseyyy|221\/704 brn
|cant|p1a: Chanseyyy|flinch
|
|-damage|p1a: Chanseyyy|133\/704 brn|[from] brn
|turn|13
|
|move|p2a: Exploted|Iron Head|p1a: Chanseyyy
|-damage|p1a: Chanseyyy|16\/704 brn
|cant|p1a: Chanseyyy|flinch
|
|-damage|p1a: Chanseyyy|0 fnt|[from] brn
|faint|p1a: Chanseyyy
|
|switch|p1a: Al-Quagsire|Quagsire, M|394\/394
|-damage|p1a: Al-Quagsire|370\/394|[from] Stealth Rock
|turn|14
|
|switch|p2a: Mow|Rotom-Mow|304\/304
|move|p1a: Al-Quagsire|Earthquake|p2a: Mow
|-immune|p2a: Mow|[msg]
|
|-heal|p1a: Al-Quagsire|394\/394|[from] item: Leftovers
|turn|15
|
|switch|p1a: La santissima Trin|Tyranitar, F|404\/404
|-damage|p1a: La santissima Trin|354\/404|[from] Stealth Rock
|-weather|Sandstorm
|move|p2a: Mow|Leaf Storm|p1a: La santissima Trin
|-supereffective|p1a: La santissima Trin
|-damage|p1a: La santissima Trin|82\/404
|-unboost|p2a: Mow|spa|2
|
|-weather|Sandstorm|[upkeep]
|-damage|p2a: Mow|285\/304|[from] sandstorm
|-heal|p2a: Mow|304\/304|[from] item: Leftovers
|turn|16
|
|detailschange|p1a: La santissima Trin|Tyranitar-Mega, F
|message|Tyranitar has Mega Evolved into Mega Tyranitar!
|move|p2a: Mow|Leaf Storm|p1a: La santissima Trin|[miss]
|-miss|p2a: Mow|p1a: La santissima Trin
|move|p1a: La santissima Trin|Fire Punch|p2a: Mow
|-supereffective|p2a: Mow
|-damage|p2a: Mow|130\/304
|
|-weather|Sandstorm|[upkeep]
|-damage|p2a: Mow|111\/304|[from] sandstorm
|-heal|p2a: Mow|130\/304|[from] item: Leftovers
|turn|17
|
|move|p2a: Mow|Leaf Storm|p1a: La santissima Trin
|-supereffective|p1a: La santissima Trin
|-damage|p1a: La santissima Trin|0 fnt
|-unboost|p2a: Mow|spa|2
|faint|p1a: La santissima Trin
|
|-weather|Sandstorm|[upkeep]
|-damage|p2a: Mow|111\/304|[from] sandstorm
|-heal|p2a: Mow|130\/304|[from] item: Leftovers
|
|switch|p1a: Latias|Latias, F, shiny|301\/301
|-damage|p1a: Latias|264\/301|[from] Stealth Rock
|turn|18
|
|switch|p2a: Exploted|Heatran, M, shiny|223\/323
|move|p1a: Latias|Psychic|p2a: Exploted
|-resisted|p2a: Exploted
|-damage|p2a: Exploted|148\/323
|
|-weather|Sandstorm|[upkeep]
|-damage|p1a: Latias|246\/301|[from] sandstorm
|-heal|p1a: Latias|264\/301|[from] item: Leftovers
|turn|19
|
|switch|p1a: Al-Quagsire|Quagsire, M|394\/394
|-damage|p1a: Al-Quagsire|370\/394|[from] Stealth Rock
|move|p2a: Exploted|Flamethrower|p1a: Al-Quagsire
|-resisted|p1a: Al-Quagsire
|-damage|p1a: Al-Quagsire|265\/394
|
|-weather|none
|-heal|p1a: Al-Quagsire|289\/394|[from] item: Leftovers
|turn|20
|
|switch|p2a: Mow|Rotom-Mow|130\/304
|move|p1a: Al-Quagsire|Toxic|p2a: Mow
|-status|p2a: Mow|tox
|
|-heal|p2a: Mow|149\/304 tox|[from] item: Leftovers
|-heal|p1a: Al-Quagsire|313\/394|[from] item: Leftovers
|-damage|p2a: Mow|130\/304 tox|[from] psn
|turn|21
|
|move|p1a: Al-Quagsire|Protect|p1a: Al-Quagsire
|-singleturn|p1a: Al-Quagsire|Protect
|move|p2a: Mow|Leaf Storm|p1a: Al-Quagsire
|-activate|p1a: Al-Quagsire|Protect
|
|-heal|p2a: Mow|149\/304 tox|[from] item: Leftovers
|-heal|p1a: Al-Quagsire|337\/394|[from] item: Leftovers
|-damage|p2a: Mow|111\/304 tox|[from] psn
|turn|22
|
|switch|p1a: Latias|Latias, F, shiny|264\/301
|-damage|p1a: Latias|227\/301|[from] Stealth Rock
|move|p2a: Mow|Thunderbolt|p1a: Latias
|-resisted|p1a: Latias
|-damage|p1a: Latias|161\/301
|
|-heal|p1a: Latias|179\/301|[from] item: Leftovers
|-heal|p2a: Mow|130\/304 tox|[from] item: Leftovers
|-damage|p2a: Mow|73\/304 tox|[from] psn
|turn|23
|
|move|p1a: Latias|Psychic|p2a: Mow
|-damage|p2a: Mow|0 fnt
|faint|p2a: Mow
|
|-heal|p1a: Latias|197\/301|[from] item: Leftovers
|
|switch|p2a: Scizorino|Scizor-Mega, M|301\/344 brn
|turn|24
|
|switch|p1a: Raffaello|Wartortle, M, shiny|233\/285
|-damage|p1a: Raffaello|198\/285|[from] Stealth Rock
|move|p2a: Scizorino|Knock Off|p1a: Raffaello
|-damage|p1a: Raffaello|156\/285
|-enditem|p1a: Raffaello|Eviolite|[from] move: Knock Off|[of] p2a: Scizorino
|
|-damage|p2a: Scizorino|258\/344 brn|[from] brn
|turn|25
|
|move|p2a: Scizorino|Bullet Punch|p1a: Raffaello
|-resisted|p1a: Raffaello
|-damage|p1a: Raffaello|126\/285
|move|p1a: Raffaello|Rapid Spin|p2a: Scizorino
|-resisted|p2a: Scizorino
|-damage|p2a: Scizorino|254\/344 brn
|-sideend|p1: juventus 32|Stealth Rock|[from] move: Rapid Spin|[of] p1a: Raffaello
|
|-damage|p2a: Scizorino|211\/344 brn|[from] brn
|turn|26
|
|move|p2a: Scizorino|Brick Break|p1a: Raffaello
|-damage|p1a: Raffaello|75\/285
|move|p1a: Raffaello|Rest|p1a: Raffaello
|-status|p1a: Raffaello|slp
|-heal|p1a: Raffaello|285\/285 slp|[silent]
|-status|p1a: Raffaello|slp|[from] move: Rest
|
|-damage|p2a: Scizorino|168\/344 brn|[from] brn
|turn|27
|
|switch|p2a: SeniorHippo|Hippowdon, M|394\/420 tox
|-weather|Sandstorm
|cant|p1a: Raffaello|slp
|
|-weather|Sandstorm|[upkeep]
|-damage|p1a: Raffaello|268\/285 slp|[from] sandstorm
|-heal|p2a: SeniorHippo|420\/420 tox|[from] item: Leftovers
|-damage|p2a: SeniorHippo|394\/420 tox|[from] psn
|turn|28
|
|cant|p1a: Raffaello|slp
|move|p2a: SeniorHippo|Earthquake|p1a: Raffaello
|-damage|p1a: Raffaello|144\/285 slp
|
|-weather|Sandstorm|[upkeep]
|-damage|p1a: Raffaello|127\/285 slp|[from] sandstorm
|-heal|p2a: SeniorHippo|420\/420 tox|[from] item: Leftovers
|-damage|p2a: SeniorHippo|368\/420 tox|[from] psn
|turn|29
|
|-curestatus|p1a: Raffaello|slp
|move|p1a: Raffaello|Rest|p1a: Raffaello
|-status|p1a: Raffaello|slp
|-heal|p1a: Raffaello|285\/285 slp|[silent]
|-status|p1a: Raffaello|slp|[from] move: Rest
|move|p2a: SeniorHippo|Earthquake|p1a: Raffaello
|-damage|p1a: Raffaello|176\/285 slp
|
|-weather|Sandstorm|[upkeep]
|-damage|p1a: Raffaello|159\/285 slp|[from] sandstorm
|-heal|p2a: SeniorHippo|394\/420 tox|[from] item: Leftovers
|-damage|p2a: SeniorHippo|316\/420 tox|[from] psn
|turn|30
|
|switch|p1a: Latias|Latias, F, shiny|197\/301
|move|p2a: SeniorHippo|Earthquake|p1a: Latias
|-immune|p1a: Latias|[msg]
|
|-weather|Sandstorm|[upkeep]
|-damage|p1a: Latias|179\/301|[from] sandstorm
|-heal|p1a: Latias|197\/301|[from] item: Leftovers
|-heal|p2a: SeniorHippo|342\/420 tox|[from] item: Leftovers
|-damage|p2a: SeniorHippo|238\/420 tox|[from] psn
|turn|31
|
|move|p1a: Latias|Energy Ball|p2a: SeniorHippo
|-supereffective|p2a: SeniorHippo
|-damage|p2a: SeniorHippo|10\/420 tox
|move|p2a: SeniorHippo|Roar|p1a: Latias
|drag|p1a: Raffaello|Wartortle, M, shiny|159\/285 slp
|
|-weather|none
|-heal|p2a: SeniorHippo|36\/420 tox|[from] item: Leftovers
|-damage|p2a: SeniorHippo|0 fnt|[from] psn
|faint|p2a: SeniorHippo
|
|switch|p2a: Scor|Gliscor, M, shiny|354\/354
|turn|32
|
|switch|p1a: Sampei|Sableye, F|237\/304
|move|p2a: Scor|Earthquake|p1a: Sampei
|-damage|p1a: Sampei|140\/304
|
|-status|p2a: Scor|tox|[from] item: Toxic Orb
|turn|33
|
|move|p1a: Sampei|Recover|p1a: Sampei
|-heal|p1a: Sampei|292\/304
|move|p2a: Scor|Toxic|p1a: Sampei
|-status|p1a: Sampei|tox
|
|-damage|p1a: Sampei|273\/304 tox|[from] psn
|turn|34
|
|move|p2a: Scor|Earthquake|p1a: Sampei
|-damage|p1a: Sampei|183\/304 tox
|move|p1a: Sampei|Knock Off|p2a: Scor
|-damage|p2a: Scor|294\/354 tox
|-enditem|p2a: Scor|Toxic Orb|[from] move: Knock Off|[of] p1a: Sampei
|
|-heal|p2a: Scor|338\/354 tox|[from] ability: Poison Heal
|-damage|p1a: Sampei|145\/304 tox|[from] psn
|turn|35
|c|âSaskemboar|hai vinto scusa
|c|âSaskemboar|mia madre ha detto di spengnere il pc
|
|switch|p1a: Latias|Latias, F, shiny|197\/301
|move|p2a: Scor|Earthquake|p1a: Latias
|-immune|p1a: Latias|[msg]
|
|-heal|p1a: Latias|215\/301|[from] item: Leftovers
|-heal|p2a: Scor|354\/354 tox|[from] ability: Poison Heal
|turn|36
|c|âjuventus 32|ok
|c|âSaskemboar|eliminami
|c|âjuventus 32|era al meglio di 3 che video gli mandiamo mÃ²
|
|move|p1a: Latias|Psychic|p2a: Scor
|-damage|p2a: Scor|176\/354 tox
|-unboost|p2a: Scor|spd|1
|move|p2a: Scor|Toxic|p1a: Latias
|-status|p1a: Latias|tox
|
|-heal|p1a: Latias|233\/301 tox|[from] item: Leftovers
|-damage|p1a: Latias|215\/301 tox|[from] psn
|-heal|p2a: Scor|220\/354 tox|[from] ability: Poison Heal
|turn|37
|c|âSaskemboar|al meglio di 3 allora vinci queta e poi ne facciamo altre domani
|
|move|p1a: Latias|Psychic|p2a: Scor
|-damage|p2a: Scor|0 fnt
|faint|p2a: Scor
|
|-heal|p1a: Latias|233\/301 tox|[from] item: Leftovers
|-damage|p1a: Latias|197\/301 tox|[from] psn
|c|âjuventus 32|ok
|
|switch|p2a: Scizorino|Scizor-Mega, M|168\/344 brn
|turn|38
|
|move|p1a: Latias|Psychic|p2a: Scizorino
|-crit|p2a: Scizorino
|-resisted|p2a: Scizorino
|-damage|p2a: Scizorino|63\/344 brn
|move|p2a: Scizorino|Knock Off|p1a: Latias
|-supereffective|p1a: Latias
|-damage|p1a: Latias|35\/301 tox
|-enditem|p1a: Latias|Leftovers|[from] move: Knock Off|[of] p2a: Scizorino
|
|-damage|p1a: Latias|0 fnt|[from] psn
|-damage|p2a: Scizorino|20\/344 brn|[from] brn
|faint|p1a: Latias
|
|switch|p1a: Al-Quagsire|Quagsire, M|337\/394
|turn|39
|
|move|p2a: Scizorino|U-turn|p1a: Al-Quagsire
|-crit|p1a: Al-Quagsire
|-damage|p1a: Al-Quagsire|244\/394
|
|switch|p2a: AquaJet|Vaporeon, F|464\/464
|move|p1a: Al-Quagsire|Earthquake|p2a: AquaJet
|-damage|p2a: AquaJet|359\/464
|
|-heal|p2a: AquaJet|388\/464|[from] item: Leftovers
|-heal|p1a: Al-Quagsire|268\/394|[from] item: Leftovers
|turn|40
|
|move|p2a: AquaJet|Wish|p2a: AquaJet
|move|p1a: Al-Quagsire|Toxic|p2a: AquaJet
|-status|p2a: AquaJet|tox
|
|-heal|p2a: AquaJet|417\/464 tox|[from] item: Leftovers
|-heal|p1a: Al-Quagsire|292\/394|[from] item: Leftovers
|-damage|p2a: AquaJet|388\/464 tox|[from] psn
|turn|41
|
|switch|p2a: Scizorino|Scizor-Mega, M|20\/344 brn
|move|p1a: Al-Quagsire|Earthquake|p2a: Scizorino
|-damage|p2a: Scizorino|0 fnt
|faint|p2a: Scizorino
|
|-heal|p1a: Al-Quagsire|316\/394|[from] item: Leftovers
|leave|Saskemboar
|player|p2
|-message|Player 2 lost due to inactivity.
|
|win|juventus 32