|join|juventus 32
|join|Silver97
|player|p1|juventus 32|7
|player|p2|Silver97|109
|gametype|singles
|gen|6
|tier|OU
|clearpoke
|poke|p1|Quagsire, F
|poke|p1|Chansey, F
|poke|p1|Gothitelle, F, shiny
|poke|p1|Tyranitar, F
|poke|p1|Mew
|poke|p1|Skarmory, M
|poke|p2|Gengar, F
|poke|p2|Slowbro, F
|poke|p2|Lopunny, M
|poke|p2|Bisharp, F
|poke|p2|Landorus-Therian, M
|poke|p2|Ferrothorn, M
|rule|Swagger Clause: Swagger is banned
|rule|Baton Pass Clause: Limit one PokÃ©mon knowing Baton Pass
|rule|Sleep Clause Mod: Limit one foe put to sleep
|rule|Species Clause: Limit one of each PokÃ©mon
|rule|OHKO Clause: OHKO moves are banned
|rule|Moody Clause: Moody is banned
|rule|Evasion Moves Clause: Evasion moves are banned
|rule|Endless Battle Clause: Forcing endless battles is banned
|rule|HP Percentage Mod: HP is shown in percentages
|teampreview
|c|âjuventus 32|una sola sfida o al meglio di 3?
|c|âSilver97|1 sola
|c|âjuventus 32|okokok
|c|âjuventus 32|buona fortuna
|
|start
|switch|p1a: Mew-Mew|Mew|404\/404
|switch|p2a: Landorus-Therian|Landorus-Therian, M|382\/382
|-ability|p2a: Landorus-Therian|Intimidate|[of] p1a: Mew-Mew
|-unboost|p1a: Mew-Mew|atk|1
|turn|1
|
|move|p1a: Mew-Mew|Ice Beam|p2a: Landorus-Therian
|-crit|p2a: Landorus-Therian
|-supereffective|p2a: Landorus-Therian
|-damage|p2a: Landorus-Therian|0 fnt
|faint|p2a: Landorus-Therian
|
|
|switch|p2a: Bisharp|Bisharp, F|271\/271
|turn|2
|c|âjuventus 32|lo levo il timer
|c|âSilver97|boh Ã¨ uguale
|
|switch|p1a: Al-Quagsire|Quagsire, F|394\/394
|move|p2a: Bisharp|Knock Off|p1a: Al-Quagsire
|-damage|p1a: Al-Quagsire|186\/394
|-enditem|p1a: Al-Quagsire|Leftovers|[from] move: Knock Off|[of] p2a: Bisharp
|-damage|p2a: Bisharp|244\/271|[from] item: Life Orb
|
|turn|3
|
|switch|p2a: Ferrothorn|Ferrothorn, M|352\/352
|move|p1a: Al-Quagsire|Recover|p1a: Al-Quagsire
|-heal|p1a: Al-Quagsire|383\/394
|
|turn|4
|
|switch|p1a: Goth Girl|Gothitelle, F, shiny|322\/322
|switch|p2a: Bisharp|Bisharp, F|244\/271
|
|turn|5
|
|switch|p1a: Al-Quagsire|Quagsire, F|383\/394
|move|p2a: Bisharp|Knock Off|p1a: Al-Quagsire
|-damage|p1a: Al-Quagsire|249\/394
|-damage|p2a: Bisharp|217\/271|[from] item: Life Orb
|
|turn|6
|
|switch|p2a: Gengar|Gengar, F|261\/261
|move|p1a: Al-Quagsire|Recover|p1a: Al-Quagsire
|-heal|p1a: Al-Quagsire|394\/394
|
|turn|7
|
|switch|p1a: Santissima Trinit|Tyranitar, F|404\/404
|-weather|Sandstorm
|move|p2a: Gengar|Shadow Ball|p1a: Santissima Trinit
|-crit|p1a: Santissima Trinit
|-resisted|p1a: Santissima Trinit
|-damage|p1a: Santissima Trinit|305\/404
|-unboost|p1a: Santissima Trinit|spd|1
|-damage|p2a: Gengar|235\/261|[from] item: Life Orb
|
|-weather|Sandstorm|[upkeep]
|-damage|p2a: Gengar|219\/261|[from] sandstorm
|turn|8
|
|switch|p1a: Chaiser|Chansey, F|704\/704
|move|p2a: Gengar|Focus Blast|p1a: Chaiser
|-supereffective|p1a: Chaiser
|-damage|p1a: Chaiser|449\/704
|-damage|p2a: Gengar|193\/261|[from] item: Life Orb
|
|-weather|Sandstorm|[upkeep]
|-damage|p2a: Gengar|177\/261|[from] sandstorm
|-damage|p1a: Chaiser|405\/704|[from] sandstorm
|turn|9
|
|move|p2a: Gengar|Taunt|p1a: Chaiser
|-start|p1a: Chaiser|move: Taunt
|cant|p1a: Chaiser|move: Taunt|Soft-Boiled
|
|-weather|Sandstorm|[upkeep]
|-damage|p2a: Gengar|161\/261|[from] sandstorm
|-damage|p1a: Chaiser|361\/704|[from] sandstorm
|turn|10
|
|switch|p1a: Mew-Mew|Mew|404\/404
|move|p2a: Gengar|Shadow Ball|p1a: Mew-Mew
|-supereffective|p1a: Mew-Mew
|-damage|p1a: Mew-Mew|22\/404
|-damage|p2a: Gengar|135\/261|[from] item: Life Orb
|
|-weather|Sandstorm|[upkeep]
|-damage|p1a: Mew-Mew|0 fnt|[from] sandstorm
|-damage|p2a: Gengar|119\/261|[from] sandstorm
|faint|p1a: Mew-Mew
|
|switch|p1a: Skar muori|Skarmory, M|334\/334
|turn|11
|
|move|p2a: Gengar|Shadow Ball|p1a: Skar muori
|-damage|p1a: Skar muori|84\/334
|-damage|p2a: Gengar|93\/261|[from] item: Life Orb
|move|p1a: Skar muori|Brave Bird|p2a: Gengar
|-damage|p2a: Gengar|0 fnt
|-damage|p1a: Skar muori|53\/334|[from] recoil|[of] p2a: Gengar
|faint|p2a: Gengar
|
|-weather|none
|-heal|p1a: Skar muori|73\/334|[from] item: Leftovers
|c|âjuventus 32|avrai notato che gengar lo temo un po' assia
|c|âjuventus 32|assai
|
|switch|p2a: Lopunny|Lopunny, M|271\/271
|turn|12
|
|detailschange|p2a: Lopunny|Lopunny-Mega, M
|-mega|p2a: Lopunny|Lopunny|Lopunnite
|move|p2a: Lopunny|High Jump Kick|p1a: Skar muori
|-damage|p1a: Skar muori|0 fnt
|faint|p1a: Skar muori
|
|
|switch|p1a: Al-Quagsire|Quagsire, F|394\/394
|turn|13
|
|switch|p2a: Slowbro|Slowbro, F|394\/394
|move|p1a: Al-Quagsire|Earthquake|p2a: Slowbro
|-damage|p2a: Slowbro|328\/394
|
|-heal|p2a: Slowbro|352\/394|[from] item: Leftovers
|turn|14
|
|switch|p1a: Chaiser|Chansey, F|361\/704
|switch|p2a: Bisharp|Bisharp, F|217\/271
|
|turn|15
|
|switch|p2a: Lopunny|Lopunny-Mega, M|271\/271
|switch|p1a: Al-Quagsire|Quagsire, F|394\/394
|
|turn|16
|
|move|p2a: Lopunny|Fake Out|p1a: Al-Quagsire
|-crit|p1a: Al-Quagsire
|-damage|p1a: Al-Quagsire|309\/394
|cant|p1a: Al-Quagsire|flinch
|
|turn|17
|
|move|p1a: Al-Quagsire|Protect|p1a: Al-Quagsire
|-singleturn|p1a: Al-Quagsire|Protect
|move|p2a: Lopunny|High Jump Kick|p1a: Al-Quagsire
|-activate|p1a: Al-Quagsire|Protect
|-damage|p2a: Lopunny|136\/271|[from] highjumpkick
|
|turn|18
|
|move|p2a: Lopunny|High Jump Kick|p1a: Al-Quagsire
|-damage|p1a: Al-Quagsire|119\/394
|move|p1a: Al-Quagsire|Recover|p1a: Al-Quagsire
|-heal|p1a: Al-Quagsire|316\/394
|
|turn|19
|
|switch|p2a: Slowbro|Slowbro, F|394\/394
|move|p1a: Al-Quagsire|Recover|p1a: Al-Quagsire
|-heal|p1a: Al-Quagsire|394\/394
|
|turn|20
|
|move|p1a: Al-Quagsire|Toxic|p2a: Slowbro
|-status|p2a: Slowbro|tox
|move|p2a: Slowbro|Toxic|p1a: Al-Quagsire
|-status|p1a: Al-Quagsire|tox
|
|-damage|p1a: Al-Quagsire|370\/394 tox|[from] psn
|-damage|p2a: Slowbro|370\/394 tox|[from] psn
|turn|21
|
|switch|p1a: Goth Girl|Gothitelle, F, shiny|322\/322
|switch|p2a: Lopunny|Lopunny-Mega, M|136\/271
|
|turn|22
|
|move|p2a: Lopunny|Fake Out|p1a: Goth Girl
|-crit|p1a: Goth Girl
|-damage|p1a: Goth Girl|240\/322
|cant|p1a: Goth Girl|flinch
|
|turn|23
|
|move|p2a: Lopunny|Return|p1a: Goth Girl
|-crit|p1a: Goth Girl
|-damage|p1a: Goth Girl|11\/322
|move|p1a: Goth Girl|Psychic|p2a: Lopunny
|-supereffective|p2a: Lopunny
|-damage|p2a: Lopunny|0 fnt
|faint|p2a: Lopunny
|
|
|switch|p2a: Ferrothorn|Ferrothorn, M|352\/352
|turn|24
|
|switch|p1a: Chaiser|Chansey, F|361\/704
|move|p2a: Ferrothorn|Spikes|p1a: Chaiser
|-sidestart|p1: juventus 32|Spikes
|
|turn|25
|
|move|p1a: Chaiser|Soft-Boiled|p1a: Chaiser
|-heal|p1a: Chaiser|704\/704
|move|p2a: Ferrothorn|Spikes|p1a: Chaiser
|-sidestart|p1: juventus 32|Spikes
|
|turn|26
|
|move|p1a: Chaiser|Aromatherapy|p1a: Chaiser
|-cureteam|p1a: Chaiser|[from] move: Aromatherapy
|move|p2a: Ferrothorn|Spikes|p1a: Chaiser
|-sidestart|p1: juventus 32|Spikes
|
|turn|27
|
|move|p1a: Chaiser|Seismic Toss|p2a: Ferrothorn
|-damage|p2a: Ferrothorn|252\/352
|-damage|p1a: Chaiser|616\/704|[from] ability: Iron Barbs|[of] p2a: Ferrothorn
|move|p2a: Ferrothorn|Leech Seed|p1a: Chaiser
|-start|p1a: Chaiser|move: Leech Seed
|
|-heal|p2a: Ferrothorn|274\/352|[from] item: Leftovers
|-damage|p1a: Chaiser|528\/704|[from] Leech Seed|[of] p2a: Ferrothorn
|-heal|p2a: Ferrothorn|352\/352|[silent]
|turn|28
|
|switch|p1a: Santissima Trinit|Tyranitar, F|305\/404
|-damage|p1a: Santissima Trinit|204\/404|[from] Spikes
|-weather|Sandstorm
|move|p2a: Ferrothorn|Leech Seed|p1a: Santissima Trinit
|-start|p1a: Santissima Trinit|move: Leech Seed
|
|-weather|Sandstorm|[upkeep]
|-damage|p1a: Santissima Trinit|154\/404|[from] Leech Seed|[of] p2a: Ferrothorn
|turn|29
|
|detailschange|p1a: Santissima Trinit|Tyranitar-Mega, F
|-mega|p1a: Santissima Trinit|Tyranitar|Tyranitarite
|move|p2a: Ferrothorn|Protect|p2a: Ferrothorn
|-singleturn|p2a: Ferrothorn|Protect
|move|p1a: Santissima Trinit|Dragon Tail|p2a: Ferrothorn
|-activate|p2a: Ferrothorn|Protect
|
|-weather|Sandstorm|[upkeep]
|-damage|p1a: Santissima Trinit|104\/404|[from] Leech Seed|[of] p2a: Ferrothorn
|turn|30
|
|move|p2a: Ferrothorn|Leech Seed|p1a: Santissima Trinit
|-fail|p1a: Santissima Trinit
|move|p1a: Santissima Trinit|Dragon Tail|p2a: Ferrothorn|[miss]
|-miss|p1a: Santissima Trinit|p2a: Ferrothorn
|
|-weather|Sandstorm|[upkeep]
|-damage|p1a: Santissima Trinit|54\/404|[from] Leech Seed|[of] p2a: Ferrothorn
|turn|31
|
|move|p2a: Ferrothorn|Gyro Ball|p1a: Santissima Trinit
|-supereffective|p1a: Santissima Trinit
|-damage|p1a: Santissima Trinit|0 fnt
|faint|p1a: Santissima Trinit
|
|-weather|Sandstorm|[upkeep]
|
|switch|p1a: Al-Quagsire|Quagsire, F|370\/394
|-damage|p1a: Al-Quagsire|272\/394|[from] Spikes
|turn|32
|
|move|p1a: Al-Quagsire|Protect|p1a: Al-Quagsire
|-singleturn|p1a: Al-Quagsire|Protect
|move|p2a: Ferrothorn|Leech Seed|p1a: Al-Quagsire
|-activate|p1a: Al-Quagsire|Protect
|
|-weather|none
|turn|33
|
|move|p1a: Al-Quagsire|Recover|p1a: Al-Quagsire
|-heal|p1a: Al-Quagsire|394\/394
|move|p2a: Ferrothorn|Leech Seed|p1a: Al-Quagsire
|-start|p1a: Al-Quagsire|move: Leech Seed
|
|-damage|p1a: Al-Quagsire|345\/394|[from] Leech Seed|[of] p2a: Ferrothorn
|turn|34
|
|move|p1a: Al-Quagsire|Protect|p1a: Al-Quagsire
|-singleturn|p1a: Al-Quagsire|Protect
|move|p2a: Ferrothorn|Protect|p2a: Ferrothorn
|-fail|p2a: Ferrothorn
|
|-damage|p1a: Al-Quagsire|296\/394|[from] Leech Seed|[of] p2a: Ferrothorn
|turn|35
|
|switch|p2a: Slowbro|Slowbro, F|394\/394 tox
|move|p1a: Al-Quagsire|Earthquake|p2a: Slowbro
|-damage|p2a: Slowbro|327\/394 tox
|
|-heal|p2a: Slowbro|351\/394 tox|[from] item: Leftovers
|-damage|p1a: Al-Quagsire|247\/394|[from] Leech Seed|[of] p2a: Slowbro
|-heal|p2a: Slowbro|394\/394 tox|[silent]
|-damage|p2a: Slowbro|370\/394 tox|[from] psn
|turn|36
|
|move|p1a: Al-Quagsire|Recover|p1a: Al-Quagsire
|-heal|p1a: Al-Quagsire|394\/394
|move|p2a: Slowbro|Toxic|p1a: Al-Quagsire
|-status|p1a: Al-Quagsire|tox
|
|-heal|p2a: Slowbro|394\/394 tox|[from] item: Leftovers
|-damage|p1a: Al-Quagsire|345\/394 tox|[from] Leech Seed|[of] p2a: Slowbro
|-damage|p1a: Al-Quagsire|321\/394 tox|[from] psn
|-damage|p2a: Slowbro|346\/394 tox|[from] psn
|turn|37
|
|switch|p1a: Chaiser|Chansey, F|528\/704
|-damage|p1a: Chaiser|352\/704|[from] Spikes
|switch|p2a: Bisharp|Bisharp, F|217\/271
|
|turn|38
|
|move|p2a: Bisharp|Knock Off|p1a: Chaiser
|-damage|p1a: Chaiser|5\/704
|-enditem|p1a: Chaiser|Eviolite|[from] move: Knock Off|[of] p2a: Bisharp
|-damage|p2a: Bisharp|190\/271|[from] item: Life Orb
|move|p1a: Chaiser|Soft-Boiled|p1a: Chaiser
|-heal|p1a: Chaiser|357\/704
|
|turn|39
|
|move|p2a: Bisharp|Swords Dance|p2a: Bisharp
|-boost|p2a: Bisharp|atk|2
|move|p1a: Chaiser|Soft-Boiled|p1a: Chaiser
|-heal|p1a: Chaiser|704\/704
|
|turn|40
|
|switch|p1a: Al-Quagsire|Quagsire, F|321\/394 tox
|-damage|p1a: Al-Quagsire|223\/394 tox|[from] Spikes
|move|p2a: Bisharp|Iron Head|p1a: Al-Quagsire
|-resisted|p1a: Al-Quagsire
|-damage|p1a: Al-Quagsire|140\/394 tox
|-damage|p2a: Bisharp|163\/271|[from] item: Life Orb
|
|-damage|p1a: Al-Quagsire|116\/394 tox|[from] psn
|turn|41
|
|move|p2a: Bisharp|Knock Off|p1a: Al-Quagsire
|-damage|p1a: Al-Quagsire|0 fnt
|-damage|p2a: Bisharp|136\/271|[from] item: Life Orb
|faint|p1a: Al-Quagsire
|
|c|âSilver97|gg
|
|switch|p1a: Goth Girl|Gothitelle, F, shiny|11\/322
|-damage|p1a: Goth Girl|0 fnt|[from] Spikes
|faint|p1a: Goth Girl
|c|âjuventus 32|hai avuto culo doppio crit su gothitelle
|c|âjuventus 32|ha compromesso il mach
|
|switch|p1a: Chaiser|Chansey, F|704\/704
|-damage|p1a: Chaiser|528\/704|[from] Spikes
|turn|42
|c|âSilver97|non credo contasse
|c|âjuventus 32|si
|c|âSilver97|ti mandavo comunque low health
|c|âSilver97|e se non ti uccidevano le spikes
|c|âSilver97|lo potevo fare di gyro ball sullo switch con ferro
|c|âjuventus 32|resistevacon molta vita e fotteva lo strumento a ferro
|c|âSilver97|dammi lo spread di gothitelle
|c|âjuventus 32|full difesa
|
|move|p2a: Bisharp|Iron Head|p1a: Chaiser
|-damage|p1a: Chaiser|0 fnt
|-damage|p2a: Bisharp|109\/271|[from] item: Life Orb
|faint|p1a: Chaiser
|
|win|Silver97
|c|âjuventus 32|ed hp quasi tutti
|leave|juventus 32
|player|p1