|join|juventus 32
|join|WallaceIII
|c|âjuventus 32|weee
|player|p1|juventus 32|7
|player|p2|WallaceIII|50
|gametype|singles
|gen|6
|tier|OU
|clearpoke
|poke|p1|Quagsire, M
|poke|p1|Chansey, F
|poke|p1|Gothitelle, F, shiny
|poke|p1|Tyranitar, F
|poke|p1|Mew
|poke|p1|Skarmory, M
|poke|p2|Cloyster, F, shiny
|poke|p2|Umbreon, F, shiny
|poke|p2|Jolteon, F
|poke|p2|Houndoom, M, shiny
|poke|p2|Aerodactyl, F
|poke|p2|Flygon, F, shiny
|rule|Swagger Clause: Swagger is banned
|rule|Baton Pass Clause: Limit one PokÃ©mon knowing Baton Pass
|rule|Sleep Clause Mod: Limit one foe put to sleep
|rule|Species Clause: Limit one of each PokÃ©mon
|rule|OHKO Clause: OHKO moves are banned
|rule|Moody Clause: Moody is banned
|rule|Evasion Moves Clause: Evasion moves are banned
|rule|Endless Battle Clause: Forcing endless battles is banned
|rule|HP Percentage Mod: HP is shown in percentages
|teampreview
|c|âjuventus 32|Ã¨ piÃ¹ uu che ou
|c|âjuventus 32|anzi Ã¨ uu
|c|âWallaceIII|vai
|c|âWallaceIII|gioca
|
|start
|switch|p1a: Santissima Trinit|Tyranitar, F|404\/404
|switch|p2a: TedBundy|Flygon, F, shiny|301\/301
|-weather|Sandstorm
|turn|1
|
|detailschange|p1a: Santissima Trinit|Tyranitar-Mega, F
|-mega|p1a: Santissima Trinit|Tyranitar|Tyranitarite
|move|p2a: TedBundy|Superpower|p1a: Santissima Trinit
|-supereffective|p1a: Santissima Trinit
|-damage|p1a: Santissima Trinit|104\/404
|-unboost|p2a: TedBundy|atk|1
|-unboost|p2a: TedBundy|def|1
|move|p1a: Santissima Trinit|Stealth Rock|p2a: TedBundy
|-sidestart|p2: WallaceIII|move: Stealth Rock
|
|-weather|Sandstorm|[upkeep]
|turn|2
|
|switch|p1a: Al-Quagsire|Quagsire, M|394\/394
|move|p2a: TedBundy|Dragon Claw|p1a: Al-Quagsire
|-crit|p1a: Al-Quagsire
|-damage|p1a: Al-Quagsire|244\/394
|
|-weather|Sandstorm|[upkeep]
|-heal|p1a: Al-Quagsire|268\/394|[from] item: Leftovers
|turn|3
|
|switch|p2a: Cloyster|Cloyster, F, shiny|241\/241
|-damage|p2a: Cloyster|181\/241|[from] Stealth Rock
|move|p1a: Al-Quagsire|Recover|p1a: Al-Quagsire
|-heal|p1a: Al-Quagsire|394\/394
|
|-weather|Sandstorm|[upkeep]
|-damage|p2a: Cloyster|166\/241|[from] sandstorm
|-heal|p2a: Cloyster|181\/241|[from] item: Leftovers
|turn|4
|
|move|p2a: Cloyster|Shell Smash|p2a: Cloyster
|-boost|p2a: Cloyster|atk|2
|-boost|p2a: Cloyster|spa|2
|-boost|p2a: Cloyster|spe|2
|-unboost|p2a: Cloyster|def|1
|-unboost|p2a: Cloyster|spd|1
|move|p1a: Al-Quagsire|Toxic|p2a: Cloyster
|-status|p2a: Cloyster|tox
|
|-weather|Sandstorm|[upkeep]
|-damage|p2a: Cloyster|166\/241 tox|[from] sandstorm
|-heal|p2a: Cloyster|181\/241 tox|[from] item: Leftovers
|-damage|p2a: Cloyster|166\/241 tox|[from] psn
|turn|5
|
|move|p1a: Al-Quagsire|Protect|p1a: Al-Quagsire
|-singleturn|p1a: Al-Quagsire|Protect
|move|p2a: Cloyster|Shell Smash|p2a: Cloyster
|-boost|p2a: Cloyster|atk|2
|-boost|p2a: Cloyster|spa|2
|-boost|p2a: Cloyster|spe|2
|-unboost|p2a: Cloyster|def|1
|-unboost|p2a: Cloyster|spd|1
|
|-weather|none
|-heal|p2a: Cloyster|181\/241 tox|[from] item: Leftovers
|-damage|p2a: Cloyster|151\/241 tox|[from] psn
|turn|6
|
|move|p2a: Cloyster|Icicle Crash|p1a: Al-Quagsire
|-damage|p1a: Al-Quagsire|300\/394
|cant|p1a: Al-Quagsire|flinch
|
|-heal|p2a: Cloyster|166\/241 tox|[from] item: Leftovers
|-heal|p1a: Al-Quagsire|324\/394|[from] item: Leftovers
|-damage|p2a: Cloyster|121\/241 tox|[from] psn
|turn|7
|
|move|p1a: Al-Quagsire|Protect|p1a: Al-Quagsire
|-singleturn|p1a: Al-Quagsire|Protect
|move|p2a: Cloyster|Poison Jab|p1a: Al-Quagsire
|-activate|p1a: Al-Quagsire|Protect
|
|-heal|p2a: Cloyster|136\/241 tox|[from] item: Leftovers
|-heal|p1a: Al-Quagsire|348\/394|[from] item: Leftovers
|-damage|p2a: Cloyster|76\/241 tox|[from] psn
|turn|8
|
|switch|p2a: Saturn|Umbreon, F, shiny|331\/331
|-damage|p2a: Saturn|290\/331|[from] Stealth Rock
|move|p1a: Al-Quagsire|Recover|p1a: Al-Quagsire
|-heal|p1a: Al-Quagsire|394\/394
|
|-heal|p2a: Saturn|310\/331|[from] item: Leftovers
|turn|9
|
|switch|p1a: Goth Girl|Gothitelle, F, shiny|322\/322
|move|p2a: Saturn|Toxic|p1a: Goth Girl
|-status|p1a: Goth Girl|tox
|
|-heal|p2a: Saturn|330\/331|[from] item: Leftovers
|-damage|p1a: Goth Girl|302\/322 tox|[from] psn
|turn|10
|
|move|p1a: Goth Girl|Trick|p2a: Saturn
|-activate|p1a: Goth Girl|move: Trick|[of] p2a: Saturn
|-item|p2a: Saturn|Choice Scarf|[from] move: Trick
|-item|p1a: Goth Girl|Leftovers|[from] move: Trick
|move|p2a: Saturn|Substitute|p2a: Saturn
|-start|p2a: Saturn|Substitute
|-damage|p2a: Saturn|248\/331
|
|-heal|p1a: Goth Girl|322\/322 tox|[from] item: Leftovers
|-damage|p1a: Goth Girl|282\/322 tox|[from] psn
|turn|11
|
|move|p2a: Saturn|Substitute|p2a: Saturn
|-fail|p2a: Saturn|move: Substitute
|move|p1a: Goth Girl|Rest|p1a: Goth Girl
|-status|p1a: Goth Girl|slp
|-heal|p1a: Goth Girl|322\/322 slp|[silent]
|-status|p1a: Goth Girl|slp|[from] move: Rest
|
|turn|12
|
|move|p2a: Saturn|Substitute|p2a: Saturn
|-fail|p2a: Saturn|move: Substitute
|cant|p1a: Goth Girl|slp
|
|turn|13
|
|move|p2a: Saturn|Substitute|p2a: Saturn
|-fail|p2a: Saturn|move: Substitute
|cant|p1a: Goth Girl|slp
|
|turn|14
|
|move|p2a: Saturn|Substitute|p2a: Saturn
|-fail|p2a: Saturn|move: Substitute
|-curestatus|p1a: Goth Girl|slp
|move|p1a: Goth Girl|Calm Mind|p1a: Goth Girl
|-boost|p1a: Goth Girl|spa|1
|-boost|p1a: Goth Girl|spd|1
|
|turn|15
|c|âjuventus 32|vai veloce puoi solo usÃ  sostittuto
|
|move|p2a: Saturn|Substitute|p2a: Saturn
|-fail|p2a: Saturn|move: Substitute
|move|p1a: Goth Girl|Calm Mind|p1a: Goth Girl
|-boost|p1a: Goth Girl|spa|1
|-boost|p1a: Goth Girl|spd|1
|
|turn|16
|c|âWallaceIII|hai scassato
|c|âjuventus 32|e che bbÃ²
|
|move|p2a: Saturn|Substitute|p2a: Saturn
|-fail|p2a: Saturn|move: Substitute
|move|p1a: Goth Girl|Calm Mind|p1a: Goth Girl
|-boost|p1a: Goth Girl|spa|1
|-boost|p1a: Goth Girl|spd|1
|
|turn|17
|c|âjuventus 32|arrivi a scintro e muori
|c|âjuventus 32|scontro
|
|move|p2a: Saturn|Substitute|p2a: Saturn
|-fail|p2a: Saturn|move: Substitute
|move|p1a: Goth Girl|Calm Mind|p1a: Goth Girl
|-boost|p1a: Goth Girl|spa|1
|-boost|p1a: Goth Girl|spd|1
|
|turn|18
|c|âjuventus 32|e muore umbron
|
|move|p2a: Saturn|Substitute|p2a: Saturn
|-fail|p2a: Saturn|move: Substitute
|move|p1a: Goth Girl|Calm Mind|p1a: Goth Girl
|-boost|p1a: Goth Girl|spa|1
|-boost|p1a: Goth Girl|spd|1
|
|turn|19
|
|move|p2a: Saturn|Substitute|p2a: Saturn
|-fail|p2a: Saturn|move: Substitute
|move|p1a: Goth Girl|Calm Mind|p1a: Goth Girl
|-boost|p1a: Goth Girl|spa|1
|-boost|p1a: Goth Girl|spd|1
|
|turn|20
|
|move|p2a: Saturn|Substitute|p2a: Saturn
|-fail|p2a: Saturn|move: Substitute
|move|p1a: Goth Girl|Calm Mind|p1a: Goth Girl
|-fail|p1a: Goth Girl
|
|turn|21
|c|âjuventus 32|quanti restano?
|
|move|p2a: Saturn|Substitute|p2a: Saturn
|-fail|p2a: Saturn|move: Substitute
|move|p1a: Goth Girl|Calm Mind|p1a: Goth Girl
|-fail|p1a: Goth Girl
|
|turn|22
|c|âWallaceIII|che nabbo
|
|move|p2a: Saturn|Substitute|p2a: Saturn
|-fail|p2a: Saturn|move: Substitute
|move|p1a: Goth Girl|Calm Mind|p1a: Goth Girl
|-fail|p1a: Goth Girl
|
|turn|23
|
|move|p2a: Saturn|Substitute|p2a: Saturn
|-fail|p2a: Saturn|move: Substitute
|move|p1a: Goth Girl|Calm Mind|p1a: Goth Girl
|-fail|p1a: Goth Girl
|
|turn|24
|
|move|p2a: Saturn|Substitute|p2a: Saturn
|-fail|p2a: Saturn|move: Substitute
|move|p1a: Goth Girl|Calm Mind|p1a: Goth Girl
|-fail|p1a: Goth Girl
|
|turn|25
|
|move|p2a: Saturn|Substitute|p2a: Saturn
|-fail|p2a: Saturn|move: Substitute
|move|p1a: Goth Girl|Calm Mind|p1a: Goth Girl
|-fail|p1a: Goth Girl
|
|turn|26
|
|move|p2a: Saturn|Struggle|p1a: Goth Girl
|-damage|p1a: Goth Girl|305\/322
|-damage|p2a: Saturn|166\/331
|move|p1a: Goth Girl|Calm Mind|p1a: Goth Girl
|-fail|p1a: Goth Girl
|
|-heal|p1a: Goth Girl|322\/322|[from] item: Leftovers
|turn|27
|
|move|p2a: Saturn|Struggle|p1a: Goth Girl
|-damage|p1a: Goth Girl|304\/322
|-damage|p2a: Saturn|84\/331
|move|p1a: Goth Girl|Calm Mind|p1a: Goth Girl
|-fail|p1a: Goth Girl
|
|-heal|p1a: Goth Girl|322\/322|[from] item: Leftovers
|turn|28
|c|âWallaceIII|ma stai a fa sul serio?
|c|âjuventus 32|mo muore
|
|move|p2a: Saturn|Struggle|p1a: Goth Girl
|-damage|p1a: Goth Girl|304\/322
|-damage|p2a: Saturn|2\/331
|move|p1a: Goth Girl|Calm Mind|p1a: Goth Girl
|-fail|p1a: Goth Girl
|
|-heal|p1a: Goth Girl|322\/322|[from] item: Leftovers
|turn|29
|
|move|p2a: Saturn|Struggle|p1a: Goth Girl
|-damage|p1a: Goth Girl|304\/322
|-damage|p2a: Saturn|0 fnt
|faint|p2a: Saturn
|move|p1a: Goth Girl|Calm Mind|p1a: Goth Girl
|-fail|p1a: Goth Girl
|
|-heal|p1a: Goth Girl|322\/322|[from] item: Leftovers
|c|âjuventus 32|o Ã¨ una tattica anche questa
|
|switch|p2a: Belzebu|Houndoom, M, shiny|291\/291
|-damage|p2a: Belzebu|219\/291|[from] Stealth Rock
|turn|30
|
|switch|p1a: Santissima Trinit|Tyranitar-Mega, F|104\/404
|-weather|Sandstorm
|detailschange|p2a: Belzebu|Houndoom-Mega, M, shiny
|-mega|p2a: Belzebu|Houndoom|Houndoominite
|move|p2a: Belzebu|Dark Pulse|p1a: Santissima Trinit
|-resisted|p1a: Santissima Trinit
|-damage|p1a: Santissima Trinit|62\/404
|
|-weather|Sandstorm|[upkeep]
|-damage|p2a: Belzebu|201\/291|[from] sandstorm
|turn|31
|
|move|p2a: Belzebu|Fire Blast|p1a: Santissima Trinit
|-crit|p1a: Santissima Trinit
|-resisted|p1a: Santissima Trinit
|-damage|p1a: Santissima Trinit|0 fnt
|faint|p1a: Santissima Trinit
|
|-weather|Sandstorm|[upkeep]
|-damage|p2a: Belzebu|183\/291|[from] sandstorm
|
|switch|p1a: Chaiser|Chansey, F|704\/704
|turn|32
|
|switch|p2a: TedBundy|Flygon, F, shiny|301\/301
|-damage|p2a: TedBundy|283\/301|[from] Stealth Rock
|move|p1a: Chaiser|Toxic|p2a: TedBundy
|-status|p2a: TedBundy|tox
|
|-weather|Sandstorm|[upkeep]
|-damage|p1a: Chaiser|660\/704|[from] sandstorm
|-damage|p2a: TedBundy|265\/301 tox|[from] psn
|turn|33
|
|switch|p1a: Al-Quagsire|Quagsire, M|394\/394
|move|p2a: TedBundy|Superpower|p1a: Al-Quagsire
|-damage|p1a: Al-Quagsire|292\/394
|-unboost|p2a: TedBundy|atk|1
|-unboost|p2a: TedBundy|def|1
|
|-weather|Sandstorm|[upkeep]
|-heal|p1a: Al-Quagsire|316\/394|[from] item: Leftovers
|-damage|p2a: TedBundy|229\/301 tox|[from] psn
|turn|34
|
|switch|p2a: Belzebu|Houndoom-Mega, M, shiny|183\/291
|-damage|p2a: Belzebu|111\/291|[from] Stealth Rock
|move|p1a: Al-Quagsire|Toxic|p2a: Belzebu|[miss]
|-miss|p1a: Al-Quagsire|p2a: Belzebu
|
|-weather|none
|-heal|p1a: Al-Quagsire|340\/394|[from] item: Leftovers
|turn|35
|
|switch|p1a: Chaiser|Chansey, F|660\/704
|move|p2a: Belzebu|Sunny Day|p2a: Belzebu
|-weather|SunnyDay
|
|-weather|SunnyDay|[upkeep]
|-damage|p2a: Belzebu|75\/291|[from] ability: Solar Power
|turn|36
|
|move|p2a: Belzebu|Fire Blast|p1a: Chaiser
|-damage|p1a: Chaiser|377\/704
|move|p1a: Chaiser|Seismic Toss|p2a: Belzebu
|-damage|p2a: Belzebu|0 fnt
|faint|p2a: Belzebu
|
|-weather|SunnyDay|[upkeep]
|
|switch|p2a: TedBundy|Flygon, F, shiny|229\/301 tox
|-damage|p2a: TedBundy|211\/301 tox|[from] Stealth Rock
|turn|37
|
|switch|p1a: Al-Quagsire|Quagsire, M|340\/394
|move|p2a: TedBundy|Superpower|p1a: Al-Quagsire
|-damage|p1a: Al-Quagsire|230\/394
|-unboost|p2a: TedBundy|atk|1
|-unboost|p2a: TedBundy|def|1
|
|-weather|SunnyDay|[upkeep]
|-heal|p1a: Al-Quagsire|254\/394|[from] item: Leftovers
|-damage|p2a: TedBundy|193\/301 tox|[from] psn
|turn|38
|
|move|p2a: TedBundy|Dragon Claw|p1a: Al-Quagsire
|-damage|p1a: Al-Quagsire|155\/394
|move|p1a: Al-Quagsire|Recover|p1a: Al-Quagsire
|-heal|p1a: Al-Quagsire|352\/394
|
|-weather|SunnyDay|[upkeep]
|-heal|p1a: Al-Quagsire|376\/394|[from] item: Leftovers
|-damage|p2a: TedBundy|157\/301 tox|[from] psn
|turn|39
|leave|WallaceIII
|player|p2
|c|âjuventus 32|ha ha
|-message|Player 2 lost due to inactivity.
|
|win|juventus 32