|join|BIGGSTEELIX
|join|superdb123
|player|p1|BIGGSTEELIX|161
|player|p2|superdb123|99
|gametype|singles
|gen|6
|tier|UU
|rated
|rule|Sleep Clause Mod: Limit one foe put to sleep
|rule|Species Clause: Limit one of each PokÃ©mon
|rule|OHKO Clause: OHKO moves are banned
|rule|Moody Clause: Moody is banned
|rule|Evasion Moves Clause: Evasion moves are banned
|rule|Endless Battle Clause: Forcing endless battles is banned
|rule|HP Percentage Mod: HP is shown in percentages
|clearpoke
|poke|p1|Forretress, M
|poke|p1|Suicune
|poke|p1|Krookodile, M
|poke|p1|Rotom-Heat
|poke|p1|Amoonguss, F
|poke|p1|Diancie
|poke|p2|Blastoise, M, shiny
|poke|p2|Noivern, M
|poke|p2|Jirachi
|poke|p2|Trevenant, F, shiny
|poke|p2|Krookodile, M
|poke|p2|Ampharos, F, shiny
|rule|Swagger Clause: Swagger is banned
|rule|Baton Pass Clause: Limit one PokÃ©mon knowing Baton Pass
|teampreview
|
|start
|switch|p1a: Rotom-Heat|Rotom-Heat|241\/241
|switch|p2a: Fastidious|Krookodile, M|345\/345
|-ability|p2a: Fastidious|Intimidate|[of] p1a: Rotom-Heat
|-unboost|p1a: Rotom-Heat|atk|1
|turn|1
|join|anRkey
|join|Triggerfish
|leave|anRkey
|
|switch|p1a: Suicune|Suicune|404\/404
|-ability|p1a: Suicune|Pressure
|move|p2a: Fastidious|Stone Edge|p1a: Suicune
|-damage|p1a: Suicune|279\/404
|
|-heal|p1a: Suicune|304\/404|[from] item: Leftovers
|turn|2
|
|switch|p2a: Flappy|Ampharos, F, shiny|373\/373
|switch|p1a: Krookodile|Krookodile, M|332\/332
|-ability|p1a: Krookodile|Intimidate|[of] p2a: Flappy
|-unboost|p2a: Flappy|atk|1
|
|turn|3
|
|move|p1a: Krookodile|Pursuit|p2a: Flappy|[from]Pursuit
|-crit|p2a: Flappy
|-damage|p2a: Flappy|0 fnt
|faint|p2a: Flappy
|
|
|switch|p2a: Luridy|Trevenant, F, shiny|374\/374
|turn|4
|c|âsuperdb123|nice move choice!
|c|âBIGGSTEELIX|^^
|
|switch|p1a: Rotom-Heat|Rotom-Heat|241\/241
|move|p2a: Luridy|Will-O-Wisp|p1a: Rotom-Heat
|-fail|p1a: Rotom-Heat
|
|turn|5
|
|move|p1a: Rotom-Heat|Trick|p2a: Luridy
|-activate|p1a: Rotom-Heat|move: Trick|[of] p2a: Luridy
|-item|p2a: Luridy|Choice Scarf|[from] move: Trick
|-item|p1a: Rotom-Heat|Lum Berry|[from] move: Trick
|move|p2a: Luridy|Rest|p2a: Luridy
|-fail|p2a: Luridy
|
|turn|6
|
|switch|p2a: Cheeky|Noivern, M|311\/311
|move|p1a: Rotom-Heat|Overheat|p2a: Cheeky
|-resisted|p2a: Cheeky
|-damage|p2a: Cheeky|186\/311
|-unboost|p1a: Rotom-Heat|spa|2
|
|turn|7
|
|switch|p1a: Diancie|Diancie|241\/241
|move|p2a: Cheeky|Taunt|p1a: Diancie
|-start|p1a: Diancie|move: Taunt
|
|turn|8
|
|switch|p2a: Jirachi|Jirachi|341\/341
|detailschange|p1a: Diancie|Diancie-Mega
|-mega|p1a: Diancie|Diancie|Diancite
|move|p1a: Diancie|Moonblast|p2a: Jirachi
|-resisted|p2a: Jirachi
|-damage|p2a: Jirachi|248\/341
|-unboost|p2a: Jirachi|spa|1
|
|turn|9
|
|switch|p1a: Rotom-Heat|Rotom-Heat|241\/241
|move|p2a: Jirachi|U-turn|p1a: Rotom-Heat
|-resisted|p1a: Rotom-Heat
|-damage|p1a: Rotom-Heat|210\/241
|
|switch|p2a: Perry|Blastoise, M, shiny|358\/358
|
|turn|10
|
|detailschange|p2a: Perry|Blastoise-Mega, M, shiny
|-mega|p2a: Perry|Blastoise|Blastoisinite
|move|p1a: Rotom-Heat|Volt Switch|p2a: Perry
|-supereffective|p2a: Perry
|-damage|p2a: Perry|164\/358
|
|switch|p1a: Suicune|Suicune|304\/404
|-ability|p1a: Suicune|Pressure
|move|p2a: Perry|Water Pulse|p1a: Suicune
|-resisted|p1a: Suicune
|-damage|p1a: Suicune|223\/404
|
|-heal|p1a: Suicune|248\/404|[from] item: Leftovers
|turn|11
|
|move|p1a: Suicune|Calm Mind|p1a: Suicune
|-boost|p1a: Suicune|spa|1
|-boost|p1a: Suicune|spd|1
|move|p2a: Perry|Dark Pulse|p1a: Suicune
|-crit|p1a: Suicune
|-damage|p1a: Suicune|49\/404
|
|-heal|p1a: Suicune|74\/404|[from] item: Leftovers
|turn|12
|
|move|p1a: Suicune|Rest|p1a: Suicune
|-status|p1a: Suicune|slp
|-heal|p1a: Suicune|404\/404 slp|[silent]
|-status|p1a: Suicune|slp|[from] move: Rest
|move|p2a: Perry|Dark Pulse|p1a: Suicune
|-damage|p1a: Suicune|314\/404 slp
|
|-heal|p1a: Suicune|339\/404 slp|[from] item: Leftovers
|turn|13
|
|switch|p2a: Luridy|Trevenant, F, shiny|374\/374
|cant|p1a: Suicune|slp
|move|p1a: Suicune|Sleep Talk|p1a: Suicune
|move|p1a: Suicune|Rest|p1a: Suicune|[from]Sleep Talk
|-fail|p1a: Suicune
|
|-heal|p1a: Suicune|364\/404 slp|[from] item: Leftovers
|turn|14
|
|switch|p1a: Rotom-Heat|Rotom-Heat|210\/241
|move|p2a: Luridy|Horn Leech|p1a: Rotom-Heat
|-resisted|p1a: Rotom-Heat
|-damage|p1a: Rotom-Heat|164\/241
|
|turn|15
|
|switch|p2a: Fastidious|Krookodile, M|345\/345
|-ability|p2a: Fastidious|Intimidate|[of] p1a: Rotom-Heat
|-unboost|p1a: Rotom-Heat|atk|1
|move|p1a: Rotom-Heat|Overheat|p2a: Fastidious
|-damage|p2a: Fastidious|59\/345
|-unboost|p1a: Rotom-Heat|spa|2
|
|turn|16
|
|switch|p2a: Jirachi|Jirachi|248\/341
|move|p1a: Rotom-Heat|Overheat|p2a: Jirachi
|-supereffective|p2a: Jirachi
|-damage|p2a: Jirachi|66\/341
|-unboost|p1a: Rotom-Heat|spa|2
|
|turn|17
|c|âBIGGSTEELIX|i know
|c|âBIGGSTEELIX|that you'"re adamant
|c|âBIGGSTEELIX|^^
|
|switch|p2a: Cheeky|Noivern, M|186\/311
|move|p1a: Rotom-Heat|Volt Switch|p2a: Cheeky
|-damage|p2a: Cheeky|141\/311
|
|switch|p1a: Diancie|Diancie-Mega|241\/241
|
|turn|18
|
|switch|p2a: Perry|Blastoise-Mega, M, shiny|164\/358
|move|p1a: Diancie|Moonblast|p2a: Perry
|-damage|p2a: Perry|0 fnt
|faint|p2a: Perry
|
|
|switch|p2a: Jirachi|Jirachi|66\/341
|turn|19
|
|switch|p1a: Rotom-Heat|Rotom-Heat|164\/241
|move|p2a: Jirachi|Iron Head|p1a: Rotom-Heat
|-resisted|p1a: Rotom-Heat
|-damage|p1a: Rotom-Heat|136\/241
|
|turn|20
|
|switch|p2a: Cheeky|Noivern, M|141\/311
|move|p1a: Rotom-Heat|Volt Switch|p2a: Cheeky
|-damage|p2a: Cheeky|17\/311
|
|switch|p1a: Diancie|Diancie-Mega|241\/241
|
|turn|21
|
|switch|p2a: Luridy|Trevenant, F, shiny|374\/374
|move|p1a: Diancie|Moonblast|p2a: Luridy
|-damage|p2a: Luridy|205\/374
|
|turn|22
|
|switch|p1a: Rotom-Heat|Rotom-Heat|136\/241
|move|p2a: Luridy|Horn Leech|p1a: Rotom-Heat
|-resisted|p1a: Rotom-Heat
|-damage|p1a: Rotom-Heat|93\/241
|-heal|p2a: Luridy|227\/374|[from] drain|[of] p1a: Rotom-Heat
|
|turn|23
|
|switch|p2a: Fastidious|Krookodile, M|59\/345
|-ability|p2a: Fastidious|Intimidate|[of] p1a: Rotom-Heat
|-unboost|p1a: Rotom-Heat|atk|1
|move|p1a: Rotom-Heat|Overheat|p2a: Fastidious|[miss]
|-miss|p1a: Rotom-Heat|p2a: Fastidious
|
|turn|24
|
|move|p1a: Rotom-Heat|Overheat|p2a: Fastidious|[miss]
|-miss|p1a: Rotom-Heat|p2a: Fastidious
|move|p2a: Fastidious|Knock Off|p1a: Rotom-Heat
|-damage|p1a: Rotom-Heat|0 fnt
|-enditem|p1a: Rotom-Heat|Lum Berry|[from] move: Knock Off|[of] p2a: Fastidious
|faint|p1a: Rotom-Heat
|
|c|âBIGGSTEELIX|fuck
|
|switch|p1a: Diancie|Diancie-Mega|241\/241
|turn|25
|c|âsuperdb123|finally ko'd one :p
|c|âBIGGSTEELIX|><
|
|move|p1a: Diancie|Diamond Storm|p2a: Fastidious
|-resisted|p2a: Fastidious
|-damage|p2a: Fastidious|0 fnt
|-boost|p1a: Diancie|def|1
|faint|p2a: Fastidious
|
|c|âBIGGSTEELIX|rotom-h fucking blind
|
|switch|p2a: Jirachi|Jirachi|66\/341
|turn|26
|
|move|p1a: Diancie|Protect|p1a: Diancie
|-singleturn|p1a: Diancie|Protect
|move|p2a: Jirachi|Iron Head|p1a: Diancie
|-activate|p1a: Diancie|Protect
|
|turn|27
|
|switch|p2a: Luridy|Trevenant, F, shiny|227\/374
|switch|p1a: Forretress|Forretress, M|354\/354
|
|turn|28
|
|move|p2a: Luridy|Will-O-Wisp|p1a: Forretress
|-status|p1a: Forretress|brn
|move|p1a: Forretress|Stealth Rock|p2a: Luridy
|-sidestart|p2: superdb123|move: Stealth Rock
|
|-damage|p1a: Forretress|310\/354 brn|[from] brn
|turn|29
|
|switch|p2a: Cheeky|Noivern, M|17\/311
|-damage|p2a: Cheeky|0 fnt|[from] Stealth Rock
|faint|p2a: Cheeky
|move|p1a: Forretress|Spikes|p2: Cheeky
|-sidestart|p2: superdb123|Spikes
|
|-heal|p1a: Forretress|332\/354 brn|[from] item: Leftovers
|-damage|p1a: Forretress|288\/354 brn|[from] brn
|
|switch|p2a: Luridy|Trevenant, F, shiny|227\/374
|-damage|p2a: Luridy|181\/374|[from] Spikes
|-damage|p2a: Luridy|135\/374|[from] Stealth Rock
|turn|30
|
|switch|p1a: Amoonguss|Amoonguss, F|432\/432
|move|p2a: Luridy|Shadow Claw|p1a: Amoonguss
|-damage|p1a: Amoonguss|354\/432
|-damage|p2a: Luridy|73\/374|[from] item: Rocky Helmet|[of] p1a: Amoonguss
|
|turn|31
|
|move|p2a: Luridy|Shadow Claw|p1a: Amoonguss
|-damage|p1a: Amoonguss|279\/432
|-damage|p2a: Luridy|11\/374|[from] item: Rocky Helmet|[of] p1a: Amoonguss
|move|p1a: Amoonguss|Sludge Bomb|p2a: Luridy
|-damage|p2a: Luridy|0 fnt
|faint|p2a: Luridy
|
|c|âBIGGSTEELIX|gg
|
|switch|p2a: Jirachi|Jirachi|66\/341
|-damage|p2a: Jirachi|45\/341|[from] Stealth Rock
|-damage|p2a: Jirachi|3\/341|[from] Spikes
|turn|32
|c|âsuperdb123|gg
|
|move|p2a: Jirachi|Iron Head|p1a: Amoonguss
|-damage|p1a: Amoonguss|177\/432
|-damage|p2a: Jirachi|0 fnt|[from] item: Rocky Helmet|[of] p1a: Amoonguss
|faint|p2a: Jirachi
|
|win|BIGGSTEELIX
|raw|Ladder updating...
|leave|BIGGSTEELIX
|raw|BIGGSTEELIX's rating: 1119 &rarr; <strong>1145<\/strong><br \/>(+26 for winning)
|raw|superdb123's rating: 1134 &rarr; <strong>1108<\/strong><br \/>(-26 for losing)
|player|p1
|leave|superdb123
|player|p2
|join|BIGGSTEELIX