|join|Frizzle my nizzle
|join|CleanerThanRotom-W
|player|p1|Frizzle my nizzle|286
|player|p2|CleanerThanRotom-W|226
|gametype|singles
|gen|6
|tier|UU
|rated
|rule|Sleep Clause Mod: Limit one foe put to sleep
|rule|Species Clause: Limit one of each PokÃ©mon
|rule|OHKO Clause: OHKO moves are banned
|rule|Moody Clause: Moody is banned
|rule|Evasion Moves Clause: Evasion moves are banned
|rule|Endless Battle Clause: Forcing endless battles is banned
|rule|HP Percentage Mod: HP is shown in percentages
|clearpoke
|poke|p1|Vaporeon, M
|poke|p1|Cresselia, F
|poke|p1|Blissey, F
|poke|p1|Steelix, M
|poke|p1|Sigilyph, F
|poke|p1|Vullaby, F
|poke|p2|Blissey, F
|poke|p2|Forretress, M
|poke|p2|Rotom-Heat
|poke|p2|Ampharos, F
|poke|p2|Alomomola, M
|poke|p2|Slowking, M
|rule|Swagger Clause: Swagger is banned
|rule|Baton Pass Clause: Limit one PokÃ©mon knowing Baton Pass
|teampreview
|
|start
|switch|p1a: Blissey|Blissey, F|665\/665
|switch|p2a: Ampharos|Ampharos, F|384\/384
|turn|1
|
|switch|p1a: Steelix|Steelix, M|300\/300
|detailschange|p2a: Ampharos|Ampharos-Mega, F
|-mega|p2a: Ampharos|Ampharos|Ampharosite
|-ability|p2a: Ampharos|Mold Breaker
|move|p2a: Ampharos|Volt Switch|p1a: Steelix
|-immune|p1a: Steelix|[msg]
|
|turn|2
|join|Appreciation
|
|switch|p2a: Alomomola|Alomomola, M|534\/534
|detailschange|p1a: Steelix|Steelix-Mega, M
|-mega|p1a: Steelix|Steelix|Steelixite
|move|p1a: Steelix|Heavy Slam|p2a: Alomomola
|-resisted|p2a: Alomomola
|-damage|p2a: Alomomola|447\/534
|
|-heal|p2a: Alomomola|480\/534|[from] item: Leftovers
|turn|3
|
|switch|p2a: Rotom-Heat|Rotom-Heat|241\/241
|switch|p1a: Vaporeon|Vaporeon, M|451\/451
|
|turn|4
|
|move|p2a: Rotom-Heat|Trick|p1a: Vaporeon
|-activate|p2a: Rotom-Heat|move: Trick|[of] p1a: Vaporeon
|-item|p1a: Vaporeon|Choice Specs|[from] move: Trick
|-item|p2a: Rotom-Heat|Leftovers|[from] move: Trick
|move|p1a: Vaporeon|Baton Pass|p1a: Vaporeon
|
|switch|p1a: Sigilyph|Sigilyph, F|286\/286
|
|turn|5
|
|switch|p1a: Blissey|Blissey, F|665\/665
|move|p2a: Rotom-Heat|Thunderbolt|p1a: Blissey
|-damage|p1a: Blissey|557\/665
|
|-heal|p1a: Blissey|598\/665|[from] item: Leftovers
|turn|6
|
|move|p2a: Rotom-Heat|Volt Switch|p1a: Blissey
|-damage|p1a: Blissey|526\/665
|
|switch|p2a: Forretress|Forretress, M|354\/354
|move|p1a: Blissey|Copycat|p1a: Blissey
|move|p1a: Blissey|Volt Switch|p2a: Forretress|[from]Copycat
|-damage|p2a: Forretress|293\/354
|c| Appreciation|lol
|
|switch|p1a: Vaporeon|Vaporeon, M|451\/451
|
|-heal|p2a: Forretress|315\/354|[from] item: Leftovers
|turn|7
|
|move|p1a: Vaporeon|Baton Pass|p1a: Vaporeon
|
|switch|p1a: Blissey|Blissey, F|526\/665
|move|p2a: Forretress|Toxic Spikes|p1a: Blissey
|-sidestart|p1: Frizzle my nizzle|move: Toxic Spikes
|
|-heal|p1a: Blissey|567\/665|[from] item: Leftovers
|-heal|p2a: Forretress|337\/354|[from] item: Leftovers
|turn|8
|
|switch|p2a: Blissey|Blissey, F|714\/714
|move|p1a: Blissey|Copycat|p1a: Blissey
|move|p1a: Blissey|Toxic Spikes|p2a: Blissey|[from]Copycat
|-sidestart|p2: CleanerThanRotom-W|move: Toxic Spikes
|
|-heal|p1a: Blissey|608\/665|[from] item: Leftovers
|turn|9
|c| Appreciation|whyd u use toxic spike
|
|move|p2a: Blissey|Stealth Rock|p1a: Blissey
|-sidestart|p1: Frizzle my nizzle|move: Stealth Rock
|move|p1a: Blissey|Copycat|p1a: Blissey
|move|p1a: Blissey|Stealth Rock|p2a: Blissey|[from]Copycat
|-sidestart|p2: CleanerThanRotom-W|move: Stealth Rock
|
|-heal|p1a: Blissey|649\/665|[from] item: Leftovers
|turn|10
|c| Appreciation|lel
|
|switch|p2a: Forretress|Forretress, M|337\/354
|-damage|p2a: Forretress|293\/354|[from] Stealth Rock
|move|p1a: Blissey|Seismic Toss|p2a: Forretress
|-damage|p2a: Forretress|193\/354
|
|-heal|p1a: Blissey|665\/665|[from] item: Leftovers
|-heal|p2a: Forretress|215\/354|[from] item: Leftovers
|turn|11
|
|move|p1a: Blissey|Seismic Toss|p2a: Forretress
|-damage|p2a: Forretress|115\/354
|move|p2a: Forretress|Rapid Spin|p1a: Blissey
|-damage|p1a: Blissey|643\/665
|-sideend|p2: CleanerThanRotom-W|Toxic Spikes|[from] move: Rapid Spin|[of] p2a: Forretress
|-sideend|p2: CleanerThanRotom-W|Stealth Rock|[from] move: Rapid Spin|[of] p2a: Forretress
|
|-heal|p1a: Blissey|665\/665|[from] item: Leftovers
|-heal|p2a: Forretress|137\/354|[from] item: Leftovers
|turn|12
|
|switch|p2a: Alomomola|Alomomola, M|534\/534
|move|p1a: Blissey|Copycat|p1a: Blissey
|move|p1a: Blissey|Rapid Spin|p2a: Alomomola|[from]Copycat
|-damage|p2a: Alomomola|530\/534
|-sideend|p1: Frizzle my nizzle|Toxic Spikes|[from] move: Rapid Spin|[of] p1a: Blissey
|-sideend|p1: Frizzle my nizzle|Stealth Rock|[from] move: Rapid Spin|[of] p1a: Blissey
|
|-heal|p2a: Alomomola|534\/534|[from] item: Leftovers
|turn|13
|
|switch|p1a: Sigilyph|Sigilyph, F|286\/286
|move|p2a: Alomomola|Wish|p2a: Alomomola
|
|turn|14
|
|switch|p2a: Ampharos|Ampharos-Mega, F|384\/384
|-ability|p2a: Ampharos|Mold Breaker
|move|p1a: Sigilyph|Air Slash|p2a: Ampharos
|-resisted|p2a: Ampharos
|-damage|p2a: Ampharos|348\/384
|
|-heal|p2a: Ampharos|384\/384|[from] move: Wish|[wisher] Alomomola
|turn|15
|
|switch|p1a: Steelix|Steelix-Mega, M|300\/300
|move|p2a: Ampharos|Volt Switch|p1a: Steelix
|-immune|p1a: Steelix|[msg]
|
|turn|16
|
|move|p2a: Ampharos|Volt Switch|p1a: Steelix
|-immune|p1a: Steelix|[msg]
|move|p1a: Steelix|Earthquake|p2a: Ampharos
|-supereffective|p2a: Ampharos
|-damage|p2a: Ampharos|34\/384
|
|turn|17
|-message|CleanerThanRotom-W forfeited.
|leave|CleanerThanRotom-W
|
|switch|p2a: Alomomola|Alomomola, M|534\/534
|move|p1a: Steelix|Heavy Slam|p2a: Alomomola
|-resisted|p2a: Alomomola
|-damage|p2a: Alomomola|441\/534
|
|-heal|p2a: Alomomola|474\/534|[from] item: Leftovers
|turn|18
|leave|Appreciation
|
|win|Frizzle my nizzle
|raw|Ladder updating...
|raw|Frizzle my nizzle's rating: 1412 &rarr; <strong>1435<\/strong><br \/>(+23 for winning)
|raw|CleanerThanRotom-W's rating: 1474 &rarr; <strong>1450<\/strong><br \/>(-24 for losing)