|join|Heisenberg94
|join|Chomsky
|player|p1|Heisenberg94|170
|player|p2|Chomsky|137
|gametype|singles
|gen|6
|tier|UU
|rated
|rule|Sleep Clause Mod: Limit one foe put to sleep
|rule|Species Clause: Limit one of each PokÃ©mon
|rule|OHKO Clause: OHKO moves are banned
|rule|Moody Clause: Moody is banned
|rule|Evasion Moves Clause: Evasion moves are banned
|rule|Endless Battle Clause: Forcing endless battles is banned
|rule|HP Percentage Mod: HP is shown in percentages
|clearpoke
|poke|p1|Sharpedo, M
|poke|p1|Chesnaught, F
|poke|p1|Arcanine, M
|poke|p1|Vaporeon, F
|poke|p1|Rotom-Heat
|poke|p1|Flygon, M, shiny
|poke|p2|Aromatisse, M
|poke|p2|Aggron, M
|poke|p2|Tentacruel, M
|poke|p2|Zygarde
|poke|p2|Empoleon, M
|poke|p2|Chesnaught, F
|rule|Swagger Clause: Swagger is banned
|rule|Baton Pass Clause: Limit one PokÃ©mon knowing Baton Pass
|teampreview
|
|start
|switch|p1a: Chesnaught|Chesnaught, F|380\/380
|switch|p2a: Aggron|Aggron, M|344\/344
|turn|1
|
|detailschange|p2a: Aggron|Aggron-Mega, M
|message|Aggron has Mega Evolved into Mega Aggron!
|move|p1a: Chesnaught|Leech Seed|p2a: Aggron
|-start|p2a: Aggron|move: Leech Seed
|move|p2a: Aggron|Stealth Rock|p1a: Chesnaught
|-sidestart|p1: Heisenberg94|move: Stealth Rock
|
|-damage|p2a: Aggron|301\/344|[from] Leech Seed|[of] p1a: Chesnaught
|turn|2
|
|switch|p2a: Chesnaught|Chesnaught, F|380\/380
|move|p1a: Chesnaught|Spikes|p2a: Chesnaught
|-sidestart|p2: Chomsky|Spikes
|
|turn|3
|
|move|p1a: Chesnaught|Spikes|p2a: Chesnaught
|-sidestart|p2: Chomsky|Spikes
|move|p2a: Chesnaught|Spikes|p1a: Chesnaught
|-sidestart|p1: Heisenberg94|Spikes
|
|turn|4
|
|move|p1a: Chesnaught|Spikes|p2a: Chesnaught
|-sidestart|p2: Chomsky|Spikes
|move|p2a: Chesnaught|Spikes|p1a: Chesnaught
|-sidestart|p1: Heisenberg94|Spikes
|
|turn|5
|
|move|p1a: Chesnaught|Spiky Shield|p1a: Chesnaught
|-singleturn|p1a: Chesnaught|move: Protect
|move|p2a: Chesnaught|Spikes|p1a: Chesnaught
|-sidestart|p1: Heisenberg94|Spikes
|
|turn|6
|
|switch|p1a: Rotom-Heat|Rotom-Heat|241\/241
|-damage|p1a: Rotom-Heat|181\/241|[from] Stealth Rock
|move|p2a: Chesnaught|Roar|p1a: Rotom-Heat
|drag|p1a: Arcanine|Arcanine, M|384\/384
|-damage|p1a: Arcanine|288\/384|[from] Spikes
|-damage|p1a: Arcanine|192\/384|[from] Stealth Rock
|-ability|p1a: Arcanine|Intimidate|[of] p2a: Chesnaught
|-unboost|p2a: Chesnaught|atk|1
|
|-heal|p1a: Arcanine|216\/384|[from] item: Leftovers
|turn|7
|
|move|p1a: Arcanine|Will-O-Wisp|p2a: Chesnaught
|-status|p2a: Chesnaught|brn
|move|p2a: Chesnaught|Roar|p1a: Arcanine
|drag|p1a: Flygon|Flygon, M, shiny|301\/301
|-damage|p1a: Flygon|283\/301|[from] Stealth Rock
|
|-damage|p2a: Chesnaught|333\/380 brn|[from] brn
|turn|8
|
|move|p1a: Flygon|Earthquake|p2a: Chesnaught
|-resisted|p2a: Chesnaught
|-damage|p2a: Chesnaught|262\/380 brn
|move|p2a: Chesnaught|Roar|p1a: Flygon
|drag|p1a: Rotom-Heat|Rotom-Heat|181\/241
|-damage|p1a: Rotom-Heat|121\/241|[from] Stealth Rock
|
|-heal|p2a: Chesnaught|285\/380 brn|[from] item: Leftovers
|-damage|p2a: Chesnaught|238\/380 brn|[from] brn
|turn|9
|
|switch|p2a: Tentacruel|Tentacruel, M|362\/362
|-damage|p2a: Tentacruel|272\/362|[from] Spikes
|move|p1a: Rotom-Heat|Overheat|p2a: Tentacruel
|-resisted|p2a: Tentacruel
|-damage|p2a: Tentacruel|170\/362
|-unboost|p1a: Rotom-Heat|spa|2
|
|-heal|p2a: Tentacruel|192\/362|[from] item: Black Sludge
|turn|10
|
|switch|p1a: Chesnaught|Chesnaught, F|380\/380
|-damage|p1a: Chesnaught|357\/380|[from] Stealth Rock
|-damage|p1a: Chesnaught|262\/380|[from] Spikes
|move|p2a: Tentacruel|Rapid Spin|p1a: Chesnaught
|-damage|p1a: Chesnaught|254\/380
|-damage|p2a: Tentacruel|132\/362|[from] item: Rocky Helmet|[of] p1a: Chesnaught
|-sideend|p2: Chomsky|Spikes|[from] move: Rapid Spin|[of] p2a: Tentacruel
|
|-heal|p2a: Tentacruel|154\/362|[from] item: Black Sludge
|turn|11
|
|move|p2a: Tentacruel|Toxic Spikes|p1a: Chesnaught
|-sidestart|p1: Heisenberg94|move: Toxic Spikes
|move|p1a: Chesnaught|Wood Hammer|p2a: Tentacruel
|-damage|p2a: Tentacruel|19\/362
|-damage|p1a: Chesnaught|209\/380|[from] recoil|[of] p2a: Tentacruel
|
|-heal|p2a: Tentacruel|41\/362|[from] item: Black Sludge
|turn|12
|
|move|p2a: Tentacruel|Toxic Spikes|p1a: Chesnaught
|-sidestart|p1: Heisenberg94|move: Toxic Spikes
|move|p1a: Chesnaught|Wood Hammer|p2a: Tentacruel
|-damage|p2a: Tentacruel|0 fnt
|-damage|p1a: Chesnaught|195\/380|[from] recoil|[of] p2a: Tentacruel
|faint|p2a: Tentacruel
|
|
|switch|p2a: Empoleon|Empoleon, M|372\/372
|turn|13
|
|move|p1a: Chesnaught|Leech Seed|p2a: Empoleon
|-start|p2a: Empoleon|move: Leech Seed
|move|p2a: Empoleon|Ice Beam|p1a: Chesnaught
|-supereffective|p1a: Chesnaught
|-damage|p1a: Chesnaught|0 fnt
|faint|p1a: Chesnaught
|
|
|switch|p1a: Rotom-Heat|Rotom-Heat|121\/241
|-damage|p1a: Rotom-Heat|61\/241|[from] Stealth Rock
|turn|14
|
|switch|p2a: Zygarde|Zygarde|404\/404
|-ability|p2a: Zygarde|Aura Break
|move|p1a: Rotom-Heat|Will-O-Wisp|p2a: Zygarde
|-status|p2a: Zygarde|brn
|
|-damage|p2a: Zygarde|354\/404 brn|[from] brn
|turn|15
|
|switch|p1a: Arcanine|Arcanine, M|216\/384
|-damage|p1a: Arcanine|120\/384|[from] Stealth Rock
|-damage|p1a: Arcanine|24\/384|[from] Spikes
|-status|p1a: Arcanine|tox
|-ability|p1a: Arcanine|Intimidate|[of] p2a: Zygarde
|-unboost|p2a: Zygarde|atk|1
|switch|p2a: Empoleon|Empoleon, M|372\/372
|
|-heal|p1a: Arcanine|48\/384 tox|[from] item: Leftovers
|-damage|p1a: Arcanine|24\/384 tox|[from] psn
|turn|16
|
|move|p1a: Arcanine|Snarl|p2a: Empoleon
|-damage|p2a: Empoleon|330\/372
|-unboost|p2a: Empoleon|spa|1
|move|p2a: Empoleon|Flash Cannon|p1a: Arcanine
|-resisted|p1a: Arcanine
|-damage|p1a: Arcanine|0 fnt
|faint|p1a: Arcanine
|
|
|switch|p1a: Flygon|Flygon, M, shiny|283\/301
|-damage|p1a: Flygon|265\/301|[from] Stealth Rock
|turn|17
|
|switch|p2a: Aromatisse|Aromatisse, M|406\/406
|move|p1a: Flygon|Earthquake|p2a: Aromatisse
|-damage|p2a: Aromatisse|222\/406
|
|-heal|p2a: Aromatisse|247\/406|[from] item: Leftovers
|turn|18
|
|move|p1a: Flygon|Earthquake|p2a: Aromatisse
|-damage|p2a: Aromatisse|43\/406
|move|p2a: Aromatisse|Wish|p2a: Aromatisse
|
|-heal|p2a: Aromatisse|68\/406|[from] item: Leftovers
|turn|19
|
|move|p2a: Aromatisse|Protect|p2a: Aromatisse
|-singleturn|p2a: Aromatisse|Protect
|move|p1a: Flygon|Earthquake|p2a: Aromatisse
|-activate|p2a: Aromatisse|Protect
|
|-heal|p2a: Aromatisse|271\/406|[from] move: Wish|[wisher] Aromatisse
|-heal|p2a: Aromatisse|296\/406|[from] item: Leftovers
|turn|20
|
|move|p1a: Flygon|Earthquake|p2a: Aromatisse
|-damage|p2a: Aromatisse|110\/406
|move|p2a: Aromatisse|Aromatherapy|p2a: Aromatisse
|-cureteam|p2a: Aromatisse|[from] move: Aromatherapy
|
|-heal|p2a: Aromatisse|135\/406|[from] item: Leftovers
|turn|21
|
|switch|p1a: Vaporeon|Vaporeon, F|464\/464
|-status|p1a: Vaporeon|tox
|-damage|p1a: Vaporeon|406\/464 tox|[from] Stealth Rock
|-damage|p1a: Vaporeon|290\/464 tox|[from] Spikes
|switch|p2a: Chesnaught|Chesnaught, F|238\/380
|
|-heal|p1a: Vaporeon|319\/464 tox|[from] item: Leftovers
|-heal|p2a: Chesnaught|261\/380|[from] item: Leftovers
|-damage|p1a: Vaporeon|290\/464 tox|[from] psn
|turn|22
|
|move|p1a: Vaporeon|Toxic|p2a: Chesnaught
|-status|p2a: Chesnaught|tox
|move|p2a: Chesnaught|Roar|p1a: Vaporeon
|drag|p1a: Rotom-Heat|Rotom-Heat|61\/241
|-damage|p1a: Rotom-Heat|1\/241|[from] Stealth Rock
|
|-heal|p2a: Chesnaught|284\/380 tox|[from] item: Leftovers
|-damage|p2a: Chesnaught|261\/380 tox|[from] psn
|turn|23
|
|move|p1a: Rotom-Heat|Will-O-Wisp|p2a: Chesnaught|[miss]
|-miss|p1a: Rotom-Heat|p2a: Chesnaught
|move|p2a: Chesnaught|Drain Punch|p1a: Rotom-Heat
|-damage|p1a: Rotom-Heat|0 fnt
|-heal|p2a: Chesnaught|262\/380 tox|[from] drain|[of] p1a: Rotom-Heat
|faint|p1a: Rotom-Heat
|
|-heal|p2a: Chesnaught|285\/380 tox|[from] item: Leftovers
|-damage|p2a: Chesnaught|239\/380 tox|[from] psn
|
|switch|p1a: Vaporeon|Vaporeon, F|290\/464 tox
|-damage|p1a: Vaporeon|232\/464 tox|[from] Stealth Rock
|-damage|p1a: Vaporeon|116\/464 tox|[from] Spikes
|turn|24
|
|move|p1a: Vaporeon|Wish|p1a: Vaporeon
|move|p2a: Chesnaught|Drain Punch|p1a: Vaporeon
|-damage|p1a: Vaporeon|0 fnt
|-heal|p2a: Chesnaught|297\/380 tox|[from] drain|[of] p1a: Vaporeon
|faint|p1a: Vaporeon
|
|-heal|p2a: Chesnaught|320\/380 tox|[from] item: Leftovers
|-damage|p2a: Chesnaught|251\/380 tox|[from] psn
|
|switch|p1a: Finisher|Sharpedo, M|281\/281
|-damage|p1a: Finisher|246\/281|[from] Stealth Rock
|-status|p1a: Finisher|tox
|-damage|p1a: Finisher|176\/281 tox|[from] Spikes
|turn|25
|
|move|p1a: Finisher|Protect|p1a: Finisher
|-singleturn|p1a: Finisher|Protect
|move|p2a: Chesnaught|Drain Punch|p1a: Finisher
|-activate|p1a: Finisher|Protect
|
|-heal|p1a: Finisher|281\/281 tox|[from] move: Wish|[wisher] Vaporeon
|-heal|p2a: Chesnaught|274\/380 tox|[from] item: Leftovers
|-damage|p1a: Finisher|264\/281 tox|[from] psn
|-damage|p2a: Chesnaught|182\/380 tox|[from] psn
|-boost|p1a: Finisher|spe|1|[from] ability: Speed Boost
|turn|26
|
|detailschange|p1a: Finisher|Sharpedo-Mega, M
|message|Sharpedo has Mega Evolved into Mega Sharpedo!
|move|p1a: Finisher|Ice Fang|p2a: Chesnaught
|-supereffective|p2a: Chesnaught
|-damage|p2a: Chesnaught|16\/380 tox
|move|p2a: Chesnaught|Drain Punch|p1a: Finisher
|-supereffective|p1a: Finisher
|-damage|p1a: Finisher|6\/281 tox
|-heal|p2a: Chesnaught|145\/380 tox|[from] drain|[of] p1a: Finisher
|
|-heal|p2a: Chesnaught|168\/380 tox|[from] item: Leftovers
|-damage|p1a: Finisher|0 fnt|[from] psn
|-damage|p2a: Chesnaught|53\/380 tox|[from] psn
|faint|p1a: Finisher
|
|switch|p1a: Flygon|Flygon, M, shiny|265\/301
|-damage|p1a: Flygon|247\/301|[from] Stealth Rock
|turn|27
|
|move|p1a: Flygon|Earthquake|p2a: Chesnaught
|-crit|p2a: Chesnaught
|-resisted|p2a: Chesnaught
|-damage|p2a: Chesnaught|0 fnt
|faint|p2a: Chesnaught
|
|
|switch|p2a: Zygarde|Zygarde|354\/404
|-ability|p2a: Zygarde|Aura Break
|turn|28
|
|move|p1a: Flygon|Earthquake|p2a: Zygarde
|-damage|p2a: Zygarde|165\/404
|move|p2a: Zygarde|Dragon Tail|p1a: Flygon|[miss]
|-miss|p2a: Zygarde|p1a: Flygon
|
|-heal|p2a: Zygarde|190\/404|[from] item: Leftovers
|turn|29
|
|move|p1a: Flygon|Earthquake|p2a: Zygarde
|-damage|p2a: Zygarde|10\/404
|move|p2a: Zygarde|Dragon Tail|p1a: Flygon
|-supereffective|p1a: Flygon
|-damage|p1a: Flygon|65\/301
|
|-heal|p2a: Zygarde|35\/404|[from] item: Leftovers
|turn|30
|
|move|p1a: Flygon|Earthquake|p2a: Zygarde
|-damage|p2a: Zygarde|0 fnt
|faint|p2a: Zygarde
|
|
|switch|p2a: Aggron|Aggron-Mega, M|301\/344
|turn|31
|
|move|p1a: Flygon|Earthquake|p2a: Aggron
|-supereffective|p2a: Aggron
|-damage|p2a: Aggron|144\/344
|move|p2a: Aggron|Heavy Slam|p1a: Flygon
|-damage|p1a: Flygon|0 fnt
|faint|p1a: Flygon
|
|win|Chomsky
|raw|Ladder updating...
|leave|Heisenberg94
|player|p1
|raw|Heisenberg94's rating: 1122 &rarr; <strong>1092<\/strong><br \/>(-30 for losing)
|raw|Chomsky's rating: 1050 &rarr; <strong>1089<\/strong><br \/>(+39 for winning)
|leave|Chomsky
|player|p2
|join|Chomsky