|join|Heisenberg94
|join|Little TBO
|player|p1|Heisenberg94|266
|player|p2|Little TBO|284
|gametype|singles
|gen|6
|tier|UU
|rated
|rule|Sleep Clause Mod: Limit one foe put to sleep
|rule|Species Clause: Limit one of each PokÃ©mon
|rule|OHKO Clause: OHKO moves are banned
|rule|Moody Clause: Moody is banned
|rule|Evasion Moves Clause: Evasion moves are banned
|rule|Endless Battle Clause: Forcing endless battles is banned
|rule|HP Percentage Mod: HP is shown in percentages
|clearpoke
|poke|p1|Porygon2, shiny
|poke|p1|Crobat, F
|poke|p1|Krookodile, M
|poke|p1|Chandelure, F
|poke|p1|Trevenant, M, shiny
|poke|p1|Honchkrow, F
|poke|p2|Aggron, F
|poke|p2|Vaporeon, M
|poke|p2|Chesnaught, F
|poke|p2|Machamp, M
|poke|p2|Crobat, M
|poke|p2|Hydreigon, F
|rule|Swagger Clause: Swagger is banned
|rule|Baton Pass Clause: Limit one PokÃ©mon knowing Baton Pass
|teampreview
|
|start
|switch|p1a: Moriaty|Krookodile, M|394\/394
|switch|p2a: Aggron|Aggron, F|344\/344
|-ability|p1a: Moriaty|Intimidate|[of] p2a: Aggron
|-unboost|p2a: Aggron|atk|1
|turn|1
|
|detailschange|p2a: Aggron|Aggron-Mega, F
|message|Aggron has Mega Evolved into Mega Aggron!
|move|p1a: Moriaty|Taunt|p2a: Aggron
|-start|p2a: Aggron|move: Taunt
|cant|p2a: Aggron|move: Taunt|Stealth Rock
|
|turn|2
|
|switch|p2a: Crobat|Crobat, M|374\/374
|move|p1a: Moriaty|Stealth Rock|p2a: Crobat
|-sidestart|p2: Little TBO|move: Stealth Rock
|
|turn|3
|
|switch|p1a: ErRoR o.O|Porygon2, shiny|374\/374
|-boost|p1a: ErRoR o.O|spa|1|[from] ability: Download
|move|p2a: Crobat|Defog|p1a: ErRoR o.O
|-unboost|p1a: ErRoR o.O|evasion|1
|-sideend|p2: Little TBO|Stealth Rock|[from] move: Defog|[of] p2a: Crobat
|
|turn|4
|
|move|p2a: Crobat|U-turn|p1a: ErRoR o.O
|-crit|p1a: ErRoR o.O
|-damage|p1a: ErRoR o.O|326\/374
|
|switch|p2a: Machamp|Machamp, M|343\/343
|move|p1a: ErRoR o.O|Thunder Wave|p2a: Machamp
|-status|p2a: Machamp|par
|
|turn|5
|
|move|p1a: ErRoR o.O|Ice Beam|p2a: Machamp
|-damage|p2a: Machamp|206\/343 par
|move|p2a: Machamp|Knock Off|p1a: ErRoR o.O
|-crit|p1a: ErRoR o.O
|-damage|p1a: ErRoR o.O|29\/374
|-enditem|p1a: ErRoR o.O|Eviolite|[from] move: Knock Off|[of] p2a: Machamp
|
|turn|6
|
|move|p1a: ErRoR o.O|Tri Attack|p2a: Machamp
|-damage|p2a: Machamp|40\/343 par
|cant|p2a: Machamp|par
|
|turn|7
|
|move|p1a: ErRoR o.O|Tri Attack|p2a: Machamp
|-damage|p2a: Machamp|0 fnt
|faint|p2a: Machamp
|
|
|switch|p2a: Crobat|Crobat, M|374\/374
|turn|8
|
|switch|p1a: Chandelure|Chandelure, F|261\/261
|move|p2a: Crobat|Brave Bird|p1a: Chandelure
|-damage|p1a: Chandelure|117\/261
|-damage|p2a: Crobat|326\/374|[from] recoil|[of] p1a: Chandelure
|
|-heal|p2a: Crobat|349\/374|[from] item: Black Sludge
|turn|9
|
|switch|p2a: Hydreigon|Hydreigon, F|325\/325
|switch|p1a: Moriaty|Krookodile, M|394\/394
|-ability|p1a: Moriaty|Intimidate|[of] p2a: Hydreigon
|-unboost|p2a: Hydreigon|atk|1
|
|turn|10
|
|move|p2a: Hydreigon|Draco Meteor|p1a: Moriaty
|-damage|p1a: Moriaty|84\/394
|-unboost|p2a: Hydreigon|spa|2
|move|p1a: Moriaty|Stealth Rock|p2a: Hydreigon
|-sidestart|p2: Little TBO|move: Stealth Rock
|
|-heal|p1a: Moriaty|108\/394|[from] item: Leftovers
|turn|11
|
|switch|p1a: Chandelure|Chandelure, F|117\/261
|move|p2a: Hydreigon|Draco Meteor|p1a: Chandelure|[miss]
|-miss|p2a: Hydreigon|p1a: Chandelure
|
|turn|12
|
|move|p2a: Hydreigon|Draco Meteor|p1a: Chandelure
|-damage|p1a: Chandelure|0 fnt
|-unboost|p2a: Hydreigon|spa|2
|faint|p1a: Chandelure
|
|
|switch|p1a: Not Bruce|Crobat, F|311\/311
|turn|13
|
|switch|p2a: Aggron|Aggron-Mega, F|344\/344
|-damage|p2a: Aggron|323\/344|[from] Stealth Rock
|move|p1a: Not Bruce|Nasty Plot|p1a: Not Bruce
|-boost|p1a: Not Bruce|spa|2
|
|turn|14
|
|move|p1a: Not Bruce|Heat Wave|p2a: Aggron
|-crit|p2a: Aggron
|-supereffective|p2a: Aggron
|-damage|p2a: Aggron|0 fnt
|faint|p2a: Aggron
|
|
|switch|p2a: Hydreigon|Hydreigon, F|325\/325
|-damage|p2a: Hydreigon|285\/325|[from] Stealth Rock
|turn|15
|
|move|p2a: Hydreigon|Draco Meteor|p1a: Not Bruce
|-damage|p1a: Not Bruce|25\/311
|-unboost|p2a: Hydreigon|spa|2
|move|p1a: Not Bruce|Sludge Bomb|p2a: Hydreigon
|-damage|p2a: Hydreigon|35\/325
|
|-heal|p1a: Not Bruce|44\/311|[from] item: Black Sludge
|turn|16
|
|move|p2a: Hydreigon|Draco Meteor|p1a: Not Bruce
|-damage|p1a: Not Bruce|0 fnt
|-unboost|p2a: Hydreigon|spa|2
|faint|p1a: Not Bruce
|
|
|switch|p1a: Sherlock|Honchkrow, F|341\/341
|turn|17
|
|move|p2a: Hydreigon|Draco Meteor|p1a: Sherlock
|-damage|p1a: Sherlock|217\/341
|-unboost|p2a: Hydreigon|spa|2
|move|p1a: Sherlock|Brave Bird|p2a: Hydreigon
|-damage|p2a: Hydreigon|0 fnt
|-damage|p1a: Sherlock|205\/341|[from] recoil|[of] p2a: Hydreigon
|-damage|p1a: Sherlock|171\/341|[from] item: Life Orb
|faint|p2a: Hydreigon
|-boost|p1a: Sherlock|atk|1|[from] ability: Moxie
|
|
|switch|p2a: Chesnaught|Chesnaught, F|379\/379
|-damage|p2a: Chesnaught|356\/379|[from] Stealth Rock
|turn|18
|
|move|p1a: Sherlock|Heat Wave|p2a: Chesnaught
|-supereffective|p2a: Chesnaught
|-damage|p2a: Chesnaught|104\/379
|-damage|p1a: Sherlock|137\/341|[from] item: Life Orb
|move|p2a: Chesnaught|Hammer Arm|p1a: Sherlock
|-damage|p1a: Sherlock|0 fnt
|-unboost|p2a: Chesnaught|spe|1
|faint|p1a: Sherlock
|
|
|switch|p1a: Brobork|Trevenant, M, shiny|371\/371
|turn|19
|
|switch|p2a: Crobat|Crobat, M|349\/374
|-damage|p2a: Crobat|256\/374|[from] Stealth Rock
|move|p1a: Brobork|Will-O-Wisp|p2a: Crobat
|-status|p2a: Crobat|brn
|
|-heal|p2a: Crobat|279\/374 brn|[from] item: Black Sludge
|-damage|p2a: Crobat|233\/374 brn|[from] brn
|turn|20
|
|move|p2a: Crobat|Defog|p1a: Brobork
|-unboost|p1a: Brobork|evasion|1
|-sideend|p2: Little TBO|Stealth Rock|[from] move: Defog|[of] p2a: Crobat
|move|p1a: Brobork|Leech Seed|p2a: Crobat
|-start|p2a: Crobat|move: Leech Seed
|
|-heal|p2a: Crobat|256\/374 brn|[from] item: Black Sludge
|-damage|p2a: Crobat|210\/374 brn|[from] Leech Seed|[of] p1a: Brobork
|-damage|p2a: Crobat|164\/374 brn|[from] brn
|turn|21
|
|move|p2a: Crobat|U-turn|p1a: Brobork
|-damage|p1a: Brobork|346\/371
|
|switch|p2a: Vaporeon|Vaporeon, M|464\/464
|move|p1a: Brobork|Phantom Force|p2a: Vaporeon|[still]
|-prepare|p1a: Brobork|Phantom Force|p2a: Vaporeon
|
|turn|22
|
|move|p2a: Vaporeon|Heal Bell|p2a: Vaporeon
|-cureteam|p2a: Vaporeon|[from] move: HealBell
|move|p1a: Brobork|Phantom Force|p2a: Vaporeon
|-damage|p2a: Vaporeon|346\/464
|
|-heal|p2a: Vaporeon|375\/464|[from] item: Leftovers
|turn|23
|
|move|p2a: Vaporeon|Protect|p2a: Vaporeon
|-singleturn|p2a: Vaporeon|Protect
|move|p1a: Brobork|Will-O-Wisp|p2a: Vaporeon
|-activate|p2a: Vaporeon|Protect
|
|-heal|p2a: Vaporeon|404\/464|[from] item: Leftovers
|turn|24
|
|move|p2a: Vaporeon|Wish|p2a: Vaporeon
|move|p1a: Brobork|Horn Leech|p2a: Vaporeon
|-crit|p2a: Vaporeon
|-supereffective|p2a: Vaporeon
|-damage|p2a: Vaporeon|138\/464
|-heal|p1a: Brobork|371\/371|[from] drain|[of] p2a: Vaporeon
|
|-heal|p2a: Vaporeon|167\/464|[from] item: Leftovers
|turn|25
|
|move|p2a: Vaporeon|Protect|p2a: Vaporeon
|-singleturn|p2a: Vaporeon|Protect
|move|p1a: Brobork|Phantom Force|p2a: Vaporeon|[still]
|-prepare|p1a: Brobork|Phantom Force|p2a: Vaporeon
|
|-heal|p2a: Vaporeon|399\/464|[from] move: Wish|[wisher] Vaporeon
|-heal|p2a: Vaporeon|428\/464|[from] item: Leftovers
|turn|26
|
|move|p2a: Vaporeon|Wish|p2a: Vaporeon
|move|p1a: Brobork|Phantom Force|p2a: Vaporeon
|-damage|p2a: Vaporeon|313\/464
|
|-heal|p2a: Vaporeon|342\/464|[from] item: Leftovers
|turn|27
|
|move|p2a: Vaporeon|Scald|p1a: Brobork
|-resisted|p1a: Brobork
|-damage|p1a: Brobork|314\/371
|-status|p1a: Brobork|brn
|move|p1a: Brobork|Horn Leech|p2a: Vaporeon
|-supereffective|p2a: Vaporeon
|-damage|p2a: Vaporeon|240\/464
|-heal|p1a: Brobork|365\/371 brn|[from] drain|[of] p2a: Vaporeon
|
|-heal|p2a: Vaporeon|464\/464|[from] move: Wish|[wisher] Vaporeon
|-damage|p1a: Brobork|319\/371 brn|[from] brn
|turn|28
|
|move|p2a: Vaporeon|Wish|p2a: Vaporeon
|move|p1a: Brobork|Will-O-Wisp|p2a: Vaporeon
|-status|p2a: Vaporeon|brn
|
|-damage|p2a: Vaporeon|406\/464 brn|[from] brn
|-damage|p1a: Brobork|273\/371 brn|[from] brn
|turn|29
|
|switch|p2a: Crobat|Crobat, M|164\/374
|move|p1a: Brobork|Leech Seed|p2a: Crobat
|-start|p2a: Crobat|move: Leech Seed
|
|-heal|p2a: Crobat|374\/374|[from] move: Wish|[wisher] Vaporeon
|-damage|p2a: Crobat|328\/374|[from] Leech Seed|[of] p1a: Brobork
|-heal|p1a: Brobork|319\/371 brn|[silent]
|-damage|p1a: Brobork|273\/371 brn|[from] brn
|turn|30
|
|move|p2a: Crobat|Brave Bird|p1a: Brobork
|-crit|p1a: Brobork
|-supereffective|p1a: Brobork
|-damage|p1a: Brobork|0 fnt
|-damage|p2a: Crobat|238\/374|[from] recoil|[of] p1a: Brobork
|faint|p1a: Brobork
|
|-heal|p2a: Crobat|261\/374|[from] item: Black Sludge
|
|switch|p1a: Moriaty|Krookodile, M|108\/394
|-ability|p1a: Moriaty|Intimidate|[of] p2a: Crobat
|-unboost|p2a: Crobat|atk|1
|turn|31
|
|move|p2a: Crobat|U-turn|p1a: Moriaty
|-supereffective|p1a: Moriaty
|-damage|p1a: Moriaty|46\/394
|
|switch|p2a: Chesnaught|Chesnaught, F|104\/379
|move|p1a: Moriaty|Knock Off|p2a: Chesnaught
|-resisted|p2a: Chesnaught
|-damage|p2a: Chesnaught|59\/379
|-damage|p1a: Moriaty|0 fnt|[from] item: Rocky Helmet|[of] p2a: Chesnaught
|faint|p1a: Moriaty
|
|
|switch|p1a: ErRoR o.O|Porygon2, shiny|29\/374
|-boost|p1a: ErRoR o.O|spa|1|[from] ability: Download
|turn|32
|
|move|p2a: Chesnaught|Hammer Arm|p1a: ErRoR o.O
|-supereffective|p1a: ErRoR o.O
|-damage|p1a: ErRoR o.O|0 fnt
|-unboost|p2a: Chesnaught|spe|1
|faint|p1a: ErRoR o.O
|
|win|Little TBO
|raw|Ladder updating...
|raw|Heisenberg94's rating: 1373 &rarr; <strong>1353<\/strong><br \/>(-20 for losing)
|raw|Little TBO's rating: 1373 &rarr; <strong>1393<\/strong><br \/>(+20 for winning)
|c|âHeisenberg94|gg
|c|âLittle TBO|gg