|join|Metal Sonic
|join|Heisenberg94
|player|p1|Metal Sonic|102
|player|p2|Heisenberg94|266
|gametype|singles
|gen|6
|tier|UU
|rated
|rule|Sleep Clause Mod: Limit one foe put to sleep
|rule|Species Clause: Limit one of each PokÃ©mon
|rule|OHKO Clause: OHKO moves are banned
|rule|Moody Clause: Moody is banned
|rule|Evasion Moves Clause: Evasion moves are banned
|rule|Endless Battle Clause: Forcing endless battles is banned
|rule|HP Percentage Mod: HP is shown in percentages
|clearpoke
|poke|p1|Zygarde
|poke|p1|Jellicent, F
|poke|p1|Blissey, F
|poke|p1|Aromatisse, F
|poke|p1|Dragalge, F
|poke|p1|Forretress, F
|poke|p2|Sharpedo, F
|poke|p2|Krookodile, F
|poke|p2|Honchkrow, F
|poke|p2|Umbreon, F
|poke|p2|Hydreigon, F
|poke|p2|Drapion, M
|rule|Swagger Clause: Swagger is banned
|rule|Baton Pass Clause: Limit one PokÃ©mon knowing Baton Pass
|teampreview
|
|start
|switch|p1a: Forretress|Forretress, F|354\/354
|switch|p2a: Krookodile|Krookodile, F|394\/394
|-ability|p2a: Krookodile|Intimidate|[of] p1a: Forretress
|-unboost|p1a: Forretress|atk|1
|turn|1
|
|move|p2a: Krookodile|Taunt|p1a: Forretress
|-start|p1a: Forretress|move: Taunt
|cant|p1a: Forretress|move: Taunt|Toxic
|
|turn|2
|
|switch|p1a: Aromatisse|Aromatisse, F|406\/406
|move|p2a: Krookodile|Stealth Rock|p1a: Aromatisse
|-sidestart|p1: Metal Sonic|move: Stealth Rock
|
|turn|3
|
|move|p2a: Krookodile|Taunt|p1a: Aromatisse
|-fail|p1a: Aromatisse
|move|p1a: Aromatisse|Moonblast|p2a: Krookodile
|-supereffective|p2a: Krookodile
|-damage|p2a: Krookodile|86\/394
|-unboost|p2a: Krookodile|spa|1
|
|-heal|p2a: Krookodile|110\/394|[from] item: Leftovers
|turn|4
|
|switch|p2a: Drapion|Drapion, M|343\/343
|move|p1a: Aromatisse|Moonblast|p2a: Drapion
|-damage|p2a: Drapion|208\/343
|-unboost|p2a: Drapion|spa|1
|
|-heal|p2a: Drapion|229\/343|[from] item: Black Sludge
|turn|5
|
|switch|p1a: Forretress|Forretress, F|354\/354
|-damage|p1a: Forretress|310\/354|[from] Stealth Rock
|move|p2a: Drapion|Poison Jab|p1a: Forretress
|-immune|p1a: Forretress|[msg]
|
|-heal|p2a: Drapion|250\/343|[from] item: Black Sludge
|-heal|p1a: Forretress|332\/354|[from] item: Leftovers
|turn|6
|
|move|p2a: Drapion|Swords Dance|p2a: Drapion
|-boost|p2a: Drapion|atk|2
|move|p1a: Forretress|Rapid Spin|p2a: Drapion
|-damage|p2a: Drapion|240\/343
|-sideend|p1: Metal Sonic|Stealth Rock|[from] move: Rapid Spin|[of] p1a: Forretress
|
|-heal|p2a: Drapion|261\/343|[from] item: Black Sludge
|-heal|p1a: Forretress|354\/354|[from] item: Leftovers
|turn|7
|
|move|p2a: Drapion|Swords Dance|p2a: Drapion
|-boost|p2a: Drapion|atk|2
|move|p1a: Forretress|Volt Switch|p2a: Drapion
|-damage|p2a: Drapion|218\/343
|
|switch|p1a: Zygarde|Zygarde|419\/419
|-ability|p1a: Zygarde|Aura Break
|
|-heal|p2a: Drapion|239\/343|[from] item: Black Sludge
|turn|8
|
|move|p2a: Drapion|Knock Off|p1a: Zygarde
|-damage|p1a: Zygarde|160\/419
|-enditem|p1a: Zygarde|Leftovers|[from] move: Knock Off|[of] p2a: Drapion
|move|p1a: Zygarde|Earthquake|p2a: Drapion
|-supereffective|p2a: Drapion
|-damage|p2a: Drapion|71\/343
|
|-heal|p2a: Drapion|92\/343|[from] item: Black Sludge
|turn|9
|
|switch|p2a: Krookodile|Krookodile, F|110\/394
|-ability|p2a: Krookodile|Intimidate|[of] p1a: Zygarde
|-unboost|p1a: Zygarde|atk|1
|switch|p1a: Forretress|Forretress, F|354\/354
|
|-heal|p2a: Krookodile|134\/394|[from] item: Leftovers
|turn|10
|
|switch|p1a: Aromatisse|Aromatisse, F|406\/406
|move|p2a: Krookodile|Taunt|p1a: Aromatisse
|-fail|p1a: Aromatisse
|
|-heal|p2a: Krookodile|158\/394|[from] item: Leftovers
|turn|11
|
|switch|p2a: Drapion|Drapion, M|92\/343
|move|p1a: Aromatisse|Wish|p1a: Aromatisse
|
|-heal|p2a: Drapion|113\/343|[from] item: Black Sludge
|turn|12
|
|switch|p1a: Zygarde|Zygarde|160\/419
|-ability|p1a: Zygarde|Aura Break
|move|p2a: Drapion|Poison Jab|p1a: Zygarde
|-resisted|p1a: Zygarde
|-damage|p1a: Zygarde|121\/419
|
|-heal|p1a: Zygarde|324\/419|[from] move: Wish|[wisher] Aromatisse
|-heal|p2a: Drapion|134\/343|[from] item: Black Sludge
|turn|13
|
|switch|p2a: Krookodile|Krookodile, F|158\/394
|-ability|p2a: Krookodile|Intimidate|[of] p1a: Zygarde
|-unboost|p1a: Zygarde|atk|1
|move|p1a: Zygarde|Substitute|p1a: Zygarde
|-start|p1a: Zygarde|Substitute
|-damage|p1a: Zygarde|220\/419
|
|-heal|p2a: Krookodile|182\/394|[from] item: Leftovers
|turn|14
|
|move|p1a: Zygarde|Coil|p1a: Zygarde
|-boost|p1a: Zygarde|atk|1
|-boost|p1a: Zygarde|def|1
|-boost|p1a: Zygarde|accuracy|1
|move|p2a: Krookodile|Stealth Rock|p1a: Zygarde
|-sidestart|p1: Metal Sonic|move: Stealth Rock
|
|-heal|p2a: Krookodile|206\/394|[from] item: Leftovers
|turn|15
|
|move|p1a: Zygarde|Coil|p1a: Zygarde
|-boost|p1a: Zygarde|atk|1
|-boost|p1a: Zygarde|def|1
|-boost|p1a: Zygarde|accuracy|1
|move|p2a: Krookodile|Earthquake|p1a: Zygarde
|-activate|p1a: Zygarde|Substitute|[damage]
|
|-heal|p2a: Krookodile|230\/394|[from] item: Leftovers
|turn|16
|
|move|p1a: Zygarde|Coil|p1a: Zygarde
|-boost|p1a: Zygarde|atk|1
|-boost|p1a: Zygarde|def|1
|-boost|p1a: Zygarde|accuracy|1
|move|p2a: Krookodile|Earthquake|p1a: Zygarde
|-end|p1a: Zygarde|Substitute
|
|-heal|p2a: Krookodile|254\/394|[from] item: Leftovers
|turn|17
|
|switch|p2a: Hydreigon|Hydreigon, F|325\/325
|move|p1a: Zygarde|Substitute|p1a: Zygarde
|-start|p1a: Zygarde|Substitute
|-damage|p1a: Zygarde|116\/419
|
|turn|18
|
|move|p2a: Hydreigon|Dark Pulse|p1a: Zygarde
|-end|p1a: Zygarde|Substitute
|move|p1a: Zygarde|Dragon Tail|p2a: Hydreigon
|-supereffective|p2a: Hydreigon
|-damage|p2a: Hydreigon|0 fnt
|faint|p2a: Hydreigon
|
|
|switch|p2a: Sharpedo|Sharpedo, F|281\/281
|turn|19
|
|move|p2a: Sharpedo|Ice Fang|p1a: Zygarde|[miss]
|-miss|p2a: Sharpedo|p1a: Zygarde
|move|p1a: Zygarde|Substitute|p1a: Zygarde
|-start|p1a: Zygarde|Substitute
|-damage|p1a: Zygarde|12\/419
|
|-boost|p2a: Sharpedo|spe|1|[from] ability: Speed Boost
|turn|20
|
|move|p2a: Sharpedo|Waterfall|p1a: Zygarde
|-activate|p1a: Zygarde|Substitute|[damage]
|move|p1a: Zygarde|Dragon Tail|p2a: Sharpedo
|-damage|p2a: Sharpedo|0 fnt
|faint|p2a: Sharpedo
|
|
|switch|p2a: Krookodile|Krookodile, F|254\/394
|-activate|p1a: Zygarde|Substitute|ability: Intimidate|[of] p2a: Krookodile
|turn|21
|
|move|p1a: Zygarde|Earthquake|p2a: Krookodile
|-damage|p2a: Krookodile|58\/394
|move|p2a: Krookodile|Earthquake|p1a: Zygarde
|-activate|p1a: Zygarde|Substitute|[damage]
|
|-heal|p2a: Krookodile|82\/394|[from] item: Leftovers
|turn|22
|c|âMetal Sonic|okay
|
|move|p1a: Zygarde|Earthquake|p2a: Krookodile
|-damage|p2a: Krookodile|0 fnt
|faint|p2a: Krookodile
|
|
|switch|p2a: Umbreon|Umbreon, F|394\/394
|turn|23
|
|move|p2a: Umbreon|Foul Play|p1a: Zygarde
|-end|p1a: Zygarde|Substitute
|move|p1a: Zygarde|Dragon Tail|p2a: Umbreon
|-damage|p2a: Umbreon|253\/394
|drag|p2a: Drapion|Drapion, M|134\/343
|
|-heal|p2a: Drapion|155\/343|[from] item: Black Sludge
|turn|24
|
|move|p2a: Drapion|Knock Off|p1a: Zygarde
|-damage|p1a: Zygarde|0 fnt
|faint|p1a: Zygarde
|
|-heal|p2a: Drapion|176\/343|[from] item: Black Sludge
|
|switch|p1a: Dragalge|Dragalge, F|334\/334
|-damage|p1a: Dragalge|293\/334|[from] Stealth Rock
|turn|25
|
|move|p2a: Drapion|Earthquake|p1a: Dragalge
|-supereffective|p1a: Dragalge
|-damage|p1a: Dragalge|145\/334
|move|p1a: Dragalge|Draco Meteor|p2a: Drapion
|-damage|p2a: Drapion|0 fnt
|-unboost|p1a: Dragalge|spa|2
|faint|p2a: Drapion
|
|-heal|p1a: Dragalge|165\/334|[from] item: Black Sludge
|
|switch|p2a: Honchkrow|Honchkrow, F|341\/341
|turn|26
|
|move|p2a: Honchkrow|Pursuit|p1a: Dragalge|[from]Pursuit
|-damage|p1a: Dragalge|0 fnt
|-damage|p2a: Honchkrow|307\/341|[from] item: Life Orb
|faint|p1a: Dragalge
|-boost|p2a: Honchkrow|atk|1|[from] ability: Moxie
|
|
|switch|p1a: Forretress|Forretress, F|354\/354
|-damage|p1a: Forretress|310\/354|[from] Stealth Rock
|turn|27
|
|move|p2a: Honchkrow|Heat Wave|p1a: Forretress
|-supereffective|p1a: Forretress
|-damage|p1a: Forretress|0 fnt
|-damage|p2a: Honchkrow|273\/341|[from] item: Life Orb
|faint|p1a: Forretress
|-boost|p2a: Honchkrow|atk|1|[from] ability: Moxie
|
|
|switch|p1a: Aromatisse|Aromatisse, F|406\/406
|-damage|p1a: Aromatisse|356\/406|[from] Stealth Rock
|turn|28
|
|move|p2a: Honchkrow|Brave Bird|p1a: Aromatisse
|-damage|p1a: Aromatisse|0 fnt
|-damage|p2a: Honchkrow|156\/341|[from] recoil|[of] p1a: Aromatisse
|-damage|p2a: Honchkrow|122\/341|[from] item: Life Orb
|faint|p1a: Aromatisse
|-boost|p2a: Honchkrow|atk|1|[from] ability: Moxie
|
|
|switch|p1a: Blissey|Blissey, F|714\/714
|-damage|p1a: Blissey|625\/714|[from] Stealth Rock
|turn|29
|
|move|p2a: Honchkrow|Brave Bird|p1a: Blissey
|-damage|p1a: Blissey|0 fnt
|-damage|p2a: Honchkrow|0 fnt|[from] recoil|[of] p1a: Blissey
|faint|p1a: Blissey
|faint|p2a: Honchkrow
|
|
|switch|p2a: Umbreon|Umbreon, F|253\/394
|switch|p1a: Jellicent|Jellicent, F|401\/401
|-damage|p1a: Jellicent|351\/401|[from] Stealth Rock
|turn|30
|
|move|p2a: Umbreon|Wish|p2a: Umbreon
|move|p1a: Jellicent|Taunt|p2a: Umbreon
|-start|p2a: Umbreon|move: Taunt
|
|-heal|p2a: Umbreon|277\/394|[from] item: Leftovers
|-heal|p1a: Jellicent|376\/401|[from] item: Leftovers
|turn|31
|
|move|p2a: Umbreon|Foul Play|p1a: Jellicent
|-supereffective|p1a: Jellicent
|-damage|p1a: Jellicent|202\/401
|move|p1a: Jellicent|Will-O-Wisp|p2a: Umbreon
|-status|p2a: Umbreon|brn
|-status|p1a: Jellicent|brn
|
|-heal|p2a: Umbreon|394\/394 brn|[from] move: Wish|[wisher] Umbreon
|-heal|p1a: Jellicent|227\/401 brn|[from] item: Leftovers
|-damage|p2a: Umbreon|345\/394 brn|[from] brn
|-damage|p1a: Jellicent|177\/401 brn|[from] brn
|turn|32
|c|âMetal Sonic|shit
|
|move|p2a: Umbreon|Foul Play|p1a: Jellicent
|-supereffective|p1a: Jellicent
|-damage|p1a: Jellicent|93\/401 brn
|move|p1a: Jellicent|Recover|p1a: Jellicent
|-heal|p1a: Jellicent|294\/401 brn
|
|-heal|p2a: Umbreon|369\/394 brn|[from] item: Leftovers
|-heal|p1a: Jellicent|319\/401 brn|[from] item: Leftovers
|-damage|p2a: Umbreon|320\/394 brn|[from] brn
|-damage|p1a: Jellicent|269\/401 brn|[from] brn
|turn|33
|c|âMetal Sonic|i forgot about foul play
|
|move|p2a: Umbreon|Foul Play|p1a: Jellicent
|-supereffective|p1a: Jellicent
|-damage|p1a: Jellicent|177\/401 brn
|move|p1a: Jellicent|Recover|p1a: Jellicent
|-heal|p1a: Jellicent|378\/401 brn
|
|-heal|p2a: Umbreon|344\/394 brn|[from] item: Leftovers
|-heal|p1a: Jellicent|401\/401 brn|[from] item: Leftovers
|-damage|p2a: Umbreon|295\/394 brn|[from] brn
|-damage|p1a: Jellicent|351\/401 brn|[from] brn
|-end|p2a: Umbreon|move: Taunt
|turn|34
|
|move|p2a: Umbreon|Heal Bell|p2a: Umbreon
|-cureteam|p2a: Umbreon|[from] move: HealBell
|move|p1a: Jellicent|Taunt|p2a: Umbreon
|-start|p2a: Umbreon|move: Taunt
|
|-heal|p2a: Umbreon|319\/394|[from] item: Leftovers
|-heal|p1a: Jellicent|376\/401 brn|[from] item: Leftovers
|-damage|p1a: Jellicent|326\/401 brn|[from] brn
|turn|35
|
|move|p2a: Umbreon|Foul Play|p1a: Jellicent
|-supereffective|p1a: Jellicent
|-damage|p1a: Jellicent|146\/401 brn
|move|p1a: Jellicent|Will-O-Wisp|p2a: Umbreon|[miss]
|-miss|p1a: Jellicent|p2a: Umbreon
|
|-heal|p2a: Umbreon|343\/394|[from] item: Leftovers
|-heal|p1a: Jellicent|171\/401 brn|[from] item: Leftovers
|-damage|p1a: Jellicent|121\/401 brn|[from] brn
|turn|36
|c|âMetal Sonic|gg
|
|move|p2a: Umbreon|Foul Play|p1a: Jellicent
|-supereffective|p1a: Jellicent
|-damage|p1a: Jellicent|0 fnt
|faint|p1a: Jellicent
|
|win|Heisenberg94
|raw|Ladder updating...
|raw|Metal Sonic's rating: 1466 &rarr; <strong>1435<\/strong><br \/>(-31 for losing)
|raw|Heisenberg94's rating: 1251 &rarr; <strong>1289<\/strong><br \/>(+38 for winning)
|c|âHeisenberg94|gg
|leave|Metal Sonic