|join|Heisenberg94
|join|Amin 123
|player|p1|Heisenberg94|101
|player|p2|Amin 123|78
|gametype|singles
|gen|6
|tier|UU
|rated
|rule|Sleep Clause Mod: Limit one foe put to sleep
|rule|Species Clause: Limit one of each PokÃ©mon
|rule|OHKO Clause: OHKO moves are banned
|rule|Moody Clause: Moody is banned
|rule|Evasion Moves Clause: Evasion moves are banned
|rule|Endless Battle Clause: Forcing endless battles is banned
|rule|HP Percentage Mod: HP is shown in percentages
|clearpoke
|poke|p1|Sharpedo, F
|poke|p1|Krookodile, M
|poke|p1|Honchkrow, M
|poke|p1|Umbreon, F
|poke|p1|Hydreigon, F
|poke|p1|Drapion, F
|poke|p2|Arcanine, F, shiny
|poke|p2|Porygon2
|poke|p2|Slowking, M
|poke|p2|Krookodile, F
|poke|p2|Donphan, F
|poke|p2|Roserade, F
|rule|Swagger Clause: Swagger is banned
|rule|Baton Pass Clause: Limit one PokÃ©mon knowing Baton Pass
|teampreview
|
|start
|switch|p1a: Krookodile|Krookodile, M|394\/394
|switch|p2a: Donphan|Donphan, F|384\/384
|-ability|p1a: Krookodile|Intimidate|[of] p2a: Donphan
|-unboost|p2a: Donphan|atk|1
|turn|1
|
|move|p1a: Krookodile|Taunt|p2a: Donphan
|-start|p2a: Donphan|move: Taunt
|cant|p2a: Donphan|move: Taunt|Stealth Rock
|
|turn|2
|
|move|p1a: Krookodile|Stealth Rock|p2a: Donphan
|-sidestart|p2: Amin 123|move: Stealth Rock
|move|p2a: Donphan|Earthquake|p1a: Krookodile
|-damage|p1a: Krookodile|298\/394
|
|-heal|p1a: Krookodile|322\/394|[from] item: Leftovers
|turn|3
|
|move|p1a: Krookodile|Knock Off|p2a: Donphan
|-damage|p2a: Donphan|261\/384
|-enditem|p2a: Donphan|Leftovers|[from] move: Knock Off|[of] p1a: Krookodile
|move|p2a: Donphan|Rapid Spin|p1a: Krookodile
|-damage|p1a: Krookodile|308\/394
|-sideend|p2: Amin 123|Stealth Rock|[from] move: Rapid Spin|[of] p2a: Donphan
|
|-heal|p1a: Krookodile|332\/394|[from] item: Leftovers
|-end|p2a: Donphan|move: Taunt
|turn|4
|
|move|p1a: Krookodile|Taunt|p2a: Donphan
|-start|p2a: Donphan|move: Taunt
|move|p2a: Donphan|Earthquake|p1a: Krookodile
|-damage|p1a: Krookodile|238\/394
|
|-heal|p1a: Krookodile|262\/394|[from] item: Leftovers
|turn|5
|
|switch|p2a: EvilRose|Roserade, F|261\/261
|move|p1a: Krookodile|Stealth Rock|p2a: EvilRose
|-sidestart|p2: Amin 123|move: Stealth Rock
|
|-heal|p1a: Krookodile|286\/394|[from] item: Leftovers
|turn|6
|
|switch|p1a: Umbreon|Umbreon, F|394\/394
|move|p2a: EvilRose|Magical Leaf|p1a: Umbreon
|-damage|p1a: Umbreon|272\/394
|-damage|p2a: EvilRose|235\/261|[from] item: Life Orb
|
|-heal|p1a: Umbreon|296\/394|[from] item: Leftovers
|turn|7
|
|switch|p2a: Donphan|Donphan, F|261\/384
|-damage|p2a: Donphan|237\/384|[from] Stealth Rock
|move|p1a: Umbreon|Wish|p1a: Umbreon
|
|-heal|p1a: Umbreon|320\/394|[from] item: Leftovers
|turn|8
|
|switch|p1a: Drapion|Drapion, F|343\/343
|move|p2a: Donphan|Stealth Rock|p1a: Drapion
|-sidestart|p1: Heisenberg94|move: Stealth Rock
|
|turn|9
|
|move|p1a: Drapion|Swords Dance|p1a: Drapion
|-boost|p1a: Drapion|atk|2
|move|p2a: Donphan|Rapid Spin|p1a: Drapion
|-damage|p1a: Drapion|325\/343
|-sideend|p2: Amin 123|Stealth Rock|[from] move: Rapid Spin|[of] p2a: Donphan
|
|-heal|p1a: Drapion|343\/343|[from] item: Black Sludge
|turn|10
|
|move|p1a: Drapion|Poison Jab|p2a: Donphan
|-resisted|p2a: Donphan
|-damage|p2a: Donphan|162\/384
|move|p2a: Donphan|Earthquake|p1a: Drapion
|-supereffective|p1a: Drapion
|-damage|p1a: Drapion|73\/343
|
|-heal|p1a: Drapion|94\/343|[from] item: Black Sludge
|turn|11
|
|move|p2a: Donphan|Ice Shard|p1a: Drapion
|-damage|p1a: Drapion|57\/343
|move|p1a: Drapion|Earthquake|p2a: Donphan
|-damage|p2a: Donphan|39\/384
|
|-heal|p1a: Drapion|78\/343|[from] item: Black Sludge
|turn|12
|
|move|p2a: Donphan|Ice Shard|p1a: Drapion
|-damage|p1a: Drapion|39\/343
|move|p1a: Drapion|Earthquake|p2a: Donphan
|-damage|p2a: Donphan|0 fnt
|faint|p2a: Donphan
|
|-heal|p1a: Drapion|60\/343|[from] item: Black Sludge
|
|switch|p2a: CoolCrocodile|Krookodile, F|331\/331
|turn|13
|
|move|p2a: CoolCrocodile|Earthquake|p1a: Drapion
|-supereffective|p1a: Drapion
|-damage|p1a: Drapion|0 fnt
|faint|p1a: Drapion
|-boost|p2a: CoolCrocodile|atk|1|[from] ability: Moxie
|
|
|switch|p1a: Krookodile|Krookodile, M|286\/394
|-damage|p1a: Krookodile|262\/394|[from] Stealth Rock
|-ability|p1a: Krookodile|Intimidate|[of] p2a: CoolCrocodile
|-unboost|p2a: CoolCrocodile|atk|1
|turn|14
|
|move|p2a: CoolCrocodile|Earthquake|p1a: Krookodile
|-damage|p1a: Krookodile|102\/394
|move|p1a: Krookodile|Stealth Rock|p2a: CoolCrocodile
|-sidestart|p2: Amin 123|move: Stealth Rock
|
|-heal|p1a: Krookodile|126\/394|[from] item: Leftovers
|turn|15
|
|switch|p1a: Hydreigon|Hydreigon, F|325\/325
|-damage|p1a: Hydreigon|285\/325|[from] Stealth Rock
|move|p2a: CoolCrocodile|Earthquake|p1a: Hydreigon
|-immune|p1a: Hydreigon|[msg]
|
|turn|16
|
|switch|p2a: MadDuck|Porygon2|373\/373
|-damage|p2a: MadDuck|327\/373|[from] Stealth Rock
|-ability|p2a: MadDuck|Levitate|[from] ability: Trace|[of] p1a: Hydreigon
|move|p1a: Hydreigon|U-turn|p2a: MadDuck
|-damage|p2a: MadDuck|296\/373
|
|switch|p1a: Umbreon|Umbreon, F|320\/394
|-damage|p1a: Umbreon|271\/394|[from] Stealth Rock
|
|-heal|p1a: Umbreon|295\/394|[from] item: Leftovers
|turn|17
|
|move|p1a: Umbreon|Wish|p1a: Umbreon
|move|p2a: MadDuck|Toxic|p1a: Umbreon
|-status|p1a: Umbreon|tox
|-status|p2a: MadDuck|tox
|
|-heal|p1a: Umbreon|319\/394 tox|[from] item: Leftovers
|-damage|p1a: Umbreon|295\/394 tox|[from] psn
|-damage|p2a: MadDuck|273\/373 tox|[from] psn
|turn|18
|
|switch|p1a: Krookodile|Krookodile, M|126\/394
|-damage|p1a: Krookodile|102\/394|[from] Stealth Rock
|-ability|p1a: Krookodile|Intimidate|[of] p2a: MadDuck
|-unboost|p2a: MadDuck|atk|1
|move|p2a: MadDuck|Tri Attack|p1a: Krookodile
|-damage|p1a: Krookodile|0 fnt
|faint|p1a: Krookodile
|
|-damage|p2a: MadDuck|227\/373 tox|[from] psn
|
|switch|p1a: Hydreigon|Hydreigon, F|285\/325
|-damage|p1a: Hydreigon|245\/325|[from] Stealth Rock
|turn|19
|
|move|p1a: Hydreigon|U-turn|p2a: MadDuck
|-damage|p2a: MadDuck|196\/373 tox
|
|switch|p1a: Umbreon|Umbreon, F|295\/394 tox
|-damage|p1a: Umbreon|246\/394 tox|[from] Stealth Rock
|move|p2a: MadDuck|Ice Beam|p1a: Umbreon
|-damage|p1a: Umbreon|203\/394 tox
|
|-heal|p1a: Umbreon|227\/394 tox|[from] item: Leftovers
|-damage|p1a: Umbreon|203\/394 tox|[from] psn
|-damage|p2a: MadDuck|127\/373 tox|[from] psn
|turn|20
|
|move|p1a: Umbreon|Heal Bell|p1a: Umbreon
|-cureteam|p1a: Umbreon|[from] move: HealBell
|move|p2a: MadDuck|Recover|p2a: MadDuck
|-heal|p2a: MadDuck|314\/373 tox
|
|-heal|p1a: Umbreon|227\/394|[from] item: Leftovers
|-damage|p2a: MadDuck|222\/373 tox|[from] psn
|turn|21
|
|switch|p2a: NonArcanine|Arcanine, F, shiny|322\/322
|-damage|p2a: NonArcanine|242\/322|[from] Stealth Rock
|move|p1a: Umbreon|Wish|p1a: Umbreon
|
|-heal|p1a: Umbreon|251\/394|[from] item: Leftovers
|turn|22
|
|move|p2a: NonArcanine|Close Combat|p1a: Umbreon
|-supereffective|p1a: Umbreon
|-damage|p1a: Umbreon|0 fnt
|-unboost|p2a: NonArcanine|def|1
|-unboost|p2a: NonArcanine|spd|1
|faint|p1a: Umbreon
|
|
|switch|p1a: Honchkrow|Honchkrow, M|341\/341
|-damage|p1a: Honchkrow|256\/341|[from] Stealth Rock
|turn|23
|
|move|p1a: Honchkrow|Pursuit|p2a: NonArcanine|[from]Pursuit
|-damage|p2a: NonArcanine|0 fnt
|-damage|p1a: Honchkrow|222\/341|[from] item: Life Orb
|faint|p2a: NonArcanine
|-boost|p1a: Honchkrow|atk|1|[from] ability: Moxie
|
|
|switch|p2a: CoolCrocodile|Krookodile, F|331\/331
|-damage|p2a: CoolCrocodile|311\/331|[from] Stealth Rock
|turn|24
|
|move|p2a: CoolCrocodile|Superpower|p1a: Honchkrow
|-damage|p1a: Honchkrow|0 fnt
|-unboost|p2a: CoolCrocodile|atk|1
|-unboost|p2a: CoolCrocodile|def|1
|faint|p1a: Honchkrow
|-boost|p2a: CoolCrocodile|atk|1|[from] ability: Moxie
|
|
|switch|p1a: Sharpedo|Sharpedo, F|281\/281
|-damage|p1a: Sharpedo|246\/281|[from] Stealth Rock
|turn|25
|
|move|p1a: Sharpedo|Protect|p1a: Sharpedo
|-singleturn|p1a: Sharpedo|Protect
|move|p2a: CoolCrocodile|Superpower|p1a: Sharpedo
|-activate|p1a: Sharpedo|Protect
|
|-boost|p1a: Sharpedo|spe|1|[from] ability: Speed Boost
|turn|26
|
|switch|p2a: MadDuck|Porygon2|222\/373 tox
|-damage|p2a: MadDuck|176\/373 tox|[from] Stealth Rock
|-ability|p2a: MadDuck|Speed Boost|[from] ability: Trace|[of] p1a: Sharpedo
|detailschange|p1a: Sharpedo|Sharpedo-Mega, F
|-mega|p1a: Sharpedo|Sharpedo|Sharpedonite
|move|p1a: Sharpedo|Waterfall|p2a: MadDuck
|-damage|p2a: MadDuck|97\/373 tox
|
|-damage|p2a: MadDuck|74\/373 tox|[from] psn
|turn|27
|
|move|p1a: Sharpedo|Crunch|p2a: MadDuck
|-damage|p2a: MadDuck|0 fnt
|faint|p2a: MadDuck
|
|
|switch|p2a: Slowking|Slowking, M|394\/394
|-damage|p2a: Slowking|345\/394|[from] Stealth Rock
|turn|28
|
|move|p1a: Sharpedo|Crunch|p2a: Slowking
|-supereffective|p2a: Slowking
|-damage|p2a: Slowking|0 fnt
|faint|p2a: Slowking
|
|
|switch|p2a: EvilRose|Roserade, F|235\/261
|-damage|p2a: EvilRose|203\/261|[from] Stealth Rock
|turn|29
|
|move|p1a: Sharpedo|Crunch|p2a: EvilRose
|-damage|p2a: EvilRose|0 fnt
|faint|p2a: EvilRose
|
|c|âAmin 123|gg
|
|switch|p2a: CoolCrocodile|Krookodile, F|311\/331
|-damage|p2a: CoolCrocodile|291\/331|[from] Stealth Rock
|turn|30
|c|âHeisenberg94|gg
|
|move|p1a: Sharpedo|Waterfall|p2a: CoolCrocodile
|-supereffective|p2a: CoolCrocodile
|-damage|p2a: CoolCrocodile|0 fnt
|faint|p2a: CoolCrocodile
|
|win|Heisenberg94
|raw|Ladder updating...
|raw|Heisenberg94's rating: 1195 &rarr; <strong>1216<\/strong><br \/>(+21 for winning)
|raw|Amin 123's rating: 1135 &rarr; <strong>1115<\/strong><br \/>(-20 for losing)