|join|ho tamer 138
|join|Heisenberg94
|player|p1|ho tamer 138|2
|player|p2|Heisenberg94|169
|gametype|singles
|gen|6
|tier|UU
|rated
|rule|Sleep Clause Mod: Limit one foe put to sleep
|rule|Species Clause: Limit one of each PokÃ©mon
|rule|OHKO Clause: OHKO moves are banned
|rule|Moody Clause: Moody is banned
|rule|Evasion Moves Clause: Evasion moves are banned
|rule|Endless Battle Clause: Forcing endless battles is banned
|rule|HP Percentage Mod: HP is shown in percentages
|clearpoke
|poke|p1|Absol, F
|poke|p1|Crobat, F
|poke|p1|Raikou
|poke|p1|Starmie
|poke|p1|Porygon-Z
|poke|p1|Darmanitan, F
|poke|p2|Sharpedo, F
|poke|p2|Krookodile, M
|poke|p2|Honchkrow, M
|poke|p2|Umbreon, F
|poke|p2|Hydreigon, M
|poke|p2|Drapion, M
|rule|Swagger Clause: Swagger is banned
|rule|Baton Pass Clause: Limit one PokÃ©mon knowing Baton Pass
|teampreview
|
|start
|switch|p1a: Darmanitan|Darmanitan, F|352\/352
|switch|p2a: Krookodile|Krookodile, M|394\/394
|-ability|p2a: Krookodile|Intimidate|[of] p1a: Darmanitan
|-unboost|p1a: Darmanitan|atk|1
|turn|1
|
|move|p1a: Darmanitan|U-turn|p2a: Krookodile
|-supereffective|p2a: Krookodile
|-damage|p2a: Krookodile|292\/394
|
|switch|p1a: Crobat|Crobat, F|312\/312
|move|p2a: Krookodile|Stealth Rock|p1a: Crobat
|-sidestart|p1: ho tamer 138|move: Stealth Rock
|
|-heal|p2a: Krookodile|316\/394|[from] item: Leftovers
|turn|2
|
|move|p1a: Crobat|U-turn|p2a: Krookodile
|-supereffective|p2a: Krookodile
|-damage|p2a: Krookodile|216\/394
|
|switch|p1a: Starmie|Starmie|261\/261
|-damage|p1a: Starmie|229\/261|[from] Stealth Rock
|move|p2a: Krookodile|Knock Off|p1a: Starmie
|-supereffective|p1a: Starmie
|-damage|p1a: Starmie|0 fnt
|-enditem|p1a: Starmie|Life Orb|[from] move: Knock Off|[of] p2a: Krookodile
|faint|p1a: Starmie
|
|-heal|p2a: Krookodile|240\/394|[from] item: Leftovers
|c|âho tamer 138|why does krookdilekeep living all of these hits
|c|âho tamer 138|when i used to run it i remember it being trash
|c|âHeisenberg94|its a def krooko
|c|âho tamer 138|and not being able to take anything decently
|c|âHeisenberg94|252 hp 252 def
|
|switch|p1a: Absol|Absol, F|271\/271
|-damage|p1a: Absol|238\/271|[from] Stealth Rock
|-ability|p1a: Absol|Pressure
|turn|3
|c|âho tamer 138|everybody runs scarfed krook
|c|âHeisenberg94|im not everybody
|
|switch|p2a: Drapion|Drapion, M|343\/343
|detailschange|p1a: Absol|Absol-Mega, F
|-mega|p1a: Absol|Absol|Absolite
|move|p1a: Absol|Superpower|p2a: Drapion
|-damage|p2a: Drapion|210\/343
|-unboost|p1a: Absol|atk|1
|-unboost|p1a: Absol|def|1
|
|-heal|p2a: Drapion|231\/343|[from] item: Black Sludge
|turn|4
|
|switch|p1a: Crobat|Crobat, F|312\/312
|-damage|p1a: Crobat|234\/312|[from] Stealth Rock
|move|p2a: Drapion|Swords Dance|p2a: Drapion
|-boost|p2a: Drapion|atk|2
|
|-heal|p1a: Crobat|253\/312|[from] item: Black Sludge
|-heal|p2a: Drapion|252\/343|[from] item: Black Sludge
|turn|5
|
|move|p1a: Crobat|Brave Bird|p2a: Drapion
|-damage|p2a: Drapion|132\/343
|-damage|p1a: Crobat|213\/312|[from] recoil|[of] p2a: Drapion
|move|p2a: Drapion|Knock Off|p1a: Crobat
|-damage|p1a: Crobat|0 fnt
|-enditem|p1a: Crobat|Black Sludge|[from] move: Knock Off|[of] p2a: Drapion
|faint|p1a: Crobat
|
|-heal|p2a: Drapion|153\/343|[from] item: Black Sludge
|
|switch|p1a: Porygon-Z|Porygon-Z|311\/311
|-damage|p1a: Porygon-Z|273\/311|[from] Stealth Rock
|turn|6
|
|switch|p2a: Umbreon|Umbreon, F|394\/394
|move|p1a: Porygon-Z|Tri Attack|p2a: Umbreon
|-damage|p2a: Umbreon|192\/394
|
|-heal|p2a: Umbreon|216\/394|[from] item: Leftovers
|turn|7
|c|âho tamer 138|the krookodile cost me the game
|c|âho tamer 138|threw me completely off
|c|âHeisenberg94|yeah i like this krooko set
|
|move|p1a: Porygon-Z|Tri Attack|p2a: Umbreon
|-damage|p2a: Umbreon|18\/394
|-status|p2a: Umbreon|par
|-status|p1a: Porygon-Z|par
|cant|p2a: Umbreon|par
|
|-heal|p2a: Umbreon|42\/394 par|[from] item: Leftovers
|turn|8
|
|cant|p1a: Porygon-Z|par
|move|p2a: Umbreon|Foul Play|p1a: Porygon-Z
|-damage|p1a: Porygon-Z|170\/311 par
|
|-heal|p2a: Umbreon|66\/394 par|[from] item: Leftovers
|turn|9
|
|move|p1a: Porygon-Z|Tri Attack|p2a: Umbreon
|-damage|p2a: Umbreon|0 fnt
|faint|p2a: Umbreon
|
|
|switch|p2a: Honchkrow|Honchkrow, M|341\/341
|turn|10
|
|move|p2a: Honchkrow|Brave Bird|p1a: Porygon-Z
|-damage|p1a: Porygon-Z|0 fnt
|-damage|p2a: Honchkrow|285\/341|[from] recoil|[of] p1a: Porygon-Z
|-damage|p2a: Honchkrow|251\/341|[from] item: Life Orb
|faint|p1a: Porygon-Z
|-boost|p2a: Honchkrow|atk|1|[from] ability: Moxie
|
|
|switch|p1a: Raikou|Raikou|321\/321
|-damage|p1a: Raikou|281\/321|[from] Stealth Rock
|-ability|p1a: Raikou|Pressure
|turn|11
|
|move|p2a: Honchkrow|Sucker Punch|p1a: Raikou
|-damage|p1a: Raikou|0 fnt
|-damage|p2a: Honchkrow|217\/341|[from] item: Life Orb
|faint|p1a: Raikou
|-boost|p2a: Honchkrow|atk|1|[from] ability: Moxie
|
|c|âho tamer 138|so fuing pissed
|c|âho tamer 138|all vecause of a shitty krookodile set
|-message|ho tamer 138 forfeited.
|leave|ho tamer 138
|c|âHeisenberg94|haha thats the game
|
|win|Heisenberg94
|raw|Ladder updating...
|player|p1
|raw|ho tamer 138's rating: 1132 &rarr; <strong>1114<\/strong><br \/>(-18 for losing)
|raw|Heisenberg94's rating: 1240 &rarr; <strong>1258<\/strong><br \/>(+18 for winning)