|join|Heisenberg94
|join|AlphaTrainer1
|player|p1|Heisenberg94|2
|player|p2|AlphaTrainer1|134
|gametype|singles
|gen|6
|tier|UU
|rated
|rule|Sleep Clause Mod: Limit one foe put to sleep
|rule|Species Clause: Limit one of each PokÃ©mon
|rule|OHKO Clause: OHKO moves are banned
|rule|Moody Clause: Moody is banned
|rule|Evasion Moves Clause: Evasion moves are banned
|rule|Endless Battle Clause: Forcing endless battles is banned
|rule|HP Percentage Mod: HP is shown in percentages
|clearpoke
|poke|p1|Sharpedo, M
|poke|p1|Raikou
|poke|p1|Flygon, M
|poke|p1|Porygon2
|poke|p1|Krookodile, F
|poke|p1|Vaporeon, F
|poke|p2|Roserade, M, shiny
|poke|p2|Florges, F, shiny
|poke|p2|Barbaracle, M
|poke|p2|Blastoise, M, shiny
|poke|p2|Rotom-Heat
|poke|p2|Haxorus, M, shiny
|rule|Swagger Clause: Swagger is banned
|rule|Baton Pass Clause: Limit one PokÃ©mon knowing Baton Pass
|teampreview
|
|start
|switch|p1a: Krookodile|Krookodile, F|394\/394
|switch|p2a: Spiderman|Barbaracle, M|285\/285
|-ability|p1a: Krookodile|Intimidate|[of] p2a: Spiderman
|-unboost|p2a: Spiderman|atk|1
|turn|1
|
|move|p2a: Spiderman|Shell Smash|p2a: Spiderman
|-boost|p2a: Spiderman|atk|2
|-boost|p2a: Spiderman|spa|2
|-boost|p2a: Spiderman|spe|2
|-unboost|p2a: Spiderman|def|1
|-unboost|p2a: Spiderman|spd|1
|move|p1a: Krookodile|Taunt|p2a: Spiderman
|-start|p2a: Spiderman|move: Taunt
|
|turn|2
|
|switch|p1a: Vaporeon|Vaporeon, F|464\/464
|move|p2a: Spiderman|Razor Shell|p1a: Vaporeon
|-immune|p1a: Vaporeon|[msg]
|
|turn|3
|
|move|p2a: Spiderman|Rock Slide|p1a: Vaporeon
|-damage|p1a: Vaporeon|284\/464
|move|p1a: Vaporeon|Scald|p2a: Spiderman
|-damage|p2a: Spiderman|105\/285
|
|-heal|p1a: Vaporeon|313\/464|[from] item: Leftovers
|turn|4
|
|move|p1a: Vaporeon|Protect|p1a: Vaporeon
|-singleturn|p1a: Vaporeon|Protect
|move|p2a: Spiderman|Rock Slide|p1a: Vaporeon
|-activate|p1a: Vaporeon|Protect
|
|-heal|p1a: Vaporeon|342\/464|[from] item: Leftovers
|-end|p2a: Spiderman|move: Taunt
|turn|5
|
|move|p2a: Spiderman|Rock Slide|p1a: Vaporeon
|-damage|p1a: Vaporeon|156\/464
|move|p1a: Vaporeon|Scald|p2a: Spiderman
|-damage|p2a: Spiderman|0 fnt
|faint|p2a: Spiderman
|
|-heal|p1a: Vaporeon|185\/464|[from] item: Leftovers
|
|switch|p2a: Rouge|Roserade, M, shiny|316\/316
|turn|6
|
|switch|p1a: Porygon2|Porygon2|373\/373
|-ability|p1a: Porygon2|Natural Cure|[from] ability: Trace|[of] p2a: Rouge
|move|p2a: Rouge|Giga Drain|p1a: Porygon2
|-damage|p1a: Porygon2|307\/373
|
|turn|7
|
|switch|p1a: Flygon|Flygon, M|301\/301
|move|p2a: Rouge|Sludge Bomb|p1a: Flygon
|-resisted|p1a: Flygon
|-damage|p1a: Flygon|213\/301
|-status|p1a: Flygon|psn
|
|-damage|p1a: Flygon|176\/301 psn|[from] psn
|turn|8
|
|move|p1a: Flygon|U-turn|p2a: Rouge
|-damage|p2a: Rouge|204\/316
|
|switch|p1a: Porygon2|Porygon2|307\/373
|-ability|p1a: Porygon2|Natural Cure|[from] ability: Trace|[of] p2a: Rouge
|move|p2a: Rouge|Dazzling Gleam|p1a: Porygon2
|-damage|p1a: Porygon2|258\/373
|
|turn|9
|
|move|p2a: Rouge|Giga Drain|p1a: Porygon2
|-damage|p1a: Porygon2|188\/373
|-heal|p2a: Rouge|239\/316|[from] drain|[of] p1a: Porygon2
|move|p1a: Porygon2|Thunder Wave|p2a: Rouge
|-status|p2a: Rouge|par
|
|turn|10
|
|move|p1a: Porygon2|Recover|p1a: Porygon2
|-heal|p1a: Porygon2|373\/373
|cant|p2a: Rouge|par
|
|turn|11
|
|move|p1a: Porygon2|Tri Attack|p2a: Rouge
|-damage|p2a: Rouge|178\/316 par
|move|p2a: Rouge|Sludge Bomb|p1a: Porygon2
|-damage|p1a: Porygon2|294\/373
|-status|p1a: Porygon2|psn
|
|-damage|p1a: Porygon2|248\/373 psn|[from] psn
|turn|12
|
|move|p1a: Porygon2|Tri Attack|p2a: Rouge
|-damage|p2a: Rouge|120\/316 par
|move|p2a: Rouge|Giga Drain|p1a: Porygon2
|-damage|p1a: Porygon2|185\/373 psn
|-heal|p2a: Rouge|152\/316 par|[from] drain|[of] p1a: Porygon2
|
|-damage|p1a: Porygon2|139\/373 psn|[from] psn
|turn|13
|
|move|p1a: Porygon2|Recover|p1a: Porygon2
|-heal|p1a: Porygon2|326\/373 psn
|move|p2a: Rouge|Giga Drain|p1a: Porygon2
|-damage|p1a: Porygon2|265\/373 psn
|-heal|p2a: Rouge|183\/316 par|[from] drain|[of] p1a: Porygon2
|
|-damage|p1a: Porygon2|219\/373 psn|[from] psn
|turn|14
|
|move|p1a: Porygon2|Tri Attack|p2a: Rouge
|-damage|p2a: Rouge|126\/316 par
|move|p2a: Rouge|Giga Drain|p1a: Porygon2
|-damage|p1a: Porygon2|158\/373 psn
|-heal|p2a: Rouge|157\/316 par|[from] drain|[of] p1a: Porygon2
|
|-damage|p1a: Porygon2|112\/373 psn|[from] psn
|turn|15
|
|move|p1a: Porygon2|Recover|p1a: Porygon2
|-heal|p1a: Porygon2|299\/373 psn
|move|p2a: Rouge|Giga Drain|p1a: Porygon2
|-damage|p1a: Porygon2|229\/373 psn
|-heal|p2a: Rouge|192\/316 par|[from] drain|[of] p1a: Porygon2
|
|-damage|p1a: Porygon2|183\/373 psn|[from] psn
|turn|16
|
|switch|p1a: Flygon|Flygon, M|176\/301 psn
|move|p2a: Rouge|Giga Drain|p1a: Flygon
|-damage|p1a: Flygon|31\/301 psn
|-heal|p2a: Rouge|265\/316 par|[from] drain|[of] p1a: Flygon
|
|-damage|p1a: Flygon|0 fnt|[from] psn
|faint|p1a: Flygon
|
|switch|p1a: Sharpedo|Sharpedo, M|281\/281
|turn|17
|
|move|p1a: Sharpedo|Protect|p1a: Sharpedo
|-singleturn|p1a: Sharpedo|Protect
|move|p2a: Rouge|Giga Drain|p1a: Sharpedo
|-activate|p1a: Sharpedo|Protect
|
|-boost|p1a: Sharpedo|spe|1|[from] ability: Speed Boost
|turn|18
|
|detailschange|p1a: Sharpedo|Sharpedo-Mega, M
|-mega|p1a: Sharpedo|Sharpedo|Sharpedonite
|move|p1a: Sharpedo|Ice Fang|p2a: Rouge
|-supereffective|p2a: Rouge
|-damage|p2a: Rouge|0 fnt
|faint|p2a: Rouge
|
|
|switch|p2a: Kamex|Blastoise, M, shiny|362\/362
|turn|19
|
|detailschange|p2a: Kamex|Blastoise-Mega, M, shiny
|-mega|p2a: Kamex|Blastoise|Blastoisinite
|move|p1a: Sharpedo|Crunch|p2a: Kamex
|-damage|p2a: Kamex|145\/362
|move|p2a: Kamex|Aura Sphere|p1a: Sharpedo
|-supereffective|p1a: Sharpedo
|-damage|p1a: Sharpedo|0 fnt
|faint|p1a: Sharpedo
|
|
|switch|p1a: Raikou|Raikou|321\/321
|-ability|p1a: Raikou|Pressure
|turn|20
|
|switch|p2a: Cookies|Rotom-Heat|241\/241
|move|p1a: Raikou|Volt Switch|p2a: Cookies
|-resisted|p2a: Cookies
|-damage|p2a: Cookies|166\/241
|
|switch|p1a: Porygon2|Porygon2|183\/373
|-ability|p1a: Porygon2|Levitate|[from] ability: Trace|[of] p2a: Cookies
|
|turn|21
|
|move|p2a: Cookies|Overheat|p1a: Porygon2
|-damage|p1a: Porygon2|24\/373
|-unboost|p2a: Cookies|spa|2
|move|p1a: Porygon2|Toxic|p2a: Cookies
|-status|p2a: Cookies|tox
|
|-damage|p2a: Cookies|151\/241 tox|[from] psn
|turn|22
|
|switch|p1a: Raikou|Raikou|321\/321
|-ability|p1a: Raikou|Pressure
|move|p2a: Cookies|Overheat|p1a: Raikou
|-damage|p1a: Raikou|156\/321
|-unboost|p2a: Cookies|spa|2
|
|-damage|p2a: Cookies|121\/241 tox|[from] psn
|turn|23
|
|move|p1a: Raikou|Volt Switch|p2a: Cookies
|-resisted|p2a: Cookies
|-damage|p2a: Cookies|45\/241 tox
|
|switch|p1a: Vaporeon|Vaporeon, F|185\/464
|move|p2a: Cookies|Overheat|p1a: Vaporeon
|-resisted|p1a: Vaporeon
|-damage|p1a: Vaporeon|133\/464
|-unboost|p2a: Cookies|spa|2
|
|-heal|p1a: Vaporeon|162\/464|[from] item: Leftovers
|-damage|p2a: Cookies|0 fnt|[from] psn
|faint|p2a: Cookies
|
|switch|p2a: FlowerPower|Florges, F, shiny|297\/297
|turn|24
|
|move|p1a: Vaporeon|Protect|p1a: Vaporeon
|-singleturn|p1a: Vaporeon|Protect
|move|p2a: FlowerPower|Moonblast|p1a: Vaporeon
|-activate|p1a: Vaporeon|Protect
|
|-heal|p1a: Vaporeon|191\/464|[from] item: Leftovers
|turn|25
|
|move|p2a: FlowerPower|Moonblast|p1a: Vaporeon
|-damage|p1a: Vaporeon|23\/464
|move|p1a: Vaporeon|Wish|p1a: Vaporeon
|
|-heal|p1a: Vaporeon|52\/464|[from] item: Leftovers
|turn|26
|
|move|p1a: Vaporeon|Protect|p1a: Vaporeon
|-singleturn|p1a: Vaporeon|Protect
|move|p2a: FlowerPower|Energy Ball|p1a: Vaporeon
|-activate|p1a: Vaporeon|Protect
|
|-heal|p1a: Vaporeon|284\/464|[from] move: Wish|[wisher] Vaporeon
|-heal|p1a: Vaporeon|313\/464|[from] item: Leftovers
|turn|27
|
|move|p2a: FlowerPower|Energy Ball|p1a: Vaporeon
|-supereffective|p1a: Vaporeon
|-damage|p1a: Vaporeon|101\/464
|-unboost|p1a: Vaporeon|spd|1
|move|p1a: Vaporeon|Wish|p1a: Vaporeon
|
|-heal|p1a: Vaporeon|130\/464|[from] item: Leftovers
|turn|28
|
|move|p1a: Vaporeon|Protect|p1a: Vaporeon
|-singleturn|p1a: Vaporeon|Protect
|move|p2a: FlowerPower|Moonblast|p1a: Vaporeon
|-activate|p1a: Vaporeon|Protect
|
|-heal|p1a: Vaporeon|362\/464|[from] move: Wish|[wisher] Vaporeon
|-heal|p1a: Vaporeon|391\/464|[from] item: Leftovers
|turn|29
|
|switch|p1a: Porygon2|Porygon2|24\/373
|-ability|p1a: Porygon2|Symbiosis|[from] ability: Trace|[of] p2a: FlowerPower
|move|p2a: FlowerPower|Energy Ball|p1a: Porygon2
|-damage|p1a: Porygon2|0 fnt
|faint|p1a: Porygon2
|
|
|switch|p1a: Vaporeon|Vaporeon, F|391\/464
|turn|30
|
|move|p2a: FlowerPower|Energy Ball|p1a: Vaporeon
|-supereffective|p1a: Vaporeon
|-damage|p1a: Vaporeon|171\/464
|move|p1a: Vaporeon|Scald|p2a: FlowerPower
|-damage|p2a: FlowerPower|237\/297
|
|-heal|p1a: Vaporeon|200\/464|[from] item: Leftovers
|turn|31
|
|switch|p1a: Raikou|Raikou|156\/321
|-ability|p1a: Raikou|Pressure
|move|p2a: FlowerPower|Energy Ball|p1a: Raikou
|-damage|p1a: Raikou|48\/321
|
|turn|32
|c|âAlphaTrainer1|Witness the power of flowers.
|
|move|p1a: Raikou|Volt Switch|p2a: FlowerPower
|-damage|p2a: FlowerPower|138\/297
|
|switch|p1a: Krookodile|Krookodile, F|394\/394
|-ability|p1a: Krookodile|Intimidate|[of] p2a: FlowerPower
|-unboost|p2a: FlowerPower|atk|1
|move|p2a: FlowerPower|Energy Ball|p1a: Krookodile
|-supereffective|p1a: Krookodile
|-damage|p1a: Krookodile|102\/394
|
|-heal|p1a: Krookodile|126\/394|[from] item: Leftovers
|turn|33
|
|switch|p2a: Dovahkiin|Haxorus, M, shiny|293\/293
|-ability|p2a: Dovahkiin|Mold Breaker
|move|p1a: Krookodile|Earthquake|p2a: Dovahkiin
|-damage|p2a: Dovahkiin|95\/293
|
|-heal|p1a: Krookodile|150\/394|[from] item: Leftovers
|turn|34
|
|switch|p1a: Vaporeon|Vaporeon, F|200\/464
|move|p2a: Dovahkiin|Dragon Claw|p1a: Vaporeon
|-damage|p1a: Vaporeon|40\/464
|
|-heal|p1a: Vaporeon|69\/464|[from] item: Leftovers
|turn|35
|
|move|p2a: Dovahkiin|Dragon Claw|p1a: Vaporeon
|-damage|p1a: Vaporeon|0 fnt
|faint|p1a: Vaporeon
|
|
|switch|p1a: Raikou|Raikou|48\/321
|-ability|p1a: Raikou|Pressure
|turn|36
|
|move|p2a: Dovahkiin|Dragon Claw|p1a: Raikou
|-damage|p1a: Raikou|0 fnt
|faint|p1a: Raikou
|
|c|âAlphaTrainer1|gg
|
|switch|p1a: Krookodile|Krookodile, F|150\/394
|-ability|p1a: Krookodile|Intimidate|[of] p2a: Dovahkiin
|-unboost|p2a: Dovahkiin|atk|1
|turn|37
|
|move|p2a: Dovahkiin|Dragon Claw|p1a: Krookodile
|-damage|p1a: Krookodile|18\/394
|move|p1a: Krookodile|Earthquake|p2a: Dovahkiin
|-damage|p2a: Dovahkiin|0 fnt
|faint|p2a: Dovahkiin
|
|-heal|p1a: Krookodile|42\/394|[from] item: Leftovers
|
|switch|p2a: FlowerPower|Florges, F, shiny|138\/297
|turn|38
|
|move|p1a: Krookodile|Earthquake|p2a: FlowerPower
|-damage|p2a: FlowerPower|0 fnt
|faint|p2a: FlowerPower
|
|-heal|p1a: Krookodile|66\/394|[from] item: Leftovers
|
|switch|p2a: Kamex|Blastoise-Mega, M, shiny|145\/362
|turn|39
|
|move|p1a: Krookodile|Earthquake|p2a: Kamex
|-damage|p2a: Kamex|0 fnt
|faint|p2a: Kamex
|
|win|Heisenberg94
|raw|Ladder updating...
|c|âHeisenberg94|gg
|raw|Heisenberg94's rating: 1375 &rarr; <strong>1388<\/strong><br \/>(+13 for winning)
|raw|AlphaTrainer1's rating: 1241 &rarr; <strong>1225<\/strong><br \/>(-16 for losing)
|leave|AlphaTrainer1
|player|p2