|join|ultra ez
|join|captainhankmurphy
|player|p1|ultra ez|105
|player|p2|captainhankmurphy|141
|gametype|singles
|gen|6
|tier|OU
|rated
|clearpoke
|poke|p1|Charizard, M
|poke|p1|Heatran, M
|poke|p1|Starmie
|poke|p1|Bisharp, F
|poke|p1|Landorus-Therian, M
|poke|p1|Mamoswine, M
|poke|p2|Charizard, M
|poke|p2|Crawdaunt, M
|poke|p2|Bisharp, F
|poke|p2|Ferrothorn, M
|poke|p2|Keldeo
|poke|p2|Mew
|rule|Swagger Clause: Swagger is banned
|rule|Baton Pass Clause: Limit one PokÃ©mon knowing Baton Pass
|rule|Sleep Clause Mod: Limit one foe put to sleep
|rule|Species Clause: Limit one of each PokÃ©mon
|rule|OHKO Clause: OHKO moves are banned
|rule|Moody Clause: Moody is banned
|rule|Evasion Moves Clause: Evasion moves are banned
|rule|Endless Battle Clause: Forcing endless battles is banned
|rule|HP Percentage Mod: HP is shown in percentages
|teampreview
|
|start
|switch|p1a: Mamoswine|Mamoswine, M|367\/367
|switch|p2a: Keldeo|Keldeo|323\/323
|turn|1
|
|switch|p1a: Starmie|Starmie|281\/281
|move|p2a: Keldeo|Scald|p1a: Starmie
|-resisted|p1a: Starmie
|-damage|p1a: Starmie|197\/281
|
|turn|2
|
|switch|p2a: Bisharp|Bisharp, F|271\/271
|switch|p1a: Mamoswine|Mamoswine, M|367\/367
|
|turn|3
|
|move|p1a: Mamoswine|Stealth Rock|p2a: Bisharp
|-sidestart|p2: captainhankmurphy|move: Stealth Rock
|move|p2a: Bisharp|Iron Head|p1a: Mamoswine
|-supereffective|p1a: Mamoswine
|-damage|p1a: Mamoswine|0 fnt
|-damage|p2a: Bisharp|244\/271|[from] item: Life Orb
|faint|p1a: Mamoswine
|
|
|switch|p1a: Charizard|Charizard, M|307\/307
|turn|4
|
|switch|p2a: Mew|Mew|403\/403
|-damage|p2a: Mew|353\/403|[from] Stealth Rock
|detailschange|p1a: Charizard|Charizard-Mega-X, M
|-mega|p1a: Charizard|Charizard|Charizardite X
|move|p1a: Charizard|Dragon Dance|p1a: Charizard
|-boost|p1a: Charizard|atk|1
|-boost|p1a: Charizard|spe|1
|
|-heal|p2a: Mew|378\/403|[from] item: Leftovers
|turn|5
|
|move|p1a: Charizard|Dragon Claw|p2a: Mew
|-damage|p2a: Mew|113\/403
|move|p2a: Mew|Defog|p1a: Charizard
|-unboost|p1a: Charizard|evasion|1
|-sideend|p2: captainhankmurphy|Stealth Rock|[from] move: Defog|[of] p2a: Mew
|
|-heal|p2a: Mew|138\/403|[from] item: Leftovers
|turn|6
|
|switch|p2a: Ferrothorn|Ferrothorn, M|351\/351
|move|p1a: Charizard|Flare Blitz|p2a: Ferrothorn
|-supereffective|p2a: Ferrothorn
|-damage|p2a: Ferrothorn|0 fnt
|-damage|p1a: Charizard|269\/307|[from] ability: Iron Barbs|[of] p2a: Ferrothorn
|-damage|p1a: Charizard|218\/307|[from] item: Rocky Helmet|[of] p2a: Ferrothorn
|-damage|p1a: Charizard|102\/307|[from] recoil|[of] p2a: Ferrothorn
|faint|p2a: Ferrothorn
|
|
|switch|p2a: Keldeo|Keldeo|323\/323
|turn|7
|
|move|p2a: Keldeo|Scald|p1a: Charizard
|-damage|p1a: Charizard|0 fnt
|faint|p1a: Charizard
|
|
|switch|p1a: Starmie|Starmie|197\/281
|turn|8
|
|switch|p2a: Bisharp|Bisharp, F|244\/271
|move|p1a: Starmie|Scald|p2a: Bisharp
|-damage|p2a: Bisharp|59\/271
|-status|p2a: Bisharp|brn
|-damage|p1a: Starmie|169\/281|[from] item: Life Orb
|
|-damage|p2a: Bisharp|26\/271 brn|[from] brn
|turn|9
|
|move|p1a: Starmie|Recover|p1a: Starmie
|-heal|p1a: Starmie|281\/281
|move|p2a: Bisharp|Knock Off|p1a: Starmie
|-supereffective|p1a: Starmie
|-damage|p1a: Starmie|21\/281
|-enditem|p1a: Starmie|Life Orb|[from] move: Knock Off|[of] p2a: Bisharp
|-damage|p2a: Bisharp|0 fnt|[from] item: Life Orb
|faint|p2a: Bisharp
|
|
|switch|p2a: Keldeo|Keldeo|323\/323
|turn|10
|
|move|p2a: Keldeo|Scald|p1a: Starmie
|-resisted|p1a: Starmie
|-damage|p1a: Starmie|0 fnt
|faint|p1a: Starmie
|
|
|switch|p1a: Heatran|Heatran, M|335\/335
|turn|11
|
|move|p2a: Keldeo|Scald|p1a: Heatran
|-supereffective|p1a: Heatran
|-damage|p1a: Heatran|81\/335
|move|p1a: Heatran|Solar Beam|p2a: Keldeo|[still]
|-prepare|p1a: Heatran|Solar Beam|p2a: Keldeo
|-enditem|p1a: Heatran|Power Herb
|-anim|p1a: Heatran|Solar Beam|p2a: Keldeo
|-supereffective|p2a: Keldeo
|-damage|p2a: Keldeo|23\/323
|
|turn|12
|
|move|p2a: Keldeo|Scald|p1a: Heatran
|-supereffective|p1a: Heatran
|-damage|p1a: Heatran|0 fnt
|faint|p1a: Heatran
|
|
|switch|p1a: Bisharp|Bisharp, F|271\/271
|turn|13
|
|move|p1a: Bisharp|Sucker Punch|p2a: Keldeo
|-resisted|p2a: Keldeo
|-damage|p2a: Keldeo|0 fnt
|-damage|p1a: Bisharp|244\/271|[from] item: Life Orb
|faint|p2a: Keldeo
|
|
|switch|p2a: Crawdaunt|Crawdaunt, M|329\/329
|turn|14
|
|move|p1a: Bisharp|Iron Head|p2a: Crawdaunt
|-resisted|p2a: Crawdaunt
|-damage|p2a: Crawdaunt|226\/329
|-damage|p1a: Bisharp|217\/271|[from] item: Life Orb
|cant|p2a: Crawdaunt|flinch
|
|turn|15
|
|move|p1a: Bisharp|Iron Head|p2a: Crawdaunt
|-resisted|p2a: Crawdaunt
|-damage|p2a: Crawdaunt|125\/329
|-damage|p1a: Bisharp|190\/271|[from] item: Life Orb
|move|p2a: Crawdaunt|Superpower|p1a: Bisharp
|-supereffective|p1a: Bisharp
|-damage|p1a: Bisharp|0 fnt
|-unboost|p2a: Crawdaunt|atk|1
|-unboost|p2a: Crawdaunt|def|1
|faint|p1a: Bisharp
|
|
|switch|p1a: Landorus-Therian|Landorus-Therian, M|337\/337
|-ability|p1a: Landorus-Therian|Intimidate|[of] p2a: Crawdaunt
|-unboost|p2a: Crawdaunt|atk|1
|turn|16
|
|switch|p2a: Mew|Mew|138\/403
|move|p1a: Landorus-Therian|Substitute|p1a: Landorus-Therian
|-start|p1a: Landorus-Therian|Substitute
|-damage|p1a: Landorus-Therian|253\/337
|
|-heal|p1a: Landorus-Therian|274\/337|[from] item: Leftovers
|-heal|p2a: Mew|163\/403|[from] item: Leftovers
|turn|17
|
|move|p1a: Landorus-Therian|Swords Dance|p1a: Landorus-Therian
|-boost|p1a: Landorus-Therian|atk|2
|move|p2a: Mew|Soft-Boiled|p2a: Mew
|-heal|p2a: Mew|365\/403
|
|-heal|p1a: Landorus-Therian|295\/337|[from] item: Leftovers
|-heal|p2a: Mew|390\/403|[from] item: Leftovers
|turn|18
|
|move|p1a: Landorus-Therian|Knock Off|p2a: Mew
|-supereffective|p2a: Mew
|-damage|p2a: Mew|0 fnt
|-enditem|p2a: Mew|Leftovers|[from] move: Knock Off|[of] p1a: Landorus-Therian
|faint|p2a: Mew
|
|-heal|p1a: Landorus-Therian|316\/337|[from] item: Leftovers
|
|switch|p2a: Crawdaunt|Crawdaunt, M|125\/329
|turn|19
|
|move|p2a: Crawdaunt|Aqua Jet|p1a: Landorus-Therian
|-crit|p1a: Landorus-Therian
|-supereffective|p1a: Landorus-Therian
|-end|p1a: Landorus-Therian|Substitute
|move|p1a: Landorus-Therian|Earthquake|p2a: Crawdaunt
|-damage|p2a: Crawdaunt|0 fnt
|faint|p2a: Crawdaunt
|
|-heal|p1a: Landorus-Therian|337\/337|[from] item: Leftovers
|
|switch|p2a: Charizard|Charizard, M|297\/297
|turn|20
|
|detailschange|p2a: Charizard|Charizard-Mega-Y, M
|-mega|p2a: Charizard|Charizard|Charizardite Y
|-weather|SunnyDay
|move|p2a: Charizard|Fire Blast|p1a: Landorus-Therian
|-damage|p1a: Landorus-Therian|0 fnt
|faint|p1a: Landorus-Therian
|
|win|captainhankmurphy
|raw|Ladder updating...
|raw|ultra ez's rating: 1418 &rarr; <strong>1392<\/strong><br \/>(-26 for losing)
|raw|captainhankmurphy's rating: 1306 &rarr; <strong>1333<\/strong><br \/>(+27 for winning)
|leave|ultra ez
|player|p1