|join|fix the ladder
|join|ultra ez
|player|p1|fix the ladder|153
|player|p2|ultra ez|105
|gametype|singles
|gen|6
|tier|OU
|rated
|clearpoke
|poke|p1|Mamoswine, F
|poke|p1|Charizard, F
|poke|p1|Keldeo
|poke|p1|Clefable, F
|poke|p1|Thundurus, M
|poke|p1|Mew, shiny
|poke|p2|Diancie
|poke|p2|Heatran, M
|poke|p2|Keldeo
|poke|p2|Latias, F
|poke|p2|Garchomp, F
|poke|p2|Gengar, M
|rule|Swagger Clause: Swagger is banned
|rule|Baton Pass Clause: Limit one PokÃ©mon knowing Baton Pass
|rule|Sleep Clause Mod: Limit one foe put to sleep
|rule|Species Clause: Limit one of each PokÃ©mon
|rule|OHKO Clause: OHKO moves are banned
|rule|Moody Clause: Moody is banned
|rule|Evasion Moves Clause: Evasion moves are banned
|rule|Endless Battle Clause: Forcing endless battles is banned
|rule|HP Percentage Mod: HP is shown in percentages
|teampreview
|
|start
|switch|p1a: Keldeo|Keldeo|323\/323
|switch|p2a: Keldeo|Keldeo|323\/323
|turn|1
|
|switch|p1a: Mew|Mew, shiny|404\/404
|move|p2a: Keldeo|Substitute|p2a: Keldeo
|-start|p2a: Keldeo|Substitute
|-damage|p2a: Keldeo|243\/323
|
|-heal|p2a: Keldeo|263\/323|[from] item: Leftovers
|turn|2
|
|switch|p1a: Clefable|Clefable, F|394\/394
|move|p2a: Keldeo|Calm Mind|p2a: Keldeo
|-boost|p2a: Keldeo|spa|1
|-boost|p2a: Keldeo|spd|1
|
|-heal|p2a: Keldeo|283\/323|[from] item: Leftovers
|turn|3
|
|move|p2a: Keldeo|Scald|p1a: Clefable
|-damage|p1a: Clefable|153\/394
|move|p1a: Clefable|Moonblast|p2a: Keldeo
|-supereffective|p2a: Keldeo
|-end|p2a: Keldeo|Substitute
|
|-heal|p2a: Keldeo|303\/323|[from] item: Leftovers
|-heal|p1a: Clefable|177\/394|[from] item: Leftovers
|turn|4
|
|move|p2a: Keldeo|Scald|p1a: Clefable
|-damage|p1a: Clefable|0 fnt
|faint|p1a: Clefable
|
|-heal|p2a: Keldeo|323\/323|[from] item: Leftovers
|
|switch|p1a: Thundurus|Thundurus, M|300\/300
|turn|5
|
|switch|p2a: Garchomp|Garchomp, F|357\/357
|move|p1a: Thundurus|Thunderbolt|p2a: Garchomp
|-immune|p2a: Garchomp|[msg]
|
|turn|6
|
|move|p2a: Garchomp|Stone Edge|p1a: Thundurus|[miss]
|-miss|p2a: Garchomp|p1a: Thundurus
|move|p1a: Thundurus|Hidden Power|p2a: Garchomp
|-supereffective|p2a: Garchomp
|-damage|p2a: Garchomp|0 fnt
|-damage|p1a: Thundurus|270\/300|[from] item: Life Orb
|faint|p2a: Garchomp
|
|c|âultra ez|epic
|c|âultra ez|truly epic
|
|switch|p2a: Diancie|Diancie|241\/241
|turn|7
|
|detailschange|p2a: Diancie|Diancie-Mega
|-mega|p2a: Diancie|Diancie|Diancite
|move|p1a: Thundurus|Thunderbolt|p2a: Diancie
|-damage|p2a: Diancie|46\/241
|-damage|p1a: Thundurus|240\/300|[from] item: Life Orb
|move|p2a: Diancie|Diamond Storm|p1a: Thundurus
|-supereffective|p1a: Thundurus
|-damage|p1a: Thundurus|0 fnt
|faint|p1a: Thundurus
|
|
|switch|p1a: Mamoswine|Mamoswine, F|361\/361
|turn|8
|
|move|p1a: Mamoswine|Ice Shard|p2a: Diancie
|-damage|p2a: Diancie|0 fnt
|faint|p2a: Diancie
|
|
|switch|p2a: Keldeo|Keldeo|323\/323
|turn|9
|
|move|p2a: Keldeo|Scald|p1a: Mamoswine
|-supereffective|p1a: Mamoswine
|-enditem|p1a: Mamoswine|Focus Sash
|-damage|p1a: Mamoswine|1\/361
|move|p1a: Mamoswine|Earthquake|p2a: Keldeo
|-damage|p2a: Keldeo|134\/323
|
|-heal|p2a: Keldeo|154\/323|[from] item: Leftovers
|turn|10
|
|move|p2a: Keldeo|Scald|p1a: Mamoswine
|-supereffective|p1a: Mamoswine
|-damage|p1a: Mamoswine|0 fnt
|faint|p1a: Mamoswine
|
|-heal|p2a: Keldeo|174\/323|[from] item: Leftovers
|
|switch|p1a: Keldeo|Keldeo|323\/323
|turn|11
|
|switch|p2a: Latias|Latias, F|301\/301
|move|p1a: Keldeo|Scald|p2a: Latias
|-resisted|p2a: Latias
|-damage|p2a: Latias|212\/301
|-status|p2a: Latias|brn
|
|-heal|p2a: Latias|230\/301 brn|[from] item: Leftovers
|-damage|p2a: Latias|193\/301 brn|[from] brn
|turn|12
|
|switch|p1a: Mew|Mew, shiny|404\/404
|move|p2a: Latias|Roost|p2a: Latias
|-heal|p2a: Latias|301\/301 brn
|
|-damage|p2a: Latias|264\/301 brn|[from] brn
|turn|13
|
|switch|p2a: Heatran|Heatran, M|385\/385
|move|p1a: Mew|Knock Off|p2a: Heatran
|-damage|p2a: Heatran|307\/385
|-enditem|p2a: Heatran|Leftovers|[from] move: Knock Off|[of] p1a: Mew
|
|turn|14
|
|switch|p1a: Keldeo|Keldeo|323\/323
|switch|p2a: Keldeo|Keldeo|174\/323
|
|-heal|p2a: Keldeo|194\/323|[from] item: Leftovers
|turn|15
|
|switch|p2a: Latias|Latias, F|264\/301 brn
|move|p1a: Keldeo|Hydro Pump|p2a: Latias
|-resisted|p2a: Latias
|-damage|p2a: Latias|140\/301 brn
|
|-heal|p2a: Latias|158\/301 brn|[from] item: Leftovers
|-damage|p2a: Latias|121\/301 brn|[from] brn
|turn|16
|
|switch|p1a: Mew|Mew, shiny|404\/404
|move|p2a: Latias|Roost|p2a: Latias
|-heal|p2a: Latias|272\/301 brn
|
|-heal|p2a: Latias|290\/301 brn|[from] item: Leftovers
|-damage|p2a: Latias|253\/301 brn|[from] brn
|turn|17
|
|switch|p2a: Heatran|Heatran, M|307\/385
|move|p1a: Mew|Knock Off|p2a: Heatran
|-damage|p2a: Heatran|260\/385
|
|turn|18
|
|switch|p1a: Keldeo|Keldeo|323\/323
|move|p2a: Heatran|Stealth Rock|p1a: Keldeo
|-sidestart|p1: fix the ladder|move: Stealth Rock
|
|turn|19
|
|switch|p2a: Latias|Latias, F|253\/301 brn
|move|p1a: Keldeo|Icy Wind|p2a: Latias
|-supereffective|p2a: Latias
|-damage|p2a: Latias|91\/301 brn
|-unboost|p2a: Latias|spe|1
|
|-heal|p2a: Latias|109\/301 brn|[from] item: Leftovers
|-damage|p2a: Latias|72\/301 brn|[from] brn
|turn|20
|
|switch|p1a: Mew|Mew, shiny|404\/404
|-damage|p1a: Mew|354\/404|[from] Stealth Rock
|move|p2a: Latias|Healing Wish|p2a: Latias
|faint|p2a: Latias
|
|-heal|p1a: Mew|379\/404|[from] item: Leftovers
|
|switch|p2a: Keldeo|Keldeo|194\/323
|-heal|p2a: Keldeo|323\/323|[from] move: Healing Wish
|turn|21
|
|move|p2a: Keldeo|Substitute|p2a: Keldeo
|-start|p2a: Keldeo|Substitute
|-damage|p2a: Keldeo|243\/323
|move|p1a: Mew|Defog|p2a: Keldeo
|-sideend|p1: fix the ladder|Stealth Rock|[from] move: Defog|[of] p1a: Mew
|
|-heal|p2a: Keldeo|263\/323|[from] item: Leftovers
|-heal|p1a: Mew|404\/404|[from] item: Leftovers
|turn|22
|
|switch|p1a: Keldeo|Keldeo|323\/323
|move|p2a: Keldeo|Calm Mind|p2a: Keldeo
|-boost|p2a: Keldeo|spa|1
|-boost|p2a: Keldeo|spd|1
|
|-heal|p2a: Keldeo|283\/323|[from] item: Leftovers
|turn|23
|
|move|p2a: Keldeo|Secret Sword|p1a: Keldeo
|-damage|p1a: Keldeo|56\/323
|move|p1a: Keldeo|Secret Sword|p2a: Keldeo
|-end|p2a: Keldeo|Substitute
|
|-heal|p2a: Keldeo|303\/323|[from] item: Leftovers
|turn|24
|
|switch|p2a: Gengar|Gengar, M|261\/261
|move|p1a: Keldeo|Secret Sword|p2a: Gengar
|-immune|p2a: Gengar|[msg]
|
|turn|25
|
|move|p2a: Gengar|Sludge Wave|p1a: Keldeo
|-damage|p1a: Keldeo|0 fnt
|-damage|p2a: Gengar|235\/261|[from] item: Life Orb
|faint|p1a: Keldeo
|
|
|switch|p1a: Charizard|Charizard, F|333\/333
|turn|26
|
|detailschange|p1a: Charizard|Charizard-Mega-X, F
|-mega|p1a: Charizard|Charizard|Charizardite X
|move|p2a: Gengar|Sludge Wave|p1a: Charizard
|-damage|p1a: Charizard|59\/333
|-damage|p2a: Gengar|209\/261|[from] item: Life Orb
|move|p1a: Charizard|Dragon Dance|p1a: Charizard
|-boost|p1a: Charizard|atk|1
|-boost|p1a: Charizard|spe|1
|
|turn|27
|
|move|p1a: Charizard|Dragon Claw|p2a: Gengar
|-damage|p2a: Gengar|0 fnt
|faint|p2a: Gengar
|
|
|switch|p2a: Keldeo|Keldeo|303\/323
|turn|28
|
|move|p1a: Charizard|Dragon Claw|p2a: Keldeo
|-damage|p2a: Keldeo|0 fnt
|faint|p2a: Keldeo
|
|c|âultra ez|sure wish I had a scarfchomp right about now!
|c|âfix the ladder|rekt
|-message|ultra ez forfeited.
|
|switch|p2a: Heatran|Heatran, M|260\/385
|turn|29
|leave|ultra ez
|
|win|fix the ladder
|raw|Ladder updating...
|player|p2
|raw|fix the ladder's rating: 1597 &rarr; <strong>1612<\/strong><br \/>(+15 for winning)
|raw|ultra ez's rating: 1505 &rarr; <strong>1490<\/strong><br \/>(-15 for losing)