|join|OP Law
|join|ShinMarko
|player|p1|OP Law|162
|player|p2|ShinMarko|290
|gametype|singles
|gen|6
|tier|OU
|rated
|clearpoke
|poke|p1|Garchomp, F
|poke|p1|Azumarill, F, shiny
|poke|p1|Latios, M
|poke|p1|Magnezone
|poke|p1|Pinsir, M
|poke|p1|Bisharp, M
|poke|p2|Ferrothorn, M
|poke|p2|Mew, shiny
|poke|p2|Landorus-Therian, M
|poke|p2|Talonflame, M
|poke|p2|Latios, M
|poke|p2|Gyarados, M
|rule|Swagger Clause: Swagger is banned
|rule|Baton Pass Clause: Limit one PokÃ©mon knowing Baton Pass
|rule|Sleep Clause Mod: Limit one foe put to sleep
|rule|Species Clause: Limit one of each PokÃ©mon
|rule|OHKO Clause: OHKO moves are banned
|rule|Moody Clause: Moody is banned
|rule|Evasion Moves Clause: Evasion moves are banned
|rule|Endless Battle Clause: Forcing endless battles is banned
|rule|HP Percentage Mod: HP is shown in percentages
|teampreview
|
|start
|switch|p1a: Garchomp|Garchomp, F|400\/400
|switch|p2a: Landorus-Therian|Landorus-Therian, M|319\/319
|-ability|p2a: Landorus-Therian|Intimidate|[of] p1a: Garchomp
|-unboost|p1a: Garchomp|atk|1
|turn|1
|
|move|p2a: Landorus-Therian|Earthquake|p1a: Garchomp
|-damage|p1a: Garchomp|190\/400
|move|p1a: Garchomp|Hidden Power|p2a: Landorus-Therian
|-supereffective|p2a: Landorus-Therian
|-damage|p2a: Landorus-Therian|75\/319
|
|-heal|p1a: Garchomp|215\/400|[from] item: Leftovers
|turn|2
|
|switch|p2a: Gyarados|Gyarados, M|331\/331
|-ability|p2a: Gyarados|Intimidate|[of] p1a: Garchomp
|-unboost|p1a: Garchomp|atk|1
|move|p1a: Garchomp|Stealth Rock|p2a: Gyarados
|-sidestart|p2: ShinMarko|move: Stealth Rock
|
|-heal|p1a: Garchomp|240\/400|[from] item: Leftovers
|turn|3
|
|switch|p1a: Magnezone|Magnezone|282\/282
|detailschange|p2a: Gyarados|Gyarados-Mega, M
|-mega|p2a: Gyarados|Gyarados|Gyaradosite
|-ability|p2a: Gyarados|Mold Breaker
|move|p2a: Gyarados|Waterfall|p1a: Magnezone
|-damage|p1a: Magnezone|131\/282
|
|turn|4
|
|switch|p1a: Garchomp|Garchomp, F|240\/400
|move|p2a: Gyarados|Waterfall|p1a: Garchomp
|-damage|p1a: Garchomp|38\/400
|-damage|p2a: Gyarados|290\/331|[from] ability: Rough Skin|[of] p1a: Garchomp
|
|-heal|p1a: Garchomp|63\/400|[from] item: Leftovers
|turn|5
|
|move|p1a: Garchomp|Earthquake|p2a: Gyarados
|-damage|p2a: Gyarados|175\/331
|move|p2a: Gyarados|Dragon Dance|p2a: Gyarados
|-boost|p2a: Gyarados|atk|1
|-boost|p2a: Gyarados|spe|1
|
|-heal|p1a: Garchomp|88\/400|[from] item: Leftovers
|turn|6
|
|move|p2a: Gyarados|Earthquake|p1a: Garchomp
|-damage|p1a: Garchomp|0 fnt
|faint|p1a: Garchomp
|
|
|switch|p1a: Magnezone|Magnezone|131\/282
|turn|7
|
|move|p2a: Gyarados|Earthquake|p1a: Magnezone
|-supereffective|p1a: Magnezone
|-damage|p1a: Magnezone|0 fnt
|faint|p1a: Magnezone
|
|join|OP Zoro
|
|switch|p1a: Azumarill|Azumarill, F, shiny|341\/341
|turn|8
|
|move|p2a: Gyarados|Earthquake|p1a: Azumarill
|-damage|p1a: Azumarill|89\/341
|-enditem|p1a: Azumarill|Sitrus Berry|[eat]
|-heal|p1a: Azumarill|174\/341|[from] item: Sitrus Berry
|move|p1a: Azumarill|Belly Drum|p1a: Azumarill
|-damage|p1a: Azumarill|4\/341
|-setboost|p1a: Azumarill|atk|6|[from] move: Belly Drum
|
|turn|9
|
|move|p1a: Azumarill|Aqua Jet|p2a: Gyarados
|-resisted|p2a: Gyarados
|-damage|p2a: Gyarados|16\/331
|move|p2a: Gyarados|Waterfall|p1a: Azumarill
|-resisted|p1a: Azumarill
|-damage|p1a: Azumarill|0 fnt
|faint|p1a: Azumarill
|
|-message|OP Law forfeited.
|leave|OP Law
|
|win|ShinMarko
|raw|Ladder updating...
|player|p1
|raw|OP Law's rating: 1514 &rarr; <strong>1495<\/strong><br \/>(-19 for losing)
|raw|ShinMarko's rating: 1532 &rarr; <strong>1551<\/strong><br \/>(+19 for winning)
|leave|OP Zoro