|join|ShinMarko
|join|Legacy918
|player|p1|ShinMarko|290
|player|p2|Legacy918|163
|gametype|singles
|gen|6
|tier|OU (suspect test)
|rated
|clearpoke
|poke|p1|Landorus-Therian, M
|poke|p1|Mew
|poke|p1|Ferrothorn, M
|poke|p1|Azumarill, M
|poke|p1|Talonflame, M
|poke|p1|Sableye, M
|poke|p2|Hawlucha, M, shiny
|poke|p2|Rotom-Wash, shiny
|poke|p2|Heatran, M
|poke|p2|Gardevoir, F, shiny
|poke|p2|Lopunny, F, shiny
|poke|p2|Thundurus, M
|rule|Swagger Clause: Swagger is banned
|rule|Baton Pass Clause: Limit one PokÃ©mon knowing Baton Pass
|rule|Sleep Clause Mod: Limit one foe put to sleep
|rule|Species Clause: Limit one of each PokÃ©mon
|rule|OHKO Clause: OHKO moves are banned
|rule|Moody Clause: Moody is banned
|rule|Evasion Moves Clause: Evasion moves are banned
|rule|Endless Battle Clause: Forcing endless battles is banned
|rule|HP Percentage Mod: HP is shown in percentages
|teampreview
|
|start
|switch|p1a: Azumarill|Azumarill, M|401\/401
|switch|p2a: Genie|Thundurus, M|361\/361
|turn|1
|
|switch|p1a: Landorus-Therian|Landorus-Therian, M|319\/319
|-ability|p1a: Landorus-Therian|Intimidate|[of] p2a: Genie
|-unboost|p2a: Genie|atk|1
|move|p2a: Genie|Thunder Wave|p1a: Landorus-Therian
|-immune|p1a: Landorus-Therian|[msg]
|
|turn|2
|
|switch|p2a: Heph|Heatran, M|386\/386
|-item|p2a: Heph|Air Balloon
|move|p1a: Landorus-Therian|Stone Edge|p2a: Heph
|-damage|p2a: Heph|297\/386
|-enditem|p2a: Heph|Air Balloon
|
|turn|3
|
|switch|p1a: Mew|Mew|404\/404
|move|p2a: Heph|Stealth Rock|p1a: Mew
|-sidestart|p1: ShinMarko|move: Stealth Rock
|
|turn|4
|
|switch|p2a: Leggings|Lopunny, F, shiny|271\/271
|move|p1a: Mew|Defog|p2a: Leggings
|-unboost|p2a: Leggings|evasion|1
|-sideend|p1: ShinMarko|Stealth Rock|[from] move: Defog|[of] p1a: Mew
|
|turn|5
|
|switch|p1a: Ferrothorn|Ferrothorn, M|352\/352
|move|p2a: Leggings|Encore|p1a: Ferrothorn
|-fail|p1a: Ferrothorn
|
|turn|6
|
|detailschange|p2a: Leggings|Lopunny-Mega, F, shiny
|-mega|p2a: Leggings|Lopunny|Lopunnite
|move|p2a: Leggings|Drain Punch|p1a: Ferrothorn
|-supereffective|p1a: Ferrothorn
|-damage|p1a: Ferrothorn|176\/352
|-damage|p2a: Leggings|238\/271|[from] ability: Iron Barbs|[of] p1a: Ferrothorn
|move|p1a: Ferrothorn|Stealth Rock|p2a: Leggings
|-sidestart|p2: Legacy918|move: Stealth Rock
|
|-heal|p1a: Ferrothorn|198\/352|[from] item: Leftovers
|turn|7
|
|move|p2a: Leggings|Encore|p1a: Ferrothorn
|-start|p1a: Ferrothorn|Encore
|move|p1a: Ferrothorn|Stealth Rock|p2a: Leggings
|-fail|p2a: Leggings
|
|-heal|p1a: Ferrothorn|220\/352|[from] item: Leftovers
|turn|8
|
|switch|p1a: Talonflame|Talonflame, M|297\/297
|move|p2a: Leggings|Return|p1a: Talonflame
|-damage|p1a: Talonflame|39\/297
|
|turn|9
|
|switch|p2a: Heph|Heatran, M|297\/386
|-damage|p2a: Heph|249\/386|[from] Stealth Rock
|move|p1a: Talonflame|Brave Bird|p2a: Heph
|-resisted|p2a: Heph
|-damage|p2a: Heph|180\/386
|-damage|p1a: Talonflame|16\/297|[from] recoil|[of] p2a: Heph
|
|turn|10
|
|switch|p1a: Azumarill|Azumarill, M|401\/401
|move|p2a: Heph|Stealth Rock|p1a: Azumarill
|-sidestart|p1: ShinMarko|move: Stealth Rock
|
|turn|11
|
|switch|p2a: Kenmore|Rotom-Wash, shiny|304\/304
|-damage|p2a: Kenmore|266\/304|[from] Stealth Rock
|move|p1a: Azumarill|Knock Off|p2a: Kenmore
|-damage|p2a: Kenmore|139\/304
|-enditem|p2a: Kenmore|Leftovers|[from] move: Knock Off|[of] p1a: Azumarill
|
|turn|12
|
|switch|p1a: Mew|Mew|404\/404
|-damage|p1a: Mew|354\/404|[from] Stealth Rock
|move|p2a: Kenmore|Volt Switch|p1a: Mew
|-damage|p1a: Mew|294\/404
|
|switch|p2a: Genie|Thundurus, M|361\/361
|-damage|p2a: Genie|271\/361|[from] Stealth Rock
|
|-heal|p2a: Genie|293\/361|[from] item: Leftovers
|-heal|p1a: Mew|319\/404|[from] item: Leftovers
|turn|13
|
|move|p2a: Genie|Knock Off|p1a: Mew
|-supereffective|p1a: Mew
|-damage|p1a: Mew|159\/404
|-enditem|p1a: Mew|Leftovers|[from] move: Knock Off|[of] p2a: Genie
|move|p1a: Mew|Defog|p2a: Genie
|-unboost|p2a: Genie|evasion|1
|-sideend|p2: Legacy918|Stealth Rock|[from] move: Defog|[of] p2a: Genie
|-sideend|p1: ShinMarko|Stealth Rock|[from] move: Defog|[of] p1a: Mew
|
|-heal|p2a: Genie|315\/361|[from] item: Leftovers
|turn|14
|
|switch|p2a: Kenmore|Rotom-Wash, shiny|139\/304
|move|p1a: Mew|Soft-Boiled|p1a: Mew
|-heal|p1a: Mew|361\/404
|
|turn|15
|
|move|p1a: Mew|Toxic|p2a: Kenmore
|-status|p2a: Kenmore|tox
|move|p2a: Kenmore|Volt Switch|p1a: Mew
|-crit|p1a: Mew
|-damage|p1a: Mew|262\/404
|
|switch|p2a: Purty|Gardevoir, F, shiny|277\/277
|-ability|p2a: Purty|Synchronize|[from] ability: Trace|[of] p1a: Mew
|
|turn|16
|
|move|p2a: Purty|Shadow Ball|p1a: Mew
|-supereffective|p1a: Mew
|-damage|p1a: Mew|120\/404
|move|p1a: Mew|Soft-Boiled|p1a: Mew
|-heal|p1a: Mew|322\/404
|
|turn|17
|
|switch|p1a: Sableye|Sableye, M|304\/304
|move|p2a: Purty|Shadow Ball|p1a: Sableye
|-damage|p1a: Sableye|180\/304
|
|turn|18
|
|switch|p2a: Heph|Heatran, M|180\/386
|detailschange|p1a: Sableye|Sableye-Mega, M
|-mega|p1a: Sableye|Sableye|Sablenite
|move|p1a: Sableye|Recover|p1a: Sableye
|-heal|p1a: Sableye|304\/304
|
|turn|19
|
|switch|p1a: Mew|Mew|322\/404
|move|p2a: Heph|Toxic|p1a: Mew
|-status|p1a: Mew|tox
|
|-damage|p1a: Mew|297\/404 tox|[from] psn
|turn|20
|
|switch|p1a: Azumarill|Azumarill, M|401\/401
|switch|p2a: Kenmore|Rotom-Wash, shiny|139\/304 tox
|
|-damage|p2a: Kenmore|120\/304 tox|[from] psn
|turn|21
|
|switch|p1a: Mew|Mew|297\/404 tox
|move|p2a: Kenmore|Pain Split|p1a: Mew
|-sethp|p1a: Mew|208\/404 tox|p2a: Kenmore|208\/304 tox|[from] move: Pain Split
|
|-damage|p1a: Mew|183\/404 tox|[from] psn
|-damage|p2a: Kenmore|170\/304 tox|[from] psn
|turn|22
|
|move|p1a: Mew|Soft-Boiled|p1a: Mew
|-heal|p1a: Mew|385\/404 tox
|move|p2a: Kenmore|Hydro Pump|p1a: Mew
|-damage|p1a: Mew|282\/404 tox
|
|-damage|p1a: Mew|232\/404 tox|[from] psn
|-damage|p2a: Kenmore|113\/304 tox|[from] psn
|turn|23
|
|move|p1a: Mew|Soft-Boiled|p1a: Mew
|-heal|p1a: Mew|404\/404 tox
|move|p2a: Kenmore|Volt Switch|p1a: Mew
|-damage|p1a: Mew|337\/404 tox
|
|switch|p2a: Genie|Thundurus, M|315\/361
|
|-heal|p2a: Genie|337\/361|[from] item: Leftovers
|-damage|p1a: Mew|262\/404 tox|[from] psn
|turn|24
|c|âShinMarko|nice game, I'm enjoying it
|
|switch|p1a: Sableye|Sableye-Mega, M|304\/304
|move|p2a: Genie|Taunt|p1a: Sableye
|move|p1a: Sableye|Taunt|p2a: Genie|[from]Magic Bounce
|-start|p2a: Genie|move: Taunt
|
|-heal|p2a: Genie|359\/361|[from] item: Leftovers
|turn|25
|
|move|p2a: Genie|Volt Switch|p1a: Sableye
|-damage|p1a: Sableye|216\/304
|
|switch|p2a: Heph|Heatran, M|180\/386
|move|p1a: Sableye|Calm Mind|p1a: Sableye
|-boost|p1a: Sableye|spa|1
|-boost|p1a: Sableye|spd|1
|
|turn|26
|
|move|p2a: Heph|Lava Plume|p1a: Sableye
|-damage|p1a: Sableye|150\/304
|move|p1a: Sableye|Dark Pulse|p2a: Heph
|-damage|p2a: Heph|53\/386
|
|turn|27
|
|move|p2a: Heph|Toxic|p1a: Sableye
|move|p1a: Sableye|Toxic|p2a: Heph|[from]Magic Bounce|[miss]
|-miss|p1a: Sableye|p2a: Heph
|move|p1a: Sableye|Recover|p1a: Sableye
|-heal|p1a: Sableye|302\/304
|
|turn|28
|
|move|p2a: Heph|Stealth Rock|p1a: Sableye
|move|p1a: Sableye|Stealth Rock|p2a: Heph|[from]Magic Bounce
|-sidestart|p2: Legacy918|move: Stealth Rock
|move|p1a: Sableye|Dark Pulse|p2a: Heph
|-damage|p2a: Heph|0 fnt
|faint|p2a: Heph
|
|
|switch|p2a: Purty|Gardevoir, F, shiny|277\/277
|-damage|p2a: Purty|243\/277|[from] Stealth Rock
|-ability|p2a: Purty|Magic Bounce|[from] ability: Trace|[of] p1a: Sableye
|turn|29
|
|move|p2a: Purty|Moonblast|p1a: Sableye
|-supereffective|p1a: Sableye
|-damage|p1a: Sableye|90\/304
|-unboost|p1a: Sableye|spa|1
|move|p1a: Sableye|Dark Pulse|p2a: Purty
|-damage|p2a: Purty|168\/277
|
|turn|30
|
|switch|p1a: Ferrothorn|Ferrothorn, M|220\/352
|move|p2a: Purty|Moonblast|p1a: Ferrothorn
|-resisted|p1a: Ferrothorn
|-damage|p1a: Ferrothorn|155\/352
|
|-heal|p1a: Ferrothorn|177\/352|[from] item: Leftovers
|turn|31
|
|switch|p2a: Ricochet|Hawlucha, M, shiny|298\/298
|-damage|p2a: Ricochet|261\/298|[from] Stealth Rock
|move|p1a: Ferrothorn|Leech Seed|p2a: Ricochet
|-start|p2a: Ricochet|move: Leech Seed
|
|-heal|p1a: Ferrothorn|199\/352|[from] item: Leftovers
|-damage|p2a: Ricochet|224\/298|[from] Leech Seed|[of] p1a: Ferrothorn
|-heal|p1a: Ferrothorn|236\/352|[silent]
|turn|32
|
|switch|p2a: Genie|Thundurus, M|359\/361
|-damage|p2a: Genie|269\/361|[from] Stealth Rock
|switch|p1a: Sableye|Sableye-Mega, M|90\/304
|
|-heal|p2a: Genie|291\/361|[from] item: Leftovers
|turn|33
|
|move|p2a: Genie|Knock Off|p1a: Sableye
|-damage|p1a: Sableye|51\/304
|move|p1a: Sableye|Recover|p1a: Sableye
|-heal|p1a: Sableye|203\/304
|
|-heal|p2a: Genie|313\/361|[from] item: Leftovers
|turn|34
|
|move|p2a: Genie|Volt Switch|p1a: Sableye
|-damage|p1a: Sableye|112\/304
|
|switch|p2a: Purty|Gardevoir, F, shiny|168\/277
|-damage|p2a: Purty|134\/277|[from] Stealth Rock
|-ability|p2a: Purty|Magic Bounce|[from] ability: Trace|[of] p1a: Sableye
|move|p1a: Sableye|Recover|p1a: Sableye
|-heal|p1a: Sableye|264\/304
|
|turn|35
|
|switch|p1a: Azumarill|Azumarill, M|401\/401
|move|p2a: Purty|Moonblast|p1a: Azumarill
|-damage|p1a: Azumarill|271\/401
|
|turn|36
|
|switch|p2a: Kenmore|Rotom-Wash, shiny|113\/304 tox
|-damage|p2a: Kenmore|75\/304 tox|[from] Stealth Rock
|move|p1a: Azumarill|Waterfall|p2a: Kenmore
|-resisted|p2a: Kenmore
|-damage|p2a: Kenmore|0 fnt
|faint|p2a: Kenmore
|
|
|switch|p2a: Genie|Thundurus, M|313\/361
|-damage|p2a: Genie|223\/361|[from] Stealth Rock
|turn|37
|
|move|p2a: Genie|Volt Switch|p1a: Azumarill
|-supereffective|p1a: Azumarill
|-damage|p1a: Azumarill|119\/401
|
|switch|p2a: Ricochet|Hawlucha, M, shiny|224\/298
|-damage|p2a: Ricochet|187\/298|[from] Stealth Rock
|move|p1a: Azumarill|Waterfall|p2a: Ricochet
|-damage|p2a: Ricochet|0 fnt
|faint|p2a: Ricochet
|
|
|switch|p2a: Leggings|Lopunny-Mega, F, shiny|238\/271
|-damage|p2a: Leggings|222\/271|[from] Stealth Rock
|turn|38
|
|move|p1a: Azumarill|Aqua Jet|p2a: Leggings
|-damage|p2a: Leggings|131\/271
|move|p2a: Leggings|Return|p1a: Azumarill
|-damage|p1a: Azumarill|0 fnt
|faint|p1a: Azumarill
|
|
|switch|p1a: Talonflame|Talonflame, M|16\/297
|turn|39
|
|switch|p2a: Genie|Thundurus, M|223\/361
|-damage|p2a: Genie|133\/361|[from] Stealth Rock
|move|p1a: Talonflame|Brave Bird|p2a: Genie
|-resisted|p2a: Genie
|-damage|p2a: Genie|0 fnt
|-damage|p1a: Talonflame|0 fnt|[from] recoil|[of] p2a: Genie
|faint|p2a: Genie
|faint|p1a: Talonflame
|
|
|switch|p1a: Landorus-Therian|Landorus-Therian, M|319\/319
|switch|p2a: Purty|Gardevoir, F, shiny|134\/277
|-ability|p1a: Landorus-Therian|Intimidate|[of] p2a: Purty
|-unboost|p2a: Purty|atk|1
|-damage|p2a: Purty|100\/277|[from] Stealth Rock
|-ability|p2a: Purty|Intimidate|[from] ability: Trace|[of] p1a: Landorus-Therian
|-ability|p2a: Purty|Intimidate|[of] p1a: Landorus-Therian
|-unboost|p1a: Landorus-Therian|atk|1
|turn|40
|
|move|p1a: Landorus-Therian|U-turn|p2a: Purty
|-damage|p2a: Purty|15\/277
|
|switch|p1a: Ferrothorn|Ferrothorn, M|236\/352
|move|p2a: Purty|Moonblast|p1a: Ferrothorn
|-resisted|p1a: Ferrothorn
|-damage|p1a: Ferrothorn|172\/352
|
|-heal|p1a: Ferrothorn|194\/352|[from] item: Leftovers
|turn|41
|
|move|p2a: Purty|Moonblast|p1a: Ferrothorn
|-resisted|p1a: Ferrothorn
|-damage|p1a: Ferrothorn|131\/352
|move|p1a: Ferrothorn|Gyro Ball|p2a: Purty
|-supereffective|p2a: Purty
|-damage|p2a: Purty|0 fnt
|faint|p2a: Purty
|
|-heal|p1a: Ferrothorn|153\/352|[from] item: Leftovers
|
|switch|p2a: Leggings|Lopunny-Mega, F, shiny|131\/271
|-damage|p2a: Leggings|115\/271|[from] Stealth Rock
|turn|42
|
|move|p2a: Leggings|Drain Punch|p1a: Ferrothorn
|-supereffective|p1a: Ferrothorn
|-damage|p1a: Ferrothorn|0 fnt
|-heal|p2a: Leggings|192\/271|[from] drain|[of] p1a: Ferrothorn
|-damage|p2a: Leggings|159\/271|[from] ability: Iron Barbs|[of] p1a: Ferrothorn
|faint|p1a: Ferrothorn
|
|
|switch|p1a: Landorus-Therian|Landorus-Therian, M|319\/319
|-ability|p1a: Landorus-Therian|Intimidate|[of] p2a: Leggings
|-unboost|p2a: Leggings|atk|1
|turn|43
|
|move|p1a: Landorus-Therian|Earthquake|p2a: Leggings
|-damage|p2a: Leggings|0 fnt
|faint|p2a: Leggings
|
|win|ShinMarko
|raw|Ladder updating...
|raw|ShinMarko's rating: 1131 &rarr; <strong>1155<\/strong><br \/>(+24 for winning)
|raw|Legacy918's rating: 1115 &rarr; <strong>1091<\/strong><br \/>(-24 for losing)
|c|âShinMarko|gg
|c|âLegacy918|gg
|leave|Legacy918
|player|p2