|J|PikachuCandy
|J|Tythaeus
|player|p1|PikachuCandy|155
|player|p2|Tythaeus|96
|gametype|singles
|gen|6
|tier|Skillmons OU
|rated
|clearpoke
|poke|p1|Landorus-Therian, M
|poke|p1|Mandibuzz, F
|poke|p1|Wobbuffet, M, shiny
|poke|p1|Garchomp, M, shiny
|poke|p1|Kyurem-Black, shiny
|poke|p1|Gardevoir, F, shiny
|poke|p2|Politoed, F
|poke|p2|Swampert, M
|poke|p2|Celebi
|poke|p2|Manaphy
|poke|p2|Klefki, M
|poke|p2|Magnezone, shiny
|rule|Sleep Clause Mod: Limit one foe put to sleep
|rule|Species Clause: Limit one of each PokÃ©mon
|rule|OHKO Clause: OHKO moves are banned
|rule|Moody Clause: Moody is banned
|rule|Evasion Moves Clause: Evasion moves are banned
|rule|Endless Battle Clause: Forcing endless battles is banned
|rule|HP Percentage Mod: HP is shown in percentages
|teampreview
|c|âPikachuCandy|gl hf
|c|âPikachuCandy|-,-
|c|âTythaeus|U2
|
|start
|switch|p1a: DustFairy|Gardevoir, F, shiny|301\/301
|switch|p2a: Doctor P|Politoed, F|384\/384
|-weather|RainDance
|turn|1
|
|switch|p2a: Manaphy|Manaphy|378\/378
|detailschange|p1a: DustFairy|Gardevoir-Mega, F, shiny
|-mega|p1a: DustFairy|Gardevoir|Gardevoirite
|move|p1a: DustFairy|Substitute|p1a: DustFairy
|-start|p1a: DustFairy|Substitute
|-damage|p1a: DustFairy|226\/301
|
|-weather|RainDance|[upkeep]
|turn|2
|
|move|p1a: DustFairy|Hyper Voice|p2a: Manaphy
|-damage|p2a: Manaphy|95\/378
|move|p2a: Manaphy|Scald|p1a: DustFairy
|-end|p1a: DustFairy|Substitute
|
|-weather|RainDance|[upkeep]
|-heal|p2a: Manaphy|118\/378|[from] item: Leftovers
|turn|3
|
|switch|p2a: In The Zone|Magnezone, shiny|287\/287
|move|p1a: DustFairy|Hyper Voice|p2a: In The Zone
|-resisted|p2a: In The Zone
|-damage|p2a: In The Zone|132\/287
|
|-weather|RainDance|[upkeep]
|turn|4
|
|switch|p1a: BubbleTea|Wobbuffet, M, shiny|584\/584
|move|p2a: In The Zone|Volt Switch|p1a: BubbleTea
|-damage|p1a: BubbleTea|448\/584
|
|switch|p2a: Manaphy|Manaphy|118\/378
|
|-weather|RainDance|[upkeep]
|-heal|p2a: Manaphy|141\/378|[from] item: Leftovers
|-heal|p1a: BubbleTea|484\/584|[from] item: Leftovers
|turn|5
|
|move|p2a: Manaphy|Rest|p2a: Manaphy
|-status|p2a: Manaphy|slp
|-heal|p2a: Manaphy|378\/378 slp|[silent]
|-status|p2a: Manaphy|slp|[from] move: Rest
|move|p1a: BubbleTea|Encore|p2a: Manaphy
|-start|p2a: Manaphy|Encore
|
|-weather|RainDance|[upkeep]
|-curestatus|p2a: Manaphy|slp
|-heal|p1a: BubbleTea|520\/584|[from] item: Leftovers
|turn|6
|
|switch|p1a: DustFairy|Gardevoir-Mega, F, shiny|226\/301
|move|p2a: Manaphy|Rest|p2a: Manaphy
|-fail|p2a: Manaphy
|
|-weather|RainDance|[upkeep]
|turn|7
|J|GrimoireGod
|
|switch|p2a: In The Zone|Magnezone, shiny|132\/287
|move|p1a: DustFairy|Substitute|p1a: DustFairy
|-start|p1a: DustFairy|Substitute
|-damage|p1a: DustFairy|151\/301
|
|-weather|RainDance|[upkeep]
|turn|8
|
|move|p2a: In The Zone|Flash Cannon|p1a: DustFairy
|-supereffective|p1a: DustFairy
|-end|p1a: DustFairy|Substitute
|move|p1a: DustFairy|Hyper Voice|p2a: In The Zone
|-resisted|p2a: In The Zone
|-damage|p2a: In The Zone|0 fnt
|faint|p2a: In The Zone
|
|-weather|none
|
|switch|p2a: Doctor P|Politoed, F|384\/384
|-weather|RainDance
|turn|9
|
|move|p1a: DustFairy|Hyper Voice|p2a: Doctor P
|-damage|p2a: Doctor P|179\/384
|move|p2a: Doctor P|Scald|p1a: DustFairy
|-damage|p1a: DustFairy|42\/301
|
|-weather|RainDance|[upkeep]
|turn|10
|
|switch|p2a: Klefki|Klefki, M|318\/318
|move|p1a: DustFairy|Hyper Voice|p2a: Klefki
|-resisted|p2a: Klefki
|-damage|p2a: Klefki|159\/318
|
|-weather|RainDance|[upkeep]
|turn|11
|
|switch|p2a: Manaphy|Manaphy|378\/378
|move|p1a: DustFairy|Hyper Voice|p2a: Manaphy
|-damage|p2a: Manaphy|95\/378
|
|-weather|RainDance|[upkeep]
|-heal|p2a: Manaphy|118\/378|[from] item: Leftovers
|turn|12
|J|Kasumi
|c| Kasumi|Oh this is what grim was talking about
|c|âPikachuCandy|hmm?
|c| Kasumi|[01:09:41] GrimoireGod: Why is everyone using rain teams
|c| Kasumi|GrimoireGod: Why is everyone using rain teams
|
|switch|p1a: BubbleTea|Wobbuffet, M, shiny|520\/584
|switch|p2a: Klefki|Klefki, M|159\/318
|
|-weather|RainDance|[upkeep]
|-heal|p1a: BubbleTea|556\/584|[from] item: Leftovers
|turn|13
|
|move|p2a: Klefki|Thunder Wave|p1a: BubbleTea
|-status|p1a: BubbleTea|par
|move|p1a: BubbleTea|Encore|p2a: Klefki
|-start|p2a: Klefki|Encore
|
|-weather|RainDance|[upkeep]
|-heal|p1a: BubbleTea|584\/584 par|[from] item: Leftovers
|turn|14
|c|âPikachuCandy|btw
|c|âPikachuCandy|there isn't twave hax
|
|switch|p1a: Torpedoâ©|Garchomp, M, shiny|357\/357
|move|p2a: Klefki|Thunder Wave|p1a: Torpedoâ©
|-immune|p1a: Torpedoâ©|[msg]
|
|-weather|RainDance|[upkeep]
|turn|15
|c|âTythaeus|I would rather be locked into that than anything else
|c| Kasumi|That's odd
|
|move|p2a: Klefki|Thunder Wave|p1a: Torpedoâ©
|-immune|p1a: Torpedoâ©|[msg]
|move|p1a: Torpedoâ©|Swords Dance|p1a: Torpedoâ©
|-boost|p1a: Torpedoâ©|atk|2
|
|-weather|RainDance|[upkeep]
|turn|16
|c| Kasumi|Twave is a waste of a moveslot now
|c| Kasumi|And you use it :o
|c| GrimoireGod|not a waste of a moveslot
|c|âTythaeus|I didnt build a team for this meta
|c| GrimoireGod|it still slows pokemon down
|c| GrimoireGod|:p
|c|âTythaeus|Im just using my ou team lol
|
|move|p2a: Klefki|Thunder Wave|p1a: Torpedoâ©
|-immune|p1a: Torpedoâ©|[msg]
|move|p1a: Torpedoâ©|Earthquake|p2a: Klefki
|-supereffective|p2a: Klefki
|-damage|p2a: Klefki|0 fnt
|faint|p2a: Klefki
|
|-weather|none
|c|âPikachuCandy|slow me down
|
|switch|p2a: Doctor P|Politoed, F|179\/384
|-weather|RainDance
|turn|17
|c| GrimoireGod|hehe
|c|âPikachuCandy|bring out swampert
|
|move|p1a: Torpedoâ©|Earthquake|p2a: Doctor P
|-damage|p2a: Doctor P|0 fnt
|faint|p2a: Doctor P
|
|-weather|RainDance|[upkeep]
|
|switch|p2a: Beef|Swampert, M|366\/366
|turn|18
|c| Kasumi|Beef :D
|c| GrimoireGod|doesn't have the speed first turn
|c| Kasumi|VintageBeef! 
|c| GrimoireGod|probably does have the bulk tho
|c|âTythaeus|I know
|c| GrimoireGod|lol
|c|âPikachuCandy|doesn't matter tho
|c| Kasumi|I think he's Sash
|c|âTythaeus|Im p sure +2 D rush kos
|c|âTythaeus|Lol
|
|detailschange|p2a: Beef|Swampert-Mega, M
|-mega|p2a: Beef|Swampert|Swampertite
|move|p1a: Torpedoâ©|Earthquake|p2a: Beef
|-damage|p2a: Beef|11\/366
|move|p2a: Beef|Ice Punch|p1a: Torpedoâ©
|-supereffective|p1a: Torpedoâ©
|-enditem|p1a: Torpedoâ©|Focus Sash
|-damage|p1a: Torpedoâ©|1\/357
|-damage|p2a: Beef|0 fnt|[from] ability: Rough Skin|[of] p1a: Torpedoâ©
|faint|p2a: Beef
|
|-weather|RainDance|[upkeep]
|c| GrimoireGod|balk
|c|âPikachuCandy|!dt dragon rush
|c|~|\/data-move Dragon Rush
|raw|<font size="1"><font color=#585858>Priority:<\/font> 0&nbsp;|&ThickSpace;<font color=#585858><font color=black>&#10003; Secondary effect<\/font><\/font>&nbsp;|&ThickSpace;<font color=#585858><font color=black>&#10003; Contact<\/font><\/font>&nbsp;|&ThickSpace;<font color=#585858><font color=black>&#10003; Blocked by Protect<\/font><\/font>&nbsp;|&ThickSpace;<font color=#585858>Target:<\/font> One Adjacent Pokemon<\/font>
|c|âPikachuCandy|balk sash
|c| Kasumi|Rip lol
|c|âPikachuCandy|lol
|c|âTythaeus|Lol
|c| GrimoireGod|Is Dragon Rush actually better than Dragon Claw now?
|c|âPikachuCandy|Where's the freeze
|c|âTythaeus|Yes
|c|âPikachuCandy|!dt dual chop
|c|~|\/data-move Dual Chop
|raw|<font size="1"><font color=#585858>Priority:<\/font> 0&nbsp;|&ThickSpace;<font color=#585858><font color=black>&#10003; Contact<\/font><\/font>&nbsp;|&ThickSpace;<font color=#585858><font color=black>&#10003; Blocked by Protect<\/font><\/font>&nbsp;|&ThickSpace;<font color=#585858>Target:<\/font> One Adjacent Pokemon<\/font>
|c|âPikachuCandy|lewl
|c|âTythaeus|Wait, did it get merfed
|c| GrimoireGod|dunno
|c|âTythaeus|*nerfed
|c| Kasumi|How?
|c|âTythaeus|Like a small bp nerc
|c|âTythaeus|*nerf
|c| Kasumi|No
|c|âTythaeus|Cant type today
|
|switch|p2a: Celebi|Celebi|404\/404
|turn|19
|c|âPikachuCandy|gg
|
|move|p1a: Torpedoâ©|Dual Chop|p2a: Celebi
|-damage|p2a: Celebi|263\/404
|-damage|p2a: Celebi|122\/404
|-hitcount|p2a: Celebi|2
|move|p2a: Celebi|Psychic|p1a: Torpedoâ©
|-damage|p1a: Torpedoâ©|0 fnt
|faint|p1a: Torpedoâ©
|
|-weather|RainDance|[upkeep]
|-heal|p2a: Celebi|147\/404|[from] item: Leftovers
|c| GrimoireGod|Dragon Rush: Still doubles power against minimised targets. Adds 10 flinch points.
|c| GrimoireGod|not bad
|c| GrimoireGod|gg chansey
|
|switch|p1a: WishTailâ|Landorus-Therian, M|319\/319
|-ability|p1a: WishTailâ|Intimidate|[of] p2a: Celebi
|-unboost|p2a: Celebi|atk|1
|turn|20
|L|GrimoireGod
|
|move|p1a: WishTailâ|U-turn|p2a: Celebi
|-supereffective|p2a: Celebi
|-damage|p2a: Celebi|0 fnt
|faint|p2a: Celebi
|
|switch|p1a: DustFairy|Gardevoir-Mega, F, shiny|42\/301
|
|-weather|RainDance|[upkeep]
|
|switch|p2a: Manaphy|Manaphy|118\/378
|turn|21
|c|âPikachuCandy|gee gee
|
|move|p1a: DustFairy|Hyper Voice|p2a: Manaphy
|-damage|p2a: Manaphy|0 fnt
|faint|p2a: Manaphy
|
|win|PikachuCandy
|raw|Ladder updating...
|raw|PikachuCandy's rating: 1000 &rarr; <strong>1040<\/strong><br \/>(+40 for winning)
|raw|Tythaeus's rating: 1000 &rarr; <strong>1000<\/strong><br \/>(+0 for losing)