|join|morlok
|join|Tythaeus
|player|p1|morlok|238
|player|p2|Tythaeus|266
|gametype|singles
|gen|6
|tier|OU
|clearpoke
|poke|p1|Swampert, M
|poke|p1|Politoed, M
|poke|p1|Ludicolo, M
|poke|p1|Thundurus-Therian, M
|poke|p1|Gorebyss, M
|poke|p1|Kingdra, M
|poke|p2|Sableye, F
|poke|p2|Heatran, F
|poke|p2|Gardevoir, F, shiny
|poke|p2|Breloom, M, shiny
|poke|p2|Landorus, M
|poke|p2|Rotom-Wash
|rule|Swagger Clause: Swagger is banned
|rule|Baton Pass Clause: Limit one PokÃ©mon knowing Baton Pass
|rule|Sleep Clause Mod: Limit one foe put to sleep
|rule|Species Clause: Limit one of each PokÃ©mon
|rule|OHKO Clause: OHKO moves are banned
|rule|Moody Clause: Moody is banned
|rule|Evasion Moves Clause: Evasion moves are banned
|rule|Endless Battle Clause: Forcing endless battles is banned
|rule|HP Percentage Mod: HP is shown in percentages
|teampreview
|
|start
|switch|p1a: Thundurus-Therian|Thundurus-Therian, M|298\/298
|switch|p2a: Breloom|Breloom, M, shiny|261\/261
|turn|1
|
|move|p1a: Thundurus-Therian|Volt Switch|p2a: Breloom
|-crit|p2a: Breloom
|-resisted|p2a: Breloom
|-damage|p2a: Breloom|100\/261
|
|switch|p1a: Politoed|Politoed, M|383\/383
|-weather|RainDance
|move|p2a: Breloom|Rock Tomb|p1a: Politoed
|-damage|p1a: Politoed|206\/383
|-unboost|p1a: Politoed|spe|1
|-damage|p2a: Breloom|74\/261|[from] item: Life Orb
|
|-weather|RainDance|[upkeep]
|turn|2
|
|switch|p1a: Gorebyss|Gorebyss, M|314\/314
|move|p2a: Breloom|Bullet Seed|p1a: Gorebyss
|-crit|p1a: Gorebyss
|-supereffective|p1a: Gorebyss
|-damage|p1a: Gorebyss|46\/314
|-supereffective|p1a: Gorebyss
|-damage|p1a: Gorebyss|0 fnt
|-hitcount|p1a: Gorebyss|2
|-damage|p2a: Breloom|48\/261|[from] item: Life Orb
|faint|p1a: Gorebyss
|
|-weather|RainDance|[upkeep]
|
|switch|p1a: Thundurus-Therian|Thundurus-Therian, M|298\/298
|turn|3
|
|switch|p2a: Landorus|Landorus, M|319\/319
|move|p1a: Thundurus-Therian|Volt Switch|p2a: Landorus
|-immune|p2a: Landorus|[msg]
|
|-weather|RainDance|[upkeep]
|turn|4
|
|switch|p1a: Kingdra|Kingdra, M|310\/310
|move|p2a: Landorus|Earth Power|p1a: Kingdra
|-damage|p1a: Kingdra|36\/310
|
|-weather|RainDance|[upkeep]
|turn|5
|
|switch|p2a: Rotom-Wash|Rotom-Wash|304\/304
|move|p1a: Kingdra|Waterfall|p2a: Rotom-Wash
|-resisted|p2a: Rotom-Wash
|-damage|p2a: Rotom-Wash|217\/304
|-damage|p1a: Kingdra|5\/310|[from] item: Life Orb
|
|-weather|RainDance|[upkeep]
|-heal|p2a: Rotom-Wash|236\/304|[from] item: Leftovers
|turn|6
|
|move|p1a: Kingdra|Outrage|p2a: Rotom-Wash
|-damage|p2a: Rotom-Wash|63\/304
|-damage|p1a: Kingdra|0 fnt|[from] item: Life Orb
|faint|p1a: Kingdra
|move|p2a: Rotom-Wash|Hydro Pump|p1: Kingdra|[notarget]
|-notarget
|
|-weather|RainDance|[upkeep]
|-heal|p2a: Rotom-Wash|82\/304|[from] item: Leftovers
|
|switch|p1a: Ludicolo|Ludicolo, M|301\/301
|turn|7
|
|move|p1a: Ludicolo|Giga Drain|p2a: Rotom-Wash
|-supereffective|p2a: Rotom-Wash
|-damage|p2a: Rotom-Wash|0 fnt
|-damage|p1a: Ludicolo|271\/301|[from] item: Life Orb
|faint|p2a: Rotom-Wash
|
|-weather|RainDance|[upkeep]
|
|switch|p2a: Breloom|Breloom, M, shiny|48\/261
|turn|8
|
|move|p2a: Breloom|Mach Punch|p1a: Ludicolo
|-damage|p1a: Ludicolo|79\/301
|-damage|p2a: Breloom|22\/261|[from] item: Life Orb
|move|p1a: Ludicolo|Ice Beam|p2a: Breloom
|-supereffective|p2a: Breloom
|-damage|p2a: Breloom|0 fnt
|-damage|p1a: Ludicolo|49\/301|[from] item: Life Orb
|faint|p2a: Breloom
|
|-weather|none
|
|switch|p2a: Landorus|Landorus, M|319\/319
|turn|9
|
|switch|p1a: Politoed|Politoed, M|206\/383
|-weather|RainDance
|move|p2a: Landorus|Sludge Wave|p1a: Politoed
|-damage|p1a: Politoed|81\/383
|
|-weather|RainDance|[upkeep]
|turn|10
|
|move|p2a: Landorus|Earth Power|p1a: Politoed
|-damage|p1a: Politoed|0 fnt
|faint|p1a: Politoed
|
|-weather|RainDance|[upkeep]
|
|switch|p1a: Ludicolo|Ludicolo, M|49\/301
|turn|11
|
|switch|p2a: Heatran|Heatran, F|323\/323
|move|p1a: Ludicolo|Ice Beam|p2a: Heatran
|-resisted|p2a: Heatran
|-damage|p2a: Heatran|297\/323
|-damage|p1a: Ludicolo|19\/301|[from] item: Life Orb
|
|-weather|RainDance|[upkeep]
|-heal|p2a: Heatran|317\/323|[from] item: Leftovers
|turn|12
|
|move|p1a: Ludicolo|Hydro Pump|p2a: Heatran|[miss]
|-miss|p1a: Ludicolo|p2a: Heatran
|move|p2a: Heatran|Stealth Rock|p1a: Ludicolo
|-sidestart|p1: morlok|move: Stealth Rock
|
|-weather|RainDance|[upkeep]
|-heal|p2a: Heatran|323\/323|[from] item: Leftovers
|turn|13
|
|move|p1a: Ludicolo|Hydro Pump|p2a: Heatran
|-supereffective|p2a: Heatran
|-damage|p2a: Heatran|0 fnt
|-damage|p1a: Ludicolo|0 fnt|[from] item: Life Orb
|faint|p2a: Heatran
|faint|p1a: Ludicolo
|
|-weather|RainDance|[upkeep]
|
|switch|p2a: Gardevoir|Gardevoir, F, shiny|277\/277
|switch|p1a: Swampert|Swampert, M|380\/380
|-ability|p2a: Gardevoir|Torrent|[from] ability: Trace|[of] p1a: Swampert
|-damage|p1a: Swampert|357\/380|[from] Stealth Rock
|turn|14
|
|detailschange|p1a: Swampert|Swampert-Mega, M
|-mega|p1a: Swampert|Swampert|Swampertite
|move|p2a: Gardevoir|Will-O-Wisp|p1a: Swampert
|-status|p1a: Swampert|brn
|move|p1a: Swampert|Waterfall|p2a: Gardevoir
|-damage|p2a: Gardevoir|91\/277
|
|-weather|RainDance|[upkeep]
|-damage|p1a: Swampert|310\/380 brn|[from] brn
|turn|15
|
|move|p2a: Gardevoir|Will-O-Wisp|p1a: Swampert
|-fail|p1a: Swampert|brn
|move|p1a: Swampert|Waterfall|p2a: Gardevoir
|-damage|p2a: Gardevoir|0 fnt
|faint|p2a: Gardevoir
|
|-weather|RainDance|[upkeep]
|-damage|p1a: Swampert|263\/380 brn|[from] brn
|
|switch|p2a: Sableye|Sableye, F|304\/304
|turn|16
|
|move|p2a: Sableye|Calm Mind|p2a: Sableye
|-boost|p2a: Sableye|spa|1
|-boost|p2a: Sableye|spd|1
|move|p1a: Swampert|Waterfall|p2a: Sableye
|-damage|p2a: Sableye|198\/304
|
|-weather|none
|-damage|p1a: Swampert|216\/380 brn|[from] brn
|turn|17
|
|move|p2a: Sableye|Recover|p2a: Sableye
|-heal|p2a: Sableye|304\/304
|move|p1a: Swampert|Rain Dance|p1a: Swampert
|-weather|RainDance
|
|-weather|RainDance|[upkeep]
|-damage|p1a: Swampert|169\/380 brn|[from] brn
|turn|18
|
|switch|p1a: Thundurus-Therian|Thundurus-Therian, M|298\/298
|-damage|p1a: Thundurus-Therian|224\/298|[from] Stealth Rock
|move|p2a: Sableye|Calm Mind|p2a: Sableye
|-boost|p2a: Sableye|spa|1
|-boost|p2a: Sableye|spd|1
|
|-weather|RainDance|[upkeep]
|-heal|p1a: Thundurus-Therian|242\/298|[from] item: Leftovers
|turn|19
|
|detailschange|p2a: Sableye|Sableye-Mega, F
|-mega|p2a: Sableye|Sableye|Sablenite
|move|p1a: Thundurus-Therian|Nasty Plot|p1a: Thundurus-Therian
|-boost|p1a: Thundurus-Therian|spa|2
|move|p2a: Sableye|Shadow Ball|p1a: Thundurus-Therian
|-damage|p1a: Thundurus-Therian|61\/298
|
|-weather|RainDance|[upkeep]
|-heal|p1a: Thundurus-Therian|79\/298|[from] item: Leftovers
|turn|20
|
|move|p1a: Thundurus-Therian|Thunder|p2a: Sableye
|-damage|p2a: Sableye|109\/304
|-status|p2a: Sableye|par
|move|p2a: Sableye|Shadow Ball|p1a: Thundurus-Therian
|-damage|p1a: Thundurus-Therian|0 fnt
|faint|p1a: Thundurus-Therian
|
|-weather|RainDance|[upkeep]
|
|switch|p1a: Swampert|Swampert-Mega, M|169\/380 brn
|-damage|p1a: Swampert|146\/380 brn|[from] Stealth Rock
|turn|21
|
|move|p1a: Swampert|Waterfall|p2a: Sableye
|-damage|p2a: Sableye|24\/304 par
|move|p2a: Sableye|Shadow Ball|p1a: Swampert
|-damage|p1a: Swampert|0 fnt
|faint|p1a: Swampert
|
|win|Tythaeus
|c|âTythaeus|gg
|c|âmorlok|gg