|join|DemonsRising
|join|Tythaeus
|player|p1|DemonsRising|150
|player|p2|Tythaeus|40
|gametype|singles
|gen|6
|tier|OU
|rated
|clearpoke
|poke|p1|Smeargle, M, shiny
|poke|p1|Rotom-Wash, shiny
|poke|p1|Scizor, F, shiny
|poke|p1|Charizard, M, shiny
|poke|p1|Excadrill, M, shiny
|poke|p1|Trevenant, M, shiny
|poke|p2|Sableye, M
|poke|p2|Gliscor, M
|poke|p2|Talonflame, M
|poke|p2|Excadrill, F
|poke|p2|Manaphy
|poke|p2|Clefable, M
|rule|Swagger Clause: Swagger is banned
|rule|Baton Pass Clause: Limit one PokÃ©mon knowing Baton Pass
|rule|Sleep Clause Mod: Limit one foe put to sleep
|rule|Species Clause: Limit one of each PokÃ©mon
|rule|OHKO Clause: OHKO moves are banned
|rule|Moody Clause: Moody is banned
|rule|Evasion Moves Clause: Evasion moves are banned
|rule|Endless Battle Clause: Forcing endless battles is banned
|rule|HP Percentage Mod: HP is shown in percentages
|teampreview
|
|start
|switch|p1a: Smeargle|Smeargle, M, shiny|314\/314
|switch|p2a: Sableye|Sableye, M|303\/303
|turn|1
|
|detailschange|p2a: Sableye|Sableye-Mega, M
|message|Sableye has Mega Evolved into Mega Sableye!
|move|p2a: Sableye|Will-O-Wisp|p1a: Smeargle
|-status|p1a: Smeargle|brn
|move|p1a: Smeargle|Spore|p2a: Sableye
|move|p2a: Sableye|Spore|p1a: Smeargle|[from]Magic Bounce
|-fail|p1a: Smeargle
|
|-damage|p1a: Smeargle|275\/314 brn|[from] brn
|turn|2
|
|switch|p1a: Rotom-Wash|Rotom-Wash, shiny|304\/304
|move|p2a: Sableye|Knock Off|p1a: Rotom-Wash
|-damage|p1a: Rotom-Wash|228\/304
|-enditem|p1a: Rotom-Wash|Leftovers|[from] move: Knock Off|[of] p2a: Sableye
|
|turn|3
|
|move|p1a: Rotom-Wash|Volt Switch|p2a: Sableye
|-damage|p2a: Sableye|234\/303
|
|switch|p1a: Scizor|Scizor, F, shiny|282\/282
|move|p2a: Sableye|Will-O-Wisp|p1a: Scizor
|-status|p1a: Scizor|brn
|
|-damage|p1a: Scizor|247\/282 brn|[from] brn
|turn|4
|
|move|p1a: Scizor|U-turn|p2a: Sableye
|-damage|p2a: Sableye|167\/303
|
|switch|p1a: Charizard|Charizard, M, shiny|298\/298
|move|p2a: Sableye|Knock Off|p1a: Charizard
|-damage|p1a: Charizard|220\/298
|
|turn|5
|
|detailschange|p1a: Charizard|Charizard-Mega-Y, M, shiny
|message|Charizard has Mega Evolved into Mega Charizard!
|-weather|SunnyDay
|move|p1a: Charizard|Fire Blast|p2a: Sableye|[miss]
|-miss|p1a: Charizard|p2a: Sableye
|move|p2a: Sableye|Recover|p2a: Sableye
|-heal|p2a: Sableye|303\/303
|
|-weather|SunnyDay|[upkeep]
|turn|6
|
|switch|p2a: Manaphy|Manaphy|404\/404
|move|p1a: Charizard|Fire Blast|p2a: Manaphy
|-resisted|p2a: Manaphy
|-damage|p2a: Manaphy|242\/404
|
|-weather|SunnyDay|[upkeep]
|-heal|p2a: Manaphy|267\/404|[from] item: Leftovers
|turn|7
|
|move|p1a: Charizard|Solar Beam|p2a: Manaphy|[still]
|-prepare|p1a: Charizard|Solar Beam|p2a: Manaphy
|-anim|p1a: Charizard|Solar Beam|p2a: Manaphy
|-supereffective|p2a: Manaphy
|-damage|p2a: Manaphy|0 fnt
|faint|p2a: Manaphy
|
|-weather|SunnyDay|[upkeep]
|
|switch|p2a: Talonflame|Talonflame, M|317\/317
|turn|8
|
|switch|p2a: Excadrill|Excadrill, F|424\/424
|-ability|p2a: Excadrill|Mold Breaker
|switch|p1a: Smeargle|Smeargle, M, shiny|275\/314 brn
|
|-weather|SunnyDay|[upkeep]
|-damage|p1a: Smeargle|236\/314 brn|[from] brn
|turn|9
|
|switch|p2a: Sableye|Sableye-Mega, M|303\/303
|move|p1a: Smeargle|Spore|p2a: Sableye
|move|p2a: Sableye|Spore|p1a: Smeargle|[from]Magic Bounce
|-fail|p1a: Smeargle
|
|-weather|none
|-damage|p1a: Smeargle|197\/314 brn|[from] brn
|turn|10
|
|switch|p2a: Talonflame|Talonflame, M|317\/317
|move|p1a: Smeargle|Nuzzle|p2a: Talonflame
|-supereffective|p2a: Talonflame
|-damage|p2a: Talonflame|309\/317
|-status|p2a: Talonflame|par
|
|-heal|p2a: Talonflame|317\/317 par|[from] item: Leftovers
|-damage|p1a: Smeargle|158\/314 brn|[from] brn
|turn|11
|
|cant|p2a: Talonflame|par
|move|p1a: Smeargle|Stealth Rock|p2a: Talonflame
|-sidestart|p2: Tythaeus|move: Stealth Rock
|
|-damage|p1a: Smeargle|119\/314 brn|[from] brn
|turn|12
|
|cant|p2a: Talonflame|par
|move|p1a: Smeargle|Sticky Web|p2a: Talonflame
|-sidestart|p2: Tythaeus|move: Sticky Web
|
|-damage|p1a: Smeargle|80\/314 brn|[from] brn
|turn|13
|
|switch|p2a: Excadrill|Excadrill, F|424\/424
|-damage|p2a: Excadrill|411\/424|[from] Stealth Rock
|-activate|p2a: Excadrill|move: Sticky Web
|-unboost|p2a: Excadrill|spe|1
|-ability|p2a: Excadrill|Mold Breaker
|move|p1a: Smeargle|Nuzzle|p2a: Excadrill
|-immune|p2a: Excadrill|[msg]
|
|-heal|p2a: Excadrill|424\/424|[from] item: Leftovers
|-damage|p1a: Smeargle|41\/314 brn|[from] brn
|turn|14
|
|switch|p2a: Sableye|Sableye-Mega, M|303\/303
|-damage|p2a: Sableye|266\/303|[from] Stealth Rock
|-activate|p2a: Sableye|move: Sticky Web
|-unboost|p2a: Sableye|spe|1
|move|p1a: Smeargle|Spore|p2a: Sableye
|move|p2a: Sableye|Spore|p1a: Smeargle|[from]Magic Bounce
|-fail|p1a: Smeargle
|
|-damage|p1a: Smeargle|2\/314 brn|[from] brn
|turn|15
|
|move|p1a: Smeargle|Spore|p2a: Sableye
|move|p2a: Sableye|Spore|p1a: Smeargle|[from]Magic Bounce
|-fail|p1a: Smeargle
|move|p2a: Sableye|Recover|p2a: Sableye
|-heal|p2a: Sableye|303\/303
|
|-damage|p1a: Smeargle|0 fnt|[from] brn
|faint|p1a: Smeargle
|
|switch|p1a: Charizard|Charizard-Mega-Y, M, shiny|220\/298
|-weather|SunnyDay
|turn|16
|
|move|p1a: Charizard|Fire Blast|p2a: Sableye
|-damage|p2a: Sableye|12\/303
|move|p2a: Sableye|Foul Play|p1a: Charizard
|-damage|p1a: Charizard|87\/298
|
|-weather|SunnyDay|[upkeep]
|turn|17
|
|move|p1a: Charizard|Dragon Pulse|p2a: Sableye
|-damage|p2a: Sableye|0 fnt
|faint|p2a: Sableye
|
|-weather|SunnyDay|[upkeep]
|
|switch|p2a: Talonflame|Talonflame, M|317\/317 par
|-damage|p2a: Talonflame|159\/317 par|[from] Stealth Rock
|turn|18
|
|switch|p1a: Rotom-Wash|Rotom-Wash, shiny|228\/304
|move|p2a: Talonflame|Roost|p2a: Talonflame
|-heal|p2a: Talonflame|317\/317 par
|
|-weather|SunnyDay|[upkeep]
|turn|19
|
|switch|p2a: Excadrill|Excadrill, F|424\/424
|-activate|p2a: Excadrill|move: Sticky Web
|-unboost|p2a: Excadrill|spe|1
|-damage|p2a: Excadrill|411\/424|[from] Stealth Rock
|-ability|p2a: Excadrill|Mold Breaker
|move|p1a: Rotom-Wash|Volt Switch|p2a: Excadrill
|-immune|p2a: Excadrill|[msg]
|
|-weather|SunnyDay|[upkeep]
|-heal|p2a: Excadrill|424\/424|[from] item: Leftovers
|turn|20
|
|switch|p1a: Trevenant|Trevenant, M, shiny|374\/374
|move|p2a: Excadrill|Rapid Spin|p1a: Trevenant
|-immune|p1a: Trevenant|[msg]
|
|-weather|none
|turn|21
|
|switch|p2a: Clefable|Clefable, M|394\/394
|-activate|p2a: Clefable|move: Sticky Web
|-unboost|p2a: Clefable|spe|1
|move|p1a: Trevenant|Horn Leech|p2a: Clefable
|-damage|p2a: Clefable|274\/394
|
|-heal|p2a: Clefable|298\/394|[from] item: Leftovers
|turn|22
|
|move|p1a: Trevenant|Leech Seed|p2a: Clefable
|-start|p2a: Clefable|move: Leech Seed
|move|p2a: Clefable|Heal Bell|p2a: Clefable
|-cureteam|p2a: Clefable|[from] move: HealBell
|
|-heal|p2a: Clefable|322\/394|[from] item: Leftovers
|turn|23
|
|move|p1a: Trevenant|Horn Leech|p2a: Clefable
|-damage|p2a: Clefable|187\/394
|move|p2a: Clefable|Fire Blast|p1a: Trevenant
|-supereffective|p1a: Trevenant
|-damage|p1a: Trevenant|162\/374
|
|-heal|p1a: Trevenant|185\/374|[from] item: Leftovers
|-heal|p2a: Clefable|211\/394|[from] item: Leftovers
|turn|24
|
|switch|p1a: Rotom-Wash|Rotom-Wash, shiny|228\/304
|move|p2a: Clefable|Fire Blast|p1a: Rotom-Wash
|-resisted|p1a: Rotom-Wash
|-damage|p1a: Rotom-Wash|181\/304
|-status|p1a: Rotom-Wash|brn
|
|-heal|p2a: Clefable|235\/394|[from] item: Leftovers
|-damage|p1a: Rotom-Wash|143\/304 brn|[from] brn
|turn|25
|
|move|p1a: Rotom-Wash|Hydro Pump|p2a: Clefable
|-damage|p2a: Clefable|82\/394
|move|p2a: Clefable|Moonblast|p1a: Rotom-Wash
|-crit|p1a: Rotom-Wash
|-damage|p1a: Rotom-Wash|0 fnt
|faint|p1a: Rotom-Wash
|
|-heal|p2a: Clefable|106\/394|[from] item: Leftovers
|
|switch|p1a: Trevenant|Trevenant, M, shiny|185\/374
|turn|26
|
|switch|p2a: Gliscor|Gliscor, M|354\/354
|-damage|p2a: Gliscor|310\/354|[from] Stealth Rock
|move|p1a: Trevenant|Horn Leech|p2a: Gliscor
|-crit|p2a: Gliscor
|-damage|p2a: Gliscor|193\/354
|-heal|p1a: Trevenant|244\/374|[from] drain|[of] p2a: Gliscor
|
|-heal|p1a: Trevenant|267\/374|[from] item: Leftovers
|-status|p2a: Gliscor|tox|[from] item: Toxic Orb
|turn|27
|
|move|p2a: Gliscor|Stealth Rock|p1a: Trevenant
|-sidestart|p1: DemonsRising|move: Stealth Rock
|move|p1a: Trevenant|Leech Seed|p2a: Gliscor
|-start|p2a: Gliscor|move: Leech Seed
|
|-heal|p1a: Trevenant|290\/374|[from] item: Leftovers
|-damage|p2a: Gliscor|149\/354 tox|[from] Leech Seed|[of] p1a: Trevenant
|-heal|p1a: Trevenant|334\/374|[silent]
|-heal|p2a: Gliscor|193\/354 tox|[from] ability: Poison Heal
|turn|28
|
|switch|p2a: Talonflame|Talonflame, M|317\/317
|-damage|p2a: Talonflame|159\/317|[from] Stealth Rock
|move|p1a: Trevenant|Horn Leech|p2a: Talonflame
|-resisted|p2a: Talonflame
|-damage|p2a: Talonflame|128\/317
|-heal|p1a: Trevenant|350\/374|[from] drain|[of] p2a: Talonflame
|
|-heal|p2a: Talonflame|147\/317|[from] item: Leftovers
|-heal|p1a: Trevenant|373\/374|[from] item: Leftovers
|turn|29
|
|move|p2a: Talonflame|Flare Blitz|p1a: Trevenant
|-supereffective|p1a: Trevenant
|-damage|p1a: Trevenant|0 fnt
|-damage|p2a: Talonflame|24\/317|[from] recoil|[of] p1a: Trevenant
|faint|p1a: Trevenant
|
|-heal|p2a: Talonflame|43\/317|[from] item: Leftovers
|
|switch|p1a: Scizor|Scizor, F, shiny|247\/282 brn
|-damage|p1a: Scizor|212\/282 brn|[from] Stealth Rock
|turn|30
|
|move|p2a: Talonflame|Roost|p2a: Talonflame
|-heal|p2a: Talonflame|202\/317
|move|p1a: Scizor|Bullet Punch|p2a: Talonflame
|-resisted|p2a: Talonflame
|-damage|p2a: Talonflame|140\/317
|
|-heal|p2a: Talonflame|159\/317|[from] item: Leftovers
|-damage|p1a: Scizor|177\/282 brn|[from] brn
|turn|31
|
|move|p2a: Talonflame|Roost|p2a: Talonflame
|-heal|p2a: Talonflame|317\/317
|move|p1a: Scizor|Bullet Punch|p2a: Talonflame
|-resisted|p2a: Talonflame
|-damage|p2a: Talonflame|259\/317
|
|-heal|p2a: Talonflame|278\/317|[from] item: Leftovers
|-damage|p1a: Scizor|142\/282 brn|[from] brn
|turn|32
|
|move|p1a: Scizor|Bullet Punch|p2a: Talonflame
|-resisted|p2a: Talonflame
|-damage|p2a: Talonflame|218\/317
|move|p2a: Talonflame|Swords Dance|p2a: Talonflame
|-boost|p2a: Talonflame|atk|2
|
|-heal|p2a: Talonflame|237\/317|[from] item: Leftovers
|-damage|p1a: Scizor|107\/282 brn|[from] brn
|turn|33
|
|switch|p1a: Excadrill|Excadrill, M, shiny|361\/361
|-damage|p1a: Excadrill|350\/361|[from] Stealth Rock
|-ability|p1a: Excadrill|Mold Breaker
|-item|p1a: Excadrill|Air Balloon
|move|p2a: Talonflame|Swords Dance|p2a: Talonflame
|-boost|p2a: Talonflame|atk|2
|
|-heal|p2a: Talonflame|256\/317|[from] item: Leftovers
|turn|34
|
|move|p2a: Talonflame|Flare Blitz|p1a: Excadrill
|-supereffective|p1a: Excadrill
|-damage|p1a: Excadrill|0 fnt
|-enditem|p1a: Excadrill|Air Balloon
|-damage|p2a: Talonflame|140\/317|[from] recoil|[of] p1a: Excadrill
|faint|p1a: Excadrill
|
|-heal|p2a: Talonflame|159\/317|[from] item: Leftovers
|
|switch|p1a: Charizard|Charizard-Mega-Y, M, shiny|87\/298
|-damage|p1a: Charizard|0 fnt|[from] Stealth Rock
|faint|p1a: Charizard
|-message|DemonsRising forfeited.
|
|win|Tythaeus
|raw|Ladder updating...
|leave|DemonsRising
|player|p1
|raw|DemonsRising's rating: 1273 &rarr; <strong>1248<\/strong><br \/>(-25 for losing)
|raw|Tythaeus's rating: 1272 &rarr; <strong>1297<\/strong><br \/>(+25 for winning)