|join|Tythaeus
|join|asdfyolo
|player|p1|Tythaeus|190
|player|p2|asdfyolo|169
|gametype|singles
|gen|6
|tier|OU
|rated
|clearpoke
|poke|p1|Metagross, shiny
|poke|p1|Landorus-Therian, M
|poke|p1|Klefki, M
|poke|p1|Keldeo-Resolute
|poke|p1|Magnezone
|poke|p1|Latias, F, shiny
|poke|p2|Slowbro, M
|poke|p2|Chansey, F
|poke|p2|Landorus-Therian, M
|poke|p2|Bisharp, F
|poke|p2|Heatran, F
|poke|p2|Chesnaught, M
|rule|Swagger Clause: Swagger is banned
|rule|Baton Pass Clause: Limit one PokÃ©mon knowing Baton Pass
|rule|Sleep Clause Mod: Limit one foe put to sleep
|rule|Species Clause: Limit one of each PokÃ©mon
|rule|OHKO Clause: OHKO moves are banned
|rule|Moody Clause: Moody is banned
|rule|Evasion Moves Clause: Evasion moves are banned
|rule|Endless Battle Clause: Forcing endless battles is banned
|rule|HP Percentage Mod: HP is shown in percentages
|teampreview
|
|start
|switch|p1a: Keychain|Klefki, M|318\/318
|switch|p2a: Chesnaught|Chesnaught, M|380\/380
|turn|1
|
|move|p1a: Keychain|Spikes|p2a: Chesnaught
|-sidestart|p2: asdfyolo|Spikes
|move|p2a: Chesnaught|Leech Seed|p1a: Keychain
|-start|p1a: Keychain|move: Leech Seed
|
|-damage|p1a: Keychain|279\/318|[from] Leech Seed|[of] p2a: Chesnaught
|turn|2
|
|switch|p1a: Eons|Latias, F, shiny|301\/301
|move|p2a: Chesnaught|Spikes|p1a: Eons
|-sidestart|p1: Tythaeus|Spikes
|
|turn|3
|
|switch|p2a: Bisharp|Bisharp, F|302\/302
|-damage|p2a: Bisharp|265\/302|[from] Spikes
|move|p1a: Eons|Psyshock|p2a: Bisharp
|-immune|p2a: Bisharp|[msg]
|
|-heal|p2a: Bisharp|283\/302|[from] item: Leftovers
|turn|4
|
|move|p1a: Eons|Hidden Power|p2a: Bisharp
|-supereffective|p2a: Bisharp
|-damage|p2a: Bisharp|0 fnt
|-damage|p1a: Eons|271\/301|[from] item: Life Orb
|faint|p2a: Bisharp
|
|
|switch|p2a: Heatran|Heatran, F|386\/386
|-damage|p2a: Heatran|338\/386|[from] Spikes
|turn|5
|c|âasdfyolo|wow
|
|switch|p1a: MLP|Keldeo-Resolute|323\/323
|-damage|p1a: MLP|283\/323|[from] Spikes
|move|p2a: Heatran|Stealth Rock|p1a: MLP
|-sidestart|p1: Tythaeus|move: Stealth Rock
|
|-heal|p2a: Heatran|362\/386|[from] item: Leftovers
|turn|6
|
|switch|p2a: Slowbro|Slowbro, M|393\/393
|-damage|p2a: Slowbro|344\/393|[from] Spikes
|move|p1a: MLP|Scald|p2a: Slowbro
|-resisted|p2a: Slowbro
|-damage|p2a: Slowbro|253\/393
|
|turn|7
|
|switch|p1a: Autozone|Magnezone|324\/324
|-damage|p1a: Autozone|284\/324|[from] Spikes
|-damage|p1a: Autozone|264\/324|[from] Stealth Rock
|move|p2a: Slowbro|Thunder Wave|p1a: Autozone
|-fail|p1a: Autozone
|
|turn|8
|
|switch|p2a: Chansey|Chansey, F|703\/703
|-damage|p2a: Chansey|616\/703|[from] Spikes
|move|p1a: Autozone|Thunderbolt|p2a: Chansey
|-damage|p2a: Chansey|448\/703
|
|turn|9
|
|switch|p1a: Tigre|Landorus-Therian, M|381\/381
|-damage|p1a: Tigre|334\/381|[from] Stealth Rock
|-ability|p1a: Tigre|Intimidate|[of] p2a: Chansey
|-unboost|p2a: Chansey|atk|1
|move|p2a: Chansey|Soft-Boiled|p2a: Chansey
|-heal|p2a: Chansey|703\/703
|
|turn|10
|
|switch|p2a: Slowbro|Slowbro, M|384\/393
|-damage|p2a: Slowbro|335\/393|[from] Spikes
|move|p1a: Tigre|Stealth Rock|p2a: Slowbro
|-sidestart|p2: asdfyolo|move: Stealth Rock
|
|turn|11
|
|move|p1a: Tigre|U-turn|p2a: Slowbro
|-supereffective|p2a: Slowbro
|-damage|p2a: Slowbro|239\/393
|
|switch|p1a: Eons|Latias, F, shiny|271\/301
|-damage|p1a: Eons|234\/301|[from] Stealth Rock
|move|p2a: Slowbro|Scald|p1a: Eons
|-resisted|p1a: Eons
|-damage|p1a: Eons|195\/301
|-status|p1a: Eons|brn
|
|-damage|p1a: Eons|158\/301 brn|[from] brn
|turn|12
|c|âasdfyolo|good enuf
|
|switch|p2a: Chansey|Chansey, F|703\/703
|-damage|p2a: Chansey|616\/703|[from] Stealth Rock
|-damage|p2a: Chansey|529\/703|[from] Spikes
|move|p1a: Eons|Psyshock|p2a: Chansey
|-damage|p2a: Chansey|298\/703
|-damage|p1a: Eons|128\/301 brn|[from] item: Life Orb
|
|-damage|p1a: Eons|91\/301 brn|[from] brn
|turn|13
|
|switch|p1a: Tigre|Landorus-Therian, M|334\/381
|-damage|p1a: Tigre|287\/381|[from] Stealth Rock
|-ability|p1a: Tigre|Intimidate|[of] p2a: Chansey
|-unboost|p2a: Chansey|atk|1
|move|p2a: Chansey|Soft-Boiled|p2a: Chansey
|-heal|p2a: Chansey|650\/703
|
|turn|14
|
|move|p1a: Tigre|U-turn|p2a: Chansey
|-damage|p2a: Chansey|541\/703
|
|switch|p1a: X Factor|Metagross, shiny|318\/318
|-damage|p1a: X Factor|299\/318|[from] Stealth Rock
|-damage|p1a: X Factor|260\/318|[from] Spikes
|move|p2a: Chansey|Wish|p2a: Chansey
|
|turn|15
|
|switch|p1a: Autozone|Magnezone|264\/324
|-damage|p1a: Autozone|244\/324|[from] Stealth Rock
|-damage|p1a: Autozone|204\/324|[from] Spikes
|move|p2a: Chansey|Seismic Toss|p1a: Autozone
|-damage|p1a: Autozone|104\/324
|
|-heal|p2a: Chansey|703\/703|[from] move: Wish|[wisher] Chansey
|turn|16
|
|move|p1a: Autozone|Volt Switch|p2a: Chansey
|-damage|p2a: Chansey|571\/703
|
|switch|p1a: X Factor|Metagross, shiny|260\/318
|-damage|p1a: X Factor|221\/318|[from] Spikes
|-damage|p1a: X Factor|202\/318|[from] Stealth Rock
|move|p2a: Chansey|Seismic Toss|p1a: X Factor
|-damage|p1a: X Factor|102\/318
|
|turn|17
|
|detailschange|p1a: X Factor|Metagross-Mega, shiny
|-mega|p1a: X Factor|Metagross|Metagrossite
|move|p1a: X Factor|Zen Headbutt|p2a: Chansey
|-damage|p2a: Chansey|279\/703
|move|p2a: Chansey|Seismic Toss|p1a: X Factor
|-damage|p1a: X Factor|2\/318
|
|turn|18
|
|switch|p2a: Slowbro|Slowbro, M|370\/393
|-damage|p2a: Slowbro|321\/393|[from] Stealth Rock
|-damage|p2a: Slowbro|272\/393|[from] Spikes
|move|p1a: X Factor|Zen Headbutt|p2a: Slowbro
|-resisted|p2a: Slowbro
|-damage|p2a: Slowbro|192\/393
|
|turn|19
|
|switch|p1a: Eons|Latias, F, shiny|91\/301 brn
|-damage|p1a: Eons|54\/301 brn|[from] Stealth Rock
|move|p2a: Slowbro|Slack Off|p2a: Slowbro
|-heal|p2a: Slowbro|389\/393
|
|-damage|p1a: Eons|17\/301 brn|[from] brn
|turn|20
|
|move|p1a: Eons|Healing Wish|p1a: Eons
|faint|p1a: Eons
|move|p2a: Slowbro|Scald|p1: Eons|[notarget]
|-notarget
|
|
|switch|p1a: X Factor|Metagross-Mega, shiny|2\/318
|-heal|p1a: X Factor|318\/318|[from] move: Healing Wish
|-damage|p1a: X Factor|279\/318|[from] Spikes
|-damage|p1a: X Factor|260\/318|[from] Stealth Rock
|turn|21
|c|âasdfyolo|no hazards yet, bull
|
|switch|p1a: Keychain|Klefki, M|279\/318
|-damage|p1a: Keychain|260\/318|[from] Stealth Rock
|-damage|p1a: Keychain|221\/318|[from] Spikes
|move|p2a: Slowbro|Thunder Wave|p1a: Keychain
|-status|p1a: Keychain|par
|
|turn|22
|
|switch|p2a: Chansey|Chansey, F|279\/703
|-damage|p2a: Chansey|192\/703|[from] Stealth Rock
|-damage|p2a: Chansey|105\/703|[from] Spikes
|cant|p1a: Keychain|par
|
|turn|23
|c|âasdfyolo|nice
|
|cant|p1a: Keychain|par
|move|p2a: Chansey|Soft-Boiled|p2a: Chansey
|-heal|p2a: Chansey|457\/703
|
|turn|24
|
|move|p1a: Keychain|Spikes|p2a: Chansey
|-sidestart|p2: asdfyolo|Spikes
|move|p2a: Chansey|Soft-Boiled|p2a: Chansey
|-heal|p2a: Chansey|703\/703
|
|turn|25
|
|move|p1a: Keychain|Spikes|p2a: Chansey
|-sidestart|p2: asdfyolo|Spikes
|move|p2a: Chansey|Wish|p2a: Chansey
|
|turn|26
|
|switch|p2a: Heatran|Heatran, F|362\/386
|-damage|p2a: Heatran|266\/386|[from] Spikes
|-damage|p2a: Heatran|218\/386|[from] Stealth Rock
|switch|p1a: X Factor|Metagross-Mega, shiny|260\/318
|-damage|p1a: X Factor|221\/318|[from] Spikes
|-damage|p1a: X Factor|202\/318|[from] Stealth Rock
|
|-heal|p2a: Heatran|386\/386|[from] move: Wish|[wisher] Chansey
|turn|27
|
|switch|p1a: Tigre|Landorus-Therian, M|287\/381
|-damage|p1a: Tigre|240\/381|[from] Stealth Rock
|-ability|p1a: Tigre|Intimidate|[of] p2a: Heatran
|-unboost|p2a: Heatran|atk|1
|switch|p2a: Landorus-Therian|Landorus-Therian, M|381\/381
|-damage|p2a: Landorus-Therian|334\/381|[from] Stealth Rock
|-ability|p2a: Landorus-Therian|Intimidate|[of] p1a: Tigre
|-unboost|p1a: Tigre|atk|1
|
|turn|28
|c|âasdfyolo|nice
|
|move|p1a: Tigre|U-turn|p2a: Landorus-Therian
|-resisted|p2a: Landorus-Therian
|-damage|p2a: Landorus-Therian|308\/381
|c|âasdfyolo|nice scarfer
|
|switch|p1a: MLP|Keldeo-Resolute|283\/323
|-damage|p1a: MLP|263\/323|[from] Stealth Rock
|-damage|p1a: MLP|223\/323|[from] Spikes
|move|p2a: Landorus-Therian|Knock Off|p1a: MLP
|-resisted|p1a: MLP
|-damage|p1a: MLP|115\/323
|-boost|p1a: MLP|atk|1|[from] ability: Justified
|-enditem|p1a: MLP|Choice Scarf|[from] move: Knock Off|[of] p2a: Landorus-Therian
|
|turn|29
|c|âTythaeus|A scarfer with rocks?
|c|âTythaeus|Lol
|c|âasdfyolo|yea
|c|âasdfyolo|lol jk brah
|
|switch|p2a: Slowbro|Slowbro, M|393\/393
|-damage|p2a: Slowbro|295\/393|[from] Spikes
|-damage|p2a: Slowbro|246\/393|[from] Stealth Rock
|move|p1a: MLP|Secret Sword|p2a: Slowbro
|-crit|p2a: Slowbro
|-resisted|p2a: Slowbro
|-damage|p2a: Slowbro|165\/393
|
|turn|30
|
|move|p1a: MLP|Hidden Power|p2a: Slowbro
|-supereffective|p2a: Slowbro
|-damage|p2a: Slowbro|0 fnt
|faint|p2a: Slowbro
|
|c|âasdfyolo|mother of god
|c|âasdfyolo|nooooooo
|c|âTythaeus|Lol
|
|switch|p2a: Chesnaught|Chesnaught, M|380\/380
|-damage|p2a: Chesnaught|285\/380|[from] Spikes
|-damage|p2a: Chesnaught|262\/380|[from] Stealth Rock
|turn|31
|c|âasdfyolo|now, hp grass is like so effing common on keldeos it always pisses me off when my slowbro dies
|
|move|p1a: MLP|Scald|p2a: Chesnaught
|-resisted|p2a: Chesnaught
|-damage|p2a: Chesnaught|179\/380
|-status|p2a: Chesnaught|brn
|move|p2a: Chesnaught|Drain Punch|p1a: MLP
|-damage|p1a: MLP|64\/323
|-heal|p2a: Chesnaught|205\/380 brn|[from] drain|[of] p1a: MLP
|
|-heal|p2a: Chesnaught|228\/380 brn|[from] item: Leftovers
|-damage|p2a: Chesnaught|181\/380 brn|[from] brn
|turn|32
|c|âasdfyolo|da burn doe
|c|âasdfyolo|ahh
|
|move|p1a: MLP|Secret Sword|p2a: Chesnaught
|-damage|p2a: Chesnaught|93\/380 brn
|move|p2a: Chesnaught|Leech Seed|p1a: MLP
|-start|p1a: MLP|move: Leech Seed
|
|-heal|p2a: Chesnaught|116\/380 brn|[from] item: Leftovers
|-damage|p1a: MLP|24\/323|[from] Leech Seed|[of] p2a: Chesnaught
|-heal|p2a: Chesnaught|156\/380 brn|[silent]
|-damage|p2a: Chesnaught|109\/380 brn|[from] brn
|turn|33
|c|âasdfyolo|alright
|
|move|p2a: Chesnaught|Spiky Shield|p2a: Chesnaught
|-singleturn|p2a: Chesnaught|move: Protect
|move|p1a: MLP|Secret Sword|p2a: Chesnaught
|-activate|p2a: Chesnaught|move: Protect
|
|-heal|p2a: Chesnaught|132\/380 brn|[from] item: Leftovers
|-damage|p1a: MLP|0 fnt|[from] Leech Seed|[of] p2a: Chesnaught
|-heal|p2a: Chesnaught|156\/380 brn|[silent]
|-damage|p2a: Chesnaught|109\/380 brn|[from] brn
|faint|p1a: MLP
|
|switch|p1a: X Factor|Metagross-Mega, shiny|202\/318
|-damage|p1a: X Factor|183\/318|[from] Stealth Rock
|-damage|p1a: X Factor|144\/318|[from] Spikes
|turn|34
|
|move|p1a: X Factor|Zen Headbutt|p2a: Chesnaught
|-supereffective|p2a: Chesnaught
|-damage|p2a: Chesnaught|0 fnt
|faint|p2a: Chesnaught
|
|
|switch|p2a: Landorus-Therian|Landorus-Therian, M|308\/381
|-damage|p2a: Landorus-Therian|261\/381|[from] Stealth Rock
|-ability|p2a: Landorus-Therian|Intimidate|[of] p1a: X Factor
|-unboost|p1a: X Factor|atk|1
|turn|35
|
|move|p1a: X Factor|Ice Punch|p2a: Landorus-Therian
|-supereffective|p2a: Landorus-Therian
|-damage|p2a: Landorus-Therian|0 fnt
|faint|p2a: Landorus-Therian
|
|-message|asdfyolo forfeited.
|leave|asdfyolo
|
|win|Tythaeus
|raw|Ladder updating...
|player|p2
|raw|Tythaeus's rating: 1395 &rarr; <strong>1416<\/strong><br \/>(+21 for winning)
|raw|asdfyolo's rating: 1410 &rarr; <strong>1389<\/strong><br \/>(-21 for losing)