|join|Snickered
|join|Tythaeus
|player|p1|Snickered|34
|player|p2|Tythaeus|96
|gametype|singles
|gen|6
|tier|OU
|rated
|clearpoke
|poke|p1|Gallade, M
|poke|p1|Ferrothorn, M
|poke|p1|Thundurus, M
|poke|p1|Slowbro, F
|poke|p1|Azelf
|poke|p1|Excadrill, M
|poke|p2|Azelf
|poke|p2|Bisharp, F
|poke|p2|Thundurus, M
|poke|p2|Landorus, M
|poke|p2|Diancie
|poke|p2|Keldeo-Resolute
|rule|Swagger Clause: Swagger is banned
|rule|Baton Pass Clause: Limit one PokÃ©mon knowing Baton Pass
|rule|Sleep Clause Mod: Limit one foe put to sleep
|rule|Species Clause: Limit one of each PokÃ©mon
|rule|OHKO Clause: OHKO moves are banned
|rule|Moody Clause: Moody is banned
|rule|Evasion Moves Clause: Evasion moves are banned
|rule|Endless Battle Clause: Forcing endless battles is banned
|rule|HP Percentage Mod: HP is shown in percentages
|teampreview
|c|âSnickered|glhf
|c|âTythaeus|Didnt I play you before?
|c|âSnickered|i dont think so
|
|start
|switch|p1a: Azelf|Azelf|291\/291
|switch|p2a: short circuit|Thundurus, M|299\/299
|turn|1
|
|move|p2a: short circuit|Taunt|p1a: Azelf
|-start|p1a: Azelf|move: Taunt
|move|p1a: Azelf|Hidden Power|p2a: short circuit
|-supereffective|p2a: short circuit
|-damage|p2a: short circuit|141\/299
|
|turn|2
|
|switch|p1a: Ferrothorn|Ferrothorn, M|352\/352
|switch|p2a: open up|Azelf|291\/291
|
|turn|3
|
|switch|p1a: Azelf|Azelf|291\/291
|move|p2a: open up|Fire Blast|p1a: Azelf
|-damage|p1a: Azelf|156\/291
|
|turn|4
|
|move|p1a: Azelf|Stealth Rock|p2a: open up
|-sidestart|p2: Tythaeus|move: Stealth Rock
|move|p2a: open up|Taunt|p1a: Azelf
|-start|p1a: Azelf|move: Taunt
|
|turn|5
|
|move|p2a: open up|Stealth Rock|p1a: Azelf
|-sidestart|p1: Snickered|move: Stealth Rock
|move|p1a: Azelf|Fire Blast|p2a: open up
|-damage|p2a: open up|94\/291
|
|turn|6
|
|move|p2a: open up|Explosion|p1a: Azelf
|-damage|p1a: Azelf|0 fnt
|faint|p2a: open up
|faint|p1a: Azelf
|
|
|switch|p1a: Thundurus|Thundurus, M|299\/299
|switch|p2a: the rattler|Landorus, M|319\/319
|-damage|p1a: Thundurus|225\/299|[from] Stealth Rock
|-damage|p2a: the rattler|280\/319|[from] Stealth Rock
|turn|7
|
|switch|p2a: edges|Bisharp, F|271\/271
|-damage|p2a: edges|255\/271|[from] Stealth Rock
|move|p1a: Thundurus|Hidden Power|p2a: edges
|-resisted|p2a: edges
|-damage|p2a: edges|199\/271
|-damage|p1a: Thundurus|196\/299|[from] item: Life Orb
|
|turn|8
|
|switch|p2a: the rattler|Landorus, M|280\/319
|-damage|p2a: the rattler|241\/319|[from] Stealth Rock
|move|p1a: Thundurus|Thunder Wave|p2a: the rattler
|-immune|p2a: the rattler|[msg]
|
|turn|9
|
|switch|p2a: edges|Bisharp, F|199\/271
|-damage|p2a: edges|183\/271|[from] Stealth Rock
|move|p1a: Thundurus|Hidden Power|p2a: edges
|-resisted|p2a: edges
|-damage|p2a: edges|122\/271
|-damage|p1a: Thundurus|167\/299|[from] item: Life Orb
|
|turn|10
|
|move|p1a: Thundurus|Thunder Wave|p2a: edges
|-status|p2a: edges|par
|-enditem|p2a: edges|Lum Berry|[eat]
|-curestatus|p2a: edges|par
|move|p2a: edges|Knock Off|p1a: Thundurus
|-damage|p1a: Thundurus|0 fnt
|-enditem|p1a: Thundurus|Life Orb|[from] move: Knock Off|[of] p2a: edges
|faint|p1a: Thundurus
|
|c|âSnickered|mm nice
|
|switch|p1a: Slowbro|Slowbro, F|394\/394
|-damage|p1a: Slowbro|345\/394|[from] Stealth Rock
|turn|11
|
|move|p2a: edges|Knock Off|p1a: Slowbro
|-supereffective|p1a: Slowbro
|-damage|p1a: Slowbro|109\/394
|-enditem|p1a: Slowbro|Leftovers|[from] move: Knock Off|[of] p2a: edges
|move|p1a: Slowbro|Scald|p2a: edges
|-damage|p2a: edges|2\/271
|
|turn|12
|
|switch|p1a: Ferrothorn|Ferrothorn, M|352\/352
|-damage|p1a: Ferrothorn|330\/352|[from] Stealth Rock
|move|p2a: edges|Swords Dance|p2a: edges
|-boost|p2a: edges|atk|2
|
|-heal|p1a: Ferrothorn|352\/352|[from] item: Leftovers
|turn|13
|
|move|p2a: edges|Knock Off|p1a: Ferrothorn
|-crit|p1a: Ferrothorn
|-damage|p1a: Ferrothorn|63\/352
|-damage|p2a: edges|0 fnt|[from] ability: Iron Barbs|[of] p1a: Ferrothorn
|faint|p2a: edges
|move|p1a: Ferrothorn|Gyro Ball|p2: edges|[notarget]
|-notarget
|
|-heal|p1a: Ferrothorn|85\/352|[from] item: Leftovers
|c|âSnickered|ofc crit
|
|switch|p2a: the rattler|Landorus, M|241\/319
|-damage|p2a: the rattler|202\/319|[from] Stealth Rock
|turn|14
|
|move|p2a: the rattler|Earth Power|p1a: Ferrothorn
|-crit|p1a: Ferrothorn
|-damage|p1a: Ferrothorn|0 fnt
|faint|p1a: Ferrothorn
|
|
|switch|p1a: Slowbro|Slowbro, F|240\/394
|-damage|p1a: Slowbro|191\/394|[from] Stealth Rock
|turn|15
|
|move|p2a: the rattler|Earth Power|p1a: Slowbro
|-damage|p1a: Slowbro|0 fnt
|faint|p1a: Slowbro
|
|
|switch|p1a: Gallade|Gallade, M|277\/277
|-damage|p1a: Gallade|260\/277|[from] Stealth Rock
|turn|16
|
|detailschange|p1a: Gallade|Gallade-Mega, M
|-mega|p1a: Gallade|Gallade|Galladite
|move|p2a: the rattler|Earth Power|p1a: Gallade
|-damage|p1a: Gallade|5\/277
|move|p1a: Gallade|Knock Off|p2a: the rattler
|-damage|p2a: the rattler|59\/319
|-enditem|p2a: the rattler|Life Orb|[from] move: Knock Off|[of] p1a: Gallade
|
|turn|17
|
|move|p1a: Gallade|Knock Off|p2a: the rattler
|-damage|p2a: the rattler|0 fnt
|faint|p2a: the rattler
|
|
|switch|p2a: keep it moving|Keldeo-Resolute|323\/323
|-damage|p2a: keep it moving|303\/323|[from] Stealth Rock
|turn|18
|c|âSnickered|gg
|
|move|p2a: keep it moving|Scald|p1a: Gallade
|-damage|p1a: Gallade|0 fnt
|faint|p1a: Gallade
|
|
|switch|p1a: Excadrill|Excadrill, M|361\/361
|-damage|p1a: Excadrill|350\/361|[from] Stealth Rock
|-ability|p1a: Excadrill|Mold Breaker
|turn|19
|
|move|p2a: keep it moving|Scald|p1a: Excadrill
|-supereffective|p1a: Excadrill
|-damage|p1a: Excadrill|0 fnt
|faint|p1a: Excadrill
|
|win|Tythaeus
|raw|Ladder updating...
|raw|Snickered's rating: 1647 &rarr; <strong>1620<\/strong><br \/>(-27 for losing)
|raw|Tythaeus's rating: 1534 &rarr; <strong>1560<\/strong><br \/>(+26 for winning)
|leave|Snickered
|player|p1
|c|âTythaeus|gg