|join|Insect Warfare
|join|Tythaeus
|player|p1|Insect Warfare|167
|player|p2|Tythaeus|190
|gametype|singles
|gen|6
|tier|OU
|rated
|clearpoke
|poke|p1|Garchomp, F
|poke|p1|Clefable, F
|poke|p1|Tyranitar, F
|poke|p1|Toxicroak, M
|poke|p1|Landorus-Therian, M
|poke|p1|Excadrill, M
|poke|p2|Politoed, M
|poke|p2|Swampert, F
|poke|p2|Celebi
|poke|p2|Manaphy
|poke|p2|Klefki, M
|poke|p2|Magnezone, shiny
|rule|Swagger Clause: Swagger is banned
|rule|Baton Pass Clause: Limit one PokÃ©mon knowing Baton Pass
|rule|Sleep Clause Mod: Limit one foe put to sleep
|rule|Species Clause: Limit one of each PokÃ©mon
|rule|OHKO Clause: OHKO moves are banned
|rule|Moody Clause: Moody is banned
|rule|Evasion Moves Clause: Evasion moves are banned
|rule|Endless Battle Clause: Forcing endless battles is banned
|rule|HP Percentage Mod: HP is shown in percentages
|teampreview
|
|start
|switch|p1a: Renal Ulceration|Tyranitar, F|403\/403
|switch|p2a: Klefki|Klefki, M|318\/318
|-weather|Sandstorm
|turn|1
|
|move|p2a: Klefki|Reflect|p2a: Klefki
|-sidestart|p2: Tythaeus|Reflect
|move|p1a: Renal Ulceration|Stealth Rock|p2a: Klefki
|-sidestart|p2: Tythaeus|move: Stealth Rock
|
|-weather|Sandstorm|[upkeep]
|turn|2
|
|switch|p2a: Doctor P|Politoed, M|384\/384
|-damage|p2a: Doctor P|336\/384|[from] Stealth Rock
|-weather|RainDance
|move|p1a: Renal Ulceration|Fire Blast|p2a: Doctor P
|-resisted|p2a: Doctor P
|-damage|p2a: Doctor P|320\/384
|
|-weather|RainDance|[upkeep]
|turn|3
|
|switch|p2a: Beef|Swampert, F|366\/366
|-damage|p2a: Beef|344\/366|[from] Stealth Rock
|switch|p1a: Pulped Cerebrum|Toxicroak, M|307\/307
|
|-weather|RainDance|[upkeep]
|turn|4
|
|switch|p1a: Bubbling Viscera|Clefable, F|394\/394
|detailschange|p2a: Beef|Swampert-Mega, F
|-mega|p2a: Beef|Swampert|Swampertite
|move|p2a: Beef|Earthquake|p1a: Bubbling Viscera
|-crit|p1a: Bubbling Viscera
|-damage|p1a: Bubbling Viscera|91\/394
|
|-weather|RainDance|[upkeep]
|-heal|p1a: Bubbling Viscera|115\/394|[from] item: Leftovers
|turn|5
|
|switch|p1a: Pulped Cerebrum|Toxicroak, M|307\/307
|move|p2a: Beef|Waterfall|p1a: Pulped Cerebrum
|-immune|p1a: Pulped Cerebrum|[msg]
|
|-weather|RainDance|[upkeep]
|turn|6
|
|switch|p1a: Renal Ulceration|Tyranitar, F|403\/403
|-weather|Sandstorm
|move|p2a: Beef|Waterfall|p1a: Renal Ulceration
|-supereffective|p1a: Renal Ulceration
|-damage|p1a: Renal Ulceration|149\/403
|
|-weather|Sandstorm|[upkeep]
|turn|7
|
|switch|p1a: Festering Pus|Garchomp, F|357\/357
|move|p2a: Beef|Earthquake|p1a: Festering Pus
|-damage|p1a: Festering Pus|126\/357
|
|-weather|Sandstorm|[upkeep]
|turn|8
|
|detailschange|p1a: Festering Pus|Garchomp-Mega, F
|-mega|p1a: Festering Pus|Garchomp|Garchompite
|move|p1a: Festering Pus|Draco Meteor|p2a: Beef
|-damage|p2a: Beef|134\/366
|-unboost|p1a: Festering Pus|spa|2
|move|p2a: Beef|Ice Punch|p1a: Festering Pus
|-supereffective|p1a: Festering Pus
|-damage|p1a: Festering Pus|0 fnt
|faint|p1a: Festering Pus
|
|-weather|Sandstorm|[upkeep]
|-sideend|p2: Tythaeus|Reflect
|
|switch|p1a: Putrified Offal|Excadrill, M|361\/361
|turn|9
|
|switch|p2a: Celebi|Celebi|404\/404
|-damage|p2a: Celebi|354\/404|[from] Stealth Rock
|move|p1a: Putrified Offal|Iron Head|p2a: Celebi
|-damage|p2a: Celebi|134\/404
|-damage|p1a: Putrified Offal|325\/361|[from] item: Life Orb
|
|-weather|Sandstorm|[upkeep]
|-damage|p2a: Celebi|109\/404|[from] sandstorm
|-heal|p2a: Celebi|134\/404|[from] item: Leftovers
|turn|10
|
|switch|p2a: Doctor P|Politoed, M|320\/384
|-damage|p2a: Doctor P|272\/384|[from] Stealth Rock
|-weather|RainDance
|move|p1a: Putrified Offal|Iron Head|p2a: Doctor P
|-resisted|p2a: Doctor P
|-damage|p2a: Doctor P|143\/384
|-damage|p1a: Putrified Offal|289\/361|[from] item: Life Orb
|
|-weather|RainDance|[upkeep]
|turn|11
|
|switch|p2a: In The Zone|Magnezone, shiny|287\/287
|-damage|p2a: In The Zone|270\/287|[from] Stealth Rock
|move|p1a: Putrified Offal|Iron Head|p2a: In The Zone
|-resisted|p2a: In The Zone
|-damage|p2a: In The Zone|227\/287
|-damage|p1a: Putrified Offal|253\/361|[from] item: Life Orb
|
|-weather|RainDance|[upkeep]
|turn|12
|
|move|p2a: In The Zone|Hidden Power|p1a: Putrified Offal
|-supereffective|p1a: Putrified Offal
|-damage|p1a: Putrified Offal|149\/361
|move|p1a: Putrified Offal|Earthquake|p2a: In The Zone
|-supereffective|p2a: In The Zone
|-damage|p2a: In The Zone|0 fnt
|-damage|p1a: Putrified Offal|113\/361|[from] item: Life Orb
|faint|p2a: In The Zone
|
|-weather|RainDance|[upkeep]
|
|switch|p2a: Beef|Swampert-Mega, F|134\/366
|-damage|p2a: Beef|112\/366|[from] Stealth Rock
|turn|13
|
|switch|p1a: Renal Ulceration|Tyranitar, F|149\/403
|-weather|Sandstorm
|move|p2a: Beef|Earthquake|p1a: Renal Ulceration
|-supereffective|p1a: Renal Ulceration
|-damage|p1a: Renal Ulceration|0 fnt
|faint|p1a: Renal Ulceration
|
|-weather|Sandstorm|[upkeep]
|
|switch|p1a: Putrified Offal|Excadrill, M|113\/361
|turn|14
|
|switch|p2a: Klefki|Klefki, M|318\/318
|-damage|p2a: Klefki|299\/318|[from] Stealth Rock
|move|p1a: Putrified Offal|Earthquake|p2a: Klefki
|-supereffective|p2a: Klefki
|-damage|p2a: Klefki|0 fnt
|-damage|p1a: Putrified Offal|77\/361|[from] item: Life Orb
|faint|p2a: Klefki
|
|-weather|Sandstorm|[upkeep]
|
|switch|p2a: Doctor P|Politoed, M|143\/384
|-damage|p2a: Doctor P|95\/384|[from] Stealth Rock
|-weather|RainDance
|turn|15
|
|move|p1a: Putrified Offal|Earthquake|p2a: Doctor P
|-damage|p2a: Doctor P|0 fnt
|-damage|p1a: Putrified Offal|41\/361|[from] item: Life Orb
|faint|p2a: Doctor P
|
|-weather|RainDance|[upkeep]
|
|switch|p2a: Beef|Swampert-Mega, F|112\/366
|-damage|p2a: Beef|90\/366|[from] Stealth Rock
|turn|16
|
|move|p2a: Beef|Ice Punch|p1a: Putrified Offal
|-damage|p1a: Putrified Offal|0 fnt
|faint|p1a: Putrified Offal
|
|-weather|RainDance|[upkeep]
|
|switch|p1a: Pulped Cerebrum|Toxicroak, M|307\/307
|turn|17
|
|switch|p2a: Manaphy|Manaphy|378\/378
|-damage|p2a: Manaphy|331\/378|[from] Stealth Rock
|move|p1a: Pulped Cerebrum|Sucker Punch|p2a: Manaphy
|-fail|p2a: Manaphy
|
|-weather|RainDance|[upkeep]
|-heal|p2a: Manaphy|354\/378|[from] item: Leftovers
|turn|18
|
|switch|p1a: Bubbling Viscera|Clefable, F|115\/394
|move|p2a: Manaphy|Psychic|p1a: Bubbling Viscera
|-damage|p1a: Bubbling Viscera|5\/394
|
|-weather|RainDance|[upkeep]
|-heal|p2a: Manaphy|377\/378|[from] item: Leftovers
|-heal|p1a: Bubbling Viscera|29\/394|[from] item: Leftovers
|turn|19
|
|switch|p2a: Celebi|Celebi|134\/404
|-damage|p2a: Celebi|84\/404|[from] Stealth Rock
|move|p1a: Bubbling Viscera|Soft-Boiled|p1a: Bubbling Viscera
|-heal|p1a: Bubbling Viscera|226\/394
|
|-weather|RainDance|[upkeep]
|-heal|p2a: Celebi|109\/404|[from] item: Leftovers
|-heal|p1a: Bubbling Viscera|250\/394|[from] item: Leftovers
|turn|20
|
|move|p2a: Celebi|Healing Wish|p2a: Celebi
|faint|p2a: Celebi
|move|p1a: Bubbling Viscera|Calm Mind|p1a: Bubbling Viscera
|-boost|p1a: Bubbling Viscera|spa|1
|-boost|p1a: Bubbling Viscera|spd|1
|
|-weather|RainDance|[upkeep]
|-heal|p1a: Bubbling Viscera|274\/394|[from] item: Leftovers
|
|switch|p2a: Beef|Swampert-Mega, F|90\/366
|-heal|p2a: Beef|366\/366|[from] move: Healing Wish
|-damage|p2a: Beef|344\/366|[from] Stealth Rock
|turn|21
|
|move|p2a: Beef|Waterfall|p1a: Bubbling Viscera
|-damage|p1a: Bubbling Viscera|58\/394
|move|p1a: Bubbling Viscera|Soft-Boiled|p1a: Bubbling Viscera
|-heal|p1a: Bubbling Viscera|255\/394
|
|-weather|RainDance|[upkeep]
|-heal|p1a: Bubbling Viscera|279\/394|[from] item: Leftovers
|turn|22
|
|move|p2a: Beef|Earthquake|p1a: Bubbling Viscera
|-damage|p1a: Bubbling Viscera|75\/394
|move|p1a: Bubbling Viscera|Soft-Boiled|p1a: Bubbling Viscera
|-heal|p1a: Bubbling Viscera|272\/394
|
|-weather|none
|-heal|p1a: Bubbling Viscera|296\/394|[from] item: Leftovers
|turn|23
|
|switch|p2a: Manaphy|Manaphy|377\/378
|-damage|p2a: Manaphy|330\/378|[from] Stealth Rock
|move|p1a: Bubbling Viscera|Moonblast|p2a: Manaphy
|-damage|p2a: Manaphy|183\/378
|
|-heal|p2a: Manaphy|206\/378|[from] item: Leftovers
|-heal|p1a: Bubbling Viscera|320\/394|[from] item: Leftovers
|turn|24
|
|move|p2a: Manaphy|Tail Glow|p2a: Manaphy
|-boost|p2a: Manaphy|spa|3
|move|p1a: Bubbling Viscera|Calm Mind|p1a: Bubbling Viscera
|-boost|p1a: Bubbling Viscera|spa|1
|-boost|p1a: Bubbling Viscera|spd|1
|
|-heal|p2a: Manaphy|229\/378|[from] item: Leftovers
|-heal|p1a: Bubbling Viscera|344\/394|[from] item: Leftovers
|turn|25
|
|move|p2a: Manaphy|Scald|p1a: Bubbling Viscera
|-damage|p1a: Bubbling Viscera|175\/394
|move|p1a: Bubbling Viscera|Moonblast|p2a: Manaphy
|-damage|p2a: Manaphy|9\/378
|
|-heal|p2a: Manaphy|32\/378|[from] item: Leftovers
|-heal|p1a: Bubbling Viscera|199\/394|[from] item: Leftovers
|turn|26
|
|move|p2a: Manaphy|Psychic|p1a: Bubbling Viscera
|-damage|p1a: Bubbling Viscera|71\/394
|move|p1a: Bubbling Viscera|Moonblast|p2a: Manaphy
|-damage|p2a: Manaphy|0 fnt
|faint|p2a: Manaphy
|
|-heal|p1a: Bubbling Viscera|95\/394|[from] item: Leftovers
|
|switch|p2a: Beef|Swampert-Mega, F|344\/366
|-damage|p2a: Beef|322\/366|[from] Stealth Rock
|turn|27
|
|move|p2a: Beef|Earthquake|p1a: Bubbling Viscera
|-damage|p1a: Bubbling Viscera|0 fnt
|faint|p1a: Bubbling Viscera
|
|
|switch|p1a: Eructated Gases|Landorus-Therian, M|319\/319
|-ability|p1a: Eructated Gases|Intimidate|[of] p2a: Beef
|-unboost|p2a: Beef|atk|1
|turn|28
|
|move|p1a: Eructated Gases|Earthquake|p2a: Beef
|-damage|p2a: Beef|159\/366
|move|p2a: Beef|Ice Punch|p1a: Eructated Gases
|-supereffective|p1a: Eructated Gases
|-damage|p1a: Eructated Gases|0 fnt
|faint|p1a: Eructated Gases
|
|
|switch|p1a: Pulped Cerebrum|Toxicroak, M|307\/307
|turn|29
|
|move|p1a: Pulped Cerebrum|Drain Punch|p2a: Beef
|-damage|p2a: Beef|13\/366
|-damage|p1a: Pulped Cerebrum|277\/307|[from] item: Life Orb
|move|p2a: Beef|Earthquake|p1a: Pulped Cerebrum
|-supereffective|p1a: Pulped Cerebrum
|-damage|p1a: Pulped Cerebrum|0 fnt
|faint|p1a: Pulped Cerebrum
|
|win|Tythaeus
|raw|Ladder updating...
|raw|Insect Warfare's rating: 1462 &rarr; <strong>1444<\/strong><br \/>(-18 for losing)
|raw|Tythaeus's rating: 1482 &rarr; <strong>1501<\/strong><br \/>(+19 for winning)
|leave|Insect Warfare