|join|Tythaeus
|join|Cyber'9999
|player|p1|Tythaeus|96
|player|p2|Cyber'9999|92
|gametype|singles
|gen|6
|tier|OU
|rated
|clearpoke
|poke|p1|Metagross
|poke|p1|Landorus-Therian, M
|poke|p1|Heatran, F
|poke|p1|Latios, M
|poke|p1|Chesnaught, F
|poke|p1|Keldeo
|poke|p2|Bisharp, F
|poke|p2|Breloom, M
|poke|p2|Landorus, M
|poke|p2|Rotom-Wash, shiny
|poke|p2|Heracross, M
|poke|p2|Heatran, M
|rule|Swagger Clause: Swagger is banned
|rule|Baton Pass Clause: Limit one PokÃ©mon knowing Baton Pass
|rule|Sleep Clause Mod: Limit one foe put to sleep
|rule|Species Clause: Limit one of each PokÃ©mon
|rule|OHKO Clause: OHKO moves are banned
|rule|Moody Clause: Moody is banned
|rule|Evasion Moves Clause: Evasion moves are banned
|rule|Endless Battle Clause: Forcing endless battles is banned
|rule|HP Percentage Mod: HP is shown in percentages
|teampreview
|
|start
|switch|p1a: Chesnaught|Chesnaught, F|320\/320
|switch|p2a: Landorus|Landorus, M|319\/319
|turn|1
|
|switch|p1a: Latios|Latios, M|301\/301
|move|p2a: Landorus|Stealth Rock|p1a: Latios
|-sidestart|p1: Tythaeus|move: Stealth Rock
|
|turn|2
|
|switch|p2a: Heatran|Heatran, M|385\/385
|-item|p2a: Heatran|Air Balloon
|move|p1a: Latios|Draco Meteor|p2a: Heatran
|-crit|p2a: Heatran
|-resisted|p2a: Heatran
|-damage|p2a: Heatran|202\/385
|-enditem|p2a: Heatran|Air Balloon
|-unboost|p1a: Latios|spa|2
|-damage|p1a: Latios|271\/301|[from] item: Life Orb
|
|turn|3
|
|switch|p1a: Heatran|Heatran, F|323\/323
|-damage|p1a: Heatran|283\/323|[from] Stealth Rock
|switch|p2a: Landorus|Landorus, M|319\/319
|
|turn|4
|
|switch|p1a: Latios|Latios, M|271\/301
|-damage|p1a: Latios|234\/301|[from] Stealth Rock
|move|p2a: Landorus|Hidden Power|p1a: Latios
|-supereffective|p1a: Latios
|-damage|p1a: Latios|73\/301
|-damage|p2a: Landorus|288\/319|[from] item: Life Orb
|
|turn|5
|
|switch|p2a: Tony|Bisharp, F|271\/271
|move|p1a: Latios|Roost|p1a: Latios
|-heal|p1a: Latios|224\/301
|
|turn|6
|
|switch|p1a: Keldeo|Keldeo|323\/323
|-damage|p1a: Keldeo|303\/323|[from] Stealth Rock
|move|p2a: Tony|Swords Dance|p2a: Tony
|-boost|p2a: Tony|atk|2
|
|-heal|p1a: Keldeo|323\/323|[from] item: Leftovers
|turn|7
|
|switch|p2a: Rotom-Wash|Rotom-Wash, shiny|304\/304
|move|p1a: Keldeo|Substitute|p1a: Keldeo
|-start|p1a: Keldeo|Substitute
|-damage|p1a: Keldeo|243\/323
|
|-heal|p1a: Keldeo|263\/323|[from] item: Leftovers
|turn|8
|
|move|p1a: Keldeo|Secret Sword|p2a: Rotom-Wash
|-damage|p2a: Rotom-Wash|208\/304
|move|p2a: Rotom-Wash|Volt Switch|p1a: Keldeo
|-supereffective|p1a: Keldeo
|-end|p1a: Keldeo|Substitute
|
|switch|p2a: Brelooser|Breloom, M|261\/261
|
|-heal|p1a: Keldeo|283\/323|[from] item: Leftovers
|turn|9
|
|switch|p1a: Chesnaught|Chesnaught, F|320\/320
|-damage|p1a: Chesnaught|300\/320|[from] Stealth Rock
|move|p2a: Brelooser|Bullet Seed|p1a: Chesnaught
|-immune|p1a: Chesnaught|[msg]|[from] Bulletproof
|
|turn|10
|
|switch|p2a: Heatran|Heatran, M|202\/385
|switch|p1a: Latios|Latios, M|224\/301
|-damage|p1a: Latios|187\/301|[from] Stealth Rock
|
|turn|11
|
|move|p1a: Latios|Roost|p1a: Latios
|-heal|p1a: Latios|301\/301
|move|p2a: Heatran|Toxic|p1a: Latios|[miss]
|-miss|p2a: Heatran|p1a: Latios
|
|turn|12
|
|switch|p1a: Heatran|Heatran, F|283\/323
|-damage|p1a: Heatran|243\/323|[from] Stealth Rock
|move|p2a: Heatran|Toxic|p1a: Heatran
|-fail|p1a: Heatran
|
|turn|13
|
|switch|p1a: Latios|Latios, M|301\/301
|-damage|p1a: Latios|264\/301|[from] Stealth Rock
|switch|p2a: Landorus|Landorus, M|288\/319
|
|turn|14
|
|switch|p2a: Tony|Bisharp, F|271\/271
|move|p1a: Latios|Draco Meteor|p2a: Tony
|-crit|p2a: Tony
|-resisted|p2a: Tony
|-damage|p2a: Tony|0 fnt
|-unboost|p1a: Latios|spa|2
|-damage|p1a: Latios|234\/301|[from] item: Life Orb
|faint|p2a: Tony
|
|
|switch|p2a: Heracross|Heracross, M|301\/301
|turn|15
|
|switch|p1a: Landorus-Therian|Landorus-Therian, M|379\/379
|-damage|p1a: Landorus-Therian|332\/379|[from] Stealth Rock
|-ability|p1a: Landorus-Therian|Intimidate|[of] p2a: Heracross
|-unboost|p2a: Heracross|atk|1
|switch|p2a: Landorus|Landorus, M|288\/319
|
|-heal|p1a: Landorus-Therian|355\/379|[from] item: Leftovers
|turn|16
|
|switch|p1a: Heatran|Heatran, F|243\/323
|-damage|p1a: Heatran|203\/323|[from] Stealth Rock
|move|p2a: Landorus|Earth Power|p1a: Heatran
|-supereffective|p1a: Heatran
|-damage|p1a: Heatran|0 fnt
|faint|p1a: Heatran
|
|
|switch|p1a: Latios|Latios, M|234\/301
|-damage|p1a: Latios|197\/301|[from] Stealth Rock
|turn|17
|
|move|p1a: Latios|Psyshock|p2a: Landorus
|-damage|p2a: Landorus|70\/319
|-damage|p1a: Latios|167\/301|[from] item: Life Orb
|move|p2a: Landorus|Hidden Power|p1a: Latios
|-supereffective|p1a: Latios
|-damage|p1a: Latios|14\/301
|-damage|p2a: Landorus|39\/319|[from] item: Life Orb
|
|turn|18
|
|move|p1a: Latios|Roost|p1a: Latios
|-heal|p1a: Latios|165\/301
|move|p2a: Landorus|Sludge Wave|p1a: Latios
|-damage|p1a: Latios|14\/301
|
|turn|19
|
|move|p1a: Latios|Psyshock|p2a: Landorus
|-damage|p2a: Landorus|0 fnt
|-damage|p1a: Latios|0 fnt|[from] item: Life Orb
|faint|p2a: Landorus
|faint|p1a: Latios
|
|
|switch|p1a: Landorus-Therian|Landorus-Therian, M|355\/379
|switch|p2a: Rotom-Wash|Rotom-Wash, shiny|208\/304
|-damage|p1a: Landorus-Therian|308\/379|[from] Stealth Rock
|-ability|p1a: Landorus-Therian|Intimidate|[of] p2a: Rotom-Wash
|-unboost|p2a: Rotom-Wash|atk|1
|turn|20
|
|move|p1a: Landorus-Therian|U-turn|p2a: Rotom-Wash
|-damage|p2a: Rotom-Wash|154\/304
|
|switch|p1a: Keldeo|Keldeo|283\/323
|-damage|p1a: Keldeo|263\/323|[from] Stealth Rock
|move|p2a: Rotom-Wash|Will-O-Wisp|p1a: Keldeo|[miss]
|-miss|p2a: Rotom-Wash|p1a: Keldeo
|
|-heal|p1a: Keldeo|283\/323|[from] item: Leftovers
|-heal|p2a: Rotom-Wash|173\/304|[from] item: Leftovers
|turn|21
|
|move|p1a: Keldeo|Substitute|p1a: Keldeo
|-start|p1a: Keldeo|Substitute
|-damage|p1a: Keldeo|203\/323
|move|p2a: Rotom-Wash|Pain Split|p1a: Keldeo
|
|-heal|p1a: Keldeo|223\/323|[from] item: Leftovers
|-heal|p2a: Rotom-Wash|192\/304|[from] item: Leftovers
|turn|22
|
|move|p1a: Keldeo|Secret Sword|p2a: Rotom-Wash
|-damage|p2a: Rotom-Wash|90\/304
|move|p2a: Rotom-Wash|Volt Switch|p1a: Keldeo
|-supereffective|p1a: Keldeo
|-end|p1a: Keldeo|Substitute
|
|switch|p2a: Brelooser|Breloom, M|261\/261
|
|-heal|p1a: Keldeo|243\/323|[from] item: Leftovers
|turn|23
|
|switch|p1a: Chesnaught|Chesnaught, F|300\/320
|-damage|p1a: Chesnaught|280\/320|[from] Stealth Rock
|move|p2a: Brelooser|Rock Tomb|p1a: Chesnaught
|-resisted|p1a: Chesnaught
|-damage|p1a: Chesnaught|238\/320
|-unboost|p1a: Chesnaught|spe|1
|
|turn|24
|
|switch|p2a: Heatran|Heatran, M|202\/385
|move|p1a: Chesnaught|Drain Punch|p2a: Heatran
|-supereffective|p2a: Heatran
|-damage|p2a: Heatran|0 fnt
|-heal|p1a: Chesnaught|320\/320|[from] drain|[of] p2a: Heatran
|faint|p2a: Heatran
|
|
|switch|p2a: Rotom-Wash|Rotom-Wash, shiny|90\/304
|turn|25
|
|switch|p1a: Keldeo|Keldeo|243\/323
|-damage|p1a: Keldeo|223\/323|[from] Stealth Rock
|move|p2a: Rotom-Wash|Will-O-Wisp|p1a: Keldeo
|-status|p1a: Keldeo|brn
|
|-heal|p1a: Keldeo|243\/323 brn|[from] item: Leftovers
|-heal|p2a: Rotom-Wash|109\/304|[from] item: Leftovers
|-damage|p1a: Keldeo|203\/323 brn|[from] brn
|turn|26
|
|move|p1a: Keldeo|Secret Sword|p2a: Rotom-Wash
|-damage|p2a: Rotom-Wash|1\/304
|move|p2a: Rotom-Wash|Volt Switch|p1a: Keldeo
|-supereffective|p1a: Keldeo
|-damage|p1a: Keldeo|23\/323 brn
|
|switch|p2a: Brelooser|Breloom, M|261\/261
|
|-heal|p1a: Keldeo|43\/323 brn|[from] item: Leftovers
|-damage|p1a: Keldeo|3\/323 brn|[from] brn
|turn|27
|
|move|p2a: Brelooser|Mach Punch|p1a: Keldeo
|-damage|p1a: Keldeo|0 fnt
|faint|p1a: Keldeo
|
|
|switch|p1a: Chesnaught|Chesnaught, F|320\/320
|-damage|p1a: Chesnaught|300\/320|[from] Stealth Rock
|turn|28
|
|switch|p2a: Heracross|Heracross, M|301\/301
|move|p1a: Chesnaught|Substitute|p1a: Chesnaught
|-start|p1a: Chesnaught|Substitute
|-damage|p1a: Chesnaught|220\/320
|
|turn|29
|
|detailschange|p2a: Heracross|Heracross-Mega, M
|-mega|p2a: Heracross|Heracross|Heracronite
|move|p2a: Heracross|Pin Missile|p1a: Chesnaught
|-activate|p1a: Chesnaught|Substitute|[damage]
|-crit|p1a: Chesnaught
|-end|p1a: Chesnaught|Substitute
|-damage|p1a: Chesnaught|165\/320
|-crit|p1a: Chesnaught
|-damage|p1a: Chesnaught|84\/320
|-damage|p1a: Chesnaught|27\/320
|-enditem|p1a: Chesnaught|Salac Berry|[eat]
|-boost|p1a: Chesnaught|spe|1|[from] item: Salac Berry
|-hitcount|p1a: Chesnaught|5
|move|p1a: Chesnaught|Belly Drum|p1a: Chesnaught
|-fail|p1a: Chesnaught
|
|turn|30
|
|move|p1a: Chesnaught|Drain Punch|p2a: Heracross
|-crit|p2a: Heracross
|-resisted|p2a: Heracross
|-damage|p2a: Heracross|227\/301
|-heal|p1a: Chesnaught|64\/320|[from] drain|[of] p2a: Heracross
|move|p2a: Heracross|Pin Missile|p1a: Chesnaught
|-damage|p1a: Chesnaught|7\/320
|-damage|p1a: Chesnaught|0 fnt
|-hitcount|p1a: Chesnaught|2
|faint|p1a: Chesnaught
|
|
|switch|p1a: Metagross|Metagross|301\/301
|-damage|p1a: Metagross|283\/301|[from] Stealth Rock
|turn|31
|
|detailschange|p1a: Metagross|Metagross-Mega
|-mega|p1a: Metagross|Metagross|Metagrossite
|move|p1a: Metagross|Zen Headbutt|p2a: Heracross
|-supereffective|p2a: Heracross
|-damage|p2a: Heracross|0 fnt
|faint|p2a: Heracross
|
|
|switch|p2a: Brelooser|Breloom, M|261\/261
|turn|32
|
|move|p1a: Metagross|Zen Headbutt|p2a: Brelooser|[miss]
|-miss|p1a: Metagross|p2a: Brelooser
|move|p2a: Brelooser|Spore|p1a: Metagross
|-status|p1a: Metagross|slp
|
|turn|33
|
|cant|p1a: Metagross|slp
|move|p2a: Brelooser|Rock Tomb|p1a: Metagross
|-resisted|p1a: Metagross
|-damage|p1a: Metagross|245\/301 slp
|-unboost|p1a: Metagross|spe|1
|
|turn|34
|
|switch|p2a: Rotom-Wash|Rotom-Wash, shiny|1\/304
|switch|p1a: Landorus-Therian|Landorus-Therian, M|308\/379
|-damage|p1a: Landorus-Therian|261\/379|[from] Stealth Rock
|-ability|p1a: Landorus-Therian|Intimidate|[of] p2a: Rotom-Wash
|-unboost|p2a: Rotom-Wash|atk|1
|
|-heal|p1a: Landorus-Therian|284\/379|[from] item: Leftovers
|-heal|p2a: Rotom-Wash|20\/304|[from] item: Leftovers
|turn|35
|
|move|p1a: Landorus-Therian|U-turn|p2a: Rotom-Wash
|-damage|p2a: Rotom-Wash|0 fnt
|faint|p2a: Rotom-Wash
|
|switch|p1a: Metagross|Metagross-Mega|245\/301 slp
|-damage|p1a: Metagross|227\/301 slp|[from] Stealth Rock
|
|
|switch|p2a: Brelooser|Breloom, M|261\/261
|turn|36
|
|cant|p1a: Metagross|slp
|move|p2a: Brelooser|Rock Tomb|p1a: Metagross
|-resisted|p1a: Metagross
|-damage|p1a: Metagross|190\/301 slp
|-unboost|p1a: Metagross|spe|1
|
|turn|37
|
|move|p2a: Brelooser|Bullet Seed|p1a: Metagross
|-resisted|p1a: Metagross
|-damage|p1a: Metagross|165\/301 slp
|-resisted|p1a: Metagross
|-damage|p1a: Metagross|144\/301 slp
|-resisted|p1a: Metagross
|-damage|p1a: Metagross|121\/301 slp
|-resisted|p1a: Metagross
|-damage|p1a: Metagross|99\/301 slp
|-resisted|p1a: Metagross
|-damage|p1a: Metagross|74\/301 slp
|-hitcount|p1a: Metagross|5
|cant|p1a: Metagross|slp
|
|turn|38
|
|switch|p1a: Landorus-Therian|Landorus-Therian, M|284\/379
|-damage|p1a: Landorus-Therian|237\/379|[from] Stealth Rock
|-ability|p1a: Landorus-Therian|Intimidate|[of] p2a: Brelooser
|-unboost|p2a: Brelooser|atk|1
|move|p2a: Brelooser|Bullet Seed|p1a: Landorus-Therian
|-damage|p1a: Landorus-Therian|203\/379
|-damage|p1a: Landorus-Therian|169\/379
|-damage|p1a: Landorus-Therian|132\/379
|-damage|p1a: Landorus-Therian|98\/379
|-damage|p1a: Landorus-Therian|65\/379
|-hitcount|p1a: Landorus-Therian|5
|
|-heal|p1a: Landorus-Therian|88\/379|[from] item: Leftovers
|turn|39
|
|move|p2a: Brelooser|Bullet Seed|p1a: Landorus-Therian
|-damage|p1a: Landorus-Therian|52\/379
|-damage|p1a: Landorus-Therian|16\/379
|-damage|p1a: Landorus-Therian|0 fnt
|-hitcount|p1a: Landorus-Therian|3
|faint|p1a: Landorus-Therian
|
|
|switch|p1a: Metagross|Metagross-Mega|74\/301 slp
|-damage|p1a: Metagross|56\/301 slp|[from] Stealth Rock
|turn|40
|
|-curestatus|p1a: Metagross|slp
|move|p1a: Metagross|Zen Headbutt|p2a: Brelooser
|-supereffective|p2a: Brelooser
|-enditem|p2a: Brelooser|Focus Sash
|-damage|p2a: Brelooser|1\/261
|move|p2a: Brelooser|Bullet Seed|p1a: Metagross
|-resisted|p1a: Metagross
|-damage|p1a: Metagross|39\/301
|-resisted|p1a: Metagross
|-damage|p1a: Metagross|23\/301
|-hitcount|p1a: Metagross|2
|
|turn|41
|c|âCyber'9999|oh shit
|
|move|p1a: Metagross|Bullet Punch|p2a: Brelooser
|-crit|p2a: Brelooser
|-damage|p2a: Brelooser|0 fnt
|faint|p2a: Brelooser
|
|win|Tythaeus
|raw|Ladder updating...
|raw|Tythaeus's rating: 1451 &rarr; <strong>1469<\/strong><br \/>(+18 for winning)
|raw|Cyber&apos;9999's rating: 1411 &rarr; <strong>1394<\/strong><br \/>(-17 for losing)
|c|âCyber'9999|man that's battle was amazing
|leave|Tythaeus
|player|p1