|join|luke317
|join|Tythaeus
|player|p1|luke317|249
|player|p2|Tythaeus|190
|gametype|singles
|gen|6
|tier|OU
|rated
|clearpoke
|poke|p1|Toxicroak, M
|poke|p1|Slowbro, M
|poke|p1|Heatran, F
|poke|p1|Landorus-Therian, M
|poke|p1|Clefable, F
|poke|p1|Zapdos
|poke|p2|Metagross
|poke|p2|Zapdos
|poke|p2|Mamoswine, F
|poke|p2|Manaphy
|poke|p2|Sylveon, F
|poke|p2|Conkeldurr, M
|rule|Swagger Clause: Swagger is banned
|rule|Baton Pass Clause: Limit one PokÃ©mon knowing Baton Pass
|rule|Sleep Clause Mod: Limit one foe put to sleep
|rule|Species Clause: Limit one of each PokÃ©mon
|rule|OHKO Clause: OHKO moves are banned
|rule|Moody Clause: Moody is banned
|rule|Evasion Moves Clause: Evasion moves are banned
|rule|Endless Battle Clause: Forcing endless battles is banned
|rule|HP Percentage Mod: HP is shown in percentages
|teampreview
|
|start
|switch|p1a: Slowbro|Slowbro, M|385\/385
|switch|p2a: Metagross|Metagross|302\/302
|turn|1
|
|switch|p2a: Zapdos|Zapdos|383\/383
|-ability|p2a: Zapdos|Pressure
|detailschange|p1a: Slowbro|Slowbro-Mega, M
|-mega|p1a: Slowbro|Slowbro|Slowbronite
|move|p1a: Slowbro|Scald|p2a: Zapdos
|-damage|p2a: Zapdos|209\/383
|
|-heal|p2a: Zapdos|232\/383|[from] item: Leftovers
|turn|2
|
|switch|p1a: Heatran|Heatran, F|384\/384
|move|p2a: Zapdos|Roost|p2a: Zapdos
|-heal|p2a: Zapdos|383\/383
|
|turn|3
|
|move|p1a: Heatran|Taunt|p2a: Zapdos
|-start|p2a: Zapdos|move: Taunt
|move|p2a: Zapdos|Thunderbolt|p1a: Heatran
|-damage|p1a: Heatran|285\/384
|
|-heal|p1a: Heatran|309\/384|[from] item: Leftovers
|turn|4
|
|switch|p2a: Mamoswine|Mamoswine, F|362\/362
|move|p1a: Heatran|Lava Plume|p2a: Mamoswine
|-supereffective|p2a: Mamoswine
|-damage|p2a: Mamoswine|180\/362
|
|-heal|p1a: Heatran|333\/384|[from] item: Leftovers
|turn|5
|
|switch|p1a: Slowbro|Slowbro-Mega, M|385\/385
|move|p2a: Mamoswine|Earthquake|p1a: Slowbro
|-damage|p1a: Slowbro|251\/385
|-damage|p2a: Mamoswine|144\/362|[from] item: Life Orb
|
|turn|6
|
|switch|p2a: Manaphy|Manaphy|358\/358
|move|p1a: Slowbro|Psyshock|p2a: Manaphy
|-damage|p2a: Manaphy|190\/358
|
|-heal|p2a: Manaphy|212\/358|[from] item: Leftovers
|turn|7
|
|move|p2a: Manaphy|Energy Ball|p1a: Slowbro
|-supereffective|p1a: Slowbro
|-damage|p1a: Slowbro|29\/385
|move|p1a: Slowbro|Psyshock|p2a: Manaphy
|-damage|p2a: Manaphy|64\/358
|
|-heal|p2a: Manaphy|86\/358|[from] item: Leftovers
|turn|8
|
|switch|p1a: Toxicroak|Toxicroak, M|308\/308
|move|p2a: Manaphy|Surf|p1a: Toxicroak
|-immune|p1a: Toxicroak|[msg]
|
|-heal|p2a: Manaphy|108\/358|[from] item: Leftovers
|turn|9
|
|switch|p2a: Metagross|Metagross|302\/302
|move|p1a: Toxicroak|Swords Dance|p1a: Toxicroak
|-boost|p1a: Toxicroak|atk|2
|
|turn|10
|
|switch|p2a: Zapdos|Zapdos|383\/383
|-ability|p2a: Zapdos|Pressure
|move|p1a: Toxicroak|Sucker Punch|p2a: Zapdos
|-fail|p2a: Zapdos
|
|turn|11
|
|move|p1a: Toxicroak|Swords Dance|p1a: Toxicroak
|-boost|p1a: Toxicroak|atk|2
|move|p2a: Zapdos|Thunderbolt|p1a: Toxicroak
|-damage|p1a: Toxicroak|109\/308
|
|turn|12
|
|move|p1a: Toxicroak|Gunk Shot|p2a: Zapdos
|-damage|p2a: Zapdos|0 fnt
|-damage|p1a: Toxicroak|79\/308|[from] item: Life Orb
|faint|p2a: Zapdos
|
|
|switch|p2a: Conkeldurr|Conkeldurr, M|413\/413
|turn|13
|
|move|p2a: Conkeldurr|Mach Punch|p1a: Toxicroak
|-resisted|p1a: Toxicroak
|-damage|p1a: Toxicroak|24\/308
|move|p1a: Toxicroak|Drain Punch|p2a: Conkeldurr
|-damage|p2a: Conkeldurr|0 fnt
|-heal|p1a: Toxicroak|231\/308|[from] drain|[of] p2a: Conkeldurr
|-damage|p1a: Toxicroak|201\/308|[from] item: Life Orb
|faint|p2a: Conkeldurr
|
|-message|Tythaeus forfeited.
|
|win|luke317
|raw|Ladder updating...
|leave|Tythaeus
|player|p2
|raw|luke317's rating: 1372 &rarr; <strong>1395<\/strong><br \/>(+23 for winning)
|raw|Tythaeus's rating: 1423 &rarr; <strong>1400<\/strong><br \/>(-23 for losing)