|join|An IncognitoTuxedo
|join|Tythaeus
|player|p1|An IncognitoTuxedo|76
|player|p2|Tythaeus|96
|gametype|singles
|gen|6
|tier|OU
|clearpoke
|poke|p1|Hawlucha, F, shiny
|poke|p1|Metagross
|poke|p1|Thundurus, M
|poke|p1|Rotom-Wash
|poke|p1|Azelf
|poke|p1|Azumarill, M
|poke|p2|Politoed, F
|poke|p2|Swampert, F
|poke|p2|Celebi
|poke|p2|Manaphy
|poke|p2|Klefki, M
|poke|p2|Magnezone, shiny
|rule|Swagger Clause: Swagger is banned
|rule|Baton Pass Clause: Limit one PokÃ©mon knowing Baton Pass
|rule|Sleep Clause Mod: Limit one foe put to sleep
|rule|Species Clause: Limit one of each PokÃ©mon
|rule|OHKO Clause: OHKO moves are banned
|rule|Moody Clause: Moody is banned
|rule|Evasion Moves Clause: Evasion moves are banned
|rule|Endless Battle Clause: Forcing endless battles is banned
|rule|HP Percentage Mod: HP is shown in percentages
|teampreview
|c|âAn IncognitoTuxedo|uh
|c|âAn IncognitoTuxedo|-oh
|c|âAn IncognitoTuxedo|well, gl
|c|âTythaeus|U2
|
|start
|switch|p1a: Azelf|Azelf|291\/291
|switch|p2a: Doctor P|Politoed, F|384\/384
|-weather|RainDance
|turn|1
|
|move|p1a: Azelf|Stealth Rock|p2a: Doctor P
|-sidestart|p2: Tythaeus|move: Stealth Rock
|move|p2a: Doctor P|Scald|p1a: Azelf
|-damage|p1a: Azelf|98\/291
|-status|p1a: Azelf|brn
|
|-weather|RainDance|[upkeep]
|-damage|p1a: Azelf|62\/291 brn|[from] brn
|turn|2
|
|switch|p2a: Klefki|Klefki, M|318\/318
|-damage|p2a: Klefki|299\/318|[from] Stealth Rock
|move|p1a: Azelf|Explosion|p2a: Klefki
|-resisted|p2a: Klefki
|-damage|p2a: Klefki|250\/318
|faint|p1a: Azelf
|
|-weather|RainDance|[upkeep]
|
|switch|p1a: Thundurus|Thundurus, M|299\/299
|turn|3
|
|move|p2a: Klefki|Light Screen|p2a: Klefki
|-sidestart|p2: Tythaeus|move: Light Screen
|move|p1a: Thundurus|Thunderbolt|p2a: Klefki
|-damage|p2a: Klefki|135\/318
|-damage|p1a: Thundurus|270\/299|[from] item: Life Orb
|
|-weather|RainDance|[upkeep]
|turn|4
|
|switch|p2a: Celebi|Celebi|404\/404
|-damage|p2a: Celebi|354\/404|[from] Stealth Rock
|move|p1a: Thundurus|Knock Off|p2a: Celebi
|-crit|p2a: Celebi
|-supereffective|p2a: Celebi
|-damage|p2a: Celebi|0 fnt
|-enditem|p2a: Celebi|Leftovers|[from] move: Knock Off|[of] p1a: Thundurus
|-damage|p1a: Thundurus|241\/299|[from] item: Life Orb
|faint|p2a: Celebi
|
|-weather|RainDance|[upkeep]
|c|âAn IncognitoTuxedo|I think that crit actually mattered ;~;
|c|âTythaeus|It did.
|c|âTythaeus|Fuck.
|
|switch|p2a: Beef|Swampert, F|366\/366
|-damage|p2a: Beef|344\/366|[from] Stealth Rock
|turn|5
|
|switch|p1a: Rotom-Wash|Rotom-Wash|304\/304
|switch|p2a: In The Zone|Magnezone, shiny|287\/287
|-damage|p2a: In The Zone|270\/287|[from] Stealth Rock
|
|-weather|RainDance|[upkeep]
|turn|6
|
|switch|p1a: Azumarill|Azumarill, M|363\/363
|move|p2a: In The Zone|Thunderbolt|p1a: Azumarill
|-supereffective|p1a: Azumarill
|-damage|p1a: Azumarill|0 fnt
|faint|p1a: Azumarill
|
|-weather|RainDance|[upkeep]
|
|switch|p1a: Thundurus|Thundurus, M|241\/299
|turn|7
|
|switch|p2a: Klefki|Klefki, M|135\/318
|-damage|p2a: Klefki|116\/318|[from] Stealth Rock
|move|p1a: Thundurus|Superpower|p2a: Klefki
|-damage|p2a: Klefki|0 fnt
|-unboost|p1a: Thundurus|atk|1
|-unboost|p1a: Thundurus|def|1
|-damage|p1a: Thundurus|212\/299|[from] item: Life Orb
|faint|p2a: Klefki
|
|-weather|RainDance|[upkeep]
|
|switch|p2a: Beef|Swampert, F|344\/366
|-damage|p2a: Beef|322\/366|[from] Stealth Rock
|turn|8
|
|switch|p1a: Hawlucha|Hawlucha, F, shiny|296\/296
|detailschange|p2a: Beef|Swampert-Mega, F
|-mega|p2a: Beef|Swampert|Swampertite
|move|p2a: Beef|Waterfall|p1a: Hawlucha
|-damage|p1a: Hawlucha|0 fnt
|faint|p1a: Hawlucha
|
|-weather|none
|
|switch|p1a: Rotom-Wash|Rotom-Wash|304\/304
|turn|9
|
|switch|p2a: Doctor P|Politoed, F|384\/384
|-damage|p2a: Doctor P|336\/384|[from] Stealth Rock
|-weather|RainDance
|move|p1a: Rotom-Wash|Volt Switch|p2a: Doctor P
|-supereffective|p2a: Doctor P
|-damage|p2a: Doctor P|270\/384
|
|switch|p1a: Thundurus|Thundurus, M|212\/299
|
|-weather|RainDance|[upkeep]
|turn|10
|
|move|p1a: Thundurus|Superpower|p2a: Doctor P
|-crit|p2a: Doctor P
|-damage|p2a: Doctor P|5\/384
|-unboost|p1a: Thundurus|atk|1
|-unboost|p1a: Thundurus|def|1
|-damage|p1a: Thundurus|183\/299|[from] item: Life Orb
|move|p2a: Doctor P|Scald|p1a: Thundurus
|-damage|p1a: Thundurus|23\/299
|
|-weather|RainDance|[upkeep]
|-sideend|p2: Tythaeus|move: Light Screen
|turn|11
|
|move|p1a: Thundurus|Superpower|p2a: Doctor P
|-damage|p2a: Doctor P|0 fnt
|-unboost|p1a: Thundurus|atk|1
|-unboost|p1a: Thundurus|def|1
|-damage|p1a: Thundurus|0 fnt|[from] item: Life Orb
|faint|p2a: Doctor P
|faint|p1a: Thundurus
|
|-weather|RainDance|[upkeep]
|
|switch|p2a: In The Zone|Magnezone, shiny|270\/287
|switch|p1a: Metagross|Metagross|301\/301
|-damage|p2a: In The Zone|253\/287|[from] Stealth Rock
|turn|12
|
|detailschange|p1a: Metagross|Metagross-Mega
|-mega|p1a: Metagross|Metagross|Metagrossite
|move|p2a: In The Zone|Volt Switch|p1a: Metagross
|-damage|p1a: Metagross|175\/301
|
|switch|p2a: Beef|Swampert-Mega, F|322\/366
|-damage|p2a: Beef|300\/366|[from] Stealth Rock
|move|p1a: Metagross|Hammer Arm|p2a: Beef
|-damage|p2a: Beef|143\/366
|-unboost|p1a: Metagross|spe|1
|
|-weather|RainDance|[upkeep]
|turn|13
|
|move|p2a: Beef|Waterfall|p1a: Metagross
|-damage|p1a: Metagross|0 fnt
|faint|p1a: Metagross
|
|-weather|RainDance|[upkeep]
|-message|An IncognitoTuxedo forfeited.
|c|âAn IncognitoTuxedo|gg
|
|win|Tythaeus
|c|âTythaeus|gg
|c|âAn IncognitoTuxedo|I think I would've lost, even if I went out into rotom
|c|âTythaeus|wp
|c|âTythaeus|Maybe.
|c|âAn IncognitoTuxedo|if you doubled into mag then I lost if I switched into rotom
|c|âAn IncognitoTuxedo|o well