|join|mrquib
|join|Tythaeus
|player|p1|mrquib|170
|player|p2|Tythaeus|190
|gametype|singles
|gen|6
|tier|OU (suspect test)
|rated
|clearpoke
|poke|p1|Gardevoir, F
|poke|p1|Celebi
|poke|p1|Gliscor, F
|poke|p1|Heatran, M
|poke|p1|Conkeldurr, M
|poke|p1|Zapdos
|poke|p2|Tyranitar, F
|poke|p2|Excadrill, M
|poke|p2|Clefable, M
|poke|p2|Talonflame, M
|poke|p2|Chesnaught, F
|poke|p2|Gengar, M
|rule|Swagger Clause: Swagger is banned
|rule|Baton Pass Clause: Limit one PokÃ©mon knowing Baton Pass
|rule|Sleep Clause Mod: Limit one foe put to sleep
|rule|Species Clause: Limit one of each PokÃ©mon
|rule|OHKO Clause: OHKO moves are banned
|rule|Moody Clause: Moody is banned
|rule|Evasion Moves Clause: Evasion moves are banned
|rule|Endless Battle Clause: Forcing endless battles is banned
|rule|HP Percentage Mod: HP is shown in percentages
|teampreview
|
|start
|switch|p1a: Conkeldurr|Conkeldurr, M|413\/413
|switch|p2a: Tyranitar|Tyranitar, F|341\/341
|-weather|Sandstorm
|turn|1
|
|switch|p2a: Clefable|Clefable, M|394\/394
|move|p1a: Conkeldurr|Knock Off|p2a: Clefable
|-resisted|p2a: Clefable
|-damage|p2a: Clefable|320\/394
|-enditem|p2a: Clefable|Leftovers|[from] move: Knock Off|[of] p1a: Conkeldurr
|
|-weather|Sandstorm|[upkeep]
|-damage|p1a: Conkeldurr|388\/413|[from] sandstorm
|-heal|p1a: Conkeldurr|413\/413|[from] item: Leftovers
|turn|2
|
|switch|p1a: Celebi|Celebi|396\/396
|move|p2a: Clefable|Stealth Rock|p1a: Celebi
|-sidestart|p1: mrquib|move: Stealth Rock
|
|-weather|Sandstorm|[upkeep]
|-damage|p1a: Celebi|372\/396|[from] sandstorm
|-heal|p1a: Celebi|396\/396|[from] item: Leftovers
|turn|3
|
|move|p1a: Celebi|Baton Pass|p1a: Celebi
|
|switch|p1a: Gardevoir|Gardevoir, F|277\/277
|-damage|p1a: Gardevoir|243\/277|[from] Stealth Rock
|-ability|p1a: Gardevoir|Magic Guard|[from] ability: Trace|[of] p2a: Clefable
|move|p2a: Clefable|Moonblast|p1a: Gardevoir
|-damage|p1a: Gardevoir|146\/277
|-unboost|p1a: Gardevoir|spa|1
|
|-weather|Sandstorm|[upkeep]
|turn|4
|
|detailschange|p1a: Gardevoir|Gardevoir-Mega, F
|-mega|p1a: Gardevoir|Gardevoir|Gardevoirite
|move|p1a: Gardevoir|Hyper Voice|p2a: Clefable
|-damage|p2a: Clefable|182\/394
|move|p2a: Clefable|Soft-Boiled|p2a: Clefable
|-heal|p2a: Clefable|379\/394
|
|-weather|Sandstorm|[upkeep]
|-damage|p1a: Gardevoir|129\/277|[from] sandstorm
|turn|5
|
|switch|p1a: Celebi|Celebi|396\/396
|-damage|p1a: Celebi|347\/396|[from] Stealth Rock
|move|p2a: Clefable|Moonblast|p1a: Celebi
|-damage|p1a: Celebi|266\/396
|-unboost|p1a: Celebi|spa|1
|
|-weather|none
|-heal|p1a: Celebi|290\/396|[from] item: Leftovers
|turn|6
|
|move|p1a: Celebi|Nasty Plot|p1a: Celebi
|-boost|p1a: Celebi|spa|2
|move|p2a: Clefable|Moonblast|p1a: Celebi
|-damage|p1a: Celebi|217\/396
|
|-heal|p1a: Celebi|241\/396|[from] item: Leftovers
|turn|7
|
|switch|p2a: Talonflame|Talonflame, M|317\/317
|move|p1a: Celebi|Giga Drain|p2a: Talonflame
|-resisted|p2a: Talonflame
|-damage|p2a: Talonflame|271\/317
|-heal|p1a: Celebi|264\/396|[from] drain|[of] p2a: Talonflame
|
|-heal|p1a: Celebi|288\/396|[from] item: Leftovers
|turn|8
|
|switch|p1a: Heatran|Heatran, M|385\/385
|-damage|p1a: Heatran|337\/385|[from] Stealth Rock
|move|p2a: Talonflame|U-turn|p1a: Heatran
|-resisted|p1a: Heatran
|-damage|p1a: Heatran|316\/385
|
|switch|p2a: Tyranitar|Tyranitar, F|341\/341
|-weather|Sandstorm
|
|-weather|Sandstorm|[upkeep]
|-heal|p1a: Heatran|340\/385|[from] item: Leftovers
|turn|9
|
|switch|p1a: Conkeldurr|Conkeldurr, M|413\/413
|-damage|p1a: Conkeldurr|388\/413|[from] Stealth Rock
|detailschange|p2a: Tyranitar|Tyranitar-Mega, F
|-mega|p2a: Tyranitar|Tyranitar|Tyranitarite
|move|p2a: Tyranitar|Earthquake|p1a: Conkeldurr
|-damage|p1a: Conkeldurr|249\/413
|
|-weather|Sandstorm|[upkeep]
|-damage|p1a: Conkeldurr|224\/413|[from] sandstorm
|-heal|p1a: Conkeldurr|249\/413|[from] item: Leftovers
|turn|10
|
|switch|p2a: Clefable|Clefable, M|379\/394
|move|p1a: Conkeldurr|Drain Punch|p2a: Clefable
|-resisted|p2a: Clefable
|-damage|p2a: Clefable|292\/394
|-heal|p1a: Conkeldurr|293\/413|[from] drain|[of] p2a: Clefable
|
|-weather|Sandstorm|[upkeep]
|-damage|p1a: Conkeldurr|268\/413|[from] sandstorm
|-heal|p1a: Conkeldurr|293\/413|[from] item: Leftovers
|turn|11
|
|switch|p1a: Heatran|Heatran, M|340\/385
|-damage|p1a: Heatran|292\/385|[from] Stealth Rock
|move|p2a: Clefable|Moonblast|p1a: Heatran
|-resisted|p1a: Heatran
|-damage|p1a: Heatran|274\/385
|-unboost|p1a: Heatran|spa|1
|
|-weather|Sandstorm|[upkeep]
|-heal|p1a: Heatran|298\/385|[from] item: Leftovers
|turn|12
|
|switch|p2a: Tyranitar|Tyranitar-Mega, F|341\/341
|move|p1a: Heatran|Lava Plume|p2a: Tyranitar
|-resisted|p2a: Tyranitar
|-damage|p2a: Tyranitar|319\/341
|
|-weather|none
|-heal|p1a: Heatran|322\/385|[from] item: Leftovers
|turn|13
|
|switch|p1a: Gliscor|Gliscor, F|337\/337
|-damage|p1a: Gliscor|295\/337|[from] Stealth Rock
|move|p2a: Tyranitar|Dragon Dance|p2a: Tyranitar
|-boost|p2a: Tyranitar|atk|1
|-boost|p2a: Tyranitar|spe|1
|
|-status|p1a: Gliscor|tox|[from] item: Toxic Orb
|turn|14
|
|move|p2a: Tyranitar|Ice Punch|p1a: Gliscor
|-supereffective|p1a: Gliscor
|-damage|p1a: Gliscor|0 fnt
|faint|p1a: Gliscor
|
|
|switch|p1a: Conkeldurr|Conkeldurr, M|293\/413
|-damage|p1a: Conkeldurr|268\/413|[from] Stealth Rock
|turn|15
|
|switch|p2a: Clefable|Clefable, M|292\/394
|move|p1a: Conkeldurr|Mach Punch|p2a: Clefable
|-resisted|p2a: Clefable
|-damage|p2a: Clefable|245\/394
|
|-heal|p1a: Conkeldurr|293\/413|[from] item: Leftovers
|turn|16
|
|switch|p1a: Heatran|Heatran, M|322\/385
|-damage|p1a: Heatran|274\/385|[from] Stealth Rock
|move|p2a: Clefable|Soft-Boiled|p2a: Clefable
|-heal|p2a: Clefable|394\/394
|
|-heal|p1a: Heatran|298\/385|[from] item: Leftovers
|turn|17
|
|switch|p2a: Tyranitar|Tyranitar-Mega, F|319\/341
|-weather|Sandstorm
|move|p1a: Heatran|Lava Plume|p2a: Tyranitar
|-resisted|p2a: Tyranitar
|-damage|p2a: Tyranitar|280\/341
|-status|p2a: Tyranitar|brn
|
|-weather|Sandstorm|[upkeep]
|-heal|p1a: Heatran|322\/385|[from] item: Leftovers
|-damage|p2a: Tyranitar|238\/341 brn|[from] brn
|turn|18
|
|move|p1a: Heatran|Protect|p1a: Heatran
|-singleturn|p1a: Heatran|Protect
|move|p2a: Tyranitar|Earthquake|p1a: Heatran
|-activate|p1a: Heatran|Protect
|
|-weather|Sandstorm|[upkeep]
|-heal|p1a: Heatran|346\/385|[from] item: Leftovers
|-damage|p2a: Tyranitar|196\/341 brn|[from] brn
|turn|19
|
|switch|p1a: Zapdos|Zapdos|383\/383
|-damage|p1a: Zapdos|288\/383|[from] Stealth Rock
|-ability|p1a: Zapdos|Pressure
|move|p2a: Tyranitar|Earthquake|p1a: Zapdos
|-immune|p1a: Zapdos|[msg]
|
|-weather|Sandstorm|[upkeep]
|-damage|p1a: Zapdos|265\/383|[from] sandstorm
|-heal|p1a: Zapdos|288\/383|[from] item: Leftovers
|-damage|p2a: Tyranitar|154\/341 brn|[from] brn
|turn|20
|
|switch|p2a: Clefable|Clefable, M|394\/394
|move|p1a: Zapdos|Roost|p1a: Zapdos
|-heal|p1a: Zapdos|383\/383
|
|-weather|Sandstorm|[upkeep]
|-damage|p1a: Zapdos|360\/383|[from] sandstorm
|-heal|p1a: Zapdos|383\/383|[from] item: Leftovers
|turn|21
|
|switch|p2a: Excadrill|Excadrill, M|362\/362
|move|p1a: Zapdos|Defog|p2a: Excadrill
|-unboost|p2a: Excadrill|evasion|1
|-sideend|p1: mrquib|Stealth Rock|[from] move: Defog|[of] p1a: Zapdos
|
|-weather|none
|turn|22
|
|switch|p2a: Clefable|Clefable, M|394\/394
|move|p1a: Zapdos|Hidden Power|p2a: Clefable
|-damage|p2a: Clefable|341\/394
|
|turn|23
|
|switch|p1a: Heatran|Heatran, M|346\/385
|switch|p2a: Excadrill|Excadrill, M|362\/362
|
|-heal|p1a: Heatran|370\/385|[from] item: Leftovers
|turn|24
|
|switch|p1a: Zapdos|Zapdos|383\/383
|-ability|p1a: Zapdos|Pressure
|move|p2a: Excadrill|Swords Dance|p2a: Excadrill
|-boost|p2a: Excadrill|atk|2
|
|turn|25
|
|move|p2a: Excadrill|Iron Head|p1a: Zapdos
|-resisted|p1a: Zapdos
|-damage|p1a: Zapdos|230\/383
|-damage|p2a: Excadrill|326\/362|[from] item: Life Orb
|cant|p1a: Zapdos|flinch
|
|-heal|p1a: Zapdos|253\/383|[from] item: Leftovers
|turn|26
|
|move|p2a: Excadrill|Iron Head|p1a: Zapdos
|-resisted|p1a: Zapdos
|-damage|p1a: Zapdos|113\/383
|-damage|p2a: Excadrill|290\/362|[from] item: Life Orb
|move|p1a: Zapdos|Hidden Power|p2a: Excadrill
|-damage|p2a: Excadrill|204\/362
|
|-heal|p1a: Zapdos|136\/383|[from] item: Leftovers
|turn|27
|
|move|p2a: Excadrill|Iron Head|p1a: Zapdos
|-resisted|p1a: Zapdos
|-damage|p1a: Zapdos|0 fnt
|-damage|p2a: Excadrill|168\/362|[from] item: Life Orb
|faint|p1a: Zapdos
|
|
|switch|p1a: Conkeldurr|Conkeldurr, M|293\/413
|turn|28
|
|switch|p2a: Clefable|Clefable, M|341\/394
|move|p1a: Conkeldurr|Drain Punch|p2a: Clefable
|-resisted|p2a: Clefable
|-damage|p2a: Clefable|263\/394
|-heal|p1a: Conkeldurr|332\/413|[from] drain|[of] p2a: Clefable
|
|-heal|p1a: Conkeldurr|357\/413|[from] item: Leftovers
|turn|29
|
|switch|p1a: Heatran|Heatran, M|370\/385
|move|p2a: Clefable|Stealth Rock|p1a: Heatran
|-sidestart|p1: mrquib|move: Stealth Rock
|
|-heal|p1a: Heatran|385\/385|[from] item: Leftovers
|turn|30
|
|move|p1a: Heatran|Lava Plume|p2a: Clefable
|-damage|p2a: Clefable|142\/394
|move|p2a: Clefable|Soft-Boiled|p2a: Clefable
|-heal|p2a: Clefable|339\/394
|
|turn|31
|
|move|p1a: Heatran|Lava Plume|p2a: Clefable
|-damage|p2a: Clefable|230\/394
|move|p2a: Clefable|Soft-Boiled|p2a: Clefable
|-heal|p2a: Clefable|394\/394
|
|turn|32
|
|switch|p2a: Tyranitar|Tyranitar-Mega, F|154\/341 brn
|-weather|Sandstorm
|move|p1a: Heatran|Earth Power|p2a: Tyranitar
|-supereffective|p2a: Tyranitar
|-damage|p2a: Tyranitar|54\/341 brn
|
|-weather|Sandstorm|[upkeep]
|-damage|p2a: Tyranitar|12\/341 brn|[from] brn
|turn|33
|
|switch|p2a: Excadrill|Excadrill, M|168\/362
|move|p1a: Heatran|Protect|p1a: Heatran
|-fail|p1a: Heatran
|
|-weather|Sandstorm|[upkeep]
|turn|34
|
|move|p1a: Heatran|Protect|p1a: Heatran
|-singleturn|p1a: Heatran|Protect
|move|p2a: Excadrill|Earthquake|p1a: Heatran
|-activate|p1a: Heatran|Protect
|
|-weather|Sandstorm|[upkeep]
|turn|35
|
|switch|p1a: Celebi|Celebi|288\/396
|-damage|p1a: Celebi|239\/396|[from] Stealth Rock
|move|p2a: Excadrill|Iron Head|p1a: Celebi
|-damage|p1a: Celebi|31\/396
|-damage|p2a: Excadrill|132\/362|[from] item: Life Orb
|
|-weather|Sandstorm|[upkeep]
|-damage|p1a: Celebi|7\/396|[from] sandstorm
|-heal|p1a: Celebi|31\/396|[from] item: Leftovers
|turn|36
|
|move|p2a: Excadrill|Earthquake|p1a: Celebi
|-crit|p1a: Celebi
|-resisted|p1a: Celebi
|-damage|p1a: Celebi|0 fnt
|-damage|p2a: Excadrill|96\/362|[from] item: Life Orb
|faint|p1a: Celebi
|
|-weather|none
|
|switch|p1a: Gardevoir|Gardevoir-Mega, F|129\/277
|-damage|p1a: Gardevoir|95\/277|[from] Stealth Rock
|turn|37
|
|switch|p2a: Tyranitar|Tyranitar-Mega, F|12\/341 brn
|-weather|Sandstorm
|move|p1a: Gardevoir|Hyper Voice|p2a: Tyranitar
|-supereffective|p2a: Tyranitar
|-damage|p2a: Tyranitar|0 fnt
|faint|p2a: Tyranitar
|
|-weather|Sandstorm|[upkeep]
|-damage|p1a: Gardevoir|78\/277|[from] sandstorm
|
|switch|p2a: Excadrill|Excadrill, M|96\/362
|turn|38
|
|switch|p1a: Conkeldurr|Conkeldurr, M|357\/413
|-damage|p1a: Conkeldurr|332\/413|[from] Stealth Rock
|move|p2a: Excadrill|Earthquake|p1a: Conkeldurr
|-crit|p1a: Conkeldurr
|-damage|p1a: Conkeldurr|0 fnt
|-damage|p2a: Excadrill|60\/362|[from] item: Life Orb
|faint|p1a: Conkeldurr
|
|-weather|Sandstorm|[upkeep]
|c|âmrquib|:\/
|
|switch|p1a: Heatran|Heatran, M|385\/385
|-damage|p1a: Heatran|337\/385|[from] Stealth Rock
|turn|39
|-message|mrquib forfeited.
|
|win|Tythaeus
|raw|Ladder updating...
|leave|mrquib
|player|p1
|raw|mrquib's rating: 1404 &rarr; <strong>1382<\/strong><br \/>(-22 for losing)
|raw|Tythaeus's rating: 1373 &rarr; <strong>1395<\/strong><br \/>(+22 for winning)