|join|Tythaeus
|join|John Fucking Cena
|player|p1|Tythaeus|190
|player|p2|John Fucking Cena|2
|gametype|singles
|gen|6
|tier|OU (suspect test)
|rated
|clearpoke
|poke|p1|Celebi
|poke|p1|Azumarill, F
|poke|p1|Steelix, M
|poke|p1|Latias, F
|poke|p1|Tyranitar, F
|poke|p1|Rotom-Wash
|poke|p2|Slowbro, M
|poke|p2|Terrakion
|poke|p2|Ferrothorn, F
|poke|p2|Clefable, M
|poke|p2|Latios, M
|poke|p2|Scizor, M
|rule|Swagger Clause: Swagger is banned
|rule|Baton Pass Clause: Limit one PokÃ©mon knowing Baton Pass
|rule|Sleep Clause Mod: Limit one foe put to sleep
|rule|Species Clause: Limit one of each PokÃ©mon
|rule|OHKO Clause: OHKO moves are banned
|rule|Moody Clause: Moody is banned
|rule|Evasion Moves Clause: Evasion moves are banned
|rule|Endless Battle Clause: Forcing endless battles is banned
|rule|HP Percentage Mod: HP is shown in percentages
|teampreview
|
|start
|switch|p1a: Rotom-Wash|Rotom-Wash|304\/304
|switch|p2a: Scizor|Scizor, M|281\/281
|turn|1
|
|move|p2a: Scizor|U-turn|p1a: Rotom-Wash
|-damage|p1a: Rotom-Wash|165\/304
|
|switch|p2a: Latios|Latios, M|301\/301
|move|p1a: Rotom-Wash|Will-O-Wisp|p2a: Latios
|-status|p2a: Latios|brn
|
|-heal|p1a: Rotom-Wash|184\/304|[from] item: Leftovers
|-damage|p2a: Latios|264\/301 brn|[from] brn
|turn|2
|
|switch|p1a: Tyranitar|Tyranitar, F|341\/341
|-weather|Sandstorm
|move|p2a: Latios|Psyshock|p1a: Tyranitar
|-immune|p1a: Tyranitar|[msg]
|
|-weather|Sandstorm|[upkeep]
|-damage|p2a: Latios|246\/301 brn|[from] sandstorm
|-damage|p2a: Latios|209\/301 brn|[from] brn
|turn|3
|
|move|p1a: Tyranitar|Pursuit|p2a: Latios|[from]Pursuit
|-supereffective|p2a: Latios
|-damage|p2a: Latios|0 fnt
|faint|p2a: Latios
|
|-weather|Sandstorm|[upkeep]
|
|switch|p2a: Scizor|Scizor, M|281\/281
|turn|4
|
|switch|p1a: Steelix|Steelix, M|353\/353
|move|p2a: Scizor|U-turn|p1a: Steelix
|-resisted|p1a: Steelix
|-damage|p1a: Steelix|298\/353
|
|switch|p2a: Slowbro|Slowbro, M|394\/394
|
|-weather|Sandstorm|[upkeep]
|-damage|p2a: Slowbro|370\/394|[from] sandstorm
|turn|5
|
|switch|p1a: Celebi|Celebi|404\/404
|detailschange|p2a: Slowbro|Slowbro-Mega, M
|-mega|p2a: Slowbro|Slowbro|Slowbronite
|move|p2a: Slowbro|Scald|p1a: Celebi
|-resisted|p1a: Celebi
|-damage|p1a: Celebi|348\/404
|
|-weather|Sandstorm|[upkeep]
|-damage|p1a: Celebi|323\/404|[from] sandstorm
|-damage|p2a: Slowbro|346\/394|[from] sandstorm
|-heal|p1a: Celebi|348\/404|[from] item: Leftovers
|turn|6
|
|switch|p2a: Scizor|Scizor, M|281\/281
|move|p1a: Celebi|Giga Drain|p2a: Scizor
|-resisted|p2a: Scizor
|-damage|p2a: Scizor|253\/281
|-heal|p1a: Celebi|362\/404|[from] drain|[of] p2a: Scizor
|
|-weather|none
|-heal|p1a: Celebi|387\/404|[from] item: Leftovers
|turn|7
|
|switch|p1a: Steelix|Steelix, M|298\/353
|move|p2a: Scizor|U-turn|p1a: Steelix
|-resisted|p1a: Steelix
|-damage|p1a: Steelix|241\/353
|
|switch|p2a: Slowbro|Slowbro-Mega, M|346\/394
|
|turn|8
|
|switch|p1a: Celebi|Celebi|387\/404
|move|p2a: Slowbro|Scald|p1a: Celebi
|-resisted|p1a: Celebi
|-damage|p1a: Celebi|330\/404
|
|-heal|p1a: Celebi|355\/404|[from] item: Leftovers
|turn|9
|
|switch|p2a: Scizor|Scizor, M|253\/281
|move|p1a: Celebi|Baton Pass|p1a: Celebi
|
|switch|p1a: Steelix|Steelix, M|241\/353
|
|turn|10
|
|detailschange|p1a: Steelix|Steelix-Mega, M
|-mega|p1a: Steelix|Steelix|Steelixite
|move|p2a: Scizor|U-turn|p1a: Steelix
|-resisted|p1a: Steelix
|-damage|p1a: Steelix|187\/353
|
|switch|p2a: Slowbro|Slowbro-Mega, M|346\/394
|move|p1a: Steelix|Stealth Rock|p2a: Slowbro
|-sidestart|p2: John Fucking Cena|move: Stealth Rock
|
|turn|11
|
|switch|p1a: Celebi|Celebi|355\/404
|move|p2a: Slowbro|Ice Beam|p1a: Celebi
|-supereffective|p1a: Celebi
|-damage|p1a: Celebi|167\/404
|
|-heal|p1a: Celebi|192\/404|[from] item: Leftovers
|turn|12
|
|switch|p2a: Scizor|Scizor, M|253\/281
|-damage|p2a: Scizor|218\/281|[from] Stealth Rock
|move|p1a: Celebi|Recover|p1a: Celebi
|-heal|p1a: Celebi|394\/404
|
|-heal|p1a: Celebi|404\/404|[from] item: Leftovers
|turn|13
|
|switch|p1a: Azumarill|Azumarill, F|364\/364
|move|p2a: Scizor|U-turn|p1a: Azumarill
|-resisted|p1a: Azumarill
|-damage|p1a: Azumarill|250\/364
|
|switch|p2a: Ferrothorn|Ferrothorn, F|352\/352
|-damage|p2a: Ferrothorn|330\/352|[from] Stealth Rock
|
|-heal|p2a: Ferrothorn|352\/352|[from] item: Leftovers
|turn|14
|
|switch|p1a: Rotom-Wash|Rotom-Wash|184\/304
|move|p2a: Ferrothorn|Spikes|p1a: Rotom-Wash
|-sidestart|p1: Tythaeus|Spikes
|
|-heal|p1a: Rotom-Wash|203\/304|[from] item: Leftovers
|turn|15
|
|move|p1a: Rotom-Wash|Will-O-Wisp|p2a: Ferrothorn
|-status|p2a: Ferrothorn|brn
|move|p2a: Ferrothorn|Leech Seed|p1a: Rotom-Wash
|-start|p1a: Rotom-Wash|move: Leech Seed
|
|-heal|p1a: Rotom-Wash|222\/304|[from] item: Leftovers
|-damage|p1a: Rotom-Wash|184\/304|[from] Leech Seed|[of] p2a: Ferrothorn
|-damage|p2a: Ferrothorn|308\/352 brn|[from] brn
|turn|16
|
|move|p1a: Rotom-Wash|Volt Switch|p2a: Ferrothorn
|-resisted|p2a: Ferrothorn
|-damage|p2a: Ferrothorn|273\/352 brn
|
|switch|p1a: Latias|Latias, F|301\/301
|move|p2a: Ferrothorn|Leech Seed|p1a: Latias
|-start|p1a: Latias|move: Leech Seed
|
|-heal|p2a: Ferrothorn|295\/352 brn|[from] item: Leftovers
|-damage|p1a: Latias|264\/301|[from] Leech Seed|[of] p2a: Ferrothorn
|-heal|p2a: Ferrothorn|332\/352 brn|[silent]
|-damage|p2a: Ferrothorn|288\/352 brn|[from] brn
|turn|17
|
|move|p2a: Ferrothorn|Protect|p2a: Ferrothorn
|-singleturn|p2a: Ferrothorn|Protect
|move|p1a: Latias|Defog|p2a: Ferrothorn
|-activate|p2a: Ferrothorn|Protect
|
|-heal|p2a: Ferrothorn|310\/352 brn|[from] item: Leftovers
|-damage|p1a: Latias|227\/301|[from] Leech Seed|[of] p2a: Ferrothorn
|-heal|p2a: Ferrothorn|347\/352 brn|[silent]
|-damage|p2a: Ferrothorn|303\/352 brn|[from] brn
|turn|18
|
|switch|p1a: Celebi|Celebi|404\/404
|-damage|p1a: Celebi|354\/404|[from] Spikes
|move|p2a: Ferrothorn|Gyro Ball|p1a: Celebi
|-damage|p1a: Celebi|273\/404
|
|-heal|p1a: Celebi|298\/404|[from] item: Leftovers
|-heal|p2a: Ferrothorn|325\/352 brn|[from] item: Leftovers
|-damage|p2a: Ferrothorn|281\/352 brn|[from] brn
|turn|19
|
|move|p1a: Celebi|Recover|p1a: Celebi
|-heal|p1a: Celebi|404\/404
|move|p2a: Ferrothorn|Spikes|p1a: Celebi
|-sidestart|p1: Tythaeus|Spikes
|
|-heal|p2a: Ferrothorn|303\/352 brn|[from] item: Leftovers
|-damage|p2a: Ferrothorn|259\/352 brn|[from] brn
|turn|20
|
|move|p1a: Celebi|Giga Drain|p2a: Ferrothorn
|-resisted|p2a: Ferrothorn
|-damage|p2a: Ferrothorn|239\/352 brn
|move|p2a: Ferrothorn|Leech Seed|p1a: Celebi
|-immune|p1a: Celebi|[msg]
|
|-heal|p2a: Ferrothorn|261\/352 brn|[from] item: Leftovers
|-damage|p2a: Ferrothorn|217\/352 brn|[from] brn
|turn|21
|
|switch|p2a: Scizor|Scizor, M|218\/281
|-damage|p2a: Scizor|183\/281|[from] Stealth Rock
|move|p1a: Celebi|Baton Pass|p1a: Celebi
|
|switch|p1a: Rotom-Wash|Rotom-Wash|184\/304
|
|-heal|p1a: Rotom-Wash|203\/304|[from] item: Leftovers
|turn|22
|
|move|p2a: Scizor|Bug Bite|p1a: Rotom-Wash
|-damage|p1a: Rotom-Wash|29\/304
|move|p1a: Rotom-Wash|Volt Switch|p2a: Scizor
|-damage|p2a: Scizor|78\/281
|
|switch|p1a: Latias|Latias, F|227\/301
|
|turn|23
|
|switch|p2a: Clefable|Clefable, M|394\/394
|-damage|p2a: Clefable|345\/394|[from] Stealth Rock
|move|p1a: Latias|Psyshock|p2a: Clefable
|-damage|p2a: Clefable|141\/394
|-damage|p1a: Latias|197\/301|[from] item: Life Orb
|
|-heal|p2a: Clefable|165\/394|[from] item: Leftovers
|turn|24
|
|move|p1a: Latias|Psyshock|p2a: Clefable
|-damage|p2a: Clefable|0 fnt
|-damage|p1a: Latias|167\/301|[from] item: Life Orb
|faint|p2a: Clefable
|
|
|switch|p2a: Scizor|Scizor, M|78\/281
|-damage|p2a: Scizor|43\/281|[from] Stealth Rock
|turn|25
|
|switch|p1a: Rotom-Wash|Rotom-Wash|29\/304
|move|p2a: Scizor|Bullet Punch|p1a: Rotom-Wash
|-resisted|p1a: Rotom-Wash
|-damage|p1a: Rotom-Wash|0 fnt
|faint|p1a: Rotom-Wash
|
|
|switch|p1a: Celebi|Celebi|404\/404
|-damage|p1a: Celebi|337\/404|[from] Spikes
|turn|26
|
|switch|p2a: Terrakion|Terrakion|323\/323
|-damage|p2a: Terrakion|303\/323|[from] Stealth Rock
|move|p1a: Celebi|Giga Drain|p2a: Terrakion
|-supereffective|p2a: Terrakion
|-damage|p2a: Terrakion|105\/323
|-heal|p1a: Celebi|404\/404|[from] drain|[of] p2a: Terrakion
|
|turn|27
|
|switch|p1a: Azumarill|Azumarill, F|250\/364
|-damage|p1a: Azumarill|190\/364|[from] Spikes
|move|p2a: Terrakion|Stone Edge|p1a: Azumarill
|-damage|p1a: Azumarill|0 fnt
|-damage|p2a: Terrakion|73\/323|[from] item: Life Orb
|faint|p1a: Azumarill
|
|
|switch|p1a: Latias|Latias, F|167\/301
|turn|28
|
|switch|p2a: Ferrothorn|Ferrothorn, F|217\/352 brn
|-damage|p2a: Ferrothorn|195\/352 brn|[from] Stealth Rock
|move|p1a: Latias|Psyshock|p2a: Ferrothorn
|-resisted|p2a: Ferrothorn
|-damage|p2a: Ferrothorn|150\/352 brn
|-damage|p1a: Latias|137\/301|[from] item: Life Orb
|
|-heal|p2a: Ferrothorn|172\/352 brn|[from] item: Leftovers
|-damage|p2a: Ferrothorn|128\/352 brn|[from] brn
|turn|29
|
|switch|p1a: Celebi|Celebi|404\/404
|-damage|p1a: Celebi|337\/404|[from] Spikes
|switch|p2a: Terrakion|Terrakion|73\/323
|-damage|p2a: Terrakion|53\/323|[from] Stealth Rock
|
|-heal|p1a: Celebi|362\/404|[from] item: Leftovers
|turn|30
|
|move|p2a: Terrakion|Stone Edge|p1a: Celebi
|-damage|p1a: Celebi|116\/404
|-damage|p2a: Terrakion|21\/323|[from] item: Life Orb
|move|p1a: Celebi|Recover|p1a: Celebi
|-heal|p1a: Celebi|318\/404
|
|-heal|p1a: Celebi|343\/404|[from] item: Leftovers
|turn|31
|
|switch|p1a: Steelix|Steelix-Mega, M|187\/353
|-damage|p1a: Steelix|129\/353|[from] Spikes
|move|p2a: Terrakion|Stone Edge|p1a: Steelix
|-resisted|p1a: Steelix
|-damage|p1a: Steelix|103\/353
|-damage|p2a: Terrakion|0 fnt|[from] item: Life Orb
|faint|p2a: Terrakion
|
|
|switch|p2a: Slowbro|Slowbro-Mega, M|346\/394
|-damage|p2a: Slowbro|297\/394|[from] Stealth Rock
|turn|32
|
|move|p2a: Slowbro|Ice Beam|p1a: Steelix
|-damage|p1a: Steelix|0 fnt
|faint|p1a: Steelix
|
|
|switch|p1a: Celebi|Celebi|343\/404
|-damage|p1a: Celebi|276\/404|[from] Spikes
|turn|33
|
|move|p1a: Celebi|Giga Drain|p2a: Slowbro
|-supereffective|p2a: Slowbro
|-damage|p2a: Slowbro|103\/394
|-heal|p1a: Celebi|373\/404|[from] drain|[of] p2a: Slowbro
|move|p2a: Slowbro|Ice Beam|p1a: Celebi
|-supereffective|p1a: Celebi
|-damage|p1a: Celebi|191\/404
|
|-heal|p1a: Celebi|216\/404|[from] item: Leftovers
|turn|34
|
|move|p1a: Celebi|Giga Drain|p2a: Slowbro
|-supereffective|p2a: Slowbro
|-damage|p2a: Slowbro|0 fnt
|-heal|p1a: Celebi|268\/404|[from] drain|[of] p2a: Slowbro
|faint|p2a: Slowbro
|
|-heal|p1a: Celebi|293\/404|[from] item: Leftovers
|
|switch|p2a: Scizor|Scizor, M|43\/281
|-damage|p2a: Scizor|8\/281|[from] Stealth Rock
|turn|35
|
|switch|p1a: Tyranitar|Tyranitar, F|341\/341
|-damage|p1a: Tyranitar|285\/341|[from] Spikes
|-weather|Sandstorm
|move|p2a: Scizor|Bullet Punch|p1a: Tyranitar
|-supereffective|p1a: Tyranitar
|-damage|p1a: Tyranitar|0 fnt
|faint|p1a: Tyranitar
|
|-weather|Sandstorm|[upkeep]
|
|switch|p1a: Celebi|Celebi|293\/404
|-damage|p1a: Celebi|226\/404|[from] Spikes
|turn|36
|
|move|p2a: Scizor|Bullet Punch|p1a: Celebi
|-damage|p1a: Celebi|40\/404
|move|p1a: Celebi|Giga Drain|p2a: Scizor
|-resisted|p2a: Scizor
|-damage|p2a: Scizor|0 fnt
|-heal|p1a: Celebi|44\/404|[from] drain|[of] p2a: Scizor
|faint|p2a: Scizor
|
|-weather|Sandstorm|[upkeep]
|-damage|p1a: Celebi|19\/404|[from] sandstorm
|-heal|p1a: Celebi|44\/404|[from] item: Leftovers
|c|âJohn Fucking Cena|gg
|-message|John Fucking Cena forfeited.
|
|win|Tythaeus
|raw|Ladder updating...
|raw|Tythaeus's rating: 1337 &rarr; <strong>1355<\/strong><br \/>(+18 for winning)
|raw|John Fucking Cena's rating: 1300 &rarr; <strong>1283<\/strong><br \/>(-17 for losing)
|leave|John Fucking Cena
|player|p2
|c|âTythaeus|Gg