|join|Tythaeus
|join|Bonbo
|player|p1|Tythaeus|190
|player|p2|Bonbo|138
|gametype|singles
|gen|6
|tier|OU (suspect test)
|rated
|clearpoke
|poke|p1|Tyranitar, F
|poke|p1|Excadrill, M
|poke|p1|Clefable, M
|poke|p1|Talonflame, M
|poke|p1|Chesnaught, F
|poke|p1|Gengar, F
|poke|p2|Lopunny, M
|poke|p2|Magnezone
|poke|p2|Latios, M
|poke|p2|Azumarill, M
|poke|p2|Talonflame, M
|poke|p2|Landorus, M
|rule|Swagger Clause: Swagger is banned
|rule|Baton Pass Clause: Limit one PokÃ©mon knowing Baton Pass
|rule|Sleep Clause Mod: Limit one foe put to sleep
|rule|Species Clause: Limit one of each PokÃ©mon
|rule|OHKO Clause: OHKO moves are banned
|rule|Moody Clause: Moody is banned
|rule|Evasion Moves Clause: Evasion moves are banned
|rule|Endless Battle Clause: Forcing endless battles is banned
|rule|HP Percentage Mod: HP is shown in percentages
|teampreview
|join|Stuckin4G
|
|start
|switch|p1a: Clefable|Clefable, M|394\/394
|switch|p2a: Talonflame|Talonflame, M|297\/297
|turn|1
|
|move|p2a: Talonflame|U-turn|p1a: Clefable
|-resisted|p1a: Clefable
|-damage|p1a: Clefable|344\/394
|
|switch|p2a: Landorus|Landorus, M|319\/319
|move|p1a: Clefable|Stealth Rock|p2a: Landorus
|-sidestart|p2: Bonbo|move: Stealth Rock
|
|-heal|p1a: Clefable|368\/394|[from] item: Leftovers
|turn|2
|
|switch|p1a: Gengar|Gengar, F|262\/262
|move|p2a: Landorus|Stealth Rock|p1a: Gengar
|-sidestart|p1: Tythaeus|move: Stealth Rock
|
|turn|3
|
|switch|p2a: Magnezone|Magnezone|282\/282
|-damage|p2a: Magnezone|265\/282|[from] Stealth Rock
|move|p1a: Gengar|Shadow Ball|p2a: Magnezone
|-damage|p2a: Magnezone|117\/282
|
|turn|4
|
|move|p1a: Gengar|Shadow Ball|p2a: Magnezone
|-damage|p2a: Magnezone|0 fnt
|faint|p2a: Magnezone
|
|
|switch|p2a: Azumarill|Azumarill, M|404\/404
|-damage|p2a: Azumarill|354\/404|[from] Stealth Rock
|turn|5
|
|move|p1a: Gengar|Shadow Ball|p2a: Azumarill
|-crit|p2a: Azumarill
|-damage|p2a: Azumarill|194\/404
|move|p2a: Azumarill|Knock Off|p1a: Gengar
|-supereffective|p1a: Gengar
|-damage|p1a: Gengar|0 fnt
|-enditem|p1a: Gengar|Choice Scarf|[from] move: Knock Off|[of] p2a: Azumarill
|faint|p1a: Gengar
|
|
|switch|p1a: Talonflame|Talonflame, M|317\/317
|-damage|p1a: Talonflame|159\/317|[from] Stealth Rock
|turn|6
|
|move|p1a: Talonflame|Brave Bird|p2a: Azumarill
|-damage|p2a: Azumarill|0 fnt
|-damage|p1a: Talonflame|95\/317|[from] recoil|[of] p2a: Azumarill
|faint|p2a: Azumarill
|
|
|switch|p2a: Lopunny|Lopunny, M|277\/277
|-damage|p2a: Lopunny|243\/277|[from] Stealth Rock
|turn|7
|
|switch|p1a: Chesnaught|Chesnaught, F|380\/380
|-damage|p1a: Chesnaught|357\/380|[from] Stealth Rock
|detailschange|p2a: Lopunny|Lopunny-Mega, M
|-mega|p2a: Lopunny|Lopunny|Lopunnite
|move|p2a: Lopunny|Fake Out|p1a: Chesnaught
|-damage|p1a: Chesnaught|311\/380
|
|-heal|p1a: Chesnaught|334\/380|[from] item: Leftovers
|turn|8
|
|move|p2a: Lopunny|Ice Punch|p1a: Chesnaught
|-supereffective|p1a: Chesnaught
|-damage|p1a: Chesnaught|220\/380
|move|p1a: Chesnaught|Leech Seed|p2a: Lopunny
|-start|p2a: Lopunny|move: Leech Seed
|
|-heal|p1a: Chesnaught|243\/380|[from] item: Leftovers
|-damage|p2a: Lopunny|209\/277|[from] Leech Seed|[of] p1a: Chesnaught
|-heal|p1a: Chesnaught|277\/380|[silent]
|turn|9
|
|switch|p2a: Landorus|Landorus, M|319\/319
|-damage|p2a: Landorus|280\/319|[from] Stealth Rock
|move|p1a: Chesnaught|Leech Seed|p2a: Landorus
|-start|p2a: Landorus|move: Leech Seed
|
|-heal|p1a: Chesnaught|300\/380|[from] item: Leftovers
|-damage|p2a: Landorus|241\/319|[from] Leech Seed|[of] p1a: Chesnaught
|-heal|p1a: Chesnaught|339\/380|[silent]
|turn|10
|
|switch|p2a: Latios|Latios, M|301\/301
|-damage|p2a: Latios|264\/301|[from] Stealth Rock
|move|p1a: Chesnaught|Spiky Shield|p1a: Chesnaught
|-fail|p1a: Chesnaught
|
|-heal|p1a: Chesnaught|362\/380|[from] item: Leftovers
|turn|11
|
|move|p1a: Chesnaught|Spiky Shield|p1a: Chesnaught
|-singleturn|p1a: Chesnaught|move: Protect
|move|p2a: Latios|Draco Meteor|p1a: Chesnaught
|-activate|p1a: Chesnaught|move: Protect
|
|-heal|p1a: Chesnaught|380\/380|[from] item: Leftovers
|turn|12
|
|switch|p1a: Clefable|Clefable, M|368\/394
|move|p2a: Latios|Psyshock|p1a: Clefable
|-damage|p1a: Clefable|161\/394
|-damage|p2a: Latios|234\/301|[from] item: Life Orb
|
|-heal|p1a: Clefable|185\/394|[from] item: Leftovers
|turn|13
|
|switch|p1a: Tyranitar|Tyranitar, F|341\/341
|-damage|p1a: Tyranitar|299\/341|[from] Stealth Rock
|-weather|Sandstorm
|move|p2a: Latios|Psyshock|p1a: Tyranitar
|-immune|p1a: Tyranitar|[msg]
|
|-weather|Sandstorm|[upkeep]
|-damage|p2a: Latios|216\/301|[from] sandstorm
|turn|14
|
|detailschange|p1a: Tyranitar|Tyranitar-Mega, F
|-mega|p1a: Tyranitar|Tyranitar|Tyranitarite
|move|p2a: Latios|Draco Meteor|p1a: Tyranitar
|-damage|p1a: Tyranitar|127\/341
|-unboost|p2a: Latios|spa|2
|-damage|p2a: Latios|186\/301|[from] item: Life Orb
|move|p1a: Tyranitar|Crunch|p2a: Latios
|-supereffective|p2a: Latios
|-damage|p2a: Latios|0 fnt
|faint|p2a: Latios
|
|-weather|Sandstorm|[upkeep]
|
|switch|p2a: Lopunny|Lopunny-Mega, M|209\/277
|-damage|p2a: Lopunny|192\/277|[from] Stealth Rock
|turn|15
|
|switch|p1a: Clefable|Clefable, M|185\/394
|move|p2a: Lopunny|High Jump Kick|p1a: Clefable
|-resisted|p1a: Clefable
|-damage|p1a: Clefable|47\/394
|
|-weather|Sandstorm|[upkeep]
|-damage|p2a: Lopunny|175\/277|[from] sandstorm
|-heal|p1a: Clefable|71\/394|[from] item: Leftovers
|turn|16
|
|move|p2a: Lopunny|Return|p1a: Clefable
|-damage|p1a: Clefable|0 fnt
|faint|p1a: Clefable
|
|-weather|Sandstorm|[upkeep]
|-damage|p2a: Lopunny|158\/277|[from] sandstorm
|
|switch|p1a: Chesnaught|Chesnaught, F|380\/380
|-damage|p1a: Chesnaught|357\/380|[from] Stealth Rock
|turn|17
|
|move|p2a: Lopunny|Ice Punch|p1a: Chesnaught
|-supereffective|p1a: Chesnaught
|-damage|p1a: Chesnaught|243\/380
|move|p1a: Chesnaught|Leech Seed|p2a: Lopunny
|-start|p2a: Lopunny|move: Leech Seed
|
|-weather|none
|-heal|p1a: Chesnaught|266\/380|[from] item: Leftovers
|-damage|p2a: Lopunny|124\/277|[from] Leech Seed|[of] p1a: Chesnaught
|-heal|p1a: Chesnaught|300\/380|[silent]
|turn|18
|
|switch|p2a: Talonflame|Talonflame, M|297\/297
|-damage|p2a: Talonflame|149\/297|[from] Stealth Rock
|move|p1a: Chesnaught|Leech Seed|p2a: Talonflame
|-start|p2a: Talonflame|move: Leech Seed
|
|-heal|p1a: Chesnaught|323\/380|[from] item: Leftovers
|-damage|p2a: Talonflame|112\/297|[from] Leech Seed|[of] p1a: Chesnaught
|-heal|p1a: Chesnaught|360\/380|[silent]
|turn|19
|
|move|p1a: Chesnaught|Spiky Shield|p1a: Chesnaught
|-singleturn|p1a: Chesnaught|move: Protect
|move|p2a: Talonflame|Brave Bird|p1a: Chesnaught
|-activate|p1a: Chesnaught|move: Protect
|-damage|p2a: Talonflame|75\/297|[from] Spiky Shield|[of] p1a: Chesnaught
|
|-heal|p1a: Chesnaught|380\/380|[from] item: Leftovers
|-damage|p2a: Talonflame|38\/297|[from] Leech Seed|[of] p1a: Chesnaught
|turn|20
|
|switch|p1a: Tyranitar|Tyranitar-Mega, F|127\/341
|-damage|p1a: Tyranitar|85\/341|[from] Stealth Rock
|-weather|Sandstorm
|move|p2a: Talonflame|Brave Bird|p1a: Tyranitar
|-resisted|p1a: Tyranitar
|-damage|p1a: Tyranitar|0 fnt
|-damage|p2a: Talonflame|10\/297|[from] recoil|[of] p1a: Tyranitar
|faint|p1a: Tyranitar
|
|-weather|Sandstorm|[upkeep]
|-damage|p2a: Talonflame|0 fnt|[from] sandstorm
|faint|p2a: Talonflame
|
|switch|p2a: Landorus|Landorus, M|241\/319
|switch|p1a: Excadrill|Excadrill, M|362\/362
|-damage|p1a: Excadrill|351\/362|[from] Stealth Rock
|-damage|p2a: Landorus|202\/319|[from] Stealth Rock
|turn|21
|
|move|p1a: Excadrill|Iron Head|p2a: Landorus
|-damage|p2a: Landorus|10\/319
|-damage|p1a: Excadrill|315\/362|[from] item: Life Orb
|cant|p2a: Landorus|flinch
|
|-weather|Sandstorm|[upkeep]
|turn|22
|-message|Bonbo forfeited.
|leave|Bonbo
|leave|Stuckin4G
|
|win|Tythaeus
|raw|Ladder updating...
|player|p2
|raw|Tythaeus's rating: 1395 &rarr; <strong>1411<\/strong><br \/>(+16 for winning)
|raw|Bonbo's rating: 1324 &rarr; <strong>1308<\/strong><br \/>(-16 for losing)