|join|ObviouslyAV
|join|Tythaeus
|player|p1|ObviouslyAV|29
|player|p2|Tythaeus|190
|gametype|singles
|gen|6
|tier|OU (suspect test)
|clearpoke
|poke|p1|Manaphy
|poke|p1|Tyranitar, F
|poke|p1|Gyarados, M
|poke|p1|Ferrothorn, F
|poke|p1|Garchomp, F
|poke|p1|Magnezone
|poke|p2|Sableye, M
|poke|p2|Heatran, F
|poke|p2|Breloom, F
|poke|p2|Rotom-Wash
|poke|p2|Gardevoir, F
|poke|p2|Landorus-Therian, M
|rule|Swagger Clause: Swagger is banned
|rule|Baton Pass Clause: Limit one PokÃ©mon knowing Baton Pass
|rule|Sleep Clause Mod: Limit one foe put to sleep
|rule|Species Clause: Limit one of each PokÃ©mon
|rule|OHKO Clause: OHKO moves are banned
|rule|Moody Clause: Moody is banned
|rule|Evasion Moves Clause: Evasion moves are banned
|rule|Endless Battle Clause: Forcing endless battles is banned
|rule|HP Percentage Mod: HP is shown in percentages
|teampreview
|c|âObviouslyAV|This is teh new team i made
|c|âTythaeus|Hmm, sash. Chomp
|c|âTythaeus|Specs mag
|c|âTythaeus|Lefties ferro
|c|âObviouslyAV|Your getting all my sets
|c|âTythaeus|Scarf ttar?
|c|âTythaeus|Or dd mega
|c|âObviouslyAV|Damn.
|c|âTythaeus|Mana, maybe tail glow lefties
|c|âTythaeus|Gyara or defensive dd or mega
|c|âObviouslyAV|Idk
|c|âTythaeus|Hiw close am i? :]
|c|âTythaeus|*how
|c|âObviouslyAV|very like all 6
|
|start
|switch|p1a: Garchomp|Garchomp, F|357\/357
|switch|p2a: Landorus-Therian|Landorus-Therian, M|319\/319
|-ability|p2a: Landorus-Therian|Intimidate|[of] p1a: Garchomp
|-unboost|p1a: Garchomp|atk|1
|turn|1
|
|switch|p1a: Manaphy|Manaphy|404\/404
|move|p2a: Landorus-Therian|Earthquake|p1a: Manaphy
|-damage|p1a: Manaphy|271\/404
|
|-heal|p1a: Manaphy|296\/404|[from] item: Leftovers
|turn|2
|
|switch|p2a: Rotom-Wash|Rotom-Wash|304\/304
|move|p1a: Manaphy|Rain Dance|p1a: Manaphy
|-weather|RainDance
|
|-weather|RainDance|[upkeep]
|-heal|p1a: Manaphy|321\/404|[from] item: Leftovers
|turn|3
|
|move|p1a: Manaphy|Tail Glow|p1a: Manaphy
|-boost|p1a: Manaphy|spa|3
|move|p2a: Rotom-Wash|Volt Switch|p1a: Manaphy
|-supereffective|p1a: Manaphy
|-damage|p1a: Manaphy|151\/404
|c|âObviouslyAV|Well this escalated quickly :]
|c|âTythaeus|Oh shat
|c|âObviouslyAV|No switch is  papapa
|c|âTythaeus|Is it bulky or speedy
|c|âObviouslyAV|moon blast from garde does 0
|c|âObviouslyAV|enough speed for mew
|c|âObviouslyAV|So alot
|c|âTythaeus|Fk
|
|switch|p2a: Gardevoir|Gardevoir, F|278\/278
|-ability|p2a: Gardevoir|Hydration|[from] ability: Trace|[of] p1a: Manaphy
|
|-weather|RainDance|[upkeep]
|-heal|p1a: Manaphy|176\/404|[from] item: Leftovers
|turn|4
|
|move|p2a: Gardevoir|Moonblast|p1a: Manaphy
|-damage|p1a: Manaphy|7\/404
|-unboost|p1a: Manaphy|spa|1
|move|p1a: Manaphy|Rest|p1a: Manaphy
|-status|p1a: Manaphy|slp
|-heal|p1a: Manaphy|404\/404 slp|[silent]
|-status|p1a: Manaphy|slp|[from] move: Rest
|
|-weather|RainDance|[upkeep]
|-curestatus|p1a: Manaphy|slp
|turn|5
|c|âObviouslyAV|Rip
|c|âTythaeus|U fkin piece of cancer
|c|âObviouslyAV|Ok
|c|âTythaeus|Lol
|c|âObviouslyAV|Btw all the sets u named
|c|âObviouslyAV|were wrong except mana
|c|âObviouslyAV|like completely lol
|c|âTythaeus|Ik
|c|âObviouslyAV|â³ï¸
|c|âObviouslyAV|Just sac somethin
|c|âTythaeus|But It made me feel good about myself n_n
|c|âObviouslyAV|Sac this idek
|
|move|p2a: Gardevoir|Moonblast|p1a: Manaphy
|-damage|p1a: Manaphy|248\/404
|move|p1a: Manaphy|Scald|p2a: Gardevoir
|-damage|p2a: Gardevoir|22\/278
|
|-weather|RainDance|[upkeep]
|-heal|p1a: Manaphy|273\/404|[from] item: Leftovers
|turn|6
|c|âTythaeus|LOL
|c|âObviouslyAV|Gone.
|c|âTythaeus|The bulk
|c|âObviouslyAV|that spa drop
|
|move|p2a: Gardevoir|Moonblast|p1a: Manaphy
|-damage|p1a: Manaphy|107\/404
|-unboost|p1a: Manaphy|spa|1
|move|p1a: Manaphy|Rest|p1a: Manaphy
|-status|p1a: Manaphy|slp
|-heal|p1a: Manaphy|404\/404 slp|[silent]
|-status|p1a: Manaphy|slp|[from] move: Rest
|
|-weather|none
|turn|7
|c|âObviouslyAV|I run 0 spa
|c|âObviouslyAV|so ye
|
|switch|p2a: Breloom|Breloom, F|261\/261
|switch|p1a: Ferrothorn|Ferrothorn, F|351\/351
|
|turn|8
|
|switch|p2a: Heatran|Heatran, F|323\/323
|move|p1a: Ferrothorn|Stealth Rock|p2a: Heatran
|-sidestart|p2: Tythaeus|move: Stealth Rock
|
|turn|9
|
|switch|p2a: Rotom-Wash|Rotom-Wash|304\/304
|-damage|p2a: Rotom-Wash|266\/304|[from] Stealth Rock
|switch|p1a: Manaphy|Manaphy|404\/404 slp
|
|-heal|p2a: Rotom-Wash|285\/304|[from] item: Leftovers
|turn|10
|c|âObviouslyAV|Goooo
|c|âObviouslyAV|Lel
|
|cant|p1a: Manaphy|slp
|move|p2a: Rotom-Wash|Volt Switch|p1a: Manaphy
|-supereffective|p1a: Manaphy
|-damage|p1a: Manaphy|222\/404 slp
|
|switch|p2a: Breloom|Breloom, F|261\/261
|-damage|p2a: Breloom|245\/261|[from] Stealth Rock
|
|-heal|p1a: Manaphy|247\/404 slp|[from] item: Leftovers
|turn|11
|c|âObviouslyAV|Wwwwwake up
|
|switch|p1a: Ferrothorn|Ferrothorn, F|351\/351
|move|p2a: Breloom|Mach Punch|p1a: Ferrothorn
|-supereffective|p1a: Ferrothorn
|-damage|p1a: Ferrothorn|156\/351
|-damage|p2a: Breloom|213\/261|[from] ability: Iron Barbs|[of] p1a: Ferrothorn
|-damage|p2a: Breloom|187\/261|[from] item: Life Orb
|
|turn|12
|c|âObviouslyAV|Ggggggggo
|c|âObviouslyAV|Gr8 2ohko m8
|
|move|p2a: Breloom|Mach Punch|p1a: Ferrothorn
|-supereffective|p1a: Ferrothorn
|-damage|p1a: Ferrothorn|0 fnt
|-damage|p2a: Breloom|155\/261|[from] ability: Iron Barbs|[of] p1a: Ferrothorn
|-damage|p2a: Breloom|129\/261|[from] item: Life Orb
|faint|p1a: Ferrothorn
|
|
|switch|p1a: Gyarados|Gyarados, M|347\/347
|-ability|p1a: Gyarados|Intimidate|[of] p2a: Breloom
|-unboost|p2a: Breloom|atk|1
|turn|13
|c|âTythaeus|Perdicted
|c|âTythaeus|:]
|c|âObviouslyAV|Meh
|c|âObviouslyAV|Not really
|
|move|p2a: Breloom|Rock Tomb|p1a: Gyarados
|-supereffective|p1a: Gyarados
|-damage|p1a: Gyarados|134\/347
|-unboost|p1a: Gyarados|spe|1
|-damage|p2a: Breloom|103\/261|[from] item: Life Orb
|move|p1a: Gyarados|Substitute|p1a: Gyarados
|-start|p1a: Gyarados|Substitute
|-damage|p1a: Gyarados|48\/347
|
|-heal|p1a: Gyarados|69\/347|[from] item: Leftovers
|turn|14
|c|âObviouslyAV|bullet seed was your wort ply
|c|âObviouslyAV|Play
|c|âObviouslyAV|Wosrt*
|c|âObviouslyAV|Worst*
|c|âObviouslyAV|Mobile,,
|
|move|p2a: Breloom|Bullet Seed|p1a: Gyarados
|-activate|p1a: Gyarados|Substitute|[damage]
|-end|p1a: Gyarados|Substitute
|-damage|p1a: Gyarados|1\/347
|-hitcount|p1a: Gyarados|3
|-damage|p2a: Breloom|77\/261|[from] item: Life Orb
|move|p1a: Gyarados|Bounce|p2a: Breloom|[still]
|-prepare|p1a: Gyarados|Bounce|p2a: Breloom
|
|-heal|p1a: Gyarados|22\/347|[from] item: Leftovers
|turn|15
|c|âObviouslyAV|Top banter
|
|switch|p2a: Rotom-Wash|Rotom-Wash|285\/304
|-damage|p2a: Rotom-Wash|247\/304|[from] Stealth Rock
|move|p1a: Gyarados|Bounce|p2a: Rotom-Wash
|-resisted|p2a: Rotom-Wash
|-damage|p2a: Rotom-Wash|189\/304
|
|-heal|p2a: Rotom-Wash|208\/304|[from] item: Leftovers
|-heal|p1a: Gyarados|43\/347|[from] item: Leftovers
|turn|16
|
|move|p2a: Rotom-Wash|Volt Switch|p1a: Gyarados
|-supereffective|p1a: Gyarados
|-damage|p1a: Gyarados|0 fnt
|faint|p1a: Gyarados
|
|switch|p2a: Breloom|Breloom, F|77\/261
|-damage|p2a: Breloom|61\/261|[from] Stealth Rock
|
|
|switch|p1a: Garchomp|Garchomp, F|357\/357
|turn|17
|c|âObviouslyAV|Ur faster i think
|
|switch|p2a: Gardevoir|Gardevoir, F|22\/278
|-damage|p2a: Gardevoir|0 fnt|[from] Stealth Rock
|faint|p2a: Gardevoir
|move|p1a: Garchomp|Dragon Claw|p2: Gardevoir|[notarget]
|-notarget
|
|
|switch|p2a: Landorus-Therian|Landorus-Therian, M|319\/319
|-damage|p2a: Landorus-Therian|280\/319|[from] Stealth Rock
|-ability|p2a: Landorus-Therian|Intimidate|[of] p1a: Garchomp
|-unboost|p1a: Garchomp|atk|1
|turn|18
|c|âObviouslyAV|How to escalate shit
|
|detailschange|p1a: Garchomp|Garchomp-Mega, F
|-mega|p1a: Garchomp|Garchomp|Garchompite
|move|p2a: Landorus-Therian|Earthquake|p1a: Garchomp
|-damage|p1a: Garchomp|186\/357
|move|p1a: Garchomp|Substitute|p1a: Garchomp
|-start|p1a: Garchomp|Substitute
|-damage|p1a: Garchomp|97\/357
|
|turn|19
|c|âObviouslyAV|Innov8 sets
|
|move|p2a: Landorus-Therian|Earthquake|p1a: Garchomp
|-end|p1a: Garchomp|Substitute
|move|p1a: Garchomp|Dragon Claw|p2a: Landorus-Therian
|-damage|p2a: Landorus-Therian|129\/319
|
|turn|20
|c|âTythaeus|Thats unique
|c|âObviouslyAV|Sub sd
|
|switch|p1a: Tyranitar|Tyranitar, F|403\/403
|-weather|Sandstorm
|move|p2a: Landorus-Therian|Earthquake|p1a: Tyranitar
|-supereffective|p1a: Tyranitar
|-damage|p1a: Tyranitar|67\/403
|
|-weather|Sandstorm|[upkeep]
|turn|21
|c|âObviouslyAV|Miss click
|c|âObviouslyAV|O whale
|
|move|p2a: Landorus-Therian|Earthquake|p1a: Tyranitar
|-supereffective|p1a: Tyranitar
|-damage|p1a: Tyranitar|0 fnt
|faint|p1a: Tyranitar
|
|-weather|Sandstorm|[upkeep]
|
|switch|p1a: Manaphy|Manaphy|247\/404 slp
|turn|22
|
|switch|p2a: Rotom-Wash|Rotom-Wash|208\/304
|-damage|p2a: Rotom-Wash|170\/304|[from] Stealth Rock
|cant|p1a: Manaphy|slp
|
|-weather|Sandstorm|[upkeep]
|-damage|p1a: Manaphy|222\/404 slp|[from] sandstorm
|-damage|p2a: Rotom-Wash|151\/304|[from] sandstorm
|-heal|p1a: Manaphy|247\/404 slp|[from] item: Leftovers
|-heal|p2a: Rotom-Wash|170\/304|[from] item: Leftovers
|turn|23
|
|-curestatus|p1a: Manaphy|slp
|move|p1a: Manaphy|Rain Dance|p1a: Manaphy
|-weather|RainDance
|move|p2a: Rotom-Wash|Volt Switch|p1a: Manaphy
|-supereffective|p1a: Manaphy
|-damage|p1a: Manaphy|79\/404
|
|switch|p2a: Landorus-Therian|Landorus-Therian, M|129\/319
|-damage|p2a: Landorus-Therian|90\/319|[from] Stealth Rock
|-ability|p2a: Landorus-Therian|Intimidate|[of] p1a: Manaphy
|-unboost|p1a: Manaphy|atk|1
|
|-weather|RainDance|[upkeep]
|-heal|p1a: Manaphy|104\/404|[from] item: Leftovers
|turn|24
|c|âObviouslyAV|gg i played horrid
|c|âObviouslyAV|care for a re?
|c|âTythaeus|Sure
|-message|ObviouslyAV forfeited.
|leave|ObviouslyAV
|
|move|p2a: Landorus-Therian|Earthquake|p1a: Manaphy
|-damage|p1a: Manaphy|0 fnt
|faint|p1a: Manaphy
|
|-weather|RainDance|[upkeep]
|
|win|Tythaeus
|player|p1