|join|Tythaeus
|join|Snickered
|player|p1|Tythaeus|190
|player|p2|Snickered|34
|gametype|singles
|gen|6
|tier|OU (suspect test)
|clearpoke
|poke|p1|Sableye, F
|poke|p1|Heatran, F
|poke|p1|Landorus, M
|poke|p1|Breloom, M
|poke|p1|Rotom-Wash
|poke|p1|Gardevoir, M
|poke|p2|Thundurus-Therian, M
|poke|p2|Gyarados, M
|poke|p2|Scizor, F
|poke|p2|Clefable, M
|poke|p2|Mew
|poke|p2|Bisharp, M
|rule|Swagger Clause: Swagger is banned
|rule|Baton Pass Clause: Limit one PokÃ©mon knowing Baton Pass
|rule|Sleep Clause Mod: Limit one foe put to sleep
|rule|Species Clause: Limit one of each PokÃ©mon
|rule|OHKO Clause: OHKO moves are banned
|rule|Moody Clause: Moody is banned
|rule|Evasion Moves Clause: Evasion moves are banned
|rule|Endless Battle Clause: Forcing endless battles is banned
|rule|HP Percentage Mod: HP is shown in percentages
|teampreview
|c|âSnickered|glhf
|c|âTythaeus|U2
|
|start
|switch|p1a: Heatran|Heatran, F|323\/323
|switch|p2a: Mew|Mew|404\/404
|turn|1
|c|âTythaeus|Didnt i play you before?
|c|âSnickered|not sure
|join|ObviouslyAV
|c|âTythaeus|Or maybe i just recognize your name from smogon
|c|âSnickered|AV, this is like the ideal team lol
|
|move|p1a: Heatran|Stealth Rock|p2a: Mew
|-sidestart|p2: Snickered|move: Stealth Rock
|move|p2a: Mew|Stealth Rock|p1a: Heatran
|-sidestart|p1: Tythaeus|move: Stealth Rock
|
|turn|2
|c| ObviouslyAV|Yeah
|c|âSnickered|that's a fast lando
|
|move|p1a: Heatran|Fire Blast|p2a: Mew
|-damage|p2a: Mew|212\/404
|move|p2a: Mew|Seismic Toss|p1a: Heatran
|-damage|p1a: Heatran|223\/323
|
|-heal|p1a: Heatran|243\/323|[from] item: Leftovers
|-heal|p2a: Mew|237\/404|[from] item: Leftovers
|turn|3
|c| ObviouslyAV|?
|c|âTythaeus|?
|c| ObviouslyAV|Tran?
|c|âSnickered|same thing
|c| ObviouslyAV|Lel
|c|âTythaeus|Its not the same lol
|c| ObviouslyAV|Pretty much
|
|switch|p1a: Sableye|Sableye, F|304\/304
|-damage|p1a: Sableye|266\/304|[from] Stealth Rock
|move|p2a: Mew|Soft-Boiled|p2a: Mew
|-heal|p2a: Mew|404\/404
|
|turn|4
|c|âTythaeus|Inb4 skill swap
|c|âSnickered|lmfao
|c|âSnickered|I should run that
|c|âTythaeus|If u have it im raging
|c|âSnickered|lol
|
|switch|p1a: Heatran|Heatran, F|243\/323
|-damage|p1a: Heatran|203\/323|[from] Stealth Rock
|move|p2a: Mew|Will-O-Wisp|p1a: Heatran
|-start|p1a: Heatran|ability: Flash Fire
|
|-heal|p1a: Heatran|223\/323|[from] item: Leftovers
|turn|5
|c|âTythaeus|:]
|
|move|p1a: Heatran|Fire Blast|p2a: Mew
|-damage|p2a: Mew|121\/404
|move|p2a: Mew|Seismic Toss|p1a: Heatran
|-damage|p1a: Heatran|123\/323
|
|-heal|p1a: Heatran|143\/323|[from] item: Leftovers
|-heal|p2a: Mew|146\/404|[from] item: Leftovers
|turn|6
|c|âSnickered|miss
|c|âSnickered|that'd be really cool
|c| ObviouslyAV|Tytheaus
|c|âTythaeus|Yea?
|c|âSnickered|I think
|c|âSnickered|that's mega gard
|c| ObviouslyAV|what do you have for clef is tran gets weakend which is what you are doing
|c| ObviouslyAV|just tryna help out
|c|âTythaeus|Oh shat,i thought it was chansey
|c|âTythaeus|Lmaoooo
|c| ObviouslyAV|No dude
|c| ObviouslyAV|Clef boutta sweeeep
|c|âTythaeus|I need to pay attention
|c| ObviouslyAV|Snickered are your rocks up?
|c|âSnickered|yeah
|c| ObviouslyAV|I cant see
|c| ObviouslyAV|tran is in the way
|c|âSnickered|heatran covers it
|c|âSnickered|such a fatty
|c| ObviouslyAV|Yeah
|c| ObviouslyAV|try weight watchers
|c|âSnickered|yenno
|c| ObviouslyAV|zz
|c|âSnickered|I think
|c|âSnickered|thundo kills everything at +2
|
|move|p1a: Heatran|Fire Blast|p2a: Mew
|-damage|p2a: Mew|0 fnt
|faint|p2a: Mew
|
|-heal|p1a: Heatran|163\/323|[from] item: Leftovers
|c| ObviouslyAV|Yah
|
|switch|p2a: Gyarados|Gyarados, M|331\/331
|-damage|p2a: Gyarados|249\/331|[from] Stealth Rock
|-ability|p2a: Gyarados|Intimidate|[of] p1a: Heatran
|-unboost|p1a: Heatran|atk|1
|turn|7
|c| ObviouslyAV|Gyara
|c|âTythaeus|I gave it fat free leftovers tho
|c| ObviouslyAV|Gyarararar
|c| ObviouslyAV|lol
|
|switch|p1a: Gardevoir|Gardevoir, M|278\/278
|-damage|p1a: Gardevoir|244\/278|[from] Stealth Rock
|-ability|p1a: Gardevoir|Intimidate|[from] ability: Trace|[of] p2a: Gyarados
|-ability|p1a: Gardevoir|Intimidate|[of] p2a: Gyarados
|-unboost|p2a: Gyarados|atk|1
|move|p2a: Gyarados|Dragon Dance|p2a: Gyarados
|-boost|p2a: Gyarados|atk|1
|-boost|p2a: Gyarados|spe|1
|
|turn|8
|c| ObviouslyAV|Knteresting LOL
|
|detailschange|p2a: Gyarados|Gyarados-Mega, M
|-mega|p2a: Gyarados|Gyarados|Gyaradosite
|-ability|p2a: Gyarados|Mold Breaker
|move|p1a: Gardevoir|Will-O-Wisp|p2a: Gyarados|[miss]
|-miss|p1a: Gardevoir|p2a: Gyarados
|move|p2a: Gyarados|Bounce|p1a: Gardevoir|[still]
|-prepare|p2a: Gyarados|Bounce|p1a: Gardevoir
|
|turn|9
|c|âSnickered|HURP
|c|âTythaeus|FML
|c| ObviouslyAV|Hes scarf wil o
|c|âSnickered|lmfao
|
|switch|p1a: Rotom-Wash|Rotom-Wash|304\/304
|-damage|p1a: Rotom-Wash|266\/304|[from] Stealth Rock
|move|p2a: Gyarados|Bounce|p1a: Rotom-Wash
|-resisted|p1a: Rotom-Wash
|-damage|p1a: Rotom-Wash|223\/304
|
|-heal|p1a: Rotom-Wash|242\/304|[from] item: Leftovers
|turn|10
|c| ObviouslyAV|best set ive seen in ages
|c| ObviouslyAV|Why did u bounce
|c|âTythaeus|^
|c| ObviouslyAV|o.o
|c|âSnickered|lmfao
|c|âSnickered|Idek
|c|âTythaeus|I wanted to moonblast too
|c| ObviouslyAV|Eq kills i think
|c| ObviouslyAV|U shouldve mblasted it kills
|c|âTythaeus|Thats y i said fml
|c|âTythaeus|I second guessed myself
|
|switch|p2a: Clefable|Clefable, M|394\/394
|move|p1a: Rotom-Wash|Volt Switch|p2a: Clefable
|-damage|p2a: Clefable|303\/394
|
|switch|p1a: Heatran|Heatran, F|163\/323
|-damage|p1a: Heatran|123\/323|[from] Stealth Rock
|
|-heal|p1a: Heatran|143\/323|[from] item: Leftovers
|-heal|p2a: Clefable|327\/394|[from] item: Leftovers
|turn|11
|c| ObviouslyAV|Why would u volt
|c| ObviouslyAV|Eh
|c|âTythaeus|Y would he switch
|c|âTythaeus|I assume no eq
|c|âTythaeus|:]
|c|âSnickered|I do run eq
|
|switch|p1a: Gardevoir|Gardevoir, M|244\/278
|-damage|p1a: Gardevoir|210\/278|[from] Stealth Rock
|-ability|p1a: Gardevoir|Magic Guard|[from] ability: Trace|[of] p2a: Clefable
|move|p2a: Clefable|Calm Mind|p2a: Clefable
|-boost|p2a: Clefable|spa|1
|-boost|p2a: Clefable|spd|1
|
|-heal|p2a: Clefable|351\/394|[from] item: Leftovers
|turn|12
|c|âTythaeus|.....
|c| ObviouslyAV|scout trick
|c| ObviouslyAV|or idk
|c|âSnickered|fuck that
|c|âSnickered|get a moonblast to gyar
|c| ObviouslyAV|Naww
|
|switch|p1a: Heatran|Heatran, F|143\/323
|-damage|p1a: Heatran|103\/323|[from] Stealth Rock
|move|p2a: Clefable|Moonblast|p1a: Heatran
|-resisted|p1a: Heatran
|-damage|p1a: Heatran|69\/323
|
|-heal|p1a: Heatran|89\/323|[from] item: Leftovers
|-heal|p2a: Clefable|375\/394|[from] item: Leftovers
|turn|13
|c| ObviouslyAV|he wouldnt be scarf 2 support moves
|
|move|p1a: Heatran|Flash Cannon|p2a: Clefable
|-supereffective|p2a: Clefable
|-damage|p2a: Clefable|175\/394
|move|p2a: Clefable|Calm Mind|p2a: Clefable
|-boost|p2a: Clefable|spa|1
|-boost|p2a: Clefable|spd|1
|
|-heal|p1a: Heatran|109\/323|[from] item: Leftovers
|-heal|p2a: Clefable|199\/394|[from] item: Leftovers
|turn|14
|c| ObviouslyAV|There it is
|
|move|p1a: Heatran|Flash Cannon|p2a: Clefable
|-supereffective|p2a: Clefable
|-damage|p2a: Clefable|47\/394
|move|p2a: Clefable|Soft-Boiled|p2a: Clefable
|-heal|p2a: Clefable|244\/394
|
|-heal|p1a: Heatran|129\/323|[from] item: Leftovers
|-heal|p2a: Clefable|268\/394|[from] item: Leftovers
|turn|15
|c| ObviouslyAV|Tha cri t incomming
|
|move|p1a: Heatran|Flash Cannon|p2a: Clefable
|-supereffective|p2a: Clefable
|-damage|p2a: Clefable|116\/394
|move|p2a: Clefable|Calm Mind|p2a: Clefable
|-boost|p2a: Clefable|spa|1
|-boost|p2a: Clefable|spd|1
|
|-heal|p1a: Heatran|149\/323|[from] item: Leftovers
|-heal|p2a: Clefable|140\/394|[from] item: Leftovers
|turn|16
|c|âSnickered|nah
|
|move|p1a: Heatran|Flash Cannon|p2a: Clefable
|-supereffective|p2a: Clefable
|-damage|p2a: Clefable|24\/394
|-unboost|p2a: Clefable|spd|1
|move|p2a: Clefable|Soft-Boiled|p2a: Clefable
|-heal|p2a: Clefable|221\/394
|
|-heal|p1a: Heatran|169\/323|[from] item: Leftovers
|-heal|p2a: Clefable|245\/394|[from] item: Leftovers
|turn|17
|
|move|p1a: Heatran|Flash Cannon|p2a: Clefable
|-supereffective|p2a: Clefable
|-damage|p2a: Clefable|77\/394
|move|p2a: Clefable|Calm Mind|p2a: Clefable
|-boost|p2a: Clefable|spa|1
|-boost|p2a: Clefable|spd|1
|
|-heal|p1a: Heatran|189\/323|[from] item: Leftovers
|-heal|p2a: Clefable|101\/394|[from] item: Leftovers
|turn|18
|c| ObviouslyAV|Wh woul u cm there...
|c|âSnickered|fuck
|c| ObviouslyAV|riskE
|c| ObviouslyAV|dude
|c| ObviouslyAV|wth
|
|switch|p2a: Gyarados|Gyarados-Mega, M|249\/331
|-damage|p2a: Gyarados|208\/331|[from] Stealth Rock
|-ability|p2a: Gyarados|Mold Breaker
|move|p1a: Heatran|Flash Cannon|p2a: Gyarados
|-resisted|p2a: Gyarados
|-damage|p2a: Gyarados|152\/331
|
|-heal|p1a: Heatran|209\/323|[from] item: Leftovers
|turn|19
|c|âSnickered|lmfao
|c| ObviouslyAV|just attack
|
|switch|p1a: Breloom|Breloom, M|261\/261
|-damage|p1a: Breloom|245\/261|[from] Stealth Rock
|move|p2a: Gyarados|Earthquake|p1a: Breloom
|-resisted|p1a: Breloom
|-damage|p1a: Breloom|155\/261
|
|turn|20
|
|switch|p2a: Scizor|Scizor, F|305\/305
|-damage|p2a: Scizor|267\/305|[from] Stealth Rock
|move|p1a: Breloom|Mach Punch|p2a: Scizor
|-damage|p2a: Scizor|157\/305
|-damage|p1a: Breloom|129\/261|[from] item: Life Orb
|
|-heal|p2a: Scizor|176\/305|[from] item: Leftovers
|turn|21
|
|switch|p1a: Heatran|Heatran, F|209\/323
|-damage|p1a: Heatran|169\/323|[from] Stealth Rock
|move|p2a: Scizor|Superpower|p1a: Heatran
|-supereffective|p1a: Heatran
|-damage|p1a: Heatran|0 fnt
|-unboost|p2a: Scizor|atk|1
|-unboost|p2a: Scizor|def|1
|faint|p1a: Heatran
|
|-heal|p2a: Scizor|195\/305|[from] item: Leftovers
|c|âSnickered|herp
|c| ObviouslyAV|Ez
|
|switch|p1a: Landorus|Landorus, M|319\/319
|-damage|p1a: Landorus|280\/319|[from] Stealth Rock
|turn|22
|
|move|p2a: Scizor|Bullet Punch|p1a: Landorus
|-damage|p1a: Landorus|204\/319
|move|p1a: Landorus|Hidden Power|p2a: Scizor
|-crit|p2a: Scizor
|-resisted|p2a: Scizor
|-damage|p2a: Scizor|116\/305
|-damage|p1a: Landorus|173\/319|[from] item: Life Orb
|
|-heal|p2a: Scizor|135\/305|[from] item: Leftovers
|turn|23
|c| ObviouslyAV|Lolol
|c|âTythaeus|Im overpredicting or your not giving any fucks right now
|c| ObviouslyAV|Overpredicting<
|c|âSnickered|^
|c| ObviouslyAV|you dont always have to predict sometimes its better to make safe plays
|c|âSnickered|or make riskE plays
|
|move|p1a: Landorus|Earth Power|p2a: Scizor
|-damage|p2a: Scizor|0 fnt
|faint|p2a: Scizor
|
|c| ObviouslyAV|ill give you a hint not all thundy ts are scarf and lando out seeds
|c| ObviouslyAV|Speeds
|c| ObviouslyAV|so you didnt need to make that play
|
|switch|p2a: Bisharp|Bisharp, M|271\/271
|-damage|p2a: Bisharp|255\/271|[from] Stealth Rock
|turn|24
|c|âTythaeus|AV fight me afterwards :]
|c| ObviouslyAV|Sureeee
|c| ObviouslyAV|imma use tha funnest team
|
|move|p2a: Bisharp|Sucker Punch|p1a: Landorus
|-damage|p1a: Landorus|0 fnt
|-damage|p2a: Bisharp|228\/271|[from] item: Life Orb
|faint|p1a: Landorus
|
|
|switch|p1a: Breloom|Breloom, M|129\/261
|-damage|p1a: Breloom|113\/261|[from] Stealth Rock
|turn|25
|c| ObviouslyAV|Sucker again
|
|switch|p2a: Clefable|Clefable, M|101\/394
|move|p1a: Breloom|Mach Punch|p2a: Clefable
|-resisted|p2a: Clefable
|-damage|p2a: Clefable|37\/394
|-damage|p1a: Breloom|87\/261|[from] item: Life Orb
|
|-heal|p2a: Clefable|61\/394|[from] item: Leftovers
|turn|26
|c| ObviouslyAV|Actually nvm.
|c|âSnickered|fuck that lol
|c| ObviouslyAV|why 50\/50
|c|âSnickered|mhm
|c| ObviouslyAV|example of smart play
|c|âSnickered|plus he's lo
|
|move|p1a: Breloom|Bullet Seed|p2a: Clefable
|-damage|p2a: Clefable|0 fnt
|-hitcount|p2a: Clefable|1
|-damage|p1a: Breloom|61\/261|[from] item: Life Orb
|faint|p2a: Clefable
|
|c| ObviouslyAV|nice
|
|switch|p2a: Thundurus-Therian|Thundurus-Therian, M|299\/299
|-damage|p2a: Thundurus-Therian|225\/299|[from] Stealth Rock
|turn|27
|c| ObviouslyAV|this just reks
|c|âSnickered|mhm
|c| ObviouslyAV|Tbolt
|c| ObviouslyAV|tbolt here
|c| ObviouslyAV|u got to
|c| ObviouslyAV|Well
|c| ObviouslyAV|idek
|
|move|p2a: Thundurus-Therian|Thunderbolt|p1a: Breloom
|-resisted|p1a: Breloom
|-damage|p1a: Breloom|0 fnt
|-damage|p2a: Thundurus-Therian|196\/299|[from] item: Life Orb
|faint|p1a: Breloom
|
|
|switch|p1a: Gardevoir|Gardevoir, M|210\/278
|-damage|p1a: Gardevoir|176\/278|[from] Stealth Rock
|-ability|p1a: Gardevoir|Volt Absorb|[from] ability: Trace|[of] p2a: Thundurus-Therian
|turn|28
|
|switch|p2a: Gyarados|Gyarados-Mega, M|152\/331
|-damage|p2a: Gyarados|111\/331|[from] Stealth Rock
|-ability|p2a: Gyarados|Mold Breaker
|move|p1a: Gardevoir|Moonblast|p2a: Gyarados
|-supereffective|p2a: Gyarados
|-damage|p2a: Gyarados|0 fnt
|faint|p2a: Gyarados
|
|
|switch|p2a: Bisharp|Bisharp, M|228\/271
|-damage|p2a: Bisharp|212\/271|[from] Stealth Rock
|turn|29
|
|move|p1a: Gardevoir|Moonblast|p2a: Bisharp
|-damage|p2a: Bisharp|5\/271
|move|p2a: Bisharp|Iron Head|p1a: Gardevoir
|-supereffective|p1a: Gardevoir
|-damage|p1a: Gardevoir|0 fnt
|-damage|p2a: Bisharp|0 fnt|[from] item: Life Orb
|faint|p1a: Gardevoir
|faint|p2a: Bisharp
|
|c| ObviouslyAV|interesting scenario
|c| ObviouslyAV|YOOOOOOO
|c|âSnickered|lmfao
|
|switch|p2a: Thundurus-Therian|Thundurus-Therian, M|196\/299
|switch|p1a: Rotom-Wash|Rotom-Wash|242\/304
|-damage|p2a: Thundurus-Therian|122\/299|[from] Stealth Rock
|-damage|p1a: Rotom-Wash|204\/304|[from] Stealth Rock
|turn|30
|c| ObviouslyAV|I said no iron head
|c| ObviouslyAV|lel
|c|âSnickered|lmao
|c| ObviouslyAV|sucker was safest
|c|âSnickered|nah
|c|âSnickered|fuck that
|c|âSnickered|kk well
|c| ObviouslyAV|Its never ogre
|c| ObviouslyAV|if ur life orb
|c| ObviouslyAV|U win i think
|c| ObviouslyAV|Unkess hes spdef sabe
|c|âTythaeus|Ok, im p sure i win
|c|âSnickered|I'm life orb
|
|move|p2a: Thundurus-Therian|Thunderbolt|p1a: Rotom-Wash
|-damage|p1a: Rotom-Wash|0 fnt
|-damage|p2a: Thundurus-Therian|93\/299|[from] item: Life Orb
|faint|p1a: Rotom-Wash
|
|
|switch|p1a: Sableye|Sableye, F|266\/304
|-damage|p1a: Sableye|228\/304|[from] Stealth Rock
|turn|31
|c| ObviouslyAV|Now roost here!
|c|âSnickered|it's a roll
|c| ObviouslyAV|to kill?
|c|âSnickered|thundoros get;s roost?
|c|âSnickered|and yeah
|c| ObviouslyAV|lemme c the calc
|c|âTythaeus|On reg sab?
|c| ObviouslyAV|no it dont get roost
|c|âSnickered|252+ SpA Life Orb Thundurus-T Thunderbolt vs. 252 HP \/ 0 SpD Mega Sableye: 203-239 (66.7 - 78.6%) -- guaranteed 2HKO after Stealth Rock
|c|âTythaeus|Or mega?
|c|âSnickered|mega
|c|âSnickered|idk if you're physically bulky
|c| ObviouslyAV|ofc he is
|c| ObviouslyAV|o.o
|c| ObviouslyAV|now gogogogo
|c|âSnickered|what should I do?
|c| ObviouslyAV|Tbolt
|c|âSnickered|here goes nothing
|c|âTythaeus|What about +1 reg sab?
|c|âSnickered|44-53
|
|move|p1a: Sableye|Calm Mind|p1a: Sableye
|-boost|p1a: Sableye|spa|1
|-boost|p1a: Sableye|spd|1
|move|p2a: Thundurus-Therian|Nasty Plot|p2a: Thundurus-Therian
|-boost|p2a: Thundurus-Therian|spa|2
|
|turn|32
|c| ObviouslyAV|gg now
|c| ObviouslyAV|Damnit why did u np
|c| ObviouslyAV|lel
|c|âSnickered|lmao
|c| ObviouslyAV|does it kill?
|c|âSnickered|its the exact same role
|c|âSnickered|roll*
|c|âSnickered|lmao
|c|âSnickered|unless he attacks
|c|âSnickered|doubt it
|c|âSnickered|it doesn't kill if he heals
|c| ObviouslyAV|It shoud kill
|
|detailschange|p1a: Sableye|Sableye-Mega, F
|-mega|p1a: Sableye|Sableye|Sablenite
|move|p2a: Thundurus-Therian|Thunderbolt|p1a: Sableye
|-damage|p1a: Sableye|0 fnt
|-damage|p2a: Thundurus-Therian|64\/299|[from] item: Life Orb
|faint|p1a: Sableye
|
|win|Snickered
|c|âSnickered|YESSS
|c|âSnickered|YESS
|c| ObviouslyAV|gg
|c|âSnickered|gg
|c| ObviouslyAV|Gittem reqs
|c|âTythaeus|Fkkkkkkk
|c|âSnickered|AV link me to your game
|c|âTythaeus|Fkin np
|c|âSnickered|with tythaues
|c| ObviouslyAV|Aight
|c|âSnickered|really close match
|c|âTythaeus|Gg tho
|c|âSnickered|yeah man
|leave|Snickered
|player|p2
|leave|Tythaeus
|player|p1
|join|Snickered
|leave|Snickered
|join|Snickered