|join|Tythaeus
|join|Professor Herb
|player|p1|Tythaeus|190
|player|p2|Professor Herb|170
|gametype|singles
|gen|6
|tier|OU (suspect test)
|rated
|clearpoke
|poke|p1|Sableye, M
|poke|p1|Clefable, M
|poke|p1|Bisharp, F
|poke|p1|Landorus, M
|poke|p1|Breloom, M
|poke|p1|Rotom-Wash
|poke|p2|Medicham, F
|poke|p2|Breloom, M, shiny
|poke|p2|Tyranitar, M, shiny
|poke|p2|Gliscor, F
|poke|p2|Thundurus-Therian, M, shiny
|poke|p2|Espeon, M
|rule|Swagger Clause: Swagger is banned
|rule|Baton Pass Clause: Limit one PokÃ©mon knowing Baton Pass
|rule|Sleep Clause Mod: Limit one foe put to sleep
|rule|Species Clause: Limit one of each PokÃ©mon
|rule|OHKO Clause: OHKO moves are banned
|rule|Moody Clause: Moody is banned
|rule|Evasion Moves Clause: Evasion moves are banned
|rule|Endless Battle Clause: Forcing endless battles is banned
|rule|HP Percentage Mod: HP is shown in percentages
|teampreview
|
|start
|switch|p1a: Sableye|Sableye, M|304\/304
|switch|p2a: Son of Odin|Thundurus-Therian, M, shiny|300\/300
|turn|1
|
|switch|p1a: Landorus|Landorus, M|320\/320
|move|p2a: Son of Odin|Volt Switch|p1a: Landorus
|-immune|p1a: Landorus|[msg]
|
|turn|2
|
|switch|p2a: Osama Bin Laden|Tyranitar, M, shiny|404\/404
|-weather|Sandstorm
|switch|p1a: Clefable|Clefable, M|394\/394
|
|-weather|Sandstorm|[upkeep]
|-damage|p1a: Clefable|370\/394|[from] sandstorm
|-heal|p1a: Clefable|394\/394|[from] item: Leftovers
|turn|3
|
|move|p1a: Clefable|Stealth Rock|p2a: Osama Bin Laden
|-sidestart|p2: Professor Herb|move: Stealth Rock
|move|p2a: Osama Bin Laden|Stealth Rock|p1a: Clefable
|-sidestart|p1: Tythaeus|move: Stealth Rock
|
|-weather|Sandstorm|[upkeep]
|-damage|p1a: Clefable|370\/394|[from] sandstorm
|-heal|p1a: Clefable|394\/394|[from] item: Leftovers
|turn|4
|
|switch|p2a: Kobe|Espeon, M|333\/333
|-damage|p2a: Kobe|292\/333|[from] Stealth Rock
|move|p1a: Clefable|Moonblast|p2a: Kobe
|-damage|p2a: Kobe|190\/333
|-unboost|p2a: Kobe|spa|1
|
|-weather|Sandstorm|[upkeep]
|-damage|p2a: Kobe|170\/333|[from] sandstorm
|-damage|p1a: Clefable|370\/394|[from] sandstorm
|-heal|p1a: Clefable|394\/394|[from] item: Leftovers
|turn|5
|
|switch|p1a: Bisharp|Bisharp, F|272\/272
|-damage|p1a: Bisharp|255\/272|[from] Stealth Rock
|move|p2a: Kobe|Light Screen|p2a: Kobe
|-sidestart|p2: Professor Herb|move: Light Screen
|
|-weather|Sandstorm|[upkeep]
|-damage|p2a: Kobe|150\/333|[from] sandstorm
|turn|6
|
|move|p2a: Kobe|Yawn|p1a: Bisharp
|-start|p1a: Bisharp|move: Yawn|[of] p2a: Kobe
|move|p1a: Bisharp|Pursuit|p2a: Kobe
|-supereffective|p2a: Kobe
|-damage|p2a: Kobe|0 fnt
|faint|p2a: Kobe
|
|-weather|none
|
|switch|p2a: Hugo Chavez|Breloom, M, shiny|323\/323
|-damage|p2a: Hugo Chavez|303\/323|[from] Stealth Rock
|turn|7
|
|switch|p1a: Breloom|Breloom, M|262\/262
|-damage|p1a: Breloom|246\/262|[from] Stealth Rock
|move|p2a: Hugo Chavez|Spore|p1a: Breloom
|-fail|p1a: Breloom
|
|-status|p2a: Hugo Chavez|tox|[from] item: Toxic Orb
|turn|8
|
|move|p1a: Breloom|Low Sweep|p2a: Hugo Chavez
|-damage|p2a: Hugo Chavez|98\/323 tox
|-unboost|p2a: Hugo Chavez|spe|1
|move|p2a: Hugo Chavez|Seed Bomb|p1a: Breloom
|-resisted|p1a: Breloom
|-damage|p1a: Breloom|147\/262
|
|-heal|p2a: Hugo Chavez|138\/323 tox|[from] ability: Poison Heal
|turn|9
|
|switch|p2a: Swaggy P|Gliscor, F|354\/354
|-damage|p2a: Swaggy P|310\/354|[from] Stealth Rock
|move|p1a: Breloom|Low Sweep|p2a: Swaggy P
|-resisted|p2a: Swaggy P
|-damage|p2a: Swaggy P|251\/354
|-unboost|p2a: Swaggy P|spe|1
|
|-status|p2a: Swaggy P|tox|[from] item: Toxic Orb
|turn|10
|
|switch|p1a: Rotom-Wash|Rotom-Wash|304\/304
|-damage|p1a: Rotom-Wash|266\/304|[from] Stealth Rock
|move|p2a: Swaggy P|Toxic|p1a: Rotom-Wash
|-status|p1a: Rotom-Wash|tox
|
|-heal|p1a: Rotom-Wash|285\/304 tox|[from] item: Leftovers
|-damage|p1a: Rotom-Wash|266\/304 tox|[from] psn
|-heal|p2a: Swaggy P|295\/354 tox|[from] ability: Poison Heal
|turn|11
|
|move|p2a: Swaggy P|Protect|p2a: Swaggy P
|-singleturn|p2a: Swaggy P|Protect
|move|p1a: Rotom-Wash|Hydro Pump|p2a: Swaggy P
|-activate|p2a: Swaggy P|Protect
|
|-heal|p1a: Rotom-Wash|285\/304 tox|[from] item: Leftovers
|-damage|p1a: Rotom-Wash|247\/304 tox|[from] psn
|-heal|p2a: Swaggy P|339\/354 tox|[from] ability: Poison Heal
|turn|12
|
|switch|p2a: Osama Bin Laden|Tyranitar, M, shiny|404\/404
|-damage|p2a: Osama Bin Laden|354\/404|[from] Stealth Rock
|-weather|Sandstorm
|move|p1a: Rotom-Wash|Volt Switch|p2a: Osama Bin Laden
|-damage|p2a: Osama Bin Laden|330\/404
|
|switch|p1a: Bisharp|Bisharp, F|255\/272
|-damage|p1a: Bisharp|238\/272|[from] Stealth Rock
|
|-weather|Sandstorm|[upkeep]
|-heal|p2a: Osama Bin Laden|355\/404|[from] item: Leftovers
|-sideend|p2: Professor Herb|move: Light Screen
|turn|13
|
|move|p1a: Bisharp|Iron Head|p2a: Osama Bin Laden
|-crit|p2a: Osama Bin Laden
|-supereffective|p2a: Osama Bin Laden
|-damage|p2a: Osama Bin Laden|0 fnt
|faint|p2a: Osama Bin Laden
|
|-weather|Sandstorm|[upkeep]
|
|switch|p2a: Hugo Chavez|Breloom, M, shiny|138\/323 tox
|-damage|p2a: Hugo Chavez|118\/323 tox|[from] Stealth Rock
|turn|14
|
|move|p2a: Hugo Chavez|Mach Punch|p1a: Bisharp
|-supereffective|p1a: Bisharp
|-damage|p1a: Bisharp|0 fnt
|faint|p1a: Bisharp
|
|-weather|Sandstorm|[upkeep]
|-damage|p2a: Hugo Chavez|98\/323 tox|[from] sandstorm
|-heal|p2a: Hugo Chavez|138\/323 tox|[from] ability: Poison Heal
|
|switch|p1a: Landorus|Landorus, M|320\/320
|-damage|p1a: Landorus|280\/320|[from] Stealth Rock
|turn|15
|
|move|p1a: Landorus|Sludge Wave|p2a: Hugo Chavez
|-supereffective|p2a: Hugo Chavez
|-damage|p2a: Hugo Chavez|0 fnt
|faint|p2a: Hugo Chavez
|
|-weather|Sandstorm|[upkeep]
|
|switch|p2a: Adolf Hithard|Medicham, F|262\/262
|-damage|p2a: Adolf Hithard|246\/262|[from] Stealth Rock
|turn|16
|
|switch|p1a: Clefable|Clefable, M|394\/394
|-damage|p1a: Clefable|345\/394|[from] Stealth Rock
|detailschange|p2a: Adolf Hithard|Medicham-Mega, F
|-mega|p2a: Adolf Hithard|Medicham|Medichamite
|move|p2a: Adolf Hithard|Fake Out|p1a: Clefable
|-damage|p1a: Clefable|279\/394
|
|-weather|none
|-heal|p1a: Clefable|303\/394|[from] item: Leftovers
|turn|17
|
|move|p2a: Adolf Hithard|Poison Jab|p1a: Clefable
|-supereffective|p1a: Clefable
|-damage|p1a: Clefable|27\/394
|move|p1a: Clefable|Moonblast|p2a: Adolf Hithard
|-supereffective|p2a: Adolf Hithard
|-damage|p2a: Adolf Hithard|22\/262
|-unboost|p2a: Adolf Hithard|spa|1
|
|-heal|p1a: Clefable|51\/394|[from] item: Leftovers
|turn|18
|
|move|p2a: Adolf Hithard|Poison Jab|p1a: Clefable
|-supereffective|p1a: Clefable
|-damage|p1a: Clefable|0 fnt
|faint|p1a: Clefable
|
|
|switch|p1a: Breloom|Breloom, M|147\/262
|-damage|p1a: Breloom|131\/262|[from] Stealth Rock
|turn|19
|
|switch|p2a: Swaggy P|Gliscor, F|339\/354 tox
|-damage|p2a: Swaggy P|295\/354 tox|[from] Stealth Rock
|move|p1a: Breloom|Mach Punch|p2a: Swaggy P
|-resisted|p2a: Swaggy P
|-damage|p2a: Swaggy P|242\/354 tox
|
|-heal|p2a: Swaggy P|286\/354 tox|[from] ability: Poison Heal
|turn|20
|
|switch|p1a: Rotom-Wash|Rotom-Wash|247\/304 tox
|-damage|p1a: Rotom-Wash|209\/304 tox|[from] Stealth Rock
|move|p2a: Swaggy P|Toxic|p1a: Rotom-Wash
|-fail|p1a: Rotom-Wash|tox
|
|-heal|p1a: Rotom-Wash|228\/304 tox|[from] item: Leftovers
|-heal|p2a: Swaggy P|330\/354 tox|[from] ability: Poison Heal
|-damage|p1a: Rotom-Wash|209\/304 tox|[from] psn
|turn|21
|
|move|p2a: Swaggy P|Protect|p2a: Swaggy P
|-singleturn|p2a: Swaggy P|Protect
|move|p1a: Rotom-Wash|Hydro Pump|p2a: Swaggy P
|-activate|p2a: Swaggy P|Protect
|
|-heal|p1a: Rotom-Wash|228\/304 tox|[from] item: Leftovers
|-heal|p2a: Swaggy P|354\/354 tox|[from] ability: Poison Heal
|-damage|p1a: Rotom-Wash|190\/304 tox|[from] psn
|turn|22
|
|move|p2a: Swaggy P|Protect|p2a: Swaggy P
|-singleturn|p2a: Swaggy P|Protect
|move|p1a: Rotom-Wash|Hydro Pump|p2a: Swaggy P
|-activate|p2a: Swaggy P|Protect
|
|-heal|p1a: Rotom-Wash|209\/304 tox|[from] item: Leftovers
|-damage|p1a: Rotom-Wash|152\/304 tox|[from] psn
|turn|23
|
|move|p2a: Swaggy P|U-turn|p1a: Rotom-Wash
|-damage|p1a: Rotom-Wash|112\/304 tox
|
|switch|p2a: Adolf Hithard|Medicham-Mega, F|22\/262
|-damage|p2a: Adolf Hithard|6\/262|[from] Stealth Rock
|move|p1a: Rotom-Wash|Hydro Pump|p2a: Adolf Hithard|[miss]
|-miss|p1a: Rotom-Wash|p2a: Adolf Hithard
|
|-heal|p1a: Rotom-Wash|131\/304 tox|[from] item: Leftovers
|-damage|p1a: Rotom-Wash|55\/304 tox|[from] psn
|turn|24
|
|move|p2a: Adolf Hithard|Poison Jab|p1a: Rotom-Wash
|-damage|p1a: Rotom-Wash|0 fnt
|faint|p1a: Rotom-Wash
|
|
|switch|p1a: Sableye|Sableye, M|304\/304
|-damage|p1a: Sableye|266\/304|[from] Stealth Rock
|turn|25
|
|switch|p2a: Swaggy P|Gliscor, F|354\/354 tox
|-damage|p2a: Swaggy P|310\/354 tox|[from] Stealth Rock
|move|p1a: Sableye|Will-O-Wisp|p2a: Swaggy P
|-fail|p2a: Swaggy P
|
|-heal|p2a: Swaggy P|354\/354 tox|[from] ability: Poison Heal
|turn|26
|
|detailschange|p1a: Sableye|Sableye-Mega, M
|-mega|p1a: Sableye|Sableye|Sablenite
|move|p1a: Sableye|Calm Mind|p1a: Sableye
|-boost|p1a: Sableye|spa|1
|-boost|p1a: Sableye|spd|1
|move|p2a: Swaggy P|Toxic|p1a: Sableye
|move|p1a: Sableye|Toxic|p2a: Swaggy P|[from]Magic Bounce
|-fail|p2a: Swaggy P|tox
|
|turn|27
|
|move|p2a: Swaggy P|Earthquake|p1a: Sableye
|-damage|p1a: Sableye|193\/304
|move|p1a: Sableye|Calm Mind|p1a: Sableye
|-boost|p1a: Sableye|spa|1
|-boost|p1a: Sableye|spd|1
|
|turn|28
|c|âProfessor Herb|gg
|-message|Professor Herb forfeited.
|leave|Professor Herb
|
|win|Tythaeus
|raw|Ladder updating...
|player|p2
|raw|Tythaeus's rating: 1164 &rarr; <strong>1183<\/strong><br \/>(+19 for winning)
|raw|Professor Herb's rating: 1078 &rarr; <strong>1062<\/strong><br \/>(-16 for losing)