|join|Hamark
|join|Tythaeus
|player|p1|Hamark|141
|player|p2|Tythaeus|190
|gametype|singles
|gen|6
|tier|OU (suspect test)
|rated
|clearpoke
|poke|p1|Chesnaught, M
|poke|p1|Milotic, F
|poke|p1|Bisharp, M
|poke|p1|Donphan, M
|poke|p1|Staraptor, F
|poke|p1|Manectric, M
|poke|p2|Celebi
|poke|p2|Azumarill, M
|poke|p2|Steelix, M
|poke|p2|Latias, F
|poke|p2|Tyranitar, M
|poke|p2|Rotom-Heat
|rule|Swagger Clause: Swagger is banned
|rule|Baton Pass Clause: Limit one PokÃ©mon knowing Baton Pass
|rule|Sleep Clause Mod: Limit one foe put to sleep
|rule|Species Clause: Limit one of each PokÃ©mon
|rule|OHKO Clause: OHKO moves are banned
|rule|Moody Clause: Moody is banned
|rule|Evasion Moves Clause: Evasion moves are banned
|rule|Endless Battle Clause: Forcing endless battles is banned
|rule|HP Percentage Mod: HP is shown in percentages
|teampreview
|
|start
|switch|p1a: Donphan|Donphan, M|384\/384
|switch|p2a: Rotom-Heat|Rotom-Heat|304\/304
|turn|1
|
|move|p2a: Rotom-Heat|Will-O-Wisp|p1a: Donphan|[miss]
|-miss|p2a: Rotom-Heat|p1a: Donphan
|move|p1a: Donphan|Stealth Rock|p2a: Rotom-Heat
|-sidestart|p2: Tythaeus|move: Stealth Rock
|
|turn|2
|
|switch|p1a: Milotic|Milotic, F|393\/393
|move|p2a: Rotom-Heat|Volt Switch|p1a: Milotic
|-supereffective|p1a: Milotic
|-damage|p1a: Milotic|289\/393
|
|switch|p2a: Celebi|Celebi|404\/404
|-damage|p2a: Celebi|354\/404|[from] Stealth Rock
|
|-heal|p2a: Celebi|379\/404|[from] item: Leftovers
|-heal|p1a: Milotic|313\/393|[from] item: Leftovers
|turn|3
|
|switch|p1a: Bisharp|Bisharp, M|319\/319
|move|p2a: Celebi|Giga Drain|p1a: Bisharp
|-resisted|p1a: Bisharp
|-damage|p1a: Bisharp|283\/319
|-heal|p2a: Celebi|397\/404|[from] drain|[of] p1a: Bisharp
|
|-heal|p2a: Celebi|404\/404|[from] item: Leftovers
|turn|4
|
|move|p1a: Bisharp|Pursuit|p2a: Celebi|[from]Pursuit
|-supereffective|p2a: Celebi
|-damage|p2a: Celebi|108\/404
|switch|p2a: Steelix|Steelix, M|353\/353
|-damage|p2a: Steelix|342\/353|[from] Stealth Rock
|
|turn|5
|
|switch|p1a: Chesnaught|Chesnaught, M|379\/379
|detailschange|p2a: Steelix|Steelix-Mega, M
|-mega|p2a: Steelix|Steelix|Steelixite
|move|p2a: Steelix|Stealth Rock|p1a: Chesnaught
|-sidestart|p1: Hamark|move: Stealth Rock
|
|turn|6
|
|switch|p2a: Latias|Latias, F|301\/301
|-damage|p2a: Latias|264\/301|[from] Stealth Rock
|move|p1a: Chesnaught|Leech Seed|p2a: Latias
|-start|p2a: Latias|move: Leech Seed
|
|-damage|p2a: Latias|227\/301|[from] Leech Seed|[of] p1a: Chesnaught
|turn|7
|
|switch|p2a: Steelix|Steelix-Mega, M|342\/353
|-damage|p2a: Steelix|331\/353|[from] Stealth Rock
|switch|p1a: Bisharp|Bisharp, M|283\/319
|-damage|p1a: Bisharp|264\/319|[from] Stealth Rock
|
|turn|8
|
|switch|p1a: Chesnaught|Chesnaught, M|379\/379
|-damage|p1a: Chesnaught|356\/379|[from] Stealth Rock
|move|p2a: Steelix|Heavy Slam|p1a: Chesnaught
|-damage|p1a: Chesnaught|205\/379
|
|-heal|p1a: Chesnaught|228\/379|[from] item: Leftovers
|turn|9
|
|switch|p2a: Celebi|Celebi|108\/404
|-damage|p2a: Celebi|58\/404|[from] Stealth Rock
|move|p1a: Chesnaught|Leech Seed|p2a: Celebi
|-immune|p2a: Celebi|[msg]
|
|-heal|p2a: Celebi|83\/404|[from] item: Leftovers
|-heal|p1a: Chesnaught|251\/379|[from] item: Leftovers
|turn|10
|
|switch|p1a: Bisharp|Bisharp, M|264\/319
|-damage|p1a: Bisharp|245\/319|[from] Stealth Rock
|move|p2a: Celebi|Recover|p2a: Celebi
|-heal|p2a: Celebi|285\/404
|
|-heal|p2a: Celebi|310\/404|[from] item: Leftovers
|turn|11
|
|move|p2a: Celebi|Baton Pass|p2a: Celebi
|
|switch|p2a: Steelix|Steelix-Mega, M|331\/353
|-damage|p2a: Steelix|320\/353|[from] Stealth Rock
|move|p1a: Bisharp|Pursuit|p2a: Steelix
|-damage|p2a: Steelix|286\/353
|
|turn|12
|
|switch|p1a: Donphan|Donphan, M|384\/384
|-damage|p1a: Donphan|360\/384|[from] Stealth Rock
|move|p2a: Steelix|Heavy Slam|p1a: Donphan
|-damage|p1a: Donphan|156\/384
|
|-heal|p1a: Donphan|180\/384|[from] item: Leftovers
|turn|13
|
|switch|p2a: Celebi|Celebi|310\/404
|-damage|p2a: Celebi|260\/404|[from] Stealth Rock
|move|p1a: Donphan|Rapid Spin|p2a: Celebi
|-damage|p2a: Celebi|234\/404
|-sideend|p1: Hamark|Stealth Rock|[from] move: Rapid Spin|[of] p1a: Donphan
|
|-heal|p2a: Celebi|259\/404|[from] item: Leftovers
|-heal|p1a: Donphan|204\/384|[from] item: Leftovers
|turn|14
|
|switch|p1a: Staraptor|Staraptor, F|325\/325
|move|p2a: Celebi|Recover|p2a: Celebi
|-heal|p2a: Celebi|404\/404
|
|turn|15
|
|switch|p2a: Steelix|Steelix-Mega, M|286\/353
|-damage|p2a: Steelix|275\/353|[from] Stealth Rock
|move|p1a: Staraptor|U-turn|p2a: Steelix
|-resisted|p2a: Steelix
|-damage|p2a: Steelix|254\/353
|
|switch|p1a: Milotic|Milotic, F|313\/393
|
|-heal|p1a: Milotic|337\/393|[from] item: Leftovers
|turn|16
|
|switch|p2a: Celebi|Celebi|404\/404
|-damage|p2a: Celebi|354\/404|[from] Stealth Rock
|move|p1a: Milotic|Scald|p2a: Celebi
|-resisted|p2a: Celebi
|-damage|p2a: Celebi|319\/404
|-status|p2a: Celebi|brn
|
|-heal|p2a: Celebi|344\/404 brn|[from] item: Leftovers
|-heal|p1a: Milotic|361\/393|[from] item: Leftovers
|-damage|p2a: Celebi|294\/404 brn|[from] brn
|turn|17
|
|move|p2a: Celebi|Baton Pass|p2a: Celebi
|
|switch|p2a: Azumarill|Azumarill, M|364\/364
|-damage|p2a: Azumarill|319\/364|[from] Stealth Rock
|move|p1a: Milotic|Scald|p2a: Azumarill
|-resisted|p2a: Azumarill
|-damage|p2a: Azumarill|259\/364
|
|-heal|p1a: Milotic|385\/393|[from] item: Leftovers
|turn|18
|
|switch|p2a: Celebi|Celebi|294\/404
|-damage|p2a: Celebi|244\/404|[from] Stealth Rock
|move|p1a: Milotic|Scald|p2a: Celebi
|-resisted|p2a: Celebi
|-damage|p2a: Celebi|212\/404
|-status|p2a: Celebi|brn
|
|-heal|p2a: Celebi|237\/404 brn|[from] item: Leftovers
|-heal|p1a: Milotic|393\/393|[from] item: Leftovers
|-damage|p2a: Celebi|187\/404 brn|[from] brn
|turn|19
|
|switch|p1a: Staraptor|Staraptor, F|325\/325
|move|p2a: Celebi|Recover|p2a: Celebi
|-heal|p2a: Celebi|389\/404 brn
|
|-heal|p2a: Celebi|404\/404 brn|[from] item: Leftovers
|-damage|p2a: Celebi|354\/404 brn|[from] brn
|turn|20
|
|switch|p2a: Rotom-Heat|Rotom-Heat|304\/304
|-damage|p2a: Rotom-Heat|228\/304|[from] Stealth Rock
|move|p1a: Staraptor|U-turn|p2a: Rotom-Heat
|-crit|p2a: Rotom-Heat
|-resisted|p2a: Rotom-Heat
|-damage|p2a: Rotom-Heat|184\/304
|
|switch|p1a: Manectric|Manectric, M|281\/281
|
|-heal|p2a: Rotom-Heat|203\/304|[from] item: Leftovers
|turn|21
|
|detailschange|p1a: Manectric|Manectric-Mega, M
|-mega|p1a: Manectric|Manectric|Manectite
|-ability|p1a: Manectric|Intimidate|[of] p2a: Rotom-Heat
|-unboost|p2a: Rotom-Heat|atk|1
|move|p1a: Manectric|Volt Switch|p2a: Rotom-Heat
|-resisted|p2a: Rotom-Heat
|-damage|p2a: Rotom-Heat|143\/304
|
|switch|p1a: Donphan|Donphan, M|204\/384
|move|p2a: Rotom-Heat|Volt Switch|p1a: Donphan
|-immune|p1a: Donphan|[msg]
|
|-heal|p2a: Rotom-Heat|162\/304|[from] item: Leftovers
|-heal|p1a: Donphan|228\/384|[from] item: Leftovers
|turn|22
|
|switch|p1a: Staraptor|Staraptor, F|325\/325
|move|p2a: Rotom-Heat|Overheat|p1a: Staraptor
|-damage|p1a: Staraptor|93\/325
|-unboost|p2a: Rotom-Heat|spa|2
|
|-heal|p2a: Rotom-Heat|181\/304|[from] item: Leftovers
|turn|23
|
|switch|p2a: Steelix|Steelix-Mega, M|254\/353
|-damage|p2a: Steelix|243\/353|[from] Stealth Rock
|move|p1a: Staraptor|Double-Edge|p2a: Steelix
|-resisted|p2a: Steelix
|-damage|p2a: Steelix|183\/353
|-damage|p1a: Staraptor|73\/325|[from] recoil|[of] p2a: Steelix
|
|turn|24
|
|move|p1a: Staraptor|Double-Edge|p2a: Steelix
|-resisted|p2a: Steelix
|-damage|p2a: Steelix|123\/353
|-damage|p1a: Staraptor|53\/325|[from] recoil|[of] p2a: Steelix
|move|p2a: Steelix|Stealth Rock|p1a: Staraptor
|-sidestart|p1: Hamark|move: Stealth Rock
|
|turn|25
|
|move|p1a: Staraptor|Double-Edge|p2a: Steelix
|-resisted|p2a: Steelix
|-damage|p2a: Steelix|59\/353
|-damage|p1a: Staraptor|32\/325|[from] recoil|[of] p2a: Steelix
|move|p2a: Steelix|Heavy Slam|p1a: Staraptor
|-damage|p1a: Staraptor|0 fnt
|faint|p1a: Staraptor
|
|
|switch|p1a: Manectric|Manectric-Mega, M|281\/281
|-damage|p1a: Manectric|246\/281|[from] Stealth Rock
|-ability|p1a: Manectric|Intimidate|[of] p2a: Steelix
|-unboost|p2a: Steelix|atk|1
|turn|26
|
|switch|p2a: Tyranitar|Tyranitar, M|403\/403
|-damage|p2a: Tyranitar|353\/403|[from] Stealth Rock
|-weather|Sandstorm
|move|p1a: Manectric|Flamethrower|p2a: Tyranitar
|-resisted|p2a: Tyranitar
|-damage|p2a: Tyranitar|319\/403
|
|-weather|Sandstorm|[upkeep]
|-damage|p1a: Manectric|229\/281|[from] sandstorm
|turn|27
|
|move|p1a: Manectric|Volt Switch|p2a: Tyranitar
|-damage|p2a: Tyranitar|237\/403
|
|move|p2a: Tyranitar|Pursuit|p1a: Manectric|[from]Pursuit
|-damage|p1a: Manectric|0 fnt
|faint|p1a: Manectric
|
|-weather|Sandstorm|[upkeep]
|
|switch|p1a: Chesnaught|Chesnaught, M|251\/379
|-damage|p1a: Chesnaught|228\/379|[from] Stealth Rock
|turn|28
|
|switch|p2a: Celebi|Celebi|354\/404
|-damage|p2a: Celebi|304\/404|[from] Stealth Rock
|move|p1a: Chesnaught|Substitute|p1a: Chesnaught
|-start|p1a: Chesnaught|Substitute
|-damage|p1a: Chesnaught|134\/379
|
|-weather|Sandstorm|[upkeep]
|-damage|p2a: Celebi|279\/404|[from] sandstorm
|-damage|p1a: Chesnaught|111\/379|[from] sandstorm
|-heal|p2a: Celebi|304\/404|[from] item: Leftovers
|-heal|p1a: Chesnaught|134\/379|[from] item: Leftovers
|turn|29
|
|move|p1a: Chesnaught|Spiky Shield|p1a: Chesnaught
|-singleturn|p1a: Chesnaught|move: Protect
|move|p2a: Celebi|Giga Drain|p1a: Chesnaught
|-activate|p1a: Chesnaught|move: Protect
|
|-weather|Sandstorm|[upkeep]
|-damage|p2a: Celebi|279\/404|[from] sandstorm
|-damage|p1a: Chesnaught|111\/379|[from] sandstorm
|-heal|p2a: Celebi|304\/404|[from] item: Leftovers
|-heal|p1a: Chesnaught|134\/379|[from] item: Leftovers
|turn|30
|
|move|p2a: Celebi|Giga Drain|p1a: Chesnaught
|-resisted|p1a: Chesnaught
|-activate|p1a: Chesnaught|Substitute|[damage]
|-heal|p2a: Celebi|333\/404|[from] drain|[of] p1a: Chesnaught
|move|p1a: Chesnaught|Drain Punch|p2a: Celebi
|-resisted|p2a: Celebi
|-damage|p2a: Celebi|286\/404
|-heal|p1a: Chesnaught|158\/379|[from] drain|[of] p2a: Celebi
|
|-weather|none
|-heal|p2a: Celebi|311\/404|[from] item: Leftovers
|-heal|p1a: Chesnaught|181\/379|[from] item: Leftovers
|turn|31
|
|move|p2a: Celebi|Giga Drain|p1a: Chesnaught
|-resisted|p1a: Chesnaught
|-end|p1a: Chesnaught|Substitute
|-heal|p2a: Celebi|329\/404|[from] drain|[of] p1a: Chesnaught
|move|p1a: Chesnaught|Substitute|p1a: Chesnaught
|-start|p1a: Chesnaught|Substitute
|-damage|p1a: Chesnaught|87\/379
|
|-heal|p2a: Celebi|354\/404|[from] item: Leftovers
|-heal|p1a: Chesnaught|110\/379|[from] item: Leftovers
|turn|32
|
|move|p2a: Celebi|Giga Drain|p1a: Chesnaught
|-resisted|p1a: Chesnaught
|-activate|p1a: Chesnaught|Substitute|[damage]
|-heal|p2a: Celebi|381\/404|[from] drain|[of] p1a: Chesnaught
|move|p1a: Chesnaught|Drain Punch|p2a: Celebi
|-resisted|p2a: Celebi
|-damage|p2a: Celebi|336\/404
|-heal|p1a: Chesnaught|133\/379|[from] drain|[of] p2a: Celebi
|
|-heal|p2a: Celebi|361\/404|[from] item: Leftovers
|-heal|p1a: Chesnaught|156\/379|[from] item: Leftovers
|turn|33
|
|move|p1a: Chesnaught|Spiky Shield|p1a: Chesnaught
|-singleturn|p1a: Chesnaught|move: Protect
|move|p2a: Celebi|Giga Drain|p1a: Chesnaught
|-activate|p1a: Chesnaught|move: Protect
|
|-heal|p2a: Celebi|386\/404|[from] item: Leftovers
|-heal|p1a: Chesnaught|179\/379|[from] item: Leftovers
|turn|34
|
|move|p2a: Celebi|Recover|p2a: Celebi
|-heal|p2a: Celebi|404\/404
|move|p1a: Chesnaught|Drain Punch|p2a: Celebi
|-crit|p2a: Celebi
|-resisted|p2a: Celebi
|-damage|p2a: Celebi|339\/404
|-heal|p1a: Chesnaught|212\/379|[from] drain|[of] p2a: Celebi
|
|-heal|p2a: Celebi|364\/404|[from] item: Leftovers
|-heal|p1a: Chesnaught|235\/379|[from] item: Leftovers
|turn|35
|
|move|p2a: Celebi|Giga Drain|p1a: Chesnaught
|-resisted|p1a: Chesnaught
|-end|p1a: Chesnaught|Substitute
|-heal|p2a: Celebi|385\/404|[from] drain|[of] p1a: Chesnaught
|move|p1a: Chesnaught|Drain Punch|p2a: Celebi
|-resisted|p2a: Celebi
|-damage|p2a: Celebi|334\/404
|-heal|p1a: Chesnaught|261\/379|[from] drain|[of] p2a: Celebi
|
|-heal|p2a: Celebi|359\/404|[from] item: Leftovers
|-heal|p1a: Chesnaught|284\/379|[from] item: Leftovers
|turn|36
|
|switch|p1a: Bisharp|Bisharp, M|245\/319
|-damage|p1a: Bisharp|226\/319|[from] Stealth Rock
|move|p2a: Celebi|Baton Pass|p2a: Celebi
|
|switch|p2a: Steelix|Steelix-Mega, M|59\/353
|-damage|p2a: Steelix|48\/353|[from] Stealth Rock
|
|turn|37
|
|move|p1a: Bisharp|Low Kick|p2a: Steelix
|-supereffective|p2a: Steelix
|-damage|p2a: Steelix|0 fnt
|faint|p2a: Steelix
|
|
|switch|p2a: Rotom-Heat|Rotom-Heat|181\/304
|-damage|p2a: Rotom-Heat|105\/304|[from] Stealth Rock
|turn|38
|
|switch|p1a: Milotic|Milotic, F|393\/393
|-damage|p1a: Milotic|344\/393|[from] Stealth Rock
|move|p2a: Rotom-Heat|Will-O-Wisp|p1a: Milotic
|-status|p1a: Milotic|brn
|
|-heal|p2a: Rotom-Heat|124\/304|[from] item: Leftovers
|-heal|p1a: Milotic|368\/393 brn|[from] item: Leftovers
|-damage|p1a: Milotic|319\/393 brn|[from] brn
|turn|39
|
|move|p2a: Rotom-Heat|Volt Switch|p1a: Milotic
|-supereffective|p1a: Milotic
|-damage|p1a: Milotic|211\/393 brn
|
|switch|p2a: Celebi|Celebi|359\/404
|-damage|p2a: Celebi|309\/404|[from] Stealth Rock
|move|p1a: Milotic|Scald|p2a: Celebi
|-resisted|p2a: Celebi
|-damage|p2a: Celebi|274\/404
|
|-heal|p2a: Celebi|299\/404|[from] item: Leftovers
|-heal|p1a: Milotic|235\/393 brn|[from] item: Leftovers
|-damage|p1a: Milotic|186\/393 brn|[from] brn
|turn|40
|
|move|p2a: Celebi|Giga Drain|p1a: Milotic
|-supereffective|p1a: Milotic
|-damage|p1a: Milotic|78\/393 brn
|-heal|p2a: Celebi|353\/404|[from] drain|[of] p1a: Milotic
|move|p1a: Milotic|Rest|p1a: Milotic
|-status|p1a: Milotic|slp
|-heal|p1a: Milotic|393\/393 slp|[silent]
|-status|p1a: Milotic|slp|[from] move: Rest
|
|-heal|p2a: Celebi|378\/404|[from] item: Leftovers
|turn|41
|
|move|p2a: Celebi|Baton Pass|p2a: Celebi
|
|switch|p2a: Rotom-Heat|Rotom-Heat|124\/304
|-damage|p2a: Rotom-Heat|48\/304|[from] Stealth Rock
|cant|p1a: Milotic|slp
|move|p1a: Milotic|Sleep Talk|p1a: Milotic
|move|p1a: Milotic|Haze|p1a: Milotic|[from]Sleep Talk
|-clearallboost
|
|-heal|p2a: Rotom-Heat|67\/304|[from] item: Leftovers
|turn|42
|
|move|p2a: Rotom-Heat|Volt Switch|p1a: Milotic
|-supereffective|p1a: Milotic
|-damage|p1a: Milotic|283\/393 slp
|
|switch|p2a: Celebi|Celebi|378\/404
|-damage|p2a: Celebi|328\/404|[from] Stealth Rock
|cant|p1a: Milotic|slp
|move|p1a: Milotic|Sleep Talk|p1a: Milotic
|move|p1a: Milotic|Scald|p2a: Celebi|[from]Sleep Talk
|-resisted|p2a: Celebi
|-damage|p2a: Celebi|294\/404
|
|-heal|p2a: Celebi|319\/404|[from] item: Leftovers
|-heal|p1a: Milotic|307\/393 slp|[from] item: Leftovers
|turn|43
|
|move|p2a: Celebi|Giga Drain|p1a: Milotic
|-supereffective|p1a: Milotic
|-damage|p1a: Milotic|205\/393 slp
|-heal|p2a: Celebi|370\/404|[from] drain|[of] p1a: Milotic
|-curestatus|p1a: Milotic|slp
|move|p1a: Milotic|Scald|p2a: Celebi
|-resisted|p2a: Celebi
|-damage|p2a: Celebi|334\/404
|
|-heal|p2a: Celebi|359\/404|[from] item: Leftovers
|-heal|p1a: Milotic|229\/393|[from] item: Leftovers
|turn|44
|
|move|p2a: Celebi|Giga Drain|p1a: Milotic
|-supereffective|p1a: Milotic
|-damage|p1a: Milotic|113\/393
|-heal|p2a: Celebi|404\/404|[from] drain|[of] p1a: Milotic
|move|p1a: Milotic|Rest|p1a: Milotic
|-status|p1a: Milotic|slp
|-heal|p1a: Milotic|393\/393 slp|[silent]
|-status|p1a: Milotic|slp|[from] move: Rest
|
|turn|45
|
|cant|p1a: Milotic|slp
|move|p1a: Milotic|Sleep Talk|p1a: Milotic
|move|p1a: Milotic|Rest|p1a: Milotic|[from]Sleep Talk
|-fail|p1a: Milotic
|move|p2a: Celebi|Trick Room|p2a: Celebi
|-fieldstart|move: Trick Room|[of] p2a: Celebi
|
|turn|46
|
|cant|p1a: Milotic|slp
|move|p1a: Milotic|Sleep Talk|p1a: Milotic
|move|p1a: Milotic|Scald|p2a: Celebi|[from]Sleep Talk
|-resisted|p2a: Celebi
|-damage|p2a: Celebi|371\/404
|move|p2a: Celebi|Baton Pass|p2a: Celebi
|
|switch|p2a: Azumarill|Azumarill, M|259\/364
|-damage|p2a: Azumarill|214\/364|[from] Stealth Rock
|
|turn|47
|
|move|p2a: Azumarill|Play Rough|p1a: Milotic
|-crit|p1a: Milotic
|-damage|p1a: Milotic|170\/393 slp
|-curestatus|p1a: Milotic|slp
|move|p1a: Milotic|Scald|p2a: Azumarill
|-resisted|p2a: Azumarill
|-damage|p2a: Azumarill|156\/364
|-enditem|p2a: Azumarill|Sitrus Berry|[eat]
|-heal|p2a: Azumarill|247\/364|[from] item: Sitrus Berry
|
|-heal|p1a: Milotic|194\/393|[from] item: Leftovers
|turn|48
|
|move|p2a: Azumarill|Play Rough|p1a: Milotic
|-damage|p1a: Milotic|0 fnt
|faint|p1a: Milotic
|
|
|switch|p1a: Chesnaught|Chesnaught, M|284\/379
|-damage|p1a: Chesnaught|261\/379|[from] Stealth Rock
|turn|49
|
|move|p1a: Chesnaught|Leech Seed|p2a: Azumarill|[miss]
|-miss|p1a: Chesnaught|p2a: Azumarill
|move|p2a: Azumarill|Play Rough|p1a: Chesnaught
|-supereffective|p1a: Chesnaught
|-damage|p1a: Chesnaught|31\/379
|-unboost|p1a: Chesnaught|atk|1
|
|-heal|p1a: Chesnaught|54\/379|[from] item: Leftovers
|-fieldend|move: Trick Room
|turn|50
|c|âHamark|sigh
|
|move|p1a: Chesnaught|Spiky Shield|p1a: Chesnaught
|-singleturn|p1a: Chesnaught|move: Protect
|move|p2a: Azumarill|Play Rough|p1a: Chesnaught
|-activate|p1a: Chesnaught|move: Protect
|-damage|p2a: Azumarill|202\/364|[from] Spiky Shield|[of] p1a: Chesnaught
|
|-heal|p1a: Chesnaught|77\/379|[from] item: Leftovers
|turn|51
|
|move|p2a: Azumarill|Play Rough|p1a: Chesnaught
|-supereffective|p1a: Chesnaught
|-damage|p1a: Chesnaught|0 fnt
|faint|p1a: Chesnaught
|
|
|switch|p1a: Donphan|Donphan, M|228\/384
|-damage|p1a: Donphan|204\/384|[from] Stealth Rock
|turn|52
|
|move|p2a: Azumarill|Waterfall|p1a: Donphan
|-supereffective|p1a: Donphan
|-damage|p1a: Donphan|0 fnt
|faint|p1a: Donphan
|
|-message|Hamark forfeited.
|
|win|Tythaeus
|raw|Ladder updating...
|leave|Hamark
|player|p1
|raw|Hamark's rating: 1290 &rarr; <strong>1270<\/strong><br \/>(-20 for losing)
|raw|Tythaeus's rating: 1365 &rarr; <strong>1380<\/strong><br \/>(+15 for winning)