|join|Unique Y
|join|Tythaeus
|player|p1|Unique Y|265
|player|p2|Tythaeus|190
|gametype|singles
|gen|6
|tier|OU (suspect test)
|rated
|clearpoke
|poke|p1|Tentacruel, F
|poke|p1|Umbreon, M
|poke|p1|Raikou
|poke|p1|Chesnaught, F
|poke|p1|Excadrill, F
|poke|p1|Beedrill, M
|poke|p2|Tyranitar, M
|poke|p2|Excadrill, F
|poke|p2|Clefable, M
|poke|p2|Talonflame, M
|poke|p2|Chesnaught, M
|poke|p2|Gengar, M
|rule|Swagger Clause: Swagger is banned
|rule|Baton Pass Clause: Limit one PokÃ©mon knowing Baton Pass
|rule|Sleep Clause Mod: Limit one foe put to sleep
|rule|Species Clause: Limit one of each PokÃ©mon
|rule|OHKO Clause: OHKO moves are banned
|rule|Moody Clause: Moody is banned
|rule|Evasion Moves Clause: Evasion moves are banned
|rule|Endless Battle Clause: Forcing endless battles is banned
|rule|HP Percentage Mod: HP is shown in percentages
|teampreview
|
|start
|switch|p1a: Beedrill|Beedrill, M|271\/271
|switch|p2a: Talonflame|Talonflame, M|317\/317
|turn|1
|
|switch|p1a: Umbreon|Umbreon, M|394\/394
|move|p2a: Talonflame|Brave Bird|p1a: Umbreon
|-damage|p1a: Umbreon|169\/394
|-damage|p2a: Talonflame|243\/317|[from] recoil|[of] p1a: Umbreon
|
|-heal|p1a: Umbreon|193\/394|[from] item: Leftovers
|turn|2
|
|move|p1a: Umbreon|Protect|p1a: Umbreon
|-singleturn|p1a: Umbreon|Protect
|move|p2a: Talonflame|Brave Bird|p1a: Umbreon
|-activate|p1a: Umbreon|Protect
|
|-heal|p1a: Umbreon|217\/394|[from] item: Leftovers
|turn|3
|
|switch|p2a: Clefable|Clefable, M|394\/394
|switch|p1a: Excadrill|Excadrill, F|361\/361
|-ability|p1a: Excadrill|Mold Breaker
|
|turn|4
|
|switch|p2a: Chesnaught|Chesnaught, M|380\/380
|move|p1a: Excadrill|Stealth Rock|p2a: Chesnaught
|-sidestart|p2: Tythaeus|move: Stealth Rock
|
|turn|5
|
|switch|p1a: Beedrill|Beedrill, M|271\/271
|move|p2a: Chesnaught|Leech Seed|p1a: Beedrill
|-start|p1a: Beedrill|move: Leech Seed
|
|-damage|p1a: Beedrill|238\/271|[from] Leech Seed|[of] p2a: Chesnaught
|turn|6
|
|switch|p2a: Gengar|Gengar, M|262\/262
|-damage|p2a: Gengar|230\/262|[from] Stealth Rock
|detailschange|p1a: Beedrill|Beedrill-Mega, M
|-mega|p1a: Beedrill|Beedrill|Beedrillite
|move|p1a: Beedrill|U-turn|p2a: Gengar
|-resisted|p2a: Gengar
|-damage|p2a: Gengar|166\/262
|
|switch|p1a: Tentacruel|Tentacruel, F|364\/364
|
|turn|7
|
|switch|p2a: Excadrill|Excadrill, F|362\/362
|-damage|p2a: Excadrill|351\/362|[from] Stealth Rock
|move|p1a: Tentacruel|Knock Off|p2a: Excadrill
|-damage|p2a: Excadrill|280\/362
|-enditem|p2a: Excadrill|Life Orb|[from] move: Knock Off|[of] p1a: Tentacruel
|
|turn|8
|
|switch|p1a: Chesnaught|Chesnaught, F|380\/380
|move|p2a: Excadrill|Rapid Spin|p1a: Chesnaught
|-damage|p1a: Chesnaught|358\/380
|-sideend|p2: Tythaeus|Stealth Rock|[from] move: Rapid Spin|[of] p2a: Excadrill
|
|turn|9
|
|switch|p2a: Chesnaught|Chesnaught, M|380\/380
|move|p1a: Chesnaught|Stone Edge|p2a: Chesnaught
|-resisted|p2a: Chesnaught
|-damage|p2a: Chesnaught|343\/380
|
|-heal|p2a: Chesnaught|366\/380|[from] item: Leftovers
|turn|10
|
|move|p1a: Chesnaught|Power-Up Punch|p2a: Chesnaught
|-damage|p2a: Chesnaught|321\/380
|-boost|p1a: Chesnaught|atk|1
|move|p2a: Chesnaught|Leech Seed|p1a: Chesnaught
|-immune|p1a: Chesnaught|[msg]
|
|-heal|p2a: Chesnaught|344\/380|[from] item: Leftovers
|turn|11
|
|move|p1a: Chesnaught|Stone Edge|p2a: Chesnaught
|-resisted|p2a: Chesnaught
|-damage|p2a: Chesnaught|286\/380
|move|p2a: Chesnaught|Drain Punch|p1a: Chesnaught
|-damage|p1a: Chesnaught|285\/380
|-heal|p2a: Chesnaught|323\/380|[from] drain|[of] p1a: Chesnaught
|
|-heal|p2a: Chesnaught|346\/380|[from] item: Leftovers
|turn|12
|
|move|p2a: Chesnaught|Spiky Shield|p2a: Chesnaught
|-singleturn|p2a: Chesnaught|move: Protect
|move|p1a: Chesnaught|Drain Punch|p2a: Chesnaught
|-activate|p2a: Chesnaught|move: Protect
|-damage|p1a: Chesnaught|238\/380|[from] Spiky Shield|[of] p2a: Chesnaught
|
|-heal|p2a: Chesnaught|369\/380|[from] item: Leftovers
|turn|13
|
|move|p1a: Chesnaught|Stone Edge|p2a: Chesnaught
|-resisted|p2a: Chesnaught
|-damage|p2a: Chesnaught|314\/380
|move|p2a: Chesnaught|Drain Punch|p1a: Chesnaught
|-crit|p1a: Chesnaught
|-damage|p1a: Chesnaught|124\/380
|-heal|p2a: Chesnaught|371\/380|[from] drain|[of] p1a: Chesnaught
|
|-heal|p2a: Chesnaught|380\/380|[from] item: Leftovers
|turn|14
|
|switch|p1a: Beedrill|Beedrill-Mega, M|238\/271
|move|p2a: Chesnaught|Drain Punch|p1a: Beedrill
|-resisted|p1a: Beedrill
|-damage|p1a: Beedrill|193\/271
|
|turn|15
|
|move|p2a: Chesnaught|Spiky Shield|p2a: Chesnaught
|-singleturn|p2a: Chesnaught|move: Protect
|move|p1a: Beedrill|Knock Off|p2a: Chesnaught
|-activate|p2a: Chesnaught|move: Protect
|-damage|p1a: Beedrill|160\/271|[from] Spiky Shield|[of] p2a: Chesnaught
|
|turn|16
|
|move|p1a: Beedrill|Poison Jab|p2a: Chesnaught
|-supereffective|p2a: Chesnaught
|-damage|p2a: Chesnaught|92\/380
|move|p2a: Chesnaught|Leech Seed|p1a: Beedrill
|-start|p1a: Beedrill|move: Leech Seed
|
|-heal|p2a: Chesnaught|115\/380|[from] item: Leftovers
|-damage|p1a: Beedrill|127\/271|[from] Leech Seed|[of] p2a: Chesnaught
|-heal|p2a: Chesnaught|148\/380|[silent]
|turn|17
|
|switch|p1a: Tentacruel|Tentacruel, F|364\/364
|move|p2a: Chesnaught|Spiky Shield|p2a: Chesnaught
|-fail|p2a: Chesnaught
|
|-heal|p2a: Chesnaught|171\/380|[from] item: Leftovers
|turn|18
|
|move|p2a: Chesnaught|Spiky Shield|p2a: Chesnaught
|-singleturn|p2a: Chesnaught|move: Protect
|move|p1a: Tentacruel|Knock Off|p2a: Chesnaught
|-activate|p2a: Chesnaught|move: Protect
|-damage|p1a: Tentacruel|319\/364|[from] Spiky Shield|[of] p2a: Chesnaught
|
|-heal|p1a: Tentacruel|341\/364|[from] item: Black Sludge
|-heal|p2a: Chesnaught|194\/380|[from] item: Leftovers
|turn|19
|
|switch|p2a: Excadrill|Excadrill, F|280\/362
|move|p1a: Tentacruel|Scald|p2a: Excadrill
|-supereffective|p2a: Excadrill
|-damage|p2a: Excadrill|64\/362
|-status|p2a: Excadrill|brn
|
|-heal|p1a: Tentacruel|363\/364|[from] item: Black Sludge
|-damage|p2a: Excadrill|19\/362 brn|[from] brn
|turn|20
|
|move|p2a: Excadrill|Iron Head|p1a: Tentacruel
|-crit|p1a: Tentacruel
|-resisted|p1a: Tentacruel
|-damage|p1a: Tentacruel|293\/364
|move|p1a: Tentacruel|Rapid Spin|p2a: Excadrill
|-resisted|p2a: Excadrill
|-damage|p2a: Excadrill|10\/362 brn
|
|-heal|p1a: Tentacruel|315\/364|[from] item: Black Sludge
|-damage|p2a: Excadrill|0 fnt|[from] brn
|faint|p2a: Excadrill
|
|switch|p2a: Tyranitar|Tyranitar, M|341\/341
|-weather|Sandstorm
|turn|21
|
|detailschange|p2a: Tyranitar|Tyranitar-Mega, M
|-mega|p2a: Tyranitar|Tyranitar|Tyranitarite
|move|p2a: Tyranitar|Dragon Dance|p2a: Tyranitar
|-boost|p2a: Tyranitar|atk|1
|-boost|p2a: Tyranitar|spe|1
|move|p1a: Tentacruel|Scald|p2a: Tyranitar
|-supereffective|p2a: Tyranitar
|-damage|p2a: Tyranitar|249\/341
|
|-weather|Sandstorm|[upkeep]
|-damage|p1a: Tentacruel|293\/364|[from] sandstorm
|-heal|p1a: Tentacruel|315\/364|[from] item: Black Sludge
|turn|22
|
|move|p2a: Tyranitar|Earthquake|p1a: Tentacruel
|-supereffective|p1a: Tentacruel
|-damage|p1a: Tentacruel|0 fnt
|faint|p1a: Tentacruel
|
|-weather|Sandstorm|[upkeep]
|
|switch|p1a: Beedrill|Beedrill-Mega, M|127\/271
|turn|23
|
|switch|p2a: Gengar|Gengar, M|166\/262
|move|p1a: Beedrill|U-turn|p2a: Gengar
|-resisted|p2a: Gengar
|-damage|p2a: Gengar|97\/262
|
|switch|p1a: Raikou|Raikou|369\/369
|-ability|p1a: Raikou|Pressure
|
|-weather|Sandstorm|[upkeep]
|-damage|p2a: Gengar|81\/262|[from] sandstorm
|-damage|p1a: Raikou|346\/369|[from] sandstorm
|-heal|p1a: Raikou|369\/369|[from] item: Leftovers
|turn|24
|
|switch|p2a: Clefable|Clefable, M|394\/394
|move|p1a: Raikou|Calm Mind|p1a: Raikou
|-boost|p1a: Raikou|spa|1
|-boost|p1a: Raikou|spd|1
|
|-weather|Sandstorm|[upkeep]
|-damage|p1a: Raikou|346\/369|[from] sandstorm
|-heal|p1a: Raikou|369\/369|[from] item: Leftovers
|turn|25
|
|move|p1a: Raikou|Thunderbolt|p2a: Clefable
|-damage|p2a: Clefable|228\/394
|move|p2a: Clefable|Stealth Rock|p1a: Raikou
|-sidestart|p1: Unique Y|move: Stealth Rock
|
|-weather|none
|-heal|p2a: Clefable|252\/394|[from] item: Leftovers
|turn|26
|
|move|p1a: Raikou|Substitute|p1a: Raikou
|-start|p1a: Raikou|Substitute
|-damage|p1a: Raikou|277\/369
|move|p2a: Clefable|Moonblast|p1a: Raikou
|-activate|p1a: Raikou|Substitute|[damage]
|
|-heal|p1a: Raikou|300\/369|[from] item: Leftovers
|-heal|p2a: Clefable|276\/394|[from] item: Leftovers
|turn|27
|
|switch|p2a: Gengar|Gengar, M|81\/262
|move|p1a: Raikou|Calm Mind|p1a: Raikou
|-boost|p1a: Raikou|spa|1
|-boost|p1a: Raikou|spd|1
|
|-heal|p1a: Raikou|323\/369|[from] item: Leftovers
|turn|28
|
|move|p2a: Gengar|Shadow Ball|p1a: Raikou
|-end|p1a: Raikou|Substitute
|move|p1a: Raikou|Thunderbolt|p2a: Gengar
|-damage|p2a: Gengar|0 fnt
|faint|p2a: Gengar
|
|-heal|p1a: Raikou|346\/369|[from] item: Leftovers
|
|switch|p2a: Talonflame|Talonflame, M|243\/317
|turn|29
|
|move|p2a: Talonflame|U-turn|p1a: Raikou
|-damage|p1a: Raikou|237\/369
|
|switch|p2a: Tyranitar|Tyranitar-Mega, M|249\/341
|-weather|Sandstorm
|move|p1a: Raikou|Thunderbolt|p2a: Tyranitar
|-damage|p2a: Tyranitar|107\/341
|-status|p2a: Tyranitar|par
|
|-weather|Sandstorm|[upkeep]
|-damage|p1a: Raikou|214\/369|[from] sandstorm
|-heal|p1a: Raikou|237\/369|[from] item: Leftovers
|turn|30
|
|move|p1a: Raikou|Thunderbolt|p2a: Tyranitar
|-damage|p2a: Tyranitar|0 fnt
|faint|p2a: Tyranitar
|
|-weather|Sandstorm|[upkeep]
|-damage|p1a: Raikou|214\/369|[from] sandstorm
|-heal|p1a: Raikou|237\/369|[from] item: Leftovers
|
|switch|p2a: Talonflame|Talonflame, M|243\/317
|turn|31
|
|move|p2a: Talonflame|Flare Blitz|p1a: Raikou
|-damage|p1a: Raikou|0 fnt
|-damage|p2a: Talonflame|165\/317|[from] recoil|[of] p1a: Raikou
|faint|p1a: Raikou
|
|-weather|Sandstorm|[upkeep]
|-damage|p2a: Talonflame|146\/317|[from] sandstorm
|
|switch|p1a: Beedrill|Beedrill-Mega, M|127\/271
|-damage|p1a: Beedrill|60\/271|[from] Stealth Rock
|turn|32
|
|switch|p2a: Clefable|Clefable, M|276\/394
|move|p1a: Beedrill|Poison Jab|p2a: Clefable
|-supereffective|p2a: Clefable
|-damage|p2a: Clefable|0 fnt
|faint|p2a: Clefable
|
|-weather|Sandstorm|[upkeep]
|-damage|p1a: Beedrill|44\/271|[from] sandstorm
|
|switch|p2a: Talonflame|Talonflame, M|146\/317
|turn|33
|
|move|p2a: Talonflame|Brave Bird|p1a: Beedrill
|-supereffective|p1a: Beedrill
|-damage|p1a: Beedrill|0 fnt
|-damage|p2a: Talonflame|131\/317|[from] recoil|[of] p1a: Beedrill
|faint|p1a: Beedrill
|
|-weather|none
|
|switch|p1a: Excadrill|Excadrill, F|361\/361
|-damage|p1a: Excadrill|350\/361|[from] Stealth Rock
|-ability|p1a: Excadrill|Mold Breaker
|turn|34
|
|move|p2a: Talonflame|Brave Bird|p1a: Excadrill
|-resisted|p1a: Excadrill
|-damage|p1a: Excadrill|223\/361
|-damage|p2a: Talonflame|89\/317|[from] recoil|[of] p1a: Excadrill
|move|p1a: Excadrill|Stealth Rock|p2a: Talonflame
|-sidestart|p2: Tythaeus|move: Stealth Rock
|
|-heal|p1a: Excadrill|245\/361|[from] item: Leftovers
|turn|35
|
|move|p2a: Talonflame|Brave Bird|p1a: Excadrill
|-resisted|p1a: Excadrill
|-damage|p1a: Excadrill|124\/361
|-damage|p2a: Talonflame|49\/317|[from] recoil|[of] p1a: Excadrill
|move|p1a: Excadrill|Iron Head|p2a: Talonflame
|-resisted|p2a: Talonflame
|-damage|p2a: Talonflame|0 fnt
|faint|p2a: Talonflame
|
|-heal|p1a: Excadrill|146\/361|[from] item: Leftovers
|
|switch|p2a: Chesnaught|Chesnaught, M|194\/380
|-damage|p2a: Chesnaught|171\/380|[from] Stealth Rock
|turn|36
|
|move|p2a: Chesnaught|Spiky Shield|p2a: Chesnaught
|-singleturn|p2a: Chesnaught|move: Protect
|move|p1a: Excadrill|Iron Head|p2a: Chesnaught
|-activate|p2a: Chesnaught|move: Protect
|-damage|p1a: Excadrill|101\/361|[from] Spiky Shield|[of] p2a: Chesnaught
|
|-heal|p1a: Excadrill|123\/361|[from] item: Leftovers
|-heal|p2a: Chesnaught|194\/380|[from] item: Leftovers
|turn|37
|
|move|p1a: Excadrill|Iron Head|p2a: Chesnaught
|-damage|p2a: Chesnaught|110\/380
|cant|p2a: Chesnaught|flinch
|
|-heal|p1a: Excadrill|145\/361|[from] item: Leftovers
|-heal|p2a: Chesnaught|133\/380|[from] item: Leftovers
|turn|38
|
|move|p2a: Chesnaught|Spiky Shield|p2a: Chesnaught
|-singleturn|p2a: Chesnaught|move: Protect
|move|p1a: Excadrill|Earthquake|p2a: Chesnaught
|-activate|p2a: Chesnaught|move: Protect
|
|-heal|p1a: Excadrill|167\/361|[from] item: Leftovers
|-heal|p2a: Chesnaught|156\/380|[from] item: Leftovers
|turn|39
|
|move|p1a: Excadrill|Iron Head|p2a: Chesnaught
|-damage|p2a: Chesnaught|65\/380
|cant|p2a: Chesnaught|flinch
|
|-heal|p1a: Excadrill|189\/361|[from] item: Leftovers
|-heal|p2a: Chesnaught|88\/380|[from] item: Leftovers
|turn|40
|
|move|p1a: Excadrill|Iron Head|p2a: Chesnaught
|-damage|p2a: Chesnaught|1\/380
|move|p2a: Chesnaught|Drain Punch|p1a: Excadrill
|-supereffective|p1a: Excadrill
|-damage|p1a: Excadrill|0 fnt
|-heal|p2a: Chesnaught|96\/380|[from] drain|[of] p1a: Excadrill
|faint|p1a: Excadrill
|
|-heal|p2a: Chesnaught|119\/380|[from] item: Leftovers
|
|switch|p1a: Umbreon|Umbreon, M|217\/394
|-damage|p1a: Umbreon|168\/394|[from] Stealth Rock
|turn|41
|
|move|p1a: Umbreon|Wish|p1a: Umbreon
|move|p2a: Chesnaught|Drain Punch|p1a: Umbreon
|-supereffective|p1a: Umbreon
|-damage|p1a: Umbreon|0 fnt
|-heal|p2a: Chesnaught|203\/380|[from] drain|[of] p1a: Umbreon
|faint|p1a: Umbreon
|
|-heal|p2a: Chesnaught|226\/380|[from] item: Leftovers
|
|switch|p1a: Chesnaught|Chesnaught, F|124\/380
|-damage|p1a: Chesnaught|101\/380|[from] Stealth Rock
|turn|42
|
|move|p1a: Chesnaught|Power-Up Punch|p2a: Chesnaught
|-crit|p2a: Chesnaught
|-damage|p2a: Chesnaught|159\/380
|-boost|p1a: Chesnaught|atk|1
|move|p2a: Chesnaught|Drain Punch|p1a: Chesnaught
|-damage|p1a: Chesnaught|22\/380
|-heal|p2a: Chesnaught|199\/380|[from] drain|[of] p1a: Chesnaught
|
|-heal|p1a: Chesnaught|219\/380|[from] move: Wish|[wisher] Umbreon
|-heal|p2a: Chesnaught|222\/380|[from] item: Leftovers
|turn|43
|
|move|p2a: Chesnaught|Spiky Shield|p2a: Chesnaught
|-singleturn|p2a: Chesnaught|move: Protect
|move|p1a: Chesnaught|Drain Punch|p2a: Chesnaught
|-activate|p2a: Chesnaught|move: Protect
|-damage|p1a: Chesnaught|172\/380|[from] Spiky Shield|[of] p2a: Chesnaught
|
|-heal|p2a: Chesnaught|245\/380|[from] item: Leftovers
|turn|44
|
|move|p1a: Chesnaught|Drain Punch|p2a: Chesnaught
|-damage|p2a: Chesnaught|124\/380
|-heal|p1a: Chesnaught|233\/380|[from] drain|[of] p2a: Chesnaught
|move|p2a: Chesnaught|Drain Punch|p1a: Chesnaught
|-damage|p1a: Chesnaught|151\/380
|-heal|p2a: Chesnaught|165\/380|[from] drain|[of] p1a: Chesnaught
|
|-heal|p2a: Chesnaught|188\/380|[from] item: Leftovers
|turn|45
|
|move|p1a: Chesnaught|Drain Punch|p2a: Chesnaught
|-damage|p2a: Chesnaught|61\/380
|-heal|p1a: Chesnaught|215\/380|[from] drain|[of] p2a: Chesnaught
|move|p2a: Chesnaught|Drain Punch|p1a: Chesnaught
|-damage|p1a: Chesnaught|140\/380
|-heal|p2a: Chesnaught|99\/380|[from] drain|[of] p1a: Chesnaught
|
|-heal|p2a: Chesnaught|122\/380|[from] item: Leftovers
|turn|46
|
|move|p2a: Chesnaught|Spiky Shield|p2a: Chesnaught
|-singleturn|p2a: Chesnaught|move: Protect
|move|p1a: Chesnaught|Stone Edge|p2a: Chesnaught
|-activate|p2a: Chesnaught|move: Protect
|
|-heal|p2a: Chesnaught|145\/380|[from] item: Leftovers
|turn|47
|
|move|p2a: Chesnaught|Spiky Shield|p2a: Chesnaught
|-singleturn|p2a: Chesnaught|move: Protect
|move|p1a: Chesnaught|Drain Punch|p2a: Chesnaught
|-activate|p2a: Chesnaught|move: Protect
|-damage|p1a: Chesnaught|93\/380|[from] Spiky Shield|[of] p2a: Chesnaught
|
|-heal|p2a: Chesnaught|168\/380|[from] item: Leftovers
|turn|48
|
|move|p1a: Chesnaught|Drain Punch|p2a: Chesnaught
|-damage|p2a: Chesnaught|44\/380
|-heal|p1a: Chesnaught|155\/380|[from] drain|[of] p2a: Chesnaught
|move|p2a: Chesnaught|Drain Punch|p1a: Chesnaught
|-damage|p1a: Chesnaught|73\/380
|-heal|p2a: Chesnaught|85\/380|[from] drain|[of] p1a: Chesnaught
|
|-heal|p2a: Chesnaught|108\/380|[from] item: Leftovers
|turn|49
|-message|Unique Y forfeited.
|leave|Unique Y
|
|win|Tythaeus
|raw|Ladder updating...
|player|p1
|raw|Unique Y's rating: 1436 &rarr; <strong>1415<\/strong><br \/>(-21 for losing)
|raw|Tythaeus's rating: 1427 &rarr; <strong>1447<\/strong><br \/>(+20 for winning)