|inactive|Battle timer is ON: inactive players will automatically lose when time's up.
|J|MushMunkey
|J|Tythaeus
|player|p1|MushMunkey|209
|player|p2|Tythaeus|96
|gametype|singles
|gen|6
|tier|OU
|clearpoke
|poke|p1|Gardevoir, F
|poke|p1|Slowbro, M
|poke|p1|Bisharp, M
|poke|p1|Zapdos
|poke|p1|Jirachi
|poke|p1|Keldeo
|poke|p2|Politoed, F
|poke|p2|Swampert, F
|poke|p2|Celebi
|poke|p2|Manaphy
|poke|p2|Klefki, M
|poke|p2|Magnezone, shiny
|rule|Swagger Clause: Swagger is banned
|rule|Baton Pass Clause: Limit one PokÃ©mon knowing Baton Pass
|rule|Sleep Clause Mod: Limit one foe put to sleep
|rule|Species Clause: Limit one of each PokÃ©mon
|rule|OHKO Clause: OHKO moves are banned
|rule|Moody Clause: Moody is banned
|rule|Evasion Moves Clause: Evasion moves are banned
|rule|Endless Battle Clause: Forcing endless battles is banned
|rule|HP Percentage Mod: HP is shown in percentages
|teampreview
|J|Ary
|J|Marky B
|J|Hairy Toenail
|
|start
|switch|p1a: Gardevoir|Gardevoir, F|277\/277
|switch|p2a: In The Zone|Magnezone, shiny|287\/287
|-ability|p1a: Gardevoir|Magnet Pull|[from] ability: Trace|[of] p2a: In The Zone
|turn|1
|J|River Martini
|c|âMushMunkey|in the zone
|c|âMushMunkey|battle zone
|c|âMushMunkey|?__?
|c|âTythaeus|Nah, AutoZone
|c|âMushMunkey|oh yeah I knew that!
|
|switch|p1a: Zapdos|Zapdos|384\/384
|-ability|p1a: Zapdos|Pressure
|move|p2a: In The Zone|Flash Cannon|p1a: Zapdos
|-resisted|p1a: Zapdos
|-damage|p1a: Zapdos|328\/384
|-unboost|p1a: Zapdos|spd|1
|
|-heal|p1a: Zapdos|352\/384|[from] item: Leftovers
|turn|2
|
|move|p2a: In The Zone|Flash Cannon|p1a: Zapdos
|-resisted|p1a: Zapdos
|-damage|p1a: Zapdos|270\/384
|move|p1a: Zapdos|Discharge|p2a: In The Zone
|-resisted|p2a: In The Zone
|-damage|p2a: In The Zone|221\/287
|
|-heal|p1a: Zapdos|294\/384|[from] item: Leftovers
|turn|3
|
|switch|p2a: Beef|Swampert, F|366\/366
|move|p1a: Zapdos|Heat Wave|p2a: Beef
|-resisted|p2a: Beef
|-damage|p2a: Beef|314\/366
|
|-heal|p1a: Zapdos|318\/384|[from] item: Leftovers
|turn|4
|
|switch|p1a: Slowbro|Slowbro, M|394\/394
|switch|p2a: In The Zone|Magnezone, shiny|221\/287
|
|turn|5
|c|âMushMunkey|oh fuck
|
|switch|p1a: Zapdos|Zapdos|318\/384
|-ability|p1a: Zapdos|Pressure
|move|p2a: In The Zone|Thunderbolt|p1a: Zapdos
|-damage|p1a: Zapdos|177\/384
|
|-heal|p1a: Zapdos|201\/384|[from] item: Leftovers
|turn|6
|
|move|p2a: In The Zone|Thunderbolt|p1a: Zapdos
|-damage|p1a: Zapdos|71\/384
|move|p1a: Zapdos|Roost|p1a: Zapdos
|-heal|p1a: Zapdos|263\/384
|
|-heal|p1a: Zapdos|287\/384|[from] item: Leftovers
|turn|7
|
|switch|p2a: Beef|Swampert, F|314\/366
|move|p1a: Zapdos|Discharge|p2a: Beef
|-immune|p2a: Beef|[msg]
|
|-heal|p1a: Zapdos|311\/384|[from] item: Leftovers
|turn|8
|L|Hairy Toenail
|
|switch|p1a: Rainbow Dash|Keldeo|323\/323
|detailschange|p2a: Beef|Swampert-Mega, F
|-mega|p2a: Beef|Swampert|Swampertite
|move|p2a: Beef|Ice Punch|p1a: Rainbow Dash
|-resisted|p1a: Rainbow Dash
|-damage|p1a: Rainbow Dash|259\/323
|
|-heal|p1a: Rainbow Dash|279\/323|[from] item: Leftovers
|turn|9
|c|âMushMunkey|dashin muh rainbows
|c|âMushMunkey|ezpz
|c|âTythaeus|Sub cm
|c|âTythaeus|Ew
|c|+Ary|it's a good set
|c|âMushMunkey|its good in this meta
|c|âTythaeus|Tru
|c|âMushMunkey|what els
|c|âTythaeus|Not saying its bad
|
|switch|p1a: Jirachi|Jirachi|404\/404
|move|p2a: Beef|Earthquake|p1a: Jirachi
|-supereffective|p1a: Jirachi
|-damage|p1a: Jirachi|0 fnt
|faint|p1a: Jirachi
|
|c|âMushMunkey|ur implying it is,,,
|c|âMushMunkey|oh ok
|-message|MushMunkey forfeited.
|
|win|Tythaeus
|L|MushMunkey
|player|p1
|c|âTythaeus|Ok?
|L|River Martini