|join|dodemoi
|join|aphidy
|player|p1|dodemoi|1
|player|p2|aphidy|8
|gametype|singles
|gen|6
|tier|OU
|rated
|clearpoke
|poke|p1|Metagross
|poke|p1|Bisharp, F
|poke|p1|Latias, F
|poke|p1|Heatran, M
|poke|p1|Azumarill, F
|poke|p1|Smeargle, F
|poke|p2|Mamoswine, F
|poke|p2|Heatran, F
|poke|p2|Scizor, M
|poke|p2|Azumarill, F
|poke|p2|Sceptile, F
|poke|p2|Garchomp, F
|rule|Swagger Clause: Swagger is banned
|rule|Baton Pass Clause: Limit one PokÃ©mon knowing Baton Pass
|rule|Sleep Clause Mod: Limit one foe put to sleep
|rule|Species Clause: Limit one of each PokÃ©mon
|rule|OHKO Clause: OHKO moves are banned
|rule|Moody Clause: Moody is banned
|rule|Evasion Moves Clause: Evasion moves are banned
|rule|Endless Battle Clause: Forcing endless battles is banned
|rule|HP Percentage Mod: HP is shown in percentages
|teampreview
|
|start
|switch|p1a: Smeargle|Smeargle, F|313\/313
|switch|p2a: Mamoswine|Mamoswine, F|362\/362
|turn|1
|
|switch|p2a: Sceptile|Sceptile, F|282\/282
|move|p1a: Smeargle|Sticky Web|p2a: Sceptile
|-sidestart|p2: aphidy|move: Sticky Web
|
|turn|2
|
|detailschange|p2a: Sceptile|Sceptile-Mega, F
|-mega|p2a: Sceptile|Sceptile|Sceptilite
|move|p2a: Sceptile|Substitute|p2a: Sceptile
|-start|p2a: Sceptile|Substitute
|-damage|p2a: Sceptile|212\/282
|move|p1a: Smeargle|Stealth Rock|p2a: Sceptile
|-sidestart|p2: aphidy|move: Stealth Rock
|
|turn|3
|
|move|p2a: Sceptile|Giga Drain|p1a: Smeargle
|-damage|p1a: Smeargle|24\/313
|-heal|p2a: Sceptile|282\/282|[from] drain|[of] p1a: Smeargle
|move|p1a: Smeargle|Taunt|p2a: Sceptile
|-start|p2a: Sceptile|move: Taunt
|
|turn|4
|
|move|p2a: Sceptile|Giga Drain|p1a: Smeargle
|-damage|p1a: Smeargle|0 fnt
|faint|p1a: Smeargle
|
|
|switch|p1a: Bisharp|Bisharp, F|271\/271
|turn|5
|
|move|p1a: Bisharp|Sucker Punch|p2a: Sceptile
|-end|p2a: Sceptile|Substitute
|move|p2a: Sceptile|Focus Blast|p1a: Bisharp
|-supereffective|p1a: Bisharp
|-damage|p1a: Bisharp|0 fnt
|faint|p1a: Bisharp
|
|
|switch|p1a: Metagross|Metagross|301\/301
|turn|6
|
|detailschange|p1a: Metagross|Metagross-Mega
|-mega|p1a: Metagross|Metagross|Metagrossite
|move|p2a: Sceptile|Focus Blast|p1a: Metagross
|-damage|p1a: Metagross|151\/301
|move|p1a: Metagross|Meteor Mash|p2a: Sceptile
|-damage|p2a: Sceptile|0 fnt
|-boost|p1a: Metagross|atk|1
|faint|p2a: Sceptile
|
|
|switch|p2a: Mamoswine|Mamoswine, F|362\/362
|-damage|p2a: Mamoswine|317\/362|[from] Stealth Rock
|-activate|p2a: Mamoswine|move: Sticky Web
|-unboost|p2a: Mamoswine|spe|1
|turn|7
|
|move|p1a: Metagross|Bullet Punch|p2a: Mamoswine
|-supereffective|p2a: Mamoswine
|-damage|p2a: Mamoswine|0 fnt
|faint|p2a: Mamoswine
|
|
|switch|p2a: Scizor|Scizor, M|344\/344
|-damage|p2a: Scizor|301\/344|[from] Stealth Rock
|-activate|p2a: Scizor|move: Sticky Web
|-unboost|p2a: Scizor|spe|1
|turn|8
|
|move|p1a: Metagross|Earthquake|p2a: Scizor
|-damage|p2a: Scizor|109\/344
|move|p2a: Scizor|Superpower|p1a: Metagross
|-damage|p1a: Metagross|0 fnt
|-unboost|p2a: Scizor|atk|1
|-unboost|p2a: Scizor|def|1
|faint|p1a: Metagross
|
|
|switch|p1a: Azumarill|Azumarill, F|364\/364
|turn|9
|
|move|p1a: Azumarill|Belly Drum|p1a: Azumarill
|-damage|p1a: Azumarill|182\/364
|-setboost|p1a: Azumarill|atk|6|[from] move: Belly Drum
|-enditem|p1a: Azumarill|Sitrus Berry|[eat]
|-heal|p1a: Azumarill|273\/364|[from] item: Sitrus Berry
|move|p2a: Scizor|Superpower|p1a: Azumarill
|-resisted|p1a: Azumarill
|-damage|p1a: Azumarill|178\/364
|-unboost|p2a: Scizor|atk|1
|-unboost|p2a: Scizor|def|1
|
|turn|10
|
|move|p1a: Azumarill|Aqua Jet|p2a: Scizor
|-damage|p2a: Scizor|0 fnt
|faint|p2a: Scizor
|
|
|switch|p2a: Azumarill|Azumarill, F|404\/404
|-activate|p2a: Azumarill|move: Sticky Web
|-unboost|p2a: Azumarill|spe|1
|-damage|p2a: Azumarill|354\/404|[from] Stealth Rock
|turn|11
|
|move|p1a: Azumarill|Play Rough|p2a: Azumarill
|-damage|p2a: Azumarill|0 fnt
|faint|p2a: Azumarill
|
|
|switch|p2a: Garchomp|Garchomp, F|358\/358
|-activate|p2a: Garchomp|move: Sticky Web
|-unboost|p2a: Garchomp|spe|1
|-damage|p2a: Garchomp|336\/358|[from] Stealth Rock
|turn|12
|
|move|p2a: Garchomp|Earthquake|p1a: Azumarill
|-damage|p1a: Azumarill|0 fnt
|faint|p1a: Azumarill
|
|
|switch|p1a: Heatran|Heatran, M|323\/323
|-item|p1a: Heatran|Air Balloon
|turn|13
|
|switch|p2a: Heatran|Heatran, F|324\/324
|-damage|p2a: Heatran|284\/324|[from] Stealth Rock
|-activate|p2a: Heatran|move: Sticky Web
|-unboost|p2a: Heatran|spe|1
|move|p1a: Heatran|Flash Cannon|p2a: Heatran
|-resisted|p2a: Heatran
|-damage|p2a: Heatran|251\/324
|
|-heal|p2a: Heatran|271\/324|[from] item: Leftovers
|turn|14
|
|move|p1a: Heatran|Earth Power|p2a: Heatran
|-supereffective|p2a: Heatran
|-damage|p2a: Heatran|0 fnt
|faint|p2a: Heatran
|
|
|switch|p2a: Garchomp|Garchomp, F|336\/358
|-damage|p2a: Garchomp|314\/358|[from] Stealth Rock
|-activate|p2a: Garchomp|move: Sticky Web
|-unboost|p2a: Garchomp|spe|1
|turn|15
|c|âdodemoi|gg
|
|move|p2a: Garchomp|Stone Edge|p1a: Heatran|[miss]
|-miss|p2a: Garchomp|p1a: Heatran
|move|p1a: Heatran|Flash Cannon|p2a: Garchomp
|-damage|p2a: Garchomp|139\/358
|
|turn|16
|
|move|p2a: Garchomp|Stone Edge|p1a: Heatran
|-damage|p1a: Heatran|200\/323
|-enditem|p1a: Heatran|Air Balloon
|move|p1a: Heatran|Flash Cannon|p2a: Garchomp
|-damage|p2a: Garchomp|0 fnt
|faint|p2a: Garchomp
|
|win|dodemoi
|raw|Ladder updating...
|raw|dodemoi's rating: 1519 &rarr; <strong>1537<\/strong><br \/>(+18 for winning)
|raw|aphidy's rating: 1484 &rarr; <strong>1466<\/strong><br \/>(-18 for losing)
|leave|aphidy
|player|p2