|join|OFWGKTV
|join|ChoiceSpec
|player|p1|OFWGKTV|46
|player|p2|ChoiceSpec|1
|gametype|singles
|gen|6
|tier|UU
|rated
|rule|Sleep Clause Mod: Limit one foe put to sleep
|rule|Species Clause: Limit one of each PokÃ©mon
|rule|OHKO Clause: OHKO moves are banned
|rule|Moody Clause: Moody is banned
|rule|Evasion Moves Clause: Evasion moves are banned
|rule|Endless Battle Clause: Forcing endless battles is banned
|rule|HP Percentage Mod: HP is shown in percentages
|clearpoke
|poke|p1|Medicham, F
|poke|p1|Whimsicott, F
|poke|p1|Hippowdon, F
|poke|p1|Jirachi
|poke|p1|Raikou, shiny
|poke|p1|Toxicroak, M
|poke|p2|Whimsicott, F
|poke|p2|Medicham, M
|poke|p2|Tornadus, M
|poke|p2|Aerodactyl, M
|poke|p2|Serperior, F
|poke|p2|Lucario, F
|rule|Swagger Clause: Swagger is banned
|rule|Baton Pass Clause: Limit one PokÃ©mon knowing Baton Pass
|teampreview
|
|start
|switch|p1a: Whimsicott|Whimsicott, F|261\/261
|switch|p2a: Christy Mack|Aerodactyl, M|301\/301
|-ability|p2a: Christy Mack|Unnerve|p1: OFWGKTV
|turn|1
|
|move|p1a: Whimsicott|Substitute|p1a: Whimsicott
|-start|p1a: Whimsicott|Substitute
|-damage|p1a: Whimsicott|196\/261
|move|p2a: Christy Mack|Taunt|p1a: Whimsicott
|-start|p1a: Whimsicott|move: Taunt
|
|-heal|p1a: Whimsicott|212\/261|[from] item: Leftovers
|turn|2
|
|move|p2a: Christy Mack|Stealth Rock|p1a: Whimsicott
|-sidestart|p1: OFWGKTV|move: Stealth Rock
|move|p1a: Whimsicott|Psychic|p2a: Christy Mack
|-damage|p2a: Christy Mack|203\/301
|
|-heal|p1a: Whimsicott|228\/261|[from] item: Leftovers
|turn|3
|
|move|p2a: Christy Mack|Rock Slide|p1a: Whimsicott
|-end|p1a: Whimsicott|Substitute
|move|p1a: Whimsicott|Psychic|p2a: Christy Mack
|-damage|p2a: Christy Mack|91\/301
|
|-heal|p1a: Whimsicott|244\/261|[from] item: Leftovers
|turn|4
|
|switch|p1a: Hippowdon|Hippowdon, F|420\/420
|-damage|p1a: Hippowdon|394\/420|[from] Stealth Rock
|-weather|Sandstorm
|move|p2a: Christy Mack|Tailwind|p2a: Christy Mack
|-sidestart|p2: ChoiceSpec|move: Tailwind
|
|-weather|Sandstorm|[upkeep]
|turn|5
|
|switch|p1a: Jirachi|Jirachi|341\/341
|-damage|p1a: Jirachi|320\/341|[from] Stealth Rock
|move|p2a: Christy Mack|Taunt|p1a: Jirachi
|-start|p1a: Jirachi|move: Taunt
|
|-weather|Sandstorm|[upkeep]
|turn|6
|
|move|p2a: Christy Mack|Rock Slide|p1a: Jirachi
|-resisted|p1a: Jirachi
|-damage|p1a: Jirachi|266\/341
|cant|p1a: Jirachi|flinch
|
|-weather|Sandstorm|[upkeep]
|turn|7
|
|move|p2a: Christy Mack|Rock Slide|p1a: Jirachi
|-resisted|p1a: Jirachi
|-damage|p1a: Jirachi|212\/341
|cant|p1a: Jirachi|flinch
|
|-weather|Sandstorm|[upkeep]
|-sideend|p2: ChoiceSpec|move: Tailwind
|turn|8
|c|âOFWGKTV|holy dick
|c|âOFWGKTV|honestly
|c|âChoiceSpec|you get a taste of your own medicine you serene gracing milf
|c|âOFWGKTV|i use it for synergy :]
|c|âChoiceSpec|i use it for dicks n shit
|c|âOFWGKTV|yum
|
|move|p1a: Jirachi|Iron Head|p2a: Christy Mack
|-crit|p2a: Christy Mack
|-supereffective|p2a: Christy Mack
|-damage|p2a: Christy Mack|0 fnt
|faint|p2a: Christy Mack
|
|-weather|none
|-end|p1a: Jirachi|move: Taunt
|c|âChoiceSpec|yum indeed my young apprentice.
|c|âOFWGKTV|what a lead
|c|âChoiceSpec|ikr
|
|switch|p2a: Rachel Starr|Tornadus, M|299\/299
|turn|9
|
|move|p2a: Rachel Starr|Tailwind|p2a: Rachel Starr
|-sidestart|p2: ChoiceSpec|move: Tailwind
|move|p1a: Jirachi|Iron Head|p2a: Rachel Starr
|-damage|p2a: Rachel Starr|136\/299
|
|turn|10
|
|switch|p1a: Whimsicott|Whimsicott, F|244\/261
|-damage|p1a: Whimsicott|212\/261|[from] Stealth Rock
|move|p2a: Rachel Starr|Heat Wave|p1a: Whimsicott
|-supereffective|p1a: Whimsicott
|-damage|p1a: Whimsicott|0 fnt
|-damage|p2a: Rachel Starr|107\/299|[from] item: Life Orb
|faint|p1a: Whimsicott
|
|
|switch|p1a: Toxicroak|Toxicroak, M|369\/369
|-damage|p1a: Toxicroak|346\/369|[from] Stealth Rock
|turn|11
|
|switch|p2a: Kendra Lust|Lucario, F|281\/281
|move|p1a: Toxicroak|Power-Up Punch|p2a: Kendra Lust
|-supereffective|p2a: Kendra Lust
|-damage|p2a: Kendra Lust|95\/281
|-boost|p1a: Toxicroak|atk|1
|
|turn|12
|
|move|p1a: Toxicroak|Sucker Punch|p2a: Kendra Lust
|-resisted|p2a: Kendra Lust
|-damage|p2a: Kendra Lust|6\/281
|-boost|p2a: Kendra Lust|atk|1|[from] ability: Justified
|move|p2a: Kendra Lust|Iron Tail|p1a: Toxicroak|[miss]
|-miss|p2a: Kendra Lust|p1a: Toxicroak
|
|-sideend|p2: ChoiceSpec|move: Tailwind
|turn|13
|c|âOFWGKTV|fukdic
|c|âChoiceSpec|wow
|c|âChoiceSpec|kill yourself
|c|âOFWGKTV|LOL
|c|âOFWGKTV|didnt matter
|c|âChoiceSpec|LOL
|c|âChoiceSpec|your defenses are shit
|c|âChoiceSpec|cut yourself
|c|âOFWGKTV|was a roll
|c|âOFWGKTV|im AV
|c|âChoiceSpec|dude
|c|âChoiceSpec|its aphysical attack
|c|âOFWGKTV|so
|c|âChoiceSpec|assault vest does not boost defense
|c|âChoiceSpec|it boosts spedef...
|c|âOFWGKTV|yes it does
|
|switch|p2a: Asa Akira|Whimsicott, F|324\/324
|move|p1a: Toxicroak|Sucker Punch|p2a: Asa Akira
|-fail|p2a: Asa Akira
|
|turn|14
|c|âOFWGKTV|!dt assault vest
|c|~|\/data-item Assault Vest
|raw|<font size="1"><font color=#585858>Fling Base Power:<\/font> 80<\/font>
|c|âOFWGKTV|c
|c|âChoiceSpec|special defense
|c|âChoiceSpec|you fuckwit
|
|switch|p1a: Jirachi|Jirachi|212\/341
|-damage|p1a: Jirachi|191\/341|[from] Stealth Rock
|move|p2a: Asa Akira|Memento|p1a: Jirachi
|-unboost|p1a: Jirachi|atk|2
|-unboost|p1a: Jirachi|spa|2
|faint|p2a: Asa Akira
|
|c|âOFWGKTV|u wukfity
|c|âChoiceSpec|cut yourself
|c|âOFWGKTV|l8r
|
|switch|p2a: Dani Daniels|Medicham, M|261\/261
|turn|15
|
|detailschange|p2a: Dani Daniels|Medicham-Mega, M
|-mega|p2a: Dani Daniels|Medicham|Medichamite
|move|p1a: Jirachi|Iron Head|p2a: Dani Daniels
|-damage|p2a: Dani Daniels|189\/261
|cant|p2a: Dani Daniels|flinch
|
|turn|16
|c|âChoiceSpec|hang yourself your life wont get better
|c|âOFWGKTV|yeh boi
|
|move|p1a: Jirachi|Iron Head|p2a: Dani Daniels
|-damage|p2a: Dani Daniels|114\/261
|cant|p2a: Dani Daniels|flinch
|
|turn|17
|c|âOFWGKTV|coupls more
|
|move|p1a: Jirachi|Iron Head|p2a: Dani Daniels
|-damage|p2a: Dani Daniels|50\/261
|cant|p2a: Dani Daniels|flinch
|
|turn|18
|c|âOFWGKTV|yes :]
|c|âChoiceSpec|ill kill your family
|-message|ChoiceSpec forfeited.
|
|win|OFWGKTV
|raw|Ladder updating...
|leave|ChoiceSpec
|player|p2
|raw|OFWGKTV's rating: 1392 &rarr; <strong>1404<\/strong><br \/>(+12 for winning)
|raw|ChoiceSpec's rating: 1237 &rarr; <strong>1222<\/strong><br \/>(-15 for losing)