|join|ULT xMarth
|join|OFWGKTV
|player|p1|ULT xMarth|153
|player|p2|OFWGKTV|46
|gametype|singles
|gen|6
|tier|UU
|rated
|rule|Sleep Clause Mod: Limit one foe put to sleep
|rule|Species Clause: Limit one of each PokÃ©mon
|rule|OHKO Clause: OHKO moves are banned
|rule|Moody Clause: Moody is banned
|rule|Evasion Moves Clause: Evasion moves are banned
|rule|Endless Battle Clause: Forcing endless battles is banned
|rule|HP Percentage Mod: HP is shown in percentages
|clearpoke
|poke|p1|Cobalion
|poke|p1|Aerodactyl, M
|poke|p1|Celebi
|poke|p1|Qwilfish, M
|poke|p1|Krookodile, F
|poke|p1|Chandelure, M
|poke|p2|Medicham, F
|poke|p2|Whimsicott, F
|poke|p2|Hippowdon, F
|poke|p2|Jirachi
|poke|p2|Raikou, shiny
|poke|p2|Toxicroak, F
|rule|Swagger Clause: Swagger is banned
|rule|Baton Pass Clause: Limit one PokÃ©mon knowing Baton Pass
|teampreview
|join|Steel Scorpion
|
|start
|switch|p1a: Qwilfish|Qwilfish, M|333\/333
|switch|p2a: Jirachi|Jirachi|341\/341
|-ability|p1a: Qwilfish|Intimidate|[of] p2a: Jirachi
|-unboost|p2a: Jirachi|atk|1
|turn|1
|
|move|p2a: Jirachi|Zen Headbutt|p1a: Qwilfish
|-supereffective|p1a: Qwilfish
|-damage|p1a: Qwilfish|183\/333
|move|p1a: Qwilfish|Spikes|p2a: Jirachi
|-sidestart|p2: OFWGKTV|Spikes
|
|-heal|p1a: Qwilfish|203\/333|[from] item: Black Sludge
|turn|2
|
|switch|p1a: Krookodile|Krookodile, F|331\/331
|-ability|p1a: Krookodile|Intimidate|[of] p2a: Jirachi
|-unboost|p2a: Jirachi|atk|1
|move|p2a: Jirachi|Zen Headbutt|p1a: Krookodile
|-immune|p1a: Krookodile|[msg]
|
|turn|3
|
|move|p1a: Krookodile|Pursuit|p2a: Jirachi|[from]Pursuit
|-supereffective|p2a: Jirachi
|-damage|p2a: Jirachi|0 fnt
|faint|p2a: Jirachi
|
|
|switch|p2a: Hippowdon|Hippowdon, F|420\/420
|-damage|p2a: Hippowdon|368\/420|[from] Spikes
|-weather|Sandstorm
|turn|4
|
|switch|p1a: Celebi|Celebi|404\/404
|move|p2a: Hippowdon|Stealth Rock|p1a: Celebi
|-sidestart|p1: ULT xMarth|move: Stealth Rock
|
|-weather|Sandstorm|[upkeep]
|-damage|p1a: Celebi|379\/404|[from] sandstorm
|-heal|p1a: Celebi|404\/404|[from] item: Leftovers
|turn|5
|
|switch|p2a: Whimsicott|Whimsicott, F|261\/261
|-damage|p2a: Whimsicott|229\/261|[from] Spikes
|move|p1a: Celebi|Stealth Rock|p2a: Whimsicott
|-sidestart|p2: OFWGKTV|move: Stealth Rock
|
|-weather|Sandstorm|[upkeep]
|-damage|p2a: Whimsicott|213\/261|[from] sandstorm
|-damage|p1a: Celebi|379\/404|[from] sandstorm
|-heal|p2a: Whimsicott|229\/261|[from] item: Leftovers
|-heal|p1a: Celebi|404\/404|[from] item: Leftovers
|turn|6
|
|move|p2a: Whimsicott|Encore|p1a: Celebi
|-start|p1a: Celebi|Encore
|move|p1a: Celebi|Stealth Rock|p2a: Whimsicott
|-fail|p2a: Whimsicott
|
|-weather|Sandstorm|[upkeep]
|-damage|p2a: Whimsicott|213\/261|[from] sandstorm
|-damage|p1a: Celebi|379\/404|[from] sandstorm
|-heal|p2a: Whimsicott|229\/261|[from] item: Leftovers
|-heal|p1a: Celebi|404\/404|[from] item: Leftovers
|turn|7
|
|switch|p2a: Toxicroak|Toxicroak, F|369\/369
|-damage|p2a: Toxicroak|346\/369|[from] Stealth Rock
|-damage|p2a: Toxicroak|300\/369|[from] Spikes
|switch|p1a: Aerodactyl|Aerodactyl, M|301\/301
|-damage|p1a: Aerodactyl|226\/301|[from] Stealth Rock
|-ability|p1a: Aerodactyl|Pressure
|
|-weather|Sandstorm|[upkeep]
|-damage|p2a: Toxicroak|277\/369|[from] sandstorm
|turn|8
|
|detailschange|p1a: Aerodactyl|Aerodactyl-Mega, M
|-mega|p1a: Aerodactyl|Aerodactyl|Aerodactylite
|move|p2a: Toxicroak|Sucker Punch|p1a: Aerodactyl
|-damage|p1a: Aerodactyl|130\/301
|move|p1a: Aerodactyl|Aerial Ace|p2a: Toxicroak
|-supereffective|p2a: Toxicroak
|-damage|p2a: Toxicroak|0 fnt
|faint|p2a: Toxicroak
|
|-weather|none
|
|switch|p2a: Hippowdon|Hippowdon, F|368\/420
|-damage|p2a: Hippowdon|342\/420|[from] Stealth Rock
|-damage|p2a: Hippowdon|290\/420|[from] Spikes
|-weather|Sandstorm
|turn|9
|
|move|p1a: Aerodactyl|Taunt|p2a: Hippowdon
|-start|p2a: Hippowdon|move: Taunt
|cant|p2a: Hippowdon|move: Taunt|Slack Off
|
|-weather|Sandstorm|[upkeep]
|turn|10
|
|move|p1a: Aerodactyl|Aerial Ace|p2a: Hippowdon
|-damage|p2a: Hippowdon|202\/420
|-damage|p1a: Aerodactyl|80\/301|[from] item: Rocky Helmet|[of] p2a: Hippowdon
|move|p2a: Hippowdon|Earthquake|p1a: Aerodactyl
|-immune|p1a: Aerodactyl|[msg]
|
|-weather|Sandstorm|[upkeep]
|turn|11
|
|move|p1a: Aerodactyl|Aerial Ace|p2a: Hippowdon
|-damage|p2a: Hippowdon|109\/420
|-damage|p1a: Aerodactyl|30\/301|[from] item: Rocky Helmet|[of] p2a: Hippowdon
|move|p2a: Hippowdon|Earthquake|p1a: Aerodactyl
|-immune|p1a: Aerodactyl|[msg]
|
|-weather|Sandstorm|[upkeep]
|-end|p2a: Hippowdon|move: Taunt
|turn|12
|
|switch|p2a: Medicham|Medicham, F|261\/261
|-damage|p2a: Medicham|245\/261|[from] Stealth Rock
|-damage|p2a: Medicham|213\/261|[from] Spikes
|move|p1a: Aerodactyl|Taunt|p2a: Medicham
|-start|p2a: Medicham|move: Taunt
|
|-weather|Sandstorm|[upkeep]
|-damage|p2a: Medicham|197\/261|[from] sandstorm
|turn|13
|
|detailschange|p2a: Medicham|Medicham-Mega, F
|-mega|p2a: Medicham|Medicham|Medichamite
|move|p2a: Medicham|Bullet Punch|p1a: Aerodactyl
|-supereffective|p1a: Aerodactyl
|-damage|p1a: Aerodactyl|0 fnt
|faint|p1a: Aerodactyl
|
|-weather|none
|
|switch|p1a: Qwilfish|Qwilfish, M|203\/333
|-damage|p1a: Qwilfish|162\/333|[from] Stealth Rock
|-ability|p1a: Qwilfish|Intimidate|[of] p2a: Medicham
|-unboost|p2a: Medicham|atk|1
|turn|14
|
|switch|p1a: Celebi|Celebi|404\/404
|-damage|p1a: Celebi|354\/404|[from] Stealth Rock
|move|p2a: Medicham|High Jump Kick|p1a: Celebi
|-resisted|p1a: Celebi
|-damage|p1a: Celebi|221\/404
|
|-heal|p1a: Celebi|246\/404|[from] item: Leftovers
|turn|15
|
|move|p2a: Medicham|Poison Jab|p1a: Celebi
|-supereffective|p1a: Celebi
|-damage|p1a: Celebi|50\/404
|-status|p1a: Celebi|psn
|move|p1a: Celebi|Recover|p1a: Celebi
|-heal|p1a: Celebi|252\/404 psn
|
|-heal|p1a: Celebi|277\/404 psn|[from] item: Leftovers
|-damage|p1a: Celebi|227\/404 psn|[from] psn
|-end|p2a: Medicham|move: Taunt
|turn|16
|
|switch|p1a: Qwilfish|Qwilfish, M|162\/333
|-damage|p1a: Qwilfish|121\/333|[from] Stealth Rock
|-ability|p1a: Qwilfish|Intimidate|[of] p2a: Medicham
|-unboost|p2a: Medicham|atk|1
|move|p2a: Medicham|High Jump Kick|p1a: Qwilfish
|-resisted|p1a: Qwilfish
|-damage|p1a: Qwilfish|35\/333
|
|-heal|p1a: Qwilfish|55\/333|[from] item: Black Sludge
|turn|17
|
|move|p2a: Medicham|Poison Jab|p1a: Qwilfish
|-resisted|p1a: Qwilfish
|-damage|p1a: Qwilfish|22\/333
|move|p1a: Qwilfish|Spikes|p2a: Medicham
|-sidestart|p2: OFWGKTV|Spikes
|
|-heal|p1a: Qwilfish|42\/333|[from] item: Black Sludge
|turn|18
|
|move|p2a: Medicham|High Jump Kick|p1a: Qwilfish
|-resisted|p1a: Qwilfish
|-damage|p1a: Qwilfish|0 fnt
|faint|p1a: Qwilfish
|
|
|switch|p1a: Chandelure|Chandelure, M|289\/289
|-damage|p1a: Chandelure|217\/289|[from] Stealth Rock
|turn|19
|
|switch|p2a: Hippowdon|Hippowdon, F|109\/420
|-damage|p2a: Hippowdon|39\/420|[from] Spikes
|-damage|p2a: Hippowdon|13\/420|[from] Stealth Rock
|-weather|Sandstorm
|move|p1a: Chandelure|Shadow Ball|p2a: Hippowdon
|-damage|p2a: Hippowdon|0 fnt
|-damage|p1a: Chandelure|189\/289|[from] item: Life Orb
|faint|p2a: Hippowdon
|
|-weather|Sandstorm|[upkeep]
|-damage|p1a: Chandelure|171\/289|[from] sandstorm
|join|RowDog
|join|ULT Bob
|
|switch|p2a: Raikou|Raikou, shiny|321\/321
|-damage|p2a: Raikou|268\/321|[from] Spikes
|-damage|p2a: Raikou|228\/321|[from] Stealth Rock
|-ability|p2a: Raikou|Pressure
|turn|20
|
|move|p2a: Raikou|Aura Sphere|p1a: Chandelure
|-immune|p1a: Chandelure|[msg]
|move|p1a: Chandelure|Fire Blast|p2a: Raikou
|-damage|p2a: Raikou|0 fnt
|-damage|p1a: Chandelure|143\/289|[from] item: Life Orb
|faint|p2a: Raikou
|
|-weather|Sandstorm|[upkeep]
|-damage|p1a: Chandelure|125\/289|[from] sandstorm
|c|âOFWGKTV|gg
|c| ULT Bob|rowfgt
|c|âULT xMarth|gg
|
|switch|p2a: Whimsicott|Whimsicott, F|229\/261
|-damage|p2a: Whimsicott|186\/261|[from] Spikes
|-damage|p2a: Whimsicott|154\/261|[from] Stealth Rock
|turn|21
|
|move|p2a: Whimsicott|Substitute|p2a: Whimsicott
|-start|p2a: Whimsicott|Substitute
|-damage|p2a: Whimsicott|89\/261
|move|p1a: Chandelure|Fire Blast|p2a: Whimsicott
|-crit|p2a: Whimsicott
|-supereffective|p2a: Whimsicott
|-end|p2a: Whimsicott|Substitute
|-damage|p1a: Chandelure|97\/289|[from] item: Life Orb
|
|-weather|Sandstorm|[upkeep]
|-damage|p2a: Whimsicott|73\/261|[from] sandstorm
|-damage|p1a: Chandelure|79\/289|[from] sandstorm
|-heal|p2a: Whimsicott|89\/261|[from] item: Leftovers
|turn|22
|c| RowDog|wot?
|c| ULT Bob|hi
|
|move|p2a: Whimsicott|Substitute|p2a: Whimsicott
|-start|p2a: Whimsicott|Substitute
|-damage|p2a: Whimsicott|24\/261
|move|p1a: Chandelure|Shadow Ball|p2a: Whimsicott
|-end|p2a: Whimsicott|Substitute
|-damage|p1a: Chandelure|51\/289|[from] item: Life Orb
|
|-weather|Sandstorm|[upkeep]
|-damage|p2a: Whimsicott|8\/261|[from] sandstorm
|-damage|p1a: Chandelure|33\/289|[from] sandstorm
|-heal|p2a: Whimsicott|24\/261|[from] item: Leftovers
|turn|23
|c| ULT Bob|is this sub split
|
|move|p2a: Whimsicott|Psychic|p1a: Chandelure
|-damage|p1a: Chandelure|0 fnt
|faint|p1a: Chandelure
|
|-weather|none
|-heal|p2a: Whimsicott|40\/261|[from] item: Leftovers
|c|âULT xMarth|yea
|c| ULT Bob|old af set
|
|switch|p1a: Cobalion|Cobalion|323\/323
|-damage|p1a: Cobalion|313\/323|[from] Stealth Rock
|turn|24
|c| ULT Bob|never see it anymore
|c|âULT xMarth|still awesome tho
|c|âULT xMarth|im bringing it back
|
|move|p2a: Whimsicott|Leech Seed|p1a: Cobalion
|-start|p1a: Cobalion|move: Leech Seed
|move|p1a: Cobalion|Iron Head|p2a: Whimsicott
|-supereffective|p2a: Whimsicott
|-damage|p2a: Whimsicott|0 fnt
|faint|p2a: Whimsicott
|
|-heal|p1a: Cobalion|323\/323|[from] item: Leftovers
|
|switch|p2a: Medicham|Medicham-Mega, F|197\/261
|-damage|p2a: Medicham|181\/261|[from] Stealth Rock
|-damage|p2a: Medicham|138\/261|[from] Spikes
|turn|25
|
|move|p2a: Medicham|Fake Out|p1a: Cobalion
|-resisted|p1a: Cobalion
|-damage|p1a: Cobalion|290\/323
|cant|p1a: Cobalion|flinch
|
|-heal|p1a: Cobalion|310\/323|[from] item: Leftovers
|-damage|p1a: Cobalion|270\/323|[from] Leech Seed|[of] p2a: Medicham
|-heal|p2a: Medicham|178\/261|[silent]
|turn|26
|c| RowDog|I said that b4 too aha
|
|switch|p1a: Krookodile|Krookodile, F|331\/331
|-damage|p1a: Krookodile|311\/331|[from] Stealth Rock
|-ability|p1a: Krookodile|Intimidate|[of] p2a: Medicham
|-unboost|p2a: Medicham|atk|1
|move|p2a: Medicham|High Jump Kick|p1a: Krookodile
|-supereffective|p1a: Krookodile
|-damage|p1a: Krookodile|0 fnt
|faint|p1a: Krookodile
|
|c| ULT Bob|does medicham win if it has ice punch
|c|âULT xMarth|it has pjab
|c| ULT Bob|oh
|c| ULT Bob|the fk
|c| RowDog|It losees if it misses kick :)
|
|switch|p1a: Cobalion|Cobalion|270\/323
|-damage|p1a: Cobalion|260\/323|[from] Stealth Rock
|turn|27
|c|âOFWGKTV|u speed or def
|c| ULT Bob|pjab isnt even good on it
|
|move|p1a: Cobalion|Substitute|p1a: Cobalion
|-start|p1a: Cobalion|Substitute
|-damage|p1a: Cobalion|180\/323
|move|p2a: Medicham|High Jump Kick|p1a: Cobalion
|-supereffective|p1a: Cobalion
|-end|p1a: Cobalion|Substitute
|
|-heal|p1a: Cobalion|200\/323|[from] item: Leftovers
|turn|28
|c| RowDog|Or Iron Head flinch
|c|âOFWGKTV|^
|
|move|p1a: Cobalion|Substitute|p1a: Cobalion
|-start|p1a: Cobalion|Substitute
|-damage|p1a: Cobalion|120\/323
|move|p2a: Medicham|High Jump Kick|p1a: Cobalion
|-supereffective|p1a: Cobalion
|-end|p1a: Cobalion|Substitute
|
|-heal|p1a: Cobalion|140\/323|[from] item: Leftovers
|turn|29
|
|move|p1a: Cobalion|Substitute|p1a: Cobalion
|-start|p1a: Cobalion|Substitute
|-damage|p1a: Cobalion|60\/323
|move|p2a: Medicham|High Jump Kick|p1a: Cobalion
|-crit|p1a: Cobalion
|-supereffective|p1a: Cobalion
|-end|p1a: Cobalion|Substitute
|
|-heal|p1a: Cobalion|80\/323|[from] item: Leftovers
|turn|30
|c|âOFWGKTV|faze medicham
|
|move|p1a: Cobalion|Iron Head|p2a: Medicham
|-crit|p2a: Medicham
|-damage|p2a: Medicham|1\/261
|move|p2a: Medicham|High Jump Kick|p1a: Cobalion
|-supereffective|p1a: Cobalion
|-damage|p1a: Cobalion|0 fnt
|faint|p1a: Cobalion
|
|c|âOFWGKTV|ooh baby
|c| ULT Bob|lmoa
|c| RowDog|lol
|
|switch|p1a: Celebi|Celebi|227\/404
|-damage|p1a: Celebi|177\/404|[from] Stealth Rock
|turn|31
|
|move|p2a: Medicham|Poison Jab|p1a: Celebi
|-supereffective|p1a: Celebi
|-damage|p1a: Celebi|0 fnt
|faint|p1a: Celebi
|
|win|OFWGKTV
|raw|Ladder updating...
|raw|ULT xMarth's rating: 1552 &rarr; <strong>1525<\/strong><br \/>(-27 for losing)
|raw|OFWGKTV's rating: 1431 &rarr; <strong>1457<\/strong><br \/>(+26 for winning)
|c|âOFWGKTV|holy shizz
|leave|ULT xMarth
|player|p1
|c|âOFWGKTV|gg
|c| RowDog|Speedy bi where?
|c| RowDog|SP where?
|leave|ULT Bob
|c|âOFWGKTV|he choked
|leave|RowDog