|join|Vaporeon for Ubers
|join|Here to Stay
|player|p1|Vaporeon for Ubers|167
|player|p2|Here to Stay|102
|gametype|singles
|gen|6
|tier|OU
|rated
|clearpoke
|poke|p1|Alakazam, F
|poke|p1|Heatran, F
|poke|p1|Keldeo
|poke|p1|Mew
|poke|p1|Skarmory, F
|poke|p1|Terrakion
|poke|p2|Excadrill, F
|poke|p2|Talonflame, M
|poke|p2|Heatran, F
|poke|p2|Thundurus, M
|poke|p2|Azumarill, F
|poke|p2|Gyarados, M
|rule|Swagger Clause: Swagger is banned
|rule|Baton Pass Clause: Limit one PokÃ©mon knowing Baton Pass
|rule|Sleep Clause Mod: Limit one foe put to sleep
|rule|Species Clause: Limit one of each PokÃ©mon
|rule|OHKO Clause: OHKO moves are banned
|rule|Moody Clause: Moody is banned
|rule|Evasion Moves Clause: Evasion moves are banned
|rule|Endless Battle Clause: Forcing endless battles is banned
|rule|HP Percentage Mod: HP is shown in percentages
|teampreview
|c|âVaporeon for Ubers|gl hf
|c|âHere to Stay|you too
|join|teamsnickers
|
|start
|switch|p1a: Mew|Mew|404\/404
|switch|p2a: Azumarill|Azumarill, F|342\/342
|turn|1
|c| teamsnickers|da fuck ru vsing
|c|âVaporeon for Ubers|what
|c| teamsnickers|lol
|c| teamsnickers|that taem he has
|c|âVaporeon for Ubers|the team looks pretty standard
|
|switch|p2a: Heatran|Heatran, F|323\/323
|-item|p2a: Heatran|Air Balloon
|move|p1a: Mew|Knock Off|p2a: Heatran
|-damage|p2a: Heatran|251\/323
|-enditem|p2a: Heatran|Air Balloon
|
|turn|2
|c| teamsnickers|i havnt seen talon
|c| teamsnickers|in forever
|c|âVaporeon for Ubers|I dont see the issue with it
|
|move|p2a: Heatran|Taunt|p1a: Mew
|-start|p1a: Mew|move: Taunt
|cant|p1a: Mew|move: Taunt|Taunt
|
|turn|3
|c|âVaporeon for Ubers|woah
|c|âVaporeon for Ubers|that's a 
|c|âVaporeon for Ubers|fast heatran
|c| teamsnickers|vapo
|c| teamsnickers|how much speed od u run
|
|switch|p1a: Keldeo|Keldeo|323\/323
|move|p2a: Heatran|Stealth Rock|p1a: Keldeo
|-sidestart|p1: Vaporeon for Ubers|move: Stealth Rock
|
|turn|4
|c| teamsnickers|whena  tran outpseeds ya
|c|âVaporeon for Ubers|108
|c| teamsnickers|lol
|
|switch|p2a: Azumarill|Azumarill, F|342\/342
|move|p1a: Keldeo|Hidden Power|p2a: Azumarill
|-supereffective|p2a: Azumarill
|-damage|p2a: Azumarill|92\/342
|-enditem|p2a: Azumarill|Sitrus Berry|[eat]
|-heal|p2a: Azumarill|177\/342|[from] item: Sitrus Berry
|
|turn|5
|c|âVaporeon for Ubers|ayo
|c| teamsnickers|hp grass
|c|âHere to Stay|that is so hp elec haha
|
|switch|p2a: Heatran|Heatran, F|251\/323
|move|p1a: Keldeo|Hidden Power|p2a: Heatran
|-damage|p2a: Heatran|141\/323
|
|turn|6
|
|move|p1a: Keldeo|Hidden Power|p2a: Heatran
|-damage|p2a: Heatran|33\/323
|move|p2a: Heatran|Earth Power|p1a: Keldeo
|-damage|p1a: Keldeo|216\/323
|
|turn|7
|
|switch|p2a: Thundurus|Thundurus, M|300\/300
|move|p1a: Keldeo|Hidden Power|p2a: Thundurus
|-damage|p2a: Thundurus|175\/300
|
|turn|8
|
|switch|p1a: Mew|Mew|404\/404
|-damage|p1a: Mew|354\/404|[from] Stealth Rock
|move|p2a: Thundurus|Thunderbolt|p1a: Mew
|-damage|p1a: Mew|181\/404
|-status|p1a: Mew|par
|-damage|p2a: Thundurus|145\/300|[from] item: Life Orb
|
|-heal|p1a: Mew|206\/404 par|[from] item: Leftovers
|turn|9
|join|S A R A H P O D
|c|âVaporeon for Ubers|welp
|c| S A R A H P O D|that dude IS here to stay
|c|âVaporeon for Ubers|ikr
|
|move|p2a: Thundurus|Thunderbolt|p1a: Mew
|-damage|p1a: Mew|38\/404 par
|-damage|p2a: Thundurus|115\/300|[from] item: Life Orb
|move|p1a: Mew|Roost|p1a: Mew
|-heal|p1a: Mew|240\/404 par
|
|-heal|p1a: Mew|265\/404 par|[from] item: Leftovers
|turn|10
|
|move|p2a: Thundurus|Nasty Plot|p2a: Thundurus
|-boost|p2a: Thundurus|spa|2
|cant|p1a: Mew|par
|
|-heal|p1a: Mew|290\/404 par|[from] item: Leftovers
|turn|11
|c|âVaporeon for Ubers|welp
|c| S A R A H P O D|gg
|c| S A R A H P O D|imo
|c| teamsnickers|haaa
|
|move|p2a: Thundurus|Thunderbolt|p1a: Mew
|-damage|p1a: Mew|0 fnt
|-damage|p2a: Thundurus|85\/300|[from] item: Life Orb
|faint|p1a: Mew
|
|c|âVaporeon for Ubers|i-i went for knock off too
|c| teamsnickers|if hes scarf ter
|c| teamsnickers|vapo
|c| teamsnickers|pls tell me your scarf
|
|switch|p1a: Heatran|Heatran, F|386\/386
|-damage|p1a: Heatran|338\/386|[from] Stealth Rock
|turn|12
|
|switch|p2a: Heatran|Heatran, F|33\/323
|move|p1a: Heatran|Lava Plume|p2a: Heatran
|-start|p2a: Heatran|ability: Flash Fire
|
|-heal|p1a: Heatran|362\/386|[from] item: Leftovers
|turn|13
|c| S A R A H P O D|PREDICTIONS!!!11!!!11!!!!11!!!!11!1!!111!111!!!1
|c|âVaporeon for Ubers|pls
|
|switch|p1a: Alakazam|Alakazam, F|252\/252
|move|p2a: Heatran|Earth Power|p1a: Alakazam
|-damage|p1a: Alakazam|137\/252
|
|turn|14
|
|switch|p2a: Excadrill|Excadrill, F|362\/362
|-ability|p2a: Excadrill|Mold Breaker
|detailschange|p1a: Alakazam|Alakazam-Mega, F
|message|Alakazam has Mega Evolved into Mega Alakazam!
|-ability|p1a: Alakazam|Mold Breaker|[from] ability: Trace|[of] p2a: Excadrill
|-ability|p1a: Alakazam|Mold Breaker
|move|p1a: Alakazam|Psyshock|p2a: Excadrill
|-resisted|p2a: Excadrill
|-damage|p2a: Excadrill|209\/362
|
|turn|15
|c|âVaporeon for Ubers|this is a bully free zone
|c| teamsnickers|lol
|
|switch|p2a: Heatran|Heatran, F|33\/323
|switch|p1a: Skarmory|Skarmory, F|334\/334
|-damage|p1a: Skarmory|293\/334|[from] Stealth Rock
|
|turn|16
|c| teamsnickers|**rekkkk**
|c|âVaporeon for Ubers|plume when
|c|âVaporeon for Ubers|i mean
|c|âVaporeon for Ubers|ep when*
|
|switch|p1a: Keldeo|Keldeo|216\/323
|-damage|p1a: Keldeo|196\/323|[from] Stealth Rock
|move|p2a: Heatran|Fire Blast|p1a: Keldeo
|-resisted|p1a: Keldeo
|-damage|p1a: Keldeo|81\/323
|
|turn|17
|c|âVaporeon for Ubers|o bb
|c| teamsnickers|f blast
|c| teamsnickers|**is htis scarf**
|c| teamsnickers|**IS THIS SCARF**
|c|âVaporeon for Ubers|snickers pls
|c|âVaporeon for Ubers|it's fucking
|c|âVaporeon for Ubers|air balloon
|c|âVaporeon for Ubers|lmoa
|c| teamsnickers|oh
|
|move|p1a: Keldeo|Scald|p2a: Heatran
|-supereffective|p2a: Heatran
|-damage|p2a: Heatran|0 fnt
|faint|p2a: Heatran
|
|c| teamsnickers|lol i wanst paying attention helpin my dad
|c| teamsnickers|and watching rutgers choke vs fucking howard
|c|âVaporeon for Ubers|diggersby though
|
|switch|p2a: Azumarill|Azumarill, F|177\/342
|turn|18
|
|switch|p1a: Skarmory|Skarmory, F|293\/334
|-damage|p1a: Skarmory|252\/334|[from] Stealth Rock
|move|p2a: Azumarill|Play Rough|p1a: Skarmory
|-resisted|p1a: Skarmory
|-damage|p1a: Skarmory|204\/334
|-damage|p2a: Azumarill|120\/342|[from] item: Rocky Helmet|[of] p1a: Skarmory
|
|turn|19
|
|move|p2a: Azumarill|Superpower|p1a: Skarmory
|-damage|p1a: Skarmory|120\/334
|-damage|p2a: Azumarill|63\/342|[from] item: Rocky Helmet|[of] p1a: Skarmory
|-unboost|p2a: Azumarill|atk|1
|-unboost|p2a: Azumarill|def|1
|move|p1a: Skarmory|Defog|p2a: Azumarill
|-unboost|p2a: Azumarill|evasion|1
|-sideend|p1: Vaporeon for Ubers|Stealth Rock|[from] move: Defog|[of] p1a: Skarmory
|
|turn|20
|
|switch|p2a: Thundurus|Thundurus, M|85\/300
|move|p1a: Skarmory|Roost|p1a: Skarmory
|-heal|p1a: Skarmory|287\/334
|
|turn|21
|c| teamsnickers|btw vapo why hp grass
|c| teamsnickers|instead of hp flying
|c|âVaporeon for Ubers|hp electric
|c|âVaporeon for Ubers|lmop
|c|âVaporeon for Ubers|bc
|c|âVaporeon for Ubers|i have skarm and aka
|c| teamsnickers|hp electric.
|c|âVaporeon for Ubers|ala*
|c|âVaporeon for Ubers|and tran
|c|âVaporeon for Ubers|for venu
|
|switch|p1a: Heatran|Heatran, F|362\/386
|move|p2a: Thundurus|Thunderbolt|p1a: Heatran
|-damage|p1a: Heatran|216\/386
|-damage|p2a: Thundurus|55\/300|[from] item: Life Orb
|
|-heal|p1a: Heatran|240\/386|[from] item: Leftovers
|turn|22
|c|âVaporeon for Ubers|im really not that worried about it
|
|move|p2a: Thundurus|Focus Blast|p1a: Heatran
|-supereffective|p1a: Heatran
|-damage|p1a: Heatran|0 fnt
|-damage|p2a: Thundurus|25\/300|[from] item: Life Orb
|faint|p1a: Heatran
|
|
|switch|p1a: Alakazam|Alakazam-Mega, F|137\/252
|-ability|p1a: Alakazam|Prankster|[from] ability: Trace|[of] p2a: Thundurus
|turn|23
|c|âVaporeon for Ubers|O BB
|c|âVaporeon for Ubers|prankster alakazam
|
|switch|p2a: Azumarill|Azumarill, F|63\/342
|move|p1a: Alakazam|Psyshock|p2a: Azumarill
|-damage|p2a: Azumarill|0 fnt
|faint|p2a: Azumarill
|
|c|âVaporeon for Ubers|i dont think youre ready
|join|LzrGunPewPew
|
|switch|p2a: Gyarados|Gyarados, M|332\/332
|-ability|p2a: Gyarados|Intimidate|[of] p1a: Alakazam
|-unboost|p1a: Alakazam|atk|1
|turn|24
|
|switch|p1a: Skarmory|Skarmory, F|287\/334
|move|p2a: Gyarados|Dragon Dance|p2a: Gyarados
|-boost|p2a: Gyarados|atk|1
|-boost|p2a: Gyarados|spe|1
|
|turn|25
|
|switch|p1a: Keldeo|Keldeo|81\/323
|detailschange|p2a: Gyarados|Gyarados-Mega, M
|message|Gyarados has Mega Evolved into Mega Gyarados!
|-ability|p2a: Gyarados|Mold Breaker
|move|p2a: Gyarados|Waterfall|p1a: Keldeo
|-resisted|p1a: Keldeo
|-damage|p1a: Keldeo|0 fnt
|faint|p1a: Keldeo
|
|
|switch|p1a: Terrakion|Terrakion|323\/323
|turn|26
|
|switch|p2a: Talonflame|Talonflame, M|298\/298
|move|p1a: Terrakion|Close Combat|p2a: Talonflame
|-resisted|p2a: Talonflame
|-damage|p2a: Talonflame|151\/298
|-unboost|p1a: Terrakion|def|1
|-unboost|p1a: Terrakion|spd|1
|
|turn|27
|
|switch|p1a: Alakazam|Alakazam-Mega, F|137\/252
|-ability|p1a: Alakazam|Gale Wings|[from] ability: Trace|[of] p2a: Talonflame
|switch|p2a: Thundurus|Thundurus, M|25\/300
|
|turn|28
|
|move|p1a: Alakazam|Shadow Ball|p2a: Thundurus
|-damage|p2a: Thundurus|0 fnt
|faint|p2a: Thundurus
|
|
|switch|p2a: Excadrill|Excadrill, F|209\/362
|-ability|p2a: Excadrill|Mold Breaker
|turn|29
|
|switch|p2a: Talonflame|Talonflame, M|151\/298
|switch|p1a: Skarmory|Skarmory, F|287\/334
|
|turn|30
|
|switch|p1a: Alakazam|Alakazam-Mega, F|137\/252
|-ability|p1a: Alakazam|Gale Wings|[from] ability: Trace|[of] p2a: Talonflame
|move|p2a: Talonflame|Flare Blitz|p1a: Alakazam
|-damage|p1a: Alakazam|0 fnt
|-damage|p2a: Talonflame|106\/298|[from] recoil|[of] p1a: Alakazam
|faint|p1a: Alakazam
|
|
|switch|p1a: Terrakion|Terrakion|323\/323
|turn|31
|
|switch|p2a: Excadrill|Excadrill, F|209\/362
|-ability|p2a: Excadrill|Mold Breaker
|move|p1a: Terrakion|Close Combat|p2a: Excadrill
|-supereffective|p2a: Excadrill
|-damage|p2a: Excadrill|0 fnt
|-unboost|p1a: Terrakion|def|1
|-unboost|p1a: Terrakion|spd|1
|faint|p2a: Excadrill
|
|
|switch|p2a: Talonflame|Talonflame, M|106\/298
|turn|32
|
|switch|p1a: Skarmory|Skarmory, F|287\/334
|move|p2a: Talonflame|Brave Bird|p1a: Skarmory
|-resisted|p1a: Skarmory
|-damage|p1a: Skarmory|218\/334
|-damage|p2a: Talonflame|57\/298|[from] item: Rocky Helmet|[of] p1a: Skarmory
|-damage|p2a: Talonflame|34\/298|[from] recoil|[of] p1a: Skarmory
|
|turn|33
|
|switch|p1a: Terrakion|Terrakion|323\/323
|move|p2a: Talonflame|Brave Bird|p1a: Terrakion
|-damage|p1a: Terrakion|79\/323
|-damage|p2a: Talonflame|0 fnt|[from] recoil|[of] p1a: Terrakion
|faint|p2a: Talonflame
|
|c|âVaporeon for Ubers|gg
|c|âHere to Stay|gg
|-message|Here to Stay forfeited.
|
|win|Vaporeon for Ubers
|raw|Ladder updating...
|leave|Here to Stay
|player|p2
|raw|Vaporeon for Ubers's rating: 1753 &rarr; <strong>1777<\/strong><br \/>(+24 for winning)
|raw|Here to Stay's rating: 1820 &rarr; <strong>1796<\/strong><br \/>(-24 for losing)
|c| LzrGunPewPew|predictions\/10
|c|âVaporeon for Ubers|that was a solid game
|c|âVaporeon for Ubers|tbqh
|leave|LzrGunPewPew