|join|Here to Stay
|join|gyarad0site
|player|p1|Here to Stay|170
|player|p2|gyarad0site|195
|gametype|singles
|gen|6
|tier|OU
|clearpoke
|poke|p1|Talonflame, F
|poke|p1|Mawile, F
|poke|p1|Mamoswine, F
|poke|p1|Keldeo
|poke|p1|Latios, M
|poke|p1|Landorus, M
|poke|p2|Latias, F
|poke|p2|Keldeo
|poke|p2|Mawile, M
|poke|p2|Raikou
|poke|p2|Landorus-Therian, M
|poke|p2|Talonflame, M
|rule|Swagger Clause: Swagger is banned
|rule|Baton Pass Clause: Limit one PokÃ©mon knowing Baton Pass
|rule|Sleep Clause Mod: Limit one foe put to sleep
|rule|Species Clause: Limit one of each PokÃ©mon
|rule|OHKO Clause: OHKO moves are banned
|rule|Moody Clause: Moody is banned
|rule|Evasion Moves Clause: Evasion moves are banned
|rule|Endless Battle Clause: Forcing endless battles is banned
|rule|HP Percentage Mod: HP is reported as percentages
|teampreview
|chat|gyarad0site|ah your team is threats on threats
|chat|Here to Stay|yeah
|chat|Here to Stay|one small twist
|
|start
|switch|p1a: Mamoswine|Mamoswine, F|361\/361
|switch|p2a: 1x max revive|Latias, F|305\/305
|turn|1
|chat|gyarad0site|harumph
|
|switch|p1a: Mawile|Mawile, F|243\/243
|-ability|p1a: Mawile|Intimidate|[of] p2a: 1x max revive
|-unboost|p2a: 1x max revive|atk|1
|move|p2a: 1x max revive|Trick|p1a: Mawile
|-fail|p1a: Mawile
|
|turn|2
|chat|gyarad0site|ah what
|
|switch|p2a: caesar|Landorus-Therian, M|325\/325
|-ability|p2a: caesar|Intimidate|[of] p1a: Mawile
|-unboost|p1a: Mawile|atk|1
|detailschange|p1a: Mawile|Mawile-Mega, F
|message|Mawile has Mega Evolved into Mega Mawile!
|move|p1a: Mawile|Play Rough|p2a: caesar
|-damage|p2a: caesar|108\/325
|
|turn|3
|
|switch|p1a: Latios|Latios, M|302\/302
|move|p2a: caesar|Stealth Rock|p1a: Latios
|-sidestart|p1: Here to Stay|move: Stealth Rock
|
|turn|4
|join|Call me Trice
|
|move|p1a: Latios|Psyshock|p2a: caesar
|-damage|p2a: caesar|0 fnt
|-damage|p1a: Latios|272\/302|[from] item: Life Orb
|faint|p2a: caesar
|
|chat|Call me Trice|wpw u didnt tell me
|
|switch|p2a: chomper mk2|Mawile, M|274\/274
|-ability|p2a: chomper mk2|Intimidate|[of] p1a: Latios
|-unboost|p1a: Latios|atk|1
|turn|5
|chat|Here to Stay|yeah sorry this isnt a ladder tho
|chat|Here to Stay|its a test
|chat|Call me Trice|o
|
|detailschange|p2a: chomper mk2|Mawile-Mega, M
|message|Mawile has Mega Evolved into Mega Mawile!
|move|p1a: Latios|Defog|p2a: chomper mk2
|-unboost|p2a: chomper mk2|evasion|1
|-sideend|p1: Here to Stay|Stealth Rock|[from] move: Defog|[of] p1a: Latios
|move|p2a: chomper mk2|Substitute|p2a: chomper mk2
|-start|p2a: chomper mk2|Substitute
|-damage|p2a: chomper mk2|206\/274
|
|turn|6
|
|move|p2a: chomper mk2|Sucker Punch|p1a: Latios
|-supereffective|p1a: Latios
|-damage|p1a: Latios|0 fnt
|faint|p1a: Latios
|
|join|FARTSTRAVAGANZA
|
|switch|p1a: Landorus|Landorus, M|320\/320
|turn|7
|
|move|p1a: Landorus|Earth Power|p2a: chomper mk2
|-supereffective|p2a: chomper mk2
|-end|p2a: chomper mk2|Substitute
|move|p2a: chomper mk2|Play Rough|p1a: Landorus
|-damage|p1a: Landorus|0 fnt
|faint|p1a: Landorus
|
|
|switch|p1a: Mamoswine|Mamoswine, F|361\/361
|turn|8
|
|-singleturn|p2a: chomper mk2|move: Focus Punch
|move|p1a: Mamoswine|Earthquake|p2a: chomper mk2
|-supereffective|p2a: chomper mk2
|-damage|p2a: chomper mk2|0 fnt
|-damage|p1a: Mamoswine|325\/361|[from] item: Life Orb
|faint|p2a: chomper mk2
|
|
|switch|p2a: ezekial|Keldeo|323\/323
|turn|9
|
|switch|p1a: Keldeo|Keldeo|323\/323
|move|p2a: ezekial|Scald|p1a: Keldeo
|-resisted|p1a: Keldeo
|-damage|p1a: Keldeo|209\/323
|-damage|p2a: ezekial|291\/323|[from] item: Life Orb
|
|turn|10
|
|move|p1a: Keldeo|Icy Wind|p2a: ezekial
|-resisted|p2a: ezekial
|-damage|p2a: ezekial|238\/323
|-unboost|p2a: ezekial|spe|1
|move|p2a: ezekial|Secret Sword|p1a: Keldeo
|-crit|p1a: Keldeo
|-damage|p1a: Keldeo|0 fnt
|-damage|p2a: ezekial|206\/323|[from] item: Life Orb
|faint|p1a: Keldeo
|
|chat|FARTSTRAVAGANZA|nb jin
|
|switch|p1a: Mamoswine|Mamoswine, F|325\/361
|turn|11
|chat|gyarad0site|p bad tho
|chat|gyarad0site|because now this
|chat|gyarad0site|lol
|chat|FARTSTRAVAGANZA|although that took no skill
|chat|FARTSTRAVAGANZA|at all
|chat|gyarad0site|sh
|chat|FARTSTRAVAGANZA|looool
|chat|gyarad0site|i mean the crit didn't matter o.o
|
|switch|p2a: 1x max revive|Latias, F|305\/305
|move|p1a: Mamoswine|Stealth Rock|p2a: 1x max revive
|-sidestart|p2: gyarad0site|move: Stealth Rock
|
|turn|12
|
|switch|p1a: Mawile|Mawile-Mega, F|243\/243
|move|p2a: 1x max revive|Healing Wish|p2a: 1x max revive
|faint|p2a: 1x max revive
|
|
|switch|p2a: ezekial|Keldeo|206\/323
|-heal|p2a: ezekial|323\/323|[from] move: Healing Wish
|-damage|p2a: ezekial|303\/323|[from] Stealth Rock
|turn|13
|chat|FARTSTRAVAGANZA|you timid prob
|chat|FARTSTRAVAGANZA|so it did matter 
|chat|FARTSTRAVAGANZA|see
|chat|FARTSTRAVAGANZA|252 SpA Life Orb Keldeo Secret Sword vs. 0 HP \/ 0 Def Keldeo: 199-234 (61.6 - 72.4%) -- guaranteed 2HKO
|chat|FARTSTRAVAGANZA|he had a slight chance
|chat|gyarad0site|no modest
|chat|FARTSTRAVAGANZA|you did 65 %
|chat|FARTSTRAVAGANZA|oh
|chat|gyarad0site|66% min
|chat|gyarad0site|but anyway i dun goofed
|leave|FARTSTRAVAGANZA
|chat|FARTSTRAVAGANZA|66.8 min
|chat|Call me Trice|i suck dicks
|chat|Call me Trice|YAY!
|chat|Call me Trice|LP!OLO!L!
|chat|Here to Stay|hmm
|chat|gyarad0site|nah i dun goofed
|chat|Here to Stay|im gonna have to guess this isnt him
|chat|gyarad0site|i only have a 25% to pull through lol
|chat|Here to Stay|nah
|join|FARTSTRAVAGANZA
|
|switch|p1a: Mamoswine|Mamoswine, F|325\/361
|move|p2a: ezekial|Hydro Pump|p1a: Mamoswine
|-supereffective|p1a: Mamoswine
|-damage|p1a: Mamoswine|0 fnt
|-damage|p2a: ezekial|271\/323|[from] item: Life Orb
|faint|p1a: Mamoswine
|
|chat|gyarad0site|o:
|
|switch|p1a: Talonflame|Talonflame, F|298\/298
|turn|14
|chat|FARTSTRAVAGANZA|predict raikou and be real
|chat|FARTSTRAVAGANZA|with fb
|chat|Here to Stay|sure
|chat|FARTSTRAVAGANZA|i just turn the tables with a 50 50
|chat|gyarad0site|lol
|chat|FARTSTRAVAGANZA|and he switches in the talonflmae lol
|chat|FARTSTRAVAGANZA|to eat up the hit
|
|move|p1a: Talonflame|Tailwind|p1a: Talonflame
|-sidestart|p1: Here to Stay|move: Tailwind
|move|p2a: ezekial|Scald|p1a: Talonflame
|-supereffective|p1a: Talonflame
|-damage|p1a: Talonflame|0 fnt
|-damage|p2a: ezekial|239\/323|[from] item: Life Orb
|faint|p1a: Talonflame
|
|chat|FARTSTRAVAGANZA|thats a 33 33 33
|chat|FARTSTRAVAGANZA|nvm
|
|switch|p1a: Mawile|Mawile-Mega, F|243\/243
|turn|15
|chat|gyarad0site|s'okay
|
|move|p1a: Mawile|Play Rough|p2a: ezekial|[miss]
|-miss|p1a: Mawile|p2a: ezekial
|move|p2a: ezekial|Scald|p1a: Mawile
|-damage|p1a: Mawile|36\/243
|-status|p1a: Mawile|brn
|-damage|p2a: ezekial|207\/323|[from] item: Life Orb
|
|-damage|p1a: Mawile|6\/243 brn|[from] brn
|turn|16
|chat|FARTSTRAVAGANZA|hts is not real
|chat|Call me Trice|omg
|chat|gyarad0site|.
|chat|FARTSTRAVAGANZA|lol
|chat|gyarad0site|sorry
|chat|gyarad0site|lol
|chat|Here to Stay|haha its cool
|chat|FARTSTRAVAGANZA|gg
|chat|gyarad0site|that's shit
|chat|Here to Stay|gg
|
|move|p1a: Mawile|Swords Dance|p1a: Mawile
|-boost|p1a: Mawile|atk|2
|move|p2a: ezekial|Scald|p1a: Mawile
|-damage|p1a: Mawile|0 fnt
|-damage|p2a: ezekial|175\/323|[from] item: Life Orb
|faint|p1a: Mawile
|
|win|gyarad0site
|chat|gyarad0site|but 
|chat|FARTSTRAVAGANZA|loooooool
|leave|Call me Trice
|chat|gyarad0site|talon was BU wisp
|chat|Here to Stay|bu?
|chat|FARTSTRAVAGANZA|wow jin
|chat|gyarad0site|bulk up
|chat|FARTSTRAVAGANZA|bulk up
|chat|Here to Stay|would play rough not ohko
|chat|FARTSTRAVAGANZA|you luv bu flame
|chat|gyarad0site|no sir
|chat|Here to Stay|after rocks
|chat|gyarad0site|prio roost
|chat|gyarad0site|:]
|chat|gyarad0site|but meh
|chat|gyarad0site|was gg
|chat|Here to Stay|it'd have been close
|chat|Here to Stay|gg
|chat|FARTSTRAVAGANZA|you live a scarf ttar stone edge if you burn it 
|leave|Here to Stay
|chat|FARTSTRAVAGANZA|that has jolly
|chat|Here to Stay|ah ok
|chat|Here to Stay|then not
|player|p1