|join|Here to Stay
|join|stinkki shark
|player|p1|Here to Stay|148
|player|p2|stinkki shark|184
|gametype|singles
|gen|6
|tier|OU
|clearpoke
|poke|p1|Hippowdon, F
|poke|p1|Aegislash, F
|poke|p1|Latios, M
|poke|p1|Scizor, M
|poke|p1|Suicune
|poke|p1|Thundurus, M
|poke|p2|Deoxys-Defense
|poke|p2|Bisharp, M
|poke|p2|Thundurus, M
|poke|p2|Keldeo
|poke|p2|Pinsir, F
|poke|p2|Mamoswine, M
|rule|Sleep Clause Mod: Limit one foe put to sleep
|rule|Species Clause: Limit one of each Pokemon
|rule|OHKO Clause: OHKO moves are banned
|rule|Moody Clause: Moody is banned
|rule|Evasion Moves Clause: Evasion moves are banned
|rule|Endless Battle Clause: Forcing endless battles is banned.
|rule|HP Percentage Mod: HP is reported as percentages
|teampreview
|chat|stinkki shark|he became #1 with it
|
|start
|switch|p1a: Aegislash|Aegislash, F|321\/321
|switch|p2a: Bisharp|Bisharp, M|271\/271
|turn|1
|chat|Here to Stay|mhm
|
|switch|p1a: Scizor|Scizor, M|281\/281
|move|p2a: Bisharp|Swords Dance|p2a: Bisharp
|-boost|p2a: Bisharp|atk|2
|
|turn|2
|
|-formechange|p1a: Scizor|Scizor-Mega
|message|Scizor has Mega Evolved into Mega Scizor!
|move|p2a: Bisharp|Sucker Punch|p1a: Scizor
|-fail|p1a: Scizor
|move|p1a: Scizor|Swords Dance|p1a: Scizor
|-boost|p1a: Scizor|atk|2
|
|turn|3
|chat|stinkki shark|shit
|
|move|p1a: Scizor|Bullet Punch|p2a: Bisharp
|-resisted|p2a: Bisharp
|-damage|p2a: Bisharp|136\/271
|move|p2a: Bisharp|Sucker Punch|p1a: Scizor
|-fail|p1a: Scizor
|
|turn|4
|chat|stinkki shark|damn ur speedish
|chat|stinkki shark|nice play
|
|move|p1a: Scizor|Swords Dance|p1a: Scizor
|-boost|p1a: Scizor|atk|2
|move|p2a: Bisharp|Knock Off|p1a: Scizor
|-damage|p1a: Scizor|59\/281
|-damage|p2a: Bisharp|109\/271|[from] item: Life Orb
|
|turn|5
|
|switch|p2a: Deoxys-Defense|Deoxys-Defense|304\/304
|-ability|p2a: Deoxys-Defense|Pressure
|move|p1a: Scizor|Roost|p1a: Scizor
|-heal|p1a: Scizor|200\/281
|
|turn|6
|
|move|p2a: Deoxys-Defense|Taunt|p1a: Scizor
|-start|p1a: Scizor|move: Taunt
|cant|p1a: Scizor|move: Taunt|Swords Dance
|
|turn|7
|
|move|p1a: Scizor|Bullet Punch|p2a: Deoxys-Defense
|-damage|p2a: Deoxys-Defense|60\/304
|-enditem|p2a: Deoxys-Defense|Red Card|[of] p1a: Scizor
|drag|p1a: Latios|Latios, M|301\/301
|move|p2a: Deoxys-Defense|Stealth Rock|p1a: Latios
|-sidestart|p1: Here to Stay|move: Stealth Rock
|
|turn|8
|
|move|p1a: Latios|Draco Meteor|p2a: Deoxys-Defense
|-damage|p2a: Deoxys-Defense|0 fnt
|-unboost|p1a: Latios|spa|2
|-damage|p1a: Latios|271\/301|[from] item: Life Orb
|faint|p2a: Deoxys-Defense
|
|
|switch|p2a: Thundurus|Thundurus, M|299\/299
|turn|9
|join|jam1
|chat|stinkki shark|go ahead and ask if u have any questions
|chat|stinkki shark|its a basic ho team
|chat|Here to Stay|sorry
|chat|stinkki shark|pinsir is the best mega atm and bisharp is rely op too
|chat|Here to Stay|lag
|chat|stinkki shark|ok
|chat|Here to Stay|i would have thought pinsir would be
|
|switch|p1a: Hippowdon|Hippowdon, F|420\/420
|-damage|p1a: Hippowdon|394\/420|[from] Stealth Rock
|-weather|Sandstorm
|move|p2a: Thundurus|Taunt|p1a: Hippowdon
|-start|p1a: Hippowdon|move: Taunt
|
|-weather|Sandstorm|[upkeep]
|-damage|p2a: Thundurus|281\/299|[from] sandstorm
|-heal|p1a: Hippowdon|420\/420|[from] item: Leftovers
|turn|10
|
|switch|p1a: Aegislash|Aegislash, F|321\/321
|-damage|p1a: Aegislash|301\/321|[from] Stealth Rock
|move|p2a: Thundurus|Hidden Power|p1a: Aegislash
|-resisted|p1a: Aegislash
|-damage|p1a: Aegislash|270\/321
|-damage|p2a: Thundurus|252\/299|[from] item: Life Orb
|
|-weather|Sandstorm|[upkeep]
|-damage|p2a: Thundurus|234\/299|[from] sandstorm
|turn|11
|
|switch|p2a: Bisharp|Bisharp, M|109\/271
|-formechange|p1a: Aegislash|Aegislash-Blade
|move|p1a: Aegislash|Shadow Ball|p2a: Bisharp
|-crit|p2a: Bisharp
|-resisted|p2a: Bisharp
|-damage|p2a: Bisharp|0 fnt
|faint|p2a: Bisharp
|
|-weather|Sandstorm|[upkeep]
|chat|stinkki shark|wierd plays ftw
|
|switch|p2a: Mamoswine|Mamoswine, M|361\/361
|turn|12
|chat|Here to Stay|haha
|
|switch|p1a: Suicune|Suicune|404\/404
|-damage|p1a: Suicune|354\/404|[from] Stealth Rock
|-ability|p1a: Suicune|Pressure
|move|p2a: Mamoswine|Earthquake|p1a: Suicune
|-damage|p1a: Suicune|175\/404
|-damage|p2a: Mamoswine|325\/361|[from] item: Life Orb
|
|-weather|Sandstorm|[upkeep]
|-damage|p1a: Suicune|150\/404|[from] sandstorm
|-heal|p1a: Suicune|175\/404|[from] item: Leftovers
|turn|13
|chat|stinkki shark|but yeah mamo is for covarage mostly
|
|move|p2a: Mamoswine|Earthquake|p1a: Suicune
|-damage|p1a: Suicune|0 fnt
|-damage|p2a: Mamoswine|289\/361|[from] item: Life Orb
|faint|p1a: Suicune
|
|-weather|none
|
|switch|p1a: Scizor|Scizor, M|200\/281
|-formechange|p1a: Scizor|Scizor-Mega
|-damage|p1a: Scizor|165\/281|[from] Stealth Rock
|turn|14
|chat|stinkki shark|deo-d hasards
|
|switch|p2a: Keldeo|Keldeo|322\/322
|move|p1a: Scizor|Bullet Punch|p2a: Keldeo
|-resisted|p2a: Keldeo
|-damage|p2a: Keldeo|253\/322
|
|turn|15
|chat|Here to Stay|yeah
|
|switch|p2a: Thundurus|Thundurus, M|234\/299
|switch|p1a: Latios|Latios, M|271\/301
|-damage|p1a: Latios|234\/301|[from] Stealth Rock
|
|turn|16
|
|move|p2a: Thundurus|Hidden Power|p1a: Latios
|-supereffective|p1a: Latios
|-damage|p1a: Latios|73\/301
|-damage|p2a: Thundurus|205\/299|[from] item: Life Orb
|move|p1a: Latios|Defog|p2a: Thundurus
|-unboost|p2a: Thundurus|evasion|1
|-sideend|p1: Here to Stay|Stealth Rock|[from] move: Defog|[of] p1a: Latios
|
|turn|17
|chat|stinkki shark|no u didnt
|chat|stinkki shark|damn
|chat|Here to Stay|xD
|chat|stinkki shark|some things never change
|chat|stinkki shark|u always outplay me
|
|switch|p1a: Hippowdon|Hippowdon, F|420\/420
|-weather|Sandstorm
|move|p2a: Thundurus|Thunderbolt|p1a: Hippowdon
|-immune|p1a: Hippowdon|[msg]
|
|-weather|Sandstorm|[upkeep]
|-damage|p2a: Thundurus|187\/299|[from] sandstorm
|turn|18
|chat|stinkki shark|shit man
|chat|Here to Stay|haha nah :p
|
|switch|p1a: Aegislash|Aegislash, F|270\/321
|move|p2a: Thundurus|Taunt|p1a: Aegislash
|-start|p1a: Aegislash|move: Taunt
|
|-weather|Sandstorm|[upkeep]
|-damage|p2a: Thundurus|169\/299|[from] sandstorm
|turn|19
|
|move|p2a: Thundurus|Thunderbolt|p1a: Aegislash
|-damage|p1a: Aegislash|117\/321
|-status|p1a: Aegislash|par
|-damage|p2a: Thundurus|140\/299|[from] item: Life Orb
|-formechange|p1a: Aegislash|Aegislash-Blade
|move|p1a: Aegislash|Shadow Ball|p2a: Thundurus
|-damage|p2a: Thundurus|0 fnt
|faint|p2a: Thundurus
|
|-weather|Sandstorm|[upkeep]
|
|switch|p2a: Pinsir|Pinsir, F|271\/271
|turn|20
|
|switch|p1a: Thundurus|Thundurus, M|300\/300
|-formechange|p2a: Pinsir|Pinsir-Mega
|message|Pinsir has Mega Evolved into Mega Pinsir!
|move|p2a: Pinsir|Earthquake|p1a: Thundurus
|-immune|p1a: Thundurus|[msg]
|
|-weather|Sandstorm|[upkeep]
|-damage|p1a: Thundurus|282\/300|[from] sandstorm
|-damage|p2a: Pinsir|255\/271|[from] sandstorm
|-heal|p1a: Thundurus|300\/300|[from] item: Leftovers
|turn|21
|
|switch|p1a: Scizor|Scizor, M|165\/281
|-formechange|p1a: Scizor|Scizor-Mega
|switch|p2a: Mamoswine|Mamoswine, M|289\/361
|
|-weather|none
|turn|22
|
|move|p1a: Scizor|Bullet Punch|p2a: Mamoswine
|-supereffective|p2a: Mamoswine
|-damage|p2a: Mamoswine|0 fnt
|faint|p2a: Mamoswine
|
|chat|stinkki shark|no u didnt
|chat|Here to Stay|maybe
|chat|stinkki shark|haha
|chat|stinkki shark|well what do u think?
|chat|Here to Stay|it seems decent
|chat|stinkki shark|yeah
|
|switch|p2a: Pinsir|Pinsir, F|255\/271
|-formechange|p2a: Pinsir|Pinsir-Mega
|turn|23
|chat|Here to Stay|whats keld for though?
|chat|stinkki shark|im gonna go for a crit
|
|switch|p1a: Thundurus|Thundurus, M|300\/300
|move|p2a: Pinsir|Swords Dance|p2a: Pinsir
|-boost|p2a: Pinsir|atk|2
|
|turn|24
|chat|stinkki shark|bisharp mainly
|
|move|p2a: Pinsir|Quick Attack|p1a: Thundurus
|-resisted|p1a: Thundurus
|-damage|p1a: Thundurus|138\/300
|move|p1a: Thundurus|Thunderbolt|p2a: Pinsir
|-supereffective|p2a: Pinsir
|-damage|p2a: Pinsir|0 fnt
|faint|p2a: Pinsir
|
|-heal|p1a: Thundurus|156\/300|[from] item: Leftovers
|chat|Here to Stay|oh
|chat|stinkki shark|covarage
|chat|stinkki shark|i tun it lo with taunt
|
|switch|p2a: Keldeo|Keldeo|253\/322
|turn|25
|chat|stinkki shark|gg
|chat|Here to Stay|bisharps a motherfucker
|chat|Here to Stay|gg
|
|move|p1a: Thundurus|Thunder Wave|p2a: Keldeo
|-status|p2a: Keldeo|par
|move|p2a: Keldeo|Scald|p1a: Thundurus
|-damage|p1a: Thundurus|0 fnt
|-damage|p2a: Keldeo|221\/322 par|[from] item: Life Orb
|faint|p1a: Thundurus
|
|chat|stinkki shark|erybody uses it
|
|switch|p1a: Latios|Latios, M|73\/301
|turn|26
|chat|stinkki shark|nowadays
|
|move|p1a: Latios|Psyshock|p2a: Keldeo
|-supereffective|p2a: Keldeo
|-damage|p2a: Keldeo|0 fnt
|-damage|p1a: Latios|43\/301|[from] item: Life Orb
|faint|p2a: Keldeo
|
|win|Here to Stay
|chat|Here to Stay|yeah
|leave|stinkki shark
|player|p2