|join|Here to Stay
|join|CheckmateWeee
|player|p1|Here to Stay|102
|player|p2|CheckmateWeee|265
|gametype|singles
|gen|6
|tier|OU
|rated
|clearpoke
|poke|p1|Greninja, M
|poke|p1|Charizard, F
|poke|p1|Latios, M
|poke|p1|Ferrothorn, M
|poke|p1|Rotom-Wash
|poke|p1|Landorus-Therian, M
|poke|p2|Swampert, M
|poke|p2|Kabutops, F
|poke|p2|Politoed, F
|poke|p2|Magnezone
|poke|p2|Thundurus, M
|poke|p2|Ludicolo, M
|rule|Swagger Clause: Swagger is banned
|rule|Baton Pass Clause: Limit one PokÃ©mon knowing Baton Pass
|rule|Sleep Clause Mod: Limit one foe put to sleep
|rule|Species Clause: Limit one of each PokÃ©mon
|rule|OHKO Clause: OHKO moves are banned
|rule|Moody Clause: Moody is banned
|rule|Evasion Moves Clause: Evasion moves are banned
|rule|Endless Battle Clause: Forcing endless battles is banned
|rule|HP Percentage Mod: HP is shown in percentages
|teampreview
|
|start
|switch|p1a: Rotom-Wash|Rotom-Wash|303\/303
|switch|p2a: Thundurus|Thundurus, M|299\/299
|turn|1
|
|move|p2a: Thundurus|Volt Switch|p1a: Rotom-Wash
|-damage|p1a: Rotom-Wash|239\/303
|
|switch|p2a: Swampert|Swampert, M|366\/366
|move|p1a: Rotom-Wash|Thunderbolt|p2a: Swampert
|-immune|p2a: Swampert|[msg]
|
|turn|2
|
|switch|p2a: Politoed|Politoed, F|384\/384
|-weather|RainDance
|move|p1a: Rotom-Wash|Hydro Pump|p2a: Politoed|[miss]
|-miss|p1a: Rotom-Wash|p2a: Politoed
|
|-weather|RainDance|[upkeep]
|turn|3
|
|move|p1a: Rotom-Wash|Hydro Pump|p2a: Politoed
|-resisted|p2a: Politoed
|-damage|p2a: Politoed|258\/384
|move|p2a: Politoed|Hypnosis|p1a: Rotom-Wash
|-status|p1a: Rotom-Wash|slp
|
|-weather|RainDance|[upkeep]
|turn|4
|
|switch|p2a: Ludicolo|Ludicolo, M|301\/301
|cant|p1a: Rotom-Wash|slp
|
|-weather|RainDance|[upkeep]
|turn|5
|
|switch|p1a: Ferrothorn|Ferrothorn, M|352\/352
|move|p2a: Ludicolo|Focus Blast|p1a: Ferrothorn
|-supereffective|p1a: Ferrothorn
|-damage|p1a: Ferrothorn|74\/352
|-damage|p2a: Ludicolo|271\/301|[from] item: Life Orb
|
|-weather|RainDance|[upkeep]
|turn|6
|
|move|p1a: Ferrothorn|Protect|p1a: Ferrothorn
|-singleturn|p1a: Ferrothorn|Protect
|move|p2a: Ludicolo|Hydro Pump|p1a: Ferrothorn
|-activate|p1a: Ferrothorn|Protect
|
|-weather|RainDance|[upkeep]
|turn|7
|
|move|p2a: Ludicolo|Hydro Pump|p1a: Ferrothorn
|-resisted|p1a: Ferrothorn
|-damage|p1a: Ferrothorn|0 fnt
|-damage|p2a: Ludicolo|241\/301|[from] item: Life Orb
|faint|p1a: Ferrothorn
|
|-weather|RainDance|[upkeep]
|
|switch|p1a: Latios|Latios, M|301\/301
|turn|8
|
|switch|p2a: Magnezone|Magnezone|344\/344
|move|p1a: Latios|Earthquake|p2a: Magnezone
|-supereffective|p2a: Magnezone
|-damage|p2a: Magnezone|16\/344
|-damage|p1a: Latios|271\/301|[from] item: Life Orb
|
|-weather|RainDance|[upkeep]
|turn|9
|
|switch|p1a: Rotom-Wash|Rotom-Wash|239\/303 slp
|move|p2a: Magnezone|Flash Cannon|p1a: Rotom-Wash
|-resisted|p1a: Rotom-Wash
|-damage|p1a: Rotom-Wash|213\/303 slp
|
|-weather|none
|turn|10
|
|cant|p1a: Rotom-Wash|slp
|move|p2a: Magnezone|Volt Switch|p1a: Rotom-Wash
|-damage|p1a: Rotom-Wash|126\/303 slp
|
|switch|p2a: Politoed|Politoed, F|258\/384
|-weather|RainDance
|
|-weather|RainDance|[upkeep]
|turn|11
|
|switch|p2a: Ludicolo|Ludicolo, M|241\/301
|-curestatus|p1a: Rotom-Wash|slp
|move|p1a: Rotom-Wash|Volt Switch|p2a: Ludicolo
|-damage|p2a: Ludicolo|124\/301
|
|switch|p1a: Latios|Latios, M|271\/301
|
|-weather|RainDance|[upkeep]
|turn|12
|
|move|p2a: Ludicolo|Ice Beam|p1a: Latios
|-supereffective|p1a: Latios
|-damage|p1a: Latios|34\/301
|-status|p1a: Latios|frz
|-damage|p2a: Ludicolo|94\/301|[from] item: Life Orb
|cant|p1a: Latios|frz
|
|-weather|RainDance|[upkeep]
|turn|13
|-message|Here to Stay forfeited.
|
|win|CheckmateWeee
|raw|Ladder updating...
|raw|Here to Stay's rating: 1648 &rarr; <strong>1626<\/strong><br \/>(-22 for losing)
|raw|CheckmateWeee's rating: 1617 &rarr; <strong>1639<\/strong><br \/>(+22 for winning)
|leave|Here to Stay
|player|p1