|join|uCan'tBeatMeeee
|join|Here to Stay
|player|p1|uCan'tBeatMeeee|285
|player|p2|Here to Stay|265
|gametype|singles
|gen|6
|tier|OU
|rated
|clearpoke
|poke|p1|Landorus-Therian, M
|poke|p1|Ferrothorn, F
|poke|p1|Mew
|poke|p1|Gardevoir, F
|poke|p1|Tyranitar, M
|poke|p1|Keldeo-Resolute
|poke|p2|Breloom, F
|poke|p2|Talonflame, M
|poke|p2|Heatran, M
|poke|p2|Thundurus, M
|poke|p2|Latias, F
|poke|p2|Gyarados, F
|rule|Swagger Clause: Swagger is banned
|rule|Baton Pass Clause: Limit one PokÃ©mon knowing Baton Pass
|rule|Sleep Clause Mod: Limit one foe put to sleep
|rule|Species Clause: Limit one of each PokÃ©mon
|rule|OHKO Clause: OHKO moves are banned
|rule|Moody Clause: Moody is banned
|rule|Evasion Moves Clause: Evasion moves are banned
|rule|Endless Battle Clause: Forcing endless battles is banned
|rule|HP Percentage Mod: HP is shown in percentages
|teampreview
|
|start
|switch|p1a: Landorus-Therian|Landorus-Therian, M|354\/354
|switch|p2a: Breloom|Breloom, F|262\/262
|-ability|p1a: Landorus-Therian|Intimidate|[of] p2a: Breloom
|-unboost|p2a: Breloom|atk|1
|turn|1
|
|move|p1a: Landorus-Therian|U-turn|p2a: Breloom
|-damage|p2a: Breloom|150\/262
|
|switch|p1a: Ferrothorn|Ferrothorn, F|352\/352
|move|p2a: Breloom|Swords Dance|p2a: Breloom
|-boost|p2a: Breloom|atk|2
|
|turn|2
|
|move|p2a: Breloom|Mach Punch|p1a: Ferrothorn
|-supereffective|p1a: Ferrothorn
|-damage|p1a: Ferrothorn|136\/352
|-damage|p2a: Breloom|118\/262|[from] ability: Iron Barbs|[of] p1a: Ferrothorn
|move|p1a: Ferrothorn|Gyro Ball|p2a: Breloom
|-damage|p2a: Breloom|0 fnt
|faint|p2a: Breloom
|
|-heal|p1a: Ferrothorn|158\/352|[from] item: Leftovers
|
|switch|p2a: Heatran|Heatran, M|386\/386
|turn|3
|
|move|p2a: Heatran|Stealth Rock|p1a: Ferrothorn
|-sidestart|p1: uCan'tBeatMeeee|move: Stealth Rock
|move|p1a: Ferrothorn|Stealth Rock|p2a: Heatran
|-sidestart|p2: Here to Stay|move: Stealth Rock
|
|-heal|p1a: Ferrothorn|180\/352|[from] item: Leftovers
|turn|4
|
|switch|p1a: Keldeo-Resolute|Keldeo-Resolute|322\/322
|-damage|p1a: Keldeo-Resolute|302\/322|[from] Stealth Rock
|move|p2a: Heatran|Toxic|p1a: Keldeo-Resolute
|-status|p1a: Keldeo-Resolute|tox
|
|-damage|p1a: Keldeo-Resolute|282\/322 tox|[from] psn
|turn|5
|
|move|p2a: Heatran|Protect|p2a: Heatran
|-singleturn|p2a: Heatran|Protect
|move|p1a: Keldeo-Resolute|Scald|p2a: Heatran
|-activate|p2a: Heatran|Protect
|
|-damage|p1a: Keldeo-Resolute|242\/322 tox|[from] psn
|turn|6
|
|switch|p2a: Latias|Latias, F|302\/302
|-damage|p2a: Latias|265\/302|[from] Stealth Rock
|move|p1a: Keldeo-Resolute|Scald|p2a: Latias
|-resisted|p2a: Latias
|-damage|p2a: Latias|177\/302
|
|-damage|p1a: Keldeo-Resolute|182\/322 tox|[from] psn
|turn|7
|
|switch|p1a: Tyranitar|Tyranitar, M|342\/342
|-damage|p1a: Tyranitar|300\/342|[from] Stealth Rock
|-weather|Sandstorm
|move|p2a: Latias|Defog|p1a: Tyranitar
|-unboost|p1a: Tyranitar|evasion|1
|-sideend|p1: uCan'tBeatMeeee|Stealth Rock|[from] move: Defog|[of] p1a: Tyranitar
|-sideend|p2: Here to Stay|Stealth Rock|[from] move: Defog|[of] p2a: Latias
|
|-weather|Sandstorm|[upkeep]
|-damage|p2a: Latias|159\/302|[from] sandstorm
|turn|8
|
|move|p1a: Tyranitar|Pursuit|p2a: Latias|[from]Pursuit
|-supereffective|p2a: Latias
|-damage|p2a: Latias|0 fnt
|faint|p2a: Latias
|
|-weather|Sandstorm|[upkeep]
|
|switch|p2a: Thundurus|Thundurus, M|300\/300
|turn|9
|
|switch|p1a: Mew|Mew|404\/404
|move|p2a: Thundurus|Nasty Plot|p2a: Thundurus
|-boost|p2a: Thundurus|spa|2
|
|-weather|Sandstorm|[upkeep]
|-damage|p2a: Thundurus|282\/300|[from] sandstorm
|-damage|p1a: Mew|379\/404|[from] sandstorm
|-heal|p1a: Mew|404\/404|[from] item: Leftovers
|turn|10
|
|move|p2a: Thundurus|Hidden Power|p1a: Mew
|-damage|p1a: Mew|248\/404
|-damage|p2a: Thundurus|252\/300|[from] item: Life Orb
|move|p1a: Mew|Knock Off|p2a: Thundurus
|-damage|p2a: Thundurus|146\/300
|-enditem|p2a: Thundurus|Life Orb|[from] move: Knock Off|[of] p1a: Mew
|
|-weather|Sandstorm|[upkeep]
|-damage|p2a: Thundurus|128\/300|[from] sandstorm
|-damage|p1a: Mew|223\/404|[from] sandstorm
|-heal|p1a: Mew|248\/404|[from] item: Leftovers
|turn|11
|
|switch|p1a: Ferrothorn|Ferrothorn, F|180\/352
|move|p2a: Thundurus|Thunderbolt|p1a: Ferrothorn
|-resisted|p1a: Ferrothorn
|-damage|p1a: Ferrothorn|56\/352
|
|-weather|none
|-heal|p1a: Ferrothorn|78\/352|[from] item: Leftovers
|turn|12
|
|move|p2a: Thundurus|Thunderbolt|p1a: Ferrothorn
|-resisted|p1a: Ferrothorn
|-damage|p1a: Ferrothorn|0 fnt
|faint|p1a: Ferrothorn
|
|
|switch|p1a: Landorus-Therian|Landorus-Therian, M|354\/354
|-ability|p1a: Landorus-Therian|Intimidate|[of] p2a: Thundurus
|-unboost|p2a: Thundurus|atk|1
|turn|13
|
|switch|p2a: Heatran|Heatran, M|386\/386
|move|p1a: Landorus-Therian|Stone Edge|p2a: Heatran
|-damage|p2a: Heatran|262\/386
|
|-heal|p2a: Heatran|286\/386|[from] item: Leftovers
|turn|14
|
|switch|p1a: Tyranitar|Tyranitar, M|300\/342
|-weather|Sandstorm
|move|p2a: Heatran|Stealth Rock|p1a: Tyranitar
|-sidestart|p1: uCan'tBeatMeeee|move: Stealth Rock
|
|-weather|Sandstorm|[upkeep]
|-heal|p2a: Heatran|310\/386|[from] item: Leftovers
|turn|15
|
|move|p1a: Tyranitar|Stone Edge|p2a: Heatran
|-damage|p2a: Heatran|27\/386
|move|p2a: Heatran|Toxic|p1a: Tyranitar
|-status|p1a: Tyranitar|tox
|
|-weather|Sandstorm|[upkeep]
|-heal|p2a: Heatran|51\/386|[from] item: Leftovers
|-damage|p1a: Tyranitar|279\/342 tox|[from] psn
|turn|16
|
|switch|p1a: Mew|Mew|248\/404
|-damage|p1a: Mew|198\/404|[from] Stealth Rock
|move|p2a: Heatran|Protect|p2a: Heatran
|-fail|p2a: Heatran
|
|-weather|Sandstorm|[upkeep]
|-damage|p1a: Mew|173\/404|[from] sandstorm
|-heal|p1a: Mew|198\/404|[from] item: Leftovers
|-heal|p2a: Heatran|75\/386|[from] item: Leftovers
|turn|17
|
|move|p1a: Mew|Knock Off|p2a: Heatran
|-damage|p2a: Heatran|0 fnt
|-enditem|p2a: Heatran|Leftovers|[from] move: Knock Off|[of] p1a: Mew
|faint|p2a: Heatran
|
|-weather|Sandstorm|[upkeep]
|-damage|p1a: Mew|173\/404|[from] sandstorm
|-heal|p1a: Mew|198\/404|[from] item: Leftovers
|
|switch|p2a: Talonflame|Talonflame, M|298\/298
|turn|18
|
|move|p2a: Talonflame|U-turn|p1a: Mew
|-supereffective|p1a: Mew
|-damage|p1a: Mew|0 fnt
|faint|p1a: Mew
|
|switch|p2a: Thundurus|Thundurus, M|128\/300
|
|-weather|none
|
|switch|p1a: Gardevoir|Gardevoir, F|286\/286
|-damage|p1a: Gardevoir|251\/286|[from] Stealth Rock
|-ability|p1a: Gardevoir|Prankster|[from] ability: Trace|[of] p2a: Thundurus
|turn|19
|
|detailschange|p1a: Gardevoir|Gardevoir-Mega, F
|message|Gardevoir has Mega Evolved into Mega Gardevoir!
|move|p2a: Thundurus|Thunderbolt|p1a: Gardevoir
|-damage|p1a: Gardevoir|119\/286
|move|p1a: Gardevoir|Hyper Voice|p2a: Thundurus
|-damage|p2a: Thundurus|0 fnt
|faint|p2a: Thundurus
|
|
|switch|p2a: Talonflame|Talonflame, M|298\/298
|turn|20
|
|switch|p1a: Keldeo-Resolute|Keldeo-Resolute|182\/322 tox
|-damage|p1a: Keldeo-Resolute|162\/322 tox|[from] Stealth Rock
|move|p2a: Talonflame|U-turn|p1a: Keldeo-Resolute
|-resisted|p1a: Keldeo-Resolute
|-damage|p1a: Keldeo-Resolute|103\/322 tox
|
|switch|p2a: Gyarados|Gyarados, F|332\/332
|-ability|p2a: Gyarados|Intimidate|[of] p1a: Keldeo-Resolute
|-unboost|p1a: Keldeo-Resolute|atk|1
|
|-damage|p1a: Keldeo-Resolute|83\/322 tox|[from] psn
|turn|21
|
|switch|p2a: Talonflame|Talonflame, M|298\/298
|move|p1a: Keldeo-Resolute|Scald|p2a: Talonflame
|-supereffective|p2a: Talonflame
|-damage|p2a: Talonflame|0 fnt
|faint|p2a: Talonflame
|
|-damage|p1a: Keldeo-Resolute|43\/322 tox|[from] psn
|
|switch|p2a: Gyarados|Gyarados, F|332\/332
|-ability|p2a: Gyarados|Intimidate|[of] p1a: Keldeo-Resolute
|-unboost|p1a: Keldeo-Resolute|atk|1
|turn|22
|
|switch|p1a: Landorus-Therian|Landorus-Therian, M|354\/354
|-damage|p1a: Landorus-Therian|310\/354|[from] Stealth Rock
|-ability|p1a: Landorus-Therian|Intimidate|[of] p2a: Gyarados
|-unboost|p2a: Gyarados|atk|1
|detailschange|p2a: Gyarados|Gyarados-Mega, F
|message|Gyarados has Mega Evolved into Mega Gyarados!
|-ability|p2a: Gyarados|Mold Breaker
|move|p2a: Gyarados|Dragon Dance|p2a: Gyarados
|-boost|p2a: Gyarados|atk|1
|-boost|p2a: Gyarados|spe|1
|
|turn|23
|
|move|p1a: Landorus-Therian|Superpower|p2a: Gyarados
|-supereffective|p2a: Gyarados
|-damage|p2a: Gyarados|20\/332
|-unboost|p1a: Landorus-Therian|atk|1
|-unboost|p1a: Landorus-Therian|def|1
|move|p2a: Gyarados|Dragon Dance|p2a: Gyarados
|-boost|p2a: Gyarados|atk|1
|-boost|p2a: Gyarados|spe|1
|
|turn|24
|-message|Here to Stay forfeited.
|
|win|uCan'tBeatMeeee
|raw|Ladder updating...
|leave|Here to Stay
|player|p2
|raw|uCan&apos;tBeatMeeee's rating: 1831 &rarr; <strong>1847<\/strong><br \/>(+16 for winning)
|raw|Here to Stay's rating: 1754 &rarr; <strong>1738<\/strong><br \/>(-16 for losing)