|join|Here to Stay
|join|will kill us all
|player|p1|Here to Stay|148
|player|p2|will kill us all|184
|gametype|singles
|gen|6
|tier|OU
|rated
|clearpoke
|poke|p1|Deoxys-Speed
|poke|p1|Keldeo
|poke|p1|Talonflame, M
|poke|p1|Mawile, F
|poke|p1|Mamoswine, M
|poke|p1|Thundurus, M
|poke|p2|Gothitelle, M
|poke|p2|Quagsire, M
|poke|p2|Chansey, F
|poke|p2|Charizard, F
|poke|p2|Amoonguss, F
|poke|p2|Skarmory, M
|rule|Sleep Clause Mod: Limit one foe put to sleep
|rule|Species Clause: Limit one of each Pokemon
|rule|OHKO Clause: OHKO moves are banned
|rule|Moody Clause: Moody is banned
|rule|Evasion Moves Clause: Evasion moves are banned
|rule|Endless Battle Clause: Forcing endless battles is banned.
|rule|HP Percentage Mod: HP is reported as percentages
|teampreview
|
|start
|switch|p1a: Deoxys-Speed|Deoxys-Speed|241\/241
|switch|p2a: Skarmory|Skarmory, M|334\/334
|-ability|p1a: Deoxys-Speed|Pressure
|turn|1
|
|move|p1a: Deoxys-Speed|Knock Off|p2a: Skarmory
|-damage|p2a: Skarmory|268\/334
|-damage|p1a: Deoxys-Speed|201\/241|[from] item: Rocky Helmet|[of] p2a: Skarmory
|-enditem|p2a: Skarmory|Rocky Helmet|[from] move: Knock Off|[of] p1a: Deoxys-Speed
|-damage|p1a: Deoxys-Speed|177\/241|[from] item: Life Orb
|move|p2a: Skarmory|Toxic|p1a: Deoxys-Speed
|-status|p1a: Deoxys-Speed|tox
|
|-damage|p1a: Deoxys-Speed|162\/241 tox|[from] psn
|turn|2
|
|switch|p1a: Keldeo|Keldeo|323\/323
|move|p2a: Skarmory|Roost|p2a: Skarmory
|-heal|p2a: Skarmory|334\/334
|
|turn|3
|
|switch|p2a: Amoonguss|Amoonguss, F|432\/432
|move|p1a: Keldeo|Scald|p2a: Amoonguss
|-resisted|p2a: Amoonguss
|-damage|p2a: Amoonguss|349\/432
|
|-heal|p2a: Amoonguss|376\/432|[from] item: Black Sludge
|turn|4
|
|switch|p1a: Deoxys-Speed|Deoxys-Speed|162\/241 tox
|-ability|p1a: Deoxys-Speed|Pressure
|move|p2a: Amoonguss|Foul Play|p1a: Deoxys-Speed
|-supereffective|p1a: Deoxys-Speed
|-damage|p1a: Deoxys-Speed|0 fnt
|faint|p1a: Deoxys-Speed
|
|-heal|p2a: Amoonguss|403\/432|[from] item: Black Sludge
|
|switch|p1a: Mamoswine|Mamoswine, M|361\/361
|turn|5
|
|switch|p1a: Keldeo|Keldeo|323\/323
|switch|p2a: Skarmory|Skarmory, M|334\/334
|
|turn|6
|
|switch|p2a: Chansey|Chansey, F|700\/700
|move|p1a: Keldeo|Scald|p2a: Chansey
|-damage|p2a: Chansey|567\/700
|
|turn|7
|
|switch|p1a: Mawile|Mawile, F|242\/242
|-ability|p1a: Mawile|Intimidate|[of] p2a: Chansey
|-unboost|p2a: Chansey|atk|1
|move|p2a: Chansey|Stealth Rock|p1a: Mawile
|-sidestart|p1: Here to Stay|move: Stealth Rock
|
|turn|8
|
|switch|p2a: Skarmory|Skarmory, M|334\/334
|detailschange|p1a: Mawile|Mawile-Mega, F
|message|Mawile has Mega Evolved into Mega Mawile!
|move|p1a: Mawile|Swords Dance|p1a: Mawile
|-boost|p1a: Mawile|atk|2
|
|turn|9
|
|move|p1a: Mawile|Play Rough|p2a: Skarmory
|-resisted|p2a: Skarmory
|-damage|p2a: Skarmory|173\/334
|move|p2a: Skarmory|Counter|p1a: Mawile
|-damage|p1a: Mawile|0 fnt
|faint|p1a: Mawile
|
|
|switch|p1a: Keldeo|Keldeo|323\/323
|-damage|p1a: Keldeo|303\/323|[from] Stealth Rock
|turn|10
|
|switch|p2a: Amoonguss|Amoonguss, F|432\/432
|move|p1a: Keldeo|Scald|p2a: Amoonguss
|-crit|p2a: Amoonguss
|-resisted|p2a: Amoonguss
|-damage|p2a: Amoonguss|288\/432
|
|-heal|p2a: Amoonguss|315\/432|[from] item: Black Sludge
|turn|11
|
|move|p1a: Keldeo|Scald|p2a: Amoonguss
|-resisted|p2a: Amoonguss
|-damage|p2a: Amoonguss|231\/432
|-status|p2a: Amoonguss|brn
|move|p2a: Amoonguss|Spore|p1a: Keldeo
|-status|p1a: Keldeo|slp
|
|-heal|p2a: Amoonguss|258\/432 brn|[from] item: Black Sludge
|-damage|p2a: Amoonguss|204\/432 brn|[from] brn
|turn|12
|
|switch|p1a: Talonflame|Talonflame, M|297\/297
|-damage|p1a: Talonflame|149\/297|[from] Stealth Rock
|switch|p2a: Charizard|Charizard, F|297\/297
|
|turn|13
|
|switch|p2a: Chansey|Chansey, F|567\/700
|move|p1a: Talonflame|Brave Bird|p2a: Chansey
|-damage|p2a: Chansey|255\/700
|-damage|p1a: Talonflame|46\/297|[from] recoil|[of] p2a: Chansey
|-damage|p1a: Talonflame|17\/297|[from] item: Life Orb
|
|turn|14
|
|move|p1a: Talonflame|Taunt|p2a: Chansey
|-start|p2a: Chansey|move: Taunt
|move|p2a: Chansey|Seismic Toss|p1a: Talonflame
|-damage|p1a: Talonflame|0 fnt
|faint|p1a: Talonflame
|
|
|switch|p1a: Mamoswine|Mamoswine, M|361\/361
|-damage|p1a: Mamoswine|316\/361|[from] Stealth Rock
|turn|15
|
|move|p1a: Mamoswine|Earthquake|p2a: Chansey
|-damage|p2a: Chansey|0 fnt
|-damage|p1a: Mamoswine|280\/361|[from] item: Life Orb
|faint|p2a: Chansey
|
|
|switch|p2a: Charizard|Charizard, F|297\/297
|turn|16
|
|switch|p1a: Keldeo|Keldeo|303\/323 slp
|-damage|p1a: Keldeo|283\/323 slp|[from] Stealth Rock
|detailschange|p2a: Charizard|Charizard-Mega-X, F
|message|Charizard has Mega Evolved into Mega Charizard!
|move|p2a: Charizard|Flare Blitz|p1a: Keldeo
|-crit|p1a: Keldeo
|-resisted|p1a: Keldeo
|-damage|p1a: Keldeo|54\/323 slp
|-damage|p2a: Charizard|221\/297|[from] recoil|[of] p1a: Keldeo
|
|turn|17
|
|switch|p1a: Thundurus|Thundurus, M|299\/299
|-damage|p1a: Thundurus|225\/299|[from] Stealth Rock
|move|p2a: Charizard|Dragon Dance|p2a: Charizard
|-boost|p2a: Charizard|atk|1
|-boost|p2a: Charizard|spe|1
|
|turn|18
|
|move|p1a: Thundurus|Thunder Wave|p2a: Charizard
|-status|p2a: Charizard|par
|cant|p2a: Charizard|par
|
|turn|19
|
|switch|p1a: Keldeo|Keldeo|54\/323 slp
|-damage|p1a: Keldeo|34\/323 slp|[from] Stealth Rock
|move|p2a: Charizard|Flare Blitz|p1a: Keldeo
|-resisted|p1a: Keldeo
|-damage|p1a: Keldeo|0 fnt
|-damage|p2a: Charizard|210\/297 par|[from] recoil|[of] p1a: Keldeo
|faint|p1a: Keldeo
|
|
|switch|p1a: Mamoswine|Mamoswine, M|280\/361
|-damage|p1a: Mamoswine|235\/361|[from] Stealth Rock
|turn|20
|
|move|p1a: Mamoswine|Earthquake|p2a: Charizard
|-supereffective|p2a: Charizard
|-damage|p2a: Charizard|0 fnt
|-damage|p1a: Mamoswine|199\/361|[from] item: Life Orb
|faint|p2a: Charizard
|
|
|switch|p2a: Skarmory|Skarmory, M|173\/334
|turn|21
|
|move|p1a: Mamoswine|Icicle Crash|p2a: Skarmory
|-damage|p2a: Skarmory|60\/334
|-damage|p1a: Mamoswine|163\/361|[from] item: Life Orb
|move|p2a: Skarmory|Roost|p2a: Skarmory
|-heal|p2a: Skarmory|227\/334
|
|turn|22
|
|move|p1a: Mamoswine|Icicle Crash|p2a: Skarmory
|-damage|p2a: Skarmory|106\/334
|-damage|p1a: Mamoswine|127\/361|[from] item: Life Orb
|move|p2a: Skarmory|Toxic|p1a: Mamoswine|[miss]
|-miss|p2a: Skarmory|p1a: Mamoswine
|
|turn|23
|
|move|p1a: Mamoswine|Icicle Crash|p2a: Skarmory
|-damage|p2a: Skarmory|0 fnt
|-damage|p1a: Mamoswine|91\/361|[from] item: Life Orb
|faint|p2a: Skarmory
|
|
|switch|p2a: Gothitelle|Gothitelle, M|301\/301
|turn|24
|
|move|p2a: Gothitelle|Psychic|p1a: Mamoswine
|-damage|p1a: Mamoswine|0 fnt
|faint|p1a: Mamoswine
|
|
|switch|p1a: Thundurus|Thundurus, M|225\/299
|-damage|p1a: Thundurus|151\/299|[from] Stealth Rock
|turn|25
|
|move|p2a: Gothitelle|Psychic|p1a: Thundurus
|-damage|p1a: Thundurus|0 fnt
|faint|p1a: Thundurus
|
|win|will kill us all
|raw|Ladder updating...
|raw|Here to Stay's rating: 1950 &rarr; <strong>1928<\/strong><br \/>(-22 for losing)
|raw|will kill us all's rating: 1921 &rarr; <strong>1943<\/strong><br \/>(+22 for winning)
|chat|will kill us all|gg
|leave|Here to Stay
|player|p1
|player|p2|Guest 89999|184