|join|Here to Stay
|join|1800Rekt
|player|p1|Here to Stay|148
|player|p2|1800Rekt|270
|gametype|singles
|gen|6
|tier|OU
|rated
|clearpoke
|poke|p1|Scizor, F
|poke|p1|Keldeo
|poke|p1|Landorus, M
|poke|p1|Tyranitar, M
|poke|p1|Skarmory, M
|poke|p1|Rotom-Wash
|poke|p2|Heatran, F, shiny
|poke|p2|Serperior, M, shiny
|poke|p2|Altaria, F, shiny
|poke|p2|Zapdos
|poke|p2|Tornadus-Therian, M, shiny
|poke|p2|Rotom-Wash, shiny
|rule|Swagger Clause: Swagger is banned
|rule|Baton Pass Clause: Limit one PokÃ©mon knowing Baton Pass
|rule|Sleep Clause Mod: Limit one foe put to sleep
|rule|Species Clause: Limit one of each PokÃ©mon
|rule|OHKO Clause: OHKO moves are banned
|rule|Moody Clause: Moody is banned
|rule|Evasion Moves Clause: Evasion moves are banned
|rule|Endless Battle Clause: Forcing endless battles is banned
|rule|HP Percentage Mod: HP is shown in percentages
|teampreview
|
|start
|switch|p1a: Rotom-Wash|Rotom-Wash|304\/304
|switch|p2a: Rotom-Wash|Rotom-Wash, shiny|304\/304
|turn|1
|
|move|p1a: Rotom-Wash|Volt Switch|p2a: Rotom-Wash
|-damage|p2a: Rotom-Wash|226\/304
|
|switch|p1a: Skarmory|Skarmory, M|333\/333
|move|p2a: Rotom-Wash|Will-O-Wisp|p1a: Skarmory
|-status|p1a: Skarmory|brn
|
|-heal|p2a: Rotom-Wash|245\/304|[from] item: Leftovers
|-damage|p1a: Skarmory|292\/333 brn|[from] brn
|turn|2
|join|Appreciation
|join|CleanerThanRotom-W
|
|switch|p1a: Rotom-Wash|Rotom-Wash|304\/304
|move|p2a: Rotom-Wash|Volt Switch|p1a: Rotom-Wash
|-damage|p1a: Rotom-Wash|246\/304
|
|switch|p2a: Serperior|Serperior, M, shiny|291\/291
|
|-heal|p1a: Rotom-Wash|265\/304|[from] item: Leftovers
|turn|3
|c|âHere to Stay|hmm
|join|Lycon
|c|âHere to Stay|this thing destroys me
|
|switch|p1a: Scizor|Scizor, F|343\/343
|move|p2a: Serperior|Leaf Storm|p1a: Scizor
|-resisted|p1a: Scizor
|-damage|p1a: Scizor|287\/343
|-boost|p2a: Serperior|spa|2
|-damage|p2a: Serperior|262\/291|[from] item: Life Orb
|
|turn|4
|
|detailschange|p1a: Scizor|Scizor-Mega, F
|-mega|p1a: Scizor|Scizor|Scizorite
|move|p1a: Scizor|Bullet Punch|p2a: Serperior
|-damage|p2a: Serperior|156\/291
|move|p2a: Serperior|Hidden Power|p1a: Scizor
|-supereffective|p1a: Scizor
|-damage|p1a: Scizor|0 fnt
|-damage|p2a: Serperior|127\/291|[from] item: Life Orb
|faint|p1a: Scizor
|
|join|Cosine180
|
|switch|p1a: Tyranitar|Tyranitar, M|341\/341
|-weather|Sandstorm
|turn|5
|
|move|p1a: Tyranitar|Pursuit|p2a: Serperior
|-damage|p2a: Serperior|55\/291
|move|p2a: Serperior|Giga Drain|p1a: Tyranitar
|-supereffective|p1a: Tyranitar
|-damage|p1a: Tyranitar|0 fnt
|-heal|p2a: Serperior|226\/291|[from] drain|[of] p1a: Tyranitar
|-damage|p2a: Serperior|197\/291|[from] item: Life Orb
|faint|p1a: Tyranitar
|
|-weather|Sandstorm|[upkeep]
|-damage|p2a: Serperior|179\/291|[from] sandstorm
|c|âHere to Stay|smh
|-message|Here to Stay forfeited.
|
|win|1800Rekt
|raw|Ladder updating...
|leave|Here to Stay
|player|p1
|raw|Here to Stay's rating: 1691 &rarr; <strong>1666<\/strong><br \/>(-25 for losing)
|raw|1800Rekt's rating: 1605 &rarr; <strong>1630<\/strong><br \/>(+25 for winning)
|leave|Cosine180
|leave|Lycon
|join|nathaaan
|leave|nathaaan
|join|Cosine180
|leave|CleanerThanRotom-W