|join|lil manaphy
|join|Here to Stay
|player|p1|lil manaphy|34
|player|p2|Here to Stay|170
|gametype|singles
|gen|6
|tier|OU
|rated
|clearpoke
|poke|p1|Diancie
|poke|p1|Ferrothorn, F
|poke|p1|Gothitelle, F
|poke|p1|Landorus-Therian, M
|poke|p1|Conkeldurr, M
|poke|p1|Mandibuzz, F
|poke|p2|Smeargle, F
|poke|p2|Espeon, M
|poke|p2|Azelf
|poke|p2|Clefable, M
|poke|p2|Whimsicott, F
|poke|p2|Charizard, M
|rule|Swagger Clause: Swagger is banned
|rule|Baton Pass Clause: Limit one PokÃ©mon knowing Baton Pass
|rule|Sleep Clause Mod: Limit one foe put to sleep
|rule|Species Clause: Limit one of each PokÃ©mon
|rule|OHKO Clause: OHKO moves are banned
|rule|Moody Clause: Moody is banned
|rule|Evasion Moves Clause: Evasion moves are banned
|rule|Endless Battle Clause: Forcing endless battles is banned
|rule|HP Percentage Mod: HP is shown in percentages
|teampreview
|
|start
|switch|p1a: Diancie|Diancie|241\/241
|switch|p2a: Azelf|Azelf|354\/354
|turn|1
|
|detailschange|p1a: Diancie|Diancie-Mega
|-mega|p1a: Diancie|Diancie|Diancite
|move|p2a: Azelf|Reflect|p2a: Azelf
|-sidestart|p2: Here to Stay|Reflect
|move|p1a: Diancie|Calm Mind|p1a: Diancie
|-boost|p1a: Diancie|spa|1
|-boost|p1a: Diancie|spd|1
|
|turn|2
|
|move|p2a: Azelf|Taunt|p1a: Diancie
|move|p1a: Diancie|Taunt|p2a: Azelf|[from]Magic Bounce
|-start|p2a: Azelf|move: Taunt
|move|p1a: Diancie|Calm Mind|p1a: Diancie
|-boost|p1a: Diancie|spa|1
|-boost|p1a: Diancie|spd|1
|
|turn|3
|
|switch|p2a: Whimsicott|Whimsicott, F|324\/324
|move|p1a: Diancie|Calm Mind|p1a: Diancie
|-boost|p1a: Diancie|spa|1
|-boost|p1a: Diancie|spd|1
|
|turn|4
|
|move|p2a: Whimsicott|Encore|p1a: Diancie
|move|p1a: Diancie|Encore|p2a: Whimsicott|[from]Magic Bounce
|-fail|p2a: Whimsicott
|move|p1a: Diancie|Calm Mind|p1a: Diancie
|-boost|p1a: Diancie|spa|1
|-boost|p1a: Diancie|spd|1
|
|turn|5
|
|move|p2a: Whimsicott|Light Screen|p2a: Whimsicott
|-sidestart|p2: Here to Stay|move: Light Screen
|move|p1a: Diancie|Calm Mind|p1a: Diancie
|-boost|p1a: Diancie|spa|1
|-boost|p1a: Diancie|spd|1
|
|turn|6
|
|move|p2a: Whimsicott|Memento|p1a: Diancie
|-unboost|p1a: Diancie|atk|2
|-unboost|p1a: Diancie|spa|2
|faint|p2a: Whimsicott
|move|p1a: Diancie|Calm Mind|p1a: Diancie
|-boost|p1a: Diancie|spa|1
|-boost|p1a: Diancie|spd|1
|
|
|switch|p2a: Smeargle|Smeargle, F|314\/314
|turn|7
|
|move|p1a: Diancie|Moonblast|p2a: Smeargle
|-crit|p2a: Smeargle
|-damage|p2a: Smeargle|0 fnt
|faint|p2a: Smeargle
|
|-message|Here to Stay forfeited.
|
|win|lil manaphy
|raw|Ladder updating...
|leave|Here to Stay
|player|p2
|raw|lil manaphy's rating: 1618 &rarr; <strong>1635<\/strong><br \/>(+17 for winning)
|raw|Here to Stay's rating: 1568 &rarr; <strong>1551<\/strong><br \/>(-17 for losing)