|join|Appreciation
|join|Here to Stay
|player|p1|Appreciation|68
|player|p2|Here to Stay|148
|gametype|singles
|gen|6
|tier|OU
|rated
|clearpoke
|poke|p1|Scizor, M
|poke|p1|Crawdaunt, M
|poke|p1|Thundurus, M
|poke|p1|Diggersby, F
|poke|p1|Garchomp, F
|poke|p1|Latios, M
|poke|p2|Metagross
|poke|p2|Keldeo
|poke|p2|Landorus, M
|poke|p2|Tyranitar, M
|poke|p2|Clefable, M
|poke|p2|Rotom-Wash
|rule|Swagger Clause: Swagger is banned
|rule|Baton Pass Clause: Limit one PokÃ©mon knowing Baton Pass
|rule|Sleep Clause Mod: Limit one foe put to sleep
|rule|Species Clause: Limit one of each PokÃ©mon
|rule|OHKO Clause: OHKO moves are banned
|rule|Moody Clause: Moody is banned
|rule|Evasion Moves Clause: Evasion moves are banned
|rule|Endless Battle Clause: Forcing endless battles is banned
|rule|HP Percentage Mod: HP is shown in percentages
|teampreview
|c|âAppreciation|wow
|c|âAppreciation|really
|c|âHere to Stay|:L
|c|âHere to Stay|gl
|c|âAppreciation|i dont even wanna
|c|âAppreciation|but o well
|c|âAppreciation|gl,,,
|
|start
|switch|p1a: Thundurus|Thundurus, M|299\/299
|switch|p2a: Metagross|Metagross|322\/322
|turn|1
|
|detailschange|p2a: Metagross|Metagross-Mega
|-mega|p2a: Metagross|Metagross|Metagrossite
|move|p1a: Thundurus|Thunderbolt|p2a: Metagross
|-damage|p2a: Metagross|161\/322
|-damage|p1a: Thundurus|270\/299|[from] item: Life Orb
|move|p2a: Metagross|Zen Headbutt|p1a: Thundurus
|-damage|p1a: Thundurus|18\/299
|
|turn|2
|c|âHere to Stay|i forgot evs...
|
|move|p2a: Metagross|Bullet Punch|p1a: Thundurus
|-crit|p1a: Thundurus
|-resisted|p1a: Thundurus
|-damage|p1a: Thundurus|0 fnt
|faint|p1a: Thundurus
|
|c|âAppreciation|of course you have this shit
|
|switch|p1a: Scizor|Scizor, M|282\/282
|turn|3
|
|switch|p2a: Rotom-Wash|Rotom-Wash|304\/304
|detailschange|p1a: Scizor|Scizor-Mega, M
|-mega|p1a: Scizor|Scizor|Scizorite
|move|p1a: Scizor|Swords Dance|p1a: Scizor
|-boost|p1a: Scizor|atk|2
|
|turn|4
|
|move|p1a: Scizor|Bug Bite|p2a: Rotom-Wash
|-crit|p2a: Rotom-Wash
|-damage|p2a: Rotom-Wash|0 fnt
|faint|p2a: Rotom-Wash
|
|c|âHere to Stay|psshh
|c|âAppreciation|did that matter
|c|âHere to Stay|i changed to defensive haha
|c|âAppreciation|dont event hink it did
|c|âAppreciation|o
|c|âAppreciation|lel
|
|switch|p2a: Keldeo|Keldeo|323\/323
|turn|5
|
|move|p1a: Scizor|Bullet Punch|p2a: Keldeo
|-resisted|p2a: Keldeo
|-damage|p2a: Keldeo|176\/323
|move|p2a: Keldeo|Scald|p1a: Scizor
|-damage|p1a: Scizor|80\/282
|-status|p1a: Scizor|brn
|
|-damage|p1a: Scizor|45\/282 brn|[from] brn
|turn|6
|c|âAppreciation|:(
|c|âAppreciation|good think i predicted that
|c|âHere to Stay|haha
|
|move|p1a: Scizor|Bullet Punch|p2a: Keldeo
|-resisted|p2a: Keldeo
|-damage|p2a: Keldeo|107\/323
|move|p2a: Keldeo|Scald|p1a: Scizor
|-damage|p1a: Scizor|0 fnt
|faint|p1a: Scizor
|
|
|switch|p1a: Diggersby|Diggersby, F|311\/311
|turn|7
|
|switch|p2a: Metagross|Metagross-Mega|161\/322
|move|p1a: Diggersby|Quick Attack|p2a: Metagross
|-resisted|p2a: Metagross
|-damage|p2a: Metagross|121\/322
|-damage|p1a: Diggersby|280\/311|[from] item: Life Orb
|
|turn|8
|
|move|p2a: Metagross|Zen Headbutt|p1a: Diggersby
|-damage|p1a: Diggersby|60\/311
|move|p1a: Diggersby|Earthquake|p2a: Metagross
|-supereffective|p2a: Metagross
|-damage|p2a: Metagross|0 fnt
|-damage|p1a: Diggersby|29\/311|[from] item: Life Orb
|faint|p2a: Metagross
|
|c|âHere to Stay|lack of evs <
|c|âAppreciation|thank god
|
|switch|p2a: Tyranitar|Tyranitar, M|341\/341
|-weather|Sandstorm
|turn|9
|
|move|p1a: Diggersby|Quick Attack|p2a: Tyranitar
|-resisted|p2a: Tyranitar
|-damage|p2a: Tyranitar|288\/341
|-damage|p1a: Diggersby|0 fnt|[from] item: Life Orb
|faint|p1a: Diggersby
|move|p2a: Tyranitar|Crunch|p1: Diggersby|[notarget]
|-notarget
|
|-weather|Sandstorm|[upkeep]
|c|âAppreciation|fuck
|c|âAppreciation|this clef
|
|switch|p1a: Crawdaunt|Crawdaunt, M|268\/268
|turn|10
|
|move|p2a: Tyranitar|Crunch|p1a: Crawdaunt
|-resisted|p1a: Crawdaunt
|-damage|p1a: Crawdaunt|188\/268
|move|p1a: Crawdaunt|Swords Dance|p1a: Crawdaunt
|-boost|p1a: Crawdaunt|atk|2
|
|-weather|Sandstorm|[upkeep]
|-damage|p1a: Crawdaunt|172\/268|[from] sandstorm
|turn|11
|
|move|p1a: Crawdaunt|Aqua Jet|p2a: Tyranitar
|-supereffective|p2a: Tyranitar
|-damage|p2a: Tyranitar|0 fnt
|-damage|p1a: Crawdaunt|146\/268|[from] item: Life Orb
|faint|p2a: Tyranitar
|
|-weather|Sandstorm|[upkeep]
|-damage|p1a: Crawdaunt|130\/268|[from] sandstorm
|
|switch|p2a: Clefable|Clefable, M|394\/394
|turn|12
|c|âAppreciation|just hopefully i flinch
|c|âHere to Stay|:(
|c|âHere to Stay|sp def
|c|âAppreciation|oh
|
|move|p1a: Crawdaunt|Crabhammer|p2a: Clefable
|-damage|p2a: Clefable|17\/394
|-damage|p1a: Crawdaunt|104\/268|[from] item: Life Orb
|move|p2a: Clefable|Moonblast|p1a: Crawdaunt
|-supereffective|p1a: Crawdaunt
|-damage|p1a: Crawdaunt|0 fnt
|faint|p1a: Crawdaunt
|
|-weather|Sandstorm|[upkeep]
|-damage|p2a: Clefable|0 fnt|[from] sandstorm
|faint|p2a: Clefable
|c|âAppreciation|fak
|c|âHere to Stay|fuck
|c|âAppreciation|hahahaah
|c|âAppreciation|lmfao
|c|âAppreciation|its coming through
|
|switch|p1a: Garchomp|Garchomp, F|357\/357
|switch|p2a: Landorus|Landorus, M|319\/319
|turn|13
|
|move|p1a: Garchomp|Dragon Claw|p2a: Landorus
|-damage|p2a: Landorus|154\/319
|move|p2a: Landorus|Calm Mind|p2a: Landorus
|-boost|p2a: Landorus|spa|1
|-boost|p2a: Landorus|spd|1
|
|-weather|none
|turn|14
|c|âAppreciation|gg
|-message|Here to Stay forfeited.
|leave|Here to Stay
|
|win|Appreciation
|raw|Ladder updating...
|player|p2