|join|Here to Stay
|join|Aka DH
|player|p1|Here to Stay|2
|player|p2|Aka DH|68
|gametype|singles
|gen|6
|tier|OU
|rated
|clearpoke
|poke|p1|Metagross
|poke|p1|Landorus, M
|poke|p1|Bisharp, M
|poke|p1|Talonflame, F
|poke|p1|Latios, M
|poke|p1|Crawdaunt, F
|poke|p2|Bisharp, M
|poke|p2|Venusaur, M
|poke|p2|Heatran, F
|poke|p2|Keldeo
|poke|p2|Chansey, F
|poke|p2|Skarmory, M
|rule|Swagger Clause: Swagger is banned
|rule|Baton Pass Clause: Limit one PokÃ©mon knowing Baton Pass
|rule|Sleep Clause Mod: Limit one foe put to sleep
|rule|Species Clause: Limit one of each PokÃ©mon
|rule|OHKO Clause: OHKO moves are banned
|rule|Moody Clause: Moody is banned
|rule|Evasion Moves Clause: Evasion moves are banned
|rule|Endless Battle Clause: Forcing endless battles is banned
|rule|HP Percentage Mod: HP is shown in percentages
|teampreview
|
|start
|switch|p1a: Crawdaunt|Crawdaunt, F|267\/267
|switch|p2a: Nice try hacker|Keldeo|323\/323
|turn|1
|
|switch|p1a: Latios|Latios, M|301\/301
|move|p2a: Nice try hacker|Icy Wind|p1a: Latios
|-supereffective|p1a: Latios
|-damage|p1a: Latios|179\/301
|-unboost|p1a: Latios|spe|1
|
|turn|2
|join|Rokaro
|join|i came from leddit
|
|switch|p2a: Nice try hacker|Heatran, F|340\/340
|-item|p2a: Nice try hacker|Air Balloon
|move|p1a: Latios|Roost|p1a: Latios
|-heal|p1a: Latios|301\/301
|
|turn|3
|c| i came from leddit|your account got hacked again
|c|âAka DH|i know
|
|switch|p1a: Crawdaunt|Crawdaunt, F|267\/267
|move|p2a: Nice try hacker|Toxic|p1a: Crawdaunt
|-status|p1a: Crawdaunt|tox
|
|-damage|p1a: Crawdaunt|251\/267 tox|[from] psn
|turn|4
|c| Rokaro|but who did it..
|c| Rokaro|and why
|
|move|p2a: Nice try hacker|Stealth Rock|p1a: Crawdaunt
|-sidestart|p1: Here to Stay|move: Stealth Rock
|move|p1a: Crawdaunt|Knock Off|p2a: Nice try hacker
|-damage|p2a: Nice try hacker|50\/340
|-enditem|p2a: Nice try hacker|Air Balloon
|
|-damage|p1a: Crawdaunt|219\/267 tox|[from] psn
|turn|5
|c| i came from leddit|me and zenzo talked to a mod
|c| i came from leddit|the mod did an ip check
|
|switch|p2a: Nice try hacker|Venusaur, M|364\/364
|switch|p1a: Latios|Latios, M|301\/301
|-damage|p1a: Latios|264\/301|[from] Stealth Rock
|
|turn|6
|c| i came from leddit|but he said there was only one ip found
|
|switch|p2a: Nice try hacker|Bisharp, M|334\/334
|move|p1a: Latios|Defog|p2a: Nice try hacker
|-unboost|p2a: Nice try hacker|evasion|1
|-boost|p2a: Nice try hacker|atk|2|[from] ability: Defiant
|-sideend|p1: Here to Stay|Stealth Rock|[from] move: Defog|[of] p1a: Latios
|
|turn|7
|c| Rokaro|so its gotta b someone that aka knows
|c| Rokaro|and been using his pc
|c| Rokaro|lol
|
|switch|p1a: Bisharp|Bisharp, M|271\/271
|move|p2a: Nice try hacker|Knock Off|p1a: Bisharp
|-resisted|p1a: Bisharp
|-damage|p1a: Bisharp|89\/271
|-enditem|p1a: Bisharp|Focus Sash|[from] move: Knock Off|[of] p2a: Nice try hacker
|
|turn|8
|c| i came from leddit|yeah maybe
|
|switch|p2a: Nice try hacker|Skarmory, M|334\/334
|move|p1a: Bisharp|Brick Break|p2a: Nice try hacker
|-damage|p2a: Nice try hacker|277\/334
|-damage|p1a: Bisharp|44\/271|[from] item: Rocky Helmet|[of] p2a: Nice try hacker
|
|turn|9
|c| i came from leddit|idk its weird :\/
|
|move|p1a: Bisharp|Stealth Rock|p2a: Nice try hacker
|-sidestart|p2: Aka DH|move: Stealth Rock
|move|p2a: Nice try hacker|Spikes|p1a: Bisharp
|-sidestart|p1: Here to Stay|Spikes
|
|turn|10
|
|switch|p1a: Crawdaunt|Crawdaunt, F|219\/267 tox
|-damage|p1a: Crawdaunt|186\/267 tox|[from] Spikes
|move|p2a: Nice try hacker|Whirlwind|p1a: Crawdaunt
|drag|p1a: Bisharp|Bisharp, M|44\/271
|-damage|p1a: Bisharp|11\/271|[from] Spikes
|
|turn|11
|
|switch|p1a: Landorus|Landorus, M|319\/319
|move|p2a: Nice try hacker|Spikes|p1a: Landorus
|-sidestart|p1: Here to Stay|Spikes
|
|turn|12
|
|move|p1a: Landorus|Focus Blast|p2a: Nice try hacker
|-damage|p2a: Nice try hacker|4\/334
|move|p2a: Nice try hacker|Whirlwind|p1a: Landorus
|drag|p1a: Talonflame|Talonflame, F|297\/297
|
|turn|13
|
|move|p1a: Talonflame|U-turn|p2a: Nice try hacker
|-resisted|p2a: Nice try hacker
|-damage|p2a: Nice try hacker|0 fnt
|-damage|p1a: Talonflame|248\/297|[from] item: Rocky Helmet|[of] p2a: Nice try hacker
|faint|p2a: Nice try hacker
|
|switch|p1a: Bisharp|Bisharp, M|11\/271
|-damage|p1a: Bisharp|0 fnt|[from] Spikes
|faint|p1a: Bisharp
|
|c|âAka DH|only one ip was found because i was offline
|c| Rokaro|tru..
|c| i came from leddit|ah
|c| i came from leddit|all we were able to know for sure
|c| Rokaro|but are there... more ppl using your pc than u
|c| Rokaro|lol
|c| i came from leddit|is that the guy lives in europe
|c|âAka DH|no
|c| Rokaro|>Europe...
|c|âHere to Stay|what did the hacker do withyour account?
|c| Rokaro|spam the lobby and ou room... and got him locked
|c| i came from leddit|he threw a bunch of ou suspect games
|c| i came from leddit|and what rokaro said
|c| Rokaro|forfeit spammed his ou games... and got his gxe from 89-82
|c| Rokaro|lol
|c|âHere to Stay|oh...
|c|âAka DH|i was muted yesterday
|
|switch|p1a: Landorus|Landorus, M|319\/319
|switch|p2a: Nice try hacker|Bisharp, M|334\/334
|-damage|p2a: Nice try hacker|314\/334|[from] Stealth Rock
|turn|14
|c| i came from leddit|hmm.....maybe do a virus\/malware scan?
|c| i came from leddit|idk :\/
|
|switch|p2a: Nice try hacker|Heatran, F|50\/340
|-damage|p2a: Nice try hacker|8\/340|[from] Stealth Rock
|move|p1a: Landorus|Earth Power|p2a: Nice try hacker
|-crit|p2a: Nice try hacker
|-supereffective|p2a: Nice try hacker
|-damage|p2a: Nice try hacker|0 fnt
|faint|p2a: Nice try hacker
|
|c| i came from leddit|mbe keylogger
|
|switch|p2a: Nice try hacker|Keldeo|323\/323
|-damage|p2a: Nice try hacker|303\/323|[from] Stealth Rock
|turn|15
|c| Rokaro|I think it was mob barley who haked u
|c| Rokaro|lol
|c| Rokaro|he called aka an autistic fuck
|c| Rokaro|lolol
|c| i came from leddit|lol mob barley's an ass but
|c| i came from leddit|does he live in europe?
|
|switch|p1a: Latios|Latios, M|264\/301
|move|p2a: Nice try hacker|Icy Wind|p1a: Latios
|-supereffective|p1a: Latios
|-damage|p1a: Latios|136\/301
|-unboost|p1a: Latios|spe|1
|
|-heal|p2a: Nice try hacker|323\/323|[from] item: Leftovers
|turn|16
|
|switch|p2a: Nice try hacker|Bisharp, M|314\/334
|-damage|p2a: Nice try hacker|294\/334|[from] Stealth Rock
|move|p1a: Latios|Roost|p1a: Latios
|-heal|p1a: Latios|287\/301
|
|-heal|p2a: Nice try hacker|314\/334|[from] item: Leftovers
|turn|17
|c|âAka DH|i think mistaken or be blood my haterr can be the hacker
|
|switch|p1a: Crawdaunt|Crawdaunt, F|186\/267 tox
|-damage|p1a: Crawdaunt|142\/267 tox|[from] Spikes
|move|p2a: Nice try hacker|Knock Off|p1a: Crawdaunt
|-resisted|p1a: Crawdaunt
|-damage|p1a: Crawdaunt|31\/267 tox
|-enditem|p1a: Crawdaunt|Choice Band|[from] move: Knock Off|[of] p2a: Nice try hacker
|
|-heal|p2a: Nice try hacker|334\/334|[from] item: Leftovers
|-damage|p1a: Crawdaunt|15\/267 tox|[from] psn
|turn|18
|
|switch|p2a: Nice try hacker|Venusaur, M|364\/364
|-damage|p2a: Nice try hacker|319\/364|[from] Stealth Rock
|move|p1a: Crawdaunt|Knock Off|p2a: Nice try hacker
|-damage|p2a: Nice try hacker|191\/364
|
|-damage|p1a: Crawdaunt|0 fnt|[from] psn
|faint|p1a: Crawdaunt
|
|switch|p1a: Landorus|Landorus, M|319\/319
|turn|19
|
|detailschange|p2a: Nice try hacker|Venusaur-Mega, M
|-mega|p2a: Nice try hacker|Venusaur|Venusaurite
|move|p1a: Landorus|Earth Power|p2a: Nice try hacker
|-damage|p2a: Nice try hacker|0 fnt
|faint|p2a: Nice try hacker
|
|
|switch|p2a: Nice try hacker|Keldeo|323\/323
|-damage|p2a: Nice try hacker|303\/323|[from] Stealth Rock
|turn|20
|
|switch|p1a: Talonflame|Talonflame, F|248\/297
|move|p2a: Nice try hacker|Scald|p1a: Talonflame
|-supereffective|p1a: Talonflame
|-damage|p1a: Talonflame|0 fnt
|faint|p1a: Talonflame
|
|-heal|p2a: Nice try hacker|323\/323|[from] item: Leftovers
|c|âHere to Stay|damn
|
|switch|p1a: Latios|Latios, M|287\/301
|turn|21
|c|âHere to Stay|i screwed up
|c|âAka DH|you have the win
|
|switch|p2a: Nice try hacker|Bisharp, M|334\/334
|-damage|p2a: Nice try hacker|314\/334|[from] Stealth Rock
|move|p1a: Latios|Draco Meteor|p2a: Nice try hacker
|-resisted|p2a: Nice try hacker
|-damage|p2a: Nice try hacker|103\/334
|-unboost|p1a: Latios|spa|2
|-damage|p1a: Latios|257\/301|[from] item: Life Orb
|
|-heal|p2a: Nice try hacker|123\/334|[from] item: Leftovers
|turn|22
|
|switch|p1a: Metagross|Metagross|301\/301
|-damage|p1a: Metagross|251\/301|[from] Spikes
|move|p2a: Nice try hacker|Knock Off|p1a: Metagross
|-supereffective|p1a: Metagross
|-damage|p1a: Metagross|41\/301
|
|-heal|p2a: Nice try hacker|143\/334|[from] item: Leftovers
|turn|23
|
|detailschange|p1a: Metagross|Metagross-Mega
|-mega|p1a: Metagross|Metagross|Metagrossite
|move|p1a: Metagross|Bullet Punch|p2a: Nice try hacker
|-resisted|p2a: Nice try hacker
|-damage|p2a: Nice try hacker|94\/334
|move|p2a: Nice try hacker|Sucker Punch|p1a: Metagross
|-fail|p1a: Metagross
|
|-heal|p2a: Nice try hacker|114\/334|[from] item: Leftovers
|turn|24
|
|move|p1a: Metagross|Bullet Punch|p2a: Nice try hacker
|-resisted|p2a: Nice try hacker
|-damage|p2a: Nice try hacker|63\/334
|move|p2a: Nice try hacker|Sucker Punch|p1a: Metagross
|-fail|p1a: Metagross
|
|-heal|p2a: Nice try hacker|83\/334|[from] item: Leftovers
|turn|25
|
|move|p1a: Metagross|Bullet Punch|p2a: Nice try hacker
|-resisted|p2a: Nice try hacker
|-damage|p2a: Nice try hacker|32\/334
|move|p2a: Nice try hacker|Sucker Punch|p1a: Metagross
|-fail|p1a: Metagross
|
|-heal|p2a: Nice try hacker|52\/334|[from] item: Leftovers
|turn|26
|c|âAka DH|the country isn't relevant using a proxy
|
|move|p2a: Nice try hacker|Sucker Punch|p1a: Metagross
|-supereffective|p1a: Metagross
|-damage|p1a: Metagross|0 fnt
|faint|p1a: Metagross
|
|-heal|p2a: Nice try hacker|72\/334|[from] item: Leftovers
|
|switch|p1a: Landorus|Landorus, M|319\/319
|turn|27
|
|move|p1a: Landorus|Earth Power|p2a: Nice try hacker
|-supereffective|p2a: Nice try hacker
|-damage|p2a: Nice try hacker|0 fnt
|faint|p2a: Nice try hacker
|
|
|switch|p2a: Nice try hacker|Keldeo|323\/323
|-damage|p2a: Nice try hacker|303\/323|[from] Stealth Rock
|turn|28
|
|switch|p1a: Latios|Latios, M|257\/301
|move|p2a: Nice try hacker|Icy Wind|p1a: Latios
|-crit|p1a: Latios
|-supereffective|p1a: Latios
|-damage|p1a: Latios|71\/301
|-unboost|p1a: Latios|spe|1
|
|-heal|p2a: Nice try hacker|323\/323|[from] item: Leftovers
|turn|29
|c|âHere to Stay|fs
|-message|Here to Stay forfeited.
|leave|Here to Stay
|
|win|Aka DH
|raw|Ladder updating...
|player|p1
|raw|Here to Stay's rating: 1679 &rarr; <strong>1662<\/strong><br \/>(-17 for losing)
|raw|Aka DH's rating: 1747 &rarr; <strong>1763<\/strong><br \/>(+16 for winning)
|c| i came from leddit|:]