|join|Here to Stay
|join|lil manaphy
|player|p1|Here to Stay|148
|player|p2|lil manaphy|9
|gametype|singles
|gen|6
|tier|OU
|rated
|clearpoke
|poke|p1|Scizor, F
|poke|p1|Keldeo
|poke|p1|Landorus, M
|poke|p1|Gardevoir, F
|poke|p1|Skarmory, F
|poke|p1|Rotom-Wash
|poke|p2|Lopunny, M
|poke|p2|Rotom-Wash
|poke|p2|Gothitelle, F
|poke|p2|Celebi
|poke|p2|Heatran, M
|poke|p2|Mandibuzz, F
|rule|Swagger Clause: Swagger is banned
|rule|Baton Pass Clause: Limit one PokÃ©mon knowing Baton Pass
|rule|Sleep Clause Mod: Limit one foe put to sleep
|rule|Species Clause: Limit one of each PokÃ©mon
|rule|OHKO Clause: OHKO moves are banned
|rule|Moody Clause: Moody is banned
|rule|Evasion Moves Clause: Evasion moves are banned
|rule|Endless Battle Clause: Forcing endless battles is banned
|rule|HP Percentage Mod: HP is shown in percentages
|teampreview
|
|start
|switch|p1a: Skarmory|Skarmory, F|333\/333
|switch|p2a: Lopunny|Lopunny, M|271\/271
|turn|1
|
|switch|p2a: Gothitelle|Gothitelle, F|301\/301
|move|p1a: Skarmory|Stealth Rock|p2a: Gothitelle
|-sidestart|p2: lil manaphy|move: Stealth Rock
|
|turn|2
|
|switch|p1a: Gardevoir|Gardevoir, F|277\/277
|-ability|p1a: Gardevoir|Shadow Tag|[from] ability: Trace|[of] p2a: Gothitelle
|move|p2a: Gothitelle|Trick|p1a: Gardevoir
|-activate|p2a: Gothitelle|move: Trick|[of] p1a: Gardevoir
|-item|p1a: Gardevoir|Choice Scarf|[from] move: Trick
|-item|p2a: Gothitelle|Choice Scarf|[from] move: Trick
|
|turn|3
|
|switch|p1a: Landorus|Landorus, M|319\/319
|move|p2a: Gothitelle|Calm Mind|p2a: Gothitelle
|-boost|p2a: Gothitelle|spa|1
|-boost|p2a: Gothitelle|spd|1
|
|turn|4
|
|switch|p2a: Celebi|Celebi|404\/404
|-damage|p2a: Celebi|354\/404|[from] Stealth Rock
|move|p1a: Landorus|Focus Blast|p2a: Celebi
|-resisted|p2a: Celebi
|-damage|p2a: Celebi|267\/404
|
|-heal|p2a: Celebi|292\/404|[from] item: Leftovers
|turn|5
|
|move|p1a: Landorus|Focus Blast|p2a: Celebi|[miss]
|-miss|p1a: Landorus|p2a: Celebi
|move|p2a: Celebi|Recover|p2a: Celebi
|-heal|p2a: Celebi|404\/404
|
|turn|6
|
|switch|p1a: Skarmory|Skarmory, F|333\/333
|move|p2a: Celebi|Baton Pass|p2a: Celebi
|join|m00n's blanket
|
|switch|p2a: Heatran|Heatran, M|384\/384
|-damage|p2a: Heatran|336\/384|[from] Stealth Rock
|
|-heal|p2a: Heatran|360\/384|[from] item: Leftovers
|turn|7
|
|switch|p1a: Rotom-Wash|Rotom-Wash|304\/304
|move|p2a: Heatran|Stealth Rock|p1a: Rotom-Wash
|-sidestart|p1: Here to Stay|move: Stealth Rock
|
|-heal|p2a: Heatran|384\/384|[from] item: Leftovers
|turn|8
|
|switch|p2a: Celebi|Celebi|404\/404
|-damage|p2a: Celebi|354\/404|[from] Stealth Rock
|move|p1a: Rotom-Wash|Volt Switch|p2a: Celebi
|-resisted|p2a: Celebi
|-damage|p2a: Celebi|322\/404
|
|switch|p1a: Scizor|Scizor, F|281\/281
|-damage|p1a: Scizor|246\/281|[from] Stealth Rock
|
|-heal|p2a: Celebi|347\/404|[from] item: Leftovers
|turn|9
|
|detailschange|p1a: Scizor|Scizor-Mega, F
|-mega|p1a: Scizor|Scizor|Scizorite
|move|p2a: Celebi|Baton Pass|p2a: Celebi
|
|switch|p2a: Mandibuzz|Mandibuzz, F|423\/423
|-damage|p2a: Mandibuzz|318\/423|[from] Stealth Rock
|move|p1a: Scizor|Superpower|p2a: Mandibuzz
|-damage|p2a: Mandibuzz|192\/423
|-damage|p1a: Scizor|200\/281|[from] item: Rocky Helmet|[of] p2a: Mandibuzz
|-unboost|p1a: Scizor|atk|1
|-unboost|p1a: Scizor|def|1
|
|turn|10
|
|switch|p1a: Skarmory|Skarmory, F|333\/333
|-damage|p1a: Skarmory|292\/333|[from] Stealth Rock
|move|p2a: Mandibuzz|Roost|p2a: Mandibuzz
|-heal|p2a: Mandibuzz|404\/423
|
|turn|11
|
|move|p2a: Mandibuzz|Taunt|p1a: Skarmory
|-start|p1a: Skarmory|move: Taunt
|cant|p1a: Skarmory|move: Taunt|Defog
|
|turn|12
|
|switch|p1a: Scizor|Scizor-Mega, F|200\/281
|-damage|p1a: Scizor|165\/281|[from] Stealth Rock
|move|p2a: Mandibuzz|Foul Play|p1a: Scizor
|-damage|p1a: Scizor|21\/281
|
|turn|13
|
|move|p1a: Scizor|Roost|p1a: Scizor
|-heal|p1a: Scizor|162\/281
|move|p2a: Mandibuzz|Foul Play|p1a: Scizor
|-damage|p1a: Scizor|12\/281
|
|turn|14
|
|switch|p1a: Rotom-Wash|Rotom-Wash|304\/304
|-damage|p1a: Rotom-Wash|266\/304|[from] Stealth Rock
|move|p2a: Mandibuzz|Foul Play|p1a: Rotom-Wash
|-damage|p1a: Rotom-Wash|208\/304
|
|turn|15
|
|move|p1a: Rotom-Wash|Volt Switch|p2a: Mandibuzz
|-supereffective|p2a: Mandibuzz
|-damage|p2a: Mandibuzz|230\/423
|
|switch|p1a: Keldeo|Keldeo|323\/323
|-damage|p1a: Keldeo|303\/323|[from] Stealth Rock
|move|p2a: Mandibuzz|Roost|p2a: Mandibuzz
|-heal|p2a: Mandibuzz|423\/423
|
|turn|16
|
|switch|p2a: Gothitelle|Gothitelle, F|301\/301
|-damage|p2a: Gothitelle|264\/301|[from] Stealth Rock
|move|p1a: Keldeo|Scald|p2a: Gothitelle
|-damage|p2a: Gothitelle|56\/301
|
|turn|17
|
|move|p2a: Gothitelle|Psychic|p1a: Keldeo
|-supereffective|p1a: Keldeo
|-damage|p1a: Keldeo|19\/323
|move|p1a: Keldeo|Scald|p2a: Gothitelle
|-damage|p2a: Gothitelle|0 fnt
|faint|p2a: Gothitelle
|
|
|switch|p2a: Lopunny|Lopunny, M|271\/271
|-damage|p2a: Lopunny|238\/271|[from] Stealth Rock
|turn|18
|
|switch|p1a: Skarmory|Skarmory, F|292\/333
|-damage|p1a: Skarmory|251\/333|[from] Stealth Rock
|detailschange|p2a: Lopunny|Lopunny-Mega, M
|-mega|p2a: Lopunny|Lopunny|Lopunnite
|move|p2a: Lopunny|Fake Out|p1a: Skarmory
|-resisted|p1a: Skarmory
|-damage|p1a: Skarmory|231\/333
|
|turn|19
|
|switch|p2a: Heatran|Heatran, M|384\/384
|-damage|p2a: Heatran|336\/384|[from] Stealth Rock
|move|p1a: Skarmory|Defog|p2a: Heatran
|-unboost|p2a: Heatran|evasion|1
|-sideend|p2: lil manaphy|Stealth Rock|[from] move: Defog|[of] p2a: Heatran
|-sideend|p1: Here to Stay|Stealth Rock|[from] move: Defog|[of] p1a: Skarmory
|
|-heal|p2a: Heatran|360\/384|[from] item: Leftovers
|turn|20
|leave|m00n's blanket
|
|switch|p1a: Scizor|Scizor-Mega, F|12\/281
|move|p2a: Heatran|Stealth Rock|p1a: Scizor
|-sidestart|p1: Here to Stay|move: Stealth Rock
|
|-heal|p2a: Heatran|384\/384|[from] item: Leftovers
|turn|21
|
|move|p2a: Heatran|Lava Plume|p1a: Scizor
|-supereffective|p1a: Scizor
|-damage|p1a: Scizor|0 fnt
|faint|p1a: Scizor
|
|-message|Here to Stay forfeited.
|leave|Here to Stay
|
|win|lil manaphy
|raw|Ladder updating...
|player|p1
|raw|Here to Stay's rating: 1688 &rarr; <strong>1672<\/strong><br \/>(-16 for losing)
|raw|lil manaphy's rating: 1755 &rarr; <strong>1771<\/strong><br \/>(+16 for winning)