|join|Amoongbro
|join|Here to Stay
|player|p1|Amoongbro|169
|player|p2|Here to Stay|148
|gametype|singles
|gen|6
|tier|OU
|rated
|clearpoke
|poke|p1|Chansey, F, shiny
|poke|p1|Skarmory, F, shiny
|poke|p1|Alomomola, F, shiny
|poke|p1|Amoonguss, F, shiny
|poke|p1|Quagsire, M, shiny
|poke|p1|Sableye, F, shiny
|poke|p2|Gothitelle, F
|poke|p2|Scizor, M
|poke|p2|Raikou
|poke|p2|Excadrill, M
|poke|p2|Tyranitar, M
|poke|p2|Crawdaunt, M
|rule|Swagger Clause: Swagger is banned
|rule|Baton Pass Clause: Limit one PokÃ©mon knowing Baton Pass
|rule|Sleep Clause Mod: Limit one foe put to sleep
|rule|Species Clause: Limit one of each PokÃ©mon
|rule|OHKO Clause: OHKO moves are banned
|rule|Moody Clause: Moody is banned
|rule|Evasion Moves Clause: Evasion moves are banned
|rule|Endless Battle Clause: Forcing endless battles is banned
|rule|HP Percentage Mod: HP is shown in percentages
|teampreview
|c|âAmoongbro|lol
|c|âAmoongbro|gg
|c|âHere to Stay|:L
|c|âAmoongbro|Gothitelle can fuck right off
|
|start
|switch|p1a: Not Mega|Sableye, F, shiny|304\/304
|switch|p2a: Raikou|Raikou|321\/321
|-ability|p2a: Raikou|Pressure
|turn|1
|c|âHere to Stay|its a con of running stall
|
|switch|p1a: Uncle Blobby|Quagsire, M, shiny|394\/394
|move|p2a: Raikou|Volt Switch|p1a: Uncle Blobby
|-immune|p1a: Uncle Blobby|[msg]
|
|turn|2
|
|move|p2a: Raikou|Volt Switch|p1a: Uncle Blobby
|-immune|p1a: Uncle Blobby|[msg]
|move|p1a: Uncle Blobby|Earthquake|p2a: Raikou
|-supereffective|p2a: Raikou
|-damage|p2a: Raikou|79\/321
|
|turn|3
|
|switch|p2a: Gothitelle|Gothitelle, F|301\/301
|move|p1a: Uncle Blobby|Scald|p2a: Gothitelle
|-damage|p2a: Gothitelle|240\/301
|
|turn|4
|
|move|p2a: Gothitelle|Trick|p1a: Uncle Blobby
|-activate|p2a: Gothitelle|move: Trick|[of] p1a: Uncle Blobby
|-item|p1a: Uncle Blobby|Choice Scarf|[from] move: Trick
|-item|p2a: Gothitelle|Leftovers|[from] move: Trick
|move|p1a: Uncle Blobby|Earthquake|p2a: Gothitelle
|-damage|p2a: Gothitelle|125\/301
|
|-heal|p2a: Gothitelle|143\/301|[from] item: Leftovers
|turn|5
|
|move|p2a: Gothitelle|Rest|p2a: Gothitelle
|-status|p2a: Gothitelle|slp
|-heal|p2a: Gothitelle|301\/301 slp|[silent]
|-status|p2a: Gothitelle|slp|[from] move: Rest
|move|p1a: Uncle Blobby|Earthquake|p2a: Gothitelle
|-damage|p2a: Gothitelle|198\/301 slp
|
|-heal|p2a: Gothitelle|216\/301 slp|[from] item: Leftovers
|turn|6
|
|cant|p2a: Gothitelle|slp
|move|p1a: Uncle Blobby|Earthquake|p2a: Gothitelle
|-damage|p2a: Gothitelle|101\/301 slp
|
|-heal|p2a: Gothitelle|119\/301 slp|[from] item: Leftovers
|turn|7
|
|cant|p2a: Gothitelle|slp
|move|p1a: Uncle Blobby|Earthquake|p2a: Gothitelle
|-damage|p2a: Gothitelle|2\/301 slp
|
|-heal|p2a: Gothitelle|20\/301 slp|[from] item: Leftovers
|turn|8
|
|-curestatus|p2a: Gothitelle|slp
|move|p2a: Gothitelle|Rest|p2a: Gothitelle
|-status|p2a: Gothitelle|slp
|-heal|p2a: Gothitelle|301\/301 slp|[silent]
|-status|p2a: Gothitelle|slp|[from] move: Rest
|move|p1a: Uncle Blobby|Earthquake|p2a: Gothitelle
|-damage|p2a: Gothitelle|193\/301 slp
|
|-heal|p2a: Gothitelle|211\/301 slp|[from] item: Leftovers
|turn|9
|c|âAmoongbro|the thing is...if you lose gothitelle you get 6-0d by me
|
|cant|p2a: Gothitelle|slp
|move|p1a: Uncle Blobby|Earthquake|p2a: Gothitelle
|-crit|p2a: Gothitelle
|-damage|p2a: Gothitelle|36\/301 slp
|
|-heal|p2a: Gothitelle|54\/301 slp|[from] item: Leftovers
|turn|10
|
|switch|p2a: Scizor|Scizor, M|344\/344
|move|p1a: Uncle Blobby|Earthquake|p2a: Scizor
|-damage|p2a: Scizor|265\/344
|
|turn|11
|c|âHere to Stay|whys that
|
|switch|p2a: Crawdaunt|Crawdaunt, M|267\/267
|switch|p1a: Mrs Blobby|Alomomola, F, shiny|529\/529
|
|turn|12
|
|switch|p2a: Tyranitar|Tyranitar, M|403\/403
|-weather|Sandstorm
|switch|p1a: Uncle Blobby|Quagsire, M, shiny|394\/394
|
|-weather|Sandstorm|[upkeep]
|turn|13
|c|âAmoongbro|cause you do
|
|switch|p1a: Fuck Magnezone|Skarmory, F, shiny|334\/334
|move|p2a: Tyranitar|Stealth Rock|p1a: Fuck Magnezone
|-sidestart|p1: Amoongbro|move: Stealth Rock
|
|-weather|Sandstorm|[upkeep]
|turn|14
|
|switch|p2a: Crawdaunt|Crawdaunt, M|267\/267
|move|p1a: Fuck Magnezone|Defog|p2a: Crawdaunt
|-unboost|p2a: Crawdaunt|evasion|1
|-sideend|p1: Amoongbro|Stealth Rock|[from] move: Defog|[of] p1a: Fuck Magnezone
|
|-weather|Sandstorm|[upkeep]
|-damage|p2a: Crawdaunt|251\/267|[from] sandstorm
|turn|15
|
|move|p2a: Crawdaunt|Crabhammer|p1a: Fuck Magnezone
|-damage|p1a: Fuck Magnezone|136\/334
|move|p1a: Fuck Magnezone|Brave Bird|p2a: Crawdaunt
|-damage|p2a: Crawdaunt|125\/267
|-damage|p1a: Fuck Magnezone|94\/334|[from] recoil|[of] p2a: Crawdaunt
|
|-weather|Sandstorm|[upkeep]
|-damage|p2a: Crawdaunt|109\/267|[from] sandstorm
|turn|16
|
|switch|p2a: Raikou|Raikou|79\/321
|-ability|p2a: Raikou|Pressure
|switch|p1a: Mrs Blobby|Alomomola, F, shiny|529\/529
|
|-weather|Sandstorm|[upkeep]
|-damage|p2a: Raikou|59\/321|[from] sandstorm
|-damage|p1a: Mrs Blobby|496\/529|[from] sandstorm
|-heal|p1a: Mrs Blobby|529\/529|[from] item: Leftovers
|turn|17
|
|switch|p2a: Tyranitar|Tyranitar, M|403\/403
|switch|p1a: Mr Blobby|Amoonguss, F, shiny|432\/432
|
|-weather|Sandstorm|[upkeep]
|-damage|p1a: Mr Blobby|405\/432|[from] sandstorm
|turn|18
|
|switch|p1a: Fuck Magnezone|Skarmory, F, shiny|94\/334
|move|p2a: Tyranitar|Stealth Rock|p1a: Fuck Magnezone
|-sidestart|p1: Amoongbro|move: Stealth Rock
|
|-weather|Sandstorm|[upkeep]
|turn|19
|
|move|p1a: Fuck Magnezone|Roost|p1a: Fuck Magnezone
|-heal|p1a: Fuck Magnezone|261\/334
|move|p2a: Tyranitar|Fire Blast|p1a: Fuck Magnezone
|-supereffective|p1a: Fuck Magnezone
|-damage|p1a: Fuck Magnezone|61\/334
|
|-weather|none
|turn|20
|
|move|p1a: Fuck Magnezone|Defog|p2a: Tyranitar
|-unboost|p2a: Tyranitar|evasion|1
|-sideend|p1: Amoongbro|Stealth Rock|[from] move: Defog|[of] p1a: Fuck Magnezone
|move|p2a: Tyranitar|Fire Blast|p1a: Fuck Magnezone
|-supereffective|p1a: Fuck Magnezone
|-damage|p1a: Fuck Magnezone|0 fnt
|faint|p1a: Fuck Magnezone
|
|
|switch|p1a: Not Mega|Sableye, F, shiny|304\/304
|turn|21
|
|switch|p2a: Gothitelle|Gothitelle, F|54\/301 slp
|detailschange|p1a: Not Mega|Sableye-Mega, F, shiny
|-mega|p1a: Not Mega|Sableye|Sablenite
|move|p1a: Not Mega|Knock Off|p2a: Gothitelle
|-supereffective|p2a: Gothitelle
|-damage|p2a: Gothitelle|0 fnt
|-enditem|p2a: Gothitelle|Leftovers|[from] move: Knock Off|[of] p1a: Not Mega
|faint|p2a: Gothitelle
|
|
|switch|p2a: Crawdaunt|Crawdaunt, M|109\/267
|turn|22
|
|move|p2a: Crawdaunt|Crabhammer|p1a: Not Mega
|-damage|p1a: Not Mega|82\/304
|move|p1a: Not Mega|Will-O-Wisp|p2a: Crawdaunt
|-status|p2a: Crawdaunt|brn
|
|-damage|p2a: Crawdaunt|76\/267 brn|[from] brn
|turn|23
|
|switch|p1a: Mrs Blobby|Alomomola, F, shiny|529\/529
|move|p2a: Crawdaunt|Crabhammer|p1a: Mrs Blobby
|-resisted|p1a: Mrs Blobby
|-damage|p1a: Mrs Blobby|461\/529
|
|-heal|p1a: Mrs Blobby|494\/529|[from] item: Leftovers
|-damage|p2a: Crawdaunt|43\/267 brn|[from] brn
|turn|24
|
|move|p2a: Crawdaunt|Crabhammer|p1a: Mrs Blobby
|-resisted|p1a: Mrs Blobby
|-damage|p1a: Mrs Blobby|424\/529
|move|p1a: Mrs Blobby|Wish|p1a: Mrs Blobby
|
|-heal|p1a: Mrs Blobby|457\/529|[from] item: Leftovers
|-damage|p2a: Crawdaunt|10\/267 brn|[from] brn
|turn|25
|
|move|p1a: Mrs Blobby|Protect|p1a: Mrs Blobby
|-singleturn|p1a: Mrs Blobby|Protect
|move|p2a: Crawdaunt|Crabhammer|p1a: Mrs Blobby
|-activate|p1a: Mrs Blobby|Protect
|
|-heal|p1a: Mrs Blobby|529\/529|[from] move: Wish|[wisher] Mrs Blobby
|-damage|p2a: Crawdaunt|0 fnt|[from] brn
|faint|p2a: Crawdaunt
|
|switch|p2a: Raikou|Raikou|59\/321
|-ability|p2a: Raikou|Pressure
|turn|26
|
|switch|p1a: Baby Blobby|Chansey, F, shiny|704\/704
|move|p2a: Raikou|Volt Switch|p1a: Baby Blobby
|-damage|p1a: Baby Blobby|629\/704
|
|switch|p2a: Scizor|Scizor, M|265\/344
|
|turn|27
|
|switch|p1a: Mrs Blobby|Alomomola, F, shiny|529\/529
|detailschange|p2a: Scizor|Scizor-Mega, M
|-mega|p2a: Scizor|Scizor|Scizorite
|move|p2a: Scizor|Superpower|p1a: Mrs Blobby
|-crit|p1a: Mrs Blobby
|-damage|p1a: Mrs Blobby|361\/529
|-unboost|p2a: Scizor|atk|1
|-unboost|p2a: Scizor|def|1
|
|-heal|p1a: Mrs Blobby|394\/529|[from] item: Leftovers
|turn|28
|
|switch|p2a: Raikou|Raikou|59\/321
|-ability|p2a: Raikou|Pressure
|move|p1a: Mrs Blobby|Toxic|p2a: Raikou|[miss]
|-miss|p1a: Mrs Blobby|p2a: Raikou
|
|-heal|p1a: Mrs Blobby|427\/529|[from] item: Leftovers
|turn|29
|c|âAmoongbro|sigh
|
|switch|p1a: Mr Blobby|Amoonguss, F, shiny|432\/432
|move|p2a: Raikou|Shadow Ball|p1a: Mr Blobby
|-damage|p1a: Mr Blobby|364\/432
|
|turn|30
|
|move|p2a: Raikou|Volt Switch|p1a: Mr Blobby
|-resisted|p1a: Mr Blobby
|-damage|p1a: Mr Blobby|316\/432
|
|switch|p2a: Excadrill|Excadrill, M|361\/361
|-item|p2a: Excadrill|Air Balloon
|move|p1a: Mr Blobby|Giga Drain|p2a: Excadrill
|-damage|p2a: Excadrill|250\/361
|-heal|p1a: Mr Blobby|372\/432|[from] drain|[of] p2a: Excadrill
|-enditem|p2a: Excadrill|Air Balloon
|
|turn|31
|
|move|p2a: Excadrill|Earthquake|p1a: Mr Blobby
|-damage|p1a: Mr Blobby|194\/432
|move|p1a: Mr Blobby|Foul Play|p2a: Excadrill
|-damage|p2a: Excadrill|64\/361
|
|turn|32
|
|switch|p1a: Mrs Blobby|Alomomola, F, shiny|529\/529
|move|p2a: Excadrill|Earthquake|p1a: Mrs Blobby
|-damage|p1a: Mrs Blobby|348\/529
|
|-heal|p1a: Mrs Blobby|381\/529|[from] item: Leftovers
|turn|33
|
|switch|p2a: Scizor|Scizor-Mega, M|265\/344
|move|p1a: Mrs Blobby|Scald|p2a: Scizor
|-damage|p2a: Scizor|216\/344
|
|-heal|p1a: Mrs Blobby|414\/529|[from] item: Leftovers
|turn|34
|
|move|p2a: Scizor|Swords Dance|p2a: Scizor
|-boost|p2a: Scizor|atk|2
|move|p1a: Mrs Blobby|Scald|p2a: Scizor
|-damage|p2a: Scizor|170\/344
|
|-heal|p1a: Mrs Blobby|447\/529|[from] item: Leftovers
|turn|35
|
|move|p2a: Scizor|Swords Dance|p2a: Scizor
|-boost|p2a: Scizor|atk|2
|move|p1a: Mrs Blobby|Scald|p2a: Scizor
|-damage|p2a: Scizor|122\/344
|
|-heal|p1a: Mrs Blobby|480\/529|[from] item: Leftovers
|turn|36
|
|switch|p1a: Uncle Blobby|Quagsire, M, shiny|394\/394
|move|p2a: Scizor|Swords Dance|p2a: Scizor
|-boost|p2a: Scizor|atk|2
|
|turn|37
|
|move|p2a: Scizor|Superpower|p1a: Uncle Blobby
|-damage|p1a: Uncle Blobby|281\/394
|-unboost|p2a: Scizor|atk|1
|-unboost|p2a: Scizor|def|1
|move|p1a: Uncle Blobby|Haze|p1a: Uncle Blobby
|-clearallboost
|
|turn|38
|
|switch|p1a: Mrs Blobby|Alomomola, F, shiny|529\/529
|move|p2a: Scizor|Swords Dance|p2a: Scizor
|-boost|p2a: Scizor|atk|2
|
|turn|39
|-message|Here to Stay forfeited.
|
|win|Amoongbro
|raw|Ladder updating...
|leave|Here to Stay
|player|p2
|raw|Amoongbro's rating: 1802 &rarr; <strong>1811<\/strong><br \/>(+9 for winning)
|raw|Here to Stay's rating: 1593 &rarr; <strong>1584<\/strong><br \/>(-9 for losing)
|c|âAmoongbro|lol i beat someone with gothitelle!
|c|âAmoongbro|epic!