|join|Here to Stay
|join|higglybiggly
|player|p1|Here to Stay|148
|player|p2|higglybiggly|94
|gametype|singles
|gen|6
|tier|OU
|rated
|clearpoke
|poke|p1|Landorus, M
|poke|p1|Lucario, M
|poke|p1|Bisharp, F
|poke|p1|Deoxys-Speed
|poke|p1|Thundurus, M
|poke|p1|Garchomp, F
|poke|p2|Genesect, shiny
|poke|p2|Garchomp, F
|poke|p2|Landorus-Therian, M
|poke|p2|Talonflame, F
|poke|p2|Tentacruel, F
|poke|p2|Rotom-Wash
|rule|Sleep Clause Mod: Limit one foe put to sleep
|rule|Species Clause: Limit one of each Pokemon
|rule|OHKO Clause: OHKO moves are banned
|rule|Moody Clause: Moody is banned
|rule|Evasion Moves Clause: Evasion moves are banned
|rule|Endless Battle Clause: Forcing endless battles is banned.
|rule|HP Percentage Mod: HP is reported as percentages
|teampreview
|
|start
|switch|p1a: Deoxys-Speed|Deoxys-Speed|241\/241
|switch|p2a: Rotom-Wash|Rotom-Wash|304\/304
|-ability|p1a: Deoxys-Speed|Pressure
|turn|1
|
|move|p1a: Deoxys-Speed|Stealth Rock|p2a: Rotom-Wash
|-sidestart|p2: higglybiggly|move: Stealth Rock
|move|p2a: Rotom-Wash|Volt Switch|p1a: Deoxys-Speed
|-damage|p1a: Deoxys-Speed|148\/241
|join|kullhadd hekk
|
|switch|p2a: Landorus-Therian|Landorus-Therian, M|382\/382
|-damage|p2a: Landorus-Therian|335\/382|[from] Stealth Rock
|-ability|p2a: Landorus-Therian|Intimidate|[of] p1a: Deoxys-Speed
|-unboost|p1a: Deoxys-Speed|atk|1
|
|-heal|p2a: Landorus-Therian|358\/382|[from] item: Leftovers
|turn|2
|chat|Here to Stay|whats the problem
|
|move|p1a: Deoxys-Speed|Taunt|p2a: Landorus-Therian
|-start|p2a: Landorus-Therian|move: Taunt
|move|p2a: Landorus-Therian|U-turn|p1a: Deoxys-Speed
|-supereffective|p1a: Deoxys-Speed
|-damage|p1a: Deoxys-Speed|0 fnt
|faint|p1a: Deoxys-Speed
|
|switch|p2a: Rotom-Wash|Rotom-Wash|304\/304
|-damage|p2a: Rotom-Wash|266\/304|[from] Stealth Rock
|
|-heal|p2a: Rotom-Wash|285\/304|[from] item: Leftovers
|
|switch|p1a: Thundurus|Thundurus, M|300\/300
|turn|3
|
|move|p1a: Thundurus|Thunderbolt|p2a: Rotom-Wash
|-damage|p2a: Rotom-Wash|168\/304
|move|p2a: Rotom-Wash|Volt Switch|p1a: Thundurus
|-crit|p1a: Thundurus
|-damage|p1a: Thundurus|135\/300
|
|switch|p2a: Genesect|Genesect, shiny|283\/283
|-damage|p2a: Genesect|248\/283|[from] Stealth Rock
|-boost|p2a: Genesect|atk|1|[from] ability: Download
|
|-heal|p1a: Thundurus|153\/300|[from] item: Leftovers
|turn|4
|
|switch|p1a: Bisharp|Bisharp, F|271\/271
|move|p2a: Genesect|Extreme Speed|p1a: Bisharp
|-resisted|p1a: Bisharp
|-damage|p1a: Bisharp|168\/271
|
|turn|5
|
|switch|p2a: Landorus-Therian|Landorus-Therian, M|358\/382
|-damage|p2a: Landorus-Therian|311\/382|[from] Stealth Rock
|-ability|p2a: Landorus-Therian|Intimidate|[of] p1a: Bisharp
|-unboost|p1a: Bisharp|atk|1
|-boost|p1a: Bisharp|atk|2|[from] ability: Defiant
|move|p1a: Bisharp|Knock Off|p2a: Landorus-Therian
|-damage|p2a: Landorus-Therian|14\/382
|-enditem|p2a: Landorus-Therian|Leftovers|[from] move: Knock Off|[of] p1a: Bisharp
|
|turn|6
|
|move|p2a: Landorus-Therian|Stealth Rock|p1a: Bisharp
|-sidestart|p1: Here to Stay|move: Stealth Rock
|move|p1a: Bisharp|Knock Off|p2a: Landorus-Therian
|-damage|p2a: Landorus-Therian|0 fnt
|faint|p2a: Landorus-Therian
|
|
|switch|p2a: Tentacruel|Tentacruel, F|363\/363
|-damage|p2a: Tentacruel|318\/363|[from] Stealth Rock
|turn|7
|
|move|p2a: Tentacruel|Rapid Spin|p1a: Bisharp
|-resisted|p1a: Bisharp
|-damage|p1a: Bisharp|163\/271
|-sideend|p2: higglybiggly|Stealth Rock|[from] move: Rapid Spin|[of] p2a: Tentacruel
|move|p1a: Bisharp|Swords Dance|p1a: Bisharp
|-boost|p1a: Bisharp|atk|2
|
|-heal|p2a: Tentacruel|340\/363|[from] item: Black Sludge
|turn|8
|
|move|p1a: Bisharp|Sucker Punch|p2a: Tentacruel
|-fail|p2a: Tentacruel
|move|p2a: Tentacruel|Substitute|p2a: Tentacruel
|-start|p2a: Tentacruel|Substitute
|-damage|p2a: Tentacruel|250\/363
|
|-heal|p2a: Tentacruel|272\/363|[from] item: Black Sludge
|turn|9
|
|move|p2a: Tentacruel|Scald|p1a: Bisharp
|-damage|p1a: Bisharp|64\/271
|move|p1a: Bisharp|Knock Off|p2a: Tentacruel
|-end|p2a: Tentacruel|Substitute
|
|-heal|p2a: Tentacruel|294\/363|[from] item: Black Sludge
|turn|10
|
|move|p2a: Tentacruel|Scald|p1a: Bisharp
|-damage|p1a: Bisharp|0 fnt
|faint|p1a: Bisharp
|
|-heal|p2a: Tentacruel|316\/363|[from] item: Black Sludge
|
|switch|p1a: Landorus|Landorus, M|320\/320
|-damage|p1a: Landorus|280\/320|[from] Stealth Rock
|turn|11
|
|move|p1a: Landorus|Earth Power|p2a: Tentacruel
|-supereffective|p2a: Tentacruel
|-damage|p2a: Tentacruel|0 fnt
|faint|p2a: Tentacruel
|
|
|switch|p2a: Talonflame|Talonflame, F|325\/325
|turn|12
|
|move|p2a: Talonflame|Swords Dance|p2a: Talonflame
|-boost|p2a: Talonflame|atk|2
|move|p1a: Landorus|Psychic|p2a: Talonflame
|-damage|p2a: Talonflame|90\/325
|
|-heal|p2a: Talonflame|110\/325|[from] item: Leftovers
|turn|13
|
|move|p2a: Talonflame|Brave Bird|p1a: Landorus
|-damage|p1a: Landorus|0 fnt
|-damage|p2a: Talonflame|18\/325|[from] recoil|[of] p1a: Landorus
|faint|p1a: Landorus
|
|-heal|p2a: Talonflame|38\/325|[from] item: Leftovers
|
|switch|p1a: Lucario|Lucario, M|281\/281
|-damage|p1a: Lucario|273\/281|[from] Stealth Rock
|turn|14
|
|-formechange|p1a: Lucario|Lucario-Mega
|message|Lucario has Mega Evolved into Mega Lucario!
|move|p1a: Lucario|Extreme Speed|p2a: Talonflame
|-damage|p2a: Talonflame|0 fnt
|faint|p2a: Talonflame
|
|
|switch|p2a: Garchomp|Garchomp, F|357\/357
|turn|15
|
|switch|p1a: Thundurus|Thundurus, M|153\/300
|-damage|p1a: Thundurus|78\/300|[from] Stealth Rock
|-formechange|p2a: Garchomp|Garchomp-Mega
|message|Garchomp has Mega Evolved into Mega Garchomp!
|move|p2a: Garchomp|Earthquake|p1a: Thundurus
|-immune|p1a: Thundurus|[msg]
|
|-heal|p1a: Thundurus|96\/300|[from] item: Leftovers
|turn|16
|
|switch|p2a: Genesect|Genesect, shiny|248\/283
|-boost|p2a: Genesect|atk|1|[from] ability: Download
|move|p1a: Thundurus|Hidden Power|p2a: Genesect
|-resisted|p2a: Genesect
|-damage|p2a: Genesect|215\/283
|
|-heal|p1a: Thundurus|114\/300|[from] item: Leftovers
|turn|17
|
|move|p2a: Genesect|Extreme Speed|p1a: Thundurus
|-damage|p1a: Thundurus|0 fnt
|faint|p1a: Thundurus
|
|
|switch|p1a: Lucario|Lucario, M|273\/281
|-formechange|p1a: Lucario|Lucario-Mega
|-damage|p1a: Lucario|265\/281|[from] Stealth Rock
|turn|18
|
|switch|p2a: Garchomp|Garchomp, F|357\/357
|-formechange|p2a: Garchomp|Garchomp-Mega
|move|p1a: Lucario|Swords Dance|p1a: Lucario
|-boost|p1a: Lucario|atk|2
|
|turn|19
|-message|higglybiggly forfeited.
|
|win|Here to Stay
|raw|Ladder updating...
|leave|higglybiggly
|player|p2
|raw|Here to Stay's rating: 1931 &rarr; <strong>1939<\/strong><br \/>(+8 for winning)
|raw|higglybiggly's rating: 1674 &rarr; <strong>1667<\/strong><br \/>(-7 for losing)
|leave|Here to Stay
|player|p1