|join|Here to Stay
|join|modew
|player|p1|Here to Stay|148
|player|p2|modew|120
|gametype|singles
|gen|6
|tier|OU
|rated
|clearpoke
|poke|p1|Hippowdon, F
|poke|p1|Aegislash, M
|poke|p1|Latios, M
|poke|p1|Scizor, M
|poke|p1|Suicune
|poke|p1|Thundurus, M
|poke|p2|Genesect, shiny
|poke|p2|Porygon-Z
|poke|p2|Manectric, M
|poke|p2|Scizor, F
|poke|p2|Azumarill, F
|poke|p2|Landorus-Therian, M
|rule|Sleep Clause Mod: Limit one foe put to sleep
|rule|Species Clause: Limit one of each Pokemon
|rule|OHKO Clause: OHKO moves are banned
|rule|Moody Clause: Moody is banned
|rule|Evasion Moves Clause: Evasion moves are banned
|rule|Endless Battle Clause: Forcing endless battles is banned.
|rule|HP Percentage Mod: HP is reported as percentages
|teampreview
|callback|decision
|
|start
|switch|p1a: Latios|Latios, M|301\/301
|switch|p2a: Genesect|Genesect, shiny|283\/283
|-boost|p2a: Genesect|atk|1|[from] ability: Download
|turn|1
|callback|decision
|
|switch|p2a: Azumarill|Azumarill, F|400\/400
|switch|p1a: Aegislash|Aegislash, M|321\/321
|
|turn|2
|callback|decision
|
|move|p2a: Azumarill|Knock Off|p1a: Aegislash
|-supereffective|p1a: Aegislash
|-damage|p1a: Aegislash|143\/321
|-enditem|p1a: Aegislash|Spooky Plate|[from] move: Knock Off|[of] p2a: Azumarill
|-formechange|p1a: Aegislash|Aegislash-Blade
|move|p1a: Aegislash|Shadow Ball|p2a: Azumarill
|-damage|p2a: Azumarill|198\/400
|
|-heal|p2a: Azumarill|223\/400|[from] item: Leftovers
|turn|3
|callback|decision
|
|switch|p2a: Porygon-Z|Porygon-Z|311\/311
|-formechange|p1a: Aegislash|Aegislash
|move|p1a: Aegislash|King's Shield|p1a: Aegislash
|-fail|p1a: Aegislash
|
|turn|4
|callback|decision
|
|move|p2a: Porygon-Z|Dark Pulse|p1a: Aegislash
|-supereffective|p1a: Aegislash
|-damage|p1a: Aegislash|0 fnt
|faint|p1a: Aegislash
|
|callback|decision
|
|switch|p1a: Suicune|Suicune|404\/404
|-ability|p1a: Suicune|Pressure
|turn|5
|callback|decision
|
|switch|p2a: Manectric|Manectric, M|281\/281
|move|p1a: Suicune|Calm Mind|p1a: Suicune
|-boost|p1a: Suicune|spa|1
|-boost|p1a: Suicune|spd|1
|
|turn|6
|callback|decision
|
|-formechange|p2a: Manectric|Manectric-Mega
|message|Manectric has Mega Evolved into Mega Manectric!
|-ability|p2a: Manectric|Intimidate|[of] p1a: Suicune
|-unboost|p1a: Suicune|atk|1
|move|p2a: Manectric|Thunderbolt|p1a: Suicune
|-supereffective|p1a: Suicune
|-damage|p1a: Suicune|176\/404
|move|p1a: Suicune|Calm Mind|p1a: Suicune
|-boost|p1a: Suicune|spa|1
|-boost|p1a: Suicune|spd|1
|
|-heal|p1a: Suicune|201\/404|[from] item: Leftovers
|turn|7
|callback|decision
|
|move|p2a: Manectric|Thunderbolt|p1a: Suicune
|-supereffective|p1a: Suicune
|-damage|p1a: Suicune|33\/404
|move|p1a: Suicune|Rest|p1a: Suicune
|-status|p1a: Suicune|slp
|-heal|p1a: Suicune|404\/404 slp|[silent]
|-status|p1a: Suicune|slp|[from] move: Rest
|
|turn|8
|callback|decision
|
|move|p2a: Manectric|Volt Switch|p1a: Suicune
|-crit|p1a: Suicune
|-supereffective|p1a: Suicune
|-damage|p1a: Suicune|56\/404 slp
|callback|decision
|chat|Here to Stay|thats annoying
|chat|modew|ikr
|chat|modew|thats why i stopped using crocune
|
|switch|p2a: Genesect|Genesect, shiny|283\/283
|-boost|p2a: Genesect|atk|1|[from] ability: Download
|cant|p1a: Suicune|slp
|move|p1a: Suicune|Sleep Talk|p1a: Suicune
|move|p1a: Suicune|Scald|p2a: Genesect|[from]Sleep Talk
|-damage|p2a: Genesect|115\/283
|
|-heal|p1a: Suicune|81\/404 slp|[from] item: Leftovers
|turn|9
|callback|decision
|
|move|p2a: Genesect|U-turn|p1a: Suicune
|-damage|p1a: Suicune|0 fnt
|faint|p1a: Suicune
|callback|decision
|
|switch|p2a: Manectric|Manectric, M|281\/281
|-formechange|p2a: Manectric|Manectric-Mega
|
|callback|decision
|
|switch|p1a: Hippowdon|Hippowdon, F|420\/420
|-weather|Sandstorm
|turn|10
|callback|decision
|
|move|p2a: Manectric|Hidden Power|p1a: Hippowdon
|-supereffective|p1a: Hippowdon
|-damage|p1a: Hippowdon|286\/420
|move|p1a: Hippowdon|Stealth Rock|p2a: Manectric
|-sidestart|p2: modew|move: Stealth Rock
|
|-weather|Sandstorm|[upkeep]
|-damage|p2a: Manectric|264\/281|[from] sandstorm
|-heal|p1a: Hippowdon|312\/420|[from] item: Leftovers
|turn|11
|callback|decision
|
|move|p2a: Manectric|Hidden Power|p1a: Hippowdon
|-crit|p1a: Hippowdon
|-supereffective|p1a: Hippowdon
|-damage|p1a: Hippowdon|88\/420
|move|p1a: Hippowdon|Whirlwind|p2a: Manectric
|drag|p2a: Genesect|Genesect, shiny|115\/283
|-damage|p2a: Genesect|80\/283|[from] Stealth Rock
|-boost|p2a: Genesect|spa|1|[from] ability: Download
|
|-weather|Sandstorm|[upkeep]
|-heal|p1a: Hippowdon|114\/420|[from] item: Leftovers
|turn|12
|callback|decision
|chat|Here to Stay|another damnn
|chat|modew|sorry xD
|
|switch|p1a: Scizor|Scizor, M|281\/281
|move|p2a: Genesect|Flamethrower|p1a: Scizor
|-supereffective|p1a: Scizor
|-damage|p1a: Scizor|0 fnt
|faint|p1a: Scizor
|
|-weather|Sandstorm|[upkeep]
|callback|decision
|
|switch|p1a: Latios|Latios, M|301\/301
|turn|13
|callback|decision
|
|switch|p2a: Azumarill|Azumarill, F|223\/400
|-damage|p2a: Azumarill|173\/400|[from] Stealth Rock
|move|p1a: Latios|Psyshock|p2a: Azumarill
|-damage|p2a: Azumarill|0 fnt
|-damage|p1a: Latios|271\/301|[from] item: Life Orb
|faint|p2a: Azumarill
|
|-weather|Sandstorm|[upkeep]
|-damage|p1a: Latios|253\/301|[from] sandstorm
|callback|decision
|
|switch|p2a: Genesect|Genesect, shiny|80\/283
|-damage|p2a: Genesect|45\/283|[from] Stealth Rock
|-boost|p2a: Genesect|atk|1|[from] ability: Download
|turn|14
|callback|decision
|
|switch|p1a: Hippowdon|Hippowdon, F|114\/420
|move|p2a: Genesect|U-turn|p1a: Hippowdon
|-crit|p1a: Hippowdon
|-damage|p1a: Hippowdon|0 fnt
|faint|p1a: Hippowdon
|callback|decision
|chat|modew|sorry
|chat|modew|not sure that mattered
|
|switch|p2a: Scizor|Scizor, F|344\/344
|-damage|p2a: Scizor|301\/344|[from] Stealth Rock
|
|-weather|none
|-heal|p2a: Scizor|322\/344|[from] item: Leftovers
|callback|decision
|chat|Here to Stay|i lost now anyway
|
|switch|p1a: Thundurus|Thundurus, M|299\/299
|turn|15
|callback|decision
|
|move|p1a: Thundurus|Focus Blast|p2a: Scizor|[miss]
|-miss|p1a: Thundurus|p2a: Scizor
|move|p2a: Scizor|Defog|p1a: Thundurus
|-unboost|p1a: Thundurus|evasion|1
|-sideend|p2: modew|Stealth Rock|[from] move: Defog|[of] p2a: Scizor
|
|-heal|p2a: Scizor|343\/344|[from] item: Leftovers
|turn|16
|callback|decision
|
|switch|p2a: Manectric|Manectric, M|264\/281
|-formechange|p2a: Manectric|Manectric-Mega
|-ability|p2a: Manectric|Intimidate|[of] p1a: Thundurus
|-unboost|p1a: Thundurus|atk|1
|move|p1a: Thundurus|Focus Blast|p2a: Manectric|[miss]
|-miss|p1a: Thundurus|p2a: Manectric
|
|turn|17
|callback|decision
|chat|modew|sorry
|chat|modew|lol
|chat|modew|todays not ur day
|chat|Here to Stay|yeah
|
|move|p2a: Manectric|Thunderbolt|p1a: Thundurus
|-damage|p1a: Thundurus|70\/299
|move|p1a: Thundurus|Focus Blast|p2a: Manectric
|-damage|p2a: Manectric|84\/281
|
|-heal|p1a: Thundurus|88\/299|[from] item: Leftovers
|turn|18
|callback|decision
|chat|Here to Stay|guess not
|-message|Here to Stay forfeited.
|
|win|modew
|raw|Ladder updating...
|leave|Here to Stay
|player|p1
|raw|Here to Stay's rating: 1907 &rarr; <strong>1869<\/strong><br \/>(-38 for losing)
|raw|modew's rating: 1720 &rarr; <strong>1757<\/strong><br \/>(+37 for winning)
|leave|modew
|player|p2
|join|modew