|join|ghostworld
|join|Here to Stay
|player|p1|ghostworld|121
|player|p2|Here to Stay|101
|gametype|singles
|gen|6
|tier|OU (suspect test)
|rated
|clearpoke
|poke|p1|Azelf
|poke|p1|Bisharp, M
|poke|p1|Diggersby, M
|poke|p1|Azumarill, F
|poke|p1|Pinsir, F
|poke|p1|Thundurus, M
|poke|p2|Slowbro, M
|poke|p2|Kyurem-Black
|poke|p2|Zapdos
|poke|p2|Ferrothorn, M
|poke|p2|Landorus-Therian, M
|poke|p2|Chansey, F
|rule|Swagger Clause: Swagger is banned
|rule|Baton Pass Clause: Limit one PokÃ©mon knowing Baton Pass
|rule|Sleep Clause Mod: Limit one foe put to sleep
|rule|Species Clause: Limit one of each PokÃ©mon
|rule|OHKO Clause: OHKO moves are banned
|rule|Moody Clause: Moody is banned
|rule|Evasion Moves Clause: Evasion moves are banned
|rule|Endless Battle Clause: Forcing endless battles is banned
|rule|HP Percentage Mod: HP is shown in percentages
|teampreview
|
|start
|switch|p1a: Azelf|Azelf|291\/291
|switch|p2a: Landorus-Therian|Landorus-Therian, M|319\/319
|-ability|p2a: Landorus-Therian|Intimidate|[of] p1a: Azelf
|-unboost|p1a: Azelf|atk|1
|turn|1
|
|move|p2a: Landorus-Therian|Knock Off|p1a: Azelf
|-supereffective|p1a: Azelf
|-enditem|p1a: Azelf|Focus Sash
|-damage|p1a: Azelf|1\/291
|move|p1a: Azelf|Stealth Rock|p2a: Landorus-Therian
|-sidestart|p2: Here to Stay|move: Stealth Rock
|
|turn|2
|
|move|p2a: Landorus-Therian|Knock Off|p1a: Azelf
|-supereffective|p1a: Azelf
|-damage|p1a: Azelf|0 fnt
|faint|p1a: Azelf
|
|
|switch|p1a: Bisharp|Bisharp, M|271\/271
|turn|3
|
|switch|p2a: Tytannial|Ferrothorn, M|352\/352
|-damage|p2a: Tytannial|330\/352|[from] Stealth Rock
|move|p1a: Bisharp|Knock Off|p2a: Tytannial
|-damage|p2a: Tytannial|182\/352
|-damage|p1a: Bisharp|238\/271|[from] ability: Iron Barbs|[of] p2a: Tytannial
|-damage|p1a: Bisharp|193\/271|[from] item: Rocky Helmet|[of] p2a: Tytannial
|-enditem|p2a: Tytannial|Rocky Helmet|[from] move: Knock Off|[of] p1a: Bisharp
|-damage|p1a: Bisharp|166\/271|[from] item: Life Orb
|
|turn|4
|
|move|p1a: Bisharp|Swords Dance|p1a: Bisharp
|-boost|p1a: Bisharp|atk|2
|move|p2a: Tytannial|Leech Seed|p1a: Bisharp
|-start|p1a: Bisharp|move: Leech Seed
|
|-damage|p1a: Bisharp|133\/271|[from] Leech Seed|[of] p2a: Tytannial
|-heal|p2a: Tytannial|215\/352|[silent]
|turn|5
|
|move|p2a: Tytannial|Protect|p2a: Tytannial
|-singleturn|p2a: Tytannial|Protect
|move|p1a: Bisharp|Knock Off|p2a: Tytannial
|-activate|p2a: Tytannial|Protect
|
|-damage|p1a: Bisharp|100\/271|[from] Leech Seed|[of] p2a: Tytannial
|-heal|p2a: Tytannial|248\/352|[silent]
|turn|6
|
|move|p2a: Tytannial|Protect|p2a: Tytannial
|-singleturn|p2a: Tytannial|Protect
|move|p1a: Bisharp|Knock Off|p2a: Tytannial
|-activate|p2a: Tytannial|Protect
|
|-damage|p1a: Bisharp|67\/271|[from] Leech Seed|[of] p2a: Tytannial
|-heal|p2a: Tytannial|281\/352|[silent]
|turn|7
|
|move|p1a: Bisharp|Knock Off|p2a: Tytannial
|-damage|p2a: Tytannial|78\/352
|-damage|p1a: Bisharp|34\/271|[from] ability: Iron Barbs|[of] p2a: Tytannial
|-damage|p1a: Bisharp|7\/271|[from] item: Life Orb
|move|p2a: Tytannial|Stealth Rock|p1a: Bisharp
|-sidestart|p1: ghostworld|move: Stealth Rock
|
|-damage|p1a: Bisharp|0 fnt|[from] Leech Seed|[of] p2a: Tytannial
|-heal|p2a: Tytannial|85\/352|[silent]
|faint|p1a: Bisharp
|
|switch|p1a: Diggersby|Diggersby, M|311\/311
|-damage|p1a: Diggersby|292\/311|[from] Stealth Rock
|turn|8
|
|switch|p2a: Landorus-Therian|Landorus-Therian, M|319\/319
|-damage|p2a: Landorus-Therian|280\/319|[from] Stealth Rock
|-ability|p2a: Landorus-Therian|Intimidate|[of] p1a: Diggersby
|-unboost|p1a: Diggersby|atk|1
|move|p1a: Diggersby|Knock Off|p2a: Landorus-Therian
|-damage|p2a: Landorus-Therian|133\/319
|-enditem|p2a: Landorus-Therian|Choice Scarf|[from] move: Knock Off|[of] p1a: Diggersby
|-damage|p1a: Diggersby|261\/311|[from] item: Life Orb
|
|turn|9
|
|move|p2a: Landorus-Therian|Knock Off|p1a: Diggersby
|-damage|p1a: Diggersby|78\/311
|-enditem|p1a: Diggersby|Life Orb|[from] move: Knock Off|[of] p2a: Landorus-Therian
|move|p1a: Diggersby|Knock Off|p2a: Landorus-Therian
|-damage|p2a: Landorus-Therian|61\/319
|
|turn|10
|
|switch|p2a: Tytannial|Ferrothorn, M|85\/352
|-damage|p2a: Tytannial|63\/352|[from] Stealth Rock
|move|p1a: Diggersby|Quick Attack|p2a: Tytannial
|-crit|p2a: Tytannial
|-resisted|p2a: Tytannial
|-damage|p2a: Tytannial|21\/352
|-damage|p1a: Diggersby|40\/311|[from] ability: Iron Barbs|[of] p2a: Tytannial
|
|turn|11
|
|switch|p2a: Landorus-Therian|Landorus-Therian, M|61\/319
|-damage|p2a: Landorus-Therian|22\/319|[from] Stealth Rock
|-ability|p2a: Landorus-Therian|Intimidate|[of] p1a: Diggersby
|-unboost|p1a: Diggersby|atk|1
|move|p1a: Diggersby|Knock Off|p2a: Landorus-Therian
|-damage|p2a: Landorus-Therian|0 fnt
|faint|p2a: Landorus-Therian
|
|
|switch|p2a: Kyurem-Black|Kyurem-Black|391\/391
|-damage|p2a: Kyurem-Black|294\/391|[from] Stealth Rock
|-ability|p2a: Kyurem-Black|Teravolt
|turn|12
|
|move|p1a: Diggersby|Quick Attack|p2a: Kyurem-Black
|-damage|p2a: Kyurem-Black|246\/391
|move|p2a: Kyurem-Black|Roost|p2a: Kyurem-Black
|-heal|p2a: Kyurem-Black|391\/391
|
|turn|13
|
|move|p1a: Diggersby|Quick Attack|p2a: Kyurem-Black
|-damage|p2a: Kyurem-Black|346\/391
|move|p2a: Kyurem-Black|Ice Beam|p1a: Diggersby
|-supereffective|p1a: Diggersby
|-damage|p1a: Diggersby|0 fnt
|-damage|p2a: Kyurem-Black|307\/391|[from] item: Life Orb
|faint|p1a: Diggersby
|
|
|switch|p1a: Thundurus|Thundurus, M|299\/299
|-damage|p1a: Thundurus|225\/299|[from] Stealth Rock
|turn|14
|
|move|p1a: Thundurus|Superpower|p2a: Kyurem-Black
|-supereffective|p2a: Kyurem-Black
|-damage|p2a: Kyurem-Black|37\/391
|-unboost|p1a: Thundurus|atk|1
|-unboost|p1a: Thundurus|def|1
|-damage|p1a: Thundurus|196\/299|[from] item: Life Orb
|move|p2a: Kyurem-Black|Ice Beam|p1a: Thundurus
|-supereffective|p1a: Thundurus
|-damage|p1a: Thundurus|0 fnt
|-damage|p2a: Kyurem-Black|0 fnt|[from] item: Life Orb
|faint|p1a: Thundurus
|faint|p2a: Kyurem-Black
|
|
|switch|p1a: Pinsir|Pinsir, F|271\/271
|switch|p2a: Bro-Slow|Slowbro, M|394\/394
|-damage|p1a: Pinsir|204\/271|[from] Stealth Rock
|-damage|p2a: Bro-Slow|345\/394|[from] Stealth Rock
|turn|15
|
|detailschange|p1a: Pinsir|Pinsir-Mega, F
|-mega|p1a: Pinsir|Pinsir|Pinsirite
|detailschange|p2a: Bro-Slow|Slowbro-Mega, M
|-mega|p2a: Bro-Slow|Slowbro|Slowbronite
|move|p1a: Pinsir|Swords Dance|p1a: Pinsir
|-boost|p1a: Pinsir|atk|2
|move|p2a: Bro-Slow|Flamethrower|p1a: Pinsir
|-supereffective|p1a: Pinsir
|-damage|p1a: Pinsir|0 fnt
|faint|p1a: Pinsir
|
|
|switch|p1a: Azumarill|Azumarill, F|354\/354
|-damage|p1a: Azumarill|310\/354|[from] Stealth Rock
|turn|16
|
|move|p1a: Azumarill|Belly Drum|p1a: Azumarill
|-damage|p1a: Azumarill|133\/354
|-setboost|p1a: Azumarill|atk|6|[from] move: Belly Drum
|-enditem|p1a: Azumarill|Sitrus Berry|[eat]
|-heal|p1a: Azumarill|221\/354|[from] item: Sitrus Berry
|move|p2a: Bro-Slow|Scald|p1a: Azumarill
|-resisted|p1a: Azumarill
|-damage|p1a: Azumarill|134\/354
|
|turn|17
|
|switch|p2a: Tytannial|Ferrothorn, M|21\/352
|-damage|p2a: Tytannial|0 fnt|[from] Stealth Rock
|faint|p2a: Tytannial
|move|p1a: Azumarill|Play Rough|p2: Tytannial|[notarget]
|-notarget
|
|
|switch|p2a: Raikiri|Zapdos|384\/384
|-damage|p2a: Raikiri|288\/384|[from] Stealth Rock
|-ability|p2a: Raikiri|Pressure
|turn|18
|
|move|p1a: Azumarill|Aqua Jet|p2a: Raikiri
|-damage|p2a: Raikiri|0 fnt
|faint|p2a: Raikiri
|
|
|switch|p2a: Chansey|Chansey, F|642\/642
|-damage|p2a: Chansey|562\/642|[from] Stealth Rock
|turn|19
|
|move|p1a: Azumarill|Knock Off|p2a: Chansey
|-damage|p2a: Chansey|0 fnt
|-enditem|p2a: Chansey|Eviolite|[from] move: Knock Off|[of] p1a: Azumarill
|faint|p2a: Chansey
|
|-message|Here to Stay forfeited.
|leave|Here to Stay
|
|win|ghostworld
|raw|Ladder updating...
|player|p2