|join|dont know why
|join|Here to Stay
|player|p1|dont know why|266
|player|p2|Here to Stay|169
|gametype|singles
|gen|6
|tier|OU (suspect test)
|rated
|clearpoke
|poke|p1|Garchomp, F
|poke|p1|Excadrill, M
|poke|p1|Rotom-Wash
|poke|p1|Keldeo-Resolute
|poke|p1|Charizard, M
|poke|p1|Latios, M
|poke|p2|Sableye, M
|poke|p2|Kyurem-Black
|poke|p2|Zapdos
|poke|p2|Ferrothorn, M
|poke|p2|Landorus-Therian, M
|poke|p2|Conkeldurr, F
|rule|Swagger Clause: Swagger is banned
|rule|Baton Pass Clause: Limit one PokÃ©mon knowing Baton Pass
|rule|Sleep Clause Mod: Limit one foe put to sleep
|rule|Species Clause: Limit one of each PokÃ©mon
|rule|OHKO Clause: OHKO moves are banned
|rule|Moody Clause: Moody is banned
|rule|Evasion Moves Clause: Evasion moves are banned
|rule|Endless Battle Clause: Forcing endless battles is banned
|rule|HP Percentage Mod: HP is shown in percentages
|teampreview
|
|start
|switch|p1a: Rotom-Wash|Rotom-Wash|304\/304
|switch|p2a: Sableye|Sableye, M|304\/304
|turn|1
|
|switch|p1a: Charizard|Charizard, M|333\/333
|detailschange|p2a: Sableye|Sableye-Mega, M
|-mega|p2a: Sableye|Sableye|Sablenite
|move|p2a: Sableye|Calm Mind|p2a: Sableye
|-boost|p2a: Sableye|spa|1
|-boost|p2a: Sableye|spd|1
|
|turn|2
|
|detailschange|p1a: Charizard|Charizard-Mega-X, M
|-mega|p1a: Charizard|Charizard|Charizardite X
|move|p1a: Charizard|Flare Blitz|p2a: Sableye
|-damage|p2a: Sableye|99\/304
|-damage|p1a: Charizard|265\/333|[from] recoil|[of] p2a: Sableye
|move|p2a: Sableye|Dark Pulse|p1a: Charizard
|-damage|p1a: Charizard|117\/333
|
|turn|3
|
|switch|p2a: Landorus-Therian|Landorus-Therian, M|319\/319
|-ability|p2a: Landorus-Therian|Intimidate|[of] p1a: Charizard
|-unboost|p1a: Charizard|atk|1
|move|p1a: Charizard|Flare Blitz|p2a: Landorus-Therian
|-damage|p2a: Landorus-Therian|108\/319
|-damage|p1a: Charizard|47\/333|[from] recoil|[of] p2a: Landorus-Therian
|
|turn|4
|
|switch|p1a: Garchomp|Garchomp, F|420\/420
|move|p2a: Landorus-Therian|Knock Off|p1a: Garchomp
|-damage|p1a: Garchomp|326\/420
|-damage|p2a: Landorus-Therian|69\/319|[from] ability: Rough Skin|[of] p1a: Garchomp
|-damage|p2a: Landorus-Therian|16\/319|[from] item: Rocky Helmet|[of] p1a: Garchomp
|-enditem|p1a: Garchomp|Rocky Helmet|[from] move: Knock Off|[of] p2a: Landorus-Therian
|
|turn|5
|
|switch|p2a: Sableye|Sableye-Mega, M|99\/304
|move|p1a: Garchomp|Earthquake|p2a: Sableye
|-damage|p2a: Sableye|3\/304
|
|turn|6
|
|move|p1a: Garchomp|Earthquake|p2a: Sableye
|-damage|p2a: Sableye|0 fnt
|faint|p2a: Sableye
|
|c|âdont know why|the best spread is max max health \/ def
|
|switch|p2a: Kyurem-Black|Kyurem-Black|391\/391
|-ability|p2a: Kyurem-Black|Teravolt
|turn|7
|
|switch|p1a: Keldeo-Resolute|Keldeo-Resolute|323\/323
|move|p2a: Kyurem-Black|Ice Beam|p1a: Keldeo-Resolute
|-resisted|p1a: Keldeo-Resolute
|-damage|p1a: Keldeo-Resolute|206\/323
|-damage|p2a: Kyurem-Black|352\/391|[from] item: Life Orb
|
|turn|8
|c|âHere to Stay|okay thought soo thanks
|c|âdont know why|why, whats your spread?
|c|âHere to Stay|that
|
|switch|p2a: Raikiri|Zapdos|384\/384
|-ability|p2a: Raikiri|Pressure
|move|p1a: Keldeo-Resolute|Scald|p2a: Raikiri
|-damage|p2a: Raikiri|159\/384
|
|-heal|p2a: Raikiri|183\/384|[from] item: Leftovers
|turn|9
|c|âHere to Stay|i was just wondering if maybe
|c|âdont know why|nah, since its usually a lead
|c|âdont know why|its better to go max max anyway
|c|âHere to Stay|okk
|c|âdont know why|cuz os tleads are physical
|c|âdont know why|to take full advantage of wow
|
|switch|p2a: Conkeldurr|Conkeldurr, F|378\/378
|move|p1a: Keldeo-Resolute|Scald|p2a: Conkeldurr
|-damage|p2a: Conkeldurr|222\/378
|-status|p2a: Conkeldurr|brn
|
|-damage|p2a: Conkeldurr|175\/378 brn|[from] brn
|turn|10
|c|âHere to Stay|yeah i had mslowbro there before but now im just trying things
|
|switch|p1a: Garchomp|Garchomp, F|326\/420
|move|p2a: Conkeldurr|Drain Punch|p1a: Garchomp
|-damage|p1a: Garchomp|163\/420
|-heal|p2a: Conkeldurr|257\/378 brn|[from] drain|[of] p1a: Garchomp
|-damage|p2a: Conkeldurr|210\/378 brn|[from] ability: Rough Skin|[of] p1a: Garchomp
|
|-damage|p2a: Conkeldurr|163\/378 brn|[from] brn
|turn|11
|
|switch|p2a: Raikiri|Zapdos|183\/384
|-ability|p2a: Raikiri|Pressure
|move|p1a: Garchomp|Stealth Rock|p2a: Raikiri
|-sidestart|p2: Here to Stay|move: Stealth Rock
|
|-heal|p2a: Raikiri|207\/384|[from] item: Leftovers
|turn|12
|c|âdont know why|mslowbro is only good vs offense
|
|move|p1a: Garchomp|Toxic|p2a: Raikiri|[miss]
|-miss|p1a: Garchomp|p2a: Raikiri
|move|p2a: Raikiri|Defog|p1a: Garchomp
|-unboost|p1a: Garchomp|evasion|1
|-sideend|p2: Here to Stay|Stealth Rock|[from] move: Defog|[of] p2a: Raikiri
|
|-heal|p2a: Raikiri|231\/384|[from] item: Leftovers
|turn|13
|c|âdont know why|imo
|c|âHere to Stay|yeah i found that aswell
|c|âHere to Stay|hence the change
|
|switch|p2a: Landorus-Therian|Landorus-Therian, M|16\/319
|-ability|p2a: Landorus-Therian|Intimidate|[of] p1a: Garchomp
|-unboost|p1a: Garchomp|atk|1
|move|p1a: Garchomp|Stealth Rock|p2a: Landorus-Therian
|-sidestart|p2: Here to Stay|move: Stealth Rock
|
|turn|14
|
|switch|p1a: Rotom-Wash|Rotom-Wash|304\/304
|move|p2a: Landorus-Therian|Earthquake|p1a: Rotom-Wash
|-immune|p1a: Rotom-Wash|[msg]
|
|turn|15
|
|move|p2a: Landorus-Therian|Earthquake|p1a: Rotom-Wash
|-immune|p1a: Rotom-Wash|[msg]
|move|p1a: Rotom-Wash|Volt Switch|p2a: Landorus-Therian
|-immune|p2a: Landorus-Therian|[msg]
|
|turn|16
|
|move|p2a: Landorus-Therian|Earthquake|p1a: Rotom-Wash
|-immune|p1a: Rotom-Wash|[msg]
|move|p1a: Rotom-Wash|Volt Switch|p2a: Landorus-Therian
|-immune|p2a: Landorus-Therian|[msg]
|
|turn|17
|
|switch|p2a: Kyurem-Black|Kyurem-Black|352\/391
|-damage|p2a: Kyurem-Black|255\/391|[from] Stealth Rock
|-ability|p2a: Kyurem-Black|Teravolt
|move|p1a: Rotom-Wash|Volt Switch|p2a: Kyurem-Black
|-crit|p2a: Kyurem-Black
|-resisted|p2a: Kyurem-Black
|-damage|p2a: Kyurem-Black|177\/391
|c|âHere to Stay|gg
|c|âdont know why|gg
|-message|Here to Stay forfeited.
|leave|Here to Stay
|
|switch|p1a: Keldeo-Resolute|Keldeo-Resolute|206\/323
|
|turn|18
|
|win|dont know why
|raw|Ladder updating...
|player|p2
|raw|dont know why's rating: 1500 &rarr; <strong>1521<\/strong><br \/>(+21 for winning)
|raw|Here to Stay's rating: 1513 &rarr; <strong>1492<\/strong><br \/>(-21 for losing)