|join|Here to Stay
|join|Friytrr
|player|p1|Here to Stay|101
|player|p2|Friytrr|221
|gametype|singles
|gen|6
|tier|OU (suspect test)
|rated
|clearpoke
|poke|p1|Smeargle, F
|poke|p1|Espeon, M
|poke|p1|Azelf
|poke|p1|Clefable, M
|poke|p1|Whimsicott, F
|poke|p1|Tyranitar, F
|poke|p2|Smeargle, M, shiny
|poke|p2|Whimsicott, F
|poke|p2|Thundurus, M
|poke|p2|Espeon, M, shiny
|poke|p2|Gothitelle, F
|poke|p2|Azelf
|rule|Swagger Clause: Swagger is banned
|rule|Baton Pass Clause: Limit one PokÃ©mon knowing Baton Pass
|rule|Sleep Clause Mod: Limit one foe put to sleep
|rule|Species Clause: Limit one of each PokÃ©mon
|rule|OHKO Clause: OHKO moves are banned
|rule|Moody Clause: Moody is banned
|rule|Evasion Moves Clause: Evasion moves are banned
|rule|Endless Battle Clause: Forcing endless battles is banned
|rule|HP Percentage Mod: HP is shown in percentages
|teampreview
|c|âFriytrr|What are the odds? ><
|c|âHere to Stay|haha
|
|start
|switch|p1a: Whimsicott|Whimsicott, F|324\/324
|switch|p2a: Thundurus|Thundurus, M|300\/300
|turn|1
|
|switch|p1a: Tyranitar|Tyranitar, F|341\/341
|-weather|Sandstorm
|move|p2a: Thundurus|Hidden Power|p1a: Tyranitar
|-damage|p1a: Tyranitar|298\/341
|
|-weather|Sandstorm|[upkeep]
|-damage|p2a: Thundurus|282\/300|[from] sandstorm
|turn|2
|
|switch|p1a: Whimsicott|Whimsicott, F|324\/324
|move|p2a: Thundurus|Thunder Wave|p1a: Whimsicott
|-status|p1a: Whimsicott|par
|
|-weather|Sandstorm|[upkeep]
|-damage|p2a: Thundurus|264\/300|[from] sandstorm
|-damage|p1a: Whimsicott|304\/324 par|[from] sandstorm
|turn|3
|
|switch|p2a: DON CORLEONE|Espeon, M, shiny|321\/321
|move|p1a: Whimsicott|Encore|p2a: DON CORLEONE
|move|p2a: DON CORLEONE|Encore|p1a: Whimsicott|[from]Magic Bounce
|-fail|p1a: Whimsicott
|
|-weather|Sandstorm|[upkeep]
|-damage|p2a: DON CORLEONE|301\/321|[from] sandstorm
|-damage|p1a: Whimsicott|284\/324 par|[from] sandstorm
|-heal|p2a: DON CORLEONE|321\/321|[from] item: Leftovers
|turn|4
|
|switch|p2a: Thundurus|Thundurus, M|264\/300
|cant|p1a: Whimsicott|par
|
|-weather|Sandstorm|[upkeep]
|-damage|p2a: Thundurus|246\/300|[from] sandstorm
|-damage|p1a: Whimsicott|264\/324 par|[from] sandstorm
|turn|5
|
|move|p1a: Whimsicott|Light Screen|p1a: Whimsicott
|-sidestart|p1: Here to Stay|move: Light Screen
|move|p2a: Thundurus|Hidden Power|p1a: Whimsicott
|-supereffective|p1a: Whimsicott
|-damage|p1a: Whimsicott|178\/324 par
|
|-weather|none
|turn|6
|
|move|p2a: Thundurus|Taunt|p1a: Whimsicott
|-start|p1a: Whimsicott|move: Taunt
|cant|p1a: Whimsicott|move: Taunt|Encore
|
|turn|7
|
|switch|p1a: Tyranitar|Tyranitar, F|298\/341
|-weather|Sandstorm
|move|p2a: Thundurus|Thunder Wave|p1a: Tyranitar
|-status|p1a: Tyranitar|par
|
|-weather|Sandstorm|[upkeep]
|-damage|p2a: Thundurus|228\/300|[from] sandstorm
|turn|8
|
|detailschange|p1a: Tyranitar|Tyranitar-Mega, F
|-mega|p1a: Tyranitar|Tyranitar|Tyranitarite
|move|p2a: Thundurus|Taunt|p1a: Tyranitar
|-start|p1a: Tyranitar|move: Taunt
|move|p1a: Tyranitar|Pursuit|p2a: Thundurus
|-damage|p2a: Thundurus|105\/300
|
|-weather|Sandstorm|[upkeep]
|-damage|p2a: Thundurus|87\/300|[from] sandstorm
|turn|9
|
|move|p2a: Thundurus|Thunderbolt|p1a: Tyranitar
|-damage|p1a: Tyranitar|251\/341 par
|move|p1a: Tyranitar|Pursuit|p2a: Thundurus
|-damage|p2a: Thundurus|0 fnt
|faint|p2a: Thundurus
|
|-weather|Sandstorm|[upkeep]
|
|switch|p2a: Gothitelle|Gothitelle, F|344\/344
|turn|10
|
|move|p2a: Gothitelle|Hidden Power|p1a: Tyranitar
|-crit|p1a: Tyranitar
|-supereffective|p1a: Tyranitar
|-damage|p1a: Tyranitar|0 fnt
|faint|p1a: Tyranitar
|
|-weather|Sandstorm|[upkeep]
|-damage|p2a: Gothitelle|323\/344|[from] sandstorm
|
|switch|p1a: Azelf|Azelf|354\/354
|turn|11
|
|switch|p2a: Azelf|Azelf|354\/354
|move|p1a: Azelf|Reflect|p1a: Azelf
|-sidestart|p1: Here to Stay|Reflect
|
|-weather|none
|turn|12
|
|move|p1a: Azelf|Knock Off|p2a: Azelf
|-supereffective|p2a: Azelf
|-damage|p2a: Azelf|122\/354
|-enditem|p2a: Azelf|Light Clay|[from] move: Knock Off|[of] p1a: Azelf
|move|p2a: Azelf|Reflect|p2a: Azelf
|-sidestart|p2: Friytrr|Reflect
|
|-sideend|p1: Here to Stay|move: Light Screen
|turn|13
|
|move|p1a: Azelf|Explosion|p2a: Azelf
|-damage|p2a: Azelf|0 fnt
|faint|p1a: Azelf
|faint|p2a: Azelf
|
|
|switch|p1a: Smeargle|Smeargle, F|314\/314
|switch|p2a: AL CAPONE|Smeargle, M, shiny|273\/273
|turn|14
|
|switch|p1a: Whimsicott|Whimsicott, F|178\/324 par
|switch|p2a: Gothitelle|Gothitelle, F|323\/344
|
|turn|15
|
|switch|p2a: DON CORLEONE|Espeon, M, shiny|321\/321
|cant|p1a: Whimsicott|par
|
|turn|16
|
|switch|p2a: Gothitelle|Gothitelle, F|323\/344
|move|p1a: Whimsicott|Light Screen|p1a: Whimsicott
|-sidestart|p1: Here to Stay|move: Light Screen
|
|-sideend|p2: Friytrr|Reflect
|turn|17
|
|switch|p2a: DON CORLEONE|Espeon, M, shiny|321\/321
|cant|p1a: Whimsicott|par
|
|turn|18
|
|switch|p2a: Gothitelle|Gothitelle, F|323\/344
|move|p1a: Whimsicott|Memento|p2a: Gothitelle
|-unboost|p2a: Gothitelle|atk|2
|-unboost|p2a: Gothitelle|spa|2
|faint|p1a: Whimsicott
|
|-sideend|p1: Here to Stay|Reflect
|
|switch|p1a: Smeargle|Smeargle, F|314\/314
|turn|19
|
|move|p1a: Smeargle|Taunt|p2a: Gothitelle
|-start|p2a: Gothitelle|move: Taunt
|cant|p2a: Gothitelle|move: Taunt|Trick
|
|turn|20
|
|move|p1a: Smeargle|Taunt|p2a: Gothitelle
|-fail|p2a: Gothitelle
|move|p2a: Gothitelle|Psyshock|p1a: Smeargle
|-damage|p1a: Smeargle|206\/314
|
|turn|21
|
|switch|p2a: Whimsicott|Whimsicott, F|324\/324
|move|p1a: Smeargle|Geomancy|p1a: Smeargle|[still]
|-prepare|p1a: Smeargle|Geomancy|p1a: Smeargle
|-enditem|p1a: Smeargle|Power Herb
|-anim|p1a: Smeargle|Geomancy|p1a: Smeargle
|-boost|p1a: Smeargle|spa|2
|-boost|p1a: Smeargle|spd|2
|-boost|p1a: Smeargle|spe|2
|
|turn|22
|c|âHere to Stay|wp
|
|move|p2a: Whimsicott|Taunt|p1a: Smeargle
|-start|p1a: Smeargle|move: Taunt
|cant|p1a: Smeargle|move: Taunt|Baton Pass
|
|turn|23
|c|âFriytrr|This is very interesting I gotta say
|
|switch|p1a: Espeon|Espeon, M|334\/334
|move|p2a: Whimsicott|Tailwind|p2a: Whimsicott
|-sidestart|p2: Friytrr|move: Tailwind
|
|-sideend|p1: Here to Stay|move: Light Screen
|turn|24
|
|switch|p2a: Gothitelle|Gothitelle, F|323\/344
|switch|p1a: Smeargle|Smeargle, F|206\/314
|
|turn|25
|
|move|p2a: Gothitelle|Psyshock|p1a: Smeargle
|-damage|p1a: Smeargle|0 fnt
|faint|p1a: Smeargle
|
|
|switch|p1a: Espeon|Espeon, M|334\/334
|turn|26
|
|switch|p2a: AL CAPONE|Smeargle, M, shiny|273\/273
|move|p1a: Espeon|Substitute|p1a: Espeon
|-start|p1a: Espeon|Substitute
|-damage|p1a: Espeon|251\/334
|
|-heal|p1a: Espeon|271\/334|[from] item: Leftovers
|-sideend|p2: Friytrr|move: Tailwind
|turn|27
|
|move|p1a: Espeon|Dazzling Gleam|p2a: AL CAPONE
|-damage|p2a: AL CAPONE|153\/273
|move|p2a: AL CAPONE|Geomancy|p2a: AL CAPONE|[still]
|-prepare|p2a: AL CAPONE|Geomancy|p2a: AL CAPONE
|-enditem|p2a: AL CAPONE|Power Herb
|-anim|p2a: AL CAPONE|Geomancy|p2a: AL CAPONE
|-boost|p2a: AL CAPONE|spa|2
|-boost|p2a: AL CAPONE|spd|2
|-boost|p2a: AL CAPONE|spe|2
|
|-heal|p1a: Espeon|291\/334|[from] item: Leftovers
|turn|28
|-message|Here to Stay forfeited.
|leave|Here to Stay
|
|win|Friytrr
|raw|Ladder updating...
|player|p1
|raw|Here to Stay's rating: 1379 &rarr; <strong>1357<\/strong><br \/>(-22 for losing)
|raw|Friytrr's rating: 1344 &rarr; <strong>1366<\/strong><br \/>(+22 for winning)