|join|Kett
|join|playingpogeymans
|player|p1|Kett|52
|player|p2|playingpogeymans|54
|gametype|singles
|gen|6
|tier|UU
|rated
|rule|Sleep Clause Mod: Limit one foe put to sleep
|rule|Species Clause: Limit one of each PokÃ©mon
|rule|OHKO Clause: OHKO moves are banned
|rule|Moody Clause: Moody is banned
|rule|Evasion Moves Clause: Evasion moves are banned
|rule|Endless Battle Clause: Forcing endless battles is banned
|rule|HP Percentage Mod: HP is shown in percentages
|clearpoke
|poke|p1|Beedrill, F
|poke|p1|Rotom-Heat
|poke|p1|Empoleon, F
|poke|p1|Celebi
|poke|p1|Flygon, F
|poke|p1|Lucario, F
|poke|p2|Beedrill, M
|poke|p2|Galvantula, F
|poke|p2|Donphan, M
|poke|p2|Trevenant, F, shiny
|poke|p2|Florges, F
|poke|p2|Haxorus, M, shiny
|rule|Swagger Clause: Swagger is banned
|rule|Baton Pass Clause: Limit one PokÃ©mon knowing Baton Pass
|teampreview
|
|start
|switch|p1a: Miami-Heat|Rotom-Heat|303\/303
|switch|p2a: Thunderstruck|Galvantula, F|281\/281
|turn|1
|join|LatinVaporeon66
|
|switch|p2a: Cleric|Florges, F|360\/360
|move|p1a: Miami-Heat|Overheat|p2a: Cleric
|-damage|p2a: Cleric|254\/360
|-unboost|p1a: Miami-Heat|spa|2
|
|-heal|p2a: Cleric|276\/360|[from] item: Leftovers
|turn|2
|
|switch|p1a: Mekakucity|Empoleon, F|371\/371
|move|p2a: Cleric|Moonblast|p1a: Mekakucity
|-resisted|p1a: Mekakucity
|-damage|p1a: Mekakucity|324\/371
|-unboost|p1a: Mekakucity|spa|1
|
|-heal|p2a: Cleric|298\/360|[from] item: Leftovers
|-heal|p1a: Mekakucity|347\/371|[from] item: Leftovers
|turn|3
|
|switch|p2a: Thunderstruck|Galvantula, F|281\/281
|move|p1a: Mekakucity|Stealth Rock|p2a: Thunderstruck
|-sidestart|p2: playingpogeymans|move: Stealth Rock
|
|-heal|p1a: Mekakucity|370\/371|[from] item: Leftovers
|turn|4
|
|switch|p1a: Miami-Heat|Rotom-Heat|303\/303
|move|p2a: Thunderstruck|Sticky Web|p1a: Miami-Heat
|-sidestart|p1: Kett|move: Sticky Web
|
|turn|5
|
|switch|p2a: Cleric|Florges, F|298\/360
|-damage|p2a: Cleric|253\/360|[from] Stealth Rock
|move|p1a: Miami-Heat|Volt Switch|p2a: Cleric
|-damage|p2a: Cleric|201\/360
|
|switch|p1a: Mechaniloid|Beedrill, F|301\/301
|-activate|p1a: Mechaniloid|move: Sticky Web
|-unboost|p1a: Mechaniloid|spe|1
|
|-heal|p2a: Cleric|223\/360|[from] item: Leftovers
|turn|6
|leave|LatinVaporeon66
|
|detailschange|p1a: Mechaniloid|Beedrill-Mega, F
|-mega|p1a: Mechaniloid|Beedrill|Beedrillite
|move|p2a: Cleric|Protect|p2a: Cleric
|-singleturn|p2a: Cleric|Protect
|move|p1a: Mechaniloid|U-turn|p2a: Cleric
|-activate|p2a: Cleric|Protect
|
|-heal|p2a: Cleric|245\/360|[from] item: Leftovers
|turn|7
|
|switch|p2a: Spinning Around|Donphan, M|364\/364
|-damage|p2a: Spinning Around|342\/364|[from] Stealth Rock
|move|p1a: Mechaniloid|Knock Off|p2a: Spinning Around
|-damage|p2a: Spinning Around|227\/364
|-enditem|p2a: Spinning Around|Assault Vest|[from] move: Knock Off|[of] p1a: Mechaniloid
|
|turn|8
|
|move|p2a: Spinning Around|Ice Shard|p1a: Mechaniloid
|-crit|p1a: Mechaniloid
|-damage|p1a: Mechaniloid|160\/301
|move|p1a: Mechaniloid|U-turn|p2a: Spinning Around
|-damage|p2a: Spinning Around|65\/364
|
|switch|p1a: Miami-Heat|Rotom-Heat|303\/303
|
|turn|9
|
|move|p1a: Miami-Heat|Will-O-Wisp|p2a: Spinning Around
|-status|p2a: Spinning Around|brn
|move|p2a: Spinning Around|Rapid Spin|p1a: Miami-Heat
|-crit|p1a: Miami-Heat
|-damage|p1a: Miami-Heat|290\/303
|-sideend|p2: playingpogeymans|Stealth Rock|[from] move: Rapid Spin|[of] p2a: Spinning Around
|
|-heal|p1a: Miami-Heat|303\/303|[from] item: Leftovers
|-damage|p2a: Spinning Around|20\/364 brn|[from] brn
|turn|10
|
|move|p1a: Miami-Heat|Volt Switch|p2a: Spinning Around
|-immune|p2a: Spinning Around|[msg]
|move|p2a: Spinning Around|Knock Off|p1a: Miami-Heat
|-damage|p1a: Miami-Heat|261\/303
|-enditem|p1a: Miami-Heat|Leftovers|[from] move: Knock Off|[of] p2a: Spinning Around
|
|-damage|p2a: Spinning Around|0 fnt|[from] brn
|faint|p2a: Spinning Around
|
|switch|p2a: Cleric|Florges, F|245\/360
|turn|11
|
|switch|p2a: Thunderstruck|Galvantula, F|281\/281
|move|p1a: Miami-Heat|Volt Switch|p2a: Thunderstruck
|-resisted|p2a: Thunderstruck
|-damage|p2a: Thunderstruck|218\/281
|
|switch|p1a: Kagamine|Flygon, F|301\/301
|
|turn|12
|
|move|p1a: Kagamine|Stone Edge|p2a: Thunderstruck|[miss]
|-miss|p1a: Kagamine|p2a: Thunderstruck
|move|p2a: Thunderstruck|Giga Drain|p1a: Kagamine
|-damage|p1a: Kagamine|219\/301
|-heal|p2a: Thunderstruck|259\/281|[from] drain|[of] p1a: Kagamine
|
|turn|13
|
|switch|p2a: Harvest|Trevenant, F, shiny|374\/374
|move|p1a: Kagamine|Stone Edge|p2a: Harvest|[miss]
|-miss|p1a: Kagamine|p2a: Harvest
|
|turn|14
|
|switch|p1a: Mekakucity|Empoleon, F|370\/371
|-activate|p1a: Mekakucity|move: Sticky Web
|-unboost|p1a: Mekakucity|spe|1
|move|p2a: Harvest|Substitute|p2a: Harvest
|-start|p2a: Harvest|Substitute
|-damage|p2a: Harvest|281\/374
|
|-heal|p1a: Mekakucity|371\/371|[from] item: Leftovers
|turn|15
|
|move|p2a: Harvest|Leech Seed|p1a: Mekakucity
|-start|p1a: Mekakucity|move: Leech Seed
|move|p1a: Mekakucity|Defog|p2a: Harvest
|-sideend|p1: Kett|Sticky Web|[from] move: Defog|[of] p1a: Mekakucity
|
|-damage|p1a: Mekakucity|325\/371|[from] Leech Seed|[of] p2a: Harvest
|-heal|p2a: Harvest|327\/374|[silent]
|turn|16
|
|move|p2a: Harvest|Curse|p1a: Mekakucity
|-start|p1a: Mekakucity|Curse|[of] p2a: Harvest
|-damage|p2a: Harvest|140\/374
|-enditem|p2a: Harvest|Sitrus Berry|[eat]
|-heal|p2a: Harvest|233\/374|[from] item: Sitrus Berry
|move|p1a: Mekakucity|Ice Beam|p2a: Harvest
|-supereffective|p2a: Harvest
|-end|p2a: Harvest|Substitute
|
|-heal|p1a: Mekakucity|348\/371|[from] item: Leftovers
|-damage|p1a: Mekakucity|302\/371|[from] Leech Seed|[of] p2a: Harvest
|-heal|p2a: Harvest|279\/374|[silent]
|-damage|p1a: Mekakucity|210\/371|[from] Curse
|turn|17
|
|switch|p1a: Mechaniloid|Beedrill-Mega, F|160\/301
|move|p2a: Harvest|Substitute|p2a: Harvest
|-start|p2a: Harvest|Substitute
|-damage|p2a: Harvest|186\/374
|
|-item|p2a: Harvest|Sitrus Berry|[from] ability: Harvest
|-enditem|p2a: Harvest|Sitrus Berry|[eat]
|-heal|p2a: Harvest|279\/374|[from] item: Sitrus Berry
|turn|18
|
|move|p2a: Harvest|Protect|p2a: Harvest
|-singleturn|p2a: Harvest|Protect
|move|p1a: Mechaniloid|U-turn|p2a: Harvest
|-activate|p2a: Harvest|Protect
|
|-item|p2a: Harvest|Sitrus Berry|[from] ability: Harvest
|turn|19
|
|move|p1a: Mechaniloid|U-turn|p2a: Harvest
|-end|p2a: Harvest|Substitute
|
|switch|p1a: Mekakucity|Empoleon, F|210\/371
|move|p2a: Harvest|Substitute|p2a: Harvest
|-start|p2a: Harvest|Substitute
|-damage|p2a: Harvest|186\/374
|-enditem|p2a: Harvest|Sitrus Berry|[eat]
|-heal|p2a: Harvest|279\/374|[from] item: Sitrus Berry
|
|-heal|p1a: Mekakucity|233\/371|[from] item: Leftovers
|-item|p2a: Harvest|Sitrus Berry|[from] ability: Harvest
|turn|20
|
|move|p1a: Mekakucity|Ice Beam|p2a: Harvest
|-supereffective|p2a: Harvest
|-end|p2a: Harvest|Substitute
|move|p2a: Harvest|Leech Seed|p1a: Mekakucity
|-start|p1a: Mekakucity|move: Leech Seed
|
|-heal|p1a: Mekakucity|256\/371|[from] item: Leftovers
|-damage|p1a: Mekakucity|210\/371|[from] Leech Seed|[of] p2a: Harvest
|-heal|p2a: Harvest|325\/374|[silent]
|turn|21
|
|move|p1a: Mekakucity|Ice Beam|p2a: Harvest
|-supereffective|p2a: Harvest
|-damage|p2a: Harvest|189\/374
|move|p2a: Harvest|Substitute|p2a: Harvest
|-start|p2a: Harvest|Substitute
|-damage|p2a: Harvest|96\/374
|-enditem|p2a: Harvest|Sitrus Berry|[eat]
|-heal|p2a: Harvest|189\/374|[from] item: Sitrus Berry
|
|-heal|p1a: Mekakucity|233\/371|[from] item: Leftovers
|-damage|p1a: Mekakucity|187\/371|[from] Leech Seed|[of] p2a: Harvest
|-heal|p2a: Harvest|235\/374|[silent]
|-item|p2a: Harvest|Sitrus Berry|[from] ability: Harvest
|turn|22
|
|switch|p1a: Onionhead|Celebi|341\/341
|move|p2a: Harvest|Protect|p2a: Harvest
|-fail|p2a: Harvest
|
|turn|23
|
|move|p2a: Harvest|Protect|p2a: Harvest
|-singleturn|p2a: Harvest|Protect
|move|p1a: Onionhead|Psychic|p2a: Harvest
|-activate|p2a: Harvest|Protect
|
|turn|24
|
|move|p1a: Onionhead|Psychic|p2a: Harvest
|-end|p2a: Harvest|Substitute
|-damage|p1a: Onionhead|307\/341|[from] item: Life Orb
|move|p2a: Harvest|Curse|p1a: Onionhead
|-start|p1a: Onionhead|Curse|[of] p2a: Harvest
|-damage|p2a: Harvest|48\/374
|-enditem|p2a: Harvest|Sitrus Berry|[eat]
|-heal|p2a: Harvest|141\/374|[from] item: Sitrus Berry
|
|-damage|p1a: Onionhead|222\/341|[from] Curse
|turn|25
|
|move|p2a: Harvest|Protect|p2a: Harvest
|-singleturn|p2a: Harvest|Protect
|move|p1a: Onionhead|Psychic|p2a: Harvest
|-activate|p2a: Harvest|Protect
|
|-damage|p1a: Onionhead|137\/341|[from] Curse
|-item|p2a: Harvest|Sitrus Berry|[from] ability: Harvest
|-enditem|p2a: Harvest|Sitrus Berry|[eat]
|-heal|p2a: Harvest|234\/374|[from] item: Sitrus Berry
|turn|26
|
|move|p1a: Onionhead|Psychic|p2a: Harvest
|-damage|p2a: Harvest|92\/374
|-damage|p1a: Onionhead|103\/341|[from] item: Life Orb
|move|p2a: Harvest|Substitute|p2a: Harvest
|-fail|p2a: Harvest|move: Substitute|[weak]
|
|-damage|p1a: Onionhead|18\/341|[from] Curse
|-item|p2a: Harvest|Sitrus Berry|[from] ability: Harvest
|-enditem|p2a: Harvest|Sitrus Berry|[eat]
|-heal|p2a: Harvest|185\/374|[from] item: Sitrus Berry
|turn|27
|
|move|p1a: Onionhead|Psychic|p2a: Harvest
|-damage|p2a: Harvest|43\/374
|-unboost|p2a: Harvest|spd|1
|-damage|p1a: Onionhead|0 fnt|[from] item: Life Orb
|faint|p1a: Onionhead
|move|p2a: Harvest|Leech Seed|p1: Onionhead|[notarget]
|-notarget
|
|-item|p2a: Harvest|Sitrus Berry|[from] ability: Harvest
|
|switch|p1a: Mechaniloid|Beedrill-Mega, F|160\/301
|-enditem|p2a: Harvest|Sitrus Berry|[eat]
|-heal|p2a: Harvest|136\/374|[from] item: Sitrus Berry
|turn|28
|
|move|p2a: Harvest|Protect|p2a: Harvest
|-singleturn|p2a: Harvest|Protect
|move|p1a: Mechaniloid|Poison Jab|p2a: Harvest
|-activate|p2a: Harvest|Protect
|
|turn|29
|
|switch|p2a: Cleric|Florges, F|245\/360
|move|p1a: Mechaniloid|Poison Jab|p2a: Cleric
|-supereffective|p2a: Cleric
|-damage|p2a: Cleric|0 fnt
|faint|p2a: Cleric
|
|
|switch|p2a: Dancing Dragon|Haxorus, M, shiny|294\/294
|-ability|p2a: Dancing Dragon|Mold Breaker
|turn|30
|
|move|p1a: Mechaniloid|U-turn|p2a: Dancing Dragon
|-damage|p2a: Dancing Dragon|84\/294
|
|switch|p1a: Mekakucity|Empoleon, F|187\/371
|move|p2a: Dancing Dragon|Earthquake|p1a: Mekakucity
|-supereffective|p1a: Mekakucity
|-damage|p1a: Mekakucity|0 fnt
|faint|p1a: Mekakucity
|
|
|switch|p1a: Mechaniloid|Beedrill-Mega, F|160\/301
|turn|31
|
|move|p1a: Mechaniloid|Poison Jab|p2a: Dancing Dragon
|-damage|p2a: Dancing Dragon|0 fnt
|faint|p2a: Dancing Dragon
|
|
|switch|p2a: Protect inc.|Beedrill, M|271\/271
|turn|32
|
|switch|p1a: Miami-Heat|Rotom-Heat|261\/303
|detailschange|p2a: Protect inc.|Beedrill-Mega, M
|-mega|p2a: Protect inc.|Beedrill|Beedrillite
|move|p2a: Protect inc.|Drill Run|p1a: Miami-Heat
|-immune|p1a: Miami-Heat|[msg]
|
|turn|33
|
|move|p2a: Protect inc.|U-turn|p1a: Miami-Heat
|-resisted|p1a: Miami-Heat
|-damage|p1a: Miami-Heat|194\/303
|
|switch|p2a: Thunderstruck|Galvantula, F|259\/281
|move|p1a: Miami-Heat|Will-O-Wisp|p2a: Thunderstruck
|-status|p2a: Thunderstruck|brn
|
|-damage|p2a: Thunderstruck|224\/281 brn|[from] brn
|turn|34
|
|move|p2a: Thunderstruck|Sticky Web|p1a: Miami-Heat
|-sidestart|p1: Kett|move: Sticky Web
|move|p1a: Miami-Heat|Volt Switch|p2a: Thunderstruck
|-resisted|p2a: Thunderstruck
|-damage|p2a: Thunderstruck|155\/281 brn
|
|switch|p1a: Viraru|Lucario, F|281\/281
|-activate|p1a: Viraru|move: Sticky Web
|-unboost|p1a: Viraru|spe|1
|
|-damage|p2a: Thunderstruck|120\/281 brn|[from] brn
|turn|35
|
|move|p2a: Thunderstruck|Thunder|p1a: Viraru
|-damage|p1a: Viraru|86\/281
|move|p1a: Viraru|Swords Dance|p1a: Viraru
|-boost|p1a: Viraru|atk|2
|
|-damage|p2a: Thunderstruck|85\/281 brn|[from] brn
|turn|36
|c|âKett|!data trevenant
|c|~|\/data-pokemon Trevenant

|
|move|p1a: Viraru|Extreme Speed|p2a: Thunderstruck
|-damage|p2a: Thunderstruck|0 fnt
|faint|p2a: Thunderstruck
|
|
|switch|p2a: Harvest|Trevenant, F, shiny|136\/374
|turn|37
|
|move|p1a: Viraru|Crunch|p2a: Harvest
|-supereffective|p2a: Harvest
|-damage|p2a: Harvest|0 fnt
|faint|p2a: Harvest
|
|c|âKett|gg man
|
|switch|p2a: Protect inc.|Beedrill-Mega, M|271\/271
|turn|38
|c|âplayingpogeymans|gg
|
|move|p1a: Viraru|Extreme Speed|p2a: Protect inc.
|-damage|p2a: Protect inc.|0 fnt
|faint|p2a: Protect inc.
|
|win|Kett
|raw|Ladder updating...
|join|LatinVaporeon66
|raw|Kett's rating: 1298 &rarr; <strong>1317<\/strong><br \/>(+19 for winning)
|raw|playingpogeymans's rating: 1221 &rarr; <strong>1202<\/strong><br \/>(-19 for losing)
|leave|playingpogeymans
|player|p2
|c|âKett|bruh
|c|âKett|you missed it