|join|enzumerang
|join|Kett
|player|p1|enzumerang|190
|player|p2|Kett|52
|gametype|singles
|gen|6
|tier|UU
|rated
|rule|Sleep Clause Mod: Limit one foe put to sleep
|rule|Species Clause: Limit one of each Pokemon
|rule|OHKO Clause: OHKO moves are banned
|rule|Moody Clause: Moody is banned
|rule|Evasion Moves Clause: Evasion moves are banned
|rule|Endless Battle Clause: Forcing endless battles is banned.
|rule|HP Percentage Mod: HP is reported as percentages
|clearpoke
|poke|p1|Scrafty, F, shiny
|poke|p1|Aggron, M
|poke|p1|Noivern, F
|poke|p1|Milotic, F, shiny
|poke|p1|Chandelure, F
|poke|p1|Galvantula, M, shiny
|poke|p2|Aerodactyl, F
|poke|p2|Metagross
|poke|p2|Umbreon, F
|poke|p2|Cofagrigus, F
|poke|p2|Virizion
|poke|p2|Blastoise, F
|teampreview
|
|start
|switch|p1a: Galvantula|Galvantula, M, shiny|344\/344
|switch|p2a: Aero|Aerodactyl, F|301\/301
|-ability|p2a: Aero|Pressure
|turn|1
|
|move|p2a: Aero|Earthquake|p1a: Galvantula
|-damage|p1a: Galvantula|148\/344
|-damage|p2a: Aero|271\/301|[from] item: Life Orb
|move|p1a: Galvantula|Thunder Wave|p2a: Aero
|-status|p2a: Aero|par
|
|turn|2
|
|switch|p2a: Big X|Metagross|364\/364
|move|p1a: Galvantula|Sticky Web|p2a: Big X
|-sidestart|p2: Kett|move: Sticky Web
|
|turn|3
|
|switch|p1a: Milotic|Milotic, F, shiny|394\/394
|move|p2a: Big X|Earthquake|p1a: Milotic
|-damage|p1a: Milotic|251\/394
|
|-heal|p1a: Milotic|275\/394|[from] item: Leftovers
|turn|4
|
|switch|p2a: Fios|Virizion|386\/386
|-activate|p2a: Fios|move: Sticky Web
|-unboost|p2a: Fios|spe|1
|move|p1a: Milotic|Scald|p2a: Fios
|-resisted|p2a: Fios
|-damage|p2a: Fios|348\/386
|
|-heal|p1a: Milotic|299\/394|[from] item: Leftovers
|turn|5
|
|move|p2a: Fios|Light Screen|p2a: Fios
|-sidestart|p2: Kett|move: Light Screen
|move|p1a: Milotic|Scald|p2a: Fios
|-resisted|p2a: Fios
|-damage|p2a: Fios|327\/386
|
|-heal|p1a: Milotic|323\/394|[from] item: Leftovers
|turn|6
|
|switch|p2a: Bandage|Umbreon, F|394\/394
|-activate|p2a: Bandage|move: Sticky Web
|-unboost|p2a: Bandage|spe|1
|move|p1a: Milotic|Scald|p2a: Bandage
|-damage|p2a: Bandage|360\/394
|-status|p2a: Bandage|brn
|-status|p1a: Milotic|brn
|
|-heal|p1a: Milotic|347\/394 brn|[from] item: Leftovers
|-heal|p2a: Bandage|384\/394 brn|[from] item: Leftovers
|-damage|p1a: Milotic|298\/394 brn|[from] brn
|-damage|p2a: Bandage|335\/394 brn|[from] brn
|turn|7
|
|switch|p1a: Scrafty|Scrafty, F, shiny|322\/322
|move|p2a: Bandage|Heal Bell|p2a: Bandage
|-cureteam|p2a: Bandage|[from] move: HealBell
|
|-heal|p2a: Bandage|359\/394|[from] item: Leftovers
|turn|8
|
|switch|p2a: Kamex|Blastoise, F|362\/362
|-activate|p2a: Kamex|move: Sticky Web
|-unboost|p2a: Kamex|spe|1
|move|p1a: Scrafty|Knock Off|p2a: Kamex
|-damage|p2a: Kamex|228\/362
|-damage|p1a: Scrafty|290\/322|[from] item: Life Orb
|
|turn|9
|
|switch|p1a: Milotic|Milotic, F, shiny|298\/394 brn
|detailschange|p2a: Kamex|Blastoise-Mega, F
|message|Blastoise has Mega Evolved into Mega Blastoise!
|move|p2a: Kamex|Aura Sphere|p1a: Milotic
|-damage|p1a: Milotic|180\/394 brn
|
|-heal|p1a: Milotic|204\/394 brn|[from] item: Leftovers
|-damage|p1a: Milotic|155\/394 brn|[from] brn
|turn|10
|
|switch|p2a: Fios|Virizion|327\/386
|-activate|p2a: Fios|move: Sticky Web
|-unboost|p2a: Fios|spe|1
|move|p1a: Milotic|Rest|p1a: Milotic
|-status|p1a: Milotic|slp
|-heal|p1a: Milotic|394\/394 slp|[silent]
|-status|p1a: Milotic|slp|[from] move: Rest
|
|turn|11
|
|switch|p1a: Galvantula|Galvantula, M, shiny|148\/344
|move|p2a: Fios|Reflect|p2a: Fios
|-sidestart|p2: Kett|Reflect
|
|turn|12
|
|switch|p2a: Big X|Metagross|364\/364
|-activate|p2a: Big X|move: Sticky Web
|-fail|p2a: Big X|unboost|[from] ability: Clear Body|[of] p2a: Big X
|move|p1a: Galvantula|Thunder Wave|p2a: Big X
|-status|p2a: Big X|par
|
|-sideend|p2: Kett|move: Light Screen
|turn|13
|
|switch|p1a: Noivern|Noivern, F|311\/311
|move|p2a: Big X|Earthquake|p1a: Noivern
|-immune|p1a: Noivern|[msg]
|
|turn|14
|
|switch|p2a: Bandage|Umbreon, F|359\/394
|-activate|p2a: Bandage|move: Sticky Web
|-unboost|p2a: Bandage|spe|1
|move|p1a: Noivern|Flamethrower|p2a: Bandage
|-damage|p2a: Bandage|277\/394
|
|-heal|p2a: Bandage|301\/394|[from] item: Leftovers
|turn|15
|
|switch|p1a: Aggron|Aggron, M|291\/291
|move|p2a: Bandage|Wish|p2a: Bandage
|
|-heal|p2a: Bandage|325\/394|[from] item: Leftovers
|turn|16
|
|switch|p2a: Kamex|Blastoise-Mega, F|228\/362
|-activate|p2a: Kamex|move: Sticky Web
|-unboost|p2a: Kamex|spe|1
|detailschange|p1a: Aggron|Aggron-Mega, M
|message|Aggron has Mega Evolved into Mega Aggron!
|move|p1a: Aggron|Thunder Punch|p2a: Kamex
|-supereffective|p2a: Kamex
|-damage|p2a: Kamex|142\/362
|
|-heal|p2a: Kamex|339\/362|[from] move: Wish|[wisher] Bandage
|turn|17
|
|switch|p1a: Chandelure|Chandelure, F|262\/262
|move|p2a: Kamex|Water Pulse|p1a: Chandelure
|-supereffective|p1a: Chandelure
|-damage|p1a: Chandelure|0 fnt
|faint|p1a: Chandelure
|
|
|switch|p1a: Galvantula|Galvantula, M, shiny|148\/344
|turn|18
|
|switch|p2a: Hands|Cofagrigus, F|319\/319
|-activate|p2a: Hands|move: Sticky Web
|-unboost|p2a: Hands|spe|1
|move|p1a: Galvantula|Thunder|p2a: Hands
|-damage|p2a: Hands|199\/319
|
|-heal|p2a: Hands|218\/319|[from] item: Leftovers
|-sideend|p2: Kett|Reflect
|turn|19
|
|switch|p1a: Milotic|Milotic, F, shiny|394\/394 slp
|move|p2a: Hands|Shadow Ball|p1a: Milotic
|-damage|p1a: Milotic|309\/394 slp
|
|-heal|p1a: Milotic|333\/394 slp|[from] item: Leftovers
|-heal|p2a: Hands|237\/319|[from] item: Leftovers
|turn|20
|
|cant|p1a: Milotic|slp
|move|p2a: Hands|Nasty Plot|p2a: Hands
|-boost|p2a: Hands|spa|2
|
|-heal|p1a: Milotic|357\/394 slp|[from] item: Leftovers
|-heal|p2a: Hands|256\/319|[from] item: Leftovers
|turn|21
|
|move|p2a: Hands|Shadow Ball|p1a: Milotic
|-damage|p1a: Milotic|180\/394 slp
|cant|p1a: Milotic|slp
|
|-heal|p1a: Milotic|204\/394 slp|[from] item: Leftovers
|-heal|p2a: Hands|275\/319|[from] item: Leftovers
|turn|22
|
|move|p2a: Hands|Hidden Power|p1a: Milotic
|-damage|p1a: Milotic|120\/394 slp
|-curestatus|p1a: Milotic|slp
|move|p1a: Milotic|Dragon Tail|p2a: Hands
|-damage|p2a: Hands|255\/319
|-ability|p1a: Milotic|Mummy|[from] Mummy
|drag|p2a: Aero|Aerodactyl, F|271\/301
|-ability|p2a: Aero|Pressure
|
|-heal|p1a: Milotic|144\/394|[from] item: Leftovers
|turn|23
|
|move|p2a: Aero|Stone Edge|p1a: Milotic
|-damage|p1a: Milotic|0 fnt
|-damage|p2a: Aero|241\/301|[from] item: Life Orb
|faint|p1a: Milotic
|
|
|switch|p1a: Aggron|Aggron-Mega, M|291\/291
|turn|24
|
|switch|p2a: Hands|Cofagrigus, F|255\/319
|-activate|p2a: Hands|move: Sticky Web
|-unboost|p2a: Hands|spe|1
|move|p1a: Aggron|Earthquake|p2a: Hands
|-crit|p2a: Hands
|-damage|p2a: Hands|93\/319
|
|-heal|p2a: Hands|112\/319|[from] item: Leftovers
|turn|25
|
|switch|p2a: Bandage|Umbreon, F|325\/394
|-activate|p2a: Bandage|move: Sticky Web
|-unboost|p2a: Bandage|spe|1
|move|p1a: Aggron|Iron Head|p2a: Bandage
|-damage|p2a: Bandage|195\/394
|
|-heal|p2a: Bandage|219\/394|[from] item: Leftovers
|turn|26
|
|move|p1a: Aggron|Iron Head|p2a: Bandage
|-damage|p2a: Bandage|86\/394
|cant|p2a: Bandage|flinch
|
|-heal|p2a: Bandage|110\/394|[from] item: Leftovers
|turn|27
|
|switch|p2a: Hands|Cofagrigus, F|112\/319
|-activate|p2a: Hands|move: Sticky Web
|-unboost|p2a: Hands|spe|1
|move|p1a: Aggron|Iron Head|p2a: Hands
|-damage|p2a: Hands|3\/319
|-ability|p1a: Aggron|Mummy|[from] Mummy
|
|-heal|p2a: Hands|22\/319|[from] item: Leftovers
|turn|28
|
|move|p1a: Aggron|Iron Head|p2a: Hands
|-damage|p2a: Hands|0 fnt
|faint|p2a: Hands
|
|
|switch|p2a: Fios|Virizion|327\/386
|-activate|p2a: Fios|move: Sticky Web
|-unboost|p2a: Fios|spe|1
|turn|29
|
|move|p2a: Fios|Light Screen|p2a: Fios
|-sidestart|p2: Kett|move: Light Screen
|move|p1a: Aggron|Iron Head|p2a: Fios
|-damage|p2a: Fios|120\/386
|
|turn|30
|
|switch|p2a: Kamex|Blastoise-Mega, F|339\/362
|-activate|p2a: Kamex|move: Sticky Web
|-unboost|p2a: Kamex|spe|1
|move|p1a: Aggron|Iron Head|p2a: Kamex
|-resisted|p2a: Kamex
|-damage|p2a: Kamex|272\/362
|
|turn|31
|
|switch|p1a: Galvantula|Galvantula, M, shiny|148\/344
|move|p2a: Kamex|Aura Sphere|p1a: Galvantula
|-resisted|p1a: Galvantula
|-damage|p1a: Galvantula|22\/344
|
|turn|32
|
|move|p1a: Galvantula|Thunder|p2a: Kamex
|-supereffective|p2a: Kamex
|-damage|p2a: Kamex|158\/362
|move|p2a: Kamex|Rapid Spin|p1a: Galvantula
|-damage|p1a: Galvantula|1\/344
|-sideend|p2: Kett|Sticky Web|[from] move: Rapid Spin|[of] p2a: Kamex
|
|turn|33
|chat|Kett|aw
|
|switch|p1a: Aggron|Aggron-Mega, M|291\/291
|switch|p2a: Big X|Metagross|364\/364 par
|
|turn|34
|
|move|p1a: Aggron|Earthquake|p2a: Big X
|-supereffective|p2a: Big X
|-damage|p2a: Big X|142\/364 par
|-enditem|p2a: Big X|Weakness Policy
|-boost|p2a: Big X|atk|2|[from] item: Weakness Policy
|-boost|p2a: Big X|spa|2|[from] item: Weakness Policy
|move|p2a: Big X|Earthquake|p1a: Aggron
|-supereffective|p1a: Aggron
|-damage|p1a: Aggron|105\/291
|
|turn|35
|
|switch|p2a: Aero|Aerodactyl, F|241\/301
|-ability|p2a: Aero|Pressure
|move|p1a: Aggron|Earthquake|p2a: Aero
|-immune|p2a: Aero|[msg]
|
|turn|36
|
|move|p2a: Aero|Earthquake|p1a: Aggron
|-supereffective|p1a: Aggron
|-damage|p1a: Aggron|9\/291
|-damage|p2a: Aero|211\/301|[from] item: Life Orb
|move|p1a: Aggron|Iron Head|p2a: Aero
|-supereffective|p2a: Aero
|-damage|p2a: Aero|0 fnt
|faint|p2a: Aero
|
|-sideend|p2: Kett|move: Light Screen
|
|switch|p2a: Kamex|Blastoise-Mega, F|158\/362
|turn|37
|
|move|p2a: Kamex|Ice Beam|p1a: Aggron
|-resisted|p1a: Aggron
|-damage|p1a: Aggron|0 fnt
|faint|p1a: Aggron
|
|
|switch|p1a: Galvantula|Galvantula, M, shiny|1\/344
|turn|38
|
|switch|p2a: Bandage|Umbreon, F|110\/394
|move|p1a: Galvantula|Thunder|p2a: Bandage
|-crit|p2a: Bandage
|-damage|p2a: Bandage|0 fnt
|faint|p2a: Bandage
|
|
|switch|p2a: Fios|Virizion|120\/386
|turn|39
|
|switch|p1a: Noivern|Noivern, F|311\/311
|move|p2a: Fios|Light Screen|p2a: Fios
|-sidestart|p2: Kett|move: Light Screen
|
|turn|40
|
|move|p1a: Noivern|Flamethrower|p2a: Fios
|-supereffective|p2a: Fios
|-damage|p2a: Fios|0 fnt
|faint|p2a: Fios
|
|
|switch|p2a: Kamex|Blastoise-Mega, F|158\/362
|turn|41
|
|switch|p1a: Scrafty|Scrafty, F, shiny|290\/322
|move|p2a: Kamex|Ice Beam|p1a: Scrafty
|-crit|p1a: Scrafty
|-damage|p1a: Scrafty|135\/322
|
|turn|42
|
|move|p2a: Kamex|Aura Sphere|p1a: Scrafty
|-supereffective|p1a: Scrafty
|-damage|p1a: Scrafty|0 fnt
|faint|p1a: Scrafty
|
|
|switch|p1a: Galvantula|Galvantula, M, shiny|1\/344
|turn|43
|
|switch|p2a: Big X|Metagross|142\/364 par
|move|p1a: Galvantula|Thunder Wave|p2a: Big X
|-fail|p2a: Big X|par
|
|turn|44
|
|move|p2a: Big X|Bullet Punch|p1a: Galvantula
|-resisted|p1a: Galvantula
|-damage|p1a: Galvantula|0 fnt
|faint|p1a: Galvantula
|
|
|switch|p1a: Noivern|Noivern, F|311\/311
|turn|45
|
|move|p1a: Noivern|Air Slash|p2a: Big X
|-resisted|p2a: Big X
|-damage|p2a: Big X|52\/364 par
|cant|p2a: Big X|par
|
|turn|46
|
|move|p2a: Big X|Bullet Punch|p1a: Noivern
|-damage|p1a: Noivern|205\/311
|move|p1a: Noivern|Air Slash|p2a: Big X
|-resisted|p2a: Big X
|-damage|p2a: Big X|0 fnt
|faint|p2a: Big X
|
|-sideend|p2: Kett|move: Light Screen
|
|switch|p2a: Kamex|Blastoise-Mega, F|158\/362
|turn|47
|chat|enzumerang|Oh shit
|chat|Kett|Not sure if I can even live one
|chat|enzumerang|Not sure if I can ohko lol
|chat|Kett|and if I do live it
|chat|Kett|10 bucks says flinch
|
|move|p1a: Noivern|Air Slash|p2a: Kamex
|-damage|p2a: Kamex|19\/362
|cant|p2a: Kamex|flinch
|
|turn|48
|chat|enzumerang|Clutch plays
|chat|enzumerang|Oh shit
|chat|enzumerang|gg
|chat|Kett|TEN BUCKS
|chat|Kett|gg
|
|move|p1a: Noivern|Air Slash|p2a: Kamex
|-damage|p2a: Kamex|0 fnt
|faint|p2a: Kamex
|
|win|enzumerang
|raw|Ladder updating...
|raw|enzumerang's rating: 1407 &rarr; <strong>1423<\/strong><br \/>(+16 for winning)
|raw|Kett's rating: 1335 &rarr; <strong>1319<\/strong><br \/>(-16 for losing)
|leave|Kett
|player|p2