|join|MegaZordon
|join|Kett
|player|p1|MegaZordon|120
|player|p2|Kett|52
|gametype|singles
|gen|6
|tier|UU
|rated
|rule|Sleep Clause Mod: Limit one foe put to sleep
|rule|Species Clause: Limit one of each PokÃ©mon
|rule|OHKO Clause: OHKO moves are banned
|rule|Moody Clause: Moody is banned
|rule|Evasion Moves Clause: Evasion moves are banned
|rule|Endless Battle Clause: Forcing endless battles is banned
|rule|HP Percentage Mod: HP is shown in percentages
|clearpoke
|poke|p1|Donphan, M
|poke|p1|Blissey, F, shiny
|poke|p1|Cloyster, M, shiny
|poke|p1|Sableye, F, shiny
|poke|p1|Shuckle, M
|poke|p1|Whimsicott, M, shiny
|poke|p2|Jolteon, M
|poke|p2|Blastoise, M
|poke|p2|Crobat, M
|poke|p2|Porygon2
|poke|p2|Infernape, M
|poke|p2|Flygon, M
|rule|Swagger Clause: Swagger is banned
|rule|Baton Pass Clause: Limit one PokÃ©mon knowing Baton Pass
|teampreview
|
|start
|switch|p1a: Yellow Ranger|Sableye, F, shiny|304\/304
|switch|p2a: Row Row|Porygon2|374\/374
|-ability|p2a: Row Row|Prankster|[from] ability: Trace|[of] p1a: Yellow Ranger
|turn|1
|
|move|p2a: Row Row|Toxic|p1a: Yellow Ranger
|-status|p1a: Yellow Ranger|tox
|move|p1a: Yellow Ranger|Taunt|p2a: Row Row
|-start|p2a: Row Row|move: Taunt
|
|-damage|p1a: Yellow Ranger|285\/304 tox|[from] psn
|turn|2
|
|switch|p2a: Viral|Crobat, M|335\/335
|switch|p1a: Red Ranger|Shuckle, M|244\/244
|
|turn|3
|
|move|p2a: Viral|Taunt|p1a: Red Ranger
|-start|p1a: Red Ranger|move: Taunt
|move|p1a: Red Ranger|Infestation|p2a: Viral
|-resisted|p2a: Viral
|-damage|p2a: Viral|334\/335
|-activate|p2a: Viral|move: Infestation|[of] p1a: Red Ranger
|
|-heal|p2a: Viral|335\/335|[from] item: Black Sludge
|-damage|p2a: Viral|294\/335|[from] move: Infestation|[partiallytrapped]
|turn|4
|
|switch|p1a: Black Ranger|Donphan, M|384\/384
|move|p2a: Viral|U-turn|p1a: Black Ranger
|-damage|p1a: Black Ranger|343\/384
|
|switch|p2a: Gurren|Blastoise, M|362\/362
|
|-heal|p1a: Black Ranger|367\/384|[from] item: Leftovers
|turn|5
|
|switch|p1a: Pink Ranger|Blissey, F, shiny|714\/714
|detailschange|p2a: Gurren|Blastoise-Mega, M
|message|Blastoise has Mega Evolved into Mega Blastoise!
|move|p2a: Gurren|Water Pulse|p1a: Pink Ranger
|-damage|p1a: Pink Ranger|606\/714
|
|-heal|p1a: Pink Ranger|650\/714|[from] item: Leftovers
|turn|6
|
|switch|p2a: Lagann|Flygon, M|301\/301
|move|p1a: Pink Ranger|Heal Bell|p1a: Pink Ranger
|-cureteam|p1a: Pink Ranger|[from] move: HealBell
|
|-heal|p1a: Pink Ranger|694\/714|[from] item: Leftovers
|turn|7
|
|switch|p1a: White Ranger|Whimsicott, M, shiny|230\/230
|move|p2a: Lagann|U-turn|p1a: White Ranger
|-damage|p1a: White Ranger|151\/230
|
|switch|p2a: Kittan|Jolteon, M|272\/272
|
|-heal|p1a: White Ranger|165\/230|[from] item: Leftovers
|turn|8
|
|switch|p1a: Pink Ranger|Blissey, F, shiny|694\/714
|move|p2a: Kittan|Hidden Power|p1a: Pink Ranger
|-damage|p1a: Pink Ranger|635\/714
|
|-heal|p1a: Pink Ranger|679\/714|[from] item: Leftovers
|turn|9
|
|switch|p2a: Lagann|Flygon, M|301\/301
|move|p1a: Pink Ranger|Wish|p1a: Pink Ranger
|
|-heal|p1a: Pink Ranger|714\/714|[from] item: Leftovers
|turn|10
|
|switch|p1a: Black Ranger|Donphan, M|367\/384
|move|p2a: Lagann|U-turn|p1a: Black Ranger
|-damage|p1a: Black Ranger|306\/384
|
|switch|p2a: Gurren|Blastoise-Mega, M|362\/362
|
|-heal|p1a: Black Ranger|384\/384|[from] move: Wish|[wisher] Pink Ranger
|turn|11
|
|switch|p2a: Viral|Crobat, M|294\/335
|move|p1a: Black Ranger|Stealth Rock|p2a: Viral
|-sidestart|p2: Kett|move: Stealth Rock
|
|-heal|p2a: Viral|314\/335|[from] item: Black Sludge
|turn|12
|
|move|p2a: Viral|U-turn|p1a: Black Ranger
|-damage|p1a: Black Ranger|344\/384
|
|switch|p2a: Gurren|Blastoise-Mega, M|362\/362
|-damage|p2a: Gurren|317\/362|[from] Stealth Rock
|move|p1a: Black Ranger|Roar|p2a: Gurren
|drag|p2a: Kittan|Jolteon, M|272\/272
|-damage|p2a: Kittan|238\/272|[from] Stealth Rock
|
|-heal|p1a: Black Ranger|368\/384|[from] item: Leftovers
|turn|13
|
|switch|p2a: Row Row|Porygon2|374\/374
|-damage|p2a: Row Row|328\/374|[from] Stealth Rock
|-ability|p2a: Row Row|Sturdy|[from] ability: Trace|[of] p1a: Black Ranger
|switch|p1a: Pink Ranger|Blissey, F, shiny|714\/714
|
|turn|14
|
|switch|p1a: Red Ranger|Shuckle, M|244\/244
|move|p2a: Row Row|Toxic|p1a: Red Ranger
|-status|p1a: Red Ranger|tox
|
|-damage|p1a: Red Ranger|229\/244 tox|[from] psn
|turn|15
|
|switch|p2a: Gurren|Blastoise-Mega, M|317\/362
|-damage|p2a: Gurren|272\/362|[from] Stealth Rock
|move|p1a: Red Ranger|Toxic|p2a: Gurren
|-status|p2a: Gurren|tox
|
|-heal|p1a: Red Ranger|244\/244 tox|[from] item: Leftovers
|-damage|p2a: Gurren|250\/362 tox|[from] psn
|-damage|p1a: Red Ranger|214\/244 tox|[from] psn
|turn|16
|
|switch|p1a: Pink Ranger|Blissey, F, shiny|714\/714
|move|p2a: Gurren|Rapid Spin|p1a: Pink Ranger
|-damage|p1a: Pink Ranger|659\/714
|-sideend|p2: Kett|Stealth Rock|[from] move: Rapid Spin|[of] p2a: Gurren
|
|-heal|p1a: Pink Ranger|703\/714|[from] item: Leftovers
|-damage|p2a: Gurren|206\/362 tox|[from] psn
|turn|17
|
|switch|p2a: Kamina|Infernape, M|293\/293
|move|p1a: Pink Ranger|Heal Bell|p1a: Pink Ranger
|-cureteam|p1a: Pink Ranger|[from] move: HealBell
|
|-heal|p1a: Pink Ranger|714\/714|[from] item: Leftovers
|turn|18
|
|switch|p1a: Red Ranger|Shuckle, M|214\/244
|move|p2a: Kamina|Flare Blitz|p1a: Red Ranger
|-damage|p1a: Red Ranger|128\/244
|-damage|p2a: Kamina|265\/293|[from] recoil|[of] p1a: Red Ranger
|-damage|p2a: Kamina|236\/293|[from] item: Life Orb
|
|-heal|p1a: Red Ranger|143\/244|[from] item: Leftovers
|turn|19
|
|switch|p2a: Kittan|Jolteon, M|238\/272
|move|p1a: Red Ranger|Toxic|p2a: Kittan
|-status|p2a: Kittan|tox
|
|-heal|p1a: Red Ranger|158\/244|[from] item: Leftovers
|-damage|p2a: Kittan|221\/272 tox|[from] psn
|turn|20
|
|move|p1a: Red Ranger|Protect|p1a: Red Ranger
|-singleturn|p1a: Red Ranger|Protect
|move|p2a: Kittan|Volt Switch|p1a: Red Ranger
|-activate|p1a: Red Ranger|Protect
|
|-heal|p1a: Red Ranger|173\/244|[from] item: Leftovers
|-damage|p2a: Kittan|187\/272 tox|[from] psn
|turn|21
|
|switch|p2a: Gurren|Blastoise-Mega, M|206\/362 tox
|move|p1a: Red Ranger|Toxic|p2a: Gurren
|-fail|p2a: Gurren|tox
|
|-heal|p1a: Red Ranger|188\/244|[from] item: Leftovers
|-damage|p2a: Gurren|184\/362 tox|[from] psn
|turn|22
|
|switch|p2a: Kamina|Infernape, M|236\/293
|move|p1a: Red Ranger|Protect|p1a: Red Ranger
|-fail|p1a: Red Ranger
|
|-heal|p1a: Red Ranger|203\/244|[from] item: Leftovers
|turn|23
|
|move|p2a: Kamina|Close Combat|p1a: Red Ranger
|-damage|p1a: Red Ranger|113\/244
|-unboost|p2a: Kamina|def|1
|-unboost|p2a: Kamina|spd|1
|-damage|p2a: Kamina|207\/293|[from] item: Life Orb
|move|p1a: Red Ranger|Infestation|p2a: Kamina
|-resisted|p2a: Kamina
|-damage|p2a: Kamina|204\/293
|-activate|p2a: Kamina|move: Infestation|[of] p1a: Red Ranger
|
|-heal|p1a: Red Ranger|128\/244|[from] item: Leftovers
|-damage|p2a: Kamina|168\/293|[from] move: Infestation|[partiallytrapped]
|turn|24
|
|move|p1a: Red Ranger|Protect|p1a: Red Ranger
|-singleturn|p1a: Red Ranger|Protect
|move|p2a: Kamina|Close Combat|p1a: Red Ranger
|-activate|p1a: Red Ranger|Protect
|
|-heal|p1a: Red Ranger|143\/244|[from] item: Leftovers
|-damage|p2a: Kamina|132\/293|[from] move: Infestation|[partiallytrapped]
|turn|25
|
|move|p2a: Kamina|U-turn|p1a: Red Ranger
|-damage|p1a: Red Ranger|109\/244
|-damage|p2a: Kamina|103\/293|[from] item: Life Orb
|
|switch|p2a: Gurren|Blastoise-Mega, M|184\/362 tox
|move|p1a: Red Ranger|Toxic|p2a: Gurren
|-fail|p2a: Gurren|tox
|
|-heal|p1a: Red Ranger|124\/244|[from] item: Leftovers
|-damage|p2a: Gurren|162\/362 tox|[from] psn
|turn|26
|
|move|p1a: Red Ranger|Protect|p1a: Red Ranger
|-singleturn|p1a: Red Ranger|Protect
|move|p2a: Gurren|Water Pulse|p1a: Red Ranger
|-activate|p1a: Red Ranger|Protect
|
|-heal|p1a: Red Ranger|139\/244|[from] item: Leftovers
|-damage|p2a: Gurren|118\/362 tox|[from] psn
|turn|27
|
|switch|p1a: Pink Ranger|Blissey, F, shiny|714\/714
|move|p2a: Gurren|Water Pulse|p1a: Pink Ranger
|-damage|p1a: Pink Ranger|600\/714
|
|-heal|p1a: Pink Ranger|644\/714|[from] item: Leftovers
|-damage|p2a: Gurren|52\/362 tox|[from] psn
|turn|28
|
|switch|p2a: Viral|Crobat, M|314\/335
|move|p1a: Pink Ranger|Wish|p1a: Pink Ranger
|
|-heal|p2a: Viral|334\/335|[from] item: Black Sludge
|-heal|p1a: Pink Ranger|688\/714|[from] item: Leftovers
|turn|29
|
|switch|p1a: Blue Ranger|Cloyster, M, shiny|242\/242
|move|p2a: Viral|Taunt|p1a: Blue Ranger
|-start|p1a: Blue Ranger|move: Taunt
|
|-heal|p2a: Viral|335\/335|[from] item: Black Sludge
|turn|30
|
|move|p2a: Viral|U-turn|p1a: Blue Ranger
|-damage|p1a: Blue Ranger|202\/242
|
|switch|p2a: Row Row|Porygon2|328\/374
|-ability|p2a: Row Row|Skill Link|[from] ability: Trace|[of] p1a: Blue Ranger
|move|p1a: Blue Ranger|Icicle Spear|p2a: Row Row
|-damage|p2a: Row Row|301\/374
|-damage|p2a: Row Row|276\/374
|-damage|p2a: Row Row|251\/374
|-damage|p2a: Row Row|227\/374
|-damage|p2a: Row Row|202\/374
|-hitcount|p2a: Row Row|5
|
|-heal|p1a: Blue Ranger|217\/242|[from] item: Leftovers
|turn|31
|c|âMegaZordon|!data porygon2
|c|~|\/data-pokemon Porygon2

|
|switch|p1a: Pink Ranger|Blissey, F, shiny|688\/714
|move|p2a: Row Row|Toxic|p1a: Pink Ranger
|-status|p1a: Pink Ranger|tox
|
|-heal|p1a: Pink Ranger|714\/714 tox|[from] item: Leftovers
|-damage|p1a: Pink Ranger|670\/714 tox|[from] psn
|turn|32
|
|switch|p2a: Viral|Crobat, M|335\/335
|switch|p1a: White Ranger|Whimsicott, M, shiny|165\/230
|
|-heal|p1a: White Ranger|179\/230|[from] item: Leftovers
|turn|33
|
|switch|p1a: Black Ranger|Donphan, M|368\/384
|move|p2a: Viral|Brave Bird|p1a: Black Ranger
|-damage|p1a: Black Ranger|260\/384
|-damage|p2a: Viral|299\/335|[from] recoil|[of] p1a: Black Ranger
|
|-heal|p2a: Viral|319\/335|[from] item: Black Sludge
|-heal|p1a: Black Ranger|284\/384|[from] item: Leftovers
|turn|34
|
|move|p2a: Viral|Taunt|p1a: Black Ranger
|-start|p1a: Black Ranger|move: Taunt
|cant|p1a: Black Ranger|move: Taunt|Stealth Rock
|
|-heal|p2a: Viral|335\/335|[from] item: Black Sludge
|-heal|p1a: Black Ranger|308\/384|[from] item: Leftovers
|turn|35
|
|switch|p1a: Blue Ranger|Cloyster, M, shiny|217\/242
|move|p2a: Viral|Brave Bird|p1a: Blue Ranger
|-damage|p1a: Blue Ranger|109\/242
|-damage|p2a: Viral|299\/335|[from] recoil|[of] p1a: Blue Ranger
|
|-heal|p2a: Viral|319\/335|[from] item: Black Sludge
|-heal|p1a: Blue Ranger|124\/242|[from] item: Leftovers
|turn|36
|
|move|p2a: Viral|Taunt|p1a: Blue Ranger
|-start|p1a: Blue Ranger|move: Taunt
|cant|p1a: Blue Ranger|move: Taunt|Substitute
|
|-heal|p2a: Viral|335\/335|[from] item: Black Sludge
|-heal|p1a: Blue Ranger|139\/242|[from] item: Leftovers
|turn|37
|
|switch|p1a: Yellow Ranger|Sableye, F, shiny|285\/304
|move|p2a: Viral|U-turn|p1a: Yellow Ranger
|-damage|p1a: Yellow Ranger|203\/304
|
|switch|p2a: Kittan|Jolteon, M|187\/272 tox
|
|-heal|p1a: Yellow Ranger|222\/304|[from] item: Leftovers
|-damage|p2a: Kittan|170\/272 tox|[from] psn
|turn|38
|
|switch|p1a: Pink Ranger|Blissey, F, shiny|670\/714
|move|p2a: Kittan|Volt Switch|p1a: Pink Ranger
|-crit|p1a: Pink Ranger
|-damage|p1a: Pink Ranger|522\/714
|
|switch|p2a: Viral|Crobat, M|335\/335
|
|-heal|p1a: Pink Ranger|566\/714|[from] item: Leftovers
|turn|39
|
|move|p1a: Pink Ranger|Protect|p1a: Pink Ranger
|-singleturn|p1a: Pink Ranger|Protect
|move|p2a: Viral|Taunt|p1a: Pink Ranger
|-activate|p1a: Pink Ranger|Protect
|
|-heal|p1a: Pink Ranger|610\/714|[from] item: Leftovers
|turn|40
|
|switch|p1a: Red Ranger|Shuckle, M|139\/244
|move|p2a: Viral|Taunt|p1a: Red Ranger
|-start|p1a: Red Ranger|move: Taunt
|
|-heal|p1a: Red Ranger|154\/244|[from] item: Leftovers
|turn|41
|
|move|p2a: Viral|Brave Bird|p1a: Red Ranger
|-damage|p1a: Red Ranger|96\/244
|-damage|p2a: Viral|316\/335|[from] recoil|[of] p1a: Red Ranger
|move|p1a: Red Ranger|Infestation|p2a: Viral
|-resisted|p2a: Viral
|-damage|p2a: Viral|315\/335
|-activate|p2a: Viral|move: Infestation|[of] p1a: Red Ranger
|
|-heal|p2a: Viral|335\/335|[from] item: Black Sludge
|-heal|p1a: Red Ranger|111\/244|[from] item: Leftovers
|-damage|p2a: Viral|294\/335|[from] move: Infestation|[partiallytrapped]
|turn|42
|
|switch|p1a: Black Ranger|Donphan, M|308\/384
|move|p2a: Viral|Brave Bird|p1a: Black Ranger
|-damage|p1a: Black Ranger|209\/384
|-damage|p2a: Viral|261\/335|[from] recoil|[of] p1a: Black Ranger
|
|-heal|p2a: Viral|281\/335|[from] item: Black Sludge
|-heal|p1a: Black Ranger|233\/384|[from] item: Leftovers
|-end|p2a: Viral|Infestation|[partiallytrapped]
|turn|43
|
|switch|p1a: Red Ranger|Shuckle, M|111\/244
|move|p2a: Viral|Taunt|p1a: Red Ranger
|-start|p1a: Red Ranger|move: Taunt
|
|-heal|p2a: Viral|301\/335|[from] item: Black Sludge
|-heal|p1a: Red Ranger|126\/244|[from] item: Leftovers
|turn|44
|
|switch|p1a: Pink Ranger|Blissey, F, shiny|610\/714
|move|p2a: Viral|Brave Bird|p1a: Pink Ranger
|-damage|p1a: Pink Ranger|0 fnt
|-damage|p2a: Viral|100\/335|[from] recoil|[of] p1a: Pink Ranger
|faint|p1a: Pink Ranger
|
|-heal|p2a: Viral|120\/335|[from] item: Black Sludge
|c|âKett|holy shit
|
|switch|p1a: Blue Ranger|Cloyster, M, shiny|139\/242
|turn|45
|c|âKett|now that's recoil righ there
|
|move|p2a: Viral|Taunt|p1a: Blue Ranger
|-start|p1a: Blue Ranger|move: Taunt
|cant|p1a: Blue Ranger|move: Taunt|Substitute
|
|-heal|p2a: Viral|140\/335|[from] item: Black Sludge
|-heal|p1a: Blue Ranger|154\/242|[from] item: Leftovers
|turn|46
|
|move|p2a: Viral|U-turn|p1a: Blue Ranger
|-damage|p1a: Blue Ranger|116\/242
|
|switch|p2a: Gurren|Blastoise-Mega, M|52\/362 tox
|move|p1a: Blue Ranger|Rock Blast|p2a: Gurren
|-damage|p2a: Gurren|27\/362 tox
|-damage|p2a: Gurren|2\/362 tox
|-damage|p2a: Gurren|0 fnt
|-hitcount|p2a: Gurren|3
|faint|p2a: Gurren
|
|-heal|p1a: Blue Ranger|131\/242|[from] item: Leftovers
|
|switch|p2a: Row Row|Porygon2|202\/374
|-ability|p2a: Row Row|Skill Link|[from] ability: Trace|[of] p1a: Blue Ranger
|turn|47
|
|switch|p1a: Red Ranger|Shuckle, M|126\/244
|move|p2a: Row Row|Toxic|p1a: Red Ranger
|-status|p1a: Red Ranger|tox
|
|-heal|p1a: Red Ranger|141\/244 tox|[from] item: Leftovers
|-damage|p1a: Red Ranger|126\/244 tox|[from] psn
|turn|48
|
|move|p2a: Row Row|Recover|p2a: Row Row
|-heal|p2a: Row Row|374\/374
|move|p1a: Red Ranger|Rest|p1a: Red Ranger
|-status|p1a: Red Ranger|slp
|-heal|p1a: Red Ranger|244\/244 slp|[silent]
|-status|p1a: Red Ranger|slp|[from] move: Rest
|
|turn|49
|
|switch|p2a: Viral|Crobat, M|140\/335
|cant|p1a: Red Ranger|slp
|
|-heal|p2a: Viral|160\/335|[from] item: Black Sludge
|turn|50
|
|switch|p1a: Yellow Ranger|Sableye, F, shiny|222\/304
|move|p2a: Viral|Taunt|p1a: Yellow Ranger
|-start|p1a: Yellow Ranger|move: Taunt
|
|-heal|p2a: Viral|180\/335|[from] item: Black Sludge
|-heal|p1a: Yellow Ranger|241\/304|[from] item: Leftovers
|turn|51
|
|switch|p1a: Red Ranger|Shuckle, M|244\/244 slp
|move|p2a: Viral|Roost|p2a: Viral
|-heal|p2a: Viral|335\/335
|
|turn|52
|
|cant|p1a: Red Ranger|slp
|move|p2a: Viral|Taunt|p1a: Red Ranger
|-start|p1a: Red Ranger|move: Taunt
|
|turn|53
|
|move|p2a: Viral|Brave Bird|p1a: Red Ranger
|-damage|p1a: Red Ranger|174\/244 slp
|-damage|p2a: Viral|312\/335|[from] recoil|[of] p1a: Red Ranger
|-curestatus|p1a: Red Ranger|slp
|move|p1a: Red Ranger|Infestation|p2a: Viral
|-resisted|p2a: Viral
|-damage|p2a: Viral|311\/335
|-activate|p2a: Viral|move: Infestation|[of] p1a: Red Ranger
|
|-heal|p2a: Viral|331\/335|[from] item: Black Sludge
|-heal|p1a: Red Ranger|189\/244|[from] item: Leftovers
|-damage|p2a: Viral|290\/335|[from] move: Infestation|[partiallytrapped]
|turn|54
|
|switch|p1a: Yellow Ranger|Sableye, F, shiny|241\/304
|move|p2a: Viral|Brave Bird|p1a: Yellow Ranger
|-damage|p1a: Yellow Ranger|48\/304
|-damage|p2a: Viral|226\/335|[from] recoil|[of] p1a: Yellow Ranger
|
|-heal|p2a: Viral|246\/335|[from] item: Black Sludge
|-heal|p1a: Yellow Ranger|67\/304|[from] item: Leftovers
|-end|p2a: Viral|Infestation|[partiallytrapped]
|turn|55
|
|switch|p2a: Kittan|Jolteon, M|170\/272 tox
|move|p1a: Yellow Ranger|Will-O-Wisp|p2a: Kittan
|-fail|p2a: Kittan
|
|-heal|p1a: Yellow Ranger|86\/304|[from] item: Leftovers
|-damage|p2a: Kittan|153\/272 tox|[from] psn
|turn|56
|
|move|p1a: Yellow Ranger|Recover|p1a: Yellow Ranger
|-heal|p1a: Yellow Ranger|238\/304
|move|p2a: Kittan|Volt Switch|p1a: Yellow Ranger
|-damage|p1a: Yellow Ranger|78\/304
|
|switch|p2a: Kamina|Infernape, M|103\/293
|
|-heal|p1a: Yellow Ranger|97\/304|[from] item: Leftovers
|turn|57
|
|move|p1a: Yellow Ranger|Confuse Ray|p2a: Kamina
|-start|p2a: Kamina|confusion
|-activate|p2a: Kamina|confusion
|move|p2a: Kamina|Flare Blitz|p1a: Yellow Ranger
|-damage|p1a: Yellow Ranger|0 fnt
|-damage|p2a: Kamina|71\/293|[from] recoil|[of] p1a: Yellow Ranger
|-damage|p2a: Kamina|42\/293|[from] item: Life Orb
|faint|p1a: Yellow Ranger
|
|
|switch|p1a: Blue Ranger|Cloyster, M, shiny|131\/242
|turn|58
|
|-end|p2a: Kamina|confusion
|move|p2a: Kamina|Close Combat|p1a: Blue Ranger
|-supereffective|p1a: Blue Ranger
|-damage|p1a: Blue Ranger|0 fnt
|-unboost|p2a: Kamina|def|1
|-unboost|p2a: Kamina|spd|1
|-damage|p2a: Kamina|13\/293|[from] item: Life Orb
|faint|p1a: Blue Ranger
|
|
|switch|p1a: Red Ranger|Shuckle, M|189\/244
|turn|59
|
|move|p2a: Kamina|Flare Blitz|p1a: Red Ranger
|-damage|p1a: Red Ranger|59\/244
|-damage|p2a: Kamina|0 fnt|[from] recoil|[of] p1a: Red Ranger
|faint|p2a: Kamina
|move|p1a: Red Ranger|Infestation|p2: Kamina|[notarget]
|-notarget
|
|-heal|p1a: Red Ranger|74\/244|[from] item: Leftovers
|
|switch|p2a: Viral|Crobat, M|246\/335
|turn|60
|
|move|p2a: Viral|Taunt|p1a: Red Ranger
|-start|p1a: Red Ranger|move: Taunt
|move|p1a: Red Ranger|Infestation|p2a: Viral
|-resisted|p2a: Viral
|-damage|p2a: Viral|245\/335
|-activate|p2a: Viral|move: Infestation|[of] p1a: Red Ranger
|
|-heal|p2a: Viral|265\/335|[from] item: Black Sludge
|-heal|p1a: Red Ranger|89\/244|[from] item: Leftovers
|-damage|p2a: Viral|224\/335|[from] move: Infestation|[partiallytrapped]
|turn|61
|c|âMegaZordon|kk u won, good predictions
|-message|MegaZordon forfeited.
|
|win|Kett
|raw|Ladder updating...
|leave|MegaZordon
|player|p1
|raw|MegaZordon's rating: 1258 &rarr; <strong>1240<\/strong><br \/>(-18 for losing)
|raw|Kett's rating: 1360 &rarr; <strong>1375<\/strong><br \/>(+15 for winning)