|join|Kett
|join|malin
|player|p1|Kett|52
|player|p2|malin|102
|gametype|singles
|gen|6
|tier|UU
|rated
|rule|Sleep Clause Mod: Limit one foe put to sleep
|rule|Species Clause: Limit one of each PokÃ©mon
|rule|OHKO Clause: OHKO moves are banned
|rule|Moody Clause: Moody is banned
|rule|Evasion Moves Clause: Evasion moves are banned
|rule|Endless Battle Clause: Forcing endless battles is banned
|rule|HP Percentage Mod: HP is shown in percentages
|clearpoke
|poke|p1|Goodra, F
|poke|p1|Rotom-Heat
|poke|p1|Forretress, M
|poke|p1|Cloyster, F
|poke|p1|Florges, F
|poke|p1|Shaymin
|poke|p2|Forretress, M
|poke|p2|Florges, F
|poke|p2|Raikou
|poke|p2|Darmanitan, F
|poke|p2|Mienshao, M
|poke|p2|Swampert, F
|rule|Swagger Clause: Swagger is banned
|rule|Baton Pass Clause: Limit one PokÃ©mon knowing Baton Pass
|teampreview
|
|start
|switch|p1a: Miami-Heat|Rotom-Heat|241\/241
|switch|p2a: Darmanitan|Darmanitan, F|351\/351
|turn|1
|
|move|p1a: Miami-Heat|Volt Switch|p2a: Darmanitan
|-crit|p2a: Darmanitan
|-damage|p2a: Darmanitan|102\/351
|
|switch|p1a: Goo Man|Goodra, F|384\/384
|move|p2a: Darmanitan|Rock Slide|p1a: Goo Man
|-damage|p1a: Goo Man|190\/384
|
|turn|2
|
|switch|p1a: 2Fort|Forretress, M|354\/354
|move|p2a: Darmanitan|Rock Slide|p1a: 2Fort
|-damage|p1a: 2Fort|277\/354
|
|-heal|p1a: 2Fort|299\/354|[from] item: Leftovers
|turn|3
|
|switch|p2a: Raikou|Raikou|322\/322
|-ability|p2a: Raikou|Pressure
|move|p1a: 2Fort|Stealth Rock|p2a: Raikou
|-sidestart|p2: malin|move: Stealth Rock
|
|-heal|p1a: 2Fort|321\/354|[from] item: Leftovers
|turn|4
|
|switch|p1a: Leaf|Florges, F|360\/360
|move|p2a: Raikou|Volt Switch|p1a: Leaf
|-damage|p1a: Leaf|276\/360
|
|switch|p2a: Forretress|Forretress, M|354\/354
|-damage|p2a: Forretress|310\/354|[from] Stealth Rock
|
|-heal|p1a: Leaf|298\/360|[from] item: Leftovers
|-heal|p2a: Forretress|332\/354|[from] item: Leftovers
|turn|5
|
|move|p1a: Leaf|Wish|p1a: Leaf
|move|p2a: Forretress|Rapid Spin|p1a: Leaf
|-damage|p1a: Leaf|278\/360
|-sideend|p2: malin|Stealth Rock|[from] move: Rapid Spin|[of] p2a: Forretress
|
|-heal|p1a: Leaf|300\/360|[from] item: Leftovers
|-heal|p2a: Forretress|354\/354|[from] item: Leftovers
|turn|6
|
|switch|p1a: Goo Man|Goodra, F|190\/384
|move|p2a: Forretress|Spikes|p1a: Goo Man
|-sidestart|p1: Kett|Spikes
|
|-heal|p1a: Goo Man|370\/384|[from] move: Wish|[wisher] Leaf
|turn|7
|
|switch|p1a: 2Fort|Forretress, M|321\/354
|-damage|p1a: 2Fort|277\/354|[from] Spikes
|switch|p2a: Florges|Florges, F|360\/360
|
|-heal|p1a: 2Fort|299\/354|[from] item: Leftovers
|turn|8
|
|switch|p2a: Swampert|Swampert, F|404\/404
|move|p1a: 2Fort|Rapid Spin|p2a: Swampert
|-damage|p2a: Swampert|393\/404
|-damage|p1a: 2Fort|240\/354|[from] item: Rocky Helmet|[of] p2a: Swampert
|-sideend|p1: Kett|Spikes|[from] move: Rapid Spin|[of] p1a: 2Fort
|
|-heal|p1a: 2Fort|262\/354|[from] item: Leftovers
|turn|9
|
|switch|p1a: 8 Inch|Shaymin|341\/341
|move|p2a: Swampert|Scald|p1a: 8 Inch
|-resisted|p1a: 8 Inch
|-damage|p1a: 8 Inch|298\/341
|-status|p1a: 8 Inch|brn
|
|-damage|p1a: 8 Inch|256\/341 brn|[from] brn
|turn|10
|
|switch|p2a: Florges|Florges, F|360\/360
|move|p1a: 8 Inch|Seed Flare|p2a: Florges
|-damage|p2a: Florges|234\/360
|-unboost|p2a: Florges|spd|2
|-damage|p1a: 8 Inch|222\/341 brn|[from] item: Life Orb
|
|-heal|p2a: Florges|256\/360|[from] item: Leftovers
|-damage|p1a: 8 Inch|180\/341 brn|[from] brn
|turn|11
|
|move|p2a: Florges|Protect|p2a: Florges
|-singleturn|p2a: Florges|Protect
|move|p1a: 8 Inch|Synthesis|p1a: 8 Inch
|-heal|p1a: 8 Inch|341\/341 brn
|
|-heal|p2a: Florges|278\/360|[from] item: Leftovers
|-damage|p1a: 8 Inch|299\/341 brn|[from] brn
|turn|12
|
|move|p1a: 8 Inch|Seed Flare|p2a: Florges
|-damage|p2a: Florges|21\/360
|-unboost|p2a: Florges|spd|2
|-damage|p1a: 8 Inch|265\/341 brn|[from] item: Life Orb
|move|p2a: Florges|Wish|p2a: Florges
|
|-heal|p2a: Florges|43\/360|[from] item: Leftovers
|-damage|p1a: 8 Inch|223\/341 brn|[from] brn
|turn|13
|
|move|p1a: 8 Inch|Air Slash|p2a: Florges
|-damage|p2a: Florges|0 fnt
|-damage|p1a: 8 Inch|189\/341 brn|[from] item: Life Orb
|faint|p2a: Florges
|
|-damage|p1a: 8 Inch|147\/341 brn|[from] brn
|
|switch|p2a: Mienshao|Mienshao, M|271\/271
|turn|14
|
|switch|p1a: 2Fort|Forretress, M|262\/354
|move|p2a: Mienshao|Fake Out|p1a: 2Fort
|-resisted|p1a: 2Fort
|-damage|p1a: 2Fort|245\/354
|-damage|p2a: Mienshao|244\/271|[from] item: Life Orb
|
|-heal|p1a: 2Fort|267\/354|[from] item: Leftovers
|turn|15
|
|move|p2a: Mienshao|U-turn|p1a: 2Fort
|-resisted|p1a: 2Fort
|-damage|p1a: 2Fort|236\/354
|-damage|p2a: Mienshao|217\/271|[from] item: Life Orb
|
|switch|p2a: Darmanitan|Darmanitan, F|102\/351
|move|p1a: 2Fort|Stealth Rock|p2a: Darmanitan
|-sidestart|p2: malin|move: Stealth Rock
|
|-heal|p1a: 2Fort|258\/354|[from] item: Leftovers
|turn|16
|
|move|p2a: Darmanitan|Flare Blitz|p1a: 2Fort
|-supereffective|p1a: 2Fort
|-damage|p1a: 2Fort|0 fnt
|-damage|p2a: Darmanitan|17\/351|[from] recoil|[of] p1a: 2Fort
|faint|p1a: 2Fort
|
|
|switch|p1a: Miami-Heat|Rotom-Heat|241\/241
|turn|17
|
|move|p1a: Miami-Heat|Overheat|p2a: Darmanitan
|-resisted|p2a: Darmanitan
|-damage|p2a: Darmanitan|0 fnt
|-unboost|p1a: Miami-Heat|spa|2
|faint|p2a: Darmanitan
|
|
|switch|p2a: Raikou|Raikou|322\/322
|-damage|p2a: Raikou|282\/322|[from] Stealth Rock
|-ability|p2a: Raikou|Pressure
|turn|18
|
|switch|p1a: Leaf|Florges, F|300\/360
|move|p2a: Raikou|Volt Switch|p1a: Leaf
|-damage|p1a: Leaf|206\/360
|
|switch|p2a: Forretress|Forretress, M|354\/354
|-damage|p2a: Forretress|310\/354|[from] Stealth Rock
|
|-heal|p1a: Leaf|228\/360|[from] item: Leftovers
|-heal|p2a: Forretress|332\/354|[from] item: Leftovers
|turn|19
|
|move|p1a: Leaf|Wish|p1a: Leaf
|move|p2a: Forretress|Rapid Spin|p1a: Leaf
|-damage|p1a: Leaf|206\/360
|-sideend|p2: malin|Stealth Rock|[from] move: Rapid Spin|[of] p2a: Forretress
|
|-heal|p1a: Leaf|228\/360|[from] item: Leftovers
|-heal|p2a: Forretress|354\/354|[from] item: Leftovers
|turn|20
|
|switch|p1a: 8 Inch|Shaymin|147\/341
|move|p2a: Forretress|Toxic|p1a: 8 Inch
|-status|p1a: 8 Inch|tox
|
|-heal|p1a: 8 Inch|327\/341 tox|[from] move: Wish|[wisher] Leaf
|-damage|p1a: 8 Inch|306\/341 tox|[from] psn
|turn|21
|
|move|p1a: 8 Inch|Earth Power|p2a: Forretress
|-damage|p2a: Forretress|229\/354
|-damage|p1a: 8 Inch|272\/341 tox|[from] item: Life Orb
|move|p2a: Forretress|Spikes|p1a: 8 Inch
|-sidestart|p1: Kett|Spikes
|
|-heal|p2a: Forretress|251\/354|[from] item: Leftovers
|-damage|p1a: 8 Inch|230\/341 tox|[from] psn
|turn|22
|
|switch|p1a: Miami-Heat|Rotom-Heat|241\/241
|move|p2a: Forretress|Spikes|p1a: Miami-Heat
|-sidestart|p1: Kett|Spikes
|
|-heal|p2a: Forretress|273\/354|[from] item: Leftovers
|turn|23
|
|switch|p2a: Swampert|Swampert, F|393\/404
|move|p1a: Miami-Heat|Trick|p2a: Swampert
|-activate|p1a: Miami-Heat|move: Trick|[of] p2a: Swampert
|-item|p2a: Swampert|Choice Scarf|[from] move: Trick
|-item|p1a: Miami-Heat|Rocky Helmet|[from] move: Trick
|
|turn|24
|
|switch|p1a: 8 Inch|Shaymin|230\/341
|-damage|p1a: 8 Inch|174\/341|[from] Spikes
|move|p2a: Swampert|Stealth Rock|p1a: 8 Inch
|-sidestart|p1: Kett|move: Stealth Rock
|
|turn|25
|join|Hiro555
|
|switch|p2a: Forretress|Forretress, M|273\/354
|move|p1a: 8 Inch|Seed Flare|p2a: Forretress
|-resisted|p2a: Forretress
|-damage|p2a: Forretress|209\/354
|-unboost|p2a: Forretress|spd|2
|-damage|p1a: 8 Inch|140\/341|[from] item: Life Orb
|
|-heal|p2a: Forretress|231\/354|[from] item: Leftovers
|turn|26
|
|move|p1a: 8 Inch|Synthesis|p1a: 8 Inch
|-heal|p1a: 8 Inch|310\/341
|move|p2a: Forretress|Spikes|p1a: 8 Inch
|-sidestart|p1: Kett|Spikes
|
|-heal|p2a: Forretress|253\/354|[from] item: Leftovers
|turn|27
|
|move|p1a: 8 Inch|Earth Power|p2a: Forretress
|-damage|p2a: Forretress|0 fnt
|-damage|p1a: 8 Inch|276\/341|[from] item: Life Orb
|faint|p2a: Forretress
|
|
|switch|p2a: Mienshao|Mienshao, M|271\/271
|turn|28
|
|switch|p1a: Leaf|Florges, F|228\/360
|-damage|p1a: Leaf|183\/360|[from] Stealth Rock
|-damage|p1a: Leaf|93\/360|[from] Spikes
|move|p2a: Mienshao|Fake Out|p1a: Leaf
|-damage|p1a: Leaf|11\/360
|-damage|p2a: Mienshao|244\/271|[from] item: Life Orb
|
|-heal|p1a: Leaf|33\/360|[from] item: Leftovers
|turn|29
|
|move|p1a: Leaf|Protect|p1a: Leaf
|-singleturn|p1a: Leaf|Protect
|move|p2a: Mienshao|U-turn|p1a: Leaf
|-activate|p1a: Leaf|Protect
|
|-heal|p1a: Leaf|55\/360|[from] item: Leftovers
|turn|30
|
|move|p2a: Mienshao|High Jump Kick|p1a: Leaf
|-resisted|p1a: Leaf
|-damage|p1a: Leaf|0 fnt
|-damage|p2a: Mienshao|217\/271|[from] item: Life Orb
|faint|p1a: Leaf
|
|c| Hiro555|that looks like GG to me
|
|switch|p1a: Miami-Heat|Rotom-Heat|241\/241
|-damage|p1a: Miami-Heat|181\/241|[from] Stealth Rock
|turn|31
|c|âmalin|lets see
|c|âKett|Nah it's a gg
|
|switch|p2a: Swampert|Swampert, F|393\/404
|move|p1a: Miami-Heat|Overheat|p2a: Swampert
|-resisted|p2a: Swampert
|-damage|p2a: Swampert|279\/404
|-unboost|p1a: Miami-Heat|spa|2
|
|turn|32
|leave|Hiro555
|
|move|p1a: Miami-Heat|Trick|p2a: Swampert
|-activate|p1a: Miami-Heat|move: Trick|[of] p2a: Swampert
|-item|p2a: Swampert|Rocky Helmet|[from] move: Trick
|-item|p1a: Miami-Heat|Choice Scarf|[from] move: Trick
|move|p2a: Swampert|Roar|p1a: Miami-Heat
|drag|p1a: shellsmash.bat|Cloyster, F|241\/241
|-damage|p1a: shellsmash.bat|181\/241|[from] Stealth Rock
|-damage|p1a: shellsmash.bat|121\/241|[from] Spikes
|
|turn|33
|
|move|p1a: shellsmash.bat|Hydro Pump|p2a: Swampert
|-damage|p2a: Swampert|104\/404
|-damage|p1a: shellsmash.bat|97\/241|[from] item: Life Orb
|move|p2a: Swampert|Roar|p1a: shellsmash.bat
|drag|p1a: Goo Man|Goodra, F|370\/384
|-damage|p1a: Goo Man|274\/384|[from] Spikes
|-damage|p1a: Goo Man|226\/384|[from] Stealth Rock
|
|turn|34
|
|switch|p2a: Mienshao|Mienshao, M|271\/271
|move|p1a: Goo Man|Earthquake|p2a: Mienshao
|-damage|p2a: Mienshao|13\/271
|
|turn|35
|
|move|p2a: Mienshao|High Jump Kick|p1a: Goo Man
|-damage|p1a: Goo Man|0 fnt
|-damage|p2a: Mienshao|0 fnt|[from] item: Life Orb
|faint|p1a: Goo Man
|faint|p2a: Mienshao
|
|
|switch|p2a: Raikou|Raikou|282\/322
|switch|p1a: 8 Inch|Shaymin|276\/341
|-damage|p1a: 8 Inch|191\/341|[from] Spikes
|-damage|p1a: 8 Inch|149\/341|[from] Stealth Rock
|-ability|p2a: Raikou|Pressure
|turn|36
|
|move|p2a: Raikou|Extrasensory|p1a: 8 Inch
|-damage|p1a: 8 Inch|17\/341
|move|p1a: 8 Inch|Synthesis|p1a: 8 Inch
|-heal|p1a: 8 Inch|187\/341
|
|turn|37
|
|move|p2a: Raikou|Extrasensory|p1a: 8 Inch
|-damage|p1a: 8 Inch|68\/341
|move|p1a: 8 Inch|Synthesis|p1a: 8 Inch
|-heal|p1a: 8 Inch|238\/341
|
|turn|38
|
|move|p2a: Raikou|Extrasensory|p1a: 8 Inch
|-damage|p1a: 8 Inch|99\/341
|cant|p1a: 8 Inch|flinch
|
|turn|39
|
|move|p2a: Raikou|Extrasensory|p1a: 8 Inch
|-damage|p1a: 8 Inch|0 fnt
|faint|p1a: 8 Inch
|
|c|âmalin|haaax
|
|switch|p1a: Miami-Heat|Rotom-Heat|181\/241
|-damage|p1a: Miami-Heat|121\/241|[from] Stealth Rock
|turn|40
|c|âKett|Well that's a gg
|
|switch|p2a: Swampert|Swampert, F|104\/404
|move|p1a: Miami-Heat|Trick|p2a: Swampert
|-activate|p1a: Miami-Heat|move: Trick|[of] p2a: Swampert
|-item|p2a: Swampert|Choice Scarf|[from] move: Trick
|-item|p1a: Miami-Heat|Rocky Helmet|[from] move: Trick
|
|turn|41
|c|âmalin|now its gg
|
|move|p1a: Miami-Heat|Overheat|p2a: Swampert
|-resisted|p2a: Swampert
|-damage|p2a: Swampert|0 fnt
|-unboost|p1a: Miami-Heat|spa|2
|faint|p2a: Swampert
|
|
|switch|p2a: Raikou|Raikou|282\/322
|-ability|p2a: Raikou|Pressure
|turn|42
|
|move|p2a: Raikou|Thunderbolt|p1a: Miami-Heat
|-resisted|p1a: Miami-Heat
|-damage|p1a: Miami-Heat|22\/241
|move|p1a: Miami-Heat|Pain Split|p2a: Raikou
|-sethp|p2a: Raikou|152\/322|p1a: Miami-Heat|152\/241|[from] move: Pain Split
|
|turn|43
|c|âmalin|lol
|
|switch|p1a: shellsmash.bat|Cloyster, F|97\/241
|-damage|p1a: shellsmash.bat|37\/241|[from] Stealth Rock
|-damage|p1a: shellsmash.bat|0 fnt|[from] Spikes
|faint|p1a: shellsmash.bat
|move|p2a: Raikou|Thunderbolt|p1: shellsmash.bat|[notarget]
|-notarget
|
|
|switch|p1a: Miami-Heat|Rotom-Heat|152\/241
|-damage|p1a: Miami-Heat|92\/241|[from] Stealth Rock
|turn|44
|
|move|p2a: Raikou|Thunderbolt|p1a: Miami-Heat
|-resisted|p1a: Miami-Heat
|-damage|p1a: Miami-Heat|0 fnt
|faint|p1a: Miami-Heat
|
|win|malin
|raw|Ladder updating...
|raw|Kett's rating: 1361 &rarr; <strong>1340<\/strong><br \/>(-21 for losing)
|raw|malin's rating: 1347 &rarr; <strong>1368<\/strong><br \/>(+21 for winning)
|c|âKett|aw
|c|âmalin|ggwp
|c|âKett|gg man
|leave|Kett
|player|p1