|join|Kett
|join|JANGL
|player|p1|Kett|52
|player|p2|JANGL|252
|gametype|singles
|gen|6
|tier|UU
|rated
|rule|Sleep Clause Mod: Limit one foe put to sleep
|rule|Species Clause: Limit one of each Pokemon
|rule|OHKO Clause: OHKO moves are banned
|rule|Moody Clause: Moody is banned
|rule|Evasion Moves Clause: Evasion moves are banned
|rule|Endless Battle Clause: Forcing endless battles is banned.
|rule|HP Percentage Mod: HP is reported as percentages
|clearpoke
|poke|p1|Swampert, M
|poke|p1|Scrafty, M
|poke|p1|Roserade, F
|poke|p1|Crobat, M
|poke|p1|Arcanine, M
|poke|p1|Reuniclus, M
|poke|p2|Zoroark, M
|poke|p2|Ditto
|poke|p2|Dusclops, M
|poke|p2|Umbreon, M
|poke|p2|Xatu, F
|poke|p2|Flygon, F
|teampreview
|
|start
|switch|p1a: Rocks|Swampert, M|404\/404
|switch|p2a: Ditto|Ditto|299\/299
|-transform|p2a: Ditto|p1a: Rocks
|turn|1
|
|switch|p2a: Xatu|Xatu, F|334\/334
|switch|p1a: Crobot|Crobat, M|311\/311
|
|turn|2
|
|move|p1a: Crobot|U-turn|p2a: Xatu
|-damage|p2a: Xatu|259\/334
|
|switch|p1a: Ridiculous|Reuniclus, M|424\/424
|move|p2a: Xatu|U-turn|p1a: Ridiculous
|-supereffective|p1a: Ridiculous
|-damage|p1a: Ridiculous|356\/424
|
|switch|p2a: Umbreon|Umbreon, M|394\/394
|
|-heal|p1a: Ridiculous|382\/424|[from] item: Leftovers
|turn|3
|
|move|p2a: Umbreon|Baton Pass|p2a: Umbreon
|
|switch|p2a: Dusclops|Dusclops, M|283\/283
|-ability|p2a: Dusclops|Pressure
|move|p1a: Ridiculous|Calm Mind|p1a: Ridiculous
|-boost|p1a: Ridiculous|spa|1
|-boost|p1a: Ridiculous|spd|1
|
|-heal|p1a: Ridiculous|408\/424|[from] item: Leftovers
|turn|4
|
|switch|p2a: Umbreon|Umbreon, M|394\/394
|move|p1a: Ridiculous|Calm Mind|p1a: Ridiculous
|-boost|p1a: Ridiculous|spa|1
|-boost|p1a: Ridiculous|spd|1
|
|-heal|p1a: Ridiculous|424\/424|[from] item: Leftovers
|turn|5
|
|move|p2a: Umbreon|Snatch|p2a: Umbreon
|-singleturn|p2a: Umbreon|Snatch
|move|p1a: Ridiculous|Calm Mind|p1a: Ridiculous
|-activate|p2a: Umbreon|Snatch|[of] p1a: Ridiculous
|move|p2a: Umbreon|Calm Mind|p2a: Umbreon|[from]Snatch
|-boost|p2a: Umbreon|spa|1
|-boost|p2a: Umbreon|spd|1
|
|turn|6
|
|move|p2a: Umbreon|Snatch|p2a: Umbreon
|-singleturn|p2a: Umbreon|Snatch
|move|p1a: Ridiculous|Shadow Ball|p2a: Umbreon
|-resisted|p2a: Umbreon
|-damage|p2a: Umbreon|365\/394
|
|-heal|p2a: Umbreon|389\/394|[from] item: Leftovers
|turn|7
|
|switch|p1a: Levi|Scrafty, M|334\/334
|-ability|p1a: Levi|Intimidate|[of] p2a: Umbreon
|-unboost|p2a: Umbreon|atk|1
|move|p2a: Umbreon|Snatch|p2a: Umbreon
|-singleturn|p2a: Umbreon|Snatch
|
|-heal|p2a: Umbreon|394\/394|[from] item: Leftovers
|turn|8
|
|move|p2a: Umbreon|Snatch|p2a: Umbreon
|-singleturn|p2a: Umbreon|Snatch
|move|p1a: Levi|Knock Off|p2a: Umbreon
|-resisted|p2a: Umbreon
|-damage|p2a: Umbreon|329\/394
|-enditem|p2a: Umbreon|Leftovers|[from] move: Knock Off|[of] p1a: Levi
|
|turn|9
|
|switch|p2a: Dusclops|Dusclops, M|283\/283
|-ability|p2a: Dusclops|Pressure
|move|p1a: Levi|Power-Up Punch|p2a: Dusclops
|-immune|p2a: Dusclops|[msg]
|
|turn|10
|
|switch|p1a: Zebra|Arcanine, M|339\/339
|move|p2a: Dusclops|Will-O-Wisp|p1a: Zebra
|-start|p1a: Zebra|ability: Flash Fire
|
|turn|11
|
|move|p1a: Zebra|Flare Blitz|p2a: Dusclops
|-damage|p2a: Dusclops|106\/283
|-status|p2a: Dusclops|brn
|-damage|p1a: Zebra|281\/339|[from] recoil|[of] p2a: Dusclops
|-damage|p1a: Zebra|248\/339|[from] item: Life Orb
|move|p2a: Dusclops|Substitute|p2a: Dusclops
|-start|p2a: Dusclops|Substitute
|-damage|p2a: Dusclops|36\/283 brn
|
|-damage|p2a: Dusclops|1\/283 brn|[from] brn
|turn|12
|chat|JANGL|Wow lol
|chat|JANGL|Such close
|
|move|p1a: Zebra|Morning Sun|p1a: Zebra
|-heal|p1a: Zebra|339\/339
|move|p2a: Dusclops|Pain Split|p1a: Zebra
|-sethp|p1a: Zebra|170\/339|p2a: Dusclops|170\/283 brn|[from] move: Pain Split
|
|-damage|p2a: Dusclops|135\/283 brn|[from] brn
|turn|13
|
|move|p1a: Zebra|Morning Sun|p1a: Zebra
|-heal|p1a: Zebra|339\/339
|move|p2a: Dusclops|Night Shade|p1a: Zebra
|-damage|p1a: Zebra|239\/339
|
|-damage|p2a: Dusclops|100\/283 brn|[from] brn
|turn|14
|
|move|p1a: Zebra|Flare Blitz|p2a: Dusclops
|-end|p2a: Dusclops|Substitute
|-damage|p1a: Zebra|216\/339|[from] recoil|[of] p2a: Dusclops
|-damage|p1a: Zebra|183\/339|[from] item: Life Orb
|move|p2a: Dusclops|Pain Split|p1a: Zebra
|-sethp|p1a: Zebra|141\/339|p2a: Dusclops|141\/283 brn|[from] move: Pain Split
|
|-damage|p2a: Dusclops|106\/283 brn|[from] brn
|turn|15
|
|switch|p2a: Ditto|Ditto|299\/299
|-transform|p2a: Ditto|p1a: Zebra
|move|p1a: Zebra|Morning Sun|p1a: Zebra
|-heal|p1a: Zebra|310\/339
|
|turn|16
|
|switch|p2a: Dusclops|Dusclops, M|106\/283 brn
|-ability|p2a: Dusclops|Pressure
|switch|p1a: Rocks|Swampert, M|404\/404
|
|-damage|p2a: Dusclops|71\/283 brn|[from] brn
|turn|17
|
|move|p1a: Rocks|Stealth Rock|p2a: Dusclops
|-sidestart|p2: JANGL|move: Stealth Rock
|move|p2a: Dusclops|Pain Split|p1a: Rocks
|-sethp|p1a: Rocks|237\/404|p2a: Dusclops|237\/283 brn|[from] move: Pain Split
|
|-heal|p1a: Rocks|262\/404|[from] item: Leftovers
|-damage|p2a: Dusclops|202\/283 brn|[from] brn
|turn|18
|
|switch|p1a: Juliet|Roserade, F|261\/261
|move|p2a: Dusclops|Substitute|p2a: Dusclops
|-start|p2a: Dusclops|Substitute
|-damage|p2a: Dusclops|132\/283 brn
|
|-damage|p2a: Dusclops|97\/283 brn|[from] brn
|turn|19
|
|move|p1a: Juliet|Leaf Storm|p2a: Dusclops
|-end|p2a: Dusclops|Substitute
|-unboost|p1a: Juliet|spa|2
|move|p2a: Dusclops|Pain Split|p1a: Juliet
|-sethp|p1a: Juliet|179\/261|p2a: Dusclops|179\/283 brn|[from] move: Pain Split
|
|-damage|p2a: Dusclops|144\/283 brn|[from] brn
|turn|20
|
|switch|p1a: Crobot|Crobat, M|311\/311
|move|p2a: Dusclops|Pain Split|p1a: Crobot
|-sethp|p1a: Crobot|227\/311|p2a: Dusclops|227\/283 brn|[from] move: Pain Split
|
|-heal|p1a: Crobot|246\/311|[from] item: Black Sludge
|-damage|p2a: Dusclops|192\/283 brn|[from] brn
|turn|21
|
|move|p1a: Crobot|Taunt|p2a: Dusclops
|-start|p2a: Dusclops|move: Taunt
|cant|p2a: Dusclops|move: Taunt|Will-O-Wisp
|
|-heal|p1a: Crobot|265\/311|[from] item: Black Sludge
|-damage|p2a: Dusclops|157\/283 brn|[from] brn
|turn|22
|
|move|p1a: Crobot|U-turn|p2a: Dusclops
|-resisted|p2a: Dusclops
|-damage|p2a: Dusclops|143\/283 brn
|
|switch|p1a: Levi|Scrafty, M|334\/334
|-ability|p1a: Levi|Intimidate|[of] p2a: Dusclops
|-unboost|p2a: Dusclops|atk|1
|move|p2a: Dusclops|Night Shade|p1a: Levi
|-damage|p1a: Levi|234\/334
|
|-damage|p2a: Dusclops|108\/283 brn|[from] brn
|turn|23
|
|switch|p2a: Xatu|Xatu, F|259\/334
|-damage|p2a: Xatu|176\/334|[from] Stealth Rock
|move|p1a: Levi|Knock Off|p2a: Xatu
|-supereffective|p2a: Xatu
|-damage|p2a: Xatu|0 fnt
|faint|p2a: Xatu
|
|
|switch|p2a: Ditto|Ditto|299\/299
|-damage|p2a: Ditto|262\/299|[from] Stealth Rock
|-transform|p2a: Ditto|p1a: Levi
|-ability|p2a: Ditto|Intimidate|[of] p1a: Levi
|-unboost|p1a: Levi|atk|1
|turn|24
|
|switch|p1a: Crobot|Crobat, M|265\/311
|move|p2a: Ditto|Ice Punch|p1a: Crobot
|-supereffective|p1a: Crobot
|-damage|p1a: Crobot|87\/311
|-status|p1a: Crobot|frz
|
|-heal|p1a: Crobot|106\/311 frz|[from] item: Black Sludge
|turn|25
|chat|JANGL|Oh wow.
|chat|Kett|Mmmm
|
|switch|p1a: Zebra|Arcanine, M|310\/339
|switch|p2a: Flygon|Flygon, F|301\/301
|-damage|p2a: Flygon|283\/301|[from] Stealth Rock
|
|turn|26
|
|switch|p1a: Crobot|Crobat, M|106\/311 frz
|move|p2a: Flygon|Stone Edge|p1a: Crobot
|-supereffective|p1a: Crobot
|-damage|p1a: Crobot|0 fnt
|faint|p1a: Crobot
|
|
|switch|p1a: Levi|Scrafty, M|234\/334
|-ability|p1a: Levi|Intimidate|[of] p2a: Flygon
|-unboost|p2a: Flygon|atk|1
|turn|27
|
|switch|p2a: Dusclops|Dusclops, M|108\/283 brn
|-damage|p2a: Dusclops|73\/283 brn|[from] Stealth Rock
|-ability|p2a: Dusclops|Pressure
|move|p1a: Levi|Knock Off|p2a: Dusclops
|-supereffective|p2a: Dusclops
|-damage|p2a: Dusclops|0 fnt
|faint|p2a: Dusclops
|
|
|switch|p2a: Ditto|Ditto|262\/299
|-damage|p2a: Ditto|225\/299|[from] Stealth Rock
|-transform|p2a: Ditto|p1a: Levi
|-ability|p2a: Ditto|Intimidate|[of] p1a: Levi
|-unboost|p1a: Levi|atk|1
|turn|28
|
|switch|p1a: Rocks|Swampert, M|262\/404
|move|p2a: Ditto|Drain Punch|p1a: Rocks
|-damage|p1a: Rocks|168\/404
|-heal|p2a: Ditto|272\/299|[from] drain|[of] p1a: Rocks
|
|-heal|p1a: Rocks|193\/404|[from] item: Leftovers
|turn|29
|
|switch|p2a: Umbreon|Umbreon, M|329\/394
|-damage|p2a: Umbreon|280\/394|[from] Stealth Rock
|move|p1a: Rocks|Toxic|p2a: Umbreon|[miss]
|-miss|p1a: Rocks|p2a: Umbreon
|
|-heal|p1a: Rocks|218\/404|[from] item: Leftovers
|turn|30
|
|switch|p1a: Ridiculous|Reuniclus, M|424\/424
|move|p2a: Umbreon|Baton Pass|p2a: Umbreon
|
|switch|p2a: Flygon|Flygon, F|261\/261
|-damage|p2a: Flygon|229\/261|[from] Stealth Rock
|
|turn|31
|
|move|p2a: Flygon|Dark Pulse|p1a: Ridiculous
|-supereffective|p1a: Ridiculous
|-damage|p1a: Ridiculous|31\/424
|-damage|p2a: Flygon|203\/261|[from] item: Life Orb
|cant|p1a: Ridiculous|flinch
|
|-heal|p1a: Ridiculous|57\/424|[from] item: Leftovers
|turn|32
|
|move|p2a: Flygon|Focus Blast|p1a: Ridiculous
|-crit|p1a: Ridiculous
|-resisted|p1a: Ridiculous
|-damage|p1a: Ridiculous|0 fnt
|-damage|p2a: Flygon|177\/261|[from] item: Life Orb
|faint|p1a: Ridiculous
|
|
|switch|p1a: Juliet|Roserade, F|179\/261
|turn|33
|
|move|p2a: Flygon|Flamethrower|p1a: Juliet
|-supereffective|p1a: Juliet
|-damage|p1a: Juliet|0 fnt
|-damage|p2a: Flygon|151\/261|[from] item: Life Orb
|faint|p1a: Juliet
|
|
|switch|p1a: Zebra|Arcanine, M|310\/339
|turn|34
|
|switch|p2a: Umbreon|Umbreon, M|280\/394
|-damage|p2a: Umbreon|231\/394|[from] Stealth Rock
|move|p1a: Zebra|Extreme Speed|p2a: Umbreon
|-damage|p2a: Umbreon|118\/394
|-damage|p1a: Zebra|277\/339|[from] item: Life Orb
|
|turn|35
|
|move|p1a: Zebra|Close Combat|p2a: Umbreon
|-supereffective|p2a: Umbreon
|-damage|p2a: Umbreon|0 fnt
|-unboost|p1a: Zebra|def|1
|-unboost|p1a: Zebra|spd|1
|-damage|p1a: Zebra|244\/339|[from] item: Life Orb
|faint|p2a: Umbreon
|
|
|switch|p2a: Ditto|Ditto|272\/299
|-damage|p2a: Ditto|235\/299|[from] Stealth Rock
|-transform|p2a: Ditto|p1a: Zebra
|turn|36
|
|switch|p1a: Rocks|Swampert, M|218\/404
|move|p2a: Ditto|Close Combat|p1a: Rocks
|-damage|p1a: Rocks|105\/404
|-unboost|p2a: Ditto|def|1
|-unboost|p2a: Ditto|spd|1
|
|-heal|p1a: Rocks|130\/404|[from] item: Leftovers
|turn|37
|
|move|p2a: Ditto|Close Combat|p1a: Rocks
|-crit|p1a: Rocks
|-damage|p1a: Rocks|0 fnt
|-unboost|p2a: Ditto|def|1
|-unboost|p2a: Ditto|spd|1
|faint|p1a: Rocks
|
|chat|JANGL|Wow, sorry about that
|chat|Kett|It happens
|
|switch|p1a: Zebra|Arcanine, M|244\/339
|turn|38
|
|switch|p2a: Flygon|Flygon, F|151\/261
|-damage|p2a: Flygon|119\/261|[from] Stealth Rock
|move|p1a: Zebra|Extreme Speed|p2a: Flygon
|replace|p2a: Zoroark|Zoroark, M|119\/261
|-damage|p2a: Zoroark|0 fnt
|-damage|p1a: Zebra|211\/339|[from] item: Life Orb
|faint|p2a: Zoroark
|
|
|switch|p2a: Flygon|Flygon, F|283\/301
|-damage|p2a: Flygon|265\/301|[from] Stealth Rock
|turn|39
|
|switch|p1a: Levi|Scrafty, M|234\/334
|-ability|p1a: Levi|Intimidate|[of] p2a: Flygon
|-unboost|p2a: Flygon|atk|1
|move|p2a: Flygon|Earthquake|p1a: Levi
|-damage|p1a: Levi|113\/334
|
|turn|40
|
|move|p2a: Flygon|Earthquake|p1a: Levi
|-damage|p1a: Levi|0 fnt
|faint|p1a: Levi
|
|
|switch|p1a: Zebra|Arcanine, M|211\/339
|turn|41
|
|move|p2a: Flygon|Earthquake|p1a: Zebra
|-supereffective|p1a: Zebra
|-damage|p1a: Zebra|0 fnt
|faint|p1a: Zebra
|
|win|JANGL
|raw|Ladder updating...
|chat|Kett|gg
|raw|Kett's rating: 1299 &rarr; <strong>1270<\/strong><br \/>(-29 for losing)
|raw|JANGL's rating: 1241 &rarr; <strong>1270<\/strong><br \/>(+29 for winning)
|chat|JANGL|gg wp
|leave|Kett
|player|p1