|join|Typhlosion271
|join|Sneakytko
|player|p1|Typhlosion271|125
|player|p2|Sneakytko|2
|gametype|singles
|gen|6
|tier|UU
|rated
|rule|Sleep Clause Mod: Limit one foe put to sleep
|rule|Species Clause: Limit one of each PokÃ©mon
|rule|OHKO Clause: OHKO moves are banned
|rule|Moody Clause: Moody is banned
|rule|Evasion Moves Clause: Evasion moves are banned
|rule|Endless Battle Clause: Forcing endless battles is banned
|rule|HP Percentage Mod: HP is reported as percentages
|clearpoke
|poke|p1|Slowbro, F
|poke|p1|Blissey, F, shiny
|poke|p1|Aggron, M
|poke|p1|Rotom-Heat
|poke|p1|Donphan, M
|poke|p1|Virizion
|poke|p2|Blastoise, M
|poke|p2|Darmanitan, F
|poke|p2|Krookodile, F
|poke|p2|Froslass, F
|poke|p2|Alakazam, F
|poke|p2|Shaymin
|rule|Swagger Clause: Swagger is banned
|rule|Baton Pass Clause: Limit one PokÃ©mon knowing Baton Pass
|teampreview
|
|start
|switch|p1a: Light Show|Rotom-Heat|241\/241
|switch|p2a: Krookodile|Krookodile, F|352\/352
|-ability|p2a: Krookodile|Intimidate|[of] p1a: Light Show
|-unboost|p1a: Light Show|atk|1
|turn|1
|
|move|p1a: Light Show|Trick|p2a: Krookodile
|-activate|p1a: Light Show|move: Trick|[of] p2a: Krookodile
|-item|p2a: Krookodile|Choice Scarf|[from] move: Trick
|-item|p1a: Light Show|Leftovers|[from] move: Trick
|move|p2a: Krookodile|Knock Off|p1a: Light Show
|-damage|p1a: Light Show|97\/241
|-enditem|p1a: Light Show|Leftovers|[from] move: Knock Off|[of] p2a: Krookodile
|
|turn|2
|
|switch|p1a: Don Steele|Aggron, M|344\/344
|move|p2a: Krookodile|Knock Off|p1a: Don Steele
|-damage|p1a: Don Steele|293\/344
|
|turn|3
|chat|Sneakytko|boooo
|chat|Sneakytko|not knocking off megastones is laaaaame
|
|switch|p2a: Blastoise|Blastoise, M|362\/362
|switch|p1a: Naturia|Virizion|323\/323
|
|turn|4
|chat|Typhlosion271|hello
|chat|Sneakytko|lol hi
|chat|Sneakytko|but yeah
|
|switch|p2a: Froslass|Froslass, F|282\/282
|move|p1a: Naturia|Close Combat|p2a: Froslass
|-immune|p2a: Froslass|[msg]
|
|turn|5
|chat|Sneakytko|not knocking off megastones is suuuuper lame mechanic
|
|move|p2a: Froslass|Spikes|p1a: Naturia
|-sidestart|p1: Typhlosion271|Spikes
|move|p1a: Naturia|Stone Edge|p2a: Froslass
|-supereffective|p2a: Froslass
|-damage|p2a: Froslass|16\/282
|
|turn|6
|
|switch|p1a: Light Show|Rotom-Heat|97\/241
|move|p2a: Froslass|Destiny Bond|p2a: Froslass
|-singlemove|p2a: Froslass|Destiny Bond
|
|turn|7
|
|move|p2a: Froslass|Taunt|p1a: Light Show
|-start|p1a: Light Show|move: Taunt
|move|p1a: Light Show|Volt Switch|p2a: Froslass
|-damage|p2a: Froslass|0 fnt
|faint|p2a: Froslass
|chat|Sneakytko|wp
|
|switch|p1a: Tusks|Donphan, M|384\/384
|-damage|p1a: Tusks|336\/384|[from] Spikes
|
|-heal|p1a: Tusks|360\/384|[from] item: Leftovers
|
|switch|p2a: Shaymin|Shaymin|351\/351
|turn|8
|
|switch|p1a: Easter Egg|Blissey, F, shiny|714\/714
|-damage|p1a: Easter Egg|625\/714|[from] Spikes
|move|p2a: Shaymin|Seed Flare|p1a: Easter Egg
|-damage|p1a: Easter Egg|426\/714
|-unboost|p1a: Easter Egg|spd|2
|-damage|p2a: Shaymin|316\/351|[from] item: Life Orb
|
|-heal|p1a: Easter Egg|470\/714|[from] item: Leftovers
|turn|9
|
|move|p2a: Shaymin|Seed Flare|p1a: Easter Egg
|-damage|p1a: Easter Egg|98\/714
|-damage|p2a: Shaymin|281\/351|[from] item: Life Orb
|move|p1a: Easter Egg|Wish|p1a: Easter Egg
|
|-heal|p1a: Easter Egg|142\/714|[from] item: Leftovers
|turn|10
|
|move|p1a: Easter Egg|Protect|p1a: Easter Egg
|-singleturn|p1a: Easter Egg|Protect
|move|p2a: Shaymin|Seed Flare|p1a: Easter Egg
|-activate|p1a: Easter Egg|Protect
|
|-heal|p1a: Easter Egg|499\/714|[from] move: Wish|[wisher] Easter Egg
|-heal|p1a: Easter Egg|543\/714|[from] item: Leftovers
|turn|11
|
|move|p2a: Shaymin|Seed Flare|p1a: Easter Egg
|-damage|p1a: Easter Egg|132\/714
|-damage|p2a: Shaymin|246\/351|[from] item: Life Orb
|move|p1a: Easter Egg|Wish|p1a: Easter Egg
|
|-heal|p1a: Easter Egg|176\/714|[from] item: Leftovers
|turn|12
|
|switch|p2a: Darmanitan|Darmanitan, F|351\/351
|move|p1a: Easter Egg|Protect|p1a: Easter Egg
|-fail|p1a: Easter Egg
|
|-heal|p1a: Easter Egg|533\/714|[from] move: Wish|[wisher] Easter Egg
|-heal|p1a: Easter Egg|577\/714|[from] item: Leftovers
|turn|13
|
|move|p1a: Easter Egg|Protect|p1a: Easter Egg
|-singleturn|p1a: Easter Egg|Protect
|move|p2a: Darmanitan|Flare Blitz|p1a: Easter Egg
|-activate|p1a: Easter Egg|Protect
|
|-heal|p1a: Easter Egg|621\/714|[from] item: Leftovers
|turn|14
|
|switch|p2a: Krookodile|Krookodile, F|352\/352
|-ability|p2a: Krookodile|Intimidate|[of] p1a: Easter Egg
|-unboost|p1a: Easter Egg|atk|1
|switch|p1a: Slowbro|Slowbro, F|394\/394
|-damage|p1a: Slowbro|345\/394|[from] Spikes
|
|-heal|p1a: Slowbro|369\/394|[from] item: Leftovers
|turn|15
|
|move|p2a: Krookodile|Knock Off|p1a: Slowbro
|-supereffective|p1a: Slowbro
|-damage|p1a: Slowbro|183\/394
|-enditem|p1a: Slowbro|Leftovers|[from] move: Knock Off|[of] p2a: Krookodile
|move|p1a: Slowbro|Scald|p2a: Krookodile
|-supereffective|p2a: Krookodile
|-damage|p2a: Krookodile|136\/352
|-status|p2a: Krookodile|brn
|
|-damage|p2a: Krookodile|92\/352 brn|[from] brn
|turn|16
|
|switch|p1a: Naturia|Virizion|323\/323
|-damage|p1a: Naturia|283\/323|[from] Spikes
|move|p2a: Krookodile|Knock Off|p1a: Naturia
|-resisted|p1a: Naturia
|-damage|p1a: Naturia|234\/323
|-boost|p1a: Naturia|atk|1|[from] ability: Justified
|-enditem|p1a: Naturia|Lum Berry|[from] move: Knock Off|[of] p2a: Krookodile
|
|-damage|p2a: Krookodile|48\/352 brn|[from] brn
|turn|17
|
|switch|p2a: Shaymin|Shaymin|246\/351
|move|p1a: Naturia|Leaf Blade|p2a: Shaymin
|-resisted|p2a: Shaymin
|-damage|p2a: Shaymin|156\/351
|
|turn|18
|
|move|p1a: Naturia|Close Combat|p2a: Shaymin
|-damage|p2a: Shaymin|0 fnt
|-unboost|p1a: Naturia|def|1
|-unboost|p1a: Naturia|spd|1
|faint|p2a: Shaymin
|
|
|switch|p2a: Alakazam|Alakazam, F|252\/252
|turn|19
|chat|Sneakytko|btw wp this game
|
|switch|p1a: Light Show|Rotom-Heat|97\/241
|move|p2a: Alakazam|Psyshock|p1a: Light Show
|-damage|p1a: Light Show|0 fnt
|faint|p1a: Light Show
|
|
|switch|p1a: Don Steele|Aggron, M|293\/344
|-damage|p1a: Don Steele|250\/344|[from] Spikes
|turn|20
|
|detailschange|p1a: Don Steele|Aggron-Mega, M
|message|Aggron has Mega Evolved into Mega Aggron!
|move|p2a: Alakazam|Focus Blast|p1a: Don Steele|[miss]
|-miss|p2a: Alakazam|p1a: Don Steele
|move|p1a: Don Steele|Payback|p2a: Alakazam
|-supereffective|p2a: Alakazam
|-enditem|p2a: Alakazam|Focus Sash
|-damage|p2a: Alakazam|1\/252
|
|turn|21
|chat|Sneakytko|annnnnnd drum roll
|chat|Typhlosion271|my condolence
|
|move|p2a: Alakazam|Focus Blast|p1a: Don Steele
|-supereffective|p1a: Don Steele
|-damage|p1a: Don Steele|4\/344
|move|p1a: Don Steele|Heavy Slam|p2a: Alakazam
|-damage|p2a: Alakazam|0 fnt
|faint|p2a: Alakazam
|
|chat|Sneakytko|waaat
|
|switch|p2a: Darmanitan|Darmanitan, F|351\/351
|turn|22
|
|move|p2a: Darmanitan|U-turn|p1a: Don Steele
|-resisted|p1a: Don Steele
|-damage|p1a: Don Steele|0 fnt
|faint|p1a: Don Steele
|
|switch|p2a: Krookodile|Krookodile, F|48\/352 brn
|
|-damage|p2a: Krookodile|4\/352 brn|[from] brn
|chat|Sneakytko|I'm more shocked that ur aggron survived lol
|
|switch|p1a: Easter Egg|Blissey, F, shiny|621\/714
|-damage|p1a: Easter Egg|532\/714|[from] Spikes
|turn|23
|chat|Typhlosion271|Well, with filter and max sp def. It does that
|
|move|p1a: Easter Egg|Protect|p1a: Easter Egg
|-singleturn|p1a: Easter Egg|Protect
|move|p2a: Krookodile|Stealth Rock|p1a: Easter Egg
|-sidestart|p1: Typhlosion271|move: Stealth Rock
|
|-heal|p1a: Easter Egg|576\/714|[from] item: Leftovers
|-damage|p2a: Krookodile|0 fnt|[from] brn
|faint|p2a: Krookodile
|chat|Sneakytko|I forgot that it isn't double weak to fighting
|
|switch|p2a: Darmanitan|Darmanitan, F|351\/351
|turn|24
|chat|Typhlosion271|Made of pure steel.
|
|move|p2a: Darmanitan|Flare Blitz|p1a: Easter Egg
|-damage|p1a: Easter Egg|59\/714
|-damage|p2a: Darmanitan|180\/351|[from] recoil|[of] p1a: Easter Egg
|move|p1a: Easter Egg|Wish|p1a: Easter Egg
|
|-heal|p1a: Easter Egg|103\/714|[from] item: Leftovers
|turn|25
|chat|Sneakytko|also
|chat|Sneakytko|wtf why is ur slowbro leftovers?
|
|move|p1a: Easter Egg|Protect|p1a: Easter Egg
|-singleturn|p1a: Easter Egg|Protect
|move|p2a: Darmanitan|Flare Blitz|p1a: Easter Egg
|-activate|p1a: Easter Egg|Protect
|
|-heal|p1a: Easter Egg|460\/714|[from] move: Wish|[wisher] Easter Egg
|-heal|p1a: Easter Egg|504\/714|[from] item: Leftovers
|turn|26
|chat|Typhlosion271|Ynot?
|chat|Sneakytko|eviolite?
|
|move|p1a: Easter Egg|Protect|p1a: Easter Egg
|-fail|p1a: Easter Egg
|move|p2a: Darmanitan|Flare Blitz|p1a: Easter Egg
|-damage|p1a: Easter Egg|0 fnt
|-damage|p2a: Darmanitan|14\/351|[from] recoil|[of] p1a: Easter Egg
|faint|p1a: Easter Egg
|
|chat|Typhlosion271|?
|chat|Sneakytko|I mean, that's the norm lol
|chat|Typhlosion271|Slowbro does not evolve.
|chat|Sneakytko|this is gonna be so hard XD
|
|switch|p1a: Tusks|Donphan, M|360\/384
|-damage|p1a: Tusks|336\/384|[from] Stealth Rock
|-damage|p1a: Tusks|288\/384|[from] Spikes
|turn|27
|
|move|p2a: Darmanitan|Flare Blitz|p1a: Tusks
|-damage|p1a: Tusks|78\/384
|-damage|p2a: Darmanitan|0 fnt|[from] recoil|[of] p1a: Tusks
|faint|p2a: Darmanitan
|move|p1a: Tusks|Earthquake|p2: Darmanitan|[notarget]
|-notarget
|
|-heal|p1a: Tusks|102\/384|[from] item: Leftovers
|
|switch|p2a: Blastoise|Blastoise, M|362\/362
|turn|28
|chat|Typhlosion271|Huh, though u might switch
|
|detailschange|p2a: Blastoise|Blastoise-Mega, M
|message|Blastoise has Mega Evolved into Mega Blastoise!
|move|p1a: Tusks|Ice Shard|p2a: Blastoise
|-resisted|p2a: Blastoise
|-damage|p2a: Blastoise|344\/362
|move|p2a: Blastoise|Aura Sphere|p1a: Tusks
|-damage|p1a: Tusks|0 fnt
|faint|p1a: Tusks
|
|chat|Sneakytko|I thought about it
|chat|Sneakytko|because I need darmanitan to beat virizion
|
|switch|p1a: Slowbro|Slowbro, F|314\/394
|-damage|p1a: Slowbro|265\/394|[from] Stealth Rock
|-damage|p1a: Slowbro|216\/394|[from] Spikes
|turn|29
|
|switch|p1a: Naturia|Virizion|234\/323
|-damage|p1a: Naturia|214\/323|[from] Stealth Rock
|-damage|p1a: Naturia|174\/323|[from] Spikes
|move|p2a: Blastoise|Dark Pulse|p1a: Naturia
|-resisted|p1a: Naturia
|-damage|p1a: Naturia|108\/323
|-boost|p1a: Naturia|atk|1|[from] ability: Justified
|
|turn|30
|chat|Sneakytko|lmao
|chat|Sneakytko|nice
|chat|Sneakytko|should have seen that coming
|chat|Typhlosion271|Still not sure if this kills\
|
|move|p1a: Naturia|Leaf Blade|p2a: Blastoise
|-crit|p2a: Blastoise
|-supereffective|p2a: Blastoise
|-damage|p2a: Blastoise|0 fnt
|faint|p2a: Blastoise
|
|win|Typhlosion271
|raw|Ladder updating...
|chat|Sneakytko|I should know ur not dumb lmao
|raw|Typhlosion271's rating: 1467 &rarr; <strong>1485<\/strong><br \/>(+18 for winning)
|raw|Sneakytko's rating: 1426 &rarr; <strong>1408<\/strong><br \/>(-18 for losing)
|chat|Typhlosion271|got a crit
|chat|Sneakytko|that was a good game
|chat|Sneakytko|gg sir
|chat|Typhlosion271|gg
|leave|Typhlosion271
|player|p1