|join|Typhlosion271
|join|WeeeezeThaGod
|player|p1|Typhlosion271|125
|player|p2|WeeeezeThaGod|165
|gametype|singles
|gen|6
|tier|UU
|rated
|rule|Sleep Clause Mod: Limit one foe put to sleep
|rule|Species Clause: Limit one of each PokÃ©mon
|rule|OHKO Clause: OHKO moves are banned
|rule|Moody Clause: Moody is banned
|rule|Evasion Moves Clause: Evasion moves are banned
|rule|Endless Battle Clause: Forcing endless battles is banned
|rule|HP Percentage Mod: HP is reported as percentages
|clearpoke
|poke|p1|Slowbro, M
|poke|p1|Blissey, F, shiny
|poke|p1|Aggron, M
|poke|p1|Rotom-Heat
|poke|p1|Donphan, M
|poke|p1|Virizion
|poke|p2|Honchkrow, M
|poke|p2|Swampert, M
|poke|p2|Arcanine, M, shiny
|poke|p2|Raikou, shiny
|poke|p2|Roserade, F, shiny
|poke|p2|Mew, shiny
|rule|Swagger Clause: Swagger is banned
|rule|Baton Pass Clause: Limit one PokÃ©mon knowing Baton Pass
|teampreview
|
|start
|switch|p1a: Light Show|Rotom-Heat|242\/242
|switch|p2a: Arcanine|Arcanine, M, shiny|383\/383
|-ability|p2a: Arcanine|Intimidate|[of] p1a: Light Show
|-unboost|p1a: Light Show|atk|1
|turn|1
|
|switch|p2a: Mew|Mew, shiny|403\/403
|move|p1a: Light Show|Trick|p2a: Mew
|-activate|p1a: Light Show|move: Trick|[of] p2a: Mew
|-item|p2a: Mew|Choice Scarf|[from] move: Trick
|-item|p1a: Light Show|Leftovers|[from] move: Trick
|
|turn|2
|
|move|p2a: Mew|Stealth Rock|p1a: Light Show
|-sidestart|p1: Typhlosion271|move: Stealth Rock
|move|p1a: Light Show|Shadow Ball|p2a: Mew
|-supereffective|p2a: Mew
|-damage|p2a: Mew|287\/403
|
|turn|3
|
|switch|p2a: Raikou|Raikou, shiny|322\/322
|-ability|p2a: Raikou|Pressure
|switch|p1a: Tusks|Donphan, M|384\/384
|-damage|p1a: Tusks|360\/384|[from] Stealth Rock
|
|-heal|p1a: Tusks|384\/384|[from] item: Leftovers
|turn|4
|
|move|p2a: Raikou|Hidden Power|p1a: Tusks
|-crit|p1a: Tusks
|-supereffective|p1a: Tusks
|-damage|p1a: Tusks|74\/384
|move|p1a: Tusks|Earthquake|p2a: Raikou
|-supereffective|p2a: Raikou
|-damage|p2a: Raikou|0 fnt
|faint|p2a: Raikou
|
|-heal|p1a: Tusks|98\/384|[from] item: Leftovers
|
|switch|p2a: Roserade|Roserade, F, shiny|319\/319
|turn|5
|
|switch|p1a: Easter Egg|Blissey, F, shiny|694\/694
|-damage|p1a: Easter Egg|608\/694|[from] Stealth Rock
|move|p2a: Roserade|Sludge Bomb|p1a: Easter Egg
|-damage|p1a: Easter Egg|433\/694
|-damage|p2a: Roserade|288\/319|[from] item: Life Orb
|
|-heal|p1a: Easter Egg|476\/694|[from] item: Leftovers
|turn|6
|
|switch|p2a: Swampert|Swampert, M|391\/391
|move|p1a: Easter Egg|Wish|p1a: Easter Egg
|
|-heal|p1a: Easter Egg|519\/694|[from] item: Leftovers
|turn|7
|
|move|p2a: Swampert|Superpower|p1a: Easter Egg
|-supereffective|p1a: Easter Egg
|-damage|p1a: Easter Egg|0 fnt
|-unboost|p2a: Swampert|atk|1
|-unboost|p2a: Swampert|def|1
|faint|p1a: Easter Egg
|
|
|switch|p1a: Naturia|Virizion|323\/323
|-damage|p1a: Naturia|303\/323|[from] Stealth Rock
|turn|8
|
|switch|p2a: Mew|Mew, shiny|287\/403
|move|p1a: Naturia|Swords Dance|p1a: Naturia
|-boost|p1a: Naturia|atk|2
|
|turn|9
|
|move|p2a: Mew|Psyshock|p1a: Naturia
|-supereffective|p1a: Naturia
|-damage|p1a: Naturia|55\/323
|move|p1a: Naturia|Swords Dance|p1a: Naturia
|-boost|p1a: Naturia|atk|2
|
|turn|10
|
|switch|p1a: Paul|Slowbro, M|394\/394
|-damage|p1a: Paul|345\/394|[from] Stealth Rock
|move|p2a: Mew|Psyshock|p1a: Paul
|-resisted|p1a: Paul
|-damage|p1a: Paul|311\/394
|
|-heal|p1a: Paul|335\/394|[from] item: Leftovers
|turn|11
|
|move|p2a: Mew|Psyshock|p1a: Paul
|-resisted|p1a: Paul
|-damage|p1a: Paul|303\/394
|move|p1a: Paul|Psyshock|p2a: Mew
|-resisted|p2a: Mew
|-damage|p2a: Mew|243\/403
|
|-heal|p1a: Paul|327\/394|[from] item: Leftovers
|turn|12
|
|move|p2a: Mew|Psyshock|p1a: Paul
|-resisted|p1a: Paul
|-damage|p1a: Paul|294\/394
|move|p1a: Paul|Scald|p2a: Mew
|-crit|p2a: Mew
|-damage|p2a: Mew|141\/403
|-status|p2a: Mew|brn
|-status|p1a: Paul|brn
|
|-heal|p1a: Paul|318\/394 brn|[from] item: Leftovers
|-damage|p2a: Mew|91\/403 brn|[from] brn
|-damage|p1a: Paul|269\/394 brn|[from] brn
|turn|13
|
|move|p2a: Mew|Psyshock|p1a: Paul
|-resisted|p1a: Paul
|-damage|p1a: Paul|236\/394 brn
|move|p1a: Paul|Calm Mind|p1a: Paul
|-boost|p1a: Paul|spa|1
|-boost|p1a: Paul|spd|1
|
|-heal|p1a: Paul|260\/394 brn|[from] item: Leftovers
|-damage|p2a: Mew|41\/403 brn|[from] brn
|-damage|p1a: Paul|211\/394 brn|[from] brn
|turn|14
|
|switch|p2a: Roserade|Roserade, F, shiny|288\/319
|move|p1a: Paul|Slack Off|p1a: Paul
|-heal|p1a: Paul|394\/394 brn
|
|-damage|p1a: Paul|345\/394 brn|[from] brn
|turn|15
|
|move|p2a: Roserade|Energy Ball|p1a: Paul
|-supereffective|p1a: Paul
|-damage|p1a: Paul|0 fnt
|-damage|p2a: Roserade|257\/319|[from] item: Life Orb
|faint|p1a: Paul
|
|
|switch|p1a: Don Steele|Aggron, M|344\/344
|-damage|p1a: Don Steele|323\/344|[from] Stealth Rock
|turn|16
|
|switch|p2a: Arcanine|Arcanine, M, shiny|383\/383
|-ability|p2a: Arcanine|Intimidate|[of] p1a: Don Steele
|-unboost|p1a: Don Steele|atk|1
|detailschange|p1a: Don Steele|Aggron-Mega, M
|message|Aggron has Mega Evolved into Mega Aggron!
|move|p1a: Don Steele|Heavy Slam|p2a: Arcanine
|-resisted|p2a: Arcanine
|-damage|p2a: Arcanine|356\/383
|-damage|p1a: Don Steele|266\/344|[from] item: Rocky Helmet|[of] p2a: Arcanine
|
|turn|17
|-message|Typhlosion271 forfeited.
|
|win|WeeeezeThaGod
|raw|Ladder updating...
|leave|Typhlosion271
|player|p1
|raw|Typhlosion271's rating: 1539 &rarr; <strong>1513<\/strong><br \/>(-26 for losing)
|raw|WeeeezeThaGod's rating: 1428 &rarr; <strong>1454<\/strong><br \/>(+26 for winning)