|join|Typhlosion271
|join|MegaMogwai
|player|p1|Typhlosion271|129
|player|p2|MegaMogwai|244
|gametype|singles
|gen|6
|tier|UU
|rated
|rule|Sleep Clause Mod: Limit one foe put to sleep
|rule|Species Clause: Limit one of each PokÃ©mon
|rule|OHKO Clause: OHKO moves are banned
|rule|Moody Clause: Moody is banned
|rule|Evasion Moves Clause: Evasion moves are banned
|rule|Endless Battle Clause: Forcing endless battles is banned
|rule|HP Percentage Mod: HP is reported as percentages
|clearpoke
|poke|p1|Slowbro, M
|poke|p1|Blissey, F, shiny
|poke|p1|Aggron, M
|poke|p1|Rotom-Heat
|poke|p1|Donphan, M
|poke|p1|Heracross, M
|poke|p2|Nidoking, M
|poke|p2|Galvantula, F
|poke|p2|Blastoise, F
|poke|p2|Honchkrow, M
|poke|p2|Meowstic, M
|poke|p2|Infernape, M
|rule|Swagger Clause: Swagger is banned
|rule|Baton Pass Clause: Limit three PokÃ©mon knowing Baton Pass
|teampreview
|
|start
|switch|p1a: Tusks|Donphan, M|384\/384
|switch|p2a: Meowstic|Meowstic, M|352\/352
|turn|1
|
|move|p2a: Meowstic|Toxic|p1a: Tusks
|-status|p1a: Tusks|tox
|move|p1a: Tusks|Stealth Rock|p2a: Meowstic
|-sidestart|p2: MegaMogwai|move: Stealth Rock
|
|-damage|p1a: Tusks|360\/384 tox|[from] psn
|turn|2
|
|move|p2a: Meowstic|Reflect|p2a: Meowstic
|-sidestart|p2: MegaMogwai|Reflect
|move|p1a: Tusks|Earthquake|p2a: Meowstic
|-damage|p2a: Meowstic|288\/352
|
|-heal|p1a: Tusks|384\/384 tox|[from] item: Leftovers
|-damage|p1a: Tusks|336\/384 tox|[from] psn
|turn|3
|
|switch|p1a: Rotom-Heat|Rotom-Heat|241\/241
|move|p2a: Meowstic|Light Screen|p2a: Meowstic
|-sidestart|p2: MegaMogwai|move: Light Screen
|
|turn|4
|
|move|p2a: Meowstic|Toxic|p1a: Rotom-Heat
|-status|p1a: Rotom-Heat|tox
|move|p1a: Rotom-Heat|Trick|p2a: Meowstic
|-activate|p1a: Rotom-Heat|move: Trick|[of] p2a: Meowstic
|-item|p2a: Meowstic|Choice Scarf|[from] move: Trick
|-item|p1a: Rotom-Heat|Light Clay|[from] move: Trick
|
|-damage|p1a: Rotom-Heat|226\/241 tox|[from] psn
|turn|5
|
|switch|p2a: Nidoking|Nidoking, M|303\/303
|-damage|p2a: Nidoking|285\/303|[from] Stealth Rock
|switch|p1a: Easter Egg|Blissey, F, shiny|714\/714
|
|turn|6
|
|switch|p2a: Blastoise|Blastoise, F|300\/300
|-damage|p2a: Blastoise|263\/300|[from] Stealth Rock
|move|p1a: Easter Egg|Heal Bell|p1a: Easter Egg
|-cureteam|p1a: Easter Egg|[from] move: HealBell
|
|turn|7
|
|detailschange|p2a: Blastoise|Blastoise-Mega, F
|message|Blastoise has Mega Evolved into Mega Blastoise!
|move|p2a: Blastoise|Rapid Spin|p1a: Easter Egg
|-damage|p1a: Easter Egg|688\/714
|-sideend|p2: MegaMogwai|Stealth Rock|[from] move: Rapid Spin|[of] p2a: Blastoise
|move|p1a: Easter Egg|Toxic|p2a: Blastoise
|-status|p2a: Blastoise|tox
|
|-heal|p1a: Easter Egg|714\/714|[from] item: Leftovers
|-damage|p2a: Blastoise|245\/300 tox|[from] psn
|turn|8
|
|switch|p2a: Infernape|Infernape, M|293\/293
|move|p1a: Easter Egg|Toxic|p2a: Infernape
|-status|p2a: Infernape|tox
|
|-damage|p2a: Infernape|275\/293 tox|[from] psn
|turn|9
|
|move|p1a: Easter Egg|Protect|p1a: Easter Egg
|-singleturn|p1a: Easter Egg|Protect
|move|p2a: Infernape|Stealth Rock|p1a: Easter Egg
|-sidestart|p1: Typhlosion271|move: Stealth Rock
|
|-damage|p2a: Infernape|239\/293 tox|[from] psn
|-sideend|p2: MegaMogwai|Reflect
|turn|10
|
|switch|p1a: Paul|Slowbro, M|394\/394
|-damage|p1a: Paul|345\/394|[from] Stealth Rock
|move|p2a: Infernape|Grass Knot|p1a: Paul
|-supereffective|p1a: Paul
|-damage|p1a: Paul|146\/394
|
|-heal|p1a: Paul|170\/394|[from] item: Leftovers
|-damage|p2a: Infernape|185\/293 tox|[from] psn
|-sideend|p2: MegaMogwai|move: Light Screen
|turn|11
|
|switch|p1a: Easter Egg|Blissey, F, shiny|714\/714
|-damage|p1a: Easter Egg|625\/714|[from] Stealth Rock
|move|p2a: Infernape|Close Combat|p1a: Easter Egg
|-supereffective|p1a: Easter Egg
|-damage|p1a: Easter Egg|0 fnt
|-unboost|p2a: Infernape|def|1
|-unboost|p2a: Infernape|spd|1
|faint|p1a: Easter Egg
|
|-damage|p2a: Infernape|113\/293 tox|[from] psn
|
|switch|p1a: Rotom-Heat|Rotom-Heat|226\/241
|-damage|p1a: Rotom-Heat|166\/241|[from] Stealth Rock
|turn|12
|
|move|p2a: Infernape|Close Combat|p1a: Rotom-Heat
|-damage|p1a: Rotom-Heat|1\/241
|-unboost|p2a: Infernape|def|1
|-unboost|p2a: Infernape|spd|1
|move|p1a: Rotom-Heat|Volt Switch|p2a: Infernape
|-damage|p2a: Infernape|0 fnt
|faint|p2a: Infernape
|
|switch|p1a: Cross-Thunder|Heracross, M|302\/302
|-damage|p1a: Cross-Thunder|265\/302|[from] Stealth Rock
|
|
|switch|p2a: Meowstic|Meowstic, M|288\/352
|turn|13
|
|move|p2a: Meowstic|Thunder Wave|p1a: Cross-Thunder
|-status|p1a: Cross-Thunder|par
|move|p1a: Cross-Thunder|Megahorn|p2a: Meowstic
|-supereffective|p2a: Meowstic
|-damage|p2a: Meowstic|0 fnt
|faint|p2a: Meowstic
|-boost|p1a: Cross-Thunder|atk|1|[from] ability: Moxie
|
|
|switch|p2a: Honchkrow|Honchkrow, M|341\/341
|turn|14
|
|switch|p1a: Rotom-Heat|Rotom-Heat|1\/241
|-damage|p1a: Rotom-Heat|0 fnt|[from] Stealth Rock
|faint|p1a: Rotom-Heat
|move|p2a: Honchkrow|Superpower|p1: Rotom-Heat|[notarget]
|-notarget
|
|
|switch|p1a: Tusks|Donphan, M|336\/384
|-damage|p1a: Tusks|312\/384|[from] Stealth Rock
|turn|15
|
|switch|p2a: Nidoking|Nidoking, M|285\/303
|move|p1a: Tusks|Rapid Spin|p2a: Nidoking
|-damage|p2a: Nidoking|260\/303
|-sideend|p1: Typhlosion271|Stealth Rock|[from] move: Rapid Spin|[of] p1a: Tusks
|
|-heal|p1a: Tusks|336\/384|[from] item: Leftovers
|turn|16
|
|move|p2a: Nidoking|Ice Beam|p1a: Tusks
|-supereffective|p1a: Tusks
|-damage|p1a: Tusks|0 fnt
|faint|p1a: Tusks
|
|
|switch|p1a: Cross-Thunder|Heracross, M|265\/302 par
|turn|17
|
|switch|p2a: Honchkrow|Honchkrow, M|341\/341
|move|p1a: Cross-Thunder|Close Combat|p2a: Honchkrow
|-damage|p2a: Honchkrow|0 fnt
|-unboost|p1a: Cross-Thunder|def|1
|-unboost|p1a: Cross-Thunder|spd|1
|faint|p2a: Honchkrow
|-boost|p1a: Cross-Thunder|atk|1|[from] ability: Moxie
|
|
|switch|p2a: Nidoking|Nidoking, M|260\/303
|turn|18
|
|switch|p1a: Paul|Slowbro, M|301\/394
|move|p2a: Nidoking|Sludge Wave|p1a: Paul
|-damage|p1a: Paul|7\/394
|
|-heal|p1a: Paul|31\/394|[from] item: Leftovers
|turn|19
|
|move|p2a: Nidoking|Earth Power|p1a: Paul
|-damage|p1a: Paul|0 fnt
|faint|p1a: Paul
|
|
|switch|p1a: Cross-Thunder|Heracross, M|265\/302 par
|turn|20
|
|move|p2a: Nidoking|Sludge Wave|p1a: Cross-Thunder
|-damage|p1a: Cross-Thunder|31\/302 par
|move|p1a: Cross-Thunder|Earthquake|p2a: Nidoking
|-supereffective|p2a: Nidoking
|-damage|p2a: Nidoking|0 fnt
|faint|p2a: Nidoking
|-boost|p1a: Cross-Thunder|atk|1|[from] ability: Moxie
|
|
|switch|p2a: Galvantula|Galvantula, F|281\/281
|turn|21
|
|move|p2a: Galvantula|Volt Switch|p1a: Cross-Thunder
|-crit|p1a: Cross-Thunder
|-damage|p1a: Cross-Thunder|0 fnt
|faint|p1a: Cross-Thunder
|
|switch|p2a: Blastoise|Blastoise-Mega, F|245\/300 tox
|
|-damage|p2a: Blastoise|227\/300 tox|[from] psn
|
|switch|p1a: Don Steele|Aggron, M|344\/344
|turn|22
|
|detailschange|p1a: Don Steele|Aggron-Mega, M
|message|Aggron has Mega Evolved into Mega Aggron!
|move|p2a: Blastoise|Aura Sphere|p1a: Don Steele
|-supereffective|p1a: Don Steele
|-damage|p1a: Don Steele|106\/344
|move|p1a: Don Steele|Thunder Punch|p2a: Blastoise
|-supereffective|p2a: Blastoise
|-damage|p2a: Blastoise|77\/300 tox
|
|-damage|p2a: Blastoise|41\/300 tox|[from] psn
|turn|23
|-message|Typhlosion271 forfeited.
|
|win|MegaMogwai
|raw|Ladder updating...
|leave|Typhlosion271
|player|p1
|raw|Typhlosion271's rating: 1476 &rarr; <strong>1465<\/strong><br \/>(-11 for losing)
|raw|MegaMogwai's rating: 1648 &rarr; <strong>1659<\/strong><br \/>(+11 for winning)