|join|Typhlosion271
|join|Ravenger
|player|p1|Typhlosion271|129
|player|p2|Ravenger|288
|gametype|singles
|gen|6
|tier|UU
|rated
|rule|Sleep Clause Mod: Limit one foe put to sleep
|rule|Species Clause: Limit one of each PokÃ©mon
|rule|OHKO Clause: OHKO moves are banned
|rule|Moody Clause: Moody is banned
|rule|Evasion Moves Clause: Evasion moves are banned
|rule|Endless Battle Clause: Forcing endless battles is banned
|rule|HP Percentage Mod: HP is reported as percentages
|clearpoke
|poke|p1|Slowbro, M
|poke|p1|Blissey, F, shiny
|poke|p1|Aggron, M
|poke|p1|Rotom-Heat
|poke|p1|Donphan, M
|poke|p1|Heracross, M
|poke|p2|Toxicroak, F
|poke|p2|Arcanine, M
|poke|p2|Eelektross, F
|poke|p2|Hydreigon, M
|poke|p2|Shaymin
|poke|p2|Blastoise, F
|rule|Swagger Clause: Swagger is banned
|rule|Baton Pass Clause: Limit three PokÃ©mon knowing Baton Pass
|teampreview
|chat|Ravenger|glhf
|chat|Typhlosion271|u  2
|
|start
|switch|p1a: Rotom-Heat|Rotom-Heat|241\/241
|switch|p2a: Hydreigon|Hydreigon, M|325\/325
|turn|1
|
|move|p1a: Rotom-Heat|Volt Switch|p2a: Hydreigon
|-resisted|p2a: Hydreigon
|-damage|p2a: Hydreigon|254\/325
|
|switch|p1a: Easter Egg|Blissey, F, shiny|714\/714
|move|p2a: Hydreigon|Draco Meteor|p1a: Easter Egg
|-damage|p1a: Easter Egg|485\/714
|-unboost|p2a: Hydreigon|spa|2
|
|-heal|p1a: Easter Egg|529\/714|[from] item: Leftovers
|turn|2
|
|switch|p2a: Toxicroak|Toxicroak, F|370\/370
|move|p1a: Easter Egg|Wish|p1a: Easter Egg
|
|-heal|p1a: Easter Egg|573\/714|[from] item: Leftovers
|turn|3
|
|switch|p1a: Tusks|Donphan, M|384\/384
|move|p2a: Toxicroak|Knock Off|p1a: Tusks
|-damage|p1a: Tusks|302\/384
|-enditem|p1a: Tusks|Leftovers|[from] move: Knock Off|[of] p2a: Toxicroak
|
|-heal|p1a: Tusks|384\/384|[from] move: Wish|[wisher] Easter Egg
|turn|4
|
|switch|p2a: Eelektross|Eelektross, F|374\/374
|move|p1a: Tusks|Stealth Rock|p2a: Eelektross
|-sidestart|p2: Ravenger|move: Stealth Rock
|
|turn|5
|
|switch|p1a: Rotom-Heat|Rotom-Heat|241\/241
|move|p2a: Eelektross|Giga Drain|p1a: Rotom-Heat
|-resisted|p1a: Rotom-Heat
|-damage|p1a: Rotom-Heat|212\/241
|
|turn|6
|
|move|p1a: Rotom-Heat|Overheat|p2a: Eelektross
|-damage|p2a: Eelektross|217\/374
|-unboost|p1a: Rotom-Heat|spa|2
|move|p2a: Eelektross|Volt Switch|p1a: Rotom-Heat
|-resisted|p1a: Rotom-Heat
|-damage|p1a: Rotom-Heat|172\/241
|
|switch|p2a: Arcanine|Arcanine, M|384\/384
|-damage|p2a: Arcanine|288\/384|[from] Stealth Rock
|-ability|p2a: Arcanine|Intimidate|[of] p1a: Rotom-Heat
|-unboost|p1a: Rotom-Heat|atk|1
|
|-heal|p2a: Arcanine|312\/384|[from] item: Leftovers
|turn|7
|
|switch|p1a: Tusks|Donphan, M|384\/384
|move|p2a: Arcanine|Extreme Speed|p1a: Tusks
|-damage|p1a: Tusks|313\/384
|
|-heal|p2a: Arcanine|336\/384|[from] item: Leftovers
|turn|8
|chat|Ravenger|why do i think of jjba when i see your donphan
|
|switch|p2a: Toxicroak|Toxicroak, F|370\/370
|-damage|p2a: Toxicroak|347\/370|[from] Stealth Rock
|switch|p1a: Rotom-Heat|Rotom-Heat|172\/241
|
|turn|9
|chat|Typhlosion271|Don't know. What is jjba?
|
|move|p1a: Rotom-Heat|Volt Switch|p2a: Toxicroak
|-damage|p2a: Toxicroak|244\/370
|
|switch|p1a: Paul|Slowbro, M|394\/394
|move|p2a: Toxicroak|Gunk Shot|p1a: Paul|[miss]
|-miss|p2a: Toxicroak|p1a: Paul
|
|turn|10
|chat|Ravenger|jojo's bizarre adventure
|
|switch|p2a: Blastoise|Blastoise, F|362\/362
|-damage|p2a: Blastoise|317\/362|[from] Stealth Rock
|move|p1a: Paul|Psyshock|p2a: Blastoise
|-damage|p2a: Blastoise|215\/362
|
|turn|11
|chat|Typhlosion271|ahh
|
|switch|p1a: Easter Egg|Blissey, F, shiny|573\/714
|detailschange|p2a: Blastoise|Blastoise-Mega, F
|message|Blastoise has Mega Evolved into Mega Blastoise!
|move|p2a: Blastoise|Scald|p1a: Easter Egg
|-damage|p1a: Easter Egg|455\/714
|
|-heal|p1a: Easter Egg|499\/714|[from] item: Leftovers
|turn|12
|
|move|p2a: Blastoise|Rapid Spin|p1a: Easter Egg
|-damage|p1a: Easter Egg|472\/714
|-sideend|p2: Ravenger|Stealth Rock|[from] move: Rapid Spin|[of] p2a: Blastoise
|move|p1a: Easter Egg|Wish|p1a: Easter Egg
|
|-heal|p1a: Easter Egg|516\/714|[from] item: Leftovers
|turn|13
|chat|Ravenger|i think there is a stand called Tusk thats why 
|
|switch|p2a: Toxicroak|Toxicroak, F|244\/370
|move|p1a: Easter Egg|Toxic|p2a: Toxicroak
|-fail|p2a: Toxicroak
|
|-heal|p1a: Easter Egg|714\/714|[from] move: Wish|[wisher] Easter Egg
|turn|14
|
|switch|p1a: Tusks|Donphan, M|313\/384
|move|p2a: Toxicroak|Drain Punch|p1a: Tusks
|-damage|p1a: Tusks|222\/384
|-heal|p2a: Toxicroak|290\/370|[from] drain|[of] p1a: Tusks
|
|turn|15
|
|switch|p2a: Hydreigon|Hydreigon, M|254\/325
|move|p1a: Tusks|Stealth Rock|p2a: Hydreigon
|-sidestart|p2: Ravenger|move: Stealth Rock
|
|turn|16
|
|move|p1a: Tusks|Ice Shard|p2a: Hydreigon
|-supereffective|p2a: Hydreigon
|-damage|p2a: Hydreigon|170\/325
|move|p2a: Hydreigon|Crunch|p1a: Tusks
|-damage|p1a: Tusks|149\/384
|
|turn|17
|
|move|p1a: Tusks|Ice Shard|p2a: Hydreigon
|-supereffective|p2a: Hydreigon
|-damage|p2a: Hydreigon|86\/325
|move|p2a: Hydreigon|Crunch|p1a: Tusks
|-damage|p1a: Tusks|76\/384
|
|turn|18
|
|switch|p2a: Eelektross|Eelektross, F|217\/374
|-damage|p2a: Eelektross|171\/374|[from] Stealth Rock
|move|p1a: Tusks|Ice Shard|p2a: Eelektross
|-damage|p2a: Eelektross|137\/374
|
|turn|19
|
|switch|p1a: Easter Egg|Blissey, F, shiny|714\/714
|move|p2a: Eelektross|Flamethrower|p1a: Easter Egg
|-damage|p1a: Easter Egg|661\/714
|
|-heal|p1a: Easter Egg|705\/714|[from] item: Leftovers
|turn|20
|
|move|p1a: Easter Egg|Wish|p1a: Easter Egg
|move|p2a: Eelektross|Volt Switch|p1a: Easter Egg
|-damage|p1a: Easter Egg|635\/714
|chat|Ravenger|i only go mixed for blissey but this is not what i seek
|
|switch|p2a: Toxicroak|Toxicroak, F|290\/370
|-damage|p2a: Toxicroak|267\/370|[from] Stealth Rock
|
|-heal|p1a: Easter Egg|679\/714|[from] item: Leftovers
|turn|21
|
|switch|p1a: Tusks|Donphan, M|76\/384
|move|p2a: Toxicroak|Knock Off|p1a: Tusks
|-damage|p1a: Tusks|26\/384
|
|-heal|p1a: Tusks|383\/384|[from] move: Wish|[wisher] Easter Egg
|turn|22
|
|switch|p2a: Shaymin|Shaymin|404\/404
|-damage|p2a: Shaymin|354\/404|[from] Stealth Rock
|move|p1a: Tusks|Earthquake|p2a: Shaymin
|-resisted|p2a: Shaymin
|-damage|p2a: Shaymin|280\/404
|
|turn|23
|
|switch|p1a: Rotom-Heat|Rotom-Heat|172\/241
|move|p2a: Shaymin|Seed Flare|p1a: Rotom-Heat
|-resisted|p1a: Rotom-Heat
|-damage|p1a: Rotom-Heat|54\/241
|-damage|p2a: Shaymin|240\/404|[from] item: Life Orb
|
|turn|24
|
|switch|p2a: Eelektross|Eelektross, F|137\/374
|-damage|p2a: Eelektross|91\/374|[from] Stealth Rock
|move|p1a: Rotom-Heat|Trick|p2a: Eelektross
|-activate|p1a: Rotom-Heat|move: Trick|[of] p2a: Eelektross
|-item|p2a: Eelektross|Choice Scarf|[from] move: Trick
|-item|p1a: Rotom-Heat|Assault Vest|[from] move: Trick
|
|turn|25
|
|move|p1a: Rotom-Heat|Overheat|p2a: Eelektross
|-crit|p2a: Eelektross
|-damage|p2a: Eelektross|0 fnt
|-unboost|p1a: Rotom-Heat|spa|2
|faint|p2a: Eelektross
|
|
|switch|p2a: Blastoise|Blastoise-Mega, F|215\/362
|-damage|p2a: Blastoise|170\/362|[from] Stealth Rock
|turn|26
|
|move|p1a: Rotom-Heat|Volt Switch|p2a: Blastoise
|-supereffective|p2a: Blastoise
|-damage|p2a: Blastoise|72\/362
|
|switch|p1a: Easter Egg|Blissey, F, shiny|679\/714
|move|p2a: Blastoise|Scald|p1a: Easter Egg
|-damage|p1a: Easter Egg|549\/714
|
|-heal|p1a: Easter Egg|593\/714|[from] item: Leftovers
|turn|27
|chat|Ravenger|eelectross is really slow
|
|move|p2a: Blastoise|Rapid Spin|p1a: Easter Egg
|-damage|p1a: Easter Egg|564\/714
|-sideend|p2: Ravenger|Stealth Rock|[from] move: Rapid Spin|[of] p2a: Blastoise
|move|p1a: Easter Egg|Wish|p1a: Easter Egg
|
|-heal|p1a: Easter Egg|608\/714|[from] item: Leftovers
|turn|28
|chat|Typhlosion271|even with a choice scarf...
|chat|Ravenger|i mainly use it for its abillity and momentum
|
|switch|p2a: Toxicroak|Toxicroak, F|267\/370
|move|p1a: Easter Egg|Toxic|p2a: Toxicroak
|-fail|p2a: Toxicroak
|
|-heal|p1a: Easter Egg|714\/714|[from] move: Wish|[wisher] Easter Egg
|turn|29
|
|switch|p1a: Tusks|Donphan, M|383\/384
|move|p2a: Toxicroak|Ice Punch|p1a: Tusks
|-supereffective|p1a: Tusks
|-damage|p1a: Tusks|261\/384
|
|turn|30
|
|move|p2a: Toxicroak|Ice Punch|p1a: Tusks
|-supereffective|p1a: Tusks
|-damage|p1a: Tusks|143\/384
|move|p1a: Tusks|Earthquake|p2a: Toxicroak
|-supereffective|p2a: Toxicroak
|-damage|p2a: Toxicroak|0 fnt
|faint|p2a: Toxicroak
|
|
|switch|p2a: Hydreigon|Hydreigon, M|86\/325
|turn|31
|
|switch|p2a: Arcanine|Arcanine, M|336\/384
|-ability|p2a: Arcanine|Intimidate|[of] p1a: Tusks
|-unboost|p1a: Tusks|atk|1
|move|p1a: Tusks|Ice Shard|p2a: Arcanine
|-resisted|p2a: Arcanine
|-damage|p2a: Arcanine|320\/384
|
|-heal|p2a: Arcanine|344\/384|[from] item: Leftovers
|turn|32
|
|move|p2a: Arcanine|Flare Blitz|p1a: Tusks
|-damage|p1a: Tusks|0 fnt
|-damage|p2a: Arcanine|297\/384|[from] recoil|[of] p1a: Tusks
|faint|p1a: Tusks
|
|-heal|p2a: Arcanine|321\/384|[from] item: Leftovers
|chat|Ravenger|i cant quit now i must go on
|
|switch|p1a: Cross-Thunder|Heracross, M|302\/302
|turn|33
|
|move|p1a: Cross-Thunder|Close Combat|p2a: Arcanine
|-damage|p2a: Arcanine|45\/384
|-unboost|p1a: Cross-Thunder|def|1
|-unboost|p1a: Cross-Thunder|spd|1
|move|p2a: Arcanine|Flare Blitz|p1a: Cross-Thunder
|-supereffective|p1a: Cross-Thunder
|-damage|p1a: Cross-Thunder|0 fnt
|-damage|p2a: Arcanine|0 fnt|[from] recoil|[of] p1a: Cross-Thunder
|faint|p1a: Cross-Thunder
|faint|p2a: Arcanine
|
|chat|Ravenger|yes
|chat|Ravenger|oh
|chat|Ravenger|blissey
|
|switch|p1a: Rotom-Heat|Rotom-Heat|54\/241
|switch|p2a: Blastoise|Blastoise-Mega, F|72\/362
|turn|34
|chat|Typhlosion271|wow. How did u take that...
|chat|Ravenger|bulk
|chat|Ravenger|i did invest
|
|move|p1a: Rotom-Heat|Volt Switch|p2a: Blastoise
|-supereffective|p2a: Blastoise
|-damage|p2a: Blastoise|0 fnt
|faint|p2a: Blastoise
|chat|Typhlosion271|Know that.
|
|switch|p1a: Don Steele|Aggron, M|344\/344
|
|chat|Ravenger|let me run a calc, if i can 
|
|switch|p2a: Shaymin|Shaymin|240\/404
|turn|35
|
|detailschange|p1a: Don Steele|Aggron-Mega, M
|message|Aggron has Mega Evolved into Mega Aggron!
|move|p2a: Shaymin|Earth Power|p1a: Don Steele
|-supereffective|p1a: Don Steele
|-damage|p1a: Don Steele|139\/344
|-damage|p2a: Shaymin|200\/404|[from] item: Life Orb
|move|p1a: Don Steele|Avalanche|p2a: Shaymin
|-supereffective|p2a: Shaymin
|-damage|p2a: Shaymin|0 fnt
|faint|p2a: Shaymin
|
|chat|Ravenger|it keeps on giving me stone edge
|
|switch|p2a: Hydreigon|Hydreigon, M|86\/325
|turn|36
|chat|Ravenger|at -1 it is a 3HKO
|
|move|p2a: Hydreigon|Fire Blast|p1a: Don Steele
|-supereffective|p1a: Don Steele
|-damage|p1a: Don Steele|0 fnt
|faint|p1a: Don Steele
|
|chat|Typhlosion271|scary bulk that thing
|
|switch|p1a: Rotom-Heat|Rotom-Heat|54\/241
|turn|37
|chat|Ravenger|252 Atk Heracross Close Combat vs. 252 HP \/ 0 Def Arcanine: 229-271 (59.6 - 70.5%) -- guaranteed 2HKO after Leftovers recovery
|
|move|p2a: Hydreigon|Fire Blast|p1a: Rotom-Heat
|-resisted|p1a: Rotom-Heat
|-damage|p1a: Rotom-Heat|0 fnt
|faint|p1a: Rotom-Heat
|
|chat|Ravenger|there
|chat|Ravenger|i guess i was not under 50%
|
|switch|p1a: Easter Egg|Blissey, F, shiny|714\/714
|turn|38
|chat|Typhlosion271|Thanks
|
|move|p2a: Hydreigon|Fire Blast|p1a: Easter Egg
|-damage|p1a: Easter Egg|566\/714
|move|p1a: Easter Egg|Toxic|p2a: Hydreigon
|-status|p2a: Hydreigon|tox
|
|-heal|p1a: Easter Egg|610\/714|[from] item: Leftovers
|-damage|p2a: Hydreigon|66\/325 tox|[from] psn
|turn|39
|chat|Ravenger|no problem
|
|move|p2a: Hydreigon|Fire Blast|p1a: Easter Egg
|-damage|p1a: Easter Egg|461\/714
|-status|p1a: Easter Egg|brn
|move|p1a: Easter Egg|Wish|p1a: Easter Egg
|
|-heal|p1a: Easter Egg|505\/714 brn|[from] item: Leftovers
|-damage|p2a: Hydreigon|26\/325 tox|[from] psn
|-damage|p1a: Easter Egg|416\/714 brn|[from] brn
|turn|40
|
|switch|p1a: Paul|Slowbro, M|394\/394
|move|p2a: Hydreigon|Fire Blast|p1a: Paul
|-resisted|p1a: Paul
|-damage|p1a: Paul|287\/394
|
|-heal|p1a: Paul|394\/394|[from] move: Wish|[wisher] Easter Egg
|-damage|p2a: Hydreigon|0 fnt|[from] psn
|faint|p2a: Hydreigon
|
|win|Typhlosion271
|raw|Ladder updating...
|raw|Typhlosion271's rating: 1494 &rarr; <strong>1504<\/strong><br \/>(+10 for winning)
|raw|Ravenger's rating: 1295 &rarr; <strong>1283<\/strong><br \/>(-12 for losing)
|chat|Ravenger|gg
|chat|Typhlosion271|gg
|leave|Typhlosion271
|player|p1