|join|Typhlosion271
|join|Juice Weasel
|player|p1|Typhlosion271|35
|player|p2|Juice Weasel|172
|gametype|singles
|gen|6
|tier|UU
|rated
|rule|Sleep Clause Mod: Limit one foe put to sleep
|rule|Species Clause: Limit one of each PokÃ©mon
|rule|OHKO Clause: OHKO moves are banned
|rule|Moody Clause: Moody is banned
|rule|Evasion Moves Clause: Evasion moves are banned
|rule|Endless Battle Clause: Forcing endless battles is banned
|rule|HP Percentage Mod: HP is shown in percentages
|clearpoke
|poke|p1|Aggron, M
|poke|p1|Blissey, F
|poke|p1|Donphan, F
|poke|p1|Suicune
|poke|p1|Zygarde
|poke|p1|Rotom-Heat
|poke|p2|Alakazam, F
|poke|p2|Arcanine, M
|poke|p2|Florges, F
|poke|p2|Doublade, M
|poke|p2|Hitmonlee, M
|poke|p2|Jirachi
|rule|Swagger Clause: Swagger is banned
|rule|Baton Pass Clause: Limit one PokÃ©mon knowing Baton Pass
|teampreview
|
|start
|switch|p1a: Rotom-Heat|Rotom-Heat|241\/241
|switch|p2a: Alakazam|Alakazam, F|251\/251
|turn|1
|
|detailschange|p2a: Alakazam|Alakazam-Mega, F
|-mega|p2a: Alakazam|Alakazam|Alakazite
|-ability|p2a: Alakazam|Levitate|[from] ability: Trace|[of] p1a: Rotom-Heat
|move|p1a: Rotom-Heat|Volt Switch|p2a: Alakazam
|-damage|p2a: Alakazam|143\/251
|
|switch|p1a: Blissey|Blissey, F|714\/714
|move|p2a: Alakazam|Focus Blast|p1a: Blissey
|-supereffective|p1a: Blissey
|-damage|p1a: Blissey|422\/714
|
|-heal|p1a: Blissey|466\/714|[from] item: Leftovers
|turn|2
|
|move|p2a: Alakazam|Psyshock|p1a: Blissey
|-damage|p1a: Blissey|141\/714
|move|p1a: Blissey|Wish|p1a: Blissey
|
|-heal|p1a: Blissey|185\/714|[from] item: Leftovers
|turn|3
|
|switch|p1a: Donphan|Donphan, F|383\/383
|move|p2a: Alakazam|Focus Blast|p1a: Donphan
|-damage|p1a: Donphan|196\/383
|
|-heal|p1a: Donphan|383\/383|[from] move: Wish|[wisher] Blissey
|turn|4
|
|switch|p2a: Lionheart|Arcanine, M|383\/383
|-ability|p2a: Lionheart|Intimidate|[of] p1a: Donphan
|-unboost|p1a: Donphan|atk|1
|move|p1a: Donphan|Earthquake|p2a: Lionheart
|-crit|p2a: Lionheart
|-supereffective|p2a: Lionheart
|-damage|p2a: Lionheart|0 fnt
|faint|p2a: Lionheart
|
|c|âJuice Weasel|lol ofc
|
|switch|p2a: Stardust|Jirachi|341\/341
|turn|5
|
|switch|p1a: Suicune|Suicune|404\/404
|-ability|p1a: Suicune|Pressure
|move|p2a: Stardust|Energy Ball|p1a: Suicune
|-supereffective|p1a: Suicune
|-damage|p1a: Suicune|212\/404
|
|-heal|p1a: Suicune|237\/404|[from] item: Leftovers
|turn|6
|
|switch|p1a: Rotom-Heat|Rotom-Heat|241\/241
|move|p2a: Stardust|Stealth Rock|p1a: Rotom-Heat
|-sidestart|p1: Typhlosion271|move: Stealth Rock
|
|turn|7
|
|switch|p2a: Mad Dog|Hitmonlee, M|304\/304
|move|p1a: Rotom-Heat|Volt Switch|p2a: Mad Dog
|-damage|p2a: Mad Dog|237\/304
|
|switch|p1a: Zygarde|Zygarde|366\/366
|-damage|p1a: Zygarde|344\/366|[from] Stealth Rock
|-ability|p1a: Zygarde|Aura Break
|
|turn|8
|
|switch|p2a: Freya|Florges, F|360\/360
|move|p1a: Zygarde|Earthquake|p2a: Freya
|-damage|p2a: Freya|222\/360
|
|-heal|p2a: Freya|244\/360|[from] item: Leftovers
|turn|9
|
|switch|p1a: Aggron|Aggron, M|344\/344
|-damage|p1a: Aggron|323\/344|[from] Stealth Rock
|switch|p2a: Alakazam|Alakazam-Mega, F|143\/251
|-ability|p2a: Alakazam|Sturdy|[from] ability: Trace|[of] p1a: Aggron
|
|turn|10
|
|detailschange|p1a: Aggron|Aggron-Mega, M
|-mega|p1a: Aggron|Aggron|Aggronite
|move|p2a: Alakazam|Focus Blast|p1a: Aggron
|-supereffective|p1a: Aggron
|-damage|p1a: Aggron|20\/344
|move|p1a: Aggron|Heavy Slam|p2a: Alakazam
|-damage|p2a: Alakazam|0 fnt
|faint|p2a: Alakazam
|
|
|switch|p2a: Stardust|Jirachi|341\/341
|turn|11
|c|âJuice Weasel|yay min dmg
|
|move|p2a: Stardust|Psychic|p1a: Aggron
|-resisted|p1a: Aggron
|-damage|p1a: Aggron|0 fnt
|faint|p1a: Aggron
|
|
|switch|p1a: Rotom-Heat|Rotom-Heat|241\/241
|-damage|p1a: Rotom-Heat|181\/241|[from] Stealth Rock
|turn|12
|
|switch|p2a: Mad Dog|Hitmonlee, M|237\/304
|move|p1a: Rotom-Heat|Overheat|p2a: Mad Dog
|-damage|p2a: Mad Dog|114\/304
|-unboost|p1a: Rotom-Heat|spa|2
|
|turn|13
|
|switch|p1a: Blissey|Blissey, F|185\/714
|-damage|p1a: Blissey|96\/714|[from] Stealth Rock
|move|p2a: Mad Dog|High Jump Kick|p1a: Blissey|[miss]
|-miss|p2a: Mad Dog|p1a: Blissey
|-damage|p2a: Mad Dog|0 fnt|[from] highjumpkick
|faint|p2a: Mad Dog
|
|-heal|p1a: Blissey|140\/714|[from] item: Leftovers
|c|âTyphlosion271|blink blink
|c|âJuice Weasel|i love it when garbage players get bailed out by hax!
|
|switch|p2a: Stardust|Jirachi|341\/341
|turn|14
|c|âTyphlosion271|i kinda outrank u...sorry
|
|move|p2a: Stardust|Iron Head|p1a: Blissey
|-damage|p1a: Blissey|0 fnt
|faint|p1a: Blissey
|
|c|âJuice Weasel|lol this is an alt.... and you have had 3 crucial pieces of hax so yeah...
|
|switch|p1a: Rotom-Heat|Rotom-Heat|181\/241
|-damage|p1a: Rotom-Heat|121\/241|[from] Stealth Rock
|turn|15
|
|move|p1a: Rotom-Heat|Trick|p2a: Stardust
|-activate|p1a: Rotom-Heat|move: Trick|[of] p2a: Stardust
|-item|p2a: Stardust|Choice Scarf|[from] move: Trick
|-item|p1a: Rotom-Heat|Expert Belt|[from] move: Trick
|move|p2a: Stardust|Psychic|p1a: Rotom-Heat
|-damage|p1a: Rotom-Heat|0 fnt
|faint|p1a: Rotom-Heat
|
|
|switch|p1a: Zygarde|Zygarde|344\/366
|-damage|p1a: Zygarde|322\/366|[from] Stealth Rock
|-ability|p1a: Zygarde|Aura Break
|turn|16
|
|switch|p2a: Freya|Florges, F|244\/360
|move|p1a: Zygarde|Dragon Dance|p1a: Zygarde
|-boost|p1a: Zygarde|atk|1
|-boost|p1a: Zygarde|spe|1
|
|-heal|p2a: Freya|266\/360|[from] item: Leftovers
|turn|17
|
|move|p1a: Zygarde|Earthquake|p2a: Freya
|-damage|p2a: Freya|50\/360
|move|p2a: Freya|Moonblast|p1a: Zygarde
|-crit|p1a: Zygarde
|-supereffective|p1a: Zygarde
|-damage|p1a: Zygarde|0 fnt
|faint|p1a: Zygarde
|
|-heal|p2a: Freya|72\/360|[from] item: Leftovers
|
|switch|p1a: Suicune|Suicune|237\/404
|-damage|p1a: Suicune|187\/404|[from] Stealth Rock
|-ability|p1a: Suicune|Pressure
|turn|18
|
|move|p1a: Suicune|Calm Mind|p1a: Suicune
|-boost|p1a: Suicune|spa|1
|-boost|p1a: Suicune|spd|1
|move|p2a: Freya|Moonblast|p1a: Suicune
|-damage|p1a: Suicune|109\/404
|
|-heal|p1a: Suicune|134\/404|[from] item: Leftovers
|-heal|p2a: Freya|94\/360|[from] item: Leftovers
|turn|19
|c|âJuice Weasel|and the final piece of hax. had i not crit you, rachi sweeps the rest of your team
|
|switch|p2a: Stardust|Jirachi|341\/341
|move|p1a: Suicune|Rest|p1a: Suicune
|-status|p1a: Suicune|slp
|-heal|p1a: Suicune|404\/404 slp|[silent]
|-status|p1a: Suicune|slp|[from] move: Rest
|
|turn|20
|
|move|p2a: Stardust|Energy Ball|p1a: Suicune
|-supereffective|p1a: Suicune
|-damage|p1a: Suicune|298\/404 slp
|cant|p1a: Suicune|slp
|move|p1a: Suicune|Sleep Talk|p1a: Suicune
|move|p1a: Suicune|Rest|p1a: Suicune|[from]Sleep Talk
|-fail|p1a: Suicune
|
|-heal|p1a: Suicune|323\/404 slp|[from] item: Leftovers
|turn|21
|
|move|p2a: Stardust|Energy Ball|p1a: Suicune
|-supereffective|p1a: Suicune
|-damage|p1a: Suicune|219\/404 slp
|cant|p1a: Suicune|slp
|move|p1a: Suicune|Sleep Talk|p1a: Suicune
|move|p1a: Suicune|Scald|p2a: Stardust|[from]Sleep Talk
|-damage|p2a: Stardust|212\/341
|
|-heal|p1a: Suicune|244\/404 slp|[from] item: Leftovers
|turn|22
|c|âTyphlosion271|(sigh)
|
|move|p2a: Stardust|Energy Ball|p1a: Suicune
|-supereffective|p1a: Suicune
|-damage|p1a: Suicune|134\/404 slp
|-unboost|p1a: Suicune|spd|1
|-curestatus|p1a: Suicune|slp
|move|p1a: Suicune|Rest|p1a: Suicune
|-status|p1a: Suicune|slp
|-heal|p1a: Suicune|404\/404 slp|[silent]
|-status|p1a: Suicune|slp|[from] move: Rest
|
|turn|23
|
|move|p2a: Stardust|Energy Ball|p1a: Suicune
|-supereffective|p1a: Suicune
|-damage|p1a: Suicune|232\/404 slp
|-unboost|p1a: Suicune|spd|1
|cant|p1a: Suicune|slp
|move|p1a: Suicune|Sleep Talk|p1a: Suicune
|move|p1a: Suicune|Rest|p1a: Suicune|[from]Sleep Talk
|-fail|p1a: Suicune
|
|-heal|p1a: Suicune|257\/404 slp|[from] item: Leftovers
|turn|24
|
|switch|p1a: Donphan|Donphan, F|383\/383
|-damage|p1a: Donphan|360\/383|[from] Stealth Rock
|move|p2a: Stardust|Energy Ball|p1a: Donphan
|-supereffective|p1a: Donphan
|-damage|p1a: Donphan|168\/383
|
|turn|25
|c|âTyphlosion271|stupid hax
|-message|Typhlosion271 forfeited.
|leave|Typhlosion271
|c|âJuice Weasel|fuck you scrub
|
|win|Juice Weasel
|raw|Ladder updating...
|player|p1
|raw|Typhlosion271's rating: 1582 &rarr; <strong>1551<\/strong><br \/>(-31 for losing)
|raw|Juice Weasel's rating: 1363 &rarr; <strong>1394<\/strong><br \/>(+31 for winning)
|c|âJuice Weasel|youve been haxing me all game
|c|âJuice Weasel|trash