|join|sdfvxc
|join|Typhlosion271
|player|p1|sdfvxc|261
|player|p2|Typhlosion271|293
|gametype|singles
|gen|6
|tier|UU
|rated
|rule|Sleep Clause Mod: Limit one foe put to sleep
|rule|Species Clause: Limit one of each PokÃ©mon
|rule|OHKO Clause: OHKO moves are banned
|rule|Moody Clause: Moody is banned
|rule|Evasion Moves Clause: Evasion moves are banned
|rule|Endless Battle Clause: Forcing endless battles is banned
|rule|HP Percentage Mod: HP is shown in percentages
|clearpoke
|poke|p1|Vaporeon, F
|poke|p1|Crobat, F
|poke|p1|Forretress, M, shiny
|poke|p1|Sceptile, M
|poke|p1|Mienshao, M, shiny
|poke|p1|Chandelure, F, shiny
|poke|p2|Typhlosion, F
|poke|p2|Suicune
|poke|p2|Rotom-Mow
|poke|p2|Blissey, F
|poke|p2|Donphan, M
|poke|p2|Beedrill, M
|rule|Swagger Clause: Swagger is banned
|rule|Baton Pass Clause: Limit one PokÃ©mon knowing Baton Pass
|teampreview
|
|start
|switch|p1a: Forretress|Forretress, M, shiny|354\/354
|switch|p2a: Rotom-Mow|Rotom-Mow|241\/241
|turn|1
|
|move|p2a: Rotom-Mow|Volt Switch|p1a: Forretress
|-damage|p1a: Forretress|210\/354
|
|switch|p2a: Donphan|Donphan, M|384\/384
|move|p1a: Forretress|Stealth Rock|p2a: Donphan
|-sidestart|p2: Typhlosion271|move: Stealth Rock
|
|-heal|p1a: Forretress|232\/354|[from] item: Leftovers
|turn|2
|
|switch|p1a: Crobat|Crobat, F|336\/336
|move|p2a: Donphan|Earthquake|p1a: Crobat
|-immune|p1a: Crobat|[msg]
|
|turn|3
|
|move|p1a: Crobat|Toxic|p2a: Donphan
|-status|p2a: Donphan|tox
|move|p2a: Donphan|Stealth Rock|p1a: Crobat
|-sidestart|p1: sdfvxc|move: Stealth Rock
|
|-damage|p2a: Donphan|360\/384 tox|[from] psn
|turn|4
|
|move|p1a: Crobat|U-turn|p2a: Donphan
|-damage|p2a: Donphan|302\/384 tox
|
|switch|p1a: Forretress|Forretress, M, shiny|232\/354
|-damage|p1a: Forretress|188\/354|[from] Stealth Rock
|move|p2a: Donphan|Rapid Spin|p1a: Forretress
|-resisted|p1a: Forretress
|-damage|p1a: Forretress|180\/354
|-sideend|p2: Typhlosion271|Stealth Rock|[from] move: Rapid Spin|[of] p2a: Donphan
|
|-heal|p2a: Donphan|326\/384 tox|[from] item: Leftovers
|-heal|p1a: Forretress|202\/354|[from] item: Leftovers
|-damage|p2a: Donphan|278\/384 tox|[from] psn
|turn|5
|
|switch|p2a: Typhlosion|Typhlosion, F|298\/298
|move|p1a: Forretress|Rapid Spin|p2a: Typhlosion
|-damage|p2a: Typhlosion|281\/298
|-sideend|p1: sdfvxc|Stealth Rock|[from] move: Rapid Spin|[of] p1a: Forretress
|
|-heal|p1a: Forretress|224\/354|[from] item: Leftovers
|turn|6
|
|switch|p1a: Vaporeon|Vaporeon, F|448\/448
|move|p2a: Typhlosion|Eruption|p1a: Vaporeon
|-resisted|p1a: Vaporeon
|-damage|p1a: Vaporeon|315\/448
|
|-heal|p1a: Vaporeon|343\/448|[from] item: Leftovers
|turn|7
|
|switch|p2a: Blissey|Blissey, F|714\/714
|move|p1a: Vaporeon|Wish|p1a: Vaporeon
|
|-heal|p1a: Vaporeon|371\/448|[from] item: Leftovers
|turn|8
|
|switch|p1a: Forretress|Forretress, M, shiny|224\/354
|move|p2a: Blissey|Heal Bell|p2a: Blissey
|-cureteam|p2a: Blissey|[from] move: HealBell
|
|-heal|p1a: Forretress|354\/354|[from] move: Wish|[wisher] Vaporeon
|turn|9
|
|switch|p2a: Donphan|Donphan, M|278\/384
|switch|p1a: Sceptile|Sceptile, M|300\/300
|
|-heal|p2a: Donphan|302\/384|[from] item: Leftovers
|turn|10
|
|switch|p2a: Blissey|Blissey, F|714\/714
|detailschange|p1a: Sceptile|Sceptile-Mega, M
|message|Sceptile has Mega Evolved into Mega Sceptile!
|move|p1a: Sceptile|Leaf Storm|p2a: Blissey
|-damage|p2a: Blissey|512\/714
|-unboost|p1a: Sceptile|spa|2
|
|-heal|p2a: Blissey|556\/714|[from] item: Leftovers
|turn|11
|
|switch|p1a: Chandelure|Chandelure, F, shiny|289\/289
|move|p2a: Blissey|Toxic|p1a: Chandelure
|-status|p1a: Chandelure|tox
|
|-heal|p2a: Blissey|600\/714|[from] item: Leftovers
|-damage|p1a: Chandelure|271\/289 tox|[from] psn
|turn|12
|
|switch|p1a: Vaporeon|Vaporeon, F|371\/448
|move|p2a: Blissey|Protect|p2a: Blissey
|-fail|p2a: Blissey
|
|-heal|p1a: Vaporeon|399\/448|[from] item: Leftovers
|-heal|p2a: Blissey|644\/714|[from] item: Leftovers
|turn|13
|
|move|p1a: Vaporeon|Heal Bell|p1a: Vaporeon
|-cureteam|p1a: Vaporeon|[from] move: HealBell
|move|p2a: Blissey|Toxic|p1a: Vaporeon
|-status|p1a: Vaporeon|tox
|
|-heal|p1a: Vaporeon|427\/448 tox|[from] item: Leftovers
|-heal|p2a: Blissey|688\/714|[from] item: Leftovers
|-damage|p1a: Vaporeon|399\/448 tox|[from] psn
|turn|14
|
|switch|p2a: Rotom-Mow|Rotom-Mow|241\/241
|move|p1a: Vaporeon|Heal Bell|p1a: Vaporeon
|-cureteam|p1a: Vaporeon|[from] move: HealBell
|
|-heal|p1a: Vaporeon|427\/448|[from] item: Leftovers
|turn|15
|
|move|p1a: Vaporeon|Protect|p1a: Vaporeon
|-singleturn|p1a: Vaporeon|Protect
|move|p2a: Rotom-Mow|Trick|p1a: Vaporeon
|-activate|p1a: Vaporeon|Protect
|
|-heal|p1a: Vaporeon|448\/448|[from] item: Leftovers
|turn|16
|
|switch|p2a: Beedrill|Beedrill, M|271\/271
|switch|p1a: Sceptile|Sceptile-Mega, M|300\/300
|
|turn|17
|
|switch|p1a: Crobat|Crobat, F|336\/336
|detailschange|p2a: Beedrill|Beedrill-Mega, M
|message|Beedrill has Mega Evolved into Mega Beedrill!
|move|p2a: Beedrill|Protect|p2a: Beedrill
|-fail|p2a: Beedrill
|
|turn|18
|
|move|p2a: Beedrill|U-turn|p1a: Crobat
|-resisted|p1a: Crobat
|-damage|p1a: Crobat|278\/336
|
|switch|p2a: Rotom-Mow|Rotom-Mow|241\/241
|move|p1a: Crobat|U-turn|p2a: Rotom-Mow
|-supereffective|p2a: Rotom-Mow
|-damage|p2a: Rotom-Mow|119\/241
|
|switch|p1a: Mienshao|Mienshao, M, shiny|272\/272
|
|turn|19
|
|move|p1a: Mienshao|U-turn|p2a: Rotom-Mow
|-supereffective|p2a: Rotom-Mow
|-damage|p2a: Rotom-Mow|0 fnt
|faint|p2a: Rotom-Mow
|
|switch|p1a: Crobat|Crobat, F|278\/336
|
|-heal|p1a: Crobat|299\/336|[from] item: Black Sludge
|
|switch|p2a: Typhlosion|Typhlosion, F|281\/298
|turn|20
|-message|Typhlosion271 forfeited.
|
|win|sdfvxc
|raw|Ladder updating...
|leave|Typhlosion271
|player|p2
|raw|sdfvxc's rating: 1108 &rarr; <strong>1135<\/strong><br \/>(+27 for winning)
|raw|Typhlosion271's rating: 1140 &rarr; <strong>1112<\/strong><br \/>(-28 for losing)