|join|Typhlosion271
|join|Quinlanding
|player|p1|Typhlosion271|277
|player|p2|Quinlanding|121
|gametype|singles
|gen|6
|tier|UU
|rated
|rule|Sleep Clause Mod: Limit one foe put to sleep
|rule|Species Clause: Limit one of each PokÃ©mon
|rule|OHKO Clause: OHKO moves are banned
|rule|Moody Clause: Moody is banned
|rule|Evasion Moves Clause: Evasion moves are banned
|rule|Endless Battle Clause: Forcing endless battles is banned
|rule|HP Percentage Mod: HP is shown in percentages
|clearpoke
|poke|p1|Raikou
|poke|p1|Beedrill, F
|poke|p1|Florges, F
|poke|p1|Darmanitan, F
|poke|p1|Hydreigon, M
|poke|p1|Gligar, F
|poke|p2|Arcanine, F
|poke|p2|Goodra, F
|poke|p2|Chesnaught, M
|poke|p2|Celebi
|poke|p2|Vaporeon, F
|poke|p2|Aerodactyl, M
|rule|Swagger Clause: Swagger is banned
|rule|Baton Pass Clause: Limit one PokÃ©mon knowing Baton Pass
|teampreview
|
|start
|switch|p1a: Gligar|Gligar, F|334\/334
|switch|p2a: Aeroplane|Aerodactyl, M|302\/302
|-ability|p2a: Aeroplane|Pressure
|turn|1
|
|move|p2a: Aeroplane|Taunt|p1a: Gligar
|-start|p1a: Gligar|move: Taunt
|cant|p1a: Gligar|move: Taunt|Stealth Rock
|
|turn|2
|
|move|p2a: Aeroplane|Stealth Rock|p1a: Gligar
|-sidestart|p1: Typhlosion271|move: Stealth Rock
|move|p1a: Gligar|U-turn|p2a: Aeroplane
|-resisted|p2a: Aeroplane
|-damage|p2a: Aeroplane|271\/302
|
|switch|p1a: Raikou|Raikou|322\/322
|-damage|p1a: Raikou|282\/322|[from] Stealth Rock
|-ability|p1a: Raikou|Pressure
|
|turn|3
|
|switch|p2a: Celebrate|Celebi|396\/396
|move|p1a: Raikou|Volt Switch|p2a: Celebrate
|-resisted|p2a: Celebrate
|-damage|p2a: Celebrate|339\/396
|
|switch|p1a: Gligar|Gligar, F|334\/334
|-damage|p1a: Gligar|293\/334|[from] Stealth Rock
|
|turn|4
|
|move|p2a: Celebrate|Giga Drain|p1a: Gligar
|-damage|p1a: Gligar|187\/334
|-heal|p2a: Celebrate|392\/396|[from] drain|[of] p1a: Gligar
|move|p1a: Gligar|Defog|p2a: Celebrate
|-unboost|p2a: Celebrate|evasion|1
|-sideend|p1: Typhlosion271|Stealth Rock|[from] move: Defog|[of] p1a: Gligar
|
|turn|5
|
|move|p2a: Celebrate|Psychic|p1a: Gligar
|-damage|p1a: Gligar|48\/334
|move|p1a: Gligar|Roost|p1a: Gligar
|-heal|p1a: Gligar|215\/334
|
|turn|6
|
|move|p2a: Celebrate|Giga Drain|p1a: Gligar
|-damage|p1a: Gligar|104\/334
|-heal|p2a: Celebrate|396\/396|[from] drain|[of] p1a: Gligar
|move|p1a: Gligar|U-turn|p2a: Celebrate
|-supereffective|p2a: Celebrate
|-damage|p2a: Celebrate|208\/396
|
|switch|p1a: Darmanitan|Darmanitan, F|351\/351
|
|turn|7
|
|switch|p2a: Vaporize Eet|Vaporeon, F|464\/464
|move|p1a: Darmanitan|U-turn|p2a: Vaporize Eet
|-damage|p2a: Vaporize Eet|371\/464
|
|switch|p1a: Raikou|Raikou|282\/322
|-ability|p1a: Raikou|Pressure
|
|-heal|p2a: Vaporize Eet|400\/464|[from] item: Leftovers
|turn|8
|
|move|p2a: Vaporize Eet|Protect|p2a: Vaporize Eet
|-singleturn|p2a: Vaporize Eet|Protect
|move|p1a: Raikou|Volt Switch|p2a: Vaporize Eet
|-activate|p2a: Vaporize Eet|Protect
|
|-heal|p2a: Vaporize Eet|429\/464|[from] item: Leftovers
|turn|9
|
|switch|p2a: Pooh|Goodra, F|383\/383
|move|p1a: Raikou|Volt Switch|p2a: Pooh
|-crit|p2a: Pooh
|-resisted|p2a: Pooh
|-damage|p2a: Pooh|298\/383
|
|switch|p1a: Beedrill|Beedrill, F|272\/272
|
|-heal|p2a: Pooh|321\/383|[from] item: Leftovers
|turn|10
|
|detailschange|p1a: Beedrill|Beedrill-Mega, F
|message|Beedrill has Mega Evolved into Mega Beedrill!
|move|p1a: Beedrill|U-turn|p2a: Pooh
|-crit|p2a: Pooh
|-damage|p2a: Pooh|0 fnt
|faint|p2a: Pooh
|c|âQuinlanding|aww it didnt go for protect :<
|
|switch|p1a: Raikou|Raikou|282\/322
|-ability|p1a: Raikou|Pressure
|
|
|switch|p2a: Fingerlickingood|Arcanine, F|384\/384
|-ability|p2a: Fingerlickingood|Intimidate|[of] p1a: Raikou
|-unboost|p1a: Raikou|atk|1
|turn|11
|c|âTyphlosion271|Ur slow as heck....
|
|move|p1a: Raikou|Volt Switch|p2a: Fingerlickingood
|-damage|p2a: Fingerlickingood|242\/384
|
|switch|p1a: Gligar|Gligar, F|104\/334
|move|p2a: Fingerlickingood|Fire Blast|p1a: Gligar
|-damage|p1a: Gligar|0 fnt
|faint|p1a: Gligar
|
|
|switch|p1a: Darmanitan|Darmanitan, F|351\/351
|turn|12
|c|âQuinlanding|some people are dum
|
|switch|p2a: Aeroplane|Aerodactyl, M|271\/302
|-ability|p2a: Aeroplane|Pressure
|move|p1a: Darmanitan|Earthquake|p2a: Aeroplane
|-immune|p2a: Aeroplane|[msg]
|
|turn|13
|
|switch|p1a: Raikou|Raikou|282\/322
|-ability|p1a: Raikou|Pressure
|move|p2a: Aeroplane|Stealth Rock|p1a: Raikou
|-sidestart|p1: Typhlosion271|move: Stealth Rock
|
|turn|14
|
|move|p2a: Aeroplane|Stone Edge|p1a: Raikou
|-damage|p1a: Raikou|75\/322
|move|p1a: Raikou|Thunderbolt|p2a: Aeroplane
|-supereffective|p2a: Aeroplane
|-damage|p2a: Aeroplane|0 fnt
|faint|p2a: Aeroplane
|
|
|switch|p2a: Celebrate|Celebi|208\/396
|turn|15
|
|switch|p1a: Florges|Florges, F|360\/360
|-damage|p1a: Florges|315\/360|[from] Stealth Rock
|move|p2a: Celebrate|Giga Drain|p1a: Florges
|-damage|p1a: Florges|240\/360
|-heal|p2a: Celebrate|246\/396|[from] drain|[of] p1a: Florges
|
|-heal|p1a: Florges|262\/360|[from] item: Leftovers
|turn|16
|
|move|p2a: Celebrate|Charge Beam|p1a: Florges
|-damage|p1a: Florges|224\/360
|-boost|p2a: Celebrate|spa|1
|move|p1a: Florges|Wish|p1a: Florges
|
|-heal|p1a: Florges|246\/360|[from] item: Leftovers
|turn|17
|
|move|p2a: Celebrate|Giga Drain|p1a: Florges
|-damage|p1a: Florges|135\/360
|-heal|p2a: Celebrate|302\/396|[from] drain|[of] p1a: Florges
|move|p1a: Florges|Moonblast|p2a: Celebrate
|-damage|p2a: Celebrate|221\/396
|
|-heal|p1a: Florges|315\/360|[from] move: Wish|[wisher] Florges
|-heal|p1a: Florges|337\/360|[from] item: Leftovers
|turn|18
|
|switch|p1a: Beedrill|Beedrill-Mega, F|272\/272
|-damage|p1a: Beedrill|204\/272|[from] Stealth Rock
|move|p2a: Celebrate|Charge Beam|p1a: Beedrill
|-damage|p1a: Beedrill|105\/272
|-boost|p2a: Celebrate|spa|1
|
|turn|19
|
|switch|p2a: Naughty|Chesnaught, M|380\/380
|move|p1a: Beedrill|Poison Jab|p2a: Naughty
|-supereffective|p2a: Naughty
|-damage|p2a: Naughty|100\/380
|-damage|p1a: Beedrill|60\/272|[from] item: Rocky Helmet|[of] p2a: Naughty
|
|turn|20
|
|move|p1a: Beedrill|Protect|p1a: Beedrill
|-singleturn|p1a: Beedrill|Protect
|move|p2a: Naughty|Spiky Shield|p2a: Naughty
|-fail|p2a: Naughty
|
|turn|21
|
|move|p2a: Naughty|Spiky Shield|p2a: Naughty
|-singleturn|p2a: Naughty|move: Protect
|move|p1a: Beedrill|Drill Run|p2a: Naughty
|-activate|p2a: Naughty|move: Protect
|-damage|p1a: Beedrill|26\/272|[from] Spiky Shield|[of] p2a: Naughty
|
|turn|22
|
|switch|p2a: Vaporize Eet|Vaporeon, F|429\/464
|move|p1a: Beedrill|Poison Jab|p2a: Vaporize Eet
|-damage|p2a: Vaporize Eet|211\/464
|
|-heal|p2a: Vaporize Eet|240\/464|[from] item: Leftovers
|turn|23
|
|switch|p2a: Naughty|Chesnaught, M|100\/380
|move|p1a: Beedrill|Poison Jab|p2a: Naughty
|-supereffective|p2a: Naughty
|-damage|p2a: Naughty|0 fnt
|-damage|p1a: Beedrill|0 fnt|[from] item: Rocky Helmet|[of] p2a: Naughty
|faint|p1a: Beedrill
|faint|p2a: Naughty
|
|c|âQuinlanding|lol oops
|c|âTyphlosion271|i wont u turn cuz rocks
|
|switch|p1a: Hydreigon|Hydreigon, M|325\/325
|switch|p2a: Fingerlickingood|Arcanine, F|242\/384
|-damage|p1a: Hydreigon|285\/325|[from] Stealth Rock
|-ability|p2a: Fingerlickingood|Intimidate|[of] p1a: Hydreigon
|-unboost|p1a: Hydreigon|atk|1
|turn|24
|
|move|p1a: Hydreigon|Draco Meteor|p2a: Fingerlickingood|[miss]
|-miss|p1a: Hydreigon|p2a: Fingerlickingood
|move|p2a: Fingerlickingood|Close Combat|p1a: Hydreigon
|-supereffective|p1a: Hydreigon
|-damage|p1a: Hydreigon|0 fnt
|-unboost|p2a: Fingerlickingood|def|1
|-unboost|p2a: Fingerlickingood|spd|1
|faint|p1a: Hydreigon
|
|
|switch|p1a: Darmanitan|Darmanitan, F|351\/351
|-damage|p1a: Darmanitan|264\/351|[from] Stealth Rock
|turn|25
|c|âQuinlanding|yeah that was the idea behind rocky helmeting you
|
|switch|p2a: Vaporize Eet|Vaporeon, F|240\/464
|move|p1a: Darmanitan|Flare Blitz|p2a: Vaporize Eet
|-resisted|p2a: Vaporize Eet
|-damage|p2a: Vaporize Eet|84\/464
|-damage|p1a: Darmanitan|213\/351|[from] recoil|[of] p2a: Vaporize Eet
|
|-heal|p2a: Vaporize Eet|113\/464|[from] item: Leftovers
|turn|26
|
|move|p2a: Vaporize Eet|Protect|p2a: Vaporize Eet
|-singleturn|p2a: Vaporize Eet|Protect
|move|p1a: Darmanitan|Flare Blitz|p2a: Vaporize Eet
|-activate|p2a: Vaporize Eet|Protect
|
|-heal|p2a: Vaporize Eet|142\/464|[from] item: Leftovers
|turn|27
|
|move|p1a: Darmanitan|Flare Blitz|p2a: Vaporize Eet
|-resisted|p2a: Vaporize Eet
|-damage|p2a: Vaporize Eet|0 fnt
|-damage|p1a: Darmanitan|166\/351|[from] recoil|[of] p2a: Vaporize Eet
|faint|p2a: Vaporize Eet
|
|
|switch|p2a: Fingerlickingood|Arcanine, F|242\/384
|-ability|p2a: Fingerlickingood|Intimidate|[of] p1a: Darmanitan
|-unboost|p1a: Darmanitan|atk|1
|turn|28
|
|switch|p1a: Florges|Florges, F|337\/360
|-damage|p1a: Florges|292\/360|[from] Stealth Rock
|move|p2a: Fingerlickingood|Bulldoze|p1a: Florges
|-damage|p1a: Florges|226\/360
|-unboost|p1a: Florges|spe|1
|
|-heal|p1a: Florges|248\/360|[from] item: Leftovers
|turn|29
|
|move|p2a: Fingerlickingood|Fire Blast|p1a: Florges
|-damage|p1a: Florges|172\/360
|move|p1a: Florges|Moonblast|p2a: Fingerlickingood
|-resisted|p2a: Fingerlickingood
|-damage|p2a: Fingerlickingood|194\/384
|
|-heal|p1a: Florges|194\/360|[from] item: Leftovers
|turn|30
|
|move|p2a: Fingerlickingood|Extreme Speed|p1a: Florges
|-damage|p1a: Florges|95\/360
|move|p1a: Florges|Moonblast|p2a: Fingerlickingood
|-resisted|p2a: Fingerlickingood
|-damage|p2a: Fingerlickingood|143\/384
|
|-heal|p1a: Florges|117\/360|[from] item: Leftovers
|turn|31
|
|move|p2a: Fingerlickingood|Extreme Speed|p1a: Florges
|-damage|p1a: Florges|17\/360
|move|p1a: Florges|Moonblast|p2a: Fingerlickingood
|-resisted|p2a: Fingerlickingood
|-damage|p2a: Fingerlickingood|92\/384
|
|-heal|p1a: Florges|39\/360|[from] item: Leftovers
|turn|32
|
|move|p2a: Fingerlickingood|Extreme Speed|p1a: Florges
|-damage|p1a: Florges|0 fnt
|faint|p1a: Florges
|
|c|âTyphlosion271|gg
|-message|Typhlosion271 forfeited.
|
|win|Quinlanding
|raw|Ladder updating...
|leave|Typhlosion271
|player|p1
|raw|Typhlosion271's rating: 1238 &rarr; <strong>1208<\/strong><br \/>(-30 for losing)
|raw|Quinlanding's rating: 1171 &rarr; <strong>1201<\/strong><br \/>(+30 for winning)