|join|DerpaniteX
|join|skolz
|player|p1|DerpaniteX|122
|player|p2|skolz|260
|gametype|singles
|gen|6
|tier|UU
|rated
|rule|Sleep Clause Mod: Limit one foe put to sleep
|rule|Species Clause: Limit one of each PokÃ©mon
|rule|OHKO Clause: OHKO moves are banned
|rule|Moody Clause: Moody is banned
|rule|Evasion Moves Clause: Evasion moves are banned
|rule|Endless Battle Clause: Forcing endless battles is banned
|rule|HP Percentage Mod: HP is shown in percentages
|clearpoke
|poke|p1|Nidoqueen, F
|poke|p1|Blastoise, F
|poke|p1|Whimsicott, F
|poke|p1|Entei, shiny
|poke|p1|Lucario, F
|poke|p1|Hydreigon, M
|poke|p2|Suicune
|poke|p2|Krookodile, F
|poke|p2|Crobat, M
|poke|p2|Jirachi, shiny
|poke|p2|Florges, F
|poke|p2|Machamp, M
|rule|Swagger Clause: Swagger is banned
|rule|Baton Pass Clause: Limit one PokÃ©mon knowing Baton Pass
|teampreview
|
|start
|switch|p1a: Nidoqueen|Nidoqueen, F|353\/353
|switch|p2a: Machamp|Machamp, M|362\/362
|turn|1
|
|move|p1a: Nidoqueen|Sludge Wave|p2a: Machamp
|-damage|p2a: Machamp|185\/362
|move|p2a: Machamp|Ice Punch|p1a: Nidoqueen
|-supereffective|p1a: Nidoqueen
|-damage|p1a: Nidoqueen|137\/353
|
|turn|2
|
|move|p1a: Nidoqueen|Stealth Rock|p2a: Machamp
|-sidestart|p2: skolz|move: Stealth Rock
|move|p2a: Machamp|Ice Punch|p1a: Nidoqueen
|-supereffective|p1a: Nidoqueen
|-damage|p1a: Nidoqueen|0 fnt
|faint|p1a: Nidoqueen
|
|
|switch|p1a: Entei|Entei, shiny|372\/372
|-ability|p1a: Entei|Pressure
|turn|3
|
|switch|p2a: Suicune|Suicune|401\/401
|-damage|p2a: Suicune|351\/401|[from] Stealth Rock
|-ability|p2a: Suicune|Pressure
|move|p1a: Entei|Sacred Fire|p2a: Suicune|[miss]
|-miss|p1a: Entei|p2a: Suicune
|
|-heal|p2a: Suicune|376\/401|[from] item: Leftovers
|turn|4
|
|switch|p1a: Whimsicott|Whimsicott, F|272\/272
|switch|p2a: Crobat|Crobat, M|349\/349
|-damage|p2a: Crobat|262\/349|[from] Stealth Rock
|
|-heal|p2a: Crobat|283\/349|[from] item: Black Sludge
|turn|5
|
|switch|p1a: Entei|Entei, shiny|372\/372
|-ability|p1a: Entei|Pressure
|move|p2a: Crobat|Defog|p1a: Entei
|-unboost|p1a: Entei|evasion|1
|-sideend|p2: skolz|Stealth Rock|[from] move: Defog|[of] p2a: Crobat
|
|-heal|p2a: Crobat|304\/349|[from] item: Black Sludge
|turn|6
|
|move|p2a: Crobat|U-turn|p1a: Entei
|-resisted|p1a: Entei
|-damage|p1a: Entei|338\/372
|
|switch|p2a: Suicune|Suicune|376\/401
|-ability|p2a: Suicune|Pressure
|move|p1a: Entei|Sacred Fire|p2a: Suicune
|-resisted|p2a: Suicune
|-damage|p2a: Suicune|291\/401
|
|-heal|p2a: Suicune|316\/401|[from] item: Leftovers
|turn|7
|
|switch|p1a: Whimsicott|Whimsicott, F|272\/272
|move|p2a: Suicune|Scald|p1a: Whimsicott
|-resisted|p1a: Whimsicott
|-damage|p1a: Whimsicott|221\/272
|
|-heal|p1a: Whimsicott|238\/272|[from] item: Leftovers
|-heal|p2a: Suicune|341\/401|[from] item: Leftovers
|turn|8
|
|move|p1a: Whimsicott|U-turn|p2a: Suicune
|-damage|p2a: Suicune|319\/401
|
|switch|p1a: Blastoise|Blastoise, F|358\/358
|move|p2a: Suicune|Scald|p1a: Blastoise
|-resisted|p1a: Blastoise
|-damage|p1a: Blastoise|314\/358
|
|-heal|p2a: Suicune|344\/401|[from] item: Leftovers
|turn|9
|
|switch|p2a: Florges|Florges, F|359\/359
|detailschange|p1a: Blastoise|Blastoise-Mega, F
|message|Blastoise has Mega Evolved into Mega Blastoise!
|move|p1a: Blastoise|Scald|p2a: Florges
|-damage|p2a: Florges|251\/359
|-status|p2a: Florges|brn
|
|-heal|p2a: Florges|273\/359 brn|[from] item: Leftovers
|-damage|p2a: Florges|229\/359 brn|[from] brn
|turn|10
|
|switch|p1a: Lucario|Lucario, F|281\/281
|move|p2a: Florges|Aromatherapy|p2a: Florges
|-cureteam|p2a: Florges|[from] move: Aromatherapy
|
|-heal|p2a: Florges|251\/359|[from] item: Leftovers
|turn|11
|
|switch|p2a: Krookodile|Krookodile, F|393\/393
|-ability|p2a: Krookodile|Intimidate|[of] p1a: Lucario
|-unboost|p1a: Lucario|atk|1
|move|p1a: Lucario|Iron Tail|p2a: Krookodile
|-damage|p2a: Krookodile|279\/393
|-unboost|p2a: Krookodile|def|1
|-damage|p1a: Lucario|253\/281|[from] item: Life Orb
|
|-heal|p2a: Krookodile|303\/393|[from] item: Leftovers
|turn|12
|
|switch|p2a: Crobat|Crobat, M|304\/349
|move|p1a: Lucario|Close Combat|p2a: Crobat
|-resisted|p2a: Crobat
|-damage|p2a: Crobat|257\/349
|-unboost|p1a: Lucario|def|1
|-unboost|p1a: Lucario|spd|1
|-damage|p1a: Lucario|225\/281|[from] item: Life Orb
|
|-heal|p2a: Crobat|278\/349|[from] item: Black Sludge
|turn|13
|
|switch|p1a: Blastoise|Blastoise-Mega, F|314\/358
|move|p2a: Crobat|Brave Bird|p1a: Blastoise
|-damage|p1a: Blastoise|182\/358
|-damage|p2a: Crobat|234\/349|[from] recoil|[of] p1a: Blastoise
|
|-heal|p2a: Crobat|255\/349|[from] item: Black Sludge
|turn|14
|
|move|p2a: Crobat|U-turn|p1a: Blastoise
|-damage|p1a: Blastoise|128\/358
|
|switch|p2a: Florges|Florges, F|251\/359
|move|p1a: Blastoise|Scald|p2a: Florges
|-damage|p2a: Florges|154\/359
|-status|p2a: Florges|brn
|
|-heal|p2a: Florges|176\/359 brn|[from] item: Leftovers
|-damage|p2a: Florges|132\/359 brn|[from] brn
|turn|15
|c|âskolz|rofl
|
|switch|p1a: Entei|Entei, shiny|338\/372
|-ability|p1a: Entei|Pressure
|move|p2a: Florges|Moonblast|p1a: Entei
|-resisted|p1a: Entei
|-damage|p1a: Entei|255\/372
|
|-heal|p2a: Florges|154\/359 brn|[from] item: Leftovers
|-damage|p2a: Florges|110\/359 brn|[from] brn
|turn|16
|
|move|p1a: Entei|Sacred Fire|p2a: Florges
|-damage|p2a: Florges|0 fnt
|faint|p2a: Florges
|
|
|switch|p2a: Krookodile|Krookodile, F|303\/393
|-ability|p2a: Krookodile|Intimidate|[of] p1a: Entei
|-unboost|p1a: Entei|atk|1
|turn|17
|
|switch|p1a: Whimsicott|Whimsicott, F|238\/272
|move|p2a: Krookodile|Stealth Rock|p1a: Whimsicott
|-sidestart|p1: DerpaniteX|move: Stealth Rock
|
|-heal|p1a: Whimsicott|255\/272|[from] item: Leftovers
|-heal|p2a: Krookodile|327\/393|[from] item: Leftovers
|turn|18
|
|switch|p2a: Crobat|Crobat, M|255\/349
|move|p1a: Whimsicott|U-turn|p2a: Crobat
|-resisted|p2a: Crobat
|-damage|p2a: Crobat|244\/349
|
|switch|p1a: Hydreigon|Hydreigon, M|326\/326
|-damage|p1a: Hydreigon|286\/326|[from] Stealth Rock
|
|-heal|p2a: Crobat|265\/349|[from] item: Black Sludge
|turn|19
|
|switch|p2a: Jirachi|Jirachi, shiny|404\/404
|move|p1a: Hydreigon|Draco Meteor|p2a: Jirachi
|-resisted|p2a: Jirachi
|-damage|p2a: Jirachi|286\/404
|-unboost|p1a: Hydreigon|spa|2
|
|-heal|p2a: Jirachi|311\/404|[from] item: Leftovers
|turn|20
|
|switch|p1a: Whimsicott|Whimsicott, F|255\/272
|-damage|p1a: Whimsicott|221\/272|[from] Stealth Rock
|move|p2a: Jirachi|Psyshock|p1a: Whimsicott
|-damage|p1a: Whimsicott|110\/272
|
|-heal|p1a: Whimsicott|127\/272|[from] item: Leftovers
|-heal|p2a: Jirachi|336\/404|[from] item: Leftovers
|turn|21
|
|move|p1a: Whimsicott|U-turn|p2a: Jirachi
|-damage|p2a: Jirachi|304\/404
|
|switch|p1a: Hydreigon|Hydreigon, M|286\/326
|-damage|p1a: Hydreigon|246\/326|[from] Stealth Rock
|move|p2a: Jirachi|Moonblast|p1a: Hydreigon
|-supereffective|p1a: Hydreigon
|-damage|p1a: Hydreigon|0 fnt
|faint|p1a: Hydreigon
|
|-heal|p2a: Jirachi|329\/404|[from] item: Leftovers
|
|switch|p1a: Entei|Entei, shiny|255\/372
|-damage|p1a: Entei|162\/372|[from] Stealth Rock
|-ability|p1a: Entei|Pressure
|turn|22
|
|switch|p2a: Suicune|Suicune|344\/401
|-ability|p2a: Suicune|Pressure
|move|p1a: Entei|Sacred Fire|p2a: Suicune
|-resisted|p2a: Suicune
|-damage|p2a: Suicune|256\/401
|-status|p2a: Suicune|brn
|
|-heal|p2a: Suicune|281\/401 brn|[from] item: Leftovers
|-damage|p2a: Suicune|231\/401 brn|[from] brn
|turn|23
|
|switch|p1a: Blastoise|Blastoise-Mega, F|128\/358
|-damage|p1a: Blastoise|84\/358|[from] Stealth Rock
|move|p2a: Suicune|Rest|p2a: Suicune
|-status|p2a: Suicune|slp
|-heal|p2a: Suicune|401\/401 slp|[silent]
|-status|p2a: Suicune|slp|[from] move: Rest
|
|turn|24
|
|switch|p2a: Crobat|Crobat, M|265\/349
|move|p1a: Blastoise|Rapid Spin|p2a: Crobat
|-damage|p2a: Crobat|247\/349
|-sideend|p1: DerpaniteX|Stealth Rock|[from] move: Rapid Spin|[of] p1a: Blastoise
|
|-heal|p2a: Crobat|268\/349|[from] item: Black Sludge
|turn|25
|
|move|p2a: Crobat|Brave Bird|p1a: Blastoise
|-damage|p1a: Blastoise|0 fnt
|-damage|p2a: Crobat|240\/349|[from] recoil|[of] p1a: Blastoise
|faint|p1a: Blastoise
|
|-heal|p2a: Crobat|261\/349|[from] item: Black Sludge
|
|switch|p1a: Lucario|Lucario, F|225\/281
|turn|26
|
|move|p2a: Crobat|Brave Bird|p1a: Lucario
|-damage|p1a: Lucario|23\/281
|-damage|p2a: Crobat|194\/349|[from] recoil|[of] p1a: Lucario
|move|p1a: Lucario|Swords Dance|p1a: Lucario
|-boost|p1a: Lucario|atk|2
|
|-heal|p2a: Crobat|215\/349|[from] item: Black Sludge
|turn|27
|-message|DerpaniteX forfeited.
|
|win|skolz
|raw|Ladder updating...
|leave|DerpaniteX
|player|p1
|raw|DerpaniteX's rating: 1333 &rarr; <strong>1315<\/strong><br \/>(-18 for losing)
|raw|skolz's rating: 1372 &rarr; <strong>1390<\/strong><br \/>(+18 for winning)