|join|uunubnub
|join|LiberalLucario
|player|p1|uunubnub|3
|player|p2|LiberalLucario|290
|gametype|singles
|gen|6
|tier|UU
|rated
|rule|Sleep Clause Mod: Limit one foe put to sleep
|rule|Species Clause: Limit one of each PokÃ©mon
|rule|OHKO Clause: OHKO moves are banned
|rule|Moody Clause: Moody is banned
|rule|Evasion Moves Clause: Evasion moves are banned
|rule|Endless Battle Clause: Forcing endless battles is banned
|rule|HP Percentage Mod: HP is shown in percentages
|clearpoke
|poke|p1|Crobat, M
|poke|p1|Swampert, F
|poke|p1|Machamp, M
|poke|p1|Reuniclus, F
|poke|p1|Zygarde
|poke|p1|Jirachi
|poke|p2|Beedrill, M
|poke|p2|Raikou
|poke|p2|Swampert, F
|poke|p2|Whimsicott, F
|poke|p2|Crobat, F
|poke|p2|Jirachi
|rule|Swagger Clause: Swagger is banned
|rule|Baton Pass Clause: Limit one PokÃ©mon knowing Baton Pass
|teampreview
|join|Volbeatdown
|
|start
|switch|p1a: Zygarde|Zygarde|419\/419
|switch|p2a: Beedrill|Beedrill, M|272\/272
|-ability|p1a: Zygarde|Aura Break
|turn|1
|
|detailschange|p2a: Beedrill|Beedrill-Mega, M
|message|Beedrill has Mega Evolved into Mega Beedrill!
|move|p2a: Beedrill|Protect|p2a: Beedrill
|-singleturn|p2a: Beedrill|Protect
|move|p1a: Zygarde|Extreme Speed|p2a: Beedrill
|-activate|p2a: Beedrill|Protect
|
|turn|2
|
|switch|p2a: Whimsicott|Whimsicott, F|261\/261
|move|p1a: Zygarde|Coil|p1a: Zygarde
|-boost|p1a: Zygarde|atk|1
|-boost|p1a: Zygarde|def|1
|-boost|p1a: Zygarde|accuracy|1
|
|turn|3
|
|move|p1a: Zygarde|Extreme Speed|p2a: Whimsicott
|-damage|p2a: Whimsicott|99\/261
|move|p2a: Whimsicott|Moonblast|p1a: Zygarde
|-supereffective|p1a: Zygarde
|-damage|p1a: Zygarde|177\/419
|-unboost|p1a: Zygarde|spa|1
|
|-heal|p2a: Whimsicott|115\/261|[from] item: Leftovers
|-heal|p1a: Zygarde|203\/419|[from] item: Leftovers
|turn|4
|
|switch|p2a: Swampert|Swampert, F|404\/404
|move|p1a: Zygarde|Substitute|p1a: Zygarde
|-start|p1a: Zygarde|Substitute
|-damage|p1a: Zygarde|99\/419
|
|-heal|p1a: Zygarde|125\/419|[from] item: Leftovers
|turn|5
|
|move|p1a: Zygarde|Earthquake|p2a: Swampert
|-damage|p2a: Swampert|202\/404
|move|p2a: Swampert|Roar|p1a: Zygarde
|drag|p1a: Jirachi|Jirachi|397\/397
|
|-heal|p2a: Swampert|227\/404|[from] item: Leftovers
|turn|6
|
|switch|p1a: Reuniclus|Reuniclus, F|409\/409
|move|p2a: Swampert|Stealth Rock|p1a: Reuniclus
|-sidestart|p1: uunubnub|move: Stealth Rock
|
|-heal|p2a: Swampert|252\/404|[from] item: Leftovers
|turn|7
|
|move|p1a: Reuniclus|Shadow Ball|p2a: Swampert
|-damage|p2a: Swampert|97\/404
|move|p2a: Swampert|Roar|p1a: Reuniclus
|drag|p1a: Jirachi|Jirachi|397\/397
|-damage|p1a: Jirachi|373\/397|[from] Stealth Rock
|
|-heal|p1a: Jirachi|397\/397|[from] item: Leftovers
|-heal|p2a: Swampert|122\/404|[from] item: Leftovers
|turn|8
|
|move|p1a: Jirachi|Zen Headbutt|p2a: Swampert
|-damage|p2a: Swampert|14\/404
|cant|p2a: Swampert|flinch
|
|-heal|p2a: Swampert|39\/404|[from] item: Leftovers
|turn|9
|
|switch|p2a: Jirachi|Jirachi|362\/362
|move|p1a: Jirachi|Iron Head|p2a: Jirachi
|-resisted|p2a: Jirachi
|-damage|p2a: Jirachi|301\/362
|
|turn|10
|
|move|p2a: Jirachi|Iron Head|p1a: Jirachi
|-resisted|p1a: Jirachi
|-damage|p1a: Jirachi|345\/397
|move|p1a: Jirachi|Thunder Wave|p2a: Jirachi
|-status|p2a: Jirachi|par
|
|-heal|p1a: Jirachi|369\/397|[from] item: Leftovers
|turn|11
|
|switch|p2a: Raikou|Raikou|322\/322
|-ability|p2a: Raikou|Pressure
|move|p1a: Jirachi|Iron Head|p2a: Raikou
|-resisted|p2a: Raikou
|-damage|p2a: Raikou|238\/322
|
|-heal|p1a: Jirachi|393\/397|[from] item: Leftovers
|turn|12
|
|switch|p1a: Swampert|Swampert, F|385\/385
|-damage|p1a: Swampert|361\/385|[from] Stealth Rock
|move|p2a: Raikou|Volt Switch|p1a: Swampert
|-immune|p1a: Swampert|[msg]
|
|turn|13
|join|Pkmn Champ Lance
|
|switch|p2a: Whimsicott|Whimsicott, F|115\/261
|detailschange|p1a: Swampert|Swampert-Mega, F
|message|Swampert has Mega Evolved into Mega Swampert!
|move|p1a: Swampert|Yawn|p2a: Whimsicott
|-start|p2a: Whimsicott|move: Yawn|[of] p1a: Swampert
|
|-heal|p2a: Whimsicott|131\/261|[from] item: Leftovers
|turn|14
|
|switch|p1a: Jirachi|Jirachi|393\/397
|-damage|p1a: Jirachi|369\/397|[from] Stealth Rock
|move|p2a: Whimsicott|Giga Drain|p1a: Jirachi
|-resisted|p1a: Jirachi
|-damage|p1a: Jirachi|324\/397
|-heal|p2a: Whimsicott|154\/261|[from] drain|[of] p1a: Jirachi
|
|-status|p2a: Whimsicott|slp
|-heal|p2a: Whimsicott|170\/261 slp|[from] item: Leftovers
|-heal|p1a: Jirachi|348\/397|[from] item: Leftovers
|turn|15
|
|switch|p2a: Jirachi|Jirachi|301\/362 par
|move|p1a: Jirachi|Iron Head|p2a: Jirachi
|-resisted|p2a: Jirachi
|-damage|p2a: Jirachi|237\/362 par
|
|-heal|p1a: Jirachi|372\/397|[from] item: Leftovers
|turn|16
|
|move|p1a: Jirachi|Zen Headbutt|p2a: Jirachi
|-resisted|p2a: Jirachi
|-damage|p2a: Jirachi|205\/362 par
|move|p2a: Jirachi|Healing Wish|p2a: Jirachi
|faint|p2a: Jirachi
|
|-heal|p1a: Jirachi|396\/397|[from] item: Leftovers
|
|switch|p2a: Swampert|Swampert, F|39\/404
|-heal|p2a: Swampert|404\/404|[from] move: Healing Wish
|turn|17
|
|move|p1a: Jirachi|Iron Head|p2a: Swampert
|-resisted|p2a: Swampert
|-damage|p2a: Swampert|357\/404
|cant|p2a: Swampert|flinch
|
|-heal|p1a: Jirachi|397\/397|[from] item: Leftovers
|-heal|p2a: Swampert|382\/404|[from] item: Leftovers
|turn|18
|
|switch|p1a: Crobat|Crobat, M|373\/373
|-damage|p1a: Crobat|280\/373|[from] Stealth Rock
|move|p2a: Swampert|Earthquake|p1a: Crobat
|-immune|p1a: Crobat|[msg]
|
|-heal|p1a: Crobat|303\/373|[from] item: Black Sludge
|-heal|p2a: Swampert|404\/404|[from] item: Leftovers
|turn|19
|
|move|p1a: Crobat|Defog|p2a: Swampert
|-unboost|p2a: Swampert|evasion|1
|-sideend|p1: uunubnub|Stealth Rock|[from] move: Defog|[of] p1a: Crobat
|move|p2a: Swampert|Scald|p1a: Crobat
|-damage|p1a: Crobat|207\/373
|-status|p1a: Crobat|brn
|
|-heal|p1a: Crobat|230\/373 brn|[from] item: Black Sludge
|-damage|p1a: Crobat|184\/373 brn|[from] brn
|turn|20
|
|switch|p1a: Reuniclus|Reuniclus, F|409\/409
|move|p2a: Swampert|Earthquake|p1a: Reuniclus
|-damage|p1a: Reuniclus|262\/409
|
|turn|21
|
|move|p2a: Swampert|Earthquake|p1a: Reuniclus
|-damage|p1a: Reuniclus|120\/409
|move|p1a: Reuniclus|Energy Ball|p2a: Swampert
|-supereffective|p2a: Swampert
|-damage|p2a: Swampert|0 fnt
|faint|p2a: Swampert
|
|
|switch|p2a: Beedrill|Beedrill-Mega, M|272\/272
|turn|22
|
|switch|p1a: Crobat|Crobat, M|184\/373 brn
|move|p2a: Beedrill|U-turn|p1a: Crobat
|-resisted|p1a: Crobat
|-damage|p1a: Crobat|132\/373 brn
|
|switch|p2a: Crobat|Crobat, F|374\/374
|
|-heal|p1a: Crobat|155\/373 brn|[from] item: Black Sludge
|-damage|p1a: Crobat|109\/373 brn|[from] brn
|turn|23
|
|move|p2a: Crobat|Brave Bird|p1a: Crobat
|-damage|p1a: Crobat|0 fnt
|-damage|p2a: Crobat|338\/374|[from] recoil|[of] p1a: Crobat
|faint|p1a: Crobat
|
|-heal|p2a: Crobat|361\/374|[from] item: Black Sludge
|
|switch|p1a: Swampert|Swampert-Mega, F|361\/385
|turn|24
|
|move|p2a: Crobat|Brave Bird|p1a: Swampert
|-damage|p1a: Swampert|247\/385
|-damage|p2a: Crobat|323\/374|[from] recoil|[of] p1a: Swampert
|move|p1a: Swampert|Waterfall|p2a: Crobat
|-damage|p2a: Crobat|98\/374
|
|-heal|p2a: Crobat|121\/374|[from] item: Black Sludge
|turn|25
|
|move|p2a: Crobat|Brave Bird|p1a: Swampert
|-damage|p1a: Swampert|118\/385
|-damage|p2a: Crobat|78\/374|[from] recoil|[of] p1a: Swampert
|move|p1a: Swampert|Waterfall|p2a: Crobat
|-damage|p2a: Crobat|0 fnt
|faint|p2a: Crobat
|
|join|I3Magikarp
|
|switch|p2a: Beedrill|Beedrill-Mega, M|272\/272
|turn|26
|
|move|p2a: Beedrill|U-turn|p1a: Swampert
|-damage|p1a: Swampert|0 fnt
|faint|p1a: Swampert
|
|switch|p2a: Raikou|Raikou|238\/322
|-ability|p2a: Raikou|Pressure
|
|
|switch|p1a: Machamp|Machamp, M|383\/383
|turn|27
|
|move|p2a: Raikou|Volt Switch|p1a: Machamp
|-damage|p1a: Machamp|244\/383
|
|switch|p2a: Whimsicott|Whimsicott, F|170\/261 slp
|move|p1a: Machamp|Earthquake|p2a: Whimsicott
|-resisted|p2a: Whimsicott
|-damage|p2a: Whimsicott|57\/261 slp
|
|-heal|p2a: Whimsicott|73\/261 slp|[from] item: Leftovers
|turn|28
|
|cant|p2a: Whimsicott|slp
|move|p1a: Machamp|Earthquake|p2a: Whimsicott
|-resisted|p2a: Whimsicott
|-damage|p2a: Whimsicott|0 fnt
|faint|p2a: Whimsicott
|
|
|switch|p2a: Beedrill|Beedrill-Mega, M|272\/272
|turn|29
|
|switch|p1a: Reuniclus|Reuniclus, F|120\/409
|move|p2a: Beedrill|Poison Jab|p1a: Reuniclus
|-crit|p1a: Reuniclus
|-damage|p1a: Reuniclus|0 fnt
|faint|p1a: Reuniclus
|
|
|switch|p1a: Machamp|Machamp, M|244\/383
|turn|30
|
|move|p1a: Machamp|Bullet Punch|p2a: Beedrill
|-damage|p2a: Beedrill|106\/272
|move|p2a: Beedrill|Poison Jab|p1a: Machamp
|-damage|p1a: Machamp|10\/383
|
|turn|31
|
|switch|p2a: Raikou|Raikou|238\/322
|-ability|p2a: Raikou|Pressure
|move|p1a: Machamp|Bullet Punch|p2a: Raikou
|-resisted|p2a: Raikou
|-damage|p2a: Raikou|191\/322
|
|turn|32
|
|switch|p1a: Jirachi|Jirachi|397\/397
|move|p2a: Raikou|Volt Switch|p1a: Jirachi
|-damage|p1a: Jirachi|277\/397
|
|switch|p2a: Beedrill|Beedrill-Mega, M|106\/272
|
|-heal|p1a: Jirachi|301\/397|[from] item: Leftovers
|turn|33
|
|move|p2a: Beedrill|U-turn|p1a: Jirachi
|-damage|p1a: Jirachi|119\/397
|
|switch|p2a: Raikou|Raikou|191\/322
|-ability|p2a: Raikou|Pressure
|move|p1a: Jirachi|Healing Wish|p1a: Jirachi
|faint|p1a: Jirachi
|
|
|switch|p1a: Zygarde|Zygarde|125\/419
|-heal|p1a: Zygarde|419\/419|[from] move: Healing Wish
|-ability|p1a: Zygarde|Aura Break
|turn|34
|
|move|p2a: Raikou|Hidden Power|p1a: Zygarde
|-supereffective|p1a: Zygarde
|-damage|p1a: Zygarde|64\/419
|move|p1a: Zygarde|Earthquake|p2a: Raikou
|-supereffective|p2a: Raikou
|-damage|p2a: Raikou|0 fnt
|faint|p2a: Raikou
|
|-heal|p1a: Zygarde|90\/419|[from] item: Leftovers
|c|âuunubnub|gg
|
|switch|p2a: Beedrill|Beedrill-Mega, M|106\/272
|turn|35
|
|move|p1a: Zygarde|Extreme Speed|p2a: Beedrill
|-damage|p2a: Beedrill|0 fnt
|faint|p2a: Beedrill
|
|win|uunubnub
|raw|Ladder updating...
|raw|uunubnub's rating: 1382 &rarr; <strong>1404<\/strong><br \/>(+22 for winning)
|raw|LiberalLucario's rating: 1407 &rarr; <strong>1386<\/strong><br \/>(-21 for losing)
|leave|Volbeatdown
|leave|LiberalLucario
|player|p2
|leave|I3Magikarp
|leave|Pkmn Champ Lance