|join|uunubnub
|join|KingsDown27
|player|p1|uunubnub|3
|player|p2|KingsDown27|103
|gametype|singles
|gen|6
|tier|UU
|rated
|rule|Sleep Clause Mod: Limit one foe put to sleep
|rule|Species Clause: Limit one of each Pokemon
|rule|OHKO Clause: OHKO moves are banned
|rule|Moody Clause: Moody is banned
|rule|Evasion Moves Clause: Evasion moves are banned
|rule|Endless Battle Clause: Forcing endless battles is banned.
|rule|HP Percentage Mod: HP is reported as percentages
|clearpoke
|poke|p1|Quagsire, F
|poke|p1|Florges, F
|poke|p1|Mienshao, F
|poke|p1|Houndoom, F, shiny
|poke|p1|Blastoise, M
|poke|p1|Nidoqueen, F
|poke|p2|Porygon-Z
|poke|p2|Entei, shiny
|poke|p2|Galvantula, F
|poke|p2|Florges, F
|poke|p2|Hippowdon, F
|poke|p2|Blastoise, M
|teampreview
|
|start
|switch|p1a: Blue|Houndoom, F, shiny|292\/292
|switch|p2a: Hippowdon|Hippowdon, F|420\/420
|turn|1
|
|switch|p1a: Blue|Blastoise, M|362\/362
|move|p2a: Hippowdon|Earthquake|p1a: Blue
|-damage|p1a: Blue|223\/362
|
|turn|2
|
|switch|p2a: Florges|Florges, F|346\/346
|-formechange|p1a: Blue|Blastoise-Mega
|message|Blastoise has Mega Evolved into Mega Blastoise!
|move|p1a: Blue|Dark Pulse|p2a: Florges
|-resisted|p2a: Florges
|-damage|p2a: Florges|303\/346
|
|-heal|p2a: Florges|324\/346|[from] item: Leftovers
|turn|3
|
|switch|p1a: Blue|Nidoqueen, F|346\/346
|switch|p2a: Hippowdon|Hippowdon, F|420\/420
|
|turn|4
|
|move|p1a: Blue|Stealth Rock|p2a: Hippowdon
|-sidestart|p2: KingsDown27|move: Stealth Rock
|move|p2a: Hippowdon|Earthquake|p1a: Blue
|-supereffective|p1a: Blue
|-damage|p1a: Blue|34\/346
|
|turn|5
|
|switch|p1a: Not too blue...|Florges, F|317\/317
|move|p2a: Hippowdon|Earthquake|p1a: Not too blue...
|-damage|p1a: Not too blue...|104\/317
|
|turn|6
|
|move|p1a: Not too blue...|Energy Ball|p2a: Hippowdon
|-supereffective|p2a: Hippowdon
|-damage|p2a: Hippowdon|0 fnt
|faint|p2a: Hippowdon
|
|
|switch|p2a: Entei|Entei, shiny|372\/372
|-damage|p2a: Entei|279\/372|[from] Stealth Rock
|-ability|p2a: Entei|Pressure
|turn|7
|
|switch|p1a: Blue|Quagsire, F|394\/394
|move|p2a: Entei|Extreme Speed|p1a: Blue
|-damage|p1a: Blue|287\/394
|-damage|p2a: Entei|217\/372|[from] item: Rocky Helmet|[of] p1a: Blue
|
|turn|8
|
|switch|p2a: Blastoise|Blastoise, M|362\/362
|-damage|p2a: Blastoise|317\/362|[from] Stealth Rock
|move|p1a: Blue|Toxic|p2a: Blastoise
|-status|p2a: Blastoise|tox
|
|-damage|p2a: Blastoise|295\/362 tox|[from] psn
|turn|9
|
|switch|p1a: Not blue at all|Mienshao, F|271\/271
|-formechange|p2a: Blastoise|Blastoise-Mega
|message|Blastoise has Mega Evolved into Mega Blastoise!
|move|p2a: Blastoise|Rapid Spin|p1a: Not blue at all
|-damage|p1a: Not blue at all|249\/271
|-sideend|p2: KingsDown27|Stealth Rock|[from] move: Rapid Spin|[of] p2a: Blastoise
|
|-damage|p2a: Blastoise|251\/362 tox|[from] psn
|turn|10
|
|move|p1a: Not blue at all|High Jump Kick|p2a: Blastoise
|-damage|p2a: Blastoise|0 fnt
|-damage|p1a: Not blue at all|222\/271|[from] item: Life Orb
|faint|p2a: Blastoise
|
|
|switch|p2a: Florges|Florges, F|324\/346
|turn|11
|
|move|p1a: Not blue at all|Swords Dance|p1a: Not blue at all
|-boost|p1a: Not blue at all|atk|2
|move|p2a: Florges|Moonblast|p1a: Not blue at all
|-supereffective|p1a: Not blue at all
|-damage|p1a: Not blue at all|0 fnt
|faint|p1a: Not blue at all
|
|-heal|p2a: Florges|345\/346|[from] item: Leftovers
|chat|uunubnub|lol deserved
|
|switch|p1a: Blue|Nidoqueen, F|34\/346
|turn|12
|chat|KingsDown27|I don't mess around with threats xD
|
|move|p1a: Blue|Poison Jab|p2a: Florges
|-supereffective|p2a: Florges
|-damage|p2a: Florges|0 fnt
|faint|p2a: Florges
|
|
|switch|p2a: Entei|Entei, shiny|217\/372
|-ability|p2a: Entei|Pressure
|turn|13
|
|move|p2a: Entei|Extreme Speed|p1a: Blue
|-damage|p1a: Blue|0 fnt
|faint|p1a: Blue
|
|
|switch|p1a: Blue|Blastoise, M|223\/362
|-formechange|p1a: Blue|Blastoise-Mega
|turn|14
|
|switch|p2a: Galvantula|Galvantula, F|281\/281
|switch|p1a: Blue|Quagsire, F|287\/394
|
|turn|15
|
|move|p2a: Galvantula|Energy Ball|p1a: Blue
|-supereffective|p1a: Blue
|-damage|p1a: Blue|0 fnt
|faint|p1a: Blue
|
|
|switch|p1a: Blue|Houndoom, F, shiny|292\/292
|turn|16
|
|switch|p2a: Porygon-Z|Porygon-Z|312\/312
|move|p1a: Blue|Dark Pulse|p2a: Porygon-Z
|-crit|p2a: Porygon-Z
|-damage|p2a: Porygon-Z|45\/312
|
|-heal|p2a: Porygon-Z|64\/312|[from] item: Leftovers
|turn|17
|
|move|p1a: Blue|Dark Pulse|p2a: Porygon-Z
|-crit|p2a: Porygon-Z
|-damage|p2a: Porygon-Z|0 fnt
|faint|p2a: Porygon-Z
|
|chat|uunubnub|sorry. late game hax are lame. woudlve done over 50% at least
|
|switch|p2a: Galvantula|Galvantula, F|281\/281
|turn|18
|
|move|p1a: Blue|Dark Pulse|p2a: Galvantula
|-damage|p2a: Galvantula|80\/281
|move|p2a: Galvantula|Thunder|p1a: Blue
|-crit|p1a: Blue
|-damage|p1a: Blue|0 fnt
|faint|p1a: Blue
|
|
|switch|p1a: Not too blue...|Florges, F|104\/317
|turn|19
|chat|uunubnub|I think gg
|chat|KingsDown27|no worries on the hax it happens
|
|move|p2a: Galvantula|Thunder|p1a: Not too blue...
|-damage|p1a: Not too blue...|0 fnt
|faint|p1a: Not too blue...
|
|chat|KingsDown27|gg
|
|switch|p1a: Blue|Blastoise, M|223\/362
|-formechange|p1a: Blue|Blastoise-Mega
|turn|20
|
|move|p2a: Galvantula|Thunder|p1a: Blue
|-supereffective|p1a: Blue
|-damage|p1a: Blue|0 fnt
|faint|p1a: Blue
|
|win|KingsDown27
|raw|Ladder updating...