|join|uunubnub
|join|warrior8787
|player|p1|uunubnub|3
|player|p2|warrior8787|80
|gametype|singles
|gen|6
|tier|UU
|rated
|rule|Sleep Clause Mod: Limit one foe put to sleep
|rule|Species Clause: Limit one of each Pokemon
|rule|OHKO Clause: OHKO moves are banned
|rule|Moody Clause: Moody is banned
|rule|Evasion Moves Clause: Evasion moves are banned
|rule|Endless Battle Clause: Forcing endless battles is banned.
|rule|HP Percentage Mod: HP is reported as percentages
|clearpoke
|poke|p1|Quagsire, F
|poke|p1|Florges, F
|poke|p1|Mienshao, F
|poke|p1|Houndoom, M, shiny
|poke|p1|Blastoise, F
|poke|p1|Nidoqueen, F
|poke|p2|Mienshao, F
|poke|p2|Blastoise, M
|poke|p2|Florges, F
|poke|p2|Nidoking, M
|poke|p2|Mismagius, F
|poke|p2|Metagross
|teampreview
|
|start
|switch|p1a: Blue|Quagsire, F|394\/394
|switch|p2a: Mienshao|Mienshao, F|271\/271
|turn|1
|
|move|p2a: Mienshao|Knock Off|p1a: Blue
|-damage|p1a: Blue|278\/394
|-damage|p2a: Mienshao|226\/271|[from] item: Rocky Helmet|[of] p1a: Blue
|-enditem|p1a: Blue|Rocky Helmet|[from] move: Knock Off|[of] p2a: Mienshao
|-damage|p2a: Mienshao|199\/271|[from] item: Life Orb
|move|p1a: Blue|Earthquake|p2a: Mienshao
|-damage|p2a: Mienshao|54\/271
|
|turn|2
|
|switch|p2a: Mismagius|Mismagius, F|262\/262
|move|p1a: Blue|Earthquake|p2a: Mismagius
|-immune|p2a: Mismagius|[msg]
|
|turn|3
|
|move|p2a: Mismagius|Energy Ball|p1a: Blue
|-supereffective|p1a: Blue
|-damage|p1a: Blue|0 fnt
|faint|p1a: Blue
|
|
|switch|p1a: Not too blue...|Florges, F|317\/317
|turn|4
|
|switch|p2a: Florges|Florges, F|360\/360
|move|p1a: Not too blue...|Hidden Power|p2a: Florges
|-damage|p2a: Florges|304\/360
|
|-heal|p2a: Florges|326\/360|[from] item: Leftovers
|turn|5
|
|move|p2a: Florges|Protect|p2a: Florges
|-singleturn|p2a: Florges|Protect
|move|p1a: Not too blue...|Hidden Power|p2a: Florges
|-activate|p2a: Florges|Protect
|
|-heal|p2a: Florges|348\/360|[from] item: Leftovers
|turn|6
|
|switch|p1a: Blue|Nidoqueen, F|346\/346
|move|p2a: Florges|Moonblast|p1a: Blue
|-resisted|p1a: Blue
|-damage|p1a: Blue|277\/346
|-unboost|p1a: Blue|spa|1
|
|-heal|p2a: Florges|360\/360|[from] item: Leftovers
|turn|7
|
|switch|p2a: Metagross|Metagross|364\/364
|-item|p2a: Metagross|Air Balloon
|move|p1a: Blue|Earthquake|p2a: Metagross
|-immune|p2a: Metagross|[msg]
|
|turn|8
|
|switch|p1a: Blue|Houndoom, M, shiny|292\/292
|move|p2a: Metagross|Earthquake|p1a: Blue
|-supereffective|p1a: Blue
|-damage|p1a: Blue|0 fnt
|faint|p1a: Blue
|
|
|switch|p1a: Not blue at all|Mienshao, F|271\/271
|turn|9
|
|move|p2a: Metagross|Bullet Punch|p1a: Not blue at all
|-damage|p1a: Not blue at all|144\/271
|move|p1a: Not blue at all|U-turn|p2a: Metagross
|-damage|p2a: Metagross|285\/364
|-enditem|p2a: Metagross|Air Balloon
|-damage|p1a: Not blue at all|117\/271|[from] item: Life Orb
|
|switch|p1a: Blue|Blastoise, F|362\/362
|
|turn|10
|
|-formechange|p1a: Blue|Blastoise-Mega
|message|Blastoise has Mega Evolved into Mega Blastoise!
|move|p1a: Blue|Flash Cannon|p2a: Metagross
|-resisted|p2a: Metagross
|-damage|p2a: Metagross|229\/364
|move|p2a: Metagross|Stealth Rock|p1a: Blue
|-sidestart|p1: uunubnub|move: Stealth Rock
|
|turn|11
|
|move|p1a: Blue|Water Pulse|p2a: Metagross
|-damage|p2a: Metagross|24\/364
|-start|p2a: Metagross|confusion
|-activate|p2a: Metagross|confusion
|move|p2a: Metagross|Earthquake|p1a: Blue
|-damage|p1a: Blue|240\/362
|
|turn|12
|
|-activate|p2a: Metagross|confusion
|move|p2a: Metagross|Bullet Punch|p1a: Blue
|-resisted|p1a: Blue
|-damage|p1a: Blue|207\/362
|move|p1a: Blue|Dark Pulse|p2a: Metagross
|-supereffective|p2a: Metagross
|-damage|p2a: Metagross|0 fnt
|faint|p2a: Metagross
|
|
|switch|p2a: Mismagius|Mismagius, F|262\/262
|turn|13
|
|switch|p1a: Not too blue...|Florges, F|317\/317
|-damage|p1a: Not too blue...|278\/317|[from] Stealth Rock
|move|p2a: Mismagius|Energy Ball|p1a: Not too blue...
|-damage|p1a: Not too blue...|219\/317
|
|turn|14
|
|switch|p2a: Florges|Florges, F|360\/360
|move|p1a: Not too blue...|Moonblast|p2a: Florges
|-damage|p2a: Florges|219\/360
|
|-heal|p2a: Florges|241\/360|[from] item: Leftovers
|turn|15
|
|move|p1a: Not too blue...|Moonblast|p2a: Florges
|-damage|p2a: Florges|99\/360
|move|p2a: Florges|Moonblast|p1a: Not too blue...
|-damage|p1a: Not too blue...|138\/317
|
|-heal|p2a: Florges|121\/360|[from] item: Leftovers
|turn|16
|
|move|p2a: Florges|Protect|p2a: Florges
|-singleturn|p2a: Florges|Protect
|move|p1a: Not too blue...|Moonblast|p2a: Florges
|-activate|p2a: Florges|Protect
|
|-heal|p2a: Florges|143\/360|[from] item: Leftovers
|turn|17
|
|switch|p2a: Nidoking|Nidoking, M|303\/303
|move|p1a: Not too blue...|Moonblast|p2a: Nidoking
|-resisted|p2a: Nidoking
|-damage|p2a: Nidoking|134\/303
|
|turn|18
|
|move|p2a: Nidoking|Sludge Wave|p1a: Not too blue...
|-supereffective|p1a: Not too blue...
|-damage|p1a: Not too blue...|0 fnt
|faint|p1a: Not too blue...
|
|
|switch|p1a: Not blue at all|Mienshao, F|207\/271
|-damage|p1a: Not blue at all|191\/271|[from] Stealth Rock
|turn|19
|
|switch|p2a: Mismagius|Mismagius, F|262\/262
|move|p1a: Not blue at all|Swords Dance|p1a: Not blue at all
|-boost|p1a: Not blue at all|atk|2
|
|turn|20
|
|move|p2a: Mismagius|Trick|p1a: Not blue at all
|-activate|p2a: Mismagius|move: Trick|[of] p1a: Not blue at all
|-item|p1a: Not blue at all|Choice Scarf|[from] move: Trick
|-item|p2a: Mismagius|Life Orb|[from] move: Trick
|move|p1a: Not blue at all|U-turn|p2a: Mismagius
|-resisted|p2a: Mismagius
|-damage|p2a: Mismagius|130\/262
|
|switch|p1a: Blue|Nidoqueen, F|277\/346
|-damage|p1a: Blue|256\/346|[from] Stealth Rock
|
|turn|21
|
|move|p2a: Mismagius|Shadow Ball|p1a: Blue
|-damage|p1a: Blue|75\/346
|-damage|p2a: Mismagius|104\/262|[from] item: Life Orb
|move|p1a: Blue|Poison Jab|p2a: Mismagius
|-resisted|p2a: Mismagius
|-damage|p2a: Mismagius|0 fnt
|faint|p2a: Mismagius
|
|
|switch|p2a: Blastoise|Blastoise, M|362\/362
|turn|22
|
|move|p1a: Blue|Earthquake|p2a: Blastoise
|-damage|p2a: Blastoise|222\/362
|-damage|p1a: Blue|41\/346|[from] item: Life Orb
|move|p2a: Blastoise|Scald|p1a: Blue
|-supereffective|p1a: Blue
|-damage|p1a: Blue|0 fnt
|faint|p1a: Blue
|
|-heal|p2a: Blastoise|244\/362|[from] item: Leftovers
|
|switch|p1a: Not blue at all|Mienshao, F|271\/271
|-damage|p1a: Not blue at all|255\/271|[from] Stealth Rock
|turn|23
|
|move|p1a: Not blue at all|High Jump Kick|p2a: Blastoise
|-damage|p2a: Blastoise|93\/362
|move|p2a: Blastoise|Scald|p1a: Not blue at all
|-damage|p1a: Not blue at all|77\/271
|
|-heal|p2a: Blastoise|115\/362|[from] item: Leftovers
|turn|24
|
|move|p1a: Not blue at all|High Jump Kick|p2a: Blastoise|[miss]
|-miss|p1a: Not blue at all|p2a: Blastoise
|-damage|p1a: Not blue at all|0 fnt|[from] highjumpkick
|faint|p1a: Not blue at all
|move|p2a: Blastoise|Scald|p1: Not blue at all|[notarget]
|-notarget
|
|-heal|p2a: Blastoise|137\/362|[from] item: Leftovers
|chat|uunubnub|lol gg
|-message|uunubnub forfeited.
|
|win|warrior8787
|raw|Ladder updating...
|leave|uunubnub
|player|p1
|raw|Ladder (probably) updated, but score could not be retrieved (timeout).
|raw|Ladder (probably) updated, but score could not be retrieved (Error: socket hang up).