|join|uunubnub
|join|ThatPokemonBoy
|player|p1|uunubnub|3
|player|p2|ThatPokemonBoy|237
|gametype|singles
|gen|6
|tier|UU
|rated
|rule|Sleep Clause Mod: Limit one foe put to sleep
|rule|Species Clause: Limit one of each PokÃ©mon
|rule|OHKO Clause: OHKO moves are banned
|rule|Moody Clause: Moody is banned
|rule|Evasion Moves Clause: Evasion moves are banned
|rule|Endless Battle Clause: Forcing endless battles is banned
|rule|HP Percentage Mod: HP is shown in percentages
|clearpoke
|poke|p1|Crobat, M
|poke|p1|Swampert, F
|poke|p1|Machamp, F
|poke|p1|Reuniclus, F
|poke|p1|Zygarde
|poke|p1|Jirachi
|poke|p2|Gallade, M
|poke|p2|Suicune
|poke|p2|Jirachi
|poke|p2|Crobat, M
|poke|p2|Cresselia, F
|poke|p2|Hydreigon, F
|rule|Swagger Clause: Swagger is banned
|rule|Baton Pass Clause: Limit one PokÃ©mon knowing Baton Pass
|teampreview
|
|start
|switch|p1a: Swampert|Swampert, F|385\/385
|switch|p2a: Jirachi|Jirachi|341\/341
|turn|1
|
|detailschange|p1a: Swampert|Swampert-Mega, F
|message|Swampert has Mega Evolved into Mega Swampert!
|move|p2a: Jirachi|U-turn|p1a: Swampert
|-damage|p1a: Swampert|327\/385
|
|switch|p2a: Gallade|Gallade, M|278\/278
|move|p1a: Swampert|Yawn|p2a: Gallade
|-start|p2a: Gallade|move: Yawn|[of] p1a: Swampert
|
|turn|2
|
|switch|p2a: Hydreigon|Hydreigon, F|325\/325
|move|p1a: Swampert|Stealth Rock|p2a: Hydreigon
|-sidestart|p2: ThatPokemonBoy|move: Stealth Rock
|
|turn|3
|
|move|p2a: Hydreigon|Earth Power|p1a: Swampert
|-damage|p1a: Swampert|202\/385
|-damage|p2a: Hydreigon|293\/325|[from] item: Life Orb
|move|p1a: Swampert|Waterfall|p2a: Hydreigon
|-resisted|p2a: Hydreigon
|-damage|p2a: Hydreigon|195\/325
|
|turn|4
|
|move|p2a: Hydreigon|Draco Meteor|p1a: Swampert
|-damage|p1a: Swampert|0 fnt
|-unboost|p2a: Hydreigon|spa|2
|-damage|p2a: Hydreigon|163\/325|[from] item: Life Orb
|faint|p1a: Swampert
|
|
|switch|p1a: Zygarde|Zygarde|358\/358
|-ability|p1a: Zygarde|Aura Break
|turn|5
|
|move|p2a: Hydreigon|Draco Meteor|p1a: Zygarde
|-supereffective|p1a: Zygarde
|-damage|p1a: Zygarde|46\/358
|-unboost|p2a: Hydreigon|spa|2
|-damage|p2a: Hydreigon|131\/325|[from] item: Life Orb
|move|p1a: Zygarde|Dragon Dance|p1a: Zygarde
|-boost|p1a: Zygarde|atk|1
|-boost|p1a: Zygarde|spe|1
|
|turn|6
|
|move|p1a: Zygarde|Extreme Speed|p2a: Hydreigon
|-damage|p2a: Hydreigon|0 fnt
|faint|p2a: Hydreigon
|
|
|switch|p2a: Crobat|Crobat, M|373\/373
|-damage|p2a: Crobat|280\/373|[from] Stealth Rock
|turn|7
|
|move|p1a: Zygarde|Outrage|p2a: Crobat
|-damage|p2a: Crobat|0 fnt
|faint|p2a: Crobat
|
|
|switch|p2a: Jirachi|Jirachi|341\/341
|-damage|p2a: Jirachi|320\/341|[from] Stealth Rock
|turn|8
|
|move|p2a: Jirachi|U-turn|p1a: Zygarde
|-damage|p1a: Zygarde|0 fnt
|faint|p1a: Zygarde
|
|switch|p2a: Cresselia|Cresselia, F|443\/443
|-damage|p2a: Cresselia|388\/443|[from] Stealth Rock
|
|-heal|p2a: Cresselia|415\/443|[from] item: Leftovers
|
|switch|p1a: Jirachi|Jirachi|397\/397
|turn|9
|
|move|p1a: Jirachi|Thunder Wave|p2a: Cresselia
|-status|p2a: Cresselia|par
|move|p2a: Cresselia|Thunder Wave|p1a: Jirachi
|-status|p1a: Jirachi|par
|
|-heal|p2a: Cresselia|442\/443 par|[from] item: Leftovers
|turn|10
|
|switch|p1a: Reuniclus|Reuniclus, F|409\/409
|move|p2a: Cresselia|Psyshock|p1a: Reuniclus
|-resisted|p1a: Reuniclus
|-damage|p1a: Reuniclus|365\/409
|
|-heal|p2a: Cresselia|443\/443 par|[from] item: Leftovers
|turn|11
|
|move|p1a: Reuniclus|Shadow Ball|p2a: Cresselia
|-supereffective|p2a: Cresselia
|-damage|p2a: Cresselia|274\/443 par
|move|p2a: Cresselia|Thunder Wave|p1a: Reuniclus
|-status|p1a: Reuniclus|par
|
|-heal|p2a: Cresselia|301\/443 par|[from] item: Leftovers
|turn|12
|
|move|p2a: Cresselia|Moonblast|p1a: Reuniclus
|-damage|p1a: Reuniclus|300\/409 par
|move|p1a: Reuniclus|Shadow Ball|p2a: Cresselia
|-supereffective|p2a: Cresselia
|-damage|p2a: Cresselia|148\/443 par
|
|-heal|p2a: Cresselia|175\/443 par|[from] item: Leftovers
|turn|13
|
|move|p2a: Cresselia|Moonlight|p2a: Cresselia
|-heal|p2a: Cresselia|396\/443 par
|move|p1a: Reuniclus|Shadow Ball|p2a: Cresselia
|-supereffective|p2a: Cresselia
|-damage|p2a: Cresselia|240\/443 par
|
|-heal|p2a: Cresselia|267\/443 par|[from] item: Leftovers
|turn|14
|
|switch|p2a: Suicune|Suicune|403\/403
|-damage|p2a: Suicune|353\/403|[from] Stealth Rock
|-ability|p2a: Suicune|Pressure
|move|p1a: Reuniclus|Shadow Ball|p2a: Suicune
|-crit|p2a: Suicune
|-damage|p2a: Suicune|185\/403
|
|-heal|p2a: Suicune|210\/403|[from] item: Leftovers
|turn|15
|
|move|p2a: Suicune|Calm Mind|p2a: Suicune
|-boost|p2a: Suicune|spa|1
|-boost|p2a: Suicune|spd|1
|move|p1a: Reuniclus|Energy Ball|p2a: Suicune
|-supereffective|p2a: Suicune
|-damage|p2a: Suicune|44\/403
|
|-heal|p2a: Suicune|69\/403|[from] item: Leftovers
|turn|16
|
|move|p2a: Suicune|Rest|p2a: Suicune
|-status|p2a: Suicune|slp
|-heal|p2a: Suicune|403\/403 slp|[silent]
|-status|p2a: Suicune|slp|[from] move: Rest
|move|p1a: Reuniclus|Energy Ball|p2a: Suicune
|-supereffective|p2a: Suicune
|-damage|p2a: Suicune|226\/403 slp
|
|-heal|p2a: Suicune|251\/403 slp|[from] item: Leftovers
|turn|17
|c|âThatPokemonBoy|para my arse
|
|cant|p2a: Suicune|slp
|move|p2a: Suicune|Sleep Talk|p2a: Suicune
|move|p2a: Suicune|Calm Mind|p2a: Suicune|[from]Sleep Talk
|-boost|p2a: Suicune|spa|1
|-boost|p2a: Suicune|spd|1
|move|p1a: Reuniclus|Energy Ball|p2a: Suicune
|-supereffective|p2a: Suicune
|-damage|p2a: Suicune|113\/403 slp
|
|-heal|p2a: Suicune|138\/403 slp|[from] item: Leftovers
|turn|18
|
|switch|p1a: Machamp|Machamp, F|383\/383
|cant|p2a: Suicune|slp
|move|p2a: Suicune|Sleep Talk|p2a: Suicune
|move|p2a: Suicune|Rest|p2a: Suicune|[from]Sleep Talk
|-fail|p2a: Suicune
|
|-heal|p2a: Suicune|163\/403 slp|[from] item: Leftovers
|turn|19
|
|-curestatus|p2a: Suicune|slp
|move|p2a: Suicune|Rest|p2a: Suicune
|-status|p2a: Suicune|slp
|-heal|p2a: Suicune|403\/403 slp|[silent]
|-status|p2a: Suicune|slp|[from] move: Rest
|move|p1a: Machamp|Close Combat|p2a: Suicune
|-damage|p2a: Suicune|163\/403 slp
|-unboost|p1a: Machamp|def|1
|-unboost|p1a: Machamp|spd|1
|
|-heal|p2a: Suicune|188\/403 slp|[from] item: Leftovers
|turn|20
|
|cant|p2a: Suicune|slp
|move|p2a: Suicune|Sleep Talk|p2a: Suicune
|move|p2a: Suicune|Calm Mind|p2a: Suicune|[from]Sleep Talk
|-boost|p2a: Suicune|spa|1
|-boost|p2a: Suicune|spd|1
|move|p1a: Machamp|Close Combat|p2a: Suicune
|-damage|p2a: Suicune|0 fnt
|-unboost|p1a: Machamp|def|1
|-unboost|p1a: Machamp|spd|1
|faint|p2a: Suicune
|
|
|switch|p2a: Gallade|Gallade, M|278\/278
|-damage|p2a: Gallade|261\/278|[from] Stealth Rock
|turn|21
|
|switch|p1a: Jirachi|Jirachi|397\/397 par
|detailschange|p2a: Gallade|Gallade-Mega, M
|message|Gallade has Mega Evolved into Mega Gallade!
|move|p2a: Gallade|Zen Headbutt|p1a: Jirachi
|-resisted|p1a: Jirachi
|-damage|p1a: Jirachi|358\/397 par
|
|-heal|p1a: Jirachi|382\/397 par|[from] item: Leftovers
|turn|22
|
|move|p2a: Gallade|Knock Off|p1a: Jirachi
|-supereffective|p1a: Jirachi
|-damage|p1a: Jirachi|112\/397 par
|-enditem|p1a: Jirachi|Leftovers|[from] move: Knock Off|[of] p2a: Gallade
|cant|p1a: Jirachi|par
|
|turn|23
|c|âuunubnub|there you go
|
|move|p2a: Gallade|Knock Off|p1a: Jirachi
|-supereffective|p1a: Jirachi
|-damage|p1a: Jirachi|0 fnt
|faint|p1a: Jirachi
|
|
|switch|p1a: Crobat|Crobat, M|373\/373
|turn|24
|
|switch|p2a: Jirachi|Jirachi|320\/341
|-damage|p2a: Jirachi|299\/341|[from] Stealth Rock
|move|p1a: Crobat|U-turn|p2a: Jirachi
|-crit|p2a: Jirachi
|-damage|p2a: Jirachi|219\/341
|
|switch|p1a: Machamp|Machamp, F|383\/383
|
|turn|25
|
|move|p2a: Jirachi|U-turn|p1a: Machamp
|-resisted|p1a: Machamp
|-damage|p1a: Machamp|340\/383
|
|switch|p2a: Cresselia|Cresselia, F|267\/443 par
|-damage|p2a: Cresselia|212\/443 par|[from] Stealth Rock
|move|p1a: Machamp|Close Combat|p2a: Cresselia
|-resisted|p2a: Cresselia
|-damage|p2a: Cresselia|56\/443 par
|-unboost|p1a: Machamp|def|1
|-unboost|p1a: Machamp|spd|1
|
|-heal|p2a: Cresselia|83\/443 par|[from] item: Leftovers
|turn|26
|
|move|p1a: Machamp|Close Combat|p2a: Cresselia
|-resisted|p2a: Cresselia
|-damage|p2a: Cresselia|0 fnt
|-unboost|p1a: Machamp|def|1
|-unboost|p1a: Machamp|spd|1
|faint|p2a: Cresselia
|
|
|switch|p2a: Gallade|Gallade-Mega, M|261\/278
|-damage|p2a: Gallade|244\/278|[from] Stealth Rock
|turn|27
|
|move|p2a: Gallade|Zen Headbutt|p1a: Machamp
|-supereffective|p1a: Machamp
|-damage|p1a: Machamp|0 fnt
|faint|p1a: Machamp
|
|
|switch|p1a: Crobat|Crobat, M|373\/373
|turn|28
|
|move|p1a: Crobat|Brave Bird|p2a: Gallade
|-supereffective|p2a: Gallade
|-damage|p2a: Gallade|0 fnt
|-damage|p1a: Crobat|292\/373|[from] recoil|[of] p2a: Gallade
|faint|p2a: Gallade
|
|-heal|p1a: Crobat|315\/373|[from] item: Black Sludge
|
|switch|p2a: Jirachi|Jirachi|219\/341
|-damage|p2a: Jirachi|198\/341|[from] Stealth Rock
|turn|29
|
|move|p2a: Jirachi|Iron Head|p1a: Crobat
|-damage|p1a: Crobat|168\/373
|move|p1a: Crobat|U-turn|p2a: Jirachi
|-damage|p2a: Jirachi|143\/341
|
|switch|p1a: Reuniclus|Reuniclus, F|300\/409 par
|
|turn|30
|
|move|p2a: Jirachi|Iron Head|p1a: Reuniclus
|-damage|p1a: Reuniclus|162\/409 par
|cant|p1a: Reuniclus|flinch
|
|turn|31
|
|move|p2a: Jirachi|Iron Head|p1a: Reuniclus
|-damage|p1a: Reuniclus|24\/409 par
|cant|p1a: Reuniclus|flinch
|
|turn|32
|c|âuunubnub|gg
|
|move|p2a: Jirachi|Iron Head|p1a: Reuniclus
|-damage|p1a: Reuniclus|0 fnt
|faint|p1a: Reuniclus
|
|c|âThatPokemonBoy|gg
|
|switch|p1a: Crobat|Crobat, M|168\/373
|turn|33
|
|move|p2a: Jirachi|Iron Head|p1a: Crobat
|-damage|p1a: Crobat|21\/373
|move|p1a: Crobat|U-turn|p2a: Jirachi
|-damage|p2a: Jirachi|91\/341
|
|-heal|p1a: Crobat|44\/373|[from] item: Black Sludge
|turn|34
|c|âThatPokemonBoy|close one
|c|âThatPokemonBoy|thought you have be tbh
|
|move|p2a: Jirachi|Iron Head|p1a: Crobat
|-damage|p1a: Crobat|0 fnt
|faint|p1a: Crobat
|
|win|ThatPokemonBoy
|raw|Ladder updating...