|join|Ragingcharizardz
|join|uunubnub
|player|p1|Ragingcharizardz|2
|player|p2|uunubnub|170
|gametype|singles
|gen|6
|tier|UU
|rated
|clearpoke
|poke|p1|Tornadus, M
|poke|p1|Archeops, M
|poke|p1|Kingdra, M
|poke|p1|Azelf
|poke|p1|Blastoise, F
|poke|p1|Sableye, M
|poke|p2|Quagsire, F
|poke|p2|Florges, F
|poke|p2|Mienshao, M
|poke|p2|Houndoom, F
|poke|p2|Cloyster, F
|poke|p2|Nidoqueen, F
|rule|Sleep Clause Mod: Limit one foe put to sleep
|rule|Species Clause: Limit one of each Pokemon
|rule|OHKO Clause: OHKO moves are banned
|rule|Moody Clause: Moody is banned
|rule|Evasion Moves Clause: Evasion moves are banned
|rule|Endless Battle Clause: Forcing endless battles is banned.
|rule|HP Percentage Mod: HP is reported as percentages
|teampreview
|
|start
|switch|p1a: Sableye|Sableye, M|304\/304
|switch|p2a: Cloyster|Cloyster, F|242\/242
|turn|1
|
|switch|p2a: Houndoom|Houndoom, F|292\/292
|move|p1a: Sableye|Will-O-Wisp|p2a: Houndoom
|-start|p2a: Houndoom|ability: Flash Fire
|
|turn|2
|
|move|p1a: Sableye|Rain Dance|p1a: Sableye
|-weather|RainDance
|move|p2a: Houndoom|Overheat|p1a: Sableye|[miss]
|-miss|p2a: Houndoom|p1a: Sableye
|
|-weather|RainDance|[upkeep]
|turn|3
|
|switch|p1a: Archeops|Archeops, M|291\/291
|move|p2a: Houndoom|Overheat|p1a: Archeops
|-crit|p1a: Archeops
|-resisted|p1a: Archeops
|-damage|p1a: Archeops|116\/291
|-unboost|p2a: Houndoom|spa|2
|
|-weather|RainDance|[upkeep]
|turn|4
|
|switch|p2a: Quagsire|Quagsire, F|394\/394
|move|p1a: Archeops|Knock Off|p2a: Quagsire
|-damage|p2a: Quagsire|322\/394
|-enditem|p2a: Quagsire|Leftovers|[from] move: Knock Off|[of] p1a: Archeops
|
|-weather|RainDance|[upkeep]
|turn|5
|
|switch|p1a: Azelf|Azelf|354\/354
|move|p2a: Quagsire|Toxic|p1a: Azelf
|-status|p1a: Azelf|tox
|
|-weather|RainDance|[upkeep]
|-damage|p1a: Azelf|332\/354 tox|[from] psn
|turn|6
|
|switch|p2a: Florges|Florges, F|360\/360
|move|p1a: Azelf|Stealth Rock|p2a: Florges
|-sidestart|p2: uunubnub|move: Stealth Rock
|
|-weather|none
|-damage|p1a: Azelf|288\/354 tox|[from] psn
|turn|7
|
|move|p1a: Azelf|Rain Dance|p1a: Azelf
|-weather|RainDance
|move|p2a: Florges|Psychic|p1a: Azelf
|-resisted|p1a: Azelf
|-damage|p1a: Azelf|234\/354 tox
|
|-weather|RainDance|[upkeep]
|-damage|p1a: Azelf|168\/354 tox|[from] psn
|turn|8
|
|move|p1a: Azelf|Explosion|p2a: Florges
|-damage|p2a: Florges|51\/360
|faint|p1a: Azelf
|move|p2a: Florges|Psychic|p1: Azelf|[notarget]
|-notarget
|
|-weather|RainDance|[upkeep]
|-heal|p2a: Florges|73\/360|[from] item: Leftovers
|
|switch|p1a: Tornadus|Tornadus, M|300\/300
|turn|9
|
|move|p1a: Tornadus|Hurricane|p2a: Florges
|-damage|p2a: Florges|0 fnt
|faint|p2a: Florges
|
|-weather|RainDance|[upkeep]
|
|switch|p2a: Cloyster|Cloyster, F|242\/242
|-damage|p2a: Cloyster|182\/242|[from] Stealth Rock
|turn|10
|
|move|p1a: Tornadus|Hurricane|p2a: Cloyster
|-damage|p2a: Cloyster|0 fnt
|faint|p2a: Cloyster
|
|-weather|RainDance|[upkeep]
|
|switch|p2a: Nidoqueen|Nidoqueen, F|346\/346
|-damage|p2a: Nidoqueen|325\/346|[from] Stealth Rock
|turn|11
|
|move|p1a: Tornadus|Hurricane|p2a: Nidoqueen
|-damage|p2a: Nidoqueen|0 fnt
|faint|p2a: Nidoqueen
|
|-weather|RainDance|[upkeep]
|
|switch|p2a: Houndoom|Houndoom, F|292\/292
|-damage|p2a: Houndoom|219\/292|[from] Stealth Rock
|turn|12
|
|move|p2a: Houndoom|Destiny Bond|p2a: Houndoom
|-singlemove|p2a: Houndoom|Destiny Bond
|move|p1a: Tornadus|Hurricane|p2a: Houndoom
|-damage|p2a: Houndoom|0 fnt
|faint|p2a: Houndoom
|-activate|p2a: Houndoom|Destiny Bond
|faint|p1a: Tornadus
|
|-weather|RainDance|[upkeep]
|
|switch|p1a: Kingdra|Kingdra, M|291\/291
|switch|p2a: Quagsire|Quagsire, F|322\/394
|-damage|p2a: Quagsire|298\/394|[from] Stealth Rock
|turn|13
|
|move|p1a: Kingdra|Draco Meteor|p2a: Quagsire
|-damage|p2a: Quagsire|0 fnt
|-unboost|p1a: Kingdra|spa|2
|faint|p2a: Quagsire
|
|-weather|RainDance|[upkeep]
|
|switch|p2a: Mienshao|Mienshao, M|271\/271
|-damage|p2a: Mienshao|255\/271|[from] Stealth Rock
|turn|14
|
|switch|p1a: Archeops|Archeops, M|116\/291
|move|p2a: Mienshao|Swords Dance|p2a: Mienshao
|-boost|p2a: Mienshao|atk|2
|
|-weather|none
|turn|15
|
|move|p1a: Archeops|Switcheroo|p2a: Mienshao
|-activate|p1a: Archeops|move: Trick|[of] p2a: Mienshao
|-item|p2a: Mienshao|Choice Band|[from] Trick
|-item|p1a: Archeops|Focus Sash|[from] Trick
|move|p2a: Mienshao|High Jump Kick|p1a: Archeops
|-damage|p1a: Archeops|0 fnt
|faint|p1a: Archeops
|
|
|switch|p1a: Sableye|Sableye, M|304\/304
|turn|16
|chat|uunubnub|gg
|
|move|p1a: Sableye|Rain Dance|p1a: Sableye
|-weather|RainDance
|move|p2a: Mienshao|High Jump Kick|p1a: Sableye
|-immune|p1a: Sableye|[msg]
|-damage|p2a: Mienshao|120\/271|[from] highjumpkick
|
|-weather|RainDance|[upkeep]
|turn|17
|-message|uunubnub forfeited.
|
|win|Ragingcharizardz
|raw|Ladder updating...
|leave|uunubnub
|player|p2
|raw|Ragingcharizardz's rating: 1297 &rarr; <strong>1315<\/strong><br \/>(+18 for winning)
|raw|uunubnub's rating: 1192 &rarr; <strong>1175<\/strong><br \/>(-17 for losing)