|join|uunubnub
|join|UniterFlash
|player|p1|uunubnub|184
|player|p2|UniterFlash|1
|gametype|singles
|gen|6
|tier|UU
|rated
|rule|Sleep Clause Mod: Limit one foe put to sleep
|rule|Species Clause: Limit one of each PokÃ©mon
|rule|OHKO Clause: OHKO moves are banned
|rule|Moody Clause: Moody is banned
|rule|Evasion Moves Clause: Evasion moves are banned
|rule|Endless Battle Clause: Forcing endless battles is banned
|rule|HP Percentage Mod: HP is shown in percentages
|clearpoke
|poke|p1|Machamp, M
|poke|p1|Snorlax, M
|poke|p1|Cresselia, F
|poke|p1|Nidoqueen, F
|poke|p1|Blastoise, F
|poke|p1|Arcanine, M
|poke|p2|Lucario, F
|poke|p2|Porygon-Z
|poke|p2|Crobat, F
|poke|p2|Swampert, M
|poke|p2|Florges, F
|poke|p2|Chandelure, F
|rule|Swagger Clause: Swagger is banned
|rule|Baton Pass Clause: Limit one PokÃ©mon knowing Baton Pass
|teampreview
|
|start
|switch|p1a: Blastoise|Blastoise, F|362\/362
|switch|p2a: Porygon-Z|Porygon-Z|312\/312
|turn|1
|join|SirLoathe
|
|detailschange|p1a: Blastoise|Blastoise-Mega, F
|-mega|p1a: Blastoise|Blastoise|Blastoisinite
|move|p2a: Porygon-Z|Tri Attack|p1a: Blastoise
|-crit|p1a: Blastoise
|-damage|p1a: Blastoise|0 fnt
|faint|p1a: Blastoise
|
|
|switch|p1a: Arcanine|Arcanine, M|383\/383
|-ability|p1a: Arcanine|Intimidate|[of] p2a: Porygon-Z
|-unboost|p2a: Porygon-Z|atk|1
|turn|2
|
|move|p2a: Porygon-Z|Tri Attack|p1a: Arcanine
|-damage|p1a: Arcanine|0 fnt
|faint|p1a: Arcanine
|
|
|switch|p1a: Snorlax|Snorlax, M|461\/461
|turn|3
|
|move|p2a: Porygon-Z|Tri Attack|p1a: Snorlax
|-damage|p1a: Snorlax|277\/461
|move|p1a: Snorlax|Body Slam|p2a: Porygon-Z
|-damage|p2a: Porygon-Z|138\/312
|-status|p2a: Porygon-Z|par
|
|turn|4
|
|switch|p2a: Chandelure|Chandelure, F|261\/261
|move|p1a: Snorlax|Body Slam|p2a: Chandelure
|-immune|p2a: Chandelure|[msg]
|
|turn|5
|
|switch|p2a: Florges|Florges, F|360\/360
|move|p1a: Snorlax|Crunch|p2a: Florges
|-resisted|p2a: Florges
|-damage|p2a: Florges|306\/360
|
|-heal|p2a: Florges|328\/360|[from] item: Leftovers
|turn|6
|
|move|p2a: Florges|Aromatherapy|p2a: Florges
|-cureteam|p2a: Florges|[from] move: Aromatherapy
|move|p1a: Snorlax|Body Slam|p2a: Florges
|-crit|p2a: Florges
|-damage|p2a: Florges|43\/360
|
|-heal|p2a: Florges|65\/360|[from] item: Leftovers
|turn|7
|
|move|p2a: Florges|Moonblast|p1a: Snorlax
|-crit|p1a: Snorlax
|-damage|p1a: Snorlax|166\/461
|move|p1a: Snorlax|Body Slam|p2a: Florges
|-damage|p2a: Florges|0 fnt
|faint|p2a: Florges
|
|
|switch|p2a: Lucario|Lucario, F|281\/281
|turn|8
|
|move|p2a: Lucario|Close Combat|p1a: Snorlax
|-supereffective|p1a: Snorlax
|-damage|p1a: Snorlax|0 fnt
|-unboost|p2a: Lucario|def|1
|-unboost|p2a: Lucario|spd|1
|-damage|p2a: Lucario|253\/281|[from] item: Life Orb
|faint|p1a: Snorlax
|
|
|switch|p1a: Nidoqueen|Nidoqueen, F|351\/351
|turn|9
|
|switch|p2a: Crobat|Crobat, F|373\/373
|move|p1a: Nidoqueen|Stealth Rock|p2a: Crobat
|-sidestart|p2: UniterFlash|move: Stealth Rock
|
|turn|10
|
|move|p2a: Crobat|Acrobatics|p1a: Nidoqueen
|-crit|p1a: Nidoqueen
|-damage|p1a: Nidoqueen|149\/351
|move|p1a: Nidoqueen|Ice Beam|p2a: Crobat
|-supereffective|p2a: Crobat
|-damage|p2a: Crobat|56\/373
|
|turn|11
|c|âuunubnub|count your blessings. specs modest 252 adaptability tri attack does 85% max roll to blastoise who low rolls for 120% with aura sphere on P-z
|c|âuunubnub|aside from all the other crits
|
|switch|p1a: Cresselia|Cresselia, F|444\/444
|move|p2a: Crobat|Acrobatics|p1a: Cresselia
|-damage|p1a: Cresselia|360\/444
|
|-heal|p1a: Cresselia|387\/444|[from] item: Leftovers
|turn|12
|c|âUniterFlash|cool story
|leave|SirLoathe
|
|move|p2a: Crobat|U-turn|p1a: Cresselia
|-supereffective|p1a: Cresselia
|-damage|p1a: Cresselia|313\/444
|
|switch|p2a: Swampert|Swampert, M|404\/404
|-damage|p2a: Swampert|379\/404|[from] Stealth Rock
|move|p1a: Cresselia|Thunder Wave|p2a: Swampert
|-immune|p2a: Swampert|[msg]
|
|-heal|p1a: Cresselia|340\/444|[from] item: Leftovers
|-heal|p2a: Swampert|404\/404|[from] item: Leftovers
|turn|13
|
|switch|p1a: Nidoqueen|Nidoqueen, F|149\/351
|move|p2a: Swampert|Toxic|p1a: Nidoqueen
|-fail|p1a: Nidoqueen
|
|turn|14
|
|move|p1a: Nidoqueen|Earth Power|p2a: Swampert
|-damage|p2a: Swampert|174\/404
|move|p2a: Swampert|Earthquake|p1a: Nidoqueen
|-supereffective|p1a: Nidoqueen
|-damage|p1a: Nidoqueen|0 fnt
|faint|p1a: Nidoqueen
|
|-heal|p2a: Swampert|199\/404|[from] item: Leftovers
|
|switch|p1a: Machamp|Machamp, M|384\/384
|turn|15
|
|move|p2a: Swampert|Earthquake|p1a: Machamp
|-damage|p1a: Machamp|224\/384
|move|p1a: Machamp|Knock Off|p2a: Swampert
|-damage|p2a: Swampert|45\/404
|-enditem|p2a: Swampert|Leftovers|[from] move: Knock Off|[of] p1a: Machamp
|
|turn|16
|
|switch|p1a: Cresselia|Cresselia, F|340\/444
|move|p2a: Swampert|Earthquake|p1a: Cresselia
|-immune|p1a: Cresselia|[msg]
|
|-heal|p1a: Cresselia|367\/444|[from] item: Leftovers
|turn|17
|
|move|p1a: Cresselia|Ice Beam|p2a: Swampert
|-crit|p2a: Swampert
|-damage|p2a: Swampert|0 fnt
|faint|p2a: Swampert
|
|-heal|p1a: Cresselia|394\/444|[from] item: Leftovers
|
|switch|p2a: Porygon-Z|Porygon-Z|138\/312
|-damage|p2a: Porygon-Z|99\/312|[from] Stealth Rock
|turn|18
|
|move|p2a: Porygon-Z|Tri Attack|p1a: Cresselia
|-damage|p1a: Cresselia|150\/444
|move|p1a: Cresselia|Psyshock|p2a: Porygon-Z
|-damage|p2a: Porygon-Z|0 fnt
|faint|p2a: Porygon-Z
|
|-heal|p1a: Cresselia|177\/444|[from] item: Leftovers
|
|switch|p2a: Chandelure|Chandelure, F|261\/261
|-damage|p2a: Chandelure|196\/261|[from] Stealth Rock
|turn|19
|
|move|p2a: Chandelure|Shadow Ball|p1a: Cresselia
|-supereffective|p1a: Cresselia
|-damage|p1a: Cresselia|0 fnt
|faint|p1a: Cresselia
|
|
|switch|p1a: Machamp|Machamp, M|224\/384
|turn|20
|
|move|p2a: Chandelure|Shadow Ball|p1a: Machamp
|-damage|p1a: Machamp|43\/384
|move|p1a: Machamp|Earthquake|p2a: Chandelure
|-supereffective|p2a: Chandelure
|-damage|p2a: Chandelure|0 fnt
|faint|p2a: Chandelure
|
|c|âuunubnub|bg yw for hax points
|-message|uunubnub forfeited.
|leave|uunubnub
|
|switch|p2a: Crobat|Crobat, F|56\/373
|-damage|p2a: Crobat|0 fnt|[from] Stealth Rock
|faint|p2a: Crobat
|
|win|UniterFlash
|raw|Ladder updating...
|player|p1
|raw|uunubnub's rating: 1587 &rarr; <strong>1559<\/strong><br \/>(-28 for losing)
|raw|UniterFlash's rating: 1439 &rarr; <strong>1467<\/strong><br \/>(+28 for winning)