|join|uunubnub
|join|NinjaDeathStrike
|player|p1|uunubnub|3
|player|p2|NinjaDeathStrike|274
|gametype|singles
|gen|6
|tier|UU
|rated
|rule|Sleep Clause Mod: Limit one foe put to sleep
|rule|Species Clause: Limit one of each Pokemon
|rule|OHKO Clause: OHKO moves are banned
|rule|Moody Clause: Moody is banned
|rule|Evasion Moves Clause: Evasion moves are banned
|rule|Endless Battle Clause: Forcing endless battles is banned.
|rule|HP Percentage Mod: HP is reported as percentages
|clearpoke
|poke|p1|Quagsire, F
|poke|p1|Florges, F
|poke|p1|Mienshao, F
|poke|p1|Houndoom, M, shiny
|poke|p1|Blastoise, M
|poke|p1|Nidoqueen, F
|poke|p2|Umbreon, M
|poke|p2|Roserade, M
|poke|p2|Arcanine, M
|poke|p2|Suicune
|poke|p2|Donphan, F
|poke|p2|Ambipom, M
|teampreview
|
|start
|switch|p1a: Blue|Houndoom, M, shiny|292\/292
|switch|p2a: All Hands|Ambipom, M|291\/291
|turn|1
|
|switch|p1a: Blue|Quagsire, F|394\/394
|move|p2a: All Hands|Fake Out|p1a: Blue
|-damage|p1a: Blue|295\/394
|-damage|p2a: All Hands|243\/291|[from] item: Rocky Helmet|[of] p1a: Blue
|-damage|p2a: All Hands|214\/291|[from] item: Life Orb
|
|turn|2
|
|switch|p2a: Thorn|Roserade, M|261\/261
|move|p1a: Blue|Ice Punch|p2a: Thorn
|-supereffective|p2a: Thorn
|-damage|p2a: Thorn|109\/261
|
|-heal|p2a: Thorn|125\/261|[from] item: Leftovers
|turn|3
|
|switch|p1a: Blue|Houndoom, M, shiny|292\/292
|move|p2a: Thorn|Giga Drain|p1a: Blue
|-resisted|p1a: Blue
|-damage|p1a: Blue|232\/292
|-heal|p2a: Thorn|155\/261|[from] drain|[of] p1a: Blue
|
|-heal|p2a: Thorn|171\/261|[from] item: Leftovers
|turn|4
|
|switch|p2a: Whisper|Umbreon, M|394\/394
|move|p1a: Blue|Overheat|p2a: Whisper
|-damage|p2a: Whisper|252\/394
|-unboost|p1a: Blue|spa|2
|
|-heal|p2a: Whisper|276\/394|[from] item: Leftovers
|turn|5
|
|switch|p1a: Not too blue...|Florges, F|317\/317
|move|p2a: Whisper|Wish|p2a: Whisper
|
|-heal|p2a: Whisper|300\/394|[from] item: Leftovers
|turn|6
|
|switch|p2a: Thorn|Roserade, M|171\/261
|move|p1a: Not too blue...|Psychic|p2a: Thorn
|-supereffective|p2a: Thorn
|-damage|p2a: Thorn|0 fnt
|faint|p2a: Thorn
|
|
|switch|p2a: Boreas|Suicune|341\/341
|-ability|p2a: Boreas|Pressure
|turn|7
|
|switch|p1a: Blue|Quagsire, F|295\/394
|move|p2a: Boreas|Calm Mind|p2a: Boreas
|-boost|p2a: Boreas|spa|1
|-boost|p2a: Boreas|spd|1
|
|turn|8
|
|switch|p2a: Whisper|Umbreon, M|300\/394
|move|p1a: Blue|Toxic|p2a: Whisper
|-status|p2a: Whisper|tox
|-status|p1a: Blue|tox
|
|-heal|p2a: Whisper|324\/394 tox|[from] item: Leftovers
|-damage|p2a: Whisper|300\/394 tox|[from] psn
|-damage|p1a: Blue|271\/394 tox|[from] psn
|turn|9
|
|switch|p1a: Not too blue...|Florges, F|317\/317
|move|p2a: Whisper|Heal Bell|p2a: Whisper
|-cureteam|p2a: Whisper|[from] move: HealBell
|
|-heal|p2a: Whisper|324\/394|[from] item: Leftovers
|turn|10
|
|switch|p2a: Grox|Arcanine, M|321\/321
|move|p1a: Not too blue...|Moonblast|p2a: Grox
|-resisted|p2a: Grox
|-damage|p2a: Grox|167\/321
|-unboost|p2a: Grox|spa|1
|
|turn|11
|
|switch|p1a: Blue|Quagsire, F|271\/394 tox
|move|p2a: Grox|Close Combat|p1a: Blue
|-damage|p1a: Blue|136\/394 tox
|-damage|p2a: Grox|114\/321|[from] item: Rocky Helmet|[of] p1a: Blue
|-unboost|p2a: Grox|def|1
|-unboost|p2a: Grox|spd|1
|-damage|p2a: Grox|82\/321|[from] item: Life Orb
|
|-damage|p1a: Blue|112\/394 tox|[from] psn
|turn|12
|
|move|p2a: Grox|Close Combat|p1a: Blue
|-damage|p1a: Blue|0 fnt
|-damage|p2a: Grox|29\/321|[from] item: Rocky Helmet|[of] p1a: Blue
|-unboost|p2a: Grox|def|1
|-unboost|p2a: Grox|spd|1
|-damage|p2a: Grox|0 fnt|[from] item: Life Orb
|faint|p1a: Blue
|faint|p2a: Grox
|
|
|switch|p2a: All Hands|Ambipom, M|214\/291
|switch|p1a: Not blue at all|Mienshao, F|271\/271
|turn|13
|
|switch|p1a: Blue|Nidoqueen, F|346\/346
|move|p2a: All Hands|Fake Out|p1a: Blue
|-damage|p1a: Blue|216\/346
|-damage|p2a: All Hands|185\/291|[from] item: Life Orb
|
|turn|14
|
|move|p2a: All Hands|U-turn|p1a: Blue
|-resisted|p1a: Blue
|-damage|p1a: Blue|165\/346
|-damage|p2a: All Hands|156\/291|[from] item: Life Orb
|
|switch|p2a: Tusker|Donphan, F|321\/321
|move|p1a: Blue|Earthquake|p2a: Tusker
|-damage|p2a: Tusker|172\/321
|-damage|p1a: Blue|131\/346|[from] item: Life Orb
|
|-heal|p2a: Tusker|192\/321|[from] item: Leftovers
|turn|15
|
|move|p1a: Blue|Ice Punch|p2a: Tusker
|-supereffective|p2a: Tusker
|-damage|p2a: Tusker|10\/321
|move|p2a: Tusker|Stealth Rock|p1a: Blue
|-sidestart|p1: uunubnub|move: Stealth Rock
|
|-heal|p2a: Tusker|30\/321|[from] item: Leftovers
|turn|16
|
|move|p2a: Tusker|Ice Shard|p1a: Blue
|-supereffective|p1a: Blue
|-damage|p1a: Blue|25\/346
|move|p1a: Blue|Stealth Rock|p2a: Tusker
|-sidestart|p2: NinjaDeathStrike|move: Stealth Rock
|
|-heal|p2a: Tusker|50\/321|[from] item: Leftovers
|turn|17
|
|move|p2a: Tusker|Ice Shard|p1a: Blue
|-supereffective|p1a: Blue
|-damage|p1a: Blue|0 fnt
|faint|p1a: Blue
|
|-heal|p2a: Tusker|70\/321|[from] item: Leftovers
|
|switch|p1a: Blue|Blastoise, M|362\/362
|-damage|p1a: Blue|317\/362|[from] Stealth Rock
|turn|18
|
|-formechange|p1a: Blue|Blastoise-Mega
|message|Blastoise has Mega Evolved into Mega Blastoise!
|move|p1a: Blue|Dark Pulse|p2a: Tusker
|-damage|p2a: Tusker|0 fnt
|faint|p2a: Tusker
|
|
|switch|p2a: Boreas|Suicune|341\/341
|-damage|p2a: Boreas|299\/341|[from] Stealth Rock
|-ability|p2a: Boreas|Pressure
|turn|19
|
|move|p2a: Boreas|Calm Mind|p2a: Boreas
|-boost|p2a: Boreas|spa|1
|-boost|p2a: Boreas|spd|1
|move|p1a: Blue|Rapid Spin|p2a: Boreas
|-damage|p2a: Boreas|290\/341
|-sideend|p1: uunubnub|Stealth Rock|[from] move: Rapid Spin|[of] p1a: Blue
|
|-heal|p2a: Boreas|311\/341|[from] item: Leftovers
|turn|20
|
|move|p2a: Boreas|Calm Mind|p2a: Boreas
|-boost|p2a: Boreas|spa|1
|-boost|p2a: Boreas|spd|1
|move|p1a: Blue|Dark Pulse|p2a: Boreas
|-damage|p2a: Boreas|241\/341
|
|-heal|p2a: Boreas|262\/341|[from] item: Leftovers
|turn|21
|
|move|p2a: Boreas|Calm Mind|p2a: Boreas
|-boost|p2a: Boreas|spa|1
|-boost|p2a: Boreas|spd|1
|move|p1a: Blue|Dark Pulse|p2a: Boreas
|-damage|p2a: Boreas|203\/341
|
|-heal|p2a: Boreas|224\/341|[from] item: Leftovers
|turn|22
|
|move|p2a: Boreas|Calm Mind|p2a: Boreas
|-boost|p2a: Boreas|spa|1
|-boost|p2a: Boreas|spd|1
|move|p1a: Blue|Dark Pulse|p2a: Boreas
|-crit|p2a: Boreas
|-damage|p2a: Boreas|0 fnt
|faint|p2a: Boreas
|
|chat|NinjaDeathStrike|>.>
|
|switch|p2a: All Hands|Ambipom, M|156\/291
|-damage|p2a: All Hands|120\/291|[from] Stealth Rock
|turn|23
|chat|uunubnub|-.-
|
|move|p2a: All Hands|Fake Out|p1a: Blue
|-damage|p1a: Blue|208\/362
|-damage|p2a: All Hands|91\/291|[from] item: Life Orb
|cant|p1a: Blue|flinch
|
|turn|24
|chat|NinjaDeathStrike|I probably deserved that lol
|chat|NinjaDeathStrike|oh well. it happens
|
|move|p2a: All Hands|Double Hit|p1a: Blue
|-damage|p1a: Blue|125\/362
|-damage|p1a: Blue|38\/362
|-hitcount|p1a: Blue|2
|-damage|p2a: All Hands|62\/291|[from] item: Life Orb
|move|p1a: Blue|Water Pulse|p2a: All Hands
|-damage|p2a: All Hands|0 fnt
|faint|p2a: All Hands
|
|
|switch|p2a: Whisper|Umbreon, M|324\/394
|-damage|p2a: Whisper|275\/394|[from] Stealth Rock
|turn|25
|chat|uunubnub|showdown is unforgiving with hax
|
|move|p1a: Blue|Water Pulse|p2a: Whisper
|-damage|p2a: Whisper|166\/394
|move|p2a: Whisper|Wish|p2a: Whisper
|
|-heal|p2a: Whisper|190\/394|[from] item: Leftovers
|turn|26
|
|switch|p1a: Not too blue...|Florges, F|317\/317
|move|p2a: Whisper|Foul Play|p1a: Not too blue...
|-crit|p1a: Not too blue...
|-resisted|p1a: Not too blue...
|-damage|p1a: Not too blue...|238\/317
|
|-heal|p2a: Whisper|387\/394|[from] move: Wish|[wisher] Whisper
|-heal|p2a: Whisper|394\/394|[from] item: Leftovers
|turn|27
|
|move|p1a: Not too blue...|Moonblast|p2a: Whisper
|-supereffective|p2a: Whisper
|-damage|p2a: Whisper|100\/394
|move|p2a: Whisper|Wish|p2a: Whisper
|
|-heal|p2a: Whisper|124\/394|[from] item: Leftovers
|turn|28
|
|move|p1a: Not too blue...|Moonblast|p2a: Whisper
|-crit|p2a: Whisper
|-supereffective|p2a: Whisper
|-damage|p2a: Whisper|0 fnt
|faint|p2a: Whisper
|
|win|uunubnub
|raw|Ladder updating...
|chat|NinjaDeathStrike|gg
|raw|uunubnub's rating: 1409 &rarr; <strong>1426<\/strong><br \/>(+17 for winning)
|raw|NinjaDeathStrike's rating: 1367 &rarr; <strong>1350<\/strong><br \/>(-17 for losing)
|chat|uunubnub|gg