|join|iuuplay
|join|uunubnub
|player|p1|iuuplay|2
|player|p2|uunubnub|3
|gametype|singles
|gen|6
|tier|UU
|rated
|clearpoke
|poke|p1|Ampharos, F
|poke|p1|Cobalion
|poke|p1|Roserade, F
|poke|p1|Slowbro, F
|poke|p1|Florges, F
|poke|p1|Weavile, M
|poke|p2|Quagsire, M
|poke|p2|Florges, F
|poke|p2|Mienshao, M
|poke|p2|Houndoom, M, shiny
|poke|p2|Blastoise, F
|poke|p2|Nidoqueen, F
|rule|Sleep Clause Mod: Limit one foe put to sleep
|rule|Species Clause: Limit one of each Pokemon
|rule|OHKO Clause: OHKO moves are banned
|rule|Moody Clause: Moody is banned
|rule|Evasion Moves Clause: Evasion moves are banned
|rule|Endless Battle Clause: Forcing endless battles is banned.
|rule|HP Percentage Mod: HP is reported as percentages
|teampreview
|leave|uunubnub
|player|p2
|join|uunubnub
|player|p2|uunubnub|3
|teampreview
|
|start
|switch|p1a: Cobalion|Cobalion|385\/385
|switch|p2a: Blue|Houndoom, M, shiny|292\/292
|turn|1
|
|move|p2a: Blue|Overheat|p1a: Cobalion
|-supereffective|p1a: Cobalion
|-damage|p1a: Cobalion|0 fnt
|-unboost|p2a: Blue|spa|2
|faint|p1a: Cobalion
|
|
|switch|p1a: Ampharos|Ampharos, F|383\/383
|turn|2
|
|switch|p2a: Blue|Florges, F|317\/317
|switch|p1a: Weavile|Weavile, M|282\/282
|-ability|p1a: Weavile|Pressure
|
|turn|3
|
|switch|p1a: Roserade|Roserade, F|324\/324
|switch|p2a: Blue|Quagsire, M|394\/394
|
|turn|4
|
|switch|p2a: Blue|Florges, F|317\/317
|move|p1a: Roserade|Toxic Spikes|p2a: Blue
|-sidestart|p2: uunubnub|move: Toxic Spikes
|
|turn|5
|
|move|p2a: Blue|Psychic|p1a: Roserade
|-supereffective|p1a: Roserade
|-damage|p1a: Roserade|100\/324
|move|p1a: Roserade|Toxic Spikes|p2a: Blue
|-sidestart|p2: uunubnub|move: Toxic Spikes
|
|-heal|p1a: Roserade|120\/324|[from] item: Black Sludge
|turn|6
|
|switch|p1a: Weavile|Weavile, M|282\/282
|-ability|p1a: Weavile|Pressure
|move|p2a: Blue|Psychic|p1a: Weavile
|-immune|p1a: Weavile|[msg]
|
|turn|7
|
|switch|p1a: Ampharos|Ampharos, F|383\/383
|switch|p2a: Blue|Blastoise, F|362\/362
|-status|p2a: Blue|tox
|
|-damage|p2a: Blue|340\/362 tox|[from] psn
|turn|8
|
|-formechange|p2a: Blue|Blastoise-Mega
|message|Blastoise has Mega Evolved into Mega Blastoise!
|-formechange|p1a: Ampharos|Ampharos-Mega
|message|Ampharos has Mega Evolved into Mega Ampharos!
|-ability|p1a: Ampharos|Mold Breaker
|move|p2a: Blue|Rapid Spin|p1a: Ampharos
|-damage|p1a: Ampharos|371\/383
|-sideend|p2: uunubnub|Toxic Spikes|[from] move: Rapid Spin|[of] p2a: Blue
|move|p1a: Ampharos|Dragon Pulse|p2a: Blue
|-damage|p2a: Blue|156\/362 tox
|
|-damage|p2a: Blue|112\/362 tox|[from] psn
|turn|9
|
|move|p2a: Blue|Flash Cannon|p1a: Ampharos
|-resisted|p1a: Ampharos
|-damage|p1a: Ampharos|320\/383
|move|p1a: Ampharos|Volt Switch|p2a: Blue
|-supereffective|p2a: Blue
|-damage|p2a: Blue|0 fnt
|faint|p2a: Blue
|
|switch|p1a: Roserade|Roserade, F|120\/324
|
|-heal|p1a: Roserade|140\/324|[from] item: Black Sludge
|
|switch|p2a: Blue|Houndoom, M, shiny|292\/292
|turn|10
|
|switch|p1a: Florges|Florges, F|360\/360
|move|p2a: Blue|Dark Pulse|p1a: Florges
|-resisted|p1a: Florges
|-damage|p1a: Florges|324\/360
|
|-heal|p1a: Florges|346\/360|[from] item: Leftovers
|turn|11
|
|switch|p1a: Weavile|Weavile, M|282\/282
|-ability|p1a: Weavile|Pressure
|move|p2a: Blue|Dark Pulse|p1a: Weavile
|-resisted|p1a: Weavile
|-damage|p1a: Weavile|204\/282
|
|turn|12
|
|switch|p2a: Blue|Quagsire, M|394\/394
|move|p1a: Weavile|Ice Punch|p2a: Blue
|-damage|p2a: Blue|237\/394
|-damage|p1a: Weavile|157\/282|[from] item: Rocky Helmet|[of] p2a: Blue
|-status|p2a: Blue|frz
|
|turn|13
|
|switch|p1a: Roserade|Roserade, F|140\/324
|cant|p2a: Blue|frz
|
|-heal|p1a: Roserade|160\/324|[from] item: Black Sludge
|turn|14
|
|move|p1a: Roserade|Synthesis|p1a: Roserade
|-heal|p1a: Roserade|322\/324
|cant|p2a: Blue|frz
|
|-heal|p1a: Roserade|324\/324|[from] item: Black Sludge
|turn|15
|
|move|p1a: Roserade|Sludge Bomb|p2a: Blue
|-resisted|p2a: Blue
|-damage|p2a: Blue|146\/394 frz
|cant|p2a: Blue|frz
|
|turn|16
|
|move|p1a: Roserade|Giga Drain|p2a: Blue
|-supereffective|p2a: Blue
|-damage|p2a: Blue|0 fnt
|faint|p2a: Blue
|
|
|switch|p2a: Blue|Houndoom, M, shiny|292\/292
|turn|17
|
|switch|p1a: Florges|Florges, F|346\/360
|move|p2a: Blue|Overheat|p1a: Florges
|-crit|p1a: Florges
|-damage|p1a: Florges|163\/360
|-unboost|p2a: Blue|spa|2
|
|-heal|p1a: Florges|185\/360|[from] item: Leftovers
|turn|18
|
|switch|p2a: Blue|Nidoqueen, F|346\/346
|move|p1a: Florges|Wish|p1a: Florges
|
|-heal|p1a: Florges|207\/360|[from] item: Leftovers
|turn|19
|
|switch|p1a: Slowbro|Slowbro, F|394\/394
|move|p2a: Blue|Poison Jab|p1a: Slowbro
|-damage|p1a: Slowbro|195\/394
|
|-heal|p1a: Slowbro|375\/394|[from] move: Wish|[wisher] Florges
|turn|20
|
|move|p2a: Blue|Stealth Rock|p1a: Slowbro
|-sidestart|p1: iuuplay|move: Stealth Rock
|move|p1a: Slowbro|Psyshock|p2a: Blue
|-supereffective|p2a: Blue
|-damage|p2a: Blue|56\/346
|
|turn|21
|
|switch|p2a: Blue|Florges, F|317\/317
|move|p1a: Slowbro|Psyshock|p2a: Blue
|-damage|p2a: Blue|125\/317
|
|turn|22
|
|move|p2a: Blue|Energy Ball|p1a: Slowbro
|-supereffective|p1a: Slowbro
|-damage|p1a: Slowbro|99\/394
|move|p1a: Slowbro|Psyshock|p2a: Blue
|-damage|p2a: Blue|0 fnt
|faint|p2a: Blue
|
|
|switch|p2a: Not Really Blue|Mienshao, M|271\/271
|turn|23
|
|switch|p1a: Roserade|Roserade, F|324\/324
|-damage|p1a: Roserade|284\/324|[from] Stealth Rock
|move|p2a: Not Really Blue|U-turn|p1a: Roserade
|-damage|p1a: Roserade|133\/324
|-damage|p2a: Not Really Blue|244\/271|[from] item: Life Orb
|
|switch|p2a: Blue|Houndoom, M, shiny|292\/292
|
|-heal|p1a: Roserade|153\/324|[from] item: Black Sludge
|turn|24
|
|move|p2a: Blue|Dark Pulse|p1a: Roserade
|-damage|p1a: Roserade|47\/324
|move|p1a: Roserade|Sludge Bomb|p2a: Blue
|-damage|p2a: Blue|133\/292
|
|-heal|p1a: Roserade|67\/324|[from] item: Black Sludge
|turn|25
|
|move|p2a: Blue|Dark Pulse|p1a: Roserade
|-damage|p1a: Roserade|0 fnt
|faint|p1a: Roserade
|
|
|switch|p1a: Weavile|Weavile, M|157\/282
|-damage|p1a: Weavile|87\/282|[from] Stealth Rock
|-ability|p1a: Weavile|Pressure
|turn|26
|
|move|p2a: Blue|Dark Pulse|p1a: Weavile
|-resisted|p1a: Weavile
|-damage|p1a: Weavile|6\/282
|cant|p1a: Weavile|flinch
|
|turn|27
|chat|iuuplay|rofl
|
|move|p1a: Weavile|Ice Shard|p2a: Blue
|-resisted|p2a: Blue
|-damage|p2a: Blue|52\/292
|move|p2a: Blue|Dark Pulse|p1a: Weavile
|-resisted|p1a: Weavile
|-damage|p1a: Weavile|0 fnt
|faint|p1a: Weavile
|
|chat|uunubnub|copter
|
|switch|p1a: Florges|Florges, F|207\/360
|-damage|p1a: Florges|162\/360|[from] Stealth Rock
|turn|28
|chat|iuuplay|copter
|
|switch|p2a: Blue|Nidoqueen, F|56\/346
|move|p1a: Florges|Wish|p1a: Florges
|
|-heal|p1a: Florges|184\/360|[from] item: Leftovers
|turn|29
|chat|iuuplay|wut
|chat|uunubnub|dude roflcopter
|
|move|p1a: Florges|Protect|p1a: Florges
|-singleturn|p1a: Florges|Protect
|move|p2a: Blue|Earthquake|p1a: Florges
|-activate|p1a: Florges|Protect
|
|-heal|p1a: Florges|360\/360|[from] move: Wish|[wisher] Florges
|turn|30
|
|move|p2a: Blue|Poison Jab|p1a: Florges
|-supereffective|p1a: Florges
|-damage|p1a: Florges|0 fnt
|faint|p1a: Florges
|
|
|switch|p1a: Slowbro|Slowbro, F|230\/394
|-damage|p1a: Slowbro|181\/394|[from] Stealth Rock
|turn|31
|
|move|p2a: Blue|Earthquake|p1a: Slowbro
|-damage|p1a: Slowbro|0 fnt
|-damage|p2a: Blue|22\/346|[from] item: Life Orb
|faint|p1a: Slowbro
|
|chat|iuuplay|man u got so lucky
|chat|iuuplay|smhh
|-message|iuuplay forfeited.
|
|win|uunubnub
|raw|Ladder updating...
|leave|iuuplay
|player|p1
|raw|iuuplay's rating: 1401 &rarr; <strong>1372<\/strong><br \/>(-29 for losing)
|raw|uunubnub's rating: 1244 &rarr; <strong>1279<\/strong><br \/>(+35 for winning)