|join|Muk n' Chuck
|join|uunubnub
|player|p1|Muk n' Chuck|109
|player|p2|uunubnub|126
|gametype|singles
|gen|6
|tier|UU
|rated
|clearpoke
|poke|p1|Jolteon, M
|poke|p1|Crobat, M
|poke|p1|Hitmontop, M
|poke|p1|Bronzong
|poke|p1|Florges, F
|poke|p1|Houndoom, M
|poke|p2|Quagsire, M
|poke|p2|Florges, F
|poke|p2|Mienshao, F
|poke|p2|Houndoom, M
|poke|p2|Cloyster, F
|poke|p2|Nidoqueen, F
|rule|Sleep Clause Mod: Limit one foe put to sleep
|rule|Species Clause: Limit one of each Pokemon
|rule|OHKO Clause: OHKO moves are banned
|rule|Moody Clause: Moody is banned
|rule|Evasion Moves Clause: Evasion moves are banned
|rule|Endless Battle Clause: Forcing endless battles is banned.
|rule|HP Percentage Mod: HP is reported as percentages
|teampreview
|
|start
|switch|p1a: Crobat|Crobat, M|312\/312
|switch|p2a: Latifa|Nidoqueen, F|346\/346
|turn|1
|
|move|p1a: Crobat|U-turn|p2a: Latifa
|-resisted|p2a: Latifa
|-damage|p2a: Latifa|305\/346
|
|switch|p1a: Bronzong|Bronzong|327\/327
|move|p2a: Latifa|Stealth Rock|p1a: Bronzong
|-sidestart|p1: Muk n' Chuck|move: Stealth Rock
|
|turn|2
|
|switch|p2a: Cujo|Houndoom, M|292\/292
|move|p1a: Bronzong|Earthquake|p2a: Cujo
|-supereffective|p2a: Cujo
|-damage|p2a: Cujo|0 fnt
|faint|p2a: Cujo
|
|
|switch|p2a: Not A Boyd|Mienshao, F|271\/271
|turn|3
|
|switch|p1a: Hitmontop|Hitmontop, M|304\/304
|-damage|p1a: Hitmontop|285\/304|[from] Stealth Rock
|-ability|p1a: Hitmontop|Intimidate|[of] p2a: Not A Boyd
|-unboost|p2a: Not A Boyd|atk|1
|move|p2a: Not A Boyd|High Jump Kick|p1a: Hitmontop
|-damage|p1a: Hitmontop|137\/304
|
|-heal|p1a: Hitmontop|156\/304|[from] item: Leftovers
|turn|4
|
|move|p2a: Not A Boyd|High Jump Kick|p1a: Hitmontop
|-damage|p1a: Hitmontop|2\/304
|move|p1a: Hitmontop|Bulk Up|p1a: Hitmontop
|-boost|p1a: Hitmontop|atk|1
|-boost|p1a: Hitmontop|def|1
|
|-heal|p1a: Hitmontop|21\/304|[from] item: Leftovers
|turn|5
|
|move|p1a: Hitmontop|Sucker Punch|p2a: Not A Boyd
|-resisted|p2a: Not A Boyd
|-damage|p2a: Not A Boyd|196\/271
|move|p2a: Not A Boyd|U-turn|p1a: Hitmontop
|-resisted|p1a: Hitmontop
|-damage|p1a: Hitmontop|4\/304
|
|switch|p2a: George Bush|Quagsire, M|394\/394
|
|-heal|p1a: Hitmontop|23\/304|[from] item: Leftovers
|turn|6
|
|move|p1a: Hitmontop|Close Combat|p2a: George Bush
|-damage|p2a: George Bush|271\/394
|-damage|p1a: Hitmontop|0 fnt|[from] item: Rocky Helmet|[of] p2a: George Bush
|faint|p1a: Hitmontop
|move|p2a: George Bush|Ice Punch|p1: Hitmontop|[notarget]
|-notarget
|
|
|switch|p1a: Bronzong|Bronzong|327\/327
|-damage|p1a: Bronzong|307\/327|[from] Stealth Rock
|turn|7
|
|move|p2a: George Bush|Recover|p2a: George Bush
|-heal|p2a: George Bush|394\/394
|move|p1a: Bronzong|Toxic|p2a: George Bush
|-status|p2a: George Bush|tox
|
|-heal|p1a: Bronzong|327\/327|[from] item: Leftovers
|-damage|p2a: George Bush|370\/394 tox|[from] psn
|turn|8
|
|switch|p2a: Not A Boyd|Mienshao, F|271\/271
|move|p1a: Bronzong|Toxic|p2a: Not A Boyd
|-status|p2a: Not A Boyd|tox
|
|-damage|p2a: Not A Boyd|255\/271 tox|[from] psn
|turn|9
|
|move|p1a: Bronzong|Protect|p1a: Bronzong
|-singleturn|p1a: Bronzong|Protect
|move|p2a: Not A Boyd|U-turn|p1a: Bronzong
|-activate|p1a: Bronzong|Protect
|
|-damage|p2a: Not A Boyd|223\/271 tox|[from] psn
|turn|10
|
|switch|p1a: Crobat|Crobat, M|312\/312
|-damage|p1a: Crobat|234\/312|[from] Stealth Rock
|move|p2a: Not A Boyd|High Jump Kick|p1a: Crobat|[miss]
|-miss|p2a: Not A Boyd|p1a: Crobat
|-damage|p2a: Not A Boyd|88\/271 tox|[from] highjumpkick
|
|-heal|p1a: Crobat|253\/312|[from] item: Black Sludge
|-damage|p2a: Not A Boyd|40\/271 tox|[from] psn
|turn|11
|
|switch|p2a: George Bush|Quagsire, M|370\/394 tox
|move|p1a: Crobat|Defog|p2a: George Bush
|-unboost|p2a: George Bush|evasion|1
|-sideend|p1: Muk n' Chuck|Stealth Rock|[from] move: Defog|[of] p1a: Crobat
|
|-heal|p1a: Crobat|272\/312|[from] item: Black Sludge
|-damage|p2a: George Bush|346\/394 tox|[from] psn
|turn|12
|
|move|p1a: Crobat|Taunt|p2a: George Bush
|-start|p2a: George Bush|move: Taunt
|move|p2a: George Bush|Earthquake|p1a: Crobat
|-immune|p1a: Crobat|[msg]
|
|-heal|p1a: Crobat|291\/312|[from] item: Black Sludge
|-damage|p2a: George Bush|298\/394 tox|[from] psn
|turn|13
|
|switch|p2a: Latifa|Nidoqueen, F|305\/346
|move|p1a: Crobat|U-turn|p2a: Latifa
|-crit|p2a: Latifa
|-resisted|p2a: Latifa
|-damage|p2a: Latifa|246\/346
|
|switch|p1a: Bronzong|Bronzong|327\/327
|
|turn|14
|
|move|p2a: Latifa|Earthquake|p1a: Bronzong
|-immune|p1a: Bronzong|[msg]
|move|p1a: Bronzong|Earthquake|p2a: Latifa
|-supereffective|p2a: Latifa
|-damage|p2a: Latifa|72\/346
|
|turn|15
|chat|uunubnub|gg
|-message|uunubnub forfeited.
|
|win|Muk n' Chuck
|raw|Ladder updating...
|leave|uunubnub
|player|p2
|raw|Muk n&apos; Chuck's rating: 1259 &rarr; <strong>1283<\/strong><br \/>(+24 for winning)
|raw|uunubnub's rating: 1237 &rarr; <strong>1214<\/strong><br \/>(-23 for losing)