|join|naticloo
|join|uunubnub
|player|p1|naticloo|209
|player|p2|uunubnub|3
|gametype|singles
|gen|6
|tier|UU
|rated
|rule|Sleep Clause Mod: Limit one foe put to sleep
|rule|Species Clause: Limit one of each Pokemon
|rule|OHKO Clause: OHKO moves are banned
|rule|Moody Clause: Moody is banned
|rule|Evasion Moves Clause: Evasion moves are banned
|rule|Endless Battle Clause: Forcing endless battles is banned.
|rule|HP Percentage Mod: HP is reported as percentages
|clearpoke
|poke|p1|Roserade, F
|poke|p1|Donphan, M
|poke|p1|Azelf
|poke|p1|Cloyster, F
|poke|p1|Manectric, M
|poke|p1|Spiritomb, M
|poke|p2|Quagsire, F
|poke|p2|Florges, F
|poke|p2|Mienshao, F
|poke|p2|Houndoom, F, shiny
|poke|p2|Blastoise, F
|poke|p2|Nidoqueen, F
|teampreview
|
|start
|switch|p1a: Azelf|Azelf|292\/292
|switch|p2a: Blue|Houndoom, F, shiny|292\/292
|turn|1
|
|move|p2a: Blue|Overheat|p1a: Azelf
|-enditem|p1a: Azelf|Focus Sash
|-damage|p1a: Azelf|1\/292
|-unboost|p2a: Blue|spa|2
|move|p1a: Azelf|Stealth Rock|p2a: Blue
|-sidestart|p2: uunubnub|move: Stealth Rock
|
|turn|2
|
|switch|p2a: Blue|Nidoqueen, F|346\/346
|-damage|p2a: Blue|325\/346|[from] Stealth Rock
|switch|p1a: Donphan|Donphan, M|384\/384
|
|turn|3
|
|switch|p2a: Blue|Quagsire, F|394\/394
|-damage|p2a: Blue|370\/394|[from] Stealth Rock
|move|p1a: Donphan|Earthquake|p2a: Blue
|-damage|p2a: Blue|217\/394
|
|turn|4
|
|switch|p1a: Roserade|Roserade, F|262\/262
|move|p2a: Blue|Ice Punch|p1a: Roserade
|-supereffective|p1a: Roserade
|-damage|p1a: Roserade|114\/262
|
|-heal|p1a: Roserade|130\/262|[from] item: Black Sludge
|turn|5
|
|switch|p2a: Not too blue...|Florges, F|317\/317
|-damage|p2a: Not too blue...|278\/317|[from] Stealth Rock
|move|p1a: Roserade|Energy Ball|p2a: Not too blue...
|-damage|p2a: Not too blue...|164\/317
|
|-heal|p1a: Roserade|146\/262|[from] item: Black Sludge
|turn|6
|
|move|p1a: Roserade|Sludge Bomb|p2a: Not too blue...
|-supereffective|p2a: Not too blue...
|-damage|p2a: Not too blue...|0 fnt
|faint|p2a: Not too blue...
|
|-heal|p1a: Roserade|162\/262|[from] item: Black Sludge
|
|switch|p2a: Blue|Houndoom, F, shiny|292\/292
|-damage|p2a: Blue|219\/292|[from] Stealth Rock
|turn|7
|
|switch|p1a: Donphan|Donphan, M|384\/384
|move|p2a: Blue|Dark Pulse|p1a: Donphan
|-damage|p1a: Donphan|254\/384
|
|turn|8
|
|switch|p2a: Blue|Quagsire, F|217\/394
|-damage|p2a: Blue|193\/394|[from] Stealth Rock
|move|p1a: Donphan|Earthquake|p2a: Blue
|-damage|p2a: Blue|45\/394
|
|turn|9
|
|move|p1a: Donphan|Earthquake|p2a: Blue
|-damage|p2a: Blue|0 fnt
|faint|p2a: Blue
|
|
|switch|p2a: Blue|Blastoise, F|362\/362
|-damage|p2a: Blue|317\/362|[from] Stealth Rock
|turn|10
|
|switch|p1a: Spiritomb|Spiritomb, M|304\/304
|-formechange|p2a: Blue|Blastoise-Mega
|message|Blastoise has Mega Evolved into Mega Blastoise!
|move|p2a: Blue|Water Pulse|p1a: Spiritomb
|-damage|p1a: Spiritomb|141\/304
|
|-heal|p1a: Spiritomb|160\/304|[from] item: Leftovers
|turn|11
|
|switch|p1a: Roserade|Roserade, F|162\/262
|move|p2a: Blue|Dark Pulse|p1a: Roserade
|-damage|p1a: Roserade|4\/262
|
|-heal|p1a: Roserade|20\/262|[from] item: Black Sludge
|turn|12
|
|move|p1a: Roserade|Sleep Powder|p2a: Blue|[miss]
|-miss|p1a: Roserade|p2a: Blue
|move|p2a: Blue|Rapid Spin|p1a: Roserade
|-damage|p1a: Roserade|2\/262
|-sideend|p2: uunubnub|Stealth Rock|[from] move: Rapid Spin|[of] p2a: Blue
|
|-heal|p1a: Roserade|18\/262|[from] item: Black Sludge
|turn|13
|
|switch|p2a: Not blue at all|Mienshao, F|271\/271
|move|p1a: Roserade|Sleep Powder|p2a: Not blue at all
|-status|p2a: Not blue at all|slp
|
|-heal|p1a: Roserade|34\/262|[from] item: Black Sludge
|turn|14
|
|switch|p2a: Blue|Nidoqueen, F|325\/346
|move|p1a: Roserade|Sludge Bomb|p2a: Blue
|-resisted|p2a: Blue
|-damage|p2a: Blue|277\/346
|
|-heal|p1a: Roserade|50\/262|[from] item: Black Sludge
|turn|15
|
|move|p1a: Roserade|Energy Ball|p2a: Blue
|-damage|p2a: Blue|91\/346
|-unboost|p2a: Blue|spd|1
|move|p2a: Blue|Stealth Rock|p1a: Roserade
|-sidestart|p1: naticloo|move: Stealth Rock
|
|-heal|p1a: Roserade|66\/262|[from] item: Black Sludge
|turn|16
|
|switch|p2a: Not blue at all|Mienshao, F|271\/271 slp
|move|p1a: Roserade|Energy Ball|p2a: Not blue at all
|-damage|p2a: Not blue at all|0 fnt
|faint|p2a: Not blue at all
|
|-heal|p1a: Roserade|82\/262|[from] item: Black Sludge
|
|switch|p2a: Blue|Houndoom, F, shiny|219\/292
|turn|17
|
|move|p2a: Blue|Dark Pulse|p1a: Roserade
|-damage|p1a: Roserade|0 fnt
|faint|p1a: Roserade
|
|
|switch|p1a: Donphan|Donphan, M|254\/384
|-damage|p1a: Donphan|230\/384|[from] Stealth Rock
|turn|18
|
|move|p2a: Blue|Dark Pulse|p1a: Donphan
|-crit|p1a: Donphan
|-damage|p1a: Donphan|25\/384
|move|p1a: Donphan|Rapid Spin|p2a: Blue
|-damage|p2a: Blue|172\/292
|-sideend|p1: naticloo|Stealth Rock|[from] move: Rapid Spin|[of] p1a: Donphan
|
|turn|19
|
|move|p1a: Donphan|Ice Shard|p2a: Blue
|-resisted|p2a: Blue
|-damage|p2a: Blue|128\/292
|move|p2a: Blue|Dark Pulse|p1a: Donphan
|-damage|p1a: Donphan|0 fnt
|faint|p1a: Donphan
|
|
|switch|p1a: Cloyster|Cloyster, F|242\/242
|turn|20
|
|move|p2a: Blue|Dark Pulse|p1a: Cloyster
|-enditem|p1a: Cloyster|Focus Sash
|-damage|p1a: Cloyster|1\/242
|move|p1a: Cloyster|Shell Smash|p1a: Cloyster
|-boost|p1a: Cloyster|atk|2
|-boost|p1a: Cloyster|spa|2
|-boost|p1a: Cloyster|spe|2
|-unboost|p1a: Cloyster|def|1
|-unboost|p1a: Cloyster|spd|1
|
|turn|21
|
|move|p1a: Cloyster|Icicle Spear|p2a: Blue
|-resisted|p2a: Blue
|-damage|p2a: Blue|65\/292
|-resisted|p2a: Blue
|-damage|p2a: Blue|0 fnt
|-hitcount|p2a: Blue|2
|faint|p2a: Blue
|
|
|switch|p2a: Blue|Blastoise, F|317\/362
|-formechange|p2a: Blue|Blastoise-Mega
|turn|22
|
|move|p1a: Cloyster|Rock Blast|p2a: Blue
|-damage|p2a: Blue|269\/362
|-crit|p2a: Blue
|-damage|p2a: Blue|200\/362
|-damage|p2a: Blue|151\/362
|-damage|p2a: Blue|106\/362
|-damage|p2a: Blue|64\/362
|-hitcount|p2a: Blue|5
|move|p2a: Blue|Dark Pulse|p1a: Cloyster
|-damage|p1a: Cloyster|0 fnt
|faint|p1a: Cloyster
|
|
|switch|p1a: Azelf|Azelf|1\/292
|turn|23
|
|move|p1a: Azelf|Psyshock|p2a: Blue
|-damage|p2a: Blue|0 fnt
|faint|p2a: Blue
|
|
|switch|p2a: Blue|Nidoqueen, F|91\/346
|turn|24
|
|move|p1a: Azelf|Psyshock|p2a: Blue
|-supereffective|p2a: Blue
|-damage|p2a: Blue|0 fnt
|faint|p2a: Blue
|
|win|naticloo
|raw|Ladder updating...
|chat|uunubnub|gg
|chat|naticloo|gg
|raw|naticloo's rating: 1422 &rarr; <strong>1438<\/strong><br \/>(+16 for winning)
|raw|uunubnub's rating: 1350 &rarr; <strong>1334<\/strong><br \/>(-16 for losing)