|join|uunubnub
|join|Dit dus
|player|p1|uunubnub|3
|player|p2|Dit dus|169
|gametype|singles
|gen|6
|tier|UU
|rated
|rule|Sleep Clause Mod: Limit one foe put to sleep
|rule|Species Clause: Limit one of each PokÃ©mon
|rule|OHKO Clause: OHKO moves are banned
|rule|Moody Clause: Moody is banned
|rule|Evasion Moves Clause: Evasion moves are banned
|rule|Endless Battle Clause: Forcing endless battles is banned
|rule|HP Percentage Mod: HP is shown in percentages
|clearpoke
|poke|p1|Crobat, M
|poke|p1|Swampert, M
|poke|p1|Machamp, M
|poke|p1|Reuniclus, F
|poke|p1|Volcarona, M
|poke|p1|Jirachi
|poke|p2|Krookodile, M
|poke|p2|Celebi
|poke|p2|Darmanitan, M
|poke|p2|Vaporeon, F
|poke|p2|Crobat, M
|poke|p2|Haxorus, M
|rule|Swagger Clause: Swagger is banned
|rule|Baton Pass Clause: Limit one PokÃ©mon knowing Baton Pass
|teampreview
|
|start
|switch|p1a: Swampert|Swampert, M|385\/385
|switch|p2a: Darmanitan|Darmanitan, M|351\/351
|turn|1
|
|detailschange|p1a: Swampert|Swampert-Mega, M
|message|Swampert has Mega Evolved into Mega Swampert!
|move|p2a: Darmanitan|U-turn|p1a: Swampert
|-damage|p1a: Swampert|314\/385
|
|switch|p2a: Vaporeon|Vaporeon, F|464\/464
|move|p1a: Swampert|Stealth Rock|p2a: Vaporeon
|-sidestart|p2: Dit dus|move: Stealth Rock
|
|turn|2
|
|move|p1a: Swampert|Yawn|p2a: Vaporeon
|-start|p2a: Vaporeon|move: Yawn|[of] p1a: Swampert
|move|p2a: Vaporeon|Scald|p1a: Swampert
|-damage|p1a: Swampert|217\/385
|
|turn|3
|
|switch|p2a: Celebi|Celebi|404\/404
|-damage|p2a: Celebi|354\/404|[from] Stealth Rock
|move|p1a: Swampert|Earthquake|p2a: Celebi
|-resisted|p2a: Celebi
|-damage|p2a: Celebi|252\/404
|
|-heal|p2a: Celebi|277\/404|[from] item: Leftovers
|turn|4
|
|switch|p1a: Volcarona|Volcarona, M|374\/374
|move|p2a: Celebi|Stealth Rock|p1a: Volcarona
|-sidestart|p1: uunubnub|move: Stealth Rock
|
|-heal|p2a: Celebi|302\/404|[from] item: Leftovers
|turn|5
|
|move|p1a: Volcarona|Quiver Dance|p1a: Volcarona
|-boost|p1a: Volcarona|spa|1
|-boost|p1a: Volcarona|spd|1
|-boost|p1a: Volcarona|spe|1
|move|p2a: Celebi|Leech Seed|p1a: Volcarona
|-start|p1a: Volcarona|move: Leech Seed
|
|-heal|p2a: Celebi|327\/404|[from] item: Leftovers
|-damage|p1a: Volcarona|328\/374|[from] Leech Seed|[of] p2a: Celebi
|-heal|p2a: Celebi|373\/404|[silent]
|turn|6
|
|switch|p2a: Vaporeon|Vaporeon, F|464\/464
|-damage|p2a: Vaporeon|406\/464|[from] Stealth Rock
|move|p1a: Volcarona|Quiver Dance|p1a: Volcarona
|-boost|p1a: Volcarona|spa|1
|-boost|p1a: Volcarona|spd|1
|-boost|p1a: Volcarona|spe|1
|
|-heal|p1a: Volcarona|351\/374|[from] item: Leftovers
|-heal|p2a: Vaporeon|435\/464|[from] item: Leftovers
|-damage|p1a: Volcarona|305\/374|[from] Leech Seed|[of] p2a: Vaporeon
|-heal|p2a: Vaporeon|464\/464|[silent]
|turn|7
|
|move|p2a: Vaporeon|Protect|p2a: Vaporeon
|-singleturn|p2a: Vaporeon|Protect
|move|p1a: Volcarona|Giga Drain|p2a: Vaporeon
|-activate|p2a: Vaporeon|Protect
|
|-heal|p1a: Volcarona|328\/374|[from] item: Leftovers
|-damage|p1a: Volcarona|282\/374|[from] Leech Seed|[of] p2a: Vaporeon
|turn|8
|
|switch|p2a: Celebi|Celebi|373\/404
|-damage|p2a: Celebi|323\/404|[from] Stealth Rock
|move|p1a: Volcarona|Giga Drain|p2a: Celebi
|-crit|p2a: Celebi
|-resisted|p2a: Celebi
|-damage|p2a: Celebi|238\/404
|-heal|p1a: Volcarona|325\/374|[from] drain|[of] p2a: Celebi
|
|-heal|p1a: Volcarona|348\/374|[from] item: Leftovers
|-heal|p2a: Celebi|263\/404|[from] item: Leftovers
|-damage|p1a: Volcarona|302\/374|[from] Leech Seed|[of] p2a: Celebi
|-heal|p2a: Celebi|309\/404|[silent]
|turn|9
|
|move|p1a: Volcarona|Fiery Dance|p2a: Celebi
|-supereffective|p2a: Celebi
|-damage|p2a: Celebi|0 fnt
|faint|p2a: Celebi
|
|-heal|p1a: Volcarona|325\/374|[from] item: Leftovers
|
|switch|p2a: Darmanitan|Darmanitan, M|351\/351
|-damage|p2a: Darmanitan|264\/351|[from] Stealth Rock
|turn|10
|
|move|p1a: Volcarona|Fiery Dance|p2a: Darmanitan
|-resisted|p2a: Darmanitan
|-damage|p2a: Darmanitan|79\/351
|move|p2a: Darmanitan|Rock Slide|p1a: Volcarona
|-supereffective|p1a: Volcarona
|-damage|p1a: Volcarona|0 fnt
|faint|p1a: Volcarona
|
|
|switch|p1a: Machamp|Machamp, M|383\/383
|-damage|p1a: Machamp|360\/383|[from] Stealth Rock
|turn|11
|
|switch|p2a: Crobat|Crobat, M|374\/374
|-damage|p2a: Crobat|281\/374|[from] Stealth Rock
|move|p1a: Machamp|Ice Punch|p2a: Crobat
|-supereffective|p2a: Crobat
|-damage|p2a: Crobat|0 fnt
|faint|p2a: Crobat
|
|
|switch|p2a: Haxorus|Haxorus, M|293\/293
|-damage|p2a: Haxorus|257\/293|[from] Stealth Rock
|-ability|p2a: Haxorus|Mold Breaker
|turn|12
|
|move|p2a: Haxorus|Dragon Dance|p2a: Haxorus
|-boost|p2a: Haxorus|atk|1
|-boost|p2a: Haxorus|spe|1
|move|p1a: Machamp|Ice Punch|p2a: Haxorus
|-supereffective|p2a: Haxorus
|-damage|p2a: Haxorus|0 fnt
|faint|p2a: Haxorus
|
|
|switch|p2a: Vaporeon|Vaporeon, F|464\/464
|-damage|p2a: Vaporeon|406\/464|[from] Stealth Rock
|turn|13
|
|switch|p1a: Reuniclus|Reuniclus, F|409\/409
|move|p2a: Vaporeon|Scald|p1a: Reuniclus
|-damage|p1a: Reuniclus|301\/409
|-status|p1a: Reuniclus|brn
|
|-heal|p2a: Vaporeon|435\/464|[from] item: Leftovers
|turn|14
|
|switch|p2a: Krookodile|Krookodile, M|331\/331
|-damage|p2a: Krookodile|311\/331|[from] Stealth Rock
|-ability|p2a: Krookodile|Intimidate|[of] p1a: Reuniclus
|-unboost|p1a: Reuniclus|atk|1
|move|p1a: Reuniclus|Energy Ball|p2a: Krookodile
|-supereffective|p2a: Krookodile
|-damage|p2a: Krookodile|0 fnt
|faint|p2a: Krookodile
|
|c|âDit dus|the movesets
|-message|Dit dus forfeited.
|
|win|uunubnub
|raw|Ladder updating...
|leave|Dit dus
|player|p2
|raw|uunubnub's rating: 1341 &rarr; <strong>1364<\/strong><br \/>(+23 for winning)
|raw|Dit dus's rating: 1400 &rarr; <strong>1376<\/strong><br \/>(-24 for losing)