|join|uunubnub
|join|saltion
|player|p1|uunubnub|184
|player|p2|saltion|102
|gametype|singles
|gen|6
|tier|UU
|rated
|rule|Sleep Clause Mod: Limit one foe put to sleep
|rule|Species Clause: Limit one of each PokÃ©mon
|rule|OHKO Clause: OHKO moves are banned
|rule|Moody Clause: Moody is banned
|rule|Evasion Moves Clause: Evasion moves are banned
|rule|Endless Battle Clause: Forcing endless battles is banned
|rule|HP Percentage Mod: HP is shown in percentages
|clearpoke
|poke|p1|Machamp, M
|poke|p1|Snorlax, F
|poke|p1|Cresselia, F
|poke|p1|Nidoqueen, F
|poke|p1|Blastoise, F
|poke|p1|Arcanine, M
|poke|p2|Jirachi
|poke|p2|Rotom-Heat
|poke|p2|Sceptile, F
|poke|p2|Gligar, F
|poke|p2|Florges, F
|poke|p2|Pangoro, M
|rule|Swagger Clause: Swagger is banned
|rule|Baton Pass Clause: Limit one PokÃ©mon knowing Baton Pass
|teampreview
|c|âsaltion|gl hf
|c|âuunubnub|yt
|
|start
|switch|p1a: Machamp|Machamp, M|321\/321
|switch|p2a: Jirachi|Jirachi|341\/341
|turn|1
|c|âsaltion|oh man you're a pro
|
|move|p2a: Jirachi|U-turn|p1a: Machamp
|-resisted|p1a: Machamp
|-damage|p1a: Machamp|283\/321
|
|switch|p2a: Florges|Florges, F|359\/359
|move|p1a: Machamp|Close Combat|p2a: Florges
|-resisted|p2a: Florges
|-damage|p2a: Florges|177\/359
|-unboost|p1a: Machamp|def|1
|-unboost|p1a: Machamp|spd|1
|
|-heal|p2a: Florges|199\/359|[from] item: Leftovers
|turn|2
|c|âuunubnub|lol ladder doesn't mean much
|
|switch|p1a: Nidoqueen|Nidoqueen, F|351\/351
|move|p2a: Florges|Wish|p2a: Florges
|
|-heal|p2a: Florges|221\/359|[from] item: Leftovers
|turn|3
|
|switch|p2a: Rotom-Heat|Rotom-Heat|241\/241
|move|p1a: Nidoqueen|Stealth Rock|p2a: Rotom-Heat
|-sidestart|p2: saltion|move: Stealth Rock
|
|turn|4
|
|move|p2a: Rotom-Heat|Overheat|p1a: Nidoqueen
|-damage|p1a: Nidoqueen|33\/351
|-unboost|p2a: Rotom-Heat|spa|2
|move|p1a: Nidoqueen|Sludge Wave|p2a: Rotom-Heat
|-damage|p2a: Rotom-Heat|38\/241
|
|turn|5
|
|switch|p1a: Snorlax|Snorlax, F|461\/461
|move|p2a: Rotom-Heat|Overheat|p1a: Snorlax
|-damage|p1a: Snorlax|371\/461
|-unboost|p2a: Rotom-Heat|spa|2
|
|turn|6
|
|move|p1a: Snorlax|Pursuit|p2a: Rotom-Heat|[from]Pursuit
|-damage|p2a: Rotom-Heat|0 fnt
|faint|p2a: Rotom-Heat
|
|
|switch|p2a: Gligar|Gligar, F|334\/334
|-damage|p2a: Gligar|293\/334|[from] Stealth Rock
|turn|7
|
|switch|p1a: Machamp|Machamp, M|283\/321
|move|p2a: Gligar|Defog|p1a: Machamp
|-unboost|p1a: Machamp|evasion|1
|-sideend|p2: saltion|Stealth Rock|[from] move: Defog|[of] p2a: Gligar
|
|turn|8
|
|switch|p2a: Jirachi|Jirachi|341\/341
|move|p1a: Machamp|Ice Punch|p2a: Jirachi
|-resisted|p2a: Jirachi
|-damage|p2a: Jirachi|273\/341
|
|turn|9
|
|switch|p1a: Cresselia|Cresselia, F|444\/444
|move|p2a: Jirachi|U-turn|p1a: Cresselia
|-supereffective|p1a: Cresselia
|-damage|p1a: Cresselia|356\/444
|
|switch|p2a: Pangoro|Pangoro, M|358\/358
|
|-heal|p1a: Cresselia|383\/444|[from] item: Leftovers
|turn|10
|
|move|p1a: Cresselia|Thunder Wave|p2a: Pangoro
|-status|p2a: Pangoro|par
|move|p2a: Pangoro|Knock Off|p1a: Cresselia
|-supereffective|p1a: Cresselia
|-damage|p1a: Cresselia|51\/444
|-enditem|p1a: Cresselia|Leftovers|[from] move: Knock Off|[of] p2a: Pangoro
|
|turn|11
|
|switch|p1a: Blastoise|Blastoise, F|362\/362
|move|p2a: Pangoro|Knock Off|p1a: Blastoise
|-damage|p1a: Blastoise|169\/362
|
|turn|12
|
|switch|p2a: Sceptile|Sceptile, F|282\/282
|detailschange|p1a: Blastoise|Blastoise-Mega, F
|-mega|p1a: Blastoise|Blastoise|Blastoisinite
|move|p1a: Blastoise|Aura Sphere|p2a: Sceptile
|-damage|p2a: Sceptile|105\/282
|
|turn|13
|
|switch|p1a: Snorlax|Snorlax, F|371\/461
|detailschange|p2a: Sceptile|Sceptile-Mega, F
|-mega|p2a: Sceptile|Sceptile|Sceptilite
|move|p2a: Sceptile|Giga Drain|p1a: Snorlax
|-damage|p1a: Snorlax|274\/461
|-heal|p2a: Sceptile|154\/282|[from] drain|[of] p1a: Snorlax
|
|turn|14
|
|switch|p2a: Gligar|Gligar, F|293\/334
|move|p1a: Snorlax|Body Slam|p2a: Gligar
|-damage|p2a: Gligar|230\/334
|-status|p2a: Gligar|par
|
|turn|15
|
|switch|p1a: Cresselia|Cresselia, F|51\/444
|switch|p2a: Sceptile|Sceptile-Mega, F|154\/282
|
|turn|16
|
|move|p2a: Sceptile|Giga Drain|p1a: Cresselia
|-damage|p1a: Cresselia|0 fnt
|-heal|p2a: Sceptile|180\/282|[from] drain|[of] p1a: Cresselia
|faint|p1a: Cresselia
|
|
|switch|p1a: Machamp|Machamp, M|283\/321
|turn|17
|
|switch|p2a: Florges|Florges, F|221\/359
|move|p1a: Machamp|Close Combat|p2a: Florges
|-resisted|p2a: Florges
|-damage|p2a: Florges|49\/359
|-unboost|p1a: Machamp|def|1
|-unboost|p1a: Machamp|spd|1
|
|-heal|p2a: Florges|71\/359|[from] item: Leftovers
|turn|18
|
|move|p1a: Machamp|Close Combat|p2a: Florges
|-resisted|p2a: Florges
|-damage|p2a: Florges|0 fnt
|-unboost|p1a: Machamp|def|1
|-unboost|p1a: Machamp|spd|1
|faint|p2a: Florges
|
|
|switch|p2a: Sceptile|Sceptile-Mega, F|180\/282
|turn|19
|
|switch|p1a: Arcanine|Arcanine, M|383\/383
|-ability|p1a: Arcanine|Intimidate|[of] p2a: Sceptile
|-unboost|p2a: Sceptile|atk|1
|move|p2a: Sceptile|Dragon Pulse|p1a: Arcanine
|-damage|p1a: Arcanine|173\/383
|
|turn|20
|
|move|p1a: Arcanine|Extreme Speed|p2a: Sceptile
|-damage|p2a: Sceptile|0 fnt
|faint|p2a: Sceptile
|
|c|âsaltion|:(
|c|âsaltion|i lose
|
|switch|p2a: Jirachi|Jirachi|273\/341
|turn|21
|
|switch|p1a: Nidoqueen|Nidoqueen, F|33\/351
|move|p2a: Jirachi|Zen Headbutt|p1a: Nidoqueen
|-supereffective|p1a: Nidoqueen
|-damage|p1a: Nidoqueen|0 fnt
|faint|p1a: Nidoqueen
|
|
|switch|p1a: Arcanine|Arcanine, M|173\/383
|-ability|p1a: Arcanine|Intimidate|[of] p2a: Jirachi
|-unboost|p2a: Jirachi|atk|1
|turn|22
|
|switch|p2a: Gligar|Gligar, F|230\/334 par
|move|p1a: Arcanine|Flare Blitz|p2a: Gligar
|-damage|p2a: Gligar|80\/334 par
|-damage|p1a: Arcanine|123\/383|[from] recoil|[of] p2a: Gligar
|
|turn|23
|
|move|p1a: Arcanine|Flare Blitz|p2a: Gligar
|-damage|p2a: Gligar|0 fnt
|-damage|p1a: Arcanine|97\/383|[from] recoil|[of] p2a: Gligar
|faint|p2a: Gligar
|
|
|switch|p2a: Jirachi|Jirachi|273\/341
|turn|24
|
|switch|p1a: Blastoise|Blastoise-Mega, F|169\/362
|move|p2a: Jirachi|Zen Headbutt|p1a: Blastoise
|-damage|p1a: Blastoise|60\/362
|
|turn|25
|
|move|p2a: Jirachi|Zen Headbutt|p1a: Blastoise
|-damage|p1a: Blastoise|0 fnt
|faint|p1a: Blastoise
|
|
|switch|p1a: Arcanine|Arcanine, M|97\/383
|-ability|p1a: Arcanine|Intimidate|[of] p2a: Jirachi
|-unboost|p2a: Jirachi|atk|1
|turn|26
|
|move|p2a: Jirachi|Zen Headbutt|p1a: Arcanine
|-damage|p1a: Arcanine|0 fnt
|faint|p1a: Arcanine
|
|
|switch|p1a: Machamp|Machamp, M|283\/321
|turn|27
|
|move|p2a: Jirachi|Zen Headbutt|p1a: Machamp
|-supereffective|p1a: Machamp
|-damage|p1a: Machamp|85\/321
|cant|p1a: Machamp|flinch
|
|turn|28
|c|âuunubnub|oof
|c|âsaltion|well
|
|switch|p1a: Snorlax|Snorlax, F|274\/461
|move|p2a: Jirachi|Zen Headbutt|p1a: Snorlax
|-damage|p1a: Snorlax|196\/461
|
|turn|29
|
|switch|p2a: Pangoro|Pangoro, M|358\/358 par
|move|p1a: Snorlax|Earthquake|p2a: Pangoro
|-damage|p2a: Pangoro|237\/358 par
|
|turn|30
|
|move|p1a: Snorlax|Body Slam|p2a: Pangoro
|-damage|p2a: Pangoro|63\/358 par
|move|p2a: Pangoro|Drain Punch|p1a: Snorlax
|-supereffective|p1a: Snorlax
|-damage|p1a: Snorlax|0 fnt
|-heal|p2a: Pangoro|161\/358 par|[from] drain|[of] p1a: Snorlax
|faint|p1a: Snorlax
|
|c|âuunubnub|gg
|
|switch|p1a: Machamp|Machamp, M|85\/321
|turn|31
|c|âsaltion|eh...gg
|
|move|p1a: Machamp|Close Combat|p2a: Pangoro
|-supereffective|p2a: Pangoro
|-damage|p2a: Pangoro|0 fnt
|-unboost|p1a: Machamp|def|1
|-unboost|p1a: Machamp|spd|1
|faint|p2a: Pangoro
|
|
|switch|p2a: Jirachi|Jirachi|273\/341
|turn|32
|
|move|p2a: Jirachi|Iron Head|p1a: Machamp
|-damage|p1a: Machamp|0 fnt
|faint|p1a: Machamp
|
|win|saltion
|raw|Ladder updating...
|raw|uunubnub's rating: 1526 &rarr; <strong>1495<\/strong><br \/>(-31 for losing)
|raw|saltion's rating: 1324 &rarr; <strong>1355<\/strong><br \/>(+31 for winning)
|leave|uunubnub
|player|p1