|join|hurricane hax
|join|uunubnub
|player|p1|hurricane hax|171
|player|p2|uunubnub|184
|gametype|singles
|gen|6
|tier|UU
|rated
|rule|Sleep Clause Mod: Limit one foe put to sleep
|rule|Species Clause: Limit one of each PokÃ©mon
|rule|OHKO Clause: OHKO moves are banned
|rule|Moody Clause: Moody is banned
|rule|Evasion Moves Clause: Evasion moves are banned
|rule|Endless Battle Clause: Forcing endless battles is banned
|rule|HP Percentage Mod: HP is shown in percentages
|clearpoke
|poke|p1|Archeops, M
|poke|p1|Celebi
|poke|p1|Tornadus, M
|poke|p1|Swampert, F
|poke|p1|Qwilfish, M
|poke|p1|Jirachi
|poke|p2|Machamp, M
|poke|p2|Snorlax, M
|poke|p2|Cresselia, F
|poke|p2|Nidoqueen, F
|poke|p2|Blastoise, F
|poke|p2|Arcanine, M
|rule|Swagger Clause: Swagger is banned
|rule|Baton Pass Clause: Limit one PokÃ©mon knowing Baton Pass
|teampreview
|
|start
|switch|p1a: Archeops|Archeops, M|291\/291
|switch|p2a: Nidoqueen|Nidoqueen, F|351\/351
|turn|1
|join|Bob the Wut
|
|move|p1a: Archeops|Stealth Rock|p2a: Nidoqueen
|-sidestart|p2: uunubnub|move: Stealth Rock
|move|p2a: Nidoqueen|Stealth Rock|p1a: Archeops
|-sidestart|p1: hurricane hax|move: Stealth Rock
|
|turn|2
|c| Bob the Wut|secretly dmt
|
|move|p1a: Archeops|Taunt|p2a: Nidoqueen
|-start|p2a: Nidoqueen|move: Taunt
|move|p2a: Nidoqueen|Ice Beam|p1a: Archeops
|-supereffective|p1a: Archeops
|-enditem|p1a: Archeops|Focus Sash
|-damage|p1a: Archeops|1\/291
|
|turn|3
|c|âuunubnub|looks like dmteam
|c|âhurricane hax|n
|c|âhurricane hax|mi team
|c|âuunubnub|dmt always runs endeavor bird
|
|move|p1a: Archeops|Endeavor|p2a: Nidoqueen
|-damage|p2a: Nidoqueen|1\/351
|move|p2a: Nidoqueen|Sludge Wave|p1a: Archeops
|-resisted|p1a: Archeops
|-damage|p1a: Archeops|0 fnt
|faint|p1a: Archeops
|
|
|switch|p1a: Swampert|Swampert, F|347\/347
|-damage|p1a: Swampert|326\/347|[from] Stealth Rock
|turn|4
|
|switch|p2a: Cresselia|Cresselia, F|444\/444
|-damage|p2a: Cresselia|389\/444|[from] Stealth Rock
|detailschange|p1a: Swampert|Swampert-Mega, F
|-mega|p1a: Swampert|Swampert|Swampertite
|move|p1a: Swampert|Waterfall|p2a: Cresselia
|-damage|p2a: Cresselia|292\/444
|
|-heal|p2a: Cresselia|319\/444|[from] item: Leftovers
|turn|5
|
|switch|p1a: Jirachi|Jirachi|341\/341
|-damage|p1a: Jirachi|320\/341|[from] Stealth Rock
|move|p2a: Cresselia|Thunder Wave|p1a: Jirachi
|-status|p1a: Jirachi|par
|
|-heal|p2a: Cresselia|346\/444|[from] item: Leftovers
|turn|6
|
|switch|p2a: Machamp|Machamp, M|321\/321
|-damage|p2a: Machamp|301\/321|[from] Stealth Rock
|move|p1a: Jirachi|U-turn|p2a: Machamp
|-resisted|p2a: Machamp
|-damage|p2a: Machamp|262\/321
|join|hairy toenail
|
|switch|p1a: Celebi|Celebi|341\/341
|-damage|p1a: Celebi|299\/341|[from] Stealth Rock
|
|turn|7
|
|move|p1a: Celebi|Psychic|p2a: Machamp
|-supereffective|p2a: Machamp
|-damage|p2a: Machamp|0 fnt
|-damage|p1a: Celebi|265\/341|[from] item: Life Orb
|faint|p2a: Machamp
|
|
|switch|p2a: Snorlax|Snorlax, M|461\/461
|-damage|p2a: Snorlax|404\/461|[from] Stealth Rock
|turn|8
|
|switch|p1a: Jirachi|Jirachi|320\/341 par
|-damage|p1a: Jirachi|299\/341 par|[from] Stealth Rock
|move|p2a: Snorlax|Body Slam|p1a: Jirachi
|-resisted|p1a: Jirachi
|-damage|p1a: Jirachi|233\/341 par
|
|turn|9
|
|move|p1a: Jirachi|U-turn|p2a: Snorlax
|-damage|p2a: Snorlax|329\/461
|
|switch|p1a: Tornadus|Tornadus, M|299\/299
|-damage|p1a: Tornadus|225\/299|[from] Stealth Rock
|move|p2a: Snorlax|Earthquake|p1a: Tornadus
|-immune|p1a: Tornadus|[msg]
|
|turn|10
|
|move|p1a: Tornadus|Focus Blast|p2a: Snorlax|[miss]
|-miss|p1a: Tornadus|p2a: Snorlax
|move|p2a: Snorlax|Body Slam|p1a: Tornadus
|-damage|p1a: Tornadus|36\/299
|
|turn|11
|
|move|p1a: Tornadus|Rain Dance|p1a: Tornadus
|-weather|RainDance
|move|p2a: Snorlax|Pursuit|p1a: Tornadus
|-damage|p1a: Tornadus|0 fnt
|faint|p1a: Tornadus
|
|-weather|RainDance|[upkeep]
|
|switch|p1a: Qwilfish|Qwilfish, M|271\/271
|-damage|p1a: Qwilfish|238\/271|[from] Stealth Rock
|turn|12
|
|move|p1a: Qwilfish|Waterfall|p2a: Snorlax
|-damage|p2a: Snorlax|70\/461
|-damage|p1a: Qwilfish|211\/271|[from] item: Life Orb
|move|p2a: Snorlax|Earthquake|p1a: Qwilfish
|-supereffective|p1a: Qwilfish
|-damage|p1a: Qwilfish|0 fnt
|faint|p1a: Qwilfish
|
|-weather|RainDance|[upkeep]
|c|âuunubnub|definitely dmt sets
|c|âhurricane hax|hello
|c|âhurricane hax|i gave this team to dmt
|
|switch|p1a: Swampert|Swampert-Mega, F|326\/347
|-damage|p1a: Swampert|305\/347|[from] Stealth Rock
|turn|13
|c|âhurricane hax|nice focus blast dodge also
|c|âuunubnub|np
|
|move|p1a: Swampert|Waterfall|p2a: Snorlax
|-damage|p2a: Snorlax|0 fnt
|faint|p2a: Snorlax
|
|-weather|RainDance|[upkeep]
|
|switch|p2a: Cresselia|Cresselia, F|346\/444
|-damage|p2a: Cresselia|291\/444|[from] Stealth Rock
|turn|14
|
|switch|p1a: Celebi|Celebi|265\/341
|-damage|p1a: Celebi|223\/341|[from] Stealth Rock
|move|p2a: Cresselia|Moonlight|p2a: Cresselia
|-heal|p2a: Cresselia|402\/444
|
|-weather|RainDance|[upkeep]
|-heal|p2a: Cresselia|429\/444|[from] item: Leftovers
|turn|15
|c|âuunubnub|i have nothing for cele sub :(
|
|move|p1a: Celebi|Nasty Plot|p1a: Celebi
|-boost|p1a: Celebi|spa|2
|move|p2a: Cresselia|Thunder Wave|p1a: Celebi
|-status|p1a: Celebi|par
|
|-weather|RainDance|[upkeep]
|-heal|p2a: Cresselia|444\/444|[from] item: Leftovers
|turn|16
|
|move|p2a: Cresselia|Lunar Dance|p2a: Cresselia
|faint|p2a: Cresselia
|move|p1a: Celebi|Giga Drain|p2: Cresselia|[notarget]
|-notarget
|
|-weather|RainDance|[upkeep]
|c|âuunubnub|plot is ok tho
|
|switch|p2a: Nidoqueen|Nidoqueen, F|1\/351
|-heal|p2a: Nidoqueen|351\/351|[from] move: Lunar Dance
|-damage|p2a: Nidoqueen|330\/351|[from] Stealth Rock
|turn|17
|
|switch|p1a: Jirachi|Jirachi|233\/341 par
|-damage|p1a: Jirachi|212\/341 par|[from] Stealth Rock
|move|p2a: Nidoqueen|Sludge Wave|p1a: Jirachi
|-immune|p1a: Jirachi|[msg]
|
|-weather|RainDance|[upkeep]
|turn|18
|
|move|p2a: Nidoqueen|Sludge Wave|p1a: Jirachi
|-immune|p1a: Jirachi|[msg]
|move|p1a: Jirachi|Healing Wish|p1a: Jirachi
|faint|p1a: Jirachi
|
|-weather|none
|
|switch|p1a: Celebi|Celebi|223\/341
|-heal|p1a: Celebi|341\/341|[from] move: Healing Wish
|-damage|p1a: Celebi|299\/341|[from] Stealth Rock
|turn|19
|join|mr.baggins
|
|move|p1a: Celebi|Psychic|p2a: Nidoqueen
|-supereffective|p2a: Nidoqueen
|-damage|p2a: Nidoqueen|0 fnt
|-damage|p1a: Celebi|265\/341|[from] item: Life Orb
|faint|p2a: Nidoqueen
|
|c|âuunubnub|gg dmt
|c|âhurricane hax|xDDDDD
|
|switch|p2a: Blastoise|Blastoise, F|362\/362
|-damage|p2a: Blastoise|317\/362|[from] Stealth Rock
|turn|20
|
|detailschange|p2a: Blastoise|Blastoise-Mega, F
|-mega|p2a: Blastoise|Blastoise|Blastoisinite
|move|p1a: Celebi|Giga Drain|p2a: Blastoise
|-supereffective|p2a: Blastoise
|-damage|p2a: Blastoise|57\/362
|-heal|p1a: Celebi|341\/341|[from] drain|[of] p2a: Blastoise
|-damage|p1a: Celebi|307\/341|[from] item: Life Orb
|move|p2a: Blastoise|Dark Pulse|p1a: Celebi
|-supereffective|p1a: Celebi
|-damage|p1a: Celebi|0 fnt
|faint|p1a: Celebi
|
|
|switch|p1a: Swampert|Swampert-Mega, F|305\/347
|-damage|p1a: Swampert|284\/347|[from] Stealth Rock
|turn|21
|join|watfor
|
|move|p1a: Swampert|Earthquake|p2a: Blastoise
|-damage|p2a: Blastoise|0 fnt
|faint|p2a: Blastoise
|
|
|switch|p2a: Arcanine|Arcanine, M|383\/383
|-damage|p2a: Arcanine|288\/383|[from] Stealth Rock
|-ability|p2a: Arcanine|Intimidate|[of] p1a: Swampert
|-unboost|p1a: Swampert|atk|1
|turn|22
|
|move|p2a: Arcanine|Extreme Speed|p1a: Swampert
|-damage|p1a: Swampert|154\/347
|move|p1a: Swampert|Waterfall|p2a: Arcanine
|-supereffective|p2a: Arcanine
|-damage|p2a: Arcanine|28\/383
|
|turn|23
|c|âuunubnub|cry
|c| Bob the Wut|crit
|c| Bob the Wut|crit
|c| Bob the Wut|crit
|
|move|p2a: Arcanine|Extreme Speed|p1a: Swampert
|-damage|p1a: Swampert|35\/347
|move|p1a: Swampert|Waterfall|p2a: Arcanine
|-supereffective|p2a: Arcanine
|-damage|p2a: Arcanine|0 fnt
|faint|p2a: Arcanine
|
|win|hurricane hax
|raw|Ladder updating...
|raw|hurricane hax's rating: 1537 &rarr; <strong>1558<\/strong><br \/>(+21 for winning)
|raw|uunubnub's rating: 1551 &rarr; <strong>1530<\/strong><br \/>(-21 for losing)
|c|âuunubnub|n