|join|uunubnub
|join|ULT LibLuc
|player|p1|uunubnub|184
|player|p2|ULT LibLuc|130
|gametype|singles
|gen|6
|tier|UU
|rated
|rule|Sleep Clause Mod: Limit one foe put to sleep
|rule|Species Clause: Limit one of each PokÃ©mon
|rule|OHKO Clause: OHKO moves are banned
|rule|Moody Clause: Moody is banned
|rule|Evasion Moves Clause: Evasion moves are banned
|rule|Endless Battle Clause: Forcing endless battles is banned
|rule|HP Percentage Mod: HP is shown in percentages
|clearpoke
|poke|p1|Machamp, M
|poke|p1|Snorlax, F
|poke|p1|Cresselia, F
|poke|p1|Nidoqueen, F
|poke|p1|Blastoise, M
|poke|p1|Arcanine, M
|poke|p2|Virizion
|poke|p2|Aggron, M
|poke|p2|Vaporeon, F
|poke|p2|Hydreigon, F
|poke|p2|Cresselia, F
|poke|p2|Krookodile, F
|rule|Swagger Clause: Swagger is banned
|rule|Baton Pass Clause: Limit one PokÃ©mon knowing Baton Pass
|teampreview
|c|âULT LibLuc|eww
|c|âuunubnub|?
|c|âULT LibLuc|bulky
|c|âULT LibLuc|lol
|c|âuunubnub|o tru lo. gl libluc
|c|âULT LibLuc|u2
|
|start
|switch|p1a: Machamp|Machamp, M|321\/321
|switch|p2a: band|Vaporeon, F|451\/451
|turn|1
|
|move|p2a: band|Protect|p2a: band
|-singleturn|p2a: band|Protect
|move|p1a: Machamp|Close Combat|p2a: band
|-activate|p2a: band|Protect
|
|turn|2
|join|the fun in this
|
|switch|p2a: not lunar dance|Cresselia, F|433\/433
|move|p1a: Machamp|Close Combat|p2a: not lunar dance
|-resisted|p2a: not lunar dance
|-damage|p2a: not lunar dance|288\/433
|-unboost|p1a: Machamp|def|1
|-unboost|p1a: Machamp|spd|1
|
|-heal|p2a: not lunar dance|315\/433|[from] item: Leftovers
|turn|3
|
|switch|p2a: cb head smash|Aggron, M|344\/344
|switch|p1a: Blastoise|Blastoise, M|362\/362
|
|turn|4
|
|switch|p2a: band|Vaporeon, F|451\/451
|detailschange|p1a: Blastoise|Blastoise-Mega, M
|-mega|p1a: Blastoise|Blastoise|Blastoisinite
|move|p1a: Blastoise|Dark Pulse|p2a: band
|-damage|p2a: band|311\/451
|
|-heal|p2a: band|339\/451|[from] item: Leftovers
|turn|5
|
|switch|p1a: Machamp|Machamp, M|321\/321
|move|p2a: band|Wish|p2a: band
|
|-heal|p2a: band|367\/451|[from] item: Leftovers
|turn|6
|
|switch|p1a: Nidoqueen|Nidoqueen, F|351\/351
|switch|p2a: not lunar dance|Cresselia, F|315\/433
|
|-heal|p2a: not lunar dance|433\/433|[from] move: Wish|[wisher] band
|turn|7
|
|move|p2a: not lunar dance|Psyshock|p1a: Nidoqueen
|-supereffective|p1a: Nidoqueen
|-damage|p1a: Nidoqueen|147\/351
|move|p1a: Nidoqueen|Stealth Rock|p2a: not lunar dance
|-sidestart|p2: ULT LibLuc|move: Stealth Rock
|
|turn|8
|
|switch|p1a: Blastoise|Blastoise-Mega, M|362\/362
|move|p2a: not lunar dance|Psyshock|p1a: Blastoise
|-damage|p1a: Blastoise|280\/362
|
|turn|9
|
|switch|p2a: band|Vaporeon, F|367\/451
|-damage|p2a: band|311\/451|[from] Stealth Rock
|switch|p1a: Machamp|Machamp, M|321\/321
|
|-heal|p2a: band|339\/451|[from] item: Leftovers
|turn|10
|
|move|p2a: band|Protect|p2a: band
|-singleturn|p2a: band|Protect
|move|p1a: Machamp|Knock Off|p2a: band
|-activate|p2a: band|Protect
|
|-heal|p2a: band|367\/451|[from] item: Leftovers
|turn|11
|
|switch|p1a: Blastoise|Blastoise-Mega, M|280\/362
|switch|p2a: cb head smash|Aggron, M|344\/344
|-damage|p2a: cb head smash|323\/344|[from] Stealth Rock
|
|turn|12
|
|switch|p2a: band|Vaporeon, F|367\/451
|-damage|p2a: band|311\/451|[from] Stealth Rock
|move|p1a: Blastoise|Aura Sphere|p2a: band
|-damage|p2a: band|171\/451
|
|-heal|p2a: band|199\/451|[from] item: Leftovers
|turn|13
|
|switch|p1a: Machamp|Machamp, M|321\/321
|move|p2a: band|Wish|p2a: band
|
|-heal|p2a: band|227\/451|[from] item: Leftovers
|turn|14
|
|move|p2a: band|Protect|p2a: band
|-singleturn|p2a: band|Protect
|move|p1a: Machamp|Knock Off|p2a: band
|-activate|p2a: band|Protect
|
|-heal|p2a: band|451\/451|[from] move: Wish|[wisher] band
|turn|15
|
|switch|p2a: cb head smash|Aggron, M|323\/344
|-damage|p2a: cb head smash|302\/344|[from] Stealth Rock
|move|p1a: Machamp|Knock Off|p2a: cb head smash
|-damage|p2a: cb head smash|235\/344
|
|turn|16
|
|switch|p1a: Blastoise|Blastoise-Mega, M|280\/362
|detailschange|p2a: cb head smash|Aggron-Mega, M
|-mega|p2a: cb head smash|Aggron|Aggronite
|move|p2a: cb head smash|Stealth Rock|p1a: Blastoise
|-sidestart|p1: uunubnub|move: Stealth Rock
|
|turn|17
|
|move|p1a: Blastoise|Aura Sphere|p2a: cb head smash
|-supereffective|p2a: cb head smash
|-damage|p2a: cb head smash|0 fnt
|faint|p2a: cb head smash
|
|
|switch|p2a: mfw horse|Virizion|323\/323
|-damage|p2a: mfw horse|303\/323|[from] Stealth Rock
|turn|18
|
|switch|p1a: Cresselia|Cresselia, F|444\/444
|-damage|p1a: Cresselia|389\/444|[from] Stealth Rock
|move|p2a: mfw horse|Leaf Blade|p1a: Cresselia
|-damage|p1a: Cresselia|305\/444
|
|-heal|p1a: Cresselia|332\/444|[from] item: Leftovers
|turn|19
|
|switch|p2a: not lunar dance|Cresselia, F|433\/433
|-damage|p2a: not lunar dance|379\/433|[from] Stealth Rock
|move|p1a: Cresselia|Thunder Wave|p2a: not lunar dance
|-status|p2a: not lunar dance|par
|
|-heal|p1a: Cresselia|359\/444|[from] item: Leftovers
|-heal|p2a: not lunar dance|406\/433 par|[from] item: Leftovers
|turn|20
|
|switch|p1a: Blastoise|Blastoise-Mega, M|280\/362
|-damage|p1a: Blastoise|235\/362|[from] Stealth Rock
|move|p2a: not lunar dance|Calm Mind|p2a: not lunar dance
|-boost|p2a: not lunar dance|spa|1
|-boost|p2a: not lunar dance|spd|1
|
|-heal|p2a: not lunar dance|433\/433 par|[from] item: Leftovers
|turn|21
|
|move|p1a: Blastoise|Dark Pulse|p2a: not lunar dance
|-supereffective|p2a: not lunar dance
|-damage|p2a: not lunar dance|275\/433 par
|cant|p2a: not lunar dance|flinch
|
|-heal|p2a: not lunar dance|302\/433 par|[from] item: Leftovers
|turn|22
|
|switch|p2a: mfw horse|Virizion|303\/323
|-damage|p2a: mfw horse|283\/323|[from] Stealth Rock
|move|p1a: Blastoise|Rapid Spin|p2a: mfw horse
|-damage|p2a: mfw horse|262\/323
|-sideend|p1: uunubnub|Stealth Rock|[from] move: Rapid Spin|[of] p1a: Blastoise
|
|turn|23
|
|switch|p1a: Cresselia|Cresselia, F|359\/444
|move|p2a: mfw horse|Leaf Blade|p1a: Cresselia
|-damage|p1a: Cresselia|281\/444
|
|-heal|p1a: Cresselia|308\/444|[from] item: Leftovers
|turn|24
|
|switch|p2a: band|Vaporeon, F|451\/451
|-damage|p2a: band|395\/451|[from] Stealth Rock
|move|p1a: Cresselia|Moonblast|p2a: band
|-damage|p2a: band|342\/451
|-unboost|p2a: band|spa|1
|
|-heal|p1a: Cresselia|335\/444|[from] item: Leftovers
|-heal|p2a: band|370\/451|[from] item: Leftovers
|turn|25
|
|move|p1a: Cresselia|Thunder Wave|p2a: band
|-status|p2a: band|par
|move|p2a: band|Baton Pass|p2a: band
|
|switch|p2a: breaker|Krookodile, F|331\/331
|-damage|p2a: breaker|311\/331|[from] Stealth Rock
|-ability|p2a: breaker|Intimidate|[of] p1a: Cresselia
|-unboost|p1a: Cresselia|atk|1
|
|-heal|p1a: Cresselia|362\/444|[from] item: Leftovers
|turn|26
|
|move|p2a: breaker|Knock Off|p1a: Cresselia
|-supereffective|p1a: Cresselia
|-damage|p1a: Cresselia|74\/444
|-enditem|p1a: Cresselia|Leftovers|[from] move: Knock Off|[of] p2a: breaker
|move|p1a: Cresselia|Moonlight|p1a: Cresselia
|-heal|p1a: Cresselia|296\/444
|
|turn|27
|
|move|p2a: breaker|Knock Off|p1a: Cresselia
|-supereffective|p1a: Cresselia
|-damage|p1a: Cresselia|96\/444
|move|p1a: Cresselia|Moonlight|p1a: Cresselia
|-heal|p1a: Cresselia|318\/444
|
|turn|28
|
|move|p2a: breaker|Knock Off|p1a: Cresselia
|-supereffective|p1a: Cresselia
|-damage|p1a: Cresselia|100\/444
|move|p1a: Cresselia|Moonlight|p1a: Cresselia
|-heal|p1a: Cresselia|322\/444
|
|turn|29
|
|move|p2a: breaker|Knock Off|p1a: Cresselia
|-supereffective|p1a: Cresselia
|-damage|p1a: Cresselia|106\/444
|move|p1a: Cresselia|Moonblast|p2a: breaker
|-supereffective|p2a: breaker
|-damage|p2a: breaker|153\/331
|
|turn|30
|
|move|p2a: breaker|Knock Off|p1a: Cresselia
|-crit|p1a: Cresselia
|-supereffective|p1a: Cresselia
|-damage|p1a: Cresselia|0 fnt
|faint|p1a: Cresselia
|
|
|switch|p1a: Blastoise|Blastoise-Mega, M|235\/362
|turn|31
|
|switch|p2a: band|Vaporeon, F|370\/451 par
|-damage|p2a: band|314\/451 par|[from] Stealth Rock
|move|p1a: Blastoise|Aura Sphere|p2a: band
|-crit|p2a: band
|-damage|p2a: band|109\/451 par
|
|-heal|p2a: band|137\/451 par|[from] item: Leftovers
|turn|32
|
|cant|p2a: band|par
|move|p1a: Blastoise|Dark Pulse|p2a: band
|-damage|p2a: band|0 fnt
|faint|p2a: band
|
|
|switch|p2a: mfw horse|Virizion|262\/323
|-damage|p2a: mfw horse|242\/323|[from] Stealth Rock
|turn|33
|
|switch|p1a: Arcanine|Arcanine, M|383\/383
|-ability|p1a: Arcanine|Intimidate|[of] p2a: mfw horse
|-unboost|p2a: mfw horse|atk|1
|move|p2a: mfw horse|Swords Dance|p2a: mfw horse
|-boost|p2a: mfw horse|atk|2
|
|turn|34
|
|switch|p2a: not lunar dance|Cresselia, F|302\/433 par
|-damage|p2a: not lunar dance|248\/433 par|[from] Stealth Rock
|move|p1a: Arcanine|Close Combat|p2a: not lunar dance
|-resisted|p2a: not lunar dance
|-damage|p2a: not lunar dance|170\/433 par
|-unboost|p1a: Arcanine|def|1
|-unboost|p1a: Arcanine|spd|1
|
|-heal|p2a: not lunar dance|197\/433 par|[from] item: Leftovers
|turn|35
|
|switch|p1a: Snorlax|Snorlax, F|461\/461
|switch|p2a: mfw horse|Virizion|242\/323
|-damage|p2a: mfw horse|222\/323|[from] Stealth Rock
|
|turn|36
|
|move|p2a: mfw horse|Close Combat|p1a: Snorlax
|-supereffective|p1a: Snorlax
|-damage|p1a: Snorlax|105\/461
|-unboost|p2a: mfw horse|def|1
|-unboost|p2a: mfw horse|spd|1
|move|p1a: Snorlax|Body Slam|p2a: mfw horse
|-damage|p2a: mfw horse|0 fnt
|faint|p2a: mfw horse
|
|
|switch|p2a: breaker|Krookodile, F|153\/331
|-damage|p2a: breaker|133\/331|[from] Stealth Rock
|-ability|p2a: breaker|Intimidate|[of] p1a: Snorlax
|-unboost|p1a: Snorlax|atk|1
|turn|37
|
|move|p2a: breaker|Earthquake|p1a: Snorlax
|-damage|p1a: Snorlax|0 fnt
|faint|p1a: Snorlax
|
|
|switch|p1a: Machamp|Machamp, M|321\/321
|turn|38
|
|move|p2a: breaker|Earthquake|p1a: Machamp
|-damage|p1a: Machamp|29\/321
|move|p1a: Machamp|Ice Punch|p2a: breaker
|-supereffective|p2a: breaker
|-damage|p2a: breaker|0 fnt
|faint|p2a: breaker
|
|
|switch|p2a: fairies|Hydreigon, F|325\/325
|-damage|p2a: fairies|285\/325|[from] Stealth Rock
|turn|39
|
|switch|p1a: Nidoqueen|Nidoqueen, F|147\/351
|move|p2a: fairies|Dark Pulse|p1a: Nidoqueen
|-damage|p1a: Nidoqueen|0 fnt
|faint|p1a: Nidoqueen
|
|
|switch|p1a: Blastoise|Blastoise-Mega, M|235\/362
|turn|40
|
|move|p2a: fairies|Dark Pulse|p1a: Blastoise
|-crit|p1a: Blastoise
|-damage|p1a: Blastoise|45\/362
|move|p1a: Blastoise|Aura Sphere|p2a: fairies
|-supereffective|p2a: fairies
|-damage|p2a: fairies|0 fnt
|faint|p2a: fairies
|
|c|âULT LibLuc|wheres my flinch
|-message|ULT LibLuc forfeited.
|leave|ULT LibLuc
|
|win|uunubnub
|raw|Ladder updating...
|player|p2
|raw|uunubnub's rating: 1560 &rarr; <strong>1576<\/strong><br \/>(+16 for winning)
|raw|ULT LibLuc's rating: 1484 &rarr; <strong>1468<\/strong><br \/>(-16 for losing)
|c|âuunubnub|wouldve been better than crit