|join|Aka DH
|join|Giggling Grannie
|player|p1|Aka DH|68
|player|p2|Giggling Grannie|69
|gametype|singles
|gen|6
|tier|OU
|rated
|clearpoke
|poke|p1|Bisharp, M
|poke|p1|Venusaur, F
|poke|p1|Heatran, F
|poke|p1|Keldeo
|poke|p1|Chansey, F
|poke|p1|Skarmory, M
|poke|p2|Gardevoir, F
|poke|p2|Mandibuzz, F, shiny
|poke|p2|Azumarill, M
|poke|p2|Snorlax, F
|poke|p2|Gengar, M
|poke|p2|Gliscor, M
|rule|Swagger Clause: Swagger is banned
|rule|Baton Pass Clause: Limit one PokÃ©mon knowing Baton Pass
|rule|Sleep Clause Mod: Limit one foe put to sleep
|rule|Species Clause: Limit one of each PokÃ©mon
|rule|OHKO Clause: OHKO moves are banned
|rule|Moody Clause: Moody is banned
|rule|Evasion Moves Clause: Evasion moves are banned
|rule|Endless Battle Clause: Forcing endless battles is banned
|rule|HP Percentage Mod: HP is shown in percentages
|teampreview
|join|i came from leddit
|
|start
|switch|p1a: MoB Harley|Heatran, F|340\/340
|switch|p2a: Gardevoir|Gardevoir, F|311\/311
|-item|p1a: MoB Harley|Air Balloon
|-ability|p2a: Gardevoir|Flash Fire|[from] ability: Trace|[of] p1a: MoB Harley
|turn|1
|join|CleanerThanRotom-W
Aka DH made this room private.
|c| i came from leddit|dicks happy
|c| i came from leddit|dh = dicks happy
|
|switch|p1a: Appreciation|Chansey, F|684\/684
|move|p2a: Gardevoir|Taunt|p1a: Appreciation
|-start|p1a: Appreciation|move: Taunt
|
|turn|2
|c| i came from leddit|kek
|
|switch|p2a: Gliscor|Gliscor, M|354\/354
|move|p1a: Appreciation|Seismic Toss|p2a: Gliscor
|-damage|p2a: Gliscor|254\/354
|
|-status|p2a: Gliscor|tox|[from] item: Toxic Orb
|turn|3
|
|switch|p1a: MoB Harley|Heatran, F|340\/340
|-item|p1a: MoB Harley|Air Balloon
|move|p2a: Gliscor|Stone Edge|p1a: MoB Harley|[miss]
|-miss|p2a: Gliscor|p1a: MoB Harley
|
|-heal|p2a: Gliscor|298\/354 tox|[from] ability: Poison Heal
|turn|4
|
|move|p1a: MoB Harley|Stealth Rock|p2a: Gliscor
|-sidestart|p2: Giggling Grannie|move: Stealth Rock
|move|p2a: Gliscor|Stone Edge|p1a: MoB Harley
|-damage|p1a: MoB Harley|280\/340
|-enditem|p1a: MoB Harley|Air Balloon
|
|-heal|p2a: Gliscor|342\/354 tox|[from] ability: Poison Heal
|turn|5
|c| i came from leddit|u havin a giggle m9?
|
|switch|p1a: CleanerThanRotom-W|Skarmory, M|334\/334
|move|p2a: Gliscor|Stealth Rock|p1a: CleanerThanRotom-W
|-sidestart|p1: Aka DH|move: Stealth Rock
|
|-heal|p2a: Gliscor|354\/354 tox|[from] ability: Poison Heal
|turn|6
|
|switch|p2a: Mandibuzz|Mandibuzz, F, shiny|420\/420
|-damage|p2a: Mandibuzz|315\/420|[from] Stealth Rock
|move|p1a: CleanerThanRotom-W|Spikes|p2a: Mandibuzz
|-sidestart|p2: Giggling Grannie|Spikes
|
|-heal|p2a: Mandibuzz|341\/420|[from] item: Leftovers
|turn|7
|
|switch|p1a: MoB Harley|Heatran, F|280\/340
|-damage|p1a: MoB Harley|238\/340|[from] Stealth Rock
|move|p2a: Mandibuzz|Defog|p1a: MoB Harley
|-unboost|p1a: MoB Harley|evasion|1
|-sideend|p1: Aka DH|Stealth Rock|[from] move: Defog|[of] p1a: MoB Harley
|-sideend|p2: Giggling Grannie|Spikes|[from] move: Defog|[of] p2a: Mandibuzz
|-sideend|p2: Giggling Grannie|Stealth Rock|[from] move: Defog|[of] p2a: Mandibuzz
|
|-heal|p2a: Mandibuzz|367\/420|[from] item: Leftovers
|turn|8
|c| CleanerThanRotom-W|D=dirty imo
|
|switch|p2a: Gardevoir|Gardevoir, F|311\/311
|-ability|p2a: Gardevoir|Flash Fire|[from] ability: Trace|[of] p1a: MoB Harley
|move|p1a: MoB Harley|Toxic|p2a: Gardevoir
|-status|p2a: Gardevoir|tox
|
|-damage|p2a: Gardevoir|292\/311 tox|[from] psn
|turn|9
|
|switch|p1a: Appreciation|Chansey, F|684\/684
|detailschange|p2a: Gardevoir|Gardevoir-Mega, F
|message|Gardevoir has Mega Evolved into Mega Gardevoir!
|move|p2a: Gardevoir|Psyshock|p1a: Appreciation
|-damage|p1a: Appreciation|440\/684
|
|-damage|p2a: Gardevoir|254\/311 tox|[from] psn
|turn|10
|
|move|p2a: Gardevoir|Taunt|p1a: Appreciation
|-start|p1a: Appreciation|move: Taunt
|cant|p1a: Appreciation|move: Taunt|Soft-Boiled
|
|-damage|p2a: Gardevoir|197\/311 tox|[from] psn
|turn|11
|
|move|p2a: Gardevoir|Psyshock|p1a: Appreciation
|-damage|p1a: Appreciation|203\/684
|move|p1a: Appreciation|Seismic Toss|p2a: Gardevoir
|-damage|p2a: Gardevoir|97\/311 tox
|
|-damage|p2a: Gardevoir|21\/311 tox|[from] psn
|turn|12
|
|switch|p1a: MoB Harley|Heatran, F|238\/340
|move|p2a: Gardevoir|Hidden Power|p1a: MoB Harley
|-supereffective|p1a: MoB Harley
|-damage|p1a: MoB Harley|0 fnt
|faint|p1a: MoB Harley
|
|-damage|p2a: Gardevoir|0 fnt|[from] psn
|faint|p2a: Gardevoir
|
|switch|p2a: Gengar|Gengar, M|264\/264
|switch|p1a: jake the ripper|Keldeo|323\/323
|turn|13
|c| CleanerThanRotom-W|LOL
|
|switch|p2a: Snorlax|Snorlax, F|520\/520
|move|p1a: jake the ripper|Scald|p2a: Snorlax
|-damage|p2a: Snorlax|429\/520
|-status|p2a: Snorlax|brn
|
|-heal|p2a: Snorlax|461\/520 brn|[from] item: Leftovers
|-damage|p2a: Snorlax|396\/520 brn|[from] brn
|turn|14
|c| i came from leddit|rekt
|
|switch|p1a: CleanerThanRotom-W|Skarmory, M|334\/334
|move|p2a: Snorlax|Body Slam|p1a: CleanerThanRotom-W
|-resisted|p1a: CleanerThanRotom-W
|-damage|p1a: CleanerThanRotom-W|318\/334
|-damage|p2a: Snorlax|310\/520 brn|[from] item: Rocky Helmet|[of] p1a: CleanerThanRotom-W
|
|-heal|p2a: Snorlax|342\/520 brn|[from] item: Leftovers
|-damage|p2a: Snorlax|277\/520 brn|[from] brn
|turn|15
|
|switch|p2a: Gengar|Gengar, M|264\/264
|move|p1a: CleanerThanRotom-W|Spikes|p2a: Gengar
|-sidestart|p2: Giggling Grannie|Spikes
|
|turn|16
|
|move|p2a: Gengar|Trick|p1a: CleanerThanRotom-W
|-activate|p2a: Gengar|move: Trick|[of] p1a: CleanerThanRotom-W
|-item|p1a: CleanerThanRotom-W|Choice Scarf|[from] move: Trick
|-item|p2a: Gengar|Rocky Helmet|[from] move: Trick
|move|p1a: CleanerThanRotom-W|Brave Bird|p2a: Gengar
|-damage|p2a: Gengar|99\/264
|-damage|p1a: CleanerThanRotom-W|263\/334|[from] item: Rocky Helmet|[of] p2a: Gengar
|-damage|p1a: CleanerThanRotom-W|209\/334|[from] recoil|[of] p2a: Gengar
|
|turn|17
|c| i came from leddit|d = dieux?
|
|move|p2a: Gengar|Will-O-Wisp|p1a: CleanerThanRotom-W
|-status|p1a: CleanerThanRotom-W|brn
|move|p1a: CleanerThanRotom-W|Brave Bird|p2a: Gengar
|-damage|p2a: Gengar|14\/264
|-damage|p1a: CleanerThanRotom-W|154\/334 brn|[from] item: Rocky Helmet|[of] p2a: Gengar
|-damage|p1a: CleanerThanRotom-W|126\/334 brn|[from] recoil|[of] p2a: Gengar
|
|-damage|p1a: CleanerThanRotom-W|85\/334 brn|[from] brn
|turn|18
|
|switch|p1a: I came from leddit|Bisharp, M|334\/334
|move|p2a: Gengar|Shadow Ball|p1a: I came from leddit
|-resisted|p1a: I came from leddit
|-damage|p1a: I came from leddit|238\/334
|
|-heal|p1a: I came from leddit|258\/334|[from] item: Leftovers
|turn|19
|
|move|p2a: Gengar|Focus Blast|p1a: I came from leddit
|-supereffective|p1a: I came from leddit
|-damage|p1a: I came from leddit|0 fnt
|faint|p1a: I came from leddit
|
|
|switch|p1a: jake the ripper|Keldeo|323\/323
|turn|20
|c|âAka DH|1714
|c|âAka DH|di... ha... 1714
|c| i came from leddit|;.;
|
|switch|p2a: Mandibuzz|Mandibuzz, F, shiny|367\/420
|move|p1a: jake the ripper|Scald|p2a: Mandibuzz
|-damage|p2a: Mandibuzz|222\/420
|-status|p2a: Mandibuzz|brn
|
|-heal|p2a: Mandibuzz|248\/420 brn|[from] item: Leftovers
|-damage|p2a: Mandibuzz|196\/420 brn|[from] brn
|turn|21
|
|move|p1a: jake the ripper|Scald|p2a: Mandibuzz
|-damage|p2a: Mandibuzz|67\/420 brn
|move|p2a: Mandibuzz|Defog|p1a: jake the ripper
|-unboost|p1a: jake the ripper|evasion|1
|-sideend|p2: Giggling Grannie|Spikes|[from] move: Defog|[of] p2a: Mandibuzz
|
|-heal|p2a: Mandibuzz|93\/420 brn|[from] item: Leftovers
|-damage|p2a: Mandibuzz|41\/420 brn|[from] brn
|turn|22
|
|switch|p2a: Snorlax|Snorlax, F|277\/520 brn
|move|p1a: jake the ripper|Scald|p2a: Snorlax
|-damage|p2a: Snorlax|181\/520 brn
|
|-heal|p2a: Snorlax|213\/520 brn|[from] item: Leftovers
|-damage|p2a: Snorlax|148\/520 brn|[from] brn
|turn|23
|
|move|p1a: jake the ripper|Secret Sword|p2a: Snorlax
|-supereffective|p2a: Snorlax
|-damage|p2a: Snorlax|0 fnt
|faint|p2a: Snorlax
|
|
|switch|p2a: Azumarill|Azumarill, M|380\/380
|turn|24
|
|switch|p1a: LT4B 1714|Venusaur, F|364\/364
|switch|p2a: Gengar|Gengar, M|14\/264
|
|turn|25
|
|detailschange|p1a: LT4B 1714|Venusaur-Mega, F
|message|Venusaur has Mega Evolved into Mega Venusaur!
|move|p2a: Gengar|Will-O-Wisp|p1a: LT4B 1714
|-status|p1a: LT4B 1714|brn
|move|p1a: LT4B 1714|Giga Drain|p2a: Gengar
|-resisted|p2a: Gengar
|-damage|p2a: Gengar|0 fnt
|faint|p2a: Gengar
|
|-damage|p1a: LT4B 1714|319\/364 brn|[from] brn
|
|switch|p2a: Gliscor|Gliscor, M|354\/354 tox
|turn|26
|
|move|p2a: Gliscor|Stealth Rock|p1a: LT4B 1714
|-sidestart|p1: Aka DH|move: Stealth Rock
|move|p1a: LT4B 1714|Giga Drain|p2a: Gliscor
|-damage|p2a: Gliscor|245\/354 tox
|-heal|p1a: LT4B 1714|364\/364 brn|[from] drain|[of] p2a: Gliscor
|
|-heal|p2a: Gliscor|289\/354 tox|[from] ability: Poison Heal
|-damage|p1a: LT4B 1714|319\/364 brn|[from] brn
|turn|27
|
|move|p2a: Gliscor|Stone Edge|p1a: LT4B 1714
|-damage|p1a: LT4B 1714|270\/364 brn
|move|p1a: LT4B 1714|Leech Seed|p2a: Gliscor
|-start|p2a: Gliscor|move: Leech Seed
|
|-damage|p2a: Gliscor|245\/354 tox|[from] Leech Seed|[of] p1a: LT4B 1714
|-heal|p1a: LT4B 1714|314\/364 brn|[silent]
|-heal|p2a: Gliscor|289\/354 tox|[from] ability: Poison Heal
|-damage|p1a: LT4B 1714|269\/364 brn|[from] brn
|turn|28
|
|switch|p2a: Mandibuzz|Mandibuzz, F, shiny|41\/420 brn
|move|p1a: LT4B 1714|Giga Drain|p2a: Mandibuzz
|-resisted|p2a: Mandibuzz
|-damage|p2a: Mandibuzz|0 fnt
|-heal|p1a: LT4B 1714|290\/364 brn|[from] drain|[of] p2a: Mandibuzz
|faint|p2a: Mandibuzz
|
|-damage|p1a: LT4B 1714|245\/364 brn|[from] brn
|
|switch|p2a: Gliscor|Gliscor, M|289\/354 tox
|turn|29
|
|move|p2a: Gliscor|Protect|p2a: Gliscor
|-singleturn|p2a: Gliscor|Protect
|move|p1a: LT4B 1714|Leech Seed|p2a: Gliscor
|-activate|p2a: Gliscor|Protect
|
|-heal|p2a: Gliscor|333\/354 tox|[from] ability: Poison Heal
|-damage|p1a: LT4B 1714|200\/364 brn|[from] brn
|turn|30
|
|move|p2a: Gliscor|Earthquake|p1a: LT4B 1714
|-damage|p1a: LT4B 1714|128\/364 brn
|move|p1a: LT4B 1714|Leech Seed|p2a: Gliscor
|-start|p2a: Gliscor|move: Leech Seed
|
|-damage|p2a: Gliscor|289\/354 tox|[from] Leech Seed|[of] p1a: LT4B 1714
|-heal|p1a: LT4B 1714|172\/364 brn|[silent]
|-heal|p2a: Gliscor|333\/354 tox|[from] ability: Poison Heal
|-damage|p1a: LT4B 1714|127\/364 brn|[from] brn
|turn|31
|
|move|p2a: Gliscor|Earthquake|p1a: LT4B 1714
|-damage|p1a: LT4B 1714|55\/364 brn
|move|p1a: LT4B 1714|Giga Drain|p2a: Gliscor
|-damage|p2a: Gliscor|207\/354 tox
|-heal|p1a: LT4B 1714|118\/364 brn|[from] drain|[of] p2a: Gliscor
|
|-damage|p2a: Gliscor|163\/354 tox|[from] Leech Seed|[of] p1a: LT4B 1714
|-heal|p1a: LT4B 1714|162\/364 brn|[silent]
|-heal|p2a: Gliscor|207\/354 tox|[from] ability: Poison Heal
|-damage|p1a: LT4B 1714|117\/364 brn|[from] brn
|turn|32
|
|move|p2a: Gliscor|Earthquake|p1a: LT4B 1714
|-damage|p1a: LT4B 1714|47\/364 brn
|move|p1a: LT4B 1714|Synthesis|p1a: LT4B 1714
|-heal|p1a: LT4B 1714|229\/364 brn
|
|-damage|p2a: Gliscor|163\/354 tox|[from] Leech Seed|[of] p1a: LT4B 1714
|-heal|p1a: LT4B 1714|273\/364 brn|[silent]
|-heal|p2a: Gliscor|207\/354 tox|[from] ability: Poison Heal
|-damage|p1a: LT4B 1714|228\/364 brn|[from] brn
|turn|33
|c|âGiggling Grannie|lol
|c|âGiggling Grannie|what is with these funky sets
|c| i came from leddit|>lol
|c|âGiggling Grannie|who the fuck would run that garbage
|c| i came from leddit|who the fuck runs SNORLAX
|
|move|p2a: Gliscor|Earthquake|p1a: LT4B 1714
|-damage|p1a: LT4B 1714|161\/364 brn
|move|p1a: LT4B 1714|Giga Drain|p2a: Gliscor
|-damage|p2a: Gliscor|95\/354 tox
|-heal|p1a: LT4B 1714|217\/364 brn|[from] drain|[of] p2a: Gliscor
|
|-damage|p2a: Gliscor|51\/354 tox|[from] Leech Seed|[of] p1a: LT4B 1714
|-heal|p1a: LT4B 1714|261\/364 brn|[silent]
|-heal|p2a: Gliscor|95\/354 tox|[from] ability: Poison Heal
|-damage|p1a: LT4B 1714|216\/364 brn|[from] brn
|turn|34
|c| i came from leddit|who the fuck would run that garbage
|c| i came from leddit|(imo)
|-message|Giggling Grannie forfeited.
|
|win|Aka DH
|raw|Ladder updating...
|leave|Giggling Grannie
|player|p2
|c| i came from leddit|rekt