|join|Toxzn
|join|Giggling Grannie
|player|p1|Toxzn|87
|player|p2|Giggling Grannie|265
|gametype|singles
|gen|6
|tier|OU
|rated
|clearpoke
|poke|p1|Garchomp, M
|poke|p1|Mawile, M, shiny
|poke|p1|Azumarill, M
|poke|p1|Dragonite, M
|poke|p1|Kyurem-Black
|poke|p1|Latios, M
|poke|p2|Tyranitar, M
|poke|p2|Amoonguss, M
|poke|p2|Pinsir, M
|poke|p2|Manaphy, shiny
|poke|p2|Zoroark, M, shiny
|poke|p2|Skarmory, M
|rule|Sleep Clause Mod: Limit one foe put to sleep
|rule|Species Clause: Limit one of each Pokemon
|rule|OHKO Clause: OHKO moves are banned
|rule|Moody Clause: Moody is banned
|rule|Evasion Moves Clause: Evasion moves are banned
|rule|Endless Battle Clause: Forcing endless battles is banned.
|rule|HP Percentage Mod: HP is reported as percentages
|teampreview
|
|start
|switch|p1a: Garchomp|Garchomp, M|357\/357
|switch|p2a: BLENDER|Pinsir, M|275\/275
|-ability|p2a: BLENDER|Mold Breaker
|turn|1
|chat|Giggling Grannie|wassup bro this C&E
|chat|Giggling Grannie|glhf
|chat|Toxzn|oh ho
|chat|Toxzn|hi*
|chat|Toxzn|u2
|
|-formechange|p2a: BLENDER|Pinsir-Mega
|message|Pinsir has Mega Evolved into Mega Pinsir!
|move|p1a: Garchomp|Stealth Rock|p2a: BLENDER
|-sidestart|p2: Giggling Grannie|move: Stealth Rock
|move|p2a: BLENDER|Return|p1a: Garchomp
|-damage|p1a: Garchomp|75\/357
|-damage|p2a: BLENDER|241\/275|[from] ability: Rough Skin|[of] p1a: Garchomp
|
|turn|2
|
|move|p2a: BLENDER|Quick Attack|p1a: Garchomp
|-damage|p1a: Garchomp|0 fnt
|-damage|p2a: BLENDER|207\/275|[from] ability: Rough Skin|[of] p1a: Garchomp
|faint|p1a: Garchomp
|
|
|switch|p1a: Kyurem-Black|Kyurem-Black|391\/391
|-ability|p1a: Kyurem-Black|Teravolt
|turn|3
|join|dannykim0730
|
|move|p1a: Kyurem-Black|Fusion Bolt|p2a: BLENDER
|-supereffective|p2a: BLENDER
|-damage|p2a: BLENDER|0 fnt
|faint|p2a: BLENDER
|
|
|switch|p2a: Reptar|Tyranitar, M|404\/404
|-damage|p2a: Reptar|354\/404|[from] Stealth Rock
|-weather|Sandstorm
|turn|4
|
|switch|p1a: Mawile|Mawile, M, shiny|280\/280
|-ability|p1a: Mawile|Intimidate|[of] p2a: Reptar
|-unboost|p2a: Reptar|atk|1
|move|p2a: Reptar|Thunder Wave|p1a: Mawile
|-status|p1a: Mawile|par
|
|-weather|Sandstorm|[upkeep]
|turn|5
|
|-formechange|p1a: Mawile|Mawile-Mega
|message|Mawile has Mega Evolved into Mega Mawile!
|move|p2a: Reptar|Stealth Rock|p1a: Mawile
|-sidestart|p1: Toxzn|move: Stealth Rock
|cant|p1a: Mawile|par
|
|-weather|Sandstorm|[upkeep]
|turn|6
|join|IAmGingy
|
|switch|p2a: Piss Test|Manaphy, shiny|403\/403
|-damage|p2a: Piss Test|353\/403|[from] Stealth Rock
|move|p1a: Mawile|Play Rough|p2a: Piss Test
|-damage|p2a: Piss Test|140\/403
|
|-weather|Sandstorm|[upkeep]
|-damage|p2a: Piss Test|115\/403|[from] sandstorm
|-heal|p2a: Piss Test|140\/403|[from] item: Leftovers
|turn|7
|chat|IAmGingy|that rain rest
|
|move|p2a: Piss Test|Scald|p1a: Mawile
|-damage|p1a: Mawile|189\/280 par
|move|p1a: Mawile|Play Rough|p2a: Piss Test
|-damage|p2a: Piss Test|0 fnt
|faint|p2a: Piss Test
|
|-weather|Sandstorm|[upkeep]
|chat|IAmGingy|manaphy
|join|Yuttt.alternate
|
|switch|p2a: Reptar|Tyranitar, M|263\/263
|-damage|p2a: Reptar|231\/263|[from] Stealth Rock
|turn|8
|
|move|p2a: Reptar|Flamethrower|p1a: Mawile
|-supereffective|p1a: Mawile
|-damage|p1a: Mawile|0 fnt
|faint|p1a: Mawile
|
|-weather|none
|join|kullhadd hekk
|
|switch|p1a: Latios|Latios, M|301\/301
|-damage|p1a: Latios|264\/301|[from] Stealth Rock
|turn|9
|
|switch|p2a: Reptar|Tyranitar, M|354\/404
|-damage|p2a: Reptar|304\/404|[from] Stealth Rock
|-weather|Sandstorm
|move|p1a: Latios|Memento|p2a: Reptar
|-unboost|p2a: Reptar|atk|2
|-unboost|p2a: Reptar|spa|2
|faint|p1a: Latios
|
|-weather|Sandstorm|[upkeep]
|chat|Yuttt.alternate|>_>
|chat|Yuttt.alternate|dis is confuzzling
|
|switch|p1a: Azumarill|Azumarill, M|342\/342
|-damage|p1a: Azumarill|300\/342|[from] Stealth Rock
|turn|10
|
|move|p1a: Azumarill|Belly Drum|p1a: Azumarill
|-damage|p1a: Azumarill|129\/342
|-setboost|p1a: Azumarill|atk|6|[from] move: Belly Drum
|-enditem|p1a: Azumarill|Sitrus Berry|[eat]
|-heal|p1a: Azumarill|214\/342|[from] item: Sitrus Berry
|move|p2a: Reptar|Thunder Wave|p1a: Azumarill
|-status|p1a: Azumarill|par
|
|-weather|Sandstorm|[upkeep]
|-damage|p1a: Azumarill|193\/342 par|[from] sandstorm
|turn|11
|chat|Yuttt.alternate|o-k
|join|tst_100
|chat|IAmGingy|YES
|chat|IAmGingy|HE HAS IT
|chat|IAmGingy|hahhaha
|chat|IAmGingy|im so happy to see that tbh
|chat|Yuttt.alternate|what
|chat|Yuttt.alternate|twave?
|chat|IAmGingy|its fkn hilarious
|chat|IAmGingy|yeah
|
|move|p1a: Azumarill|Aqua Jet|p2a: Reptar
|-supereffective|p2a: Reptar
|-damage|p2a: Reptar|0 fnt
|faint|p2a: Reptar
|
|-weather|Sandstorm|[upkeep]
|-damage|p1a: Azumarill|172\/342 par|[from] sandstorm
|chat|Toxzn|he showed earlier
|chat|tst_100|twave ttar was a thing in vgc
|chat|Giggling Grannie|damn bro i think azu would have swept if u brought him in on zoro
|
|switch|p2a: Shrooms|Amoonguss, M|424\/424
|-damage|p2a: Shrooms|371\/424|[from] Stealth Rock
|turn|12
|chat|Toxzn|its fine
|
|move|p1a: Azumarill|Aqua Jet|p2a: Shrooms
|-resisted|p2a: Shrooms
|-damage|p2a: Shrooms|189\/424
|move|p2a: Shrooms|Giga Drain|p1a: Azumarill
|-supereffective|p1a: Azumarill
|-damage|p1a: Azumarill|0 fnt
|-heal|p2a: Shrooms|275\/424|[from] drain|[of] p1a: Azumarill
|faint|p1a: Azumarill
|
|-weather|Sandstorm|[upkeep]
|-damage|p2a: Shrooms|249\/424|[from] sandstorm
|-heal|p2a: Shrooms|275\/424|[from] item: Black Sludge
|
|switch|p1a: Kyurem-Black|Kyurem-Black|391\/391
|-damage|p1a: Kyurem-Black|294\/391|[from] Stealth Rock
|-ability|p1a: Kyurem-Black|Teravolt
|turn|13
|
|move|p1a: Kyurem-Black|Ice Beam|p2a: Shrooms
|-supereffective|p2a: Shrooms
|-damage|p2a: Shrooms|45\/424
|move|p2a: Shrooms|Foul Play|p1a: Kyurem-Black
|-damage|p1a: Kyurem-Black|139\/391
|
|-weather|none
|-heal|p2a: Shrooms|71\/424|[from] item: Black Sludge
|turn|14
|
|move|p1a: Kyurem-Black|Ice Beam|p2a: Shrooms
|-supereffective|p2a: Shrooms
|-damage|p2a: Shrooms|0 fnt
|faint|p2a: Shrooms
|
|chat|Giggling Grannie|ahhh
|leave|tst_100
|
|switch|p2a: Panzearon|Skarmory, M|334\/334
|-damage|p2a: Panzearon|293\/334|[from] Stealth Rock
|turn|15
|
|move|p1a: Kyurem-Black|Ice Beam|p2a: Panzearon
|-damage|p2a: Panzearon|112\/334
|move|p2a: Panzearon|Whirlwind|p1a: Kyurem-Black
|drag|p1a: Dragonite|Dragonite, M|323\/323
|-damage|p1a: Dragonite|243\/323|[from] Stealth Rock
|
|turn|16
|
|move|p1a: Dragonite|Fire Punch|p2a: Panzearon
|-supereffective|p2a: Panzearon
|-damage|p2a: Panzearon|0 fnt
|-damage|p1a: Dragonite|190\/323|[from] item: Rocky Helmet|[of] p2a: Panzearon
|faint|p2a: Panzearon
|
|chat|Giggling Grannie|no
|
|switch|p2a: Silly Rabbit|Zoroark, M, shiny|231\/263
|-damage|p2a: Silly Rabbit|199\/263|[from] Stealth Rock
|turn|17
|
|move|p1a: Dragonite|Extreme Speed|p2a: Silly Rabbit
|-damage|p2a: Silly Rabbit|46\/263
|move|p2a: Silly Rabbit|Night Daze|p1a: Dragonite
|-damage|p1a: Dragonite|52\/323
|
|turn|18
|chat|Toxzn|gg
|chat|Giggling Grannie|gg
|
|move|p1a: Dragonite|Extreme Speed|p2a: Silly Rabbit
|-damage|p2a: Silly Rabbit|0 fnt
|faint|p2a: Silly Rabbit
|
|win|Toxzn
|raw|Ladder updating...
|raw|Toxzn's rating: 1924 &rarr; <strong>1934<\/strong><br \/>(+10 for winning)
|raw|Giggling Grannie's rating: 1727 &rarr; <strong>1717<\/strong><br \/>(-10 for losing)
|leave|Giggling Grannie
|player|p2
|leave|Yuttt.alternate
|leave|dannykim0730
|leave|Toxzn
|player|p1
|leave|IAmGingy