|join|Giggling Grannie
|join|R3PR0
|player|p1|Giggling Grannie|2
|player|p2|R3PR0|168
|gametype|singles
|gen|6
|tier|OU
|rated
|clearpoke
|poke|p1|Gliscor, M
|poke|p1|Chansey, F
|poke|p1|Togekiss, F
|poke|p1|Heracross, M, shiny
|poke|p1|Gengar, F
|poke|p1|Zapdos, shiny
|poke|p2|Talonflame, F
|poke|p2|Excadrill, F
|poke|p2|Latias, F
|poke|p2|Manectric, F
|poke|p2|Landorus-Therian, M
|poke|p2|Azumarill, F
|rule|Sleep Clause Mod: Limit one foe put to sleep
|rule|Species Clause: Limit one of each Pokemon
|rule|OHKO Clause: OHKO moves are banned
|rule|Moody Clause: Moody is banned
|rule|Evasion Moves Clause: Evasion moves are banned
|rule|Endless Battle Clause: Forcing endless battles is banned.
|rule|HP Percentage Mod: HP is reported as percentages
|teampreview
|join|NotRyuken
|leave|NotRyuken
|
|start
|switch|p1a: Chansey|Chansey, F|700\/700
|switch|p2a: Talonflame|Talonflame, F|342\/342
|turn|1
|
|move|p2a: Talonflame|Taunt|p1a: Chansey
|-start|p1a: Chansey|move: Taunt
|cant|p1a: Chansey|move: Taunt|Stealth Rock
|
|turn|2
|
|move|p2a: Talonflame|Will-O-Wisp|p1a: Chansey
|-status|p1a: Chansey|brn
|move|p1a: Chansey|Seismic Toss|p2a: Talonflame
|-damage|p2a: Talonflame|242\/342
|
|-heal|p2a: Talonflame|263\/342|[from] item: Leftovers
|-damage|p1a: Chansey|613\/700 brn|[from] brn
|turn|3
|
|move|p2a: Talonflame|Will-O-Wisp|p1a: Chansey
|-fail|p1a: Chansey|brn
|move|p1a: Chansey|Seismic Toss|p2a: Talonflame
|-damage|p2a: Talonflame|163\/342
|
|-heal|p2a: Talonflame|184\/342|[from] item: Leftovers
|-damage|p1a: Chansey|526\/700 brn|[from] brn
|-end|p1a: Chansey|move: Taunt
|turn|4
|
|move|p2a: Talonflame|Taunt|p1a: Chansey
|-start|p1a: Chansey|move: Taunt
|move|p1a: Chansey|Seismic Toss|p2a: Talonflame
|-damage|p2a: Talonflame|84\/342
|
|-heal|p2a: Talonflame|105\/342|[from] item: Leftovers
|-damage|p1a: Chansey|439\/700 brn|[from] brn
|turn|5
|
|switch|p1a: Gliscor|Gliscor, M|354\/354
|move|p2a: Talonflame|Roost|p2a: Talonflame
|-heal|p2a: Talonflame|276\/342
|
|-heal|p2a: Talonflame|297\/342|[from] item: Leftovers
|-status|p1a: Gliscor|tox|[from] item: Toxic Orb
|turn|6
|
|switch|p1a: Zapdos|Zapdos, shiny|382\/382
|-ability|p1a: Zapdos|Pressure
|move|p2a: Talonflame|Taunt|p1a: Zapdos
|-start|p1a: Zapdos|move: Taunt
|
|-heal|p2a: Talonflame|318\/342|[from] item: Leftovers
|turn|7
|
|switch|p2a: Landorus-Therian|Landorus-Therian, M|381\/381
|-ability|p2a: Landorus-Therian|Intimidate|[of] p1a: Zapdos
|-unboost|p1a: Zapdos|atk|1
|switch|p1a: Gliscor|Gliscor, M|354\/354 tox
|
|turn|8
|
|move|p1a: Gliscor|Toxic|p2a: Landorus-Therian
|-status|p2a: Landorus-Therian|tox
|move|p2a: Landorus-Therian|Stealth Rock|p1a: Gliscor
|-sidestart|p1: Giggling Grannie|move: Stealth Rock
|
|-damage|p2a: Landorus-Therian|358\/381 tox|[from] psn
|turn|9
|
|switch|p2a: Manectric|Manectric, F|281\/281
|move|p1a: Gliscor|Substitute|p1a: Gliscor
|-start|p1a: Gliscor|Substitute
|-damage|p1a: Gliscor|266\/354 tox
|
|-heal|p1a: Gliscor|310\/354 tox|[from] ability: Poison Heal
|turn|10
|
|switch|p2a: Excadrill|Excadrill, F|365\/365
|-ability|p2a: Excadrill|Mold Breaker
|-item|p2a: Excadrill|Air Balloon
|move|p1a: Gliscor|Toxic|p2a: Excadrill
|-fail|p2a: Excadrill
|
|-heal|p1a: Gliscor|354\/354 tox|[from] ability: Poison Heal
|turn|11
|
|switch|p2a: Manectric|Manectric, F|281\/281
|switch|p1a: Zapdos|Zapdos, shiny|382\/382
|-damage|p1a: Zapdos|287\/382|[from] Stealth Rock
|-ability|p1a: Zapdos|Pressure
|
|-heal|p1a: Zapdos|310\/382|[from] item: Leftovers
|turn|12
|
|-formechange|p2a: Manectric|Manectric-Mega
|message|Manectric has Mega Evolved into Mega Manectric!
|-ability|p2a: Manectric|Intimidate|[of] p1a: Zapdos
|-unboost|p1a: Zapdos|atk|1
|move|p2a: Manectric|Volt Switch|p1a: Zapdos
|-damage|p1a: Zapdos|181\/382
|
|switch|p2a: Landorus-Therian|Landorus-Therian, M|358\/381 tox
|-ability|p2a: Landorus-Therian|Intimidate|[of] p1a: Zapdos
|-unboost|p1a: Zapdos|atk|1
|move|p1a: Zapdos|Roost|p1a: Zapdos
|-heal|p1a: Zapdos|372\/382
|
|-heal|p1a: Zapdos|382\/382|[from] item: Leftovers
|-heal|p2a: Landorus-Therian|381\/381 tox|[from] item: Leftovers
|-damage|p2a: Landorus-Therian|358\/381 tox|[from] psn
|turn|13
|
|move|p1a: Zapdos|Defog|p2a: Landorus-Therian
|-unboost|p2a: Landorus-Therian|evasion|1
|-sideend|p1: Giggling Grannie|Stealth Rock|[from] move: Defog|[of] p1a: Zapdos
|move|p2a: Landorus-Therian|Knock Off|p1a: Zapdos
|-damage|p1a: Zapdos|293\/382
|-enditem|p1a: Zapdos|Leftovers|[from] move: Knock Off|[of] p2a: Landorus-Therian
|
|-heal|p2a: Landorus-Therian|381\/381 tox|[from] item: Leftovers
|-damage|p2a: Landorus-Therian|335\/381 tox|[from] psn
|turn|14
|
|move|p1a: Zapdos|Discharge|p2a: Landorus-Therian
|-immune|p2a: Landorus-Therian|[msg]
|move|p2a: Landorus-Therian|U-turn|p1a: Zapdos
|-resisted|p1a: Zapdos
|-damage|p1a: Zapdos|256\/382
|
|switch|p2a: Manectric|Manectric, F|281\/281
|-formechange|p2a: Manectric|Manectric-Mega
|-ability|p2a: Manectric|Intimidate|[of] p1a: Zapdos
|-unboost|p1a: Zapdos|atk|1
|
|turn|15
|
|move|p2a: Manectric|Volt Switch|p1a: Zapdos
|-damage|p1a: Zapdos|117\/382
|
|switch|p2a: Landorus-Therian|Landorus-Therian, M|335\/381 tox
|-ability|p2a: Landorus-Therian|Intimidate|[of] p1a: Zapdos
|-unboost|p1a: Zapdos|atk|1
|move|p1a: Zapdos|Toxic|p2a: Landorus-Therian
|-fail|p2a: Landorus-Therian|tox
|
|-heal|p2a: Landorus-Therian|358\/381 tox|[from] item: Leftovers
|-damage|p2a: Landorus-Therian|335\/381 tox|[from] psn
|turn|16
|
|move|p1a: Zapdos|Roost|p1a: Zapdos
|-heal|p1a: Zapdos|308\/382
|move|p2a: Landorus-Therian|Earthquake|p1a: Zapdos
|-supereffective|p1a: Zapdos
|-damage|p1a: Zapdos|32\/382
|
|-heal|p2a: Landorus-Therian|358\/381 tox|[from] item: Leftovers
|-damage|p2a: Landorus-Therian|312\/381 tox|[from] psn
|turn|17
|
|move|p1a: Zapdos|Roost|p1a: Zapdos
|-heal|p1a: Zapdos|223\/382
|move|p2a: Landorus-Therian|U-turn|p1a: Zapdos
|-damage|p1a: Zapdos|148\/382
|
|switch|p2a: Manectric|Manectric, F|281\/281
|-formechange|p2a: Manectric|Manectric-Mega
|-ability|p2a: Manectric|Intimidate|[of] p1a: Zapdos
|-unboost|p1a: Zapdos|atk|1
|
|turn|18
|
|switch|p1a: Chansey|Chansey, F|439\/700
|move|p2a: Manectric|Thunderbolt|p1a: Chansey
|-damage|p1a: Chansey|336\/700
|
|turn|19
|
|move|p2a: Manectric|Volt Switch|p1a: Chansey
|-damage|p1a: Chansey|255\/700
|
|switch|p2a: Talonflame|Talonflame, F|318\/342
|move|p1a: Chansey|Soft-Boiled|p1a: Chansey
|-heal|p1a: Chansey|605\/700
|
|-heal|p2a: Talonflame|339\/342|[from] item: Leftovers
|turn|20
|
|switch|p1a: Zapdos|Zapdos, shiny|148\/382
|-ability|p1a: Zapdos|Pressure
|move|p2a: Talonflame|Taunt|p1a: Zapdos
|-start|p1a: Zapdos|move: Taunt
|
|-heal|p2a: Talonflame|342\/342|[from] item: Leftovers
|turn|21
|
|switch|p2a: Landorus-Therian|Landorus-Therian, M|312\/381 tox
|-ability|p2a: Landorus-Therian|Intimidate|[of] p1a: Zapdos
|-unboost|p1a: Zapdos|atk|1
|switch|p1a: Chansey|Chansey, F|605\/700
|
|-heal|p2a: Landorus-Therian|335\/381 tox|[from] item: Leftovers
|-damage|p2a: Landorus-Therian|312\/381 tox|[from] psn
|turn|22
|
|switch|p1a: Zapdos|Zapdos, shiny|148\/382
|-ability|p1a: Zapdos|Pressure
|move|p2a: Landorus-Therian|Knock Off|p1a: Zapdos
|-damage|p1a: Zapdos|85\/382
|
|-heal|p2a: Landorus-Therian|335\/381 tox|[from] item: Leftovers
|-damage|p2a: Landorus-Therian|289\/381 tox|[from] psn
|turn|23
|
|move|p1a: Zapdos|Discharge|p2a: Landorus-Therian
|-immune|p2a: Landorus-Therian|[msg]
|move|p2a: Landorus-Therian|Earthquake|p1a: Zapdos
|-immune|p1a: Zapdos|[msg]
|
|-heal|p2a: Landorus-Therian|312\/381 tox|[from] item: Leftovers
|-damage|p2a: Landorus-Therian|243\/381 tox|[from] psn
|turn|24
|
|move|p1a: Zapdos|Roost|p1a: Zapdos
|-heal|p1a: Zapdos|276\/382
|move|p2a: Landorus-Therian|U-turn|p1a: Zapdos
|-damage|p1a: Zapdos|202\/382
|
|switch|p2a: Latias|Latias, F|301\/301
|
|turn|25
|
|switch|p2a: Azumarill|Azumarill, F|345\/345
|switch|p1a: Chansey|Chansey, F|605\/700
|
|turn|26
|
|move|p1a: Chansey|Stealth Rock|p2a: Azumarill
|-sidestart|p2: R3PR0|move: Stealth Rock
|move|p2a: Azumarill|Waterfall|p1a: Chansey
|-damage|p1a: Chansey|334\/700
|
|turn|27
|
|move|p2a: Azumarill|Knock Off|p1a: Chansey
|-damage|p1a: Chansey|142\/700
|-enditem|p1a: Chansey|Eviolite|[from] move: Knock Off|[of] p2a: Azumarill
|move|p1a: Chansey|Soft-Boiled|p1a: Chansey
|-heal|p1a: Chansey|492\/700
|
|turn|28
|chat|R3PR0|heh
|
|switch|p1a: KISS|Togekiss, F|372\/372
|move|p2a: Azumarill|Play Rough|p1a: KISS
|-damage|p1a: KISS|168\/372
|
|-heal|p1a: KISS|191\/372|[from] item: Leftovers
|turn|29
|
|move|p1a: KISS|Roost|p1a: KISS
|-heal|p1a: KISS|372\/372
|move|p2a: Azumarill|Play Rough|p1a: KISS
|-damage|p1a: KISS|173\/372
|
|-heal|p1a: KISS|196\/372|[from] item: Leftovers
|turn|30
|
|move|p1a: KISS|Air Slash|p2a: Azumarill
|-damage|p2a: Azumarill|281\/345
|cant|p2a: Azumarill|flinch
|
|-heal|p1a: KISS|219\/372|[from] item: Leftovers
|turn|31
|
|move|p1a: KISS|Air Slash|p2a: Azumarill
|-damage|p2a: Azumarill|217\/345
|move|p2a: Azumarill|Knock Off|p1a: KISS
|-resisted|p1a: KISS
|-damage|p1a: KISS|151\/372
|-enditem|p1a: KISS|Leftovers|[from] move: Knock Off|[of] p2a: Azumarill
|
|turn|32
|
|switch|p2a: Manectric|Manectric, F|281\/281
|-formechange|p2a: Manectric|Manectric-Mega
|-damage|p2a: Manectric|246\/281|[from] Stealth Rock
|-ability|p2a: Manectric|Intimidate|[of] p1a: KISS
|-unboost|p1a: KISS|atk|1
|move|p1a: KISS|Roost|p1a: KISS
|-heal|p1a: KISS|337\/372
|
|turn|33
|
|move|p2a: Manectric|Volt Switch|p1a: KISS
|-supereffective|p1a: KISS
|-damage|p1a: KISS|161\/372
|
|switch|p2a: Latias|Latias, F|301\/301
|-damage|p2a: Latias|264\/301|[from] Stealth Rock
|move|p1a: KISS|Roost|p1a: KISS
|-heal|p1a: KISS|347\/372
|
|turn|34
|
|move|p2a: Latias|Defog|p1a: KISS
|-unboost|p1a: KISS|evasion|1
|-sideend|p2: R3PR0|Stealth Rock|[from] move: Defog|[of] p2a: Latias
|move|p1a: KISS|Nasty Plot|p1a: KISS
|-boost|p1a: KISS|spa|2
|
|turn|35
|
|move|p2a: Latias|Thunderbolt|p1a: KISS
|-supereffective|p1a: KISS
|-damage|p1a: KISS|165\/372
|-damage|p2a: Latias|234\/301|[from] item: Life Orb
|move|p1a: KISS|Air Slash|p2a: Latias
|-damage|p2a: Latias|81\/301
|
|turn|36
|
|switch|p2a: Talonflame|Talonflame, F|342\/342
|move|p1a: KISS|Baton Pass|p1a: KISS
|chat|R3PR0|nice
|
|switch|p1a: Willy Wonka|Gengar, F|262\/262
|
|turn|37
|
|move|p2a: Talonflame|Brave Bird|p1a: Willy Wonka
|-damage|p1a: Willy Wonka|0 fnt
|-damage|p2a: Talonflame|256\/342|[from] recoil|[of] p1a: Willy Wonka
|faint|p1a: Willy Wonka
|
|-heal|p2a: Talonflame|277\/342|[from] item: Leftovers
|chat|Giggling Grannie|damn
|
|switch|p1a: Zapdos|Zapdos, shiny|202\/382
|-ability|p1a: Zapdos|Pressure
|turn|38
|chat|R3PR0|I got lucky, sorry
|chat|R3PR0|252+ Atk Talonflame Brave Bird vs. 4 HP \/ 0 Def Gengar: 237-280 (90.4 - 106.8%) -- 43.8% chance to OHKO
|chat|Giggling Grannie|not really thats about avg
|
|switch|p2a: Manectric|Manectric, F|246\/281
|-formechange|p2a: Manectric|Manectric-Mega
|-ability|p2a: Manectric|Intimidate|[of] p1a: Zapdos
|-unboost|p1a: Zapdos|atk|1
|move|p1a: Zapdos|Roost|p1a: Zapdos
|-heal|p1a: Zapdos|382\/382
|
|turn|39
|chat|R3PR0|I guess, I was only hoping to dent it
|chat|R3PR0|well either way
|
|move|p2a: Manectric|Hidden Power|p1a: Zapdos
|-supereffective|p1a: Zapdos
|-damage|p1a: Zapdos|234\/382
|move|p1a: Zapdos|Roost|p1a: Zapdos
|-heal|p1a: Zapdos|382\/382
|
|turn|40
|
|move|p2a: Manectric|Thunderbolt|p1a: Zapdos
|-damage|p1a: Zapdos|193\/382
|move|p1a: Zapdos|Roost|p1a: Zapdos
|-heal|p1a: Zapdos|382\/382
|
|turn|41
|
|move|p2a: Manectric|Volt Switch|p1a: Zapdos
|-damage|p1a: Zapdos|235\/382
|
|switch|p2a: Landorus-Therian|Landorus-Therian, M|243\/381 tox
|-ability|p2a: Landorus-Therian|Intimidate|[of] p1a: Zapdos
|-unboost|p1a: Zapdos|atk|1
|move|p1a: Zapdos|Toxic|p2a: Landorus-Therian
|-fail|p2a: Landorus-Therian|tox
|
|-heal|p2a: Landorus-Therian|266\/381 tox|[from] item: Leftovers
|-damage|p2a: Landorus-Therian|243\/381 tox|[from] psn
|turn|42
|
|move|p1a: Zapdos|Discharge|p2a: Landorus-Therian
|-immune|p2a: Landorus-Therian|[msg]
|move|p2a: Landorus-Therian|U-turn|p1a: Zapdos
|-resisted|p1a: Zapdos
|-damage|p1a: Zapdos|198\/382
|chat|R3PR0|I thought I smelt discharge hehe
|
|switch|p2a: Excadrill|Excadrill, F|365\/365
|-ability|p2a: Excadrill|Mold Breaker
|-item|p2a: Excadrill|Air Balloon
|
|turn|43
|
|switch|p1a: Heracross|Heracross, M, shiny|348\/348
|move|p2a: Excadrill|Swords Dance|p2a: Excadrill
|-boost|p2a: Excadrill|atk|2
|
|turn|44
|
|switch|p2a: Talonflame|Talonflame, F|277\/342
|-formechange|p1a: Heracross|Heracross-Mega
|message|Heracross has Mega Evolved into Mega Heracross!
|move|p1a: Heracross|Close Combat|p2a: Talonflame
|-resisted|p2a: Talonflame
|-damage|p2a: Talonflame|81\/342
|-unboost|p1a: Heracross|def|1
|-unboost|p1a: Heracross|spd|1
|
|-heal|p2a: Talonflame|102\/342|[from] item: Leftovers
|turn|45
|
|move|p2a: Talonflame|Brave Bird|p1a: Heracross
|-supereffective|p1a: Heracross
|-damage|p1a: Heracross|0 fnt
|-damage|p2a: Talonflame|0 fnt|[from] recoil|[of] p1a: Heracross
|faint|p1a: Heracross
|faint|p2a: Talonflame
|
|chat|Giggling Grannie|that talon was giving me problems
|chat|Giggling Grannie|good sac imo
|chat|R3PR0|yeah he's done his job for me, no I just need to take out chansey
|chat|R3PR0|now*
|
|switch|p1a: Chansey|Chansey, F|492\/700
|switch|p2a: Azumarill|Azumarill, F|217\/345
|turn|46
|
|switch|p1a: Zapdos|Zapdos, shiny|198\/382
|-ability|p1a: Zapdos|Pressure
|move|p2a: Azumarill|Play Rough|p1a: Zapdos
|-damage|p1a: Zapdos|36\/382
|-unboost|p1a: Zapdos|atk|1
|
|turn|47
|
|switch|p1a: Gliscor|Gliscor, M|354\/354 tox
|move|p2a: Azumarill|Aqua Jet|p1a: Gliscor
|-supereffective|p1a: Gliscor
|-damage|p1a: Gliscor|240\/354 tox
|
|-heal|p1a: Gliscor|284\/354 tox|[from] ability: Poison Heal
|turn|48
|
|switch|p2a: Excadrill|Excadrill, F|365\/365
|-ability|p2a: Excadrill|Mold Breaker
|-item|p2a: Excadrill|Air Balloon
|move|p1a: Gliscor|Toxic|p2a: Excadrill
|-fail|p2a: Excadrill
|
|-heal|p1a: Gliscor|328\/354 tox|[from] ability: Poison Heal
|turn|49
|
|switch|p1a: Chansey|Chansey, F|492\/700
|move|p2a: Excadrill|Swords Dance|p2a: Excadrill
|-boost|p2a: Excadrill|atk|2
|
|turn|50
|chat|Giggling Grannie|dats
|chat|Giggling Grannie|game
|chat|R3PR0|yeah I figured half your team was completely countered by this bad boy
|
|move|p2a: Excadrill|Earthquake|p1a: Chansey
|-damage|p1a: Chansey|0 fnt
|faint|p1a: Chansey
|
|-message|Giggling Grannie forfeited.
|
|win|R3PR0
|raw|Ladder updating...
|leave|Giggling Grannie
|player|p1
|raw|Giggling Grannie's rating: 1737 &rarr; <strong>1714<\/strong><br \/>(-23 for losing)
|raw|R3PR0's rating: 1689 &rarr; <strong>1711<\/strong><br \/>(+22 for winning)
|leave|R3PR0
|player|p2
|join|R3PR0