|join|Giggling Grannie
|join|Cool Joe
|player|p1|Giggling Grannie|101
|player|p2|Cool Joe|129
|gametype|singles
|gen|6
|tier|OU
|rated
|clearpoke
|poke|p1|Volcarona, F
|poke|p1|Donphan, M
|poke|p1|Chansey, F
|poke|p1|Gyarados, F
|poke|p1|Gengar, M
|poke|p1|Mandibuzz, F, shiny
|poke|p2|Gardevoir, F, shiny
|poke|p2|Heatran, M
|poke|p2|Mandibuzz, F
|poke|p2|Thundurus, M
|poke|p2|Landorus-Therian, M
|poke|p2|Conkeldurr, M
|rule|Baton Pass Clause: Limit 3 pokemon knowing Baton Pass
|rule|Sleep Clause Mod: Limit one foe put to sleep
|rule|Species Clause: Limit one of each Pokemon
|rule|OHKO Clause: OHKO moves are banned
|rule|Moody Clause: Moody is banned
|rule|Evasion Moves Clause: Evasion moves are banned
|rule|Endless Battle Clause: Forcing endless battles is banned
|rule|HP Percentage Mod: HP is reported as percentages
|teampreview
|
|start
|switch|p1a: Gyarados|Gyarados, F|361\/361
|switch|p2a: Thundurus|Thundurus, M|299\/299
|-ability|p1a: Gyarados|Intimidate|[of] p2a: Thundurus
|-unboost|p2a: Thundurus|atk|1
|turn|1
|
|switch|p1a: Tank|Donphan, M|384\/384
|move|p2a: Thundurus|Taunt|p1a: Tank
|-start|p1a: Tank|move: Taunt
|
|turn|2
|
|switch|p2a: Mandibuzz|Mandibuzz, F|424\/424
|move|p1a: Tank|Head Smash|p2a: Mandibuzz
|-supereffective|p2a: Mandibuzz
|-damage|p2a: Mandibuzz|224\/424
|-damage|p1a: Tank|284\/384|[from] recoil|[of] p2a: Mandibuzz
|
|-heal|p2a: Mandibuzz|250\/424|[from] item: Leftovers
|-heal|p1a: Tank|308\/384|[from] item: Leftovers
|turn|3
|
|switch|p1a: LICE|Volcarona, F|357\/357
|move|p2a: Mandibuzz|Toxic|p1a: LICE
|-status|p1a: LICE|tox
|
|-heal|p2a: Mandibuzz|276\/424|[from] item: Leftovers
|-damage|p1a: LICE|335\/357 tox|[from] psn
|turn|4
|
|switch|p1a: Wonka|Gengar, M|264\/264
|move|p2a: Mandibuzz|Roost|p2a: Mandibuzz
|-heal|p2a: Mandibuzz|424\/424
|
|turn|5
|
|switch|p1a: Sprinkles|Chansey, F|700\/700
|move|p2a: Mandibuzz|Foul Play|p1a: Sprinkles
|-damage|p1a: Sprinkles|688\/700
|
|turn|6
|
|switch|p2a: Landorus-Therian|Landorus-Therian, M|319\/319
|-ability|p2a: Landorus-Therian|Intimidate|[of] p1a: Sprinkles
|-unboost|p1a: Sprinkles|atk|1
|move|p1a: Sprinkles|Heal Bell|p1a: Sprinkles
|-cureteam|p1a: Sprinkles|[from] move: HealBell
|
|turn|7
|
|switch|p1a: Big Bird|Mandibuzz, F, shiny|420\/420
|move|p2a: Landorus-Therian|Knock Off|p1a: Big Bird
|-resisted|p1a: Big Bird
|-damage|p1a: Big Bird|374\/420
|-enditem|p1a: Big Bird|Leftovers|[from] move: Knock Off|[of] p2a: Landorus-Therian
|
|turn|8
|
|switch|p2a: Thundurus|Thundurus, M|299\/299
|move|p1a: Big Bird|Foul Play|p2a: Thundurus
|-damage|p2a: Thundurus|148\/299
|
|-heal|p2a: Thundurus|166\/299|[from] item: Leftovers
|turn|9
|
|switch|p1a: Sprinkles|Chansey, F|688\/700
|move|p2a: Thundurus|Thunderbolt|p1a: Sprinkles
|-damage|p1a: Sprinkles|597\/700
|
|-heal|p2a: Thundurus|184\/299|[from] item: Leftovers
|turn|10
|
|switch|p1a: Gyarados|Gyarados, F|361\/361
|-ability|p1a: Gyarados|Intimidate|[of] p2a: Thundurus
|-unboost|p2a: Thundurus|atk|1
|move|p2a: Thundurus|Taunt|p1a: Gyarados
|-start|p1a: Gyarados|move: Taunt
|
|-heal|p2a: Thundurus|202\/299|[from] item: Leftovers
|turn|11
|
|switch|p1a: Sprinkles|Chansey, F|597\/700
|move|p2a: Thundurus|Thunderbolt|p1a: Sprinkles
|-damage|p1a: Sprinkles|500\/700
|
|-heal|p2a: Thundurus|220\/299|[from] item: Leftovers
|turn|12
|
|move|p2a: Thundurus|Taunt|p1a: Sprinkles
|-start|p1a: Sprinkles|move: Taunt
|move|p1a: Sprinkles|Seismic Toss|p2a: Thundurus
|-damage|p2a: Thundurus|120\/299
|
|-heal|p2a: Thundurus|138\/299|[from] item: Leftovers
|turn|13
|
|switch|p2a: Conkeldurr|Conkeldurr, M|351\/351
|move|p1a: Sprinkles|Seismic Toss|p2a: Conkeldurr
|-damage|p2a: Conkeldurr|251\/351
|
|turn|14
|
|switch|p1a: Gyarados|Gyarados, F|361\/361
|-ability|p1a: Gyarados|Intimidate|[of] p2a: Conkeldurr
|-unboost|p2a: Conkeldurr|atk|1
|move|p2a: Conkeldurr|Knock Off|p1a: Gyarados
|-damage|p1a: Gyarados|291\/361
|
|turn|15
|
|switch|p1a: Big Bird|Mandibuzz, F, shiny|374\/420
|switch|p2a: Thundurus|Thundurus, M|138\/299
|
|-heal|p2a: Thundurus|156\/299|[from] item: Leftovers
|turn|16
|
|switch|p1a: Sprinkles|Chansey, F|500\/700
|move|p2a: Thundurus|Thunderbolt|p1a: Sprinkles
|-crit|p1a: Sprinkles
|-damage|p1a: Sprinkles|368\/700
|-status|p1a: Sprinkles|par
|
|-heal|p2a: Thundurus|174\/299|[from] item: Leftovers
|turn|17
|
|switch|p2a: Gardevoir|Gardevoir, F, shiny|277\/277
|-ability|p2a: Gardevoir|Natural Cure|[from] ability: Trace|[of] p1a: Sprinkles
|cant|p1a: Sprinkles|par
|
|turn|18
|
|detailschange|p2a: Gardevoir|Gardevoir-Mega, F, shiny
|message|Gardevoir has Mega Evolved into Mega Gardevoir!
|move|p2a: Gardevoir|Psyshock|p1a: Sprinkles
|-damage|p1a: Sprinkles|143\/700 par
|move|p1a: Sprinkles|Soft-Boiled|p1a: Sprinkles
|-heal|p1a: Sprinkles|493\/700 par
|
|turn|19
|
|move|p2a: Gardevoir|Calm Mind|p2a: Gardevoir
|-boost|p2a: Gardevoir|spa|1
|-boost|p2a: Gardevoir|spd|1
|move|p1a: Sprinkles|Heal Bell|p1a: Sprinkles
|-cureteam|p1a: Sprinkles|[from] move: HealBell
|
|turn|20
|
|move|p2a: Gardevoir|Psyshock|p1a: Sprinkles
|-damage|p1a: Sprinkles|144\/700
|move|p1a: Sprinkles|Soft-Boiled|p1a: Sprinkles
|-heal|p1a: Sprinkles|494\/700
|
|turn|21
|
|move|p2a: Gardevoir|Psyshock|p1a: Sprinkles
|-damage|p1a: Sprinkles|149\/700
|move|p1a: Sprinkles|Soft-Boiled|p1a: Sprinkles
|-heal|p1a: Sprinkles|499\/700
|
|turn|22
|
|move|p2a: Gardevoir|Calm Mind|p2a: Gardevoir
|-boost|p2a: Gardevoir|spa|1
|-boost|p2a: Gardevoir|spd|1
|move|p1a: Sprinkles|Seismic Toss|p2a: Gardevoir
|-damage|p2a: Gardevoir|177\/277
|
|turn|23
|
|move|p2a: Gardevoir|Psyshock|p1a: Sprinkles
|-damage|p1a: Sprinkles|0 fnt
|faint|p1a: Sprinkles
|
|chat|Giggling Grannie|nice team bro
|chat|Cool Joe|you too
|-message|Giggling Grannie forfeited.
|
|win|Cool Joe
|raw|Ladder updating...
|leave|Giggling Grannie
|player|p1
|raw|Giggling Grannie's rating: 1847 &rarr; <strong>1820<\/strong><br \/>(-27 for losing)
|raw|Cool Joe's rating: 1716 &rarr; <strong>1743<\/strong><br \/>(+27 for winning)