|join|Giggling Grannie
|join|Reaper of Hearts
|player|p1|Giggling Grannie|69
|player|p2|Reaper of Hearts|65
|gametype|singles
|gen|6
|tier|OU
|rated
|clearpoke
|poke|p1|Gliscor, F
|poke|p1|Gothitelle, F
|poke|p1|Azumarill, M
|poke|p1|Ferrothorn, M
|poke|p1|Tentacruel, F
|poke|p1|Thundurus, M
|poke|p2|Medicham, F
|poke|p2|Gothitelle, M
|poke|p2|Mew
|poke|p2|Chansey, F
|poke|p2|Skarmory, M
|poke|p2|Rotom-Wash
|rule|Swagger Clause: Swagger is banned
|rule|Baton Pass Clause: Limit one PokÃ©mon knowing Baton Pass
|rule|Sleep Clause Mod: Limit one foe put to sleep
|rule|Species Clause: Limit one of each PokÃ©mon
|rule|OHKO Clause: OHKO moves are banned
|rule|Moody Clause: Moody is banned
|rule|Evasion Moves Clause: Evasion moves are banned
|rule|Endless Battle Clause: Forcing endless battles is banned
|rule|HP Percentage Mod: HP is shown in percentages
|teampreview
|
|start
|switch|p1a: Azumarill|Azumarill, M|380\/380
|switch|p2a: Medicham|Medicham, F|261\/261
|turn|1
|
|switch|p1a: Nails|Ferrothorn, M|352\/352
|detailschange|p2a: Medicham|Medicham-Mega, F
|message|Medicham has Mega Evolved into Mega Medicham!
|move|p2a: Medicham|Fake Out|p1a: Nails
|-resisted|p1a: Nails
|-damage|p1a: Nails|325\/352
|-damage|p2a: Medicham|229\/261|[from] ability: Iron Barbs|[of] p1a: Nails
|
|-heal|p1a: Nails|347\/352|[from] item: Leftovers
|turn|2
|
|switch|p1a: Lesbian|Gothitelle, F|301\/301
|move|p2a: Medicham|High Jump Kick|p1a: Lesbian
|-resisted|p1a: Lesbian
|-damage|p1a: Lesbian|108\/301
|
|turn|3
|
|move|p1a: Lesbian|Psyshock|p2a: Medicham
|-crit|p2a: Medicham
|-damage|p2a: Medicham|21\/261
|move|p2a: Medicham|Ice Punch|p1a: Lesbian
|-crit|p1a: Lesbian
|-damage|p1a: Lesbian|0 fnt
|faint|p1a: Lesbian
|
|c|âReaper of Hearts|nice crit
|c|âGiggling Grannie|THANK YOU I TRIED MY HARDEST
|
|switch|p1a: Azumarill|Azumarill, M|380\/380
|turn|4
|
|switch|p2a: Rotom-Wash|Rotom-Wash|304\/304
|move|p1a: Azumarill|Belly Drum|p1a: Azumarill
|-damage|p1a: Azumarill|190\/380
|-setboost|p1a: Azumarill|atk|6|[from] move: Belly Drum
|-enditem|p1a: Azumarill|Sitrus Berry|[eat]
|-heal|p1a: Azumarill|285\/380|[from] item: Sitrus Berry
|
|turn|5
|
|move|p2a: Rotom-Wash|Volt Switch|p1a: Azumarill
|-supereffective|p1a: Azumarill
|-damage|p1a: Azumarill|75\/380
|
|switch|p2a: Skarmory|Skarmory, M|334\/334
|move|p1a: Azumarill|Play Rough|p2a: Skarmory|[miss]
|-miss|p1a: Azumarill|p2a: Skarmory
|
|turn|6
|
|move|p2a: Skarmory|Brave Bird|p1a: Azumarill
|-damage|p1a: Azumarill|0 fnt
|-damage|p2a: Skarmory|309\/334|[from] recoil|[of] p1a: Azumarill
|faint|p1a: Azumarill
|
|c|âGiggling Grannie|JELL O L
|-message|Giggling Grannie forfeited.
|
|win|Reaper of Hearts
|raw|Ladder updating...
|leave|Giggling Grannie
|player|p1
|raw|Giggling Grannie's rating: 1751 &rarr; <strong>1736<\/strong><br \/>(-15 for losing)
|raw|Reaper of Hearts's rating: 1841 &rarr; <strong>1856<\/strong><br \/>(+15 for winning)
|c|âReaper of Hearts|GG!