|join|Giggling Grannie
|join|eN Gracious
|player|p1|Giggling Grannie|69
|player|p2|eN Gracious|2
|gametype|singles
|gen|6
|tier|OU
|rated
|clearpoke
|poke|p1|Tyranitar, M
|poke|p1|Amoonguss, M
|poke|p1|Suicune
|poke|p1|Pinsir, M
|poke|p1|Zoroark, F
|poke|p1|Skarmory, M
|poke|p2|Bisharp, M
|poke|p2|Landorus-Therian, M
|poke|p2|Tyranitar, M
|poke|p2|Rotom-Wash
|poke|p2|Excadrill, M
|poke|p2|Aegislash, F
|rule|Sleep Clause Mod: Limit one foe put to sleep
|rule|Species Clause: Limit one of each Pokemon
|rule|OHKO Clause: OHKO moves are banned
|rule|Moody Clause: Moody is banned
|rule|Evasion Moves Clause: Evasion moves are banned
|rule|Endless Battle Clause: Forcing endless battles is banned.
|rule|HP Percentage Mod: HP is reported as percentages
|teampreview
|
|start
|switch|p1a: Shrooms|Amoonguss, M|424\/424
|switch|p2a: Landorus-Therian|Landorus-Therian, M|381\/381
|-ability|p2a: Landorus-Therian|Intimidate|[of] p1a: Shrooms
|-unboost|p1a: Shrooms|atk|1
|turn|1
|
|switch|p1a: Panzaeron|Skarmory, M|334\/334
|move|p2a: Landorus-Therian|Stealth Rock|p1a: Panzaeron
|-sidestart|p1: Giggling Grannie|move: Stealth Rock
|
|turn|2
|
|switch|p2a: Rotom-Wash|Rotom-Wash|299\/299
|move|p1a: Panzaeron|Defog|p2a: Rotom-Wash
|-unboost|p2a: Rotom-Wash|evasion|1
|-sideend|p1: Giggling Grannie|Stealth Rock|[from] move: Defog|[of] p1a: Panzaeron
|
|turn|3
|
|switch|p1a: Shrooms|Amoonguss, M|424\/424
|move|p2a: Rotom-Wash|Volt Switch|p1a: Shrooms
|-resisted|p1a: Shrooms
|-damage|p1a: Shrooms|380\/424
|
|switch|p2a: Landorus-Therian|Landorus-Therian, M|381\/381
|-ability|p2a: Landorus-Therian|Intimidate|[of] p1a: Shrooms
|-unboost|p1a: Shrooms|atk|1
|
|-heal|p1a: Shrooms|406\/424|[from] item: Black Sludge
|turn|4
|
|switch|p1a: Panzaeron|Skarmory, M|334\/334
|move|p2a: Landorus-Therian|Stealth Rock|p1a: Panzaeron
|-sidestart|p1: Giggling Grannie|move: Stealth Rock
|
|turn|5
|
|switch|p2a: Bisharp|Bisharp, M|302\/302
|move|p1a: Panzaeron|Spikes|p2a: Bisharp
|-sidestart|p2: eN Gracious|Spikes
|
|turn|6
|
|move|p2a: Bisharp|Swords Dance|p2a: Bisharp
|-boost|p2a: Bisharp|atk|2
|move|p1a: Panzaeron|Spikes|p2a: Bisharp
|-sidestart|p2: eN Gracious|Spikes
|
|turn|7
|
|move|p2a: Bisharp|Knock Off|p1a: Panzaeron
|-damage|p1a: Panzaeron|77\/334
|-damage|p2a: Bisharp|252\/302|[from] item: Rocky Helmet|[of] p1a: Panzaeron
|-enditem|p1a: Panzaeron|Rocky Helmet|[from] move: Knock Off|[of] p2a: Bisharp
|-damage|p2a: Bisharp|222\/302|[from] item: Life Orb
|move|p1a: Panzaeron|Roost|p1a: Panzaeron
|-heal|p1a: Panzaeron|244\/334
|
|turn|8
|
|move|p2a: Bisharp|Knock Off|p1a: Panzaeron
|-damage|p1a: Panzaeron|75\/334
|-damage|p2a: Bisharp|192\/302|[from] item: Life Orb
|move|p1a: Panzaeron|Whirlwind|p2a: Bisharp
|drag|p2a: Tyranitar|Tyranitar, M|404\/404
|-damage|p2a: Tyranitar|337\/404|[from] Spikes
|-weather|Sandstorm
|
|-weather|Sandstorm|[upkeep]
|turn|9
|
|move|p1a: Panzaeron|Roost|p1a: Panzaeron
|-heal|p1a: Panzaeron|242\/334
|move|p2a: Tyranitar|Fire Blast|p1a: Panzaeron
|-supereffective|p1a: Panzaeron
|-damage|p1a: Panzaeron|10\/334
|
|-weather|Sandstorm|[upkeep]
|turn|10
|
|move|p1a: Panzaeron|Defog|p2a: Tyranitar
|-unboost|p2a: Tyranitar|evasion|1
|-sideend|p2: eN Gracious|Spikes|[from] move: Defog|[of] p2a: Tyranitar
|-sideend|p1: Giggling Grannie|Stealth Rock|[from] move: Defog|[of] p1a: Panzaeron
|move|p2a: Tyranitar|Fire Blast|p1a: Panzaeron
|-supereffective|p1a: Panzaeron
|-damage|p1a: Panzaeron|0 fnt
|faint|p1a: Panzaeron
|
|-weather|Sandstorm|[upkeep]
|
|switch|p1a: Shrooms|Amoonguss, M|424\/424
|turn|11
|
|move|p2a: Tyranitar|Fire Blast|p1a: Shrooms
|-supereffective|p1a: Shrooms
|-damage|p1a: Shrooms|270\/424
|move|p1a: Shrooms|Spore|p2a: Tyranitar
|-status|p2a: Tyranitar|slp
|
|-weather|Sandstorm|[upkeep]
|-damage|p1a: Shrooms|244\/424|[from] sandstorm
|-heal|p1a: Shrooms|270\/424|[from] item: Black Sludge
|turn|12
|
|switch|p2a: Landorus-Therian|Landorus-Therian, M|381\/381
|-ability|p2a: Landorus-Therian|Intimidate|[of] p1a: Shrooms
|-unboost|p1a: Shrooms|atk|1
|switch|p1a: WetBack|Suicune|404\/404
|-ability|p1a: WetBack|Pressure
|
|-weather|Sandstorm|[upkeep]
|-damage|p1a: WetBack|379\/404|[from] sandstorm
|-heal|p1a: WetBack|404\/404|[from] item: Leftovers
|turn|13
|
|move|p2a: Landorus-Therian|U-turn|p1a: WetBack
|-damage|p1a: WetBack|355\/404
|
|switch|p2a: Rotom-Wash|Rotom-Wash|299\/299
|move|p1a: WetBack|Calm Mind|p1a: WetBack
|-boost|p1a: WetBack|spa|1
|-boost|p1a: WetBack|spd|1
|
|-weather|Sandstorm|[upkeep]
|-damage|p2a: Rotom-Wash|281\/299|[from] sandstorm
|-damage|p1a: WetBack|330\/404|[from] sandstorm
|-heal|p1a: WetBack|355\/404|[from] item: Leftovers
|turn|14
|
|move|p2a: Rotom-Wash|Volt Switch|p1a: WetBack
|-supereffective|p1a: WetBack
|-damage|p1a: WetBack|235\/404
|
|switch|p2a: Bisharp|Bisharp, M|192\/302
|move|p1a: WetBack|Calm Mind|p1a: WetBack
|-boost|p1a: WetBack|spa|1
|-boost|p1a: WetBack|spd|1
|
|-weather|Sandstorm|[upkeep]
|-damage|p1a: WetBack|210\/404|[from] sandstorm
|-heal|p1a: WetBack|235\/404|[from] item: Leftovers
|turn|15
|
|move|p2a: Bisharp|Knock Off|p1a: WetBack
|-damage|p1a: WetBack|71\/404
|-enditem|p1a: WetBack|Leftovers|[from] move: Knock Off|[of] p2a: Bisharp
|-damage|p2a: Bisharp|162\/302|[from] item: Life Orb
|move|p1a: WetBack|Scald|p2a: Bisharp
|-damage|p2a: Bisharp|0 fnt
|faint|p2a: Bisharp
|
|-weather|none
|
|switch|p2a: Rotom-Wash|Rotom-Wash|281\/299
|turn|16
|
|move|p2a: Rotom-Wash|Volt Switch|p1a: WetBack
|-supereffective|p1a: WetBack
|-damage|p1a: WetBack|0 fnt
|faint|p1a: WetBack
|
|switch|p2a: Landorus-Therian|Landorus-Therian, M|381\/381
|
|
|switch|p1a: BLENDER|Pinsir, M|266\/266
|turn|17
|
|move|p1a: BLENDER|Night Daze|p2a: Landorus-Therian
|-damage|p2a: Landorus-Therian|201\/381
|move|p2a: Landorus-Therian|Stone Edge|p1a: BLENDER|[miss]
|-miss|p2a: Landorus-Therian|p1a: BLENDER
|
|-heal|p2a: Landorus-Therian|224\/381|[from] item: Leftovers
|turn|18
|
|switch|p2a: Tyranitar|Tyranitar, M|337\/404 slp
|-weather|Sandstorm
|move|p1a: BLENDER|Night Daze|p2a: Tyranitar
|-resisted|p2a: Tyranitar
|-damage|p2a: Tyranitar|301\/404 slp
|
|-weather|Sandstorm|[upkeep]
|-damage|p1a: BLENDER|250\/266|[from] sandstorm
|turn|19
|
|move|p1a: BLENDER|Night Daze|p2a: Tyranitar
|-resisted|p2a: Tyranitar
|-damage|p2a: Tyranitar|266\/404 slp
|cant|p2a: Tyranitar|slp
|
|-weather|Sandstorm|[upkeep]
|-damage|p1a: BLENDER|234\/266|[from] sandstorm
|turn|20
|
|switch|p1a: Shrooms|Amoonguss, M|411\/424
|cant|p2a: Tyranitar|slp
|
|-weather|Sandstorm|[upkeep]
|-damage|p1a: Shrooms|385\/424|[from] sandstorm
|-heal|p1a: Shrooms|411\/424|[from] item: Black Sludge
|turn|21
|
|switch|p2a: Landorus-Therian|Landorus-Therian, M|224\/381
|-ability|p2a: Landorus-Therian|Intimidate|[of] p1a: Shrooms
|-unboost|p1a: Shrooms|atk|1
|switch|p1a: BLENDER|Pinsir, M|234\/266
|
|-weather|Sandstorm|[upkeep]
|-damage|p1a: BLENDER|218\/266|[from] sandstorm
|-heal|p2a: Landorus-Therian|247\/381|[from] item: Leftovers
|turn|22
|
|move|p1a: BLENDER|Night Daze|p2a: Landorus-Therian
|-damage|p2a: Landorus-Therian|57\/381
|move|p2a: Landorus-Therian|Stone Edge|p1a: BLENDER
|replace|p1a: Silly Rabbit|Zoroark, F|218\/266
|-damage|p1a: Silly Rabbit|70\/266
|
|-weather|Sandstorm|[upkeep]
|-damage|p1a: Silly Rabbit|54\/266|[from] sandstorm
|-heal|p2a: Landorus-Therian|80\/381|[from] item: Leftovers
|turn|23
|
|switch|p2a: Tyranitar|Tyranitar, M|266\/404 slp
|move|p1a: Silly Rabbit|Night Daze|p2a: Tyranitar
|-resisted|p2a: Tyranitar
|-damage|p2a: Tyranitar|233\/404 slp
|
|-weather|Sandstorm|[upkeep]
|-damage|p1a: Silly Rabbit|38\/266|[from] sandstorm
|turn|24
|
|cant|p2a: Tyranitar|slp
|switch|p1a: Shrooms|Amoonguss, M|424\/424
|
|-weather|Sandstorm|[upkeep]
|-damage|p1a: Shrooms|398\/424|[from] sandstorm
|-heal|p1a: Shrooms|424\/424|[from] item: Black Sludge
|turn|25
|
|switch|p2a: Aegislash|Aegislash, F|324\/324
|move|p1a: Shrooms|Giga Drain|p2a: Aegislash
|-resisted|p2a: Aegislash
|-damage|p2a: Aegislash|294\/324
|
|-weather|none
|turn|26
|
|-formechange|p2a: Aegislash|Aegislash-Blade
|move|p2a: Aegislash|Shadow Ball|p1a: Shrooms
|-damage|p1a: Shrooms|274\/424
|move|p1a: Shrooms|Giga Drain|p2a: Aegislash
|-resisted|p2a: Aegislash
|-damage|p2a: Aegislash|226\/324
|-heal|p1a: Shrooms|308\/424|[from] drain|[of] p2a: Aegislash
|
|-heal|p1a: Shrooms|334\/424|[from] item: Black Sludge
|turn|27
|
|move|p2a: Aegislash|Shadow Ball|p1a: Shrooms
|-damage|p1a: Shrooms|195\/424
|move|p1a: Shrooms|Giga Drain|p2a: Aegislash
|-resisted|p2a: Aegislash
|-damage|p2a: Aegislash|156\/324
|-heal|p1a: Shrooms|230\/424|[from] drain|[of] p2a: Aegislash
|
|-heal|p1a: Shrooms|256\/424|[from] item: Black Sludge
|turn|28
|
|switch|p1a: Reptar|Tyranitar, M|404\/404
|-weather|Sandstorm
|-formechange|p2a: Aegislash|Aegislash
|move|p2a: Aegislash|King's Shield|p2a: Aegislash
|-fail|p2a: Aegislash
|
|-weather|Sandstorm|[upkeep]
|turn|29
|
|move|p1a: Reptar|Stealth Rock|p2a: Aegislash
|-sidestart|p2: eN Gracious|move: Stealth Rock
|-formechange|p2a: Aegislash|Aegislash-Blade
|move|p2a: Aegislash|Sacred Sword|p1a: Reptar
|-supereffective|p1a: Reptar
|-enditem|p1a: Reptar|Chople Berry|[eat]
|-damage|p1a: Reptar|216\/404
|
|-weather|Sandstorm|[upkeep]
|turn|30
|
|switch|p2a: Landorus-Therian|Landorus-Therian, M|80\/381
|-damage|p2a: Landorus-Therian|33\/381|[from] Stealth Rock
|-ability|p2a: Landorus-Therian|Intimidate|[of] p1a: Reptar
|-unboost|p1a: Reptar|atk|1
|move|p1a: Reptar|Thunder Wave|p2a: Landorus-Therian
|-immune|p2a: Landorus-Therian|[msg]
|
|-weather|Sandstorm|[upkeep]
|-heal|p2a: Landorus-Therian|56\/381|[from] item: Leftovers
|turn|31
|
|switch|p1a: BLENDER|Pinsir, M|275\/275
|-ability|p1a: BLENDER|Mold Breaker
|move|p2a: Landorus-Therian|Stealth Rock|p1a: BLENDER
|-sidestart|p1: Giggling Grannie|move: Stealth Rock
|
|-weather|Sandstorm|[upkeep]
|-damage|p1a: BLENDER|258\/275|[from] sandstorm
|-heal|p2a: Landorus-Therian|79\/381|[from] item: Leftovers
|turn|32
|
|move|p1a: BLENDER|Return|p2a: Landorus-Therian
|-damage|p2a: Landorus-Therian|0 fnt
|faint|p2a: Landorus-Therian
|
|-weather|none
|
|switch|p2a: Tyranitar|Tyranitar, M|233\/404 slp
|-damage|p2a: Tyranitar|183\/404 slp|[from] Stealth Rock
|-weather|Sandstorm
|turn|33
|
|switch|p2a: Rotom-Wash|Rotom-Wash|281\/299
|-damage|p2a: Rotom-Wash|244\/299|[from] Stealth Rock
|move|p1a: BLENDER|Earthquake|p2a: Rotom-Wash
|-supereffective|p2a: Rotom-Wash
|-damage|p2a: Rotom-Wash|0 fnt
|faint|p2a: Rotom-Wash
|
|-weather|Sandstorm|[upkeep]
|-damage|p1a: BLENDER|241\/275|[from] sandstorm
|
|switch|p2a: Excadrill|Excadrill, M|361\/361
|-damage|p2a: Excadrill|350\/361|[from] Stealth Rock
|turn|34
|
|move|p2a: Excadrill|Rock Slide|p1a: BLENDER
|-supereffective|p1a: BLENDER
|-damage|p1a: BLENDER|0 fnt
|-damage|p2a: Excadrill|314\/361|[from] item: Life Orb
|faint|p1a: BLENDER
|
|-weather|Sandstorm|[upkeep]
|
|switch|p1a: Shrooms|Amoonguss, M|397\/424
|-damage|p1a: Shrooms|344\/424|[from] Stealth Rock
|turn|35
|
|move|p2a: Excadrill|Swords Dance|p2a: Excadrill
|-boost|p2a: Excadrill|atk|2
|move|p1a: Shrooms|Foul Play|p2a: Excadrill
|-damage|p2a: Excadrill|0 fnt
|faint|p2a: Excadrill
|
|-weather|Sandstorm|[upkeep]
|-damage|p1a: Shrooms|318\/424|[from] sandstorm
|-heal|p1a: Shrooms|344\/424|[from] item: Black Sludge
|
|switch|p2a: Aegislash|Aegislash, F|156\/324
|-damage|p2a: Aegislash|136\/324|[from] Stealth Rock
|turn|36
|
|-formechange|p2a: Aegislash|Aegislash-Blade
|move|p2a: Aegislash|Shadow Ball|p1a: Shrooms
|-damage|p1a: Shrooms|196\/424
|move|p1a: Shrooms|Giga Drain|p2a: Aegislash
|-resisted|p2a: Aegislash
|-damage|p2a: Aegislash|64\/324
|-heal|p1a: Shrooms|232\/424|[from] drain|[of] p2a: Aegislash
|
|-weather|Sandstorm|[upkeep]
|-damage|p1a: Shrooms|206\/424|[from] sandstorm
|-heal|p1a: Shrooms|232\/424|[from] item: Black Sludge
|turn|37
|
|switch|p1a: Reptar|Tyranitar, M|216\/404
|-damage|p1a: Reptar|166\/404|[from] Stealth Rock
|move|p2a: Aegislash|Shadow Ball|p1a: Reptar
|-resisted|p1a: Reptar
|-damage|p1a: Reptar|121\/404
|
|-weather|Sandstorm|[upkeep]
|turn|38
|
|-formechange|p2a: Aegislash|Aegislash
|move|p2a: Aegislash|King's Shield|p2a: Aegislash
|-singleturn|p2a: Aegislash|Protect
|move|p1a: Reptar|Pursuit|p2a: Aegislash
|-activate|p2a: Aegislash|Protect
|-unboost|p1a: Reptar|atk|2
|
|-weather|Sandstorm|[upkeep]
|turn|39
|
|move|p1a: Reptar|Pursuit|p2a: Aegislash
|-supereffective|p2a: Aegislash
|-damage|p2a: Aegislash|16\/324
|-enditem|p2a: Aegislash|Weakness Policy
|-boost|p2a: Aegislash|atk|2|[from] item: Weakness Policy
|-boost|p2a: Aegislash|spa|2|[from] item: Weakness Policy
|-formechange|p2a: Aegislash|Aegislash-Blade
|move|p2a: Aegislash|Sacred Sword|p1a: Reptar
|-supereffective|p1a: Reptar
|-damage|p1a: Reptar|0 fnt
|faint|p1a: Reptar
|
|-weather|Sandstorm|[upkeep]
|
|switch|p1a: Shrooms|Amoonguss, M|373\/424
|-damage|p1a: Shrooms|320\/424|[from] Stealth Rock
|turn|40
|
|move|p2a: Aegislash|Shadow Ball|p1a: Shrooms
|-damage|p1a: Shrooms|10\/424
|move|p1a: Shrooms|Giga Drain|p2a: Aegislash
|-resisted|p2a: Aegislash
|-damage|p2a: Aegislash|0 fnt
|-heal|p1a: Shrooms|18\/424|[from] drain|[of] p2a: Aegislash
|faint|p2a: Aegislash
|
|-weather|none
|-heal|p1a: Shrooms|44\/424|[from] item: Black Sludge
|
|switch|p2a: Tyranitar|Tyranitar, M|183\/404 slp
|-damage|p2a: Tyranitar|133\/404 slp|[from] Stealth Rock
|-weather|Sandstorm
|turn|41
|
|-curestatus|p2a: Tyranitar|slp
|move|p2a: Tyranitar|Ice Beam|p1a: Shrooms
|-supereffective|p1a: Shrooms
|-damage|p1a: Shrooms|0 fnt
|faint|p1a: Shrooms
|
|-weather|Sandstorm|[upkeep]
|
|switch|p1a: Silly Rabbit|Zoroark, F|38\/266
|-damage|p1a: Silly Rabbit|5\/266|[from] Stealth Rock
|turn|42
|
|move|p1a: Silly Rabbit|Focus Blast|p2a: Tyranitar|[miss]
|-miss|p1a: Silly Rabbit|p2a: Tyranitar
|move|p2a: Tyranitar|Ice Beam|p1a: Silly Rabbit
|-damage|p1a: Silly Rabbit|0 fnt
|faint|p1a: Silly Rabbit
|
|win|eN Gracious
|raw|Ladder updating...