|join|Giggling Grannie
|join|Milkman2324
|player|p1|Giggling Grannie|101
|player|p2|Milkman2324|192
|gametype|singles
|gen|6
|tier|OU
|rated
|clearpoke
|poke|p1|Talonflame, M, shiny
|poke|p1|Forretress, M
|poke|p1|Togekiss, F
|poke|p1|Gliscor, F
|poke|p1|Gengar, F
|poke|p1|Blissey, F
|poke|p2|Charizard, F
|poke|p2|Ferrothorn, M
|poke|p2|Conkeldurr, F
|poke|p2|Alakazam, F
|poke|p2|Garchomp, F
|poke|p2|Thundurus, M
|rule|Sleep Clause Mod: Limit one foe put to sleep
|rule|Species Clause: Limit one of each Pokemon
|rule|OHKO Clause: OHKO moves are banned
|rule|Moody Clause: Moody is banned
|rule|Evasion Moves Clause: Evasion moves are banned
|rule|Endless Battle Clause: Forcing endless battles is banned.
|rule|HP Percentage Mod: HP is reported as percentages
|teampreview
|
|start
|switch|p1a: KISS|Togekiss, F|372\/372
|switch|p2a: Thundurus|Thundurus, M|337\/337
|turn|1
|
|move|p2a: Thundurus|Volt Switch|p1a: KISS
|-supereffective|p1a: KISS
|-damage|p1a: KISS|216\/372
|
|switch|p2a: Ferrothorn|Ferrothorn, M|352\/352
|move|p1a: KISS|Baton Pass|p1a: KISS
|
|switch|p1a: Talonflame|Talonflame, M, shiny|360\/360
|
|turn|2
|
|move|p1a: Talonflame|Will-O-Wisp|p2a: Ferrothorn
|-status|p2a: Ferrothorn|brn
|move|p2a: Ferrothorn|Stealth Rock|p1a: Talonflame
|-sidestart|p1: Giggling Grannie|move: Stealth Rock
|
|-damage|p2a: Ferrothorn|308\/352 brn|[from] brn
|turn|3
|
|move|p1a: Talonflame|Will-O-Wisp|p2a: Ferrothorn
|-fail|p2a: Ferrothorn|brn
|move|p2a: Ferrothorn|Leech Seed|p1a: Talonflame
|-start|p1a: Talonflame|move: Leech Seed
|
|-damage|p1a: Talonflame|315\/360|[from] Leech Seed|[of] p2a: Ferrothorn
|-heal|p2a: Ferrothorn|352\/352 brn|[silent]
|-damage|p2a: Ferrothorn|308\/352 brn|[from] brn
|turn|4
|
|move|p1a: Talonflame|Swords Dance|p1a: Talonflame
|-boost|p1a: Talonflame|atk|2
|move|p2a: Ferrothorn|Gyro Ball|p1a: Talonflame
|-resisted|p1a: Talonflame
|-damage|p1a: Talonflame|273\/360
|
|-heal|p1a: Talonflame|295\/360|[from] item: Leftovers
|-damage|p1a: Talonflame|250\/360|[from] Leech Seed|[of] p2a: Ferrothorn
|-heal|p2a: Ferrothorn|352\/352 brn|[silent]
|-damage|p2a: Ferrothorn|308\/352 brn|[from] brn
|turn|5
|
|move|p1a: Talonflame|Swords Dance|p1a: Talonflame
|-boost|p1a: Talonflame|atk|2
|move|p2a: Ferrothorn|Gyro Ball|p1a: Talonflame
|-resisted|p1a: Talonflame
|-damage|p1a: Talonflame|203\/360
|
|-heal|p1a: Talonflame|225\/360|[from] item: Leftovers
|-damage|p1a: Talonflame|180\/360|[from] Leech Seed|[of] p2a: Ferrothorn
|-heal|p2a: Ferrothorn|352\/352 brn|[silent]
|-damage|p2a: Ferrothorn|308\/352 brn|[from] brn
|turn|6
|
|move|p1a: Talonflame|Swords Dance|p1a: Talonflame
|-boost|p1a: Talonflame|atk|2
|move|p2a: Ferrothorn|Gyro Ball|p1a: Talonflame
|-resisted|p1a: Talonflame
|-damage|p1a: Talonflame|135\/360
|
|-heal|p1a: Talonflame|157\/360|[from] item: Leftovers
|-damage|p1a: Talonflame|112\/360|[from] Leech Seed|[of] p2a: Ferrothorn
|-heal|p2a: Ferrothorn|352\/352 brn|[silent]
|-damage|p2a: Ferrothorn|308\/352 brn|[from] brn
|turn|7
|
|move|p1a: Talonflame|Roost|p1a: Talonflame
|-heal|p1a: Talonflame|292\/360
|move|p2a: Ferrothorn|Gyro Ball|p1a: Talonflame
|-resisted|p1a: Talonflame
|-damage|p1a: Talonflame|247\/360
|
|-heal|p1a: Talonflame|269\/360|[from] item: Leftovers
|-damage|p1a: Talonflame|224\/360|[from] Leech Seed|[of] p2a: Ferrothorn
|-heal|p2a: Ferrothorn|352\/352 brn|[silent]
|-damage|p2a: Ferrothorn|308\/352 brn|[from] brn
|turn|8
|
|move|p1a: Talonflame|Roost|p1a: Talonflame
|-heal|p1a: Talonflame|360\/360
|move|p2a: Ferrothorn|Gyro Ball|p1a: Talonflame
|-resisted|p1a: Talonflame
|-damage|p1a: Talonflame|315\/360
|
|-heal|p1a: Talonflame|337\/360|[from] item: Leftovers
|-damage|p1a: Talonflame|292\/360|[from] Leech Seed|[of] p2a: Ferrothorn
|-heal|p2a: Ferrothorn|352\/352 brn|[silent]
|-damage|p2a: Ferrothorn|308\/352 brn|[from] brn
|turn|9
|
|move|p1a: Talonflame|Brave Bird|p2a: Ferrothorn
|-crit|p2a: Ferrothorn
|-damage|p2a: Ferrothorn|0 fnt
|-damage|p1a: Talonflame|190\/360|[from] recoil|[of] p2a: Ferrothorn
|-damage|p1a: Talonflame|145\/360|[from] ability: Iron Barbs|[of] p2a: Ferrothorn
|-damage|p1a: Talonflame|85\/360|[from] item: Rocky Helmet|[of] p2a: Ferrothorn
|faint|p2a: Ferrothorn
|
|-heal|p1a: Talonflame|107\/360|[from] item: Leftovers
|
|switch|p2a: Alakazam|Alakazam, F|252\/252
|turn|10
|
|move|p1a: Talonflame|Brave Bird|p2a: Alakazam
|-enditem|p2a: Alakazam|Focus Sash
|-damage|p2a: Alakazam|1\/252
|-damage|p1a: Talonflame|24\/360|[from] recoil|[of] p2a: Alakazam
|move|p2a: Alakazam|Psyshock|p1a: Talonflame
|-damage|p1a: Talonflame|0 fnt
|faint|p1a: Talonflame
|
|
|switch|p1a: Shrapnel|Forretress, M|354\/354
|-damage|p1a: Shrapnel|310\/354|[from] Stealth Rock
|turn|11
|
|move|p2a: Alakazam|Hidden Power|p1a: Shrapnel
|-supereffective|p1a: Shrapnel
|-damage|p1a: Shrapnel|0 fnt
|faint|p1a: Shrapnel
|
|
|switch|p1a: Scorvol|Gliscor, F|354\/354
|-damage|p1a: Scorvol|310\/354|[from] Stealth Rock
|turn|12
|
|move|p2a: Alakazam|Shadow Ball|p1a: Scorvol
|-damage|p1a: Scorvol|183\/354
|move|p1a: Scorvol|Substitute|p1a: Scorvol
|-start|p1a: Scorvol|Substitute
|-damage|p1a: Scorvol|95\/354
|
|-status|p1a: Scorvol|tox|[from] item: Toxic Orb
|turn|13
|
|move|p1a: Scorvol|Protect|p1a: Scorvol
|-singleturn|p1a: Scorvol|Protect
|move|p2a: Alakazam|Shadow Ball|p1a: Scorvol
|-activate|p1a: Scorvol|Protect
|
|-heal|p1a: Scorvol|139\/354 tox|[from] ability: Poison Heal
|turn|14
|
|move|p2a: Alakazam|Shadow Ball|p1a: Scorvol
|-end|p1a: Scorvol|Substitute
|move|p1a: Scorvol|Earthquake|p2a: Alakazam
|-damage|p2a: Alakazam|0 fnt
|faint|p2a: Alakazam
|
|-heal|p1a: Scorvol|183\/354 tox|[from] ability: Poison Heal
|
|switch|p2a: Charizard|Charizard, F|297\/297
|turn|15
|
|-formechange|p2a: Charizard|Charizard-Mega-Y
|message|Charizard has Mega Evolved into Mega Charizard!
|-weather|SunnyDay
|move|p2a: Charizard|Flamethrower|p1a: Scorvol
|-damage|p1a: Scorvol|0 fnt
|faint|p1a: Scorvol
|
|-weather|SunnyDay|[upkeep]
|
|switch|p1a: Blissey|Blissey, F|702\/702
|-damage|p1a: Blissey|615\/702|[from] Stealth Rock
|turn|16
|
|switch|p2a: Conkeldurr|Conkeldurr, F|414\/414
|switch|p1a: KISS|Togekiss, F|216\/372
|-damage|p1a: KISS|123\/372|[from] Stealth Rock
|
|-weather|SunnyDay|[upkeep]
|-heal|p1a: KISS|146\/372|[from] item: Leftovers
|turn|17
|
|switch|p2a: Thundurus|Thundurus, M|337\/337
|move|p1a: KISS|Roost|p1a: KISS
|-heal|p1a: KISS|332\/372
|
|-weather|SunnyDay|[upkeep]
|-heal|p1a: KISS|355\/372|[from] item: Leftovers
|turn|18
|
|switch|p1a: Blissey|Blissey, F|615\/702
|-damage|p1a: Blissey|528\/702|[from] Stealth Rock
|move|p2a: Thundurus|Volt Switch|p1a: Blissey
|-damage|p1a: Blissey|441\/702
|
|switch|p2a: Charizard|Charizard, F|297\/297
|-formechange|p2a: Charizard|Charizard-Mega-Y
|
|-weather|SunnyDay|[upkeep]
|-heal|p1a: Blissey|484\/702|[from] item: Leftovers
|turn|19
|
|move|p2a: Charizard|Focus Blast|p1a: Blissey|[miss]
|-miss|p2a: Charizard|p1a: Blissey
|move|p1a: Blissey|Toxic|p2a: Charizard
|-status|p2a: Charizard|tox
|
|-weather|none
|-heal|p1a: Blissey|527\/702|[from] item: Leftovers
|-damage|p2a: Charizard|279\/297 tox|[from] psn
|turn|20
|
|switch|p2a: Garchomp|Garchomp, F|357\/357
|move|p1a: Blissey|Seismic Toss|p2a: Garchomp
|-damage|p2a: Garchomp|257\/357
|-damage|p1a: Blissey|440\/702|[from] ability: Rough Skin|[of] p2a: Garchomp
|
|-heal|p1a: Blissey|483\/702|[from] item: Leftovers
|turn|21
|
|move|p2a: Garchomp|Stone Edge|p1a: Blissey
|-damage|p1a: Blissey|223\/702
|move|p1a: Blissey|Soft-Boiled|p1a: Blissey
|-heal|p1a: Blissey|574\/702
|
|-heal|p1a: Blissey|617\/702|[from] item: Leftovers
|turn|22
|
|switch|p2a: Conkeldurr|Conkeldurr, F|414\/414
|switch|p1a: KISS|Togekiss, F|355\/372
|-damage|p1a: KISS|262\/372|[from] Stealth Rock
|
|-heal|p1a: KISS|285\/372|[from] item: Leftovers
|turn|23
|
|move|p1a: KISS|Nasty Plot|p1a: KISS
|-boost|p1a: KISS|spa|2
|move|p2a: Conkeldurr|Ice Punch|p1a: KISS
|-supereffective|p1a: KISS
|-damage|p1a: KISS|23\/372
|
|-heal|p1a: KISS|46\/372|[from] item: Leftovers
|turn|24
|
|switch|p2a: Thundurus|Thundurus, M|337\/337
|move|p1a: KISS|Roost|p1a: KISS
|-heal|p1a: KISS|232\/372
|
|-heal|p1a: KISS|255\/372|[from] item: Leftovers
|turn|25
|
|move|p2a: Thundurus|Volt Switch|p1a: KISS
|-supereffective|p1a: KISS
|-damage|p1a: KISS|111\/372
|
|switch|p2a: Charizard|Charizard, F|279\/297 tox
|-formechange|p2a: Charizard|Charizard-Mega-Y
|-weather|SunnyDay
|move|p1a: KISS|Roost|p1a: KISS
|-heal|p1a: KISS|297\/372
|
|-weather|SunnyDay|[upkeep]
|-heal|p1a: KISS|320\/372|[from] item: Leftovers
|-damage|p2a: Charizard|261\/297 tox|[from] psn
|turn|26
|
|move|p2a: Charizard|Flamethrower|p1a: KISS
|-damage|p1a: KISS|119\/372
|move|p1a: KISS|Baton Pass|p1a: KISS
|
|switch|p1a: Willy Wonka|Gengar, F|262\/262
|-damage|p1a: Willy Wonka|230\/262|[from] Stealth Rock
|
|-weather|SunnyDay|[upkeep]
|-heal|p1a: Willy Wonka|246\/262|[from] item: Black Sludge
|-damage|p2a: Charizard|225\/297 tox|[from] psn
|turn|27
|
|move|p1a: Willy Wonka|Shadow Ball|p2a: Charizard
|-damage|p2a: Charizard|0 fnt
|faint|p2a: Charizard
|
|-weather|SunnyDay|[upkeep]
|-heal|p1a: Willy Wonka|262\/262|[from] item: Black Sludge
|
|switch|p2a: Thundurus|Thundurus, M|337\/337
|turn|28
|
|move|p2a: Thundurus|Thunder Wave|p1a: Willy Wonka
|-status|p1a: Willy Wonka|par
|move|p1a: Willy Wonka|Shadow Ball|p2a: Thundurus
|-damage|p2a: Thundurus|0 fnt
|faint|p2a: Thundurus
|
|-weather|SunnyDay|[upkeep]
|
|switch|p2a: Conkeldurr|Conkeldurr, F|414\/414
|turn|29
|
|move|p2a: Conkeldurr|Knock Off|p1a: Willy Wonka
|-supereffective|p1a: Willy Wonka
|-damage|p1a: Willy Wonka|0 fnt
|faint|p1a: Willy Wonka
|
|-weather|none
|
|switch|p1a: KISS|Togekiss, F|119\/372
|-damage|p1a: KISS|26\/372|[from] Stealth Rock
|turn|30
|chat|Giggling Grannie|MACH
|
|move|p2a: Conkeldurr|Mach Punch|p1a: KISS
|-resisted|p1a: KISS
|-damage|p1a: KISS|1\/372
|move|p1a: KISS|Roost|p1a: KISS
|-heal|p1a: KISS|187\/372
|
|-heal|p1a: KISS|210\/372|[from] item: Leftovers
|turn|31
|chat|Giggling Grannie|PAWNCH
|
|move|p1a: KISS|Roost|p1a: KISS
|-heal|p1a: KISS|372\/372
|move|p2a: Conkeldurr|Ice Punch|p1a: KISS
|-damage|p1a: KISS|237\/372
|
|-heal|p1a: KISS|260\/372|[from] item: Leftovers
|turn|32
|
|move|p1a: KISS|Air Slash|p2a: Conkeldurr
|-supereffective|p2a: Conkeldurr
|-damage|p2a: Conkeldurr|220\/414
|cant|p2a: Conkeldurr|flinch
|
|-heal|p1a: KISS|283\/372|[from] item: Leftovers
|turn|33
|
|switch|p2a: Garchomp|Garchomp, F|257\/357
|move|p1a: KISS|Air Slash|p2a: Garchomp
|-damage|p2a: Garchomp|136\/357
|
|-heal|p1a: KISS|306\/372|[from] item: Leftovers
|turn|34
|
|move|p2a: Garchomp|Stone Edge|p1a: KISS
|-supereffective|p1a: KISS
|-damage|p1a: KISS|16\/372
|move|p1a: KISS|Roost|p1a: KISS
|-heal|p1a: KISS|202\/372
|
|-heal|p1a: KISS|225\/372|[from] item: Leftovers
|turn|35
|
|switch|p1a: Blissey|Blissey, F|617\/702
|-damage|p1a: Blissey|530\/702|[from] Stealth Rock
|move|p2a: Garchomp|Stone Edge|p1a: Blissey
|-damage|p1a: Blissey|272\/702
|
|-heal|p1a: Blissey|315\/702|[from] item: Leftovers
|turn|36
|
|move|p2a: Garchomp|Stone Edge|p1a: Blissey
|-damage|p1a: Blissey|52\/702
|move|p1a: Blissey|Seismic Toss|p2a: Garchomp
|-damage|p2a: Garchomp|36\/357
|-damage|p1a: Blissey|0 fnt|[from] ability: Rough Skin|[of] p2a: Garchomp
|faint|p1a: Blissey
|
|
|switch|p1a: KISS|Togekiss, F|225\/372
|-damage|p1a: KISS|132\/372|[from] Stealth Rock
|turn|37
|
|move|p2a: Garchomp|Stone Edge|p1a: KISS
|-supereffective|p1a: KISS
|-damage|p1a: KISS|0 fnt
|faint|p1a: KISS
|
|win|Milkman2324
|raw|Ladder updating...
|raw|Giggling Grannie's rating: 1739 &rarr; <strong>1711<\/strong><br \/>(-28 for losing)
|raw|Milkman2324's rating: 1597 &rarr; <strong>1625<\/strong><br \/>(+28 for winning)
|leave|Giggling Grannie
|player|p1