|join|Giggling Grannie
|join|sieke
|player|p1|Giggling Grannie|121
|player|p2|sieke|170
|gametype|singles
|gen|6
|tier|OU
|rated
|clearpoke
|poke|p1|Heatran, M, shiny
|poke|p1|Ferrothorn, F
|poke|p1|Suicune
|poke|p1|Talonflame, F, shiny
|poke|p1|Latias, F
|poke|p1|Heracross, F, shiny
|poke|p2|Slowbro, M
|poke|p2|Charizard, F
|poke|p2|Chansey, F
|poke|p2|Skarmory, M
|poke|p2|Gothitelle, F
|poke|p2|Amoonguss, F
|rule|Swagger Clause: Swagger is banned
|rule|Baton Pass Clause: Limit one PokÃ©mon knowing Baton Pass
|rule|Sleep Clause Mod: Limit one foe put to sleep
|rule|Species Clause: Limit one of each PokÃ©mon
|rule|OHKO Clause: OHKO moves are banned
|rule|Moody Clause: Moody is banned
|rule|Evasion Moves Clause: Evasion moves are banned
|rule|Endless Battle Clause: Forcing endless battles is banned
|rule|HP Percentage Mod: HP is shown in percentages
|teampreview
|
|start
|switch|p1a: Heracross|Heracross, F, shiny|324\/324
|switch|p2a: Slowbro|Slowbro, M|394\/394
|turn|1
|
|switch|p2a: Skarmory|Skarmory, M|334\/334
|detailschange|p1a: Heracross|Heracross-Mega, F, shiny
|message|Heracross has Mega Evolved into Mega Heracross!
|move|p1a: Heracross|Swords Dance|p1a: Heracross
|-boost|p1a: Heracross|atk|2
|
|turn|2
|
|switch|p1a: Heatran|Heatran, M, shiny|380\/380
|move|p2a: Skarmory|Drill Peck|p1a: Heatran
|-resisted|p1a: Heatran
|-damage|p1a: Heatran|343\/380
|
|-heal|p1a: Heatran|366\/380|[from] item: Leftovers
|turn|3
|
|switch|p2a: Gothitelle|Gothitelle, F|344\/344
|move|p1a: Heatran|Stealth Rock|p2a: Gothitelle
|-sidestart|p2: sieke|move: Stealth Rock
|
|-heal|p1a: Heatran|380\/380|[from] item: Leftovers
|turn|4
|
|move|p1a: Heatran|Protect|p1a: Heatran
|-singleturn|p1a: Heatran|Protect
|move|p2a: Gothitelle|Trick|p1a: Heatran
|-activate|p1a: Heatran|Protect
|
|turn|5
|
|move|p2a: Gothitelle|Trick|p1a: Heatran
|-activate|p2a: Gothitelle|move: Trick|[of] p1a: Heatran
|-item|p1a: Heatran|Choice Scarf|[from] move: Trick
|-item|p2a: Gothitelle|Leftovers|[from] move: Trick
|move|p1a: Heatran|Lava Plume|p2a: Gothitelle
|-damage|p2a: Gothitelle|262\/344
|
|-heal|p2a: Gothitelle|283\/344|[from] item: Leftovers
|turn|6
|
|move|p1a: Heatran|Lava Plume|p2a: Gothitelle
|-damage|p2a: Gothitelle|210\/344
|-status|p2a: Gothitelle|brn
|move|p2a: Gothitelle|Calm Mind|p2a: Gothitelle
|-boost|p2a: Gothitelle|spa|1
|-boost|p2a: Gothitelle|spd|1
|
|-heal|p2a: Gothitelle|231\/344 brn|[from] item: Leftovers
|-damage|p2a: Gothitelle|188\/344 brn|[from] brn
|turn|7
|
|move|p1a: Heatran|Lava Plume|p2a: Gothitelle
|-damage|p2a: Gothitelle|137\/344 brn
|move|p2a: Gothitelle|Calm Mind|p2a: Gothitelle
|-boost|p2a: Gothitelle|spa|1
|-boost|p2a: Gothitelle|spd|1
|
|-heal|p2a: Gothitelle|158\/344 brn|[from] item: Leftovers
|-damage|p2a: Gothitelle|115\/344 brn|[from] brn
|turn|8
|
|move|p1a: Heatran|Lava Plume|p2a: Gothitelle
|-damage|p2a: Gothitelle|73\/344 brn
|move|p2a: Gothitelle|Rest|p2a: Gothitelle
|-status|p2a: Gothitelle|slp
|-heal|p2a: Gothitelle|344\/344 slp|[silent]
|-status|p2a: Gothitelle|slp|[from] move: Rest
|
|turn|9
|
|move|p1a: Heatran|Lava Plume|p2a: Gothitelle
|-damage|p2a: Gothitelle|302\/344 slp
|cant|p2a: Gothitelle|slp
|
|-heal|p2a: Gothitelle|323\/344 slp|[from] item: Leftovers
|turn|10
|
|move|p1a: Heatran|Lava Plume|p2a: Gothitelle
|-damage|p2a: Gothitelle|281\/344 slp
|cant|p2a: Gothitelle|slp
|
|-heal|p2a: Gothitelle|302\/344 slp|[from] item: Leftovers
|turn|11
|
|move|p1a: Heatran|Lava Plume|p2a: Gothitelle
|-damage|p2a: Gothitelle|263\/344 slp
|-curestatus|p2a: Gothitelle|slp
|move|p2a: Gothitelle|Calm Mind|p2a: Gothitelle
|-boost|p2a: Gothitelle|spa|1
|-boost|p2a: Gothitelle|spd|1
|
|-heal|p2a: Gothitelle|284\/344|[from] item: Leftovers
|turn|12
|
|move|p1a: Heatran|Lava Plume|p2a: Gothitelle
|-damage|p2a: Gothitelle|251\/344
|move|p2a: Gothitelle|Calm Mind|p2a: Gothitelle
|-boost|p2a: Gothitelle|spa|1
|-boost|p2a: Gothitelle|spd|1
|
|-heal|p2a: Gothitelle|272\/344|[from] item: Leftovers
|turn|13
|
|move|p1a: Heatran|Lava Plume|p2a: Gothitelle
|-damage|p2a: Gothitelle|247\/344
|move|p2a: Gothitelle|Psyshock|p1a: Heatran
|-resisted|p1a: Heatran
|-damage|p1a: Heatran|250\/380
|
|-heal|p2a: Gothitelle|268\/344|[from] item: Leftovers
|turn|14
|
|move|p1a: Heatran|Lava Plume|p2a: Gothitelle
|-damage|p2a: Gothitelle|240\/344
|move|p2a: Gothitelle|Calm Mind|p2a: Gothitelle
|-boost|p2a: Gothitelle|spa|1
|-boost|p2a: Gothitelle|spd|1
|
|-heal|p2a: Gothitelle|261\/344|[from] item: Leftovers
|turn|15
|
|move|p1a: Heatran|Lava Plume|p2a: Gothitelle
|-damage|p2a: Gothitelle|237\/344
|-status|p2a: Gothitelle|brn
|move|p2a: Gothitelle|Calm Mind|p2a: Gothitelle
|-boost|p2a: Gothitelle|spa|1
|-boost|p2a: Gothitelle|spd|1
|
|-heal|p2a: Gothitelle|258\/344 brn|[from] item: Leftovers
|-damage|p2a: Gothitelle|215\/344 brn|[from] brn
|turn|16
|
|move|p1a: Heatran|Lava Plume|p2a: Gothitelle
|-damage|p2a: Gothitelle|193\/344 brn
|move|p2a: Gothitelle|Rest|p2a: Gothitelle
|-status|p2a: Gothitelle|slp
|-heal|p2a: Gothitelle|344\/344 slp|[silent]
|-status|p2a: Gothitelle|slp|[from] move: Rest
|
|turn|17
|
|move|p1a: Heatran|Lava Plume|p2a: Gothitelle
|-damage|p2a: Gothitelle|320\/344 slp
|cant|p2a: Gothitelle|slp
|
|-heal|p2a: Gothitelle|341\/344 slp|[from] item: Leftovers
|turn|18
|
|move|p1a: Heatran|Lava Plume|p2a: Gothitelle
|-damage|p2a: Gothitelle|319\/344 slp
|cant|p2a: Gothitelle|slp
|
|-heal|p2a: Gothitelle|340\/344 slp|[from] item: Leftovers
|turn|19
|
|move|p1a: Heatran|Lava Plume|p2a: Gothitelle
|-damage|p2a: Gothitelle|318\/344 slp
|-curestatus|p2a: Gothitelle|slp
|move|p2a: Gothitelle|Calm Mind|p2a: Gothitelle
|-fail|p2a: Gothitelle
|
|-heal|p2a: Gothitelle|339\/344|[from] item: Leftovers
|turn|20
|
|move|p1a: Heatran|Lava Plume|p2a: Gothitelle
|-damage|p2a: Gothitelle|318\/344
|move|p2a: Gothitelle|Calm Mind|p2a: Gothitelle
|-fail|p2a: Gothitelle
|
|-heal|p2a: Gothitelle|339\/344|[from] item: Leftovers
|turn|21
|
|move|p1a: Heatran|Lava Plume|p2a: Gothitelle
|-damage|p2a: Gothitelle|318\/344
|-status|p2a: Gothitelle|brn
|move|p2a: Gothitelle|Calm Mind|p2a: Gothitelle
|-fail|p2a: Gothitelle
|
|-heal|p2a: Gothitelle|339\/344 brn|[from] item: Leftovers
|-damage|p2a: Gothitelle|296\/344 brn|[from] brn
|turn|22
|
|move|p1a: Heatran|Lava Plume|p2a: Gothitelle
|-damage|p2a: Gothitelle|272\/344 brn
|move|p2a: Gothitelle|Calm Mind|p2a: Gothitelle
|-fail|p2a: Gothitelle
|
|-heal|p2a: Gothitelle|293\/344 brn|[from] item: Leftovers
|-damage|p2a: Gothitelle|250\/344 brn|[from] brn
|turn|23
|
|move|p1a: Heatran|Lava Plume|p2a: Gothitelle
|-crit|p2a: Gothitelle
|-damage|p2a: Gothitelle|133\/344 brn
|move|p2a: Gothitelle|Calm Mind|p2a: Gothitelle
|-fail|p2a: Gothitelle
|
|-heal|p2a: Gothitelle|154\/344 brn|[from] item: Leftovers
|-damage|p2a: Gothitelle|111\/344 brn|[from] brn
|turn|24
|
|move|p1a: Heatran|Lava Plume|p2a: Gothitelle
|-damage|p2a: Gothitelle|87\/344 brn
|move|p2a: Gothitelle|Rest|p2a: Gothitelle
|-status|p2a: Gothitelle|slp
|-heal|p2a: Gothitelle|344\/344 slp|[silent]
|-status|p2a: Gothitelle|slp|[from] move: Rest
|
|turn|25
|
|move|p1a: Heatran|Lava Plume|p2a: Gothitelle
|-damage|p2a: Gothitelle|323\/344 slp
|cant|p2a: Gothitelle|slp
|
|-heal|p2a: Gothitelle|344\/344 slp|[from] item: Leftovers
|turn|26
|
|move|p1a: Heatran|Lava Plume|p2a: Gothitelle
|-damage|p2a: Gothitelle|323\/344 slp
|cant|p2a: Gothitelle|slp
|
|-heal|p2a: Gothitelle|344\/344 slp|[from] item: Leftovers
|turn|27
|
|move|p1a: Heatran|Lava Plume|p2a: Gothitelle
|-crit|p2a: Gothitelle
|-damage|p2a: Gothitelle|223\/344 slp
|-curestatus|p2a: Gothitelle|slp
|move|p2a: Gothitelle|Calm Mind|p2a: Gothitelle
|-fail|p2a: Gothitelle
|
|-heal|p2a: Gothitelle|244\/344|[from] item: Leftovers
|turn|28
|
|move|p1a: Heatran|Lava Plume|p2a: Gothitelle
|-damage|p2a: Gothitelle|223\/344
|move|p2a: Gothitelle|Calm Mind|p2a: Gothitelle
|-fail|p2a: Gothitelle
|
|-heal|p2a: Gothitelle|244\/344|[from] item: Leftovers
|turn|29
|
|switch|p2a: Skarmory|Skarmory, M|334\/334
|-damage|p2a: Skarmory|293\/334|[from] Stealth Rock
|-activate|p1a: Heatran|move: Struggle
|move|p1a: Heatran|Struggle|p2a: Skarmory
|-damage|p2a: Skarmory|275\/334
|-damage|p1a: Heatran|187\/380|[from] item: Rocky Helmet|[of] p2a: Skarmory
|-damage|p1a: Heatran|92\/380
|
|turn|30
|
|switch|p1a: Talonflame|Talonflame, F, shiny|351\/351
|move|p2a: Skarmory|Defog|p1a: Talonflame
|-unboost|p1a: Talonflame|evasion|1
|-sideend|p2: sieke|Stealth Rock|[from] move: Defog|[of] p2a: Skarmory
|
|turn|31
|
|switch|p2a: Slowbro|Slowbro, M|394\/394
|move|p1a: Talonflame|Will-O-Wisp|p2a: Slowbro
|-status|p2a: Slowbro|brn
|
|-damage|p2a: Slowbro|345\/394 brn|[from] brn
|turn|32
|
|switch|p1a: Suicune|Suicune|404\/404
|-ability|p1a: Suicune|Pressure
|switch|p2a: Charizard|Charizard, F|360\/360
|
|turn|33
|
|switch|p2a: Amoonguss|Amoonguss, F|432\/432
|switch|p1a: Heatran|Heatran, M, shiny|92\/380
|
|turn|34
|
|switch|p2a: Skarmory|Skarmory, M|275\/334
|move|p1a: Heatran|Stealth Rock|p2a: Skarmory
|-sidestart|p2: sieke|move: Stealth Rock
|
|turn|35
|
|move|p1a: Heatran|Stealth Rock|p2a: Skarmory
|-fail|p2a: Skarmory
|move|p2a: Skarmory|Defog|p1a: Heatran
|-unboost|p1a: Heatran|evasion|1
|-sideend|p2: sieke|Stealth Rock|[from] move: Defog|[of] p2a: Skarmory
|
|turn|36
|
|move|p1a: Heatran|Stealth Rock|p2a: Skarmory
|-sidestart|p2: sieke|move: Stealth Rock
|move|p2a: Skarmory|Roost|p2a: Skarmory
|-heal|p2a: Skarmory|334\/334
|
|turn|37
|
|move|p1a: Heatran|Stealth Rock|p2a: Skarmory
|-fail|p2a: Skarmory
|move|p2a: Skarmory|Defog|p1a: Heatran
|-unboost|p1a: Heatran|evasion|1
|-sideend|p2: sieke|Stealth Rock|[from] move: Defog|[of] p2a: Skarmory
|
|turn|38
|
|switch|p1a: Suicune|Suicune|404\/404
|-ability|p1a: Suicune|Pressure
|move|p2a: Skarmory|Drill Peck|p1a: Suicune
|-damage|p1a: Suicune|352\/404
|
|-heal|p1a: Suicune|377\/404|[from] item: Leftovers
|turn|39
|
|switch|p1a: Heatran|Heatran, M, shiny|92\/380
|switch|p2a: Chansey|Chansey, F|642\/642
|
|turn|40
|
|switch|p2a: Skarmory|Skarmory, M|334\/334
|move|p1a: Heatran|Stealth Rock|p2a: Skarmory
|-sidestart|p2: sieke|move: Stealth Rock
|
|turn|41
|
|switch|p1a: Suicune|Suicune|377\/404
|-ability|p1a: Suicune|Pressure
|move|p2a: Skarmory|Defog|p1a: Suicune
|-unboost|p1a: Suicune|evasion|1
|-sideend|p2: sieke|Stealth Rock|[from] move: Defog|[of] p2a: Skarmory
|
|-heal|p1a: Suicune|402\/404|[from] item: Leftovers
|turn|42
|
|switch|p1a: Heatran|Heatran, M, shiny|92\/380
|switch|p2a: Gothitelle|Gothitelle, F|244\/344
|
|-heal|p2a: Gothitelle|265\/344|[from] item: Leftovers
|turn|43
|c|âGiggling Grannie|im gonna leave soon for smogon tour
|c|âGiggling Grannie|so keep taking all day for each turn
|
|move|p1a: Heatran|Stealth Rock|p2a: Gothitelle
|-sidestart|p2: sieke|move: Stealth Rock
|move|p2a: Gothitelle|Rest|p2a: Gothitelle
|-status|p2a: Gothitelle|slp
|-heal|p2a: Gothitelle|344\/344 slp|[silent]
|-status|p2a: Gothitelle|slp|[from] move: Rest
|
|turn|44
|
|move|p1a: Heatran|Stealth Rock|p2a: Gothitelle
|-fail|p2a: Gothitelle
|cant|p2a: Gothitelle|slp
|
|turn|45
|
|move|p1a: Heatran|Stealth Rock|p2a: Gothitelle
|-fail|p2a: Gothitelle
|cant|p2a: Gothitelle|slp
|
|turn|46
|
|move|p1a: Heatran|Stealth Rock|p2a: Gothitelle
|-fail|p2a: Gothitelle
|-curestatus|p2a: Gothitelle|slp
|move|p2a: Gothitelle|Calm Mind|p2a: Gothitelle
|-boost|p2a: Gothitelle|spa|1
|-boost|p2a: Gothitelle|spd|1
|
|turn|47
|
|move|p1a: Heatran|Stealth Rock|p2a: Gothitelle
|-fail|p2a: Gothitelle
|move|p2a: Gothitelle|Calm Mind|p2a: Gothitelle
|-boost|p2a: Gothitelle|spa|1
|-boost|p2a: Gothitelle|spd|1
|
|turn|48
|
|switch|p2a: Skarmory|Skarmory, M|334\/334
|-damage|p2a: Skarmory|293\/334|[from] Stealth Rock
|move|p1a: Heatran|Stealth Rock|p2a: Skarmory
|-fail|p2a: Skarmory
|
|turn|49
|
|switch|p1a: Suicune|Suicune|402\/404
|-ability|p1a: Suicune|Pressure
|move|p2a: Skarmory|Defog|p1a: Suicune
|-unboost|p1a: Suicune|evasion|1
|-sideend|p2: sieke|Stealth Rock|[from] move: Defog|[of] p2a: Skarmory
|
|-heal|p1a: Suicune|404\/404|[from] item: Leftovers
|turn|50
|
|switch|p2a: Chansey|Chansey, F|642\/642
|move|p1a: Suicune|Scald|p2a: Chansey
|-damage|p2a: Chansey|599\/642
|
|turn|51
|
|switch|p1a: Heracross|Heracross-Mega, F, shiny|324\/324
|move|p2a: Chansey|Aromatherapy|p2a: Chansey
|-cureteam|p2a: Chansey|[from] move: Aromatherapy
|
|turn|52
|
|switch|p2a: Charizard|Charizard, F|360\/360
|move|p1a: Heracross|Swords Dance|p1a: Heracross
|-boost|p1a: Heracross|atk|2
|
|turn|53
|
|detailschange|p2a: Charizard|Charizard-Mega-X, F
|message|Charizard has Mega Evolved into Mega Charizard!
|move|p2a: Charizard|Will-O-Wisp|p1a: Heracross
|-status|p1a: Heracross|brn
|move|p1a: Heracross|Close Combat|p2a: Charizard
|-damage|p2a: Charizard|147\/360
|-unboost|p1a: Heracross|def|1
|-unboost|p1a: Heracross|spd|1
|
|-damage|p1a: Heracross|284\/324 brn|[from] brn
|turn|54
|
|move|p2a: Charizard|Flare Blitz|p1a: Heracross
|-supereffective|p1a: Heracross
|-damage|p1a: Heracross|0 fnt
|-damage|p2a: Charizard|53\/360|[from] recoil|[of] p1a: Heracross
|faint|p1a: Heracross
|
|c|âGiggling Grannie|damn im slow as fuck:(
|c|âsieke|xd
|c|âGiggling Grannie|gg man you got me beat
|c|âsieke|gg
|-message|Giggling Grannie forfeited.
|
|win|sieke
|raw|Ladder updating...
|leave|Giggling Grannie
|player|p1
|raw|Giggling Grannie's rating: 1898 &rarr; <strong>1877<\/strong><br \/>(-21 for losing)
|raw|sieke's rating: 1884 &rarr; <strong>1905<\/strong><br \/>(+21 for winning)