|join|smaked
|join|Giggling Grannie
|player|p1|smaked|102
|player|p2|Giggling Grannie|121
|gametype|singles
|gen|6
|tier|OU
|rated
|clearpoke
|poke|p1|Slowbro, M
|poke|p1|Latios, M
|poke|p1|Gliscor, M
|poke|p1|Manectric, M
|poke|p1|Heatran, M
|poke|p1|Jirachi
|poke|p2|Gliscor, F
|poke|p2|Gothitelle, F
|poke|p2|Pinsir, M
|poke|p2|Ferrothorn, M
|poke|p2|Tentacruel, F
|poke|p2|Thundurus, M
|rule|Swagger Clause: Swagger is banned
|rule|Baton Pass Clause: Limit one PokÃ©mon knowing Baton Pass
|rule|Sleep Clause Mod: Limit one foe put to sleep
|rule|Species Clause: Limit one of each PokÃ©mon
|rule|OHKO Clause: OHKO moves are banned
|rule|Moody Clause: Moody is banned
|rule|Evasion Moves Clause: Evasion moves are banned
|rule|Endless Battle Clause: Forcing endless battles is banned
|rule|HP Percentage Mod: HP is shown in percentages
|teampreview
|
|start
|switch|p1a: Manectric|Manectric, M|281\/281
|switch|p2a: Lesbian|Gothitelle, F|301\/301
|turn|1
|join|mahler
|c|âGiggling Grannie|yeah manectric shits hard on my team
|
|detailschange|p1a: Manectric|Manectric-Mega, M
|message|Manectric has Mega Evolved into Mega Manectric!
|-ability|p1a: Manectric|Intimidate|[of] p2a: Lesbian
|-unboost|p2a: Lesbian|atk|1
|move|p2a: Lesbian|Psyshock|p1a: Manectric
|-damage|p1a: Manectric|155\/281
|move|p1a: Manectric|Volt Switch|p2a: Lesbian
|-damage|p2a: Lesbian|190\/301
|
|switch|p1a: Heatran|Heatran, M|386\/386
|
|turn|2
|
|switch|p2a: Squidward|Tentacruel, F|362\/362
|move|p1a: Heatran|Stealth Rock|p2a: Squidward
|-sidestart|p2: Giggling Grannie|move: Stealth Rock
|
|turn|3
|
|move|p2a: Squidward|Toxic Spikes|p1a: Heatran
|-sidestart|p1: smaked|move: Toxic Spikes
|move|p1a: Heatran|Lava Plume|p2a: Squidward
|-resisted|p2a: Squidward
|-damage|p2a: Squidward|324\/362
|
|-heal|p2a: Squidward|346\/362|[from] item: Black Sludge
|turn|4
|
|move|p2a: Squidward|Rapid Spin|p1a: Heatran
|-resisted|p1a: Heatran
|-damage|p1a: Heatran|382\/386
|-sideend|p2: Giggling Grannie|Stealth Rock|[from] move: Rapid Spin|[of] p2a: Squidward
|move|p1a: Heatran|Lava Plume|p2a: Squidward
|-resisted|p2a: Squidward
|-damage|p2a: Squidward|305\/362
|
|-heal|p2a: Squidward|327\/362|[from] item: Black Sludge
|-heal|p1a: Heatran|386\/386|[from] item: Leftovers
|turn|5
|
|switch|p2a: Lesbian|Gothitelle, F|190\/301
|move|p1a: Heatran|Stealth Rock|p2a: Lesbian
|-sidestart|p2: Giggling Grannie|move: Stealth Rock
|
|turn|6
|
|move|p2a: Lesbian|Trick|p1a: Heatran
|-activate|p2a: Lesbian|move: Trick|[of] p1a: Heatran
|-item|p1a: Heatran|Choice Scarf|[from] move: Trick
|-item|p2a: Lesbian|Leftovers|[from] move: Trick
|move|p1a: Heatran|Roar|p2a: Lesbian
|drag|p2a: Squidward|Tentacruel, F|327\/362
|-damage|p2a: Squidward|282\/362|[from] Stealth Rock
|
|-heal|p2a: Squidward|304\/362|[from] item: Black Sludge
|turn|7
|c|âGiggling Grannie|lovely
|
|switch|p1a: Latios|Latios, M|302\/302
|move|p2a: Squidward|Rapid Spin|p1a: Latios
|-damage|p1a: Latios|291\/302
|-sideend|p2: Giggling Grannie|Stealth Rock|[from] move: Rapid Spin|[of] p2a: Squidward
|
|-heal|p2a: Squidward|326\/362|[from] item: Black Sludge
|turn|8
|
|switch|p1a: Heatran|Heatran, M|386\/386
|move|p2a: Squidward|Protect|p2a: Squidward
|-fail|p2a: Squidward
|
|-heal|p2a: Squidward|348\/362|[from] item: Black Sludge
|turn|9
|
|move|p1a: Heatran|Lava Plume|p2a: Squidward
|-resisted|p2a: Squidward
|-damage|p2a: Squidward|308\/362
|move|p2a: Squidward|Scald|p1a: Heatran
|-supereffective|p1a: Heatran
|-damage|p1a: Heatran|282\/386
|
|-heal|p2a: Squidward|330\/362|[from] item: Black Sludge
|turn|10
|
|move|p1a: Heatran|Lava Plume|p2a: Squidward
|-resisted|p2a: Squidward
|-damage|p2a: Squidward|290\/362
|-status|p2a: Squidward|brn
|move|p2a: Squidward|Scald|p1a: Heatran
|-supereffective|p1a: Heatran
|-damage|p1a: Heatran|174\/386
|
|-heal|p2a: Squidward|312\/362 brn|[from] item: Black Sludge
|-damage|p2a: Squidward|267\/362 brn|[from] brn
|turn|11
|
|switch|p1a: Slowbro|Slowbro, M|393\/393
|-status|p1a: Slowbro|psn
|switch|p2a: Nails|Ferrothorn, M|352\/352
|
|-damage|p1a: Slowbro|344\/393 psn|[from] psn
|turn|12
|
|switch|p1a: Heatran|Heatran, M|174\/386
|move|p2a: Nails|Stealth Rock|p1a: Heatran
|-sidestart|p1: smaked|move: Stealth Rock
|
|turn|13
|
|switch|p2a: Squidward|Tentacruel, F|267\/362 brn
|move|p1a: Heatran|Stealth Rock|p2a: Squidward
|-sidestart|p2: Giggling Grannie|move: Stealth Rock
|
|-heal|p2a: Squidward|289\/362 brn|[from] item: Black Sludge
|-damage|p2a: Squidward|244\/362 brn|[from] brn
|turn|14
|
|switch|p1a: Jirachi|Jirachi|404\/404
|-damage|p1a: Jirachi|379\/404|[from] Stealth Rock
|move|p2a: Squidward|Rapid Spin|p1a: Jirachi
|-resisted|p1a: Jirachi
|-damage|p1a: Jirachi|377\/404
|-sideend|p2: Giggling Grannie|Stealth Rock|[from] move: Rapid Spin|[of] p2a: Squidward
|
|-heal|p1a: Jirachi|402\/404|[from] item: Leftovers
|-heal|p2a: Squidward|266\/362 brn|[from] item: Black Sludge
|-damage|p2a: Squidward|221\/362 brn|[from] brn
|turn|15
|
|move|p1a: Jirachi|Substitute|p1a: Jirachi
|-start|p1a: Jirachi|Substitute
|-damage|p1a: Jirachi|301\/404
|move|p2a: Squidward|Scald|p1a: Jirachi
|-activate|p1a: Jirachi|Substitute|[damage]
|
|-heal|p1a: Jirachi|326\/404|[from] item: Leftovers
|-heal|p2a: Squidward|243\/362 brn|[from] item: Black Sludge
|-damage|p2a: Squidward|198\/362 brn|[from] brn
|turn|16
|
|move|p1a: Jirachi|Fire Punch|p2a: Squidward
|-resisted|p2a: Squidward
|-damage|p2a: Squidward|161\/362 brn
|move|p2a: Squidward|Scald|p1a: Jirachi
|-end|p1a: Jirachi|Substitute
|
|-heal|p1a: Jirachi|351\/404|[from] item: Leftovers
|-heal|p2a: Squidward|183\/362 brn|[from] item: Black Sludge
|-damage|p2a: Squidward|138\/362 brn|[from] brn
|turn|17
|
|switch|p2a: Scorvol|Gliscor, F|354\/354
|move|p1a: Jirachi|Substitute|p1a: Jirachi
|-start|p1a: Jirachi|Substitute
|-damage|p1a: Jirachi|250\/404
|
|-heal|p1a: Jirachi|275\/404|[from] item: Leftovers
|-status|p2a: Scorvol|tox|[from] item: Toxic Orb
|turn|18
|
|move|p2a: Scorvol|Protect|p2a: Scorvol
|-singleturn|p2a: Scorvol|Protect
|move|p1a: Jirachi|Iron Head|p2a: Scorvol
|-activate|p2a: Scorvol|Protect
|
|-heal|p1a: Jirachi|300\/404|[from] item: Leftovers
|turn|19
|
|move|p1a: Jirachi|Iron Head|p2a: Scorvol
|-damage|p2a: Scorvol|297\/354 tox
|cant|p2a: Scorvol|flinch
|
|-heal|p1a: Jirachi|325\/404|[from] item: Leftovers
|-heal|p2a: Scorvol|341\/354 tox|[from] ability: Poison Heal
|turn|20
|
|move|p1a: Jirachi|Iron Head|p2a: Scorvol
|-damage|p2a: Scorvol|278\/354 tox
|move|p2a: Scorvol|Earthquake|p1a: Jirachi
|-supereffective|p1a: Jirachi
|-end|p1a: Jirachi|Substitute
|
|-heal|p1a: Jirachi|350\/404|[from] item: Leftovers
|-heal|p2a: Scorvol|322\/354 tox|[from] ability: Poison Heal
|turn|21
|
|switch|p1a: Gliscor|Gliscor, M|354\/354
|-damage|p1a: Gliscor|310\/354|[from] Stealth Rock
|move|p2a: Scorvol|Earthquake|p1a: Gliscor
|-immune|p1a: Gliscor|[msg]
|
|-heal|p2a: Scorvol|354\/354 tox|[from] ability: Poison Heal
|-status|p1a: Gliscor|tox|[from] item: Toxic Orb
|turn|22
|
|move|p1a: Gliscor|Earthquake|p2a: Scorvol
|-immune|p2a: Scorvol|[msg]
|move|p2a: Scorvol|Substitute|p2a: Scorvol
|-start|p2a: Scorvol|Substitute
|-damage|p2a: Scorvol|266\/354 tox
|
|-heal|p1a: Gliscor|354\/354 tox|[from] ability: Poison Heal
|-heal|p2a: Scorvol|310\/354 tox|[from] ability: Poison Heal
|turn|23
|
|move|p1a: Gliscor|Acrobatics|p2a: Scorvol
|-activate|p2a: Scorvol|Substitute|[damage]
|move|p2a: Scorvol|Toxic|p1a: Gliscor
|-fail|p1a: Gliscor|tox
|
|-heal|p2a: Scorvol|354\/354 tox|[from] ability: Poison Heal
|turn|24
|
|move|p1a: Gliscor|Toxic|p2a: Scorvol
|move|p2a: Scorvol|Toxic|p1a: Gliscor
|-fail|p1a: Gliscor|tox
|
|turn|25
|
|switch|p1a: Slowbro|Slowbro, M|393\/393 psn
|-damage|p1a: Slowbro|344\/393 psn|[from] Stealth Rock
|switch|p2a: Nails|Ferrothorn, M|352\/352
|
|-heal|p1a: Slowbro|368\/393 psn|[from] item: Leftovers
|-damage|p1a: Slowbro|319\/393 psn|[from] psn
|turn|26
|
|move|p1a: Slowbro|Scald|p2a: Nails
|-resisted|p2a: Nails
|-damage|p2a: Nails|316\/352
|move|p2a: Nails|Leech Seed|p1a: Slowbro
|-start|p1a: Slowbro|move: Leech Seed
|
|-heal|p1a: Slowbro|343\/393 psn|[from] item: Leftovers
|-heal|p2a: Nails|338\/352|[from] item: Leftovers
|-damage|p1a: Slowbro|294\/393 psn|[from] Leech Seed|[of] p2a: Nails
|-heal|p2a: Nails|352\/352|[silent]
|-damage|p1a: Slowbro|245\/393 psn|[from] psn
|turn|27
|
|switch|p1a: Heatran|Heatran, M|174\/386
|-damage|p1a: Heatran|126\/386|[from] Stealth Rock
|move|p2a: Nails|Leech Seed|p1a: Heatran
|-start|p1a: Heatran|move: Leech Seed
|
|-damage|p1a: Heatran|78\/386|[from] Leech Seed|[of] p2a: Nails
|turn|28
|leave|mahler
|
|switch|p2a: Squidward|Tentacruel, F|138\/362 brn
|move|p1a: Heatran|Stealth Rock|p2a: Squidward
|-sidestart|p2: Giggling Grannie|move: Stealth Rock
|
|-heal|p2a: Squidward|160\/362 brn|[from] item: Black Sludge
|-damage|p1a: Heatran|30\/386|[from] Leech Seed|[of] p2a: Squidward
|-heal|p2a: Squidward|208\/362 brn|[silent]
|-damage|p2a: Squidward|163\/362 brn|[from] brn
|turn|29
|
|switch|p1a: Gliscor|Gliscor, M|354\/354 tox
|-damage|p1a: Gliscor|310\/354 tox|[from] Stealth Rock
|move|p2a: Squidward|Rapid Spin|p1a: Gliscor
|-damage|p1a: Gliscor|306\/354 tox
|-sideend|p2: Giggling Grannie|Stealth Rock|[from] move: Rapid Spin|[of] p2a: Squidward
|
|-heal|p2a: Squidward|185\/362 brn|[from] item: Black Sludge
|-heal|p1a: Gliscor|350\/354 tox|[from] ability: Poison Heal
|-damage|p2a: Squidward|140\/362 brn|[from] brn
|turn|30
|
|switch|p1a: Slowbro|Slowbro, M|376\/393 psn
|-damage|p1a: Slowbro|327\/393 psn|[from] Stealth Rock
|switch|p2a: Nails|Ferrothorn, M|352\/352
|
|-heal|p1a: Slowbro|351\/393 psn|[from] item: Leftovers
|-damage|p1a: Slowbro|302\/393 psn|[from] psn
|turn|31
|
|switch|p2a: Lesbian|Gothitelle, F|190\/301
|move|p1a: Slowbro|Scald|p2a: Lesbian
|-damage|p2a: Lesbian|100\/301
|
|-heal|p2a: Lesbian|118\/301|[from] item: Leftovers
|-heal|p1a: Slowbro|326\/393 psn|[from] item: Leftovers
|-damage|p1a: Slowbro|277\/393 psn|[from] psn
|turn|32
|
|move|p2a: Lesbian|Rest|p2a: Lesbian
|-status|p2a: Lesbian|slp
|-heal|p2a: Lesbian|301\/301 slp|[silent]
|-status|p2a: Lesbian|slp|[from] move: Rest
|move|p1a: Slowbro|Scald|p2a: Lesbian
|-damage|p2a: Lesbian|217\/301 slp
|
|-heal|p2a: Lesbian|235\/301 slp|[from] item: Leftovers
|-heal|p1a: Slowbro|301\/393 psn|[from] item: Leftovers
|-damage|p1a: Slowbro|252\/393 psn|[from] psn
|turn|33
|
|cant|p2a: Lesbian|slp
|move|p1a: Slowbro|Scald|p2a: Lesbian
|-damage|p2a: Lesbian|147\/301 slp
|
|-heal|p2a: Lesbian|165\/301 slp|[from] item: Leftovers
|-heal|p1a: Slowbro|276\/393 psn|[from] item: Leftovers
|-damage|p1a: Slowbro|227\/393 psn|[from] psn
|turn|34
|
|cant|p2a: Lesbian|slp
|move|p1a: Slowbro|Scald|p2a: Lesbian
|-damage|p2a: Lesbian|81\/301 slp
|
|-heal|p2a: Lesbian|99\/301 slp|[from] item: Leftovers
|-heal|p1a: Slowbro|251\/393 psn|[from] item: Leftovers
|-damage|p1a: Slowbro|202\/393 psn|[from] psn
|turn|35
|
|-curestatus|p2a: Lesbian|slp
|move|p2a: Lesbian|Thunderbolt|p1a: Slowbro
|-supereffective|p1a: Slowbro
|-damage|p1a: Slowbro|0 fnt
|faint|p1a: Slowbro
|
|-heal|p2a: Lesbian|117\/301|[from] item: Leftovers
|
|switch|p1a: Manectric|Manectric-Mega, M|155\/281
|-damage|p1a: Manectric|120\/281|[from] Stealth Rock
|-status|p1a: Manectric|psn
|-ability|p1a: Manectric|Intimidate|[of] p2a: Lesbian
|-unboost|p2a: Lesbian|atk|1
|turn|36
|
|move|p1a: Manectric|Thunderbolt|p2a: Lesbian
|-damage|p2a: Lesbian|0 fnt
|faint|p2a: Lesbian
|
|-damage|p1a: Manectric|85\/281 psn|[from] psn
|
|switch|p2a: Squidward|Tentacruel, F|140\/362 brn
|turn|37
|
|switch|p1a: Gliscor|Gliscor, M|350\/354 tox
|-damage|p1a: Gliscor|306\/354 tox|[from] Stealth Rock
|move|p2a: Squidward|Protect|p2a: Squidward
|-fail|p2a: Squidward
|
|-heal|p2a: Squidward|162\/362 brn|[from] item: Black Sludge
|-heal|p1a: Gliscor|350\/354 tox|[from] ability: Poison Heal
|-damage|p2a: Squidward|117\/362 brn|[from] brn
|turn|38
|
|switch|p2a: Nails|Ferrothorn, M|352\/352
|move|p1a: Gliscor|Earthquake|p2a: Nails
|-damage|p2a: Nails|286\/352
|
|-heal|p2a: Nails|308\/352|[from] item: Leftovers
|-heal|p1a: Gliscor|354\/354 tox|[from] ability: Poison Heal
|turn|39
|-message|smaked forfeited.
|leave|smaked
|
|win|Giggling Grannie
|raw|Ladder updating...
|player|p1
|raw|smaked's rating: 1735 &rarr; <strong>1717<\/strong><br \/>(-18 for losing)
|raw|Giggling Grannie's rating: 1780 &rarr; <strong>1797<\/strong><br \/>(+17 for winning)
|leave|Giggling Grannie
|player|p2
|join|pprasd