|join|lt3a finch
|join|Giggling Grannie
|player|p1|lt3a finch|1
|player|p2|Giggling Grannie|69
|gametype|singles
|gen|6
|tier|OU
|rated
|clearpoke
|poke|p1|Ferrothorn, M
|poke|p1|Keldeo
|poke|p1|Gardevoir, M
|poke|p1|Rhyperior, M
|poke|p1|Dragonite, M
|poke|p1|Latios, M
|poke|p2|Gliscor, F
|poke|p2|Gothitelle, F
|poke|p2|Medicham, M
|poke|p2|Ferrothorn, M
|poke|p2|Tentacruel, F
|poke|p2|Thundurus, M
|rule|Swagger Clause: Swagger is banned
|rule|Baton Pass Clause: Limit one PokÃ©mon knowing Baton Pass
|rule|Sleep Clause Mod: Limit one foe put to sleep
|rule|Species Clause: Limit one of each PokÃ©mon
|rule|OHKO Clause: OHKO moves are banned
|rule|Moody Clause: Moody is banned
|rule|Evasion Moves Clause: Evasion moves are banned
|rule|Endless Battle Clause: Forcing endless battles is banned
|rule|HP Percentage Mod: HP is shown in percentages
|teampreview
|
|start
|switch|p1a: Gardevoir|Gardevoir, M|287\/287
|switch|p2a: Medicham|Medicham, M|262\/262
|-ability|p1a: Gardevoir|Pure Power|[from] ability: Trace|[of] p2a: Medicham
|turn|1
|
|detailschange|p2a: Medicham|Medicham-Mega, M
|message|Medicham has Mega Evolved into Mega Medicham!
|detailschange|p1a: Gardevoir|Gardevoir-Mega, M
|message|Gardevoir has Mega Evolved into Mega Gardevoir!
|move|p2a: Medicham|Fake Out|p1a: Gardevoir
|-damage|p1a: Gardevoir|166\/287
|cant|p1a: Gardevoir|flinch
|
|turn|2
|
|move|p2a: Medicham|Bullet Punch|p1a: Gardevoir
|-supereffective|p1a: Gardevoir
|-damage|p1a: Gardevoir|0 fnt
|faint|p1a: Gardevoir
|
|
|switch|p1a: Keldeo|Keldeo|323\/323
|turn|3
|
|switch|p1a: Latios|Latios, M|301\/301
|switch|p2a: Squidward|Tentacruel, F|362\/362
|
|turn|4
|
|switch|p1a: Dragonite|Dragonite, M|323\/323
|move|p2a: Squidward|Protect|p2a: Squidward
|-fail|p2a: Squidward
|
|turn|5
|
|switch|p2a: Scorvol|Gliscor, F|354\/354
|move|p1a: Dragonite|Fire Punch|p2a: Scorvol
|-damage|p2a: Scorvol|260\/354
|
|-status|p2a: Scorvol|tox|[from] item: Toxic Orb
|turn|6
|
|switch|p1a: Ferrothorn|Ferrothorn, M|352\/352
|switch|p2a: Medicham|Medicham-Mega, M|262\/262
|
|turn|7
|
|move|p2a: Medicham|High Jump Kick|p1a: Ferrothorn|[miss]
|-miss|p2a: Medicham|p1a: Ferrothorn
|-damage|p2a: Medicham|131\/262|[from] highjumpkick
|move|p1a: Ferrothorn|Power Whip|p2a: Medicham
|-damage|p2a: Medicham|0 fnt
|faint|p2a: Medicham
|
|c|âGiggling Grannie|impressive
|
|switch|p2a: Ferrothorn|Ferrothorn, M|352\/352
|turn|8
|
|switch|p1a: Keldeo|Keldeo|323\/323
|move|p2a: Ferrothorn|Stealth Rock|p1a: Keldeo
|-sidestart|p1: lt3a finch|move: Stealth Rock
|
|turn|9
|
|move|p1a: Keldeo|Hydro Pump|p2a: Ferrothorn
|-resisted|p2a: Ferrothorn
|-damage|p2a: Ferrothorn|225\/352
|move|p2a: Ferrothorn|Gyro Ball|p1a: Keldeo
|-resisted|p1a: Keldeo
|-damage|p1a: Keldeo|236\/323
|
|-heal|p2a: Ferrothorn|247\/352|[from] item: Leftovers
|turn|10
|
|move|p1a: Keldeo|Hydro Pump|p2a: Ferrothorn
|-resisted|p2a: Ferrothorn
|-damage|p2a: Ferrothorn|124\/352
|move|p2a: Ferrothorn|Leech Seed|p1a: Keldeo
|-start|p1a: Keldeo|move: Leech Seed
|
|-heal|p2a: Ferrothorn|146\/352|[from] item: Leftovers
|-damage|p1a: Keldeo|196\/323|[from] Leech Seed|[of] p2a: Ferrothorn
|-heal|p2a: Ferrothorn|186\/352|[silent]
|turn|11
|
|switch|p1a: Ferrothorn|Ferrothorn, M|352\/352
|-damage|p1a: Ferrothorn|330\/352|[from] Stealth Rock
|switch|p2a: Squidward|Tentacruel, F|362\/362
|
|-heal|p1a: Ferrothorn|352\/352|[from] item: Leftovers
|turn|12
|
|switch|p2a: Ferrothorn|Ferrothorn, M|186\/352
|move|p1a: Ferrothorn|Power Whip|p2a: Ferrothorn
|-resisted|p2a: Ferrothorn
|-damage|p2a: Ferrothorn|166\/352
|-damage|p1a: Ferrothorn|308\/352|[from] ability: Iron Barbs|[of] p2a: Ferrothorn
|
|-heal|p1a: Ferrothorn|330\/352|[from] item: Leftovers
|-heal|p2a: Ferrothorn|188\/352|[from] item: Leftovers
|turn|13
|
|switch|p1a: Dragonite|Dragonite, M|323\/323
|-damage|p1a: Dragonite|243\/323|[from] Stealth Rock
|move|p2a: Ferrothorn|Leech Seed|p1a: Dragonite
|-start|p1a: Dragonite|move: Leech Seed
|
|-heal|p2a: Ferrothorn|210\/352|[from] item: Leftovers
|-damage|p1a: Dragonite|203\/323|[from] Leech Seed|[of] p2a: Ferrothorn
|-heal|p2a: Ferrothorn|250\/352|[silent]
|turn|14
|
|switch|p2a: Scorvol|Gliscor, F|260\/354 tox
|move|p1a: Dragonite|Fire Punch|p2a: Scorvol
|-damage|p2a: Scorvol|168\/354 tox
|
|-damage|p1a: Dragonite|163\/323|[from] Leech Seed|[of] p2a: Scorvol
|-heal|p2a: Scorvol|208\/354 tox|[silent]
|-heal|p2a: Scorvol|252\/354 tox|[from] ability: Poison Heal
|turn|15
|
|switch|p1a: Ferrothorn|Ferrothorn, M|330\/352
|-damage|p1a: Ferrothorn|308\/352|[from] Stealth Rock
|move|p2a: Scorvol|Substitute|p2a: Scorvol
|-start|p2a: Scorvol|Substitute
|-damage|p2a: Scorvol|164\/354 tox
|
|-heal|p1a: Ferrothorn|330\/352|[from] item: Leftovers
|-heal|p2a: Scorvol|208\/354 tox|[from] ability: Poison Heal
|turn|16
|
|move|p2a: Scorvol|Protect|p2a: Scorvol
|-singleturn|p2a: Scorvol|Protect
|move|p1a: Ferrothorn|Power Whip|p2a: Scorvol
|-activate|p2a: Scorvol|Protect
|
|-heal|p1a: Ferrothorn|352\/352|[from] item: Leftovers
|-heal|p2a: Scorvol|252\/354 tox|[from] ability: Poison Heal
|turn|17
|
|move|p2a: Scorvol|Earthquake|p1a: Ferrothorn
|-damage|p1a: Ferrothorn|276\/352
|move|p1a: Ferrothorn|Power Whip|p2a: Scorvol
|-end|p2a: Scorvol|Substitute
|
|-heal|p1a: Ferrothorn|298\/352|[from] item: Leftovers
|-heal|p2a: Scorvol|296\/354 tox|[from] ability: Poison Heal
|turn|18
|
|switch|p1a: Keldeo|Keldeo|196\/323
|-damage|p1a: Keldeo|176\/323|[from] Stealth Rock
|move|p2a: Scorvol|Protect|p2a: Scorvol
|-fail|p2a: Scorvol
|
|-heal|p2a: Scorvol|340\/354 tox|[from] ability: Poison Heal
|turn|19
|
|move|p2a: Scorvol|Protect|p2a: Scorvol
|-singleturn|p2a: Scorvol|Protect
|move|p1a: Keldeo|Scald|p2a: Scorvol
|-activate|p2a: Scorvol|Protect
|
|-heal|p2a: Scorvol|354\/354 tox|[from] ability: Poison Heal
|turn|20
|
|switch|p2a: Lesbian|Gothitelle, F|301\/301
|move|p1a: Keldeo|Scald|p2a: Lesbian
|-damage|p2a: Lesbian|121\/301
|-status|p2a: Lesbian|brn
|
|-damage|p2a: Lesbian|84\/301 brn|[from] brn
|turn|21
|
|move|p2a: Lesbian|Psyshock|p1a: Keldeo
|-supereffective|p1a: Keldeo
|-damage|p1a: Keldeo|0 fnt
|faint|p1a: Keldeo
|
|-damage|p2a: Lesbian|47\/301 brn|[from] brn
|
|switch|p1a: Latios|Latios, M|301\/301
|-damage|p1a: Latios|264\/301|[from] Stealth Rock
|turn|22
|
|switch|p2a: Ferrothorn|Ferrothorn, M|250\/352
|move|p1a: Latios|Calm Mind|p1a: Latios
|-boost|p1a: Latios|spa|1
|-boost|p1a: Latios|spd|1
|
|-heal|p2a: Ferrothorn|272\/352|[from] item: Leftovers
|turn|23
|
|move|p1a: Latios|Dragon Pulse|p2a: Ferrothorn
|-resisted|p2a: Ferrothorn
|-damage|p2a: Ferrothorn|147\/352
|-damage|p1a: Latios|234\/301|[from] item: Life Orb
|move|p2a: Ferrothorn|Gyro Ball|p1a: Latios
|-damage|p1a: Latios|36\/301
|
|-heal|p2a: Ferrothorn|169\/352|[from] item: Leftovers
|turn|24
|
|move|p1a: Latios|Dragon Pulse|p2a: Ferrothorn
|-resisted|p2a: Ferrothorn
|-damage|p2a: Ferrothorn|52\/352
|-damage|p1a: Latios|6\/301|[from] item: Life Orb
|move|p2a: Ferrothorn|Gyro Ball|p1a: Latios
|-damage|p1a: Latios|0 fnt
|faint|p1a: Latios
|
|-heal|p2a: Ferrothorn|74\/352|[from] item: Leftovers
|
|switch|p1a: Rhyperior|Rhyperior, M|434\/434
|-damage|p1a: Rhyperior|407\/434|[from] Stealth Rock
|turn|25
|
|move|p1a: Rhyperior|Earthquake|p2a: Ferrothorn
|-damage|p2a: Ferrothorn|0 fnt
|faint|p2a: Ferrothorn
|
|-heal|p1a: Rhyperior|434\/434|[from] item: Leftovers
|
|switch|p2a: Lesbian|Gothitelle, F|47\/301 brn
|turn|26
|
|move|p2a: Lesbian|Trick|p1a: Rhyperior
|-activate|p2a: Lesbian|move: Trick|[of] p1a: Rhyperior
|-item|p1a: Rhyperior|Choice Scarf|[from] move: Trick
|-item|p2a: Lesbian|Leftovers|[from] move: Trick
|move|p1a: Rhyperior|Stealth Rock|p2a: Lesbian
|-sidestart|p2: Giggling Grannie|move: Stealth Rock
|
|-heal|p2a: Lesbian|65\/301 brn|[from] item: Leftovers
|-damage|p2a: Lesbian|28\/301 brn|[from] brn
|turn|27
|
|move|p2a: Lesbian|Rest|p2a: Lesbian
|-status|p2a: Lesbian|slp
|-heal|p2a: Lesbian|301\/301 slp|[silent]
|-status|p2a: Lesbian|slp|[from] move: Rest
|move|p1a: Rhyperior|Stealth Rock|p2a: Lesbian
|-fail|p2a: Lesbian
|
|turn|28
|
|cant|p2a: Lesbian|slp
|move|p1a: Rhyperior|Stealth Rock|p2a: Lesbian
|-fail|p2a: Lesbian
|
|turn|29
|
|cant|p2a: Lesbian|slp
|move|p1a: Rhyperior|Stealth Rock|p2a: Lesbian
|-fail|p2a: Lesbian
|
|turn|30
|
|-curestatus|p2a: Lesbian|slp
|move|p2a: Lesbian|Psyshock|p1a: Rhyperior
|-damage|p1a: Rhyperior|368\/434
|move|p1a: Rhyperior|Stealth Rock|p2a: Lesbian
|-fail|p2a: Lesbian
|
|turn|31
|
|move|p2a: Lesbian|Psyshock|p1a: Rhyperior
|-damage|p1a: Rhyperior|298\/434
|move|p1a: Rhyperior|Stealth Rock|p2a: Lesbian
|-fail|p2a: Lesbian
|
|turn|32
|
|move|p2a: Lesbian|Psyshock|p1a: Rhyperior
|-damage|p1a: Rhyperior|229\/434
|move|p1a: Rhyperior|Stealth Rock|p2a: Lesbian
|-fail|p2a: Lesbian
|
|turn|33
|
|move|p2a: Lesbian|Psyshock|p1a: Rhyperior
|-damage|p1a: Rhyperior|159\/434
|move|p1a: Rhyperior|Stealth Rock|p2a: Lesbian
|-fail|p2a: Lesbian
|
|turn|34
|join|LT3A noname4505
|
|move|p2a: Lesbian|Psyshock|p1a: Rhyperior
|-damage|p1a: Rhyperior|95\/434
|move|p1a: Rhyperior|Stealth Rock|p2a: Lesbian
|-fail|p2a: Lesbian
|
|turn|35
|
|move|p2a: Lesbian|Psyshock|p1a: Rhyperior
|-damage|p1a: Rhyperior|31\/434
|move|p1a: Rhyperior|Stealth Rock|p2a: Lesbian
|-fail|p2a: Lesbian
|
|turn|36
|
|switch|p2a: Squidward|Tentacruel, F|362\/362
|-damage|p2a: Squidward|317\/362|[from] Stealth Rock
|move|p1a: Rhyperior|Stealth Rock|p2a: Squidward
|-fail|p2a: Squidward
|
|-heal|p2a: Squidward|339\/362|[from] item: Black Sludge
|turn|37
|join|blarghlfarghl
|
|move|p2a: Squidward|Rapid Spin|p1a: Rhyperior
|-resisted|p1a: Rhyperior
|-damage|p1a: Rhyperior|28\/434
|-sideend|p2: Giggling Grannie|Stealth Rock|[from] move: Rapid Spin|[of] p2a: Squidward
|move|p1a: Rhyperior|Stealth Rock|p2a: Squidward
|-sidestart|p2: Giggling Grannie|move: Stealth Rock
|
|-heal|p2a: Squidward|361\/362|[from] item: Black Sludge
|turn|38
|
|move|p2a: Squidward|Rapid Spin|p1a: Rhyperior
|-resisted|p1a: Rhyperior
|-damage|p1a: Rhyperior|25\/434
|-sideend|p2: Giggling Grannie|Stealth Rock|[from] move: Rapid Spin|[of] p2a: Squidward
|move|p1a: Rhyperior|Stealth Rock|p2a: Squidward
|-sidestart|p2: Giggling Grannie|move: Stealth Rock
|
|-heal|p2a: Squidward|362\/362|[from] item: Black Sludge
|turn|39
|join|PurplePandaPanda
|
|move|p2a: Squidward|Rapid Spin|p1a: Rhyperior
|-resisted|p1a: Rhyperior
|-damage|p1a: Rhyperior|22\/434
|-sideend|p2: Giggling Grannie|Stealth Rock|[from] move: Rapid Spin|[of] p2a: Squidward
|move|p1a: Rhyperior|Stealth Rock|p2a: Squidward
|-sidestart|p2: Giggling Grannie|move: Stealth Rock
|
|turn|40
|
|move|p2a: Squidward|Rapid Spin|p1a: Rhyperior
|-crit|p1a: Rhyperior
|-resisted|p1a: Rhyperior
|-damage|p1a: Rhyperior|18\/434
|-sideend|p2: Giggling Grannie|Stealth Rock|[from] move: Rapid Spin|[of] p2a: Squidward
|move|p1a: Rhyperior|Stealth Rock|p2a: Squidward
|-sidestart|p2: Giggling Grannie|move: Stealth Rock
|
|turn|41
|
|move|p2a: Squidward|Rapid Spin|p1a: Rhyperior
|-resisted|p1a: Rhyperior
|-damage|p1a: Rhyperior|15\/434
|-sideend|p2: Giggling Grannie|Stealth Rock|[from] move: Rapid Spin|[of] p2a: Squidward
|move|p1a: Rhyperior|Stealth Rock|p2a: Squidward
|-sidestart|p2: Giggling Grannie|move: Stealth Rock
|
|turn|42
|
|move|p2a: Squidward|Rapid Spin|p1a: Rhyperior
|-resisted|p1a: Rhyperior
|-damage|p1a: Rhyperior|12\/434
|-sideend|p2: Giggling Grannie|Stealth Rock|[from] move: Rapid Spin|[of] p2a: Squidward
|move|p1a: Rhyperior|Stealth Rock|p2a: Squidward
|-sidestart|p2: Giggling Grannie|move: Stealth Rock
|
|turn|43
|
|move|p2a: Squidward|Rapid Spin|p1a: Rhyperior
|-resisted|p1a: Rhyperior
|-damage|p1a: Rhyperior|9\/434
|-sideend|p2: Giggling Grannie|Stealth Rock|[from] move: Rapid Spin|[of] p2a: Squidward
|move|p1a: Rhyperior|Stealth Rock|p2a: Squidward
|-sidestart|p2: Giggling Grannie|move: Stealth Rock
|
|turn|44
|
|move|p2a: Squidward|Rapid Spin|p1a: Rhyperior
|-resisted|p1a: Rhyperior
|-damage|p1a: Rhyperior|6\/434
|-sideend|p2: Giggling Grannie|Stealth Rock|[from] move: Rapid Spin|[of] p2a: Squidward
|move|p1a: Rhyperior|Stealth Rock|p2a: Squidward
|-sidestart|p2: Giggling Grannie|move: Stealth Rock
|
|turn|45
|
|move|p2a: Squidward|Rapid Spin|p1a: Rhyperior
|-resisted|p1a: Rhyperior
|-damage|p1a: Rhyperior|3\/434
|-sideend|p2: Giggling Grannie|Stealth Rock|[from] move: Rapid Spin|[of] p2a: Squidward
|move|p1a: Rhyperior|Stealth Rock|p2a: Squidward
|-sidestart|p2: Giggling Grannie|move: Stealth Rock
|
|turn|46
|leave|blarghlfarghl
|
|move|p2a: Squidward|Rapid Spin|p1a: Rhyperior
|-crit|p1a: Rhyperior
|-resisted|p1a: Rhyperior
|-damage|p1a: Rhyperior|0 fnt
|-sideend|p2: Giggling Grannie|Stealth Rock|[from] move: Rapid Spin|[of] p2a: Squidward
|faint|p1a: Rhyperior
|
|
|switch|p1a: Dragonite|Dragonite, M|163\/323
|-damage|p1a: Dragonite|83\/323|[from] Stealth Rock
|turn|47
|c|âGiggling Grannie|slowly but surely
|
|move|p2a: Squidward|Protect|p2a: Squidward
|-singleturn|p2a: Squidward|Protect
|move|p1a: Dragonite|Outrage|p2a: Squidward
|-activate|p2a: Squidward|Protect
|
|turn|48
|
|switch|p2a: Lesbian|Gothitelle, F|301\/301
|move|p1a: Dragonite|Outrage|p2a: Lesbian
|-damage|p2a: Lesbian|0 fnt
|faint|p2a: Lesbian
|
|c| PurplePandaPanda|noob
|
|switch|p2a: Surge|Thundurus, M|305\/305
|turn|49
|
|move|p2a: Surge|Hidden Power|p1a: Dragonite
|-supereffective|p1a: Dragonite
|-damage|p1a: Dragonite|0 fnt
|-damage|p2a: Surge|275\/305|[from] item: Life Orb
|faint|p1a: Dragonite
|
|
|switch|p1a: Ferrothorn|Ferrothorn, M|298\/352
|-damage|p1a: Ferrothorn|276\/352|[from] Stealth Rock
|turn|50
|
|move|p2a: Surge|Focus Blast|p1a: Ferrothorn
|-supereffective|p1a: Ferrothorn
|-damage|p1a: Ferrothorn|37\/352
|-damage|p2a: Surge|245\/305|[from] item: Life Orb
|move|p1a: Ferrothorn|Leech Seed|p2a: Surge
|-start|p2a: Surge|move: Leech Seed
|
|-heal|p1a: Ferrothorn|59\/352|[from] item: Leftovers
|-damage|p2a: Surge|207\/305|[from] Leech Seed|[of] p1a: Ferrothorn
|-heal|p1a: Ferrothorn|97\/352|[silent]
|turn|51
|
|switch|p2a: Squidward|Tentacruel, F|362\/362
|move|p1a: Ferrothorn|Protect|p1a: Ferrothorn
|-fail|p1a: Ferrothorn
|
|-heal|p1a: Ferrothorn|119\/352|[from] item: Leftovers
|turn|52
|
|move|p2a: Squidward|Scald|p1a: Ferrothorn
|-resisted|p1a: Ferrothorn
|-damage|p1a: Ferrothorn|91\/352
|move|p1a: Ferrothorn|Leech Seed|p2a: Squidward
|-start|p2a: Squidward|move: Leech Seed
|
|-heal|p1a: Ferrothorn|113\/352|[from] item: Leftovers
|-damage|p2a: Squidward|317\/362|[from] Leech Seed|[of] p1a: Ferrothorn
|-damage|p1a: Ferrothorn|68\/352|[from] ability: Liquid Ooze|[of] p2a: Squidward
|turn|53
|
|move|p2a: Squidward|Scald|p1a: Ferrothorn
|-resisted|p1a: Ferrothorn
|-damage|p1a: Ferrothorn|41\/352
|move|p1a: Ferrothorn|Power Whip|p2a: Squidward
|-damage|p2a: Squidward|149\/362
|
|-heal|p2a: Squidward|171\/362|[from] item: Black Sludge
|-heal|p1a: Ferrothorn|63\/352|[from] item: Leftovers
|-damage|p2a: Squidward|126\/362|[from] Leech Seed|[of] p1a: Ferrothorn
|-damage|p1a: Ferrothorn|18\/352|[from] ability: Liquid Ooze|[of] p2a: Squidward
|turn|54
|
|move|p1a: Ferrothorn|Protect|p1a: Ferrothorn
|-singleturn|p1a: Ferrothorn|Protect
|move|p2a: Squidward|Scald|p1a: Ferrothorn
|-activate|p1a: Ferrothorn|Protect
|
|-heal|p2a: Squidward|148\/362|[from] item: Black Sludge
|-heal|p1a: Ferrothorn|40\/352|[from] item: Leftovers
|-damage|p2a: Squidward|103\/362|[from] Leech Seed|[of] p1a: Ferrothorn
|-damage|p1a: Ferrothorn|0 fnt|[from] ability: Liquid Ooze|[of] p2a: Squidward
|faint|p1a: Ferrothorn
|
|win|Giggling Grannie
|raw|Ladder updating...
|raw|lt3a finch's rating: 1618 &rarr; <strong>1597<\/strong><br \/>(-21 for losing)
|raw|Giggling Grannie's rating: 1595 &rarr; <strong>1616<\/strong><br \/>(+21 for winning)