|join|Reverb
|join|Giggling Grannie
|player|p1|Reverb|#reverb
|player|p2|Giggling Grannie|69
|gametype|singles
|gen|6
|tier|OU
|rated
|clearpoke
|poke|p1|Landorus-Therian, M
|poke|p1|Conkeldurr, F
|poke|p1|Magnezone
|poke|p1|Azumarill, F
|poke|p1|Pinsir, F
|poke|p1|Empoleon, M
|poke|p2|Gliscor, F
|poke|p2|Gothitelle, F
|poke|p2|Azumarill, M
|poke|p2|Ferrothorn, M
|poke|p2|Tentacruel, F
|poke|p2|Thundurus, M
|rule|Swagger Clause: Swagger is banned
|rule|Baton Pass Clause: Limit one PokÃ©mon knowing Baton Pass
|rule|Sleep Clause Mod: Limit one foe put to sleep
|rule|Species Clause: Limit one of each PokÃ©mon
|rule|OHKO Clause: OHKO moves are banned
|rule|Moody Clause: Moody is banned
|rule|Evasion Moves Clause: Evasion moves are banned
|rule|Endless Battle Clause: Forcing endless battles is banned
|rule|HP Percentage Mod: HP is shown in percentages
|teampreview
|
|start
|switch|p1a: Conkeldurr|Conkeldurr, F|365\/365
|switch|p2a: Azumarill|Azumarill, M|380\/380
|turn|1
|
|switch|p1a: Empoleon|Empoleon, M|371\/371
|move|p2a: Azumarill|Belly Drum|p2a: Azumarill
|-damage|p2a: Azumarill|190\/380
|-setboost|p2a: Azumarill|atk|6|[from] move: Belly Drum
|-enditem|p2a: Azumarill|Sitrus Berry|[eat]
|-heal|p2a: Azumarill|285\/380|[from] item: Sitrus Berry
|
|turn|2
|
|switch|p1a: Landorus-Therian|Landorus-Therian, M|328\/328
|-ability|p1a: Landorus-Therian|Intimidate|[of] p2a: Azumarill
|-unboost|p2a: Azumarill|atk|1
|move|p2a: Azumarill|Superpower|p1a: Landorus-Therian
|-resisted|p1a: Landorus-Therian
|-damage|p1a: Landorus-Therian|0 fnt
|-unboost|p2a: Azumarill|atk|1
|-unboost|p2a: Azumarill|def|1
|faint|p1a: Landorus-Therian
|
|
|switch|p1a: Magnezone|Magnezone|282\/282
|turn|3
|
|switch|p2a: Scorvol|Gliscor, F|354\/354
|move|p1a: Magnezone|Volt Switch|p2a: Scorvol
|-immune|p2a: Scorvol|[msg]
|
|-status|p2a: Scorvol|tox|[from] item: Toxic Orb
|turn|4
|
|switch|p1a: Empoleon|Empoleon, M|371\/371
|move|p2a: Scorvol|Substitute|p2a: Scorvol
|-start|p2a: Scorvol|Substitute
|-damage|p2a: Scorvol|266\/354 tox
|
|-heal|p2a: Scorvol|310\/354 tox|[from] ability: Poison Heal
|turn|5
|
|move|p2a: Scorvol|Earthquake|p1a: Empoleon
|-supereffective|p1a: Empoleon
|-damage|p1a: Empoleon|203\/371
|move|p1a: Empoleon|Stealth Rock|p2a: Scorvol
|-sidestart|p2: Giggling Grannie|move: Stealth Rock
|
|-heal|p1a: Empoleon|226\/371|[from] item: Leftovers
|-heal|p2a: Scorvol|354\/354 tox|[from] ability: Poison Heal
|turn|6
|c|âGiggling Grannie|impressive
|
|switch|p1a: Pinsir|Pinsir, F|271\/271
|move|p2a: Scorvol|Earthquake|p1a: Pinsir
|-resisted|p1a: Pinsir
|-damage|p1a: Pinsir|216\/271
|
|turn|7
|
|detailschange|p1a: Pinsir|Pinsir-Mega, F
|message|Pinsir has Mega Evolved into Mega Pinsir!
|move|p1a: Pinsir|Substitute|p1a: Pinsir
|-start|p1a: Pinsir|Substitute
|-damage|p1a: Pinsir|149\/271
|move|p2a: Scorvol|Toxic|p1a: Pinsir
|
|turn|8
|
|switch|p2a: Nails|Ferrothorn, M|352\/352
|-damage|p2a: Nails|330\/352|[from] Stealth Rock
|move|p1a: Pinsir|Return|p2a: Nails
|-damage|p2a: Nails|144\/352
|-damage|p1a: Pinsir|116\/271|[from] ability: Iron Barbs|[of] p2a: Nails
|
|-heal|p2a: Nails|166\/352|[from] item: Leftovers
|turn|9
|
|move|p1a: Pinsir|Return|p2a: Nails
|-damage|p2a: Nails|0 fnt
|-damage|p1a: Pinsir|83\/271|[from] ability: Iron Barbs|[of] p2a: Nails
|faint|p2a: Nails
|
|
|switch|p2a: Lesbian|Gothitelle, F|301\/301
|-damage|p2a: Lesbian|264\/301|[from] Stealth Rock
|turn|10
|
|move|p2a: Lesbian|Thunderbolt|p1a: Pinsir
|-supereffective|p1a: Pinsir
|-end|p1a: Pinsir|Substitute
|move|p1a: Pinsir|Return|p2a: Lesbian
|-damage|p2a: Lesbian|0 fnt
|faint|p2a: Lesbian
|
|
|switch|p2a: Azumarill|Azumarill, M|285\/380
|-damage|p2a: Azumarill|238\/380|[from] Stealth Rock
|turn|11
|
|switch|p1a: Empoleon|Empoleon, M|226\/371
|move|p2a: Azumarill|Aqua Jet|p1a: Empoleon
|-resisted|p1a: Empoleon
|-damage|p1a: Empoleon|193\/371
|
|-heal|p1a: Empoleon|216\/371|[from] item: Leftovers
|turn|12
|
|move|p2a: Azumarill|Superpower|p1a: Empoleon
|-supereffective|p1a: Empoleon
|-damage|p1a: Empoleon|0 fnt
|-unboost|p2a: Azumarill|atk|1
|-unboost|p2a: Azumarill|def|1
|faint|p1a: Empoleon
|
|
|switch|p1a: Azumarill|Azumarill, F|349\/349
|turn|13
|
|switch|p2a: Squidward|Tentacruel, F|362\/362
|-damage|p2a: Squidward|317\/362|[from] Stealth Rock
|move|p1a: Azumarill|Waterfall|p2a: Squidward
|-resisted|p2a: Squidward
|-damage|p2a: Squidward|140\/362
|
|-heal|p2a: Squidward|162\/362|[from] item: Black Sludge
|turn|14
|
|move|p2a: Squidward|Toxic Spikes|p1a: Azumarill
|-sidestart|p1: Reverb|move: Toxic Spikes
|move|p1a: Azumarill|Waterfall|p2a: Squidward
|-resisted|p2a: Squidward
|-damage|p2a: Squidward|4\/362
|
|-heal|p2a: Squidward|26\/362|[from] item: Black Sludge
|turn|15
|
|move|p2a: Squidward|Rapid Spin|p1a: Azumarill
|-damage|p1a: Azumarill|339\/349
|-sideend|p2: Giggling Grannie|Stealth Rock|[from] move: Rapid Spin|[of] p2a: Squidward
|move|p1a: Azumarill|Waterfall|p2a: Squidward
|-resisted|p2a: Squidward
|-damage|p2a: Squidward|0 fnt
|faint|p2a: Squidward
|
|
|switch|p2a: Azumarill|Azumarill, M|238\/380
|turn|16
|
|move|p2a: Azumarill|Play Rough|p1a: Azumarill|[miss]
|-miss|p2a: Azumarill|p1a: Azumarill
|move|p1a: Azumarill|Waterfall|p2a: Azumarill
|-resisted|p2a: Azumarill
|-damage|p2a: Azumarill|71\/380
|
|turn|17
|c|âGiggling Grannie|ahhh
|
|move|p2a: Azumarill|Play Rough|p1a: Azumarill
|-damage|p1a: Azumarill|113\/349
|move|p1a: Azumarill|Waterfall|p2a: Azumarill
|-resisted|p2a: Azumarill
|-damage|p2a: Azumarill|0 fnt
|faint|p2a: Azumarill
|
|
|switch|p2a: Surge|Thundurus, M|305\/305
|turn|18
|join|LoLprod
|
|move|p2a: Surge|Thunderbolt|p1a: Azumarill
|-supereffective|p1a: Azumarill
|-damage|p1a: Azumarill|0 fnt
|-damage|p2a: Surge|275\/305|[from] item: Life Orb
|faint|p1a: Azumarill
|
|
|switch|p1a: Conkeldurr|Conkeldurr, F|365\/365
|-status|p1a: Conkeldurr|psn
|turn|19
|c| LoLprod|Reverb t'es fr ?
|c|âGiggling Grannie|how yummy does that play rough miss look now
|c|âReverb|non, mais j'ai passe beaucoup de cours francais en lycee et en uni
|
|move|p2a: Surge|Thunderbolt|p1a: Conkeldurr
|-damage|p1a: Conkeldurr|217\/365 psn
|-damage|p2a: Surge|245\/305|[from] item: Life Orb
|move|p1a: Conkeldurr|Knock Off|p2a: Surge
|-crit|p2a: Surge
|-damage|p2a: Surge|0 fnt
|-enditem|p2a: Surge|Life Orb|[from] move: Knock Off|[of] p1a: Conkeldurr
|faint|p2a: Surge
|
|-damage|p1a: Conkeldurr|172\/365 psn|[from] psn
|c|âReverb|hier semestre, actuellement
|
|switch|p2a: Scorvol|Gliscor, F|354\/354 tox
|turn|20
|
|move|p2a: Scorvol|Protect|p2a: Scorvol
|-singleturn|p2a: Scorvol|Protect
|move|p1a: Conkeldurr|Knock Off|p2a: Scorvol
|-activate|p2a: Scorvol|Protect
|
|-damage|p1a: Conkeldurr|127\/365 psn|[from] psn
|turn|21
|c| LoLprod|Ok, pour avoir un avatar personnalisÃ© comme le tiens
|c| LoLprod|il faut contacter un admin ?
|join|chaos
|c|âReverb|parce que je suis un global mod
|c| LoLprod|Ah ok
|c| LoLprod|thx
|c|âReverb|dr
|c|~chaos|reverb i didnt know you were a frenchman
|
|move|p2a: Scorvol|Substitute|p2a: Scorvol
|-start|p2a: Scorvol|Substitute
|-damage|p2a: Scorvol|266\/354 tox
|move|p1a: Conkeldurr|Knock Off|p2a: Scorvol
|-end|p2a: Scorvol|Substitute
|
|-heal|p2a: Scorvol|310\/354 tox|[from] ability: Poison Heal
|-damage|p1a: Conkeldurr|82\/365 psn|[from] psn
|turn|22
|leave|LoLprod
|c|âReverb|nah just took a bunch of courses
|c|âReverb|plus i got rosetta stone lol
|
|move|p2a: Scorvol|Earthquake|p1a: Conkeldurr
|-damage|p1a: Conkeldurr|0 fnt
|faint|p1a: Conkeldurr
|
|-heal|p2a: Scorvol|354\/354 tox|[from] ability: Poison Heal
|
|switch|p1a: Pinsir|Pinsir-Mega, F|83\/271
|turn|23
|
|move|p1a: Pinsir|Substitute|p1a: Pinsir
|-start|p1a: Pinsir|Substitute
|-damage|p1a: Pinsir|16\/271
|move|p2a: Scorvol|Substitute|p2a: Scorvol
|-start|p2a: Scorvol|Substitute
|-damage|p2a: Scorvol|266\/354 tox
|
|-heal|p2a: Scorvol|310\/354 tox|[from] ability: Poison Heal
|turn|24
|
|move|p2a: Scorvol|Protect|p2a: Scorvol
|-singleturn|p2a: Scorvol|Protect
|move|p1a: Pinsir|Return|p2a: Scorvol
|-activate|p2a: Scorvol|Protect
|
|-heal|p2a: Scorvol|354\/354 tox|[from] ability: Poison Heal
|turn|25
|
|move|p1a: Pinsir|Return|p2a: Scorvol
|-end|p2a: Scorvol|Substitute
|move|p2a: Scorvol|Toxic|p1a: Pinsir
|
|turn|26
|
|move|p2a: Scorvol|Protect|p2a: Scorvol
|-singleturn|p2a: Scorvol|Protect
|move|p1a: Pinsir|Flail|p2a: Scorvol
|-activate|p2a: Scorvol|Protect
|
|turn|27
|c|~chaos|do you not have sd, hes gonna pp stall you
|c|âReverb|i have flail
|c|âGiggling Grannie|flail
|
|move|p1a: Pinsir|Flail|p2a: Scorvol
|-damage|p2a: Scorvol|99\/354 tox
|move|p2a: Scorvol|Substitute|p2a: Scorvol
|-start|p2a: Scorvol|Substitute
|-damage|p2a: Scorvol|11\/354 tox
|
|-heal|p2a: Scorvol|55\/354 tox|[from] ability: Poison Heal
|turn|28
|
|move|p2a: Scorvol|Protect|p2a: Scorvol
|-singleturn|p2a: Scorvol|Protect
|move|p1a: Pinsir|Return|p2a: Scorvol
|-activate|p2a: Scorvol|Protect
|
|-heal|p2a: Scorvol|99\/354 tox|[from] ability: Poison Heal
|turn|29
|
|move|p1a: Pinsir|Flail|p2a: Scorvol
|-end|p2a: Scorvol|Substitute
|move|p2a: Scorvol|Substitute|p2a: Scorvol
|-start|p2a: Scorvol|Substitute
|-damage|p2a: Scorvol|11\/354 tox
|
|-heal|p2a: Scorvol|55\/354 tox|[from] ability: Poison Heal
|turn|30
|
|move|p2a: Scorvol|Protect|p2a: Scorvol
|-singleturn|p2a: Scorvol|Protect
|move|p1a: Pinsir|Return|p2a: Scorvol
|-activate|p2a: Scorvol|Protect
|
|-heal|p2a: Scorvol|99\/354 tox|[from] ability: Poison Heal
|turn|31
|join|Fosen
|leave|Fosen
|
|move|p1a: Pinsir|Return|p2a: Scorvol
|-end|p2a: Scorvol|Substitute
|move|p2a: Scorvol|Substitute|p2a: Scorvol
|-start|p2a: Scorvol|Substitute
|-damage|p2a: Scorvol|11\/354 tox
|
|-heal|p2a: Scorvol|55\/354 tox|[from] ability: Poison Heal
|turn|32
|join|isamar
|
|move|p2a: Scorvol|Protect|p2a: Scorvol
|-singleturn|p2a: Scorvol|Protect
|move|p1a: Pinsir|Flail|p2a: Scorvol
|-activate|p2a: Scorvol|Protect
|
|-heal|p2a: Scorvol|99\/354 tox|[from] ability: Poison Heal
|turn|33
|
|move|p2a: Scorvol|Protect|p2a: Scorvol
|-singleturn|p2a: Scorvol|Protect
|move|p1a: Pinsir|Return|p2a: Scorvol
|-activate|p2a: Scorvol|Protect
|
|-heal|p2a: Scorvol|143\/354 tox|[from] ability: Poison Heal
|turn|34
|
|move|p1a: Pinsir|Flail|p2a: Scorvol
|-end|p2a: Scorvol|Substitute
|move|p2a: Scorvol|Substitute|p2a: Scorvol
|-start|p2a: Scorvol|Substitute
|-damage|p2a: Scorvol|55\/354 tox
|
|-heal|p2a: Scorvol|99\/354 tox|[from] ability: Poison Heal
|turn|35
|
|move|p2a: Scorvol|Protect|p2a: Scorvol
|-singleturn|p2a: Scorvol|Protect
|move|p1a: Pinsir|Return|p2a: Scorvol
|-activate|p2a: Scorvol|Protect
|
|-heal|p2a: Scorvol|143\/354 tox|[from] ability: Poison Heal
|turn|36
|
|move|p1a: Pinsir|Return|p2a: Scorvol
|-end|p2a: Scorvol|Substitute
|move|p2a: Scorvol|Substitute|p2a: Scorvol
|-start|p2a: Scorvol|Substitute
|-damage|p2a: Scorvol|55\/354 tox
|
|-heal|p2a: Scorvol|99\/354 tox|[from] ability: Poison Heal
|turn|37
|
|move|p2a: Scorvol|Protect|p2a: Scorvol
|-singleturn|p2a: Scorvol|Protect
|move|p1a: Pinsir|Return|p2a: Scorvol
|-activate|p2a: Scorvol|Protect
|
|-heal|p2a: Scorvol|143\/354 tox|[from] ability: Poison Heal
|turn|38
|leave|isamar
|c|âReverb|test
|
|move|p1a: Pinsir|Flail|p2a: Scorvol
|-end|p2a: Scorvol|Substitute
|move|p2a: Scorvol|Substitute|p2a: Scorvol
|-start|p2a: Scorvol|Substitute
|-damage|p2a: Scorvol|55\/354 tox
|
|-heal|p2a: Scorvol|99\/354 tox|[from] ability: Poison Heal
|turn|39
|
|move|p2a: Scorvol|Protect|p2a: Scorvol
|-singleturn|p2a: Scorvol|Protect
|move|p1a: Pinsir|Return|p2a: Scorvol
|-activate|p2a: Scorvol|Protect
|
|-heal|p2a: Scorvol|143\/354 tox|[from] ability: Poison Heal
|turn|40
|join|isamar
|
|move|p1a: Pinsir|Flail|p2a: Scorvol
|-crit|p2a: Scorvol
|-end|p2a: Scorvol|Substitute
|move|p2a: Scorvol|Substitute|p2a: Scorvol
|-start|p2a: Scorvol|Substitute
|-damage|p2a: Scorvol|55\/354 tox
|
|-heal|p2a: Scorvol|99\/354 tox|[from] ability: Poison Heal
|turn|41
|leave|isamar
|
|move|p2a: Scorvol|Protect|p2a: Scorvol
|-singleturn|p2a: Scorvol|Protect
|move|p1a: Pinsir|Return|p2a: Scorvol
|-activate|p2a: Scorvol|Protect
|
|-heal|p2a: Scorvol|143\/354 tox|[from] ability: Poison Heal
|turn|42
|c|~chaos|yo giggling grannie, if you're gonna pp stall, don't play another match
|c|~chaos|you are guaranteed to lose this one as sub+protect has same pp as return
|c|~chaos|and he has flail
|c|~chaos|you are basically timerstalling
|join|ThunderWolfang
|
|move|p1a: Pinsir|Return|p2a: Scorvol
|-end|p2a: Scorvol|Substitute
|move|p2a: Scorvol|Substitute|p2a: Scorvol
|-start|p2a: Scorvol|Substitute
|-damage|p2a: Scorvol|55\/354 tox
|
|-heal|p2a: Scorvol|99\/354 tox|[from] ability: Poison Heal
|turn|43
|c|âGiggling Grannie|how am i timestalling when im playing
|c|âGiggling Grannie|the spirit of the game is to keep going
|c|âGiggling Grannie|until the last breath
|c|âGiggling Grannie|its even posted on the forums
|
|move|p2a: Scorvol|Protect|p2a: Scorvol
|-singleturn|p2a: Scorvol|Protect
|move|p1a: Pinsir|Return|p2a: Scorvol
|-activate|p2a: Scorvol|Protect
|
|-heal|p2a: Scorvol|143\/354 tox|[from] ability: Poison Heal
|turn|44
|c|~chaos|you are pp stalling when you are guaranteed to lose. and you know its boring as fuck so you are playing another match in the meantime
|c| ThunderWolfang|I just got here
|c|~chaos|i wasnt asking for a clarification on the rules
|c| ThunderWolfang|And already I feel touched by Gran's words ;3;
|c|~chaos|i am telling you how its gonna be
|
|move|p1a: Pinsir|Return|p2a: Scorvol
|-end|p2a: Scorvol|Substitute
|move|p2a: Scorvol|Substitute|p2a: Scorvol
|-start|p2a: Scorvol|Substitute
|-damage|p2a: Scorvol|55\/354 tox
|
|-heal|p2a: Scorvol|99\/354 tox|[from] ability: Poison Heal
|turn|45
|c|âGiggling Grannie|i have 8 left bro
|c|âGiggling Grannie|sub and protect
|c|âGiggling Grannie|its almost over
|c|âGiggling Grannie|i dont like to quit
|c|~chaos|hurry it up then, and next time dont start another match
|
|move|p2a: Scorvol|Protect|p2a: Scorvol
|-singleturn|p2a: Scorvol|Protect
|move|p1a: Pinsir|Return|p2a: Scorvol
|-activate|p2a: Scorvol|Protect
|
|-heal|p2a: Scorvol|143\/354 tox|[from] ability: Poison Heal
|turn|46
|c|âGiggling Grannie|you mean 2 at the same time
|c|âGiggling Grannie|Ahhh 
|c|âGiggling Grannie|i understand
|
|move|p1a: Pinsir|Return|p2a: Scorvol
|-end|p2a: Scorvol|Substitute
|move|p2a: Scorvol|Substitute|p2a: Scorvol
|-start|p2a: Scorvol|Substitute
|-damage|p2a: Scorvol|55\/354 tox
|
|-heal|p2a: Scorvol|99\/354 tox|[from] ability: Poison Heal
|turn|47
|
|move|p2a: Scorvol|Protect|p2a: Scorvol
|-singleturn|p2a: Scorvol|Protect
|move|p1a: Pinsir|Return|p2a: Scorvol
|-activate|p2a: Scorvol|Protect
|
|-heal|p2a: Scorvol|143\/354 tox|[from] ability: Poison Heal
|turn|48
|
|move|p1a: Pinsir|Return|p2a: Scorvol
|-end|p2a: Scorvol|Substitute
|move|p2a: Scorvol|Substitute|p2a: Scorvol
|-start|p2a: Scorvol|Substitute
|-damage|p2a: Scorvol|55\/354 tox
|
|-heal|p2a: Scorvol|99\/354 tox|[from] ability: Poison Heal
|turn|49
|
|move|p2a: Scorvol|Protect|p2a: Scorvol
|-singleturn|p2a: Scorvol|Protect
|move|p1a: Pinsir|Return|p2a: Scorvol
|-activate|p2a: Scorvol|Protect
|
|-heal|p2a: Scorvol|143\/354 tox|[from] ability: Poison Heal
|turn|50
|join|dracollooooss
|
|move|p1a: Pinsir|Return|p2a: Scorvol
|-end|p2a: Scorvol|Substitute
|move|p2a: Scorvol|Substitute|p2a: Scorvol
|-start|p2a: Scorvol|Substitute
|-damage|p2a: Scorvol|55\/354 tox
|
|-heal|p2a: Scorvol|99\/354 tox|[from] ability: Poison Heal
|turn|51
|c| ThunderWolfang|Grab some popcorn, we're gonna be here a while o3o
|c|âGiggling Grannie|not really
|
|move|p2a: Scorvol|Protect|p2a: Scorvol
|-singleturn|p2a: Scorvol|Protect
|move|p1a: Pinsir|Return|p2a: Scorvol
|-activate|p2a: Scorvol|Protect
|
|-heal|p2a: Scorvol|143\/354 tox|[from] ability: Poison Heal
|turn|52
|
|move|p1a: Pinsir|Return|p2a: Scorvol
|-end|p2a: Scorvol|Substitute
|move|p2a: Scorvol|Substitute|p2a: Scorvol
|-start|p2a: Scorvol|Substitute
|-damage|p2a: Scorvol|55\/354 tox
|
|-heal|p2a: Scorvol|99\/354 tox|[from] ability: Poison Heal
|turn|53
|
|move|p1a: Pinsir|Return|p2a: Scorvol
|-end|p2a: Scorvol|Substitute
|move|p2a: Scorvol|Earthquake|p1a: Pinsir
|-immune|p1a: Pinsir|[msg]
|
|-heal|p2a: Scorvol|143\/354 tox|[from] ability: Poison Heal
|turn|54
|c|âReverb|gg
|
|move|p1a: Pinsir|Flail|p2a: Scorvol
|-damage|p2a: Scorvol|0 fnt
|faint|p2a: Scorvol
|
|win|Reverb
|raw|Ladder updating...
|raw|Reverb's rating: 1922 &rarr; <strong>1934<\/strong><br \/>(+12 for winning)
|raw|Giggling Grannie's rating: 1769 &rarr; <strong>1758<\/strong><br \/>(-11 for losing)