|join|Giggling Grannie
|join|herox145
|player|p1|Giggling Grannie|265
|player|p2|herox145|274
|gametype|singles
|gen|6
|tier|OU
|rated
|clearpoke
|poke|p1|Zapdos, shiny
|poke|p1|Chesnaught, M, shiny
|poke|p1|Quagsire, M, shiny
|poke|p1|Chansey, F
|poke|p1|Gengar, M
|poke|p1|Arcanine, F
|poke|p2|Tyranitar, M
|poke|p2|Greninja, F, shiny
|poke|p2|Pinsir, F, shiny
|poke|p2|Talonflame, M
|poke|p2|Excadrill, M, shiny
|poke|p2|Dragonite, F
|rule|Baton Pass Clause: Limit 3 pokemon knowing Baton Pass
|rule|Sleep Clause Mod: Limit one foe put to sleep
|rule|Species Clause: Limit one of each Pokemon
|rule|OHKO Clause: OHKO moves are banned
|rule|Moody Clause: Moody is banned
|rule|Evasion Moves Clause: Evasion moves are banned
|rule|Endless Battle Clause: Forcing endless battles is banned
|rule|HP Percentage Mod: HP is reported as percentages
|teampreview
|
|start
|switch|p1a: Zapdos|Zapdos, shiny|382\/382
|switch|p2a: Tyranitar|Tyranitar, M|341\/341
|-ability|p1a: Zapdos|Pressure
|-weather|Sandstorm
|turn|1
|
|move|p1a: Zapdos|Toxic|p2a: Tyranitar
|-status|p2a: Tyranitar|tox
|move|p2a: Tyranitar|Ice Beam|p1a: Zapdos
|-supereffective|p1a: Zapdos
|-damage|p1a: Zapdos|250\/382
|-status|p1a: Zapdos|frz
|
|-weather|Sandstorm|[upkeep]
|-damage|p1a: Zapdos|227\/382 frz|[from] sandstorm
|-heal|p1a: Zapdos|250\/382 frz|[from] item: Leftovers
|-damage|p2a: Tyranitar|320\/341 tox|[from] psn
|turn|2
|chat|Giggling Grannie|...
|
|switch|p1a: Chansey|Chansey, F|700\/700
|move|p2a: Tyranitar|Stealth Rock|p1a: Chansey
|-sidestart|p1: Giggling Grannie|move: Stealth Rock
|
|-weather|Sandstorm|[upkeep]
|-damage|p1a: Chansey|657\/700|[from] sandstorm
|-damage|p2a: Tyranitar|278\/341 tox|[from] psn
|turn|3
|
|switch|p2a: Excadrill|Excadrill, M, shiny|369\/369
|-ability|p2a: Excadrill|Mold Breaker
|move|p1a: Chansey|Heal Bell|p1a: Chansey
|-cureteam|p1a: Chansey|[from] move: HealBell
|
|-weather|Sandstorm|[upkeep]
|-damage|p1a: Chansey|614\/700|[from] sandstorm
|turn|4
|
|move|p2a: Excadrill|Rock Slide|p1a: Chansey
|-damage|p1a: Chansey|476\/700
|cant|p1a: Chansey|flinch
|
|-weather|Sandstorm|[upkeep]
|-damage|p1a: Chansey|433\/700|[from] sandstorm
|turn|5
|
|switch|p2a: Talonflame|Talonflame, M|309\/309
|switch|p1a: Cannabis|Chesnaught, M, shiny|380\/380
|-damage|p1a: Cannabis|357\/380|[from] Stealth Rock
|
|-weather|none
|-heal|p1a: Cannabis|380\/380|[from] item: Leftovers
|turn|6
|
|move|p1a: Cannabis|Spiky Shield|p1a: Cannabis
|-singleturn|p1a: Cannabis|move: Protect
|move|p2a: Talonflame|Brave Bird|p1a: Cannabis
|-activate|p1a: Cannabis|move: Protect
|-damage|p2a: Talonflame|271\/309|[from] Spiky Shield|[of] p1a: Cannabis
|
|turn|7
|
|switch|p1a: Arcanine|Arcanine, F|382\/382
|-damage|p1a: Arcanine|287\/382|[from] Stealth Rock
|-ability|p1a: Arcanine|Intimidate|[of] p2a: Talonflame
|-unboost|p2a: Talonflame|atk|1
|move|p2a: Talonflame|Brave Bird|p1a: Arcanine
|-damage|p1a: Arcanine|124\/382
|-damage|p2a: Talonflame|217\/309|[from] recoil|[of] p1a: Arcanine
|
|-heal|p1a: Arcanine|147\/382|[from] item: Leftovers
|turn|8
|-message|Giggling Grannie forfeited.
|
|win|herox145
|raw|Ladder updating...
|leave|Giggling Grannie
|player|p1
|raw|Giggling Grannie's rating: 1819 &rarr; <strong>1791<\/strong><br \/>(-28 for losing)
|raw|herox145's rating: 1679 &rarr; <strong>1707<\/strong><br \/>(+28 for winning)