|join|watch cats
|join|Giggling Grannie
|player|p1|watch cats|290
|player|p2|Giggling Grannie|69
|gametype|singles
|gen|6
|tier|OU
|rated
|clearpoke
|poke|p1|Bisharp, M
|poke|p1|Venusaur, F
|poke|p1|Heatran, F
|poke|p1|Keldeo
|poke|p1|Chansey, F
|poke|p1|Skarmory, F
|poke|p2|Gardevoir, F
|poke|p2|Mandibuzz, F, shiny
|poke|p2|Azumarill, M
|poke|p2|Snorlax, M
|poke|p2|Gengar, M
|poke|p2|Gliscor, M
|rule|Swagger Clause: Swagger is banned
|rule|Baton Pass Clause: Limit one PokÃ©mon knowing Baton Pass
|rule|Sleep Clause Mod: Limit one foe put to sleep
|rule|Species Clause: Limit one of each PokÃ©mon
|rule|OHKO Clause: OHKO moves are banned
|rule|Moody Clause: Moody is banned
|rule|Evasion Moves Clause: Evasion moves are banned
|rule|Endless Battle Clause: Forcing endless battles is banned
|rule|HP Percentage Mod: HP is shown in percentages
|teampreview
|join|i came from leddit
|join|PikachuCandyã
|c| i came from leddit|go bloody! n_n
|join|CleanerThanRotom-W
|c| i came from leddit|cleaner fren has to go
|c| CleanerThanRotom-W|bye frens :^)
|leave|CleanerThanRotom-W
|c| i came from leddit|b-by....
|
|start
|switch|p1a: MoB Harley|Heatran, F|340\/340
|switch|p2a: Gardevoir|Gardevoir, F|311\/311
|-item|p1a: MoB Harley|Air Balloon
|-ability|p2a: Gardevoir|Flash Fire|[from] ability: Trace|[of] p1a: MoB Harley
|turn|1
|c|âwatch cats|bye
|
|switch|p1a: Appreciation|Chansey, F|684\/684
|move|p2a: Gardevoir|Taunt|p1a: Appreciation
|-start|p1a: Appreciation|move: Taunt
|
|turn|2
|
|switch|p2a: Gengar|Gengar, M|264\/264
|move|p1a: Appreciation|Seismic Toss|p2a: Gengar
|-immune|p2a: Gengar|[msg]
|
|turn|3
|join|Murkrow Jupiter
|
|move|p2a: Gengar|Focus Blast|p1a: Appreciation
|-supereffective|p1a: Appreciation
|-damage|p1a: Appreciation|506\/684
|move|p1a: Appreciation|Seismic Toss|p2a: Gengar
|-immune|p2a: Gengar|[msg]
|
|turn|4
|
|switch|p2a: Gardevoir|Gardevoir, F|311\/311
|-ability|p2a: Gardevoir|Natural Cure|[from] ability: Trace|[of] p1a: Appreciation
|move|p1a: Appreciation|Seismic Toss|p2a: Gardevoir
|-damage|p2a: Gardevoir|211\/311
|
|-end|p1a: Appreciation|move: Taunt
|turn|5
|
|detailschange|p2a: Gardevoir|Gardevoir-Mega, F
|message|Gardevoir has Mega Evolved into Mega Gardevoir!
|move|p2a: Gardevoir|Psyshock|p1a: Appreciation
|-damage|p1a: Appreciation|266\/684
|move|p1a: Appreciation|Seismic Toss|p2a: Gardevoir
|-damage|p2a: Gardevoir|111\/311
|
|turn|6
|
|move|p2a: Gardevoir|Taunt|p1a: Appreciation
|-start|p1a: Appreciation|move: Taunt
|cant|p1a: Appreciation|move: Taunt|Thunder Wave
|
|turn|7
|
|move|p2a: Gardevoir|Psyshock|p1a: Appreciation
|-crit|p1a: Appreciation
|-damage|p1a: Appreciation|0 fnt
|faint|p1a: Appreciation
|
|c| i came from leddit|....
|
|switch|p1a: jake the ripper|Keldeo|323\/323
|turn|8
|
|move|p1a: jake the ripper|Scald|p2a: Gardevoir
|-damage|p2a: Gardevoir|2\/311
|-status|p2a: Gardevoir|brn
|move|p2a: Gardevoir|Hyper Voice|p1a: jake the ripper
|-supereffective|p1a: jake the ripper
|-damage|p1a: jake the ripper|0 fnt
|faint|p1a: jake the ripper
|
|-damage|p2a: Gardevoir|0 fnt|[from] brn
|faint|p2a: Gardevoir
|c| Murkrow Jupiter|sketchy play
|c| Murkrow Jupiter|lel
|
|switch|p1a: MoB Harley|Heatran, F|340\/340
|switch|p2a: Azumarill|Azumarill, M|380\/380
|-item|p1a: MoB Harley|Air Balloon
|turn|9
|
|switch|p2a: Gliscor|Gliscor, M|354\/354
|move|p1a: MoB Harley|Toxic|p2a: Gliscor
|-status|p2a: Gliscor|tox
|
|turn|10
|
|move|p1a: MoB Harley|Stealth Rock|p2a: Gliscor
|-sidestart|p2: Giggling Grannie|move: Stealth Rock
|move|p2a: Gliscor|Stone Edge|p1a: MoB Harley
|-damage|p1a: MoB Harley|280\/340
|-enditem|p1a: MoB Harley|Air Balloon
|
|turn|11
|
|switch|p1a: LT4B 1714|Venusaur, F|364\/364
|move|p2a: Gliscor|Stealth Rock|p1a: LT4B 1714
|-sidestart|p1: watch cats|move: Stealth Rock
|
|turn|12
|join|habajiga
|
|switch|p2a: Gengar|Gengar, M|264\/264
|-damage|p2a: Gengar|231\/264|[from] Stealth Rock
|detailschange|p1a: LT4B 1714|Venusaur-Mega, F
|message|Venusaur has Mega Evolved into Mega Venusaur!
|move|p1a: LT4B 1714|Giga Drain|p2a: Gengar
|-crit|p2a: Gengar
|-resisted|p2a: Gengar
|-damage|p2a: Gengar|127\/264
|
|turn|13
|
|move|p2a: Gengar|Will-O-Wisp|p1a: LT4B 1714
|-status|p1a: LT4B 1714|brn
|move|p1a: LT4B 1714|Giga Drain|p2a: Gengar
|-resisted|p2a: Gengar
|-damage|p2a: Gengar|58\/264
|
|-damage|p1a: LT4B 1714|319\/364 brn|[from] brn
|turn|14
|
|switch|p2a: Mandibuzz|Mandibuzz, F, shiny|420\/420
|-damage|p2a: Mandibuzz|315\/420|[from] Stealth Rock
|move|p1a: LT4B 1714|Giga Drain|p2a: Mandibuzz
|-resisted|p2a: Mandibuzz
|-damage|p2a: Mandibuzz|264\/420
|-heal|p1a: LT4B 1714|345\/364 brn|[from] drain|[of] p2a: Mandibuzz
|
|-heal|p2a: Mandibuzz|290\/420|[from] item: Leftovers
|-damage|p1a: LT4B 1714|300\/364 brn|[from] brn
|turn|15
|
|switch|p1a: MoB Harley|Heatran, F|280\/340
|-damage|p1a: MoB Harley|238\/340|[from] Stealth Rock
|move|p2a: Mandibuzz|Defog|p1a: MoB Harley
|-unboost|p1a: MoB Harley|evasion|1
|-sideend|p1: watch cats|Stealth Rock|[from] move: Defog|[of] p1a: MoB Harley
|-sideend|p2: Giggling Grannie|Stealth Rock|[from] move: Defog|[of] p2a: Mandibuzz
|
|-heal|p2a: Mandibuzz|316\/420|[from] item: Leftovers
|turn|16
|
|switch|p2a: Gliscor|Gliscor, M|354\/354 tox
|move|p1a: MoB Harley|Stealth Rock|p2a: Gliscor
|-sidestart|p2: Giggling Grannie|move: Stealth Rock
|
|turn|17
|
|switch|p1a: LT4B 1714|Venusaur-Mega, F|300\/364 brn
|switch|p2a: Mandibuzz|Mandibuzz, F, shiny|316\/420
|-damage|p2a: Mandibuzz|211\/420|[from] Stealth Rock
|
|-heal|p2a: Mandibuzz|237\/420|[from] item: Leftovers
|-damage|p1a: LT4B 1714|255\/364 brn|[from] brn
|turn|18
|
|move|p2a: Mandibuzz|Roost|p2a: Mandibuzz
|-heal|p2a: Mandibuzz|420\/420
|move|p1a: LT4B 1714|Leech Seed|p2a: Mandibuzz
|-start|p2a: Mandibuzz|move: Leech Seed
|
|-damage|p2a: Mandibuzz|368\/420|[from] Leech Seed|[of] p1a: LT4B 1714
|-heal|p1a: LT4B 1714|307\/364 brn|[silent]
|-damage|p1a: LT4B 1714|262\/364 brn|[from] brn
|turn|19
|
|switch|p1a: MoB Harley|Heatran, F|238\/340
|move|p2a: Mandibuzz|U-turn|p1a: MoB Harley
|-resisted|p1a: MoB Harley
|-damage|p1a: MoB Harley|231\/340
|
|switch|p2a: Gliscor|Gliscor, M|354\/354 tox
|-damage|p2a: Gliscor|310\/354 tox|[from] Stealth Rock
|
|-heal|p2a: Gliscor|354\/354 tox|[from] ability: Poison Heal
|turn|20
|
|move|p1a: MoB Harley|Fire Blast|p2a: Gliscor
|-damage|p2a: Gliscor|150\/354 tox
|move|p2a: Gliscor|Stealth Rock|p1a: MoB Harley
|-sidestart|p1: watch cats|move: Stealth Rock
|
|-heal|p2a: Gliscor|194\/354 tox|[from] ability: Poison Heal
|turn|21
|
|move|p2a: Gliscor|Protect|p2a: Gliscor
|-singleturn|p2a: Gliscor|Protect
|move|p1a: MoB Harley|Fire Blast|p2a: Gliscor
|-activate|p2a: Gliscor|Protect
|
|-heal|p2a: Gliscor|238\/354 tox|[from] ability: Poison Heal
|turn|22
|
|switch|p1a: CleanerThanRotom-W|Skarmory, F|334\/334
|-damage|p1a: CleanerThanRotom-W|293\/334|[from] Stealth Rock
|move|p2a: Gliscor|Earthquake|p1a: CleanerThanRotom-W
|-immune|p1a: CleanerThanRotom-W|[msg]
|
|-heal|p2a: Gliscor|282\/354 tox|[from] ability: Poison Heal
|turn|23
|
|switch|p2a: Mandibuzz|Mandibuzz, F, shiny|368\/420
|-damage|p2a: Mandibuzz|263\/420|[from] Stealth Rock
|move|p1a: CleanerThanRotom-W|Whirlwind|p2a: Mandibuzz
|drag|p2a: Snorlax|Snorlax, M|520\/520
|-damage|p2a: Snorlax|455\/520|[from] Stealth Rock
|
|-heal|p2a: Snorlax|487\/520|[from] item: Leftovers
|turn|24
|
|switch|p2a: Mandibuzz|Mandibuzz, F, shiny|263\/420
|-damage|p2a: Mandibuzz|158\/420|[from] Stealth Rock
|move|p1a: CleanerThanRotom-W|Spikes|p2a: Mandibuzz
|-sidestart|p2: Giggling Grannie|Spikes
|
|-heal|p2a: Mandibuzz|184\/420|[from] item: Leftovers
|turn|25
|
|move|p2a: Mandibuzz|Roost|p2a: Mandibuzz
|-heal|p2a: Mandibuzz|394\/420
|move|p1a: CleanerThanRotom-W|Whirlwind|p2a: Mandibuzz
|drag|p2a: Gliscor|Gliscor, M|282\/354 tox
|-damage|p2a: Gliscor|238\/354 tox|[from] Stealth Rock
|
|-heal|p2a: Gliscor|282\/354 tox|[from] ability: Poison Heal
|turn|26
|
|switch|p2a: Mandibuzz|Mandibuzz, F, shiny|394\/420
|-damage|p2a: Mandibuzz|289\/420|[from] Stealth Rock
|move|p1a: CleanerThanRotom-W|Spikes|p2a: Mandibuzz
|-sidestart|p2: Giggling Grannie|Spikes
|
|-heal|p2a: Mandibuzz|315\/420|[from] item: Leftovers
|turn|27
|
|switch|p1a: MoB Harley|Heatran, F|231\/340
|-damage|p1a: MoB Harley|189\/340|[from] Stealth Rock
|move|p2a: Mandibuzz|Defog|p1a: MoB Harley
|-unboost|p1a: MoB Harley|evasion|1
|-sideend|p1: watch cats|Stealth Rock|[from] move: Defog|[of] p1a: MoB Harley
|-sideend|p2: Giggling Grannie|Spikes|[from] move: Defog|[of] p2a: Mandibuzz
|-sideend|p2: Giggling Grannie|Stealth Rock|[from] move: Defog|[of] p2a: Mandibuzz
|
|-heal|p2a: Mandibuzz|341\/420|[from] item: Leftovers
|turn|28
|
|move|p1a: MoB Harley|Stealth Rock|p2a: Mandibuzz
|-sidestart|p2: Giggling Grannie|move: Stealth Rock
|move|p2a: Mandibuzz|Foul Play|p1a: MoB Harley
|-crit|p1a: MoB Harley
|-damage|p1a: MoB Harley|92\/340
|
|-heal|p2a: Mandibuzz|367\/420|[from] item: Leftovers
|turn|29
|c| i came from leddit|whats the next
|
|switch|p2a: Snorlax|Snorlax, M|487\/520
|-damage|p2a: Snorlax|422\/520|[from] Stealth Rock
|move|p1a: MoB Harley|Fire Blast|p2a: Snorlax
|-damage|p2a: Snorlax|365\/520
|-status|p2a: Snorlax|brn
|
|-heal|p2a: Snorlax|397\/520 brn|[from] item: Leftovers
|-damage|p2a: Snorlax|332\/520 brn|[from] brn
|turn|30
|
|switch|p1a: CleanerThanRotom-W|Skarmory, F|293\/334
|move|p2a: Snorlax|Rest|p2a: Snorlax
|-status|p2a: Snorlax|slp
|-heal|p2a: Snorlax|520\/520 slp|[silent]
|-status|p2a: Snorlax|slp|[from] move: Rest
|
|turn|31
|
|switch|p2a: Mandibuzz|Mandibuzz, F, shiny|367\/420
|-damage|p2a: Mandibuzz|262\/420|[from] Stealth Rock
|move|p1a: CleanerThanRotom-W|Whirlwind|p2a: Mandibuzz
|drag|p2a: Azumarill|Azumarill, M|380\/380
|-damage|p2a: Azumarill|333\/380|[from] Stealth Rock
|
|turn|32
|
|switch|p2a: Mandibuzz|Mandibuzz, F, shiny|262\/420
|-damage|p2a: Mandibuzz|157\/420|[from] Stealth Rock
|move|p1a: CleanerThanRotom-W|Spikes|p2a: Mandibuzz
|-sidestart|p2: Giggling Grannie|Spikes
|
|-heal|p2a: Mandibuzz|183\/420|[from] item: Leftovers
|turn|33
|
|switch|p1a: MoB Harley|Heatran, F|92\/340
|move|p2a: Mandibuzz|Defog|p1a: MoB Harley
|-unboost|p1a: MoB Harley|evasion|1
|-sideend|p2: Giggling Grannie|Spikes|[from] move: Defog|[of] p2a: Mandibuzz
|-sideend|p2: Giggling Grannie|Stealth Rock|[from] move: Defog|[of] p2a: Mandibuzz
|
|-heal|p2a: Mandibuzz|209\/420|[from] item: Leftovers
|turn|34
|
|move|p1a: MoB Harley|Taunt|p2a: Mandibuzz
|-start|p2a: Mandibuzz|move: Taunt
|move|p2a: Mandibuzz|Foul Play|p1a: MoB Harley
|-damage|p1a: MoB Harley|29\/340
|
|-heal|p2a: Mandibuzz|235\/420|[from] item: Leftovers
|turn|35
|
|move|p1a: MoB Harley|Stealth Rock|p2a: Mandibuzz
|-sidestart|p2: Giggling Grannie|move: Stealth Rock
|move|p2a: Mandibuzz|Foul Play|p1a: MoB Harley
|-damage|p1a: MoB Harley|0 fnt
|faint|p1a: MoB Harley
|
|-heal|p2a: Mandibuzz|261\/420|[from] item: Leftovers
|
|switch|p1a: I came from leddit|Bisharp, M|334\/334
|turn|36
|
|move|p2a: Mandibuzz|Foul Play|p1a: I came from leddit
|-resisted|p1a: I came from leddit
|-damage|p1a: I came from leddit|245\/334
|move|p1a: I came from leddit|Swords Dance|p1a: I came from leddit
|-boost|p1a: I came from leddit|atk|2
|
|-heal|p2a: Mandibuzz|287\/420|[from] item: Leftovers
|-heal|p1a: I came from leddit|265\/334|[from] item: Leftovers
|-end|p2a: Mandibuzz|move: Taunt
|turn|37
|
|move|p2a: Mandibuzz|Foul Play|p1a: I came from leddit
|-resisted|p1a: I came from leddit
|-damage|p1a: I came from leddit|94\/334
|move|p1a: I came from leddit|Iron Head|p2a: Mandibuzz
|-damage|p2a: Mandibuzz|79\/420
|
|-heal|p2a: Mandibuzz|105\/420|[from] item: Leftovers
|-heal|p1a: I came from leddit|114\/334|[from] item: Leftovers
|turn|38
|
|move|p1a: I came from leddit|Sucker Punch|p2a: Mandibuzz
|-fail|p2a: Mandibuzz
|move|p2a: Mandibuzz|Roost|p2a: Mandibuzz
|-heal|p2a: Mandibuzz|315\/420
|
|-heal|p2a: Mandibuzz|341\/420|[from] item: Leftovers
|-heal|p1a: I came from leddit|134\/334|[from] item: Leftovers
|turn|39
|c|âGiggling Grannie|never seen slowsharp
|
|switch|p1a: CleanerThanRotom-W|Skarmory, F|293\/334
|move|p2a: Mandibuzz|Foul Play|p1a: CleanerThanRotom-W
|-damage|p1a: CleanerThanRotom-W|233\/334
|-damage|p2a: Mandibuzz|271\/420|[from] item: Rocky Helmet|[of] p1a: CleanerThanRotom-W
|
|-heal|p2a: Mandibuzz|297\/420|[from] item: Leftovers
|turn|40
|
|move|p2a: Mandibuzz|Defog|p1a: CleanerThanRotom-W
|-unboost|p1a: CleanerThanRotom-W|evasion|1
|-sideend|p2: Giggling Grannie|Stealth Rock|[from] move: Defog|[of] p2a: Mandibuzz
|move|p1a: CleanerThanRotom-W|Brave Bird|p2a: Mandibuzz
|-damage|p2a: Mandibuzz|215\/420
|-damage|p1a: CleanerThanRotom-W|206\/334|[from] recoil|[of] p2a: Mandibuzz
|
|-heal|p2a: Mandibuzz|241\/420|[from] item: Leftovers
|turn|41
|
|move|p2a: Mandibuzz|Roost|p2a: Mandibuzz
|-heal|p2a: Mandibuzz|420\/420
|move|p1a: CleanerThanRotom-W|Spikes|p2a: Mandibuzz
|-sidestart|p2: Giggling Grannie|Spikes
|
|turn|42
|
|move|p2a: Mandibuzz|Defog|p1a: CleanerThanRotom-W
|-unboost|p1a: CleanerThanRotom-W|evasion|1
|-sideend|p2: Giggling Grannie|Spikes|[from] move: Defog|[of] p2a: Mandibuzz
|move|p1a: CleanerThanRotom-W|Roost|p1a: CleanerThanRotom-W
|-heal|p1a: CleanerThanRotom-W|334\/334
|
|turn|43
|
|switch|p2a: Gengar|Gengar, M|58\/264
|move|p1a: CleanerThanRotom-W|Brave Bird|p2a: Gengar
|-damage|p2a: Gengar|0 fnt
|-damage|p1a: CleanerThanRotom-W|315\/334|[from] recoil|[of] p2a: Gengar
|faint|p2a: Gengar
|
|c| i came from leddit|rekt
|c|âGiggling Grannie|jajajajaja
|c| Murkrow Jupiter|LEl
|c| Murkrow Jupiter|nb
|c|âGiggling Grannie|waddafuq
|c| Murkrow Jupiter|pro plays
|c| i came from leddit|when will murkrow uranus come out
|
|switch|p2a: Snorlax|Snorlax, M|520\/520 slp
|turn|44
|
|move|p1a: CleanerThanRotom-W|Spikes|p2a: Snorlax
|-sidestart|p2: Giggling Grannie|Spikes
|cant|p2a: Snorlax|slp
|move|p2a: Snorlax|Sleep Talk|p2a: Snorlax
|move|p2a: Snorlax|Rest|p2a: Snorlax|[from]Sleep Talk
|-fail|p2a: Snorlax
|
|turn|45
|
|move|p1a: CleanerThanRotom-W|Spikes|p2a: Snorlax
|-sidestart|p2: Giggling Grannie|Spikes
|cant|p2a: Snorlax|slp
|move|p2a: Snorlax|Sleep Talk|p2a: Snorlax
|move|p2a: Snorlax|Rest|p2a: Snorlax|[from]Sleep Talk
|-fail|p2a: Snorlax
|
|turn|46
|
|-curestatus|p2a: Snorlax|slp
|move|p2a: Snorlax|Body Slam|p1a: CleanerThanRotom-W
|-resisted|p1a: CleanerThanRotom-W
|-damage|p1a: CleanerThanRotom-W|277\/334
|-damage|p2a: Snorlax|434\/520|[from] item: Rocky Helmet|[of] p1a: CleanerThanRotom-W
|-status|p1a: CleanerThanRotom-W|par
|move|p1a: CleanerThanRotom-W|Whirlwind|p2a: Snorlax
|drag|p2a: Azumarill|Azumarill, M|333\/380
|-damage|p2a: Azumarill|270\/380|[from] Spikes
|
|turn|47
|c| i came from leddit|whats the next
|
|switch|p2a: Mandibuzz|Mandibuzz, F, shiny|420\/420
|switch|p1a: LT4B 1714|Venusaur-Mega, F|262\/364 brn
|
|-damage|p1a: LT4B 1714|217\/364 brn|[from] brn
|turn|48
|
|move|p2a: Mandibuzz|Defog|p1a: LT4B 1714
|-unboost|p1a: LT4B 1714|evasion|1
|-sideend|p2: Giggling Grannie|Spikes|[from] move: Defog|[of] p2a: Mandibuzz
|move|p1a: LT4B 1714|Leech Seed|p2a: Mandibuzz
|-start|p2a: Mandibuzz|move: Leech Seed
|
|-damage|p2a: Mandibuzz|368\/420|[from] Leech Seed|[of] p1a: LT4B 1714
|-heal|p1a: LT4B 1714|269\/364 brn|[silent]
|-damage|p1a: LT4B 1714|224\/364 brn|[from] brn
|turn|49
|
|move|p2a: Mandibuzz|U-turn|p1a: LT4B 1714
|-damage|p1a: LT4B 1714|201\/364 brn
|
|switch|p2a: Gliscor|Gliscor, M|282\/354 tox
|move|p1a: LT4B 1714|Leech Seed|p2a: Gliscor
|-start|p2a: Gliscor|move: Leech Seed
|
|-damage|p2a: Gliscor|238\/354 tox|[from] Leech Seed|[of] p1a: LT4B 1714
|-heal|p1a: LT4B 1714|245\/364 brn|[silent]
|-heal|p2a: Gliscor|282\/354 tox|[from] ability: Poison Heal
|-damage|p1a: LT4B 1714|200\/364 brn|[from] brn
|turn|50
|c| habajiga|paraflinch azu WILL come thru
|
|move|p2a: Gliscor|Stealth Rock|p1a: LT4B 1714
|-sidestart|p1: watch cats|move: Stealth Rock
|move|p1a: LT4B 1714|Giga Drain|p2a: Gliscor
|-damage|p2a: Gliscor|158\/354 tox
|-heal|p1a: LT4B 1714|262\/364 brn|[from] drain|[of] p2a: Gliscor
|
|-damage|p2a: Gliscor|114\/354 tox|[from] Leech Seed|[of] p1a: LT4B 1714
|-heal|p1a: LT4B 1714|306\/364 brn|[silent]
|-heal|p2a: Gliscor|158\/354 tox|[from] ability: Poison Heal
|-damage|p1a: LT4B 1714|261\/364 brn|[from] brn
|turn|51
|
|switch|p2a: Snorlax|Snorlax, M|434\/520
|move|p1a: LT4B 1714|Giga Drain|p2a: Snorlax
|-damage|p2a: Snorlax|361\/520
|-heal|p1a: LT4B 1714|298\/364 brn|[from] drain|[of] p2a: Snorlax
|
|-heal|p2a: Snorlax|393\/520|[from] item: Leftovers
|-damage|p1a: LT4B 1714|253\/364 brn|[from] brn
|turn|52
|
|move|p1a: LT4B 1714|Leech Seed|p2a: Snorlax
|-start|p2a: Snorlax|move: Leech Seed
|move|p2a: Snorlax|Body Slam|p1a: LT4B 1714
|-damage|p1a: LT4B 1714|180\/364 brn
|
|-heal|p2a: Snorlax|425\/520|[from] item: Leftovers
|-damage|p2a: Snorlax|360\/520|[from] Leech Seed|[of] p1a: LT4B 1714
|-heal|p1a: LT4B 1714|245\/364 brn|[silent]
|-damage|p1a: LT4B 1714|200\/364 brn|[from] brn
|turn|53
|
|move|p1a: LT4B 1714|Synthesis|p1a: LT4B 1714
|-heal|p1a: LT4B 1714|364\/364 brn
|move|p2a: Snorlax|Body Slam|p1a: LT4B 1714
|-damage|p1a: LT4B 1714|289\/364 brn
|
|-heal|p2a: Snorlax|392\/520|[from] item: Leftovers
|-damage|p2a: Snorlax|327\/520|[from] Leech Seed|[of] p1a: LT4B 1714
|-heal|p1a: LT4B 1714|354\/364 brn|[silent]
|-damage|p1a: LT4B 1714|309\/364 brn|[from] brn
|turn|54
|
|switch|p1a: CleanerThanRotom-W|Skarmory, F|277\/334 par
|-damage|p1a: CleanerThanRotom-W|236\/334 par|[from] Stealth Rock
|switch|p2a: Mandibuzz|Mandibuzz, F, shiny|368\/420
|
|-heal|p2a: Mandibuzz|394\/420|[from] item: Leftovers
|turn|55
|
|switch|p2a: Gliscor|Gliscor, M|158\/354 tox
|cant|p1a: CleanerThanRotom-W|par
|
|-heal|p2a: Gliscor|202\/354 tox|[from] ability: Poison Heal
|turn|56
|
|move|p2a: Gliscor|Stone Edge|p1a: CleanerThanRotom-W
|-damage|p1a: CleanerThanRotom-W|186\/334 par
|cant|p1a: CleanerThanRotom-W|par
|
|-heal|p2a: Gliscor|246\/354 tox|[from] ability: Poison Heal
|turn|57
|
|move|p2a: Gliscor|Stone Edge|p1a: CleanerThanRotom-W
|-damage|p1a: CleanerThanRotom-W|140\/334 par
|move|p1a: CleanerThanRotom-W|Spikes|p2a: Gliscor
|-sidestart|p2: Giggling Grannie|Spikes
|
|-heal|p2a: Gliscor|290\/354 tox|[from] ability: Poison Heal
|turn|58
|
|switch|p2a: Snorlax|Snorlax, M|327\/520
|-damage|p2a: Snorlax|262\/520|[from] Spikes
|move|p1a: CleanerThanRotom-W|Roost|p1a: CleanerThanRotom-W
|-heal|p1a: CleanerThanRotom-W|307\/334 par
|
|-heal|p2a: Snorlax|294\/520|[from] item: Leftovers
|turn|59
|
|move|p1a: CleanerThanRotom-W|Spikes|p2a: Snorlax
|-sidestart|p2: Giggling Grannie|Spikes
|move|p2a: Snorlax|Whirlwind|p1a: CleanerThanRotom-W
|drag|p1a: I came from leddit|Bisharp, M|134\/334
|-damage|p1a: I came from leddit|114\/334|[from] Stealth Rock
|
|-heal|p1a: I came from leddit|134\/334|[from] item: Leftovers
|-heal|p2a: Snorlax|326\/520|[from] item: Leftovers
|turn|60
|
|switch|p2a: Mandibuzz|Mandibuzz, F, shiny|394\/420
|move|p1a: I came from leddit|Knock Off|p2a: Mandibuzz
|-resisted|p2a: Mandibuzz
|-damage|p2a: Mandibuzz|326\/420
|-enditem|p2a: Mandibuzz|Leftovers|[from] move: Knock Off|[of] p1a: I came from leddit
|
|-heal|p1a: I came from leddit|154\/334|[from] item: Leftovers
|turn|61
|join|Swanna
|
|move|p2a: Mandibuzz|Defog|p1a: I came from leddit
|-unboost|p1a: I came from leddit|evasion|1
|-boost|p1a: I came from leddit|atk|2|[from] ability: Defiant
|-sideend|p1: watch cats|Stealth Rock|[from] move: Defog|[of] p1a: I came from leddit
|-sideend|p2: Giggling Grannie|Spikes|[from] move: Defog|[of] p2a: Mandibuzz
|move|p1a: I came from leddit|Iron Head|p2a: Mandibuzz
|-damage|p2a: Mandibuzz|122\/420
|
|-heal|p1a: I came from leddit|174\/334|[from] item: Leftovers
|turn|62
|
|move|p2a: Mandibuzz|Roost|p2a: Mandibuzz
|-heal|p2a: Mandibuzz|332\/420
|move|p1a: I came from leddit|Iron Head|p2a: Mandibuzz
|-damage|p2a: Mandibuzz|98\/420
|
|-heal|p1a: I came from leddit|194\/334|[from] item: Leftovers
|turn|63
|
|move|p2a: Mandibuzz|Roost|p2a: Mandibuzz
|-heal|p2a: Mandibuzz|308\/420
|move|p1a: I came from leddit|Iron Head|p2a: Mandibuzz
|-damage|p2a: Mandibuzz|100\/420
|
|-heal|p1a: I came from leddit|214\/334|[from] item: Leftovers
|turn|64
|
|move|p2a: Mandibuzz|Roost|p2a: Mandibuzz
|-heal|p2a: Mandibuzz|310\/420
|move|p1a: I came from leddit|Iron Head|p2a: Mandibuzz
|-damage|p2a: Mandibuzz|85\/420
|
|-heal|p1a: I came from leddit|234\/334|[from] item: Leftovers
|turn|65
|c| i came from leddit|iron head has more pp than roost
|
|move|p2a: Mandibuzz|Roost|p2a: Mandibuzz
|-heal|p2a: Mandibuzz|295\/420
|move|p1a: I came from leddit|Iron Head|p2a: Mandibuzz
|-damage|p2a: Mandibuzz|90\/420
|
|-heal|p1a: I came from leddit|254\/334|[from] item: Leftovers
|turn|66
|
|move|p2a: Mandibuzz|Roost|p2a: Mandibuzz
|-heal|p2a: Mandibuzz|300\/420
|move|p1a: I came from leddit|Iron Head|p2a: Mandibuzz
|-damage|p2a: Mandibuzz|68\/420
|
|-heal|p1a: I came from leddit|274\/334|[from] item: Leftovers
|turn|67
|
|move|p2a: Mandibuzz|Roost|p2a: Mandibuzz
|-heal|p2a: Mandibuzz|278\/420
|move|p1a: I came from leddit|Iron Head|p2a: Mandibuzz
|-damage|p2a: Mandibuzz|50\/420
|
|-heal|p1a: I came from leddit|294\/334|[from] item: Leftovers
|turn|68
|
|move|p2a: Mandibuzz|Foul Play|p1a: I came from leddit
|-resisted|p1a: I came from leddit
|-damage|p1a: I came from leddit|111\/334
|move|p1a: I came from leddit|Iron Head|p2a: Mandibuzz
|-damage|p2a: Mandibuzz|0 fnt
|faint|p2a: Mandibuzz
|
|-heal|p1a: I came from leddit|131\/334|[from] item: Leftovers
|
|switch|p2a: Gliscor|Gliscor, M|290\/354 tox
|turn|69
|c|âGiggling Grannie|well i choked this game away
|c|âGiggling Grannie|:(
|c| i came from leddit|:^)
|
|switch|p1a: CleanerThanRotom-W|Skarmory, F|307\/334 par
|move|p2a: Gliscor|Earthquake|p1a: CleanerThanRotom-W
|-immune|p1a: CleanerThanRotom-W|[msg]
|
|-heal|p2a: Gliscor|334\/354 tox|[from] ability: Poison Heal
|turn|70
|
|switch|p2a: Azumarill|Azumarill, M|270\/380
|move|p1a: CleanerThanRotom-W|Spikes|p2a: Azumarill
|-sidestart|p2: Giggling Grannie|Spikes
|
|turn|71
|
|switch|p1a: LT4B 1714|Venusaur-Mega, F|309\/364 brn
|move|p2a: Azumarill|Belly Drum|p2a: Azumarill
|-damage|p2a: Azumarill|80\/380
|-setboost|p2a: Azumarill|atk|6|[from] move: Belly Drum
|-enditem|p2a: Azumarill|Sitrus Berry|[eat]
|-heal|p2a: Azumarill|175\/380|[from] item: Sitrus Berry
|
|-damage|p1a: LT4B 1714|264\/364 brn|[from] brn
|turn|72
|
|move|p2a: Azumarill|Aqua Jet|p1a: LT4B 1714
|-resisted|p1a: LT4B 1714
|-damage|p1a: LT4B 1714|161\/364 brn
|move|p1a: LT4B 1714|Giga Drain|p2a: Azumarill
|-supereffective|p2a: Azumarill
|-damage|p2a: Azumarill|0 fnt
|-heal|p1a: LT4B 1714|249\/364 brn|[from] drain|[of] p2a: Azumarill
|faint|p2a: Azumarill
|
|-damage|p1a: LT4B 1714|204\/364 brn|[from] brn
|-message|Giggling Grannie forfeited.
|
|win|watch cats
|raw|Ladder updating...
|leave|Giggling Grannie
|player|p2
|raw|watch cats's rating: 1951 &rarr; <strong>1959<\/strong><br \/>(+8 for winning)
|raw|Giggling Grannie's rating: 1703 &rarr; <strong>1695<\/strong><br \/>(-8 for losing)
|leave|i came from leddit