|join|Giggling Grannie
|join|Kaz777
|player|p1|Giggling Grannie|265
|player|p2|Kaz777|161
|gametype|singles
|gen|6
|tier|OU
|rated
|clearpoke
|poke|p1|Gliscor, F
|poke|p1|Thundurus, M
|poke|p1|Tentacruel, F
|poke|p1|Gothitelle, F
|poke|p1|Ferrothorn, F
|poke|p1|Charizard, M
|poke|p2|Chansey, F
|poke|p2|Cresselia, F
|poke|p2|Gliscor, M
|poke|p2|Keldeo
|poke|p2|Thundurus, M
|poke|p2|Scizor, M
|rule|Sleep Clause Mod: Limit one foe put to sleep
|rule|Species Clause: Limit one of each Pokemon
|rule|OHKO Clause: OHKO moves are banned
|rule|Moody Clause: Moody is banned
|rule|Evasion Moves Clause: Evasion moves are banned
|rule|Endless Battle Clause: Forcing endless battles is banned.
|rule|HP Percentage Mod: HP is reported as percentages
|teampreview
|chat|Giggling Grannie|goodness
|join|St.Dennis
|chat|Giggling Grannie|lol i just changed my team
|join|SpewRaiNyan
|join|SpewRaiN
|
|start
|switch|p1a: Nails|Ferrothorn, F|352\/352
|switch|p2a: Fulguris|Thundurus, M|299\/299
|turn|1
|chat|St.Dennis|Mister.
|chat|SpewRaiN|wow
|
|switch|p1a: Charizard|Charizard, M|360\/360
|move|p2a: Fulguris|Nasty Plot|p2a: Fulguris
|-boost|p2a: Fulguris|spa|2
|
|turn|2
|chat|SpewRaiN|"spewrainyan"
|chat|SpewRaiN|such a copy
|chat|SpewRaiN|of my name
|chat|St.Dennis|Ladies & Gentlemen.
|chat|SpewRaiNyan|ya
|
|-formechange|p1a: Charizard|Charizard-Mega-X
|message|Charizard has Mega Evolved into Mega Charizard!
|move|p2a: Fulguris|Focus Blast|p1a: Charizard|[miss]
|-miss|p2a: Fulguris|p1a: Charizard
|move|p1a: Charizard|Dragon Dance|p1a: Charizard
|-boost|p1a: Charizard|atk|1
|-boost|p1a: Charizard|spe|1
|
|turn|3
|chat|St.Dennis|The match has begun.
|chat|SpewRaiN|amoor
|chat|SpewRaiN|a call
|chat|SpewRaiN|; (((
|
|switch|p2a: Scorvol|Gliscor, M|354\/354
|move|p1a: Charizard|Dragon Dance|p1a: Charizard
|-boost|p1a: Charizard|atk|1
|-boost|p1a: Charizard|spe|1
|
|-status|p2a: Scorvol|tox|[from] item: Toxic Orb
|turn|4
|
|move|p1a: Charizard|Dragon Claw|p2a: Scorvol
|-damage|p2a: Scorvol|143\/354 tox
|move|p2a: Scorvol|Earthquake|p1a: Charizard
|-supereffective|p1a: Charizard
|-damage|p1a: Charizard|184\/360
|
|-heal|p2a: Scorvol|187\/354 tox|[from] ability: Poison Heal
|turn|5
|chat|St.Dennis|wow
|chat|St.Dennis|Gliscor.
|chat|St.Dennis|What, he took that hit so well, What.
|
|move|p1a: Charizard|Dragon Dance|p1a: Charizard
|-boost|p1a: Charizard|atk|1
|-boost|p1a: Charizard|spe|1
|move|p2a: Scorvol|Substitute|p2a: Scorvol
|-start|p2a: Scorvol|Substitute
|-damage|p2a: Scorvol|99\/354 tox
|
|-heal|p2a: Scorvol|143\/354 tox|[from] ability: Poison Heal
|turn|6
|chat|SpewRaiN|bold moves
|chat|SpewRaiN|shows balls
|
|switch|p1a: Nails|Ferrothorn, F|352\/352
|move|p2a: Scorvol|Toxic|p1a: Nails
|-fail|p1a: Nails
|
|-heal|p2a: Scorvol|187\/354 tox|[from] ability: Poison Heal
|turn|7
|
|move|p2a: Scorvol|Earthquake|p1a: Nails
|-damage|p1a: Nails|277\/352
|move|p1a: Nails|Stealth Rock|p2a: Scorvol
|-sidestart|p2: Kaz777|move: Stealth Rock
|
|-heal|p1a: Nails|299\/352|[from] item: Leftovers
|-heal|p2a: Scorvol|231\/354 tox|[from] ability: Poison Heal
|turn|8
|chat|St.Dennis|Always
|
|switch|p1a: Scorvol|Gliscor, F|354\/354
|move|p2a: Scorvol|Earthquake|p1a: Scorvol
|-immune|p1a: Scorvol|[msg]
|
|-heal|p2a: Scorvol|275\/354 tox|[from] ability: Poison Heal
|-status|p1a: Scorvol|tox|[from] item: Toxic Orb
|turn|9
|chat|St.Dennis|Signature Kaz.
|
|switch|p2a: Cresselia|Cresselia, F|433\/433
|-damage|p2a: Cresselia|379\/433|[from] Stealth Rock
|move|p1a: Scorvol|Earthquake|p2a: Cresselia
|-immune|p2a: Cresselia|[msg]
|
|-heal|p2a: Cresselia|406\/433|[from] item: Leftovers
|turn|10
|
|switch|p1a: Squidward|Tentacruel, F|364\/364
|move|p2a: Cresselia|Ice Beam|p1a: Squidward
|-resisted|p1a: Squidward
|-damage|p1a: Squidward|345\/364
|
|-heal|p1a: Squidward|364\/364|[from] item: Black Sludge
|-heal|p2a: Cresselia|433\/433|[from] item: Leftovers
|turn|11
|chat|SpewRaiN|where's da hp ground
|chat|SpewRaiN|on that celia
|
|switch|p2a: Leveinard|Chansey, F|642\/642
|-damage|p2a: Leveinard|562\/642|[from] Stealth Rock
|move|p1a: Squidward|Toxic Spikes|p2a: Leveinard
|-sidestart|p2: Kaz777|move: Toxic Spikes
|
|turn|12
|
|move|p1a: Squidward|Scald|p2a: Leveinard
|-damage|p2a: Leveinard|519\/642
|move|p2a: Leveinard|Thunder Wave|p1a: Squidward
|-status|p1a: Squidward|par
|
|turn|13
|chat|St.Dennis|Nooo :(
|chat|St.Dennis|Squidward
|
|switch|p2a: Scorvol|Gliscor, M|275\/354 tox
|-damage|p2a: Scorvol|231\/354 tox|[from] Stealth Rock
|switch|p1a: Nails|Ferrothorn, F|299\/352
|
|-heal|p1a: Nails|321\/352|[from] item: Leftovers
|-heal|p2a: Scorvol|275\/354 tox|[from] ability: Poison Heal
|turn|14
|
|switch|p2a: Leveinard|Chansey, F|519\/642
|-status|p2a: Leveinard|psn
|-damage|p2a: Leveinard|439\/642 psn|[from] Stealth Rock
|move|p1a: Nails|Gyro Ball|p2a: Leveinard
|-damage|p2a: Leveinard|363\/642 psn
|
|-heal|p1a: Nails|343\/352|[from] item: Leftovers
|-damage|p2a: Leveinard|283\/642 psn|[from] psn
|turn|15
|join|tele style
|
|switch|p1a: SURGE|Thundurus, M|305\/305
|move|p2a: Leveinard|Soft-Boiled|p2a: Leveinard
|-heal|p2a: Leveinard|604\/642 psn
|
|-damage|p2a: Leveinard|524\/642 psn|[from] psn
|turn|16
|chat|tele style|kill that faggot kaz
|
|move|p1a: SURGE|Nasty Plot|p1a: SURGE
|-boost|p1a: SURGE|spa|2
|move|p2a: Leveinard|Stealth Rock|p1a: SURGE
|-sidestart|p1: Giggling Grannie|move: Stealth Rock
|
|-damage|p2a: Leveinard|444\/642 psn|[from] psn
|turn|17
|chat|tele style|i mean giggling
|join|Glacium
|leave|Glacium
|
|switch|p2a: Cresselia|Cresselia, F|433\/433
|-damage|p2a: Cresselia|379\/433|[from] Stealth Rock
|move|p1a: SURGE|Nasty Plot|p1a: SURGE
|-boost|p1a: SURGE|spa|2
|
|-heal|p2a: Cresselia|406\/433|[from] item: Leftovers
|turn|18
|
|move|p1a: SURGE|Taunt|p2a: Cresselia
|-start|p2a: Cresselia|move: Taunt
|cant|p2a: Cresselia|move: Taunt|Toxic
|
|-heal|p2a: Cresselia|433\/433|[from] item: Leftovers
|turn|19
|
|move|p1a: SURGE|Thunderbolt|p2a: Cresselia
|-damage|p2a: Cresselia|63\/433
|-damage|p1a: SURGE|275\/305|[from] item: Life Orb
|move|p2a: Cresselia|Ice Beam|p1a: SURGE
|-supereffective|p1a: SURGE
|-damage|p1a: SURGE|147\/305
|
|-heal|p2a: Cresselia|90\/433|[from] item: Leftovers
|turn|20
|
|move|p1a: SURGE|Thunderbolt|p2a: Cresselia
|-damage|p2a: Cresselia|0 fnt
|-damage|p1a: SURGE|117\/305|[from] item: Life Orb
|faint|p2a: Cresselia
|
|
|switch|p2a: Leveinard|Chansey, F|444\/642
|-damage|p2a: Leveinard|364\/642|[from] Stealth Rock
|-status|p2a: Leveinard|psn
|turn|21
|
|move|p1a: SURGE|Thunderbolt|p2a: Leveinard
|-damage|p2a: Leveinard|60\/642 psn
|-damage|p1a: SURGE|87\/305|[from] item: Life Orb
|move|p2a: Leveinard|Soft-Boiled|p2a: Leveinard
|-heal|p2a: Leveinard|381\/642 psn
|
|-damage|p2a: Leveinard|301\/642 psn|[from] psn
|turn|22
|
|move|p1a: SURGE|Thunderbolt|p2a: Leveinard
|-damage|p2a: Leveinard|0 fnt
|-damage|p1a: SURGE|57\/305|[from] item: Life Orb
|faint|p2a: Leveinard
|
|
|switch|p2a: Cizayox|Scizor, M|344\/344
|-damage|p2a: Cizayox|301\/344|[from] Stealth Rock
|turn|23
|
|-formechange|p2a: Cizayox|Scizor-Mega
|message|Scizor has Mega Evolved into Mega Scizor!
|move|p2a: Cizayox|Bullet Punch|p1a: SURGE
|-resisted|p1a: SURGE
|-damage|p1a: SURGE|0 fnt
|faint|p1a: SURGE
|
|
|switch|p1a: Charizard|Charizard, M|184\/360
|-formechange|p1a: Charizard|Charizard-Mega-X
|-damage|p1a: Charizard|94\/360|[from] Stealth Rock
|turn|24
|
|switch|p2a: Keldeo|Keldeo|323\/323
|-damage|p2a: Keldeo|303\/323|[from] Stealth Rock
|-status|p2a: Keldeo|psn
|move|p1a: Charizard|Roost|p1a: Charizard
|-heal|p1a: Charizard|274\/360
|
|-damage|p2a: Keldeo|263\/323 psn|[from] psn
|turn|25
|
|switch|p2a: Fulguris|Thundurus, M|299\/299
|-damage|p2a: Fulguris|225\/299|[from] Stealth Rock
|switch|p1a: Squidward|Tentacruel, F|364\/364 par
|-damage|p1a: Squidward|319\/364 par|[from] Stealth Rock
|
|-heal|p2a: Fulguris|243\/299|[from] item: Leftovers
|-heal|p1a: Squidward|341\/364 par|[from] item: Black Sludge
|turn|26
|
|move|p2a: Fulguris|Nasty Plot|p2a: Fulguris
|-boost|p2a: Fulguris|spa|2
|move|p1a: Squidward|Scald|p2a: Fulguris
|-damage|p2a: Fulguris|152\/299
|-status|p2a: Fulguris|brn
|
|-heal|p2a: Fulguris|170\/299 brn|[from] item: Leftovers
|-heal|p1a: Squidward|363\/364 par|[from] item: Black Sludge
|-damage|p2a: Fulguris|133\/299 brn|[from] brn
|turn|27
|
|move|p1a: Squidward|Protect|p1a: Squidward
|-singleturn|p1a: Squidward|Protect
|move|p2a: Fulguris|Nasty Plot|p2a: Fulguris
|-boost|p2a: Fulguris|spa|2
|
|-heal|p2a: Fulguris|151\/299 brn|[from] item: Leftovers
|-heal|p1a: Squidward|364\/364 par|[from] item: Black Sludge
|-damage|p2a: Fulguris|114\/299 brn|[from] brn
|turn|28
|leave|tele style
|
|switch|p1a: Nails|Ferrothorn, F|343\/352
|-damage|p1a: Nails|321\/352|[from] Stealth Rock
|move|p2a: Fulguris|Hidden Power|p1a: Nails
|-damage|p1a: Nails|53\/352
|
|-heal|p2a: Fulguris|132\/299 brn|[from] item: Leftovers
|-heal|p1a: Nails|75\/352|[from] item: Leftovers
|-damage|p2a: Fulguris|95\/299 brn|[from] brn
|turn|29
|
|move|p1a: Nails|Protect|p1a: Nails
|-singleturn|p1a: Nails|Protect
|move|p2a: Fulguris|Nasty Plot|p2a: Fulguris
|-boost|p2a: Fulguris|spa|2
|
|-heal|p2a: Fulguris|113\/299 brn|[from] item: Leftovers
|-heal|p1a: Nails|97\/352|[from] item: Leftovers
|-damage|p2a: Fulguris|76\/299 brn|[from] brn
|turn|30
|
|move|p1a: Nails|Protect|p1a: Nails
|-singleturn|p1a: Nails|Protect
|move|p2a: Fulguris|Hidden Power|p1a: Nails
|-activate|p1a: Nails|Protect
|
|-heal|p2a: Fulguris|94\/299 brn|[from] item: Leftovers
|-heal|p1a: Nails|119\/352|[from] item: Leftovers
|-damage|p2a: Fulguris|57\/299 brn|[from] brn
|turn|31
|
|move|p2a: Fulguris|Hidden Power|p1a: Nails
|-damage|p1a: Nails|0 fnt
|faint|p1a: Nails
|
|-heal|p2a: Fulguris|75\/299 brn|[from] item: Leftovers
|-damage|p2a: Fulguris|38\/299 brn|[from] brn
|
|switch|p1a: Barbie|Gothitelle, F|293\/293
|-damage|p1a: Barbie|257\/293|[from] Stealth Rock
|turn|32
|
|move|p1a: Barbie|Hidden Power|p2a: Fulguris
|-supereffective|p2a: Fulguris
|-damage|p2a: Fulguris|0 fnt
|faint|p2a: Fulguris
|
|
|switch|p2a: Keldeo|Keldeo|263\/323 psn
|-damage|p2a: Keldeo|243\/323 psn|[from] Stealth Rock
|turn|33
|
|switch|p1a: Squidward|Tentacruel, F|364\/364 par
|-damage|p1a: Squidward|319\/364 par|[from] Stealth Rock
|move|p2a: Keldeo|Hidden Power|p1a: Squidward
|-supereffective|p1a: Squidward
|-damage|p1a: Squidward|163\/364 par
|
|-heal|p1a: Squidward|185\/364 par|[from] item: Black Sludge
|-damage|p2a: Keldeo|203\/323 psn|[from] psn
|turn|34
|
|switch|p2a: Scorvol|Gliscor, M|275\/354 tox
|-damage|p2a: Scorvol|231\/354 tox|[from] Stealth Rock
|cant|p1a: Squidward|par
|
|-heal|p1a: Squidward|207\/364 par|[from] item: Black Sludge
|-heal|p2a: Scorvol|275\/354 tox|[from] ability: Poison Heal
|turn|35
|chat|Giggling Grannie|cmon
|
|switch|p2a: Keldeo|Keldeo|203\/323 psn
|-damage|p2a: Keldeo|183\/323 psn|[from] Stealth Rock
|switch|p1a: Barbie|Gothitelle, F|257\/293
|-damage|p1a: Barbie|221\/293|[from] Stealth Rock
|
|-damage|p2a: Keldeo|143\/323 psn|[from] psn
|turn|36
|chat|St.Dennis|I thought Double protect happened.
|
|move|p1a: Barbie|Psyshock|p2a: Keldeo
|-supereffective|p2a: Keldeo
|-damage|p2a: Keldeo|0 fnt
|faint|p2a: Keldeo
|
|chat|St.Dennis|WOW THIS BRILLIANT lag.
|
|switch|p2a: Cizayox|Scizor, M|301\/344
|-formechange|p2a: Cizayox|Scizor-Mega
|-damage|p2a: Cizayox|258\/344|[from] Stealth Rock
|turn|37
|
|switch|p1a: Charizard|Charizard, M|274\/360
|-formechange|p1a: Charizard|Charizard-Mega-X
|-damage|p1a: Charizard|184\/360|[from] Stealth Rock
|move|p2a: Cizayox|Knock Off|p1a: Charizard
|-damage|p1a: Charizard|100\/360
|
|turn|38
|
|switch|p2a: Scorvol|Gliscor, M|275\/354 tox
|-damage|p2a: Scorvol|231\/354 tox|[from] Stealth Rock
|move|p1a: Charizard|Roost|p1a: Charizard
|-heal|p1a: Charizard|280\/360
|
|-heal|p2a: Scorvol|275\/354 tox|[from] ability: Poison Heal
|turn|39
|
|switch|p1a: Scorvol|Gliscor, F|354\/354 tox
|-damage|p1a: Scorvol|310\/354 tox|[from] Stealth Rock
|switch|p2a: Cizayox|Scizor, M|258\/344
|-formechange|p2a: Cizayox|Scizor-Mega
|-damage|p2a: Cizayox|215\/344|[from] Stealth Rock
|
|-heal|p1a: Scorvol|354\/354 tox|[from] ability: Poison Heal
|turn|40
|
|switch|p1a: Charizard|Charizard, M|280\/360
|-formechange|p1a: Charizard|Charizard-Mega-X
|-damage|p1a: Charizard|190\/360|[from] Stealth Rock
|move|p2a: Cizayox|Roost|p2a: Cizayox
|-heal|p2a: Cizayox|344\/344
|
|turn|41
|
|switch|p2a: Scorvol|Gliscor, M|275\/354 tox
|-damage|p2a: Scorvol|231\/354 tox|[from] Stealth Rock
|move|p1a: Charizard|Roost|p1a: Charizard
|-heal|p1a: Charizard|360\/360
|
|-heal|p2a: Scorvol|275\/354 tox|[from] ability: Poison Heal
|turn|42
|
|switch|p1a: Scorvol|Gliscor, F|354\/354 tox
|-damage|p1a: Scorvol|310\/354 tox|[from] Stealth Rock
|move|p2a: Scorvol|Earthquake|p1a: Scorvol
|-immune|p1a: Scorvol|[msg]
|
|-heal|p1a: Scorvol|354\/354 tox|[from] ability: Poison Heal
|-heal|p2a: Scorvol|319\/354 tox|[from] ability: Poison Heal
|turn|43
|
|switch|p2a: Cizayox|Scizor, M|344\/344
|-formechange|p2a: Cizayox|Scizor-Mega
|-damage|p2a: Cizayox|301\/344|[from] Stealth Rock
|move|p1a: Scorvol|Earthquake|p2a: Cizayox
|-damage|p2a: Cizayox|222\/344
|
|turn|44
|
|switch|p1a: Charizard|Charizard, M|360\/360
|-formechange|p1a: Charizard|Charizard-Mega-X
|-damage|p1a: Charizard|270\/360|[from] Stealth Rock
|switch|p2a: Scorvol|Gliscor, M|319\/354 tox
|-damage|p2a: Scorvol|275\/354 tox|[from] Stealth Rock
|
|-heal|p2a: Scorvol|319\/354 tox|[from] ability: Poison Heal
|turn|45
|
|switch|p1a: Barbie|Gothitelle, F|221\/293
|-damage|p1a: Barbie|185\/293|[from] Stealth Rock
|switch|p2a: Cizayox|Scizor, M|222\/344
|-formechange|p2a: Cizayox|Scizor-Mega
|-damage|p2a: Cizayox|179\/344|[from] Stealth Rock
|
|turn|46
|
|switch|p1a: Charizard|Charizard, M|270\/360
|-formechange|p1a: Charizard|Charizard-Mega-X
|-damage|p1a: Charizard|180\/360|[from] Stealth Rock
|move|p2a: Cizayox|Roost|p2a: Cizayox
|-heal|p2a: Cizayox|344\/344
|
|turn|47
|
|switch|p2a: Scorvol|Gliscor, M|319\/354 tox
|-damage|p2a: Scorvol|275\/354 tox|[from] Stealth Rock
|move|p1a: Charizard|Roost|p1a: Charizard
|-heal|p1a: Charizard|360\/360
|
|-heal|p2a: Scorvol|319\/354 tox|[from] ability: Poison Heal
|turn|48
|
|switch|p1a: Scorvol|Gliscor, F|354\/354 tox
|-damage|p1a: Scorvol|310\/354 tox|[from] Stealth Rock
|move|p2a: Scorvol|Earthquake|p1a: Scorvol
|-immune|p1a: Scorvol|[msg]
|
|-heal|p1a: Scorvol|354\/354 tox|[from] ability: Poison Heal
|-heal|p2a: Scorvol|354\/354 tox|[from] ability: Poison Heal
|turn|49
|
|move|p1a: Scorvol|Earthquake|p2a: Scorvol
|-immune|p2a: Scorvol|[msg]
|move|p2a: Scorvol|Substitute|p2a: Scorvol
|-start|p2a: Scorvol|Substitute
|-damage|p2a: Scorvol|266\/354 tox
|
|-heal|p2a: Scorvol|310\/354 tox|[from] ability: Poison Heal
|turn|50
|
|switch|p2a: Cizayox|Scizor, M|344\/344
|-formechange|p2a: Cizayox|Scizor-Mega
|-damage|p2a: Cizayox|301\/344|[from] Stealth Rock
|move|p1a: Scorvol|Toxic|p2a: Cizayox
|-fail|p2a: Cizayox
|
|turn|51
|
|switch|p1a: Charizard|Charizard, M|360\/360
|-formechange|p1a: Charizard|Charizard-Mega-X
|-damage|p1a: Charizard|270\/360|[from] Stealth Rock
|switch|p2a: Scorvol|Gliscor, M|310\/354 tox
|-damage|p2a: Scorvol|266\/354 tox|[from] Stealth Rock
|
|-heal|p2a: Scorvol|310\/354 tox|[from] ability: Poison Heal
|turn|52
|
|switch|p1a: Scorvol|Gliscor, F|354\/354 tox
|-damage|p1a: Scorvol|310\/354 tox|[from] Stealth Rock
|switch|p2a: Cizayox|Scizor, M|301\/344
|-formechange|p2a: Cizayox|Scizor-Mega
|-damage|p2a: Cizayox|258\/344|[from] Stealth Rock
|
|-heal|p1a: Scorvol|354\/354 tox|[from] ability: Poison Heal
|turn|53
|
|switch|p2a: Scorvol|Gliscor, M|310\/354 tox
|-damage|p2a: Scorvol|266\/354 tox|[from] Stealth Rock
|move|p1a: Scorvol|Substitute|p1a: Scorvol
|-start|p1a: Scorvol|Substitute
|-damage|p1a: Scorvol|266\/354 tox
|
|-heal|p1a: Scorvol|310\/354 tox|[from] ability: Poison Heal
|-heal|p2a: Scorvol|310\/354 tox|[from] ability: Poison Heal
|turn|54
|chat|SpewRaiN|u were right guill
|chat|SpewRaiN|playing the stall team
|
|move|p1a: Scorvol|Earthquake|p2a: Scorvol
|-immune|p2a: Scorvol|[msg]
|move|p2a: Scorvol|Earthquake|p1a: Scorvol
|-immune|p1a: Scorvol|[msg]
|
|-heal|p1a: Scorvol|354\/354 tox|[from] ability: Poison Heal
|-heal|p2a: Scorvol|354\/354 tox|[from] ability: Poison Heal
|turn|55
|chat|SpewRaiN|would be boring
|chat|SpewRaiN|this is the real fun
|
|move|p1a: Scorvol|Earthquake|p2a: Scorvol
|-immune|p2a: Scorvol|[msg]
|move|p2a: Scorvol|Earthquake|p1a: Scorvol
|-immune|p1a: Scorvol|[msg]
|
|turn|56
|chat|St.Dennis|mhm
|
|move|p1a: Scorvol|Earthquake|p2a: Scorvol
|-immune|p2a: Scorvol|[msg]
|move|p2a: Scorvol|Toxic|p1a: Scorvol
|
|turn|57
|
|switch|p2a: Cizayox|Scizor, M|258\/344
|-formechange|p2a: Cizayox|Scizor-Mega
|-damage|p2a: Cizayox|215\/344|[from] Stealth Rock
|move|p1a: Scorvol|Toxic|p2a: Cizayox
|-fail|p2a: Cizayox
|
|turn|58
|
|switch|p1a: Squidward|Tentacruel, F|207\/364 par
|-damage|p1a: Squidward|162\/364 par|[from] Stealth Rock
|switch|p2a: Scorvol|Gliscor, M|354\/354 tox
|-damage|p2a: Scorvol|310\/354 tox|[from] Stealth Rock
|
|-heal|p1a: Squidward|184\/364 par|[from] item: Black Sludge
|-heal|p2a: Scorvol|354\/354 tox|[from] ability: Poison Heal
|turn|59
|
|switch|p2a: Cizayox|Scizor, M|215\/344
|-formechange|p2a: Cizayox|Scizor-Mega
|-damage|p2a: Cizayox|172\/344|[from] Stealth Rock
|switch|p1a: Scorvol|Gliscor, F|354\/354 tox
|-damage|p1a: Scorvol|310\/354 tox|[from] Stealth Rock
|
|-heal|p1a: Scorvol|354\/354 tox|[from] ability: Poison Heal
|turn|60
|
|switch|p1a: Squidward|Tentacruel, F|184\/364 par
|-damage|p1a: Squidward|139\/364 par|[from] Stealth Rock
|move|p2a: Cizayox|Roost|p2a: Cizayox
|-heal|p2a: Cizayox|344\/344
|
|-heal|p1a: Squidward|161\/364 par|[from] item: Black Sludge
|turn|61
|
|move|p2a: Cizayox|Knock Off|p1a: Squidward
|-damage|p1a: Squidward|0 fnt
|faint|p1a: Squidward
|
|
|switch|p1a: Charizard|Charizard, M|270\/360
|-formechange|p1a: Charizard|Charizard-Mega-X
|-damage|p1a: Charizard|180\/360|[from] Stealth Rock
|turn|62
|
|switch|p1a: Barbie|Gothitelle, F|185\/293
|-damage|p1a: Barbie|149\/293|[from] Stealth Rock
|switch|p2a: Scorvol|Gliscor, M|354\/354 tox
|-damage|p2a: Scorvol|310\/354 tox|[from] Stealth Rock
|
|-heal|p2a: Scorvol|354\/354 tox|[from] ability: Poison Heal
|turn|63
|
|move|p1a: Barbie|Hidden Power|p2a: Scorvol
|-supereffective|p2a: Scorvol
|-damage|p2a: Scorvol|70\/354 tox
|move|p2a: Scorvol|Earthquake|p1a: Barbie
|-damage|p1a: Barbie|20\/293
|
|-heal|p2a: Scorvol|114\/354 tox|[from] ability: Poison Heal
|turn|64
|
|move|p1a: Barbie|Hidden Power|p2a: Scorvol
|-supereffective|p2a: Scorvol
|-damage|p2a: Scorvol|0 fnt
|faint|p2a: Scorvol
|
|
|switch|p2a: Cizayox|Scizor, M|344\/344
|-formechange|p2a: Cizayox|Scizor-Mega
|-damage|p2a: Cizayox|301\/344|[from] Stealth Rock
|turn|65
|
|switch|p1a: Charizard|Charizard, M|180\/360
|-formechange|p1a: Charizard|Charizard-Mega-X
|-damage|p1a: Charizard|90\/360|[from] Stealth Rock
|move|p2a: Cizayox|Knock Off|p1a: Charizard
|-crit|p1a: Charizard
|-damage|p1a: Charizard|0 fnt
|faint|p1a: Charizard
|
|chat|Giggling Grannie|ur good man
|chat|Giggling Grannie|you always outplay me
|chat|Giggling Grannie|gg
|-message|Giggling Grannie forfeited.
|
|win|Kaz777
|raw|Ladder updating...
|leave|Giggling Grannie
|player|p1
|raw|Giggling Grannie's rating: 1812 &rarr; <strong>1795<\/strong><br \/>(-17 for losing)
|raw|Kaz777's rating: 1863 &rarr; <strong>1880<\/strong><br \/>(+17 for winning)
|leave|Kaz777
|player|p2
|leave|SpewRaiNyan