|join|Giggling Grannie
|join|Im Over Zealous
|player|p1|Giggling Grannie|265
|player|p2|Im Over Zealous|265
|gametype|singles
|gen|6
|tier|OU
|rated
|clearpoke
|poke|p1|Gliscor, F
|poke|p1|Thundurus, M
|poke|p1|Tentacruel, F
|poke|p1|Gothitelle, F
|poke|p1|Ferrothorn, F
|poke|p1|Charizard, M
|poke|p2|Gliscor, M
|poke|p2|Rotom-Wash
|poke|p2|Scizor, F
|poke|p2|Heatran, F
|poke|p2|Venusaur, M
|poke|p2|Gengar, F
|rule|Sleep Clause Mod: Limit one foe put to sleep
|rule|Species Clause: Limit one of each Pokemon
|rule|OHKO Clause: OHKO moves are banned
|rule|Moody Clause: Moody is banned
|rule|Evasion Moves Clause: Evasion moves are banned
|rule|Endless Battle Clause: Forcing endless battles is banned.
|rule|HP Percentage Mod: HP is reported as percentages
|teampreview
|
|start
|switch|p1a: Scorvol|Gliscor, F|354\/354
|switch|p2a: Heatran|Heatran, F|323\/323
|-item|p2a: Heatran|Air Balloon
|turn|1
|
|switch|p1a: Squidward|Tentacruel, F|364\/364
|move|p2a: Heatran|Stealth Rock|p1a: Squidward
|-sidestart|p1: Giggling Grannie|move: Stealth Rock
|
|turn|2
|
|switch|p2a: Gengar|Gengar, F|262\/262
|move|p1a: Squidward|Rapid Spin|p2a: Gengar
|-immune|p2a: Gengar|[msg]
|
|turn|3
|
|move|p2a: Gengar|Substitute|p2a: Gengar
|-start|p2a: Gengar|Substitute
|-damage|p2a: Gengar|197\/262
|move|p1a: Squidward|Scald|p2a: Gengar
|-end|p2a: Gengar|Substitute
|
|turn|4
|
|move|p2a: Gengar|Shadow Ball|p1a: Squidward
|-damage|p1a: Squidward|231\/364
|-damage|p2a: Gengar|171\/262|[from] item: Life Orb
|move|p1a: Squidward|Scald|p2a: Gengar
|-damage|p2a: Gengar|75\/262
|
|-heal|p1a: Squidward|253\/364|[from] item: Black Sludge
|turn|5
|
|move|p2a: Gengar|Pain Split|p1a: Squidward
|-sethp|p1a: Squidward|164\/364|p2a: Gengar|164\/262|[from] move: Pain Split
|move|p1a: Squidward|Rapid Spin|p2a: Gengar
|-immune|p2a: Gengar|[msg]
|
|-heal|p1a: Squidward|186\/364|[from] item: Black Sludge
|turn|6
|
|move|p1a: Squidward|Protect|p1a: Squidward
|-singleturn|p1a: Squidward|Protect
|move|p2a: Gengar|Shadow Ball|p1a: Squidward
|-activate|p1a: Squidward|Protect
|
|-heal|p1a: Squidward|208\/364|[from] item: Black Sludge
|turn|7
|
|move|p2a: Gengar|Shadow Ball|p1a: Squidward
|-damage|p1a: Squidward|64\/364
|-damage|p2a: Gengar|138\/262|[from] item: Life Orb
|move|p1a: Squidward|Scald|p2a: Gengar
|-damage|p2a: Gengar|36\/262
|
|-heal|p1a: Squidward|86\/364|[from] item: Black Sludge
|turn|8
|
|move|p1a: Squidward|Protect|p1a: Squidward
|-singleturn|p1a: Squidward|Protect
|move|p2a: Gengar|Shadow Ball|p1a: Squidward
|-activate|p1a: Squidward|Protect
|
|-heal|p1a: Squidward|108\/364|[from] item: Black Sludge
|turn|9
|
|switch|p1a: Nails|Ferrothorn, F|352\/352
|-damage|p1a: Nails|330\/352|[from] Stealth Rock
|move|p2a: Gengar|Shadow Ball|p1a: Nails
|-damage|p1a: Nails|186\/352
|-unboost|p1a: Nails|spd|1
|-damage|p2a: Gengar|10\/262|[from] item: Life Orb
|
|-heal|p1a: Nails|208\/352|[from] item: Leftovers
|turn|10
|
|move|p1a: Nails|Protect|p1a: Nails
|-singleturn|p1a: Nails|Protect
|move|p2a: Gengar|Pain Split|p1a: Nails
|-activate|p1a: Nails|Protect
|
|-heal|p1a: Nails|230\/352|[from] item: Leftovers
|turn|11
|
|move|p2a: Gengar|Pain Split|p1a: Nails
|-sethp|p1a: Nails|120\/352|p2a: Gengar|120\/262|[from] move: Pain Split
|move|p1a: Nails|Gyro Ball|p2a: Gengar
|-crit|p2a: Gengar
|-damage|p2a: Gengar|0 fnt
|faint|p2a: Gengar
|
|-heal|p1a: Nails|142\/352|[from] item: Leftovers
|
|switch|p2a: Heatran|Heatran, F|323\/323
|-item|p2a: Heatran|Air Balloon
|turn|12
|
|switch|p1a: Charizard|Charizard, M|360\/360
|-damage|p1a: Charizard|180\/360|[from] Stealth Rock
|move|p2a: Heatran|Fire Blast|p1a: Charizard
|-resisted|p1a: Charizard
|-damage|p1a: Charizard|71\/360
|
|turn|13
|
|-formechange|p1a: Charizard|Charizard-Mega-X
|message|Charizard has Mega Evolved into Mega Charizard!
|move|p2a: Heatran|Fire Blast|p1a: Charizard
|-resisted|p1a: Charizard
|-damage|p1a: Charizard|17\/360
|move|p1a: Charizard|Roost|p1a: Charizard
|-heal|p1a: Charizard|197\/360
|
|turn|14
|
|move|p2a: Heatran|Earth Power|p1a: Charizard
|-supereffective|p1a: Charizard
|-damage|p1a: Charizard|0 fnt
|faint|p1a: Charizard
|
|
|switch|p1a: SURGE|Thundurus, M|305\/305
|-damage|p1a: SURGE|229\/305|[from] Stealth Rock
|turn|15
|
|move|p1a: SURGE|Thunderbolt|p2a: Heatran
|-damage|p2a: Heatran|131\/323
|-enditem|p2a: Heatran|Air Balloon
|-damage|p1a: SURGE|199\/305|[from] item: Life Orb
|move|p2a: Heatran|Fire Blast|p1a: SURGE
|-damage|p1a: SURGE|0 fnt
|faint|p1a: SURGE
|
|
|switch|p1a: Scorvol|Gliscor, F|354\/354
|-damage|p1a: Scorvol|310\/354|[from] Stealth Rock
|turn|16
|
|switch|p2a: Rotom-Wash|Rotom-Wash|299\/299
|move|p1a: Scorvol|Protect|p1a: Scorvol
|-fail|p1a: Scorvol
|
|-status|p1a: Scorvol|tox|[from] item: Toxic Orb
|turn|17
|
|move|p1a: Scorvol|Protect|p1a: Scorvol
|-singleturn|p1a: Scorvol|Protect
|move|p2a: Rotom-Wash|Hydro Pump|p1a: Scorvol
|-activate|p1a: Scorvol|Protect
|
|-heal|p1a: Scorvol|354\/354 tox|[from] ability: Poison Heal
|turn|18
|
|switch|p1a: Nails|Ferrothorn, F|142\/352
|-damage|p1a: Nails|120\/352|[from] Stealth Rock
|move|p2a: Rotom-Wash|Hydro Pump|p1a: Nails
|-resisted|p1a: Nails
|-damage|p1a: Nails|52\/352
|
|-heal|p1a: Nails|74\/352|[from] item: Leftovers
|turn|19
|
|switch|p2a: Heatran|Heatran, F|131\/323
|move|p1a: Nails|Stealth Rock|p2a: Heatran
|-sidestart|p2: Im Over Zealous|move: Stealth Rock
|
|-heal|p1a: Nails|96\/352|[from] item: Leftovers
|turn|20
|
|move|p1a: Nails|Protect|p1a: Nails
|-singleturn|p1a: Nails|Protect
|move|p2a: Heatran|Flash Cannon|p1a: Nails
|-activate|p1a: Nails|Protect
|
|-heal|p1a: Nails|118\/352|[from] item: Leftovers
|turn|21
|
|switch|p1a: Squidward|Tentacruel, F|108\/364
|-damage|p1a: Squidward|63\/364|[from] Stealth Rock
|move|p2a: Heatran|Fire Blast|p1a: Squidward
|-resisted|p1a: Squidward
|-damage|p1a: Squidward|0 fnt
|faint|p1a: Squidward
|
|
|switch|p1a: Scorvol|Gliscor, F|354\/354 tox
|-damage|p1a: Scorvol|310\/354 tox|[from] Stealth Rock
|turn|22
|
|move|p2a: Heatran|Fire Blast|p1a: Scorvol
|-damage|p1a: Scorvol|60\/354 tox
|move|p1a: Scorvol|Earthquake|p2a: Heatran
|-supereffective|p2a: Heatran
|-damage|p2a: Heatran|0 fnt
|faint|p2a: Heatran
|
|-heal|p1a: Scorvol|104\/354 tox|[from] ability: Poison Heal
|
|switch|p2a: Venusaur|Venusaur, M|364\/364
|-damage|p2a: Venusaur|319\/364|[from] Stealth Rock
|turn|23
|
|-formechange|p2a: Venusaur|Venusaur-Mega
|message|Venusaur has Mega Evolved into Mega Venusaur!
|move|p1a: Scorvol|Protect|p1a: Scorvol
|-singleturn|p1a: Scorvol|Protect
|move|p2a: Venusaur|Giga Drain|p1a: Scorvol
|-activate|p1a: Scorvol|Protect
|
|-heal|p1a: Scorvol|148\/354 tox|[from] ability: Poison Heal
|turn|24
|
|move|p1a: Scorvol|Substitute|p1a: Scorvol
|-start|p1a: Scorvol|Substitute
|-damage|p1a: Scorvol|60\/354 tox
|move|p2a: Venusaur|Hidden Power|p1a: Scorvol
|-crit|p1a: Scorvol
|-end|p1a: Scorvol|Substitute
|
|-heal|p1a: Scorvol|104\/354 tox|[from] ability: Poison Heal
|turn|25
|
|move|p1a: Scorvol|Protect|p1a: Scorvol
|-singleturn|p1a: Scorvol|Protect
|move|p2a: Venusaur|Hidden Power|p1a: Scorvol
|-activate|p1a: Scorvol|Protect
|
|-heal|p1a: Scorvol|148\/354 tox|[from] ability: Poison Heal
|turn|26
|
|switch|p1a: Barbie|Gothitelle, F|293\/293
|-damage|p1a: Barbie|257\/293|[from] Stealth Rock
|move|p2a: Venusaur|Hidden Power|p1a: Barbie
|-damage|p1a: Barbie|190\/293
|
|turn|27
|
|move|p1a: Barbie|Psyshock|p2a: Venusaur
|-supereffective|p2a: Venusaur
|-damage|p2a: Venusaur|133\/364
|move|p2a: Venusaur|Sludge Bomb|p1a: Barbie
|-damage|p1a: Barbie|45\/293
|
|turn|28
|
|move|p1a: Barbie|Psyshock|p2a: Venusaur
|-supereffective|p2a: Venusaur
|-damage|p2a: Venusaur|0 fnt
|faint|p2a: Venusaur
|
|
|switch|p2a: Rotom-Wash|Rotom-Wash|299\/299
|-damage|p2a: Rotom-Wash|262\/299|[from] Stealth Rock
|turn|29
|
|move|p2a: Rotom-Wash|Hydro Pump|p1a: Barbie
|-crit|p1a: Barbie
|-damage|p1a: Barbie|0 fnt
|faint|p1a: Barbie
|
|
|switch|p1a: Nails|Ferrothorn, F|118\/352
|-damage|p1a: Nails|96\/352|[from] Stealth Rock
|turn|30
|
|switch|p2a: Scizor|Scizor, F|344\/344
|-damage|p2a: Scizor|301\/344|[from] Stealth Rock
|move|p1a: Nails|Leech Seed|p2a: Scizor
|-start|p2a: Scizor|move: Leech Seed
|
|-heal|p1a: Nails|118\/352|[from] item: Leftovers
|-damage|p2a: Scizor|258\/344|[from] Leech Seed|[of] p1a: Nails
|-heal|p1a: Nails|161\/352|[silent]
|turn|31
|
|move|p1a: Nails|Protect|p1a: Nails
|-singleturn|p1a: Nails|Protect
|move|p2a: Scizor|U-turn|p1a: Nails
|-activate|p1a: Nails|Protect
|
|-heal|p1a: Nails|183\/352|[from] item: Leftovers
|-damage|p2a: Scizor|215\/344|[from] Leech Seed|[of] p1a: Nails
|-heal|p1a: Nails|226\/352|[silent]
|turn|32
|
|move|p2a: Scizor|U-turn|p1a: Nails
|-damage|p1a: Nails|85\/352
|-damage|p2a: Scizor|172\/344|[from] ability: Iron Barbs|[of] p1a: Nails
|
|switch|p2a: Rotom-Wash|Rotom-Wash|262\/299
|-damage|p2a: Rotom-Wash|225\/299|[from] Stealth Rock
|move|p1a: Nails|Leech Seed|p2a: Rotom-Wash
|-start|p2a: Rotom-Wash|move: Leech Seed
|
|-heal|p1a: Nails|107\/352|[from] item: Leftovers
|-damage|p2a: Rotom-Wash|188\/299|[from] Leech Seed|[of] p1a: Nails
|-heal|p1a: Nails|144\/352|[silent]
|turn|33
|
|switch|p2a: Gliscor|Gliscor, M|353\/353
|-damage|p2a: Gliscor|309\/353|[from] Stealth Rock
|move|p1a: Nails|Protect|p1a: Nails
|-fail|p1a: Nails
|
|-heal|p1a: Nails|166\/352|[from] item: Leftovers
|-status|p2a: Gliscor|tox|[from] item: Toxic Orb
|turn|34
|
|switch|p2a: Scizor|Scizor, F|172\/344
|-damage|p2a: Scizor|129\/344|[from] Stealth Rock
|move|p1a: Nails|Protect|p1a: Nails
|-fail|p1a: Nails
|
|-heal|p1a: Nails|188\/352|[from] item: Leftovers
|turn|35
|
|move|p1a: Nails|Protect|p1a: Nails
|-singleturn|p1a: Nails|Protect
|move|p2a: Scizor|Superpower|p1a: Nails
|-activate|p1a: Nails|Protect
|
|-heal|p1a: Nails|210\/352|[from] item: Leftovers
|turn|36
|
|switch|p2a: Gliscor|Gliscor, M|309\/353 tox
|-damage|p2a: Gliscor|265\/353 tox|[from] Stealth Rock
|switch|p1a: Scorvol|Gliscor, F|148\/354 tox
|-damage|p1a: Scorvol|104\/354 tox|[from] Stealth Rock
|
|-heal|p2a: Gliscor|309\/353 tox|[from] ability: Poison Heal
|-heal|p1a: Scorvol|148\/354 tox|[from] ability: Poison Heal
|turn|37
|
|switch|p2a: Rotom-Wash|Rotom-Wash|188\/299
|-damage|p2a: Rotom-Wash|151\/299|[from] Stealth Rock
|move|p1a: Scorvol|Substitute|p1a: Scorvol
|-start|p1a: Scorvol|Substitute
|-damage|p1a: Scorvol|60\/354 tox
|
|-heal|p1a: Scorvol|104\/354 tox|[from] ability: Poison Heal
|turn|38
|
|move|p1a: Scorvol|Protect|p1a: Scorvol
|-singleturn|p1a: Scorvol|Protect
|move|p2a: Rotom-Wash|Hydro Pump|p1a: Scorvol
|-activate|p1a: Scorvol|Protect
|
|-heal|p1a: Scorvol|148\/354 tox|[from] ability: Poison Heal
|turn|39
|
|switch|p2a: Gliscor|Gliscor, M|309\/353 tox
|-damage|p2a: Gliscor|265\/353 tox|[from] Stealth Rock
|move|p1a: Scorvol|Substitute|p1a: Scorvol
|-fail|p1a: Scorvol|move: Substitute
|
|-heal|p2a: Gliscor|309\/353 tox|[from] ability: Poison Heal
|-heal|p1a: Scorvol|192\/354 tox|[from] ability: Poison Heal
|turn|40
|
|move|p2a: Gliscor|Substitute|p2a: Gliscor
|-start|p2a: Gliscor|Substitute
|-damage|p2a: Gliscor|221\/353 tox
|move|p1a: Scorvol|Earthquake|p2a: Gliscor
|-immune|p2a: Gliscor|[msg]
|
|-heal|p2a: Gliscor|265\/353 tox|[from] ability: Poison Heal
|-heal|p1a: Scorvol|236\/354 tox|[from] ability: Poison Heal
|turn|41
|
|move|p2a: Gliscor|Earthquake|p1a: Scorvol
|-immune|p1a: Scorvol|[msg]
|move|p1a: Scorvol|Toxic|p2a: Gliscor
|
|-heal|p2a: Gliscor|309\/353 tox|[from] ability: Poison Heal
|-heal|p1a: Scorvol|280\/354 tox|[from] ability: Poison Heal
|turn|42
|
|move|p2a: Gliscor|Toxic|p1a: Scorvol
|move|p1a: Scorvol|Toxic|p2a: Gliscor
|
|-heal|p2a: Gliscor|353\/353 tox|[from] ability: Poison Heal
|-heal|p1a: Scorvol|324\/354 tox|[from] ability: Poison Heal
|turn|43
|
|move|p2a: Gliscor|Toxic|p1a: Scorvol
|move|p1a: Scorvol|Toxic|p2a: Gliscor
|
|-heal|p1a: Scorvol|354\/354 tox|[from] ability: Poison Heal
|turn|44
|
|move|p2a: Gliscor|Toxic|p1a: Scorvol
|move|p1a: Scorvol|Toxic|p2a: Gliscor
|
|turn|45
|
|move|p2a: Gliscor|Toxic|p1a: Scorvol
|move|p1a: Scorvol|Toxic|p2a: Gliscor
|
|turn|46
|
|move|p2a: Gliscor|Toxic|p1a: Scorvol
|move|p1a: Scorvol|Substitute|p1a: Scorvol
|-fail|p1a: Scorvol|move: Substitute
|
|turn|47
|
|move|p2a: Gliscor|Toxic|p1a: Scorvol
|move|p1a: Scorvol|Substitute|p1a: Scorvol
|-fail|p1a: Scorvol|move: Substitute
|
|turn|48
|
|move|p2a: Gliscor|Toxic|p1a: Scorvol
|move|p1a: Scorvol|Substitute|p1a: Scorvol
|-fail|p1a: Scorvol|move: Substitute
|
|turn|49
|
|move|p2a: Gliscor|Toxic|p1a: Scorvol
|move|p1a: Scorvol|Substitute|p1a: Scorvol
|-fail|p1a: Scorvol|move: Substitute
|
|turn|50
|
|move|p2a: Gliscor|Toxic|p1a: Scorvol
|move|p1a: Scorvol|Substitute|p1a: Scorvol
|-fail|p1a: Scorvol|move: Substitute
|
|turn|51
|
|move|p2a: Gliscor|Toxic|p1a: Scorvol
|move|p1a: Scorvol|Substitute|p1a: Scorvol
|-fail|p1a: Scorvol|move: Substitute
|
|turn|52
|
|move|p2a: Gliscor|Toxic|p1a: Scorvol
|move|p1a: Scorvol|Substitute|p1a: Scorvol
|-fail|p1a: Scorvol|move: Substitute
|
|turn|53
|
|move|p2a: Gliscor|Toxic|p1a: Scorvol|[miss]
|-miss|p2a: Gliscor|p1a: Scorvol
|move|p1a: Scorvol|Substitute|p1a: Scorvol
|-fail|p1a: Scorvol|move: Substitute
|
|turn|54
|
|move|p2a: Gliscor|Toxic|p1a: Scorvol
|move|p1a: Scorvol|Toxic|p2a: Gliscor
|
|turn|55
|
|move|p1a: Scorvol|Protect|p1a: Scorvol
|-singleturn|p1a: Scorvol|Protect
|move|p2a: Gliscor|Toxic|p1a: Scorvol
|-activate|p1a: Scorvol|Protect
|
|turn|56
|
|move|p1a: Scorvol|Protect|p1a: Scorvol
|-fail|p1a: Scorvol
|move|p2a: Gliscor|Toxic|p1a: Scorvol
|
|turn|57
|
|move|p1a: Scorvol|Protect|p1a: Scorvol
|-singleturn|p1a: Scorvol|Protect
|move|p2a: Gliscor|Toxic|p1a: Scorvol
|-activate|p1a: Scorvol|Protect
|
|turn|58
|
|move|p1a: Scorvol|Protect|p1a: Scorvol
|-fail|p1a: Scorvol
|move|p2a: Gliscor|Substitute|p2a: Gliscor
|-fail|p2a: Gliscor|move: Substitute
|
|turn|59
|
|move|p2a: Gliscor|Protect|p2a: Gliscor
|-singleturn|p2a: Gliscor|Protect
|move|p1a: Scorvol|Protect|p1a: Scorvol
|-fail|p1a: Scorvol
|
|turn|60
|
|move|p1a: Scorvol|Protect|p1a: Scorvol
|-singleturn|p1a: Scorvol|Protect
|move|p2a: Gliscor|Substitute|p2a: Gliscor
|-fail|p2a: Gliscor|move: Substitute
|
|turn|61
|
|move|p2a: Gliscor|Substitute|p2a: Gliscor
|-fail|p2a: Gliscor|move: Substitute
|move|p1a: Scorvol|Toxic|p2a: Gliscor
|
|turn|62
|
|move|p2a: Gliscor|Substitute|p2a: Gliscor
|-fail|p2a: Gliscor|move: Substitute
|move|p1a: Scorvol|Substitute|p1a: Scorvol
|-fail|p1a: Scorvol|move: Substitute
|
|turn|63
|
|move|p2a: Gliscor|Protect|p2a: Gliscor
|-singleturn|p2a: Gliscor|Protect
|move|p1a: Scorvol|Protect|p1a: Scorvol
|-fail|p1a: Scorvol
|
|turn|64
|
|switch|p1a: Nails|Ferrothorn, F|210\/352
|-damage|p1a: Nails|188\/352|[from] Stealth Rock
|move|p2a: Gliscor|Substitute|p2a: Gliscor
|-fail|p2a: Gliscor|move: Substitute
|
|-heal|p1a: Nails|210\/352|[from] item: Leftovers
|turn|65
|
|move|p1a: Nails|Protect|p1a: Nails
|-singleturn|p1a: Nails|Protect
|move|p2a: Gliscor|Earthquake|p1a: Nails
|-activate|p1a: Nails|Protect
|
|-heal|p1a: Nails|232\/352|[from] item: Leftovers
|turn|66
|
|switch|p2a: Scizor|Scizor, F|129\/344
|-damage|p2a: Scizor|86\/344|[from] Stealth Rock
|switch|p1a: Scorvol|Gliscor, F|354\/354 tox
|-damage|p1a: Scorvol|310\/354 tox|[from] Stealth Rock
|
|-heal|p1a: Scorvol|354\/354 tox|[from] ability: Poison Heal
|turn|67
|
|switch|p2a: Rotom-Wash|Rotom-Wash|151\/299
|-damage|p2a: Rotom-Wash|114\/299|[from] Stealth Rock
|move|p1a: Scorvol|Substitute|p1a: Scorvol
|-start|p1a: Scorvol|Substitute
|-damage|p1a: Scorvol|266\/354 tox
|
|-heal|p1a: Scorvol|310\/354 tox|[from] ability: Poison Heal
|turn|68
|
|move|p1a: Scorvol|Protect|p1a: Scorvol
|-singleturn|p1a: Scorvol|Protect
|move|p2a: Rotom-Wash|Hydro Pump|p1a: Scorvol
|-activate|p1a: Scorvol|Protect
|
|-heal|p1a: Scorvol|354\/354 tox|[from] ability: Poison Heal
|turn|69
|
|switch|p2a: Gliscor|Gliscor, M|353\/353 tox
|-damage|p2a: Gliscor|309\/353 tox|[from] Stealth Rock
|move|p1a: Scorvol|Toxic|p2a: Gliscor
|-fail|p2a: Gliscor|tox
|
|-heal|p2a: Gliscor|353\/353 tox|[from] ability: Poison Heal
|turn|70
|
|switch|p1a: Nails|Ferrothorn, F|232\/352
|-damage|p1a: Nails|210\/352|[from] Stealth Rock
|move|p2a: Gliscor|Substitute|p2a: Gliscor
|-start|p2a: Gliscor|Substitute
|-damage|p2a: Gliscor|265\/353 tox
|
|-heal|p1a: Nails|232\/352|[from] item: Leftovers
|-heal|p2a: Gliscor|309\/353 tox|[from] ability: Poison Heal
|turn|71
|
|switch|p2a: Rotom-Wash|Rotom-Wash|114\/299
|-damage|p2a: Rotom-Wash|77\/299|[from] Stealth Rock
|move|p1a: Nails|Protect|p1a: Nails
|-fail|p1a: Nails
|
|-heal|p1a: Nails|254\/352|[from] item: Leftovers
|turn|72
|
|move|p1a: Nails|Protect|p1a: Nails
|-singleturn|p1a: Nails|Protect
|move|p2a: Rotom-Wash|Pain Split|p1a: Nails
|-activate|p1a: Nails|Protect
|
|-heal|p1a: Nails|276\/352|[from] item: Leftovers
|turn|73
|
|move|p2a: Rotom-Wash|Pain Split|p1a: Nails
|-sethp|p1a: Nails|176\/352|p2a: Rotom-Wash|176\/299|[from] move: Pain Split
|move|p1a: Nails|Leech Seed|p2a: Rotom-Wash
|-start|p2a: Rotom-Wash|move: Leech Seed
|
|-heal|p1a: Nails|198\/352|[from] item: Leftovers
|-damage|p2a: Rotom-Wash|139\/299|[from] Leech Seed|[of] p1a: Nails
|-heal|p1a: Nails|235\/352|[silent]
|turn|74
|
|switch|p2a: Gliscor|Gliscor, M|309\/353 tox
|-damage|p2a: Gliscor|265\/353 tox|[from] Stealth Rock
|move|p1a: Nails|Leech Seed|p2a: Gliscor
|-start|p2a: Gliscor|move: Leech Seed
|
|-heal|p1a: Nails|257\/352|[from] item: Leftovers
|-damage|p2a: Gliscor|221\/353 tox|[from] Leech Seed|[of] p1a: Nails
|-heal|p1a: Nails|301\/352|[silent]
|-heal|p2a: Gliscor|265\/353 tox|[from] ability: Poison Heal
|turn|75
|
|switch|p2a: Rotom-Wash|Rotom-Wash|139\/299
|-damage|p2a: Rotom-Wash|102\/299|[from] Stealth Rock
|move|p1a: Nails|Gyro Ball|p2a: Rotom-Wash
|-resisted|p2a: Rotom-Wash
|-damage|p2a: Rotom-Wash|63\/299
|
|-heal|p1a: Nails|323\/352|[from] item: Leftovers
|turn|76
|
|move|p1a: Nails|Protect|p1a: Nails
|-singleturn|p1a: Nails|Protect
|move|p2a: Rotom-Wash|Pain Split|p1a: Nails
|-activate|p1a: Nails|Protect
|
|-heal|p1a: Nails|345\/352|[from] item: Leftovers
|turn|77
|
|move|p2a: Rotom-Wash|Pain Split|p1a: Nails
|-sethp|p1a: Nails|204\/352|p2a: Rotom-Wash|204\/299|[from] move: Pain Split
|move|p1a: Nails|Leech Seed|p2a: Rotom-Wash
|-start|p2a: Rotom-Wash|move: Leech Seed
|
|-heal|p1a: Nails|226\/352|[from] item: Leftovers
|-damage|p2a: Rotom-Wash|167\/299|[from] Leech Seed|[of] p1a: Nails
|-heal|p1a: Nails|263\/352|[silent]
|turn|78
|join|SpewRaiNyan
|
|switch|p2a: Gliscor|Gliscor, M|265\/353 tox
|-damage|p2a: Gliscor|221\/353 tox|[from] Stealth Rock
|move|p1a: Nails|Leech Seed|p2a: Gliscor
|-start|p2a: Gliscor|move: Leech Seed
|
|-heal|p1a: Nails|285\/352|[from] item: Leftovers
|-damage|p2a: Gliscor|177\/353 tox|[from] Leech Seed|[of] p1a: Nails
|-heal|p1a: Nails|329\/352|[silent]
|-heal|p2a: Gliscor|221\/353 tox|[from] ability: Poison Heal
|turn|79
|
|move|p2a: Gliscor|Earthquake|p1a: Nails
|-damage|p1a: Nails|257\/352
|move|p1a: Nails|Leech Seed|p2a: Gliscor
|-fail|p2a: Gliscor
|
|-heal|p1a: Nails|279\/352|[from] item: Leftovers
|-damage|p2a: Gliscor|177\/353 tox|[from] Leech Seed|[of] p1a: Nails
|-heal|p1a: Nails|323\/352|[silent]
|-heal|p2a: Gliscor|221\/353 tox|[from] ability: Poison Heal
|turn|80
|leave|SpewRaiNyan
|
|switch|p2a: Rotom-Wash|Rotom-Wash|167\/299
|-damage|p2a: Rotom-Wash|130\/299|[from] Stealth Rock
|move|p1a: Nails|Leech Seed|p2a: Rotom-Wash
|-start|p2a: Rotom-Wash|move: Leech Seed
|
|-heal|p1a: Nails|345\/352|[from] item: Leftovers
|-damage|p2a: Rotom-Wash|93\/299|[from] Leech Seed|[of] p1a: Nails
|-heal|p1a: Nails|352\/352|[silent]
|turn|81
|
|move|p1a: Nails|Protect|p1a: Nails
|-singleturn|p1a: Nails|Protect
|move|p2a: Rotom-Wash|Trick|p1a: Nails
|-activate|p1a: Nails|Protect
|
|-damage|p2a: Rotom-Wash|56\/299|[from] Leech Seed|[of] p1a: Nails
|turn|82
|
|switch|p2a: Gliscor|Gliscor, M|221\/353 tox
|-damage|p2a: Gliscor|177\/353 tox|[from] Stealth Rock
|move|p1a: Nails|Gyro Ball|p2a: Gliscor
|-damage|p2a: Gliscor|92\/353 tox
|
|-heal|p2a: Gliscor|136\/353 tox|[from] ability: Poison Heal
|turn|83
|
|switch|p2a: Rotom-Wash|Rotom-Wash|56\/299
|-damage|p2a: Rotom-Wash|19\/299|[from] Stealth Rock
|switch|p1a: Scorvol|Gliscor, F|354\/354 tox
|-damage|p1a: Scorvol|310\/354 tox|[from] Stealth Rock
|
|-heal|p1a: Scorvol|354\/354 tox|[from] ability: Poison Heal
|turn|84
|
|move|p1a: Scorvol|Protect|p1a: Scorvol
|-singleturn|p1a: Scorvol|Protect
|move|p2a: Rotom-Wash|Pain Split|p1a: Scorvol
|-activate|p1a: Scorvol|Protect
|
|turn|85
|
|move|p2a: Rotom-Wash|Pain Split|p1a: Scorvol
|-sethp|p1a: Scorvol|186\/354 tox|p2a: Rotom-Wash|186\/299|[from] move: Pain Split
|move|p1a: Scorvol|Toxic|p2a: Rotom-Wash|[miss]
|-miss|p1a: Scorvol|p2a: Rotom-Wash
|
|-heal|p1a: Scorvol|230\/354 tox|[from] ability: Poison Heal
|turn|86
|chat|Giggling Grannie|wowzer
|
|switch|p2a: Gliscor|Gliscor, M|136\/353 tox
|-damage|p2a: Gliscor|92\/353 tox|[from] Stealth Rock
|switch|p1a: Nails|Ferrothorn, F|352\/352
|-damage|p1a: Nails|330\/352|[from] Stealth Rock
|
|-heal|p1a: Nails|352\/352|[from] item: Leftovers
|-heal|p2a: Gliscor|136\/353 tox|[from] ability: Poison Heal
|turn|87
|
|move|p2a: Gliscor|Protect|p2a: Gliscor
|-singleturn|p2a: Gliscor|Protect
|move|p1a: Nails|Gyro Ball|p2a: Gliscor
|-activate|p2a: Gliscor|Protect
|
|-heal|p2a: Gliscor|180\/353 tox|[from] ability: Poison Heal
|turn|88
|
|move|p2a: Gliscor|Substitute|p2a: Gliscor
|-start|p2a: Gliscor|Substitute
|-damage|p2a: Gliscor|92\/353 tox
|move|p1a: Nails|Leech Seed|p2a: Gliscor
|
|-heal|p2a: Gliscor|136\/353 tox|[from] ability: Poison Heal
|turn|89
|
|move|p2a: Gliscor|Protect|p2a: Gliscor
|-singleturn|p2a: Gliscor|Protect
|move|p1a: Nails|Stealth Rock|p2a: Gliscor
|-fail|p2a: Gliscor
|
|-heal|p2a: Gliscor|180\/353 tox|[from] ability: Poison Heal
|turn|90
|
|move|p2a: Gliscor|Protect|p2a: Gliscor
|-fail|p2a: Gliscor
|move|p1a: Nails|Stealth Rock|p2a: Gliscor
|-fail|p2a: Gliscor
|
|-heal|p2a: Gliscor|224\/353 tox|[from] ability: Poison Heal
|turn|91
|
|switch|p2a: Rotom-Wash|Rotom-Wash|186\/299
|-damage|p2a: Rotom-Wash|149\/299|[from] Stealth Rock
|move|p1a: Nails|Stealth Rock|p2a: Rotom-Wash
|-fail|p2a: Rotom-Wash
|
|turn|92
|join|SpewRaiNyan
|
|move|p1a: Nails|Protect|p1a: Nails
|-singleturn|p1a: Nails|Protect
|move|p2a: Rotom-Wash|Trick|p1a: Nails
|-activate|p1a: Nails|Protect
|
|turn|93
|
|move|p2a: Rotom-Wash|Trick|p1a: Nails
|-activate|p2a: Rotom-Wash|move: Trick|[of] p1a: Nails
|-item|p1a: Nails|Choice Scarf|[from] move: Trick
|-item|p2a: Rotom-Wash|Leftovers|[from] move: Trick
|move|p1a: Nails|Leech Seed|p2a: Rotom-Wash
|-start|p2a: Rotom-Wash|move: Leech Seed
|
|-heal|p2a: Rotom-Wash|167\/299|[from] item: Leftovers
|-damage|p2a: Rotom-Wash|130\/299|[from] Leech Seed|[of] p1a: Nails
|turn|94
|
|switch|p1a: Scorvol|Gliscor, F|230\/354 tox
|-damage|p1a: Scorvol|186\/354 tox|[from] Stealth Rock
|move|p2a: Rotom-Wash|Pain Split|p1a: Scorvol
|-sethp|p1a: Scorvol|158\/354 tox|p2a: Rotom-Wash|158\/299|[from] move: Pain Split
|
|-heal|p2a: Rotom-Wash|176\/299|[from] item: Leftovers
|-damage|p2a: Rotom-Wash|139\/299|[from] Leech Seed|[of] p1a: Scorvol
|-heal|p1a: Scorvol|195\/354 tox|[silent]
|-heal|p1a: Scorvol|239\/354 tox|[from] ability: Poison Heal
|turn|95
|
|switch|p2a: Gliscor|Gliscor, M|224\/353 tox
|-damage|p2a: Gliscor|180\/353 tox|[from] Stealth Rock
|move|p1a: Scorvol|Protect|p1a: Scorvol
|-fail|p1a: Scorvol
|
|-heal|p2a: Gliscor|224\/353 tox|[from] ability: Poison Heal
|-heal|p1a: Scorvol|283\/354 tox|[from] ability: Poison Heal
|turn|96
|chat|Giggling Grannie|youre out
|chat|Giggling Grannie|of hpump
|leave|SpewRaiNyan
|chat|Im Over Zealous|3 left, actually.
|chat|Giggling Grannie|nope
|chat|Giggling Grannie|i counted
|chat|Im Over Zealous|You're bad at math, Lol
|
|switch|p2a: Rotom-Wash|Rotom-Wash|139\/299
|-damage|p2a: Rotom-Wash|102\/299|[from] Stealth Rock
|switch|p1a: Nails|Ferrothorn, F|352\/352
|-damage|p1a: Nails|330\/352|[from] Stealth Rock
|
|-heal|p2a: Rotom-Wash|120\/299|[from] item: Leftovers
|turn|97
|
|move|p2a: Rotom-Wash|Pain Split|p1a: Nails
|-sethp|p1a: Nails|225\/352|p2a: Rotom-Wash|225\/299|[from] move: Pain Split
|move|p1a: Nails|Stealth Rock|p2a: Rotom-Wash
|-fail|p2a: Rotom-Wash
|
|-heal|p2a: Rotom-Wash|243\/299|[from] item: Leftovers
|turn|98
|
|move|p2a: Rotom-Wash|Volt Switch|p1a: Nails
|-resisted|p1a: Nails
|-damage|p1a: Nails|182\/352
|
|switch|p2a: Scizor|Scizor, F|86\/344
|-damage|p2a: Scizor|43\/344|[from] Stealth Rock
|move|p1a: Nails|Stealth Rock|p2a: Scizor
|-fail|p2a: Scizor
|
|turn|99
|
|switch|p1a: Scorvol|Gliscor, F|283\/354 tox
|-damage|p1a: Scorvol|239\/354 tox|[from] Stealth Rock
|move|p2a: Scizor|Superpower|p1a: Scorvol
|-resisted|p1a: Scorvol
|-damage|p1a: Scorvol|159\/354 tox
|-unboost|p2a: Scizor|atk|1
|-unboost|p2a: Scizor|def|1
|
|-heal|p1a: Scorvol|203\/354 tox|[from] ability: Poison Heal
|turn|100
|
|switch|p2a: Rotom-Wash|Rotom-Wash|243\/299
|-damage|p2a: Rotom-Wash|206\/299|[from] Stealth Rock
|move|p1a: Scorvol|Toxic|p2a: Rotom-Wash
|-status|p2a: Rotom-Wash|tox
|
|-heal|p2a: Rotom-Wash|224\/299 tox|[from] item: Leftovers
|-damage|p2a: Rotom-Wash|206\/299 tox|[from] psn
|-heal|p1a: Scorvol|247\/354 tox|[from] ability: Poison Heal
|turn|101
|
|switch|p1a: Nails|Ferrothorn, F|182\/352
|-damage|p1a: Nails|160\/352|[from] Stealth Rock
|move|p2a: Rotom-Wash|Hydro Pump|p1a: Nails
|-resisted|p1a: Nails
|-damage|p1a: Nails|91\/352
|
|-heal|p2a: Rotom-Wash|224\/299 tox|[from] item: Leftovers
|-damage|p2a: Rotom-Wash|188\/299 tox|[from] psn
|turn|102
|chat|Im Over Zealous|I hought you counted. 
|
|move|p1a: Nails|Protect|p1a: Nails
|-singleturn|p1a: Nails|Protect
|move|p2a: Rotom-Wash|Volt Switch|p1a: Nails
|-activate|p1a: Nails|Protect
|
|-heal|p2a: Rotom-Wash|206\/299 tox|[from] item: Leftovers
|-damage|p2a: Rotom-Wash|152\/299 tox|[from] psn
|turn|103
|
|move|p1a: Nails|Protect|p1a: Nails
|-fail|p1a: Nails
|move|p2a: Rotom-Wash|Hydro Pump|p1a: Nails|[miss]
|-miss|p2a: Rotom-Wash|p1a: Nails
|
|-heal|p2a: Rotom-Wash|170\/299 tox|[from] item: Leftovers
|-damage|p2a: Rotom-Wash|98\/299 tox|[from] psn
|turn|104
|
|switch|p1a: Scorvol|Gliscor, F|247\/354 tox
|-damage|p1a: Scorvol|203\/354 tox|[from] Stealth Rock
|move|p2a: Rotom-Wash|Volt Switch|p1a: Scorvol
|-immune|p1a: Scorvol|[msg]
|
|-heal|p2a: Rotom-Wash|116\/299 tox|[from] item: Leftovers
|-damage|p2a: Rotom-Wash|26\/299 tox|[from] psn
|-heal|p1a: Scorvol|247\/354 tox|[from] ability: Poison Heal
|turn|105
|
|move|p1a: Scorvol|Protect|p1a: Scorvol
|-singleturn|p1a: Scorvol|Protect
|move|p2a: Rotom-Wash|Hydro Pump|p1a: Scorvol
|-activate|p1a: Scorvol|Protect
|
|-heal|p2a: Rotom-Wash|44\/299 tox|[from] item: Leftovers
|-damage|p2a: Rotom-Wash|0 fnt|[from] psn
|-heal|p1a: Scorvol|291\/354 tox|[from] ability: Poison Heal
|faint|p2a: Rotom-Wash
|
|switch|p2a: Gliscor|Gliscor, M|224\/353 tox
|-damage|p2a: Gliscor|180\/353 tox|[from] Stealth Rock
|turn|106
|
|switch|p1a: Nails|Ferrothorn, F|91\/352
|-damage|p1a: Nails|69\/352|[from] Stealth Rock
|move|p2a: Gliscor|Substitute|p2a: Gliscor
|-start|p2a: Gliscor|Substitute
|-damage|p2a: Gliscor|92\/353 tox
|
|-heal|p2a: Gliscor|136\/353 tox|[from] ability: Poison Heal
|turn|107
|
|move|p1a: Nails|Protect|p1a: Nails
|-singleturn|p1a: Nails|Protect
|move|p2a: Gliscor|Earthquake|p1a: Nails
|-activate|p1a: Nails|Protect
|
|-heal|p2a: Gliscor|180\/353 tox|[from] ability: Poison Heal
|turn|108
|
|switch|p1a: Scorvol|Gliscor, F|291\/354 tox
|-damage|p1a: Scorvol|247\/354 tox|[from] Stealth Rock
|move|p2a: Gliscor|Earthquake|p1a: Scorvol
|-immune|p1a: Scorvol|[msg]
|
|-heal|p2a: Gliscor|224\/353 tox|[from] ability: Poison Heal
|-heal|p1a: Scorvol|291\/354 tox|[from] ability: Poison Heal
|turn|109
|
|switch|p2a: Scizor|Scizor, F|43\/344
|-damage|p2a: Scizor|0 fnt|[from] Stealth Rock
|faint|p2a: Scizor
|move|p1a: Scorvol|Toxic|p2: Scizor|[notarget]
|-notarget
|
|-heal|p1a: Scorvol|335\/354 tox|[from] ability: Poison Heal
|
|switch|p2a: Gliscor|Gliscor, M|224\/353 tox
|-damage|p2a: Gliscor|180\/353 tox|[from] Stealth Rock
|turn|110
|
|move|p2a: Gliscor|Substitute|p2a: Gliscor
|-start|p2a: Gliscor|Substitute
|-damage|p2a: Gliscor|92\/353 tox
|move|p1a: Scorvol|Toxic|p2a: Gliscor
|
|-heal|p2a: Gliscor|136\/353 tox|[from] ability: Poison Heal
|-heal|p1a: Scorvol|354\/354 tox|[from] ability: Poison Heal
|turn|111
|
|move|p2a: Gliscor|Protect|p2a: Gliscor
|-singleturn|p2a: Gliscor|Protect
|move|p1a: Scorvol|Toxic|p2a: Gliscor
|-activate|p2a: Gliscor|Protect
|
|-heal|p2a: Gliscor|180\/353 tox|[from] ability: Poison Heal
|turn|112
|
|move|p2a: Gliscor|Substitute|p2a: Gliscor
|-fail|p2a: Gliscor|move: Substitute
|move|p1a: Scorvol|Toxic|p2a: Gliscor
|
|-heal|p2a: Gliscor|224\/353 tox|[from] ability: Poison Heal
|turn|113
|
|move|p2a: Gliscor|Protect|p2a: Gliscor
|-singleturn|p2a: Gliscor|Protect
|move|p1a: Scorvol|Toxic|p2a: Gliscor
|-activate|p2a: Gliscor|Protect
|
|-heal|p2a: Gliscor|268\/353 tox|[from] ability: Poison Heal
|turn|114
|
|move|p2a: Gliscor|Protect|p2a: Gliscor
|-singleturn|p2a: Gliscor|Protect
|move|p1a: Scorvol|Toxic|p2a: Gliscor
|-activate|p2a: Gliscor|Protect
|
|-heal|p2a: Gliscor|312\/353 tox|[from] ability: Poison Heal
|turn|115
|
|move|p2a: Gliscor|Protect|p2a: Gliscor
|-fail|p2a: Gliscor
|move|p1a: Scorvol|Earthquake|p2a: Gliscor
|-immune|p2a: Gliscor|[msg]
|
|-heal|p2a: Gliscor|353\/353 tox|[from] ability: Poison Heal
|turn|116
|
|move|p2a: Gliscor|Substitute|p2a: Gliscor
|-fail|p2a: Gliscor|move: Substitute
|move|p1a: Scorvol|Earthquake|p2a: Gliscor
|-immune|p2a: Gliscor|[msg]
|
|turn|117
|
|move|p2a: Gliscor|Protect|p2a: Gliscor
|-singleturn|p2a: Gliscor|Protect
|move|p1a: Scorvol|Earthquake|p2a: Gliscor
|-immune|p2a: Gliscor|[msg]
|
|turn|118
|
|move|p2a: Gliscor|Protect|p2a: Gliscor
|-singleturn|p2a: Gliscor|Protect
|move|p1a: Scorvol|Earthquake|p2a: Gliscor
|-immune|p2a: Gliscor|[msg]
|
|turn|119
|
|move|p2a: Gliscor|Substitute|p2a: Gliscor
|-fail|p2a: Gliscor|move: Substitute
|move|p1a: Scorvol|Earthquake|p2a: Gliscor
|-immune|p2a: Gliscor|[msg]
|
|turn|120
|
|switch|p1a: Nails|Ferrothorn, F|69\/352
|-damage|p1a: Nails|47\/352|[from] Stealth Rock
|move|p2a: Gliscor|Protect|p2a: Gliscor
|-fail|p2a: Gliscor
|
|turn|121
|
|move|p1a: Nails|Protect|p1a: Nails
|-singleturn|p1a: Nails|Protect
|move|p2a: Gliscor|Earthquake|p1a: Nails
|-activate|p1a: Nails|Protect
|
|turn|122
|
|switch|p1a: Scorvol|Gliscor, F|354\/354 tox
|-damage|p1a: Scorvol|310\/354 tox|[from] Stealth Rock
|move|p2a: Gliscor|Protect|p2a: Gliscor
|-fail|p2a: Gliscor
|
|-heal|p1a: Scorvol|354\/354 tox|[from] ability: Poison Heal
|turn|123
|
|move|p2a: Gliscor|Earthquake|p1a: Scorvol
|-immune|p1a: Scorvol|[msg]
|move|p1a: Scorvol|Earthquake|p2a: Gliscor
|-immune|p2a: Gliscor|[msg]
|
|turn|124
|
|move|p2a: Gliscor|Substitute|p2a: Gliscor
|-fail|p2a: Gliscor|move: Substitute
|move|p1a: Scorvol|Earthquake|p2a: Gliscor
|-immune|p2a: Gliscor|[msg]
|
|turn|125
|
|move|p2a: Gliscor|Protect|p2a: Gliscor
|-singleturn|p2a: Gliscor|Protect
|move|p1a: Scorvol|Earthquake|p2a: Gliscor
|-immune|p2a: Gliscor|[msg]
|
|turn|126
|
|move|p2a: Gliscor|Earthquake|p1a: Scorvol
|-immune|p1a: Scorvol|[msg]
|move|p1a: Scorvol|Earthquake|p2a: Gliscor
|-immune|p2a: Gliscor|[msg]
|
|turn|127
|join|GabrielT
|
|move|p2a: Gliscor|Substitute|p2a: Gliscor
|-fail|p2a: Gliscor|move: Substitute
|move|p1a: Scorvol|Substitute|p1a: Scorvol
|-start|p1a: Scorvol|Substitute
|-damage|p1a: Scorvol|266\/354 tox
|
|-heal|p1a: Scorvol|310\/354 tox|[from] ability: Poison Heal
|turn|128
|
|move|p2a: Gliscor|Protect|p2a: Gliscor
|-singleturn|p2a: Gliscor|Protect
|move|p1a: Scorvol|Substitute|p1a: Scorvol
|-fail|p1a: Scorvol|move: Substitute
|
|-heal|p1a: Scorvol|354\/354 tox|[from] ability: Poison Heal
|turn|129
|
|move|p2a: Gliscor|Protect|p2a: Gliscor
|-fail|p2a: Gliscor
|move|p1a: Scorvol|Substitute|p1a: Scorvol
|-fail|p1a: Scorvol|move: Substitute
|
|turn|130
|
|move|p2a: Gliscor|Substitute|p2a: Gliscor
|-fail|p2a: Gliscor|move: Substitute
|move|p1a: Scorvol|Earthquake|p2a: Gliscor
|-immune|p2a: Gliscor|[msg]
|
|turn|131
|
|switch|p1a: Nails|Ferrothorn, F|47\/352
|-damage|p1a: Nails|25\/352|[from] Stealth Rock
|move|p2a: Gliscor|Earthquake|p1a: Nails
|-damage|p1a: Nails|0 fnt
|faint|p1a: Nails
|
|
|switch|p1a: Scorvol|Gliscor, F|354\/354 tox
|-damage|p1a: Scorvol|310\/354 tox|[from] Stealth Rock
|turn|132
|
|move|p2a: Gliscor|Earthquake|p1a: Scorvol
|-immune|p1a: Scorvol|[msg]
|move|p1a: Scorvol|Earthquake|p2a: Gliscor
|-immune|p2a: Gliscor|[msg]
|
|-heal|p1a: Scorvol|354\/354 tox|[from] ability: Poison Heal
|turn|133
|
|move|p2a: Gliscor|Earthquake|p1a: Scorvol
|-immune|p1a: Scorvol|[msg]
|move|p1a: Scorvol|Earthquake|p2a: Gliscor
|-immune|p2a: Gliscor|[msg]
|
|turn|134
|
|move|p2a: Gliscor|Earthquake|p1a: Scorvol
|-immune|p1a: Scorvol|[msg]
|move|p1a: Scorvol|Earthquake|p2a: Gliscor
|-immune|p2a: Gliscor|[msg]
|
|turn|135
|
|move|p2a: Gliscor|Earthquake|p1a: Scorvol
|-immune|p1a: Scorvol|[msg]
|move|p1a: Scorvol|Earthquake|p2a: Gliscor
|-immune|p2a: Gliscor|[msg]
|
|turn|136
|
|move|p2a: Gliscor|Earthquake|p1a: Scorvol
|-immune|p1a: Scorvol|[msg]
|-activate|p1a: Scorvol|move: Struggle
|move|p1a: Scorvol|Struggle|p2a: Gliscor
|-activate|p2a: Gliscor|Substitute|[damage]
|-damage|p1a: Scorvol|266\/354 tox
|
|-heal|p1a: Scorvol|310\/354 tox|[from] ability: Poison Heal
|turn|137
|chat|Giggling Grannie|how many eqs u had left?
|
|move|p2a: Gliscor|Earthquake|p1a: Scorvol
|-immune|p1a: Scorvol|[msg]
|-activate|p1a: Scorvol|move: Struggle
|move|p1a: Scorvol|Struggle|p2a: Gliscor
|-activate|p2a: Gliscor|Substitute|[damage]
|-damage|p1a: Scorvol|222\/354 tox
|
|-heal|p1a: Scorvol|266\/354 tox|[from] ability: Poison Heal
|turn|138
|chat|Im Over Zealous|Enough. L
|
|move|p2a: Gliscor|Earthquake|p1a: Scorvol
|-immune|p1a: Scorvol|[msg]
|-activate|p1a: Scorvol|move: Struggle
|move|p1a: Scorvol|Struggle|p2a: Gliscor
|-activate|p2a: Gliscor|Substitute|[damage]
|-damage|p1a: Scorvol|178\/354 tox
|
|-heal|p1a: Scorvol|222\/354 tox|[from] ability: Poison Heal
|turn|139
|
|-activate|p2a: Gliscor|move: Struggle
|move|p2a: Gliscor|Struggle|p1a: Scorvol
|-damage|p1a: Scorvol|198\/354 tox
|-damage|p2a: Gliscor|265\/353 tox
|-activate|p1a: Scorvol|move: Struggle
|move|p1a: Scorvol|Struggle|p2a: Gliscor
|-end|p2a: Gliscor|Substitute
|-damage|p1a: Scorvol|110\/354 tox
|
|-heal|p2a: Gliscor|309\/353 tox|[from] ability: Poison Heal
|-heal|p1a: Scorvol|154\/354 tox|[from] ability: Poison Heal
|turn|140
|
|-activate|p2a: Gliscor|move: Struggle
|move|p2a: Gliscor|Struggle|p1a: Scorvol
|-crit|p1a: Scorvol
|-damage|p1a: Scorvol|115\/354 tox
|-damage|p2a: Gliscor|221\/353 tox
|-activate|p1a: Scorvol|move: Struggle
|move|p1a: Scorvol|Struggle|p2a: Gliscor
|-damage|p2a: Gliscor|192\/353 tox
|-damage|p1a: Scorvol|27\/354 tox
|
|-heal|p2a: Gliscor|236\/353 tox|[from] ability: Poison Heal
|-heal|p1a: Scorvol|71\/354 tox|[from] ability: Poison Heal
|turn|141
|chat|Im Over Zealous|Crit Struggle.
|
|-activate|p2a: Gliscor|move: Struggle
|move|p2a: Gliscor|Struggle|p1a: Scorvol
|-damage|p1a: Scorvol|46\/354 tox
|-damage|p2a: Gliscor|148\/353 tox
|-activate|p1a: Scorvol|move: Struggle
|move|p1a: Scorvol|Struggle|p2a: Gliscor
|-damage|p2a: Gliscor|121\/353 tox
|-damage|p1a: Scorvol|0 fnt
|faint|p1a: Scorvol
|
|win|Im Over Zealous
|raw|Ladder updating...
|raw|Giggling Grannie's rating: 1795 &rarr; <strong>1768<\/strong><br \/>(-27 for losing)
|raw|Im Over Zealous's rating: 1667 &rarr; <strong>1694<\/strong><br \/>(+27 for winning)
|leave|Giggling Grannie
|player|p1
|chat|Im Over Zealous|Annnnd Cya.
|leave|GabrielT
|join|GabrielT
|leave|GabrielT