|join|Giggling Grannie
|join|done with le lader
|player|p1|Giggling Grannie|101
|player|p2|done with le lader|91
|gametype|singles
|gen|6
|tier|OU
|rated
|clearpoke
|poke|p1|Volcarona, F
|poke|p1|Donphan, M
|poke|p1|Chansey, F
|poke|p1|Azumarill, F
|poke|p1|Gengar, M
|poke|p1|Mandibuzz, F, shiny
|poke|p2|Quagsire, M
|poke|p2|Zapdos
|poke|p2|Charizard, F
|poke|p2|Bisharp, M
|poke|p2|Ferrothorn, M
|poke|p2|Clefable, M
|rule|Baton Pass Clause: Limit 3 pokemon knowing Baton Pass
|rule|Sleep Clause Mod: Limit one foe put to sleep
|rule|Species Clause: Limit one of each Pokemon
|rule|OHKO Clause: OHKO moves are banned
|rule|Moody Clause: Moody is banned
|rule|Evasion Moves Clause: Evasion moves are banned
|rule|Endless Battle Clause: Forcing endless battles is banned
|rule|HP Percentage Mod: HP is reported as percentages
|teampreview
|chat|done with le lader|hi, gl hf
|
|start
|switch|p1a: Wonka|Gengar, M|264\/264
|switch|p2a: >:OOOO|Charizard, F|359\/359
|turn|1
|join|G Herbo
|
|detailschange|p2a: >:OOOO|Charizard-Mega-X, F
|message|Charizard has Mega Evolved into Mega Charizard!
|move|p1a: Wonka|Substitute|p1a: Wonka
|-start|p1a: Wonka|Substitute
|-damage|p1a: Wonka|198\/264
|move|p2a: >:OOOO|Dragon Claw|p1a: Wonka
|-end|p1a: Wonka|Substitute
|
|-heal|p1a: Wonka|214\/264|[from] item: Black Sludge
|turn|2
|
|switch|p1a: Tanque|Donphan, M|384\/384
|move|p2a: >:OOOO|Dragon Claw|p1a: Tanque
|-damage|p1a: Tanque|278\/384
|
|-heal|p1a: Tanque|302\/384|[from] item: Leftovers
|turn|3
|leave|G Herbo
|
|move|p2a: >:OOOO|Will-O-Wisp|p1a: Tanque
|-status|p1a: Tanque|brn
|move|p1a: Tanque|Head Smash|p2a: >:OOOO
|-supereffective|p2a: >:OOOO
|-damage|p2a: >:OOOO|237\/359
|-damage|p1a: Tanque|241\/384 brn|[from] recoil|[of] p2a: >:OOOO
|
|-heal|p1a: Tanque|265\/384 brn|[from] item: Leftovers
|-damage|p1a: Tanque|217\/384 brn|[from] brn
|turn|4
|
|switch|p2a: literally trash|Ferrothorn, M|351\/351
|move|p1a: Tanque|Stealth Rock|p2a: literally trash
|-sidestart|p2: done with le lader|move: Stealth Rock
|
|-heal|p1a: Tanque|241\/384 brn|[from] item: Leftovers
|-damage|p1a: Tanque|193\/384 brn|[from] brn
|turn|5
|
|switch|p1a: Sprinkles|Chansey, F|700\/700
|move|p2a: literally trash|Stealth Rock|p1a: Sprinkles
|-sidestart|p1: Giggling Grannie|move: Stealth Rock
|
|turn|6
|
|move|p1a: Sprinkles|Heal Bell|p1a: Sprinkles
|-cureteam|p1a: Sprinkles|[from] move: HealBell
|move|p2a: literally trash|Leech Seed|p1a: Sprinkles
|-start|p1a: Sprinkles|move: Leech Seed
|
|-damage|p1a: Sprinkles|613\/700|[from] Leech Seed|[of] p2a: literally trash
|turn|7
|
|move|p1a: Sprinkles|Wish|p1a: Sprinkles
|move|p2a: literally trash|Power Whip|p1a: Sprinkles
|-damage|p1a: Sprinkles|411\/700
|
|-damage|p1a: Sprinkles|324\/700|[from] Leech Seed|[of] p2a: literally trash
|turn|8
|
|switch|p1a: Tanque|Donphan, M|193\/384
|-damage|p1a: Tanque|169\/384|[from] Stealth Rock
|move|p2a: literally trash|Leech Seed|p1a: Tanque
|-start|p1a: Tanque|move: Leech Seed
|
|-heal|p1a: Tanque|384\/384|[from] move: Wish|[wisher] Sprinkles
|-damage|p1a: Tanque|336\/384|[from] Leech Seed|[of] p2a: literally trash
|turn|9
|
|switch|p1a: LICE|Volcarona, F|357\/357
|-damage|p1a: LICE|179\/357|[from] Stealth Rock
|move|p2a: literally trash|Stealth Rock|p1a: LICE
|-fail|p1a: LICE
|
|-heal|p1a: LICE|201\/357|[from] item: Leftovers
|turn|10
|
|switch|p2a: >:OOOO|Charizard-Mega-X, F|237\/359
|-damage|p2a: >:OOOO|148\/359|[from] Stealth Rock
|move|p1a: LICE|Roost|p1a: LICE
|-heal|p1a: LICE|357\/357
|
|turn|11
|
|switch|p1a: Big Bird|Mandibuzz, F, shiny|420\/420
|-damage|p1a: Big Bird|315\/420|[from] Stealth Rock
|move|p2a: >:OOOO|Roost|p2a: >:OOOO
|-heal|p2a: >:OOOO|328\/359
|
|-heal|p1a: Big Bird|341\/420|[from] item: Leftovers
|turn|12
|
|move|p2a: >:OOOO|Will-O-Wisp|p1a: Big Bird
|-status|p1a: Big Bird|brn
|move|p1a: Big Bird|Toxic|p2a: >:OOOO
|-status|p2a: >:OOOO|tox
|
|-heal|p1a: Big Bird|367\/420 brn|[from] item: Leftovers
|-damage|p2a: >:OOOO|306\/359 tox|[from] psn
|-damage|p1a: Big Bird|315\/420 brn|[from] brn
|turn|13
|
|switch|p2a: fuck greninja|Clefable, M|393\/393
|-damage|p2a: fuck greninja|344\/393|[from] Stealth Rock
|move|p1a: Big Bird|Defog|p2a: fuck greninja
|-unboost|p2a: fuck greninja|evasion|1
|-sideend|p2: done with le lader|Stealth Rock|[from] move: Defog|[of] p2a: fuck greninja
|-sideend|p1: Giggling Grannie|Stealth Rock|[from] move: Defog|[of] p1a: Big Bird
|
|-heal|p1a: Big Bird|341\/420 brn|[from] item: Leftovers
|-heal|p2a: fuck greninja|368\/393|[from] item: Leftovers
|-damage|p1a: Big Bird|289\/420 brn|[from] brn
|turn|14
|
|switch|p1a: Wonka|Gengar, M|214\/264
|move|p2a: fuck greninja|Aromatherapy|p2a: fuck greninja
|-cureteam|p2a: fuck greninja|[from] move: Aromatherapy
|
|-heal|p1a: Wonka|230\/264|[from] item: Black Sludge
|-heal|p2a: fuck greninja|392\/393|[from] item: Leftovers
|turn|15
|
|switch|p2a: pen soul sharpener|Bisharp, M|333\/333
|move|p1a: Wonka|Substitute|p1a: Wonka
|-start|p1a: Wonka|Substitute
|-damage|p1a: Wonka|164\/264
|
|-heal|p1a: Wonka|180\/264|[from] item: Black Sludge
|turn|16
|
|move|p1a: Wonka|Trick|p2a: pen soul sharpener
|-activate|p1a: Wonka|move: Trick|[of] p2a: pen soul sharpener
|-item|p2a: pen soul sharpener|Black Sludge|[from] move: Trick
|-item|p1a: Wonka|Leftovers|[from] move: Trick
|move|p2a: pen soul sharpener|Knock Off|p1a: Wonka
|-supereffective|p1a: Wonka
|-end|p1a: Wonka|Substitute
|
|-heal|p1a: Wonka|196\/264|[from] item: Leftovers
|-damage|p2a: pen soul sharpener|292\/333|[from] item: Black Sludge
|turn|17
|
|switch|p2a: literally trash|Ferrothorn, M|351\/351
|move|p1a: Wonka|Substitute|p1a: Wonka
|-start|p1a: Wonka|Substitute
|-damage|p1a: Wonka|130\/264
|
|-heal|p1a: Wonka|146\/264|[from] item: Leftovers
|turn|18
|
|move|p1a: Wonka|Shadow Ball|p2a: literally trash
|-damage|p2a: literally trash|240\/351
|move|p2a: literally trash|Stealth Rock|p1a: Wonka
|-sidestart|p1: Giggling Grannie|move: Stealth Rock
|
|-heal|p1a: Wonka|162\/264|[from] item: Leftovers
|-heal|p2a: literally trash|261\/351|[from] item: Leftovers
|turn|19
|
|move|p1a: Wonka|Shadow Ball|p2a: literally trash
|-crit|p2a: literally trash
|-damage|p2a: literally trash|99\/351
|-unboost|p2a: literally trash|spd|1
|move|p2a: literally trash|Gyro Ball|p1a: Wonka
|-end|p1a: Wonka|Substitute
|
|-heal|p1a: Wonka|178\/264|[from] item: Leftovers
|-heal|p2a: literally trash|120\/351|[from] item: Leftovers
|turn|20
|
|switch|p2a: pen soul sharpener|Bisharp, M|292\/333
|move|p1a: Wonka|Shadow Ball|p2a: pen soul sharpener
|-resisted|p2a: pen soul sharpener
|-damage|p2a: pen soul sharpener|191\/333
|-unboost|p2a: pen soul sharpener|spd|1
|-boost|p2a: pen soul sharpener|atk|2|[from] ability: Defiant
|
|-heal|p1a: Wonka|194\/264|[from] item: Leftovers
|-damage|p2a: pen soul sharpener|150\/333|[from] item: Black Sludge
|turn|21
|
|move|p1a: Wonka|Substitute|p1a: Wonka
|-start|p1a: Wonka|Substitute
|-damage|p1a: Wonka|128\/264
|move|p2a: pen soul sharpener|Knock Off|p1a: Wonka
|-supereffective|p1a: Wonka
|-end|p1a: Wonka|Substitute
|
|-heal|p1a: Wonka|144\/264|[from] item: Leftovers
|-damage|p2a: pen soul sharpener|109\/333|[from] item: Black Sludge
|turn|22
|
|switch|p1a: Tanque|Donphan, M|336\/384
|-damage|p1a: Tanque|312\/384|[from] Stealth Rock
|move|p2a: pen soul sharpener|Sucker Punch|p1a: Tanque
|-fail|p1a: Tanque
|
|-damage|p2a: pen soul sharpener|68\/333|[from] item: Black Sludge
|-heal|p1a: Tanque|336\/384|[from] item: Leftovers
|turn|23
|
|move|p2a: pen soul sharpener|Knock Off|p1a: Tanque
|-damage|p1a: Tanque|108\/384
|-enditem|p1a: Tanque|Leftovers|[from] move: Knock Off|[of] p2a: pen soul sharpener
|move|p1a: Tanque|Rapid Spin|p2a: pen soul sharpener
|-resisted|p2a: pen soul sharpener
|-damage|p2a: pen soul sharpener|58\/333
|-sideend|p1: Giggling Grannie|Stealth Rock|[from] move: Rapid Spin|[of] p1a: Tanque
|
|-damage|p2a: pen soul sharpener|17\/333|[from] item: Black Sludge
|turn|24
|
|move|p2a: pen soul sharpener|Iron Head|p1a: Tanque
|-damage|p1a: Tanque|0 fnt
|faint|p1a: Tanque
|
|-damage|p2a: pen soul sharpener|0 fnt|[from] item: Black Sludge
|faint|p2a: pen soul sharpener
|chat|Giggling Grannie|lol
|chat|Giggling Grannie|wtf the shadowball 
|chat|Giggling Grannie|raised his stats
|chat|done with le lader|lel ya
|chat|done with le lader|defiant
|
|switch|p2a: >:OOOO|Charizard-Mega-X, F|306\/359
|switch|p1a: El Maton|Azumarill, F|377\/377
|turn|25
|
|move|p2a: >:OOOO|Will-O-Wisp|p1a: El Maton|[miss]
|-miss|p2a: >:OOOO|p1a: El Maton
|move|p1a: El Maton|Belly Drum|p1a: El Maton
|-damage|p1a: El Maton|189\/377
|-setboost|p1a: El Maton|atk|6|[from] move: Belly Drum
|
|turn|26
|
|switch|p2a: derp :3|Quagsire, M|393\/393
|move|p1a: El Maton|Aqua Jet|p2a: derp :3
|-damage|p2a: derp :3|321\/393
|
|-heal|p2a: derp :3|345\/393|[from] item: Leftovers
|turn|27
|
|switch|p1a: Wonka|Gengar, M|144\/264
|move|p2a: derp :3|Scald|p1a: Wonka
|-damage|p1a: Wonka|68\/264
|-status|p1a: Wonka|brn
|
|-heal|p1a: Wonka|84\/264 brn|[from] item: Leftovers
|-heal|p2a: derp :3|369\/393|[from] item: Leftovers
|-damage|p1a: Wonka|51\/264 brn|[from] brn
|turn|28
|-message|Giggling Grannie forfeited.
|
|win|done with le lader
|raw|Ladder updating...
|leave|Giggling Grannie
|player|p1
|raw|Giggling Grannie's rating: 1765 &rarr; <strong>1743<\/strong><br \/>(-22 for losing)
|raw|done with le lader's rating: 1736 &rarr; <strong>1757<\/strong><br \/>(+21 for winning)