|join|g0tagofast
|join|Giggling Grannie
|player|p1|g0tagofast|101
|player|p2|Giggling Grannie|121
|gametype|singles
|gen|6
|tier|OU
|rated
|clearpoke
|poke|p1|Cloyster, M
|poke|p1|Entei, shiny
|poke|p1|Mew
|poke|p1|Honchkrow, F
|poke|p1|Starmie
|poke|p1|Diancie
|poke|p2|Gardevoir, M
|poke|p2|Ferrothorn, M
|poke|p2|Talonflame, M
|poke|p2|Starmie, shiny
|poke|p2|Terrakion
|poke|p2|Gastrodon, F
|rule|Swagger Clause: Swagger is banned
|rule|Baton Pass Clause: Limit one PokÃ©mon knowing Baton Pass
|rule|Sleep Clause Mod: Limit one foe put to sleep
|rule|Species Clause: Limit one of each PokÃ©mon
|rule|OHKO Clause: OHKO moves are banned
|rule|Moody Clause: Moody is banned
|rule|Evasion Moves Clause: Evasion moves are banned
|rule|Endless Battle Clause: Forcing endless battles is banned
|rule|HP Percentage Mod: HP is shown in percentages
|teampreview
|
|start
|switch|p1a: Mew|Mew|404\/404
|switch|p2a: Slug|Gastrodon, F|420\/420
|turn|1
|
|switch|p2a: Sriracha|Talonflame, M|357\/357
|move|p1a: Mew|Stealth Rock|p2a: Sriracha
|-sidestart|p2: Giggling Grannie|move: Stealth Rock
|
|turn|2
|
|move|p1a: Mew|Thunder Wave|p2a: Sriracha
|-status|p2a: Sriracha|par
|move|p2a: Sriracha|Will-O-Wisp|p1a: Mew
|-status|p1a: Mew|brn
|
|-damage|p1a: Mew|354\/404 brn|[from] brn
|turn|3
|
|move|p1a: Mew|Taunt|p2a: Sriracha
|-start|p2a: Sriracha|move: Taunt
|cant|p2a: Sriracha|move: Taunt|Will-O-Wisp
|
|-damage|p1a: Mew|304\/404 brn|[from] brn
|turn|4
|
|switch|p1a: Diancie|Diancie|241\/241
|switch|p2a: Slug|Gastrodon, F|420\/420
|-damage|p2a: Slug|394\/420|[from] Stealth Rock
|
|-heal|p2a: Slug|420\/420|[from] item: Leftovers
|turn|5
|
|switch|p1a: Starmie|Starmie|261\/261
|move|p2a: Slug|Scald|p1a: Starmie
|-resisted|p1a: Starmie
|-damage|p1a: Starmie|213\/261
|
|turn|6
|
|switch|p2a: Thorns|Ferrothorn, M|352\/352
|-damage|p2a: Thorns|330\/352|[from] Stealth Rock
|move|p1a: Starmie|Ice Beam|p2a: Thorns
|-crit|p2a: Thorns
|-damage|p2a: Thorns|187\/352
|-damage|p1a: Starmie|187\/261|[from] item: Life Orb
|
|-heal|p2a: Thorns|209\/352|[from] item: Leftovers
|turn|7
|
|switch|p1a: Entei|Entei, shiny|385\/385
|-ability|p1a: Entei|Pressure
|move|p2a: Thorns|Stealth Rock|p1a: Entei
|-sidestart|p1: g0tagofast|move: Stealth Rock
|
|-heal|p2a: Thorns|231\/352|[from] item: Leftovers
|turn|8
|
|switch|p2a: Starmie|Starmie, shiny|324\/324
|-damage|p2a: Starmie|284\/324|[from] Stealth Rock
|move|p1a: Entei|Substitute|p1a: Entei
|-start|p1a: Entei|Substitute
|-damage|p1a: Entei|289\/385
|
|-heal|p2a: Starmie|304\/324|[from] item: Leftovers
|-heal|p1a: Entei|313\/385|[from] item: Leftovers
|turn|9
|
|move|p1a: Entei|Extreme Speed|p2a: Starmie
|-damage|p2a: Starmie|200\/324
|move|p2a: Starmie|Rapid Spin|p1a: Entei
|-activate|p1a: Entei|Substitute|[damage]
|-sideend|p2: Giggling Grannie|Stealth Rock|[from] move: Rapid Spin|[of] p2a: Starmie
|
|-heal|p2a: Starmie|220\/324|[from] item: Leftovers
|-heal|p1a: Entei|337\/385|[from] item: Leftovers
|turn|10
|
|move|p2a: Starmie|Recover|p2a: Starmie
|-heal|p2a: Starmie|324\/324
|move|p1a: Entei|Sacred Fire|p2a: Starmie
|-resisted|p2a: Starmie
|-damage|p2a: Starmie|217\/324
|
|-heal|p2a: Starmie|237\/324|[from] item: Leftovers
|-heal|p1a: Entei|361\/385|[from] item: Leftovers
|turn|11
|
|move|p2a: Starmie|Scald|p1a: Entei
|-supereffective|p1a: Entei
|-end|p1a: Entei|Substitute
|move|p1a: Entei|Sacred Fire|p2a: Starmie
|-resisted|p2a: Starmie
|-damage|p2a: Starmie|144\/324
|-status|p2a: Starmie|brn
|
|-heal|p2a: Starmie|164\/324 brn|[from] item: Leftovers
|-heal|p1a: Entei|385\/385|[from] item: Leftovers
|-damage|p2a: Starmie|124\/324 brn|[from] brn
|turn|12
|
|switch|p2a: Slug|Gastrodon, F|420\/420
|move|p1a: Entei|Extreme Speed|p2a: Slug
|-damage|p2a: Slug|328\/420
|
|-heal|p2a: Slug|354\/420|[from] item: Leftovers
|turn|13
|
|switch|p1a: Mew|Mew|304\/404 brn
|-damage|p1a: Mew|254\/404 brn|[from] Stealth Rock
|move|p2a: Slug|Earth Power|p1a: Mew
|-damage|p1a: Mew|158\/404 brn
|
|-heal|p2a: Slug|380\/420|[from] item: Leftovers
|-damage|p1a: Mew|108\/404 brn|[from] brn
|turn|14
|
|switch|p2a: Starmie|Starmie, shiny|124\/324
|move|p1a: Mew|Thunder Wave|p2a: Starmie
|-status|p2a: Starmie|par
|
|-heal|p2a: Starmie|144\/324 par|[from] item: Leftovers
|-damage|p1a: Mew|58\/404 brn|[from] brn
|turn|15
|
|move|p1a: Mew|Stealth Rock|p2a: Starmie
|-sidestart|p2: Giggling Grannie|move: Stealth Rock
|cant|p2a: Starmie|par
|
|-heal|p2a: Starmie|164\/324 par|[from] item: Leftovers
|-damage|p1a: Mew|8\/404 brn|[from] brn
|turn|16
|
|move|p1a: Mew|Taunt|p2a: Starmie
|-start|p2a: Starmie|move: Taunt
|move|p2a: Starmie|Rapid Spin|p1a: Mew
|-damage|p1a: Mew|0 fnt
|-sideend|p2: Giggling Grannie|Stealth Rock|[from] move: Rapid Spin|[of] p2a: Starmie
|faint|p1a: Mew
|
|-heal|p2a: Starmie|184\/324 par|[from] item: Leftovers
|
|switch|p1a: Honchkrow|Honchkrow, F|341\/341
|-damage|p1a: Honchkrow|256\/341|[from] Stealth Rock
|turn|17
|
|move|p1a: Honchkrow|Pursuit|p2a: Starmie|[from]Pursuit
|-supereffective|p2a: Starmie
|-damage|p2a: Starmie|0 fnt
|-damage|p1a: Honchkrow|222\/341|[from] item: Life Orb
|faint|p2a: Starmie
|-boost|p1a: Honchkrow|atk|1|[from] ability: Moxie
|
|
|switch|p2a: B.A.M.F.|Terrakion|329\/329
|turn|18
|
|move|p1a: Honchkrow|Sucker Punch|p2a: B.A.M.F.
|-resisted|p2a: B.A.M.F.
|-damage|p2a: B.A.M.F.|185\/329
|-boost|p2a: B.A.M.F.|atk|1|[from] ability: Justified
|-damage|p1a: Honchkrow|188\/341|[from] item: Life Orb
|move|p2a: B.A.M.F.|Close Combat|p1a: Honchkrow
|-damage|p1a: Honchkrow|0 fnt
|-unboost|p2a: B.A.M.F.|def|1
|-unboost|p2a: B.A.M.F.|spd|1
|-damage|p2a: B.A.M.F.|153\/329|[from] item: Life Orb
|faint|p1a: Honchkrow
|
|
|switch|p1a: Starmie|Starmie|187\/261
|-damage|p1a: Starmie|155\/261|[from] Stealth Rock
|turn|19
|
|switch|p2a: Slug|Gastrodon, F|380\/420
|move|p1a: Starmie|Ice Beam|p2a: Slug
|-damage|p2a: Slug|255\/420
|-damage|p1a: Starmie|129\/261|[from] item: Life Orb
|
|-heal|p2a: Slug|281\/420|[from] item: Leftovers
|turn|20
|
|move|p1a: Starmie|Rapid Spin|p2a: Slug
|-damage|p2a: Slug|267\/420
|-sideend|p1: g0tagofast|Stealth Rock|[from] move: Rapid Spin|[of] p1a: Starmie
|-damage|p1a: Starmie|103\/261|[from] item: Life Orb
|move|p2a: Slug|Toxic|p1a: Starmie
|-status|p1a: Starmie|tox
|
|-heal|p2a: Slug|293\/420|[from] item: Leftovers
|-damage|p1a: Starmie|87\/261 tox|[from] psn
|turn|21
|
|switch|p1a: Cloyster|Cloyster, M|241\/241
|move|p2a: Slug|Recover|p2a: Slug
|-heal|p2a: Slug|420\/420
|
|turn|22
|
|move|p1a: Cloyster|Icicle Spear|p2a: Slug
|-damage|p2a: Slug|381\/420
|-damage|p2a: Slug|342\/420
|-damage|p2a: Slug|303\/420
|-damage|p2a: Slug|263\/420
|-damage|p2a: Slug|224\/420
|-hitcount|p2a: Slug|5
|cant|p2a: Slug|flinch
|
|-heal|p2a: Slug|250\/420|[from] item: Leftovers
|turn|23
|
|move|p1a: Cloyster|Icicle Spear|p2a: Slug
|-damage|p2a: Slug|208\/420
|-damage|p2a: Slug|174\/420
|-damage|p2a: Slug|138\/420
|-damage|p2a: Slug|98\/420
|-damage|p2a: Slug|59\/420
|-hitcount|p2a: Slug|5
|cant|p2a: Slug|flinch
|
|-heal|p2a: Slug|85\/420|[from] item: Leftovers
|turn|24
|
|move|p1a: Cloyster|Icicle Spear|p2a: Slug
|-damage|p2a: Slug|45\/420
|-damage|p2a: Slug|9\/420
|-damage|p2a: Slug|0 fnt
|-hitcount|p2a: Slug|3
|faint|p2a: Slug
|
|
|switch|p2a: B.A.M.F.|Terrakion|153\/329
|turn|25
|
|switch|p1a: Starmie|Starmie|87\/261
|move|p2a: B.A.M.F.|Close Combat|p1a: Starmie
|-resisted|p1a: Starmie
|-damage|p1a: Starmie|0 fnt
|-unboost|p2a: B.A.M.F.|def|1
|-unboost|p2a: B.A.M.F.|spd|1
|-damage|p2a: B.A.M.F.|121\/329|[from] item: Life Orb
|faint|p1a: Starmie
|
|
|switch|p1a: Cloyster|Cloyster, M|241\/241
|turn|26
|
|move|p1a: Cloyster|Ice Shard|p2a: B.A.M.F.
|-damage|p2a: B.A.M.F.|15\/329
|move|p2a: B.A.M.F.|Close Combat|p1a: Cloyster
|-supereffective|p1a: Cloyster
|-damage|p1a: Cloyster|0 fnt
|-unboost|p2a: B.A.M.F.|def|1
|-unboost|p2a: B.A.M.F.|spd|1
|-damage|p2a: B.A.M.F.|0 fnt|[from] item: Life Orb
|faint|p1a: Cloyster
|faint|p2a: B.A.M.F.
|
|
|switch|p1a: Entei|Entei, shiny|385\/385
|switch|p2a: Sindel|Gardevoir, M|304\/304
|-ability|p1a: Entei|Pressure
|-ability|p2a: Sindel|Pressure|[from] ability: Trace|[of] p1a: Entei
|-ability|p2a: Sindel|Pressure
|turn|27
|
|switch|p2a: Sriracha|Talonflame, M|357\/357 par
|move|p1a: Entei|Sacred Fire|p2a: Sriracha
|-resisted|p2a: Sriracha
|-damage|p2a: Sriracha|240\/357 par
|
|-heal|p2a: Sriracha|262\/357 par|[from] item: Leftovers
|turn|28
|
|switch|p1a: Diancie|Diancie|241\/241
|switch|p2a: Sindel|Gardevoir, M|304\/304
|-ability|p2a: Sindel|Clear Body|[from] ability: Trace|[of] p1a: Diancie
|
|turn|29
|
|detailschange|p2a: Sindel|Gardevoir-Mega, M
|-mega|p2a: Sindel|Gardevoir|Gardevoirite
|detailschange|p1a: Diancie|Diancie-Mega
|-mega|p1a: Diancie|Diancie|Diancite
|move|p2a: Sindel|Psyshock|p1a: Diancie
|-damage|p1a: Diancie|57\/241
|move|p1a: Diancie|Diamond Storm|p2a: Sindel
|-damage|p2a: Sindel|49\/304
|-boost|p1a: Diancie|def|1
|
|turn|30
|
|move|p1a: Diancie|Diamond Storm|p2a: Sindel
|-damage|p2a: Sindel|0 fnt
|-boost|p1a: Diancie|def|1
|faint|p2a: Sindel
|
|
|switch|p2a: Thorns|Ferrothorn, M|231\/352
|turn|31
|
|switch|p2a: Sriracha|Talonflame, M|262\/357 par
|move|p1a: Diancie|Earth Power|p2a: Sriracha
|-immune|p2a: Sriracha|[msg]
|
|-heal|p2a: Sriracha|284\/357 par|[from] item: Leftovers
|turn|32
|
|switch|p2a: Thorns|Ferrothorn, M|231\/352
|move|p1a: Diancie|Diamond Storm|p2a: Thorns
|-resisted|p2a: Thorns
|-damage|p2a: Thorns|172\/352
|
|-heal|p2a: Thorns|194\/352|[from] item: Leftovers
|turn|33
|
|switch|p1a: Entei|Entei, shiny|385\/385
|-ability|p1a: Entei|Pressure
|switch|p2a: Sriracha|Talonflame, M|284\/357 par
|
|-heal|p2a: Sriracha|306\/357 par|[from] item: Leftovers
|turn|34
|
|cant|p2a: Sriracha|par
|move|p1a: Entei|Sacred Fire|p2a: Sriracha
|-resisted|p2a: Sriracha
|-damage|p2a: Sriracha|184\/357 par
|
|-heal|p2a: Sriracha|206\/357 par|[from] item: Leftovers
|turn|35
|
|move|p2a: Sriracha|Roost|p2a: Sriracha
|-heal|p2a: Sriracha|357\/357 par
|move|p1a: Entei|Bulldoze|p2a: Sriracha
|-supereffective|p2a: Sriracha
|-damage|p2a: Sriracha|159\/357 par
|-unboost|p2a: Sriracha|spe|1
|
|-heal|p2a: Sriracha|181\/357 par|[from] item: Leftovers
|turn|36
|
|move|p1a: Entei|Extreme Speed|p2a: Sriracha
|-damage|p2a: Sriracha|50\/357 par
|move|p2a: Sriracha|Roost|p2a: Sriracha
|-heal|p2a: Sriracha|229\/357 par
|
|-heal|p2a: Sriracha|251\/357 par|[from] item: Leftovers
|turn|37
|
|cant|p2a: Sriracha|par
|move|p1a: Entei|Bulldoze|p2a: Sriracha
|-immune|p2a: Sriracha|[msg]
|
|-heal|p2a: Sriracha|273\/357 par|[from] item: Leftovers
|turn|38
|
|move|p1a: Entei|Extreme Speed|p2a: Sriracha
|-damage|p2a: Sriracha|135\/357 par
|move|p2a: Sriracha|Brave Bird|p1a: Entei
|-damage|p1a: Entei|232\/385
|-damage|p2a: Sriracha|85\/357 par|[from] recoil|[of] p1a: Entei
|
|-heal|p1a: Entei|256\/385|[from] item: Leftovers
|-heal|p2a: Sriracha|107\/357 par|[from] item: Leftovers
|turn|39
|-message|Giggling Grannie forfeited.
|c|âg0tagofast|gg
|leave|Giggling Grannie
|
|win|g0tagofast
|raw|Ladder updating...
|player|p2