|join|Giggling Grannie
|join|Ox the Box
|player|p1|Giggling Grannie|121
|player|p2|Ox the Box|201
|gametype|singles
|gen|6
|tier|OU
|rated
|clearpoke
|poke|p1|Gardevoir, M
|poke|p1|Talonflame, M
|poke|p1|Starmie, shiny
|poke|p1|Ferrothorn, M
|poke|p1|Terrakion
|poke|p1|Gliscor, F
|poke|p2|Gyarados, M
|poke|p2|Celebi
|poke|p2|Entei, shiny
|poke|p2|Scizor, F, shiny
|poke|p2|Heatran, M, shiny
|poke|p2|Zapdos, shiny
|rule|Swagger Clause: Swagger is banned
|rule|Baton Pass Clause: Limit one PokÃ©mon knowing Baton Pass
|rule|Sleep Clause Mod: Limit one foe put to sleep
|rule|Species Clause: Limit one of each PokÃ©mon
|rule|OHKO Clause: OHKO moves are banned
|rule|Moody Clause: Moody is banned
|rule|Evasion Moves Clause: Evasion moves are banned
|rule|Endless Battle Clause: Forcing endless battles is banned
|rule|HP Percentage Mod: HP is shown in percentages
|teampreview
|
|start
|switch|p1a: Scorvol|Gliscor, F|354\/354
|switch|p2a: Scizor|Scizor, F, shiny|343\/343
|turn|1
|
|switch|p1a: Sriracha|Talonflame, M|353\/353
|move|p2a: Scizor|U-turn|p1a: Sriracha
|-resisted|p1a: Sriracha
|-damage|p1a: Sriracha|316\/353
|
|switch|p2a: Zapdos|Zapdos, shiny|322\/322
|-ability|p2a: Zapdos|Pressure
|
|-heal|p1a: Sriracha|338\/353|[from] item: Leftovers
|turn|2
|
|move|p1a: Sriracha|Will-O-Wisp|p2a: Zapdos
|-status|p2a: Zapdos|brn
|move|p2a: Zapdos|Hidden Power|p1a: Sriracha
|-damage|p1a: Sriracha|286\/353
|
|-heal|p1a: Sriracha|308\/353|[from] item: Leftovers
|-damage|p2a: Zapdos|282\/322 brn|[from] brn
|turn|3
|
|move|p1a: Sriracha|Roost|p1a: Sriracha
|-heal|p1a: Sriracha|353\/353
|move|p2a: Zapdos|Volt Switch|p1a: Sriracha
|-damage|p1a: Sriracha|250\/353
|join|Alkov
|
|switch|p2a: Heatran|Heatran, M, shiny|385\/385
|
|-heal|p1a: Sriracha|272\/353|[from] item: Leftovers
|turn|4
|
|switch|p1a: Starmie|Starmie, shiny|324\/324
|move|p2a: Heatran|Stealth Rock|p1a: Starmie
|-sidestart|p1: Giggling Grannie|move: Stealth Rock
|
|turn|5
|
|switch|p2a: Celebi|Celebi|403\/403
|move|p1a: Starmie|Rapid Spin|p2a: Celebi
|-crit|p2a: Celebi
|-damage|p2a: Celebi|389\/403
|-sideend|p1: Giggling Grannie|Stealth Rock|[from] move: Rapid Spin|[of] p1a: Starmie
|
|-heal|p2a: Celebi|403\/403|[from] item: Leftovers
|turn|6
|
|switch|p1a: Sriracha|Talonflame, M|272\/353
|move|p2a: Celebi|Baton Pass|p2a: Celebi
|join|Scotti
|
|switch|p2a: Heatran|Heatran, M, shiny|385\/385
|
|-heal|p1a: Sriracha|294\/353|[from] item: Leftovers
|turn|7
|
|switch|p1a: Starmie|Starmie, shiny|324\/324
|switch|p2a: Zapdos|Zapdos, shiny|282\/322 brn
|-ability|p2a: Zapdos|Pressure
|
|-heal|p2a: Zapdos|302\/322 brn|[from] item: Leftovers
|-damage|p2a: Zapdos|262\/322 brn|[from] brn
|turn|8
|
|switch|p1a: Thorns|Ferrothorn, M|352\/352
|move|p2a: Zapdos|Hidden Power|p1a: Thorns
|-damage|p1a: Thorns|309\/352
|
|-heal|p2a: Zapdos|282\/322 brn|[from] item: Leftovers
|-heal|p1a: Thorns|331\/352|[from] item: Leftovers
|-damage|p2a: Zapdos|242\/322 brn|[from] brn
|turn|9
|
|switch|p1a: Scorvol|Gliscor, F|354\/354
|move|p2a: Zapdos|Volt Switch|p1a: Scorvol
|-immune|p1a: Scorvol|[msg]
|
|-heal|p2a: Zapdos|262\/322 brn|[from] item: Leftovers
|-damage|p2a: Zapdos|222\/322 brn|[from] brn
|-status|p1a: Scorvol|tox|[from] item: Toxic Orb
|turn|10
|
|switch|p1a: SLUT|Gardevoir, M|304\/304
|-ability|p1a: SLUT|Pressure|[from] ability: Trace|[of] p2a: Zapdos
|-ability|p1a: SLUT|Pressure
|move|p2a: Zapdos|Volt Switch|p1a: SLUT
|-damage|p1a: SLUT|210\/304
|
|switch|p2a: Entei|Entei, shiny|371\/371
|-ability|p2a: Entei|Pressure
|
|turn|11
|
|switch|p1a: Scorvol|Gliscor, F|354\/354 tox
|move|p2a: Entei|Sacred Fire|p1a: Scorvol
|-damage|p1a: Scorvol|240\/354 tox
|
|-heal|p1a: Scorvol|284\/354 tox|[from] ability: Poison Heal
|turn|12
|
|switch|p2a: Scizor|Scizor, F, shiny|343\/343
|move|p1a: Scorvol|Substitute|p1a: Scorvol
|-start|p1a: Scorvol|Substitute
|-damage|p1a: Scorvol|196\/354 tox
|
|-heal|p1a: Scorvol|240\/354 tox|[from] ability: Poison Heal
|turn|13
|
|move|p2a: Scizor|Bullet Punch|p1a: Scorvol
|-activate|p1a: Scorvol|Substitute|[damage]
|move|p1a: Scorvol|Earthquake|p2a: Scizor
|-damage|p2a: Scizor|244\/343
|
|-heal|p2a: Scizor|265\/343|[from] item: Leftovers
|-heal|p1a: Scorvol|284\/354 tox|[from] ability: Poison Heal
|turn|14
|c|âGiggling Grannie|heatwave, volt, hp ice
|c|âGiggling Grannie|and scizor is defogger
|c|âGiggling Grannie|check
|
|move|p1a: Scorvol|Earthquake|p2a: Scizor
|-crit|p2a: Scizor
|-damage|p2a: Scizor|123\/343
|move|p2a: Scizor|U-turn|p1a: Scorvol
|-resisted|p1a: Scorvol
|-end|p1a: Scorvol|Substitute
|
|switch|p2a: Zapdos|Zapdos, shiny|222\/322 brn
|-ability|p2a: Zapdos|Pressure
|
|-heal|p2a: Zapdos|242\/322 brn|[from] item: Leftovers
|-heal|p1a: Scorvol|328\/354 tox|[from] ability: Poison Heal
|-damage|p2a: Zapdos|202\/322 brn|[from] brn
|turn|15
|join|Alldaalts
|
|switch|p1a: SLUT|Gardevoir, M|210\/304
|-ability|p1a: SLUT|Pressure|[from] ability: Trace|[of] p2a: Zapdos
|-ability|p1a: SLUT|Pressure
|move|p2a: Zapdos|Roost|p2a: Zapdos
|-heal|p2a: Zapdos|322\/322 brn
|
|-damage|p2a: Zapdos|282\/322 brn|[from] brn
|turn|16
|
|detailschange|p1a: SLUT|Gardevoir-Mega, M
|-mega|p1a: SLUT|Gardevoir|Gardevoirite
|move|p1a: SLUT|Hyper Voice|p2a: Zapdos
|-damage|p2a: Zapdos|6\/322 brn
|move|p2a: Zapdos|Volt Switch|p1a: SLUT
|-damage|p1a: SLUT|129\/304
|
|switch|p2a: Heatran|Heatran, M, shiny|385\/385
|
|turn|17
|
|move|p1a: SLUT|Hidden Power|p2a: Heatran
|-supereffective|p2a: Heatran
|-damage|p2a: Heatran|25\/385
|move|p2a: Heatran|Stealth Rock|p1a: SLUT
|-sidestart|p1: Giggling Grannie|move: Stealth Rock
|
|-heal|p2a: Heatran|49\/385|[from] item: Leftovers
|turn|18
|
|switch|p2a: Scizor|Scizor, F, shiny|123\/343
|move|p1a: SLUT|Psyshock|p2a: Scizor
|-resisted|p2a: Scizor
|-damage|p2a: Scizor|44\/343
|
|-heal|p2a: Scizor|65\/343|[from] item: Leftovers
|turn|19
|
|switch|p1a: Thorns|Ferrothorn, M|331\/352
|-damage|p1a: Thorns|309\/352|[from] Stealth Rock
|move|p2a: Scizor|U-turn|p1a: Thorns
|-damage|p1a: Thorns|237\/352
|-damage|p2a: Scizor|23\/343|[from] ability: Iron Barbs|[of] p1a: Thorns
|
|switch|p2a: Heatran|Heatran, M, shiny|49\/385
|
|-heal|p2a: Heatran|73\/385|[from] item: Leftovers
|-heal|p1a: Thorns|259\/352|[from] item: Leftovers
|turn|20
|
|switch|p2a: Celebi|Celebi|403\/403
|switch|p1a: Starmie|Starmie, shiny|324\/324
|-damage|p1a: Starmie|284\/324|[from] Stealth Rock
|
|-heal|p1a: Starmie|304\/324|[from] item: Leftovers
|turn|21
|
|switch|p1a: SLUT|Gardevoir-Mega, M|129\/304
|-damage|p1a: SLUT|91\/304|[from] Stealth Rock
|move|p2a: Celebi|Seed Bomb|p1a: SLUT
|-damage|p1a: SLUT|0 fnt
|faint|p1a: SLUT
|
|
|switch|p1a: Sriracha|Talonflame, M|294\/353
|-damage|p1a: Sriracha|118\/353|[from] Stealth Rock
|turn|22
|
|switch|p2a: Entei|Entei, shiny|371\/371
|-ability|p2a: Entei|Pressure
|move|p1a: Sriracha|Roost|p1a: Sriracha
|-heal|p1a: Sriracha|295\/353
|
|-heal|p1a: Sriracha|317\/353|[from] item: Leftovers
|turn|23
|
|switch|p1a: Starmie|Starmie, shiny|304\/324
|-damage|p1a: Starmie|264\/324|[from] Stealth Rock
|move|p2a: Entei|Stone Edge|p1a: Starmie
|-damage|p1a: Starmie|133\/324
|
|-heal|p1a: Starmie|153\/324|[from] item: Leftovers
|turn|24
|
|move|p1a: Starmie|Rapid Spin|p2a: Entei
|-damage|p2a: Entei|359\/371
|-sideend|p1: Giggling Grannie|Stealth Rock|[from] move: Rapid Spin|[of] p1a: Starmie
|move|p2a: Entei|Stone Edge|p1a: Starmie
|-damage|p1a: Starmie|18\/324
|
|-heal|p1a: Starmie|38\/324|[from] item: Leftovers
|turn|25
|
|switch|p1a: Terrakion|Terrakion|329\/329
|move|p2a: Entei|Extreme Speed|p1a: Terrakion
|-resisted|p1a: Terrakion
|-damage|p1a: Terrakion|279\/329
|
|turn|26
|
|switch|p2a: Zapdos|Zapdos, shiny|6\/322 brn
|-ability|p2a: Zapdos|Pressure
|move|p1a: Terrakion|Swords Dance|p1a: Terrakion
|-boost|p1a: Terrakion|atk|2
|
|-heal|p2a: Zapdos|26\/322 brn|[from] item: Leftovers
|-damage|p2a: Zapdos|0 fnt|[from] brn
|faint|p2a: Zapdos
|
|switch|p2a: Celebi|Celebi|403\/403
|turn|27
|
|switch|p1a: Sriracha|Talonflame, M|317\/353
|move|p2a: Celebi|Seed Bomb|p1a: Sriracha
|-resisted|p1a: Sriracha
|-damage|p1a: Sriracha|288\/353
|
|-heal|p1a: Sriracha|310\/353|[from] item: Leftovers
|turn|28
|
|switch|p2a: Heatran|Heatran, M, shiny|73\/385
|move|p1a: Sriracha|Bulk Up|p1a: Sriracha
|-boost|p1a: Sriracha|atk|1
|-boost|p1a: Sriracha|def|1
|
|-heal|p1a: Sriracha|332\/353|[from] item: Leftovers
|-heal|p2a: Heatran|97\/385|[from] item: Leftovers
|turn|29
|
|move|p1a: Sriracha|Brave Bird|p2a: Heatran
|-crit|p2a: Heatran
|-resisted|p2a: Heatran
|-damage|p2a: Heatran|0 fnt
|-damage|p1a: Sriracha|300\/353|[from] recoil|[of] p2a: Heatran
|faint|p2a: Heatran
|
|-heal|p1a: Sriracha|322\/353|[from] item: Leftovers
|join|hooked
|
|switch|p2a: Entei|Entei, shiny|359\/371
|-ability|p2a: Entei|Pressure
|turn|30
|leave|hooked
|c|âGiggling Grannie|+1 48+ Atk Talonflame Brave Bird vs. 248 HP \/ 0 Def Heatran: 90-106 (23.3 - 27.5%) -- possible 5HKO after Leftovers recovery
|c|âOx the Box|i dont have any hp
|c|âGiggling Grannie|so even better
|c|âOx the Box|wait yeah i do
|
|switch|p1a: Starmie|Starmie, shiny|38\/324
|move|p2a: Entei|Stone Edge|p1a: Starmie
|-damage|p1a: Starmie|0 fnt
|faint|p1a: Starmie
|
|
|switch|p1a: Terrakion|Terrakion|279\/329
|turn|31
|
|switch|p2a: Scizor|Scizor, F, shiny|23\/343
|move|p1a: Terrakion|Stone Edge|p2a: Scizor
|-damage|p2a: Scizor|0 fnt
|-damage|p1a: Terrakion|247\/329|[from] item: Life Orb
|faint|p2a: Scizor
|
|
|switch|p2a: Celebi|Celebi|403\/403
|turn|32
|
|move|p1a: Terrakion|Swords Dance|p1a: Terrakion
|-boost|p1a: Terrakion|atk|2
|move|p2a: Celebi|Swords Dance|p2a: Celebi
|-boost|p2a: Celebi|atk|2
|
|turn|33
|c|âGiggling Grannie|dont miss
|
|move|p1a: Terrakion|Stone Edge|p2a: Celebi
|-crit|p2a: Celebi
|-damage|p2a: Celebi|0 fnt
|-damage|p1a: Terrakion|215\/329|[from] item: Life Orb
|faint|p2a: Celebi
|
|c|âGiggling Grannie|perfecto
|c|âOx the Box|that mattered
|c|âOx the Box|o well
|
|switch|p2a: Gyarados|Gyarados, M|331\/331
|-ability|p2a: Gyarados|Intimidate|[of] p1a: Terrakion
|-unboost|p1a: Terrakion|atk|1
|turn|34
|c|âGiggling Grannie|i just wouldve revenged with talon
|c|âOx the Box|yah
|
|detailschange|p2a: Gyarados|Gyarados-Mega, M
|-mega|p2a: Gyarados|Gyarados|Gyaradosite
|-ability|p2a: Gyarados|Mold Breaker
|move|p1a: Terrakion|Stone Edge|p2a: Gyarados
|-damage|p2a: Gyarados|14\/331
|-damage|p1a: Terrakion|183\/329|[from] item: Life Orb
|move|p2a: Gyarados|Dragon Dance|p2a: Gyarados
|-boost|p2a: Gyarados|atk|1
|-boost|p2a: Gyarados|spe|1
|
|turn|35
|c|âOx the Box|man if u missed any of these
|
|switch|p1a: Thorns|Ferrothorn, M|259\/352
|move|p2a: Gyarados|Earthquake|p1a: Thorns
|-damage|p1a: Thorns|128\/352
|
|-heal|p1a: Thorns|150\/352|[from] item: Leftovers
|turn|36
|-message|Ox the Box forfeited.
|leave|Ox the Box
|
|switch|p2a: Entei|Entei, shiny|359\/371
|-ability|p2a: Entei|Pressure
|move|p1a: Thorns|Gyro Ball|p2a: Entei
|-resisted|p2a: Entei
|-damage|p2a: Entei|271\/371
|
|-heal|p1a: Thorns|172\/352|[from] item: Leftovers
|turn|37
|
|win|Giggling Grannie
|raw|Ladder updating...
|player|p2
|raw|Giggling Grannie's rating: 1678 &rarr; <strong>1697<\/strong><br \/>(+19 for winning)
|raw|Ox the Box's rating: 1668 &rarr; <strong>1649<\/strong><br \/>(-19 for losing)
|leave|Giggling Grannie
|player|p1