|join|Giggling Grannie
|join|TYP-Cats
|player|p1|Giggling Grannie|121
|player|p2|TYP-Cats|120
|gametype|singles
|gen|6
|tier|OU
|rated
|clearpoke
|poke|p1|Tyranitar, M
|poke|p1|Amoonguss, F
|poke|p1|Manaphy
|poke|p1|Metagross
|poke|p1|Zoroark, F, shiny
|poke|p1|Skarmory, F
|poke|p2|Tyranitar, M, shiny
|poke|p2|Excadrill, F
|poke|p2|Roserade, F
|poke|p2|Charizard, M
|poke|p2|Keldeo
|poke|p2|Diggersby, M
|rule|Swagger Clause: Swagger is banned
|rule|Baton Pass Clause: Limit one PokÃ©mon knowing Baton Pass
|rule|Sleep Clause Mod: Limit one foe put to sleep
|rule|Species Clause: Limit one of each PokÃ©mon
|rule|OHKO Clause: OHKO moves are banned
|rule|Moody Clause: Moody is banned
|rule|Evasion Moves Clause: Evasion moves are banned
|rule|Endless Battle Clause: Forcing endless battles is banned
|rule|HP Percentage Mod: HP is shown in percentages
|teampreview
|
|start
|switch|p1a: Manaphy|Manaphy|404\/404
|switch|p2a: Charizard|Charizard, M|297\/297
|turn|1
|
|switch|p1a: Amoonguss|Amoonguss, F|424\/424
|detailschange|p2a: Charizard|Charizard-Mega-Y, M
|-mega|p2a: Charizard|Charizard|Charizardite Y
|-weather|SunnyDay
|move|p2a: Charizard|Solar Beam|p1a: Amoonguss|[still]
|-prepare|p2a: Charizard|Solar Beam|p1a: Amoonguss
|-anim|p2a: Charizard|Solar Beam|p1a: Amoonguss
|-resisted|p1a: Amoonguss
|-damage|p1a: Amoonguss|384\/424
|
|-weather|SunnyDay|[upkeep]
|-heal|p1a: Amoonguss|410\/424|[from] item: Black Sludge
|turn|2
|
|switch|p1a: Tyranitar|Tyranitar, M|404\/404
|-weather|Sandstorm
|move|p2a: Charizard|Fire Blast|p1a: Tyranitar
|-resisted|p1a: Tyranitar
|-damage|p1a: Tyranitar|344\/404
|-status|p1a: Tyranitar|brn
|
|-weather|Sandstorm|[upkeep]
|-damage|p2a: Charizard|279\/297|[from] sandstorm
|-damage|p1a: Tyranitar|294\/404 brn|[from] brn
|turn|3
|
|switch|p2a: Tyranitar|Tyranitar, M, shiny|399\/399
|switch|p1a: Manaphy|Manaphy|404\/404
|
|-weather|Sandstorm|[upkeep]
|-damage|p1a: Manaphy|379\/404|[from] sandstorm
|-heal|p1a: Manaphy|404\/404|[from] item: Leftovers
|turn|4
|
|move|p1a: Manaphy|Tail Glow|p1a: Manaphy
|-boost|p1a: Manaphy|spa|3
|move|p2a: Tyranitar|Stealth Rock|p1a: Manaphy
|-sidestart|p1: Giggling Grannie|move: Stealth Rock
|
|-weather|Sandstorm|[upkeep]
|-damage|p1a: Manaphy|379\/404|[from] sandstorm
|-heal|p1a: Manaphy|404\/404|[from] item: Leftovers
|turn|5
|
|move|p1a: Manaphy|Substitute|p1a: Manaphy
|-start|p1a: Manaphy|Substitute
|-damage|p1a: Manaphy|303\/404
|move|p2a: Tyranitar|Stone Edge|p1a: Manaphy
|-end|p1a: Manaphy|Substitute
|
|-weather|Sandstorm|[upkeep]
|-damage|p1a: Manaphy|278\/404|[from] sandstorm
|-heal|p1a: Manaphy|303\/404|[from] item: Leftovers
|turn|6
|
|move|p1a: Manaphy|Scald|p2a: Tyranitar
|-supereffective|p2a: Tyranitar
|-damage|p2a: Tyranitar|0 fnt
|faint|p2a: Tyranitar
|
|-weather|none
|-heal|p1a: Manaphy|328\/404|[from] item: Leftovers
|
|switch|p2a: Excadrill|Excadrill, F|361\/361
|turn|7
|
|switch|p1a: Skarmory|Skarmory, F|334\/334
|-damage|p1a: Skarmory|293\/334|[from] Stealth Rock
|move|p2a: Excadrill|Earthquake|p1a: Skarmory
|-immune|p1a: Skarmory|[msg]
|
|turn|8
|
|switch|p2a: Keldeo|Keldeo|323\/323
|move|p1a: Skarmory|Defog|p2a: Keldeo
|-unboost|p2a: Keldeo|evasion|1
|-sideend|p1: Giggling Grannie|Stealth Rock|[from] move: Defog|[of] p1a: Skarmory
|
|turn|9
|
|switch|p2a: Charizard|Charizard-Mega-Y, M|279\/297
|-weather|SunnyDay
|switch|p1a: Amoonguss|Amoonguss, F|424\/424
|
|-weather|SunnyDay|[upkeep]
|turn|10
|
|switch|p1a: Tyranitar|Tyranitar, M|294\/404 brn
|-weather|Sandstorm
|move|p2a: Charizard|Fire Blast|p1a: Tyranitar
|-resisted|p1a: Tyranitar
|-damage|p1a: Tyranitar|231\/404 brn
|
|-weather|Sandstorm|[upkeep]
|-damage|p2a: Charizard|261\/297|[from] sandstorm
|-damage|p1a: Tyranitar|181\/404 brn|[from] brn
|turn|11
|
|move|p2a: Charizard|Focus Blast|p1a: Tyranitar|[miss]
|-miss|p2a: Charizard|p1a: Tyranitar
|move|p1a: Tyranitar|Stealth Rock|p2a: Charizard
|-sidestart|p2: TYP-Cats|move: Stealth Rock
|
|-weather|Sandstorm|[upkeep]
|-damage|p2a: Charizard|243\/297|[from] sandstorm
|-damage|p1a: Tyranitar|131\/404 brn|[from] brn
|turn|12
|
|move|p2a: Charizard|Focus Blast|p1a: Tyranitar
|-supereffective|p1a: Tyranitar
|-enditem|p1a: Tyranitar|Chople Berry|[eat]
|-damage|p1a: Tyranitar|0 fnt
|faint|p1a: Tyranitar
|
|-weather|Sandstorm|[upkeep]
|-damage|p2a: Charizard|225\/297|[from] sandstorm
|
|switch|p1a: Manaphy|Manaphy|328\/404
|turn|13
|
|switch|p2a: Excadrill|Excadrill, F|361\/361
|-damage|p2a: Excadrill|350\/361|[from] Stealth Rock
|move|p1a: Manaphy|Tail Glow|p1a: Manaphy
|-boost|p1a: Manaphy|spa|3
|
|-weather|Sandstorm|[upkeep]
|-damage|p1a: Manaphy|303\/404|[from] sandstorm
|-heal|p1a: Manaphy|328\/404|[from] item: Leftovers
|turn|14
|
|move|p2a: Excadrill|Earthquake|p1a: Manaphy
|-damage|p1a: Manaphy|104\/404
|-damage|p2a: Excadrill|314\/361|[from] item: Life Orb
|move|p1a: Manaphy|Substitute|p1a: Manaphy
|-start|p1a: Manaphy|Substitute
|-damage|p1a: Manaphy|3\/404
|
|-weather|none
|-heal|p1a: Manaphy|28\/404|[from] item: Leftovers
|turn|15
|
|move|p2a: Excadrill|Earthquake|p1a: Manaphy
|-end|p1a: Manaphy|Substitute
|-damage|p2a: Excadrill|278\/361|[from] item: Life Orb
|move|p1a: Manaphy|Scald|p2a: Excadrill
|-supereffective|p2a: Excadrill
|-damage|p2a: Excadrill|0 fnt
|faint|p2a: Excadrill
|
|-heal|p1a: Manaphy|53\/404|[from] item: Leftovers
|
|switch|p2a: Diggersby|Diggersby, M|311\/311
|-damage|p2a: Diggersby|292\/311|[from] Stealth Rock
|turn|16
|
|move|p2a: Diggersby|Quick Attack|p1a: Manaphy
|-damage|p1a: Manaphy|0 fnt
|-damage|p2a: Diggersby|261\/311|[from] item: Life Orb
|faint|p1a: Manaphy
|
|
|switch|p1a: Metagross|Metagross|320\/320
|turn|17
|
|detailschange|p1a: Metagross|Metagross-Mega
|-mega|p1a: Metagross|Metagross|Metagrossite
|move|p2a: Diggersby|Earthquake|p1a: Metagross
|-supereffective|p1a: Metagross
|-damage|p1a: Metagross|0 fnt
|-damage|p2a: Diggersby|230\/311|[from] item: Life Orb
|faint|p1a: Metagross
|
|
|switch|p1a: Skarmory|Skarmory, F|293\/334
|turn|18
|
|move|p2a: Diggersby|Swords Dance|p2a: Diggersby
|-boost|p2a: Diggersby|atk|2
|move|p1a: Skarmory|Spikes|p2a: Diggersby
|-sidestart|p2: TYP-Cats|Spikes
|
|turn|19
|
|move|p2a: Diggersby|Return|p1a: Skarmory
|-resisted|p1a: Skarmory
|-damage|p1a: Skarmory|140\/334
|-damage|p2a: Diggersby|179\/311|[from] item: Rocky Helmet|[of] p1a: Skarmory
|-damage|p2a: Diggersby|148\/311|[from] item: Life Orb
|move|p1a: Skarmory|Roost|p1a: Skarmory
|-heal|p1a: Skarmory|307\/334
|
|turn|20
|
|move|p2a: Diggersby|Swords Dance|p2a: Diggersby
|-boost|p2a: Diggersby|atk|2
|move|p1a: Skarmory|Whirlwind|p2a: Diggersby
|drag|p2a: Roserade|Roserade, F|324\/324
|-damage|p2a: Roserade|284\/324|[from] Stealth Rock
|-damage|p2a: Roserade|244\/324|[from] Spikes
|
|-heal|p2a: Roserade|264\/324|[from] item: Black Sludge
|turn|21
|
|move|p2a: Roserade|Leech Seed|p1a: Skarmory
|-start|p1a: Skarmory|move: Leech Seed
|move|p1a: Skarmory|Whirlwind|p2a: Roserade
|drag|p2a: Diggersby|Diggersby, M|148\/311
|-damage|p2a: Diggersby|129\/311|[from] Stealth Rock
|-damage|p2a: Diggersby|91\/311|[from] Spikes
|
|-damage|p1a: Skarmory|266\/334|[from] Leech Seed|[of] p2a: Diggersby
|-heal|p2a: Diggersby|132\/311|[silent]
|turn|22
|
|move|p2a: Diggersby|Swords Dance|p2a: Diggersby
|-boost|p2a: Diggersby|atk|2
|move|p1a: Skarmory|Whirlwind|p2a: Diggersby
|drag|p2a: Charizard|Charizard-Mega-Y, M|225\/297
|-damage|p2a: Charizard|77\/297|[from] Stealth Rock
|-weather|SunnyDay
|
|-weather|SunnyDay|[upkeep]
|-damage|p1a: Skarmory|225\/334|[from] Leech Seed|[of] p2a: Charizard
|-heal|p2a: Charizard|118\/297|[silent]
|turn|23
|
|move|p2a: Charizard|Fire Blast|p1a: Skarmory
|-supereffective|p1a: Skarmory
|-damage|p1a: Skarmory|0 fnt
|faint|p1a: Skarmory
|
|-weather|SunnyDay|[upkeep]
|
|switch|p1a: Amoonguss|Amoonguss, F|266\/266
|turn|24
|
|move|p1a: Amoonguss|Dark Pulse|p2a: Charizard
|-damage|p2a: Charizard|0 fnt
|faint|p2a: Charizard
|
|-weather|SunnyDay|[upkeep]
|
|switch|p2a: Keldeo|Keldeo|323\/323
|-damage|p2a: Keldeo|303\/323|[from] Stealth Rock
|-damage|p2a: Keldeo|263\/323|[from] Spikes
|turn|25
|
|switch|p1a: Amoonguss|Amoonguss, F|424\/424
|move|p2a: Keldeo|Scald|p1a: Amoonguss
|-resisted|p1a: Amoonguss
|-damage|p1a: Amoonguss|389\/424
|-status|p1a: Amoonguss|brn
|
|-weather|SunnyDay|[upkeep]
|-heal|p1a: Amoonguss|415\/424 brn|[from] item: Black Sludge
|-damage|p1a: Amoonguss|362\/424 brn|[from] brn
|turn|26
|
|switch|p2a: Roserade|Roserade, F|264\/324
|-damage|p2a: Roserade|224\/324|[from] Spikes
|-damage|p2a: Roserade|184\/324|[from] Stealth Rock
|move|p1a: Amoonguss|Hidden Power|p2a: Roserade
|-supereffective|p2a: Roserade
|-damage|p2a: Roserade|102\/324
|
|-weather|none
|-heal|p2a: Roserade|122\/324|[from] item: Black Sludge
|-heal|p1a: Amoonguss|388\/424 brn|[from] item: Black Sludge
|-damage|p1a: Amoonguss|335\/424 brn|[from] brn
|turn|27
|
|move|p2a: Roserade|Sludge Bomb|p1a: Amoonguss
|-damage|p1a: Amoonguss|208\/424 brn
|move|p1a: Amoonguss|Hidden Power|p2a: Roserade
|-supereffective|p2a: Roserade
|-damage|p2a: Roserade|66\/324
|
|-heal|p2a: Roserade|86\/324|[from] item: Black Sludge
|-heal|p1a: Amoonguss|234\/424 brn|[from] item: Black Sludge
|-damage|p1a: Amoonguss|181\/424 brn|[from] brn
|turn|28
|
|switch|p1a: Zoroark|Zoroark, F, shiny|266\/266
|move|p2a: Roserade|Sludge Bomb|p1a: Zoroark
|-damage|p1a: Zoroark|85\/266
|-status|p1a: Zoroark|psn
|
|-heal|p2a: Roserade|106\/324|[from] item: Black Sludge
|-damage|p1a: Zoroark|52\/266 psn|[from] psn
|turn|29
|
|move|p1a: Zoroark|Dark Pulse|p2a: Roserade
|-damage|p2a: Roserade|18\/324
|cant|p2a: Roserade|flinch
|
|-heal|p2a: Roserade|38\/324|[from] item: Black Sludge
|-damage|p1a: Zoroark|19\/266 psn|[from] psn
|turn|30
|
|move|p1a: Zoroark|Dark Pulse|p2a: Roserade
|-damage|p2a: Roserade|0 fnt
|faint|p2a: Roserade
|
|-damage|p1a: Zoroark|0 fnt|[from] psn
|faint|p1a: Zoroark
|
|switch|p2a: Diggersby|Diggersby, M|132\/311
|switch|p1a: Amoonguss|Amoonguss, F|322\/424 brn
|-damage|p2a: Diggersby|94\/311|[from] Spikes
|-damage|p2a: Diggersby|75\/311|[from] Stealth Rock
|turn|31
|
|move|p2a: Diggersby|Return|p1a: Amoonguss
|-damage|p1a: Amoonguss|33\/424 brn
|-damage|p2a: Diggersby|44\/311|[from] item: Life Orb
|move|p1a: Amoonguss|Giga Drain|p2a: Diggersby
|-supereffective|p2a: Diggersby
|-damage|p2a: Diggersby|0 fnt
|-heal|p1a: Amoonguss|55\/424 brn|[from] drain|[of] p2a: Diggersby
|faint|p2a: Diggersby
|
|-heal|p1a: Amoonguss|81\/424 brn|[from] item: Black Sludge
|-damage|p1a: Amoonguss|28\/424 brn|[from] brn
|c|âTYP-Cats|Gg
|
|switch|p2a: Keldeo|Keldeo|263\/323
|-damage|p2a: Keldeo|223\/323|[from] Spikes
|-damage|p2a: Keldeo|203\/323|[from] Stealth Rock
|turn|32
|
|move|p2a: Keldeo|Scald|p1a: Amoonguss
|-resisted|p1a: Amoonguss
|-damage|p1a: Amoonguss|0 fnt
|faint|p1a: Amoonguss
|
|win|TYP-Cats
|raw|Ladder updating...
|raw|Giggling Grannie's rating: 1590 &rarr; <strong>1563<\/strong><br \/>(-27 for losing)
|raw|TYP-Cats's rating: 1453 &rarr; <strong>1480<\/strong><br \/>(+27 for winning)
|leave|Giggling Grannie