|join|Giggling Grannie
|join|Reverb
|player|p1|Giggling Grannie|121
|player|p2|Reverb|#reverb
|gametype|singles
|gen|6
|tier|OU
|rated
|clearpoke
|poke|p1|Gardevoir, M
|poke|p1|Talonflame, M
|poke|p1|Starmie, shiny
|poke|p1|Ferrothorn, M
|poke|p1|Lucario, F
|poke|p1|Gliscor, F
|poke|p2|Lopunny, M
|poke|p2|Celebi
|poke|p2|Tyranitar, M
|poke|p2|Keldeo
|poke|p2|Landorus-Therian, M
|poke|p2|Empoleon, F
|rule|Swagger Clause: Swagger is banned
|rule|Baton Pass Clause: Limit one PokÃ©mon knowing Baton Pass
|rule|Sleep Clause Mod: Limit one foe put to sleep
|rule|Species Clause: Limit one of each PokÃ©mon
|rule|OHKO Clause: OHKO moves are banned
|rule|Moody Clause: Moody is banned
|rule|Evasion Moves Clause: Evasion moves are banned
|rule|Endless Battle Clause: Forcing endless battles is banned
|rule|HP Percentage Mod: HP is shown in percentages
|teampreview
|join|Ox the Box
|
|start
|switch|p1a: Scorvol|Gliscor, F|354\/354
|switch|p2a: Lopunny|Lopunny, M|271\/271
|turn|1
|
|detailschange|p2a: Lopunny|Lopunny-Mega, M
|-mega|p2a: Lopunny|Lopunny|Lopunnite
|move|p1a: Scorvol|Protect|p1a: Scorvol
|-singleturn|p1a: Scorvol|Protect
|move|p2a: Lopunny|Ice Punch|p1a: Scorvol
|-activate|p1a: Scorvol|Protect
|
|-status|p1a: Scorvol|tox|[from] item: Toxic Orb
|turn|2
|join|TheSkyAboveUs
|
|switch|p2a: Empoleon|Empoleon, F|371\/371
|move|p1a: Scorvol|Toxic|p2a: Empoleon
|-fail|p2a: Empoleon
|
|turn|3
|
|move|p1a: Scorvol|Earthquake|p2a: Empoleon
|-supereffective|p2a: Empoleon
|-damage|p2a: Empoleon|197\/371
|move|p2a: Empoleon|Scald|p1a: Scorvol
|-supereffective|p1a: Scorvol
|-damage|p1a: Scorvol|120\/354 tox
|
|-heal|p2a: Empoleon|220\/371|[from] item: Leftovers
|-heal|p1a: Scorvol|164\/354 tox|[from] ability: Poison Heal
|turn|4
|
|move|p1a: Scorvol|U-turn|p2a: Empoleon
|-resisted|p2a: Empoleon
|-damage|p2a: Empoleon|201\/371
|
|switch|p1a: Starmie|Starmie, shiny|324\/324
|move|p2a: Empoleon|Stealth Rock|p1a: Starmie
|-sidestart|p1: Giggling Grannie|move: Stealth Rock
|
|-heal|p2a: Empoleon|224\/371|[from] item: Leftovers
|turn|5
|
|switch|p2a: Tyranitar|Tyranitar, M|383\/383
|-weather|Sandstorm
|move|p1a: Starmie|Rapid Spin|p2a: Tyranitar
|-resisted|p2a: Tyranitar
|-damage|p2a: Tyranitar|378\/383
|-sideend|p1: Giggling Grannie|Stealth Rock|[from] move: Rapid Spin|[of] p1a: Starmie
|
|-weather|Sandstorm|[upkeep]
|-damage|p1a: Starmie|304\/324|[from] sandstorm
|-heal|p1a: Starmie|324\/324|[from] item: Leftovers
|turn|6
|
|move|p1a: Starmie|Reflect Type|p2a: Tyranitar
|-start|p1a: Starmie|typechange|[from] move: Reflect Type|[of] p2a: Tyranitar
|move|p2a: Tyranitar|Pursuit|p1a: Starmie
|-crit|p1a: Starmie
|-resisted|p1a: Starmie
|-damage|p1a: Starmie|225\/324
|
|-weather|Sandstorm|[upkeep]
|-heal|p1a: Starmie|245\/324|[from] item: Leftovers
|turn|7
|
|switch|p1a: Luke|Lucario, F|282\/282
|switch|p2a: Empoleon|Empoleon, F|224\/371
|
|-weather|Sandstorm|[upkeep]
|-heal|p2a: Empoleon|247\/371|[from] item: Leftovers
|turn|8
|
|switch|p2a: Landorus-Therian|Landorus-Therian, M|327\/327
|-ability|p2a: Landorus-Therian|Intimidate|[of] p1a: Luke
|-unboost|p1a: Luke|atk|1
|move|p1a: Luke|Close Combat|p2a: Landorus-Therian
|-resisted|p2a: Landorus-Therian
|-damage|p2a: Landorus-Therian|228\/327
|-unboost|p1a: Luke|def|1
|-unboost|p1a: Luke|spd|1
|-damage|p1a: Luke|254\/282|[from] item: Life Orb
|
|-weather|Sandstorm|[upkeep]
|turn|9
|join|Joonitor
|
|move|p2a: Landorus-Therian|U-turn|p1a: Luke
|-resisted|p1a: Luke
|-damage|p1a: Luke|209\/282
|
|switch|p2a: Celebi|Celebi|404\/404
|move|p1a: Luke|Swords Dance|p1a: Luke
|-boost|p1a: Luke|atk|2
|
|-weather|none
|turn|10
|
|move|p1a: Luke|Crunch|p2a: Celebi
|-supereffective|p2a: Celebi
|-damage|p2a: Celebi|45\/404
|-damage|p1a: Luke|181\/282|[from] item: Life Orb
|move|p2a: Celebi|Thunder Wave|p1a: Luke
|-status|p1a: Luke|par
|
|-heal|p2a: Celebi|70\/404|[from] item: Leftovers
|turn|11
|
|switch|p2a: Landorus-Therian|Landorus-Therian, M|228\/327
|-ability|p2a: Landorus-Therian|Intimidate|[of] p1a: Luke
|-unboost|p1a: Luke|atk|1
|move|p1a: Luke|Crunch|p2a: Landorus-Therian
|-damage|p2a: Landorus-Therian|97\/327
|-unboost|p2a: Landorus-Therian|def|1
|-damage|p1a: Luke|153\/282 par|[from] item: Life Orb
|
|turn|12
|
|switch|p2a: Empoleon|Empoleon, F|247\/371
|move|p1a: Luke|Close Combat|p2a: Empoleon
|-supereffective|p2a: Empoleon
|-damage|p2a: Empoleon|0 fnt
|-unboost|p1a: Luke|def|1
|-unboost|p1a: Luke|spd|1
|-damage|p1a: Luke|125\/282 par|[from] item: Life Orb
|faint|p2a: Empoleon
|
|
|switch|p2a: Lopunny|Lopunny-Mega, M|271\/271
|turn|13
|
|move|p2a: Lopunny|Return|p1a: Luke
|-resisted|p1a: Luke
|-damage|p1a: Luke|0 fnt
|faint|p1a: Luke
|
|
|switch|p1a: Sriracha|Talonflame, M|353\/353
|turn|14
|join|UrsaReign
|
|switch|p2a: Celebi|Celebi|70\/404
|move|p1a: Sriracha|Will-O-Wisp|p2a: Celebi
|-status|p2a: Celebi|brn
|
|-heal|p2a: Celebi|95\/404 brn|[from] item: Leftovers
|-damage|p2a: Celebi|45\/404 brn|[from] brn
|turn|15
|
|move|p1a: Sriracha|Brave Bird|p2a: Celebi
|-supereffective|p2a: Celebi
|-damage|p2a: Celebi|0 fnt
|-damage|p1a: Sriracha|338\/353|[from] recoil|[of] p2a: Celebi
|faint|p2a: Celebi
|
|-heal|p1a: Sriracha|353\/353|[from] item: Leftovers
|join|I Iike Squirtles
|
|switch|p2a: Tyranitar|Tyranitar, M|378\/383
|-weather|Sandstorm
|turn|16
|
|move|p2a: Tyranitar|Pursuit|p1a: Sriracha|[from]Pursuit
|-damage|p1a: Sriracha|23\/353
|switch|p1a: Scorvol|Gliscor, F|164\/354 tox
|
|-weather|Sandstorm|[upkeep]
|-heal|p1a: Scorvol|208\/354 tox|[from] ability: Poison Heal
|turn|17
|
|switch|p2a: Landorus-Therian|Landorus-Therian, M|97\/327
|-ability|p2a: Landorus-Therian|Intimidate|[of] p1a: Scorvol
|-unboost|p1a: Scorvol|atk|1
|move|p1a: Scorvol|Earthquake|p2a: Landorus-Therian
|-immune|p2a: Landorus-Therian|[msg]
|
|-weather|Sandstorm|[upkeep]
|-heal|p1a: Scorvol|252\/354 tox|[from] ability: Poison Heal
|turn|18
|
|move|p2a: Landorus-Therian|Explosion|p1a: Scorvol
|-damage|p1a: Scorvol|38\/354 tox
|faint|p2a: Landorus-Therian
|move|p1a: Scorvol|U-turn|p2: Landorus-Therian|[notarget]
|-notarget
|
|-weather|Sandstorm|[upkeep]
|-heal|p1a: Scorvol|82\/354 tox|[from] ability: Poison Heal
|c|âGiggling Grannie|saw dat coming
|
|switch|p2a: Lopunny|Lopunny-Mega, M|271\/271
|turn|19
|
|move|p1a: Scorvol|Protect|p1a: Scorvol
|-singleturn|p1a: Scorvol|Protect
|move|p2a: Lopunny|Return|p1a: Scorvol
|-activate|p1a: Scorvol|Protect
|
|-weather|Sandstorm|[upkeep]
|-damage|p2a: Lopunny|255\/271|[from] sandstorm
|-heal|p1a: Scorvol|126\/354 tox|[from] ability: Poison Heal
|turn|20
|join|RainPB
|
|move|p2a: Lopunny|Return|p1a: Scorvol
|-damage|p1a: Scorvol|3\/354 tox
|move|p1a: Scorvol|Earthquake|p2a: Lopunny
|-damage|p2a: Lopunny|182\/271
|
|-weather|none
|-heal|p1a: Scorvol|47\/354 tox|[from] ability: Poison Heal
|turn|21
|
|move|p2a: Lopunny|Return|p1a: Scorvol
|-damage|p1a: Scorvol|0 fnt
|faint|p1a: Scorvol
|
|
|switch|p1a: SLUT|Gardevoir, M|304\/304
|-ability|p1a: SLUT|Scrappy|[from] ability: Trace|[of] p2a: Lopunny
|turn|22
|
|detailschange|p1a: SLUT|Gardevoir-Mega, M
|-mega|p1a: SLUT|Gardevoir|Gardevoirite
|move|p2a: Lopunny|Return|p1a: SLUT
|-damage|p1a: SLUT|45\/304
|move|p1a: SLUT|Hyper Voice|p2a: Lopunny
|-supereffective|p2a: Lopunny
|-damage|p2a: Lopunny|0 fnt
|faint|p2a: Lopunny
|
|
|switch|p2a: Keldeo|Keldeo|323\/323
|turn|23
|
|switch|p1a: Starmie|Starmie, shiny|245\/324
|move|p2a: Keldeo|Secret Sword|p1a: Starmie
|-resisted|p1a: Starmie
|-damage|p1a: Starmie|115\/324
|
|-heal|p1a: Starmie|135\/324|[from] item: Leftovers
|turn|24
|
|move|p1a: Starmie|Recover|p1a: Starmie
|-heal|p1a: Starmie|297\/324
|move|p2a: Keldeo|Secret Sword|p1a: Starmie
|-resisted|p1a: Starmie
|-damage|p1a: Starmie|177\/324
|
|-heal|p1a: Starmie|197\/324|[from] item: Leftovers
|turn|25
|
|switch|p2a: Tyranitar|Tyranitar, M|378\/383
|-weather|Sandstorm
|move|p1a: Starmie|Scald|p2a: Tyranitar
|-supereffective|p2a: Tyranitar
|-damage|p2a: Tyranitar|258\/383
|
|-weather|Sandstorm|[upkeep]
|-damage|p1a: Starmie|177\/324|[from] sandstorm
|-heal|p1a: Starmie|197\/324|[from] item: Leftovers
|turn|26
|join|Lord Kuvira
|-message|Reverb forfeited.
|
|move|p1a: Starmie|Scald|p2a: Tyranitar
|-supereffective|p2a: Tyranitar
|-damage|p2a: Tyranitar|124\/383
|move|p2a: Tyranitar|Stone Edge|p1a: Starmie
|-damage|p1a: Starmie|0 fnt
|faint|p1a: Starmie
|
|-weather|Sandstorm|[upkeep]
|
|win|Giggling Grannie
|raw|Ladder updating...
|raw|Giggling Grannie's rating: 1622 &rarr; <strong>1644<\/strong><br \/>(+22 for winning)
|raw|Reverb's rating: 1646 &rarr; <strong>1625<\/strong><br \/>(-21 for losing)