|join|Giggling Grannie
|join|TechnoBlastBoy
|player|p1|Giggling Grannie|121
|player|p2|TechnoBlastBoy|1
|gametype|singles
|gen|6
|tier|OU
|rated
|clearpoke
|poke|p1|Gliscor, F
|poke|p1|Gothitelle, F, shiny
|poke|p1|Tentacruel, F
|poke|p1|Ferrothorn, F
|poke|p1|Snorlax, F, shiny
|poke|p1|Thundurus, M
|poke|p2|Pinsir, M
|poke|p2|Rotom-Wash
|poke|p2|Kyurem-Black
|poke|p2|Aegislash, M
|poke|p2|Excadrill, M
|poke|p2|Thundurus, M
|rule|Sleep Clause Mod: Limit one foe put to sleep
|rule|Species Clause: Limit one of each Pokemon
|rule|OHKO Clause: OHKO moves are banned
|rule|Moody Clause: Moody is banned
|rule|Evasion Moves Clause: Evasion moves are banned
|rule|Endless Battle Clause: Forcing endless battles is banned.
|rule|HP Percentage Mod: HP is reported as percentages
|teampreview
|
|start
|switch|p1a: Barbie|Gothitelle, F, shiny|293\/293
|switch|p2a: Rotom-Wash|Rotom-Wash|304\/304
|turn|1
|
|move|p1a: Barbie|Trick|p2a: Rotom-Wash
|-activate|p1a: Barbie|move: Trick|[of] p2a: Rotom-Wash
|-item|p2a: Rotom-Wash|Choice Scarf|[from] move: Trick
|-item|p1a: Barbie|Leftovers|[from] move: Trick
|move|p2a: Rotom-Wash|Volt Switch|p1a: Barbie
|-crit|p1a: Barbie
|-damage|p1a: Barbie|152\/293
|
|switch|p2a: Aegislash|Aegislash, M|275\/275
|
|-heal|p1a: Barbie|170\/293|[from] item: Leftovers
|turn|2
|
|switch|p1a: Squidward|Tentacruel, F|364\/364
|-formechange|p2a: Aegislash|Aegislash-Blade
|move|p2a: Aegislash|Shadow Ball|p1a: Squidward
|-damage|p1a: Squidward|241\/364
|
|-heal|p1a: Squidward|263\/364|[from] item: Black Sludge
|turn|3
|
|switch|p2a: Kyurem-Black|Kyurem-Black|405\/405
|-ability|p2a: Kyurem-Black|Teravolt
|move|p1a: Squidward|Toxic Spikes|p2a: Kyurem-Black
|-sidestart|p2: TechnoBlastBoy|move: Toxic Spikes
|
|-heal|p1a: Squidward|285\/364|[from] item: Black Sludge
|turn|4
|
|switch|p1a: Jenny Craig|Snorlax, F, shiny|520\/520
|move|p2a: Kyurem-Black|Substitute|p2a: Kyurem-Black
|-start|p2a: Kyurem-Black|Substitute
|-damage|p2a: Kyurem-Black|304\/405
|
|-heal|p2a: Kyurem-Black|329\/405|[from] item: Leftovers
|turn|5
|
|move|p2a: Kyurem-Black|Fusion Bolt|p1a: Jenny Craig
|-damage|p1a: Jenny Craig|349\/520
|move|p1a: Jenny Craig|Curse|p1a: Jenny Craig
|-boost|p1a: Jenny Craig|atk|1
|-boost|p1a: Jenny Craig|def|1
|-unboost|p1a: Jenny Craig|spe|1
|
|-heal|p2a: Kyurem-Black|354\/405|[from] item: Leftovers
|-heal|p1a: Jenny Craig|381\/520|[from] item: Leftovers
|turn|6
|
|move|p2a: Kyurem-Black|Earth Power|p1a: Jenny Craig
|-damage|p1a: Jenny Craig|300\/520
|move|p1a: Jenny Craig|Curse|p1a: Jenny Craig
|-boost|p1a: Jenny Craig|atk|1
|-boost|p1a: Jenny Craig|def|1
|-unboost|p1a: Jenny Craig|spe|1
|
|-heal|p2a: Kyurem-Black|379\/405|[from] item: Leftovers
|-heal|p1a: Jenny Craig|332\/520|[from] item: Leftovers
|turn|7
|
|move|p2a: Kyurem-Black|Earth Power|p1a: Jenny Craig
|-damage|p1a: Jenny Craig|255\/520
|move|p1a: Jenny Craig|Body Slam|p2a: Kyurem-Black
|-end|p2a: Kyurem-Black|Substitute
|
|-heal|p2a: Kyurem-Black|404\/405|[from] item: Leftovers
|-heal|p1a: Jenny Craig|287\/520|[from] item: Leftovers
|turn|8
|
|switch|p2a: Rotom-Wash|Rotom-Wash|304\/304
|switch|p1a: Nails|Ferrothorn, F|352\/352
|
|turn|9
|
|switch|p1a: Scorvol|Gliscor, F|354\/354
|move|p2a: Rotom-Wash|Will-O-Wisp|p1a: Scorvol
|-status|p1a: Scorvol|brn
|
|-damage|p1a: Scorvol|310\/354 brn|[from] brn
|turn|10
|-message|Giggling Grannie forfeited.
|
|win|TechnoBlastBoy
|raw|Ladder updating...
|raw|Giggling Grannie's rating: 1866 &rarr; <strong>1839<\/strong><br \/>(-27 for losing)
|raw|TechnoBlastBoy's rating: 1749 &rarr; <strong>1775<\/strong><br \/>(+26 for winning)
|leave|Giggling Grannie
|player|p1