|join|Mob Barley
|join|Giggling Grannie
|player|p1|Mob Barley|56
|player|p2|Giggling Grannie|121
|gametype|singles
|gen|6
|tier|OU
|rated
|clearpoke
|poke|p1|Diggersby, M
|poke|p1|Thundurus, M
|poke|p1|Venusaur, M
|poke|p1|Keldeo
|poke|p1|Mandibuzz, F, shiny
|poke|p1|Salamence, M
|poke|p2|Volcarona, M
|poke|p2|Forretress, M
|poke|p2|Chansey, F
|poke|p2|Gengar, F
|poke|p2|Azumarill, F
|poke|p2|Mandibuzz, F, shiny
|rule|Sleep Clause Mod: Limit one foe put to sleep
|rule|Species Clause: Limit one of each Pokemon
|rule|OHKO Clause: OHKO moves are banned
|rule|Moody Clause: Moody is banned
|rule|Evasion Moves Clause: Evasion moves are banned
|rule|Endless Battle Clause: Forcing endless battles is banned.
|rule|HP Percentage Mod: HP is reported as percentages
|teampreview
|
|start
|switch|p1a: Vulture Aid|Mandibuzz, F, shiny|423\/423
|switch|p2a: Willy Wonka|Gengar, F|262\/262
|turn|1
|
|move|p2a: Willy Wonka|Will-O-Wisp|p1a: Vulture Aid
|-status|p1a: Vulture Aid|brn
|move|p1a: Vulture Aid|Foul Play|p2a: Willy Wonka
|-supereffective|p2a: Willy Wonka
|-damage|p2a: Willy Wonka|178\/262
|
|-heal|p2a: Willy Wonka|194\/262|[from] item: Black Sludge
|-damage|p1a: Vulture Aid|371\/423 brn|[from] brn
|turn|2
|join|Outrageous Fortune
|
|switch|p2a: Shrapnel|Forretress, M|354\/354
|move|p1a: Vulture Aid|Taunt|p2a: Shrapnel
|-start|p2a: Shrapnel|move: Taunt
|
|-heal|p1a: Vulture Aid|397\/423 brn|[from] item: Leftovers
|-damage|p1a: Vulture Aid|345\/423 brn|[from] brn
|turn|3
|
|switch|p1a: Bugs|Diggersby, M|317\/317
|move|p2a: Shrapnel|Volt Switch|p1a: Bugs
|-immune|p1a: Bugs|[msg]
|
|turn|4
|
|move|p1a: Bugs|U-turn|p2a: Shrapnel
|-resisted|p2a: Shrapnel
|-damage|p2a: Shrapnel|311\/354
|
|switch|p1a: Pwny|Keldeo|324\/324
|move|p2a: Shrapnel|Volt Switch|p1a: Pwny
|-supereffective|p1a: Pwny
|-damage|p1a: Pwny|236\/324
|
|switch|p2a: Child|Azumarill, F|380\/380
|
|turn|5
|chat|Mob Barley|bad play
|
|switch|p1a: Bloom|Venusaur, M|364\/364
|switch|p2a: Shrapnel|Forretress, M|311\/354
|
|-heal|p2a: Shrapnel|333\/354|[from] item: Leftovers
|turn|6
|
|-formechange|p1a: Bloom|Venusaur-Mega
|message|Venusaur has Mega Evolved into Mega Venusaur!
|move|p1a: Bloom|Hidden Power|p2a: Shrapnel
|-supereffective|p2a: Shrapnel
|-damage|p2a: Shrapnel|0 fnt
|faint|p2a: Shrapnel
|
|chat|Giggling Grannie|ARGH
|
|switch|p2a: LICE|Volcarona, M|357\/357
|turn|7
|
|switch|p1a: Zeus|Thundurus, M|299\/299
|move|p2a: LICE|Fiery Dance|p1a: Zeus
|-damage|p1a: Zeus|122\/299
|-boost|p2a: LICE|spa|1
|
|turn|8
|
|switch|p1a: Pwny|Keldeo|236\/324
|move|p2a: LICE|Fiery Dance|p1a: Pwny
|-resisted|p1a: Pwny
|-damage|p1a: Pwny|128\/324
|
|turn|9
|
|switch|p2a: Child|Azumarill, F|380\/380
|move|p1a: Pwny|Scald|p2a: Child
|-resisted|p2a: Child
|-damage|p2a: Child|257\/380
|
|turn|10
|join|Cienight
|
|switch|p1a: Bloom|Venusaur, M|364\/364
|-formechange|p1a: Bloom|Venusaur-Mega
|move|p2a: Child|Play Rough|p1a: Bloom
|-resisted|p1a: Bloom
|-damage|p1a: Bloom|289\/364
|
|turn|11
|join|fingerscrossed
|
|switch|p1a: Bugs|Diggersby, M|317\/317
|switch|p2a: Willy Wonka|Gengar, F|194\/262
|
|-heal|p2a: Willy Wonka|210\/262|[from] item: Black Sludge
|turn|12
|
|switch|p1a: Vulture Aid|Mandibuzz, F, shiny|345\/423 brn
|move|p2a: Willy Wonka|Focus Blast|p1a: Vulture Aid|[miss]
|-miss|p2a: Willy Wonka|p1a: Vulture Aid
|
|-heal|p2a: Willy Wonka|226\/262|[from] item: Black Sludge
|-heal|p1a: Vulture Aid|371\/423 brn|[from] item: Leftovers
|-damage|p1a: Vulture Aid|319\/423 brn|[from] brn
|turn|13
|
|switch|p2a: LICE|Volcarona, M|357\/357
|move|p1a: Vulture Aid|Taunt|p2a: LICE
|-start|p2a: LICE|move: Taunt
|
|-heal|p1a: Vulture Aid|345\/423 brn|[from] item: Leftovers
|-damage|p1a: Vulture Aid|293\/423 brn|[from] brn
|turn|14
|
|switch|p1a: Pwny|Keldeo|128\/324
|move|p2a: LICE|Fiery Dance|p1a: Pwny
|-resisted|p1a: Pwny
|-damage|p1a: Pwny|56\/324
|-boost|p2a: LICE|spa|1
|
|turn|15
|join|testinglolz
|
|switch|p2a: Child|Azumarill, F|257\/380
|move|p1a: Pwny|Secret Sword|p2a: Child
|-resisted|p2a: Child
|-damage|p2a: Child|125\/380
|-enditem|p2a: Child|Sitrus Berry|[eat]
|-heal|p2a: Child|220\/380|[from] item: Sitrus Berry
|
|turn|16
|chat|Mob Barley|belly drum if real
|
|switch|p1a: Bloom|Venusaur, M|289\/364
|-formechange|p1a: Bloom|Venusaur-Mega
|switch|p2a: LICE|Volcarona, M|357\/357
|
|turn|17
|
|switch|p1a: BL|Salamence, M|331\/331
|move|p2a: LICE|Quiver Dance|p2a: LICE
|-boost|p2a: LICE|spa|1
|-boost|p2a: LICE|spd|1
|-boost|p2a: LICE|spe|1
|
|turn|18
|join|Altilt
|
|move|p2a: LICE|Quiver Dance|p2a: LICE
|-boost|p2a: LICE|spa|1
|-boost|p2a: LICE|spd|1
|-boost|p2a: LICE|spe|1
|move|p1a: BL|Outrage|p2a: LICE
|-damage|p2a: LICE|102\/357
|-damage|p1a: BL|298\/331|[from] item: Life Orb
|
|-heal|p2a: LICE|124\/357|[from] item: Leftovers
|turn|19
|
|move|p2a: LICE|Roost|p2a: LICE
|-heal|p2a: LICE|303\/357
|move|p1a: BL|Outrage|p2a: LICE
|-damage|p2a: LICE|33\/357
|-damage|p1a: BL|265\/331|[from] item: Life Orb
|
|-heal|p2a: LICE|55\/357|[from] item: Leftovers
|turn|20
|chat|Altilt|the 3 turn no burn
|chat|Cienight|mence's tail is hypnotizing
|chat|Mob Barley|last game
|chat|Mob Barley|i got 2 burns
|
|switch|p2a: Child|Azumarill, F|220\/380
|move|p1a: BL|Outrage|p2a: Child
|-immune|p2a: Child|[msg]
|
|-end|p1a: BL|rampage
|-start|p1a: BL|confusion
|turn|21
|chat|Mob Barley|in 2 hits
|
|switch|p1a: Vulture Aid|Mandibuzz, F, shiny|293\/423 brn
|move|p2a: Child|Play Rough|p1a: Vulture Aid
|-supereffective|p1a: Vulture Aid
|-damage|p1a: Vulture Aid|23\/423 brn
|-unboost|p1a: Vulture Aid|atk|1
|
|-heal|p1a: Vulture Aid|49\/423 brn|[from] item: Leftovers
|-damage|p1a: Vulture Aid|0 fnt|[from] brn
|faint|p1a: Vulture Aid
|
|switch|p1a: Bugs|Diggersby, M|317\/317
|turn|22
|
|switch|p2a: Sprinkles|Chansey, F|700\/700
|move|p1a: Bugs|U-turn|p2a: Sprinkles
|-damage|p2a: Sprinkles|447\/700
|
|switch|p1a: BL|Salamence, M|265\/331
|
|turn|23
|
|switch|p2a: Dodo|Mandibuzz, F, shiny|421\/421
|move|p1a: BL|Outrage|p2a: Dodo
|-damage|p2a: Dodo|236\/421
|-damage|p1a: BL|232\/331|[from] item: Life Orb
|
|-heal|p2a: Dodo|262\/421|[from] item: Leftovers
|turn|24
|
|move|p1a: BL|Outrage|p2a: Dodo
|-damage|p2a: Dodo|59\/421
|-damage|p1a: BL|199\/331|[from] item: Life Orb
|move|p2a: Dodo|Roost|p2a: Dodo
|-heal|p2a: Dodo|270\/421
|
|-end|p1a: BL|rampage
|-start|p1a: BL|confusion
|-heal|p2a: Dodo|296\/421|[from] item: Leftovers
|turn|25
|
|switch|p1a: Bloom|Venusaur, M|289\/364
|-formechange|p1a: Bloom|Venusaur-Mega
|move|p2a: Dodo|Foul Play|p1a: Bloom
|-damage|p1a: Bloom|201\/364
|
|-heal|p2a: Dodo|322\/421|[from] item: Leftovers
|turn|26
|
|switch|p1a: Bugs|Diggersby, M|317\/317
|switch|p2a: Sprinkles|Chansey, F|447\/700
|
|turn|27
|
|switch|p2a: Willy Wonka|Gengar, F|226\/262
|move|p1a: Bugs|U-turn|p2a: Willy Wonka
|-resisted|p2a: Willy Wonka
|-damage|p2a: Willy Wonka|162\/262
|
|switch|p1a: Zeus|Thundurus, M|122\/299
|
|-heal|p2a: Willy Wonka|178\/262|[from] item: Black Sludge
|turn|28
|join|Rates
|
|switch|p2a: Sprinkles|Chansey, F|447\/700
|move|p1a: Zeus|Superpower|p2a: Sprinkles
|-supereffective|p2a: Sprinkles
|-damage|p2a: Sprinkles|65\/700
|-unboost|p1a: Zeus|atk|1
|-unboost|p1a: Zeus|def|1
|-damage|p1a: Zeus|93\/299|[from] item: Life Orb
|
|turn|29
|
|move|p1a: Zeus|Thunderbolt|p2a: Sprinkles
|-damage|p2a: Sprinkles|0 fnt
|-damage|p1a: Zeus|64\/299|[from] item: Life Orb
|faint|p2a: Sprinkles
|
|
|switch|p2a: Child|Azumarill, F|220\/380
|turn|30
|
|switch|p1a: Bloom|Venusaur, M|201\/364
|-formechange|p1a: Bloom|Venusaur-Mega
|switch|p2a: LICE|Volcarona, M|55\/357
|
|-heal|p2a: LICE|77\/357|[from] item: Leftovers
|turn|31
|
|switch|p1a: BL|Salamence, M|199\/331
|move|p2a: LICE|Roost|p2a: LICE
|-heal|p2a: LICE|256\/357
|
|-heal|p2a: LICE|278\/357|[from] item: Leftovers
|turn|32
|
|switch|p2a: Dodo|Mandibuzz, F, shiny|322\/421
|move|p1a: BL|Earthquake|p2a: Dodo
|-immune|p2a: Dodo|[msg]
|
|-heal|p2a: Dodo|348\/421|[from] item: Leftovers
|turn|33
|
|switch|p1a: Bloom|Venusaur, M|201\/364
|-formechange|p1a: Bloom|Venusaur-Mega
|switch|p2a: LICE|Volcarona, M|278\/357
|
|-heal|p2a: LICE|300\/357|[from] item: Leftovers
|turn|34
|
|switch|p1a: BL|Salamence, M|199\/331
|move|p2a: LICE|Quiver Dance|p2a: LICE
|-boost|p2a: LICE|spa|1
|-boost|p2a: LICE|spd|1
|-boost|p2a: LICE|spe|1
|
|-heal|p2a: LICE|322\/357|[from] item: Leftovers
|turn|35
|
|move|p2a: LICE|Fiery Dance|p1a: BL
|-resisted|p1a: BL
|-damage|p1a: BL|87\/331
|-boost|p2a: LICE|spa|1
|move|p1a: BL|Earthquake|p2a: LICE
|-damage|p2a: LICE|169\/357
|-damage|p1a: BL|54\/331|[from] item: Life Orb
|
|-heal|p2a: LICE|191\/357|[from] item: Leftovers
|turn|36
|
|move|p2a: LICE|Fiery Dance|p1a: BL
|-resisted|p1a: BL
|-damage|p1a: BL|0 fnt
|-boost|p2a: LICE|spa|1
|faint|p1a: BL
|
|-heal|p2a: LICE|213\/357|[from] item: Leftovers
|chat|Giggling Grannie|GAME TIME
|chat|Mob Barley|are u out of ur mind
|
|switch|p1a: Zeus|Thundurus, M|64\/299
|turn|37
|chat|Giggling Grannie|oh
|
|move|p1a: Zeus|Thunder Wave|p2a: LICE
|-status|p2a: LICE|par
|cant|p2a: LICE|par
|
|-heal|p2a: LICE|235\/357 par|[from] item: Leftovers
|turn|38
|chat|Cienight|dayum
|chat|Cienight|fly thundy
|
|switch|p1a: Pwny|Keldeo|56\/324
|move|p2a: LICE|Fiery Dance|p1a: Pwny
|-resisted|p1a: Pwny
|-damage|p1a: Pwny|0 fnt
|-boost|p2a: LICE|spa|1
|faint|p1a: Pwny
|
|-heal|p2a: LICE|257\/357 par|[from] item: Leftovers
|chat|Cienight|kkthxbb
|chat|Giggling Grannie|that based paralysis
|
|switch|p1a: Bugs|Diggersby, M|317\/317
|turn|39
|
|move|p1a: Bugs|Earthquake|p2a: LICE
|-damage|p2a: LICE|0 fnt
|faint|p2a: LICE
|
|
|switch|p2a: Willy Wonka|Gengar, F|178\/262
|turn|40
|chat|fingerscrossed|gd diggers 
|
|switch|p1a: Bloom|Venusaur, M|201\/364
|-formechange|p1a: Bloom|Venusaur-Mega
|move|p2a: Willy Wonka|Will-O-Wisp|p1a: Bloom|[miss]
|-miss|p2a: Willy Wonka|p1a: Bloom
|
|-heal|p2a: Willy Wonka|194\/262|[from] item: Black Sludge
|turn|41
|
|move|p2a: Willy Wonka|Will-O-Wisp|p1a: Bloom
|-status|p1a: Bloom|brn
|move|p1a: Bloom|Synthesis|p1a: Bloom
|-heal|p1a: Bloom|364\/364 brn
|
|-heal|p2a: Willy Wonka|210\/262|[from] item: Black Sludge
|-damage|p1a: Bloom|319\/364 brn|[from] brn
|turn|42
|chat|fingerscrossed|ahhh. the sub will o set?
|
|move|p2a: Willy Wonka|Substitute|p2a: Willy Wonka
|-start|p2a: Willy Wonka|Substitute
|-damage|p2a: Willy Wonka|145\/262
|move|p1a: Bloom|Giga Drain|p2a: Willy Wonka
|-resisted|p2a: Willy Wonka
|-end|p2a: Willy Wonka|Substitute
|-heal|p1a: Bloom|352\/364 brn|[from] drain|[of] p2a: Willy Wonka
|
|-heal|p2a: Willy Wonka|161\/262|[from] item: Black Sludge
|-damage|p1a: Bloom|307\/364 brn|[from] brn
|turn|43
|chat|fingerscrossed|yep
|
|move|p2a: Willy Wonka|Shadow Ball|p1a: Bloom
|-damage|p1a: Bloom|208\/364 brn
|move|p1a: Bloom|Giga Drain|p2a: Willy Wonka
|-resisted|p2a: Willy Wonka
|-damage|p2a: Willy Wonka|95\/262
|-heal|p1a: Bloom|241\/364 brn|[from] drain|[of] p2a: Willy Wonka
|
|-heal|p2a: Willy Wonka|111\/262|[from] item: Black Sludge
|-damage|p1a: Bloom|196\/364 brn|[from] brn
|turn|44
|
|switch|p1a: Bugs|Diggersby, M|317\/317
|move|p2a: Willy Wonka|Shadow Ball|p1a: Bugs
|-immune|p1a: Bugs|[msg]
|
|-heal|p2a: Willy Wonka|127\/262|[from] item: Black Sludge
|turn|45
|chat|Cienight|fking
|chat|Cienight|plays
|chat|Altilt|THUGS BUMBLE HERE TO SAVE THE DAY
|
|move|p2a: Willy Wonka|Substitute|p2a: Willy Wonka
|-start|p2a: Willy Wonka|Substitute
|-damage|p2a: Willy Wonka|62\/262
|move|p1a: Bugs|U-turn|p2a: Willy Wonka
|-resisted|p2a: Willy Wonka
|-activate|p2a: Willy Wonka|Substitute|[damage]
|
|switch|p1a: Bloom|Venusaur, M|196\/364 brn
|-formechange|p1a: Bloom|Venusaur-Mega
|
|-heal|p2a: Willy Wonka|78\/262|[from] item: Black Sludge
|-damage|p1a: Bloom|151\/364 brn|[from] brn
|turn|46
|
|move|p2a: Willy Wonka|Shadow Ball|p1a: Bloom
|-damage|p1a: Bloom|61\/364 brn
|move|p1a: Bloom|Synthesis|p1a: Bloom
|-heal|p1a: Bloom|243\/364 brn
|
|-heal|p2a: Willy Wonka|94\/262|[from] item: Black Sludge
|-damage|p1a: Bloom|198\/364 brn|[from] brn
|turn|47
|
|move|p2a: Willy Wonka|Shadow Ball|p1a: Bloom
|-damage|p1a: Bloom|104\/364 brn
|move|p1a: Bloom|Synthesis|p1a: Bloom
|-heal|p1a: Bloom|286\/364 brn
|
|-heal|p2a: Willy Wonka|110\/262|[from] item: Black Sludge
|-damage|p1a: Bloom|241\/364 brn|[from] brn
|turn|48
|
|move|p2a: Willy Wonka|Shadow Ball|p1a: Bloom
|-damage|p1a: Bloom|147\/364 brn
|move|p1a: Bloom|Giga Drain|p2a: Willy Wonka
|-crit|p2a: Willy Wonka
|-resisted|p2a: Willy Wonka
|-end|p2a: Willy Wonka|Substitute
|-heal|p1a: Bloom|148\/364 brn|[from] drain|[of] p2a: Willy Wonka
|
|-heal|p2a: Willy Wonka|126\/262|[from] item: Black Sludge
|-damage|p1a: Bloom|103\/364 brn|[from] brn
|turn|49
|
|move|p2a: Willy Wonka|Shadow Ball|p1a: Bloom
|-damage|p1a: Bloom|7\/364 brn
|move|p1a: Bloom|Synthesis|p1a: Bloom
|-heal|p1a: Bloom|189\/364 brn
|
|-heal|p2a: Willy Wonka|142\/262|[from] item: Black Sludge
|-damage|p1a: Bloom|144\/364 brn|[from] brn
|turn|50
|
|move|p2a: Willy Wonka|Shadow Ball|p1a: Bloom
|-damage|p1a: Bloom|53\/364 brn
|move|p1a: Bloom|Giga Drain|p2a: Willy Wonka
|-resisted|p2a: Willy Wonka
|-damage|p2a: Willy Wonka|76\/262
|-heal|p1a: Bloom|86\/364 brn|[from] drain|[of] p2a: Willy Wonka
|
|-heal|p2a: Willy Wonka|92\/262|[from] item: Black Sludge
|-damage|p1a: Bloom|41\/364 brn|[from] brn
|turn|51
|
|switch|p1a: Bugs|Diggersby, M|317\/317
|move|p2a: Willy Wonka|Shadow Ball|p1a: Bugs
|-immune|p1a: Bugs|[msg]
|
|-heal|p2a: Willy Wonka|108\/262|[from] item: Black Sludge
|turn|52
|
|move|p2a: Willy Wonka|Substitute|p2a: Willy Wonka
|-start|p2a: Willy Wonka|Substitute
|-damage|p2a: Willy Wonka|43\/262
|move|p1a: Bugs|U-turn|p2a: Willy Wonka
|-resisted|p2a: Willy Wonka
|-activate|p2a: Willy Wonka|Substitute|[damage]
|
|switch|p1a: Zeus|Thundurus, M|64\/299
|
|-heal|p2a: Willy Wonka|59\/262|[from] item: Black Sludge
|turn|53
|
|switch|p1a: Bugs|Diggersby, M|317\/317
|move|p2a: Willy Wonka|Shadow Ball|p1a: Bugs
|-immune|p1a: Bugs|[msg]
|
|-heal|p2a: Willy Wonka|75\/262|[from] item: Black Sludge
|turn|54
|
|move|p2a: Willy Wonka|Focus Blast|p1a: Bugs
|-supereffective|p1a: Bugs
|-damage|p1a: Bugs|0 fnt
|faint|p1a: Bugs
|
|-heal|p2a: Willy Wonka|91\/262|[from] item: Black Sludge
|chat|Mob Barley|fuck this shit
|-message|Mob Barley forfeited.
|
|win|Giggling Grannie
|raw|Ladder updating...
|chat|Giggling Grannie|?
|raw|Mob Barley's rating: 1821 &rarr; <strong>1796<\/strong><br \/>(-25 for losing)
|raw|Giggling Grannie's rating: 1723 &rarr; <strong>1749<\/strong><br \/>(+26 for winning)
|leave|Mob Barley
|player|p1
|leave|Outrageous Fortune
|leave|Rates
|leave|Altilt
|leave|fingerscrossed