|join|Fartinabag
|join|IronGrahn
|player|p1|Fartinabag|102
|player|p2|IronGrahn|92
|gametype|singles
|gen|6
|tier|OU
|rated
|clearpoke
|poke|p1|Metagross
|poke|p1|Greninja, M
|poke|p1|Rotom-Wash
|poke|p1|Darmanitan, M
|poke|p1|Gliscor, M
|poke|p1|Kyurem-Black
|poke|p2|Altaria, M
|poke|p2|Magnezone, shiny
|poke|p2|Rotom-Wash
|poke|p2|Chesnaught, M
|poke|p2|Excadrill, M
|poke|p2|Thundurus, M
|rule|Swagger Clause: Swagger is banned
|rule|Baton Pass Clause: Limit one PokÃ©mon knowing Baton Pass
|rule|Sleep Clause Mod: Limit one foe put to sleep
|rule|Species Clause: Limit one of each PokÃ©mon
|rule|OHKO Clause: OHKO moves are banned
|rule|Moody Clause: Moody is banned
|rule|Evasion Moves Clause: Evasion moves are banned
|rule|Endless Battle Clause: Forcing endless battles is banned
|rule|HP Percentage Mod: HP is shown in percentages
|teampreview
|
|start
|switch|p1a: Rotom-Wash|Rotom-Wash|304\/304
|switch|p2a: Fredrik|Chesnaught, M|380\/380
|turn|1
|
|move|p1a: Rotom-Wash|Will-O-Wisp|p2a: Fredrik
|-status|p2a: Fredrik|brn
|move|p2a: Fredrik|Leech Seed|p1a: Rotom-Wash
|-start|p1a: Rotom-Wash|move: Leech Seed
|
|-damage|p1a: Rotom-Wash|266\/304|[from] Leech Seed|[of] p2a: Fredrik
|-damage|p2a: Fredrik|333\/380 brn|[from] brn
|turn|2
|
|move|p1a: Rotom-Wash|Volt Switch|p2a: Fredrik
|-resisted|p2a: Fredrik
|-damage|p2a: Fredrik|277\/380 brn
|
|switch|p1a: Darmanitan|Darmanitan, M|352\/352
|move|p2a: Fredrik|Spikes|p1a: Darmanitan
|-sidestart|p1: Fartinabag|Spikes
|
|-heal|p2a: Fredrik|300\/380 brn|[from] item: Leftovers
|-damage|p2a: Fredrik|253\/380 brn|[from] brn
|turn|3
|
|move|p2a: Fredrik|Spiky Shield|p2a: Fredrik
|-singleturn|p2a: Fredrik|move: Protect
|move|p1a: Darmanitan|Flare Blitz|p2a: Fredrik
|-activate|p2a: Fredrik|move: Protect
|-damage|p1a: Darmanitan|308\/352|[from] Spiky Shield|[of] p2a: Fredrik
|
|-heal|p2a: Fredrik|276\/380 brn|[from] item: Leftovers
|-damage|p2a: Fredrik|229\/380 brn|[from] brn
|turn|4
|
|switch|p2a: Rotom-Wash|Rotom-Wash|304\/304
|move|p1a: Darmanitan|Flare Blitz|p2a: Rotom-Wash
|-resisted|p2a: Rotom-Wash
|-damage|p2a: Rotom-Wash|121\/304
|-damage|p1a: Darmanitan|248\/352|[from] recoil|[of] p2a: Rotom-Wash
|
|-heal|p2a: Rotom-Wash|140\/304|[from] item: Leftovers
|turn|5
|
|move|p1a: Darmanitan|Flare Blitz|p2a: Rotom-Wash
|-resisted|p2a: Rotom-Wash
|-damage|p2a: Rotom-Wash|0 fnt
|-damage|p1a: Darmanitan|202\/352|[from] recoil|[of] p2a: Rotom-Wash
|faint|p2a: Rotom-Wash
|
|
|switch|p2a: Fredrik|Chesnaught, M|229\/380 brn
|turn|6
|
|move|p1a: Darmanitan|Rock Slide|p2a: Fredrik
|-resisted|p2a: Fredrik
|-damage|p2a: Fredrik|169\/380 brn
|move|p2a: Fredrik|Spikes|p1a: Darmanitan
|-sidestart|p1: Fartinabag|Spikes
|
|-heal|p2a: Fredrik|192\/380 brn|[from] item: Leftovers
|-damage|p2a: Fredrik|145\/380 brn|[from] brn
|turn|7
|
|move|p1a: Darmanitan|Rock Slide|p2a: Fredrik
|-miss|p1a: Darmanitan|p2a: Fredrik
|move|p2a: Fredrik|Spikes|p1a: Darmanitan
|-sidestart|p1: Fartinabag|Spikes
|
|-heal|p2a: Fredrik|168\/380 brn|[from] item: Leftovers
|-damage|p2a: Fredrik|121\/380 brn|[from] brn
|turn|8
|
|move|p1a: Darmanitan|Flare Blitz|p2a: Fredrik
|-supereffective|p2a: Fredrik
|-damage|p2a: Fredrik|0 fnt
|-damage|p1a: Darmanitan|162\/352|[from] recoil|[of] p2a: Fredrik
|faint|p2a: Fredrik
|
|
|switch|p2a: OneBlueEye|Magnezone, shiny|281\/281
|turn|9
|
|move|p2a: OneBlueEye|Thunderbolt|p1a: Darmanitan
|-damage|p1a: Darmanitan|0 fnt
|faint|p1a: Darmanitan
|
|
|switch|p1a: Greninja|Greninja, M|285\/285
|-damage|p1a: Greninja|214\/285|[from] Spikes
|turn|10
|
|move|p1a: Greninja|Hidden Power|p2a: OneBlueEye
|-start|p1a: Greninja|typechange|Fire|[from] Protean
|-supereffective|p2a: OneBlueEye
|-damage|p2a: OneBlueEye|13\/281
|-damage|p1a: Greninja|186\/285|[from] item: Life Orb
|move|p2a: OneBlueEye|Thunderbolt|p1a: Greninja
|-damage|p1a: Greninja|0 fnt
|faint|p1a: Greninja
|
|
|switch|p1a: Gliscor|Gliscor, M|354\/354
|turn|11
|
|switch|p2a: Going down|Excadrill, M|361\/361
|-ability|p2a: Going down|Mold Breaker
|-item|p2a: Going down|Air Balloon
|move|p1a: Gliscor|Acrobatics|p2a: Going down
|-resisted|p2a: Going down
|-damage|p2a: Going down|317\/361
|-enditem|p2a: Going down|Air Balloon
|
|-status|p1a: Gliscor|tox|[from] item: Toxic Orb
|turn|12
|
|move|p2a: Going down|Iron Head|p1a: Gliscor
|-damage|p1a: Gliscor|251\/354 tox
|move|p1a: Gliscor|Earthquake|p2a: Going down
|-supereffective|p2a: Going down
|-damage|p2a: Going down|0 fnt
|faint|p2a: Going down
|
|-heal|p1a: Gliscor|295\/354 tox|[from] ability: Poison Heal
|
|switch|p2a: Thundurus|Thundurus, M|299\/299
|turn|13
|
|move|p2a: Thundurus|Thunderbolt|p1a: Gliscor
|-immune|p1a: Gliscor|[msg]
|move|p1a: Gliscor|Fling|p2a: Thundurus
|-enditem|p1a: Gliscor|Toxic Orb|[from] move: Fling
|-damage|p2a: Thundurus|268\/299
|-status|p2a: Thundurus|tox
|
|-damage|p2a: Thundurus|250\/299 tox|[from] psn
|-heal|p1a: Gliscor|339\/354 tox|[from] ability: Poison Heal
|turn|14
|
|move|p2a: Thundurus|Hidden Power|p1a: Gliscor
|-crit|p1a: Gliscor
|-supereffective|p1a: Gliscor
|-damage|p1a: Gliscor|0 fnt
|-damage|p2a: Thundurus|221\/299 tox|[from] item: Life Orb
|faint|p1a: Gliscor
|
|-damage|p2a: Thundurus|185\/299 tox|[from] psn
|
|switch|p1a: Kyurem-Black|Kyurem-Black|397\/397
|-damage|p1a: Kyurem-Black|298\/397|[from] Spikes
|-ability|p1a: Kyurem-Black|Teravolt
|turn|15
|
|move|p2a: Thundurus|Focus Blast|p1a: Kyurem-Black|[miss]
|-miss|p2a: Thundurus|p1a: Kyurem-Black
|move|p1a: Kyurem-Black|Outrage|p2a: Thundurus
|-damage|p2a: Thundurus|0 fnt
|faint|p2a: Thundurus
|
|c|âIronGrahn|gg
|
|switch|p2a: Fabulous|Altaria, M|291\/291
|turn|16
|
|detailschange|p2a: Fabulous|Altaria-Mega, M
|-mega|p2a: Fabulous|Altaria|Altarianite
|move|p1a: Kyurem-Black|Outrage|p2a: Fabulous
|-immune|p2a: Fabulous|[msg]
|move|p2a: Fabulous|Substitute|p2a: Fabulous
|-start|p2a: Fabulous|Substitute
|-damage|p2a: Fabulous|219\/291
|
|turn|17
|
|switch|p1a: Rotom-Wash|Rotom-Wash|266\/304
|move|p2a: Fabulous|Dragon Dance|p2a: Fabulous
|-boost|p2a: Fabulous|atk|1
|-boost|p2a: Fabulous|spe|1
|
|-heal|p1a: Rotom-Wash|285\/304|[from] item: Leftovers
|turn|18
|
|move|p2a: Fabulous|Dragon Dance|p2a: Fabulous
|-boost|p2a: Fabulous|atk|1
|-boost|p2a: Fabulous|spe|1
|move|p1a: Rotom-Wash|Volt Switch|p2a: Fabulous
|-resisted|p2a: Fabulous
|-activate|p2a: Fabulous|Substitute|[damage]
|
|switch|p1a: Kyurem-Black|Kyurem-Black|298\/397
|-damage|p1a: Kyurem-Black|199\/397|[from] Spikes
|-ability|p1a: Kyurem-Black|Teravolt
|
|turn|19
|
|move|p2a: Fabulous|Return|p1a: Kyurem-Black
|-supereffective|p1a: Kyurem-Black
|-damage|p1a: Kyurem-Black|0 fnt
|faint|p1a: Kyurem-Black
|
|
|switch|p1a: Metagross|Metagross|301\/301
|-damage|p1a: Metagross|226\/301|[from] Spikes
|turn|20
|
|detailschange|p1a: Metagross|Metagross-Mega
|-mega|p1a: Metagross|Metagross|Metagrossite
|move|p2a: Fabulous|Return|p1a: Metagross
|-resisted|p1a: Metagross
|-damage|p1a: Metagross|57\/301
|move|p1a: Metagross|Meteor Mash|p2a: Fabulous
|-supereffective|p2a: Fabulous
|-end|p2a: Fabulous|Substitute
|
|turn|21
|
|move|p2a: Fabulous|Return|p1a: Metagross
|-resisted|p1a: Metagross
|-damage|p1a: Metagross|0 fnt
|faint|p1a: Metagross
|
|
|switch|p1a: Rotom-Wash|Rotom-Wash|285\/304
|turn|22
|
|move|p2a: Fabulous|Return|p1a: Rotom-Wash
|-damage|p1a: Rotom-Wash|0 fnt
|faint|p1a: Rotom-Wash
|
|win|IronGrahn
|raw|Ladder updating...
|raw|Fartinabag's rating: 1250 &rarr; <strong>1222<\/strong><br \/>(-28 for losing)
|raw|IronGrahn's rating: 1209 &rarr; <strong>1237<\/strong><br \/>(+28 for winning)
|c|âIronGrahn|Wow
|leave|Fartinabag
|player|p1