|join|IronGrahn
|join|ysysys
|player|p1|IronGrahn|92
|player|p2|ysysys|1
|gametype|singles
|gen|6
|tier|OU
|rated
|clearpoke
|poke|p1|Charizard, M
|poke|p1|Ferrothorn, F
|poke|p1|Azumarill, M
|poke|p1|Landorus-Therian, M
|poke|p1|Latios, M
|poke|p1|Chansey, F
|poke|p2|Charizard, M
|poke|p2|Excadrill, F
|poke|p2|Slowbro, F
|poke|p2|Amoonguss, M
|poke|p2|Tyranitar, M
|poke|p2|Clefable, M
|rule|Swagger Clause: Swagger is banned
|rule|Baton Pass Clause: Limit one PokÃ©mon knowing Baton Pass
|rule|Sleep Clause Mod: Limit one foe put to sleep
|rule|Species Clause: Limit one of each PokÃ©mon
|rule|OHKO Clause: OHKO moves are banned
|rule|Moody Clause: Moody is banned
|rule|Evasion Moves Clause: Evasion moves are banned
|rule|Endless Battle Clause: Forcing endless battles is banned
|rule|HP Percentage Mod: HP is shown in percentages
|teampreview
|
|start
|switch|p1a: Shere Khan|Landorus-Therian, M|381\/381
|switch|p2a: Tyranitar|Tyranitar, M|342\/342
|-weather|Sandstorm
|-ability|p1a: Shere Khan|Intimidate|[of] p2a: Tyranitar
|-unboost|p2a: Tyranitar|atk|1
|turn|1
|join|Mr. B0mbastic
|
|switch|p2a: Slowbro|Slowbro, F|394\/394
|switch|p1a: Thornball|Ferrothorn, F|352\/352
|
|-weather|Sandstorm|[upkeep]
|-damage|p2a: Slowbro|370\/394|[from] sandstorm
|-heal|p2a: Slowbro|394\/394|[from] item: Leftovers
|turn|2
|
|move|p1a: Thornball|Protect|p1a: Thornball
|-singleturn|p1a: Thornball|Protect
|move|p2a: Slowbro|Scald|p1a: Thornball
|-activate|p1a: Thornball|Protect
|
|-weather|Sandstorm|[upkeep]
|-damage|p2a: Slowbro|370\/394|[from] sandstorm
|-heal|p2a: Slowbro|394\/394|[from] item: Leftovers
|turn|3
|
|switch|p2a: Clefable|Clefable, M|394\/394
|move|p1a: Thornball|Thunder Wave|p2a: Clefable
|-status|p2a: Clefable|par
|
|-weather|Sandstorm|[upkeep]
|turn|4
|
|move|p1a: Thornball|Gyro Ball|p2a: Clefable
|-supereffective|p2a: Clefable
|-damage|p2a: Clefable|328\/394 par
|cant|p2a: Clefable|par
|
|-weather|Sandstorm|[upkeep]
|turn|5
|
|switch|p1a: Fat gurl|Chansey, F|703\/703
|move|p2a: Clefable|Stealth Rock|p1a: Fat gurl
|-sidestart|p1: IronGrahn|move: Stealth Rock
|
|-weather|none
|turn|6
|
|switch|p2a: Amoonguss|Amoonguss, M|432\/432
|move|p1a: Fat gurl|Wish|p1a: Fat gurl
|
|turn|7
|
|switch|p1a: Thornball|Ferrothorn, F|352\/352
|-damage|p1a: Thornball|330\/352|[from] Stealth Rock
|move|p2a: Amoonguss|Spore|p1a: Thornball
|-fail|p1a: Thornball
|
|-heal|p1a: Thornball|352\/352|[from] move: Wish|[wisher] Fat gurl
|turn|8
|
|switch|p2a: Clefable|Clefable, M|328\/394 par
|move|p1a: Thornball|Thunder Wave|p2a: Clefable
|-fail|p2a: Clefable|par
|
|turn|9
|
|switch|p1a: Boing 747|Latios, M|301\/301
|-damage|p1a: Boing 747|264\/301|[from] Stealth Rock
|move|p2a: Clefable|Soft-Boiled|p2a: Clefable
|-heal|p2a: Clefable|394\/394 par
|
|-heal|p1a: Boing 747|282\/301|[from] item: Leftovers
|turn|10
|
|move|p1a: Boing 747|Defog|p2a: Clefable
|-unboost|p2a: Clefable|evasion|1
|-sideend|p1: IronGrahn|Stealth Rock|[from] move: Defog|[of] p1a: Boing 747
|move|p2a: Clefable|Moonblast|p1a: Boing 747
|-supereffective|p1a: Boing 747
|-damage|p1a: Boing 747|0 fnt
|faint|p1a: Boing 747
|
|
|switch|p1a: Sunlover|Charizard, M|359\/359
|turn|11
|
|detailschange|p1a: Sunlover|Charizard-Mega-X, M
|-mega|p1a: Sunlover|Charizard|Charizardite X
|move|p1a: Sunlover|Flare Blitz|p2a: Clefable
|-damage|p2a: Clefable|153\/394 par
|-damage|p1a: Sunlover|279\/359|[from] recoil|[of] p2a: Clefable
|move|p2a: Clefable|Stealth Rock|p1a: Sunlover
|-sidestart|p1: IronGrahn|move: Stealth Rock
|
|turn|12
|
|move|p1a: Sunlover|Flare Blitz|p2a: Clefable
|-damage|p2a: Clefable|0 fnt
|-damage|p1a: Sunlover|229\/359|[from] recoil|[of] p2a: Clefable
|faint|p2a: Clefable
|
|
|switch|p2a: Tyranitar|Tyranitar, M|342\/342
|-weather|Sandstorm
|turn|13
|
|switch|p1a: Thornball|Ferrothorn, F|352\/352
|-damage|p1a: Thornball|330\/352|[from] Stealth Rock
|move|p2a: Tyranitar|Stone Edge|p1a: Thornball
|-resisted|p1a: Thornball
|-damage|p1a: Thornball|273\/352
|
|-weather|Sandstorm|[upkeep]
|-heal|p1a: Thornball|295\/352|[from] item: Leftovers
|turn|14
|
|switch|p2a: Excadrill|Excadrill, F|361\/361
|move|p1a: Thornball|Thunder Wave|p2a: Excadrill
|-immune|p2a: Excadrill|[msg]
|
|-weather|Sandstorm|[upkeep]
|-heal|p1a: Thornball|317\/352|[from] item: Leftovers
|turn|15
|
|switch|p2a: Charizard|Charizard, M|297\/297
|move|p1a: Thornball|Leech Seed|p2a: Charizard
|-start|p2a: Charizard|move: Leech Seed
|
|-weather|Sandstorm|[upkeep]
|-damage|p2a: Charizard|279\/297|[from] sandstorm
|-heal|p1a: Thornball|339\/352|[from] item: Leftovers
|-damage|p2a: Charizard|242\/297|[from] Leech Seed|[of] p1a: Thornball
|-heal|p1a: Thornball|352\/352|[silent]
|turn|16
|
|move|p1a: Thornball|Protect|p1a: Thornball
|-singleturn|p1a: Thornball|Protect
|move|p2a: Charizard|Roost|p2a: Charizard
|-heal|p2a: Charizard|297\/297
|
|-weather|Sandstorm|[upkeep]
|-damage|p2a: Charizard|279\/297|[from] sandstorm
|-damage|p2a: Charizard|242\/297|[from] Leech Seed|[of] p1a: Thornball
|turn|17
|
|switch|p1a: Fat gurl|Chansey, F|703\/703
|-damage|p1a: Fat gurl|616\/703|[from] Stealth Rock
|detailschange|p2a: Charizard|Charizard-Mega-Y, M
|-mega|p2a: Charizard|Charizard|Charizardite Y
|-weather|SunnyDay
|move|p2a: Charizard|Fire Blast|p1a: Fat gurl
|-damage|p1a: Fat gurl|367\/703
|
|-weather|SunnyDay|[upkeep]
|-damage|p2a: Charizard|205\/297|[from] Leech Seed|[of] p1a: Fat gurl
|-heal|p1a: Fat gurl|404\/703|[silent]
|turn|18
|
|switch|p2a: Excadrill|Excadrill, F|361\/361
|move|p1a: Fat gurl|Wish|p1a: Fat gurl
|
|-weather|SunnyDay|[upkeep]
|turn|19
|
|move|p1a: Fat gurl|Protect|p1a: Fat gurl
|-singleturn|p1a: Fat gurl|Protect
|move|p2a: Excadrill|Earthquake|p1a: Fat gurl
|-activate|p1a: Fat gurl|Protect
|
|-weather|SunnyDay|[upkeep]
|-heal|p1a: Fat gurl|703\/703|[from] move: Wish|[wisher] Fat gurl
|turn|20
|
|switch|p2a: Tyranitar|Tyranitar, M|342\/342
|-weather|Sandstorm
|move|p1a: Fat gurl|Wish|p1a: Fat gurl
|
|-weather|Sandstorm|[upkeep]
|-damage|p1a: Fat gurl|660\/703|[from] sandstorm
|turn|21
|
|switch|p1a: Shere Khan|Landorus-Therian, M|381\/381
|-damage|p1a: Shere Khan|334\/381|[from] Stealth Rock
|-ability|p1a: Shere Khan|Intimidate|[of] p2a: Tyranitar
|-unboost|p2a: Tyranitar|atk|1
|move|p2a: Tyranitar|Superpower|p1a: Shere Khan
|-resisted|p1a: Shere Khan
|-damage|p1a: Shere Khan|282\/381
|-unboost|p2a: Tyranitar|atk|1
|-unboost|p2a: Tyranitar|def|1
|
|-weather|Sandstorm|[upkeep]
|-heal|p1a: Shere Khan|381\/381|[from] move: Wish|[wisher] Fat gurl
|turn|22
|
|switch|p2a: Slowbro|Slowbro, F|394\/394
|move|p1a: Shere Khan|Stealth Rock|p2a: Slowbro
|-sidestart|p2: ysysys|move: Stealth Rock
|
|-weather|Sandstorm|[upkeep]
|-damage|p2a: Slowbro|370\/394|[from] sandstorm
|-heal|p2a: Slowbro|394\/394|[from] item: Leftovers
|turn|23
|
|move|p1a: Shere Khan|U-turn|p2a: Slowbro
|-supereffective|p2a: Slowbro
|-damage|p2a: Slowbro|282\/394
|
|switch|p1a: Sunlover|Charizard-Mega-X, M|229\/359
|-damage|p1a: Sunlover|140\/359|[from] Stealth Rock
|move|p2a: Slowbro|Thunder Wave|p1a: Sunlover
|-status|p1a: Sunlover|par
|
|-weather|Sandstorm|[upkeep]
|-damage|p2a: Slowbro|258\/394|[from] sandstorm
|-damage|p1a: Sunlover|118\/359 par|[from] sandstorm
|-heal|p2a: Slowbro|282\/394|[from] item: Leftovers
|turn|24
|
|move|p2a: Slowbro|Scald|p1a: Sunlover
|-damage|p1a: Sunlover|27\/359 par
|cant|p1a: Sunlover|par
|
|-weather|none
|-heal|p2a: Slowbro|306\/394|[from] item: Leftovers
|turn|25
|
|switch|p1a: Fat gurl|Chansey, F|660\/703
|-damage|p1a: Fat gurl|573\/703|[from] Stealth Rock
|move|p2a: Slowbro|Scald|p1a: Fat gurl
|-damage|p1a: Fat gurl|513\/703
|-status|p1a: Fat gurl|brn
|
|-heal|p2a: Slowbro|330\/394|[from] item: Leftovers
|-damage|p1a: Fat gurl|426\/703 brn|[from] brn
|turn|26
|
|switch|p2a: Excadrill|Excadrill, F|361\/361
|-damage|p2a: Excadrill|350\/361|[from] Stealth Rock
|move|p1a: Fat gurl|Wish|p1a: Fat gurl
|
|-damage|p1a: Fat gurl|339\/703 brn|[from] brn
|turn|27
|
|move|p1a: Fat gurl|Protect|p1a: Fat gurl
|-singleturn|p1a: Fat gurl|Protect
|move|p2a: Excadrill|Rapid Spin|p1a: Fat gurl
|-activate|p1a: Fat gurl|Protect
|
|-heal|p1a: Fat gurl|690\/703 brn|[from] move: Wish|[wisher] Fat gurl
|-damage|p1a: Fat gurl|603\/703 brn|[from] brn
|turn|28
|
|move|p2a: Excadrill|Earthquake|p1a: Fat gurl
|-damage|p1a: Fat gurl|274\/703 brn
|-damage|p2a: Excadrill|314\/361|[from] item: Life Orb
|move|p1a: Fat gurl|Heal Bell|p1a: Fat gurl
|-cureteam|p1a: Fat gurl|[from] move: HealBell
|
|turn|29
|
|switch|p1a: Sunlover|Charizard-Mega-X, M|27\/359
|-damage|p1a: Sunlover|0 fnt|[from] Stealth Rock
|faint|p1a: Sunlover
|move|p2a: Excadrill|Rapid Spin|p1: Sunlover|[notarget]
|-notarget
|
|
|switch|p1a: Barbossa|Azumarill, M|342\/342
|-damage|p1a: Barbossa|300\/342|[from] Stealth Rock
|turn|30
|
|switch|p2a: Slowbro|Slowbro, F|394\/394
|-damage|p2a: Slowbro|345\/394|[from] Stealth Rock
|move|p1a: Barbossa|Belly Drum|p1a: Barbossa
|-damage|p1a: Barbossa|129\/342
|-setboost|p1a: Barbossa|atk|6|[from] move: Belly Drum
|-enditem|p1a: Barbossa|Sitrus Berry|[eat]
|-heal|p1a: Barbossa|214\/342|[from] item: Sitrus Berry
|
|-heal|p2a: Slowbro|369\/394|[from] item: Leftovers
|turn|31
|
|move|p1a: Barbossa|Knock Off|p2a: Slowbro
|-supereffective|p2a: Slowbro
|-damage|p2a: Slowbro|0 fnt
|-enditem|p2a: Slowbro|Leftovers|[from] move: Knock Off|[of] p1a: Barbossa
|faint|p2a: Slowbro
|
|
|switch|p2a: Amoonguss|Amoonguss, M|432\/432
|-damage|p2a: Amoonguss|378\/432|[from] Stealth Rock
|turn|32
|
|move|p1a: Barbossa|Knock Off|p2a: Amoonguss
|-damage|p2a: Amoonguss|0 fnt
|-enditem|p2a: Amoonguss|Black Sludge|[from] move: Knock Off|[of] p1a: Barbossa
|faint|p2a: Amoonguss
|
|
|switch|p2a: Tyranitar|Tyranitar, M|342\/342
|-damage|p2a: Tyranitar|300\/342|[from] Stealth Rock
|-weather|Sandstorm
|turn|33
|
|move|p1a: Barbossa|Aqua Jet|p2a: Tyranitar
|-supereffective|p2a: Tyranitar
|-damage|p2a: Tyranitar|0 fnt
|faint|p2a: Tyranitar
|
|-weather|Sandstorm|[upkeep]
|-damage|p1a: Barbossa|193\/342|[from] sandstorm
|
|switch|p2a: Excadrill|Excadrill, F|314\/361
|-damage|p2a: Excadrill|303\/361|[from] Stealth Rock
|turn|34
|
|move|p1a: Barbossa|Aqua Jet|p2a: Excadrill
|-supereffective|p2a: Excadrill
|-damage|p2a: Excadrill|0 fnt
|faint|p2a: Excadrill
|
|-weather|Sandstorm|[upkeep]
|-damage|p1a: Barbossa|172\/342|[from] sandstorm
|
|switch|p2a: Charizard|Charizard-Mega-Y, M|205\/297
|-damage|p2a: Charizard|57\/297|[from] Stealth Rock
|-weather|SunnyDay
|turn|35
|
|move|p1a: Barbossa|Aqua Jet|p2a: Charizard
|-supereffective|p2a: Charizard
|-damage|p2a: Charizard|0 fnt
|faint|p2a: Charizard
|
|win|IronGrahn
|raw|Ladder updating...
|raw|IronGrahn's rating: 1484 &rarr; <strong>1507<\/strong><br \/>(+23 for winning)
|raw|ysysys's rating: 1536 &rarr; <strong>1513<\/strong><br \/>(-23 for losing)
|leave|ysysys
|player|p2
|c|âIronGrahn|gg