|join|dont know why
|join|dukevesper
|player|p1|dont know why|1
|player|p2|dukevesper|290
|gametype|singles
|gen|6
|tier|ORAS OU
|rated
|rule|Sleep Clause Mod: Limit one foe put to sleep
|rule|Species Clause: Limit one of each PokÃ©mon
|rule|OHKO Clause: OHKO moves are banned
|rule|Moody Clause: Moody is banned
|rule|Evasion Moves Clause: Evasion moves are banned
|rule|Endless Battle Clause: Forcing endless battles is banned
|rule|HP Percentage Mod: HP is shown in percentages
|clearpoke
|poke|p1|Azumarill, F
|poke|p1|Sceptile, M
|poke|p1|Latios, M
|poke|p1|Talonflame, M
|poke|p1|Thundurus, M
|poke|p1|Hippowdon, M
|poke|p2|Salamence, F
|poke|p2|Diggersby, F
|poke|p2|Talonflame, F
|poke|p2|Zapdos
|poke|p2|Vaporeon, M
|poke|p2|Gothitelle, M
|rule|Swagger Clause: Swagger is banned
|rule|Baton Pass Clause: Limit one PokÃ©mon knowing Baton Pass
|teampreview
|join|scrub101
|
|start
|switch|p1a: Thundurus|Thundurus, M|299\/299
|switch|p2a: Vaporeon|Vaporeon, M|464\/464
|turn|1
|
|move|p2a: Vaporeon|Protect|p2a: Vaporeon
|-singleturn|p2a: Vaporeon|Protect
|move|p1a: Thundurus|Thunderbolt|p2a: Vaporeon
|-activate|p2a: Vaporeon|Protect
|
|turn|2
|
|switch|p2a: Zapdos|Zapdos|384\/384
|-ability|p2a: Zapdos|Pressure
|move|p1a: Thundurus|Knock Off|p2a: Zapdos
|-damage|p2a: Zapdos|280\/384
|-enditem|p2a: Zapdos|Leftovers|[from] move: Knock Off|[of] p1a: Thundurus
|-damage|p1a: Thundurus|270\/299|[from] item: Life Orb
|
|turn|3
|
|switch|p1a: Sceptile|Sceptile, M|299\/299
|move|p2a: Zapdos|Thunderbolt|p1a: Sceptile
|-resisted|p1a: Sceptile
|-damage|p1a: Sceptile|218\/299
|
|turn|4
|
|detailschange|p1a: Sceptile|Sceptile-Mega, M
|message|Sceptile has Mega Evolved into Mega Sceptile!
|move|p1a: Sceptile|Substitute|p1a: Sceptile
|-start|p1a: Sceptile|Substitute
|-damage|p1a: Sceptile|144\/299
|move|p2a: Zapdos|Hidden Power|p1a: Sceptile
|-supereffective|p1a: Sceptile
|-end|p1a: Sceptile|Substitute
|
|turn|5
|join|RoadToLevelCap
|
|switch|p1a: Hippowdon|Hippowdon, M|417\/417
|-weather|Sandstorm
|move|p2a: Zapdos|Hidden Power|p1a: Hippowdon
|-supereffective|p1a: Hippowdon
|-damage|p1a: Hippowdon|269\/417
|
|-weather|Sandstorm|[upkeep]
|-damage|p2a: Zapdos|256\/384|[from] sandstorm
|-heal|p1a: Hippowdon|295\/417|[from] item: Leftovers
|turn|6
|
|switch|p2a: Vaporeon|Vaporeon, M|464\/464
|move|p1a: Hippowdon|Stealth Rock|p2a: Vaporeon
|-sidestart|p2: dukevesper|move: Stealth Rock
|
|-weather|Sandstorm|[upkeep]
|-damage|p2a: Vaporeon|435\/464|[from] sandstorm
|-heal|p2a: Vaporeon|464\/464|[from] item: Leftovers
|-heal|p1a: Hippowdon|321\/417|[from] item: Leftovers
|turn|7
|
|switch|p1a: Azumarill|Azumarill, F|401\/401
|move|p2a: Vaporeon|Scald|p1a: Azumarill
|-resisted|p1a: Azumarill
|-damage|p1a: Azumarill|360\/401
|
|-weather|Sandstorm|[upkeep]
|-damage|p2a: Vaporeon|435\/464|[from] sandstorm
|-damage|p1a: Azumarill|335\/401|[from] sandstorm
|-heal|p2a: Vaporeon|464\/464|[from] item: Leftovers
|turn|8
|join|Fusion Samurai
|
|move|p2a: Vaporeon|Scald|p1a: Azumarill
|-resisted|p1a: Azumarill
|-damage|p1a: Azumarill|297\/401
|move|p1a: Azumarill|Play Rough|p2a: Vaporeon
|-damage|p2a: Vaporeon|172\/464
|
|-weather|Sandstorm|[upkeep]
|-damage|p2a: Vaporeon|143\/464|[from] sandstorm
|-damage|p1a: Azumarill|272\/401|[from] sandstorm
|-heal|p2a: Vaporeon|172\/464|[from] item: Leftovers
|turn|9
|
|move|p2a: Vaporeon|Scald|p1a: Azumarill
|-resisted|p1a: Azumarill
|-damage|p1a: Azumarill|235\/401
|-status|p1a: Azumarill|brn
|move|p1a: Azumarill|Play Rough|p2a: Vaporeon
|-damage|p2a: Vaporeon|18\/464
|
|-weather|none
|-heal|p2a: Vaporeon|47\/464|[from] item: Leftovers
|-damage|p1a: Azumarill|185\/401 brn|[from] brn
|turn|10
|
|move|p2a: Vaporeon|Protect|p2a: Vaporeon
|-singleturn|p2a: Vaporeon|Protect
|move|p1a: Azumarill|Play Rough|p2a: Vaporeon
|-activate|p2a: Vaporeon|Protect
|
|-heal|p2a: Vaporeon|76\/464|[from] item: Leftovers
|-damage|p1a: Azumarill|135\/401 brn|[from] brn
|turn|11
|
|move|p2a: Vaporeon|Protect|p2a: Vaporeon
|-singleturn|p2a: Vaporeon|Protect
|move|p1a: Azumarill|Play Rough|p2a: Vaporeon
|-activate|p2a: Vaporeon|Protect
|
|-heal|p2a: Vaporeon|105\/464|[from] item: Leftovers
|-damage|p1a: Azumarill|85\/401 brn|[from] brn
|turn|12
|
|switch|p1a: Sceptile|Sceptile-Mega, M|144\/299
|move|p2a: Vaporeon|Wish|p2a: Vaporeon
|
|-heal|p2a: Vaporeon|134\/464|[from] item: Leftovers
|turn|13
|
|switch|p2a: Zapdos|Zapdos|256\/384
|-damage|p2a: Zapdos|160\/384|[from] Stealth Rock
|-ability|p2a: Zapdos|Pressure
|move|p1a: Sceptile|Giga Drain|p2a: Zapdos
|-resisted|p2a: Zapdos
|-damage|p2a: Zapdos|76\/384
|-heal|p1a: Sceptile|186\/299|[from] drain|[of] p2a: Zapdos
|
|-heal|p2a: Zapdos|308\/384|[from] move: Wish|[wisher] Vaporeon
|turn|14
|
|switch|p1a: Latios|Latios, M|301\/301
|move|p2a: Zapdos|Hidden Power|p1a: Latios
|-supereffective|p1a: Latios
|-damage|p1a: Latios|179\/301
|
|turn|15
|
|switch|p2a: Vaporeon|Vaporeon, M|134\/464
|-damage|p2a: Vaporeon|76\/464|[from] Stealth Rock
|move|p1a: Latios|Draco Meteor|p2a: Vaporeon
|-damage|p2a: Vaporeon|0 fnt
|-unboost|p1a: Latios|spa|2
|-damage|p1a: Latios|149\/301|[from] item: Life Orb
|faint|p2a: Vaporeon
|
|
|switch|p2a: Zapdos|Zapdos|308\/384
|-damage|p2a: Zapdos|212\/384|[from] Stealth Rock
|-ability|p2a: Zapdos|Pressure
|turn|16
|
|switch|p1a: Thundurus|Thundurus, M|270\/299
|move|p2a: Zapdos|Defog|p1a: Thundurus
|-unboost|p1a: Thundurus|evasion|1
|-sideend|p2: dukevesper|Stealth Rock|[from] move: Defog|[of] p2a: Zapdos
|
|turn|17
|
|move|p1a: Thundurus|Thunderbolt|p2a: Zapdos
|-damage|p2a: Zapdos|17\/384
|-damage|p1a: Thundurus|241\/299|[from] item: Life Orb
|move|p2a: Zapdos|Roost|p2a: Zapdos
|-heal|p2a: Zapdos|209\/384
|
|turn|18
|
|move|p1a: Thundurus|Thunderbolt|p2a: Zapdos
|-damage|p2a: Zapdos|17\/384
|-damage|p1a: Thundurus|212\/299|[from] item: Life Orb
|move|p2a: Zapdos|Roost|p2a: Zapdos
|-heal|p2a: Zapdos|209\/384
|
|turn|19
|
|move|p1a: Thundurus|Thunderbolt|p2a: Zapdos
|-damage|p2a: Zapdos|0 fnt
|-damage|p1a: Thundurus|183\/299|[from] item: Life Orb
|faint|p2a: Zapdos
|
|
|switch|p2a: Talonflame|Talonflame, F|297\/297
|turn|20
|
|move|p1a: Thundurus|Thunder Wave|p2a: Talonflame
|-status|p2a: Talonflame|par
|move|p2a: Talonflame|Flare Blitz|p1a: Thundurus
|-damage|p1a: Thundurus|0 fnt
|-damage|p2a: Talonflame|237\/297 par|[from] recoil|[of] p1a: Thundurus
|faint|p1a: Thundurus
|
|
|switch|p1a: Talonflame|Talonflame, M|321\/321
|turn|21
|
|move|p2a: Talonflame|Brave Bird|p1a: Talonflame
|-damage|p1a: Talonflame|72\/321
|-damage|p2a: Talonflame|155\/297 par|[from] recoil|[of] p1a: Talonflame
|move|p1a: Talonflame|Taunt|p2a: Talonflame
|-start|p2a: Talonflame|move: Taunt
|
|turn|22
|
|move|p1a: Talonflame|Roost|p1a: Talonflame
|-heal|p1a: Talonflame|233\/321
|move|p2a: Talonflame|Brave Bird|p1a: Talonflame
|-damage|p1a: Talonflame|4\/321
|-damage|p2a: Talonflame|79\/297 par|[from] recoil|[of] p1a: Talonflame
|
|turn|23
|
|switch|p1a: Azumarill|Azumarill, F|85\/401 brn
|move|p2a: Talonflame|Brave Bird|p1a: Azumarill
|-damage|p1a: Azumarill|0 fnt
|-damage|p2a: Talonflame|51\/297 par|[from] recoil|[of] p1a: Azumarill
|faint|p1a: Azumarill
|
|
|switch|p1a: Talonflame|Talonflame, M|4\/321
|turn|24
|
|move|p1a: Talonflame|Roost|p1a: Talonflame
|-heal|p1a: Talonflame|165\/321
|cant|p2a: Talonflame|par
|
|-end|p2a: Talonflame|move: Taunt
|turn|25
|
|move|p1a: Talonflame|Brave Bird|p2a: Talonflame
|-damage|p2a: Talonflame|0 fnt
|-damage|p1a: Talonflame|148\/321|[from] recoil|[of] p2a: Talonflame
|faint|p2a: Talonflame
|
|
|switch|p2a: Salamence|Salamence, F|331\/331
|-ability|p2a: Salamence|Intimidate|[of] p1a: Talonflame
|-unboost|p1a: Talonflame|atk|1
|turn|26
|
|switch|p2a: Gothitelle|Gothitelle, M|344\/344
|move|p1a: Talonflame|Taunt|p2a: Gothitelle
|-start|p2a: Gothitelle|move: Taunt
|
|turn|27
|
|move|p1a: Talonflame|Brave Bird|p2a: Gothitelle
|-damage|p2a: Gothitelle|221\/344
|-damage|p1a: Talonflame|107\/321|[from] recoil|[of] p2a: Gothitelle
|move|p2a: Gothitelle|Thunderbolt|p1a: Talonflame
|-supereffective|p1a: Talonflame
|-damage|p1a: Talonflame|0 fnt
|faint|p1a: Talonflame
|
|
|switch|p1a: Sceptile|Sceptile-Mega, M|186\/299
|turn|28
|
|switch|p2a: Diggersby|Diggersby, F|311\/311
|move|p1a: Sceptile|Substitute|p1a: Sceptile
|-start|p1a: Sceptile|Substitute
|-damage|p1a: Sceptile|112\/299
|
|turn|29
|
|move|p2a: Diggersby|Quick Attack|p1a: Sceptile
|-end|p1a: Sceptile|Substitute
|move|p1a: Sceptile|Giga Drain|p2a: Diggersby
|-supereffective|p2a: Diggersby
|-enditem|p2a: Diggersby|Focus Sash
|-damage|p2a: Diggersby|1\/311
|-heal|p1a: Sceptile|267\/299|[from] drain|[of] p2a: Diggersby
|
|turn|30
|
|move|p2a: Diggersby|Quick Attack|p1a: Sceptile
|-crit|p1a: Sceptile
|-damage|p1a: Sceptile|90\/299
|move|p1a: Sceptile|Giga Drain|p2a: Diggersby
|-supereffective|p2a: Diggersby
|-damage|p2a: Diggersby|0 fnt
|-heal|p1a: Sceptile|91\/299|[from] drain|[of] p2a: Diggersby
|faint|p2a: Diggersby
|
|
|switch|p2a: Salamence|Salamence, F|331\/331
|-ability|p2a: Salamence|Intimidate|[of] p1a: Sceptile
|-unboost|p1a: Sceptile|atk|1
|turn|31
|
|detailschange|p2a: Salamence|Salamence-Mega, F
|message|Salamence has Mega Evolved into Mega Salamence!
|move|p1a: Sceptile|Dragon Pulse|p2a: Salamence
|-supereffective|p2a: Salamence
|-damage|p2a: Salamence|0 fnt
|faint|p2a: Salamence
|
|
|switch|p2a: Gothitelle|Gothitelle, M|221\/344
|turn|32
|
|move|p1a: Sceptile|Giga Drain|p2a: Gothitelle
|-damage|p2a: Gothitelle|77\/344
|-heal|p1a: Sceptile|163\/299|[from] drain|[of] p2a: Gothitelle
|move|p2a: Gothitelle|Psychic|p1a: Sceptile
|-damage|p1a: Sceptile|0 fnt
|faint|p1a: Sceptile
|
|
|switch|p1a: Latios|Latios, M|149\/301
|turn|33
|
|move|p1a: Latios|Draco Meteor|p2a: Gothitelle
|-damage|p2a: Gothitelle|0 fnt
|-unboost|p1a: Latios|spa|2
|-damage|p1a: Latios|119\/301|[from] item: Life Orb
|faint|p2a: Gothitelle
|
|win|dont know why
|raw|Ladder updating...
|raw|dont know why's rating: 1432 &rarr; <strong>1458<\/strong><br \/>(+26 for winning)
|raw|dukevesper's rating: 1542 &rarr; <strong>1516<\/strong><br \/>(-26 for losing)
|leave|dukevesper
|player|p2