|join|DumberThanSlowpoke
|join|dukevesper
|player|p1|DumberThanSlowpoke|168
|player|p2|dukevesper|290
|gametype|singles
|gen|6
|tier|ORAS OU
|rated
|rule|Sleep Clause Mod: Limit one foe put to sleep
|rule|Species Clause: Limit one of each PokÃ©mon
|rule|OHKO Clause: OHKO moves are banned
|rule|Moody Clause: Moody is banned
|rule|Evasion Moves Clause: Evasion moves are banned
|rule|Endless Battle Clause: Forcing endless battles is banned
|rule|HP Percentage Mod: HP is shown in percentages
|clearpoke
|poke|p1|Beedrill, M
|poke|p1|Magnezone
|poke|p1|Rotom-Wash
|poke|p1|Excadrill, M
|poke|p1|Landorus-Therian, M
|poke|p1|Keldeo
|poke|p2|Altaria, M
|poke|p2|Magnezone
|poke|p2|Talonflame, F
|poke|p2|Ferrothorn, M
|poke|p2|Starmie
|poke|p2|Landorus-Therian, M
|rule|Swagger Clause: Swagger is banned
|rule|Baton Pass Clause: Limit one PokÃ©mon knowing Baton Pass
|teampreview
|
|start
|switch|p1a: Rotom-Wash|Rotom-Wash|304\/304
|switch|p2a: Landorus-Therian|Landorus-Therian, M|320\/320
|-ability|p2a: Landorus-Therian|Intimidate|[of] p1a: Rotom-Wash
|-unboost|p1a: Rotom-Wash|atk|1
|turn|1
|
|move|p2a: Landorus-Therian|U-turn|p1a: Rotom-Wash
|-damage|p1a: Rotom-Wash|241\/304
|
|switch|p2a: Ferrothorn|Ferrothorn, M|352\/352
|move|p1a: Rotom-Wash|Will-O-Wisp|p2a: Ferrothorn
|-status|p2a: Ferrothorn|brn
|
|-heal|p1a: Rotom-Wash|260\/304|[from] item: Leftovers
|-damage|p2a: Ferrothorn|308\/352 brn|[from] brn
|turn|2
|
|switch|p2a: Landorus-Therian|Landorus-Therian, M|320\/320
|-ability|p2a: Landorus-Therian|Intimidate|[of] p1a: Rotom-Wash
|-unboost|p1a: Rotom-Wash|atk|1
|move|p1a: Rotom-Wash|Volt Switch|p2a: Landorus-Therian
|-immune|p2a: Landorus-Therian|[msg]
|
|-heal|p1a: Rotom-Wash|279\/304|[from] item: Leftovers
|turn|3
|
|move|p2a: Landorus-Therian|U-turn|p1a: Rotom-Wash
|-damage|p1a: Rotom-Wash|216\/304
|
|switch|p2a: Magnezone|Magnezone|281\/281
|move|p1a: Rotom-Wash|Hydro Pump|p2a: Magnezone|[miss]
|-miss|p1a: Rotom-Wash|p2a: Magnezone
|
|-heal|p1a: Rotom-Wash|235\/304|[from] item: Leftovers
|turn|4
|
|move|p1a: Rotom-Wash|Volt Switch|p2a: Magnezone
|-resisted|p2a: Magnezone
|-damage|p2a: Magnezone|234\/281
|
|switch|p1a: Landorus-Therian|Landorus-Therian, M|382\/382
|-ability|p1a: Landorus-Therian|Intimidate|[of] p2a: Magnezone
|-unboost|p2a: Magnezone|atk|1
|move|p2a: Magnezone|Volt Switch|p1a: Landorus-Therian
|-immune|p1a: Landorus-Therian|[msg]
|
|turn|5
|
|switch|p2a: Ferrothorn|Ferrothorn, M|308\/352 brn
|move|p1a: Landorus-Therian|Stealth Rock|p2a: Ferrothorn
|-sidestart|p2: dukevesper|move: Stealth Rock
|
|-heal|p2a: Ferrothorn|330\/352 brn|[from] item: Leftovers
|-damage|p2a: Ferrothorn|286\/352 brn|[from] brn
|turn|6
|
|switch|p2a: Altaria|Altaria, M|291\/291
|-damage|p2a: Altaria|219\/291|[from] Stealth Rock
|-ability|p2a: Altaria|Cloud Nine
|move|p1a: Landorus-Therian|U-turn|p2a: Altaria
|-resisted|p2a: Altaria
|-damage|p2a: Altaria|171\/291
|
|switch|p1a: Magnezone|Magnezone|324\/324
|
|turn|7
|
|move|p2a: Altaria|Earthquake|p1a: Magnezone
|-supereffective|p1a: Magnezone
|-damage|p1a: Magnezone|24\/324
|move|p1a: Magnezone|Volt Switch|p2a: Altaria
|-damage|p2a: Altaria|0 fnt
|faint|p2a: Altaria
|
|switch|p1a: Rotom-Wash|Rotom-Wash|235\/304
|
|-heal|p1a: Rotom-Wash|254\/304|[from] item: Leftovers
|
|switch|p2a: Ferrothorn|Ferrothorn, M|286\/352 brn
|-damage|p2a: Ferrothorn|264\/352 brn|[from] Stealth Rock
|turn|8
|
|move|p1a: Rotom-Wash|Volt Switch|p2a: Ferrothorn
|-resisted|p2a: Ferrothorn
|-damage|p2a: Ferrothorn|227\/352 brn
|
|switch|p1a: Magnezone|Magnezone|24\/324
|move|p2a: Ferrothorn|Leech Seed|p1a: Magnezone
|-start|p1a: Magnezone|move: Leech Seed
|
|-heal|p2a: Ferrothorn|249\/352 brn|[from] item: Leftovers
|-damage|p1a: Magnezone|0 fnt|[from] Leech Seed|[of] p2a: Ferrothorn
|-heal|p2a: Ferrothorn|273\/352 brn|[silent]
|-damage|p2a: Ferrothorn|229\/352 brn|[from] brn
|faint|p1a: Magnezone
|
|switch|p1a: Keldeo|Keldeo|322\/322
|turn|9
|
|move|p1a: Keldeo|Hydro Pump|p2a: Ferrothorn
|-crit|p2a: Ferrothorn
|-resisted|p2a: Ferrothorn
|-damage|p2a: Ferrothorn|47\/352 brn
|move|p2a: Ferrothorn|Thunder Wave|p1a: Keldeo
|-status|p1a: Keldeo|par
|
|-heal|p2a: Ferrothorn|69\/352 brn|[from] item: Leftovers
|-damage|p2a: Ferrothorn|25\/352 brn|[from] brn
|turn|10
|
|switch|p1a: Rotom-Wash|Rotom-Wash|254\/304
|move|p2a: Ferrothorn|Stealth Rock|p1a: Rotom-Wash
|-sidestart|p1: DumberThanSlowpoke|move: Stealth Rock
|
|-heal|p1a: Rotom-Wash|273\/304|[from] item: Leftovers
|-heal|p2a: Ferrothorn|47\/352 brn|[from] item: Leftovers
|-damage|p2a: Ferrothorn|3\/352 brn|[from] brn
|turn|11
|
|move|p1a: Rotom-Wash|Volt Switch|p2a: Ferrothorn
|-crit|p2a: Ferrothorn
|-resisted|p2a: Ferrothorn
|-damage|p2a: Ferrothorn|0 fnt
|faint|p2a: Ferrothorn
|
|switch|p1a: Landorus-Therian|Landorus-Therian, M|382\/382
|-damage|p1a: Landorus-Therian|335\/382|[from] Stealth Rock
|
|-heal|p1a: Landorus-Therian|358\/382|[from] item: Leftovers
|
|switch|p2a: Starmie|Starmie|262\/262
|-damage|p2a: Starmie|230\/262|[from] Stealth Rock
|turn|12
|
|switch|p1a: Rotom-Wash|Rotom-Wash|273\/304
|-damage|p1a: Rotom-Wash|235\/304|[from] Stealth Rock
|move|p2a: Starmie|Rapid Spin|p1a: Rotom-Wash
|-damage|p1a: Rotom-Wash|223\/304
|-sideend|p2: dukevesper|Stealth Rock|[from] move: Rapid Spin|[of] p2a: Starmie
|-damage|p2a: Starmie|204\/262|[from] item: Life Orb
|
|-heal|p1a: Rotom-Wash|242\/304|[from] item: Leftovers
|turn|13
|
|move|p2a: Starmie|Psychic|p1a: Rotom-Wash
|-damage|p1a: Rotom-Wash|81\/304
|-damage|p2a: Starmie|178\/262|[from] item: Life Orb
|move|p1a: Rotom-Wash|Volt Switch|p2a: Starmie
|-supereffective|p2a: Starmie
|-damage|p2a: Starmie|0 fnt
|faint|p2a: Starmie
|
|switch|p1a: Excadrill|Excadrill, M|391\/391
|-damage|p1a: Excadrill|379\/391|[from] Stealth Rock
|-ability|p1a: Excadrill|Mold Breaker
|
|
|switch|p2a: Landorus-Therian|Landorus-Therian, M|320\/320
|-ability|p2a: Landorus-Therian|Intimidate|[of] p1a: Excadrill
|-unboost|p1a: Excadrill|atk|1
|turn|14
|
|switch|p1a: Landorus-Therian|Landorus-Therian, M|358\/382
|-damage|p1a: Landorus-Therian|311\/382|[from] Stealth Rock
|-ability|p1a: Landorus-Therian|Intimidate|[of] p2a: Landorus-Therian
|-unboost|p2a: Landorus-Therian|atk|1
|move|p2a: Landorus-Therian|U-turn|p1a: Landorus-Therian
|-resisted|p1a: Landorus-Therian
|-damage|p1a: Landorus-Therian|288\/382
|
|switch|p2a: Magnezone|Magnezone|234\/281
|
|-heal|p1a: Landorus-Therian|311\/382|[from] item: Leftovers
|turn|15
|
|move|p1a: Landorus-Therian|Stealth Rock|p2a: Magnezone
|-sidestart|p2: dukevesper|move: Stealth Rock
|move|p2a: Magnezone|Flash Cannon|p1a: Landorus-Therian
|-damage|p1a: Landorus-Therian|44\/382
|-unboost|p1a: Landorus-Therian|spd|1
|
|-heal|p1a: Landorus-Therian|67\/382|[from] item: Leftovers
|turn|16
|
|move|p1a: Landorus-Therian|U-turn|p2a: Magnezone
|-resisted|p2a: Magnezone
|-damage|p2a: Magnezone|202\/281
|
|switch|p1a: Excadrill|Excadrill, M|379\/391
|-damage|p1a: Excadrill|367\/391|[from] Stealth Rock
|-ability|p1a: Excadrill|Mold Breaker
|move|p2a: Magnezone|Flash Cannon|p1a: Excadrill
|-resisted|p1a: Excadrill
|-damage|p1a: Excadrill|293\/391
|
|turn|17
|
|switch|p2a: Landorus-Therian|Landorus-Therian, M|320\/320
|-damage|p2a: Landorus-Therian|280\/320|[from] Stealth Rock
|-ability|p2a: Landorus-Therian|Intimidate|[of] p1a: Excadrill
|-unboost|p1a: Excadrill|atk|1
|move|p1a: Excadrill|Rapid Spin|p2a: Landorus-Therian
|-damage|p2a: Landorus-Therian|262\/320
|-sideend|p1: DumberThanSlowpoke|Stealth Rock|[from] move: Rapid Spin|[of] p1a: Excadrill
|
|turn|18
|
|switch|p1a: Landorus-Therian|Landorus-Therian, M|67\/382
|-ability|p1a: Landorus-Therian|Intimidate|[of] p2a: Landorus-Therian
|-unboost|p2a: Landorus-Therian|atk|1
|move|p2a: Landorus-Therian|Knock Off|p1a: Landorus-Therian
|-damage|p1a: Landorus-Therian|0 fnt
|-enditem|p1a: Landorus-Therian|Leftovers|[from] move: Knock Off|[of] p2a: Landorus-Therian
|faint|p1a: Landorus-Therian
|
|
|switch|p1a: Keldeo|Keldeo|322\/322 par
|turn|19
|
|switch|p2a: Magnezone|Magnezone|202\/281
|-damage|p2a: Magnezone|185\/281|[from] Stealth Rock
|cant|p1a: Keldeo|par
|
|turn|20
|
|switch|p1a: Excadrill|Excadrill, M|293\/391
|-ability|p1a: Excadrill|Mold Breaker
|move|p2a: Magnezone|Hidden Power|p1a: Excadrill
|-supereffective|p1a: Excadrill
|-damage|p1a: Excadrill|139\/391
|
|turn|21
|
|switch|p2a: Landorus-Therian|Landorus-Therian, M|262\/320
|-damage|p2a: Landorus-Therian|222\/320|[from] Stealth Rock
|-ability|p2a: Landorus-Therian|Intimidate|[of] p1a: Excadrill
|-unboost|p1a: Excadrill|atk|1
|move|p1a: Excadrill|Earthquake|p2a: Landorus-Therian
|-immune|p2a: Landorus-Therian|[msg]
|
|turn|22
|
|move|p2a: Landorus-Therian|U-turn|p1a: Excadrill
|-resisted|p1a: Excadrill
|-damage|p1a: Excadrill|73\/391
|
|switch|p2a: Talonflame|Talonflame, F|298\/298
|-damage|p2a: Talonflame|149\/298|[from] Stealth Rock
|move|p1a: Excadrill|Iron Head|p2a: Talonflame
|-resisted|p2a: Talonflame
|-damage|p2a: Talonflame|83\/298
|
|turn|23
|
|move|p2a: Talonflame|Flare Blitz|p1a: Excadrill
|-supereffective|p1a: Excadrill
|-damage|p1a: Excadrill|0 fnt
|-damage|p2a: Talonflame|59\/298|[from] recoil|[of] p1a: Excadrill
|faint|p1a: Excadrill
|
|
|switch|p1a: Keldeo|Keldeo|322\/322 par
|turn|24
|
|move|p2a: Talonflame|Roost|p2a: Talonflame
|-heal|p2a: Talonflame|208\/298
|move|p1a: Keldeo|Scald|p2a: Talonflame
|-supereffective|p2a: Talonflame
|-damage|p2a: Talonflame|0 fnt
|faint|p2a: Talonflame
|
|
|switch|p2a: Magnezone|Magnezone|185\/281
|-damage|p2a: Magnezone|168\/281|[from] Stealth Rock
|turn|25
|
|switch|p1a: Rotom-Wash|Rotom-Wash|81\/304
|move|p2a: Magnezone|Volt Switch|p1a: Rotom-Wash
|-damage|p1a: Rotom-Wash|0 fnt
|faint|p1a: Rotom-Wash
|
|switch|p2a: Landorus-Therian|Landorus-Therian, M|222\/320
|-damage|p2a: Landorus-Therian|182\/320|[from] Stealth Rock
|
|
|switch|p1a: Keldeo|Keldeo|322\/322 par
|turn|26
|
|move|p2a: Landorus-Therian|U-turn|p1a: Keldeo
|-resisted|p1a: Keldeo
|-damage|p1a: Keldeo|272\/322 par
|
|switch|p2a: Magnezone|Magnezone|168\/281
|-damage|p2a: Magnezone|151\/281|[from] Stealth Rock
|move|p1a: Keldeo|Scald|p2a: Magnezone
|-damage|p2a: Magnezone|0 fnt
|faint|p2a: Magnezone
|
|
|switch|p2a: Landorus-Therian|Landorus-Therian, M|182\/320
|-damage|p2a: Landorus-Therian|142\/320|[from] Stealth Rock
|-ability|p2a: Landorus-Therian|Intimidate|[of] p1a: Keldeo
|-unboost|p1a: Keldeo|atk|1
|turn|27
|c|âdukevesper|it all depends now if you get paralyzed or not since im scarf lando
|
|move|p2a: Landorus-Therian|Earthquake|p1a: Keldeo
|-damage|p1a: Keldeo|68\/322 par
|move|p1a: Keldeo|Scald|p2a: Landorus-Therian
|-supereffective|p2a: Landorus-Therian
|-damage|p2a: Landorus-Therian|0 fnt
|faint|p2a: Landorus-Therian
|
|win|DumberThanSlowpoke
|raw|Ladder updating...
|raw|DumberThanSlowpoke's rating: 1345 &rarr; <strong>1363<\/strong><br \/>(+18 for winning)
|raw|dukevesper's rating: 1302 &rarr; <strong>1285<\/strong><br \/>(-17 for losing)