|join|Adaranoy
|join|dukevesper
|player|p1|Adaranoy|278
|player|p2|dukevesper|266
|gametype|singles
|gen|6
|tier|OU
|rated
|clearpoke
|poke|p1|Wigglytuff, M
|poke|p1|Manectric, M
|poke|p1|Talonflame, F
|poke|p1|Octillery, F
|poke|p1|Latios, M
|poke|p1|Starmie
|poke|p2|Gardevoir, F, shiny
|poke|p2|Gyarados, M
|poke|p2|Landorus-Therian, M
|poke|p2|Talonflame, M
|poke|p2|Latios, M
|poke|p2|Garchomp, F
|rule|Swagger Clause: Swagger is banned
|rule|Baton Pass Clause: Limit one PokÃ©mon knowing Baton Pass
|rule|Sleep Clause Mod: Limit one foe put to sleep
|rule|Species Clause: Limit one of each PokÃ©mon
|rule|OHKO Clause: OHKO moves are banned
|rule|Moody Clause: Moody is banned
|rule|Evasion Moves Clause: Evasion moves are banned
|rule|Endless Battle Clause: Forcing endless battles is banned
|rule|HP Percentage Mod: HP is shown in percentages
|teampreview
|
|start
|switch|p1a: Wigglytuff|Wigglytuff, M|421\/421
|switch|p2a: Garchomp|Garchomp, F|358\/358
|turn|1
|
|switch|p2a: Landorus-Therian|Landorus-Therian, M|382\/382
|-ability|p2a: Landorus-Therian|Intimidate|[of] p1a: Wigglytuff
|-unboost|p1a: Wigglytuff|atk|1
|-boost|p1a: Wigglytuff|spa|2|[from] ability: Competitive
|move|p1a: Wigglytuff|Dazzling Gleam|p2a: Landorus-Therian
|-damage|p2a: Landorus-Therian|132\/382
|
|-heal|p2a: Landorus-Therian|155\/382|[from] item: Leftovers
|turn|2
|c|âdukevesper|holy crap its all ogre
|
|move|p2a: Landorus-Therian|Knock Off|p1a: Wigglytuff
|-resisted|p1a: Wigglytuff
|-damage|p1a: Wigglytuff|337\/421
|-enditem|p1a: Wigglytuff|Leftovers|[from] move: Knock Off|[of] p2a: Landorus-Therian
|move|p1a: Wigglytuff|Hyper Voice|p2a: Landorus-Therian
|-damage|p2a: Landorus-Therian|0 fnt
|faint|p2a: Landorus-Therian
|
|c|âAdaranoy|wat
|
|switch|p2a: Gyarados|Gyarados, M|332\/332
|-ability|p2a: Gyarados|Intimidate|[of] p1a: Wigglytuff
|-unboost|p1a: Wigglytuff|atk|1
|-boost|p1a: Wigglytuff|spa|2|[from] ability: Competitive
|turn|3
|
|move|p2a: Gyarados|Bounce|p1a: Wigglytuff|[still]
|-prepare|p2a: Gyarados|Bounce|p1a: Wigglytuff
|move|p1a: Wigglytuff|Dazzling Gleam|p2a: Gyarados
|-miss|p1a: Wigglytuff|p2a: Gyarados
|
|turn|4
|c|âdukevesper|like all my team have intimidate
|
|move|p2a: Gyarados|Bounce|p1a: Wigglytuff|[miss]
|-miss|p2a: Gyarados|p1a: Wigglytuff
|move|p1a: Wigglytuff|Hyper Voice|p2a: Gyarados
|-damage|p2a: Gyarados|0 fnt
|faint|p2a: Gyarados
|
|c|âdukevesper|and i missed
|
|switch|p2a: Talonflame|Talonflame, M|298\/298
|turn|5
|
|move|p2a: Talonflame|Brave Bird|p1a: Wigglytuff
|-damage|p1a: Wigglytuff|52\/421
|-damage|p2a: Talonflame|204\/298|[from] recoil|[of] p1a: Wigglytuff
|move|p1a: Wigglytuff|Hyper Voice|p2a: Talonflame
|-damage|p2a: Talonflame|0 fnt
|faint|p2a: Talonflame
|
|
|switch|p2a: Latios|Latios, M|302\/302
|turn|6
|
|move|p2a: Latios|Psyshock|p1a: Wigglytuff
|-damage|p1a: Wigglytuff|0 fnt
|-damage|p2a: Latios|272\/302|[from] item: Life Orb
|faint|p1a: Wigglytuff
|
|
|switch|p1a: Latios|Latios, M|315\/315
|turn|7
|
|switch|p2a: Aire|Gardevoir, F, shiny|278\/278
|-ability|p2a: Aire|Levitate|[from] ability: Trace|[of] p1a: Latios
|move|p1a: Latios|Draco Meteor|p2a: Aire
|-immune|p2a: Aire|[msg]
|
|turn|8
|
|switch|p1a: Talonflame|Talonflame, F|297\/297
|detailschange|p2a: Aire|Gardevoir-Mega, F, shiny
|message|Gardevoir has Mega Evolved into Mega Gardevoir!
|move|p2a: Aire|Psyshock|p1a: Talonflame
|-damage|p1a: Talonflame|57\/297
|
|turn|9
|
|switch|p2a: Garchomp|Garchomp, F|358\/358
|move|p1a: Talonflame|U-turn|p2a: Garchomp
|-damage|p2a: Garchomp|300\/358
|-damage|p1a: Talonflame|20\/297|[from] ability: Rough Skin|[of] p2a: Garchomp
|
|switch|p1a: Octillery|Octillery, F|330\/330
|
|turn|10
|
|switch|p2a: Aire|Gardevoir-Mega, F, shiny|278\/278
|move|p1a: Octillery|Scald|p2a: Aire
|-damage|p2a: Aire|149\/278
|
|turn|11
|
|move|p2a: Aire|Hyper Voice|p1a: Octillery
|-damage|p1a: Octillery|80\/330
|move|p1a: Octillery|Scald|p2a: Aire
|-damage|p2a: Aire|20\/278
|-status|p2a: Aire|brn
|
|-damage|p2a: Aire|0 fnt|[from] brn
|faint|p2a: Aire
|
|switch|p2a: Latios|Latios, M|272\/302
|turn|12
|
|move|p2a: Latios|Psyshock|p1a: Octillery
|-damage|p1a: Octillery|0 fnt
|-damage|p2a: Latios|242\/302|[from] item: Life Orb
|faint|p1a: Octillery
|
|
|switch|p1a: Talonflame|Talonflame, F|20\/297
|turn|13
|
|switch|p2a: Garchomp|Garchomp, F|300\/358
|move|p1a: Talonflame|Brave Bird|p2a: Garchomp
|-damage|p2a: Garchomp|158\/358
|-damage|p1a: Talonflame|0 fnt|[from] ability: Rough Skin|[of] p2a: Garchomp
|faint|p1a: Talonflame
|
|
|switch|p1a: Latios|Latios, M|315\/315
|turn|14
|
|switch|p2a: Latios|Latios, M|242\/302
|move|p1a: Latios|Draco Meteor|p2a: Latios
|-supereffective|p2a: Latios
|-damage|p2a: Latios|0 fnt
|-unboost|p1a: Latios|spa|2
|faint|p2a: Latios
|
|
|switch|p2a: Garchomp|Garchomp, F|158\/358
|turn|15
|
|switch|p1a: Starmie|Starmie|262\/262
|move|p2a: Garchomp|Outrage|p1a: Starmie
|-damage|p1a: Starmie|34\/262
|
|turn|16
|
|move|p2a: Garchomp|Outrage|p1a: Starmie
|-damage|p1a: Starmie|0 fnt
|faint|p1a: Starmie
|
|
|switch|p1a: Latios|Latios, M|315\/315
|turn|17
|
|move|p1a: Latios|Draco Meteor|p2a: Garchomp|[miss]
|-miss|p1a: Latios|p2a: Garchomp
|move|p2a: Garchomp|Outrage|p1a: Latios
|-supereffective|p1a: Latios
|-damage|p1a: Latios|0 fnt
|faint|p1a: Latios
|
|-end|p2a: Garchomp|rampage
|-start|p2a: Garchomp|confusion
|c|âAdaranoy|...
|
|switch|p1a: Manectric|Manectric, M|282\/282
|turn|18
|
|detailschange|p1a: Manectric|Manectric-Mega, M
|message|Manectric has Mega Evolved into Mega Manectric!
|-ability|p1a: Manectric|Intimidate|[of] p2a: Garchomp
|-unboost|p2a: Garchomp|atk|1
|-activate|p2a: Garchomp|confusion
|-damage|p2a: Garchomp|122\/358|[from] confusion
|move|p1a: Manectric|Hidden Power|p2a: Garchomp
|-supereffective|p2a: Garchomp
|-damage|p2a: Garchomp|0 fnt
|faint|p2a: Garchomp
|
|win|Adaranoy
|raw|Ladder updating...
|raw|Adaranoy's rating: 1605 &rarr; <strong>1625<\/strong><br \/>(+20 for winning)
|raw|dukevesper's rating: 1606 &rarr; <strong>1586<\/strong><br \/>(-20 for losing)
|c|âdukevesper|lol gg
|c|âAdaranoy|gg