|join|dukevesper
|join|Guess That Gimmick
|player|p1|dukevesper|1
|player|p2|Guess That Gimmick|160
|gametype|singles
|gen|6
|tier|OU
|rated
|clearpoke
|poke|p1|Latios, M
|poke|p1|Talonflame, F
|poke|p1|Tyranitar, F
|poke|p1|Gyarados, F
|poke|p1|Excadrill, M
|poke|p1|Entei, shiny
|poke|p2|Flygon, F, shiny
|poke|p2|Klinklang
|poke|p2|Arcanine, F, shiny
|poke|p2|Ampharos, F, shiny
|poke|p2|Forretress, F, shiny
|poke|p2|Gengar, F, shiny
|rule|Sleep Clause Mod: Limit one foe put to sleep
|rule|Species Clause: Limit one of each Pokemon
|rule|OHKO Clause: OHKO moves are banned
|rule|Moody Clause: Moody is banned
|rule|Evasion Moves Clause: Evasion moves are banned
|rule|Endless Battle Clause: Forcing endless battles is banned.
|rule|HP Percentage Mod: HP is reported as percentages
|teampreview
|
|start
|switch|p1a: Tyranitar|Tyranitar, F|341\/341
|switch|p2a: Gengar|Gengar, F, shiny|323\/323
|-weather|Sandstorm
|turn|1
|
|move|p2a: Gengar|Taunt|p1a: Tyranitar
|-start|p1a: Tyranitar|move: Taunt
|cant|p1a: Tyranitar|move: Taunt|Stealth Rock
|
|-weather|Sandstorm|[upkeep]
|-damage|p2a: Gengar|303\/323|[from] sandstorm
|-heal|p2a: Gengar|323\/323|[from] item: Leftovers
|turn|2
|
|switch|p1a: Gyarados|Gyarados, F|332\/332
|-ability|p1a: Gyarados|Intimidate|[of] p2a: Gengar
|-unboost|p2a: Gengar|atk|1
|move|p2a: Gengar|Substitute|p2a: Gengar
|-start|p2a: Gengar|Substitute
|-damage|p2a: Gengar|243\/323
|
|-weather|Sandstorm|[upkeep]
|-damage|p2a: Gengar|223\/323|[from] sandstorm
|-damage|p1a: Gyarados|312\/332|[from] sandstorm
|-heal|p2a: Gengar|243\/323|[from] item: Leftovers
|turn|3
|
|detailschange|p1a: Gyarados|Gyarados-Mega, F
|message|Gyarados has Mega Evolved into Mega Gyarados!
|-ability|p1a: Gyarados|Mold Breaker
|move|p2a: Gengar|Taunt|p1a: Gyarados
|-start|p1a: Gyarados|move: Taunt
|cant|p1a: Gyarados|move: Taunt|Dragon Dance
|
|-weather|Sandstorm|[upkeep]
|-damage|p2a: Gengar|223\/323|[from] sandstorm
|-damage|p1a: Gyarados|292\/332|[from] sandstorm
|-heal|p2a: Gengar|243\/323|[from] item: Leftovers
|turn|4
|
|move|p2a: Gengar|Sludge Bomb|p1a: Gyarados
|-damage|p1a: Gyarados|181\/332
|move|p1a: Gyarados|Earthquake|p2a: Gengar
|-supereffective|p2a: Gengar
|-end|p2a: Gengar|Substitute
|
|-weather|Sandstorm|[upkeep]
|-damage|p2a: Gengar|223\/323|[from] sandstorm
|-damage|p1a: Gyarados|161\/332|[from] sandstorm
|-heal|p2a: Gengar|243\/323|[from] item: Leftovers
|turn|5
|
|move|p2a: Gengar|Disable|p1a: Gyarados
|-start|p1a: Gyarados|Disable|Earthquake
|cant|p1a: Gyarados|Disable|Earthquake
|
|-weather|none
|-heal|p2a: Gengar|263\/323|[from] item: Leftovers
|-end|p1a: Gyarados|move: Taunt
|turn|6
|
|move|p2a: Gengar|Substitute|p2a: Gengar
|-start|p2a: Gengar|Substitute
|-damage|p2a: Gengar|183\/323
|move|p1a: Gyarados|Waterfall|p2a: Gengar
|-end|p2a: Gengar|Substitute
|
|-heal|p2a: Gengar|203\/323|[from] item: Leftovers
|turn|7
|
|move|p2a: Gengar|Disable|p1a: Gyarados
|-fail|p1a: Gyarados
|move|p1a: Gyarados|Waterfall|p2a: Gengar
|-damage|p2a: Gengar|0 fnt
|faint|p2a: Gengar
|
|
|switch|p2a: Ampharos|Ampharos, F, shiny|322\/322
|turn|8
|
|detailschange|p2a: Ampharos|Ampharos-Mega, F, shiny
|message|Ampharos has Mega Evolved into Mega Ampharos!
|-ability|p2a: Ampharos|Mold Breaker
|move|p1a: Gyarados|Ice Fang|p2a: Ampharos
|-supereffective|p2a: Ampharos
|-damage|p2a: Ampharos|142\/322
|move|p2a: Ampharos|Agility|p2a: Ampharos
|-boost|p2a: Ampharos|spe|2
|
|-end|p1a: Gyarados|Disable
|turn|9
|
|move|p2a: Ampharos|Thunderbolt|p1a: Gyarados
|-supereffective|p1a: Gyarados
|-damage|p1a: Gyarados|0 fnt
|faint|p1a: Gyarados
|
|
|switch|p1a: Latios|Latios, M|302\/302
|turn|10
|
|move|p2a: Ampharos|Dragon Pulse|p1a: Latios
|-supereffective|p1a: Latios
|-damage|p1a: Latios|0 fnt
|faint|p1a: Latios
|
|
|switch|p1a: Tyranitar|Tyranitar, F|341\/341
|-weather|Sandstorm
|turn|11
|
|switch|p2a: Forretress|Forretress, F, shiny|354\/354
|switch|p1a: Excadrill|Excadrill, M|362\/362
|-item|p1a: Excadrill|Air Balloon
|
|-weather|Sandstorm|[upkeep]
|turn|12
|
|switch|p1a: Tyranitar|Tyranitar, F|341\/341
|move|p2a: Forretress|Rapid Spin|p1a: Tyranitar
|-resisted|p1a: Tyranitar
|-damage|p1a: Tyranitar|335\/341
|
|-weather|Sandstorm|[upkeep]
|turn|13
|
|move|p1a: Tyranitar|Fire Blast|p2a: Forretress
|-supereffective|p2a: Forretress
|-activate|p2a: Forretress|Sturdy
|-damage|p2a: Forretress|1\/354
|move|p2a: Forretress|Stealth Rock|p1a: Tyranitar
|-sidestart|p1: dukevesper|move: Stealth Rock
|
|-weather|Sandstorm|[upkeep]
|-heal|p2a: Forretress|23\/354|[from] item: Leftovers
|turn|14
|
|move|p1a: Tyranitar|Ice Beam|p2a: Forretress
|-crit|p2a: Forretress
|-resisted|p2a: Forretress
|-damage|p2a: Forretress|0 fnt
|faint|p2a: Forretress
|
|-weather|Sandstorm|[upkeep]
|
|switch|p2a: Flygon|Flygon, F, shiny|301\/301
|turn|15
|
|move|p2a: Flygon|U-turn|p1a: Tyranitar
|-supereffective|p1a: Tyranitar
|-damage|p1a: Tyranitar|145\/341
|
|switch|p2a: Ampharos|Ampharos-Mega, F, shiny|142\/322
|-ability|p2a: Ampharos|Mold Breaker
|move|p1a: Tyranitar|Ice Beam|p2a: Ampharos
|-supereffective|p2a: Ampharos
|-damage|p2a: Ampharos|0 fnt
|faint|p2a: Ampharos
|
|-weather|none
|
|switch|p2a: Arcanine|Arcanine, F, shiny|384\/384
|-ability|p2a: Arcanine|Intimidate|[of] p1a: Tyranitar
|-unboost|p1a: Tyranitar|atk|1
|turn|16
|
|switch|p1a: Talonflame|Talonflame, F|360\/360
|-damage|p1a: Talonflame|180\/360|[from] Stealth Rock
|move|p2a: Arcanine|Flare Blitz|p1a: Talonflame
|-resisted|p1a: Talonflame
|-damage|p1a: Talonflame|74\/360
|-damage|p2a: Arcanine|349\/384|[from] recoil|[of] p1a: Talonflame
|
|-heal|p1a: Talonflame|96\/360|[from] item: Leftovers
|-heal|p2a: Arcanine|373\/384|[from] item: Leftovers
|turn|17
|
|move|p1a: Talonflame|Roost|p1a: Talonflame
|-heal|p1a: Talonflame|276\/360
|move|p2a: Arcanine|Wild Charge|p1a: Talonflame
|-damage|p1a: Talonflame|181\/360
|-damage|p2a: Arcanine|349\/384|[from] recoil|[of] p1a: Talonflame
|
|-heal|p1a: Talonflame|203\/360|[from] item: Leftovers
|-heal|p2a: Arcanine|373\/384|[from] item: Leftovers
|turn|18
|
|move|p1a: Talonflame|Roost|p1a: Talonflame
|-heal|p1a: Talonflame|360\/360
|move|p2a: Arcanine|Wild Charge|p1a: Talonflame
|-damage|p1a: Talonflame|262\/360
|-damage|p2a: Arcanine|348\/384|[from] recoil|[of] p1a: Talonflame
|
|-heal|p1a: Talonflame|284\/360|[from] item: Leftovers
|-heal|p2a: Arcanine|372\/384|[from] item: Leftovers
|turn|19
|
|switch|p1a: Tyranitar|Tyranitar, F|145\/341
|-damage|p1a: Tyranitar|103\/341|[from] Stealth Rock
|-weather|Sandstorm
|move|p2a: Arcanine|Wild Charge|p1a: Tyranitar
|-damage|p1a: Tyranitar|28\/341
|-damage|p2a: Arcanine|353\/384|[from] recoil|[of] p1a: Tyranitar
|
|-weather|Sandstorm|[upkeep]
|-damage|p2a: Arcanine|329\/384|[from] sandstorm
|-heal|p2a: Arcanine|353\/384|[from] item: Leftovers
|turn|20
|
|move|p1a: Tyranitar|Ice Beam|p2a: Arcanine
|-resisted|p2a: Arcanine
|-damage|p2a: Arcanine|317\/384
|move|p2a: Arcanine|Flare Blitz|p1a: Tyranitar
|-resisted|p1a: Tyranitar
|-damage|p1a: Tyranitar|0 fnt
|-damage|p2a: Arcanine|308\/384|[from] recoil|[of] p1a: Tyranitar
|faint|p1a: Tyranitar
|
|-weather|Sandstorm|[upkeep]
|-damage|p2a: Arcanine|284\/384|[from] sandstorm
|-heal|p2a: Arcanine|308\/384|[from] item: Leftovers
|
|switch|p1a: Excadrill|Excadrill, M|362\/362
|-damage|p1a: Excadrill|351\/362|[from] Stealth Rock
|-item|p1a: Excadrill|Air Balloon
|turn|21
|
|switch|p2a: Flygon|Flygon, F, shiny|301\/301
|move|p1a: Excadrill|Earthquake|p2a: Flygon
|-immune|p2a: Flygon|[msg]
|
|-weather|Sandstorm|[upkeep]
|turn|22
|
|switch|p1a: Talonflame|Talonflame, F|284\/360
|-damage|p1a: Talonflame|104\/360|[from] Stealth Rock
|move|p2a: Flygon|U-turn|p1a: Talonflame
|-resisted|p1a: Talonflame
|-damage|p1a: Talonflame|68\/360
|
|switch|p2a: Arcanine|Arcanine, F, shiny|308\/384
|-ability|p2a: Arcanine|Intimidate|[of] p1a: Talonflame
|-unboost|p1a: Talonflame|atk|1
|
|-weather|Sandstorm|[upkeep]
|-damage|p1a: Talonflame|46\/360|[from] sandstorm
|-damage|p2a: Arcanine|284\/384|[from] sandstorm
|-heal|p1a: Talonflame|68\/360|[from] item: Leftovers
|-heal|p2a: Arcanine|308\/384|[from] item: Leftovers
|turn|23
|
|move|p1a: Talonflame|Roost|p1a: Talonflame
|-heal|p1a: Talonflame|248\/360
|move|p2a: Arcanine|Flare Blitz|p1a: Talonflame
|-resisted|p1a: Talonflame
|-damage|p1a: Talonflame|144\/360
|-damage|p2a: Arcanine|274\/384|[from] recoil|[of] p1a: Talonflame
|
|-weather|none
|-heal|p1a: Talonflame|166\/360|[from] item: Leftovers
|-heal|p2a: Arcanine|298\/384|[from] item: Leftovers
|turn|24
|
|switch|p2a: Flygon|Flygon, F, shiny|301\/301
|move|p1a: Talonflame|Roost|p1a: Talonflame
|-heal|p1a: Talonflame|346\/360
|
|-heal|p1a: Talonflame|360\/360|[from] item: Leftovers
|turn|25
|
|move|p2a: Flygon|Stone Edge|p1a: Talonflame
|-supereffective|p1a: Talonflame
|-damage|p1a: Talonflame|0 fnt
|faint|p1a: Talonflame
|
|
|switch|p1a: Entei|Entei, shiny|372\/372
|-damage|p1a: Entei|279\/372|[from] Stealth Rock
|-ability|p1a: Entei|Pressure
|turn|26
|
|move|p2a: Flygon|Stone Edge|p1a: Entei
|-supereffective|p1a: Entei
|-damage|p1a: Entei|0 fnt
|faint|p1a: Entei
|
|chat|dukevesper|gg
|
|switch|p1a: Excadrill|Excadrill, M|351\/362
|-damage|p1a: Excadrill|340\/362|[from] Stealth Rock
|-item|p1a: Excadrill|Air Balloon
|turn|27
|-message|dukevesper forfeited.
|
|win|Guess That Gimmick
|raw|Ladder updating...
|leave|dukevesper
|raw|dukevesper's rating: 1432 &rarr; <strong>1409<\/strong><br \/>(-23 for losing)
|raw|Guess That Gimmick's rating: 1383 &rarr; <strong>1406<\/strong><br \/>(+23 for winning)
|player|p1