|join|chatterbug
|join|dukevesper
|player|p1|chatterbug|101
|player|p2|dukevesper|290
|gametype|singles
|gen|6
|tier|OU
|rated
|clearpoke
|poke|p1|Skarmory, M
|poke|p1|Garchomp, F
|poke|p1|Manaphy
|poke|p1|Gardevoir, M
|poke|p1|Sylveon, F
|poke|p1|Scizor, M
|poke|p2|Politoed, M
|poke|p2|Kabutops, M
|poke|p2|Tornadus-Therian, M
|poke|p2|Scizor, M
|poke|p2|Thundurus-Therian, M
|poke|p2|Latios, M
|rule|Swagger Clause: Swagger is banned
|rule|Baton Pass Clause: Limit one PokÃ©mon knowing Baton Pass
|rule|Sleep Clause Mod: Limit one foe put to sleep
|rule|Species Clause: Limit one of each PokÃ©mon
|rule|OHKO Clause: OHKO moves are banned
|rule|Moody Clause: Moody is banned
|rule|Evasion Moves Clause: Evasion moves are banned
|rule|Endless Battle Clause: Forcing endless battles is banned
|rule|HP Percentage Mod: HP is shown in percentages
|teampreview
|
|start
|switch|p1a: Ballroom Beauty|Gardevoir, M|278\/278
|switch|p2a: Tornadus-Therian|Tornadus-Therian, M|300\/300
|turn|1
|
|detailschange|p1a: Ballroom Beauty|Gardevoir-Mega, M
|message|Gardevoir has Mega Evolved into Mega Gardevoir!
|move|p2a: Tornadus-Therian|Hurricane|p1a: Ballroom Beauty
|-damage|p1a: Ballroom Beauty|142\/278
|move|p1a: Ballroom Beauty|Psyshock|p2a: Tornadus-Therian
|-damage|p2a: Tornadus-Therian|84\/300
|
|turn|2
|
|switch|p2a: Politoed|Politoed, M|384\/384
|-weather|RainDance
|move|p1a: Ballroom Beauty|Shadow Ball|p2a: Politoed
|-damage|p2a: Politoed|273\/384
|
|-weather|RainDance|[upkeep]
|turn|3
|
|move|p1a: Ballroom Beauty|Hyper Voice|p2a: Politoed
|-damage|p2a: Politoed|44\/384
|move|p2a: Politoed|Toxic|p1a: Ballroom Beauty
|-status|p1a: Ballroom Beauty|tox
|
|-weather|RainDance|[upkeep]
|-damage|p1a: Ballroom Beauty|125\/278 tox|[from] psn
|turn|4
|
|switch|p2a: Scizor|Scizor, M|344\/344
|move|p1a: Ballroom Beauty|Hyper Voice|p2a: Scizor
|-resisted|p2a: Scizor
|-damage|p2a: Scizor|197\/344
|
|-weather|RainDance|[upkeep]
|-damage|p1a: Ballroom Beauty|91\/278 tox|[from] psn
|turn|5
|
|switch|p1a: Razorwing|Skarmory, M|334\/334
|detailschange|p2a: Scizor|Scizor-Mega, M
|message|Scizor has Mega Evolved into Mega Scizor!
|move|p2a: Scizor|Bullet Punch|p1a: Razorwing
|-resisted|p1a: Razorwing
|-damage|p1a: Razorwing|295\/334
|
|-weather|RainDance|[upkeep]
|-heal|p1a: Razorwing|315\/334|[from] item: Leftovers
|turn|6
|
|switch|p2a: Tornadus-Therian|Tornadus-Therian, M|184\/300
|move|p1a: Razorwing|Brave Bird|p2a: Tornadus-Therian
|-damage|p2a: Tornadus-Therian|43\/300
|-damage|p1a: Razorwing|268\/334|[from] recoil|[of] p2a: Tornadus-Therian
|
|-weather|RainDance|[upkeep]
|-heal|p1a: Razorwing|288\/334|[from] item: Leftovers
|turn|7
|
|switch|p2a: Thundurus-Therian|Thundurus-Therian, M|300\/300
|switch|p1a: Sweetheart|Sylveon, F|394\/394
|
|-weather|RainDance|[upkeep]
|turn|8
|
|move|p2a: Thundurus-Therian|Volt Switch|p1a: Sweetheart
|-crit|p1a: Sweetheart
|-damage|p1a: Sweetheart|264\/394
|
|switch|p2a: Scizor|Scizor-Mega, M|197\/344
|move|p1a: Sweetheart|Wish|p1a: Sweetheart
|
|-weather|RainDance|[upkeep]
|-heal|p1a: Sweetheart|288\/394|[from] item: Leftovers
|turn|9
|
|switch|p1a: Landshark|Garchomp, F|357\/357
|move|p2a: Scizor|Swords Dance|p2a: Scizor
|-boost|p2a: Scizor|atk|2
|
|-weather|none
|turn|10
|chat|dukevesper|thats a landshark in the rain
|chat|dukevesper|well was in the rain xD
|
|move|p2a: Scizor|Bullet Punch|p1a: Landshark
|-damage|p1a: Landshark|92\/357
|-damage|p2a: Scizor|154\/344|[from] ability: Rough Skin|[of] p1a: Landshark
|-damage|p2a: Scizor|97\/344|[from] item: Rocky Helmet|[of] p1a: Landshark
|move|p1a: Landshark|Fire Blast|p2a: Scizor
|-supereffective|p2a: Scizor
|-damage|p2a: Scizor|0 fnt
|faint|p2a: Scizor
|
|chat|chatterbug|Yep :)
|
|switch|p2a: Tornadus-Therian|Tornadus-Therian, M|143\/300
|turn|11
|
|switch|p1a: Sweetheart|Sylveon, F|288\/394
|move|p2a: Tornadus-Therian|Hidden Power|p1a: Sweetheart
|-damage|p1a: Sweetheart|253\/394
|
|-heal|p1a: Sweetheart|277\/394|[from] item: Leftovers
|turn|12
|
|switch|p2a: Politoed|Politoed, M|44\/384
|-weather|RainDance
|move|p1a: Sweetheart|Hyper Voice|p2a: Politoed
|-damage|p2a: Politoed|0 fnt
|faint|p2a: Politoed
|
|-weather|RainDance|[upkeep]
|-heal|p1a: Sweetheart|301\/394|[from] item: Leftovers
|
|switch|p2a: Kabutops|Kabutops, M|262\/262
|turn|13
|
|switch|p1a: Razorwing|Skarmory, M|288\/334
|move|p2a: Kabutops|Waterfall|p1a: Razorwing
|-damage|p1a: Razorwing|171\/334
|
|-weather|RainDance|[upkeep]
|-heal|p1a: Razorwing|191\/334|[from] item: Leftovers
|turn|14
|
|move|p2a: Kabutops|Swords Dance|p2a: Kabutops
|-boost|p2a: Kabutops|atk|2
|move|p1a: Razorwing|Roost|p1a: Razorwing
|-heal|p1a: Razorwing|334\/334
|
|-weather|RainDance|[upkeep]
|turn|15
|
|move|p2a: Kabutops|Waterfall|p1a: Razorwing
|-damage|p1a: Razorwing|82\/334
|move|p1a: Razorwing|Whirlwind|p2a: Kabutops
|drag|p2a: Latios|Latios, M|302\/302
|
|-weather|RainDance|[upkeep]
|-heal|p1a: Razorwing|102\/334|[from] item: Leftovers
|turn|16
|
|switch|p1a: Sweetheart|Sylveon, F|301\/394
|move|p2a: Latios|Thunder|p1a: Sweetheart
|-damage|p1a: Sweetheart|193\/394
|-status|p1a: Sweetheart|par
|
|-weather|RainDance|[upkeep]
|-heal|p1a: Sweetheart|217\/394 par|[from] item: Leftovers
|turn|17
|
|switch|p2a: Tornadus-Therian|Tornadus-Therian, M|243\/300
|cant|p1a: Sweetheart|par
|
|-weather|RainDance|[upkeep]
|-heal|p1a: Sweetheart|241\/394 par|[from] item: Leftovers
|turn|18
|
|move|p1a: Sweetheart|Protect|p1a: Sweetheart
|-singleturn|p1a: Sweetheart|Protect
|move|p2a: Tornadus-Therian|Hurricane|p1a: Sweetheart
|-activate|p1a: Sweetheart|Protect
|
|-weather|RainDance|[upkeep]
|-heal|p1a: Sweetheart|265\/394 par|[from] item: Leftovers
|turn|19
|
|move|p2a: Tornadus-Therian|Hurricane|p1a: Sweetheart
|-damage|p1a: Sweetheart|157\/394 par
|-start|p1a: Sweetheart|confusion
|-activate|p1a: Sweetheart|confusion
|-damage|p1a: Sweetheart|132\/394 par|[from] confusion
|
|-weather|none
|-heal|p1a: Sweetheart|156\/394 par|[from] item: Leftovers
|turn|20
|
|cant|p1a: Sweetheart|par
|move|p2a: Tornadus-Therian|Heat Wave|p1a: Sweetheart
|-damage|p1a: Sweetheart|91\/394 par
|
|-heal|p1a: Sweetheart|115\/394 par|[from] item: Leftovers
|turn|21
|
|cant|p1a: Sweetheart|par
|move|p2a: Tornadus-Therian|Hurricane|p1a: Sweetheart
|-damage|p1a: Sweetheart|18\/394 par
|
|-heal|p1a: Sweetheart|42\/394 par|[from] item: Leftovers
|turn|22
|
|-activate|p1a: Sweetheart|confusion
|move|p1a: Sweetheart|Protect|p1a: Sweetheart
|-singleturn|p1a: Sweetheart|Protect
|move|p2a: Tornadus-Therian|Heat Wave|p1a: Sweetheart
|-activate|p1a: Sweetheart|Protect
|
|-heal|p1a: Sweetheart|66\/394 par|[from] item: Leftovers
|turn|23
|
|move|p2a: Tornadus-Therian|Hurricane|p1a: Sweetheart|[miss]
|-miss|p2a: Tornadus-Therian|p1a: Sweetheart
|-end|p1a: Sweetheart|confusion
|move|p1a: Sweetheart|Wish|p1a: Sweetheart
|
|-heal|p1a: Sweetheart|90\/394 par|[from] item: Leftovers
|turn|24
|
|move|p1a: Sweetheart|Protect|p1a: Sweetheart
|-singleturn|p1a: Sweetheart|Protect
|move|p2a: Tornadus-Therian|Hurricane|p1a: Sweetheart
|-activate|p1a: Sweetheart|Protect
|
|-heal|p1a: Sweetheart|287\/394 par|[from] move: Wish|[wisher] Sweetheart
|-heal|p1a: Sweetheart|311\/394 par|[from] item: Leftovers
|turn|25
|
|switch|p2a: Kabutops|Kabutops, M|262\/262
|move|p1a: Sweetheart|Wish|p1a: Sweetheart
|
|-heal|p1a: Sweetheart|335\/394 par|[from] item: Leftovers
|turn|26
|
|switch|p1a: Landshark|Garchomp, F|92\/357
|move|p2a: Kabutops|Swords Dance|p2a: Kabutops
|-boost|p2a: Kabutops|atk|2
|
|-heal|p1a: Landshark|289\/357|[from] move: Wish|[wisher] Sweetheart
|turn|27
|
|switch|p2a: Tornadus-Therian|Tornadus-Therian, M|300\/300
|move|p1a: Landshark|Stealth Rock|p2a: Tornadus-Therian
|-sidestart|p2: dukevesper|move: Stealth Rock
|
|turn|28
|
|switch|p1a: Sweetheart|Sylveon, F|335\/394 par
|move|p2a: Tornadus-Therian|Hidden Power|p1a: Sweetheart
|-damage|p1a: Sweetheart|299\/394 par
|
|-heal|p1a: Sweetheart|323\/394 par|[from] item: Leftovers
|turn|29
|
|move|p2a: Tornadus-Therian|Hurricane|p1a: Sweetheart
|-damage|p1a: Sweetheart|218\/394 par
|-start|p1a: Sweetheart|confusion
|-activate|p1a: Sweetheart|confusion
|move|p1a: Sweetheart|Heal Bell|p1a: Sweetheart
|-cureteam|p1a: Sweetheart|[from] move: HealBell
|
|-heal|p1a: Sweetheart|242\/394|[from] item: Leftovers
|turn|30
|chat|dukevesper|yay
|
|-end|p1a: Sweetheart|confusion
|move|p1a: Sweetheart|Protect|p1a: Sweetheart
|-singleturn|p1a: Sweetheart|Protect
|move|p2a: Tornadus-Therian|Hurricane|p1a: Sweetheart
|-activate|p1a: Sweetheart|Protect
|
|-heal|p1a: Sweetheart|266\/394|[from] item: Leftovers
|turn|31
|chat|dukevesper|god im so tired i want to frfeit but im on such bad tilt i need to try >->
|
|move|p2a: Tornadus-Therian|Hurricane|p1a: Sweetheart
|-damage|p1a: Sweetheart|163\/394
|move|p1a: Sweetheart|Wish|p1a: Sweetheart
|
|-heal|p1a: Sweetheart|187\/394|[from] item: Leftovers
|turn|32
|chat|chatterbug|You can't forfeit when you can still win
|
|switch|p2a: Kabutops|Kabutops, M|262\/262
|-damage|p2a: Kabutops|230\/262|[from] Stealth Rock
|move|p1a: Sweetheart|Hyper Voice|p2a: Kabutops
|-damage|p2a: Kabutops|23\/262
|
|-heal|p1a: Sweetheart|384\/394|[from] move: Wish|[wisher] Sweetheart
|-heal|p1a: Sweetheart|394\/394|[from] item: Leftovers
|turn|33
|
|switch|p1a: Badass Bug|Scizor, M|343\/343
|move|p2a: Kabutops|Waterfall|p1a: Badass Bug
|-damage|p1a: Badass Bug|207\/343
|
|turn|34
|
|move|p2a: Kabutops|Aqua Jet|p1a: Badass Bug
|-damage|p1a: Badass Bug|132\/343
|move|p1a: Badass Bug|Bullet Punch|p2a: Kabutops
|-damage|p2a: Kabutops|0 fnt
|faint|p2a: Kabutops
|
|
|switch|p2a: Tornadus-Therian|Tornadus-Therian, M|300\/300
|-damage|p2a: Tornadus-Therian|225\/300|[from] Stealth Rock
|turn|35
|
|switch|p1a: Sweetheart|Sylveon, F|394\/394
|move|p2a: Tornadus-Therian|Hurricane|p1a: Sweetheart|[miss]
|-miss|p2a: Tornadus-Therian|p1a: Sweetheart
|
|turn|36
|chat|dukevesper|yeah gg, im too tired to continue xD
|chat|chatterbug|Damn :\/ gg
|chat|dukevesper|i went from 1650 to like 1470 now after this battle :(
|chat|chatterbug|Ratings are so weird
|chat|dukevesper|cya dude, best of luck
|-message|dukevesper forfeited.
|
|win|chatterbug
|raw|Ladder updating...
|chat|chatterbug|Thanks, you too
|leave|dukevesper
|player|p2
|raw|chatterbug's rating: 1511 &rarr; <strong>1530<\/strong><br \/>(+19 for winning)
|raw|dukevesper's rating: 1491 &rarr; <strong>1472<\/strong><br \/>(-19 for losing)