|join|adolin
|join|dukevesper
|player|p1|adolin|2
|player|p2|dukevesper|290
|gametype|singles
|gen|6
|tier|OU
|rated
|clearpoke
|poke|p1|Thundurus, M, shiny
|poke|p1|Ferrothorn, M
|poke|p1|Landorus, M
|poke|p1|Garchomp, F
|poke|p1|Keldeo
|poke|p1|Scizor, M
|poke|p2|Diggersby, F
|poke|p2|Lopunny, M
|poke|p2|Celebi
|poke|p2|Keldeo
|poke|p2|Heatran, M
|poke|p2|Zapdos
|rule|Swagger Clause: Swagger is banned
|rule|Baton Pass Clause: Limit one PokÃ©mon knowing Baton Pass
|rule|Sleep Clause Mod: Limit one foe put to sleep
|rule|Species Clause: Limit one of each PokÃ©mon
|rule|OHKO Clause: OHKO moves are banned
|rule|Moody Clause: Moody is banned
|rule|Evasion Moves Clause: Evasion moves are banned
|rule|Endless Battle Clause: Forcing endless battles is banned
|rule|HP Percentage Mod: HP is shown in percentages
|teampreview
|
|start
|switch|p1a: Garchomp|Garchomp, F|357\/357
|switch|p2a: Keldeo|Keldeo|322\/322
|turn|1
|
|move|p2a: Keldeo|Scald|p1a: Garchomp
|-damage|p1a: Garchomp|119\/357
|move|p1a: Garchomp|Outrage|p2a: Keldeo
|-crit|p2a: Keldeo
|-damage|p2a: Keldeo|0 fnt
|-damage|p1a: Garchomp|84\/357|[from] item: Life Orb
|faint|p2a: Keldeo
|
|
|switch|p2a: Lopunny|Lopunny, M|271\/271
|turn|2
|
|detailschange|p2a: Lopunny|Lopunny-Mega, M
|-mega|p2a: Lopunny|Lopunny|Lopunnite
|move|p2a: Lopunny|Fake Out|p1a: Garchomp
|-damage|p1a: Garchomp|8\/357
|-damage|p2a: Lopunny|238\/271|[from] ability: Rough Skin|[of] p1a: Garchomp
|cant|p1a: Garchomp|flinch
|
|-end|p1a: Garchomp|rampage
|-start|p1a: Garchomp|confusion
|turn|3
|
|switch|p1a: Ferrothorn|Ferrothorn, M|352\/352
|move|p2a: Lopunny|High Jump Kick|p1a: Ferrothorn
|-supereffective|p1a: Ferrothorn
|-damage|p1a: Ferrothorn|74\/352
|-damage|p2a: Lopunny|205\/271|[from] ability: Iron Barbs|[of] p1a: Ferrothorn
|
|-heal|p1a: Ferrothorn|96\/352|[from] item: Leftovers
|turn|4
|
|switch|p2a: Zapdos|Zapdos|384\/384
|-ability|p2a: Zapdos|Pressure
|move|p1a: Ferrothorn|Protect|p1a: Ferrothorn
|-fail|p1a: Ferrothorn
|
|-heal|p1a: Ferrothorn|118\/352|[from] item: Leftovers
|turn|5
|
|move|p2a: Zapdos|Heat Wave|p1a: Ferrothorn
|-supereffective|p1a: Ferrothorn
|-damage|p1a: Ferrothorn|0 fnt
|faint|p1a: Ferrothorn
|
|
|switch|p1a: Garchomp|Garchomp, F|8\/357
|turn|6
|
|switch|p2a: Heatran|Heatran, M|386\/386
|move|p1a: Garchomp|Outrage|p2a: Heatran
|-resisted|p2a: Heatran
|-damage|p2a: Heatran|252\/386
|-damage|p1a: Garchomp|0 fnt|[from] item: Life Orb
|faint|p1a: Garchomp
|
|-heal|p2a: Heatran|276\/386|[from] item: Leftovers
|
|switch|p1a: Kelsier|Keldeo|323\/323
|turn|7
|
|switch|p1a: Master Bolt|Thundurus, M, shiny|299\/299
|switch|p2a: Celebi|Celebi|404\/404
|
|turn|8
|
|move|p1a: Master Bolt|Nasty Plot|p1a: Master Bolt
|-boost|p1a: Master Bolt|spa|2
|move|p2a: Celebi|Baton Pass|p2a: Celebi
|
|switch|p2a: Mr. Steal Yo Girl|Diggersby, F|311\/311
|
|turn|9
|
|move|p1a: Master Bolt|Hidden Power|p2a: Mr. Steal Yo Girl
|-damage|p2a: Mr. Steal Yo Girl|46\/311
|move|p2a: Mr. Steal Yo Girl|Return|p1a: Master Bolt
|-damage|p1a: Master Bolt|8\/299
|
|-heal|p1a: Master Bolt|26\/299|[from] item: Leftovers
|turn|10
|
|move|p2a: Mr. Steal Yo Girl|Quick Attack|p1a: Master Bolt
|-damage|p1a: Master Bolt|0 fnt
|faint|p1a: Master Bolt
|
|
|switch|p1a: Kelsier|Keldeo|323\/323
|turn|11
|
|switch|p2a: Celebi|Celebi|404\/404
|move|p1a: Kelsier|Secret Sword|p2a: Celebi
|-resisted|p2a: Celebi
|-damage|p2a: Celebi|333\/404
|
|-heal|p2a: Celebi|358\/404|[from] item: Leftovers
|turn|12
|
|move|p1a: Kelsier|Substitute|p1a: Kelsier
|-start|p1a: Kelsier|Substitute
|-damage|p1a: Kelsier|243\/323
|move|p2a: Celebi|Baton Pass|p2a: Celebi
|
|switch|p2a: Lopunny|Lopunny-Mega, M|205\/271
|
|-heal|p1a: Kelsier|263\/323|[from] item: Leftovers
|turn|13
|
|move|p2a: Lopunny|Fake Out|p1a: Kelsier
|-crit|p1a: Kelsier
|-end|p1a: Kelsier|Substitute
|move|p1a: Kelsier|Secret Sword|p2a: Lopunny
|-supereffective|p2a: Lopunny
|-damage|p2a: Lopunny|0 fnt
|faint|p2a: Lopunny
|
|-heal|p1a: Kelsier|283\/323|[from] item: Leftovers
|
|switch|p2a: Zapdos|Zapdos|384\/384
|-ability|p2a: Zapdos|Pressure
|turn|14
|
|move|p1a: Kelsier|Substitute|p1a: Kelsier
|-start|p1a: Kelsier|Substitute
|-damage|p1a: Kelsier|203\/323
|move|p2a: Zapdos|Thunderbolt|p1a: Kelsier
|-supereffective|p1a: Kelsier
|-end|p1a: Kelsier|Substitute
|
|-heal|p1a: Kelsier|223\/323|[from] item: Leftovers
|turn|15
|
|move|p1a: Kelsier|Surf|p2a: Zapdos
|-damage|p2a: Zapdos|206\/384
|move|p2a: Zapdos|Thunderbolt|p1a: Kelsier
|-supereffective|p1a: Kelsier
|-damage|p1a: Kelsier|0 fnt
|faint|p1a: Kelsier
|
|-heal|p2a: Zapdos|230\/384|[from] item: Leftovers
|
|switch|p1a: Priest|Landorus, M|320\/320
|turn|16
|
|switch|p2a: Heatran|Heatran, M|276\/386
|move|p1a: Priest|Sludge Wave|p2a: Heatran
|-immune|p2a: Heatran|[msg]
|
|-heal|p2a: Heatran|300\/386|[from] item: Leftovers
|turn|17
|
|move|p1a: Priest|Earth Power|p2a: Heatran
|-supereffective|p2a: Heatran
|-damage|p2a: Heatran|0 fnt
|faint|p2a: Heatran
|
|
|switch|p2a: Mr. Steal Yo Girl|Diggersby, F|46\/311
|turn|18
|
|switch|p2a: Zapdos|Zapdos|230\/384
|-ability|p2a: Zapdos|Pressure
|move|p1a: Priest|Earth Power|p2a: Zapdos
|-immune|p2a: Zapdos|[msg]
|
|-heal|p2a: Zapdos|254\/384|[from] item: Leftovers
|turn|19
|
|move|p1a: Priest|Sludge Wave|p2a: Zapdos
|-damage|p2a: Zapdos|46\/384
|move|p2a: Zapdos|Heat Wave|p1a: Priest
|-damage|p1a: Priest|209\/320
|-status|p1a: Priest|brn
|
|-heal|p2a: Zapdos|70\/384|[from] item: Leftovers
|-damage|p1a: Priest|169\/320 brn|[from] brn
|turn|20
|
|switch|p2a: Celebi|Celebi|358\/404
|move|p1a: Priest|Sludge Wave|p2a: Celebi
|-supereffective|p2a: Celebi
|-damage|p2a: Celebi|0 fnt
|faint|p2a: Celebi
|
|-damage|p1a: Priest|129\/320 brn|[from] brn
|
|switch|p2a: Mr. Steal Yo Girl|Diggersby, F|46\/311
|turn|21
|c|âdukevesper|watch this pla
|c|âdukevesper|*play
|
|move|p2a: Mr. Steal Yo Girl|Quick Attack|p1a: Priest
|-damage|p1a: Priest|21\/320 brn
|move|p1a: Priest|Psychic|p2a: Mr. Steal Yo Girl
|-damage|p2a: Mr. Steal Yo Girl|0 fnt
|faint|p2a: Mr. Steal Yo Girl
|
|-damage|p1a: Priest|0 fnt|[from] brn
|faint|p1a: Priest
|
|switch|p2a: Zapdos|Zapdos|70\/384
|switch|p1a: The King's Slayer|Scizor, M|343\/343
|-ability|p2a: Zapdos|Pressure
|turn|22
|c|âadolin|wow
|
|detailschange|p1a: The King's Slayer|Scizor-Mega, M
|-mega|p1a: The King's Slayer|Scizor|Scizorite
|move|p1a: The King's Slayer|Bullet Punch|p2a: Zapdos
|-resisted|p2a: Zapdos
|-damage|p2a: Zapdos|13\/384
|move|p2a: Zapdos|Roost|p2a: Zapdos
|-heal|p2a: Zapdos|205\/384
|
|-heal|p2a: Zapdos|229\/384|[from] item: Leftovers
|turn|23
|c|âadolin|wow, you are good
|
|move|p2a: Zapdos|Heat Wave|p1a: The King's Slayer
|-supereffective|p1a: The King's Slayer
|-damage|p1a: The King's Slayer|0 fnt
|faint|p1a: The King's Slayer
|
|win|dukevesper
|raw|Ladder updating...
|raw|adolin's rating: 1548 &rarr; <strong>1532<\/strong><br \/>(-16 for losing)
|raw|dukevesper's rating: 1609 &rarr; <strong>1625<\/strong><br \/>(+16 for winning)
|leave|adolin
|player|p1