|join|SM0G0NSUX
|join|dukevesper
|player|p1|SM0G0NSUX|65
|player|p2|dukevesper|290
|gametype|singles
|gen|6
|tier|OU (suspect test)
|rated
|clearpoke
|poke|p1|Slowbro, M
|poke|p1|Amoonguss, F
|poke|p1|Chansey, F
|poke|p1|Heatran, F
|poke|p1|Skarmory, M
|poke|p1|Sableye, F
|poke|p2|Metagross
|poke|p2|Landorus-Therian, M
|poke|p2|Talonflame, M
|poke|p2|Latios, M
|poke|p2|Clefable, M
|poke|p2|Magnezone
|rule|Swagger Clause: Swagger is banned
|rule|Baton Pass Clause: Limit one PokÃ©mon knowing Baton Pass
|rule|Sleep Clause Mod: Limit one foe put to sleep
|rule|Species Clause: Limit one of each PokÃ©mon
|rule|OHKO Clause: OHKO moves are banned
|rule|Moody Clause: Moody is banned
|rule|Evasion Moves Clause: Evasion moves are banned
|rule|Endless Battle Clause: Forcing endless battles is banned
|rule|HP Percentage Mod: HP is shown in percentages
|teampreview
|
|start
|switch|p1a: Sableye|Sableye, F|304\/304
|switch|p2a: Magnezone|Magnezone|281\/281
|turn|1
|
|detailschange|p1a: Sableye|Sableye-Mega, F
|-mega|p1a: Sableye|Sableye|Sablenite
|move|p1a: Sableye|Will-O-Wisp|p2a: Magnezone
|-status|p2a: Magnezone|brn
|move|p2a: Magnezone|Volt Switch|p1a: Sableye
|-damage|p1a: Sableye|115\/304
|c|âSM0G0NSUX|ow
|
|switch|p2a: Latios|Latios, M|301\/301
|
|turn|2
|
|switch|p1a: Chansey|Chansey, F|642\/642
|move|p2a: Latios|Draco Meteor|p1a: Chansey
|-crit|p1a: Chansey
|-damage|p1a: Chansey|447\/642
|-unboost|p2a: Latios|spa|2
|-damage|p2a: Latios|271\/301|[from] item: Life Orb
|
|turn|3
|join|scrub101
|c| scrub101|duke <3
|c|âdukevesper|<3
|
|switch|p2a: Landorus-Therian|Landorus-Therian, M|382\/382
|-ability|p2a: Landorus-Therian|Intimidate|[of] p1a: Chansey
|-unboost|p1a: Chansey|atk|1
|move|p1a: Chansey|Seismic Toss|p2a: Landorus-Therian
|-damage|p2a: Landorus-Therian|282\/382
|
|-heal|p2a: Landorus-Therian|305\/382|[from] item: Leftovers
|turn|4
|
|switch|p1a: Sableye|Sableye-Mega, F|115\/304
|move|p2a: Landorus-Therian|Knock Off|p1a: Sableye
|-damage|p1a: Sableye|66\/304
|
|-heal|p2a: Landorus-Therian|328\/382|[from] item: Leftovers
|turn|5
|
|switch|p1a: Slowbro|Slowbro, M|394\/394
|move|p2a: Landorus-Therian|Earthquake|p1a: Slowbro
|-damage|p1a: Slowbro|289\/394
|
|-heal|p2a: Landorus-Therian|351\/382|[from] item: Leftovers
|-heal|p1a: Slowbro|313\/394|[from] item: Leftovers
|turn|6
|
|move|p2a: Landorus-Therian|U-turn|p1a: Slowbro
|-supereffective|p1a: Slowbro
|-damage|p1a: Slowbro|211\/394
|
|switch|p2a: Latios|Latios, M|271\/301
|move|p1a: Slowbro|Scald|p2a: Latios
|-resisted|p2a: Latios
|-damage|p2a: Latios|226\/301
|-status|p2a: Latios|brn
|
|-heal|p1a: Slowbro|235\/394|[from] item: Leftovers
|-damage|p2a: Latios|189\/301 brn|[from] brn
|turn|7
|c|âSM0G0NSUX|scaldisjesus
|
|switch|p1a: Chansey|Chansey, F|447\/642
|move|p2a: Latios|Draco Meteor|p1a: Chansey
|-crit|p1a: Chansey
|-damage|p1a: Chansey|227\/642
|-unboost|p2a: Latios|spa|2
|-damage|p2a: Latios|159\/301 brn|[from] item: Life Orb
|
|-damage|p2a: Latios|122\/301 brn|[from] brn
|turn|8
|c| scrub101|wow
|c| scrub101|n00b
|c| scrub101|crit
|c| scrub101|hax
|c|âdukevesper|^
|
|switch|p2a: Landorus-Therian|Landorus-Therian, M|351\/382
|-ability|p2a: Landorus-Therian|Intimidate|[of] p1a: Chansey
|-unboost|p1a: Chansey|atk|1
|move|p1a: Chansey|Soft-Boiled|p1a: Chansey
|-heal|p1a: Chansey|548\/642
|
|-heal|p2a: Landorus-Therian|374\/382|[from] item: Leftovers
|turn|9
|c|âSM0G0NSUX|lol twice but its k
|
|switch|p1a: Sableye|Sableye-Mega, F|66\/304
|move|p2a: Landorus-Therian|Knock Off|p1a: Sableye
|-damage|p1a: Sableye|20\/304
|
|-heal|p2a: Landorus-Therian|382\/382|[from] item: Leftovers
|turn|10
|
|move|p2a: Landorus-Therian|U-turn|p1a: Sableye
|-damage|p1a: Sableye|0 fnt
|faint|p1a: Sableye
|
|switch|p2a: Magnezone|Magnezone|281\/281 brn
|
|-damage|p2a: Magnezone|246\/281 brn|[from] brn
|
|switch|p1a: Heatran|Heatran, F|383\/383
|turn|11
|
|switch|p2a: Latios|Latios, M|122\/301 brn
|move|p1a: Heatran|Stealth Rock|p2a: Latios
|-sidestart|p2: dukevesper|move: Stealth Rock
|
|-damage|p2a: Latios|85\/301 brn|[from] brn
|turn|12
|
|move|p2a: Latios|Earthquake|p1a: Heatran
|-supereffective|p1a: Heatran
|-damage|p1a: Heatran|201\/383
|-damage|p2a: Latios|55\/301 brn|[from] item: Life Orb
|move|p1a: Heatran|Stealth Rock|p2a: Latios
|-fail|p2a: Latios
|
|-heal|p1a: Heatran|224\/383|[from] item: Leftovers
|-damage|p2a: Latios|18\/301 brn|[from] brn
|turn|13
|
|switch|p1a: Chansey|Chansey, F|548\/642
|move|p2a: Latios|Defog|p1a: Chansey
|-unboost|p1a: Chansey|evasion|1
|-sideend|p2: dukevesper|Stealth Rock|[from] move: Defog|[of] p2a: Latios
|
|-damage|p2a: Latios|0 fnt|[from] brn
|faint|p2a: Latios
|c|âSM0G0NSUX|fml
|c| scrub101|same
|
|switch|p2a: Landorus-Therian|Landorus-Therian, M|382\/382
|-ability|p2a: Landorus-Therian|Intimidate|[of] p1a: Chansey
|-unboost|p1a: Chansey|atk|1
|turn|14
|
|move|p2a: Landorus-Therian|Knock Off|p1a: Chansey
|-damage|p1a: Chansey|392\/642
|-enditem|p1a: Chansey|Eviolite|[from] move: Knock Off|[of] p2a: Landorus-Therian
|move|p1a: Chansey|Seismic Toss|p2a: Landorus-Therian
|-damage|p2a: Landorus-Therian|282\/382
|
|-heal|p2a: Landorus-Therian|305\/382|[from] item: Leftovers
|turn|15
|
|move|p2a: Landorus-Therian|Stealth Rock|p1a: Chansey
|-sidestart|p1: SM0G0NSUX|move: Stealth Rock
|move|p1a: Chansey|Soft-Boiled|p1a: Chansey
|-heal|p1a: Chansey|642\/642
|
|-heal|p2a: Landorus-Therian|328\/382|[from] item: Leftovers
|turn|16
|
|move|p2a: Landorus-Therian|Earthquake|p1a: Chansey
|-damage|p1a: Chansey|305\/642
|move|p1a: Chansey|Seismic Toss|p2a: Landorus-Therian
|-damage|p2a: Landorus-Therian|228\/382
|
|-heal|p2a: Landorus-Therian|251\/382|[from] item: Leftovers
|turn|17
|
|move|p2a: Landorus-Therian|Earthquake|p1a: Chansey
|-damage|p1a: Chansey|0 fnt
|faint|p1a: Chansey
|
|-heal|p2a: Landorus-Therian|274\/382|[from] item: Leftovers
|
|switch|p1a: Slowbro|Slowbro, M|366\/394
|-damage|p1a: Slowbro|317\/394|[from] Stealth Rock
|turn|18
|
|move|p2a: Landorus-Therian|U-turn|p1a: Slowbro
|-supereffective|p1a: Slowbro
|-damage|p1a: Slowbro|205\/394
|
|switch|p2a: Clefable|Clefable, M|394\/394
|move|p1a: Slowbro|Scald|p2a: Clefable
|-damage|p2a: Clefable|300\/394
|
|-heal|p2a: Clefable|324\/394|[from] item: Leftovers
|-heal|p1a: Slowbro|229\/394|[from] item: Leftovers
|turn|19
|c| scrub101|omg no burn wow
|c|âSM0G0NSUX|gg
|
|switch|p2a: Landorus-Therian|Landorus-Therian, M|274\/382
|-ability|p2a: Landorus-Therian|Intimidate|[of] p1a: Slowbro
|-unboost|p1a: Slowbro|atk|1
|switch|p1a: Heatran|Heatran, F|224\/383
|-damage|p1a: Heatran|177\/383|[from] Stealth Rock
|
|-heal|p2a: Landorus-Therian|297\/382|[from] item: Leftovers
|-heal|p1a: Heatran|200\/383|[from] item: Leftovers
|turn|20
|c|âSM0G0NSUX|stahp pls
|
|switch|p1a: Slowbro|Slowbro, M|360\/394
|-damage|p1a: Slowbro|311\/394|[from] Stealth Rock
|move|p2a: Landorus-Therian|Earthquake|p1a: Slowbro
|-damage|p1a: Slowbro|202\/394
|
|-heal|p2a: Landorus-Therian|320\/382|[from] item: Leftovers
|-heal|p1a: Slowbro|226\/394|[from] item: Leftovers
|turn|21
|c|âSM0G0NSUX|ty
|
|move|p2a: Landorus-Therian|Knock Off|p1a: Slowbro
|-crit|p1a: Slowbro
|-supereffective|p1a: Slowbro
|-damage|p1a: Slowbro|0 fnt
|-enditem|p1a: Slowbro|Leftovers|[from] move: Knock Off|[of] p2a: Landorus-Therian
|faint|p1a: Slowbro
|
|-heal|p2a: Landorus-Therian|343\/382|[from] item: Leftovers
|c|âSM0G0NSUX|ogod
|c|âSM0G0NSUX|gg
|c|âdukevesper|ouch
|c|âdukevesper|sorry man
|c| scrub101|#sorrynotsorry
|c|âdukevesper|youre really high up on the ladder tho so props
|c|âSM0G0NSUX|welp
|
|switch|p1a: Amoonguss|Amoonguss, F|432\/432
|-damage|p1a: Amoonguss|378\/432|[from] Stealth Rock
|turn|22
|c|âSM0G0NSUX|not anymore
|
|move|p2a: Landorus-Therian|Knock Off|p1a: Amoonguss
|-damage|p1a: Amoonguss|241\/432
|-enditem|p1a: Amoonguss|Black Sludge|[from] move: Knock Off|[of] p2a: Landorus-Therian
|move|p1a: Amoonguss|Spore|p2a: Landorus-Therian
|-status|p2a: Landorus-Therian|slp
|
|-heal|p2a: Landorus-Therian|366\/382 slp|[from] item: Leftovers
|turn|23
|
|cant|p2a: Landorus-Therian|slp
|move|p1a: Amoonguss|Hidden Power|p2a: Landorus-Therian
|-supereffective|p2a: Landorus-Therian
|-damage|p2a: Landorus-Therian|174\/382 slp
|
|-heal|p2a: Landorus-Therian|197\/382 slp|[from] item: Leftovers
|turn|24
|
|switch|p2a: Metagross|Metagross|301\/301
|move|p1a: Amoonguss|Giga Drain|p2a: Metagross
|-resisted|p2a: Metagross
|-damage|p2a: Metagross|262\/301
|-heal|p1a: Amoonguss|261\/432|[from] drain|[of] p2a: Metagross
|
|turn|25
|
|switch|p1a: Skarmory|Skarmory, M|334\/334
|-damage|p1a: Skarmory|293\/334|[from] Stealth Rock
|detailschange|p2a: Metagross|Metagross-Mega
|-mega|p2a: Metagross|Metagross|Metagrossite
|move|p2a: Metagross|Zen Headbutt|p1a: Skarmory
|-resisted|p1a: Skarmory
|-damage|p1a: Skarmory|236\/334
|
|-heal|p1a: Skarmory|256\/334|[from] item: Leftovers
|turn|26
|
|switch|p1a: Heatran|Heatran, F|200\/383
|-damage|p1a: Heatran|153\/383|[from] Stealth Rock
|move|p2a: Metagross|Earthquake|p1a: Heatran
|-supereffective|p1a: Heatran
|-damage|p1a: Heatran|0 fnt
|faint|p1a: Heatran
|
|c|âSM0G0NSUX|aha
|c|âdukevesper|:]
|c|âSM0G0NSUX|thats why i need slowbro lol
|-message|SM0G0NSUX forfeited.
|leave|SM0G0NSUX
|
|switch|p1a: Amoonguss|Amoonguss, F|405\/432
|-damage|p1a: Amoonguss|351\/432|[from] Stealth Rock
|turn|27
|
|win|dukevesper
|raw|Ladder updating...
|player|p1
|raw|SM0G0NSUX's rating: 1604 &rarr; <strong>1577<\/strong><br \/>(-27 for losing)
|raw|dukevesper's rating: 1471 &rarr; <strong>1498<\/strong><br \/>(+27 for winning)
|leave|scrub101
|join|scrub101