|join|Doge4Ubers
|join|dukevesper
|player|p1|Doge4Ubers|101
|player|p2|dukevesper|290
|gametype|singles
|gen|6
|tier|OU (suspect test)
|rated
|clearpoke
|poke|p1|Landorus-Therian, M
|poke|p1|Slowbro, F
|poke|p1|Bisharp, F
|poke|p1|Gardevoir, F
|poke|p1|Amoonguss, M
|poke|p1|Heatran, F
|poke|p2|Metagross
|poke|p2|Alomomola, M
|poke|p2|Landorus-Therian, M
|poke|p2|Talonflame, F
|poke|p2|Latios, M
|poke|p2|Clefable, F
|rule|Swagger Clause: Swagger is banned
|rule|Baton Pass Clause: Limit one PokÃ©mon knowing Baton Pass
|rule|Sleep Clause Mod: Limit one foe put to sleep
|rule|Species Clause: Limit one of each PokÃ©mon
|rule|OHKO Clause: OHKO moves are banned
|rule|Moody Clause: Moody is banned
|rule|Evasion Moves Clause: Evasion moves are banned
|rule|Endless Battle Clause: Forcing endless battles is banned
|rule|HP Percentage Mod: HP is shown in percentages
|teampreview
|c|âdukevesper|gl hf, and merry christmas if its past midnight
|c|âDoge4Ubers|u2 n_n
|
|start
|switch|p1a: Gardevoir|Gardevoir, F|277\/277
|switch|p2a: Latios|Latios, M|301\/301
|-ability|p1a: Gardevoir|Levitate|[from] ability: Trace|[of] p2a: Latios
|turn|1
|
|switch|p2a: Metagross|Metagross|301\/301
|detailschange|p1a: Gardevoir|Gardevoir-Mega, F
|-mega|p1a: Gardevoir|Gardevoir|Gardevoirite
|move|p1a: Gardevoir|Hyper Voice|p2a: Metagross
|-resisted|p2a: Metagross
|-damage|p2a: Metagross|175\/301
|
|turn|2
|
|switch|p1a: Slowbro|Slowbro, F|394\/394
|switch|p2a: Latios|Latios, M|301\/301
|
|turn|3
|
|switch|p1a: Gardevoir|Gardevoir-Mega, F|277\/277
|move|p2a: Latios|Draco Meteor|p1a: Gardevoir
|-immune|p1a: Gardevoir|[msg]
|
|turn|4
|
|switch|p2a: Metagross|Metagross|175\/301
|move|p1a: Gardevoir|Hyper Voice|p2a: Metagross
|-resisted|p2a: Metagross
|-damage|p2a: Metagross|31\/301
|
|turn|5
|
|switch|p1a: Slowbro|Slowbro, F|394\/394
|detailschange|p2a: Metagross|Metagross-Mega
|-mega|p2a: Metagross|Metagross|Metagrossite
|move|p2a: Metagross|Meteor Mash|p1a: Slowbro
|-resisted|p1a: Slowbro
|-damage|p1a: Slowbro|322\/394
|
|-heal|p1a: Slowbro|346\/394|[from] item: Leftovers
|turn|6
|
|switch|p2a: Alomomola|Alomomola, M|529\/529
|move|p1a: Slowbro|Scald|p2a: Alomomola
|-resisted|p2a: Alomomola
|-damage|p2a: Alomomola|473\/529
|
|-heal|p2a: Alomomola|506\/529|[from] item: Leftovers
|-heal|p1a: Slowbro|370\/394|[from] item: Leftovers
|turn|7
|
|switch|p2a: Latios|Latios, M|301\/301
|switch|p1a: Amoonguss|Amoonguss, M|432\/432
|
|turn|8
|
|switch|p1a: Heatran|Heatran, F|386\/386
|move|p2a: Latios|Psyshock|p1a: Heatran
|-resisted|p1a: Heatran
|-damage|p1a: Heatran|292\/386
|-damage|p2a: Latios|271\/301|[from] item: Life Orb
|
|-heal|p1a: Heatran|316\/386|[from] item: Leftovers
|turn|9
|
|switch|p1a: Landorus-Therian|Landorus-Therian, M|319\/319
|-ability|p1a: Landorus-Therian|Intimidate|[of] p2a: Latios
|-unboost|p2a: Latios|atk|1
|move|p2a: Latios|Earthquake|p1a: Landorus-Therian
|-immune|p1a: Landorus-Therian|[msg]
|
|turn|10
|
|switch|p2a: Landorus-Therian|Landorus-Therian, M|382\/382
|-ability|p2a: Landorus-Therian|Intimidate|[of] p1a: Landorus-Therian
|-unboost|p1a: Landorus-Therian|atk|1
|move|p1a: Landorus-Therian|U-turn|p2a: Landorus-Therian
|-resisted|p2a: Landorus-Therian
|-damage|p2a: Landorus-Therian|358\/382
|
|switch|p1a: Slowbro|Slowbro, F|394\/394
|
|-heal|p2a: Landorus-Therian|381\/382|[from] item: Leftovers
|turn|11
|
|move|p2a: Landorus-Therian|Stealth Rock|p1a: Slowbro
|-sidestart|p1: Doge4Ubers|move: Stealth Rock
|move|p1a: Slowbro|Scald|p2a: Landorus-Therian
|-supereffective|p2a: Landorus-Therian
|-damage|p2a: Landorus-Therian|139\/382
|
|-heal|p2a: Landorus-Therian|162\/382|[from] item: Leftovers
|turn|12
|
|move|p2a: Landorus-Therian|U-turn|p1a: Slowbro
|-supereffective|p1a: Slowbro
|-damage|p1a: Slowbro|292\/394
|
|switch|p2a: Latios|Latios, M|271\/301
|move|p1a: Slowbro|Scald|p2a: Latios
|-resisted|p2a: Latios
|-damage|p2a: Latios|229\/301
|
|-heal|p1a: Slowbro|316\/394|[from] item: Leftovers
|turn|13
|
|switch|p1a: Bisharp|Bisharp, F|271\/271
|-damage|p1a: Bisharp|255\/271|[from] Stealth Rock
|move|p2a: Latios|Draco Meteor|p1a: Bisharp
|-resisted|p1a: Bisharp
|-damage|p1a: Bisharp|54\/271
|-unboost|p2a: Latios|spa|2
|-damage|p2a: Latios|199\/301|[from] item: Life Orb
|
|turn|14
|
|switch|p1a: Gardevoir|Gardevoir-Mega, F|277\/277
|-damage|p1a: Gardevoir|243\/277|[from] Stealth Rock
|move|p2a: Latios|Earthquake|p1a: Gardevoir
|-damage|p1a: Gardevoir|109\/277
|-damage|p2a: Latios|169\/301|[from] item: Life Orb
|
|turn|15
|
|switch|p1a: Slowbro|Slowbro, F|394\/394
|-damage|p1a: Slowbro|345\/394|[from] Stealth Rock
|move|p2a: Latios|Earthquake|p1a: Slowbro
|-damage|p1a: Slowbro|287\/394
|-damage|p2a: Latios|139\/301|[from] item: Life Orb
|
|-heal|p1a: Slowbro|311\/394|[from] item: Leftovers
|turn|16
|
|switch|p1a: Amoonguss|Amoonguss, M|432\/432
|-damage|p1a: Amoonguss|378\/432|[from] Stealth Rock
|move|p2a: Latios|Draco Meteor|p1a: Amoonguss
|-damage|p1a: Amoonguss|240\/432
|-unboost|p2a: Latios|spa|2
|-damage|p2a: Latios|109\/301|[from] item: Life Orb
|
|-heal|p1a: Amoonguss|267\/432|[from] item: Black Sludge
|turn|17
|
|switch|p2a: Metagross|Metagross-Mega|31\/301
|switch|p1a: Slowbro|Slowbro, F|394\/394
|-damage|p1a: Slowbro|345\/394|[from] Stealth Rock
|
|-heal|p1a: Slowbro|369\/394|[from] item: Leftovers
|turn|18
|
|switch|p2a: Clefable|Clefable, F|394\/394
|move|p1a: Slowbro|Thunder Wave|p2a: Clefable
|-status|p2a: Clefable|par
|
|-heal|p1a: Slowbro|393\/394|[from] item: Leftovers
|turn|19
|
|switch|p1a: Bisharp|Bisharp, F|54\/271
|-damage|p1a: Bisharp|38\/271|[from] Stealth Rock
|switch|p2a: Latios|Latios, M|109\/301
|
|turn|20
|
|switch|p2a: Clefable|Clefable, F|394\/394 par
|move|p1a: Bisharp|Sucker Punch|p2a: Clefable
|-fail|p2a: Clefable
|
|turn|21
|
|move|p1a: Bisharp|Swords Dance|p1a: Bisharp
|-boost|p1a: Bisharp|atk|2
|move|p2a: Clefable|Moonblast|p1a: Bisharp
|-damage|p1a: Bisharp|0 fnt
|faint|p1a: Bisharp
|
|
|switch|p1a: Gardevoir|Gardevoir-Mega, F|109\/277
|-damage|p1a: Gardevoir|75\/277|[from] Stealth Rock
|turn|22
|
|move|p1a: Gardevoir|Hyper Voice|p2a: Clefable
|-damage|p2a: Clefable|127\/394 par
|move|p2a: Clefable|Moonblast|p1a: Gardevoir
|-damage|p1a: Gardevoir|0 fnt
|faint|p1a: Gardevoir
|
|-heal|p2a: Clefable|151\/394 par|[from] item: Leftovers
|
|switch|p1a: Heatran|Heatran, F|316\/386
|-damage|p1a: Heatran|268\/386|[from] Stealth Rock
|turn|23
|
|switch|p2a: Landorus-Therian|Landorus-Therian, M|162\/382
|-ability|p2a: Landorus-Therian|Intimidate|[of] p1a: Heatran
|-unboost|p1a: Heatran|atk|1
|move|p1a: Heatran|Stealth Rock|p2a: Landorus-Therian
|-sidestart|p2: dukevesper|move: Stealth Rock
|
|-heal|p2a: Landorus-Therian|185\/382|[from] item: Leftovers
|-heal|p1a: Heatran|292\/386|[from] item: Leftovers
|turn|24
|
|switch|p1a: Slowbro|Slowbro, F|394\/394
|-damage|p1a: Slowbro|345\/394|[from] Stealth Rock
|move|p2a: Landorus-Therian|Knock Off|p1a: Slowbro
|-supereffective|p1a: Slowbro
|-damage|p1a: Slowbro|199\/394
|-enditem|p1a: Slowbro|Leftovers|[from] move: Knock Off|[of] p2a: Landorus-Therian
|
|-heal|p2a: Landorus-Therian|208\/382|[from] item: Leftovers
|turn|25
|
|move|p2a: Landorus-Therian|U-turn|p1a: Slowbro
|-supereffective|p1a: Slowbro
|-damage|p1a: Slowbro|99\/394
|
|switch|p2a: Clefable|Clefable, F|151\/394 par
|move|p1a: Slowbro|Scald|p2a: Clefable
|-damage|p2a: Clefable|48\/394 par
|
|-heal|p2a: Clefable|72\/394 par|[from] item: Leftovers
|turn|26
|
|move|p1a: Slowbro|Scald|p2a: Clefable
|-damage|p2a: Clefable|0 fnt
|faint|p2a: Clefable
|
|
|switch|p2a: Landorus-Therian|Landorus-Therian, M|208\/382
|-damage|p2a: Landorus-Therian|161\/382|[from] Stealth Rock
|-ability|p2a: Landorus-Therian|Intimidate|[of] p1a: Slowbro
|-unboost|p1a: Slowbro|atk|1
|turn|27
|
|switch|p1a: Amoonguss|Amoonguss, M|411\/432
|-damage|p1a: Amoonguss|357\/432|[from] Stealth Rock
|move|p2a: Landorus-Therian|Earthquake|p1a: Amoonguss
|-damage|p1a: Amoonguss|158\/432
|
|-heal|p2a: Landorus-Therian|184\/382|[from] item: Leftovers
|-heal|p1a: Amoonguss|185\/432|[from] item: Black Sludge
|turn|28
|
|switch|p1a: Slowbro|Slowbro, F|230\/394
|-damage|p1a: Slowbro|181\/394|[from] Stealth Rock
|move|p2a: Landorus-Therian|Knock Off|p1a: Slowbro
|-supereffective|p1a: Slowbro
|-damage|p1a: Slowbro|87\/394
|
|-heal|p2a: Landorus-Therian|207\/382|[from] item: Leftovers
|turn|29
|
|switch|p1a: Amoonguss|Amoonguss, M|329\/432
|-damage|p1a: Amoonguss|275\/432|[from] Stealth Rock
|move|p2a: Landorus-Therian|Knock Off|p1a: Amoonguss
|-damage|p1a: Amoonguss|150\/432
|-enditem|p1a: Amoonguss|Black Sludge|[from] move: Knock Off|[of] p2a: Landorus-Therian
|
|-heal|p2a: Landorus-Therian|230\/382|[from] item: Leftovers
|turn|30
|
|switch|p1a: Slowbro|Slowbro, F|218\/394
|-damage|p1a: Slowbro|169\/394|[from] Stealth Rock
|move|p2a: Landorus-Therian|Knock Off|p1a: Slowbro
|-supereffective|p1a: Slowbro
|-damage|p1a: Slowbro|75\/394
|
|-heal|p2a: Landorus-Therian|253\/382|[from] item: Leftovers
|turn|31
|
|switch|p1a: Amoonguss|Amoonguss, M|294\/432
|-damage|p1a: Amoonguss|240\/432|[from] Stealth Rock
|move|p2a: Landorus-Therian|Earthquake|p1a: Amoonguss
|-damage|p1a: Amoonguss|54\/432
|
|-heal|p2a: Landorus-Therian|276\/382|[from] item: Leftovers
|turn|32
|
|switch|p1a: Slowbro|Slowbro, F|206\/394
|-damage|p1a: Slowbro|157\/394|[from] Stealth Rock
|move|p2a: Landorus-Therian|Earthquake|p1a: Slowbro
|-damage|p1a: Slowbro|49\/394
|
|-heal|p2a: Landorus-Therian|299\/382|[from] item: Leftovers
|turn|33
|
|switch|p1a: Amoonguss|Amoonguss, M|198\/432
|-damage|p1a: Amoonguss|144\/432|[from] Stealth Rock
|move|p2a: Landorus-Therian|Knock Off|p1a: Amoonguss
|-damage|p1a: Amoonguss|55\/432
|
|-heal|p2a: Landorus-Therian|322\/382|[from] item: Leftovers
|turn|34
|
|move|p2a: Landorus-Therian|Knock Off|p1a: Amoonguss
|-damage|p1a: Amoonguss|0 fnt
|faint|p1a: Amoonguss
|
|-heal|p2a: Landorus-Therian|345\/382|[from] item: Leftovers
|
|switch|p1a: Slowbro|Slowbro, F|180\/394
|-damage|p1a: Slowbro|131\/394|[from] Stealth Rock
|turn|35
|
|move|p2a: Landorus-Therian|U-turn|p1a: Slowbro
|-supereffective|p1a: Slowbro
|-damage|p1a: Slowbro|19\/394
|
|switch|p2a: Alomomola|Alomomola, M|529\/529
|-damage|p2a: Alomomola|463\/529|[from] Stealth Rock
|move|p1a: Slowbro|Slack Off|p1a: Slowbro
|-heal|p1a: Slowbro|216\/394
|
|-heal|p2a: Alomomola|496\/529|[from] item: Leftovers
|turn|36
|
|switch|p1a: Heatran|Heatran, F|292\/386
|-damage|p1a: Heatran|244\/386|[from] Stealth Rock
|move|p2a: Alomomola|Toxic|p1a: Heatran|[miss]
|-miss|p2a: Alomomola|p1a: Heatran
|
|-heal|p1a: Heatran|268\/386|[from] item: Leftovers
|-heal|p2a: Alomomola|529\/529|[from] item: Leftovers
|turn|37
|
|switch|p2a: Metagross|Metagross-Mega|31\/301
|-damage|p2a: Metagross|13\/301|[from] Stealth Rock
|move|p1a: Heatran|Toxic|p2a: Metagross
|-fail|p2a: Metagross
|
|-heal|p1a: Heatran|292\/386|[from] item: Leftovers
|turn|38
|
|move|p1a: Heatran|Protect|p1a: Heatran
|-singleturn|p1a: Heatran|Protect
|move|p2a: Metagross|Meteor Mash|p1a: Heatran
|-activate|p1a: Heatran|Protect
|
|-heal|p1a: Heatran|316\/386|[from] item: Leftovers
|turn|39
|
|switch|p1a: Slowbro|Slowbro, F|347\/394
|-damage|p1a: Slowbro|298\/394|[from] Stealth Rock
|move|p2a: Metagross|Earthquake|p1a: Slowbro
|-damage|p1a: Slowbro|213\/394
|
|turn|40
|
|move|p2a: Metagross|Meteor Mash|p1a: Slowbro
|-resisted|p1a: Slowbro
|-damage|p1a: Slowbro|139\/394
|move|p1a: Slowbro|Slack Off|p1a: Slowbro
|-heal|p1a: Slowbro|336\/394
|
|turn|41
|
|move|p2a: Metagross|Zen Headbutt|p1a: Slowbro
|-resisted|p1a: Slowbro
|-damage|p1a: Slowbro|264\/394
|move|p1a: Slowbro|Scald|p2a: Metagross
|-damage|p2a: Metagross|0 fnt
|faint|p2a: Metagross
|
|
|switch|p2a: Latios|Latios, M|109\/301
|-damage|p2a: Latios|72\/301|[from] Stealth Rock
|turn|42
|
|switch|p1a: Heatran|Heatran, F|316\/386
|-damage|p1a: Heatran|268\/386|[from] Stealth Rock
|move|p2a: Latios|Draco Meteor|p1a: Heatran
|-resisted|p1a: Heatran
|-damage|p1a: Heatran|173\/386
|-unboost|p2a: Latios|spa|2
|-damage|p2a: Latios|42\/301|[from] item: Life Orb
|
|-heal|p1a: Heatran|197\/386|[from] item: Leftovers
|turn|43
|
|switch|p1a: Slowbro|Slowbro, F|394\/394
|-damage|p1a: Slowbro|345\/394|[from] Stealth Rock
|move|p2a: Latios|Defog|p1a: Slowbro
|-unboost|p1a: Slowbro|evasion|1
|-sideend|p1: Doge4Ubers|Stealth Rock|[from] move: Defog|[of] p1a: Slowbro
|-sideend|p2: dukevesper|Stealth Rock|[from] move: Defog|[of] p2a: Latios
|
|turn|44
|
|switch|p2a: Alomomola|Alomomola, M|529\/529
|move|p1a: Slowbro|Thunder Wave|p2a: Alomomola
|-status|p2a: Alomomola|par
|
|turn|45
|
|switch|p1a: Heatran|Heatran, F|197\/386
|move|p2a: Alomomola|Wish|p2a: Alomomola
|
|-heal|p1a: Heatran|221\/386|[from] item: Leftovers
|turn|46
|
|switch|p2a: Latios|Latios, M|42\/301
|move|p1a: Heatran|Lava Plume|p2a: Latios
|-resisted|p2a: Latios
|-damage|p2a: Latios|0 fnt
|faint|p2a: Latios
|
|-heal|p1a: Heatran|245\/386|[from] item: Leftovers
|
|switch|p2a: Landorus-Therian|Landorus-Therian, M|345\/382
|-ability|p2a: Landorus-Therian|Intimidate|[of] p1a: Heatran
|-unboost|p1a: Heatran|atk|1
|turn|47
|
|switch|p1a: Slowbro|Slowbro, F|394\/394
|move|p2a: Landorus-Therian|Earthquake|p1a: Slowbro
|-damage|p1a: Slowbro|285\/394
|
|-heal|p2a: Landorus-Therian|368\/382|[from] item: Leftovers
|turn|48
|
|move|p2a: Landorus-Therian|U-turn|p1a: Slowbro
|-supereffective|p1a: Slowbro
|-damage|p1a: Slowbro|175\/394
|
|switch|p2a: Alomomola|Alomomola, M|529\/529 par
|move|p1a: Slowbro|Scald|p2a: Alomomola
|-resisted|p2a: Alomomola
|-damage|p2a: Alomomola|471\/529 par
|
|-heal|p2a: Alomomola|504\/529 par|[from] item: Leftovers
|turn|49
|
|switch|p1a: Heatran|Heatran, F|245\/386
|move|p2a: Alomomola|Scald|p1a: Heatran
|-supereffective|p1a: Heatran
|-damage|p1a: Heatran|177\/386
|
|-heal|p1a: Heatran|201\/386|[from] item: Leftovers
|-heal|p2a: Alomomola|529\/529 par|[from] item: Leftovers
|turn|50
|
|move|p1a: Heatran|Stealth Rock|p2a: Alomomola
|-sidestart|p2: dukevesper|move: Stealth Rock
|move|p2a: Alomomola|Scald|p1a: Heatran
|-crit|p1a: Heatran
|-supereffective|p1a: Heatran
|-damage|p1a: Heatran|99\/386
|
|-heal|p1a: Heatran|123\/386|[from] item: Leftovers
|turn|51
|
|move|p1a: Heatran|Protect|p1a: Heatran
|-singleturn|p1a: Heatran|Protect
|move|p2a: Alomomola|Scald|p1a: Heatran
|-activate|p1a: Heatran|Protect
|
|-heal|p1a: Heatran|147\/386|[from] item: Leftovers
|turn|52
|
|move|p1a: Heatran|Lava Plume|p2a: Alomomola
|-resisted|p2a: Alomomola
|-damage|p2a: Alomomola|460\/529 par
|move|p2a: Alomomola|Toxic|p1a: Heatran
|-fail|p1a: Heatran
|
|-heal|p1a: Heatran|171\/386|[from] item: Leftovers
|-heal|p2a: Alomomola|493\/529 par|[from] item: Leftovers
|turn|53
|
|move|p1a: Heatran|Protect|p1a: Heatran
|-singleturn|p1a: Heatran|Protect
|move|p2a: Alomomola|Wish|p2a: Alomomola
|
|-heal|p1a: Heatran|195\/386|[from] item: Leftovers
|-heal|p2a: Alomomola|526\/529 par|[from] item: Leftovers
|turn|54
|
|move|p1a: Heatran|Lava Plume|p2a: Alomomola
|-resisted|p2a: Alomomola
|-damage|p2a: Alomomola|464\/529 par
|cant|p2a: Alomomola|par
|
|-heal|p2a: Alomomola|529\/529 par|[from] move: Wish|[wisher] Alomomola
|-heal|p1a: Heatran|219\/386|[from] item: Leftovers
|turn|55
|
|switch|p2a: Landorus-Therian|Landorus-Therian, M|368\/382
|-damage|p2a: Landorus-Therian|321\/382|[from] Stealth Rock
|-ability|p2a: Landorus-Therian|Intimidate|[of] p1a: Heatran
|-unboost|p1a: Heatran|atk|1
|move|p1a: Heatran|Protect|p1a: Heatran
|-fail|p1a: Heatran
|
|-heal|p2a: Landorus-Therian|344\/382|[from] item: Leftovers
|-heal|p1a: Heatran|243\/386|[from] item: Leftovers
|turn|56
|
|move|p1a: Heatran|Protect|p1a: Heatran
|-singleturn|p1a: Heatran|Protect
|move|p2a: Landorus-Therian|Knock Off|p1a: Heatran
|-activate|p1a: Heatran|Protect
|
|-heal|p2a: Landorus-Therian|367\/382|[from] item: Leftovers
|-heal|p1a: Heatran|267\/386|[from] item: Leftovers
|turn|57
|
|switch|p1a: Landorus-Therian|Landorus-Therian, M|319\/319
|-ability|p1a: Landorus-Therian|Intimidate|[of] p2a: Landorus-Therian
|-unboost|p2a: Landorus-Therian|atk|1
|move|p2a: Landorus-Therian|Earthquake|p1a: Landorus-Therian
|-immune|p1a: Landorus-Therian|[msg]
|
|-heal|p2a: Landorus-Therian|382\/382|[from] item: Leftovers
|turn|58
|
|move|p1a: Landorus-Therian|Knock Off|p2a: Landorus-Therian
|-damage|p2a: Landorus-Therian|285\/382
|-enditem|p2a: Landorus-Therian|Leftovers|[from] move: Knock Off|[of] p1a: Landorus-Therian
|move|p2a: Landorus-Therian|U-turn|p1a: Landorus-Therian
|-resisted|p1a: Landorus-Therian
|-damage|p1a: Landorus-Therian|290\/319
|
|switch|p2a: Alomomola|Alomomola, M|529\/529 par
|-damage|p2a: Alomomola|463\/529 par|[from] Stealth Rock
|
|-heal|p2a: Alomomola|496\/529 par|[from] item: Leftovers
|turn|59
|
|switch|p1a: Heatran|Heatran, F|267\/386
|cant|p2a: Alomomola|par
|
|-heal|p1a: Heatran|291\/386|[from] item: Leftovers
|-heal|p2a: Alomomola|529\/529 par|[from] item: Leftovers
|turn|60
|
|move|p1a: Heatran|Protect|p1a: Heatran
|-singleturn|p1a: Heatran|Protect
|move|p2a: Alomomola|Wish|p2a: Alomomola
|
|-heal|p1a: Heatran|315\/386|[from] item: Leftovers
|turn|61
|
|switch|p2a: Landorus-Therian|Landorus-Therian, M|285\/382
|-damage|p2a: Landorus-Therian|238\/382|[from] Stealth Rock
|-ability|p2a: Landorus-Therian|Intimidate|[of] p1a: Heatran
|-unboost|p1a: Heatran|atk|1
|move|p1a: Heatran|Toxic|p2a: Landorus-Therian
|-status|p2a: Landorus-Therian|tox
|
|-heal|p2a: Landorus-Therian|382\/382 tox|[from] move: Wish|[wisher] Alomomola
|-heal|p1a: Heatran|339\/386|[from] item: Leftovers
|-damage|p2a: Landorus-Therian|359\/382 tox|[from] psn
|turn|62
|
|move|p1a: Heatran|Protect|p1a: Heatran
|-singleturn|p1a: Heatran|Protect
|move|p2a: Landorus-Therian|Earthquake|p1a: Heatran
|-activate|p1a: Heatran|Protect
|
|-heal|p1a: Heatran|363\/386|[from] item: Leftovers
|-damage|p2a: Landorus-Therian|313\/382 tox|[from] psn
|turn|63
|
|switch|p1a: Landorus-Therian|Landorus-Therian, M|290\/319
|-ability|p1a: Landorus-Therian|Intimidate|[of] p2a: Landorus-Therian
|-unboost|p2a: Landorus-Therian|atk|1
|move|p2a: Landorus-Therian|Knock Off|p1a: Landorus-Therian
|-damage|p1a: Landorus-Therian|207\/319
|-enditem|p1a: Landorus-Therian|Choice Scarf|[from] move: Knock Off|[of] p2a: Landorus-Therian
|
|-damage|p2a: Landorus-Therian|244\/382 tox|[from] psn
|turn|64
|
|switch|p2a: Alomomola|Alomomola, M|529\/529 par
|-damage|p2a: Alomomola|463\/529 par|[from] Stealth Rock
|move|p1a: Landorus-Therian|Earthquake|p2a: Alomomola
|-damage|p2a: Alomomola|237\/529 par
|
|-heal|p2a: Alomomola|270\/529 par|[from] item: Leftovers
|turn|65
|
|switch|p1a: Slowbro|Slowbro, F|306\/394
|move|p2a: Alomomola|Wish|p2a: Alomomola
|
|-heal|p2a: Alomomola|303\/529 par|[from] item: Leftovers
|turn|66
|
|switch|p1a: Heatran|Heatran, F|363\/386
|move|p2a: Alomomola|Toxic|p1a: Heatran
|-fail|p1a: Heatran
|
|-heal|p2a: Alomomola|529\/529 par|[from] move: Wish|[wisher] Alomomola
|-heal|p1a: Heatran|386\/386|[from] item: Leftovers
|turn|67
|
|move|p1a: Heatran|Lava Plume|p2a: Alomomola
|-resisted|p2a: Alomomola
|-damage|p2a: Alomomola|456\/529 par
|move|p2a: Alomomola|Wish|p2a: Alomomola
|
|-heal|p2a: Alomomola|489\/529 par|[from] item: Leftovers
|turn|68
|
|switch|p2a: Landorus-Therian|Landorus-Therian, M|244\/382 tox
|-damage|p2a: Landorus-Therian|197\/382 tox|[from] Stealth Rock
|-ability|p2a: Landorus-Therian|Intimidate|[of] p1a: Heatran
|-unboost|p1a: Heatran|atk|1
|move|p1a: Heatran|Toxic|p2a: Landorus-Therian
|-fail|p2a: Landorus-Therian|tox
|
|-heal|p2a: Landorus-Therian|382\/382 tox|[from] move: Wish|[wisher] Alomomola
|-damage|p2a: Landorus-Therian|359\/382 tox|[from] psn
|turn|69
|
|switch|p1a: Slowbro|Slowbro, F|394\/394
|move|p2a: Landorus-Therian|Stealth Rock|p1a: Slowbro
|-sidestart|p1: Doge4Ubers|move: Stealth Rock
|
|-damage|p2a: Landorus-Therian|313\/382 tox|[from] psn
|turn|70
|
|move|p2a: Landorus-Therian|U-turn|p1a: Slowbro
|-supereffective|p1a: Slowbro
|-damage|p1a: Slowbro|284\/394
|
|switch|p2a: Alomomola|Alomomola, M|529\/529 par
|-damage|p2a: Alomomola|463\/529 par|[from] Stealth Rock
|move|p1a: Slowbro|Scald|p2a: Alomomola
|-resisted|p2a: Alomomola
|-damage|p2a: Alomomola|409\/529 par
|
|-heal|p2a: Alomomola|442\/529 par|[from] item: Leftovers
|turn|71
|
|switch|p1a: Heatran|Heatran, F|386\/386
|-damage|p1a: Heatran|338\/386|[from] Stealth Rock
|switch|p2a: Landorus-Therian|Landorus-Therian, M|313\/382 tox
|-damage|p2a: Landorus-Therian|266\/382 tox|[from] Stealth Rock
|-ability|p2a: Landorus-Therian|Intimidate|[of] p1a: Heatran
|-unboost|p1a: Heatran|atk|1
|
|-heal|p1a: Heatran|362\/386|[from] item: Leftovers
|-damage|p2a: Landorus-Therian|243\/382 tox|[from] psn
|turn|72
|
|move|p1a: Heatran|Protect|p1a: Heatran
|-singleturn|p1a: Heatran|Protect
|move|p2a: Landorus-Therian|Earthquake|p1a: Heatran
|-activate|p1a: Heatran|Protect
|
|-heal|p1a: Heatran|386\/386|[from] item: Leftovers
|-damage|p2a: Landorus-Therian|197\/382 tox|[from] psn
|turn|73
|
|switch|p1a: Slowbro|Slowbro, F|394\/394
|-damage|p1a: Slowbro|345\/394|[from] Stealth Rock
|move|p2a: Landorus-Therian|U-turn|p1a: Slowbro
|-supereffective|p1a: Slowbro
|-damage|p1a: Slowbro|243\/394
|
|switch|p2a: Alomomola|Alomomola, M|529\/529 par
|-damage|p2a: Alomomola|463\/529 par|[from] Stealth Rock
|
|-heal|p2a: Alomomola|496\/529 par|[from] item: Leftovers
|turn|74
|
|switch|p1a: Heatran|Heatran, F|386\/386
|-damage|p1a: Heatran|338\/386|[from] Stealth Rock
|move|p2a: Alomomola|Toxic|p1a: Heatran
|-fail|p1a: Heatran
|
|-heal|p1a: Heatran|362\/386|[from] item: Leftovers
|-heal|p2a: Alomomola|529\/529 par|[from] item: Leftovers
|turn|75
|
|move|p1a: Heatran|Toxic|p2a: Alomomola
|-fail|p2a: Alomomola
|move|p2a: Alomomola|Scald|p1a: Heatran
|-supereffective|p1a: Heatran
|-damage|p1a: Heatran|294\/386
|
|-heal|p1a: Heatran|318\/386|[from] item: Leftovers
|turn|76
|
|move|p1a: Heatran|Protect|p1a: Heatran
|-singleturn|p1a: Heatran|Protect
|move|p2a: Alomomola|Scald|p1a: Heatran
|-activate|p1a: Heatran|Protect
|
|-heal|p1a: Heatran|342\/386|[from] item: Leftovers
|turn|77
|
|move|p1a: Heatran|Stealth Rock|p2a: Alomomola
|-fail|p2a: Alomomola
|move|p2a: Alomomola|Scald|p1a: Heatran
|-supereffective|p1a: Heatran
|-damage|p1a: Heatran|276\/386
|
|-heal|p1a: Heatran|300\/386|[from] item: Leftovers
|turn|78
|
|switch|p2a: Landorus-Therian|Landorus-Therian, M|197\/382 tox
|-damage|p2a: Landorus-Therian|150\/382 tox|[from] Stealth Rock
|-ability|p2a: Landorus-Therian|Intimidate|[of] p1a: Heatran
|-unboost|p1a: Heatran|atk|1
|move|p1a: Heatran|Protect|p1a: Heatran
|-fail|p1a: Heatran
|
|-heal|p1a: Heatran|324\/386|[from] item: Leftovers
|-damage|p2a: Landorus-Therian|127\/382 tox|[from] psn
|turn|79
|
|move|p1a: Heatran|Protect|p1a: Heatran
|-singleturn|p1a: Heatran|Protect
|move|p2a: Landorus-Therian|Knock Off|p1a: Heatran
|-activate|p1a: Heatran|Protect
|
|-heal|p1a: Heatran|348\/386|[from] item: Leftovers
|-damage|p2a: Landorus-Therian|81\/382 tox|[from] psn
|turn|80
|
|switch|p1a: Slowbro|Slowbro, F|374\/394
|-damage|p1a: Slowbro|325\/394|[from] Stealth Rock
|move|p2a: Landorus-Therian|Knock Off|p1a: Slowbro
|-supereffective|p1a: Slowbro
|-damage|p1a: Slowbro|231\/394
|
|-damage|p2a: Landorus-Therian|12\/382 tox|[from] psn
|turn|81
|
|move|p2a: Landorus-Therian|Knock Off|p1a: Slowbro
|-supereffective|p1a: Slowbro
|-damage|p1a: Slowbro|141\/394
|move|p1a: Slowbro|Slack Off|p1a: Slowbro
|-heal|p1a: Slowbro|338\/394
|
|-damage|p2a: Landorus-Therian|0 fnt|[from] psn
|faint|p2a: Landorus-Therian
|
|switch|p2a: Alomomola|Alomomola, M|529\/529 par
|-damage|p2a: Alomomola|463\/529 par|[from] Stealth Rock
|turn|82
|
|switch|p1a: Heatran|Heatran, F|348\/386
|-damage|p1a: Heatran|300\/386|[from] Stealth Rock
|cant|p2a: Alomomola|par
|
|-heal|p1a: Heatran|324\/386|[from] item: Leftovers
|-heal|p2a: Alomomola|496\/529 par|[from] item: Leftovers
|turn|83
|
|move|p1a: Heatran|Lava Plume|p2a: Alomomola
|-resisted|p2a: Alomomola
|-damage|p2a: Alomomola|424\/529 par
|cant|p2a: Alomomola|par
|
|-heal|p1a: Heatran|348\/386|[from] item: Leftovers
|-heal|p2a: Alomomola|457\/529 par|[from] item: Leftovers
|turn|84
|
|move|p1a: Heatran|Lava Plume|p2a: Alomomola
|-resisted|p2a: Alomomola
|-damage|p2a: Alomomola|385\/529 par
|move|p2a: Alomomola|Scald|p1a: Heatran
|-supereffective|p1a: Heatran
|-damage|p1a: Heatran|288\/386
|
|-heal|p1a: Heatran|312\/386|[from] item: Leftovers
|-heal|p2a: Alomomola|418\/529 par|[from] item: Leftovers
|turn|85
|
|move|p1a: Heatran|Protect|p1a: Heatran
|-singleturn|p1a: Heatran|Protect
|move|p2a: Alomomola|Wish|p2a: Alomomola
|
|-heal|p1a: Heatran|336\/386|[from] item: Leftovers
|-heal|p2a: Alomomola|451\/529 par|[from] item: Leftovers
|turn|86
|
|move|p1a: Heatran|Toxic|p2a: Alomomola
|-fail|p2a: Alomomola
|move|p2a: Alomomola|Scald|p1a: Heatran
|-supereffective|p1a: Heatran
|-damage|p1a: Heatran|274\/386
|
|-heal|p2a: Alomomola|529\/529 par|[from] move: Wish|[wisher] Alomomola
|-heal|p1a: Heatran|298\/386|[from] item: Leftovers
|turn|87
|
|move|p1a: Heatran|Lava Plume|p2a: Alomomola
|-resisted|p2a: Alomomola
|-damage|p2a: Alomomola|461\/529 par
|move|p2a: Alomomola|Scald|p1a: Heatran
|-supereffective|p1a: Heatran
|-damage|p1a: Heatran|238\/386
|
|-heal|p1a: Heatran|262\/386|[from] item: Leftovers
|-heal|p2a: Alomomola|494\/529 par|[from] item: Leftovers
|turn|88
|
|switch|p1a: Slowbro|Slowbro, F|394\/394
|-damage|p1a: Slowbro|345\/394|[from] Stealth Rock
|move|p2a: Alomomola|Scald|p1a: Slowbro
|-resisted|p1a: Slowbro
|-damage|p1a: Slowbro|318\/394
|
|-heal|p2a: Alomomola|527\/529 par|[from] item: Leftovers
|turn|89
|
|switch|p1a: Heatran|Heatran, F|262\/386
|-damage|p1a: Heatran|214\/386|[from] Stealth Rock
|move|p2a: Alomomola|Scald|p1a: Heatran
|-supereffective|p1a: Heatran
|-damage|p1a: Heatran|148\/386
|
|-heal|p1a: Heatran|172\/386|[from] item: Leftovers
|-heal|p2a: Alomomola|529\/529 par|[from] item: Leftovers
|turn|90
|
|move|p1a: Heatran|Protect|p1a: Heatran
|-singleturn|p1a: Heatran|Protect
|cant|p2a: Alomomola|par
|
|-heal|p1a: Heatran|196\/386|[from] item: Leftovers
|turn|91
|
|move|p1a: Heatran|Stealth Rock|p2a: Alomomola
|-fail|p2a: Alomomola
|move|p2a: Alomomola|Scald|p1a: Heatran
|-supereffective|p1a: Heatran
|-damage|p1a: Heatran|136\/386
|
|-heal|p1a: Heatran|160\/386|[from] item: Leftovers
|turn|92
|
|move|p1a: Heatran|Protect|p1a: Heatran
|-singleturn|p1a: Heatran|Protect
|cant|p2a: Alomomola|par
|
|-heal|p1a: Heatran|184\/386|[from] item: Leftovers
|turn|93
|
|move|p1a: Heatran|Stealth Rock|p2a: Alomomola
|-fail|p2a: Alomomola
|move|p2a: Alomomola|Scald|p1a: Heatran
|-supereffective|p1a: Heatran
|-damage|p1a: Heatran|118\/386
|
|-heal|p1a: Heatran|142\/386|[from] item: Leftovers
|turn|94
|
|move|p1a: Heatran|Stealth Rock|p2a: Alomomola
|-fail|p2a: Alomomola
|move|p2a: Alomomola|Wish|p2a: Alomomola
|
|-heal|p1a: Heatran|166\/386|[from] item: Leftovers
|turn|95
|
|switch|p1a: Slowbro|Slowbro, F|394\/394
|-damage|p1a: Slowbro|345\/394|[from] Stealth Rock
|cant|p2a: Alomomola|par
|
|turn|96
|
|switch|p1a: Heatran|Heatran, F|166\/386
|-damage|p1a: Heatran|118\/386|[from] Stealth Rock
|move|p2a: Alomomola|Toxic|p1a: Heatran
|-fail|p1a: Heatran
|
|-heal|p1a: Heatran|142\/386|[from] item: Leftovers
|turn|97
|
|move|p1a: Heatran|Protect|p1a: Heatran
|-singleturn|p1a: Heatran|Protect
|cant|p2a: Alomomola|par
|
|-heal|p1a: Heatran|166\/386|[from] item: Leftovers
|turn|98
|
|move|p1a: Heatran|Stealth Rock|p2a: Alomomola
|-fail|p2a: Alomomola
|cant|p2a: Alomomola|par
|
|-heal|p1a: Heatran|190\/386|[from] item: Leftovers
|turn|99
|
|switch|p2a: Talonflame|Talonflame, F|298\/298
|-damage|p2a: Talonflame|149\/298|[from] Stealth Rock
|move|p1a: Heatran|Stealth Rock|p2a: Talonflame
|-fail|p2a: Talonflame
|
|-heal|p1a: Heatran|214\/386|[from] item: Leftovers
|turn|100
|
|move|p2a: Talonflame|Brave Bird|p1a: Heatran
|-resisted|p1a: Heatran
|-damage|p1a: Heatran|126\/386
|-damage|p2a: Talonflame|120\/298|[from] recoil|[of] p1a: Heatran
|move|p1a: Heatran|Toxic|p2a: Talonflame
|-status|p2a: Talonflame|tox
|
|-heal|p1a: Heatran|150\/386|[from] item: Leftovers
|-damage|p2a: Talonflame|102\/298 tox|[from] psn
|turn|101
|
|switch|p1a: Landorus-Therian|Landorus-Therian, M|207\/319
|-damage|p1a: Landorus-Therian|168\/319|[from] Stealth Rock
|-ability|p1a: Landorus-Therian|Intimidate|[of] p2a: Talonflame
|-unboost|p2a: Talonflame|atk|1
|move|p2a: Talonflame|Roost|p2a: Talonflame
|-heal|p2a: Talonflame|251\/298 tox
|
|-damage|p2a: Talonflame|215\/298 tox|[from] psn
|turn|102
|
|switch|p1a: Slowbro|Slowbro, F|394\/394
|-damage|p1a: Slowbro|345\/394|[from] Stealth Rock
|move|p2a: Talonflame|Brave Bird|p1a: Slowbro
|-crit|p1a: Slowbro
|-damage|p1a: Slowbro|146\/394
|-damage|p2a: Talonflame|149\/298 tox|[from] recoil|[of] p1a: Slowbro
|
|-damage|p2a: Talonflame|95\/298 tox|[from] psn
|turn|103
|
|switch|p1a: Landorus-Therian|Landorus-Therian, M|168\/319
|-damage|p1a: Landorus-Therian|129\/319|[from] Stealth Rock
|-ability|p1a: Landorus-Therian|Intimidate|[of] p2a: Talonflame
|-unboost|p2a: Talonflame|atk|1
|move|p2a: Talonflame|Brave Bird|p1a: Landorus-Therian
|-damage|p1a: Landorus-Therian|32\/319
|-damage|p2a: Talonflame|63\/298 tox|[from] recoil|[of] p1a: Landorus-Therian
|
|-damage|p2a: Talonflame|0 fnt|[from] psn
|faint|p2a: Talonflame
|
|switch|p2a: Alomomola|Alomomola, M|529\/529 par
|-damage|p2a: Alomomola|463\/529 par|[from] Stealth Rock
|turn|104
|
|move|p1a: Landorus-Therian|Earthquake|p2a: Alomomola
|-damage|p2a: Alomomola|226\/529 par
|move|p2a: Alomomola|Wish|p2a: Alomomola
|
|-heal|p2a: Alomomola|259\/529 par|[from] item: Leftovers
|turn|105
|
|move|p1a: Landorus-Therian|Earthquake|p2a: Alomomola
|-crit|p2a: Alomomola
|-damage|p2a: Alomomola|0 fnt
|faint|p2a: Alomomola
|
|win|Doge4Ubers
|raw|Ladder updating...
|raw|Doge4Ubers's rating: 1319 &rarr; <strong>1335<\/strong><br \/>(+16 for winning)
|raw|dukevesper's rating: 1245 &rarr; <strong>1226<\/strong><br \/>(-19 for losing)
|c|âdukevesper|gg
|c|âDoge4Ubers|gg