|join|cadeskjl2
|join|dukevesper
|player|p1|cadeskjl2|170
|player|p2|dukevesper|290
|gametype|singles
|gen|6
|tier|OU (suspect test)
|rated
|clearpoke
|poke|p1|Azumarill, M
|poke|p1|Diancie
|poke|p1|Thundurus-Therian, M
|poke|p1|Kyurem-Black
|poke|p1|Skarmory, F
|poke|p1|Heatran, M
|poke|p2|Gyarados, F
|poke|p2|Talonflame, M
|poke|p2|Gothitelle, F
|poke|p2|Landorus-Therian, M
|poke|p2|Conkeldurr, F
|poke|p2|Latios, M
|rule|Swagger Clause: Swagger is banned
|rule|Baton Pass Clause: Limit one PokÃ©mon knowing Baton Pass
|rule|Sleep Clause Mod: Limit one foe put to sleep
|rule|Species Clause: Limit one of each PokÃ©mon
|rule|OHKO Clause: OHKO moves are banned
|rule|Moody Clause: Moody is banned
|rule|Evasion Moves Clause: Evasion moves are banned
|rule|Endless Battle Clause: Forcing endless battles is banned
|rule|HP Percentage Mod: HP is shown in percentages
|teampreview
|
|start
|switch|p1a: Diancie|Diancie|241\/241
|switch|p2a: Telltale Games|Gothitelle, F|324\/324
|turn|1
|
|switch|p2a: Megure|Landorus-Therian, M|382\/382
|-ability|p2a: Megure|Intimidate|[of] p1a: Diancie
|-fail|p1a: Diancie|unboost|[from] ability: Clear Body|[of] p1a: Diancie
|detailschange|p1a: Diancie|Diancie-Mega
|-mega|p1a: Diancie|Diancie|Diancite
|move|p1a: Diancie|Substitute|p1a: Diancie
|-start|p1a: Diancie|Substitute
|-damage|p1a: Diancie|181\/241
|
|turn|2
|
|move|p1a: Diancie|Moonblast|p2a: Megure
|-damage|p2a: Megure|154\/382
|move|p2a: Megure|Earthquake|p1a: Diancie
|-supereffective|p1a: Diancie
|-end|p1a: Diancie|Substitute
|
|-heal|p2a: Megure|177\/382|[from] item: Leftovers
|turn|3
|
|move|p1a: Diancie|Moonblast|p2a: Megure
|-damage|p2a: Megure|0 fnt
|faint|p2a: Megure
|
|
|switch|p2a: Latinos|Latios, M|301\/301
|turn|4
|
|move|p2a: Latinos|Earthquake|p1a: Diancie
|-supereffective|p1a: Diancie
|-damage|p1a: Diancie|0 fnt
|-damage|p2a: Latinos|271\/301|[from] item: Life Orb
|faint|p1a: Diancie
|
|
|switch|p1a: Azumarill|Azumarill, M|404\/404
|turn|5
|
|move|p2a: Latinos|Psyshock|p1a: Azumarill
|-damage|p1a: Azumarill|188\/404
|-damage|p2a: Latinos|241\/301|[from] item: Life Orb
|move|p1a: Azumarill|Knock Off|p2a: Latinos
|-crit|p2a: Latinos
|-supereffective|p2a: Latinos
|-damage|p2a: Latinos|0 fnt
|-enditem|p2a: Latinos|Life Orb|[from] move: Knock Off|[of] p1a: Azumarill
|faint|p2a: Latinos
|
|
|switch|p2a: Telltale Games|Gothitelle, F|324\/324
|turn|6
|
|move|p2a: Telltale Games|Psychic|p1a: Azumarill
|-damage|p1a: Azumarill|23\/404
|move|p1a: Azumarill|Knock Off|p2a: Telltale Games
|-supereffective|p2a: Telltale Games
|-damage|p2a: Telltale Games|26\/324
|-enditem|p2a: Telltale Games|Choice Specs|[from] move: Knock Off|[of] p1a: Azumarill
|
|turn|7
|
|move|p1a: Azumarill|Aqua Jet|p2a: Telltale Games
|-damage|p2a: Telltale Games|0 fnt
|faint|p2a: Telltale Games
|
|
|switch|p2a: Gervase|Gyarados, F|332\/332
|-ability|p2a: Gervase|Intimidate|[of] p1a: Azumarill
|-unboost|p1a: Azumarill|atk|1
|turn|8
|
|move|p2a: Gervase|Dragon Dance|p2a: Gervase
|-boost|p2a: Gervase|atk|1
|-boost|p2a: Gervase|spe|1
|move|p1a: Azumarill|Play Rough|p2a: Gervase
|-damage|p2a: Gervase|176\/332
|
|turn|9
|
|detailschange|p2a: Gervase|Gyarados-Mega, F
|-mega|p2a: Gervase|Gyarados|Gyaradosite
|-ability|p2a: Gervase|Mold Breaker
|move|p2a: Gervase|Crunch|p1a: Azumarill
|-resisted|p1a: Azumarill
|-damage|p1a: Azumarill|0 fnt
|faint|p1a: Azumarill
|
|
|switch|p1a: Thundurus-Therian|Thundurus-Therian, M|299\/299
|turn|10
|
|move|p1a: Thundurus-Therian|Volt Switch|p2a: Gervase
|-supereffective|p2a: Gervase
|-damage|p2a: Gervase|0 fnt
|faint|p2a: Gervase
|
|switch|p1a: Kyurem-Black|Kyurem-Black|453\/453
|-ability|p1a: Kyurem-Black|Teravolt
|
|
|switch|p2a: Conkeldurr|Conkeldurr, F|413\/413
|turn|11
|
|move|p1a: Kyurem-Black|Outrage|p2a: Conkeldurr
|-damage|p2a: Conkeldurr|0 fnt
|faint|p2a: Conkeldurr
|
|c|âdukevesper|banded\/
|c|âdukevesper|gg
|c|âcadeskjl2|ya
|c|âcadeskjl2|gg
|c|âdukevesper|i choked
|c|âdukevesper|i had tbolt
|c|âdukevesper|on goth
|c|âdukevesper|but i misclicked
|c|âcadeskjl2|thnx for telling me
|
|switch|p2a: SLA BONG OYE|Talonflame, M|297\/297
|turn|12
|c|âcadeskjl2|mature ppl dont make excuses after saying gg, its really passive agressive, you shiould work on that
|
|move|p2a: SLA BONG OYE|Flare Blitz|p1a: Kyurem-Black
|-damage|p1a: Kyurem-Black|300\/453
|-damage|p2a: SLA BONG OYE|247\/297|[from] recoil|[of] p1a: Kyurem-Black
|move|p1a: Kyurem-Black|Outrage|p2a: SLA BONG OYE
|-damage|p2a: SLA BONG OYE|0 fnt
|faint|p2a: SLA BONG OYE
|
|win|cadeskjl2
|raw|Ladder updating...
|raw|cadeskjl2's rating: 1327 &rarr; <strong>1348<\/strong><br \/>(+21 for winning)
|raw|dukevesper's rating: 1342 &rarr; <strong>1321<\/strong><br \/>(-21 for losing)