|join|Reverb
|join|dukevesper
|player|p1|Reverb|#reverbxmas
|player|p2|dukevesper|290
|gametype|singles
|gen|6
|tier|OU (suspect test)
|rated
|clearpoke
|poke|p1|Lopunny, F
|poke|p1|Celebi
|poke|p1|Tyranitar, F
|poke|p1|Keldeo
|poke|p1|Landorus-Therian, M
|poke|p1|Empoleon, F
|poke|p2|Metagross
|poke|p2|Landorus-Therian, M
|poke|p2|Talonflame, M
|poke|p2|Latios, M
|poke|p2|Clefable, M
|poke|p2|Magnezone
|rule|Swagger Clause: Swagger is banned
|rule|Baton Pass Clause: Limit one PokÃ©mon knowing Baton Pass
|rule|Sleep Clause Mod: Limit one foe put to sleep
|rule|Species Clause: Limit one of each PokÃ©mon
|rule|OHKO Clause: OHKO moves are banned
|rule|Moody Clause: Moody is banned
|rule|Evasion Moves Clause: Evasion moves are banned
|rule|Endless Battle Clause: Forcing endless battles is banned
|rule|HP Percentage Mod: HP is shown in percentages
|teampreview
|
|start
|switch|p1a: Keldeo|Keldeo|323\/323
|switch|p2a: Damon Baird|Magnezone|281\/281
|turn|1
|
|switch|p1a: Landorus-Therian|Landorus-Therian, M|327\/327
|-ability|p1a: Landorus-Therian|Intimidate|[of] p2a: Damon Baird
|-unboost|p2a: Damon Baird|atk|1
|switch|p2a: Megure|Landorus-Therian, M|382\/382
|-ability|p2a: Megure|Intimidate|[of] p1a: Landorus-Therian
|-unboost|p1a: Landorus-Therian|atk|1
|
|turn|2
|
|move|p1a: Landorus-Therian|U-turn|p2a: Megure
|-resisted|p2a: Megure
|-damage|p2a: Megure|358\/382
|
|switch|p1a: Keldeo|Keldeo|323\/323
|move|p2a: Megure|U-turn|p1a: Keldeo
|-resisted|p1a: Keldeo
|-damage|p1a: Keldeo|280\/323
|
|switch|p2a: TOASTY|Talonflame, M|298\/298
|
|turn|3
|
|move|p2a: TOASTY|U-turn|p1a: Keldeo
|-resisted|p1a: Keldeo
|-damage|p1a: Keldeo|249\/323
|
|switch|p2a: Colleen|Clefable, M|394\/394
|move|p1a: Keldeo|Scald|p2a: Colleen
|-damage|p2a: Colleen|166\/394
|
|-heal|p2a: Colleen|190\/394|[from] item: Leftovers
|turn|4
|
|switch|p2a: Latinos|Latios, M|301\/301
|move|p1a: Keldeo|Scald|p2a: Latinos
|-resisted|p2a: Latinos
|-damage|p2a: Latinos|210\/301
|
|turn|5
|
|switch|p2a: Damon Baird|Magnezone|281\/281
|switch|p1a: Tyranitar|Tyranitar, F|383\/383
|-weather|Sandstorm
|
|-weather|Sandstorm|[upkeep]
|turn|6
|join|Chillingtilnoon
|
|move|p1a: Tyranitar|Pursuit|p2a: Damon Baird|[from]Pursuit
|-damage|p2a: Damon Baird|71\/281
|switch|p2a: Megure|Landorus-Therian, M|358\/382
|-ability|p2a: Megure|Intimidate|[of] p1a: Tyranitar
|-unboost|p1a: Tyranitar|atk|1
|
|-weather|Sandstorm|[upkeep]
|-heal|p2a: Megure|381\/382|[from] item: Leftovers
|turn|7
|
|switch|p1a: Keldeo|Keldeo|249\/323
|move|p2a: Megure|U-turn|p1a: Keldeo
|-resisted|p1a: Keldeo
|-damage|p1a: Keldeo|207\/323
|
|switch|p2a: TOASTY|Talonflame, M|298\/298
|
|-weather|Sandstorm|[upkeep]
|-damage|p2a: TOASTY|280\/298|[from] sandstorm
|-damage|p1a: Keldeo|187\/323|[from] sandstorm
|turn|8
|
|switch|p1a: Landorus-Therian|Landorus-Therian, M|327\/327
|-ability|p1a: Landorus-Therian|Intimidate|[of] p2a: TOASTY
|-unboost|p2a: TOASTY|atk|1
|move|p2a: TOASTY|Brave Bird|p1a: Landorus-Therian
|-damage|p1a: Landorus-Therian|180\/327
|-damage|p2a: TOASTY|231\/298|[from] recoil|[of] p1a: Landorus-Therian
|
|-weather|Sandstorm|[upkeep]
|-damage|p2a: TOASTY|213\/298|[from] sandstorm
|turn|9
|
|switch|p2a: Megure|Landorus-Therian, M|381\/382
|-ability|p2a: Megure|Intimidate|[of] p1a: Landorus-Therian
|-unboost|p1a: Landorus-Therian|atk|1
|move|p1a: Landorus-Therian|U-turn|p2a: Megure
|-resisted|p2a: Megure
|-damage|p2a: Megure|358\/382
|join|CleanerThanRotom-W
|
|switch|p1a: Keldeo|Keldeo|187\/323
|
|-weather|none
|-heal|p2a: Megure|381\/382|[from] item: Leftovers
|turn|10
|
|switch|p2a: Damon Baird|Magnezone|71\/281
|move|p1a: Keldeo|Scald|p2a: Damon Baird
|-damage|p2a: Damon Baird|0 fnt
|faint|p2a: Damon Baird
|
|
|switch|p2a: TOASTY|Talonflame, M|213\/298
|turn|11
|join|my name is reqs
|
|switch|p1a: Empoleon|Empoleon, F|371\/371
|move|p2a: TOASTY|Brave Bird|p1a: Empoleon
|-resisted|p1a: Empoleon
|-damage|p1a: Empoleon|298\/371
|-damage|p2a: TOASTY|189\/298|[from] recoil|[of] p1a: Empoleon
|
|-heal|p1a: Empoleon|321\/371|[from] item: Leftovers
|turn|12
|
|move|p2a: TOASTY|Flare Blitz|p1a: Empoleon
|-damage|p1a: Empoleon|195\/371
|-damage|p2a: TOASTY|147\/298|[from] recoil|[of] p1a: Empoleon
|move|p1a: Empoleon|Stealth Rock|p2a: TOASTY
|-sidestart|p2: dukevesper|move: Stealth Rock
|
|-heal|p1a: Empoleon|218\/371|[from] item: Leftovers
|turn|13
|
|move|p2a: TOASTY|U-turn|p1a: Empoleon
|-resisted|p1a: Empoleon
|-damage|p1a: Empoleon|195\/371
|
|switch|p2a: Colleen|Clefable, M|190\/394
|move|p1a: Empoleon|Scald|p2a: Colleen
|-damage|p2a: Colleen|72\/394
|-status|p2a: Colleen|brn
|
|-heal|p1a: Empoleon|218\/371|[from] item: Leftovers
|-heal|p2a: Colleen|96\/394 brn|[from] item: Leftovers
|turn|14
|
|move|p1a: Empoleon|Scald|p2a: Colleen
|-damage|p2a: Colleen|0 fnt
|faint|p2a: Colleen
|
|-heal|p1a: Empoleon|241\/371|[from] item: Leftovers
|
|switch|p2a: Xperia|Metagross|301\/301
|-damage|p2a: Xperia|283\/301|[from] Stealth Rock
|turn|15
|
|detailschange|p2a: Xperia|Metagross-Mega
|-mega|p2a: Xperia|Metagross|Metagrossite
|move|p2a: Xperia|Meteor Mash|p1a: Empoleon
|-resisted|p1a: Empoleon
|-damage|p1a: Empoleon|190\/371
|move|p1a: Empoleon|Scald|p2a: Xperia
|-damage|p2a: Xperia|184\/301
|
|-heal|p1a: Empoleon|213\/371|[from] item: Leftovers
|turn|16
|
|move|p2a: Xperia|Earthquake|p1a: Empoleon
|-supereffective|p1a: Empoleon
|-damage|p1a: Empoleon|0 fnt
|faint|p1a: Empoleon
|
|
|switch|p1a: Landorus-Therian|Landorus-Therian, M|180\/327
|-ability|p1a: Landorus-Therian|Intimidate|[of] p2a: Xperia
|-unboost|p2a: Xperia|atk|1
|turn|17
|
|switch|p2a: Megure|Landorus-Therian, M|381\/382
|-damage|p2a: Megure|334\/382|[from] Stealth Rock
|-ability|p2a: Megure|Intimidate|[of] p1a: Landorus-Therian
|-unboost|p1a: Landorus-Therian|atk|1
|move|p1a: Landorus-Therian|U-turn|p2a: Megure
|-resisted|p2a: Megure
|-damage|p2a: Megure|311\/382
|
|switch|p1a: Keldeo|Keldeo|187\/323
|
|-heal|p2a: Megure|334\/382|[from] item: Leftovers
|turn|18
|
|move|p1a: Keldeo|Scald|p2a: Megure
|-supereffective|p2a: Megure
|-damage|p2a: Megure|0 fnt
|faint|p2a: Megure
|
|
|switch|p2a: Xperia|Metagross-Mega|184\/301
|-damage|p2a: Xperia|166\/301|[from] Stealth Rock
|turn|19
|
|move|p2a: Xperia|Zen Headbutt|p1a: Keldeo
|-supereffective|p1a: Keldeo
|-damage|p1a: Keldeo|0 fnt
|faint|p1a: Keldeo
|
|
|switch|p1a: Landorus-Therian|Landorus-Therian, M|180\/327
|-ability|p1a: Landorus-Therian|Intimidate|[of] p2a: Xperia
|-unboost|p2a: Xperia|atk|1
|turn|20
|
|switch|p2a: TOASTY|Talonflame, M|147\/298
|-damage|p2a: TOASTY|0 fnt|[from] Stealth Rock
|faint|p2a: TOASTY
|move|p1a: Landorus-Therian|Earthquake|p2: TOASTY|[notarget]
|-notarget
|
|
|switch|p2a: Latinos|Latios, M|210\/301
|-damage|p2a: Latinos|173\/301|[from] Stealth Rock
|turn|21
|
|switch|p1a: Tyranitar|Tyranitar, F|383\/383
|-weather|Sandstorm
|switch|p2a: Xperia|Metagross-Mega|166\/301
|-damage|p2a: Xperia|148\/301|[from] Stealth Rock
|
|-weather|Sandstorm|[upkeep]
|turn|22
|
|move|p2a: Xperia|Meteor Mash|p1a: Tyranitar
|-supereffective|p1a: Tyranitar
|-damage|p1a: Tyranitar|0 fnt
|faint|p1a: Tyranitar
|
|-weather|Sandstorm|[upkeep]
|
|switch|p1a: Landorus-Therian|Landorus-Therian, M|180\/327
|-ability|p1a: Landorus-Therian|Intimidate|[of] p2a: Xperia
|-unboost|p2a: Xperia|atk|1
|turn|23
|
|move|p1a: Landorus-Therian|U-turn|p2a: Xperia
|-damage|p2a: Xperia|83\/301
|
|switch|p1a: Celebi|Celebi|404\/404
|move|p2a: Xperia|Meteor Mash|p1a: Celebi
|-damage|p1a: Celebi|241\/404
|
|-weather|Sandstorm|[upkeep]
|-damage|p1a: Celebi|216\/404|[from] sandstorm
|-heal|p1a: Celebi|241\/404|[from] item: Leftovers
|turn|24
|
|switch|p2a: Latinos|Latios, M|173\/301
|-damage|p2a: Latinos|136\/301|[from] Stealth Rock
|move|p1a: Celebi|Giga Drain|p2a: Latinos
|-resisted|p2a: Latinos
|-damage|p2a: Latinos|93\/301
|-heal|p1a: Celebi|263\/404|[from] drain|[of] p2a: Latinos
|
|-weather|Sandstorm|[upkeep]
|-damage|p2a: Latinos|75\/301|[from] sandstorm
|-damage|p1a: Celebi|238\/404|[from] sandstorm
|-heal|p1a: Celebi|263\/404|[from] item: Leftovers
|turn|25
|c|âdukevesper|lol nice
|c|âdukevesper|you set it up so uturn just wins
|
|move|p2a: Latinos|Draco Meteor|p1a: Celebi
|-damage|p1a: Celebi|41\/404
|-unboost|p2a: Latinos|spa|2
|-damage|p2a: Latinos|45\/301|[from] item: Life Orb
|move|p1a: Celebi|Giga Drain|p2a: Latinos
|-crit|p2a: Latinos
|-resisted|p2a: Latinos
|-damage|p2a: Latinos|0 fnt
|-heal|p1a: Celebi|64\/404|[from] drain|[of] p2a: Latinos
|faint|p2a: Latinos
|
|-weather|none
|-heal|p1a: Celebi|89\/404|[from] item: Leftovers
|
|switch|p2a: Xperia|Metagross-Mega|83\/301
|-damage|p2a: Xperia|65\/301|[from] Stealth Rock
|turn|26
|c|âdukevesper|GG man
|c|âReverb|gg
|
|move|p2a: Xperia|Meteor Mash|p1a: Celebi
|-damage|p1a: Celebi|0 fnt
|faint|p1a: Celebi
|
|
|switch|p1a: Landorus-Therian|Landorus-Therian, M|180\/327
|-ability|p1a: Landorus-Therian|Intimidate|[of] p2a: Xperia
|-unboost|p2a: Xperia|atk|1
|turn|27
|
|move|p2a: Xperia|Bullet Punch|p1a: Landorus-Therian
|-damage|p1a: Landorus-Therian|108\/327
|move|p1a: Landorus-Therian|Earthquake|p2a: Xperia
|-supereffective|p2a: Xperia
|-damage|p2a: Xperia|0 fnt
|faint|p2a: Xperia
|
|win|Reverb
|raw|Ladder updating...
|raw|Reverb's rating: 1535 &rarr; <strong>1555<\/strong><br \/>(+20 for winning)
|raw|dukevesper's rating: 1539 &rarr; <strong>1519<\/strong><br \/>(-20 for losing)