|join|Merry Jewmas
|join|dukevesper
|player|p1|Merry Jewmas|#cpgtan
|player|p2|dukevesper|290
|gametype|singles
|gen|6
|tier|OU (suspect test)
|rated
|clearpoke
|poke|p1|Diggersby, F
|poke|p1|Sableye, M
|poke|p1|Ferrothorn, F
|poke|p1|Azumarill, F
|poke|p1|Gengar, F
|poke|p1|Heatran, F
|poke|p2|Metagross
|poke|p2|Landorus-Therian, M
|poke|p2|Talonflame, F
|poke|p2|Latios, M
|poke|p2|Clefable, F
|poke|p2|Magnezone
|rule|Swagger Clause: Swagger is banned
|rule|Baton Pass Clause: Limit one PokÃ©mon knowing Baton Pass
|rule|Sleep Clause Mod: Limit one foe put to sleep
|rule|Species Clause: Limit one of each PokÃ©mon
|rule|OHKO Clause: OHKO moves are banned
|rule|Moody Clause: Moody is banned
|rule|Evasion Moves Clause: Evasion moves are banned
|rule|Endless Battle Clause: Forcing endless battles is banned
|rule|HP Percentage Mod: HP is shown in percentages
|teampreview
|c|âMerry Jewmas|oh damn
|c|âMerry Jewmas|you win and you have reqs
|c|âdukevesper|yeah
|c|âMerry Jewmas|gl
|join|oikl
|c|âdukevesper|if i win this i finally get it
|c|âdukevesper|but youve only lost once
|c|âMerry Jewmas|ye
|c|âdukevesper|so my chances seem pretty slim haha
|c|âMerry Jewmas|all of my wins were luck :]
|c|âMerry Jewmas|**:]**
|
|start
|switch|p1a: TRIPLE CHARIZARD|Heatran, F|385\/385
|switch|p2a: Damon Baird|Magnezone|281\/281
|-item|p1a: TRIPLE CHARIZARD|Air Balloon
|turn|1
|
|switch|p2a: Colleen|Clefable, F|394\/394
|move|p1a: TRIPLE CHARIZARD|Fire Blast|p2a: Colleen
|-damage|p2a: Colleen|223\/394
|
|-heal|p2a: Colleen|247\/394|[from] item: Leftovers
|turn|2
|
|move|p1a: TRIPLE CHARIZARD|Flash Cannon|p2a: Colleen
|-supereffective|p2a: Colleen
|-damage|p2a: Colleen|0 fnt
|faint|p2a: Colleen
|
|
|switch|p2a: TOASTY|Talonflame, F|298\/298
|turn|3
|
|move|p2a: TOASTY|U-turn|p1a: TRIPLE CHARIZARD
|-crit|p1a: TRIPLE CHARIZARD
|-resisted|p1a: TRIPLE CHARIZARD
|-damage|p1a: TRIPLE CHARIZARD|365\/385
|-enditem|p1a: TRIPLE CHARIZARD|Air Balloon
|
|switch|p2a: Latinos|Latios, M|301\/301
|move|p1a: TRIPLE CHARIZARD|Stealth Rock|p2a: Latinos
|-sidestart|p2: dukevesper|move: Stealth Rock
|
|turn|4
|
|switch|p1a: TAMALE|Ferrothorn, F|349\/349
|move|p2a: Latinos|Earthquake|p1a: TAMALE
|-damage|p1a: TAMALE|288\/349
|-damage|p2a: Latinos|271\/301|[from] item: Life Orb
|
|-heal|p1a: TAMALE|309\/349|[from] item: Leftovers
|turn|5
|
|switch|p1a: TRIPLE CHARIZARD|Heatran, F|365\/385
|move|p2a: Latinos|Defog|p1a: TRIPLE CHARIZARD
|-unboost|p1a: TRIPLE CHARIZARD|evasion|1
|-sideend|p2: dukevesper|Stealth Rock|[from] move: Defog|[of] p2a: Latinos
|
|turn|6
|
|switch|p1a: NEZMCNEZZA|Sableye, M|302\/302
|move|p2a: Latinos|Psyshock|p1a: NEZMCNEZZA
|-immune|p1a: NEZMCNEZZA|[msg]
|
|turn|7
|
|switch|p2a: Damon Baird|Magnezone|281\/281
|detailschange|p1a: NEZMCNEZZA|Sableye-Mega, M
|-mega|p1a: NEZMCNEZZA|Sableye|Sablenite
|move|p1a: NEZMCNEZZA|Calm Mind|p1a: NEZMCNEZZA
|-boost|p1a: NEZMCNEZZA|spa|1
|-boost|p1a: NEZMCNEZZA|spd|1
|
|turn|8
|
|move|p2a: Damon Baird|Thunderbolt|p1a: NEZMCNEZZA
|-damage|p1a: NEZMCNEZZA|151\/302
|move|p1a: NEZMCNEZZA|Calm Mind|p1a: NEZMCNEZZA
|-boost|p1a: NEZMCNEZZA|spa|1
|-boost|p1a: NEZMCNEZZA|spd|1
|
|turn|9
|
|move|p2a: Damon Baird|Thunderbolt|p1a: NEZMCNEZZA
|-damage|p1a: NEZMCNEZZA|31\/302
|move|p1a: NEZMCNEZZA|Recover|p1a: NEZMCNEZZA
|-heal|p1a: NEZMCNEZZA|182\/302
|
|turn|10
|
|move|p2a: Damon Baird|Thunderbolt|p1a: NEZMCNEZZA
|-crit|p1a: NEZMCNEZZA
|-damage|p1a: NEZMCNEZZA|0 fnt
|faint|p1a: NEZMCNEZZA
|
|c|âMerry Jewmas|:(((((
|c|âdukevesper|ah sorry
|
|switch|p1a: TRIPLE CHARIZARD|Heatran, F|365\/385
|turn|11
|
|switch|p2a: Latinos|Latios, M|271\/301
|move|p1a: TRIPLE CHARIZARD|Fire Blast|p2a: Latinos
|-resisted|p2a: Latinos
|-damage|p2a: Latinos|198\/301
|
|turn|12
|
|switch|p2a: Damon Baird|Magnezone|281\/281
|switch|p1a: TAMALE|Ferrothorn, F|309\/349
|
|-heal|p1a: TAMALE|330\/349|[from] item: Leftovers
|turn|13
|c|âMerry Jewmas|nice
|
|move|p1a: TAMALE|Protect|p1a: TAMALE
|-singleturn|p1a: TAMALE|Protect
|move|p2a: Damon Baird|Hidden Power|p1a: TAMALE
|-activate|p1a: TAMALE|Protect
|
|-heal|p1a: TAMALE|349\/349|[from] item: Leftovers
|turn|14
|c|âdukevesper|thanks i gotta go hard with  these plays :]
|
|move|p2a: Damon Baird|Hidden Power|p1a: TAMALE
|-supereffective|p1a: TAMALE
|-damage|p1a: TAMALE|0 fnt
|faint|p1a: TAMALE
|
|
|switch|p1a: HNNNNNNNNG|Azumarill, F|377\/377
|turn|15
|
|move|p2a: Damon Baird|Hidden Power|p1a: HNNNNNNNNG
|-resisted|p1a: HNNNNNNNNG
|-damage|p1a: HNNNNNNNNG|311\/377
|move|p1a: HNNNNNNNNG|Waterfall|p2a: Damon Baird
|-damage|p2a: Damon Baird|70\/281
|
|turn|16
|
|switch|p1a: TRIPLE CHARIZARD|Heatran, F|365\/385
|move|p2a: Damon Baird|Hidden Power|p1a: TRIPLE CHARIZARD
|-start|p1a: TRIPLE CHARIZARD|ability: Flash Fire
|
|turn|17
|
|move|p1a: TRIPLE CHARIZARD|Stealth Rock|p2a: Damon Baird
|-sidestart|p2: dukevesper|move: Stealth Rock
|move|p2a: Damon Baird|Hidden Power|p1a: TRIPLE CHARIZARD
|-immune|p1a: TRIPLE CHARIZARD|[msg]
|
|turn|18
|
|move|p2a: Damon Baird|Hidden Power|p1a: TRIPLE CHARIZARD
|-immune|p1a: TRIPLE CHARIZARD|[msg]
|move|p1a: TRIPLE CHARIZARD|Roar|p2a: Damon Baird
|drag|p2a: Latinos|Latios, M|198\/301
|-damage|p2a: Latinos|161\/301|[from] Stealth Rock
|
|turn|19
|
|move|p2a: Latinos|Psyshock|p1a: TRIPLE CHARIZARD
|-resisted|p1a: TRIPLE CHARIZARD
|-damage|p1a: TRIPLE CHARIZARD|271\/385
|-damage|p2a: Latinos|131\/301|[from] item: Life Orb
|move|p1a: TRIPLE CHARIZARD|Flash Cannon|p2a: Latinos
|-damage|p2a: Latinos|17\/301
|
|turn|20
|c|âMerry Jewmas|i dare you to EQ
|
|switch|p1a: HNNNNNNNNG|Azumarill, F|311\/377
|move|p2a: Latinos|Defog|p1a: HNNNNNNNNG
|-unboost|p1a: HNNNNNNNNG|evasion|1
|-sideend|p2: dukevesper|Stealth Rock|[from] move: Defog|[of] p2a: Latinos
|
|turn|21
|
|move|p1a: HNNNNNNNNG|Aqua Jet|p2a: Latinos
|-resisted|p2a: Latinos
|-damage|p2a: Latinos|0 fnt
|faint|p2a: Latinos
|
|
|switch|p2a: Xperia|Metagross|301\/301
|turn|22
|
|switch|p1a: TRIPLE CHARIZARD|Heatran, F|271\/385
|detailschange|p2a: Xperia|Metagross-Mega
|-mega|p2a: Xperia|Metagross|Metagrossite
|move|p2a: Xperia|Meteor Mash|p1a: TRIPLE CHARIZARD
|-resisted|p1a: TRIPLE CHARIZARD
|-damage|p1a: TRIPLE CHARIZARD|216\/385
|
|turn|23
|
|move|p2a: Xperia|Zen Headbutt|p1a: TRIPLE CHARIZARD
|-resisted|p1a: TRIPLE CHARIZARD
|-damage|p1a: TRIPLE CHARIZARD|114\/385
|cant|p1a: TRIPLE CHARIZARD|flinch
|
|turn|24
|c|âMerry Jewmas|:((((((((((((((((((((((((((((((((((((((((((((((((
|c|âMerry Jewmas|welp
|c|âMerry Jewmas|flinch+crit lost me game ;_;
|
|move|p2a: Xperia|Earthquake|p1a: TRIPLE CHARIZARD
|-supereffective|p1a: TRIPLE CHARIZARD
|-damage|p1a: TRIPLE CHARIZARD|0 fnt
|faint|p1a: TRIPLE CHARIZARD
|
|
|switch|p1a: CALL ME SHOFU|Gengar, F|261\/261
|turn|25
|
|switch|p2a: Damon Baird|Magnezone|70\/281
|move|p1a: CALL ME SHOFU|Shadow Ball|p2a: Damon Baird
|-damage|p2a: Damon Baird|0 fnt
|-damage|p1a: CALL ME SHOFU|235\/261|[from] item: Life Orb
|faint|p2a: Damon Baird
|
|
|switch|p2a: TOASTY|Talonflame, F|298\/298
|turn|26
|c|âdukevesper|im sorry im luckE haha
|
|switch|p1a: SHIZZ 2 DA SIXX|Diggersby, F|311\/311
|move|p2a: TOASTY|Brave Bird|p1a: SHIZZ 2 DA SIXX
|-damage|p1a: SHIZZ 2 DA SIXX|76\/311
|-damage|p2a: TOASTY|220\/298|[from] recoil|[of] p1a: SHIZZ 2 DA SIXX
|
|turn|27
|
|move|p2a: TOASTY|Brave Bird|p1a: SHIZZ 2 DA SIXX
|-damage|p1a: SHIZZ 2 DA SIXX|0 fnt
|-damage|p2a: TOASTY|195\/298|[from] recoil|[of] p1a: SHIZZ 2 DA SIXX
|faint|p1a: SHIZZ 2 DA SIXX
|
|
|switch|p1a: HNNNNNNNNG|Azumarill, F|311\/377
|turn|28
|
|switch|p2a: Megure|Landorus-Therian, M|382\/382
|-ability|p2a: Megure|Intimidate|[of] p1a: HNNNNNNNNG
|-unboost|p1a: HNNNNNNNNG|atk|1
|move|p1a: HNNNNNNNNG|Waterfall|p2a: Megure
|-supereffective|p2a: Megure
|-damage|p2a: Megure|110\/382
|
|-heal|p2a: Megure|133\/382|[from] item: Leftovers
|turn|29
|
|switch|p1a: CALL ME SHOFU|Gengar, F|235\/261
|move|p2a: Megure|Earthquake|p1a: CALL ME SHOFU
|-immune|p1a: CALL ME SHOFU|[msg]
|
|-heal|p2a: Megure|156\/382|[from] item: Leftovers
|turn|30
|
|move|p1a: CALL ME SHOFU|Shadow Ball|p2a: Megure
|-damage|p2a: Megure|0 fnt
|-damage|p1a: CALL ME SHOFU|209\/261|[from] item: Life Orb
|faint|p2a: Megure
|
|
|switch|p2a: TOASTY|Talonflame, F|195\/298
|turn|31
|
|move|p2a: TOASTY|Brave Bird|p1a: CALL ME SHOFU
|-damage|p1a: CALL ME SHOFU|0 fnt
|-damage|p2a: TOASTY|126\/298|[from] recoil|[of] p1a: CALL ME SHOFU
|faint|p1a: CALL ME SHOFU
|
|
|switch|p1a: HNNNNNNNNG|Azumarill, F|311\/377
|turn|32
|
|move|p2a: TOASTY|Brave Bird|p1a: HNNNNNNNNG
|-damage|p1a: HNNNNNNNNG|73\/377
|-damage|p2a: TOASTY|47\/298|[from] recoil|[of] p1a: HNNNNNNNNG
|move|p1a: HNNNNNNNNG|Waterfall|p2a: TOASTY
|-supereffective|p2a: TOASTY
|-damage|p2a: TOASTY|0 fnt
|faint|p2a: TOASTY
|
|
|switch|p2a: Xperia|Metagross-Mega|301\/301
|turn|33
|
|move|p2a: Xperia|Earthquake|p1a: HNNNNNNNNG
|-damage|p1a: HNNNNNNNNG|0 fnt
|faint|p1a: HNNNNNNNNG
|
|win|dukevesper
|raw|Ladder updating...
|c|âdukevesper|wow finally i get the reqs
|raw|Merry Jewmas's rating: 1583 &rarr; <strong>1560<\/strong><br \/>(-23 for losing)
|raw|dukevesper's rating: 1524 &rarr; <strong>1547<\/strong><br \/>(+23 for winning)
|c|âdukevesper|GG man
|c|âMerry Jewmas|gg
|c|âdukevesper|im sorry for the hax
|leave|Merry Jewmas
|player|p1
|leave|oikl