|join|xMagikarpe_Diemx
|join|tubular
|player|p1|xMagikarpe_Diemx|274
|player|p2|tubular|45
|gametype|singles
|gen|6
|tier|UU
|rated
|rule|Sleep Clause Mod: Limit one foe put to sleep
|rule|Species Clause: Limit one of each PokÃ©mon
|rule|OHKO Clause: OHKO moves are banned
|rule|Moody Clause: Moody is banned
|rule|Evasion Moves Clause: Evasion moves are banned
|rule|Endless Battle Clause: Forcing endless battles is banned
|rule|HP Percentage Mod: HP is reported as percentages
|clearpoke
|poke|p1|Carbink, shiny
|poke|p1|Slowking, M
|poke|p1|Porygon2
|poke|p1|Marowak, F
|poke|p1|Ampharos, F, shiny
|poke|p1|Mienshao, M, shiny
|poke|p2|Cacturne, F
|poke|p2|Blissey, F
|poke|p2|Qwilfish, F
|poke|p2|Sableye, M
|poke|p2|Slowbro, F
|poke|p2|Aggron, M
|rule|Swagger Clause: Swagger is banned
|rule|Baton Pass Clause: Limit one PokÃ©mon knowing Baton Pass
|teampreview
|
|start
|switch|p1a: Carbink|Carbink, shiny|304\/304
|switch|p2a: Aggron|Aggron, M|344\/344
|turn|1
|
|detailschange|p2a: Aggron|Aggron-Mega, M
|message|Aggron has Mega Evolved into Mega Aggron!
|move|p2a: Aggron|Heavy Slam|p1a: Carbink
|-supereffective|p1a: Carbink
|-activate|p1a: Carbink|Sturdy
|-damage|p1a: Carbink|1\/304
|move|p1a: Carbink|Trick Room|p1a: Carbink
|-fieldstart|move: Trick Room|[of] p1a: Carbink
|
|turn|2
|
|move|p1a: Carbink|Stealth Rock|p2a: Aggron
|-sidestart|p2: tubular|move: Stealth Rock
|move|p2a: Aggron|Stealth Rock|p1a: Carbink
|-sidestart|p1: xMagikarpe_Diemx|move: Stealth Rock
|
|turn|3
|
|move|p1a: Carbink|Explosion|p2a: Aggron
|-resisted|p2a: Aggron
|-damage|p2a: Aggron|319\/344
|faint|p1a: Carbink
|move|p2a: Aggron|Toxic|p1: Carbink|[notarget]
|-notarget
|
|
|switch|p1a: Ampharos|Ampharos, F, shiny|384\/384
|-damage|p1a: Ampharos|336\/384|[from] Stealth Rock
|turn|4
|
|detailschange|p1a: Ampharos|Ampharos-Mega, F, shiny
|message|Ampharos has Mega Evolved into Mega Ampharos!
|-ability|p1a: Ampharos|Mold Breaker
|move|p1a: Ampharos|Volt Switch|p2a: Aggron
|-damage|p2a: Aggron|172\/344
|
|switch|p1a: Porygon2|Porygon2|374\/374
|-damage|p1a: Porygon2|328\/374|[from] Stealth Rock
|-boost|p1a: Porygon2|spa|1|[from] ability: Download
|move|p2a: Aggron|Dragon Tail|p1a: Porygon2
|-damage|p1a: Porygon2|284\/374
|drag|p1a: Slowking|Slowking, M|394\/394
|-damage|p1a: Slowking|345\/394|[from] Stealth Rock
|
|-heal|p1a: Slowking|369\/394|[from] item: Leftovers
|turn|5
|
|move|p1a: Slowking|Scald|p2a: Aggron
|-damage|p2a: Aggron|57\/344
|move|p2a: Aggron|Toxic|p1a: Slowking
|-status|p1a: Slowking|tox
|
|-heal|p1a: Slowking|393\/394 tox|[from] item: Leftovers
|-damage|p1a: Slowking|369\/394 tox|[from] psn
|-fieldend|move: Trick Room
|turn|6
|
|switch|p2a: Sableye|Sableye, M|304\/304
|-damage|p2a: Sableye|266\/304|[from] Stealth Rock
|move|p1a: Slowking|Trick Room|p1a: Slowking
|-fieldstart|move: Trick Room|[of] p1a: Slowking
|
|-heal|p1a: Slowking|393\/394 tox|[from] item: Leftovers
|-heal|p2a: Sableye|285\/304|[from] item: Leftovers
|-damage|p1a: Slowking|345\/394 tox|[from] psn
|turn|7
|
|move|p1a: Slowking|Scald|p2a: Sableye
|-damage|p2a: Sableye|158\/304
|move|p2a: Sableye|Knock Off|p1a: Slowking
|-crit|p1a: Slowking
|-supereffective|p1a: Slowking
|-damage|p1a: Slowking|1\/394 tox
|-enditem|p1a: Slowking|Leftovers|[from] move: Knock Off|[of] p2a: Sableye
|
|-heal|p2a: Sableye|177\/304|[from] item: Leftovers
|-damage|p1a: Slowking|0 fnt|[from] psn
|faint|p1a: Slowking
|
|switch|p1a: Ampharos|Ampharos-Mega, F, shiny|336\/384
|-damage|p1a: Ampharos|288\/384|[from] Stealth Rock
|-ability|p1a: Ampharos|Mold Breaker
|turn|8
|
|move|p2a: Sableye|Recover|p2a: Sableye
|-heal|p2a: Sableye|304\/304
|move|p1a: Ampharos|Thunderbolt|p2a: Sableye
|-damage|p2a: Sableye|93\/304
|
|-heal|p2a: Sableye|112\/304|[from] item: Leftovers
|turn|9
|
|switch|p2a: Blissey|Blissey, F|714\/714
|-damage|p2a: Blissey|625\/714|[from] Stealth Rock
|move|p1a: Ampharos|Thunderbolt|p2a: Blissey
|-damage|p2a: Blissey|454\/714
|
|-heal|p2a: Blissey|498\/714|[from] item: Leftovers
|turn|10
|
|move|p1a: Ampharos|Volt Switch|p2a: Blissey
|-damage|p2a: Blissey|378\/714
|
|switch|p1a: Marowak|Marowak, F|324\/324
|-damage|p1a: Marowak|304\/324|[from] Stealth Rock
|move|p2a: Blissey|Wish|p2a: Blissey
|
|-heal|p2a: Blissey|422\/714|[from] item: Leftovers
|-fieldend|move: Trick Room
|turn|11
|
|switch|p2a: Slowbro|Slowbro, F|394\/394
|-damage|p2a: Slowbro|345\/394|[from] Stealth Rock
|move|p1a: Marowak|Bonemerang|p2a: Slowbro
|-damage|p2a: Slowbro|248\/394
|-damage|p2a: Slowbro|157\/394
|-hitcount|p2a: Slowbro|2
|
|-heal|p2a: Slowbro|394\/394|[from] move: Wish|[wisher] Blissey
|turn|12
|
|switch|p1a: Porygon2|Porygon2|284\/374
|-damage|p1a: Porygon2|238\/374|[from] Stealth Rock
|-boost|p1a: Porygon2|spa|1|[from] ability: Download
|move|p2a: Slowbro|Scald|p1a: Porygon2
|-crit|p1a: Porygon2
|-damage|p1a: Porygon2|139\/374
|
|turn|13
|
|switch|p2a: Blissey|Blissey, F|422\/714
|-damage|p2a: Blissey|333\/714|[from] Stealth Rock
|move|p1a: Porygon2|Trick Room|p1a: Porygon2
|-fieldstart|move: Trick Room|[of] p1a: Porygon2
|
|-heal|p2a: Blissey|377\/714|[from] item: Leftovers
|turn|14
|
|switch|p1a: Marowak|Marowak, F|304\/324
|-damage|p1a: Marowak|284\/324|[from] Stealth Rock
|move|p2a: Blissey|Wish|p2a: Blissey
|
|-heal|p2a: Blissey|421\/714|[from] item: Leftovers
|turn|15
|
|switch|p2a: Slowbro|Slowbro, F|394\/394
|-damage|p2a: Slowbro|345\/394|[from] Stealth Rock
|move|p1a: Marowak|Bonemerang|p2a: Slowbro
|-crit|p2a: Slowbro
|-damage|p2a: Slowbro|200\/394
|-damage|p2a: Slowbro|95\/394
|-hitcount|p2a: Slowbro|2
|
|-heal|p2a: Slowbro|394\/394|[from] move: Wish|[wisher] Blissey
|turn|16
|
|move|p2a: Slowbro|Scald|p1a: Marowak
|-supereffective|p1a: Marowak
|-damage|p1a: Marowak|66\/324
|move|p1a: Marowak|Knock Off|p2a: Slowbro
|-supereffective|p2a: Slowbro
|-damage|p2a: Slowbro|132\/394
|-damage|p1a: Marowak|12\/324|[from] item: Rocky Helmet|[of] p2a: Slowbro
|-enditem|p2a: Slowbro|Rocky Helmet|[from] move: Knock Off|[of] p1a: Marowak
|
|turn|17
|
|move|p2a: Slowbro|Psyshock|p1a: Marowak
|-damage|p1a: Marowak|0 fnt
|faint|p1a: Marowak
|
|-fieldend|move: Trick Room
|
|switch|p1a: Ampharos|Ampharos-Mega, F, shiny|288\/384
|-damage|p1a: Ampharos|240\/384|[from] Stealth Rock
|-ability|p1a: Ampharos|Mold Breaker
|turn|18
|
|switch|p2a: Blissey|Blissey, F|421\/714
|-damage|p2a: Blissey|332\/714|[from] Stealth Rock
|move|p1a: Ampharos|Volt Switch|p2a: Blissey
|-damage|p2a: Blissey|209\/714
|
|switch|p1a: Mienshao|Mienshao, M, shiny|271\/271
|-damage|p1a: Mienshao|255\/271|[from] Stealth Rock
|
|-heal|p2a: Blissey|253\/714|[from] item: Leftovers
|turn|19
|
|move|p2a: Blissey|Protect|p2a: Blissey
|-singleturn|p2a: Blissey|Protect
|move|p1a: Mienshao|Knock Off|p2a: Blissey
|-activate|p2a: Blissey|Protect
|
|-heal|p2a: Blissey|297\/714|[from] item: Leftovers
|turn|20
|
|switch|p2a: Qwilfish|Qwilfish, F|334\/334
|-damage|p2a: Qwilfish|293\/334|[from] Stealth Rock
|-ability|p2a: Qwilfish|Intimidate|[of] p1a: Mienshao
|-unboost|p1a: Mienshao|atk|1
|move|p1a: Mienshao|Knock Off|p2a: Qwilfish
|-damage|p2a: Qwilfish|231\/334
|-enditem|p2a: Qwilfish|Black Sludge|[from] move: Knock Off|[of] p1a: Mienshao
|
|turn|21
|-message|xMagikarpe_Diemx forfeited.
|
|win|tubular
|raw|Ladder updating...
|leave|xMagikarpe_Diemx
|player|p1
|raw|xMagikarpe_Diemx's rating: 1357 &rarr; <strong>1337<\/strong><br \/>(-20 for losing)
|raw|tubular's rating: 1355 &rarr; <strong>1375<\/strong><br \/>(+20 for winning)