|join|combeechrist
|join|tubular
|player|p1|combeechrist|163
|player|p2|tubular|45
|gametype|singles
|gen|6
|tier|UU
|rated
|rule|Sleep Clause Mod: Limit one foe put to sleep
|rule|Species Clause: Limit one of each PokÃ©mon
|rule|OHKO Clause: OHKO moves are banned
|rule|Moody Clause: Moody is banned
|rule|Evasion Moves Clause: Evasion moves are banned
|rule|Endless Battle Clause: Forcing endless battles is banned
|rule|HP Percentage Mod: HP is reported as percentages
|clearpoke
|poke|p1|Jirachi
|poke|p1|Haxorus, F
|poke|p1|Suicune
|poke|p1|Scrafty, F
|poke|p1|Rotom-Heat
|poke|p1|Porygon-Z
|poke|p2|Cacturne, M
|poke|p2|Umbreon, F
|poke|p2|Qwilfish, F
|poke|p2|Sableye, M
|poke|p2|Slowbro, F
|poke|p2|Aggron, M
|rule|Swagger Clause: Swagger is banned
|rule|Baton Pass Clause: Limit one PokÃ©mon knowing Baton Pass
|teampreview
|
|start
|switch|p1a: Rotom-Heat|Rotom-Heat|241\/241
|switch|p2a: Sableye|Sableye, M|304\/304
|turn|1
|
|move|p2a: Sableye|Taunt|p1a: Rotom-Heat
|-start|p1a: Rotom-Heat|move: Taunt
|move|p1a: Rotom-Heat|Volt Switch|p2a: Sableye
|-damage|p2a: Sableye|202\/304
|
|switch|p1a: Scrafty|Scrafty, F|334\/334
|-ability|p1a: Scrafty|Intimidate|[of] p2a: Sableye
|-unboost|p2a: Sableye|atk|1
|
|-heal|p2a: Sableye|221\/304|[from] item: Leftovers
|turn|2
|
|switch|p2a: Qwilfish|Qwilfish, F|334\/334
|-ability|p2a: Qwilfish|Intimidate|[of] p1a: Scrafty
|-unboost|p1a: Scrafty|atk|1
|move|p1a: Scrafty|Knock Off|p2a: Qwilfish
|-damage|p2a: Qwilfish|249\/334
|-enditem|p2a: Qwilfish|Black Sludge|[from] move: Knock Off|[of] p1a: Scrafty
|
|turn|3
|
|switch|p1a: Jirachi|Jirachi|404\/404
|move|p2a: Qwilfish|Toxic Spikes|p1a: Jirachi
|-sidestart|p1: combeechrist|move: Toxic Spikes
|
|turn|4
|
|switch|p2a: Aggron|Aggron, M|344\/344
|move|p1a: Jirachi|Body Slam|p2a: Aggron
|-resisted|p2a: Aggron
|-damage|p2a: Aggron|331\/344
|
|turn|5
|
|detailschange|p2a: Aggron|Aggron-Mega, M
|message|Aggron has Mega Evolved into Mega Aggron!
|move|p1a: Jirachi|Body Slam|p2a: Aggron
|-resisted|p2a: Aggron
|-damage|p2a: Aggron|308\/344
|move|p2a: Aggron|Stealth Rock|p1a: Jirachi
|-sidestart|p1: combeechrist|move: Stealth Rock
|
|turn|6
|
|move|p1a: Jirachi|Body Slam|p2a: Aggron
|-crit|p2a: Aggron
|-resisted|p2a: Aggron
|-damage|p2a: Aggron|273\/344
|move|p2a: Aggron|Dragon Tail|p1a: Jirachi
|-resisted|p1a: Jirachi
|-damage|p1a: Jirachi|374\/404
|drag|p1a: Rotom-Heat|Rotom-Heat|241\/241
|-damage|p1a: Rotom-Heat|181\/241|[from] Stealth Rock
|
|turn|7
|
|move|p1a: Rotom-Heat|Overheat|p2a: Aggron
|-supereffective|p2a: Aggron
|-damage|p2a: Aggron|24\/344
|-unboost|p1a: Rotom-Heat|spa|2
|move|p2a: Aggron|Dragon Tail|p1a: Rotom-Heat
|-crit|p1a: Rotom-Heat
|-damage|p1a: Rotom-Heat|93\/241
|drag|p1a: Scrafty|Scrafty, F|334\/334
|-status|p1a: Scrafty|psn
|-damage|p1a: Scrafty|314\/334 psn|[from] Stealth Rock
|-ability|p1a: Scrafty|Intimidate|[of] p2a: Aggron
|-unboost|p2a: Aggron|atk|1
|
|-damage|p1a: Scrafty|273\/334 psn|[from] psn
|turn|8
|
|move|p1a: Scrafty|Knock Off|p2a: Aggron
|-damage|p2a: Aggron|0 fnt
|faint|p2a: Aggron
|
|-damage|p1a: Scrafty|232\/334 psn|[from] psn
|
|switch|p2a: Qwilfish|Qwilfish, F|249\/334
|-ability|p2a: Qwilfish|Intimidate|[of] p1a: Scrafty
|-unboost|p1a: Scrafty|atk|1
|turn|9
|
|switch|p1a: Jirachi|Jirachi|374\/404
|-damage|p1a: Jirachi|349\/404|[from] Stealth Rock
|move|p2a: Qwilfish|Spikes|p1a: Jirachi
|-sidestart|p1: combeechrist|Spikes
|
|-heal|p1a: Jirachi|374\/404|[from] item: Leftovers
|turn|10
|
|switch|p2a: Slowbro|Slowbro, F|394\/394
|move|p1a: Jirachi|Iron Head|p2a: Slowbro
|-resisted|p2a: Slowbro
|-damage|p2a: Slowbro|350\/394
|-damage|p1a: Jirachi|307\/404|[from] item: Rocky Helmet|[of] p2a: Slowbro
|
|-heal|p1a: Jirachi|332\/404|[from] item: Leftovers
|turn|11
|
|move|p1a: Jirachi|Body Slam|p2a: Slowbro
|-damage|p2a: Slowbro|285\/394
|-damage|p1a: Jirachi|265\/404|[from] item: Rocky Helmet|[of] p2a: Slowbro
|move|p2a: Slowbro|Scald|p1a: Jirachi
|-damage|p1a: Jirachi|169\/404
|
|-heal|p1a: Jirachi|194\/404|[from] item: Leftovers
|turn|12
|
|move|p1a: Jirachi|Wish|p1a: Jirachi
|move|p2a: Slowbro|Scald|p1a: Jirachi
|-damage|p1a: Jirachi|103\/404
|
|-heal|p1a: Jirachi|128\/404|[from] item: Leftovers
|turn|13
|
|move|p1a: Jirachi|Body Slam|p2a: Slowbro
|-damage|p2a: Slowbro|224\/394
|-damage|p1a: Jirachi|61\/404|[from] item: Rocky Helmet|[of] p2a: Slowbro
|-status|p2a: Slowbro|par
|move|p2a: Slowbro|Calm Mind|p2a: Slowbro
|-boost|p2a: Slowbro|spa|1
|-boost|p2a: Slowbro|spd|1
|
|-heal|p1a: Jirachi|263\/404|[from] move: Wish|[wisher] Jirachi
|-heal|p1a: Jirachi|288\/404|[from] item: Leftovers
|turn|14
|
|move|p1a: Jirachi|Wish|p1a: Jirachi
|move|p2a: Slowbro|Slack Off|p2a: Slowbro
|-heal|p2a: Slowbro|394\/394 par
|
|-heal|p1a: Jirachi|313\/404|[from] item: Leftovers
|turn|15
|
|switch|p1a: Rotom-Heat|Rotom-Heat|93\/241
|-damage|p1a: Rotom-Heat|33\/241|[from] Stealth Rock
|move|p2a: Slowbro|Calm Mind|p2a: Slowbro
|-boost|p2a: Slowbro|spa|1
|-boost|p2a: Slowbro|spd|1
|
|-heal|p1a: Rotom-Heat|235\/241|[from] move: Wish|[wisher] Jirachi
|turn|16
|
|move|p1a: Rotom-Heat|Trick|p2a: Slowbro
|-activate|p1a: Rotom-Heat|move: Trick|[of] p2a: Slowbro
|-item|p2a: Slowbro|Choice Scarf|[from] move: Trick
|-item|p1a: Rotom-Heat|Rocky Helmet|[from] move: Trick
|cant|p2a: Slowbro|par
|
|turn|17
|
|move|p1a: Rotom-Heat|Volt Switch|p2a: Slowbro
|-supereffective|p2a: Slowbro
|-damage|p2a: Slowbro|266\/394 par
|
|switch|p1a: Porygon-Z|Porygon-Z|374\/374
|-damage|p1a: Porygon-Z|328\/374|[from] Stealth Rock
|-status|p1a: Porygon-Z|psn
|-damage|p1a: Porygon-Z|282\/374 psn|[from] Spikes
|cant|p2a: Slowbro|par
|
|-damage|p1a: Porygon-Z|236\/374 psn|[from] psn
|turn|18
|
|move|p1a: Porygon-Z|Thunderbolt|p2a: Slowbro
|-supereffective|p2a: Slowbro
|-damage|p2a: Slowbro|52\/394 par
|move|p2a: Slowbro|Scald|p1a: Porygon-Z
|-damage|p1a: Porygon-Z|13\/374 psn
|
|-damage|p1a: Porygon-Z|0 fnt|[from] psn
|faint|p1a: Porygon-Z
|
|switch|p1a: Haxorus|Haxorus, F|297\/297
|-damage|p1a: Haxorus|260\/297|[from] Stealth Rock
|-status|p1a: Haxorus|psn
|-damage|p1a: Haxorus|223\/297 psn|[from] Spikes
|-ability|p1a: Haxorus|Mold Breaker
|turn|19
|
|switch|p2a: Qwilfish|Qwilfish, F|249\/334
|-ability|p2a: Qwilfish|Intimidate|[of] p1a: Haxorus
|-unboost|p1a: Haxorus|atk|1
|move|p1a: Haxorus|Dragon Claw|p2a: Qwilfish
|-damage|p2a: Qwilfish|128\/334
|-damage|p1a: Haxorus|194\/297 psn|[from] item: Life Orb
|
|-damage|p1a: Haxorus|157\/297 psn|[from] psn
|turn|20
|
|move|p1a: Haxorus|Earthquake|p2a: Qwilfish
|-supereffective|p2a: Qwilfish
|-damage|p2a: Qwilfish|0 fnt
|-damage|p1a: Haxorus|128\/297 psn|[from] item: Life Orb
|faint|p2a: Qwilfish
|
|-damage|p1a: Haxorus|91\/297 psn|[from] psn
|
|switch|p2a: Cacturne|Cacturne, M|281\/281
|turn|21
|
|move|p2a: Cacturne|Sucker Punch|p1a: Haxorus
|-damage|p1a: Haxorus|0 fnt
|faint|p1a: Haxorus
|
|
|switch|p1a: Rotom-Heat|Rotom-Heat|235\/241
|-damage|p1a: Rotom-Heat|175\/241|[from] Stealth Rock
|turn|22
|
|switch|p2a: Umbreon|Umbreon, F|394\/394
|move|p1a: Rotom-Heat|Overheat|p2a: Umbreon
|-damage|p2a: Umbreon|270\/394
|-unboost|p1a: Rotom-Heat|spa|2
|
|-heal|p2a: Umbreon|294\/394|[from] item: Leftovers
|turn|23
|
|switch|p1a: Jirachi|Jirachi|313\/404
|-damage|p1a: Jirachi|288\/404|[from] Stealth Rock
|-damage|p1a: Jirachi|238\/404|[from] Spikes
|move|p2a: Umbreon|Wish|p2a: Umbreon
|
|-heal|p1a: Jirachi|263\/404|[from] item: Leftovers
|-heal|p2a: Umbreon|318\/394|[from] item: Leftovers
|turn|24
|
|switch|p2a: Slowbro|Slowbro, F|183\/394 par
|move|p1a: Jirachi|Wish|p1a: Jirachi
|
|-heal|p2a: Slowbro|380\/394 par|[from] move: Wish|[wisher] Umbreon
|-heal|p1a: Jirachi|288\/404|[from] item: Leftovers
|turn|25
|
|move|p1a: Jirachi|Iron Head|p2a: Slowbro
|-resisted|p2a: Slowbro
|-damage|p2a: Slowbro|335\/394 par
|cant|p2a: Slowbro|flinch
|
|-heal|p1a: Jirachi|404\/404|[from] move: Wish|[wisher] Jirachi
|turn|26
|
|move|p1a: Jirachi|Iron Head|p2a: Slowbro
|-resisted|p2a: Slowbro
|-damage|p2a: Slowbro|290\/394 par
|cant|p2a: Slowbro|flinch
|
|turn|27
|
|move|p1a: Jirachi|Iron Head|p2a: Slowbro
|-resisted|p2a: Slowbro
|-damage|p2a: Slowbro|248\/394 par
|cant|p2a: Slowbro|flinch
|
|turn|28
|
|move|p1a: Jirachi|Iron Head|p2a: Slowbro
|-resisted|p2a: Slowbro
|-damage|p2a: Slowbro|207\/394 par
|move|p2a: Slowbro|Scald|p1a: Jirachi
|-damage|p1a: Jirachi|305\/404
|-status|p1a: Jirachi|brn
|
|-heal|p1a: Jirachi|330\/404 brn|[from] item: Leftovers
|-damage|p1a: Jirachi|280\/404 brn|[from] brn
|turn|29
|
|move|p1a: Jirachi|Iron Head|p2a: Slowbro
|-crit|p2a: Slowbro
|-resisted|p2a: Slowbro
|-damage|p2a: Slowbro|176\/394 par
|cant|p2a: Slowbro|par
|
|-heal|p1a: Jirachi|305\/404 brn|[from] item: Leftovers
|-damage|p1a: Jirachi|255\/404 brn|[from] brn
|turn|30
|
|move|p1a: Jirachi|Iron Head|p2a: Slowbro
|-resisted|p2a: Slowbro
|-damage|p2a: Slowbro|152\/394 par
|move|p2a: Slowbro|Scald|p1a: Jirachi
|-damage|p1a: Jirachi|159\/404 brn
|
|-heal|p1a: Jirachi|184\/404 brn|[from] item: Leftovers
|-damage|p1a: Jirachi|134\/404 brn|[from] brn
|turn|31
|
|move|p1a: Jirachi|Iron Head|p2a: Slowbro
|-resisted|p2a: Slowbro
|-damage|p2a: Slowbro|130\/394 par
|cant|p2a: Slowbro|flinch
|
|-heal|p1a: Jirachi|159\/404 brn|[from] item: Leftovers
|-damage|p1a: Jirachi|109\/404 brn|[from] brn
|turn|32
|
|switch|p2a: Sableye|Sableye, M|221\/304
|move|p1a: Jirachi|Iron Head|p2a: Sableye
|-damage|p2a: Sableye|145\/304
|
|-heal|p1a: Jirachi|134\/404 brn|[from] item: Leftovers
|-heal|p2a: Sableye|164\/304|[from] item: Leftovers
|-damage|p1a: Jirachi|84\/404 brn|[from] brn
|turn|33
|
|move|p2a: Sableye|Recover|p2a: Sableye
|-heal|p2a: Sableye|304\/304
|move|p1a: Jirachi|Iron Head|p2a: Sableye
|-crit|p2a: Sableye
|-damage|p2a: Sableye|175\/304
|
|-heal|p1a: Jirachi|109\/404 brn|[from] item: Leftovers
|-heal|p2a: Sableye|194\/304|[from] item: Leftovers
|-damage|p1a: Jirachi|59\/404 brn|[from] brn
|turn|34
|
|move|p2a: Sableye|Taunt|p1a: Jirachi
|-start|p1a: Jirachi|move: Taunt
|move|p1a: Jirachi|Iron Head|p2a: Sableye
|-damage|p2a: Sableye|112\/304
|
|-heal|p1a: Jirachi|84\/404 brn|[from] item: Leftovers
|-heal|p2a: Sableye|131\/304|[from] item: Leftovers
|-damage|p1a: Jirachi|34\/404 brn|[from] brn
|turn|35
|
|move|p2a: Sableye|Recover|p2a: Sableye
|-heal|p2a: Sableye|283\/304
|move|p1a: Jirachi|Iron Head|p2a: Sableye
|-damage|p2a: Sableye|195\/304
|
|-heal|p1a: Jirachi|59\/404 brn|[from] item: Leftovers
|-heal|p2a: Sableye|214\/304|[from] item: Leftovers
|-damage|p1a: Jirachi|9\/404 brn|[from] brn
|turn|36
|
|move|p2a: Sableye|Recover|p2a: Sableye
|-heal|p2a: Sableye|304\/304
|move|p1a: Jirachi|Iron Head|p2a: Sableye
|-damage|p2a: Sableye|216\/304
|
|-heal|p1a: Jirachi|34\/404 brn|[from] item: Leftovers
|-heal|p2a: Sableye|235\/304|[from] item: Leftovers
|-damage|p1a: Jirachi|0 fnt|[from] brn
|faint|p1a: Jirachi
|
|switch|p1a: Suicune|Suicune|404\/404
|-damage|p1a: Suicune|354\/404|[from] Spikes
|-damage|p1a: Suicune|304\/404|[from] Stealth Rock
|-status|p1a: Suicune|psn
|-ability|p1a: Suicune|Pressure
|turn|37
|
|move|p1a: Suicune|Calm Mind|p1a: Suicune
|-boost|p1a: Suicune|spa|1
|-boost|p1a: Suicune|spd|1
|move|p2a: Sableye|Knock Off|p1a: Suicune
|-crit|p1a: Suicune
|-damage|p1a: Suicune|208\/404 psn
|-enditem|p1a: Suicune|Leftovers|[from] move: Knock Off|[of] p2a: Sableye
|
|-heal|p2a: Sableye|254\/304|[from] item: Leftovers
|-damage|p1a: Suicune|158\/404 psn|[from] psn
|turn|38
|
|switch|p2a: Cacturne|Cacturne, M|281\/281
|move|p1a: Suicune|Rest|p1a: Suicune
|-status|p1a: Suicune|slp
|-heal|p1a: Suicune|404\/404 slp|[silent]
|-status|p1a: Suicune|slp|[from] move: Rest
|
|turn|39
|
|move|p2a: Cacturne|Seed Bomb|p1a: Suicune
|-supereffective|p1a: Suicune
|-damage|p1a: Suicune|230\/404 slp
|cant|p1a: Suicune|slp
|move|p1a: Suicune|Sleep Talk|p1a: Suicune
|move|p1a: Suicune|Calm Mind|p1a: Suicune|[from]Sleep Talk
|-boost|p1a: Suicune|spa|1
|-boost|p1a: Suicune|spd|1
|
|turn|40
|
|move|p2a: Cacturne|Swords Dance|p2a: Cacturne
|-boost|p2a: Cacturne|atk|2
|cant|p1a: Suicune|slp
|move|p1a: Suicune|Sleep Talk|p1a: Suicune
|move|p1a: Suicune|Scald|p2a: Cacturne|[from]Sleep Talk
|-immune|p2a: Cacturne|[msg]
|
|turn|41
|
|switch|p1a: Rotom-Heat|Rotom-Heat|175\/241
|-damage|p1a: Rotom-Heat|115\/241|[from] Stealth Rock
|move|p2a: Cacturne|Seed Bomb|p1a: Rotom-Heat
|-resisted|p1a: Rotom-Heat
|-damage|p1a: Rotom-Heat|0 fnt
|faint|p1a: Rotom-Heat
|
|
|switch|p1a: Scrafty|Scrafty, F|232\/334 psn
|-damage|p1a: Scrafty|212\/334 psn|[from] Stealth Rock
|-damage|p1a: Scrafty|171\/334 psn|[from] Spikes
|-ability|p1a: Scrafty|Intimidate|[of] p2a: Cacturne
|-unboost|p2a: Cacturne|atk|1
|turn|42
|
|move|p2a: Cacturne|Drain Punch|p1a: Scrafty
|-supereffective|p1a: Scrafty
|-damage|p1a: Scrafty|0 fnt
|faint|p1a: Scrafty
|
|-message|combeechrist forfeited.
|
|win|tubular
|raw|Ladder updating...
|leave|combeechrist
|player|p1
|raw|combeechrist's rating: 1329 &rarr; <strong>1312<\/strong><br \/>(-17 for losing)
|raw|tubular's rating: 1375 &rarr; <strong>1392<\/strong><br \/>(+17 for winning)
|chat|tubular|gg