|join|xShiba
|join|tubular
|player|p1|xShiba|260
|player|p2|tubular|45
|gametype|singles
|gen|6
|tier|UU
|rated
|rule|Sleep Clause Mod: Limit one foe put to sleep
|rule|Species Clause: Limit one of each PokÃ©mon
|rule|OHKO Clause: OHKO moves are banned
|rule|Moody Clause: Moody is banned
|rule|Evasion Moves Clause: Evasion moves are banned
|rule|Endless Battle Clause: Forcing endless battles is banned
|rule|HP Percentage Mod: HP is shown in percentages
|clearpoke
|poke|p1|Aerodactyl, M
|poke|p1|Hydreigon, F, shiny
|poke|p1|Porygon-Z, shiny
|poke|p1|Klefki, M, shiny
|poke|p1|Starmie, shiny
|poke|p1|Mienshao, M
|poke|p2|Darmanitan, F
|poke|p2|Staraptor, M
|poke|p2|Aerodactyl, F
|poke|p2|Espeon, M
|poke|p2|Suicune
|poke|p2|Nidoqueen, F
|rule|Swagger Clause: Swagger is banned
|rule|Baton Pass Clause: Limit one PokÃ©mon knowing Baton Pass
|teampreview
|
|start
|switch|p1a: Floppy The God|Mienshao, M|271\/271
|switch|p2a: Nidoqueen|Nidoqueen, F|351\/351
|turn|1
|
|move|p1a: Floppy The God|U-turn|p2a: Nidoqueen
|-resisted|p2a: Nidoqueen
|-damage|p2a: Nidoqueen|306\/351
|
|switch|p1a: Hail Hydra|Hydreigon, F, shiny|325\/325
|move|p2a: Nidoqueen|Stealth Rock|p1a: Hail Hydra
|-sidestart|p1: xShiba|move: Stealth Rock
|
|turn|2
|
|switch|p2a: Suicune|Suicune|404\/404
|-ability|p2a: Suicune|Pressure
|move|p1a: Hail Hydra|Draco Meteor|p2a: Suicune
|-damage|p2a: Suicune|166\/404
|-unboost|p1a: Hail Hydra|spa|2
|-damage|p1a: Hail Hydra|293\/325|[from] item: Life Orb
|
|-heal|p2a: Suicune|191\/404|[from] item: Leftovers
|turn|3
|
|switch|p1a: Wrecking Face|Porygon-Z, shiny|311\/311
|-damage|p1a: Wrecking Face|273\/311|[from] Stealth Rock
|move|p2a: Suicune|Rest|p2a: Suicune
|-status|p2a: Suicune|slp
|-heal|p2a: Suicune|404\/404 slp|[silent]
|-status|p2a: Suicune|slp|[from] move: Rest
|
|turn|4
|
|switch|p2a: Aerodactyl|Aerodactyl, F|301\/301
|-ability|p2a: Aerodactyl|Pressure
|move|p1a: Wrecking Face|Tri Attack|p2a: Aerodactyl
|-resisted|p2a: Aerodactyl
|-damage|p2a: Aerodactyl|100\/301
|
|turn|5
|
|detailschange|p2a: Aerodactyl|Aerodactyl-Mega, F
|message|Aerodactyl has Mega Evolved into Mega Aerodactyl!
|move|p2a: Aerodactyl|Stone Edge|p1a: Wrecking Face
|-damage|p1a: Wrecking Face|29\/311
|move|p1a: Wrecking Face|Tri Attack|p2a: Aerodactyl
|-resisted|p2a: Aerodactyl
|-damage|p2a: Aerodactyl|0 fnt
|faint|p2a: Aerodactyl
|
|
|switch|p2a: Staraptor|Staraptor, M|311\/311
|turn|6
|
|switch|p1a: 5 Star'd|Starmie, shiny|324\/324
|-damage|p1a: 5 Star'd|284\/324|[from] Stealth Rock
|move|p2a: Staraptor|U-turn|p1a: 5 Star'd
|-supereffective|p1a: 5 Star'd
|-damage|p1a: 5 Star'd|64\/324
|
|switch|p2a: Darmanitan|Darmanitan, F|351\/351
|
|turn|7
|
|move|p2a: Darmanitan|Flare Blitz|p1a: 5 Star'd
|-crit|p1a: 5 Star'd
|-resisted|p1a: 5 Star'd
|-damage|p1a: 5 Star'd|0 fnt
|-damage|p2a: Darmanitan|330\/351|[from] recoil|[of] p1a: 5 Star'd
|faint|p1a: 5 Star'd
|
|
|switch|p1a: Floppy The God|Mienshao, M|271\/271
|-damage|p1a: Floppy The God|255\/271|[from] Stealth Rock
|turn|8
|
|switch|p2a: Nidoqueen|Nidoqueen, F|306\/351
|move|p1a: Floppy The God|High Jump Kick|p2a: Nidoqueen
|-resisted|p2a: Nidoqueen
|-damage|p2a: Nidoqueen|165\/351
|
|turn|9
|
|switch|p1a: Hail Hydra|Hydreigon, F, shiny|293\/325
|-damage|p1a: Hail Hydra|253\/325|[from] Stealth Rock
|move|p2a: Nidoqueen|Ice Beam|p1a: Hail Hydra
|-supereffective|p1a: Hail Hydra
|-damage|p1a: Hail Hydra|0 fnt
|faint|p1a: Hail Hydra
|
|
|switch|p1a: Ultimate Terror|Aerodactyl, M|301\/301
|-damage|p1a: Ultimate Terror|226\/301|[from] Stealth Rock
|-ability|p1a: Ultimate Terror|Unnerve|p2: tubular
|turn|10
|
|switch|p2a: Suicune|Suicune|404\/404 slp
|-ability|p2a: Suicune|Pressure
|detailschange|p1a: Ultimate Terror|Aerodactyl-Mega, M
|message|Aerodactyl has Mega Evolved into Mega Aerodactyl!
|move|p1a: Ultimate Terror|Earthquake|p2a: Suicune
|-damage|p2a: Suicune|322\/404 slp
|
|-heal|p2a: Suicune|347\/404 slp|[from] item: Leftovers
|turn|11
|
|switch|p1a: Floppy The God|Mienshao, M|255\/271
|-damage|p1a: Floppy The God|239\/271|[from] Stealth Rock
|cant|p2a: Suicune|slp
|move|p2a: Suicune|Sleep Talk|p2a: Suicune
|move|p2a: Suicune|Calm Mind|p2a: Suicune|[from]Sleep Talk
|-boost|p2a: Suicune|spa|1
|-boost|p2a: Suicune|spd|1
|
|-heal|p2a: Suicune|372\/404 slp|[from] item: Leftovers
|turn|12
|
|move|p1a: Floppy The God|High Jump Kick|p2a: Suicune
|-damage|p2a: Suicune|180\/404 slp
|cant|p2a: Suicune|slp
|move|p2a: Suicune|Sleep Talk|p2a: Suicune
|move|p2a: Suicune|Rest|p2a: Suicune|[from]Sleep Talk
|-fail|p2a: Suicune
|
|-heal|p2a: Suicune|205\/404 slp|[from] item: Leftovers
|turn|13
|
|move|p1a: Floppy The God|High Jump Kick|p2a: Suicune
|-crit|p2a: Suicune
|-damage|p2a: Suicune|0 fnt
|faint|p2a: Suicune
|
|
|switch|p2a: Nidoqueen|Nidoqueen, F|165\/351
|turn|14
|
|switch|p1a: Beat By Car Keys|Klefki, M, shiny|318\/318
|-damage|p1a: Beat By Car Keys|299\/318|[from] Stealth Rock
|move|p2a: Nidoqueen|Thunderbolt|p1a: Beat By Car Keys
|-damage|p1a: Beat By Car Keys|151\/318
|
|turn|15
|
|move|p1a: Beat By Car Keys|Light Screen|p1a: Beat By Car Keys
|-sidestart|p1: xShiba|move: Light Screen
|move|p2a: Nidoqueen|Earth Power|p1a: Beat By Car Keys
|-supereffective|p1a: Beat By Car Keys
|-damage|p1a: Beat By Car Keys|0 fnt
|faint|p1a: Beat By Car Keys
|
|
|switch|p1a: Wrecking Face|Porygon-Z, shiny|29\/311
|-damage|p1a: Wrecking Face|0 fnt|[from] Stealth Rock
|faint|p1a: Wrecking Face
|
|switch|p1a: Ultimate Terror|Aerodactyl-Mega, M|226\/301
|-damage|p1a: Ultimate Terror|151\/301|[from] Stealth Rock
|turn|16
|
|move|p1a: Ultimate Terror|Ice Fang|p2a: Nidoqueen
|-supereffective|p2a: Nidoqueen
|-damage|p2a: Nidoqueen|0 fnt
|faint|p2a: Nidoqueen
|
|
|switch|p2a: Darmanitan|Darmanitan, F|330\/351
|turn|17
|
|move|p2a: Darmanitan|Flare Blitz|p1a: Ultimate Terror
|-resisted|p1a: Ultimate Terror
|-damage|p1a: Ultimate Terror|0 fnt
|-damage|p2a: Darmanitan|280\/351|[from] recoil|[of] p1a: Ultimate Terror
|faint|p1a: Ultimate Terror
|
|
|switch|p1a: Floppy The God|Mienshao, M|239\/271
|-damage|p1a: Floppy The God|223\/271|[from] Stealth Rock
|turn|18
|
|move|p1a: Floppy The God|High Jump Kick|p2a: Darmanitan
|-damage|p2a: Darmanitan|0 fnt
|faint|p2a: Darmanitan
|
|
|switch|p2a: Staraptor|Staraptor, M|311\/311
|turn|19
|
|move|p2a: Staraptor|Quick Attack|p1a: Floppy The God
|-damage|p1a: Floppy The God|57\/271
|move|p1a: Floppy The God|High Jump Kick|p2a: Staraptor
|-damage|p2a: Staraptor|0 fnt
|faint|p2a: Staraptor
|
|c|âtubular|gg
|
|switch|p2a: Espeon|Espeon, M|272\/272
|turn|20
|
|move|p1a: Floppy The God|High Jump Kick|p2a: Espeon
|-crit|p2a: Espeon
|-resisted|p2a: Espeon
|-enditem|p2a: Espeon|Focus Sash
|-damage|p2a: Espeon|1\/272
|move|p2a: Espeon|Psyshock|p1a: Floppy The God
|-supereffective|p1a: Floppy The God
|-damage|p1a: Floppy The God|0 fnt
|faint|p1a: Floppy The God
|
|win|tubular
|raw|Ladder updating...
|raw|xShiba's rating: 1434 &rarr; <strong>1415<\/strong><br \/>(-19 for losing)
|raw|tubular's rating: 1444 &rarr; <strong>1463<\/strong><br \/>(+19 for winning)
|c|âxShiba|>Sash espeon
|c|âxShiba|lol
|c|âxShiba|gg
|leave|xShiba
|player|p1