|join|Bl153
|join|tubular
|player|p1|Bl153|101
|player|p2|tubular|45
|gametype|singles
|gen|6
|tier|UU
|rated
|rule|Sleep Clause Mod: Limit one foe put to sleep
|rule|Species Clause: Limit one of each PokÃ©mon
|rule|OHKO Clause: OHKO moves are banned
|rule|Moody Clause: Moody is banned
|rule|Evasion Moves Clause: Evasion moves are banned
|rule|Endless Battle Clause: Forcing endless battles is banned
|rule|HP Percentage Mod: HP is shown in percentages
|clearpoke
|poke|p1|Altaria, F
|poke|p1|Amoonguss, M
|poke|p1|Azelf
|poke|p1|Empoleon, M
|poke|p1|Arcanine, M
|poke|p1|Mienshao, M
|poke|p2|Darmanitan, M
|poke|p2|Staraptor, F
|poke|p2|Aerodactyl, M
|poke|p2|Espeon, F
|poke|p2|Suicune
|poke|p2|Nidoqueen, F
|rule|Swagger Clause: Swagger is banned
|rule|Baton Pass Clause: Limit one PokÃ©mon knowing Baton Pass
|teampreview
|c|âBl153|gl hf
|
|start
|switch|p1a: Azelf|Azelf|291\/291
|switch|p2a: Darmanitan|Darmanitan, M|351\/351
|turn|1
|
|switch|p1a: Arcanine|Arcanine, M|383\/383
|-ability|p1a: Arcanine|Intimidate|[of] p2a: Darmanitan
|-unboost|p2a: Darmanitan|atk|1
|move|p2a: Darmanitan|U-turn|p1a: Arcanine
|-resisted|p1a: Arcanine
|-damage|p1a: Arcanine|359\/383
|
|switch|p2a: Nidoqueen|Nidoqueen, F|350\/350
|
|-heal|p1a: Arcanine|382\/383|[from] item: Leftovers
|turn|2
|
|switch|p1a: Azelf|Azelf|291\/291
|move|p2a: Nidoqueen|Stealth Rock|p1a: Azelf
|-sidestart|p1: Bl153|move: Stealth Rock
|
|turn|3
|
|switch|p2a: Espeon|Espeon, F|271\/271
|move|p1a: Azelf|Psyshock|p2a: Espeon
|-resisted|p2a: Espeon
|-damage|p2a: Espeon|135\/271
|-damage|p1a: Azelf|262\/291|[from] item: Life Orb
|
|turn|4
|
|switch|p2a: Staraptor|Staraptor, F|311\/311
|move|p1a: Azelf|U-turn|p2a: Staraptor
|-resisted|p2a: Staraptor
|-damage|p2a: Staraptor|258\/311
|-damage|p1a: Azelf|233\/291|[from] item: Life Orb
|
|switch|p1a: Arcanine|Arcanine, M|382\/383
|-damage|p1a: Arcanine|287\/383|[from] Stealth Rock
|-ability|p1a: Arcanine|Intimidate|[of] p2a: Staraptor
|-unboost|p2a: Staraptor|atk|1
|
|-heal|p1a: Arcanine|310\/383|[from] item: Leftovers
|turn|5
|
|switch|p2a: Suicune|Suicune|404\/404
|-ability|p2a: Suicune|Pressure
|move|p1a: Arcanine|Morning Sun|p1a: Arcanine
|-heal|p1a: Arcanine|383\/383
|
|turn|6
|
|switch|p1a: Altaria|Altaria, F|291\/291
|-damage|p1a: Altaria|219\/291|[from] Stealth Rock
|switch|p2a: Espeon|Espeon, F|135\/271
|
|turn|7
|
|detailschange|p1a: Altaria|Altaria-Mega, F
|message|Altaria has Mega Evolved into Mega Altaria!
|move|p2a: Espeon|Baton Pass|p2a: Espeon
|
|switch|p2a: Aerodactyl|Aerodactyl, M|301\/301
|-ability|p2a: Aerodactyl|Pressure
|move|p1a: Altaria|Dragon Dance|p1a: Altaria
|-boost|p1a: Altaria|atk|1
|-boost|p1a: Altaria|spe|1
|
|turn|8
|
|detailschange|p2a: Aerodactyl|Aerodactyl-Mega, M
|message|Aerodactyl has Mega Evolved into Mega Aerodactyl!
|move|p2a: Aerodactyl|Stone Edge|p1a: Altaria|[miss]
|-miss|p2a: Aerodactyl|p1a: Altaria
|move|p1a: Altaria|Body Slam|p2a: Aerodactyl
|-damage|p2a: Aerodactyl|0 fnt
|faint|p2a: Aerodactyl
|
|
|switch|p2a: Nidoqueen|Nidoqueen, F|350\/350
|turn|9
|
|move|p1a: Altaria|Earthquake|p2a: Nidoqueen
|-supereffective|p2a: Nidoqueen
|-damage|p2a: Nidoqueen|0 fnt
|faint|p2a: Nidoqueen
|
|
|switch|p2a: Darmanitan|Darmanitan, M|351\/351
|turn|10
|
|move|p2a: Darmanitan|U-turn|p1a: Altaria
|-resisted|p1a: Altaria
|-damage|p1a: Altaria|178\/291
|
|switch|p2a: Staraptor|Staraptor, F|258\/311
|move|p1a: Altaria|Earthquake|p2a: Staraptor
|-immune|p2a: Staraptor|[msg]
|
|turn|11
|
|move|p1a: Altaria|Body Slam|p2a: Staraptor
|-damage|p2a: Staraptor|0 fnt
|faint|p2a: Staraptor
|
|
|switch|p2a: Darmanitan|Darmanitan, M|351\/351
|turn|12
|
|move|p2a: Darmanitan|Rock Slide|p1a: Altaria
|-damage|p1a: Altaria|58\/291
|move|p1a: Altaria|Roost|p1a: Altaria
|-heal|p1a: Altaria|204\/291
|
|turn|13
|
|move|p2a: Darmanitan|Rock Slide|p1a: Altaria
|-damage|p1a: Altaria|99\/291
|move|p1a: Altaria|Roost|p1a: Altaria
|-heal|p1a: Altaria|245\/291
|
|turn|14
|
|move|p2a: Darmanitan|Rock Slide|p1a: Altaria
|-damage|p1a: Altaria|126\/291
|move|p1a: Altaria|Dragon Dance|p1a: Altaria
|-boost|p1a: Altaria|atk|1
|-boost|p1a: Altaria|spe|1
|
|turn|15
|
|move|p1a: Altaria|Roost|p1a: Altaria
|-heal|p1a: Altaria|272\/291
|move|p2a: Darmanitan|Rock Slide|p1a: Altaria
|-damage|p1a: Altaria|161\/291
|
|turn|16
|
|switch|p2a: Suicune|Suicune|404\/404
|-ability|p2a: Suicune|Pressure
|move|p1a: Altaria|Earthquake|p2a: Suicune
|-damage|p2a: Suicune|259\/404
|
|-heal|p2a: Suicune|284\/404|[from] item: Leftovers
|turn|17
|
|move|p1a: Altaria|Body Slam|p2a: Suicune
|-damage|p2a: Suicune|17\/404
|-status|p2a: Suicune|par
|move|p2a: Suicune|Scald|p1a: Altaria
|-resisted|p1a: Altaria
|-damage|p1a: Altaria|120\/291
|
|-heal|p2a: Suicune|42\/404 par|[from] item: Leftovers
|turn|18
|
|move|p1a: Altaria|Earthquake|p2a: Suicune
|-damage|p2a: Suicune|0 fnt
|faint|p2a: Suicune
|
|
|switch|p2a: Darmanitan|Darmanitan, M|351\/351
|turn|19
|
|move|p1a: Altaria|Earthquake|p2a: Darmanitan
|-supereffective|p2a: Darmanitan
|-damage|p2a: Darmanitan|0 fnt
|faint|p2a: Darmanitan
|
|
|switch|p2a: Espeon|Espeon, F|135\/271
|turn|20
|
|move|p1a: Altaria|Body Slam|p2a: Espeon
|-damage|p2a: Espeon|0 fnt
|faint|p2a: Espeon
|
|win|Bl153
|raw|Ladder updating...
|c|âtubular|gg
|c|âBl153|gg
|raw|Bl153's rating: 1383 &rarr; <strong>1408<\/strong><br \/>(+25 for winning)
|raw|tubular's rating: 1467 &rarr; <strong>1442<\/strong><br \/>(-25 for losing)
|c|âBl153|I am so sorry lol
|leave|tubular
|player|p2
|c|âBl153|that was crazy