|join|Zraix
|join|Kama Sutra
|player|p1|Zraix|169
|player|p2|Kama Sutra|167
|gametype|singles
|gen|6
|tier|ORAS OU
|rated
|rule|Sleep Clause Mod: Limit one foe put to sleep
|rule|Species Clause: Limit one of each PokÃ©mon
|rule|OHKO Clause: OHKO moves are banned
|rule|Moody Clause: Moody is banned
|rule|Evasion Moves Clause: Evasion moves are banned
|rule|Endless Battle Clause: Forcing endless battles is banned
|rule|HP Percentage Mod: HP is shown in percentages
|clearpoke
|poke|p1|Salamence, M
|poke|p1|Wobbuffet, M
|poke|p1|Gothitelle, M
|poke|p1|Magneton
|poke|p1|Garchomp, F
|poke|p1|Clefable, F
|poke|p2|Sableye, F
|poke|p2|Keldeo-Resolute
|poke|p2|Heatran, F
|poke|p2|Ferrothorn, F
|poke|p2|Gengar, F
|poke|p2|Porygon2
|rule|Swagger Clause: Swagger is banned
|rule|Baton Pass Clause: Limit one PokÃ©mon knowing Baton Pass
|teampreview
|c|âKama Sutra|gross
|
|start
|switch|p1a: Magneton|Magneton|242\/242
|switch|p2a: Sableye|Sableye, F|304\/304
|turn|1
|
|detailschange|p2a: Sableye|Sableye-Mega, F
|message|Sableye has Mega Evolved into Mega Sableye!
|move|p2a: Sableye|Will-O-Wisp|p1a: Magneton
|-status|p1a: Magneton|brn
|move|p1a: Magneton|Volt Switch|p2a: Sableye
|-damage|p2a: Sableye|196\/304
|
|switch|p1a: Gothitelle|Gothitelle, M|282\/282
|
|turn|2
|
|move|p1a: Gothitelle|Trick|p2a: Sableye
|-fail|p2a: Sableye
|move|p2a: Sableye|Recover|p2a: Sableye
|-heal|p2a: Sableye|304\/304
|
|turn|3
|c|âKama Sutra|hello
|
|switch|p1a: Wobbuffet|Wobbuffet, M|584\/584
|move|p2a: Sableye|Will-O-Wisp|p1a: Wobbuffet
|-status|p1a: Wobbuffet|brn
|
|-damage|p1a: Wobbuffet|511\/584 brn|[from] brn
|turn|4
|
|move|p1a: Wobbuffet|Encore|p2a: Sableye
|move|p2a: Sableye|Encore|p1a: Wobbuffet|[from]Magic Bounce
|-fail|p1a: Wobbuffet
|move|p2a: Sableye|Dark Pulse|p1a: Wobbuffet
|-supereffective|p1a: Wobbuffet
|-damage|p1a: Wobbuffet|353\/584 brn
|
|-heal|p1a: Wobbuffet|389\/584 brn|[from] item: Leftovers
|-damage|p1a: Wobbuffet|316\/584 brn|[from] brn
|turn|5
|c|âKama Sutra|hello??
|
|move|p2a: Sableye|Dark Pulse|p1a: Wobbuffet
|-supereffective|p1a: Wobbuffet
|-damage|p1a: Wobbuffet|146\/584 brn
|move|p1a: Wobbuffet|Mirror Coat|p2a: Sableye
|-immune|p2a: Sableye|[msg]
|
|-heal|p1a: Wobbuffet|182\/584 brn|[from] item: Leftovers
|-damage|p1a: Wobbuffet|109\/584 brn|[from] brn
|turn|6
|c|âKama Sutra|omfg
|
|move|p2a: Sableye|Dark Pulse|p1a: Wobbuffet
|-crit|p1a: Wobbuffet
|-supereffective|p1a: Wobbuffet
|-damage|p1a: Wobbuffet|0 fnt
|faint|p1a: Wobbuffet
|
|
|switch|p1a: Clefable|Clefable, F|394\/394
|turn|7
|
|switch|p2a: Gengar|Gengar, F|262\/262
|move|p1a: Clefable|Calm Mind|p1a: Clefable
|-boost|p1a: Clefable|spa|1
|-boost|p1a: Clefable|spd|1
|
|turn|8
|
|move|p2a: Gengar|Sludge Wave|p1a: Clefable
|-supereffective|p1a: Clefable
|-damage|p1a: Clefable|164\/394
|move|p1a: Clefable|Soft-Boiled|p1a: Clefable
|-heal|p1a: Clefable|361\/394
|
|-heal|p1a: Clefable|385\/394|[from] item: Leftovers
|turn|9
|
|switch|p1a: Magneton|Magneton|242\/242 brn
|move|p2a: Gengar|Sludge Wave|p1a: Magneton
|-immune|p1a: Magneton|[msg]
|
|-damage|p1a: Magneton|212\/242 brn|[from] brn
|turn|10
|
|switch|p2a: Heatran|Heatran, F|385\/385
|move|p1a: Magneton|Volt Switch|p2a: Heatran
|-crit|p2a: Heatran
|-damage|p2a: Heatran|270\/385
|
|switch|p1a: Garchomp|Garchomp, F|357\/357
|
|-heal|p2a: Heatran|294\/385|[from] item: Leftovers
|turn|11
|
|move|p1a: Garchomp|Stealth Rock|p2a: Heatran
|-sidestart|p2: Kama Sutra|move: Stealth Rock
|move|p2a: Heatran|Stealth Rock|p1a: Garchomp
|-sidestart|p1: Zraix|move: Stealth Rock
|
|-heal|p2a: Heatran|318\/385|[from] item: Leftovers
|turn|12
|
|switch|p2a: Keldeo-Resolute|Keldeo-Resolute|323\/323
|-damage|p2a: Keldeo-Resolute|303\/323|[from] Stealth Rock
|move|p1a: Garchomp|Earthquake|p2a: Keldeo-Resolute
|-damage|p2a: Keldeo-Resolute|120\/323
|
|-heal|p2a: Keldeo-Resolute|140\/323|[from] item: Leftovers
|turn|13
|
|move|p2a: Keldeo-Resolute|Scald|p1a: Garchomp
|-damage|p1a: Garchomp|206\/357
|move|p1a: Garchomp|Dragon Claw|p2a: Keldeo-Resolute
|-damage|p2a: Keldeo-Resolute|0 fnt
|faint|p2a: Keldeo-Resolute
|
|
|switch|p2a: Sableye|Sableye-Mega, F|304\/304
|-damage|p2a: Sableye|266\/304|[from] Stealth Rock
|turn|14
|
|switch|p1a: Clefable|Clefable, F|385\/394
|move|p2a: Sableye|Will-O-Wisp|p1a: Clefable
|-status|p1a: Clefable|brn
|
|-heal|p1a: Clefable|394\/394 brn|[from] item: Leftovers
|turn|15
|
|switch|p2a: Gengar|Gengar, F|262\/262
|-damage|p2a: Gengar|230\/262|[from] Stealth Rock
|move|p1a: Clefable|Moonblast|p2a: Gengar
|-resisted|p2a: Gengar
|-damage|p2a: Gengar|166\/262
|
|-heal|p2a: Gengar|182\/262|[from] item: Black Sludge
|turn|16
|
|switch|p1a: Gothitelle|Gothitelle, M|282\/282
|-damage|p1a: Gothitelle|247\/282|[from] Stealth Rock
|move|p2a: Gengar|Shadow Ball|p1a: Gothitelle
|-crit|p1a: Gothitelle
|-supereffective|p1a: Gothitelle
|-damage|p1a: Gothitelle|0 fnt
|faint|p1a: Gothitelle
|
|-heal|p2a: Gengar|198\/262|[from] item: Black Sludge
|
|switch|p1a: Salamence|Salamence, M|331\/331
|-damage|p1a: Salamence|249\/331|[from] Stealth Rock
|-ability|p1a: Salamence|Intimidate|[of] p2a: Gengar
|-unboost|p2a: Gengar|atk|1
|turn|17
|
|detailschange|p1a: Salamence|Salamence-Mega, M
|message|Salamence has Mega Evolved into Mega Salamence!
|move|p2a: Gengar|Sludge Wave|p1a: Salamence
|-damage|p1a: Salamence|69\/331
|-status|p1a: Salamence|psn
|move|p1a: Salamence|Return|p2a: Gengar
|-crit|p2a: Gengar
|-damage|p2a: Gengar|0 fnt
|faint|p2a: Gengar
|
|-damage|p1a: Salamence|28\/331 psn|[from] psn
|
|switch|p2a: Sableye|Sableye-Mega, F|266\/304
|-damage|p2a: Sableye|228\/304|[from] Stealth Rock
|turn|18
|
|move|p1a: Salamence|Return|p2a: Sableye
|-damage|p2a: Sableye|59\/304
|move|p2a: Sableye|Recover|p2a: Sableye
|-heal|p2a: Sableye|211\/304
|
|-damage|p1a: Salamence|0 fnt|[from] psn
|faint|p1a: Salamence
|-message|Zraix forfeited.
|
|win|Kama Sutra
|raw|Ladder updating...
|leave|Zraix
|player|p1
|raw|Zraix's rating: 1310 &rarr; <strong>1284<\/strong><br \/>(-26 for losing)
|raw|Kama Sutra's rating: 1206 &rarr; <strong>1238<\/strong><br \/>(+32 for winning)