|join|wish killer
|join|Kama Sutra
|player|p1|wish killer|68
|player|p2|Kama Sutra|141
|gametype|singles
|gen|6
|tier|OU
|rated
|clearpoke
|poke|p1|Bisharp, F
|poke|p1|Venusaur, F
|poke|p1|Heatran, M
|poke|p1|Keldeo
|poke|p1|Chansey, F
|poke|p1|Skarmory, M
|poke|p2|Politoed, M
|poke|p2|Kabutops, F
|poke|p2|Kingdra, M
|poke|p2|Ferrothorn, F
|poke|p2|Heracross, F
|poke|p2|Latias, F
|rule|Swagger Clause: Swagger is banned
|rule|Baton Pass Clause: Limit one PokÃ©mon knowing Baton Pass
|rule|Sleep Clause Mod: Limit one foe put to sleep
|rule|Species Clause: Limit one of each PokÃ©mon
|rule|OHKO Clause: OHKO moves are banned
|rule|Moody Clause: Moody is banned
|rule|Evasion Moves Clause: Evasion moves are banned
|rule|Endless Battle Clause: Forcing endless battles is banned
|rule|HP Percentage Mod: HP is shown in percentages
|teampreview
|join|testy times
wish killer made this room private.
|
|start
|switch|p1a: Skarmory|Skarmory, M|334\/334
|switch|p2a: Latias|Latias, F|301\/301
|turn|1
|
|switch|p2a: Heracross|Heracross, F|307\/307
|switch|p1a: Heatran|Heatran, M|340\/340
|-item|p1a: Heatran|Air Balloon
|
|turn|2
|
|switch|p1a: Skarmory|Skarmory, M|334\/334
|detailschange|p2a: Heracross|Heracross-Mega, F
|message|Heracross has Mega Evolved into Mega Heracross!
|move|p2a: Heracross|Close Combat|p1a: Skarmory
|-damage|p1a: Skarmory|121\/334
|-damage|p2a: Heracross|256\/307|[from] item: Rocky Helmet|[of] p1a: Skarmory
|-unboost|p2a: Heracross|def|1
|-unboost|p2a: Heracross|spd|1
|
|turn|3
|
|move|p2a: Heracross|Swords Dance|p2a: Heracross
|-boost|p2a: Heracross|atk|2
|move|p1a: Skarmory|Spikes|p2a: Heracross
|-sidestart|p2: Kama Sutra|Spikes
|
|turn|4
|
|move|p2a: Heracross|Rock Blast|p1a: Skarmory
|-damage|p1a: Skarmory|70\/334
|-crit|p1a: Skarmory
|-damage|p1a: Skarmory|0 fnt
|-hitcount|p1a: Skarmory|2
|faint|p1a: Skarmory
|
|
|switch|p1a: Keldeo|Keldeo|323\/323
|turn|5
|
|switch|p2a: Ferrothorn|Ferrothorn, F|352\/352
|-damage|p2a: Ferrothorn|308\/352|[from] Spikes
|move|p1a: Keldeo|Hidden Power|p2a: Ferrothorn
|-damage|p2a: Ferrothorn|261\/352
|
|-heal|p2a: Ferrothorn|283\/352|[from] item: Leftovers
|turn|6
|
|move|p1a: Keldeo|Secret Sword|p2a: Ferrothorn
|-supereffective|p2a: Ferrothorn
|-damage|p2a: Ferrothorn|55\/352
|move|p2a: Ferrothorn|Stealth Rock|p1a: Keldeo
|-sidestart|p1: wish killer|move: Stealth Rock
|
|-heal|p2a: Ferrothorn|77\/352|[from] item: Leftovers
|turn|7
|
|move|p1a: Keldeo|Secret Sword|p2a: Ferrothorn
|-supereffective|p2a: Ferrothorn
|-damage|p2a: Ferrothorn|0 fnt
|faint|p2a: Ferrothorn
|
|
|switch|p2a: Latias|Latias, F|301\/301
|turn|8
|
|switch|p2a: Politoed|Politoed, M|384\/384
|-damage|p2a: Politoed|336\/384|[from] Spikes
|-weather|RainDance
|switch|p1a: Heatran|Heatran, M|340\/340
|-damage|p1a: Heatran|298\/340|[from] Stealth Rock
|-item|p1a: Heatran|Air Balloon
|
|-weather|RainDance|[upkeep]
|turn|9
|
|move|p1a: Heatran|Stealth Rock|p2a: Politoed
|-sidestart|p2: Kama Sutra|move: Stealth Rock
|move|p2a: Politoed|Scald|p1a: Heatran
|-supereffective|p1a: Heatran
|-damage|p1a: Heatran|62\/340
|-enditem|p1a: Heatran|Air Balloon
|
|-weather|RainDance|[upkeep]
|turn|10
|
|switch|p1a: Chansey|Chansey, F|684\/684
|-damage|p1a: Chansey|599\/684|[from] Stealth Rock
|move|p2a: Politoed|Scald|p1a: Chansey
|-damage|p1a: Chansey|527\/684
|
|-weather|RainDance|[upkeep]
|turn|11
|chat|Kama Sutra|ok cancel button
|
|switch|p2a: Kabutops|Kabutops, F|262\/262
|-damage|p2a: Kabutops|230\/262|[from] Spikes
|-damage|p2a: Kabutops|198\/262|[from] Stealth Rock
|move|p1a: Chansey|Thunder Wave|p2a: Kabutops
|-status|p2a: Kabutops|par
|
|-weather|RainDance|[upkeep]
|turn|12
|
|switch|p1a: Venusaur|Venusaur, F|364\/364
|-damage|p1a: Venusaur|319\/364|[from] Stealth Rock
|move|p2a: Kabutops|Rapid Spin|p1a: Venusaur
|-damage|p1a: Venusaur|292\/364
|-sideend|p2: Kama Sutra|Spikes|[from] move: Rapid Spin|[of] p2a: Kabutops
|-sideend|p2: Kama Sutra|Stealth Rock|[from] move: Rapid Spin|[of] p2a: Kabutops
|-damage|p2a: Kabutops|172\/262 par|[from] item: Life Orb
|
|-weather|RainDance|[upkeep]
|turn|13
|
|switch|p1a: Heatran|Heatran, M|62\/340
|-damage|p1a: Heatran|20\/340|[from] Stealth Rock
|switch|p2a: Latias|Latias, F|301\/301
|
|-weather|RainDance|[upkeep]
|turn|14
|
|move|p2a: Latias|Psyshock|p1a: Heatran
|-resisted|p1a: Heatran
|-damage|p1a: Heatran|0 fnt
|-damage|p2a: Latias|271\/301|[from] item: Life Orb
|faint|p1a: Heatran
|
|-weather|RainDance|[upkeep]
|
|switch|p1a: Bisharp|Bisharp, F|334\/334
|-damage|p1a: Bisharp|314\/334|[from] Stealth Rock
|turn|15
|
|move|p2a: Latias|Healing Wish|p2a: Latias
|faint|p2a: Latias
|move|p1a: Bisharp|Knock Off|p2: Latias|[notarget]
|-notarget
|
|-weather|none
|-heal|p1a: Bisharp|334\/334|[from] item: Leftovers
|
|switch|p2a: Kabutops|Kabutops, F|172\/262 par
|-heal|p2a: Kabutops|262\/262|[from] move: Healing Wish
|turn|16
|
|move|p2a: Kabutops|Waterfall|p1a: Bisharp
|-damage|p1a: Bisharp|147\/334
|-damage|p2a: Kabutops|236\/262|[from] item: Life Orb
|cant|p1a: Bisharp|flinch
|
|-heal|p1a: Bisharp|167\/334|[from] item: Leftovers
|turn|17
|chat|testy times|!
|join|BLOODY FWEN
|
|switch|p2a: Heracross|Heracross-Mega, F|256\/307
|switch|p1a: Keldeo|Keldeo|323\/323
|-damage|p1a: Keldeo|303\/323|[from] Stealth Rock
|
|-heal|p1a: Keldeo|323\/323|[from] item: Leftovers
|turn|18
|
|switch|p2a: Politoed|Politoed, M|336\/384
|-weather|RainDance
|move|p1a: Keldeo|Hidden Power|p2a: Politoed
|-damage|p2a: Politoed|269\/384
|
|-weather|RainDance|[upkeep]
|turn|19
|
|move|p1a: Keldeo|Secret Sword|p2a: Politoed
|-damage|p2a: Politoed|131\/384
|move|p2a: Politoed|Encore|p1a: Keldeo
|-start|p1a: Keldeo|Encore
|
|-weather|RainDance|[upkeep]
|turn|20
|
|move|p1a: Keldeo|Secret Sword|p2a: Politoed
|-damage|p2a: Politoed|0 fnt
|faint|p2a: Politoed
|
|-weather|RainDance|[upkeep]
|
|switch|p2a: Heracross|Heracross-Mega, F|256\/307
|turn|21
|
|switch|p1a: Bisharp|Bisharp, F|167\/334
|-damage|p1a: Bisharp|147\/334|[from] Stealth Rock
|move|p2a: Heracross|Pin Missile|p1a: Bisharp
|-damage|p1a: Bisharp|86\/334
|-damage|p1a: Bisharp|22\/334
|-damage|p1a: Bisharp|0 fnt
|-hitcount|p1a: Bisharp|3
|faint|p1a: Bisharp
|
|-weather|RainDance|[upkeep]
|
|switch|p1a: Keldeo|Keldeo|323\/323
|-damage|p1a: Keldeo|303\/323|[from] Stealth Rock
|turn|22
|
|move|p1a: Keldeo|Hidden Power|p2a: Heracross
|-supereffective|p2a: Heracross
|-damage|p2a: Heracross|0 fnt
|faint|p2a: Heracross
|
|-weather|RainDance|[upkeep]
|-heal|p1a: Keldeo|323\/323|[from] item: Leftovers
|
|switch|p2a: Kingdra|Kingdra, M|291\/291
|turn|23
|
|switch|p1a: Chansey|Chansey, F|527\/684
|-damage|p1a: Chansey|442\/684|[from] Stealth Rock
|move|p2a: Kingdra|Draco Meteor|p1a: Chansey
|-damage|p1a: Chansey|270\/684
|-unboost|p2a: Kingdra|spa|2
|
|-weather|RainDance|[upkeep]
|turn|24
|
|switch|p2a: Kabutops|Kabutops, F|236\/262
|move|p1a: Chansey|Thunder Wave|p2a: Kabutops
|-status|p2a: Kabutops|par
|
|-weather|RainDance|[upkeep]
|turn|25
|-message|Kama Sutra forfeited.
|
|win|wish killer
|raw|Ladder updating...
|leave|Kama Sutra
|player|p2
|raw|wish killer's rating: 1931 &rarr; <strong>1944<\/strong><br \/>(+13 for winning)
|raw|Kama Sutra's rating: 1809 &rarr; <strong>1796<\/strong><br \/>(-13 for losing)
|leave|testy times