|join|Kama Sutra
|join|epicNecro
|player|p1|Kama Sutra|102
|player|p2|epicNecro|70
|gametype|singles
|gen|6
|tier|OU
|rated
|clearpoke
|poke|p1|Landorus, M
|poke|p1|Thundurus, M
|poke|p1|Charizard, M
|poke|p1|Azumarill, M
|poke|p1|Keldeo-Resolute
|poke|p1|Latias, F
|poke|p2|Gardevoir, F, shiny
|poke|p2|Landorus-Therian, M
|poke|p2|Heatran, M
|poke|p2|Ferrothorn, M
|poke|p2|Greninja, F
|poke|p2|Latias, F
|rule|Swagger Clause: Swagger is banned
|rule|Baton Pass Clause: Limit one PokÃ©mon knowing Baton Pass
|rule|Sleep Clause Mod: Limit one foe put to sleep
|rule|Species Clause: Limit one of each PokÃ©mon
|rule|OHKO Clause: OHKO moves are banned
|rule|Moody Clause: Moody is banned
|rule|Evasion Moves Clause: Evasion moves are banned
|rule|Endless Battle Clause: Forcing endless battles is banned
|rule|HP Percentage Mod: HP is shown in percentages
|teampreview
|
|start
|switch|p1a: Keldeo-Resolute|Keldeo-Resolute|323\/323
|switch|p2a: Landorus-Therian|Landorus-Therian, M|354\/354
|-ability|p2a: Landorus-Therian|Intimidate|[of] p1a: Keldeo-Resolute
|-unboost|p1a: Keldeo-Resolute|atk|1
|turn|1
|
|move|p1a: Keldeo-Resolute|Hydro Pump|p2a: Landorus-Therian
|-supereffective|p2a: Landorus-Therian
|-damage|p2a: Landorus-Therian|0 fnt
|faint|p2a: Landorus-Therian
|
|
|switch|p2a: Ferrothorn|Ferrothorn, M|352\/352
|turn|2
|
|switch|p1a: Latias|Latias, F|364\/364
|move|p2a: Ferrothorn|Leech Seed|p1a: Latias
|-start|p1a: Latias|move: Leech Seed
|
|-damage|p1a: Latias|319\/364|[from] Leech Seed|[of] p2a: Ferrothorn
|turn|3
|
|switch|p2a: Gardevoir|Gardevoir, F, shiny|277\/277
|-ability|p2a: Gardevoir|Levitate|[from] ability: Trace|[of] p1a: Latias
|move|p1a: Latias|Roost|p1a: Latias
|-heal|p1a: Latias|364\/364
|
|-damage|p1a: Latias|319\/364|[from] Leech Seed|[of] p2a: Gardevoir
|turn|4
|
|switch|p1a: Charizard|Charizard, M|333\/333
|detailschange|p2a: Gardevoir|Gardevoir-Mega, F, shiny
|message|Gardevoir has Mega Evolved into Mega Gardevoir!
|move|p2a: Gardevoir|Hyper Voice|p1a: Charizard
|-resisted|p1a: Charizard
|-damage|p1a: Charizard|179\/333
|
|turn|5
|
|switch|p2a: Into fire|Heatran, M|386\/386
|detailschange|p1a: Charizard|Charizard-Mega-X, M
|message|Charizard has Mega Evolved into Mega Charizard!
|move|p1a: Charizard|Flare Blitz|p2a: Into fire
|-start|p2a: Into fire|ability: Flash Fire
|
|turn|6
|
|move|p1a: Charizard|Dragon Dance|p1a: Charizard
|-boost|p1a: Charizard|atk|1
|-boost|p1a: Charizard|spe|1
|move|p2a: Into fire|Earth Power|p1a: Charizard
|-supereffective|p1a: Charizard
|-damage|p1a: Charizard|0 fnt
|faint|p1a: Charizard
|
|
|switch|p1a: Azumarill|Azumarill, M|341\/341
|turn|7
|
|switch|p2a: Ferrothorn|Ferrothorn, M|352\/352
|move|p1a: Azumarill|Belly Drum|p1a: Azumarill
|-damage|p1a: Azumarill|171\/341
|-setboost|p1a: Azumarill|atk|6|[from] move: Belly Drum
|
|turn|8
|
|move|p1a: Azumarill|Play Rough|p2a: Ferrothorn
|-resisted|p2a: Ferrothorn
|-damage|p2a: Ferrothorn|79\/352
|-damage|p1a: Azumarill|129\/341|[from] ability: Iron Barbs|[of] p2a: Ferrothorn
|-enditem|p1a: Azumarill|Sitrus Berry|[eat]
|-heal|p1a: Azumarill|214\/341|[from] item: Sitrus Berry
|move|p2a: Ferrothorn|Leech Seed|p1a: Azumarill
|-start|p1a: Azumarill|move: Leech Seed
|
|-heal|p2a: Ferrothorn|101\/352|[from] item: Leftovers
|-damage|p1a: Azumarill|172\/341|[from] Leech Seed|[of] p2a: Ferrothorn
|-heal|p2a: Ferrothorn|143\/352|[silent]
|turn|9
|
|switch|p2a: Into fire|Heatran, M|386\/386
|move|p1a: Azumarill|Waterfall|p2a: Into fire
|-supereffective|p2a: Into fire
|-damage|p2a: Into fire|0 fnt
|faint|p2a: Into fire
|
|
|switch|p2a: Greninja|Greninja, F|285\/285
|turn|10
|
|move|p1a: Azumarill|Aqua Jet|p2a: Greninja
|-resisted|p2a: Greninja
|-damage|p2a: Greninja|60\/285
|move|p2a: Greninja|Hidden Power|p1a: Azumarill
|-start|p2a: Greninja|typechange|Grass|[from] Protean
|-crit|p1a: Azumarill
|-supereffective|p1a: Azumarill
|-damage|p1a: Azumarill|0 fnt
|-damage|p2a: Greninja|32\/285|[from] item: Life Orb
|faint|p1a: Azumarill
|
|
|switch|p1a: Keldeo-Resolute|Keldeo-Resolute|323\/323
|turn|11
|
|switch|p2a: Latias|Latias, F|301\/301
|move|p1a: Keldeo-Resolute|Hidden Power|p2a: Latias
|-supereffective|p2a: Latias
|-damage|p2a: Latias|195\/301
|
|turn|12
|
|switch|p1a: Latias|Latias, F|319\/364
|move|p2a: Latias|Draco Meteor|p1a: Latias
|-supereffective|p1a: Latias
|-damage|p1a: Latias|0 fnt
|-unboost|p2a: Latias|spa|2
|-damage|p2a: Latias|165\/301|[from] item: Life Orb
|faint|p1a: Latias
|
|
|switch|p1a: Landorus|Landorus, M|320\/320
|turn|13
|
|switch|p2a: Ferrothorn|Ferrothorn, M|143\/352
|move|p1a: Landorus|Hidden Power|p2a: Ferrothorn
|-damage|p2a: Ferrothorn|73\/352
|-damage|p1a: Landorus|288\/320|[from] item: Life Orb
|
|-heal|p2a: Ferrothorn|95\/352|[from] item: Leftovers
|turn|14
|
|move|p1a: Landorus|Earth Power|p2a: Ferrothorn
|-damage|p2a: Ferrothorn|0 fnt
|faint|p2a: Ferrothorn
|
|
|switch|p2a: Latias|Latias, F|165\/301
|turn|15
|
|switch|p1a: Thundurus|Thundurus, M|300\/300
|move|p2a: Latias|Draco Meteor|p1a: Thundurus
|-damage|p1a: Thundurus|0 fnt
|-unboost|p2a: Latias|spa|2
|-damage|p2a: Latias|135\/301|[from] item: Life Orb
|faint|p1a: Thundurus
|
|
|switch|p1a: Keldeo-Resolute|Keldeo-Resolute|323\/323
|turn|16
|
|switch|p2a: Greninja|Greninja, F|32\/285
|move|p1a: Keldeo-Resolute|Hydro Pump|p2a: Greninja
|-resisted|p2a: Greninja
|-damage|p2a: Greninja|0 fnt
|faint|p2a: Greninja
|
|
|switch|p2a: Latias|Latias, F|135\/301
|turn|17
|
|move|p1a: Keldeo-Resolute|Hydro Pump|p2a: Latias
|-resisted|p2a: Latias
|-damage|p2a: Latias|54\/301
|move|p2a: Latias|Roost|p2a: Latias
|-heal|p2a: Latias|205\/301
|
|turn|18
|
|move|p1a: Keldeo-Resolute|Hydro Pump|p2a: Latias
|-resisted|p2a: Latias
|-damage|p2a: Latias|132\/301
|move|p2a: Latias|Draco Meteor|p1a: Keldeo-Resolute
|-damage|p1a: Keldeo-Resolute|15\/323
|-unboost|p2a: Latias|spa|2
|-damage|p2a: Latias|102\/301|[from] item: Life Orb
|
|turn|19
|
|switch|p1a: Landorus|Landorus, M|288\/320
|move|p2a: Latias|Roost|p2a: Latias
|-heal|p2a: Latias|253\/301
|
|turn|20
|
|switch|p2a: Gardevoir|Gardevoir-Mega, F, shiny|277\/277
|move|p1a: Landorus|Hidden Power|p2a: Gardevoir
|-damage|p2a: Gardevoir|207\/277
|-damage|p1a: Landorus|256\/320|[from] item: Life Orb
|
|turn|21
|
|move|p1a: Landorus|Earth Power|p2a: Gardevoir
|-damage|p2a: Gardevoir|22\/277
|move|p2a: Gardevoir|Hyper Voice|p1a: Landorus
|-damage|p1a: Landorus|0 fnt
|faint|p1a: Landorus
|
|
|switch|p1a: Keldeo-Resolute|Keldeo-Resolute|15\/323
|turn|22
|-message|Kama Sutra lost due to inactivity.
|
|win|epicNecro
|raw|Ladder updating...
|raw|Kama Sutra's rating: 1593 &rarr; <strong>1574<\/strong><br \/>(-19 for losing)
|raw|epicNecro's rating: 1610 &rarr; <strong>1629<\/strong><br \/>(+19 for winning)