|join|DoughBoy
|join|Kama Sutra
|player|p1|DoughBoy|129
|player|p2|Kama Sutra|222
|gametype|singles
|gen|6
|tier|OU
|rated
|clearpoke
|poke|p1|Politoed, M
|poke|p1|Swampert, F
|poke|p1|Kingdra, F
|poke|p1|Klefki, F
|poke|p1|Thundurus, M
|poke|p1|Breloom, F
|poke|p2|Heatran, M
|poke|p2|Slowbro, M
|poke|p2|Landorus-Therian, M
|poke|p2|Latios, M
|poke|p2|Keldeo-Resolute
|poke|p2|Skarmory, F
|rule|Swagger Clause: Swagger is banned
|rule|Baton Pass Clause: Limit one PokÃ©mon knowing Baton Pass
|rule|Sleep Clause Mod: Limit one foe put to sleep
|rule|Species Clause: Limit one of each PokÃ©mon
|rule|OHKO Clause: OHKO moves are banned
|rule|Moody Clause: Moody is banned
|rule|Evasion Moves Clause: Evasion moves are banned
|rule|Endless Battle Clause: Forcing endless battles is banned
|rule|HP Percentage Mod: HP is shown in percentages
|teampreview
|
|start
|switch|p1a: Thundurus|Thundurus, M|299\/299
|switch|p2a: Landorus-Therian|Landorus-Therian, M|319\/319
|-ability|p2a: Landorus-Therian|Intimidate|[of] p1a: Thundurus
|-unboost|p1a: Thundurus|atk|1
|-boost|p1a: Thundurus|atk|2|[from] ability: Defiant
|turn|1
|
|move|p2a: Landorus-Therian|Stone Edge|p1a: Thundurus
|-supereffective|p1a: Thundurus
|-damage|p1a: Thundurus|0 fnt
|faint|p1a: Thundurus
|
|
|switch|p1a: Swampert|Swampert, F|341\/341
|turn|2
|
|switch|p2a: Skarmory|Skarmory, F|334\/334
|detailschange|p1a: Swampert|Swampert-Mega, F
|message|Swampert has Mega Evolved into Mega Swampert!
|move|p1a: Swampert|Stealth Rock|p2a: Skarmory
|-sidestart|p2: Kama Sutra|move: Stealth Rock
|
|turn|3
|
|switch|p1a: Politoed|Politoed, M|383\/383
|-weather|RainDance
|move|p2a: Skarmory|Spikes|p1a: Politoed
|-sidestart|p1: DoughBoy|Spikes
|
|-weather|RainDance|[upkeep]
|turn|4
|
|switch|p2a: Latios|Latios, M|301\/301
|-damage|p2a: Latios|264\/301|[from] Stealth Rock
|move|p1a: Politoed|Toxic|p2a: Latios
|-status|p2a: Latios|tox
|
|-weather|RainDance|[upkeep]
|-damage|p2a: Latios|246\/301 tox|[from] psn
|turn|5
|
|switch|p1a: Klefki|Klefki, F|318\/318
|-damage|p1a: Klefki|279\/318|[from] Spikes
|move|p2a: Latios|Psyshock|p1a: Klefki
|-resisted|p1a: Klefki
|-damage|p1a: Klefki|193\/318
|-damage|p2a: Latios|216\/301 tox|[from] item: Life Orb
|
|-weather|RainDance|[upkeep]
|-damage|p2a: Latios|180\/301 tox|[from] psn
|turn|6
|
|switch|p2a: Landorus-Therian|Landorus-Therian, M|319\/319
|-damage|p2a: Landorus-Therian|280\/319|[from] Stealth Rock
|-ability|p2a: Landorus-Therian|Intimidate|[of] p1a: Klefki
|-unboost|p1a: Klefki|atk|1
|move|p1a: Klefki|Spikes|p2a: Landorus-Therian
|-sidestart|p2: Kama Sutra|Spikes
|
|-weather|RainDance|[upkeep]
|turn|7
|
|switch|p1a: Breloom|Breloom, F|261\/261
|-damage|p1a: Breloom|229\/261|[from] Spikes
|move|p2a: Landorus-Therian|Earthquake|p1a: Breloom
|-resisted|p1a: Breloom
|-damage|p1a: Breloom|113\/261
|
|-weather|RainDance|[upkeep]
|-status|p1a: Breloom|tox|[from] item: Toxic Orb
|turn|8
|
|switch|p1a: Swampert|Swampert-Mega, F|341\/341
|-damage|p1a: Swampert|299\/341|[from] Spikes
|move|p2a: Landorus-Therian|Earthquake|p1a: Swampert
|-damage|p1a: Swampert|106\/341
|
|-weather|RainDance|[upkeep]
|turn|9
|
|switch|p2a: Slowbro|Slowbro, M|393\/393
|-damage|p2a: Slowbro|344\/393|[from] Stealth Rock
|-damage|p2a: Slowbro|295\/393|[from] Spikes
|move|p1a: Swampert|Waterfall|p2a: Slowbro
|-resisted|p2a: Slowbro
|-damage|p2a: Slowbro|194\/393
|
|-weather|RainDance|[upkeep]
|turn|10
|
|switch|p1a: Breloom|Breloom, F|113\/261 tox
|-damage|p1a: Breloom|81\/261 tox|[from] Spikes
|switch|p2a: Skarmory|Skarmory, F|334\/334
|-damage|p2a: Skarmory|293\/334|[from] Stealth Rock
|
|-weather|none
|-heal|p1a: Breloom|113\/261 tox|[from] ability: Poison Heal
|turn|11
|
|switch|p2a: Latios|Latios, M|180\/301 tox
|-damage|p2a: Latios|143\/301 tox|[from] Stealth Rock
|move|p1a: Breloom|Swords Dance|p1a: Breloom
|-boost|p1a: Breloom|atk|2
|
|-damage|p2a: Latios|125\/301 tox|[from] psn
|-heal|p1a: Breloom|145\/261 tox|[from] ability: Poison Heal
|turn|12
|
|switch|p1a: Klefki|Klefki, F|193\/318
|-damage|p1a: Klefki|154\/318|[from] Spikes
|move|p2a: Latios|Psyshock|p1a: Klefki
|-resisted|p1a: Klefki
|-damage|p1a: Klefki|72\/318
|-damage|p2a: Latios|95\/301 tox|[from] item: Life Orb
|
|-damage|p2a: Latios|59\/301 tox|[from] psn
|turn|13
|
|move|p1a: Klefki|Rain Dance|p1a: Klefki
|-weather|RainDance
|move|p2a: Latios|Psyshock|p1a: Klefki
|-resisted|p1a: Klefki
|-damage|p1a: Klefki|0 fnt
|-damage|p2a: Latios|29\/301 tox|[from] item: Life Orb
|faint|p1a: Klefki
|
|-weather|RainDance|[upkeep]
|-damage|p2a: Latios|0 fnt|[from] psn
|faint|p2a: Latios
|
|switch|p1a: Kingdra|Kingdra, F|291\/291
|switch|p2a: Heatran|Heatran, M|385\/385
|-damage|p1a: Kingdra|255\/291|[from] Spikes
|-damage|p2a: Heatran|337\/385|[from] Spikes
|-damage|p2a: Heatran|289\/385|[from] Stealth Rock
|turn|14
|
|move|p2a: Heatran|Protect|p2a: Heatran
|-singleturn|p2a: Heatran|Protect
|move|p1a: Kingdra|Waterfall|p2a: Heatran
|-activate|p2a: Heatran|Protect
|
|-weather|RainDance|[upkeep]
|-heal|p2a: Heatran|313\/385|[from] item: Leftovers
|turn|15
|
|move|p1a: Kingdra|Hydro Pump|p2a: Heatran
|-supereffective|p2a: Heatran
|-damage|p2a: Heatran|0 fnt
|-damage|p1a: Kingdra|226\/291|[from] item: Life Orb
|faint|p2a: Heatran
|
|-weather|RainDance|[upkeep]
|
|switch|p2a: Keldeo-Resolute|Keldeo-Resolute|323\/323
|-damage|p2a: Keldeo-Resolute|303\/323|[from] Stealth Rock
|-damage|p2a: Keldeo-Resolute|263\/323|[from] Spikes
|turn|16
|
|move|p1a: Kingdra|Draco Meteor|p2a: Keldeo-Resolute
|-damage|p2a: Keldeo-Resolute|0 fnt
|-unboost|p1a: Kingdra|spa|2
|-damage|p1a: Kingdra|197\/291|[from] item: Life Orb
|faint|p2a: Keldeo-Resolute
|
|-weather|RainDance|[upkeep]
|
|switch|p2a: Slowbro|Slowbro, M|325\/393
|-damage|p2a: Slowbro|276\/393|[from] Stealth Rock
|-damage|p2a: Slowbro|227\/393|[from] Spikes
|turn|17
|
|detailschange|p2a: Slowbro|Slowbro-Mega, M
|message|Slowbro has Mega Evolved into Mega Slowbro!
|move|p1a: Kingdra|Draco Meteor|p2a: Slowbro
|-damage|p2a: Slowbro|101\/393
|-unboost|p1a: Kingdra|spa|2
|-damage|p1a: Kingdra|168\/291|[from] item: Life Orb
|move|p2a: Slowbro|Calm Mind|p2a: Slowbro
|-boost|p2a: Slowbro|spa|1
|-boost|p2a: Slowbro|spd|1
|
|-weather|RainDance|[upkeep]
|turn|18
|
|switch|p1a: Politoed|Politoed, M|383\/383
|-damage|p1a: Politoed|336\/383|[from] Spikes
|move|p2a: Slowbro|Rest|p2a: Slowbro
|-status|p2a: Slowbro|slp
|-heal|p2a: Slowbro|393\/393 slp|[silent]
|-status|p2a: Slowbro|slp|[from] move: Rest
|
|-weather|RainDance|[upkeep]
|turn|19
|
|move|p1a: Politoed|Encore|p2a: Slowbro
|-start|p2a: Slowbro|Encore
|cant|p2a: Slowbro|slp
|
|-weather|RainDance|[upkeep]
|turn|20
|
|switch|p1a: Breloom|Breloom, F|145\/261 tox
|-damage|p1a: Breloom|113\/261 tox|[from] Spikes
|switch|p2a: Landorus-Therian|Landorus-Therian, M|280\/319
|-damage|p2a: Landorus-Therian|241\/319|[from] Stealth Rock
|-ability|p2a: Landorus-Therian|Intimidate|[of] p1a: Breloom
|-unboost|p1a: Breloom|atk|1
|
|-weather|none
|-heal|p1a: Breloom|145\/261 tox|[from] ability: Poison Heal
|turn|21
|
|switch|p1a: Politoed|Politoed, M|336\/383
|-damage|p1a: Politoed|289\/383|[from] Spikes
|-weather|RainDance
|move|p2a: Landorus-Therian|U-turn|p1a: Politoed
|-damage|p1a: Politoed|216\/383
|
|switch|p2a: Slowbro|Slowbro-Mega, M|393\/393 slp
|-damage|p2a: Slowbro|344\/393 slp|[from] Stealth Rock
|-damage|p2a: Slowbro|295\/393 slp|[from] Spikes
|
|-weather|RainDance|[upkeep]
|turn|22
|
|switch|p1a: Breloom|Breloom, F|145\/261 tox
|-damage|p1a: Breloom|113\/261 tox|[from] Spikes
|cant|p2a: Slowbro|slp
|move|p2a: Slowbro|Sleep Talk|p2a: Slowbro
|move|p2a: Slowbro|Calm Mind|p2a: Slowbro|[from]Sleep Talk
|-boost|p2a: Slowbro|spa|1
|-boost|p2a: Slowbro|spd|1
|
|-weather|RainDance|[upkeep]
|-heal|p1a: Breloom|145\/261 tox|[from] ability: Poison Heal
|turn|23
|
|move|p1a: Breloom|Seed Bomb|p2a: Slowbro
|-supereffective|p2a: Slowbro
|-damage|p2a: Slowbro|137\/393 slp
|-curestatus|p2a: Slowbro|slp
|move|p2a: Slowbro|Scald|p1a: Breloom
|-resisted|p1a: Breloom
|-damage|p1a: Breloom|0 fnt
|faint|p1a: Breloom
|
|-weather|RainDance|[upkeep]
|
|switch|p1a: Politoed|Politoed, M|216\/383
|-damage|p1a: Politoed|169\/383|[from] Spikes
|turn|24
|
|move|p1a: Politoed|Encore|p2a: Slowbro
|-start|p2a: Slowbro|Encore
|move|p2a: Slowbro|Scald|p1a: Politoed
|-resisted|p1a: Politoed
|-damage|p1a: Politoed|46\/383
|
|-weather|RainDance|[upkeep]
|turn|25
|
|switch|p1a: Swampert|Swampert-Mega, F|106\/341
|-damage|p1a: Swampert|64\/341|[from] Spikes
|move|p2a: Slowbro|Scald|p1a: Swampert
|-damage|p1a: Swampert|0 fnt
|faint|p1a: Swampert
|
|-weather|RainDance|[upkeep]
|
|switch|p1a: Kingdra|Kingdra, F|168\/291
|-damage|p1a: Kingdra|132\/291|[from] Spikes
|turn|26
|
|move|p1a: Kingdra|Draco Meteor|p2a: Slowbro
|-damage|p2a: Slowbro|0 fnt
|-unboost|p1a: Kingdra|spa|2
|-damage|p1a: Kingdra|103\/291|[from] item: Life Orb
|faint|p2a: Slowbro
|
|-weather|RainDance|[upkeep]
|join|yuy
|
|switch|p2a: Skarmory|Skarmory, F|293\/334
|-damage|p2a: Skarmory|252\/334|[from] Stealth Rock
|turn|27
|
|move|p1a: Kingdra|Hydro Pump|p2a: Skarmory
|-damage|p2a: Skarmory|41\/334
|-damage|p1a: Kingdra|74\/291|[from] item: Life Orb
|move|p2a: Skarmory|Spikes|p1a: Kingdra
|-sidestart|p1: DoughBoy|Spikes
|
|-weather|RainDance|[upkeep]
|turn|28
|
|move|p1a: Kingdra|Hydro Pump|p2a: Skarmory
|-damage|p2a: Skarmory|0 fnt
|-damage|p1a: Kingdra|45\/291|[from] item: Life Orb
|faint|p2a: Skarmory
|
|-weather|none
|
|switch|p2a: Landorus-Therian|Landorus-Therian, M|241\/319
|-damage|p2a: Landorus-Therian|202\/319|[from] Stealth Rock
|-ability|p2a: Landorus-Therian|Intimidate|[of] p1a: Kingdra
|-unboost|p1a: Kingdra|atk|1
|turn|29
|c|âKama Sutra|the choke is real
|
|move|p2a: Landorus-Therian|Earthquake|p1a: Kingdra
|-damage|p1a: Kingdra|0 fnt
|faint|p1a: Kingdra
|
|
|switch|p1a: Politoed|Politoed, M|46\/383
|-damage|p1a: Politoed|0 fnt|[from] Spikes
|faint|p1a: Politoed
|
|win|Kama Sutra
|raw|Ladder updating...
|leave|DoughBoy
|player|p1
|raw|DoughBoy's rating: 1846 &rarr; <strong>1819<\/strong><br \/>(-27 for losing)
|raw|Kama Sutra's rating: 1715 &rarr; <strong>1742<\/strong><br \/>(+27 for winning)