|join|Kama Sutra
|join|PokeHD
|player|p1|Kama Sutra|222
|player|p2|PokeHD|101
|gametype|singles
|gen|6
|tier|OU
|rated
|clearpoke
|poke|p1|Beedrill, F
|poke|p1|Magnezone
|poke|p1|Garchomp, F
|poke|p1|Diggersby, F
|poke|p1|Latias, F
|poke|p1|Azumarill, F
|poke|p2|Sableye, F
|poke|p2|Excadrill, M
|poke|p2|Manaphy
|poke|p2|Gliscor, F
|poke|p2|Talonflame, F
|poke|p2|Clefable, F
|rule|Swagger Clause: Swagger is banned
|rule|Baton Pass Clause: Limit one PokÃ©mon knowing Baton Pass
|rule|Sleep Clause Mod: Limit one foe put to sleep
|rule|Species Clause: Limit one of each PokÃ©mon
|rule|OHKO Clause: OHKO moves are banned
|rule|Moody Clause: Moody is banned
|rule|Evasion Moves Clause: Evasion moves are banned
|rule|Endless Battle Clause: Forcing endless battles is banned
|rule|HP Percentage Mod: HP is shown in percentages
|teampreview
|
|start
|switch|p1a: Beedrill|Beedrill, F|271\/271
|switch|p2a: Sableye|Sableye, F|303\/303
|turn|1
|
|detailschange|p2a: Sableye|Sableye-Mega, F
|message|Sableye has Mega Evolved into Mega Sableye!
|move|p1a: Beedrill|Protect|p1a: Beedrill
|-singleturn|p1a: Beedrill|Protect
|move|p2a: Sableye|Will-O-Wisp|p1a: Beedrill
|-activate|p1a: Beedrill|Protect
|
|turn|2
|
|detailschange|p1a: Beedrill|Beedrill-Mega, F
|message|Beedrill has Mega Evolved into Mega Beedrill!
|move|p1a: Beedrill|U-turn|p2a: Sableye
|-damage|p2a: Sableye|141\/303
|
|switch|p1a: Garchomp|Garchomp, F|357\/357
|move|p2a: Sableye|Knock Off|p1a: Garchomp
|-damage|p1a: Garchomp|260\/357
|-damage|p2a: Sableye|104\/303|[from] ability: Rough Skin|[of] p1a: Garchomp
|-enditem|p1a: Garchomp|Lum Berry|[from] move: Knock Off|[of] p2a: Sableye
|
|turn|3
|
|switch|p2a: Gliscor|Gliscor, F|353\/353
|move|p1a: Garchomp|Stealth Rock|p2a: Gliscor
|-sidestart|p2: PokeHD|move: Stealth Rock
|
|-status|p2a: Gliscor|tox|[from] item: Toxic Orb
|turn|4
|
|switch|p1a: Beedrill|Beedrill-Mega, F|271\/271
|move|p2a: Gliscor|U-turn|p1a: Beedrill
|-resisted|p1a: Beedrill
|-damage|p1a: Beedrill|219\/271
|
|switch|p2a: Talonflame|Talonflame, F|345\/345
|-damage|p2a: Talonflame|173\/345|[from] Stealth Rock
|
|-heal|p2a: Talonflame|194\/345|[from] item: Leftovers
|turn|5
|
|move|p2a: Talonflame|Brave Bird|p1a: Beedrill
|-supereffective|p1a: Beedrill
|-damage|p1a: Beedrill|0 fnt
|-damage|p2a: Talonflame|122\/345|[from] recoil|[of] p1a: Beedrill
|faint|p1a: Beedrill
|
|-heal|p2a: Talonflame|143\/345|[from] item: Leftovers
|
|switch|p1a: Azumarill|Azumarill, F|401\/401
|turn|6
|
|switch|p2a: Manaphy|Manaphy|403\/403
|-damage|p2a: Manaphy|353\/403|[from] Stealth Rock
|move|p1a: Azumarill|Waterfall|p2a: Manaphy
|-resisted|p2a: Manaphy
|-damage|p2a: Manaphy|265\/403
|
|-heal|p2a: Manaphy|290\/403|[from] item: Leftovers
|turn|7
|
|move|p2a: Manaphy|Rain Dance|p2a: Manaphy
|-weather|RainDance
|move|p1a: Azumarill|Play Rough|p2a: Manaphy
|-damage|p2a: Manaphy|92\/403
|
|-weather|RainDance|[upkeep]
|-heal|p2a: Manaphy|117\/403|[from] item: Leftovers
|turn|8
|
|move|p2a: Manaphy|Rest|p2a: Manaphy
|-status|p2a: Manaphy|slp
|-heal|p2a: Manaphy|403\/403 slp|[silent]
|-status|p2a: Manaphy|slp|[from] move: Rest
|move|p1a: Azumarill|Play Rough|p2a: Manaphy
|-damage|p2a: Manaphy|220\/403 slp
|
|-weather|RainDance|[upkeep]
|-curestatus|p2a: Manaphy|slp
|-heal|p2a: Manaphy|245\/403|[from] item: Leftovers
|turn|9
|
|move|p2a: Manaphy|Scald|p1a: Azumarill
|-resisted|p1a: Azumarill
|-damage|p1a: Azumarill|345\/401
|-status|p1a: Azumarill|brn
|move|p1a: Azumarill|Play Rough|p2a: Manaphy
|-damage|p2a: Manaphy|146\/403
|
|-weather|RainDance|[upkeep]
|-heal|p2a: Manaphy|171\/403|[from] item: Leftovers
|-damage|p1a: Azumarill|295\/401 brn|[from] brn
|turn|10
|c|âKama Sutra|of course
|
|move|p2a: Manaphy|Rest|p2a: Manaphy
|-status|p2a: Manaphy|slp
|-heal|p2a: Manaphy|403\/403 slp|[silent]
|-status|p2a: Manaphy|slp|[from] move: Rest
|move|p1a: Azumarill|Play Rough|p2a: Manaphy
|-damage|p2a: Manaphy|306\/403 slp
|
|-weather|RainDance|[upkeep]
|-curestatus|p2a: Manaphy|slp
|-heal|p2a: Manaphy|331\/403|[from] item: Leftovers
|-damage|p1a: Azumarill|245\/401 brn|[from] brn
|turn|11
|
|move|p2a: Manaphy|Scald|p1a: Azumarill
|-resisted|p1a: Azumarill
|-damage|p1a: Azumarill|191\/401 brn
|move|p1a: Azumarill|Play Rough|p2a: Manaphy|[miss]
|-miss|p1a: Azumarill|p2a: Manaphy
|
|-weather|none
|-heal|p2a: Manaphy|356\/403|[from] item: Leftovers
|-damage|p1a: Azumarill|141\/401 brn|[from] brn
|turn|12
|
|switch|p1a: Garchomp|Garchomp, F|260\/357
|move|p2a: Manaphy|Rain Dance|p2a: Manaphy
|-weather|RainDance
|
|-weather|RainDance|[upkeep]
|-heal|p2a: Manaphy|381\/403|[from] item: Leftovers
|turn|13
|
|move|p1a: Garchomp|Swords Dance|p1a: Garchomp
|-boost|p1a: Garchomp|atk|2
|move|p2a: Manaphy|Scald|p1a: Garchomp
|-damage|p1a: Garchomp|86\/357
|
|-weather|RainDance|[upkeep]
|-heal|p2a: Manaphy|403\/403|[from] item: Leftovers
|turn|14
|
|switch|p2a: Clefable|Clefable, F|393\/393
|-damage|p2a: Clefable|344\/393|[from] Stealth Rock
|move|p1a: Garchomp|Earthquake|p2a: Clefable
|-damage|p2a: Clefable|173\/393
|
|-weather|RainDance|[upkeep]
|-heal|p2a: Clefable|197\/393|[from] item: Leftovers
|turn|15
|
|switch|p1a: Azumarill|Azumarill, F|141\/401 brn
|move|p2a: Clefable|Moonblast|p1a: Azumarill
|-damage|p1a: Azumarill|53\/401 brn
|
|-weather|RainDance|[upkeep]
|-heal|p2a: Clefable|221\/393|[from] item: Leftovers
|-damage|p1a: Azumarill|3\/401 brn|[from] brn
|turn|16
|
|move|p2a: Clefable|Moonlight|p2a: Clefable
|-heal|p2a: Clefable|319\/393
|move|p1a: Azumarill|Waterfall|p2a: Clefable
|-damage|p2a: Clefable|210\/393
|
|-weather|none
|-heal|p2a: Clefable|234\/393|[from] item: Leftovers
|-damage|p1a: Azumarill|0 fnt|[from] brn
|faint|p1a: Azumarill
|
|switch|p1a: Diggersby|Diggersby, F|309\/309
|turn|17
|
|move|p1a: Diggersby|Frustration|p2a: Clefable
|-damage|p2a: Clefable|38\/393
|move|p2a: Clefable|Moonblast|p1a: Diggersby
|-crit|p1a: Diggersby
|-damage|p1a: Diggersby|110\/309
|
|-heal|p2a: Clefable|62\/393|[from] item: Leftovers
|turn|18
|
|move|p1a: Diggersby|Frustration|p2a: Clefable
|-damage|p2a: Clefable|0 fnt
|faint|p2a: Clefable
|
|
|switch|p2a: Gliscor|Gliscor, F|353\/353 tox
|-damage|p2a: Gliscor|309\/353 tox|[from] Stealth Rock
|turn|19
|
|move|p1a: Diggersby|Swords Dance|p1a: Diggersby
|-boost|p1a: Diggersby|atk|2
|move|p2a: Gliscor|Earthquake|p1a: Diggersby
|-damage|p1a: Diggersby|0 fnt
|faint|p1a: Diggersby
|
|-heal|p2a: Gliscor|353\/353 tox|[from] ability: Poison Heal
|
|switch|p1a: Latias|Latias, F|309\/309
|turn|20
|
|move|p1a: Latias|Psyshock|p2a: Gliscor
|-damage|p2a: Gliscor|259\/353 tox
|-damage|p1a: Latias|279\/309|[from] item: Life Orb
|move|p2a: Gliscor|U-turn|p1a: Latias
|-supereffective|p1a: Latias
|-damage|p1a: Latias|171\/309
|
|switch|p2a: Excadrill|Excadrill, M|424\/424
|-damage|p2a: Excadrill|411\/424|[from] Stealth Rock
|-ability|p2a: Excadrill|Mold Breaker
|
|-heal|p2a: Excadrill|424\/424|[from] item: Leftovers
|turn|21
|
|switch|p1a: Garchomp|Garchomp, F|86\/357
|move|p2a: Excadrill|Toxic|p1a: Garchomp
|-status|p1a: Garchomp|tox
|
|-damage|p1a: Garchomp|64\/357 tox|[from] psn
|turn|22
|
|switch|p2a: Gliscor|Gliscor, F|259\/353 tox
|-damage|p2a: Gliscor|215\/353 tox|[from] Stealth Rock
|move|p1a: Garchomp|Swords Dance|p1a: Garchomp
|-boost|p1a: Garchomp|atk|2
|
|-damage|p1a: Garchomp|20\/357 tox|[from] psn
|-heal|p2a: Gliscor|259\/353 tox|[from] ability: Poison Heal
|turn|23
|
|switch|p2a: Sableye|Sableye-Mega, F|104\/303
|-damage|p2a: Sableye|67\/303|[from] Stealth Rock
|move|p1a: Garchomp|Dragon Claw|p2a: Sableye
|-damage|p2a: Sableye|0 fnt
|faint|p2a: Sableye
|
|-damage|p1a: Garchomp|0 fnt|[from] psn
|faint|p1a: Garchomp
|
|switch|p1a: Magnezone|Magnezone|281\/281
|switch|p2a: Excadrill|Excadrill, M|424\/424
|-damage|p2a: Excadrill|411\/424|[from] Stealth Rock
|-ability|p2a: Excadrill|Mold Breaker
|turn|24
|
|move|p1a: Magnezone|Hidden Power|p2a: Excadrill
|-supereffective|p2a: Excadrill
|-damage|p2a: Excadrill|275\/424
|move|p2a: Excadrill|Earthquake|p1a: Magnezone
|-supereffective|p1a: Magnezone
|-damage|p1a: Magnezone|0 fnt
|faint|p1a: Magnezone
|
|-heal|p2a: Excadrill|301\/424|[from] item: Leftovers
|-message|Kama Sutra forfeited.
|
|win|PokeHD
|raw|Ladder updating...
|leave|Kama Sutra
|player|p1
|raw|Kama Sutra's rating: 1532 &rarr; <strong>1507<\/strong><br \/>(-25 for losing)
|raw|PokeHD's rating: 1443 &rarr; <strong>1468<\/strong><br \/>(+25 for winning)