|join|Kama Sutra
|join|Monster 87
|player|p1|Kama Sutra|222
|player|p2|Monster 87|1
|gametype|singles
|gen|6
|tier|OU
|rated
|clearpoke
|poke|p1|Crawdaunt, F
|poke|p1|Diancie
|poke|p1|Heatran, M
|poke|p1|Greninja, M
|poke|p1|Gengar, M
|poke|p1|Klefki, F
|poke|p2|Scizor, M
|poke|p2|Sceptile, F
|poke|p2|Politoed, M, shiny
|poke|p2|Raikou
|poke|p2|Kabutops, M
|poke|p2|Terrakion
|rule|Swagger Clause: Swagger is banned
|rule|Baton Pass Clause: Limit one PokÃ©mon knowing Baton Pass
|rule|Sleep Clause Mod: Limit one foe put to sleep
|rule|Species Clause: Limit one of each PokÃ©mon
|rule|OHKO Clause: OHKO moves are banned
|rule|Moody Clause: Moody is banned
|rule|Evasion Moves Clause: Evasion moves are banned
|rule|Endless Battle Clause: Forcing endless battles is banned
|rule|HP Percentage Mod: HP is shown in percentages
|teampreview
|
|start
|switch|p1a: Crawdaunt|Crawdaunt, F|267\/267
|switch|p2a: Sage Mode|Sceptile, F|299\/299
|turn|1
|
|switch|p1a: Heatran|Heatran, M|385\/385
|detailschange|p2a: Sage Mode|Sceptile-Mega, F
|message|Sceptile has Mega Evolved into Mega Sceptile!
|move|p2a: Sage Mode|Focus Blast|p1a: Heatran
|-supereffective|p1a: Heatran
|-damage|p1a: Heatran|175\/385
|
|-heal|p1a: Heatran|199\/385|[from] item: Leftovers
|turn|2
|
|switch|p1a: Gengar|Gengar, M|261\/261
|move|p2a: Sage Mode|Substitute|p2a: Sage Mode
|-start|p2a: Sage Mode|Substitute
|-damage|p2a: Sage Mode|225\/299
|
|turn|3
|
|move|p2a: Sage Mode|Dragon Pulse|p1a: Gengar
|-damage|p1a: Gengar|48\/261
|move|p1a: Gengar|Shadow Ball|p2a: Sage Mode
|-crit|p2a: Sage Mode
|-end|p2a: Sage Mode|Substitute
|
|-heal|p1a: Gengar|64\/261|[from] item: Black Sludge
|turn|4
|
|switch|p1a: Heatran|Heatran, M|199\/385
|move|p2a: Sage Mode|Focus Blast|p1a: Heatran|[miss]
|-miss|p2a: Sage Mode|p1a: Heatran
|
|-heal|p1a: Heatran|223\/385|[from] item: Leftovers
|turn|5
|
|move|p2a: Sage Mode|Focus Blast|p1a: Heatran|[miss]
|-miss|p2a: Sage Mode|p1a: Heatran
|move|p1a: Heatran|Stealth Rock|p2a: Sage Mode
|-sidestart|p2: Monster 87|move: Stealth Rock
|
|-heal|p1a: Heatran|247\/385|[from] item: Leftovers
|turn|6
|
|move|p2a: Sage Mode|Substitute|p2a: Sage Mode
|-start|p2a: Sage Mode|Substitute
|-damage|p2a: Sage Mode|151\/299
|move|p1a: Heatran|Toxic|p2a: Sage Mode
|
|-heal|p1a: Heatran|271\/385|[from] item: Leftovers
|turn|7
|
|move|p2a: Sage Mode|Focus Blast|p1a: Heatran
|-supereffective|p1a: Heatran
|-damage|p1a: Heatran|53\/385
|move|p1a: Heatran|Lava Plume|p2a: Sage Mode
|-end|p2a: Sage Mode|Substitute
|
|-heal|p1a: Heatran|77\/385|[from] item: Leftovers
|turn|8
|
|move|p2a: Sage Mode|Focus Blast|p1a: Heatran
|-supereffective|p1a: Heatran
|-damage|p1a: Heatran|0 fnt
|faint|p1a: Heatran
|
|
|switch|p1a: Klefki|Klefki, F|318\/318
|turn|9
|
|switch|p2a: ThePussyLeakin|Politoed, M, shiny|383\/383
|-damage|p2a: ThePussyLeakin|336\/383|[from] Stealth Rock
|-weather|RainDance
|move|p1a: Klefki|Toxic|p2a: ThePussyLeakin
|-status|p2a: ThePussyLeakin|tox
|
|-weather|RainDance|[upkeep]
|-damage|p2a: ThePussyLeakin|313\/383 tox|[from] psn
|turn|10
|
|switch|p1a: Greninja|Greninja, M|285\/285
|move|p2a: ThePussyLeakin|Scald|p1a: Greninja
|-resisted|p1a: Greninja
|-damage|p1a: Greninja|198\/285
|
|-weather|RainDance|[upkeep]
|-damage|p2a: ThePussyLeakin|267\/383 tox|[from] psn
|turn|11
|
|move|p1a: Greninja|Low Kick|p2a: ThePussyLeakin
|-start|p1a: Greninja|typechange|Fighting|[from] Protean
|-damage|p2a: ThePussyLeakin|177\/383 tox
|-damage|p1a: Greninja|170\/285|[from] item: Life Orb
|move|p2a: ThePussyLeakin|Rest|p2a: ThePussyLeakin
|-status|p2a: ThePussyLeakin|slp
|-heal|p2a: ThePussyLeakin|383\/383 slp|[silent]
|-status|p2a: ThePussyLeakin|slp|[from] move: Rest
|
|-weather|RainDance|[upkeep]
|turn|12
|
|move|p1a: Greninja|Gunk Shot|p2a: ThePussyLeakin
|-start|p1a: Greninja|typechange|Poison|[from] Protean
|-damage|p2a: ThePussyLeakin|195\/383 slp
|-damage|p1a: Greninja|142\/285|[from] item: Life Orb
|cant|p2a: ThePussyLeakin|slp
|
|-weather|RainDance|[upkeep]
|turn|13
|
|switch|p2a: Suwoo Gang|Scizor, M|343\/343
|-damage|p2a: Suwoo Gang|301\/343|[from] Stealth Rock
|move|p1a: Greninja|Hidden Power|p2a: Suwoo Gang
|-start|p1a: Greninja|typechange|Fire|[from] Protean
|-supereffective|p2a: Suwoo Gang
|-damage|p2a: Suwoo Gang|77\/343
|-damage|p1a: Greninja|114\/285|[from] item: Life Orb
|
|-weather|RainDance|[upkeep]
|turn|14
|
|switch|p1a: Gengar|Gengar, M|64\/261
|move|p2a: Suwoo Gang|Bullet Punch|p1a: Gengar
|-damage|p1a: Gengar|0 fnt
|faint|p1a: Gengar
|
|-weather|RainDance|[upkeep]
|
|switch|p1a: Crawdaunt|Crawdaunt, F|267\/267
|turn|15
|
|switch|p2a: HURP|Terrakion|323\/323
|-damage|p2a: HURP|303\/323|[from] Stealth Rock
|move|p1a: Crawdaunt|Aqua Jet|p2a: HURP
|-supereffective|p2a: HURP
|-damage|p2a: HURP|0 fnt
|-damage|p1a: Crawdaunt|241\/267|[from] item: Life Orb
|faint|p2a: HURP
|
|-weather|RainDance|[upkeep]
|
|switch|p2a: Edward|Kabutops, M|261\/261
|-damage|p2a: Edward|229\/261|[from] Stealth Rock
|turn|16
|
|move|p1a: Crawdaunt|Aqua Jet|p2a: Edward
|-damage|p2a: Edward|47\/261
|-damage|p1a: Crawdaunt|215\/267|[from] item: Life Orb
|move|p2a: Edward|Rapid Spin|p1a: Crawdaunt
|-damage|p1a: Crawdaunt|181\/267
|-sideend|p2: Monster 87|Stealth Rock|[from] move: Rapid Spin|[of] p2a: Edward
|-damage|p2a: Edward|21\/261|[from] item: Life Orb
|
|-weather|none
|turn|17
|
|move|p1a: Crawdaunt|Aqua Jet|p2a: Edward
|-damage|p2a: Edward|0 fnt
|-damage|p1a: Crawdaunt|155\/267|[from] item: Life Orb
|faint|p2a: Edward
|
|
|switch|p2a: Raikou|Raikou|321\/321
|-ability|p2a: Raikou|Pressure
|turn|18
|
|switch|p1a: Klefki|Klefki, F|318\/318
|move|p2a: Raikou|Volt Switch|p1a: Klefki
|-damage|p1a: Klefki|189\/318
|
|switch|p2a: ThePussyLeakin|Politoed, M, shiny|195\/383 slp
|-weather|RainDance
|
|-weather|RainDance|[upkeep]
|-heal|p1a: Klefki|208\/318|[from] item: Leftovers
|turn|19
|
|switch|p2a: Raikou|Raikou|321\/321
|-ability|p2a: Raikou|Pressure
|move|p1a: Klefki|Spikes|p2a: Raikou
|-sidestart|p2: Monster 87|Spikes
|
|-weather|RainDance|[upkeep]
|-heal|p1a: Klefki|227\/318|[from] item: Leftovers
|turn|20
|
|move|p1a: Klefki|Spikes|p2a: Raikou
|-sidestart|p2: Monster 87|Spikes
|move|p2a: Raikou|Thunder|p1a: Klefki
|-damage|p1a: Klefki|32\/318
|
|-weather|RainDance|[upkeep]
|-heal|p1a: Klefki|51\/318|[from] item: Leftovers
|turn|21
|
|move|p1a: Klefki|Spikes|p2a: Raikou
|-sidestart|p2: Monster 87|Spikes
|move|p2a: Raikou|Thunder|p1a: Klefki
|-damage|p1a: Klefki|0 fnt
|faint|p1a: Klefki
|
|-weather|RainDance|[upkeep]
|
|switch|p1a: Greninja|Greninja, M|114\/285
|turn|22
|
|move|p1a: Greninja|Gunk Shot|p2a: Raikou
|-start|p1a: Greninja|typechange|Poison|[from] Protean
|-damage|p2a: Raikou|62\/321
|-status|p2a: Raikou|psn
|-damage|p1a: Greninja|86\/285|[from] item: Life Orb
|move|p2a: Raikou|Thunder|p1a: Greninja
|-damage|p1a: Greninja|0 fnt
|faint|p1a: Greninja
|
|-weather|RainDance|[upkeep]
|-damage|p2a: Raikou|22\/321 psn|[from] psn
|
|switch|p1a: Crawdaunt|Crawdaunt, F|155\/267
|turn|23
|
|move|p1a: Crawdaunt|Aqua Jet|p2a: Raikou
|-damage|p2a: Raikou|0 fnt
|-damage|p1a: Crawdaunt|129\/267|[from] item: Life Orb
|faint|p2a: Raikou
|
|-weather|RainDance|[upkeep]
|
|switch|p2a: Sage Mode|Sceptile-Mega, F|151\/299
|-damage|p2a: Sage Mode|77\/299|[from] Spikes
|turn|24
|
|move|p1a: Crawdaunt|Aqua Jet|p2a: Sage Mode
|-resisted|p2a: Sage Mode
|-damage|p2a: Sage Mode|16\/299
|-damage|p1a: Crawdaunt|103\/267|[from] item: Life Orb
|move|p2a: Sage Mode|Dragon Pulse|p1a: Crawdaunt
|-damage|p1a: Crawdaunt|0 fnt
|faint|p1a: Crawdaunt
|
|-weather|RainDance|[upkeep]
|
|switch|p1a: Diancie|Diancie|241\/241
|turn|25
|
|move|p2a: Sage Mode|Leaf Storm|p1a: Diancie
|-supereffective|p1a: Diancie
|-damage|p1a: Diancie|0 fnt
|-unboost|p2a: Sage Mode|spa|2
|faint|p1a: Diancie
|
|win|Monster 87
|raw|Ladder updating...
|c|âKama Sutra|gg