|join|lil manaphy
|join|Kama Sutra
|player|p1|lil manaphy|9
|player|p2|Kama Sutra|78
|gametype|singles
|gen|6
|tier|OU
|rated
|clearpoke
|poke|p1|Lopunny, M
|poke|p1|Rotom-Wash
|poke|p1|Gothitelle, M
|poke|p1|Celebi
|poke|p1|Heatran, M
|poke|p1|Mandibuzz, F
|poke|p2|Slowbro, M
|poke|p2|Tyranitar, M
|poke|p2|Landorus-Therian, M
|poke|p2|Jirachi
|poke|p2|Clefable, M
|poke|p2|Keldeo-Resolute
|rule|Swagger Clause: Swagger is banned
|rule|Baton Pass Clause: Limit one PokÃ©mon knowing Baton Pass
|rule|Sleep Clause Mod: Limit one foe put to sleep
|rule|Species Clause: Limit one of each PokÃ©mon
|rule|OHKO Clause: OHKO moves are banned
|rule|Moody Clause: Moody is banned
|rule|Evasion Moves Clause: Evasion moves are banned
|rule|Endless Battle Clause: Forcing endless battles is banned
|rule|HP Percentage Mod: HP is shown in percentages
|teampreview
|
|start
|switch|p1a: Rotom-Wash|Rotom-Wash|303\/303
|switch|p2a: Landorus-Therian|Landorus-Therian, M|319\/319
|-ability|p2a: Landorus-Therian|Intimidate|[of] p1a: Rotom-Wash
|-unboost|p1a: Rotom-Wash|atk|1
|turn|1
|
|move|p2a: Landorus-Therian|U-turn|p1a: Rotom-Wash
|-damage|p1a: Rotom-Wash|233\/303
|
|switch|p2a: Jirachi|Jirachi|404\/404
|move|p1a: Rotom-Wash|Will-O-Wisp|p2a: Jirachi
|-status|p2a: Jirachi|brn
|
|-heal|p1a: Rotom-Wash|251\/303|[from] item: Leftovers
|-damage|p2a: Jirachi|354\/404 brn|[from] brn
|turn|2
|
|move|p2a: Jirachi|Stealth Rock|p1a: Rotom-Wash
|-sidestart|p1: lil manaphy|move: Stealth Rock
|move|p1a: Rotom-Wash|Volt Switch|p2a: Jirachi
|-damage|p2a: Jirachi|281\/404 brn
|
|switch|p1a: Mandibuzz|Mandibuzz, F|423\/423
|-damage|p1a: Mandibuzz|318\/423|[from] Stealth Rock
|
|-heal|p2a: Jirachi|306\/404 brn|[from] item: Leftovers
|-damage|p2a: Jirachi|256\/404 brn|[from] brn
|turn|3
|
|move|p2a: Jirachi|U-turn|p1a: Mandibuzz
|-damage|p1a: Mandibuzz|297\/423
|-damage|p2a: Jirachi|189\/404 brn|[from] item: Rocky Helmet|[of] p1a: Mandibuzz
|
|switch|p2a: Keldeo-Resolute|Keldeo-Resolute|323\/323
|move|p1a: Mandibuzz|Defog|p2a: Keldeo-Resolute
|-unboost|p2a: Keldeo-Resolute|evasion|1
|-sideend|p1: lil manaphy|Stealth Rock|[from] move: Defog|[of] p1a: Mandibuzz
|
|turn|4
|
|switch|p2a: Clefable|Clefable, M|394\/394
|switch|p1a: Celebi|Celebi|403\/403
|
|turn|5
|
|move|p1a: Celebi|Baton Pass|p1a: Celebi
|
|switch|p1a: Gothitelle|Gothitelle, M|301\/301
|move|p2a: Clefable|Heal Bell|p2a: Clefable
|-cureteam|p2a: Clefable|[from] move: HealBell
|
|turn|6
|
|move|p2a: Clefable|Protect|p2a: Clefable
|-singleturn|p2a: Clefable|Protect
|move|p1a: Gothitelle|Trick|p2a: Clefable
|-activate|p2a: Clefable|Protect
|
|turn|7
|
|move|p1a: Gothitelle|Trick|p2a: Clefable
|-activate|p1a: Gothitelle|move: Trick|[of] p2a: Clefable
|-item|p2a: Clefable|Choice Scarf|[from] move: Trick
|-item|p1a: Gothitelle|Leftovers|[from] move: Trick
|move|p2a: Clefable|Moonblast|p1a: Gothitelle
|-damage|p1a: Gothitelle|196\/301
|-unboost|p1a: Gothitelle|spa|1
|
|-heal|p1a: Gothitelle|214\/301|[from] item: Leftovers
|turn|8
|
|switch|p1a: Heatran|Heatran, M|386\/386
|move|p2a: Clefable|Moonblast|p1a: Heatran
|-resisted|p1a: Heatran
|-damage|p1a: Heatran|368\/386
|
|-heal|p1a: Heatran|386\/386|[from] item: Leftovers
|turn|9
|
|switch|p2a: Keldeo-Resolute|Keldeo-Resolute|323\/323
|move|p1a: Heatran|Stealth Rock|p2a: Keldeo-Resolute
|-sidestart|p2: Kama Sutra|move: Stealth Rock
|
|turn|10
|
|switch|p2a: Jirachi|Jirachi|189\/404
|-damage|p2a: Jirachi|164\/404|[from] Stealth Rock
|move|p1a: Heatran|Protect|p1a: Heatran
|-fail|p1a: Heatran
|
|-heal|p2a: Jirachi|189\/404|[from] item: Leftovers
|turn|11
|
|move|p2a: Jirachi|U-turn|p1a: Heatran
|-crit|p1a: Heatran
|-resisted|p1a: Heatran
|-damage|p1a: Heatran|365\/386
|
|switch|p2a: Slowbro|Slowbro, M|394\/394
|-damage|p2a: Slowbro|345\/394|[from] Stealth Rock
|move|p1a: Heatran|Lava Plume|p2a: Slowbro
|-resisted|p2a: Slowbro
|-damage|p2a: Slowbro|276\/394
|-status|p2a: Slowbro|brn
|
|-heal|p1a: Heatran|386\/386|[from] item: Leftovers
|-damage|p2a: Slowbro|227\/394 brn|[from] brn
|turn|12
|
|switch|p1a: Rotom-Wash|Rotom-Wash|251\/303
|switch|p2a: Jirachi|Jirachi|189\/404
|-damage|p2a: Jirachi|164\/404|[from] Stealth Rock
|
|-heal|p2a: Jirachi|189\/404|[from] item: Leftovers
|-heal|p1a: Rotom-Wash|269\/303|[from] item: Leftovers
|turn|13
|
|move|p2a: Jirachi|Stealth Rock|p1a: Rotom-Wash
|-sidestart|p1: lil manaphy|move: Stealth Rock
|move|p1a: Rotom-Wash|Will-O-Wisp|p2a: Jirachi|[miss]
|-miss|p1a: Rotom-Wash|p2a: Jirachi
|
|-heal|p2a: Jirachi|214\/404|[from] item: Leftovers
|-heal|p1a: Rotom-Wash|287\/303|[from] item: Leftovers
|turn|14
|
|move|p2a: Jirachi|U-turn|p1a: Rotom-Wash
|-damage|p1a: Rotom-Wash|247\/303
|
|switch|p2a: Clefable|Clefable, M|394\/394
|-damage|p2a: Clefable|345\/394|[from] Stealth Rock
|move|p1a: Rotom-Wash|Volt Switch|p2a: Clefable
|-damage|p2a: Clefable|243\/394
|
|switch|p1a: Lopunny|Lopunny, M|271\/271
|-damage|p1a: Lopunny|238\/271|[from] Stealth Rock
|
|turn|15
|
|detailschange|p1a: Lopunny|Lopunny-Mega, M
|-mega|p1a: Lopunny|Lopunny|Lopunnite
|move|p1a: Lopunny|Fake Out|p2a: Clefable
|-damage|p2a: Clefable|182\/394
|cant|p2a: Clefable|flinch
|
|turn|16
|
|switch|p1a: Gothitelle|Gothitelle, M|214\/301
|-damage|p1a: Gothitelle|177\/301|[from] Stealth Rock
|move|p2a: Clefable|Moonblast|p1a: Gothitelle
|-damage|p1a: Gothitelle|74\/301
|-unboost|p1a: Gothitelle|spa|1
|
|-heal|p1a: Gothitelle|92\/301|[from] item: Leftovers
|turn|17
|
|move|p1a: Gothitelle|Rest|p1a: Gothitelle
|-status|p1a: Gothitelle|slp
|-heal|p1a: Gothitelle|301\/301 slp|[silent]
|-status|p1a: Gothitelle|slp|[from] move: Rest
|move|p2a: Clefable|Moonblast|p1a: Gothitelle
|-damage|p1a: Gothitelle|202\/301 slp
|
|-heal|p1a: Gothitelle|220\/301 slp|[from] item: Leftovers
|turn|18
|
|switch|p1a: Heatran|Heatran, M|386\/386
|-damage|p1a: Heatran|338\/386|[from] Stealth Rock
|move|p2a: Clefable|Moonblast|p1a: Heatran
|-crit|p1a: Heatran
|-resisted|p1a: Heatran
|-damage|p1a: Heatran|310\/386
|
|-heal|p1a: Heatran|334\/386|[from] item: Leftovers
|turn|19
|
|switch|p2a: Slowbro|Slowbro, M|358\/394 brn
|-damage|p2a: Slowbro|309\/394 brn|[from] Stealth Rock
|move|p1a: Heatran|Lava Plume|p2a: Slowbro
|-resisted|p2a: Slowbro
|-damage|p2a: Slowbro|244\/394 brn
|
|-heal|p1a: Heatran|358\/386|[from] item: Leftovers
|-damage|p2a: Slowbro|195\/394 brn|[from] brn
|turn|20
|
|move|p1a: Heatran|Lava Plume|p2a: Slowbro
|-resisted|p2a: Slowbro
|-damage|p2a: Slowbro|129\/394 brn
|move|p2a: Slowbro|Slack Off|p2a: Slowbro
|-heal|p2a: Slowbro|326\/394 brn
|
|-heal|p1a: Heatran|382\/386|[from] item: Leftovers
|-damage|p2a: Slowbro|277\/394 brn|[from] brn
|turn|21
|
|switch|p1a: Celebi|Celebi|403\/403
|-damage|p1a: Celebi|353\/403|[from] Stealth Rock
|move|p2a: Slowbro|Scald|p1a: Celebi
|-crit|p1a: Celebi
|-resisted|p1a: Celebi
|-damage|p1a: Celebi|301\/403
|
|-heal|p1a: Celebi|326\/403|[from] item: Leftovers
|-damage|p2a: Slowbro|228\/394 brn|[from] brn
|turn|22
|
|move|p1a: Celebi|Baton Pass|p1a: Celebi
|
|switch|p1a: Gothitelle|Gothitelle, M|220\/301 slp
|-damage|p1a: Gothitelle|183\/301 slp|[from] Stealth Rock
|move|p2a: Slowbro|Slack Off|p2a: Slowbro
|-heal|p2a: Slowbro|394\/394 brn
|
|-heal|p1a: Gothitelle|201\/301 slp|[from] item: Leftovers
|-damage|p2a: Slowbro|345\/394 brn|[from] brn
|turn|23
|
|cant|p1a: Gothitelle|slp
|move|p2a: Slowbro|Calm Mind|p2a: Slowbro
|-boost|p2a: Slowbro|spa|1
|-boost|p2a: Slowbro|spd|1
|
|-heal|p1a: Gothitelle|219\/301 slp|[from] item: Leftovers
|-damage|p2a: Slowbro|296\/394 brn|[from] brn
|turn|24
|
|switch|p1a: Celebi|Celebi|326\/403
|-damage|p1a: Celebi|276\/403|[from] Stealth Rock
|move|p2a: Slowbro|Scald|p1a: Celebi
|-resisted|p1a: Celebi
|-damage|p1a: Celebi|225\/403
|-status|p1a: Celebi|brn
|
|-heal|p1a: Celebi|250\/403 brn|[from] item: Leftovers
|-damage|p1a: Celebi|200\/403 brn|[from] brn
|-damage|p2a: Slowbro|247\/394 brn|[from] brn
|turn|25
|
|switch|p2a: Jirachi|Jirachi|214\/404
|-damage|p2a: Jirachi|189\/404|[from] Stealth Rock
|move|p1a: Celebi|Recover|p1a: Celebi
|-heal|p1a: Celebi|402\/403 brn
|
|-heal|p2a: Jirachi|214\/404|[from] item: Leftovers
|-heal|p1a: Celebi|403\/403 brn|[from] item: Leftovers
|-damage|p1a: Celebi|353\/403 brn|[from] brn
|turn|26
|
|switch|p1a: Heatran|Heatran, M|382\/386
|-damage|p1a: Heatran|334\/386|[from] Stealth Rock
|move|p2a: Jirachi|U-turn|p1a: Heatran
|-resisted|p1a: Heatran
|-damage|p1a: Heatran|321\/386
|
|switch|p2a: Landorus-Therian|Landorus-Therian, M|319\/319
|-damage|p2a: Landorus-Therian|280\/319|[from] Stealth Rock
|-ability|p2a: Landorus-Therian|Intimidate|[of] p1a: Heatran
|-unboost|p1a: Heatran|atk|1
|
|-heal|p1a: Heatran|345\/386|[from] item: Leftovers
|turn|27
|
|move|p1a: Heatran|Protect|p1a: Heatran
|-singleturn|p1a: Heatran|Protect
|move|p2a: Landorus-Therian|Knock Off|p1a: Heatran
|-activate|p1a: Heatran|Protect
|
|-heal|p1a: Heatran|369\/386|[from] item: Leftovers
|turn|28
|
|switch|p2a: Slowbro|Slowbro, M|378\/394 brn
|-damage|p2a: Slowbro|329\/394 brn|[from] Stealth Rock
|move|p1a: Heatran|Lava Plume|p2a: Slowbro
|-resisted|p2a: Slowbro
|-damage|p2a: Slowbro|257\/394 brn
|
|-heal|p1a: Heatran|386\/386|[from] item: Leftovers
|-damage|p2a: Slowbro|208\/394 brn|[from] brn
|turn|29
|
|switch|p1a: Rotom-Wash|Rotom-Wash|247\/303
|-damage|p1a: Rotom-Wash|210\/303|[from] Stealth Rock
|move|p2a: Slowbro|Slack Off|p2a: Slowbro
|-heal|p2a: Slowbro|394\/394 brn
|
|-heal|p1a: Rotom-Wash|228\/303|[from] item: Leftovers
|-damage|p2a: Slowbro|345\/394 brn|[from] brn
|turn|30
|
|switch|p2a: Clefable|Clefable, M|182\/394
|-damage|p2a: Clefable|133\/394|[from] Stealth Rock
|move|p1a: Rotom-Wash|Hydro Pump|p2a: Clefable
|-damage|p2a: Clefable|0 fnt
|faint|p2a: Clefable
|
|-heal|p1a: Rotom-Wash|246\/303|[from] item: Leftovers
|
|switch|p2a: Keldeo-Resolute|Keldeo-Resolute|323\/323
|-damage|p2a: Keldeo-Resolute|303\/323|[from] Stealth Rock
|turn|31
|
|switch|p1a: Celebi|Celebi|353\/403
|-damage|p1a: Celebi|303\/403|[from] Stealth Rock
|move|p2a: Keldeo-Resolute|Secret Sword|p1a: Celebi
|-resisted|p1a: Celebi
|-damage|p1a: Celebi|232\/403
|
|-heal|p2a: Keldeo-Resolute|323\/323|[from] item: Leftovers
|-heal|p1a: Celebi|257\/403|[from] item: Leftovers
|turn|32
|
|move|p2a: Keldeo-Resolute|Calm Mind|p2a: Keldeo-Resolute
|-boost|p2a: Keldeo-Resolute|spa|1
|-boost|p2a: Keldeo-Resolute|spd|1
|move|p1a: Celebi|Recover|p1a: Celebi
|-heal|p1a: Celebi|403\/403
|
|turn|33
|
|move|p2a: Keldeo-Resolute|Calm Mind|p2a: Keldeo-Resolute
|-boost|p2a: Keldeo-Resolute|spa|1
|-boost|p2a: Keldeo-Resolute|spd|1
|move|p1a: Celebi|Perish Song|p1a: Celebi
|-fieldactivate|move: Perish Song
|
|-start|p2a: Keldeo-Resolute|perish3
|-start|p1a: Celebi|perish3
|turn|34
|
|move|p2a: Keldeo-Resolute|Secret Sword|p1a: Celebi
|-resisted|p1a: Celebi
|-damage|p1a: Celebi|247\/403
|move|p1a: Celebi|Recover|p1a: Celebi
|-heal|p1a: Celebi|403\/403
|
|-start|p2a: Keldeo-Resolute|perish2
|-start|p1a: Celebi|perish2
|turn|35
|
|move|p2a: Keldeo-Resolute|Secret Sword|p1a: Celebi
|-resisted|p1a: Celebi
|-damage|p1a: Celebi|255\/403
|move|p1a: Celebi|Recover|p1a: Celebi
|-heal|p1a: Celebi|403\/403
|
|-start|p2a: Keldeo-Resolute|perish1
|-start|p1a: Celebi|perish1
|turn|36
|
|switch|p2a: Landorus-Therian|Landorus-Therian, M|280\/319
|-damage|p2a: Landorus-Therian|241\/319|[from] Stealth Rock
|-ability|p2a: Landorus-Therian|Intimidate|[of] p1a: Celebi
|-unboost|p1a: Celebi|atk|1
|switch|p1a: Gothitelle|Gothitelle, M|219\/301 slp
|-damage|p1a: Gothitelle|182\/301 slp|[from] Stealth Rock
|
|-heal|p1a: Gothitelle|200\/301 slp|[from] item: Leftovers
|turn|37
|
|move|p2a: Landorus-Therian|Knock Off|p1a: Gothitelle
|-supereffective|p1a: Gothitelle
|-damage|p1a: Gothitelle|0 fnt
|-enditem|p1a: Gothitelle|Leftovers|[from] move: Knock Off|[of] p2a: Landorus-Therian
|faint|p1a: Gothitelle
|
|
|switch|p1a: Lopunny|Lopunny-Mega, M|238\/271
|-damage|p1a: Lopunny|222\/271|[from] Stealth Rock
|turn|38
|
|switch|p2a: Slowbro|Slowbro, M|394\/394 brn
|-damage|p2a: Slowbro|345\/394 brn|[from] Stealth Rock
|move|p1a: Lopunny|Power-Up Punch|p2a: Slowbro
|-resisted|p2a: Slowbro
|-damage|p2a: Slowbro|320\/394 brn
|-boost|p1a: Lopunny|atk|1
|
|-damage|p2a: Slowbro|271\/394 brn|[from] brn
|turn|39
|
|detailschange|p2a: Slowbro|Slowbro-Mega, M
|-mega|p2a: Slowbro|Slowbro|Slowbronite
|move|p1a: Lopunny|Return|p2a: Slowbro
|-damage|p2a: Slowbro|139\/394 brn
|move|p2a: Slowbro|Slack Off|p2a: Slowbro
|-heal|p2a: Slowbro|336\/394 brn
|
|-damage|p2a: Slowbro|287\/394 brn|[from] brn
|turn|40
|
|switch|p1a: Celebi|Celebi|403\/403
|-damage|p1a: Celebi|353\/403|[from] Stealth Rock
|move|p2a: Slowbro|Psyshock|p1a: Celebi
|-resisted|p1a: Celebi
|-damage|p1a: Celebi|296\/403
|
|-heal|p1a: Celebi|321\/403|[from] item: Leftovers
|-damage|p2a: Slowbro|238\/394 brn|[from] brn
|turn|41
|
|move|p1a: Celebi|Baton Pass|p1a: Celebi
|
|switch|p1a: Rotom-Wash|Rotom-Wash|246\/303
|-damage|p1a: Rotom-Wash|209\/303|[from] Stealth Rock
|move|p2a: Slowbro|Slack Off|p2a: Slowbro
|-heal|p2a: Slowbro|394\/394 brn
|
|-heal|p1a: Rotom-Wash|227\/303|[from] item: Leftovers
|-damage|p2a: Slowbro|345\/394 brn|[from] brn
|turn|42
|
|move|p1a: Rotom-Wash|Volt Switch|p2a: Slowbro
|-supereffective|p2a: Slowbro
|-damage|p2a: Slowbro|151\/394 brn
|
|switch|p1a: Celebi|Celebi|321\/403
|-damage|p1a: Celebi|271\/403|[from] Stealth Rock
|move|p2a: Slowbro|Slack Off|p2a: Slowbro
|-heal|p2a: Slowbro|348\/394 brn
|
|-heal|p1a: Celebi|296\/403|[from] item: Leftovers
|-damage|p2a: Slowbro|299\/394 brn|[from] brn
|turn|43
|
|switch|p2a: Jirachi|Jirachi|214\/404
|-damage|p2a: Jirachi|189\/404|[from] Stealth Rock
|move|p1a: Celebi|Baton Pass|p1a: Celebi
|
|switch|p1a: Rotom-Wash|Rotom-Wash|227\/303
|-damage|p1a: Rotom-Wash|190\/303|[from] Stealth Rock
|
|-heal|p2a: Jirachi|214\/404|[from] item: Leftovers
|-heal|p1a: Rotom-Wash|208\/303|[from] item: Leftovers
|turn|44
|
|move|p2a: Jirachi|U-turn|p1a: Rotom-Wash
|-damage|p1a: Rotom-Wash|168\/303
|
|switch|p2a: Tyranitar|Tyranitar, M|341\/341
|-damage|p2a: Tyranitar|299\/341|[from] Stealth Rock
|-weather|Sandstorm
|move|p1a: Rotom-Wash|Will-O-Wisp|p2a: Tyranitar
|-status|p2a: Tyranitar|brn
|
|-weather|Sandstorm|[upkeep]
|-damage|p1a: Rotom-Wash|150\/303|[from] Sandstorm
|-heal|p1a: Rotom-Wash|168\/303|[from] item: Leftovers
|-damage|p2a: Tyranitar|257\/341 brn|[from] brn
|turn|45
|
|move|p2a: Tyranitar|Stone Edge|p1a: Rotom-Wash|[miss]
|-miss|p2a: Tyranitar|p1a: Rotom-Wash
|move|p1a: Rotom-Wash|Hydro Pump|p2a: Tyranitar
|-supereffective|p2a: Tyranitar
|-damage|p2a: Tyranitar|47\/341 brn
|
|-weather|Sandstorm|[upkeep]
|-damage|p1a: Rotom-Wash|150\/303|[from] Sandstorm
|-heal|p1a: Rotom-Wash|168\/303|[from] item: Leftovers
|-damage|p2a: Tyranitar|5\/341 brn|[from] brn
|turn|46
|
|switch|p1a: Lopunny|Lopunny-Mega, M|222\/271
|-damage|p1a: Lopunny|206\/271|[from] Stealth Rock
|move|p2a: Tyranitar|Stone Edge|p1a: Lopunny
|-resisted|p1a: Lopunny
|-damage|p1a: Lopunny|155\/271
|
|-weather|Sandstorm|[upkeep]
|-damage|p1a: Lopunny|139\/271|[from] Sandstorm
|-damage|p2a: Tyranitar|0 fnt|[from] brn
|faint|p2a: Tyranitar
|
|switch|p2a: Landorus-Therian|Landorus-Therian, M|241\/319
|-damage|p2a: Landorus-Therian|202\/319|[from] Stealth Rock
|-ability|p2a: Landorus-Therian|Intimidate|[of] p1a: Lopunny
|-unboost|p1a: Lopunny|atk|1
|turn|47
|
|move|p1a: Lopunny|Fake Out|p2a: Landorus-Therian
|-damage|p2a: Landorus-Therian|142\/319
|cant|p2a: Landorus-Therian|flinch
|
|-weather|Sandstorm|[upkeep]
|-damage|p1a: Lopunny|123\/271|[from] Sandstorm
|turn|48
|
|move|p2a: Landorus-Therian|U-turn|p1a: Lopunny
|-resisted|p1a: Lopunny
|-damage|p1a: Lopunny|77\/271
|
|switch|p2a: Slowbro|Slowbro-Mega, M|299\/394 brn
|-damage|p2a: Slowbro|250\/394 brn|[from] Stealth Rock
|move|p1a: Lopunny|Return|p2a: Slowbro
|-damage|p2a: Slowbro|186\/394 brn
|
|-weather|none
|-damage|p2a: Slowbro|137\/394 brn|[from] brn
|turn|49
|
|switch|p1a: Rotom-Wash|Rotom-Wash|168\/303
|-damage|p1a: Rotom-Wash|131\/303|[from] Stealth Rock
|switch|p2a: Keldeo-Resolute|Keldeo-Resolute|323\/323
|-damage|p2a: Keldeo-Resolute|303\/323|[from] Stealth Rock
|
|-heal|p2a: Keldeo-Resolute|323\/323|[from] item: Leftovers
|-heal|p1a: Rotom-Wash|149\/303|[from] item: Leftovers
|turn|50
|
|move|p2a: Keldeo-Resolute|Calm Mind|p2a: Keldeo-Resolute
|-boost|p2a: Keldeo-Resolute|spa|1
|-boost|p2a: Keldeo-Resolute|spd|1
|move|p1a: Rotom-Wash|Pain Split|p2a: Keldeo-Resolute
|-sethp|p2a: Keldeo-Resolute|236\/323|p1a: Rotom-Wash|236\/303|[from] move: Pain Split
|
|-heal|p2a: Keldeo-Resolute|256\/323|[from] item: Leftovers
|-heal|p1a: Rotom-Wash|254\/303|[from] item: Leftovers
|turn|51
|
|move|p2a: Keldeo-Resolute|Secret Sword|p1a: Rotom-Wash
|-damage|p1a: Rotom-Wash|80\/303
|move|p1a: Rotom-Wash|Volt Switch|p2a: Keldeo-Resolute
|-supereffective|p2a: Keldeo-Resolute
|-damage|p2a: Keldeo-Resolute|124\/323
|
|switch|p1a: Lopunny|Lopunny-Mega, M|77\/271
|-damage|p1a: Lopunny|61\/271|[from] Stealth Rock
|
|-heal|p2a: Keldeo-Resolute|144\/323|[from] item: Leftovers
|turn|52
|
|switch|p2a: Slowbro|Slowbro-Mega, M|137\/394 brn
|-damage|p2a: Slowbro|88\/394 brn|[from] Stealth Rock
|move|p1a: Lopunny|Return|p2a: Slowbro
|-damage|p2a: Slowbro|0 fnt
|faint|p2a: Slowbro
|
|
|switch|p2a: Landorus-Therian|Landorus-Therian, M|142\/319
|-damage|p2a: Landorus-Therian|103\/319|[from] Stealth Rock
|-ability|p2a: Landorus-Therian|Intimidate|[of] p1a: Lopunny
|-unboost|p1a: Lopunny|atk|1
|turn|53
|
|switch|p1a: Mandibuzz|Mandibuzz, F|297\/423
|-damage|p1a: Mandibuzz|192\/423|[from] Stealth Rock
|move|p2a: Landorus-Therian|Stone Edge|p1a: Mandibuzz
|-supereffective|p1a: Mandibuzz
|-damage|p1a: Mandibuzz|18\/423
|
|turn|54
|
|move|p2a: Landorus-Therian|Stone Edge|p1a: Mandibuzz
|-supereffective|p1a: Mandibuzz
|-damage|p1a: Mandibuzz|0 fnt
|faint|p1a: Mandibuzz
|
|
|switch|p1a: Heatran|Heatran, M|386\/386
|-damage|p1a: Heatran|338\/386|[from] Stealth Rock
|turn|55
|
|switch|p2a: Keldeo-Resolute|Keldeo-Resolute|144\/323
|-damage|p2a: Keldeo-Resolute|124\/323|[from] Stealth Rock
|move|p1a: Heatran|Lava Plume|p2a: Keldeo-Resolute
|-resisted|p2a: Keldeo-Resolute
|-damage|p2a: Keldeo-Resolute|65\/323
|
|-heal|p2a: Keldeo-Resolute|85\/323|[from] item: Leftovers
|-heal|p1a: Heatran|362\/386|[from] item: Leftovers
|turn|56
|
|switch|p2a: Jirachi|Jirachi|214\/404
|-damage|p2a: Jirachi|189\/404|[from] Stealth Rock
|move|p1a: Heatran|Toxic|p2a: Jirachi
|-fail|p2a: Jirachi
|
|-heal|p2a: Jirachi|214\/404|[from] item: Leftovers
|-heal|p1a: Heatran|386\/386|[from] item: Leftovers
|turn|57
|
|move|p2a: Jirachi|U-turn|p1a: Heatran
|-resisted|p1a: Heatran
|-damage|p1a: Heatran|373\/386
|
|switch|p2a: Keldeo-Resolute|Keldeo-Resolute|85\/323
|-damage|p2a: Keldeo-Resolute|65\/323|[from] Stealth Rock
|move|p1a: Heatran|Lava Plume|p2a: Keldeo-Resolute
|-resisted|p2a: Keldeo-Resolute
|-damage|p2a: Keldeo-Resolute|4\/323
|
|-heal|p2a: Keldeo-Resolute|24\/323|[from] item: Leftovers
|-heal|p1a: Heatran|386\/386|[from] item: Leftovers
|turn|58
|
|switch|p1a: Celebi|Celebi|296\/403
|-damage|p1a: Celebi|246\/403|[from] Stealth Rock
|move|p2a: Keldeo-Resolute|Scald|p1a: Celebi
|-resisted|p1a: Celebi
|-damage|p1a: Celebi|196\/403
|-status|p1a: Celebi|brn
|
|-heal|p2a: Keldeo-Resolute|44\/323|[from] item: Leftovers
|-heal|p1a: Celebi|221\/403 brn|[from] item: Leftovers
|-damage|p1a: Celebi|171\/403 brn|[from] brn
|turn|59
|
|move|p2a: Keldeo-Resolute|Calm Mind|p2a: Keldeo-Resolute
|-boost|p2a: Keldeo-Resolute|spa|1
|-boost|p2a: Keldeo-Resolute|spd|1
|move|p1a: Celebi|Baton Pass|p1a: Celebi
|
|switch|p1a: Lopunny|Lopunny-Mega, M|61\/271
|-damage|p1a: Lopunny|45\/271|[from] Stealth Rock
|
|-heal|p2a: Keldeo-Resolute|64\/323|[from] item: Leftovers
|turn|60
|
|switch|p2a: Jirachi|Jirachi|214\/404
|-damage|p2a: Jirachi|189\/404|[from] Stealth Rock
|move|p1a: Lopunny|Return|p2a: Jirachi
|-resisted|p2a: Jirachi
|-damage|p2a: Jirachi|102\/404
|
|-heal|p2a: Jirachi|127\/404|[from] item: Leftovers
|turn|61
|
|move|p1a: Lopunny|Drain Punch|p2a: Jirachi
|-damage|p2a: Jirachi|0 fnt
|-heal|p1a: Lopunny|109\/271|[from] drain|[of] p2a: Jirachi
|faint|p2a: Jirachi
|
|
|switch|p2a: Landorus-Therian|Landorus-Therian, M|103\/319
|-damage|p2a: Landorus-Therian|64\/319|[from] Stealth Rock
|-ability|p2a: Landorus-Therian|Intimidate|[of] p1a: Lopunny
|-unboost|p1a: Lopunny|atk|1
|turn|62
|c|âKama Sutra|gg
|
|switch|p1a: Rotom-Wash|Rotom-Wash|80\/303
|-damage|p1a: Rotom-Wash|43\/303|[from] Stealth Rock
|move|p2a: Landorus-Therian|Earthquake|p1a: Rotom-Wash
|-immune|p1a: Rotom-Wash|[msg]
|
|-heal|p1a: Rotom-Wash|61\/303|[from] item: Leftovers
|turn|63
|c|âKama Sutra|or not
|c|âKama Sutra|you don't need to be polite I guess
|-message|Kama Sutra forfeited.
|leave|Kama Sutra
|
|win|lil manaphy
|raw|Ladder updating...
|player|p2