|join|blackwing zero
|join|Kama Sutra
|player|p1|blackwing zero|266
|player|p2|Kama Sutra|79
|gametype|singles
|gen|6
|tier|OU
|rated
|clearpoke
|poke|p1|Salamence, M
|poke|p1|Serperior, M
|poke|p1|Bisharp, M
|poke|p1|Skarmory, F
|poke|p1|Thundurus, M
|poke|p1|Gyarados, M
|poke|p2|Pidgeot, M
|poke|p2|Togekiss, F
|poke|p2|Dugtrio, F
|poke|p2|Raikou
|poke|p2|Ferrothorn, M
|poke|p2|Keldeo
|rule|Swagger Clause: Swagger is banned
|rule|Baton Pass Clause: Limit one PokÃ©mon knowing Baton Pass
|rule|Sleep Clause Mod: Limit one foe put to sleep
|rule|Species Clause: Limit one of each PokÃ©mon
|rule|OHKO Clause: OHKO moves are banned
|rule|Moody Clause: Moody is banned
|rule|Evasion Moves Clause: Evasion moves are banned
|rule|Endless Battle Clause: Forcing endless battles is banned
|rule|HP Percentage Mod: HP is shown in percentages
|teampreview
|join|kill all bp fags
|
|start
|switch|p1a: Skarmory|Skarmory, F|271\/271
|switch|p2a: Pidgeot|Pidgeot, M|307\/307
|turn|1
|
|detailschange|p2a: Pidgeot|Pidgeot-Mega, M
|-mega|p2a: Pidgeot|Pidgeot|Pidgeotite
|move|p2a: Pidgeot|Heat Wave|p1a: Skarmory
|-supereffective|p1a: Skarmory
|-activate|p1a: Skarmory|Sturdy
|-damage|p1a: Skarmory|1\/271
|move|p1a: Skarmory|Stealth Rock|p2a: Pidgeot
|-sidestart|p2: Kama Sutra|move: Stealth Rock
|
|turn|2
|c| kill all bp fags|plz beat this fagget he runs scarf keldeo
|leave|kill all bp fags
|
|move|p2a: Pidgeot|Hurricane|p1a: Skarmory
|-resisted|p1a: Skarmory
|-damage|p1a: Skarmory|0 fnt
|faint|p1a: Skarmory
|
|
|switch|p1a: Thundurus|Thundurus, M|299\/299
|turn|3
|
|move|p2a: Pidgeot|U-turn|p1a: Thundurus
|-resisted|p1a: Thundurus
|-damage|p1a: Thundurus|273\/299
|
|switch|p2a: Raikou|Raikou|321\/321
|-damage|p2a: Raikou|281\/321|[from] Stealth Rock
|-ability|p2a: Raikou|Pressure
|move|p1a: Thundurus|Thunderbolt|p2a: Raikou
|-resisted|p2a: Raikou
|-damage|p2a: Raikou|211\/321
|-damage|p1a: Thundurus|244\/299|[from] item: Life Orb
|
|turn|4
|
|switch|p1a: Bisharp|Bisharp, M|271\/271
|move|p2a: Raikou|Volt Switch|p1a: Bisharp
|-damage|p1a: Bisharp|115\/271
|
|switch|p2a: Togekiss|Togekiss, F|311\/311
|-damage|p2a: Togekiss|234\/311|[from] Stealth Rock
|
|-heal|p2a: Togekiss|253\/311|[from] item: Leftovers
|turn|5
|
|move|p2a: Togekiss|Aura Sphere|p1a: Bisharp
|-supereffective|p1a: Bisharp
|-damage|p1a: Bisharp|0 fnt
|faint|p1a: Bisharp
|
|-heal|p2a: Togekiss|272\/311|[from] item: Leftovers
|
|switch|p1a: Thundurus|Thundurus, M|244\/299
|turn|6
|
|switch|p2a: Dugtrio|Dugtrio, F|201\/201
|-damage|p2a: Dugtrio|189\/201|[from] Stealth Rock
|move|p1a: Thundurus|Thunderbolt|p2a: Dugtrio
|-immune|p2a: Dugtrio|[msg]
|
|turn|7
|
|switch|p1a: Gyarados|Gyarados, M|331\/331
|-ability|p1a: Gyarados|Intimidate|[of] p2a: Dugtrio
|-unboost|p2a: Dugtrio|atk|1
|move|p2a: Dugtrio|Stealth Rock|p1a: Gyarados
|-sidestart|p1: blackwing zero|move: Stealth Rock
|
|turn|8
|
|switch|p2a: Ferrothorn|Ferrothorn, M|351\/351
|-damage|p2a: Ferrothorn|330\/351|[from] Stealth Rock
|move|p1a: Gyarados|Dragon Dance|p1a: Gyarados
|-boost|p1a: Gyarados|atk|1
|-boost|p1a: Gyarados|spe|1
|
|turn|9
|
|move|p1a: Gyarados|Dragon Dance|p1a: Gyarados
|-boost|p1a: Gyarados|atk|1
|-boost|p1a: Gyarados|spe|1
|move|p2a: Ferrothorn|Power Whip|p1a: Gyarados
|-damage|p1a: Gyarados|171\/331
|
|turn|10
|
|detailschange|p1a: Gyarados|Gyarados-Mega, M
|-mega|p1a: Gyarados|Gyarados|Gyaradosite
|-ability|p1a: Gyarados|Mold Breaker
|move|p1a: Gyarados|Crunch|p2a: Ferrothorn
|-damage|p2a: Ferrothorn|125\/351
|-damage|p1a: Gyarados|130\/331|[from] ability: Iron Barbs|[of] p2a: Ferrothorn
|move|p2a: Ferrothorn|Power Whip|p1a: Gyarados
|-supereffective|p1a: Gyarados
|-damage|p1a: Gyarados|0 fnt
|faint|p1a: Gyarados
|
|
|switch|p1a: Serperior|Serperior, M|291\/291
|-damage|p1a: Serperior|255\/291|[from] Stealth Rock
|turn|11
|
|move|p1a: Serperior|Leaf Storm|p2a: Ferrothorn
|-resisted|p2a: Ferrothorn
|-damage|p2a: Ferrothorn|82\/351
|-boost|p1a: Serperior|spa|2
|-damage|p1a: Serperior|226\/291|[from] item: Life Orb
|move|p2a: Ferrothorn|Thunder Wave|p1a: Serperior
|-status|p1a: Serperior|par
|
|turn|12
|
|move|p1a: Serperior|Hidden Power|p2a: Ferrothorn
|-crit|p2a: Ferrothorn
|-supereffective|p2a: Ferrothorn
|-damage|p2a: Ferrothorn|0 fnt
|-damage|p1a: Serperior|197\/291 par|[from] item: Life Orb
|faint|p2a: Ferrothorn
|
|
|switch|p2a: Pidgeot|Pidgeot-Mega, M|307\/307
|-damage|p2a: Pidgeot|231\/307|[from] Stealth Rock
|turn|13
|
|move|p2a: Pidgeot|Hurricane|p1a: Serperior
|-supereffective|p1a: Serperior
|-damage|p1a: Serperior|0 fnt
|faint|p1a: Serperior
|
|
|switch|p1a: Thundurus|Thundurus, M|244\/299
|-damage|p1a: Thundurus|170\/299|[from] Stealth Rock
|turn|14
|
|move|p2a: Pidgeot|Heat Wave|p1a: Thundurus
|-damage|p1a: Thundurus|21\/299
|move|p1a: Thundurus|Thunderbolt|p2a: Pidgeot
|-supereffective|p2a: Pidgeot
|-damage|p2a: Pidgeot|0 fnt
|-damage|p1a: Thundurus|0 fnt|[from] item: Life Orb
|faint|p2a: Pidgeot
|faint|p1a: Thundurus
|
|
|switch|p1a: Salamence|Salamence, M|331\/331
|switch|p2a: Togekiss|Togekiss, F|272\/311
|-damage|p1a: Salamence|249\/331|[from] Stealth Rock
|-damage|p2a: Togekiss|195\/311|[from] Stealth Rock
|turn|15
|-message|blackwing zero forfeited.
|
|win|Kama Sutra
|raw|Ladder updating...
|raw|blackwing zero's rating: 1582 &rarr; <strong>1561<\/strong><br \/>(-21 for losing)
|raw|Kama Sutra's rating: 1571 &rarr; <strong>1592<\/strong><br \/>(+21 for winning)