|join|Wilkhun
|join|Kama Sutra
|join|Swaqfeq
|join|Volkswagen Beatle
|join|DoctorEcter
|join|redevil360
|join|pott3rmon
|player|p1|Wilkhun|238
|player|p2|Kama Sutra|141
|gametype|singles
|gen|6
|tier|OU (suspect test)
|clearpoke
|poke|p1|Landorus-Therian, M
|poke|p1|Staraptor, F
|poke|p1|Magnezone
|poke|p1|Latias, F
|poke|p1|Breloom, M
|poke|p1|Talonflame, M
|poke|p2|Pinsir, F
|poke|p2|Magnezone
|poke|p2|Staraptor, M
|poke|p2|Talonflame, F
|poke|p2|Tyranitar, M
|poke|p2|Excadrill, M
|rule|Swagger Clause: Swagger is banned
|rule|Baton Pass Clause: Limit one PokÃ©mon knowing Baton Pass
|rule|Sleep Clause Mod: Limit one foe put to sleep
|rule|Species Clause: Limit one of each PokÃ©mon
|rule|OHKO Clause: OHKO moves are banned
|rule|Moody Clause: Moody is banned
|rule|Evasion Moves Clause: Evasion moves are banned
|rule|Endless Battle Clause: Forcing endless battles is banned
|rule|HP Percentage Mod: HP is shown in percentages
|teampreview
|join|o Justin x
|join|Fox Destiny
|join|masati 4
|chat|Swaqfeq|1st
|chat|DoctorEcter|such birdspam
|chat|Wilkhun|BIRD VS BIRD LETS DO THIS
|join|BetaDjinn
|chat|BetaDjinn|DA BIRDS
|chat|Volkswagen Beatle|Jesus that's a lot of flapping
|join|bibooo
|chat|pott3rmon|flap flap flap
|chat|Kama Sutra|much flap
|
|start
|switch|p1a: Breloom|Breloom, M|264\/264
|switch|p2a: Pinsir|Pinsir, F|272\/272
|turn|1
|chat|pott3rmon|i can hear it
|join|Mikemad97
|join|Saucy 2 Good
|chat|Swaqfeq|plays
|
|detailschange|p2a: Pinsir|Pinsir-Mega, F
|message|Pinsir has Mega Evolved into Mega Pinsir!
|move|p2a: Pinsir|Quick Attack|p1a: Breloom
|-crit|p1a: Breloom
|-supereffective|p1a: Breloom
|-damage|p1a: Breloom|0 fnt
|faint|p1a: Breloom
|
|
|switch|p1a: Talonflame|Talonflame, M|297\/297
|turn|2
|join|mcCharizardmaniac
|chat|Kama Sutra|nice 1st turn hax
|join|MoldyLunchbox
|chat|Mikemad97|dat flying spam team
|
|switch|p2a: Tyranitar|Tyranitar, M|404\/404
|-weather|Sandstorm
|move|p1a: Talonflame|Brave Bird|p2a: Tyranitar
|-resisted|p2a: Tyranitar
|-damage|p2a: Tyranitar|334\/404
|-damage|p1a: Talonflame|274\/297|[from] recoil|[of] p2a: Tyranitar
|
|-weather|Sandstorm|[upkeep]
|-damage|p1a: Talonflame|256\/297|[from] sandstorm
|turn|3
|chat|DoctorEcter|not even sash nb
|chat|BetaDjinn|crit did not matter lol
|chat|Wilkhun|poison heal
|chat|DoctorEcter|thought so lol
|
|switch|p1a: Landorus-Therian|Landorus-Therian, M|382\/382
|-ability|p1a: Landorus-Therian|Intimidate|[of] p2a: Tyranitar
|-unboost|p2a: Tyranitar|atk|1
|move|p2a: Tyranitar|Stealth Rock|p1a: Landorus-Therian
|-sidestart|p1: Wilkhun|move: Stealth Rock
|
|-weather|Sandstorm|[upkeep]
|turn|4
|
|move|p1a: Landorus-Therian|U-turn|p2a: Tyranitar
|-supereffective|p2a: Tyranitar
|-damage|p2a: Tyranitar|238\/404
|chat|DoctorEcter|but staying in on pinsir made me think otherwise lol
|
|switch|p1a: Magnezone|Magnezone|324\/324
|-damage|p1a: Magnezone|304\/324|[from] Stealth Rock
|move|p2a: Tyranitar|Ice Beam|p1a: Magnezone
|-resisted|p1a: Magnezone
|-damage|p1a: Magnezone|266\/324
|
|-weather|Sandstorm|[upkeep]
|turn|5
|leave|mcCharizardmaniac
|chat|Kama Sutra|ima getcha
|
|switch|p2a: Magnezone|Magnezone|282\/282
|move|p1a: Magnezone|Hidden Power|p2a: Magnezone
|-supereffective|p2a: Magnezone
|-damage|p2a: Magnezone|14\/282
|
|-weather|Sandstorm|[upkeep]
|turn|6
|chat|Mikemad97|or not
|chat|Wilkhun|what else was loom gonna do?
|chat|Saucy 2 Good|ooh boi
|
|move|p2a: Magnezone|Hidden Power|p1a: Magnezone
|-supereffective|p1a: Magnezone
|-damage|p1a: Magnezone|108\/324
|move|p1a: Magnezone|Hidden Power|p2a: Magnezone
|-crit|p2a: Magnezone
|-supereffective|p2a: Magnezone
|-damage|p2a: Magnezone|0 fnt
|faint|p2a: Magnezone
|
|-weather|Sandstorm|[upkeep]
|chat|Wilkhun|since it don't got priority
|chat|BetaDjinn|PLAYS
|chat|MoldyLunchbox|lol rekt
|chat|BetaDjinn|PLAYS
|chat|Swaqfeq|crit
|chat|Swaqfeq|wow
|chat|Swaqfeq|hax
|
|switch|p2a: Pinsir|Pinsir-Mega, F|272\/272
|turn|7
|chat|Wilkhun|crit mattered
|chat|Swaqfeq|ya
|
|move|p2a: Pinsir|Swords Dance|p2a: Pinsir
|-boost|p2a: Pinsir|atk|2
|move|p1a: Magnezone|Hidden Power|p2a: Pinsir
|-supereffective|p2a: Pinsir
|-damage|p2a: Pinsir|0 fnt
|faint|p2a: Pinsir
|
|-weather|Sandstorm|[upkeep]
|chat|MoldyLunchbox|plz b scarf
|chat|BetaDjinn|HE AINT AFRAID
|
|switch|p2a: Excadrill|Excadrill, M|362\/362
|turn|8
|chat|Mikemad97|dem mispredicts
|chat|MoldyLunchbox|nope but LOL
|chat|Saucy 2 Good|LOL
|chat|BetaDjinn|OF UR PINSIR
|chat|Saucy 2 Good|that was so risky
|
|move|p2a: Excadrill|Earthquake|p1a: Magnezone
|-supereffective|p1a: Magnezone
|-damage|p1a: Magnezone|0 fnt
|-damage|p2a: Excadrill|326\/362|[from] item: Life Orb
|faint|p1a: Magnezone
|
|-weather|Sandstorm|[upkeep]
|
|switch|p1a: Landorus-Therian|Landorus-Therian, M|382\/382
|-damage|p1a: Landorus-Therian|335\/382|[from] Stealth Rock
|-ability|p1a: Landorus-Therian|Intimidate|[of] p2a: Excadrill
|-unboost|p2a: Excadrill|atk|1
|turn|9
|chat|Wilkhun|#risktaker
|
|switch|p2a: Staraptor|Staraptor, M|312\/312
|move|p1a: Landorus-Therian|U-turn|p2a: Staraptor
|-resisted|p2a: Staraptor
|-damage|p2a: Staraptor|259\/312
|
|switch|p1a: Latias|Latias, F|319\/319
|-damage|p1a: Latias|280\/319|[from] Stealth Rock
|
|-weather|none
|turn|10
|chat|Kama Sutra|le raptor is here
|
|move|p2a: Staraptor|Brave Bird|p1a: Latias
|-damage|p1a: Latias|0 fnt
|-damage|p2a: Staraptor|167\/312|[from] recoil|[of] p1a: Latias
|faint|p1a: Latias
|
|chat|BetaDjinn|uturn into ttar incoming
|chat|BetaDjinn|nvm
|chat|Mikemad97|O_O
|chat|Swaqfeq|flap flap
|chat|BetaDjinn|raptor too stronk
|chat|Mikemad97|much flap
|chat|pott3rmon|flap, flap, flap
|chat|Saucy 2 Good|its over
|chat|DoctorEcter|brb flapping
|
|switch|p1a: Talonflame|Talonflame, M|256\/297
|-damage|p1a: Talonflame|108\/297|[from] Stealth Rock
|turn|11
|chat|BetaDjinn|and that's fuckin scarf too
|chat|Saucy 2 Good|flappy bird up in here
|chat|pott3rmon|flap flap
|
|switch|p2a: Tyranitar|Tyranitar, M|238\/404
|-weather|Sandstorm
|move|p1a: Talonflame|Brave Bird|p2a: Tyranitar
|-resisted|p2a: Tyranitar
|-damage|p2a: Tyranitar|166\/404
|-damage|p1a: Talonflame|84\/297|[from] recoil|[of] p2a: Tyranitar
|
|-weather|Sandstorm|[upkeep]
|-damage|p1a: Talonflame|66\/297|[from] sandstorm
|turn|12
|chat|pott3rmon|more flap
|
|move|p1a: Talonflame|Tailwind|p1a: Talonflame
|-sidestart|p1: Wilkhun|move: Tailwind
|move|p2a: Tyranitar|Ice Beam|p1a: Talonflame
|-damage|p1a: Talonflame|0 fnt
|faint|p1a: Talonflame
|
|-weather|Sandstorm|[upkeep]
|chat|Saucy 2 Good|:o
|
|switch|p1a: Staraptor|Staraptor, F|311\/311
|-damage|p1a: Staraptor|234\/311|[from] Stealth Rock
|turn|13
|chat|Swaqfeq|flap game is strong
|chat|Swaqfeq|but ttar says nah
|
|move|p1a: Staraptor|Brave Bird|p2a: Tyranitar
|-resisted|p2a: Tyranitar
|-damage|p2a: Tyranitar|28\/404
|-damage|p1a: Staraptor|188\/311|[from] recoil|[of] p2a: Tyranitar
|move|p2a: Tyranitar|Ice Beam|p1a: Staraptor
|-supereffective|p1a: Staraptor
|-damage|p1a: Staraptor|0 fnt
|faint|p1a: Staraptor
|
|-weather|Sandstorm|[upkeep]
|chat|Mikemad97|dem mispredicts
|chat|BetaDjinn|oh predicted
|chat|Mikemad97|for eons
|
|switch|p1a: Landorus-Therian|Landorus-Therian, M|335\/382
|-damage|p1a: Landorus-Therian|288\/382|[from] Stealth Rock
|-ability|p1a: Landorus-Therian|Intimidate|[of] p2a: Tyranitar
|-unboost|p2a: Tyranitar|atk|1
|turn|14
|chat|BetaDjinn|tragedy
|chat|Swaqfeq|xD
|
|move|p1a: Landorus-Therian|Stone Edge|p2a: Tyranitar
|-damage|p2a: Tyranitar|0 fnt
|faint|p2a: Tyranitar
|
|-weather|Sandstorm|[upkeep]
|
|switch|p2a: Talonflame|Talonflame, F|298\/298
|turn|15
|
|move|p2a: Talonflame|Brave Bird|p1a: Landorus-Therian
|-damage|p1a: Landorus-Therian|86\/382
|-damage|p2a: Talonflame|249\/298|[from] item: Rocky Helmet|[of] p1a: Landorus-Therian
|-damage|p2a: Talonflame|182\/298|[from] recoil|[of] p1a: Landorus-Therian
|move|p1a: Landorus-Therian|Stone Edge|p2a: Talonflame
|-crit|p2a: Talonflame
|-supereffective|p2a: Talonflame
|-damage|p2a: Talonflame|0 fnt
|faint|p2a: Talonflame
|
|-weather|Sandstorm|[upkeep]
|-sideend|p1: Wilkhun|move: Tailwind
|chat|Mikemad97|O_O
|
|switch|p2a: Staraptor|Staraptor, M|167\/312
|turn|16
|chat|Swaqfeq|crit hax
|chat|Kama Sutra|gg
|
|move|p2a: Staraptor|Brave Bird|p1a: Landorus-Therian
|-damage|p1a: Landorus-Therian|0 fnt
|-damage|p2a: Staraptor|115\/312|[from] item: Rocky Helmet|[of] p1a: Landorus-Therian
|-damage|p2a: Staraptor|87\/312|[from] recoil|[of] p1a: Landorus-Therian
|faint|p1a: Landorus-Therian
|
|win|Kama Sutra
|chat|Wilkhun|AND THERE GOES THE BATTLE
|chat|BetaDjinn|gg
|chat|Wilkhun|gg man
|leave|Volkswagen Beatle
|leave|BetaDjinn
|leave|Kama Sutra
|player|p2
|chat|Saucy 2 Good|geegee
|chat|pott3rmon|flap flap
|leave|Mikemad97
|leave|redevil360
|leave|o Justin x
|leave|DoctorEcter
|leave|Swaqfeq
|leave|Saucy 2 Good
|leave|Wilkhun
|player|p1
|leave|pott3rmon
|leave|Fox Destiny
|leave|bibooo
|join|Wilkhun