|join|Kama Sutra
|join|tbr
|player|p1|Kama Sutra|78
|player|p2|tbr|1
|gametype|singles
|gen|6
|tier|OU (suspect test)
|rated
|clearpoke
|poke|p1|Talonflame, M
|poke|p1|Mamoswine, M
|poke|p1|Gyarados, F
|poke|p1|Latias, F
|poke|p1|Bisharp, M
|poke|p1|Gengar, F
|poke|p2|Ferrothorn, F
|poke|p2|Gliscor, M
|poke|p2|Kabutops, F
|poke|p2|Ampharos, M
|poke|p2|Politoed, F
|poke|p2|Tentacruel, F
|rule|Swagger Clause: Swagger is banned
|rule|Baton Pass Clause: Limit one PokÃ©mon knowing Baton Pass
|rule|Sleep Clause Mod: Limit one foe put to sleep
|rule|Species Clause: Limit one of each PokÃ©mon
|rule|OHKO Clause: OHKO moves are banned
|rule|Moody Clause: Moody is banned
|rule|Evasion Moves Clause: Evasion moves are banned
|rule|Endless Battle Clause: Forcing endless battles is banned
|rule|HP Percentage Mod: HP is shown in percentages
|teampreview
|
|start
|switch|p1a: Gengar|Gengar, F|262\/262
|switch|p2a: Politoed|Politoed, F|383\/383
|-weather|RainDance
|turn|1
|
|move|p1a: Gengar|Taunt|p2a: Politoed
|-start|p2a: Politoed|move: Taunt
|move|p2a: Politoed|Scald|p1a: Gengar
|-damage|p1a: Gengar|93\/262
|
|-weather|RainDance|[upkeep]
|turn|2
|
|move|p1a: Gengar|Destiny Bond|p1a: Gengar
|-singlemove|p1a: Gengar|Destiny Bond
|move|p2a: Politoed|Scald|p1a: Gengar
|-damage|p1a: Gengar|0 fnt
|faint|p1a: Gengar
|-activate|p1a: Gengar|Destiny Bond
|faint|p2a: Politoed
|
|-weather|RainDance|[upkeep]
|join|njkhgmvh
|
|switch|p1a: Mamoswine|Mamoswine, M|361\/361
|switch|p2a: Kabutops|Kabutops, F|261\/261
|turn|3
|
|move|p2a: Kabutops|Waterfall|p1a: Mamoswine
|-crit|p1a: Mamoswine
|-supereffective|p1a: Mamoswine
|-enditem|p1a: Mamoswine|Focus Sash
|-damage|p1a: Mamoswine|1\/361
|-damage|p2a: Kabutops|235\/261|[from] item: Life Orb
|move|p1a: Mamoswine|Earthquake|p2a: Kabutops
|-supereffective|p2a: Kabutops
|-damage|p2a: Kabutops|0 fnt
|faint|p2a: Kabutops
|
|-weather|RainDance|[upkeep]
|
|switch|p2a: Gliscor|Gliscor, M|352\/352
|turn|4
|c| njkhgmvh|oh shit
|
|move|p1a: Mamoswine|Ice Shard|p2a: Gliscor
|-supereffective|p2a: Gliscor
|-damage|p2a: Gliscor|132\/352
|move|p2a: Gliscor|Aerial Ace|p1a: Mamoswine
|-damage|p1a: Mamoswine|0 fnt
|faint|p1a: Mamoswine
|
|-weather|RainDance|[upkeep]
|-status|p2a: Gliscor|tox|[from] item: Toxic Orb
|
|switch|p1a: Gyarados|Gyarados, F|331\/331
|-ability|p1a: Gyarados|Intimidate|[of] p2a: Gliscor
|-unboost|p2a: Gliscor|atk|1
|turn|5
|
|switch|p1a: Bisharp|Bisharp, M|271\/271
|move|p2a: Gliscor|Toxic|p1a: Bisharp
|-fail|p1a: Bisharp
|
|-weather|RainDance|[upkeep]
|-heal|p2a: Gliscor|176\/352 tox|[from] ability: Poison Heal
|turn|6
|
|move|p2a: Gliscor|Roost|p2a: Gliscor
|-heal|p2a: Gliscor|352\/352 tox
|move|p1a: Bisharp|Swords Dance|p1a: Bisharp
|-boost|p1a: Bisharp|atk|2
|
|-weather|RainDance|[upkeep]
|turn|7
|
|move|p1a: Bisharp|Sucker Punch|p2a: Gliscor
|-damage|p2a: Gliscor|151\/352 tox
|move|p2a: Gliscor|Earthquake|p1a: Bisharp
|-supereffective|p1a: Bisharp
|-damage|p1a: Bisharp|131\/271
|
|-weather|RainDance|[upkeep]
|-heal|p2a: Gliscor|195\/352 tox|[from] ability: Poison Heal
|turn|8
|
|move|p2a: Gliscor|Earthquake|p1a: Bisharp
|-supereffective|p1a: Bisharp
|-damage|p1a: Bisharp|0 fnt
|faint|p1a: Bisharp
|
|-weather|none
|-heal|p2a: Gliscor|239\/352 tox|[from] ability: Poison Heal
|
|switch|p1a: Gyarados|Gyarados, F|331\/331
|-ability|p1a: Gyarados|Intimidate|[of] p2a: Gliscor
|-unboost|p2a: Gliscor|atk|1
|turn|9
|
|switch|p1a: Talonflame|Talonflame, M|317\/317
|move|p2a: Gliscor|Toxic|p1a: Talonflame|[miss]
|-miss|p2a: Gliscor|p1a: Talonflame
|
|-heal|p2a: Gliscor|283\/352 tox|[from] ability: Poison Heal
|turn|10
|
|switch|p2a: Tentacruel|Tentacruel, F|354\/354
|move|p1a: Talonflame|Swords Dance|p1a: Talonflame
|-boost|p1a: Talonflame|atk|2
|
|turn|11
|
|move|p1a: Talonflame|Brave Bird|p2a: Tentacruel
|-damage|p2a: Tentacruel|56\/354
|-damage|p1a: Talonflame|219\/317|[from] recoil|[of] p2a: Tentacruel
|move|p2a: Tentacruel|Scald|p1a: Talonflame
|-supereffective|p1a: Talonflame
|-damage|p1a: Talonflame|19\/317
|-enditem|p1a: Talonflame|Salac Berry|[eat]
|-boost|p1a: Talonflame|spe|1|[from] item: Salac Berry
|
|-heal|p2a: Tentacruel|78\/354|[from] item: Black Sludge
|turn|12
|
|move|p1a: Talonflame|Natural Gift|p2a: Tentacruel
|-fail|p2a: Tentacruel
|move|p2a: Tentacruel|Scald|p1a: Talonflame
|-supereffective|p1a: Talonflame
|-damage|p1a: Talonflame|0 fnt
|faint|p1a: Talonflame
|
|-heal|p2a: Tentacruel|100\/354|[from] item: Black Sludge
|
|switch|p1a: Gyarados|Gyarados, F|331\/331
|-ability|p1a: Gyarados|Intimidate|[of] p2a: Tentacruel
|-unboost|p2a: Tentacruel|atk|1
|turn|13
|c| njkhgmvh|>natural gidt
|
|switch|p2a: Ferrothorn|Ferrothorn, F|352\/352
|detailschange|p1a: Gyarados|Gyarados-Mega, F
|-mega|p1a: Gyarados|Gyarados|Gyaradosite
|-ability|p1a: Gyarados|Mold Breaker
|move|p1a: Gyarados|Dragon Dance|p1a: Gyarados
|-boost|p1a: Gyarados|atk|1
|-boost|p1a: Gyarados|spe|1
|
|turn|14
|
|move|p1a: Gyarados|Earthquake|p2a: Ferrothorn
|-damage|p2a: Ferrothorn|195\/352
|move|p2a: Ferrothorn|Gyro Ball|p1a: Gyarados
|-resisted|p1a: Gyarados
|-damage|p1a: Gyarados|259\/331
|
|-heal|p2a: Ferrothorn|217\/352|[from] item: Leftovers
|turn|15
|c| njkhgmvh|>no acrobatics
|
|move|p1a: Gyarados|Earthquake|p2a: Ferrothorn
|-damage|p2a: Ferrothorn|60\/352
|move|p2a: Ferrothorn|Leech Seed|p1a: Gyarados
|-start|p1a: Gyarados|move: Leech Seed
|
|-heal|p2a: Ferrothorn|82\/352|[from] item: Leftovers
|-damage|p1a: Gyarados|218\/331|[from] Leech Seed|[of] p2a: Ferrothorn
|-heal|p2a: Ferrothorn|123\/352|[silent]
|turn|16
|
|move|p2a: Ferrothorn|Protect|p2a: Ferrothorn
|-singleturn|p2a: Ferrothorn|Protect
|move|p1a: Gyarados|Crunch|p2a: Ferrothorn
|-activate|p2a: Ferrothorn|Protect
|
|-heal|p2a: Ferrothorn|145\/352|[from] item: Leftovers
|-damage|p1a: Gyarados|177\/331|[from] Leech Seed|[of] p2a: Ferrothorn
|-heal|p2a: Ferrothorn|186\/352|[silent]
|turn|17
|
|switch|p2a: Tentacruel|Tentacruel, F|100\/354
|move|p1a: Gyarados|Crunch|p2a: Tentacruel
|-damage|p2a: Tentacruel|0 fnt
|faint|p2a: Tentacruel
|
|
|switch|p2a: Ferrothorn|Ferrothorn, F|186\/352
|turn|18
|
|move|p2a: Ferrothorn|Protect|p2a: Ferrothorn
|-singleturn|p2a: Ferrothorn|Protect
|move|p1a: Gyarados|Dragon Dance|p1a: Gyarados
|-boost|p1a: Gyarados|atk|1
|-boost|p1a: Gyarados|spe|1
|
|-heal|p2a: Ferrothorn|208\/352|[from] item: Leftovers
|-damage|p1a: Gyarados|136\/331|[from] Leech Seed|[of] p2a: Ferrothorn
|-heal|p2a: Ferrothorn|249\/352|[silent]
|turn|19
|
|switch|p2a: Gliscor|Gliscor, M|283\/352 tox
|move|p1a: Gyarados|Crunch|p2a: Gliscor
|-crit|p2a: Gliscor
|-damage|p2a: Gliscor|0 fnt
|faint|p2a: Gliscor
|
|
|switch|p2a: Ferrothorn|Ferrothorn, F|249\/352
|turn|20
|
|move|p1a: Gyarados|Crunch|p2a: Ferrothorn
|-damage|p2a: Ferrothorn|24\/352
|-damage|p1a: Gyarados|95\/331|[from] ability: Iron Barbs|[of] p2a: Ferrothorn
|move|p2a: Ferrothorn|Gyro Ball|p1a: Gyarados
|-resisted|p1a: Gyarados
|-damage|p1a: Gyarados|11\/331
|
|-heal|p2a: Ferrothorn|46\/352|[from] item: Leftovers
|-damage|p1a: Gyarados|0 fnt|[from] Leech Seed|[of] p2a: Ferrothorn
|-heal|p2a: Ferrothorn|57\/352|[silent]
|faint|p1a: Gyarados
|
|switch|p1a: Latias|Latias, F|299\/299
|turn|21
|
|move|p2a: Ferrothorn|Protect|p2a: Ferrothorn
|-singleturn|p2a: Ferrothorn|Protect
|move|p1a: Latias|Psyshock|p2a: Ferrothorn
|-activate|p2a: Ferrothorn|Protect
|
|-heal|p2a: Ferrothorn|79\/352|[from] item: Leftovers
|turn|22
|
|switch|p2a: Ampharos|Ampharos, M|321\/321
|move|p1a: Latias|Psyshock|p2a: Ampharos
|-damage|p2a: Ampharos|142\/321
|-damage|p1a: Latias|270\/299|[from] item: Life Orb
|
|turn|23
|
|move|p1a: Latias|Draco Meteor|p2a: Ampharos
|-damage|p2a: Ampharos|0 fnt
|-unboost|p1a: Latias|spa|2
|-damage|p1a: Latias|241\/299|[from] item: Life Orb
|faint|p2a: Ampharos
|
|
|switch|p2a: Ferrothorn|Ferrothorn, F|79\/352
|turn|24
|
|move|p2a: Ferrothorn|Protect|p2a: Ferrothorn
|-singleturn|p2a: Ferrothorn|Protect
|move|p1a: Latias|Draco Meteor|p2a: Ferrothorn
|-activate|p2a: Ferrothorn|Protect
|
|-heal|p2a: Ferrothorn|101\/352|[from] item: Leftovers
|turn|25
|
|move|p1a: Latias|Draco Meteor|p2a: Ferrothorn
|-resisted|p2a: Ferrothorn
|-damage|p2a: Ferrothorn|54\/352
|-unboost|p1a: Latias|spa|2
|-damage|p1a: Latias|212\/299|[from] item: Life Orb
|move|p2a: Ferrothorn|Leech Seed|p1a: Latias
|-start|p1a: Latias|move: Leech Seed
|
|-heal|p2a: Ferrothorn|76\/352|[from] item: Leftovers
|-damage|p1a: Latias|175\/299|[from] Leech Seed|[of] p2a: Ferrothorn
|-heal|p2a: Ferrothorn|113\/352|[silent]
|turn|26
|-message|Kama Sutra forfeited.
|
|win|tbr
|raw|Ladder updating...
|leave|Kama Sutra
|player|p1
|raw|Kama Sutra's rating: 1405 &rarr; <strong>1383<\/strong><br \/>(-22 for losing)
|raw|tbr's rating: 1372 &rarr; <strong>1394<\/strong><br \/>(+22 for winning)
|leave|njkhgmvh
|c|âtbr|gg