|join|opggnore
|join|Kama Sutra
|player|p1|opggnore|2
|player|p2|Kama Sutra|141
|gametype|singles
|gen|6
|tier|OU (suspect test)
|rated
|clearpoke
|poke|p1|Manectric, F
|poke|p1|Gothitelle, M
|poke|p1|Conkeldurr, F
|poke|p1|Chansey, F
|poke|p1|Landorus-Therian, M
|poke|p1|Azumarill, F
|poke|p2|Raikou
|poke|p2|Landorus-Therian, M
|poke|p2|Latias, F
|poke|p2|Medicham, F
|poke|p2|Keldeo
|poke|p2|Talonflame, M
|rule|Swagger Clause: Swagger is banned
|rule|Baton Pass Clause: Limit one PokÃ©mon knowing Baton Pass
|rule|Sleep Clause Mod: Limit one foe put to sleep
|rule|Species Clause: Limit one of each PokÃ©mon
|rule|OHKO Clause: OHKO moves are banned
|rule|Moody Clause: Moody is banned
|rule|Evasion Moves Clause: Evasion moves are banned
|rule|Endless Battle Clause: Forcing endless battles is banned
|rule|HP Percentage Mod: HP is reported as percentages
|teampreview
|
|start
|switch|p1a: Manectric|Manectric, F|281\/281
|switch|p2a: Medicham|Medicham, F|261\/261
|turn|1
|
|switch|p1a: Gothitelle|Gothitelle, M|282\/282
|detailschange|p2a: Medicham|Medicham-Mega, F
|message|Medicham has Mega Evolved into Mega Medicham!
|move|p2a: Medicham|Fake Out|p1a: Gothitelle
|-damage|p1a: Gothitelle|201\/282
|
|turn|2
|
|move|p1a: Gothitelle|Shadow Ball|p2a: Medicham
|-supereffective|p2a: Medicham
|-damage|p2a: Medicham|87\/261
|move|p2a: Medicham|High Jump Kick|p1a: Gothitelle
|-resisted|p1a: Gothitelle
|-damage|p1a: Gothitelle|17\/282
|
|turn|3
|
|move|p1a: Gothitelle|Shadow Ball|p2a: Medicham
|-crit|p2a: Medicham
|-supereffective|p2a: Medicham
|-damage|p2a: Medicham|0 fnt
|faint|p2a: Medicham
|
|
|switch|p2a: Raikou|Raikou|321\/321
|-ability|p2a: Raikou|Pressure
|turn|4
|
|switch|p1a: Manectric|Manectric, F|281\/281
|move|p2a: Raikou|Volt Switch|p1a: Manectric
|-boost|p1a: Manectric|spa|1|[from] ability: Lightningrod
|
|turn|5
|
|detailschange|p1a: Manectric|Manectric-Mega, F
|message|Manectric has Mega Evolved into Mega Manectric!
|-ability|p1a: Manectric|Intimidate|[of] p2a: Raikou
|-unboost|p2a: Raikou|atk|1
|move|p2a: Raikou|Shadow Ball|p1a: Manectric
|-damage|p1a: Manectric|178\/281
|move|p1a: Manectric|Flamethrower|p2a: Raikou
|-damage|p2a: Raikou|221\/321
|
|turn|6
|
|move|p1a: Manectric|Volt Switch|p2a: Raikou
|-resisted|p2a: Raikou
|-damage|p2a: Raikou|156\/321
|
|switch|p1a: Conkeldurr|Conkeldurr, F|414\/414
|move|p2a: Raikou|Volt Switch|p1a: Conkeldurr
|-damage|p1a: Conkeldurr|302\/414
|
|switch|p2a: Talonflame|Talonflame, M|298\/298
|
|turn|7
|
|switch|p1a: Landorus-Therian|Landorus-Therian, M|382\/382
|-ability|p1a: Landorus-Therian|Intimidate|[of] p2a: Talonflame
|-unboost|p2a: Talonflame|atk|1
|move|p2a: Talonflame|Brave Bird|p1a: Landorus-Therian
|-damage|p1a: Landorus-Therian|232\/382
|-damage|p2a: Talonflame|248\/298|[from] recoil|[of] p1a: Landorus-Therian
|
|-heal|p1a: Landorus-Therian|255\/382|[from] item: Leftovers
|turn|8
|
|move|p2a: Talonflame|Brave Bird|p1a: Landorus-Therian
|-damage|p1a: Landorus-Therian|111\/382
|-damage|p2a: Talonflame|200\/298|[from] recoil|[of] p1a: Landorus-Therian
|move|p1a: Landorus-Therian|Stealth Rock|p2a: Talonflame
|-sidestart|p2: Kama Sutra|move: Stealth Rock
|
|-heal|p1a: Landorus-Therian|134\/382|[from] item: Leftovers
|turn|9
|
|switch|p1a: Manectric|Manectric-Mega, F|178\/281
|-ability|p1a: Manectric|Intimidate|[of] p2a: Talonflame
|-unboost|p2a: Talonflame|atk|1
|move|p2a: Talonflame|Brave Bird|p1a: Manectric
|-resisted|p1a: Manectric
|-damage|p1a: Manectric|114\/281
|-damage|p2a: Talonflame|179\/298|[from] recoil|[of] p1a: Manectric
|
|turn|10
|
|switch|p2a: Raikou|Raikou|156\/321
|-damage|p2a: Raikou|116\/321|[from] Stealth Rock
|-ability|p2a: Raikou|Pressure
|move|p1a: Manectric|Volt Switch|p2a: Raikou
|-resisted|p2a: Raikou
|-damage|p2a: Raikou|73\/321
|
|switch|p1a: Gothitelle|Gothitelle, M|17\/282
|
|turn|11
|
|move|p1a: Gothitelle|Psyshock|p2a: Raikou
|-crit|p2a: Raikou
|-damage|p2a: Raikou|0 fnt
|faint|p2a: Raikou
|
|
|switch|p2a: Latias|Latias, F|304\/304
|-damage|p2a: Latias|266\/304|[from] Stealth Rock
|turn|12
|
|switch|p1a: Chansey|Chansey, F|704\/704
|move|p2a: Latias|Defog|p1a: Chansey
|-unboost|p1a: Chansey|evasion|1
|-sideend|p2: Kama Sutra|Stealth Rock|[from] move: Defog|[of] p2a: Latias
|
|turn|13
|
|switch|p2a: Landorus-Therian|Landorus-Therian, M|382\/382
|-ability|p2a: Landorus-Therian|Intimidate|[of] p1a: Chansey
|-unboost|p1a: Chansey|atk|1
|move|p1a: Chansey|Thunder Wave|p2a: Landorus-Therian
|-immune|p2a: Landorus-Therian|[msg]
|
|turn|14
|
|switch|p1a: Landorus-Therian|Landorus-Therian, M|134\/382
|-ability|p1a: Landorus-Therian|Intimidate|[of] p2a: Landorus-Therian
|-unboost|p2a: Landorus-Therian|atk|1
|move|p2a: Landorus-Therian|Stealth Rock|p1a: Landorus-Therian
|-sidestart|p1: opggnore|move: Stealth Rock
|
|-heal|p1a: Landorus-Therian|157\/382|[from] item: Leftovers
|turn|15
|
|move|p2a: Landorus-Therian|Stone Edge|p1a: Landorus-Therian
|-damage|p1a: Landorus-Therian|62\/382
|move|p1a: Landorus-Therian|Stealth Rock|p2a: Landorus-Therian
|-sidestart|p2: Kama Sutra|move: Stealth Rock
|
|-heal|p1a: Landorus-Therian|85\/382|[from] item: Leftovers
|turn|16
|
|switch|p1a: Gothitelle|Gothitelle, M|17\/282
|-damage|p1a: Gothitelle|0 fnt|[from] Stealth Rock
|faint|p1a: Gothitelle
|move|p2a: Landorus-Therian|Stone Edge|p1: Gothitelle|[notarget]
|-notarget
|
|
|switch|p1a: Manectric|Manectric-Mega, F|114\/281
|-damage|p1a: Manectric|79\/281|[from] Stealth Rock
|-ability|p1a: Manectric|Intimidate|[of] p2a: Landorus-Therian
|-unboost|p2a: Landorus-Therian|atk|1
|turn|17
|
|move|p1a: Manectric|Hidden Power|p2a: Landorus-Therian
|-supereffective|p2a: Landorus-Therian
|-damage|p2a: Landorus-Therian|42\/382
|move|p2a: Landorus-Therian|Earthquake|p1a: Manectric
|-supereffective|p1a: Manectric
|-damage|p1a: Manectric|0 fnt
|faint|p1a: Manectric
|
|-heal|p2a: Landorus-Therian|65\/382|[from] item: Leftovers
|
|switch|p1a: Azumarill|Azumarill, F|404\/404
|-damage|p1a: Azumarill|354\/404|[from] Stealth Rock
|turn|18
|
|move|p1a: Azumarill|Aqua Jet|p2a: Landorus-Therian
|-supereffective|p2a: Landorus-Therian
|-damage|p2a: Landorus-Therian|0 fnt
|faint|p2a: Landorus-Therian
|
|
|switch|p2a: Latias|Latias, F|266\/304
|-damage|p2a: Latias|228\/304|[from] Stealth Rock
|turn|19
|
|switch|p1a: Chansey|Chansey, F|704\/704
|-damage|p1a: Chansey|616\/704|[from] Stealth Rock
|move|p2a: Latias|Defog|p1a: Chansey
|-unboost|p1a: Chansey|evasion|1
|-sideend|p1: opggnore|Stealth Rock|[from] move: Defog|[of] p1a: Chansey
|-sideend|p2: Kama Sutra|Stealth Rock|[from] move: Defog|[of] p2a: Latias
|
|turn|20
|
|switch|p2a: Talonflame|Talonflame, M|179\/298
|move|p1a: Chansey|Thunder Wave|p2a: Talonflame
|-status|p2a: Talonflame|par
|
|turn|21
|
|move|p2a: Talonflame|Brave Bird|p1a: Chansey
|-damage|p1a: Chansey|336\/704
|-damage|p2a: Talonflame|87\/298 par|[from] recoil|[of] p1a: Chansey
|move|p1a: Chansey|Wish|p1a: Chansey
|
|turn|22
|
|move|p2a: Talonflame|Roost|p2a: Talonflame
|-heal|p2a: Talonflame|236\/298 par
|move|p1a: Chansey|Soft-Boiled|p1a: Chansey
|-heal|p1a: Chansey|688\/704
|
|-heal|p1a: Chansey|704\/704|[from] move: Wish|[wisher] Chansey
|turn|23
|
|move|p1a: Chansey|Wish|p1a: Chansey
|move|p2a: Talonflame|Swords Dance|p2a: Talonflame
|-boost|p2a: Talonflame|atk|2
|
|turn|24
|
|move|p2a: Talonflame|Brave Bird|p1a: Chansey
|-damage|p1a: Chansey|170\/704
|-damage|p2a: Talonflame|60\/298 par|[from] recoil|[of] p1a: Chansey
|move|p1a: Chansey|Seismic Toss|p2a: Talonflame
|-damage|p2a: Talonflame|0 fnt
|faint|p2a: Talonflame
|
|-heal|p1a: Chansey|522\/704|[from] move: Wish|[wisher] Chansey
|
|switch|p2a: Keldeo|Keldeo|323\/323
|turn|25
|
|switch|p1a: Landorus-Therian|Landorus-Therian, M|85\/382
|-ability|p1a: Landorus-Therian|Intimidate|[of] p2a: Keldeo
|-unboost|p2a: Keldeo|atk|1
|move|p2a: Keldeo|Secret Sword|p1a: Landorus-Therian
|-resisted|p1a: Landorus-Therian
|-damage|p1a: Landorus-Therian|8\/382
|
|-heal|p1a: Landorus-Therian|31\/382|[from] item: Leftovers
|turn|26
|
|move|p2a: Keldeo|Secret Sword|p1a: Landorus-Therian
|-resisted|p1a: Landorus-Therian
|-damage|p1a: Landorus-Therian|0 fnt
|faint|p1a: Landorus-Therian
|
|
|switch|p1a: Azumarill|Azumarill, F|354\/404
|turn|27
|
|move|p2a: Keldeo|Secret Sword|p1a: Azumarill
|-resisted|p1a: Azumarill
|-damage|p1a: Azumarill|259\/404
|move|p1a: Azumarill|Play Rough|p2a: Keldeo
|-supereffective|p2a: Keldeo
|-damage|p2a: Keldeo|0 fnt
|faint|p2a: Keldeo
|
|-message|Kama Sutra forfeited.
|
|win|opggnore
|raw|Ladder updating...
|leave|Kama Sutra
|player|p2
|raw|opggnore's rating: 1315 &rarr; <strong>1335<\/strong><br \/>(+20 for winning)
|raw|Kama Sutra's rating: 1312 &rarr; <strong>1292<\/strong><br \/>(-20 for losing)