|join|good alt alert
|join|Kama Sutra
|player|p1|good alt alert|266
|player|p2|Kama Sutra|107
|gametype|singles
|gen|6
|tier|OU (suspect test)
|rated
|clearpoke
|poke|p1|Gardevoir, F, shiny
|poke|p1|Landorus-Therian, M
|poke|p1|Latios, M
|poke|p1|Bisharp, M
|poke|p1|Breloom, M
|poke|p1|Archeops, M
|poke|p2|Talonflame, M
|poke|p2|Raikou, shiny
|poke|p2|Diancie
|poke|p2|Dragonite, F
|poke|p2|Azelf
|poke|p2|Diggersby, M
|rule|Swagger Clause: Swagger is banned
|rule|Baton Pass Clause: Limit one PokÃ©mon knowing Baton Pass
|rule|Sleep Clause Mod: Limit one foe put to sleep
|rule|Species Clause: Limit one of each PokÃ©mon
|rule|OHKO Clause: OHKO moves are banned
|rule|Moody Clause: Moody is banned
|rule|Evasion Moves Clause: Evasion moves are banned
|rule|Endless Battle Clause: Forcing endless battles is banned
|rule|HP Percentage Mod: HP is shown in percentages
|teampreview
|join|IAmGingy
|join|allinu
|join|jake5
|
|start
|switch|p1a: Bisharp|Bisharp, M|271\/271
|switch|p2a: Azelf|Azelf|291\/291
|turn|1
|
|move|p2a: Azelf|Fire Blast|p1a: Bisharp
|-supereffective|p1a: Bisharp
|-enditem|p1a: Bisharp|Focus Sash
|-damage|p1a: Bisharp|1\/271
|move|p1a: Bisharp|Knock Off|p2a: Azelf
|-supereffective|p2a: Azelf
|-enditem|p2a: Azelf|Focus Sash
|-damage|p2a: Azelf|1\/291
|
|turn|2
|
|move|p2a: Azelf|Stealth Rock|p1a: Bisharp
|-sidestart|p1: good alt alert|move: Stealth Rock
|move|p1a: Bisharp|Knock Off|p2a: Azelf
|-supereffective|p2a: Azelf
|-damage|p2a: Azelf|0 fnt
|faint|p2a: Azelf
|
|
|switch|p2a: Diggersby|Diggersby, M|311\/311
|turn|3
|
|move|p1a: Bisharp|Sucker Punch|p2a: Diggersby
|-fail|p2a: Diggersby
|move|p2a: Diggersby|Swords Dance|p2a: Diggersby
|-boost|p2a: Diggersby|atk|2
|
|turn|4
|
|move|p2a: Diggersby|Quick Attack|p1a: Bisharp
|-resisted|p1a: Bisharp
|-damage|p1a: Bisharp|0 fnt
|-damage|p2a: Diggersby|280\/311|[from] item: Life Orb
|faint|p1a: Bisharp
|
|
|switch|p1a: Landorus-Therian|Landorus-Therian, M|319\/319
|-damage|p1a: Landorus-Therian|280\/319|[from] Stealth Rock
|-ability|p1a: Landorus-Therian|Intimidate|[of] p2a: Diggersby
|-unboost|p2a: Diggersby|atk|1
|turn|5
|
|move|p1a: Landorus-Therian|Earthquake|p2a: Diggersby
|-damage|p2a: Diggersby|33\/311
|move|p2a: Diggersby|Frustration|p1a: Landorus-Therian
|-damage|p1a: Landorus-Therian|0 fnt
|-damage|p2a: Diggersby|2\/311|[from] item: Life Orb
|faint|p1a: Landorus-Therian
|
|
|switch|p1a: Archeops|Archeops, M|291\/291
|-damage|p1a: Archeops|219\/291|[from] Stealth Rock
|turn|6
|
|move|p2a: Diggersby|Quick Attack|p1a: Archeops
|-resisted|p1a: Archeops
|-damage|p1a: Archeops|103\/291
|-damage|p2a: Diggersby|0 fnt|[from] item: Life Orb
|faint|p2a: Diggersby
|move|p1a: Archeops|Stealth Rock|p2: Diggersby
|-sidestart|p2: Kama Sutra|move: Stealth Rock
|
|
|switch|p2a: Raikou|Raikou, shiny|321\/321
|-damage|p2a: Raikou|281\/321|[from] Stealth Rock
|-ability|p2a: Raikou|Pressure
|turn|7
|
|switch|p1a: Latios|Latios, M|301\/301
|-damage|p1a: Latios|264\/301|[from] Stealth Rock
|move|p2a: Raikou|Thunderbolt|p1a: Latios
|-resisted|p1a: Latios
|-damage|p1a: Latios|199\/301
|-status|p1a: Latios|par
|
|turn|8
|
|move|p2a: Raikou|Volt Switch|p1a: Latios
|-resisted|p1a: Latios
|-damage|p1a: Latios|143\/301 par
|
|switch|p2a: Diancie|Diancie|241\/241
|-damage|p2a: Diancie|211\/241|[from] Stealth Rock
|move|p1a: Latios|Draco Meteor|p2a: Diancie
|-immune|p2a: Diancie|[msg]
|
|turn|9
|c|âgood alt alert|this team is terrible ._.
|c|âgood alt alert|gg
|c|âKama Sutra|gg
|
|detailschange|p2a: Diancie|Diancie-Mega
|-mega|p2a: Diancie|Diancie|Diancite
|move|p2a: Diancie|Diamond Storm|p1a: Latios
|-damage|p1a: Latios|0 fnt
|faint|p1a: Latios
|
|
|switch|p1a: Gardevoir|Gardevoir, F, shiny|277\/277
|-damage|p1a: Gardevoir|243\/277|[from] Stealth Rock
|-ability|p1a: Gardevoir|Magic Bounce|[from] ability: Trace|[of] p2a: Diancie
|turn|10
|-message|good alt alert forfeited.
|leave|good alt alert
|
|win|Kama Sutra
|raw|Ladder updating...
|player|p1
|raw|good alt alert's rating: 1658 &rarr; <strong>1632<\/strong><br \/>(-26 for losing)
|raw|Kama Sutra's rating: 1555 &rarr; <strong>1580<\/strong><br \/>(+25 for winning)