|join|tbr
|join|Kama Sutra
|player|p1|tbr|1
|player|p2|Kama Sutra|78
|gametype|singles
|gen|6
|tier|OU (suspect test)
|rated
|clearpoke
|poke|p1|Latios, M
|poke|p1|Heatran, F
|poke|p1|Rotom-Wash
|poke|p1|Terrakion
|poke|p1|Landorus-Therian, M
|poke|p1|Venusaur, F
|poke|p2|Landorus, M
|poke|p2|Thundurus, M
|poke|p2|Medicham, M
|poke|p2|Ferrothorn, M
|poke|p2|Tentacruel, M
|poke|p2|Talonflame, M
|rule|Swagger Clause: Swagger is banned
|rule|Baton Pass Clause: Limit one PokÃ©mon knowing Baton Pass
|rule|Sleep Clause Mod: Limit one foe put to sleep
|rule|Species Clause: Limit one of each PokÃ©mon
|rule|OHKO Clause: OHKO moves are banned
|rule|Moody Clause: Moody is banned
|rule|Evasion Moves Clause: Evasion moves are banned
|rule|Endless Battle Clause: Forcing endless battles is banned
|rule|HP Percentage Mod: HP is shown in percentages
|teampreview
|
|start
|switch|p1a: Rotom-Wash|Rotom-Wash|304\/304
|switch|p2a: Ferrothorn|Ferrothorn, M|352\/352
|turn|1
|
|move|p1a: Rotom-Wash|Will-O-Wisp|p2a: Ferrothorn
|-status|p2a: Ferrothorn|brn
|move|p2a: Ferrothorn|Leech Seed|p1a: Rotom-Wash
|-start|p1a: Rotom-Wash|move: Leech Seed
|
|-damage|p1a: Rotom-Wash|266\/304|[from] Leech Seed|[of] p2a: Ferrothorn
|-damage|p2a: Ferrothorn|308\/352 brn|[from] brn
|turn|2
|
|switch|p1a: Heatran|Heatran, F|386\/386
|move|p2a: Ferrothorn|Spikes|p1a: Heatran
|-sidestart|p1: tbr|Spikes
|
|-heal|p2a: Ferrothorn|330\/352 brn|[from] item: Leftovers
|-damage|p2a: Ferrothorn|286\/352 brn|[from] brn
|turn|3
|
|switch|p2a: Tentacruel|Tentacruel, M|363\/363
|move|p1a: Heatran|Stealth Rock|p2a: Tentacruel
|-sidestart|p2: Kama Sutra|move: Stealth Rock
|
|turn|4
|
|move|p1a: Heatran|Lava Plume|p2a: Tentacruel
|-crit|p2a: Tentacruel
|-resisted|p2a: Tentacruel
|-damage|p2a: Tentacruel|310\/363
|move|p2a: Tentacruel|Rapid Spin|p1a: Heatran
|-resisted|p1a: Heatran
|-damage|p1a: Heatran|381\/386
|-sideend|p2: Kama Sutra|Stealth Rock|[from] move: Rapid Spin|[of] p2a: Tentacruel
|
|-heal|p1a: Heatran|386\/386|[from] item: Leftovers
|-heal|p2a: Tentacruel|332\/363|[from] item: Black Sludge
|turn|5
|
|move|p2a: Tentacruel|Scald|p1a: Heatran
|-supereffective|p1a: Heatran
|-damage|p1a: Heatran|260\/386
|move|p1a: Heatran|Lava Plume|p2a: Tentacruel
|-resisted|p2a: Tentacruel
|-damage|p2a: Tentacruel|294\/363
|-status|p2a: Tentacruel|brn
|
|-heal|p2a: Tentacruel|316\/363 brn|[from] item: Black Sludge
|-heal|p1a: Heatran|284\/386|[from] item: Leftovers
|-damage|p2a: Tentacruel|271\/363 brn|[from] brn
|turn|6
|
|move|p2a: Tentacruel|Scald|p1a: Heatran
|-supereffective|p1a: Heatran
|-damage|p1a: Heatran|156\/386
|move|p1a: Heatran|Stealth Rock|p2a: Tentacruel
|-sidestart|p2: Kama Sutra|move: Stealth Rock
|
|-heal|p2a: Tentacruel|293\/363 brn|[from] item: Black Sludge
|-heal|p1a: Heatran|180\/386|[from] item: Leftovers
|-damage|p2a: Tentacruel|248\/363 brn|[from] brn
|turn|7
|
|move|p1a: Heatran|Protect|p1a: Heatran
|-singleturn|p1a: Heatran|Protect
|move|p2a: Tentacruel|Rapid Spin|p1a: Heatran
|-activate|p1a: Heatran|Protect
|
|-heal|p2a: Tentacruel|270\/363 brn|[from] item: Black Sludge
|-heal|p1a: Heatran|204\/386|[from] item: Leftovers
|-damage|p2a: Tentacruel|225\/363 brn|[from] brn
|turn|8
|
|move|p1a: Heatran|Stealth Rock|p2a: Tentacruel
|-fail|p2a: Tentacruel
|move|p2a: Tentacruel|Rapid Spin|p1a: Heatran
|-resisted|p1a: Heatran
|-damage|p1a: Heatran|201\/386
|-sideend|p2: Kama Sutra|Stealth Rock|[from] move: Rapid Spin|[of] p2a: Tentacruel
|
|-heal|p1a: Heatran|225\/386|[from] item: Leftovers
|-heal|p2a: Tentacruel|247\/363 brn|[from] item: Black Sludge
|-damage|p2a: Tentacruel|202\/363 brn|[from] brn
|turn|9
|
|switch|p2a: Landorus|Landorus, M|319\/319
|move|p1a: Heatran|Stealth Rock|p2a: Landorus
|-sidestart|p2: Kama Sutra|move: Stealth Rock
|
|-heal|p1a: Heatran|249\/386|[from] item: Leftovers
|turn|10
|
|move|p1a: Heatran|Protect|p1a: Heatran
|-singleturn|p1a: Heatran|Protect
|move|p2a: Landorus|Sludge Wave|p1a: Heatran
|-immune|p1a: Heatran|[msg]
|
|-heal|p1a: Heatran|273\/386|[from] item: Leftovers
|turn|11
|
|switch|p1a: Latios|Latios, M|301\/301
|move|p2a: Landorus|Earth Power|p1a: Latios
|-immune|p1a: Latios|[msg]
|
|turn|12
|
|switch|p2a: Ferrothorn|Ferrothorn, M|286\/352 brn
|-damage|p2a: Ferrothorn|264\/352 brn|[from] Stealth Rock
|move|p1a: Latios|Draco Meteor|p2a: Ferrothorn
|-resisted|p2a: Ferrothorn
|-damage|p2a: Ferrothorn|159\/352 brn
|-unboost|p1a: Latios|spa|2
|-damage|p1a: Latios|271\/301|[from] item: Life Orb
|
|-heal|p2a: Ferrothorn|181\/352 brn|[from] item: Leftovers
|-damage|p2a: Ferrothorn|137\/352 brn|[from] brn
|turn|13
|
|switch|p1a: Venusaur|Venusaur, F|351\/351
|-damage|p1a: Venusaur|308\/351|[from] Spikes
|move|p2a: Ferrothorn|Spikes|p1a: Venusaur
|-sidestart|p1: tbr|Spikes
|
|-heal|p2a: Ferrothorn|159\/352 brn|[from] item: Leftovers
|-damage|p2a: Ferrothorn|115\/352 brn|[from] brn
|turn|14
|
|detailschange|p1a: Venusaur|Venusaur-Mega, F
|-mega|p1a: Venusaur|Venusaur|Venusaurite
|move|p1a: Venusaur|Hidden Power|p2a: Ferrothorn
|-supereffective|p2a: Ferrothorn
|-damage|p2a: Ferrothorn|0 fnt
|faint|p2a: Ferrothorn
|
|
|switch|p2a: Medicham|Medicham, M|261\/261
|-damage|p2a: Medicham|245\/261|[from] Stealth Rock
|turn|15
|
|switch|p1a: Rotom-Wash|Rotom-Wash|266\/304
|detailschange|p2a: Medicham|Medicham-Mega, M
|-mega|p2a: Medicham|Medicham|Medichamite
|move|p2a: Medicham|Zen Headbutt|p1a: Rotom-Wash
|-damage|p1a: Rotom-Wash|89\/304
|
|-heal|p1a: Rotom-Wash|108\/304|[from] item: Leftovers
|turn|16
|
|move|p2a: Medicham|High Jump Kick|p1a: Rotom-Wash
|-damage|p1a: Rotom-Wash|0 fnt
|faint|p1a: Rotom-Wash
|
|
|switch|p1a: Latios|Latios, M|271\/301
|turn|17
|
|switch|p2a: Tentacruel|Tentacruel, M|202\/363 brn
|-damage|p2a: Tentacruel|157\/363 brn|[from] Stealth Rock
|move|p1a: Latios|Draco Meteor|p2a: Tentacruel
|-damage|p2a: Tentacruel|0 fnt
|-unboost|p1a: Latios|spa|2
|-damage|p1a: Latios|241\/301|[from] item: Life Orb
|faint|p2a: Tentacruel
|
|
|switch|p2a: Landorus|Landorus, M|319\/319
|-damage|p2a: Landorus|280\/319|[from] Stealth Rock
|turn|18
|
|move|p1a: Latios|Draco Meteor|p2a: Landorus
|-damage|p2a: Landorus|108\/319
|-unboost|p1a: Latios|spa|2
|-damage|p1a: Latios|211\/301|[from] item: Life Orb
|move|p2a: Landorus|Sludge Wave|p1a: Latios
|-damage|p1a: Latios|36\/301
|
|turn|19
|
|move|p1a: Latios|Draco Meteor|p2a: Landorus|[miss]
|-miss|p1a: Latios|p2a: Landorus
|move|p2a: Landorus|Stealth Rock|p1a: Latios
|-sidestart|p1: tbr|move: Stealth Rock
|
|turn|20
|
|move|p1a: Latios|Draco Meteor|p2a: Landorus
|-damage|p2a: Landorus|0 fnt
|-unboost|p1a: Latios|spa|2
|-damage|p1a: Latios|6\/301|[from] item: Life Orb
|faint|p2a: Landorus
|
|
|switch|p2a: Medicham|Medicham-Mega, M|245\/261
|-damage|p2a: Medicham|229\/261|[from] Stealth Rock
|turn|21
|
|move|p2a: Medicham|Fake Out|p1a: Latios
|-damage|p1a: Latios|0 fnt
|faint|p1a: Latios
|
|
|switch|p1a: Landorus-Therian|Landorus-Therian, M|319\/319
|-damage|p1a: Landorus-Therian|280\/319|[from] Stealth Rock
|-ability|p1a: Landorus-Therian|Intimidate|[of] p2a: Medicham
|-unboost|p2a: Medicham|atk|1
|turn|22
|
|switch|p2a: Talonflame|Talonflame, M|297\/297
|-damage|p2a: Talonflame|149\/297|[from] Stealth Rock
|move|p1a: Landorus-Therian|U-turn|p2a: Talonflame
|-resisted|p2a: Talonflame
|-damage|p2a: Talonflame|121\/297
|
|switch|p1a: Heatran|Heatran, F|273\/386
|-damage|p1a: Heatran|225\/386|[from] Stealth Rock
|-damage|p1a: Heatran|161\/386|[from] Spikes
|
|-heal|p1a: Heatran|185\/386|[from] item: Leftovers
|turn|23
|
|move|p2a: Talonflame|Brave Bird|p1a: Heatran
|-resisted|p1a: Heatran
|-damage|p1a: Heatran|62\/386
|-damage|p2a: Talonflame|80\/297|[from] recoil|[of] p1a: Heatran
|move|p1a: Heatran|Toxic|p2a: Talonflame
|-status|p2a: Talonflame|tox
|
|-heal|p1a: Heatran|86\/386|[from] item: Leftovers
|-damage|p2a: Talonflame|62\/297 tox|[from] psn
|turn|24
|
|move|p1a: Heatran|Protect|p1a: Heatran
|-singleturn|p1a: Heatran|Protect
|move|p2a: Talonflame|Brave Bird|p1a: Heatran
|-activate|p1a: Heatran|Protect
|
|-heal|p1a: Heatran|110\/386|[from] item: Leftovers
|-damage|p2a: Talonflame|26\/297 tox|[from] psn
|turn|25
|
|move|p1a: Heatran|Protect|p1a: Heatran
|-singleturn|p1a: Heatran|Protect
|move|p2a: Talonflame|Brave Bird|p1a: Heatran
|-activate|p1a: Heatran|Protect
|
|-heal|p1a: Heatran|134\/386|[from] item: Leftovers
|-damage|p2a: Talonflame|0 fnt|[from] psn
|faint|p2a: Talonflame
|
|switch|p2a: Thundurus|Thundurus, M|299\/299
|-damage|p2a: Thundurus|225\/299|[from] Stealth Rock
|turn|26
|
|move|p2a: Thundurus|Nasty Plot|p2a: Thundurus
|-boost|p2a: Thundurus|spa|2
|move|p1a: Heatran|Lava Plume|p2a: Thundurus
|-damage|p2a: Thundurus|86\/299
|-status|p2a: Thundurus|brn
|
|-heal|p1a: Heatran|158\/386|[from] item: Leftovers
|-damage|p2a: Thundurus|49\/299 brn|[from] brn
|turn|27
|
|move|p1a: Heatran|Protect|p1a: Heatran
|-singleturn|p1a: Heatran|Protect
|move|p2a: Thundurus|Thunderbolt|p1a: Heatran
|-activate|p1a: Heatran|Protect
|
|-heal|p1a: Heatran|182\/386|[from] item: Leftovers
|-damage|p2a: Thundurus|12\/299 brn|[from] brn
|turn|28
|
|move|p1a: Heatran|Protect|p1a: Heatran
|-singleturn|p1a: Heatran|Protect
|move|p2a: Thundurus|Thunderbolt|p1a: Heatran
|-activate|p1a: Heatran|Protect
|
|-heal|p1a: Heatran|206\/386|[from] item: Leftovers
|-damage|p2a: Thundurus|0 fnt|[from] brn
|faint|p2a: Thundurus
|
|switch|p2a: Medicham|Medicham-Mega, M|229\/261
|-damage|p2a: Medicham|213\/261|[from] Stealth Rock
|turn|29
|
|move|p2a: Medicham|High Jump Kick|p1a: Heatran
|-supereffective|p1a: Heatran
|-damage|p1a: Heatran|0 fnt
|faint|p1a: Heatran
|
|
|switch|p1a: Landorus-Therian|Landorus-Therian, M|280\/319
|-damage|p1a: Landorus-Therian|241\/319|[from] Stealth Rock
|-ability|p1a: Landorus-Therian|Intimidate|[of] p2a: Medicham
|-unboost|p2a: Medicham|atk|1
|turn|30
|
|move|p1a: Landorus-Therian|Earthquake|p2a: Medicham
|-damage|p2a: Medicham|0 fnt
|faint|p2a: Medicham
|
|win|tbr
|raw|Ladder updating...
|raw|tbr's rating: 1343 &rarr; <strong>1364<\/strong><br \/>(+21 for winning)
|raw|Kama Sutra's rating: 1361 &rarr; <strong>1340<\/strong><br \/>(-21 for losing)
|leave|Kama Sutra
|player|p2