|join|Top Dog Itb
|join|Kama Sutra
|player|p1|Top Dog Itb|33
|player|p2|Kama Sutra|141
|gametype|singles
|gen|6
|tier|OU (suspect test)
|rated
|clearpoke
|poke|p1|Landorus, M
|poke|p1|Tyranitar, F
|poke|p1|Venusaur, M
|poke|p1|Excadrill, F
|poke|p1|Keldeo-Resolute
|poke|p1|Thundurus, M
|poke|p2|Shuckle, M
|poke|p2|Manaphy
|poke|p2|Heracross, M
|poke|p2|Bisharp, M
|poke|p2|Zapdos
|poke|p2|Garchomp, M
|rule|Swagger Clause: Swagger is banned
|rule|Baton Pass Clause: Limit one PokÃ©mon knowing Baton Pass
|rule|Sleep Clause Mod: Limit one foe put to sleep
|rule|Species Clause: Limit one of each PokÃ©mon
|rule|OHKO Clause: OHKO moves are banned
|rule|Moody Clause: Moody is banned
|rule|Evasion Moves Clause: Evasion moves are banned
|rule|Endless Battle Clause: Forcing endless battles is banned
|rule|HP Percentage Mod: HP is shown in percentages
|teampreview
|join|power abuse
|
|start
|switch|p1a: spray tanned|Keldeo-Resolute|323\/323
|switch|p2a: Heracross|Heracross, M|308\/308
|turn|1
|
|detailschange|p2a: Heracross|Heracross-Mega, M
|message|Heracross has Mega Evolved into Mega Heracross!
|move|p1a: spray tanned|Hydro Pump|p2a: Heracross
|-damage|p2a: Heracross|28\/308
|move|p2a: Heracross|Close Combat|p1a: spray tanned
|-damage|p1a: spray tanned|0 fnt
|-unboost|p2a: Heracross|def|1
|-unboost|p2a: Heracross|spd|1
|faint|p1a: spray tanned
|
|
|switch|p1a: rip in peace|Landorus, M|319\/319
|turn|2
|
|switch|p2a: Zapdos|Zapdos|322\/322
|-ability|p2a: Zapdos|Pressure
|move|p1a: rip in peace|Knock Off|p2a: Zapdos
|-damage|p2a: Zapdos|184\/322
|-enditem|p2a: Zapdos|Leftovers|[from] move: Knock Off|[of] p1a: rip in peace
|-damage|p1a: rip in peace|288\/319|[from] item: Life Orb
|
|turn|3
|
|move|p1a: rip in peace|Psychic|p2a: Zapdos
|-damage|p2a: Zapdos|18\/322
|move|p2a: Zapdos|Roost|p2a: Zapdos
|-heal|p2a: Zapdos|179\/322
|
|turn|4
|
|move|p1a: rip in peace|Psychic|p2a: Zapdos
|-damage|p2a: Zapdos|1\/322
|move|p2a: Zapdos|Hidden Power|p1a: rip in peace
|-supereffective|p1a: rip in peace
|-damage|p1a: rip in peace|0 fnt
|faint|p1a: rip in peace
|
|
|switch|p1a: rof|Thundurus, M|299\/299
|turn|5
|
|move|p1a: rof|Hidden Power|p2a: Zapdos
|-supereffective|p2a: Zapdos
|-damage|p2a: Zapdos|0 fnt
|-damage|p1a: rof|270\/299|[from] item: Life Orb
|faint|p2a: Zapdos
|
|
|switch|p2a: Shuckle|Shuckle, M|244\/244
|turn|6
|
|switch|p1a: space godzilla|Tyranitar, F|403\/403
|-weather|Sandstorm
|move|p2a: Shuckle|Sticky Web|p1a: space godzilla
|-sidestart|p1: Top Dog Itb|move: Sticky Web
|
|-weather|Sandstorm|[upkeep]
|turn|7
|
|move|p1a: space godzilla|Stealth Rock|p2a: Shuckle
|-sidestart|p2: Kama Sutra|move: Stealth Rock
|move|p2a: Shuckle|Stealth Rock|p1a: space godzilla
|-sidestart|p1: Top Dog Itb|move: Stealth Rock
|
|-weather|Sandstorm|[upkeep]
|turn|8
|
|switch|p1a: johnning|Excadrill, F|362\/362
|-activate|p1a: johnning|move: Sticky Web
|-unboost|p1a: johnning|spe|1
|-damage|p1a: johnning|351\/362|[from] Stealth Rock
|switch|p2a: Heracross|Heracross-Mega, M|28\/308
|-damage|p2a: Heracross|0 fnt|[from] Stealth Rock
|faint|p2a: Heracross
|
|-weather|Sandstorm|[upkeep]
|
|switch|p2a: Garchomp|Garchomp, M|358\/358
|-damage|p2a: Garchomp|336\/358|[from] Stealth Rock
|turn|9
|
|switch|p1a: rof|Thundurus, M|270\/299
|-damage|p1a: rof|196\/299|[from] Stealth Rock
|move|p2a: Garchomp|Earthquake|p1a: rof
|-immune|p1a: rof|[msg]
|
|-weather|Sandstorm|[upkeep]
|-damage|p1a: rof|178\/299|[from] sandstorm
|turn|10
|
|switch|p2a: Bisharp|Bisharp, M|272\/272
|-damage|p2a: Bisharp|255\/272|[from] Stealth Rock
|switch|p1a: johnning|Excadrill, F|351\/362
|-damage|p1a: johnning|340\/362|[from] Stealth Rock
|-activate|p1a: johnning|move: Sticky Web
|-unboost|p1a: johnning|spe|1
|
|-weather|Sandstorm|[upkeep]
|turn|11
|
|move|p2a: Bisharp|Sucker Punch|p1a: johnning
|-damage|p1a: johnning|44\/362
|-damage|p2a: Bisharp|228\/272|[from] item: Life Orb
|move|p1a: johnning|Earthquake|p2a: Bisharp
|-supereffective|p2a: Bisharp
|-damage|p2a: Bisharp|0 fnt
|-damage|p1a: johnning|8\/362|[from] item: Life Orb
|faint|p2a: Bisharp
|
|-weather|Sandstorm|[upkeep]
|
|switch|p2a: Garchomp|Garchomp, M|336\/358
|-damage|p2a: Garchomp|314\/358|[from] Stealth Rock
|turn|12
|
|move|p2a: Garchomp|Dragon Claw|p1a: johnning
|-crit|p1a: johnning
|-resisted|p1a: johnning
|-damage|p1a: johnning|0 fnt
|faint|p1a: johnning
|
|-weather|Sandstorm|[upkeep]
|
|switch|p1a: bringing the bulk|Venusaur, M|350\/350
|-damage|p1a: bringing the bulk|307\/350|[from] Stealth Rock
|-activate|p1a: bringing the bulk|move: Sticky Web
|-unboost|p1a: bringing the bulk|spe|1
|turn|13
|
|switch|p2a: Shuckle|Shuckle, M|244\/244
|-damage|p2a: Shuckle|183\/244|[from] Stealth Rock
|detailschange|p1a: bringing the bulk|Venusaur-Mega, M
|message|Venusaur has Mega Evolved into Mega Venusaur!
|move|p1a: bringing the bulk|Giga Drain|p2a: Shuckle
|-damage|p2a: Shuckle|146\/244
|-heal|p1a: bringing the bulk|326\/350|[from] drain|[of] p2a: Shuckle
|
|-weather|none
|turn|14
|
|move|p1a: bringing the bulk|Sleep Powder|p2a: Shuckle
|-status|p2a: Shuckle|slp
|cant|p2a: Shuckle|slp
|
|turn|15
|
|move|p1a: bringing the bulk|Giga Drain|p2a: Shuckle
|-damage|p2a: Shuckle|91\/244 slp
|-heal|p1a: bringing the bulk|350\/350|[from] drain|[of] p2a: Shuckle
|cant|p2a: Shuckle|slp
|
|turn|16
|
|move|p1a: bringing the bulk|Giga Drain|p2a: Shuckle
|-damage|p2a: Shuckle|34\/244 slp
|-curestatus|p2a: Shuckle|slp
|move|p2a: Shuckle|Encore|p1a: bringing the bulk
|-start|p1a: bringing the bulk|Encore
|
|turn|17
|
|move|p1a: bringing the bulk|Giga Drain|p2a: Shuckle
|-damage|p2a: Shuckle|0 fnt
|faint|p2a: Shuckle
|
|
|switch|p2a: Manaphy|Manaphy|341\/341
|-damage|p2a: Manaphy|299\/341|[from] Stealth Rock
|turn|18
|
|move|p2a: Manaphy|Tail Glow|p2a: Manaphy
|-boost|p2a: Manaphy|spa|3
|move|p1a: bringing the bulk|Giga Drain|p2a: Manaphy
|-supereffective|p2a: Manaphy
|-damage|p2a: Manaphy|5\/341
|
|turn|19
|
|switch|p1a: space godzilla|Tyranitar, F|403\/403
|-damage|p1a: space godzilla|353\/403|[from] Stealth Rock
|-activate|p1a: space godzilla|move: Sticky Web
|-unboost|p1a: space godzilla|spe|1
|-weather|Sandstorm
|move|p2a: Manaphy|Psychic|p1a: space godzilla
|-immune|p1a: space godzilla|[msg]
|
|-weather|Sandstorm|[upkeep]
|-damage|p2a: Manaphy|0 fnt|[from] sandstorm
|faint|p2a: Manaphy
|
|switch|p2a: Garchomp|Garchomp, M|314\/358
|-damage|p2a: Garchomp|292\/358|[from] Stealth Rock
|turn|20
|
|move|p2a: Garchomp|Outrage|p1a: space godzilla
|-damage|p1a: space godzilla|158\/403
|move|p1a: space godzilla|Ice Beam|p2a: Garchomp
|-supereffective|p2a: Garchomp
|-damage|p2a: Garchomp|0 fnt
|faint|p2a: Garchomp
|
|win|Top Dog Itb
|raw|Ladder updating...
|raw|Top Dog Itb's rating: 1454 &rarr; <strong>1468<\/strong><br \/>(+14 for winning)
|raw|Kama Sutra's rating: 1347 &rarr; <strong>1333<\/strong><br \/>(-14 for losing)
|chat|Top Dog Itb|gg
|leave|Kama Sutra
|player|p2