|join|King UU
|join|Metal Sonic
|player|p1|King UU|22
|player|p2|Metal Sonic|102
|gametype|singles
|gen|6
|tier|UU
|rule|Sleep Clause Mod: Limit one foe put to sleep
|rule|Species Clause: Limit one of each PokÃ©mon
|rule|OHKO Clause: OHKO moves are banned
|rule|Moody Clause: Moody is banned
|rule|Evasion Moves Clause: Evasion moves are banned
|rule|Endless Battle Clause: Forcing endless battles is banned
|rule|HP Percentage Mod: HP is shown in percentages
|clearpoke
|poke|p1|Zygarde
|poke|p1|Cresselia, F
|poke|p1|Snorlax, F
|poke|p1|Empoleon, F
|poke|p1|Absol, M
|poke|p1|Yanmega, F
|poke|p2|Hydreigon, M
|poke|p2|Chesnaught, F
|poke|p2|Diancie
|poke|p2|Rotom-Heat
|poke|p2|Blastoise, M
|poke|p2|Doublade, F
|rule|Swagger Clause: Swagger is banned
|rule|Baton Pass Clause: Limit one PokÃ©mon knowing Baton Pass
|teampreview
|join|Goyim UU
|join|thisbemyfault
|join|DrReuniclus3
|join|Cautious
|c|âMetal Sonic|i pretended to be a girl
|leave|DrReuniclus3
|c|âMetal Sonic|and this horny 15 year old
|c|âMetal Sonic|is asking shit questions
|c|âMetal Sonic|rofl
|c|âKing UU|nb
|c|âKing UU|for a sunday
|join|OGWanka
|join|Meowiekins
|c|âMetal Sonic|this should be the finals
|c|âMetal Sonic|not the
|c|âMetal Sonic|2nd game
|c|âMetal Sonic|lawl
|c|âKing UU|lol
|c|âKing UU|3rd for me
|c| Meowiekins|^_^_^_^_^
|
|start
|switch|p1a: Cresselia|Cresselia, F|444\/444
|switch|p2a: Rotom-Heat|Rotom-Heat|289\/289
|turn|1
|
|move|p1a: Cresselia|Substitute|p1a: Cresselia
|-start|p1a: Cresselia|Substitute
|-damage|p1a: Cresselia|333\/444
|move|p2a: Rotom-Heat|Will-O-Wisp|p1a: Cresselia
|
|-heal|p1a: Cresselia|360\/444|[from] item: Leftovers
|turn|2
|
|move|p1a: Cresselia|Calm Mind|p1a: Cresselia
|-boost|p1a: Cresselia|spa|1
|-boost|p1a: Cresselia|spd|1
|move|p2a: Rotom-Heat|Volt Switch|p1a: Cresselia
|-activate|p1a: Cresselia|Substitute|[damage]
|join|secret kekleon
|
|switch|p2a: Doublade|Doublade, F|321\/321
|
|-heal|p1a: Cresselia|387\/444|[from] item: Leftovers
|turn|3
|join|the fun in this
|join|Mighty Dagon
|
|switch|p1a: Absol|Absol, M|271\/271
|-ability|p1a: Absol|Pressure
|move|p2a: Doublade|Swords Dance|p2a: Doublade
|-boost|p2a: Doublade|atk|2
|
|turn|4
|
|switch|p2a: Diancie|Diancie|289\/289
|detailschange|p1a: Absol|Absol-Mega, M
|-mega|p1a: Absol|Absol|Absolite
|move|p1a: Absol|Knock Off|p2a: Diancie
|-resisted|p2a: Diancie
|-damage|p2a: Diancie|224\/289
|-enditem|p2a: Diancie|Leftovers|[from] move: Knock Off|[of] p1a: Absol
|
|turn|5
|join|Thisbemyalt
|
|switch|p1a: Empoleon|Empoleon, F|372\/372
|move|p2a: Diancie|Moonblast|p1a: Empoleon
|-resisted|p1a: Empoleon
|-damage|p1a: Empoleon|324\/372
|
|-heal|p1a: Empoleon|347\/372|[from] item: Leftovers
|turn|6
|
|move|p1a: Empoleon|Stealth Rock|p2a: Diancie
|-sidestart|p2: Metal Sonic|move: Stealth Rock
|move|p2a: Diancie|Stealth Rock|p1a: Empoleon
|-sidestart|p1: King UU|move: Stealth Rock
|
|-heal|p1a: Empoleon|370\/372|[from] item: Leftovers
|turn|7
|join|willwolf
|
|switch|p2a: Blastoise|Blastoise, M|353\/353
|-damage|p2a: Blastoise|309\/353|[from] Stealth Rock
|move|p1a: Empoleon|Scald|p2a: Blastoise
|-resisted|p2a: Blastoise
|-damage|p2a: Blastoise|258\/353
|-status|p2a: Blastoise|brn
|
|-heal|p1a: Empoleon|372\/372|[from] item: Leftovers
|-damage|p2a: Blastoise|214\/353 brn|[from] brn
|turn|8
|join|DatGuyChuck
|c| DatGuyChuck|kink can you shrek him
|
|detailschange|p2a: Blastoise|Blastoise-Mega, M
|-mega|p2a: Blastoise|Blastoise|Blastoisinite
|move|p2a: Blastoise|Rapid Spin|p1a: Empoleon
|-resisted|p1a: Empoleon
|-damage|p1a: Empoleon|369\/372
|-sideend|p2: Metal Sonic|Stealth Rock|[from] move: Rapid Spin|[of] p2a: Blastoise
|move|p1a: Empoleon|Defog|p2a: Blastoise
|-unboost|p2a: Blastoise|evasion|1
|-sideend|p1: King UU|Stealth Rock|[from] move: Defog|[of] p1a: Empoleon
|
|-heal|p1a: Empoleon|372\/372|[from] item: Leftovers
|-damage|p2a: Blastoise|170\/353 brn|[from] brn
|turn|9
|c| DatGuyChuck|thanks
|
|switch|p2a: Chesnaught|Chesnaught, F|369\/369
|move|p1a: Empoleon|Stealth Rock|p2a: Chesnaught
|-sidestart|p2: Metal Sonic|move: Stealth Rock
|
|turn|10
|join|Kyla's Nightmare
|
|switch|p1a: Yanmega|Yanmega, F|313\/313
|move|p2a: Chesnaught|Substitute|p2a: Chesnaught
|-start|p2a: Chesnaught|Substitute
|-damage|p2a: Chesnaught|277\/369
|
|-heal|p2a: Chesnaught|300\/369|[from] item: Leftovers
|turn|11
|c| Goyim UU|metal sonic you suck
|
|move|p1a: Yanmega|Bug Buzz|p2a: Chesnaught
|-damage|p2a: Chesnaught|54\/369
|-damage|p1a: Yanmega|282\/313|[from] item: Life Orb
|move|p2a: Chesnaught|Leech Seed|p1a: Yanmega
|-start|p1a: Yanmega|move: Leech Seed
|
|-heal|p2a: Chesnaught|77\/369|[from] item: Leftovers
|-damage|p1a: Yanmega|243\/313|[from] Leech Seed|[of] p2a: Chesnaught
|-heal|p2a: Chesnaught|116\/369|[silent]
|-boost|p1a: Yanmega|spe|1|[from] ability: Speed Boost
|turn|12
|c|âKing UU|You guys need to
|c| DatGuyChuck|lol nice subseed
|c|âKing UU|shut up
|c| DatGuyChuck|k
|
|switch|p1a: Empoleon|Empoleon, F|372\/372
|switch|p2a: Diancie|Diancie|224\/289
|-damage|p2a: Diancie|188\/289|[from] Stealth Rock
|
|turn|13
|c|âKing UU|Sorry, metal sonic
|c|âKing UU|they get excited, my UUers
|c| willwolf|scald go
|c| DatGuyChuck|^
|
|switch|p2a: Blastoise|Blastoise-Mega, M|170\/353 brn
|-damage|p2a: Blastoise|126\/353 brn|[from] Stealth Rock
|move|p1a: Empoleon|Scald|p2a: Blastoise
|-resisted|p2a: Blastoise
|-damage|p2a: Blastoise|80\/353 brn
|
|-damage|p2a: Blastoise|36\/353 brn|[from] brn
|turn|14
|
|move|p2a: Blastoise|Dark Pulse|p1a: Empoleon
|-damage|p1a: Empoleon|229\/372
|move|p1a: Empoleon|Stealth Rock|p2a: Blastoise
|-fail|p2a: Blastoise
|
|-heal|p1a: Empoleon|252\/372|[from] item: Leftovers
|-damage|p2a: Blastoise|0 fnt|[from] brn
|faint|p2a: Blastoise
|c| secret kekleon|u spin me right round
|
|switch|p2a: Chesnaught|Chesnaught, F|116\/369
|-damage|p2a: Chesnaught|93\/369|[from] Stealth Rock
|turn|15
|c| DatGuyChuck|guys stop
|c| Goyim UU|>my uuers
|c| DatGuyChuck|you heard the man
|
|move|p2a: Chesnaught|Leech Seed|p1a: Empoleon
|-start|p1a: Empoleon|move: Leech Seed
|move|p1a: Empoleon|Roar|p2a: Chesnaught
|drag|p2a: Doublade|Doublade, F|321\/321
|-damage|p2a: Doublade|301\/321|[from] Stealth Rock
|
|-heal|p1a: Empoleon|275\/372|[from] item: Leftovers
|-damage|p1a: Empoleon|229\/372|[from] Leech Seed|[of] p2a: Doublade
|-heal|p2a: Doublade|321\/321|[silent]
|turn|16
|c| secret kekleon|uusers imoo
|c| thisbemyfault|``~~__**LMOA WTF IS A UUER**__~~``
|
|switch|p1a: Zygarde|Zygarde|357\/357
|-ability|p1a: Zygarde|Aura Break
|move|p2a: Doublade|Sacred Sword|p1a: Zygarde
|-damage|p1a: Zygarde|281\/357
|
|turn|17
|c| DatGuyChuck|well at the end of the day we are working for kink
|c| Goyim UU|^
|c|âKing UU|lol
|c|âKing UU|this isn't a job
|c|âKing UU|it's a pokemon sim
|c| Goyim UU|jews rule the world
|
|switch|p2a: Hydreigon|Hydreigon, M|325\/325
|-damage|p2a: Hydreigon|285\/325|[from] Stealth Rock
|move|p1a: Zygarde|Dragon Dance|p1a: Zygarde
|-boost|p1a: Zygarde|atk|1
|-boost|p1a: Zygarde|spe|1
|
|turn|18
|c| Goyim UU|jews=illuminati
|leave|Thisbemyalt
|c| DatGuyChuck|kink its cos you dont take it seriously enough
|c| DatGuyChuck|imo
|c|âMetal Sonic|uh oh
|
|move|p2a: Hydreigon|Draco Meteor|p1a: Zygarde
|-crit|p1a: Zygarde
|-supereffective|p1a: Zygarde
|-damage|p1a: Zygarde|0 fnt
|-unboost|p2a: Hydreigon|spa|2
|faint|p1a: Zygarde
|
|c| DatGuyChuck|bop
|
|switch|p1a: Absol|Absol-Mega, M|271\/271
|turn|19
|c| OGWanka|epic
|
|switch|p2a: Diancie|Diancie|188\/289
|-damage|p2a: Diancie|152\/289|[from] Stealth Rock
|move|p1a: Absol|Swords Dance|p1a: Absol
|-boost|p1a: Absol|atk|2
|
|turn|20
|leave|OGWanka
|c|âMetal Sonic|your team is heavy
|leave|willwolf
|
|move|p1a: Absol|Superpower|p2a: Diancie
|-damage|p2a: Diancie|0 fnt
|-unboost|p1a: Absol|atk|1
|-unboost|p1a: Absol|def|1
|faint|p2a: Diancie
|
|c|âKing UU|Seemingly heavy
|
|switch|p2a: Hydreigon|Hydreigon, M|285\/325
|-damage|p2a: Hydreigon|245\/325|[from] Stealth Rock
|turn|21
|c|âKing UU|it has a lot of win conditions
|c|âKing UU|I packed it with win conditions
|c|âMetal Sonic|i like that
|
|switch|p1a: Empoleon|Empoleon, F|229\/372
|move|p2a: Hydreigon|U-turn|p1a: Empoleon
|-resisted|p1a: Empoleon
|-damage|p1a: Empoleon|207\/372
|c| Meowiekins|everything is win con except empoleon
|c|âKing UU|mhm
|
|switch|p2a: Chesnaught|Chesnaught, F|93\/369
|-damage|p2a: Chesnaught|70\/369|[from] Stealth Rock
|
|-heal|p2a: Chesnaught|93\/369|[from] item: Leftovers
|-heal|p1a: Empoleon|230\/372|[from] item: Leftovers
|turn|22
|
|move|p2a: Chesnaught|Leech Seed|p1a: Empoleon
|-start|p1a: Empoleon|move: Leech Seed
|move|p1a: Empoleon|Roar|p2a: Chesnaught
|drag|p2a: Rotom-Heat|Rotom-Heat|289\/289
|-damage|p2a: Rotom-Heat|217\/289|[from] Stealth Rock
|
|-heal|p2a: Rotom-Heat|235\/289|[from] item: Leftovers
|-heal|p1a: Empoleon|253\/372|[from] item: Leftovers
|-damage|p1a: Empoleon|207\/372|[from] Leech Seed|[of] p2a: Rotom-Heat
|-heal|p2a: Rotom-Heat|281\/289|[silent]
|turn|23
|
|switch|p1a: Snorlax|Snorlax, F|497\/497
|move|p2a: Rotom-Heat|Volt Switch|p1a: Snorlax
|-damage|p1a: Snorlax|430\/497
|
|switch|p2a: Chesnaught|Chesnaught, F|93\/369
|-damage|p2a: Chesnaught|70\/369|[from] Stealth Rock
|
|-heal|p2a: Chesnaught|93\/369|[from] item: Leftovers
|-heal|p1a: Snorlax|461\/497|[from] item: Leftovers
|turn|24
|
|switch|p1a: Yanmega|Yanmega, F|243\/313
|move|p2a: Chesnaught|Leech Seed|p1a: Yanmega
|-start|p1a: Yanmega|move: Leech Seed
|
|-heal|p2a: Chesnaught|116\/369|[from] item: Leftovers
|-damage|p1a: Yanmega|204\/313|[from] Leech Seed|[of] p2a: Chesnaught
|-heal|p2a: Chesnaught|155\/369|[silent]
|turn|25
|
|switch|p1a: Absol|Absol-Mega, M|271\/271
|switch|p2a: Rotom-Heat|Rotom-Heat|281\/289
|-damage|p2a: Rotom-Heat|209\/289|[from] Stealth Rock
|
|-heal|p2a: Rotom-Heat|227\/289|[from] item: Leftovers
|turn|26
|
|move|p1a: Absol|Knock Off|p2a: Rotom-Heat
|-damage|p2a: Rotom-Heat|32\/289
|-enditem|p2a: Rotom-Heat|Leftovers|[from] move: Knock Off|[of] p1a: Absol
|move|p2a: Rotom-Heat|Overheat|p1a: Absol
|-damage|p1a: Absol|18\/271
|-unboost|p2a: Rotom-Heat|spa|2
|
|turn|27
|c|âMetal Sonic|shoot
|
|move|p1a: Absol|Knock Off|p2a: Rotom-Heat
|-damage|p2a: Rotom-Heat|0 fnt
|faint|p2a: Rotom-Heat
|
|
|switch|p2a: Doublade|Doublade, F|321\/321
|-damage|p2a: Doublade|301\/321|[from] Stealth Rock
|turn|28
|
|move|p2a: Doublade|Shadow Sneak|p1a: Absol
|-resisted|p1a: Absol
|-damage|p1a: Absol|0 fnt
|faint|p1a: Absol
|
|
|switch|p1a: Empoleon|Empoleon, F|207\/372
|turn|29
|
|switch|p2a: Chesnaught|Chesnaught, F|155\/369
|-damage|p2a: Chesnaught|132\/369|[from] Stealth Rock
|move|p1a: Empoleon|Scald|p2a: Chesnaught
|-resisted|p2a: Chesnaught
|-damage|p2a: Chesnaught|69\/369
|
|-heal|p2a: Chesnaught|92\/369|[from] item: Leftovers
|-heal|p1a: Empoleon|230\/372|[from] item: Leftovers
|turn|30
|
|move|p2a: Chesnaught|Leech Seed|p1a: Empoleon
|-start|p1a: Empoleon|move: Leech Seed
|move|p1a: Empoleon|Scald|p2a: Chesnaught
|-resisted|p2a: Chesnaught
|-damage|p2a: Chesnaught|31\/369
|-status|p2a: Chesnaught|brn
|
|-heal|p2a: Chesnaught|54\/369 brn|[from] item: Leftovers
|-heal|p1a: Empoleon|253\/372|[from] item: Leftovers
|-damage|p1a: Empoleon|207\/372|[from] Leech Seed|[of] p2a: Chesnaught
|-heal|p2a: Chesnaught|100\/369 brn|[silent]
|-damage|p2a: Chesnaught|54\/369 brn|[from] brn
|turn|31
|
|move|p2a: Chesnaught|Wood Hammer|p1a: Empoleon
|-damage|p1a: Empoleon|141\/372
|-damage|p2a: Chesnaught|32\/369 brn|[from] recoil|[of] p1a: Empoleon
|move|p1a: Empoleon|Scald|p2a: Chesnaught
|-resisted|p2a: Chesnaught
|-damage|p2a: Chesnaught|0 fnt
|faint|p2a: Chesnaught
|
|-heal|p1a: Empoleon|164\/372|[from] item: Leftovers
|
|switch|p2a: Doublade|Doublade, F|301\/321
|-damage|p2a: Doublade|281\/321|[from] Stealth Rock
|turn|32
|c|âMetal Sonic|no burn
|c|âMetal Sonic|plz
|c| Goyim UU|king do you eat pork?
|
|move|p1a: Empoleon|Scald|p2a: Doublade
|-damage|p2a: Doublade|184\/321
|-status|p2a: Doublade|brn
|move|p2a: Doublade|Sacred Sword|p1a: Empoleon
|-supereffective|p1a: Empoleon
|-damage|p1a: Empoleon|88\/372
|
|-heal|p1a: Empoleon|111\/372|[from] item: Leftovers
|-damage|p1a: Empoleon|65\/372|[from] Leech Seed|[of] p2a: Doublade
|-heal|p2a: Doublade|230\/321 brn|[silent]
|-damage|p2a: Doublade|190\/321 brn|[from] brn
|turn|33
|join|Odell Beckham Jr.
|c|âMetal Sonic|nooooooooooooooooooooooo
|
|move|p1a: Empoleon|Scald|p2a: Doublade
|-damage|p2a: Doublade|49\/321 brn
|move|p2a: Doublade|Swords Dance|p2a: Doublade
|-boost|p2a: Doublade|atk|2
|
|-heal|p1a: Empoleon|88\/372|[from] item: Leftovers
|-damage|p1a: Empoleon|42\/372|[from] Leech Seed|[of] p2a: Doublade
|-heal|p2a: Doublade|95\/321 brn|[silent]
|-damage|p2a: Doublade|55\/321 brn|[from] brn
|turn|34
|
|move|p2a: Doublade|Shadow Sneak|p1a: Empoleon
|-damage|p1a: Empoleon|0 fnt
|faint|p1a: Empoleon
|
|-damage|p2a: Doublade|15\/321 brn|[from] brn
|join|Colbrushie
|c|âMetal Sonic|u won
|
|switch|p1a: Cresselia|Cresselia, F|387\/444
|turn|35
|
|move|p2a: Doublade|Shadow Sneak|p1a: Cresselia
|-supereffective|p1a: Cresselia
|-damage|p1a: Cresselia|313\/444
|move|p1a: Cresselia|Substitute|p1a: Cresselia
|-start|p1a: Cresselia|Substitute
|-damage|p1a: Cresselia|202\/444
|
|-heal|p1a: Cresselia|229\/444|[from] item: Leftovers
|-damage|p2a: Doublade|0 fnt|[from] brn
|faint|p2a: Doublade
|
|switch|p2a: Hydreigon|Hydreigon, M|245\/325
|-damage|p2a: Hydreigon|205\/325|[from] Stealth Rock
|turn|36
|
|move|p2a: Hydreigon|Dark Pulse|p1a: Cresselia
|-supereffective|p1a: Cresselia
|-end|p1a: Cresselia|Substitute
|move|p1a: Cresselia|Moonblast|p2a: Hydreigon
|-supereffective|p2a: Hydreigon
|-damage|p2a: Hydreigon|0 fnt
|faint|p2a: Hydreigon
|
|win|King UU
|c|âKing UU|gg
|leave|King UU
|player|p1
|c|âMetal Sonic|gg
|c| Colbrushie|is this
|c| Colbrushie|SPL?
|c|âMetal Sonic|no
|leave|Metal Sonic
|player|p2
|leave|the fun in this
|leave|Colbrushie
|leave|secret kekleon