|join|feng the bob
|join|King UU
|player|p1|feng the bob|23
|player|p2|King UU|22
|gametype|singles
|gen|6
|tier|UU
|rated
|rule|Sleep Clause Mod: Limit one foe put to sleep
|rule|Species Clause: Limit one of each PokÃ©mon
|rule|OHKO Clause: OHKO moves are banned
|rule|Moody Clause: Moody is banned
|rule|Evasion Moves Clause: Evasion moves are banned
|rule|Endless Battle Clause: Forcing endless battles is banned
|rule|HP Percentage Mod: HP is shown in percentages
|clearpoke
|poke|p1|Swampert, F
|poke|p1|Crobat, M
|poke|p1|Jirachi
|poke|p1|Suicune
|poke|p1|Zygarde
|poke|p1|Machamp, M
|poke|p2|Sharpedo, F
|poke|p2|Machamp, F
|poke|p2|Yanmega, M
|poke|p2|Nidoqueen, F
|poke|p2|Jirachi
|poke|p2|Porygon-Z
|rule|Swagger Clause: Swagger is banned
|rule|Baton Pass Clause: Limit one PokÃ©mon knowing Baton Pass
|teampreview
|c|âfeng the bob|hi
|c|âKing UU|Hi
|join|Emma Bae
|
|start
|switch|p1a: Swampert|Swampert, F|404\/404
|switch|p2a: Porygon-Z|Porygon-Z|311\/311
|turn|1
|
|move|p2a: Porygon-Z|Tri Attack|p1a: Swampert
|-damage|p1a: Swampert|38\/404
|-status|p1a: Swampert|frz
|cant|p1a: Swampert|frz
|
|-heal|p1a: Swampert|63\/404 frz|[from] item: Leftovers
|turn|2
|c|âKing UU|gg
|c|âfeng the bob|fk me
|c| Emma Bae|lmao
|
|move|p2a: Porygon-Z|Tri Attack|p1a: Swampert
|-crit|p1a: Swampert
|-damage|p1a: Swampert|0 fnt
|faint|p1a: Swampert
|
|
|switch|p1a: Jirachi|Jirachi|341\/341
|turn|3
|
|switch|p2a: Nidoqueen|Nidoqueen, F|384\/384
|move|p1a: Jirachi|Iron Head|p2a: Nidoqueen
|-damage|p2a: Nidoqueen|293\/384
|
|-heal|p2a: Nidoqueen|317\/384|[from] item: Black Sludge
|turn|4
|
|switch|p1a: Suicune|Suicune|400\/400
|-ability|p1a: Suicune|Pressure
|move|p2a: Nidoqueen|Toxic Spikes|p1a: Suicune
|-sidestart|p1: feng the bob|move: Toxic Spikes
|
|-heal|p2a: Nidoqueen|341\/384|[from] item: Black Sludge
|turn|5
|
|move|p1a: Suicune|Calm Mind|p1a: Suicune
|-boost|p1a: Suicune|spa|1
|-boost|p1a: Suicune|spd|1
|move|p2a: Nidoqueen|Taunt|p1a: Suicune
|-start|p1a: Suicune|move: Taunt
|
|-heal|p2a: Nidoqueen|365\/384|[from] item: Black Sludge
|turn|6
|
|move|p1a: Suicune|Scald|p2a: Nidoqueen
|-supereffective|p2a: Nidoqueen
|-damage|p2a: Nidoqueen|57\/384
|move|p2a: Nidoqueen|Stealth Rock|p1a: Suicune
|-sidestart|p1: feng the bob|move: Stealth Rock
|
|-heal|p2a: Nidoqueen|81\/384|[from] item: Black Sludge
|turn|7
|
|move|p1a: Suicune|Scald|p2a: Nidoqueen
|-supereffective|p2a: Nidoqueen
|-damage|p2a: Nidoqueen|0 fnt
|faint|p2a: Nidoqueen
|
|
|switch|p2a: Porygon-Z|Porygon-Z|311\/311
|turn|8
|
|move|p2a: Porygon-Z|Tri Attack|p1a: Suicune
|-damage|p1a: Suicune|198\/400
|move|p1a: Suicune|Scald|p2a: Porygon-Z
|-damage|p2a: Porygon-Z|157\/311
|-status|p2a: Porygon-Z|brn
|
|-heal|p1a: Suicune|223\/400|[from] item: Leftovers
|-damage|p2a: Porygon-Z|119\/311 brn|[from] brn
|-end|p1a: Suicune|move: Taunt
|turn|9
|
|move|p2a: Porygon-Z|Tri Attack|p1a: Suicune
|-crit|p1a: Suicune
|-damage|p1a: Suicune|0 fnt
|faint|p1a: Suicune
|
|-damage|p2a: Porygon-Z|81\/311 brn|[from] brn
|c|âKing UU|lol
|c| Emma Bae|hahah
|
|switch|p1a: Crobat|Crobat, M|325\/325
|-damage|p1a: Crobat|244\/325|[from] Stealth Rock
|turn|10
|
|move|p1a: Crobat|Brave Bird|p2a: Porygon-Z
|-damage|p2a: Porygon-Z|0 fnt
|-damage|p1a: Crobat|217\/325|[from] recoil|[of] p2a: Porygon-Z
|faint|p2a: Porygon-Z
|
|-heal|p1a: Crobat|237\/325|[from] item: Black Sludge
|
|switch|p2a: Jirachi|Jirachi|341\/341
|turn|11
|c|âKing UU|I actually built
|
|move|p2a: Jirachi|Iron Head|p1a: Crobat
|-damage|p1a: Crobat|93\/325
|move|p1a: Crobat|Defog|p2a: Jirachi
|-unboost|p2a: Jirachi|evasion|1
|-sideend|p1: feng the bob|Toxic Spikes|[from] move: Defog|[of] p1a: Crobat
|-sideend|p1: feng the bob|Stealth Rock|[from] move: Defog|[of] p1a: Crobat
|
|-heal|p1a: Crobat|113\/325|[from] item: Black Sludge
|turn|12
|c|âKing UU|A good HO team
|c|âKing UU|np
|c|âKing UU|oh
|c|âKing UU|common
|
|switch|p1a: Jirachi|Jirachi|341\/341
|move|p2a: Jirachi|Iron Head|p1a: Jirachi
|-resisted|p1a: Jirachi
|-damage|p1a: Jirachi|285\/341
|
|turn|13
|
|move|p2a: Jirachi|Iron Head|p1a: Jirachi
|-resisted|p1a: Jirachi
|-damage|p1a: Jirachi|231\/341
|move|p1a: Jirachi|U-turn|p2a: Jirachi
|-damage|p2a: Jirachi|275\/341
|
|switch|p1a: Zygarde|Zygarde|357\/357
|-ability|p1a: Zygarde|Aura Break
|
|turn|14
|
|switch|p2a: Machamp|Machamp, F|383\/383
|move|p1a: Zygarde|Dragon Dance|p1a: Zygarde
|-boost|p1a: Zygarde|atk|1
|-boost|p1a: Zygarde|spe|1
|
|turn|15
|
|move|p1a: Zygarde|Earthquake|p2a: Machamp
|-crit|p2a: Machamp
|-damage|p2a: Machamp|0 fnt
|faint|p2a: Machamp
|
|c|âKing UU|Fuck off.
|c|âKing UU|:s
|
|switch|p2a: Jirachi|Jirachi|275\/341
|turn|16
|c|âfeng the bob|+1 252+ Atk Life Orb Zygarde Earthquake vs. 0 HP \/ 0 Def Machamp: 351-413 (109.3 - 128.6%) -- guaranteed OHKO
|c|âKing UU|252
|c|âKing UU|hp
|c|âKing UU|nerd
|c|âfeng the bob|oh
|c|âfeng the bob|not fast champ
|c|âKing UU|n
|
|move|p2a: Jirachi|Iron Head|p1a: Zygarde
|-damage|p1a: Zygarde|249\/357
|cant|p1a: Zygarde|flinch
|
|turn|17
|
|move|p2a: Jirachi|Iron Head|p1a: Zygarde
|-damage|p1a: Zygarde|141\/357
|move|p1a: Zygarde|Dragon Dance|p1a: Zygarde
|-boost|p1a: Zygarde|atk|1
|-boost|p1a: Zygarde|spe|1
|
|turn|18
|c| Emma Bae|awh
|c| Emma Bae|thats sad
|
|switch|p2a: Yanmega|Yanmega, M|313\/313
|move|p1a: Zygarde|Earthquake|p2a: Yanmega
|-immune|p2a: Yanmega|[msg]
|
|turn|19
|c|âKing UU|w\/e I know it works
|c|âKing UU|that's the point
|c|âKing UU|Emma
|c|âKing UU|this team
|c|âKing UU|is amazing
|
|move|p2a: Yanmega|Protect|p2a: Yanmega
|-singleturn|p2a: Yanmega|Protect
|move|p1a: Zygarde|Outrage|p2a: Yanmega
|-activate|p2a: Yanmega|Protect
|
|-boost|p2a: Yanmega|spe|1|[from] ability: Speed Boost
|turn|20
|
|move|p1a: Zygarde|Outrage|p2a: Yanmega
|-damage|p2a: Yanmega|0 fnt
|faint|p2a: Yanmega
|
|c| Emma Bae|haha fair enough
|
|switch|p2a: Jirachi|Jirachi|275\/341
|turn|21
|c| Emma Bae|u could still win
|
|move|p1a: Zygarde|Outrage|p2a: Jirachi
|-resisted|p2a: Jirachi
|-damage|p2a: Jirachi|73\/341
|move|p2a: Jirachi|Iron Head|p1a: Zygarde
|-damage|p1a: Zygarde|32\/357
|
|-end|p1a: Zygarde|rampage
|-start|p1a: Zygarde|confusion
|-enditem|p1a: Zygarde|Lum Berry|[eat]
|-end|p1a: Zygarde|confusion
|turn|22
|c| Emma Bae|or not
|c|âKing UU|lol n
|
|move|p1a: Zygarde|Earthquake|p2a: Jirachi
|-supereffective|p2a: Jirachi
|-damage|p2a: Jirachi|0 fnt
|faint|p2a: Jirachi
|
|
|switch|p2a: Sharpedo|Sharpedo, F|281\/281
|turn|23
|join|cat enthusiast
|join|feline abUUser
|c| cat enthusiast|wow zygarde is banned
|c| cat enthusiast|and you're STILL using it
|join|namehtmas
|c|âKing UU|yeah
|c|âKing UU|bob
|c|âKing UU|you're
|c| cat enthusiast|you should probably quit UU
|c|âKing UU|a loser
|
|detailschange|p2a: Sharpedo|Sharpedo-Mega, F
|-mega|p2a: Sharpedo|Sharpedo|Sharpedonite
|move|p2a: Sharpedo|Protect|p2a: Sharpedo
|-singleturn|p2a: Sharpedo|Protect
|move|p1a: Zygarde|Earthquake|p2a: Sharpedo
|-activate|p2a: Sharpedo|Protect
|
|turn|24
|join|sniperaim
|c|âfeng the bob|no u
|join|newfren
|
|move|p1a: Zygarde|Earthquake|p2a: Sharpedo
|-damage|p2a: Sharpedo|0 fnt
|faint|p2a: Sharpedo
|
|win|feng the bob
|raw|Ladder updating...
|c| cat enthusiast|he mega'd
|raw|feng the bob's rating: 1745 &rarr; <strong>1758<\/strong><br \/>(+13 for winning)
|raw|King UU's rating: 1623 &rarr; <strong>1609<\/strong><br \/>(-14 for losing)
|c| cat enthusiast|cuz he's rough skin
|c| cat enthusiast|no point in not
|leave|cat enthusiast
|c|âKing UU|lol
|leave|King UU
|player|p2
|c| sniperaim|LOL
|leave|Emma Bae
|leave|sniperaim
|leave|feline abUUser