|join|King UU
|join|BroingHop
|player|p1|King UU|22
|player|p2|BroingHop|169
|gametype|singles
|gen|6
|tier|UU
|rated
|rule|Sleep Clause Mod: Limit one foe put to sleep
|rule|Species Clause: Limit one of each PokÃ©mon
|rule|OHKO Clause: OHKO moves are banned
|rule|Moody Clause: Moody is banned
|rule|Evasion Moves Clause: Evasion moves are banned
|rule|Endless Battle Clause: Forcing endless battles is banned
|rule|HP Percentage Mod: HP is shown in percentages
|clearpoke
|poke|p1|Aggron, F
|poke|p1|Vaporeon, M
|poke|p1|Florges, F
|poke|p1|Jirachi
|poke|p1|Gligar, F
|poke|p1|Machamp, F
|poke|p2|Crobat, F
|poke|p2|Forretress, F
|poke|p2|Suicune
|poke|p2|Blissey, F
|poke|p2|Houndoom, M
|poke|p2|Krookodile, M
|rule|Swagger Clause: Swagger is banned
|rule|Baton Pass Clause: Limit one PokÃ©mon knowing Baton Pass
|teampreview
|join|lmao its me
|
|start
|switch|p1a: Machamp|Machamp, F|321\/321
|switch|p2a: Suicune|Suicune|393\/393
|-ability|p2a: Suicune|Pressure
|turn|1
|leave|lmao its me
|
|move|p1a: Machamp|Dynamic Punch|p2a: Suicune
|-damage|p2a: Suicune|195\/393
|-start|p2a: Suicune|confusion
|-activate|p2a: Suicune|confusion
|move|p2a: Suicune|Scald|p1a: Machamp
|-crit|p1a: Machamp
|-damage|p1a: Machamp|162\/321
|-status|p1a: Machamp|brn
|
|-heal|p2a: Suicune|219\/393|[from] item: Leftovers
|-damage|p1a: Machamp|122\/321 brn|[from] brn
|turn|2
|
|switch|p1a: Florges|Florges, F|360\/360
|switch|p2a: Crobat|Crobat, F|353\/353
|
|turn|3
|
|move|p2a: Crobat|U-turn|p1a: Florges
|-resisted|p1a: Florges
|-damage|p1a: Florges|335\/360
|
|switch|p2a: Forretress|Forretress, F|333\/333
|move|p1a: Florges|Calm Mind|p1a: Florges
|-boost|p1a: Florges|spa|1
|-boost|p1a: Florges|spd|1
|
|-heal|p1a: Florges|357\/360|[from] item: Leftovers
|turn|4
|
|move|p1a: Florges|Calm Mind|p1a: Florges
|-boost|p1a: Florges|spa|1
|-boost|p1a: Florges|spd|1
|move|p2a: Forretress|Earthquake|p1a: Florges
|-damage|p1a: Florges|286\/360
|
|-heal|p1a: Florges|308\/360|[from] item: Leftovers
|turn|5
|
|move|p1a: Florges|Moonblast|p2a: Forretress
|-resisted|p2a: Forretress
|-damage|p2a: Forretress|159\/333
|-unboost|p2a: Forretress|spa|1
|move|p2a: Forretress|Spikes|p1a: Florges
|-sidestart|p1: King UU|Spikes
|
|-heal|p1a: Florges|330\/360|[from] item: Leftovers
|-heal|p2a: Forretress|179\/333|[from] item: Leftovers
|turn|6
|join|waiv
|
|switch|p2a: Blissey|Blissey, F|651\/651
|move|p1a: Florges|Calm Mind|p1a: Florges
|-boost|p1a: Florges|spa|1
|-boost|p1a: Florges|spd|1
|
|-heal|p1a: Florges|352\/360|[from] item: Leftovers
|turn|7
|
|move|p1a: Florges|Calm Mind|p1a: Florges
|-boost|p1a: Florges|spa|1
|-boost|p1a: Florges|spd|1
|move|p2a: Blissey|Wish|p2a: Blissey
|
|-heal|p1a: Florges|360\/360|[from] item: Leftovers
|turn|8
|
|move|p1a: Florges|Moonblast|p2a: Blissey
|-damage|p2a: Blissey|455\/651
|move|p2a: Blissey|Seismic Toss|p1a: Florges
|-damage|p1a: Florges|260\/360
|
|-heal|p2a: Blissey|651\/651|[from] move: Wish|[wisher] Blissey
|-heal|p1a: Florges|282\/360|[from] item: Leftovers
|turn|9
|
|move|p1a: Florges|Calm Mind|p1a: Florges
|-boost|p1a: Florges|spa|1
|-boost|p1a: Florges|spd|1
|move|p2a: Blissey|Seismic Toss|p1a: Florges
|-damage|p1a: Florges|182\/360
|
|-heal|p1a: Florges|204\/360|[from] item: Leftovers
|turn|10
|
|move|p1a: Florges|Calm Mind|p1a: Florges
|-boost|p1a: Florges|spa|1
|-boost|p1a: Florges|spd|1
|move|p2a: Blissey|Seismic Toss|p1a: Florges
|-damage|p1a: Florges|104\/360
|
|-heal|p1a: Florges|126\/360|[from] item: Leftovers
|turn|11
|
|move|p1a: Florges|Synthesis|p1a: Florges
|-heal|p1a: Florges|306\/360
|move|p2a: Blissey|Seismic Toss|p1a: Florges
|-damage|p1a: Florges|206\/360
|
|-heal|p1a: Florges|228\/360|[from] item: Leftovers
|turn|12
|
|move|p1a: Florges|Moonblast|p2a: Blissey
|-damage|p2a: Blissey|389\/651
|move|p2a: Blissey|Seismic Toss|p1a: Florges
|-damage|p1a: Florges|128\/360
|
|-heal|p1a: Florges|150\/360|[from] item: Leftovers
|-heal|p2a: Blissey|429\/651|[from] item: Leftovers
|turn|13
|
|move|p1a: Florges|Moonblast|p2a: Blissey
|-damage|p2a: Blissey|152\/651
|move|p2a: Blissey|Wish|p2a: Blissey
|
|-heal|p1a: Florges|172\/360|[from] item: Leftovers
|-heal|p2a: Blissey|192\/651|[from] item: Leftovers
|turn|14
|
|move|p2a: Blissey|Protect|p2a: Blissey
|-singleturn|p2a: Blissey|Protect
|move|p1a: Florges|Aromatherapy|p1a: Florges
|-cureteam|p1a: Florges|[from] move: Aromatherapy
|
|-heal|p2a: Blissey|517\/651|[from] move: Wish|[wisher] Blissey
|-heal|p1a: Florges|194\/360|[from] item: Leftovers
|-heal|p2a: Blissey|557\/651|[from] item: Leftovers
|turn|15
|
|move|p1a: Florges|Moonblast|p2a: Blissey
|-damage|p2a: Blissey|286\/651
|move|p2a: Blissey|Seismic Toss|p1a: Florges
|-damage|p1a: Florges|94\/360
|
|-heal|p1a: Florges|116\/360|[from] item: Leftovers
|-heal|p2a: Blissey|326\/651|[from] item: Leftovers
|turn|16
|
|move|p1a: Florges|Moonblast|p2a: Blissey
|-damage|p2a: Blissey|17\/651
|move|p2a: Blissey|Wish|p2a: Blissey
|
|-heal|p1a: Florges|138\/360|[from] item: Leftovers
|-heal|p2a: Blissey|57\/651|[from] item: Leftovers
|turn|17
|
|move|p2a: Blissey|Protect|p2a: Blissey
|-singleturn|p2a: Blissey|Protect
|move|p1a: Florges|Moonblast|p2a: Blissey
|-activate|p2a: Blissey|Protect
|
|-heal|p2a: Blissey|382\/651|[from] move: Wish|[wisher] Blissey
|-heal|p1a: Florges|160\/360|[from] item: Leftovers
|-heal|p2a: Blissey|422\/651|[from] item: Leftovers
|turn|18
|
|move|p1a: Florges|Moonblast|p2a: Blissey
|-damage|p2a: Blissey|133\/651
|move|p2a: Blissey|Wish|p2a: Blissey
|
|-heal|p1a: Florges|182\/360|[from] item: Leftovers
|-heal|p2a: Blissey|173\/651|[from] item: Leftovers
|turn|19
|
|move|p2a: Blissey|Protect|p2a: Blissey
|-singleturn|p2a: Blissey|Protect
|move|p1a: Florges|Calm Mind|p1a: Florges
|-fail|p1a: Florges
|
|-heal|p2a: Blissey|498\/651|[from] move: Wish|[wisher] Blissey
|-heal|p1a: Florges|204\/360|[from] item: Leftovers
|-heal|p2a: Blissey|538\/651|[from] item: Leftovers
|turn|20
|
|move|p1a: Florges|Moonblast|p2a: Blissey
|-damage|p2a: Blissey|246\/651
|-unboost|p2a: Blissey|spa|1
|move|p2a: Blissey|Wish|p2a: Blissey
|
|-heal|p1a: Florges|226\/360|[from] item: Leftovers
|-heal|p2a: Blissey|286\/651|[from] item: Leftovers
|turn|21
|
|move|p2a: Blissey|Protect|p2a: Blissey
|-singleturn|p2a: Blissey|Protect
|move|p1a: Florges|Calm Mind|p1a: Florges
|-fail|p1a: Florges
|
|-heal|p2a: Blissey|611\/651|[from] move: Wish|[wisher] Blissey
|-heal|p1a: Florges|248\/360|[from] item: Leftovers
|-heal|p2a: Blissey|651\/651|[from] item: Leftovers
|turn|22
|
|move|p1a: Florges|Moonblast|p2a: Blissey
|-crit|p2a: Blissey
|-damage|p2a: Blissey|230\/651
|move|p2a: Blissey|Wish|p2a: Blissey
|
|-heal|p1a: Florges|270\/360|[from] item: Leftovers
|-heal|p2a: Blissey|270\/651|[from] item: Leftovers
|turn|23
|join|skysoki
|
|move|p2a: Blissey|Protect|p2a: Blissey
|-singleturn|p2a: Blissey|Protect
|move|p1a: Florges|Calm Mind|p1a: Florges
|-fail|p1a: Florges
|
|-heal|p2a: Blissey|595\/651|[from] move: Wish|[wisher] Blissey
|-heal|p1a: Florges|292\/360|[from] item: Leftovers
|-heal|p2a: Blissey|635\/651|[from] item: Leftovers
|turn|24
|
|move|p1a: Florges|Calm Mind|p1a: Florges
|-fail|p1a: Florges
|move|p2a: Blissey|Wish|p2a: Blissey
|
|-heal|p1a: Florges|314\/360|[from] item: Leftovers
|-heal|p2a: Blissey|651\/651|[from] item: Leftovers
|turn|25
|
|move|p1a: Florges|Calm Mind|p1a: Florges
|-fail|p1a: Florges
|move|p2a: Blissey|Seismic Toss|p1a: Florges
|-damage|p1a: Florges|214\/360
|
|-heal|p1a: Florges|236\/360|[from] item: Leftovers
|turn|26
|
|move|p1a: Florges|Moonblast|p2a: Blissey
|-damage|p2a: Blissey|365\/651
|move|p2a: Blissey|Seismic Toss|p1a: Florges
|-damage|p1a: Florges|136\/360
|
|-heal|p1a: Florges|158\/360|[from] item: Leftovers
|-heal|p2a: Blissey|405\/651|[from] item: Leftovers
|turn|27
|c| skysoki|Stall team,,,
|
|move|p1a: Florges|Calm Mind|p1a: Florges
|-fail|p1a: Florges
|move|p2a: Blissey|Wish|p2a: Blissey
|
|-heal|p1a: Florges|180\/360|[from] item: Leftovers
|-heal|p2a: Blissey|445\/651|[from] item: Leftovers
|turn|28
|c|âKing UU|semi stall
|
|move|p1a: Florges|Calm Mind|p1a: Florges
|-fail|p1a: Florges
|move|p2a: Blissey|Seismic Toss|p1a: Florges
|-damage|p1a: Florges|80\/360
|
|-heal|p2a: Blissey|651\/651|[from] move: Wish|[wisher] Blissey
|-heal|p1a: Florges|102\/360|[from] item: Leftovers
|turn|29
|
|move|p1a: Florges|Moonblast|p2a: Blissey
|-damage|p2a: Blissey|386\/651
|move|p2a: Blissey|Seismic Toss|p1a: Florges
|-damage|p1a: Florges|2\/360
|
|-heal|p1a: Florges|24\/360|[from] item: Leftovers
|-heal|p2a: Blissey|426\/651|[from] item: Leftovers
|turn|30
|
|move|p1a: Florges|Synthesis|p1a: Florges
|-heal|p1a: Florges|204\/360
|move|p2a: Blissey|Wish|p2a: Blissey
|
|-heal|p1a: Florges|226\/360|[from] item: Leftovers
|-heal|p2a: Blissey|466\/651|[from] item: Leftovers
|turn|31
|
|move|p1a: Florges|Calm Mind|p1a: Florges
|-fail|p1a: Florges
|move|p2a: Blissey|Seismic Toss|p1a: Florges
|-damage|p1a: Florges|126\/360
|
|-heal|p2a: Blissey|651\/651|[from] move: Wish|[wisher] Blissey
|-heal|p1a: Florges|148\/360|[from] item: Leftovers
|turn|32
|
|move|p1a: Florges|Calm Mind|p1a: Florges
|-fail|p1a: Florges
|move|p2a: Blissey|Wish|p2a: Blissey
|
|-heal|p1a: Florges|170\/360|[from] item: Leftovers
|turn|33
|
|switch|p2a: Crobat|Crobat, F|353\/353
|move|p1a: Florges|Calm Mind|p1a: Florges
|-fail|p1a: Florges
|
|-heal|p1a: Florges|192\/360|[from] item: Leftovers
|turn|34
|
|move|p2a: Crobat|Acrobatics|p1a: Florges
|-damage|p1a: Florges|72\/360
|move|p1a: Florges|Synthesis|p1a: Florges
|-heal|p1a: Florges|252\/360
|
|-heal|p1a: Florges|274\/360|[from] item: Leftovers
|turn|35
|
|move|p2a: Crobat|Taunt|p1a: Florges
|-start|p1a: Florges|move: Taunt
|move|p1a: Florges|Moonblast|p2a: Crobat
|-resisted|p2a: Crobat
|-damage|p2a: Crobat|43\/353
|
|-heal|p1a: Florges|296\/360|[from] item: Leftovers
|turn|36
|
|move|p2a: Crobat|U-turn|p1a: Florges
|-resisted|p1a: Florges
|-damage|p1a: Florges|268\/360
|
|switch|p2a: Blissey|Blissey, F|651\/651
|move|p1a: Florges|Moonblast|p2a: Blissey
|-damage|p2a: Blissey|342\/651
|
|-heal|p1a: Florges|290\/360|[from] item: Leftovers
|-heal|p2a: Blissey|382\/651|[from] item: Leftovers
|turn|37
|
|move|p1a: Florges|Moonblast|p2a: Blissey
|-damage|p2a: Blissey|102\/651
|move|p2a: Blissey|Wish|p2a: Blissey
|
|-heal|p1a: Florges|312\/360|[from] item: Leftovers
|-heal|p2a: Blissey|142\/651|[from] item: Leftovers
|-end|p1a: Florges|move: Taunt
|turn|38
|
|move|p2a: Blissey|Protect|p2a: Blissey
|-singleturn|p2a: Blissey|Protect
|move|p1a: Florges|Calm Mind|p1a: Florges
|-fail|p1a: Florges
|
|-heal|p2a: Blissey|467\/651|[from] move: Wish|[wisher] Blissey
|-heal|p1a: Florges|334\/360|[from] item: Leftovers
|-heal|p2a: Blissey|507\/651|[from] item: Leftovers
|turn|39
|
|move|p1a: Florges|Calm Mind|p1a: Florges
|-fail|p1a: Florges
|move|p2a: Blissey|Seismic Toss|p1a: Florges
|-damage|p1a: Florges|234\/360
|
|-heal|p1a: Florges|256\/360|[from] item: Leftovers
|-heal|p2a: Blissey|547\/651|[from] item: Leftovers
|turn|40
|
|move|p1a: Florges|Moonblast|p2a: Blissey
|-damage|p2a: Blissey|249\/651
|move|p2a: Blissey|Seismic Toss|p1a: Florges
|-damage|p1a: Florges|156\/360
|
|-heal|p1a: Florges|178\/360|[from] item: Leftovers
|-heal|p2a: Blissey|289\/651|[from] item: Leftovers
|turn|41
|
|move|p2a: Blissey|Protect|p2a: Blissey
|-singleturn|p2a: Blissey|Protect
|move|p1a: Florges|Calm Mind|p1a: Florges
|-fail|p1a: Florges
|
|-heal|p1a: Florges|200\/360|[from] item: Leftovers
|-heal|p2a: Blissey|329\/651|[from] item: Leftovers
|turn|42
|
|move|p1a: Florges|Moonblast|p2a: Blissey
|-crit|p2a: Blissey
|-damage|p2a: Blissey|0 fnt
|faint|p2a: Blissey
|
|-heal|p1a: Florges|222\/360|[from] item: Leftovers
|
|switch|p2a: Krookodile|Krookodile, M|393\/393
|-ability|p2a: Krookodile|Intimidate|[of] p1a: Florges
|-unboost|p1a: Florges|atk|1
|turn|43
|
|move|p2a: Krookodile|Earthquake|p1a: Florges
|-damage|p1a: Florges|81\/360
|move|p1a: Florges|Synthesis|p1a: Florges
|-heal|p1a: Florges|261\/360
|
|-heal|p1a: Florges|283\/360|[from] item: Leftovers
|turn|44
|
|move|p2a: Krookodile|Earthquake|p1a: Florges
|-damage|p1a: Florges|132\/360
|move|p1a: Florges|Synthesis|p1a: Florges
|-heal|p1a: Florges|312\/360
|
|-heal|p1a: Florges|334\/360|[from] item: Leftovers
|turn|45
|
|move|p2a: Krookodile|Earthquake|p1a: Florges
|-damage|p1a: Florges|175\/360
|move|p1a: Florges|Moonblast|p2a: Krookodile
|-supereffective|p2a: Krookodile
|-damage|p2a: Krookodile|0 fnt
|faint|p2a: Krookodile
|
|-heal|p1a: Florges|197\/360|[from] item: Leftovers
|
|switch|p2a: Suicune|Suicune|219\/393
|-ability|p2a: Suicune|Pressure
|turn|46
|
|move|p1a: Florges|Moonblast|p2a: Suicune
|-damage|p2a: Suicune|0 fnt
|faint|p2a: Suicune
|
|-heal|p1a: Florges|219\/360|[from] item: Leftovers
|
|switch|p2a: Crobat|Crobat, F|43\/353
|turn|47
|
|move|p2a: Crobat|Acrobatics|p1a: Florges
|-damage|p1a: Florges|81\/360
|move|p1a: Florges|Moonblast|p2a: Crobat
|-resisted|p2a: Crobat
|-damage|p2a: Crobat|0 fnt
|faint|p2a: Crobat
|
|-heal|p1a: Florges|103\/360|[from] item: Leftovers
|
|switch|p2a: Forretress|Forretress, F|179\/333
|turn|48
|
|move|p1a: Florges|Moonblast|p2a: Forretress
|-resisted|p2a: Forretress
|-damage|p2a: Forretress|0 fnt
|faint|p2a: Forretress
|
|-heal|p1a: Florges|125\/360|[from] item: Leftovers
|
|switch|p2a: Houndoom|Houndoom, M|291\/291
|turn|49
|
|detailschange|p2a: Houndoom|Houndoom-Mega, M
|-mega|p2a: Houndoom|Houndoom|Houndoominite
|move|p2a: Houndoom|Flamethrower|p1a: Florges
|-damage|p1a: Florges|95\/360
|move|p1a: Florges|Moonblast|p2a: Houndoom
|-damage|p2a: Houndoom|0 fnt
|faint|p2a: Houndoom
|
|win|King UU
|raw|Ladder updating...
|raw|King UU's rating: 1590 &rarr; <strong>1601<\/strong><br \/>(+11 for winning)
|raw|BroingHop's rating: 1422 &rarr; <strong>1411<\/strong><br \/>(-11 for losing)
|c|âKing UU|gg