|join|Catsarenice
|join|King UU
|player|p1|Catsarenice|161
|player|p2|King UU|22
|gametype|singles
|gen|6
|tier|UU
|rated
|rule|Sleep Clause Mod: Limit one foe put to sleep
|rule|Species Clause: Limit one of each PokÃ©mon
|rule|OHKO Clause: OHKO moves are banned
|rule|Moody Clause: Moody is banned
|rule|Evasion Moves Clause: Evasion moves are banned
|rule|Endless Battle Clause: Forcing endless battles is banned
|rule|HP Percentage Mod: HP is shown in percentages
|clearpoke
|poke|p1|Cresselia, F, shiny
|poke|p1|Umbreon, M, shiny
|poke|p1|Registeel
|poke|p1|Pidgeot, M
|poke|p1|Infernape, F
|poke|p1|Sharpedo, M
|poke|p2|Alakazam, M
|poke|p2|Crobat, F
|poke|p2|Vaporeon, M
|poke|p2|Krookodile, F
|poke|p2|Infernape, F
|poke|p2|Whimsicott, M
|rule|Swagger Clause: Swagger is banned
|rule|Baton Pass Clause: Limit one PokÃ©mon knowing Baton Pass
|teampreview
|
|start
|switch|p1a: Pidgeot|Pidgeot, M|357\/357
|switch|p2a: Infernape|Infernape, F|293\/293
|turn|1
|
|detailschange|p1a: Pidgeot|Pidgeot-Mega, M
|-mega|p1a: Pidgeot|Pidgeot|Pidgeotite
|move|p1a: Pidgeot|Hurricane|p2a: Infernape
|-supereffective|p2a: Infernape
|-enditem|p2a: Infernape|Focus Sash
|-damage|p2a: Infernape|1\/293
|-start|p2a: Infernape|confusion
|-activate|p2a: Infernape|confusion
|move|p2a: Infernape|Stealth Rock|p1a: Pidgeot
|-sidestart|p1: Catsarenice|move: Stealth Rock
|
|turn|2
|c|âCatsarenice|hit yourself...
|
|switch|p2a: Vaporeon|Vaporeon, M|464\/464
|move|p1a: Pidgeot|Hurricane|p2a: Vaporeon
|-damage|p2a: Vaporeon|304\/464
|
|-heal|p2a: Vaporeon|333\/464|[from] item: Leftovers
|turn|3
|
|move|p1a: Pidgeot|Defog|p2a: Vaporeon
|-unboost|p2a: Vaporeon|evasion|1
|-sideend|p1: Catsarenice|Stealth Rock|[from] move: Defog|[of] p1a: Pidgeot
|move|p2a: Vaporeon|Baton Pass|p2a: Vaporeon
|
|switch|p2a: Whimsicott|Whimsicott, M|324\/324
|
|turn|4
|
|move|p2a: Whimsicott|Encore|p1a: Pidgeot
|-start|p1a: Pidgeot|Encore
|move|p1a: Pidgeot|Defog|p2a: Whimsicott
|-unboost|p2a: Whimsicott|evasion|1
|
|turn|5
|
|switch|p1a: Registy|Registeel|364\/364
|move|p2a: Whimsicott|Substitute|p2a: Whimsicott
|-start|p2a: Whimsicott|Substitute
|-damage|p2a: Whimsicott|243\/324
|
|-heal|p2a: Whimsicott|263\/324|[from] item: Leftovers
|turn|6
|
|move|p2a: Whimsicott|Leech Seed|p1a: Registy
|-start|p1a: Registy|move: Leech Seed
|move|p1a: Registy|Seismic Toss|p2a: Whimsicott
|-end|p2a: Whimsicott|Substitute
|
|-heal|p2a: Whimsicott|283\/324|[from] item: Leftovers
|-damage|p1a: Registy|319\/364|[from] Leech Seed|[of] p2a: Whimsicott
|-heal|p2a: Whimsicott|324\/324|[silent]
|turn|7
|
|move|p2a: Whimsicott|Substitute|p2a: Whimsicott
|-start|p2a: Whimsicott|Substitute
|-damage|p2a: Whimsicott|243\/324
|move|p1a: Registy|Stealth Rock|p2a: Whimsicott
|-sidestart|p2: King UU|move: Stealth Rock
|
|-heal|p2a: Whimsicott|263\/324|[from] item: Leftovers
|-heal|p1a: Registy|341\/364|[from] item: Leftovers
|-damage|p1a: Registy|296\/364|[from] Leech Seed|[of] p2a: Whimsicott
|-heal|p2a: Whimsicott|308\/324|[silent]
|turn|8
|
|switch|p1a: Cressy|Cresselia, F, shiny|444\/444
|move|p2a: Whimsicott|Encore|p1a: Cressy
|-fail|p1a: Cressy
|
|-heal|p2a: Whimsicott|324\/324|[from] item: Leftovers
|turn|9
|
|move|p2a: Whimsicott|Leech Seed|p1a: Cressy
|-start|p1a: Cressy|move: Leech Seed
|move|p1a: Cressy|Psyshock|p2a: Whimsicott
|-activate|p2a: Whimsicott|Substitute|[damage]
|
|-damage|p1a: Cressy|389\/444|[from] Leech Seed|[of] p2a: Whimsicott
|turn|10
|
|switch|p1a: Registy|Registeel|296\/364
|move|p2a: Whimsicott|Moonblast|p1a: Registy
|-resisted|p1a: Registy
|-damage|p1a: Registy|268\/364
|
|-heal|p1a: Registy|290\/364|[from] item: Leftovers
|turn|11
|
|move|p2a: Whimsicott|Leech Seed|p1a: Registy
|-start|p1a: Registy|move: Leech Seed
|move|p1a: Registy|Seismic Toss|p2a: Whimsicott
|-end|p2a: Whimsicott|Substitute
|
|-heal|p1a: Registy|312\/364|[from] item: Leftovers
|-damage|p1a: Registy|267\/364|[from] Leech Seed|[of] p2a: Whimsicott
|turn|12
|
|switch|p1a: Umby|Umbreon, M, shiny|394\/394
|move|p2a: Whimsicott|Substitute|p2a: Whimsicott
|-start|p2a: Whimsicott|Substitute
|-damage|p2a: Whimsicott|243\/324
|
|-heal|p2a: Whimsicott|263\/324|[from] item: Leftovers
|turn|13
|
|move|p1a: Umby|Protect|p1a: Umby
|-singleturn|p1a: Umby|Protect
|move|p2a: Whimsicott|Moonblast|p1a: Umby
|-activate|p1a: Umby|Protect
|
|-heal|p2a: Whimsicott|283\/324|[from] item: Leftovers
|turn|14
|
|move|p2a: Whimsicott|Encore|p1a: Umby
|-start|p1a: Umby|Encore
|move|p1a: Umby|Protect|p1a: Umby
|-fail|p1a: Umby
|
|-heal|p2a: Whimsicott|303\/324|[from] item: Leftovers
|turn|15
|
|switch|p2a: Infernape|Infernape, F|1\/293
|-damage|p2a: Infernape|0 fnt|[from] Stealth Rock
|faint|p2a: Infernape
|move|p1a: Umby|Protect|p1a: Umby
|-fail|p1a: Umby
|
|
|switch|p2a: Krookodile|Krookodile, F|331\/331
|-damage|p2a: Krookodile|311\/331|[from] Stealth Rock
|-ability|p2a: Krookodile|Intimidate|[of] p1a: Umby
|-unboost|p1a: Umby|atk|1
|turn|16
|
|switch|p1a: Pidgeot|Pidgeot-Mega, M|357\/357
|move|p2a: Krookodile|Knock Off|p1a: Pidgeot
|-damage|p1a: Pidgeot|171\/357
|
|turn|17
|
|move|p1a: Pidgeot|Hurricane|p2a: Krookodile
|-damage|p2a: Krookodile|67\/331
|move|p2a: Krookodile|Knock Off|p1a: Pidgeot
|-damage|p1a: Pidgeot|0 fnt
|faint|p1a: Pidgeot
|
|
|switch|p1a: Napy|Infernape, F|293\/293
|turn|18
|
|switch|p2a: Crobat|Crobat, F|331\/331
|-damage|p2a: Crobat|249\/331|[from] Stealth Rock
|move|p1a: Napy|Flamethrower|p2a: Crobat
|-damage|p2a: Crobat|27\/331
|-status|p2a: Crobat|brn
|-damage|p1a: Napy|264\/293|[from] item: Life Orb
|
|-heal|p2a: Crobat|47\/331 brn|[from] item: Black Sludge
|-damage|p2a: Crobat|6\/331 brn|[from] brn
|turn|19
|
|move|p1a: Napy|Vacuum Wave|p2a: Crobat
|-resisted|p2a: Crobat
|-damage|p2a: Crobat|0 fnt
|-damage|p1a: Napy|235\/293|[from] item: Life Orb
|faint|p2a: Crobat
|
|
|switch|p2a: Alakazam|Alakazam, M|251\/251
|turn|20
|
|switch|p1a: Registy|Registeel|267\/364
|move|p2a: Alakazam|Psyshock|p1a: Registy
|-resisted|p1a: Registy
|-damage|p1a: Registy|220\/364
|
|-heal|p1a: Registy|242\/364|[from] item: Leftovers
|turn|21
|
|switch|p2a: Vaporeon|Vaporeon, M|333\/464
|-damage|p2a: Vaporeon|275\/464|[from] Stealth Rock
|move|p1a: Registy|Seismic Toss|p2a: Vaporeon
|-damage|p2a: Vaporeon|175\/464
|
|-heal|p2a: Vaporeon|204\/464|[from] item: Leftovers
|-heal|p1a: Registy|264\/364|[from] item: Leftovers
|turn|22
|
|move|p2a: Vaporeon|Wish|p2a: Vaporeon
|move|p1a: Registy|Toxic|p2a: Vaporeon|[miss]
|-miss|p1a: Registy|p2a: Vaporeon
|
|-heal|p2a: Vaporeon|233\/464|[from] item: Leftovers
|-heal|p1a: Registy|286\/364|[from] item: Leftovers
|turn|23
|
|move|p2a: Vaporeon|Scald|p1a: Registy
|-damage|p1a: Registy|226\/364
|-status|p1a: Registy|brn
|move|p1a: Registy|Seismic Toss|p2a: Vaporeon
|-damage|p2a: Vaporeon|133\/464
|
|-heal|p2a: Vaporeon|365\/464|[from] move: Wish|[wisher] Vaporeon
|-heal|p2a: Vaporeon|394\/464|[from] item: Leftovers
|-heal|p1a: Registy|248\/364 brn|[from] item: Leftovers
|-damage|p1a: Registy|203\/364 brn|[from] brn
|turn|24
|
|move|p2a: Vaporeon|Protect|p2a: Vaporeon
|-singleturn|p2a: Vaporeon|Protect
|move|p1a: Registy|Toxic|p2a: Vaporeon
|-activate|p2a: Vaporeon|Protect
|
|-heal|p2a: Vaporeon|423\/464|[from] item: Leftovers
|-heal|p1a: Registy|225\/364 brn|[from] item: Leftovers
|-damage|p1a: Registy|180\/364 brn|[from] brn
|turn|25
|
|switch|p2a: Alakazam|Alakazam, M|251\/251
|move|p1a: Registy|Toxic|p2a: Alakazam
|-status|p2a: Alakazam|tox
|
|-heal|p1a: Registy|202\/364 brn|[from] item: Leftovers
|-damage|p1a: Registy|157\/364 brn|[from] brn
|turn|26
|
|move|p2a: Alakazam|Shadow Ball|p1a: Registy
|-damage|p1a: Registy|96\/364 brn
|move|p1a: Registy|Seismic Toss|p2a: Alakazam
|-damage|p2a: Alakazam|151\/251 tox
|
|-heal|p1a: Registy|118\/364 brn|[from] item: Leftovers
|-damage|p1a: Registy|73\/364 brn|[from] brn
|turn|27
|
|switch|p1a: Umby|Umbreon, M, shiny|394\/394
|move|p2a: Alakazam|Dazzling Gleam|p1a: Umby
|-supereffective|p1a: Umby
|-damage|p1a: Umby|276\/394
|
|-heal|p1a: Umby|300\/394|[from] item: Leftovers
|turn|28
|
|switch|p2a: Vaporeon|Vaporeon, M|423\/464
|-damage|p2a: Vaporeon|365\/464|[from] Stealth Rock
|move|p1a: Umby|Heal Bell|p1a: Umby
|-cureteam|p1a: Umby|[from] move: HealBell
|
|-heal|p1a: Umby|324\/394|[from] item: Leftovers
|-heal|p2a: Vaporeon|394\/464|[from] item: Leftovers
|turn|29
|
|move|p1a: Umby|Wish|p1a: Umby
|move|p2a: Vaporeon|Baton Pass|p2a: Vaporeon
|
|switch|p2a: Krookodile|Krookodile, F|67\/331
|-damage|p2a: Krookodile|47\/331|[from] Stealth Rock
|-ability|p2a: Krookodile|Intimidate|[of] p1a: Umby
|-unboost|p1a: Umby|atk|1
|
|-heal|p1a: Umby|348\/394|[from] item: Leftovers
|turn|30
|
|switch|p2a: Whimsicott|Whimsicott, M|303\/324
|-damage|p2a: Whimsicott|263\/324|[from] Stealth Rock
|move|p1a: Umby|Foul Play|p2a: Whimsicott
|-resisted|p2a: Whimsicott
|-damage|p2a: Whimsicott|232\/324
|
|-heal|p1a: Umby|394\/394|[from] move: Wish|[wisher] Umby
|-heal|p2a: Whimsicott|252\/324|[from] item: Leftovers
|turn|31
|
|switch|p1a: Napy|Infernape, F|235\/293
|move|p2a: Whimsicott|Encore|p1a: Napy
|-fail|p1a: Napy
|
|-heal|p2a: Whimsicott|272\/324|[from] item: Leftovers
|turn|32
|
|move|p2a: Whimsicott|Substitute|p2a: Whimsicott
|-start|p2a: Whimsicott|Substitute
|-damage|p2a: Whimsicott|191\/324
|move|p1a: Napy|Flamethrower|p2a: Whimsicott
|-supereffective|p2a: Whimsicott
|-end|p2a: Whimsicott|Substitute
|-damage|p1a: Napy|206\/293|[from] item: Life Orb
|
|-heal|p2a: Whimsicott|211\/324|[from] item: Leftovers
|turn|33
|
|switch|p1a: Umby|Umbreon, M, shiny|394\/394
|switch|p2a: Vaporeon|Vaporeon, M|394\/464
|-damage|p2a: Vaporeon|336\/464|[from] Stealth Rock
|
|-heal|p2a: Vaporeon|365\/464|[from] item: Leftovers
|turn|34
|
|move|p1a: Umby|Wish|p1a: Umby
|move|p2a: Vaporeon|Wish|p2a: Vaporeon
|
|-heal|p2a: Vaporeon|394\/464|[from] item: Leftovers
|turn|35
|
|switch|p1a: Registy|Registeel|73\/364
|move|p2a: Vaporeon|Baton Pass|p2a: Vaporeon
|
|switch|p2a: Krookodile|Krookodile, F|47\/331
|-damage|p2a: Krookodile|27\/331|[from] Stealth Rock
|-ability|p2a: Krookodile|Intimidate|[of] p1a: Registy
|-fail|p1a: Registy|unboost|[from] ability: Clear Body|[of] p1a: Registy
|
|-heal|p2a: Krookodile|259\/331|[from] move: Wish|[wisher] Vaporeon
|-heal|p1a: Registy|270\/364|[from] move: Wish|[wisher] Umby
|-heal|p1a: Registy|292\/364|[from] item: Leftovers
|turn|36
|
|move|p2a: Krookodile|Knock Off|p1a: Registy
|-damage|p1a: Registy|138\/364
|-enditem|p1a: Registy|Leftovers|[from] move: Knock Off|[of] p2a: Krookodile
|move|p1a: Registy|Toxic|p2a: Krookodile
|-status|p2a: Krookodile|tox
|
|-damage|p2a: Krookodile|239\/331 tox|[from] psn
|turn|37
|
|switch|p1a: Umby|Umbreon, M, shiny|394\/394
|move|p2a: Krookodile|Knock Off|p1a: Umby
|-resisted|p1a: Umby
|-damage|p1a: Umby|292\/394
|-enditem|p1a: Umby|Leftovers|[from] move: Knock Off|[of] p2a: Krookodile
|
|-damage|p2a: Krookodile|199\/331 tox|[from] psn
|turn|38
|
|switch|p2a: Vaporeon|Vaporeon, M|394\/464
|-damage|p2a: Vaporeon|336\/464|[from] Stealth Rock
|move|p1a: Umby|Wish|p1a: Umby
|
|-heal|p2a: Vaporeon|365\/464|[from] item: Leftovers
|turn|39
|
|switch|p1a: Registy|Registeel|138\/364
|move|p2a: Vaporeon|Baton Pass|p2a: Vaporeon
|
|switch|p2a: Krookodile|Krookodile, F|199\/331 tox
|-damage|p2a: Krookodile|179\/331 tox|[from] Stealth Rock
|-ability|p2a: Krookodile|Intimidate|[of] p1a: Registy
|-fail|p1a: Registy|unboost|[from] ability: Clear Body|[of] p1a: Registy
|
|-heal|p1a: Registy|335\/364|[from] move: Wish|[wisher] Umby
|-damage|p2a: Krookodile|159\/331 tox|[from] psn
|turn|40
|
|switch|p1a: Cressy|Cresselia, F, shiny|389\/444
|move|p2a: Krookodile|Earthquake|p1a: Cressy
|-immune|p1a: Cressy|[msg]
|
|-heal|p1a: Cressy|416\/444|[from] item: Leftovers
|-damage|p2a: Krookodile|119\/331 tox|[from] psn
|turn|41
|
|switch|p2a: Whimsicott|Whimsicott, M|211\/324
|-damage|p2a: Whimsicott|171\/324|[from] Stealth Rock
|move|p1a: Cressy|Psyshock|p2a: Whimsicott
|-damage|p2a: Whimsicott|108\/324
|
|-heal|p2a: Whimsicott|128\/324|[from] item: Leftovers
|-heal|p1a: Cressy|443\/444|[from] item: Leftovers
|turn|42
|
|switch|p1a: Registy|Registeel|335\/364
|move|p2a: Whimsicott|Leech Seed|p1a: Registy
|-start|p1a: Registy|move: Leech Seed
|
|-heal|p2a: Whimsicott|148\/324|[from] item: Leftovers
|-damage|p1a: Registy|290\/364|[from] Leech Seed|[of] p2a: Whimsicott
|-heal|p2a: Whimsicott|193\/324|[silent]
|turn|43
|c|âCatsarenice|ugh, Whimsicott
|c|âCatsarenice|I really hate it now
|
|switch|p1a: Cressy|Cresselia, F, shiny|443\/444
|move|p2a: Whimsicott|Substitute|p2a: Whimsicott
|-start|p2a: Whimsicott|Substitute
|-damage|p2a: Whimsicott|112\/324
|
|-heal|p2a: Whimsicott|132\/324|[from] item: Leftovers
|-heal|p1a: Cressy|444\/444|[from] item: Leftovers
|turn|44
|
|switch|p1a: Umby|Umbreon, M, shiny|292\/394
|move|p2a: Whimsicott|Leech Seed|p1a: Umby
|-start|p1a: Umby|move: Leech Seed
|
|-heal|p2a: Whimsicott|152\/324|[from] item: Leftovers
|-damage|p1a: Umby|243\/394|[from] Leech Seed|[of] p2a: Whimsicott
|-heal|p2a: Whimsicott|201\/324|[silent]
|turn|45
|
|move|p2a: Whimsicott|Moonblast|p1a: Umby
|-crit|p1a: Umby
|-supereffective|p1a: Umby
|-damage|p1a: Umby|81\/394
|-unboost|p1a: Umby|spa|1
|move|p1a: Umby|Wish|p1a: Umby
|
|-heal|p2a: Whimsicott|221\/324|[from] item: Leftovers
|-damage|p1a: Umby|32\/394|[from] Leech Seed|[of] p2a: Whimsicott
|-heal|p2a: Whimsicott|270\/324|[silent]
|turn|46
|
|move|p1a: Umby|Protect|p1a: Umby
|-singleturn|p1a: Umby|Protect
|move|p2a: Whimsicott|Encore|p1a: Umby
|-activate|p1a: Umby|Protect
|
|-heal|p1a: Umby|229\/394|[from] move: Wish|[wisher] Umby
|-heal|p2a: Whimsicott|290\/324|[from] item: Leftovers
|-damage|p1a: Umby|180\/394|[from] Leech Seed|[of] p2a: Whimsicott
|-heal|p2a: Whimsicott|324\/324|[silent]
|turn|47
|
|switch|p1a: Registy|Registeel|290\/364
|move|p2a: Whimsicott|Encore|p1a: Registy
|-fail|p1a: Registy
|
|turn|48
|
|move|p2a: Whimsicott|Leech Seed|p1a: Registy
|-start|p1a: Registy|move: Leech Seed
|move|p1a: Registy|Seismic Toss|p2a: Whimsicott
|-end|p2a: Whimsicott|Substitute
|
|-damage|p1a: Registy|245\/364|[from] Leech Seed|[of] p2a: Whimsicott
|turn|49
|
|move|p2a: Whimsicott|Moonblast|p1a: Registy
|-resisted|p1a: Registy
|-damage|p1a: Registy|217\/364
|move|p1a: Registy|Seismic Toss|p2a: Whimsicott
|-damage|p2a: Whimsicott|224\/324
|
|-heal|p2a: Whimsicott|244\/324|[from] item: Leftovers
|-damage|p1a: Registy|172\/364|[from] Leech Seed|[of] p2a: Whimsicott
|-heal|p2a: Whimsicott|289\/324|[silent]
|turn|50
|
|move|p2a: Whimsicott|Moonblast|p1a: Registy
|-resisted|p1a: Registy
|-damage|p1a: Registy|145\/364
|move|p1a: Registy|Seismic Toss|p2a: Whimsicott
|-damage|p2a: Whimsicott|189\/324
|
|-heal|p2a: Whimsicott|209\/324|[from] item: Leftovers
|-damage|p1a: Registy|100\/364|[from] Leech Seed|[of] p2a: Whimsicott
|-heal|p2a: Whimsicott|254\/324|[silent]
|turn|51
|
|move|p2a: Whimsicott|Substitute|p2a: Whimsicott
|-start|p2a: Whimsicott|Substitute
|-damage|p2a: Whimsicott|173\/324
|move|p1a: Registy|Seismic Toss|p2a: Whimsicott
|-end|p2a: Whimsicott|Substitute
|
|-heal|p2a: Whimsicott|193\/324|[from] item: Leftovers
|-damage|p1a: Registy|55\/364|[from] Leech Seed|[of] p2a: Whimsicott
|-heal|p2a: Whimsicott|238\/324|[silent]
|turn|52
|
|move|p2a: Whimsicott|Substitute|p2a: Whimsicott
|-start|p2a: Whimsicott|Substitute
|-damage|p2a: Whimsicott|157\/324
|move|p1a: Registy|Seismic Toss|p2a: Whimsicott
|-end|p2a: Whimsicott|Substitute
|
|-heal|p2a: Whimsicott|177\/324|[from] item: Leftovers
|-damage|p1a: Registy|10\/364|[from] Leech Seed|[of] p2a: Whimsicott
|-heal|p2a: Whimsicott|222\/324|[silent]
|turn|53
|
|move|p2a: Whimsicott|Moonblast|p1a: Registy
|-resisted|p1a: Registy
|-damage|p1a: Registy|0 fnt
|faint|p1a: Registy
|
|-heal|p2a: Whimsicott|242\/324|[from] item: Leftovers
|join|futurefusion
|
|switch|p1a: Napy|Infernape, F|206\/293
|turn|54
|
|move|p2a: Whimsicott|Substitute|p2a: Whimsicott
|-start|p2a: Whimsicott|Substitute
|-damage|p2a: Whimsicott|161\/324
|move|p1a: Napy|Flamethrower|p2a: Whimsicott
|-supereffective|p2a: Whimsicott
|-end|p2a: Whimsicott|Substitute
|-damage|p1a: Napy|177\/293|[from] item: Life Orb
|
|-heal|p2a: Whimsicott|181\/324|[from] item: Leftovers
|turn|55
|
|switch|p2a: Vaporeon|Vaporeon, M|365\/464
|-damage|p2a: Vaporeon|307\/464|[from] Stealth Rock
|move|p1a: Napy|Grass Knot|p2a: Vaporeon
|-supereffective|p2a: Vaporeon
|-damage|p2a: Vaporeon|174\/464
|-damage|p1a: Napy|148\/293|[from] item: Life Orb
|
|-heal|p2a: Vaporeon|203\/464|[from] item: Leftovers
|turn|56
|
|switch|p1a: Sharpy|Sharpedo, M|281\/281
|move|p2a: Vaporeon|Wish|p2a: Vaporeon
|
|-heal|p2a: Vaporeon|232\/464|[from] item: Leftovers
|turn|57
|
|move|p2a: Vaporeon|Protect|p2a: Vaporeon
|-singleturn|p2a: Vaporeon|Protect
|move|p1a: Sharpy|Crunch|p2a: Vaporeon
|-activate|p2a: Vaporeon|Protect
|
|-heal|p2a: Vaporeon|464\/464|[from] move: Wish|[wisher] Vaporeon
|-boost|p1a: Sharpy|spe|1|[from] ability: Speed Boost
|turn|58
|
|switch|p1a: Umby|Umbreon, M, shiny|180\/394
|move|p2a: Vaporeon|Wish|p2a: Vaporeon
|
|turn|59
|
|move|p1a: Umby|Foul Play|p2a: Vaporeon
|-damage|p2a: Vaporeon|392\/464
|move|p2a: Vaporeon|Baton Pass|p2a: Vaporeon
|c|âCatsarenice|Dang it
|
|switch|p2a: Krookodile|Krookodile, F|119\/331 tox
|-damage|p2a: Krookodile|99\/331 tox|[from] Stealth Rock
|-ability|p2a: Krookodile|Intimidate|[of] p1a: Umby
|-unboost|p1a: Umby|atk|1
|
|-heal|p2a: Krookodile|331\/331 tox|[from] move: Wish|[wisher] Vaporeon
|-damage|p2a: Krookodile|311\/331 tox|[from] psn
|turn|60
|c|âCatsarenice|You are faster
|c|âKing UU|slower
|
|move|p2a: Krookodile|Earthquake|p1a: Umby
|-damage|p1a: Umby|0 fnt
|faint|p1a: Umby
|
|-damage|p2a: Krookodile|271\/331 tox|[from] psn
|c|âCatsarenice|Yeah, slower
|c|âCatsarenice|xD
|
|switch|p1a: Sharpy|Sharpedo, M|281\/281
|turn|61
|
|move|p2a: Krookodile|Earthquake|p1a: Sharpy
|-enditem|p1a: Sharpy|Focus Sash
|-damage|p1a: Sharpy|1\/281
|move|p1a: Sharpy|Waterfall|p2a: Krookodile
|-supereffective|p2a: Krookodile
|-damage|p2a: Krookodile|0 fnt
|faint|p2a: Krookodile
|
|-boost|p1a: Sharpy|spe|1|[from] ability: Speed Boost
|
|switch|p2a: Vaporeon|Vaporeon, M|392\/464
|-damage|p2a: Vaporeon|334\/464|[from] Stealth Rock
|turn|62
|
|move|p2a: Vaporeon|Protect|p2a: Vaporeon
|-singleturn|p2a: Vaporeon|Protect
|move|p1a: Sharpy|Destiny Bond|p1a: Sharpy
|-singlemove|p1a: Sharpy|Destiny Bond
|
|-heal|p2a: Vaporeon|363\/464|[from] item: Leftovers
|-boost|p1a: Sharpy|spe|1|[from] ability: Speed Boost
|turn|63
|c| futurefusion|whaaa mind blown
|
|move|p1a: Sharpy|Crunch|p2a: Vaporeon
|-damage|p2a: Vaporeon|192\/464
|move|p2a: Vaporeon|Wish|p2a: Vaporeon
|
|-heal|p2a: Vaporeon|221\/464|[from] item: Leftovers
|-boost|p1a: Sharpy|spe|1|[from] ability: Speed Boost
|turn|64
|
|switch|p2a: Whimsicott|Whimsicott, M|181\/324
|-damage|p2a: Whimsicott|141\/324|[from] Stealth Rock
|move|p1a: Sharpy|Destiny Bond|p1a: Sharpy
|-singlemove|p1a: Sharpy|Destiny Bond
|
|-heal|p2a: Whimsicott|324\/324|[from] move: Wish|[wisher] Vaporeon
|-boost|p1a: Sharpy|spe|1|[from] ability: Speed Boost
|turn|65
|
|switch|p1a: Cressy|Cresselia, F, shiny|444\/444
|move|p2a: Whimsicott|Substitute|p2a: Whimsicott
|-start|p2a: Whimsicott|Substitute
|-damage|p2a: Whimsicott|243\/324
|
|-heal|p2a: Whimsicott|263\/324|[from] item: Leftovers
|turn|66
|c|âCatsarenice|#BanWhimsicott ffs
|c|âKing UU|you just don't have any hard counters
|c|âKing UU|slash I'm on hire
|c|âKing UU|fire*
|c|âKing UU|kek
|c|âKing UU|have to keep praying
|c|âKing UU|for leech seed hits
|c|âCatsarenice|Well, I might should start running Crobat-infiltrator over Pidgeot xD
|c|âKing UU|that works too
|c|âKing UU|but
|c|âKing UU|that's just for whims :P
|
|move|p2a: Whimsicott|Leech Seed|p1a: Cressy
|-start|p1a: Cressy|move: Leech Seed
|move|p1a: Cressy|Psyshock|p2a: Whimsicott
|-activate|p2a: Whimsicott|Substitute|[damage]
|
|-heal|p2a: Whimsicott|283\/324|[from] item: Leftovers
|-damage|p1a: Cressy|389\/444|[from] Leech Seed|[of] p2a: Whimsicott
|-heal|p2a: Whimsicott|324\/324|[silent]
|turn|67
|
|move|p2a: Whimsicott|Moonblast|p1a: Cressy
|-damage|p1a: Cressy|313\/444
|move|p1a: Cressy|Psyshock|p2a: Whimsicott
|-end|p2a: Whimsicott|Substitute
|
|-heal|p1a: Cressy|340\/444|[from] item: Leftovers
|-damage|p1a: Cressy|285\/444|[from] Leech Seed|[of] p2a: Whimsicott
|turn|68
|
|switch|p1a: Napy|Infernape, F|148\/293
|move|p2a: Whimsicott|Substitute|p2a: Whimsicott
|-start|p2a: Whimsicott|Substitute
|-damage|p2a: Whimsicott|243\/324
|
|-heal|p2a: Whimsicott|263\/324|[from] item: Leftovers
|turn|69
|
|move|p1a: Napy|Flamethrower|p2a: Whimsicott
|-supereffective|p2a: Whimsicott
|-end|p2a: Whimsicott|Substitute
|-damage|p1a: Napy|119\/293|[from] item: Life Orb
|move|p2a: Whimsicott|Moonblast|p1a: Napy
|-damage|p1a: Napy|0 fnt
|faint|p1a: Napy
|
|-heal|p2a: Whimsicott|283\/324|[from] item: Leftovers
|c|âCatsarenice|Its fucking insane
|c|âCatsarenice|I would have won
|c|âCatsarenice|But here comes a fucking Whimsicott and I make so freaking bad plays
|
|switch|p1a: Sharpy|Sharpedo, M|1\/281
|turn|70
|c|âKing UU|it's team matchup
|
|move|p2a: Whimsicott|Substitute|p2a: Whimsicott
|-start|p2a: Whimsicott|Substitute
|-damage|p2a: Whimsicott|202\/324
|move|p1a: Sharpy|Waterfall|p2a: Whimsicott
|-resisted|p2a: Whimsicott
|-activate|p2a: Whimsicott|Substitute|[damage]
|
|-heal|p2a: Whimsicott|222\/324|[from] item: Leftovers
|-boost|p1a: Sharpy|spe|1|[from] ability: Speed Boost
|turn|71
|
|switch|p1a: Cressy|Cresselia, F, shiny|285\/444
|move|p2a: Whimsicott|Leech Seed|p1a: Cressy
|-start|p1a: Cressy|move: Leech Seed
|
|-heal|p2a: Whimsicott|242\/324|[from] item: Leftovers
|-heal|p1a: Cressy|312\/444|[from] item: Leftovers
|-damage|p1a: Cressy|257\/444|[from] Leech Seed|[of] p2a: Whimsicott
|-heal|p2a: Whimsicott|297\/324|[silent]
|turn|72
|
|move|p2a: Whimsicott|Moonblast|p1a: Cressy
|-damage|p1a: Cressy|184\/444
|-unboost|p1a: Cressy|spa|1
|move|p1a: Cressy|Moonlight|p1a: Cressy
|-heal|p1a: Cressy|406\/444
|
|-heal|p2a: Whimsicott|317\/324|[from] item: Leftovers
|-heal|p1a: Cressy|433\/444|[from] item: Leftovers
|-damage|p1a: Cressy|378\/444|[from] Leech Seed|[of] p2a: Whimsicott
|-heal|p2a: Whimsicott|324\/324|[silent]
|turn|73
|
|switch|p1a: Sharpy|Sharpedo, M|1\/281
|move|p2a: Whimsicott|Encore|p1a: Sharpy
|-fail|p1a: Sharpy
|
|turn|74
|
|move|p2a: Whimsicott|Moonblast|p1a: Sharpy
|-crit|p1a: Sharpy
|-supereffective|p1a: Sharpy
|-damage|p1a: Sharpy|0 fnt
|faint|p1a: Sharpy
|
|
|switch|p1a: Cressy|Cresselia, F, shiny|378\/444
|turn|75
|
|move|p2a: Whimsicott|Leech Seed|p1a: Cressy
|-start|p1a: Cressy|move: Leech Seed
|move|p1a: Cressy|Calm Mind|p1a: Cressy
|-boost|p1a: Cressy|spa|1
|-boost|p1a: Cressy|spd|1
|
|-heal|p1a: Cressy|405\/444|[from] item: Leftovers
|-damage|p1a: Cressy|350\/444|[from] Leech Seed|[of] p2a: Whimsicott
|turn|76
|
|move|p2a: Whimsicott|Moonblast|p1a: Cressy
|-damage|p1a: Cressy|302\/444
|move|p1a: Cressy|Psyshock|p2a: Whimsicott
|-crit|p2a: Whimsicott
|-end|p2a: Whimsicott|Substitute
|
|-heal|p1a: Cressy|329\/444|[from] item: Leftovers
|-damage|p1a: Cressy|274\/444|[from] Leech Seed|[of] p2a: Whimsicott
|turn|77
|
|move|p2a: Whimsicott|Substitute|p2a: Whimsicott
|-start|p2a: Whimsicott|Substitute
|-damage|p2a: Whimsicott|243\/324
|move|p1a: Cressy|Psyshock|p2a: Whimsicott
|-end|p2a: Whimsicott|Substitute
|
|-heal|p2a: Whimsicott|263\/324|[from] item: Leftovers
|-heal|p1a: Cressy|301\/444|[from] item: Leftovers
|-damage|p1a: Cressy|246\/444|[from] Leech Seed|[of] p2a: Whimsicott
|-heal|p2a: Whimsicott|318\/324|[silent]
|turn|78
|
|move|p2a: Whimsicott|Encore|p1a: Cressy
|-start|p1a: Cressy|Encore
|move|p1a: Cressy|Psyshock|p2a: Whimsicott
|-damage|p2a: Whimsicott|219\/324
|
|-heal|p2a: Whimsicott|239\/324|[from] item: Leftovers
|-heal|p1a: Cressy|273\/444|[from] item: Leftovers
|-damage|p1a: Cressy|218\/444|[from] Leech Seed|[of] p2a: Whimsicott
|-heal|p2a: Whimsicott|294\/324|[silent]
|turn|79
|c|âKing UU|let's dance
|
|move|p2a: Whimsicott|Moonblast|p1a: Cressy
|-damage|p1a: Cressy|173\/444
|move|p1a: Cressy|Psyshock|p2a: Whimsicott
|-damage|p2a: Whimsicott|201\/324
|
|-heal|p2a: Whimsicott|221\/324|[from] item: Leftovers
|-heal|p1a: Cressy|200\/444|[from] item: Leftovers
|-damage|p1a: Cressy|145\/444|[from] Leech Seed|[of] p2a: Whimsicott
|-heal|p2a: Whimsicott|276\/324|[silent]
|turn|80
|
|move|p2a: Whimsicott|Moonblast|p1a: Cressy
|-damage|p1a: Cressy|96\/444
|move|p1a: Cressy|Psyshock|p2a: Whimsicott
|-damage|p2a: Whimsicott|185\/324
|
|-heal|p2a: Whimsicott|205\/324|[from] item: Leftovers
|-heal|p1a: Cressy|123\/444|[from] item: Leftovers
|-damage|p1a: Cressy|68\/444|[from] Leech Seed|[of] p2a: Whimsicott
|-heal|p2a: Whimsicott|260\/324|[silent]
|-end|p1a: Cressy|Encore
|turn|81
|c|âCatsarenice|I dont believe that Whimsicott did this
|c|âCatsarenice|I will not xD
|
|move|p2a: Whimsicott|Moonblast|p1a: Cressy
|-damage|p1a: Cressy|20\/444
|move|p1a: Cressy|Psyshock|p2a: Whimsicott
|-damage|p2a: Whimsicott|169\/324
|
|-heal|p2a: Whimsicott|189\/324|[from] item: Leftovers
|-heal|p1a: Cressy|47\/444|[from] item: Leftovers
|-damage|p1a: Cressy|0 fnt|[from] Leech Seed|[of] p2a: Whimsicott
|-heal|p2a: Whimsicott|236\/324|[silent]
|faint|p1a: Cressy
|
|win|King UU
|raw|Ladder updating...
|raw|Catsarenice's rating: 1563 &rarr; <strong>1543<\/strong><br \/>(-20 for losing)
|raw|King UU's rating: 1560 &rarr; <strong>1580<\/strong><br \/>(+20 for winning)
|c|âCatsarenice|bg
|c|âKing UU|great game
|c|âKing UU|c: