|join|King UU
|join|Heimerdinger Farms
|player|p1|King UU|#kinguu
|player|p2|Heimerdinger Farms|72
|gametype|singles
|gen|6
|tier|UU
|rated
|rule|Sleep Clause Mod: Limit one foe put to sleep
|rule|Species Clause: Limit one of each PokÃ©mon
|rule|OHKO Clause: OHKO moves are banned
|rule|Moody Clause: Moody is banned
|rule|Evasion Moves Clause: Evasion moves are banned
|rule|Endless Battle Clause: Forcing endless battles is banned
|rule|HP Percentage Mod: HP is shown in percentages
|clearpoke
|poke|p1|Mienshao, F
|poke|p1|Tentacruel, M
|poke|p1|Serperior, F
|poke|p1|Gligar, M
|poke|p1|Cresselia, F
|poke|p1|Chandelure, M
|poke|p2|Meloetta
|poke|p2|Chesnaught, F
|poke|p2|Ampharos, F
|poke|p2|Crobat, M
|poke|p2|Darmanitan, F
|poke|p2|Swampert, F
|rule|Swagger Clause: Swagger is banned
|rule|Baton Pass Clause: Limit one PokÃ©mon knowing Baton Pass
|teampreview
|
|start
|switch|p1a: Chandelure|Chandelure, M|261\/261
|switch|p2a: Poopyhead Meanie|Crobat, M|373\/373
|turn|1
|
|move|p2a: Poopyhead Meanie|U-turn|p1a: Chandelure
|-resisted|p1a: Chandelure
|-damage|p1a: Chandelure|247\/261
|
|switch|p2a: Adel Dazim|Meloetta|381\/381
|move|p1a: Chandelure|Fire Blast|p2a: Adel Dazim
|-damage|p2a: Adel Dazim|206\/381
|
|turn|2
|
|switch|p1a: Gligar|Gligar, M|333\/333
|move|p2a: Adel Dazim|Shadow Ball|p1a: Gligar
|-damage|p1a: Gligar|242\/333
|-unboost|p1a: Gligar|spd|1
|
|turn|3
|
|switch|p1a: Cresselia|Cresselia, F|443\/443
|move|p2a: Adel Dazim|Shadow Ball|p1a: Cresselia
|-supereffective|p1a: Cresselia
|-damage|p1a: Cresselia|281\/443
|-unboost|p1a: Cresselia|spd|1
|
|-heal|p1a: Cresselia|308\/443|[from] item: Leftovers
|turn|4
|c|âHeimerdinger Farms|sorry about all the drops
|
|switch|p1a: Gligar|Gligar, M|242\/333
|move|p2a: Adel Dazim|Shadow Ball|p1a: Gligar
|-damage|p1a: Gligar|154\/333
|-unboost|p1a: Gligar|spd|1
|
|turn|5
|c|âHeimerdinger Farms|wow :\/
|
|move|p2a: Adel Dazim|Shadow Ball|p1a: Gligar
|-damage|p1a: Gligar|34\/333
|move|p1a: Gligar|Stealth Rock|p2a: Adel Dazim
|-sidestart|p2: Heimerdinger Farms|move: Stealth Rock
|
|turn|6
|
|move|p2a: Adel Dazim|Shadow Ball|p1a: Gligar
|-damage|p1a: Gligar|0 fnt
|faint|p1a: Gligar
|
|
|switch|p1a: Serperior|Serperior, F|291\/291
|turn|7
|
|switch|p2a: Poopyhead Meanie|Crobat, M|373\/373
|-damage|p2a: Poopyhead Meanie|280\/373|[from] Stealth Rock
|move|p1a: Serperior|Leaf Storm|p2a: Poopyhead Meanie|[miss]
|-miss|p1a: Serperior|p2a: Poopyhead Meanie
|
|-heal|p2a: Poopyhead Meanie|303\/373|[from] item: Black Sludge
|turn|8
|
|switch|p1a: Cresselia|Cresselia, F|308\/443
|move|p2a: Poopyhead Meanie|Defog|p1a: Cresselia
|-unboost|p1a: Cresselia|evasion|1
|-sideend|p2: Heimerdinger Farms|Stealth Rock|[from] move: Defog|[of] p2a: Poopyhead Meanie
|
|-heal|p2a: Poopyhead Meanie|326\/373|[from] item: Black Sludge
|-heal|p1a: Cresselia|335\/443|[from] item: Leftovers
|turn|9
|
|move|p2a: Poopyhead Meanie|Taunt|p1a: Cresselia
|-start|p1a: Cresselia|move: Taunt
|cant|p1a: Cresselia|move: Taunt|Calm Mind
|
|-heal|p2a: Poopyhead Meanie|349\/373|[from] item: Black Sludge
|-heal|p1a: Cresselia|362\/443|[from] item: Leftovers
|turn|10
|
|move|p2a: Poopyhead Meanie|U-turn|p1a: Cresselia
|-supereffective|p1a: Cresselia
|-damage|p1a: Cresselia|294\/443
|
|switch|p2a: Hair Reference|Ampharos, F|371\/371
|move|p1a: Cresselia|Psyshock|p2a: Hair Reference
|-damage|p2a: Hair Reference|305\/371
|
|-heal|p1a: Cresselia|321\/443|[from] item: Leftovers
|turn|11
|
|detailschange|p2a: Hair Reference|Ampharos-Mega, F
|-mega|p2a: Hair Reference|Ampharos|Ampharosite
|-ability|p2a: Hair Reference|Mold Breaker
|move|p1a: Cresselia|Moonblast|p2a: Hair Reference
|-supereffective|p2a: Hair Reference
|-damage|p2a: Hair Reference|189\/371
|move|p2a: Hair Reference|Volt Switch|p1a: Cresselia
|-damage|p1a: Cresselia|219\/443
|
|switch|p2a: QUACK|Swampert, F|404\/404
|
|-heal|p1a: Cresselia|246\/443|[from] item: Leftovers
|-end|p1a: Cresselia|move: Taunt
|turn|12
|
|switch|p1a: Serperior|Serperior, F|291\/291
|move|p2a: QUACK|Stealth Rock|p1a: Serperior
|-sidestart|p1: King UU|move: Stealth Rock
|
|turn|13
|
|switch|p2a: Hair Reference|Ampharos-Mega, F|189\/371
|-ability|p2a: Hair Reference|Mold Breaker
|move|p1a: Serperior|Leaf Storm|p2a: Hair Reference
|-resisted|p2a: Hair Reference
|-damage|p2a: Hair Reference|122\/371
|-boost|p1a: Serperior|spa|2
|
|turn|14
|
|move|p1a: Serperior|Leaf Storm|p2a: Hair Reference
|-resisted|p2a: Hair Reference
|-damage|p2a: Hair Reference|0 fnt
|-boost|p1a: Serperior|spa|2
|faint|p2a: Hair Reference
|
|
|switch|p2a: Poopyhead Meanie|Crobat, M|349\/373
|turn|15
|
|switch|p1a: Tentacruel|Tentacruel, M|364\/364
|-damage|p1a: Tentacruel|319\/364|[from] Stealth Rock
|move|p2a: Poopyhead Meanie|Brave Bird|p1a: Tentacruel
|-damage|p1a: Tentacruel|184\/364
|-damage|p2a: Poopyhead Meanie|304\/373|[from] recoil|[of] p1a: Tentacruel
|
|-heal|p2a: Poopyhead Meanie|327\/373|[from] item: Black Sludge
|-heal|p1a: Tentacruel|206\/364|[from] item: Black Sludge
|turn|16
|
|move|p2a: Poopyhead Meanie|Brave Bird|p1a: Tentacruel
|-damage|p1a: Tentacruel|62\/364
|-damage|p2a: Poopyhead Meanie|279\/373|[from] recoil|[of] p1a: Tentacruel
|move|p1a: Tentacruel|Rapid Spin|p2a: Poopyhead Meanie
|-damage|p2a: Poopyhead Meanie|268\/373
|-sideend|p1: King UU|Stealth Rock|[from] move: Rapid Spin|[of] p1a: Tentacruel
|
|-heal|p2a: Poopyhead Meanie|291\/373|[from] item: Black Sludge
|-heal|p1a: Tentacruel|84\/364|[from] item: Black Sludge
|turn|17
|
|move|p2a: Poopyhead Meanie|Brave Bird|p1a: Tentacruel
|-damage|p1a: Tentacruel|0 fnt
|-damage|p2a: Poopyhead Meanie|263\/373|[from] recoil|[of] p1a: Tentacruel
|faint|p1a: Tentacruel
|
|-heal|p2a: Poopyhead Meanie|286\/373|[from] item: Black Sludge
|
|switch|p1a: Cresselia|Cresselia, F|246\/443
|turn|18
|
|move|p2a: Poopyhead Meanie|Taunt|p1a: Cresselia
|-start|p1a: Cresselia|move: Taunt
|move|p1a: Cresselia|Psyshock|p2a: Poopyhead Meanie
|-supereffective|p2a: Poopyhead Meanie
|-damage|p2a: Poopyhead Meanie|116\/373
|
|-heal|p2a: Poopyhead Meanie|139\/373|[from] item: Black Sludge
|-heal|p1a: Cresselia|273\/443|[from] item: Leftovers
|turn|19
|
|move|p2a: Poopyhead Meanie|U-turn|p1a: Cresselia
|-supereffective|p1a: Cresselia
|-damage|p1a: Cresselia|205\/443
|
|switch|p2a: Adel Dazim|Meloetta|206\/381
|move|p1a: Cresselia|Psyshock|p2a: Adel Dazim
|-crit|p2a: Adel Dazim
|-resisted|p2a: Adel Dazim
|-damage|p2a: Adel Dazim|143\/381
|
|-heal|p1a: Cresselia|232\/443|[from] item: Leftovers
|turn|20
|
|switch|p1a: Serperior|Serperior, F|291\/291
|move|p2a: Adel Dazim|Shadow Ball|p1a: Serperior
|-damage|p1a: Serperior|190\/291
|
|turn|21
|
|switch|p2a: Poopyhead Meanie|Crobat, M|139\/373
|move|p1a: Serperior|Leaf Storm|p2a: Poopyhead Meanie
|-resisted|p2a: Poopyhead Meanie
|-damage|p2a: Poopyhead Meanie|87\/373
|-boost|p1a: Serperior|spa|2
|
|-heal|p2a: Poopyhead Meanie|110\/373|[from] item: Black Sludge
|turn|22
|
|move|p1a: Serperior|Leaf Storm|p2a: Poopyhead Meanie
|-resisted|p2a: Poopyhead Meanie
|-damage|p2a: Poopyhead Meanie|8\/373
|-boost|p1a: Serperior|spa|2
|move|p2a: Poopyhead Meanie|Brave Bird|p1a: Serperior
|-supereffective|p1a: Serperior
|-damage|p1a: Serperior|0 fnt
|-damage|p2a: Poopyhead Meanie|0 fnt|[from] recoil|[of] p1a: Serperior
|faint|p1a: Serperior
|faint|p2a: Poopyhead Meanie
|
|
|switch|p1a: Mienshao|Mienshao, F|271\/271
|switch|p2a: Enemy Nuke|Darmanitan, F|351\/351
|turn|23
|
|switch|p2a: Ike|Chesnaught, F|345\/345
|switch|p1a: Chandelure|Chandelure, M|247\/261
|
|turn|24
|
|switch|p2a: QUACK|Swampert, F|404\/404
|move|p1a: Chandelure|Fire Blast|p2a: QUACK
|-resisted|p2a: QUACK
|-damage|p2a: QUACK|206\/404
|
|-heal|p2a: QUACK|231\/404|[from] item: Leftovers
|turn|25
|
|move|p1a: Chandelure|Fire Blast|p2a: QUACK
|-resisted|p2a: QUACK
|-damage|p2a: QUACK|57\/404
|move|p2a: QUACK|Earthquake|p1a: Chandelure
|-supereffective|p1a: Chandelure
|-damage|p1a: Chandelure|0 fnt
|faint|p1a: Chandelure
|
|-heal|p2a: QUACK|82\/404|[from] item: Leftovers
|
|switch|p1a: Cresselia|Cresselia, F|232\/443
|turn|26
|
|move|p1a: Cresselia|Calm Mind|p1a: Cresselia
|-boost|p1a: Cresselia|spa|1
|-boost|p1a: Cresselia|spd|1
|move|p2a: QUACK|Roar|p1a: Cresselia
|drag|p1a: Mienshao|Mienshao, F|271\/271
|
|-heal|p2a: QUACK|107\/404|[from] item: Leftovers
|turn|27
|
|move|p1a: Mienshao|High Jump Kick|p2a: QUACK
|-damage|p2a: QUACK|0 fnt
|-damage|p1a: Mienshao|244\/271|[from] item: Life Orb
|faint|p2a: QUACK
|
|
|switch|p2a: Enemy Nuke|Darmanitan, F|351\/351
|turn|28
|
|move|p2a: Enemy Nuke|Flare Blitz|p1a: Mienshao
|-damage|p1a: Mienshao|0 fnt
|-damage|p2a: Enemy Nuke|270\/351|[from] recoil|[of] p1a: Mienshao
|faint|p1a: Mienshao
|
|
|switch|p1a: Cresselia|Cresselia, F|232\/443
|turn|29
|
|move|p2a: Enemy Nuke|Flare Blitz|p1a: Cresselia
|-damage|p1a: Cresselia|57\/443
|-damage|p2a: Enemy Nuke|212\/351|[from] recoil|[of] p1a: Cresselia
|move|p1a: Cresselia|Psyshock|p2a: Enemy Nuke
|-damage|p2a: Enemy Nuke|86\/351
|
|-heal|p1a: Cresselia|84\/443|[from] item: Leftovers
|turn|30
|-message|King UU forfeited.
|c|âHeimerdinger Farms|gg
|leave|King UU
|
|move|p2a: Enemy Nuke|Flare Blitz|p1a: Cresselia
|-damage|p1a: Cresselia|0 fnt
|-damage|p2a: Enemy Nuke|58\/351|[from] recoil|[of] p1a: Cresselia
|faint|p1a: Cresselia
|
|win|Heimerdinger Farms
|raw|Ladder updating...
|raw|King UU's rating: 1651 &rarr; <strong>1619<\/strong><br \/>(-32 for losing)
|raw|Heimerdinger Farms's rating: 1417 &rarr; <strong>1449<\/strong><br \/>(+32 for winning)
|player|p1