|join|King UU
|join|razzeldazzell
|player|p1|King UU|22
|player|p2|razzeldazzell|265
|gametype|singles
|gen|6
|tier|UU
|rated
|rule|Sleep Clause Mod: Limit one foe put to sleep
|rule|Species Clause: Limit one of each PokÃ©mon
|rule|OHKO Clause: OHKO moves are banned
|rule|Moody Clause: Moody is banned
|rule|Evasion Moves Clause: Evasion moves are banned
|rule|Endless Battle Clause: Forcing endless battles is banned
|rule|HP Percentage Mod: HP is shown in percentages
|clearpoke
|poke|p1|Aerodactyl, F
|poke|p1|Nidoqueen, F
|poke|p1|Hydreigon, M
|poke|p1|Florges, F
|poke|p1|Starmie
|poke|p1|Chesnaught, M
|poke|p2|Steelix, F
|poke|p2|Florges, F
|poke|p2|Honchkrow, F
|poke|p2|Mienshao, F
|poke|p2|Slowking, M
|poke|p2|Toxicroak, M
|rule|Swagger Clause: Swagger is banned
|rule|Baton Pass Clause: Limit one PokÃ©mon knowing Baton Pass
|teampreview
|
|start
|switch|p1a: Nidoqueen|Nidoqueen, F|331\/331
|switch|p2a: Mienshao|Mienshao, F|272\/272
|turn|1
|
|move|p2a: Mienshao|U-turn|p1a: Nidoqueen
|-resisted|p1a: Nidoqueen
|-damage|p1a: Nidoqueen|287\/331
|join|t5fgvt5
|
|switch|p2a: Slowking|Slowking, M|394\/394
|move|p1a: Nidoqueen|Earth Power|p2a: Slowking
|-damage|p2a: Slowking|206\/394
|
|turn|2
|
|move|p1a: Nidoqueen|Sludge Wave|p2a: Slowking
|-damage|p2a: Slowking|10\/394
|move|p2a: Slowking|Slack Off|p2a: Slowking
|-heal|p2a: Slowking|207\/394
|
|turn|3
|
|move|p1a: Nidoqueen|Earth Power|p2a: Slowking
|-damage|p2a: Slowking|26\/394
|move|p2a: Slowking|Slack Off|p2a: Slowking
|-heal|p2a: Slowking|223\/394
|
|turn|4
|
|move|p1a: Nidoqueen|Earth Power|p2a: Slowking
|-damage|p2a: Slowking|54\/394
|move|p2a: Slowking|Slack Off|p2a: Slowking
|-heal|p2a: Slowking|251\/394
|
|turn|5
|
|move|p1a: Nidoqueen|Earth Power|p2a: Slowking
|-crit|p2a: Slowking
|-damage|p2a: Slowking|0 fnt
|faint|p2a: Slowking
|
|
|switch|p2a: Toxicroak|Toxicroak, M|328\/328
|turn|6
|
|move|p1a: Nidoqueen|Earth Power|p2a: Toxicroak
|-supereffective|p2a: Toxicroak
|-damage|p2a: Toxicroak|0 fnt
|faint|p2a: Toxicroak
|
|
|switch|p2a: Honchkrow|Honchkrow, F|341\/341
|turn|7
|-message|razzeldazzell forfeited.
|leave|razzeldazzell
|
|win|King UU
|raw|Ladder updating...
|player|p2
|raw|King UU's rating: 1584 &rarr; <strong>1591<\/strong><br \/>(+7 for winning)
|raw|razzeldazzell's rating: 1292 &rarr; <strong>1284<\/strong><br \/>(-8 for losing)