|join|namehtmas
|join|King UU
|player|p1|namehtmas|167
|player|p2|King UU|22
|gametype|singles
|gen|6
|tier|UU
|rule|Sleep Clause Mod: Limit one foe put to sleep
|rule|Species Clause: Limit one of each PokÃ©mon
|rule|OHKO Clause: OHKO moves are banned
|rule|Moody Clause: Moody is banned
|rule|Evasion Moves Clause: Evasion moves are banned
|rule|Endless Battle Clause: Forcing endless battles is banned
|rule|HP Percentage Mod: HP is shown in percentages
|clearpoke
|poke|p1|Corsola, M
|poke|p1|Xatu, M
|poke|p1|Steelix, F
|poke|p1|Entei, shiny
|poke|p1|Sandslash, F
|poke|p1|Scrafty, F
|poke|p2|Darmanitan, M
|poke|p2|Ampharos, F
|poke|p2|Forretress, M
|poke|p2|Swampert, F
|poke|p2|Umbreon, M
|poke|p2|Crobat, M
|rule|Swagger Clause: Swagger is banned
|rule|Baton Pass Clause: Limit one PokÃ©mon knowing Baton Pass
|teampreview
|join|omegaW
|join|Meowiekins
|c|âKing UU|what is this
|c|âKing UU|a UU battle for ants?
|c|âKing UU|how do we make them fight
|c|âKing UU|if we can't even fit inside the computer
|c|ânamehtmas|c'mon man
|join|CoolStoryBrobat
|c|ânamehtmas|i'm ready
|c| Meowiekins|very carefully
|
|start
|switch|p1a: Xatu|Xatu, M|271\/271
|switch|p2a: Darmanitan|Darmanitan, M|351\/351
|turn|1
|
|switch|p1a: Corsola|Corsola, M|314\/314
|move|p2a: Darmanitan|U-turn|p1a: Corsola
|-damage|p1a: Corsola|210\/314
|c|@CoolStoryBrobat|He's using bae
|
|switch|p2a: Ampharos|Ampharos, F|374\/374
|
|turn|2
|c| Meowiekins|YUM
|c|@CoolStoryBrobat|I can't even hate
|c| omegaW|Lol
|
|detailschange|p2a: Ampharos|Ampharos-Mega, F
|-mega|p2a: Ampharos|Ampharos|Ampharosite
|-ability|p2a: Ampharos|Mold Breaker
|move|p2a: Ampharos|Volt Switch|p1a: Corsola
|-supereffective|p1a: Corsola
|-damage|p1a: Corsola|30\/314
|c| omegaW|Bulk
|
|switch|p2a: Forretress|Forretress, M|354\/354
|move|p1a: Corsola|Mirror Coat|p2a: Forretress
|-damage|p2a: Forretress|0 fnt
|faint|p2a: Forretress
|
|c| omegaW|OOO
|
|switch|p2a: Darmanitan|Darmanitan, M|351\/351
|turn|3
|c| Meowiekins|YUMMM
|
|switch|p1a: Entei|Entei, shiny|372\/372
|-ability|p1a: Entei|Pressure
|move|p2a: Darmanitan|Flare Blitz|p1a: Entei
|-resisted|p1a: Entei
|-damage|p1a: Entei|213\/372
|-damage|p2a: Darmanitan|299\/351|[from] recoil|[of] p1a: Entei
|
|turn|4
|c|âKing UU|Fuck everything you stand for.
|c| omegaW|LOL
|
|switch|p2a: Swampert|Swampert, F|404\/404
|move|p1a: Entei|Sacred Fire|p2a: Swampert
|-resisted|p2a: Swampert
|-damage|p2a: Swampert|338\/404
|-status|p2a: Swampert|brn
|
|-heal|p2a: Swampert|363\/404 brn|[from] item: Leftovers
|-damage|p2a: Swampert|313\/404 brn|[from] brn
|turn|5
|c| Meowiekins|what is scarfbat to a fkn steelix
|c|âKing UU|A fast fucking
|c|âKing UU|at
|c|âKing UU|bat*
|c|âKing UU|ez questions
|c|âKing UU|ENXT
|
|switch|p2a: Darmanitan|Darmanitan, M|299\/351
|move|p1a: Entei|Sandstorm|p1a: Entei
|-weather|Sandstorm
|
|-weather|Sandstorm|[upkeep]
|-damage|p2a: Darmanitan|278\/351|[from] sandstorm
|-damage|p1a: Entei|190\/372|[from] sandstorm
|turn|6
|c| Meowiekins|its too fast! he cant hit it!
|c| omegaW|HUH
|c| Meowiekins|:O
|
|move|p1a: Entei|Extreme Speed|p2a: Darmanitan
|-damage|p2a: Darmanitan|132\/351
|move|p2a: Darmanitan|Earthquake|p1a: Entei
|-supereffective|p1a: Entei
|-damage|p1a: Entei|0 fnt
|faint|p1a: Entei
|
|-weather|Sandstorm|[upkeep]
|-damage|p2a: Darmanitan|111\/351|[from] sandstorm
|join|Kyla's Nightmare
|
|switch|p1a: Xatu|Xatu, M|271\/271
|turn|7
|
|switch|p2a: Ampharos|Ampharos-Mega, F|374\/374
|-ability|p2a: Ampharos|Mold Breaker
|move|p1a: Xatu|Trick|p2a: Ampharos
|-fail|p2a: Ampharos
|
|-weather|Sandstorm|[upkeep]
|-damage|p1a: Xatu|255\/271|[from] sandstorm
|-damage|p2a: Ampharos|351\/374|[from] sandstorm
|turn|8
|c|ânamehtmas|you have a
|c|ânamehtmas|healthy umbreon
|c|ânamehtmas|you should have gone to
|c|ânamehtmas|zzzz
|c|âKing UU|don't tell me
|join|Cyndequil
|c|âKing UU|how to beat you
|
|switch|p1a: Steelix|Steelix, F|354\/354
|move|p2a: Ampharos|Focus Blast|p1a: Steelix
|-supereffective|p1a: Steelix
|-damage|p1a: Steelix|0 fnt
|faint|p1a: Steelix
|
|-weather|Sandstorm|[upkeep]
|-damage|p2a: Ampharos|328\/374|[from] sandstorm
|c|âKing UU|stupid
|c| omegaW|OOOO
|c|@CoolStoryBrobat|Oh snap son
|
|switch|p1a: Sandslash|Sandslash, F|292\/292
|turn|9
|c|@CoolStoryBrobat|He said the S-word
|
|switch|p2a: Swampert|Swampert, F|313\/404 brn
|move|p1a: Sandslash|Stone Edge|p2a: Swampert
|-crit|p2a: Swampert
|-resisted|p2a: Swampert
|-damage|p2a: Swampert|244\/404 brn
|
|-weather|Sandstorm|[upkeep]
|-heal|p2a: Swampert|269\/404 brn|[from] item: Leftovers
|-damage|p2a: Swampert|219\/404 brn|[from] brn
|turn|10
|join|Bob the Bro
|c|ânamehtmas|i'm hurt
|c| Meowiekins|you're the global mod here!
|c| Meowiekins|do something1
|
|move|p1a: Sandslash|Earthquake|p2a: Swampert
|-damage|p2a: Swampert|101\/404 brn
|move|p2a: Swampert|Scald|p1a: Sandslash
|-crit|p1a: Sandslash
|-supereffective|p1a: Sandslash
|-damage|p1a: Sandslash|0 fnt
|faint|p1a: Sandslash
|
|-weather|Sandstorm|[upkeep]
|-heal|p2a: Swampert|126\/404 brn|[from] item: Leftovers
|-damage|p2a: Swampert|76\/404 brn|[from] brn
|c|ânamehtmas|WOW
|c|âKing UU|torrent though
|c|âKing UU|did it matter?
|join|Pokemon Sins
|c|âKing UU|:c
|join|MrAldoPls
|c|@CoolStoryBrobat|tbh
|
|switch|p1a: Corsola|Corsola, M|134\/314
|turn|11
|
|switch|p1a: Xatu|Xatu, M|255\/271
|move|p2a: Swampert|Scald|p1a: Xatu
|-damage|p1a: Xatu|95\/271
|-status|p1a: Xatu|brn
|
|-weather|Sandstorm|[upkeep]
|-damage|p1a: Xatu|79\/271 brn|[from] sandstorm
|-heal|p2a: Swampert|101\/404 brn|[from] item: Leftovers
|-damage|p1a: Xatu|46\/271 brn|[from] brn
|-damage|p2a: Swampert|51\/404 brn|[from] brn
|turn|12
|c|@CoolStoryBrobat|Every time you KO a Sandslash a cat dies somewhere
|
|move|p1a: Xatu|Psychic|p2a: Swampert
|-crit|p2a: Swampert
|-damage|p2a: Swampert|0 fnt
|faint|p2a: Swampert
|
|-weather|none
|-damage|p1a: Xatu|13\/271 brn|[from] brn
|
|switch|p2a: Crobat|Crobat, M|331\/331
|turn|13
|c| Bob the Bro|can players demote globals in a game?
|c| Meowiekins|an angel loses its wings
|
|move|p2a: Crobat|U-turn|p1a: Xatu
|-damage|p1a: Xatu|0 fnt
|faint|p1a: Xatu
|join|WontoWanders
|c|âKing UU|bam, scarfbat succeeds
|c|âKing UU|pivot scarf
|c| Meowiekins|he still has the threat
|c|@CoolStoryBrobat|Killing something at 5% with U-turn
|c|@CoolStoryBrobat|Real successful lol
|c| Meowiekins|scrafty!
|c|âKing UU|CSB
|c|âKing UU|I will
|c|ânamehtmas|scarf mienshao
|c|âKing UU|win this game
|c|ânamehtmas|would have also worked
|
|switch|p2a: Darmanitan|Darmanitan, M|111\/351
|
|c|@CoolStoryBrobat|You will win against an NU team that had an Entei grafted into it
|
|switch|p1a: Corsola|Corsola, M|238\/314
|turn|14
|join|SweetDelight
|c|@CoolStoryBrobat|Congrats doe
|join|skysoki
|c|ânamehtmas|a sandstorm entei
|c|âKing UU|!
|c|@CoolStoryBrobat|A Sandstorm Entei at that
|c|âKing UU|so annoying
|
|move|p2a: Darmanitan|Earthquake|p1a: Corsola
|-supereffective|p1a: Corsola
|-damage|p1a: Corsola|0 fnt
|faint|p1a: Corsola
|
|c| MrAldoPls|wait what
|
|switch|p1a: Scrafty|Scrafty, F|292\/292
|turn|15
|c| MrAldoPls|sandstorm entei?!
|
|switch|p2a: Crobat|Crobat, M|331\/331
|move|p1a: Scrafty|Bulk Up|p1a: Scrafty
|-boost|p1a: Scrafty|atk|1
|-boost|p1a: Scrafty|def|1
|
|turn|16
|
|move|p2a: Crobat|Brave Bird|p1a: Scrafty
|-supereffective|p1a: Scrafty
|-damage|p1a: Scrafty|80\/292
|-damage|p2a: Crobat|261\/331|[from] recoil|[of] p1a: Scrafty
|move|p1a: Scrafty|Rest|p1a: Scrafty
|-status|p1a: Scrafty|slp
|-heal|p1a: Scrafty|292\/292 slp|[silent]
|-status|p1a: Scrafty|slp|[from] move: Rest
|
|turn|17
|c| Meowiekins|if this was crocune
|c| Meowiekins|G_G
|c|ânamehtmas|wow no wakeup
|c|@CoolStoryBrobat|Truu
|c|ânamehtmas|fkn
|c|ânamehtmas|hax
|
|move|p2a: Crobat|Brave Bird|p1a: Scrafty
|-supereffective|p1a: Scrafty
|-damage|p1a: Scrafty|76\/292 slp
|-damage|p2a: Crobat|190\/331|[from] recoil|[of] p1a: Scrafty
|cant|p1a: Scrafty|slp
|
|-activate|p1a: Scrafty|ability: Shed Skin
|-curestatus|p1a: Scrafty|slp
|-heal|p1a: Scrafty|94\/292|[from] item: Leftovers
|turn|18
|c|ânamehtmas|ugh
|
|move|p2a: Crobat|Brave Bird|p1a: Scrafty
|-supereffective|p1a: Scrafty
|-damage|p1a: Scrafty|0 fnt
|-damage|p2a: Crobat|159\/331|[from] recoil|[of] p1a: Scrafty
|faint|p1a: Scrafty
|
|win|King UU
|leave|skysoki
|leave|Pokemon Sins
|leave|King UU
|player|p2
|leave|namehtmas
|player|p1
|leave|Meowiekins
|leave|Cyndequil
|join|Mystialized
|join|Masochism
|leave|Mystialized
|leave|CoolStoryBrobat