|join|King Underused
|join|animalking1
|player|p1|King Underused|22
|player|p2|animalking1|76
|gametype|singles
|gen|6
|tier|UU
|rated
|rule|Sleep Clause Mod: Limit one foe put to sleep
|rule|Species Clause: Limit one of each PokÃ©mon
|rule|OHKO Clause: OHKO moves are banned
|rule|Moody Clause: Moody is banned
|rule|Evasion Moves Clause: Evasion moves are banned
|rule|Endless Battle Clause: Forcing endless battles is banned
|rule|HP Percentage Mod: HP is shown in percentages
|clearpoke
|poke|p1|Celebi
|poke|p1|Ampharos, M
|poke|p1|Forretress, M
|poke|p1|Swampert, M
|poke|p1|Umbreon, M
|poke|p1|Crobat, F
|poke|p2|Chesnaught, F
|poke|p2|Beedrill, M
|poke|p2|Raikou
|poke|p2|Empoleon, F
|poke|p2|Goodra, M
|poke|p2|Jirachi
|rule|Swagger Clause: Swagger is banned
|rule|Baton Pass Clause: Limit one PokÃ©mon knowing Baton Pass
|teampreview
|
|start
|switch|p1a: Ampharos|Ampharos, M|374\/374
|switch|p2a: Empoleon|Empoleon, F|372\/372
|turn|1
|join|dingbat
|
|switch|p2a: Goodra|Goodra, M|383\/383
|detailschange|p1a: Ampharos|Ampharos-Mega, M
|-mega|p1a: Ampharos|Ampharos|Ampharosite
|-ability|p1a: Ampharos|Mold Breaker
|move|p1a: Ampharos|Volt Switch|p2a: Goodra
|-resisted|p2a: Goodra
|-damage|p2a: Goodra|347\/383
|
|switch|p1a: Crobat|Crobat, F|331\/331
|
|turn|2
|
|switch|p2a: Empoleon|Empoleon, F|372\/372
|move|p1a: Crobat|U-turn|p2a: Empoleon
|-resisted|p2a: Empoleon
|-damage|p2a: Empoleon|336\/372
|
|switch|p1a: Ampharos|Ampharos-Mega, M|374\/374
|-ability|p1a: Ampharos|Mold Breaker
|
|-heal|p2a: Empoleon|359\/372|[from] item: Leftovers
|turn|3
|
|move|p2a: Empoleon|Ice Beam|p1a: Ampharos
|-supereffective|p1a: Ampharos
|-damage|p1a: Ampharos|230\/374
|-status|p1a: Ampharos|frz
|cant|p1a: Ampharos|frz
|
|-heal|p2a: Empoleon|372\/372|[from] item: Leftovers
|turn|4
|
|switch|p1a: Swampert|Swampert, M|404\/404
|move|p2a: Empoleon|Ice Beam|p1a: Swampert
|-damage|p1a: Swampert|319\/404
|
|-heal|p1a: Swampert|344\/404|[from] item: Leftovers
|turn|5
|
|switch|p2a: Chesnaught|Chesnaught, F|380\/380
|move|p1a: Swampert|Stealth Rock|p2a: Chesnaught
|-sidestart|p2: animalking1|move: Stealth Rock
|
|-heal|p1a: Swampert|369\/404|[from] item: Leftovers
|turn|6
|
|switch|p1a: Forretress|Forretress, M|354\/354
|move|p2a: Chesnaught|Leech Seed|p1a: Forretress
|-start|p1a: Forretress|move: Leech Seed
|
|-damage|p1a: Forretress|310\/354|[from] Leech Seed|[of] p2a: Chesnaught
|turn|7
|
|switch|p2a: Empoleon|Empoleon, F|372\/372
|-damage|p2a: Empoleon|349\/372|[from] Stealth Rock
|move|p1a: Forretress|Volt Switch|p2a: Empoleon
|-supereffective|p2a: Empoleon
|-damage|p2a: Empoleon|297\/372
|
|switch|p1a: Swampert|Swampert, M|369\/404
|
|-heal|p2a: Empoleon|320\/372|[from] item: Leftovers
|-heal|p1a: Swampert|394\/404|[from] item: Leftovers
|turn|8
|join|Christo m8
|
|move|p2a: Empoleon|Defog|p1a: Swampert
|-unboost|p1a: Swampert|evasion|1
|-sideend|p2: animalking1|Stealth Rock|[from] move: Defog|[of] p2a: Empoleon
|move|p1a: Swampert|Earthquake|p2a: Empoleon
|-supereffective|p2a: Empoleon
|-damage|p2a: Empoleon|44\/372
|
|-heal|p2a: Empoleon|67\/372|[from] item: Leftovers
|-heal|p1a: Swampert|404\/404|[from] item: Leftovers
|turn|9
|
|move|p2a: Empoleon|Scald|p1a: Swampert
|-damage|p1a: Swampert|221\/404
|-status|p1a: Swampert|brn
|move|p1a: Swampert|Stealth Rock|p2a: Empoleon
|-sidestart|p2: animalking1|move: Stealth Rock
|
|-heal|p2a: Empoleon|90\/372|[from] item: Leftovers
|-heal|p1a: Swampert|246\/404 brn|[from] item: Leftovers
|-damage|p1a: Swampert|196\/404 brn|[from] brn
|turn|10
|join|watfren
|
|switch|p2a: Chesnaught|Chesnaught, F|380\/380
|-damage|p2a: Chesnaught|357\/380|[from] Stealth Rock
|move|p1a: Swampert|Earthquake|p2a: Chesnaught
|-resisted|p2a: Chesnaught
|-damage|p2a: Chesnaught|338\/380
|
|-heal|p2a: Chesnaught|361\/380|[from] item: Leftovers
|-heal|p1a: Swampert|221\/404 brn|[from] item: Leftovers
|-damage|p1a: Swampert|171\/404 brn|[from] brn
|turn|11
|
|switch|p1a: Forretress|Forretress, M|310\/354
|move|p2a: Chesnaught|Leech Seed|p1a: Forretress|[miss]
|-miss|p2a: Chesnaught|p1a: Forretress
|
|-heal|p2a: Chesnaught|380\/380|[from] item: Leftovers
|-heal|p1a: Forretress|332\/354|[from] item: Leftovers
|turn|12
|
|move|p2a: Chesnaught|Leech Seed|p1a: Forretress
|-start|p1a: Forretress|move: Leech Seed
|move|p1a: Forretress|Toxic|p2a: Chesnaught
|-status|p2a: Chesnaught|tox
|
|-heal|p1a: Forretress|354\/354|[from] item: Leftovers
|-damage|p1a: Forretress|310\/354|[from] Leech Seed|[of] p2a: Chesnaught
|-damage|p2a: Chesnaught|357\/380 tox|[from] psn
|turn|13
|
|switch|p2a: Empoleon|Empoleon, F|90\/372
|-damage|p2a: Empoleon|67\/372|[from] Stealth Rock
|move|p1a: Forretress|Volt Switch|p2a: Empoleon
|-supereffective|p2a: Empoleon
|-damage|p2a: Empoleon|15\/372
|
|switch|p1a: Crobat|Crobat, F|331\/331
|
|-heal|p2a: Empoleon|38\/372|[from] item: Leftovers
|turn|14
|leave|Christo m8
|
|switch|p2a: Jirachi|Jirachi|404\/404
|-damage|p2a: Jirachi|379\/404|[from] Stealth Rock
|move|p1a: Crobat|Brave Bird|p2a: Jirachi
|-resisted|p2a: Jirachi
|-damage|p2a: Jirachi|283\/404
|-damage|p1a: Crobat|299\/331|[from] recoil|[of] p2a: Jirachi
|
|-heal|p2a: Jirachi|308\/404|[from] item: Leftovers
|turn|15
|
|switch|p1a: Umbreon|Umbreon, M|394\/394
|move|p2a: Jirachi|Substitute|p2a: Jirachi
|-start|p2a: Jirachi|Substitute
|-damage|p2a: Jirachi|207\/404
|
|-heal|p2a: Jirachi|232\/404|[from] item: Leftovers
|turn|16
|
|move|p2a: Jirachi|Iron Head|p1a: Umbreon
|-damage|p1a: Umbreon|300\/394
|move|p1a: Umbreon|Foul Play|p2a: Jirachi
|-supereffective|p2a: Jirachi
|-end|p2a: Jirachi|Substitute
|
|-heal|p2a: Jirachi|257\/404|[from] item: Leftovers
|-heal|p1a: Umbreon|324\/394|[from] item: Leftovers
|turn|17
|
|move|p2a: Jirachi|Iron Head|p1a: Umbreon
|-damage|p1a: Umbreon|239\/394
|cant|p1a: Umbreon|flinch
|
|-heal|p2a: Jirachi|282\/404|[from] item: Leftovers
|-heal|p1a: Umbreon|263\/394|[from] item: Leftovers
|turn|18
|
|move|p2a: Jirachi|Iron Head|p1a: Umbreon
|-damage|p1a: Umbreon|181\/394
|cant|p1a: Umbreon|flinch
|
|-heal|p2a: Jirachi|307\/404|[from] item: Leftovers
|-heal|p1a: Umbreon|205\/394|[from] item: Leftovers
|turn|19
|
|move|p2a: Jirachi|Iron Head|p1a: Umbreon
|-damage|p1a: Umbreon|121\/394
|cant|p1a: Umbreon|flinch
|
|-heal|p2a: Jirachi|332\/404|[from] item: Leftovers
|-heal|p1a: Umbreon|145\/394|[from] item: Leftovers
|turn|20
|
|move|p2a: Jirachi|Iron Head|p1a: Umbreon
|-damage|p1a: Umbreon|57\/394
|move|p1a: Umbreon|Wish|p1a: Umbreon
|
|-heal|p2a: Jirachi|357\/404|[from] item: Leftovers
|-heal|p1a: Umbreon|81\/394|[from] item: Leftovers
|turn|21
|
|switch|p2a: Empoleon|Empoleon, F|38\/372
|-damage|p2a: Empoleon|15\/372|[from] Stealth Rock
|move|p1a: Umbreon|Protect|p1a: Umbreon
|-fail|p1a: Umbreon
|
|-heal|p1a: Umbreon|278\/394|[from] move: Wish|[wisher] Umbreon
|-heal|p1a: Umbreon|302\/394|[from] item: Leftovers
|-heal|p2a: Empoleon|38\/372|[from] item: Leftovers
|turn|22
|
|move|p1a: Umbreon|Foul Play|p2a: Empoleon
|-damage|p2a: Empoleon|0 fnt
|faint|p2a: Empoleon
|
|-heal|p1a: Umbreon|326\/394|[from] item: Leftovers
|
|switch|p2a: Raikou|Raikou|321\/321
|-damage|p2a: Raikou|281\/321|[from] Stealth Rock
|-ability|p2a: Raikou|Pressure
|turn|23
|join|dinghappy
|c| dinghappy|LOL
|c| dinghappy|the nick
|c| dinghappy|now i can leave in peace
|join|Bob the Bro
|
|move|p2a: Raikou|Thunderbolt|p1a: Umbreon
|-crit|p1a: Umbreon
|-damage|p1a: Umbreon|115\/394
|move|p1a: Umbreon|Foul Play|p2a: Raikou
|-damage|p2a: Raikou|179\/321
|
|-heal|p1a: Umbreon|139\/394|[from] item: Leftovers
|turn|24
|
|switch|p2a: Goodra|Goodra, M|347\/383
|-damage|p2a: Goodra|300\/383|[from] Stealth Rock
|move|p1a: Umbreon|Wish|p1a: Umbreon
|
|-heal|p1a: Umbreon|163\/394|[from] item: Leftovers
|turn|25
|
|move|p2a: Goodra|Draco Meteor|p1a: Umbreon
|-damage|p1a: Umbreon|27\/394
|-unboost|p2a: Goodra|spa|2
|move|p1a: Umbreon|Heal Bell|p1a: Umbreon
|-cureteam|p1a: Umbreon|[from] move: HealBell
|
|-heal|p1a: Umbreon|224\/394|[from] move: Wish|[wisher] Umbreon
|-heal|p1a: Umbreon|248\/394|[from] item: Leftovers
|turn|26
|c|âanimalking1|jesus fuck
|
|move|p2a: Goodra|Draco Meteor|p1a: Umbreon
|-damage|p1a: Umbreon|184\/394
|-unboost|p2a: Goodra|spa|2
|move|p1a: Umbreon|Wish|p1a: Umbreon
|
|-heal|p1a: Umbreon|208\/394|[from] item: Leftovers
|turn|27
|c| dinghappy|what
|c|âKing Underused|he's having a hard time
|c|âKing Underused|breaking through
|c|âKing Underused|that's what
|
|switch|p1a: Ampharos|Ampharos-Mega, M|230\/374
|-ability|p1a: Ampharos|Mold Breaker
|move|p2a: Goodra|Draco Meteor|p1a: Ampharos
|-supereffective|p1a: Ampharos
|-damage|p1a: Ampharos|84\/374
|-unboost|p2a: Goodra|spa|2
|
|-heal|p1a: Ampharos|281\/374|[from] move: Wish|[wisher] Umbreon
|turn|28
|
|switch|p2a: Jirachi|Jirachi|357\/404
|-damage|p2a: Jirachi|332\/404|[from] Stealth Rock
|move|p1a: Ampharos|Volt Switch|p2a: Jirachi
|-crit|p2a: Jirachi
|-damage|p2a: Jirachi|92\/404
|
|switch|p1a: Crobat|Crobat, F|299\/331
|
|-heal|p2a: Jirachi|117\/404|[from] item: Leftovers
|turn|29
|c| Bob the Bro|banded celebi imo
|
|move|p1a: Crobat|U-turn|p2a: Jirachi
|-damage|p2a: Jirachi|48\/404
|
|switch|p1a: Ampharos|Ampharos-Mega, M|281\/374
|-ability|p1a: Ampharos|Mold Breaker
|move|p2a: Jirachi|Thunder Wave|p1a: Ampharos
|-fail|p1a: Ampharos
|
|-heal|p2a: Jirachi|73\/404|[from] item: Leftovers
|turn|30
|
|move|p2a: Jirachi|Iron Head|p1a: Ampharos
|-resisted|p1a: Ampharos
|-damage|p1a: Ampharos|237\/374
|cant|p1a: Ampharos|flinch
|
|-heal|p2a: Jirachi|98\/404|[from] item: Leftovers
|turn|31
|
|move|p2a: Jirachi|Iron Head|p1a: Ampharos
|-resisted|p1a: Ampharos
|-damage|p1a: Ampharos|195\/374
|cant|p1a: Ampharos|flinch
|
|-heal|p2a: Jirachi|123\/404|[from] item: Leftovers
|turn|32
|join|Alldaalts
|
|move|p2a: Jirachi|Iron Head|p1a: Ampharos
|-resisted|p1a: Ampharos
|-damage|p1a: Ampharos|147\/374
|cant|p1a: Ampharos|flinch
|
|-heal|p2a: Jirachi|148\/404|[from] item: Leftovers
|turn|33
|
|move|p2a: Jirachi|Iron Head|p1a: Ampharos
|-resisted|p1a: Ampharos
|-damage|p1a: Ampharos|98\/374
|cant|p1a: Ampharos|flinch
|
|-heal|p2a: Jirachi|173\/404|[from] item: Leftovers
|turn|34
|c|âKing Underused|uno mas!
|
|move|p2a: Jirachi|Iron Head|p1a: Ampharos
|-resisted|p1a: Ampharos
|-damage|p1a: Ampharos|56\/374
|move|p1a: Ampharos|Volt Switch|p2a: Jirachi
|-damage|p2a: Jirachi|7\/404
|
|switch|p1a: Crobat|Crobat, F|299\/331
|
|-heal|p2a: Jirachi|32\/404|[from] item: Leftovers
|turn|35
|
|move|p1a: Crobat|U-turn|p2a: Jirachi
|-damage|p2a: Jirachi|0 fnt
|faint|p2a: Jirachi
|
|switch|p1a: Umbreon|Umbreon, M|208\/394
|
|-heal|p1a: Umbreon|232\/394|[from] item: Leftovers
|
|switch|p2a: Beedrill|Beedrill, M|271\/271
|-damage|p2a: Beedrill|204\/271|[from] Stealth Rock
|turn|36
|
|switch|p1a: Forretress|Forretress, M|310\/354
|detailschange|p2a: Beedrill|Beedrill-Mega, M
|-mega|p2a: Beedrill|Beedrill|Beedrillite
|move|p2a: Beedrill|U-turn|p1a: Forretress
|-resisted|p1a: Forretress
|-damage|p1a: Forretress|256\/354
|
|switch|p2a: Goodra|Goodra, M|300\/383
|-damage|p2a: Goodra|253\/383|[from] Stealth Rock
|
|-heal|p1a: Forretress|278\/354|[from] item: Leftovers
|turn|37
|
|switch|p1a: Umbreon|Umbreon, M|232\/394
|move|p2a: Goodra|Fire Blast|p1a: Umbreon
|-damage|p1a: Umbreon|161\/394
|
|-heal|p1a: Umbreon|185\/394|[from] item: Leftovers
|turn|38
|
|move|p2a: Goodra|Sludge Wave|p1a: Umbreon
|-damage|p1a: Umbreon|113\/394
|move|p1a: Umbreon|Wish|p1a: Umbreon
|
|-heal|p1a: Umbreon|137\/394|[from] item: Leftovers
|turn|39
|join|lmoa its me
|
|move|p1a: Umbreon|Protect|p1a: Umbreon
|-singleturn|p1a: Umbreon|Protect
|move|p2a: Goodra|Sludge Wave|p1a: Umbreon
|-activate|p1a: Umbreon|Protect
|
|-heal|p1a: Umbreon|334\/394|[from] move: Wish|[wisher] Umbreon
|-heal|p1a: Umbreon|358\/394|[from] item: Leftovers
|turn|40
|
|move|p2a: Goodra|Sludge Wave|p1a: Umbreon
|-damage|p1a: Umbreon|288\/394
|move|p1a: Umbreon|Wish|p1a: Umbreon
|
|-heal|p1a: Umbreon|312\/394|[from] item: Leftovers
|turn|41
|join|DrReuniclus3
|join|trevor ellis
|c|âanimalking1|this thing is just annoying
|
|move|p2a: Goodra|Fire Blast|p1a: Umbreon
|-crit|p1a: Umbreon
|-damage|p1a: Umbreon|195\/394
|move|p1a: Umbreon|Foul Play|p2a: Goodra
|-damage|p2a: Goodra|127\/383
|
|-heal|p1a: Umbreon|392\/394|[from] move: Wish|[wisher] Umbreon
|-heal|p1a: Umbreon|394\/394|[from] item: Leftovers
|turn|42
|
|move|p2a: Goodra|Sludge Wave|p1a: Umbreon
|-damage|p1a: Umbreon|330\/394
|move|p1a: Umbreon|Foul Play|p2a: Goodra
|-damage|p2a: Goodra|0 fnt
|faint|p2a: Goodra
|
|-heal|p1a: Umbreon|354\/394|[from] item: Leftovers
|
|switch|p2a: Beedrill|Beedrill-Mega, M|204\/271
|-damage|p2a: Beedrill|137\/271|[from] Stealth Rock
|turn|43
|
|move|p1a: Umbreon|Protect|p1a: Umbreon
|-singleturn|p1a: Umbreon|Protect
|move|p2a: Beedrill|U-turn|p1a: Umbreon
|-activate|p1a: Umbreon|Protect
|
|-heal|p1a: Umbreon|378\/394|[from] item: Leftovers
|turn|44
|
|switch|p1a: Crobat|Crobat, F|299\/331
|move|p2a: Beedrill|U-turn|p1a: Crobat
|-resisted|p1a: Crobat
|-damage|p1a: Crobat|241\/331
|
|switch|p2a: Chesnaught|Chesnaught, F|357\/380 tox
|-damage|p2a: Chesnaught|334\/380 tox|[from] Stealth Rock
|
|-heal|p2a: Chesnaught|357\/380 tox|[from] item: Leftovers
|-damage|p2a: Chesnaught|334\/380 tox|[from] psn
|turn|45
|
|move|p1a: Crobat|Brave Bird|p2a: Chesnaught
|-supereffective|p2a: Chesnaught
|-damage|p2a: Chesnaught|0 fnt
|-damage|p1a: Crobat|131\/331|[from] recoil|[of] p2a: Chesnaught
|faint|p2a: Chesnaught
|
|leave|animalking1
|player|p2
|leave|trevor ellis
|-message|animalking1 lost due to inactivity.
|
|win|King Underused
|raw|Ladder updating...
|raw|King Underused's rating: 1602 &rarr; <strong>1609<\/strong><br \/>(+7 for winning)
|raw|animalking1's rating: 1325 &rarr; <strong>1318<\/strong><br \/>(-7 for losing)
|leave|King Underused
|player|p1
|leave|Alldaalts
|leave|DrReuniclus3
|leave|Bob the Bro
|join|ablert enistein
|leave|ablert enistein
|leave|watfor
|join|LiberalLucario