|join|King UU
|join|Schubbi
|player|p1|King UU|#kinguu
|player|p2|Schubbi|234
|gametype|singles
|gen|6
|tier|UU
|rated
|rule|Sleep Clause Mod: Limit one foe put to sleep
|rule|Species Clause: Limit one of each PokÃ©mon
|rule|OHKO Clause: OHKO moves are banned
|rule|Moody Clause: Moody is banned
|rule|Evasion Moves Clause: Evasion moves are banned
|rule|Endless Battle Clause: Forcing endless battles is banned
|rule|HP Percentage Mod: HP is shown in percentages
|clearpoke
|poke|p1|Blissey, F
|poke|p1|Alomomola, M
|poke|p1|Florges, F
|poke|p1|Aggron, F
|poke|p1|Crobat, F
|poke|p1|Entei, shiny
|poke|p2|Nidoqueen, F
|poke|p2|Beedrill, M
|poke|p2|Raikou
|poke|p2|Braviary, M
|poke|p2|Forretress, M
|poke|p2|Chandelure, M
|rule|Swagger Clause: Swagger is banned
|rule|Baton Pass Clause: Limit one PokÃ©mon knowing Baton Pass
|teampreview
|join|thecrystalonix
|join|watfor
|
|start
|switch|p1a: Alomomola|Alomomola, M|533\/533
|switch|p2a: Nidoqueen|Nidoqueen, F|353\/353
|turn|1
|c| watfor|i hope this is either sub cm chandy or sub bulk up braviary
|join|CoolStoryBrobat
|c| watfor|lel
|
|switch|p1a: Blissey|Blissey, F|714\/714
|move|p2a: Nidoqueen|Stealth Rock|p1a: Blissey
|-sidestart|p1: King UU|move: Stealth Rock
|
|turn|2
|c|@CoolStoryBrobat|Bruh that CHandelure...
|
|move|p2a: Nidoqueen|Toxic Spikes|p1a: Blissey
|-sidestart|p1: King UU|move: Toxic Spikes
|move|p1a: Blissey|Seismic Toss|p2a: Nidoqueen
|-damage|p2a: Nidoqueen|253\/353
|
|turn|3
|join|warzoid
|join|xMarth
|
|move|p2a: Nidoqueen|Toxic Spikes|p1a: Blissey
|-sidestart|p1: King UU|move: Toxic Spikes
|move|p1a: Blissey|Seismic Toss|p2a: Nidoqueen
|-damage|p2a: Nidoqueen|153\/353
|
|turn|4
|join|Exemption
|c| Exemption|hi King UU
|
|switch|p2a: Chandelure|Chandelure, M|289\/289
|move|p1a: Blissey|Seismic Toss|p2a: Chandelure
|-immune|p2a: Chandelure|[msg]
|
|turn|5
|c| warzoid|sub
|
|move|p2a: Chandelure|Substitute|p2a: Chandelure
|-start|p2a: Chandelure|Substitute
|-damage|p2a: Chandelure|217\/289
|move|p1a: Blissey|Toxic|p2a: Chandelure
|
|-heal|p2a: Chandelure|235\/289|[from] item: Leftovers
|turn|6
|c| warzoid|yessssss
|c| warzoid|gg
|
|switch|p1a: Crobat|Crobat, F|373\/373
|-damage|p1a: Crobat|280\/373|[from] Stealth Rock
|move|p2a: Chandelure|Flamethrower|p1a: Crobat
|-damage|p1a: Crobat|102\/373
|
|-heal|p1a: Crobat|125\/373|[from] item: Black Sludge
|-heal|p2a: Chandelure|253\/289|[from] item: Leftovers
|turn|7
|
|switch|p2a: Raikou|Raikou|321\/321
|-ability|p2a: Raikou|Pressure
|move|p1a: Crobat|Defog|p2a: Raikou
|-unboost|p2a: Raikou|evasion|1
|-sideend|p1: King UU|Toxic Spikes|[from] move: Defog|[of] p1a: Crobat
|-sideend|p1: King UU|Stealth Rock|[from] move: Defog|[of] p1a: Crobat
|
|-heal|p1a: Crobat|148\/373|[from] item: Black Sludge
|turn|8
|join|Pink Nightmares
|
|switch|p1a: Blissey|Blissey, F|714\/714
|move|p2a: Raikou|Volt Switch|p1a: Blissey
|-damage|p1a: Blissey|582\/714
|c| Pink Nightmares|I am loving the new avy Kink
|
|switch|p2a: Nidoqueen|Nidoqueen, F|153\/353
|
|-heal|p1a: Blissey|626\/714|[from] item: Leftovers
|turn|9
|c| Pink Nightmares|Js
|
|move|p2a: Nidoqueen|Stealth Rock|p1a: Blissey
|-sidestart|p1: King UU|move: Stealth Rock
|move|p1a: Blissey|Seismic Toss|p2a: Nidoqueen
|-damage|p2a: Nidoqueen|53\/353
|
|-heal|p1a: Blissey|670\/714|[from] item: Leftovers
|turn|10
|
|move|p2a: Nidoqueen|Ice Beam|p1a: Blissey
|-damage|p1a: Blissey|566\/714
|move|p1a: Blissey|Seismic Toss|p2a: Nidoqueen
|-damage|p2a: Nidoqueen|0 fnt
|faint|p2a: Nidoqueen
|
|-heal|p1a: Blissey|610\/714|[from] item: Leftovers
|
|switch|p2a: Beedrill|Beedrill, M|271\/271
|turn|11
|
|switch|p1a: Alomomola|Alomomola, M|533\/533
|-damage|p1a: Alomomola|467\/533|[from] Stealth Rock
|detailschange|p2a: Beedrill|Beedrill-Mega, M
|-mega|p2a: Beedrill|Beedrill|Beedrillite
|move|p2a: Beedrill|Knock Off|p1a: Alomomola
|-damage|p1a: Alomomola|363\/533
|-damage|p2a: Beedrill|226\/271|[from] item: Rocky Helmet|[of] p1a: Alomomola
|-enditem|p1a: Alomomola|Rocky Helmet|[from] move: Knock Off|[of] p2a: Beedrill
|
|turn|12
|c| warzoid|nice
|
|move|p2a: Beedrill|U-turn|p1a: Alomomola
|-damage|p1a: Alomomola|217\/533
|
|switch|p2a: Raikou|Raikou|321\/321
|-ability|p2a: Raikou|Pressure
|move|p1a: Alomomola|Wish|p1a: Alomomola
|
|turn|13
|leave|thecrystalonix
|
|switch|p1a: Florges|Florges, F|360\/360
|-damage|p1a: Florges|315\/360|[from] Stealth Rock
|move|p2a: Raikou|Volt Switch|p1a: Florges
|-damage|p1a: Florges|197\/360
|
|switch|p2a: Beedrill|Beedrill-Mega, M|226\/271
|
|-heal|p1a: Florges|360\/360|[from] move: Wish|[wisher] Alomomola
|turn|14
|join|ManBearPignite
|
|switch|p1a: Aggron|Aggron, F|343\/343
|-damage|p1a: Aggron|322\/343|[from] Stealth Rock
|move|p2a: Beedrill|U-turn|p1a: Aggron
|-resisted|p1a: Aggron
|-damage|p1a: Aggron|275\/343
|
|switch|p2a: Chandelure|Chandelure, M|253\/289
|
|-heal|p2a: Chandelure|271\/289|[from] item: Leftovers
|turn|15
|
|move|p2a: Chandelure|Flamethrower|p1a: Aggron
|-damage|p1a: Aggron|25\/343
|move|p1a: Aggron|Stealth Rock|p2a: Chandelure
|-sidestart|p2: Schubbi|move: Stealth Rock
|
|-heal|p2a: Chandelure|289\/289|[from] item: Leftovers
|turn|16
|
|move|p2a: Chandelure|Shadow Ball|p1a: Aggron
|-damage|p1a: Aggron|0 fnt
|faint|p1a: Aggron
|
|
|switch|p1a: Entei|Entei, shiny|371\/371
|-damage|p1a: Entei|279\/371|[from] Stealth Rock
|-ability|p1a: Entei|Pressure
|turn|17
|
|switch|p2a: Forretress|Forretress, M|354\/354
|-damage|p2a: Forretress|310\/354|[from] Stealth Rock
|move|p1a: Entei|Stone Edge|p2a: Forretress
|-damage|p2a: Forretress|203\/354
|
|-heal|p2a: Forretress|225\/354|[from] item: Leftovers
|turn|18
|
|switch|p1a: Florges|Florges, F|360\/360
|-damage|p1a: Florges|315\/360|[from] Stealth Rock
|move|p2a: Forretress|Rapid Spin|p1a: Florges
|-damage|p1a: Florges|300\/360
|-sideend|p2: Schubbi|Stealth Rock|[from] move: Rapid Spin|[of] p2a: Forretress
|
|-heal|p1a: Florges|322\/360|[from] item: Leftovers
|-heal|p2a: Forretress|247\/354|[from] item: Leftovers
|turn|19
|
|move|p1a: Florges|Calm Mind|p1a: Florges
|-boost|p1a: Florges|spa|1
|-boost|p1a: Florges|spd|1
|move|p2a: Forretress|Gyro Ball|p1a: Florges
|-supereffective|p1a: Florges
|-damage|p1a: Florges|212\/360
|
|-heal|p1a: Florges|234\/360|[from] item: Leftovers
|-heal|p2a: Forretress|269\/354|[from] item: Leftovers
|turn|20
|
|move|p1a: Florges|Moonblast|p2a: Forretress
|-resisted|p2a: Forretress
|-damage|p2a: Forretress|122\/354
|-unboost|p2a: Forretress|spa|1
|move|p2a: Forretress|Volt Switch|p1a: Florges
|-crit|p1a: Florges
|-damage|p1a: Florges|198\/360
|
|switch|p2a: Beedrill|Beedrill-Mega, M|226\/271
|
|-heal|p1a: Florges|220\/360|[from] item: Leftovers
|turn|21
|c| warzoid|no switchins
|
|switch|p1a: Crobat|Crobat, F|148\/373
|-damage|p1a: Crobat|55\/373|[from] Stealth Rock
|move|p2a: Beedrill|Poison Jab|p1a: Crobat
|-resisted|p1a: Crobat
|-damage|p1a: Crobat|0 fnt
|faint|p1a: Crobat
|
|join|dingbat
|
|switch|p1a: Entei|Entei, shiny|279\/371
|-damage|p1a: Entei|187\/371|[from] Stealth Rock
|-ability|p1a: Entei|Pressure
|turn|22
|c| dingbat|meep
|
|move|p2a: Beedrill|Protect|p2a: Beedrill
|-singleturn|p2a: Beedrill|Protect
|move|p1a: Entei|Stone Edge|p2a: Beedrill
|-activate|p2a: Beedrill|Protect
|
|turn|23
|
|switch|p2a: Raikou|Raikou|321\/321
|-ability|p2a: Raikou|Pressure
|move|p1a: Entei|Stone Edge|p2a: Raikou
|-damage|p2a: Raikou|85\/321
|
|turn|24
|join|meowiekins
|
|switch|p1a: Florges|Florges, F|220\/360
|-damage|p1a: Florges|175\/360|[from] Stealth Rock
|move|p2a: Raikou|Volt Switch|p1a: Florges
|-crit|p1a: Florges
|-damage|p1a: Florges|0 fnt
|faint|p1a: Florges
|
|switch|p2a: Beedrill|Beedrill-Mega, M|226\/271
|
|
|switch|p1a: Alomomola|Alomomola, M|394\/533
|-damage|p1a: Alomomola|328\/533|[from] Stealth Rock
|turn|25
|
|move|p2a: Beedrill|U-turn|p1a: Alomomola
|-damage|p1a: Alomomola|176\/533
|
|switch|p2a: Forretress|Forretress, M|122\/354
|move|p1a: Alomomola|Wish|p1a: Alomomola
|
|-heal|p2a: Forretress|144\/354|[from] item: Leftovers
|turn|26
|
|switch|p1a: Entei|Entei, shiny|187\/371
|-damage|p1a: Entei|95\/371|[from] Stealth Rock
|-ability|p1a: Entei|Pressure
|move|p2a: Forretress|Spikes|p1a: Entei
|-sidestart|p1: King UU|Spikes
|
|-heal|p1a: Entei|361\/371|[from] move: Wish|[wisher] Alomomola
|-heal|p2a: Forretress|166\/354|[from] item: Leftovers
|turn|27
|
|move|p1a: Entei|Stone Edge|p2a: Forretress|[miss]
|-miss|p1a: Entei|p2a: Forretress
|move|p2a: Forretress|Spikes|p1a: Entei
|-sidestart|p1: King UU|Spikes
|
|-heal|p2a: Forretress|188\/354|[from] item: Leftovers
|turn|28
|
|move|p1a: Entei|Stone Edge|p2a: Forretress
|-damage|p2a: Forretress|80\/354
|move|p2a: Forretress|Spikes|p1a: Entei
|-sidestart|p1: King UU|Spikes
|
|-heal|p2a: Forretress|102\/354|[from] item: Leftovers
|turn|29
|
|move|p1a: Entei|Stone Edge|p2a: Forretress
|-damage|p2a: Forretress|0 fnt
|faint|p2a: Forretress
|
|
|switch|p2a: Braviary|Braviary, M|341\/341
|turn|30
|join|deoxys speed lol
|
|move|p2a: Braviary|Brave Bird|p1a: Entei
|-damage|p1a: Entei|138\/371
|-damage|p2a: Braviary|267\/341|[from] recoil|[of] p1a: Entei
|move|p1a: Entei|Stone Edge|p2a: Braviary
|-supereffective|p2a: Braviary
|-damage|p2a: Braviary|0 fnt
|faint|p2a: Braviary
|
|
|switch|p2a: Raikou|Raikou|85\/321
|-ability|p2a: Raikou|Pressure
|turn|31
|c| watfor|raikou volt
|c| watfor|and win
|
|move|p2a: Raikou|Volt Switch|p1a: Entei
|-damage|p1a: Entei|0 fnt
|faint|p1a: Entei
|
|switch|p2a: Beedrill|Beedrill-Mega, M|226\/271
|
|join|ULT RowDog
|
|switch|p1a: Alomomola|Alomomola, M|353\/533
|-damage|p1a: Alomomola|287\/533|[from] Stealth Rock
|-damage|p1a: Alomomola|154\/533|[from] Spikes
|turn|32
|
|move|p2a: Beedrill|Poison Jab|p1a: Alomomola
|-damage|p1a: Alomomola|0 fnt
|faint|p1a: Alomomola
|
|
|switch|p1a: Blissey|Blissey, F|610\/714
|-damage|p1a: Blissey|521\/714|[from] Stealth Rock
|-damage|p1a: Blissey|343\/714|[from] Spikes
|turn|33
|
|move|p2a: Beedrill|Poison Jab|p1a: Blissey
|-damage|p1a: Blissey|0 fnt
|faint|p1a: Blissey
|
|win|Schubbi
|raw|Ladder updating...
|raw|King UU's rating: 1605 &rarr; <strong>1578<\/strong><br \/>(-27 for losing)
|raw|Schubbi's rating: 1479 &rarr; <strong>1506<\/strong><br \/>(+27 for winning)
|c| warzoid|how to stall
|leave|watfor
|c| warzoid|by king uu
|leave|King UU
|player|p1
|leave|deoxys speed lol
|leave|ULT RowDog
|leave|ManBearPignite