|join|King UU
|join|gentlemant
|join|futurefusion
|player|p1|King UU|#kinguu
|player|p2|gentlemant|180
|gametype|singles
|gen|6
|tier|UU
|rule|Sleep Clause Mod: Limit one foe put to sleep
|rule|Species Clause: Limit one of each PokÃ©mon
|rule|OHKO Clause: OHKO moves are banned
|rule|Moody Clause: Moody is banned
|rule|Evasion Moves Clause: Evasion moves are banned
|rule|Endless Battle Clause: Forcing endless battles is banned
|rule|HP Percentage Mod: HP is shown in percentages
|clearpoke
|poke|p1|Darmanitan, M
|poke|p1|Ampharos, F
|poke|p1|Forretress, F
|poke|p1|Swampert, M
|poke|p1|Umbreon, F
|poke|p1|Crobat, F
|poke|p2|Espeon, M
|poke|p2|Rotom-Heat
|poke|p2|Whimsicott, F
|poke|p2|Trevenant, M
|poke|p2|Sigilyph, M
|poke|p2|Suicune
|rule|Swagger Clause: Swagger is banned
|rule|Baton Pass Clause: Limit one PokÃ©mon knowing Baton Pass
|teampreview
|join|Skysoki
|c|âgentlemant|hi x
|join|Takanuuu
|join|SPEBSQSA
|join|MrTrollAtBest
|
|start
|switch|p1a: Darmanitan|Darmanitan, M|351\/351
|switch|p2a: Espeon|Espeon, M|334\/334
|turn|1
|c|âgentlemant|so many audiences ;)
|c| MrTrollAtBest|:D
|
|move|p1a: Darmanitan|U-turn|p2a: Espeon
|-supereffective|p2a: Espeon
|-damage|p2a: Espeon|78\/334
|
|switch|p1a: Umbreon|Umbreon, F|394\/394
|move|p2a: Espeon|Psychic|p1a: Umbreon
|-immune|p1a: Umbreon|[msg]
|
|-heal|p2a: Espeon|98\/334|[from] item: Leftovers
|turn|2
|
|switch|p1a: Crobat|Crobat, F|331\/331
|move|p2a: Espeon|Calm Mind|p2a: Espeon
|-boost|p2a: Espeon|spa|1
|-boost|p2a: Espeon|spd|1
|
|-heal|p2a: Espeon|118\/334|[from] item: Leftovers
|turn|3
|leave|Skysoki
|
|move|p1a: Crobat|U-turn|p2a: Espeon
|-supereffective|p2a: Espeon
|-damage|p2a: Espeon|0 fnt
|faint|p2a: Espeon
|join|Dread Plate
|c|âgentlemant|not bad not bad babe x
|join|Shit User
|leave|Takanuuu
|
|switch|p1a: Darmanitan|Darmanitan, M|351\/351
|
|
|switch|p2a: Rotom-Heat|Rotom-Heat|241\/241
|turn|4
|
|move|p1a: Darmanitan|Rock Slide|p2a: Rotom-Heat
|-miss|p1a: Darmanitan|p2a: Rotom-Heat
|move|p2a: Rotom-Heat|Thunderbolt|p1a: Darmanitan
|-damage|p1a: Darmanitan|135\/351
|
|turn|5
|
|switch|p1a: Ampharos|Ampharos, F|374\/374
|move|p2a: Rotom-Heat|Thunderbolt|p1a: Ampharos
|-resisted|p1a: Ampharos
|-damage|p1a: Ampharos|304\/374
|
|turn|6
|c| Shit User|hax
|
|switch|p2a: Whimsicott|Whimsicott, F|324\/324
|detailschange|p1a: Ampharos|Ampharos-Mega, F
|-mega|p1a: Ampharos|Ampharos|Ampharosite
|-ability|p1a: Ampharos|Mold Breaker
|move|p1a: Ampharos|Volt Switch|p2a: Whimsicott
|-resisted|p2a: Whimsicott
|-damage|p2a: Whimsicott|216\/324
|
|switch|p1a: Darmanitan|Darmanitan, M|135\/351
|
|-heal|p2a: Whimsicott|236\/324|[from] item: Leftovers
|turn|7
|
|move|p2a: Whimsicott|Stun Spore|p1a: Darmanitan|[miss]
|-miss|p2a: Whimsicott|p1a: Darmanitan
|move|p1a: Darmanitan|U-turn|p2a: Whimsicott
|-damage|p2a: Whimsicott|164\/324
|
|switch|p1a: Ampharos|Ampharos-Mega, F|304\/374
|-ability|p1a: Ampharos|Mold Breaker
|
|-heal|p2a: Whimsicott|184\/324|[from] item: Leftovers
|turn|8
|c| Shit User|o
|c| MrTrollAtBest|0
|
|move|p2a: Whimsicott|Substitute|p2a: Whimsicott
|-start|p2a: Whimsicott|Substitute
|-damage|p2a: Whimsicott|103\/324
|move|p1a: Ampharos|Volt Switch|p2a: Whimsicott
|-resisted|p2a: Whimsicott
|-end|p2a: Whimsicott|Substitute
|c| Shit User|ebic moonblast
|
|switch|p1a: Darmanitan|Darmanitan, M|135\/351
|
|-heal|p2a: Whimsicott|123\/324|[from] item: Leftovers
|turn|9
|
|move|p2a: Whimsicott|Stun Spore|p1a: Darmanitan
|-status|p1a: Darmanitan|par
|move|p1a: Darmanitan|U-turn|p2a: Whimsicott
|-damage|p2a: Whimsicott|55\/324
|
|switch|p1a: Ampharos|Ampharos-Mega, F|304\/374
|-ability|p1a: Ampharos|Mold Breaker
|
|-heal|p2a: Whimsicott|75\/324|[from] item: Leftovers
|turn|10
|
|switch|p2a: Trevenant|Trevenant, M|374\/374
|move|p1a: Ampharos|Volt Switch|p2a: Trevenant
|-resisted|p2a: Trevenant
|-damage|p2a: Trevenant|303\/374
|
|switch|p1a: Forretress|Forretress, F|354\/354
|
|turn|11
|c| Shit User|volt turn **harder**
|c|âKing UU|lol
|
|move|p2a: Trevenant|Substitute|p2a: Trevenant
|-start|p2a: Trevenant|Substitute
|-damage|p2a: Trevenant|210\/374
|move|p1a: Forretress|Spikes|p2a: Trevenant
|-sidestart|p2: gentlemant|Spikes
|
|turn|12
|c| Shit User|he got u!
|c|âKing UU|no
|c|âgentlemant|;)
|
|move|p2a: Trevenant|Will-O-Wisp|p1a: Forretress
|-status|p1a: Forretress|brn
|move|p1a: Forretress|Volt Switch|p2a: Trevenant
|-resisted|p2a: Trevenant
|-activate|p2a: Trevenant|Substitute|[damage]
|c|âKing UU|:c he didn't
|c| Shit User|pfsht your argument is weak
|
|switch|p1a: Crobat|Crobat, F|331\/331
|
|turn|13
|c| MrTrollAtBest|:D
|c| Shit User|he got u
|c| Shit User|ebic now he burns crobat
|c| Shit User|xd
|
|move|p1a: Crobat|Brave Bird|p2a: Trevenant
|-supereffective|p2a: Trevenant
|-damage|p2a: Trevenant|0 fnt
|-damage|p1a: Crobat|262\/331|[from] recoil|[of] p2a: Trevenant
|faint|p2a: Trevenant
|
|c| Shit User|HACKER
|c| Shit User|HACKER
|c| Shit User|HACKER
|c|âKing UU|LOL
|c|âKing UU|aamir
|c| MrTrollAtBest|lol
|c|âgentlemant|;) infiltrator ;)
|join|SO GIMMICK
|
|switch|p2a: Whimsicott|Whimsicott, F|75\/324
|-damage|p2a: Whimsicott|35\/324|[from] Spikes
|turn|14
|
|switch|p1a: Ampharos|Ampharos-Mega, F|304\/374
|-ability|p1a: Ampharos|Mold Breaker
|move|p2a: Whimsicott|Stun Spore|p1a: Ampharos|[miss]
|-miss|p2a: Whimsicott|p1a: Ampharos
|
|-heal|p2a: Whimsicott|55\/324|[from] item: Leftovers
|turn|15
|join|6thunderboy
|join|blave
|
|move|p2a: Whimsicott|Stun Spore|p1a: Ampharos
|-fail|p1a: Ampharos
|move|p1a: Ampharos|Volt Switch|p2a: Whimsicott
|-resisted|p2a: Whimsicott
|-damage|p2a: Whimsicott|0 fnt
|faint|p2a: Whimsicott
|c| Shit User|sigh this guy doesnt know how to use his won conds
|c|âKing UU|lol
|c| Shit User|he even has 2
|leave|6thunderboy
|c|âgentlemant|;) u think user? x
|c| Shit User|idk youve seen darmanitan
|c| Shit User|and never go to suicune
|c| MrTrollAtBest|well you had better plays
|
|switch|p1a: Darmanitan|Darmanitan, M|135\/351 par
|
|c|âgentlemant|i know ;)
|c| blave|\/me pets shit user
|c|âKing UU|stop with the winky smily :S
|c| Shit User|why is fake bleve touching me
|
|switch|p2a: Rotom-Heat|Rotom-Heat|241\/241
|turn|16
|c| blave|what
|c| Shit User|yuh its a bit weird
|c| blave|i am your master
|c| Shit User|;)
|c| blave|:)
|c| Shit User|;)
|c| Shit User|;)
|c| Shit User|;)
|c| blave|;v
|
|move|p2a: Rotom-Heat|Trick|p1a: Darmanitan
|-activate|p2a: Rotom-Heat|move: Trick|[of] p1a: Darmanitan
|-item|p1a: Darmanitan|Choice Scarf|[from] move: Trick
|-item|p2a: Rotom-Heat|Choice Scarf|[from] move: Trick
|move|p1a: Darmanitan|U-turn|p2a: Rotom-Heat
|-crit|p2a: Rotom-Heat
|-resisted|p2a: Rotom-Heat
|-damage|p2a: Rotom-Heat|176\/241
|
|switch|p1a: Ampharos|Ampharos-Mega, F|304\/374
|-ability|p1a: Ampharos|Mold Breaker
|
|turn|17
|c| MrTrollAtBest|damn this is getting weirder every second
|c| Shit User|predicted!
|
|move|p2a: Rotom-Heat|Overheat|p1a: Ampharos
|-resisted|p1a: Ampharos
|-damage|p1a: Ampharos|205\/374
|-unboost|p2a: Rotom-Heat|spa|2
|move|p1a: Ampharos|Dragon Pulse|p2a: Rotom-Heat
|-crit|p2a: Rotom-Heat
|-damage|p2a: Rotom-Heat|0 fnt
|faint|p2a: Rotom-Heat
|
|
|switch|p2a: Sigilyph|Sigilyph, M|348\/348
|turn|18
|c| Shit User|gg
|
|move|p2a: Sigilyph|Cosmic Power|p2a: Sigilyph
|-boost|p2a: Sigilyph|def|1
|-boost|p2a: Sigilyph|spd|1
|move|p1a: Ampharos|Thunderbolt|p2a: Sigilyph
|-supereffective|p2a: Sigilyph
|-damage|p2a: Sigilyph|16\/348
|
|-status|p2a: Sigilyph|brn|[from] item: Flame Orb
|turn|19
|
|move|p2a: Sigilyph|Roost|p2a: Sigilyph
|-heal|p2a: Sigilyph|190\/348 brn
|move|p1a: Ampharos|Thunderbolt|p2a: Sigilyph
|-damage|p2a: Sigilyph|21\/348 brn
|
|turn|20
|c| Shit User|2% gainz
|
|move|p2a: Sigilyph|Roost|p2a: Sigilyph
|-heal|p2a: Sigilyph|195\/348 brn
|move|p1a: Ampharos|Volt Switch|p2a: Sigilyph
|-damage|p2a: Sigilyph|63\/348 brn
|c| MrTrollAtBest|roost till max hp
|
|switch|p1a: Crobat|Crobat, F|262\/331
|
|turn|21
|c| Shit User|kink why are you not banded darm
|c| Shit User|:[
|c|âKing UU|:(
|
|move|p1a: Crobat|Brave Bird|p2a: Sigilyph
|-damage|p2a: Sigilyph|0 fnt
|-damage|p1a: Crobat|241\/331|[from] recoil|[of] p2a: Sigilyph
|faint|p2a: Sigilyph
|
|c|âgentlemant|;)
|
|switch|p2a: Suicune|Suicune|404\/404
|-damage|p2a: Suicune|354\/404|[from] Spikes
|-ability|p2a: Suicune|Pressure
|turn|22
|
|switch|p1a: Ampharos|Ampharos-Mega, F|205\/374
|-ability|p1a: Ampharos|Mold Breaker
|move|p2a: Suicune|Calm Mind|p2a: Suicune
|-boost|p2a: Suicune|spa|1
|-boost|p2a: Suicune|spd|1
|
|-heal|p2a: Suicune|379\/404|[from] item: Leftovers
|turn|23
|c| MrTrollAtBest|what? he had suicune Kappa
|
|move|p2a: Suicune|Calm Mind|p2a: Suicune
|-boost|p2a: Suicune|spa|1
|-boost|p2a: Suicune|spd|1
|move|p1a: Ampharos|Thunderbolt|p2a: Suicune
|-supereffective|p2a: Suicune
|-damage|p2a: Suicune|181\/404
|
|-heal|p2a: Suicune|206\/404|[from] item: Leftovers
|turn|24
|c| Shit User|weak
|c| MrTrollAtBest|too weak
|
|move|p2a: Suicune|Calm Mind|p2a: Suicune
|-boost|p2a: Suicune|spa|1
|-boost|p2a: Suicune|spd|1
|move|p1a: Ampharos|Volt Switch|p2a: Suicune
|-supereffective|p2a: Suicune
|-damage|p2a: Suicune|96\/404
|
|switch|p1a: Crobat|Crobat, F|241\/331
|
|-heal|p2a: Suicune|121\/404|[from] item: Leftovers
|turn|25
|c| MrTrollAtBest|gg
|c| Shit User|lol
|
|move|p1a: Crobat|Brave Bird|p2a: Suicune
|-damage|p2a: Suicune|9\/404
|-damage|p1a: Crobat|204\/331|[from] recoil|[of] p2a: Suicune
|move|p2a: Suicune|Rest|p2a: Suicune
|-status|p2a: Suicune|slp
|-heal|p2a: Suicune|404\/404 slp|[silent]
|-status|p2a: Suicune|slp|[from] move: Rest
|
|turn|26
|c| Shit User|does cro even kill
|c|âKing UU|ugh
|c| MrTrollAtBest|lol
|c| Shit User|nope
|c| Shit User|lol
|c|âgentlemant|;)
|c|âKing UU|it was a roll :(
|c| Shit User|this is why crocune is aids
|c|âgentlemant|as i expected ;) x
|c|âKing UU|I actually going to
|c| blave|kek
|c| Shit User|shut this dumbass up
|c| MrTrollAtBest|wasnt it in your favor
|c|âKing UU|kill him
|
|switch|p1a: Ampharos|Ampharos-Mega, F|205\/374
|-ability|p1a: Ampharos|Mold Breaker
|cant|p2a: Suicune|slp
|move|p2a: Suicune|Sleep Talk|p2a: Suicune
|move|p2a: Suicune|Calm Mind|p2a: Suicune|[from]Sleep Talk
|-boost|p2a: Suicune|spa|1
|-boost|p2a: Suicune|spd|1
|
|turn|27
|c| Shit User|crocune is cancer if u aint prep'd
|
|cant|p2a: Suicune|slp
|move|p2a: Suicune|Sleep Talk|p2a: Suicune
|move|p2a: Suicune|Rest|p2a: Suicune|[from]Sleep Talk
|-fail|p2a: Suicune
|move|p1a: Ampharos|Thunderbolt|p2a: Suicune
|-supereffective|p2a: Suicune
|-damage|p2a: Suicune|270\/404 slp
|
|-heal|p2a: Suicune|295\/404 slp|[from] item: Leftovers
|turn|28
|c| blave|maybe not ;)
|c| blave|;(
|c| Shit User|;)
|c| Shit User|;)
|c| Shit User|;)
|c| MrTrollAtBest|damn
|c| Shit User|like you can be a completely shit player
|
|-curestatus|p2a: Suicune|slp
|move|p2a: Suicune|Scald|p1a: Ampharos
|-resisted|p1a: Ampharos
|-damage|p1a: Ampharos|79\/374
|move|p1a: Ampharos|Volt Switch|p2a: Suicune
|-supereffective|p2a: Suicune
|-damage|p2a: Suicune|203\/404
|c| Shit User|and just win with crocune
|c| Shit User|it makes me sad
|c| Shit User|:[
|c| MrTrollAtBest|^
|c|âKing UU|Nah my mistake tbh
|c| Shit User|i didnt see you missplay
|c|âKing UU|I should'va
|c|âKing UU|roared
|c|âKing UU|with swamp
|c| Shit User|when
|c|âKing UU|while the cosmic th ing
|c|âKing UU|was up
|c| Shit User|it was his last mon
|c| Shit User|oh
|c| Shit User|you shouldve stayed in and tbolted
|
|switch|p1a: Umbreon|Umbreon, F|394\/394
|
|-heal|p2a: Suicune|228\/404|[from] item: Leftovers
|turn|29
|c| Shit User|the thingy majig
|c|âKing UU|mhm
|c| Shit User|that was the only missplay as far as i can see
|
|move|p2a: Suicune|Calm Mind|p2a: Suicune
|-boost|p2a: Suicune|spa|1
|-boost|p2a: Suicune|spd|1
|move|p1a: Umbreon|Heal Bell|p1a: Umbreon
|-cureteam|p1a: Umbreon|[from] move: HealBell
|
|-heal|p2a: Suicune|253\/404|[from] item: Leftovers
|turn|30
|c| MrTrollAtBest|tb was not enough as i guess or it as a roll too
|leave|Shit User
|
|move|p2a: Suicune|Calm Mind|p2a: Suicune
|-boost|p2a: Suicune|spa|1
|-boost|p2a: Suicune|spd|1
|move|p1a: Umbreon|Wish|p1a: Umbreon
|
|-heal|p2a: Suicune|278\/404|[from] item: Leftovers
|turn|31
|c| MrTrollAtBest|was*
|
|move|p2a: Suicune|Scald|p1a: Umbreon
|-damage|p1a: Umbreon|169\/394
|-status|p1a: Umbreon|brn
|-status|p2a: Suicune|brn
|move|p1a: Umbreon|Foul Play|p2a: Suicune
|-damage|p2a: Suicune|250\/404 brn
|
|-heal|p1a: Umbreon|366\/394 brn|[from] move: Wish|[wisher] Umbreon
|-heal|p2a: Suicune|275\/404 brn|[from] item: Leftovers
|-heal|p1a: Umbreon|390\/394 brn|[from] item: Leftovers
|-damage|p2a: Suicune|225\/404 brn|[from] brn
|-damage|p1a: Umbreon|341\/394 brn|[from] brn
|turn|32
|c| MrTrollAtBest|lol
|
|move|p2a: Suicune|Rest|p2a: Suicune
|-status|p2a: Suicune|slp
|-heal|p2a: Suicune|404\/404 slp|[silent]
|-status|p2a: Suicune|slp|[from] move: Rest
|move|p1a: Umbreon|Wish|p1a: Umbreon
|
|-heal|p1a: Umbreon|365\/394 brn|[from] item: Leftovers
|-damage|p1a: Umbreon|316\/394 brn|[from] brn
|turn|33
|c| MrTrollAtBest|it comes to pp stall i guess
|
|switch|p1a: Ampharos|Ampharos-Mega, F|79\/374
|-ability|p1a: Ampharos|Mold Breaker
|cant|p2a: Suicune|slp
|move|p2a: Suicune|Sleep Talk|p2a: Suicune
|move|p2a: Suicune|Rest|p2a: Suicune|[from]Sleep Talk
|-fail|p2a: Suicune
|
|-heal|p1a: Ampharos|276\/374|[from] move: Wish|[wisher] Umbreon
|turn|34
|
|cant|p2a: Suicune|slp
|move|p2a: Suicune|Sleep Talk|p2a: Suicune
|move|p2a: Suicune|Rest|p2a: Suicune|[from]Sleep Talk
|-fail|p2a: Suicune
|move|p1a: Ampharos|Volt Switch|p2a: Suicune
|-supereffective|p2a: Suicune
|-damage|p2a: Suicune|320\/404 slp
|join|Pinkin Lark
|
|switch|p1a: Darmanitan|Darmanitan, M|135\/351
|
|-heal|p2a: Suicune|345\/404 slp|[from] item: Leftovers
|turn|35
|
|move|p1a: Darmanitan|U-turn|p2a: Suicune
|-damage|p2a: Suicune|291\/404 slp
|c| Pinkin Lark|wheres the haze crobat
|
|switch|p1a: Forretress|Forretress, F|354\/354
|-curestatus|p2a: Suicune|slp
|move|p2a: Suicune|Scald|p1a: Forretress
|-damage|p1a: Forretress|0 fnt
|faint|p1a: Forretress
|
|-heal|p2a: Suicune|316\/404|[from] item: Leftovers
|
|switch|p1a: Ampharos|Ampharos-Mega, F|276\/374
|-ability|p1a: Ampharos|Mold Breaker
|turn|36
|
|move|p2a: Suicune|Scald|p1a: Ampharos
|-resisted|p1a: Ampharos
|-damage|p1a: Ampharos|129\/374
|move|p1a: Ampharos|Volt Switch|p2a: Suicune
|-supereffective|p2a: Suicune
|-damage|p2a: Suicune|244\/404
|c| MrTrollAtBest|scald has 24 pp right?
|
|switch|p1a: Darmanitan|Darmanitan, M|135\/351
|
|-heal|p2a: Suicune|269\/404|[from] item: Leftovers
|turn|37
|
|move|p1a: Darmanitan|Flare Blitz|p2a: Suicune
|-crit|p2a: Suicune
|-resisted|p2a: Suicune
|-damage|p2a: Suicune|116\/404
|-damage|p1a: Darmanitan|85\/351|[from] recoil|[of] p2a: Suicune
|move|p2a: Suicune|Scald|p1a: Darmanitan
|-supereffective|p1a: Darmanitan
|-damage|p1a: Darmanitan|0 fnt
|faint|p1a: Darmanitan
|
|-heal|p2a: Suicune|141\/404|[from] item: Leftovers
|c| Pinkin Lark|was that a hero crit?
|c|âKing UU|n
|
|switch|p1a: Crobat|Crobat, F|204\/331
|turn|38
|
|move|p1a: Crobat|U-turn|p2a: Suicune
|-damage|p2a: Suicune|95\/404
|
|switch|p1a: Ampharos|Ampharos-Mega, F|129\/374
|-ability|p1a: Ampharos|Mold Breaker
|move|p2a: Suicune|Rest|p2a: Suicune
|-status|p2a: Suicune|slp
|-heal|p2a: Suicune|404\/404 slp|[silent]
|-status|p2a: Suicune|slp|[from] move: Rest
|
|turn|39
|
|cant|p2a: Suicune|slp
|move|p2a: Suicune|Sleep Talk|p2a: Suicune
|move|p2a: Suicune|Calm Mind|p2a: Suicune|[from]Sleep Talk
|-fail|p2a: Suicune
|move|p1a: Ampharos|Thunderbolt|p2a: Suicune
|-crit|p2a: Suicune
|-supereffective|p2a: Suicune
|-damage|p2a: Suicune|0 fnt
|faint|p2a: Suicune
|
|win|King UU
|c|âKing UU|That was
|c| Pinkin Lark|indeed
|c| MrTrollAtBest|gg
|leave|gentlemant
|leave|Pinkin Lark
|leave|MrTrollAtBest
|player|p2
|leave|King UU
|leave|blave
|player|p1