|join|King UU
|join|SHK
|player|p1|King UU|22
|player|p2|SHK|266
|gametype|singles
|gen|6
|tier|UU
|rule|Sleep Clause Mod: Limit one foe put to sleep
|rule|Species Clause: Limit one of each PokÃ©mon
|rule|OHKO Clause: OHKO moves are banned
|rule|Moody Clause: Moody is banned
|rule|Evasion Moves Clause: Evasion moves are banned
|rule|Endless Battle Clause: Forcing endless battles is banned
|rule|HP Percentage Mod: HP is shown in percentages
|clearpoke
|poke|p1|Serperior, F
|poke|p1|Swampert, F
|poke|p1|Infernape, F
|poke|p1|Crobat, F
|poke|p1|Snorlax, F
|poke|p1|Jirachi
|poke|p2|Entei, shiny
|poke|p2|Slowking, M
|poke|p2|Beedrill, F
|poke|p2|Donphan, M
|poke|p2|Hydreigon, M
|poke|p2|Jirachi, shiny
|rule|Swagger Clause: Swagger is banned
|rule|Baton Pass Clause: Limit one PokÃ©mon knowing Baton Pass
|teampreview
|
|start
|switch|p1a: Infernape|Infernape, F|293\/293
|switch|p2a: Donphan|Donphan, M|384\/384
|turn|1
|join|Meruu
|
|move|p1a: Infernape|Stealth Rock|p2a: Donphan
|-sidestart|p2: SHK|move: Stealth Rock
|move|p2a: Donphan|Stealth Rock|p1a: Infernape
|-sidestart|p1: King UU|move: Stealth Rock
|
|turn|2
|join|futurefusion
King UU turned on modjoin.
|raw|<div class="broadcast-red"><b>Moderated chat was set to +!<\/b><br \/>Only users of rank + and higher can talk.<\/div>
King UU made this room hidden.
Meruu was promoted to Room Voice by King UU.
|
|move|p1a: Infernape|Fire Blast|p2a: Donphan
|-damage|p2a: Donphan|122\/384
|-status|p2a: Donphan|brn
|move|p2a: Donphan|Rapid Spin|p1a: Infernape
|-crit|p1a: Infernape
|-damage|p1a: Infernape|272\/293
|-sideend|p2: SHK|Stealth Rock|[from] move: Rapid Spin|[of] p2a: Donphan
|
|-heal|p2a: Donphan|146\/384 brn|[from] item: Leftovers
|-damage|p2a: Donphan|98\/384 brn|[from] brn
|turn|3
|c|+Meruu|how is serp
|c|âKing UU|nb
|c|âKing UU|when used properly.
|c|âKing UU|glare is cool
|
|switch|p2a: Slowking|Slowking, M|394\/394
|move|p1a: Infernape|Stealth Rock|p2a: Slowking
|-sidestart|p2: SHK|move: Stealth Rock
|
|turn|4
|
|move|p1a: Infernape|Taunt|p2a: Slowking
|-start|p2a: Slowking|move: Taunt
|move|p2a: Slowking|Psyshock|p1a: Infernape
|-supereffective|p1a: Infernape
|-damage|p1a: Infernape|0 fnt
|faint|p1a: Infernape
|
|
|switch|p1a: Serperior|Serperior, F|291\/291
|-damage|p1a: Serperior|255\/291|[from] Stealth Rock
|turn|5
|
|switch|p2a: Entei|Entei, shiny|372\/372
|-damage|p2a: Entei|279\/372|[from] Stealth Rock
|-ability|p2a: Entei|Pressure
|move|p1a: Serperior|Glare|p2a: Entei
|-status|p2a: Entei|par
|
|turn|6
|
|switch|p1a: Snorlax|Snorlax, F|461\/461
|-damage|p1a: Snorlax|404\/461|[from] Stealth Rock
|cant|p2a: Entei|par
|
|turn|7
|
|switch|p2a: Donphan|Donphan, M|98\/384 brn
|-damage|p2a: Donphan|74\/384 brn|[from] Stealth Rock
|move|p1a: Snorlax|Earthquake|p2a: Donphan
|-crit|p2a: Donphan
|-damage|p2a: Donphan|0 fnt
|faint|p2a: Donphan
|
|
|switch|p2a: Beedrill|Beedrill, F|271\/271
|-damage|p2a: Beedrill|204\/271|[from] Stealth Rock
|turn|8
|
|detailschange|p2a: Beedrill|Beedrill-Mega, F
|-mega|p2a: Beedrill|Beedrill|Beedrillite
|move|p2a: Beedrill|Knock Off|p1a: Snorlax
|-damage|p1a: Snorlax|254\/461
|-enditem|p1a: Snorlax|Assault Vest|[from] move: Knock Off|[of] p2a: Beedrill
|move|p1a: Snorlax|Body Slam|p2a: Beedrill
|-crit|p2a: Beedrill
|-damage|p2a: Beedrill|0 fnt
|faint|p2a: Beedrill
|
|
|switch|p2a: Hydreigon|Hydreigon, M|325\/325
|-damage|p2a: Hydreigon|285\/325|[from] Stealth Rock
|turn|9
|
|move|p2a: Hydreigon|Superpower|p1a: Snorlax
|-supereffective|p1a: Snorlax
|-damage|p1a: Snorlax|0 fnt
|-unboost|p2a: Hydreigon|atk|1
|-unboost|p2a: Hydreigon|def|1
|-damage|p2a: Hydreigon|253\/325|[from] item: Life Orb
|faint|p1a: Snorlax
|
|
|switch|p1a: Serperior|Serperior, F|255\/291
|-damage|p1a: Serperior|219\/291|[from] Stealth Rock
|turn|10
|
|switch|p2a: Jirachi|Jirachi, shiny|341\/341
|-damage|p2a: Jirachi|320\/341|[from] Stealth Rock
|move|p1a: Serperior|Synthesis|p1a: Serperior
|-heal|p1a: Serperior|291\/291
|
|-heal|p2a: Jirachi|341\/341|[from] item: Leftovers
|turn|11
|
|switch|p2a: Entei|Entei, shiny|279\/372 par
|-damage|p2a: Entei|186\/372 par|[from] Stealth Rock
|-ability|p2a: Entei|Pressure
|move|p1a: Serperior|Glare|p2a: Entei
|-fail|p2a: Entei|par
|
|turn|12
|
|move|p1a: Serperior|Leaf Storm|p2a: Entei
|-resisted|p2a: Entei
|-damage|p2a: Entei|88\/372 par
|-boost|p1a: Serperior|spa|2
|move|p2a: Entei|Sacred Fire|p1a: Serperior
|-supereffective|p1a: Serperior
|-enditem|p1a: Serperior|Focus Sash
|-damage|p1a: Serperior|1\/291
|-damage|p2a: Entei|51\/372 par|[from] item: Life Orb
|
|turn|13
|
|cant|p2a: Entei|par
|move|p1a: Serperior|Dragon Pulse|p2a: Entei
|-damage|p2a: Entei|0 fnt
|faint|p2a: Entei
|
|
|switch|p2a: Jirachi|Jirachi, shiny|341\/341
|-damage|p2a: Jirachi|320\/341|[from] Stealth Rock
|turn|14
|
|move|p1a: Serperior|Glare|p2a: Jirachi
|-status|p2a: Jirachi|par
|move|p2a: Jirachi|Energy Ball|p1a: Serperior
|-resisted|p1a: Serperior
|-damage|p1a: Serperior|0 fnt
|faint|p1a: Serperior
|
|-heal|p2a: Jirachi|341\/341 par|[from] item: Leftovers
|
|switch|p1a: Swampert|Swampert, F|341\/341
|-damage|p1a: Swampert|320\/341|[from] Stealth Rock
|turn|15
|
|detailschange|p1a: Swampert|Swampert-Mega, F
|-mega|p1a: Swampert|Swampert|Swampertite
|move|p1a: Swampert|Earthquake|p2a: Jirachi
|-supereffective|p2a: Jirachi
|-damage|p2a: Jirachi|0 fnt
|faint|p2a: Jirachi
|
|
|switch|p2a: Hydreigon|Hydreigon, M|253\/325
|-damage|p2a: Hydreigon|213\/325|[from] Stealth Rock
|turn|16
|
|move|p2a: Hydreigon|Draco Meteor|p1a: Swampert
|-damage|p1a: Swampert|51\/341
|-unboost|p2a: Hydreigon|spa|2
|-damage|p2a: Hydreigon|181\/325|[from] item: Life Orb
|move|p1a: Swampert|Ice Punch|p2a: Hydreigon
|-supereffective|p2a: Hydreigon
|-damage|p2a: Hydreigon|0 fnt
|faint|p2a: Hydreigon
|
|
|switch|p2a: Slowking|Slowking, M|394\/394
|-damage|p2a: Slowking|345\/394|[from] Stealth Rock
|turn|17
|
|move|p1a: Swampert|Earthquake|p2a: Slowking
|-damage|p2a: Slowking|102\/394
|move|p2a: Slowking|Psyshock|p1a: Swampert
|-damage|p1a: Swampert|0 fnt
|faint|p1a: Swampert
|
|
|switch|p1a: Crobat|Crobat, F|341\/341
|-damage|p1a: Crobat|256\/341|[from] Stealth Rock
|turn|18
|c|âKing UU|gg
|
|move|p1a: Crobat|Brave Bird|p2a: Slowking
|-damage|p2a: Slowking|0 fnt
|-damage|p1a: Crobat|222\/341|[from] recoil|[of] p2a: Slowking
|faint|p2a: Slowking
|
|win|King UU
|leave|King UU
|leave|SHK
|player|p1
|player|p2