|join|Sacripan'
|join|king yong ill
|player|p1|Sacripan'|170
|player|p2|king yong ill|27
|gametype|singles
|gen|6
|tier|UU
|rated
|rule|Sleep Clause Mod: Limit one foe put to sleep
|rule|Species Clause: Limit one of each PokÃ©mon
|rule|OHKO Clause: OHKO moves are banned
|rule|Moody Clause: Moody is banned
|rule|Evasion Moves Clause: Evasion moves are banned
|rule|Endless Battle Clause: Forcing endless battles is banned
|rule|HP Percentage Mod: HP is shown in percentages
|clearpoke
|poke|p1|Pangoro, M
|poke|p1|Camerupt, M
|poke|p1|Porygon2
|poke|p1|Reuniclus, M
|poke|p1|Diancie
|poke|p1|Escavalier, M
|poke|p2|Serperior, M
|poke|p2|Aerodactyl, M
|poke|p2|Reuniclus, F
|poke|p2|Empoleon, M
|poke|p2|Florges, F
|poke|p2|Krookodile, M
|rule|Swagger Clause: Swagger is banned
|rule|Baton Pass Clause: Limit one PokÃ©mon knowing Baton Pass
|teampreview
|
|start
|switch|p1a: Pangoro|Pangoro, M|393\/393
|switch|p2a: Empoleon|Empoleon, M|372\/372
|turn|1
|
|switch|p2a: Florges|Florges, F|360\/360
|move|p1a: Pangoro|Gunk Shot|p2a: Florges
|-supereffective|p2a: Florges
|-damage|p2a: Florges|0 fnt
|-damage|p1a: Pangoro|354\/393|[from] item: Life Orb
|faint|p2a: Florges
|
|
|switch|p2a: Aerodactyl|Aerodactyl, M|301\/301
|-ability|p2a: Aerodactyl|Unnerve|p1: Sacripan'
|turn|2
|
|detailschange|p2a: Aerodactyl|Aerodactyl-Mega, M
|-mega|p2a: Aerodactyl|Aerodactyl|Aerodactylite
|move|p2a: Aerodactyl|Aerial Ace|p1a: Pangoro
|-supereffective|p1a: Pangoro
|-damage|p1a: Pangoro|6\/393
|move|p1a: Pangoro|Ice Punch|p2a: Aerodactyl
|-supereffective|p2a: Aerodactyl
|-damage|p2a: Aerodactyl|0 fnt
|-damage|p1a: Pangoro|0 fnt|[from] item: Life Orb
|faint|p2a: Aerodactyl
|faint|p1a: Pangoro
|
|
|switch|p2a: Empoleon|Empoleon, M|372\/372
|switch|p1a: Diancie|Diancie|242\/242
|turn|3
|
|move|p2a: Empoleon|Stealth Rock|p1a: Diancie
|-sidestart|p1: Sacripan'|move: Stealth Rock
|move|p1a: Diancie|Trick Room|p1a: Diancie
|-fieldstart|move: Trick Room|[of] p1a: Diancie
|
|turn|4
|
|move|p1a: Diancie|Earth Power|p2a: Empoleon
|-supereffective|p2a: Empoleon
|-damage|p2a: Empoleon|184\/372
|-unboost|p2a: Empoleon|spd|1
|move|p2a: Empoleon|Scald|p1a: Diancie
|-crit|p1a: Diancie
|-supereffective|p1a: Diancie
|-damage|p1a: Diancie|12\/242
|-enditem|p1a: Diancie|Weakness Policy
|-boost|p1a: Diancie|atk|2|[from] item: Weakness Policy
|-boost|p1a: Diancie|spa|2|[from] item: Weakness Policy
|
|-heal|p2a: Empoleon|207\/372|[from] item: Leftovers
|turn|5
|
|move|p1a: Diancie|Earth Power|p2a: Empoleon
|-supereffective|p2a: Empoleon
|-damage|p2a: Empoleon|0 fnt
|faint|p2a: Empoleon
|
|
|switch|p2a: Reuniclus|Reuniclus, F|424\/424
|turn|6
|
|move|p1a: Diancie|Moonblast|p2a: Reuniclus
|-damage|p2a: Reuniclus|94\/424
|move|p2a: Reuniclus|Psyshock|p1a: Diancie
|-damage|p1a: Diancie|0 fnt
|faint|p1a: Diancie
|
|-heal|p2a: Reuniclus|120\/424|[from] item: Leftovers
|
|switch|p1a: Reuniclus|Reuniclus, M|424\/424
|turn|7
|
|switch|p2a: Krookodile|Krookodile, M|331\/331
|move|p1a: Reuniclus|Shadow Ball|p2a: Krookodile
|-resisted|p2a: Krookodile
|-damage|p2a: Krookodile|244\/331
|
|-fieldend|move: Trick Room
|turn|8
|
|move|p2a: Krookodile|Knock Off|p1a: Reuniclus
|-supereffective|p1a: Reuniclus
|-damage|p1a: Reuniclus|62\/424
|-enditem|p1a: Reuniclus|Life Orb|[from] move: Knock Off|[of] p2a: Krookodile
|move|p1a: Reuniclus|Focus Blast|p2a: Krookodile|[miss]
|-miss|p1a: Reuniclus|p2a: Krookodile
|
|turn|9
|c|âSacripan'|zzz
|
|move|p2a: Krookodile|Knock Off|p1a: Reuniclus
|-supereffective|p1a: Reuniclus
|-damage|p1a: Reuniclus|0 fnt
|faint|p1a: Reuniclus
|-boost|p2a: Krookodile|atk|1|[from] ability: Moxie
|
|
|switch|p1a: Camerupt|Camerupt, M|343\/343
|-damage|p1a: Camerupt|301\/343|[from] Stealth Rock
|turn|10
|
|switch|p2a: Reuniclus|Reuniclus, F|120\/424
|detailschange|p1a: Camerupt|Camerupt-Mega, M
|-mega|p1a: Camerupt|Camerupt|Cameruptite
|move|p1a: Camerupt|Fire Blast|p2a: Reuniclus
|-damage|p2a: Reuniclus|0 fnt
|faint|p2a: Reuniclus
|
|
|switch|p2a: Krookodile|Krookodile, M|244\/331
|turn|11
|
|move|p2a: Krookodile|Earthquake|p1a: Camerupt
|-supereffective|p1a: Camerupt
|-damage|p1a: Camerupt|13\/343
|move|p1a: Camerupt|Fire Blast|p2a: Krookodile
|-damage|p2a: Krookodile|0 fnt
|faint|p2a: Krookodile
|
|
|switch|p2a: Serperior|Serperior, M|299\/299
|turn|12
|
|move|p2a: Serperior|Leaf Storm|p1a: Camerupt
|-damage|p1a: Camerupt|0 fnt
|-boost|p2a: Serperior|spa|2
|faint|p1a: Camerupt
|
|
|switch|p1a: Porygon2|Porygon2|374\/374
|-damage|p1a: Porygon2|328\/374|[from] Stealth Rock
|-boost|p1a: Porygon2|spa|1|[from] ability: Download
|turn|13
|
|move|p2a: Serperior|Leaf Storm|p1a: Porygon2
|-damage|p1a: Porygon2|94\/374
|-boost|p2a: Serperior|spa|2
|move|p1a: Porygon2|Trick Room|p1a: Porygon2
|-fieldstart|move: Trick Room|[of] p1a: Porygon2
|
|turn|14
|
|move|p1a: Porygon2|Ice Beam|p2a: Serperior
|-supereffective|p2a: Serperior
|-damage|p2a: Serperior|3\/299
|move|p2a: Serperior|Giga Drain|p1a: Porygon2
|-damage|p1a: Porygon2|0 fnt
|-heal|p2a: Serperior|50\/299|[from] drain|[of] p1a: Porygon2
|faint|p1a: Porygon2
|
|-heal|p2a: Serperior|68\/299|[from] item: Leftovers
|
|switch|p1a: Escavalier|Escavalier, M|343\/343
|-damage|p1a: Escavalier|301\/343|[from] Stealth Rock
|turn|15
|
|move|p1a: Escavalier|Iron Head|p2a: Serperior
|-damage|p2a: Serperior|0 fnt
|faint|p2a: Serperior
|
|win|Sacripan'
|raw|Ladder updating...
|raw|Sacripan&apos;'s rating: 1484 &rarr; <strong>1502<\/strong><br \/>(+18 for winning)
|raw|king yong ill's rating: 1450 &rarr; <strong>1432<\/strong><br \/>(-18 for losing)