|join|Adel Dazim
|join|mwalok_691
|player|p1|Adel Dazim|78
|player|p2|mwalok_691|192
|gametype|singles
|gen|6
|tier|UU
|rated
|rule|Sleep Clause Mod: Limit one foe put to sleep
|rule|Species Clause: Limit one of each PokÃ©mon
|rule|OHKO Clause: OHKO moves are banned
|rule|Moody Clause: Moody is banned
|rule|Evasion Moves Clause: Evasion moves are banned
|rule|Endless Battle Clause: Forcing endless battles is banned
|rule|HP Percentage Mod: HP is shown in percentages
|clearpoke
|poke|p1|Pidgeot, F
|poke|p1|Swampert, M
|poke|p1|Roserade, F
|poke|p1|Infernape, M
|poke|p1|Umbreon, M
|poke|p1|Jirachi
|poke|p2|Porygon-Z
|poke|p2|Galvantula, F
|poke|p2|Tentacruel, M
|poke|p2|Hydreigon, M
|poke|p2|Slurpuff, F
|poke|p2|Gallade, M
|rule|Swagger Clause: Swagger is banned
|rule|Baton Pass Clause: Limit one PokÃ©mon knowing Baton Pass
|teampreview
|
|start
|switch|p1a: Jew Boy|Jirachi|341\/341
|switch|p2a: Charlotte's Web|Galvantula, F|281\/281
|turn|1
|
|move|p1a: Jew Boy|Iron Head|p2a: Charlotte's Web
|-resisted|p2a: Charlotte's Web
|-damage|p2a: Charlotte's Web|193\/281
|cant|p2a: Charlotte's Web|flinch
|
|turn|2
|
|move|p1a: Jew Boy|Iron Head|p2a: Charlotte's Web
|-resisted|p2a: Charlotte's Web
|-damage|p2a: Charlotte's Web|103\/281
|move|p2a: Charlotte's Web|Sticky Web|p1a: Jew Boy
|-sidestart|p1: Adel Dazim|move: Sticky Web
|
|turn|3
|join|MidnightSwami
|
|switch|p2a: Falcore|Hydreigon, M|387\/387
|move|p1a: Jew Boy|Iron Head|p2a: Falcore
|-damage|p2a: Falcore|290\/387
|
|-heal|p2a: Falcore|314\/387|[from] item: Leftovers
|turn|4
|
|switch|p1a: Asian Dinner|Umbreon, M|394\/394
|-activate|p1a: Asian Dinner|move: Sticky Web
|-unboost|p1a: Asian Dinner|spe|1
|move|p2a: Falcore|Dark Pulse|p1a: Asian Dinner
|-resisted|p1a: Asian Dinner
|-damage|p1a: Asian Dinner|361\/394
|
|-heal|p2a: Falcore|338\/387|[from] item: Leftovers
|-heal|p1a: Asian Dinner|385\/394|[from] item: Leftovers
|turn|5
|
|move|p2a: Falcore|U-turn|p1a: Asian Dinner
|-supereffective|p1a: Asian Dinner
|-damage|p1a: Asian Dinner|291\/394
|
|switch|p2a: ACruelTent|Tentacruel, M|363\/363
|move|p1a: Asian Dinner|Wish|p1a: Asian Dinner
|
|-heal|p1a: Asian Dinner|315\/394|[from] item: Leftovers
|turn|6
|
|switch|p1a: Allah|Pidgeot, F|307\/307
|move|p2a: ACruelTent|Sludge Wave|p1a: Allah
|-damage|p1a: Allah|175\/307
|
|-heal|p1a: Allah|307\/307|[from] move: Wish|[wisher] Asian Dinner
|turn|7
|
|detailschange|p1a: Allah|Pidgeot-Mega, F
|message|Pidgeot has Mega Evolved into Mega Pidgeot!
|move|p1a: Allah|Defog|p2a: ACruelTent
|-unboost|p2a: ACruelTent|evasion|1
|-sideend|p1: Adel Dazim|Sticky Web|[from] move: Defog|[of] p1a: Allah
|move|p2a: ACruelTent|Sludge Wave|p1a: Allah
|-crit|p1a: Allah
|-damage|p1a: Allah|142\/307
|
|turn|8
|
|move|p1a: Allah|U-turn|p2a: ACruelTent
|-resisted|p2a: ACruelTent
|-damage|p2a: ACruelTent|334\/363
|
|switch|p1a: Jew Boy|Jirachi|341\/341
|move|p2a: ACruelTent|Scald|p1a: Jew Boy
|-damage|p1a: Jew Boy|268\/341
|-status|p1a: Jew Boy|brn
|
|-damage|p1a: Jew Boy|226\/341 brn|[from] brn
|turn|9
|
|switch|p1a: Asian Dinner|Umbreon, M|315\/394
|switch|p2a: Falcore|Hydreigon, M|338\/387
|
|-heal|p2a: Falcore|362\/387|[from] item: Leftovers
|-heal|p1a: Asian Dinner|339\/394|[from] item: Leftovers
|turn|10
|
|move|p2a: Falcore|U-turn|p1a: Asian Dinner
|-supereffective|p1a: Asian Dinner
|-damage|p1a: Asian Dinner|239\/394
|
|switch|p2a: Charlotte's Web|Galvantula, F|103\/281
|move|p1a: Asian Dinner|Heal Bell|p1a: Asian Dinner
|-cureteam|p1a: Asian Dinner|[from] move: HealBell
|
|-heal|p1a: Asian Dinner|263\/394|[from] item: Leftovers
|turn|11
|
|move|p2a: Charlotte's Web|Sticky Web|p1a: Asian Dinner
|-sidestart|p1: Adel Dazim|move: Sticky Web
|move|p1a: Asian Dinner|Foul Play|p2a: Charlotte's Web
|-damage|p2a: Charlotte's Web|0 fnt
|faint|p2a: Charlotte's Web
|
|-heal|p1a: Asian Dinner|287\/394|[from] item: Leftovers
|
|switch|p2a: Chi-Chi|Slurpuff, F|305\/305
|turn|12
|
|move|p2a: Chi-Chi|Substitute|p2a: Chi-Chi
|-start|p2a: Chi-Chi|Substitute
|-damage|p2a: Chi-Chi|229\/305
|move|p1a: Asian Dinner|Foul Play|p2a: Chi-Chi
|-crit|p2a: Chi-Chi
|-resisted|p2a: Chi-Chi
|-end|p2a: Chi-Chi|Substitute
|
|-heal|p1a: Asian Dinner|311\/394|[from] item: Leftovers
|turn|13
|
|move|p2a: Chi-Chi|Substitute|p2a: Chi-Chi
|-start|p2a: Chi-Chi|Substitute
|-damage|p2a: Chi-Chi|153\/305
|move|p1a: Asian Dinner|Foul Play|p2a: Chi-Chi
|-resisted|p2a: Chi-Chi
|-activate|p2a: Chi-Chi|Substitute|[damage]
|
|-heal|p1a: Asian Dinner|335\/394|[from] item: Leftovers
|turn|14
|
|move|p2a: Chi-Chi|Belly Drum|p2a: Chi-Chi
|-damage|p2a: Chi-Chi|1\/305
|-setboost|p2a: Chi-Chi|atk|6|[from] move: Belly Drum
|-enditem|p2a: Chi-Chi|Sitrus Berry|[eat]
|-heal|p2a: Chi-Chi|77\/305|[from] item: Sitrus Berry
|move|p1a: Asian Dinner|Foul Play|p2a: Chi-Chi
|-resisted|p2a: Chi-Chi
|-end|p2a: Chi-Chi|Substitute
|
|-heal|p1a: Asian Dinner|359\/394|[from] item: Leftovers
|turn|15
|
|move|p2a: Chi-Chi|Play Rough|p1a: Asian Dinner
|-supereffective|p1a: Asian Dinner
|-damage|p1a: Asian Dinner|0 fnt
|faint|p1a: Asian Dinner
|
|
|switch|p1a: Flotsam|Infernape, M|293\/293
|-activate|p1a: Flotsam|move: Sticky Web
|-unboost|p1a: Flotsam|spe|1
|turn|16
|
|move|p1a: Flotsam|Mach Punch|p2a: Chi-Chi
|-resisted|p2a: Chi-Chi
|-damage|p2a: Chi-Chi|30\/305
|-damage|p1a: Flotsam|264\/293|[from] item: Life Orb
|move|p2a: Chi-Chi|Play Rough|p1a: Flotsam
|-damage|p1a: Flotsam|0 fnt
|faint|p1a: Flotsam
|
|
|switch|p1a: Pagan Slut|Roserade, F|303\/303
|-activate|p1a: Pagan Slut|move: Sticky Web
|-unboost|p1a: Pagan Slut|spe|1
|turn|17
|
|move|p2a: Chi-Chi|Facade|p1a: Pagan Slut
|-damage|p1a: Pagan Slut|0 fnt
|faint|p1a: Pagan Slut
|
|
|switch|p1a: QUACK|Swampert, M|373\/373
|-activate|p1a: QUACK|move: Sticky Web
|-unboost|p1a: QUACK|spe|1
|turn|18
|
|move|p2a: Chi-Chi|Play Rough|p1a: QUACK
|-damage|p1a: QUACK|0 fnt
|faint|p1a: QUACK
|
|
|switch|p1a: Allah|Pidgeot-Mega, F|142\/307
|turn|19
|
|move|p2a: Chi-Chi|Facade|p1a: Allah
|-damage|p1a: Allah|0 fnt
|faint|p1a: Allah
|
|
|switch|p1a: Jew Boy|Jirachi|226\/341
|-activate|p1a: Jew Boy|move: Sticky Web
|-unboost|p1a: Jew Boy|spe|1
|turn|20
|
|move|p2a: Chi-Chi|Play Rough|p1a: Jew Boy
|-resisted|p1a: Jew Boy
|-damage|p1a: Jew Boy|2\/341
|move|p1a: Jew Boy|Iron Head|p2a: Chi-Chi
|-supereffective|p2a: Chi-Chi
|-damage|p2a: Chi-Chi|0 fnt
|faint|p2a: Chi-Chi
|
|
|switch|p2a: XenoBlade|Gallade, M|277\/277
|turn|21
|c|âAdel Dazim|gg
|
|detailschange|p2a: XenoBlade|Gallade-Mega, M
|message|Gallade has Mega Evolved into Mega Gallade!
|move|p2a: XenoBlade|Shadow Sneak|p1a: Jew Boy
|-supereffective|p1a: Jew Boy
|-damage|p1a: Jew Boy|0 fnt
|faint|p1a: Jew Boy
|
|win|mwalok_691
|raw|Ladder updating...
|c|âmwalok_691|gg
|raw|Adel Dazim's rating: 1331 &rarr; <strong>1308<\/strong><br \/>(-23 for losing)
|raw|mwalok_691's rating: 1270 &rarr; <strong>1299<\/strong><br \/>(+29 for winning)
|leave|Adel Dazim
|player|p1