|join|Adel Dazim
|join|czombik
|player|p1|Adel Dazim|78
|player|p2|czombik|249
|gametype|singles
|gen|6
|tier|UU
|rated
|rule|Sleep Clause Mod: Limit one foe put to sleep
|rule|Species Clause: Limit one of each PokÃ©mon
|rule|OHKO Clause: OHKO moves are banned
|rule|Moody Clause: Moody is banned
|rule|Evasion Moves Clause: Evasion moves are banned
|rule|Endless Battle Clause: Forcing endless battles is banned
|rule|HP Percentage Mod: HP is shown in percentages
|clearpoke
|poke|p1|Durant, M
|poke|p1|Heliolisk, F
|poke|p1|Houndoom, M
|poke|p1|Drapion, F
|poke|p1|Gligar, M
|poke|p1|Meloetta
|poke|p2|Cloyster, F
|poke|p2|Azelf
|poke|p2|Slowking, M
|poke|p2|Porygon2
|poke|p2|Goodra, F
|poke|p2|Sharpedo, M
|rule|Swagger Clause: Swagger is banned
|rule|Baton Pass Clause: Limit one PokÃ©mon knowing Baton Pass
|teampreview
|c|âAdel Dazim|well
|c|âAdel Dazim|this isn't ru
|c|âczombik|qua
|
|start
|switch|p1a: Drapion|Drapion, F|331\/331
|switch|p2a: Azelf|Azelf|354\/354
|turn|1
|
|move|p2a: Azelf|Stealth Rock|p1a: Drapion
|-sidestart|p1: Adel Dazim|move: Stealth Rock
|move|p1a: Drapion|Knock Off|p2a: Azelf
|-supereffective|p2a: Azelf
|-damage|p2a: Azelf|58\/354
|-enditem|p2a: Azelf|Leftovers|[from] move: Knock Off|[of] p1a: Drapion
|
|turn|2
|
|move|p2a: Azelf|Knock Off|p1a: Drapion
|-resisted|p1a: Drapion
|-damage|p1a: Drapion|302\/331
|-enditem|p1a: Drapion|Black Sludge|[from] move: Knock Off|[of] p2a: Azelf
|move|p1a: Drapion|Toxic Spikes|p2a: Azelf
|-sidestart|p2: czombik|move: Toxic Spikes
|
|turn|3
|
|move|p2a: Azelf|Explosion|p1a: Drapion
|-damage|p1a: Drapion|155\/331
|faint|p2a: Azelf
|move|p1a: Drapion|Toxic Spikes|p2: Azelf
|-sidestart|p2: czombik|move: Toxic Spikes
|
|
|switch|p2a: Sharpedo|Sharpedo, M|281\/281
|-status|p2a: Sharpedo|tox
|turn|4
|
|switch|p1a: Heliolisk|Heliolisk, F|265\/265
|-damage|p1a: Heliolisk|232\/265|[from] Stealth Rock
|move|p2a: Sharpedo|Protect|p2a: Sharpedo
|-fail|p2a: Sharpedo
|
|-damage|p2a: Sharpedo|264\/281 tox|[from] psn
|-boost|p2a: Sharpedo|spe|1|[from] ability: Speed Boost
|turn|5
|
|detailschange|p2a: Sharpedo|Sharpedo-Mega, M
|message|Sharpedo has Mega Evolved into Mega Sharpedo!
|move|p1a: Heliolisk|Volt Switch|p2a: Sharpedo
|-supereffective|p2a: Sharpedo
|-damage|p2a: Sharpedo|0 fnt
|faint|p2a: Sharpedo
|
|switch|p1a: Meloetta|Meloetta|367\/367
|-damage|p1a: Meloetta|322\/367|[from] Stealth Rock
|
|
|switch|p2a: Slowking|Slowking, M|394\/394
|-status|p2a: Slowking|tox
|turn|6
|
|move|p1a: Meloetta|Charge Beam|p2a: Slowking
|-supereffective|p2a: Slowking
|-damage|p2a: Slowking|268\/394 tox
|-boost|p1a: Meloetta|spa|1
|move|p2a: Slowking|Scald|p1a: Meloetta
|-damage|p1a: Meloetta|270\/367
|
|-heal|p2a: Slowking|292\/394 tox|[from] item: Leftovers
|-damage|p2a: Slowking|268\/394 tox|[from] psn
|turn|7
|
|switch|p2a: Goodra|Goodra, F|321\/321
|-status|p2a: Goodra|tox
|move|p1a: Meloetta|Charge Beam|p2a: Goodra
|-resisted|p2a: Goodra
|-damage|p2a: Goodra|299\/321 tox
|-boost|p1a: Meloetta|spa|1
|
|-damage|p2a: Goodra|279\/321 tox|[from] psn
|turn|8
|
|move|p1a: Meloetta|Psyshock|p2a: Goodra
|-damage|p2a: Goodra|20\/321 tox
|move|p2a: Goodra|Sludge Wave|p1a: Meloetta
|-damage|p1a: Meloetta|216\/367
|-status|p1a: Meloetta|psn
|
|-damage|p1a: Meloetta|171\/367 psn|[from] psn
|-damage|p2a: Goodra|0 fnt|[from] psn
|faint|p2a: Goodra
|
|switch|p2a: Porygon2|Porygon2|374\/374
|-status|p2a: Porygon2|tox
|turn|9
|
|move|p1a: Meloetta|Hyper Voice|p2a: Porygon2
|-damage|p2a: Porygon2|203\/374 tox
|move|p2a: Porygon2|Ice Beam|p1a: Meloetta
|-crit|p1a: Meloetta
|-damage|p1a: Meloetta|91\/367 psn
|
|-damage|p1a: Meloetta|46\/367 psn|[from] psn
|-damage|p2a: Porygon2|180\/374 tox|[from] psn
|turn|10
|
|move|p1a: Meloetta|Psyshock|p2a: Porygon2
|-damage|p2a: Porygon2|0 fnt
|faint|p2a: Porygon2
|
|-damage|p1a: Meloetta|1\/367 psn|[from] psn
|
|switch|p2a: Cloyster|Cloyster, F|242\/242
|-status|p2a: Cloyster|tox
|turn|11
|
|move|p2a: Cloyster|Ice Shard|p1a: Meloetta
|-damage|p1a: Meloetta|0 fnt
|faint|p1a: Meloetta
|
|-damage|p2a: Cloyster|227\/242 tox|[from] psn
|
|switch|p1a: Heliolisk|Heliolisk, F|232\/265
|-damage|p1a: Heliolisk|199\/265|[from] Stealth Rock
|turn|12
|
|switch|p2a: Slowking|Slowking, M|394\/394 tox
|move|p1a: Heliolisk|Thunderbolt|p2a: Slowking
|-supereffective|p2a: Slowking
|-damage|p2a: Slowking|152\/394 tox
|
|-heal|p2a: Slowking|176\/394 tox|[from] item: Leftovers
|-damage|p2a: Slowking|152\/394 tox|[from] psn
|turn|13
|
|move|p1a: Heliolisk|Thunderbolt|p2a: Slowking
|-supereffective|p2a: Slowking
|-damage|p2a: Slowking|0 fnt
|faint|p2a: Slowking
|
|
|switch|p2a: Cloyster|Cloyster, F|227\/242 tox
|turn|14
|
|move|p2a: Cloyster|Ice Shard|p1a: Heliolisk
|-damage|p1a: Heliolisk|87\/265
|move|p1a: Heliolisk|Thunderbolt|p2a: Cloyster
|-crit|p2a: Cloyster
|-supereffective|p2a: Cloyster
|-damage|p2a: Cloyster|0 fnt
|faint|p2a: Cloyster
|
|win|Adel Dazim
|raw|Ladder updating...
|raw|Adel Dazim's rating: 1443 &rarr; <strong>1456<\/strong><br \/>(+13 for winning)
|raw|czombik's rating: 1302 &rarr; <strong>1290<\/strong><br \/>(-12 for losing)
|c|âAdel Dazim|lol
|c|âczombik|gg
|c|âAdel Dazim|gg
|leave|czombik
|player|p2