|join|JensenAcklesButt
|join|Adel Dazim
|player|p1|JensenAcklesButt|25
|player|p2|Adel Dazim|78
|gametype|singles
|gen|6
|tier|UU
|rated
|rule|Sleep Clause Mod: Limit one foe put to sleep
|rule|Species Clause: Limit one of each PokÃ©mon
|rule|OHKO Clause: OHKO moves are banned
|rule|Moody Clause: Moody is banned
|rule|Evasion Moves Clause: Evasion moves are banned
|rule|Endless Battle Clause: Forcing endless battles is banned
|rule|HP Percentage Mod: HP is shown in percentages
|clearpoke
|poke|p1|Hydreigon, M
|poke|p1|Swampert, M
|poke|p1|Dugtrio, M
|poke|p1|Forretress, F
|poke|p1|Machamp, F
|poke|p1|Pidgeot, F
|poke|p2|Pidgeot, F
|poke|p2|Swampert, M
|poke|p2|Roserade, F
|poke|p2|Infernape, F
|poke|p2|Umbreon, F
|poke|p2|Jirachi
|rule|Swagger Clause: Swagger is banned
|rule|Baton Pass Clause: Limit one PokÃ©mon knowing Baton Pass
|teampreview
|
|start
|switch|p1a: Hydreigon|Hydreigon, M|325\/325
|switch|p2a: QUACK|Swampert, M|373\/373
|turn|1
|
|move|p1a: Hydreigon|Draco Meteor|p2a: QUACK
|-damage|p2a: QUACK|109\/373
|-unboost|p1a: Hydreigon|spa|2
|move|p2a: QUACK|Ice Punch|p1a: Hydreigon
|-supereffective|p1a: Hydreigon
|-damage|p1a: Hydreigon|27\/325
|
|turn|2
|
|switch|p1a: Forretress|Forretress, F|354\/354
|switch|p2a: Asian Dinner|Umbreon, F|394\/394
|
|turn|3
|
|move|p2a: Asian Dinner|Wish|p2a: Asian Dinner
|move|p1a: Forretress|Spikes|p2a: Asian Dinner
|-sidestart|p2: Adel Dazim|Spikes
|
|turn|4
|
|switch|p2a: QUACK|Swampert, M|109\/373
|-damage|p2a: QUACK|63\/373|[from] Spikes
|switch|p1a: Hydreigon|Hydreigon, M|27\/325
|
|-heal|p2a: QUACK|260\/373|[from] move: Wish|[wisher] Asian Dinner
|turn|5
|
|switch|p2a: Asian Dinner|Umbreon, F|394\/394
|-damage|p2a: Asian Dinner|345\/394|[from] Spikes
|move|p1a: Hydreigon|U-turn|p2a: Asian Dinner
|-supereffective|p2a: Asian Dinner
|-damage|p2a: Asian Dinner|241\/394
|
|switch|p1a: Forretress|Forretress, F|354\/354
|
|-heal|p2a: Asian Dinner|265\/394|[from] item: Leftovers
|turn|6
|
|switch|p2a: Allah|Pidgeot, F|307\/307
|move|p1a: Forretress|Spikes|p2a: Allah
|-sidestart|p2: Adel Dazim|Spikes
|
|turn|7
|
|detailschange|p2a: Allah|Pidgeot-Mega, F
|message|Pidgeot has Mega Evolved into Mega Pidgeot!
|move|p2a: Allah|Defog|p1a: Forretress
|-unboost|p1a: Forretress|evasion|1
|-sideend|p2: Adel Dazim|Spikes|[from] move: Defog|[of] p2a: Allah
|move|p1a: Forretress|Volt Switch|p2a: Allah
|-supereffective|p2a: Allah
|-damage|p2a: Allah|219\/307
|
|switch|p1a: Hydreigon|Hydreigon, M|27\/325
|
|turn|8
|
|switch|p2a: Asian Dinner|Umbreon, F|265\/394
|move|p1a: Hydreigon|Draco Meteor|p2a: Asian Dinner
|-damage|p2a: Asian Dinner|138\/394
|-unboost|p1a: Hydreigon|spa|2
|
|-heal|p2a: Asian Dinner|162\/394|[from] item: Leftovers
|turn|9
|c|âJensenAcklesButt|defog m-pidgeot
|c|âJensenAcklesButt|wat is that
|
|switch|p1a: Dugtrio|Dugtrio, M|201\/201
|move|p2a: Asian Dinner|Wish|p2a: Asian Dinner
|
|-heal|p2a: Asian Dinner|186\/394|[from] item: Leftovers
|turn|10
|
|move|p2a: Asian Dinner|Protect|p2a: Asian Dinner
|-singleturn|p2a: Asian Dinner|Protect
|move|p1a: Dugtrio|Earthquake|p2a: Asian Dinner
|-activate|p2a: Asian Dinner|Protect
|
|-heal|p2a: Asian Dinner|383\/394|[from] move: Wish|[wisher] Asian Dinner
|-heal|p2a: Asian Dinner|394\/394|[from] item: Leftovers
|turn|11
|
|switch|p1a: Machamp|Machamp, F|364\/364
|move|p2a: Asian Dinner|Foul Play|p1a: Machamp
|-resisted|p1a: Machamp
|-damage|p1a: Machamp|256\/364
|
|turn|12
|
|move|p2a: Asian Dinner|Protect|p2a: Asian Dinner
|-singleturn|p2a: Asian Dinner|Protect
|move|p1a: Machamp|Dynamic Punch|p2a: Asian Dinner
|-activate|p2a: Asian Dinner|Protect
|
|turn|13
|
|switch|p2a: Pagan Slut|Roserade, F|303\/303
|move|p1a: Machamp|Dynamic Punch|p2a: Pagan Slut
|-resisted|p2a: Pagan Slut
|-damage|p2a: Pagan Slut|90\/303
|-start|p2a: Pagan Slut|confusion
|
|-heal|p2a: Pagan Slut|108\/303|[from] item: Black Sludge
|turn|14
|
|switch|p1a: Forretress|Forretress, F|354\/354
|-activate|p2a: Pagan Slut|confusion
|move|p2a: Pagan Slut|Sleep Powder|p1a: Forretress
|-status|p1a: Forretress|slp
|
|-heal|p2a: Pagan Slut|126\/303|[from] item: Black Sludge
|turn|15
|
|switch|p2a: Allah|Pidgeot-Mega, F|219\/307
|switch|p1a: Dugtrio|Dugtrio, M|201\/201
|
|turn|16
|
|move|p2a: Allah|Hurricane|p1a: Dugtrio
|-enditem|p1a: Dugtrio|Focus Sash
|-damage|p1a: Dugtrio|1\/201
|move|p1a: Dugtrio|Stone Edge|p2a: Allah
|-supereffective|p2a: Allah
|-damage|p2a: Allah|21\/307
|
|turn|17
|
|switch|p2a: Flotsam|Infernape, F|293\/293
|move|p1a: Dugtrio|Toxic|p2a: Flotsam
|-status|p2a: Flotsam|tox
|
|-damage|p2a: Flotsam|275\/293 tox|[from] psn
|turn|18
|
|switch|p1a: Swampert|Swampert, M|404\/404
|move|p2a: Flotsam|Mach Punch|p1a: Swampert
|-damage|p1a: Swampert|340\/404
|-damage|p2a: Flotsam|246\/293 tox|[from] item: Life Orb
|
|-heal|p1a: Swampert|365\/404|[from] item: Leftovers
|-damage|p2a: Flotsam|210\/293 tox|[from] psn
|turn|19
|
|move|p2a: Flotsam|Grass Knot|p1a: Swampert
|-supereffective|p1a: Swampert
|-damage|p1a: Swampert|11\/404
|-damage|p2a: Flotsam|181\/293 tox|[from] item: Life Orb
|move|p1a: Swampert|Stealth Rock|p2a: Flotsam
|-sidestart|p2: Adel Dazim|move: Stealth Rock
|
|-heal|p1a: Swampert|36\/404|[from] item: Leftovers
|-damage|p2a: Flotsam|127\/293 tox|[from] psn
|turn|20
|
|switch|p1a: Machamp|Machamp, F|256\/364
|move|p2a: Flotsam|Mach Punch|p1a: Machamp
|-damage|p1a: Machamp|162\/364
|-damage|p2a: Flotsam|98\/293 tox|[from] item: Life Orb
|
|-damage|p2a: Flotsam|26\/293 tox|[from] psn
|turn|21
|
|move|p2a: Flotsam|Mach Punch|p1a: Machamp
|-damage|p1a: Machamp|75\/364
|-damage|p2a: Flotsam|0 fnt|[from] item: Life Orb
|faint|p2a: Flotsam
|move|p1a: Machamp|Bullet Punch|p2: Flotsam|[notarget]
|-notarget
|
|
|switch|p2a: Jew Boy|Jirachi|341\/341
|-damage|p2a: Jew Boy|320\/341|[from] Stealth Rock
|turn|22
|
|switch|p1a: Forretress|Forretress, F|354\/354 slp
|move|p2a: Jew Boy|Iron Head|p1a: Forretress
|-resisted|p1a: Forretress
|-damage|p1a: Forretress|319\/354 slp
|
|-heal|p1a: Forretress|341\/354 slp|[from] item: Leftovers
|turn|23
|
|switch|p2a: QUACK|Swampert, M|260\/373
|-damage|p2a: QUACK|237\/373|[from] Stealth Rock
|cant|p1a: Forretress|slp
|
|-heal|p1a: Forretress|354\/354 slp|[from] item: Leftovers
|turn|24
|
|move|p2a: QUACK|Waterfall|p1a: Forretress
|-damage|p1a: Forretress|242\/354 slp
|cant|p1a: Forretress|slp
|
|-heal|p1a: Forretress|264\/354 slp|[from] item: Leftovers
|turn|25
|
|move|p2a: QUACK|Waterfall|p1a: Forretress
|-damage|p1a: Forretress|138\/354 slp
|-curestatus|p1a: Forretress|slp
|move|p1a: Forretress|Spikes|p2a: QUACK
|-sidestart|p2: Adel Dazim|Spikes
|
|-heal|p1a: Forretress|160\/354|[from] item: Leftovers
|turn|26
|
|move|p2a: QUACK|Waterfall|p1a: Forretress
|-damage|p1a: Forretress|45\/354
|move|p1a: Forretress|Spikes|p2a: QUACK
|-sidestart|p2: Adel Dazim|Spikes
|
|-heal|p1a: Forretress|67\/354|[from] item: Leftovers
|turn|27
|
|move|p2a: QUACK|Waterfall|p1a: Forretress
|-damage|p1a: Forretress|0 fnt
|faint|p1a: Forretress
|
|
|switch|p1a: Hydreigon|Hydreigon, M|27\/325
|turn|28
|
|move|p1a: Hydreigon|Draco Meteor|p2a: QUACK
|-damage|p2a: QUACK|0 fnt
|-unboost|p1a: Hydreigon|spa|2
|faint|p2a: QUACK
|
|
|switch|p2a: Jew Boy|Jirachi|320\/341
|-damage|p2a: Jew Boy|264\/341|[from] Spikes
|-damage|p2a: Jew Boy|243\/341|[from] Stealth Rock
|turn|29
|
|move|p2a: Jew Boy|Iron Head|p1a: Hydreigon
|-damage|p1a: Hydreigon|0 fnt
|faint|p1a: Hydreigon
|
|
|switch|p1a: Pidgeot|Pidgeot, F|307\/307
|turn|30
|
|detailschange|p1a: Pidgeot|Pidgeot-Mega, F
|message|Pidgeot has Mega Evolved into Mega Pidgeot!
|move|p2a: Jew Boy|Iron Head|p1a: Pidgeot
|-damage|p1a: Pidgeot|171\/307
|cant|p1a: Pidgeot|flinch
|
|turn|31
|
|move|p2a: Jew Boy|Iron Head|p1a: Pidgeot
|-crit|p1a: Pidgeot
|-damage|p1a: Pidgeot|0 fnt
|faint|p1a: Pidgeot
|
|
|switch|p1a: Swampert|Swampert, M|36\/404
|turn|32
|
|move|p2a: Jew Boy|Iron Head|p1a: Swampert
|-resisted|p1a: Swampert
|-damage|p1a: Swampert|0 fnt
|faint|p1a: Swampert
|
|
|switch|p1a: Machamp|Machamp, F|75\/364
|turn|33
|
|move|p2a: Jew Boy|Iron Head|p1a: Machamp
|-damage|p1a: Machamp|0 fnt
|faint|p1a: Machamp
|
|-message|JensenAcklesButt forfeited.
|
|win|Adel Dazim
|raw|Ladder updating...
|leave|JensenAcklesButt
|player|p1