|join|SCPilot
|join|Adel Dazim
|player|p1|SCPilot|290
|player|p2|Adel Dazim|78
|gametype|singles
|gen|6
|tier|UU
|rated
|rule|Sleep Clause Mod: Limit one foe put to sleep
|rule|Species Clause: Limit one of each PokÃ©mon
|rule|OHKO Clause: OHKO moves are banned
|rule|Moody Clause: Moody is banned
|rule|Evasion Moves Clause: Evasion moves are banned
|rule|Endless Battle Clause: Forcing endless battles is banned
|rule|HP Percentage Mod: HP is shown in percentages
|clearpoke
|poke|p1|Gallade, M
|poke|p1|Forretress, M
|poke|p1|Goodra, F
|poke|p1|Nidoking, M
|poke|p1|Diancie
|poke|p1|Alakazam, F
|poke|p2|Snorlax, M
|poke|p2|Trevenant, M
|poke|p2|Diancie
|poke|p2|Empoleon, M
|poke|p2|Aerodactyl, F
|poke|p2|Rotom-Heat
|rule|Swagger Clause: Swagger is banned
|rule|Baton Pass Clause: Limit one PokÃ©mon knowing Baton Pass
|teampreview
|c|âSCPilot|hf :]
|c|âAdel Dazim|gl hf :]
|
|start
|switch|p1a: Forretress|Forretress, M|353\/353
|switch|p2a: Big Nog|Snorlax, M|461\/461
|turn|1
|
|switch|p2a: Oswald|Empoleon, M|372\/372
|move|p1a: Forretress|Stealth Rock|p2a: Oswald
|-sidestart|p2: Adel Dazim|move: Stealth Rock
|
|turn|2
|
|move|p2a: Oswald|Defog|p1a: Forretress
|-unboost|p1a: Forretress|evasion|1
|-sideend|p2: Adel Dazim|Stealth Rock|[from] move: Defog|[of] p2a: Oswald
|move|p1a: Forretress|Volt Switch|p2a: Oswald
|-crit|p2a: Oswald
|-supereffective|p2a: Oswald
|-damage|p2a: Oswald|288\/372
|
|switch|p1a: Gallade|Gallade, M|277\/277
|
|-heal|p2a: Oswald|311\/372|[from] item: Leftovers
|turn|3
|
|switch|p2a: Literal Shit|Diancie|304\/304
|detailschange|p1a: Gallade|Gallade-Mega, M
|message|Gallade has Mega Evolved into Mega Gallade!
|move|p1a: Gallade|Swords Dance|p1a: Gallade
|-boost|p1a: Gallade|atk|2
|
|turn|4
|
|move|p1a: Gallade|Close Combat|p2a: Literal Shit
|-damage|p2a: Literal Shit|15\/304
|-unboost|p1a: Gallade|def|1
|-unboost|p1a: Gallade|spd|1
|move|p2a: Literal Shit|Moonblast|p1a: Gallade
|-supereffective|p1a: Gallade
|-damage|p1a: Gallade|0 fnt
|faint|p1a: Gallade
|
|-heal|p2a: Literal Shit|34\/304|[from] item: Leftovers
|c|âSCPilot|Oh shit
|c|âSCPilot|Hello tank
|
|switch|p1a: Nidoking|Nidoking, M|303\/303
|turn|5
|c|âAdel Dazim|you better believe it
|
|move|p1a: Nidoking|Poison Jab|p2a: Literal Shit
|-damage|p2a: Literal Shit|0 fnt
|faint|p2a: Literal Shit
|
|c|âSCPilot|I use it and that's still surprising
|
|switch|p2a: Anorexic Fossil|Aerodactyl, F|301\/301
|-ability|p2a: Anorexic Fossil|Unnerve|p1: SCPilot
|turn|6
|
|switch|p1a: Forretress|Forretress, M|353\/353
|detailschange|p2a: Anorexic Fossil|Aerodactyl-Mega, F
|message|Aerodactyl has Mega Evolved into Mega Aerodactyl!
|move|p2a: Anorexic Fossil|Earthquake|p1a: Forretress
|-damage|p1a: Forretress|288\/353
|
|-heal|p1a: Forretress|310\/353|[from] item: Leftovers
|turn|7
|
|switch|p2a: Bagel Bite|Rotom-Heat|241\/241
|move|p1a: Forretress|Volt Switch|p2a: Bagel Bite
|-resisted|p2a: Bagel Bite
|-damage|p2a: Bagel Bite|224\/241
|
|switch|p1a: Goodra|Goodra, F|383\/383
|
|turn|8
|
|move|p2a: Bagel Bite|Trick|p1a: Goodra
|-activate|p2a: Bagel Bite|move: Trick|[of] p1a: Goodra
|-item|p1a: Goodra|Choice Scarf|[from] move: Trick
|-item|p2a: Bagel Bite|Assault Vest|[from] move: Trick
|move|p1a: Goodra|Dragon Pulse|p2a: Bagel Bite
|-damage|p2a: Bagel Bite|127\/241
|
|turn|9
|
|switch|p1a: Nidoking|Nidoking, M|303\/303
|move|p2a: Bagel Bite|Volt Switch|p1a: Nidoking
|-immune|p1a: Nidoking|[msg]
|
|turn|10
|
|move|p2a: Bagel Bite|Overheat|p1a: Nidoking
|-damage|p1a: Nidoking|47\/303
|-unboost|p2a: Bagel Bite|spa|2
|move|p1a: Nidoking|Poison Jab|p2a: Bagel Bite
|-crit|p2a: Bagel Bite
|-damage|p2a: Bagel Bite|0 fnt
|faint|p2a: Bagel Bite
|
|
|switch|p2a: Anorexic Fossil|Aerodactyl-Mega, F|301\/301
|turn|11
|
|switch|p1a: Forretress|Forretress, M|310\/353
|move|p2a: Anorexic Fossil|Earthquake|p1a: Forretress
|-crit|p1a: Forretress
|-damage|p1a: Forretress|199\/353
|
|-heal|p1a: Forretress|221\/353|[from] item: Leftovers
|turn|12
|
|move|p2a: Anorexic Fossil|Hone Claws|p2a: Anorexic Fossil
|-boost|p2a: Anorexic Fossil|atk|1
|-boost|p2a: Anorexic Fossil|accuracy|1
|move|p1a: Forretress|Stealth Rock|p2a: Anorexic Fossil
|-sidestart|p2: Adel Dazim|move: Stealth Rock
|
|-heal|p1a: Forretress|243\/353|[from] item: Leftovers
|turn|13
|
|move|p2a: Anorexic Fossil|Stone Edge|p1a: Forretress
|-damage|p1a: Forretress|93\/353
|move|p1a: Forretress|Volt Switch|p2a: Anorexic Fossil
|-supereffective|p2a: Anorexic Fossil
|-damage|p2a: Anorexic Fossil|223\/301
|
|switch|p1a: Diancie|Diancie|303\/303
|
|turn|14
|
|move|p2a: Anorexic Fossil|Earthquake|p1a: Diancie
|-supereffective|p1a: Diancie
|-damage|p1a: Diancie|119\/303
|move|p1a: Diancie|Reflect|p1a: Diancie
|-sidestart|p1: SCPilot|Reflect
|
|turn|15
|
|move|p2a: Anorexic Fossil|Hone Claws|p2a: Anorexic Fossil
|-boost|p2a: Anorexic Fossil|atk|1
|-boost|p2a: Anorexic Fossil|accuracy|1
|move|p1a: Diancie|Diamond Storm|p2a: Anorexic Fossil
|-supereffective|p2a: Anorexic Fossil
|-damage|p2a: Anorexic Fossil|0 fnt
|faint|p2a: Anorexic Fossil
|
|
|switch|p2a: Kolima|Trevenant, M|365\/365
|-damage|p2a: Kolima|320\/365|[from] Stealth Rock
|turn|16
|
|move|p2a: Kolima|Substitute|p2a: Kolima
|-start|p2a: Kolima|Substitute
|-damage|p2a: Kolima|229\/365
|move|p1a: Diancie|Diamond Storm|p2a: Kolima
|-end|p2a: Kolima|Substitute
|
|turn|17
|
|move|p2a: Kolima|Horn Leech|p1a: Diancie
|-supereffective|p1a: Diancie
|-damage|p1a: Diancie|68\/303
|-heal|p2a: Kolima|255\/365|[from] drain|[of] p1a: Diancie
|move|p1a: Diancie|Diamond Storm|p2a: Kolima
|-damage|p2a: Kolima|153\/365
|-enditem|p2a: Kolima|Sitrus Berry|[eat]
|-heal|p2a: Kolima|244\/365|[from] item: Sitrus Berry
|
|turn|18
|
|move|p2a: Kolima|Will-O-Wisp|p1a: Diancie|[miss]
|-miss|p2a: Kolima|p1a: Diancie
|move|p1a: Diancie|Moonblast|p2a: Kolima
|-damage|p2a: Kolima|106\/365
|
|-item|p2a: Kolima|Sitrus Berry|[from] ability: Harvest
|-enditem|p2a: Kolima|Sitrus Berry|[eat]
|-heal|p2a: Kolima|197\/365|[from] item: Sitrus Berry
|turn|19
|
|move|p2a: Kolima|Will-O-Wisp|p1a: Diancie
|-status|p1a: Diancie|brn
|move|p1a: Diancie|Moonblast|p2a: Kolima
|-crit|p2a: Kolima
|-damage|p2a: Kolima|0 fnt
|faint|p2a: Kolima
|
|-damage|p1a: Diancie|31\/303 brn|[from] brn
|
|switch|p2a: Big Nog|Snorlax, M|461\/461
|-damage|p2a: Big Nog|404\/461|[from] Stealth Rock
|turn|20
|c|âSCPilot|Sorry
|c|âAdel Dazim|its cool
|
|move|p1a: Diancie|Reflect|p1a: Diancie
|-fail|p1a: Diancie
|move|p2a: Big Nog|Earthquake|p1a: Diancie
|-supereffective|p1a: Diancie
|-damage|p1a: Diancie|0 fnt
|faint|p1a: Diancie
|
|c|âAdel Dazim|you didn't need to do that
|
|switch|p1a: Forretress|Forretress, M|93\/353
|turn|21
|c|âAdel Dazim|didn't change much
|
|move|p1a: Forretress|Spikes|p2a: Big Nog
|-sidestart|p2: Adel Dazim|Spikes
|move|p2a: Big Nog|Earthquake|p1a: Forretress
|-damage|p1a: Forretress|62\/353
|
|-heal|p1a: Forretress|84\/353|[from] item: Leftovers
|-sideend|p1: SCPilot|Reflect
|turn|22
|c|âSCPilot|Meh
|
|move|p1a: Forretress|Spikes|p2a: Big Nog
|-sidestart|p2: Adel Dazim|Spikes
|move|p2a: Big Nog|Earthquake|p1a: Forretress
|-damage|p1a: Forretress|14\/353
|
|-heal|p1a: Forretress|36\/353|[from] item: Leftovers
|turn|23
|
|move|p1a: Forretress|Spikes|p2a: Big Nog
|-sidestart|p2: Adel Dazim|Spikes
|move|p2a: Big Nog|Earthquake|p1a: Forretress
|-damage|p1a: Forretress|0 fnt
|faint|p1a: Forretress
|
|
|switch|p1a: Nidoking|Nidoking, M|47\/303
|turn|24
|
|move|p1a: Nidoking|Poison Jab|p2a: Big Nog
|-damage|p2a: Big Nog|190\/461
|move|p2a: Big Nog|Frustration|p1a: Nidoking
|-damage|p1a: Nidoking|0 fnt
|faint|p1a: Nidoking
|
|
|switch|p1a: Alakazam|Alakazam, F|251\/251
|turn|25
|
|move|p1a: Alakazam|Focus Blast|p2a: Big Nog|[miss]
|-miss|p1a: Alakazam|p2a: Big Nog
|move|p2a: Big Nog|Frustration|p1a: Alakazam
|-damage|p1a: Alakazam|0 fnt
|faint|p1a: Alakazam
|
|c|âAdel Dazim|return hax
|
|switch|p1a: Goodra|Goodra, F|383\/383
|turn|26
|
|move|p1a: Goodra|Focus Blast|p2a: Big Nog
|-supereffective|p2a: Big Nog
|-damage|p2a: Big Nog|28\/461
|move|p2a: Big Nog|Frustration|p1a: Goodra
|-damage|p1a: Goodra|139\/383
|-unboost|p2a: Big Nog|spe|1
|
|turn|27
|
|move|p1a: Goodra|Focus Blast|p2a: Big Nog
|-supereffective|p2a: Big Nog
|-damage|p2a: Big Nog|0 fnt
|faint|p2a: Big Nog
|
|
|switch|p2a: Oswald|Empoleon, M|311\/372
|-damage|p2a: Oswald|288\/372|[from] Stealth Rock
|-damage|p2a: Oswald|195\/372|[from] Spikes
|turn|28
|c|âSCPilot|gg
|
|move|p1a: Goodra|Focus Blast|p2a: Oswald|[miss]
|-miss|p1a: Goodra|p2a: Oswald
|move|p2a: Oswald|Ice Beam|p1a: Goodra
|-supereffective|p1a: Goodra
|-damage|p1a: Goodra|29\/383
|-status|p1a: Goodra|frz
|
|-heal|p2a: Oswald|218\/372|[from] item: Leftovers
|turn|29
|c|âAdel Dazim|gg
|c|âSCPilot|OH.
|c|âSCPilot|oh
|
|cant|p1a: Goodra|frz
|move|p2a: Oswald|Ice Beam|p1a: Goodra
|-supereffective|p1a: Goodra
|-damage|p1a: Goodra|0 fnt
|faint|p1a: Goodra
|
|win|Adel Dazim
|raw|Ladder updating...
|c|âSCPilot|oh
|c|âSCPilot|gg
|raw|SCPilot's rating: 1260 &rarr; <strong>1231<\/strong><br \/>(-29 for losing)
|raw|Adel Dazim's rating: 1200 &rarr; <strong>1229<\/strong><br \/>(+29 for winning)
|c|âAdel Dazim|thats why you didn't need to do that
|leave|SCPilot
|player|p1