|join|Adel Dazim
|join|whatevers
|player|p1|Adel Dazim|78
|player|p2|whatevers|170
|gametype|singles
|gen|6
|tier|UU
|rated
|rule|Sleep Clause Mod: Limit one foe put to sleep
|rule|Species Clause: Limit one of each PokÃ©mon
|rule|OHKO Clause: OHKO moves are banned
|rule|Moody Clause: Moody is banned
|rule|Evasion Moves Clause: Evasion moves are banned
|rule|Endless Battle Clause: Forcing endless battles is banned
|rule|HP Percentage Mod: HP is shown in percentages
|clearpoke
|poke|p1|Nidoking, M
|poke|p1|Infernape, M
|poke|p1|Aggron, F
|poke|p1|Florges, F
|poke|p1|Celebi
|poke|p1|Crobat, F
|poke|p2|Flygon, M
|poke|p2|Klinklang
|poke|p2|Absol, F
|poke|p2|Magneton
|poke|p2|Celebi
|poke|p2|Ditto
|rule|Swagger Clause: Swagger is banned
|rule|Baton Pass Clause: Limit one PokÃ©mon knowing Baton Pass
|teampreview
|
|start
|switch|p1a: Very Original Core|Aggron, F|344\/344
|switch|p2a: Flygon|Flygon, M|301\/301
|turn|1
|
|detailschange|p1a: Very Original Core|Aggron-Mega, F
|message|Aggron has Mega Evolved into Mega Aggron!
|move|p2a: Flygon|Earthquake|p1a: Very Original Core
|-supereffective|p1a: Very Original Core
|-damage|p1a: Very Original Core|230\/344
|move|p1a: Very Original Core|Stealth Rock|p2a: Flygon
|-sidestart|p2: whatevers|move: Stealth Rock
|
|turn|2
|
|switch|p2a: Magneton|Magneton|261\/261
|-damage|p2a: Magneton|245\/261|[from] Stealth Rock
|switch|p1a: Poopyhead Meanie|Crobat, F|311\/311
|
|turn|3
|
|switch|p1a: Gio|Nidoking, M|303\/303
|switch|p2a: Flygon|Flygon, M|301\/301
|-damage|p2a: Flygon|283\/301|[from] Stealth Rock
|
|turn|4
|
|switch|p1a: Very Original Core|Florges, F|360\/360
|move|p2a: Flygon|Defog|p1a: Very Original Core
|-unboost|p1a: Very Original Core|evasion|1
|-sideend|p2: whatevers|Stealth Rock|[from] move: Defog|[of] p2a: Flygon
|
|turn|5
|
|switch|p2a: Celebi|Celebi|342\/342
|move|p1a: Very Original Core|Moonblast|p2a: Celebi
|-damage|p2a: Celebi|230\/342
|-unboost|p2a: Celebi|spa|1
|
|turn|6
|
|switch|p1a: Flotsam|Infernape, M|293\/293
|move|p2a: Celebi|U-turn|p1a: Flotsam
|-resisted|p1a: Flotsam
|-damage|p1a: Flotsam|260\/293
|
|switch|p2a: Flygon|Flygon, M|283\/301
|
|turn|7
|
|move|p1a: Flotsam|U-turn|p2a: Flygon
|-damage|p2a: Flygon|197\/301
|
|switch|p1a: Poopyhead Meanie|Crobat, F|311\/311
|move|p2a: Flygon|Rock Slide|p1a: Poopyhead Meanie
|-supereffective|p1a: Poopyhead Meanie
|-damage|p1a: Poopyhead Meanie|135\/311
|
|-heal|p1a: Poopyhead Meanie|154\/311|[from] item: Black Sludge
|turn|8
|
|switch|p1a: Gio|Nidoking, M|303\/303
|move|p2a: Flygon|Rock Slide|p1a: Gio
|-resisted|p1a: Gio
|-damage|p1a: Gio|261\/303
|
|turn|9
|
|switch|p2a: Magneton|Magneton|245\/261
|move|p1a: Gio|Poison Jab|p2a: Magneton
|-immune|p2a: Magneton|[msg]
|
|turn|10
|
|switch|p2a: Flygon|Flygon, M|197\/301
|move|p1a: Gio|Earth Power|p2a: Flygon
|-immune|p2a: Flygon|[msg]
|
|turn|11
|
|switch|p1a: Very Original Core|Aggron-Mega, F|230\/344
|move|p2a: Flygon|U-turn|p1a: Very Original Core
|-resisted|p1a: Very Original Core
|-damage|p1a: Very Original Core|213\/344
|
|switch|p2a: Magneton|Magneton|245\/261
|
|turn|12
|
|move|p2a: Magneton|Thunderbolt|p1a: Very Original Core
|-crit|p1a: Very Original Core
|-damage|p1a: Very Original Core|0 fnt
|faint|p1a: Very Original Core
|
|
|switch|p1a: Gio|Nidoking, M|261\/303
|turn|13
|
|switch|p2a: Celebi|Celebi|230\/342
|move|p1a: Gio|Superpower|p2a: Celebi
|-resisted|p2a: Celebi
|-damage|p2a: Celebi|157\/342
|-unboost|p1a: Gio|atk|1
|-unboost|p1a: Gio|def|1
|-damage|p1a: Gio|231\/303|[from] item: Life Orb
|
|turn|14
|
|switch|p1a: Poopyhead Meanie|Crobat, F|154\/311
|move|p2a: Celebi|Zen Headbutt|p1a: Poopyhead Meanie
|-supereffective|p1a: Poopyhead Meanie
|-damage|p1a: Poopyhead Meanie|0 fnt
|faint|p1a: Poopyhead Meanie
|
|
|switch|p1a: Flotsam|Infernape, M|260\/293
|turn|15
|
|switch|p2a: Klinklang|Klinklang|324\/324
|move|p1a: Flotsam|U-turn|p2a: Klinklang
|-resisted|p2a: Klinklang
|-damage|p2a: Klinklang|293\/324
|
|switch|p1a: Gio|Nidoking, M|231\/303
|
|turn|16
|
|switch|p2a: Flygon|Flygon, M|197\/301
|move|p1a: Gio|Earth Power|p2a: Flygon
|-immune|p2a: Flygon|[msg]
|
|turn|17
|
|move|p1a: Gio|Sucker Punch|p2a: Flygon
|-damage|p2a: Flygon|83\/301
|-damage|p1a: Gio|201\/303|[from] item: Life Orb
|move|p2a: Flygon|Earthquake|p1a: Gio
|-supereffective|p1a: Gio
|-damage|p1a: Gio|0 fnt
|faint|p1a: Gio
|
|
|switch|p1a: Fairy Boy|Celebi|341\/341
|turn|18
|
|switch|p2a: Ditto|Ditto|300\/300
|-transform|p2a: Ditto|p1a: Fairy Boy
|move|p1a: Fairy Boy|Nasty Plot|p1a: Fairy Boy
|-boost|p1a: Fairy Boy|spa|2
|
|turn|19
|
|switch|p2a: Klinklang|Klinklang|293\/324
|move|p1a: Fairy Boy|Nasty Plot|p1a: Fairy Boy
|-boost|p1a: Fairy Boy|spa|2
|
|turn|20
|
|switch|p1a: Flotsam|Infernape, M|260\/293
|move|p2a: Klinklang|Return|p1a: Flotsam
|-damage|p1a: Flotsam|111\/293
|
|turn|21
|
|move|p1a: Flotsam|Flare Blitz|p2a: Klinklang
|-supereffective|p2a: Klinklang
|-damage|p2a: Klinklang|0 fnt
|-damage|p1a: Flotsam|14\/293|[from] recoil|[of] p2a: Klinklang
|faint|p2a: Klinklang
|
|
|switch|p2a: Ditto|Ditto|300\/300
|-transform|p2a: Ditto|p1a: Flotsam
|turn|22
|
|switch|p1a: Very Original Core|Florges, F|360\/360
|move|p2a: Ditto|U-turn|p1a: Very Original Core
|-resisted|p1a: Very Original Core
|-damage|p1a: Very Original Core|327\/360
|
|switch|p2a: Magneton|Magneton|245\/261
|
|-heal|p1a: Very Original Core|349\/360|[from] item: Leftovers
|turn|23
|
|move|p1a: Very Original Core|Protect|p1a: Very Original Core
|-singleturn|p1a: Very Original Core|Protect
|move|p2a: Magneton|Flash Cannon|p1a: Very Original Core
|-activate|p1a: Very Original Core|Protect
|
|-heal|p1a: Very Original Core|360\/360|[from] item: Leftovers
|turn|24
|
|move|p2a: Magneton|Flash Cannon|p1a: Very Original Core
|-crit|p1a: Very Original Core
|-supereffective|p1a: Very Original Core
|-damage|p1a: Very Original Core|0 fnt
|faint|p1a: Very Original Core
|
|
|switch|p1a: Flotsam|Infernape, M|14\/293
|turn|25
|
|move|p1a: Flotsam|Close Combat|p2a: Magneton
|-supereffective|p2a: Magneton
|-damage|p2a: Magneton|0 fnt
|-unboost|p1a: Flotsam|def|1
|-unboost|p1a: Flotsam|spd|1
|faint|p2a: Magneton
|
|
|switch|p2a: Absol|Absol, F|272\/272
|-ability|p2a: Absol|Pressure
|turn|26
|
|detailschange|p2a: Absol|Absol-Mega, F
|message|Absol has Mega Evolved into Mega Absol!
|move|p2a: Absol|Sucker Punch|p1a: Flotsam
|-resisted|p1a: Flotsam
|-damage|p1a: Flotsam|0 fnt
|faint|p1a: Flotsam
|
|
|switch|p1a: Fairy Boy|Celebi|341\/341
|turn|27
|
|move|p2a: Absol|Knock Off|p1a: Fairy Boy
|-supereffective|p1a: Fairy Boy
|-damage|p1a: Fairy Boy|0 fnt
|-enditem|p1a: Fairy Boy|Life Orb|[from] move: Knock Off|[of] p2a: Absol
|faint|p1a: Fairy Boy
|
|win|whatevers
|raw|Ladder updating...
|c|âAdel Dazim|gg
|c|âwhatevers|gg
|leave|Adel Dazim
|player|p1
|raw|Adel Dazim's rating: 1151 &rarr; <strong>1120<\/strong><br \/>(-31 for losing)
|raw|whatevers's rating: 1058 &rarr; <strong>1097<\/strong><br \/>(+39 for winning)