|join|CleanerThanRotom-W
|join|muk the kid
|player|p1|CleanerThanRotom-W|226
|player|p2|muk the kid|170
|gametype|singles
|gen|6
|tier|OU
|rated
|clearpoke
|poke|p1|Sableye, M
|poke|p1|Chansey, F
|poke|p1|Cresselia, F
|poke|p1|Gothitelle, F
|poke|p1|Skarmory, M
|poke|p1|Quagsire, M
|poke|p2|Thundurus, M
|poke|p2|Landorus, M
|poke|p2|Azelf
|poke|p2|Bisharp, M
|poke|p2|Metagross
|poke|p2|Keldeo
|rule|Swagger Clause: Swagger is banned
|rule|Baton Pass Clause: Limit one PokÃ©mon knowing Baton Pass
|rule|Sleep Clause Mod: Limit one foe put to sleep
|rule|Species Clause: Limit one of each PokÃ©mon
|rule|OHKO Clause: OHKO moves are banned
|rule|Moody Clause: Moody is banned
|rule|Evasion Moves Clause: Evasion moves are banned
|rule|Endless Battle Clause: Forcing endless battles is banned
|rule|HP Percentage Mod: HP is shown in percentages
|teampreview
|join|y4
|join|C Le Fairy
|join|gobosox
|
|start
|switch|p1a: Sableye|Sableye, M|303\/303
|switch|p2a: Azelf|Azelf|291\/291
|turn|1
|join|Apathos
|
|switch|p2a: Keldeo|Keldeo|323\/323
|move|p1a: Sableye|Snarl|p2a: Keldeo
|-resisted|p2a: Keldeo
|-damage|p2a: Keldeo|296\/323
|-boost|p2a: Keldeo|atk|1|[from] ability: Justified
|-unboost|p2a: Keldeo|spa|1
|
|turn|2
|join|Omegasization
|join|el capitan grande
|
|detailschange|p1a: Sableye|Sableye-Mega, M
|-mega|p1a: Sableye|Sableye|Sablenite
|move|p1a: Sableye|Will-O-Wisp|p2a: Keldeo
|-status|p2a: Keldeo|brn
|move|p2a: Keldeo|Scald|p1a: Sableye
|-damage|p1a: Sableye|215\/303
|
|-damage|p2a: Keldeo|256\/323 brn|[from] brn
|turn|3
|c| Omegasization|should i get more people to stalk him Y\/N
|c|âCleanerThanRotom-W|n
|c| el capitan grande|y
|
|switch|p1a: Gothitelle|Gothitelle, F|301\/301
|move|p2a: Keldeo|Scald|p1a: Gothitelle
|-damage|p1a: Gothitelle|166\/301
|-status|p1a: Gothitelle|brn
|
|-damage|p1a: Gothitelle|129\/301 brn|[from] brn
|-damage|p2a: Keldeo|216\/323 brn|[from] brn
|turn|4
|join|TheAFKSun
|join|goldkrper
|join|Boehijt
|
|move|p1a: Gothitelle|Psychic|p2a: Keldeo
|-supereffective|p2a: Keldeo
|-damage|p2a: Keldeo|0 fnt
|faint|p2a: Keldeo
|
|-damage|p1a: Gothitelle|92\/301 brn|[from] brn
|join|Mangasapje
|join|Thompson129
|
|switch|p2a: Bisharp|Bisharp, M|271\/271
|turn|5
|c| Thompson129|lol Omega
|
|switch|p1a: Quagsire|Quagsire, M|393\/393
|move|p2a: Bisharp|Knock Off|p1a: Quagsire
|-damage|p1a: Quagsire|220\/393
|-enditem|p1a: Quagsire|Leftovers|[from] move: Knock Off|[of] p2a: Bisharp
|-damage|p2a: Bisharp|244\/271|[from] item: Life Orb
|
|turn|6
|c| Omegasization|hue
|join|SketchUp
|c| y4|gknot
|c| y4|ffs
|join|Tom Green
|
|switch|p2a: Landorus|Landorus, M|319\/319
|move|p1a: Quagsire|Recover|p1a: Quagsire
|-heal|p1a: Quagsire|393\/393
|
|turn|7
|leave|Thompson129
|join|mouse de frank
|leave|SketchUp
|leave|Boehijt
|
|switch|p2a: Metagross|Metagross|301\/301
|switch|p1a: Cresselia|Cresselia, F|444\/444
|
|turn|8
|
|switch|p1a: Skarmory|Skarmory, M|334\/334
|detailschange|p2a: Metagross|Metagross-Mega
|-mega|p2a: Metagross|Metagross|Metagrossite
|move|p2a: Metagross|Meteor Mash|p1a: Skarmory
|-resisted|p1a: Skarmory
|-damage|p1a: Skarmory|264\/334
|
|turn|9
|
|switch|p2a: Azelf|Azelf|291\/291
|move|p1a: Skarmory|Roost|p1a: Skarmory
|-heal|p1a: Skarmory|334\/334
|
|turn|10
|join|Michielleus
|
|switch|p1a: Sableye|Sableye-Mega, M|215\/303
|move|p2a: Azelf|Fire Blast|p1a: Sableye
|-damage|p1a: Sableye|149\/303
|
|turn|11
|join|Play2Win
|
|switch|p2a: Metagross|Metagross-Mega|301\/301
|move|p1a: Sableye|Recover|p1a: Sableye
|-heal|p1a: Sableye|301\/303
|
|turn|12
|
|move|p2a: Metagross|Meteor Mash|p1a: Sableye
|-damage|p1a: Sableye|124\/303
|move|p1a: Sableye|Will-O-Wisp|p2a: Metagross
|-status|p2a: Metagross|brn
|
|-damage|p2a: Metagross|264\/301 brn|[from] brn
|turn|13
|-message|muk the kid forfeited.
|
|win|CleanerThanRotom-W
|raw|Ladder updating...
|leave|muk the kid
|player|p2
|raw|CleanerThanRotom-W's rating: 1848 &rarr; <strong>1861<\/strong><br \/>(+13 for winning)
|raw|muk the kid's rating: 1715 &rarr; <strong>1702<\/strong><br \/>(-13 for losing)
|c| goldkrper|does youre whole team know a healing move?
|leave|y4
|c| goldkrper|cleaner
|leave|C Le Fairy
|leave|Apathos
|leave|Michielleus
|leave|Play2Win
|leave|mouse de frank
|leave|goldkrper
|leave|TheAFKSun
|join|Alldaalts
|leave|Mangasapje
|leave|el capitan grande
|join|sjoerd778
|join|troller67890
|join|el capitan grande
|leave|el capitan grande
|leave|sjoerd778
|join|Play2Win
|join|sjoerd778
|leave|Play2Win
|leave|gobosox
|join|Mangasapje
|leave|Mangasapje
|leave|troller67890
|leave|Omegasization