|join|LadySovereign
|join|Muk the kid
|player|p1|LadySovereign|211
|player|p2|Muk the kid|256
|gametype|singles
|gen|6
|tier|OU
|rated
|clearpoke
|poke|p1|Gyarados, F
|poke|p1|Celebi
|poke|p1|Gliscor, F
|poke|p1|Scizor, M
|poke|p1|Alakazam, F
|poke|p1|Mamoswine, M
|poke|p2|Diggersby, F
|poke|p2|Rotom-Wash
|poke|p2|Lopunny, M
|poke|p2|Azumarill, F
|poke|p2|Heatran, M
|poke|p2|Gengar, M
|rule|Swagger Clause: Swagger is banned
|rule|Baton Pass Clause: Limit one PokÃ©mon knowing Baton Pass
|rule|Sleep Clause Mod: Limit one foe put to sleep
|rule|Species Clause: Limit one of each PokÃ©mon
|rule|OHKO Clause: OHKO moves are banned
|rule|Moody Clause: Moody is banned
|rule|Evasion Moves Clause: Evasion moves are banned
|rule|Endless Battle Clause: Forcing endless battles is banned
|rule|HP Percentage Mod: HP is shown in percentages
|teampreview
|join|dumb dickhead
|join|CFTC DBZ SSJ3 V3
|
|start
|switch|p1a: Celebi|Celebi|403\/403
|switch|p2a: Lopunny|Lopunny, M|271\/271
|turn|1
|
|switch|p1a: Gyarados|Gyarados, F|393\/393
|-ability|p1a: Gyarados|Intimidate|[of] p2a: Lopunny
|-unboost|p2a: Lopunny|atk|1
|detailschange|p2a: Lopunny|Lopunny-Mega, M
|-mega|p2a: Lopunny|Lopunny|Lopunnite
|move|p2a: Lopunny|Fake Out|p1a: Gyarados
|-damage|p1a: Gyarados|345\/393
|
|turn|2
|join|Altilt
|
|move|p2a: Lopunny|Return|p1a: Gyarados
|-damage|p1a: Gyarados|236\/393
|move|p1a: Gyarados|Crunch|p2a: Lopunny
|-resisted|p2a: Lopunny
|-damage|p2a: Lopunny|235\/271
|
|turn|3
|c|âMuk the kid|the fuck
|
|switch|p2a: Azumarill|Azumarill, F|401\/401
|move|p1a: Gyarados|Waterfall|p2a: Azumarill
|-resisted|p2a: Azumarill
|-damage|p2a: Azumarill|333\/401
|
|turn|4
|leave|dumb dickhead
|c|âMuk the kid|kid
|
|switch|p1a: Scizor|Scizor, M|281\/281
|move|p2a: Azumarill|Knock Off|p1a: Scizor
|-damage|p1a: Scizor|71\/281
|-enditem|p1a: Scizor|Choice Scarf|[from] move: Knock Off|[of] p2a: Azumarill
|
|turn|5
|c| CFTC DBZ SSJ3 V3|?\
|
|switch|p2a: Rotom-Wash|Rotom-Wash|303\/303
|move|p1a: Scizor|U-turn|p2a: Rotom-Wash
|-damage|p2a: Rotom-Wash|215\/303
|c|âMuk the kid|this kid is trash
|
|switch|p1a: Celebi|Celebi|403\/403
|
|-heal|p2a: Rotom-Wash|233\/303|[from] item: Leftovers
|turn|6
|
|switch|p2a: Heatran|Heatran, M|385\/385
|move|p1a: Celebi|Stealth Rock|p2a: Heatran
|-sidestart|p2: Muk the kid|move: Stealth Rock
|
|turn|7
|
|switch|p1a: Gyarados|Gyarados, F|236\/393
|-ability|p1a: Gyarados|Intimidate|[of] p2a: Heatran
|-unboost|p2a: Heatran|atk|1
|move|p2a: Heatran|Stealth Rock|p1a: Gyarados
|-sidestart|p1: LadySovereign|move: Stealth Rock
|
|turn|8
|
|switch|p2a: Azumarill|Azumarill, F|333\/401
|-damage|p2a: Azumarill|283\/401|[from] Stealth Rock
|switch|p1a: Scizor|Scizor, M|71\/281
|-damage|p1a: Scizor|36\/281|[from] Stealth Rock
|
|turn|9
|join|Rock Throw
|c| Rock Throw|heh
|c| Rock Throw|heh
|
|move|p1a: Scizor|Bullet Punch|p2a: Azumarill
|-damage|p2a: Azumarill|144\/401
|move|p2a: Azumarill|Aqua Jet|p1a: Scizor
|-damage|p1a: Scizor|0 fnt
|faint|p1a: Scizor
|
|c| Rock Throw|HEH
|c| CFTC DBZ SSJ3 V3|iklllllllllllllllllllllllllllllllllllllllll
|c|âMuk the kid|thiskid is baddd
|c| CFTC DBZ SSJ3 V3|ppppppppppppppppp
|c| CFTC DBZ SSJ3 V3|ppppppppppppp00000000
|c| Rock Throw|he just donked you lmao
|c| Rock Throw|he can literally
|c| Rock Throw|obliterate you
|c| Rock Throw|with +1 dos
|c|âMuk the kid|how did he donk me
|c|âMuk the kid|no he cant
|c|âMuk the kid|hes at like 40%
|c| Rock Throw|oh
|c|âMuk the kid|and i have priority
|
|switch|p1a: Celebi|Celebi|403\/403
|-damage|p1a: Celebi|353\/403|[from] Stealth Rock
|turn|10
|c| Rock Throw|kid couldn't even keep it healthy...
|c| CFTC DBZ SSJ3 V3|i think an actual donk would be staying in and gigaing with celebi
|join|lyfj
|c| Rock Throw|smh @ bads like c0mp
|c| CFTC DBZ SSJ3 V3|instead of going to scizor
|join|lil manaphy
|
|switch|p1a: Gyarados|Gyarados, F|236\/393
|-damage|p1a: Gyarados|138\/393|[from] Stealth Rock
|-ability|p1a: Gyarados|Intimidate|[of] p2a: Azumarill
|-unboost|p2a: Azumarill|atk|1
|switch|p2a: Heatran|Heatran, M|385\/385
|-damage|p2a: Heatran|337\/385|[from] Stealth Rock
|
|-heal|p2a: Heatran|361\/385|[from] item: Leftovers
|turn|11
|c| CFTC DBZ SSJ3 V3|SCIZOR WHY
|c| Rock Throw|ayy lmao
|
|move|p2a: Heatran|Taunt|p1a: Gyarados
|-start|p1a: Gyarados|move: Taunt
|cant|p1a: Gyarados|move: Taunt|Rest
|
|-heal|p2a: Heatran|385\/385|[from] item: Leftovers
|turn|12
|c| Rock Throw|UMMMM
|
|switch|p2a: Rotom-Wash|Rotom-Wash|233\/303
|-damage|p2a: Rotom-Wash|196\/303|[from] Stealth Rock
|move|p1a: Gyarados|Waterfall|p2a: Rotom-Wash
|-resisted|p2a: Rotom-Wash
|-damage|p2a: Rotom-Wash|152\/303
|
|-heal|p2a: Rotom-Wash|170\/303|[from] item: Leftovers
|turn|13
|c| Rock Throw|could this be the legendary
|c| Rock Throw|monostab
|c| Rock Throw|resttalk
|c| Rock Throw|megados
|c| Rock Throw|?!?!
|c| CFTC DBZ SSJ3 V3|its crunch
|
|switch|p1a: Celebi|Celebi|353\/403
|-damage|p1a: Celebi|303\/403|[from] Stealth Rock
|move|p2a: Rotom-Wash|Volt Switch|p1a: Celebi
|-resisted|p1a: Celebi
|-damage|p1a: Celebi|265\/403
|c| CFTC DBZ SSJ3 V3|watefall
|
|switch|p2a: Gengar|Gengar, M|261\/261
|-damage|p2a: Gengar|229\/261|[from] Stealth Rock
|
|-heal|p1a: Celebi|290\/403|[from] item: Leftovers
|turn|14
|c| Rock Throw|wy=ut the fuck
|c| Rock Throw|';
|c| Rock Throw|klm[l
|c| Rock Throw|'m
|c| Rock Throw|'...
|c| Rock Throw|ladder iz bad
|
|move|p2a: Gengar|Sludge Wave|p1a: Celebi
|-supereffective|p1a: Celebi
|-damage|p1a: Celebi|0 fnt
|-damage|p2a: Gengar|203\/261|[from] item: Life Orb
|faint|p1a: Celebi
|
|
|switch|p1a: Mamoswine|Mamoswine, M|361\/361
|-damage|p1a: Mamoswine|316\/361|[from] Stealth Rock
|turn|15
|
|move|p1a: Mamoswine|Knock Off|p2a: Gengar
|-supereffective|p2a: Gengar
|-damage|p2a: Gengar|0 fnt
|-enditem|p2a: Gengar|Life Orb|[from] move: Knock Off|[of] p1a: Mamoswine
|faint|p2a: Gengar
|
|c|âMuk the kid|lol
|
|switch|p2a: Lopunny|Lopunny-Mega, M|235\/271
|-damage|p2a: Lopunny|219\/271|[from] Stealth Rock
|turn|16
|c| CFTC DBZ SSJ3 V3|really
|
|switch|p1a: Gliscor|Gliscor, F|353\/353
|-damage|p1a: Gliscor|309\/353|[from] Stealth Rock
|move|p2a: Lopunny|Return|p1a: Gliscor
|-damage|p1a: Gliscor|192\/353
|
|-status|p1a: Gliscor|tox|[from] item: Toxic Orb
|turn|17
|c| Rock Throw|scarf mamo is p epic
|c| Rock Throw|and it's honestly not a terrible set
|c|âLadySovereign|:)
|c| Rock Throw|kid deserves props
|
|move|p2a: Lopunny|Return|p1a: Gliscor
|-crit|p1a: Gliscor
|-damage|p1a: Gliscor|5\/353 tox
|move|p1a: Gliscor|U-turn|p2a: Lopunny
|-resisted|p2a: Lopunny
|-damage|p2a: Lopunny|193\/271
|c|âMuk the kid|lMAO
|c| Rock Throw|nvm
|c| Rock Throw|lmao
|c| CFTC DBZ SSJ3 V3|owned
|c| CFTC DBZ SSJ3 V3|noobfuck
|
|switch|p1a: Alakazam|Alakazam, F|251\/251
|
|turn|18
|c| CFTC DBZ SSJ3 V3|3333333]]]]]]]]'
|c| CFTC DBZ SSJ3 V3|return
|
|switch|p2a: Heatran|Heatran, M|385\/385
|-damage|p2a: Heatran|337\/385|[from] Stealth Rock
|move|p1a: Alakazam|Shadow Ball|p2a: Heatran
|-damage|p2a: Heatran|269\/385
|
|-heal|p2a: Heatran|293\/385|[from] item: Leftovers
|turn|19
|
|switch|p1a: Gliscor|Gliscor, F|5\/353 tox
|-damage|p1a: Gliscor|0 fnt|[from] Stealth Rock
|faint|p1a: Gliscor
|move|p2a: Heatran|Lava Plume|p1: Gliscor|[notarget]
|-notarget
|
|-heal|p2a: Heatran|317\/385|[from] item: Leftovers
|
|switch|p1a: Gyarados|Gyarados, F|138\/393
|-damage|p1a: Gyarados|40\/393|[from] Stealth Rock
|-ability|p1a: Gyarados|Intimidate|[of] p2a: Heatran
|-unboost|p2a: Heatran|atk|1
|turn|20
|c| Rock Throw|c0mp you have no real reason
|c| Rock Throw|not to taunt
|
|move|p2a: Heatran|Taunt|p1a: Gyarados
|-start|p1a: Gyarados|move: Taunt
|cant|p1a: Gyarados|move: Taunt|Rest
|
|-heal|p2a: Heatran|341\/385|[from] item: Leftovers
|turn|21
|
|detailschange|p1a: Gyarados|Gyarados-Mega, F
|-mega|p1a: Gyarados|Gyarados|Gyaradosite
|-ability|p1a: Gyarados|Mold Breaker
|move|p2a: Heatran|Lava Plume|p1a: Gyarados
|-resisted|p1a: Gyarados
|-damage|p1a: Gyarados|0 fnt
|faint|p1a: Gyarados
|
|-heal|p2a: Heatran|365\/385|[from] item: Leftovers
|
|switch|p1a: Mamoswine|Mamoswine, M|316\/361
|-damage|p1a: Mamoswine|271\/361|[from] Stealth Rock
|turn|22
|
|move|p1a: Mamoswine|Superpower|p2a: Heatran
|-supereffective|p2a: Heatran
|-damage|p2a: Heatran|107\/385
|-unboost|p1a: Mamoswine|atk|1
|-unboost|p1a: Mamoswine|def|1
|move|p2a: Heatran|Lava Plume|p1a: Mamoswine
|-supereffective|p1a: Mamoswine
|-damage|p1a: Mamoswine|89\/361
|-status|p1a: Mamoswine|brn
|
|-heal|p2a: Heatran|131\/385|[from] item: Leftovers
|-damage|p1a: Mamoswine|44\/361 brn|[from] brn
|turn|23
|c|âMuk the kid|blown out
|
|move|p1a: Mamoswine|Superpower|p2a: Heatran
|-supereffective|p2a: Heatran
|-damage|p2a: Heatran|45\/385
|-unboost|p1a: Mamoswine|atk|1
|-unboost|p1a: Mamoswine|def|1
|move|p2a: Heatran|Lava Plume|p1a: Mamoswine
|-supereffective|p1a: Mamoswine
|-damage|p1a: Mamoswine|0 fnt
|faint|p1a: Mamoswine
|
|-heal|p2a: Heatran|69\/385|[from] item: Leftovers
|
|switch|p1a: Alakazam|Alakazam, F|251\/251
|turn|24
|c|âLadySovereign|hater
|c|âLadySovereign|say sorry
|leave|lyfj
|
|switch|p2a: Rotom-Wash|Rotom-Wash|170\/303
|-damage|p2a: Rotom-Wash|133\/303|[from] Stealth Rock
|move|p1a: Alakazam|Shadow Ball|p2a: Rotom-Wash
|-damage|p2a: Rotom-Wash|34\/303
|
|-heal|p2a: Rotom-Wash|52\/303|[from] item: Leftovers
|turn|25
|c| CFTC DBZ SSJ3 V3|cunt
|
|move|p1a: Alakazam|Psyshock|p2a: Rotom-Wash
|-damage|p2a: Rotom-Wash|0 fnt
|faint|p2a: Rotom-Wash
|
|
|switch|p2a: Lopunny|Lopunny-Mega, M|193\/271
|-damage|p2a: Lopunny|177\/271|[from] Stealth Rock
|turn|26
|
|move|p2a: Lopunny|Return|p1a: Alakazam
|-enditem|p1a: Alakazam|Focus Sash
|-damage|p1a: Alakazam|1\/251
|move|p1a: Alakazam|Psyshock|p2a: Lopunny
|-supereffective|p2a: Lopunny
|-damage|p2a: Lopunny|0 fnt
|faint|p2a: Lopunny
|
|c| Rock Throw|yeah say sory
|c|âMuk the kid|ur bad noob
|c| Rock Throw|cos u beat him!
|
|switch|p2a: Diggersby|Diggersby, F|311\/311
|-damage|p2a: Diggersby|292\/311|[from] Stealth Rock
|turn|27
|c|âLadySovereign|raped
|c|âLadySovereign|no more blow out
|c|âMuk the kid|sorry for beating you i guess
|c|âLadySovereign|three dead cock sucker
|
|move|p2a: Diggersby|Quick Attack|p1a: Alakazam
|-damage|p1a: Alakazam|0 fnt
|-damage|p2a: Diggersby|261\/311|[from] item: Life Orb
|faint|p1a: Alakazam
|
|win|Muk the kid
|raw|Ladder updating...
|c|âMuk the kid|kek
|raw|LadySovereign's rating: 1451 &rarr; <strong>1428<\/strong><br \/>(-23 for losing)
|raw|Muk the kid's rating: 1410 &rarr; <strong>1432<\/strong><br \/>(+22 for winning)
|c|âMuk the kid|what
|leave|LadySovereign
|player|p1