|join|Muk the kid
|join|Guesst 50790
|player|p1|Muk the kid|256
|player|p2|Guesst 50790|162
|gametype|singles
|gen|6
|tier|OU
|rated
|clearpoke
|poke|p1|Thundurus, M
|poke|p1|Metagross
|poke|p1|Azumarill, F
|poke|p1|Azelf
|poke|p1|Landorus, M
|poke|p1|Crawdaunt, F
|poke|p2|Serperior, F, shiny
|poke|p2|Manectric, M, shiny
|poke|p2|Dugtrio, M
|poke|p2|Rotom-Wash
|poke|p2|Latios, M
|poke|p2|Bisharp, M
|rule|Swagger Clause: Swagger is banned
|rule|Baton Pass Clause: Limit one PokÃ©mon knowing Baton Pass
|rule|Sleep Clause Mod: Limit one foe put to sleep
|rule|Species Clause: Limit one of each PokÃ©mon
|rule|OHKO Clause: OHKO moves are banned
|rule|Moody Clause: Moody is banned
|rule|Evasion Moves Clause: Evasion moves are banned
|rule|Endless Battle Clause: Forcing endless battles is banned
|rule|HP Percentage Mod: HP is shown in percentages
|teampreview
|join|Updated Kanto
|join|y4
|join|Altilt
|
|start
|switch|p1a: Azelf|Azelf|291\/291
|switch|p2a: Rotom-Wash|Rotom-Wash|304\/304
|turn|1
|
|move|p1a: Azelf|Stealth Rock|p2a: Rotom-Wash
|-sidestart|p2: Guesst 50790|move: Stealth Rock
|move|p2a: Rotom-Wash|Volt Switch|p1a: Azelf
|-damage|p1a: Azelf|183\/291
|
|switch|p2a: Bisharp|Bisharp, M|271\/271
|-damage|p2a: Bisharp|255\/271|[from] Stealth Rock
|
|turn|2
|
|switch|p1a: Crawdaunt|Crawdaunt, F|269\/269
|move|p2a: Bisharp|Swords Dance|p2a: Bisharp
|-boost|p2a: Bisharp|atk|2
|
|turn|3
|join|hey225
|
|move|p2a: Bisharp|Knock Off|p1a: Crawdaunt
|-resisted|p1a: Crawdaunt
|-damage|p1a: Crawdaunt|16\/269
|-enditem|p1a: Crawdaunt|Life Orb|[from] move: Knock Off|[of] p2a: Bisharp
|-damage|p2a: Bisharp|228\/271|[from] item: Life Orb
|move|p1a: Crawdaunt|Crabhammer|p2a: Bisharp
|-damage|p2a: Bisharp|20\/271
|
|turn|4
|
|move|p2a: Bisharp|Sucker Punch|p1a: Crawdaunt
|-fail|p1a: Crawdaunt
|move|p1a: Crawdaunt|Swords Dance|p1a: Crawdaunt
|-boost|p1a: Crawdaunt|atk|2
|
|turn|5
|
|move|p2a: Bisharp|Sucker Punch|p1a: Crawdaunt
|-fail|p1a: Crawdaunt
|move|p1a: Crawdaunt|Swords Dance|p1a: Crawdaunt
|-boost|p1a: Crawdaunt|atk|2
|
|turn|6
|
|move|p2a: Bisharp|Sucker Punch|p1a: Crawdaunt
|-fail|p1a: Crawdaunt
|move|p1a: Crawdaunt|Swords Dance|p1a: Crawdaunt
|-boost|p1a: Crawdaunt|atk|2
|
|turn|7
|
|move|p2a: Bisharp|Sucker Punch|p1a: Crawdaunt
|-fail|p1a: Crawdaunt
|move|p1a: Crawdaunt|Swords Dance|p1a: Crawdaunt
|-fail|p1a: Crawdaunt
|
|turn|8
|
|move|p2a: Bisharp|Sucker Punch|p1a: Crawdaunt
|-fail|p1a: Crawdaunt
|move|p1a: Crawdaunt|Swords Dance|p1a: Crawdaunt
|-fail|p1a: Crawdaunt
|
|turn|9
|c| y4|WERE DOIN IT MAN
|c| y4|WERE MAKING THIS HAPEN
|
|move|p1a: Crawdaunt|Aqua Jet|p2a: Bisharp
|-damage|p2a: Bisharp|0 fnt
|faint|p2a: Bisharp
|
|-message|Guesst 50790 forfeited.
|leave|Guesst 50790
|
|win|Muk the kid
|raw|Ladder updating...
|player|p2
|raw|Muk the kid's rating: 1680 &rarr; <strong>1688<\/strong><br \/>(+8 for winning)
|raw|Guesst 50790's rating: 1449 &rarr; <strong>1441<\/strong><br \/>(-8 for losing)