|join|Alkov
|join|muk the kid
|player|p1|Alkov|256
|player|p2|muk the kid|170
|gametype|singles
|gen|6
|tier|OU
|rated
|clearpoke
|poke|p1|Gothitelle, F
|poke|p1|Skarmory, M
|poke|p1|Cresselia, F
|poke|p1|Quagsire, M
|poke|p1|Sableye, M
|poke|p1|Chansey, F
|poke|p2|Sceptile, F
|poke|p2|Talonflame, M
|poke|p2|Starmie
|poke|p2|Landorus-Therian, M
|poke|p2|Lucario, F
|poke|p2|Rotom-Wash
|rule|Swagger Clause: Swagger is banned
|rule|Baton Pass Clause: Limit one PokÃ©mon knowing Baton Pass
|rule|Sleep Clause Mod: Limit one foe put to sleep
|rule|Species Clause: Limit one of each PokÃ©mon
|rule|OHKO Clause: OHKO moves are banned
|rule|Moody Clause: Moody is banned
|rule|Evasion Moves Clause: Evasion moves are banned
|rule|Endless Battle Clause: Forcing endless battles is banned
|rule|HP Percentage Mod: HP is shown in percentages
|teampreview
|join|nidvikie
|join|zaeqweqeeeqee
|join|Biz
|join|Altilt
|join|I'm Rick Astley
|c| nidvikie|you again
|join|mouse de frank
|
|start
|switch|p1a: Quagsire|Quagsire, M|394\/394
|switch|p2a: Reptar|Sceptile, F|281\/281
|turn|1
|c| nidvikie|the hyper offensive guy
|join|kektus the good
|c|âmuk the kid|its you
|c|âmuk the kid|the hyper offensive guy
|
|switch|p1a: Chansey|Chansey, F|704\/704
|detailschange|p2a: Reptar|Sceptile-Mega, F
|-mega|p2a: Reptar|Sceptile|Sceptilite
|move|p2a: Reptar|Leaf Storm|p1a: Chansey
|-damage|p1a: Chansey|512\/704
|-unboost|p2a: Reptar|spa|2
|
|turn|2
|c|âmuk the kid|<:3c
|
|switch|p2a: Landorus-Therian|Landorus-Therian, M|381\/381
|-ability|p2a: Landorus-Therian|Intimidate|[of] p1a: Chansey
|-unboost|p1a: Chansey|atk|1
|move|p1a: Chansey|Stealth Rock|p2a: Landorus-Therian
|-sidestart|p2: muk the kid|move: Stealth Rock
|
|turn|3
|join|C Le Fairy
|
|switch|p1a: Skarmory|Skarmory, M|334\/334
|move|p2a: Landorus-Therian|Stealth Rock|p1a: Skarmory
|-sidestart|p1: Alkov|move: Stealth Rock
|
|turn|4
|c| nidvikie|rocky egg
|c| zaeqweqeeeqee|IT'S ALKOV
|join|Apathos
|c| zaeqweqeeeqee|THE HYPER OFFENSIVE TEAM UUSER
|c|âAlkov|wut\/
|
|move|p2a: Landorus-Therian|Knock Off|p1a: Skarmory
|-damage|p1a: Skarmory|271\/334
|-enditem|p1a: Skarmory|Shed Shell|[from] move: Knock Off|[of] p2a: Landorus-Therian
|move|p1a: Skarmory|Spikes|p2a: Landorus-Therian
|-sidestart|p2: muk the kid|Spikes
|
|turn|5
|
|move|p2a: Landorus-Therian|U-turn|p1a: Skarmory
|-resisted|p1a: Skarmory
|-damage|p1a: Skarmory|260\/334
|
|switch|p2a: Starmeme|Starmie|323\/323
|-damage|p2a: Starmeme|283\/323|[from] Stealth Rock
|-damage|p2a: Starmeme|243\/323|[from] Spikes
|move|p1a: Skarmory|Roost|p1a: Skarmory
|-heal|p1a: Skarmory|334\/334
|
|-heal|p2a: Starmeme|263\/323|[from] item: Leftovers
|turn|6
|
|switch|p1a: Gothitelle|Gothitelle, F|301\/301
|-damage|p1a: Gothitelle|264\/301|[from] Stealth Rock
|move|p2a: Starmeme|Scald|p1a: Gothitelle
|-damage|p1a: Gothitelle|195\/301
|-status|p1a: Gothitelle|brn
|
|-heal|p2a: Starmeme|283\/323|[from] item: Leftovers
|-damage|p1a: Gothitelle|158\/301 brn|[from] brn
|turn|7
|
|switch|p1a: Sableye|Sableye, M|303\/303
|-damage|p1a: Sableye|266\/303|[from] Stealth Rock
|move|p2a: Starmeme|Scald|p1a: Sableye
|-damage|p1a: Sableye|158\/303
|
|-heal|p2a: Starmeme|303\/323|[from] item: Leftovers
|turn|8
|
|detailschange|p1a: Sableye|Sableye-Mega, M
|-mega|p1a: Sableye|Sableye|Sablenite
|move|p1a: Sableye|Recover|p1a: Sableye
|-heal|p1a: Sableye|303\/303
|move|p2a: Starmeme|Scald|p1a: Sableye
|-crit|p1a: Sableye
|-damage|p1a: Sableye|203\/303
|-status|p1a: Sableye|brn
|
|-heal|p2a: Starmeme|323\/323|[from] item: Leftovers
|-damage|p1a: Sableye|166\/303 brn|[from] brn
|turn|9
|c|âAlkov|come on dont crit burn me
|
|move|p2a: Starmeme|Scald|p1a: Sableye
|-damage|p1a: Sableye|99\/303 brn
|move|p1a: Sableye|Recover|p1a: Sableye
|-heal|p1a: Sableye|251\/303 brn
|
|-damage|p1a: Sableye|214\/303 brn|[from] brn
|turn|10
|
|move|p2a: Starmeme|Scald|p1a: Sableye
|-damage|p1a: Sableye|142\/303 brn
|move|p1a: Sableye|Snarl|p2a: Starmeme
|-supereffective|p2a: Starmeme
|-damage|p2a: Starmeme|201\/323
|-unboost|p2a: Starmeme|spa|1
|
|-heal|p2a: Starmeme|221\/323|[from] item: Leftovers
|-damage|p1a: Sableye|105\/303 brn|[from] brn
|turn|11
|
|move|p2a: Starmeme|Recover|p2a: Starmeme
|-heal|p2a: Starmeme|323\/323
|move|p1a: Sableye|Recover|p1a: Sableye
|-heal|p1a: Sableye|257\/303 brn
|
|-damage|p1a: Sableye|220\/303 brn|[from] brn
|turn|12
|
|switch|p2a: Balonflame|Talonflame, M|359\/359
|-damage|p2a: Balonflame|180\/359|[from] Stealth Rock
|move|p1a: Sableye|Snarl|p2a: Balonflame
|-damage|p2a: Balonflame|129\/359
|-unboost|p2a: Balonflame|spa|1
|
|-heal|p2a: Balonflame|151\/359|[from] item: Leftovers
|-damage|p1a: Sableye|183\/303 brn|[from] brn
|turn|13
|c| nidvikie|snarled
|c| Biz|that snarl tho
|
|switch|p1a: Quagsire|Quagsire, M|394\/394
|-damage|p1a: Quagsire|370\/394|[from] Stealth Rock
|move|p2a: Balonflame|Roost|p2a: Balonflame
|-heal|p2a: Balonflame|331\/359
|
|-heal|p2a: Balonflame|353\/359|[from] item: Leftovers
|-heal|p1a: Quagsire|394\/394|[from] item: Leftovers
|turn|14
|
|switch|p2a: Starmeme|Starmie|323\/323
|-damage|p2a: Starmeme|283\/323|[from] Spikes
|-damage|p2a: Starmeme|243\/323|[from] Stealth Rock
|move|p1a: Quagsire|Toxic|p2a: Starmeme|[miss]
|-miss|p1a: Quagsire|p2a: Starmeme
|
|-heal|p2a: Starmeme|263\/323|[from] item: Leftovers
|turn|15
|c|âAlkov|!@#$%^&*()
|c| nidvikie|quagsire'd what els
|
|switch|p1a: Chansey|Chansey, F|512\/704
|-damage|p1a: Chansey|424\/704|[from] Stealth Rock
|move|p2a: Starmeme|Rapid Spin|p1a: Chansey
|-damage|p1a: Chansey|409\/704
|-sideend|p2: muk the kid|Spikes|[from] move: Rapid Spin|[of] p2a: Starmeme
|-sideend|p2: muk the kid|Stealth Rock|[from] move: Rapid Spin|[of] p2a: Starmeme
|
|-heal|p2a: Starmeme|283\/323|[from] item: Leftovers
|turn|16
|
|switch|p2a: DOGE EBINEST|Lucario, F|281\/281
|move|p1a: Chansey|Aromatherapy|p1a: Chansey
|-cureteam|p1a: Chansey|[from] move: Aromatherapy
|
|turn|17
|
|switch|p1a: Cresselia|Cresselia, F|444\/444
|-damage|p1a: Cresselia|389\/444|[from] Stealth Rock
|move|p2a: DOGE EBINEST|Swords Dance|p2a: DOGE EBINEST
|-boost|p2a: DOGE EBINEST|atk|2
|
|-heal|p1a: Cresselia|416\/444|[from] item: Leftovers
|turn|18
|
|move|p2a: DOGE EBINEST|Iron Tail|p1a: Cresselia|[miss]
|-miss|p2a: DOGE EBINEST|p1a: Cresselia
|move|p1a: Cresselia|Thunder Wave|p2a: DOGE EBINEST
|-status|p2a: DOGE EBINEST|par
|
|-heal|p1a: Cresselia|443\/444|[from] item: Leftovers
|turn|19
|
|switch|p1a: Quagsire|Quagsire, M|394\/394
|-damage|p1a: Quagsire|370\/394|[from] Stealth Rock
|cant|p2a: DOGE EBINEST|par
|
|-heal|p1a: Quagsire|394\/394|[from] item: Leftovers
|turn|20
|
|switch|p2a: Reptar|Sceptile-Mega, F|281\/281
|move|p1a: Quagsire|Earthquake|p2a: Reptar
|-resisted|p2a: Reptar
|-damage|p2a: Reptar|218\/281
|
|turn|21
|
|switch|p1a: Chansey|Chansey, F|409\/704
|-damage|p1a: Chansey|321\/704|[from] Stealth Rock
|move|p2a: Reptar|Leaf Storm|p1a: Chansey
|-damage|p1a: Chansey|156\/704
|-unboost|p2a: Reptar|spa|2
|
|turn|22
|
|switch|p2a: DOGE EBINEST|Lucario, F|281\/281 par
|move|p1a: Chansey|Soft-Boiled|p1a: Chansey
|-heal|p1a: Chansey|508\/704
|
|turn|23
|
|switch|p1a: Quagsire|Quagsire, M|394\/394
|-damage|p1a: Quagsire|370\/394|[from] Stealth Rock
|move|p2a: DOGE EBINEST|Close Combat|p1a: Quagsire
|-damage|p1a: Quagsire|150\/394
|-unboost|p2a: DOGE EBINEST|def|1
|-unboost|p2a: DOGE EBINEST|spd|1
|-damage|p2a: DOGE EBINEST|253\/281 par|[from] item: Life Orb
|
|-heal|p1a: Quagsire|174\/394|[from] item: Leftovers
|turn|24
|
|switch|p2a: Starmeme|Starmie|283\/323
|move|p1a: Quagsire|Recover|p1a: Quagsire
|-heal|p1a: Quagsire|371\/394
|
|-heal|p2a: Starmeme|303\/323|[from] item: Leftovers
|-heal|p1a: Quagsire|394\/394|[from] item: Leftovers
|turn|25
|
|switch|p2a: Landorus-Therian|Landorus-Therian, M|381\/381
|-ability|p2a: Landorus-Therian|Intimidate|[of] p1a: Quagsire
|-unboost|p1a: Quagsire|atk|1
|switch|p1a: Sableye|Sableye-Mega, M|183\/303
|-damage|p1a: Sableye|146\/303|[from] Stealth Rock
|
|turn|26
|join|gobosox
|
|move|p2a: Landorus-Therian|Earthquake|p1a: Sableye
|-damage|p1a: Sableye|37\/303
|move|p1a: Sableye|Recover|p1a: Sableye
|-heal|p1a: Sableye|189\/303
|
|turn|27
|
|move|p2a: Landorus-Therian|U-turn|p1a: Sableye
|-damage|p1a: Sableye|139\/303
|
|switch|p2a: Balonflame|Talonflame, M|353\/359
|move|p1a: Sableye|Recover|p1a: Sableye
|-heal|p1a: Sableye|291\/303
|
|-heal|p2a: Balonflame|359\/359|[from] item: Leftovers
|turn|28
|
|switch|p1a: Quagsire|Quagsire, M|394\/394
|-damage|p1a: Quagsire|370\/394|[from] Stealth Rock
|move|p2a: Balonflame|Taunt|p1a: Quagsire
|-start|p1a: Quagsire|move: Taunt
|
|-heal|p1a: Quagsire|394\/394|[from] item: Leftovers
|turn|29
|
|switch|p2a: Starmeme|Starmie|303\/323
|move|p1a: Quagsire|Scald|p2a: Starmeme
|-resisted|p2a: Starmeme
|-damage|p2a: Starmeme|266\/323
|
|-heal|p2a: Starmeme|286\/323|[from] item: Leftovers
|turn|30
|
|switch|p2a: Landorus-Therian|Landorus-Therian, M|381\/381
|-ability|p2a: Landorus-Therian|Intimidate|[of] p1a: Quagsire
|-unboost|p1a: Quagsire|atk|1
|switch|p1a: Chansey|Chansey, F|508\/704
|-damage|p1a: Chansey|420\/704|[from] Stealth Rock
|
|turn|31
|
|move|p2a: Landorus-Therian|Knock Off|p1a: Chansey
|-damage|p1a: Chansey|269\/704
|-enditem|p1a: Chansey|Eviolite|[from] move: Knock Off|[of] p2a: Landorus-Therian
|move|p1a: Chansey|Soft-Boiled|p1a: Chansey
|-heal|p1a: Chansey|621\/704
|
|turn|32
|
|move|p2a: Landorus-Therian|U-turn|p1a: Chansey
|-damage|p1a: Chansey|458\/704
|
|switch|p2a: DOGE EBINEST|Lucario, F|253\/281 par
|move|p1a: Chansey|Stealth Rock|p2a: DOGE EBINEST
|-sidestart|p2: muk the kid|move: Stealth Rock
|
|turn|33
|
|switch|p1a: Quagsire|Quagsire, M|394\/394
|-damage|p1a: Quagsire|370\/394|[from] Stealth Rock
|cant|p2a: DOGE EBINEST|par
|
|-heal|p1a: Quagsire|394\/394|[from] item: Leftovers
|turn|34
|
|switch|p1a: Sableye|Sableye-Mega, M|291\/303
|-damage|p1a: Sableye|254\/303|[from] Stealth Rock
|switch|p2a: Starmeme|Starmie|286\/323
|-damage|p2a: Starmeme|246\/323|[from] Stealth Rock
|
|-heal|p2a: Starmeme|266\/323|[from] item: Leftovers
|turn|35
|
|move|p2a: Starmeme|Scald|p1a: Sableye
|-damage|p1a: Sableye|176\/303
|move|p1a: Sableye|Calm Mind|p1a: Sableye
|-boost|p1a: Sableye|spa|1
|-boost|p1a: Sableye|spd|1
|
|-heal|p2a: Starmeme|286\/323|[from] item: Leftovers
|turn|36
|
|move|p2a: Starmeme|Scald|p1a: Sableye
|-damage|p1a: Sableye|124\/303
|-status|p1a: Sableye|brn
|move|p1a: Sableye|Recover|p1a: Sableye
|-heal|p1a: Sableye|276\/303 brn
|
|-heal|p2a: Starmeme|306\/323|[from] item: Leftovers
|-damage|p1a: Sableye|239\/303 brn|[from] brn
|turn|37
|
|switch|p2a: Balonflame|Talonflame, M|359\/359
|-damage|p2a: Balonflame|180\/359|[from] Stealth Rock
|move|p1a: Sableye|Calm Mind|p1a: Sableye
|-boost|p1a: Sableye|spa|1
|-boost|p1a: Sableye|spd|1
|
|-heal|p2a: Balonflame|202\/359|[from] item: Leftovers
|-damage|p1a: Sableye|202\/303 brn|[from] brn
|turn|38
|c|âAlkov|stop getting all the burns :[
|c|âmuk the kid|xp
|
|move|p2a: Balonflame|Bulk Up|p2a: Balonflame
|-boost|p2a: Balonflame|atk|1
|-boost|p2a: Balonflame|def|1
|move|p1a: Sableye|Snarl|p2a: Balonflame
|-damage|p2a: Balonflame|103\/359
|-unboost|p2a: Balonflame|spa|1
|
|-heal|p2a: Balonflame|125\/359|[from] item: Leftovers
|-damage|p1a: Sableye|165\/303 brn|[from] brn
|turn|39
|
|switch|p1a: Quagsire|Quagsire, M|394\/394
|-damage|p1a: Quagsire|370\/394|[from] Stealth Rock
|move|p2a: Balonflame|Roost|p2a: Balonflame
|-heal|p2a: Balonflame|305\/359
|
|-heal|p2a: Balonflame|327\/359|[from] item: Leftovers
|-heal|p1a: Quagsire|394\/394|[from] item: Leftovers
|turn|40
|join|Outrageous Fortune
|
|switch|p2a: Starmeme|Starmie|306\/323
|-damage|p2a: Starmeme|266\/323|[from] Stealth Rock
|move|p1a: Quagsire|Scald|p2a: Starmeme
|-resisted|p2a: Starmeme
|-damage|p2a: Starmeme|228\/323
|
|-heal|p2a: Starmeme|248\/323|[from] item: Leftovers
|turn|41
|
|switch|p1a: Sableye|Sableye-Mega, M|165\/303 brn
|-damage|p1a: Sableye|128\/303 brn|[from] Stealth Rock
|move|p2a: Starmeme|Rapid Spin|p1a: Sableye
|-immune|p1a: Sableye|[msg]
|
|-heal|p2a: Starmeme|268\/323|[from] item: Leftovers
|-damage|p1a: Sableye|91\/303 brn|[from] brn
|turn|42
|
|move|p2a: Starmeme|Scald|p1a: Sableye
|-damage|p1a: Sableye|19\/303 brn
|move|p1a: Sableye|Recover|p1a: Sableye
|-heal|p1a: Sableye|171\/303 brn
|
|-heal|p2a: Starmeme|288\/323|[from] item: Leftovers
|-damage|p1a: Sableye|134\/303 brn|[from] brn
|turn|43
|
|move|p2a: Starmeme|Ice Beam|p1a: Sableye
|-damage|p1a: Sableye|79\/303 brn
|move|p1a: Sableye|Recover|p1a: Sableye
|-heal|p1a: Sableye|231\/303 brn
|
|-heal|p2a: Starmeme|308\/323|[from] item: Leftovers
|-damage|p1a: Sableye|194\/303 brn|[from] brn
|turn|44
|
|switch|p2a: Balonflame|Talonflame, M|327\/359
|-damage|p2a: Balonflame|148\/359|[from] Stealth Rock
|move|p1a: Sableye|Recover|p1a: Sableye
|-heal|p1a: Sableye|303\/303 brn
|
|-heal|p2a: Balonflame|170\/359|[from] item: Leftovers
|-damage|p1a: Sableye|266\/303 brn|[from] brn
|turn|45
|join|Adiisfine
|
|switch|p1a: Quagsire|Quagsire, M|394\/394
|-damage|p1a: Quagsire|370\/394|[from] Stealth Rock
|move|p2a: Balonflame|Roost|p2a: Balonflame
|-heal|p2a: Balonflame|350\/359
|
|-heal|p2a: Balonflame|359\/359|[from] item: Leftovers
|-heal|p1a: Quagsire|394\/394|[from] item: Leftovers
|turn|46
|
|switch|p2a: Starmeme|Starmie|308\/323
|-damage|p2a: Starmeme|268\/323|[from] Stealth Rock
|switch|p1a: Gothitelle|Gothitelle, F|158\/301
|-damage|p1a: Gothitelle|121\/301|[from] Stealth Rock
|
|-heal|p2a: Starmeme|288\/323|[from] item: Leftovers
|turn|47
|
|move|p1a: Gothitelle|Trick|p2a: Starmeme
|-activate|p1a: Gothitelle|move: Trick|[of] p2a: Starmeme
|-item|p2a: Starmeme|Choice Scarf|[from] move: Trick
|-item|p1a: Gothitelle|Leftovers|[from] move: Trick
|move|p2a: Starmeme|Scald|p1a: Gothitelle
|-damage|p1a: Gothitelle|46\/301
|-status|p1a: Gothitelle|brn
|
|-heal|p1a: Gothitelle|64\/301 brn|[from] item: Leftovers
|-damage|p1a: Gothitelle|27\/301 brn|[from] brn
|turn|48
|c| Adiisfine|Lol mega stall
|join|Tom Bus
|
|move|p2a: Starmeme|Scald|p1a: Gothitelle
|-damage|p1a: Gothitelle|0 fnt
|faint|p1a: Gothitelle
|
|
|switch|p1a: Chansey|Chansey, F|458\/704
|-damage|p1a: Chansey|370\/704|[from] Stealth Rock
|turn|49
|join|iplaytennislol
|join|KLT BRB
|
|switch|p2a: Landorus-Therian|Landorus-Therian, M|381\/381
|-damage|p2a: Landorus-Therian|334\/381|[from] Stealth Rock
|-ability|p2a: Landorus-Therian|Intimidate|[of] p1a: Chansey
|-unboost|p1a: Chansey|atk|1
|move|p1a: Chansey|Soft-Boiled|p1a: Chansey
|-heal|p1a: Chansey|704\/704
|
|-heal|p2a: Landorus-Therian|357\/381|[from] item: Leftovers
|turn|50
|leave|KLT BRB
|
|switch|p1a: Skarmory|Skarmory, M|334\/334
|-damage|p1a: Skarmory|293\/334|[from] Stealth Rock
|move|p2a: Landorus-Therian|Earthquake|p1a: Skarmory
|-immune|p1a: Skarmory|[msg]
|
|-heal|p2a: Landorus-Therian|380\/381|[from] item: Leftovers
|turn|51
|
|move|p2a: Landorus-Therian|U-turn|p1a: Skarmory
|-resisted|p1a: Skarmory
|-damage|p1a: Skarmory|282\/334
|
|switch|p2a: Starmeme|Starmie|288\/323
|-damage|p2a: Starmeme|248\/323|[from] Stealth Rock
|move|p1a: Skarmory|Spikes|p2a: Starmeme
|-sidestart|p2: muk the kid|Spikes
|
|turn|52
|
|switch|p1a: Sableye|Sableye-Mega, M|266\/303 brn
|-damage|p1a: Sableye|229\/303 brn|[from] Stealth Rock
|move|p2a: Starmeme|Scald|p1a: Sableye
|-crit|p1a: Sableye
|-damage|p1a: Sableye|118\/303 brn
|
|-damage|p1a: Sableye|81\/303 brn|[from] brn
|turn|53
|c|âAlkov|zzzzz
|c|âAlkov|stop
|
|move|p2a: Starmeme|Scald|p1a: Sableye
|-crit|p1a: Sableye
|-damage|p1a: Sableye|0 fnt
|faint|p1a: Sableye
|
|c|âAlkov|SERIOUSLY
|c| Tom Bus|,,,,,,
|c|âmuk the kid|lmao
|c|âAlkov|2 CRITS
|c|âAlkov|-.-
|c| nidvikie|out fucking skilled
|c|+C Le Fairy|lmao
|c|âAlkov|this game
|c|âAlkov|is seriously
|c| Tom Bus|only Alkov :[
|c|âAlkov|man ....
|c|âAlkov|the hax i've been facing
|c|âAlkov|is shit
|-message|Alkov forfeited.
|
|win|muk the kid
|raw|Ladder updating...
|raw|Alkov's rating: 1651 &rarr; <strong>1637<\/strong><br \/>(-14 for losing)
|raw|muk the kid's rating: 1766 &rarr; <strong>1779<\/strong><br \/>(+13 for winning)
|leave|Alkov
|player|p1
|leave|Tom Bus
|leave|gobosox
|leave|mouse de frank
|leave|iplaytennislol
|leave|C Le Fairy
|leave|Biz
|leave|nidvikie
|leave|Outrageous Fortune
|leave|Altilt
|leave|muk the kid
|player|p2
|leave|zaeqweqeeeqee
|join|Biz
|leave|Biz