|join|muk the kid
|join|Xenium
|player|p1|muk the kid|265
|player|p2|Xenium|266
|gametype|singles
|gen|6
|tier|OU
|rated
|clearpoke
|poke|p1|Sceptile, F
|poke|p1|Talonflame, M
|poke|p1|Starmie
|poke|p1|Landorus-Therian, M
|poke|p1|Lucario, F
|poke|p1|Rotom-Wash
|poke|p2|Altaria, F
|poke|p2|Heatran, F
|poke|p2|Slowbro, F
|poke|p2|Ferrothorn, M
|poke|p2|Tyranitar, M, shiny
|poke|p2|Gliscor, F
|rule|Swagger Clause: Swagger is banned
|rule|Baton Pass Clause: Limit one PokÃ©mon knowing Baton Pass
|rule|Sleep Clause Mod: Limit one foe put to sleep
|rule|Species Clause: Limit one of each PokÃ©mon
|rule|OHKO Clause: OHKO moves are banned
|rule|Moody Clause: Moody is banned
|rule|Evasion Moves Clause: Evasion moves are banned
|rule|Endless Battle Clause: Forcing endless battles is banned
|rule|HP Percentage Mod: HP is shown in percentages
|teampreview
|join|C Le Fairy
|join|Outrageous Fortune
|join|Altilt
|
|start
|switch|p1a: DOGE EBINEST|Lucario, F|281\/281
|switch|p2a: Gliscor|Gliscor, F|353\/353
|turn|1
|
|switch|p1a: Balonflame|Talonflame, M|359\/359
|move|p2a: Gliscor|Earthquake|p1a: Balonflame
|-immune|p1a: Balonflame|[msg]
|
|-status|p2a: Gliscor|tox|[from] item: Toxic Orb
|turn|2
|
|switch|p2a: Tyranitar|Tyranitar, M, shiny|341\/341
|-weather|Sandstorm
|move|p1a: Balonflame|Taunt|p2a: Tyranitar
|-start|p2a: Tyranitar|move: Taunt
|
|-weather|Sandstorm|[upkeep]
|-damage|p1a: Balonflame|337\/359|[from] sandstorm
|-heal|p1a: Balonflame|359\/359|[from] item: Leftovers
|turn|3
|join|I'm Rick Astley
|
|switch|p1a: Landorus-Therian|Landorus-Therian, M|381\/381
|-ability|p1a: Landorus-Therian|Intimidate|[of] p2a: Tyranitar
|-unboost|p2a: Tyranitar|atk|1
|move|p2a: Tyranitar|Stone Edge|p1a: Landorus-Therian
|-damage|p1a: Landorus-Therian|258\/381
|
|-weather|Sandstorm|[upkeep]
|-heal|p1a: Landorus-Therian|281\/381|[from] item: Leftovers
|turn|4
|
|switch|p2a: Gliscor|Gliscor, F|353\/353 tox
|move|p1a: Landorus-Therian|Stealth Rock|p2a: Gliscor
|-sidestart|p2: Xenium|move: Stealth Rock
|
|-weather|Sandstorm|[upkeep]
|-heal|p1a: Landorus-Therian|304\/381|[from] item: Leftovers
|turn|5
|
|move|p2a: Gliscor|Swords Dance|p2a: Gliscor
|-boost|p2a: Gliscor|atk|2
|move|p1a: Landorus-Therian|U-turn|p2a: Gliscor
|-resisted|p2a: Gliscor
|-damage|p2a: Gliscor|323\/353 tox
|
|switch|p1a: Rotardation|Rotom-Wash|303\/303
|
|-weather|Sandstorm|[upkeep]
|-damage|p1a: Rotardation|285\/303|[from] sandstorm
|-heal|p1a: Rotardation|303\/303|[from] item: Leftovers
|-heal|p2a: Gliscor|353\/353 tox|[from] ability: Poison Heal
|turn|6
|join|Biz
|
|move|p2a: Gliscor|Swords Dance|p2a: Gliscor
|-boost|p2a: Gliscor|atk|2
|move|p1a: Rotardation|Hydro Pump|p2a: Gliscor
|-supereffective|p2a: Gliscor
|-damage|p2a: Gliscor|89\/353 tox
|
|-weather|none
|-heal|p2a: Gliscor|133\/353 tox|[from] ability: Poison Heal
|turn|7
|
|move|p2a: Gliscor|Roost|p2a: Gliscor
|-heal|p2a: Gliscor|310\/353 tox
|move|p1a: Rotardation|Hydro Pump|p2a: Gliscor
|-supereffective|p2a: Gliscor
|-damage|p2a: Gliscor|70\/353 tox
|
|-heal|p2a: Gliscor|114\/353 tox|[from] ability: Poison Heal
|turn|8
|
|move|p2a: Gliscor|Roost|p2a: Gliscor
|-heal|p2a: Gliscor|291\/353 tox
|move|p1a: Rotardation|Hydro Pump|p2a: Gliscor|[miss]
|-miss|p1a: Rotardation|p2a: Gliscor
|
|-heal|p2a: Gliscor|335\/353 tox|[from] ability: Poison Heal
|turn|9
|join|mouse de frank
|
|move|p2a: Gliscor|Swords Dance|p2a: Gliscor
|-boost|p2a: Gliscor|atk|2
|move|p1a: Rotardation|Hydro Pump|p2a: Gliscor
|-supereffective|p2a: Gliscor
|-damage|p2a: Gliscor|99\/353 tox
|
|-heal|p2a: Gliscor|143\/353 tox|[from] ability: Poison Heal
|turn|10
|
|move|p2a: Gliscor|Roost|p2a: Gliscor
|-heal|p2a: Gliscor|320\/353 tox
|move|p1a: Rotardation|Hydro Pump|p2a: Gliscor
|-crit|p2a: Gliscor
|-supereffective|p2a: Gliscor
|-damage|p2a: Gliscor|0 fnt
|faint|p2a: Gliscor
|
|c|âXenium|LOL
|c| Altilt|uhhhh skill kid
|c| mouse de frank|nice greed kiddo
|c|âXenium|"greed"
|c| mouse de frank|?
|c|âXenium|it 6-0ed him g1
|c| mouse de frank|???????????
|c|âXenium|he needed hax to win
|c|âmuk the kid|its still greed
|c|âXenium|great player!
|c| mouse de frank|????????????????????\/
|c|âmuk the kid|But Ok
|c| Altilt|u expect to not get crit by 16 hydros?
|c|+C Le Fairy|the banter..
|c|âmuk the kid|ou	1640	80	1762 Â± 43	--	48	18	0
|c|âmuk the kid|__lol!__
|c|âXenium|this nigga said 16 hydros
|c|âXenium|LOL
|c|âmuk the kid|kids el good
|c| Altilt|ye
|c| Altilt|he had
|c| Altilt|2 games
|c| Altilt|to crit u
|c| Altilt|!
|c|âXenium|at least 10 of those games, "skilled" players like you haxed the shit out of me
|c|âXenium|and i 6-0ed you g1
|c|âXenium|you have no talent compared to me
|-message|Xenium forfeited.
|
|win|muk the kid
|raw|Ladder updating...
|c|âmuk the kid|Lmfao
|raw|muk the kid's rating: 1692 &rarr; <strong>1709<\/strong><br \/>(+17 for winning)
|raw|Xenium's rating: 1640 &rarr; <strong>1623<\/strong><br \/>(-17 for losing)
|leave|C Le Fairy
|c|âmuk the kid|this kid!
|c| mouse de frank|ok
|leave|mouse de frank
|c|âmuk the kid|you have no talent - the 80 gxe lord