|join|Chris Warden
|join|Muk the kid
|player|p1|Chris Warden|196
|player|p2|Muk the kid|256
|gametype|singles
|gen|6
|tier|OU
|rated
|clearpoke
|poke|p1|Ferrothorn, M
|poke|p1|Clefable, F, shiny
|poke|p1|Heatran, F
|poke|p1|Gyarados, M, shiny
|poke|p1|Donphan, M
|poke|p1|Ditto, shiny
|poke|p2|Diggersby, F
|poke|p2|Rotom-Wash
|poke|p2|Lopunny, F
|poke|p2|Azumarill, F
|poke|p2|Heatran, F
|poke|p2|Gengar, F
|rule|Swagger Clause: Swagger is banned
|rule|Baton Pass Clause: Limit one PokÃ©mon knowing Baton Pass
|rule|Sleep Clause Mod: Limit one foe put to sleep
|rule|Species Clause: Limit one of each PokÃ©mon
|rule|OHKO Clause: OHKO moves are banned
|rule|Moody Clause: Moody is banned
|rule|Evasion Moves Clause: Evasion moves are banned
|rule|Endless Battle Clause: Forcing endless battles is banned
|rule|HP Percentage Mod: HP is shown in percentages
|teampreview
|c|âMuk the kid|^
|join|Rock Throw
|join|CFTC DBZ SSJ3 V3
|
|start
|switch|p1a: Spy|Ditto, shiny|300\/300
|switch|p2a: Rotom-Wash|Rotom-Wash|303\/303
|-transform|p1a: Spy|p2a: Rotom-Wash
|turn|1
|
|move|p1a: Spy|Will-O-Wisp|p2a: Rotom-Wash
|-status|p2a: Rotom-Wash|brn
|move|p2a: Rotom-Wash|Volt Switch|p1a: Spy
|-crit|p1a: Spy
|-damage|p1a: Spy|185\/300
|
|switch|p2a: Heatran|Heatran, F|385\/385
|
|turn|2
|
|switch|p1a: Soldier|Gyarados, M, shiny|342\/342
|-ability|p1a: Soldier|Intimidate|[of] p2a: Heatran
|-unboost|p2a: Heatran|atk|1
|move|p2a: Heatran|Stealth Rock|p1a: Soldier
|-sidestart|p1: Chris Warden|move: Stealth Rock
|
|turn|3
|leave|CFTC DBZ SSJ3 V3
|c| Rock Throw|.....................................................................................................................
|c| Rock Throw|.....................................................................................................................
|c| Rock Throw|.....................................................................................................................
|c| Rock Throw|.....................................................................................................................
|c| Rock Throw|.....................................................................................................................
|c| Rock Throw|.....................................................................................................................
|
|switch|p2a: Azumarill|Azumarill, F|401\/401
|move|p1a: Soldier|Waterfall|p2a: Azumarill
|-resisted|p2a: Azumarill
|-damage|p2a: Azumarill|322\/401
|
|turn|4
|c| Rock Throw|.....................................................................................................................
|c| Rock Throw|.....................................................................................................................
|join|CFTC DBZ SSJ3 V3
|c| Rock Throw|................................................................................................................................................................................................................................................................................................
|
|switch|p1a: Engineer|Ferrothorn, M|352\/352
|-damage|p1a: Engineer|330\/352|[from] Stealth Rock
|move|p2a: Azumarill|Knock Off|p1a: Engineer
|-crit|p1a: Engineer
|-damage|p1a: Engineer|97\/352
|-damage|p2a: Azumarill|272\/401|[from] ability: Iron Barbs|[of] p1a: Engineer
|-enditem|p1a: Engineer|Leftovers|[from] move: Knock Off|[of] p2a: Azumarill
|
|turn|5
|
|move|p2a: Azumarill|Knock Off|p1a: Engineer
|-damage|p1a: Engineer|0 fnt
|-damage|p2a: Azumarill|222\/401|[from] ability: Iron Barbs|[of] p1a: Engineer
|faint|p1a: Engineer
|
|
|switch|p1a: Medic|Clefable, F, shiny|394\/394
|-damage|p1a: Medic|345\/394|[from] Stealth Rock
|turn|6
|
|move|p1a: Medic|Wish|p1a: Medic
|move|p2a: Azumarill|Knock Off|p1a: Medic
|-resisted|p1a: Medic
|-damage|p1a: Medic|250\/394
|-enditem|p1a: Medic|Leftovers|[from] move: Knock Off|[of] p2a: Azumarill
|
|turn|7
|c|âMuk the kid|hi gator
|
|switch|p2a: Gengar|Gengar, F|261\/261
|move|p1a: Medic|Moonblast|p2a: Gengar
|-resisted|p2a: Gengar
|-damage|p2a: Gengar|199\/261
|-unboost|p2a: Gengar|spa|1
|
|-heal|p1a: Medic|394\/394|[from] move: Wish|[wisher] Medic
|turn|8
|c|âMuk the kid|u owned me
|
|switch|p2a: Azumarill|Azumarill, F|222\/401
|switch|p1a: Pyro|Heatran, F|361\/361
|-damage|p1a: Pyro|316\/361|[from] Stealth Rock
|
|-heal|p1a: Pyro|338\/361|[from] item: Leftovers
|turn|9
|
|switch|p1a: Medic|Clefable, F, shiny|394\/394
|-damage|p1a: Medic|345\/394|[from] Stealth Rock
|move|p2a: Azumarill|Waterfall|p1a: Medic
|-damage|p1a: Medic|123\/394
|
|turn|10
|join|inscribe
|
|switch|p2a: Gengar|Gengar, F|199\/261
|move|p1a: Medic|Wish|p1a: Medic
|
|turn|11
|
|move|p1a: Medic|Protect|p1a: Medic
|-singleturn|p1a: Medic|Protect
|move|p2a: Gengar|Shadow Ball|p1a: Medic
|-activate|p1a: Medic|Protect
|
|-heal|p1a: Medic|320\/394|[from] move: Wish|[wisher] Medic
|turn|12
|
|move|p2a: Gengar|Sludge Wave|p1a: Medic
|-supereffective|p1a: Medic
|-damage|p1a: Medic|0 fnt
|-damage|p2a: Gengar|173\/261|[from] item: Life Orb
|faint|p1a: Medic
|
|
|switch|p1a: Spy|Ditto, shiny|185\/300
|-damage|p1a: Spy|148\/300|[from] Stealth Rock
|-transform|p1a: Spy|p2a: Gengar
|turn|13
|
|switch|p2a: Heatran|Heatran, F|385\/385
|move|p1a: Spy|Focus Blast|p2a: Heatran
|-supereffective|p2a: Heatran
|-damage|p2a: Heatran|177\/385
|
|-heal|p2a: Heatran|201\/385|[from] item: Leftovers
|turn|14
|
|switch|p1a: Pyro|Heatran, F|338\/361
|-damage|p1a: Pyro|293\/361|[from] Stealth Rock
|move|p2a: Heatran|Lava Plume|p1a: Pyro
|-start|p1a: Pyro|ability: Flash Fire
|
|-heal|p1a: Pyro|315\/361|[from] item: Leftovers
|-heal|p2a: Heatran|225\/385|[from] item: Leftovers
|turn|15
|
|move|p1a: Pyro|Substitute|p1a: Pyro
|-start|p1a: Pyro|Substitute
|-damage|p1a: Pyro|225\/361
|move|p2a: Heatran|Taunt|p1a: Pyro
|-start|p1a: Pyro|move: Taunt
|
|-heal|p1a: Pyro|247\/361|[from] item: Leftovers
|-heal|p2a: Heatran|249\/385|[from] item: Leftovers
|turn|16
|
|switch|p2a: Rotom-Wash|Rotom-Wash|303\/303 brn
|move|p1a: Pyro|Earth Power|p2a: Rotom-Wash
|-immune|p2a: Rotom-Wash|[msg]
|
|-heal|p1a: Pyro|269\/361|[from] item: Leftovers
|-damage|p2a: Rotom-Wash|266\/303 brn|[from] brn
|turn|17
|
|move|p1a: Pyro|Lava Plume|p2a: Rotom-Wash
|-resisted|p2a: Rotom-Wash
|-damage|p2a: Rotom-Wash|168\/303 brn
|move|p2a: Rotom-Wash|Hydro Pump|p1a: Pyro
|-supereffective|p1a: Pyro
|-end|p1a: Pyro|Substitute
|
|-heal|p1a: Pyro|291\/361|[from] item: Leftovers
|-heal|p2a: Rotom-Wash|186\/303 brn|[from] item: Leftovers
|-damage|p2a: Rotom-Wash|149\/303 brn|[from] brn
|turn|18
|
|switch|p1a: Spy|Ditto, shiny|148\/300
|-damage|p1a: Spy|111\/300|[from] Stealth Rock
|-transform|p1a: Spy|p2a: Rotom-Wash
|move|p2a: Rotom-Wash|Volt Switch|p1a: Spy
|-damage|p1a: Spy|36\/300
|
|switch|p2a: Lopunny|Lopunny, F|271\/271
|
|turn|19
|
|detailschange|p2a: Lopunny|Lopunny-Mega, F
|-mega|p2a: Lopunny|Lopunny|Lopunnite
|move|p2a: Lopunny|Fake Out|p1a: Spy
|-damage|p1a: Spy|0 fnt
|faint|p1a: Spy
|
|
|switch|p1a: Demoman|Donphan, M|384\/384
|-damage|p1a: Demoman|360\/384|[from] Stealth Rock
|turn|20
|
|switch|p2a: Gengar|Gengar, F|173\/261
|move|p1a: Demoman|Rapid Spin|p2a: Gengar
|-immune|p2a: Gengar|[msg]
|
|-heal|p1a: Demoman|384\/384|[from] item: Leftovers
|turn|21
|
|move|p2a: Gengar|Shadow Ball|p1a: Demoman
|-damage|p1a: Demoman|90\/384
|-damage|p2a: Gengar|147\/261|[from] item: Life Orb
|move|p1a: Demoman|Stealth Rock|p2a: Gengar
|-sidestart|p2: Muk the kid|move: Stealth Rock
|
|-heal|p1a: Demoman|114\/384|[from] item: Leftovers
|turn|22
|join|Apathos
|
|move|p1a: Demoman|Ice Shard|p2a: Gengar
|-damage|p2a: Gengar|67\/261
|move|p2a: Gengar|Shadow Ball|p1a: Demoman
|-damage|p1a: Demoman|0 fnt
|-damage|p2a: Gengar|41\/261|[from] item: Life Orb
|faint|p1a: Demoman
|
|
|switch|p1a: Pyro|Heatran, F|291\/361
|-damage|p1a: Pyro|246\/361|[from] Stealth Rock
|turn|23
|
|move|p2a: Gengar|Focus Blast|p1a: Pyro|[miss]
|-miss|p2a: Gengar|p1a: Pyro
|move|p1a: Pyro|Substitute|p1a: Pyro
|-start|p1a: Pyro|Substitute
|-damage|p1a: Pyro|156\/361
|
|-heal|p1a: Pyro|178\/361|[from] item: Leftovers
|turn|24
|c| Rock Throw|skilled..
|
|move|p2a: Gengar|Shadow Ball|p1a: Pyro
|-end|p1a: Pyro|Substitute
|-damage|p2a: Gengar|15\/261|[from] item: Life Orb
|move|p1a: Pyro|Substitute|p1a: Pyro
|-start|p1a: Pyro|Substitute
|-damage|p1a: Pyro|88\/361
|
|-heal|p1a: Pyro|110\/361|[from] item: Leftovers
|turn|25
|c| Apathos|The 6-0 dream is dead
|
|move|p2a: Gengar|Focus Blast|p1a: Pyro
|-supereffective|p1a: Pyro
|-end|p1a: Pyro|Substitute
|-damage|p2a: Gengar|0 fnt|[from] item: Life Orb
|faint|p2a: Gengar
|move|p1a: Pyro|Substitute|p1a: Pyro
|-start|p1a: Pyro|Substitute
|-damage|p1a: Pyro|20\/361
|
|-heal|p1a: Pyro|42\/361|[from] item: Leftovers
|
|switch|p2a: Lopunny|Lopunny-Mega, F|271\/271
|-damage|p2a: Lopunny|255\/271|[from] Stealth Rock
|turn|26
|
|move|p2a: Lopunny|High Jump Kick|p1a: Pyro
|-supereffective|p1a: Pyro
|-end|p1a: Pyro|Substitute
|move|p1a: Pyro|Lava Plume|p2a: Lopunny
|-damage|p2a: Lopunny|129\/271
|
|-heal|p1a: Pyro|64\/361|[from] item: Leftovers
|turn|27
|
|move|p2a: Lopunny|High Jump Kick|p1a: Pyro
|-supereffective|p1a: Pyro
|-damage|p1a: Pyro|0 fnt
|faint|p1a: Pyro
|
|
|switch|p1a: Soldier|Gyarados, M, shiny|342\/342
|-damage|p1a: Soldier|257\/342|[from] Stealth Rock
|-ability|p1a: Soldier|Intimidate|[of] p2a: Lopunny
|-unboost|p2a: Lopunny|atk|1
|turn|28
|
|move|p2a: Lopunny|Healing Wish|p2a: Lopunny
|faint|p2a: Lopunny
|move|p1a: Soldier|Dragon Dance|p1a: Soldier
|-boost|p1a: Soldier|atk|1
|-boost|p1a: Soldier|spe|1
|
|
|switch|p2a: Azumarill|Azumarill, F|222\/401
|-heal|p2a: Azumarill|401\/401|[from] move: Healing Wish
|-damage|p2a: Azumarill|351\/401|[from] Stealth Rock
|turn|29
|
|move|p1a: Soldier|Dragon Dance|p1a: Soldier
|-boost|p1a: Soldier|atk|1
|-boost|p1a: Soldier|spe|1
|move|p2a: Azumarill|Play Rough|p1a: Soldier
|-damage|p1a: Soldier|0 fnt
|faint|p1a: Soldier
|
|win|Muk the kid
|raw|Ladder updating...
|raw|Chris Warden's rating: 1519 &rarr; <strong>1495<\/strong><br \/>(-24 for losing)
|raw|Muk the kid's rating: 1451 &rarr; <strong>1475<\/strong><br \/>(+24 for winning)