|join|StinkySecks
|join|Muk the kid
|player|p1|StinkySecks|184
|player|p2|Muk the kid|256
|gametype|singles
|gen|6
|tier|OU
|rated
|clearpoke
|poke|p1|Crawdaunt, F
|poke|p1|Landorus-Therian, M
|poke|p1|Garchomp, F
|poke|p1|Manectric, F
|poke|p1|Gengar, M
|poke|p1|Azumarill, F
|poke|p2|Porygon2
|poke|p2|Dugtrio, F
|poke|p2|Altaria, F
|poke|p2|Suicune
|poke|p2|Zapdos
|poke|p2|Clefable, F
|rule|Swagger Clause: Swagger is banned
|rule|Baton Pass Clause: Limit one PokÃ©mon knowing Baton Pass
|rule|Sleep Clause Mod: Limit one foe put to sleep
|rule|Species Clause: Limit one of each PokÃ©mon
|rule|OHKO Clause: OHKO moves are banned
|rule|Moody Clause: Moody is banned
|rule|Evasion Moves Clause: Evasion moves are banned
|rule|Endless Battle Clause: Forcing endless battles is banned
|rule|HP Percentage Mod: HP is shown in percentages
|teampreview
|join|RealHumanBane
|join|CFTC DBZ SSJ3 V3
|
|start
|switch|p1a: Azumarill|Azumarill, F|403\/403
|switch|p2a: Porygon2|Porygon2|374\/374
|-ability|p2a: Porygon2|Huge Power|[from] ability: Trace|[of] p1a: Azumarill
|turn|1
|c|âMuk the kid|nooby
|
|move|p2a: Porygon2|Toxic|p1a: Azumarill|[miss]
|-miss|p2a: Porygon2|p1a: Azumarill
|move|p1a: Azumarill|Play Rough|p2a: Porygon2
|-damage|p2a: Porygon2|233\/374
|
|turn|2
|c|âMuk the kid|noob
|c| CFTC DBZ SSJ3 V3|pokeaimMD.com team noob
|
|move|p2a: Porygon2|Toxic|p1a: Azumarill
|-status|p1a: Azumarill|tox
|move|p1a: Azumarill|Superpower|p2a: Porygon2
|-supereffective|p2a: Porygon2
|-damage|p2a: Porygon2|7\/374
|-unboost|p1a: Azumarill|atk|1
|-unboost|p1a: Azumarill|def|1
|
|-damage|p1a: Azumarill|378\/403 tox|[from] psn
|turn|3
|join|topkektus
|join|breeloom
|c|âMuk the kid|porygon2 owns you
|
|switch|p2a: Zapdos|Zapdos|362\/362
|-ability|p2a: Zapdos|Pressure
|move|p1a: Azumarill|Waterfall|p2a: Zapdos
|-damage|p2a: Zapdos|272\/362
|
|-heal|p2a: Zapdos|294\/362|[from] item: Leftovers
|-damage|p1a: Azumarill|328\/403 tox|[from] psn
|turn|4
|c| CFTC DBZ SSJ3 V3|wwww
|c| CFTC DBZ SSJ3 V3|whay
|c| breeloom|hey guys check me at jootube.com\/pokeaimmd
|c|âMuk the kid|bow down
|c|âMuk the kid|to your owner
|c|âMuk the kid|dumb kid
|join|Muk
|c| topkektus|hey guys check me out at shofu.com
|
|switch|p2a: Clefable|Clefable, F|394\/394
|switch|p1a: Manectric|Manectric, F|281\/281
|
|turn|5
|c| breeloom|or perhaps chimpact.com
|c|âStinkySecks|whats happening
|c| breeloom|or maybe chimpactisagoodplayer.org
|
|detailschange|p1a: Manectric|Manectric-Mega, F
|-mega|p1a: Manectric|Manectric|Manectite
|-ability|p1a: Manectric|Intimidate|[of] p2a: Clefable
|-unboost|p2a: Clefable|atk|1
|move|p1a: Manectric|Volt Switch|p2a: Clefable
|-damage|p2a: Clefable|285\/394
|
|switch|p1a: Gengar|Gengar, M|261\/261
|move|p2a: Clefable|Stealth Rock|p1a: Gengar
|-sidestart|p1: StinkySecks|move: Stealth Rock
|
|-heal|p2a: Clefable|309\/394|[from] item: Leftovers
|turn|6
|
|switch|p2a: Dugtrio|Dugtrio, F|211\/211
|move|p1a: Gengar|Sludge Wave|p2a: Dugtrio
|-resisted|p2a: Dugtrio
|-damage|p2a: Dugtrio|60\/211
|-damage|p1a: Gengar|235\/261|[from] item: Life Orb
|
|turn|7
|c| breeloom|tfw no gengar switch ins
|c| breeloom|top rip
|
|move|p2a: Dugtrio|Memento|p1a: Gengar
|-unboost|p1a: Gengar|atk|2
|-unboost|p1a: Gengar|spa|2
|faint|p2a: Dugtrio
|move|p1a: Gengar|Shadow Ball|p2: Dugtrio|[notarget]
|-notarget
|
|
|switch|p2a: Altaria|Altaria, F|354\/354
|turn|8
|
|move|p1a: Gengar|Taunt|p2a: Altaria
|-start|p2a: Altaria|move: Taunt
|cant|p2a: Altaria|move: Taunt|Dragon Dance
|
|turn|9
|c| breeloom|**rip**
|c| RealHumanBane|Maximum over rused
|
|switch|p1a: Azumarill|Azumarill, F|328\/403 tox
|-damage|p1a: Azumarill|278\/403 tox|[from] Stealth Rock
|detailschange|p2a: Altaria|Altaria-Mega, F
|-mega|p2a: Altaria|Altaria|Altarianite
|move|p2a: Altaria|Return|p1a: Azumarill
|-damage|p1a: Azumarill|47\/403 tox
|
|-damage|p1a: Azumarill|22\/403 tox|[from] psn
|turn|10
|c| breeloom|game status: all ogre
|
|move|p2a: Altaria|Return|p1a: Azumarill
|-damage|p1a: Azumarill|0 fnt
|faint|p1a: Azumarill
|
|-end|p2a: Altaria|move: Taunt
|
|switch|p1a: Gengar|Gengar, M|235\/261
|-damage|p1a: Gengar|203\/261|[from] Stealth Rock
|turn|11
|
|switch|p2a: Porygon2|Porygon2|7\/374
|-ability|p2a: Porygon2|Levitate|[from] ability: Trace|[of] p1a: Gengar
|move|p1a: Gengar|Sludge Wave|p2a: Porygon2
|-damage|p2a: Porygon2|0 fnt
|-damage|p1a: Gengar|177\/261|[from] item: Life Orb
|faint|p2a: Porygon2
|
|
|switch|p2a: Zapdos|Zapdos|294\/362
|-ability|p2a: Zapdos|Pressure
|turn|12
|c| CFTC DBZ SSJ3 V3|lucky toxic miss on porygon2= noob win
|c| RealHumanBane|Jesus dude you're getting spooked to death.
|
|switch|p1a: Garchomp|Garchomp, F|378\/378
|-damage|p1a: Garchomp|355\/378|[from] Stealth Rock
|move|p2a: Zapdos|Volt Switch|p1a: Garchomp
|-immune|p1a: Garchomp|[msg]
|
|-heal|p2a: Zapdos|316\/362|[from] item: Leftovers
|turn|13
|
|switch|p2a: Altaria|Altaria-Mega, F|354\/354
|move|p1a: Garchomp|Stealth Rock|p2a: Altaria
|-sidestart|p2: Muk the kid|move: Stealth Rock
|
|turn|14
|c|âStinkySecks|haha why hate
|
|move|p1a: Garchomp|Earthquake|p2a: Altaria
|-damage|p2a: Altaria|236\/354
|move|p2a: Altaria|Dragon Dance|p2a: Altaria
|-boost|p2a: Altaria|atk|1
|-boost|p2a: Altaria|spe|1
|
|turn|15
|c| CFTC DBZ SSJ3 V3|el sweep
|c| RealHumanBane|You have been visited by the bird of balance.
|c|âMuk the kid|owned noob
|c| breeloom|the landos just gonna boom this thing anyways..
|
|move|p2a: Altaria|Roost|p2a: Altaria
|-heal|p2a: Altaria|354\/354
|move|p1a: Garchomp|Earthquake|p2a: Altaria
|-damage|p2a: Altaria|251\/354
|
|turn|16
|c| breeloom|calm down..
|c|âMuk the kid|ALTARIA SAYS GG
|c|âMuk the kid|NOOB
|
|move|p2a: Altaria|Dragon Dance|p2a: Altaria
|-boost|p2a: Altaria|atk|1
|-boost|p2a: Altaria|spe|1
|move|p1a: Garchomp|Earthquake|p2a: Altaria
|-damage|p2a: Altaria|134\/354
|
|turn|17
|
|move|p2a: Altaria|Roost|p2a: Altaria
|-heal|p2a: Altaria|311\/354
|move|p1a: Garchomp|Swords Dance|p1a: Garchomp
|-boost|p1a: Garchomp|atk|2
|
|turn|18
|
|move|p2a: Altaria|Return|p1a: Garchomp
|-supereffective|p1a: Garchomp
|-damage|p1a: Garchomp|0 fnt
|-damage|p2a: Altaria|267\/354|[from] ability: Rough Skin|[of] p1a: Garchomp
|faint|p1a: Garchomp
|
|
|switch|p1a: Landorus-Therian|Landorus-Therian, M|319\/319
|-damage|p1a: Landorus-Therian|280\/319|[from] Stealth Rock
|-ability|p1a: Landorus-Therian|Intimidate|[of] p2a: Altaria
|-unboost|p2a: Altaria|atk|1
|turn|19
|
|move|p1a: Landorus-Therian|Stone Edge|p2a: Altaria
|-damage|p2a: Altaria|172\/354
|move|p2a: Altaria|Dragon Dance|p2a: Altaria
|-boost|p2a: Altaria|atk|1
|-boost|p2a: Altaria|spe|1
|
|turn|20
|c|âMuk the kid|GG NOOB.
|c|âMuk the kid|EL NOOBY
|
|switch|p1a: Manectric|Manectric-Mega, F|281\/281
|-damage|p1a: Manectric|246\/281|[from] Stealth Rock
|-ability|p1a: Manectric|Intimidate|[of] p2a: Altaria
|-unboost|p2a: Altaria|atk|1
|move|p2a: Altaria|Roost|p2a: Altaria
|-heal|p2a: Altaria|349\/354
|
|turn|21
|c|âMuk the kid|EL NOOOOOB
|
|move|p2a: Altaria|Return|p1a: Manectric
|-damage|p1a: Manectric|0 fnt
|faint|p1a: Manectric
|
|
|switch|p1a: Crawdaunt|Crawdaunt, F|267\/267
|-damage|p1a: Crawdaunt|234\/267|[from] Stealth Rock
|turn|22
|
|move|p1a: Crawdaunt|Aqua Jet|p2a: Altaria
|-resisted|p2a: Altaria
|-damage|p2a: Altaria|307\/354
|-damage|p1a: Crawdaunt|208\/267|[from] item: Life Orb
|move|p2a: Altaria|Dragon Dance|p2a: Altaria
|-boost|p2a: Altaria|atk|1
|-boost|p2a: Altaria|spe|1
|
|turn|23
|c|âMuk the kid|HAHAH
|
|move|p2a: Altaria|Dragon Dance|p2a: Altaria
|-boost|p2a: Altaria|atk|1
|-boost|p2a: Altaria|spe|1
|move|p1a: Crawdaunt|Crabhammer|p2a: Altaria
|-resisted|p2a: Altaria
|-damage|p2a: Altaria|212\/354
|-damage|p1a: Crawdaunt|182\/267|[from] item: Life Orb
|
|turn|24
|
|move|p2a: Altaria|Dragon Dance|p2a: Altaria
|-boost|p2a: Altaria|atk|1
|-boost|p2a: Altaria|spe|1
|move|p1a: Crawdaunt|Swords Dance|p1a: Crawdaunt
|-boost|p1a: Crawdaunt|atk|2
|
|turn|25
|
|move|p1a: Crawdaunt|Aqua Jet|p2a: Altaria
|-resisted|p2a: Altaria
|-damage|p2a: Altaria|129\/354
|-damage|p1a: Crawdaunt|156\/267|[from] item: Life Orb
|move|p2a: Altaria|Roost|p2a: Altaria
|-heal|p2a: Altaria|306\/354
|
|turn|26
|c| kektus the good|wow ur such a troller
|c| CFTC DBZ SSJ3 V3|noob
|
|move|p2a: Altaria|Return|p1a: Crawdaunt
|-supereffective|p1a: Crawdaunt
|-damage|p1a: Crawdaunt|0 fnt
|faint|p1a: Crawdaunt
|
|c| CFTC DBZ SSJ3 V3|sweep
|c|âStinkySecks|gg
|c| kektus the good|u lose to grengar
|-message|StinkySecks forfeited.
|
|win|Muk the kid
|raw|Ladder updating...
|leave|StinkySecks
|player|p1
|raw|StinkySecks's rating: 1296 &rarr; <strong>1269<\/strong><br \/>(-27 for losing)
|raw|Muk the kid's rating: 1261 &rarr; <strong>1288<\/strong><br \/>(+27 for winning)
|leave|kektus the good
|leave|RealHumanBane