|join|youngbull51
|join|Muk the kid
|player|p1|youngbull51|170
|player|p2|Muk the kid|256
|gametype|singles
|gen|6
|tier|OU
|rated
|clearpoke
|poke|p1|Politoed, M
|poke|p1|Pelipper, F
|poke|p1|Raichu, M
|poke|p1|Tentacruel, M
|poke|p1|Ludicolo, M
|poke|p1|Swampert, M
|poke|p2|Diancie
|poke|p2|Azumarill, F
|poke|p2|Talonflame, F
|poke|p2|Ferrothorn, M
|poke|p2|Mew
|poke|p2|Latias, F
|rule|Swagger Clause: Swagger is banned
|rule|Baton Pass Clause: Limit one PokÃ©mon knowing Baton Pass
|rule|Sleep Clause Mod: Limit one foe put to sleep
|rule|Species Clause: Limit one of each PokÃ©mon
|rule|OHKO Clause: OHKO moves are banned
|rule|Moody Clause: Moody is banned
|rule|Evasion Moves Clause: Evasion moves are banned
|rule|Endless Battle Clause: Forcing endless battles is banned
|rule|HP Percentage Mod: HP is shown in percentages
|teampreview
|
|start
|switch|p1a: Politoed|Politoed, M|383\/383
|switch|p2a: Diancie|Diancie|241\/241
|-weather|RainDance
|turn|1
|
|detailschange|p2a: Diancie|Diancie-Mega
|-mega|p2a: Diancie|Diancie|Diancite
|move|p2a: Diancie|Protect|p2a: Diancie
|-singleturn|p2a: Diancie|Protect
|move|p1a: Politoed|Scald|p2a: Diancie
|-activate|p2a: Diancie|Protect
|
|-weather|RainDance|[upkeep]
|turn|2
|
|switch|p2a: Ferrothorn|Ferrothorn, M|352\/352
|move|p1a: Politoed|Scald|p2a: Ferrothorn
|-resisted|p2a: Ferrothorn
|-damage|p2a: Ferrothorn|283\/352
|
|-weather|RainDance|[upkeep]
|-heal|p2a: Ferrothorn|305\/352|[from] item: Leftovers
|turn|3
|
|move|p1a: Politoed|Scald|p2a: Ferrothorn
|-resisted|p2a: Ferrothorn
|-damage|p2a: Ferrothorn|239\/352
|move|p2a: Ferrothorn|Stealth Rock|p1a: Politoed
|-sidestart|p1: youngbull51|move: Stealth Rock
|
|-weather|RainDance|[upkeep]
|-heal|p2a: Ferrothorn|261\/352|[from] item: Leftovers
|turn|4
|
|move|p1a: Politoed|Encore|p2a: Ferrothorn
|-start|p2a: Ferrothorn|Encore
|move|p2a: Ferrothorn|Stealth Rock|p1a: Politoed
|-fail|p1a: Politoed
|
|-weather|RainDance|[upkeep]
|-heal|p2a: Ferrothorn|283\/352|[from] item: Leftovers
|turn|5
|
|switch|p2a: Mew|Mew|404\/404
|move|p1a: Politoed|Scald|p2a: Mew
|-damage|p2a: Mew|253\/404
|
|-weather|RainDance|[upkeep]
|-heal|p2a: Mew|278\/404|[from] item: Leftovers
|turn|6
|
|move|p2a: Mew|Knock Off|p1a: Politoed
|-damage|p1a: Politoed|293\/383
|-enditem|p1a: Politoed|Damp Rock|[from] move: Knock Off|[of] p2a: Mew
|move|p1a: Politoed|Encore|p2a: Mew
|-start|p2a: Mew|Encore
|
|-weather|RainDance|[upkeep]
|-heal|p2a: Mew|303\/404|[from] item: Leftovers
|turn|7
|
|switch|p2a: Latias|Latias, F|301\/301
|move|p1a: Politoed|Ice Beam|p2a: Latias
|-supereffective|p2a: Latias
|-damage|p2a: Latias|143\/301
|
|-weather|RainDance|[upkeep]
|turn|8
|
|move|p2a: Latias|Roost|p2a: Latias
|-heal|p2a: Latias|294\/301
|move|p1a: Politoed|Ice Beam|p2a: Latias
|-supereffective|p2a: Latias
|-damage|p2a: Latias|150\/301
|
|-weather|none
|turn|9
|
|switch|p1a: Pelipper|Pelipper, F|261\/261
|-damage|p1a: Pelipper|196\/261|[from] Stealth Rock
|move|p2a: Latias|Roost|p2a: Latias
|-heal|p2a: Latias|301\/301
|
|turn|10
|
|move|p1a: Pelipper|U-turn|p2a: Latias
|-supereffective|p2a: Latias
|-damage|p2a: Latias|235\/301
|
|switch|p1a: Politoed|Politoed, M|293\/383
|-damage|p1a: Politoed|246\/383|[from] Stealth Rock
|-weather|RainDance
|move|p2a: Latias|Draco Meteor|p1a: Politoed
|-damage|p1a: Politoed|0 fnt
|-unboost|p2a: Latias|spa|2
|-damage|p2a: Latias|205\/301|[from] item: Life Orb
|faint|p1a: Politoed
|
|-weather|RainDance|[upkeep]
|
|switch|p1a: Pelipper|Pelipper, F|196\/261
|-damage|p1a: Pelipper|131\/261|[from] Stealth Rock
|turn|11
|
|switch|p2a: Diancie|Diancie-Mega|241\/241
|move|p1a: Pelipper|Hurricane|p2a: Diancie
|-resisted|p2a: Diancie
|-damage|p2a: Diancie|178\/241
|-start|p2a: Diancie|confusion
|
|-weather|RainDance|[upkeep]
|-heal|p1a: Pelipper|147\/261|[from] ability: Rain Dish
|turn|12
|
|switch|p1a: Tentacruel|Tentacruel, M|301\/301
|-damage|p1a: Tentacruel|264\/301|[from] Stealth Rock
|-activate|p2a: Diancie|confusion
|-damage|p2a: Diancie|127\/241|[from] confusion
|
|-weather|RainDance|[upkeep]
|-heal|p1a: Tentacruel|282\/301|[from] ability: Rain Dish
|-heal|p1a: Tentacruel|300\/301|[from] item: Black Sludge
|turn|13
|
|-activate|p2a: Diancie|confusion
|move|p2a: Diancie|Diamond Storm|p1a: Tentacruel
|-damage|p1a: Tentacruel|33\/301
|move|p1a: Tentacruel|Toxic|p2a: Diancie
|move|p2a: Diancie|Toxic|p1a: Tentacruel|[from]Magic Bounce
|-fail|p1a: Tentacruel
|
|-weather|RainDance|[upkeep]
|-heal|p1a: Tentacruel|51\/301|[from] ability: Rain Dish
|-heal|p1a: Tentacruel|69\/301|[from] item: Black Sludge
|turn|14
|
|-activate|p2a: Diancie|confusion
|-damage|p2a: Diancie|75\/241|[from] confusion
|move|p1a: Tentacruel|Scald|p2a: Diancie
|-supereffective|p2a: Diancie
|-damage|p2a: Diancie|0 fnt
|faint|p2a: Diancie
|
|-weather|none
|-heal|p1a: Tentacruel|87\/301|[from] item: Black Sludge
|
|switch|p2a: Talonflame|Talonflame, F|297\/297
|turn|15
|
|move|p2a: Talonflame|Brave Bird|p1a: Tentacruel
|-crit|p1a: Tentacruel
|-damage|p1a: Tentacruel|0 fnt
|-damage|p2a: Talonflame|268\/297|[from] recoil|[of] p1a: Tentacruel
|faint|p1a: Tentacruel
|
|
|switch|p1a: Pelipper|Pelipper, F|147\/261
|-damage|p1a: Pelipper|82\/261|[from] Stealth Rock
|turn|16
|
|move|p2a: Talonflame|Brave Bird|p1a: Pelipper
|-damage|p1a: Pelipper|0 fnt
|-damage|p2a: Talonflame|241\/297|[from] recoil|[of] p1a: Pelipper
|faint|p1a: Pelipper
|
|
|switch|p1a: Swampert|Swampert, M|403\/403
|-damage|p1a: Swampert|378\/403|[from] Stealth Rock
|turn|17
|
|switch|p2a: Ferrothorn|Ferrothorn, M|283\/352
|detailschange|p1a: Swampert|Swampert-Mega, M
|-mega|p1a: Swampert|Swampert|Swampertite
|move|p1a: Swampert|Aqua Tail|p2a: Ferrothorn
|-resisted|p2a: Ferrothorn
|-damage|p2a: Ferrothorn|212\/352
|-damage|p1a: Swampert|328\/403|[from] ability: Iron Barbs|[of] p2a: Ferrothorn
|
|-heal|p2a: Ferrothorn|234\/352|[from] item: Leftovers
|turn|18
|
|move|p1a: Swampert|Earthquake|p2a: Ferrothorn
|-damage|p2a: Ferrothorn|93\/352
|move|p2a: Ferrothorn|Leech Seed|p1a: Swampert
|-start|p1a: Swampert|move: Leech Seed
|
|-heal|p2a: Ferrothorn|115\/352|[from] item: Leftovers
|-damage|p1a: Swampert|278\/403|[from] Leech Seed|[of] p2a: Ferrothorn
|-heal|p2a: Ferrothorn|165\/352|[silent]
|turn|19
|
|move|p1a: Swampert|Earthquake|p2a: Ferrothorn
|-damage|p2a: Ferrothorn|18\/352
|move|p2a: Ferrothorn|Gyro Ball|p1a: Swampert
|-resisted|p1a: Swampert
|-damage|p1a: Swampert|227\/403
|
|-heal|p2a: Ferrothorn|40\/352|[from] item: Leftovers
|-damage|p1a: Swampert|177\/403|[from] Leech Seed|[of] p2a: Ferrothorn
|-heal|p2a: Ferrothorn|90\/352|[silent]
|turn|20
|
|move|p2a: Ferrothorn|Protect|p2a: Ferrothorn
|-singleturn|p2a: Ferrothorn|Protect
|move|p1a: Swampert|Earthquake|p2a: Ferrothorn
|-activate|p2a: Ferrothorn|Protect
|
|-heal|p2a: Ferrothorn|112\/352|[from] item: Leftovers
|-damage|p1a: Swampert|127\/403|[from] Leech Seed|[of] p2a: Ferrothorn
|-heal|p2a: Ferrothorn|162\/352|[silent]
|turn|21
|
|move|p2a: Ferrothorn|Protect|p2a: Ferrothorn
|-singleturn|p2a: Ferrothorn|Protect
|move|p1a: Swampert|Earthquake|p2a: Ferrothorn
|-activate|p2a: Ferrothorn|Protect
|
|-heal|p2a: Ferrothorn|184\/352|[from] item: Leftovers
|-damage|p1a: Swampert|77\/403|[from] Leech Seed|[of] p2a: Ferrothorn
|-heal|p2a: Ferrothorn|234\/352|[silent]
|turn|22
|
|switch|p1a: Ludicolo|Ludicolo, M|301\/301
|-damage|p1a: Ludicolo|264\/301|[from] Stealth Rock
|switch|p2a: Talonflame|Talonflame, F|241\/297
|
|-heal|p1a: Ludicolo|282\/301|[from] item: Leftovers
|turn|23
|
|move|p2a: Talonflame|Brave Bird|p1a: Ludicolo
|-supereffective|p1a: Ludicolo
|-damage|p1a: Ludicolo|0 fnt
|-damage|p2a: Talonflame|148\/297|[from] recoil|[of] p1a: Ludicolo
|faint|p1a: Ludicolo
|
|-message|youngbull51 forfeited.
|
|win|Muk the kid
|raw|Ladder updating...
|leave|youngbull51
|player|p1
|raw|youngbull51's rating: 1028 &rarr; <strong>1016<\/strong><br \/>(-12 for losing)
|raw|Muk the kid's rating: 1090 &rarr; <strong>1112<\/strong><br \/>(+22 for winning)