|join|muk the kid
|join|NagariHO
|player|p1|muk the kid|170
|player|p2|NagariHO|192
|gametype|singles
|gen|6
|tier|OU
|rated
|clearpoke
|poke|p1|Thundurus, M
|poke|p1|Landorus, M
|poke|p1|Garchomp, M
|poke|p1|Bisharp, F
|poke|p1|Metagross
|poke|p1|Clefable, F
|poke|p2|Serperior, M
|poke|p2|Rhyperior, M
|poke|p2|Starmie
|poke|p2|Charizard, F
|poke|p2|Togekiss, F
|poke|p2|Terrakion
|rule|Swagger Clause: Swagger is banned
|rule|Baton Pass Clause: Limit one PokÃ©mon knowing Baton Pass
|rule|Sleep Clause Mod: Limit one foe put to sleep
|rule|Species Clause: Limit one of each PokÃ©mon
|rule|OHKO Clause: OHKO moves are banned
|rule|Moody Clause: Moody is banned
|rule|Evasion Moves Clause: Evasion moves are banned
|rule|Endless Battle Clause: Forcing endless battles is banned
|rule|HP Percentage Mod: HP is shown in percentages
|teampreview
|c|âNagariHO|lol
|c|âmuk the kid|AHH
|join|zaeqweqeeeqee
|c|âNagariHO|i dont get it
|join|y4
|join|nidvikie
|join|C Le Fairy
|join|I'm Rick Astley
|c|âNagariHO|im a lot lower on the ladder than u r
|c|âmuk the kid|: \/
|c| y4|yeah i can tell
|c| nidvikie|he's the leader of the bunch
|
|start
|switch|p1a: Garchomp|Garchomp, M|357\/357
|switch|p2a: Terrak|Terrakion|323\/323
|turn|1
|c| nidvikie|you know him well
|c| nidvikie|now hes finally back
|c| nidvikie|to kick some tail
|c| nidvikie|his coconut gun
|c| nidvikie|can fire in spurts
|c| nidvikie|if he shoots ya
|c|âNagariHO|lol y4 this is a team i made like 30mins ago
|
|move|p2a: Terrak|Taunt|p1a: Garchomp
|-start|p1a: Garchomp|move: Taunt
|cant|p1a: Garchomp|move: Taunt|Stealth Rock
|
|turn|2
|c| nidvikie|its gonna hurt!
|
|move|p2a: Terrak|Stealth Rock|p1a: Garchomp
|-sidestart|p1: muk the kid|move: Stealth Rock
|move|p1a: Garchomp|Earthquake|p2a: Terrak
|-supereffective|p2a: Terrak
|-enditem|p2a: Terrak|Focus Sash
|-damage|p2a: Terrak|1\/323
|
|turn|3
|c| nidvikie|hes bigger
|c| y4|yeah i can tell
|c| nidvikie|faster
|c| nidvikie|and stronger too
|
|switch|p1a: Clefable|Clefable, F|393\/393
|move|p2a: Terrak|Close Combat|p1a: Clefable
|-resisted|p1a: Clefable
|-damage|p1a: Clefable|270\/393
|-unboost|p2a: Terrak|def|1
|-unboost|p2a: Terrak|spd|1
|
|-heal|p1a: Clefable|294\/393|[from] item: Leftovers
|turn|4
|c| nidvikie|hes the first member
|c| nidvikie|of the dk crew
|
|move|p2a: Terrak|Taunt|p1a: Clefable
|-start|p1a: Clefable|move: Taunt
|cant|p1a: Clefable|move: Taunt|Soft-Boiled
|
|-heal|p1a: Clefable|318\/393|[from] item: Leftovers
|turn|5
|join|Biz
|
|move|p2a: Terrak|Stone Edge|p1a: Clefable
|-damage|p1a: Clefable|122\/393
|move|p1a: Clefable|Moonblast|p2a: Terrak
|-supereffective|p2a: Terrak
|-damage|p2a: Terrak|0 fnt
|faint|p2a: Terrak
|
|-heal|p1a: Clefable|146\/393|[from] item: Leftovers
|c| y4|comp ur making awful plays
|c| y4|thoughtS?
|join|Apathos
|
|switch|p2a: Zard X|Charizard, F|315\/315
|turn|6
|
|switch|p1a: Thundurus|Thundurus, M|299\/299
|-damage|p1a: Thundurus|225\/299|[from] Stealth Rock
|detailschange|p2a: Zard X|Charizard-Mega-X, F
|-mega|p2a: Zard X|Charizard|Charizardite X
|move|p2a: Zard X|Flare Blitz|p1a: Thundurus
|-damage|p1a: Thundurus|0 fnt
|-damage|p2a: Zard X|241\/315|[from] recoil|[of] p1a: Thundurus
|faint|p1a: Thundurus
|
|
|switch|p1a: Garchomp|Garchomp, M|357\/357
|-damage|p1a: Garchomp|335\/357|[from] Stealth Rock
|turn|7
|c|âNagariHO|lol
|join|Altilt
|c|âNagariHO|that was risky imo
|
|switch|p2a: TogeFlinch|Togekiss, F|374\/374
|move|p1a: Garchomp|Dragon Claw|p2a: TogeFlinch
|-immune|p2a: TogeFlinch|[msg]
|
|turn|8
|
|move|p1a: Garchomp|Stealth Rock|p2a: TogeFlinch
|-sidestart|p2: NagariHO|move: Stealth Rock
|move|p2a: TogeFlinch|Nasty Plot|p2a: TogeFlinch
|-boost|p2a: TogeFlinch|spa|2
|
|turn|9
|
|switch|p1a: Clefable|Clefable, F|146\/393
|move|p2a: TogeFlinch|Air Slash|p1a: Clefable
|-damage|p1a: Clefable|0 fnt
|faint|p1a: Clefable
|
|
|switch|p1a: Metagross|Metagross|301\/301
|-damage|p1a: Metagross|283\/301|[from] Stealth Rock
|turn|10
|c|âNagariHO|dammit
|c|âNagariHO|my set up fodder
|
|switch|p2a: Fuck Keldeo|Starmie|323\/323
|-damage|p2a: Fuck Keldeo|283\/323|[from] Stealth Rock
|detailschange|p1a: Metagross|Metagross-Mega
|-mega|p1a: Metagross|Metagross|Metagrossite
|move|p1a: Metagross|Meteor Mash|p2a: Fuck Keldeo
|-resisted|p2a: Fuck Keldeo
|-damage|p2a: Fuck Keldeo|160\/323
|
|-heal|p2a: Fuck Keldeo|180\/323|[from] item: Leftovers
|turn|11
|
|switch|p1a: Garchomp|Garchomp, M|335\/357
|-damage|p1a: Garchomp|313\/357|[from] Stealth Rock
|move|p2a: Fuck Keldeo|Rapid Spin|p1a: Garchomp
|-damage|p1a: Garchomp|300\/357
|-damage|p2a: Fuck Keldeo|140\/323|[from] ability: Rough Skin|[of] p1a: Garchomp
|-sideend|p2: NagariHO|Stealth Rock|[from] move: Rapid Spin|[of] p2a: Fuck Keldeo
|
|-heal|p2a: Fuck Keldeo|160\/323|[from] item: Leftovers
|turn|12
|
|move|p2a: Fuck Keldeo|Scald|p1a: Garchomp
|-crit|p1a: Garchomp
|-damage|p1a: Garchomp|143\/357
|-status|p1a: Garchomp|brn
|move|p1a: Garchomp|Stealth Rock|p2a: Fuck Keldeo
|-sidestart|p2: NagariHO|move: Stealth Rock
|
|-heal|p2a: Fuck Keldeo|180\/323|[from] item: Leftovers
|-damage|p1a: Garchomp|99\/357 brn|[from] brn
|turn|13
|
|move|p2a: Fuck Keldeo|Recover|p2a: Fuck Keldeo
|-heal|p2a: Fuck Keldeo|323\/323
|move|p1a: Garchomp|Stealth Rock|p2a: Fuck Keldeo
|-fail|p2a: Fuck Keldeo
|
|-damage|p1a: Garchomp|55\/357 brn|[from] brn
|turn|14
|
|move|p2a: Fuck Keldeo|Psyshock|p1a: Garchomp
|-damage|p1a: Garchomp|0 fnt
|faint|p1a: Garchomp
|
|c|âNagariHO|lel
|
|switch|p1a: Bisharp|Bisharp, F|271\/271
|-damage|p1a: Bisharp|255\/271|[from] Stealth Rock
|turn|15
|c|âNagariHO|leave zard y alone
|c|+C Le Fairy|eggs dee
|
|switch|p2a: Superior Rhyp|Rhyperior, M|434\/434
|-damage|p2a: Superior Rhyp|407\/434|[from] Stealth Rock
|move|p1a: Bisharp|Swords Dance|p1a: Bisharp
|-boost|p1a: Bisharp|atk|2
|
|-heal|p2a: Superior Rhyp|434\/434|[from] item: Leftovers
|turn|16
|c| y4|sd n win
|c| nidvikie|xd
|c| Apathos|He a good dragon didn't do nuffin.
|c| nidvikie|oo
|c|âNagariHO|lol
|
|move|p1a: Bisharp|Iron Head|p2a: Superior Rhyp
|-supereffective|p2a: Superior Rhyp
|-damage|p2a: Superior Rhyp|124\/434
|-damage|p1a: Bisharp|228\/271|[from] item: Life Orb
|move|p2a: Superior Rhyp|Earthquake|p1a: Bisharp
|-supereffective|p1a: Bisharp
|-damage|p1a: Bisharp|0 fnt
|faint|p1a: Bisharp
|
|-heal|p2a: Superior Rhyp|151\/434|[from] item: Leftovers
|c|âNagariHO|damage?
|
|switch|p1a: Landorus|Landorus, M|319\/319
|-damage|p1a: Landorus|280\/319|[from] Stealth Rock
|turn|17
|c|+C Le Fairy|DX
|
|move|p1a: Landorus|Psychic|p2a: Superior Rhyp
|-damage|p2a: Superior Rhyp|0 fnt
|faint|p2a: Superior Rhyp
|
|
|switch|p2a: Superior Serp|Serperior, M|292\/292
|-damage|p2a: Superior Serp|256\/292|[from] Stealth Rock
|turn|18
|c|âNagariHO|y4 what did you say again?
|
|move|p2a: Superior Serp|Leaf Storm|p1a: Landorus
|-crit|p1a: Landorus
|-damage|p1a: Landorus|0 fnt
|-boost|p2a: Superior Serp|spa|2
|faint|p1a: Landorus
|
|c|âNagariHO|oml
|c| y4|SLAMMED
|c|âNagariHO|that sucks
|-message|muk the kid forfeited.
|
|win|NagariHO
|raw|Ladder updating...
|leave|muk the kid
|player|p1
|raw|muk the kid's rating: 1753 &rarr; <strong>1724<\/strong><br \/>(-29 for losing)
|raw|NagariHO's rating: 1585 &rarr; <strong>1614<\/strong><br \/>(+29 for winning)
|leave|y4
|leave|Biz
|leave|Apathos
|leave|C Le Fairy
|leave|zaeqweqeeeqee
|leave|nidvikie