|join|Haros21
|join|MintyShade
|player|p1|Haros21|76
|player|p2|MintyShade|148
|gametype|singles
|gen|6
|tier|ORAS OU
|rated
|rule|Sleep Clause Mod: Limit one foe put to sleep
|rule|Species Clause: Limit one of each PokÃ©mon
|rule|OHKO Clause: OHKO moves are banned
|rule|Moody Clause: Moody is banned
|rule|Evasion Moves Clause: Evasion moves are banned
|rule|Endless Battle Clause: Forcing endless battles is banned
|rule|HP Percentage Mod: HP is shown in percentages
|clearpoke
|poke|p1|Sableye, F
|poke|p1|Clefable, M
|poke|p1|Gothitelle, F
|poke|p1|Weavile, F
|poke|p1|Landorus-Therian, M
|poke|p1|Empoleon, M
|poke|p2|Rhyperior, M
|poke|p2|Sableye, F
|poke|p2|Tentacruel, F
|poke|p2|Scizor, F
|poke|p2|Zapdos
|poke|p2|Lucario, M
|rule|Swagger Clause: Swagger is banned
|rule|Baton Pass Clause: Limit one PokÃ©mon knowing Baton Pass
|teampreview
|
|start
|switch|p1a: Sableye|Sableye, F|304\/304
|switch|p2a: Sableye|Sableye, F|304\/304
|turn|1
|
|switch|p1a: Clefable|Clefable, M|394\/394
|detailschange|p2a: Sableye|Sableye-Mega, F
|message|Sableye has Mega Evolved into Mega Sableye!
|move|p2a: Sableye|Shadow Ball|p1a: Clefable
|-damage|p1a: Clefable|313\/394
|-unboost|p1a: Clefable|spd|1
|
|-heal|p1a: Clefable|337\/394|[from] item: Leftovers
|turn|2
|
|switch|p1a: Gothitelle|Gothitelle, F|301\/301
|switch|p2a: Tentacruel|Tentacruel, F|364\/364
|
|turn|3
|
|move|p1a: Gothitelle|Psychic|p2a: Tentacruel
|-supereffective|p2a: Tentacruel
|-damage|p2a: Tentacruel|140\/364
|move|p2a: Tentacruel|Toxic Spikes|p1a: Gothitelle
|-sidestart|p1: Haros21|move: Toxic Spikes
|
|-heal|p2a: Tentacruel|162\/364|[from] item: Black Sludge
|turn|4
|
|move|p1a: Gothitelle|Psychic|p2a: Tentacruel
|-supereffective|p2a: Tentacruel
|-damage|p2a: Tentacruel|0 fnt
|faint|p2a: Tentacruel
|
|
|switch|p2a: Scizor|Scizor, F|344\/344
|turn|5
|
|move|p1a: Gothitelle|Psychic|p2a: Scizor
|-resisted|p2a: Scizor
|-damage|p2a: Scizor|267\/344
|-unboost|p2a: Scizor|spd|1
|move|p2a: Scizor|Superpower|p1a: Gothitelle
|-resisted|p1a: Gothitelle
|-damage|p1a: Gothitelle|182\/301
|-unboost|p2a: Scizor|atk|1
|-unboost|p2a: Scizor|def|1
|
|turn|6
|c|âMintyShade|why did you stay in?
|
|move|p1a: Gothitelle|Psychic|p2a: Scizor
|-resisted|p2a: Scizor
|-damage|p2a: Scizor|155\/344
|move|p2a: Scizor|Superpower|p1a: Gothitelle
|-resisted|p1a: Gothitelle
|-damage|p1a: Gothitelle|106\/301
|-unboost|p2a: Scizor|atk|1
|-unboost|p2a: Scizor|def|1
|
|turn|7
|
|move|p1a: Gothitelle|Psychic|p2a: Scizor
|-crit|p2a: Scizor
|-resisted|p2a: Scizor
|-damage|p2a: Scizor|0 fnt
|faint|p2a: Scizor
|
|c|âHaros21|i dont need it
|
|switch|p2a: Sableye|Sableye-Mega, F|304\/304
|turn|8
|
|switch|p1a: Clefable|Clefable, M|337\/394
|-status|p1a: Clefable|psn
|move|p2a: Sableye|Shadow Ball|p1a: Clefable
|-damage|p1a: Clefable|261\/394 psn
|
|-heal|p1a: Clefable|285\/394 psn|[from] item: Leftovers
|turn|9
|
|switch|p2a: Lucario|Lucario, M|281\/281
|move|p1a: Clefable|Moonblast|p2a: Lucario
|-damage|p2a: Lucario|145\/281
|
|-heal|p1a: Clefable|309\/394 psn|[from] item: Leftovers
|turn|10
|
|switch|p1a: Gothitelle|Gothitelle, F|106\/301
|-status|p1a: Gothitelle|psn
|move|p2a: Lucario|Swords Dance|p2a: Lucario
|-boost|p2a: Lucario|atk|2
|
|-damage|p1a: Gothitelle|69\/301 psn|[from] psn
|turn|11
|
|move|p2a: Lucario|Extreme Speed|p1a: Gothitelle
|-damage|p1a: Gothitelle|0 fnt
|-damage|p2a: Lucario|117\/281|[from] item: Life Orb
|faint|p1a: Gothitelle
|
|
|switch|p1a: Sableye|Sableye, F|304\/304
|-status|p1a: Sableye|psn
|turn|12
|
|switch|p2a: Sableye|Sableye-Mega, F|304\/304
|detailschange|p1a: Sableye|Sableye-Mega, F
|message|Sableye has Mega Evolved into Mega Sableye!
|move|p1a: Sableye|Will-O-Wisp|p2a: Sableye
|move|p2a: Sableye|Will-O-Wisp|p1a: Sableye|[from]Magic Bounce
|-fail|p1a: Sableye
|
|-damage|p1a: Sableye|266\/304 psn|[from] psn
|turn|13
|
|switch|p1a: Clefable|Clefable, M|309\/394 psn
|move|p2a: Sableye|Shadow Ball|p1a: Clefable
|-damage|p1a: Clefable|224\/394 psn
|
|-heal|p1a: Clefable|248\/394 psn|[from] item: Leftovers
|turn|14
|
|switch|p2a: Lucario|Lucario, M|117\/281
|move|p1a: Clefable|Moonblast|p2a: Lucario
|-damage|p2a: Lucario|0 fnt
|faint|p2a: Lucario
|
|-heal|p1a: Clefable|272\/394 psn|[from] item: Leftovers
|
|switch|p2a: Rhyperior|Rhyperior, M|434\/434
|turn|15
|
|switch|p1a: Sableye|Sableye-Mega, F|266\/304 psn
|move|p2a: Rhyperior|Earthquake|p1a: Sableye
|-damage|p1a: Sableye|164\/304 psn
|
|-damage|p1a: Sableye|126\/304 psn|[from] psn
|turn|16
|
|switch|p2a: Sableye|Sableye-Mega, F|304\/304
|move|p1a: Sableye|Will-O-Wisp|p2a: Sableye
|move|p2a: Sableye|Will-O-Wisp|p1a: Sableye|[from]Magic Bounce
|-fail|p1a: Sableye
|
|-damage|p1a: Sableye|88\/304 psn|[from] psn
|turn|17
|
|switch|p1a: Clefable|Clefable, M|272\/394 psn
|move|p2a: Sableye|Calm Mind|p2a: Sableye
|-boost|p2a: Sableye|spa|1
|-boost|p2a: Sableye|spd|1
|
|-heal|p1a: Clefable|296\/394 psn|[from] item: Leftovers
|turn|18
|
|move|p1a: Clefable|Calm Mind|p1a: Clefable
|-boost|p1a: Clefable|spa|1
|-boost|p1a: Clefable|spd|1
|move|p2a: Sableye|Shadow Ball|p1a: Clefable
|-damage|p1a: Clefable|212\/394 psn
|
|-heal|p1a: Clefable|236\/394 psn|[from] item: Leftovers
|turn|19
|
|switch|p2a: Rhyperior|Rhyperior, M|434\/434
|move|p1a: Clefable|Moonblast|p2a: Rhyperior
|-damage|p2a: Rhyperior|157\/434
|-unboost|p2a: Rhyperior|spa|1
|
|-heal|p1a: Clefable|260\/394 psn|[from] item: Leftovers
|-heal|p2a: Rhyperior|184\/434|[from] item: Leftovers
|turn|20
|
|move|p1a: Clefable|Moonblast|p2a: Rhyperior
|-damage|p2a: Rhyperior|0 fnt
|faint|p2a: Rhyperior
|
|-heal|p1a: Clefable|284\/394 psn|[from] item: Leftovers
|c|âMintyShade|gg
|-message|MintyShade forfeited.
|
|win|Haros21
|raw|Ladder updating...
|c|âHaros21|gg
|leave|MintyShade
|player|p2