|join|lil manaphy
|join|MintyShade
|player|p1|lil manaphy|104
|player|p2|MintyShade|148
|gametype|singles
|gen|6
|tier|OU
|rated
|clearpoke
|poke|p1|Gardevoir, F, shiny
|poke|p1|Mandibuzz, F
|poke|p1|Amoonguss, M
|poke|p1|Chansey, F
|poke|p1|Keldeo
|poke|p1|Landorus-Therian, M
|poke|p2|Landorus, M
|poke|p2|Ferrothorn, F
|poke|p2|Mew
|poke|p2|Keldeo
|poke|p2|Dragonite, F
|poke|p2|Scizor, F
|rule|Swagger Clause: Swagger is banned
|rule|Baton Pass Clause: Limit one PokÃ©mon knowing Baton Pass
|rule|Sleep Clause Mod: Limit one foe put to sleep
|rule|Species Clause: Limit one of each PokÃ©mon
|rule|OHKO Clause: OHKO moves are banned
|rule|Moody Clause: Moody is banned
|rule|Evasion Moves Clause: Evasion moves are banned
|rule|Endless Battle Clause: Forcing endless battles is banned
|rule|HP Percentage Mod: HP is shown in percentages
|teampreview
|
|start
|switch|p1a: Keldeo|Keldeo|323\/323
|switch|p2a: Ferrothorn|Ferrothorn, F|352\/352
|turn|1
|
|switch|p1a: Landorus-Therian|Landorus-Therian, M|382\/382
|-ability|p1a: Landorus-Therian|Intimidate|[of] p2a: Ferrothorn
|-unboost|p2a: Ferrothorn|atk|1
|move|p2a: Ferrothorn|Leech Seed|p1a: Landorus-Therian
|-start|p1a: Landorus-Therian|move: Leech Seed
|
|-damage|p1a: Landorus-Therian|335\/382|[from] Leech Seed|[of] p2a: Ferrothorn
|turn|2
|
|move|p2a: Ferrothorn|Protect|p2a: Ferrothorn
|-singleturn|p2a: Ferrothorn|Protect
|move|p1a: Landorus-Therian|Stealth Rock|p2a: Ferrothorn
|-sidestart|p2: MintyShade|move: Stealth Rock
|
|-heal|p1a: Landorus-Therian|358\/382|[from] item: Leftovers
|-damage|p1a: Landorus-Therian|311\/382|[from] Leech Seed|[of] p2a: Ferrothorn
|turn|3
|
|switch|p1a: Zoe|Amoonguss, M|432\/432
|move|p2a: Ferrothorn|Stealth Rock|p1a: Zoe
|-sidestart|p1: lil manaphy|move: Stealth Rock
|
|turn|4
|
|move|p1a: Zoe|Spore|p2a: Ferrothorn
|-fail|p2a: Ferrothorn
|move|p2a: Ferrothorn|Gyro Ball|p1a: Zoe
|-damage|p1a: Zoe|395\/432
|
|-heal|p1a: Zoe|422\/432|[from] item: Black Sludge
|turn|5
|
|switch|p2a: Mew|Mew|404\/404
|-damage|p2a: Mew|354\/404|[from] Stealth Rock
|move|p1a: Zoe|Spore|p2a: Mew
|-status|p2a: Mew|slp
|
|-heal|p2a: Mew|379\/404 slp|[from] item: Leftovers
|-heal|p1a: Zoe|432\/432|[from] item: Black Sludge
|turn|6
|
|switch|p2a: Scizor|Scizor, F|343\/343
|-damage|p2a: Scizor|301\/343|[from] Stealth Rock
|switch|p1a: Keldeo|Keldeo|323\/323
|-damage|p1a: Keldeo|303\/323|[from] Stealth Rock
|
|-heal|p1a: Keldeo|323\/323|[from] item: Leftovers
|turn|7
|
|detailschange|p2a: Scizor|Scizor-Mega, F
|message|Scizor has Mega Evolved into Mega Scizor!
|move|p1a: Keldeo|Scald|p2a: Scizor
|-damage|p2a: Scizor|186\/343
|-status|p2a: Scizor|brn
|move|p2a: Scizor|Knock Off|p1a: Keldeo
|-resisted|p1a: Keldeo
|-damage|p1a: Keldeo|290\/323
|-boost|p1a: Keldeo|atk|1|[from] ability: Justified
|-enditem|p1a: Keldeo|Leftovers|[from] move: Knock Off|[of] p2a: Scizor
|
|-damage|p2a: Scizor|144\/343 brn|[from] brn
|turn|8
|
|move|p1a: Keldeo|Calm Mind|p1a: Keldeo
|-boost|p1a: Keldeo|spa|1
|-boost|p1a: Keldeo|spd|1
|move|p2a: Scizor|Roost|p2a: Scizor
|-heal|p2a: Scizor|316\/343 brn
|
|-damage|p2a: Scizor|274\/343 brn|[from] brn
|turn|9
|
|move|p1a: Keldeo|Scald|p2a: Scizor
|-damage|p2a: Scizor|84\/343 brn
|move|p2a: Scizor|U-turn|p1a: Keldeo
|-resisted|p1a: Keldeo
|-damage|p1a: Keldeo|253\/323
|
|switch|p2a: Keldeo|Keldeo|323\/323
|-damage|p2a: Keldeo|303\/323|[from] Stealth Rock
|
|turn|10
|
|switch|p1a: Zoe|Amoonguss, M|432\/432
|-damage|p1a: Zoe|378\/432|[from] Stealth Rock
|move|p2a: Keldeo|Secret Sword|p1a: Zoe
|-resisted|p1a: Zoe
|-damage|p1a: Zoe|304\/432
|
|-heal|p1a: Zoe|331\/432|[from] item: Black Sludge
|turn|11
|
|switch|p2a: Landorus|Landorus, M|319\/319
|-damage|p2a: Landorus|280\/319|[from] Stealth Rock
|move|p1a: Zoe|Hidden Power|p2a: Landorus
|-damage|p2a: Landorus|228\/319
|
|-heal|p1a: Zoe|358\/432|[from] item: Black Sludge
|turn|12
|
|switch|p1a: Chansey|Chansey, F|704\/704
|-damage|p1a: Chansey|616\/704|[from] Stealth Rock
|move|p2a: Landorus|Knock Off|p1a: Chansey
|-damage|p1a: Chansey|457\/704
|-enditem|p1a: Chansey|Eviolite|[from] move: Knock Off|[of] p2a: Landorus
|-damage|p2a: Landorus|197\/319|[from] item: Life Orb
|
|turn|13
|
|move|p2a: Landorus|Focus Blast|p1a: Chansey
|-supereffective|p1a: Chansey
|-damage|p1a: Chansey|46\/704
|move|p1a: Chansey|Seismic Toss|p2a: Landorus
|-damage|p2a: Landorus|97\/319
|
|turn|14
|
|move|p2a: Landorus|Psychic|p1a: Chansey
|-damage|p1a: Chansey|0 fnt
|faint|p1a: Chansey
|
|
|switch|p1a: Keldeo|Keldeo|253\/323
|-damage|p1a: Keldeo|233\/323|[from] Stealth Rock
|turn|15
|
|switch|p2a: Scizor|Scizor-Mega, F|84\/343 brn
|-damage|p2a: Scizor|42\/343 brn|[from] Stealth Rock
|move|p1a: Keldeo|Substitute|p1a: Keldeo
|-start|p1a: Keldeo|Substitute
|-damage|p1a: Keldeo|153\/323
|
|-damage|p2a: Scizor|0 fnt|[from] brn
|faint|p2a: Scizor
|
|switch|p2a: Keldeo|Keldeo|303\/323
|-damage|p2a: Keldeo|283\/323|[from] Stealth Rock
|turn|16
|
|move|p2a: Keldeo|Secret Sword|p1a: Keldeo
|-crit|p1a: Keldeo
|-end|p1a: Keldeo|Substitute
|move|p1a: Keldeo|Secret Sword|p2a: Keldeo
|-damage|p2a: Keldeo|111\/323
|
|turn|17
|
|move|p2a: Keldeo|Secret Sword|p1a: Keldeo
|-damage|p1a: Keldeo|2\/323
|move|p1a: Keldeo|Secret Sword|p2a: Keldeo
|-damage|p2a: Keldeo|0 fnt
|faint|p2a: Keldeo
|
|
|switch|p2a: Dragonite|Dragonite, F|323\/323
|-damage|p2a: Dragonite|243\/323|[from] Stealth Rock
|turn|18
|
|switch|p1a: Laveau|Mandibuzz, F|424\/424
|-damage|p1a: Laveau|318\/424|[from] Stealth Rock
|move|p2a: Dragonite|Extreme Speed|p1a: Laveau
|-damage|p1a: Laveau|211\/424
|
|-heal|p1a: Laveau|237\/424|[from] item: Leftovers
|turn|19
|
|switch|p2a: Ferrothorn|Ferrothorn, F|352\/352
|-damage|p2a: Ferrothorn|330\/352|[from] Stealth Rock
|move|p1a: Laveau|Roost|p1a: Laveau
|-heal|p1a: Laveau|424\/424
|
|-heal|p2a: Ferrothorn|352\/352|[from] item: Leftovers
|turn|20
|
|move|p1a: Laveau|Taunt|p2a: Ferrothorn
|-start|p2a: Ferrothorn|move: Taunt
|cant|p2a: Ferrothorn|move: Taunt|Leech Seed
|
|turn|21
|
|move|p1a: Laveau|Foul Play|p2a: Ferrothorn
|-damage|p2a: Ferrothorn|288\/352
|-damage|p1a: Laveau|371\/424|[from] ability: Iron Barbs|[of] p2a: Ferrothorn
|move|p2a: Ferrothorn|Gyro Ball|p1a: Laveau
|-crit|p1a: Laveau
|-damage|p1a: Laveau|217\/424
|
|-heal|p1a: Laveau|243\/424|[from] item: Leftovers
|-heal|p2a: Ferrothorn|310\/352|[from] item: Leftovers
|turn|22
|
|move|p1a: Laveau|Roost|p1a: Laveau
|-heal|p1a: Laveau|424\/424
|move|p2a: Ferrothorn|Gyro Ball|p1a: Laveau
|-damage|p1a: Laveau|319\/424
|
|-heal|p1a: Laveau|345\/424|[from] item: Leftovers
|-heal|p2a: Ferrothorn|332\/352|[from] item: Leftovers
|-end|p2a: Ferrothorn|move: Taunt
|turn|23
|
|switch|p2a: Dragonite|Dragonite, F|243\/323
|-damage|p2a: Dragonite|163\/323|[from] Stealth Rock
|move|p1a: Laveau|Taunt|p2a: Dragonite
|-start|p2a: Dragonite|move: Taunt
|
|-heal|p1a: Laveau|371\/424|[from] item: Leftovers
|turn|24
|
|move|p2a: Dragonite|Outrage|p1a: Laveau
|-damage|p1a: Laveau|97\/424
|move|p1a: Laveau|Foul Play|p2a: Dragonite
|-crit|p2a: Dragonite
|-damage|p2a: Dragonite|0 fnt
|faint|p2a: Dragonite
|
|-heal|p1a: Laveau|123\/424|[from] item: Leftovers
|
|switch|p2a: Landorus|Landorus, M|97\/319
|-damage|p2a: Landorus|58\/319|[from] Stealth Rock
|turn|25
|
|move|p2a: Landorus|Focus Blast|p1a: Laveau|[miss]
|-miss|p2a: Landorus|p1a: Laveau
|move|p1a: Laveau|Roost|p1a: Laveau
|-heal|p1a: Laveau|335\/424
|
|-heal|p1a: Laveau|361\/424|[from] item: Leftovers
|turn|26
|
|move|p2a: Landorus|Focus Blast|p1a: Laveau
|-damage|p1a: Laveau|127\/424
|move|p1a: Laveau|Foul Play|p2a: Landorus
|-damage|p2a: Landorus|0 fnt
|faint|p2a: Landorus
|
|-heal|p1a: Laveau|153\/424|[from] item: Leftovers
|
|switch|p2a: Mew|Mew|379\/404 slp
|-damage|p2a: Mew|329\/404 slp|[from] Stealth Rock
|turn|27
|
|cant|p2a: Mew|slp
|move|p1a: Laveau|Foul Play|p2a: Mew
|-crit|p2a: Mew
|-supereffective|p2a: Mew
|-damage|p2a: Mew|45\/404 slp
|
|-heal|p2a: Mew|70\/404 slp|[from] item: Leftovers
|-heal|p1a: Laveau|179\/424|[from] item: Leftovers
|turn|28
|-message|MintyShade forfeited.
|
|win|lil manaphy
|raw|Ladder updating...
|leave|MintyShade
|player|p2
|raw|lil manaphy's rating: 1906 &rarr; <strong>1918<\/strong><br \/>(+12 for winning)
|raw|MintyShade's rating: 1760 &rarr; <strong>1748<\/strong><br \/>(-12 for losing)