|join|RisinUp
|join|MintyShade
|player|p1|RisinUp|209
|player|p2|MintyShade|260
|gametype|singles
|gen|6
|tier|OU
|rated
|clearpoke
|poke|p1|Scizor, F, shiny
|poke|p1|Zapdos, shiny
|poke|p1|Quagsire, F, shiny
|poke|p1|Greninja, F, shiny
|poke|p1|Heatran, M, shiny
|poke|p1|Breloom, M, shiny
|poke|p2|Nidoqueen, F
|poke|p2|Garchomp, F
|poke|p2|Zapdos
|poke|p2|Infernape, M
|poke|p2|Sylveon, M
|poke|p2|Azumarill, M
|rule|Sleep Clause Mod: Limit one foe put to sleep
|rule|Species Clause: Limit one of each Pokemon
|rule|OHKO Clause: OHKO moves are banned
|rule|Moody Clause: Moody is banned
|rule|Evasion Moves Clause: Evasion moves are banned
|rule|Endless Battle Clause: Forcing endless battles is banned.
|rule|HP Percentage Mod: HP is reported as percentages
|teampreview
|
|start
|switch|p1a: Quagsire|Quagsire, F, shiny|394\/394
|switch|p2a: Infernape|Infernape, M|293\/293
|turn|1
|
|move|p2a: Infernape|U-turn|p1a: Quagsire
|-damage|p1a: Quagsire|329\/394
|
|switch|p2a: Sylveon|Sylveon, M|394\/394
|move|p1a: Quagsire|Scald|p2a: Sylveon
|-damage|p2a: Sylveon|351\/394
|-status|p2a: Sylveon|brn
|
|-heal|p2a: Sylveon|375\/394 brn|[from] item: Leftovers
|-heal|p1a: Quagsire|353\/394|[from] item: Leftovers
|-damage|p2a: Sylveon|326\/394 brn|[from] brn
|turn|2
|
|switch|p2a: Infernape|Infernape, M|293\/293
|switch|p1a: Scizor|Scizor, F, shiny|344\/344
|
|turn|3
|
|switch|p1a: Quagsire|Quagsire, F, shiny|353\/394
|move|p2a: Infernape|Flare Blitz|p1a: Quagsire
|-resisted|p1a: Quagsire
|-damage|p1a: Quagsire|278\/394
|-damage|p2a: Infernape|268\/293|[from] recoil|[of] p1a: Quagsire
|
|-heal|p1a: Quagsire|302\/394|[from] item: Leftovers
|turn|4
|
|switch|p2a: Sylveon|Sylveon, M|326\/394 brn
|move|p1a: Quagsire|Earthquake|p2a: Sylveon
|-damage|p2a: Sylveon|191\/394 brn
|
|-heal|p2a: Sylveon|215\/394 brn|[from] item: Leftovers
|-heal|p1a: Quagsire|326\/394|[from] item: Leftovers
|-damage|p2a: Sylveon|166\/394 brn|[from] brn
|turn|5
|
|move|p2a: Sylveon|Heal Bell|p2a: Sylveon
|-cureteam|p2a: Sylveon|[from] move: HealBell
|move|p1a: Quagsire|Earthquake|p2a: Sylveon
|-damage|p2a: Sylveon|16\/394
|
|-heal|p2a: Sylveon|40\/394|[from] item: Leftovers
|-heal|p1a: Quagsire|350\/394|[from] item: Leftovers
|turn|6
|
|move|p2a: Sylveon|Protect|p2a: Sylveon
|-singleturn|p2a: Sylveon|Protect
|move|p1a: Quagsire|Scald|p2a: Sylveon
|-activate|p2a: Sylveon|Protect
|
|-heal|p2a: Sylveon|64\/394|[from] item: Leftovers
|-heal|p1a: Quagsire|374\/394|[from] item: Leftovers
|turn|7
|
|move|p2a: Sylveon|Hyper Voice|p1a: Quagsire
|-damage|p1a: Quagsire|176\/394
|move|p1a: Quagsire|Scald|p2a: Sylveon
|-damage|p2a: Sylveon|21\/394
|
|-heal|p2a: Sylveon|45\/394|[from] item: Leftovers
|-heal|p1a: Quagsire|200\/394|[from] item: Leftovers
|turn|8
|
|move|p2a: Sylveon|Wish|p2a: Sylveon
|move|p1a: Quagsire|Recover|p1a: Quagsire
|-heal|p1a: Quagsire|394\/394
|
|-heal|p2a: Sylveon|69\/394|[from] item: Leftovers
|turn|9
|
|move|p2a: Sylveon|Protect|p2a: Sylveon
|-singleturn|p2a: Sylveon|Protect
|move|p1a: Quagsire|Earthquake|p2a: Sylveon
|-activate|p2a: Sylveon|Protect
|
|-heal|p2a: Sylveon|266\/394|[from] move: Wish|[wisher] Sylveon
|-heal|p2a: Sylveon|290\/394|[from] item: Leftovers
|turn|10
|
|switch|p2a: Zapdos|Zapdos|384\/384
|-ability|p2a: Zapdos|Pressure
|move|p1a: Quagsire|Earthquake|p2a: Zapdos
|-immune|p2a: Zapdos|[msg]
|
|turn|11
|
|move|p2a: Zapdos|Toxic|p1a: Quagsire
|-status|p1a: Quagsire|tox
|move|p1a: Quagsire|Toxic|p2a: Zapdos|[miss]
|-miss|p1a: Quagsire|p2a: Zapdos
|
|-damage|p1a: Quagsire|370\/394 tox|[from] psn
|turn|12
|
|switch|p2a: Nidoqueen|Nidoqueen, F|384\/384
|move|p1a: Quagsire|Toxic|p2a: Nidoqueen
|-fail|p2a: Nidoqueen
|
|-heal|p1a: Quagsire|394\/394 tox|[from] item: Leftovers
|-damage|p1a: Quagsire|346\/394 tox|[from] psn
|turn|13
|
|move|p2a: Nidoqueen|Earth Power|p1a: Quagsire
|-damage|p1a: Quagsire|174\/394 tox
|move|p1a: Quagsire|Scald|p2a: Nidoqueen
|-supereffective|p2a: Nidoqueen
|-damage|p2a: Nidoqueen|240\/384
|
|-heal|p2a: Nidoqueen|264\/384|[from] item: Black Sludge
|-heal|p1a: Quagsire|198\/394 tox|[from] item: Leftovers
|-damage|p1a: Quagsire|126\/394 tox|[from] psn
|turn|14
|
|switch|p1a: Zapdos|Zapdos, shiny|384\/384
|-ability|p1a: Zapdos|Pressure
|move|p2a: Nidoqueen|Stealth Rock|p1a: Zapdos
|-sidestart|p1: RisinUp|move: Stealth Rock
|
|-heal|p2a: Nidoqueen|288\/384|[from] item: Black Sludge
|turn|15
|
|move|p1a: Zapdos|Heat Wave|p2a: Nidoqueen
|-crit|p2a: Nidoqueen
|-damage|p2a: Nidoqueen|131\/384
|move|p2a: Nidoqueen|Ice Beam|p1a: Zapdos
|-supereffective|p1a: Zapdos
|-damage|p1a: Zapdos|256\/384
|
|-heal|p1a: Zapdos|280\/384|[from] item: Leftovers
|-heal|p2a: Nidoqueen|155\/384|[from] item: Black Sludge
|turn|16
|
|switch|p2a: Garchomp|Garchomp, F|358\/358
|move|p1a: Zapdos|Defog|p2a: Garchomp
|-unboost|p2a: Garchomp|evasion|1
|-sideend|p1: RisinUp|Stealth Rock|[from] move: Defog|[of] p1a: Zapdos
|
|-heal|p1a: Zapdos|304\/384|[from] item: Leftovers
|turn|17
|
|switch|p1a: Quagsire|Quagsire, F, shiny|126\/394 tox
|move|p2a: Garchomp|Stone Edge|p1a: Quagsire
|-resisted|p1a: Quagsire
|-damage|p1a: Quagsire|81\/394 tox
|
|-heal|p1a: Quagsire|105\/394 tox|[from] item: Leftovers
|-damage|p1a: Quagsire|81\/394 tox|[from] psn
|turn|18
|
|move|p2a: Garchomp|Earthquake|p1a: Quagsire
|-damage|p1a: Quagsire|0 fnt
|faint|p1a: Quagsire
|
|
|switch|p1a: Breloom|Breloom, M, shiny|262\/262
|turn|19
|
|move|p2a: Garchomp|Fire Fang|p1a: Breloom
|-supereffective|p1a: Breloom
|-damage|p1a: Breloom|82\/262
|move|p1a: Breloom|Spore|p2a: Garchomp
|-status|p2a: Garchomp|slp
|
|turn|20
|
|cant|p2a: Garchomp|slp
|move|p1a: Breloom|Rock Tomb|p2a: Garchomp
|-resisted|p2a: Garchomp
|-damage|p2a: Garchomp|295\/358 slp
|-unboost|p2a: Garchomp|spe|1
|
|-heal|p2a: Garchomp|317\/358 slp|[from] item: Leftovers
|turn|21
|
|move|p1a: Breloom|Bullet Seed|p2a: Garchomp
|-damage|p2a: Garchomp|245\/358 slp
|-damage|p2a: Garchomp|166\/358 slp
|-hitcount|p2a: Garchomp|2
|-curestatus|p2a: Garchomp|slp
|move|p2a: Garchomp|Fire Fang|p1a: Breloom|[miss]
|-miss|p2a: Garchomp|p1a: Breloom
|
|-heal|p2a: Garchomp|188\/358|[from] item: Leftovers
|turn|22
|
|move|p1a: Breloom|Bullet Seed|p2a: Garchomp
|-damage|p2a: Garchomp|113\/358
|-damage|p2a: Garchomp|29\/358
|-hitcount|p2a: Garchomp|2
|move|p2a: Garchomp|Fire Fang|p1a: Breloom
|-crit|p1a: Breloom
|-supereffective|p1a: Breloom
|-damage|p1a: Breloom|0 fnt
|faint|p1a: Breloom
|
|-heal|p2a: Garchomp|51\/358|[from] item: Leftovers
|
|switch|p1a: Greninja|Greninja, F, shiny|285\/285
|turn|23
|
|switch|p2a: Sylveon|Sylveon, M|290\/394
|-start|p1a: Greninja|typechange|Bug|[from] Protean
|move|p1a: Greninja|U-turn|p2a: Sylveon
|-resisted|p2a: Sylveon
|-damage|p2a: Sylveon|215\/394
|-damage|p1a: Greninja|257\/285|[from] item: Life Orb
|
|switch|p1a: Heatran|Heatran, M, shiny|324\/324
|
|-heal|p2a: Sylveon|239\/394|[from] item: Leftovers
|turn|24
|
|switch|p2a: Azumarill|Azumarill, M|404\/404
|move|p1a: Heatran|Flash Cannon|p2a: Azumarill
|-damage|p2a: Azumarill|220\/404
|
|turn|25
|
|move|p1a: Heatran|Flash Cannon|p2a: Azumarill
|-damage|p2a: Azumarill|42\/404
|move|p2a: Azumarill|Waterfall|p1a: Heatran
|-supereffective|p1a: Heatran
|-damage|p1a: Heatran|0 fnt
|faint|p1a: Heatran
|
|
|switch|p1a: Scizor|Scizor, F, shiny|344\/344
|turn|26
|
|switch|p2a: Zapdos|Zapdos|384\/384
|-ability|p2a: Zapdos|Pressure
|-formechange|p1a: Scizor|Scizor-Mega
|message|Scizor has Mega Evolved into Mega Scizor!
|move|p1a: Scizor|Bullet Punch|p2a: Zapdos
|-resisted|p2a: Zapdos
|-damage|p2a: Zapdos|342\/384
|
|-heal|p2a: Zapdos|366\/384|[from] item: Leftovers
|turn|27
|
|move|p2a: Zapdos|Discharge|p1a: Scizor
|-damage|p1a: Scizor|251\/344
|-status|p1a: Scizor|par
|move|p1a: Scizor|U-turn|p2a: Zapdos
|-resisted|p2a: Zapdos
|-damage|p2a: Zapdos|315\/384
|
|switch|p1a: Greninja|Greninja, F, shiny|257\/285
|
|-heal|p2a: Zapdos|339\/384|[from] item: Leftovers
|turn|28
|
|switch|p2a: Azumarill|Azumarill, M|42\/404
|-start|p1a: Greninja|typechange|Water|[from] Protean
|move|p1a: Greninja|Hydro Pump|p2a: Azumarill
|-resisted|p2a: Azumarill
|-damage|p2a: Azumarill|0 fnt
|-damage|p1a: Greninja|229\/285|[from] item: Life Orb
|faint|p2a: Azumarill
|
|
|switch|p2a: Sylveon|Sylveon, M|239\/394
|turn|29
|
|-start|p1a: Greninja|typechange|Bug|[from] Protean
|move|p1a: Greninja|U-turn|p2a: Sylveon
|-resisted|p2a: Sylveon
|-damage|p2a: Sylveon|169\/394
|-damage|p1a: Greninja|201\/285|[from] item: Life Orb
|
|switch|p1a: Zapdos|Zapdos, shiny|304\/384
|-ability|p1a: Zapdos|Pressure
|move|p2a: Sylveon|Wish|p2a: Sylveon
|
|-heal|p1a: Zapdos|328\/384|[from] item: Leftovers
|-heal|p2a: Sylveon|193\/394|[from] item: Leftovers
|turn|30
|
|switch|p2a: Nidoqueen|Nidoqueen, F|155\/384
|move|p1a: Zapdos|Heat Wave|p2a: Nidoqueen
|-damage|p2a: Nidoqueen|46\/384
|
|-heal|p2a: Nidoqueen|243\/384|[from] move: Wish|[wisher] Sylveon
|-heal|p1a: Zapdos|352\/384|[from] item: Leftovers
|-heal|p2a: Nidoqueen|267\/384|[from] item: Black Sludge
|turn|31
|
|move|p1a: Zapdos|Heat Wave|p2a: Nidoqueen
|-damage|p2a: Nidoqueen|170\/384
|-status|p2a: Nidoqueen|brn
|move|p2a: Nidoqueen|Stealth Rock|p1a: Zapdos
|-sidestart|p1: RisinUp|move: Stealth Rock
|
|-heal|p1a: Zapdos|376\/384|[from] item: Leftovers
|-heal|p2a: Nidoqueen|194\/384 brn|[from] item: Black Sludge
|-damage|p2a: Nidoqueen|146\/384 brn|[from] brn
|turn|32
|
|switch|p2a: Zapdos|Zapdos|339\/384
|-ability|p2a: Zapdos|Pressure
|move|p1a: Zapdos|Defog|p2a: Zapdos
|-unboost|p2a: Zapdos|evasion|1
|-sideend|p1: RisinUp|Stealth Rock|[from] move: Defog|[of] p1a: Zapdos
|
|-heal|p1a: Zapdos|384\/384|[from] item: Leftovers
|-heal|p2a: Zapdos|363\/384|[from] item: Leftovers
|turn|33
|
|move|p2a: Zapdos|Toxic|p1a: Zapdos|[miss]
|-miss|p2a: Zapdos|p1a: Zapdos
|move|p1a: Zapdos|Thunderbolt|p2a: Zapdos
|-damage|p2a: Zapdos|215\/384
|
|-heal|p2a: Zapdos|239\/384|[from] item: Leftovers
|turn|34
|
|move|p1a: Zapdos|Thunderbolt|p2a: Zapdos
|-damage|p2a: Zapdos|92\/384
|move|p2a: Zapdos|Toxic|p1a: Zapdos
|-status|p1a: Zapdos|tox
|
|-heal|p2a: Zapdos|116\/384|[from] item: Leftovers
|-damage|p1a: Zapdos|360\/384 tox|[from] psn
|turn|35
|
|switch|p2a: Garchomp|Garchomp, F|51\/358
|move|p1a: Zapdos|Heat Wave|p2a: Garchomp
|-resisted|p2a: Garchomp
|-damage|p2a: Garchomp|0 fnt
|faint|p2a: Garchomp
|
|-heal|p1a: Zapdos|384\/384 tox|[from] item: Leftovers
|-damage|p1a: Zapdos|336\/384 tox|[from] psn
|
|switch|p2a: Sylveon|Sylveon, M|193\/394
|turn|36
|
|move|p1a: Zapdos|Thunderbolt|p2a: Sylveon
|-damage|p2a: Sylveon|121\/394
|move|p2a: Sylveon|Wish|p2a: Sylveon
|
|-heal|p1a: Zapdos|360\/384 tox|[from] item: Leftovers
|-heal|p2a: Sylveon|145\/394|[from] item: Leftovers
|-damage|p1a: Zapdos|288\/384 tox|[from] psn
|turn|37
|
|switch|p1a: Scizor|Scizor, F, shiny|251\/344 par
|-formechange|p1a: Scizor|Scizor-Mega
|move|p2a: Sylveon|Heal Bell|p2a: Sylveon
|-cureteam|p2a: Sylveon|[from] move: HealBell
|
|-heal|p2a: Sylveon|342\/394|[from] move: Wish|[wisher] Sylveon
|-heal|p2a: Sylveon|366\/394|[from] item: Leftovers
|turn|38
|
|switch|p2a: Zapdos|Zapdos|116\/384
|-ability|p2a: Zapdos|Pressure
|move|p1a: Scizor|Swords Dance|p1a: Scizor
|-boost|p1a: Scizor|atk|2
|
|-heal|p2a: Zapdos|140\/384|[from] item: Leftovers
|turn|39
|
|move|p1a: Scizor|Bullet Punch|p2a: Zapdos
|-resisted|p2a: Zapdos
|-damage|p2a: Zapdos|45\/384
|move|p2a: Zapdos|Roost|p2a: Zapdos
|-heal|p2a: Zapdos|237\/384
|
|-heal|p2a: Zapdos|261\/384|[from] item: Leftovers
|turn|40
|
|move|p2a: Zapdos|Discharge|p1a: Scizor
|-damage|p1a: Scizor|157\/344 par
|cant|p1a: Scizor|par
|
|-heal|p2a: Zapdos|285\/384|[from] item: Leftovers
|turn|41
|
|move|p2a: Zapdos|Discharge|p1a: Scizor
|-damage|p1a: Scizor|63\/344 par
|move|p1a: Scizor|Roost|p1a: Scizor
|-heal|p1a: Scizor|235\/344 par
|
|-heal|p2a: Zapdos|309\/384|[from] item: Leftovers
|turn|42
|
|switch|p2a: Infernape|Infernape, M|268\/293
|move|p1a: Scizor|Roost|p1a: Scizor
|-heal|p1a: Scizor|344\/344 par
|
|turn|43
|
|switch|p1a: Zapdos|Zapdos, shiny|288\/384 tox
|-ability|p1a: Zapdos|Pressure
|move|p2a: Infernape|Flare Blitz|p1a: Zapdos
|-damage|p1a: Zapdos|39\/384 tox
|-damage|p2a: Infernape|186\/293|[from] recoil|[of] p1a: Zapdos
|
|-heal|p1a: Zapdos|63\/384 tox|[from] item: Leftovers
|-damage|p1a: Zapdos|39\/384 tox|[from] psn
|turn|44
|
|move|p2a: Infernape|Flare Blitz|p1a: Zapdos
|-damage|p1a: Zapdos|0 fnt
|-damage|p2a: Infernape|173\/293|[from] recoil|[of] p1a: Zapdos
|faint|p1a: Zapdos
|
|
|switch|p1a: Greninja|Greninja, F, shiny|201\/285
|turn|45
|
|move|p2a: Infernape|Flare Blitz|p1a: Greninja
|-resisted|p1a: Greninja
|-damage|p1a: Greninja|57\/285
|-damage|p2a: Infernape|125\/293|[from] recoil|[of] p1a: Greninja
|-start|p1a: Greninja|typechange|Water|[from] Protean
|move|p1a: Greninja|Hydro Pump|p2a: Infernape
|-supereffective|p2a: Infernape
|-damage|p2a: Infernape|0 fnt
|-damage|p1a: Greninja|29\/285|[from] item: Life Orb
|faint|p2a: Infernape
|
|
|switch|p2a: Zapdos|Zapdos|309\/384
|-ability|p2a: Zapdos|Pressure
|turn|46
|
|-start|p1a: Greninja|typechange|Ice|[from] Protean
|move|p1a: Greninja|Ice Beam|p2a: Zapdos
|-supereffective|p2a: Zapdos
|-damage|p2a: Zapdos|0 fnt
|-damage|p1a: Greninja|1\/285|[from] item: Life Orb
|faint|p2a: Zapdos
|
|
|switch|p2a: Sylveon|Sylveon, M|366\/394
|turn|47
|
|-start|p1a: Greninja|typechange|Water|[from] Protean
|move|p1a: Greninja|Hydro Pump|p2a: Sylveon
|-damage|p2a: Sylveon|244\/394
|-damage|p1a: Greninja|0 fnt|[from] item: Life Orb
|faint|p1a: Greninja
|move|p2a: Sylveon|Wish|p2a: Sylveon
|
|-heal|p2a: Sylveon|268\/394|[from] item: Leftovers
|
|switch|p1a: Scizor|Scizor, F, shiny|344\/344 par
|-formechange|p1a: Scizor|Scizor-Mega
|turn|48
|
|switch|p2a: Nidoqueen|Nidoqueen, F|146\/384
|move|p1a: Scizor|Swords Dance|p1a: Scizor
|-boost|p1a: Scizor|atk|2
|
|-heal|p2a: Nidoqueen|343\/384|[from] move: Wish|[wisher] Sylveon
|-heal|p2a: Nidoqueen|367\/384|[from] item: Black Sludge
|turn|49
|
|move|p1a: Scizor|Bullet Punch|p2a: Nidoqueen
|-damage|p2a: Nidoqueen|168\/384
|move|p2a: Nidoqueen|Flamethrower|p1a: Scizor
|-supereffective|p1a: Scizor
|-damage|p1a: Scizor|44\/344 par
|
|-heal|p2a: Nidoqueen|192\/384|[from] item: Black Sludge
|turn|50
|chat|MintyShade|gg
|
|move|p1a: Scizor|Bullet Punch|p2a: Nidoqueen
|-damage|p2a: Nidoqueen|0 fnt
|faint|p2a: Nidoqueen
|
|chat|RisinUp|gg
|
|switch|p2a: Sylveon|Sylveon, M|268\/394
|turn|51
|
|move|p1a: Scizor|Bullet Punch|p2a: Sylveon
|-supereffective|p2a: Sylveon
|-damage|p2a: Sylveon|0 fnt
|faint|p2a: Sylveon
|
|win|RisinUp
|raw|Ladder updating...
|raw|RisinUp's rating: 1389 &rarr; <strong>1410<\/strong><br \/>(+21 for winning)
|raw|MintyShade's rating: 1404 &rarr; <strong>1383<\/strong><br \/>(-21 for losing)
|leave|MintyShade
|player|p2
|chat|RisinUp|COMBACKKKKKK