|join|MintyShade
|join|everythings fodder
|player|p1|MintyShade|148
|player|p2|everythings fodder|287
|gametype|singles
|gen|6
|tier|OU
|rated
|clearpoke
|poke|p1|Latios, M
|poke|p1|Garchomp, M
|poke|p1|Hawlucha, F
|poke|p1|Raikou
|poke|p1|Scizor, M
|poke|p1|Starmie
|poke|p2|Azumarill, M
|poke|p2|Latios, M
|poke|p2|Landorus-Therian, M
|poke|p2|Heracross, M
|poke|p2|Thundurus, M
|poke|p2|Ferrothorn, M
|rule|Swagger Clause: Swagger is banned
|rule|Baton Pass Clause: Limit one PokÃ©mon knowing Baton Pass
|rule|Sleep Clause Mod: Limit one foe put to sleep
|rule|Species Clause: Limit one of each PokÃ©mon
|rule|OHKO Clause: OHKO moves are banned
|rule|Moody Clause: Moody is banned
|rule|Evasion Moves Clause: Evasion moves are banned
|rule|Endless Battle Clause: Forcing endless battles is banned
|rule|HP Percentage Mod: HP is shown in percentages
|teampreview
|
|start
|switch|p1a: Raikou|Raikou|329\/329
|switch|p2a: Latios|Latios, M|302\/302
|-ability|p1a: Raikou|Pressure
|turn|1
|
|switch|p1a: Scizor|Scizor, M|343\/343
|move|p2a: Latios|Draco Meteor|p1a: Scizor|[miss]
|-miss|p2a: Latios|p1a: Scizor
|
|turn|2
|
|switch|p2a: Heracross|Heracross, M|311\/311
|detailschange|p1a: Scizor|Scizor-Mega, M
|message|Scizor has Mega Evolved into Mega Scizor!
|move|p1a: Scizor|Knock Off|p2a: Heracross
|-resisted|p2a: Heracross
|-damage|p2a: Heracross|254\/311
|
|turn|3
|
|switch|p1a: Garchomp|Garchomp, M|420\/420
|detailschange|p2a: Heracross|Heracross-Mega, M
|message|Heracross has Mega Evolved into Mega Heracross!
|move|p2a: Heracross|Pin Missile|p1a: Garchomp
|-damage|p1a: Garchomp|369\/420
|-damage|p1a: Garchomp|324\/420
|-damage|p1a: Garchomp|276\/420
|-damage|p1a: Garchomp|225\/420
|-damage|p1a: Garchomp|176\/420
|-hitcount|p1a: Garchomp|5
|
|turn|4
|
|move|p2a: Heracross|Pin Missile|p1a: Garchomp
|-damage|p1a: Garchomp|131\/420
|-damage|p1a: Garchomp|86\/420
|-damage|p1a: Garchomp|32\/420
|-damage|p1a: Garchomp|0 fnt
|-hitcount|p1a: Garchomp|4
|faint|p1a: Garchomp
|
|
|switch|p1a: Latios|Latios, M|302\/302
|turn|5
|
|switch|p2a: Ferrothorn|Ferrothorn, M|352\/352
|move|p1a: Latios|Trick|p2a: Ferrothorn
|-activate|p1a: Latios|move: Trick|[of] p2a: Ferrothorn
|-item|p2a: Ferrothorn|Choice Specs|[from] move: Trick
|-item|p1a: Latios|Leftovers|[from] move: Trick
|
|turn|6
|c|âeverythings fodder|u fool
|c|âeverythings fodder|i have giga drain
|
|switch|p1a: Scizor|Scizor-Mega, M|343\/343
|move|p2a: Ferrothorn|Stealth Rock|p1a: Scizor
|-sidestart|p1: MintyShade|move: Stealth Rock
|
|turn|7
|
|switch|p2a: Heracross|Heracross-Mega, M|254\/311
|move|p1a: Scizor|U-turn|p2a: Heracross
|-resisted|p2a: Heracross
|-damage|p2a: Heracross|193\/311
|
|switch|p1a: Latios|Latios, M|302\/302
|-damage|p1a: Latios|265\/302|[from] Stealth Rock
|
|-heal|p1a: Latios|283\/302|[from] item: Leftovers
|turn|8
|
|switch|p2a: Ferrothorn|Ferrothorn, M|352\/352
|move|p1a: Latios|Psyshock|p2a: Ferrothorn
|-resisted|p2a: Ferrothorn
|-damage|p2a: Ferrothorn|301\/352
|
|-heal|p1a: Latios|301\/302|[from] item: Leftovers
|turn|9
|
|switch|p2a: Heracross|Heracross-Mega, M|193\/311
|move|p1a: Latios|Psyshock|p2a: Heracross
|-supereffective|p2a: Heracross
|-damage|p2a: Heracross|0 fnt
|faint|p2a: Heracross
|
|-heal|p1a: Latios|302\/302|[from] item: Leftovers
|
|switch|p2a: Landorus-Therian|Landorus-Therian, M|329\/329
|-ability|p2a: Landorus-Therian|Intimidate|[of] p1a: Latios
|-unboost|p1a: Latios|atk|1
|turn|10
|c|âeverythings fodder|wasnt even a play imo
|
|move|p2a: Landorus-Therian|U-turn|p1a: Latios
|-crit|p1a: Latios
|-supereffective|p1a: Latios
|-damage|p1a: Latios|0 fnt
|faint|p1a: Latios
|
|switch|p2a: Thundurus|Thundurus, M|300\/300
|
|
|switch|p1a: Raikou|Raikou|329\/329
|-damage|p1a: Raikou|288\/329|[from] Stealth Rock
|-ability|p1a: Raikou|Pressure
|turn|11
|
|switch|p2a: Latios|Latios, M|302\/302
|move|p1a: Raikou|Hidden Power|p2a: Latios
|-supereffective|p2a: Latios
|-damage|p2a: Latios|172\/302
|
|-heal|p1a: Raikou|308\/329|[from] item: Leftovers
|turn|12
|
|switch|p1a: Hawlucha|Hawlucha, F|298\/298
|-damage|p1a: Hawlucha|261\/298|[from] Stealth Rock
|move|p2a: Latios|Draco Meteor|p1a: Hawlucha
|-damage|p1a: Hawlucha|0 fnt
|-unboost|p2a: Latios|spa|2
|-damage|p2a: Latios|142\/302|[from] item: Life Orb
|faint|p1a: Hawlucha
|
|
|switch|p1a: Scizor|Scizor-Mega, M|343\/343
|-damage|p1a: Scizor|301\/343|[from] Stealth Rock
|turn|13
|
|switch|p2a: Landorus-Therian|Landorus-Therian, M|329\/329
|-ability|p2a: Landorus-Therian|Intimidate|[of] p1a: Scizor
|-unboost|p1a: Scizor|atk|1
|move|p1a: Scizor|U-turn|p2a: Landorus-Therian
|-resisted|p2a: Landorus-Therian
|-damage|p2a: Landorus-Therian|281\/329
|
|switch|p1a: Starmie|Starmie|323\/323
|-damage|p1a: Starmie|283\/323|[from] Stealth Rock
|
|-heal|p1a: Starmie|303\/323|[from] item: Leftovers
|turn|14
|
|switch|p1a: Scizor|Scizor-Mega, M|301\/343
|-damage|p1a: Scizor|259\/343|[from] Stealth Rock
|move|p2a: Landorus-Therian|U-turn|p1a: Scizor
|-crit|p1a: Scizor
|-resisted|p1a: Scizor
|-damage|p1a: Scizor|201\/343
|
|switch|p2a: Thundurus|Thundurus, M|300\/300
|
|turn|15
|
|move|p2a: Thundurus|Volt Switch|p1a: Scizor
|-damage|p1a: Scizor|87\/343
|
|switch|p2a: Azumarill|Azumarill, M|404\/404
|move|p1a: Scizor|Roost|p1a: Scizor
|-heal|p1a: Scizor|259\/343
|
|turn|16
|
|move|p1a: Scizor|Knock Off|p2a: Azumarill
|-crit|p2a: Azumarill
|-resisted|p2a: Azumarill
|-damage|p2a: Azumarill|280\/404
|-enditem|p2a: Azumarill|Assault Vest|[from] move: Knock Off|[of] p1a: Scizor
|move|p2a: Azumarill|Waterfall|p1a: Scizor
|-damage|p1a: Scizor|136\/343
|
|turn|17
|
|switch|p2a: Ferrothorn|Ferrothorn, M|301\/352
|move|p1a: Scizor|Roost|p1a: Scizor
|-heal|p1a: Scizor|308\/343
|
|turn|18
|
|move|p1a: Scizor|Bullet Punch|p2a: Ferrothorn
|-resisted|p2a: Ferrothorn
|-damage|p2a: Ferrothorn|264\/352
|-damage|p1a: Scizor|266\/343|[from] ability: Iron Barbs|[of] p2a: Ferrothorn
|move|p2a: Ferrothorn|Leech Seed|p1a: Scizor
|-start|p1a: Scizor|move: Leech Seed
|
|-damage|p1a: Scizor|224\/343|[from] Leech Seed|[of] p2a: Ferrothorn
|-heal|p2a: Ferrothorn|306\/352|[silent]
|turn|19
|
|switch|p2a: Landorus-Therian|Landorus-Therian, M|281\/329
|-ability|p2a: Landorus-Therian|Intimidate|[of] p1a: Scizor
|-unboost|p1a: Scizor|atk|1
|move|p1a: Scizor|U-turn|p2a: Landorus-Therian
|-resisted|p2a: Landorus-Therian
|-damage|p2a: Landorus-Therian|233\/329
|
|switch|p1a: Starmie|Starmie|303\/323
|-damage|p1a: Starmie|263\/323|[from] Stealth Rock
|
|-heal|p1a: Starmie|283\/323|[from] item: Leftovers
|turn|20
|
|move|p2a: Landorus-Therian|U-turn|p1a: Starmie
|-supereffective|p1a: Starmie
|-damage|p1a: Starmie|73\/323
|
|switch|p2a: Ferrothorn|Ferrothorn, M|306\/352
|move|p1a: Starmie|Scald|p2a: Ferrothorn
|-resisted|p2a: Ferrothorn
|-damage|p2a: Ferrothorn|272\/352
|
|-heal|p1a: Starmie|93\/323|[from] item: Leftovers
|turn|21
|
|move|p1a: Starmie|Recover|p1a: Starmie
|-heal|p1a: Starmie|255\/323
|move|p2a: Ferrothorn|Leech Seed|p1a: Starmie
|-start|p1a: Starmie|move: Leech Seed
|
|-heal|p1a: Starmie|275\/323|[from] item: Leftovers
|-damage|p1a: Starmie|235\/323|[from] Leech Seed|[of] p2a: Ferrothorn
|-heal|p2a: Ferrothorn|312\/352|[silent]
|turn|22
|
|switch|p2a: Thundurus|Thundurus, M|300\/300
|move|p1a: Starmie|Scald|p2a: Thundurus
|-damage|p2a: Thundurus|185\/300
|
|-heal|p1a: Starmie|255\/323|[from] item: Leftovers
|-heal|p2a: Thundurus|203\/300|[from] item: Leftovers
|-damage|p1a: Starmie|215\/323|[from] Leech Seed|[of] p2a: Thundurus
|-heal|p2a: Thundurus|243\/300|[silent]
|turn|23
|
|switch|p1a: Raikou|Raikou|308\/329
|-damage|p1a: Raikou|267\/329|[from] Stealth Rock
|-ability|p1a: Raikou|Pressure
|move|p2a: Thundurus|Volt Switch|p1a: Raikou
|-resisted|p1a: Raikou
|-damage|p1a: Raikou|208\/329
|
|switch|p2a: Landorus-Therian|Landorus-Therian, M|233\/329
|-ability|p2a: Landorus-Therian|Intimidate|[of] p1a: Raikou
|-unboost|p1a: Raikou|atk|1
|
|-heal|p1a: Raikou|228\/329|[from] item: Leftovers
|turn|24
|
|move|p2a: Landorus-Therian|Earthquake|p1a: Raikou
|-supereffective|p1a: Raikou
|-damage|p1a: Raikou|0 fnt
|faint|p1a: Raikou
|
|
|switch|p1a: Scizor|Scizor-Mega, M|224\/343
|-damage|p1a: Scizor|182\/343|[from] Stealth Rock
|turn|25
|
|switch|p2a: Ferrothorn|Ferrothorn, M|312\/352
|move|p1a: Scizor|Roost|p1a: Scizor
|-heal|p1a: Scizor|343\/343
|
|turn|26
|
|move|p1a: Scizor|U-turn|p2a: Ferrothorn
|-damage|p2a: Ferrothorn|224\/352
|-damage|p1a: Scizor|301\/343|[from] ability: Iron Barbs|[of] p2a: Ferrothorn
|
|switch|p1a: Starmie|Starmie|215\/323
|-damage|p1a: Starmie|175\/323|[from] Stealth Rock
|move|p2a: Ferrothorn|Leech Seed|p1a: Starmie
|-start|p1a: Starmie|move: Leech Seed
|
|-heal|p1a: Starmie|195\/323|[from] item: Leftovers
|-damage|p1a: Starmie|155\/323|[from] Leech Seed|[of] p2a: Ferrothorn
|-heal|p2a: Ferrothorn|264\/352|[silent]
|turn|27
|
|switch|p2a: Thundurus|Thundurus, M|243\/300
|move|p1a: Starmie|Rapid Spin|p2a: Thundurus
|-damage|p2a: Thundurus|231\/300
|-end|p1a: Starmie|Leech Seed|[from] move: Rapid Spin|[of] p1a: Starmie
|-sideend|p1: MintyShade|Stealth Rock|[from] move: Rapid Spin|[of] p1a: Starmie
|
|-heal|p1a: Starmie|175\/323|[from] item: Leftovers
|-heal|p2a: Thundurus|249\/300|[from] item: Leftovers
|turn|28
|
|move|p1a: Starmie|Scald|p2a: Thundurus
|-crit|p2a: Thundurus
|-damage|p2a: Thundurus|74\/300
|move|p2a: Thundurus|Thunderbolt|p1a: Starmie
|-supereffective|p1a: Starmie
|-damage|p1a: Starmie|0 fnt
|faint|p1a: Starmie
|
|-heal|p2a: Thundurus|92\/300|[from] item: Leftovers
|
|switch|p1a: Scizor|Scizor-Mega, M|301\/343
|turn|29
|
|move|p2a: Thundurus|Volt Switch|p1a: Scizor
|-damage|p1a: Scizor|202\/343
|
|switch|p2a: Ferrothorn|Ferrothorn, M|264\/352
|move|p1a: Scizor|U-turn|p2a: Ferrothorn
|-damage|p2a: Ferrothorn|167\/352
|-damage|p1a: Scizor|160\/343|[from] ability: Iron Barbs|[of] p2a: Ferrothorn
|
|turn|30
|
|move|p1a: Scizor|U-turn|p2a: Ferrothorn
|-damage|p2a: Ferrothorn|68\/352
|-damage|p1a: Scizor|118\/343|[from] ability: Iron Barbs|[of] p2a: Ferrothorn
|move|p2a: Ferrothorn|Leech Seed|p1a: Scizor
|-start|p1a: Scizor|move: Leech Seed
|
|-damage|p1a: Scizor|76\/343|[from] Leech Seed|[of] p2a: Ferrothorn
|-heal|p2a: Ferrothorn|110\/352|[silent]
|turn|31
|
|switch|p2a: Landorus-Therian|Landorus-Therian, M|233\/329
|-ability|p2a: Landorus-Therian|Intimidate|[of] p1a: Scizor
|-unboost|p1a: Scizor|atk|1
|move|p1a: Scizor|Knock Off|p2a: Landorus-Therian
|-damage|p2a: Landorus-Therian|142\/329
|-enditem|p2a: Landorus-Therian|Choice Scarf|[from] move: Knock Off|[of] p1a: Scizor
|
|-damage|p1a: Scizor|34\/343|[from] Leech Seed|[of] p2a: Landorus-Therian
|-heal|p2a: Landorus-Therian|184\/329|[silent]
|turn|32
|
|move|p1a: Scizor|Bullet Punch|p2a: Landorus-Therian
|-damage|p2a: Landorus-Therian|102\/329
|move|p2a: Landorus-Therian|Earthquake|p1a: Scizor
|-damage|p1a: Scizor|0 fnt
|faint|p1a: Scizor
|
|win|everythings fodder
|raw|Ladder updating...
|raw|MintyShade's rating: 1684 &rarr; <strong>1664<\/strong><br \/>(-20 for losing)
|raw|everythings fodder's rating: 1678 &rarr; <strong>1699<\/strong><br \/>(+21 for winning)
|c|âeverythings fodder|gg
|c|âMintyShade|gg
|leave|MintyShade
|player|p1