|join|jjdidit
|join|MintyShade
|player|p1|jjdidit|154
|player|p2|MintyShade|148
|gametype|singles
|gen|6
|tier|OU
|rated
|clearpoke
|poke|p1|Conkeldurr, F
|poke|p1|Dragonite, M
|poke|p1|Manectric, F
|poke|p1|Heatran, F
|poke|p1|Starmie, shiny
|poke|p1|Gengar, M, shiny
|poke|p2|Keldeo
|poke|p2|Rotom-Wash
|poke|p2|Infernape, F
|poke|p2|Scizor, F
|poke|p2|Excadrill, M
|poke|p2|Talonflame, F
|rule|Swagger Clause: Swagger is banned
|rule|Baton Pass Clause: Limit one PokÃ©mon knowing Baton Pass
|rule|Sleep Clause Mod: Limit one foe put to sleep
|rule|Species Clause: Limit one of each PokÃ©mon
|rule|OHKO Clause: OHKO moves are banned
|rule|Moody Clause: Moody is banned
|rule|Evasion Moves Clause: Evasion moves are banned
|rule|Endless Battle Clause: Forcing endless battles is banned
|rule|HP Percentage Mod: HP is shown in percentages
|teampreview
|
|start
|switch|p1a: Cleopatra|Manectric, F|281\/281
|switch|p2a: Rotom-Wash|Rotom-Wash|304\/304
|turn|1
|
|move|p1a: Cleopatra|Thunderbolt|p2a: Rotom-Wash
|-damage|p2a: Rotom-Wash|177\/304
|move|p2a: Rotom-Wash|Hydro Pump|p1a: Cleopatra
|-damage|p1a: Cleopatra|91\/281
|
|-heal|p2a: Rotom-Wash|196\/304|[from] item: Leftovers
|turn|2
|
|switch|p2a: Excadrill|Excadrill, M|362\/362
|-ability|p2a: Excadrill|Mold Breaker
|detailschange|p1a: Cleopatra|Manectric-Mega, F
|message|Manectric has Mega Evolved into Mega Manectric!
|-ability|p1a: Cleopatra|Intimidate|[of] p2a: Excadrill
|-unboost|p2a: Excadrill|atk|1
|move|p1a: Cleopatra|Volt Switch|p2a: Excadrill
|-immune|p2a: Excadrill|[msg]
|
|turn|3
|
|move|p2a: Excadrill|Earthquake|p1a: Cleopatra
|-supereffective|p1a: Cleopatra
|-damage|p1a: Cleopatra|0 fnt
|faint|p1a: Cleopatra
|
|
|switch|p1a: KOTR|Dragonite, M|323\/323
|turn|4
|
|switch|p2a: Rotom-Wash|Rotom-Wash|196\/304
|move|p1a: KOTR|Fire Punch|p2a: Rotom-Wash
|-resisted|p2a: Rotom-Wash
|-damage|p2a: Rotom-Wash|143\/304
|-status|p2a: Rotom-Wash|brn
|
|-heal|p2a: Rotom-Wash|162\/304 brn|[from] item: Leftovers
|-damage|p2a: Rotom-Wash|124\/304 brn|[from] brn
|turn|5
|
|switch|p1a: Eldurr|Conkeldurr, F|414\/414
|move|p2a: Rotom-Wash|Pain Split|p1a: Eldurr
|-sethp|p1a: Eldurr|269\/414|p2a: Rotom-Wash|269\/304 brn|[from] move: Pain Split
|
|-heal|p2a: Rotom-Wash|288\/304 brn|[from] item: Leftovers
|-damage|p2a: Rotom-Wash|250\/304 brn|[from] brn
|turn|6
|
|switch|p2a: Talonflame|Talonflame, F|359\/359
|move|p1a: Eldurr|Knock Off|p2a: Talonflame
|-damage|p2a: Talonflame|214\/359
|-enditem|p2a: Talonflame|Leftovers|[from] move: Knock Off|[of] p1a: Eldurr
|
|turn|7
|
|move|p2a: Talonflame|Bulk Up|p2a: Talonflame
|-boost|p2a: Talonflame|atk|1
|-boost|p2a: Talonflame|def|1
|move|p1a: Eldurr|Drain Punch|p2a: Talonflame
|-resisted|p2a: Talonflame
|-damage|p2a: Talonflame|166\/359
|-heal|p1a: Eldurr|293\/414|[from] drain|[of] p2a: Talonflame
|
|turn|8
|
|switch|p1a: Heatran|Heatran, F|386\/386
|move|p2a: Talonflame|Bulk Up|p2a: Talonflame
|-boost|p2a: Talonflame|atk|1
|-boost|p2a: Talonflame|def|1
|
|turn|9
|
|move|p2a: Talonflame|Brave Bird|p1a: Heatran
|-resisted|p1a: Heatran
|-damage|p1a: Heatran|278\/386
|-damage|p2a: Talonflame|130\/359|[from] recoil|[of] p1a: Heatran
|move|p1a: Heatran|Stealth Rock|p2a: Talonflame
|-sidestart|p2: MintyShade|move: Stealth Rock
|
|-heal|p1a: Heatran|302\/386|[from] item: Leftovers
|turn|10
|
|move|p2a: Talonflame|Roost|p2a: Talonflame
|-heal|p2a: Talonflame|310\/359
|move|p1a: Heatran|Lava Plume|p2a: Talonflame
|-resisted|p2a: Talonflame
|-damage|p2a: Talonflame|241\/359
|
|-heal|p1a: Heatran|326\/386|[from] item: Leftovers
|turn|11
|
|move|p2a: Talonflame|Bulk Up|p2a: Talonflame
|-boost|p2a: Talonflame|atk|1
|-boost|p2a: Talonflame|def|1
|move|p1a: Heatran|Earth Power|p2a: Talonflame
|-immune|p2a: Talonflame|[msg]
|
|-heal|p1a: Heatran|350\/386|[from] item: Leftovers
|turn|12
|
|move|p2a: Talonflame|Bulk Up|p2a: Talonflame
|-boost|p2a: Talonflame|atk|1
|-boost|p2a: Talonflame|def|1
|move|p1a: Heatran|Roar|p2a: Talonflame
|drag|p2a: Scizor|Scizor, F|344\/344
|-damage|p2a: Scizor|301\/344|[from] Stealth Rock
|
|-heal|p1a: Heatran|374\/386|[from] item: Leftovers
|turn|13
|
|switch|p2a: Infernape|Infernape, F|293\/293
|-damage|p2a: Infernape|257\/293|[from] Stealth Rock
|move|p1a: Heatran|Lava Plume|p2a: Infernape
|-resisted|p2a: Infernape
|-damage|p2a: Infernape|161\/293
|
|-heal|p1a: Heatran|386\/386|[from] item: Leftovers
|turn|14
|
|switch|p1a: Missy|Starmie, shiny|261\/261
|move|p2a: Infernape|Stealth Rock|p1a: Missy
|-sidestart|p1: jjdidit|move: Stealth Rock
|
|turn|15
|
|switch|p2a: Scizor|Scizor, F|301\/344
|-damage|p2a: Scizor|258\/344|[from] Stealth Rock
|move|p1a: Missy|Psychic|p2a: Scizor
|-resisted|p2a: Scizor
|-damage|p2a: Scizor|183\/344
|
|turn|16
|
|move|p1a: Missy|Scald|p2a: Scizor
|-damage|p2a: Scizor|51\/344
|-status|p2a: Scizor|brn
|move|p2a: Scizor|Pursuit|p1a: Missy
|-supereffective|p1a: Missy
|-damage|p1a: Missy|119\/261
|
|-damage|p2a: Scizor|8\/344 brn|[from] brn
|turn|17
|
|move|p1a: Missy|Rapid Spin|p2a: Scizor
|-resisted|p2a: Scizor
|-damage|p2a: Scizor|3\/344 brn
|-sideend|p1: jjdidit|Stealth Rock|[from] move: Rapid Spin|[of] p1a: Missy
|move|p2a: Scizor|Pursuit|p1a: Missy
|-supereffective|p1a: Missy
|-damage|p1a: Missy|0 fnt
|faint|p1a: Missy
|
|-damage|p2a: Scizor|0 fnt|[from] brn
|faint|p2a: Scizor
|
|switch|p2a: Infernape|Infernape, F|161\/293
|-damage|p2a: Infernape|125\/293|[from] Stealth Rock
|switch|p1a: Eldurr|Conkeldurr, F|293\/414
|turn|18
|
|move|p2a: Infernape|Fake Out|p1a: Eldurr
|-damage|p1a: Eldurr|259\/414
|cant|p1a: Eldurr|flinch
|
|turn|19
|
|move|p2a: Infernape|Stealth Rock|p1a: Eldurr
|-sidestart|p1: jjdidit|move: Stealth Rock
|move|p1a: Eldurr|Drain Punch|p2a: Infernape
|-damage|p2a: Infernape|0 fnt
|-heal|p1a: Eldurr|322\/414|[from] drain|[of] p2a: Infernape
|faint|p2a: Infernape
|
|
|switch|p2a: Talonflame|Talonflame, F|241\/359
|-damage|p2a: Talonflame|62\/359|[from] Stealth Rock
|turn|20
|
|move|p2a: Talonflame|Roost|p2a: Talonflame
|-heal|p2a: Talonflame|242\/359
|move|p1a: Eldurr|Drain Punch|p2a: Talonflame
|-damage|p2a: Talonflame|98\/359
|-heal|p1a: Eldurr|394\/414|[from] drain|[of] p2a: Talonflame
|
|turn|21
|
|switch|p1a: Heatran|Heatran, F|386\/386
|-damage|p1a: Heatran|338\/386|[from] Stealth Rock
|move|p2a: Talonflame|Roost|p2a: Talonflame
|-heal|p2a: Talonflame|278\/359
|
|-heal|p1a: Heatran|362\/386|[from] item: Leftovers
|turn|22
|
|move|p2a: Talonflame|Brave Bird|p1a: Heatran
|-resisted|p1a: Heatran
|-damage|p1a: Heatran|305\/386
|-damage|p2a: Talonflame|259\/359|[from] recoil|[of] p1a: Heatran
|move|p1a: Heatran|Lava Plume|p2a: Talonflame
|-resisted|p2a: Talonflame
|-damage|p2a: Talonflame|184\/359
|
|-heal|p1a: Heatran|329\/386|[from] item: Leftovers
|turn|23
|
|move|p2a: Talonflame|Bulk Up|p2a: Talonflame
|-boost|p2a: Talonflame|atk|1
|-boost|p2a: Talonflame|def|1
|move|p1a: Heatran|Roar|p2a: Talonflame
|drag|p2a: Keldeo|Keldeo|323\/323
|-damage|p2a: Keldeo|303\/323|[from] Stealth Rock
|
|-heal|p2a: Keldeo|323\/323|[from] item: Leftovers
|-heal|p1a: Heatran|353\/386|[from] item: Leftovers
|turn|24
|
|switch|p1a: Eldurr|Conkeldurr, F|394\/414
|-damage|p1a: Eldurr|369\/414|[from] Stealth Rock
|move|p2a: Keldeo|Calm Mind|p2a: Keldeo
|-boost|p2a: Keldeo|spa|1
|-boost|p2a: Keldeo|spd|1
|
|turn|25
|
|move|p2a: Keldeo|Secret Sword|p1a: Eldurr
|-damage|p1a: Eldurr|188\/414
|move|p1a: Eldurr|Drain Punch|p2a: Keldeo
|-damage|p2a: Keldeo|200\/323
|-heal|p1a: Eldurr|250\/414|[from] drain|[of] p2a: Keldeo
|
|-heal|p2a: Keldeo|220\/323|[from] item: Leftovers
|turn|26
|
|move|p2a: Keldeo|Hidden Power|p1a: Eldurr
|-supereffective|p1a: Eldurr
|-damage|p1a: Eldurr|22\/414
|move|p1a: Eldurr|Drain Punch|p2a: Keldeo
|-crit|p2a: Keldeo
|-damage|p2a: Keldeo|24\/323
|-heal|p1a: Eldurr|120\/414|[from] drain|[of] p2a: Keldeo
|
|-heal|p2a: Keldeo|44\/323|[from] item: Leftovers
|turn|27
|c|âMintyShade|wow
|
|move|p1a: Eldurr|Mach Punch|p2a: Keldeo
|-damage|p2a: Keldeo|0 fnt
|faint|p2a: Keldeo
|
|
|switch|p2a: Talonflame|Talonflame, F|184\/359
|-damage|p2a: Talonflame|5\/359|[from] Stealth Rock
|turn|28
|
|move|p2a: Talonflame|Roost|p2a: Talonflame
|-heal|p2a: Talonflame|185\/359
|move|p1a: Eldurr|Drain Punch|p2a: Talonflame
|-damage|p2a: Talonflame|35\/359
|-heal|p1a: Eldurr|195\/414|[from] drain|[of] p2a: Talonflame
|
|turn|29
|
|move|p2a: Talonflame|Brave Bird|p1a: Eldurr
|-supereffective|p1a: Eldurr
|-damage|p1a: Eldurr|7\/414
|-damage|p2a: Talonflame|0 fnt|[from] recoil|[of] p1a: Eldurr
|faint|p2a: Talonflame
|move|p1a: Eldurr|Drain Punch|p2: Talonflame|[notarget]
|-notarget
|
|
|switch|p2a: Rotom-Wash|Rotom-Wash|250\/304 brn
|-damage|p2a: Rotom-Wash|212\/304 brn|[from] Stealth Rock
|turn|30
|-message|MintyShade forfeited.
|leave|MintyShade
|
|win|jjdidit
|raw|Ladder updating...
|player|p2
|raw|jjdidit's rating: 1533 &rarr; <strong>1555<\/strong><br \/>(+22 for winning)
|raw|MintyShade's rating: 1578 &rarr; <strong>1556<\/strong><br \/>(-22 for losing)