|join|Hogback_fosh_men
|join|MintyShade
|player|p1|Hogback_fosh_men|102
|player|p2|MintyShade|148
|gametype|singles
|gen|6
|tier|OU
|rated
|clearpoke
|poke|p1|Charizard, M, shiny
|poke|p1|Conkeldurr, M
|poke|p1|Ferrothorn, F
|poke|p1|Rotom-Wash
|poke|p1|Landorus, M
|poke|p1|Togekiss, F
|poke|p2|Hippowdon, M
|poke|p2|Mew
|poke|p2|Sylveon, F
|poke|p2|Conkeldurr, M
|poke|p2|Hydreigon, M
|poke|p2|Scizor, M
|rule|Swagger Clause: Swagger is banned
|rule|Baton Pass Clause: Limit one PokÃ©mon knowing Baton Pass
|rule|Sleep Clause Mod: Limit one foe put to sleep
|rule|Species Clause: Limit one of each PokÃ©mon
|rule|OHKO Clause: OHKO moves are banned
|rule|Moody Clause: Moody is banned
|rule|Evasion Moves Clause: Evasion moves are banned
|rule|Endless Battle Clause: Forcing endless battles is banned
|rule|HP Percentage Mod: HP is reported as percentages
|teampreview
|
|start
|switch|p1a: Ferrothorn|Ferrothorn, F|352\/352
|switch|p2a: Mew|Mew|404\/404
|turn|1
|
|move|p2a: Mew|Taunt|p1a: Ferrothorn
|-start|p1a: Ferrothorn|move: Taunt
|cant|p1a: Ferrothorn|move: Taunt|Stealth Rock
|
|turn|2
|
|switch|p1a: Charizard|Charizard, M, shiny|298\/298
|move|p2a: Mew|Will-O-Wisp|p1a: Charizard
|-fail|p1a: Charizard
|
|turn|3
|
|switch|p2a: Hydreigon|Hydreigon, M|325\/325
|detailschange|p1a: Charizard|Charizard-Mega-X, M, shiny
|message|Charizard has Mega Evolved into Mega Charizard!
|move|p1a: Charizard|Dragon Claw|p2a: Hydreigon
|-supereffective|p2a: Hydreigon
|-damage|p2a: Hydreigon|0 fnt
|faint|p2a: Hydreigon
|
|
|switch|p2a: Hippowdon|Hippowdon, M|420\/420
|-weather|Sandstorm
|turn|4
|
|switch|p1a: StrongLikeLando|Landorus, M|320\/320
|move|p2a: Hippowdon|Stealth Rock|p1a: StrongLikeLando
|-sidestart|p1: Hogback_fosh_men|move: Stealth Rock
|
|-weather|Sandstorm|[upkeep]
|turn|5
|
|switch|p2a: Mew|Mew|404\/404
|move|p1a: StrongLikeLando|Earth Power|p2a: Mew
|-damage|p2a: Mew|217\/404
|
|-weather|Sandstorm|[upkeep]
|-damage|p2a: Mew|192\/404|[from] sandstorm
|-heal|p2a: Mew|217\/404|[from] item: Leftovers
|turn|6
|
|move|p1a: StrongLikeLando|Calm Mind|p1a: StrongLikeLando
|-boost|p1a: StrongLikeLando|spa|1
|-boost|p1a: StrongLikeLando|spd|1
|move|p2a: Mew|Roost|p2a: Mew
|-heal|p2a: Mew|404\/404
|
|-weather|Sandstorm|[upkeep]
|-damage|p2a: Mew|379\/404|[from] sandstorm
|-heal|p2a: Mew|404\/404|[from] item: Leftovers
|turn|7
|
|move|p1a: StrongLikeLando|Earth Power|p2a: Mew
|-damage|p2a: Mew|102\/404
|move|p2a: Mew|Knock Off|p1a: StrongLikeLando
|-damage|p1a: StrongLikeLando|233\/320
|-enditem|p1a: StrongLikeLando|Life Orb|[from] move: Knock Off|[of] p2a: Mew
|
|-weather|Sandstorm|[upkeep]
|-damage|p2a: Mew|77\/404|[from] sandstorm
|-heal|p2a: Mew|102\/404|[from] item: Leftovers
|turn|8
|
|move|p1a: StrongLikeLando|Earth Power|p2a: Mew
|-damage|p2a: Mew|0 fnt
|faint|p2a: Mew
|
|-weather|none
|
|switch|p2a: Conkeldurr|Conkeldurr, M|351\/351
|turn|9
|
|move|p1a: StrongLikeLando|Psychic|p2a: Conkeldurr
|-supereffective|p2a: Conkeldurr
|-damage|p2a: Conkeldurr|77\/351
|move|p2a: Conkeldurr|Ice Punch|p1a: StrongLikeLando
|-supereffective|p1a: StrongLikeLando
|-damage|p1a: StrongLikeLando|0 fnt
|faint|p1a: StrongLikeLando
|
|
|switch|p1a: Togekiss|Togekiss, F|312\/312
|-damage|p1a: Togekiss|234\/312|[from] Stealth Rock
|turn|10
|
|move|p1a: Togekiss|Air Slash|p2a: Conkeldurr
|-supereffective|p2a: Conkeldurr
|-damage|p2a: Conkeldurr|0 fnt
|faint|p2a: Conkeldurr
|
|
|switch|p2a: Scizor|Scizor, M|344\/344
|turn|11
|
|switch|p1a: Ferrothorn|Ferrothorn, F|352\/352
|-damage|p1a: Ferrothorn|330\/352|[from] Stealth Rock
|detailschange|p2a: Scizor|Scizor-Mega, M
|message|Scizor has Mega Evolved into Mega Scizor!
|move|p2a: Scizor|Bullet Punch|p1a: Ferrothorn
|-resisted|p1a: Ferrothorn
|-damage|p1a: Ferrothorn|285\/352
|-damage|p2a: Scizor|301\/344|[from] ability: Iron Barbs|[of] p1a: Ferrothorn
|-damage|p2a: Scizor|244\/344|[from] item: Rocky Helmet|[of] p1a: Ferrothorn
|
|turn|12
|
|move|p2a: Scizor|Swords Dance|p2a: Scizor
|-boost|p2a: Scizor|atk|2
|move|p1a: Ferrothorn|Leech Seed|p2a: Scizor
|-start|p2a: Scizor|move: Leech Seed
|
|-damage|p2a: Scizor|201\/344|[from] Leech Seed|[of] p1a: Ferrothorn
|-heal|p1a: Ferrothorn|328\/352|[silent]
|turn|13
|
|move|p2a: Scizor|Roost|p2a: Scizor
|-heal|p2a: Scizor|344\/344
|move|p1a: Ferrothorn|Spikes|p2a: Scizor
|-sidestart|p2: MintyShade|Spikes
|
|-damage|p2a: Scizor|301\/344|[from] Leech Seed|[of] p1a: Ferrothorn
|-heal|p1a: Ferrothorn|352\/352|[silent]
|turn|14
|
|move|p2a: Scizor|Swords Dance|p2a: Scizor
|-boost|p2a: Scizor|atk|2
|move|p1a: Ferrothorn|Stealth Rock|p2a: Scizor
|-sidestart|p2: MintyShade|move: Stealth Rock
|
|-damage|p2a: Scizor|258\/344|[from] Leech Seed|[of] p1a: Ferrothorn
|turn|15
|
|move|p2a: Scizor|Knock Off|p1a: Ferrothorn
|-damage|p1a: Ferrothorn|33\/352
|-damage|p2a: Scizor|215\/344|[from] ability: Iron Barbs|[of] p1a: Ferrothorn
|-damage|p2a: Scizor|158\/344|[from] item: Rocky Helmet|[of] p1a: Ferrothorn
|-enditem|p1a: Ferrothorn|Rocky Helmet|[from] move: Knock Off|[of] p2a: Scizor
|move|p1a: Ferrothorn|Gyro Ball|p2a: Scizor
|-resisted|p2a: Scizor
|-damage|p2a: Scizor|113\/344
|
|-damage|p2a: Scizor|70\/344|[from] Leech Seed|[of] p1a: Ferrothorn
|-heal|p1a: Ferrothorn|76\/352|[silent]
|turn|16
|
|switch|p1a: Rotom-Wash|Rotom-Wash|242\/242
|-damage|p1a: Rotom-Wash|212\/242|[from] Stealth Rock
|move|p2a: Scizor|Roost|p2a: Scizor
|-heal|p2a: Scizor|242\/344
|
|-damage|p2a: Scizor|199\/344|[from] Leech Seed|[of] p1a: Rotom-Wash
|-heal|p1a: Rotom-Wash|242\/242|[silent]
|turn|17
|
|move|p1a: Rotom-Wash|Thunderbolt|p2a: Scizor
|-damage|p2a: Scizor|54\/344
|move|p2a: Scizor|Knock Off|p1a: Rotom-Wash
|-damage|p1a: Rotom-Wash|0 fnt
|-enditem|p1a: Rotom-Wash|Choice Scarf|[from] move: Knock Off|[of] p2a: Scizor
|faint|p1a: Rotom-Wash
|
|
|switch|p1a: Charizard|Charizard-Mega-X, M, shiny|298\/298
|-damage|p1a: Charizard|224\/298|[from] Stealth Rock
|turn|18
|
|move|p2a: Scizor|Bullet Punch|p1a: Charizard
|-resisted|p1a: Charizard
|-damage|p1a: Charizard|33\/298
|move|p1a: Charizard|Earthquake|p2a: Scizor
|-damage|p2a: Scizor|0 fnt
|faint|p2a: Scizor
|
|
|switch|p2a: Hippowdon|Hippowdon, M|420\/420
|-damage|p2a: Hippowdon|394\/420|[from] Stealth Rock
|-damage|p2a: Hippowdon|342\/420|[from] Spikes
|-weather|Sandstorm
|turn|19
|
|move|p1a: Charizard|Flare Blitz|p2a: Hippowdon
|-damage|p2a: Hippowdon|116\/420
|-damage|p1a: Charizard|0 fnt|[from] recoil|[of] p2a: Hippowdon
|faint|p1a: Charizard
|move|p2a: Hippowdon|Earthquake|p1: Charizard|[notarget]
|-notarget
|
|-weather|Sandstorm|[upkeep]
|-heal|p2a: Hippowdon|142\/420|[from] item: Leftovers
|
|switch|p1a: Togekiss|Togekiss, F|234\/312
|-damage|p1a: Togekiss|156\/312|[from] Stealth Rock
|turn|20
|
|move|p1a: Togekiss|Air Slash|p2a: Hippowdon
|-damage|p2a: Hippowdon|0 fnt
|faint|p2a: Hippowdon
|
|-weather|Sandstorm|[upkeep]
|-damage|p1a: Togekiss|137\/312|[from] sandstorm
|chat|MintyShade|gg
|chat|Hogback_fosh_men|gg
|-message|MintyShade forfeited.
|
|win|Hogback_fosh_men
|raw|Ladder updating...