|join|Marcospaccaculo
|join|MintyShade
|player|p1|Marcospaccaculo|105
|player|p2|MintyShade|169
|gametype|singles
|tier|Pokebank OU (beta)
|rated
|rule|Evasion Abilities Clause: Evasion abilities are banned
|clearpoke
|poke|p1|Donphan, M
|poke|p1|Aegislash, M
|poke|p1|Clefable, M
|poke|p1|Pinsir, M
|poke|p1|Talonflame, M
|poke|p1|Diggersby, M
|poke|p2|Crobat, F
|poke|p2|Latios, M
|poke|p2|Heliolisk, M
|poke|p2|Talonflame, F
|poke|p2|Chesnaught, F
|poke|p2|Togekiss, M
|rule|Sleep Clause Mod: Limit one foe put to sleep
|rule|Species Clause: Limit one of each Pokemon
|rule|Moody Clause: Moody is banned
|rule|OHKO Clause: OHKO moves are banned
|rule|Evasion Moves Clause: Evasion moves are banned
|rule|HP Percentage Mod: HP is reported as percentages
|teampreview
|callback|decision
|
|start
|switch|p1a: Donphan|Donphan, M|384\/384
|switch|p2a: Chesnaught|Chesnaught, F|380\/380
|turn|1
|callback|decision
|
|move|p2a: Chesnaught|Substitute|p2a: Chesnaught
|-start|p2a: Chesnaught|Substitute
|-damage|p2a: Chesnaught|285\/380
|move|p1a: Donphan|Stealth Rock|p2a: Chesnaught
|-sidestart|p2: MintyShade|move: Stealth Rock
|
|-heal|p2a: Chesnaught|308\/380|[from] item: Leftovers
|turn|2
|callback|decision
|
|move|p1a: Donphan|Ice Shard|p2a: Chesnaught
|-crit|p2a: Chesnaught
|-supereffective|p2a: Chesnaught
|-activate|p2a: Chesnaught|Substitute|[damage]
|move|p2a: Chesnaught|Bulk Up|p2a: Chesnaught
|-boost|p2a: Chesnaught|atk|1
|-boost|p2a: Chesnaught|def|1
|
|-heal|p2a: Chesnaught|331\/380|[from] item: Leftovers
|turn|3
|callback|decision
|
|switch|p1a: Clefable|Clefable, M|394\/394
|move|p2a: Chesnaught|Bulk Up|p2a: Chesnaught
|-boost|p2a: Chesnaught|atk|1
|-boost|p2a: Chesnaught|def|1
|
|-heal|p2a: Chesnaught|354\/380|[from] item: Leftovers
|turn|4
|callback|decision
|
|move|p2a: Chesnaught|Seed Bomb|p1a: Clefable
|-damage|p1a: Clefable|42\/394
|move|p1a: Clefable|Fire Blast|p2a: Chesnaught
|-supereffective|p2a: Chesnaught
|-end|p2a: Chesnaught|Substitute
|
|-heal|p2a: Chesnaught|377\/380|[from] item: Leftovers
|turn|5
|callback|decision
|
|move|p2a: Chesnaught|Substitute|p2a: Chesnaught
|-start|p2a: Chesnaught|Substitute
|-damage|p2a: Chesnaught|282\/380
|move|p1a: Clefable|Fire Blast|p2a: Chesnaught
|-supereffective|p2a: Chesnaught
|-end|p2a: Chesnaught|Substitute
|
|-heal|p2a: Chesnaught|305\/380|[from] item: Leftovers
|turn|6
|callback|decision
|
|move|p2a: Chesnaught|Seed Bomb|p1a: Clefable
|-damage|p1a: Clefable|0 fnt
|faint|p1a: Clefable
|
|-heal|p2a: Chesnaught|328\/380|[from] item: Leftovers
|callback|decision
|
|switch|p1a: Pinsir|Pinsir, M|271\/271
|turn|7
|callback|decision
|
|-formechange|p1a: Pinsir|Pinsir-Mega
|message|Pinsir mega-evolved into Pinsir-Mega!
|move|p1a: Pinsir|Swords Dance|p1a: Pinsir
|-boost|p1a: Pinsir|atk|2
|move|p2a: Chesnaught|Substitute|p2a: Chesnaught
|-start|p2a: Chesnaught|Substitute
|-damage|p2a: Chesnaught|233\/380
|
|-heal|p2a: Chesnaught|256\/380|[from] item: Leftovers
|turn|8
|callback|decision
|
|move|p1a: Pinsir|Quick Attack|p2a: Chesnaught
|-supereffective|p2a: Chesnaught
|-end|p2a: Chesnaught|Substitute
|move|p2a: Chesnaught|Seed Bomb|p1a: Pinsir
|-resisted|p1a: Pinsir
|-damage|p1a: Pinsir|215\/271
|
|-heal|p2a: Chesnaught|279\/380|[from] item: Leftovers
|turn|9
|callback|decision
|
|move|p1a: Pinsir|Quick Attack|p2a: Chesnaught
|-supereffective|p2a: Chesnaught
|-damage|p2a: Chesnaught|0 fnt
|faint|p2a: Chesnaught
|
|callback|decision
|
|switch|p2a: Talonflame|Talonflame, F|298\/298
|-damage|p2a: Talonflame|149\/298|[from] Stealth Rock
|turn|10
|callback|decision
|
|move|p2a: Talonflame|Brave Bird|p1a: Pinsir
|-supereffective|p1a: Pinsir
|-damage|p1a: Pinsir|0 fnt
|-damage|p2a: Talonflame|78\/298|[from] recoil|[of] p1a: Pinsir
|faint|p1a: Pinsir
|
|callback|decision
|
|switch|p1a: Talonflame|Talonflame, M|298\/298
|turn|11
|callback|decision
|
|move|p2a: Talonflame|Brave Bird|p1a: Talonflame
|-damage|p1a: Talonflame|0 fnt
|-damage|p2a: Talonflame|0 fnt|[from] recoil|[of] p1a: Talonflame
|faint|p1a: Talonflame
|faint|p2a: Talonflame
|
|callback|decision
|
|switch|p2a: Heliolisk|Heliolisk, M|266\/266
|-damage|p2a: Heliolisk|233\/266|[from] Stealth Rock
|switch|p1a: Diggersby|Diggersby, M|312\/312
|turn|12
|callback|decision
|
|move|p2a: Heliolisk|Substitute|p2a: Heliolisk
|-start|p2a: Heliolisk|Substitute
|-damage|p2a: Heliolisk|167\/266
|move|p1a: Diggersby|Swords Dance|p1a: Diggersby
|-boost|p1a: Diggersby|atk|2
|
|-heal|p2a: Heliolisk|183\/266|[from] item: Leftovers
|turn|13
|callback|decision
|
|move|p2a: Heliolisk|Surf|p1a: Diggersby
|-supereffective|p1a: Diggersby
|-damage|p1a: Diggersby|64\/312
|move|p1a: Diggersby|Earthquake|p2a: Heliolisk
|-supereffective|p2a: Heliolisk
|-end|p2a: Heliolisk|Substitute
|
|-heal|p2a: Heliolisk|199\/266|[from] item: Leftovers
|turn|14
|callback|decision
|
|move|p1a: Diggersby|Quick Attack|p2a: Heliolisk
|-damage|p2a: Heliolisk|0 fnt
|faint|p2a: Heliolisk
|
|callback|decision
|
|switch|p2a: Latios|Latios, M|302\/302
|-damage|p2a: Latios|265\/302|[from] Stealth Rock
|turn|15
|callback|decision
|
|move|p1a: Diggersby|Quick Attack|p2a: Latios
|-damage|p2a: Latios|69\/302
|move|p2a: Latios|Surf|p1a: Diggersby
|-supereffective|p1a: Diggersby
|-damage|p1a: Diggersby|0 fnt
|faint|p1a: Diggersby
|
|-heal|p2a: Latios|87\/302|[from] item: Leftovers
|callback|decision
|
|switch|p1a: Aegislash|Aegislash, M|324\/324
|turn|16
|callback|decision
|
|move|p2a: Latios|Defog|p1a: Aegislash
|-unboost|p1a: Aegislash|evasion|1
|-sideend|p2: MintyShade|Stealth Rock|[from] move: Defog|[of] p2a: Latios
|move|p1a: Aegislash|Swords Dance|p1a: Aegislash
|-boost|p1a: Aegislash|atk|2
|
|-heal|p2a: Latios|105\/302|[from] item: Leftovers
|turn|17
|callback|decision
|
|-formechange|p1a: Aegislash|Aegislash-Blade
|move|p1a: Aegislash|Shadow Sneak|p2a: Latios
|-supereffective|p2a: Latios
|-damage|p2a: Latios|0 fnt
|faint|p2a: Latios
|
|callback|decision
|
|switch|p2a: Togekiss|Togekiss, M|312\/312
|turn|18
|callback|decision
|
|-formechange|p1a: Aegislash|Aegislash
|move|p1a: Aegislash|King's Shield|p1a: Aegislash
|-singleturn|p1a: Aegislash|King's Shield
|move|p2a: Togekiss|Fire Blast|p1a: Aegislash
|-activate|p1a: Aegislash|King's Shield
|
|turn|19
|callback|decision
|
|move|p2a: Togekiss|Fire Blast|p1a: Aegislash
|-supereffective|p1a: Aegislash
|-damage|p1a: Aegislash|140\/324
|-status|p1a: Aegislash|brn
|move|p1a: Aegislash|Swords Dance|p1a: Aegislash
|-boost|p1a: Aegislash|atk|2
|
|-heal|p1a: Aegislash|160\/324 brn|[from] item: Leftovers
|-damage|p1a: Aegislash|120\/324 brn|[from] brn
|turn|20
|callback|decision
|chat|Marcospaccaculo|lucky..
|
|-formechange|p1a: Aegislash|Aegislash-Blade
|move|p1a: Aegislash|Shadow Sneak|p2a: Togekiss
|-damage|p2a: Togekiss|170\/312
|move|p2a: Togekiss|Fire Blast|p1a: Aegislash
|-supereffective|p1a: Aegislash
|-damage|p1a: Aegislash|0 fnt
|faint|p1a: Aegislash
|
|callback|decision
|
|switch|p1a: Donphan|Donphan, M|384\/384
|turn|21
|callback|decision
|
|switch|p2a: Crobat|Crobat, F|355\/355
|move|p1a: Donphan|Ice Shard|p2a: Crobat
|-supereffective|p2a: Crobat
|-damage|p2a: Crobat|263\/355
|
|-heal|p2a: Crobat|285\/355|[from] item: Black Sludge
|turn|22
|callback|decision
|
|move|p1a: Donphan|Ice Shard|p2a: Crobat
|-supereffective|p2a: Crobat
|-damage|p2a: Crobat|197\/355
|move|p2a: Crobat|Brave Bird|p1a: Donphan
|-damage|p1a: Donphan|282\/384
|-damage|p2a: Crobat|163\/355|[from] recoil|[of] p1a: Donphan
|
|-heal|p2a: Crobat|185\/355|[from] item: Black Sludge
|-heal|p1a: Donphan|306\/384|[from] item: Leftovers
|turn|23
|callback|decision
|
|move|p1a: Donphan|Ice Shard|p2a: Crobat
|-supereffective|p2a: Crobat
|-damage|p2a: Crobat|95\/355
|move|p2a: Crobat|Roost|p2a: Crobat
|-heal|p2a: Crobat|273\/355
|
|-heal|p2a: Crobat|295\/355|[from] item: Black Sludge
|-heal|p1a: Donphan|330\/384|[from] item: Leftovers
|turn|24
|callback|decision
|
|move|p2a: Crobat|Brave Bird|p1a: Donphan
|-damage|p1a: Donphan|222\/384
|-damage|p2a: Crobat|259\/355|[from] recoil|[of] p1a: Donphan
|move|p1a: Donphan|Stealth Rock|p2a: Crobat
|-sidestart|p2: MintyShade|move: Stealth Rock
|
|-heal|p2a: Crobat|281\/355|[from] item: Black Sludge
|-heal|p1a: Donphan|246\/384|[from] item: Leftovers
|turn|25
|callback|decision
|
|move|p1a: Donphan|Ice Shard|p2a: Crobat
|-crit|p2a: Crobat
|-supereffective|p2a: Crobat
|-damage|p2a: Crobat|145\/355
|move|p2a: Crobat|Brave Bird|p1a: Donphan
|-damage|p1a: Donphan|138\/384
|-damage|p2a: Crobat|109\/355|[from] recoil|[of] p1a: Donphan
|
|-heal|p2a: Crobat|131\/355|[from] item: Black Sludge
|-heal|p1a: Donphan|162\/384|[from] item: Leftovers
|turn|26
|callback|decision
|
|move|p1a: Donphan|Ice Shard|p2a: Crobat
|-supereffective|p2a: Crobat
|-damage|p2a: Crobat|45\/355
|move|p2a: Crobat|Roost|p2a: Crobat
|-heal|p2a: Crobat|223\/355
|
|-heal|p2a: Crobat|245\/355|[from] item: Black Sludge
|-heal|p1a: Donphan|186\/384|[from] item: Leftovers
|turn|27
|callback|decision
|
|move|p1a: Donphan|Ice Shard|p2a: Crobat
|-supereffective|p2a: Crobat
|-damage|p2a: Crobat|161\/355
|move|p2a: Crobat|Brave Bird|p1a: Donphan
|-damage|p1a: Donphan|92\/384
|-damage|p2a: Crobat|130\/355|[from] recoil|[of] p1a: Donphan
|
|-heal|p2a: Crobat|152\/355|[from] item: Black Sludge
|-heal|p1a: Donphan|116\/384|[from] item: Leftovers
|turn|28
|callback|decision
|
|move|p1a: Donphan|Ice Shard|p2a: Crobat
|-supereffective|p2a: Crobat
|-damage|p2a: Crobat|56\/355
|move|p2a: Crobat|Roost|p2a: Crobat
|-heal|p2a: Crobat|234\/355
|
|-heal|p2a: Crobat|256\/355|[from] item: Black Sludge
|-heal|p1a: Donphan|140\/384|[from] item: Leftovers
|turn|29
|callback|decision
|
|move|p1a: Donphan|Ice Shard|p2a: Crobat
|-supereffective|p2a: Crobat
|-damage|p2a: Crobat|162\/355
|move|p2a: Crobat|Brave Bird|p1a: Donphan
|-crit|p1a: Donphan
|-damage|p1a: Donphan|0 fnt
|-damage|p2a: Crobat|116\/355|[from] recoil|[of] p1a: Donphan
|faint|p1a: Donphan
|
|win|MintyShade
|raw|Ladder updating...
|raw|Marcospaccaculo's rating: 1579 &rarr; <strong>1566<\/strong><br \/>(-13 for losing)
|raw|MintyShade's rating: 1564 &rarr; <strong>1588<\/strong><br \/>(+24 for winning)
|leave|MintyShade
|player|p2