|join|Scyrel
|join|MintyShade
|player|p1|Scyrel|170
|player|p2|MintyShade|169
|gametype|singles
|tier|Pokebank OU (beta)
|rated
|clearpoke
|poke|p1|Landorus-Therian, M
|poke|p1|Cloyster, F
|poke|p1|Manectric, F
|poke|p1|Sylveon, M
|poke|p1|Heatran, F
|poke|p1|Gyarados, F
|poke|p2|Manectric, M
|poke|p2|Gyarados, F
|poke|p2|Bisharp, M
|poke|p2|Talonflame, M
|poke|p2|Excadrill, F
|poke|p2|Celebi
|rule|Sleep Clause Mod: Limit one foe put to sleep
|rule|Species Clause: Limit one of each Pokemon
|rule|Moody Clause: Moody is banned
|rule|OHKO Clause: OHKO moves are banned
|rule|Evasion Moves Clause: Evasion moves are banned
|rule|HP Percentage Mod: HP is reported as percentages
|teampreview
|callback|decision
|
|start
|switch|p1a: Landorus-Therian|Landorus-Therian, M|382\/382
|switch|p2a: Gyarados|Gyarados, F|353\/353
|-ability|p1a: Landorus-Therian|Intimidate|[of] p2a: Gyarados
|-unboost|p2a: Gyarados|atk|1
|-ability|p2a: Gyarados|Intimidate|[of] p1a: Landorus-Therian
|-unboost|p1a: Landorus-Therian|atk|1
|turn|1
|callback|decision
|
|switch|p1a: Gyarados|Gyarados, F|331\/331
|-ability|p1a: Gyarados|Intimidate|[of] p2a: Gyarados
|-unboost|p2a: Gyarados|atk|1
|move|p2a: Gyarados|Dragon Dance|p2a: Gyarados
|-boost|p2a: Gyarados|atk|1
|-boost|p2a: Gyarados|spe|1
|
|turn|2
|callback|decision
|
|move|p2a: Gyarados|Taunt|p1a: Gyarados
|-start|p1a: Gyarados|move: Taunt
|cant|p1a: Gyarados|move: Taunt|Dragon Dance
|
|turn|3
|callback|decision
|
|move|p2a: Gyarados|Dragon Dance|p2a: Gyarados
|-boost|p2a: Gyarados|atk|1
|-boost|p2a: Gyarados|spe|1
|move|p1a: Gyarados|Stone Edge|p2a: Gyarados
|-crit|p2a: Gyarados
|-supereffective|p2a: Gyarados
|-damage|p2a: Gyarados|0 fnt
|faint|p2a: Gyarados
|
|callback|decision
|
|switch|p2a: Celebi|Celebi|359\/359
|turn|4
|callback|decision
|
|switch|p1a: Heatran|Heatran, F|386\/386
|move|p2a: Celebi|Nasty Plot|p2a: Celebi
|-boost|p2a: Celebi|spa|2
|
|turn|5
|callback|decision
|
|move|p2a: Celebi|Earth Power|p1a: Heatran
|-supereffective|p1a: Heatran
|-damage|p1a: Heatran|0 fnt
|faint|p1a: Heatran
|
|callback|decision
|
|switch|p1a: Manectric|Manectric, F|282\/282
|turn|6
|callback|decision
|
|-formechange|p1a: Manectric|Manectric-Mega
|message|Manectric has Mega Evolved into Mega Manectric!
|-ability|p1a: Manectric|Intimidate|[of] p2a: Celebi
|-unboost|p2a: Celebi|atk|1
|move|p1a: Manectric|Overheat|p2a: Celebi
|-supereffective|p2a: Celebi
|-damage|p2a: Celebi|41\/359
|-unboost|p1a: Manectric|spa|2
|move|p2a: Celebi|Earth Power|p1a: Manectric
|-crit|p1a: Manectric
|-supereffective|p1a: Manectric
|-damage|p1a: Manectric|0 fnt
|faint|p1a: Manectric
|
|-heal|p2a: Celebi|63\/359|[from] item: Leftovers
|callback|decision
|
|switch|p1a: Cloyster|Cloyster, F|301\/301
|turn|7
|callback|decision
|
|move|p1a: Cloyster|Ice Shard|p2a: Celebi
|-crit|p2a: Celebi
|-supereffective|p2a: Celebi
|-damage|p2a: Celebi|0 fnt
|faint|p2a: Celebi
|
|callback|decision
|
|switch|p2a: Manectric|Manectric, M|289\/289
|turn|8
|callback|decision
|
|switch|p1a: Sylveon|Sylveon, M|394\/394
|-formechange|p2a: Manectric|Manectric-Mega
|message|Manectric has Mega Evolved into Mega Manectric!
|-ability|p2a: Manectric|Intimidate|[of] p1a: Sylveon
|-unboost|p1a: Sylveon|atk|1
|move|p2a: Manectric|Volt Switch|p1a: Sylveon
|-damage|p1a: Sylveon|306\/394
|callback|decision
|
|switch|p2a: Bisharp|Bisharp, M|271\/271
|
|-heal|p1a: Sylveon|330\/394|[from] item: Leftovers
|turn|9
|callback|decision
|
|switch|p1a: Gyarados|Gyarados, F|331\/331
|-ability|p1a: Gyarados|Intimidate|[of] p2a: Bisharp
|-unboost|p2a: Bisharp|atk|1
|-boost|p2a: Bisharp|atk|2|[from] ability: Defiant
|move|p2a: Bisharp|Substitute|p2a: Bisharp
|-start|p2a: Bisharp|Substitute
|-damage|p2a: Bisharp|204\/271
|
|-heal|p2a: Bisharp|220\/271|[from] item: Leftovers
|turn|10
|callback|decision
|
|move|p1a: Gyarados|Earthquake|p2a: Bisharp
|-supereffective|p2a: Bisharp
|-end|p2a: Bisharp|Substitute
|move|p2a: Bisharp|Swords Dance|p2a: Bisharp
|-boost|p2a: Bisharp|atk|2
|
|-heal|p2a: Bisharp|236\/271|[from] item: Leftovers
|turn|11
|callback|decision
|
|move|p2a: Bisharp|Sucker Punch|p1a: Gyarados
|-fail|p1a: Gyarados
|move|p1a: Gyarados|Dragon Dance|p1a: Gyarados
|-boost|p1a: Gyarados|atk|1
|-boost|p1a: Gyarados|spe|1
|
|-heal|p2a: Bisharp|252\/271|[from] item: Leftovers
|turn|12
|callback|decision
|
|move|p2a: Bisharp|Sucker Punch|p1a: Gyarados
|-fail|p1a: Gyarados
|move|p1a: Gyarados|Dragon Dance|p1a: Gyarados
|-boost|p1a: Gyarados|atk|1
|-boost|p1a: Gyarados|spe|1
|
|-heal|p2a: Bisharp|268\/271|[from] item: Leftovers
|turn|13
|callback|decision
|
|move|p2a: Bisharp|Sucker Punch|p1a: Gyarados
|-fail|p1a: Gyarados
|move|p1a: Gyarados|Dragon Dance|p1a: Gyarados
|-boost|p1a: Gyarados|atk|1
|-boost|p1a: Gyarados|spe|1
|
|-heal|p2a: Bisharp|271\/271|[from] item: Leftovers
|turn|14
|callback|decision
|
|move|p2a: Bisharp|Sucker Punch|p1a: Gyarados
|-fail|p1a: Gyarados
|move|p1a: Gyarados|Dragon Dance|p1a: Gyarados
|-boost|p1a: Gyarados|atk|1
|-boost|p1a: Gyarados|spe|1
|
|turn|15
|callback|decision
|
|move|p1a: Gyarados|Dragon Dance|p1a: Gyarados
|-boost|p1a: Gyarados|atk|1
|-boost|p1a: Gyarados|spe|1
|move|p2a: Bisharp|Substitute|p2a: Bisharp
|-start|p2a: Bisharp|Substitute
|-damage|p2a: Bisharp|204\/271
|
|-heal|p2a: Bisharp|220\/271|[from] item: Leftovers
|turn|16
|callback|decision
|
|move|p2a: Bisharp|Sucker Punch|p1a: Gyarados
|-fail|p1a: Gyarados
|move|p1a: Gyarados|Dragon Dance|p1a: Gyarados
|-boost|p1a: Gyarados|atk|1
|-boost|p1a: Gyarados|spe|1
|
|-heal|p2a: Bisharp|236\/271|[from] item: Leftovers
|turn|17
|callback|decision
|
|move|p1a: Gyarados|Dragon Dance|p1a: Gyarados
|-fail|p1a: Gyarados
|move|p2a: Bisharp|Swords Dance|p2a: Bisharp
|-boost|p2a: Bisharp|atk|2
|
|-heal|p2a: Bisharp|252\/271|[from] item: Leftovers
|turn|18
|callback|decision
|
|move|p1a: Gyarados|Dragon Dance|p1a: Gyarados
|-fail|p1a: Gyarados
|move|p2a: Bisharp|Iron Head|p1a: Gyarados
|-resisted|p1a: Gyarados
|-damage|p1a: Gyarados|3\/331
|
|-heal|p1a: Gyarados|23\/331|[from] item: Leftovers
|-heal|p2a: Bisharp|268\/271|[from] item: Leftovers
|turn|19
|callback|decision
|
|move|p1a: Gyarados|Earthquake|p2a: Bisharp
|-supereffective|p2a: Bisharp
|-end|p2a: Bisharp|Substitute
|move|p2a: Bisharp|Iron Head|p1a: Gyarados
|-resisted|p1a: Gyarados
|-damage|p1a: Gyarados|0 fnt
|faint|p1a: Gyarados
|
|-heal|p2a: Bisharp|271\/271|[from] item: Leftovers
|callback|decision
|
|switch|p1a: Landorus-Therian|Landorus-Therian, M|382\/382
|-ability|p1a: Landorus-Therian|Intimidate|[of] p2a: Bisharp
|-unboost|p2a: Bisharp|atk|1
|-boost|p2a: Bisharp|atk|2|[from] ability: Defiant
|turn|20
|callback|decision
|
|move|p2a: Bisharp|Sucker Punch|p1a: Landorus-Therian
|-fail|p1a: Landorus-Therian
|move|p1a: Landorus-Therian|Stealth Rock|p2a: Bisharp
|-sidestart|p2: MintyShade|move: Stealth Rock
|
|turn|21
|callback|decision
|
|move|p2a: Bisharp|Sucker Punch|p1a: Landorus-Therian
|-fail|p1a: Landorus-Therian
|move|p1a: Landorus-Therian|Stealth Rock|p2a: Bisharp
|-fail|p2a: Bisharp
|
|turn|22
|callback|decision
|
|move|p1a: Landorus-Therian|Earthquake|p2a: Bisharp
|-supereffective|p2a: Bisharp
|-damage|p2a: Bisharp|0 fnt
|faint|p2a: Bisharp
|
|callback|decision
|
|switch|p2a: Manectric|Manectric, M|289\/289
|-formechange|p2a: Manectric|Manectric-Mega
|-damage|p2a: Manectric|253\/289|[from] Stealth Rock
|-ability|p2a: Manectric|Intimidate|[of] p1a: Landorus-Therian
|-unboost|p1a: Landorus-Therian|atk|1
|turn|23
|callback|decision
|
|switch|p1a: Sylveon|Sylveon, M|330\/394
|move|p2a: Manectric|Hidden Power|p1a: Sylveon
|-damage|p1a: Sylveon|286\/394
|
|-heal|p1a: Sylveon|310\/394|[from] item: Leftovers
|turn|24
|callback|decision
|
|move|p1a: Sylveon|Protect|p1a: Sylveon
|-singleturn|p1a: Sylveon|Protect
|move|p2a: Manectric|Volt Switch|p1a: Sylveon
|-activate|p1a: Sylveon|Protect
|
|-heal|p1a: Sylveon|334\/394|[from] item: Leftovers
|turn|25
|callback|decision
|
|switch|p1a: Landorus-Therian|Landorus-Therian, M|382\/382
|-ability|p1a: Landorus-Therian|Intimidate|[of] p2a: Manectric
|-unboost|p2a: Manectric|atk|1
|move|p2a: Manectric|Volt Switch|p1a: Landorus-Therian
|-immune|p1a: Landorus-Therian|[msg]
|
|turn|26
|callback|decision
|
|switch|p1a: Sylveon|Sylveon, M|334\/394
|move|p2a: Manectric|Hidden Power|p1a: Sylveon
|-damage|p1a: Sylveon|283\/394
|
|-heal|p1a: Sylveon|307\/394|[from] item: Leftovers
|turn|27
|callback|decision
|
|move|p2a: Manectric|Volt Switch|p1a: Sylveon
|-damage|p1a: Sylveon|223\/394
|callback|decision
|
|switch|p2a: Talonflame|Talonflame, M|321\/321
|-damage|p2a: Talonflame|161\/321|[from] Stealth Rock
|move|p1a: Sylveon|Wish|p1a: Sylveon
|
|-heal|p1a: Sylveon|247\/394|[from] item: Leftovers
|turn|28
|callback|decision
|
|switch|p1a: Cloyster|Cloyster, F|301\/301
|move|p2a: Talonflame|Bulk Up|p2a: Talonflame
|-boost|p2a: Talonflame|atk|1
|-boost|p2a: Talonflame|def|1
|
|turn|29
|callback|decision
|
|move|p2a: Talonflame|Roost|p2a: Talonflame
|-heal|p2a: Talonflame|321\/321
|move|p1a: Cloyster|Icicle Spear|p2a: Talonflame
|-resisted|p2a: Talonflame
|-damage|p2a: Talonflame|305\/321
|-resisted|p2a: Talonflame
|-damage|p2a: Talonflame|287\/321
|-resisted|p2a: Talonflame
|-damage|p2a: Talonflame|271\/321
|-resisted|p2a: Talonflame
|-damage|p2a: Talonflame|254\/321
|-resisted|p2a: Talonflame
|-damage|p2a: Talonflame|236\/321
|-hitcount|p2a: Talonflame|5
|
|turn|30
|callback|decision
|
|switch|p1a: Landorus-Therian|Landorus-Therian, M|382\/382
|-ability|p1a: Landorus-Therian|Intimidate|[of] p2a: Talonflame
|-unboost|p2a: Talonflame|atk|1
|move|p2a: Talonflame|Brave Bird|p1a: Landorus-Therian
|-damage|p1a: Landorus-Therian|219\/382
|-damage|p2a: Talonflame|182\/321|[from] recoil|[of] p1a: Landorus-Therian
|-heal|p2a: Talonflame|202\/321|[from] item: Shell Bell|[of] p1a: Landorus-Therian
|
|-heal|p1a: Landorus-Therian|242\/382|[from] item: Leftovers
|turn|31
|callback|decision
|
|move|p2a: Talonflame|Bulk Up|p2a: Talonflame
|-boost|p2a: Talonflame|atk|1
|-boost|p2a: Talonflame|def|1
|move|p1a: Landorus-Therian|Stone Edge|p2a: Talonflame
|-supereffective|p2a: Talonflame
|-damage|p2a: Talonflame|0 fnt
|faint|p2a: Talonflame
|
|-heal|p1a: Landorus-Therian|265\/382|[from] item: Leftovers
|callback|decision
|
|switch|p2a: Manectric|Manectric, M|253\/289
|-formechange|p2a: Manectric|Manectric-Mega
|-damage|p2a: Manectric|217\/289|[from] Stealth Rock
|-ability|p2a: Manectric|Intimidate|[of] p1a: Landorus-Therian
|-unboost|p1a: Landorus-Therian|atk|1
|turn|32
|callback|decision
|
|switch|p1a: Sylveon|Sylveon, M|247\/394
|move|p2a: Manectric|Hidden Power|p1a: Sylveon
|-crit|p1a: Sylveon
|-damage|p1a: Sylveon|174\/394
|
|-heal|p1a: Sylveon|198\/394|[from] item: Leftovers
|turn|33
|callback|decision
|
|move|p2a: Manectric|Thunderbolt|p1a: Sylveon
|-damage|p1a: Sylveon|98\/394
|move|p1a: Sylveon|Wish|p1a: Sylveon
|
|-heal|p1a: Sylveon|122\/394|[from] item: Leftovers
|turn|34
|callback|decision
|
|move|p2a: Manectric|Thunderbolt|p1a: Sylveon
|-damage|p1a: Sylveon|10\/394
|move|p1a: Sylveon|Hyper Voice|p2a: Manectric
|-damage|p2a: Manectric|27\/289
|
|-heal|p1a: Sylveon|207\/394|[from] move: Wish|[wisher] Sylveon
|-heal|p1a: Sylveon|231\/394|[from] item: Leftovers
|turn|35
|callback|decision
|
|switch|p2a: Excadrill|Excadrill, F|401\/401
|-damage|p2a: Excadrill|389\/401|[from] Stealth Rock
|-ability|p2a: Excadrill|Mold Breaker
|-item|p2a: Excadrill|Air Balloon
|move|p1a: Sylveon|Wish|p1a: Sylveon
|
|-heal|p1a: Sylveon|255\/394|[from] item: Leftovers
|turn|36
|callback|decision
|
|switch|p1a: Cloyster|Cloyster, F|301\/301
|move|p2a: Excadrill|Rock Slide|p1a: Cloyster
|-crit|p1a: Cloyster
|-supereffective|p1a: Cloyster
|-damage|p1a: Cloyster|109\/301
|
|-heal|p1a: Cloyster|301\/301|[from] move: Wish|[wisher] Sylveon
|turn|37
|callback|decision
|
|move|p2a: Excadrill|Rock Slide|p1a: Cloyster
|-supereffective|p1a: Cloyster
|-damage|p1a: Cloyster|169\/301
|cant|p1a: Cloyster|flinch
|
|-heal|p1a: Cloyster|187\/301|[from] item: Leftovers
|turn|38
|callback|decision
|
|move|p2a: Excadrill|Earthquake|p1a: Cloyster
|-damage|p1a: Cloyster|67\/301
|move|p1a: Cloyster|Icicle Spear|p2a: Excadrill
|-damage|p2a: Excadrill|334\/401
|-enditem|p2a: Excadrill|Air Balloon
|-damage|p2a: Excadrill|268\/401
|-damage|p2a: Excadrill|211\/401
|-damage|p2a: Excadrill|151\/401
|-damage|p2a: Excadrill|91\/401
|-hitcount|p2a: Excadrill|5
|
|-heal|p1a: Cloyster|85\/301|[from] item: Leftovers
|turn|39
|callback|decision
|
|move|p1a: Cloyster|Ice Shard|p2a: Excadrill
|-damage|p2a: Excadrill|1\/401
|move|p2a: Excadrill|Rock Slide|p1a: Cloyster
|-supereffective|p1a: Cloyster
|-damage|p1a: Cloyster|0 fnt
|faint|p1a: Cloyster
|
|callback|decision
|
|switch|p1a: Landorus-Therian|Landorus-Therian, M|265\/382
|-ability|p1a: Landorus-Therian|Intimidate|[of] p2a: Excadrill
|-unboost|p2a: Excadrill|atk|1
|turn|40
|callback|decision
|chat|MintyShade|u handled the situation very well
|
|move|p1a: Landorus-Therian|Earthquake|p2a: Excadrill
|-supereffective|p2a: Excadrill
|-damage|p2a: Excadrill|0 fnt
|faint|p2a: Excadrill
|
|-heal|p1a: Landorus-Therian|288\/382|[from] item: Leftovers
|callback|decision
|chat|MintyShade|you have my respect
|chat|Scyrel|thanks, and gg
|
|switch|p2a: Manectric|Manectric, M|27\/289
|-formechange|p2a: Manectric|Manectric-Mega
|-damage|p2a: Manectric|0 fnt|[from] Stealth Rock
|faint|p2a: Manectric
|
|win|Scyrel
|raw|Ladder updating...
|chat|MintyShade|gg
|raw|Scyrel's rating: 1803 &rarr; <strong>1807<\/strong><br \/>(+4 for winning)
|raw|MintyShade's rating: 1648 &rarr; <strong>1646<\/strong><br \/>(-2 for losing)
|leave|MintyShade
|player|p2