|join|MintyShade
|join|Mlmaudit
|player|p1|MintyShade|169
|player|p2|Mlmaudit|117
|gametype|singles
|tier|Pokebank OU (beta)
|rated
|clearpoke
|poke|p1|Manectric, M
|poke|p1|Gyarados, M
|poke|p1|Bisharp, M
|poke|p1|Talonflame, F
|poke|p1|Excadrill, F
|poke|p1|Celebi
|poke|p2|Trevenant, M
|poke|p2|Greninja, F
|poke|p2|Tyranitar, F
|poke|p2|Excadrill, M
|poke|p2|Talonflame, M
|poke|p2|Venusaur, M
|rule|Sleep Clause Mod: Limit one foe put to sleep
|rule|Species Clause: Limit one of each Pokemon
|rule|Moody Clause: Moody is banned
|rule|OHKO Clause: OHKO moves are banned
|rule|Evasion Moves Clause: Evasion moves are banned
|rule|HP Percentage Mod: HP is reported as percentages
|teampreview
|callback|decision
|
|start
|switch|p1a: Manectric|Manectric, M|289\/289
|switch|p2a: Trevenant|Trevenant, M|374\/374
|turn|1
|callback|decision
|
|-formechange|p1a: Manectric|Manectric-Mega
|message|Manectric has Mega Evolved into Mega Manectric!
|-ability|p1a: Manectric|Intimidate|[of] p2a: Trevenant
|-unboost|p2a: Trevenant|atk|1
|move|p1a: Manectric|Flamethrower|p2a: Trevenant
|-supereffective|p2a: Trevenant
|-damage|p2a: Trevenant|96\/374
|-enditem|p2a: Trevenant|Sitrus Berry|[eat]
|-heal|p2a: Trevenant|189\/374|[from] item: Sitrus Berry
|move|p2a: Trevenant|Leech Seed|p1a: Manectric|[miss]
|-miss|p2a: Trevenant|p1a: Manectric
|
|turn|2
|callback|decision
|
|switch|p2a: Tyranitar|Tyranitar, F|404\/404
|-weather|Sandstorm
|move|p1a: Manectric|Flamethrower|p2a: Tyranitar
|-resisted|p2a: Tyranitar
|-damage|p2a: Tyranitar|379\/404
|
|-weather|Sandstorm|[upkeep]
|-damage|p1a: Manectric|271\/289|[from] sandstorm
|-heal|p2a: Tyranitar|404\/404|[from] item: Leftovers
|turn|3
|callback|decision
|
|move|p1a: Manectric|Volt Switch|p2a: Tyranitar
|-damage|p2a: Tyranitar|341\/404
|callback|decision
|
|switch|p1a: Gyarados|Gyarados, M|353\/353
|-ability|p1a: Gyarados|Intimidate|[of] p2a: Tyranitar
|-unboost|p2a: Tyranitar|atk|1
|move|p2a: Tyranitar|Stealth Rock|p1a: Gyarados
|-sidestart|p1: MintyShade|move: Stealth Rock
|
|-weather|Sandstorm|[upkeep]
|-damage|p1a: Gyarados|331\/353|[from] sandstorm
|-heal|p1a: Gyarados|353\/353|[from] item: Leftovers
|-heal|p2a: Tyranitar|366\/404|[from] item: Leftovers
|turn|4
|callback|decision
|
|switch|p2a: Venusaur|Venusaur, M|364\/364
|move|p1a: Gyarados|Dragon Dance|p1a: Gyarados
|-boost|p1a: Gyarados|atk|1
|-boost|p1a: Gyarados|spe|1
|
|-weather|Sandstorm|[upkeep]
|-damage|p1a: Gyarados|331\/353|[from] sandstorm
|-damage|p2a: Venusaur|342\/364|[from] sandstorm
|-heal|p1a: Gyarados|353\/353|[from] item: Leftovers
|turn|5
|callback|decision
|
|-formechange|p2a: Venusaur|Venusaur-Mega
|message|Venusaur has Mega Evolved into Mega Venusaur!
|move|p1a: Gyarados|Dragon Dance|p1a: Gyarados
|-boost|p1a: Gyarados|atk|1
|-boost|p1a: Gyarados|spe|1
|move|p2a: Venusaur|Giga Drain|p1a: Gyarados
|-damage|p1a: Gyarados|217\/353
|-heal|p2a: Venusaur|364\/364|[from] drain|[of] p1a: Gyarados
|
|-weather|Sandstorm|[upkeep]
|-damage|p1a: Gyarados|195\/353|[from] sandstorm
|-damage|p2a: Venusaur|342\/364|[from] sandstorm
|-heal|p1a: Gyarados|217\/353|[from] item: Leftovers
|turn|6
|callback|decision
|
|move|p1a: Gyarados|Earthquake|p2a: Venusaur
|-damage|p2a: Venusaur|164\/364
|move|p2a: Venusaur|Giga Drain|p1a: Gyarados
|-crit|p1a: Gyarados
|-damage|p1a: Gyarados|28\/353
|-heal|p2a: Venusaur|259\/364|[from] drain|[of] p1a: Gyarados
|
|-weather|none
|-heal|p1a: Gyarados|50\/353|[from] item: Leftovers
|turn|7
|callback|decision
|
|move|p1a: Gyarados|Earthquake|p2a: Venusaur
|-damage|p2a: Venusaur|68\/364
|move|p2a: Venusaur|Giga Drain|p1a: Gyarados
|-damage|p1a: Gyarados|0 fnt
|-heal|p2a: Venusaur|93\/364|[from] drain|[of] p1a: Gyarados
|faint|p1a: Gyarados
|
|callback|decision
|
|switch|p1a: Celebi|Celebi|359\/359
|-damage|p1a: Celebi|315\/359|[from] Stealth Rock
|turn|8
|callback|decision
|
|move|p1a: Celebi|Psychic|p2a: Venusaur
|-supereffective|p2a: Venusaur
|-damage|p2a: Venusaur|0 fnt
|faint|p2a: Venusaur
|
|-heal|p1a: Celebi|337\/359|[from] item: Leftovers
|callback|decision
|
|switch|p2a: Tyranitar|Tyranitar, F|366\/404
|-weather|Sandstorm
|turn|9
|callback|decision
|
|move|p1a: Celebi|Giga Drain|p2a: Tyranitar
|-supereffective|p2a: Tyranitar
|-damage|p2a: Tyranitar|258\/404
|-heal|p1a: Celebi|359\/359|[from] drain|[of] p2a: Tyranitar
|move|p2a: Tyranitar|Pursuit|p1a: Celebi
|-supereffective|p1a: Celebi
|-damage|p1a: Celebi|227\/359
|
|-weather|Sandstorm|[upkeep]
|-damage|p1a: Celebi|205\/359|[from] sandstorm
|-heal|p1a: Celebi|227\/359|[from] item: Leftovers
|-heal|p2a: Tyranitar|283\/404|[from] item: Leftovers
|turn|10
|callback|decision
|
|switch|p1a: Excadrill|Excadrill, F|401\/401
|-damage|p1a: Excadrill|389\/401|[from] Stealth Rock
|-ability|p1a: Excadrill|Mold Breaker
|-item|p1a: Excadrill|Air Balloon
|move|p2a: Tyranitar|Crunch|p1a: Excadrill
|-damage|p1a: Excadrill|200\/401
|-enditem|p1a: Excadrill|Air Balloon
|
|-weather|Sandstorm|[upkeep]
|-heal|p2a: Tyranitar|308\/404|[from] item: Leftovers
|turn|11
|callback|decision
|
|move|p1a: Excadrill|Rapid Spin|p2a: Tyranitar
|-resisted|p2a: Tyranitar
|-damage|p2a: Tyranitar|295\/404
|-sideend|p1: MintyShade|Stealth Rock|[from] move: Rapid Spin|[of] p1a: Excadrill
|move|p2a: Tyranitar|Crunch|p1a: Excadrill
|-damage|p1a: Excadrill|25\/401
|
|-weather|Sandstorm|[upkeep]
|-heal|p2a: Tyranitar|320\/404|[from] item: Leftovers
|turn|12
|callback|decision
|
|move|p1a: Excadrill|Earthquake|p2a: Tyranitar
|-supereffective|p2a: Tyranitar
|-damage|p2a: Tyranitar|0 fnt
|faint|p2a: Tyranitar
|
|-weather|Sandstorm|[upkeep]
|callback|decision
|
|switch|p2a: Talonflame|Talonflame, M|350\/350
|turn|13
|callback|decision
|
|move|p2a: Talonflame|Brave Bird|p1a: Excadrill
|-resisted|p1a: Excadrill
|-damage|p1a: Excadrill|0 fnt
|-damage|p2a: Talonflame|342\/350|[from] recoil|[of] p1a: Excadrill
|faint|p1a: Excadrill
|
|-weather|none
|-heal|p2a: Talonflame|350\/350|[from] item: Leftovers
|callback|decision
|
|switch|p1a: Talonflame|Talonflame, F|321\/321
|turn|14
|callback|decision
|
|move|p1a: Talonflame|Bulk Up|p1a: Talonflame
|-boost|p1a: Talonflame|atk|1
|-boost|p1a: Talonflame|def|1
|move|p2a: Talonflame|Bulk Up|p2a: Talonflame
|-boost|p2a: Talonflame|atk|1
|-boost|p2a: Talonflame|def|1
|
|turn|15
|callback|decision
|
|move|p1a: Talonflame|Bulk Up|p1a: Talonflame
|-boost|p1a: Talonflame|atk|1
|-boost|p1a: Talonflame|def|1
|move|p2a: Talonflame|Bulk Up|p2a: Talonflame
|-boost|p2a: Talonflame|atk|1
|-boost|p2a: Talonflame|def|1
|
|turn|16
|callback|decision
|
|move|p1a: Talonflame|Bulk Up|p1a: Talonflame
|-boost|p1a: Talonflame|atk|1
|-boost|p1a: Talonflame|def|1
|move|p2a: Talonflame|Bulk Up|p2a: Talonflame
|-boost|p2a: Talonflame|atk|1
|-boost|p2a: Talonflame|def|1
|
|turn|17
|callback|decision
|
|move|p1a: Talonflame|Bulk Up|p1a: Talonflame
|-boost|p1a: Talonflame|atk|1
|-boost|p1a: Talonflame|def|1
|move|p2a: Talonflame|Bulk Up|p2a: Talonflame
|-boost|p2a: Talonflame|atk|1
|-boost|p2a: Talonflame|def|1
|
|turn|18
|callback|decision
|
|move|p1a: Talonflame|Bulk Up|p1a: Talonflame
|-boost|p1a: Talonflame|atk|1
|-boost|p1a: Talonflame|def|1
|move|p2a: Talonflame|Bulk Up|p2a: Talonflame
|-boost|p2a: Talonflame|atk|1
|-boost|p2a: Talonflame|def|1
|
|turn|19
|callback|decision
|
|move|p1a: Talonflame|Bulk Up|p1a: Talonflame
|-boost|p1a: Talonflame|atk|1
|-boost|p1a: Talonflame|def|1
|move|p2a: Talonflame|Bulk Up|p2a: Talonflame
|-boost|p2a: Talonflame|atk|1
|-boost|p2a: Talonflame|def|1
|
|turn|20
|callback|decision
|
|move|p1a: Talonflame|Brave Bird|p2a: Talonflame
|-damage|p2a: Talonflame|127\/350
|-damage|p1a: Talonflame|247\/321|[from] recoil|[of] p2a: Talonflame
|-heal|p1a: Talonflame|274\/321|[from] item: Shell Bell|[of] p2a: Talonflame
|move|p2a: Talonflame|Brave Bird|p1a: Talonflame
|-damage|p1a: Talonflame|106\/321
|-damage|p2a: Talonflame|72\/350|[from] recoil|[of] p1a: Talonflame
|
|-heal|p2a: Talonflame|93\/350|[from] item: Leftovers
|turn|21
|callback|decision
|
|move|p1a: Talonflame|Brave Bird|p2a: Talonflame
|-damage|p2a: Talonflame|0 fnt
|-damage|p1a: Talonflame|75\/321|[from] recoil|[of] p2a: Talonflame
|-heal|p1a: Talonflame|86\/321|[from] item: Shell Bell|[of] p2a: Talonflame
|faint|p2a: Talonflame
|
|callback|decision
|
|switch|p2a: Greninja|Greninja, F|286\/286
|turn|22
|callback|decision
|
|move|p1a: Talonflame|Brave Bird|p2a: Greninja
|-damage|p2a: Greninja|0 fnt
|-damage|p1a: Talonflame|0 fnt|[from] recoil|[of] p2a: Greninja
|faint|p2a: Greninja
|faint|p1a: Talonflame
|
|callback|decision
|
|switch|p1a: Manectric|Manectric, M|271\/289
|-formechange|p1a: Manectric|Manectric-Mega
|switch|p2a: Trevenant|Trevenant, M|189\/374
|-ability|p1a: Manectric|Intimidate|[of] p2a: Trevenant
|-unboost|p2a: Trevenant|atk|1
|turn|23
|callback|decision
|
|move|p1a: Manectric|Flamethrower|p2a: Trevenant
|-supereffective|p2a: Trevenant
|-damage|p2a: Trevenant|0 fnt
|faint|p2a: Trevenant
|
|callback|decision
|
|switch|p2a: Excadrill|Excadrill, M|362\/362
|turn|24
|callback|decision
|
|move|p1a: Manectric|Flamethrower|p2a: Excadrill
|-supereffective|p2a: Excadrill
|-damage|p2a: Excadrill|40\/362
|move|p2a: Excadrill|Earthquake|p1a: Manectric
|-supereffective|p1a: Manectric
|-damage|p1a: Manectric|0 fnt
|-damage|p2a: Excadrill|4\/362|[from] item: Life Orb
|faint|p1a: Manectric
|
|callback|decision
|
|switch|p1a: Bisharp|Bisharp, M|271\/271
|turn|25
|callback|decision
|
|move|p1a: Bisharp|Sucker Punch|p2a: Excadrill
|-crit|p2a: Excadrill
|-damage|p2a: Excadrill|0 fnt
|faint|p2a: Excadrill
|
|win|MintyShade
|raw|Ladder updating...
|chat|MintyShade|gg
|raw|MintyShade's rating: 1645 &rarr; <strong>1649<\/strong><br \/>(+4 for winning)
|raw|Mlmaudit's rating: 1700 &rarr; <strong>1693<\/strong><br \/>(-7 for losing)