|join|Staen22
|join|IggyRoselia
|player|p1|Staen22|170
|player|p2|IggyRoselia|78
|gametype|singles
|gen|6
|tier|UU
|rated
|rule|Sleep Clause Mod: Limit one foe put to sleep
|rule|Species Clause: Limit one of each PokÃ©mon
|rule|OHKO Clause: OHKO moves are banned
|rule|Moody Clause: Moody is banned
|rule|Evasion Moves Clause: Evasion moves are banned
|rule|Endless Battle Clause: Forcing endless battles is banned
|rule|HP Percentage Mod: HP is shown in percentages
|clearpoke
|poke|p1|Rotom-Mow
|poke|p1|Donphan, F
|poke|p1|Hydreigon, F
|poke|p1|Blissey, F
|poke|p1|Alomomola, F
|poke|p1|Blastoise, F
|poke|p2|Alakazam, F, shiny
|poke|p2|Beedrill, F
|poke|p2|Hippowdon, F, shiny
|poke|p2|Suicune, shiny
|poke|p2|Whimsicott, F, shiny
|poke|p2|Rotom-Heat, shiny
|rule|Swagger Clause: Swagger is banned
|rule|Baton Pass Clause: Limit one PokÃ©mon knowing Baton Pass
|teampreview
|c|âStaen22|Gl hf
|
|start
|switch|p1a: Donphan|Donphan, F|384\/384
|switch|p2a: Beedrill|Beedrill, F|271\/271
|turn|1
|
|detailschange|p2a: Beedrill|Beedrill-Mega, F
|-mega|p2a: Beedrill|Beedrill|Beedrillite
|move|p2a: Beedrill|U-turn|p1a: Donphan
|-damage|p1a: Donphan|200\/384
|
|switch|p2a: Hippowdon|Hippowdon, F, shiny|420\/420
|-weather|Sandstorm
|move|p1a: Donphan|Stealth Rock|p2a: Hippowdon
|-sidestart|p2: IggyRoselia|move: Stealth Rock
|
|-weather|Sandstorm|[upkeep]
|-heal|p1a: Donphan|224\/384|[from] item: Leftovers
|turn|2
|
|switch|p1a: Rotom-Mow|Rotom-Mow|241\/241
|move|p2a: Hippowdon|Stealth Rock|p1a: Rotom-Mow
|-sidestart|p1: Staen22|move: Stealth Rock
|
|-weather|Sandstorm|[upkeep]
|-damage|p1a: Rotom-Mow|226\/241|[from] sandstorm
|turn|3
|
|switch|p2a: Rotom-Heat|Rotom-Heat, shiny|303\/303
|-damage|p2a: Rotom-Heat|228\/303|[from] Stealth Rock
|move|p1a: Rotom-Mow|Volt Switch|p2a: Rotom-Heat
|-resisted|p2a: Rotom-Heat
|-damage|p2a: Rotom-Heat|191\/303
|
|switch|p1a: Hydreigon|Hydreigon, F|325\/325
|-damage|p1a: Hydreigon|285\/325|[from] Stealth Rock
|
|-weather|Sandstorm|[upkeep]
|-damage|p1a: Hydreigon|265\/325|[from] sandstorm
|-damage|p2a: Rotom-Heat|173\/303|[from] sandstorm
|-heal|p2a: Rotom-Heat|191\/303|[from] item: Leftovers
|turn|4
|
|move|p1a: Hydreigon|Flash Cannon|p2a: Rotom-Heat
|-resisted|p2a: Rotom-Heat
|-damage|p2a: Rotom-Heat|165\/303
|-unboost|p2a: Rotom-Heat|spd|1
|move|p2a: Rotom-Heat|Pain Split|p1a: Hydreigon
|-sethp|p1a: Hydreigon|215\/325|p2a: Rotom-Heat|215\/303|[from] move: Pain Split
|
|-weather|Sandstorm|[upkeep]
|-damage|p1a: Hydreigon|195\/325|[from] sandstorm
|-damage|p2a: Rotom-Heat|197\/303|[from] sandstorm
|-heal|p2a: Rotom-Heat|215\/303|[from] item: Leftovers
|turn|5
|
|switch|p1a: Blastoise|Blastoise, F|299\/299
|-damage|p1a: Blastoise|262\/299|[from] Stealth Rock
|switch|p2a: Whimsicott|Whimsicott, F, shiny|270\/270
|-damage|p2a: Whimsicott|237\/270|[from] Stealth Rock
|
|-weather|none
|-heal|p2a: Whimsicott|253\/270|[from] item: Leftovers
|turn|6
|
|detailschange|p1a: Blastoise|Blastoise-Mega, F
|-mega|p1a: Blastoise|Blastoise|Blastoisinite
|move|p2a: Whimsicott|Giga Drain|p1a: Blastoise
|-supereffective|p1a: Blastoise
|-damage|p1a: Blastoise|98\/299
|-heal|p2a: Whimsicott|270\/270|[from] drain|[of] p1a: Blastoise
|move|p1a: Blastoise|Ice Beam|p2a: Whimsicott
|-supereffective|p2a: Whimsicott
|-damage|p2a: Whimsicott|0 fnt
|faint|p2a: Whimsicott
|
|
|switch|p2a: Beedrill|Beedrill-Mega, F|271\/271
|-damage|p2a: Beedrill|204\/271|[from] Stealth Rock
|turn|7
|
|switch|p1a: Alomomola|Alomomola, F|534\/534
|-damage|p1a: Alomomola|468\/534|[from] Stealth Rock
|move|p2a: Beedrill|U-turn|p1a: Alomomola
|-damage|p1a: Alomomola|308\/534
|
|switch|p2a: Alakazam|Alakazam, F, shiny|252\/252
|
|-heal|p1a: Alomomola|341\/534|[from] item: Leftovers
|turn|8
|
|switch|p1a: Blissey|Blissey, F|714\/714
|-damage|p1a: Blissey|625\/714|[from] Stealth Rock
|move|p2a: Alakazam|Calm Mind|p2a: Alakazam
|-boost|p2a: Alakazam|spa|1
|-boost|p2a: Alakazam|spd|1
|
|-heal|p1a: Blissey|669\/714|[from] item: Leftovers
|turn|9
|
|move|p2a: Alakazam|Calm Mind|p2a: Alakazam
|-boost|p2a: Alakazam|spa|1
|-boost|p2a: Alakazam|spd|1
|move|p1a: Blissey|Seismic Toss|p2a: Alakazam
|-damage|p2a: Alakazam|152\/252
|
|-heal|p1a: Blissey|713\/714|[from] item: Leftovers
|turn|10
|
|move|p2a: Alakazam|Psychic|p1a: Blissey
|-damage|p1a: Blissey|454\/714
|move|p1a: Blissey|Seismic Toss|p2a: Alakazam
|-damage|p2a: Alakazam|52\/252
|
|-heal|p1a: Blissey|498\/714|[from] item: Leftovers
|turn|11
|
|move|p2a: Alakazam|Psychic|p1a: Blissey
|-damage|p1a: Blissey|260\/714
|move|p1a: Blissey|Seismic Toss|p2a: Alakazam
|-damage|p2a: Alakazam|0 fnt
|faint|p2a: Alakazam
|
|-heal|p1a: Blissey|304\/714|[from] item: Leftovers
|
|switch|p2a: Beedrill|Beedrill-Mega, F|204\/271
|-damage|p2a: Beedrill|137\/271|[from] Stealth Rock
|turn|12
|
|switch|p1a: Alomomola|Alomomola, F|519\/534
|-damage|p1a: Alomomola|453\/534|[from] Stealth Rock
|move|p2a: Beedrill|Poison Jab|p1a: Alomomola
|-damage|p1a: Alomomola|253\/534
|
|-heal|p1a: Alomomola|286\/534|[from] item: Leftovers
|turn|13
|
|move|p2a: Beedrill|Poison Jab|p1a: Alomomola
|-damage|p1a: Alomomola|80\/534
|-status|p1a: Alomomola|psn
|move|p1a: Alomomola|Wish|p1a: Alomomola
|
|-heal|p1a: Alomomola|113\/534 psn|[from] item: Leftovers
|-damage|p1a: Alomomola|47\/534 psn|[from] psn
|turn|14
|
|move|p1a: Alomomola|Protect|p1a: Alomomola
|-singleturn|p1a: Alomomola|Protect
|move|p2a: Beedrill|Poison Jab|p1a: Alomomola
|-activate|p1a: Alomomola|Protect
|
|-heal|p1a: Alomomola|314\/534 psn|[from] move: Wish|[wisher] Alomomola
|-heal|p1a: Alomomola|347\/534 psn|[from] item: Leftovers
|-damage|p1a: Alomomola|281\/534 psn|[from] psn
|turn|15
|
|switch|p1a: Donphan|Donphan, F|224\/384
|-damage|p1a: Donphan|200\/384|[from] Stealth Rock
|move|p2a: Beedrill|Knock Off|p1a: Donphan
|-damage|p1a: Donphan|88\/384
|-enditem|p1a: Donphan|Leftovers|[from] move: Knock Off|[of] p2a: Beedrill
|
|turn|16
|
|move|p2a: Beedrill|Protect|p2a: Beedrill
|-singleturn|p2a: Beedrill|Protect
|move|p1a: Donphan|Ice Shard|p2a: Beedrill
|-activate|p2a: Beedrill|Protect
|
|turn|17
|
|switch|p2a: Hippowdon|Hippowdon, F, shiny|420\/420
|-damage|p2a: Hippowdon|394\/420|[from] Stealth Rock
|-weather|Sandstorm
|move|p1a: Donphan|Ice Shard|p2a: Hippowdon
|-supereffective|p2a: Hippowdon
|-damage|p2a: Hippowdon|334\/420
|
|-weather|Sandstorm|[upkeep]
|-heal|p2a: Hippowdon|360\/420|[from] item: Leftovers
|turn|18
|
|switch|p1a: Rotom-Mow|Rotom-Mow|226\/241
|-damage|p1a: Rotom-Mow|196\/241|[from] Stealth Rock
|move|p2a: Hippowdon|Earthquake|p1a: Rotom-Mow
|-immune|p1a: Rotom-Mow|[msg]
|
|-weather|Sandstorm|[upkeep]
|-damage|p1a: Rotom-Mow|181\/241|[from] sandstorm
|-heal|p2a: Hippowdon|386\/420|[from] item: Leftovers
|turn|19
|
|switch|p2a: Rotom-Heat|Rotom-Heat, shiny|215\/303
|-damage|p2a: Rotom-Heat|140\/303|[from] Stealth Rock
|move|p1a: Rotom-Mow|Leaf Storm|p2a: Rotom-Heat
|-resisted|p2a: Rotom-Heat
|-damage|p2a: Rotom-Heat|74\/303
|-unboost|p1a: Rotom-Mow|spa|2
|
|-weather|Sandstorm|[upkeep]
|-damage|p1a: Rotom-Mow|166\/241|[from] sandstorm
|-damage|p2a: Rotom-Heat|56\/303|[from] sandstorm
|-heal|p2a: Rotom-Heat|74\/303|[from] item: Leftovers
|turn|20
|
|switch|p1a: Blissey|Blissey, F|304\/714
|-damage|p1a: Blissey|215\/714|[from] Stealth Rock
|move|p2a: Rotom-Heat|Pain Split|p1a: Blissey
|-sethp|p1a: Blissey|144\/714|p2a: Rotom-Heat|144\/303|[from] move: Pain Split
|
|-weather|Sandstorm|[upkeep]
|-damage|p2a: Rotom-Heat|126\/303|[from] sandstorm
|-damage|p1a: Blissey|100\/714|[from] sandstorm
|-heal|p2a: Rotom-Heat|144\/303|[from] item: Leftovers
|-heal|p1a: Blissey|144\/714|[from] item: Leftovers
|turn|21
|
|move|p2a: Rotom-Heat|Overheat|p1a: Blissey
|-damage|p1a: Blissey|26\/714
|-unboost|p2a: Rotom-Heat|spa|2
|move|p1a: Blissey|Soft-Boiled|p1a: Blissey
|-heal|p1a: Blissey|383\/714
|
|-weather|none
|-heal|p2a: Rotom-Heat|162\/303|[from] item: Leftovers
|-heal|p1a: Blissey|427\/714|[from] item: Leftovers
|turn|22
|
|move|p2a: Rotom-Heat|Pain Split|p1a: Blissey
|-sethp|p1a: Blissey|294\/714|p2a: Rotom-Heat|294\/303|[from] move: Pain Split
|move|p1a: Blissey|Aromatherapy|p1a: Blissey
|-cureteam|p1a: Blissey|[from] move: Aromatherapy
|
|-heal|p2a: Rotom-Heat|303\/303|[from] item: Leftovers
|-heal|p1a: Blissey|338\/714|[from] item: Leftovers
|turn|23
|
|move|p2a: Rotom-Heat|Pain Split|p1a: Blissey
|-sethp|p1a: Blissey|320\/714|p2a: Rotom-Heat|303\/303|[from] move: Pain Split
|move|p1a: Blissey|Soft-Boiled|p1a: Blissey
|-heal|p1a: Blissey|677\/714
|
|-heal|p1a: Blissey|714\/714|[from] item: Leftovers
|turn|24
|
|switch|p1a: Hydreigon|Hydreigon, F|195\/325
|-damage|p1a: Hydreigon|155\/325|[from] Stealth Rock
|move|p2a: Rotom-Heat|Will-O-Wisp|p1a: Hydreigon
|-status|p1a: Hydreigon|brn
|
|-damage|p1a: Hydreigon|115\/325 brn|[from] brn
|turn|25
|
|move|p1a: Hydreigon|Draco Meteor|p2a: Rotom-Heat
|-damage|p2a: Rotom-Heat|42\/303
|-unboost|p1a: Hydreigon|spa|2
|move|p2a: Rotom-Heat|Volt Switch|p1a: Hydreigon
|-crit|p1a: Hydreigon
|-resisted|p1a: Hydreigon
|-damage|p1a: Hydreigon|39\/325 brn
|
|switch|p2a: Suicune|Suicune, shiny|404\/404
|-damage|p2a: Suicune|354\/404|[from] Stealth Rock
|-ability|p2a: Suicune|Pressure
|
|-heal|p2a: Suicune|379\/404|[from] item: Leftovers
|-damage|p1a: Hydreigon|0 fnt|[from] brn
|faint|p1a: Hydreigon
|
|switch|p1a: Rotom-Mow|Rotom-Mow|166\/241
|-damage|p1a: Rotom-Mow|136\/241|[from] Stealth Rock
|turn|26
|
|switch|p2a: Rotom-Heat|Rotom-Heat, shiny|42\/303
|-damage|p2a: Rotom-Heat|0 fnt|[from] Stealth Rock
|faint|p2a: Rotom-Heat
|move|p1a: Rotom-Mow|Trick|p2: Rotom-Heat|[notarget]
|-notarget
|
|
|switch|p2a: Beedrill|Beedrill-Mega, F|137\/271
|-damage|p2a: Beedrill|70\/271|[from] Stealth Rock
|turn|27
|
|switch|p1a: Alomomola|Alomomola, F|459\/534
|-damage|p1a: Alomomola|393\/534|[from] Stealth Rock
|move|p2a: Beedrill|Poison Jab|p1a: Alomomola
|-damage|p1a: Alomomola|197\/534
|-status|p1a: Alomomola|psn
|
|-heal|p1a: Alomomola|230\/534 psn|[from] item: Leftovers
|-damage|p1a: Alomomola|164\/534 psn|[from] psn
|turn|28
|c|âStaen22|Ducking lucker
|
|switch|p1a: Donphan|Donphan, F|88\/384
|-damage|p1a: Donphan|64\/384|[from] Stealth Rock
|move|p2a: Beedrill|Poison Jab|p1a: Donphan
|-resisted|p1a: Donphan
|-damage|p1a: Donphan|0 fnt
|faint|p1a: Donphan
|
|
|switch|p1a: Rotom-Mow|Rotom-Mow|136\/241
|-damage|p1a: Rotom-Mow|106\/241|[from] Stealth Rock
|turn|29
|
|switch|p2a: Hippowdon|Hippowdon, F, shiny|386\/420
|-damage|p2a: Hippowdon|360\/420|[from] Stealth Rock
|-weather|Sandstorm
|move|p1a: Rotom-Mow|Leaf Storm|p2a: Hippowdon
|-supereffective|p2a: Hippowdon
|-damage|p2a: Hippowdon|0 fnt
|-unboost|p1a: Rotom-Mow|spa|2
|faint|p2a: Hippowdon
|
|-weather|Sandstorm|[upkeep]
|-damage|p1a: Rotom-Mow|91\/241|[from] sandstorm
|
|switch|p2a: Suicune|Suicune, shiny|379\/404
|-damage|p2a: Suicune|329\/404|[from] Stealth Rock
|-ability|p2a: Suicune|Pressure
|turn|30
|
|switch|p1a: Blastoise|Blastoise-Mega, F|98\/299
|-damage|p1a: Blastoise|61\/299|[from] Stealth Rock
|move|p2a: Suicune|Calm Mind|p2a: Suicune
|-boost|p2a: Suicune|spa|1
|-boost|p2a: Suicune|spd|1
|
|-weather|Sandstorm|[upkeep]
|-damage|p1a: Blastoise|43\/299|[from] sandstorm
|-damage|p2a: Suicune|304\/404|[from] sandstorm
|-heal|p2a: Suicune|329\/404|[from] item: Leftovers
|turn|31
|
|switch|p1a: Rotom-Mow|Rotom-Mow|91\/241
|-damage|p1a: Rotom-Mow|61\/241|[from] Stealth Rock
|move|p2a: Suicune|Calm Mind|p2a: Suicune
|-boost|p2a: Suicune|spa|1
|-boost|p2a: Suicune|spd|1
|
|-weather|Sandstorm|[upkeep]
|-damage|p1a: Rotom-Mow|46\/241|[from] sandstorm
|-damage|p2a: Suicune|304\/404|[from] sandstorm
|-heal|p2a: Suicune|329\/404|[from] item: Leftovers
|turn|32
|
|move|p1a: Rotom-Mow|Trick|p2a: Suicune
|-activate|p1a: Rotom-Mow|move: Trick|[of] p2a: Suicune
|-item|p2a: Suicune|Choice Scarf|[from] move: Trick
|-item|p1a: Rotom-Mow|Leftovers|[from] move: Trick
|move|p2a: Suicune|Scald|p1a: Rotom-Mow
|-resisted|p1a: Rotom-Mow
|-damage|p1a: Rotom-Mow|0 fnt
|faint|p1a: Rotom-Mow
|
|-weather|Sandstorm|[upkeep]
|-damage|p2a: Suicune|304\/404|[from] sandstorm
|
|switch|p1a: Blissey|Blissey, F|714\/714
|-damage|p1a: Blissey|625\/714|[from] Stealth Rock
|turn|33
|
|move|p2a: Suicune|Scald|p1a: Blissey
|-damage|p1a: Blissey|502\/714
|move|p1a: Blissey|Seismic Toss|p2a: Suicune
|-damage|p2a: Suicune|204\/404
|
|-weather|none
|-heal|p1a: Blissey|546\/714|[from] item: Leftovers
|turn|34
|
|move|p2a: Suicune|Scald|p1a: Blissey
|-damage|p1a: Blissey|414\/714
|move|p1a: Blissey|Seismic Toss|p2a: Suicune
|-damage|p2a: Suicune|104\/404
|
|-heal|p1a: Blissey|458\/714|[from] item: Leftovers
|turn|35
|
|move|p2a: Suicune|Scald|p1a: Blissey
|-damage|p1a: Blissey|323\/714
|-status|p1a: Blissey|brn
|move|p1a: Blissey|Soft-Boiled|p1a: Blissey
|-heal|p1a: Blissey|680\/714 brn
|
|-heal|p1a: Blissey|714\/714 brn|[from] item: Leftovers
|-damage|p1a: Blissey|625\/714 brn|[from] brn
|turn|36
|
|move|p2a: Suicune|Scald|p1a: Blissey
|-damage|p1a: Blissey|495\/714 brn
|move|p1a: Blissey|Aromatherapy|p1a: Blissey
|-cureteam|p1a: Blissey|[from] move: Aromatherapy
|
|-heal|p1a: Blissey|539\/714|[from] item: Leftovers
|turn|37
|
|move|p2a: Suicune|Scald|p1a: Blissey
|-damage|p1a: Blissey|410\/714
|move|p1a: Blissey|Soft-Boiled|p1a: Blissey
|-heal|p1a: Blissey|714\/714
|
|turn|38
|
|move|p2a: Suicune|Scald|p1a: Blissey
|-damage|p1a: Blissey|570\/714
|-status|p1a: Blissey|brn
|move|p1a: Blissey|Seismic Toss|p2a: Suicune
|-damage|p2a: Suicune|4\/404
|
|-heal|p1a: Blissey|614\/714 brn|[from] item: Leftovers
|-damage|p1a: Blissey|525\/714 brn|[from] brn
|turn|39
|
|switch|p2a: Beedrill|Beedrill-Mega, F|70\/271
|-damage|p2a: Beedrill|3\/271|[from] Stealth Rock
|move|p1a: Blissey|Aromatherapy|p1a: Blissey
|-cureteam|p1a: Blissey|[from] move: Aromatherapy
|
|-heal|p1a: Blissey|569\/714|[from] item: Leftovers
|turn|40
|
|move|p2a: Beedrill|Poison Jab|p1a: Blissey
|-damage|p1a: Blissey|183\/714
|move|p1a: Blissey|Seismic Toss|p2a: Beedrill
|-damage|p2a: Beedrill|0 fnt
|faint|p2a: Beedrill
|
|-heal|p1a: Blissey|227\/714|[from] item: Leftovers
|
|switch|p2a: Suicune|Suicune, shiny|4\/404
|-damage|p2a: Suicune|0 fnt|[from] Stealth Rock
|faint|p2a: Suicune
|
|win|Staen22
|raw|Ladder updating...
|raw|Staen22's rating: 1332 &rarr; <strong>1354<\/strong><br \/>(+22 for winning)
|raw|IggyRoselia's rating: 1367 &rarr; <strong>1345<\/strong><br \/>(-22 for losing)