|join|coffeecups
|join|kianann
|player|p1|coffeecups|238
|player|p2|kianann|2
|gametype|singles
|gen|6
|tier|OU
|rated
|clearpoke
|poke|p1|Gyarados, F
|poke|p1|Kyurem-Black
|poke|p1|Ferrothorn, M
|poke|p1|Talonflame, F
|poke|p1|Zapdos
|poke|p1|Clefable, M
|poke|p2|Politoed, F
|poke|p2|Swampert, F
|poke|p2|Klefki, M
|poke|p2|Ferrothorn, F
|poke|p2|Landorus, M
|poke|p2|Manaphy
|rule|Swagger Clause: Swagger is banned
|rule|Baton Pass Clause: Limit one PokÃ©mon knowing Baton Pass
|rule|Sleep Clause Mod: Limit one foe put to sleep
|rule|Species Clause: Limit one of each PokÃ©mon
|rule|OHKO Clause: OHKO moves are banned
|rule|Moody Clause: Moody is banned
|rule|Evasion Moves Clause: Evasion moves are banned
|rule|Endless Battle Clause: Forcing endless battles is banned
|rule|HP Percentage Mod: HP is shown in percentages
|teampreview
|
|start
|switch|p1a: Ferrothorn|Ferrothorn, M|352\/352
|switch|p2a: Politoed|Politoed, F|342\/342
|-weather|RainDance
|turn|1
|
|switch|p2a: Manaphy|Manaphy|404\/404
|move|p1a: Ferrothorn|Thunder Wave|p2a: Manaphy
|-status|p2a: Manaphy|par
|
|-weather|RainDance|[upkeep]
|-curestatus|p2a: Manaphy|par
|turn|2
|
|move|p2a: Manaphy|Tail Glow|p2a: Manaphy
|-boost|p2a: Manaphy|spa|3
|move|p1a: Ferrothorn|Power Whip|p2a: Manaphy|[miss]
|-miss|p1a: Ferrothorn|p2a: Manaphy
|
|-weather|RainDance|[upkeep]
|turn|3
|
|move|p2a: Manaphy|Tail Glow|p2a: Manaphy
|-boost|p2a: Manaphy|spa|3
|move|p1a: Ferrothorn|Power Whip|p2a: Manaphy
|-supereffective|p2a: Manaphy
|-damage|p2a: Manaphy|146\/404
|
|-weather|RainDance|[upkeep]
|-heal|p2a: Manaphy|171\/404|[from] item: Leftovers
|turn|4
|
|switch|p1a: Clefable|Clefable, M|394\/394
|move|p2a: Manaphy|Surf|p1a: Clefable
|-damage|p1a: Clefable|184\/394
|
|-weather|RainDance|[upkeep]
|-heal|p2a: Manaphy|196\/404|[from] item: Leftovers
|-heal|p1a: Clefable|208\/394|[from] item: Leftovers
|turn|5
|
|move|p2a: Manaphy|Surf|p1a: Clefable
|-damage|p1a: Clefable|0 fnt
|faint|p1a: Clefable
|
|-weather|RainDance|[upkeep]
|-heal|p2a: Manaphy|221\/404|[from] item: Leftovers
|
|switch|p1a: Talonflame|Talonflame, F|317\/317
|turn|6
|
|switch|p2a: Ferrothorn|Ferrothorn, F|352\/352
|move|p1a: Talonflame|Brave Bird|p2a: Ferrothorn
|-damage|p2a: Ferrothorn|196\/352
|-damage|p1a: Talonflame|278\/317|[from] ability: Iron Barbs|[of] p2a: Ferrothorn
|-damage|p1a: Talonflame|226\/317|[from] item: Rocky Helmet|[of] p2a: Ferrothorn
|-damage|p1a: Talonflame|175\/317|[from] recoil|[of] p2a: Ferrothorn
|
|-weather|RainDance|[upkeep]
|turn|7
|
|switch|p1a: Zapdos|Zapdos|384\/384
|-ability|p1a: Zapdos|Pressure
|move|p2a: Ferrothorn|Leech Seed|p1a: Zapdos
|-start|p1a: Zapdos|move: Leech Seed
|
|-weather|RainDance|[upkeep]
|-damage|p1a: Zapdos|336\/384|[from] Leech Seed|[of] p2a: Ferrothorn
|-heal|p2a: Ferrothorn|244\/352|[silent]
|turn|8
|
|move|p2a: Ferrothorn|Protect|p2a: Ferrothorn
|-singleturn|p2a: Ferrothorn|Protect
|move|p1a: Zapdos|Heat Wave|p2a: Ferrothorn
|-activate|p2a: Ferrothorn|Protect
|
|-weather|none
|-heal|p1a: Zapdos|360\/384|[from] item: Leftovers
|-damage|p1a: Zapdos|312\/384|[from] Leech Seed|[of] p2a: Ferrothorn
|-heal|p2a: Ferrothorn|292\/352|[silent]
|turn|9
|
|switch|p2a: Politoed|Politoed, F|342\/342
|-weather|RainDance
|move|p1a: Zapdos|Thunderbolt|p2a: Politoed
|-supereffective|p2a: Politoed
|-damage|p2a: Politoed|94\/342
|
|-weather|RainDance|[upkeep]
|-heal|p1a: Zapdos|336\/384|[from] item: Leftovers
|-damage|p1a: Zapdos|288\/384|[from] Leech Seed|[of] p2a: Politoed
|-heal|p2a: Politoed|142\/342|[silent]
|turn|10
|
|switch|p1a: Ferrothorn|Ferrothorn, M|352\/352
|switch|p2a: Swampert|Swampert, F|341\/341
|
|-weather|RainDance|[upkeep]
|turn|11
|
|switch|p2a: Ferrothorn|Ferrothorn, F|292\/352
|move|p1a: Ferrothorn|Power Whip|p2a: Ferrothorn
|-resisted|p2a: Ferrothorn
|-damage|p2a: Ferrothorn|273\/352
|-damage|p1a: Ferrothorn|308\/352|[from] ability: Iron Barbs|[of] p2a: Ferrothorn
|-damage|p1a: Ferrothorn|250\/352|[from] item: Rocky Helmet|[of] p2a: Ferrothorn
|
|-weather|RainDance|[upkeep]
|turn|12
|
|move|p1a: Ferrothorn|Thunder Wave|p2a: Ferrothorn
|-status|p2a: Ferrothorn|par
|move|p2a: Ferrothorn|Stealth Rock|p1a: Ferrothorn
|-sidestart|p1: coffeecups|move: Stealth Rock
|
|-weather|RainDance|[upkeep]
|turn|13
|
|switch|p2a: Manaphy|Manaphy|221\/404
|move|p1a: Ferrothorn|Leech Seed|p2a: Manaphy
|-start|p2a: Manaphy|move: Leech Seed
|
|-weather|RainDance|[upkeep]
|-heal|p2a: Manaphy|246\/404|[from] item: Leftovers
|-damage|p2a: Manaphy|196\/404|[from] Leech Seed|[of] p1a: Ferrothorn
|-heal|p1a: Ferrothorn|300\/352|[silent]
|turn|14
|
|switch|p2a: Ferrothorn|Ferrothorn, F|273\/352 par
|move|p1a: Ferrothorn|Power Whip|p2a: Ferrothorn
|-resisted|p2a: Ferrothorn
|-damage|p2a: Ferrothorn|255\/352 par
|-damage|p1a: Ferrothorn|256\/352|[from] ability: Iron Barbs|[of] p2a: Ferrothorn
|-damage|p1a: Ferrothorn|198\/352|[from] item: Rocky Helmet|[of] p2a: Ferrothorn
|
|-weather|RainDance|[upkeep]
|turn|15
|
|move|p1a: Ferrothorn|Leech Seed|p2a: Ferrothorn
|-immune|p2a: Ferrothorn|[msg]
|move|p2a: Ferrothorn|Leech Seed|p1a: Ferrothorn
|-immune|p1a: Ferrothorn|[msg]
|
|-weather|RainDance|[upkeep]
|turn|16
|
|move|p1a: Ferrothorn|Leech Seed|p2a: Ferrothorn
|-immune|p2a: Ferrothorn|[msg]
|move|p2a: Ferrothorn|Gyro Ball|p1a: Ferrothorn
|-resisted|p1a: Ferrothorn
|-damage|p1a: Ferrothorn|131\/352
|-damage|p2a: Ferrothorn|211\/352 par|[from] ability: Iron Barbs|[of] p1a: Ferrothorn
|-damage|p2a: Ferrothorn|153\/352 par|[from] item: Rocky Helmet|[of] p1a: Ferrothorn
|
|-weather|none
|turn|17
|
|move|p1a: Ferrothorn|Leech Seed|p2a: Ferrothorn
|-immune|p2a: Ferrothorn|[msg]
|move|p2a: Ferrothorn|Leech Seed|p1a: Ferrothorn
|-immune|p1a: Ferrothorn|[msg]
|
|turn|18
|
|move|p1a: Ferrothorn|Leech Seed|p2a: Ferrothorn|[miss]
|-miss|p1a: Ferrothorn|p2a: Ferrothorn
|move|p2a: Ferrothorn|Leech Seed|p1a: Ferrothorn
|-immune|p1a: Ferrothorn|[msg]
|
|turn|19
|
|move|p1a: Ferrothorn|Thunder Wave|p2a: Ferrothorn
|-fail|p2a: Ferrothorn|par
|move|p2a: Ferrothorn|Leech Seed|p1a: Ferrothorn
|-immune|p1a: Ferrothorn|[msg]
|
|turn|20
|
|move|p1a: Ferrothorn|Thunder Wave|p2a: Ferrothorn
|-fail|p2a: Ferrothorn|par
|move|p2a: Ferrothorn|Leech Seed|p1a: Ferrothorn
|-immune|p1a: Ferrothorn|[msg]
|
|turn|21
|c|âcoffeecups|The ferrothorn is real
|
|move|p1a: Ferrothorn|Thunder Wave|p2a: Ferrothorn
|-fail|p2a: Ferrothorn|par
|move|p2a: Ferrothorn|Leech Seed|p1a: Ferrothorn
|-immune|p1a: Ferrothorn|[msg]
|
|turn|22
|
|move|p2a: Ferrothorn|Protect|p2a: Ferrothorn
|-singleturn|p2a: Ferrothorn|Protect
|move|p1a: Ferrothorn|Leech Seed|p2a: Ferrothorn
|-activate|p2a: Ferrothorn|Protect
|
|turn|23
|
|move|p1a: Ferrothorn|Leech Seed|p2a: Ferrothorn
|-immune|p2a: Ferrothorn|[msg]
|cant|p2a: Ferrothorn|par
|
|turn|24
|
|move|p1a: Ferrothorn|Leech Seed|p2a: Ferrothorn
|-immune|p2a: Ferrothorn|[msg]
|move|p2a: Ferrothorn|Stealth Rock|p1a: Ferrothorn
|-fail|p1a: Ferrothorn
|
|turn|25
|
|move|p1a: Ferrothorn|Thunder Wave|p2a: Ferrothorn
|-fail|p2a: Ferrothorn|par
|cant|p2a: Ferrothorn|par
|
|turn|26
|
|switch|p1a: Zapdos|Zapdos|288\/384
|-damage|p1a: Zapdos|192\/384|[from] Stealth Rock
|-ability|p1a: Zapdos|Pressure
|move|p2a: Ferrothorn|Stealth Rock|p1a: Zapdos
|-fail|p1a: Zapdos
|
|-heal|p1a: Zapdos|216\/384|[from] item: Leftovers
|turn|27
|
|move|p1a: Zapdos|Thunderbolt|p2a: Ferrothorn
|-resisted|p2a: Ferrothorn
|-damage|p2a: Ferrothorn|94\/352 par
|move|p2a: Ferrothorn|Leech Seed|p1a: Zapdos
|-start|p1a: Zapdos|move: Leech Seed
|
|-heal|p1a: Zapdos|240\/384|[from] item: Leftovers
|-damage|p1a: Zapdos|192\/384|[from] Leech Seed|[of] p2a: Ferrothorn
|-heal|p2a: Ferrothorn|142\/352 par|[silent]
|turn|28
|
|switch|p1a: Ferrothorn|Ferrothorn, M|131\/352
|-damage|p1a: Ferrothorn|109\/352|[from] Stealth Rock
|switch|p2a: Politoed|Politoed, F|142\/342
|-weather|RainDance
|
|-weather|RainDance|[upkeep]
|turn|29
|
|switch|p2a: Ferrothorn|Ferrothorn, F|142\/352 par
|move|p1a: Ferrothorn|Power Whip|p2a: Ferrothorn
|-resisted|p2a: Ferrothorn
|-damage|p2a: Ferrothorn|121\/352 par
|-damage|p1a: Ferrothorn|65\/352|[from] ability: Iron Barbs|[of] p2a: Ferrothorn
|-damage|p1a: Ferrothorn|7\/352|[from] item: Rocky Helmet|[of] p2a: Ferrothorn
|
|-weather|RainDance|[upkeep]
|turn|30
|
|switch|p1a: Zapdos|Zapdos|192\/384
|-damage|p1a: Zapdos|96\/384|[from] Stealth Rock
|-ability|p1a: Zapdos|Pressure
|cant|p2a: Ferrothorn|par
|
|-weather|RainDance|[upkeep]
|-heal|p1a: Zapdos|120\/384|[from] item: Leftovers
|turn|31
|
|move|p1a: Zapdos|Roost|p1a: Zapdos
|-heal|p1a: Zapdos|312\/384
|cant|p2a: Ferrothorn|par
|
|-weather|RainDance|[upkeep]
|-heal|p1a: Zapdos|336\/384|[from] item: Leftovers
|turn|32
|
|move|p1a: Zapdos|Defog|p2a: Ferrothorn
|-unboost|p2a: Ferrothorn|evasion|1
|-sideend|p1: coffeecups|Stealth Rock|[from] move: Defog|[of] p1a: Zapdos
|move|p2a: Ferrothorn|Leech Seed|p1a: Zapdos
|-start|p1a: Zapdos|move: Leech Seed
|
|-weather|RainDance|[upkeep]
|-heal|p1a: Zapdos|360\/384|[from] item: Leftovers
|-damage|p1a: Zapdos|312\/384|[from] Leech Seed|[of] p2a: Ferrothorn
|-heal|p2a: Ferrothorn|169\/352 par|[silent]
|turn|33
|
|switch|p1a: Kyurem-Black|Kyurem-Black|391\/391
|-ability|p1a: Kyurem-Black|Teravolt
|move|p2a: Ferrothorn|Stealth Rock|p1a: Kyurem-Black
|-sidestart|p1: coffeecups|move: Stealth Rock
|
|-weather|RainDance|[upkeep]
|turn|34
|
|move|p1a: Kyurem-Black|Ice Beam|p2a: Ferrothorn
|-damage|p2a: Ferrothorn|0 fnt
|-damage|p1a: Kyurem-Black|352\/391|[from] item: Life Orb
|faint|p2a: Ferrothorn
|
|-weather|RainDance|[upkeep]
|
|switch|p2a: Swampert|Swampert, F|341\/341
|turn|35
|
|detailschange|p2a: Swampert|Swampert-Mega, F
|-mega|p2a: Swampert|Swampert|Swampertite
|move|p1a: Kyurem-Black|Ice Beam|p2a: Swampert
|-damage|p2a: Swampert|153\/341
|-damage|p1a: Kyurem-Black|313\/391|[from] item: Life Orb
|move|p2a: Swampert|Earthquake|p1a: Kyurem-Black
|-damage|p1a: Kyurem-Black|91\/391
|
|-weather|none
|turn|36
|
|switch|p2a: Politoed|Politoed, F|142\/342
|-weather|RainDance
|move|p1a: Kyurem-Black|Fusion Bolt|p2a: Politoed
|-supereffective|p2a: Politoed
|-damage|p2a: Politoed|0 fnt
|-damage|p1a: Kyurem-Black|52\/391|[from] item: Life Orb
|faint|p2a: Politoed
|
|-weather|RainDance|[upkeep]
|
|switch|p2a: Swampert|Swampert-Mega, F|153\/341
|turn|37
|
|switch|p1a: Ferrothorn|Ferrothorn, M|7\/352
|-damage|p1a: Ferrothorn|0 fnt|[from] Stealth Rock
|faint|p1a: Ferrothorn
|move|p2a: Swampert|Waterfall|p1: Ferrothorn|[notarget]
|-notarget
|
|-weather|RainDance|[upkeep]
|
|switch|p1a: Gyarados|Gyarados, F|331\/331
|-damage|p1a: Gyarados|249\/331|[from] Stealth Rock
|-ability|p1a: Gyarados|Intimidate|[of] p2a: Swampert
|-unboost|p2a: Swampert|atk|1
|turn|38
|
|switch|p2a: Manaphy|Manaphy|196\/404
|detailschange|p1a: Gyarados|Gyarados-Mega, F
|-mega|p1a: Gyarados|Gyarados|Gyaradosite
|-ability|p1a: Gyarados|Mold Breaker
|move|p1a: Gyarados|Dragon Dance|p1a: Gyarados
|-boost|p1a: Gyarados|atk|1
|-boost|p1a: Gyarados|spe|1
|
|-weather|RainDance|[upkeep]
|-heal|p2a: Manaphy|221\/404|[from] item: Leftovers
|turn|39
|
|move|p1a: Gyarados|Crunch|p2a: Manaphy
|-damage|p2a: Manaphy|0 fnt
|faint|p2a: Manaphy
|
|-weather|RainDance|[upkeep]
|
|switch|p2a: Klefki|Klefki, M|317\/317
|turn|40
|
|move|p2a: Klefki|Thunder Wave|p1a: Gyarados
|-status|p1a: Gyarados|par
|cant|p1a: Gyarados|par
|
|-weather|RainDance|[upkeep]
|turn|41
|
|move|p2a: Klefki|Foul Play|p1a: Gyarados
|-resisted|p1a: Gyarados
|-damage|p1a: Gyarados|158\/331 par
|move|p1a: Gyarados|Waterfall|p2a: Klefki
|-damage|p2a: Klefki|0 fnt
|faint|p2a: Klefki
|
|-weather|RainDance|[upkeep]
|
|switch|p2a: Landorus|Landorus, M|319\/319
|turn|42
|
|move|p2a: Landorus|Earth Power|p1a: Gyarados
|-damage|p1a: Gyarados|0 fnt
|faint|p1a: Gyarados
|
|-weather|RainDance|[upkeep]
|
|switch|p1a: Zapdos|Zapdos|312\/384
|-damage|p1a: Zapdos|216\/384|[from] Stealth Rock
|-ability|p1a: Zapdos|Pressure
|turn|43
|
|move|p2a: Landorus|Psychic|p1a: Zapdos
|-damage|p1a: Zapdos|22\/384
|move|p1a: Zapdos|Defog|p2a: Landorus
|-unboost|p2a: Landorus|evasion|1
|-sideend|p1: coffeecups|Stealth Rock|[from] move: Defog|[of] p1a: Zapdos
|
|-weather|none
|-heal|p1a: Zapdos|46\/384|[from] item: Leftovers
|turn|44
|
|move|p2a: Landorus|Psychic|p1a: Zapdos
|-damage|p1a: Zapdos|0 fnt
|faint|p1a: Zapdos
|
|
|switch|p1a: Talonflame|Talonflame, F|175\/317
|turn|45
|
|move|p1a: Talonflame|Brave Bird|p2a: Landorus
|-damage|p2a: Landorus|58\/319
|-damage|p1a: Talonflame|89\/317|[from] recoil|[of] p2a: Landorus
|move|p2a: Landorus|Psychic|p1a: Talonflame
|-damage|p1a: Talonflame|0 fnt
|faint|p1a: Talonflame
|
|
|switch|p1a: Kyurem-Black|Kyurem-Black|52\/391
|-ability|p1a: Kyurem-Black|Teravolt
|turn|46
|
|move|p2a: Landorus|Psychic|p1a: Kyurem-Black
|-damage|p1a: Kyurem-Black|0 fnt
|faint|p1a: Kyurem-Black
|
|win|kianann
|raw|Ladder updating...
|raw|coffeecups's rating: 1469 &rarr; <strong>1447<\/strong><br \/>(-22 for losing)
|raw|kianann's rating: 1428 &rarr; <strong>1450<\/strong><br \/>(+22 for winning)
|c|âcoffeecups|gg