|join|AllJokesAside
|join|kianann
|player|p1|AllJokesAside|265
|player|p2|kianann|2
|gametype|singles
|gen|6
|tier|OU
|rated
|clearpoke
|poke|p1|Sharpedo, F
|poke|p1|Gliscor, F
|poke|p1|Ferrothorn, M
|poke|p1|Heatran, M
|poke|p1|Landorus-Therian, M
|poke|p1|Bisharp, M
|poke|p2|Politoed, F
|poke|p2|Swampert, F
|poke|p2|Klefki, F
|poke|p2|Ferrothorn, F
|poke|p2|Landorus, M
|poke|p2|Manaphy
|rule|Swagger Clause: Swagger is banned
|rule|Baton Pass Clause: Limit one PokÃ©mon knowing Baton Pass
|rule|Sleep Clause Mod: Limit one foe put to sleep
|rule|Species Clause: Limit one of each PokÃ©mon
|rule|OHKO Clause: OHKO moves are banned
|rule|Moody Clause: Moody is banned
|rule|Evasion Moves Clause: Evasion moves are banned
|rule|Endless Battle Clause: Forcing endless battles is banned
|rule|HP Percentage Mod: HP is shown in percentages
|teampreview
|
|start
|switch|p1a: Ferrothorn|Ferrothorn, M|352\/352
|switch|p2a: Politoed|Politoed, F|342\/342
|-weather|RainDance
|turn|1
|
|switch|p2a: Landorus|Landorus, M|319\/319
|move|p1a: Ferrothorn|Spikes|p2a: Landorus
|-sidestart|p2: kianann|Spikes
|
|-weather|RainDance|[upkeep]
|turn|2
|
|switch|p1a: Gliscor|Gliscor, F|353\/353
|move|p2a: Landorus|Focus Blast|p1a: Gliscor|[miss]
|-miss|p2a: Landorus|p1a: Gliscor
|
|-weather|RainDance|[upkeep]
|-status|p1a: Gliscor|tox|[from] item: Toxic Orb
|turn|3
|
|switch|p2a: Manaphy|Manaphy|404\/404
|-damage|p2a: Manaphy|354\/404|[from] Spikes
|move|p1a: Gliscor|Roost|p1a: Gliscor
|-fail|p1a: Gliscor
|
|-weather|RainDance|[upkeep]
|-heal|p2a: Manaphy|379\/404|[from] item: Leftovers
|turn|4
|
|switch|p1a: Ferrothorn|Ferrothorn, M|352\/352
|move|p2a: Manaphy|Tail Glow|p2a: Manaphy
|-boost|p2a: Manaphy|spa|3
|
|-weather|RainDance|[upkeep]
|-heal|p2a: Manaphy|404\/404|[from] item: Leftovers
|turn|5
|
|move|p2a: Manaphy|Tail Glow|p2a: Manaphy
|-boost|p2a: Manaphy|spa|3
|move|p1a: Ferrothorn|Leech Seed|p2a: Manaphy
|-start|p2a: Manaphy|move: Leech Seed
|
|-weather|RainDance|[upkeep]
|-damage|p2a: Manaphy|354\/404|[from] Leech Seed|[of] p1a: Ferrothorn
|turn|6
|c|âAllJokesAside|:(
|
|move|p1a: Ferrothorn|Protect|p1a: Ferrothorn
|-singleturn|p1a: Ferrothorn|Protect
|move|p2a: Manaphy|Rest|p2a: Manaphy
|-status|p2a: Manaphy|slp
|-heal|p2a: Manaphy|404\/404 slp|[silent]
|-status|p2a: Manaphy|slp|[from] move: Rest
|
|-weather|RainDance|[upkeep]
|-curestatus|p2a: Manaphy|slp
|-damage|p2a: Manaphy|354\/404|[from] Leech Seed|[of] p1a: Ferrothorn
|turn|7
|c|âAllJokesAside|:((((
|
|move|p2a: Manaphy|Surf|p1a: Ferrothorn
|-resisted|p1a: Ferrothorn
|-damage|p1a: Ferrothorn|34\/352
|move|p1a: Ferrothorn|Gyro Ball|p2a: Manaphy
|-resisted|p2a: Manaphy
|-damage|p2a: Manaphy|265\/404
|
|-weather|RainDance|[upkeep]
|-heal|p2a: Manaphy|290\/404|[from] item: Leftovers
|-damage|p2a: Manaphy|240\/404|[from] Leech Seed|[of] p1a: Ferrothorn
|-heal|p1a: Ferrothorn|84\/352|[silent]
|turn|8
|c|âkianann|power whip ?
|c|âAllJokesAside|nop
|
|move|p2a: Manaphy|Surf|p1a: Ferrothorn
|-resisted|p1a: Ferrothorn
|-damage|p1a: Ferrothorn|0 fnt
|faint|p1a: Ferrothorn
|
|-weather|none
|-heal|p2a: Manaphy|265\/404|[from] item: Leftovers
|
|switch|p1a: Landorus-Therian|Landorus-Therian, M|319\/319
|-ability|p1a: Landorus-Therian|Intimidate|[of] p2a: Manaphy
|-unboost|p2a: Manaphy|atk|1
|turn|9
|
|move|p1a: Landorus-Therian|U-turn|p2a: Manaphy
|-damage|p2a: Manaphy|167\/404
|
|switch|p1a: Heatran|Heatran, M|344\/344
|-item|p1a: Heatran|Air Balloon
|move|p2a: Manaphy|Surf|p1a: Heatran
|-supereffective|p1a: Heatran
|-damage|p1a: Heatran|0 fnt
|-enditem|p1a: Heatran|Air Balloon
|faint|p1a: Heatran
|
|-heal|p2a: Manaphy|192\/404|[from] item: Leftovers
|
|switch|p1a: Bisharp|Bisharp, M|271\/271
|turn|10
|
|move|p2a: Manaphy|Surf|p1a: Bisharp
|-damage|p1a: Bisharp|0 fnt
|faint|p1a: Bisharp
|
|-heal|p2a: Manaphy|217\/404|[from] item: Leftovers
|c|âAllJokesAside|ffs
|-message|AllJokesAside forfeited.
|
|win|kianann
|raw|Ladder updating...
|leave|AllJokesAside
|player|p1
|raw|AllJokesAside's rating: 1511 &rarr; <strong>1494<\/strong><br \/>(-17 for losing)
|raw|kianann's rating: 1563 &rarr; <strong>1580<\/strong><br \/>(+17 for winning)