|join|kianann
|join|TheGrowlingAraknid
|player|p1|kianann|170
|player|p2|TheGrowlingAraknid|109
|gametype|singles
|gen|6
|tier|OU
|rated
|clearpoke
|poke|p1|Politoed, M
|poke|p1|Swampert, F
|poke|p1|Kingdra, F
|poke|p1|Klefki, M
|poke|p1|Manaphy
|poke|p1|Landorus-Therian, M
|poke|p2|Diggersby, F, shiny
|poke|p2|Azelf, shiny
|poke|p2|Raikou
|poke|p2|Bisharp, F, shiny
|poke|p2|Slowbro, M, shiny
|poke|p2|Landorus, M
|rule|Swagger Clause: Swagger is banned
|rule|Baton Pass Clause: Limit one PokÃ©mon knowing Baton Pass
|rule|Sleep Clause Mod: Limit one foe put to sleep
|rule|Species Clause: Limit one of each PokÃ©mon
|rule|OHKO Clause: OHKO moves are banned
|rule|Moody Clause: Moody is banned
|rule|Evasion Moves Clause: Evasion moves are banned
|rule|Endless Battle Clause: Forcing endless battles is banned
|rule|HP Percentage Mod: HP is shown in percentages
|teampreview
|c|âTheGrowlingAraknid|gl hf
|c|âkianann|yup , u too
|
|start
|switch|p1a: Klefki|Klefki, M|317\/317
|switch|p2a: Azelf|Azelf, shiny|291\/291
|turn|1
|
|move|p1a: Klefki|Thunder Wave|p2a: Azelf
|-status|p2a: Azelf|par
|move|p2a: Azelf|Taunt|p1a: Klefki
|-start|p1a: Klefki|move: Taunt
|
|turn|2
|
|switch|p1a: Politoed|Politoed, M|342\/342
|-weather|RainDance
|move|p2a: Azelf|Fire Blast|p1a: Politoed
|-resisted|p1a: Politoed
|-damage|p1a: Politoed|318\/342
|
|-weather|RainDance|[upkeep]
|turn|3
|
|switch|p1a: Klefki|Klefki, M|317\/317
|move|p2a: Azelf|Explosion|p1a: Klefki
|-resisted|p1a: Klefki
|-damage|p1a: Klefki|203\/317
|faint|p2a: Azelf
|
|-weather|RainDance|[upkeep]
|
|switch|p2a: snow ball|Diggersby, F, shiny|311\/311
|turn|4
|c|âkianann|lucky
|
|switch|p1a: Landorus-Therian|Landorus-Therian, M|319\/319
|-ability|p1a: Landorus-Therian|Intimidate|[of] p2a: snow ball
|-unboost|p2a: snow ball|atk|1
|move|p2a: snow ball|Swords Dance|p2a: snow ball
|-boost|p2a: snow ball|atk|2
|
|-weather|RainDance|[upkeep]
|turn|5
|
|move|p1a: Landorus-Therian|U-turn|p2a: snow ball
|-damage|p2a: snow ball|193\/311
|
|switch|p1a: Klefki|Klefki, M|203\/317
|move|p2a: snow ball|Return|p1a: Klefki
|-resisted|p1a: Klefki
|-damage|p1a: Klefki|18\/317
|-damage|p2a: snow ball|162\/311|[from] item: Life Orb
|
|-weather|RainDance|[upkeep]
|turn|6
|
|move|p2a: snow ball|Quick Attack|p1a: Klefki
|-resisted|p1a: Klefki
|-damage|p1a: Klefki|0 fnt
|-damage|p2a: snow ball|131\/311|[from] item: Life Orb
|faint|p1a: Klefki
|
|-weather|RainDance|[upkeep]
|c|âkianann|life orb
|c|âTheGrowlingAraknid|da powa
|
|switch|p1a: Manaphy|Manaphy|404\/404
|turn|7
|c|âkianann|can u kill in 1 hit ?
|
|switch|p2a: Raikou|Raikou|321\/321
|-ability|p2a: Raikou|Pressure
|move|p1a: Manaphy|Surf|p2a: Raikou
|-damage|p2a: Raikou|170\/321
|
|-weather|RainDance|[upkeep]
|-heal|p2a: Raikou|190\/321|[from] item: Leftovers
|turn|8
|c|âTheGrowlingAraknid|with return most likely, if im  faster
|c|âkianann|but i am faster
|
|switch|p1a: Swampert|Swampert, F|341\/341
|move|p2a: Raikou|Hidden Power|p1a: Swampert
|-damage|p1a: Swampert|274\/341
|
|-weather|RainDance|[upkeep]
|-heal|p2a: Raikou|210\/321|[from] item: Leftovers
|turn|9
|c|âTheGrowlingAraknid|and thats why i switched lol
|
|switch|p2a: Slowbro|Slowbro, M, shiny|394\/394
|detailschange|p1a: Swampert|Swampert-Mega, F
|-mega|p1a: Swampert|Swampert|Swampertite
|move|p1a: Swampert|Waterfall|p2a: Slowbro
|-resisted|p2a: Slowbro
|-damage|p2a: Slowbro|264\/394
|
|-weather|none
|turn|10
|
|switch|p1a: Politoed|Politoed, M|318\/342
|-weather|RainDance
|detailschange|p2a: Slowbro|Slowbro-Mega, M, shiny
|-mega|p2a: Slowbro|Slowbro|Slowbronite
|move|p2a: Slowbro|Psyshock|p1a: Politoed
|-damage|p1a: Politoed|156\/342
|
|-weather|RainDance|[upkeep]
|turn|11
|
|switch|p1a: Landorus-Therian|Landorus-Therian, M|319\/319
|-ability|p1a: Landorus-Therian|Intimidate|[of] p2a: Slowbro
|-unboost|p2a: Slowbro|atk|1
|move|p2a: Slowbro|Psyshock|p1a: Landorus-Therian
|-damage|p1a: Landorus-Therian|136\/319
|
|-weather|RainDance|[upkeep]
|turn|12
|
|move|p1a: Landorus-Therian|Explosion|p2a: Slowbro
|-damage|p2a: Slowbro|77\/394
|faint|p1a: Landorus-Therian
|move|p2a: Slowbro|Scald|p1: Landorus-Therian|[notarget]
|-notarget
|
|-weather|RainDance|[upkeep]
|c|âTheGrowlingAraknid|lol woa
|c|âkianann|your defense so how
|
|switch|p1a: Swampert|Swampert-Mega, F|274\/341
|turn|13
|c|âTheGrowlingAraknid|were u max attack?
|c|âkianann|y ?
|c|âkianann|i am faster
|c|âTheGrowlingAraknid|because if you were defensive then that did a lot, if you were max attack then my defense proved worthy
|
|move|p1a: Swampert|Earthquake|p2a: Slowbro
|-damage|p2a: Slowbro|0 fnt
|faint|p2a: Slowbro
|
|-weather|RainDance|[upkeep]
|c|âkianann|if u switch to landerous , i cannot hit u cause of levitate
|
|switch|p2a: Lando Bloom|Landorus, M|319\/319
|turn|14
|c|âkianann|but u mispredicted
|c|âTheGrowlingAraknid|i thought of that after i made my move lol
|
|switch|p2a: Raikou|Raikou|210\/321
|-ability|p2a: Raikou|Pressure
|move|p1a: Swampert|Waterfall|p2a: Raikou
|-damage|p2a: Raikou|0 fnt
|faint|p2a: Raikou
|
|-weather|RainDance|[upkeep]
|
|switch|p2a: Shanks|Bisharp, F, shiny|272\/272
|turn|15
|c|âkianann|i can tank your sucker
|c|âTheGrowlingAraknid|i should have calculate that -_-
|
|move|p1a: Swampert|Earthquake|p2a: Shanks
|-supereffective|p2a: Shanks
|-damage|p2a: Shanks|0 fnt
|faint|p2a: Shanks
|
|-weather|RainDance|[upkeep]
|
|switch|p2a: snow ball|Diggersby, F, shiny|131\/311
|turn|16
|c|âTheGrowlingAraknid|my plays soo bad xD
|c|âkianann|but i aws shock at your slowbro...the defense is ridiculos high
|
|move|p2a: snow ball|Quick Attack|p1a: Swampert
|-damage|p1a: Swampert|165\/341
|-damage|p2a: snow ball|100\/311|[from] item: Life Orb
|move|p1a: Swampert|Waterfall|p2a: snow ball
|-supereffective|p2a: snow ball
|-damage|p2a: snow ball|0 fnt
|faint|p2a: snow ball
|
|-weather|RainDance|[upkeep]
|
|switch|p2a: Lando Bloom|Landorus, M|319\/319
|turn|17
|c|âTheGrowlingAraknid|lol gg brug
|c|âTheGrowlingAraknid|bruh*
|
|move|p1a: Swampert|Waterfall|p2a: Lando Bloom
|-supereffective|p2a: Lando Bloom
|-damage|p2a: Lando Bloom|0 fnt
|faint|p2a: Lando Bloom
|
|win|kianann
|raw|Ladder updating...
|raw|kianann's rating: 1331 &rarr; <strong>1350<\/strong><br \/>(+19 for winning)
|raw|TheGrowlingAraknid's rating: 1311 &rarr; <strong>1292<\/strong><br \/>(-19 for losing)
|leave|TheGrowlingAraknid
|player|p2