|join|kianann
|join|Ur Tryhardin
|player|p1|kianann|2
|player|p2|Ur Tryhardin|102
|gametype|singles
|gen|6
|tier|OU
|rated
|clearpoke
|poke|p1|Politoed, M
|poke|p1|Swampert, M
|poke|p1|Kingdra, M
|poke|p1|Klefki, F
|poke|p1|Ferrothorn, F
|poke|p1|Landorus, M
|poke|p2|Tyranitar, M
|poke|p2|Mamoswine, M
|poke|p2|Excadrill, M
|poke|p2|Metagross
|poke|p2|Skarmory, M
|poke|p2|Lucario, F
|rule|Swagger Clause: Swagger is banned
|rule|Baton Pass Clause: Limit one PokÃ©mon knowing Baton Pass
|rule|Sleep Clause Mod: Limit one foe put to sleep
|rule|Species Clause: Limit one of each PokÃ©mon
|rule|OHKO Clause: OHKO moves are banned
|rule|Moody Clause: Moody is banned
|rule|Evasion Moves Clause: Evasion moves are banned
|rule|Endless Battle Clause: Forcing endless battles is banned
|rule|HP Percentage Mod: HP is shown in percentages
|teampreview
|
|start
|switch|p1a: Politoed|Politoed, M|342\/342
|switch|p2a: Mamoswine|Mamoswine, M|423\/423
|-weather|RainDance
|turn|1
|
|switch|p2a: Tyranitar|Tyranitar, M|341\/341
|-weather|Sandstorm
|move|p1a: Politoed|Scald|p2a: Tyranitar
|-crit|p2a: Tyranitar
|-supereffective|p2a: Tyranitar
|-damage|p2a: Tyranitar|147\/341
|
|-weather|Sandstorm|[upkeep]
|-damage|p1a: Politoed|321\/342|[from] sandstorm
|turn|2
|
|switch|p2a: Skarmory|Skarmory, M|334\/334
|switch|p1a: Ferrothorn|Ferrothorn, F|352\/352
|
|-weather|Sandstorm|[upkeep]
|turn|3
|
|move|p2a: Skarmory|Stealth Rock|p1a: Ferrothorn
|-sidestart|p1: kianann|move: Stealth Rock
|move|p1a: Ferrothorn|Leech Seed|p2a: Skarmory
|-start|p2a: Skarmory|move: Leech Seed
|
|-weather|Sandstorm|[upkeep]
|-damage|p2a: Skarmory|293\/334|[from] Leech Seed|[of] p1a: Ferrothorn
|turn|4
|
|move|p2a: Skarmory|Spikes|p1a: Ferrothorn
|-sidestart|p1: kianann|Spikes
|move|p1a: Ferrothorn|Leech Seed|p2a: Skarmory
|-fail|p2a: Skarmory
|
|-weather|Sandstorm|[upkeep]
|-heal|p2a: Skarmory|313\/334|[from] item: Leftovers
|-damage|p2a: Skarmory|272\/334|[from] Leech Seed|[of] p1a: Ferrothorn
|turn|5
|
|switch|p1a: Politoed|Politoed, M|321\/342
|-damage|p1a: Politoed|279\/342|[from] Stealth Rock
|-damage|p1a: Politoed|237\/342|[from] Spikes
|-weather|RainDance
|move|p2a: Skarmory|Spikes|p1a: Politoed
|-sidestart|p1: kianann|Spikes
|
|-weather|RainDance|[upkeep]
|-heal|p2a: Skarmory|292\/334|[from] item: Leftovers
|-damage|p2a: Skarmory|251\/334|[from] Leech Seed|[of] p1a: Politoed
|-heal|p1a: Politoed|278\/342|[silent]
|turn|6
|
|move|p1a: Politoed|Encore|p2a: Skarmory
|-start|p2a: Skarmory|Encore
|move|p2a: Skarmory|Spikes|p1a: Politoed
|-sidestart|p1: kianann|Spikes
|
|-weather|RainDance|[upkeep]
|-heal|p2a: Skarmory|271\/334|[from] item: Leftovers
|-damage|p2a: Skarmory|230\/334|[from] Leech Seed|[of] p1a: Politoed
|-heal|p1a: Politoed|319\/342|[silent]
|turn|7
|
|switch|p2a: Tyranitar|Tyranitar, M|147\/341
|-weather|Sandstorm
|move|p1a: Politoed|Scald|p2a: Tyranitar
|-supereffective|p2a: Tyranitar
|-damage|p2a: Tyranitar|15\/341
|
|-weather|Sandstorm|[upkeep]
|-damage|p1a: Politoed|298\/342|[from] sandstorm
|turn|8
|
|switch|p2a: Skarmory|Skarmory, M|230\/334
|move|p1a: Politoed|Scald|p2a: Skarmory
|-damage|p2a: Skarmory|97\/334
|
|-weather|Sandstorm|[upkeep]
|-damage|p1a: Politoed|277\/342|[from] sandstorm
|-heal|p2a: Skarmory|117\/334|[from] item: Leftovers
|turn|9
|
|move|p1a: Politoed|Scald|p2a: Skarmory
|-damage|p2a: Skarmory|0 fnt
|faint|p2a: Skarmory
|
|-weather|Sandstorm|[upkeep]
|-damage|p1a: Politoed|256\/342|[from] sandstorm
|
|switch|p2a: Lucario|Lucario, F|281\/281
|turn|10
|
|switch|p1a: Klefki|Klefki, F|317\/317
|-damage|p1a: Klefki|298\/317|[from] Stealth Rock
|-damage|p1a: Klefki|219\/317|[from] Spikes
|move|p2a: Lucario|Nasty Plot|p2a: Lucario
|-boost|p2a: Lucario|spa|2
|
|-weather|Sandstorm|[upkeep]
|turn|11
|
|move|p1a: Klefki|Thunder Wave|p2a: Lucario
|-status|p2a: Lucario|par
|cant|p2a: Lucario|par
|
|-weather|Sandstorm|[upkeep]
|turn|12
|
|move|p1a: Klefki|Foul Play|p2a: Lucario
|-resisted|p2a: Lucario
|-damage|p2a: Lucario|234\/281 par
|move|p2a: Lucario|Flash Cannon|p1a: Klefki
|-damage|p1a: Klefki|0 fnt
|faint|p1a: Klefki
|
|-weather|Sandstorm|[upkeep]
|
|switch|p1a: Landorus|Landorus, M|319\/319
|-damage|p1a: Landorus|280\/319|[from] Stealth Rock
|turn|13
|
|switch|p2a: Excadrill|Excadrill, M|361\/361
|-item|p2a: Excadrill|Air Balloon
|move|p1a: Landorus|Earth Power|p2a: Excadrill
|-immune|p2a: Excadrill|[msg]
|
|-weather|Sandstorm|[upkeep]
|turn|14
|
|move|p2a: Excadrill|Iron Head|p1a: Landorus
|-damage|p1a: Landorus|133\/319
|move|p1a: Landorus|Focus Blast|p2a: Excadrill
|-supereffective|p2a: Excadrill
|-damage|p2a: Excadrill|0 fnt
|-enditem|p2a: Excadrill|Air Balloon
|faint|p2a: Excadrill
|
|-weather|none
|
|switch|p2a: Mamoswine|Mamoswine, M|423\/423
|turn|15
|
|switch|p1a: Ferrothorn|Ferrothorn, F|352\/352
|-damage|p1a: Ferrothorn|264\/352|[from] Spikes
|-damage|p1a: Ferrothorn|242\/352|[from] Stealth Rock
|move|p2a: Mamoswine|Earthquake|p1a: Ferrothorn
|-damage|p1a: Ferrothorn|121\/352
|
|turn|16
|
|switch|p2a: Lucario|Lucario, F|234\/281 par
|move|p1a: Ferrothorn|Leech Seed|p2a: Lucario
|-start|p2a: Lucario|move: Leech Seed
|
|-damage|p2a: Lucario|199\/281 par|[from] Leech Seed|[of] p1a: Ferrothorn
|-heal|p1a: Ferrothorn|156\/352|[silent]
|turn|17
|
|cant|p2a: Lucario|par
|move|p1a: Ferrothorn|Stealth Rock|p2a: Lucario
|-sidestart|p2: Ur Tryhardin|move: Stealth Rock
|
|-damage|p2a: Lucario|164\/281 par|[from] Leech Seed|[of] p1a: Ferrothorn
|-heal|p1a: Ferrothorn|191\/352|[silent]
|turn|18
|
|move|p1a: Ferrothorn|Protect|p1a: Ferrothorn
|-singleturn|p1a: Ferrothorn|Protect
|cant|p2a: Lucario|par
|
|-damage|p2a: Lucario|129\/281 par|[from] Leech Seed|[of] p1a: Ferrothorn
|-heal|p1a: Ferrothorn|226\/352|[silent]
|turn|19
|
|cant|p2a: Lucario|par
|move|p1a: Ferrothorn|Gyro Ball|p2a: Lucario
|-resisted|p2a: Lucario
|-damage|p2a: Lucario|91\/281 par
|
|-damage|p2a: Lucario|56\/281 par|[from] Leech Seed|[of] p1a: Ferrothorn
|-heal|p1a: Ferrothorn|261\/352|[silent]
|turn|20
|
|move|p1a: Ferrothorn|Protect|p1a: Ferrothorn
|-singleturn|p1a: Ferrothorn|Protect
|move|p2a: Lucario|Aura Sphere|p1a: Ferrothorn
|-activate|p1a: Ferrothorn|Protect
|
|-damage|p2a: Lucario|21\/281 par|[from] Leech Seed|[of] p1a: Ferrothorn
|-heal|p1a: Ferrothorn|296\/352|[silent]
|turn|21
|
|move|p2a: Lucario|Aura Sphere|p1a: Ferrothorn
|-supereffective|p1a: Ferrothorn
|-damage|p1a: Ferrothorn|56\/352
|move|p1a: Ferrothorn|Gyro Ball|p2a: Lucario
|-resisted|p2a: Lucario
|-damage|p2a: Lucario|0 fnt
|faint|p2a: Lucario
|
|
|switch|p2a: Metagross|Metagross|301\/301
|-damage|p2a: Metagross|283\/301|[from] Stealth Rock
|turn|22
|
|detailschange|p2a: Metagross|Metagross-Mega
|-mega|p2a: Metagross|Metagross|Metagrossite
|move|p2a: Metagross|Earthquake|p1a: Ferrothorn
|-damage|p1a: Ferrothorn|0 fnt
|faint|p1a: Ferrothorn
|
|
|switch|p1a: Landorus|Landorus, M|133\/319
|-damage|p1a: Landorus|94\/319|[from] Stealth Rock
|turn|23
|
|move|p2a: Metagross|Ice Punch|p1a: Landorus
|-supereffective|p1a: Landorus
|-damage|p1a: Landorus|0 fnt
|faint|p1a: Landorus
|
|
|switch|p1a: Politoed|Politoed, M|256\/342
|-damage|p1a: Politoed|171\/342|[from] Spikes
|-damage|p1a: Politoed|129\/342|[from] Stealth Rock
|-weather|RainDance
|turn|24
|
|switch|p1a: Swampert|Swampert, M|341\/341
|-damage|p1a: Swampert|320\/341|[from] Stealth Rock
|-damage|p1a: Swampert|235\/341|[from] Spikes
|move|p2a: Metagross|Zen Headbutt|p1a: Swampert
|-damage|p1a: Swampert|31\/341
|
|-weather|RainDance|[upkeep]
|turn|25
|
|detailschange|p1a: Swampert|Swampert-Mega, M
|-mega|p1a: Swampert|Swampert|Swampertite
|move|p2a: Metagross|Bullet Punch|p1a: Swampert
|-crit|p1a: Swampert
|-resisted|p1a: Swampert
|-damage|p1a: Swampert|0 fnt
|faint|p1a: Swampert
|
|-weather|RainDance|[upkeep]
|
|switch|p1a: Kingdra|Kingdra, M|291\/291
|-damage|p1a: Kingdra|219\/291|[from] Spikes
|-damage|p1a: Kingdra|183\/291|[from] Stealth Rock
|turn|26
|
|move|p1a: Kingdra|Hydro Pump|p2a: Metagross
|-damage|p2a: Metagross|0 fnt
|-damage|p1a: Kingdra|154\/291|[from] item: Life Orb
|faint|p2a: Metagross
|
|-weather|RainDance|[upkeep]
|
|switch|p2a: Tyranitar|Tyranitar, M|15\/341
|-damage|p2a: Tyranitar|0 fnt|[from] Stealth Rock
|faint|p2a: Tyranitar
|
|switch|p2a: Mamoswine|Mamoswine, M|423\/423
|-damage|p2a: Mamoswine|371\/423|[from] Stealth Rock
|turn|27
|
|move|p2a: Mamoswine|Ice Shard|p1a: Kingdra
|-damage|p1a: Kingdra|76\/291
|move|p1a: Kingdra|Hydro Pump|p2a: Mamoswine|[miss]
|-miss|p1a: Kingdra|p2a: Mamoswine
|
|-weather|RainDance|[upkeep]
|turn|28
|
|move|p2a: Mamoswine|Ice Shard|p1a: Kingdra
|-damage|p1a: Kingdra|0 fnt
|faint|p1a: Kingdra
|
|-weather|RainDance|[upkeep]
|
|switch|p1a: Politoed|Politoed, M|129\/342
|-damage|p1a: Politoed|87\/342|[from] Stealth Rock
|-damage|p1a: Politoed|2\/342|[from] Spikes
|turn|29
|c|âUr Tryhardin|gg
|
|move|p2a: Mamoswine|Ice Shard|p1a: Politoed
|-resisted|p1a: Politoed
|-damage|p1a: Politoed|0 fnt
|faint|p1a: Politoed
|
|win|Ur Tryhardin
|raw|Ladder updating...
|raw|kianann's rating: 1251 &rarr; <strong>1227<\/strong><br \/>(-24 for losing)
|raw|Ur Tryhardin's rating: 1261 &rarr; <strong>1286<\/strong><br \/>(+25 for winning)
|leave|kianann
|leave|Ur Tryhardin
|player|p1
|player|p2
|join|Ur Tryhardin