|join|CheddaMac
|join|kianann
|player|p1|CheddaMac|124
|player|p2|kianann|170
|gametype|singles
|gen|6
|tier|OU
|rated
|clearpoke
|poke|p1|Landorus-Therian, M
|poke|p1|Latias, F
|poke|p1|Chesnaught, F, shiny
|poke|p1|Victini
|poke|p1|Toxicroak, M
|poke|p1|Scizor, M
|poke|p2|Politoed, M
|poke|p2|Swampert, M
|poke|p2|Kingdra, M
|poke|p2|Klefki, F
|poke|p2|Manaphy
|poke|p2|Landorus-Therian, M
|rule|Swagger Clause: Swagger is banned
|rule|Baton Pass Clause: Limit one PokÃ©mon knowing Baton Pass
|rule|Sleep Clause Mod: Limit one foe put to sleep
|rule|Species Clause: Limit one of each PokÃ©mon
|rule|OHKO Clause: OHKO moves are banned
|rule|Moody Clause: Moody is banned
|rule|Evasion Moves Clause: Evasion moves are banned
|rule|Endless Battle Clause: Forcing endless battles is banned
|rule|HP Percentage Mod: HP is shown in percentages
|teampreview
|c|âCheddaMac|gl hf :)
|
|start
|switch|p1a: Victini|Victini|341\/341
|switch|p2a: Landorus-Therian|Landorus-Therian, M|319\/319
|-ability|p2a: Landorus-Therian|Intimidate|[of] p1a: Victini
|-unboost|p1a: Victini|atk|1
|turn|1
|c|âkianann|yup , glhf too
|
|move|p1a: Victini|Glaciate|p2a: Landorus-Therian
|-supereffective|p2a: Landorus-Therian
|-damage|p2a: Landorus-Therian|79\/319
|-unboost|p2a: Landorus-Therian|spe|1
|move|p2a: Landorus-Therian|U-turn|p1a: Victini
|-damage|p1a: Victini|246\/341
|
|switch|p2a: Klefki|Klefki, F|317\/317
|
|turn|2
|
|switch|p1a: Scizor|Scizor, M|343\/343
|move|p2a: Klefki|Rain Dance|p2a: Klefki
|-weather|RainDance
|
|-weather|RainDance|[upkeep]
|turn|3
|
|detailschange|p1a: Scizor|Scizor-Mega, M
|-mega|p1a: Scizor|Scizor|Scizorite
|move|p2a: Klefki|Thunder Wave|p1a: Scizor
|-status|p1a: Scizor|par
|move|p1a: Scizor|Swords Dance|p1a: Scizor
|-boost|p1a: Scizor|atk|2
|
|-weather|RainDance|[upkeep]
|turn|4
|
|move|p2a: Klefki|Foul Play|p1a: Scizor
|-damage|p1a: Scizor|192\/343 par
|move|p1a: Scizor|Swords Dance|p1a: Scizor
|-boost|p1a: Scizor|atk|2
|
|-weather|RainDance|[upkeep]
|turn|5
|c|âkianann|why u do that ? if u stay , u die
|
|switch|p1a: Chesnaught|Chesnaught, F, shiny|380\/380
|move|p2a: Klefki|Foul Play|p1a: Chesnaught
|-resisted|p1a: Chesnaught
|-damage|p1a: Chesnaught|354\/380
|
|-weather|RainDance|[upkeep]
|-heal|p1a: Chesnaught|377\/380|[from] item: Leftovers
|turn|6
|
|move|p2a: Klefki|Thunder Wave|p1a: Chesnaught
|-status|p1a: Chesnaught|par
|move|p1a: Chesnaught|Leech Seed|p2a: Klefki
|-start|p2a: Klefki|move: Leech Seed
|
|-weather|RainDance|[upkeep]
|-heal|p1a: Chesnaught|380\/380 par|[from] item: Leftovers
|-damage|p2a: Klefki|278\/317|[from] Leech Seed|[of] p1a: Chesnaught
|turn|7
|c|âCheddaMac|cancle button not working :(
|
|switch|p2a: Landorus-Therian|Landorus-Therian, M|79\/319
|-ability|p2a: Landorus-Therian|Intimidate|[of] p1a: Chesnaught
|-unboost|p1a: Chesnaught|atk|1
|cant|p1a: Chesnaught|par
|
|-weather|RainDance|[upkeep]
|turn|8
|
|move|p1a: Chesnaught|Spiky Shield|p1a: Chesnaught
|-singleturn|p1a: Chesnaught|move: Protect
|move|p2a: Landorus-Therian|Explosion|p1a: Chesnaught
|-activate|p1a: Chesnaught|move: Protect
|faint|p2a: Landorus-Therian
|
|-weather|RainDance|[upkeep]
|c|âkianann|lucky
|
|switch|p2a: Manaphy|Manaphy|404\/404
|turn|9
|
|move|p2a: Manaphy|Tail Glow|p2a: Manaphy
|-boost|p2a: Manaphy|spa|3
|move|p1a: Chesnaught|Leech Seed|p2a: Manaphy
|-start|p2a: Manaphy|move: Leech Seed
|
|-weather|none
|-damage|p2a: Manaphy|354\/404|[from] Leech Seed|[of] p1a: Chesnaught
|turn|10
|
|switch|p1a: Victini|Victini|246\/341
|move|p2a: Manaphy|Psychic|p1a: Victini
|-resisted|p1a: Victini
|-damage|p1a: Victini|153\/341
|
|-heal|p2a: Manaphy|379\/404|[from] item: Leftovers
|-damage|p2a: Manaphy|329\/404|[from] Leech Seed|[of] p1a: Victini
|-heal|p1a: Victini|203\/341|[silent]
|turn|11
|
|switch|p2a: Swampert|Swampert, M|341\/341
|move|p1a: Victini|Bolt Strike|p2a: Swampert
|-immune|p2a: Swampert|[msg]
|
|turn|12
|c|âkianann|u are scarf
|
|switch|p1a: Chesnaught|Chesnaught, F, shiny|380\/380 par
|detailschange|p2a: Swampert|Swampert-Mega, M
|-mega|p2a: Swampert|Swampert|Swampertite
|move|p2a: Swampert|Ice Punch|p1a: Chesnaught
|-supereffective|p1a: Chesnaught
|-damage|p1a: Chesnaught|242\/380 par
|
|-heal|p1a: Chesnaught|265\/380 par|[from] item: Leftovers
|turn|13
|
|switch|p2a: Klefki|Klefki, F|278\/317
|move|p1a: Chesnaught|Leech Seed|p2a: Klefki
|-start|p2a: Klefki|move: Leech Seed
|
|-heal|p1a: Chesnaught|288\/380 par|[from] item: Leftovers
|-damage|p2a: Klefki|239\/317|[from] Leech Seed|[of] p1a: Chesnaught
|-heal|p1a: Chesnaught|327\/380 par|[silent]
|turn|14
|
|move|p2a: Klefki|Rain Dance|p2a: Klefki
|-weather|RainDance
|move|p1a: Chesnaught|Spikes|p2a: Klefki
|-sidestart|p2: kianann|Spikes
|
|-weather|RainDance|[upkeep]
|-heal|p1a: Chesnaught|350\/380 par|[from] item: Leftovers
|-damage|p2a: Klefki|200\/317|[from] Leech Seed|[of] p1a: Chesnaught
|-heal|p1a: Chesnaught|380\/380 par|[silent]
|turn|15
|
|switch|p2a: Manaphy|Manaphy|329\/404
|-damage|p2a: Manaphy|279\/404|[from] Spikes
|cant|p1a: Chesnaught|par
|
|-weather|RainDance|[upkeep]
|-heal|p2a: Manaphy|304\/404|[from] item: Leftovers
|turn|16
|
|switch|p1a: Toxicroak|Toxicroak, M|307\/307
|move|p2a: Manaphy|Surf|p1a: Toxicroak
|-immune|p1a: Toxicroak|[msg]
|
|-weather|RainDance|[upkeep]
|-heal|p2a: Manaphy|329\/404|[from] item: Leftovers
|turn|17
|
|move|p2a: Manaphy|Psychic|p1a: Toxicroak
|-supereffective|p1a: Toxicroak
|-damage|p1a: Toxicroak|0 fnt
|faint|p1a: Toxicroak
|
|-weather|RainDance|[upkeep]
|-heal|p2a: Manaphy|354\/404|[from] item: Leftovers
|
|switch|p1a: Victini|Victini|203\/341
|turn|18
|
|switch|p2a: Swampert|Swampert-Mega, M|341\/341
|-damage|p2a: Swampert|299\/341|[from] Spikes
|move|p1a: Victini|U-turn|p2a: Swampert
|-damage|p2a: Swampert|230\/341
|
|switch|p1a: Chesnaught|Chesnaught, F, shiny|380\/380 par
|
|-weather|RainDance|[upkeep]
|turn|19
|c|âkianann|don't u have any grass attacks to deal with me ?
|
|switch|p2a: Manaphy|Manaphy|354\/404
|-damage|p2a: Manaphy|304\/404|[from] Spikes
|cant|p1a: Chesnaught|par
|
|-weather|RainDance|[upkeep]
|-heal|p2a: Manaphy|329\/404|[from] item: Leftovers
|turn|20
|
|move|p2a: Manaphy|Psychic|p1a: Chesnaught
|-supereffective|p1a: Chesnaught
|-damage|p1a: Chesnaught|208\/380 par
|move|p1a: Chesnaught|Leech Seed|p2a: Manaphy
|-start|p2a: Manaphy|move: Leech Seed
|
|-weather|RainDance|[upkeep]
|-heal|p2a: Manaphy|354\/404|[from] item: Leftovers
|-heal|p1a: Chesnaught|231\/380 par|[from] item: Leftovers
|-damage|p2a: Manaphy|304\/404|[from] Leech Seed|[of] p1a: Chesnaught
|-heal|p1a: Chesnaught|281\/380 par|[silent]
|turn|21
|
|switch|p1a: Latias|Latias, F|322\/322
|move|p2a: Manaphy|Tail Glow|p2a: Manaphy
|-boost|p2a: Manaphy|spa|3
|
|-weather|none
|-heal|p2a: Manaphy|329\/404|[from] item: Leftovers
|-damage|p2a: Manaphy|279\/404|[from] Leech Seed|[of] p1a: Latias
|turn|22
|
|switch|p2a: Klefki|Klefki, F|200\/317
|-damage|p2a: Klefki|161\/317|[from] Spikes
|move|p1a: Latias|Draco Meteor|p2a: Klefki
|-immune|p2a: Klefki|[msg]
|
|turn|23
|
|switch|p1a: Landorus-Therian|Landorus-Therian, M|381\/381
|-ability|p1a: Landorus-Therian|Intimidate|[of] p2a: Klefki
|-unboost|p2a: Klefki|atk|1
|move|p2a: Klefki|Rain Dance|p2a: Klefki
|-weather|RainDance
|
|-weather|RainDance|[upkeep]
|turn|24
|
|move|p2a: Klefki|Spikes|p1a: Landorus-Therian
|-sidestart|p1: CheddaMac|Spikes
|move|p1a: Landorus-Therian|Stealth Rock|p2a: Klefki
|-sidestart|p2: kianann|move: Stealth Rock
|
|-weather|RainDance|[upkeep]
|turn|25
|
|move|p2a: Klefki|Spikes|p1a: Landorus-Therian
|-sidestart|p1: CheddaMac|Spikes
|move|p1a: Landorus-Therian|Earthquake|p2a: Klefki
|-crit|p2a: Klefki
|-supereffective|p2a: Klefki
|-damage|p2a: Klefki|0 fnt
|faint|p2a: Klefki
|
|-weather|RainDance|[upkeep]
|
|switch|p2a: Swampert|Swampert-Mega, M|230\/341
|-damage|p2a: Swampert|188\/341|[from] Spikes
|-damage|p2a: Swampert|167\/341|[from] Stealth Rock
|turn|26
|
|switch|p1a: Chesnaught|Chesnaught, F, shiny|281\/380 par
|-damage|p1a: Chesnaught|218\/380 par|[from] Spikes
|move|p2a: Swampert|Waterfall|p1a: Chesnaught
|-resisted|p1a: Chesnaught
|-damage|p1a: Chesnaught|134\/380 par
|
|-weather|RainDance|[upkeep]
|-heal|p1a: Chesnaught|157\/380 par|[from] item: Leftovers
|turn|27
|
|move|p2a: Swampert|Ice Punch|p1a: Chesnaught
|-supereffective|p1a: Chesnaught
|-damage|p1a: Chesnaught|29\/380 par
|move|p1a: Chesnaught|Leech Seed|p2a: Swampert
|-start|p2a: Swampert|move: Leech Seed
|
|-weather|RainDance|[upkeep]
|-heal|p1a: Chesnaught|52\/380 par|[from] item: Leftovers
|-damage|p2a: Swampert|125\/341|[from] Leech Seed|[of] p1a: Chesnaught
|-heal|p1a: Chesnaught|94\/380 par|[silent]
|turn|28
|
|switch|p2a: Manaphy|Manaphy|279\/404
|-damage|p2a: Manaphy|229\/404|[from] Stealth Rock
|-damage|p2a: Manaphy|179\/404|[from] Spikes
|move|p1a: Chesnaught|Spiky Shield|p1a: Chesnaught
|-fail|p1a: Chesnaught
|
|-weather|RainDance|[upkeep]
|-heal|p2a: Manaphy|204\/404|[from] item: Leftovers
|-heal|p1a: Chesnaught|117\/380 par|[from] item: Leftovers
|turn|29
|
|switch|p1a: Latias|Latias, F|322\/322
|move|p2a: Manaphy|Surf|p1a: Latias
|-resisted|p1a: Latias
|-damage|p1a: Latias|255\/322
|
|-weather|RainDance|[upkeep]
|-heal|p2a: Manaphy|229\/404|[from] item: Leftovers
|turn|30
|
|move|p1a: Latias|Draco Meteor|p2a: Manaphy|[miss]
|-miss|p1a: Latias|p2a: Manaphy
|move|p2a: Manaphy|Rest|p2a: Manaphy
|-status|p2a: Manaphy|slp
|-heal|p2a: Manaphy|404\/404 slp|[silent]
|-status|p2a: Manaphy|slp|[from] move: Rest
|
|-weather|none
|turn|31
|
|switch|p2a: Politoed|Politoed, M|342\/342
|-damage|p2a: Politoed|300\/342|[from] Stealth Rock
|-damage|p2a: Politoed|258\/342|[from] Spikes
|-weather|RainDance
|move|p1a: Latias|Draco Meteor|p2a: Politoed|[miss]
|-miss|p1a: Latias|p2a: Politoed
|
|-weather|RainDance|[upkeep]
|turn|32
|c|âCheddaMac|wow
|
|switch|p2a: Manaphy|Manaphy|404\/404 slp
|-damage|p2a: Manaphy|354\/404 slp|[from] Stealth Rock
|-damage|p2a: Manaphy|304\/404 slp|[from] Spikes
|move|p1a: Latias|Draco Meteor|p2a: Manaphy
|-damage|p2a: Manaphy|62\/404 slp
|-unboost|p1a: Latias|spa|2
|-damage|p1a: Latias|223\/322|[from] item: Life Orb
|
|-weather|RainDance|[upkeep]
|-curestatus|p2a: Manaphy|slp
|-heal|p2a: Manaphy|87\/404|[from] item: Leftovers
|turn|33
|
|move|p1a: Latias|Psyshock|p2a: Manaphy
|-damage|p2a: Manaphy|4\/404
|-damage|p1a: Latias|191\/322|[from] item: Life Orb
|move|p2a: Manaphy|Rest|p2a: Manaphy
|-status|p2a: Manaphy|slp
|-heal|p2a: Manaphy|404\/404 slp|[silent]
|-status|p2a: Manaphy|slp|[from] move: Rest
|
|-weather|RainDance|[upkeep]
|-curestatus|p2a: Manaphy|slp
|turn|34
|c|âkianann|now u cannot kill
|
|switch|p1a: Scizor|Scizor-Mega, M|192\/343 par
|-damage|p1a: Scizor|135\/343 par|[from] Spikes
|move|p2a: Manaphy|Surf|p1a: Scizor
|-damage|p1a: Scizor|8\/343 par
|
|-weather|RainDance|[upkeep]
|turn|35
|
|move|p1a: Scizor|Bullet Punch|p2a: Manaphy
|-resisted|p2a: Manaphy
|-damage|p2a: Manaphy|347\/404
|move|p2a: Manaphy|Surf|p1a: Scizor
|-damage|p1a: Scizor|0 fnt
|faint|p1a: Scizor
|
|-weather|RainDance|[upkeep]
|-heal|p2a: Manaphy|372\/404|[from] item: Leftovers
|
|switch|p1a: Victini|Victini|203\/341
|-damage|p1a: Victini|147\/341|[from] Spikes
|turn|36
|
|move|p1a: Victini|Bolt Strike|p2a: Manaphy
|-supereffective|p2a: Manaphy
|-damage|p2a: Manaphy|132\/404
|move|p2a: Manaphy|Psychic|p1a: Victini
|-resisted|p1a: Victini
|-damage|p1a: Victini|105\/341
|
|-weather|RainDance|[upkeep]
|-heal|p2a: Manaphy|157\/404|[from] item: Leftovers
|turn|37
|
|switch|p2a: Swampert|Swampert-Mega, M|125\/341
|-damage|p2a: Swampert|83\/341|[from] Spikes
|-damage|p2a: Swampert|62\/341|[from] Stealth Rock
|move|p1a: Victini|Bolt Strike|p2a: Swampert
|-immune|p2a: Swampert|[msg]
|
|-weather|RainDance|[upkeep]
|turn|38
|
|switch|p1a: Chesnaught|Chesnaught, F, shiny|117\/380 par
|-damage|p1a: Chesnaught|54\/380 par|[from] Spikes
|move|p2a: Swampert|Ice Punch|p1a: Chesnaught
|-crit|p1a: Chesnaught
|-supereffective|p1a: Chesnaught
|-damage|p1a: Chesnaught|0 fnt
|faint|p1a: Chesnaught
|
|-weather|none
|
|switch|p1a: Latias|Latias, F|191\/322
|turn|39
|
|move|p1a: Latias|Defog|p2a: Swampert
|-unboost|p2a: Swampert|evasion|1
|-sideend|p2: kianann|Spikes|[from] move: Defog|[of] p2a: Swampert
|-sideend|p2: kianann|Stealth Rock|[from] move: Defog|[of] p2a: Swampert
|-sideend|p1: CheddaMac|Spikes|[from] move: Defog|[of] p1a: Latias
|move|p2a: Swampert|Ice Punch|p1a: Latias
|-supereffective|p1a: Latias
|-damage|p1a: Latias|0 fnt
|faint|p1a: Latias
|
|
|switch|p1a: Victini|Victini|105\/341
|turn|40
|c|âkianann|lucky i was correct
|
|move|p1a: Victini|U-turn|p2a: Swampert
|-damage|p2a: Swampert|1\/341
|
|switch|p1a: Landorus-Therian|Landorus-Therian, M|381\/381
|-ability|p1a: Landorus-Therian|Intimidate|[of] p2a: Swampert
|-unboost|p2a: Swampert|atk|1
|move|p2a: Swampert|Waterfall|p1a: Landorus-Therian
|-supereffective|p1a: Landorus-Therian
|-damage|p1a: Landorus-Therian|207\/381
|
|-heal|p1a: Landorus-Therian|230\/381|[from] item: Leftovers
|turn|41
|
|move|p2a: Swampert|Waterfall|p1a: Landorus-Therian
|-crit|p1a: Landorus-Therian
|-supereffective|p1a: Landorus-Therian
|-damage|p1a: Landorus-Therian|0 fnt
|faint|p1a: Landorus-Therian
|
|c|âCheddaMac|holy shit talk about lucky
|
|switch|p1a: Victini|Victini|105\/341
|turn|42
|c|âkianann|u are force to 1 move
|
|move|p1a: Victini|U-turn|p2a: Swampert
|-damage|p2a: Swampert|0 fnt
|faint|p2a: Swampert
|
|
|switch|p2a: Politoed|Politoed, M|258\/342
|-weather|RainDance
|turn|43
|
|move|p1a: Victini|U-turn|p2a: Politoed
|-crit|p2a: Politoed
|-damage|p2a: Politoed|153\/342
|move|p2a: Politoed|Toxic|p1a: Victini|[miss]
|-miss|p2a: Politoed|p1a: Victini
|
|-weather|RainDance|[upkeep]
|turn|44
|
|move|p1a: Victini|U-turn|p2a: Politoed
|-damage|p2a: Politoed|86\/342
|move|p2a: Politoed|Scald|p1a: Victini
|-supereffective|p1a: Victini
|-damage|p1a: Victini|0 fnt
|faint|p1a: Victini
|
|win|kianann
|raw|Ladder updating...
|raw|CheddaMac's rating: 1361 &rarr; <strong>1340<\/strong><br \/>(-21 for losing)
|raw|kianann's rating: 1350 &rarr; <strong>1371<\/strong><br \/>(+21 for winning)
|c|âCheddaMac|gg wp
|leave|CheddaMac
|player|p1