|join|buttickler212
|join|kianann
|player|p1|buttickler212|163
|player|p2|kianann|2
|gametype|singles
|gen|6
|tier|OU
|rated
|clearpoke
|poke|p1|Manectric, F
|poke|p1|Conkeldurr, F
|poke|p1|Ferrothorn, M
|poke|p1|Clefable, F
|poke|p1|Gyarados, M
|poke|p1|Latios, M
|poke|p2|Politoed, M
|poke|p2|Swampert, F
|poke|p2|Klefki, F
|poke|p2|Ferrothorn, M
|poke|p2|Landorus, M
|poke|p2|Manaphy
|rule|Swagger Clause: Swagger is banned
|rule|Baton Pass Clause: Limit one PokÃ©mon knowing Baton Pass
|rule|Sleep Clause Mod: Limit one foe put to sleep
|rule|Species Clause: Limit one of each PokÃ©mon
|rule|OHKO Clause: OHKO moves are banned
|rule|Moody Clause: Moody is banned
|rule|Evasion Moves Clause: Evasion moves are banned
|rule|Endless Battle Clause: Forcing endless battles is banned
|rule|HP Percentage Mod: HP is shown in percentages
|teampreview
|
|start
|switch|p1a: Manectric|Manectric, F|281\/281
|switch|p2a: Ferrothorn|Ferrothorn, M|352\/352
|turn|1
|join|sleep well
|join|Lucifer's Heritage
|c| Lucifer's Heritage|hi
|
|switch|p2a: Politoed|Politoed, M|342\/342
|-weather|RainDance
|move|p1a: Manectric|Overheat|p2a: Politoed
|-resisted|p2a: Politoed
|-damage|p2a: Politoed|306\/342
|-unboost|p1a: Manectric|spa|2
|
|-weather|RainDance|[upkeep]
|turn|2
|
|switch|p1a: Ferrothorn|Ferrothorn, M|351\/351
|switch|p2a: Swampert|Swampert, F|341\/341
|
|-weather|RainDance|[upkeep]
|turn|3
|
|switch|p2a: Landorus|Landorus, M|319\/319
|move|p1a: Ferrothorn|Stealth Rock|p2a: Landorus
|-sidestart|p2: kianann|move: Stealth Rock
|
|-weather|RainDance|[upkeep]
|turn|4
|
|move|p2a: Landorus|Focus Blast|p1a: Ferrothorn
|-crit|p1a: Ferrothorn
|-supereffective|p1a: Ferrothorn
|-damage|p1a: Ferrothorn|0 fnt
|faint|p1a: Ferrothorn
|
|-weather|RainDance|[upkeep]
|
|switch|p1a: Clefable|Clefable, F|394\/394
|turn|5
|
|move|p2a: Landorus|Earth Power|p1a: Clefable
|-damage|p1a: Clefable|174\/394
|move|p1a: Clefable|Wish|p1a: Clefable
|
|-weather|RainDance|[upkeep]
|-heal|p1a: Clefable|198\/394|[from] item: Leftovers
|turn|6
|
|move|p2a: Landorus|Stealth Rock|p1a: Clefable
|-sidestart|p1: buttickler212|move: Stealth Rock
|move|p1a: Clefable|Moonblast|p2a: Landorus
|-damage|p2a: Landorus|187\/319
|
|-weather|RainDance|[upkeep]
|-heal|p1a: Clefable|394\/394|[from] move: Wish|[wisher] Clefable
|turn|7
|
|move|p2a: Landorus|Earth Power|p1a: Clefable
|-damage|p1a: Clefable|183\/394
|move|p1a: Clefable|Wish|p1a: Clefable
|
|-weather|RainDance|[upkeep]
|-heal|p1a: Clefable|207\/394|[from] item: Leftovers
|turn|8
|
|move|p2a: Landorus|Earth Power|p1a: Clefable
|-damage|p1a: Clefable|0 fnt
|faint|p1a: Clefable
|
|-weather|none
|
|switch|p1a: Gyarados|Gyarados, M|331\/331
|-damage|p1a: Gyarados|249\/331|[from] Stealth Rock
|-ability|p1a: Gyarados|Intimidate|[of] p2a: Landorus
|-unboost|p2a: Landorus|atk|1
|turn|9
|
|switch|p2a: Ferrothorn|Ferrothorn, M|352\/352
|-damage|p2a: Ferrothorn|330\/352|[from] Stealth Rock
|switch|p1a: Latios|Latios, M|301\/301
|-damage|p1a: Latios|264\/301|[from] Stealth Rock
|
|turn|10
|
|detailschange|p1a: Latios|Latios-Mega, M
|-mega|p1a: Latios|Latios|Latiosite
|move|p1a: Latios|Hidden Power|p2a: Ferrothorn
|-crit|p2a: Ferrothorn
|-supereffective|p2a: Ferrothorn
|-damage|p2a: Ferrothorn|0 fnt
|faint|p2a: Ferrothorn
|
|
|switch|p2a: Klefki|Klefki, F|317\/317
|-damage|p2a: Klefki|298\/317|[from] Stealth Rock
|turn|11
|
|move|p2a: Klefki|Rain Dance|p2a: Klefki
|-weather|RainDance
|move|p1a: Latios|Hidden Power|p2a: Klefki
|-supereffective|p2a: Klefki
|-damage|p2a: Klefki|208\/317
|
|-weather|RainDance|[upkeep]
|turn|12
|
|switch|p1a: Manectric|Manectric, F|281\/281
|-damage|p1a: Manectric|246\/281|[from] Stealth Rock
|move|p2a: Klefki|Thunder Wave|p1a: Manectric
|-boost|p1a: Manectric|spa|1|[from] ability: Lightning Rod
|
|-weather|RainDance|[upkeep]
|turn|13
|
|move|p1a: Manectric|Hidden Power|p2a: Klefki
|-resisted|p2a: Klefki
|-damage|p2a: Klefki|157\/317
|move|p2a: Klefki|Foul Play|p1a: Manectric
|-damage|p1a: Manectric|171\/281
|
|-weather|RainDance|[upkeep]
|turn|14
|
|switch|p1a: Conkeldurr|Conkeldurr, F|413\/413
|-damage|p1a: Conkeldurr|388\/413|[from] Stealth Rock
|move|p2a: Klefki|Foul Play|p1a: Conkeldurr
|-resisted|p1a: Conkeldurr
|-damage|p1a: Conkeldurr|314\/413
|
|-weather|RainDance|[upkeep]
|turn|15
|
|switch|p2a: Landorus|Landorus, M|187\/319
|-damage|p2a: Landorus|148\/319|[from] Stealth Rock
|switch|p1a: Manectric|Manectric, F|171\/281
|-damage|p1a: Manectric|136\/281|[from] Stealth Rock
|
|-weather|RainDance|[upkeep]
|turn|16
|
|move|p1a: Manectric|Hidden Power|p2a: Landorus
|-supereffective|p2a: Landorus
|-damage|p2a: Landorus|0 fnt
|faint|p2a: Landorus
|
|-weather|RainDance|[upkeep]
|
|switch|p2a: Swampert|Swampert, F|341\/341
|-damage|p2a: Swampert|320\/341|[from] Stealth Rock
|turn|17
|
|switch|p1a: Gyarados|Gyarados, M|249\/331
|-damage|p1a: Gyarados|167\/331|[from] Stealth Rock
|-ability|p1a: Gyarados|Intimidate|[of] p2a: Swampert
|-unboost|p2a: Swampert|atk|1
|detailschange|p2a: Swampert|Swampert-Mega, F
|-mega|p2a: Swampert|Swampert|Swampertite
|move|p2a: Swampert|Waterfall|p1a: Gyarados
|-resisted|p1a: Gyarados
|-damage|p1a: Gyarados|62\/331
|
|-weather|RainDance|[upkeep]
|-heal|p1a: Gyarados|82\/331|[from] item: Leftovers
|turn|18
|
|move|p2a: Swampert|Waterfall|p1a: Gyarados
|-resisted|p1a: Gyarados
|-damage|p1a: Gyarados|0 fnt
|faint|p1a: Gyarados
|
|-weather|none
|
|switch|p1a: Conkeldurr|Conkeldurr, F|314\/413
|-damage|p1a: Conkeldurr|289\/413|[from] Stealth Rock
|turn|19
|
|switch|p2a: Klefki|Klefki, F|157\/317
|-damage|p2a: Klefki|138\/317|[from] Stealth Rock
|move|p1a: Conkeldurr|Drain Punch|p2a: Klefki
|-damage|p2a: Klefki|0 fnt
|-heal|p1a: Conkeldurr|358\/413|[from] drain|[of] p2a: Klefki
|faint|p2a: Klefki
|
|
|switch|p2a: Politoed|Politoed, M|306\/342
|-damage|p2a: Politoed|264\/342|[from] Stealth Rock
|-weather|RainDance
|turn|20
|
|switch|p2a: Manaphy|Manaphy|404\/404
|-damage|p2a: Manaphy|354\/404|[from] Stealth Rock
|move|p1a: Conkeldurr|Drain Punch|p2a: Manaphy
|-damage|p2a: Manaphy|165\/404
|-heal|p1a: Conkeldurr|413\/413|[from] drain|[of] p2a: Manaphy
|
|-weather|RainDance|[upkeep]
|-heal|p2a: Manaphy|190\/404|[from] item: Leftovers
|turn|21
|
|move|p2a: Manaphy|Psychic|p1a: Conkeldurr
|-supereffective|p1a: Conkeldurr
|-damage|p1a: Conkeldurr|249\/413
|move|p1a: Conkeldurr|Drain Punch|p2a: Manaphy
|-damage|p2a: Manaphy|0 fnt
|-heal|p1a: Conkeldurr|344\/413|[from] drain|[of] p2a: Manaphy
|faint|p2a: Manaphy
|
|-weather|RainDance|[upkeep]
|
|switch|p2a: Swampert|Swampert-Mega, F|320\/341
|-damage|p2a: Swampert|299\/341|[from] Stealth Rock
|turn|22
|
|move|p2a: Swampert|Waterfall|p1a: Conkeldurr
|-damage|p1a: Conkeldurr|91\/413
|cant|p1a: Conkeldurr|flinch
|
|-weather|RainDance|[upkeep]
|turn|23
|
|move|p1a: Conkeldurr|Mach Punch|p2a: Swampert
|-damage|p2a: Swampert|205\/341
|move|p2a: Swampert|Waterfall|p1a: Conkeldurr
|-damage|p1a: Conkeldurr|0 fnt
|faint|p1a: Conkeldurr
|
|-weather|RainDance|[upkeep]
|
|switch|p1a: Latios|Latios-Mega, M|264\/301
|-damage|p1a: Latios|227\/301|[from] Stealth Rock
|turn|24
|
|move|p2a: Swampert|Ice Punch|p1a: Latios
|-supereffective|p1a: Latios
|-damage|p1a: Latios|0 fnt
|faint|p1a: Latios
|
|-weather|RainDance|[upkeep]
|
|switch|p1a: Manectric|Manectric, F|136\/281
|-damage|p1a: Manectric|101\/281|[from] Stealth Rock
|turn|25
|
|move|p2a: Swampert|Earthquake|p1a: Manectric
|-supereffective|p1a: Manectric
|-damage|p1a: Manectric|0 fnt
|faint|p1a: Manectric
|
|win|kianann
|raw|Ladder updating...
|raw|buttickler212's rating: 1509 &rarr; <strong>1487<\/strong><br \/>(-22 for losing)
|raw|kianann's rating: 1473 &rarr; <strong>1495<\/strong><br \/>(+22 for winning)
|c|âbuttickler212|gg