|join|kianann
|join|fatpls
|player|p1|kianann|169
|player|p2|fatpls|1
|gametype|singles
|gen|6
|tier|OU
|rated
|clearpoke
|poke|p1|Sableye, M
|poke|p1|Talonflame, M
|poke|p1|Forretress, M
|poke|p1|Landorus-Therian, M
|poke|p1|Rotom-Wash
|poke|p1|Magnezone
|poke|p2|Breloom, F
|poke|p2|Rotom-Wash
|poke|p2|Latios, M
|poke|p2|Skarmory, M
|poke|p2|Tyranitar, F
|poke|p2|Gengar, F
|rule|Swagger Clause: Swagger is banned
|rule|Baton Pass Clause: Limit one PokÃ©mon knowing Baton Pass
|rule|Sleep Clause Mod: Limit one foe put to sleep
|rule|Species Clause: Limit one of each PokÃ©mon
|rule|OHKO Clause: OHKO moves are banned
|rule|Moody Clause: Moody is banned
|rule|Evasion Moves Clause: Evasion moves are banned
|rule|Endless Battle Clause: Forcing endless battles is banned
|rule|HP Percentage Mod: HP is shown in percentages
|teampreview
|join|taggy sits
|
|start
|switch|p1a: Sableye|Sableye, M|303\/303
|switch|p2a: Latios|Latios, M|302\/302
|turn|1
|
|switch|p2a: Breloom|Breloom, F|262\/262
|detailschange|p1a: Sableye|Sableye-Mega, M
|-mega|p1a: Sableye|Sableye|Sablenite
|move|p1a: Sableye|Calm Mind|p1a: Sableye
|-boost|p1a: Sableye|spa|1
|-boost|p1a: Sableye|spd|1
|
|turn|2
|
|switch|p2a: Skarmory|Skarmory, M|334\/334
|move|p1a: Sableye|Will-O-Wisp|p2a: Skarmory
|-status|p2a: Skarmory|brn
|
|-damage|p2a: Skarmory|293\/334 brn|[from] brn
|turn|3
|
|move|p1a: Sableye|Calm Mind|p1a: Sableye
|-boost|p1a: Sableye|spa|1
|-boost|p1a: Sableye|spd|1
|move|p2a: Skarmory|Whirlwind|p1a: Sableye
|move|p1a: Sableye|Whirlwind|p2a: Skarmory|[from]Magic Bounce
|drag|p2a: Gengar|Gengar, F|262\/262
|
|turn|4
|
|move|p2a: Gengar|Dazzling Gleam|p1a: Sableye
|-supereffective|p1a: Sableye
|-damage|p1a: Sableye|228\/303
|-damage|p2a: Gengar|236\/262|[from] item: Life Orb
|move|p1a: Sableye|Will-O-Wisp|p2a: Gengar|[miss]
|-miss|p1a: Sableye|p2a: Gengar
|
|turn|5
|
|switch|p2a: Tyranitar|Tyranitar, F|404\/404
|-weather|Sandstorm
|move|p1a: Sableye|Calm Mind|p1a: Sableye
|-boost|p1a: Sableye|spa|1
|-boost|p1a: Sableye|spd|1
|
|-weather|Sandstorm|[upkeep]
|-damage|p1a: Sableye|210\/303|[from] sandstorm
|turn|6
|
|move|p2a: Tyranitar|Stone Edge|p1a: Sableye|[miss]
|-miss|p2a: Tyranitar|p1a: Sableye
|move|p1a: Sableye|Recover|p1a: Sableye
|-heal|p1a: Sableye|303\/303
|
|-weather|Sandstorm|[upkeep]
|-damage|p1a: Sableye|285\/303|[from] sandstorm
|turn|7
|
|move|p2a: Tyranitar|Stone Edge|p1a: Sableye|[miss]
|-miss|p2a: Tyranitar|p1a: Sableye
|move|p1a: Sableye|Will-O-Wisp|p2a: Tyranitar
|-status|p2a: Tyranitar|brn
|
|-weather|Sandstorm|[upkeep]
|-damage|p1a: Sableye|267\/303|[from] sandstorm
|-damage|p2a: Tyranitar|354\/404 brn|[from] brn
|turn|8
|
|move|p2a: Tyranitar|Stone Edge|p1a: Sableye
|-damage|p1a: Sableye|177\/303
|move|p1a: Sableye|Calm Mind|p1a: Sableye
|-boost|p1a: Sableye|spa|1
|-boost|p1a: Sableye|spd|1
|
|-weather|Sandstorm|[upkeep]
|-damage|p1a: Sableye|159\/303|[from] sandstorm
|-damage|p2a: Tyranitar|304\/404 brn|[from] brn
|turn|9
|
|move|p2a: Tyranitar|Pursuit|p1a: Sableye
|-crit|p1a: Sableye
|-damage|p1a: Sableye|111\/303
|move|p1a: Sableye|Recover|p1a: Sableye
|-heal|p1a: Sableye|263\/303
|
|-weather|none
|-damage|p2a: Tyranitar|254\/404 brn|[from] brn
|turn|10
|-message|fatpls forfeited.
|leave|fatpls
|
|win|kianann
|raw|Ladder updating...
|player|p2
|raw|kianann's rating: 1355 &rarr; <strong>1379<\/strong><br \/>(+24 for winning)
|raw|fatpls's rating: 1434 &rarr; <strong>1409<\/strong><br \/>(-25 for losing)
|leave|taggy sits