|join|Cunty Vibes
|join|kianann
|player|p1|Cunty Vibes|185
|player|p2|kianann|2
|gametype|singles
|gen|6
|tier|OU
|rated
|clearpoke
|poke|p1|Clefable, F
|poke|p1|Conkeldurr, M
|poke|p1|Landorus-Therian, M
|poke|p1|Chansey, F
|poke|p1|Scizor, M
|poke|p1|Alomomola, F
|poke|p2|Politoed, F
|poke|p2|Swampert, M
|poke|p2|Klefki, F
|poke|p2|Ferrothorn, F
|poke|p2|Landorus, M
|poke|p2|Manaphy
|rule|Swagger Clause: Swagger is banned
|rule|Baton Pass Clause: Limit one PokÃ©mon knowing Baton Pass
|rule|Sleep Clause Mod: Limit one foe put to sleep
|rule|Species Clause: Limit one of each PokÃ©mon
|rule|OHKO Clause: OHKO moves are banned
|rule|Moody Clause: Moody is banned
|rule|Evasion Moves Clause: Evasion moves are banned
|rule|Endless Battle Clause: Forcing endless battles is banned
|rule|HP Percentage Mod: HP is shown in percentages
|teampreview
|
|start
|switch|p1a: Conkeldurr|Conkeldurr, M|401\/401
|switch|p2a: Politoed|Politoed, F|342\/342
|-weather|RainDance
|turn|1
|
|switch|p2a: Manaphy|Manaphy|404\/404
|move|p1a: Conkeldurr|Knock Off|p2a: Manaphy
|-crit|p2a: Manaphy
|-damage|p2a: Manaphy|209\/404
|-enditem|p2a: Manaphy|Leftovers|[from] move: Knock Off|[of] p1a: Conkeldurr
|
|-weather|RainDance|[upkeep]
|turn|2
|
|move|p2a: Manaphy|Rest|p2a: Manaphy
|-status|p2a: Manaphy|slp
|-heal|p2a: Manaphy|404\/404 slp|[silent]
|-status|p2a: Manaphy|slp|[from] move: Rest
|move|p1a: Conkeldurr|Drain Punch|p2a: Manaphy
|-damage|p2a: Manaphy|257\/404 slp
|
|-weather|RainDance|[upkeep]
|-curestatus|p2a: Manaphy|slp
|turn|3
|
|move|p2a: Manaphy|Tail Glow|p2a: Manaphy
|-boost|p2a: Manaphy|spa|3
|move|p1a: Conkeldurr|Drain Punch|p2a: Manaphy
|-damage|p2a: Manaphy|106\/404
|
|-weather|RainDance|[upkeep]
|turn|4
|
|move|p2a: Manaphy|Rest|p2a: Manaphy
|-status|p2a: Manaphy|slp
|-heal|p2a: Manaphy|404\/404 slp|[silent]
|-status|p2a: Manaphy|slp|[from] move: Rest
|move|p1a: Conkeldurr|Drain Punch|p2a: Manaphy
|-damage|p2a: Manaphy|253\/404 slp
|
|-weather|RainDance|[upkeep]
|-curestatus|p2a: Manaphy|slp
|turn|5
|
|move|p2a: Manaphy|Psychic|p1a: Conkeldurr
|-supereffective|p1a: Conkeldurr
|-damage|p1a: Conkeldurr|43\/401
|move|p1a: Conkeldurr|Drain Punch|p2a: Manaphy
|-damage|p2a: Manaphy|94\/404
|-heal|p1a: Conkeldurr|123\/401|[from] drain|[of] p2a: Manaphy
|
|-weather|RainDance|[upkeep]
|turn|6
|
|switch|p1a: Chansey|Chansey, F|704\/704
|move|p2a: Manaphy|Rest|p2a: Manaphy
|-status|p2a: Manaphy|slp
|-heal|p2a: Manaphy|404\/404 slp|[silent]
|-status|p2a: Manaphy|slp|[from] move: Rest
|
|-weather|RainDance|[upkeep]
|-curestatus|p2a: Manaphy|slp
|turn|7
|
|move|p2a: Manaphy|Tail Glow|p2a: Manaphy
|-boost|p2a: Manaphy|spa|3
|move|p1a: Chansey|Wish|p1a: Chansey
|
|-weather|RainDance|[upkeep]
|turn|8
|
|switch|p1a: Clefable|Clefable, F|394\/394
|move|p2a: Manaphy|Surf|p1a: Clefable
|-damage|p1a: Clefable|163\/394
|
|-weather|none
|-heal|p1a: Clefable|394\/394|[from] move: Wish|[wisher] Chansey
|turn|9
|
|move|p2a: Manaphy|Surf|p1a: Clefable
|-damage|p1a: Clefable|238\/394
|move|p1a: Clefable|Calm Mind|p1a: Clefable
|-boost|p1a: Clefable|spa|1
|-boost|p1a: Clefable|spd|1
|
|-heal|p1a: Clefable|262\/394|[from] item: Leftovers
|turn|10
|
|switch|p2a: Politoed|Politoed, F|342\/342
|-weather|RainDance
|move|p1a: Clefable|Moonblast|p2a: Politoed
|-damage|p2a: Politoed|200\/342
|-unboost|p2a: Politoed|spa|1
|
|-weather|RainDance|[upkeep]
|-heal|p1a: Clefable|286\/394|[from] item: Leftovers
|turn|11
|
|switch|p2a: Klefki|Klefki, F|317\/317
|move|p1a: Clefable|Moonblast|p2a: Klefki
|-resisted|p2a: Klefki
|-damage|p2a: Klefki|238\/317
|
|-weather|RainDance|[upkeep]
|-heal|p1a: Clefable|310\/394|[from] item: Leftovers
|turn|12
|
|move|p2a: Klefki|Thunder Wave|p1a: Clefable
|-status|p1a: Clefable|par
|move|p1a: Clefable|Calm Mind|p1a: Clefable
|-boost|p1a: Clefable|spa|1
|-boost|p1a: Clefable|spd|1
|
|-weather|RainDance|[upkeep]
|-heal|p1a: Clefable|334\/394 par|[from] item: Leftovers
|turn|13
|
|switch|p2a: Politoed|Politoed, F|200\/342
|move|p1a: Clefable|Calm Mind|p1a: Clefable
|-boost|p1a: Clefable|spa|1
|-boost|p1a: Clefable|spd|1
|
|-weather|RainDance|[upkeep]
|-heal|p1a: Clefable|358\/394 par|[from] item: Leftovers
|turn|14
|
|move|p2a: Politoed|Encore|p1a: Clefable
|-start|p1a: Clefable|Encore
|move|p1a: Clefable|Calm Mind|p1a: Clefable
|-boost|p1a: Clefable|spa|1
|-boost|p1a: Clefable|spd|1
|
|-weather|RainDance|[upkeep]
|-heal|p1a: Clefable|382\/394 par|[from] item: Leftovers
|turn|15
|
|move|p2a: Politoed|Perish Song|p2a: Politoed
|-fieldactivate|move: Perish Song
|move|p1a: Clefable|Calm Mind|p1a: Clefable
|-boost|p1a: Clefable|spa|1
|-boost|p1a: Clefable|spd|1
|
|-start|p2a: Politoed|perish3
|-start|p1a: Clefable|perish3
|-weather|RainDance|[upkeep]
|-heal|p1a: Clefable|394\/394 par|[from] item: Leftovers
|turn|16
|
|move|p2a: Politoed|Scald|p1a: Clefable
|-damage|p1a: Clefable|346\/394 par
|move|p1a: Clefable|Calm Mind|p1a: Clefable
|-boost|p1a: Clefable|spa|1
|-boost|p1a: Clefable|spd|1
|
|-start|p2a: Politoed|perish2
|-start|p1a: Clefable|perish2
|-weather|RainDance|[upkeep]
|-heal|p1a: Clefable|370\/394 par|[from] item: Leftovers
|-end|p1a: Clefable|Encore
|turn|17
|
|switch|p1a: Conkeldurr|Conkeldurr, M|123\/401
|move|p2a: Politoed|Scald|p1a: Conkeldurr
|-damage|p1a: Conkeldurr|0 fnt
|faint|p1a: Conkeldurr
|
|-start|p2a: Politoed|perish1
|-weather|none
|
|switch|p1a: Landorus-Therian|Landorus-Therian, M|382\/382
|-ability|p1a: Landorus-Therian|Intimidate|[of] p2a: Politoed
|-unboost|p2a: Politoed|atk|1
|turn|18
|
|switch|p2a: Ferrothorn|Ferrothorn, F|352\/352
|move|p1a: Landorus-Therian|Stealth Rock|p2a: Ferrothorn
|-sidestart|p2: kianann|move: Stealth Rock
|
|turn|19
|
|move|p1a: Landorus-Therian|U-turn|p2a: Ferrothorn
|-damage|p2a: Ferrothorn|305\/352
|-damage|p1a: Landorus-Therian|335\/382|[from] ability: Iron Barbs|[of] p2a: Ferrothorn
|-damage|p1a: Landorus-Therian|272\/382|[from] item: Rocky Helmet|[of] p2a: Ferrothorn
|
|switch|p1a: Alomomola|Alomomola, F|534\/534
|move|p2a: Ferrothorn|Leech Seed|p1a: Alomomola
|-start|p1a: Alomomola|move: Leech Seed
|
|-damage|p1a: Alomomola|468\/534|[from] Leech Seed|[of] p2a: Ferrothorn
|-heal|p2a: Ferrothorn|352\/352|[silent]
|turn|20
|
|switch|p2a: Politoed|Politoed, F|200\/342
|-damage|p2a: Politoed|158\/342|[from] Stealth Rock
|-weather|RainDance
|move|p1a: Alomomola|Scald|p2a: Politoed
|-resisted|p2a: Politoed
|-damage|p2a: Politoed|125\/342
|-status|p2a: Politoed|brn
|
|-weather|RainDance|[upkeep]
|-damage|p1a: Alomomola|402\/534|[from] Leech Seed|[of] p2a: Politoed
|-heal|p2a: Politoed|191\/342 brn|[silent]
|-damage|p2a: Politoed|149\/342 brn|[from] brn
|turn|21
|
|switch|p2a: Manaphy|Manaphy|404\/404
|-damage|p2a: Manaphy|354\/404|[from] Stealth Rock
|switch|p1a: Chansey|Chansey, F|704\/704
|
|-weather|RainDance|[upkeep]
|turn|22
|
|move|p2a: Manaphy|Tail Glow|p2a: Manaphy
|-boost|p2a: Manaphy|spa|3
|move|p1a: Chansey|Wish|p1a: Chansey
|
|-weather|RainDance|[upkeep]
|turn|23
|
|switch|p1a: Alomomola|Alomomola, F|534\/534
|move|p2a: Manaphy|Tail Glow|p2a: Manaphy
|-boost|p2a: Manaphy|spa|3
|
|-weather|RainDance|[upkeep]
|turn|24
|
|move|p2a: Manaphy|Psychic|p1a: Alomomola
|-damage|p1a: Alomomola|0 fnt
|faint|p1a: Alomomola
|
|-weather|RainDance|[upkeep]
|
|switch|p1a: Chansey|Chansey, F|704\/704
|turn|25
|
|move|p2a: Manaphy|Surf|p1a: Chansey
|-damage|p1a: Chansey|187\/704
|move|p1a: Chansey|Wish|p1a: Chansey
|
|-weather|RainDance|[upkeep]
|turn|26
|
|move|p1a: Chansey|Protect|p1a: Chansey
|-singleturn|p1a: Chansey|Protect
|move|p2a: Manaphy|Surf|p1a: Chansey
|-activate|p1a: Chansey|Protect
|
|-weather|RainDance|[upkeep]
|-heal|p1a: Chansey|539\/704|[from] move: Wish|[wisher] Chansey
|turn|27
|
|move|p2a: Manaphy|Surf|p1a: Chansey
|-damage|p1a: Chansey|0 fnt
|faint|p1a: Chansey
|
|-weather|none
|
|switch|p1a: Clefable|Clefable, F|370\/394 par
|turn|28
|
|move|p2a: Manaphy|Psychic|p1a: Clefable
|-damage|p1a: Clefable|274\/394 par
|cant|p1a: Clefable|par
|
|-heal|p1a: Clefable|298\/394 par|[from] item: Leftovers
|turn|29
|
|move|p2a: Manaphy|Surf|p1a: Clefable
|-damage|p1a: Clefable|139\/394 par
|move|p1a: Clefable|Moonblast|p2a: Manaphy
|-damage|p2a: Manaphy|251\/404
|
|-heal|p1a: Clefable|163\/394 par|[from] item: Leftovers
|turn|30
|
|move|p2a: Manaphy|Surf|p1a: Clefable
|-damage|p1a: Clefable|7\/394 par
|move|p1a: Clefable|Moonlight|p1a: Clefable
|-heal|p1a: Clefable|204\/394 par
|
|-heal|p1a: Clefable|228\/394 par|[from] item: Leftovers
|turn|31
|
|switch|p2a: Politoed|Politoed, F|149\/342 brn
|-damage|p2a: Politoed|107\/342 brn|[from] Stealth Rock
|-weather|RainDance
|move|p1a: Clefable|Moonlight|p1a: Clefable
|-heal|p1a: Clefable|326\/394 par
|
|-weather|RainDance|[upkeep]
|-heal|p1a: Clefable|350\/394 par|[from] item: Leftovers
|-damage|p2a: Politoed|65\/342 brn|[from] brn
|turn|32
|
|switch|p2a: Swampert|Swampert, M|341\/341
|-damage|p2a: Swampert|320\/341|[from] Stealth Rock
|switch|p1a: Scizor|Scizor, M|343\/343
|
|-weather|RainDance|[upkeep]
|turn|33
|
|switch|p1a: Landorus-Therian|Landorus-Therian, M|272\/382
|-ability|p1a: Landorus-Therian|Intimidate|[of] p2a: Swampert
|-unboost|p2a: Swampert|atk|1
|detailschange|p2a: Swampert|Swampert-Mega, M
|-mega|p2a: Swampert|Swampert|Swampertite
|move|p2a: Swampert|Waterfall|p1a: Landorus-Therian
|-supereffective|p1a: Landorus-Therian
|-damage|p1a: Landorus-Therian|8\/382
|
|-weather|RainDance|[upkeep]
|-heal|p1a: Landorus-Therian|31\/382|[from] item: Leftovers
|turn|34
|
|switch|p1a: Scizor|Scizor, M|343\/343
|move|p2a: Swampert|Waterfall|p1a: Scizor
|-damage|p1a: Scizor|208\/343
|
|-weather|RainDance|[upkeep]
|turn|35
|
|detailschange|p1a: Scizor|Scizor-Mega, M
|-mega|p1a: Scizor|Scizor|Scizorite
|move|p2a: Swampert|Waterfall|p1a: Scizor
|-damage|p1a: Scizor|103\/343
|cant|p1a: Scizor|flinch
|
|-weather|RainDance|[upkeep]
|turn|36
|
|move|p2a: Swampert|Earthquake|p1a: Scizor
|-damage|p1a: Scizor|16\/343
|move|p1a: Scizor|Roost|p1a: Scizor
|-heal|p1a: Scizor|188\/343
|
|-weather|RainDance|[upkeep]
|turn|37
|
|switch|p2a: Ferrothorn|Ferrothorn, F|352\/352
|-damage|p2a: Ferrothorn|330\/352|[from] Stealth Rock
|move|p1a: Scizor|Roost|p1a: Scizor
|-heal|p1a: Scizor|343\/343
|
|-weather|RainDance|[upkeep]
|turn|38
|
|switch|p1a: Landorus-Therian|Landorus-Therian, M|31\/382
|-ability|p1a: Landorus-Therian|Intimidate|[of] p2a: Ferrothorn
|-unboost|p2a: Ferrothorn|atk|1
|move|p2a: Ferrothorn|Stealth Rock|p1a: Landorus-Therian
|-sidestart|p1: Cunty Vibes|move: Stealth Rock
|
|-weather|none
|-heal|p1a: Landorus-Therian|54\/382|[from] item: Leftovers
|turn|39
|
|move|p1a: Landorus-Therian|Earthquake|p2a: Ferrothorn
|-damage|p2a: Ferrothorn|225\/352
|move|p2a: Ferrothorn|Leech Seed|p1a: Landorus-Therian
|-start|p1a: Landorus-Therian|move: Leech Seed
|
|-heal|p1a: Landorus-Therian|77\/382|[from] item: Leftovers
|-damage|p1a: Landorus-Therian|30\/382|[from] Leech Seed|[of] p2a: Ferrothorn
|-heal|p2a: Ferrothorn|272\/352|[silent]
|turn|40
|
|move|p1a: Landorus-Therian|U-turn|p2a: Ferrothorn
|-damage|p2a: Ferrothorn|223\/352
|-damage|p1a: Landorus-Therian|0 fnt|[from] ability: Iron Barbs|[of] p2a: Ferrothorn
|faint|p1a: Landorus-Therian
|move|p2a: Ferrothorn|Gyro Ball|p1: Landorus-Therian|[notarget]
|-notarget
|
|
|switch|p1a: Clefable|Clefable, F|350\/394 par
|-damage|p1a: Clefable|301\/394 par|[from] Stealth Rock
|turn|41
|
|switch|p2a: Politoed|Politoed, F|65\/342 brn
|-damage|p2a: Politoed|23\/342 brn|[from] Stealth Rock
|-weather|RainDance
|cant|p1a: Clefable|par
|
|-weather|RainDance|[upkeep]
|-heal|p1a: Clefable|325\/394 par|[from] item: Leftovers
|-damage|p2a: Politoed|0 fnt|[from] brn
|faint|p2a: Politoed
|
|switch|p2a: Swampert|Swampert-Mega, M|320\/341
|-damage|p2a: Swampert|299\/341|[from] Stealth Rock
|turn|42
|
|switch|p1a: Scizor|Scizor-Mega, M|343\/343
|-damage|p1a: Scizor|301\/343|[from] Stealth Rock
|move|p2a: Swampert|Waterfall|p1a: Scizor
|-damage|p1a: Scizor|153\/343
|
|-weather|RainDance|[upkeep]
|turn|43
|
|move|p2a: Swampert|Earthquake|p1a: Scizor
|-damage|p1a: Scizor|38\/343
|move|p1a: Scizor|Roost|p1a: Scizor
|-heal|p1a: Scizor|210\/343
|
|-weather|RainDance|[upkeep]
|turn|44
|
|switch|p2a: Klefki|Klefki, F|238\/317
|-damage|p2a: Klefki|219\/317|[from] Stealth Rock
|move|p1a: Scizor|Roost|p1a: Scizor
|-heal|p1a: Scizor|343\/343
|
|-weather|RainDance|[upkeep]
|turn|45
|
|move|p1a: Scizor|Bullet Punch|p2a: Klefki
|-damage|p2a: Klefki|134\/317
|move|p2a: Klefki|Thunder Wave|p1a: Scizor
|-status|p1a: Scizor|par
|
|-weather|RainDance|[upkeep]
|turn|46
|
|switch|p2a: Ferrothorn|Ferrothorn, F|223\/352
|-damage|p2a: Ferrothorn|201\/352|[from] Stealth Rock
|move|p1a: Scizor|Bullet Punch|p2a: Ferrothorn
|-resisted|p2a: Ferrothorn
|-damage|p2a: Ferrothorn|174\/352
|-damage|p1a: Scizor|301\/343 par|[from] ability: Iron Barbs|[of] p2a: Ferrothorn
|-damage|p1a: Scizor|244\/343 par|[from] item: Rocky Helmet|[of] p2a: Ferrothorn
|
|-weather|RainDance|[upkeep]
|turn|47
|
|move|p1a: Scizor|Roost|p1a: Scizor
|-heal|p1a: Scizor|343\/343 par
|move|p2a: Ferrothorn|Leech Seed|p1a: Scizor
|-start|p1a: Scizor|move: Leech Seed
|
|-weather|RainDance|[upkeep]
|-damage|p1a: Scizor|301\/343 par|[from] Leech Seed|[of] p2a: Ferrothorn
|-heal|p2a: Ferrothorn|216\/352|[silent]
|turn|48
|
|cant|p1a: Scizor|par
|move|p2a: Ferrothorn|Gyro Ball|p1a: Scizor
|-resisted|p1a: Scizor
|-damage|p1a: Scizor|292\/343 par
|
|-weather|none
|-damage|p1a: Scizor|250\/343 par|[from] Leech Seed|[of] p2a: Ferrothorn
|-heal|p2a: Ferrothorn|258\/352|[silent]
|turn|49
|
|switch|p1a: Clefable|Clefable, F|325\/394 par
|-damage|p1a: Clefable|276\/394 par|[from] Stealth Rock
|move|p2a: Ferrothorn|Gyro Ball|p1a: Clefable
|-supereffective|p1a: Clefable
|-damage|p1a: Clefable|232\/394 par
|
|-heal|p1a: Clefable|256\/394 par|[from] item: Leftovers
|turn|50
|
|move|p2a: Ferrothorn|Leech Seed|p1a: Clefable
|-start|p1a: Clefable|move: Leech Seed
|move|p1a: Clefable|Calm Mind|p1a: Clefable
|-boost|p1a: Clefable|spa|1
|-boost|p1a: Clefable|spd|1
|
|-heal|p1a: Clefable|280\/394 par|[from] item: Leftovers
|-damage|p1a: Clefable|231\/394 par|[from] Leech Seed|[of] p2a: Ferrothorn
|-heal|p2a: Ferrothorn|307\/352|[silent]
|turn|51
|
|switch|p2a: Klefki|Klefki, F|134\/317
|-damage|p2a: Klefki|115\/317|[from] Stealth Rock
|move|p1a: Clefable|Moonblast|p2a: Klefki
|-crit|p2a: Klefki
|-resisted|p2a: Klefki
|-damage|p2a: Klefki|2\/317
|-unboost|p2a: Klefki|spa|1
|
|-heal|p1a: Clefable|255\/394 par|[from] item: Leftovers
|-damage|p1a: Clefable|206\/394 par|[from] Leech Seed|[of] p2a: Klefki
|-heal|p2a: Klefki|51\/317|[silent]
|turn|52
|
|move|p2a: Klefki|Rain Dance|p2a: Klefki
|-weather|RainDance
|move|p1a: Clefable|Moonlight|p1a: Clefable
|-heal|p1a: Clefable|304\/394 par
|
|-weather|RainDance|[upkeep]
|-heal|p1a: Clefable|328\/394 par|[from] item: Leftovers
|-damage|p1a: Clefable|279\/394 par|[from] Leech Seed|[of] p2a: Klefki
|-heal|p2a: Klefki|100\/317|[silent]
|turn|53
|
|switch|p2a: Manaphy|Manaphy|251\/404
|-damage|p2a: Manaphy|201\/404|[from] Stealth Rock
|move|p1a: Clefable|Calm Mind|p1a: Clefable
|-boost|p1a: Clefable|spa|1
|-boost|p1a: Clefable|spd|1
|
|-weather|RainDance|[upkeep]
|-heal|p1a: Clefable|303\/394 par|[from] item: Leftovers
|-damage|p1a: Clefable|254\/394 par|[from] Leech Seed|[of] p2a: Manaphy
|-heal|p2a: Manaphy|250\/404|[silent]
|turn|54
|
|move|p2a: Manaphy|Surf|p1a: Clefable
|-damage|p1a: Clefable|136\/394 par
|cant|p1a: Clefable|par
|
|-weather|RainDance|[upkeep]
|-heal|p1a: Clefable|160\/394 par|[from] item: Leftovers
|-damage|p1a: Clefable|111\/394 par|[from] Leech Seed|[of] p2a: Manaphy
|-heal|p2a: Manaphy|299\/404|[silent]
|turn|55
|c|âkianann|i know u are unaware so i do not use tail glow on u
|
|move|p2a: Manaphy|Surf|p1a: Clefable
|-damage|p1a: Clefable|0 fnt
|faint|p1a: Clefable
|
|-weather|RainDance|[upkeep]
|-message|Cunty Vibes forfeited.
|
|win|kianann
|raw|Ladder updating...
|leave|Cunty Vibes
|player|p1
|raw|Cunty Vibes's rating: 1683 &rarr; <strong>1650<\/strong><br \/>(-33 for losing)
|raw|kianann's rating: 1424 &rarr; <strong>1456<\/strong><br \/>(+32 for winning)