|join|m44
|join|kianann
|player|p1|m44|153
|player|p2|kianann|169
|gametype|singles
|gen|6
|tier|OU
|rated
|clearpoke
|poke|p1|Azumarill, M
|poke|p1|Latios, M
|poke|p1|Lopunny, F
|poke|p1|Landorus, M
|poke|p1|Chansey, F
|poke|p1|Skarmory, M
|poke|p2|Sableye, M
|poke|p2|Talonflame, M
|poke|p2|Forretress, M
|poke|p2|Landorus-Therian, M
|poke|p2|Rotom-Wash
|poke|p2|Magnezone
|rule|Swagger Clause: Swagger is banned
|rule|Baton Pass Clause: Limit one PokÃ©mon knowing Baton Pass
|rule|Sleep Clause Mod: Limit one foe put to sleep
|rule|Species Clause: Limit one of each PokÃ©mon
|rule|OHKO Clause: OHKO moves are banned
|rule|Moody Clause: Moody is banned
|rule|Evasion Moves Clause: Evasion moves are banned
|rule|Endless Battle Clause: Forcing endless battles is banned
|rule|HP Percentage Mod: HP is shown in percentages
|teampreview
|
|start
|switch|p1a: Latios|Latios, M|301\/301
|switch|p2a: Sableye|Sableye, M|303\/303
|turn|1
|
|move|p1a: Latios|Draco Meteor|p2a: Sableye
|-damage|p2a: Sableye|72\/303
|-unboost|p1a: Latios|spa|2
|move|p2a: Sableye|Dark Pulse|p1a: Latios
|-supereffective|p1a: Latios
|-damage|p1a: Latios|167\/301
|
|turn|2
|
|detailschange|p2a: Sableye|Sableye-Mega, M
|-mega|p2a: Sableye|Sableye|Sablenite
|move|p2a: Sableye|Recover|p2a: Sableye
|-heal|p2a: Sableye|224\/303
|move|p1a: Latios|Draco Meteor|p2a: Sableye
|-damage|p2a: Sableye|143\/303
|-unboost|p1a: Latios|spa|2
|
|turn|3
|
|switch|p1a: Landorus|Landorus, M|319\/319
|move|p2a: Sableye|Recover|p2a: Sableye
|-heal|p2a: Sableye|295\/303
|
|turn|4
|
|move|p1a: Landorus|Earth Power|p2a: Sableye
|-damage|p2a: Sableye|143\/303
|move|p2a: Sableye|Calm Mind|p2a: Sableye
|-boost|p2a: Sableye|spa|1
|-boost|p2a: Sableye|spd|1
|
|turn|5
|
|move|p1a: Landorus|Earth Power|p2a: Sableye
|-damage|p2a: Sableye|38\/303
|move|p2a: Sableye|Recover|p2a: Sableye
|-heal|p2a: Sableye|190\/303
|
|turn|6
|
|move|p1a: Landorus|Earth Power|p2a: Sableye
|-damage|p2a: Sableye|73\/303
|move|p2a: Sableye|Recover|p2a: Sableye
|-heal|p2a: Sableye|225\/303
|
|turn|7
|
|move|p1a: Landorus|Earth Power|p2a: Sableye
|-damage|p2a: Sableye|112\/303
|move|p2a: Sableye|Recover|p2a: Sableye
|-heal|p2a: Sableye|264\/303
|
|turn|8
|
|move|p1a: Landorus|Earth Power|p2a: Sableye
|-damage|p2a: Sableye|150\/303
|move|p2a: Sableye|Recover|p2a: Sableye
|-heal|p2a: Sableye|302\/303
|
|turn|9
|
|move|p1a: Landorus|Earth Power|p2a: Sableye
|-damage|p2a: Sableye|199\/303
|move|p2a: Sableye|Calm Mind|p2a: Sableye
|-boost|p2a: Sableye|spa|1
|-boost|p2a: Sableye|spd|1
|
|turn|10
|
|move|p1a: Landorus|Earth Power|p2a: Sableye
|-damage|p2a: Sableye|121\/303
|move|p2a: Sableye|Recover|p2a: Sableye
|-heal|p2a: Sableye|273\/303
|
|turn|11
|
|switch|p1a: Skarmory|Skarmory, M|334\/334
|move|p2a: Sableye|Calm Mind|p2a: Sableye
|-boost|p2a: Sableye|spa|1
|-boost|p2a: Sableye|spd|1
|
|turn|12
|
|switch|p1a: Landorus|Landorus, M|319\/319
|move|p2a: Sableye|Will-O-Wisp|p1a: Landorus|[miss]
|-miss|p2a: Sableye|p1a: Landorus
|
|turn|13
|
|move|p1a: Landorus|Earth Power|p2a: Sableye
|-damage|p2a: Sableye|211\/303
|move|p2a: Sableye|Dark Pulse|p1a: Landorus
|-damage|p1a: Landorus|79\/319
|
|turn|14
|
|move|p1a: Landorus|Earth Power|p2a: Sableye
|-damage|p2a: Sableye|149\/303
|move|p2a: Sableye|Recover|p2a: Sableye
|-heal|p2a: Sableye|301\/303
|
|turn|15
|
|move|p1a: Landorus|Earth Power|p2a: Sableye
|-damage|p2a: Sableye|235\/303
|move|p2a: Sableye|Calm Mind|p2a: Sableye
|-boost|p2a: Sableye|spa|1
|-boost|p2a: Sableye|spd|1
|
|turn|16
|
|move|p1a: Landorus|Earth Power|p2a: Sableye
|-damage|p2a: Sableye|179\/303
|move|p2a: Sableye|Recover|p2a: Sableye
|-heal|p2a: Sableye|303\/303
|
|turn|17
|
|move|p1a: Landorus|Earth Power|p2a: Sableye
|-damage|p2a: Sableye|248\/303
|move|p2a: Sableye|Dark Pulse|p1a: Landorus
|-damage|p1a: Landorus|0 fnt
|faint|p1a: Landorus
|
|
|switch|p1a: Lopunny|Lopunny, F|271\/271
|turn|18
|
|switch|p2a: Magnezone|Magnezone|281\/281
|detailschange|p1a: Lopunny|Lopunny-Mega, F
|-mega|p1a: Lopunny|Lopunny|Lopunnite
|move|p1a: Lopunny|Fake Out|p2a: Magnezone
|-resisted|p2a: Magnezone
|-damage|p2a: Magnezone|250\/281
|
|turn|19
|
|move|p1a: Lopunny|High Jump Kick|p2a: Magnezone
|-supereffective|p2a: Magnezone
|-damage|p2a: Magnezone|0 fnt
|faint|p2a: Magnezone
|
|
|switch|p2a: Talonflame|Talonflame, M|297\/297
|turn|20
|
|switch|p1a: Skarmory|Skarmory, M|334\/334
|move|p2a: Talonflame|Brave Bird|p1a: Skarmory
|-resisted|p1a: Skarmory
|-damage|p1a: Skarmory|272\/334
|-damage|p2a: Talonflame|248\/297|[from] item: Rocky Helmet|[of] p1a: Skarmory
|-damage|p2a: Talonflame|228\/297|[from] recoil|[of] p1a: Skarmory
|-damage|p2a: Talonflame|199\/297|[from] item: Life Orb
|
|turn|21
|
|switch|p2a: Sableye|Sableye-Mega, M|248\/303
|move|p1a: Skarmory|Roost|p1a: Skarmory
|-heal|p1a: Skarmory|334\/334
|
|turn|22
|
|switch|p1a: Latios|Latios, M|167\/301
|move|p2a: Sableye|Will-O-Wisp|p1a: Latios
|-status|p1a: Latios|brn
|
|-damage|p1a: Latios|130\/301 brn|[from] brn
|turn|23
|
|switch|p1a: Lopunny|Lopunny-Mega, F|271\/271
|move|p2a: Sableye|Recover|p2a: Sableye
|-heal|p2a: Sableye|303\/303
|
|turn|24
|
|switch|p2a: Forretress|Forretress, M|354\/354
|move|p1a: Lopunny|Fake Out|p2a: Forretress
|-resisted|p2a: Forretress
|-damage|p2a: Forretress|334\/354
|
|-heal|p2a: Forretress|354\/354|[from] item: Leftovers
|turn|25
|
|switch|p1a: Chansey|Chansey, F|642\/642
|move|p2a: Forretress|Gyro Ball|p1a: Chansey
|-damage|p1a: Chansey|576\/642
|
|turn|26
|
|switch|p1a: Lopunny|Lopunny-Mega, F|271\/271
|switch|p2a: Sableye|Sableye-Mega, M|303\/303
|
|turn|27
|
|switch|p2a: Forretress|Forretress, M|354\/354
|move|p1a: Lopunny|High Jump Kick|p2a: Forretress
|-damage|p2a: Forretress|209\/354
|
|-heal|p2a: Forretress|231\/354|[from] item: Leftovers
|turn|28
|
|switch|p1a: Chansey|Chansey, F|576\/642
|move|p2a: Forretress|Volt Switch|p1a: Chansey
|-damage|p1a: Chansey|558\/642
|
|switch|p2a: Sableye|Sableye-Mega, M|303\/303
|
|turn|29
|
|move|p1a: Chansey|Soft-Boiled|p1a: Chansey
|-heal|p1a: Chansey|642\/642
|move|p2a: Sableye|Will-O-Wisp|p1a: Chansey|[miss]
|-miss|p2a: Sableye|p1a: Chansey
|
|turn|30
|
|move|p1a: Chansey|Soft-Boiled|p1a: Chansey
|-fail|p1a: Chansey
|move|p2a: Sableye|Will-O-Wisp|p1a: Chansey
|-status|p1a: Chansey|brn
|
|-damage|p1a: Chansey|562\/642 brn|[from] brn
|turn|31
|
|switch|p1a: Latios|Latios, M|130\/301 brn
|move|p2a: Sableye|Will-O-Wisp|p1a: Latios
|-fail|p1a: Latios|brn
|
|-damage|p1a: Latios|93\/301 brn|[from] brn
|turn|32
|
|move|p1a: Latios|Draco Meteor|p2a: Sableye
|-damage|p2a: Sableye|153\/303
|-unboost|p1a: Latios|spa|2
|move|p2a: Sableye|Recover|p2a: Sableye
|-heal|p2a: Sableye|303\/303
|
|-damage|p1a: Latios|56\/301 brn|[from] brn
|turn|33
|
|move|p1a: Latios|Draco Meteor|p2a: Sableye
|-damage|p2a: Sableye|231\/303
|-unboost|p1a: Latios|spa|2
|move|p2a: Sableye|Will-O-Wisp|p1a: Latios|[miss]
|-miss|p2a: Sableye|p1a: Latios
|
|-damage|p1a: Latios|19\/301 brn|[from] brn
|turn|34
|
|move|p1a: Latios|Draco Meteor|p2a: Sableye
|-damage|p2a: Sableye|185\/303
|-unboost|p1a: Latios|spa|2
|move|p2a: Sableye|Recover|p2a: Sableye
|-heal|p2a: Sableye|303\/303
|
|-damage|p1a: Latios|0 fnt|[from] brn
|faint|p1a: Latios
|
|switch|p1a: Lopunny|Lopunny-Mega, F|271\/271
|turn|35
|
|switch|p2a: Forretress|Forretress, M|231\/354
|move|p1a: Lopunny|Fake Out|p2a: Forretress
|-resisted|p2a: Forretress
|-damage|p2a: Forretress|211\/354
|
|-heal|p2a: Forretress|233\/354|[from] item: Leftovers
|turn|36
|c|âkianann|protect ...
|c|âkianann|u want HJK ?
|
|move|p1a: Lopunny|High Jump Kick|p2a: Forretress
|-damage|p2a: Forretress|94\/354
|move|p2a: Forretress|Volt Switch|p1a: Lopunny
|-damage|p1a: Lopunny|235\/271
|
|switch|p2a: Talonflame|Talonflame, M|199\/297
|
|turn|37
|
|switch|p1a: Skarmory|Skarmory, M|334\/334
|move|p2a: Talonflame|Flare Blitz|p1a: Skarmory
|-supereffective|p1a: Skarmory
|-damage|p1a: Skarmory|90\/334
|-damage|p2a: Talonflame|150\/297|[from] item: Rocky Helmet|[of] p1a: Skarmory
|-damage|p2a: Talonflame|69\/297|[from] recoil|[of] p1a: Skarmory
|-damage|p2a: Talonflame|40\/297|[from] item: Life Orb
|
|turn|38
|
|switch|p2a: Sableye|Sableye-Mega, M|303\/303
|move|p1a: Skarmory|Roost|p1a: Skarmory
|-heal|p1a: Skarmory|257\/334
|
|turn|39
|
|move|p2a: Sableye|Will-O-Wisp|p1a: Skarmory
|-status|p1a: Skarmory|brn
|move|p1a: Skarmory|Whirlwind|p2a: Sableye
|move|p2a: Sableye|Whirlwind|p1a: Skarmory|[from]Magic Bounce
|drag|p1a: Lopunny|Lopunny-Mega, F|235\/271
|
|turn|40
|
|switch|p2a: Forretress|Forretress, M|94\/354
|move|p1a: Lopunny|High Jump Kick|p2a: Forretress
|-damage|p2a: Forretress|0 fnt
|faint|p2a: Forretress
|
|
|switch|p2a: Rotom-Wash|Rotom-Wash|304\/304
|turn|41
|
|move|p1a: Lopunny|Return|p2a: Rotom-Wash
|-damage|p2a: Rotom-Wash|133\/304
|move|p2a: Rotom-Wash|Will-O-Wisp|p1a: Lopunny
|-status|p1a: Lopunny|brn
|
|-heal|p2a: Rotom-Wash|152\/304|[from] item: Leftovers
|-damage|p1a: Lopunny|202\/271 brn|[from] brn
|turn|42
|
|move|p1a: Lopunny|High Jump Kick|p2a: Rotom-Wash
|-damage|p2a: Rotom-Wash|52\/304
|move|p2a: Rotom-Wash|Pain Split|p1a: Lopunny
|-sethp|p1a: Lopunny|127\/271 brn|p2a: Rotom-Wash|127\/304|[from] move: Pain Split
|
|-heal|p2a: Rotom-Wash|146\/304|[from] item: Leftovers
|-damage|p1a: Lopunny|94\/271 brn|[from] brn
|turn|43
|
|move|p1a: Lopunny|Return|p2a: Rotom-Wash
|-damage|p2a: Rotom-Wash|70\/304
|move|p2a: Rotom-Wash|Thunderbolt|p1a: Lopunny
|-damage|p1a: Lopunny|0 fnt
|faint|p1a: Lopunny
|
|-heal|p2a: Rotom-Wash|89\/304|[from] item: Leftovers
|
|switch|p1a: Chansey|Chansey, F|562\/642
|turn|44
|
|switch|p2a: Sableye|Sableye-Mega, M|303\/303
|move|p1a: Chansey|Seismic Toss|p2a: Sableye
|-immune|p2a: Sableye|[msg]
|
|turn|45
|
|switch|p1a: Skarmory|Skarmory, M|257\/334 brn
|move|p2a: Sableye|Will-O-Wisp|p1a: Skarmory
|-fail|p1a: Skarmory|brn
|
|-damage|p1a: Skarmory|216\/334 brn|[from] brn
|turn|46
|
|move|p2a: Sableye|Will-O-Wisp|p1a: Skarmory
|-fail|p1a: Skarmory|brn
|move|p1a: Skarmory|Whirlwind|p2a: Sableye
|move|p2a: Sableye|Whirlwind|p1a: Skarmory|[from]Magic Bounce
|drag|p1a: Chansey|Chansey, F|562\/642
|
|turn|47
|
|switch|p1a: Skarmory|Skarmory, M|216\/334 brn
|move|p2a: Sableye|Calm Mind|p2a: Sableye
|-boost|p2a: Sableye|spa|1
|-boost|p2a: Sableye|spd|1
|
|-damage|p1a: Skarmory|175\/334 brn|[from] brn
|turn|48
|
|move|p1a: Skarmory|Roost|p1a: Skarmory
|-heal|p1a: Skarmory|334\/334 brn
|move|p2a: Sableye|Will-O-Wisp|p1a: Skarmory
|-fail|p1a: Skarmory|brn
|
|-damage|p1a: Skarmory|293\/334 brn|[from] brn
|turn|49
|
|move|p2a: Sableye|Calm Mind|p2a: Sableye
|-boost|p2a: Sableye|spa|1
|-boost|p2a: Sableye|spd|1
|move|p1a: Skarmory|Whirlwind|p2a: Sableye
|move|p2a: Sableye|Whirlwind|p1a: Skarmory|[from]Magic Bounce
|drag|p1a: Azumarill|Azumarill, M|364\/364
|
|turn|50
|
|switch|p2a: Rotom-Wash|Rotom-Wash|89\/304
|move|p1a: Azumarill|Belly Drum|p1a: Azumarill
|-damage|p1a: Azumarill|182\/364
|-setboost|p1a: Azumarill|atk|6|[from] move: Belly Drum
|-enditem|p1a: Azumarill|Sitrus Berry|[eat]
|-heal|p1a: Azumarill|273\/364|[from] item: Sitrus Berry
|
|-heal|p2a: Rotom-Wash|108\/304|[from] item: Leftovers
|turn|51
|
|move|p2a: Rotom-Wash|Thunderbolt|p1a: Azumarill
|-supereffective|p1a: Azumarill
|-damage|p1a: Azumarill|3\/364
|move|p1a: Azumarill|Knock Off|p2a: Rotom-Wash
|-damage|p2a: Rotom-Wash|0 fnt
|-enditem|p2a: Rotom-Wash|Leftovers|[from] move: Knock Off|[of] p1a: Azumarill
|faint|p2a: Rotom-Wash
|
|
|switch|p2a: Talonflame|Talonflame, M|40\/297
|turn|52
|
|switch|p1a: Skarmory|Skarmory, M|293\/334 brn
|move|p2a: Talonflame|Brave Bird|p1a: Skarmory
|-resisted|p1a: Skarmory
|-damage|p1a: Skarmory|227\/334 brn
|-damage|p2a: Talonflame|0 fnt|[from] item: Rocky Helmet|[of] p1a: Skarmory
|faint|p2a: Talonflame
|
|-damage|p1a: Skarmory|186\/334 brn|[from] brn
|
|switch|p2a: Sableye|Sableye-Mega, M|303\/303
|turn|53
|
|move|p2a: Sableye|Calm Mind|p2a: Sableye
|-boost|p2a: Sableye|spa|1
|-boost|p2a: Sableye|spd|1
|move|p1a: Skarmory|Whirlwind|p2a: Sableye
|move|p2a: Sableye|Whirlwind|p1a: Skarmory|[from]Magic Bounce
|drag|p1a: Azumarill|Azumarill, M|3\/364
|
|turn|54
|
|move|p1a: Azumarill|Play Rough|p2a: Sableye
|-supereffective|p2a: Sableye
|-damage|p2a: Sableye|0 fnt
|faint|p2a: Sableye
|
|
|switch|p2a: Landorus-Therian|Landorus-Therian, M|319\/319
|-ability|p2a: Landorus-Therian|Intimidate|[of] p1a: Azumarill
|-unboost|p1a: Azumarill|atk|1
|turn|55
|
|switch|p1a: Skarmory|Skarmory, M|186\/334 brn
|move|p2a: Landorus-Therian|U-turn|p1a: Skarmory
|-resisted|p1a: Skarmory
|-damage|p1a: Skarmory|174\/334 brn
|-damage|p2a: Landorus-Therian|266\/319|[from] item: Rocky Helmet|[of] p1a: Skarmory
|
|-damage|p1a: Skarmory|133\/334 brn|[from] brn
|turn|56
|-message|kianann forfeited.
|
|win|m44
|raw|Ladder updating...
|leave|kianann
|player|p2
|raw|m44's rating: 1374 &rarr; <strong>1391<\/strong><br \/>(+17 for winning)
|raw|kianann's rating: 1320 &rarr; <strong>1303<\/strong><br \/>(-17 for losing)