|join|TDOG34
|join|kianann
|player|p1|TDOG34|220
|player|p2|kianann|170
|gametype|singles
|gen|6
|tier|OU
|rated
|clearpoke
|poke|p1|Bisharp, F
|poke|p1|Landorus-Therian, M
|poke|p1|Gallade, M
|poke|p1|Rotom-Wash
|poke|p1|Jirachi, shiny
|poke|p1|Sylveon, F
|poke|p2|Politoed, F
|poke|p2|Swampert, F
|poke|p2|Kingdra, M
|poke|p2|Klefki, M
|poke|p2|Manaphy
|poke|p2|Landorus-Therian, M
|rule|Swagger Clause: Swagger is banned
|rule|Baton Pass Clause: Limit one PokÃ©mon knowing Baton Pass
|rule|Sleep Clause Mod: Limit one foe put to sleep
|rule|Species Clause: Limit one of each PokÃ©mon
|rule|OHKO Clause: OHKO moves are banned
|rule|Moody Clause: Moody is banned
|rule|Evasion Moves Clause: Evasion moves are banned
|rule|Endless Battle Clause: Forcing endless battles is banned
|rule|HP Percentage Mod: HP is shown in percentages
|teampreview
|
|start
|switch|p1a: Rotom-Wash|Rotom-Wash|303\/303
|switch|p2a: Politoed|Politoed, F|342\/342
|-weather|RainDance
|turn|1
|
|move|p1a: Rotom-Wash|Will-O-Wisp|p2a: Politoed
|-status|p2a: Politoed|brn
|move|p2a: Politoed|Toxic|p1a: Rotom-Wash
|-status|p1a: Rotom-Wash|tox
|
|-weather|RainDance|[upkeep]
|-damage|p1a: Rotom-Wash|285\/303 tox|[from] psn
|-damage|p2a: Politoed|300\/342 brn|[from] brn
|turn|2
|
|switch|p2a: Swampert|Swampert, F|341\/341
|move|p1a: Rotom-Wash|Volt Switch|p2a: Swampert
|-immune|p2a: Swampert|[msg]
|
|-weather|RainDance|[upkeep]
|-heal|p1a: Rotom-Wash|303\/303 tox|[from] item: Leftovers
|-damage|p1a: Rotom-Wash|267\/303 tox|[from] psn
|turn|3
|
|switch|p2a: Manaphy|Manaphy|404\/404
|switch|p1a: Landorus-Therian|Landorus-Therian, M|381\/381
|-ability|p1a: Landorus-Therian|Intimidate|[of] p2a: Manaphy
|-unboost|p2a: Manaphy|atk|1
|
|-weather|RainDance|[upkeep]
|turn|4
|
|move|p2a: Manaphy|Tail Glow|p2a: Manaphy
|-boost|p2a: Manaphy|spa|3
|move|p1a: Landorus-Therian|U-turn|p2a: Manaphy
|-damage|p2a: Manaphy|321\/404
|
|switch|p1a: Gallade|Gallade, M|277\/277
|
|-weather|RainDance|[upkeep]
|-heal|p2a: Manaphy|346\/404|[from] item: Leftovers
|turn|5
|c|âkianann|your lando is not scarf
|
|detailschange|p1a: Gallade|Gallade-Mega, M
|-mega|p1a: Gallade|Gallade|Galladite
|move|p2a: Manaphy|Surf|p1a: Gallade
|-damage|p1a: Gallade|0 fnt
|faint|p1a: Gallade
|
|-weather|RainDance|[upkeep]
|-heal|p2a: Manaphy|371\/404|[from] item: Leftovers
|
|switch|p1a: Rotom-Wash|Rotom-Wash|267\/303 tox
|turn|6
|
|move|p2a: Manaphy|Tail Glow|p2a: Manaphy
|-boost|p2a: Manaphy|spa|3
|move|p1a: Rotom-Wash|Volt Switch|p2a: Manaphy
|-supereffective|p2a: Manaphy
|-damage|p2a: Manaphy|195\/404
|
|switch|p1a: Bisharp|Bisharp, F|301\/301
|
|-weather|RainDance|[upkeep]
|-heal|p2a: Manaphy|220\/404|[from] item: Leftovers
|turn|7
|
|move|p2a: Manaphy|Rest|p2a: Manaphy
|-status|p2a: Manaphy|slp
|-heal|p2a: Manaphy|404\/404 slp|[silent]
|-status|p2a: Manaphy|slp|[from] move: Rest
|move|p1a: Bisharp|Knock Off|p2a: Manaphy
|-damage|p2a: Manaphy|104\/404 slp
|-enditem|p2a: Manaphy|Leftovers|[from] move: Knock Off|[of] p1a: Bisharp
|
|-weather|RainDance|[upkeep]
|-curestatus|p2a: Manaphy|slp
|turn|8
|
|move|p2a: Manaphy|Rest|p2a: Manaphy
|-status|p2a: Manaphy|slp
|-heal|p2a: Manaphy|404\/404 slp|[silent]
|-status|p2a: Manaphy|slp|[from] move: Rest
|move|p1a: Bisharp|Knock Off|p2a: Manaphy
|-damage|p2a: Manaphy|206\/404 slp
|
|-weather|none
|turn|9
|
|switch|p2a: Klefki|Klefki, M|317\/317
|move|p1a: Bisharp|Knock Off|p2a: Klefki
|-resisted|p2a: Klefki
|-damage|p2a: Klefki|203\/317
|-enditem|p2a: Klefki|Damp Rock|[from] move: Knock Off|[of] p1a: Bisharp
|
|turn|10
|
|switch|p1a: Landorus-Therian|Landorus-Therian, M|381\/381
|-ability|p1a: Landorus-Therian|Intimidate|[of] p2a: Klefki
|-unboost|p2a: Klefki|atk|1
|move|p2a: Klefki|Thunder Wave|p1a: Landorus-Therian
|-immune|p1a: Landorus-Therian|[msg]
|
|turn|11
|
|switch|p2a: Landorus-Therian|Landorus-Therian, M|319\/319
|-ability|p2a: Landorus-Therian|Intimidate|[of] p1a: Landorus-Therian
|-unboost|p1a: Landorus-Therian|atk|1
|move|p1a: Landorus-Therian|Earthquake|p2a: Landorus-Therian
|-immune|p2a: Landorus-Therian|[msg]
|
|turn|12
|
|move|p2a: Landorus-Therian|Explosion|p1a: Landorus-Therian
|-damage|p1a: Landorus-Therian|28\/381
|faint|p2a: Landorus-Therian
|move|p1a: Landorus-Therian|Stealth Rock|p2: Landorus-Therian
|-sidestart|p2: kianann|move: Stealth Rock
|
|
|switch|p2a: Politoed|Politoed, F|300\/342 brn
|-damage|p2a: Politoed|258\/342 brn|[from] Stealth Rock
|-weather|RainDance
|turn|13
|
|switch|p2a: Manaphy|Manaphy|206\/404 slp
|-damage|p2a: Manaphy|156\/404 slp|[from] Stealth Rock
|move|p1a: Landorus-Therian|U-turn|p2a: Manaphy
|-damage|p2a: Manaphy|94\/404 slp
|
|switch|p1a: Jirachi|Jirachi, shiny|396\/396
|
|-weather|RainDance|[upkeep]
|-curestatus|p2a: Manaphy|slp
|turn|14
|
|move|p2a: Manaphy|Rest|p2a: Manaphy
|-status|p2a: Manaphy|slp
|-heal|p2a: Manaphy|404\/404 slp|[silent]
|-status|p2a: Manaphy|slp|[from] move: Rest
|move|p1a: Jirachi|Charge Beam|p2a: Manaphy
|-supereffective|p2a: Manaphy
|-damage|p2a: Manaphy|296\/404 slp
|-boost|p1a: Jirachi|spa|1
|
|-weather|RainDance|[upkeep]
|-curestatus|p2a: Manaphy|slp
|turn|15
|
|move|p2a: Manaphy|Tail Glow|p2a: Manaphy
|-boost|p2a: Manaphy|spa|3
|move|p1a: Jirachi|Moonblast|p2a: Manaphy
|-damage|p2a: Manaphy|149\/404
|
|-weather|RainDance|[upkeep]
|turn|16
|
|move|p2a: Manaphy|Surf|p1a: Jirachi
|-damage|p1a: Jirachi|29\/396
|move|p1a: Jirachi|Moonblast|p2a: Manaphy
|-damage|p2a: Manaphy|2\/404
|
|-weather|RainDance|[upkeep]
|-heal|p1a: Jirachi|53\/396|[from] item: Leftovers
|turn|17
|
|move|p2a: Manaphy|Rest|p2a: Manaphy
|-status|p2a: Manaphy|slp
|-heal|p2a: Manaphy|404\/404 slp|[silent]
|-status|p2a: Manaphy|slp|[from] move: Rest
|move|p1a: Jirachi|Moonblast|p2a: Manaphy
|-damage|p2a: Manaphy|236\/404 slp
|
|-weather|RainDance|[upkeep]
|-curestatus|p2a: Manaphy|slp
|-heal|p1a: Jirachi|77\/396|[from] item: Leftovers
|turn|18
|
|move|p2a: Manaphy|Surf|p1a: Jirachi
|-damage|p1a: Jirachi|0 fnt
|faint|p1a: Jirachi
|
|-weather|RainDance|[upkeep]
|
|switch|p1a: Landorus-Therian|Landorus-Therian, M|28\/381
|-ability|p1a: Landorus-Therian|Intimidate|[of] p2a: Manaphy
|-unboost|p2a: Manaphy|atk|1
|turn|19
|
|move|p2a: Manaphy|Surf|p1a: Landorus-Therian
|-supereffective|p1a: Landorus-Therian
|-damage|p1a: Landorus-Therian|0 fnt
|faint|p1a: Landorus-Therian
|
|-weather|RainDance|[upkeep]
|
|switch|p1a: Bisharp|Bisharp, F|301\/301
|turn|20
|
|move|p1a: Bisharp|Sucker Punch|p2a: Manaphy
|-damage|p2a: Manaphy|14\/404
|move|p2a: Manaphy|Surf|p1a: Bisharp
|-damage|p1a: Bisharp|0 fnt
|faint|p1a: Bisharp
|
|-weather|none
|
|switch|p1a: Rotom-Wash|Rotom-Wash|267\/303 tox
|turn|21
|
|move|p2a: Manaphy|Psychic|p1a: Rotom-Wash
|-damage|p1a: Rotom-Wash|114\/303 tox
|move|p1a: Rotom-Wash|Hydro Pump|p2a: Manaphy
|-resisted|p2a: Manaphy
|-damage|p2a: Manaphy|0 fnt
|faint|p2a: Manaphy
|
|-heal|p1a: Rotom-Wash|132\/303 tox|[from] item: Leftovers
|-damage|p1a: Rotom-Wash|114\/303 tox|[from] psn
|
|switch|p2a: Klefki|Klefki, M|203\/317
|-damage|p2a: Klefki|184\/317|[from] Stealth Rock
|turn|22
|
|move|p2a: Klefki|Rain Dance|p2a: Klefki
|-weather|RainDance
|move|p1a: Rotom-Wash|Hydro Pump|p2a: Klefki
|-damage|p2a: Klefki|0 fnt
|faint|p2a: Klefki
|
|-weather|RainDance|[upkeep]
|-heal|p1a: Rotom-Wash|132\/303 tox|[from] item: Leftovers
|-damage|p1a: Rotom-Wash|96\/303 tox|[from] psn
|
|switch|p2a: Swampert|Swampert, F|341\/341
|-damage|p2a: Swampert|320\/341|[from] Stealth Rock
|turn|23
|
|switch|p2a: Politoed|Politoed, F|258\/342 brn
|-damage|p2a: Politoed|216\/342 brn|[from] Stealth Rock
|move|p1a: Rotom-Wash|Will-O-Wisp|p2a: Politoed
|-fail|p2a: Politoed|brn
|
|-weather|RainDance|[upkeep]
|-heal|p1a: Rotom-Wash|114\/303 tox|[from] item: Leftovers
|-damage|p1a: Rotom-Wash|60\/303 tox|[from] psn
|-damage|p2a: Politoed|174\/342 brn|[from] brn
|turn|24
|
|move|p1a: Rotom-Wash|Pain Split|p2a: Politoed
|-sethp|p2a: Politoed|117\/342 brn|p1a: Rotom-Wash|117\/303 tox|[from] move: Pain Split
|move|p2a: Politoed|Encore|p1a: Rotom-Wash
|-start|p1a: Rotom-Wash|Encore
|
|-weather|RainDance|[upkeep]
|-heal|p1a: Rotom-Wash|135\/303 tox|[from] item: Leftovers
|-damage|p1a: Rotom-Wash|63\/303 tox|[from] psn
|-damage|p2a: Politoed|75\/342 brn|[from] brn
|turn|25
|
|switch|p1a: Sylveon|Sylveon, F|393\/393
|move|p2a: Politoed|Toxic|p1a: Sylveon
|-status|p1a: Sylveon|tox
|
|-weather|RainDance|[upkeep]
|-damage|p2a: Politoed|33\/342 brn|[from] brn
|-damage|p1a: Sylveon|369\/393 tox|[from] psn
|turn|26
|
|switch|p1a: Rotom-Wash|Rotom-Wash|63\/303 tox
|move|p2a: Politoed|Scald|p1a: Rotom-Wash
|-resisted|p1a: Rotom-Wash
|-damage|p1a: Rotom-Wash|0 fnt
|faint|p1a: Rotom-Wash
|
|-weather|none
|-damage|p2a: Politoed|0 fnt|[from] brn
|faint|p2a: Politoed
|
|switch|p2a: Swampert|Swampert, F|320\/341
|switch|p1a: Sylveon|Sylveon, F|369\/393 tox
|-damage|p2a: Swampert|299\/341|[from] Stealth Rock
|turn|27
|
|detailschange|p2a: Swampert|Swampert-Mega, F
|-mega|p2a: Swampert|Swampert|Swampertite
|move|p2a: Swampert|Earthquake|p1a: Sylveon
|-damage|p1a: Sylveon|39\/393 tox
|move|p1a: Sylveon|Hyper Voice|p2a: Swampert
|-damage|p2a: Swampert|26\/341
|
|-damage|p1a: Sylveon|15\/393 tox|[from] psn
|turn|28
|
|move|p2a: Swampert|Waterfall|p1a: Sylveon
|-damage|p1a: Sylveon|0 fnt
|faint|p1a: Sylveon
|
|win|kianann
|raw|Ladder updating...
|raw|TDOG34's rating: 1466 &rarr; <strong>1442<\/strong><br \/>(-24 for losing)
|raw|kianann's rating: 1395 &rarr; <strong>1419<\/strong><br \/>(+24 for winning)