|join|kianann
|join|TheAngryChemist
|player|p1|kianann|169
|player|p2|TheAngryChemist|242
|gametype|singles
|gen|6
|tier|OU
|rated
|clearpoke
|poke|p1|Sableye, F
|poke|p1|Talonflame, F
|poke|p1|Forretress, F
|poke|p1|Landorus-Therian, M
|poke|p1|Rotom-Wash
|poke|p1|Magnezone
|poke|p2|Reuniclus, F
|poke|p2|Audino, M
|poke|p2|Machamp, M
|poke|p2|Dusclops, M
|poke|p2|Altaria, M
|poke|p2|Azumarill, M
|rule|Swagger Clause: Swagger is banned
|rule|Baton Pass Clause: Limit one PokÃ©mon knowing Baton Pass
|rule|Sleep Clause Mod: Limit one foe put to sleep
|rule|Species Clause: Limit one of each PokÃ©mon
|rule|OHKO Clause: OHKO moves are banned
|rule|Moody Clause: Moody is banned
|rule|Evasion Moves Clause: Evasion moves are banned
|rule|Endless Battle Clause: Forcing endless battles is banned
|rule|HP Percentage Mod: HP is shown in percentages
|teampreview
|
|start
|switch|p1a: Sableye|Sableye, F|303\/303
|switch|p2a: Audino|Audino, M|410\/410
|turn|1
|
|detailschange|p1a: Sableye|Sableye-Mega, F
|-mega|p1a: Sableye|Sableye|Sablenite
|move|p2a: Audino|Magic Coat|p2a: Audino
|-singleturn|p2a: Audino|move: Magic Coat
|move|p1a: Sableye|Will-O-Wisp|p2a: Audino
|move|p2a: Audino|Will-O-Wisp|p1a: Sableye|[from]Magic Coat|[miss]
|-miss|p2a: Audino|p1a: Sableye
|
|turn|2
|
|switch|p2a: Altaria|Altaria, M|353\/353
|move|p1a: Sableye|Calm Mind|p1a: Sableye
|-boost|p1a: Sableye|spa|1
|-boost|p1a: Sableye|spd|1
|
|turn|3
|
|switch|p1a: Forretress|Forretress, F|354\/354
|detailschange|p2a: Altaria|Altaria-Mega, M
|-mega|p2a: Altaria|Altaria|Altarianite
|move|p2a: Altaria|Hyper Voice|p1a: Forretress
|-resisted|p1a: Forretress
|-damage|p1a: Forretress|188\/354
|
|-heal|p1a: Forretress|210\/354|[from] item: Leftovers
|turn|4
|
|move|p2a: Altaria|Fire Blast|p1a: Forretress
|-supereffective|p1a: Forretress
|-damage|p1a: Forretress|0 fnt
|faint|p1a: Forretress
|
|
|switch|p1a: Rotom-Wash|Rotom-Wash|304\/304
|turn|5
|
|move|p1a: Rotom-Wash|Will-O-Wisp|p2a: Altaria
|-status|p2a: Altaria|brn
|move|p2a: Altaria|Fire Blast|p1a: Rotom-Wash
|-resisted|p1a: Rotom-Wash
|-damage|p1a: Rotom-Wash|257\/304
|
|-heal|p1a: Rotom-Wash|276\/304|[from] item: Leftovers
|-damage|p2a: Altaria|309\/353 brn|[from] brn
|turn|6
|
|move|p1a: Rotom-Wash|Thunderbolt|p2a: Altaria
|-resisted|p2a: Altaria
|-damage|p2a: Altaria|254\/353 brn
|move|p2a: Altaria|Draco Meteor|p1a: Rotom-Wash
|-crit|p1a: Rotom-Wash
|-damage|p1a: Rotom-Wash|9\/304
|-unboost|p2a: Altaria|spa|2
|
|-heal|p1a: Rotom-Wash|28\/304|[from] item: Leftovers
|-damage|p2a: Altaria|210\/353 brn|[from] brn
|turn|7
|
|switch|p1a: Magnezone|Magnezone|281\/281
|switch|p2a: Reuniclus|Reuniclus, F|424\/424
|
|turn|8
|
|move|p1a: Magnezone|Volt Switch|p2a: Reuniclus
|-damage|p2a: Reuniclus|268\/424
|
|switch|p1a: Sableye|Sableye-Mega, F|303\/303
|move|p2a: Reuniclus|Trick Room|p2a: Reuniclus
|-fieldstart|move: Trick Room|[of] p2a: Reuniclus
|
|turn|9
|
|switch|p2a: Altaria|Altaria-Mega, M|210\/353 brn
|move|p1a: Sableye|Will-O-Wisp|p2a: Altaria
|-fail|p2a: Altaria|brn
|
|-damage|p2a: Altaria|166\/353 brn|[from] brn
|turn|10
|
|switch|p1a: Rotom-Wash|Rotom-Wash|28\/304
|move|p2a: Altaria|Hyper Voice|p1a: Rotom-Wash
|-crit|p1a: Rotom-Wash
|-damage|p1a: Rotom-Wash|0 fnt
|faint|p1a: Rotom-Wash
|
|-damage|p2a: Altaria|122\/353 brn|[from] brn
|
|switch|p1a: Talonflame|Talonflame, F|297\/297
|turn|11
|
|switch|p2a: Reuniclus|Reuniclus, F|268\/424
|move|p1a: Talonflame|Brave Bird|p2a: Reuniclus
|-damage|p2a: Reuniclus|76\/424
|-damage|p1a: Talonflame|248\/297|[from] item: Rocky Helmet|[of] p2a: Reuniclus
|-damage|p1a: Talonflame|185\/297|[from] recoil|[of] p2a: Reuniclus
|-damage|p1a: Talonflame|156\/297|[from] item: Life Orb
|
|turn|12
|
|move|p1a: Talonflame|Brave Bird|p2a: Reuniclus
|-damage|p2a: Reuniclus|0 fnt
|-damage|p1a: Talonflame|107\/297|[from] item: Rocky Helmet|[of] p2a: Reuniclus
|-damage|p1a: Talonflame|82\/297|[from] recoil|[of] p2a: Reuniclus
|-damage|p1a: Talonflame|53\/297|[from] item: Life Orb
|faint|p2a: Reuniclus
|
|-fieldend|move: Trick Room
|
|switch|p2a: Dusclops|Dusclops, M|283\/283
|-ability|p2a: Dusclops|Pressure
|turn|13
|
|switch|p1a: Sableye|Sableye-Mega, F|303\/303
|move|p2a: Dusclops|Trick Room|p2a: Dusclops
|-fieldstart|move: Trick Room|[of] p2a: Dusclops
|
|turn|14
|
|switch|p2a: Audino|Audino, M|410\/410
|move|p1a: Sableye|Dark Pulse|p2a: Audino
|-damage|p2a: Audino|343\/410
|
|-heal|p2a: Audino|368\/410|[from] item: Leftovers
|turn|15
|
|move|p1a: Sableye|Calm Mind|p1a: Sableye
|-boost|p1a: Sableye|spa|1
|-boost|p1a: Sableye|spd|1
|move|p2a: Audino|Wish|p2a: Audino
|
|-heal|p2a: Audino|393\/410|[from] item: Leftovers
|turn|16
|
|switch|p1a: Landorus-Therian|Landorus-Therian, M|319\/319
|-ability|p1a: Landorus-Therian|Intimidate|[of] p2a: Audino
|-unboost|p2a: Audino|atk|1
|switch|p2a: Altaria|Altaria-Mega, M|122\/353 brn
|
|-heal|p2a: Altaria|327\/353 brn|[from] move: Wish|[wisher] Audino
|-damage|p2a: Altaria|283\/353 brn|[from] brn
|turn|17
|
|switch|p2a: Azumarill|Azumarill, M|403\/403
|move|p1a: Landorus-Therian|Explosion|p2a: Azumarill
|-damage|p2a: Azumarill|44\/403
|faint|p1a: Landorus-Therian
|
|-fieldend|move: Trick Room
|
|switch|p1a: Magnezone|Magnezone|281\/281
|turn|18
|
|move|p1a: Magnezone|Flash Cannon|p2a: Azumarill
|-damage|p2a: Azumarill|0 fnt
|faint|p2a: Azumarill
|
|
|switch|p2a: Audino|Audino, M|410\/410
|turn|19
|
|switch|p1a: Talonflame|Talonflame, F|53\/297
|move|p2a: Audino|Trick Room|p2a: Audino
|-fieldstart|move: Trick Room|[of] p2a: Audino
|
|turn|20
|
|move|p2a: Audino|Toxic|p1a: Talonflame
|-status|p1a: Talonflame|tox
|move|p1a: Talonflame|Swords Dance|p1a: Talonflame
|-boost|p1a: Talonflame|atk|2
|
|-damage|p1a: Talonflame|35\/297 tox|[from] psn
|turn|21
|
|switch|p2a: Dusclops|Dusclops, M|283\/283
|-ability|p2a: Dusclops|Pressure
|move|p1a: Talonflame|Brave Bird|p2a: Dusclops
|-damage|p2a: Dusclops|98\/283
|-damage|p1a: Talonflame|0 fnt|[from] recoil|[of] p2a: Dusclops
|faint|p1a: Talonflame
|
|
|switch|p1a: Sableye|Sableye-Mega, F|303\/303
|turn|22
|
|switch|p2a: Altaria|Altaria-Mega, M|283\/353 brn
|move|p1a: Sableye|Calm Mind|p1a: Sableye
|-boost|p1a: Sableye|spa|1
|-boost|p1a: Sableye|spd|1
|
|-damage|p2a: Altaria|239\/353 brn|[from] brn
|turn|23
|
|move|p1a: Sableye|Calm Mind|p1a: Sableye
|-boost|p1a: Sableye|spa|1
|-boost|p1a: Sableye|spd|1
|move|p2a: Altaria|Hyper Voice|p1a: Sableye
|-supereffective|p1a: Sableye
|-damage|p1a: Sableye|169\/303
|
|-damage|p2a: Altaria|195\/353 brn|[from] brn
|-fieldend|move: Trick Room
|turn|24
|
|move|p2a: Altaria|Hyper Voice|p1a: Sableye
|-supereffective|p1a: Sableye
|-damage|p1a: Sableye|25\/303
|move|p1a: Sableye|Recover|p1a: Sableye
|-heal|p1a: Sableye|177\/303
|
|-damage|p2a: Altaria|151\/353 brn|[from] brn
|turn|25
|
|move|p2a: Altaria|Hyper Voice|p1a: Sableye
|-supereffective|p1a: Sableye
|-damage|p1a: Sableye|45\/303
|move|p1a: Sableye|Recover|p1a: Sableye
|-heal|p1a: Sableye|197\/303
|
|-damage|p2a: Altaria|107\/353 brn|[from] brn
|turn|26
|
|move|p2a: Altaria|Hyper Voice|p1a: Sableye
|-supereffective|p1a: Sableye
|-damage|p1a: Sableye|59\/303
|move|p1a: Sableye|Recover|p1a: Sableye
|-heal|p1a: Sableye|211\/303
|
|-damage|p2a: Altaria|63\/353 brn|[from] brn
|turn|27
|
|move|p2a: Altaria|Hyper Voice|p1a: Sableye
|-supereffective|p1a: Sableye
|-damage|p1a: Sableye|77\/303
|move|p1a: Sableye|Recover|p1a: Sableye
|-heal|p1a: Sableye|229\/303
|
|-damage|p2a: Altaria|19\/353 brn|[from] brn
|turn|28
|
|move|p2a: Altaria|Hyper Voice|p1a: Sableye
|-supereffective|p1a: Sableye
|-damage|p1a: Sableye|97\/303
|move|p1a: Sableye|Recover|p1a: Sableye
|-heal|p1a: Sableye|249\/303
|
|-damage|p2a: Altaria|0 fnt|[from] brn
|faint|p2a: Altaria
|c|âkianann|no roost ?
|c|âTheAngryChemist|nope
|
|switch|p2a: Machamp|Machamp, M|383\/383
|turn|29
|
|move|p2a: Machamp|Stone Edge|p1a: Sableye
|-damage|p1a: Sableye|114\/303
|-damage|p2a: Machamp|345\/383|[from] item: Life Orb
|move|p1a: Sableye|Will-O-Wisp|p2a: Machamp
|-status|p2a: Machamp|brn
|
|-damage|p2a: Machamp|298\/383 brn|[from] brn
|turn|30
|
|move|p2a: Machamp|Stone Edge|p1a: Sableye
|-damage|p1a: Sableye|44\/303
|-damage|p2a: Machamp|260\/383 brn|[from] item: Life Orb
|move|p1a: Sableye|Recover|p1a: Sableye
|-heal|p1a: Sableye|196\/303
|
|-damage|p2a: Machamp|213\/383 brn|[from] brn
|turn|31
|
|move|p2a: Machamp|Stone Edge|p1a: Sableye
|-damage|p1a: Sableye|123\/303
|-damage|p2a: Machamp|175\/383 brn|[from] item: Life Orb
|move|p1a: Sableye|Recover|p1a: Sableye
|-heal|p1a: Sableye|275\/303
|
|-damage|p2a: Machamp|128\/383 brn|[from] brn
|turn|32
|
|switch|p2a: Audino|Audino, M|410\/410
|move|p1a: Sableye|Recover|p1a: Sableye
|-heal|p1a: Sableye|303\/303
|
|turn|33
|
|move|p2a: Audino|Toxic|p1a: Sableye
|move|p1a: Sableye|Toxic|p2a: Audino|[from]Magic Bounce
|-status|p2a: Audino|tox
|move|p1a: Sableye|Calm Mind|p1a: Sableye
|-boost|p1a: Sableye|spa|1
|-boost|p1a: Sableye|spd|1
|
|-damage|p2a: Audino|385\/410 tox|[from] psn
|turn|34
|
|move|p2a: Audino|Toxic|p1a: Sableye
|move|p1a: Sableye|Toxic|p2a: Audino|[from]Magic Bounce
|-fail|p2a: Audino|tox
|move|p1a: Sableye|Calm Mind|p1a: Sableye
|-boost|p1a: Sableye|spa|1
|-boost|p1a: Sableye|spd|1
|
|-heal|p2a: Audino|410\/410 tox|[from] item: Leftovers
|-damage|p2a: Audino|360\/410 tox|[from] psn
|turn|35
|
|move|p2a: Audino|Toxic|p1a: Sableye
|move|p1a: Sableye|Toxic|p2a: Audino|[from]Magic Bounce
|-fail|p2a: Audino|tox
|move|p1a: Sableye|Calm Mind|p1a: Sableye
|-boost|p1a: Sableye|spa|1
|-boost|p1a: Sableye|spd|1
|
|-heal|p2a: Audino|385\/410 tox|[from] item: Leftovers
|-damage|p2a: Audino|310\/410 tox|[from] psn
|turn|36
|
|move|p1a: Sableye|Calm Mind|p1a: Sableye
|-boost|p1a: Sableye|spa|1
|-boost|p1a: Sableye|spd|1
|move|p2a: Audino|Trick Room|p2a: Audino
|-fieldstart|move: Trick Room|[of] p2a: Audino
|
|-heal|p2a: Audino|335\/410 tox|[from] item: Leftovers
|-damage|p2a: Audino|235\/410 tox|[from] psn
|turn|37
|
|move|p1a: Sableye|Dark Pulse|p2a: Audino
|-damage|p2a: Audino|0 fnt
|faint|p2a: Audino
|
|
|switch|p2a: Dusclops|Dusclops, M|98\/283
|-ability|p2a: Dusclops|Pressure
|turn|38
|
|move|p2a: Dusclops|Destiny Bond|p2a: Dusclops
|-singlemove|p2a: Dusclops|Destiny Bond
|move|p1a: Sableye|Dark Pulse|p2a: Dusclops
|-supereffective|p2a: Dusclops
|-damage|p2a: Dusclops|0 fnt
|faint|p2a: Dusclops
|-activate|p2a: Dusclops|Destiny Bond
|faint|p1a: Sableye
|
|
|switch|p1a: Magnezone|Magnezone|281\/281
|switch|p2a: Machamp|Machamp, M|128\/383 brn
|turn|39
|c|âkianann|clever
|
|move|p2a: Machamp|Earthquake|p1a: Magnezone
|-supereffective|p1a: Magnezone
|-damage|p1a: Magnezone|0 fnt
|-damage|p2a: Machamp|90\/383 brn|[from] item: Life Orb
|faint|p1a: Magnezone
|
|win|TheAngryChemist
|raw|Ladder updating...
|raw|kianann's rating: 1357 &rarr; <strong>1337<\/strong><br \/>(-20 for losing)
|raw|TheAngryChemist's rating: 1363 &rarr; <strong>1383<\/strong><br \/>(+20 for winning)
|c|âTheAngryChemist|gg
|leave|kianann
|player|p1