|join|GoodNicksAreGone
|join|kianann
|player|p1|GoodNicksAreGone|266
|player|p2|kianann|2
|gametype|singles
|gen|6
|tier|OU
|rated
|clearpoke
|poke|p1|Manectric, M
|poke|p1|Skarmory, F
|poke|p1|Heatran, M
|poke|p1|Conkeldurr, F
|poke|p1|Landorus-Therian, M
|poke|p1|Latios, M
|poke|p2|Politoed, M
|poke|p2|Swampert, F
|poke|p2|Kingdra, F
|poke|p2|Klefki, M
|poke|p2|Manaphy
|poke|p2|Ferrothorn, F
|rule|Swagger Clause: Swagger is banned
|rule|Baton Pass Clause: Limit one PokÃ©mon knowing Baton Pass
|rule|Sleep Clause Mod: Limit one foe put to sleep
|rule|Species Clause: Limit one of each PokÃ©mon
|rule|OHKO Clause: OHKO moves are banned
|rule|Moody Clause: Moody is banned
|rule|Evasion Moves Clause: Evasion moves are banned
|rule|Endless Battle Clause: Forcing endless battles is banned
|rule|HP Percentage Mod: HP is shown in percentages
|teampreview
|
|start
|switch|p1a: Heatran|Heatran, M|354\/354
|switch|p2a: Politoed|Politoed, M|342\/342
|-weather|RainDance
|turn|1
|
|switch|p2a: Swampert|Swampert, F|341\/341
|move|p1a: Heatran|Stealth Rock|p2a: Swampert
|-sidestart|p2: kianann|move: Stealth Rock
|
|-weather|RainDance|[upkeep]
|turn|2
|
|switch|p1a: Skarmory|Skarmory, F|334\/334
|detailschange|p2a: Swampert|Swampert-Mega, F
|-mega|p2a: Swampert|Swampert|Swampertite
|move|p2a: Swampert|Waterfall|p1a: Skarmory
|-damage|p1a: Skarmory|195\/334
|-damage|p2a: Swampert|285\/341|[from] item: Rocky Helmet|[of] p1a: Skarmory
|
|-weather|RainDance|[upkeep]
|turn|3
|
|switch|p2a: Kingdra|Kingdra, F|291\/291
|-damage|p2a: Kingdra|255\/291|[from] Stealth Rock
|move|p1a: Skarmory|Roost|p1a: Skarmory
|-heal|p1a: Skarmory|334\/334
|
|-weather|RainDance|[upkeep]
|turn|4
|
|move|p2a: Kingdra|Hydro Pump|p1a: Skarmory
|-activate|p1a: Skarmory|Sturdy
|-damage|p1a: Skarmory|1\/334
|-damage|p2a: Kingdra|226\/291|[from] item: Life Orb
|move|p1a: Skarmory|Spikes|p2a: Kingdra
|-sidestart|p2: kianann|Spikes
|
|-weather|RainDance|[upkeep]
|turn|5
|
|move|p2a: Kingdra|Hydro Pump|p1a: Skarmory
|-damage|p1a: Skarmory|0 fnt
|-damage|p2a: Kingdra|197\/291|[from] item: Life Orb
|faint|p1a: Skarmory
|
|-weather|RainDance|[upkeep]
|
|switch|p1a: Conkeldurr|Conkeldurr, F|352\/352
|turn|6
|
|move|p2a: Kingdra|Hydro Pump|p1a: Conkeldurr
|-damage|p1a: Conkeldurr|125\/352
|-damage|p2a: Kingdra|168\/291|[from] item: Life Orb
|move|p1a: Conkeldurr|Drain Punch|p2a: Kingdra
|-damage|p2a: Kingdra|8\/291
|-heal|p1a: Conkeldurr|205\/352|[from] drain|[of] p2a: Kingdra
|
|-weather|RainDance|[upkeep]
|turn|7
|
|switch|p2a: Swampert|Swampert-Mega, F|285\/341
|-damage|p2a: Swampert|264\/341|[from] Stealth Rock
|-damage|p2a: Swampert|222\/341|[from] Spikes
|move|p1a: Conkeldurr|Mach Punch|p2a: Swampert
|-damage|p2a: Swampert|150\/341
|
|-weather|RainDance|[upkeep]
|turn|8
|
|switch|p1a: Heatran|Heatran, M|354\/354
|move|p2a: Swampert|Waterfall|p1a: Heatran
|-supereffective|p1a: Heatran
|-damage|p1a: Heatran|0 fnt
|faint|p1a: Heatran
|
|-weather|none
|
|switch|p1a: Latios|Latios, M|301\/301
|turn|9
|
|switch|p2a: Klefki|Klefki, M|317\/317
|-damage|p2a: Klefki|298\/317|[from] Stealth Rock
|-damage|p2a: Klefki|259\/317|[from] Spikes
|move|p1a: Latios|Psyshock|p2a: Klefki
|-resisted|p2a: Klefki
|-damage|p2a: Klefki|202\/317
|
|turn|10
|
|move|p2a: Klefki|Rain Dance|p2a: Klefki
|-weather|RainDance
|move|p1a: Latios|Hidden Power|p2a: Klefki
|-supereffective|p2a: Klefki
|-damage|p2a: Klefki|116\/317
|
|-weather|RainDance|[upkeep]
|turn|11
|
|switch|p1a: Conkeldurr|Conkeldurr, F|205\/352
|move|p2a: Klefki|Thunder Wave|p1a: Conkeldurr
|-status|p1a: Conkeldurr|par
|
|-weather|RainDance|[upkeep]
|turn|12
|
|move|p2a: Klefki|Foul Play|p1a: Conkeldurr
|-resisted|p1a: Conkeldurr
|-damage|p1a: Conkeldurr|135\/352 par
|move|p1a: Conkeldurr|Drain Punch|p2a: Klefki
|-damage|p2a: Klefki|0 fnt
|-heal|p1a: Conkeldurr|193\/352 par|[from] drain|[of] p2a: Klefki
|faint|p2a: Klefki
|
|-weather|RainDance|[upkeep]
|
|switch|p2a: Swampert|Swampert-Mega, F|150\/341
|-damage|p2a: Swampert|108\/341|[from] Spikes
|-damage|p2a: Swampert|87\/341|[from] Stealth Rock
|turn|13
|
|move|p1a: Conkeldurr|Mach Punch|p2a: Swampert
|-damage|p2a: Swampert|0 fnt
|faint|p2a: Swampert
|
|-weather|RainDance|[upkeep]
|
|switch|p2a: Manaphy|Manaphy|404\/404
|-damage|p2a: Manaphy|354\/404|[from] Stealth Rock
|-damage|p2a: Manaphy|304\/404|[from] Spikes
|turn|14
|
|move|p2a: Manaphy|Tail Glow|p2a: Manaphy
|-boost|p2a: Manaphy|spa|3
|move|p1a: Conkeldurr|Drain Punch|p2a: Manaphy
|-damage|p2a: Manaphy|63\/404
|-heal|p1a: Conkeldurr|314\/352 par|[from] drain|[of] p2a: Manaphy
|
|-weather|RainDance|[upkeep]
|-heal|p2a: Manaphy|88\/404|[from] item: Leftovers
|turn|15
|
|move|p1a: Conkeldurr|Mach Punch|p2a: Manaphy
|-crit|p2a: Manaphy
|-damage|p2a: Manaphy|0 fnt
|faint|p2a: Manaphy
|
|-weather|RainDance|[upkeep]
|-message|kianann forfeited.
|
|win|GoodNicksAreGone
|raw|Ladder updating...
|leave|kianann
|player|p2
|raw|GoodNicksAreGone's rating: 1497 &rarr; <strong>1515<\/strong><br \/>(+18 for winning)
|raw|kianann's rating: 1467 &rarr; <strong>1449<\/strong><br \/>(-18 for losing)