|join|Haytunes
|join|kianann
|player|p1|Haytunes|213
|player|p2|kianann|2
|gametype|singles
|gen|6
|tier|OU
|rated
|clearpoke
|poke|p1|Gengar, F
|poke|p1|Azumarill, M
|poke|p1|Scizor, M
|poke|p1|Celebi
|poke|p1|Landorus-Therian, M
|poke|p1|Heatran, M
|poke|p2|Politoed, F
|poke|p2|Swampert, M
|poke|p2|Klefki, F
|poke|p2|Ferrothorn, M
|poke|p2|Landorus, M
|poke|p2|Manaphy
|rule|Swagger Clause: Swagger is banned
|rule|Baton Pass Clause: Limit one PokÃ©mon knowing Baton Pass
|rule|Sleep Clause Mod: Limit one foe put to sleep
|rule|Species Clause: Limit one of each PokÃ©mon
|rule|OHKO Clause: OHKO moves are banned
|rule|Moody Clause: Moody is banned
|rule|Evasion Moves Clause: Evasion moves are banned
|rule|Endless Battle Clause: Forcing endless battles is banned
|rule|HP Percentage Mod: HP is shown in percentages
|teampreview
|
|start
|switch|p1a: Landorus-Therian|Landorus-Therian, M|382\/382
|switch|p2a: Politoed|Politoed, F|342\/342
|-ability|p1a: Landorus-Therian|Intimidate|[of] p2a: Politoed
|-unboost|p2a: Politoed|atk|1
|-weather|RainDance
|turn|1
|
|switch|p1a: Celebi|Celebi|404\/404
|switch|p2a: Manaphy|Manaphy|404\/404
|
|-weather|RainDance|[upkeep]
|turn|2
|
|move|p2a: Manaphy|Tail Glow|p2a: Manaphy
|-boost|p2a: Manaphy|spa|3
|move|p1a: Celebi|Giga Drain|p2a: Manaphy
|-supereffective|p2a: Manaphy
|-damage|p2a: Manaphy|242\/404
|
|-weather|RainDance|[upkeep]
|-heal|p2a: Manaphy|267\/404|[from] item: Leftovers
|turn|3
|
|move|p2a: Manaphy|Tail Glow|p2a: Manaphy
|-boost|p2a: Manaphy|spa|3
|move|p1a: Celebi|Giga Drain|p2a: Manaphy
|-supereffective|p2a: Manaphy
|-damage|p2a: Manaphy|99\/404
|
|-weather|RainDance|[upkeep]
|-heal|p2a: Manaphy|124\/404|[from] item: Leftovers
|turn|4
|
|move|p2a: Manaphy|Rest|p2a: Manaphy
|-status|p2a: Manaphy|slp
|-heal|p2a: Manaphy|404\/404 slp|[silent]
|-status|p2a: Manaphy|slp|[from] move: Rest
|move|p1a: Celebi|Thunder Wave|p2a: Manaphy
|-fail|p2a: Manaphy
|
|-weather|RainDance|[upkeep]
|-curestatus|p2a: Manaphy|slp
|turn|5
|
|move|p2a: Manaphy|Surf|p1a: Celebi
|-resisted|p1a: Celebi
|-damage|p1a: Celebi|125\/404
|move|p1a: Celebi|Giga Drain|p2a: Manaphy
|-supereffective|p2a: Manaphy
|-damage|p2a: Manaphy|218\/404
|-heal|p1a: Celebi|218\/404|[from] drain|[of] p2a: Manaphy
|
|-weather|RainDance|[upkeep]
|-heal|p2a: Manaphy|243\/404|[from] item: Leftovers
|-heal|p1a: Celebi|243\/404|[from] item: Leftovers
|turn|6
|
|move|p2a: Manaphy|Surf|p1a: Celebi
|-resisted|p1a: Celebi
|-damage|p1a: Celebi|0 fnt
|faint|p1a: Celebi
|
|-weather|RainDance|[upkeep]
|-heal|p2a: Manaphy|268\/404|[from] item: Leftovers
|
|switch|p1a: Gengar|Gengar, F|262\/262
|turn|7
|
|move|p1a: Gengar|Destiny Bond|p1a: Gengar
|-singlemove|p1a: Gengar|Destiny Bond
|move|p2a: Manaphy|Rest|p2a: Manaphy
|-status|p2a: Manaphy|slp
|-heal|p2a: Manaphy|404\/404 slp|[silent]
|-status|p2a: Manaphy|slp|[from] move: Rest
|
|-weather|RainDance|[upkeep]
|-curestatus|p2a: Manaphy|slp
|turn|8
|
|move|p1a: Gengar|Destiny Bond|p1a: Gengar
|-singlemove|p1a: Gengar|Destiny Bond
|move|p2a: Manaphy|Tail Glow|p2a: Manaphy
|-fail|p2a: Manaphy
|
|-weather|none
|turn|9
|c|âkianann|6 more
|
|move|p1a: Gengar|Sludge Wave|p2a: Manaphy
|-damage|p2a: Manaphy|236\/404
|move|p2a: Manaphy|Tail Glow|p2a: Manaphy
|-fail|p2a: Manaphy
|
|-heal|p2a: Manaphy|261\/404|[from] item: Leftovers
|turn|10
|
|move|p1a: Gengar|Sludge Wave|p2a: Manaphy
|-damage|p2a: Manaphy|84\/404
|move|p2a: Manaphy|Psychic|p1a: Gengar
|-supereffective|p1a: Gengar
|-damage|p1a: Gengar|0 fnt
|faint|p1a: Gengar
|
|-heal|p2a: Manaphy|109\/404|[from] item: Leftovers
|c|âkianann|yes
|-message|Haytunes forfeited.
|leave|Haytunes
|
|win|kianann
|raw|Ladder updating...
|player|p1
|raw|Haytunes's rating: 1496 &rarr; <strong>1475<\/strong><br \/>(-21 for losing)
|raw|kianann's rating: 1478 &rarr; <strong>1499<\/strong><br \/>(+21 for winning)