|join|innovamania
|join|Dolph The Showoff
|player|p1|innovamania|166
|player|p2|Dolph The Showoff|99
|gametype|singles
|gen|4
|tier|[Gen 4] UU
|rule|Sleep Clause Mod: Limit one foe put to sleep
|rule|Species Clause: Limit one of each PokÃ©mon
|rule|OHKO Clause: OHKO moves are banned
|rule|Moody Clause: Moody is banned
|rule|Evasion Moves Clause: Evasion moves are banned
|rule|Endless Battle Clause: Forcing endless battles is banned
|rule|HP Percentage Mod: HP is shown in percentages
|
|start
|switch|p1a: Jumpluff|Jumpluff, M|354\/354
|switch|p2a: Electrode|Electrode|261\/261
|turn|1
|
|move|p2a: Electrode|Taunt|p1a: Jumpluff
|-start|p1a: Jumpluff|move: Taunt
|cant|p1a: Jumpluff|move: Taunt|Sleep Powder
|
|turn|2
|
|move|p2a: Electrode|Rain Dance|p2a: Electrode
|-weather|RainDance
|move|p1a: Jumpluff|U-turn|p2a: Electrode
|-damage|p2a: Electrode|217\/261
|-status|p1a: Jumpluff|par
|
|switch|p1a: Regirock|Regirock|364\/364
|
|-weather|RainDance|[upkeep]
|turn|3
|
|move|p2a: Electrode|Hidden Power|p1a: Regirock
|-supereffective|p1a: Regirock
|-damage|p1a: Regirock|210\/364
|move|p1a: Regirock|Sunny Day|p1a: Regirock
|-weather|SunnyDay
|
|-weather|SunnyDay|[upkeep]
|turn|4
|
|move|p2a: Electrode|Rain Dance|p2a: Electrode
|-weather|RainDance
|move|p1a: Regirock|Stealth Rock|p2a: Electrode
|-sidestart|p2: Dolph The Showoff|move: Stealth Rock
|
|-weather|RainDance|[upkeep]
|turn|5
|join|CaptainBravo
|
|move|p2a: Electrode|Taunt|p1a: Regirock
|-start|p1a: Regirock|move: Taunt
|move|p1a: Regirock|Explosion|p2a: Electrode
|-damage|p2a: Electrode|0 fnt
|faint|p2a: Electrode
|faint|p1a: Regirock
|
|-weather|RainDance|[upkeep]
|join|TheCanadianWifier
|
|switch|p2a: Gorebyss|Gorebyss, F|251\/251
|switch|p1a: Lickilicky|Lickilicky, F, shiny|424\/424
|-damage|p2a: Gorebyss|220\/251|[from] Stealth Rock
|turn|6
|
|move|p2a: Gorebyss|Hydro Pump|p1a: Lickilicky
|-damage|p1a: Lickilicky|118\/424
|-damage|p2a: Gorebyss|195\/251|[from] item: Life Orb
|move|p1a: Lickilicky|Sunny Day|p1a: Lickilicky
|-weather|SunnyDay
|
|-weather|SunnyDay|[upkeep]
|turn|7
|
|switch|p1a: Jumpluff|Jumpluff, M|354\/354 par
|move|p2a: Gorebyss|Hydro Pump|p1a: Jumpluff
|-resisted|p1a: Jumpluff
|-damage|p1a: Jumpluff|287\/354 par
|-damage|p2a: Gorebyss|170\/251|[from] item: Life Orb
|
|-weather|SunnyDay|[upkeep]
|turn|8
|
|move|p2a: Gorebyss|Ice Beam|p1a: Jumpluff
|-supereffective|p1a: Jumpluff
|-damage|p1a: Jumpluff|0 fnt
|-damage|p2a: Gorebyss|145\/251|[from] item: Life Orb
|faint|p1a: Jumpluff
|
|-weather|SunnyDay|[upkeep]
|
|switch|p1a: Victreebel|Victreebel, M|308\/308
|turn|9
|
|move|p1a: Victreebel|Solar Beam|p2a: Gorebyss|[still]
|-prepare|p1a: Victreebel|Solar Beam|p2a: Gorebyss
|-anim|p1a: Victreebel|Solar Beam|p2a: Gorebyss
|-supereffective|p2a: Gorebyss
|-damage|p2a: Gorebyss|0 fnt
|-damage|p1a: Victreebel|278\/308|[from] item: Life Orb
|faint|p2a: Gorebyss
|
|-weather|SunnyDay|[upkeep]
|
|switch|p2a: Skuntank|Skuntank, M|347\/347
|-damage|p2a: Skuntank|304\/347|[from] Stealth Rock
|turn|10
|join|Can-Eh-Dian
|
|move|p1a: Victreebel|Weather Ball|p2a: Skuntank
|-damage|p2a: Skuntank|0 fnt
|-damage|p1a: Victreebel|248\/308|[from] item: Life Orb
|faint|p2a: Skuntank
|
|-weather|SunnyDay|[upkeep]
|join|bof
|
|switch|p2a: Lickilicky|Lickilicky, M|423\/423
|-damage|p2a: Lickilicky|371\/423|[from] Stealth Rock
|turn|11
|
|move|p1a: Victreebel|Solar Beam|p2a: Lickilicky|[still]
|-prepare|p1a: Victreebel|Solar Beam|p2a: Lickilicky
|-anim|p1a: Victreebel|Solar Beam|p2a: Lickilicky
|-damage|p2a: Lickilicky|101\/423
|-damage|p1a: Victreebel|218\/308|[from] item: Life Orb
|move|p2a: Lickilicky|Rain Dance|p2a: Lickilicky
|-weather|RainDance
|
|-weather|RainDance|[upkeep]
|turn|12
|join|shyguywarrior
|
|move|p1a: Victreebel|Sludge Bomb|p2a: Lickilicky
|-damage|p2a: Lickilicky|0 fnt
|-damage|p1a: Victreebel|188\/308|[from] item: Life Orb
|faint|p2a: Lickilicky
|
|-weather|RainDance|[upkeep]
|join|Bloodz
|
|switch|p2a: Relicanth|Relicanth, F|341\/341
|-damage|p2a: Relicanth|299\/341|[from] Stealth Rock
|turn|13
|join|iplaytennislol
|c| Can-Eh-Dian|252+ SpA Life Orb Victreebel Weather Ball (100 BP Water) vs. 0 HP \/ 0 SpD Relicanth in Rain: 276-325 (80.9 - 95.3%) -- guaranteed 2HKO
|c| iplaytennislol|tf are these sprites
|join|MoB Barley
|c| Can-Eh-Dian|old gens have the old gen sprites
|c|âinnovamania|;_;
|c| TheCanadianWifier|:^]
|
|move|p2a: Relicanth|Stone Edge|p1a: Victreebel
|-damage|p1a: Victreebel|0 fnt
|-damage|p2a: Relicanth|265\/341|[from] item: Life Orb
|faint|p1a: Victreebel
|
|-weather|RainDance|[upkeep]
|c| CaptainBravo|7;^)
|
|switch|p1a: Medicham|Medicham, M|262\/262
|turn|14
|
|move|p1a: Medicham|Fake Out|p2a: Relicanth
|-resisted|p2a: Relicanth
|-damage|p2a: Relicanth|237\/341
|-damage|p1a: Medicham|236\/262|[from] item: Life Orb
|cant|p2a: Relicanth|flinch
|
|-weather|RainDance|[upkeep]
|turn|15
|leave|Bloodz
|join|Beaks
|
|switch|p1a: Lickilicky|Lickilicky, F, shiny|118\/424
|move|p2a: Relicanth|Waterfall|p1a: Lickilicky
|-damage|p1a: Lickilicky|0 fnt
|-damage|p2a: Relicanth|203\/341|[from] item: Life Orb
|faint|p1a: Lickilicky
|
|-weather|RainDance|[upkeep]
|
|switch|p1a: Medicham|Medicham, M|236\/262
|turn|16
|join|DatGuyChuck
|leave|Can-Eh-Dian
|
|move|p1a: Medicham|Fake Out|p2a: Relicanth
|-resisted|p2a: Relicanth
|-damage|p2a: Relicanth|172\/341
|-damage|p1a: Medicham|210\/262|[from] item: Life Orb
|cant|p2a: Relicanth|flinch
|
|-weather|RainDance|[upkeep]
|turn|17
|leave|Beaks
|
|switch|p1a: Charizard|Charizard, M|297\/297
|move|p2a: Relicanth|Waterfall|p1a: Charizard
|-supereffective|p1a: Charizard
|-damage|p1a: Charizard|0 fnt
|-damage|p2a: Relicanth|138\/341|[from] item: Life Orb
|faint|p1a: Charizard
|
|-weather|RainDance|[upkeep]
|
|switch|p1a: Medicham|Medicham, M|210\/262
|turn|18
|
|move|p1a: Medicham|Fake Out|p2a: Relicanth
|-resisted|p2a: Relicanth
|-damage|p2a: Relicanth|109\/341
|-damage|p1a: Medicham|184\/262|[from] item: Life Orb
|cant|p2a: Relicanth|flinch
|
|-weather|none
|turn|19
|join|clay davis
|
|move|p1a: Medicham|Zen Headbutt|p2a: Relicanth
|-damage|p2a: Relicanth|0 fnt
|-damage|p1a: Medicham|158\/262|[from] item: Life Orb
|faint|p2a: Relicanth
|
|
|switch|p2a: Medicham|Medicham, F|261\/261
|-damage|p2a: Medicham|245\/261|[from] Stealth Rock
|turn|20
|
|move|p2a: Medicham|Psycho Cut|p1a: Medicham
|-damage|p1a: Medicham|0 fnt
|faint|p1a: Medicham
|
|win|Dolph The Showoff
|leave|shyguywarrior
|leave|TheCanadianWifier
|c|âDolph The Showoff|GG
|leave|DatGuyChuck
|c|âDolph The Showoff|flen
|leave|Dolph The Showoff
|player|p2
|leave|CaptainBravo
|leave|clay davis
|join|Dolph The Showoff
|leave|Dolph The Showoff
|join|Dolph The Showoff
|leave|innovamania
|player|p1
|leave|Dolph The Showoff
|join|Dolph The Showoff
|leave|MoB Barley