|join|Dolph The Showoff
|join|Can-Eh-Dian
|player|p1|Dolph The Showoff|99
|player|p2|Can-Eh-Dian|281
|gametype|singles
|gen|4
|tier|[Gen 4] UU
|rule|Sleep Clause Mod: Limit one foe put to sleep
|rule|Species Clause: Limit one of each PokÃ©mon
|rule|OHKO Clause: OHKO moves are banned
|rule|Moody Clause: Moody is banned
|rule|Evasion Moves Clause: Evasion moves are banned
|rule|Endless Battle Clause: Forcing endless battles is banned
|rule|HP Percentage Mod: HP is shown in percentages
|
|start
|switch|p1a: Gligar|Gligar, F|271\/271
|switch|p2a: Glalie|Glalie, M|301\/301
|turn|1
|
|move|p1a: Gligar|Taunt|p2a: Glalie
|-start|p2a: Glalie|move: Taunt
|cant|p2a: Glalie|move: Taunt|Taunt
|
|turn|2
|join|QueenOfLuvdiscs
|
|move|p2a: Glalie|Ice Shard|p1a: Gligar
|-supereffective|p1a: Gligar
|-damage|p1a: Gligar|31\/271
|move|p1a: Gligar|Stealth Rock|p2a: Glalie
|-sidestart|p2: Can-Eh-Dian|move: Stealth Rock
|
|turn|3
|
|move|p2a: Glalie|Ice Shard|p1a: Gligar
|-supereffective|p1a: Gligar
|-damage|p1a: Gligar|0 fnt
|faint|p1a: Gligar
|
|-end|p2a: Glalie|move: Taunt
|join|CaptainBravo
|join|iplaytennislol
|
|switch|p1a: Sandslash|Sandslash, F|331\/331
|turn|4
|
|move|p2a: Glalie|Spikes|p1a: Sandslash
|-sidestart|p1: Dolph The Showoff|Spikes
|move|p1a: Sandslash|Rapid Spin|p2a: Glalie
|-damage|p2a: Glalie|275\/301
|-sideend|p1: Dolph The Showoff|Spikes|[from] move: Rapid Spin|[of] p1a: Sandslash
|
|turn|5
|
|move|p2a: Glalie|Spikes|p1a: Sandslash
|-sidestart|p1: Dolph The Showoff|Spikes
|move|p1a: Sandslash|Rapid Spin|p2a: Glalie
|-damage|p2a: Glalie|250\/301
|-sideend|p1: Dolph The Showoff|Spikes|[from] move: Rapid Spin|[of] p1a: Sandslash
|
|turn|6
|
|move|p2a: Glalie|Ice Shard|p1a: Sandslash
|-supereffective|p1a: Sandslash
|-damage|p1a: Sandslash|233\/331
|move|p1a: Sandslash|Rapid Spin|p2a: Glalie
|-damage|p2a: Glalie|222\/301
|
|-heal|p1a: Sandslash|253\/331|[from] item: Leftovers
|turn|7
|
|move|p2a: Glalie|Explosion|p1a: Sandslash
|-damage|p1a: Sandslash|0 fnt
|faint|p1a: Sandslash
|faint|p2a: Glalie
|
|join|000 Testing 000
|
|switch|p2a: Tauros|Tauros, M|291\/291
|switch|p1a: Magmortar|Magmortar, M|291\/291
|-damage|p2a: Tauros|255\/291|[from] Stealth Rock
|-ability|p2a: Tauros|Intimidate|[of] p1a: Magmortar
|-unboost|p1a: Magmortar|atk|1
|turn|8
|leave|000 Testing 000
|
|switch|p1a: Vileplume|Vileplume, M|323\/323
|move|p2a: Tauros|Earthquake|p1a: Vileplume
|-damage|p1a: Vileplume|160\/323
|
|-heal|p1a: Vileplume|180\/323|[from] item: Leftovers
|turn|9
|
|switch|p2a: Haunter|Haunter, F|231\/231
|-damage|p2a: Haunter|203\/231|[from] Stealth Rock
|move|p1a: Vileplume|Synthesis|p1a: Vileplume
|-heal|p1a: Vileplume|323\/323
|
|-heal|p2a: Haunter|217\/231|[from] item: Leftovers
|turn|10
|
|move|p2a: Haunter|Substitute|p2a: Haunter
|-start|p2a: Haunter|Substitute
|-damage|p2a: Haunter|160\/231
|move|p1a: Vileplume|Energy Ball|p2a: Haunter
|-resisted|p2a: Haunter
|-end|p2a: Haunter|Substitute
|
|-heal|p2a: Haunter|174\/231|[from] item: Leftovers
|turn|11
|
|move|p2a: Haunter|Disable|p1a: Vileplume
|-start|p1a: Vileplume|Disable|Energy Ball
|move|p1a: Vileplume|Sleep Powder|p2a: Haunter
|-status|p2a: Haunter|slp
|
|-heal|p2a: Haunter|188\/231 slp|[from] item: Leftovers
|turn|12
|
|switch|p1a: Typhlosion|Typhlosion, F|297\/297
|cant|p2a: Haunter|slp
|
|-heal|p2a: Haunter|202\/231 slp|[from] item: Leftovers
|turn|13
|
|move|p1a: Typhlosion|Eruption|p2a: Haunter
|-damage|p2a: Haunter|0 fnt
|faint|p2a: Haunter
|
|
|switch|p2a: Regirock|Regirock|364\/364
|-damage|p2a: Regirock|319\/364|[from] Stealth Rock
|turn|14
|
|switch|p1a: Vileplume|Vileplume, M|323\/323
|move|p2a: Regirock|Thunder Wave|p1a: Vileplume
|-status|p1a: Vileplume|par
|
|-heal|p2a: Regirock|341\/364|[from] item: Leftovers
|turn|15
|
|switch|p1a: Magmortar|Magmortar, M|291\/291
|move|p2a: Regirock|Stealth Rock|p1a: Magmortar
|-sidestart|p1: Dolph The Showoff|move: Stealth Rock
|
|-heal|p2a: Regirock|363\/364|[from] item: Leftovers
|turn|16
|
|move|p1a: Magmortar|Hidden Power|p2a: Regirock
|-supereffective|p2a: Regirock
|-damage|p2a: Regirock|137\/364
|-damage|p1a: Magmortar|262\/291|[from] item: Life Orb
|move|p2a: Regirock|Rock Slide|p1a: Magmortar
|-supereffective|p1a: Magmortar
|-damage|p1a: Magmortar|32\/291
|
|-heal|p2a: Regirock|159\/364|[from] item: Leftovers
|turn|17
|
|move|p1a: Magmortar|Hidden Power|p2a: Regirock
|-crit|p2a: Regirock
|-supereffective|p2a: Regirock
|-damage|p2a: Regirock|0 fnt
|-damage|p1a: Magmortar|3\/291|[from] item: Life Orb
|faint|p2a: Regirock
|
|
|switch|p2a: Tauros|Tauros, M|255\/291
|-damage|p2a: Tauros|219\/291|[from] Stealth Rock
|-ability|p2a: Tauros|Intimidate|[of] p1a: Magmortar
|-unboost|p1a: Magmortar|atk|1
|turn|18
|
|move|p2a: Tauros|Double-Edge|p1a: Magmortar
|-damage|p1a: Magmortar|0 fnt
|-damage|p2a: Tauros|218\/291|[from] recoil|[of] p1a: Magmortar
|faint|p1a: Magmortar
|
|
|switch|p1a: Typhlosion|Typhlosion, F|297\/297
|-damage|p1a: Typhlosion|223\/297|[from] Stealth Rock
|turn|19
|
|switch|p2a: Slowking|Slowking, M|393\/393
|-damage|p2a: Slowking|344\/393|[from] Stealth Rock
|move|p1a: Typhlosion|Eruption|p2a: Slowking
|-resisted|p2a: Slowking
|-damage|p2a: Slowking|258\/393
|
|turn|20
|
|switch|p1a: Vileplume|Vileplume, M|323\/323 par
|-damage|p1a: Vileplume|283\/323 par|[from] Stealth Rock
|move|p2a: Slowking|Psychic|p1a: Vileplume
|-supereffective|p1a: Vileplume
|-damage|p1a: Vileplume|0 fnt
|faint|p1a: Vileplume
|
|
|switch|p1a: Charizard|Charizard, F|297\/297
|-damage|p1a: Charizard|149\/297|[from] Stealth Rock
|turn|21
|
|move|p1a: Charizard|Thunder Punch|p2a: Slowking
|-supereffective|p2a: Slowking
|-damage|p2a: Slowking|34\/393
|-damage|p1a: Charizard|120\/297|[from] item: Life Orb
|move|p2a: Slowking|Psychic|p1a: Charizard
|-damage|p1a: Charizard|0 fnt
|faint|p1a: Charizard
|
|c| iplaytennislol|420
|c| iplaytennislol|BLAZE 9T
|
|switch|p1a: Typhlosion|Typhlosion, F|223\/297
|-damage|p1a: Typhlosion|149\/297|[from] Stealth Rock
|turn|22
|c| iplaytennislol|IT
|
|move|p1a: Typhlosion|Fire Blast|p2a: Slowking
|-resisted|p2a: Slowking
|-damage|p2a: Slowking|0 fnt
|faint|p2a: Slowking
|
|
|switch|p2a: Tauros|Tauros, M|218\/291
|-damage|p2a: Tauros|182\/291|[from] Stealth Rock
|-ability|p2a: Tauros|Intimidate|[of] p1a: Typhlosion
|-unboost|p1a: Typhlosion|atk|1
|turn|23
|
|move|p1a: Typhlosion|Fire Blast|p2a: Tauros
|-damage|p2a: Tauros|0 fnt
|faint|p2a: Tauros
|
|
|switch|p2a: Pinsir|Pinsir, M|271\/271
|-damage|p2a: Pinsir|204\/271|[from] Stealth Rock
|-ability|p2a: Pinsir|Mold Breaker
|turn|24
|
|move|p1a: Typhlosion|Fire Blast|p2a: Pinsir
|-supereffective|p2a: Pinsir
|-damage|p2a: Pinsir|0 fnt
|faint|p2a: Pinsir
|
|win|Dolph The Showoff
|leave|iplaytennislol
|leave|Can-Eh-Dian
|player|p2
|leave|Dolph The Showoff
|player|p1