|join|Metal Sonic
|join|Dolph The Showoff
|player|p1|Metal Sonic|102
|player|p2|Dolph The Showoff|99
|gametype|singles
|gen|4
|tier|[Gen 4] UU
|rule|Sleep Clause Mod: Limit one foe put to sleep
|rule|Species Clause: Limit one of each PokÃ©mon
|rule|OHKO Clause: OHKO moves are banned
|rule|Moody Clause: Moody is banned
|rule|Evasion Moves Clause: Evasion moves are banned
|rule|Endless Battle Clause: Forcing endless battles is banned
|rule|HP Percentage Mod: HP is shown in percentages
|
|start
|switch|p1a: Charizard|Charizard, F|297\/297
|switch|p2a: Glalie|Glalie, M|301\/301
|turn|1
|join|Captain Bravo
|
|move|p1a: Charizard|Fire Blast|p2a: Glalie
|-supereffective|p2a: Glalie
|-enditem|p2a: Glalie|Focus Sash
|-damage|p2a: Glalie|1\/301
|-damage|p1a: Charizard|268\/297|[from] item: Life Orb
|move|p2a: Glalie|Spikes|p1a: Charizard
|-sidestart|p1: Metal Sonic|Spikes
|
|turn|2
|join|hawt girl irl
|join|finally
|
|move|p2a: Glalie|Ice Shard|p1a: Charizard
|-damage|p1a: Charizard|202\/297
|move|p1a: Charizard|Air Slash|p2a: Glalie
|-damage|p2a: Glalie|0 fnt
|-damage|p1a: Charizard|173\/297|[from] item: Life Orb
|faint|p2a: Glalie
|
|
|switch|p2a: Tauros|Tauros, M|289\/289
|-ability|p2a: Tauros|Intimidate|[of] p1a: Charizard
|-unboost|p1a: Charizard|atk|1
|turn|3
|
|switch|p1a: Armaldo|Armaldo, F|354\/354
|-damage|p1a: Armaldo|310\/354|[from] Spikes
|move|p2a: Tauros|Return|p1a: Armaldo
|-resisted|p1a: Armaldo
|-damage|p1a: Armaldo|235\/354
|-damage|p2a: Tauros|261\/289|[from] item: Life Orb
|
|-heal|p1a: Armaldo|257\/354|[from] item: Leftovers
|turn|4
|leave|finalreading
|
|move|p2a: Tauros|Stone Edge|p1a: Armaldo
|-supereffective|p1a: Armaldo
|-damage|p1a: Armaldo|71\/354
|-damage|p2a: Tauros|233\/289|[from] item: Life Orb
|move|p1a: Armaldo|Rapid Spin|p2a: Tauros
|-crit|p2a: Tauros
|-damage|p2a: Tauros|189\/289
|-sideend|p1: Metal Sonic|Spikes|[from] move: Rapid Spin|[of] p1a: Armaldo
|
|-heal|p1a: Armaldo|93\/354|[from] item: Leftovers
|turn|5
|
|switch|p1a: Slowking|Slowking, F|394\/394
|move|p2a: Tauros|Stone Edge|p1a: Slowking
|-crit|p1a: Slowking
|-damage|p1a: Slowking|116\/394
|-damage|p2a: Tauros|161\/289|[from] item: Life Orb
|
|-heal|p1a: Slowking|140\/394|[from] item: Leftovers
|turn|6
|
|switch|p1a: Armaldo|Armaldo, F|93\/354
|move|p2a: Tauros|Return|p1a: Armaldo
|-resisted|p1a: Armaldo
|-damage|p1a: Armaldo|28\/354
|-damage|p2a: Tauros|133\/289|[from] item: Life Orb
|
|-heal|p1a: Armaldo|50\/354|[from] item: Leftovers
|turn|7
|
|move|p2a: Tauros|Return|p1a: Armaldo
|-resisted|p1a: Armaldo
|-damage|p1a: Armaldo|0 fnt
|-damage|p2a: Tauros|105\/289|[from] item: Life Orb
|faint|p1a: Armaldo
|
|
|switch|p1a: Quagsire|Quagsire, F|394\/394
|turn|8
|join|Winter's Howl
|join|Montsegur
|
|switch|p2a: Regirock|Regirock|351\/351
|move|p1a: Quagsire|Waterfall|p2a: Regirock
|-supereffective|p2a: Regirock
|-damage|p2a: Regirock|259\/351
|
|-heal|p2a: Regirock|280\/351|[from] item: Leftovers
|turn|9
|
|move|p2a: Regirock|Stealth Rock|p1a: Quagsire
|-sidestart|p1: Metal Sonic|move: Stealth Rock
|move|p1a: Quagsire|Curse|p1a: Quagsire
|-boost|p1a: Quagsire|atk|1
|-boost|p1a: Quagsire|def|1
|-unboost|p1a: Quagsire|spe|1
|
|-heal|p2a: Regirock|301\/351|[from] item: Leftovers
|turn|10
|
|move|p2a: Regirock|Explosion|p1a: Quagsire
|-damage|p1a: Quagsire|7\/394
|faint|p2a: Regirock
|move|p1a: Quagsire|Curse|p1a: Quagsire
|-boost|p1a: Quagsire|atk|1
|-boost|p1a: Quagsire|def|1
|-unboost|p1a: Quagsire|spe|1
|
|-heal|p1a: Quagsire|31\/394|[from] item: Leftovers
|join|Can-Eh-Dian
|
|switch|p2a: Tauros|Tauros, M|105\/289
|-ability|p2a: Tauros|Intimidate|[of] p1a: Quagsire
|-unboost|p1a: Quagsire|atk|1
|turn|11
|
|move|p2a: Tauros|Return|p1a: Quagsire
|-damage|p1a: Quagsire|0 fnt
|-damage|p2a: Tauros|77\/289|[from] item: Life Orb
|faint|p1a: Quagsire
|
|
|switch|p1a: Vileplume|Vileplume, M|354\/354
|-damage|p1a: Vileplume|310\/354|[from] Stealth Rock
|turn|12
|
|move|p2a: Tauros|Return|p1a: Vileplume
|-damage|p1a: Vileplume|94\/354
|-damage|p2a: Tauros|49\/289|[from] item: Life Orb
|move|p1a: Vileplume|Sludge Bomb|p2a: Tauros
|-damage|p2a: Tauros|0 fnt
|faint|p2a: Tauros
|
|-heal|p1a: Vileplume|116\/354|[from] item: Leftovers
|
|switch|p2a: Haunter|Haunter, M|231\/231
|turn|13
|
|move|p2a: Haunter|Substitute|p2a: Haunter
|-start|p2a: Haunter|Substitute
|-damage|p2a: Haunter|174\/231
|move|p1a: Vileplume|Leech Seed|p2a: Haunter
|
|-heal|p1a: Vileplume|138\/354|[from] item: Leftovers
|turn|14
|
|move|p2a: Haunter|Shadow Ball|p1a: Vileplume
|-damage|p1a: Vileplume|17\/354
|-damage|p2a: Haunter|151\/231|[from] item: Life Orb
|move|p1a: Vileplume|Energy Ball|p2a: Haunter
|-resisted|p2a: Haunter
|-end|p2a: Haunter|Substitute
|
|-heal|p1a: Vileplume|39\/354|[from] item: Leftovers
|turn|15
|
|move|p2a: Haunter|Shadow Ball|p1a: Vileplume
|-damage|p1a: Vileplume|0 fnt
|-damage|p2a: Haunter|128\/231|[from] item: Life Orb
|faint|p1a: Vileplume
|
|
|switch|p1a: Charizard|Charizard, F|173\/297
|-damage|p1a: Charizard|25\/297|[from] Stealth Rock
|turn|16
|
|switch|p2a: Slowking|Slowking, F|393\/393
|move|p1a: Charizard|Roost|p1a: Charizard
|-heal|p1a: Charizard|174\/297
|
|turn|17
|
|move|p1a: Charizard|Air Slash|p2a: Slowking
|-damage|p2a: Slowking|270\/393
|-damage|p1a: Charizard|145\/297|[from] item: Life Orb
|move|p2a: Slowking|Thunder Wave|p1a: Charizard
|-status|p1a: Charizard|par
|
|-heal|p2a: Slowking|294\/393|[from] item: Leftovers
|turn|18
|
|move|p2a: Slowking|Surf|p1a: Charizard
|-supereffective|p1a: Charizard
|-damage|p1a: Charizard|0 fnt
|faint|p1a: Charizard
|
|-heal|p2a: Slowking|318\/393|[from] item: Leftovers
|
|switch|p1a: Slowking|Slowking, F|140\/394
|-damage|p1a: Slowking|91\/394|[from] Stealth Rock
|turn|19
|
|switch|p2a: Manectric|Manectric, F|281\/281
|move|p1a: Slowking|Slack Off|p1a: Slowking
|-heal|p1a: Slowking|288\/394
|
|-heal|p1a: Slowking|312\/394|[from] item: Leftovers
|turn|20
|
|move|p2a: Manectric|Thunderbolt|p1a: Slowking
|-supereffective|p1a: Slowking
|-damage|p1a: Slowking|6\/394
|move|p1a: Slowking|Surf|p2a: Manectric
|-damage|p2a: Manectric|115\/281
|
|-heal|p1a: Slowking|30\/394|[from] item: Leftovers
|turn|21
|
|move|p2a: Manectric|Thunderbolt|p1a: Slowking
|-supereffective|p1a: Slowking
|-damage|p1a: Slowking|0 fnt
|faint|p1a: Slowking
|
|
|switch|p1a: Medicham|Medicham, F|262\/262
|-damage|p1a: Medicham|246\/262|[from] Stealth Rock
|turn|22
|
|move|p2a: Manectric|Thunderbolt|p1a: Medicham
|-damage|p1a: Medicham|0 fnt
|faint|p1a: Medicham
|
|win|Dolph The Showoff