|join|innovamania
|join|Dolph The Showoff
|player|p1|innovamania|166
|player|p2|Dolph The Showoff|99
|gametype|singles
|gen|4
|tier|[Gen 4] UU
|rule|Sleep Clause Mod: Limit one foe put to sleep
|rule|Species Clause: Limit one of each PokÃ©mon
|rule|OHKO Clause: OHKO moves are banned
|rule|Moody Clause: Moody is banned
|rule|Evasion Moves Clause: Evasion moves are banned
|rule|Endless Battle Clause: Forcing endless battles is banned
|rule|HP Percentage Mod: HP is shown in percentages
|
|start
|switch|p1a: Sneasel|Sneasel, M|251\/251
|switch|p2a: Glalie|Glalie, F|301\/301
|turn|1
|join|TheCanadianWifier
|
|move|p1a: Sneasel|Taunt|p2a: Glalie
|-start|p2a: Glalie|move: Taunt
|cant|p2a: Glalie|move: Taunt|Spikes
|
|turn|2
|join|CaptainBravo
|
|switch|p1a: Kingler|Kingler, M|268\/268
|switch|p2a: Regirock|Regirock|351\/351
|
|turn|3
|
|switch|p2a: Slowking|Slowking, M|393\/393
|move|p1a: Kingler|Crabhammer|p2a: Slowking
|-resisted|p2a: Slowking
|-damage|p2a: Slowking|272\/393
|-damage|p1a: Kingler|242\/268|[from] item: Life Orb
|
|-heal|p2a: Slowking|296\/393|[from] item: Leftovers
|turn|4
|c|âinnovamania|really
|c|âDolph The Showoff|LOLOL
|
|move|p1a: Kingler|Frustration|p2a: Slowking
|-damage|p2a: Slowking|115\/393
|-damage|p1a: Kingler|216\/268|[from] item: Life Orb
|move|p2a: Slowking|Thunder Wave|p1a: Kingler
|-status|p1a: Kingler|par
|
|-heal|p2a: Slowking|139\/393|[from] item: Leftovers
|turn|5
|
|move|p2a: Slowking|Slack Off|p2a: Slowking
|-heal|p2a: Slowking|336\/393
|move|p1a: Kingler|Agility|p1a: Kingler
|-boost|p1a: Kingler|spe|2
|
|-heal|p2a: Slowking|360\/393|[from] item: Leftovers
|turn|6
|
|switch|p2a: Glalie|Glalie, F|301\/301
|cant|p1a: Kingler|par
|
|turn|7
|
|move|p2a: Glalie|Spikes|p1a: Kingler
|-sidestart|p1: innovamania|Spikes
|move|p1a: Kingler|Frustration|p2a: Glalie
|-damage|p2a: Glalie|92\/301
|-damage|p1a: Kingler|190\/268 par|[from] item: Life Orb
|
|turn|8
|
|move|p2a: Glalie|Spikes|p1a: Kingler
|-sidestart|p1: innovamania|Spikes
|move|p1a: Kingler|Frustration|p2a: Glalie
|-damage|p2a: Glalie|0 fnt
|-damage|p1a: Kingler|164\/268 par|[from] item: Life Orb
|faint|p2a: Glalie
|
|
|switch|p2a: Manectric|Manectric, F|281\/281
|turn|9
|
|move|p2a: Manectric|Hidden Power|p1a: Kingler
|-crit|p1a: Kingler
|-supereffective|p1a: Kingler
|-damage|p1a: Kingler|0 fnt
|faint|p1a: Kingler
|
|
|switch|p1a: Charizard|Charizard, M|297\/297
|turn|10
|
|switch|p2a: Slowking|Slowking, M|360\/393
|move|p1a: Charizard|Hidden Power|p2a: Slowking
|-supereffective|p2a: Slowking
|-damage|p2a: Slowking|216\/393
|-damage|p1a: Charizard|268\/297|[from] item: Life Orb
|
|-heal|p2a: Slowking|240\/393|[from] item: Leftovers
|turn|11
|
|switch|p1a: Sneasel|Sneasel, M|251\/251
|-damage|p1a: Sneasel|210\/251|[from] Spikes
|move|p2a: Slowking|Thunder Wave|p1a: Sneasel
|-status|p1a: Sneasel|par
|
|-heal|p2a: Slowking|264\/393|[from] item: Leftovers
|turn|12
|
|move|p2a: Slowking|Surf|p1a: Sneasel
|-damage|p1a: Sneasel|60\/251 par
|cant|p1a: Sneasel|par
|
|-heal|p2a: Slowking|288\/393|[from] item: Leftovers
|turn|13
|
|move|p2a: Slowking|Surf|p1a: Sneasel
|-damage|p1a: Sneasel|0 fnt
|faint|p1a: Sneasel
|
|-heal|p2a: Slowking|312\/393|[from] item: Leftovers
|
|switch|p1a: Manectric|Manectric, M|282\/282
|-damage|p1a: Manectric|235\/282|[from] Spikes
|turn|14
|
|move|p1a: Manectric|Flamethrower|p2a: Slowking
|-resisted|p2a: Slowking
|-damage|p2a: Slowking|268\/393
|-damage|p1a: Manectric|207\/282|[from] item: Life Orb
|move|p2a: Slowking|Thunder Wave|p1a: Manectric
|-status|p1a: Manectric|par
|
|-heal|p2a: Slowking|292\/393|[from] item: Leftovers
|turn|15
|
|move|p2a: Slowking|Surf|p1a: Manectric
|-damage|p1a: Manectric|45\/282 par
|move|p1a: Manectric|Thunderbolt|p2a: Slowking
|-supereffective|p2a: Slowking
|-damage|p2a: Slowking|4\/393
|-damage|p1a: Manectric|17\/282 par|[from] item: Life Orb
|
|-heal|p2a: Slowking|28\/393|[from] item: Leftovers
|turn|16
|
|move|p2a: Slowking|Ice Beam|p1a: Manectric
|-damage|p1a: Manectric|0 fnt
|faint|p1a: Manectric
|
|-heal|p2a: Slowking|52\/393|[from] item: Leftovers
|
|switch|p1a: Medicham|Medicham, M|262\/262
|-damage|p1a: Medicham|219\/262|[from] Spikes
|turn|17
|
|move|p1a: Medicham|High Jump Kick|p2a: Slowking
|-resisted|p2a: Slowking
|-damage|p2a: Slowking|0 fnt
|-damage|p1a: Medicham|193\/262|[from] item: Life Orb
|faint|p2a: Slowking
|
|
|switch|p2a: Tauros|Tauros, M|289\/289
|-ability|p2a: Tauros|Intimidate|[of] p1a: Medicham
|-unboost|p1a: Medicham|atk|1
|turn|18
|
|move|p2a: Tauros|Return|p1a: Medicham
|-damage|p1a: Medicham|0 fnt
|-damage|p2a: Tauros|261\/289|[from] item: Life Orb
|faint|p1a: Medicham
|
|
|switch|p1a: Charizard|Charizard, M|268\/297
|turn|19
|
|move|p2a: Tauros|Return|p1a: Charizard
|-damage|p1a: Charizard|18\/297
|-damage|p2a: Tauros|233\/289|[from] item: Life Orb
|move|p1a: Charizard|Fire Blast|p2a: Tauros
|-crit|p2a: Tauros
|-damage|p2a: Tauros|0 fnt
|-damage|p1a: Charizard|0 fnt|[from] item: Life Orb
|faint|p2a: Tauros
|faint|p1a: Charizard
|
|
|switch|p2a: Haunter|Haunter, F|231\/231
|switch|p1a: Sharpedo|Sharpedo, M|282\/282
|-damage|p1a: Sharpedo|235\/282|[from] Spikes
|turn|20
|
|move|p2a: Haunter|Hidden Power|p1a: Sharpedo
|-crit|p1a: Sharpedo
|-damage|p1a: Sharpedo|0 fnt
|-damage|p2a: Haunter|208\/231|[from] item: Life Orb
|faint|p1a: Sharpedo
|
|win|Dolph The Showoff
|leave|TheCanadianWifier
|join|TheCanadianWifier
|leave|innovamania