|join|azian
|join|Dolph The Showoff
|player|p1|azian|165
|player|p2|Dolph The Showoff|99
|gametype|singles
|gen|6
|tier|UU
|rated
|rule|Sleep Clause Mod: Limit one foe put to sleep
|rule|Species Clause: Limit one of each PokÃ©mon
|rule|OHKO Clause: OHKO moves are banned
|rule|Moody Clause: Moody is banned
|rule|Evasion Moves Clause: Evasion moves are banned
|rule|Endless Battle Clause: Forcing endless battles is banned
|rule|HP Percentage Mod: HP is shown in percentages
|clearpoke
|poke|p1|Krookodile, M
|poke|p1|Lucario, M
|poke|p1|Suicune
|poke|p1|Forretress, F
|poke|p1|Entei, shiny
|poke|p1|Raikou
|poke|p2|Zygarde
|poke|p2|Roserade, F
|poke|p2|Darmanitan, M
|poke|p2|Gligar, M
|poke|p2|Blastoise, M
|poke|p2|Jirachi
|rule|Swagger Clause: Swagger is banned
|rule|Baton Pass Clause: Limit one PokÃ©mon knowing Baton Pass
|teampreview
|join|Tolstoy
|join|Dudeman130498
|
|start
|switch|p1a: Krookodile|Krookodile, M|331\/331
|switch|p2a: Lil Bub|Gligar, M|333\/333
|-ability|p1a: Krookodile|Intimidate|[of] p2a: Lil Bub
|-unboost|p2a: Lil Bub|atk|1
|turn|1
|c| Dudeman130498|classic 4 dogs + crocodile + bagworm
|c|âazian|wait
|c|âazian|ive played this team before
|c|âazian|like twice last night
|c|âazian|the guy who is top uses it. jesus
|
|move|p1a: Krookodile|Knock Off|p2a: Lil Bub
|-crit|p2a: Lil Bub
|-damage|p2a: Lil Bub|149\/333
|-enditem|p2a: Lil Bub|Eviolite|[from] move: Knock Off|[of] p1a: Krookodile
|move|p2a: Lil Bub|Stealth Rock|p1a: Krookodile
|-sidestart|p1: azian|move: Stealth Rock
|
|turn|2
|
|move|p1a: Krookodile|Knock Off|p2a: Lil Bub
|-damage|p2a: Lil Bub|13\/333
|move|p2a: Lil Bub|U-turn|p1a: Krookodile
|-supereffective|p1a: Krookodile
|-damage|p1a: Krookodile|255\/331
|c|âazian|le crit face
|
|switch|p2a: I wnt mega|Blastoise, M|321\/321
|
|turn|3
|
|switch|p1a: Suicune|Suicune|404\/404
|-damage|p1a: Suicune|354\/404|[from] Stealth Rock
|-ability|p1a: Suicune|Pressure
|detailschange|p2a: I wnt mega|Blastoise-Mega, M
|message|Blastoise has Mega Evolved into Mega Blastoise!
|move|p2a: I wnt mega|Dark Pulse|p1a: Suicune
|-damage|p1a: Suicune|215\/404
|
|-heal|p1a: Suicune|240\/404|[from] item: Leftovers
|turn|4
|
|move|p2a: I wnt mega|Dark Pulse|p1a: Suicune
|-damage|p1a: Suicune|103\/404
|move|p1a: Suicune|Calm Mind|p1a: Suicune
|-boost|p1a: Suicune|spa|1
|-boost|p1a: Suicune|spd|1
|
|-heal|p1a: Suicune|128\/404|[from] item: Leftovers
|turn|5
|
|move|p2a: I wnt mega|Dark Pulse|p1a: Suicune
|-damage|p1a: Suicune|35\/404
|move|p1a: Suicune|Rest|p1a: Suicune
|-status|p1a: Suicune|slp
|-heal|p1a: Suicune|404\/404 slp|[silent]
|-status|p1a: Suicune|slp|[from] move: Rest
|
|turn|6
|
|switch|p2a: not hax|Jirachi|341\/341
|switch|p1a: Krookodile|Krookodile, M|255\/331
|-damage|p1a: Krookodile|235\/331|[from] Stealth Rock
|-ability|p1a: Krookodile|Intimidate|[of] p2a: not hax
|-unboost|p2a: not hax|atk|1
|
|turn|7
|
|move|p2a: not hax|U-turn|p1a: Krookodile
|-supereffective|p1a: Krookodile
|-damage|p1a: Krookodile|123\/331
|c|âazian|gg rachi
|
|move|p1a: Krookodile|Pursuit|p2a: not hax|[from]Pursuit
|-supereffective|p2a: not hax
|-damage|p2a: not hax|0 fnt
|faint|p2a: not hax
|
|
|switch|p2a: "BALANCED"|Zygarde|405\/405
|-ability|p2a: "BALANCED"|Aura Break
|turn|8
|c|âazian|this mon
|
|switch|p1a: Lucario|Lucario, M|281\/281
|-damage|p1a: Lucario|273\/281|[from] Stealth Rock
|move|p2a: "BALANCED"|Substitute|p2a: "BALANCED"
|-start|p2a: "BALANCED"|Substitute
|-damage|p2a: "BALANCED"|304\/405
|
|-heal|p2a: "BALANCED"|329\/405|[from] item: Leftovers
|turn|9
|c| Dudeman130498|implying this is a check
|c|âazian|its hardly a check
|c|âazian|i dont have a check for it
|
|move|p1a: Lucario|Vacuum Wave|p2a: "BALANCED"
|-activate|p2a: "BALANCED"|Substitute|[damage]
|-damage|p1a: Lucario|245\/281|[from] item: Life Orb
|move|p2a: "BALANCED"|Earthquake|p1a: Lucario
|-supereffective|p1a: Lucario
|-damage|p1a: Lucario|0 fnt
|faint|p1a: Lucario
|
|-heal|p2a: "BALANCED"|354\/405|[from] item: Leftovers
|c|âazian|>damage
|
|switch|p1a: Krookodile|Krookodile, M|123\/331
|-damage|p1a: Krookodile|103\/331|[from] Stealth Rock
|-activate|p2a: "BALANCED"|Substitute|ability: Intimidate|[of] p1a: Krookodile
|turn|10
|
|move|p1a: Krookodile|Knock Off|p2a: "BALANCED"
|-end|p2a: "BALANCED"|Substitute
|move|p2a: "BALANCED"|Dragon Tail|p1a: Krookodile
|-damage|p1a: Krookodile|13\/331
|drag|p1a: Entei|Entei, shiny|371\/371
|-damage|p1a: Entei|279\/371|[from] Stealth Rock
|-ability|p1a: Entei|Pressure
|
|-heal|p2a: "BALANCED"|379\/405|[from] item: Leftovers
|turn|11
|
|switch|p1a: Krookodile|Krookodile, M|13\/331
|-damage|p1a: Krookodile|0 fnt|[from] Stealth Rock
|faint|p1a: Krookodile
|move|p2a: "BALANCED"|Earthquake|p1: Krookodile|[notarget]
|-notarget
|
|-heal|p2a: "BALANCED"|404\/405|[from] item: Leftovers
|
|switch|p1a: Suicune|Suicune|404\/404 slp
|-damage|p1a: Suicune|354\/404 slp|[from] Stealth Rock
|-ability|p1a: Suicune|Pressure
|turn|12
|
|move|p2a: "BALANCED"|Substitute|p2a: "BALANCED"
|-start|p2a: "BALANCED"|Substitute
|-damage|p2a: "BALANCED"|303\/405
|cant|p1a: Suicune|slp
|move|p1a: Suicune|Sleep Talk|p1a: Suicune
|move|p1a: Suicune|Scald|p2a: "BALANCED"|[from]Sleep Talk
|-crit|p2a: "BALANCED"
|-end|p2a: "BALANCED"|Substitute
|
|-heal|p2a: "BALANCED"|328\/405|[from] item: Leftovers
|-heal|p1a: Suicune|379\/404 slp|[from] item: Leftovers
|turn|13
|c| Tolstoy|riperoni
|
|move|p2a: "BALANCED"|Substitute|p2a: "BALANCED"
|-start|p2a: "BALANCED"|Substitute
|-damage|p2a: "BALANCED"|227\/405
|cant|p1a: Suicune|slp
|move|p1a: Suicune|Sleep Talk|p1a: Suicune
|move|p1a: Suicune|Scald|p2a: "BALANCED"|[from]Sleep Talk
|-activate|p2a: "BALANCED"|Substitute|[damage]
|
|-heal|p2a: "BALANCED"|252\/405|[from] item: Leftovers
|-heal|p1a: Suicune|404\/404 slp|[from] item: Leftovers
|turn|14
|
|-curestatus|p1a: Suicune|slp
|move|p1a: Suicune|Scald|p2a: "BALANCED"
|-end|p2a: "BALANCED"|Substitute
|move|p2a: "BALANCED"|Dragon Tail|p1a: Suicune
|-damage|p1a: Suicune|358\/404
|drag|p1a: Forretress|Forretress, F|354\/354
|-damage|p1a: Forretress|310\/354|[from] Stealth Rock
|
|-heal|p2a: "BALANCED"|277\/405|[from] item: Leftovers
|-heal|p1a: Forretress|332\/354|[from] item: Leftovers
|turn|15
|
|move|p2a: "BALANCED"|Substitute|p2a: "BALANCED"
|-start|p2a: "BALANCED"|Substitute
|-damage|p2a: "BALANCED"|176\/405
|move|p1a: Forretress|Rapid Spin|p2a: "BALANCED"
|-activate|p2a: "BALANCED"|Substitute|[damage]
|-sideend|p1: azian|Stealth Rock|[from] move: Rapid Spin|[of] p1a: Forretress
|
|-heal|p2a: "BALANCED"|201\/405|[from] item: Leftovers
|-heal|p1a: Forretress|354\/354|[from] item: Leftovers
|turn|16
|
|switch|p1a: Suicune|Suicune|358\/404
|-ability|p1a: Suicune|Pressure
|move|p2a: "BALANCED"|Coil|p2a: "BALANCED"
|-boost|p2a: "BALANCED"|atk|1
|-boost|p2a: "BALANCED"|def|1
|-boost|p2a: "BALANCED"|accuracy|1
|
|-heal|p2a: "BALANCED"|226\/405|[from] item: Leftovers
|-heal|p1a: Suicune|383\/404|[from] item: Leftovers
|turn|17
|
|move|p1a: Suicune|Scald|p2a: "BALANCED"
|-activate|p2a: "BALANCED"|Substitute|[damage]
|move|p2a: "BALANCED"|Dragon Tail|p1a: Suicune
|-damage|p1a: Suicune|310\/404
|drag|p1a: Forretress|Forretress, F|354\/354
|
|-heal|p2a: "BALANCED"|251\/405|[from] item: Leftovers
|turn|18
|
|switch|p1a: Suicune|Suicune|310\/404
|-ability|p1a: Suicune|Pressure
|move|p2a: "BALANCED"|Coil|p2a: "BALANCED"
|-boost|p2a: "BALANCED"|atk|1
|-boost|p2a: "BALANCED"|def|1
|-boost|p2a: "BALANCED"|accuracy|1
|
|-heal|p2a: "BALANCED"|276\/405|[from] item: Leftovers
|-heal|p1a: Suicune|335\/404|[from] item: Leftovers
|turn|19
|c|âazian|god damn it forretress
|c|âazian|fuck off
|
|move|p2a: "BALANCED"|Coil|p2a: "BALANCED"
|-boost|p2a: "BALANCED"|atk|1
|-boost|p2a: "BALANCED"|def|1
|-boost|p2a: "BALANCED"|accuracy|1
|move|p1a: Suicune|Scald|p2a: "BALANCED"
|-end|p2a: "BALANCED"|Substitute
|
|-heal|p2a: "BALANCED"|301\/405|[from] item: Leftovers
|-heal|p1a: Suicune|360\/404|[from] item: Leftovers
|turn|20
|
|move|p2a: "BALANCED"|Substitute|p2a: "BALANCED"
|-start|p2a: "BALANCED"|Substitute
|-damage|p2a: "BALANCED"|200\/405
|move|p1a: Suicune|Calm Mind|p1a: Suicune
|-boost|p1a: Suicune|spa|1
|-boost|p1a: Suicune|spd|1
|
|-heal|p2a: "BALANCED"|225\/405|[from] item: Leftovers
|-heal|p1a: Suicune|385\/404|[from] item: Leftovers
|turn|21
|
|move|p1a: Suicune|Scald|p2a: "BALANCED"
|-crit|p2a: "BALANCED"
|-end|p2a: "BALANCED"|Substitute
|move|p2a: "BALANCED"|Dragon Tail|p1a: Suicune
|-damage|p1a: Suicune|270\/404
|drag|p1a: Raikou|Raikou|322\/322
|-ability|p1a: Raikou|Pressure
|
|-heal|p2a: "BALANCED"|250\/405|[from] item: Leftovers
|turn|22
|
|switch|p2a: Lil Bub|Gligar, M|13\/333
|move|p1a: Raikou|Extrasensory|p2a: Lil Bub
|-damage|p2a: Lil Bub|0 fnt
|faint|p2a: Lil Bub
|
|
|switch|p2a: "RESIST"|Darmanitan, M|351\/351
|turn|23
|
|move|p1a: Raikou|Volt Switch|p2a: "RESIST"
|-crit|p2a: "RESIST"
|-damage|p2a: "RESIST"|89\/351
|
|switch|p1a: Forretress|Forretress, F|354\/354
|move|p2a: "RESIST"|Flare Blitz|p1a: Forretress
|-supereffective|p1a: Forretress
|-activate|p1a: Forretress|Sturdy
|-damage|p1a: Forretress|1\/354
|-damage|p2a: "RESIST"|0 fnt|[from] recoil|[of] p1a: Forretress
|faint|p2a: "RESIST"
|
|-heal|p1a: Forretress|23\/354|[from] item: Leftovers
|
|switch|p2a: "BALANCED"|Zygarde|250\/405
|-ability|p2a: "BALANCED"|Aura Break
|turn|24
|
|switch|p1a: Suicune|Suicune|270\/404
|-ability|p1a: Suicune|Pressure
|move|p2a: "BALANCED"|Substitute|p2a: "BALANCED"
|-start|p2a: "BALANCED"|Substitute
|-damage|p2a: "BALANCED"|149\/405
|
|-heal|p2a: "BALANCED"|174\/405|[from] item: Leftovers
|-heal|p1a: Suicune|295\/404|[from] item: Leftovers
|turn|25
|
|move|p1a: Suicune|Scald|p2a: "BALANCED"
|-activate|p2a: "BALANCED"|Substitute|[damage]
|move|p2a: "BALANCED"|Dragon Tail|p1a: Suicune
|-damage|p1a: Suicune|252\/404
|drag|p1a: Entei|Entei, shiny|279\/371
|-ability|p1a: Entei|Pressure
|
|-heal|p2a: "BALANCED"|199\/405|[from] item: Leftovers
|turn|26
|
|move|p1a: Entei|Extreme Speed|p2a: "BALANCED"
|-end|p2a: "BALANCED"|Substitute
|move|p2a: "BALANCED"|Coil|p2a: "BALANCED"
|-boost|p2a: "BALANCED"|atk|1
|-boost|p2a: "BALANCED"|def|1
|-boost|p2a: "BALANCED"|accuracy|1
|
|-heal|p2a: "BALANCED"|224\/405|[from] item: Leftovers
|turn|27
|
|switch|p1a: Suicune|Suicune|252\/404
|-ability|p1a: Suicune|Pressure
|move|p2a: "BALANCED"|Earthquake|p1a: Suicune
|-damage|p1a: Suicune|138\/404
|
|-heal|p2a: "BALANCED"|249\/405|[from] item: Leftovers
|-heal|p1a: Suicune|163\/404|[from] item: Leftovers
|turn|28
|
|move|p2a: "BALANCED"|Substitute|p2a: "BALANCED"
|-start|p2a: "BALANCED"|Substitute
|-damage|p2a: "BALANCED"|148\/405
|move|p1a: Suicune|Scald|p2a: "BALANCED"
|-activate|p2a: "BALANCED"|Substitute|[damage]
|
|-heal|p2a: "BALANCED"|173\/405|[from] item: Leftovers
|-heal|p1a: Suicune|188\/404|[from] item: Leftovers
|turn|29
|
|move|p2a: "BALANCED"|Earthquake|p1a: Suicune
|-damage|p1a: Suicune|71\/404
|move|p1a: Suicune|Scald|p2a: "BALANCED"
|-end|p2a: "BALANCED"|Substitute
|
|-heal|p2a: "BALANCED"|198\/405|[from] item: Leftovers
|-heal|p1a: Suicune|96\/404|[from] item: Leftovers
|turn|30
|
|switch|p1a: Forretress|Forretress, F|23\/354
|move|p2a: "BALANCED"|Earthquake|p1a: Forretress
|-damage|p1a: Forretress|0 fnt
|faint|p1a: Forretress
|
|-heal|p2a: "BALANCED"|223\/405|[from] item: Leftovers
|
|switch|p1a: Suicune|Suicune|96\/404
|-ability|p1a: Suicune|Pressure
|turn|31
|
|move|p2a: "BALANCED"|Earthquake|p1a: Suicune
|-damage|p1a: Suicune|0 fnt
|faint|p1a: Suicune
|
|-heal|p2a: "BALANCED"|248\/405|[from] item: Leftovers
|c|âDolph The Showoff|why
|c| Tolstoy|wrong doge?
|
|switch|p1a: Raikou|Raikou|322\/322
|-ability|p1a: Raikou|Pressure
|turn|32
|c|âazian|it doesnt really matter
|c| Tolstoy|anyone can see
|c|âazian|played right this sweeps my team
|
|move|p1a: Raikou|Extrasensory|p2a: "BALANCED"
|-damage|p2a: "BALANCED"|171\/405
|move|p2a: "BALANCED"|Earthquake|p1a: Raikou
|-supereffective|p1a: Raikou
|-damage|p1a: Raikou|0 fnt
|faint|p1a: Raikou
|
|-heal|p2a: "BALANCED"|196\/405|[from] item: Leftovers
|
|switch|p1a: Entei|Entei, shiny|279\/371
|-ability|p1a: Entei|Pressure
|turn|33
|
|move|p2a: "BALANCED"|Earthquake|p1a: Entei
|-supereffective|p1a: Entei
|-damage|p1a: Entei|0 fnt
|faint|p1a: Entei
|
|win|Dolph The Showoff
|raw|Ladder updating...
|raw|azian's rating: 1648 &rarr; <strong>1617<\/strong><br \/>(-31 for losing)
|raw|Dolph The Showoff's rating: 1430 &rarr; <strong>1461<\/strong><br \/>(+31 for winning)
|leave|Tolstoy
|leave|azian
|player|p1
|join|BIG SCHLONG MCDONG
|leave|BIG SCHLONG MCDONG
|join|BIG SCHLONG MCDONG
|leave|BIG SCHLONG MCDONG
|join|BIG SCHLONG MCDONG