|join|theraggedbaron
|join|Dolph The Showoff
|player|p1|theraggedbaron|161
|player|p2|Dolph The Showoff|99
|gametype|singles
|gen|6
|tier|UU
|rated
|rule|Sleep Clause Mod: Limit one foe put to sleep
|rule|Species Clause: Limit one of each PokÃ©mon
|rule|OHKO Clause: OHKO moves are banned
|rule|Moody Clause: Moody is banned
|rule|Evasion Moves Clause: Evasion moves are banned
|rule|Endless Battle Clause: Forcing endless battles is banned
|rule|HP Percentage Mod: HP is shown in percentages
|clearpoke
|poke|p1|Raikou
|poke|p1|Umbreon, M
|poke|p1|Swampert, M
|poke|p1|Pidgeot, M
|poke|p1|Toxicroak, F
|poke|p1|Haxorus, F
|poke|p2|Alakazam, M
|poke|p2|Vaporeon, F
|poke|p2|Crobat, M
|poke|p2|Hippowdon, M
|poke|p2|Hydreigon, M
|poke|p2|Mienshao, F
|rule|Swagger Clause: Swagger is banned
|rule|Baton Pass Clause: Limit one PokÃ©mon knowing Baton Pass
|teampreview
|
|start
|switch|p1a: Pidgeot|Pidgeot, M|308\/308
|switch|p2a: Mienshao|Mienshao, F|271\/271
|turn|1
|join|Captain Bravo
|
|detailschange|p1a: Pidgeot|Pidgeot-Mega, M
|-mega|p1a: Pidgeot|Pidgeot|Pidgeotite
|move|p2a: Mienshao|High Jump Kick|p1a: Pidgeot
|-damage|p1a: Pidgeot|0 fnt
|faint|p1a: Pidgeot
|
|c| Captain Bravo|where's the protect
|join|Kayo
|
|switch|p1a: Swampert|Swampert, M|401\/401
|turn|2
|
|switch|p2a: Crobat|Crobat, M|373\/373
|move|p1a: Swampert|Scald|p2a: Crobat
|-damage|p2a: Crobat|280\/373
|
|-heal|p2a: Crobat|303\/373|[from] item: Black Sludge
|turn|3
|
|move|p2a: Crobat|Toxic|p1a: Swampert
|-status|p1a: Swampert|tox
|move|p1a: Swampert|Scald|p2a: Crobat
|-damage|p2a: Crobat|207\/373
|
|-heal|p2a: Crobat|230\/373|[from] item: Black Sludge
|-damage|p1a: Swampert|376\/401 tox|[from] psn
|turn|4
|
|move|p2a: Crobat|Brave Bird|p1a: Swampert
|-damage|p1a: Swampert|276\/401 tox
|-damage|p2a: Crobat|197\/373|[from] recoil|[of] p1a: Swampert
|move|p1a: Swampert|Scald|p2a: Crobat
|-damage|p2a: Crobat|115\/373
|
|-heal|p2a: Crobat|138\/373|[from] item: Black Sludge
|-heal|p1a: Swampert|301\/401 tox|[from] item: Leftovers
|-damage|p1a: Swampert|251\/401 tox|[from] psn
|turn|5
|
|switch|p1a: Umbreon|Umbreon, M|394\/394
|move|p2a: Crobat|Roost|p2a: Crobat
|-heal|p2a: Crobat|325\/373
|
|-heal|p2a: Crobat|348\/373|[from] item: Black Sludge
|turn|6
|
|move|p2a: Crobat|Toxic|p1a: Umbreon
|-status|p1a: Umbreon|tox
|move|p1a: Umbreon|Heal Bell|p1a: Umbreon
|-cureteam|p1a: Umbreon|[from] move: HealBell
|
|-heal|p2a: Crobat|371\/373|[from] item: Black Sludge
|turn|7
|
|move|p2a: Crobat|Toxic|p1a: Umbreon
|-status|p1a: Umbreon|tox
|move|p1a: Umbreon|Foul Play|p2a: Crobat
|-damage|p2a: Crobat|233\/373
|
|-heal|p2a: Crobat|256\/373|[from] item: Black Sludge
|-damage|p1a: Umbreon|370\/394 tox|[from] psn
|turn|8
|
|move|p2a: Crobat|Brave Bird|p1a: Umbreon
|-damage|p1a: Umbreon|250\/394 tox
|-damage|p2a: Crobat|216\/373|[from] recoil|[of] p1a: Umbreon
|move|p1a: Umbreon|Foul Play|p2a: Crobat
|-damage|p2a: Crobat|81\/373
|
|-heal|p2a: Crobat|104\/373|[from] item: Black Sludge
|-heal|p1a: Umbreon|274\/394 tox|[from] item: Leftovers
|-damage|p1a: Umbreon|226\/394 tox|[from] psn
|turn|9
|
|move|p2a: Crobat|Roost|p2a: Crobat
|-heal|p2a: Crobat|291\/373
|move|p1a: Umbreon|Wish|p1a: Umbreon
|
|-heal|p2a: Crobat|314\/373|[from] item: Black Sludge
|-heal|p1a: Umbreon|250\/394 tox|[from] item: Leftovers
|-damage|p1a: Umbreon|178\/394 tox|[from] psn
|turn|10
|
|move|p2a: Crobat|Brave Bird|p1a: Umbreon
|-damage|p1a: Umbreon|49\/394 tox
|-damage|p2a: Crobat|271\/373|[from] recoil|[of] p1a: Umbreon
|move|p1a: Umbreon|Heal Bell|p1a: Umbreon
|-cureteam|p1a: Umbreon|[from] move: HealBell
|
|-heal|p1a: Umbreon|246\/394|[from] move: Wish|[wisher] Umbreon
|-heal|p2a: Crobat|294\/373|[from] item: Black Sludge
|-heal|p1a: Umbreon|270\/394|[from] item: Leftovers
|turn|11
|
|move|p2a: Crobat|Toxic|p1a: Umbreon
|-status|p1a: Umbreon|tox
|move|p1a: Umbreon|Foul Play|p2a: Crobat
|-damage|p2a: Crobat|152\/373
|
|-heal|p2a: Crobat|175\/373|[from] item: Black Sludge
|-heal|p1a: Umbreon|294\/394 tox|[from] item: Leftovers
|-damage|p1a: Umbreon|270\/394 tox|[from] psn
|turn|12
|
|move|p2a: Crobat|Roost|p2a: Crobat
|-heal|p2a: Crobat|362\/373
|move|p1a: Umbreon|Wish|p1a: Umbreon
|
|-heal|p2a: Crobat|373\/373|[from] item: Black Sludge
|-heal|p1a: Umbreon|294\/394 tox|[from] item: Leftovers
|-damage|p1a: Umbreon|246\/394 tox|[from] psn
|turn|13
|
|move|p2a: Crobat|Brave Bird|p1a: Umbreon
|-damage|p1a: Umbreon|116\/394 tox
|-damage|p2a: Crobat|330\/373|[from] recoil|[of] p1a: Umbreon
|move|p1a: Umbreon|Heal Bell|p1a: Umbreon
|-cureteam|p1a: Umbreon|[from] move: HealBell
|
|-heal|p1a: Umbreon|313\/394|[from] move: Wish|[wisher] Umbreon
|-heal|p2a: Crobat|353\/373|[from] item: Black Sludge
|-heal|p1a: Umbreon|337\/394|[from] item: Leftovers
|turn|14
|
|move|p2a: Crobat|Toxic|p1a: Umbreon
|-status|p1a: Umbreon|tox
|move|p1a: Umbreon|Wish|p1a: Umbreon
|
|-heal|p2a: Crobat|373\/373|[from] item: Black Sludge
|-heal|p1a: Umbreon|361\/394 tox|[from] item: Leftovers
|-damage|p1a: Umbreon|337\/394 tox|[from] psn
|turn|15
|c|+Kayo|I like pokemon battles
|c|+Kayo|they are exciting
|c| Captain Bravo|\/me going to get the popcorn for everyone
|
|switch|p1a: Raikou|Raikou|322\/322
|-ability|p1a: Raikou|Pressure
|move|p2a: Crobat|Brave Bird|p1a: Raikou
|-resisted|p1a: Raikou
|-damage|p1a: Raikou|238\/322
|-damage|p2a: Crobat|345\/373|[from] recoil|[of] p1a: Raikou
|
|-heal|p1a: Raikou|322\/322|[from] move: Wish|[wisher] Umbreon
|-heal|p2a: Crobat|368\/373|[from] item: Black Sludge
|turn|16
|
|switch|p2a: Hippowdon|Hippowdon, M|419\/419
|-weather|Sandstorm
|move|p1a: Raikou|Hidden Power|p2a: Hippowdon
|-supereffective|p2a: Hippowdon
|-damage|p2a: Hippowdon|271\/419
|
|-weather|Sandstorm|[upkeep]
|-damage|p1a: Raikou|302\/322|[from] sandstorm
|-heal|p2a: Hippowdon|297\/419|[from] item: Leftovers
|turn|17
|
|switch|p1a: Swampert|Swampert, M|251\/401
|move|p2a: Hippowdon|Stealth Rock|p1a: Swampert
|-sidestart|p1: theraggedbaron|move: Stealth Rock
|
|-weather|Sandstorm|[upkeep]
|-heal|p1a: Swampert|276\/401|[from] item: Leftovers
|-heal|p2a: Hippowdon|323\/419|[from] item: Leftovers
|turn|18
|
|switch|p2a: Lukewarm|Vaporeon, F|449\/449
|move|p1a: Swampert|Stealth Rock|p2a: Lukewarm
|-sidestart|p2: Dolph The Showoff|move: Stealth Rock
|
|-weather|Sandstorm|[upkeep]
|-damage|p2a: Lukewarm|421\/449|[from] sandstorm
|-heal|p2a: Lukewarm|449\/449|[from] item: Leftovers
|-heal|p1a: Swampert|301\/401|[from] item: Leftovers
|turn|19
|
|move|p2a: Lukewarm|Scald|p1a: Swampert
|-damage|p1a: Swampert|184\/401
|-status|p1a: Swampert|brn
|move|p1a: Swampert|Toxic|p2a: Lukewarm
|-status|p2a: Lukewarm|tox
|
|-weather|Sandstorm|[upkeep]
|-damage|p2a: Lukewarm|421\/449 tox|[from] sandstorm
|-heal|p2a: Lukewarm|449\/449 tox|[from] item: Leftovers
|-heal|p1a: Swampert|209\/401 brn|[from] item: Leftovers
|-damage|p2a: Lukewarm|421\/449 tox|[from] psn
|-damage|p1a: Swampert|159\/401 brn|[from] brn
|turn|20
|
|switch|p1a: Umbreon|Umbreon, M|337\/394 tox
|-damage|p1a: Umbreon|288\/394 tox|[from] Stealth Rock
|move|p2a: Lukewarm|Heal Bell|p2a: Lukewarm
|-cureteam|p2a: Lukewarm|[from] move: HealBell
|
|-weather|none
|-heal|p1a: Umbreon|312\/394 tox|[from] item: Leftovers
|-heal|p2a: Lukewarm|449\/449|[from] item: Leftovers
|-damage|p1a: Umbreon|288\/394 tox|[from] psn
|turn|21
|join|Mayx
|
|switch|p2a: Crobat|Crobat, M|368\/373
|-damage|p2a: Crobat|275\/373|[from] Stealth Rock
|move|p1a: Umbreon|Heal Bell|p1a: Umbreon
|-cureteam|p1a: Umbreon|[from] move: HealBell
|
|-heal|p2a: Crobat|298\/373|[from] item: Black Sludge
|-heal|p1a: Umbreon|312\/394|[from] item: Leftovers
|turn|22
|
|move|p1a: Umbreon|Protect|p1a: Umbreon
|-singleturn|p1a: Umbreon|Protect
|move|p2a: Crobat|Toxic|p1a: Umbreon
|-activate|p1a: Umbreon|Protect
|
|-heal|p2a: Crobat|321\/373|[from] item: Black Sludge
|-heal|p1a: Umbreon|336\/394|[from] item: Leftovers
|turn|23
|join|Not Helloooo
|
|switch|p1a: Haxorus|Haxorus, F|294\/294
|-damage|p1a: Haxorus|258\/294|[from] Stealth Rock
|-ability|p1a: Haxorus|Mold Breaker
|move|p2a: Crobat|Toxic|p1a: Haxorus
|-status|p1a: Haxorus|tox
|-enditem|p1a: Haxorus|Lum Berry|[eat]
|-curestatus|p1a: Haxorus|tox
|
|-heal|p2a: Crobat|344\/373|[from] item: Black Sludge
|turn|24
|
|switch|p2a: Hippowdon|Hippowdon, M|323\/419
|-damage|p2a: Hippowdon|297\/419|[from] Stealth Rock
|-weather|Sandstorm
|move|p1a: Haxorus|Dragon Dance|p1a: Haxorus
|-boost|p1a: Haxorus|atk|1
|-boost|p1a: Haxorus|spe|1
|
|-weather|Sandstorm|[upkeep]
|-damage|p1a: Haxorus|240\/294|[from] sandstorm
|-heal|p2a: Hippowdon|323\/419|[from] item: Leftovers
|turn|25
|c| Captain Bravo|omg
|c| Captain Bravo|this
|c| Captain Bravo|battle
|c| Captain Bravo|is
|c| Captain Bravo|too
|c| Captain Bravo|damn
|c|+Kayo|ugly
|c| Captain Bravo|long
|
|move|p1a: Haxorus|Swords Dance|p1a: Haxorus
|-boost|p1a: Haxorus|atk|2
|move|p2a: Hippowdon|Slack Off|p2a: Hippowdon
|-heal|p2a: Hippowdon|419\/419
|
|-weather|Sandstorm|[upkeep]
|-damage|p1a: Haxorus|222\/294|[from] sandstorm
|turn|26
|c| Captain Bravo|lol
|c|+Kayo|HE HAS BOTH
|c| Captain Bravo|double dance!\
|
|switch|p2a: Hydreigon|Hydreigon, M|325\/325
|-damage|p2a: Hydreigon|285\/325|[from] Stealth Rock
|move|p1a: Haxorus|Dragon Dance|p1a: Haxorus
|-boost|p1a: Haxorus|atk|1
|-boost|p1a: Haxorus|spe|1
|
|-weather|Sandstorm|[upkeep]
|-damage|p1a: Haxorus|204\/294|[from] sandstorm
|-damage|p2a: Hydreigon|265\/325|[from] sandstorm
|turn|27
|-message|Dolph The Showoff forfeited.
|leave|Dolph The Showoff
|c|+Kayo|THE LORD
|c| Captain Bravo|end this monstrosity
|
|win|theraggedbaron
|raw|Ladder updating...
|raw|theraggedbaron's rating: 1158 &rarr; <strong>1175<\/strong><br \/>(+17 for winning)
|raw|Dolph The Showoff's rating: 1040 &rarr; <strong>1029<\/strong><br \/>(-11 for losing)
|player|p2
|c|+Kayo|HAS ARRVIED
|leave|Mayx
|leave|Not Helloooo
|leave|Kayo