|join|Xavipato
|join|dolph the showoff
|player|p1|Xavipato|3
|player|p2|dolph the showoff|99
|gametype|singles
|gen|6
|tier|UU
|rated
|rule|Sleep Clause Mod: Limit one foe put to sleep
|rule|Species Clause: Limit one of each PokÃ©mon
|rule|OHKO Clause: OHKO moves are banned
|rule|Moody Clause: Moody is banned
|rule|Evasion Moves Clause: Evasion moves are banned
|rule|Endless Battle Clause: Forcing endless battles is banned
|rule|HP Percentage Mod: HP is shown in percentages
|clearpoke
|poke|p1|Donphan, F
|poke|p1|Darmanitan, M
|poke|p1|Tentacruel, F
|poke|p1|Galvantula, M
|poke|p1|Hydreigon, M
|poke|p1|Crobat, M
|poke|p2|Mienshao, M
|poke|p2|Raikou
|poke|p2|Crobat, M
|poke|p2|Krookodile, M
|poke|p2|Hydreigon, M
|poke|p2|Snorlax, M
|rule|Swagger Clause: Swagger is banned
|rule|Baton Pass Clause: Limit one PokÃ©mon knowing Baton Pass
|teampreview
|
|start
|switch|p1a: Galvantula|Galvantula, M|281\/281
|switch|p2a: Landbat|Crobat, M|371\/371
|turn|1
|
|move|p2a: Landbat|U-turn|p1a: Galvantula
|-damage|p1a: Galvantula|197\/281
|
|switch|p2a: Whiskers|Mienshao, M|271\/271
|move|p1a: Galvantula|Sticky Web|p2a: Whiskers
|-sidestart|p2: dolph the showoff|move: Sticky Web
|
|turn|2
|join|Bonsiu007
|
|move|p2a: Whiskers|Stone Edge|p1a: Galvantula
|-supereffective|p1a: Galvantula
|-damage|p1a: Galvantula|0 fnt
|faint|p1a: Galvantula
|
|
|switch|p1a: Hydreigon|Hydreigon, M|325\/325
|turn|3
|
|switch|p2a: Javier|Snorlax, M|497\/497
|-activate|p2a: Javier|move: Sticky Web
|-unboost|p2a: Javier|spe|1
|move|p1a: Hydreigon|Draco Meteor|p2a: Javier
|-damage|p2a: Javier|286\/497
|-unboost|p1a: Hydreigon|spa|2
|-damage|p1a: Hydreigon|293\/325|[from] item: Life Orb
|
|-heal|p2a: Javier|317\/497|[from] item: Leftovers
|turn|4
|
|move|p1a: Hydreigon|Superpower|p2a: Javier
|-supereffective|p2a: Javier
|-damage|p2a: Javier|0 fnt
|-unboost|p1a: Hydreigon|atk|1
|-unboost|p1a: Hydreigon|def|1
|-damage|p1a: Hydreigon|261\/325|[from] item: Life Orb
|faint|p2a: Javier
|
|
|switch|p2a: Landbat|Crobat, M|371\/371
|turn|5
|
|switch|p1a: Crobat|Crobat, M|311\/311
|move|p2a: Landbat|Defog|p1a: Crobat
|-unboost|p1a: Crobat|evasion|1
|-sideend|p2: dolph the showoff|Sticky Web|[from] move: Defog|[of] p2a: Landbat
|
|turn|6
|
|move|p1a: Crobat|Nasty Plot|p1a: Crobat
|-boost|p1a: Crobat|spa|2
|move|p2a: Landbat|Brave Bird|p1a: Crobat
|-damage|p1a: Crobat|130\/311
|-damage|p2a: Landbat|311\/371|[from] recoil|[of] p1a: Crobat
|
|-heal|p2a: Landbat|334\/371|[from] item: Black Sludge
|turn|7
|
|move|p1a: Crobat|Heat Wave|p2a: Landbat
|-damage|p2a: Landbat|107\/371
|-damage|p1a: Crobat|99\/311|[from] item: Life Orb
|move|p2a: Landbat|Brave Bird|p1a: Crobat
|-crit|p1a: Crobat
|-damage|p1a: Crobat|0 fnt
|-damage|p2a: Landbat|74\/371|[from] recoil|[of] p1a: Crobat
|faint|p1a: Crobat
|
|-heal|p2a: Landbat|97\/371|[from] item: Black Sludge
|
|switch|p1a: Donphan|Donphan, F|321\/321
|turn|8
|
|move|p1a: Donphan|Ice Shard|p2a: Landbat
|-supereffective|p2a: Landbat
|-damage|p2a: Landbat|0 fnt
|faint|p2a: Landbat
|
|
|switch|p2a: Tranquilo|Krookodile, M|331\/331
|-ability|p2a: Tranquilo|Intimidate|[of] p1a: Donphan
|-unboost|p1a: Donphan|atk|1
|turn|9
|
|switch|p1a: Hydreigon|Hydreigon, M|261\/325
|move|p2a: Tranquilo|Knock Off|p1a: Hydreigon
|-resisted|p1a: Hydreigon
|-damage|p1a: Hydreigon|160\/325
|-enditem|p1a: Hydreigon|Life Orb|[from] move: Knock Off|[of] p2a: Tranquilo
|
|turn|10
|
|move|p2a: Tranquilo|Stealth Rock|p1a: Hydreigon
|-sidestart|p1: Xavipato|move: Stealth Rock
|move|p1a: Hydreigon|Superpower|p2a: Tranquilo
|-supereffective|p2a: Tranquilo
|-damage|p2a: Tranquilo|61\/331
|-unboost|p1a: Hydreigon|atk|1
|-unboost|p1a: Hydreigon|def|1
|
|turn|11
|
|move|p2a: Tranquilo|Knock Off|p1a: Hydreigon
|-crit|p1a: Hydreigon
|-resisted|p1a: Hydreigon
|-damage|p1a: Hydreigon|4\/325
|move|p1a: Hydreigon|Dark Pulse|p2a: Tranquilo
|-resisted|p2a: Tranquilo
|-damage|p2a: Tranquilo|0 fnt
|faint|p2a: Tranquilo
|
|
|switch|p2a: Whiskers|Mienshao, M|271\/271
|turn|12
|
|move|p2a: Whiskers|U-turn|p1a: Hydreigon
|-supereffective|p1a: Hydreigon
|-damage|p1a: Hydreigon|0 fnt
|faint|p1a: Hydreigon
|
|switch|p2a: Three Amigos|Hydreigon, M|325\/325
|
|
|switch|p1a: Tentacruel|Tentacruel, F|301\/301
|-damage|p1a: Tentacruel|264\/301|[from] Stealth Rock
|turn|13
|
|move|p1a: Tentacruel|Swords Dance|p1a: Tentacruel
|-boost|p1a: Tentacruel|atk|2
|move|p2a: Three Amigos|Dark Pulse|p1a: Tentacruel
|-damage|p1a: Tentacruel|115\/301
|-damage|p2a: Three Amigos|293\/325|[from] item: Life Orb
|
|turn|14
|
|switch|p2a: HOOOOOOO|Raikou|321\/321
|-ability|p2a: HOOOOOOO|Pressure
|move|p1a: Tentacruel|Poison Jab|p2a: HOOOOOOO
|-damage|p2a: HOOOOOOO|25\/321
|-damage|p1a: Tentacruel|85\/301|[from] item: Life Orb
|
|turn|15
|
|move|p2a: HOOOOOOO|Thunderbolt|p1a: Tentacruel
|-supereffective|p1a: Tentacruel
|-damage|p1a: Tentacruel|0 fnt
|faint|p1a: Tentacruel
|
|
|switch|p1a: Donphan|Donphan, F|321\/321
|-damage|p1a: Donphan|301\/321|[from] Stealth Rock
|turn|16
|
|move|p1a: Donphan|Ice Shard|p2a: HOOOOOOO
|-crit|p2a: HOOOOOOO
|-damage|p2a: HOOOOOOO|0 fnt
|faint|p2a: HOOOOOOO
|
|
|switch|p2a: Three Amigos|Hydreigon, M|293\/325
|turn|17
|
|move|p1a: Donphan|Ice Shard|p2a: Three Amigos
|-supereffective|p2a: Three Amigos
|-damage|p2a: Three Amigos|105\/325
|move|p2a: Three Amigos|Dark Pulse|p1a: Donphan
|-damage|p1a: Donphan|27\/321
|-damage|p2a: Three Amigos|73\/325|[from] item: Life Orb
|
|turn|18
|
|move|p1a: Donphan|Ice Shard|p2a: Three Amigos
|-supereffective|p2a: Three Amigos
|-damage|p2a: Three Amigos|0 fnt
|faint|p2a: Three Amigos
|
|
|switch|p2a: Whiskers|Mienshao, M|271\/271
|turn|19
|
|move|p1a: Donphan|Ice Shard|p2a: Whiskers
|-damage|p2a: Whiskers|164\/271
|move|p2a: Whiskers|High Jump Kick|p1a: Donphan
|-crit|p1a: Donphan
|-damage|p1a: Donphan|0 fnt
|faint|p1a: Donphan
|
|
|switch|p1a: Darmanitan|Darmanitan, M|351\/351
|-damage|p1a: Darmanitan|264\/351|[from] Stealth Rock
|turn|20
|
|move|p2a: Whiskers|High Jump Kick|p1a: Darmanitan|[miss]
|-miss|p2a: Whiskers|p1a: Darmanitan
|-damage|p2a: Whiskers|29\/271|[from] highjumpkick
|move|p1a: Darmanitan|Fire Punch|p2a: Whiskers
|-damage|p2a: Whiskers|0 fnt
|faint|p2a: Whiskers
|
|win|Xavipato
|raw|Ladder updating...
|raw|Xavipato's rating: 1165 &rarr; <strong>1197<\/strong><br \/>(+32 for winning)
|raw|dolph the showoff's rating: 1270 &rarr; <strong>1238<\/strong><br \/>(-32 for losing)
|c|âXavipato|HAHAHAHAHAHAHAHA!
|leave|dolph the showoff
|player|p2
|c| Bonsiu007|gg
|leave|Bonsiu007
|c|âXavipato|LOL, hax.