|join|Aggron
|join|Dolph The Showoff
|player|p1|Aggron|17
|player|p2|Dolph The Showoff|99
|gametype|singles
|gen|6
|tier|UU
|rated
|rule|Sleep Clause Mod: Limit one foe put to sleep
|rule|Species Clause: Limit one of each PokÃ©mon
|rule|OHKO Clause: OHKO moves are banned
|rule|Moody Clause: Moody is banned
|rule|Evasion Moves Clause: Evasion moves are banned
|rule|Endless Battle Clause: Forcing endless battles is banned
|rule|HP Percentage Mod: HP is shown in percentages
|clearpoke
|poke|p1|Darmanitan, M
|poke|p1|Roserade, F
|poke|p1|Blastoise, M
|poke|p1|Rhyperior, M
|poke|p1|Scrafty, M
|poke|p1|Crobat, M
|poke|p2|Tentacruel, M
|poke|p2|Darmanitan, F
|poke|p2|Chesnaught, M
|poke|p2|Mienshao, M
|poke|p2|Hydreigon, F
|poke|p2|Jirachi
|rule|Swagger Clause: Swagger is banned
|rule|Baton Pass Clause: Limit one PokÃ©mon knowing Baton Pass
|teampreview
|c|âAggron|hf
|
|start
|switch|p1a: Rhyperior|Rhyperior, M|432\/432
|switch|p2a: Mienshao|Mienshao, M|271\/271
|turn|1
|
|switch|p1a: Crobat|Crobat, M|353\/353
|move|p2a: Mienshao|U-turn|p1a: Crobat
|-resisted|p1a: Crobat
|-damage|p1a: Crobat|331\/353
|
|switch|p2a: Darmanitan|Darmanitan, F|351\/351
|
|-heal|p1a: Crobat|353\/353|[from] item: Black Sludge
|turn|2
|
|move|p1a: Crobat|U-turn|p2a: Darmanitan
|-resisted|p2a: Darmanitan
|-damage|p2a: Darmanitan|303\/351
|
|switch|p1a: Rhyperior|Rhyperior, M|432\/432
|move|p2a: Darmanitan|Flare Blitz|p1a: Rhyperior
|-resisted|p1a: Rhyperior
|-damage|p1a: Rhyperior|249\/432
|-damage|p2a: Darmanitan|243\/351|[from] recoil|[of] p1a: Rhyperior
|
|-heal|p1a: Rhyperior|276\/432|[from] item: Leftovers
|turn|3
|c|âAggron|holy shi
|
|move|p2a: Darmanitan|Flare Blitz|p1a: Rhyperior
|-resisted|p1a: Rhyperior
|-damage|p1a: Rhyperior|91\/432
|-damage|p2a: Darmanitan|182\/351|[from] recoil|[of] p1a: Rhyperior
|move|p1a: Rhyperior|Stealth Rock|p2a: Darmanitan
|-sidestart|p2: Dolph The Showoff|move: Stealth Rock
|
|-heal|p1a: Rhyperior|118\/432|[from] item: Leftovers
|turn|4
|
|move|p2a: Darmanitan|Flare Blitz|p1a: Rhyperior
|-resisted|p1a: Rhyperior
|-damage|p1a: Rhyperior|0 fnt
|-damage|p2a: Darmanitan|143\/351|[from] recoil|[of] p1a: Rhyperior
|faint|p1a: Rhyperior
|
|
|switch|p1a: Crobat|Crobat, M|353\/353
|turn|5
|
|switch|p2a: Jirachi|Jirachi|341\/341
|-damage|p2a: Jirachi|320\/341|[from] Stealth Rock
|move|p1a: Crobat|Brave Bird|p2a: Jirachi
|-resisted|p2a: Jirachi
|-damage|p2a: Jirachi|243\/341
|-damage|p1a: Crobat|328\/353|[from] recoil|[of] p2a: Jirachi
|
|-heal|p1a: Crobat|350\/353|[from] item: Black Sludge
|turn|6
|
|move|p1a: Crobat|U-turn|p2a: Jirachi
|-damage|p2a: Jirachi|188\/341
|
|switch|p1a: Scrafty|Scrafty, M|320\/320
|move|p2a: Jirachi|Fire Punch|p1a: Scrafty
|-damage|p1a: Scrafty|263\/320
|
|-heal|p1a: Scrafty|283\/320|[from] item: Leftovers
|turn|7
|
|switch|p2a: Tentacruel|Tentacruel, M|361\/361
|-damage|p2a: Tentacruel|316\/361|[from] Stealth Rock
|move|p1a: Scrafty|Knock Off|p2a: Tentacruel
|-damage|p2a: Tentacruel|172\/361
|-enditem|p2a: Tentacruel|Black Sludge|[from] move: Knock Off|[of] p1a: Scrafty
|
|-heal|p1a: Scrafty|303\/320|[from] item: Leftovers
|turn|8
|
|move|p2a: Tentacruel|Rapid Spin|p1a: Scrafty
|-damage|p1a: Scrafty|296\/320
|-sideend|p2: Dolph The Showoff|Stealth Rock|[from] move: Rapid Spin|[of] p2a: Tentacruel
|move|p1a: Scrafty|Bulk Up|p1a: Scrafty
|-boost|p1a: Scrafty|atk|1
|-boost|p1a: Scrafty|def|1
|
|-heal|p1a: Scrafty|316\/320|[from] item: Leftovers
|turn|9
|
|move|p2a: Tentacruel|Toxic|p1a: Scrafty
|-status|p1a: Scrafty|tox
|move|p1a: Scrafty|Bulk Up|p1a: Scrafty
|-boost|p1a: Scrafty|atk|1
|-boost|p1a: Scrafty|def|1
|
|-activate|p1a: Scrafty|ability: Shed Skin
|-curestatus|p1a: Scrafty|tox
|-heal|p1a: Scrafty|320\/320|[from] item: Leftovers
|turn|10
|
|move|p2a: Tentacruel|Scald|p1a: Scrafty
|-damage|p1a: Scrafty|266\/320
|move|p1a: Scrafty|Bulk Up|p1a: Scrafty
|-boost|p1a: Scrafty|atk|1
|-boost|p1a: Scrafty|def|1
|
|-heal|p1a: Scrafty|286\/320|[from] item: Leftovers
|turn|11
|
|switch|p2a: Chesnaught|Chesnaught, M|379\/379
|move|p1a: Scrafty|Knock Off|p2a: Chesnaught
|-resisted|p2a: Chesnaught
|-damage|p2a: Chesnaught|302\/379
|-enditem|p2a: Chesnaught|Leftovers|[from] move: Knock Off|[of] p1a: Scrafty
|
|-heal|p1a: Scrafty|306\/320|[from] item: Leftovers
|turn|12
|
|move|p2a: Chesnaught|Leech Seed|p1a: Scrafty
|-start|p1a: Scrafty|move: Leech Seed
|move|p1a: Scrafty|Drain Punch|p2a: Chesnaught
|-damage|p2a: Chesnaught|178\/379
|-heal|p1a: Scrafty|320\/320|[from] drain|[of] p2a: Chesnaught
|
|-damage|p1a: Scrafty|280\/320|[from] Leech Seed|[of] p2a: Chesnaught
|-heal|p2a: Chesnaught|218\/379|[silent]
|turn|13
|
|move|p2a: Chesnaught|Drain Punch|p1a: Scrafty
|-supereffective|p1a: Scrafty
|-damage|p1a: Scrafty|220\/320
|-heal|p2a: Chesnaught|248\/379|[from] drain|[of] p1a: Scrafty
|move|p1a: Scrafty|Bulk Up|p1a: Scrafty
|-boost|p1a: Scrafty|atk|1
|-boost|p1a: Scrafty|def|1
|
|-heal|p1a: Scrafty|240\/320|[from] item: Leftovers
|-damage|p1a: Scrafty|200\/320|[from] Leech Seed|[of] p2a: Chesnaught
|-heal|p2a: Chesnaught|288\/379|[silent]
|turn|14
|
|move|p2a: Chesnaught|Drain Punch|p1a: Scrafty
|-supereffective|p1a: Scrafty
|-damage|p1a: Scrafty|140\/320
|-heal|p2a: Chesnaught|318\/379|[from] drain|[of] p1a: Scrafty
|move|p1a: Scrafty|Bulk Up|p1a: Scrafty
|-boost|p1a: Scrafty|atk|1
|-boost|p1a: Scrafty|def|1
|
|-heal|p1a: Scrafty|160\/320|[from] item: Leftovers
|-damage|p1a: Scrafty|120\/320|[from] Leech Seed|[of] p2a: Chesnaught
|-heal|p2a: Chesnaught|358\/379|[silent]
|turn|15
|
|move|p2a: Chesnaught|Drain Punch|p1a: Scrafty
|-supereffective|p1a: Scrafty
|-damage|p1a: Scrafty|66\/320
|-heal|p2a: Chesnaught|379\/379|[from] drain|[of] p1a: Scrafty
|move|p1a: Scrafty|Rest|p1a: Scrafty
|-status|p1a: Scrafty|slp
|-heal|p1a: Scrafty|320\/320 slp|[silent]
|-status|p1a: Scrafty|slp|[from] move: Rest
|
|-activate|p1a: Scrafty|ability: Shed Skin
|-curestatus|p1a: Scrafty|slp
|-damage|p1a: Scrafty|280\/320|[from] Leech Seed|[of] p2a: Chesnaught
|turn|16
|
|move|p2a: Chesnaught|Drain Punch|p1a: Scrafty
|-supereffective|p1a: Scrafty
|-damage|p1a: Scrafty|230\/320
|move|p1a: Scrafty|Bulk Up|p1a: Scrafty
|-boost|p1a: Scrafty|atk|1
|-boost|p1a: Scrafty|def|1
|
|-heal|p1a: Scrafty|250\/320|[from] item: Leftovers
|-damage|p1a: Scrafty|210\/320|[from] Leech Seed|[of] p2a: Chesnaught
|turn|17
|
|move|p2a: Chesnaught|Spiky Shield|p2a: Chesnaught
|-singleturn|p2a: Chesnaught|move: Protect
|move|p1a: Scrafty|Drain Punch|p2a: Chesnaught
|-activate|p2a: Chesnaught|move: Protect
|-damage|p1a: Scrafty|170\/320|[from] Spiky Shield|[of] p2a: Chesnaught
|
|-heal|p1a: Scrafty|190\/320|[from] item: Leftovers
|-damage|p1a: Scrafty|150\/320|[from] Leech Seed|[of] p2a: Chesnaught
|turn|18
|
|switch|p2a: Tentacruel|Tentacruel, M|172\/361
|move|p1a: Scrafty|Drain Punch|p2a: Tentacruel
|-resisted|p2a: Tentacruel
|-damage|p2a: Tentacruel|0 fnt
|-damage|p1a: Scrafty|64\/320|[from] ability: Liquid Ooze|[of] p2a: Tentacruel
|faint|p2a: Tentacruel
|
|-heal|p1a: Scrafty|84\/320|[from] item: Leftovers
|
|switch|p2a: Hydreigon|Hydreigon, F|325\/325
|turn|19
|
|move|p2a: Hydreigon|Draco Meteor|p1a: Scrafty
|-damage|p1a: Scrafty|0 fnt
|-unboost|p2a: Hydreigon|spa|2
|-damage|p2a: Hydreigon|293\/325|[from] item: Life Orb
|faint|p1a: Scrafty
|
|
|switch|p1a: Darmanitan|Darmanitan, M|351\/351
|turn|20
|
|switch|p2a: Jirachi|Jirachi|188\/341
|move|p1a: Darmanitan|U-turn|p2a: Jirachi
|-damage|p2a: Jirachi|99\/341
|
|switch|p1a: Blastoise|Blastoise, M|361\/361
|
|turn|21
|
|detailschange|p1a: Blastoise|Blastoise-Mega, M
|-mega|p1a: Blastoise|Blastoise|Blastoisinite
|move|p2a: Jirachi|Energy Ball|p1a: Blastoise
|-supereffective|p1a: Blastoise
|-damage|p1a: Blastoise|181\/361
|move|p1a: Blastoise|Dark Pulse|p2a: Jirachi
|-supereffective|p2a: Jirachi
|-damage|p2a: Jirachi|0 fnt
|faint|p2a: Jirachi
|
|c|âAggron|ow
|
|switch|p2a: Darmanitan|Darmanitan, F|143\/351
|turn|22
|
|move|p2a: Darmanitan|Flare Blitz|p1a: Blastoise
|-resisted|p1a: Blastoise
|-damage|p1a: Blastoise|0 fnt
|-damage|p2a: Darmanitan|83\/351|[from] recoil|[of] p1a: Blastoise
|faint|p1a: Blastoise
|
|
|switch|p1a: Crobat|Crobat, M|350\/353
|turn|23
|
|switch|p2a: Chesnaught|Chesnaught, M|379\/379
|move|p1a: Crobat|Brave Bird|p2a: Chesnaught
|-supereffective|p2a: Chesnaught
|-damage|p2a: Chesnaught|0 fnt
|-damage|p1a: Crobat|225\/353|[from] recoil|[of] p2a: Chesnaught
|faint|p2a: Chesnaught
|
|-heal|p1a: Crobat|247\/353|[from] item: Black Sludge
|
|switch|p2a: Hydreigon|Hydreigon, F|293\/325
|turn|24
|
|move|p1a: Crobat|U-turn|p2a: Hydreigon
|-supereffective|p2a: Hydreigon
|-damage|p2a: Hydreigon|153\/325
|
|switch|p1a: Roserade|Roserade, F|261\/261
|move|p2a: Hydreigon|Draco Meteor|p1a: Roserade
|-damage|p1a: Roserade|0 fnt
|-unboost|p2a: Hydreigon|spa|2
|-damage|p2a: Hydreigon|121\/325|[from] item: Life Orb
|faint|p1a: Roserade
|
|
|switch|p1a: Darmanitan|Darmanitan, M|351\/351
|turn|25
|c|âAggron|bro that darmanitan you have is fuckin swole
|
|switch|p2a: Darmanitan|Darmanitan, F|83\/351
|move|p1a: Darmanitan|Flare Blitz|p2a: Darmanitan
|-resisted|p2a: Darmanitan
|-damage|p2a: Darmanitan|0 fnt
|-damage|p1a: Darmanitan|324\/351|[from] recoil|[of] p2a: Darmanitan
|faint|p2a: Darmanitan
|
|c|âAggron|i really like it
|c|âDolph The Showoff|it's CB
|c|âDolph The Showoff|lol
|c|âAggron|banded obviously but adamant too?
|c|âDolph The Showoff|jolly
|c|âAggron|oh wow
|c|âAggron|that shit 3hkod rhyp
|
|switch|p2a: Mienshao|Mienshao, M|271\/271
|turn|26
|c|âDolph The Showoff|yeah lol
|
|move|p2a: Mienshao|Stone Edge|p1a: Darmanitan
|-supereffective|p1a: Darmanitan
|-damage|p1a: Darmanitan|0 fnt
|faint|p1a: Darmanitan
|
|c|âAggron|oh snap
|c|âAggron|shit 80% victory here
|c|âAggron|gg
|
|switch|p1a: Crobat|Crobat, M|247\/353
|turn|27
|c|âDolph The Showoff|GG
|c|âAggron|really good game
|
|move|p2a: Mienshao|Stone Edge|p1a: Crobat
|-crit|p1a: Crobat
|-supereffective|p1a: Crobat
|-damage|p1a: Crobat|0 fnt
|faint|p1a: Crobat
|
|win|Dolph The Showoff
|raw|Ladder updating...
|raw|Aggron's rating: 1454 &rarr; <strong>1428<\/strong><br \/>(-26 for losing)
|raw|Dolph The Showoff's rating: 1352 &rarr; <strong>1378<\/strong><br \/>(+26 for winning)