|join|Dolph The Showoff
|join|hunterhassell
|player|p1|Dolph The Showoff|99
|player|p2|hunterhassell|265
|gametype|singles
|gen|6
|tier|UU
|rated
|rule|Sleep Clause Mod: Limit one foe put to sleep
|rule|Species Clause: Limit one of each PokÃ©mon
|rule|OHKO Clause: OHKO moves are banned
|rule|Moody Clause: Moody is banned
|rule|Evasion Moves Clause: Evasion moves are banned
|rule|Endless Battle Clause: Forcing endless battles is banned
|rule|HP Percentage Mod: HP is shown in percentages
|clearpoke
|poke|p1|Swampert, M
|poke|p1|Infernape, M
|poke|p1|Chesnaught, M
|poke|p1|Blissey, F
|poke|p1|Hydreigon, M
|poke|p1|Starmie
|poke|p2|Galvantula, M
|poke|p2|Hydreigon, F
|poke|p2|Beedrill, M
|poke|p2|Donphan, F
|poke|p2|Tentacruel, M
|poke|p2|Darmanitan, F
|rule|Swagger Clause: Swagger is banned
|rule|Baton Pass Clause: Limit one PokÃ©mon knowing Baton Pass
|teampreview
|join|CaptainBravo
|c|âhunterhassell|Gl and hf
|
|start
|switch|p1a: Hydreigon|Hydreigon, M|325\/325
|switch|p2a: Darmanitan|Darmanitan, F|352\/352
|turn|1
|
|move|p1a: Hydreigon|Draco Meteor|p2a: Darmanitan
|-damage|p2a: Darmanitan|0 fnt
|-unboost|p1a: Hydreigon|spa|2
|faint|p2a: Darmanitan
|
|
|switch|p2a: Beedrill|Beedrill, M|272\/272
|turn|2
|
|switch|p1a: Apeshit|Infernape, M|293\/293
|detailschange|p2a: Beedrill|Beedrill-Mega, M
|-mega|p2a: Beedrill|Beedrill|Beedrillite
|move|p2a: Beedrill|Poison Jab|p1a: Apeshit
|-damage|p1a: Apeshit|0 fnt
|faint|p1a: Apeshit
|
|
|switch|p1a: Hydreigon|Hydreigon, M|325\/325
|turn|3
|
|move|p2a: Beedrill|Protect|p2a: Beedrill
|-singleturn|p2a: Beedrill|Protect
|move|p1a: Hydreigon|U-turn|p2a: Beedrill
|-activate|p2a: Beedrill|Protect
|
|turn|4
|
|switch|p2a: Tentacruel|Tentacruel, M|301\/301
|move|p1a: Hydreigon|U-turn|p2a: Tentacruel
|-resisted|p2a: Tentacruel
|-damage|p2a: Tentacruel|267\/301
|
|switch|p1a: Swampert|Swampert, M|367\/367
|
|-heal|p2a: Tentacruel|285\/301|[from] item: Black Sludge
|turn|5
|
|detailschange|p1a: Swampert|Swampert-Mega, M
|-mega|p1a: Swampert|Swampert|Swampertite
|move|p2a: Tentacruel|Giga Drain|p1a: Swampert
|-crit|p1a: Swampert
|-supereffective|p1a: Swampert
|-damage|p1a: Swampert|47\/367
|-heal|p2a: Tentacruel|301\/301|[from] drain|[of] p1a: Swampert
|move|p1a: Swampert|Ice Punch|p2a: Tentacruel
|-resisted|p2a: Tentacruel
|-damage|p2a: Tentacruel|220\/301
|
|-heal|p2a: Tentacruel|238\/301|[from] item: Black Sludge
|turn|6
|
|switch|p1a: Hydreigon|Hydreigon, M|325\/325
|move|p2a: Tentacruel|Scald|p1a: Hydreigon
|-resisted|p1a: Hydreigon
|-damage|p1a: Hydreigon|274\/325
|
|-heal|p2a: Tentacruel|256\/301|[from] item: Black Sludge
|turn|7
|
|move|p1a: Hydreigon|Draco Meteor|p2a: Tentacruel
|-damage|p2a: Tentacruel|96\/301
|-unboost|p1a: Hydreigon|spa|2
|move|p2a: Tentacruel|Sludge Wave|p1a: Hydreigon
|-damage|p1a: Hydreigon|157\/325
|
|-heal|p2a: Tentacruel|114\/301|[from] item: Black Sludge
|turn|8
|
|move|p1a: Hydreigon|Draco Meteor|p2a: Tentacruel
|-damage|p2a: Tentacruel|27\/301
|-unboost|p1a: Hydreigon|spa|2
|move|p2a: Tentacruel|Scald|p1a: Hydreigon
|-resisted|p1a: Hydreigon
|-damage|p1a: Hydreigon|110\/325
|
|-heal|p2a: Tentacruel|45\/301|[from] item: Black Sludge
|turn|9
|
|switch|p1a: Starmie|Starmie|259\/259
|switch|p2a: Donphan|Donphan, F|321\/321
|
|turn|10
|
|move|p1a: Starmie|Ice Beam|p2a: Donphan
|-supereffective|p2a: Donphan
|-damage|p2a: Donphan|110\/321
|-damage|p1a: Starmie|234\/259|[from] item: Life Orb
|move|p2a: Donphan|Knock Off|p1a: Starmie
|-supereffective|p1a: Starmie
|-damage|p1a: Starmie|0 fnt
|-enditem|p1a: Starmie|Life Orb|[from] move: Knock Off|[of] p2a: Donphan
|faint|p1a: Starmie
|
|-heal|p2a: Donphan|130\/321|[from] item: Leftovers
|
|switch|p1a: Chesnaught|Chesnaught, M|379\/379
|turn|11
|
|move|p1a: Chesnaught|Drain Punch|p2a: Donphan
|-damage|p2a: Donphan|55\/321
|move|p2a: Donphan|Stealth Rock|p1a: Chesnaught
|-sidestart|p1: Dolph The Showoff|move: Stealth Rock
|
|-heal|p2a: Donphan|75\/321|[from] item: Leftovers
|turn|12
|
|move|p2a: Donphan|Ice Shard|p1a: Chesnaught
|-supereffective|p1a: Chesnaught
|-damage|p1a: Chesnaught|323\/379
|move|p1a: Chesnaught|Spikes|p2a: Donphan
|-sidestart|p2: hunterhassell|Spikes
|
|-heal|p2a: Donphan|95\/321|[from] item: Leftovers
|turn|13
|
|move|p1a: Chesnaught|Spiky Shield|p1a: Chesnaught
|-singleturn|p1a: Chesnaught|move: Protect
|move|p2a: Donphan|Knock Off|p1a: Chesnaught
|-activate|p1a: Chesnaught|move: Protect
|-damage|p2a: Donphan|55\/321|[from] Spiky Shield|[of] p1a: Chesnaught
|
|-heal|p2a: Donphan|75\/321|[from] item: Leftovers
|turn|14
|
|move|p1a: Chesnaught|Drain Punch|p2a: Donphan
|-crit|p2a: Donphan
|-damage|p2a: Donphan|0 fnt
|-heal|p1a: Chesnaught|361\/379|[from] drain|[of] p2a: Donphan
|faint|p2a: Donphan
|
|
|switch|p2a: Tentacruel|Tentacruel, M|45\/301
|-damage|p2a: Tentacruel|8\/301|[from] Spikes
|turn|15
|
|move|p2a: Tentacruel|Toxic Spikes|p1a: Chesnaught
|-sidestart|p1: Dolph The Showoff|move: Toxic Spikes
|move|p1a: Chesnaught|Drain Punch|p2a: Tentacruel
|-resisted|p2a: Tentacruel
|-damage|p2a: Tentacruel|0 fnt
|-damage|p1a: Chesnaught|357\/379|[from] ability: Liquid Ooze|[of] p2a: Tentacruel
|faint|p2a: Tentacruel
|
|
|switch|p2a: Beedrill|Beedrill-Mega, M|272\/272
|-damage|p2a: Beedrill|238\/272|[from] Spikes
|turn|16
|
|move|p2a: Beedrill|Poison Jab|p1a: Chesnaught
|-supereffective|p1a: Chesnaught
|-damage|p1a: Chesnaught|37\/379
|-damage|p2a: Beedrill|193\/272|[from] item: Rocky Helmet|[of] p1a: Chesnaught
|move|p1a: Chesnaught|Leech Seed|p2a: Beedrill
|-start|p2a: Beedrill|move: Leech Seed
|
|-damage|p2a: Beedrill|159\/272|[from] Leech Seed|[of] p1a: Chesnaught
|-heal|p1a: Chesnaught|71\/379|[silent]
|turn|17
|
|switch|p2a: Galvantula|Galvantula, M|282\/282
|-damage|p2a: Galvantula|247\/282|[from] Spikes
|move|p1a: Chesnaught|Drain Punch|p2a: Galvantula
|-resisted|p2a: Galvantula
|-damage|p2a: Galvantula|178\/282
|-heal|p1a: Chesnaught|106\/379|[from] drain|[of] p2a: Galvantula
|
|turn|18
|
|switch|p1a: Swampert|Swampert-Mega, M|47\/367
|-status|p1a: Swampert|psn
|-damage|p1a: Swampert|25\/367 psn|[from] Stealth Rock
|move|p2a: Galvantula|Thunder|p1a: Swampert
|-immune|p1a: Swampert|[msg]
|
|-damage|p1a: Swampert|0 fnt|[from] psn
|faint|p1a: Swampert
|
|switch|p1a: Hydreigon|Hydreigon, M|110\/325
|-damage|p1a: Hydreigon|70\/325|[from] Stealth Rock
|turn|19
|
|move|p1a: Hydreigon|Draco Meteor|p2a: Galvantula
|-damage|p2a: Galvantula|0 fnt
|-unboost|p1a: Hydreigon|spa|2
|faint|p2a: Galvantula
|
|
|switch|p2a: Beedrill|Beedrill-Mega, M|159\/272
|-damage|p2a: Beedrill|125\/272|[from] Spikes
|turn|20
|
|move|p1a: Hydreigon|Draco Meteor|p2a: Beedrill
|-damage|p2a: Beedrill|0 fnt
|-unboost|p1a: Hydreigon|spa|2
|faint|p2a: Beedrill
|
|
|switch|p2a: Hydreigon|Hydreigon, F|325\/325
|turn|21
|
|switch|p1a: Chesnaught|Chesnaught, M|106\/379
|-status|p1a: Chesnaught|psn
|-damage|p1a: Chesnaught|83\/379 psn|[from] Stealth Rock
|move|p2a: Hydreigon|Thunder Wave|p1a: Chesnaught
|-fail|p1a: Chesnaught
|
|-damage|p1a: Chesnaught|36\/379 psn|[from] psn
|turn|22
|
|move|p2a: Hydreigon|Crunch|p1a: Chesnaught
|-resisted|p1a: Chesnaught
|-damage|p1a: Chesnaught|6\/379 psn
|-damage|p2a: Hydreigon|271\/325|[from] item: Rocky Helmet|[of] p1a: Chesnaught
|move|p1a: Chesnaught|Drain Punch|p2a: Hydreigon
|-supereffective|p2a: Hydreigon
|-damage|p2a: Hydreigon|133\/325
|-heal|p1a: Chesnaught|75\/379 psn|[from] drain|[of] p2a: Hydreigon
|
|-heal|p2a: Hydreigon|153\/325|[from] item: Leftovers
|-damage|p1a: Chesnaught|28\/379 psn|[from] psn
|turn|23
|c| CaptainBravo|this is so out of place on this team
|c|âDolph The Showoff|...yeah
|
|move|p2a: Hydreigon|Roost|p2a: Hydreigon
|-heal|p2a: Hydreigon|316\/325
|move|p1a: Chesnaught|Drain Punch|p2a: Hydreigon
|-supereffective|p2a: Hydreigon
|-damage|p2a: Hydreigon|176\/325
|-heal|p1a: Chesnaught|98\/379 psn|[from] drain|[of] p2a: Hydreigon
|
|-heal|p2a: Hydreigon|196\/325|[from] item: Leftovers
|-damage|p1a: Chesnaught|51\/379 psn|[from] psn
|turn|24
|
|move|p2a: Hydreigon|Draco Meteor|p1a: Chesnaught
|-damage|p1a: Chesnaught|0 fnt
|-unboost|p2a: Hydreigon|spa|2
|faint|p1a: Chesnaught
|
|-heal|p2a: Hydreigon|216\/325|[from] item: Leftovers
|c|âhunterhassell|Gg I gotta go
|-message|hunterhassell forfeited.
|
|win|Dolph The Showoff
|raw|Ladder updating...
|leave|hunterhassell
|player|p2
|raw|Dolph The Showoff's rating: 1272 &rarr; <strong>1296<\/strong><br \/>(+24 for winning)
|raw|hunterhassell's rating: 1254 &rarr; <strong>1230<\/strong><br \/>(-24 for losing)