|join|lighthouses
|join|Dolph The Showoff
|player|p1|lighthouses|5
|player|p2|Dolph The Showoff|99
|gametype|singles
|gen|6
|tier|UU
|rated
|rule|Sleep Clause Mod: Limit one foe put to sleep
|rule|Species Clause: Limit one of each PokÃ©mon
|rule|OHKO Clause: OHKO moves are banned
|rule|Moody Clause: Moody is banned
|rule|Evasion Moves Clause: Evasion moves are banned
|rule|Endless Battle Clause: Forcing endless battles is banned
|rule|HP Percentage Mod: HP is shown in percentages
|clearpoke
|poke|p1|Krookodile, F
|poke|p1|Jirachi
|poke|p1|Tentacruel, M
|poke|p1|Kyurem
|poke|p1|Mienshao, F
|poke|p1|Pidgeot, F
|poke|p2|Medicham, M
|poke|p2|Cresselia, F
|poke|p2|Crobat, M
|poke|p2|Krookodile, M
|poke|p2|Snorlax, M
|poke|p2|Hydreigon, M
|rule|Swagger Clause: Swagger is banned
|rule|Baton Pass Clause: Limit one PokÃ©mon knowing Baton Pass
|teampreview
|join|i came from leddit
|
|start
|switch|p1a: omfuga fetish|Kyurem|391\/391
|switch|p2a: No Hands|Medicham, M|261\/261
|-ability|p1a: omfuga fetish|Pressure
|turn|1
|
|detailschange|p2a: No Hands|Medicham-Mega, M
|-mega|p2a: No Hands|Medicham|Medichamite
|move|p2a: No Hands|Fake Out|p1a: omfuga fetish
|-damage|p1a: omfuga fetish|310\/391
|cant|p1a: omfuga fetish|flinch
|
|turn|2
|
|switch|p1a: Tentacruel|Tentacruel, M|363\/363
|move|p2a: No Hands|High Jump Kick|p1a: Tentacruel
|-resisted|p1a: Tentacruel
|-damage|p1a: Tentacruel|184\/363
|
|-heal|p1a: Tentacruel|206\/363|[from] item: Black Sludge
|turn|3
|
|move|p2a: No Hands|Zen Headbutt|p1a: Tentacruel
|-crit|p1a: Tentacruel
|-supereffective|p1a: Tentacruel
|-damage|p1a: Tentacruel|0 fnt
|faint|p1a: Tentacruel
|
|
|switch|p1a: Pidgeot|Pidgeot, F|307\/307
|turn|4
|
|switch|p2a: John|Cresselia, F|443\/443
|detailschange|p1a: Pidgeot|Pidgeot-Mega, F
|-mega|p1a: Pidgeot|Pidgeot|Pidgeotite
|move|p1a: Pidgeot|Hurricane|p2a: John
|-damage|p2a: John|292\/443
|
|-heal|p2a: John|319\/443|[from] item: Leftovers
|turn|5
|
|move|p1a: Pidgeot|Work Up|p1a: Pidgeot
|-boost|p1a: Pidgeot|atk|1
|-boost|p1a: Pidgeot|spa|1
|move|p2a: John|Thunder Wave|p1a: Pidgeot
|-status|p1a: Pidgeot|par
|
|-heal|p2a: John|346\/443|[from] item: Leftovers
|turn|6
|
|move|p2a: John|Psychic|p1a: Pidgeot
|-damage|p1a: Pidgeot|210\/307 par
|move|p1a: Pidgeot|Refresh|p1a: Pidgeot
|-curestatus|p1a: Pidgeot|par
|
|-heal|p2a: John|373\/443|[from] item: Leftovers
|turn|7
|
|move|p1a: Pidgeot|Hurricane|p2a: John
|-damage|p2a: John|132\/443
|move|p2a: John|Thunder Wave|p1a: Pidgeot
|-status|p1a: Pidgeot|par
|
|-heal|p2a: John|159\/443|[from] item: Leftovers
|turn|8
|join|CaptainBravo
|
|switch|p2a: The Shield|Hydreigon, M|325\/325
|move|p1a: Pidgeot|Refresh|p1a: Pidgeot
|-curestatus|p1a: Pidgeot|par
|
|turn|9
|
|switch|p1a: Krookodile|Krookodile, F|331\/331
|-ability|p1a: Krookodile|Intimidate|[of] p2a: The Shield
|-unboost|p2a: The Shield|atk|1
|move|p2a: The Shield|Draco Meteor|p1a: Krookodile
|-damage|p1a: Krookodile|15\/331
|-unboost|p2a: The Shield|spa|2
|
|turn|10
|c|âlighthouses|that never
|c|âlighthouses|works
|c|âlighthouses|rofl
|c|âDolph The Showoff|I Was close to be fare lol
|c|âDolph The Showoff|*fair
|
|switch|p1a: Jirachi|Jirachi|404\/404
|move|p2a: The Shield|Draco Meteor|p1a: Jirachi
|-crit|p1a: Jirachi
|-resisted|p1a: Jirachi
|-damage|p1a: Jirachi|272\/404
|-unboost|p2a: The Shield|spa|2
|
|-heal|p1a: Jirachi|297\/404|[from] item: Leftovers
|turn|11
|
|switch|p2a: Rfizzle9|Krookodile, M|331\/331
|-ability|p2a: Rfizzle9|Intimidate|[of] p1a: Jirachi
|-unboost|p1a: Jirachi|atk|1
|move|p1a: Jirachi|U-turn|p2a: Rfizzle9
|-supereffective|p2a: Rfizzle9
|-damage|p2a: Rfizzle9|239\/331
|
|switch|p1a: Pidgeot|Pidgeot-Mega, F|210\/307
|
|turn|12
|
|switch|p2a: Mistake|Snorlax, M|513\/513
|move|p1a: Pidgeot|Hurricane|p2a: Mistake
|-damage|p2a: Mistake|369\/513
|
|-heal|p2a: Mistake|401\/513|[from] item: Leftovers
|turn|13
|
|switch|p1a: Krookodile|Krookodile, F|15\/331
|-ability|p1a: Krookodile|Intimidate|[of] p2a: Mistake
|-unboost|p2a: Mistake|atk|1
|move|p2a: Mistake|Curse|p2a: Mistake
|-boost|p2a: Mistake|atk|1
|-boost|p2a: Mistake|def|1
|-unboost|p2a: Mistake|spe|1
|
|-heal|p2a: Mistake|433\/513|[from] item: Leftovers
|turn|14
|
|switch|p2a: Landbat|Crobat, M|373\/373
|move|p1a: Krookodile|Taunt|p2a: Landbat
|-start|p2a: Landbat|move: Taunt
|
|turn|15
|
|switch|p1a: Jirachi|Jirachi|297\/404
|move|p2a: Landbat|U-turn|p1a: Jirachi
|-damage|p1a: Jirachi|247\/404
|
|switch|p2a: No Hands|Medicham-Mega, M|261\/261
|
|-heal|p1a: Jirachi|272\/404|[from] item: Leftovers
|turn|16
|
|switch|p1a: Krookodile|Krookodile, F|15\/331
|-ability|p1a: Krookodile|Intimidate|[of] p2a: No Hands
|-unboost|p2a: No Hands|atk|1
|move|p2a: No Hands|High Jump Kick|p1a: Krookodile
|-supereffective|p1a: Krookodile
|-damage|p1a: Krookodile|0 fnt
|faint|p1a: Krookodile
|
|
|switch|p1a: Pidgeot|Pidgeot-Mega, F|210\/307
|turn|17
|c| i came from leddit|hjk
|c| i came from leddit|on the u-turn
|
|switch|p2a: Mistake|Snorlax, M|433\/513
|move|p1a: Pidgeot|Work Up|p1a: Pidgeot
|-boost|p1a: Pidgeot|atk|1
|-boost|p1a: Pidgeot|spa|1
|
|-heal|p2a: Mistake|465\/513|[from] item: Leftovers
|turn|18
|
|move|p1a: Pidgeot|Hurricane|p2a: Mistake
|-damage|p2a: Mistake|267\/513
|-start|p2a: Mistake|confusion
|-activate|p2a: Mistake|confusion
|move|p2a: Mistake|Body Slam|p1a: Pidgeot
|-damage|p1a: Pidgeot|84\/307
|
|-heal|p2a: Mistake|299\/513|[from] item: Leftovers
|turn|19
|
|switch|p2a: The Shield|Hydreigon, M|325\/325
|move|p1a: Pidgeot|Roost|p1a: Pidgeot
|-heal|p1a: Pidgeot|238\/307
|
|turn|20
|
|switch|p1a: Mienshao|Mienshao, F|271\/271
|move|p2a: The Shield|Dark Pulse|p1a: Mienshao
|-resisted|p1a: Mienshao
|-damage|p1a: Mienshao|165\/271
|
|turn|21
|
|switch|p2a: Landbat|Crobat, M|373\/373
|move|p1a: Mienshao|U-turn|p2a: Landbat
|-resisted|p2a: Landbat
|-damage|p2a: Landbat|352\/373
|c|âDolph The Showoff|I WAS ABOUT TO DRACO :[[[[[[[[[[[[[
|
|switch|p1a: omfuga fetish|Kyurem|310\/391
|-ability|p1a: omfuga fetish|Pressure
|
|turn|22
|c|âlighthouses|hahaha
|c| CaptainBravo|didnt listen to me
|
|move|p2a: Landbat|U-turn|p1a: omfuga fetish
|-damage|p1a: omfuga fetish|257\/391
|c| CaptainBravo|hogan knows best
|c|âDolph The Showoff|YOU SAID DARK PULSE
|c|âDolph The Showoff|lol
|c|âlighthouses|but i was the one who made the dumb play
|c|âlighthouses|i need mienshao
|
|switch|p2a: John|Cresselia, F|159\/443
|move|p1a: omfuga fetish|Draco Meteor|p2a: John
|-damage|p2a: John|0 fnt
|-unboost|p1a: omfuga fetish|spa|2
|faint|p2a: John
|
|c|âlighthouses|dark pulse was the play to make rofl
|
|switch|p2a: No Hands|Medicham-Mega, M|261\/261
|turn|23
|
|switch|p1a: Jirachi|Jirachi|272\/404
|move|p2a: No Hands|High Jump Kick|p1a: Jirachi
|-damage|p1a: Jirachi|0 fnt
|faint|p1a: Jirachi
|
|
|switch|p1a: Pidgeot|Pidgeot-Mega, F|238\/307
|turn|24
|c|âDolph The Showoff|now I just draco :]]
|c|âlighthouses|yeah haha
|c|âlighthouses|i can dodge it tho
|c|âlighthouses|so it doesnt matter
|c|âlighthouses|:]
|c|âDolph The Showoff|:[
|c|âlighthouses|also why the fuck
|c|âlighthouses|is mmed
|c|âlighthouses|uu ? lo
|c|âlighthouses|lol*
|c|âDolph The Showoff|it is being tested
|
|switch|p2a: Mistake|Snorlax, M|299\/513
|move|p1a: Pidgeot|Hurricane|p2a: Mistake
|-damage|p2a: Mistake|154\/513
|
|-heal|p2a: Mistake|186\/513|[from] item: Leftovers
|turn|25
|c|âlighthouses|is it rly necessary ? :[
|c| CaptainBravo|mega-punny is better
|c|âDolph The Showoff|yeah, IDK why
|c| CaptainBravo|and gallde
|c|âDolph The Showoff|it wont stay, thats fors ure
|c|âlighthouses|like
|c|âDolph The Showoff|it 2hitkos or ohoks every common wall
|c|âlighthouses|that and hydreigon
|c|âlighthouses|just beat me rofl
|c|âDolph The Showoff|thats why I have cress lol
|c|âDolph The Showoff|completely stops megacham
|c|âlighthouses|thats true
|c|âlighthouses|uu used to have slowbro and mew tho
|c|âlighthouses|rip uu
|join|Winter's Howl
|c|âDolph The Showoff|the UU council sucks anyways :\/
|
|switch|p1a: Mienshao|Mienshao, F|165\/271
|move|p2a: Mistake|Body Slam|p1a: Mienshao
|-damage|p1a: Mienshao|0 fnt
|faint|p1a: Mienshao
|
|-heal|p2a: Mistake|218\/513|[from] item: Leftovers
|c|âlighthouses|it rlu does
|c|âlighthouses|rly*
|c|âlighthouses|oh no rest
|c|âlighthouses|rip
|c|âlighthouses|gg
|
|switch|p1a: omfuga fetish|Kyurem|257\/391
|-ability|p1a: omfuga fetish|Pressure
|turn|26
|
|move|p1a: omfuga fetish|Draco Meteor|p2a: Mistake
|-damage|p2a: Mistake|0 fnt
|-unboost|p1a: omfuga fetish|spa|2
|faint|p2a: Mistake
|
|
|switch|p2a: No Hands|Medicham-Mega, M|261\/261
|turn|27
|
|move|p2a: No Hands|Zen Headbutt|p1a: omfuga fetish
|-damage|p1a: omfuga fetish|5\/391
|move|p1a: omfuga fetish|Draco Meteor|p2a: No Hands
|-damage|p2a: No Hands|41\/261
|-unboost|p1a: omfuga fetish|spa|2
|
|turn|28
|
|move|p2a: No Hands|Bullet Punch|p1a: omfuga fetish
|-supereffective|p1a: omfuga fetish
|-damage|p1a: omfuga fetish|0 fnt
|faint|p1a: omfuga fetish
|
|
|switch|p1a: Pidgeot|Pidgeot-Mega, F|238\/307
|turn|29
|c|âDolph The Showoff|Was not ricking the HJK miss lol
|c|âlighthouses|yeah ik
|c|âDolph The Showoff|*risking
|c|âlighthouses|hyd wins
|c|âlighthouses|i'm in rnge off crobat
|c|âlighthouses|after dark pulse
|
|move|p1a: Pidgeot|Hurricane|p2a: No Hands
|-supereffective|p2a: No Hands
|-damage|p2a: No Hands|0 fnt
|faint|p2a: No Hands
|
|
|switch|p2a: The Shield|Hydreigon, M|325\/325
|turn|30
|
|move|p2a: The Shield|Draco Meteor|p1a: Pidgeot
|-damage|p1a: Pidgeot|0 fnt
|-unboost|p2a: The Shield|spa|2
|faint|p1a: Pidgeot
|
|win|Dolph The Showoff
|raw|Ladder updating...
|c|âlighthouses|gg
|c|âDolph The Showoff|GG
|raw|lighthouses's rating: 1502 &rarr; <strong>1480<\/strong><br \/>(-22 for losing)
|raw|Dolph The Showoff's rating: 1460 &rarr; <strong>1482<\/strong><br \/>(+22 for winning)
|leave|lighthouses
|player|p1