|join|Dolph The Showoff
|join|anamchara
|player|p1|Dolph The Showoff|99
|player|p2|anamchara|169
|gametype|singles
|gen|6
|tier|UU
|rated
|rule|Sleep Clause Mod: Limit one foe put to sleep
|rule|Species Clause: Limit one of each PokÃ©mon
|rule|OHKO Clause: OHKO moves are banned
|rule|Moody Clause: Moody is banned
|rule|Evasion Moves Clause: Evasion moves are banned
|rule|Endless Battle Clause: Forcing endless battles is banned
|rule|HP Percentage Mod: HP is shown in percentages
|clearpoke
|poke|p1|Mienshao, M
|poke|p1|Raikou
|poke|p1|Crobat, M
|poke|p1|Krookodile, M
|poke|p1|Hydreigon, M
|poke|p1|Snorlax, M
|poke|p2|Darmanitan, F
|poke|p2|Arcanine, F
|poke|p2|Florges, F
|poke|p2|Honchkrow, M
|poke|p2|Nidoking, M
|poke|p2|Blastoise, F
|rule|Swagger Clause: Swagger is banned
|rule|Baton Pass Clause: Limit one PokÃ©mon knowing Baton Pass
|teampreview
|join|CaptainBravo
|
|start
|switch|p1a: HOOOOOOO|Raikou|321\/321
|switch|p2a: Darmanitan|Darmanitan, F|352\/352
|-ability|p1a: HOOOOOOO|Pressure
|turn|1
|
|move|p2a: Darmanitan|U-turn|p1a: HOOOOOOO
|-damage|p1a: HOOOOOOO|191\/321
|
|switch|p2a: Nidoking|Nidoking, M|303\/303
|move|p1a: HOOOOOOO|Thunderbolt|p2a: Nidoking
|-immune|p2a: Nidoking|[msg]
|
|turn|2
|
|switch|p1a: Tranquilo|Krookodile, M|331\/331
|-ability|p1a: Tranquilo|Intimidate|[of] p2a: Nidoking
|-unboost|p2a: Nidoking|atk|1
|move|p2a: Nidoking|Stealth Rock|p1a: Tranquilo
|-sidestart|p1: Dolph The Showoff|move: Stealth Rock
|
|turn|3
|
|move|p1a: Tranquilo|Earthquake|p2a: Nidoking
|-supereffective|p2a: Nidoking
|-damage|p2a: Nidoking|0 fnt
|faint|p2a: Nidoking
|
|
|switch|p2a: Darmanitan|Darmanitan, F|352\/352
|turn|4
|
|switch|p1a: Landbat|Crobat, M|371\/371
|-damage|p1a: Landbat|279\/371|[from] Stealth Rock
|move|p2a: Darmanitan|Flare Blitz|p1a: Landbat
|-damage|p1a: Landbat|0 fnt
|-damage|p2a: Darmanitan|260\/352|[from] recoil|[of] p1a: Landbat
|faint|p1a: Landbat
|
|
|switch|p1a: Three Amigos|Hydreigon, M|325\/325
|-damage|p1a: Three Amigos|285\/325|[from] Stealth Rock
|turn|5
|
|switch|p2a: Florges|Florges, F|360\/360
|move|p1a: Three Amigos|Iron Tail|p2a: Florges|[miss]
|-miss|p1a: Three Amigos|p2a: Florges
|
|turn|6
|
|move|p1a: Three Amigos|Iron Tail|p2a: Florges
|-supereffective|p2a: Florges
|-damage|p2a: Florges|142\/360
|-damage|p1a: Three Amigos|253\/325|[from] item: Life Orb
|move|p2a: Florges|Moonblast|p1a: Three Amigos
|-supereffective|p1a: Three Amigos
|-damage|p1a: Three Amigos|0 fnt
|faint|p1a: Three Amigos
|
|-heal|p2a: Florges|164\/360|[from] item: Leftovers
|
|switch|p1a: Tranquilo|Krookodile, M|331\/331
|-damage|p1a: Tranquilo|311\/331|[from] Stealth Rock
|-ability|p1a: Tranquilo|Intimidate|[of] p2a: Florges
|-unboost|p2a: Florges|atk|1
|turn|7
|
|move|p1a: Tranquilo|Earthquake|p2a: Florges
|-damage|p2a: Florges|22\/360
|move|p2a: Florges|Moonblast|p1a: Tranquilo
|-supereffective|p1a: Tranquilo
|-damage|p1a: Tranquilo|0 fnt
|faint|p1a: Tranquilo
|
|-heal|p2a: Florges|44\/360|[from] item: Leftovers
|
|switch|p1a: HOOOOOOO|Raikou|191\/321
|-damage|p1a: HOOOOOOO|151\/321|[from] Stealth Rock
|-ability|p1a: HOOOOOOO|Pressure
|turn|8
|
|move|p1a: HOOOOOOO|Thunderbolt|p2a: Florges
|-damage|p2a: Florges|0 fnt
|faint|p2a: Florges
|
|
|switch|p2a: Darmanitan|Darmanitan, F|260\/352
|turn|9
|
|move|p2a: Darmanitan|U-turn|p1a: HOOOOOOO
|-damage|p1a: HOOOOOOO|19\/321
|
|switch|p2a: Honchkrow|Honchkrow, M|341\/341
|move|p1a: HOOOOOOO|Thunderbolt|p2a: Honchkrow
|-supereffective|p2a: Honchkrow
|-damage|p2a: Honchkrow|0 fnt
|faint|p2a: Honchkrow
|
|
|switch|p2a: Darmanitan|Darmanitan, F|260\/352
|turn|10
|
|move|p2a: Darmanitan|U-turn|p1a: HOOOOOOO
|-damage|p1a: HOOOOOOO|0 fnt
|faint|p1a: HOOOOOOO
|
|switch|p2a: Arcanine|Arcanine, F|384\/384
|
|
|switch|p1a: Whiskers|Mienshao, M|271\/271
|-damage|p1a: Whiskers|255\/271|[from] Stealth Rock
|turn|11
|
|move|p1a: Whiskers|High Jump Kick|p2a: Arcanine
|-damage|p2a: Arcanine|177\/384
|-damage|p1a: Whiskers|210\/271|[from] item: Rocky Helmet|[of] p2a: Arcanine
|move|p2a: Arcanine|Will-O-Wisp|p1a: Whiskers
|-status|p1a: Whiskers|brn
|
|-damage|p1a: Whiskers|177\/271 brn|[from] brn
|turn|12
|
|switch|p1a: Javier|Snorlax, M|497\/497
|-damage|p1a: Javier|435\/497|[from] Stealth Rock
|move|p2a: Arcanine|Morning Sun|p2a: Arcanine
|-heal|p2a: Arcanine|369\/384
|
|-heal|p1a: Javier|466\/497|[from] item: Leftovers
|turn|13
|
|move|p2a: Arcanine|Toxic|p1a: Javier
|-status|p1a: Javier|tox
|move|p1a: Javier|Curse|p1a: Javier
|-boost|p1a: Javier|atk|1
|-boost|p1a: Javier|def|1
|-unboost|p1a: Javier|spe|1
|
|-heal|p1a: Javier|497\/497 tox|[from] item: Leftovers
|-damage|p1a: Javier|466\/497 tox|[from] psn
|turn|14
|
|switch|p2a: Blastoise|Blastoise, F|320\/320
|move|p1a: Javier|Curse|p1a: Javier
|-boost|p1a: Javier|atk|1
|-boost|p1a: Javier|def|1
|-unboost|p1a: Javier|spe|1
|
|-heal|p1a: Javier|497\/497 tox|[from] item: Leftovers
|-damage|p1a: Javier|435\/497 tox|[from] psn
|turn|15
|
|detailschange|p2a: Blastoise|Blastoise-Mega, F
|-mega|p2a: Blastoise|Blastoise|Blastoisinite
|move|p1a: Javier|Rest|p1a: Javier
|-status|p1a: Javier|slp
|-heal|p1a: Javier|497\/497 slp|[silent]
|-status|p1a: Javier|slp|[from] move: Rest
|move|p2a: Blastoise|Roar|p1a: Javier
|drag|p1a: Whiskers|Mienshao, M|177\/271 brn
|-damage|p1a: Whiskers|161\/271 brn|[from] Stealth Rock
|
|-damage|p1a: Whiskers|128\/271 brn|[from] brn
|turn|16
|
|move|p1a: Whiskers|High Jump Kick|p2a: Blastoise
|-damage|p2a: Blastoise|220\/320
|move|p2a: Blastoise|Scald|p1a: Whiskers
|-damage|p1a: Whiskers|0 fnt
|faint|p1a: Whiskers
|
|
|switch|p1a: Javier|Snorlax, M|497\/497 slp
|-damage|p1a: Javier|435\/497 slp|[from] Stealth Rock
|turn|17
|
|switch|p2a: Darmanitan|Darmanitan, F|260\/352
|cant|p1a: Javier|slp
|move|p1a: Javier|Sleep Talk|p1a: Javier
|move|p1a: Javier|Body Slam|p2a: Darmanitan|[from]Sleep Talk
|-damage|p2a: Darmanitan|100\/352
|-status|p2a: Darmanitan|par
|
|-heal|p1a: Javier|466\/497 slp|[from] item: Leftovers
|turn|18
|
|move|p2a: Darmanitan|U-turn|p1a: Javier
|-damage|p1a: Javier|367\/497 slp
|
|switch|p2a: Arcanine|Arcanine, F|369\/384
|-ability|p2a: Arcanine|Intimidate|[of] p1a: Javier
|-unboost|p1a: Javier|atk|1
|cant|p1a: Javier|slp
|move|p1a: Javier|Sleep Talk|p1a: Javier
|move|p1a: Javier|Rest|p1a: Javier|[from]Sleep Talk
|-fail|p1a: Javier
|
|-heal|p1a: Javier|398\/497 slp|[from] item: Leftovers
|turn|19
|
|switch|p2a: Darmanitan|Darmanitan, F|100\/352 par
|-curestatus|p1a: Javier|slp
|move|p1a: Javier|Curse|p1a: Javier
|-boost|p1a: Javier|atk|1
|-boost|p1a: Javier|def|1
|-unboost|p1a: Javier|spe|1
|
|-heal|p1a: Javier|429\/497|[from] item: Leftovers
|turn|20
|
|cant|p2a: Darmanitan|par
|move|p1a: Javier|Curse|p1a: Javier
|-boost|p1a: Javier|atk|1
|-boost|p1a: Javier|def|1
|-unboost|p1a: Javier|spe|1
|
|-heal|p1a: Javier|460\/497|[from] item: Leftovers
|turn|21
|
|move|p2a: Darmanitan|Flare Blitz|p1a: Javier
|-damage|p1a: Javier|376\/497
|-damage|p2a: Darmanitan|72\/352 par|[from] recoil|[of] p1a: Javier
|move|p1a: Javier|Body Slam|p2a: Darmanitan
|-damage|p2a: Darmanitan|0 fnt
|faint|p2a: Darmanitan
|
|-heal|p1a: Javier|407\/497|[from] item: Leftovers
|-message|anamchara forfeited.
|
|win|Dolph The Showoff
|raw|Ladder updating...
|leave|anamchara
|player|p2
|raw|Dolph The Showoff's rating: 1331 &rarr; <strong>1353<\/strong><br \/>(+22 for winning)
|raw|anamchara's rating: 1378 &rarr; <strong>1355<\/strong><br \/>(-23 for losing)