|J|Typhozzz
|J|E4 Paruh
|player|p1|Typhozzz|typhozzz.gif
|player|p2|E4 Paruh|290
|gametype|singles
|gen|6
|tier|UU
|rule|Sleep Clause Mod: Limit one foe put to sleep
|rule|Species Clause: Limit one of each PokÃ©mon
|rule|OHKO Clause: OHKO moves are banned
|rule|Moody Clause: Moody is banned
|rule|Evasion Moves Clause: Evasion moves are banned
|rule|Endless Battle Clause: Forcing endless battles is banned
|rule|HP Percentage Mod: HP is shown in percentages
|clearpoke
|poke|p1|Entei, shiny
|poke|p1|Celebi
|poke|p1|Forretress, M
|poke|p1|Hydreigon, F
|poke|p1|Swampert, M
|poke|p1|Mienshao, F
|poke|p2|Blissey, F
|poke|p2|Forretress, F
|poke|p2|Swampert, F
|poke|p2|Darmanitan, F
|poke|p2|Hydreigon, M
|poke|p2|Machamp, M
|rule|Swagger Clause: Swagger is banned
|rule|Baton Pass Clause: Limit one PokÃ©mon knowing Baton Pass
|teampreview
|c|âTyphozzz|gl hf
|c|âE4 Paruh|u2
|J|Imp CrazyClown94
|J|RDX E4 Viva
|L|RDX E4 Viva
|J|Starizardz
|
|start
|switch|p1a: Destroyed|Mienshao, F|271\/271
|switch|p2a: Machamp|Machamp, M|383\/383
|turn|1
|
|move|p1a: Destroyed|U-turn|p2a: Machamp
|-resisted|p2a: Machamp
|-damage|p2a: Machamp|336\/383
|
|switch|p1a: Scrumptious|Forretress, M|354\/354
|move|p2a: Machamp|Dynamic Punch|p1a: Scrumptious
|-crit|p1a: Scrumptious
|-damage|p1a: Scrumptious|177\/354
|-start|p1a: Scrumptious|confusion
|
|-heal|p1a: Scrumptious|199\/354|[from] item: Leftovers
|turn|2
|c|âTyphozzz|mfw crits
|c|âTyphozzz|help
|c|âTyphozzz|?_?
|c|âE4 Paruh|lol
|
|switch|p1a: Onion Head|Celebi|403\/403
|move|p2a: Machamp|Dynamic Punch|p1a: Onion Head
|-crit|p1a: Onion Head
|-resisted|p1a: Onion Head
|-damage|p1a: Onion Head|263\/403
|-start|p1a: Onion Head|confusion
|
|-heal|p1a: Onion Head|288\/403|[from] item: Leftovers
|turn|3
|c|âTyphozzz|mfw help
|c|âE4 Paruh|LOL
|c|âTyphozzz|help
|
|switch|p1a: Team Player|Swampert, M|341\/341
|move|p2a: Machamp|Knock Off|p1a: Team Player
|-damage|p1a: Team Player|245\/341
|
|turn|4
|
|detailschange|p1a: Team Player|Swampert-Mega, M
|-mega|p1a: Team Player|Swampert|Swampertite
|move|p1a: Team Player|Waterfall|p2a: Machamp
|-damage|p2a: Machamp|140\/383
|move|p2a: Machamp|Dynamic Punch|p1a: Team Player
|-damage|p1a: Team Player|61\/341
|-start|p1a: Team Player|confusion
|
|turn|5
|c|âTyphozzz|sike
|c|âE4 Paruh|hey team player
|c|âTyphozzz|yung bill
|c|âTyphozzz|catch this
|c|âTyphozzz|ok
|c|âTyphozzz|stop!
|c|âE4 Paruh|thats from pokemon reborn
|
|switch|p1a: Onion Head|Celebi|288\/403
|move|p2a: Machamp|Ice Punch|p1a: Onion Head
|-supereffective|p1a: Onion Head
|-damage|p1a: Onion Head|100\/403
|
|-heal|p1a: Onion Head|125\/403|[from] item: Leftovers
|turn|6
|c|âTyphozzz|yes
|
|move|p1a: Onion Head|Recover|p1a: Onion Head
|-heal|p1a: Onion Head|327\/403
|move|p2a: Machamp|Dynamic Punch|p1a: Onion Head
|-resisted|p1a: Onion Head
|-damage|p1a: Onion Head|236\/403
|-start|p1a: Onion Head|confusion
|
|-heal|p1a: Onion Head|261\/403|[from] item: Leftovers
|turn|7
|J|Exhaust
|c|âTyphozzz|stop burd
|
|-activate|p1a: Onion Head|confusion
|-damage|p1a: Onion Head|231\/403|[from] confusion
|move|p2a: Machamp|Knock Off|p1a: Onion Head
|-supereffective|p1a: Onion Head
|-damage|p1a: Onion Head|0 fnt
|-enditem|p1a: Onion Head|Leftovers|[from] move: Knock Off|[of] p2a: Machamp
|faint|p1a: Onion Head
|
|c|âTyphozzz|ok
|c|âTyphozzz|fuck
|c|âTyphozzz|this game
|c|âTyphozzz|rn
|
|switch|p1a: Burn Machine|Entei, shiny|371\/371
|-ability|p1a: Burn Machine|Pressure
|turn|8
|
|move|p1a: Burn Machine|Sacred Fire|p2a: Machamp
|-damage|p2a: Machamp|0 fnt
|faint|p2a: Machamp
|
|raw|<div class="chat"><font color=#4249F8>à®<\/font><button class="astext" name="parseCommand" value="\/user Exhaust"><b><font color="#0101DA">Exhaust:<\/font><\/b><\/button> ur so bed<\/div>
|
|switch|p2a: Swampert|Swampert, F|342\/342
|turn|9
|raw|<div class="broadcast-red"><b>Moderated chat was set to +!<\/b><br \/>Only users of rank + and higher can talk.<\/div>
|c|âTyphozzz|fgt
|c|âE4 Paruh|lol
|
|switch|p1a: 3sum|Hydreigon, F|325\/325
|detailschange|p2a: Swampert|Swampert-Mega, F
|-mega|p2a: Swampert|Swampert|Swampertite
|move|p2a: Swampert|Rain Dance|p2a: Swampert
|-weather|RainDance
|
|-weather|RainDance|[upkeep]
|turn|10
|c|âTyphozzz|yum
|
|move|p1a: 3sum|Dark Pulse|p2a: Swampert
|-damage|p2a: Swampert|204\/342
|move|p2a: Swampert|Ice Punch|p1a: 3sum
|-supereffective|p1a: 3sum
|-damage|p1a: 3sum|47\/325
|
|-weather|RainDance|[upkeep]
|turn|11
|J|Sandman619
|c|âTyphozzz|ok
|c|âTyphozzz|flinch
|c|âTyphozzz|pls ty
|
|move|p1a: 3sum|Dark Pulse|p2a: Swampert
|-damage|p2a: Swampert|66\/342
|move|p2a: Swampert|Waterfall|p1a: 3sum
|-resisted|p1a: 3sum
|-damage|p1a: 3sum|0 fnt
|faint|p1a: 3sum
|
|-weather|RainDance|[upkeep]
|c|âTyphozzz|ok
|
|switch|p1a: Burn Machine|Entei, shiny|371\/371
|-ability|p1a: Burn Machine|Pressure
|turn|12
|c|âE4 Paruh|nope
|c|âTyphozzz|mfw
|
|move|p1a: Burn Machine|Extreme Speed|p2a: Swampert
|-damage|p2a: Swampert|0 fnt
|faint|p2a: Swampert
|
|-weather|RainDance|[upkeep]
|c|âTyphozzz|ilose
|c|âTyphozzz|to hax
|c|âTyphozzz|smh
|
|switch|p2a: Darmanitan|Darmanitan, F|352\/352
|turn|13
|c|âE4 Paruh|lol
|
|switch|p1a: Scrumptious|Forretress, M|199\/354
|move|p2a: Darmanitan|Rock Slide|p1a: Scrumptious
|-damage|p1a: Scrumptious|87\/354
|
|-weather|none
|-heal|p1a: Scrumptious|109\/354|[from] item: Leftovers
|turn|14
|J|13490ufd
|
|move|p2a: Darmanitan|Rock Slide|p1a: Scrumptious
|-damage|p1a: Scrumptious|0 fnt
|faint|p1a: Scrumptious
|
|c|âTyphozzz|ok
|
|switch|p1a: Destroyed|Mienshao, F|271\/271
|turn|15
|c|âE4 Paruh|my friend Adil would say
|L|Sandman619
|c|âE4 Paruh|> excuses
|c|âTyphozzz|gay
|c|âE4 Paruh|hes really good
|c|âE4 Paruh|at uu
|
|switch|p2a: Forretress|Forretress, F|354\/354
|move|p1a: Destroyed|High Jump Kick|p2a: Forretress
|-damage|p2a: Forretress|218\/354
|
|-heal|p2a: Forretress|240\/354|[from] item: Leftovers
|turn|16
|J|RDX E4 Viva
|c|âE4 Paruh|topped the ladder
|c|âTyphozzz|sike
|
|switch|p1a: Burn Machine|Entei, shiny|371\/371
|-ability|p1a: Burn Machine|Pressure
|move|p2a: Forretress|Gyro Ball|p1a: Burn Machine
|-resisted|p1a: Burn Machine
|-damage|p1a: Burn Machine|307\/371
|
|-heal|p2a: Forretress|262\/354|[from] item: Leftovers
|turn|17
|c|âTyphozzz|yung squad leader
|c|âTyphozzz|they call me
|c|âTyphozzz|?_?
|L|13490ufd
|
|switch|p2a: Hydreigon|Hydreigon, M|325\/325
|move|p1a: Burn Machine|Sacred Fire|p2a: Hydreigon
|-resisted|p2a: Hydreigon
|-damage|p2a: Hydreigon|161\/325
|
|turn|18
|
|switch|p1a: Team Player|Swampert-Mega, M|61\/341
|move|p2a: Hydreigon|Draco Meteor|p1a: Team Player
|-damage|p1a: Team Player|0 fnt
|-unboost|p2a: Hydreigon|spa|2
|faint|p1a: Team Player
|
|
|switch|p1a: Burn Machine|Entei, shiny|307\/371
|-ability|p1a: Burn Machine|Pressure
|turn|19
|
|switch|p2a: Blissey|Blissey, F|714\/714
|move|p1a: Burn Machine|Sacred Fire|p2a: Blissey
|-damage|p2a: Blissey|200\/714
|
|-heal|p2a: Blissey|244\/714|[from] item: Leftovers
|turn|20
|c|âTyphozzz|counter is here
|
|move|p1a: Burn Machine|Sacred Fire|p2a: Blissey
|-damage|p2a: Blissey|0 fnt
|faint|p2a: Blissey
|
|
|switch|p2a: Darmanitan|Darmanitan, F|352\/352
|turn|21
|
|move|p2a: Darmanitan|Rock Slide|p1a: Burn Machine
|-supereffective|p1a: Burn Machine
|-damage|p1a: Burn Machine|0 fnt
|faint|p1a: Burn Machine
|
|
|switch|p1a: Destroyed|Mienshao, F|271\/271
|turn|22
|
|switch|p2a: Forretress|Forretress, F|262\/354
|move|p1a: Destroyed|High Jump Kick|p2a: Forretress
|-crit|p2a: Forretress
|-damage|p2a: Forretress|69\/354
|
|-heal|p2a: Forretress|91\/354|[from] item: Leftovers
|turn|23
|c|âE4 Paruh|uh oh
|
|move|p1a: Destroyed|High Jump Kick|p2a: Forretress
|-damage|p2a: Forretress|0 fnt
|faint|p2a: Forretress
|
|
|switch|p2a: Hydreigon|Hydreigon, M|161\/325
|turn|24
|c|âTyphozzz|lemme just
|c|âTyphozzz|not miss
|
|move|p1a: Destroyed|High Jump Kick|p2a: Hydreigon
|-supereffective|p2a: Hydreigon
|-damage|p2a: Hydreigon|0 fnt
|faint|p2a: Hydreigon
|
|c|âE4 Paruh|gg
|
|switch|p2a: Darmanitan|Darmanitan, F|352\/352
|turn|25
|c|âE4 Paruh|:\/
|
|move|p1a: Destroyed|High Jump Kick|p2a: Darmanitan
|-damage|p2a: Darmanitan|1\/352
|move|p2a: Darmanitan|Flare Blitz|p1a: Destroyed
|-damage|p1a: Destroyed|0 fnt
|-damage|p2a: Darmanitan|0 fnt|[from] recoil|[of] p1a: Destroyed
|faint|p1a: Destroyed
|faint|p2a: Darmanitan
|
|win|E4 Paruh
|c|âTyphozzz|NO
|c|âE4 Paruh|LOL
|c|âTyphozzz|STOP
|c|âE4 Paruh|DARM
|L|Exhaust
|L|Starizardz
|c|âE4 Paruh|FTW
|c|âE4 Paruh|LETS GO
|L|Typhozzz
|player|p1
|L|RDX E4 Viva