|J|Imp Zulkaz
|J|Typhozzz
|player|p1|Imp Zulkaz|impzulkaz.png
|player|p2|Typhozzz|typhozzz.gif
|gametype|singles
|gen|6
|tier|UU
|rule|Sleep Clause Mod: Limit one foe put to sleep
|rule|Species Clause: Limit one of each PokÃ©mon
|rule|OHKO Clause: OHKO moves are banned
|rule|Moody Clause: Moody is banned
|rule|Evasion Moves Clause: Evasion moves are banned
|rule|Endless Battle Clause: Forcing endless battles is banned
|rule|HP Percentage Mod: HP is shown in percentages
|clearpoke
|poke|p1|Jirachi
|poke|p1|Tentacruel, F
|poke|p1|Chesnaught, F
|poke|p1|Azelf
|poke|p1|Beedrill, F
|poke|p1|Nidoking, M
|poke|p2|Donphan, M
|poke|p2|Chandelure, M
|poke|p2|Lucario, M
|poke|p2|Galvantula, M
|poke|p2|Empoleon, M
|poke|p2|Aerodactyl, M
|rule|Swagger Clause: Swagger is banned
|rule|Baton Pass Clause: Limit one PokÃ©mon knowing Baton Pass
|teampreview
|J|Imp Sagax06
|c|âTyphozzz|u ready for this shit team 
|c|âTyphozzz|lol 
|c|âTyphozzz|gl hf
|c| Imp Sagax06|lol
|c|âImp Zulkaz|typh you know what my azelf 
|c|âImp Zulkaz|is 
|c|âTyphozzz|huh?
|c|âTyphozzz|theres like
|c|âTyphozzz|one azelf set
|c|âImp Zulkaz|its the best set 
|c| Imp Sagax06|vid wut happened to the lvl
|c|âTyphozzz|prollylike
|c|âTyphozzz|some future sight nasty plot bullshit
|c|âTyphozzz|so annoying
|
|start
|switch|p1a: Azelf|Azelf|291\/291
|switch|p2a: Empoleon|Empoleon, M|372\/372
|turn|1
|c|âImp Zulkaz|waiting for them to getl ineup 
|c| Imp Sagax06|o
|
|move|p1a: Azelf|Stealth Rock|p2a: Empoleon
|-sidestart|p2: Typhozzz|move: Stealth Rock
|move|p2a: Empoleon|Scald|p1a: Azelf
|-damage|p1a: Azelf|149\/291
|
|turn|2
|c| Imp Sagax06|lol
|c| Imp Sagax06|k
|
|move|p1a: Azelf|U-turn|p2a: Empoleon
|-resisted|p2a: Empoleon
|-damage|p2a: Empoleon|331\/372
|
|switch|p1a: Tentacruel|Tentacruel, F|364\/364
|move|p2a: Empoleon|Stealth Rock|p1a: Tentacruel
|-sidestart|p1: Imp Zulkaz|move: Stealth Rock
|
|-heal|p2a: Empoleon|354\/372|[from] item: Leftovers
|turn|3
|
|move|p1a: Tentacruel|Toxic Spikes|p2a: Empoleon
|-sidestart|p2: Typhozzz|move: Toxic Spikes
|move|p2a: Empoleon|Defog|p1a: Tentacruel
|-fail|p1a: Tentacruel|unboost|[from] ability: Clear Body|[of] p1a: Tentacruel
|-sideend|p1: Imp Zulkaz|Stealth Rock|[from] move: Defog|[of] p1a: Tentacruel
|-sideend|p2: Typhozzz|Toxic Spikes|[from] move: Defog|[of] p2a: Empoleon
|-sideend|p2: Typhozzz|Stealth Rock|[from] move: Defog|[of] p2a: Empoleon
|
|-heal|p2a: Empoleon|372\/372|[from] item: Leftovers
|turn|4
|c|âTyphozzz|lol
|c|âTyphozzz|stop
|
|move|p1a: Tentacruel|Scald|p2a: Empoleon
|-resisted|p2a: Empoleon
|-damage|p2a: Empoleon|345\/372
|move|p2a: Empoleon|Scald|p1a: Tentacruel
|-resisted|p1a: Tentacruel
|-damage|p1a: Tentacruel|333\/364
|
|-heal|p1a: Tentacruel|355\/364|[from] item: Black Sludge
|-heal|p2a: Empoleon|368\/372|[from] item: Leftovers
|turn|5
|
|move|p1a: Tentacruel|Scald|p2a: Empoleon
|-resisted|p2a: Empoleon
|-damage|p2a: Empoleon|338\/372
|-status|p2a: Empoleon|brn
|move|p2a: Empoleon|Scald|p1a: Tentacruel
|-resisted|p1a: Tentacruel
|-damage|p1a: Tentacruel|325\/364
|
|-heal|p1a: Tentacruel|347\/364|[from] item: Black Sludge
|-heal|p2a: Empoleon|361\/372 brn|[from] item: Leftovers
|-damage|p2a: Empoleon|315\/372 brn|[from] brn
|turn|6
|c|âTyphozzz|ok
|c|âTyphozzz|stop
|
|move|p1a: Tentacruel|Toxic Spikes|p2a: Empoleon
|-sidestart|p2: Typhozzz|move: Toxic Spikes
|move|p2a: Empoleon|Scald|p1a: Tentacruel
|-resisted|p1a: Tentacruel
|-damage|p1a: Tentacruel|315\/364
|
|-heal|p1a: Tentacruel|337\/364|[from] item: Black Sludge
|-heal|p2a: Empoleon|338\/372 brn|[from] item: Leftovers
|-damage|p2a: Empoleon|292\/372 brn|[from] brn
|turn|7
|c|âTyphozzz|!!!
|c|âTyphozzz|omfg
|c|âTyphozzz|sma
|
|switch|p1a: Beedrill|Beedrill, F|271\/271
|move|p2a: Empoleon|Scald|p1a: Beedrill
|-damage|p1a: Beedrill|139\/271
|-status|p1a: Beedrill|brn
|
|-heal|p2a: Empoleon|315\/372 brn|[from] item: Leftovers
|-damage|p1a: Beedrill|106\/271 brn|[from] brn
|-damage|p2a: Empoleon|269\/372 brn|[from] brn
|turn|8
|c|âTyphozzz|nice counter
|c|âTyphozzz|!!!
|
|detailschange|p1a: Beedrill|Beedrill-Mega, F
|-mega|p1a: Beedrill|Beedrill|Beedrillite
|move|p1a: Beedrill|U-turn|p2a: Empoleon
|-resisted|p2a: Empoleon
|-damage|p2a: Empoleon|219\/372 brn
|c|âImp Zulkaz|that's ok 
|
|switch|p1a: Nidoking|Nidoking, M|303\/303
|move|p2a: Empoleon|Defog|p1a: Nidoking
|-unboost|p1a: Nidoking|evasion|1
|-sideend|p2: Typhozzz|Toxic Spikes|[from] move: Defog|[of] p2a: Empoleon
|
|-heal|p2a: Empoleon|242\/372 brn|[from] item: Leftovers
|-damage|p2a: Empoleon|196\/372 brn|[from] brn
|turn|9
|c|âTyphozzz|but
|c|âTyphozzz|its not ok!
|c|âImp Zulkaz|lol typh 
|c|âImp Zulkaz|i have a way for bedril to be a threat 
|c|âImp Zulkaz|again 
|c|âTyphozzz|ok
|c|âTyphozzz|healing wish rachi
|c|âTyphozzz|ez pz
|
|switch|p2a: Galvantula|Galvantula, M|281\/281
|move|p1a: Nidoking|Earth Power|p2a: Galvantula
|-enditem|p2a: Galvantula|Focus Sash
|-damage|p2a: Galvantula|1\/281
|
|turn|10
|
|switch|p1a: Jirachi|Jirachi|341\/341
|move|p2a: Galvantula|Sticky Web|p1a: Jirachi
|-sidestart|p1: Imp Zulkaz|move: Sticky Web
|
|turn|11
|
|switch|p2a: Chandelure|Chandelure, M|261\/261
|move|p1a: Jirachi|U-turn|p2a: Chandelure
|-crit|p2a: Chandelure
|-resisted|p2a: Chandelure
|-damage|p2a: Chandelure|234\/261
|c|âTyphozzz|counter
|c|âTyphozzz|???
|
|switch|p1a: Tentacruel|Tentacruel, F|337\/364
|-activate|p1a: Tentacruel|move: Sticky Web
|-fail|p1a: Tentacruel|unboost|[from] ability: Clear Body|[of] p1a: Tentacruel
|
|-heal|p1a: Tentacruel|359\/364|[from] item: Black Sludge
|turn|12
|c|âTyphozzz|where????
|
|move|p2a: Chandelure|Shadow Ball|p1a: Tentacruel
|-damage|p1a: Tentacruel|202\/364
|move|p1a: Tentacruel|Scald|p2a: Chandelure
|-supereffective|p2a: Chandelure
|-damage|p2a: Chandelure|64\/261
|
|-heal|p1a: Tentacruel|224\/364|[from] item: Black Sludge
|turn|13
|
|switch|p2a: Empoleon|Empoleon, M|196\/372 brn
|move|p1a: Tentacruel|Scald|p2a: Empoleon
|-crit|p2a: Empoleon
|-resisted|p2a: Empoleon
|-damage|p2a: Empoleon|154\/372 brn
|
|-heal|p1a: Tentacruel|246\/364|[from] item: Black Sludge
|-heal|p2a: Empoleon|177\/372 brn|[from] item: Leftovers
|-damage|p2a: Empoleon|131\/372 brn|[from] brn
|turn|14
|
|move|p1a: Tentacruel|Rapid Spin|p2a: Empoleon
|-resisted|p2a: Empoleon
|-damage|p2a: Empoleon|125\/372 brn
|-sideend|p1: Imp Zulkaz|Sticky Web|[from] move: Rapid Spin|[of] p1a: Tentacruel
|move|p2a: Empoleon|Scald|p1a: Tentacruel
|-resisted|p1a: Tentacruel
|-damage|p1a: Tentacruel|215\/364
|-status|p1a: Tentacruel|brn
|
|-heal|p1a: Tentacruel|237\/364 brn|[from] item: Black Sludge
|-heal|p2a: Empoleon|148\/372 brn|[from] item: Leftovers
|-damage|p1a: Tentacruel|192\/364 brn|[from] brn
|-damage|p2a: Empoleon|102\/372 brn|[from] brn
|turn|15
|
|switch|p1a: Nidoking|Nidoking, M|303\/303
|move|p2a: Empoleon|Stealth Rock|p1a: Nidoking
|-sidestart|p1: Imp Zulkaz|move: Stealth Rock
|
|-heal|p2a: Empoleon|125\/372 brn|[from] item: Leftovers
|-damage|p2a: Empoleon|79\/372 brn|[from] brn
|turn|16
|
|move|p1a: Nidoking|Earth Power|p2a: Empoleon
|-supereffective|p2a: Empoleon
|-damage|p2a: Empoleon|0 fnt
|faint|p2a: Empoleon
|
|L|Imp Sagax06
|
|switch|p2a: Galvantula|Galvantula, M|1\/281
|turn|17
|c|âTyphozzz|kek this team
|
|move|p2a: Galvantula|Sticky Web|p1a: Nidoking
|-sidestart|p1: Imp Zulkaz|move: Sticky Web
|move|p1a: Nidoking|Sludge Wave|p2a: Galvantula
|-damage|p2a: Galvantula|0 fnt
|faint|p2a: Galvantula
|
|c|âTyphozzz|is so bad
|c|âTyphozzz|kekek
|
|switch|p2a: Donphan|Donphan, M|364\/364
|turn|18
|c|âImp Zulkaz|they call me 0 switch ins 
|
|move|p1a: Nidoking|Ice Beam|p2a: Donphan
|-supereffective|p2a: Donphan
|-damage|p2a: Donphan|96\/364
|move|p2a: Donphan|Knock Off|p1a: Nidoking
|-damage|p1a: Nidoking|165\/303
|-enditem|p1a: Nidoking|Life Orb|[from] move: Knock Off|[of] p2a: Donphan
|
|turn|19
|c|âTyphozzz|ok or just stay in
|c|âTyphozzz|thats cool
|
|move|p2a: Donphan|Ice Shard|p1a: Nidoking
|-supereffective|p1a: Nidoking
|-damage|p1a: Nidoking|51\/303
|move|p1a: Nidoking|Earth Power|p2a: Donphan
|-damage|p2a: Donphan|0 fnt
|faint|p2a: Donphan
|
|
|switch|p2a: Aerodactyl|Aerodactyl, M|301\/301
|-ability|p2a: Aerodactyl|Pressure
|turn|20
|
|switch|p1a: Chesnaught|Chesnaught, F|380\/380
|-activate|p1a: Chesnaught|move: Sticky Web
|-unboost|p1a: Chesnaught|spe|1
|-damage|p1a: Chesnaught|357\/380|[from] Stealth Rock
|detailschange|p2a: Aerodactyl|Aerodactyl-Mega, M
|-mega|p2a: Aerodactyl|Aerodactyl|Aerodactylite
|move|p2a: Aerodactyl|Aerial Ace|p1a: Chesnaught
|-supereffective|p1a: Chesnaught
|-damage|p1a: Chesnaught|5\/380
|
|-heal|p1a: Chesnaught|28\/380|[from] item: Leftovers
|turn|21
|c|âTyphozzz|ez
|
|move|p2a: Aerodactyl|Earthquake|p1a: Chesnaught
|-resisted|p1a: Chesnaught
|-damage|p1a: Chesnaught|0 fnt
|faint|p1a: Chesnaught
|
|
|switch|p1a: Jirachi|Jirachi|341\/341
|-activate|p1a: Jirachi|move: Sticky Web
|-unboost|p1a: Jirachi|spe|1
|-damage|p1a: Jirachi|320\/341|[from] Stealth Rock
|turn|22
|
|switch|p2a: Chandelure|Chandelure, M|64\/261
|move|p1a: Jirachi|Iron Head|p2a: Chandelure
|-resisted|p2a: Chandelure
|-damage|p2a: Chandelure|0 fnt
|faint|p2a: Chandelure
|
|
|switch|p2a: Lucario|Lucario, M|281\/281
|turn|23
|
|switch|p1a: Azelf|Azelf|149\/291
|-damage|p1a: Azelf|113\/291|[from] Stealth Rock
|move|p2a: Lucario|Crunch|p1a: Azelf
|-supereffective|p1a: Azelf
|-damage|p1a: Azelf|0 fnt
|-damage|p2a: Lucario|253\/281|[from] item: Life Orb
|faint|p1a: Azelf
|
|
|switch|p1a: Jirachi|Jirachi|320\/341
|-damage|p1a: Jirachi|299\/341|[from] Stealth Rock
|-activate|p1a: Jirachi|move: Sticky Web
|-unboost|p1a: Jirachi|spe|1
|turn|24
|
|move|p1a: Jirachi|Iron Head|p2a: Lucario
|-resisted|p2a: Lucario
|-damage|p2a: Lucario|177\/281
|move|p2a: Lucario|Crunch|p1a: Jirachi
|-supereffective|p1a: Jirachi
|-damage|p1a: Jirachi|52\/341
|-damage|p2a: Lucario|149\/281|[from] item: Life Orb
|
|turn|25
|c|âImp Zulkaz|time to be good 
|
|move|p2a: Lucario|Extreme Speed|p1a: Jirachi
|-resisted|p1a: Jirachi
|-damage|p1a: Jirachi|0 fnt
|-damage|p2a: Lucario|121\/281|[from] item: Life Orb
|faint|p1a: Jirachi
|
|
|switch|p1a: Tentacruel|Tentacruel, F|192\/364 brn
|-activate|p1a: Tentacruel|move: Sticky Web
|-fail|p1a: Tentacruel|unboost|[from] ability: Clear Body|[of] p1a: Tentacruel
|-damage|p1a: Tentacruel|147\/364 brn|[from] Stealth Rock
|turn|26
|c|âTyphozzz|nice choke buddy
|c|âTyphozzz|gg
|
|move|p2a: Lucario|Close Combat|p1a: Tentacruel
|-resisted|p1a: Tentacruel
|-damage|p1a: Tentacruel|0 fnt
|-unboost|p2a: Lucario|def|1
|-unboost|p2a: Lucario|spd|1
|-damage|p2a: Lucario|93\/281|[from] item: Life Orb
|faint|p1a: Tentacruel
|
|J|Imp Sagax06
|
|switch|p1a: Beedrill|Beedrill-Mega, F|106\/271 brn
|-damage|p1a: Beedrill|39\/271 brn|[from] Stealth Rock
|-activate|p1a: Beedrill|move: Sticky Web
|-unboost|p1a: Beedrill|spe|1
|turn|27
|
|move|p2a: Lucario|Extreme Speed|p1a: Beedrill
|-damage|p1a: Beedrill|0 fnt
|-damage|p2a: Lucario|65\/281|[from] item: Life Orb
|faint|p1a: Beedrill
|
|
|switch|p1a: Nidoking|Nidoking, M|51\/303
|-activate|p1a: Nidoking|move: Sticky Web
|-unboost|p1a: Nidoking|spe|1
|-damage|p1a: Nidoking|33\/303|[from] Stealth Rock
|turn|28
|
|move|p2a: Lucario|Extreme Speed|p1a: Nidoking
|-damage|p1a: Nidoking|0 fnt
|-damage|p2a: Lucario|37\/281|[from] item: Life Orb
|faint|p1a: Nidoking
|
|win|Typhozzz