|J|Typhozzz
|J|Imp HangMioku
|player|p1|Typhozzz|typhozzz.gif
|player|p2|Imp HangMioku|170
|gametype|singles
|gen|6
|tier|UU
|rule|Sleep Clause Mod: Limit one foe put to sleep
|rule|Species Clause: Limit one of each PokÃ©mon
|rule|OHKO Clause: OHKO moves are banned
|rule|Moody Clause: Moody is banned
|rule|Evasion Moves Clause: Evasion moves are banned
|rule|Endless Battle Clause: Forcing endless battles is banned
|rule|HP Percentage Mod: HP is shown in percentages
|clearpoke
|poke|p1|Blastoise, M
|poke|p1|Florges, F
|poke|p1|Chesnaught, M
|poke|p1|Arcanine, M
|poke|p1|Hippowdon, M
|poke|p1|Darmanitan, M
|poke|p2|Chandelure, M
|poke|p2|Vaporeon, M
|poke|p2|Sceptile, F
|poke|p2|Ditto
|poke|p2|Chesnaught, F
|poke|p2|Empoleon, F
|rule|Swagger Clause: Swagger is banned
|rule|Baton Pass Clause: Limit one PokÃ©mon knowing Baton Pass
|teampreview
|c|âTyphozzz|ah nice squad
|c|âImp HangMioku|i like chesnaught
|c|âTyphozzz|so do i lol
|J|Imp Greed
|c|âTyphozzz|gl hf 
|c|âTyphozzz|oh a ditto
|c|âTyphozzz|nb nb
|c|âImp HangMioku|i will try my best
|c|âTyphozzz|sceptile nb nb
|c|âTyphozzz|i like ur team 
|c|âImp HangMioku|i dont know if sceptiles good or bad lol
|c|âImp HangMioku|i just wanted a mega
|
|start
|switch|p1a: ArmCannons|Blastoise, M|362\/362
|switch|p2a: Sceptile|Sceptile, F|281\/281
|turn|1
|c|âTyphozzz|sceptile is ru but it does fine in uu lol
|
|switch|p1a: Flower Power|Florges, F|360\/360
|detailschange|p2a: Sceptile|Sceptile-Mega, F
|-mega|p2a: Sceptile|Sceptile|Sceptilite
|move|p2a: Sceptile|Leaf Storm|p1a: Flower Power
|-damage|p1a: Flower Power|203\/360
|-unboost|p2a: Sceptile|spa|2
|
|-heal|p1a: Flower Power|225\/360|[from] item: Leftovers
|turn|2
|c|âTyphozzz|woops
|c|âTyphozzz|aye leaf storm
|
|switch|p2a: Empoleon|Empoleon, F|372\/372
|move|p1a: Flower Power|Wish|p1a: Flower Power
|
|-heal|p1a: Flower Power|247\/360|[from] item: Leftovers
|turn|3
|c|âTyphozzz|nb
|c|âTyphozzz|giga drain is bettertbh if u dont have it
|c|âImp HangMioku|i have both
|c|âImp HangMioku|is that dumb?
|c|âTyphozzz|ah nice
|c|âTyphozzz|no
|J|Imp StenZeX
|c|âTyphozzz|leaf storm is good for like
|c|âTyphozzz|hit and run
|c|âTyphozzz|and if u wanna kill something that u cant with giga
|c|âImp HangMioku|yea i thought you would switch so thats why i used leaf storm
|
|move|p1a: Flower Power|Protect|p1a: Flower Power
|-singleturn|p1a: Flower Power|Protect
|move|p2a: Empoleon|Stealth Rock|p1a: Flower Power
|-sidestart|p1: Typhozzz|move: Stealth Rock
|
|-heal|p1a: Flower Power|360\/360|[from] move: Wish|[wisher] Flower Power
|turn|4
|c|âImp HangMioku|i just wish sceptile had a better move pool
|c|âTyphozzz|yea so  do i
|c|âImp HangMioku|flamethrower would be nice
|c|âTyphozzz|lol 
|
|switch|p1a: ArmCannons|Blastoise, M|362\/362
|-damage|p1a: ArmCannons|317\/362|[from] Stealth Rock
|move|p2a: Empoleon|Scald|p1a: ArmCannons
|-resisted|p1a: ArmCannons
|-damage|p1a: ArmCannons|263\/362
|
|turn|5
|
|detailschange|p1a: ArmCannons|Blastoise-Mega, M
|-mega|p1a: ArmCannons|Blastoise|Blastoisinite
|move|p1a: ArmCannons|Dark Pulse|p2a: Empoleon
|-damage|p2a: Empoleon|256\/372
|move|p2a: Empoleon|Roar|p1a: ArmCannons
|drag|p1a: Flower Power|Florges, F|360\/360
|-damage|p1a: Flower Power|315\/360|[from] Stealth Rock
|
|-heal|p1a: Flower Power|337\/360|[from] item: Leftovers
|-heal|p2a: Empoleon|279\/372|[from] item: Leftovers
|turn|6
|c|âTyphozzz|alot of ppl use mixed\/physical sceptile too 
|c|âImp HangMioku|YOU CAN DO THAT?
|c|âTyphozzz|yea lol
|c|âTyphozzz|like
|c|âImp HangMioku|?!!
|c|âTyphozzz|ppl run eq with giga\/dpulse then like
|c|âImp HangMioku|!dex mega sceptile
|c|~|\/data-pokemon Sceptile-Mega

|c|âTyphozzz|some ppl run swords dance set
|c|âImp HangMioku|so you build it like a garchomp?
|c|âTyphozzz|but it then has a useless ability kinda
|c|âTyphozzz|yea
|c|âTyphozzz|like sd outrage leaf blade and eq
|
|switch|p1a: ArmCannons|Blastoise-Mega, M|263\/362
|-damage|p1a: ArmCannons|218\/362|[from] Stealth Rock
|switch|p2a: Sceptile|Sceptile-Mega, F|281\/281
|
|turn|7
|c| Imp Greed|ive see i guy use sub, sd leaf blade, drain punch in ru
|c|âTyphozzz|yea
|c|âTyphozzz|lol
|c| Imp Greed|lol
|c|âImp HangMioku|hmm
|c|âTyphozzz|i use the standard set in ru
|c|âTyphozzz|with hp fire for escavaliers
|c|âTyphozzz|and stuff
|
|switch|p1a: Flower Power|Florges, F|337\/360
|-damage|p1a: Flower Power|292\/360|[from] Stealth Rock
|move|p2a: Sceptile|Leaf Storm|p1a: Flower Power
|-damage|p1a: Flower Power|139\/360
|-unboost|p2a: Sceptile|spa|2
|
|-heal|p1a: Flower Power|161\/360|[from] item: Leftovers
|turn|8
|c|âImp HangMioku|okay i'll give it a try
|c| Imp Greed|yeah that set is good
|c|âTyphozzz|that does
|c|âTyphozzz|so much
|c|âTyphozzz|lol
|
|switch|p2a: Empoleon|Empoleon, F|279\/372
|move|p1a: Flower Power|Wish|p1a: Flower Power
|
|-heal|p1a: Flower Power|183\/360|[from] item: Leftovers
|-heal|p2a: Empoleon|302\/372|[from] item: Leftovers
|turn|9
|c|âTyphozzz|and hp fire is a nice mega aboma lure 
|c|âImp HangMioku|i dont have hp fire =[
|c| Imp Greed|yeah
|c|âImp HangMioku|i only have focus blast
|c|âTyphozzz|u can sub on theyre sd then hp fire
|c|âTyphozzz|ez pz
|c|âTyphozzz|ik focus blast is fine dw lol
|
|move|p1a: Flower Power|Protect|p1a: Flower Power
|-singleturn|p1a: Flower Power|Protect
|move|p2a: Empoleon|Roar|p1a: Flower Power
|drag|p1a: Yummy|Arcanine, M|384\/384
|-damage|p1a: Yummy|288\/384|[from] Stealth Rock
|-ability|p1a: Yummy|Intimidate|[of] p2a: Empoleon
|-unboost|p2a: Empoleon|atk|1
|
|-heal|p1a: Yummy|384\/384|[from] move: Wish|[wisher] Flower Power
|-heal|p2a: Empoleon|325\/372|[from] item: Leftovers
|turn|10
|c|âTyphozzz|welp
|c|âTyphozzz|rip
|
|move|p1a: Yummy|Will-O-Wisp|p2a: Empoleon
|-status|p2a: Empoleon|brn
|move|p2a: Empoleon|Scald|p1a: Yummy
|-supereffective|p1a: Yummy
|-damage|p1a: Yummy|120\/384
|
|-heal|p1a: Yummy|144\/384|[from] item: Leftovers
|-heal|p2a: Empoleon|348\/372 brn|[from] item: Leftovers
|-damage|p2a: Empoleon|302\/372 brn|[from] brn
|turn|11
|c|âTyphozzz|i dont know what to do
|c|âTyphozzz|against empo 
|c|âTyphozzz|lol
|c|âImp HangMioku|hehe
|
|switch|p1a: ArmCannons|Blastoise-Mega, M|218\/362
|-damage|p1a: ArmCannons|173\/362|[from] Stealth Rock
|move|p2a: Empoleon|Scald|p1a: ArmCannons
|-resisted|p1a: ArmCannons
|-damage|p1a: ArmCannons|125\/362
|
|-heal|p2a: Empoleon|325\/372 brn|[from] item: Leftovers
|-damage|p2a: Empoleon|279\/372 brn|[from] brn
|turn|12
|
|switch|p2a: Sceptile|Sceptile-Mega, F|281\/281
|move|p1a: ArmCannons|Rapid Spin|p2a: Sceptile
|-damage|p2a: Sceptile|262\/281
|-sideend|p1: Typhozzz|Stealth Rock|[from] move: Rapid Spin|[of] p1a: ArmCannons
|
|turn|13
|
|switch|p1a: Gimme Dem Soulz|Chesnaught, M|380\/380
|move|p2a: Sceptile|Leaf Storm|p1a: Gimme Dem Soulz
|-resisted|p1a: Gimme Dem Soulz
|-damage|p1a: Gimme Dem Soulz|233\/380
|-unboost|p2a: Sceptile|spa|2
|
|turn|14
|
|switch|p2a: Chandelure|Chandelure, M|261\/261
|switch|p1a: Eyebrows On Fleek|Darmanitan, M|351\/351
|
|turn|15
|
|switch|p2a: Vaporeon|Vaporeon, M|464\/464
|move|p1a: Eyebrows On Fleek|U-turn|p2a: Vaporeon
|-damage|p2a: Vaporeon|382\/464
|
|switch|p1a: Flower Power|Florges, F|183\/360
|
|-heal|p1a: Flower Power|205\/360|[from] item: Leftovers
|-heal|p2a: Vaporeon|411\/464|[from] item: Leftovers
|turn|16
|
|switch|p2a: Empoleon|Empoleon, F|279\/372 brn
|move|p1a: Flower Power|Wish|p1a: Flower Power
|
|-heal|p1a: Flower Power|227\/360|[from] item: Leftovers
|-heal|p2a: Empoleon|302\/372 brn|[from] item: Leftovers
|-damage|p2a: Empoleon|256\/372 brn|[from] brn
|turn|17
|
|move|p1a: Flower Power|Moonblast|p2a: Empoleon
|-resisted|p2a: Empoleon
|-damage|p2a: Empoleon|216\/372 brn
|move|p2a: Empoleon|Roar|p1a: Flower Power
|drag|p1a: Yummy|Arcanine, M|144\/384
|-ability|p1a: Yummy|Intimidate|[of] p2a: Empoleon
|-unboost|p2a: Empoleon|atk|1
|
|-heal|p1a: Yummy|324\/384|[from] move: Wish|[wisher] Flower Power
|-heal|p1a: Yummy|348\/384|[from] item: Leftovers
|-heal|p2a: Empoleon|239\/372 brn|[from] item: Leftovers
|-damage|p2a: Empoleon|193\/372 brn|[from] brn
|turn|18
|c|âTyphozzz|lol its always arcanine
|
|move|p1a: Yummy|Flare Blitz|p2a: Empoleon
|-crit|p2a: Empoleon
|-damage|p2a: Empoleon|0 fnt
|-damage|p1a: Yummy|284\/384|[from] recoil|[of] p2a: Empoleon
|faint|p2a: Empoleon
|
|-heal|p1a: Yummy|308\/384|[from] item: Leftovers
|c|âTyphozzz|kek
|c|âTyphozzz|aye
|c|âImp HangMioku|NOOOO
|c|âTyphozzz|crit city
|
|switch|p2a: Vaporeon|Vaporeon, M|411\/464
|turn|19
|
|switch|p1a: Flower Power|Florges, F|227\/360
|move|p2a: Vaporeon|Scald|p1a: Flower Power
|-damage|p1a: Flower Power|167\/360
|
|-heal|p1a: Flower Power|189\/360|[from] item: Leftovers
|-heal|p2a: Vaporeon|440\/464|[from] item: Leftovers
|turn|20
|
|move|p1a: Flower Power|Wish|p1a: Flower Power
|move|p2a: Vaporeon|Scald|p1a: Flower Power
|-crit|p1a: Flower Power
|-damage|p1a: Flower Power|90\/360
|-status|p1a: Flower Power|brn
|
|-heal|p1a: Flower Power|112\/360 brn|[from] item: Leftovers
|-heal|p2a: Vaporeon|464\/464|[from] item: Leftovers
|-damage|p1a: Flower Power|67\/360 brn|[from] brn
|turn|21
|J|HeadFrontieÑAce3.0
|
|switch|p2a: Chandelure|Chandelure, M|261\/261
|move|p1a: Flower Power|Protect|p1a: Flower Power
|-fail|p1a: Flower Power
|
|-heal|p1a: Flower Power|247\/360 brn|[from] move: Wish|[wisher] Flower Power
|-heal|p1a: Flower Power|269\/360 brn|[from] item: Leftovers
|-damage|p1a: Flower Power|224\/360 brn|[from] brn
|turn|22
|
|move|p1a: Flower Power|Protect|p1a: Flower Power
|-singleturn|p1a: Flower Power|Protect
|move|p2a: Chandelure|Shadow Ball|p1a: Flower Power
|-activate|p1a: Flower Power|Protect
|
|-heal|p1a: Flower Power|246\/360 brn|[from] item: Leftovers
|-damage|p1a: Flower Power|201\/360 brn|[from] brn
|turn|23
|c|âTyphozzz|here comes the trick y\/n
|
|switch|p1a: Gimme Dem Soulz|Chesnaught, M|233\/380
|move|p2a: Chandelure|Shadow Ball|p1a: Gimme Dem Soulz
|-immune|p1a: Gimme Dem Soulz|[msg]|[from] Bulletproof
|
|turn|24
|
|switch|p2a: Sceptile|Sceptile-Mega, F|262\/281
|switch|p1a: Yummy|Arcanine, M|308\/384
|-ability|p1a: Yummy|Intimidate|[of] p2a: Sceptile
|-unboost|p2a: Sceptile|atk|1
|
|-heal|p1a: Yummy|332\/384|[from] item: Leftovers
|turn|25
|
|switch|p2a: Ditto|Ditto|300\/300
|-transform|p2a: Ditto|p1a: Yummy
|-ability|p2a: Ditto|Intimidate|[of] p1a: Yummy
|-unboost|p1a: Yummy|atk|1
|move|p1a: Yummy|Will-O-Wisp|p2a: Ditto
|-fail|p2a: Ditto
|
|-heal|p1a: Yummy|356\/384|[from] item: Leftovers
|turn|26
|c|âTyphozzz|oh ner
|
|switch|p2a: Vaporeon|Vaporeon, M|464\/464
|move|p1a: Yummy|Roar|p2a: Vaporeon
|drag|p2a: Chandelure|Chandelure, M|261\/261
|
|-heal|p1a: Yummy|380\/384|[from] item: Leftovers
|turn|27
|
|move|p2a: Chandelure|Flamethrower|p1a: Yummy
|-resisted|p1a: Yummy
|-damage|p1a: Yummy|277\/384
|move|p1a: Yummy|Roar|p2a: Chandelure
|drag|p2a: Sceptile|Sceptile-Mega, F|262\/281
|
|-heal|p1a: Yummy|301\/384|[from] item: Leftovers
|turn|28
|
|switch|p2a: Chandelure|Chandelure, M|261\/261
|move|p1a: Yummy|Morning Sun|p1a: Yummy
|-heal|p1a: Yummy|384\/384
|
|turn|29
|
|move|p2a: Chandelure|Flamethrower|p1a: Yummy
|-resisted|p1a: Yummy
|-damage|p1a: Yummy|281\/384
|move|p1a: Yummy|Roar|p2a: Chandelure
|drag|p2a: Vaporeon|Vaporeon, M|464\/464
|
|-heal|p1a: Yummy|305\/384|[from] item: Leftovers
|turn|30
|
|switch|p1a: Gimme Dem Soulz|Chesnaught, M|233\/380
|move|p2a: Vaporeon|Scald|p1a: Gimme Dem Soulz
|-resisted|p1a: Gimme Dem Soulz
|-damage|p1a: Gimme Dem Soulz|173\/380
|-status|p1a: Gimme Dem Soulz|brn
|
|-damage|p1a: Gimme Dem Soulz|126\/380 brn|[from] brn
|turn|31
|c|âTyphozzz|omfg
|c|âImp HangMioku|yay
|c|âTyphozzz|lol
|
|switch|p2a: Chesnaught|Chesnaught, F|380\/380
|move|p1a: Gimme Dem Soulz|Spikes|p2a: Chesnaught
|-sidestart|p2: Imp HangMioku|Spikes
|
|-damage|p1a: Gimme Dem Soulz|79\/380 brn|[from] brn
|turn|32
|
|switch|p1a: Flower Power|Florges, F|201\/360 brn
|move|p2a: Chesnaught|Spikes|p1a: Flower Power
|-sidestart|p1: Typhozzz|Spikes
|
|-heal|p1a: Flower Power|223\/360 brn|[from] item: Leftovers
|-damage|p1a: Flower Power|178\/360 brn|[from] brn
|turn|33
|
|move|p1a: Flower Power|Aromatherapy|p1a: Flower Power
|-cureteam|p1a: Flower Power|[from] move: Aromatherapy
|move|p2a: Chesnaught|Spikes|p1a: Flower Power
|-sidestart|p1: Typhozzz|Spikes
|
|-heal|p1a: Flower Power|200\/360|[from] item: Leftovers
|turn|34
|
|switch|p2a: Chandelure|Chandelure, M|261\/261
|-damage|p2a: Chandelure|229\/261|[from] Spikes
|move|p1a: Flower Power|Moonblast|p2a: Chandelure
|-resisted|p2a: Chandelure
|-damage|p2a: Chandelure|167\/261
|
|-heal|p1a: Flower Power|222\/360|[from] item: Leftovers
|turn|35
|
|move|p1a: Flower Power|Protect|p1a: Flower Power
|-singleturn|p1a: Flower Power|Protect
|move|p2a: Chandelure|Psychic|p1a: Flower Power
|-activate|p1a: Flower Power|Protect
|
|-heal|p1a: Flower Power|244\/360|[from] item: Leftovers
|turn|36
|
|move|p2a: Chandelure|Psychic|p1a: Flower Power
|-damage|p1a: Flower Power|171\/360
|move|p1a: Flower Power|Wish|p1a: Flower Power
|
|-heal|p1a: Flower Power|193\/360|[from] item: Leftovers
|turn|37
|c|âImp HangMioku|i dont like florges
|c|âTyphozzz|dont run psychic btw
|c|âTyphozzz|lol
|c|âImp HangMioku|i just wanted coverage 
|c|âTyphozzz|run fire blast shadow ball energy ball and trick
|c|âTyphozzz|yea but trick\/memento is better
|c|âImp HangMioku|okay
|
|switch|p2a: Vaporeon|Vaporeon, M|464\/464
|-damage|p2a: Vaporeon|406\/464|[from] Spikes
|move|p1a: Flower Power|Moonblast|p2a: Vaporeon
|-damage|p2a: Vaporeon|274\/464
|
|-heal|p1a: Flower Power|360\/360|[from] move: Wish|[wisher] Flower Power
|-heal|p2a: Vaporeon|303\/464|[from] item: Leftovers
|turn|38
|c|âImp HangMioku|but can i run flamethrower instead?
|c|âTyphozzz|sure
|
|move|p1a: Flower Power|Wish|p1a: Flower Power
|move|p2a: Vaporeon|Wish|p2a: Vaporeon
|
|-heal|p2a: Vaporeon|332\/464|[from] item: Leftovers
|turn|39
|c|âTyphozzz|power over accuracy tho imo
|
|switch|p1a: ArmCannons|Blastoise-Mega, M|125\/362
|-damage|p1a: ArmCannons|65\/362|[from] Spikes
|switch|p2a: Chandelure|Chandelure, M|167\/261
|-damage|p2a: Chandelure|135\/261|[from] Spikes
|
|-heal|p1a: ArmCannons|245\/362|[from] move: Wish|[wisher] Flower Power
|-heal|p2a: Chandelure|261\/261|[from] move: Wish|[wisher] Vaporeon
|turn|40
|c|âImp HangMioku|not perfect accuracy moves make me uncomfortable
|
|switch|p2a: Sceptile|Sceptile-Mega, F|262\/281
|-damage|p2a: Sceptile|227\/281|[from] Spikes
|switch|p1a: FAT BWOII|Hippowdon, M|420\/420
|-damage|p1a: FAT BWOII|350\/420|[from] Spikes
|-weather|Sandstorm
|
|-weather|Sandstorm|[upkeep]
|-damage|p2a: Sceptile|210\/281|[from] sandstorm
|-heal|p1a: FAT BWOII|376\/420|[from] item: Leftovers
|turn|41
|L|HeadFrontieÑAce3.0
|L|Imp Greed
|
|switch|p1a: Flower Power|Florges, F|360\/360
|-damage|p1a: Flower Power|300\/360|[from] Spikes
|move|p2a: Sceptile|Giga Drain|p1a: Flower Power
|-damage|p1a: Flower Power|215\/360
|-heal|p2a: Sceptile|253\/281|[from] drain|[of] p1a: Flower Power
|
|-weather|Sandstorm|[upkeep]
|-damage|p2a: Sceptile|236\/281|[from] sandstorm
|-damage|p1a: Flower Power|193\/360|[from] sandstorm
|-heal|p1a: Flower Power|215\/360|[from] item: Leftovers
|turn|42
|
|move|p2a: Sceptile|Leaf Storm|p1a: Flower Power
|-damage|p1a: Flower Power|58\/360
|-unboost|p2a: Sceptile|spa|2
|move|p1a: Flower Power|Wish|p1a: Flower Power
|
|-weather|Sandstorm|[upkeep]
|-damage|p2a: Sceptile|219\/281|[from] sandstorm
|-damage|p1a: Flower Power|36\/360|[from] sandstorm
|-heal|p1a: Flower Power|58\/360|[from] item: Leftovers
|turn|43
|c|âImp HangMioku|damn 
|c|âTyphozzz|heuhee
|c|âImp HangMioku|i really needed a crit
|
|switch|p2a: Vaporeon|Vaporeon, M|332\/464
|-damage|p2a: Vaporeon|274\/464|[from] Spikes
|move|p1a: Flower Power|Protect|p1a: Flower Power
|-fail|p1a: Flower Power
|
|-weather|Sandstorm|[upkeep]
|-damage|p1a: Flower Power|36\/360|[from] sandstorm
|-damage|p2a: Vaporeon|245\/464|[from] sandstorm
|-heal|p1a: Flower Power|216\/360|[from] move: Wish|[wisher] Flower Power
|-heal|p1a: Flower Power|238\/360|[from] item: Leftovers
|-heal|p2a: Vaporeon|274\/464|[from] item: Leftovers
|turn|44
|c|âTyphozzz|leaf blade has a high crit ratio 
|c|âTyphozzz|and if u dont like florges  ucud always run roar\/heavy slam mega aggron
|
|move|p1a: Flower Power|Wish|p1a: Flower Power
|move|p2a: Vaporeon|Wish|p2a: Vaporeon
|
|-weather|none
|-heal|p1a: Flower Power|260\/360|[from] item: Leftovers
|-heal|p2a: Vaporeon|303\/464|[from] item: Leftovers
|turn|45
|c|âImp HangMioku|yea i thats true
|
|switch|p1a: ArmCannons|Blastoise-Mega, M|245\/362
|-damage|p1a: ArmCannons|185\/362|[from] Spikes
|switch|p2a: Sceptile|Sceptile-Mega, F|219\/281
|-damage|p2a: Sceptile|184\/281|[from] Spikes
|
|-heal|p2a: Sceptile|281\/281|[from] move: Wish|[wisher] Vaporeon
|-heal|p1a: ArmCannons|362\/362|[from] move: Wish|[wisher] Flower Power
|turn|46
|
|switch|p1a: Flower Power|Florges, F|260\/360
|-damage|p1a: Flower Power|200\/360|[from] Spikes
|move|p2a: Sceptile|Giga Drain|p1a: Flower Power
|-damage|p1a: Flower Power|115\/360
|
|-heal|p1a: Flower Power|137\/360|[from] item: Leftovers
|turn|47
|
|move|p1a: Flower Power|Protect|p1a: Flower Power
|-singleturn|p1a: Flower Power|Protect
|move|p2a: Sceptile|Leaf Storm|p1a: Flower Power
|-activate|p1a: Flower Power|Protect
|
|-heal|p1a: Flower Power|159\/360|[from] item: Leftovers
|turn|48
|
|move|p2a: Sceptile|Leaf Storm|p1a: Flower Power
|-crit|p1a: Flower Power
|-damage|p1a: Flower Power|0 fnt
|-unboost|p2a: Sceptile|spa|2
|faint|p1a: Flower Power
|
|c|âImp HangMioku|YESS
|c|âTyphozzz|nooooooooooooooooooooooo
|c|âTyphozzz|goddammit
|c|âTyphozzz|lmao
|c|âImp HangMioku|omg 
|
|switch|p1a: ArmCannons|Blastoise-Mega, M|362\/362
|-damage|p1a: ArmCannons|302\/362|[from] Spikes
|turn|49
|
|switch|p2a: Chesnaught|Chesnaught, F|380\/380
|-damage|p2a: Chesnaught|333\/380|[from] Spikes
|move|p1a: ArmCannons|Rapid Spin|p2a: Chesnaught
|-damage|p2a: Chesnaught|324\/380
|-sideend|p1: Typhozzz|Spikes|[from] move: Rapid Spin|[of] p1a: ArmCannons
|
|-heal|p2a: Chesnaught|347\/380|[from] item: Leftovers
|turn|50
|c|âImp HangMioku|I THOUGHT I HAD HELMET
|
|move|p1a: ArmCannons|Scald|p2a: Chesnaught
|-resisted|p2a: Chesnaught
|-damage|p2a: Chesnaught|245\/380
|move|p2a: Chesnaught|Spikes|p1a: ArmCannons
|-sidestart|p1: Typhozzz|Spikes
|
|-heal|p2a: Chesnaught|268\/380|[from] item: Leftovers
|turn|51
|
|move|p1a: ArmCannons|Dark Pulse|p2a: Chesnaught
|-resisted|p2a: Chesnaught
|-damage|p2a: Chesnaught|172\/380
|cant|p2a: Chesnaught|flinch
|
|-heal|p2a: Chesnaught|195\/380|[from] item: Leftovers
|turn|52
|
|switch|p1a: Gimme Dem Soulz|Chesnaught, M|79\/380
|-damage|p1a: Gimme Dem Soulz|32\/380|[from] Spikes
|move|p2a: Chesnaught|Leech Seed|p1a: Gimme Dem Soulz
|-immune|p1a: Gimme Dem Soulz|[msg]
|
|-heal|p2a: Chesnaught|218\/380|[from] item: Leftovers
|turn|53
|
|move|p1a: Gimme Dem Soulz|Spikes|p2a: Chesnaught
|-sidestart|p2: Imp HangMioku|Spikes
|move|p2a: Chesnaught|Drain Punch|p1a: Gimme Dem Soulz
|-damage|p1a: Gimme Dem Soulz|0 fnt
|-heal|p2a: Chesnaught|234\/380|[from] drain|[of] p1a: Gimme Dem Soulz
|-damage|p2a: Chesnaught|171\/380|[from] item: Rocky Helmet|[of] p1a: Gimme Dem Soulz
|faint|p1a: Gimme Dem Soulz
|
|-heal|p2a: Chesnaught|194\/380|[from] item: Leftovers
|
|switch|p1a: Yummy|Arcanine, M|305\/384
|-damage|p1a: Yummy|257\/384|[from] Spikes
|-ability|p1a: Yummy|Intimidate|[of] p2a: Chesnaught
|-unboost|p2a: Chesnaught|atk|1
|turn|54
|
|switch|p2a: Chandelure|Chandelure, M|261\/261
|-damage|p2a: Chandelure|218\/261|[from] Spikes
|move|p1a: Yummy|Flare Blitz|p2a: Chandelure
|-resisted|p2a: Chandelure
|-damage|p2a: Chandelure|140\/261
|-damage|p1a: Yummy|231\/384|[from] recoil|[of] p2a: Chandelure
|
|-heal|p1a: Yummy|255\/384|[from] item: Leftovers
|turn|55
|c|âTyphozzz|no flash fire?
|c|âTyphozzz|lol
|c|âImp HangMioku|i got my ass kicked by a sub spiritomb before
|c|âTyphozzz|ew
|c|âImp HangMioku|so i gave chandelure infiltrator
|
|move|p2a: Chandelure|Shadow Ball|p1a: Yummy
|-damage|p1a: Yummy|83\/384
|-unboost|p1a: Yummy|spd|1
|move|p1a: Yummy|Morning Sun|p1a: Yummy
|-heal|p1a: Yummy|275\/384
|
|-heal|p1a: Yummy|299\/384|[from] item: Leftovers
|turn|56
|c|âTyphozzz|omfg the drop
|c|âTyphozzz|sttaaaaahp
|
|switch|p1a: FAT BWOII|Hippowdon, M|376\/420
|-damage|p1a: FAT BWOII|324\/420|[from] Spikes
|-weather|Sandstorm
|move|p2a: Chandelure|Shadow Ball|p1a: FAT BWOII
|-damage|p1a: FAT BWOII|192\/420
|
|-weather|Sandstorm|[upkeep]
|-damage|p2a: Chandelure|124\/261|[from] sandstorm
|-heal|p1a: FAT BWOII|218\/420|[from] item: Leftovers
|turn|57
|c|âImp HangMioku|;J
|
|switch|p2a: Chesnaught|Chesnaught, F|194\/380
|-damage|p2a: Chesnaught|131\/380|[from] Spikes
|move|p1a: FAT BWOII|Stealth Rock|p2a: Chesnaught
|-sidestart|p2: Imp HangMioku|move: Stealth Rock
|
|-weather|Sandstorm|[upkeep]
|-damage|p2a: Chesnaught|108\/380|[from] sandstorm
|-heal|p2a: Chesnaught|131\/380|[from] item: Leftovers
|-heal|p1a: FAT BWOII|244\/420|[from] item: Leftovers
|turn|58
|
|move|p2a: Chesnaught|Spikes|p1a: FAT BWOII
|-sidestart|p1: Typhozzz|Spikes
|move|p1a: FAT BWOII|Toxic|p2a: Chesnaught
|-status|p2a: Chesnaught|tox
|
|-weather|Sandstorm|[upkeep]
|-damage|p2a: Chesnaught|108\/380 tox|[from] sandstorm
|-heal|p2a: Chesnaught|131\/380 tox|[from] item: Leftovers
|-heal|p1a: FAT BWOII|270\/420|[from] item: Leftovers
|-damage|p2a: Chesnaught|108\/380 tox|[from] psn
|turn|59
|
|switch|p2a: Sceptile|Sceptile-Mega, F|281\/281
|-damage|p2a: Sceptile|235\/281|[from] Spikes
|-damage|p2a: Sceptile|200\/281|[from] Stealth Rock
|move|p1a: FAT BWOII|Earthquake|p2a: Sceptile
|-resisted|p2a: Sceptile
|-damage|p2a: Sceptile|120\/281
|
|-weather|Sandstorm|[upkeep]
|-damage|p2a: Sceptile|103\/281|[from] sandstorm
|-heal|p1a: FAT BWOII|296\/420|[from] item: Leftovers
|turn|60
|
|switch|p1a: Yummy|Arcanine, M|299\/384
|-damage|p1a: Yummy|235\/384|[from] Spikes
|-ability|p1a: Yummy|Intimidate|[of] p2a: Sceptile
|-unboost|p2a: Sceptile|atk|1
|move|p2a: Sceptile|Dragon Pulse|p1a: Yummy
|-damage|p1a: Yummy|42\/384
|
|-weather|none
|-heal|p1a: Yummy|66\/384|[from] item: Leftovers
|turn|61
|
|move|p2a: Sceptile|Giga Drain|p1a: Yummy
|-resisted|p1a: Yummy
|-damage|p1a: Yummy|0 fnt
|-heal|p2a: Sceptile|136\/281|[from] drain|[of] p1a: Yummy
|faint|p1a: Yummy
|
|c|âTyphozzz|rip rk9
|
|switch|p1a: Eyebrows On Fleek|Darmanitan, M|351\/351
|-damage|p1a: Eyebrows On Fleek|293\/351|[from] Spikes
|turn|62
|
|switch|p2a: Vaporeon|Vaporeon, M|303\/464
|-damage|p2a: Vaporeon|245\/464|[from] Stealth Rock
|-damage|p2a: Vaporeon|168\/464|[from] Spikes
|move|p1a: Eyebrows On Fleek|Flare Blitz|p2a: Vaporeon
|-resisted|p2a: Vaporeon
|-damage|p2a: Vaporeon|16\/464
|-damage|p1a: Eyebrows On Fleek|243\/351|[from] recoil|[of] p2a: Vaporeon
|
|-heal|p2a: Vaporeon|45\/464|[from] item: Leftovers
|turn|63
|
|move|p2a: Vaporeon|Protect|p2a: Vaporeon
|-singleturn|p2a: Vaporeon|Protect
|move|p1a: Eyebrows On Fleek|Flare Blitz|p2a: Vaporeon
|-activate|p2a: Vaporeon|Protect
|
|-heal|p2a: Vaporeon|74\/464|[from] item: Leftovers
|turn|64
|c|âImp HangMioku|not good lol
|c|âTyphozzz|heuheeu
|
|move|p1a: Eyebrows On Fleek|Flare Blitz|p2a: Vaporeon
|-resisted|p2a: Vaporeon
|-damage|p2a: Vaporeon|0 fnt
|-damage|p1a: Eyebrows On Fleek|219\/351|[from] recoil|[of] p2a: Vaporeon
|faint|p2a: Vaporeon
|
|
|switch|p2a: Ditto|Ditto|300\/300
|-damage|p2a: Ditto|250\/300|[from] Spikes
|-damage|p2a: Ditto|213\/300|[from] Stealth Rock
|-transform|p2a: Ditto|p1a: Eyebrows On Fleek
|turn|65
|
|switch|p1a: FAT BWOII|Hippowdon, M|296\/420
|-damage|p1a: FAT BWOII|226\/420|[from] Spikes
|-weather|Sandstorm
|move|p2a: Ditto|U-turn|p1a: FAT BWOII
|-damage|p1a: FAT BWOII|148\/420
|
|switch|p2a: Sceptile|Sceptile-Mega, F|136\/281
|-damage|p2a: Sceptile|90\/281|[from] Spikes
|-damage|p2a: Sceptile|55\/281|[from] Stealth Rock
|
|-weather|Sandstorm|[upkeep]
|-damage|p2a: Sceptile|38\/281|[from] sandstorm
|-heal|p1a: FAT BWOII|174\/420|[from] item: Leftovers
|turn|66
|
|move|p2a: Sceptile|Giga Drain|p1a: FAT BWOII
|-supereffective|p1a: FAT BWOII
|-damage|p1a: FAT BWOII|0 fnt
|-heal|p2a: Sceptile|125\/281|[from] drain|[of] p1a: FAT BWOII
|faint|p1a: FAT BWOII
|
|-weather|Sandstorm|[upkeep]
|-damage|p2a: Sceptile|108\/281|[from] sandstorm
|
|switch|p1a: Eyebrows On Fleek|Darmanitan, M|219\/351
|-damage|p1a: Eyebrows On Fleek|161\/351|[from] Spikes
|turn|67
|
|switch|p2a: Chesnaught|Chesnaught, F|108\/380 tox
|-damage|p2a: Chesnaught|45\/380 tox|[from] Spikes
|-damage|p2a: Chesnaught|22\/380 tox|[from] Stealth Rock
|move|p1a: Eyebrows On Fleek|U-turn|p2a: Chesnaught
|-damage|p2a: Chesnaught|0 fnt
|faint|p2a: Chesnaught
|
|switch|p1a: ArmCannons|Blastoise-Mega, M|302\/362
|-damage|p1a: ArmCannons|242\/362|[from] Spikes
|
|-weather|Sandstorm|[upkeep]
|-damage|p1a: ArmCannons|220\/362|[from] sandstorm
|
|switch|p2a: Sceptile|Sceptile-Mega, F|108\/281
|-damage|p2a: Sceptile|62\/281|[from] Spikes
|-damage|p2a: Sceptile|27\/281|[from] Stealth Rock
|turn|68
|c|âTyphozzz|welp
|c|âTyphozzz|gg lol
|c|âTyphozzz|u played very nichze
|c|âImp HangMioku|i dont know
|
|move|p2a: Sceptile|Giga Drain|p1a: ArmCannons
|-supereffective|p1a: ArmCannons
|-damage|p1a: ArmCannons|0 fnt
|-heal|p2a: Sceptile|137\/281|[from] drain|[of] p1a: ArmCannons
|faint|p1a: ArmCannons
|
|-weather|Sandstorm|[upkeep]
|-damage|p2a: Sceptile|120\/281|[from] sandstorm
|
|switch|p1a: Eyebrows On Fleek|Darmanitan, M|161\/351
|-damage|p1a: Eyebrows On Fleek|103\/351|[from] Spikes
|turn|69
|c|âTyphozzz|depends on speed tie
|c|âTyphozzz|p sure
|c|âImp HangMioku|yea
|c|âTyphozzz|but ill die to sand recoil
|c|âTyphozzz|so i mean
|c|âTyphozzz|ay
|c|âImp HangMioku|no
|c|âImp HangMioku|chandies too hurt
|J|Imp Psiker
|
|move|p1a: Eyebrows On Fleek|Flare Blitz|p2a: Sceptile
|-damage|p2a: Sceptile|0 fnt
|-damage|p1a: Eyebrows On Fleek|63\/351|[from] recoil|[of] p2a: Sceptile
|faint|p2a: Sceptile
|
|-weather|none
|c|âTyphozzz|oh
|
|switch|p2a: Chandelure|Chandelure, M|124\/261
|-damage|p2a: Chandelure|59\/261|[from] Stealth Rock
|-damage|p2a: Chandelure|16\/261|[from] Spikes
|turn|70
|c|âTyphozzz|no more sand
|c|âTyphozzz|kek
|c|âTyphozzz|welp all comes down to speed tie i guess
|
|move|p1a: Eyebrows On Fleek|Flare Blitz|p2a: Chandelure
|-resisted|p2a: Chandelure
|-damage|p2a: Chandelure|0 fnt
|-damage|p1a: Eyebrows On Fleek|58\/351|[from] recoil|[of] p2a: Chandelure
|faint|p2a: Chandelure
|
|c|âImp HangMioku|yea
|c|âImp HangMioku|good way to end imo
|c|âTyphozzz|incommmmming
|
|switch|p2a: Ditto|Ditto|213\/300
|-damage|p2a: Ditto|176\/300|[from] Stealth Rock
|-damage|p2a: Ditto|126\/300|[from] Spikes
|-transform|p2a: Ditto|p1a: Eyebrows On Fleek
|turn|71
|c|âImp HangMioku|DONT LET ME DOWN DITTO!!!
|c|âTyphozzz|inb4 tie
|c|âTyphozzz|tie
|
|move|p1a: Eyebrows On Fleek|Flare Blitz|p2a: Ditto
|-resisted|p2a: Ditto
|-damage|p2a: Ditto|0 fnt
|-damage|p1a: Eyebrows On Fleek|16\/351|[from] recoil|[of] p2a: Ditto
|faint|p2a: Ditto
|
|win|Typhozzz
|c|âTyphozzz|tie
|c|âTyphozzz|ayyyyye
|c|âTyphozzz|AYYYY
|c|âImp HangMioku|NOOOOO
|c|âImp HangMioku|NOOOOOO
|c|âTyphozzz|xD
|c|âImp HangMioku|omg 
|c|âTyphozzz|wel lthat was fun as fuck
|c|âImp HangMioku|gg typhozzz
|c|âTyphozzz|never had a battle like that i na long time
|c|âTyphozzz|:] 
|c|âTyphozzz|gg budE