|J|Typhozzz
|J|Cnorth26
|player|p1|Typhozzz|typhozzz.gif
|player|p2|Cnorth26|cnorth26.gif
|gametype|singles
|gen|6
|tier|UU
|rule|Sleep Clause Mod: Limit one foe put to sleep
|rule|Species Clause: Limit one of each PokÃ©mon
|rule|OHKO Clause: OHKO moves are banned
|rule|Moody Clause: Moody is banned
|rule|Evasion Moves Clause: Evasion moves are banned
|rule|Endless Battle Clause: Forcing endless battles is banned
|rule|HP Percentage Mod: HP is shown in percentages
|clearpoke
|poke|p1|Blastoise, M
|poke|p1|Florges, F
|poke|p1|Chesnaught, M
|poke|p1|Arcanine, M
|poke|p1|Hippowdon, M
|poke|p1|Darmanitan, M
|poke|p2|Sharpedo, F
|poke|p2|Celebi
|poke|p2|Crobat, F
|poke|p2|Yanmega, M
|poke|p2|Florges, F
|poke|p2|Swampert, F
|rule|Swagger Clause: Swagger is banned
|rule|Baton Pass Clause: Limit one PokÃ©mon knowing Baton Pass
|teampreview
|c|âTyphozzz|gl hf pussy
|c|âTyphozzz|jk gl hf
|J|Alap EX
|c|âCnorth26|nice semi stall
|c|âTyphozzz|thanks
|c|âCnorth26|i thought i said krook
|c|âTyphozzz|!
|c|âCnorth26|lmao
|c|âTyphozzz|fuk u
|c|âTyphozzz|lol
|c|âTyphozzz|i didnt feel like making a krook team
|c|âTyphozzz|its too generic 4 me
|c|âTyphozzz|i like making it around non generic stuff
|c|âTyphozzz|like mega toise
|c|âTyphozzz|like who the fuck uses mega tois
|c|âCnorth26|mega stoice is still pretty good
|
|start
|switch|p1a: Eyebrows On Fleek|Darmanitan, M|351\/351
|switch|p2a: Swampert|Swampert, F|401\/401
|turn|1
|
|move|p1a: Eyebrows On Fleek|U-turn|p2a: Swampert
|-damage|p2a: Swampert|336\/401
|
|switch|p1a: Gimme Dem Soulz|Chesnaught, M|380\/380
|move|p2a: Swampert|Stealth Rock|p1a: Gimme Dem Soulz
|-sidestart|p1: Typhozzz|move: Stealth Rock
|
|-heal|p2a: Swampert|361\/401|[from] item: Leftovers
|turn|2
|
|move|p1a: Gimme Dem Soulz|Spikes|p2a: Swampert
|-sidestart|p2: Cnorth26|Spikes
|move|p2a: Swampert|Toxic|p1a: Gimme Dem Soulz
|-status|p1a: Gimme Dem Soulz|tox
|
|-heal|p2a: Swampert|386\/401|[from] item: Leftovers
|-damage|p1a: Gimme Dem Soulz|357\/380 tox|[from] psn
|turn|3
|c|âCnorth26|catch this burn!
|c|âTyphozzz|thanks!
|
|switch|p1a: Flower Power|Florges, F|360\/360
|-damage|p1a: Flower Power|315\/360|[from] Stealth Rock
|switch|p2a: Crobat|Crobat, F|373\/373
|
|-heal|p1a: Flower Power|337\/360|[from] item: Leftovers
|turn|4
|c|âTyphozzz|ncie switch budE
|
|move|p2a: Crobat|Defog|p1a: Flower Power
|-unboost|p1a: Flower Power|evasion|1
|-sideend|p1: Typhozzz|Stealth Rock|[from] move: Defog|[of] p1a: Flower Power
|-sideend|p2: Cnorth26|Spikes|[from] move: Defog|[of] p2a: Crobat
|move|p1a: Flower Power|Aromatherapy|p1a: Flower Power
|-cureteam|p1a: Flower Power|[from] move: Aromatherapy
|
|-heal|p1a: Flower Power|359\/360|[from] item: Leftovers
|turn|5
|c|âTyphozzz|oh
|c|âTyphozzz|thats works
|c|âTyphozzz|doing the work 4 me
|c|âTyphozzz|:]
|
|move|p1a: Flower Power|Protect|p1a: Flower Power
|-singleturn|p1a: Flower Power|Protect
|move|p2a: Crobat|Brave Bird|p1a: Flower Power
|-activate|p1a: Flower Power|Protect
|
|-heal|p1a: Flower Power|360\/360|[from] item: Leftovers
|turn|6
|c|âCnorth26|fuck spikes
|c|âTyphozzz|lol
|c|âCnorth26|i can set stuff up later
|c|âTyphozzz|yeeeeeeet
|
|switch|p1a: Yummy|Arcanine, M|384\/384
|-ability|p1a: Yummy|Intimidate|[of] p2a: Crobat
|-unboost|p2a: Crobat|atk|1
|move|p2a: Crobat|U-turn|p1a: Yummy
|-resisted|p1a: Yummy
|-damage|p1a: Yummy|370\/384
|c|âCnorth26|wheres the rocky helmet
|
|switch|p2a: Swampert|Swampert, F|386\/401
|
|-heal|p1a: Yummy|384\/384|[from] item: Leftovers
|-heal|p2a: Swampert|401\/401|[from] item: Leftovers
|turn|7
|c|âTyphozzz|dont have it
|
|move|p1a: Yummy|Will-O-Wisp|p2a: Swampert|[miss]
|-miss|p1a: Yummy|p2a: Swampert
|move|p2a: Swampert|Stealth Rock|p1a: Yummy
|-sidestart|p1: Typhozzz|move: Stealth Rock
|
|turn|8
|c|âTyphozzz|ok
|c|âTyphozzz|thanks frost!
|c|âCnorth26|nice and lum
|J|Impâ Apples
|c|âCnorth26|!
|c|âTyphozzz|lol 
|
|move|p1a: Yummy|Will-O-Wisp|p2a: Swampert
|-status|p2a: Swampert|brn
|move|p2a: Swampert|Scald|p1a: Yummy
|-supereffective|p1a: Yummy
|-damage|p1a: Yummy|168\/384
|
|-heal|p1a: Yummy|192\/384|[from] item: Leftovers
|-damage|p2a: Swampert|351\/401 brn|[from] brn
|turn|9
|c|âTyphozzz|dommage
|c|âTyphozzz|is what they call me where im from
|
|switch|p1a: ArmCannons|Blastoise, M|362\/362
|-damage|p1a: ArmCannons|317\/362|[from] Stealth Rock
|move|p2a: Swampert|Toxic|p1a: ArmCannons
|-status|p1a: ArmCannons|tox
|
|-heal|p2a: Swampert|376\/401 brn|[from] item: Leftovers
|-damage|p1a: ArmCannons|295\/362 tox|[from] psn
|-damage|p2a: Swampert|326\/401 brn|[from] brn
|turn|10
|c|âTyphozzz|alright
|c|âTyphozzz|i gotchu budE
|
|switch|p2a: Florges|Florges, F|360\/360
|detailschange|p1a: ArmCannons|Blastoise-Mega, M
|-mega|p1a: ArmCannons|Blastoise|Blastoisinite
|move|p1a: ArmCannons|Rapid Spin|p2a: Florges
|-damage|p2a: Florges|340\/360
|-sideend|p1: Typhozzz|Stealth Rock|[from] move: Rapid Spin|[of] p1a: ArmCannons
|
|-heal|p2a: Florges|360\/360|[from] item: Leftovers
|-damage|p1a: ArmCannons|251\/362 tox|[from] psn
|turn|11
|
|switch|p1a: Flower Power|Florges, F|360\/360
|move|p2a: Florges|Aromatherapy|p2a: Florges
|-cureteam|p2a: Florges|[from] move: Aromatherapy
|
|turn|12
|
|switch|p2a: Crobat|Crobat, F|373\/373
|move|p1a: Flower Power|Aromatherapy|p1a: Flower Power
|-cureteam|p1a: Flower Power|[from] move: Aromatherapy
|
|turn|13
|c|âTyphozzz|looks like
|c|âTyphozzz|this is gonna
|c|âTyphozzz|be a looooooong battle
|c|âTyphozzz|lmao
|
|switch|p1a: FAT BWOII|Hippowdon, M|420\/420
|-weather|Sandstorm
|move|p2a: Crobat|U-turn|p1a: FAT BWOII
|-damage|p1a: FAT BWOII|375\/420
|c|âTyphozzz|where arth
|c|âCnorth26|nah typh i got that wc sitting in the back
|c|âTyphozzz|the scounter
|c|âTyphozzz|wc?
|
|switch|p2a: Swampert|Swampert, F|326\/401
|
|-weather|Sandstorm|[upkeep]
|-heal|p2a: Swampert|351\/401|[from] item: Leftovers
|-heal|p1a: FAT BWOII|401\/420|[from] item: Leftovers
|turn|14
|c|âTyphozzz|lol
|c|âCnorth26|win condition
|c|âTyphozzz|i see it
|c|âTyphozzz|sweeps my team
|c|âTyphozzz|fuck
|c|âTyphozzz|lmao
|
|move|p2a: Swampert|Scald|p1a: FAT BWOII
|-crit|p1a: FAT BWOII
|-supereffective|p1a: FAT BWOII
|-damage|p1a: FAT BWOII|197\/420
|move|p1a: FAT BWOII|Toxic|p2a: Swampert
|-status|p2a: Swampert|tox
|
|-weather|Sandstorm|[upkeep]
|-heal|p2a: Swampert|376\/401 tox|[from] item: Leftovers
|-heal|p1a: FAT BWOII|223\/420|[from] item: Leftovers
|-damage|p2a: Swampert|351\/401 tox|[from] psn
|turn|15
|c|âTyphozzz|yum
|c|âCnorth26|i just gotta get some domage first
|c|âTyphozzz|was that dommage?
|c|âCnorth26|nice spdef hippo!
|c|âTyphozzz|thanks!
|
|switch|p2a: Sharpedo|Sharpedo, F|281\/281
|move|p1a: FAT BWOII|Slack Off|p1a: FAT BWOII
|-heal|p1a: FAT BWOII|420\/420
|
|-weather|Sandstorm|[upkeep]
|-damage|p2a: Sharpedo|264\/281|[from] sandstorm
|turn|16
|
|switch|p2a: Yanmega|Yanmega, M|313\/313
|switch|p1a: Gimme Dem Soulz|Chesnaught, M|357\/380
|
|-weather|Sandstorm|[upkeep]
|-damage|p2a: Yanmega|294\/313|[from] sandstorm
|-damage|p1a: Gimme Dem Soulz|334\/380|[from] sandstorm
|turn|17
|c|âTyphozzz|stop!
|c|âCnorth26|no!
|c|âTyphozzz|ok!
|c|âTyphozzz|lol
|
|switch|p2a: Crobat|Crobat, F|373\/373
|switch|p1a: Flower Power|Florges, F|360\/360
|
|-weather|none
|turn|18
|c|âTyphozzz|STOP
|c|âTyphozzz|FUCKING FAG
|c|âTyphozzz|LOL
|
|switch|p1a: Yummy|Arcanine, M|192\/384
|-ability|p1a: Yummy|Intimidate|[of] p2a: Crobat
|-unboost|p2a: Crobat|atk|1
|move|p2a: Crobat|Brave Bird|p1a: Yummy
|-damage|p1a: Yummy|110\/384
|-damage|p2a: Crobat|346\/373|[from] recoil|[of] p1a: Yummy
|
|-heal|p2a: Crobat|369\/373|[from] item: Black Sludge
|-heal|p1a: Yummy|134\/384|[from] item: Leftovers
|turn|19
|c|âCnorth26|needs more taunt
|c|âTyphozzz|they call me yum?
|
|move|p2a: Crobat|U-turn|p1a: Yummy
|-resisted|p1a: Yummy
|-damage|p1a: Yummy|120\/384
|c|âTyphozzz|lol
|
|switch|p2a: Florges|Florges, F|360\/360
|move|p1a: Yummy|Morning Sun|p1a: Yummy
|-heal|p1a: Yummy|312\/384
|
|-heal|p1a: Yummy|336\/384|[from] item: Leftovers
|turn|20
|c|âTyphozzz|taunt crobat
|c|âTyphozzz|i see u
|
|move|p1a: Yummy|Flare Blitz|p2a: Florges
|-damage|p2a: Florges|135\/360
|-damage|p1a: Yummy|262\/384|[from] recoil|[of] p2a: Florges
|move|p2a: Florges|Aromatherapy|p2a: Florges
|-cureteam|p2a: Florges|[from] move: Aromatherapy
|
|-heal|p1a: Yummy|286\/384|[from] item: Leftovers
|-heal|p2a: Florges|157\/360|[from] item: Leftovers
|turn|21
|c|âCnorth26|wtf
|c|âTyphozzz|holy no defense evs
|c|âTyphozzz|lmao
|c|âCnorth26|where is my def investment
|c|âTyphozzz|ikr
|c|âCnorth26|my lord what am i doing
|c|âTyphozzz|thats what  isaid
|c|âTyphozzz|like
|c|âTyphozzz|shit 
|c|âTyphozzz|lol
|c|âTyphozzz|what do u normally run?
|c|âTyphozzz|224?
|c|âCnorth26|i think
|c|âCnorth26|im not sure
|c|âTyphozzz|same
|c|âTyphozzz|lol
|c|âTyphozzz|thats the normal 
|c|âCnorth26|fuck waiting
|c|âCnorth26|its going it
|c|âCnorth26|in
|
|switch|p2a: Celebi|Celebi|404\/404
|move|p1a: Yummy|Morning Sun|p1a: Yummy
|-heal|p1a: Yummy|384\/384
|
|turn|22
|c|âCnorth26|or not
|c|âCnorth26|k
|c|âTyphozzz|is that
|c|âTyphozzz|a countr
|c|âTyphozzz|????
|c|âCnorth26|yes
|
|move|p2a: Celebi|Seed Bomb|p1a: Yummy
|-resisted|p1a: Yummy
|-damage|p1a: Yummy|347\/384
|move|p1a: Yummy|Flare Blitz|p2a: Celebi
|-supereffective|p2a: Celebi
|-damage|p2a: Celebi|200\/404
|-enditem|p2a: Celebi|Weakness Policy
|-boost|p2a: Celebi|atk|2|[from] item: Weakness Policy
|-boost|p2a: Celebi|spa|2|[from] item: Weakness Policy
|-damage|p1a: Yummy|280\/384|[from] recoil|[of] p2a: Celebi
|
|-heal|p1a: Yummy|304\/384|[from] item: Leftovers
|turn|23
|c|âTyphozzz|nice!
|c|âTyphozzz|oh no
|c|âTyphozzz|the wp
|c|âCnorth26|thanks!
|c|âTyphozzz|?_?
|c|âTyphozzz|thanks
|
|move|p2a: Celebi|Recover|p2a: Celebi
|-heal|p2a: Celebi|402\/404
|move|p1a: Yummy|Roar|p2a: Celebi
|drag|p2a: Crobat|Crobat, F|369\/373
|
|-heal|p2a: Crobat|373\/373|[from] item: Black Sludge
|-heal|p1a: Yummy|328\/384|[from] item: Leftovers
|turn|24
|c|âTyphozzz|ez
|c|âTyphozzz|lmao
|c|âCnorth26|EW
|c|âTyphozzz|fuk outta here
|c|âCnorth26|EEEEEEEEEEEEEEEEEEEEEEEEEEEEEEW
|c|âTyphozzz|LOL
|-message|Cnorth26 forfeited.
|
|win|Typhozzz
|c|âTyphozzz|LOOOOOL
|c|âTyphozzz|yum
|c|âTyphozzz|gimme dem soulz
|c|âTyphozzz|lmao