|J|Typhozzz
|J|Qubae Â§
|player|p1|Typhozzz|typhozzz.gif
|player|p2|Qubae Â§|qubae.gif
|gametype|singles
|gen|6
|tier|UU
|rule|Sleep Clause Mod: Limit one foe put to sleep
|rule|Species Clause: Limit one of each PokÃ©mon
|rule|OHKO Clause: OHKO moves are banned
|rule|Moody Clause: Moody is banned
|rule|Evasion Moves Clause: Evasion moves are banned
|rule|Endless Battle Clause: Forcing endless battles is banned
|rule|HP Percentage Mod: HP is shown in percentages
|clearpoke
|poke|p1|Jirachi
|poke|p1|Hydreigon, M
|poke|p1|Crobat, M
|poke|p1|Swampert, M
|poke|p1|Beedrill, M
|poke|p1|Florges, F
|poke|p2|Ampharos, F
|poke|p2|Suicune
|poke|p2|Mienshao, M
|poke|p2|Umbreon, M, shiny
|poke|p2|Swampert, M
|poke|p2|Gligar, F
|rule|Swagger Clause: Swagger is banned
|rule|Baton Pass Clause: Limit one PokÃ©mon knowing Baton Pass
|teampreview
|c|âTyphozzz|gl hf
|c|âQubae Â§|no
|c|âTyphozzz|:[ 
|c|âTyphozzz|bl nf?
|
|start
|switch|p1a: Uturn The Meta|Beedrill, M|271\/271
|switch|p2a: .|Suicune|403\/403
|-ability|p2a: .|Pressure
|turn|1
|c|âTyphozzz|:[
|c|âQubae Â§|yes
|
|detailschange|p1a: Uturn The Meta|Beedrill-Mega, M
|-mega|p1a: Uturn The Meta|Beedrill|Beedrillite
|move|p1a: Uturn The Meta|U-turn|p2a: .
|-damage|p2a: .|291\/403
|c|âQubae Â§|blnf
|c|âQubae Â§|fgt
|c|âTyphozzz|lol
|
|switch|p1a: 3sum|Hydreigon, M|325\/325
|move|p2a: .|Scald|p1a: 3sum
|-resisted|p1a: 3sum
|-damage|p1a: 3sum|271\/325
|
|-heal|p2a: .|316\/403|[from] item: Leftovers
|turn|2
|
|switch|p2a: .|Umbreon, M, shiny|394\/394
|move|p1a: 3sum|Draco Meteor|p2a: .
|-damage|p2a: .|234\/394
|-unboost|p1a: 3sum|spa|2
|-damage|p1a: 3sum|239\/325|[from] item: Life Orb
|
|-heal|p2a: .|258\/394|[from] item: Leftovers
|turn|3
|
|move|p1a: 3sum|Superpower|p2a: .
|-supereffective|p2a: .
|-damage|p2a: .|32\/394
|-unboost|p1a: 3sum|atk|1
|-unboost|p1a: 3sum|def|1
|-damage|p1a: 3sum|207\/325|[from] item: Life Orb
|move|p2a: .|Wish|p2a: .
|
|-heal|p2a: .|56\/394|[from] item: Leftovers
|turn|4
|c|âTyphozzz|ok
|c|âTyphozzz|not
|c|âQubae Â§|*_*
|c|âTyphozzz|enuf
|c|âTyphozzz|_?
|
|switch|p1a: STOP!|Jirachi|341\/341
|move|p2a: .|Protect|p2a: .
|-fail|p2a: .
|
|-heal|p2a: .|253\/394|[from] move: Wish|[wisher] .
|-heal|p2a: .|277\/394|[from] item: Leftovers
|turn|5
|
|move|p1a: STOP!|U-turn|p2a: .
|-supereffective|p2a: .
|-damage|p2a: .|145\/394
|
|switch|p1a: Flower Power|Florges, F|360\/360
|move|p2a: .|Wish|p2a: .
|
|-heal|p2a: .|169\/394|[from] item: Leftovers
|turn|6
|
|switch|p2a: .|Swampert, M|403\/403
|move|p1a: Flower Power|Moonblast|p2a: .
|-damage|p2a: .|256\/403
|-unboost|p2a: .|spa|1
|
|-heal|p2a: .|403\/403|[from] move: Wish|[wisher] .
|turn|7
|
|switch|p1a: Yung Batman|Crobat, M|373\/373
|move|p2a: .|Stealth Rock|p1a: Yung Batman
|-sidestart|p1: Typhozzz|move: Stealth Rock
|
|turn|8
|
|move|p1a: Yung Batman|Defog|p2a: .
|-unboost|p2a: .|evasion|1
|-sideend|p1: Typhozzz|Stealth Rock|[from] move: Defog|[of] p1a: Yung Batman
|move|p2a: .|Scald|p1a: Yung Batman
|-damage|p1a: Yung Batman|312\/373
|-status|p1a: Yung Batman|brn
|
|-heal|p1a: Yung Batman|335\/373 brn|[from] item: Black Sludge
|-damage|p1a: Yung Batman|289\/373 brn|[from] brn
|turn|9
|c|âQubae Â§|c:
|
|move|p1a: Yung Batman|U-turn|p2a: .
|-damage|p2a: .|382\/403
|
|switch|p1a: 3sum|Hydreigon, M|207\/325
|move|p2a: .|Stealth Rock|p1a: 3sum
|-sidestart|p1: Typhozzz|move: Stealth Rock
|
|-heal|p2a: .|403\/403|[from] item: Leftovers
|turn|10
|
|move|p1a: 3sum|Draco Meteor|p2a: .
|-damage|p2a: .|98\/403
|-unboost|p1a: 3sum|spa|2
|-damage|p1a: 3sum|175\/325|[from] item: Life Orb
|move|p2a: .|Scald|p1a: 3sum
|-resisted|p1a: 3sum
|-damage|p1a: 3sum|124\/325
|
|-heal|p2a: .|123\/403|[from] item: Leftovers
|turn|11
|
|switch|p2a: .|Gligar, F|333\/333
|move|p1a: 3sum|Roost|p1a: 3sum
|-heal|p1a: 3sum|287\/325
|
|turn|12
|
|switch|p1a: Team Player|Swampert, M|404\/404
|-damage|p1a: Team Player|379\/404|[from] Stealth Rock
|move|p2a: .|U-turn|p1a: Team Player
|-damage|p1a: Team Player|347\/404
|
|switch|p2a: .|Umbreon, M, shiny|169\/394
|
|-heal|p2a: .|193\/394|[from] item: Leftovers
|-heal|p1a: Team Player|372\/404|[from] item: Leftovers
|turn|13
|
|move|p2a: .|Wish|p2a: .
|move|p1a: Team Player|Stealth Rock|p2a: .
|-sidestart|p2: Qubae Â§|move: Stealth Rock
|
|-heal|p2a: .|217\/394|[from] item: Leftovers
|-heal|p1a: Team Player|397\/404|[from] item: Leftovers
|turn|14
|
|move|p2a: .|Foul Play|p1a: Team Player
|-damage|p1a: Team Player|307\/404
|move|p1a: Team Player|Roar|p2a: .
|drag|p2a: .|Suicune|316\/403
|-damage|p2a: .|266\/403|[from] Stealth Rock
|-ability|p2a: .|Pressure
|
|-heal|p2a: .|403\/403|[from] move: Wish|[wisher] .
|-heal|p1a: Team Player|332\/404|[from] item: Leftovers
|turn|15
|c|âQubae Â§|ok
|
|switch|p1a: 3sum|Hydreigon, M|287\/325
|-damage|p1a: 3sum|247\/325|[from] Stealth Rock
|move|p2a: .|Calm Mind|p2a: .
|-boost|p2a: .|spa|1
|-boost|p2a: .|spd|1
|
|turn|16
|c|âQubae Â§|this twerks
|c|âTyphozzz|lol twerks
|
|move|p1a: 3sum|Dark Pulse|p2a: .
|-damage|p2a: .|296\/403
|-damage|p1a: 3sum|215\/325|[from] item: Life Orb
|move|p2a: .|Scald|p1a: 3sum
|-resisted|p1a: 3sum
|-damage|p1a: 3sum|137\/325
|
|-heal|p2a: .|321\/403|[from] item: Leftovers
|turn|17
|
|move|p1a: 3sum|Draco Meteor|p2a: .
|-damage|p2a: .|164\/403
|-unboost|p1a: 3sum|spa|2
|-damage|p1a: 3sum|105\/325|[from] item: Life Orb
|move|p2a: .|Scald|p1a: 3sum
|-resisted|p1a: 3sum
|-damage|p1a: 3sum|22\/325
|-status|p1a: 3sum|brn
|
|-heal|p2a: .|189\/403|[from] item: Leftovers
|-damage|p1a: 3sum|0 fnt|[from] brn
|faint|p1a: 3sum
|c|âTyphozzz|yung
|c|âTyphozzz|the fuck bull
|c|âQubae Â§|livin
|c|âQubae Â§|:]
|
|switch|p1a: Team Player|Swampert, M|332\/404
|-damage|p1a: Team Player|307\/404|[from] Stealth Rock
|turn|18
|
|move|p2a: .|Scald|p1a: Team Player
|-damage|p1a: Team Player|166\/404
|move|p1a: Team Player|Roar|p2a: .
|drag|p2a: .|Swampert, M|123\/403
|-damage|p2a: .|98\/403|[from] Stealth Rock
|
|-heal|p1a: Team Player|191\/404|[from] item: Leftovers
|-heal|p2a: .|123\/403|[from] item: Leftovers
|turn|19
|
|move|p2a: .|Scald|p1a: Team Player
|-damage|p1a: Team Player|50\/404
|move|p1a: Team Player|Scald|p2a: .
|-damage|p2a: .|0 fnt
|faint|p2a: .
|
|-heal|p1a: Team Player|75\/404|[from] item: Leftovers
|
|switch|p2a: .|Mienshao, M|271\/271
|-damage|p2a: .|255\/271|[from] Stealth Rock
|turn|20
|
|switch|p1a: Flower Power|Florges, F|360\/360
|-damage|p1a: Flower Power|315\/360|[from] Stealth Rock
|move|p2a: .|High Jump Kick|p1a: Flower Power
|-resisted|p1a: Flower Power
|-damage|p1a: Flower Power|163\/360
|-damage|p2a: .|228\/271|[from] item: Life Orb
|
|-heal|p1a: Flower Power|185\/360|[from] item: Leftovers
|turn|21
|
|move|p1a: Flower Power|Protect|p1a: Flower Power
|-singleturn|p1a: Flower Power|Protect
|move|p2a: .|Poison Jab|p1a: Flower Power
|-activate|p1a: Flower Power|Protect
|
|-heal|p1a: Flower Power|207\/360|[from] item: Leftovers
|turn|22
|c|âQubae Â§|dommage
|c|âTyphozzz|thats
|c|âTyphozzz|annooying
|
|switch|p1a: Yung Batman|Crobat, M|289\/373 brn
|-damage|p1a: Yung Batman|196\/373 brn|[from] Stealth Rock
|move|p2a: .|Poison Jab|p1a: Yung Batman
|-resisted|p1a: Yung Batman
|-damage|p1a: Yung Batman|118\/373 brn
|-damage|p2a: .|201\/271|[from] item: Life Orb
|
|-heal|p1a: Yung Batman|141\/373 brn|[from] item: Black Sludge
|-damage|p1a: Yung Batman|95\/373 brn|[from] brn
|turn|23
|
|switch|p2a: .|Gligar, F|333\/333
|-damage|p2a: .|292\/333|[from] Stealth Rock
|move|p1a: Yung Batman|Roost|p1a: Yung Batman
|-heal|p1a: Yung Batman|282\/373 brn
|
|-heal|p1a: Yung Batman|305\/373 brn|[from] item: Black Sludge
|-damage|p1a: Yung Batman|259\/373 brn|[from] brn
|turn|24
|c|âQubae Â§|oh cool
|c|âQubae Â§|im regenerator
|c|âQubae Â§|not reckless
|
|move|p1a: Yung Batman|Defog|p2a: .
|-unboost|p2a: .|evasion|1
|-sideend|p2: Qubae Â§|Stealth Rock|[from] move: Defog|[of] p2a: .
|-sideend|p1: Typhozzz|Stealth Rock|[from] move: Defog|[of] p1a: Yung Batman
|move|p2a: .|U-turn|p1a: Yung Batman
|-crit|p1a: Yung Batman
|-resisted|p1a: Yung Batman
|-damage|p1a: Yung Batman|240\/373 brn
|
|switch|p2a: .|Ampharos, F|321\/321
|
|-heal|p1a: Yung Batman|263\/373 brn|[from] item: Black Sludge
|-damage|p1a: Yung Batman|217\/373 brn|[from] brn
|turn|25
|
|detailschange|p2a: .|Ampharos-Mega, F
|-mega|p2a: .|Ampharos|Ampharosite
|-ability|p2a: .|Mold Breaker
|move|p1a: Yung Batman|U-turn|p2a: .
|-damage|p2a: .|292\/321
|
|switch|p1a: Flower Power|Florges, F|207\/360
|move|p2a: .|Dragon Pulse|p1a: Flower Power
|-immune|p1a: Flower Power|[msg]
|
|-heal|p1a: Flower Power|229\/360|[from] item: Leftovers
|turn|26
|
|switch|p2a: .|Gligar, F|292\/333
|move|p1a: Flower Power|Wish|p1a: Flower Power
|
|-heal|p1a: Flower Power|251\/360|[from] item: Leftovers
|turn|27
|
|move|p2a: .|U-turn|p1a: Flower Power
|-resisted|p1a: Flower Power
|-damage|p1a: Flower Power|227\/360
|
|switch|p2a: .|Suicune|189\/403
|-ability|p2a: .|Pressure
|move|p1a: Flower Power|Moonblast|p2a: .
|-damage|p2a: .|87\/403
|-unboost|p2a: .|spa|1
|
|-heal|p1a: Flower Power|360\/360|[from] move: Wish|[wisher] Flower Power
|-heal|p2a: .|112\/403|[from] item: Leftovers
|turn|28
|c|âQubae Â§|rest !!!
|
|move|p2a: .|Rest|p2a: .
|-status|p2a: .|slp
|-heal|p2a: .|403\/403 slp|[silent]
|-status|p2a: .|slp|[from] move: Rest
|move|p1a: Flower Power|Moonblast|p2a: .
|-damage|p2a: .|301\/403 slp
|
|-heal|p2a: .|326\/403 slp|[from] item: Leftovers
|turn|29
|c|âQubae Â§|quickly!!!
|c|âTyphozzz|same
|
|switch|p2a: .|Gligar, F|292\/333
|move|p1a: Flower Power|Aromatherapy|p1a: Flower Power
|-cureteam|p1a: Flower Power|[from] move: Aromatherapy
|
|turn|30
|
|move|p2a: .|Earthquake|p1a: Flower Power
|-crit|p1a: Flower Power
|-damage|p1a: Flower Power|209\/360
|move|p1a: Flower Power|Moonblast|p2a: .
|-damage|p2a: .|175\/333
|
|-heal|p1a: Flower Power|231\/360|[from] item: Leftovers
|turn|31
|c|âQubae Â§|what a bad team
|c|âQubae Â§|arifeen
|c|âQubae Â§|oml
|c|âTyphozzz|lol
|
|move|p2a: .|U-turn|p1a: Flower Power
|-resisted|p1a: Flower Power
|-damage|p1a: Flower Power|210\/360
|
|switch|p2a: .|Mienshao, M|271\/271
|move|p1a: Flower Power|Wish|p1a: Flower Power
|
|-heal|p1a: Flower Power|232\/360|[from] item: Leftovers
|turn|32
|
|move|p1a: Flower Power|Protect|p1a: Flower Power
|-singleturn|p1a: Flower Power|Protect
|move|p2a: .|Poison Jab|p1a: Flower Power
|-activate|p1a: Flower Power|Protect
|
|-heal|p1a: Flower Power|360\/360|[from] move: Wish|[wisher] Flower Power
|turn|33
|
|move|p2a: .|Poison Jab|p1a: Flower Power
|-supereffective|p1a: Flower Power
|-damage|p1a: Flower Power|108\/360
|-damage|p2a: .|244\/271|[from] item: Life Orb
|move|p1a: Flower Power|Moonblast|p2a: .
|-supereffective|p2a: .
|-damage|p2a: .|0 fnt
|faint|p2a: .
|
|-heal|p1a: Flower Power|130\/360|[from] item: Leftovers
|c|âTyphozzz|yummy
|
|switch|p2a: .|Ampharos-Mega, F|292\/321
|-ability|p2a: .|Mold Breaker
|turn|34
|
|move|p1a: Flower Power|Protect|p1a: Flower Power
|-singleturn|p1a: Flower Power|Protect
|move|p2a: .|Discharge|p1a: Flower Power
|-activate|p1a: Flower Power|Protect
|
|-heal|p1a: Flower Power|152\/360|[from] item: Leftovers
|turn|35
|
|move|p2a: .|Discharge|p1a: Flower Power
|-damage|p1a: Flower Power|43\/360
|move|p1a: Flower Power|Wish|p1a: Flower Power
|
|-heal|p1a: Flower Power|65\/360|[from] item: Leftovers
|turn|36
|
|move|p1a: Flower Power|Protect|p1a: Flower Power
|-singleturn|p1a: Flower Power|Protect
|move|p2a: .|Discharge|p1a: Flower Power
|-activate|p1a: Flower Power|Protect
|
|-heal|p1a: Flower Power|245\/360|[from] move: Wish|[wisher] Flower Power
|-heal|p1a: Flower Power|267\/360|[from] item: Leftovers
|turn|37
|c|âQubae Â§|wow no para
|
|move|p2a: .|Discharge|p1a: Flower Power
|-damage|p1a: Flower Power|161\/360
|-status|p1a: Flower Power|par
|move|p1a: Flower Power|Moonblast|p2a: .
|-supereffective|p2a: .
|-damage|p2a: .|68\/321
|-unboost|p2a: .|spa|1
|
|-heal|p1a: Flower Power|183\/360 par|[from] item: Leftovers
|turn|38
|c|âQubae Â§|hax
|
|move|p2a: .|Discharge|p1a: Flower Power
|-damage|p1a: Flower Power|110\/360 par
|move|p1a: Flower Power|Aromatherapy|p1a: Flower Power
|-cureteam|p1a: Flower Power|[from] move: Aromatherapy
|
|-heal|p1a: Flower Power|132\/360|[from] item: Leftovers
|turn|39
|c|âQubae Â§|HAX
|
|move|p2a: .|Discharge|p1a: Flower Power
|-damage|p1a: Flower Power|50\/360
|move|p1a: Flower Power|Wish|p1a: Flower Power
|
|-heal|p1a: Flower Power|72\/360|[from] item: Leftovers
|turn|40
|
|move|p1a: Flower Power|Protect|p1a: Flower Power
|-singleturn|p1a: Flower Power|Protect
|move|p2a: .|Discharge|p1a: Flower Power
|-activate|p1a: Flower Power|Protect
|
|-heal|p1a: Flower Power|252\/360|[from] move: Wish|[wisher] Flower Power
|-heal|p1a: Flower Power|274\/360|[from] item: Leftovers
|turn|41
|
|move|p2a: .|Discharge|p1a: Flower Power
|-crit|p1a: Flower Power
|-damage|p1a: Flower Power|102\/360
|move|p1a: Flower Power|Wish|p1a: Flower Power
|
|-heal|p1a: Flower Power|124\/360|[from] item: Leftovers
|turn|42
|
|move|p1a: Flower Power|Protect|p1a: Flower Power
|-singleturn|p1a: Flower Power|Protect
|move|p2a: .|Agility|p2a: .
|-boost|p2a: .|spe|2
|
|-heal|p1a: Flower Power|304\/360|[from] move: Wish|[wisher] Flower Power
|-heal|p1a: Flower Power|326\/360|[from] item: Leftovers
|turn|43
|
|move|p2a: .|Discharge|p1a: Flower Power
|-damage|p1a: Flower Power|247\/360
|-status|p1a: Flower Power|par
|move|p1a: Flower Power|Moonblast|p2a: .
|-crit|p2a: .
|-supereffective|p2a: .
|-damage|p2a: .|0 fnt
|faint|p2a: .
|
|-heal|p1a: Flower Power|269\/360 par|[from] item: Leftovers
|
|switch|p2a: .|Suicune|326\/403 slp
|-ability|p2a: .|Pressure
|turn|44
|c|âTyphozzz|they call me florges
|c|âTyphozzz|STOP!
|J|Impâ Apples
|c|âQubae Â§|florges is
|c|âQubae Â§|an aids basket
|
|cant|p2a: .|slp
|move|p2a: .|Sleep Talk|p2a: .
|move|p2a: .|Rest|p2a: .|[from]Sleep Talk
|-fail|p2a: .
|cant|p1a: Flower Power|par
|
|-heal|p2a: .|351\/403 slp|[from] item: Leftovers
|-heal|p1a: Flower Power|291\/360 par|[from] item: Leftovers
|turn|45
|c| Impâ Apples|go typhoozzzzz
|c|âTyphozzz|lol
|c|âTyphozzz|aids basket
|c|âTyphozzz|+?
|
|switch|p1a: STOP!|Jirachi|341\/341
|cant|p2a: .|slp
|move|p2a: .|Sleep Talk|p2a: .
|move|p2a: .|Calm Mind|p2a: .|[from]Sleep Talk
|-boost|p2a: .|spa|1
|-boost|p2a: .|spd|1
|
|-heal|p2a: .|376\/403 slp|[from] item: Leftovers
|turn|46
|
|move|p1a: STOP!|Trick|p2a: .
|-activate|p1a: STOP!|move: Trick|[of] p2a: .
|-item|p2a: .|Choice Scarf|[from] move: Trick
|-item|p1a: STOP!|Leftovers|[from] move: Trick
|-curestatus|p2a: .|slp
|move|p2a: .|Calm Mind|p2a: .
|-boost|p2a: .|spa|1
|-boost|p2a: .|spd|1
|
|turn|47
|c|âTyphozzz|nichze
|c|âQubae Â§|.
|
|switch|p2a: .|Gligar, F|175\/333
|move|p1a: STOP!|U-turn|p2a: .
|-resisted|p2a: .
|-damage|p2a: .|158\/333
|
|switch|p1a: Team Player|Swampert, M|75\/404
|
|-heal|p1a: Team Player|100\/404|[from] item: Leftovers
|turn|48
|
|move|p2a: .|Earthquake|p1a: Team Player
|-damage|p1a: Team Player|25\/404
|move|p1a: Team Player|Scald|p2a: .
|-supereffective|p2a: .
|-damage|p2a: .|0 fnt
|faint|p2a: .
|
|-heal|p1a: Team Player|50\/404|[from] item: Leftovers
|
|switch|p2a: .|Suicune|376\/403
|-ability|p2a: .|Pressure
|turn|49
|c|âQubae Â§|ur so
|c|âQubae Â§|bad
|
|move|p2a: .|Scald|p1a: Team Player
|-damage|p1a: Team Player|0 fnt
|faint|p1a: Team Player
|
|c|âQubae Â§|i wish you'd just
|c|âTyphozzz|sorry fren
|c|âQubae Â§|kys
|c|âTyphozzz|?_?
|c|âQubae Â§|already
|
|switch|p1a: Uturn The Meta|Beedrill-Mega, M|271\/271
|turn|50
|c|âTyphozzz|:[
|
|move|p1a: Uturn The Meta|U-turn|p2a: .
|-damage|p2a: .|244\/403
|c|âQubae Â§|!kys
|
|switch|p1a: Flower Power|Florges, F|291\/360 par
|move|p2a: .|Scald|p1a: Flower Power
|-damage|p1a: Flower Power|239\/360 par
|
|-heal|p1a: Flower Power|261\/360 par|[from] item: Leftovers
|turn|51
|c| Impâ Apples|:OOOOOOO
|c|âQubae Â§|how come theres not a kys tc
|c|âTyphozzz|i cri
|c|âTyphozzz|errytiem
|c| Impâ Apples|damn
|
|move|p2a: .|Scald|p1a: Flower Power
|-damage|p1a: Flower Power|212\/360 par
|move|p1a: Flower Power|Aromatherapy|p1a: Flower Power
|-cureteam|p1a: Flower Power|[from] move: Aromatherapy
|
|-heal|p1a: Flower Power|234\/360|[from] item: Leftovers
|turn|52
|-message|Qubae Â§ forfeited.
|
|win|Typhozzz
|c|âQubae Â§|you're in
|c|âQubae Â§|bitch
|c|âTyphozzz|gg!!!
|L|Qubae Â§
|player|p2