|J|AL PsyZen
|J|Typhozzz
|player|p1|AL PsyZen|165
|player|p2|Typhozzz|typhozzz.gif
|gametype|singles
|gen|6
|tier|UU
|rule|Sleep Clause Mod: Limit one foe put to sleep
|rule|Species Clause: Limit one of each PokÃ©mon
|rule|OHKO Clause: OHKO moves are banned
|rule|Moody Clause: Moody is banned
|rule|Evasion Moves Clause: Evasion moves are banned
|rule|Endless Battle Clause: Forcing endless battles is banned
|rule|HP Percentage Mod: HP is shown in percentages
|clearpoke
|poke|p1|Porygon-Z, shiny
|poke|p1|Lucario, F, shiny
|poke|p1|Donphan, M, shiny
|poke|p1|Vaporeon, M, shiny
|poke|p1|Beedrill, F, shiny
|poke|p1|Dragalge, M, shiny
|poke|p2|Celebi
|poke|p2|Entei, shiny
|poke|p2|Forretress, M
|poke|p2|Mienshao, F
|poke|p2|Hydreigon, M
|poke|p2|Swampert, M
|rule|Swagger Clause: Swagger is banned
|rule|Baton Pass Clause: Limit one PokÃ©mon knowing Baton Pass
|teampreview
|J|Exhaust
|L|Exhaust
|c|âTyphozzz|gl hf budE
|J|AL Coookies
|c| AL Coookies|typh
|c| AL Coookies|nice
|c| AL Coookies|mega
|c|âTyphozzz|thanks budE
|c|âTyphozzz|hello?
|c|âTyphozzz|do u not see it
|c|âTyphozzz|,,,,
|c| AL Coookies|im talking about
|J|Exhaust
|c| AL Coookies|mega
|c| AL Coookies|fortress
|
|start
|switch|p1a: Stingmon|Beedrill, F, shiny|271\/271
|switch|p2a: Burn Machine|Entei, shiny|371\/371
|-ability|p2a: Burn Machine|Pressure
|turn|1
|c| AL Coookies|helo?
|L|Exhaust
|
|detailschange|p1a: Stingmon|Beedrill-Mega, F, shiny
|-mega|p1a: Stingmon|Beedrill|Beedrillite
|move|p1a: Stingmon|Protect|p1a: Stingmon
|-singleturn|p1a: Stingmon|Protect
|move|p2a: Burn Machine|Sacred Fire|p1a: Stingmon
|-activate|p1a: Stingmon|Protect
|
|turn|2
|
|move|p1a: Stingmon|U-turn|p2a: Burn Machine
|-resisted|p2a: Burn Machine
|-damage|p2a: Burn Machine|260\/371
|
|switch|p1a: Vapor|Vaporeon, M, shiny|464\/464
|move|p2a: Burn Machine|Sacred Fire|p1a: Vapor
|-resisted|p1a: Vapor
|-damage|p1a: Vapor|315\/464
|-status|p1a: Vapor|brn
|
|-heal|p1a: Vapor|344\/464 brn|[from] item: Leftovers
|-damage|p1a: Vapor|286\/464 brn|[from] brn
|turn|3
|c| AL Coookies|nice mega
|c| AL Coookies|vap
|J|iApex
|
|switch|p2a: Wah Wah|Celebi|403\/403
|move|p1a: Vapor|Wish|p1a: Vapor
|
|-heal|p1a: Vapor|315\/464 brn|[from] item: Leftovers
|-damage|p1a: Vapor|257\/464 brn|[from] brn
|turn|4
|
|move|p1a: Vapor|Protect|p1a: Vapor
|-singleturn|p1a: Vapor|Protect
|move|p2a: Wah Wah|Baton Pass|p2a: Wah Wah
|
|switch|p2a: ArmsSpaghetti|Mienshao, F|271\/271
|
|-heal|p1a: Vapor|464\/464 brn|[from] move: Wish|[wisher] Vapor
|-damage|p1a: Vapor|406\/464 brn|[from] brn
|turn|5
|
|switch|p1a: Dragalgalgle|Dragalge, M, shiny|305\/305
|move|p2a: ArmsSpaghetti|Knock Off|p1a: Dragalgalgle
|-damage|p1a: Dragalgalgle|150\/305
|-enditem|p1a: Dragalgalgle|Draco Plate|[from] move: Knock Off|[of] p2a: ArmsSpaghetti
|-damage|p2a: ArmsSpaghetti|244\/271|[from] item: Life Orb
|
|turn|6
|c|âTyphozzz|nice counter...
|
|move|p2a: ArmsSpaghetti|U-turn|p1a: Dragalgalgle
|-resisted|p1a: Dragalgalgle
|-damage|p1a: Dragalgalgle|97\/305
|-damage|p2a: ArmsSpaghetti|217\/271|[from] item: Life Orb
|
|switch|p2a: The Fuk Am I|Forretress, M|354\/354
|move|p1a: Dragalgalgle|Sludge Wave|p2a: The Fuk Am I
|-immune|p2a: The Fuk Am I|[msg]
|
|turn|7
|
|switch|p1a: Dolphin|Donphan, M, shiny|384\/384
|move|p2a: The Fuk Am I|Stealth Rock|p1a: Dolphin
|-sidestart|p1: AL PsyZen|move: Stealth Rock
|
|turn|8
|c|âTyphozzz|reveal hp fire budE
|c|âTyphozzz|ah nichze
|c|âTyphozzz|:]
|
|switch|p2a: Wah Wah|Celebi|403\/403
|move|p1a: Dolphin|Rapid Spin|p2a: Wah Wah
|-damage|p2a: Wah Wah|383\/403
|-sideend|p1: AL PsyZen|Stealth Rock|[from] move: Rapid Spin|[of] p1a: Dolphin
|
|-heal|p2a: Wah Wah|403\/403|[from] item: Leftovers
|turn|9
|
|switch|p2a: Team Player|Swampert, M|341\/341
|move|p1a: Dolphin|Stealth Rock|p2a: Team Player
|-sidestart|p2: Typhozzz|move: Stealth Rock
|
|turn|10
|L|AL Coookies
|
|switch|p1a: Vapor|Vaporeon, M, shiny|406\/464 brn
|detailschange|p2a: Team Player|Swampert-Mega, M
|-mega|p2a: Team Player|Swampert|Swampertite
|move|p2a: Team Player|Earthquake|p1a: Vapor
|-damage|p1a: Vapor|162\/464 brn
|
|-heal|p1a: Vapor|191\/464 brn|[from] item: Leftovers
|-damage|p1a: Vapor|133\/464 brn|[from] brn
|turn|11
|c|âTyphozzz|power predicted
|
|move|p2a: Team Player|Earthquake|p1a: Vapor
|-damage|p1a: Vapor|0 fnt
|faint|p1a: Vapor
|
|
|switch|p1a: Stingmon|Beedrill-Mega, F, shiny|271\/271
|turn|12
|
|move|p1a: Stingmon|U-turn|p2a: Team Player
|-damage|p2a: Team Player|183\/341
|J|AL Ridley
|
|switch|p1a: Dolphin|Donphan, M, shiny|384\/384
|move|p2a: Team Player|Earthquake|p1a: Dolphin
|-damage|p1a: Dolphin|248\/384
|
|-heal|p1a: Dolphin|272\/384|[from] item: Leftovers
|turn|13
|
|move|p2a: Team Player|Waterfall|p1a: Dolphin
|-supereffective|p1a: Dolphin
|-damage|p1a: Dolphin|56\/384
|move|p1a: Dolphin|Earthquake|p2a: Team Player
|-damage|p2a: Team Player|51\/341
|
|-heal|p1a: Dolphin|80\/384|[from] item: Leftovers
|turn|14
|
|switch|p2a: The Fuk Am I|Forretress, M|354\/354
|-damage|p2a: The Fuk Am I|310\/354|[from] Stealth Rock
|move|p1a: Dolphin|Earthquake|p2a: The Fuk Am I
|-damage|p2a: The Fuk Am I|232\/354
|
|-heal|p1a: Dolphin|104\/384|[from] item: Leftovers
|-heal|p2a: The Fuk Am I|254\/354|[from] item: Leftovers
|turn|15
|
|move|p1a: Dolphin|Earthquake|p2a: The Fuk Am I
|-crit|p2a: The Fuk Am I
|-damage|p2a: The Fuk Am I|143\/354
|move|p2a: The Fuk Am I|Rapid Spin|p1a: Dolphin
|-damage|p1a: Dolphin|93\/384
|-sideend|p2: Typhozzz|Stealth Rock|[from] move: Rapid Spin|[of] p2a: The Fuk Am I
|
|-heal|p1a: Dolphin|117\/384|[from] item: Leftovers
|-heal|p2a: The Fuk Am I|165\/354|[from] item: Leftovers
|turn|16
|
|move|p1a: Dolphin|Stealth Rock|p2a: The Fuk Am I
|-sidestart|p2: Typhozzz|move: Stealth Rock
|move|p2a: The Fuk Am I|Stealth Rock|p1a: Dolphin
|-sidestart|p1: AL PsyZen|move: Stealth Rock
|
|-heal|p1a: Dolphin|141\/384|[from] item: Leftovers
|-heal|p2a: The Fuk Am I|187\/354|[from] item: Leftovers
|turn|17
|
|move|p1a: Dolphin|Rapid Spin|p2a: The Fuk Am I
|-resisted|p2a: The Fuk Am I
|-damage|p2a: The Fuk Am I|181\/354
|-sideend|p1: AL PsyZen|Stealth Rock|[from] move: Rapid Spin|[of] p1a: Dolphin
|move|p2a: The Fuk Am I|Rapid Spin|p1a: Dolphin
|-damage|p1a: Dolphin|131\/384
|-sideend|p2: Typhozzz|Stealth Rock|[from] move: Rapid Spin|[of] p2a: The Fuk Am I
|
|-heal|p1a: Dolphin|155\/384|[from] item: Leftovers
|-heal|p2a: The Fuk Am I|203\/354|[from] item: Leftovers
|turn|18
|
|switch|p2a: 3sum|Hydreigon, M|325\/325
|move|p1a: Dolphin|Stealth Rock|p2a: 3sum
|-sidestart|p2: Typhozzz|move: Stealth Rock
|
|-heal|p1a: Dolphin|179\/384|[from] item: Leftovers
|turn|19
|
|move|p2a: 3sum|Dark Pulse|p1a: Dolphin
|-damage|p1a: Dolphin|0 fnt
|faint|p1a: Dolphin
|
|
|switch|p1a: Lukario|Lucario, F, shiny|281\/281
|turn|20
|
|switch|p2a: Team Player|Swampert-Mega, M|51\/341
|-damage|p2a: Team Player|30\/341|[from] Stealth Rock
|move|p1a: Lukario|Swords Dance|p1a: Lukario
|-boost|p1a: Lukario|atk|2
|
|turn|21
|
|move|p1a: Lukario|Extreme Speed|p2a: Team Player
|-damage|p2a: Team Player|0 fnt
|-damage|p1a: Lukario|253\/281|[from] item: Life Orb
|faint|p2a: Team Player
|
|
|switch|p2a: 3sum|Hydreigon, M|325\/325
|-damage|p2a: 3sum|285\/325|[from] Stealth Rock
|turn|22
|
|move|p1a: Lukario|Extreme Speed|p2a: 3sum
|-damage|p2a: 3sum|20\/325
|-damage|p1a: Lukario|225\/281|[from] item: Life Orb
|move|p2a: 3sum|Fire Blast|p1a: Lukario
|-crit|p1a: Lukario
|-supereffective|p1a: Lukario
|-damage|p1a: Lukario|0 fnt
|faint|p1a: Lukario
|
|
|switch|p1a: Power-Z|Porygon-Z, shiny|312\/312
|turn|23
|
|switch|p2a: Wah Wah|Celebi|403\/403
|-damage|p2a: Wah Wah|353\/403|[from] Stealth Rock
|move|p1a: Power-Z|Tri Attack|p2a: Wah Wah
|-damage|p2a: Wah Wah|221\/403
|-status|p2a: Wah Wah|par
|
|-heal|p2a: Wah Wah|246\/403 par|[from] item: Leftovers
|turn|24
|c|âTyphozzz|mfw
|
|move|p1a: Power-Z|Tri Attack|p2a: Wah Wah
|-crit|p2a: Wah Wah
|-damage|p2a: Wah Wah|28\/403 par
|move|p2a: Wah Wah|Perish Song|p2a: Wah Wah
|-fieldactivate|move: Perish Song
|
|-start|p1a: Power-Z|perish3
|-start|p2a: Wah Wah|perish3
|-heal|p2a: Wah Wah|53\/403 par|[from] item: Leftovers
|turn|25
|
|move|p1a: Power-Z|Tri Attack|p2a: Wah Wah
|-damage|p2a: Wah Wah|0 fnt
|faint|p2a: Wah Wah
|
|-start|p1a: Power-Z|perish2
|J|AL Chakra
|
|switch|p2a: ArmsSpaghetti|Mienshao, F|271\/271
|-damage|p2a: ArmsSpaghetti|255\/271|[from] Stealth Rock
|turn|26
|c| AL Chakra - ÐÔÐ°Ñ|.
|
|switch|p1a: Dragalgalgle|Dragalge, M, shiny|97\/305
|move|p2a: ArmsSpaghetti|Fake Out|p1a: Dragalgalgle
|-damage|p1a: Dragalgalgle|28\/305
|-damage|p2a: ArmsSpaghetti|228\/271|[from] item: Life Orb
|
|turn|27
|
|move|p2a: ArmsSpaghetti|U-turn|p1a: Dragalgalgle
|-resisted|p1a: Dragalgalgle
|-damage|p1a: Dragalgalgle|0 fnt
|-damage|p2a: ArmsSpaghetti|201\/271|[from] item: Life Orb
|faint|p1a: Dragalgalgle
|c| AL Chakra - ÐÔÐ°Ñ|Whereâs your crocune jirachi and crobat
|c|âTyphozzz|lol
|c|âTyphozzz|thats why i have the counters
|c|âTyphozzz|:]
|
|switch|p2a: The Fuk Am I|Forretress, M|203\/354
|-damage|p2a: The Fuk Am I|159\/354|[from] Stealth Rock
|
|-heal|p2a: The Fuk Am I|181\/354|[from] item: Leftovers
|
|switch|p1a: Power-Z|Porygon-Z, shiny|312\/312
|turn|28
|
|switch|p2a: 3sum|Hydreigon, M|20\/325
|-damage|p2a: 3sum|0 fnt|[from] Stealth Rock
|faint|p2a: 3sum
|move|p1a: Power-Z|Dark Pulse|p2: 3sum|[notarget]
|-notarget
|
|
|switch|p2a: ArmsSpaghetti|Mienshao, F|271\/271
|-damage|p2a: ArmsSpaghetti|255\/271|[from] Stealth Rock
|turn|29
|
|switch|p1a: Stingmon|Beedrill-Mega, F, shiny|271\/271
|move|p2a: ArmsSpaghetti|High Jump Kick|p1a: Stingmon
|-resisted|p1a: Stingmon
|-damage|p1a: Stingmon|133\/271
|-damage|p2a: ArmsSpaghetti|228\/271|[from] item: Life Orb
|
|turn|30
|L|AL Chakra
|
|switch|p2a: The Fuk Am I|Forretress, M|181\/354
|-damage|p2a: The Fuk Am I|137\/354|[from] Stealth Rock
|move|p1a: Stingmon|Poison Jab|p2a: The Fuk Am I
|-immune|p2a: The Fuk Am I|[msg]
|
|-heal|p2a: The Fuk Am I|159\/354|[from] item: Leftovers
|turn|31
|c|âTyphozzz|lol u choked 
|
|move|p1a: Stingmon|Knock Off|p2a: The Fuk Am I
|-damage|p2a: The Fuk Am I|91\/354
|-enditem|p2a: The Fuk Am I|Leftovers|[from] move: Knock Off|[of] p1a: Stingmon
|move|p2a: The Fuk Am I|Rapid Spin|p1a: Stingmon
|-crit|p1a: Stingmon
|-damage|p1a: Stingmon|85\/271
|-sideend|p2: Typhozzz|Stealth Rock|[from] move: Rapid Spin|[of] p2a: The Fuk Am I
|
|turn|32
|
|move|p1a: Stingmon|U-turn|p2a: The Fuk Am I
|-resisted|p2a: The Fuk Am I
|-damage|p2a: The Fuk Am I|40\/354
|
|switch|p1a: Power-Z|Porygon-Z, shiny|312\/312
|move|p2a: The Fuk Am I|Volt Switch|p1a: Power-Z
|-damage|p1a: Power-Z|265\/312
|c|âTyphozzz|gg budE
|J|AL Mono
|
|switch|p2a: ArmsSpaghetti|Mienshao, F|271\/271
|
|turn|33
|
|move|p2a: ArmsSpaghetti|Fake Out|p1a: Power-Z
|-damage|p1a: Power-Z|184\/312
|-damage|p2a: ArmsSpaghetti|244\/271|[from] item: Life Orb
|cant|p1a: Power-Z|flinch
|
|turn|34
|
|switch|p2a: The Fuk Am I|Forretress, M|40\/354
|move|p1a: Power-Z|Tri Attack|p2a: The Fuk Am I
|-resisted|p2a: The Fuk Am I
|-damage|p2a: The Fuk Am I|0 fnt
|faint|p2a: The Fuk Am I
|
|
|switch|p2a: ArmsSpaghetti|Mienshao, F|271\/271
|turn|35
|
|switch|p1a: Stingmon|Beedrill-Mega, F, shiny|85\/271
|move|p2a: ArmsSpaghetti|Fake Out|p1a: Stingmon
|-crit|p1a: Stingmon
|-damage|p1a: Stingmon|0 fnt
|-damage|p2a: ArmsSpaghetti|244\/271|[from] item: Life Orb
|faint|p1a: Stingmon
|
|
|switch|p1a: Power-Z|Porygon-Z, shiny|184\/312
|turn|36
|
|move|p1a: Power-Z|Tri Attack|p2a: ArmsSpaghetti
|-damage|p2a: ArmsSpaghetti|0 fnt
|faint|p2a: ArmsSpaghetti
|
|J|Vanitas
|c|âTyphozzz|reveal
|
|switch|p2a: Burn Machine|Entei, shiny|260\/371
|-ability|p2a: Burn Machine|Pressure
|turn|37
|c|âTyphozzz|KILL
|
|move|p2a: Burn Machine|Extreme Speed|p1a: Power-Z
|-damage|p1a: Power-Z|0 fnt
|faint|p1a: Power-Z
|
|win|Typhozzz
|c|âTyphozzz|ah
|c|âTyphozzz|nb
|c|âTyphozzz|gg budE
|L|Vanitas
|L|Typhozzz
|player|p2
|L|AL Mono