|join|Typhozzz
|join|Reddron
|player|p1|Typhozzz|143
|player|p2|Reddron|101
|gametype|singles
|gen|6
|tier|UU
|rated
|rule|Sleep Clause Mod: Limit one foe put to sleep
|rule|Species Clause: Limit one of each PokÃ©mon
|rule|OHKO Clause: OHKO moves are banned
|rule|Moody Clause: Moody is banned
|rule|Evasion Moves Clause: Evasion moves are banned
|rule|Endless Battle Clause: Forcing endless battles is banned
|rule|HP Percentage Mod: HP is shown in percentages
|clearpoke
|poke|p1|Jirachi
|poke|p1|Hydreigon, M
|poke|p1|Crobat, M
|poke|p1|Swampert, M
|poke|p1|Beedrill, M
|poke|p1|Florges, F
|poke|p2|Azelf
|poke|p2|Honchkrow, F
|poke|p2|Jirachi
|poke|p2|Alomomola, M
|poke|p2|Scrafty, M
|poke|p2|Kyurem
|rule|Swagger Clause: Swagger is banned
|rule|Baton Pass Clause: Limit one PokÃ©mon knowing Baton Pass
|teampreview
|c|âTyphozzz|gl hf
|
|start
|switch|p1a: Uturn the Meta|Beedrill, M|271\/271
|switch|p2a: Azelf|Azelf|292\/292
|turn|1
|c|âReddron|u2
|
|detailschange|p1a: Uturn the Meta|Beedrill-Mega, M
|-mega|p1a: Uturn the Meta|Beedrill|Beedrillite
|move|p1a: Uturn the Meta|Protect|p1a: Uturn the Meta
|-singleturn|p1a: Uturn the Meta|Protect
|move|p2a: Azelf|Psyshock|p1a: Uturn the Meta
|-activate|p1a: Uturn the Meta|Protect
|
|turn|2
|
|switch|p1a: STOP|Jirachi|341\/341
|switch|p2a: Alomomola|Alomomola, M|534\/534
|
|turn|3
|
|move|p1a: STOP|Trick|p2a: Alomomola
|-activate|p1a: STOP|move: Trick|[of] p2a: Alomomola
|-item|p2a: Alomomola|Choice Scarf|[from] move: Trick
|-item|p1a: STOP|Leftovers|[from] move: Trick
|move|p2a: Alomomola|Scald|p1a: STOP
|-damage|p1a: STOP|298\/341
|-status|p1a: STOP|brn
|
|-heal|p1a: STOP|319\/341 brn|[from] item: Leftovers
|-damage|p1a: STOP|277\/341 brn|[from] brn
|turn|4
|
|switch|p1a: FlowerPower|Florges, F|360\/360
|switch|p2a: Jirachi|Jirachi|342\/342
|
|turn|5
|
|move|p1a: FlowerPower|Protect|p1a: FlowerPower
|-singleturn|p1a: FlowerPower|Protect
|move|p2a: Jirachi|Substitute|p2a: Jirachi
|-start|p2a: Jirachi|Substitute
|-damage|p2a: Jirachi|257\/342
|
|-heal|p2a: Jirachi|278\/342|[from] item: Leftovers
|turn|6
|
|switch|p1a: Team Player|Swampert, M|404\/404
|move|p2a: Jirachi|Iron Head|p1a: Team Player
|-resisted|p1a: Team Player
|-damage|p1a: Team Player|360\/404
|
|-heal|p2a: Jirachi|299\/342|[from] item: Leftovers
|-heal|p1a: Team Player|385\/404|[from] item: Leftovers
|turn|7
|
|move|p2a: Jirachi|Toxic|p1a: Team Player
|-status|p1a: Team Player|tox
|move|p1a: Team Player|Stealth Rock|p2a: Jirachi
|-sidestart|p2: Reddron|move: Stealth Rock
|
|-heal|p2a: Jirachi|320\/342|[from] item: Leftovers
|-heal|p1a: Team Player|404\/404 tox|[from] item: Leftovers
|-damage|p1a: Team Player|379\/404 tox|[from] psn
|turn|8
|
|move|p2a: Jirachi|Iron Head|p1a: Team Player
|-resisted|p1a: Team Player
|-damage|p1a: Team Player|338\/404 tox
|move|p1a: Team Player|Roar|p2a: Jirachi
|drag|p2a: Honchkrow|Honchkrow, F|404\/404
|-damage|p2a: Honchkrow|303\/404|[from] Stealth Rock
|
|-heal|p1a: Team Player|363\/404 tox|[from] item: Leftovers
|-damage|p1a: Team Player|313\/404 tox|[from] psn
|turn|9
|
|switch|p2a: Azelf|Azelf|292\/292
|-damage|p2a: Azelf|256\/292|[from] Stealth Rock
|move|p1a: Team Player|Scald|p2a: Azelf
|-damage|p2a: Azelf|150\/292
|
|-heal|p1a: Team Player|338\/404 tox|[from] item: Leftovers
|-damage|p1a: Team Player|263\/404 tox|[from] psn
|turn|10
|
|move|p2a: Azelf|Stealth Rock|p1a: Team Player
|-sidestart|p1: Typhozzz|move: Stealth Rock
|move|p1a: Team Player|Scald|p2a: Azelf
|-damage|p2a: Azelf|48\/292
|
|-heal|p1a: Team Player|288\/404 tox|[from] item: Leftovers
|-damage|p1a: Team Player|188\/404 tox|[from] psn
|turn|11
|
|switch|p1a: STOP|Jirachi|277\/341 brn
|-damage|p1a: STOP|256\/341 brn|[from] Stealth Rock
|move|p2a: Azelf|Psyshock|p1a: STOP
|-resisted|p1a: STOP
|-damage|p1a: STOP|221\/341 brn
|
|-heal|p1a: STOP|242\/341 brn|[from] item: Leftovers
|-damage|p1a: STOP|200\/341 brn|[from] brn
|turn|12
|
|move|p2a: Azelf|Taunt|p1a: STOP
|-start|p1a: STOP|move: Taunt
|move|p1a: STOP|U-turn|p2a: Azelf
|-supereffective|p2a: Azelf
|-damage|p2a: Azelf|0 fnt
|faint|p2a: Azelf
|
|switch|p1a: Yung Batman|Crobat, M|373\/373
|-damage|p1a: Yung Batman|280\/373|[from] Stealth Rock
|
|-heal|p1a: Yung Batman|303\/373|[from] item: Black Sludge
|
|switch|p2a: Kyurem|Kyurem|392\/392
|-damage|p2a: Kyurem|294\/392|[from] Stealth Rock
|-ability|p2a: Kyurem|Pressure
|turn|13
|
|move|p1a: Yung Batman|Defog|p2a: Kyurem
|-unboost|p2a: Kyurem|evasion|1
|-sideend|p2: Reddron|Stealth Rock|[from] move: Defog|[of] p2a: Kyurem
|-sideend|p1: Typhozzz|Stealth Rock|[from] move: Defog|[of] p1a: Yung Batman
|move|p2a: Kyurem|Ice Beam|p1a: Yung Batman
|-supereffective|p1a: Yung Batman
|-damage|p1a: Yung Batman|0 fnt
|-damage|p2a: Kyurem|255\/392|[from] item: Life Orb
|faint|p1a: Yung Batman
|
|
|switch|p1a: 3sum|Hydreigon, M|325\/325
|turn|14
|
|move|p1a: 3sum|Draco Meteor|p2a: Kyurem
|-supereffective|p2a: Kyurem
|-damage|p2a: Kyurem|0 fnt
|-unboost|p1a: 3sum|spa|2
|-damage|p1a: 3sum|293\/325|[from] item: Life Orb
|faint|p2a: Kyurem
|
|
|switch|p2a: Scrafty|Scrafty, M|272\/272
|turn|15
|
|move|p1a: 3sum|Superpower|p2a: Scrafty
|-supereffective|p2a: Scrafty
|-damage|p2a: Scrafty|46\/272
|-unboost|p1a: 3sum|atk|1
|-unboost|p1a: 3sum|def|1
|-damage|p1a: 3sum|261\/325|[from] item: Life Orb
|move|p2a: Scrafty|Dragon Dance|p2a: Scrafty
|-boost|p2a: Scrafty|atk|1
|-boost|p2a: Scrafty|spe|1
|
|-heal|p2a: Scrafty|63\/272|[from] item: Leftovers
|turn|16
|
|move|p1a: 3sum|Superpower|p2a: Scrafty
|-supereffective|p2a: Scrafty
|-damage|p2a: Scrafty|0 fnt
|-unboost|p1a: 3sum|atk|1
|-unboost|p1a: 3sum|def|1
|-damage|p1a: 3sum|229\/325|[from] item: Life Orb
|faint|p2a: Scrafty
|
|
|switch|p2a: Jirachi|Jirachi|320\/342
|turn|17
|
|switch|p1a: STOP|Jirachi|200\/341 brn
|move|p2a: Jirachi|Substitute|p2a: Jirachi
|-start|p2a: Jirachi|Substitute
|-damage|p2a: Jirachi|235\/342
|
|-heal|p1a: STOP|221\/341 brn|[from] item: Leftovers
|-heal|p2a: Jirachi|256\/342|[from] item: Leftovers
|-damage|p1a: STOP|179\/341 brn|[from] brn
|turn|18
|
|move|p1a: STOP|Healing Wish|p1a: STOP
|faint|p1a: STOP
|move|p2a: Jirachi|Fire Punch|p1: STOP|[notarget]
|-notarget
|
|-heal|p2a: Jirachi|277\/342|[from] item: Leftovers
|
|switch|p1a: Team Player|Swampert, M|188\/404 tox
|-heal|p1a: Team Player|404\/404|[from] move: Healing Wish
|turn|19
|
|move|p2a: Jirachi|Toxic|p1a: Team Player
|-status|p1a: Team Player|tox
|move|p1a: Team Player|Roar|p2a: Jirachi
|drag|p2a: Alomomola|Alomomola, M|534\/534
|
|-damage|p1a: Team Player|379\/404 tox|[from] psn
|turn|20
|
|move|p2a: Alomomola|Scald|p1a: Team Player
|-damage|p1a: Team Player|327\/404 tox
|move|p1a: Team Player|Stealth Rock|p2a: Alomomola
|-sidestart|p2: Reddron|move: Stealth Rock
|
|-heal|p1a: Team Player|352\/404 tox|[from] item: Leftovers
|-damage|p1a: Team Player|302\/404 tox|[from] psn
|turn|21
|
|move|p2a: Alomomola|Scald|p1a: Team Player
|-damage|p1a: Team Player|253\/404 tox
|move|p1a: Team Player|Scald|p2a: Alomomola
|-resisted|p2a: Alomomola
|-damage|p2a: Alomomola|457\/534
|
|-heal|p1a: Team Player|278\/404 tox|[from] item: Leftovers
|-damage|p1a: Team Player|203\/404 tox|[from] psn
|turn|22
|
|move|p2a: Alomomola|Scald|p1a: Team Player
|-damage|p1a: Team Player|149\/404 tox
|move|p1a: Team Player|Scald|p2a: Alomomola
|-resisted|p2a: Alomomola
|-damage|p2a: Alomomola|374\/534
|
|-heal|p1a: Team Player|174\/404 tox|[from] item: Leftovers
|-damage|p1a: Team Player|74\/404 tox|[from] psn
|turn|23
|
|switch|p2a: Honchkrow|Honchkrow, F|303\/404
|-damage|p2a: Honchkrow|202\/404|[from] Stealth Rock
|move|p1a: Team Player|Scald|p2a: Honchkrow
|-damage|p2a: Honchkrow|0 fnt
|faint|p2a: Honchkrow
|
|-heal|p1a: Team Player|99\/404 tox|[from] item: Leftovers
|-damage|p1a: Team Player|0 fnt|[from] psn
|faint|p1a: Team Player
|
|switch|p1a: 3sum|Hydreigon, M|229\/325
|switch|p2a: Jirachi|Jirachi|277\/342
|-damage|p2a: Jirachi|256\/342|[from] Stealth Rock
|turn|24
|
|move|p1a: 3sum|Dark Pulse|p2a: Jirachi
|-supereffective|p2a: Jirachi
|-damage|p2a: Jirachi|0 fnt
|-damage|p1a: 3sum|197\/325|[from] item: Life Orb
|faint|p2a: Jirachi
|
|c|âReddron|gg
|c|âTyphozzz|gg
|-message|Reddron forfeited.
|leave|Reddron
|
|win|Typhozzz
|raw|Ladder updating...
|player|p2
|raw|Typhozzz's rating: 1384 &rarr; <strong>1400<\/strong><br \/>(+16 for winning)
|raw|Reddron's rating: 1318 &rarr; <strong>1302<\/strong><br \/>(-16 for losing)