|join|Over Under Used
|join|Typhozzz
|player|p1|Over Under Used|177
|player|p2|Typhozzz|143
|gametype|singles
|gen|6
|tier|UU
|rated
|rule|Sleep Clause Mod: Limit one foe put to sleep
|rule|Species Clause: Limit one of each PokÃ©mon
|rule|OHKO Clause: OHKO moves are banned
|rule|Moody Clause: Moody is banned
|rule|Evasion Moves Clause: Evasion moves are banned
|rule|Endless Battle Clause: Forcing endless battles is banned
|rule|HP Percentage Mod: HP is shown in percentages
|clearpoke
|poke|p1|Yanmega, M, shiny
|poke|p1|Absol, F
|poke|p1|Aerodactyl, F
|poke|p1|Darmanitan, M
|poke|p1|Gligar, M
|poke|p1|Celebi
|poke|p2|Blastoise, M
|poke|p2|Florges, F
|poke|p2|Chesnaught, M
|poke|p2|Arcanine, M
|poke|p2|Hippowdon, M
|poke|p2|Darmanitan, M
|rule|Swagger Clause: Swagger is banned
|rule|Baton Pass Clause: Limit one PokÃ©mon knowing Baton Pass
|teampreview
|c|âTyphozzz|gl hf budE
|c|âOver Under Used|u2
|
|start
|switch|p1a: Farore|Celebi|341\/341
|switch|p2a: Eyebrows On Fleek|Darmanitan, M|351\/351
|turn|1
|c|âOver Under Used|>almost stall
|c|âOver Under Used|semistall
|
|move|p1a: Farore|U-turn|p2a: Eyebrows On Fleek
|-crit|p2a: Eyebrows On Fleek
|-resisted|p2a: Eyebrows On Fleek
|-damage|p2a: Eyebrows On Fleek|272\/351
|c|âTyphozzz|yes lol
|join|ULT Cnorth
|c|âTyphozzz|scarf celebi
|c|âTyphozzz|hm
|
|switch|p1a: Gligar|Gligar, M|333\/333
|move|p2a: Eyebrows On Fleek|U-turn|p1a: Gligar
|-resisted|p1a: Gligar
|-damage|p1a: Gligar|312\/333
|c| ULT Cnorth|ay i just played this man
|c|âTyphozzz|vary nice
|c| ULT Cnorth|lol
|c|âOver Under Used|Scarf celebi is a god
|c|âTyphozzz|u did? lol
|
|switch|p2a: ArmCannons|Blastoise, M|362\/362
|
|turn|2
|c|âTyphozzz|how do u even run scarf bi
|c|âTyphozzz|like mixed or sumthhing lol
|c| ULT Cnorth|typh explain to me how you dont know what your smogon password is
|c|âTyphozzz|bc like
|c|âOver Under Used|I cant reveal my set rn
|
|detailschange|p2a: ArmCannons|Blastoise-Mega, M
|-mega|p2a: ArmCannons|Blastoise|Blastoisinite
|move|p1a: Gligar|U-turn|p2a: ArmCannons
|-damage|p2a: ArmCannons|327\/362
|c|âOver Under Used|but latter
|c|âOver Under Used|later*
|c| ULT Cnorth|isnt it like the same as your pokemon showdown acount
|c|âTyphozzz|cnorth its cuz this isnt my regular comp so its not auto like signed in
|c|âTyphozzz|no
|c| ULT Cnorth|smh
|
|switch|p1a: "SWITCH IN"|Darmanitan, M|351\/351
|move|p2a: ArmCannons|Dark Pulse|p1a: "SWITCH IN"
|-damage|p1a: "SWITCH IN"|106\/351
|
|turn|3
|c|âOver Under Used|if you forfeit I will reveal
|c|âTyphozzz|bc it wudnt let me in so i ahd to change it to sum number shit but like it keeps sayign error
|c|âTyphozzz|so rip
|c|âOver Under Used|:^)
|c|âTyphozzz|lol no budE
|c|âTyphozzz|oh no bandtan is here?
|c|âOver Under Used|?
|
|switch|p2a: Yummy|Arcanine, M|384\/384
|-ability|p2a: Yummy|Intimidate|[of] p1a: "SWITCH IN"
|-unboost|p1a: "SWITCH IN"|atk|1
|move|p1a: "SWITCH IN"|U-turn|p2a: Yummy
|-resisted|p2a: Yummy
|-damage|p2a: Yummy|360\/384
|c|âTyphozzz|k guess not
|c|âOver Under Used|Im bright powder
|
|switch|p1a: Aerodactyl|Aerodactyl, F|301\/301
|
|-heal|p2a: Yummy|384\/384|[from] item: Leftovers
|turn|4
|c| ULT Cnorth|what do you have for this
|c|âTyphozzz|nb nb
|c| ULT Cnorth|if its aqua tain
|c|âTyphozzz|for mega aero?
|c|âTyphozzz|um
|c|âTyphozzz|lets see
|c| ULT Cnorth|tail
|
|move|p1a: Aerodactyl|Stone Edge|p2a: Yummy
|-supereffective|p2a: Yummy
|-damage|p2a: Yummy|54\/384
|-damage|p1a: Aerodactyl|271\/301|[from] item: Life Orb
|move|p2a: Yummy|Will-O-Wisp|p1a: Aerodactyl
|-status|p1a: Aerodactyl|brn
|
|-heal|p2a: Yummy|78\/384|[from] item: Leftovers
|-damage|p1a: Aerodactyl|234\/301 brn|[from] brn
|turn|5
|c|âTyphozzz|well arca can eat a hit p sure
|c| ULT Cnorth|not this!
|c|âTyphozzz|and also
|c|âTyphozzz|hippo lol
|c|âTyphozzz|and mega toise
|c|âTyphozzz|so i mean
|c|âTyphozzz|ayyyye
|c|âOver Under Used|why couldnt that just kill
|
|switch|p2a: FAT BWOII|Hippowdon, M|420\/420
|-weather|Sandstorm
|move|p1a: Aerodactyl|Stone Edge|p2a: FAT BWOII
|-resisted|p2a: FAT BWOII
|-damage|p2a: FAT BWOII|376\/420
|-damage|p1a: Aerodactyl|204\/301 brn|[from] item: Life Orb
|
|-weather|Sandstorm|[upkeep]
|-heal|p2a: FAT BWOII|402\/420|[from] item: Leftovers
|-damage|p1a: Aerodactyl|167\/301 brn|[from] brn
|turn|6
|c|âTyphozzz|dw i have  all the counters to the generic shit cnorth lol
|
|switch|p1a: Farore|Celebi|341\/341
|move|p2a: FAT BWOII|Stealth Rock|p1a: Farore
|-sidestart|p1: Over Under Used|move: Stealth Rock
|
|-weather|Sandstorm|[upkeep]
|-damage|p1a: Farore|320\/341|[from] sandstorm
|-heal|p2a: FAT BWOII|420\/420|[from] item: Leftovers
|turn|7
|c|âTyphozzz|esp jirachi as u can see lol
|
|switch|p2a: Flower Power|Florges, F|360\/360
|move|p1a: Farore|Zen Headbutt|p2a: Flower Power
|-damage|p2a: Flower Power|233\/360
|
|-weather|Sandstorm|[upkeep]
|-damage|p1a: Farore|299\/341|[from] sandstorm
|-damage|p2a: Flower Power|211\/360|[from] sandstorm
|-heal|p2a: Flower Power|233\/360|[from] item: Leftovers
|turn|8
|c|âTyphozzz|mmmm
|c|âTyphozzz|same
|c|âOver Under Used|I hate florges
|
|move|p1a: Farore|Zen Headbutt|p2a: Flower Power
|-damage|p2a: Flower Power|104\/360
|move|p2a: Flower Power|Moonblast|p1a: Farore
|-damage|p1a: Farore|178\/341
|
|-weather|Sandstorm|[upkeep]
|-damage|p1a: Farore|157\/341|[from] sandstorm
|-damage|p2a: Flower Power|82\/360|[from] sandstorm
|-heal|p2a: Flower Power|104\/360|[from] item: Leftovers
|turn|9
|c|âTyphozzz|yea lol
|c|âTyphozzz|its annoying to play tbh
|c| ULT Cnorth|>goes for moonblast
|c|âTyphozzz|yes shhh
|c|âOver Under Used|Doesnt stall>
|c|âTyphozzz|at the risk of gettign flinch
|c|âTyphozzz|nah fam
|
|switch|p2a: FAT BWOII|Hippowdon, M|420\/420
|move|p1a: Farore|Zen Headbutt|p2a: FAT BWOII
|-damage|p2a: FAT BWOII|308\/420
|
|-weather|none
|-heal|p2a: FAT BWOII|334\/420|[from] item: Leftovers
|turn|10
|c|âTyphozzz|dw i have ice fang!
|c|âOver Under Used|!
|
|switch|p1a: Gligar|Gligar, M|312\/333
|-damage|p1a: Gligar|271\/333|[from] Stealth Rock
|move|p2a: FAT BWOII|Toxic|p1a: Gligar|[miss]
|-miss|p2a: FAT BWOII|p1a: Gligar
|
|-heal|p2a: FAT BWOII|360\/420|[from] item: Leftovers
|turn|11
|c|âTyphozzz|oof
|c| ULT Cnorth|doesnt matter its immunity!
|c|âTyphozzz|defog prevents immunity
|c|âTyphozzz|iirc
|
|move|p1a: Gligar|Defog|p2a: FAT BWOII
|-unboost|p2a: FAT BWOII|evasion|1
|-sideend|p1: Over Under Used|Stealth Rock|[from] move: Defog|[of] p1a: Gligar
|move|p2a: FAT BWOII|Toxic|p1a: Gligar
|-status|p1a: Gligar|tox
|
|-heal|p2a: FAT BWOII|386\/420|[from] item: Leftovers
|-damage|p1a: Gligar|251\/333 tox|[from] psn
|turn|12
|c|âTyphozzz|bop
|c|âOver Under Used|Im not defog
|c|âTyphozzz|slightwork
|
|move|p1a: Gligar|Stealth Rock|p2a: FAT BWOII
|-sidestart|p2: Typhozzz|move: Stealth Rock
|move|p2a: FAT BWOII|Stealth Rock|p1a: Gligar
|-sidestart|p1: Over Under Used|move: Stealth Rock
|
|-heal|p2a: FAT BWOII|412\/420|[from] item: Leftovers
|-damage|p1a: Gligar|211\/333 tox|[from] psn
|turn|13
|c|âTyphozzz|tbh
|c|âOver Under Used|spinner where
|c|âTyphozzz|bandtan scares me
|c|âTyphozzz|so
|c|âTyphozzz|not mega blastoise
|c|âTyphozzz|?_?
|c|âOver Under Used|oh
|c|âTyphozzz|lol
|
|move|p1a: Gligar|U-turn|p2a: FAT BWOII
|-damage|p2a: FAT BWOII|376\/420
|c|âTyphozzz|its fine i have the ice fang
|c| ULT Cnorth|typh that yanmega
|c|âTyphozzz|dw i got it
|c| ULT Cnorth|should scare you shitless
|c|âTyphozzz|lol
|c|âTyphozzz|ik it does
|c|âTyphozzz|shhh
|c|âTyphozzz|stop bullying me omfg
|c|âTyphozzz|my question is
|c|âTyphozzz|why do u have a regular aero lol
|c|âTyphozzz|imo thats just a waste of a slot on the team :\/
|c|âOver Under Used|I want absol
|c|âOver Under Used|and Aero is good non mega too
|c|âTyphozzz|ik but if u alredy have a mega absol
|c|âTyphozzz|... it was in ru last gen lol
|
|switch|p1a: Farore|Celebi|157\/341
|-damage|p1a: Farore|115\/341|[from] Stealth Rock
|move|p2a: FAT BWOII|Earthquake|p1a: Farore
|-resisted|p1a: Farore
|-damage|p1a: Farore|52\/341
|
|-heal|p2a: FAT BWOII|402\/420|[from] item: Leftovers
|turn|14
|c|âTyphozzz|but ok i guess
|
|switch|p2a: Gimme Dem Soulz|Chesnaught, M|380\/380
|-damage|p2a: Gimme Dem Soulz|357\/380|[from] Stealth Rock
|move|p1a: Farore|Zen Headbutt|p2a: Gimme Dem Soulz
|-supereffective|p2a: Gimme Dem Soulz
|-damage|p2a: Gimme Dem Soulz|211\/380
|-damage|p1a: Farore|0 fnt|[from] item: Rocky Helmet|[of] p2a: Gimme Dem Soulz
|faint|p1a: Farore
|
|
|switch|p1a: Sanic|Yanmega, M, shiny|313\/313
|-damage|p1a: Sanic|157\/313|[from] Stealth Rock
|turn|15
|c|âOver Under Used|tbh what do you have for this
|c|âTyphozzz|nothing
|c|âTyphozzz|lol
|
|switch|p2a: Yummy|Arcanine, M|78\/384
|-damage|p2a: Yummy|0 fnt|[from] Stealth Rock
|faint|p2a: Yummy
|move|p1a: Sanic|Air Slash|p2: Yummy|[notarget]
|-notarget
|
|c|âTyphozzz|not even speed boost
|c| ULT Cnorth|not speed boost
|c|âTyphozzz|whats poppin
|c|âOver Under Used|SHHHHHHHHHHH
|c|âTyphozzz|its prolly
|c| ULT Cnorth|go win with that shit darm
|c|âTyphozzz|specs tinted lens
|c|âTyphozzz|or scarf
|c|âTyphozzz|am scurred
|c|âOver Under Used|specs
|c| ULT Cnorth|typh whenever you dont see speed boost
|c|âOver Under Used|I would have won if speed woost ;-;
|c| ULT Cnorth|its always specs
|
|switch|p2a: Eyebrows On Fleek|Darmanitan, M|272\/351
|-damage|p2a: Eyebrows On Fleek|185\/351|[from] Stealth Rock
|turn|16
|c|âTyphozzz|shutup lol
|c|âTyphozzz|if its scarf ima go kms
|c|âTyphozzz|real quick
|c|âTyphozzz|kek
|c|âTyphozzz|le speed tie imo
|
|switch|p1a: Gligar|Gligar, M|211\/333 tox
|-damage|p1a: Gligar|170\/333 tox|[from] Stealth Rock
|move|p2a: Eyebrows On Fleek|Flare Blitz|p1a: Gligar
|-damage|p1a: Gligar|25\/333 tox
|-damage|p2a: Eyebrows On Fleek|137\/351|[from] recoil|[of] p1a: Gligar
|
|-damage|p1a: Gligar|5\/333 tox|[from] psn
|turn|17
|c| ULT Cnorth|its fine tho
|c| ULT Cnorth|you just lose to mega absol
|c|âTyphozzz|i do?
|c|âOver Under Used|I almost stayed in expecting u-turn
|c|âOver Under Used|and florges
|c| ULT Cnorth|nah hippo is too healthy
|c|âOver Under Used|and hippo
|c| ULT Cnorth|SEE TYPH
|c| ULT Cnorth|IF YOU HAD ESPEED
|c|âTyphozzz|bruh
|c|âTyphozzz|shutup
|c|âTyphozzz|lol
|c| ULT Cnorth|YOU COULD REVENGE THE YANMEGA
|
|switch|p2a: Flower Power|Florges, F|104\/360
|-damage|p2a: Flower Power|59\/360|[from] Stealth Rock
|move|p1a: Gligar|Stealth Rock|p2a: Flower Power
|-fail|p2a: Flower Power
|
|-heal|p2a: Flower Power|81\/360|[from] item: Leftovers
|-damage|p1a: Gligar|0 fnt|[from] psn
|faint|p1a: Gligar
|c|âTyphozzz|i have a plan!
|c|âOver Under Used|do do I
|c|âTyphozzz|dw ;)
|
|switch|p1a: Sanic|Yanmega, M, shiny|157\/313
|-damage|p1a: Sanic|1\/313|[from] Stealth Rock
|turn|18
|
|move|p2a: Flower Power|Protect|p2a: Flower Power
|-singleturn|p2a: Flower Power|Protect
|move|p1a: Sanic|Air Slash|p2a: Flower Power
|-activate|p2a: Flower Power|Protect
|
|-heal|p2a: Flower Power|103\/360|[from] item: Leftovers
|turn|19
|
|move|p1a: Sanic|Air Slash|p2a: Flower Power
|-damage|p2a: Flower Power|0 fnt
|faint|p2a: Flower Power
|
|
|switch|p2a: Eyebrows On Fleek|Darmanitan, M|137\/351
|-damage|p2a: Eyebrows On Fleek|50\/351|[from] Stealth Rock
|turn|20
|c| ULT Cnorth|go into darm and click flare blitz
|c|âTyphozzz|stop
|c| ULT Cnorth|thats a pretty good plan imo
|
|switch|p1a: "SWITCH IN"|Darmanitan, M|106\/351
|-damage|p1a: "SWITCH IN"|19\/351|[from] Stealth Rock
|move|p2a: Eyebrows On Fleek|U-turn|p1a: "SWITCH IN"
|-resisted|p1a: "SWITCH IN"
|-damage|p1a: "SWITCH IN"|0 fnt
|faint|p1a: "SWITCH IN"
|c|âTyphozzz|i know what am derping
|
|switch|p2a: ArmCannons|Blastoise-Mega, M|327\/362
|-damage|p2a: ArmCannons|282\/362|[from] Stealth Rock
|
|c|âOver Under Used|you could always do \/modchat +
|c|âTyphozzz|nah
|c| ULT Cnorth|oh you have the blastoice
|c|âTyphozzz|hes my friend lol
|c| ULT Cnorth|gdi
|c| ULT Cnorth|i completly forgot about that
|c|âTyphozzz|duh lol
|
|switch|p1a: Aerodactyl|Aerodactyl, F|167\/301 brn
|-damage|p1a: Aerodactyl|92\/301 brn|[from] Stealth Rock
|turn|21
|c| ULT Cnorth|the stupid thing with the mega
|c| ULT Cnorth|and the not on the side thing
|c|âOver Under Used|NOOOOOOOOOOO
|c|âOver Under Used|I got rid of defog for iron head
|c|âOver Under Used|gg
|
|switch|p2a: Eyebrows On Fleek|Darmanitan, M|50\/351
|-damage|p2a: Eyebrows On Fleek|0 fnt|[from] Stealth Rock
|faint|p2a: Eyebrows On Fleek
|move|p1a: Aerodactyl|Aerial Ace|p2: Eyebrows On Fleek|[notarget]
|-notarget
|
|-damage|p1a: Aerodactyl|55\/301 brn|[from] brn
|c|âTyphozzz|gg
|
|switch|p2a: Gimme Dem Soulz|Chesnaught, M|211\/380
|-damage|p2a: Gimme Dem Soulz|188\/380|[from] Stealth Rock
|turn|22
|
|move|p2a: Gimme Dem Soulz|Spiky Shield|p2a: Gimme Dem Soulz
|-singleturn|p2a: Gimme Dem Soulz|move: Protect
|move|p1a: Aerodactyl|Aerial Ace|p2a: Gimme Dem Soulz
|-activate|p2a: Gimme Dem Soulz|move: Protect
|-damage|p1a: Aerodactyl|18\/301 brn|[from] Spiky Shield|[of] p2a: Gimme Dem Soulz
|
|-damage|p1a: Aerodactyl|0 fnt|[from] brn
|faint|p1a: Aerodactyl
|-message|Over Under Used forfeited.
|-message|Over Under Used forfeited.
|
|win|Typhozzz
|raw|Ladder updating...
|leave|Over Under Used
|c|âTyphozzz|:]
|raw|Over Under Used's rating: 1311 &rarr; <strong>1297<\/strong><br \/>(-14 for losing)
|raw|Typhozzz's rating: 1417 &rarr; <strong>1431<\/strong><br \/>(+14 for winning)
|player|p1