|join|Typhozzz
|join|King Kuro
|c|âTyphozzz|gl hf budE
|player|p1|Typhozzz|143
|player|p2|King Kuro|160
|gametype|singles
|gen|6
|tier|UU
|rated
|rule|Sleep Clause Mod: Limit one foe put to sleep
|rule|Species Clause: Limit one of each PokÃ©mon
|rule|OHKO Clause: OHKO moves are banned
|rule|Moody Clause: Moody is banned
|rule|Evasion Moves Clause: Evasion moves are banned
|rule|Endless Battle Clause: Forcing endless battles is banned
|rule|HP Percentage Mod: HP is shown in percentages
|clearpoke
|poke|p1|Blastoise, M
|poke|p1|Florges, F
|poke|p1|Chesnaught, M
|poke|p1|Arcanine, M
|poke|p1|Hippowdon, M
|poke|p1|Darmanitan, M
|poke|p2|Celebi
|poke|p2|Arcanine, F
|poke|p2|Hydreigon, F
|poke|p2|Jirachi
|poke|p2|Donphan, F
|poke|p2|Swampert, F
|rule|Swagger Clause: Swagger is banned
|rule|Baton Pass Clause: Limit one PokÃ©mon knowing Baton Pass
|teampreview
|c|âKing Kuro|Same to you!
|
|start
|switch|p1a: Eyebrows On Fleek|Darmanitan, M|351\/351
|switch|p2a: Donphan|Donphan, F|384\/384
|turn|1
|
|move|p1a: Eyebrows On Fleek|U-turn|p2a: Donphan
|-damage|p2a: Donphan|330\/384
|
|switch|p1a: ArmCannons|Blastoise, M|362\/362
|move|p2a: Donphan|Stealth Rock|p1a: ArmCannons
|-sidestart|p1: Typhozzz|move: Stealth Rock
|
|-heal|p2a: Donphan|354\/384|[from] item: Leftovers
|turn|2
|join|ULT Cnorth
|c| ULT Cnorth|this team is still pretty disgusting
|c|âTyphozzz|mine?
|c|âTyphozzz|lol
|c|âTyphozzz|just cuz u lost to it ;)
|c|âTyphozzz|and this is my first semi stall team in a long ass time so
|
|detailschange|p1a: ArmCannons|Blastoise-Mega, M
|-mega|p1a: ArmCannons|Blastoise|Blastoisinite
|move|p1a: ArmCannons|Dark Pulse|p2a: Donphan
|-damage|p2a: Donphan|121\/384
|move|p2a: Donphan|Knock Off|p1a: ArmCannons
|-damage|p1a: ArmCannons|313\/362
|
|-heal|p2a: Donphan|145\/384|[from] item: Leftovers
|turn|3
|c|âTyphozzz|welp
|c|âTyphozzz|there it is
|
|switch|p2a: Hydreigon|Hydreigon, F|326\/326
|move|p1a: ArmCannons|Rapid Spin|p2a: Hydreigon
|-crit|p2a: Hydreigon
|-damage|p2a: Hydreigon|300\/326
|-sideend|p1: Typhozzz|Stealth Rock|[from] move: Rapid Spin|[of] p1a: ArmCannons
|
|turn|4
|
|switch|p1a: Flower Power|Florges, F|360\/360
|move|p2a: Hydreigon|U-turn|p1a: Flower Power
|-resisted|p1a: Flower Power
|-damage|p1a: Flower Power|333\/360
|c|âTyphozzz|i c u now
|
|switch|p2a: Jirachi|Jirachi|341\/341
|
|-heal|p1a: Flower Power|355\/360|[from] item: Leftovers
|turn|5
|
|switch|p1a: ArmCannons|Blastoise-Mega, M|313\/362
|move|p2a: Jirachi|U-turn|p1a: ArmCannons
|-damage|p1a: ArmCannons|254\/362
|c|âTyphozzz|the tuuuuuuurn
|
|switch|p2a: Celebi|Celebi|341\/341
|
|turn|6
|c|âKing Kuro|Hahaha.
|
|switch|p1a: Yummy|Arcanine, M|384\/384
|-ability|p1a: Yummy|Intimidate|[of] p2a: Celebi
|-unboost|p2a: Celebi|atk|1
|move|p2a: Celebi|Giga Drain|p1a: Yummy
|-crit|p1a: Yummy
|-resisted|p1a: Yummy
|-damage|p1a: Yummy|264\/384
|-damage|p2a: Celebi|307\/341|[from] item: Life Orb
|
|-heal|p1a: Yummy|288\/384|[from] item: Leftovers
|turn|7
|c|âTyphozzz|ooo life orb bi havent seen that in forever
|
|switch|p2a: Arcanine|Arcanine, F|383\/383
|switch|p1a: Flower Power|Florges, F|355\/360
|
|-heal|p1a: Flower Power|360\/360|[from] item: Leftovers
|turn|8
|
|move|p2a: Arcanine|Flare Blitz|p1a: Flower Power
|-damage|p1a: Flower Power|201\/360
|-damage|p2a: Arcanine|331\/383|[from] recoil|[of] p1a: Flower Power
|move|p1a: Flower Power|Wish|p1a: Flower Power
|
|-heal|p1a: Flower Power|223\/360|[from] item: Leftovers
|turn|9
|c|âKing Kuro|Thought I'd bring it back haha
|c|âTyphozzz|:[
|c|âTyphozzz|*:]
|c|âTyphozzz|get it trending
|c|âTyphozzz|lol
|
|switch|p2a: Donphan|Donphan, F|145\/384
|switch|p1a: ArmCannons|Blastoise-Mega, M|254\/362
|
|-heal|p1a: ArmCannons|362\/362|[from] move: Wish|[wisher] Flower Power
|-heal|p2a: Donphan|169\/384|[from] item: Leftovers
|turn|10
|c|âKing Kuro|That's it.
|
|move|p1a: ArmCannons|Dark Pulse|p2a: Donphan
|-damage|p2a: Donphan|0 fnt
|faint|p2a: Donphan
|
|
|switch|p2a: Celebi|Celebi|307\/341
|turn|11
|
|switch|p1a: Flower Power|Florges, F|223\/360
|move|p2a: Celebi|Psychic|p1a: Flower Power
|-damage|p1a: Flower Power|110\/360
|-damage|p2a: Celebi|273\/341|[from] item: Life Orb
|
|-heal|p1a: Flower Power|132\/360|[from] item: Leftovers
|turn|12
|
|move|p2a: Celebi|Nasty Plot|p2a: Celebi
|-boost|p2a: Celebi|spa|2
|move|p1a: Flower Power|Wish|p1a: Flower Power
|
|-heal|p1a: Flower Power|154\/360|[from] item: Leftovers
|turn|13
|c|âTyphozzz|if only celebi got psychock
|c|âTyphozzz|*psyshock
|c|âKing Kuro|I know right!
|
|move|p1a: Flower Power|Protect|p1a: Flower Power
|-singleturn|p1a: Flower Power|Protect
|move|p2a: Celebi|Psychic|p1a: Flower Power
|-activate|p1a: Flower Power|Protect
|
|-heal|p1a: Flower Power|334\/360|[from] move: Wish|[wisher] Flower Power
|-heal|p1a: Flower Power|356\/360|[from] item: Leftovers
|turn|14
|c|âTyphozzz|it wud nasty plot celebi wud be a decent check to florges tbqh
|c|âTyphozzz|wud be nice to see
|
|move|p2a: Celebi|Psychic|p1a: Flower Power
|-damage|p1a: Flower Power|161\/360
|-damage|p2a: Celebi|239\/341|[from] item: Life Orb
|move|p1a: Flower Power|Moonblast|p2a: Celebi
|-damage|p2a: Celebi|121\/341
|-unboost|p2a: Celebi|spa|1
|
|-heal|p1a: Flower Power|183\/360|[from] item: Leftovers
|turn|15
|
|move|p2a: Celebi|Recover|p2a: Celebi
|-heal|p2a: Celebi|292\/341
|move|p1a: Flower Power|Wish|p1a: Flower Power
|
|-heal|p1a: Flower Power|205\/360|[from] item: Leftovers
|turn|16
|c|âKing Kuro|Definitely!
|
|move|p2a: Celebi|Nasty Plot|p2a: Celebi
|-boost|p2a: Celebi|spa|2
|move|p1a: Flower Power|Moonblast|p2a: Celebi
|-damage|p2a: Celebi|171\/341
|-unboost|p2a: Celebi|spa|1
|
|-heal|p1a: Flower Power|360\/360|[from] move: Wish|[wisher] Flower Power
|turn|17
|
|move|p2a: Celebi|Recover|p2a: Celebi
|-heal|p2a: Celebi|341\/341
|move|p1a: Flower Power|Moonblast|p2a: Celebi
|-damage|p2a: Celebi|224\/341
|-unboost|p2a: Celebi|spa|1
|
|turn|18
|c|âKing Kuro|The SpA drops!! haha
|c|âTyphozzz|ayyye
|
|switch|p2a: Jirachi|Jirachi|341\/341
|move|p1a: Flower Power|Moonblast|p2a: Jirachi
|-resisted|p2a: Jirachi
|-damage|p2a: Jirachi|278\/341
|-unboost|p2a: Jirachi|spa|1
|
|turn|19
|
|move|p1a: Flower Power|Protect|p1a: Flower Power
|-singleturn|p1a: Flower Power|Protect
|move|p2a: Jirachi|Iron Head|p1a: Flower Power
|-activate|p1a: Flower Power|Protect
|
|turn|20
|c|âKing Kuro|Is that 4 in a row?
|c|âKing Kuro|Lol
|c|âTyphozzz|not sure
|c|âTyphozzz|3 i think
|c|âTyphozzz|but it does have a high chance so
|c|âTyphozzz|lol
|c|âKing Kuro|That's true.
|
|switch|p2a: Swampert|Swampert, F|403\/403
|switch|p1a: Eyebrows On Fleek|Darmanitan, M|351\/351
|
|turn|21
|c|âTyphozzz|mega swampy?
|c|âTyphozzz|:D?
|
|move|p1a: Eyebrows On Fleek|U-turn|p2a: Swampert
|-damage|p2a: Swampert|303\/403
|c|âTyphozzz|aw
|c|âTyphozzz|:[
|
|switch|p1a: ArmCannons|Blastoise-Mega, M|362\/362
|move|p2a: Swampert|Earthquake|p1a: ArmCannons
|-damage|p1a: ArmCannons|212\/362
|
|turn|22
|
|move|p1a: ArmCannons|Dark Pulse|p2a: Swampert
|-damage|p2a: Swampert|126\/403
|move|p2a: Swampert|Earthquake|p1a: ArmCannons
|-damage|p1a: ArmCannons|76\/362
|
|turn|23
|c|âTyphozzz|is that a banded swampy
|c|âTyphozzz|been a long time since ive see nthat too lol
|c|âKing Kuro|Nahh. I may run it though. I'm still working out his spot atm.
|c|âTyphozzz|yea mega swampy is fun to use
|
|switch|p2a: Hydreigon|Hydreigon, F|300\/326
|move|p1a: ArmCannons|Dark Pulse|p2a: Hydreigon
|-resisted|p2a: Hydreigon
|-damage|p2a: Hydreigon|257\/326
|
|turn|24
|c|âKing Kuro|It's expert belt actually.
|c|âTyphozzz|i prefer adamant rain daince 3 attacks but the thing with adamant is it dsnt outspeed scarf dreigon in the rain
|c|âTyphozzz|and ah nice
|c|âTyphozzz|thats a p cool bluff
|
|switch|p1a: Flower Power|Florges, F|360\/360
|move|p2a: Hydreigon|Flamethrower|p1a: Flower Power
|-damage|p1a: Flower Power|295\/360
|
|-heal|p1a: Flower Power|317\/360|[from] item: Leftovers
|turn|25
|
|move|p2a: Hydreigon|U-turn|p1a: Flower Power
|-resisted|p1a: Flower Power
|-damage|p1a: Flower Power|293\/360
|c|âTyphozzz|avest?
|c|âKing Kuro|Yeah!
|
|switch|p2a: Jirachi|Jirachi|278\/341
|move|p1a: Flower Power|Wish|p1a: Flower Power
|
|-heal|p1a: Flower Power|315\/360|[from] item: Leftovers
|turn|26
|c|âTyphozzz|lol nice
|
|switch|p1a: ArmCannons|Blastoise-Mega, M|76\/362
|move|p2a: Jirachi|Zen Headbutt|p1a: ArmCannons
|-damage|p1a: ArmCannons|0 fnt
|faint|p1a: ArmCannons
|
|c|âTyphozzz|fuck
|c|âTyphozzz|lol
|
|switch|p1a: Eyebrows On Fleek|Darmanitan, M|351\/351
|turn|27
|c|âKing Kuro|I feel like you know my whole team now, haha.
|c|âKing Kuro|Not that it bothers me.
|c|âTyphozzz|nah lol
|
|switch|p2a: Arcanine|Arcanine, F|331\/383
|switch|p1a: Yummy|Arcanine, M|288\/384
|-ability|p1a: Yummy|Intimidate|[of] p2a: Arcanine
|-unboost|p2a: Arcanine|atk|1
|
|-heal|p1a: Yummy|312\/384|[from] item: Leftovers
|turn|28
|
|switch|p1a: FAT BWOII|Hippowdon, M|420\/420
|-weather|Sandstorm
|move|p2a: Arcanine|Morning Sun|p2a: Arcanine
|-heal|p2a: Arcanine|383\/383
|
|-weather|Sandstorm|[upkeep]
|-damage|p2a: Arcanine|360\/383|[from] sandstorm
|turn|29
|
|switch|p2a: Hydreigon|Hydreigon, F|257\/326
|move|p1a: FAT BWOII|Stealth Rock|p2a: Hydreigon
|-sidestart|p2: King Kuro|move: Stealth Rock
|
|-weather|Sandstorm|[upkeep]
|-damage|p2a: Hydreigon|237\/326|[from] sandstorm
|turn|30
|
|move|p2a: Hydreigon|U-turn|p1a: FAT BWOII
|-damage|p1a: FAT BWOII|379\/420
|
|switch|p2a: Celebi|Celebi|224\/341
|-damage|p2a: Celebi|182\/341|[from] Stealth Rock
|move|p1a: FAT BWOII|Toxic|p2a: Celebi
|-status|p2a: Celebi|tox
|
|-weather|Sandstorm|[upkeep]
|-damage|p2a: Celebi|161\/341 tox|[from] sandstorm
|-heal|p1a: FAT BWOII|405\/420|[from] item: Leftovers
|-damage|p2a: Celebi|140\/341 tox|[from] psn
|turn|31
|
|switch|p1a: Flower Power|Florges, F|315\/360
|move|p2a: Celebi|Giga Drain|p1a: Flower Power
|-damage|p1a: Flower Power|228\/360
|-heal|p2a: Celebi|184\/341 tox|[from] drain|[of] p1a: Flower Power
|-damage|p2a: Celebi|150\/341 tox|[from] item: Life Orb
|
|-weather|Sandstorm|[upkeep]
|-damage|p2a: Celebi|129\/341 tox|[from] sandstorm
|-damage|p1a: Flower Power|206\/360|[from] sandstorm
|-heal|p1a: Flower Power|228\/360|[from] item: Leftovers
|-damage|p2a: Celebi|87\/341 tox|[from] psn
|turn|32
|
|move|p2a: Celebi|Recover|p2a: Celebi
|-heal|p2a: Celebi|258\/341 tox
|move|p1a: Flower Power|Moonblast|p2a: Celebi
|-damage|p2a: Celebi|144\/341 tox
|-unboost|p2a: Celebi|spa|1
|
|-weather|none
|-heal|p1a: Flower Power|250\/360|[from] item: Leftovers
|-damage|p2a: Celebi|81\/341 tox|[from] psn
|turn|33
|
|switch|p2a: Jirachi|Jirachi|278\/341
|-damage|p2a: Jirachi|257\/341|[from] Stealth Rock
|move|p1a: Flower Power|Moonblast|p2a: Jirachi
|-crit|p2a: Jirachi
|-resisted|p2a: Jirachi
|-damage|p2a: Jirachi|159\/341
|
|-heal|p1a: Flower Power|272\/360|[from] item: Leftovers
|turn|34
|
|move|p1a: Flower Power|Protect|p1a: Flower Power
|-singleturn|p1a: Flower Power|Protect
|move|p2a: Jirachi|Trick|p1a: Flower Power
|-activate|p1a: Flower Power|Protect
|
|-heal|p1a: Flower Power|294\/360|[from] item: Leftovers
|turn|35
|
|switch|p2a: Arcanine|Arcanine, F|360\/383
|-damage|p2a: Arcanine|265\/383|[from] Stealth Rock
|switch|p1a: Eyebrows On Fleek|Darmanitan, M|351\/351
|
|turn|36
|
|move|p2a: Arcanine|Extreme Speed|p1a: Eyebrows On Fleek
|-damage|p1a: Eyebrows On Fleek|231\/351
|move|p1a: Eyebrows On Fleek|U-turn|p2a: Arcanine
|-resisted|p2a: Arcanine
|-damage|p2a: Arcanine|230\/383
|-damage|p1a: Eyebrows On Fleek|173\/351|[from] item: Rocky Helmet|[of] p2a: Arcanine
|
|switch|p1a: FAT BWOII|Hippowdon, M|405\/420
|-weather|Sandstorm
|
|-weather|Sandstorm|[upkeep]
|-damage|p2a: Arcanine|207\/383|[from] sandstorm
|-heal|p1a: FAT BWOII|420\/420|[from] item: Leftovers
|turn|37
|
|move|p2a: Arcanine|Will-O-Wisp|p1a: FAT BWOII
|-status|p1a: FAT BWOII|brn
|move|p1a: FAT BWOII|Earthquake|p2a: Arcanine
|-supereffective|p2a: Arcanine
|-damage|p2a: Arcanine|99\/383
|
|-weather|Sandstorm|[upkeep]
|-damage|p2a: Arcanine|76\/383|[from] sandstorm
|-damage|p1a: FAT BWOII|368\/420 brn|[from] brn
|turn|38
|
|move|p2a: Arcanine|Morning Sun|p2a: Arcanine
|-heal|p2a: Arcanine|172\/383
|move|p1a: FAT BWOII|Toxic|p2a: Arcanine
|-status|p2a: Arcanine|tox
|
|-weather|Sandstorm|[upkeep]
|-damage|p2a: Arcanine|149\/383 tox|[from] sandstorm
|-heal|p1a: FAT BWOII|394\/420 brn|[from] item: Leftovers
|-damage|p2a: Arcanine|126\/383 tox|[from] psn
|-damage|p1a: FAT BWOII|342\/420 brn|[from] brn
|turn|39
|
|switch|p2a: Swampert|Swampert, F|126\/403
|-damage|p2a: Swampert|101\/403|[from] Stealth Rock
|move|p1a: FAT BWOII|Earthquake|p2a: Swampert
|-damage|p2a: Swampert|28\/403
|
|-weather|Sandstorm|[upkeep]
|-heal|p1a: FAT BWOII|368\/420 brn|[from] item: Leftovers
|-damage|p1a: FAT BWOII|316\/420 brn|[from] brn
|turn|40
|
|move|p2a: Swampert|Waterfall|p1a: FAT BWOII
|-supereffective|p1a: FAT BWOII
|-damage|p1a: FAT BWOII|0 fnt
|faint|p1a: FAT BWOII
|
|-weather|none
|
|switch|p1a: Gimme Dem Soulz|Chesnaught, M|380\/380
|turn|41
|
|move|p1a: Gimme Dem Soulz|Spikes|p2a: Swampert
|-sidestart|p2: King Kuro|Spikes
|move|p2a: Swampert|Ice Punch|p1a: Gimme Dem Soulz
|-supereffective|p1a: Gimme Dem Soulz
|-damage|p1a: Gimme Dem Soulz|243\/380
|-damage|p2a: Swampert|0 fnt|[from] item: Rocky Helmet|[of] p1a: Gimme Dem Soulz
|faint|p2a: Swampert
|
|
|switch|p2a: Arcanine|Arcanine, F|126\/383 tox
|-damage|p2a: Arcanine|31\/383 tox|[from] Stealth Rock
|-damage|p2a: Arcanine|0 fnt|[from] Spikes
|faint|p2a: Arcanine
|c|âTyphozzz|i think that might be gg
|
|switch|p2a: Hydreigon|Hydreigon, F|237\/326
|-damage|p2a: Hydreigon|197\/326|[from] Stealth Rock
|turn|42
|c|âKing Kuro|It'll be a struggle.
|
|switch|p1a: Flower Power|Florges, F|294\/360
|move|p2a: Hydreigon|U-turn|p1a: Flower Power
|-resisted|p1a: Flower Power
|-damage|p1a: Flower Power|270\/360
|c|âTyphozzz|well rachi will dies to hazards p sure if it switches twice
|c|âTyphozzz|lol so
|
|switch|p2a: Jirachi|Jirachi|159\/341
|-damage|p2a: Jirachi|138\/341|[from] Stealth Rock
|-damage|p2a: Jirachi|96\/341|[from] Spikes
|
|-heal|p1a: Flower Power|292\/360|[from] item: Leftovers
|turn|43
|
|move|p1a: Flower Power|Protect|p1a: Flower Power
|-singleturn|p1a: Flower Power|Protect
|move|p2a: Jirachi|Iron Head|p1a: Flower Power
|-activate|p1a: Flower Power|Protect
|
|-heal|p1a: Flower Power|314\/360|[from] item: Leftovers
|turn|44
|
|switch|p1a: Gimme Dem Soulz|Chesnaught, M|243\/380
|move|p2a: Jirachi|Iron Head|p1a: Gimme Dem Soulz
|-damage|p1a: Gimme Dem Soulz|173\/380
|-damage|p2a: Jirachi|40\/341|[from] item: Rocky Helmet|[of] p1a: Gimme Dem Soulz
|
|turn|45
|
|move|p1a: Gimme Dem Soulz|Spiky Shield|p1a: Gimme Dem Soulz
|-singleturn|p1a: Gimme Dem Soulz|move: Protect
|move|p2a: Jirachi|Iron Head|p1a: Gimme Dem Soulz
|-activate|p1a: Gimme Dem Soulz|move: Protect
|-damage|p2a: Jirachi|0 fnt|[from] Spiky Shield|[of] p1a: Gimme Dem Soulz
|faint|p2a: Jirachi
|
|c|âTyphozzz|gg
|
|switch|p2a: Celebi|Celebi|81\/341
|-damage|p2a: Celebi|39\/341|[from] Stealth Rock
|-damage|p2a: Celebi|0 fnt|[from] Spikes
|faint|p2a: Celebi
|c|âKing Kuro|gg
|
|switch|p2a: Hydreigon|Hydreigon, F|197\/326
|-damage|p2a: Hydreigon|157\/326|[from] Stealth Rock
|turn|46
|c|âKing Kuro|wp
|c|âTyphozzz|it was fun
|c|âTyphozzz|:]
|
|switch|p1a: Flower Power|Florges, F|314\/360
|move|p2a: Hydreigon|Flamethrower|p1a: Flower Power
|-damage|p1a: Flower Power|247\/360
|
|-heal|p1a: Flower Power|269\/360|[from] item: Leftovers
|turn|47
|c|âKing Kuro|It was! Thanks :D
|c|âTyphozzz|gg fren :]
|
|move|p2a: Hydreigon|Flamethrower|p1a: Flower Power
|-damage|p1a: Flower Power|206\/360
|move|p1a: Flower Power|Moonblast|p2a: Hydreigon
|-supereffective|p2a: Hydreigon
|-damage|p2a: Hydreigon|0 fnt
|faint|p2a: Hydreigon
|
|win|Typhozzz
|raw|Ladder updating...
|raw|Typhozzz's rating: 1406 &rarr; <strong>1417<\/strong><br \/>(+11 for winning)
|raw|King Kuro's rating: 1228 &rarr; <strong>1215<\/strong><br \/>(-13 for losing)