|join|omegaW
|join|Typhozzz
|player|p1|omegaW|216
|player|p2|Typhozzz|143
|gametype|singles
|gen|6
|tier|UU
|rated
|rule|Sleep Clause Mod: Limit one foe put to sleep
|rule|Species Clause: Limit one of each PokÃ©mon
|rule|OHKO Clause: OHKO moves are banned
|rule|Moody Clause: Moody is banned
|rule|Evasion Moves Clause: Evasion moves are banned
|rule|Endless Battle Clause: Forcing endless battles is banned
|rule|HP Percentage Mod: HP is shown in percentages
|clearpoke
|poke|p1|Ampharos, M
|poke|p1|Krookodile, F
|poke|p1|Whimsicott, F
|poke|p1|Snorlax, M
|poke|p1|Alomomola, F
|poke|p1|Crobat, F
|poke|p2|Jirachi
|poke|p2|Hydreigon, M
|poke|p2|Crobat, M
|poke|p2|Swampert, M
|poke|p2|Beedrill, M
|poke|p2|Florges, F
|rule|Swagger Clause: Swagger is banned
|rule|Baton Pass Clause: Limit one PokÃ©mon knowing Baton Pass
|teampreview
|c|âTyphozzz|gl hf
|
|start
|switch|p1a: Ampharos|Ampharos, M|383\/383
|switch|p2a: FlowerPower|Florges, F|360\/360
|turn|1
|
|switch|p1a: Snorlax|Snorlax, M|524\/524
|move|p2a: FlowerPower|Moonblast|p1a: Snorlax
|-damage|p1a: Snorlax|440\/524
|
|-heal|p1a: Snorlax|472\/524|[from] item: Leftovers
|turn|2
|
|switch|p2a: STOP|Jirachi|341\/341
|move|p1a: Snorlax|Curse|p1a: Snorlax
|-boost|p1a: Snorlax|atk|1
|-boost|p1a: Snorlax|def|1
|-unboost|p1a: Snorlax|spe|1
|
|-heal|p1a: Snorlax|504\/524|[from] item: Leftovers
|turn|3
|
|switch|p1a: Crobat|Crobat, F|374\/374
|move|p2a: STOP|Trick|p1a: Crobat
|-activate|p2a: STOP|move: Trick|[of] p1a: Crobat
|-item|p1a: Crobat|Choice Scarf|[from] move: Trick
|-item|p2a: STOP|Black Sludge|[from] move: Trick
|
|-damage|p2a: STOP|299\/341|[from] item: Black Sludge
|turn|4
|
|move|p1a: Crobat|U-turn|p2a: STOP
|-damage|p2a: STOP|247\/341
|
|switch|p1a: Ampharos|Ampharos, M|383\/383
|move|p2a: STOP|U-turn|p1a: Ampharos
|-crit|p1a: Ampharos
|-damage|p1a: Ampharos|253\/383
|-status|p2a: STOP|par
|c|âTyphozzz|kek
|
|switch|p2a: Uturn the Meta|Beedrill, M|271\/271
|
|turn|5
|
|switch|p1a: Alomomola|Alomomola, F|534\/534
|detailschange|p2a: Uturn the Meta|Beedrill-Mega, M
|-mega|p2a: Uturn the Meta|Beedrill|Beedrillite
|move|p2a: Uturn the Meta|U-turn|p1a: Alomomola
|-crit|p1a: Alomomola
|-damage|p1a: Alomomola|286\/534
|-damage|p2a: Uturn the Meta|226\/271|[from] item: Rocky Helmet|[of] p1a: Alomomola
|
|switch|p2a: FlowerPower|Florges, F|360\/360
|
|turn|6
|
|switch|p1a: Snorlax|Snorlax, M|504\/524
|move|p2a: FlowerPower|Aromatherapy|p2a: FlowerPower
|-cureteam|p2a: FlowerPower|[from] move: Aromatherapy
|
|-heal|p1a: Snorlax|524\/524|[from] item: Leftovers
|turn|7
|
|switch|p2a: STOP|Jirachi|247\/341
|move|p1a: Snorlax|Curse|p1a: Snorlax
|-boost|p1a: Snorlax|atk|1
|-boost|p1a: Snorlax|def|1
|-unboost|p1a: Snorlax|spe|1
|
|-damage|p2a: STOP|205\/341|[from] item: Black Sludge
|turn|8
|
|switch|p1a: Ampharos|Ampharos, M|253\/383
|move|p2a: STOP|Trick|p1a: Ampharos
|-fail|p1a: Ampharos
|
|-damage|p2a: STOP|163\/341|[from] item: Black Sludge
|turn|9
|
|detailschange|p1a: Ampharos|Ampharos-Mega, M
|-mega|p1a: Ampharos|Ampharos|Ampharosite
|-ability|p1a: Ampharos|Mold Breaker
|move|p2a: STOP|U-turn|p1a: Ampharos
|-damage|p1a: Ampharos|187\/383
|
|switch|p2a: FlowerPower|Florges, F|360\/360
|move|p1a: Ampharos|Thunderbolt|p2a: FlowerPower
|-damage|p2a: FlowerPower|225\/360
|
|-heal|p2a: FlowerPower|247\/360|[from] item: Leftovers
|turn|10
|
|move|p2a: FlowerPower|Moonblast|p1a: Ampharos
|-supereffective|p1a: Ampharos
|-damage|p1a: Ampharos|0 fnt
|faint|p1a: Ampharos
|
|-heal|p2a: FlowerPower|269\/360|[from] item: Leftovers
|
|switch|p1a: Krookodile|Krookodile, F|331\/331
|-ability|p1a: Krookodile|Intimidate|[of] p2a: FlowerPower
|-unboost|p2a: FlowerPower|atk|1
|turn|11
|
|move|p2a: FlowerPower|Protect|p2a: FlowerPower
|-singleturn|p2a: FlowerPower|Protect
|move|p1a: Krookodile|Earthquake|p2a: FlowerPower
|-activate|p2a: FlowerPower|Protect
|
|-heal|p2a: FlowerPower|291\/360|[from] item: Leftovers
|turn|12
|
|switch|p2a: 3sum|Hydreigon, M|325\/325
|move|p1a: Krookodile|Earthquake|p2a: 3sum
|-immune|p2a: 3sum|[msg]
|
|turn|13
|
|switch|p1a: Snorlax|Snorlax, M|524\/524
|move|p2a: 3sum|Dark Pulse|p1a: Snorlax
|-damage|p1a: Snorlax|402\/524
|-damage|p2a: 3sum|293\/325|[from] item: Life Orb
|
|-heal|p1a: Snorlax|434\/524|[from] item: Leftovers
|turn|14
|
|move|p2a: 3sum|Superpower|p1a: Snorlax
|-supereffective|p1a: Snorlax
|-damage|p1a: Snorlax|26\/524
|-unboost|p2a: 3sum|atk|1
|-unboost|p2a: 3sum|def|1
|-damage|p2a: 3sum|261\/325|[from] item: Life Orb
|move|p1a: Snorlax|Frustration|p2a: 3sum
|-damage|p2a: 3sum|45\/325
|
|-heal|p1a: Snorlax|58\/524|[from] item: Leftovers
|turn|15
|
|switch|p2a: STOP|Jirachi|163\/341
|switch|p1a: Whimsicott|Whimsicott, F|324\/324
|
|-damage|p2a: STOP|121\/341|[from] item: Black Sludge
|turn|16
|
|switch|p1a: Crobat|Crobat, F|374\/374
|move|p2a: STOP|Trick|p1a: Crobat
|-activate|p2a: STOP|move: Trick|[of] p1a: Crobat
|-item|p1a: Crobat|Black Sludge|[from] move: Trick
|-item|p2a: STOP|Choice Scarf|[from] move: Trick
|
|turn|17
|
|move|p2a: STOP|U-turn|p1a: Crobat
|-crit|p1a: Crobat
|-resisted|p1a: Crobat
|-damage|p1a: Crobat|343\/374
|
|switch|p2a: Team Player|Swampert, M|404\/404
|move|p1a: Crobat|U-turn|p2a: Team Player
|-damage|p2a: Team Player|365\/404
|
|switch|p1a: Whimsicott|Whimsicott, F|324\/324
|
|-heal|p2a: Team Player|390\/404|[from] item: Leftovers
|turn|18
|
|switch|p2a: Uturn the Meta|Beedrill-Mega, M|226\/271
|move|p1a: Whimsicott|Leech Seed|p2a: Uturn the Meta
|-start|p2a: Uturn the Meta|move: Leech Seed
|
|-damage|p2a: Uturn the Meta|193\/271|[from] Leech Seed|[of] p1a: Whimsicott
|turn|19
|
|switch|p1a: Alomomola|Alomomola, F|464\/534
|move|p2a: Uturn the Meta|U-turn|p1a: Alomomola
|-damage|p1a: Alomomola|310\/534
|-damage|p2a: Uturn the Meta|148\/271|[from] item: Rocky Helmet|[of] p1a: Alomomola
|
|switch|p2a: 3sum|Hydreigon, M|45\/325
|
|turn|20
|
|switch|p1a: Whimsicott|Whimsicott, F|324\/324
|move|p2a: 3sum|Roost|p2a: 3sum
|-heal|p2a: 3sum|208\/325
|
|turn|21
|
|switch|p2a: Uturn the Meta|Beedrill-Mega, M|148\/271
|move|p1a: Whimsicott|Moonblast|p2a: Uturn the Meta
|-resisted|p2a: Uturn the Meta
|-damage|p2a: Uturn the Meta|99\/271
|-unboost|p2a: Uturn the Meta|spa|1
|
|turn|22
|
|switch|p1a: Alomomola|Alomomola, F|488\/534
|move|p2a: Uturn the Meta|Knock Off|p1a: Alomomola
|-damage|p1a: Alomomola|372\/534
|-damage|p2a: Uturn the Meta|54\/271|[from] item: Rocky Helmet|[of] p1a: Alomomola
|-enditem|p1a: Alomomola|Rocky Helmet|[from] move: Knock Off|[of] p2a: Uturn the Meta
|
|turn|23
|
|move|p2a: Uturn the Meta|U-turn|p1a: Alomomola
|-damage|p1a: Alomomola|224\/534
|
|switch|p2a: FlowerPower|Florges, F|291\/360
|move|p1a: Alomomola|Wish|p1a: Alomomola
|
|-heal|p2a: FlowerPower|313\/360|[from] item: Leftovers
|turn|24
|
|switch|p1a: Krookodile|Krookodile, F|331\/331
|-ability|p1a: Krookodile|Intimidate|[of] p2a: FlowerPower
|-unboost|p2a: FlowerPower|atk|1
|move|p2a: FlowerPower|Moonblast|p1a: Krookodile
|-supereffective|p1a: Krookodile
|-damage|p1a: Krookodile|17\/331
|-unboost|p1a: Krookodile|spa|1
|
|-heal|p1a: Krookodile|284\/331|[from] move: Wish|[wisher] Alomomola
|-heal|p2a: FlowerPower|335\/360|[from] item: Leftovers
|turn|25
|
|move|p1a: Krookodile|Earthquake|p2a: FlowerPower
|-damage|p2a: FlowerPower|108\/360
|-damage|p1a: Krookodile|251\/331|[from] item: Life Orb
|move|p2a: FlowerPower|Moonblast|p1a: Krookodile
|-supereffective|p1a: Krookodile
|-damage|p1a: Krookodile|0 fnt
|faint|p1a: Krookodile
|
|-heal|p2a: FlowerPower|130\/360|[from] item: Leftovers
|
|switch|p1a: Crobat|Crobat, F|343\/374
|turn|26
|
|move|p1a: Crobat|Brave Bird|p2a: FlowerPower
|-crit|p2a: FlowerPower
|-damage|p2a: FlowerPower|0 fnt
|-damage|p1a: Crobat|300\/374|[from] recoil|[of] p2a: FlowerPower
|faint|p2a: FlowerPower
|
|-heal|p1a: Crobat|323\/374|[from] item: Black Sludge
|
|switch|p2a: Team Player|Swampert, M|390\/404
|turn|27
|
|move|p1a: Crobat|U-turn|p2a: Team Player
|-damage|p2a: Team Player|345\/404
|
|switch|p1a: Alomomola|Alomomola, F|402\/534
|move|p2a: Team Player|Scald|p1a: Alomomola
|-resisted|p1a: Alomomola
|-damage|p1a: Alomomola|328\/534
|
|-heal|p2a: Team Player|370\/404|[from] item: Leftovers
|turn|28
|
|move|p1a: Alomomola|Scald|p2a: Team Player
|-damage|p2a: Team Player|315\/404
|move|p2a: Team Player|Scald|p1a: Alomomola
|-resisted|p1a: Alomomola
|-damage|p1a: Alomomola|258\/534
|-status|p1a: Alomomola|brn
|
|-heal|p2a: Team Player|340\/404|[from] item: Leftovers
|-damage|p1a: Alomomola|192\/534 brn|[from] brn
|turn|29
|
|move|p1a: Alomomola|Healing Wish|p1a: Alomomola
|faint|p1a: Alomomola
|move|p2a: Team Player|Stealth Rock|p1: Alomomola
|-sidestart|p1: omegaW|move: Stealth Rock
|
|-heal|p2a: Team Player|365\/404|[from] item: Leftovers
|
|switch|p1a: Snorlax|Snorlax, M|58\/524
|-heal|p1a: Snorlax|524\/524|[from] move: Healing Wish
|-damage|p1a: Snorlax|459\/524|[from] Stealth Rock
|turn|30
|
|move|p2a: Team Player|Earthquake|p1a: Snorlax
|-damage|p1a: Snorlax|288\/524
|move|p1a: Snorlax|Frustration|p2a: Team Player
|-damage|p2a: Team Player|259\/404
|
|-heal|p2a: Team Player|284\/404|[from] item: Leftovers
|-heal|p1a: Snorlax|320\/524|[from] item: Leftovers
|turn|31
|
|move|p2a: Team Player|Scald|p1a: Snorlax
|-damage|p1a: Snorlax|259\/524
|-status|p1a: Snorlax|brn
|move|p1a: Snorlax|Rest|p1a: Snorlax
|-status|p1a: Snorlax|slp
|-heal|p1a: Snorlax|524\/524 slp|[silent]
|-status|p1a: Snorlax|slp|[from] move: Rest
|
|-heal|p2a: Team Player|309\/404|[from] item: Leftovers
|turn|32
|
|cant|p1a: Snorlax|slp
|move|p1a: Snorlax|Sleep Talk|p1a: Snorlax
|move|p1a: Snorlax|Frustration|p2a: Team Player|[from]Sleep Talk
|-damage|p2a: Team Player|204\/404
|move|p2a: Team Player|Roar|p1a: Snorlax
|drag|p1a: Whimsicott|Whimsicott, F|324\/324
|-damage|p1a: Whimsicott|284\/324|[from] Stealth Rock
|
|-heal|p1a: Whimsicott|304\/324|[from] item: Leftovers
|-heal|p2a: Team Player|229\/404|[from] item: Leftovers
|turn|33
|
|switch|p2a: Yung Batman|Crobat, M|373\/373
|move|p1a: Whimsicott|Leech Seed|p2a: Yung Batman
|-start|p2a: Yung Batman|move: Leech Seed
|
|-heal|p1a: Whimsicott|324\/324|[from] item: Leftovers
|-damage|p2a: Yung Batman|327\/373|[from] Leech Seed|[of] p1a: Whimsicott
|turn|34
|
|switch|p1a: Crobat|Crobat, F|323\/374
|-damage|p1a: Crobat|230\/374|[from] Stealth Rock
|move|p2a: Yung Batman|Brave Bird|p1a: Crobat
|-damage|p1a: Crobat|56\/374
|-damage|p2a: Yung Batman|270\/373|[from] recoil|[of] p1a: Crobat
|
|-heal|p1a: Crobat|79\/374|[from] item: Black Sludge
|-heal|p2a: Yung Batman|293\/373|[from] item: Black Sludge
|-damage|p2a: Yung Batman|247\/373|[from] Leech Seed|[of] p1a: Crobat
|-heal|p1a: Crobat|125\/374|[silent]
|turn|35
|
|switch|p2a: Team Player|Swampert, M|229\/404
|move|p1a: Crobat|Roost|p1a: Crobat
|-heal|p1a: Crobat|312\/374
|
|-heal|p1a: Crobat|335\/374|[from] item: Black Sludge
|-heal|p2a: Team Player|254\/404|[from] item: Leftovers
|turn|36
|
|move|p1a: Crobat|U-turn|p2a: Team Player
|-damage|p2a: Team Player|212\/404
|
|switch|p1a: Snorlax|Snorlax, M|524\/524 slp
|-damage|p1a: Snorlax|459\/524 slp|[from] Stealth Rock
|move|p2a: Team Player|Scald|p1a: Snorlax
|-damage|p1a: Snorlax|404\/524 slp
|
|-heal|p2a: Team Player|237\/404|[from] item: Leftovers
|-heal|p1a: Snorlax|436\/524 slp|[from] item: Leftovers
|turn|37
|
|switch|p2a: STOP|Jirachi|121\/341
|cant|p1a: Snorlax|slp
|move|p1a: Snorlax|Sleep Talk|p1a: Snorlax
|move|p1a: Snorlax|Curse|p1a: Snorlax|[from]Sleep Talk
|-boost|p1a: Snorlax|atk|1
|-boost|p1a: Snorlax|def|1
|-unboost|p1a: Snorlax|spe|1
|
|-heal|p1a: Snorlax|468\/524 slp|[from] item: Leftovers
|turn|38
|
|move|p2a: STOP|Iron Head|p1a: Snorlax
|-damage|p1a: Snorlax|360\/524 slp
|-curestatus|p1a: Snorlax|slp
|cant|p1a: Snorlax|flinch
|
|-heal|p1a: Snorlax|392\/524|[from] item: Leftovers
|turn|39
|
|move|p2a: STOP|Iron Head|p1a: Snorlax
|-damage|p1a: Snorlax|287\/524
|cant|p1a: Snorlax|flinch
|
|-heal|p1a: Snorlax|319\/524|[from] item: Leftovers
|turn|40
|
|move|p2a: STOP|Iron Head|p1a: Snorlax
|-damage|p1a: Snorlax|211\/524
|move|p1a: Snorlax|Rest|p1a: Snorlax
|-status|p1a: Snorlax|slp
|-heal|p1a: Snorlax|524\/524 slp|[silent]
|-status|p1a: Snorlax|slp|[from] move: Rest
|
|turn|41
|
|switch|p2a: Team Player|Swampert, M|237\/404
|cant|p1a: Snorlax|slp
|move|p1a: Snorlax|Sleep Talk|p1a: Snorlax
|move|p1a: Snorlax|Rest|p1a: Snorlax|[from]Sleep Talk
|-fail|p1a: Snorlax
|
|-heal|p2a: Team Player|262\/404|[from] item: Leftovers
|turn|42
|
|cant|p1a: Snorlax|slp
|move|p1a: Snorlax|Sleep Talk|p1a: Snorlax
|move|p1a: Snorlax|Frustration|p2a: Team Player|[from]Sleep Talk
|-damage|p2a: Team Player|123\/404
|move|p2a: Team Player|Roar|p1a: Snorlax
|drag|p1a: Whimsicott|Whimsicott, F|324\/324
|-damage|p1a: Whimsicott|284\/324|[from] Stealth Rock
|
|-heal|p1a: Whimsicott|304\/324|[from] item: Leftovers
|-heal|p2a: Team Player|148\/404|[from] item: Leftovers
|turn|43
|
|move|p1a: Whimsicott|Leech Seed|p2a: Team Player
|-start|p2a: Team Player|move: Leech Seed
|move|p2a: Team Player|Scald|p1a: Whimsicott
|-resisted|p1a: Whimsicott
|-damage|p1a: Whimsicott|254\/324
|
|-heal|p1a: Whimsicott|274\/324|[from] item: Leftovers
|-heal|p2a: Team Player|173\/404|[from] item: Leftovers
|-damage|p2a: Team Player|123\/404|[from] Leech Seed|[of] p1a: Whimsicott
|-heal|p1a: Whimsicott|324\/324|[silent]
|turn|44
|
|move|p1a: Whimsicott|Moonblast|p2a: Team Player
|-damage|p2a: Team Player|26\/404
|move|p2a: Team Player|Scald|p1a: Whimsicott
|-resisted|p1a: Whimsicott
|-damage|p1a: Whimsicott|245\/324
|
|-heal|p1a: Whimsicott|265\/324|[from] item: Leftovers
|-heal|p2a: Team Player|51\/404|[from] item: Leftovers
|-damage|p2a: Team Player|1\/404|[from] Leech Seed|[of] p1a: Whimsicott
|-heal|p1a: Whimsicott|315\/324|[silent]
|turn|45
|
|move|p1a: Whimsicott|U-turn|p2a: Team Player
|-damage|p2a: Team Player|0 fnt
|faint|p2a: Team Player
|
|switch|p1a: Snorlax|Snorlax, M|524\/524 slp
|-damage|p1a: Snorlax|459\/524 slp|[from] Stealth Rock
|
|-heal|p1a: Snorlax|491\/524 slp|[from] item: Leftovers
|
|switch|p2a: STOP|Jirachi|121\/341
|turn|46
|
|switch|p1a: Crobat|Crobat, F|335\/374
|-damage|p1a: Crobat|242\/374|[from] Stealth Rock
|move|p2a: STOP|Iron Head|p1a: Crobat
|-damage|p1a: Crobat|89\/374
|
|-heal|p1a: Crobat|112\/374|[from] item: Black Sludge
|turn|47
|
|move|p2a: STOP|Iron Head|p1a: Crobat
|-damage|p1a: Crobat|0 fnt
|faint|p1a: Crobat
|
|c|âTyphozzz|gg
|
|switch|p1a: Snorlax|Snorlax, M|491\/524 slp
|-damage|p1a: Snorlax|426\/524 slp|[from] Stealth Rock
|turn|48
|c|âomegaW|idk how i went from top 10 to this bs
|c|âomegaW|-_-
|c|âTyphozzz|lol
|-message|omegaW forfeited.
|leave|omegaW
|c|âTyphozzz|i feel ya man
|
|win|Typhozzz
|raw|Ladder updating...
|player|p1
|raw|omegaW's rating: 1436 &rarr; <strong>1414<\/strong><br \/>(-22 for losing)
|raw|Typhozzz's rating: 1408 &rarr; <strong>1430<\/strong><br \/>(+22 for winning)