|join|Istalri
|join|Typhozzz
|player|p1|Istalri|238
|player|p2|Typhozzz|143
|gametype|singles
|gen|6
|tier|UU
|rated
|rule|Sleep Clause Mod: Limit one foe put to sleep
|rule|Species Clause: Limit one of each PokÃ©mon
|rule|OHKO Clause: OHKO moves are banned
|rule|Moody Clause: Moody is banned
|rule|Evasion Moves Clause: Evasion moves are banned
|rule|Endless Battle Clause: Forcing endless battles is banned
|rule|HP Percentage Mod: HP is shown in percentages
|clearpoke
|poke|p1|Nidoqueen, F
|poke|p1|Krookodile, M
|poke|p1|Goodra, M, shiny
|poke|p1|Blastoise, F
|poke|p1|Arcanine, F
|poke|p1|Eelektross, M
|poke|p2|Mienshao, F
|poke|p2|Celebi
|poke|p2|Forretress, M
|poke|p2|Entei, shiny
|poke|p2|Swampert, M
|poke|p2|Raikou
|rule|Swagger Clause: Swagger is banned
|rule|Baton Pass Clause: Limit one PokÃ©mon knowing Baton Pass
|teampreview
|c|âTyphozzz|oh look
|c|âTyphozzz|lol
|c|âTyphozzz|gl hf
|c|âIstalri|u too
|
|start
|switch|p1a: Nidoqueen|Nidoqueen, F|353\/353
|switch|p2a: Team Player|Swampert, M|341\/341
|turn|1
|
|switch|p1a: Eelektross|Eelektross, M|374\/374
|detailschange|p2a: Team Player|Swampert-Mega, M
|-mega|p2a: Team Player|Swampert|Swampertite
|move|p2a: Team Player|Waterfall|p1a: Eelektross
|-damage|p1a: Eelektross|146\/374
|
|turn|2
|
|switch|p1a: Blastoise|Blastoise, F|343\/343
|move|p2a: Team Player|Waterfall|p1a: Blastoise
|-resisted|p1a: Blastoise
|-damage|p1a: Blastoise|275\/343
|
|turn|3
|
|switch|p2a: Make You Cry|Celebi|403\/403
|detailschange|p1a: Blastoise|Blastoise-Mega, F
|-mega|p1a: Blastoise|Blastoise|Blastoisinite
|move|p1a: Blastoise|Scald|p2a: Make You Cry
|-resisted|p2a: Make You Cry
|-damage|p2a: Make You Cry|354\/403
|
|-heal|p2a: Make You Cry|379\/403|[from] item: Leftovers
|turn|4
|
|switch|p1a: Goodra|Goodra, M, shiny|361\/361
|move|p2a: Make You Cry|U-turn|p1a: Goodra
|-damage|p1a: Goodra|291\/361
|
|switch|p2a: Team Player|Swampert-Mega, M|341\/341
|
|turn|5
|
|switch|p1a: Blastoise|Blastoise-Mega, F|275\/343
|move|p2a: Team Player|Ice Punch|p1a: Blastoise
|-resisted|p1a: Blastoise
|-damage|p1a: Blastoise|234\/343
|
|turn|6
|
|move|p2a: Team Player|Earthquake|p1a: Blastoise
|-damage|p1a: Blastoise|78\/343
|move|p1a: Blastoise|Dark Pulse|p2a: Team Player
|-damage|p2a: Team Player|211\/341
|
|turn|7
|
|switch|p1a: Eelektross|Eelektross, M|146\/374
|move|p2a: Team Player|Earthquake|p1a: Eelektross
|-immune|p1a: Eelektross|[msg]
|
|turn|8
|
|switch|p1a: Blastoise|Blastoise-Mega, F|78\/343
|move|p2a: Team Player|Waterfall|p1a: Blastoise
|-resisted|p1a: Blastoise
|-damage|p1a: Blastoise|21\/343
|
|turn|9
|
|switch|p1a: Eelektross|Eelektross, M|146\/374
|move|p2a: Team Player|Waterfall|p1a: Eelektross
|-damage|p1a: Eelektross|0 fnt
|faint|p1a: Eelektross
|
|
|switch|p1a: Arcanine|Arcanine, F|383\/383
|-ability|p1a: Arcanine|Intimidate|[of] p2a: Team Player
|-unboost|p2a: Team Player|atk|1
|turn|10
|
|switch|p2a: Burn Machine|Entei, shiny|371\/371
|-ability|p2a: Burn Machine|Pressure
|switch|p1a: Blastoise|Blastoise-Mega, F|21\/343
|
|turn|11
|
|move|p2a: Burn Machine|Extreme Speed|p1a: Blastoise
|-damage|p1a: Blastoise|0 fnt
|faint|p1a: Blastoise
|
|
|switch|p1a: Krookodile|Krookodile, M|331\/331
|turn|12
|
|switch|p2a: Idk What i Am|Forretress, M|354\/354
|move|p1a: Krookodile|Knock Off|p2a: Idk What i Am
|-damage|p2a: Idk What i Am|270\/354
|-enditem|p2a: Idk What i Am|Leftovers|[from] move: Knock Off|[of] p1a: Krookodile
|
|turn|13
|
|switch|p1a: Arcanine|Arcanine, F|383\/383
|-ability|p1a: Arcanine|Intimidate|[of] p2a: Idk What i Am
|-unboost|p2a: Idk What i Am|atk|1
|move|p2a: Idk What i Am|Stealth Rock|p1a: Arcanine
|-sidestart|p1: Istalri|move: Stealth Rock
|
|turn|14
|
|switch|p2a: Burn Machine|Entei, shiny|371\/371
|-ability|p2a: Burn Machine|Pressure
|move|p1a: Arcanine|Flare Blitz|p2a: Burn Machine
|-resisted|p2a: Burn Machine
|-damage|p2a: Burn Machine|284\/371
|-damage|p1a: Arcanine|354\/383|[from] recoil|[of] p2a: Burn Machine
|
|-heal|p1a: Arcanine|377\/383|[from] item: Leftovers
|turn|15
|
|move|p2a: Burn Machine|Sacred Fire|p1a: Arcanine
|-resisted|p1a: Arcanine
|-damage|p1a: Arcanine|261\/383
|move|p1a: Arcanine|Will-O-Wisp|p2a: Burn Machine
|-fail|p2a: Burn Machine
|
|-heal|p1a: Arcanine|284\/383|[from] item: Leftovers
|turn|16
|
|switch|p2a: Team Player|Swampert-Mega, M|211\/341
|move|p1a: Arcanine|Will-O-Wisp|p2a: Team Player
|-status|p2a: Team Player|brn
|
|-heal|p1a: Arcanine|307\/383|[from] item: Leftovers
|-damage|p2a: Team Player|169\/341 brn|[from] brn
|turn|17
|
|switch|p1a: Goodra|Goodra, M, shiny|291\/361
|-damage|p1a: Goodra|246\/361|[from] Stealth Rock
|move|p2a: Team Player|Earthquake|p1a: Goodra
|-damage|p1a: Goodra|75\/361
|
|-damage|p2a: Team Player|127\/341 brn|[from] brn
|turn|18
|
|switch|p1a: Arcanine|Arcanine, F|307\/383
|-damage|p1a: Arcanine|212\/383|[from] Stealth Rock
|-ability|p1a: Arcanine|Intimidate|[of] p2a: Team Player
|-unboost|p2a: Team Player|atk|1
|move|p2a: Team Player|Earthquake|p1a: Arcanine
|-supereffective|p1a: Arcanine
|-damage|p1a: Arcanine|86\/383
|
|-heal|p1a: Arcanine|109\/383|[from] item: Leftovers
|-damage|p2a: Team Player|85\/341 brn|[from] brn
|turn|19
|
|move|p2a: Team Player|Earthquake|p1a: Arcanine
|-supereffective|p1a: Arcanine
|-damage|p1a: Arcanine|0 fnt
|faint|p1a: Arcanine
|
|-damage|p2a: Team Player|43\/341 brn|[from] brn
|
|switch|p1a: Krookodile|Krookodile, M|331\/331
|-damage|p1a: Krookodile|311\/331|[from] Stealth Rock
|turn|20
|
|switch|p2a: Idk What i Am|Forretress, M|270\/354
|move|p1a: Krookodile|Knock Off|p2a: Idk What i Am
|-damage|p2a: Idk What i Am|210\/354
|
|turn|21
|
|switch|p1a: Goodra|Goodra, M, shiny|75\/361
|-damage|p1a: Goodra|30\/361|[from] Stealth Rock
|move|p2a: Idk What i Am|Gyro Ball|p1a: Goodra
|-damage|p1a: Goodra|0 fnt
|faint|p1a: Goodra
|
|
|switch|p1a: Krookodile|Krookodile, M|311\/331
|-damage|p1a: Krookodile|291\/331|[from] Stealth Rock
|turn|22
|
|move|p1a: Krookodile|Earthquake|p2a: Idk What i Am
|-damage|p2a: Idk What i Am|113\/354
|move|p2a: Idk What i Am|Gyro Ball|p1a: Krookodile
|-damage|p1a: Krookodile|89\/331
|
|turn|23
|
|move|p1a: Krookodile|Earthquake|p2a: Idk What i Am
|-damage|p2a: Idk What i Am|10\/354
|move|p2a: Idk What i Am|Gyro Ball|p1a: Krookodile
|-damage|p1a: Krookodile|0 fnt
|faint|p1a: Krookodile
|
|
|switch|p1a: Nidoqueen|Nidoqueen, F|353\/353
|-damage|p1a: Nidoqueen|331\/353|[from] Stealth Rock
|turn|24
|
|move|p1a: Nidoqueen|Earth Power|p2a: Idk What i Am
|-damage|p2a: Idk What i Am|0 fnt
|faint|p2a: Idk What i Am
|
|
|switch|p2a: Team Player|Swampert-Mega, M|43\/341 brn
|turn|25
|
|move|p2a: Team Player|Earthquake|p1a: Nidoqueen
|-crit|p1a: Nidoqueen
|-supereffective|p1a: Nidoqueen
|-damage|p1a: Nidoqueen|0 fnt
|faint|p1a: Nidoqueen
|
|win|Typhozzz
|raw|Ladder updating...
|raw|Istalri's rating: 1416 &rarr; <strong>1398<\/strong><br \/>(-18 for losing)
|raw|Typhozzz's rating: 1450 &rarr; <strong>1468<\/strong><br \/>(+18 for winning)
|c|âTyphozzz|gg
|leave|Istalri
|player|p1