|join|SneakyChickenMan
|join|Typhozzz
|player|p1|SneakyChickenMan|224
|player|p2|Typhozzz|143
|gametype|singles
|gen|6
|tier|UU
|rated
|rule|Sleep Clause Mod: Limit one foe put to sleep
|rule|Species Clause: Limit one of each PokÃ©mon
|rule|OHKO Clause: OHKO moves are banned
|rule|Moody Clause: Moody is banned
|rule|Evasion Moves Clause: Evasion moves are banned
|rule|Endless Battle Clause: Forcing endless battles is banned
|rule|HP Percentage Mod: HP is shown in percentages
|clearpoke
|poke|p1|Cloyster, M, shiny
|poke|p1|Alakazam, M
|poke|p1|Cresselia, F
|poke|p1|Beedrill, F, shiny
|poke|p1|Suicune, shiny
|poke|p1|Aerodactyl, M
|poke|p2|Jirachi
|poke|p2|Hydreigon, M
|poke|p2|Crobat, M
|poke|p2|Swampert, M
|poke|p2|Beedrill, M
|poke|p2|Florges, F
|rule|Swagger Clause: Swagger is banned
|rule|Baton Pass Clause: Limit one PokÃ©mon knowing Baton Pass
|teampreview
|c|âTyphozzz|gl hf
|
|start
|switch|p1a: Alakazam|Alakazam, M|251\/251
|switch|p2a: Uturn the Meta|Beedrill, M|271\/271
|turn|1
|
|detailschange|p2a: Uturn the Meta|Beedrill-Mega, M
|-mega|p2a: Uturn the Meta|Beedrill|Beedrillite
|move|p2a: Uturn the Meta|Protect|p2a: Uturn the Meta
|-singleturn|p2a: Uturn the Meta|Protect
|move|p1a: Alakazam|Psychic|p2a: Uturn the Meta
|-activate|p2a: Uturn the Meta|Protect
|
|turn|2
|
|move|p1a: Alakazam|Psychic|p2a: Uturn the Meta
|-supereffective|p2a: Uturn the Meta
|-damage|p2a: Uturn the Meta|0 fnt
|faint|p2a: Uturn the Meta
|
|c|âSneakyChickenMan|choice scarf the meta
|c|âTyphozzz|why...
|c|âTyphozzz|lol
|
|switch|p2a: 3sum|Hydreigon, M|325\/325
|turn|3
|
|switch|p1a: Suicune|Suicune, shiny|404\/404
|-ability|p1a: Suicune|Pressure
|move|p2a: 3sum|Dark Pulse|p1a: Suicune
|-damage|p1a: Suicune|244\/404
|-damage|p2a: 3sum|293\/325|[from] item: Life Orb
|
|-heal|p1a: Suicune|269\/404|[from] item: Leftovers
|turn|4
|
|move|p2a: 3sum|Draco Meteor|p1a: Suicune
|-damage|p1a: Suicune|12\/404
|-unboost|p2a: 3sum|spa|2
|-damage|p2a: 3sum|261\/325|[from] item: Life Orb
|move|p1a: Suicune|Ice Beam|p2a: 3sum
|-supereffective|p2a: 3sum
|-damage|p2a: 3sum|51\/325
|
|-heal|p1a: Suicune|37\/404|[from] item: Leftovers
|turn|5
|
|move|p2a: 3sum|Roost|p2a: 3sum
|-heal|p2a: 3sum|214\/325
|move|p1a: Suicune|Ice Beam|p2a: 3sum
|-supereffective|p2a: 3sum
|-damage|p2a: 3sum|0 fnt
|faint|p2a: 3sum
|
|-heal|p1a: Suicune|62\/404|[from] item: Leftovers
|c|âTyphozzz|ugh
|
|switch|p2a: FlowerPower|Florges, F|360\/360
|turn|6
|
|move|p1a: Suicune|Toxic|p2a: FlowerPower
|-status|p2a: FlowerPower|tox
|move|p2a: FlowerPower|Moonblast|p1a: Suicune
|-damage|p1a: Suicune|0 fnt
|faint|p1a: Suicune
|
|-damage|p2a: FlowerPower|338\/360 tox|[from] psn
|
|switch|p1a: Beedrill|Beedrill, F, shiny|271\/271
|turn|7
|
|switch|p2a: Yung Batman|Crobat, M|373\/373
|detailschange|p1a: Beedrill|Beedrill-Mega, F, shiny
|-mega|p1a: Beedrill|Beedrill|Beedrillite
|move|p1a: Beedrill|Protect|p1a: Beedrill
|-fail|p1a: Beedrill
|
|turn|8
|
|move|p1a: Beedrill|U-turn|p2a: Yung Batman
|-resisted|p2a: Yung Batman
|-damage|p2a: Yung Batman|318\/373
|
|switch|p1a: Cloyster|Cloyster, M, shiny|241\/241
|move|p2a: Yung Batman|U-turn|p1a: Cloyster
|-damage|p1a: Cloyster|210\/241
|
|switch|p2a: STOP|Jirachi|341\/341
|
|turn|9
|
|move|p2a: STOP|Iron Head|p1a: Cloyster
|-damage|p1a: Cloyster|141\/241
|cant|p1a: Cloyster|flinch
|
|turn|10
|
|move|p2a: STOP|Iron Head|p1a: Cloyster
|-damage|p1a: Cloyster|65\/241
|move|p1a: Cloyster|Razor Shell|p2a: STOP
|-damage|p2a: STOP|212\/341
|
|turn|11
|
|move|p2a: STOP|Iron Head|p1a: Cloyster
|-damage|p1a: Cloyster|0 fnt
|faint|p1a: Cloyster
|
|
|switch|p1a: Beedrill|Beedrill-Mega, F, shiny|271\/271
|turn|12
|
|move|p2a: STOP|Iron Head|p1a: Beedrill
|-crit|p1a: Beedrill
|-damage|p1a: Beedrill|0 fnt
|faint|p1a: Beedrill
|
|
|switch|p1a: Cresselia|Cresselia, F|443\/443
|turn|13
|
|switch|p2a: Team Player|Swampert, M|404\/404
|move|p1a: Cresselia|Moonblast|p2a: Team Player
|-damage|p2a: Team Player|314\/404
|
|-heal|p2a: Team Player|339\/404|[from] item: Leftovers
|turn|14
|
|move|p1a: Cresselia|Calm Mind|p1a: Cresselia
|-boost|p1a: Cresselia|spa|1
|-boost|p1a: Cresselia|spd|1
|move|p2a: Team Player|Stealth Rock|p1a: Cresselia
|-sidestart|p1: SneakyChickenMan|move: Stealth Rock
|
|-heal|p2a: Team Player|364\/404|[from] item: Leftovers
|turn|15
|
|move|p1a: Cresselia|Calm Mind|p1a: Cresselia
|-boost|p1a: Cresselia|spa|1
|-boost|p1a: Cresselia|spd|1
|move|p2a: Team Player|Roar|p1a: Cresselia
|drag|p1a: Alakazam|Alakazam, M|251\/251
|
|-heal|p2a: Team Player|389\/404|[from] item: Leftovers
|turn|16
|
|switch|p2a: FlowerPower|Florges, F|338\/360 tox
|move|p1a: Alakazam|Energy Ball|p2a: FlowerPower
|-damage|p2a: FlowerPower|275\/360 tox
|
|-heal|p2a: FlowerPower|297\/360 tox|[from] item: Leftovers
|-damage|p2a: FlowerPower|275\/360 tox|[from] psn
|turn|17
|
|switch|p1a: Aerodactyl|Aerodactyl, M|301\/301
|-damage|p1a: Aerodactyl|226\/301|[from] Stealth Rock
|move|p2a: FlowerPower|Wish|p2a: FlowerPower
|
|-heal|p2a: FlowerPower|297\/360 tox|[from] item: Leftovers
|-damage|p2a: FlowerPower|253\/360 tox|[from] psn
|turn|18
|
|move|p1a: Aerodactyl|Earthquake|p2a: FlowerPower
|-damage|p2a: FlowerPower|106\/360 tox
|move|p2a: FlowerPower|Aromatherapy|p2a: FlowerPower
|-cureteam|p2a: FlowerPower|[from] move: Aromatherapy
|
|-heal|p2a: FlowerPower|286\/360|[from] move: Wish|[wisher] FlowerPower
|-heal|p2a: FlowerPower|308\/360|[from] item: Leftovers
|turn|19
|
|move|p1a: Aerodactyl|Earthquake|p2a: FlowerPower
|-damage|p2a: FlowerPower|140\/360
|move|p2a: FlowerPower|Wish|p2a: FlowerPower
|
|-heal|p2a: FlowerPower|162\/360|[from] item: Leftovers
|turn|20
|
|move|p2a: FlowerPower|Protect|p2a: FlowerPower
|-singleturn|p2a: FlowerPower|Protect
|move|p1a: Aerodactyl|Earthquake|p2a: FlowerPower
|-activate|p2a: FlowerPower|Protect
|
|-heal|p2a: FlowerPower|342\/360|[from] move: Wish|[wisher] FlowerPower
|-heal|p2a: FlowerPower|360\/360|[from] item: Leftovers
|turn|21
|
|switch|p1a: Cresselia|Cresselia, F|443\/443
|-damage|p1a: Cresselia|388\/443|[from] Stealth Rock
|move|p2a: FlowerPower|Moonblast|p1a: Cresselia
|-damage|p1a: Cresselia|294\/443
|-unboost|p1a: Cresselia|spa|1
|
|-heal|p1a: Cresselia|321\/443|[from] item: Leftovers
|turn|22
|
|switch|p2a: Team Player|Swampert, M|389\/404
|move|p1a: Cresselia|Calm Mind|p1a: Cresselia
|-boost|p1a: Cresselia|spa|1
|-boost|p1a: Cresselia|spd|1
|
|-heal|p1a: Cresselia|348\/443|[from] item: Leftovers
|-heal|p2a: Team Player|404\/404|[from] item: Leftovers
|turn|23
|
|move|p1a: Cresselia|Psychic|p2a: Team Player
|-damage|p2a: Team Player|265\/404
|move|p2a: Team Player|Scald|p1a: Cresselia
|-crit|p1a: Cresselia
|-damage|p1a: Cresselia|257\/443
|-status|p1a: Cresselia|brn
|
|-heal|p1a: Cresselia|284\/443 brn|[from] item: Leftovers
|-heal|p2a: Team Player|290\/404|[from] item: Leftovers
|-damage|p1a: Cresselia|229\/443 brn|[from] brn
|turn|24
|
|move|p1a: Cresselia|Psychic|p2a: Team Player
|-damage|p2a: Team Player|146\/404
|move|p2a: Team Player|Roar|p1a: Cresselia
|drag|p1a: Alakazam|Alakazam, M|251\/251
|
|-heal|p2a: Team Player|171\/404|[from] item: Leftovers
|turn|25
|
|switch|p2a: FlowerPower|Florges, F|360\/360
|move|p1a: Alakazam|Psychic|p2a: FlowerPower
|-damage|p2a: FlowerPower|264\/360
|
|-heal|p2a: FlowerPower|286\/360|[from] item: Leftovers
|turn|26
|
|move|p1a: Alakazam|Psychic|p2a: FlowerPower
|-damage|p2a: FlowerPower|175\/360
|move|p2a: FlowerPower|Moonblast|p1a: Alakazam
|-damage|p1a: Alakazam|128\/251
|
|-heal|p2a: FlowerPower|197\/360|[from] item: Leftovers
|turn|27
|
|move|p1a: Alakazam|Psychic|p2a: FlowerPower
|-damage|p2a: FlowerPower|98\/360
|move|p2a: FlowerPower|Wish|p2a: FlowerPower
|
|-heal|p2a: FlowerPower|120\/360|[from] item: Leftovers
|turn|28
|
|switch|p2a: STOP|Jirachi|212\/341
|move|p1a: Alakazam|Psychic|p2a: STOP
|-resisted|p2a: STOP
|-damage|p2a: STOP|175\/341
|
|-heal|p2a: STOP|341\/341|[from] move: Wish|[wisher] FlowerPower
|turn|29
|
|move|p1a: Alakazam|Psychic|p2a: STOP
|-resisted|p2a: STOP
|-damage|p2a: STOP|302\/341
|move|p2a: STOP|U-turn|p1a: Alakazam
|-supereffective|p1a: Alakazam
|-damage|p1a: Alakazam|0 fnt
|faint|p1a: Alakazam
|
|switch|p2a: Team Player|Swampert, M|171\/404
|
|-heal|p2a: Team Player|196\/404|[from] item: Leftovers
|-message|SneakyChickenMan forfeited.
|
|win|Typhozzz
|raw|Ladder updating...
|leave|SneakyChickenMan
|player|p1