|join|Brandonna
|join|AssaultVestTanglea
|player|p1|Brandonna|101
|player|p2|AssaultVestTanglea|7
|gametype|singles
|gen|6
|tier|UU
|rated
|clearpoke
|poke|p1|Sawk, M, shiny
|poke|p1|Victini
|poke|p1|Abomasnow, M, shiny
|poke|p1|Swampert, F
|poke|p1|Crobat, F
|poke|p1|Jirachi
|poke|p2|Exeggutor, M
|poke|p2|Florges, F
|poke|p2|Milotic, M
|poke|p2|Flygon, F
|poke|p2|Houndoom, F
|poke|p2|Aggron, F
|rule|Sleep Clause Mod: Limit one foe put to sleep
|rule|Species Clause: Limit one of each Pokemon
|rule|OHKO Clause: OHKO moves are banned
|rule|Moody Clause: Moody is banned
|rule|Evasion Moves Clause: Evasion moves are banned
|rule|Endless Battle Clause: Forcing endless battles is banned.
|rule|HP Percentage Mod: HP is reported as percentages
|teampreview
|chat|AssaultVestTanglea|You again
|chat|Brandonna|heyyy :D
|chat|Brandonna|looks like your rematch time
|chat|AssaultVestTanglea|I lost lol
|chat|Brandonna|we both know each other's sets
|chat|AssaultVestTanglea|I haven't edit my team for crobat
|chat|Brandonna|so this is gonna be intertesting
|chat|AssaultVestTanglea|but except for aggron
|chat|Brandonna|special defensive crobat set <3
|
|start
|switch|p1a: Victini|Victini|341\/341
|switch|p2a: Navy|Flygon, F|301\/301
|turn|1
|chat|AssaultVestTanglea|Hello
|chat|Brandonna|my crobat is a replacement for salamence which was a replacement for latias
|chat|AssaultVestTanglea|Oh lol
|chat|Brandonna|SPEED TIE LETS GO
|chat|AssaultVestTanglea|DIE
|
|move|p2a: Navy|U-turn|p1a: Victini
|-damage|p1a: Victini|272\/341
|
|switch|p2a: Marines|Milotic, M|394\/394
|move|p1a: Victini|U-turn|p2a: Marines
|-damage|p2a: Marines|338\/394
|chat|Brandonna|you win this tie(m)
|chat|Brandonna|wow im punny
|
|switch|p1a: Jirachi|Jirachi|342\/342
|
|-heal|p2a: Marines|362\/394|[from] item: Leftovers
|turn|2
|chat|AssaultVestTanglea|Meh
|
|switch|p2a: Guarddog|Houndoom, F|291\/291
|move|p1a: Jirachi|Stealth Rock|p2a: Guarddog
|-sidestart|p2: AssaultVestTanglea|move: Stealth Rock
|
|turn|3
|
|move|p1a: Jirachi|Thunder Wave|p2a: Guarddog
|-status|p2a: Guarddog|par
|cant|p2a: Guarddog|par
|
|turn|4
|
|move|p2a: Guarddog|Pursuit|p1a: Jirachi|[from]Pursuit
|-supereffective|p1a: Jirachi
|-damage|p1a: Jirachi|92\/342
|-damage|p2a: Guarddog|262\/291 par|[from] item: Life Orb
|switch|p1a: Crobat|Crobat, F|374\/374
|
|turn|5
|chat|Brandonna|nice
|chat|AssaultVestTanglea|Mixed
|chat|AssaultVestTanglea|I love it
|
|switch|p2a: Marines|Milotic, M|362\/394
|-damage|p2a: Marines|313\/394|[from] Stealth Rock
|move|p1a: Crobat|Taunt|p2a: Marines
|-start|p2a: Marines|move: Taunt
|
|-heal|p2a: Marines|337\/394|[from] item: Leftovers
|turn|6
|chat|Brandonna|so whats the 4th move :O
|chat|AssaultVestTanglea|What do you mean?
|chat|Brandonna|i know its pursuit, suckerpunch, flamethrower
|
|switch|p1a: Abomasnow|Abomasnow, M, shiny|321\/321
|-weather|Hail
|move|p2a: Marines|Scald|p1a: Abomasnow
|-crit|p1a: Abomasnow
|-resisted|p1a: Abomasnow
|-damage|p1a: Abomasnow|240\/321
|
|-weather|Hail|[upkeep]
|-damage|p2a: Marines|313\/394|[from] hail
|-heal|p2a: Marines|337\/394|[from] item: Leftovers
|turn|7
|chat|AssaultVestTanglea|Dark pulse
|chat|Brandonna|3 DARK MOVES? isnt that a bit overdark lol
|chat|AssaultVestTanglea|Emo alert lol
|chat|AssaultVestTanglea|Lol jk
|
|switch|p2a: Commander|Florges, F|360\/360
|-damage|p2a: Commander|315\/360|[from] Stealth Rock
|-formechange|p1a: Abomasnow|Abomasnow-Mega
|message|Abomasnow has Mega Evolved into Mega Abomasnow!
|move|p1a: Abomasnow|Earthquake|p2a: Commander
|-damage|p2a: Commander|135\/360
|
|-weather|Hail|[upkeep]
|-damage|p2a: Commander|113\/360|[from] hail
|-heal|p2a: Commander|135\/360|[from] item: Leftovers
|turn|8
|chat|Brandonna|dang florges gets popped
|
|move|p2a: Commander|Aromatherapy|p2a: Commander
|-cureteam|p2a: Commander|[from] move: Aromatherapy
|move|p1a: Abomasnow|Earthquake|p2a: Commander
|-damage|p2a: Commander|0 fnt
|faint|p2a: Commander
|
|-weather|Hail|[upkeep]
|chat|AssaultVestTanglea|I shall replace it
|chat|AssaultVestTanglea|With CAKE
|chat|Brandonna|who is cake
|chat|AssaultVestTanglea|Slurpuff
|chat|Brandonna|check out shiny florges
|
|switch|p2a: Fortress|Aggron, F|344\/344
|-damage|p2a: Fortress|323\/344|[from] Stealth Rock
|turn|9
|chat|Brandonna|THAT THING IS LIKE BLUE AND GOLD OR OSMETHING
|chat|AssaultVestTanglea|Lol
|
|-formechange|p2a: Fortress|Aggron-Mega
|message|Aggron has Mega Evolved into Mega Aggron!
|move|p2a: Fortress|Stealth Rock|p1a: Abomasnow
|-sidestart|p1: Brandonna|move: Stealth Rock
|move|p1a: Abomasnow|Earthquake|p2a: Fortress
|-supereffective|p2a: Fortress
|-damage|p2a: Fortress|233\/344
|
|-weather|Hail|[upkeep]
|-damage|p2a: Fortress|212\/344|[from] hail
|turn|10
|chat|Brandonna|THAT BARELY GOT HURT
|chat|AssaultVestTanglea|Too bad I can't heal it with wish
|
|switch|p1a: Swampert|Swampert, F|401\/401
|-damage|p1a: Swampert|376\/401|[from] Stealth Rock
|move|p2a: Fortress|Iron Head|p1a: Swampert
|-resisted|p1a: Swampert
|-damage|p1a: Swampert|280\/401
|
|-weather|none
|turn|11
|chat|Brandonna|you cant take an eq
|chat|Brandonna|SO GET OUTTTTT
|chat|AssaultVestTanglea|Hm
|
|switch|p2a: Marines|Milotic, M|337\/394
|-damage|p2a: Marines|288\/394|[from] Stealth Rock
|move|p1a: Swampert|Ice Punch|p2a: Marines
|-crit|p2a: Marines
|-resisted|p2a: Marines
|-damage|p2a: Marines|212\/394
|
|-heal|p2a: Marines|236\/394|[from] item: Leftovers
|turn|12
|chat|AssaultVestTanglea|:)
|chat|Brandonna|:[
|
|switch|p1a: Crobat|Crobat, F|374\/374
|-damage|p1a: Crobat|281\/374|[from] Stealth Rock
|move|p2a: Marines|Recover|p2a: Marines
|-heal|p2a: Marines|394\/394
|
|-heal|p1a: Crobat|304\/374|[from] item: Black Sludge
|turn|13
|
|move|p1a: Crobat|Defog|p2a: Marines
|-unboost|p2a: Marines|evasion|1
|-sideend|p2: AssaultVestTanglea|Stealth Rock|[from] move: Defog|[of] p2a: Marines
|-sideend|p1: Brandonna|Stealth Rock|[from] move: Defog|[of] p1a: Crobat
|move|p2a: Marines|Ice Beam|p1a: Crobat
|-crit|p1a: Crobat
|-supereffective|p1a: Crobat
|-damage|p1a: Crobat|124\/374
|
|-heal|p1a: Crobat|147\/374|[from] item: Black Sludge
|turn|14
|chat|AssaultVestTanglea|Houndoom is my only hope
|
|move|p1a: Crobat|Roost|p1a: Crobat
|-heal|p1a: Crobat|334\/374
|move|p2a: Marines|Scald|p1a: Crobat
|-damage|p1a: Crobat|249\/374
|
|-heal|p1a: Crobat|272\/374|[from] item: Black Sludge
|turn|15
|chat|Brandonna|i agree
|chat|AssaultVestTanglea|BURN PLEASE
|chat|Brandonna|but it only has 6 moves to use
|chat|AssaultVestTanglea|6?
|chat|Brandonna|oh wait its 91%
|chat|Brandonna|i thought it was like 61%
|chat|AssaultVestTanglea|Lol
|chat|Brandonna|hail + lo gonna hurt itself
|
|switch|p1a: Abomasnow|Abomasnow, M, shiny|240\/321
|-formechange|p1a: Abomasnow|Abomasnow-Mega
|-weather|Hail
|move|p2a: Marines|Toxic|p1a: Abomasnow
|-status|p1a: Abomasnow|tox
|
|-weather|Hail|[upkeep]
|-damage|p2a: Marines|370\/394|[from] hail
|-heal|p2a: Marines|394\/394|[from] item: Leftovers
|-damage|p1a: Abomasnow|220\/321 tox|[from] psn
|turn|16
|chat|AssaultVestTanglea|Exeggutor will hopefully kill something
|chat|Brandonna|nice move
|chat|AssaultVestTanglea|Yeah :)
|chat|Brandonna|LEMME SUCK ON YO LIFE
|chat|AssaultVestTanglea|No
|chat|AssaultVestTanglea|No souls for you
|
|switch|p2a: Fortress|Aggron, F|212\/344
|-formechange|p2a: Fortress|Aggron-Mega
|move|p1a: Abomasnow|Giga Drain|p2a: Fortress
|-resisted|p2a: Fortress
|-damage|p2a: Fortress|132\/344
|-heal|p1a: Abomasnow|260\/321 tox|[from] drain|[of] p2a: Fortress
|
|-weather|Hail|[upkeep]
|-damage|p2a: Fortress|111\/344|[from] hail
|-damage|p1a: Abomasnow|220\/321 tox|[from] psn
|turn|17
|chat|Brandonna|what if i say please
|chat|AssaultVestTanglea|Yes
|chat|Brandonna|dude that did as much as an eq o_o
|chat|AssaultVestTanglea|Piss poor special defenses
|chat|AssaultVestTanglea|I guess
|chat|Brandonna|very piss poor
|
|switch|p1a: Swampert|Swampert, F|280\/401
|move|p2a: Fortress|Iron Head|p1a: Swampert
|-resisted|p1a: Swampert
|-damage|p1a: Swampert|193\/401
|
|-weather|Hail|[upkeep]
|-damage|p1a: Swampert|168\/401|[from] hail
|-damage|p2a: Fortress|90\/344|[from] hail
|turn|18
|chat|AssaultVestTanglea|Lel
|chat|Brandonna|ALMOST IN TORRENT RANGE LETS GOOOO
|
|move|p1a: Swampert|Ice Punch|p2a: Fortress
|-resisted|p2a: Fortress
|-damage|p2a: Fortress|57\/344
|move|p2a: Fortress|Stealth Rock|p1a: Swampert
|-sidestart|p1: Brandonna|move: Stealth Rock
|
|-weather|Hail|[upkeep]
|-damage|p1a: Swampert|143\/401|[from] hail
|-damage|p2a: Fortress|36\/344|[from] hail
|turn|19
|chat|AssaultVestTanglea|ROCKS
|chat|AssaultVestTanglea|YAY
|
|move|p1a: Swampert|Ice Punch|p2a: Fortress
|-resisted|p2a: Fortress
|-damage|p2a: Fortress|5\/344
|move|p2a: Fortress|Earthquake|p1a: Swampert
|-damage|p1a: Swampert|0 fnt
|faint|p1a: Swampert
|
|-weather|none
|chat|AssaultVestTanglea|COME TO STAY
|chat|Brandonna|NOT ANYMORE
|chat|Brandonna|HOLY COW
|
|switch|p1a: Crobat|Crobat, F|272\/374
|-damage|p1a: Crobat|179\/374|[from] Stealth Rock
|turn|20
|chat|AssaultVestTanglea|DIE
|
|move|p1a: Crobat|Defog|p2a: Fortress
|-unboost|p2a: Fortress|evasion|1
|-sideend|p1: Brandonna|Stealth Rock|[from] move: Defog|[of] p1a: Crobat
|move|p2a: Fortress|Iron Head|p1a: Crobat
|-damage|p1a: Crobat|0 fnt
|faint|p1a: Crobat
|
|
|switch|p1a: Jirachi|Jirachi|92\/342
|turn|21
|
|move|p1a: Jirachi|Psychic|p2a: Fortress
|-resisted|p2a: Fortress
|-damage|p2a: Fortress|0 fnt
|faint|p2a: Fortress
|
|-heal|p1a: Jirachi|113\/342|[from] item: Leftovers
|
|switch|p2a: Navy|Flygon, F|301\/301
|turn|22
|
|move|p2a: Navy|Earthquake|p1a: Jirachi
|-supereffective|p1a: Jirachi
|-damage|p1a: Jirachi|0 fnt
|faint|p1a: Jirachi
|
|
|switch|p1a: Abomasnow|Abomasnow, M, shiny|220\/321 tox
|-formechange|p1a: Abomasnow|Abomasnow-Mega
|-weather|Hail
|turn|23
|
|switch|p2a: Marines|Milotic, M|394\/394
|move|p1a: Abomasnow|Earthquake|p2a: Marines
|-damage|p2a: Marines|279\/394
|
|-weather|Hail|[upkeep]
|-damage|p2a: Marines|255\/394|[from] hail
|-heal|p2a: Marines|279\/394|[from] item: Leftovers
|-damage|p1a: Abomasnow|200\/321 tox|[from] psn
|turn|24
|chat|AssaultVestTanglea|Hm
|chat|Brandonna|souls?
|chat|AssaultVestTanglea|Probably
|
|move|p2a: Marines|Recover|p2a: Marines
|-heal|p2a: Marines|394\/394
|move|p1a: Abomasnow|Giga Drain|p2a: Marines
|-supereffective|p2a: Marines
|-damage|p2a: Marines|166\/394
|-heal|p1a: Abomasnow|314\/321 tox|[from] drain|[of] p2a: Marines
|
|-weather|Hail|[upkeep]
|-damage|p2a: Marines|142\/394|[from] hail
|-heal|p2a: Marines|166\/394|[from] item: Leftovers
|-damage|p1a: Abomasnow|274\/321 tox|[from] psn
|turn|25
|
|move|p2a: Marines|Recover|p2a: Marines
|-heal|p2a: Marines|363\/394
|move|p1a: Abomasnow|Giga Drain|p2a: Marines
|-supereffective|p2a: Marines
|-damage|p2a: Marines|129\/394
|-heal|p1a: Abomasnow|321\/321 tox|[from] drain|[of] p2a: Marines
|
|-weather|Hail|[upkeep]
|-damage|p2a: Marines|105\/394|[from] hail
|-heal|p2a: Marines|129\/394|[from] item: Leftovers
|-damage|p1a: Abomasnow|261\/321 tox|[from] psn
|turn|26
|chat|AssaultVestTanglea|HIV
|chat|AssaultVestTanglea|Do your job
|
|move|p2a: Marines|Recover|p2a: Marines
|-heal|p2a: Marines|326\/394
|move|p1a: Abomasnow|Giga Drain|p2a: Marines
|-supereffective|p2a: Marines
|-damage|p2a: Marines|122\/394
|-heal|p1a: Abomasnow|321\/321 tox|[from] drain|[of] p2a: Marines
|
|-weather|Hail|[upkeep]
|-damage|p2a: Marines|98\/394|[from] hail
|-heal|p2a: Marines|122\/394|[from] item: Leftovers
|-damage|p1a: Abomasnow|241\/321 tox|[from] psn
|turn|27
|chat|Brandonna|NOOOOOO
|
|switch|p1a: Sawk|Sawk, M, shiny|292\/292
|move|p2a: Marines|Recover|p2a: Marines
|-heal|p2a: Marines|319\/394
|
|-weather|none
|-heal|p2a: Marines|343\/394|[from] item: Leftovers
|turn|28
|chat|Brandonna|new plan
|chat|Brandonna|time to fuck shitttt up
|chat|AssaultVestTanglea|Lol
|chat|AssaultVestTanglea|Bring it
|
|move|p1a: Sawk|Knock Off|p2a: Marines
|-damage|p2a: Marines|239\/394
|-enditem|p2a: Marines|Leftovers|[from] move: Knock Off|[of] p1a: Sawk
|move|p2a: Marines|Scald|p1a: Sawk
|-damage|p1a: Sawk|180\/292
|-status|p1a: Sawk|brn
|-enditem|p1a: Sawk|Lum Berry|[eat]
|-curestatus|p1a: Sawk|brn
|
|turn|29
|chat|AssaultVestTanglea|LOL
|chat|AssaultVestTanglea|Oh
|chat|Brandonna|who needs a burnn
|chat|AssaultVestTanglea|:(
|chat|AssaultVestTanglea|No hot spa?
|
|switch|p1a: Abomasnow|Abomasnow, M, shiny|241\/321 tox
|-formechange|p1a: Abomasnow|Abomasnow-Mega
|-weather|Hail
|move|p2a: Marines|Scald|p1a: Abomasnow
|-resisted|p1a: Abomasnow
|-damage|p1a: Abomasnow|198\/321 tox
|
|-weather|Hail|[upkeep]
|-damage|p2a: Marines|215\/394|[from] hail
|-damage|p1a: Abomasnow|178\/321 tox|[from] psn
|turn|30
|chat|Brandonna|now gtfoooo
|
|move|p2a: Marines|Recover|p2a: Marines
|-heal|p2a: Marines|394\/394
|move|p1a: Abomasnow|Earthquake|p2a: Marines
|-damage|p2a: Marines|291\/394
|
|-weather|Hail|[upkeep]
|-damage|p2a: Marines|267\/394|[from] hail
|-damage|p1a: Abomasnow|138\/321 tox|[from] psn
|turn|31
|
|switch|p2a: Turret|Exeggutor, M|370\/370
|move|p1a: Abomasnow|Giga Drain|p2a: Turret
|-resisted|p2a: Turret
|-damage|p2a: Turret|307\/370
|-heal|p1a: Abomasnow|170\/321 tox|[from] drain|[of] p2a: Turret
|
|-weather|Hail|[upkeep]
|-damage|p2a: Turret|284\/370|[from] hail
|-damage|p1a: Abomasnow|110\/321 tox|[from] psn
|turn|32
|chat|AssaultVestTanglea|DIE
|chat|Brandonna|eyyyy no coolio
|
|switch|p1a: Victini|Victini|272\/341
|move|p2a: Turret|Sludge Bomb|p1a: Victini
|-damage|p1a: Victini|166\/341
|
|-weather|Hail|[upkeep]
|-damage|p1a: Victini|145\/341|[from] hail
|-damage|p2a: Turret|261\/370|[from] hail
|turn|33
|chat|Brandonna|WHY DONTR YOU DIE
|chat|AssaultVestTanglea|Projectiles
|
|move|p1a: Victini|U-turn|p2a: Turret
|-crit|p2a: Turret
|-supereffective|p2a: Turret
|-damage|p2a: Turret|0 fnt
|faint|p2a: Turret
|chat|Brandonna|smack turn
|
|switch|p1a: Sawk|Sawk, M, shiny|180\/292
|
|-weather|none
|
|switch|p2a: Navy|Flygon, F|301\/301
|turn|34
|chat|AssaultVestTanglea|Hehehe
|chat|Brandonna|you know if its victini vs houndoom i think you win again D:
|chat|Brandonna|this is really intense btw
|chat|AssaultVestTanglea|:P
|chat|AssaultVestTanglea|Yeah
|
|move|p2a: Navy|Earthquake|p1a: Sawk
|-damage|p1a: Sawk|2\/292
|move|p1a: Sawk|Close Combat|p2a: Navy
|-damage|p2a: Navy|10\/301
|-unboost|p1a: Sawk|def|1
|-unboost|p1a: Sawk|spd|1
|
|turn|35
|chat|AssaultVestTanglea|LOL
|chat|Brandonna|DUDE
|chat|Brandonna|SAWK THE GOD
|chat|Brandonna|2 HP \/ 292
|chat|Brandonna|TOO GOOD FOR NU 
|
|switch|p1a: Abomasnow|Abomasnow, M, shiny|110\/321 tox
|-formechange|p1a: Abomasnow|Abomasnow-Mega
|-weather|Hail
|move|p2a: Navy|Earthquake|p1a: Abomasnow
|-crit|p1a: Abomasnow
|-resisted|p1a: Abomasnow
|-damage|p1a: Abomasnow|0 fnt
|faint|p1a: Abomasnow
|
|-weather|Hail|[upkeep]
|-damage|p2a: Navy|0 fnt|[from] hail
|faint|p2a: Navy
|chat|AssaultVestTanglea|RU PLEASE
|chat|Brandonna|LOL
|chat|AssaultVestTanglea|CRIT
|chat|AssaultVestTanglea|FOEJIFEIJEGIOGEJ
|
|switch|p1a: Victini|Victini|145\/341
|switch|p2a: Guarddog|Houndoom, F|262\/291
|turn|36
|
|move|p2a: Guarddog|Sucker Punch|p1a: Victini
|-fail|p1a: Victini
|move|p1a: Victini|Trick|p2a: Guarddog
|-activate|p1a: Victini|move: Trick|[of] p2a: Guarddog
|-item|p2a: Guarddog|Choice Scarf|[from] move: Trick
|-item|p1a: Victini|Life Orb|[from] move: Trick
|
|-weather|Hail|[upkeep]
|-damage|p2a: Guarddog|244\/291|[from] hail
|-damage|p1a: Victini|124\/341|[from] hail
|turn|37
|chat|Brandonna|gg you win this time friend
|chat|AssaultVestTanglea|Fuck
|chat|AssaultVestTanglea|Trick
|chat|Brandonna|scarf dark pulse though
|
|move|p2a: Guarddog|Pursuit|p1a: Victini
|-supereffective|p1a: Victini
|-damage|p1a: Victini|28\/341
|move|p1a: Victini|Bolt Strike|p2a: Guarddog
|-damage|p2a: Guarddog|0 fnt
|-damage|p1a: Victini|0 fnt|[from] item: Life Orb
|faint|p2a: Guarddog
|faint|p1a: Victini
|
|-weather|Hail|[upkeep]
|chat|AssaultVestTanglea|LOL
|chat|AssaultVestTanglea|Tie?
|chat|Brandonna|okkk
|chat|Brandonna|i die to hail
|
|switch|p1a: Sawk|Sawk, M, shiny|2\/292
|switch|p2a: Marines|Milotic, M|267\/394
|turn|38
|chat|Brandonna|THE GOD
|chat|Brandonna|CLOSE CLOMBAT
|
|move|p1a: Sawk|Close Combat|p2a: Marines
|-damage|p2a: Marines|75\/394
|-unboost|p1a: Sawk|def|1
|-unboost|p1a: Sawk|spd|1
|move|p2a: Marines|Recover|p2a: Marines
|-heal|p2a: Marines|272\/394
|
|-weather|Hail|[upkeep]
|-damage|p1a: Sawk|0 fnt|[from] hail
|-damage|p2a: Marines|248\/394|[from] hail
|faint|p1a: Sawk
|
|win|AssaultVestTanglea
|raw|Ladder updating...
|raw|Brandonna's rating: 1207 &rarr; <strong>1183<\/strong><br \/>(-24 for losing)
|raw|AssaultVestTanglea's rating: 1214 &rarr; <strong>1238<\/strong><br \/>(+24 for winning)
|chat|AssaultVestTanglea|Nah
|chat|Brandonna|DANG
|chat|Brandonna|if i get a crit it would have been hilarious lol
|chat|AssaultVestTanglea|The bulk is real
|chat|Brandonna|gg wp :)
|chat|AssaultVestTanglea|Lol
|chat|AssaultVestTanglea|gg xD
|chat|AssaultVestTanglea|I laughed my ass off
|chat|Brandonna|cya
|chat|Brandonna|same here lkol
|chat|AssaultVestTanglea|in this battle
|chat|Brandonna|sawk survivng... eq crit back :P
|chat|AssaultVestTanglea|Pleasure to battle you xD
|chat|AssaultVestTanglea|Yeah
|chat|AssaultVestTanglea|That earthquake
|chat|AssaultVestTanglea|:(
|chat|AssaultVestTanglea|Sorry
|chat|AssaultVestTanglea|;-;