|join|Jomei
|join|Brandonna
|player|p1|Jomei|62
|player|p2|Brandonna|170
|gametype|singles
|gen|6
|tier|UU
|rated
|rule|Sleep Clause Mod: Limit one foe put to sleep
|rule|Species Clause: Limit one of each PokÃ©mon
|rule|OHKO Clause: OHKO moves are banned
|rule|Moody Clause: Moody is banned
|rule|Evasion Moves Clause: Evasion moves are banned
|rule|Endless Battle Clause: Forcing endless battles is banned
|rule|HP Percentage Mod: HP is shown in percentages
|clearpoke
|poke|p1|Swampert, M
|poke|p1|Reuniclus, M
|poke|p1|Tornadus, M
|poke|p1|Krookodile, M
|poke|p1|Porygon-Z
|poke|p1|Kingdra, F
|poke|p2|Beedrill, F
|poke|p2|Tornadus, M
|poke|p2|Forretress, M
|poke|p2|Chandelure, F
|poke|p2|Rhyperior, F
|poke|p2|Aromatisse, M
|rule|Swagger Clause: Swagger is banned
|rule|Baton Pass Clause: Limit one PokÃ©mon knowing Baton Pass
|teampreview
|
|start
|switch|p1a: Keitai|Porygon-Z|311\/311
|switch|p2a: Chandelure|Chandelure, F|324\/324
|turn|1
|
|switch|p2a: Aromatisse|Aromatisse, M|406\/406
|move|p1a: Keitai|Dark Pulse|p2a: Aromatisse
|-resisted|p2a: Aromatisse
|-damage|p2a: Aromatisse|340\/406
|
|-heal|p2a: Aromatisse|365\/406|[from] item: Leftovers
|turn|2
|
|switch|p1a: Puddi|Reuniclus, M|424\/424
|switch|p2a: Chandelure|Chandelure, F|324\/324
|
|turn|3
|
|switch|p1a: Lupin|Krookodile, M|352\/352
|move|p2a: Chandelure|Shadow Ball|p1a: Lupin
|-resisted|p1a: Lupin
|-damage|p1a: Lupin|242\/352
|
|turn|4
|
|switch|p2a: Forretress|Forretress, M|354\/354
|move|p1a: Lupin|Knock Off|p2a: Forretress
|-damage|p2a: Forretress|276\/354
|-enditem|p2a: Forretress|Leftovers|[from] move: Knock Off|[of] p1a: Lupin
|
|turn|5
|
|switch|p1a: Swanson|Tornadus, M|299\/299
|move|p2a: Forretress|Toxic Spikes|p1a: Swanson
|-sidestart|p1: Jomei|move: Toxic Spikes
|
|turn|6
|
|move|p1a: Swanson|Rain Dance|p1a: Swanson
|-weather|RainDance
|move|p2a: Forretress|Volt Switch|p1a: Swanson
|-supereffective|p1a: Swanson
|-damage|p1a: Swanson|207\/299
|
|switch|p2a: Tornadus|Tornadus, M|300\/300
|
|-weather|RainDance|[upkeep]
|turn|7
|
|move|p2a: Tornadus|Acrobatics|p1a: Swanson
|-damage|p1a: Swanson|0 fnt
|faint|p1a: Swanson
|
|-weather|RainDance|[upkeep]
|
|switch|p1a: Ame|Kingdra, F|291\/291
|-status|p1a: Ame|psn
|turn|8
|
|switch|p2a: Aromatisse|Aromatisse, M|365\/406
|move|p1a: Ame|Waterfall|p2a: Aromatisse
|-damage|p2a: Aromatisse|30\/406
|-damage|p1a: Ame|262\/291 psn|[from] item: Life Orb
|
|-weather|RainDance|[upkeep]
|-heal|p2a: Aromatisse|55\/406|[from] item: Leftovers
|-damage|p1a: Ame|226\/291 psn|[from] psn
|turn|9
|
|move|p2a: Aromatisse|Protect|p2a: Aromatisse
|-singleturn|p2a: Aromatisse|Protect
|move|p1a: Ame|Waterfall|p2a: Aromatisse
|-activate|p2a: Aromatisse|Protect
|
|-weather|RainDance|[upkeep]
|-heal|p2a: Aromatisse|80\/406|[from] item: Leftovers
|-damage|p1a: Ame|190\/291 psn|[from] psn
|turn|10
|
|switch|p2a: Forretress|Forretress, M|276\/354
|move|p1a: Ame|Hydro Pump|p2a: Forretress|[miss]
|-miss|p1a: Ame|p2a: Forretress
|
|-weather|RainDance|[upkeep]
|-damage|p1a: Ame|154\/291 psn|[from] psn
|turn|11
|
|move|p1a: Ame|Hydro Pump|p2a: Forretress|[miss]
|-miss|p1a: Ame|p2a: Forretress
|move|p2a: Forretress|Volt Switch|p1a: Ame
|-damage|p1a: Ame|112\/291 psn
|
|switch|p2a: Aromatisse|Aromatisse, M|80\/406
|
|-weather|RainDance|[upkeep]
|-heal|p2a: Aromatisse|105\/406|[from] item: Leftovers
|-damage|p1a: Ame|76\/291 psn|[from] psn
|turn|12
|c|âJomei|well fuck me
|c|âBrandonna|:\/
|
|switch|p1a: Keitai|Porygon-Z|311\/311
|-status|p1a: Keitai|psn
|move|p2a: Aromatisse|Protect|p2a: Aromatisse
|-fail|p2a: Aromatisse
|
|-weather|RainDance|[upkeep]
|-heal|p2a: Aromatisse|130\/406|[from] item: Leftovers
|-damage|p1a: Keitai|273\/311 psn|[from] psn
|turn|13
|
|move|p2a: Aromatisse|Protect|p2a: Aromatisse
|-singleturn|p2a: Aromatisse|Protect
|move|p1a: Keitai|Trick|p2a: Aromatisse
|-activate|p2a: Aromatisse|Protect
|
|-weather|none
|-heal|p2a: Aromatisse|155\/406|[from] item: Leftovers
|-damage|p1a: Keitai|235\/311 psn|[from] psn
|turn|14
|
|switch|p1a: Puddi|Reuniclus, M|424\/424
|-status|p1a: Puddi|psn
|switch|p2a: Beedrill|Beedrill, F|272\/272
|
|turn|15
|
|switch|p1a: Ame|Kingdra, F|76\/291 psn
|detailschange|p2a: Beedrill|Beedrill-Mega, F
|message|Beedrill has Mega Evolved into Mega Beedrill!
|move|p2a: Beedrill|U-turn|p1a: Ame
|-damage|p1a: Ame|0 fnt
|faint|p1a: Ame
|
|switch|p2a: Chandelure|Chandelure, F|324\/324
|
|
|switch|p1a: Lupin|Krookodile, M|242\/352
|-status|p1a: Lupin|psn
|turn|16
|
|switch|p1a: Puddi|Reuniclus, M|424\/424 psn
|switch|p2a: Forretress|Forretress, M|276\/354
|
|turn|17
|
|move|p2a: Forretress|Volt Switch|p1a: Puddi
|-damage|p1a: Puddi|384\/424 psn
|
|switch|p2a: Aromatisse|Aromatisse, M|155\/406
|move|p1a: Puddi|Trick Room|p1a: Puddi
|-fieldstart|move: Trick Room|[of] p1a: Puddi
|
|-heal|p2a: Aromatisse|180\/406|[from] item: Leftovers
|turn|18
|
|move|p2a: Aromatisse|Protect|p2a: Aromatisse
|-singleturn|p2a: Aromatisse|Protect
|move|p1a: Puddi|Psyshock|p2a: Aromatisse
|-activate|p2a: Aromatisse|Protect
|
|-heal|p2a: Aromatisse|205\/406|[from] item: Leftovers
|turn|19
|
|move|p1a: Puddi|Psyshock|p2a: Aromatisse
|-damage|p2a: Aromatisse|0 fnt
|faint|p2a: Aromatisse
|
|
|switch|p2a: Rhyperior|Rhyperior, F|434\/434
|turn|20
|
|move|p1a: Puddi|Focus Blast|p2a: Rhyperior
|-supereffective|p2a: Rhyperior
|-damage|p2a: Rhyperior|0 fnt
|faint|p2a: Rhyperior
|
|
|switch|p2a: Forretress|Forretress, M|276\/354
|turn|21
|
|move|p1a: Puddi|Shadow Ball|p2a: Forretress
|-crit|p2a: Forretress
|-damage|p2a: Forretress|0 fnt
|faint|p2a: Forretress
|
|-fieldend|move: Trick Room
|
|switch|p2a: Beedrill|Beedrill-Mega, F|272\/272
|turn|22
|
|switch|p1a: Keitai|Porygon-Z|235\/311 psn
|move|p2a: Beedrill|U-turn|p1a: Keitai
|-damage|p1a: Keitai|0 fnt
|faint|p1a: Keitai
|
|switch|p2a: Tornadus|Tornadus, M|300\/300
|
|
|switch|p1a: Lupin|Krookodile, M|242\/352 psn
|turn|23
|
|move|p1a: Lupin|Stone Edge|p2a: Tornadus
|-supereffective|p2a: Tornadus
|-damage|p2a: Tornadus|24\/300
|move|p2a: Tornadus|Superpower|p1a: Lupin
|-supereffective|p1a: Lupin
|-damage|p1a: Lupin|0 fnt
|-unboost|p2a: Tornadus|atk|1
|-unboost|p2a: Tornadus|def|1
|faint|p1a: Lupin
|
|
|switch|p1a: Puddi|Reuniclus, M|384\/424 psn
|turn|24
|
|move|p2a: Tornadus|Acrobatics|p1a: Puddi
|-damage|p1a: Puddi|225\/424 psn
|move|p1a: Puddi|Trick Room|p1a: Puddi
|-fieldstart|move: Trick Room|[of] p1a: Puddi
|
|turn|25
|
|move|p1a: Puddi|Psyshock|p2a: Tornadus
|-crit|p2a: Tornadus
|-damage|p2a: Tornadus|0 fnt
|faint|p2a: Tornadus
|
|
|switch|p2a: Beedrill|Beedrill-Mega, F|272\/272
|turn|26
|c|âBrandonna|i let you win cuz i pitied you :D
|
|move|p1a: Puddi|Psyshock|p2a: Beedrill
|-supereffective|p2a: Beedrill
|-damage|p2a: Beedrill|0 fnt
|faint|p2a: Beedrill
|
|leave|Brandonna
|player|p2
|-message|brandonna lost due to inactivity.
|
|win|Jomei
|raw|Ladder updating...
|raw|Jomei's rating: 1454 &rarr; <strong>1469<\/strong><br \/>(+15 for winning)
|raw|Brandonna's rating: 1361 &rarr; <strong>1347<\/strong><br \/>(-14 for losing)