|join|Brandonna
|join|SpecsPrimeape
|player|p1|Brandonna|170
|player|p2|SpecsPrimeape|286
|gametype|singles
|gen|6
|tier|UU
|rated
|rule|Sleep Clause Mod: Limit one foe put to sleep
|rule|Species Clause: Limit one of each PokÃ©mon
|rule|OHKO Clause: OHKO moves are banned
|rule|Moody Clause: Moody is banned
|rule|Evasion Moves Clause: Evasion moves are banned
|rule|Endless Battle Clause: Forcing endless battles is banned
|rule|HP Percentage Mod: HP is reported as percentages
|clearpoke
|poke|p1|Chandelure, F
|poke|p1|Porygon-Z
|poke|p1|Hippowdon, M
|poke|p1|Starmie
|poke|p1|Victini
|poke|p1|Heracross, M
|poke|p2|Infernape, M
|poke|p2|Alakazam, F
|poke|p2|Blissey, F
|poke|p2|Haxorus, M, shiny
|poke|p2|Vullaby, F
|poke|p2|Banette, M, shiny
|rule|Swagger Clause: Swagger is banned
|rule|Baton Pass Clause: Limit one PokÃ©mon knowing Baton Pass
|teampreview
|
|start
|switch|p1a: Hippowdon|Hippowdon, M|420\/420
|switch|p2a: Vullaby|Vullaby, F|344\/344
|-weather|Sandstorm
|turn|1
|
|move|p2a: Vullaby|Toxic|p1a: Hippowdon
|-status|p1a: Hippowdon|tox
|move|p1a: Hippowdon|Toxic|p2a: Vullaby
|-status|p2a: Vullaby|tox
|
|-weather|Sandstorm|[upkeep]
|-damage|p2a: Vullaby|323\/344 tox|[from] psn
|-damage|p1a: Hippowdon|394\/420 tox|[from] psn
|turn|2
|
|move|p2a: Vullaby|Foul Play|p1a: Hippowdon
|-damage|p1a: Hippowdon|309\/420 tox
|move|p1a: Hippowdon|Stealth Rock|p2a: Vullaby
|-sidestart|p2: SpecsPrimeape|move: Stealth Rock
|
|-weather|Sandstorm|[upkeep]
|-heal|p1a: Hippowdon|335\/420 tox|[from] item: Leftovers
|-damage|p2a: Vullaby|281\/344 tox|[from] psn
|-damage|p1a: Hippowdon|283\/420 tox|[from] psn
|turn|3
|
|switch|p1a: Victini|Victini|341\/341
|move|p2a: Vullaby|Defog|p1a: Victini
|-unboost|p1a: Victini|evasion|1
|-sideend|p2: SpecsPrimeape|Stealth Rock|[from] move: Defog|[of] p2a: Vullaby
|
|-weather|Sandstorm|[upkeep]
|-damage|p1a: Victini|320\/341|[from] sandstorm
|-damage|p2a: Vullaby|218\/344 tox|[from] psn
|turn|4
|
|switch|p2a: Infernape|Infernape, M|293\/293
|move|p1a: Victini|V-create|p2a: Infernape
|-crit|p2a: Infernape
|-resisted|p2a: Infernape
|-enditem|p2a: Infernape|Focus Sash
|-damage|p2a: Infernape|1\/293
|-unboost|p1a: Victini|def|1
|-unboost|p1a: Victini|spd|1
|-unboost|p1a: Victini|spe|1
|
|-weather|Sandstorm|[upkeep]
|-damage|p2a: Infernape|0 fnt|[from] sandstorm
|-damage|p1a: Victini|299\/341|[from] sandstorm
|faint|p2a: Infernape
|
|switch|p2a: Haxorus|Haxorus, M, shiny|302\/302
|-ability|p2a: Haxorus|Mold Breaker
|turn|5
|
|switch|p1a: Hippowdon|Hippowdon, M|283\/420 tox
|move|p2a: Haxorus|Dragon Claw|p1a: Hippowdon
|-damage|p1a: Hippowdon|169\/420 tox
|
|-weather|none
|-heal|p1a: Hippowdon|195\/420 tox|[from] item: Leftovers
|-damage|p1a: Hippowdon|169\/420 tox|[from] psn
|turn|6
|
|switch|p2a: Blissey|Blissey, F|666\/666
|move|p1a: Hippowdon|Whirlwind|p2a: Blissey
|drag|p2a: Banette|Banette, M, shiny|330\/330
|-item|p1a: Hippowdon|Leftovers|[from] ability: Frisk|[of] p2a: Banette|[identify]
|
|-heal|p1a: Hippowdon|195\/420 tox|[from] item: Leftovers
|-damage|p1a: Hippowdon|143\/420 tox|[from] psn
|turn|7
|
|detailschange|p2a: Banette|Banette-Mega, M, shiny
|message|Banette has Mega Evolved into Mega Banette!
|move|p2a: Banette|Shadow Claw|p1a: Hippowdon
|-damage|p1a: Hippowdon|34\/420 tox
|move|p1a: Hippowdon|Stealth Rock|p2a: Banette
|-sidestart|p2: SpecsPrimeape|move: Stealth Rock
|
|-heal|p1a: Hippowdon|60\/420 tox|[from] item: Leftovers
|-damage|p1a: Hippowdon|0 fnt|[from] psn
|faint|p1a: Hippowdon
|
|switch|p1a: Chandelure|Chandelure, F|261\/261
|turn|8
|
|move|p2a: Banette|Sucker Punch|p1a: Chandelure
|-supereffective|p1a: Chandelure
|-damage|p1a: Chandelure|0 fnt
|faint|p1a: Chandelure
|
|
|switch|p1a: Heracross|Heracross, M|302\/302
|turn|9
|
|move|p2a: Banette|Will-O-Wisp|p1a: Heracross
|-status|p1a: Heracross|brn
|move|p1a: Heracross|Knock Off|p2a: Banette
|-supereffective|p2a: Banette
|-damage|p2a: Banette|34\/330
|
|-damage|p1a: Heracross|265\/302 brn|[from] brn
|turn|10
|
|move|p2a: Banette|Destiny Bond|p2a: Banette
|-singlemove|p2a: Banette|Destiny Bond
|move|p1a: Heracross|Knock Off|p2a: Banette
|-supereffective|p2a: Banette
|-damage|p2a: Banette|0 fnt
|faint|p2a: Banette
|-activate|p2a: Banette|Destiny Bond
|faint|p1a: Heracross
|
|
|switch|p1a: Victini|Victini|299\/341
|switch|p2a: Blissey|Blissey, F|666\/666
|-damage|p2a: Blissey|583\/666|[from] Stealth Rock
|turn|11
|
|move|p1a: Victini|U-turn|p2a: Blissey
|-damage|p2a: Blissey|392\/666
|
|switch|p1a: Porygon-Z|Porygon-Z|312\/312
|move|p2a: Blissey|Thunder Wave|p1a: Porygon-Z
|-status|p1a: Porygon-Z|par
|
|-heal|p2a: Blissey|433\/666|[from] item: Leftovers
|turn|12
|
|move|p2a: Blissey|Heal Bell|p2a: Blissey
|-cureteam|p2a: Blissey|[from] move: HealBell
|move|p1a: Porygon-Z|Agility|p1a: Porygon-Z
|-boost|p1a: Porygon-Z|spe|2
|
|-heal|p2a: Blissey|474\/666|[from] item: Leftovers
|turn|13
|
|move|p2a: Blissey|Seismic Toss|p1a: Porygon-Z
|-damage|p1a: Porygon-Z|212\/312 par
|move|p1a: Porygon-Z|Agility|p1a: Porygon-Z
|-boost|p1a: Porygon-Z|spe|2
|
|-heal|p2a: Blissey|515\/666|[from] item: Leftovers
|turn|14
|
|move|p1a: Porygon-Z|Psyshock|p2a: Blissey
|-damage|p2a: Blissey|258\/666
|-damage|p1a: Porygon-Z|181\/312 par|[from] item: Life Orb
|move|p2a: Blissey|Seismic Toss|p1a: Porygon-Z
|-damage|p1a: Porygon-Z|81\/312 par
|
|-heal|p2a: Blissey|299\/666|[from] item: Leftovers
|turn|15
|
|move|p1a: Porygon-Z|Tri Attack|p2a: Blissey
|-damage|p2a: Blissey|117\/666
|-status|p2a: Blissey|brn
|-damage|p1a: Porygon-Z|50\/312 par|[from] item: Life Orb
|move|p2a: Blissey|Soft-Boiled|p2a: Blissey
|-heal|p2a: Blissey|450\/666 brn
|
|-heal|p2a: Blissey|491\/666 brn|[from] item: Leftovers
|-damage|p2a: Blissey|408\/666 brn|[from] brn
|turn|16
|
|switch|p1a: Victini|Victini|299\/341
|move|p2a: Blissey|Soft-Boiled|p2a: Blissey
|-heal|p2a: Blissey|666\/666 brn
|
|-damage|p2a: Blissey|583\/666 brn|[from] brn
|turn|17
|
|move|p1a: Victini|V-create|p2a: Blissey
|-damage|p2a: Blissey|0 fnt
|-unboost|p1a: Victini|def|1
|-unboost|p1a: Victini|spd|1
|-unboost|p1a: Victini|spe|1
|faint|p2a: Blissey
|
|
|switch|p2a: Haxorus|Haxorus, M, shiny|302\/302
|-damage|p2a: Haxorus|265\/302|[from] Stealth Rock
|-ability|p2a: Haxorus|Mold Breaker
|turn|18
|
|move|p2a: Haxorus|Dragon Claw|p1a: Victini
|-damage|p1a: Victini|29\/341
|move|p1a: Victini|V-create|p2a: Haxorus
|-resisted|p2a: Haxorus
|-damage|p2a: Haxorus|58\/302
|-unboost|p1a: Victini|def|1
|-unboost|p1a: Victini|spd|1
|-unboost|p1a: Victini|spe|1
|
|turn|19
|
|switch|p1a: Porygon-Z|Porygon-Z|50\/312 par
|move|p2a: Haxorus|Dragon Claw|p1a: Porygon-Z
|-damage|p1a: Porygon-Z|0 fnt
|faint|p1a: Porygon-Z
|
|
|switch|p1a: Starmie|Starmie|324\/324
|turn|20
|
|move|p2a: Haxorus|Dragon Claw|p1a: Starmie
|-damage|p1a: Starmie|120\/324
|move|p1a: Starmie|Ice Beam|p2a: Haxorus
|-supereffective|p2a: Haxorus
|-damage|p2a: Haxorus|0 fnt
|faint|p2a: Haxorus
|
|-heal|p1a: Starmie|140\/324|[from] item: Leftovers
|
|switch|p2a: Alakazam|Alakazam, F|252\/252
|turn|21
|
|move|p2a: Alakazam|Energy Ball|p1a: Starmie
|-supereffective|p1a: Starmie
|-damage|p1a: Starmie|0 fnt
|faint|p1a: Starmie
|
|
|switch|p1a: Victini|Victini|29\/341
|turn|22
|
|move|p2a: Alakazam|Psyshock|p1a: Victini
|-resisted|p1a: Victini
|-damage|p1a: Victini|0 fnt
|faint|p1a: Victini
|
|win|SpecsPrimeape
|raw|Ladder updating...
|raw|Brandonna's rating: 1451 &rarr; <strong>1424<\/strong><br \/>(-27 for losing)
|raw|SpecsPrimeape's rating: 1329 &rarr; <strong>1357<\/strong><br \/>(+28 for winning)
|leave|Brandonna
|player|p1