|join|Brandonna
|join|geminpala
|player|p1|Brandonna|2
|player|p2|geminpala|265
|gametype|singles
|gen|6
|tier|UU
|rated
|clearpoke
|poke|p1|Sawk, M, shiny
|poke|p1|Victini
|poke|p1|Abomasnow, M, shiny
|poke|p1|Swampert, F, shiny
|poke|p1|Crobat, F, shiny
|poke|p1|Jirachi, shiny
|poke|p2|Starmie
|poke|p2|Abomasnow, F
|poke|p2|Electivire, F
|poke|p2|Gligar, F, shiny
|poke|p2|Darmanitan, F
|poke|p2|Miltank, F
|rule|Sleep Clause Mod: Limit one foe put to sleep
|rule|Species Clause: Limit one of each Pokemon
|rule|OHKO Clause: OHKO moves are banned
|rule|Moody Clause: Moody is banned
|rule|Evasion Moves Clause: Evasion moves are banned
|rule|Endless Battle Clause: Forcing endless battles is banned.
|rule|HP Percentage Mod: HP is reported as percentages
|teampreview
|
|start
|switch|p1a: Sock|Sawk, M, shiny|292\/292
|switch|p2a: Gligar|Gligar, F, shiny|334\/334
|turn|1
|
|move|p1a: Sock|Knock Off|p2a: Gligar
|-damage|p2a: Gligar|273\/334
|-enditem|p2a: Gligar|Eviolite|[from] move: Knock Off|[of] p1a: Sock
|move|p2a: Gligar|Stealth Rock|p1a: Sock
|-sidestart|p1: Brandonna|move: Stealth Rock
|
|turn|2
|
|switch|p1a: FlyingRat|Crobat, F, shiny|374\/374
|-damage|p1a: FlyingRat|281\/374|[from] Stealth Rock
|move|p2a: Gligar|Earthquake|p1a: FlyingRat
|-immune|p1a: FlyingRat|[msg]
|
|-heal|p1a: FlyingRat|304\/374|[from] item: Black Sludge
|turn|3
|
|switch|p2a: Darmanitan|Darmanitan, F|351\/351
|move|p1a: FlyingRat|Defog|p2a: Darmanitan
|-unboost|p2a: Darmanitan|evasion|1
|-sideend|p1: Brandonna|Stealth Rock|[from] move: Defog|[of] p1a: FlyingRat
|
|-heal|p1a: FlyingRat|327\/374|[from] item: Black Sludge
|turn|4
|
|move|p2a: Darmanitan|Flare Blitz|p1a: FlyingRat
|-damage|p1a: FlyingRat|0 fnt
|-damage|p2a: Darmanitan|243\/351|[from] recoil|[of] p1a: FlyingRat
|faint|p1a: FlyingRat
|
|
|switch|p1a: MudPounder|Swampert, F, shiny|401\/401
|turn|5
|
|-singleturn|p1a: MudPounder|move: Focus Punch
|switch|p2a: Abomasnow|Abomasnow, F|350\/350
|-weather|Hail
|move|p1a: MudPounder|Focus Punch|p2a: Abomasnow
|-supereffective|p2a: Abomasnow
|-damage|p2a: Abomasnow|0 fnt
|faint|p2a: Abomasnow
|
|-weather|Hail|[upkeep]
|-damage|p1a: MudPounder|376\/401|[from] hail
|
|switch|p2a: Starmie|Starmie|323\/323
|turn|6
|
|switch|p1a: Frosty|Abomasnow, M, shiny|321\/321
|move|p2a: Starmie|Scald|p1a: Frosty
|-resisted|p1a: Frosty
|-damage|p1a: Frosty|267\/321
|
|-weather|Hail|[upkeep]
|-damage|p2a: Starmie|303\/323|[from] hail
|-heal|p2a: Starmie|323\/323|[from] item: Leftovers
|turn|7
|
|switch|p2a: Miltank|Miltank, F|394\/394
|-formechange|p1a: Frosty|Abomasnow-Mega
|message|Abomasnow has Mega Evolved into Mega Abomasnow!
|move|p1a: Frosty|Earthquake|p2a: Miltank
|-damage|p2a: Miltank|264\/394
|
|-weather|Hail|[upkeep]
|-damage|p2a: Miltank|240\/394|[from] hail
|-heal|p2a: Miltank|264\/394|[from] item: Leftovers
|turn|8
|
|switch|p1a: FLINCHINATOR|Jirachi, shiny|342\/342
|move|p2a: Miltank|Body Slam|p1a: FLINCHINATOR
|-resisted|p1a: FLINCHINATOR
|-damage|p1a: FLINCHINATOR|303\/342
|-status|p1a: FLINCHINATOR|par
|
|-weather|Hail|[upkeep]
|-damage|p2a: Miltank|240\/394|[from] hail
|-damage|p1a: FLINCHINATOR|282\/342 par|[from] hail
|-heal|p2a: Miltank|264\/394|[from] item: Leftovers
|-heal|p1a: FLINCHINATOR|303\/342 par|[from] item: Leftovers
|turn|9
|
|switch|p2a: Electivire|Electivire, F|291\/291
|move|p1a: FLINCHINATOR|Psychic|p2a: Electivire
|-damage|p2a: Electivire|131\/291
|
|-weather|none
|-heal|p1a: FLINCHINATOR|324\/342 par|[from] item: Leftovers
|turn|10
|
|move|p2a: Electivire|Earthquake|p1a: FLINCHINATOR
|-supereffective|p1a: FLINCHINATOR
|-damage|p1a: FLINCHINATOR|9\/342 par
|-damage|p2a: Electivire|102\/291|[from] item: Life Orb
|move|p1a: FLINCHINATOR|Psychic|p2a: Electivire
|-damage|p2a: Electivire|0 fnt
|faint|p2a: Electivire
|
|-heal|p1a: FLINCHINATOR|30\/342 par|[from] item: Leftovers
|
|switch|p2a: Darmanitan|Darmanitan, F|243\/351
|turn|11
|
|switch|p1a: Card|Victini|341\/341
|move|p2a: Darmanitan|U-turn|p1a: Card
|-damage|p1a: Card|251\/341
|
|switch|p2a: Gligar|Gligar, F, shiny|273\/334
|
|turn|12
|
|move|p1a: Card|V-create|p2a: Gligar
|-damage|p2a: Gligar|87\/334
|-unboost|p1a: Card|def|1
|-unboost|p1a: Card|spd|1
|-unboost|p1a: Card|spe|1
|move|p2a: Gligar|Earthquake|p1a: Card
|-supereffective|p1a: Card
|-damage|p1a: Card|0 fnt
|faint|p1a: Card
|
|
|switch|p1a: Sock|Sawk, M, shiny|292\/292
|turn|13
|
|move|p1a: Sock|Stone Edge|p2a: Gligar
|-damage|p2a: Gligar|0 fnt
|faint|p2a: Gligar
|
|
|switch|p2a: Starmie|Starmie|323\/323
|turn|14
|
|move|p2a: Starmie|Psyshock|p1a: Sock
|-supereffective|p1a: Sock
|-damage|p1a: Sock|46\/292
|move|p1a: Sock|Knock Off|p2a: Starmie
|-supereffective|p2a: Starmie
|-damage|p2a: Starmie|71\/323
|-enditem|p2a: Starmie|Leftovers|[from] move: Knock Off|[of] p1a: Sock
|
|turn|15
|
|switch|p1a: Frosty|Abomasnow, M, shiny|267\/321
|-formechange|p1a: Frosty|Abomasnow-Mega
|-weather|Hail
|move|p2a: Starmie|Psyshock|p1a: Frosty
|-damage|p1a: Frosty|161\/321
|
|-weather|Hail|[upkeep]
|-damage|p2a: Starmie|51\/323|[from] hail
|turn|16
|
|switch|p2a: Miltank|Miltank, F|264\/394
|switch|p1a: Sock|Sawk, M, shiny|46\/292
|
|-weather|Hail|[upkeep]
|-damage|p1a: Sock|28\/292|[from] hail
|-damage|p2a: Miltank|240\/394|[from] hail
|-heal|p2a: Miltank|264\/394|[from] item: Leftovers
|turn|17
|
|move|p1a: Sock|Close Combat|p2a: Miltank
|-supereffective|p2a: Miltank
|-damage|p2a: Miltank|0 fnt
|-unboost|p1a: Sock|def|1
|-unboost|p1a: Sock|spd|1
|faint|p2a: Miltank
|
|-weather|Hail|[upkeep]
|-damage|p1a: Sock|10\/292|[from] hail
|
|switch|p2a: Starmie|Starmie|51\/323
|turn|18
|
|switch|p1a: Frosty|Abomasnow, M, shiny|161\/321
|-formechange|p1a: Frosty|Abomasnow-Mega
|move|p2a: Starmie|Psyshock|p1a: Frosty
|-damage|p1a: Frosty|59\/321
|
|-weather|Hail|[upkeep]
|-damage|p2a: Starmie|31\/323|[from] hail
|turn|19
|
|move|p2a: Starmie|Psyshock|p1a: Frosty
|-damage|p1a: Frosty|0 fnt
|faint|p1a: Frosty
|
|-weather|none
|chat|Brandonna|o-o i hit switch
|
|switch|p1a: MudPounder|Swampert, F, shiny|376\/401
|turn|20
|
|move|p2a: Starmie|Recover|p2a: Starmie
|-heal|p2a: Starmie|193\/323
|move|p1a: MudPounder|Earthquake|p2a: Starmie
|-damage|p2a: Starmie|0 fnt
|faint|p2a: Starmie
|
|chat|Brandonna|gg
|
|switch|p2a: Darmanitan|Darmanitan, F|243\/351
|turn|21
|
|move|p2a: Darmanitan|Flare Blitz|p1a: MudPounder
|-resisted|p1a: MudPounder
|-damage|p1a: MudPounder|216\/401
|-damage|p2a: Darmanitan|190\/351|[from] recoil|[of] p1a: MudPounder
|move|p1a: MudPounder|Earthquake|p2a: Darmanitan
|-supereffective|p2a: Darmanitan
|-damage|p2a: Darmanitan|0 fnt
|faint|p2a: Darmanitan
|
|win|Brandonna
|raw|Ladder updating...
|raw|Brandonna's rating: 1416 &rarr; <strong>1430<\/strong><br \/>(+14 for winning)
|raw|geminpala's rating: 1318 &rarr; <strong>1304<\/strong><br \/>(-14 for losing)
|leave|geminpala
|player|p2