|join|tmaster57
|join|Brandonna
|player|p1|tmaster57|2
|player|p2|Brandonna|170
|gametype|singles
|gen|6
|tier|UU
|rated
|rule|Sleep Clause Mod: Limit one foe put to sleep
|rule|Species Clause: Limit one of each PokÃ©mon
|rule|OHKO Clause: OHKO moves are banned
|rule|Moody Clause: Moody is banned
|rule|Evasion Moves Clause: Evasion moves are banned
|rule|Endless Battle Clause: Forcing endless battles is banned
|rule|HP Percentage Mod: HP is reported as percentages
|clearpoke
|poke|p1|Cinccino, F
|poke|p1|Arcanine, F, shiny
|poke|p1|Metagross
|poke|p1|Aerodactyl, M
|poke|p1|Snorlax, F
|poke|p1|Yanmega, F
|poke|p2|Chandelure, F
|poke|p2|Florges, F
|poke|p2|Hippowdon, F
|poke|p2|Blastoise, M
|poke|p2|Chesnaught, F
|poke|p2|Haxorus, M
|rule|Swagger Clause: Swagger is banned
|rule|Baton Pass Clause: Limit one PokÃ©mon knowing Baton Pass
|teampreview
|
|start
|switch|p1a: Aerodactyl|Aerodactyl, M|364\/364
|switch|p2a: Blastoise|Blastoise, M|362\/362
|turn|1
|
|detailschange|p1a: Aerodactyl|Aerodactyl-Mega, M
|message|Aerodactyl has Mega Evolved into Mega Aerodactyl!
|detailschange|p2a: Blastoise|Blastoise-Mega, M
|message|Blastoise has Mega Evolved into Mega Blastoise!
|move|p1a: Aerodactyl|Stealth Rock|p2a: Blastoise
|-sidestart|p2: Brandonna|move: Stealth Rock
|move|p2a: Blastoise|Scald|p1a: Aerodactyl
|-supereffective|p1a: Aerodactyl
|-damage|p1a: Aerodactyl|44\/364
|
|turn|2
|
|move|p1a: Aerodactyl|Aerial Ace|p2a: Blastoise
|-crit|p2a: Blastoise
|-damage|p2a: Blastoise|202\/362
|move|p2a: Blastoise|Rapid Spin|p1a: Aerodactyl
|-resisted|p1a: Aerodactyl
|-damage|p1a: Aerodactyl|35\/364
|-sideend|p2: Brandonna|Stealth Rock|[from] move: Rapid Spin|[of] p2a: Blastoise
|
|turn|3
|
|switch|p2a: Hippowdon|Hippowdon, F|420\/420
|-weather|Sandstorm
|move|p1a: Aerodactyl|Stealth Rock|p2a: Hippowdon
|-sidestart|p2: Brandonna|move: Stealth Rock
|
|-weather|Sandstorm|[upkeep]
|turn|4
|
|move|p1a: Aerodactyl|Roost|p1a: Aerodactyl
|-heal|p1a: Aerodactyl|217\/364
|move|p2a: Hippowdon|Stealth Rock|p1a: Aerodactyl
|-sidestart|p1: tmaster57|move: Stealth Rock
|
|-weather|Sandstorm|[upkeep]
|turn|5
|
|move|p1a: Aerodactyl|Roost|p1a: Aerodactyl
|-heal|p1a: Aerodactyl|364\/364
|move|p2a: Hippowdon|Whirlwind|p1a: Aerodactyl
|drag|p1a: Snorlax|Snorlax, F|482\/482
|-damage|p1a: Snorlax|422\/482|[from] Stealth Rock
|
|-weather|Sandstorm|[upkeep]
|-damage|p1a: Snorlax|392\/482|[from] sandstorm
|-heal|p1a: Snorlax|422\/482|[from] item: Leftovers
|turn|6
|
|move|p2a: Hippowdon|Whirlwind|p1a: Snorlax
|drag|p1a: Cinccino|Cinccino, F|291\/291
|-damage|p1a: Cinccino|255\/291|[from] Stealth Rock
|
|-weather|Sandstorm|[upkeep]
|-damage|p1a: Cinccino|237\/291|[from] sandstorm
|turn|7
|
|switch|p2a: Chesnaught|Chesnaught, F|380\/380
|-damage|p2a: Chesnaught|357\/380|[from] Stealth Rock
|move|p1a: Cinccino|Bullet Seed|p2a: Chesnaught
|-immune|p2a: Chesnaught|[msg]|[from] Bulletproof
|
|-weather|none
|-heal|p2a: Chesnaught|380\/380|[from] item: Leftovers
|turn|8
|
|switch|p1a: Arcanine|Arcanine, F, shiny|384\/384
|-damage|p1a: Arcanine|288\/384|[from] Stealth Rock
|-ability|p1a: Arcanine|Intimidate|[of] p2a: Chesnaught
|-unboost|p2a: Chesnaught|atk|1
|move|p2a: Chesnaught|Leech Seed|p1a: Arcanine
|-start|p1a: Arcanine|move: Leech Seed
|
|-heal|p1a: Arcanine|312\/384|[from] item: Leftovers
|-damage|p1a: Arcanine|264\/384|[from] Leech Seed|[of] p2a: Chesnaught
|turn|9
|
|switch|p1a: Aerodactyl|Aerodactyl-Mega, M|364\/364
|-damage|p1a: Aerodactyl|273\/364|[from] Stealth Rock
|move|p2a: Chesnaught|Spikes|p1a: Aerodactyl
|-sidestart|p1: tmaster57|Spikes
|
|turn|10
|
|move|p2a: Chesnaught|Spiky Shield|p2a: Chesnaught
|-singleturn|p2a: Chesnaught|move: Protect
|move|p1a: Aerodactyl|Defog|p2a: Chesnaught
|-activate|p2a: Chesnaught|move: Protect
|
|turn|11
|
|move|p1a: Aerodactyl|Defog|p2a: Chesnaught
|-unboost|p2a: Chesnaught|evasion|1
|-sideend|p2: Brandonna|Stealth Rock|[from] move: Defog|[of] p2a: Chesnaught
|-sideend|p1: tmaster57|Spikes|[from] move: Defog|[of] p1a: Aerodactyl
|-sideend|p1: tmaster57|Stealth Rock|[from] move: Defog|[of] p1a: Aerodactyl
|move|p2a: Chesnaught|Leech Seed|p1a: Aerodactyl
|-start|p1a: Aerodactyl|move: Leech Seed
|
|-damage|p1a: Aerodactyl|228\/364|[from] Leech Seed|[of] p2a: Chesnaught
|turn|12
|
|switch|p2a: Blastoise|Blastoise-Mega, M|202\/362
|move|p1a: Aerodactyl|Aerial Ace|p2a: Blastoise
|-damage|p2a: Blastoise|99\/362
|
|-damage|p1a: Aerodactyl|183\/364|[from] Leech Seed|[of] p2a: Blastoise
|-heal|p2a: Blastoise|144\/362|[silent]
|turn|13
|
|move|p1a: Aerodactyl|Stealth Rock|p2a: Blastoise
|-sidestart|p2: Brandonna|move: Stealth Rock
|move|p2a: Blastoise|Scald|p1a: Aerodactyl
|-supereffective|p1a: Aerodactyl
|-damage|p1a: Aerodactyl|0 fnt
|faint|p1a: Aerodactyl
|
|
|switch|p1a: Yanmega|Yanmega, F|314\/314
|turn|14
|
|switch|p2a: Florges|Florges, F|360\/360
|-damage|p2a: Florges|315\/360|[from] Stealth Rock
|move|p1a: Yanmega|Air Slash|p2a: Florges
|-damage|p2a: Florges|216\/360
|
|-heal|p2a: Florges|238\/360|[from] item: Leftovers
|-boost|p1a: Yanmega|spe|1|[from] ability: Speed Boost
|turn|15
|
|switch|p1a: Metagross|Metagross|364\/364
|move|p2a: Florges|Toxic|p1a: Metagross
|-fail|p1a: Metagross
|
|-heal|p2a: Florges|260\/360|[from] item: Leftovers
|turn|16
|
|switch|p2a: Hippowdon|Hippowdon, F|420\/420
|-damage|p2a: Hippowdon|394\/420|[from] Stealth Rock
|-weather|Sandstorm
|move|p1a: Metagross|Zen Headbutt|p2a: Hippowdon
|-damage|p2a: Hippowdon|291\/420
|
|-weather|Sandstorm|[upkeep]
|-heal|p2a: Hippowdon|317\/420|[from] item: Leftovers
|turn|17
|
|switch|p1a: Yanmega|Yanmega, F|314\/314
|move|p2a: Hippowdon|Stealth Rock|p1a: Yanmega
|-sidestart|p1: tmaster57|move: Stealth Rock
|
|-weather|Sandstorm|[upkeep]
|-damage|p1a: Yanmega|295\/314|[from] sandstorm
|-heal|p2a: Hippowdon|343\/420|[from] item: Leftovers
|turn|18
|
|switch|p2a: Florges|Florges, F|260\/360
|-damage|p2a: Florges|215\/360|[from] Stealth Rock
|move|p1a: Yanmega|Air Slash|p2a: Florges
|-damage|p2a: Florges|98\/360
|
|-weather|Sandstorm|[upkeep]
|-damage|p1a: Yanmega|276\/314|[from] sandstorm
|-damage|p2a: Florges|76\/360|[from] sandstorm
|-heal|p2a: Florges|98\/360|[from] item: Leftovers
|-boost|p1a: Yanmega|spe|1|[from] ability: Speed Boost
|turn|19
|
|move|p1a: Yanmega|Air Slash|p2a: Florges
|-damage|p2a: Florges|0 fnt
|faint|p2a: Florges
|
|-weather|Sandstorm|[upkeep]
|-damage|p1a: Yanmega|257\/314|[from] sandstorm
|-boost|p1a: Yanmega|spe|1|[from] ability: Speed Boost
|
|switch|p2a: Chandelure|Chandelure, F|269\/269
|-damage|p2a: Chandelure|202\/269|[from] Stealth Rock
|turn|20
|
|move|p1a: Yanmega|Air Slash|p2a: Chandelure
|-damage|p2a: Chandelure|0 fnt
|faint|p2a: Chandelure
|
|-weather|none
|-boost|p1a: Yanmega|spe|1|[from] ability: Speed Boost
|
|switch|p2a: Haxorus|Haxorus, M|302\/302
|-damage|p2a: Haxorus|265\/302|[from] Stealth Rock
|-ability|p2a: Haxorus|Mold Breaker
|turn|21
|
|move|p1a: Yanmega|Air Slash|p2a: Haxorus
|-damage|p2a: Haxorus|3\/302
|move|p2a: Haxorus|Poison Jab|p1a: Yanmega
|-damage|p1a: Yanmega|125\/314
|
|-boost|p1a: Yanmega|spe|1|[from] ability: Speed Boost
|turn|22
|
|move|p1a: Yanmega|Air Slash|p2a: Haxorus
|-damage|p2a: Haxorus|0 fnt
|faint|p2a: Haxorus
|
|-boost|p1a: Yanmega|spe|1|[from] ability: Speed Boost
|
|switch|p2a: Blastoise|Blastoise-Mega, M|144\/362
|-damage|p2a: Blastoise|99\/362|[from] Stealth Rock
|turn|23
|
|move|p1a: Yanmega|Air Slash|p2a: Blastoise
|-damage|p2a: Blastoise|0 fnt
|faint|p2a: Blastoise
|
|-boost|p1a: Yanmega|spe|1|[from] ability: Speed Boost
|chat|Brandonna|too strong
|
|switch|p2a: Chesnaught|Chesnaught, F|380\/380
|-damage|p2a: Chesnaught|357\/380|[from] Stealth Rock
|turn|24
|
|move|p1a: Yanmega|Air Slash|p2a: Chesnaught
|-supereffective|p2a: Chesnaught
|-damage|p2a: Chesnaught|0 fnt
|faint|p2a: Chesnaught
|
|
|switch|p2a: Hippowdon|Hippowdon, F|343\/420
|-damage|p2a: Hippowdon|317\/420|[from] Stealth Rock
|-weather|Sandstorm
|turn|25
|chat|tmaster57|yanmega OP
|
|move|p1a: Yanmega|Air Slash|p2a: Hippowdon
|-damage|p2a: Hippowdon|49\/420
|move|p2a: Hippowdon|Stealth Rock|p1a: Yanmega
|-fail|p1a: Yanmega
|
|-weather|Sandstorm|[upkeep]
|-damage|p1a: Yanmega|106\/314|[from] sandstorm
|-heal|p2a: Hippowdon|75\/420|[from] item: Leftovers
|turn|26
|
|move|p1a: Yanmega|Air Slash|p2a: Hippowdon
|-damage|p2a: Hippowdon|0 fnt
|faint|p2a: Hippowdon
|
|win|tmaster57
|raw|Ladder updating...
|raw|tmaster57's rating: 1473 &rarr; <strong>1498<\/strong><br \/>(+25 for winning)
|raw|Brandonna's rating: 1560 &rarr; <strong>1535<\/strong><br \/>(-25 for losing)
|chat|Brandonna|oh
|chat|Brandonna|i could have whirlwind
|chat|Brandonna|gg
|chat|tmaster57|gg
|leave|Brandonna
|player|p2