|join|Brandonna
|join|Karalynia
|player|p1|Brandonna|170
|player|p2|Karalynia|1
|gametype|singles
|gen|6
|tier|UU
|rated
|rule|Sleep Clause Mod: Limit one foe put to sleep
|rule|Species Clause: Limit one of each PokÃ©mon
|rule|OHKO Clause: OHKO moves are banned
|rule|Moody Clause: Moody is banned
|rule|Evasion Moves Clause: Evasion moves are banned
|rule|Endless Battle Clause: Forcing endless battles is banned
|rule|HP Percentage Mod: HP is reported as percentages
|clearpoke
|poke|p1|Chandelure, M
|poke|p1|Porygon-Z
|poke|p1|Hippowdon, M
|poke|p1|Blastoise, M
|poke|p1|Victini
|poke|p1|Heracross, F
|poke|p2|Raikou, shiny
|poke|p2|Snorlax, M
|poke|p2|Absol, M
|poke|p2|Yanmega, F, shiny
|poke|p2|Krookodile, M
|poke|p2|Mienshao, F
|rule|Swagger Clause: Swagger is banned
|rule|Baton Pass Clause: Limit one PokÃ©mon knowing Baton Pass
|teampreview
|
|start
|switch|p1a: Victini|Victini|341\/341
|switch|p2a: Absolve|Absol, M|271\/271
|turn|1
|
|detailschange|p2a: Absolve|Absol-Mega, M
|message|Absol has Mega Evolved into Mega Absol!
|move|p2a: Absolve|Sucker Punch|p1a: Victini
|-supereffective|p1a: Victini
|-damage|p1a: Victini|0 fnt
|faint|p1a: Victini
|
|
|switch|p1a: Heracross|Heracross, F|302\/302
|turn|2
|
|move|p1a: Heracross|Stone Edge|p2a: Absolve
|-damage|p2a: Absolve|82\/271
|move|p2a: Absolve|Flamethrower|p1a: Heracross
|-supereffective|p1a: Heracross
|-damage|p1a: Heracross|142\/302
|
|turn|3
|
|switch|p1a: Blastoise|Blastoise, M|362\/362
|move|p2a: Absolve|Sucker Punch|p1a: Blastoise
|-fail|p1a: Blastoise
|
|turn|4
|
|detailschange|p1a: Blastoise|Blastoise-Mega, M
|message|Blastoise has Mega Evolved into Mega Blastoise!
|move|p2a: Absolve|Night Slash|p1a: Blastoise
|-crit|p1a: Blastoise
|-damage|p1a: Blastoise|179\/362
|move|p1a: Blastoise|Scald|p2a: Absolve
|-damage|p2a: Absolve|0 fnt
|faint|p2a: Absolve
|
|
|switch|p2a: Dragonfly|Yanmega, F, shiny|314\/314
|turn|5
|
|move|p2a: Dragonfly|Giga Drain|p1a: Blastoise
|-supereffective|p1a: Blastoise
|-damage|p1a: Blastoise|0 fnt
|-damage|p2a: Dragonfly|283\/314|[from] item: Life Orb
|faint|p1a: Blastoise
|
|-boost|p2a: Dragonfly|spe|1|[from] ability: Speed Boost
|
|switch|p1a: Chandelure|Chandelure, M|261\/261
|turn|6
|
|move|p2a: Dragonfly|Air Slash|p1a: Chandelure
|-damage|p1a: Chandelure|65\/261
|-damage|p2a: Dragonfly|252\/314|[from] item: Life Orb
|move|p1a: Chandelure|Substitute|p1a: Chandelure
|-fail|p1a: Chandelure|move: Substitute|[weak]
|
|-heal|p1a: Chandelure|81\/261|[from] item: Leftovers
|-boost|p2a: Dragonfly|spe|1|[from] ability: Speed Boost
|turn|7
|
|move|p2a: Dragonfly|Air Slash|p1a: Chandelure
|-damage|p1a: Chandelure|0 fnt
|-damage|p2a: Dragonfly|221\/314|[from] item: Life Orb
|faint|p1a: Chandelure
|
|-boost|p2a: Dragonfly|spe|1|[from] ability: Speed Boost
|
|switch|p1a: Porygon-Z|Porygon-Z|312\/312
|turn|8
|
|move|p2a: Dragonfly|Air Slash|p1a: Porygon-Z
|-damage|p1a: Porygon-Z|73\/312
|-damage|p2a: Dragonfly|190\/314|[from] item: Life Orb
|move|p1a: Porygon-Z|Tri Attack|p2a: Dragonfly
|-damage|p2a: Dragonfly|0 fnt
|-damage|p1a: Porygon-Z|42\/312|[from] item: Life Orb
|faint|p2a: Dragonfly
|
|
|switch|p2a: Shai|Mienshao, F|271\/271
|turn|9
|
|switch|p1a: Hippowdon|Hippowdon, M|420\/420
|-weather|Sandstorm
|move|p2a: Shai|Knock Off|p1a: Hippowdon
|-damage|p1a: Hippowdon|349\/420
|-enditem|p1a: Hippowdon|Leftovers|[from] move: Knock Off|[of] p2a: Shai
|
|-weather|Sandstorm|[upkeep]
|-damage|p2a: Shai|255\/271|[from] sandstorm
|turn|10
|
|move|p2a: Shai|U-turn|p1a: Hippowdon
|-damage|p1a: Hippowdon|296\/420
|
|switch|p2a: Crocodile|Krookodile, M|331\/331
|move|p1a: Hippowdon|Stealth Rock|p2a: Crocodile
|-sidestart|p2: Karalynia|move: Stealth Rock
|
|-weather|Sandstorm|[upkeep]
|turn|11
|
|move|p2a: Crocodile|Earthquake|p1a: Hippowdon
|-damage|p1a: Hippowdon|187\/420
|move|p1a: Hippowdon|Slack Off|p1a: Hippowdon
|-heal|p1a: Hippowdon|397\/420
|
|-weather|Sandstorm|[upkeep]
|turn|12
|
|switch|p1a: Porygon-Z|Porygon-Z|42\/312
|move|p2a: Crocodile|Crunch|p1a: Porygon-Z
|-damage|p1a: Porygon-Z|0 fnt
|faint|p1a: Porygon-Z
|-boost|p2a: Crocodile|atk|1|[from] ability: Moxie
|
|-weather|Sandstorm|[upkeep]
|
|switch|p1a: Heracross|Heracross, F|142\/302
|turn|13
|-activate|p2a: Crocodile|item: Quick Claw
|
|move|p2a: Crocodile|Earthquake|p1a: Heracross
|-resisted|p1a: Heracross
|-damage|p1a: Heracross|0 fnt
|faint|p1a: Heracross
|-boost|p2a: Crocodile|atk|1|[from] ability: Moxie
|
|-weather|none
|chat|Brandonna|.
|chat|Brandonna|lol
|chat|Brandonna|cool item, ggwp man
|
|switch|p1a: Hippowdon|Hippowdon, M|397\/420
|-weather|Sandstorm
|turn|14
|chat|Karalynia|thax 
|-message|Brandonna forfeited.
|
|win|Karalynia
|raw|Ladder updating...
|chat|Karalynia|thanx
|raw|Brandonna's rating: 1444 &rarr; <strong>1417<\/strong><br \/>(-27 for losing)
|raw|Karalynia's rating: 1323 &rarr; <strong>1350<\/strong><br \/>(+27 for winning)
|leave|Karalynia
|player|p2