|join|Brandonna
|join|TidalForce
|player|p1|Brandonna|2
|player|p2|TidalForce|266
|gametype|singles
|gen|6
|tier|UU
|rated
|clearpoke
|poke|p1|Sawk, M, shiny
|poke|p1|Victini
|poke|p1|Abomasnow, M, shiny
|poke|p1|Swampert, F
|poke|p1|Crobat, M
|poke|p1|Jirachi
|poke|p2|Heracross, F
|poke|p2|Aerodactyl, F
|poke|p2|Victini
|poke|p2|Quagsire, M
|poke|p2|Amoonguss, F
|poke|p2|Flygon, M
|rule|Sleep Clause Mod: Limit one foe put to sleep
|rule|Species Clause: Limit one of each Pokemon
|rule|OHKO Clause: OHKO moves are banned
|rule|Moody Clause: Moody is banned
|rule|Evasion Moves Clause: Evasion moves are banned
|rule|Endless Battle Clause: Forcing endless battles is banned.
|rule|HP Percentage Mod: HP is reported as percentages
|teampreview
|join|Bigfilip 92
|
|start
|switch|p1a: Sawk|Sawk, M, shiny|292\/292
|switch|p2a: Aerodactyl|Aerodactyl, F|364\/364
|turn|1
|
|-formechange|p2a: Aerodactyl|Aerodactyl-Mega
|message|Aerodactyl has Mega Evolved into Mega Aerodactyl!
|move|p2a: Aerodactyl|Aerial Ace|p1a: Sawk
|-supereffective|p1a: Sawk
|-damage|p1a: Sawk|4\/292
|move|p1a: Sawk|Stone Edge|p2a: Aerodactyl
|-supereffective|p2a: Aerodactyl
|-damage|p2a: Aerodactyl|74\/364
|
|turn|2
|
|move|p2a: Aerodactyl|Aerial Ace|p1a: Sawk
|-supereffective|p1a: Sawk
|-damage|p1a: Sawk|0 fnt
|faint|p1a: Sawk
|
|
|switch|p1a: Abomasnow|Abomasnow, M, shiny|321\/321
|-weather|Hail
|turn|3
|chat|Bigfilip 92|aerial ace spamm
|
|switch|p2a: Victini|Victini|342\/342
|-formechange|p1a: Abomasnow|Abomasnow-Mega
|message|Abomasnow has Mega Evolved into Mega Abomasnow!
|move|p1a: Abomasnow|Ice Shard|p2a: Victini
|-resisted|p2a: Victini
|-damage|p2a: Victini|299\/342
|
|-weather|Hail|[upkeep]
|-damage|p2a: Victini|278\/342|[from] hail
|turn|4
|
|move|p2a: Victini|Fusion Flare|p1a: Abomasnow
|-supereffective|p1a: Abomasnow
|-damage|p1a: Abomasnow|0 fnt
|faint|p1a: Abomasnow
|
|-weather|Hail|[upkeep]
|-damage|p2a: Victini|257\/342|[from] hail
|
|switch|p1a: Jirachi|Jirachi|342\/342
|turn|5
|
|move|p2a: Victini|Fusion Flare|p1a: Jirachi
|-supereffective|p1a: Jirachi
|-damage|p1a: Jirachi|0 fnt
|faint|p1a: Jirachi
|
|-weather|Hail|[upkeep]
|-damage|p2a: Victini|236\/342|[from] hail
|
|switch|p1a: Victini|Victini|341\/341
|turn|6
|
|move|p1a: Victini|U-turn|p2a: Victini
|-damage|p2a: Victini|171\/342
|
|switch|p1a: Crobat|Crobat, M|374\/374
|move|p2a: Victini|Fusion Flare|p1a: Crobat
|-damage|p1a: Crobat|193\/374
|
|-weather|Hail|[upkeep]
|-damage|p2a: Victini|150\/342|[from] hail
|-damage|p1a: Crobat|170\/374|[from] hail
|-heal|p1a: Crobat|193\/374|[from] item: Black Sludge
|turn|7
|chat|Bigfilip 92|victini vs victini
|
|move|p2a: Victini|Fusion Flare|p1a: Crobat
|-damage|p1a: Crobat|15\/374
|move|p1a: Crobat|Roost|p1a: Crobat
|-heal|p1a: Crobat|202\/374
|
|-weather|none
|-heal|p1a: Crobat|225\/374|[from] item: Black Sludge
|turn|8
|
|move|p2a: Victini|Fusion Flare|p1a: Crobat
|-damage|p1a: Crobat|45\/374
|move|p1a: Crobat|Roost|p1a: Crobat
|-heal|p1a: Crobat|232\/374
|
|-heal|p1a: Crobat|255\/374|[from] item: Black Sludge
|turn|9
|
|switch|p2a: Flygon|Flygon, M|301\/301
|move|p1a: Crobat|Brave Bird|p2a: Flygon
|-damage|p2a: Flygon|153\/301
|-damage|p1a: Crobat|206\/374|[from] recoil|[of] p2a: Flygon
|
|-heal|p1a: Crobat|229\/374|[from] item: Black Sludge
|turn|10
|
|switch|p1a: Swampert|Swampert, F|401\/401
|move|p2a: Flygon|Outrage|p1a: Swampert
|-damage|p1a: Swampert|89\/401
|
|turn|11
|
|switch|p1a: Victini|Victini|341\/341
|move|p2a: Flygon|Outrage|p1a: Victini
|-damage|p1a: Victini|65\/341
|
|turn|12
|
|move|p1a: Victini|V-create|p2a: Flygon
|-resisted|p2a: Flygon
|-damage|p2a: Flygon|0 fnt
|-unboost|p1a: Victini|def|1
|-unboost|p1a: Victini|spd|1
|-unboost|p1a: Victini|spe|1
|faint|p2a: Flygon
|
|
|switch|p2a: Victini|Victini|150\/342
|turn|13
|
|move|p2a: Victini|Fusion Flare|p1a: Victini
|-crit|p1a: Victini
|-resisted|p1a: Victini
|-damage|p1a: Victini|0 fnt
|faint|p1a: Victini
|
|-message|Brandonna forfeited.
|
|win|TidalForce
|raw|Ladder updating...
|raw|Brandonna's rating: 1228 &rarr; <strong>1203<\/strong><br \/>(-25 for losing)
|raw|TidalForce's rating: 1228 &rarr; <strong>1253<\/strong><br \/>(+25 for winning)
|leave|Brandonna
|player|p1