|join|Brandonna
|join|Good Time $5
|player|p1|Brandonna|35
|player|p2|Good Time $5|154
|gametype|singles
|gen|6
|tier|UU
|rated
|rule|Sleep Clause Mod: Limit one foe put to sleep
|rule|Species Clause: Limit one of each PokÃ©mon
|rule|OHKO Clause: OHKO moves are banned
|rule|Moody Clause: Moody is banned
|rule|Evasion Moves Clause: Evasion moves are banned
|rule|Endless Battle Clause: Forcing endless battles is banned
|rule|HP Percentage Mod: HP is shown in percentages
|clearpoke
|poke|p1|Froslass, F
|poke|p1|Lucario, F
|poke|p1|Alakazam, F
|poke|p1|Beedrill, M
|poke|p1|Hippowdon, M
|poke|p1|Hydreigon, M
|poke|p2|Serperior, M
|poke|p2|Aerodactyl, M
|poke|p2|Tentacruel, M
|poke|p2|Entei, shiny
|poke|p2|Cobalion
|poke|p2|Reuniclus, F
|rule|Swagger Clause: Swagger is banned
|rule|Baton Pass Clause: Limit one PokÃ©mon knowing Baton Pass
|teampreview
|
|start
|switch|p1a: Hydreigon|Hydreigon, M|325\/325
|switch|p2a: Not the 405|Entei, shiny|371\/371
|-ability|p2a: Not the 405|Pressure
|turn|1
|
|move|p1a: Hydreigon|U-turn|p2a: Not the 405
|-resisted|p2a: Not the 405
|-damage|p2a: Not the 405|338\/371
|
|switch|p1a: Hippowdon|Hippowdon, M|420\/420
|-weather|Sandstorm
|move|p2a: Not the 405|Sacred Fire|p1a: Hippowdon
|-damage|p1a: Hippowdon|302\/420
|
|-weather|Sandstorm|[upkeep]
|-damage|p2a: Not the 405|315\/371|[from] sandstorm
|-heal|p1a: Hippowdon|328\/420|[from] item: Leftovers
|turn|2
|
|switch|p2a: Contrary to belief|Serperior, M|291\/291
|move|p1a: Hippowdon|Stealth Rock|p2a: Contrary to belief
|-sidestart|p2: Good Time $5|move: Stealth Rock
|
|-weather|Sandstorm|[upkeep]
|-damage|p2a: Contrary to belief|273\/291|[from] sandstorm
|-heal|p1a: Hippowdon|354\/420|[from] item: Leftovers
|turn|3
|
|switch|p1a: Beedrill|Beedrill, M|271\/271
|move|p2a: Contrary to belief|Glare|p1a: Beedrill
|-status|p1a: Beedrill|par
|
|-weather|Sandstorm|[upkeep]
|-damage|p2a: Contrary to belief|255\/291|[from] sandstorm
|-damage|p1a: Beedrill|255\/271 par|[from] sandstorm
|turn|4
|
|switch|p2a: Gucci Loafers|Tentacruel, M|364\/364
|-damage|p2a: Gucci Loafers|319\/364|[from] Stealth Rock
|detailschange|p1a: Beedrill|Beedrill-Mega, M
|-mega|p1a: Beedrill|Beedrill|Beedrillite
|cant|p1a: Beedrill|par
|
|-weather|Sandstorm|[upkeep]
|-damage|p2a: Gucci Loafers|297\/364|[from] sandstorm
|-damage|p1a: Beedrill|239\/271 par|[from] sandstorm
|-heal|p2a: Gucci Loafers|319\/364|[from] item: Black Sludge
|turn|5
|
|move|p2a: Gucci Loafers|Rapid Spin|p1a: Beedrill
|-damage|p1a: Beedrill|215\/271 par
|-sideend|p2: Good Time $5|Stealth Rock|[from] move: Rapid Spin|[of] p2a: Gucci Loafers
|move|p1a: Beedrill|Knock Off|p2a: Gucci Loafers
|-damage|p2a: Gucci Loafers|178\/364
|-enditem|p2a: Gucci Loafers|Black Sludge|[from] move: Knock Off|[of] p1a: Beedrill
|
|-weather|none
|turn|6
|
|switch|p2a: Not the 405|Entei, shiny|315\/371
|-ability|p2a: Not the 405|Pressure
|move|p1a: Beedrill|U-turn|p2a: Not the 405
|-resisted|p2a: Not the 405
|-damage|p2a: Not the 405|194\/371
|
|switch|p1a: Hippowdon|Hippowdon, M|354\/420
|-weather|Sandstorm
|
|-weather|Sandstorm|[upkeep]
|-damage|p2a: Not the 405|171\/371|[from] sandstorm
|-heal|p1a: Hippowdon|380\/420|[from] item: Leftovers
|turn|7
|
|switch|p2a: Contrary to belief|Serperior, M|255\/291
|move|p1a: Hippowdon|Stealth Rock|p2a: Contrary to belief
|-sidestart|p2: Good Time $5|move: Stealth Rock
|
|-weather|Sandstorm|[upkeep]
|-damage|p2a: Contrary to belief|237\/291|[from] sandstorm
|-heal|p1a: Hippowdon|406\/420|[from] item: Leftovers
|turn|8
|
|switch|p1a: Froslass|Froslass, F|343\/343
|move|p2a: Contrary to belief|Leaf Storm|p1a: Froslass
|-damage|p1a: Froslass|66\/343
|-boost|p2a: Contrary to belief|spa|2
|-damage|p2a: Contrary to belief|208\/291|[from] item: Life Orb
|
|-weather|Sandstorm|[upkeep]
|-damage|p2a: Contrary to belief|190\/291|[from] sandstorm
|-damage|p1a: Froslass|45\/343|[from] sandstorm
|turn|9
|
|move|p2a: Contrary to belief|Dragon Pulse|p1a: Froslass
|-damage|p1a: Froslass|0 fnt
|-start|p2a: Contrary to belief|Disable|Dragon Pulse
|-damage|p2a: Contrary to belief|161\/291|[from] item: Life Orb
|faint|p1a: Froslass
|
|-weather|Sandstorm|[upkeep]
|-damage|p2a: Contrary to belief|143\/291|[from] sandstorm
|
|switch|p1a: Hydreigon|Hydreigon, M|325\/325
|turn|10
|
|move|p1a: Hydreigon|U-turn|p2a: Contrary to belief
|-supereffective|p2a: Contrary to belief
|-damage|p2a: Contrary to belief|21\/291
|
|switch|p1a: Beedrill|Beedrill-Mega, M|215\/271 par
|move|p2a: Contrary to belief|Glare|p1a: Beedrill
|-fail|p1a: Beedrill|par
|
|-weather|none
|turn|11
|
|move|p2a: Contrary to belief|Hidden Power|p1a: Beedrill
|-damage|p1a: Beedrill|60\/271 par
|-damage|p2a: Contrary to belief|0 fnt|[from] item: Life Orb
|faint|p2a: Contrary to belief
|move|p1a: Beedrill|U-turn|p2: Contrary to belief|[notarget]
|-notarget
|
|c|âBrandonna|ah nice play
|
|switch|p2a: Gucci Loafers|Tentacruel, M|178\/364
|-damage|p2a: Gucci Loafers|133\/364|[from] Stealth Rock
|turn|12
|c|âBrandonna|now u get the spin
|c|âGood Time $5|cancel button y
|c|âBrandonna|oh
|c|âBrandonna|i thought you wanted to do that
|c|âGood Time $5|oh
|
|move|p2a: Gucci Loafers|Rapid Spin|p1a: Beedrill
|-damage|p1a: Beedrill|35\/271 par
|-sideend|p2: Good Time $5|Stealth Rock|[from] move: Rapid Spin|[of] p2a: Gucci Loafers
|move|p1a: Beedrill|U-turn|p2a: Gucci Loafers
|-resisted|p2a: Gucci Loafers
|-damage|p2a: Gucci Loafers|35\/364
|c|âGood Time $5|my game glitched for a sec
|c|âGood Time $5|and showed me sending out cobalion
|c|âGood Time $5|and I was like
|c|âGood Time $5|no
|c|âGood Time $5|I canceled that
|
|switch|p1a: Alakazam|Alakazam, F|251\/251
|
|turn|13
|c|âBrandonna|ohh
|
|move|p1a: Alakazam|Shadow Ball|p2a: Gucci Loafers
|-damage|p2a: Gucci Loafers|0 fnt
|faint|p2a: Gucci Loafers
|
|
|switch|p2a: Not the 405|Entei, shiny|171\/371
|-ability|p2a: Not the 405|Pressure
|turn|14
|
|switch|p1a: Hippowdon|Hippowdon, M|406\/420
|-weather|Sandstorm
|move|p2a: Not the 405|Sacred Fire|p1a: Hippowdon
|-damage|p1a: Hippowdon|300\/420
|
|-weather|Sandstorm|[upkeep]
|-damage|p2a: Not the 405|148\/371|[from] sandstorm
|-heal|p1a: Hippowdon|326\/420|[from] item: Leftovers
|turn|15
|c|âGood Time $5|just get burnt
|c|âBrandonna|you only used it twice lol
|
|move|p2a: Not the 405|Sacred Fire|p1a: Hippowdon
|-damage|p1a: Hippowdon|200\/420
|-status|p1a: Hippowdon|brn
|move|p1a: Hippowdon|Stealth Rock|p2a: Not the 405
|-sidestart|p2: Good Time $5|move: Stealth Rock
|
|-weather|Sandstorm|[upkeep]
|-damage|p2a: Not the 405|125\/371|[from] sandstorm
|-heal|p1a: Hippowdon|226\/420 brn|[from] item: Leftovers
|-damage|p1a: Hippowdon|174\/420 brn|[from] brn
|turn|16
|c|âGood Time $5|I know, 50% chance though
|c|âBrandonna|yeah third times teh cahrm
|c|âGood Time $5|last game I missed 3 sacred fires in a row
|c|âBrandonna|o sht
|c|âGood Time $5|and the other guy told me that it didn't matter
|c|âBrandonna|at least you got good names
|
|move|p2a: Not the 405|Sacred Fire|p1a: Hippowdon
|-damage|p1a: Hippowdon|48\/420 brn
|move|p1a: Hippowdon|Slack Off|p1a: Hippowdon
|-heal|p1a: Hippowdon|258\/420 brn
|
|-weather|Sandstorm|[upkeep]
|-damage|p2a: Not the 405|102\/371|[from] sandstorm
|-heal|p1a: Hippowdon|284\/420 brn|[from] item: Leftovers
|-damage|p1a: Hippowdon|232\/420 brn|[from] brn
|turn|17
|c|âBrandonna|i hate when people say it didnt matter
|c|âBrandonna|only crits at 2% hp[ dont matter
|
|switch|p2a: Woodstock|Reuniclus, F|423\/423
|move|p1a: Hippowdon|Slack Off|p1a: Hippowdon
|-heal|p1a: Hippowdon|420\/420 brn
|
|-weather|Sandstorm|[upkeep]
|-damage|p1a: Hippowdon|368\/420 brn|[from] brn
|turn|18
|c|âGood Time $5|Yeah, and it was on a weezing
|c|âGood Time $5|which gives me a ton of issues
|c|âBrandonna|you got reuni for that o-o
|
|move|p1a: Hippowdon|Roar|p2a: Woodstock
|drag|p2a: Fixies and Ferrari|Cobalion|323\/323
|-damage|p2a: Fixies and Ferrari|313\/323|[from] Stealth Rock
|
|-weather|none
|-heal|p2a: Fixies and Ferrari|323\/323|[from] item: Leftovers
|-heal|p1a: Hippowdon|394\/420 brn|[from] item: Leftovers
|-damage|p1a: Hippowdon|342\/420 brn|[from] brn
|turn|19
|c|âGood Time $5|I know, but I didnt want to break out reuni at that point
|c|âBrandonna|tru
|
|move|p2a: Fixies and Ferrari|Stealth Rock|p1a: Hippowdon
|-sidestart|p1: Brandonna|move: Stealth Rock
|move|p1a: Hippowdon|Earthquake|p2a: Fixies and Ferrari
|-crit|p2a: Fixies and Ferrari
|-supereffective|p2a: Fixies and Ferrari
|-damage|p2a: Fixies and Ferrari|165\/323
|
|-heal|p2a: Fixies and Ferrari|185\/323|[from] item: Leftovers
|-heal|p1a: Hippowdon|368\/420 brn|[from] item: Leftovers
|-damage|p1a: Hippowdon|316\/420 brn|[from] brn
|turn|20
|
|move|p2a: Fixies and Ferrari|Close Combat|p1a: Hippowdon
|-damage|p1a: Hippowdon|211\/420 brn
|-unboost|p2a: Fixies and Ferrari|def|1
|-unboost|p2a: Fixies and Ferrari|spd|1
|move|p1a: Hippowdon|Earthquake|p2a: Fixies and Ferrari
|-supereffective|p2a: Fixies and Ferrari
|-damage|p2a: Fixies and Ferrari|15\/323
|
|-heal|p2a: Fixies and Ferrari|35\/323|[from] item: Leftovers
|-heal|p1a: Hippowdon|237\/420 brn|[from] item: Leftovers
|-damage|p1a: Hippowdon|185\/420 brn|[from] brn
|turn|21
|
|move|p2a: Fixies and Ferrari|Taunt|p1a: Hippowdon
|-start|p1a: Hippowdon|move: Taunt
|cant|p1a: Hippowdon|move: Taunt|Slack Off
|
|-heal|p2a: Fixies and Ferrari|55\/323|[from] item: Leftovers
|-heal|p1a: Hippowdon|211\/420 brn|[from] item: Leftovers
|-damage|p1a: Hippowdon|159\/420 brn|[from] brn
|turn|22
|c|âBrandonna|nice
|c|âGood Time $5|thanks
|
|move|p2a: Fixies and Ferrari|Close Combat|p1a: Hippowdon
|-damage|p1a: Hippowdon|48\/420 brn
|-unboost|p2a: Fixies and Ferrari|def|1
|-unboost|p2a: Fixies and Ferrari|spd|1
|move|p1a: Hippowdon|Earthquake|p2a: Fixies and Ferrari
|-supereffective|p2a: Fixies and Ferrari
|-damage|p2a: Fixies and Ferrari|0 fnt
|faint|p2a: Fixies and Ferrari
|
|-heal|p1a: Hippowdon|74\/420 brn|[from] item: Leftovers
|-damage|p1a: Hippowdon|22\/420 brn|[from] brn
|c|âBrandonna|you could have went to aero :P
|c|âBrandonna|and set up if you were hone claws
|c|âGood Time $5|nah, not hone claws lol
|c|âBrandonna|interesting
|c|âBrandonna|maybe you're taunt roost
|
|switch|p2a: Yaaaaasssss|Aerodactyl, M|301\/301
|-damage|p2a: Yaaaaasssss|226\/301|[from] Stealth Rock
|-ability|p2a: Yaaaaasssss|Pressure
|turn|23
|
|switch|p1a: Beedrill|Beedrill-Mega, M|35\/271 par
|-damage|p1a: Beedrill|0 fnt|[from] Stealth Rock
|faint|p1a: Beedrill
|detailschange|p2a: Yaaaaasssss|Aerodactyl-Mega, M
|-mega|p2a: Yaaaaasssss|Aerodactyl|Aerodactylite
|move|p2a: Yaaaaasssss|Aerial Ace|p1: Beedrill|[notarget]
|-notarget
|
|c|âGood Time $5|solid switch
|
|switch|p1a: Lucario|Lucario, F|281\/281
|-damage|p1a: Lucario|273\/281|[from] Stealth Rock
|turn|24
|c|âBrandonna|well hippo gonna die too so it doesnt matter which one i sack haha
|
|move|p1a: Lucario|Extreme Speed|p2a: Yaaaaasssss
|-resisted|p2a: Yaaaaasssss
|-damage|p2a: Yaaaaasssss|162\/301
|-damage|p1a: Lucario|245\/281|[from] item: Life Orb
|move|p2a: Yaaaaasssss|Aerial Ace|p1a: Lucario
|-crit|p1a: Lucario
|-damage|p1a: Lucario|0 fnt
|faint|p1a: Lucario
|
|c|âBrandonna|i debate running bullet punchh just for mega aero
|c|âGood Time $5|lol that why I said solid and not great
|c|âGood Time $5|I always tun BP
|
|switch|p1a: Hydreigon|Hydreigon, M|325\/325
|-damage|p1a: Hydreigon|285\/325|[from] Stealth Rock
|turn|25
|
|move|p1a: Hydreigon|Draco Meteor|p2a: Yaaaaasssss
|-damage|p2a: Yaaaaasssss|0 fnt
|-unboost|p1a: Hydreigon|spa|2
|faint|p2a: Yaaaaasssss
|
|
|switch|p2a: Woodstock|Reuniclus, F|423\/423
|turn|26
|
|move|p1a: Hydreigon|Draco Meteor|p2a: Woodstock
|-damage|p2a: Woodstock|290\/423
|-unboost|p1a: Hydreigon|spa|2
|move|p2a: Woodstock|Trick Room|p2a: Woodstock
|-fieldstart|move: Trick Room|[of] p2a: Woodstock
|
|turn|27
|
|switch|p1a: Hippowdon|Hippowdon, M|22\/420 brn
|-damage|p1a: Hippowdon|0 fnt|[from] Stealth Rock
|faint|p1a: Hippowdon
|move|p2a: Woodstock|Focus Blast|p1: Hippowdon|[notarget]
|-notarget
|
|c|âBrandonna|reuniclus too strong
|
|switch|p1a: Hydreigon|Hydreigon, M|285\/325
|-damage|p1a: Hydreigon|245\/325|[from] Stealth Rock
|turn|28
|
|move|p2a: Woodstock|Focus Blast|p1a: Hydreigon|[miss]
|-miss|p2a: Woodstock|p1a: Hydreigon
|move|p1a: Hydreigon|Dark Pulse|p2a: Woodstock
|-supereffective|p2a: Woodstock
|-damage|p2a: Woodstock|2\/423
|
|turn|29
|c|âGood Time $5|reuni y
|
|move|p2a: Woodstock|Focus Blast|p1a: Hydreigon|[miss]
|-miss|p2a: Woodstock|p1a: Hydreigon
|move|p1a: Hydreigon|Dark Pulse|p2a: Woodstock
|-supereffective|p2a: Woodstock
|-damage|p2a: Woodstock|0 fnt
|faint|p2a: Woodstock
|
|c|âBrandonna|absolute min
|c|âBrandonna|omg
|c|âBrandonna|:[
|c|âGood Time $5|well
|c|âBrandonna|its time to run hp fighting
|c|âGood Time $5|that decided it
|c|âGood Time $5|pretty pissed rn
|c|âBrandonna|i'd be too
|
|switch|p2a: Not the 405|Entei, shiny|102\/371
|-damage|p2a: Not the 405|10\/371|[from] Stealth Rock
|-ability|p2a: Not the 405|Pressure
|turn|30
|c|âGood Time $5|gg
|c|âBrandonna|reuniclus wear some fking glasses
|c|âBrandonna|gg
|-message|Good Time $5 forfeited.
|leave|Good Time $5
|
|win|Brandonna
|raw|Ladder updating...
|player|p2
|raw|Brandonna's rating: 1555 &rarr; <strong>1562<\/strong><br \/>(+7 for winning)
|raw|Good Time $5's rating: 1283 &rarr; <strong>1275<\/strong><br \/>(-8 for losing)
|leave|Brandonna
|player|p1
|join|Good Time $5