|join|Brandonna
|join|Froice
|player|p1|Brandonna|35
|player|p2|Froice|151
|gametype|singles
|gen|6
|tier|UU
|rated
|rule|Sleep Clause Mod: Limit one foe put to sleep
|rule|Species Clause: Limit one of each PokÃ©mon
|rule|OHKO Clause: OHKO moves are banned
|rule|Moody Clause: Moody is banned
|rule|Evasion Moves Clause: Evasion moves are banned
|rule|Endless Battle Clause: Forcing endless battles is banned
|rule|HP Percentage Mod: HP is shown in percentages
|clearpoke
|poke|p1|Amoonguss, M
|poke|p1|Florges, F
|poke|p1|Hippowdon, M
|poke|p1|Forretress, M
|poke|p1|Quagsire, M
|poke|p1|Aerodactyl, M
|poke|p2|Aerodactyl, F
|poke|p2|Entei, shiny
|poke|p2|Slurpuff, F
|poke|p2|Haxorus, M
|poke|p2|Starmie
|poke|p2|Pidgeot, F
|rule|Swagger Clause: Swagger is banned
|rule|Baton Pass Clause: Limit one PokÃ©mon knowing Baton Pass
|teampreview
|
|start
|switch|p1a: Aerodactyl|Aerodactyl, M|305\/305
|switch|p2a: Aerodactyl|Aerodactyl, F|301\/301
|-ability|p2a: Aerodactyl|Unnerve|p1: Brandonna
|turn|1
|
|detailschange|p1a: Aerodactyl|Aerodactyl-Mega, M
|-mega|p1a: Aerodactyl|Aerodactyl|Aerodactylite
|move|p2a: Aerodactyl|Stone Edge|p1a: Aerodactyl
|-supereffective|p1a: Aerodactyl
|-damage|p1a: Aerodactyl|0 fnt
|faint|p1a: Aerodactyl
|
|
|switch|p1a: Quagsire|Quagsire, M|394\/394
|turn|2
|c|âBrandonna|noooo
|
|move|p2a: Aerodactyl|Taunt|p1a: Quagsire
|-start|p1a: Quagsire|move: Taunt
|move|p1a: Quagsire|Scald|p2a: Aerodactyl
|-supereffective|p2a: Aerodactyl
|-damage|p2a: Aerodactyl|125\/301
|
|turn|3
|
|move|p2a: Aerodactyl|Stealth Rock|p1a: Quagsire
|-sidestart|p1: Brandonna|move: Stealth Rock
|move|p1a: Quagsire|Scald|p2a: Aerodactyl
|-supereffective|p2a: Aerodactyl
|-damage|p2a: Aerodactyl|0 fnt
|faint|p2a: Aerodactyl
|
|
|switch|p2a: Pidgeot|Pidgeot, F|307\/307
|turn|4
|
|switch|p1a: Florges|Florges, F|360\/360
|-damage|p1a: Florges|315\/360|[from] Stealth Rock
|detailschange|p2a: Pidgeot|Pidgeot-Mega, F
|-mega|p2a: Pidgeot|Pidgeot|Pidgeotite
|move|p2a: Pidgeot|Hurricane|p1a: Florges
|-crit|p1a: Florges
|-damage|p1a: Florges|155\/360
|
|-heal|p1a: Florges|177\/360|[from] item: Leftovers
|turn|5
|
|move|p2a: Pidgeot|Hurricane|p1a: Florges
|-damage|p1a: Florges|72\/360
|move|p1a: Florges|Wish|p1a: Florges
|
|-heal|p1a: Florges|94\/360|[from] item: Leftovers
|turn|6
|
|move|p1a: Florges|Protect|p1a: Florges
|-singleturn|p1a: Florges|Protect
|move|p2a: Pidgeot|Hurricane|p1a: Florges
|-activate|p1a: Florges|Protect
|
|-heal|p1a: Florges|274\/360|[from] move: Wish|[wisher] Florges
|-heal|p1a: Florges|296\/360|[from] item: Leftovers
|turn|7
|
|move|p2a: Pidgeot|Hurricane|p1a: Florges
|-damage|p1a: Florges|196\/360
|-start|p1a: Florges|confusion
|-activate|p1a: Florges|confusion
|move|p1a: Florges|Wish|p1a: Florges
|
|-heal|p1a: Florges|218\/360|[from] item: Leftovers
|turn|8
|
|move|p2a: Pidgeot|U-turn|p1a: Florges
|-resisted|p1a: Florges
|-damage|p1a: Florges|187\/360
|
|switch|p2a: Entei|Entei, shiny|371\/371
|-ability|p2a: Entei|Pressure
|-activate|p1a: Florges|confusion
|move|p1a: Florges|Moonblast|p2a: Entei
|-resisted|p2a: Entei
|-damage|p2a: Entei|296\/371
|
|-heal|p1a: Florges|360\/360|[from] move: Wish|[wisher] Florges
|turn|9
|
|switch|p1a: Hippowdon|Hippowdon, M|420\/420
|-damage|p1a: Hippowdon|394\/420|[from] Stealth Rock
|-weather|Sandstorm
|move|p2a: Entei|Sacred Fire|p1a: Hippowdon
|-damage|p1a: Hippowdon|217\/420
|-status|p1a: Hippowdon|brn
|
|-weather|Sandstorm|[upkeep]
|-damage|p2a: Entei|273\/371|[from] sandstorm
|-heal|p1a: Hippowdon|243\/420 brn|[from] item: Leftovers
|-damage|p1a: Hippowdon|191\/420 brn|[from] brn
|turn|10
|
|switch|p2a: Pidgeot|Pidgeot-Mega, F|307\/307
|move|p1a: Hippowdon|Stealth Rock|p2a: Pidgeot
|-sidestart|p2: Froice|move: Stealth Rock
|
|-weather|Sandstorm|[upkeep]
|-damage|p2a: Pidgeot|288\/307|[from] sandstorm
|-heal|p1a: Hippowdon|217\/420 brn|[from] item: Leftovers
|-damage|p1a: Hippowdon|165\/420 brn|[from] brn
|turn|11
|
|switch|p1a: Florges|Florges, F|360\/360
|-damage|p1a: Florges|315\/360|[from] Stealth Rock
|move|p2a: Pidgeot|Hurricane|p1a: Florges
|-damage|p1a: Florges|216\/360
|
|-weather|Sandstorm|[upkeep]
|-damage|p2a: Pidgeot|269\/307|[from] sandstorm
|-damage|p1a: Florges|194\/360|[from] sandstorm
|-heal|p1a: Florges|216\/360|[from] item: Leftovers
|turn|12
|
|move|p2a: Pidgeot|U-turn|p1a: Florges
|-resisted|p1a: Florges
|-damage|p1a: Florges|184\/360
|
|switch|p2a: Starmie|Starmie|261\/261
|-damage|p2a: Starmie|229\/261|[from] Stealth Rock
|move|p1a: Florges|Wish|p1a: Florges
|
|-weather|Sandstorm|[upkeep]
|-damage|p2a: Starmie|213\/261|[from] sandstorm
|-damage|p1a: Florges|162\/360|[from] sandstorm
|-heal|p1a: Florges|184\/360|[from] item: Leftovers
|turn|13
|
|move|p2a: Starmie|Hydro Pump|p1a: Florges
|-damage|p1a: Florges|77\/360
|-damage|p2a: Starmie|187\/261|[from] item: Life Orb
|move|p1a: Florges|Moonblast|p2a: Starmie
|-damage|p2a: Starmie|34\/261
|-unboost|p2a: Starmie|spa|1
|
|-weather|none
|-heal|p1a: Florges|257\/360|[from] move: Wish|[wisher] Florges
|-heal|p1a: Florges|279\/360|[from] item: Leftovers
|turn|14
|
|move|p2a: Starmie|Rapid Spin|p1a: Florges
|-damage|p1a: Florges|257\/360
|-sideend|p2: Froice|Stealth Rock|[from] move: Rapid Spin|[of] p2a: Starmie
|-damage|p2a: Starmie|8\/261|[from] item: Life Orb
|move|p1a: Florges|Moonblast|p2a: Starmie
|-damage|p2a: Starmie|0 fnt
|faint|p2a: Starmie
|
|-heal|p1a: Florges|279\/360|[from] item: Leftovers
|
|switch|p2a: Entei|Entei, shiny|273\/371
|-ability|p2a: Entei|Pressure
|turn|15
|
|move|p1a: Florges|Protect|p1a: Florges
|-singleturn|p1a: Florges|Protect
|move|p2a: Entei|Sacred Fire|p1a: Florges
|-activate|p1a: Florges|Protect
|
|-heal|p1a: Florges|301\/360|[from] item: Leftovers
|turn|16
|
|switch|p1a: Quagsire|Quagsire, M|394\/394
|-damage|p1a: Quagsire|370\/394|[from] Stealth Rock
|move|p2a: Entei|Sacred Fire|p1a: Quagsire
|-resisted|p1a: Quagsire
|-damage|p1a: Quagsire|265\/394
|-status|p1a: Quagsire|brn
|
|-heal|p1a: Quagsire|289\/394 brn|[from] item: Leftovers
|-damage|p1a: Quagsire|240\/394 brn|[from] brn
|turn|17
|
|switch|p2a: Pidgeot|Pidgeot-Mega, F|269\/307
|move|p1a: Quagsire|Scald|p2a: Pidgeot
|-damage|p2a: Pidgeot|178\/307
|-status|p2a: Pidgeot|brn
|
|-heal|p1a: Quagsire|264\/394 brn|[from] item: Leftovers
|-damage|p2a: Pidgeot|140\/307 brn|[from] brn
|-damage|p1a: Quagsire|215\/394 brn|[from] brn
|turn|18
|
|switch|p1a: Florges|Florges, F|301\/360
|-damage|p1a: Florges|256\/360|[from] Stealth Rock
|move|p2a: Pidgeot|Hurricane|p1a: Florges
|-crit|p1a: Florges
|-damage|p1a: Florges|108\/360
|
|-heal|p1a: Florges|130\/360|[from] item: Leftovers
|-damage|p2a: Pidgeot|102\/307 brn|[from] brn
|turn|19
|
|move|p2a: Pidgeot|Roost|p2a: Pidgeot
|-heal|p2a: Pidgeot|256\/307 brn
|move|p1a: Florges|Wish|p1a: Florges
|
|-heal|p1a: Florges|152\/360|[from] item: Leftovers
|-damage|p2a: Pidgeot|218\/307 brn|[from] brn
|turn|20
|
|switch|p2a: Entei|Entei, shiny|273\/371
|-ability|p2a: Entei|Pressure
|move|p1a: Florges|Aromatherapy|p1a: Florges
|-cureteam|p1a: Florges|[from] move: Aromatherapy
|
|-heal|p1a: Florges|332\/360|[from] move: Wish|[wisher] Florges
|-heal|p1a: Florges|354\/360|[from] item: Leftovers
|turn|21
|
|move|p1a: Florges|Protect|p1a: Florges
|-singleturn|p1a: Florges|Protect
|move|p2a: Entei|Sacred Fire|p1a: Florges
|-activate|p1a: Florges|Protect
|
|-heal|p1a: Florges|360\/360|[from] item: Leftovers
|turn|22
|
|switch|p1a: Quagsire|Quagsire, M|215\/394
|-damage|p1a: Quagsire|191\/394|[from] Stealth Rock
|move|p2a: Entei|Sacred Fire|p1a: Quagsire
|-resisted|p1a: Quagsire
|-damage|p1a: Quagsire|84\/394
|-status|p1a: Quagsire|brn
|
|-heal|p1a: Quagsire|108\/394 brn|[from] item: Leftovers
|-damage|p1a: Quagsire|59\/394 brn|[from] brn
|turn|23
|
|move|p2a: Entei|Sacred Fire|p1a: Quagsire
|-resisted|p1a: Quagsire
|-damage|p1a: Quagsire|0 fnt
|faint|p1a: Quagsire
|
|
|switch|p1a: Florges|Florges, F|360\/360
|-damage|p1a: Florges|315\/360|[from] Stealth Rock
|turn|24
|
|switch|p2a: Haxorus|Haxorus, M|293\/293
|-ability|p2a: Haxorus|Mold Breaker
|move|p1a: Florges|Protect|p1a: Florges
|-fail|p1a: Florges
|
|-heal|p1a: Florges|337\/360|[from] item: Leftovers
|turn|25
|
|move|p2a: Haxorus|Poison Jab|p1a: Florges
|-supereffective|p1a: Florges
|-damage|p1a: Florges|49\/360
|move|p1a: Florges|Moonblast|p2a: Haxorus
|-crit|p2a: Haxorus
|-supereffective|p2a: Haxorus
|-damage|p2a: Haxorus|0 fnt
|faint|p2a: Haxorus
|
|-heal|p1a: Florges|71\/360|[from] item: Leftovers
|
|switch|p2a: Slurpuff|Slurpuff, F|316\/316
|turn|26
|
|move|p2a: Slurpuff|Belly Drum|p2a: Slurpuff
|-damage|p2a: Slurpuff|158\/316
|-setboost|p2a: Slurpuff|atk|6|[from] move: Belly Drum
|-enditem|p2a: Slurpuff|Sitrus Berry|[eat]
|-heal|p2a: Slurpuff|237\/316|[from] item: Sitrus Berry
|move|p1a: Florges|Moonblast|p2a: Slurpuff
|-damage|p2a: Slurpuff|83\/316
|
|-heal|p1a: Florges|93\/360|[from] item: Leftovers
|turn|27
|
|move|p1a: Florges|Protect|p1a: Florges
|-singleturn|p1a: Florges|Protect
|move|p2a: Slurpuff|Return|p1a: Florges
|-activate|p1a: Florges|Protect
|
|-heal|p1a: Florges|115\/360|[from] item: Leftovers
|turn|28
|
|switch|p1a: Hippowdon|Hippowdon, M|165\/420
|-damage|p1a: Hippowdon|139\/420|[from] Stealth Rock
|-weather|Sandstorm
|move|p2a: Slurpuff|Drain Punch|p1a: Hippowdon
|-damage|p1a: Hippowdon|0 fnt
|-heal|p2a: Slurpuff|153\/316|[from] drain|[of] p1a: Hippowdon
|faint|p1a: Hippowdon
|
|-weather|Sandstorm|[upkeep]
|-damage|p2a: Slurpuff|134\/316|[from] sandstorm
|
|switch|p1a: Forretress|Forretress, M|354\/354
|-damage|p1a: Forretress|310\/354|[from] Stealth Rock
|turn|29
|
|move|p2a: Slurpuff|Drain Punch|p1a: Forretress
|-damage|p1a: Forretress|170\/354
|-heal|p2a: Slurpuff|204\/316|[from] drain|[of] p1a: Forretress
|move|p1a: Forretress|Toxic Spikes|p2a: Slurpuff
|-sidestart|p2: Froice|move: Toxic Spikes
|
|-weather|Sandstorm|[upkeep]
|-damage|p2a: Slurpuff|185\/316|[from] sandstorm
|-heal|p1a: Forretress|192\/354|[from] item: Leftovers
|turn|30
|
|move|p2a: Slurpuff|Drain Punch|p1a: Forretress
|-damage|p1a: Forretress|53\/354
|-heal|p2a: Slurpuff|255\/316|[from] drain|[of] p1a: Forretress
|move|p1a: Forretress|Volt Switch|p2a: Slurpuff
|-damage|p2a: Slurpuff|210\/316
|
|switch|p1a: Amoonguss|Amoonguss, M|432\/432
|-damage|p1a: Amoonguss|378\/432|[from] Stealth Rock
|
|-weather|Sandstorm|[upkeep]
|-damage|p2a: Slurpuff|191\/316|[from] sandstorm
|-damage|p1a: Amoonguss|351\/432|[from] sandstorm
|-heal|p1a: Amoonguss|378\/432|[from] item: Black Sludge
|turn|31
|
|move|p2a: Slurpuff|Return|p1a: Amoonguss
|-damage|p1a: Amoonguss|0 fnt
|faint|p1a: Amoonguss
|
|-weather|Sandstorm|[upkeep]
|-damage|p2a: Slurpuff|172\/316|[from] sandstorm
|
|switch|p1a: Florges|Florges, F|115\/360
|-damage|p1a: Florges|70\/360|[from] Stealth Rock
|turn|32
|-message|Brandonna forfeited.
|leave|Brandonna
|
|win|Froice
|raw|Ladder updating...
|player|p1
|raw|Brandonna's rating: 1559 &rarr; <strong>1528<\/strong><br \/>(-31 for losing)
|raw|Froice's rating: 1347 &rarr; <strong>1378<\/strong><br \/>(+31 for winning)