|join|ULT Christo
|join|Istalri
|player|p1|ULT Christo|1
|player|p2|Istalri|238
|gametype|singles
|gen|6
|tier|UU
|rated
|rule|Sleep Clause Mod: Limit one foe put to sleep
|rule|Species Clause: Limit one of each PokÃ©mon
|rule|OHKO Clause: OHKO moves are banned
|rule|Moody Clause: Moody is banned
|rule|Evasion Moves Clause: Evasion moves are banned
|rule|Endless Battle Clause: Forcing endless battles is banned
|rule|HP Percentage Mod: HP is shown in percentages
|clearpoke
|poke|p1|Hydreigon, M
|poke|p1|Pidgeot, F
|poke|p1|Jirachi
|poke|p1|Doublade, M
|poke|p1|Machamp, M
|poke|p1|Nidoqueen, F
|poke|p2|Nidoqueen, F
|poke|p2|Krookodile, F
|poke|p2|Goodra, M, shiny
|poke|p2|Blastoise, F
|poke|p2|Arcanine, F
|poke|p2|Eelektross, F
|rule|Swagger Clause: Swagger is banned
|rule|Baton Pass Clause: Limit one PokÃ©mon knowing Baton Pass
|teampreview
|
|start
|switch|p1a: Nidoqueen|Nidoqueen, F|330\/330
|switch|p2a: Nidoqueen|Nidoqueen, F|353\/353
|turn|1
|
|move|p1a: Nidoqueen|Earth Power|p2a: Nidoqueen
|-supereffective|p2a: Nidoqueen
|-damage|p2a: Nidoqueen|0 fnt
|faint|p2a: Nidoqueen
|
|
|switch|p2a: Krookodile|Krookodile, F|331\/331
|turn|2
|
|switch|p1a: Hydreigon|Hydreigon, M|325\/325
|move|p2a: Krookodile|Knock Off|p1a: Hydreigon
|-crit|p1a: Hydreigon
|-resisted|p1a: Hydreigon
|-damage|p1a: Hydreigon|197\/325
|-enditem|p1a: Hydreigon|Choice Specs|[from] move: Knock Off|[of] p2a: Krookodile
|
|turn|3
|
|switch|p2a: Eelektross|Eelektross, F|374\/374
|move|p1a: Hydreigon|Draco Meteor|p2a: Eelektross
|-damage|p2a: Eelektross|181\/374
|-unboost|p1a: Hydreigon|spa|2
|
|turn|4
|
|switch|p1a: Nidoqueen|Nidoqueen, F|330\/330
|move|p2a: Eelektross|Volt Switch|p1a: Nidoqueen
|-immune|p1a: Nidoqueen|[msg]
|
|turn|5
|
|move|p1a: Nidoqueen|Sludge Wave|p2a: Eelektross
|-crit|p2a: Eelektross
|-damage|p2a: Eelektross|0 fnt
|faint|p2a: Eelektross
|
|
|switch|p2a: Blastoise|Blastoise, F|343\/343
|turn|6
|
|detailschange|p2a: Blastoise|Blastoise-Mega, F
|-mega|p2a: Blastoise|Blastoise|Blastoisinite
|move|p1a: Nidoqueen|Sludge Wave|p2a: Blastoise
|-damage|p2a: Blastoise|147\/343
|move|p2a: Blastoise|Aura Sphere|p1a: Nidoqueen
|-resisted|p1a: Nidoqueen
|-damage|p1a: Nidoqueen|247\/330
|
|turn|7
|c|âULT Christo|EZ
|
|switch|p2a: Goodra|Goodra, M, shiny|361\/361
|move|p1a: Nidoqueen|Earth Power|p2a: Goodra
|-damage|p2a: Goodra|258\/361
|
|turn|8
|
|switch|p1a: Machamp|Machamp, M|362\/362
|move|p2a: Goodra|Dragon Tail|p1a: Machamp
|-damage|p1a: Machamp|244\/362
|drag|p1a: Nidoqueen|Nidoqueen, F|247\/330
|
|turn|9
|
|move|p1a: Nidoqueen|Ice Beam|p2a: Goodra
|-supereffective|p2a: Goodra
|-damage|p2a: Goodra|125\/361
|move|p2a: Goodra|Earthquake|p1a: Nidoqueen
|-supereffective|p1a: Nidoqueen
|-damage|p1a: Nidoqueen|5\/330
|
|turn|10
|
|switch|p2a: Arcanine|Arcanine, F|383\/383
|-ability|p2a: Arcanine|Intimidate|[of] p1a: Nidoqueen
|-unboost|p1a: Nidoqueen|atk|1
|move|p1a: Nidoqueen|Earth Power|p2a: Arcanine
|-supereffective|p2a: Arcanine
|-damage|p2a: Arcanine|0 fnt
|faint|p2a: Arcanine
|
|c|âULT Christo|oml
|
|switch|p2a: Krookodile|Krookodile, F|331\/331
|turn|11
|c|âULT Christo|getting played
|
|switch|p1a: Hydreigon|Hydreigon, M|197\/325
|move|p2a: Krookodile|Knock Off|p1a: Hydreigon
|-resisted|p1a: Hydreigon
|-damage|p1a: Hydreigon|134\/325
|
|turn|12
|
|switch|p2a: Blastoise|Blastoise-Mega, F|147\/343
|move|p1a: Hydreigon|Draco Meteor|p2a: Blastoise
|-damage|p2a: Blastoise|0 fnt
|-unboost|p1a: Hydreigon|spa|2
|faint|p2a: Blastoise
|
|
|switch|p2a: Krookodile|Krookodile, F|331\/331
|turn|13
|
|switch|p1a: Doublade|Doublade, M|319\/319
|move|p2a: Krookodile|Stone Edge|p1a: Doublade
|-resisted|p1a: Doublade
|-damage|p1a: Doublade|292\/319
|
|turn|14
|
|switch|p2a: Goodra|Goodra, M, shiny|125\/361
|move|p1a: Doublade|Iron Head|p2a: Goodra
|-damage|p2a: Goodra|0 fnt
|faint|p2a: Goodra
|
|
|switch|p2a: Krookodile|Krookodile, F|331\/331
|turn|15
|
|move|p2a: Krookodile|Superpower|p1a: Doublade
|-immune|p1a: Doublade|[msg]
|move|p1a: Doublade|Sacred Sword|p2a: Krookodile
|-supereffective|p2a: Krookodile
|-damage|p2a: Krookodile|77\/331
|
|turn|16
|c|âULT Christo|RIP
|
|move|p2a: Krookodile|Superpower|p1a: Doublade
|-immune|p1a: Doublade|[msg]
|move|p1a: Doublade|Sacred Sword|p2a: Krookodile
|-supereffective|p2a: Krookodile
|-damage|p2a: Krookodile|0 fnt
|faint|p2a: Krookodile
|
|win|ULT Christo
|raw|Ladder updating...
|leave|Istalri
|player|p2
|raw|ULT Christo's rating: 1589 &rarr; <strong>1600<\/strong><br \/>(+11 for winning)
|raw|Istalri's rating: 1411 &rarr; <strong>1400<\/strong><br \/>(-11 for losing)