|join|Jarid
|join|DeejTest
|player|p1|Jarid|248
|player|p2|DeejTest|126
|gametype|singles
|gen|6
|tier|UU
|rated
|rule|Sleep Clause Mod: Limit one foe put to sleep
|rule|Species Clause: Limit one of each PokÃ©mon
|rule|OHKO Clause: OHKO moves are banned
|rule|Moody Clause: Moody is banned
|rule|Evasion Moves Clause: Evasion moves are banned
|rule|Endless Battle Clause: Forcing endless battles is banned
|rule|HP Percentage Mod: HP is shown in percentages
|clearpoke
|poke|p1|Froslass, F
|poke|p1|Cobalion
|poke|p1|Tornadus, M
|poke|p1|Infernape, F
|poke|p1|Absol, M
|poke|p1|Ludicolo, F
|poke|p2|Vaporeon, F
|poke|p2|Krookodile, M
|poke|p2|Cresselia, F
|poke|p2|Lucario, M
|poke|p2|Crobat, F
|poke|p2|Ampharos, M
|rule|Swagger Clause: Swagger is banned
|rule|Baton Pass Clause: Limit one PokÃ©mon knowing Baton Pass
|teampreview
|c|âDeejTest|hey gl hf
|
|start
|switch|p1a: Froslass|Froslass, F|281\/281
|switch|p2a: Dragoon|Ampharos, M|383\/383
|turn|1
|
|detailschange|p2a: Dragoon|Ampharos-Mega, M
|-mega|p2a: Dragoon|Ampharos|Ampharosite
|-ability|p2a: Dragoon|Mold Breaker
|move|p1a: Froslass|Ice Beam|p2a: Dragoon
|-supereffective|p2a: Dragoon
|-damage|p2a: Dragoon|155\/383
|move|p2a: Dragoon|Volt Switch|p1a: Froslass
|-damage|p1a: Froslass|43\/281
|
|switch|p2a: Standard|Crobat, F|345\/345
|
|turn|2
|
|switch|p1a: Cobalion|Cobalion|323\/323
|move|p2a: Standard|Brave Bird|p1a: Cobalion
|-damage|p1a: Cobalion|205\/323
|-damage|p2a: Standard|306\/345|[from] recoil|[of] p1a: Cobalion
|
|-heal|p2a: Standard|327\/345|[from] item: Black Sludge
|turn|3
|
|move|p2a: Standard|Brave Bird|p1a: Cobalion
|-damage|p1a: Cobalion|85\/323
|-damage|p2a: Standard|287\/345|[from] recoil|[of] p1a: Cobalion
|move|p1a: Cobalion|Swords Dance|p1a: Cobalion
|-boost|p1a: Cobalion|atk|2
|
|-heal|p2a: Standard|308\/345|[from] item: Black Sludge
|turn|4
|
|move|p2a: Standard|Brave Bird|p1a: Cobalion
|-damage|p1a: Cobalion|0 fnt
|-damage|p2a: Standard|280\/345|[from] recoil|[of] p1a: Cobalion
|faint|p1a: Cobalion
|
|-heal|p2a: Standard|301\/345|[from] item: Black Sludge
|
|switch|p1a: Tornadus|Tornadus, M|299\/299
|turn|5
|
|switch|p2a: Fuck da Meta|Krookodile, M|331\/331
|-ability|p2a: Fuck da Meta|Intimidate|[of] p1a: Tornadus
|-unboost|p1a: Tornadus|atk|1
|-boost|p1a: Tornadus|atk|2|[from] ability: Defiant
|move|p1a: Tornadus|Return|p2a: Fuck da Meta
|-enditem|p1a: Tornadus|Normal Gem|[from] gem|[move] Return
|-damage|p2a: Fuck da Meta|87\/331
|
|-heal|p2a: Fuck da Meta|107\/331|[from] item: Leftovers
|turn|6
|c|âDeejTest|oh yeah
|c|âDeejTest|defiant
|c|âDeejTest|im dumbbbb
|
|switch|p2a: Dragoon|Ampharos-Mega, M|155\/383
|-ability|p2a: Dragoon|Mold Breaker
|move|p1a: Tornadus|Acrobatics|p2a: Dragoon
|-resisted|p2a: Dragoon
|-damage|p2a: Dragoon|34\/383
|
|turn|7
|
|move|p1a: Tornadus|Acrobatics|p2a: Dragoon
|-resisted|p2a: Dragoon
|-damage|p2a: Dragoon|0 fnt
|faint|p2a: Dragoon
|
|
|switch|p2a: Standard|Crobat, F|301\/345
|turn|8
|
|move|p2a: Standard|Brave Bird|p1a: Tornadus
|-damage|p1a: Tornadus|74\/299
|-damage|p2a: Standard|227\/345|[from] recoil|[of] p1a: Tornadus
|move|p1a: Tornadus|Acrobatics|p2a: Standard
|-damage|p2a: Standard|0 fnt
|faint|p2a: Standard
|
|
|switch|p2a: Boppity|Lucario, M|281\/281
|turn|9
|
|move|p2a: Boppity|Extreme Speed|p1a: Tornadus
|-damage|p1a: Tornadus|0 fnt
|-damage|p2a: Boppity|253\/281|[from] item: Life Orb
|faint|p1a: Tornadus
|
|
|switch|p1a: Infernape|Infernape, F|293\/293
|turn|10
|
|switch|p2a: DuckMOON|Cresselia, F|443\/443
|move|p1a: Infernape|Stealth Rock|p2a: DuckMOON
|-sidestart|p2: DeejTest|move: Stealth Rock
|
|turn|11
|
|move|p1a: Infernape|U-turn|p2a: DuckMOON
|-supereffective|p2a: DuckMOON
|-damage|p2a: DuckMOON|349\/443
|join|JSanchzz26
|
|switch|p1a: Froslass|Froslass, F|43\/281
|move|p2a: DuckMOON|Moonblast|p1a: Froslass
|-damage|p1a: Froslass|0 fnt
|faint|p1a: Froslass
|
|-heal|p2a: DuckMOON|376\/443|[from] item: Leftovers
|
|switch|p1a: Absol|Absol, M|271\/271
|turn|12
|
|switch|p2a: Fuck da Meta|Krookodile, M|107\/331
|-damage|p2a: Fuck da Meta|87\/331|[from] Stealth Rock
|-ability|p2a: Fuck da Meta|Intimidate|[of] p1a: Absol
|-unboost|p1a: Absol|atk|1
|detailschange|p1a: Absol|Absol-Mega, M
|-mega|p1a: Absol|Absol|Absolite
|move|p1a: Absol|Knock Off|p2a: Fuck da Meta
|-resisted|p2a: Fuck da Meta
|-damage|p2a: Fuck da Meta|14\/331
|-enditem|p2a: Fuck da Meta|Leftovers|[from] move: Knock Off|[of] p1a: Absol
|
|turn|13
|
|move|p1a: Absol|Knock Off|p2a: Fuck da Meta
|-resisted|p2a: Fuck da Meta
|-damage|p2a: Fuck da Meta|0 fnt
|faint|p2a: Fuck da Meta
|
|
|switch|p2a: Boppity|Lucario, M|253\/281
|-damage|p2a: Boppity|245\/281|[from] Stealth Rock
|turn|14
|
|switch|p1a: Ludicolo|Ludicolo, F|363\/363
|switch|p2a: DuckMOON|Cresselia, F|376\/443
|-damage|p2a: DuckMOON|321\/443|[from] Stealth Rock
|
|-heal|p2a: DuckMOON|348\/443|[from] item: Leftovers
|turn|15
|
|move|p2a: DuckMOON|Substitute|p2a: DuckMOON
|-start|p2a: DuckMOON|Substitute
|-damage|p2a: DuckMOON|238\/443
|move|p1a: Ludicolo|Scald|p2a: DuckMOON
|-activate|p2a: DuckMOON|Substitute|[damage]
|
|-heal|p2a: DuckMOON|265\/443|[from] item: Leftovers
|turn|16
|
|switch|p1a: Infernape|Infernape, F|293\/293
|move|p2a: DuckMOON|Calm Mind|p2a: DuckMOON
|-boost|p2a: DuckMOON|spa|1
|-boost|p2a: DuckMOON|spd|1
|
|-heal|p2a: DuckMOON|292\/443|[from] item: Leftovers
|turn|17
|
|move|p1a: Infernape|Flare Blitz|p2a: DuckMOON
|-end|p2a: DuckMOON|Substitute
|-damage|p1a: Infernape|289\/293|[from] recoil|[of] p2a: DuckMOON
|move|p2a: DuckMOON|Substitute|p2a: DuckMOON
|-start|p2a: DuckMOON|Substitute
|-damage|p2a: DuckMOON|182\/443
|
|-heal|p1a: Infernape|293\/293|[from] item: Leftovers
|-heal|p2a: DuckMOON|209\/443|[from] item: Leftovers
|turn|18
|
|move|p1a: Infernape|Flare Blitz|p2a: DuckMOON
|-end|p2a: DuckMOON|Substitute
|-damage|p1a: Infernape|257\/293|[from] recoil|[of] p2a: DuckMOON
|move|p2a: DuckMOON|Psyshock|p1a: Infernape
|-supereffective|p1a: Infernape
|-damage|p1a: Infernape|0 fnt
|faint|p1a: Infernape
|
|-heal|p2a: DuckMOON|236\/443|[from] item: Leftovers
|
|switch|p1a: Absol|Absol-Mega, M|271\/271
|turn|19
|
|switch|p2a: UU mad bruh|Vaporeon, F|464\/464
|-damage|p2a: UU mad bruh|406\/464|[from] Stealth Rock
|move|p1a: Absol|Knock Off|p2a: UU mad bruh
|-damage|p2a: UU mad bruh|114\/464
|-enditem|p2a: UU mad bruh|Leftovers|[from] move: Knock Off|[of] p1a: Absol
|
|turn|20
|
|move|p1a: Absol|Knock Off|p2a: UU mad bruh
|-damage|p2a: UU mad bruh|0 fnt
|faint|p2a: UU mad bruh
|
|
|switch|p2a: Boppity|Lucario, M|245\/281
|-damage|p2a: Boppity|237\/281|[from] Stealth Rock
|turn|21
|
|move|p1a: Absol|Play Rough|p2a: Boppity
|-crit|p2a: Boppity
|-damage|p2a: Boppity|7\/281
|move|p2a: Boppity|Close Combat|p1a: Absol
|-supereffective|p1a: Absol
|-damage|p1a: Absol|0 fnt
|-unboost|p2a: Boppity|def|1
|-unboost|p2a: Boppity|spd|1
|-damage|p2a: Boppity|0 fnt|[from] item: Life Orb
|faint|p1a: Absol
|faint|p2a: Boppity
|
|
|switch|p2a: DuckMOON|Cresselia, F|236\/443
|switch|p1a: Ludicolo|Ludicolo, F|363\/363
|-damage|p2a: DuckMOON|181\/443|[from] Stealth Rock
|turn|22
|
|move|p2a: DuckMOON|Substitute|p2a: DuckMOON
|-start|p2a: DuckMOON|Substitute
|-damage|p2a: DuckMOON|71\/443
|move|p1a: Ludicolo|Scald|p2a: DuckMOON
|-activate|p2a: DuckMOON|Substitute|[damage]
|
|-heal|p2a: DuckMOON|98\/443|[from] item: Leftovers
|turn|23
|
|move|p2a: DuckMOON|Calm Mind|p2a: DuckMOON
|-boost|p2a: DuckMOON|spa|1
|-boost|p2a: DuckMOON|spd|1
|move|p1a: Ludicolo|Scald|p2a: DuckMOON
|-end|p2a: DuckMOON|Substitute
|
|-heal|p2a: DuckMOON|125\/443|[from] item: Leftovers
|turn|24
|
|move|p2a: DuckMOON|Substitute|p2a: DuckMOON
|-start|p2a: DuckMOON|Substitute
|-damage|p2a: DuckMOON|15\/443
|move|p1a: Ludicolo|Scald|p2a: DuckMOON
|-activate|p2a: DuckMOON|Substitute|[damage]
|
|-heal|p2a: DuckMOON|42\/443|[from] item: Leftovers
|turn|25
|c| JSanchzz26|deej that was close
|c|âDeejTest|i can stilllose
|
|move|p2a: DuckMOON|Calm Mind|p2a: DuckMOON
|-boost|p2a: DuckMOON|spa|1
|-boost|p2a: DuckMOON|spd|1
|move|p1a: Ludicolo|Scald|p2a: DuckMOON
|-end|p2a: DuckMOON|Substitute
|
|-heal|p2a: DuckMOON|69\/443|[from] item: Leftovers
|turn|26
|c|âDeejTest|that bs crit
|c|âDeejTest|see faded
|c|âDeejTest|he can burn
|
|move|p2a: DuckMOON|Psyshock|p1a: Ludicolo
|-damage|p1a: Ludicolo|180\/363
|move|p1a: Ludicolo|Scald|p2a: DuckMOON
|-damage|p2a: DuckMOON|21\/443
|
|-heal|p2a: DuckMOON|48\/443|[from] item: Leftovers
|turn|27
|c|âDeejTest|cmonnnn
|
|move|p2a: DuckMOON|Psyshock|p1a: Ludicolo
|-damage|p1a: Ludicolo|0 fnt
|faint|p1a: Ludicolo
|
|win|DeejTest
|raw|Ladder updating...
|raw|Jarid's rating: 1391 &rarr; <strong>1365<\/strong><br \/>(-26 for losing)
|raw|DeejTest's rating: 1286 &rarr; <strong>1318<\/strong><br \/>(+32 for winning)
|c|âDeejTest|phewf
|c| JSanchzz26|noice
|c|âDeejTest|gg
|c| JSanchzz26|:]]]]]]
|leave|Jarid
|player|p1