|join|NYChillen
|join|JohnxYiu
|player|p1|NYChillen|135
|player|p2|JohnxYiu|20
|gametype|singles
|gen|6
|tier|OU
|rated
|clearpoke
|poke|p1|Cloyster, M, shiny
|poke|p1|Greninja, F, shiny
|poke|p1|Gengar, M
|poke|p1|Aerodactyl, M
|poke|p1|Azelf
|poke|p1|Bisharp, F, shiny
|poke|p2|Tyranitar, F
|poke|p2|Ferrothorn, M
|poke|p2|Slowbro, M
|poke|p2|Landorus, M
|poke|p2|Charizard, M
|poke|p2|Latios, M
|rule|Swagger Clause: Swagger is banned
|rule|Baton Pass Clause: Limit one PokÃ©mon knowing Baton Pass
|rule|Sleep Clause Mod: Limit one foe put to sleep
|rule|Species Clause: Limit one of each PokÃ©mon
|rule|OHKO Clause: OHKO moves are banned
|rule|Moody Clause: Moody is banned
|rule|Evasion Moves Clause: Evasion moves are banned
|rule|Endless Battle Clause: Forcing endless battles is banned
|rule|HP Percentage Mod: HP is shown in percentages
|teampreview
|
|start
|switch|p1a: UNC|Azelf|291\/291
|switch|p2a: Tyranitar|Tyranitar, F|342\/342
|-weather|Sandstorm
|turn|1
|
|move|p2a: Tyranitar|Crunch|p1a: UNC
|-supereffective|p1a: UNC
|-enditem|p1a: UNC|Focus Sash
|-damage|p1a: UNC|1\/291
|move|p1a: UNC|Taunt|p2a: Tyranitar
|-start|p2a: Tyranitar|move: Taunt
|
|-weather|Sandstorm|[upkeep]
|-damage|p1a: UNC|0 fnt|[from] sandstorm
|faint|p1a: UNC
|
|switch|p1a: Air Force|Aerodactyl, M|301\/301
|-ability|p1a: Air Force|Unnerve|p2: JohnxYiu
|turn|2
|
|switch|p1a: Furman|Gengar, M|261\/261
|move|p2a: Tyranitar|Crunch|p1a: Furman
|-supereffective|p1a: Furman
|-damage|p1a: Furman|0 fnt
|faint|p1a: Furman
|
|-weather|Sandstorm|[upkeep]
|
|switch|p1a: Duke|Cloyster, M, shiny|241\/241
|turn|3
|
|move|p2a: Tyranitar|Crunch|p1a: Duke
|-damage|p1a: Duke|157\/241
|move|p1a: Duke|Shell Smash|p1a: Duke
|-boost|p1a: Duke|atk|2
|-boost|p1a: Duke|spa|2
|-boost|p1a: Duke|spe|2
|-unboost|p1a: Duke|def|1
|-unboost|p1a: Duke|spd|1
|
|-weather|Sandstorm|[upkeep]
|-damage|p1a: Duke|142\/241|[from] sandstorm
|turn|4
|
|move|p1a: Duke|Icicle Spear|p2a: Tyranitar
|-damage|p2a: Tyranitar|270\/342
|-damage|p2a: Tyranitar|194\/342
|-damage|p2a: Tyranitar|124\/342
|-damage|p2a: Tyranitar|52\/342
|-damage|p2a: Tyranitar|0 fnt
|-hitcount|p2a: Tyranitar|5
|faint|p2a: Tyranitar
|
|-weather|Sandstorm|[upkeep]
|-damage|p1a: Duke|127\/241|[from] sandstorm
|
|switch|p2a: Slowbro|Slowbro, M|393\/393
|turn|5
|
|move|p1a: Duke|Explosion|p2a: Slowbro
|-damage|p2a: Slowbro|23\/393
|faint|p1a: Duke
|move|p2a: Slowbro|Grass Knot|p1: Duke|[notarget]
|-notarget
|
|-weather|none
|-heal|p2a: Slowbro|47\/393|[from] item: Leftovers
|
|switch|p1a: Air Force|Aerodactyl, M|301\/301
|-ability|p1a: Air Force|Unnerve|p2: JohnxYiu
|turn|6
|
|switch|p2a: Ferrothorn|Ferrothorn, M|352\/352
|detailschange|p1a: Air Force|Aerodactyl-Mega, M
|message|Aerodactyl has Mega Evolved into Mega Aerodactyl!
|move|p1a: Air Force|Aerial Ace|p2a: Ferrothorn
|-damage|p2a: Ferrothorn|243\/352
|-damage|p1a: Air Force|264\/301|[from] ability: Iron Barbs|[of] p2a: Ferrothorn
|
|-heal|p2a: Ferrothorn|265\/352|[from] item: Leftovers
|turn|7
|
|move|p1a: Air Force|Fire Fang|p2a: Ferrothorn
|-crit|p2a: Ferrothorn
|-supereffective|p2a: Ferrothorn
|-damage|p2a: Ferrothorn|0 fnt
|-damage|p1a: Air Force|227\/301|[from] ability: Iron Barbs|[of] p2a: Ferrothorn
|faint|p2a: Ferrothorn
|
|
|switch|p2a: Latios|Latios, M|299\/299
|turn|8
|
|switch|p1a: Hofstra|Bisharp, F, shiny|271\/271
|move|p2a: Latios|Draco Meteor|p1a: Hofstra
|-resisted|p1a: Hofstra
|-damage|p1a: Hofstra|57\/271
|-unboost|p2a: Latios|spa|2
|-damage|p2a: Latios|270\/299|[from] item: Life Orb
|
|turn|9
|
|switch|p2a: Charizard|Charizard, M|351\/351
|move|p1a: Hofstra|Sucker Punch|p2a: Charizard
|-fail|p2a: Charizard
|
|turn|10
|
|detailschange|p2a: Charizard|Charizard-Mega-X, M
|message|Charizard has Mega Evolved into Mega Charizard!
|move|p2a: Charizard|Will-O-Wisp|p1a: Hofstra|[miss]
|-miss|p2a: Charizard|p1a: Hofstra
|move|p1a: Hofstra|Swords Dance|p1a: Hofstra
|-boost|p1a: Hofstra|atk|2
|
|turn|11
|
|move|p2a: Charizard|Flare Blitz|p1a: Hofstra
|-supereffective|p1a: Hofstra
|-damage|p1a: Hofstra|0 fnt
|-damage|p2a: Charizard|332\/351|[from] recoil|[of] p1a: Hofstra
|faint|p1a: Hofstra
|
|
|switch|p1a: Air Force|Aerodactyl-Mega, M|227\/301
|turn|12
|
|move|p1a: Air Force|Stone Edge|p2a: Charizard|[miss]
|-miss|p1a: Air Force|p2a: Charizard
|move|p2a: Charizard|Will-O-Wisp|p1a: Air Force
|-status|p1a: Air Force|brn
|
|-damage|p1a: Air Force|190\/301 brn|[from] brn
|turn|13
|
|switch|p2a: Landorus|Landorus, M|319\/319
|move|p1a: Air Force|Stone Edge|p2a: Landorus|[miss]
|-miss|p1a: Air Force|p2a: Landorus
|
|-damage|p1a: Air Force|153\/301 brn|[from] brn
|turn|14
|
|move|p1a: Air Force|Stone Edge|p2a: Landorus
|-damage|p2a: Landorus|204\/319
|move|p2a: Landorus|Rock Polish|p2a: Landorus
|-boost|p2a: Landorus|spe|2
|
|-damage|p1a: Air Force|116\/301 brn|[from] brn
|turn|15
|
|move|p2a: Landorus|Psychic|p1a: Air Force
|-damage|p1a: Air Force|0 fnt
|faint|p1a: Air Force
|
|
|switch|p1a: Hopkins|Greninja, F, shiny|285\/285
|turn|16
|
|move|p2a: Landorus|Earth Power|p1a: Hopkins
|-damage|p1a: Hopkins|0 fnt
|faint|p1a: Hopkins
|
|win|JohnxYiu
|raw|Ladder updating...
|c|âNYChillen|gg
|c|âJohnxYiu|gg