|join|AlexXxis115
|join|NYChillen
|player|p1|AlexXxis115|169
|player|p2|NYChillen|135
|gametype|singles
|gen|6
|tier|OU
|clearpoke
|poke|p1|Charizard, M
|poke|p1|Thundurus, M
|poke|p1|Tyranitar, M
|poke|p1|Excadrill, M
|poke|p1|Keldeo-Resolute
|poke|p1|Landorus-Therian, M
|poke|p2|Bisharp, F
|poke|p2|Gardevoir, M
|poke|p2|Landorus-Therian, M
|poke|p2|Thundurus, M
|poke|p2|Greninja, M
|poke|p2|Lucario, F
|rule|Swagger Clause: Swagger is banned
|rule|Baton Pass Clause: Limit one PokÃ©mon knowing Baton Pass
|rule|Sleep Clause Mod: Limit one foe put to sleep
|rule|Species Clause: Limit one of each PokÃ©mon
|rule|OHKO Clause: OHKO moves are banned
|rule|Moody Clause: Moody is banned
|rule|Evasion Moves Clause: Evasion moves are banned
|rule|Endless Battle Clause: Forcing endless battles is banned
|rule|HP Percentage Mod: HP is shown in percentages
|teampreview
|c|âNYChillen|HF
|join|cliffdsixx
|c| cliffdsixx|https:\/\/www.youtube.com\/watch?v=qi6EHQzWfy8
|c|âNYChillen|i wish you no luck
|c| cliffdsixx|im here to set the mood :P
|c|âAlexXxis115|Same and thanks :D
|c|âAlexXxis115|My heart started to race xD
|c|âNYChillen|lol
|c|âNYChillen|you have a scary team friend
|
|start
|switch|p1a: Keldeo-Resolute|Keldeo-Resolute|323\/323
|switch|p2a: Thundurus|Thundurus, M|299\/299
|turn|1
|
|switch|p1a: Tyranitar|Tyranitar, M|403\/403
|-weather|Sandstorm
|move|p2a: Thundurus|Thunderbolt|p1a: Tyranitar
|-damage|p1a: Tyranitar|322\/403
|
|-weather|Sandstorm|[upkeep]
|-damage|p2a: Thundurus|281\/299|[from] sandstorm
|-heal|p2a: Thundurus|299\/299|[from] item: Leftovers
|-heal|p1a: Tyranitar|347\/403|[from] item: Leftovers
|turn|2
|
|switch|p1a: Landorus-Therian|Landorus-Therian, M|381\/381
|-ability|p1a: Landorus-Therian|Intimidate|[of] p2a: Thundurus
|-unboost|p2a: Thundurus|atk|1
|move|p2a: Thundurus|Focus Blast|p1a: Landorus-Therian
|-resisted|p1a: Landorus-Therian
|-damage|p1a: Landorus-Therian|299\/381
|
|-weather|Sandstorm|[upkeep]
|-damage|p2a: Thundurus|281\/299|[from] sandstorm
|-heal|p2a: Thundurus|299\/299|[from] item: Leftovers
|-heal|p1a: Landorus-Therian|322\/381|[from] item: Leftovers
|turn|3
|
|switch|p2a: Lucario|Lucario, F|281\/281
|switch|p1a: Thundurus|Thundurus, M|299\/299
|
|-weather|Sandstorm|[upkeep]
|-damage|p1a: Thundurus|281\/299|[from] sandstorm
|turn|4
|
|move|p2a: Lucario|Extreme Speed|p1a: Thundurus
|-damage|p1a: Thundurus|132\/299
|-damage|p2a: Lucario|253\/281|[from] item: Life Orb
|move|p1a: Thundurus|Thunder Wave|p2a: Lucario
|-status|p2a: Lucario|par
|
|-weather|Sandstorm|[upkeep]
|-damage|p1a: Thundurus|114\/299|[from] sandstorm
|turn|5
|
|switch|p1a: Landorus-Therian|Landorus-Therian, M|322\/381
|-ability|p1a: Landorus-Therian|Intimidate|[of] p2a: Lucario
|-unboost|p2a: Lucario|atk|1
|move|p2a: Lucario|Swords Dance|p2a: Lucario
|-boost|p2a: Lucario|atk|2
|
|-weather|none
|-heal|p1a: Landorus-Therian|345\/381|[from] item: Leftovers
|turn|6
|
|switch|p2a: Thundurus|Thundurus, M|299\/299
|move|p1a: Landorus-Therian|Earthquake|p2a: Thundurus
|-immune|p2a: Thundurus|[msg]
|
|-heal|p1a: Landorus-Therian|368\/381|[from] item: Leftovers
|turn|7
|
|move|p2a: Thundurus|Hidden Power|p1a: Landorus-Therian
|-supereffective|p1a: Landorus-Therian
|-damage|p1a: Landorus-Therian|44\/381
|move|p1a: Landorus-Therian|Stealth Rock|p2a: Thundurus
|-sidestart|p2: NYChillen|move: Stealth Rock
|
|-heal|p1a: Landorus-Therian|67\/381|[from] item: Leftovers
|turn|8
|
|switch|p1a: Tyranitar|Tyranitar, M|347\/403
|-weather|Sandstorm
|move|p2a: Thundurus|Hidden Power|p1a: Tyranitar
|-damage|p1a: Tyranitar|316\/403
|
|-weather|Sandstorm|[upkeep]
|-damage|p2a: Thundurus|281\/299|[from] sandstorm
|-heal|p2a: Thundurus|299\/299|[from] item: Leftovers
|-heal|p1a: Tyranitar|341\/403|[from] item: Leftovers
|turn|9
|
|move|p2a: Thundurus|Focus Blast|p1a: Tyranitar
|-supereffective|p1a: Tyranitar
|-damage|p1a: Tyranitar|53\/403
|move|p1a: Tyranitar|Stone Edge|p2a: Thundurus
|-supereffective|p2a: Thundurus
|-damage|p2a: Thundurus|0 fnt
|faint|p2a: Thundurus
|
|-weather|Sandstorm|[upkeep]
|-heal|p1a: Tyranitar|78\/403|[from] item: Leftovers
|c|âAlexXxis115|oh my
|c| cliffdsixx|woah
|c|âAlexXxis115|resisting 4x attack ftw
|c|âAlexXxis115|I mean, surviving
|c|âNYChillen|laaaag
|
|switch|p2a: Mega Gardevoir|Gardevoir, M|277\/277
|-damage|p2a: Mega Gardevoir|243\/277|[from] Stealth Rock
|-ability|p2a: Mega Gardevoir|Sand Stream|[from] ability: Trace|[of] p1a: Tyranitar
|turn|10
|c|âAlexXxis115|you already chose?
|
|detailschange|p2a: Mega Gardevoir|Gardevoir-Mega, M
|message|Gardevoir has Mega Evolved into Mega Gardevoir!
|move|p2a: Mega Gardevoir|Hyper Voice|p1a: Tyranitar
|-supereffective|p1a: Tyranitar
|-damage|p1a: Tyranitar|0 fnt
|faint|p1a: Tyranitar
|
|-weather|Sandstorm|[upkeep]
|-damage|p2a: Mega Gardevoir|226\/277|[from] sandstorm
|
|switch|p1a: Charizard|Charizard, M|297\/297
|turn|11
|
|detailschange|p1a: Charizard|Charizard-Mega-Y, M
|message|Charizard has Mega Evolved into Mega Charizard!
|-weather|SunnyDay
|move|p1a: Charizard|Fire Blast|p2a: Mega Gardevoir|[miss]
|-miss|p1a: Charizard|p2a: Mega Gardevoir
|move|p2a: Mega Gardevoir|Psyshock|p1a: Charizard
|-damage|p1a: Charizard|81\/297
|
|-weather|SunnyDay|[upkeep]
|turn|12
|
|move|p1a: Charizard|Fire Blast|p2a: Mega Gardevoir
|-damage|p2a: Mega Gardevoir|0 fnt
|faint|p2a: Mega Gardevoir
|
|-weather|SunnyDay|[upkeep]
|
|switch|p2a: Greninja|Greninja, M|285\/285
|-damage|p2a: Greninja|250\/285|[from] Stealth Rock
|turn|13
|
|switch|p1a: Keldeo-Resolute|Keldeo-Resolute|323\/323
|move|p2a: Greninja|Ice Beam|p1a: Keldeo-Resolute
|-start|p2a: Greninja|typechange|Ice|[from] Protean
|-resisted|p1a: Keldeo-Resolute
|-damage|p1a: Keldeo-Resolute|224\/323
|-damage|p2a: Greninja|222\/285|[from] item: Life Orb
|
|-weather|SunnyDay|[upkeep]
|turn|14
|
|switch|p2a: Landorus-Therian|Landorus-Therian, M|327\/327
|-damage|p2a: Landorus-Therian|287\/327|[from] Stealth Rock
|-ability|p2a: Landorus-Therian|Intimidate|[of] p1a: Keldeo-Resolute
|-unboost|p1a: Keldeo-Resolute|atk|1
|switch|p1a: Excadrill|Excadrill, M|361\/361
|
|-weather|SunnyDay|[upkeep]
|turn|15
|
|switch|p1a: Landorus-Therian|Landorus-Therian, M|67\/381
|-ability|p1a: Landorus-Therian|Intimidate|[of] p2a: Landorus-Therian
|-unboost|p2a: Landorus-Therian|atk|1
|move|p2a: Landorus-Therian|Stealth Rock|p1a: Landorus-Therian
|-sidestart|p1: AlexXxis115|move: Stealth Rock
|
|-weather|none
|-heal|p1a: Landorus-Therian|90\/381|[from] item: Leftovers
|turn|16
|
|switch|p2a: Lucario|Lucario, F|253\/281 par
|-damage|p2a: Lucario|245\/281 par|[from] Stealth Rock
|move|p1a: Landorus-Therian|Knock Off|p2a: Lucario
|-resisted|p2a: Lucario
|-damage|p2a: Lucario|169\/281 par
|-boost|p2a: Lucario|atk|1|[from] ability: Justified
|-enditem|p2a: Lucario|Life Orb|[from] move: Knock Off|[of] p1a: Landorus-Therian
|
|-heal|p1a: Landorus-Therian|113\/381|[from] item: Leftovers
|turn|17
|
|move|p2a: Lucario|Extreme Speed|p1a: Landorus-Therian
|-damage|p1a: Landorus-Therian|2\/381
|move|p1a: Landorus-Therian|Earthquake|p2a: Lucario
|-supereffective|p2a: Lucario
|-damage|p2a: Lucario|0 fnt
|faint|p2a: Lucario
|
|-heal|p1a: Landorus-Therian|25\/381|[from] item: Leftovers
|c|âAlexXxis115|I swear, you must be getting minimum damage every time
|
|switch|p2a: Greninja|Greninja, M|222\/285
|-damage|p2a: Greninja|187\/285|[from] Stealth Rock
|turn|18
|
|move|p2a: Greninja|Ice Beam|p1a: Landorus-Therian
|-start|p2a: Greninja|typechange|Ice|[from] Protean
|-supereffective|p1a: Landorus-Therian
|-damage|p1a: Landorus-Therian|0 fnt
|-damage|p2a: Greninja|159\/285|[from] item: Life Orb
|faint|p1a: Landorus-Therian
|
|
|switch|p1a: Excadrill|Excadrill, M|361\/361
|-damage|p1a: Excadrill|350\/361|[from] Stealth Rock
|turn|19
|
|move|p1a: Excadrill|Rapid Spin|p2a: Greninja
|-damage|p2a: Greninja|121\/285
|-sideend|p1: AlexXxis115|Stealth Rock|[from] move: Rapid Spin|[of] p1a: Excadrill
|move|p2a: Greninja|Hydro Pump|p1a: Excadrill
|-start|p2a: Greninja|typechange|Water|[from] Protean
|-supereffective|p1a: Excadrill
|-damage|p1a: Excadrill|0 fnt
|-damage|p2a: Greninja|93\/285|[from] item: Life Orb
|faint|p1a: Excadrill
|
|
|switch|p1a: Thundurus|Thundurus, M|114\/299
|turn|20
|
|switch|p2a: Landorus-Therian|Landorus-Therian, M|287\/327
|-damage|p2a: Landorus-Therian|247\/327|[from] Stealth Rock
|-ability|p2a: Landorus-Therian|Intimidate|[of] p1a: Thundurus
|-unboost|p1a: Thundurus|atk|1
|move|p1a: Thundurus|Thunder Wave|p2a: Landorus-Therian
|-immune|p2a: Landorus-Therian|[msg]
|
|turn|21
|
|move|p1a: Thundurus|Hidden Power|p2a: Landorus-Therian
|-supereffective|p2a: Landorus-Therian
|-damage|p2a: Landorus-Therian|0 fnt
|-damage|p1a: Thundurus|85\/299|[from] item: Life Orb
|faint|p2a: Landorus-Therian
|
|
|switch|p2a: Bisharp|Bisharp, F|319\/319
|-damage|p2a: Bisharp|300\/319|[from] Stealth Rock
|turn|22
|
|switch|p1a: Keldeo-Resolute|Keldeo-Resolute|224\/323
|move|p2a: Bisharp|Knock Off|p1a: Keldeo-Resolute
|-crit|p1a: Keldeo-Resolute
|-resisted|p1a: Keldeo-Resolute
|-damage|p1a: Keldeo-Resolute|40\/323
|-boost|p1a: Keldeo-Resolute|atk|1|[from] ability: Justified
|-enditem|p1a: Keldeo-Resolute|Choice Specs|[from] move: Knock Off|[of] p2a: Bisharp
|
|turn|23
|
|move|p2a: Bisharp|Sucker Punch|p1a: Keldeo-Resolute
|-resisted|p1a: Keldeo-Resolute
|-damage|p1a: Keldeo-Resolute|0 fnt
|faint|p1a: Keldeo-Resolute
|
|
|switch|p1a: Charizard|Charizard-Mega-Y, M|81\/297
|-weather|SunnyDay
|turn|24
|
|move|p1a: Charizard|Roost|p1a: Charizard
|-heal|p1a: Charizard|230\/297
|move|p2a: Bisharp|Knock Off|p1a: Charizard
|-crit|p1a: Charizard
|-damage|p1a: Charizard|0 fnt
|faint|p1a: Charizard
|
|-weather|SunnyDay|[upkeep]
|c|âNYChillen|lolllll
|
|switch|p1a: Thundurus|Thundurus, M|85\/299
|turn|25
|
|move|p1a: Thundurus|Thunder Wave|p2a: Bisharp
|-status|p2a: Bisharp|par
|move|p2a: Bisharp|Sucker Punch|p1a: Thundurus
|-fail|p1a: Thundurus
|
|-weather|SunnyDay|[upkeep]
|turn|26
|
|move|p2a: Bisharp|Sucker Punch|p1a: Thundurus
|-damage|p1a: Thundurus|0 fnt
|faint|p1a: Thundurus
|
|win|NYChillen
|c|âNYChillen|gg
|c|âAlexXxis115|gg
|c| cliffdsixx|i have never seen anyone use a bisharp better than u josh
|c| cliffdsixx|just sayin
|c|âNYChillen|thank you
|c|âAlexXxis115|sigh that crit on keldeo
|c|âNYChillen|he won me the last 2
|c|âAlexXxis115|oh well, second one
|c|âNYChillen|i had a chance to 2hko w\/o the crit
|c|âNYChillen|but it was deff a role