|join|reymedy is salty
|join|NYChillen
|player|p1|reymedy is salty|23
|player|p2|NYChillen|102
|gametype|singles
|gen|6
|tier|OU
|rated
|clearpoke
|poke|p1|Sableye, M
|poke|p1|Heatran, M
|poke|p1|Ferrothorn, M
|poke|p1|Rotom-Wash
|poke|p1|Landorus-Therian, M
|poke|p1|Latios, M
|poke|p2|Breloom, M
|poke|p2|Bisharp, M
|poke|p2|Heatran, F
|poke|p2|Sylveon, M
|poke|p2|Heracross, M
|poke|p2|Garchomp, F
|rule|Swagger Clause: Swagger is banned
|rule|Baton Pass Clause: Limit one PokÃ©mon knowing Baton Pass
|rule|Sleep Clause Mod: Limit one foe put to sleep
|rule|Species Clause: Limit one of each PokÃ©mon
|rule|OHKO Clause: OHKO moves are banned
|rule|Moody Clause: Moody is banned
|rule|Evasion Moves Clause: Evasion moves are banned
|rule|Endless Battle Clause: Forcing endless battles is banned
|rule|HP Percentage Mod: HP is shown in percentages
|teampreview
|
|start
|switch|p1a: Landorus-Therian|Landorus-Therian, M|325\/325
|switch|p2a: Peach|Sylveon, M|392\/392
|-ability|p1a: Landorus-Therian|Intimidate|[of] p2a: Peach
|-unboost|p2a: Peach|atk|1
|turn|1
|
|move|p1a: Landorus-Therian|U-turn|p2a: Peach
|-resisted|p2a: Peach
|-damage|p2a: Peach|329\/392
|
|switch|p1a: Heatran|Heatran, M|385\/385
|move|p2a: Peach|Baton Pass|p2a: Peach
|
|switch|p2a: Wario|Heracross, M|301\/301
|
|turn|2
|
|switch|p1a: Landorus-Therian|Landorus-Therian, M|325\/325
|-ability|p1a: Landorus-Therian|Intimidate|[of] p2a: Wario
|-unboost|p2a: Wario|atk|1
|detailschange|p2a: Wario|Heracross-Mega, M
|message|Heracross has Mega Evolved into Mega Heracross!
|move|p2a: Wario|Substitute|p2a: Wario
|-start|p2a: Wario|Substitute
|-damage|p2a: Wario|226\/301
|
|turn|3
|
|move|p1a: Landorus-Therian|Stone Edge|p2a: Wario
|-end|p2a: Wario|Substitute
|move|p2a: Wario|Rock Blast|p1a: Landorus-Therian
|-damage|p1a: Landorus-Therian|303\/325
|-damage|p1a: Landorus-Therian|280\/325
|-damage|p1a: Landorus-Therian|258\/325
|-damage|p1a: Landorus-Therian|236\/325
|-damage|p1a: Landorus-Therian|212\/325
|-hitcount|p1a: Landorus-Therian|5
|
|turn|4
|
|switch|p1a: Sableye|Sableye, M|303\/303
|move|p2a: Wario|Pin Missile|p1a: Sableye
|-damage|p1a: Sableye|275\/303
|-damage|p1a: Sableye|245\/303
|-damage|p1a: Sableye|217\/303
|-damage|p1a: Sableye|190\/303
|-damage|p1a: Sableye|162\/303
|-hitcount|p1a: Sableye|5
|
|turn|5
|
|switch|p2a: Bowser|Heatran, F|326\/326
|-item|p2a: Bowser|Air Balloon
|move|p1a: Sableye|Recover|p1a: Sableye
|-heal|p1a: Sableye|303\/303
|
|turn|6
|
|detailschange|p1a: Sableye|Sableye-Mega, M
|message|Sableye has Mega Evolved into Mega Sableye!
|move|p1a: Sableye|Calm Mind|p1a: Sableye
|-boost|p1a: Sableye|spa|1
|-boost|p1a: Sableye|spd|1
|move|p2a: Bowser|Fire Blast|p1a: Sableye
|-damage|p1a: Sableye|186\/303
|
|turn|7
|
|switch|p2a: Peach|Sylveon, M|329\/392
|move|p1a: Sableye|Recover|p1a: Sableye
|-heal|p1a: Sableye|303\/303
|
|turn|8
|
|switch|p1a: Heatran|Heatran, M|385\/385
|move|p2a: Peach|Hyper Voice|p1a: Heatran
|-resisted|p1a: Heatran
|-damage|p1a: Heatran|324\/385
|
|-heal|p1a: Heatran|348\/385|[from] item: Leftovers
|turn|9
|
|switch|p1a: Rotom-Wash|Rotom-Wash|303\/303
|switch|p2a: Bowser|Heatran, F|326\/326
|-item|p2a: Bowser|Air Balloon
|
|turn|10
|
|switch|p2a: Deze Nuts|Garchomp, F|357\/357
|move|p1a: Rotom-Wash|Volt Switch|p2a: Deze Nuts
|-immune|p2a: Deze Nuts|[msg]
|
|turn|11
|
|switch|p1a: Sableye|Sableye-Mega, M|303\/303
|move|p2a: Deze Nuts|Stealth Rock|p1a: Sableye
|move|p1a: Sableye|Stealth Rock|p2a: Deze Nuts|[from]Magic Bounce
|-sidestart|p2: NYChillen|move: Stealth Rock
|
|turn|12
|
|move|p2a: Deze Nuts|Swords Dance|p2a: Deze Nuts
|-boost|p2a: Deze Nuts|atk|2
|move|p1a: Sableye|Dark Pulse|p2a: Deze Nuts
|-damage|p2a: Deze Nuts|264\/357
|
|turn|13
|
|switch|p1a: Latios|Latios, M|301\/301
|move|p2a: Deze Nuts|Dragon Claw|p1a: Latios
|-supereffective|p1a: Latios
|-damage|p1a: Latios|0 fnt
|faint|p1a: Latios
|
|
|switch|p1a: Landorus-Therian|Landorus-Therian, M|212\/325
|-ability|p1a: Landorus-Therian|Intimidate|[of] p2a: Deze Nuts
|-unboost|p2a: Deze Nuts|atk|1
|turn|14
|
|move|p1a: Landorus-Therian|U-turn|p2a: Deze Nuts
|-damage|p2a: Deze Nuts|177\/357
|-damage|p1a: Landorus-Therian|172\/325|[from] ability: Rough Skin|[of] p2a: Deze Nuts
|-damage|p1a: Landorus-Therian|118\/325|[from] item: Rocky Helmet|[of] p2a: Deze Nuts
|
|switch|p1a: Ferrothorn|Ferrothorn, M|351\/351
|move|p2a: Deze Nuts|Dragon Claw|p1a: Ferrothorn
|-resisted|p1a: Ferrothorn
|-damage|p1a: Ferrothorn|282\/351
|-damage|p2a: Deze Nuts|133\/357|[from] ability: Iron Barbs|[of] p1a: Ferrothorn
|
|-heal|p1a: Ferrothorn|303\/351|[from] item: Leftovers
|turn|15
|
|move|p2a: Deze Nuts|Stealth Rock|p1a: Ferrothorn
|-sidestart|p1: reymedy is salty|move: Stealth Rock
|move|p1a: Ferrothorn|Gyro Ball|p2a: Deze Nuts
|-damage|p2a: Deze Nuts|0 fnt
|-damage|p1a: Ferrothorn|260\/351|[from] ability: Rough Skin|[of] p2a: Deze Nuts
|-damage|p1a: Ferrothorn|202\/351|[from] item: Rocky Helmet|[of] p2a: Deze Nuts
|faint|p2a: Deze Nuts
|
|-heal|p1a: Ferrothorn|223\/351|[from] item: Leftovers
|
|switch|p2a: Wario|Heracross-Mega, M|226\/301
|-damage|p2a: Wario|189\/301|[from] Stealth Rock
|turn|16
|
|move|p2a: Wario|Pin Missile|p1a: Ferrothorn
|-damage|p1a: Ferrothorn|180\/351
|-damage|p1a: Ferrothorn|138\/351
|-crit|p1a: Ferrothorn
|-damage|p1a: Ferrothorn|69\/351
|-damage|p1a: Ferrothorn|23\/351
|-damage|p1a: Ferrothorn|0 fnt
|-hitcount|p1a: Ferrothorn|5
|faint|p1a: Ferrothorn
|
|
|switch|p1a: Rotom-Wash|Rotom-Wash|303\/303
|-damage|p1a: Rotom-Wash|266\/303|[from] Stealth Rock
|turn|17
|
|move|p2a: Wario|Substitute|p2a: Wario
|-start|p2a: Wario|Substitute
|-damage|p2a: Wario|114\/301
|move|p1a: Rotom-Wash|Hydro Pump|p2a: Wario
|-end|p2a: Wario|Substitute
|
|-heal|p1a: Rotom-Wash|284\/303|[from] item: Leftovers
|turn|18
|
|move|p2a: Wario|Substitute|p2a: Wario
|-start|p2a: Wario|Substitute
|-damage|p2a: Wario|39\/301
|move|p1a: Rotom-Wash|Volt Switch|p2a: Wario
|-end|p2a: Wario|Substitute
|
|switch|p1a: Landorus-Therian|Landorus-Therian, M|118\/325
|-damage|p1a: Landorus-Therian|78\/325|[from] Stealth Rock
|-ability|p1a: Landorus-Therian|Intimidate|[of] p2a: Wario
|-unboost|p2a: Wario|atk|1
|
|turn|19
|
|move|p1a: Landorus-Therian|Earthquake|p2a: Wario
|-resisted|p2a: Wario
|-damage|p2a: Wario|0 fnt
|faint|p2a: Wario
|
|
|switch|p2a: Bowser|Heatran, F|326\/326
|-damage|p2a: Bowser|286\/326|[from] Stealth Rock
|-item|p2a: Bowser|Air Balloon
|turn|20
|
|switch|p1a: Rotom-Wash|Rotom-Wash|284\/303
|-damage|p1a: Rotom-Wash|247\/303|[from] Stealth Rock
|move|p2a: Bowser|Fire Blast|p1a: Rotom-Wash
|-resisted|p1a: Rotom-Wash
|-damage|p1a: Rotom-Wash|161\/303
|
|-heal|p1a: Rotom-Wash|179\/303|[from] item: Leftovers
|turn|21
|
|move|p2a: Bowser|Fire Blast|p1a: Rotom-Wash
|-resisted|p1a: Rotom-Wash
|-damage|p1a: Rotom-Wash|92\/303
|move|p1a: Rotom-Wash|Hydro Pump|p2a: Bowser
|-supereffective|p2a: Bowser
|-damage|p2a: Bowser|34\/326
|-enditem|p2a: Bowser|Air Balloon
|
|-heal|p1a: Rotom-Wash|110\/303|[from] item: Leftovers
|turn|22
|
|move|p2a: Bowser|Fire Blast|p1a: Rotom-Wash
|-crit|p1a: Rotom-Wash
|-resisted|p1a: Rotom-Wash
|-damage|p1a: Rotom-Wash|0 fnt
|faint|p1a: Rotom-Wash
|
|
|switch|p1a: Landorus-Therian|Landorus-Therian, M|78\/325
|-damage|p1a: Landorus-Therian|38\/325|[from] Stealth Rock
|-ability|p1a: Landorus-Therian|Intimidate|[of] p2a: Bowser
|-unboost|p2a: Bowser|atk|1
|turn|23
|
|move|p1a: Landorus-Therian|Earthquake|p2a: Bowser
|-supereffective|p2a: Bowser
|-damage|p2a: Bowser|0 fnt
|faint|p2a: Bowser
|
|
|switch|p2a: Luigi|Breloom, M|261\/261
|-damage|p2a: Luigi|245\/261|[from] Stealth Rock
|turn|24
|
|switch|p1a: Heatran|Heatran, M|348\/385
|-damage|p1a: Heatran|300\/385|[from] Stealth Rock
|move|p2a: Luigi|Mach Punch|p1a: Heatran
|-supereffective|p1a: Heatran
|-damage|p1a: Heatran|78\/385
|
|-heal|p1a: Heatran|102\/385|[from] item: Leftovers
|turn|25
|
|move|p1a: Heatran|Protect|p1a: Heatran
|-singleturn|p1a: Heatran|Protect
|move|p2a: Luigi|Bullet Seed|p1a: Heatran
|-activate|p1a: Heatran|Protect
|
|-heal|p1a: Heatran|126\/385|[from] item: Leftovers
|turn|26
|
|switch|p1a: Sableye|Sableye-Mega, M|303\/303
|-damage|p1a: Sableye|266\/303|[from] Stealth Rock
|move|p2a: Luigi|Mach Punch|p1a: Sableye
|-immune|p1a: Sableye|[msg]
|
|turn|27
|
|move|p2a: Luigi|Bullet Seed|p1a: Sableye
|-damage|p1a: Sableye|220\/303
|-damage|p1a: Sableye|178\/303
|-damage|p1a: Sableye|139\/303
|-damage|p1a: Sableye|99\/303
|-damage|p1a: Sableye|60\/303
|-hitcount|p1a: Sableye|5
|move|p1a: Sableye|Will-O-Wisp|p2a: Luigi
|-status|p2a: Luigi|brn
|
|-damage|p2a: Luigi|213\/261 brn|[from] brn
|turn|28
|
|move|p2a: Luigi|Bullet Seed|p1a: Sableye
|-damage|p1a: Sableye|38\/303
|-damage|p1a: Sableye|17\/303
|-damage|p1a: Sableye|0 fnt
|-hitcount|p1a: Sableye|3
|faint|p1a: Sableye
|
|-damage|p2a: Luigi|181\/261 brn|[from] brn
|-message|reymedy is salty forfeited.
|
|win|NYChillen
|raw|Ladder updating...
|leave|reymedy is salty
|player|p1
|raw|reymedy is salty's rating: 1525 &rarr; <strong>1505<\/strong><br \/>(-20 for losing)
|raw|NYChillen's rating: 1524 &rarr; <strong>1544<\/strong><br \/>(+20 for winning)