|join|NYChillen
|join|RSMessiii
|player|p1|NYChillen|135
|player|p2|RSMessiii|2
|gametype|singles
|gen|6
|tier|OU
|clearpoke
|poke|p1|Bisharp, F
|poke|p1|Gardevoir, M
|poke|p1|Landorus-Therian, M
|poke|p1|Thundurus, M
|poke|p1|Greninja, M
|poke|p1|Lucario, F
|poke|p2|Manaphy
|poke|p2|Gengar, F
|poke|p2|Thundurus, M
|poke|p2|Landorus-Therian, M
|poke|p2|Medicham, M
|poke|p2|Mew
|rule|Swagger Clause: Swagger is banned
|rule|Baton Pass Clause: Limit one PokÃ©mon knowing Baton Pass
|rule|Sleep Clause Mod: Limit one foe put to sleep
|rule|Species Clause: Limit one of each PokÃ©mon
|rule|OHKO Clause: OHKO moves are banned
|rule|Moody Clause: Moody is banned
|rule|Evasion Moves Clause: Evasion moves are banned
|rule|Endless Battle Clause: Forcing endless battles is banned
|rule|HP Percentage Mod: HP is shown in percentages
|teampreview
|join|cliffdsixx
|
|start
|switch|p1a: Landorus-Therian|Landorus-Therian, M|327\/327
|switch|p2a: Medicham|Medicham, M|261\/261
|-ability|p1a: Landorus-Therian|Intimidate|[of] p2a: Medicham
|-unboost|p2a: Medicham|atk|1
|turn|1
|c| cliffdsixx|i'll see if we can't do something in the pizza dpt jonas haha
|
|detailschange|p2a: Medicham|Medicham-Mega, M
|message|Medicham has Mega Evolved into Mega Medicham!
|move|p2a: Medicham|Fake Out|p1a: Landorus-Therian
|-damage|p1a: Landorus-Therian|263\/327
|cant|p1a: Landorus-Therian|flinch
|
|turn|2
|
|move|p1a: Landorus-Therian|Stealth Rock|p2a: Medicham
|-sidestart|p2: RSMessiii|move: Stealth Rock
|move|p2a: Medicham|High Jump Kick|p1a: Landorus-Therian
|-crit|p1a: Landorus-Therian
|-resisted|p1a: Landorus-Therian
|-damage|p1a: Landorus-Therian|0 fnt
|faint|p1a: Landorus-Therian
|
|c|âRSMessiii|omg
|c| cliffdsixx|well that is just unfortunate
|
|switch|p1a: Mega Gardevoir|Gardevoir, M|277\/277
|-ability|p1a: Mega Gardevoir|Pure Power|[from] ability: Trace|[of] p2a: Medicham
|turn|3
|
|switch|p2a: Mew|Mew|404\/404
|-damage|p2a: Mew|354\/404|[from] Stealth Rock
|detailschange|p1a: Mega Gardevoir|Gardevoir-Mega, M
|message|Gardevoir has Mega Evolved into Mega Gardevoir!
|move|p1a: Mega Gardevoir|Hyper Voice|p2a: Mew
|-crit|p2a: Mew
|-damage|p2a: Mew|26\/404
|
|-heal|p2a: Mew|51\/404|[from] item: Leftovers
|turn|4
|
|move|p1a: Mega Gardevoir|Hyper Voice|p2a: Mew
|-damage|p2a: Mew|0 fnt
|faint|p2a: Mew
|
|
|switch|p2a: Gengar|Gengar, F|283\/283
|-damage|p2a: Gengar|248\/283|[from] Stealth Rock
|turn|5
|
|move|p2a: Gengar|Substitute|p2a: Gengar
|-start|p2a: Gengar|Substitute
|-damage|p2a: Gengar|178\/283
|move|p1a: Mega Gardevoir|Psyshock|p2a: Gengar
|-supereffective|p2a: Gengar
|-end|p2a: Gengar|Substitute
|
|-heal|p2a: Gengar|195\/283|[from] item: Black Sludge
|turn|6
|
|move|p2a: Gengar|Shadow Ball|p1a: Mega Gardevoir
|-supereffective|p1a: Mega Gardevoir
|-damage|p1a: Mega Gardevoir|55\/277
|move|p1a: Mega Gardevoir|Hyper Voice|p2a: Gengar
|-resisted|p2a: Gengar
|-damage|p2a: Gengar|21\/283
|
|-heal|p2a: Gengar|38\/283|[from] item: Black Sludge
|turn|7
|
|move|p2a: Gengar|Shadow Ball|p1a: Mega Gardevoir
|-crit|p1a: Mega Gardevoir
|-supereffective|p1a: Mega Gardevoir
|-damage|p1a: Mega Gardevoir|0 fnt
|faint|p1a: Mega Gardevoir
|
|-heal|p2a: Gengar|55\/283|[from] item: Black Sludge
|
|switch|p1a: Thundurus|Thundurus, M|299\/299
|turn|8
|
|switch|p2a: Manaphy|Manaphy|404\/404
|-damage|p2a: Manaphy|354\/404|[from] Stealth Rock
|move|p1a: Thundurus|Hidden Power|p2a: Manaphy
|-resisted|p2a: Manaphy
|-damage|p2a: Manaphy|317\/404
|
|-heal|p2a: Manaphy|342\/404|[from] item: Leftovers
|turn|9
|
|switch|p2a: Landorus-Therian|Landorus-Therian, M|369\/369
|-damage|p2a: Landorus-Therian|323\/369|[from] Stealth Rock
|-ability|p2a: Landorus-Therian|Intimidate|[of] p1a: Thundurus
|-unboost|p1a: Thundurus|atk|1
|move|p1a: Thundurus|Hidden Power|p2a: Landorus-Therian
|-supereffective|p2a: Landorus-Therian
|-damage|p2a: Landorus-Therian|0 fnt
|faint|p2a: Landorus-Therian
|
|c| cliffdsixx|jonas livin life on the edge there
|c|âRSMessiii|this team sucks lol
|c|âRSMessiii|nicely predcted tho
|
|switch|p2a: Thundurus|Thundurus, M|299\/299
|-damage|p2a: Thundurus|225\/299|[from] Stealth Rock
|turn|10
|c|âNYChillen|its not your best team
|c|âRSMessiii|nope no wonder i never used it again lol
|
|switch|p1a: Greninja|Greninja, M|285\/285
|move|p2a: Thundurus|Thunderbolt|p1a: Greninja
|-supereffective|p1a: Greninja
|-damage|p1a: Greninja|0 fnt
|-damage|p2a: Thundurus|196\/299|[from] item: Life Orb
|faint|p1a: Greninja
|
|
|switch|p1a: Bisharp|Bisharp, F|319\/319
|turn|11
|
|switch|p2a: Gengar|Gengar, F|55\/283
|-damage|p2a: Gengar|20\/283|[from] Stealth Rock
|move|p1a: Bisharp|Knock Off|p2a: Gengar
|-supereffective|p2a: Gengar
|-damage|p2a: Gengar|0 fnt
|-enditem|p2a: Gengar|Black Sludge|[from] move: Knock Off|[of] p1a: Bisharp
|faint|p2a: Gengar
|
|
|switch|p2a: Manaphy|Manaphy|342\/404
|-damage|p2a: Manaphy|292\/404|[from] Stealth Rock
|turn|12
|
|move|p2a: Manaphy|Scald|p1a: Bisharp
|-damage|p1a: Bisharp|181\/319
|move|p1a: Bisharp|Iron Head|p2a: Manaphy
|-resisted|p2a: Manaphy
|-damage|p2a: Manaphy|234\/404
|
|-heal|p2a: Manaphy|259\/404|[from] item: Leftovers
|turn|13
|
|switch|p1a: Thundurus|Thundurus, M|299\/299
|move|p2a: Manaphy|Scald|p1a: Thundurus
|-damage|p1a: Thundurus|196\/299
|
|-heal|p1a: Thundurus|214\/299|[from] item: Leftovers
|-heal|p2a: Manaphy|284\/404|[from] item: Leftovers
|turn|14
|
|switch|p2a: Medicham|Medicham-Mega, M|261\/261
|-damage|p2a: Medicham|245\/261|[from] Stealth Rock
|move|p1a: Thundurus|Thunderbolt|p2a: Medicham
|-damage|p2a: Medicham|70\/261
|
|-heal|p1a: Thundurus|232\/299|[from] item: Leftovers
|turn|15
|
|move|p2a: Medicham|Fake Out|p1a: Thundurus
|-crit|p1a: Thundurus
|-damage|p1a: Thundurus|48\/299
|cant|p1a: Thundurus|flinch
|
|-heal|p1a: Thundurus|66\/299|[from] item: Leftovers
|turn|16
|
|move|p2a: Medicham|Bullet Punch|p1a: Thundurus
|-resisted|p1a: Thundurus
|-damage|p1a: Thundurus|7\/299
|move|p1a: Thundurus|Thunderbolt|p2a: Medicham
|-damage|p2a: Medicham|0 fnt
|faint|p2a: Medicham
|
|-heal|p1a: Thundurus|25\/299|[from] item: Leftovers
|
|switch|p2a: Thundurus|Thundurus, M|196\/299
|-damage|p2a: Thundurus|122\/299|[from] Stealth Rock
|turn|17
|
|switch|p1a: Bisharp|Bisharp, F|181\/319
|move|p2a: Thundurus|Thunderbolt|p1a: Bisharp
|-damage|p1a: Bisharp|0 fnt
|-damage|p2a: Thundurus|93\/299|[from] item: Life Orb
|faint|p1a: Bisharp
|
|
|switch|p1a: Lucario|Lucario, F|281\/281
|turn|18
|c|âRSMessiii|gg
|
|move|p1a: Lucario|Extreme Speed|p2a: Thundurus
|-damage|p2a: Thundurus|0 fnt
|-damage|p1a: Lucario|253\/281|[from] item: Life Orb
|faint|p2a: Thundurus
|
|c|âNYChillen|gg
|
|switch|p2a: Manaphy|Manaphy|284\/404
|-damage|p2a: Manaphy|234\/404|[from] Stealth Rock
|turn|19
|
|move|p1a: Lucario|Close Combat|p2a: Manaphy
|-damage|p2a: Manaphy|35\/404
|-unboost|p1a: Lucario|def|1
|-unboost|p1a: Lucario|spd|1
|-damage|p1a: Lucario|225\/281|[from] item: Life Orb
|move|p2a: Manaphy|Scald|p1a: Lucario
|-damage|p1a: Lucario|51\/281
|
|-heal|p2a: Manaphy|60\/404|[from] item: Leftovers
|turn|20
|c| cliffdsixx|quick claw manaphy outspeeds and kills the last 2
|
|move|p1a: Lucario|Close Combat|p2a: Manaphy
|-damage|p2a: Manaphy|0 fnt
|-unboost|p1a: Lucario|def|1
|-unboost|p1a: Lucario|spd|1
|-damage|p1a: Lucario|23\/281|[from] item: Life Orb
|faint|p2a: Manaphy
|
|win|NYChillen
|c|âRSMessiii|yea lol
|c|âNYChillen|facts
|c| cliffdsixx|i would've laughed so hard
|c|âNYChillen|so
|c|âNYChillen|lets talk
|c|âNYChillen|about
|c|âRSMessiii|i once battled someone with quick claw does
|c|âRSMessiii|deo s
|c|âNYChillen|Counter flamethrower blissey
|c|âRSMessiii|seems viable
|c| cliffdsixx|what about it? :P
|c|âRSMessiii|softbioled flamethrower counter +Ã
|c|âRSMessiii|?
|c| cliffdsixx|toxic
|c|âNYChillen|toxi
|c|âRSMessiii|or wish + protect?
|c|âRSMessiii|ah right
|c|âNYChillen|it's like jirachi with counter instead of counter
|c|âNYChillen|counter instead of flinching lol
|c| cliffdsixx|its totally not gonna get me anywhere in a tour with u guys tho haha
|c|âRSMessiii|xD
|c| cliffdsixx|u guys all know its comin
|c|âNYChillen|its a nice set for a tourney 
|c|âRSMessiii|sure :D
|c| cliffdsixx|so i can't just counter a conk with them expecting a switch and hitting knock off
|c| cliffdsixx|yall know better :P