|join|NYChillen
|join|RSMessiii
|player|p1|NYChillen|135
|player|p2|RSMessiii|2
|gametype|singles
|gen|6
|tier|OU
|clearpoke
|poke|p1|Dragonite, F
|poke|p1|Empoleon, M
|poke|p1|Heracross, M
|poke|p1|Landorus-Therian, M
|poke|p1|Entei, shiny
|poke|p1|Latias, F
|poke|p2|Garchomp, F
|poke|p2|Tyranitar, M
|poke|p2|Hippowdon, M
|poke|p2|Excadrill, F
|poke|p2|Latias, F
|poke|p2|Azumarill, M
|rule|Swagger Clause: Swagger is banned
|rule|Baton Pass Clause: Limit one PokÃ©mon knowing Baton Pass
|rule|Sleep Clause Mod: Limit one foe put to sleep
|rule|Species Clause: Limit one of each PokÃ©mon
|rule|OHKO Clause: OHKO moves are banned
|rule|Moody Clause: Moody is banned
|rule|Evasion Moves Clause: Evasion moves are banned
|rule|Endless Battle Clause: Forcing endless battles is banned
|rule|HP Percentage Mod: HP is shown in percentages
|teampreview
|c|âNYChillen|i picked a fun team :)
|c|âRSMessiii|dat heracross
|c|âNYChillen|dat exca again
|c|âRSMessiii|xD
|c|âRSMessiii|yea ive grown to it somehow 
|
|start
|switch|p1a: Landorus-Therian|Landorus-Therian, M|325\/325
|switch|p2a: Hippowdon|Hippowdon, M|419\/419
|-ability|p1a: Landorus-Therian|Intimidate|[of] p2a: Hippowdon
|-unboost|p2a: Hippowdon|atk|1
|-weather|Sandstorm
|turn|1
|
|move|p1a: Landorus-Therian|U-turn|p2a: Hippowdon
|-damage|p2a: Hippowdon|361\/419
|join|MwM Deadpool
|
|switch|p1a: Latias|Latias, F|319\/319
|move|p2a: Hippowdon|Stealth Rock|p1a: Latias
|-sidestart|p1: NYChillen|move: Stealth Rock
|
|-weather|Sandstorm|[upkeep]
|-damage|p1a: Latias|300\/319|[from] sandstorm
|-heal|p2a: Hippowdon|387\/419|[from] item: Leftovers
|turn|2
|c|âRSMessiii|mhh hp fighting? ;)
|c|âRSMessiii|btw was it fighting or fire last match?
|
|switch|p2a: Azumarill|Azumarill, M|362\/362
|move|p1a: Latias|Psyshock|p2a: Azumarill
|-damage|p2a: Azumarill|190\/362
|-damage|p1a: Latias|269\/319|[from] item: Life Orb
|
|-weather|Sandstorm|[upkeep]
|-damage|p1a: Latias|250\/319|[from] sandstorm
|-damage|p2a: Azumarill|168\/362|[from] sandstorm
|turn|3
|c| MwM Deadpool|fight i'd say
|c| MwM Deadpool|i dont think fire would OHKO bisharp
|c|âRSMessiii|yea i think so
|c|âNYChillen|hp ground
|c|âNYChillen|modest
|c|âRSMessiii|ahhh
|c|âRSMessiii|i sense a slight hate for heatran there :D
|c| MwM Deadpool|oh daayyuumm
|c|âNYChillen|:)
|c|âRSMessiii|but it works for ttar and bisharp too
|
|switch|p1a: Heracross|Heracross, M|301\/301
|-damage|p1a: Heracross|264\/301|[from] Stealth Rock
|switch|p2a: Latias|Latias, F|301\/301
|
|-weather|Sandstorm|[upkeep]
|-damage|p2a: Latias|283\/301|[from] sandstorm
|-damage|p1a: Heracross|246\/301|[from] sandstorm
|turn|4
|c|âNYChillen|ooooooo dam
|
|switch|p2a: Garchomp|Garchomp, F|357\/357
|switch|p1a: Empoleon|Empoleon, M|372\/372
|-damage|p1a: Empoleon|349\/372|[from] Stealth Rock
|
|-weather|Sandstorm|[upkeep]
|-heal|p1a: Empoleon|372\/372|[from] item: Leftovers
|turn|5
|
|detailschange|p2a: Garchomp|Garchomp-Mega, F
|message|Garchomp has Mega Evolved into Mega Garchomp!
|move|p2a: Garchomp|Dragon Claw|p1a: Empoleon
|-resisted|p1a: Empoleon
|-damage|p1a: Empoleon|273\/372
|move|p1a: Empoleon|Stealth Rock|p2a: Garchomp
|-sidestart|p2: RSMessiii|move: Stealth Rock
|
|-weather|none
|-heal|p1a: Empoleon|296\/372|[from] item: Leftovers
|turn|6
|c| MwM Deadpool|good play, josh
|c|âRSMessiii|yup damn u
|c|âRSMessiii|xD
|
|move|p1a: Empoleon|Protect|p1a: Empoleon
|-singleturn|p1a: Empoleon|Protect
|move|p2a: Garchomp|Dragon Claw|p1a: Empoleon
|-activate|p1a: Empoleon|Protect
|
|-heal|p1a: Empoleon|319\/372|[from] item: Leftovers
|turn|7
|
|move|p2a: Garchomp|Swords Dance|p2a: Garchomp
|-boost|p2a: Garchomp|atk|2
|move|p1a: Empoleon|Scald|p2a: Garchomp
|-damage|p2a: Garchomp|245\/357
|
|-heal|p1a: Empoleon|342\/372|[from] item: Leftovers
|turn|8
|
|move|p1a: Empoleon|Protect|p1a: Empoleon
|-singleturn|p1a: Empoleon|Protect
|move|p2a: Garchomp|Dragon Claw|p1a: Empoleon
|-activate|p1a: Empoleon|Protect
|
|-heal|p1a: Empoleon|365\/372|[from] item: Leftovers
|turn|9
|
|move|p2a: Garchomp|Dragon Claw|p1a: Empoleon
|-resisted|p1a: Empoleon
|-damage|p1a: Empoleon|154\/372
|move|p1a: Empoleon|Scald|p2a: Garchomp
|-damage|p2a: Garchomp|118\/357
|
|-heal|p1a: Empoleon|177\/372|[from] item: Leftovers
|turn|10
|c|âRSMessiii|stahp
|c|âRSMessiii|xD
|c| MwM Deadpool|lmfaoo you cannot predict the josh
|
|move|p1a: Empoleon|Protect|p1a: Empoleon
|-singleturn|p1a: Empoleon|Protect
|move|p2a: Garchomp|Dragon Claw|p1a: Empoleon
|-activate|p1a: Empoleon|Protect
|
|-heal|p1a: Empoleon|200\/372|[from] item: Leftovers
|turn|11
|c|âNYChillen|like
|c|âNYChillen|ik you dont have eq lol
|c| MwM Deadpool|hey jonas, how high up does this team work?
|c| MwM Deadpool|literally never seen a working mega-chomp team
|c|âNYChillen|theres no way my nigga lol
|c|âRSMessiii|mhh hard to tell, i guess like 1600
|c|âRSMessiii|yea its underhwleming lol
|c|âNYChillen|you got stone edge
|c|âRSMessiii|but i wanted to build a team with it^^
|c|âNYChillen|no eq
|c| MwM Deadpool|speed drop so sad
|c|âRSMessiii|sure? ;)
|c|âNYChillen|probly fire blast
|c|âNYChillen|absolutely sure
|c|âRSMessiii|yup fire blast it is
|c|âNYChillen|lol
|
|move|p2a: Garchomp|Dragon Claw|p1a: Empoleon
|-resisted|p1a: Empoleon
|-damage|p1a: Empoleon|0 fnt
|faint|p1a: Empoleon
|
|c|âNYChillen|omg
|
|switch|p1a: Entei|Entei, shiny|385\/385
|-damage|p1a: Entei|289\/385|[from] Stealth Rock
|-ability|p1a: Entei|Pressure
|turn|12
|
|switch|p2a: Hippowdon|Hippowdon, M|387\/419
|-damage|p2a: Hippowdon|361\/419|[from] Stealth Rock
|-weather|Sandstorm
|move|p1a: Entei|Sacred Fire|p2a: Hippowdon
|-damage|p2a: Hippowdon|174\/419
|-status|p2a: Hippowdon|brn
|
|-weather|Sandstorm|[upkeep]
|-damage|p1a: Entei|265\/385|[from] sandstorm
|-heal|p2a: Hippowdon|200\/419 brn|[from] item: Leftovers
|-damage|p2a: Hippowdon|148\/419 brn|[from] brn
|turn|13
|c|âNYChillen|that is not a counter imo
|
|move|p1a: Entei|Sacred Fire|p2a: Hippowdon
|-damage|p2a: Hippowdon|0 fnt
|faint|p2a: Hippowdon
|
|-weather|Sandstorm|[upkeep]
|-damage|p1a: Entei|241\/385|[from] sandstorm
|c|âRSMessiii|apparently not :D
|c|âNYChillen|lol mega chomp is a monster tho
|
|switch|p2a: Tyranitar|Tyranitar, M|341\/341
|-damage|p2a: Tyranitar|299\/341|[from] Stealth Rock
|turn|14
|
|move|p2a: Tyranitar|Ice Beam|p1a: Entei
|-resisted|p1a: Entei
|-damage|p1a: Entei|199\/385
|move|p1a: Entei|Sacred Fire|p2a: Tyranitar
|-resisted|p2a: Tyranitar
|-damage|p2a: Tyranitar|178\/341
|
|-weather|Sandstorm|[upkeep]
|-damage|p1a: Entei|175\/385|[from] sandstorm
|turn|15
|c|âRSMessiii|964 atk xD
|c|âNYChillen|damn
|c|âRSMessiii|i hopo lando :Ded ud go t
|
|switch|p2a: Latias|Latias, F|283\/301
|-damage|p2a: Latias|246\/301|[from] Stealth Rock
|move|p1a: Entei|Sacred Fire|p2a: Latias
|-resisted|p2a: Latias
|-damage|p2a: Latias|108\/301
|-status|p2a: Latias|brn
|
|-weather|Sandstorm|[upkeep]
|-damage|p2a: Latias|90\/301 brn|[from] sandstorm
|-damage|p1a: Entei|151\/385|[from] sandstorm
|-damage|p2a: Latias|53\/301 brn|[from] brn
|turn|16
|
|move|p2a: Latias|Healing Wish|p2a: Latias
|faint|p2a: Latias
|move|p1a: Entei|Sacred Fire|p2: Latias|[notarget]
|-notarget
|
|-weather|none
|c|âRSMessiii|i hoped ud go to lando
|c|âNYChillen|damn
|c|âNYChillen|nice play
|c|âRSMessiii|thats waht i wanted to write lol
|
|switch|p2a: Garchomp|Garchomp-Mega, F|118\/357
|-heal|p2a: Garchomp|357\/357|[from] move: Healing Wish
|-damage|p2a: Garchomp|335\/357|[from] Stealth Rock
|turn|17
|
|switch|p2a: Tyranitar|Tyranitar, M|178\/341
|-damage|p2a: Tyranitar|136\/341|[from] Stealth Rock
|-weather|Sandstorm
|move|p1a: Entei|Sacred Fire|p2a: Tyranitar
|-crit|p2a: Tyranitar
|-resisted|p2a: Tyranitar
|-damage|p2a: Tyranitar|0 fnt
|faint|p2a: Tyranitar
|
|-weather|Sandstorm|[upkeep]
|-damage|p1a: Entei|127\/385|[from] sandstorm
|
|switch|p2a: Excadrill|Excadrill, F|373\/373
|-damage|p2a: Excadrill|362\/373|[from] Stealth Rock
|turn|18
|
|switch|p1a: Landorus-Therian|Landorus-Therian, M|325\/325
|-damage|p1a: Landorus-Therian|285\/325|[from] Stealth Rock
|-ability|p1a: Landorus-Therian|Intimidate|[of] p2a: Excadrill
|-unboost|p2a: Excadrill|atk|1
|move|p2a: Excadrill|Rock Slide|p1a: Landorus-Therian
|-crit|p1a: Landorus-Therian
|-damage|p1a: Landorus-Therian|113\/325
|
|-weather|Sandstorm|[upkeep]
|turn|19
|
|move|p2a: Excadrill|Iron Head|p1a: Landorus-Therian
|-damage|p1a: Landorus-Therian|0 fnt
|faint|p1a: Landorus-Therian
|
|-weather|Sandstorm|[upkeep]
|
|switch|p1a: Heracross|Heracross, M|246\/301
|-damage|p1a: Heracross|209\/301|[from] Stealth Rock
|turn|20
|
|switch|p2a: Azumarill|Azumarill, M|168\/362
|-damage|p2a: Azumarill|123\/362|[from] Stealth Rock
|detailschange|p1a: Heracross|Heracross-Mega, M
|message|Heracross has Mega Evolved into Mega Heracross!
|move|p1a: Heracross|Close Combat|p2a: Azumarill
|-resisted|p2a: Azumarill
|-damage|p2a: Azumarill|0 fnt
|-unboost|p1a: Heracross|def|1
|-unboost|p1a: Heracross|spd|1
|faint|p2a: Azumarill
|
|-weather|Sandstorm|[upkeep]
|-damage|p1a: Heracross|191\/301|[from] sandstorm
|
|switch|p2a: Garchomp|Garchomp-Mega, F|335\/357
|-damage|p2a: Garchomp|313\/357|[from] Stealth Rock
|turn|21
|
|move|p1a: Heracross|Close Combat|p2a: Garchomp
|-damage|p2a: Garchomp|70\/357
|-unboost|p1a: Heracross|def|1
|-unboost|p1a: Heracross|spd|1
|move|p2a: Garchomp|Dragon Claw|p1a: Heracross
|-damage|p1a: Heracross|0 fnt
|faint|p1a: Heracross
|
|-weather|none
|c|âNYChillen|wtf
|c|âRSMessiii|slower lol
|c|âNYChillen|he's od slow
|c|âNYChillen|but it murks stall
|c|âRSMessiii|i only have 265 speed xD
|c|âRSMessiii|yea exactly
|
|switch|p1a: Entei|Entei, shiny|127\/385
|-damage|p1a: Entei|31\/385|[from] Stealth Rock
|-ability|p1a: Entei|Pressure
|turn|22
|c|âRSMessiii|rough skin would be nice now :D
|c|âRSMessiii|oh sacred fire even dienies it iirc
|
|move|p1a: Entei|Extreme Speed|p2a: Garchomp
|-damage|p2a: Garchomp|0 fnt
|faint|p2a: Garchomp
|
|
|switch|p2a: Excadrill|Excadrill, F|362\/373
|-damage|p2a: Excadrill|351\/373|[from] Stealth Rock
|turn|23
|
|move|p1a: Entei|Extreme Speed|p2a: Excadrill
|-resisted|p2a: Excadrill
|-damage|p2a: Excadrill|234\/373
|move|p2a: Excadrill|Earthquake|p1a: Entei
|-supereffective|p1a: Entei
|-damage|p1a: Entei|0 fnt
|faint|p1a: Entei
|
|c|âRSMessiii|gg, i predicted so awful lol
|
|switch|p1a: Dragonite|Dragonite, F|323\/323
|-damage|p1a: Dragonite|243\/323|[from] Stealth Rock
|turn|24
|c| MwM Deadpool|lmfaooo what's that chomp set?
|c|âNYChillen|gg it be like that sometimes
|c|âRSMessiii|i had eq though lol
|c| MwM Deadpool|i thought so
|c|âNYChillen|seriously?
|c| MwM Deadpool|chomp without eq is duuummbbbb
|c|âNYChillen|i don't believe you lol
|c|âRSMessiii|rhm its 252+ atk some speed and rest into p atk
|c|âNYChillen|ive seen it without eq before
|c|âRSMessiii|i just thought ud go to lando the whole time lol
|c|âRSMessiii|or even latias
|c|âNYChillen|oooooh
|c|âRSMessiii|yea i believe that
|c|âRSMessiii|for togekiss and stuff
|
|move|p1a: Dragonite|Extreme Speed|p2a: Excadrill
|-resisted|p2a: Excadrill
|-damage|p2a: Excadrill|103\/373
|move|p2a: Excadrill|Iron Head|p1a: Dragonite
|-damage|p1a: Dragonite|62\/323
|
|turn|25
|
|move|p1a: Dragonite|Extreme Speed|p2a: Excadrill
|-resisted|p2a: Excadrill
|-damage|p2a: Excadrill|0 fnt
|faint|p2a: Excadrill
|
|win|NYChillen
|c|âNYChillen|1 more?
|c|âRSMessiii|sure
|c| MwM Deadpool|im off tho
|c| MwM Deadpool|seeya guys
|c|âNYChillen|peacde
|c|âNYChillen|peace*
|leave|MwM Deadpool