|join|NYChillen
|join|fhigor
|player|p1|NYChillen|135
|player|p2|fhigor|52
|gametype|singles
|gen|6
|tier|OU
|rated
|clearpoke
|poke|p1|Cloyster, M, shiny
|poke|p1|Greninja, F, shiny
|poke|p1|Gengar, M
|poke|p1|Aerodactyl, M
|poke|p1|Azelf
|poke|p1|Bisharp, F
|poke|p2|Terrakion
|poke|p2|Keldeo
|poke|p2|Garchomp, F
|poke|p2|Rotom-Wash
|poke|p2|Venusaur, M
|poke|p2|Latias, F
|rule|Swagger Clause: Swagger is banned
|rule|Baton Pass Clause: Limit one PokÃ©mon knowing Baton Pass
|rule|Sleep Clause Mod: Limit one foe put to sleep
|rule|Species Clause: Limit one of each PokÃ©mon
|rule|OHKO Clause: OHKO moves are banned
|rule|Moody Clause: Moody is banned
|rule|Evasion Moves Clause: Evasion moves are banned
|rule|Endless Battle Clause: Forcing endless battles is banned
|rule|HP Percentage Mod: HP is shown in percentages
|teampreview
|
|start
|switch|p1a: Azelf|Azelf|291\/291
|switch|p2a: Garchomp|Garchomp, F|358\/358
|turn|1
|
|move|p2a: Garchomp|Earthquake|p1a: Azelf
|-immune|p1a: Azelf|[msg]
|move|p1a: Azelf|Taunt|p2a: Garchomp
|-start|p2a: Garchomp|move: Taunt
|
|turn|2
|c|âfhigor|i forgot that
|c|âfhigor|sorry
|c|âfhigor|bad move
|
|switch|p2a: Rotom-Wash|Rotom-Wash|304\/304
|move|p1a: Azelf|Stealth Rock|p2a: Rotom-Wash
|-sidestart|p2: fhigor|move: Stealth Rock
|
|turn|3
|c|âNYChillen|sorry?
|c|âNYChillen|im ecstatic lol
|
|move|p1a: Azelf|Explosion|p2a: Rotom-Wash
|-damage|p2a: Rotom-Wash|48\/304
|faint|p1a: Azelf
|move|p2a: Rotom-Wash|Hydro Pump|p1: Azelf|[notarget]
|-notarget
|
|-heal|p2a: Rotom-Wash|67\/304|[from] item: Leftovers
|
|switch|p1a: Gengar|Gengar, M|261\/261
|turn|4
|
|move|p1a: Gengar|Shadow Ball|p2a: Rotom-Wash
|-damage|p2a: Rotom-Wash|0 fnt
|-damage|p1a: Gengar|235\/261|[from] item: Life Orb
|faint|p2a: Rotom-Wash
|
|
|switch|p2a: Garchomp|Garchomp, F|358\/358
|-damage|p2a: Garchomp|336\/358|[from] Stealth Rock
|turn|5
|
|switch|p1a: Bisharp|Bisharp, F|271\/271
|move|p2a: Garchomp|Dragon Claw|p1a: Bisharp
|-resisted|p1a: Bisharp
|-damage|p1a: Bisharp|205\/271
|
|turn|6
|
|switch|p2a: Terrakion|Terrakion|323\/323
|-damage|p2a: Terrakion|303\/323|[from] Stealth Rock
|move|p1a: Bisharp|Knock Off|p2a: Terrakion
|-resisted|p2a: Terrakion
|-damage|p2a: Terrakion|161\/323
|-boost|p2a: Terrakion|atk|1|[from] ability: Justified
|-enditem|p2a: Terrakion|Choice Band|[from] move: Knock Off|[of] p1a: Bisharp
|-damage|p1a: Bisharp|178\/271|[from] item: Life Orb
|
|turn|7
|
|move|p2a: Terrakion|Close Combat|p1a: Bisharp
|-supereffective|p1a: Bisharp
|-damage|p1a: Bisharp|0 fnt
|-unboost|p2a: Terrakion|def|1
|-unboost|p2a: Terrakion|spd|1
|faint|p1a: Bisharp
|
|
|switch|p1a: Greninja|Greninja, F, shiny|286\/286
|turn|8
|
|switch|p2a: Keldeo|Keldeo|323\/323
|-damage|p2a: Keldeo|303\/323|[from] Stealth Rock
|move|p1a: Greninja|Ice Beam|p2a: Keldeo
|-start|p1a: Greninja|typechange|Ice|[from] Protean
|-resisted|p2a: Keldeo
|-damage|p2a: Keldeo|198\/323
|-damage|p1a: Greninja|258\/286|[from] item: Life Orb
|
|turn|9
|
|move|p1a: Greninja|Hydro Pump|p2a: Keldeo
|-start|p1a: Greninja|typechange|Water|[from] Protean
|-resisted|p2a: Keldeo
|-damage|p2a: Keldeo|85\/323
|-damage|p1a: Greninja|230\/286|[from] item: Life Orb
|move|p2a: Keldeo|Sacred Sword|p1a: Greninja
|-damage|p1a: Greninja|113\/286
|
|turn|10
|
|move|p1a: Greninja|Hydro Pump|p2a: Keldeo
|-resisted|p2a: Keldeo
|-damage|p2a: Keldeo|0 fnt
|-damage|p1a: Greninja|85\/286|[from] item: Life Orb
|faint|p2a: Keldeo
|
|
|switch|p2a: Garchomp|Garchomp, F|336\/358
|-damage|p2a: Garchomp|314\/358|[from] Stealth Rock
|turn|11
|
|move|p2a: Garchomp|Dragon Claw|p1a: Greninja
|-crit|p1a: Greninja
|-damage|p1a: Greninja|0 fnt
|faint|p1a: Greninja
|
|
|switch|p1a: Aerodactyl|Aerodactyl, M|301\/301
|-ability|p1a: Aerodactyl|Unnerve|p2: fhigor
|turn|12
|
|switch|p2a: Venusaur|Venusaur, M|364\/364
|-damage|p2a: Venusaur|319\/364|[from] Stealth Rock
|detailschange|p1a: Aerodactyl|Aerodactyl-Mega, M
|message|Aerodactyl has Mega Evolved into Mega Aerodactyl!
|move|p1a: Aerodactyl|Aerial Ace|p2a: Venusaur
|-supereffective|p2a: Venusaur
|-damage|p2a: Venusaur|47\/364
|
|turn|13
|
|detailschange|p2a: Venusaur|Venusaur-Mega, M
|message|Venusaur has Mega Evolved into Mega Venusaur!
|move|p1a: Aerodactyl|Aerial Ace|p2a: Venusaur
|-supereffective|p2a: Venusaur
|-damage|p2a: Venusaur|0 fnt
|faint|p2a: Venusaur
|
|
|switch|p2a: Latias|Latias, F|302\/302
|-damage|p2a: Latias|265\/302|[from] Stealth Rock
|turn|14
|
|move|p1a: Aerodactyl|Taunt|p2a: Latias
|-start|p2a: Latias|move: Taunt
|move|p2a: Latias|Draco Meteor|p1a: Aerodactyl
|-damage|p1a: Aerodactyl|16\/301
|-unboost|p2a: Latias|spa|2
|-damage|p2a: Latias|235\/302|[from] item: Life Orb
|
|turn|15
|
|move|p1a: Aerodactyl|Aerial Ace|p2a: Latias
|-damage|p2a: Latias|70\/302
|move|p2a: Latias|Psyshock|p1a: Aerodactyl
|-damage|p1a: Aerodactyl|0 fnt
|-damage|p2a: Latias|40\/302|[from] item: Life Orb
|faint|p1a: Aerodactyl
|
|
|switch|p1a: Cloyster|Cloyster, M, shiny|241\/241
|turn|16
|
|move|p1a: Cloyster|Ice Shard|p2a: Latias
|-supereffective|p2a: Latias
|-damage|p2a: Latias|0 fnt
|faint|p2a: Latias
|
|
|switch|p2a: Terrakion|Terrakion|161\/323
|-damage|p2a: Terrakion|141\/323|[from] Stealth Rock
|turn|17
|
|switch|p1a: Gengar|Gengar, M|235\/261
|move|p2a: Terrakion|Close Combat|p1a: Gengar
|-immune|p1a: Gengar|[msg]
|
|turn|18
|
|move|p1a: Gengar|Shadow Ball|p2a: Terrakion
|-damage|p2a: Terrakion|0 fnt
|-damage|p1a: Gengar|209\/261|[from] item: Life Orb
|faint|p2a: Terrakion
|
|
|switch|p2a: Garchomp|Garchomp, F|314\/358
|-damage|p2a: Garchomp|292\/358|[from] Stealth Rock
|turn|19
|c|âNYChillen|gg
|
|move|p2a: Garchomp|Outrage|p1a: Gengar
|-damage|p1a: Gengar|0 fnt
|faint|p1a: Gengar
|
|c|âfhigor|gg
|
|switch|p1a: Cloyster|Cloyster, M, shiny|241\/241
|turn|20
|
|move|p2a: Garchomp|Outrage|p1a: Cloyster
|-damage|p1a: Cloyster|121\/241
|move|p1a: Cloyster|Icicle Spear|p2a: Garchomp
|-crit|p2a: Garchomp
|-supereffective|p2a: Garchomp
|-damage|p2a: Garchomp|60\/358
|-supereffective|p2a: Garchomp
|-damage|p2a: Garchomp|0 fnt
|-hitcount|p2a: Garchomp|2
|faint|p2a: Garchomp
|
|win|NYChillen
|raw|Ladder updating...
|leave|fhigor
|player|p2
|raw|NYChillen's rating: 1583 &rarr; <strong>1600<\/strong><br \/>(+17 for winning)
|raw|fhigor's rating: 1524 &rarr; <strong>1507<\/strong><br \/>(-17 for losing)