|join|kfreshz
|join|NYChillen
|player|p1|kfreshz|129
|player|p2|NYChillen|135
|gametype|singles
|gen|6
|tier|OU
|rated
|clearpoke
|poke|p1|Kyurem-Black
|poke|p1|Azumarill, M
|poke|p1|Scizor, M
|poke|p1|Medicham, F
|poke|p1|Rotom-Wash
|poke|p1|Landorus, M
|poke|p2|Breloom, F
|poke|p2|Bisharp, F
|poke|p2|Heatran, F
|poke|p2|Sylveon, M
|poke|p2|Heracross, M
|poke|p2|Garchomp, M
|rule|Swagger Clause: Swagger is banned
|rule|Baton Pass Clause: Limit one PokÃ©mon knowing Baton Pass
|rule|Sleep Clause Mod: Limit one foe put to sleep
|rule|Species Clause: Limit one of each PokÃ©mon
|rule|OHKO Clause: OHKO moves are banned
|rule|Moody Clause: Moody is banned
|rule|Evasion Moves Clause: Evasion moves are banned
|rule|Endless Battle Clause: Forcing endless battles is banned
|rule|HP Percentage Mod: HP is shown in percentages
|teampreview
|
|start
|switch|p1a: Medicham|Medicham, F|261\/261
|switch|p2a: Luigi|Breloom, F|261\/261
|turn|1
|
|switch|p2a: Deze Nuts|Garchomp, M|357\/357
|detailschange|p1a: Medicham|Medicham-Mega, F
|message|Medicham has Mega Evolved into Mega Medicham!
|move|p1a: Medicham|Ice Punch|p2a: Deze Nuts
|-supereffective|p2a: Deze Nuts
|-damage|p2a: Deze Nuts|0 fnt
|-damage|p1a: Medicham|229\/261|[from] ability: Rough Skin|[of] p2a: Deze Nuts
|-damage|p1a: Medicham|186\/261|[from] item: Rocky Helmet|[of] p2a: Deze Nuts
|faint|p2a: Deze Nuts
|
|
|switch|p2a: Peach|Sylveon, M|392\/392
|turn|2
|
|switch|p1a: Rotom-Wash|Rotom-Wash|304\/304
|move|p2a: Peach|Hyper Voice|p1a: Rotom-Wash
|-damage|p1a: Rotom-Wash|0 fnt
|faint|p1a: Rotom-Wash
|
|
|switch|p1a: Scizor|Scizor, M|344\/344
|turn|3
|
|switch|p1a: Medicham|Medicham-Mega, F|186\/261
|switch|p2a: Wario|Heracross, M|301\/301
|
|turn|4
|
|detailschange|p2a: Wario|Heracross-Mega, M
|message|Heracross has Mega Evolved into Mega Heracross!
|move|p1a: Medicham|Psycho Cut|p2a: Wario
|-supereffective|p2a: Wario
|-damage|p2a: Wario|0 fnt
|faint|p2a: Wario
|
|
|switch|p2a: Mario|Bisharp, F|271\/271
|turn|5
|
|switch|p1a: Landorus|Landorus, M|319\/319
|move|p2a: Mario|Knock Off|p1a: Landorus
|-damage|p1a: Landorus|68\/319
|-enditem|p1a: Landorus|Choice Scarf|[from] move: Knock Off|[of] p2a: Mario
|-damage|p2a: Mario|244\/271|[from] item: Life Orb
|
|turn|6
|
|switch|p1a: Azumarill|Azumarill, M|402\/402
|move|p2a: Mario|Swords Dance|p2a: Mario
|-boost|p2a: Mario|atk|2
|
|turn|7
|
|move|p1a: Azumarill|Aqua Jet|p2a: Mario
|-damage|p2a: Mario|162\/271
|move|p2a: Mario|Iron Head|p1a: Azumarill
|-damage|p1a: Azumarill|0 fnt
|-damage|p2a: Mario|135\/271|[from] item: Life Orb
|faint|p1a: Azumarill
|
|
|switch|p1a: Medicham|Medicham-Mega, F|186\/261
|turn|8
|
|move|p1a: Medicham|Fake Out|p2a: Mario
|-resisted|p2a: Mario
|-damage|p2a: Mario|93\/271
|cant|p2a: Mario|flinch
|
|turn|9
|
|switch|p1a: Landorus|Landorus, M|68\/319
|move|p2a: Mario|Knock Off|p1a: Landorus
|-damage|p1a: Landorus|0 fnt
|-damage|p2a: Mario|66\/271|[from] item: Life Orb
|faint|p1a: Landorus
|
|
|switch|p1a: Scizor|Scizor, M|344\/344
|turn|10
|
|move|p2a: Mario|Sucker Punch|p1a: Scizor
|-damage|p1a: Scizor|0 fnt
|-damage|p2a: Mario|39\/271|[from] item: Life Orb
|faint|p1a: Scizor
|
|
|switch|p1a: Medicham|Medicham-Mega, F|186\/261
|turn|11
|
|move|p1a: Medicham|Fake Out|p2a: Mario
|-resisted|p2a: Mario
|-damage|p2a: Mario|1\/271
|cant|p2a: Mario|flinch
|
|turn|12
|
|move|p1a: Medicham|Fake Out|p2a: Mario
|-hint|Fake Out only works on your first turn out.
|-fail|p2a: Mario
|move|p2a: Mario|Sucker Punch|p1a: Medicham
|-fail|p1a: Medicham
|
|turn|13
|
|move|p1a: Medicham|Fake Out|p2a: Mario
|-hint|Fake Out only works on your first turn out.
|-fail|p2a: Mario
|move|p2a: Mario|Sucker Punch|p1a: Medicham
|-fail|p1a: Medicham
|
|turn|14
|
|move|p1a: Medicham|Fake Out|p2a: Mario
|-hint|Fake Out only works on your first turn out.
|-fail|p2a: Mario
|move|p2a: Mario|Sucker Punch|p1a: Medicham
|-fail|p1a: Medicham
|
|turn|15
|
|move|p1a: Medicham|Fake Out|p2a: Mario
|-hint|Fake Out only works on your first turn out.
|-fail|p2a: Mario
|move|p2a: Mario|Sucker Punch|p1a: Medicham
|-fail|p1a: Medicham
|
|turn|16
|
|move|p2a: Mario|Sucker Punch|p1a: Medicham
|-damage|p1a: Medicham|0 fnt
|-damage|p2a: Mario|0 fnt|[from] item: Life Orb
|faint|p1a: Medicham
|faint|p2a: Mario
|
|c|âNYChillen|gg
|
|switch|p1a: Kyurem-Black|Kyurem-Black|392\/392
|switch|p2a: Luigi|Breloom, F|261\/261
|-ability|p1a: Kyurem-Black|Teravolt
|turn|17
|
|move|p2a: Luigi|Mach Punch|p1a: Kyurem-Black
|-supereffective|p1a: Kyurem-Black
|-damage|p1a: Kyurem-Black|168\/392
|move|p1a: Kyurem-Black|Zen Headbutt|p2a: Luigi
|-supereffective|p2a: Luigi
|-enditem|p2a: Luigi|Focus Sash
|-damage|p2a: Luigi|1\/261
|
|turn|18
|-message|kfreshz forfeited.
|
|win|NYChillen
|raw|Ladder updating...
|leave|kfreshz
|player|p1
|raw|kfreshz's rating: 1688 &rarr; <strong>1665<\/strong><br \/>(-23 for losing)
|raw|NYChillen's rating: 1624 &rarr; <strong>1647<\/strong><br \/>(+23 for winning)