|join|NYChillen
|join|Empanada Frita
|player|p1|NYChillen|135
|player|p2|Empanada Frita|126
|gametype|singles
|gen|6
|tier|OU
|rated
|clearpoke
|poke|p1|Cloyster, M, shiny
|poke|p1|Greninja, F, shiny
|poke|p1|Gengar, M
|poke|p1|Aerodactyl, M
|poke|p1|Azelf
|poke|p1|Bisharp, F
|poke|p2|Heracross, F
|poke|p2|Slowbro, M
|poke|p2|Amoonguss, F
|poke|p2|Heatran, F
|poke|p2|Latias, F
|poke|p2|Chansey, F
|rule|Swagger Clause: Swagger is banned
|rule|Baton Pass Clause: Limit one PokÃ©mon knowing Baton Pass
|rule|Sleep Clause Mod: Limit one foe put to sleep
|rule|Species Clause: Limit one of each PokÃ©mon
|rule|OHKO Clause: OHKO moves are banned
|rule|Moody Clause: Moody is banned
|rule|Evasion Moves Clause: Evasion moves are banned
|rule|Endless Battle Clause: Forcing endless battles is banned
|rule|HP Percentage Mod: HP is shown in percentages
|teampreview
|
|start
|switch|p1a: Azelf|Azelf|291\/291
|switch|p2a: Heracross|Heracross, F|301\/301
|turn|1
|
|switch|p1a: Aerodactyl|Aerodactyl, M|301\/301
|-ability|p1a: Aerodactyl|Unnerve|p2: Empanada Frita
|detailschange|p2a: Heracross|Heracross-Mega, F
|message|Heracross has Mega Evolved into Mega Heracross!
|move|p2a: Heracross|Pin Missile|p1a: Aerodactyl
|-resisted|p1a: Aerodactyl
|-damage|p1a: Aerodactyl|253\/301
|-resisted|p1a: Aerodactyl
|-damage|p1a: Aerodactyl|208\/301
|-resisted|p1a: Aerodactyl
|-damage|p1a: Aerodactyl|160\/301
|-resisted|p1a: Aerodactyl
|-damage|p1a: Aerodactyl|112\/301
|-resisted|p1a: Aerodactyl
|-damage|p1a: Aerodactyl|67\/301
|-hitcount|p1a: Aerodactyl|5
|
|turn|2
|
|switch|p2a: Slowbro|Slowbro, M|394\/394
|detailschange|p1a: Aerodactyl|Aerodactyl-Mega, M
|message|Aerodactyl has Mega Evolved into Mega Aerodactyl!
|move|p1a: Aerodactyl|Aerial Ace|p2a: Slowbro
|-damage|p2a: Slowbro|283\/394
|
|-heal|p2a: Slowbro|307\/394|[from] item: Leftovers
|turn|3
|
|move|p1a: Aerodactyl|Stone Edge|p2a: Slowbro
|-crit|p2a: Slowbro
|-damage|p2a: Slowbro|117\/394
|move|p2a: Slowbro|Scald|p1a: Aerodactyl
|-supereffective|p1a: Aerodactyl
|-damage|p1a: Aerodactyl|0 fnt
|faint|p1a: Aerodactyl
|
|-heal|p2a: Slowbro|141\/394|[from] item: Leftovers
|
|switch|p1a: Gengar|Gengar, M|261\/261
|turn|4
|
|move|p1a: Gengar|Focus Blast|p2a: Slowbro
|-resisted|p2a: Slowbro
|-damage|p2a: Slowbro|34\/394
|-damage|p1a: Gengar|235\/261|[from] item: Life Orb
|move|p2a: Slowbro|Psyshock|p1a: Gengar
|-supereffective|p1a: Gengar
|-damage|p1a: Gengar|0 fnt
|faint|p1a: Gengar
|
|-heal|p2a: Slowbro|58\/394|[from] item: Leftovers
|
|switch|p1a: Greninja|Greninja, F, shiny|286\/286
|turn|5
|
|switch|p2a: Chansey|Chansey, F|704\/704
|move|p1a: Greninja|U-turn|p2a: Chansey
|-start|p1a: Greninja|typechange|Bug|[from] Protean
|-damage|p2a: Chansey|571\/704
|-damage|p1a: Greninja|258\/286|[from] item: Life Orb
|
|switch|p1a: Azelf|Azelf|291\/291
|
|turn|6
|
|switch|p2a: Heatran|Heatran, F|386\/386
|move|p1a: Azelf|Stealth Rock|p2a: Heatran
|-sidestart|p2: Empanada Frita|move: Stealth Rock
|
|turn|7
|
|move|p1a: Azelf|Taunt|p2a: Heatran
|-start|p2a: Heatran|move: Taunt
|move|p2a: Heatran|Lava Plume|p1a: Azelf
|-damage|p1a: Azelf|131\/291
|-status|p1a: Azelf|brn
|
|-damage|p1a: Azelf|95\/291 brn|[from] brn
|turn|8
|
|switch|p2a: Heracross|Heracross-Mega, F|301\/301
|-damage|p2a: Heracross|264\/301|[from] Stealth Rock
|move|p1a: Azelf|Explosion|p2a: Heracross
|-crit|p2a: Heracross
|-damage|p2a: Heracross|0 fnt
|faint|p1a: Azelf
|faint|p2a: Heracross
|
|c|âEmpanada Frita|-.-
|
|switch|p1a: Bisharp|Bisharp, F|271\/271
|switch|p2a: Slowbro|Slowbro, M|189\/394
|-damage|p2a: Slowbro|140\/394|[from] Stealth Rock
|turn|9
|
|move|p1a: Bisharp|Knock Off|p2a: Slowbro
|-supereffective|p2a: Slowbro
|-damage|p2a: Slowbro|0 fnt
|-enditem|p2a: Slowbro|Leftovers|[from] move: Knock Off|[of] p1a: Bisharp
|-damage|p1a: Bisharp|244\/271|[from] item: Life Orb
|faint|p2a: Slowbro
|
|
|switch|p2a: Heatran|Heatran, F|386\/386
|-damage|p2a: Heatran|338\/386|[from] Stealth Rock
|turn|10
|
|move|p1a: Bisharp|Swords Dance|p1a: Bisharp
|-boost|p1a: Bisharp|atk|2
|move|p2a: Heatran|Stealth Rock|p1a: Bisharp
|-sidestart|p1: NYChillen|move: Stealth Rock
|
|-heal|p2a: Heatran|362\/386|[from] item: Leftovers
|turn|11
|
|move|p1a: Bisharp|Knock Off|p2a: Heatran
|-damage|p2a: Heatran|0 fnt
|-enditem|p2a: Heatran|Leftovers|[from] move: Knock Off|[of] p1a: Bisharp
|-damage|p1a: Bisharp|217\/271|[from] item: Life Orb
|faint|p2a: Heatran
|
|-message|Empanada Frita forfeited.
|
|win|NYChillen
|raw|Ladder updating...
|leave|Empanada Frita
|player|p2
|raw|Ladder (probably) updated, but score could not be retrieved (timeout).
|raw|Ladder (probably) updated, but score could not be retrieved (Error: socket hang up).