|join|Euphoricock
|join|NYChillen
|player|p1|Euphoricock|80
|player|p2|NYChillen|135
|gametype|singles
|gen|6
|tier|OU
|clearpoke
|poke|p1|Rhyperior, M, shiny
|poke|p1|Scizor, M, shiny
|poke|p1|Breloom, F
|poke|p1|Greninja, M
|poke|p1|Latios, M
|poke|p1|Bisharp, M
|poke|p2|Greninja, M
|poke|p2|Charizard, M
|poke|p2|Venusaur, F
|poke|p2|Tyranitar, M
|poke|p2|Excadrill, F
|poke|p2|Mew
|rule|Swagger Clause: Swagger is banned
|rule|Baton Pass Clause: Limit one PokÃ©mon knowing Baton Pass
|rule|Sleep Clause Mod: Limit one foe put to sleep
|rule|Species Clause: Limit one of each PokÃ©mon
|rule|OHKO Clause: OHKO moves are banned
|rule|Moody Clause: Moody is banned
|rule|Evasion Moves Clause: Evasion moves are banned
|rule|Endless Battle Clause: Forcing endless battles is banned
|rule|HP Percentage Mod: HP is shown in percentages
|teampreview
|c|âNYChillen|now im ready
|c|âEuphoricock|gl hf
|c|âNYChillen|hf
|c|âNYChillen|i wish you no luck friend
|c|âEuphoricock|LOL
|
|start
|switch|p1a: Breloom|Breloom, F|265\/265
|switch|p2a: Greninja|Greninja, M|285\/285
|turn|1
|c|âEuphoricock|i think ur team actually bodies mine
|c|âEuphoricock|after seeing the importable
|c|âNYChillen|your ninja weak
|
|switch|p2a: Venusaur|Venusaur, F|301\/301
|switch|p1a: Greninja|Greninja, M|285\/285
|
|turn|2
|c|âEuphoricock|haha
|c|âNYChillen|but every team is ninja weak
|c|âEuphoricock|extrasensroyr doe
|
|move|p1a: Greninja|Ice Beam|p2a: Venusaur
|-start|p1a: Greninja|typechange|Ice|[from] Protean
|-supereffective|p2a: Venusaur
|-damage|p2a: Venusaur|0 fnt
|-damage|p1a: Greninja|257\/285|[from] item: Life Orb
|faint|p2a: Venusaur
|
|c|âEuphoricock|true
|c|âEuphoricock|take in how its my first time not running AV on Gren
|c|âEuphoricock|i havent used this fucker in so long
|
|switch|p2a: Charizard|Charizard, M|335\/335
|turn|3
|c|âNYChillen|its a beast
|
|switch|p2a: Tyranitar|Tyranitar, M|365\/365
|-weather|Sandstorm
|move|p1a: Greninja|Scald|p2a: Tyranitar
|-start|p1a: Greninja|typechange|Water|[from] Protean
|-supereffective|p2a: Tyranitar
|-damage|p2a: Tyranitar|144\/365
|-damage|p1a: Greninja|229\/285|[from] item: Life Orb
|
|-weather|Sandstorm|[upkeep]
|-damage|p1a: Greninja|212\/285|[from] sandstorm
|-heal|p2a: Tyranitar|166\/365|[from] item: Leftovers
|turn|4
|c|âEuphoricock|i knew it
|c|âEuphoricock|good thing i stayed
|c|âNYChillen|dis csarf
|c|âEuphoricock|or lati be dead
|
|switch|p2a: Mew|Mew|403\/403
|move|p1a: Greninja|Scald|p2a: Mew
|-damage|p2a: Mew|269\/403
|-status|p2a: Mew|brn
|-status|p1a: Greninja|brn
|-damage|p1a: Greninja|184\/285 brn|[from] item: Life Orb
|
|-weather|Sandstorm|[upkeep]
|-damage|p1a: Greninja|167\/285 brn|[from] sandstorm
|-damage|p2a: Mew|244\/403 brn|[from] sandstorm
|-heal|p2a: Mew|269\/403 brn|[from] item: Leftovers
|-damage|p1a: Greninja|132\/285 brn|[from] brn
|-damage|p2a: Mew|219\/403 brn|[from] brn
|turn|5
|
|move|p1a: Greninja|Spikes|p2a: Mew
|-start|p1a: Greninja|typechange|Ground|[from] Protean
|-sidestart|p2: NYChillen|Spikes
|move|p2a: Mew|Roost|p2a: Mew
|-heal|p2a: Mew|403\/403 brn
|
|-weather|Sandstorm|[upkeep]
|-damage|p2a: Mew|378\/403 brn|[from] sandstorm
|-heal|p2a: Mew|403\/403 brn|[from] item: Leftovers
|-damage|p1a: Greninja|97\/285 brn|[from] brn
|-damage|p2a: Mew|353\/403 brn|[from] brn
|turn|6
|c|âNYChillen|not bad
|c|âEuphoricock|;)
|c|âEuphoricock|its a shame u got exca but w.e
|
|move|p1a: Greninja|Spikes|p2a: Mew
|-sidestart|p2: NYChillen|Spikes
|move|p2a: Mew|Psychic|p1a: Greninja
|-damage|p1a: Greninja|0 fnt
|faint|p1a: Greninja
|
|-weather|Sandstorm|[upkeep]
|-damage|p2a: Mew|328\/403 brn|[from] sandstorm
|-heal|p2a: Mew|353\/403 brn|[from] item: Leftovers
|-damage|p2a: Mew|303\/403 brn|[from] brn
|
|switch|p1a: Latios|Latios, M|301\/301
|turn|7
|
|move|p1a: Latios|Calm Mind|p1a: Latios
|-boost|p1a: Latios|spa|1
|-boost|p1a: Latios|spd|1
|move|p2a: Mew|Will-O-Wisp|p1a: Latios
|-status|p1a: Latios|brn
|
|-weather|none
|-heal|p2a: Mew|328\/403 brn|[from] item: Leftovers
|-damage|p1a: Latios|264\/301 brn|[from] brn
|-damage|p2a: Mew|278\/403 brn|[from] brn
|turn|8
|
|switch|p2a: Tyranitar|Tyranitar, M|166\/365
|-damage|p2a: Tyranitar|106\/365|[from] Spikes
|-weather|Sandstorm
|move|p1a: Latios|Dragon Pulse|p2a: Tyranitar
|-damage|p2a: Tyranitar|0 fnt
|faint|p2a: Tyranitar
|
|-weather|Sandstorm|[upkeep]
|-damage|p1a: Latios|246\/301 brn|[from] sandstorm
|-damage|p1a: Latios|209\/301 brn|[from] brn
|c|âEuphoricock|i betu changed exca
|c|âEuphoricock|to sand rush
|c|âNYChillen|i wish
|c|âEuphoricock|unless u just wearing me down for gren
|c|âNYChillen|but mold is sweet too
|c|âEuphoricock|calcing dat +1 spdef vs ur Ice beam
|
|switch|p2a: Excadrill|Excadrill, F|362\/362
|-item|p2a: Excadrill|Air Balloon
|turn|9
|
|move|p2a: Excadrill|Rapid Spin|p1a: Latios
|-damage|p1a: Latios|178\/301 brn
|-sideend|p2: NYChillen|Spikes|[from] move: Rapid Spin|[of] p2a: Excadrill
|move|p1a: Latios|Hidden Power|p2a: Excadrill
|-supereffective|p2a: Excadrill
|-damage|p2a: Excadrill|42\/362
|-enditem|p2a: Excadrill|Air Balloon
|
|-weather|Sandstorm|[upkeep]
|-damage|p1a: Latios|160\/301 brn|[from] sandstorm
|-damage|p1a: Latios|123\/301 brn|[from] brn
|turn|10
|c|âEuphoricock|haha
|c|âNYChillen|it be like that
|
|move|p2a: Excadrill|Iron Head|p1a: Latios
|-damage|p1a: Latios|0 fnt
|faint|p1a: Latios
|
|-weather|Sandstorm|[upkeep]
|
|switch|p1a: Scizor|Scizor, M, shiny|311\/311
|turn|11
|
|detailschange|p1a: Scizor|Scizor-Mega, M, shiny
|message|Scizor has Mega Evolved into Mega Scizor!
|move|p1a: Scizor|Bullet Punch|p2a: Excadrill
|-resisted|p2a: Excadrill
|-damage|p2a: Excadrill|0 fnt
|faint|p2a: Excadrill
|
|-weather|Sandstorm|[upkeep]
|
|switch|p2a: Charizard|Charizard, M|335\/335
|turn|12
|c|âEuphoricock|hmm
|c|âNYChillen|big boy time
|c|âEuphoricock|damn
|c|âEuphoricock|not sure wat to do here
|c|âNYChillen|yes you do
|c|âNYChillen|something dies
|c|âEuphoricock|haha
|c|âNYChillen|but who?
|c|âNYChillen|lol
|c|âEuphoricock|im bout to sac somebody i really didnt wanna sac
|c|âNYChillen|rhyp
|
|switch|p1a: Rhyperior|Rhyperior, M, shiny|373\/373
|detailschange|p2a: Charizard|Charizard-Mega-Y, M
|message|Charizard has Mega Evolved into Mega Charizard!
|-weather|SunnyDay
|move|p2a: Charizard|Flamethrower|p1a: Rhyperior
|-crit|p1a: Rhyperior
|-resisted|p1a: Rhyperior
|-damage|p1a: Rhyperior|67\/373
|
|-weather|SunnyDay|[upkeep]
|turn|13
|c|âEuphoricock|dayuummm
|c|âNYChillen|thats light
|c|âEuphoricock|btw
|c|âEuphoricock|scarf ryph
|c|âEuphoricock|;)
|c|âEuphoricock|jk
|
|move|p2a: Charizard|Flamethrower|p1a: Rhyperior
|-resisted|p1a: Rhyperior
|-damage|p1a: Rhyperior|0 fnt
|faint|p1a: Rhyperior
|
|-weather|SunnyDay|[upkeep]
|c|âNYChillen|lati was scarf
|c|âEuphoricock|lololll
|c|âNYChillen|i outspeed and kill everything
|
|switch|p1a: Breloom|Breloom, F|265\/265
|turn|14
|
|switch|p2a: Mew|Mew|278\/403 brn
|move|p1a: Breloom|Rock Tomb|p2a: Mew
|-damage|p2a: Mew|152\/403 brn
|-unboost|p2a: Mew|spe|1
|
|-weather|SunnyDay|[upkeep]
|-heal|p2a: Mew|177\/403 brn|[from] item: Leftovers
|-damage|p2a: Mew|127\/403 brn|[from] brn
|turn|15
|
|switch|p1a: Scizor|Scizor-Mega, M, shiny|311\/311
|move|p2a: Mew|Roost|p2a: Mew
|-heal|p2a: Mew|329\/403 brn
|
|-weather|SunnyDay|[upkeep]
|-heal|p2a: Mew|354\/403 brn|[from] item: Leftovers
|-damage|p2a: Mew|304\/403 brn|[from] brn
|turn|16
|
|move|p1a: Scizor|Swords Dance|p1a: Scizor
|-boost|p1a: Scizor|atk|2
|move|p2a: Mew|Will-O-Wisp|p1a: Scizor
|-status|p1a: Scizor|brn
|
|-weather|none
|-heal|p2a: Mew|329\/403 brn|[from] item: Leftovers
|-damage|p1a: Scizor|273\/311 brn|[from] brn
|-damage|p2a: Mew|279\/403 brn|[from] brn
|turn|17
|
|move|p1a: Scizor|Knock Off|p2a: Mew
|-supereffective|p2a: Mew
|-damage|p2a: Mew|15\/403 brn
|-enditem|p2a: Mew|Leftovers|[from] move: Knock Off|[of] p1a: Scizor
|move|p2a: Mew|Taunt|p1a: Scizor
|-start|p1a: Scizor|move: Taunt
|
|-damage|p1a: Scizor|235\/311 brn|[from] brn
|-damage|p2a: Mew|0 fnt|[from] brn
|faint|p2a: Mew
|c|âEuphoricock|i fucked up
|c|âEuphoricock|w.e
|c|âEuphoricock|completely forgot about hte speed drop
|c|âEuphoricock|til i clicked knock off
|c|âNYChillen|gg
|c|âNYChillen|scarf loom 
|c|âEuphoricock|gren
|c|âEuphoricock|outspeeds
|c|âEuphoricock|still
|c|âEuphoricock|lmao
|c|âEuphoricock|but yea still gg 
|
|switch|p2a: Greninja|Greninja, M|285\/285
|turn|18
|
|move|p1a: Scizor|Bullet Punch|p2a: Greninja
|-resisted|p2a: Greninja
|-damage|p2a: Greninja|193\/285
|move|p2a: Greninja|Hidden Power|p1a: Scizor
|-start|p2a: Greninja|typechange|Fire|[from] Protean
|-supereffective|p1a: Scizor
|-damage|p1a: Scizor|0 fnt
|-damage|p2a: Greninja|165\/285|[from] item: Life Orb
|faint|p1a: Scizor
|
|
|switch|p1a: Bisharp|Bisharp, M|291\/291
|turn|19
|c|âEuphoricock|hmm
|c|âEuphoricock|it can still go either way here
|c|âNYChillen|if your adamant
|c|âNYChillen|i outspeed
|c|âEuphoricock|oh true
|c|âEuphoricock|timer bro
|c|âNYChillen|my bad on time
|
|move|p2a: Greninja|Hidden Power|p1a: Bisharp
|-supereffective|p1a: Bisharp
|-enditem|p1a: Bisharp|Focus Sash
|-damage|p1a: Bisharp|1\/291
|-damage|p2a: Greninja|137\/285|[from] item: Life Orb
|move|p1a: Bisharp|Knock Off|p2a: Greninja
|-damage|p2a: Greninja|0 fnt
|-enditem|p2a: Greninja|Life Orb|[from] move: Knock Off|[of] p1a: Bisharp
|faint|p2a: Greninja
|
|c|âNYChillen|fuck i forgot
|c|âEuphoricock|lmao
|c|âNYChillen|the sash
|
|switch|p2a: Charizard|Charizard-Mega-Y, M|335\/335
|-weather|SunnyDay
|turn|20
|c|âNYChillen|gg
|
|move|p1a: Bisharp|Sucker Punch|p2a: Charizard
|-fail|p2a: Charizard
|move|p2a: Charizard|Roost|p2a: Charizard
|-fail|p2a: Charizard
|
|-weather|SunnyDay|[upkeep]
|turn|21
|c|âEuphoricock|gg
|
|move|p1a: Bisharp|Sucker Punch|p2a: Charizard
|-fail|p2a: Charizard
|move|p2a: Charizard|Roost|p2a: Charizard
|-fail|p2a: Charizard
|
|-weather|SunnyDay|[upkeep]
|turn|22
|c|âEuphoricock|unless rock tomb misses
|
|move|p2a: Charizard|Solar Beam|p1a: Bisharp|[still]
|-prepare|p2a: Charizard|Solar Beam|p1a: Bisharp
|-anim|p2a: Charizard|Solar Beam|p1a: Bisharp
|-resisted|p1a: Bisharp
|-damage|p1a: Bisharp|0 fnt
|faint|p1a: Bisharp
|
|-weather|SunnyDay|[upkeep]
|
|switch|p1a: Breloom|Breloom, F|265\/265
|turn|23
|c|âNYChillen|i need 10%
|
|move|p1a: Breloom|Rock Tomb|p2a: Charizard
|-supereffective|p2a: Charizard
|-damage|p2a: Charizard|0 fnt
|faint|p2a: Charizard
|
|win|Euphoricock
|c|âEuphoricock|haha
|c|âNYChillen|fuck
|c|âNYChillen|gg man
|c|âEuphoricock|gg!
|c|âEuphoricock|2 new teams performed very well
|c|âNYChillen|nice bd battle
|c|âNYChillen|my venu got bodied
|c|âEuphoricock|yea why did u stay in ?
|c|âNYChillen|thought it could tank n i wanted damage
|c|âNYChillen|i didn't need venu
|c|âEuphoricock|i like the team tho 
|c|âNYChillen|i woulda won if sharp wasnt sashed lol
|c|âNYChillen|yours is cool too