|join|FlowersByyIrene
|join|NYChillen
|player|p1|FlowersByyIrene|70
|player|p2|NYChillen|135
|gametype|singles
|gen|6
|tier|OU
|rated
|clearpoke
|poke|p1|Pinsir, M
|poke|p1|Talonflame, M
|poke|p1|Bisharp, M
|poke|p1|Excadrill, F
|poke|p1|Keldeo
|poke|p1|Thundurus, M
|poke|p2|Azumarill, F
|poke|p2|Talonflame, F
|poke|p2|Rotom-Wash, shiny
|poke|p2|Latias, F
|poke|p2|Bisharp, M
|poke|p2|Garchomp, F
|rule|Swagger Clause: Swagger is banned
|rule|Baton Pass Clause: Limit one PokÃ©mon knowing Baton Pass
|rule|Sleep Clause Mod: Limit one foe put to sleep
|rule|Species Clause: Limit one of each PokÃ©mon
|rule|OHKO Clause: OHKO moves are banned
|rule|Moody Clause: Moody is banned
|rule|Evasion Moves Clause: Evasion moves are banned
|rule|Endless Battle Clause: Forcing endless battles is banned
|rule|HP Percentage Mod: HP is shown in percentages
|teampreview
|
|start
|switch|p1a: Excadrill|Excadrill, F|389\/389
|switch|p2a: Garchomp|Garchomp, F|357\/357
|-ability|p1a: Excadrill|Mold Breaker
|turn|1
|
|switch|p1a: Thundurus|Thundurus, M|299\/299
|move|p2a: Garchomp|Stealth Rock|p1a: Thundurus
|-sidestart|p1: FlowersByyIrene|move: Stealth Rock
|
|turn|2
|
|move|p1a: Thundurus|Hidden Power|p2a: Garchomp
|-supereffective|p2a: Garchomp
|-damage|p2a: Garchomp|9\/357
|move|p2a: Garchomp|Dragon Claw|p1a: Thundurus
|-damage|p1a: Thundurus|112\/299
|
|-heal|p1a: Thundurus|130\/299|[from] item: Leftovers
|turn|3
|
|switch|p2a: Rotom-Wash|Rotom-Wash, shiny|241\/241
|move|p1a: Thundurus|Hidden Power|p2a: Rotom-Wash
|-resisted|p2a: Rotom-Wash
|-damage|p2a: Rotom-Wash|207\/241
|
|-heal|p1a: Thundurus|148\/299|[from] item: Leftovers
|turn|4
|
|switch|p1a: Excadrill|Excadrill, F|389\/389
|-damage|p1a: Excadrill|377\/389|[from] Stealth Rock
|-ability|p1a: Excadrill|Mold Breaker
|move|p2a: Rotom-Wash|Hydro Pump|p1a: Excadrill
|-supereffective|p1a: Excadrill
|-damage|p1a: Excadrill|0 fnt
|faint|p1a: Excadrill
|
|
|switch|p1a: Bisharp|Bisharp, M|334\/334
|-damage|p1a: Bisharp|314\/334|[from] Stealth Rock
|turn|5
|
|move|p2a: Rotom-Wash|Hydro Pump|p1a: Bisharp
|-damage|p1a: Bisharp|0 fnt
|faint|p1a: Bisharp
|
|
|switch|p1a: Keldeo|Keldeo|323\/323
|-damage|p1a: Keldeo|303\/323|[from] Stealth Rock
|turn|6
|
|switch|p2a: Latias|Latias, F|319\/319
|move|p1a: Keldeo|Scald|p2a: Latias
|-resisted|p2a: Latias
|-damage|p2a: Latias|245\/319
|-damage|p1a: Keldeo|271\/323|[from] item: Life Orb
|
|turn|7
|
|switch|p2a: Rotom-Wash|Rotom-Wash, shiny|207\/241
|move|p1a: Keldeo|Icy Wind|p2a: Rotom-Wash
|-resisted|p2a: Rotom-Wash
|-damage|p2a: Rotom-Wash|164\/241
|-unboost|p2a: Rotom-Wash|spe|1
|-damage|p1a: Keldeo|239\/323|[from] item: Life Orb
|
|turn|8
|
|switch|p2a: Bisharp|Bisharp, M|271\/271
|move|p1a: Keldeo|Secret Sword|p2a: Bisharp
|-supereffective|p2a: Bisharp
|-damage|p2a: Bisharp|0 fnt
|-damage|p1a: Keldeo|207\/323|[from] item: Life Orb
|faint|p2a: Bisharp
|
|
|switch|p2a: Latias|Latias, F|245\/319
|turn|9
|
|move|p2a: Latias|Draco Meteor|p1a: Keldeo
|-damage|p1a: Keldeo|0 fnt
|-unboost|p2a: Latias|spa|2
|-damage|p2a: Latias|214\/319|[from] item: Life Orb
|faint|p1a: Keldeo
|
|
|switch|p1a: Pinsir|Pinsir, M|272\/272
|-damage|p1a: Pinsir|204\/272|[from] Stealth Rock
|turn|10
|
|detailschange|p1a: Pinsir|Pinsir-Mega, M
|message|Pinsir has Mega Evolved into Mega Pinsir!
|move|p2a: Latias|Draco Meteor|p1a: Pinsir
|-damage|p1a: Pinsir|78\/272
|-unboost|p2a: Latias|spa|2
|-damage|p2a: Latias|183\/319|[from] item: Life Orb
|move|p1a: Pinsir|Swords Dance|p1a: Pinsir
|-boost|p1a: Pinsir|atk|2
|
|turn|11
|
|move|p2a: Latias|Draco Meteor|p1a: Pinsir
|-damage|p1a: Pinsir|0 fnt
|-unboost|p2a: Latias|spa|2
|-damage|p2a: Latias|152\/319|[from] item: Life Orb
|faint|p1a: Pinsir
|
|c|âFlowersByyIrene|fucking how much scarfed shit do you have on your team - fucking cunt
|c|âNYChillen|lol
|
|switch|p1a: Talonflame|Talonflame, M|298\/298
|-damage|p1a: Talonflame|149\/298|[from] Stealth Rock
|turn|12
|c|âNYChillen|latias is naturally faster
|c|âNYChillen|!data latias
|c|~|\/data-pokemon Latias

|-message|FlowersByyIrene forfeited.
|
|win|NYChillen
|raw|Ladder updating...
|c|âNYChillen|!data pinsir-mega
|c|~|\/data-pokemon Pinsir-Mega

|leave|FlowersByyIrene
|player|p1
|raw|FlowersByyIrene's rating: 1411 &rarr; <strong>1394<\/strong><br \/>(-17 for losing)
|raw|NYChillen's rating: 1460 &rarr; <strong>1477<\/strong><br \/>(+17 for winning)