|join|Astray93
|join|NYChillen
|player|p1|Astray93|276
|player|p2|NYChillen|135
|gametype|singles
|gen|6
|tier|OU
|rated
|clearpoke
|poke|p1|Latios, M
|poke|p1|Landorus-Therian, M
|poke|p1|Keldeo-Resolute
|poke|p1|Venusaur, F
|poke|p1|Clefable, F
|poke|p1|Heatran, F
|poke|p2|Cloyster, M, shiny
|poke|p2|Greninja, F, shiny
|poke|p2|Gengar, M
|poke|p2|Aerodactyl, M
|poke|p2|Azelf
|poke|p2|Bisharp, F
|rule|Swagger Clause: Swagger is banned
|rule|Baton Pass Clause: Limit one PokÃ©mon knowing Baton Pass
|rule|Sleep Clause Mod: Limit one foe put to sleep
|rule|Species Clause: Limit one of each PokÃ©mon
|rule|OHKO Clause: OHKO moves are banned
|rule|Moody Clause: Moody is banned
|rule|Evasion Moves Clause: Evasion moves are banned
|rule|Endless Battle Clause: Forcing endless battles is banned
|rule|HP Percentage Mod: HP is shown in percentages
|teampreview
|
|start
|switch|p1a: Landorus-Therian|Landorus-Therian, M|324\/324
|switch|p2a: Azelf|Azelf|291\/291
|-ability|p1a: Landorus-Therian|Intimidate|[of] p2a: Azelf
|-unboost|p2a: Azelf|atk|1
|turn|1
|
|move|p1a: Landorus-Therian|Knock Off|p2a: Azelf
|-supereffective|p2a: Azelf
|-enditem|p2a: Azelf|Focus Sash
|-damage|p2a: Azelf|1\/291
|move|p2a: Azelf|Stealth Rock|p1a: Landorus-Therian
|-sidestart|p1: Astray93|move: Stealth Rock
|
|turn|2
|
|move|p1a: Landorus-Therian|Knock Off|p2a: Azelf
|-supereffective|p2a: Azelf
|-damage|p2a: Azelf|0 fnt
|faint|p2a: Azelf
|
|
|switch|p2a: Aerodactyl|Aerodactyl, M|301\/301
|-ability|p2a: Aerodactyl|Unnerve|p1: Astray93
|turn|3
|
|switch|p1a: Clefable|Clefable, F|393\/393
|detailschange|p2a: Aerodactyl|Aerodactyl-Mega, M
|message|Aerodactyl has Mega Evolved into Mega Aerodactyl!
|move|p2a: Aerodactyl|Stone Edge|p1a: Clefable
|-damage|p1a: Clefable|179\/393
|
|-heal|p1a: Clefable|203\/393|[from] item: Leftovers
|turn|4
|
|switch|p1a: Landorus-Therian|Landorus-Therian, M|324\/324
|-damage|p1a: Landorus-Therian|284\/324|[from] Stealth Rock
|-ability|p1a: Landorus-Therian|Intimidate|[of] p2a: Aerodactyl
|-unboost|p2a: Aerodactyl|atk|1
|move|p2a: Aerodactyl|Stone Edge|p1a: Landorus-Therian
|-damage|p1a: Landorus-Therian|137\/324
|
|turn|5
|
|switch|p1a: Keldeo-Resolute|Keldeo-Resolute|322\/322
|-damage|p1a: Keldeo-Resolute|302\/322|[from] Stealth Rock
|switch|p2a: Bisharp|Bisharp, F|271\/271
|
|turn|6
|
|move|p1a: Keldeo-Resolute|Scald|p2a: Bisharp
|-damage|p2a: Bisharp|0 fnt
|faint|p2a: Bisharp
|
|
|switch|p2a: Aerodactyl|Aerodactyl-Mega, M|301\/301
|turn|7
|
|switch|p1a: Heatran|Heatran, F|385\/385
|-damage|p1a: Heatran|337\/385|[from] Stealth Rock
|move|p2a: Aerodactyl|Aerial Ace|p1a: Heatran
|-resisted|p1a: Heatran
|-damage|p1a: Heatran|265\/385
|
|-heal|p1a: Heatran|289\/385|[from] item: Leftovers
|turn|8
|
|switch|p1a: Landorus-Therian|Landorus-Therian, M|137\/324
|-damage|p1a: Landorus-Therian|97\/324|[from] Stealth Rock
|-ability|p1a: Landorus-Therian|Intimidate|[of] p2a: Aerodactyl
|-unboost|p2a: Aerodactyl|atk|1
|move|p2a: Aerodactyl|Taunt|p1a: Landorus-Therian
|-start|p1a: Landorus-Therian|move: Taunt
|
|turn|9
|
|move|p1a: Landorus-Therian|Stone Edge|p2a: Aerodactyl
|-supereffective|p2a: Aerodactyl
|-damage|p2a: Aerodactyl|15\/301
|move|p2a: Aerodactyl|Stone Edge|p1a: Landorus-Therian
|-damage|p1a: Landorus-Therian|0 fnt
|faint|p1a: Landorus-Therian
|
|
|switch|p1a: Heatran|Heatran, F|289\/385
|-damage|p1a: Heatran|241\/385|[from] Stealth Rock
|turn|10
|
|move|p2a: Aerodactyl|Taunt|p1a: Heatran
|-start|p1a: Heatran|move: Taunt
|move|p1a: Heatran|Lava Plume|p2a: Aerodactyl
|-resisted|p2a: Aerodactyl
|-damage|p2a: Aerodactyl|0 fnt
|faint|p2a: Aerodactyl
|
|-heal|p1a: Heatran|265\/385|[from] item: Leftovers
|
|switch|p2a: Greninja|Greninja, F, shiny|286\/286
|turn|11
|
|move|p2a: Greninja|Hydro Pump|p1a: Heatran
|-start|p2a: Greninja|typechange|Water|[from] Protean
|-supereffective|p1a: Heatran
|-damage|p1a: Heatran|0 fnt
|-damage|p2a: Greninja|258\/286|[from] item: Life Orb
|faint|p1a: Heatran
|
|
|switch|p1a: Venusaur|Venusaur, F|363\/363
|-damage|p1a: Venusaur|318\/363|[from] Stealth Rock
|turn|12
|
|switch|p2a: Gengar|Gengar, M|261\/261
|detailschange|p1a: Venusaur|Venusaur-Mega, F
|message|Venusaur has Mega Evolved into Mega Venusaur!
|move|p1a: Venusaur|Giga Drain|p2a: Gengar
|-resisted|p2a: Gengar
|-damage|p2a: Gengar|177\/261
|-heal|p1a: Venusaur|360\/363|[from] drain|[of] p2a: Gengar
|
|turn|13
|
|move|p2a: Gengar|Taunt|p1a: Venusaur
|-start|p1a: Venusaur|move: Taunt
|move|p1a: Venusaur|Giga Drain|p2a: Gengar
|-resisted|p2a: Gengar
|-damage|p2a: Gengar|84\/261
|-heal|p1a: Venusaur|363\/363|[from] drain|[of] p2a: Gengar
|
|turn|14
|
|switch|p1a: Clefable|Clefable, F|203\/393
|move|p2a: Gengar|Shadow Ball|p1a: Clefable
|-damage|p1a: Clefable|38\/393
|-unboost|p1a: Clefable|spd|1
|-damage|p2a: Gengar|58\/261|[from] item: Life Orb
|
|-heal|p1a: Clefable|62\/393|[from] item: Leftovers
|turn|15
|
|move|p2a: Gengar|Taunt|p1a: Clefable
|-start|p1a: Clefable|move: Taunt
|move|p1a: Clefable|Moonblast|p2a: Gengar
|-resisted|p2a: Gengar
|-damage|p2a: Gengar|0 fnt
|faint|p2a: Gengar
|
|-heal|p1a: Clefable|86\/393|[from] item: Leftovers
|
|switch|p2a: Cloyster|Cloyster, M, shiny|241\/241
|turn|16
|
|move|p2a: Cloyster|Icicle Spear|p1a: Clefable
|-damage|p1a: Clefable|44\/393
|-damage|p1a: Clefable|2\/393
|-damage|p1a: Clefable|0 fnt
|-hitcount|p1a: Clefable|3
|faint|p1a: Clefable
|
|
|switch|p1a: Keldeo-Resolute|Keldeo-Resolute|302\/322
|-damage|p1a: Keldeo-Resolute|282\/322|[from] Stealth Rock
|turn|17
|
|move|p1a: Keldeo-Resolute|Secret Sword|p2a: Cloyster
|-supereffective|p2a: Cloyster
|-enditem|p2a: Cloyster|Focus Sash
|-damage|p2a: Cloyster|1\/241
|move|p2a: Cloyster|Shell Smash|p2a: Cloyster
|-boost|p2a: Cloyster|atk|2
|-boost|p2a: Cloyster|spa|2
|-boost|p2a: Cloyster|spe|2
|-unboost|p2a: Cloyster|def|1
|-unboost|p2a: Cloyster|spd|1
|
|turn|18
|
|move|p2a: Cloyster|Icicle Spear|p1a: Keldeo-Resolute
|-resisted|p1a: Keldeo-Resolute
|-damage|p1a: Keldeo-Resolute|239\/322
|-resisted|p1a: Keldeo-Resolute
|-damage|p1a: Keldeo-Resolute|196\/322
|-resisted|p1a: Keldeo-Resolute
|-damage|p1a: Keldeo-Resolute|156\/322
|-resisted|p1a: Keldeo-Resolute
|-damage|p1a: Keldeo-Resolute|114\/322
|-resisted|p1a: Keldeo-Resolute
|-damage|p1a: Keldeo-Resolute|67\/322
|-hitcount|p1a: Keldeo-Resolute|5
|move|p1a: Keldeo-Resolute|Secret Sword|p2a: Cloyster
|-supereffective|p2a: Cloyster
|-damage|p2a: Cloyster|0 fnt
|faint|p2a: Cloyster
|
|
|switch|p2a: Greninja|Greninja, F, shiny|258\/286
|turn|19
|
|move|p2a: Greninja|Ice Beam|p1a: Keldeo-Resolute
|-start|p2a: Greninja|typechange|Ice|[from] Protean
|-resisted|p1a: Keldeo-Resolute
|-damage|p1a: Keldeo-Resolute|0 fnt
|-damage|p2a: Greninja|230\/286|[from] item: Life Orb
|faint|p1a: Keldeo-Resolute
|
|
|switch|p1a: Venusaur|Venusaur-Mega, F|363\/363
|-damage|p1a: Venusaur|318\/363|[from] Stealth Rock
|turn|20
|
|move|p2a: Greninja|Hidden Power|p1a: Venusaur
|-start|p2a: Greninja|typechange|Fire|[from] Protean
|-supereffective|p1a: Venusaur
|-damage|p1a: Venusaur|214\/363
|-damage|p2a: Greninja|202\/286|[from] item: Life Orb
|move|p1a: Venusaur|Giga Drain|p2a: Greninja
|-resisted|p2a: Greninja
|-damage|p2a: Greninja|108\/286
|-heal|p1a: Venusaur|261\/363|[from] drain|[of] p2a: Greninja
|
|turn|21
|
|move|p2a: Greninja|Ice Beam|p1a: Venusaur
|-start|p2a: Greninja|typechange|Ice|[from] Protean
|-supereffective|p1a: Venusaur
|-damage|p1a: Venusaur|110\/363
|-damage|p2a: Greninja|80\/286|[from] item: Life Orb
|move|p1a: Venusaur|Giga Drain|p2a: Greninja
|-damage|p2a: Greninja|0 fnt
|-heal|p1a: Venusaur|150\/363|[from] drain|[of] p2a: Greninja
|faint|p2a: Greninja
|
|win|Astray93
|raw|Ladder updating...
|c|âNYChillen|gg
|c|âAstray93|gg