|join|NYChillen
|join|guoguopi
|player|p1|NYChillen|135
|player|p2|guoguopi|2
|gametype|singles
|gen|6
|tier|OU
|rated
|clearpoke
|poke|p1|Cloyster, M, shiny
|poke|p1|Greninja, F, shiny
|poke|p1|Gengar, M
|poke|p1|Aerodactyl, M
|poke|p1|Azelf
|poke|p1|Bisharp, F, shiny
|poke|p2|Venusaur, F
|poke|p2|Sylveon, M
|poke|p2|Heatran, M
|poke|p2|Rotom-Wash
|poke|p2|Garchomp, M
|poke|p2|Landorus-Therian, M
|rule|Swagger Clause: Swagger is banned
|rule|Baton Pass Clause: Limit one PokÃ©mon knowing Baton Pass
|rule|Sleep Clause Mod: Limit one foe put to sleep
|rule|Species Clause: Limit one of each PokÃ©mon
|rule|OHKO Clause: OHKO moves are banned
|rule|Moody Clause: Moody is banned
|rule|Evasion Moves Clause: Evasion moves are banned
|rule|Endless Battle Clause: Forcing endless battles is banned
|rule|HP Percentage Mod: HP is shown in percentages
|teampreview
|
|start
|switch|p1a: UNC|Azelf|291\/291
|switch|p2a: Rotom-Wash|Rotom-Wash|304\/304
|turn|1
|join|Euphoria13
|
|move|p1a: UNC|Stealth Rock|p2a: Rotom-Wash
|-sidestart|p2: guoguopi|move: Stealth Rock
|move|p2a: Rotom-Wash|Volt Switch|p1a: UNC
|-damage|p1a: UNC|167\/291
|
|switch|p2a: Heatran|Heatran, M|324\/324
|-damage|p2a: Heatran|284\/324|[from] Stealth Rock
|
|-heal|p2a: Heatran|304\/324|[from] item: Leftovers
|turn|2
|
|move|p1a: UNC|Taunt|p2a: Heatran
|-start|p2a: Heatran|move: Taunt
|cant|p2a: Heatran|move: Taunt|Stealth Rock
|
|-heal|p2a: Heatran|324\/324|[from] item: Leftovers
|turn|3
|
|move|p1a: UNC|Explosion|p2a: Heatran
|-resisted|p2a: Heatran
|-damage|p2a: Heatran|192\/324
|faint|p1a: UNC
|move|p2a: Heatran|Lava Plume|p1: UNC|[notarget]
|-notarget
|
|-heal|p2a: Heatran|212\/324|[from] item: Leftovers
|
|switch|p1a: Hopkins|Greninja, F, shiny|285\/285
|turn|4
|
|switch|p2a: Sylveon|Sylveon, M|394\/394
|-damage|p2a: Sylveon|345\/394|[from] Stealth Rock
|move|p1a: Hopkins|Hydro Pump|p2a: Sylveon
|-start|p1a: Hopkins|typechange|Water|[from] Protean
|-damage|p2a: Sylveon|164\/394
|-damage|p1a: Hopkins|257\/285|[from] item: Life Orb
|
|-heal|p2a: Sylveon|188\/394|[from] item: Leftovers
|turn|5
|
|switch|p1a: Furman|Gengar, M|261\/261
|move|p2a: Sylveon|Protect|p2a: Sylveon
|-fail|p2a: Sylveon
|
|-heal|p2a: Sylveon|212\/394|[from] item: Leftovers
|turn|6
|
|switch|p2a: Landorus-Therian|Landorus-Therian, M|320\/320
|-damage|p2a: Landorus-Therian|280\/320|[from] Stealth Rock
|-ability|p2a: Landorus-Therian|Intimidate|[of] p1a: Furman
|-unboost|p1a: Furman|atk|1
|move|p1a: Furman|Taunt|p2a: Landorus-Therian
|-start|p2a: Landorus-Therian|move: Taunt
|
|turn|7
|
|switch|p1a: Air Force|Aerodactyl, M|301\/301
|-ability|p1a: Air Force|Unnerve|p2: guoguopi
|move|p2a: Landorus-Therian|Knock Off|p1a: Air Force
|-damage|p1a: Air Force|178\/301
|
|turn|8
|
|switch|p2a: Rotom-Wash|Rotom-Wash|304\/304
|-damage|p2a: Rotom-Wash|266\/304|[from] Stealth Rock
|detailschange|p1a: Air Force|Aerodactyl-Mega, M
|message|Aerodactyl has Mega Evolved into Mega Aerodactyl!
|move|p1a: Air Force|Stone Edge|p2a: Rotom-Wash
|-damage|p2a: Rotom-Wash|85\/304
|
|-heal|p2a: Rotom-Wash|104\/304|[from] item: Leftovers
|turn|9
|
|move|p1a: Air Force|Stone Edge|p2a: Rotom-Wash
|-crit|p2a: Rotom-Wash
|-damage|p2a: Rotom-Wash|0 fnt
|faint|p2a: Rotom-Wash
|
|
|switch|p2a: Venusaur|Venusaur, F|364\/364
|-damage|p2a: Venusaur|319\/364|[from] Stealth Rock
|turn|10
|
|detailschange|p2a: Venusaur|Venusaur-Mega, F
|message|Venusaur has Mega Evolved into Mega Venusaur!
|move|p1a: Air Force|Aerial Ace|p2a: Venusaur
|-supereffective|p2a: Venusaur
|-damage|p2a: Venusaur|133\/364
|move|p2a: Venusaur|Sleep Powder|p1a: Air Force
|-status|p1a: Air Force|slp
|
|turn|11
|
|cant|p1a: Air Force|slp
|move|p2a: Venusaur|Synthesis|p2a: Venusaur
|-heal|p2a: Venusaur|315\/364
|
|turn|12
|
|cant|p1a: Air Force|slp
|move|p2a: Venusaur|Giga Drain|p1a: Air Force
|-damage|p1a: Air Force|76\/301 slp
|-heal|p2a: Venusaur|364\/364|[from] drain|[of] p1a: Air Force
|
|turn|13
|
|switch|p1a: Furman|Gengar, M|261\/261
|move|p2a: Venusaur|Giga Drain|p1a: Furman
|-resisted|p1a: Furman
|-damage|p1a: Furman|198\/261
|
|turn|14
|
|move|p1a: Furman|Shadow Ball|p2a: Venusaur
|-damage|p2a: Venusaur|199\/364
|-damage|p1a: Furman|172\/261|[from] item: Life Orb
|move|p2a: Venusaur|Sludge Bomb|p1a: Furman
|-crit|p1a: Furman
|-resisted|p1a: Furman
|-damage|p1a: Furman|110\/261
|
|turn|15
|
|move|p1a: Furman|Taunt|p2a: Venusaur
|-start|p2a: Venusaur|move: Taunt
|cant|p2a: Venusaur|move: Taunt|Synthesis
|
|turn|16
|
|move|p1a: Furman|Shadow Ball|p2a: Venusaur
|-damage|p2a: Venusaur|50\/364
|-damage|p1a: Furman|84\/261|[from] item: Life Orb
|move|p2a: Venusaur|Giga Drain|p1a: Furman
|-resisted|p1a: Furman
|-damage|p1a: Furman|24\/261
|-heal|p2a: Venusaur|80\/364|[from] drain|[of] p1a: Furman
|
|turn|17
|
|move|p1a: Furman|Shadow Ball|p2a: Venusaur
|-damage|p2a: Venusaur|0 fnt
|-damage|p1a: Furman|0 fnt|[from] item: Life Orb
|faint|p2a: Venusaur
|faint|p1a: Furman
|
|
|switch|p2a: Landorus-Therian|Landorus-Therian, M|280\/320
|-damage|p2a: Landorus-Therian|240\/320|[from] Stealth Rock
|switch|p1a: Air Force|Aerodactyl-Mega, M|76\/301 slp
|-ability|p2a: Landorus-Therian|Intimidate|[of] p1a: Air Force
|-unboost|p1a: Air Force|atk|1
|turn|18
|
|move|p2a: Landorus-Therian|Knock Off|p1a: Air Force
|-crit|p1a: Air Force
|-damage|p1a: Air Force|0 fnt
|faint|p1a: Air Force
|
|
|switch|p1a: Hofstra|Bisharp, F, shiny|271\/271
|turn|19
|
|switch|p2a: Garchomp|Garchomp, M|358\/358
|-damage|p2a: Garchomp|336\/358|[from] Stealth Rock
|move|p1a: Hofstra|Swords Dance|p1a: Hofstra
|-boost|p1a: Hofstra|atk|2
|
|turn|20
|join|Mediacore
|
|move|p1a: Hofstra|Sucker Punch|p2a: Garchomp
|-damage|p2a: Garchomp|0 fnt
|-damage|p1a: Hofstra|238\/271|[from] ability: Rough Skin|[of] p2a: Garchomp
|-damage|p1a: Hofstra|211\/271|[from] item: Life Orb
|faint|p2a: Garchomp
|
|c| Mediacore|vs me next yo
|
|switch|p2a: Heatran|Heatran, M|212\/324
|-damage|p2a: Heatran|172\/324|[from] Stealth Rock
|turn|21
|c|âNYChillen|who?
|c| Mediacore|ransoms battle
|c| Mediacore|anyone
|
|move|p1a: Hofstra|Sucker Punch|p2a: Heatran
|-damage|p2a: Heatran|0 fnt
|-damage|p1a: Hofstra|184\/271|[from] item: Life Orb
|faint|p2a: Heatran
|
|leave|guoguopi
|player|p2
|leave|Euphoria13
|c| Mediacore|do \/roomvoice and join me in
|c|âNYChillen|idk how lol
|c|âNYChillen|just find a random battle
|c| Mediacore|type \/roomvoice in
|c| Mediacore|servers are down
|c| Mediacore|lol
|-message|guoguopi lost due to inactivity.
|
|win|NYChillen
|raw|Ladder updating...
|c|âNYChillen|damn
|raw|NYChillen's rating: 1648 &rarr; <strong>1667<\/strong><br \/>(+19 for winning)
|raw|guoguopi's rating: 1633 &rarr; <strong>1614<\/strong><br \/>(-19 for losing)