|join|zongthedong
|join|oioirnambe
|player|p1|zongthedong|1
|player|p2|oioirnambe|247
|gametype|singles
|gen|6
|tier|UU
|rated
|rule|Sleep Clause Mod: Limit one foe put to sleep
|rule|Species Clause: Limit one of each PokÃ©mon
|rule|OHKO Clause: OHKO moves are banned
|rule|Moody Clause: Moody is banned
|rule|Evasion Moves Clause: Evasion moves are banned
|rule|Endless Battle Clause: Forcing endless battles is banned
|rule|HP Percentage Mod: HP is shown in percentages
|clearpoke
|poke|p1|Lucario, F
|poke|p1|Nidoqueen, F
|poke|p1|Hydreigon, M
|poke|p1|Suicune, shiny
|poke|p1|Jirachi
|poke|p1|Aerodactyl, F
|poke|p2|Blissey, F
|poke|p2|Granbull, M
|poke|p2|Slowking, M
|poke|p2|Rhyperior, F
|poke|p2|Sableye, F
|poke|p2|Roserade, M
|rule|Swagger Clause: Swagger is banned
|rule|Baton Pass Clause: Limit one PokÃ©mon knowing Baton Pass
|teampreview
|
|start
|switch|p1a: Suicune|Suicune, shiny|404\/404
|switch|p2a: Sableye|Sableye, F|304\/304
|-ability|p1a: Suicune|Pressure
|turn|1
|
|move|p2a: Sableye|Taunt|p1a: Suicune
|-start|p1a: Suicune|move: Taunt
|move|p1a: Suicune|Scald|p2a: Sableye
|-damage|p2a: Sableye|202\/304
|-status|p2a: Sableye|brn
|
|-heal|p2a: Sableye|221\/304 brn|[from] item: Leftovers
|-damage|p2a: Sableye|183\/304 brn|[from] brn
|turn|2
|
|move|p1a: Suicune|Scald|p2a: Sableye
|-damage|p2a: Sableye|78\/304 brn
|move|p2a: Sableye|Knock Off|p1a: Suicune
|-damage|p1a: Suicune|364\/404
|-enditem|p1a: Suicune|Leftovers|[from] move: Knock Off|[of] p2a: Sableye
|
|-heal|p2a: Sableye|97\/304 brn|[from] item: Leftovers
|-damage|p2a: Sableye|59\/304 brn|[from] brn
|turn|3
|
|switch|p1a: Hydreigon|Hydreigon, M|325\/325
|move|p2a: Sableye|Recover|p2a: Sableye
|-heal|p2a: Sableye|211\/304 brn
|
|-heal|p2a: Sableye|230\/304 brn|[from] item: Leftovers
|-damage|p2a: Sableye|192\/304 brn|[from] brn
|turn|4
|
|switch|p2a: Granbull|Granbull, M|384\/384
|-ability|p2a: Granbull|Intimidate|[of] p1a: Hydreigon
|-unboost|p1a: Hydreigon|atk|1
|move|p1a: Hydreigon|Dark Pulse|p2a: Granbull
|-resisted|p2a: Granbull
|-damage|p2a: Granbull|238\/384
|-damage|p1a: Hydreigon|293\/325|[from] item: Life Orb
|
|-heal|p2a: Granbull|262\/384|[from] item: Leftovers
|turn|5
|
|switch|p1a: Nidoqueen|Nidoqueen, F|383\/383
|switch|p2a: Blissey|Blissey, F|714\/714
|
|turn|6
|
|move|p1a: Nidoqueen|Stealth Rock|p2a: Blissey
|-sidestart|p2: oioirnambe|move: Stealth Rock
|move|p2a: Blissey|Seismic Toss|p1a: Nidoqueen
|-damage|p1a: Nidoqueen|283\/383
|
|-heal|p1a: Nidoqueen|306\/383|[from] item: Black Sludge
|turn|7
|
|move|p1a: Nidoqueen|Toxic Spikes|p2a: Blissey
|-sidestart|p2: oioirnambe|move: Toxic Spikes
|move|p2a: Blissey|Wish|p2a: Blissey
|
|-heal|p1a: Nidoqueen|329\/383|[from] item: Black Sludge
|turn|8
|
|switch|p1a: Jirachi|Jirachi|344\/344
|switch|p2a: Roserade|Roserade, M|320\/320
|-sideend|p2: oioirnambe|move: Toxic Spikes|[of] p2a: Roserade
|-damage|p2a: Roserade|280\/320|[from] Stealth Rock
|
|-heal|p2a: Roserade|320\/320|[from] move: Wish|[wisher] Blissey
|turn|9
|
|switch|p2a: Slowking|Slowking, M|394\/394
|-damage|p2a: Slowking|345\/394|[from] Stealth Rock
|move|p1a: Jirachi|Iron Head|p2a: Slowking
|-resisted|p2a: Slowking
|-damage|p2a: Slowking|297\/394
|
|-heal|p2a: Slowking|321\/394|[from] item: Leftovers
|turn|10
|
|switch|p1a: Hydreigon|Hydreigon, M|293\/325
|move|p2a: Slowking|Scald|p1a: Hydreigon
|-resisted|p1a: Hydreigon
|-damage|p1a: Hydreigon|246\/325
|
|-heal|p2a: Slowking|345\/394|[from] item: Leftovers
|turn|11
|
|switch|p2a: Blissey|Blissey, F|714\/714
|-damage|p2a: Blissey|625\/714|[from] Stealth Rock
|move|p1a: Hydreigon|Dark Pulse|p2a: Blissey
|-damage|p2a: Blissey|491\/714
|-damage|p1a: Hydreigon|214\/325|[from] item: Life Orb
|
|-heal|p2a: Blissey|535\/714|[from] item: Leftovers
|turn|12
|
|switch|p1a: Lucario|Lucario, F|281\/281
|move|p2a: Blissey|Protect|p2a: Blissey
|-fail|p2a: Blissey
|
|-heal|p2a: Blissey|579\/714|[from] item: Leftovers
|turn|13
|
|switch|p2a: Slowking|Slowking, M|394\/394
|-damage|p2a: Slowking|345\/394|[from] Stealth Rock
|move|p1a: Lucario|Flash Cannon|p2a: Slowking
|-resisted|p2a: Slowking
|-damage|p2a: Slowking|268\/394
|-damage|p1a: Lucario|253\/281|[from] item: Life Orb
|
|-heal|p2a: Slowking|292\/394|[from] item: Leftovers
|turn|14
|
|switch|p1a: Hydreigon|Hydreigon, M|214\/325
|move|p2a: Slowking|Scald|p1a: Hydreigon
|-resisted|p1a: Hydreigon
|-damage|p1a: Hydreigon|165\/325
|
|-heal|p2a: Slowking|316\/394|[from] item: Leftovers
|turn|15
|
|switch|p2a: Granbull|Granbull, M|262\/384
|-damage|p2a: Granbull|214\/384|[from] Stealth Rock
|-ability|p2a: Granbull|Intimidate|[of] p1a: Hydreigon
|-unboost|p1a: Hydreigon|atk|1
|move|p1a: Hydreigon|Dark Pulse|p2a: Granbull
|-resisted|p2a: Granbull
|-damage|p2a: Granbull|74\/384
|-damage|p1a: Hydreigon|133\/325|[from] item: Life Orb
|
|-heal|p2a: Granbull|98\/384|[from] item: Leftovers
|turn|16
|
|move|p1a: Hydreigon|Dark Pulse|p2a: Granbull
|-resisted|p2a: Granbull
|-damage|p2a: Granbull|0 fnt
|-damage|p1a: Hydreigon|101\/325|[from] item: Life Orb
|faint|p2a: Granbull
|
|
|switch|p2a: Blissey|Blissey, F|579\/714
|-damage|p2a: Blissey|490\/714|[from] Stealth Rock
|turn|17
|
|move|p1a: Hydreigon|Superpower|p2a: Blissey
|-supereffective|p2a: Blissey
|-damage|p2a: Blissey|207\/714
|-unboost|p1a: Hydreigon|atk|1
|-unboost|p1a: Hydreigon|def|1
|-damage|p1a: Hydreigon|69\/325|[from] item: Life Orb
|move|p2a: Blissey|Seismic Toss|p1a: Hydreigon
|-damage|p1a: Hydreigon|0 fnt
|faint|p1a: Hydreigon
|
|-heal|p2a: Blissey|251\/714|[from] item: Leftovers
|
|switch|p1a: Aerodactyl|Aerodactyl, F|301\/301
|-ability|p1a: Aerodactyl|Pressure
|turn|18
|
|detailschange|p1a: Aerodactyl|Aerodactyl-Mega, F
|message|Aerodactyl has Mega Evolved into Mega Aerodactyl!
|move|p1a: Aerodactyl|Pursuit|p2a: Blissey|[from]Pursuit
|-damage|p2a: Blissey|18\/714
|switch|p2a: Rhyperior|Rhyperior, F|434\/434
|-damage|p2a: Rhyperior|407\/434|[from] Stealth Rock
|
|-heal|p2a: Rhyperior|434\/434|[from] item: Leftovers
|turn|19
|
|switch|p1a: Suicune|Suicune, shiny|364\/404
|-ability|p1a: Suicune|Pressure
|move|p2a: Rhyperior|Stealth Rock|p1a: Suicune
|-sidestart|p1: zongthedong|move: Stealth Rock
|
|turn|20
|
|switch|p2a: Slowking|Slowking, M|394\/394
|-damage|p2a: Slowking|345\/394|[from] Stealth Rock
|move|p1a: Suicune|Ice Beam|p2a: Slowking
|-resisted|p2a: Slowking
|-damage|p2a: Slowking|306\/394
|
|-heal|p2a: Slowking|330\/394|[from] item: Leftovers
|turn|21
|
|move|p1a: Suicune|Substitute|p1a: Suicune
|-start|p1a: Suicune|Substitute
|-damage|p1a: Suicune|263\/404
|move|p2a: Slowking|Calm Mind|p2a: Slowking
|-boost|p2a: Slowking|spa|1
|-boost|p2a: Slowking|spd|1
|
|-heal|p2a: Slowking|354\/394|[from] item: Leftovers
|turn|22
|
|move|p1a: Suicune|Scald|p2a: Slowking
|-resisted|p2a: Slowking
|-damage|p2a: Slowking|318\/394
|move|p2a: Slowking|Calm Mind|p2a: Slowking
|-boost|p2a: Slowking|spa|1
|-boost|p2a: Slowking|spd|1
|
|-heal|p2a: Slowking|342\/394|[from] item: Leftovers
|turn|23
|
|switch|p1a: Jirachi|Jirachi|344\/344
|-damage|p1a: Jirachi|323\/344|[from] Stealth Rock
|move|p2a: Slowking|Psyshock|p1a: Jirachi
|-resisted|p1a: Jirachi
|-damage|p1a: Jirachi|278\/344
|
|-heal|p2a: Slowking|366\/394|[from] item: Leftovers
|turn|24
|
|switch|p2a: Rhyperior|Rhyperior, F|434\/434
|-damage|p2a: Rhyperior|407\/434|[from] Stealth Rock
|move|p1a: Jirachi|Trick|p2a: Rhyperior
|-activate|p1a: Jirachi|move: Trick|[of] p2a: Rhyperior
|-item|p2a: Rhyperior|Choice Scarf|[from] move: Trick
|-item|p1a: Jirachi|Leftovers|[from] move: Trick
|
|-heal|p1a: Jirachi|299\/344|[from] item: Leftovers
|turn|25
|
|move|p1a: Jirachi|Iron Head|p2a: Rhyperior
|-supereffective|p2a: Rhyperior
|-damage|p2a: Rhyperior|308\/434
|cant|p2a: Rhyperior|flinch
|
|-heal|p1a: Jirachi|320\/344|[from] item: Leftovers
|turn|26
|
|move|p1a: Jirachi|U-turn|p2a: Rhyperior
|-damage|p2a: Rhyperior|269\/434
|
|switch|p1a: Aerodactyl|Aerodactyl-Mega, F|301\/301
|-damage|p1a: Aerodactyl|226\/301|[from] Stealth Rock
|move|p2a: Rhyperior|Earthquake|p1a: Aerodactyl
|-immune|p1a: Aerodactyl|[msg]
|
|turn|27
|
|switch|p2a: Blissey|Blissey, F|18\/714
|-damage|p2a: Blissey|0 fnt|[from] Stealth Rock
|faint|p2a: Blissey
|move|p1a: Aerodactyl|Earthquake|p2: Blissey|[notarget]
|-notarget
|
|
|switch|p2a: Slowking|Slowking, M|394\/394
|-damage|p2a: Slowking|345\/394|[from] Stealth Rock
|turn|28
|
|move|p1a: Aerodactyl|Stone Edge|p2a: Slowking
|-damage|p2a: Slowking|186\/394
|move|p2a: Slowking|Calm Mind|p2a: Slowking
|-boost|p2a: Slowking|spa|1
|-boost|p2a: Slowking|spd|1
|
|-heal|p2a: Slowking|210\/394|[from] item: Leftovers
|turn|29
|
|move|p1a: Aerodactyl|Stone Edge|p2a: Slowking
|-damage|p2a: Slowking|51\/394
|move|p2a: Slowking|Slack Off|p2a: Slowking
|-heal|p2a: Slowking|248\/394
|
|-heal|p2a: Slowking|272\/394|[from] item: Leftovers
|turn|30
|
|move|p1a: Aerodactyl|Stone Edge|p2a: Slowking
|-damage|p2a: Slowking|109\/394
|move|p2a: Slowking|Slack Off|p2a: Slowking
|-heal|p2a: Slowking|306\/394
|
|-heal|p2a: Slowking|330\/394|[from] item: Leftovers
|turn|31
|
|move|p1a: Aerodactyl|Stone Edge|p2a: Slowking
|-damage|p2a: Slowking|176\/394
|move|p2a: Slowking|Slack Off|p2a: Slowking
|-heal|p2a: Slowking|373\/394
|
|-heal|p2a: Slowking|394\/394|[from] item: Leftovers
|turn|32
|
|move|p1a: Aerodactyl|Stone Edge|p2a: Slowking
|-damage|p2a: Slowking|252\/394
|move|p2a: Slowking|Scald|p1a: Aerodactyl
|-supereffective|p1a: Aerodactyl
|-damage|p1a: Aerodactyl|0 fnt
|faint|p1a: Aerodactyl
|
|-heal|p2a: Slowking|276\/394|[from] item: Leftovers
|
|switch|p1a: Suicune|Suicune, shiny|263\/404
|-damage|p1a: Suicune|213\/404|[from] Stealth Rock
|-ability|p1a: Suicune|Pressure
|turn|33
|
|move|p1a: Suicune|Scald|p2a: Slowking
|-resisted|p2a: Slowking
|-damage|p2a: Slowking|242\/394
|move|p2a: Slowking|Calm Mind|p2a: Slowking
|-boost|p2a: Slowking|spa|1
|-boost|p2a: Slowking|spd|1
|
|-heal|p2a: Slowking|266\/394|[from] item: Leftovers
|turn|34
|
|move|p1a: Suicune|Scald|p2a: Slowking
|-resisted|p2a: Slowking
|-damage|p2a: Slowking|239\/394
|move|p2a: Slowking|Slack Off|p2a: Slowking
|-heal|p2a: Slowking|394\/394
|
|turn|35
|
|move|p1a: Suicune|Scald|p2a: Slowking
|-resisted|p2a: Slowking
|-damage|p2a: Slowking|367\/394
|move|p2a: Slowking|Psyshock|p1a: Suicune
|-damage|p1a: Suicune|57\/404
|
|-heal|p2a: Slowking|391\/394|[from] item: Leftovers
|turn|36
|
|move|p1a: Suicune|Scald|p2a: Slowking
|-resisted|p2a: Slowking
|-damage|p2a: Slowking|363\/394
|move|p2a: Slowking|Psyshock|p1a: Suicune
|-damage|p1a: Suicune|0 fnt
|faint|p1a: Suicune
|
|-heal|p2a: Slowking|387\/394|[from] item: Leftovers
|-message|zongthedong forfeited.
|
|win|oioirnambe
|raw|Ladder updating...
|leave|zongthedong
|player|p1
|raw|zongthedong's rating: 1741 &rarr; <strong>1709<\/strong><br \/>(-32 for losing)
|raw|oioirnambe's rating: 1518 &rarr; <strong>1550<\/strong><br \/>(+32 for winning)
|c|âoioirnambe|gg