|join|Rubicon
|join|oioirnambe
|player|p1|Rubicon|129
|player|p2|oioirnambe|247
|gametype|singles
|gen|6
|tier|UU
|rule|Sleep Clause Mod: Limit one foe put to sleep
|rule|Species Clause: Limit one of each PokÃ©mon
|rule|OHKO Clause: OHKO moves are banned
|rule|Moody Clause: Moody is banned
|rule|Evasion Moves Clause: Evasion moves are banned
|rule|Endless Battle Clause: Forcing endless battles is banned
|rule|HP Percentage Mod: HP is shown in percentages
|clearpoke
|poke|p1|Cobalion
|poke|p1|Sableye, M
|poke|p1|Alomomola, M
|poke|p1|Roserade, F
|poke|p1|Aerodactyl, M
|poke|p1|Raikou, shiny
|poke|p2|Blissey, F
|poke|p2|Granbull, F
|poke|p2|Slowking, M
|poke|p2|Rhyperior, M
|poke|p2|Sableye, F
|poke|p2|Roserade, F
|rule|Swagger Clause: Swagger is banned
|rule|Baton Pass Clause: Limit one PokÃ©mon knowing Baton Pass
|teampreview
|join|Darckom
|join|Feeling Vindictive
|join|Happee
|
|start
|switch|p1a: Bo K.|Roserade, F|324\/324
|switch|p2a: Sableye|Sableye, F|304\/304
|turn|1
|join|onom
|
|move|p2a: Sableye|Taunt|p1a: Bo K.
|-start|p1a: Bo K.|move: Taunt
|move|p1a: Bo K.|Giga Drain|p2a: Sableye
|-damage|p2a: Sableye|202\/304
|
|-heal|p2a: Sableye|221\/304|[from] item: Leftovers
|turn|2
|
|move|p1a: Bo K.|Giga Drain|p2a: Sableye
|-damage|p2a: Sableye|112\/304
|move|p2a: Sableye|Knock Off|p1a: Bo K.
|-crit|p1a: Bo K.
|-damage|p1a: Bo K.|146\/324
|-enditem|p1a: Bo K.|Black Sludge|[from] move: Knock Off|[of] p2a: Sableye
|
|-heal|p2a: Sableye|131\/304|[from] item: Leftovers
|turn|3
|c| onom|Nope
|
|move|p2a: Sableye|Recover|p2a: Sableye
|-heal|p2a: Sableye|283\/304
|move|p1a: Bo K.|Giga Drain|p2a: Sableye
|-damage|p2a: Sableye|187\/304
|-heal|p1a: Bo K.|194\/324|[from] drain|[of] p2a: Sableye
|
|-heal|p2a: Sableye|206\/304|[from] item: Leftovers
|-end|p1a: Bo K.|move: Taunt
|turn|4
|
|move|p2a: Sableye|Taunt|p1a: Bo K.
|-start|p1a: Bo K.|move: Taunt
|cant|p1a: Bo K.|move: Taunt|Spikes
|
|-heal|p2a: Sableye|225\/304|[from] item: Leftovers
|turn|5
|c| Feeling Vindictive|tfw no hazard control
|
|move|p2a: Sableye|Will-O-Wisp|p1a: Bo K.|[miss]
|-miss|p2a: Sableye|p1a: Bo K.
|move|p1a: Bo K.|Giga Drain|p2a: Sableye
|-damage|p2a: Sableye|117\/304
|-heal|p1a: Bo K.|248\/324|[from] drain|[of] p2a: Sableye
|
|-heal|p2a: Sableye|136\/304|[from] item: Leftovers
|turn|6
|c| Happee|stall?
|c| Happee|no hazard removal ;-;
|c| onom|Double stall
|
|switch|p1a: Tiger Shot|Raikou, shiny|322\/322
|-ability|p1a: Tiger Shot|Pressure
|move|p2a: Sableye|Recover|p2a: Sableye
|-heal|p2a: Sableye|288\/304
|
|-heal|p2a: Sableye|304\/304|[from] item: Leftovers
|turn|7
|c| onom|He has nothing
|
|switch|p1a: Bo K.|Roserade, F|248\/324
|switch|p2a: Roserade|Roserade, F|324\/324
|
|turn|8
|c| onom|They both had nothing
|join|ldawg
|join|testing porpoises
|c| Happee|defog aero?
|c| Happee|maybe
|
|move|p1a: Bo K.|Spikes|p2a: Roserade
|-sidestart|p2: oioirnambe|Spikes
|move|p2a: Roserade|Spikes|p1a: Bo K.
|-sidestart|p1: Rubicon|Spikes
|
|turn|9
|
|move|p1a: Bo K.|Spikes|p2a: Roserade
|-sidestart|p2: oioirnambe|Spikes
|move|p2a: Roserade|Spikes|p1a: Bo K.
|-sidestart|p1: Rubicon|Spikes
|
|turn|10
|
|move|p1a: Bo K.|Spikes|p2a: Roserade
|-sidestart|p2: oioirnambe|Spikes
|move|p2a: Roserade|Spikes|p1a: Bo K.
|-sidestart|p1: Rubicon|Spikes
|
|turn|11
|c|âRubicon|wheeeee
|
|move|p1a: Bo K.|Hidden Power|p2a: Roserade
|-supereffective|p2a: Roserade
|-damage|p2a: Roserade|244\/324
|move|p2a: Roserade|Toxic Spikes|p1a: Bo K.
|-sidestart|p1: Rubicon|move: Toxic Spikes
|
|-heal|p2a: Roserade|264\/324|[from] item: Black Sludge
|turn|12
|c| Feeling Vindictive|awkward af
|c| onom|lol
|c| Happee|but defog is dumb if you're running spike support
|c| onom|Catfight
|join|Wonto
|c| Happee|;-; so yay hazards
|
|switch|p1a: Aeroga|Aerodactyl, M|301\/301
|-ability|p1a: Aeroga|Pressure
|move|p2a: Roserade|Toxic Spikes|p1a: Aeroga
|-sidestart|p1: Rubicon|move: Toxic Spikes
|
|-heal|p2a: Roserade|284\/324|[from] item: Black Sludge
|turn|13
|c| onom|lol
|c| onom|Begin the ripping apart
|
|switch|p2a: Rhyperior|Rhyperior, M|434\/434
|-damage|p2a: Rhyperior|326\/434|[from] Spikes
|detailschange|p1a: Aeroga|Aerodactyl-Mega, M
|message|Aerodactyl has Mega Evolved into Mega Aerodactyl!
|move|p1a: Aeroga|Stealth Rock|p2a: Rhyperior
|-sidestart|p2: oioirnambe|move: Stealth Rock
|
|-heal|p2a: Rhyperior|353\/434|[from] item: Leftovers
|turn|14
|c| Happee|w8
|c| Happee|ok good
|
|switch|p1a: Bo K.|Roserade, F|248\/324
|-damage|p1a: Bo K.|167\/324|[from] Spikes
|-sideend|p1: Rubicon|move: Toxic Spikes|[of] p1a: Bo K.
|move|p2a: Rhyperior|Stealth Rock|p1a: Bo K.
|-sidestart|p1: Rubicon|move: Stealth Rock
|
|-heal|p2a: Rhyperior|380\/434|[from] item: Leftovers
|turn|15
|
|switch|p2a: Blissey|Blissey, F|714\/714
|-damage|p2a: Blissey|536\/714|[from] Spikes
|-damage|p2a: Blissey|447\/714|[from] Stealth Rock
|move|p1a: Bo K.|Giga Drain|p2a: Blissey
|-damage|p2a: Blissey|360\/714
|-heal|p1a: Bo K.|211\/324|[from] drain|[of] p2a: Blissey
|
|-heal|p2a: Blissey|404\/714|[from] item: Leftovers
|turn|16
|c| Feeling Vindictive|whoever switches more
|c| Feeling Vindictive|loses
|c| Happee|^
|
|switch|p1a: Lonely Heart|Alomomola, M|534\/534
|-damage|p1a: Lonely Heart|401\/534|[from] Spikes
|-damage|p1a: Lonely Heart|335\/534|[from] Stealth Rock
|move|p2a: Blissey|Wish|p2a: Blissey
|
|-heal|p2a: Blissey|448\/714|[from] item: Leftovers
|turn|17
|c| onom|THis is going to suck
|c| onom|But the Toxic Spikes are now gone
|c| Wonto|why do neither of them have hazard clear, lol
|c| onom|They do
|
|switch|p2a: Sableye|Sableye, F|304\/304
|-damage|p2a: Sableye|228\/304|[from] Spikes
|-damage|p2a: Sableye|190\/304|[from] Stealth Rock
|move|p1a: Lonely Heart|Knock Off|p2a: Sableye
|-damage|p2a: Sableye|116\/304
|-enditem|p2a: Sableye|Leftovers|[from] move: Knock Off|[of] p1a: Lonely Heart
|
|-heal|p2a: Sableye|304\/304|[from] move: Wish|[wisher] Blissey
|turn|18
|c| onom|For Toxic Spikes
|c|âRubicon|we have pre-hazard control
|c|âRubicon|not post
|c| Wonto|XD
|
|move|p1a: Lonely Heart|Protect|p1a: Lonely Heart
|-singleturn|p1a: Lonely Heart|Protect
|move|p2a: Sableye|Knock Off|p1a: Lonely Heart
|-activate|p1a: Lonely Heart|Protect
|
|turn|19
|c| Happee|kek
|c| onom|Knew that was coming
|
|move|p2a: Sableye|Taunt|p1a: Lonely Heart
|-start|p1a: Lonely Heart|move: Taunt
|cant|p1a: Lonely Heart|move: Taunt|Wish
|
|turn|20
|
|switch|p1a: Tiger Shot|Raikou, shiny|322\/322
|-damage|p1a: Tiger Shot|282\/322|[from] Stealth Rock
|-damage|p1a: Tiger Shot|202\/322|[from] Spikes
|-ability|p1a: Tiger Shot|Pressure
|move|p2a: Sableye|Knock Off|p1a: Tiger Shot
|-damage|p1a: Tiger Shot|88\/322
|-enditem|p1a: Tiger Shot|Choice Scarf|[from] move: Knock Off|[of] p2a: Sableye
|
|turn|21
|
|move|p2a: Sableye|Will-O-Wisp|p1a: Tiger Shot
|-status|p1a: Tiger Shot|brn
|move|p1a: Tiger Shot|Thunderbolt|p2a: Sableye
|-damage|p2a: Sableye|145\/304
|
|-damage|p1a: Tiger Shot|48\/322 brn|[from] brn
|turn|22
|
|move|p2a: Sableye|Recover|p2a: Sableye
|-heal|p2a: Sableye|297\/304
|move|p1a: Tiger Shot|Thunderbolt|p2a: Sableye
|-damage|p2a: Sableye|147\/304
|
|-damage|p1a: Tiger Shot|8\/322 brn|[from] brn
|turn|23
|
|move|p2a: Sableye|Recover|p2a: Sableye
|-heal|p2a: Sableye|299\/304
|move|p1a: Tiger Shot|Thunderbolt|p2a: Sableye
|-crit|p2a: Sableye
|-damage|p2a: Sableye|52\/304
|
|-damage|p1a: Tiger Shot|0 fnt|[from] brn
|faint|p1a: Tiger Shot
|c|âoioirnambe|ugh
|c| onom|Ow!
|
|switch|p1a: Centurion|Cobalion|324\/324
|-damage|p1a: Centurion|243\/324|[from] Spikes
|-damage|p1a: Centurion|233\/324|[from] Stealth Rock
|turn|24
|
|move|p2a: Sableye|Will-O-Wisp|p1a: Centurion
|-status|p1a: Centurion|brn
|-enditem|p1a: Centurion|Lum Berry|[eat]
|-curestatus|p1a: Centurion|brn
|move|p1a: Centurion|Iron Head|p2a: Sableye
|-crit|p2a: Sableye
|-damage|p2a: Sableye|0 fnt
|faint|p2a: Sableye
|
|c| onom|More ow
|c| onom|First crit mattered
|
|switch|p2a: Slowking|Slowking, M|394\/394
|-damage|p2a: Slowking|296\/394|[from] Spikes
|-damage|p2a: Slowking|247\/394|[from] Stealth Rock
|turn|25
|
|switch|p1a: Lonely Heart|Alomomola, M|513\/534
|-damage|p1a: Lonely Heart|380\/534|[from] Spikes
|-damage|p1a: Lonely Heart|314\/534|[from] Stealth Rock
|move|p2a: Slowking|Calm Mind|p2a: Slowking
|-boost|p2a: Slowking|spa|1
|-boost|p2a: Slowking|spd|1
|
|-heal|p2a: Slowking|271\/394|[from] item: Leftovers
|turn|26
|c| onom|Oh shit
|leave|Wonto
|
|move|p1a: Lonely Heart|Knock Off|p2a: Slowking
|-supereffective|p2a: Slowking
|-damage|p2a: Slowking|177\/394
|-enditem|p2a: Slowking|Leftovers|[from] move: Knock Off|[of] p1a: Lonely Heart
|move|p2a: Slowking|Calm Mind|p2a: Slowking
|-boost|p2a: Slowking|spa|1
|-boost|p2a: Slowking|spd|1
|
|turn|27
|
|move|p1a: Lonely Heart|Knock Off|p2a: Slowking
|-supereffective|p2a: Slowking
|-damage|p2a: Slowking|105\/394
|move|p2a: Slowking|Calm Mind|p2a: Slowking
|-boost|p2a: Slowking|spa|1
|-boost|p2a: Slowking|spd|1
|
|turn|28
|
|switch|p1a: Aeroga|Aerodactyl-Mega, M|301\/301
|-damage|p1a: Aeroga|226\/301|[from] Stealth Rock
|move|p2a: Slowking|Slack Off|p2a: Slowking
|-heal|p2a: Slowking|302\/394
|
|turn|29
|c|âRubicon|that's a problem
|
|move|p1a: Aeroga|Aerial Ace|p2a: Slowking
|-damage|p2a: Slowking|163\/394
|move|p2a: Slowking|Scald|p1a: Aeroga
|-supereffective|p1a: Aeroga
|-damage|p1a: Aeroga|0 fnt
|faint|p1a: Aeroga
|
|
|switch|p1a: Boom lay boom|Sableye, M|304\/304
|-damage|p1a: Boom lay boom|266\/304|[from] Stealth Rock
|-damage|p1a: Boom lay boom|190\/304|[from] Spikes
|turn|30
|c| onom|And Roserade just became a serious threat
|
|move|p1a: Boom lay boom|Taunt|p2a: Slowking
|-start|p2a: Slowking|move: Taunt
|cant|p2a: Slowking|move: Taunt|Slack Off
|
|-heal|p1a: Boom lay boom|209\/304|[from] item: Leftovers
|turn|31
|
|move|p1a: Boom lay boom|Foul Play|p2a: Slowking
|-supereffective|p2a: Slowking
|-damage|p2a: Slowking|41\/394
|move|p2a: Slowking|Scald|p1a: Boom lay boom
|-damage|p1a: Boom lay boom|4\/304
|
|-heal|p1a: Boom lay boom|23\/304|[from] item: Leftovers
|turn|32
|
|move|p1a: Boom lay boom|Foul Play|p2a: Slowking
|-supereffective|p2a: Slowking
|-damage|p2a: Slowking|0 fnt
|faint|p2a: Slowking
|
|-heal|p1a: Boom lay boom|42\/304|[from] item: Leftovers
|
|switch|p2a: Granbull|Granbull, F|384\/384
|-damage|p2a: Granbull|288\/384|[from] Spikes
|-damage|p2a: Granbull|240\/384|[from] Stealth Rock
|-ability|p2a: Granbull|Intimidate|[of] p1a: Boom lay boom
|-unboost|p1a: Boom lay boom|atk|1
|turn|33
|
|move|p1a: Boom lay boom|Will-O-Wisp|p2a: Granbull|[miss]
|-miss|p1a: Boom lay boom|p2a: Granbull
|move|p2a: Granbull|Play Rough|p1a: Boom lay boom
|-supereffective|p1a: Boom lay boom
|-damage|p1a: Boom lay boom|0 fnt
|faint|p1a: Boom lay boom
|
|-heal|p2a: Granbull|264\/384|[from] item: Leftovers
|
|switch|p1a: Lonely Heart|Alomomola, M|492\/534
|-damage|p1a: Lonely Heart|359\/534|[from] Spikes
|-damage|p1a: Lonely Heart|293\/534|[from] Stealth Rock
|turn|34
|
|move|p1a: Lonely Heart|Wish|p1a: Lonely Heart
|move|p2a: Granbull|Play Rough|p1a: Lonely Heart|[miss]
|-miss|p2a: Granbull|p1a: Lonely Heart
|
|-heal|p2a: Granbull|288\/384|[from] item: Leftovers
|turn|35
|
|move|p1a: Lonely Heart|Knock Off|p2a: Granbull
|-resisted|p2a: Granbull
|-damage|p2a: Granbull|260\/384
|-enditem|p2a: Granbull|Leftovers|[from] move: Knock Off|[of] p1a: Lonely Heart
|move|p2a: Granbull|Roar|p1a: Lonely Heart
|drag|p1a: Centurion|Cobalion|233\/324
|-damage|p1a: Centurion|152\/324|[from] Spikes
|-damage|p1a: Centurion|142\/324|[from] Stealth Rock
|
|-heal|p1a: Centurion|324\/324|[from] move: Wish|[wisher] Lonely Heart
|turn|36
|c| onom|Ow
|c| onom|And that's bad
|c| onom|Hope coverage move exists
|
|move|p1a: Centurion|Iron Head|p2a: Granbull
|-supereffective|p2a: Granbull
|-damage|p2a: Granbull|66\/384
|cant|p2a: Granbull|flinch
|
|turn|37
|c| onom|Bam!
|
|move|p1a: Centurion|Iron Head|p2a: Granbull
|-supereffective|p2a: Granbull
|-damage|p2a: Granbull|0 fnt
|faint|p2a: Granbull
|
|c| onom|Granbull's done
|c|âRubicon|this just got filthy
|
|switch|p2a: Rhyperior|Rhyperior, M|380\/434
|-damage|p2a: Rhyperior|353\/434|[from] Stealth Rock
|-damage|p2a: Rhyperior|245\/434|[from] Spikes
|turn|38
|
|switch|p1a: Lonely Heart|Alomomola, M|471\/534
|-damage|p1a: Lonely Heart|405\/534|[from] Stealth Rock
|-damage|p1a: Lonely Heart|272\/534|[from] Spikes
|move|p2a: Rhyperior|Earthquake|p1a: Lonely Heart
|-damage|p1a: Lonely Heart|137\/534
|
|-heal|p2a: Rhyperior|272\/434|[from] item: Leftovers
|turn|39
|c| onom|Trying to keep blissey safe
|
|move|p1a: Lonely Heart|Wish|p1a: Lonely Heart
|move|p2a: Rhyperior|Roar|p1a: Lonely Heart
|drag|p1a: Centurion|Cobalion|324\/324
|-damage|p1a: Centurion|314\/324|[from] Stealth Rock
|-damage|p1a: Centurion|233\/324|[from] Spikes
|
|-heal|p2a: Rhyperior|299\/434|[from] item: Leftovers
|turn|40
|c| onom|Well
|
|switch|p1a: Lonely Heart|Alomomola, M|315\/534
|-damage|p1a: Lonely Heart|182\/534|[from] Spikes
|-damage|p1a: Lonely Heart|116\/534|[from] Stealth Rock
|move|p2a: Rhyperior|Earthquake|p1a: Lonely Heart
|-damage|p1a: Lonely Heart|0 fnt
|faint|p1a: Lonely Heart
|
|-heal|p2a: Rhyperior|326\/434|[from] item: Leftovers
|
|switch|p1a: Bo K.|Roserade, F|211\/324
|-damage|p1a: Bo K.|171\/324|[from] Stealth Rock
|-damage|p1a: Bo K.|90\/324|[from] Spikes
|turn|41
|c| onom|Well
|
|switch|p2a: Roserade|Roserade, F|284\/324
|-damage|p2a: Roserade|244\/324|[from] Stealth Rock
|-damage|p2a: Roserade|163\/324|[from] Spikes
|move|p1a: Bo K.|Giga Drain|p2a: Roserade
|-resisted|p2a: Roserade
|-damage|p2a: Roserade|147\/324
|-heal|p1a: Bo K.|98\/324|[from] drain|[of] p2a: Roserade
|
|-heal|p2a: Roserade|167\/324|[from] item: Black Sludge
|turn|42
|
|move|p1a: Bo K.|Hidden Power|p2a: Roserade
|-supereffective|p2a: Roserade
|-damage|p2a: Roserade|83\/324
|move|p2a: Roserade|Toxic Spikes|p1a: Bo K.
|-sidestart|p1: Rubicon|move: Toxic Spikes
|
|-heal|p2a: Roserade|103\/324|[from] item: Black Sludge
|turn|43
|
|move|p1a: Bo K.|Hidden Power|p2a: Roserade
|-supereffective|p2a: Roserade
|-damage|p2a: Roserade|23\/324
|move|p2a: Roserade|Toxic Spikes|p1a: Bo K.
|-sidestart|p1: Rubicon|move: Toxic Spikes
|
|-heal|p2a: Roserade|43\/324|[from] item: Black Sludge
|turn|44
|
|move|p1a: Bo K.|Hidden Power|p2a: Roserade
|-supereffective|p2a: Roserade
|-damage|p2a: Roserade|0 fnt
|faint|p2a: Roserade
|
|
|switch|p2a: Blissey|Blissey, F|448\/714
|-damage|p2a: Blissey|359\/714|[from] Stealth Rock
|-damage|p2a: Blissey|181\/714|[from] Spikes
|turn|45
|c|âRubicon|does roserade really have nothing else
|c| onom|That means shit
|
|move|p1a: Bo K.|Giga Drain|p2a: Blissey
|-damage|p2a: Blissey|91\/714
|-heal|p1a: Bo K.|143\/324|[from] drain|[of] p2a: Blissey
|move|p2a: Blissey|Seismic Toss|p1a: Bo K.
|-damage|p1a: Bo K.|43\/324
|
|-heal|p2a: Blissey|135\/714|[from] item: Leftovers
|turn|46
|
|move|p1a: Bo K.|Giga Drain|p2a: Blissey
|-damage|p2a: Blissey|56\/714
|-heal|p1a: Bo K.|83\/324|[from] drain|[of] p2a: Blissey
|move|p2a: Blissey|Seismic Toss|p1a: Bo K.
|-damage|p1a: Bo K.|0 fnt
|faint|p1a: Bo K.
|
|-heal|p2a: Blissey|100\/714|[from] item: Leftovers
|
|switch|p1a: Centurion|Cobalion|233\/324
|-damage|p1a: Centurion|223\/324|[from] Stealth Rock
|-damage|p1a: Centurion|142\/324|[from] Spikes
|turn|47
|
|move|p1a: Centurion|Close Combat|p2a: Blissey
|-supereffective|p2a: Blissey
|-damage|p2a: Blissey|0 fnt
|-unboost|p1a: Centurion|def|1
|-unboost|p1a: Centurion|spd|1
|faint|p2a: Blissey
|
|
|switch|p2a: Rhyperior|Rhyperior, M|326\/434
|-damage|p2a: Rhyperior|218\/434|[from] Spikes
|-damage|p2a: Rhyperior|191\/434|[from] Stealth Rock
|turn|48
|c| onom|But now Rhyperior can finish
|
|move|p1a: Centurion|Close Combat|p2a: Rhyperior
|-supereffective|p2a: Rhyperior
|-damage|p2a: Rhyperior|34\/434
|-unboost|p1a: Centurion|def|1
|-unboost|p1a: Centurion|spd|1
|move|p2a: Rhyperior|Earthquake|p1a: Centurion
|-supereffective|p1a: Centurion
|-damage|p1a: Centurion|0 fnt
|faint|p1a: Centurion
|
|win|oioirnambe
|c|âoioirnambe|the bulk
|c|âRubicon|eugh...no...
|c| onom|gg
|c|âoioirnambe|gg
|leave|Darckom
|leave|testing porpoises
|leave|onom
|leave|Rubicon
|player|p1
|leave|Happee
|leave|Feeling Vindictive