|join|CheckmateWeee
|join|oioirnambe
|player|p1|CheckmateWeee|170
|player|p2|oioirnambe|247
|gametype|singles
|gen|6
|tier|UU
|rated
|rule|Sleep Clause Mod: Limit one foe put to sleep
|rule|Species Clause: Limit one of each PokÃ©mon
|rule|OHKO Clause: OHKO moves are banned
|rule|Moody Clause: Moody is banned
|rule|Evasion Moves Clause: Evasion moves are banned
|rule|Endless Battle Clause: Forcing endless battles is banned
|rule|HP Percentage Mod: HP is shown in percentages
|clearpoke
|poke|p1|Entei, shiny
|poke|p1|Honchkrow, F
|poke|p1|Ampharos, M
|poke|p1|Celebi
|poke|p1|Azelf
|poke|p1|Haxorus, M
|poke|p2|Diggersby, M
|poke|p2|Exploud, M
|poke|p2|Mienshao, F
|poke|p2|Rotom-Heat
|poke|p2|Bronzong
|poke|p2|Crobat, F
|rule|Swagger Clause: Swagger is banned
|rule|Baton Pass Clause: Limit one PokÃ©mon knowing Baton Pass
|teampreview
|
|start
|switch|p1a: Ampharos|Ampharos, M|322\/322
|switch|p2a: Bronzong|Bronzong|338\/338
|turn|1
|
|switch|p1a: Azelf|Azelf|354\/354
|move|p2a: Bronzong|Stealth Rock|p1a: Azelf
|-sidestart|p1: CheckmateWeee|move: Stealth Rock
|
|turn|2
|
|move|p1a: Azelf|Taunt|p2a: Bronzong
|-start|p2a: Bronzong|move: Taunt
|move|p2a: Bronzong|Gyro Ball|p1a: Azelf
|-damage|p1a: Azelf|164\/354
|
|turn|3
|
|move|p1a: Azelf|Stealth Rock|p2a: Bronzong
|-sidestart|p2: oioirnambe|move: Stealth Rock
|move|p2a: Bronzong|Gyro Ball|p1a: Azelf
|-damage|p1a: Azelf|0 fnt
|faint|p1a: Azelf
|
|
|switch|p1a: Entei|Entei, shiny|372\/372
|-damage|p1a: Entei|279\/372|[from] Stealth Rock
|-ability|p1a: Entei|Pressure
|turn|4
|
|switch|p2a: Rotom-Heat|Rotom-Heat|303\/303
|-damage|p2a: Rotom-Heat|228\/303|[from] Stealth Rock
|move|p1a: Entei|Sacred Fire|p2a: Rotom-Heat
|-resisted|p2a: Rotom-Heat
|-damage|p2a: Rotom-Heat|123\/303
|
|-heal|p2a: Rotom-Heat|141\/303|[from] item: Leftovers
|turn|5
|
|move|p1a: Entei|Sacred Fire|p2a: Rotom-Heat
|-crit|p2a: Rotom-Heat
|-resisted|p2a: Rotom-Heat
|-damage|p2a: Rotom-Heat|0 fnt
|faint|p2a: Rotom-Heat
|
|
|switch|p2a: Mienshao|Mienshao, F|271\/271
|-damage|p2a: Mienshao|255\/271|[from] Stealth Rock
|turn|6
|
|move|p2a: Mienshao|High Jump Kick|p1a: Entei|[miss]
|-miss|p2a: Mienshao|p1a: Entei
|-damage|p2a: Mienshao|120\/271|[from] highjumpkick
|move|p1a: Entei|Sacred Fire|p2a: Mienshao
|-damage|p2a: Mienshao|0 fnt
|faint|p2a: Mienshao
|
|
|switch|p2a: Diggersby|Diggersby, M|311\/311
|-damage|p2a: Diggersby|292\/311|[from] Stealth Rock
|turn|7
|
|move|p1a: Entei|Sacred Fire|p2a: Diggersby
|-damage|p2a: Diggersby|0 fnt
|faint|p2a: Diggersby
|
|
|switch|p2a: Crobat|Crobat, F|373\/373
|-damage|p2a: Crobat|280\/373|[from] Stealth Rock
|turn|8
|
|move|p2a: Crobat|Roost|p2a: Crobat
|-heal|p2a: Crobat|373\/373
|move|p1a: Entei|Sacred Fire|p2a: Crobat
|-damage|p2a: Crobat|45\/373
|-status|p2a: Crobat|brn
|
|-heal|p2a: Crobat|68\/373 brn|[from] item: Black Sludge
|-damage|p2a: Crobat|22\/373 brn|[from] brn
|turn|9
|
|switch|p1a: Ampharos|Ampharos, M|322\/322
|-damage|p1a: Ampharos|282\/322|[from] Stealth Rock
|move|p2a: Crobat|Brave Bird|p1a: Ampharos
|-resisted|p1a: Ampharos
|-damage|p1a: Ampharos|241\/322
|-damage|p2a: Crobat|8\/373 brn|[from] recoil|[of] p1a: Ampharos
|
|-heal|p2a: Crobat|31\/373 brn|[from] item: Black Sludge
|-damage|p2a: Crobat|0 fnt|[from] brn
|faint|p2a: Crobat
|
|switch|p2a: Exploud|Exploud, M|349\/349
|-damage|p2a: Exploud|306\/349|[from] Stealth Rock
|turn|10
|
|detailschange|p1a: Ampharos|Ampharos-Mega, M
|message|Ampharos has Mega Evolved into Mega Ampharos!
|-ability|p1a: Ampharos|Mold Breaker
|move|p2a: Exploud|Boomburst|p1a: Ampharos
|-damage|p1a: Ampharos|0 fnt
|faint|p1a: Ampharos
|
|
|switch|p1a: Honchkrow|Honchkrow, F|341\/341
|-damage|p1a: Honchkrow|256\/341|[from] Stealth Rock
|turn|11
|
|switch|p2a: Bronzong|Bronzong|338\/338
|-damage|p2a: Bronzong|317\/338|[from] Stealth Rock
|move|p1a: Honchkrow|Sucker Punch|p2a: Bronzong
|-fail|p2a: Bronzong
|
|-heal|p2a: Bronzong|338\/338|[from] item: Leftovers
|turn|12
|
|move|p1a: Honchkrow|Substitute|p1a: Honchkrow
|-start|p1a: Honchkrow|Substitute
|-damage|p1a: Honchkrow|171\/341
|move|p2a: Bronzong|Toxic|p1a: Honchkrow|[miss]
|-miss|p2a: Bronzong|p1a: Honchkrow
|
|turn|13
|
|move|p1a: Honchkrow|Roost|p1a: Honchkrow
|-heal|p1a: Honchkrow|341\/341
|move|p2a: Bronzong|Gyro Ball|p1a: Honchkrow
|-end|p1a: Honchkrow|Substitute
|
|turn|14
|
|move|p1a: Honchkrow|Sucker Punch|p2a: Bronzong
|-supereffective|p2a: Bronzong
|-damage|p2a: Bronzong|65\/338
|-damage|p1a: Honchkrow|307\/341|[from] item: Life Orb
|move|p2a: Bronzong|Gyro Ball|p1a: Honchkrow
|-damage|p1a: Honchkrow|148\/341
|
|-heal|p2a: Bronzong|86\/338|[from] item: Leftovers
|turn|15
|
|move|p1a: Honchkrow|Substitute|p1a: Honchkrow
|-start|p1a: Honchkrow|Substitute
|-damage|p1a: Honchkrow|63\/341
|move|p2a: Bronzong|Gyro Ball|p1a: Honchkrow
|-crit|p1a: Honchkrow
|-end|p1a: Honchkrow|Substitute
|
|-heal|p2a: Bronzong|107\/338|[from] item: Leftovers
|turn|16
|
|move|p1a: Honchkrow|Sucker Punch|p2a: Bronzong
|-fail|p2a: Bronzong
|move|p2a: Bronzong|Toxic|p1a: Honchkrow
|-status|p1a: Honchkrow|tox
|
|-heal|p2a: Bronzong|128\/338|[from] item: Leftovers
|-damage|p1a: Honchkrow|42\/341 tox|[from] psn
|turn|17
|
|move|p1a: Honchkrow|Brave Bird|p2a: Bronzong
|-resisted|p2a: Bronzong
|-damage|p2a: Bronzong|31\/338
|-damage|p1a: Honchkrow|10\/341 tox|[from] recoil|[of] p2a: Bronzong
|-damage|p1a: Honchkrow|0 fnt|[from] item: Life Orb
|faint|p1a: Honchkrow
|move|p2a: Bronzong|Toxic|p1: Honchkrow|[notarget]
|-notarget
|
|-heal|p2a: Bronzong|52\/338|[from] item: Leftovers
|
|switch|p1a: Haxorus|Haxorus, M|294\/294
|-damage|p1a: Haxorus|258\/294|[from] Stealth Rock
|-ability|p1a: Haxorus|Mold Breaker
|turn|18
|
|move|p1a: Haxorus|Dragon Dance|p1a: Haxorus
|-boost|p1a: Haxorus|atk|1
|-boost|p1a: Haxorus|spe|1
|move|p2a: Bronzong|Gyro Ball|p1a: Haxorus
|-damage|p1a: Haxorus|68\/294
|
|-heal|p2a: Bronzong|73\/338|[from] item: Leftovers
|turn|19
|
|move|p1a: Haxorus|Outrage|p2a: Bronzong
|-resisted|p2a: Bronzong
|-damage|p2a: Bronzong|0 fnt
|faint|p2a: Bronzong
|
|
|switch|p2a: Exploud|Exploud, M|306\/349
|-damage|p2a: Exploud|263\/349|[from] Stealth Rock
|turn|20
|
|move|p1a: Haxorus|Outrage|p2a: Exploud
|-damage|p2a: Exploud|0 fnt
|faint|p2a: Exploud
|
|win|CheckmateWeee
|raw|Ladder updating...
|raw|CheckmateWeee's rating: 1446 &rarr; <strong>1471<\/strong><br \/>(+25 for winning)
|raw|oioirnambe's rating: 1538 &rarr; <strong>1513<\/strong><br \/>(-25 for losing)
|c|âoioirnambe|gg
|leave|oioirnambe
|player|p2