|join|oioirnambe
|join|Living Proof
|player|p1|oioirnambe|247
|player|p2|Living Proof|238
|gametype|singles
|gen|6
|tier|UU
|rated
|rule|Sleep Clause Mod: Limit one foe put to sleep
|rule|Species Clause: Limit one of each PokÃ©mon
|rule|OHKO Clause: OHKO moves are banned
|rule|Moody Clause: Moody is banned
|rule|Evasion Moves Clause: Evasion moves are banned
|rule|Endless Battle Clause: Forcing endless battles is banned
|rule|HP Percentage Mod: HP is shown in percentages
|clearpoke
|poke|p1|Diggersby, F
|poke|p1|Exploud, M
|poke|p1|Mienshao, F
|poke|p1|Rotom-Heat
|poke|p1|Bronzong
|poke|p1|Crobat, M
|poke|p2|Stoutland, M, shiny
|poke|p2|Hippowdon, M
|poke|p2|Forretress, M, shiny
|poke|p2|Florges, F, shiny
|poke|p2|Vaporeon, F
|poke|p2|Zygarde
|rule|Swagger Clause: Swagger is banned
|rule|Baton Pass Clause: Limit one PokÃ©mon knowing Baton Pass
|teampreview
|
|start
|switch|p1a: Exploud|Exploud, M|349\/349
|switch|p2a: Atomic Mine|Forretress, M, shiny|353\/353
|turn|1
|
|move|p1a: Exploud|Boomburst|p2a: Atomic Mine
|-resisted|p2a: Atomic Mine
|-damage|p2a: Atomic Mine|209\/353
|move|p2a: Atomic Mine|Toxic Spikes|p1a: Exploud
|-sidestart|p1: oioirnambe|move: Toxic Spikes
|
|-heal|p2a: Atomic Mine|231\/353|[from] item: Leftovers
|turn|2
|
|move|p1a: Exploud|Boomburst|p2a: Atomic Mine
|-resisted|p2a: Atomic Mine
|-damage|p2a: Atomic Mine|69\/353
|move|p2a: Atomic Mine|Volt Switch|p1a: Exploud
|-damage|p1a: Exploud|304\/349
|
|switch|p2a: Moon Child|Florges, F, shiny|360\/360
|
|turn|3
|
|move|p1a: Exploud|Boomburst|p2a: Moon Child
|-crit|p2a: Moon Child
|-damage|p2a: Moon Child|90\/360
|move|p2a: Moon Child|Wish|p2a: Moon Child
|
|-heal|p2a: Moon Child|112\/360|[from] item: Leftovers
|turn|4
|
|move|p2a: Moon Child|Protect|p2a: Moon Child
|-singleturn|p2a: Moon Child|Protect
|move|p1a: Exploud|Boomburst|p2a: Moon Child
|-activate|p2a: Moon Child|Protect
|
|-heal|p2a: Moon Child|292\/360|[from] move: Wish|[wisher] Moon Child
|-heal|p2a: Moon Child|314\/360|[from] item: Leftovers
|turn|5
|
|move|p1a: Exploud|Boomburst|p2a: Moon Child
|-damage|p2a: Moon Child|134\/360
|move|p2a: Moon Child|Moonblast|p1a: Exploud
|-damage|p1a: Exploud|154\/349
|
|-heal|p2a: Moon Child|156\/360|[from] item: Leftovers
|turn|6
|
|move|p2a: Moon Child|Protect|p2a: Moon Child
|-singleturn|p2a: Moon Child|Protect
|move|p1a: Exploud|Boomburst|p2a: Moon Child
|-activate|p2a: Moon Child|Protect
|
|-heal|p2a: Moon Child|178\/360|[from] item: Leftovers
|turn|7
|
|switch|p2a: Atomic Mine|Forretress, M, shiny|69\/353
|move|p1a: Exploud|Boomburst|p2a: Atomic Mine
|-resisted|p2a: Atomic Mine
|-damage|p2a: Atomic Mine|0 fnt
|faint|p2a: Atomic Mine
|
|
|switch|p2a: Grand Stream|Hippowdon, M|419\/419
|-weather|Sandstorm
|turn|8
|
|switch|p1a: Crobat|Crobat, M|373\/373
|move|p2a: Grand Stream|Earthquake|p1a: Crobat
|-immune|p1a: Crobat|[msg]
|
|-weather|Sandstorm|[upkeep]
|-damage|p1a: Crobat|350\/373|[from] sandstorm
|-heal|p1a: Crobat|373\/373|[from] item: Black Sludge
|turn|9
|
|move|p1a: Crobat|Defog|p2a: Grand Stream
|-unboost|p2a: Grand Stream|evasion|1
|-sideend|p1: oioirnambe|Toxic Spikes|[from] move: Defog|[of] p1a: Crobat
|move|p2a: Grand Stream|Ice Fang|p1a: Crobat
|-supereffective|p1a: Crobat
|-damage|p1a: Crobat|241\/373
|
|-weather|Sandstorm|[upkeep]
|-damage|p1a: Crobat|218\/373|[from] sandstorm
|-heal|p1a: Crobat|241\/373|[from] item: Black Sludge
|turn|10
|
|switch|p1a: Bronzong|Bronzong|338\/338
|move|p2a: Grand Stream|Stealth Rock|p1a: Bronzong
|-sidestart|p1: oioirnambe|move: Stealth Rock
|
|-weather|Sandstorm|[upkeep]
|turn|11
|
|switch|p2a: Feyrbrand|Zygarde|405\/405
|-ability|p2a: Feyrbrand|Aura Break
|move|p1a: Bronzong|Toxic|p2a: Feyrbrand
|-status|p2a: Feyrbrand|tox
|
|-weather|Sandstorm|[upkeep]
|-damage|p2a: Feyrbrand|380\/405 tox|[from] psn
|turn|12
|
|switch|p2a: Moon Child|Florges, F, shiny|178\/360
|move|p1a: Bronzong|Stealth Rock|p2a: Moon Child
|-sidestart|p2: Living Proof|move: Stealth Rock
|
|-weather|Sandstorm|[upkeep]
|-damage|p2a: Moon Child|156\/360|[from] sandstorm
|-heal|p2a: Moon Child|178\/360|[from] item: Leftovers
|turn|13
|
|move|p2a: Moon Child|Aromatherapy|p2a: Moon Child
|-cureteam|p2a: Moon Child|[from] move: Aromatherapy
|move|p1a: Bronzong|Gyro Ball|p2a: Moon Child
|-supereffective|p2a: Moon Child
|-damage|p2a: Moon Child|2\/360
|
|-weather|Sandstorm|[upkeep]
|-damage|p2a: Moon Child|0 fnt|[from] sandstorm
|faint|p2a: Moon Child
|
|switch|p2a: Feyrbrand|Zygarde|380\/405
|-damage|p2a: Feyrbrand|355\/405|[from] Stealth Rock
|-ability|p2a: Feyrbrand|Aura Break
|turn|14
|
|switch|p1a: Diggersby|Diggersby, F|311\/311
|-damage|p1a: Diggersby|292\/311|[from] Stealth Rock
|move|p2a: Feyrbrand|Substitute|p2a: Feyrbrand
|-start|p2a: Feyrbrand|Substitute
|-damage|p2a: Feyrbrand|254\/405
|
|-weather|Sandstorm|[upkeep]
|-heal|p2a: Feyrbrand|279\/405|[from] item: Leftovers
|turn|15
|
|move|p2a: Feyrbrand|Earthquake|p1a: Diggersby
|-damage|p1a: Diggersby|151\/311
|move|p1a: Diggersby|Earthquake|p2a: Feyrbrand
|-end|p2a: Feyrbrand|Substitute
|-damage|p1a: Diggersby|120\/311|[from] item: Life Orb
|
|-weather|none
|-heal|p2a: Feyrbrand|304\/405|[from] item: Leftovers
|turn|16
|
|move|p2a: Feyrbrand|Substitute|p2a: Feyrbrand
|-start|p2a: Feyrbrand|Substitute
|-damage|p2a: Feyrbrand|203\/405
|move|p1a: Diggersby|Frustration|p2a: Feyrbrand
|-end|p2a: Feyrbrand|Substitute
|-damage|p1a: Diggersby|89\/311|[from] item: Life Orb
|
|-heal|p2a: Feyrbrand|228\/405|[from] item: Leftovers
|turn|17
|
|move|p2a: Feyrbrand|Earthquake|p1a: Diggersby
|-damage|p1a: Diggersby|0 fnt
|faint|p1a: Diggersby
|
|-heal|p2a: Feyrbrand|253\/405|[from] item: Leftovers
|
|switch|p1a: Mienshao|Mienshao, F|271\/271
|-damage|p1a: Mienshao|255\/271|[from] Stealth Rock
|turn|18
|
|move|p1a: Mienshao|Knock Off|p2a: Feyrbrand
|-damage|p2a: Feyrbrand|153\/405
|-enditem|p2a: Feyrbrand|Leftovers|[from] move: Knock Off|[of] p1a: Mienshao
|move|p2a: Feyrbrand|Earthquake|p1a: Mienshao
|-damage|p1a: Mienshao|74\/271
|
|turn|19
|
|switch|p1a: Rotom-Heat|Rotom-Heat|303\/303
|-damage|p1a: Rotom-Heat|228\/303|[from] Stealth Rock
|move|p2a: Feyrbrand|Dragon Tail|p1a: Rotom-Heat
|-damage|p1a: Rotom-Heat|171\/303
|drag|p1a: Mienshao|Mienshao, F|74\/271
|-damage|p1a: Mienshao|58\/271|[from] Stealth Rock
|
|turn|20
|
|move|p1a: Mienshao|High Jump Kick|p2a: Feyrbrand
|-damage|p2a: Feyrbrand|0 fnt
|faint|p2a: Feyrbrand
|
|
|switch|p2a: Diamond Dust|Vaporeon, F|449\/449
|-damage|p2a: Diamond Dust|393\/449|[from] Stealth Rock
|turn|21
|
|switch|p1a: Crobat|Crobat, M|241\/373
|-damage|p1a: Crobat|148\/373|[from] Stealth Rock
|move|p2a: Diamond Dust|Scald|p1a: Crobat
|-damage|p1a: Crobat|31\/373
|-status|p1a: Crobat|brn
|
|-heal|p1a: Crobat|54\/373 brn|[from] item: Black Sludge
|-heal|p2a: Diamond Dust|421\/449|[from] item: Leftovers
|-damage|p1a: Crobat|8\/373 brn|[from] brn
|turn|22
|
|move|p1a: Crobat|Roost|p1a: Crobat
|-heal|p1a: Crobat|195\/373 brn
|move|p2a: Diamond Dust|Scald|p1a: Crobat
|-damage|p1a: Crobat|83\/373 brn
|
|-heal|p1a: Crobat|106\/373 brn|[from] item: Black Sludge
|-heal|p2a: Diamond Dust|449\/449|[from] item: Leftovers
|-damage|p1a: Crobat|60\/373 brn|[from] brn
|turn|23
|
|move|p1a: Crobat|Roost|p1a: Crobat
|-heal|p1a: Crobat|247\/373 brn
|move|p2a: Diamond Dust|Scald|p1a: Crobat
|-damage|p1a: Crobat|124\/373 brn
|
|-heal|p1a: Crobat|147\/373 brn|[from] item: Black Sludge
|-damage|p1a: Crobat|101\/373 brn|[from] brn
|turn|24
|
|switch|p2a: Grand Stream|Hippowdon, M|419\/419
|-damage|p2a: Grand Stream|393\/419|[from] Stealth Rock
|-weather|Sandstorm
|move|p1a: Crobat|Roost|p1a: Crobat
|-heal|p1a: Crobat|288\/373 brn
|
|-weather|Sandstorm|[upkeep]
|-damage|p1a: Crobat|265\/373 brn|[from] sandstorm
|-heal|p1a: Crobat|288\/373 brn|[from] item: Black Sludge
|-damage|p1a: Crobat|242\/373 brn|[from] brn
|turn|25
|
|switch|p1a: Bronzong|Bronzong|338\/338
|-damage|p1a: Bronzong|317\/338|[from] Stealth Rock
|move|p2a: Grand Stream|Ice Fang|p1a: Bronzong|[miss]
|-miss|p2a: Grand Stream|p1a: Bronzong
|
|-weather|Sandstorm|[upkeep]
|-heal|p1a: Bronzong|338\/338|[from] item: Leftovers
|turn|26
|
|move|p2a: Grand Stream|Earthquake|p1a: Bronzong
|-immune|p1a: Bronzong|[msg]
|move|p1a: Bronzong|Toxic|p2a: Grand Stream
|-status|p2a: Grand Stream|tox
|
|-weather|Sandstorm|[upkeep]
|-damage|p2a: Grand Stream|367\/419 tox|[from] psn
|turn|27
|
|switch|p2a: Madness Hero|Stoutland, M, shiny|311\/311
|-damage|p2a: Madness Hero|273\/311|[from] Stealth Rock
|move|p1a: Bronzong|Gyro Ball|p2a: Madness Hero
|-damage|p2a: Madness Hero|96\/311
|
|-weather|Sandstorm|[upkeep]
|turn|28
|
|move|p2a: Madness Hero|Crunch|p1a: Bronzong
|-supereffective|p1a: Bronzong
|-damage|p1a: Bronzong|214\/338
|-unboost|p1a: Bronzong|def|1
|move|p1a: Bronzong|Gyro Ball|p2a: Madness Hero
|-damage|p2a: Madness Hero|0 fnt
|faint|p2a: Madness Hero
|
|-weather|Sandstorm|[upkeep]
|-heal|p1a: Bronzong|235\/338|[from] item: Leftovers
|
|switch|p2a: Diamond Dust|Vaporeon, F|449\/449
|-damage|p2a: Diamond Dust|393\/449|[from] Stealth Rock
|turn|29
|
|move|p2a: Diamond Dust|Scald|p1a: Bronzong
|-damage|p1a: Bronzong|139\/338
|move|p1a: Bronzong|Toxic|p2a: Diamond Dust
|-status|p2a: Diamond Dust|tox
|
|-weather|Sandstorm|[upkeep]
|-damage|p2a: Diamond Dust|365\/449 tox|[from] sandstorm
|-heal|p2a: Diamond Dust|393\/449 tox|[from] item: Leftovers
|-heal|p1a: Bronzong|160\/338|[from] item: Leftovers
|-damage|p2a: Diamond Dust|365\/449 tox|[from] psn
|turn|30
|-message|Living Proof forfeited.
|
|win|oioirnambe
|raw|Ladder updating...
|raw|oioirnambe's rating: 1513 &rarr; <strong>1541<\/strong><br \/>(+28 for winning)
|raw|Living Proof's rating: 1657 &rarr; <strong>1629<\/strong><br \/>(-28 for losing)
|c|âLiving Proof|Welplaid
|c|âoioirnambe|gg
|leave|Living Proof
|player|p2