|join|oioirnambe
|join|Tony Talapia
|player|p1|oioirnambe|247
|player|p2|Tony Talapia|73
|gametype|singles
|gen|6
|tier|UU
|rated
|rule|Sleep Clause Mod: Limit one foe put to sleep
|rule|Species Clause: Limit one of each Pokemon
|rule|OHKO Clause: OHKO moves are banned
|rule|Moody Clause: Moody is banned
|rule|Evasion Moves Clause: Evasion moves are banned
|rule|Endless Battle Clause: Forcing endless battles is banned
|rule|HP Percentage Mod: HP is reported as percentages
|clearpoke
|poke|p1|Tornadus, M
|poke|p1|Ludicolo, F
|poke|p1|Goodra, F
|poke|p1|Kabutops, F
|poke|p1|Bronzong
|poke|p1|Kingdra, F
|poke|p2|Empoleon, M
|poke|p2|Chesnaught, M
|poke|p2|Heracross, F
|poke|p2|Hydreigon, M
|poke|p2|Arcanine, M
|poke|p2|Mew
|rule|Baton Pass Clause: Limit 3 pokemon knowing Baton Pass
|teampreview
|
|start
|switch|p1a: Bronzong|Bronzong|338\/338
|switch|p2a: Empoleon|Empoleon, M|372\/372
|turn|1
|join|Rnd7KingJohn
|
|move|p2a: Empoleon|Stealth Rock|p1a: Bronzong
|-sidestart|p1: oioirnambe|move: Stealth Rock
|move|p1a: Bronzong|Stealth Rock|p2a: Empoleon
|-sidestart|p2: Tony Talapia|move: Stealth Rock
|
|turn|2
|
|switch|p2a: Mew|Mew|341\/341
|-damage|p2a: Mew|299\/341|[from] Stealth Rock
|move|p1a: Bronzong|Earthquake|p2a: Mew
|-damage|p2a: Mew|228\/341
|
|-heal|p2a: Mew|249\/341|[from] item: Leftovers
|turn|3
|
|move|p2a: Mew|Nasty Plot|p2a: Mew
|-boost|p2a: Mew|spa|2
|move|p1a: Bronzong|Rain Dance|p1a: Bronzong
|-weather|RainDance
|
|-weather|RainDance|[upkeep]
|-heal|p2a: Mew|270\/341|[from] item: Leftovers
|turn|4
|
|move|p2a: Mew|Psyshock|p1a: Bronzong
|-resisted|p1a: Bronzong
|-damage|p1a: Bronzong|303\/338
|move|p1a: Bronzong|Gyro Ball|p2a: Mew
|-damage|p2a: Mew|132\/341
|
|-weather|RainDance|[upkeep]
|-heal|p2a: Mew|153\/341|[from] item: Leftovers
|turn|5
|
|switch|p2a: Heracross|Heracross, F|301\/301
|-damage|p2a: Heracross|264\/301|[from] Stealth Rock
|move|p1a: Bronzong|Gyro Ball|p2a: Heracross
|-damage|p2a: Heracross|57\/301
|
|-weather|RainDance|[upkeep]
|turn|6
|
|move|p2a: Heracross|Megahorn|p1a: Bronzong
|-damage|p1a: Bronzong|167\/338
|move|p1a: Bronzong|Gyro Ball|p2a: Heracross
|-damage|p2a: Heracross|0 fnt
|faint|p2a: Heracross
|
|-weather|RainDance|[upkeep]
|
|switch|p2a: Hydreigon|Hydreigon, M|326\/326
|-damage|p2a: Hydreigon|286\/326|[from] Stealth Rock
|turn|7
|
|switch|p1a: Kabutops|Kabutops, F|262\/262
|-damage|p1a: Kabutops|230\/262|[from] Stealth Rock
|move|p2a: Hydreigon|Fire Blast|p1a: Kabutops
|-resisted|p1a: Kabutops
|-damage|p1a: Kabutops|201\/262
|-damage|p2a: Hydreigon|254\/326|[from] item: Life Orb
|
|-weather|RainDance|[upkeep]
|turn|8
|
|move|p1a: Kabutops|Swords Dance|p1a: Kabutops
|-boost|p1a: Kabutops|atk|2
|move|p2a: Hydreigon|Dragon Pulse|p1a: Kabutops
|-damage|p1a: Kabutops|0 fnt
|-damage|p2a: Hydreigon|222\/326|[from] item: Life Orb
|faint|p1a: Kabutops
|
|-weather|RainDance|[upkeep]
|
|switch|p1a: Tornadus|Tornadus, M|299\/299
|-damage|p1a: Tornadus|225\/299|[from] Stealth Rock
|turn|9
|
|switch|p2a: Mew|Mew|153\/341
|-damage|p2a: Mew|111\/341|[from] Stealth Rock
|move|p1a: Tornadus|Hurricane|p2a: Mew
|-damage|p2a: Mew|0 fnt
|faint|p2a: Mew
|
|-weather|RainDance|[upkeep]
|
|switch|p2a: Arcanine|Arcanine, M|336\/336
|-damage|p2a: Arcanine|252\/336|[from] Stealth Rock
|turn|10
|
|move|p1a: Tornadus|Hurricane|p2a: Arcanine
|-damage|p2a: Arcanine|29\/336
|move|p2a: Arcanine|Wild Charge|p1a: Tornadus
|-supereffective|p1a: Tornadus
|-damage|p1a: Tornadus|0 fnt
|-damage|p2a: Arcanine|0 fnt|[from] recoil|[of] p1a: Tornadus
|faint|p1a: Tornadus
|faint|p2a: Arcanine
|
|-weather|none
|
|switch|p2a: Hydreigon|Hydreigon, M|222\/326
|-damage|p2a: Hydreigon|182\/326|[from] Stealth Rock
|switch|p1a: Goodra|Goodra, F|384\/384
|-damage|p1a: Goodra|336\/384|[from] Stealth Rock
|turn|11
|
|move|p2a: Hydreigon|Dragon Pulse|p1a: Goodra
|-supereffective|p1a: Goodra
|-damage|p1a: Goodra|24\/384
|-damage|p2a: Hydreigon|150\/326|[from] item: Life Orb
|move|p1a: Goodra|Rain Dance|p1a: Goodra
|-weather|RainDance
|
|-weather|RainDance|[upkeep]
|turn|12
|
|move|p2a: Hydreigon|Dragon Pulse|p1a: Goodra
|-supereffective|p1a: Goodra
|-damage|p1a: Goodra|0 fnt
|-damage|p2a: Hydreigon|118\/326|[from] item: Life Orb
|faint|p1a: Goodra
|
|-weather|RainDance|[upkeep]
|
|switch|p1a: Ludicolo|Ludicolo, F|302\/302
|-damage|p1a: Ludicolo|265\/302|[from] Stealth Rock
|turn|13
|
|move|p1a: Ludicolo|Ice Beam|p2a: Hydreigon
|-supereffective|p2a: Hydreigon
|-damage|p2a: Hydreigon|0 fnt
|-damage|p1a: Ludicolo|235\/302|[from] item: Life Orb
|faint|p2a: Hydreigon
|
|-weather|RainDance|[upkeep]
|
|switch|p2a: Empoleon|Empoleon, M|372\/372
|-damage|p2a: Empoleon|349\/372|[from] Stealth Rock
|turn|14
|
|move|p1a: Ludicolo|Giga Drain|p2a: Empoleon
|-damage|p2a: Empoleon|236\/372
|-heal|p1a: Ludicolo|292\/302|[from] drain|[of] p2a: Empoleon
|-damage|p1a: Ludicolo|262\/302|[from] item: Life Orb
|move|p2a: Empoleon|Toxic|p1a: Ludicolo
|-status|p1a: Ludicolo|tox
|
|-weather|RainDance|[upkeep]
|-heal|p2a: Empoleon|259\/372|[from] item: Leftovers
|-damage|p1a: Ludicolo|244\/302 tox|[from] psn
|turn|15
|
|move|p1a: Ludicolo|Giga Drain|p2a: Empoleon
|-crit|p2a: Empoleon
|-damage|p2a: Empoleon|94\/372
|-heal|p1a: Ludicolo|302\/302 tox|[from] drain|[of] p2a: Empoleon
|-damage|p1a: Ludicolo|272\/302 tox|[from] item: Life Orb
|move|p2a: Empoleon|Defog|p1a: Ludicolo
|-unboost|p1a: Ludicolo|evasion|1
|-sideend|p1: oioirnambe|Stealth Rock|[from] move: Defog|[of] p1a: Ludicolo
|-sideend|p2: Tony Talapia|Stealth Rock|[from] move: Defog|[of] p2a: Empoleon
|
|-weather|RainDance|[upkeep]
|-heal|p2a: Empoleon|117\/372|[from] item: Leftovers
|-damage|p1a: Ludicolo|236\/302 tox|[from] psn
|turn|16
|
|move|p1a: Ludicolo|Giga Drain|p2a: Empoleon
|-damage|p2a: Empoleon|10\/372
|-heal|p1a: Ludicolo|290\/302 tox|[from] drain|[of] p2a: Empoleon
|-damage|p1a: Ludicolo|260\/302 tox|[from] item: Life Orb
|move|p2a: Empoleon|Stealth Rock|p1a: Ludicolo
|-sidestart|p1: oioirnambe|move: Stealth Rock
|
|-weather|RainDance|[upkeep]
|-heal|p2a: Empoleon|33\/372|[from] item: Leftovers
|-damage|p1a: Ludicolo|206\/302 tox|[from] psn
|turn|17
|
|move|p1a: Ludicolo|Giga Drain|p2a: Empoleon
|-damage|p2a: Empoleon|0 fnt
|-heal|p1a: Ludicolo|223\/302 tox|[from] drain|[of] p2a: Empoleon
|-damage|p1a: Ludicolo|193\/302 tox|[from] item: Life Orb
|faint|p2a: Empoleon
|
|-weather|RainDance|[upkeep]
|-damage|p1a: Ludicolo|121\/302 tox|[from] psn
|
|switch|p2a: Chesnaught|Chesnaught, M|380\/380
|turn|18
|
|switch|p1a: Bronzong|Bronzong|167\/338
|-damage|p1a: Bronzong|146\/338|[from] Stealth Rock
|move|p2a: Chesnaught|Spiky Shield|p2a: Chesnaught
|-fail|p2a: Chesnaught
|
|-weather|none
|turn|19
|
|move|p2a: Chesnaught|Leech Seed|p1a: Bronzong
|-start|p1a: Bronzong|move: Leech Seed
|move|p1a: Bronzong|Rain Dance|p1a: Bronzong
|-weather|RainDance
|
|-weather|RainDance|[upkeep]
|-damage|p1a: Bronzong|104\/338|[from] Leech Seed|[of] p2a: Chesnaught
|turn|20
|
|switch|p1a: Ludicolo|Ludicolo, F|121\/302 tox
|-damage|p1a: Ludicolo|84\/302 tox|[from] Stealth Rock
|move|p2a: Chesnaught|Spikes|p1a: Ludicolo
|-sidestart|p1: oioirnambe|Spikes
|
|-weather|RainDance|[upkeep]
|-damage|p1a: Ludicolo|66\/302 tox|[from] psn
|turn|21
|
|move|p2a: Chesnaught|Spiky Shield|p2a: Chesnaught
|-singleturn|p2a: Chesnaught|move: Protect
|move|p1a: Ludicolo|Ice Beam|p2a: Chesnaught
|-activate|p2a: Chesnaught|move: Protect
|
|-weather|RainDance|[upkeep]
|-damage|p1a: Ludicolo|30\/302 tox|[from] psn
|turn|22
|
|move|p1a: Ludicolo|Ice Beam|p2a: Chesnaught
|-supereffective|p2a: Chesnaught
|-damage|p2a: Chesnaught|78\/380
|-damage|p1a: Ludicolo|0 fnt|[from] item: Life Orb
|faint|p1a: Ludicolo
|move|p2a: Chesnaught|Spikes|p1: Ludicolo
|-sidestart|p1: oioirnambe|Spikes
|
|-weather|RainDance|[upkeep]
|-heal|p2a: Chesnaught|101\/380|[from] item: Leftovers
|
|switch|p1a: Kingdra|Kingdra, F|301\/301
|-damage|p1a: Kingdra|251\/301|[from] Spikes
|-damage|p1a: Kingdra|214\/301|[from] Stealth Rock
|turn|23
|
|move|p1a: Kingdra|Dragon Dance|p1a: Kingdra
|-boost|p1a: Kingdra|atk|1
|-boost|p1a: Kingdra|spe|1
|move|p2a: Chesnaught|Leech Seed|p1a: Kingdra
|-start|p1a: Kingdra|move: Leech Seed
|
|-weather|RainDance|[upkeep]
|-heal|p2a: Chesnaught|124\/380|[from] item: Leftovers
|-damage|p1a: Kingdra|177\/301|[from] Leech Seed|[of] p2a: Chesnaught
|-heal|p2a: Chesnaught|161\/380|[silent]
|turn|24
|
|move|p2a: Chesnaught|Spiky Shield|p2a: Chesnaught
|-singleturn|p2a: Chesnaught|move: Protect
|move|p1a: Kingdra|Dragon Dance|p1a: Kingdra
|-boost|p1a: Kingdra|atk|1
|-boost|p1a: Kingdra|spe|1
|
|-weather|RainDance|[upkeep]
|-heal|p2a: Chesnaught|184\/380|[from] item: Leftovers
|-damage|p1a: Kingdra|140\/301|[from] Leech Seed|[of] p2a: Chesnaught
|-heal|p2a: Chesnaught|221\/380|[silent]
|turn|25
|
|move|p2a: Chesnaught|Spiky Shield|p2a: Chesnaught
|-fail|p2a: Chesnaught
|move|p1a: Kingdra|Rest|p1a: Kingdra
|-status|p1a: Kingdra|slp
|-heal|p1a: Kingdra|301\/301 slp|[silent]
|-status|p1a: Kingdra|slp|[from] move: Rest
|-enditem|p1a: Kingdra|Chesto Berry|[eat]
|-curestatus|p1a: Kingdra|slp
|
|-weather|RainDance|[upkeep]
|-heal|p2a: Chesnaught|244\/380|[from] item: Leftovers
|-damage|p1a: Kingdra|264\/301|[from] Leech Seed|[of] p2a: Chesnaught
|-heal|p2a: Chesnaught|281\/380|[silent]
|turn|26
|
|move|p1a: Kingdra|Dragon Dance|p1a: Kingdra
|-boost|p1a: Kingdra|atk|1
|-boost|p1a: Kingdra|spe|1
|move|p2a: Chesnaught|Hammer Arm|p1a: Kingdra
|-damage|p1a: Kingdra|125\/301
|-unboost|p2a: Chesnaught|spe|1
|
|-weather|none
|-heal|p2a: Chesnaught|304\/380|[from] item: Leftovers
|-damage|p1a: Kingdra|88\/301|[from] Leech Seed|[of] p2a: Chesnaught
|-heal|p2a: Chesnaught|341\/380|[silent]
|turn|27
|
|move|p2a: Chesnaught|Spiky Shield|p2a: Chesnaught
|-singleturn|p2a: Chesnaught|move: Protect
|move|p1a: Kingdra|Outrage|p2a: Chesnaught
|-activate|p2a: Chesnaught|move: Protect
|-damage|p1a: Kingdra|51\/301|[from] Spiky Shield|[of] p2a: Chesnaught
|
|-heal|p2a: Chesnaught|364\/380|[from] item: Leftovers
|-damage|p1a: Kingdra|14\/301|[from] Leech Seed|[of] p2a: Chesnaught
|-heal|p2a: Chesnaught|380\/380|[silent]
|turn|28
|
|move|p2a: Chesnaught|Spiky Shield|p2a: Chesnaught
|-singleturn|p2a: Chesnaught|move: Protect
|move|p1a: Kingdra|Outrage|p2a: Chesnaught
|-activate|p2a: Chesnaught|move: Protect
|-damage|p1a: Kingdra|0 fnt|[from] Spiky Shield|[of] p2a: Chesnaught
|faint|p1a: Kingdra
|
|chat|Rnd7KingJohn|LOL
|
|switch|p1a: Bronzong|Bronzong|104\/338
|-damage|p1a: Bronzong|83\/338|[from] Stealth Rock
|turn|29
|
|move|p2a: Chesnaught|Leech Seed|p1a: Bronzong
|-start|p1a: Bronzong|move: Leech Seed
|move|p1a: Bronzong|Gyro Ball|p2a: Chesnaught
|-immune|p2a: Chesnaught|[msg]|[from] Bulletproof
|
|-damage|p1a: Bronzong|41\/338|[from] Leech Seed|[of] p2a: Chesnaught
|turn|30
|chat|Rnd7KingJohn|LOL
|chat|Rnd7KingJohn|LOL
|chat|Rnd7KingJohn|LOL
|
|move|p2a: Chesnaught|Spiky Shield|p2a: Chesnaught
|-singleturn|p2a: Chesnaught|move: Protect
|move|p1a: Bronzong|Earthquake|p2a: Chesnaught
|-activate|p2a: Chesnaught|move: Protect
|
|-damage|p1a: Bronzong|0 fnt|[from] Leech Seed|[of] p2a: Chesnaught
|faint|p1a: Bronzong
|
|win|Tony Talapia
|raw|Ladder updating...
|chat|Rnd7KingJohn|LOL
|raw|oioirnambe's rating: 1268 &rarr; <strong>1246<\/strong><br \/>(-22 for losing)
|raw|Tony Talapia's rating: 1315 &rarr; <strong>1332<\/strong><br \/>(+17 for winning)
|chat|Rnd7KingJohn|LOL
|chat|Rnd7KingJohn|LOL
|chat|Rnd7KingJohn|LOL
|chat|Rnd7KingJohn|LOL
|chat|oioirnambe|gg
|chat|Rnd7KingJohn|LOL
|chat|Tony Talapia|aaaha
|chat|Rnd7KingJohn|LOL
|chat|Rnd7KingJohn|LOL
|chat|Rnd7KingJohn|LOL
|chat|Rnd7KingJohn|LOL
|chat|Rnd7KingJohn|LOL
|chat|Tony Talapia|gg
|chat|Rnd7KingJohn|LOl