|join|kunz even1
|join|oioirnambe
|player|p1|kunz even1|169
|player|p2|oioirnambe|247
|gametype|singles
|gen|6
|tier|UU
|rated
|rule|Sleep Clause Mod: Limit one foe put to sleep
|rule|Species Clause: Limit one of each PokÃ©mon
|rule|OHKO Clause: OHKO moves are banned
|rule|Moody Clause: Moody is banned
|rule|Evasion Moves Clause: Evasion moves are banned
|rule|Endless Battle Clause: Forcing endless battles is banned
|rule|HP Percentage Mod: HP is shown in percentages
|clearpoke
|poke|p1|Liepard, F
|poke|p1|Kabutops, F
|poke|p1|Ludicolo, F
|poke|p1|Poliwrath, M
|poke|p1|Seismitoad, M
|poke|p1|Electrode
|poke|p2|Druddigon, F
|poke|p2|Doublade, M
|poke|p2|Toxicroak, F
|poke|p2|Yanmega, M
|poke|p2|Blastoise, F
|poke|p2|Tornadus, M
|rule|Swagger Clause: Swagger is banned
|rule|Baton Pass Clause: Limit one PokÃ©mon knowing Baton Pass
|teampreview
|c|âkunz even1|gl hf
|
|start
|switch|p1a: Liepard|Liepard, F|332\/332
|switch|p2a: Druddigon|Druddigon, F|351\/351
|-ability|p2a: Druddigon|Mold Breaker
|turn|1
|
|move|p1a: Liepard|Rain Dance|p1a: Liepard
|-weather|RainDance
|move|p2a: Druddigon|Stealth Rock|p1a: Liepard
|-sidestart|p1: kunz even1|move: Stealth Rock
|
|-weather|RainDance|[upkeep]
|turn|2
|
|move|p1a: Liepard|Encore|p2a: Druddigon
|-start|p2a: Druddigon|Encore
|-enditem|p2a: Druddigon|Mental Herb
|-end|p2a: Druddigon|Encore
|move|p2a: Druddigon|Glare|p1a: Liepard
|-status|p1a: Liepard|par
|
|-weather|RainDance|[upkeep]
|turn|3
|
|move|p2a: Druddigon|Outrage|p1a: Liepard
|-damage|p1a: Liepard|0 fnt
|faint|p1a: Liepard
|
|-weather|RainDance|[upkeep]
|
|switch|p1a: Ludicolo|Ludicolo, F|302\/302
|-damage|p1a: Ludicolo|265\/302|[from] Stealth Rock
|turn|4
|
|move|p1a: Ludicolo|Ice Beam|p2a: Druddigon
|-supereffective|p2a: Druddigon
|-damage|p2a: Druddigon|86\/351
|-damage|p1a: Ludicolo|235\/302|[from] item: Life Orb
|move|p2a: Druddigon|Outrage|p1a: Ludicolo
|-damage|p1a: Ludicolo|0 fnt
|faint|p1a: Ludicolo
|
|-weather|RainDance|[upkeep]
|
|switch|p1a: Kabutops|Kabutops, F|262\/262
|-damage|p1a: Kabutops|230\/262|[from] Stealth Rock
|turn|5
|
|move|p1a: Kabutops|Waterfall|p2a: Druddigon
|-resisted|p2a: Druddigon
|-damage|p2a: Druddigon|0 fnt
|-damage|p1a: Kabutops|204\/262|[from] item: Life Orb
|faint|p2a: Druddigon
|
|-weather|RainDance|[upkeep]
|
|switch|p2a: Toxicroak|Toxicroak, F|308\/308
|turn|6
|
|move|p1a: Kabutops|Stone Edge|p2a: Toxicroak|[miss]
|-miss|p1a: Kabutops|p2a: Toxicroak
|move|p2a: Toxicroak|Drain Punch|p1a: Kabutops
|-crit|p1a: Kabutops
|-supereffective|p1a: Kabutops
|-damage|p1a: Kabutops|0 fnt
|faint|p1a: Kabutops
|
|-weather|RainDance|[upkeep]
|
|switch|p1a: Seismitoad|Seismitoad, M|351\/351
|-damage|p1a: Seismitoad|330\/351|[from] Stealth Rock
|turn|7
|
|switch|p2a: Tornadus|Tornadus, M|299\/299
|move|p1a: Seismitoad|Earth Power|p2a: Tornadus
|-immune|p2a: Tornadus|[msg]
|
|-weather|RainDance|[upkeep]
|turn|8
|
|switch|p2a: Blastoise|Blastoise, F|362\/362
|move|p1a: Seismitoad|Hydro Pump|p2a: Blastoise
|-resisted|p2a: Blastoise
|-damage|p2a: Blastoise|202\/362
|-damage|p1a: Seismitoad|295\/351|[from] item: Life Orb
|
|-weather|none
|turn|9
|
|detailschange|p2a: Blastoise|Blastoise-Mega, F
|message|Blastoise has Mega Evolved into Mega Blastoise!
|move|p1a: Seismitoad|Sludge Wave|p2a: Blastoise
|-damage|p2a: Blastoise|95\/362
|-damage|p1a: Seismitoad|260\/351|[from] item: Life Orb
|move|p2a: Blastoise|Scald|p1a: Seismitoad
|-damage|p1a: Seismitoad|40\/351
|
|turn|10
|
|move|p1a: Seismitoad|Sludge Wave|p2a: Blastoise
|-damage|p2a: Blastoise|0 fnt
|-damage|p1a: Seismitoad|5\/351|[from] item: Life Orb
|faint|p2a: Blastoise
|
|
|switch|p2a: Yanmega|Yanmega, M|313\/313
|turn|11
|
|move|p2a: Yanmega|Bug Buzz|p1a: Seismitoad
|-damage|p1a: Seismitoad|0 fnt
|-damage|p2a: Yanmega|282\/313|[from] item: Life Orb
|faint|p1a: Seismitoad
|
|-boost|p2a: Yanmega|spe|1|[from] ability: Speed Boost
|c|âkunz even1|gg
|
|switch|p1a: Electrode|Electrode|324\/324
|-damage|p1a: Electrode|284\/324|[from] Stealth Rock
|turn|12
|
|move|p2a: Yanmega|U-turn|p1a: Electrode
|-damage|p1a: Electrode|175\/324
|-damage|p2a: Yanmega|251\/313|[from] item: Life Orb
|
|switch|p2a: Doublade|Doublade, M|322\/322
|move|p1a: Electrode|Rain Dance|p1a: Electrode
|-weather|RainDance
|
|-weather|RainDance|[upkeep]
|turn|13
|
|move|p2a: Doublade|Shadow Sneak|p1a: Electrode
|-damage|p1a: Electrode|76\/324
|move|p1a: Electrode|Volt Switch|p2a: Doublade
|-damage|p2a: Doublade|241\/322
|
|switch|p1a: Poliwrath|Poliwrath, M|322\/322
|-damage|p1a: Poliwrath|302\/322|[from] Stealth Rock
|
|-weather|RainDance|[upkeep]
|turn|14
|
|move|p1a: Poliwrath|Belly Drum|p1a: Poliwrath
|-damage|p1a: Poliwrath|141\/322
|-setboost|p1a: Poliwrath|atk|6|[from] move: Belly Drum
|-enditem|p1a: Poliwrath|Sitrus Berry|[eat]
|-heal|p1a: Poliwrath|221\/322|[from] item: Sitrus Berry
|move|p2a: Doublade|Swords Dance|p2a: Doublade
|-boost|p2a: Doublade|atk|2
|
|-weather|RainDance|[upkeep]
|turn|15
|
|move|p2a: Doublade|Shadow Sneak|p1a: Poliwrath
|-damage|p1a: Poliwrath|71\/322
|move|p1a: Poliwrath|Waterfall|p2a: Doublade
|-damage|p2a: Doublade|0 fnt
|faint|p2a: Doublade
|
|-weather|RainDance|[upkeep]
|
|switch|p2a: Toxicroak|Toxicroak, F|308\/308
|turn|16
|
|move|p2a: Toxicroak|Sucker Punch|p1a: Poliwrath
|-resisted|p1a: Poliwrath
|-damage|p1a: Poliwrath|28\/322
|move|p1a: Poliwrath|Ice Punch|p2a: Toxicroak
|-damage|p2a: Toxicroak|0 fnt
|faint|p2a: Toxicroak
|
|-weather|RainDance|[upkeep]
|
|switch|p2a: Tornadus|Tornadus, M|299\/299
|turn|17
|
|move|p1a: Poliwrath|Ice Punch|p2a: Tornadus
|-supereffective|p2a: Tornadus
|-damage|p2a: Tornadus|0 fnt
|faint|p2a: Tornadus
|
|-weather|RainDance|[upkeep]
|
|switch|p2a: Yanmega|Yanmega, M|251\/313
|turn|18
|
|move|p1a: Poliwrath|Waterfall|p2a: Yanmega
|-damage|p2a: Yanmega|0 fnt
|faint|p2a: Yanmega
|
|win|kunz even1
|raw|Ladder updating...
|raw|kunz even1's rating: 1318 &rarr; <strong>1341<\/strong><br \/>(+23 for winning)
|raw|oioirnambe's rating: 1359 &rarr; <strong>1337<\/strong><br \/>(-22 for losing)
|c|âkunz even1|gg, i don't think that i can win
|c|âoioirnambe|gg