|join|Pkmn Champ Lance
|join|oioirnambe
|player|p1|Pkmn Champ Lance|153
|player|p2|oioirnambe|247
|gametype|singles
|gen|6
|tier|UU
|rated
|rule|Sleep Clause Mod: Limit one foe put to sleep
|rule|Species Clause: Limit one of each PokÃ©mon
|rule|OHKO Clause: OHKO moves are banned
|rule|Moody Clause: Moody is banned
|rule|Evasion Moves Clause: Evasion moves are banned
|rule|Endless Battle Clause: Forcing endless battles is banned
|rule|HP Percentage Mod: HP is shown in percentages
|clearpoke
|poke|p1|Zygarde
|poke|p1|Hippowdon, F
|poke|p1|Machamp, M
|poke|p1|Ampharos, F
|poke|p1|Mienshao, F
|poke|p1|Azelf
|poke|p2|Blissey, F
|poke|p2|Granbull, F
|poke|p2|Slowking, M
|poke|p2|Rhyperior, F
|poke|p2|Sableye, M
|poke|p2|Roserade, F
|rule|Swagger Clause: Swagger is banned
|rule|Baton Pass Clause: Limit one PokÃ©mon knowing Baton Pass
|teampreview
|
|start
|switch|p1a: Azelf|Azelf|292\/292
|switch|p2a: Sableye|Sableye, M|304\/304
|turn|1
|
|move|p2a: Sableye|Taunt|p1a: Azelf
|-start|p1a: Azelf|move: Taunt
|move|p1a: Azelf|Knock Off|p2a: Sableye
|-damage|p2a: Sableye|157\/304
|-enditem|p2a: Sableye|Leftovers|[from] move: Knock Off|[of] p1a: Azelf
|
|turn|2
|
|switch|p1a: Ampharos|Ampharos, F|322\/322
|move|p2a: Sableye|Will-O-Wisp|p1a: Ampharos
|-status|p1a: Ampharos|brn
|
|-damage|p1a: Ampharos|282\/322 brn|[from] brn
|turn|3
|
|switch|p2a: Roserade|Roserade, F|324\/324
|detailschange|p1a: Ampharos|Ampharos-Mega, F
|message|Ampharos has Mega Evolved into Mega Ampharos!
|-ability|p1a: Ampharos|Mold Breaker
|move|p1a: Ampharos|Thunderbolt|p2a: Roserade
|-resisted|p2a: Roserade
|-damage|p2a: Roserade|249\/324
|
|-heal|p2a: Roserade|269\/324|[from] item: Black Sludge
|-damage|p1a: Ampharos|242\/322 brn|[from] brn
|turn|4
|
|move|p2a: Roserade|Spikes|p1a: Ampharos
|-sidestart|p1: Pkmn Champ Lance|Spikes
|move|p1a: Ampharos|Dragon Pulse|p2a: Roserade
|-damage|p2a: Roserade|127\/324
|
|-heal|p2a: Roserade|147\/324|[from] item: Black Sludge
|-damage|p1a: Ampharos|202\/322 brn|[from] brn
|turn|5
|
|move|p2a: Roserade|Synthesis|p2a: Roserade
|-heal|p2a: Roserade|309\/324
|move|p1a: Ampharos|Dragon Pulse|p2a: Roserade
|-damage|p2a: Roserade|180\/324
|
|-heal|p2a: Roserade|200\/324|[from] item: Black Sludge
|-damage|p1a: Ampharos|162\/322 brn|[from] brn
|turn|6
|
|switch|p1a: Machamp|Machamp, M|384\/384
|-damage|p1a: Machamp|336\/384|[from] Spikes
|move|p2a: Roserade|Spikes|p1a: Machamp
|-sidestart|p1: Pkmn Champ Lance|Spikes
|
|-heal|p2a: Roserade|220\/324|[from] item: Black Sludge
|turn|7
|
|switch|p2a: Granbull|Granbull, F|384\/384
|-ability|p2a: Granbull|Intimidate|[of] p1a: Machamp
|-unboost|p1a: Machamp|atk|1
|move|p1a: Machamp|Ice Punch|p2a: Granbull
|-damage|p2a: Granbull|324\/384
|
|-heal|p2a: Granbull|348\/384|[from] item: Leftovers
|turn|8
|
|switch|p1a: Azelf|Azelf|292\/292
|move|p2a: Granbull|Play Rough|p1a: Azelf
|-damage|p1a: Azelf|117\/292
|
|-heal|p2a: Granbull|372\/384|[from] item: Leftovers
|turn|9
|
|switch|p2a: Sableye|Sableye, M|157\/304
|move|p1a: Azelf|Stealth Rock|p2a: Sableye
|-sidestart|p2: oioirnambe|move: Stealth Rock
|
|turn|10
|
|switch|p1a: Ampharos|Ampharos-Mega, F|162\/322 brn
|-damage|p1a: Ampharos|109\/322 brn|[from] Spikes
|-ability|p1a: Ampharos|Mold Breaker
|move|p2a: Sableye|Knock Off|p1a: Ampharos
|-damage|p1a: Ampharos|55\/322 brn
|
|-damage|p1a: Ampharos|15\/322 brn|[from] brn
|turn|11
|
|move|p2a: Sableye|Recover|p2a: Sableye
|-heal|p2a: Sableye|304\/304
|move|p1a: Ampharos|Dragon Pulse|p2a: Sableye
|-damage|p2a: Sableye|133\/304
|
|-damage|p1a: Ampharos|0 fnt|[from] brn
|faint|p1a: Ampharos
|
|switch|p1a: Zygarde|Zygarde|378\/378
|-damage|p1a: Zygarde|315\/378|[from] Spikes
|-ability|p1a: Zygarde|Aura Break
|turn|12
|
|switch|p2a: Granbull|Granbull, F|372\/384
|-damage|p2a: Granbull|324\/384|[from] Stealth Rock
|-ability|p2a: Granbull|Intimidate|[of] p1a: Zygarde
|-unboost|p1a: Zygarde|atk|1
|move|p1a: Zygarde|Earthquake|p2a: Granbull
|-damage|p2a: Granbull|228\/384
|
|-heal|p2a: Granbull|252\/384|[from] item: Leftovers
|turn|13
|
|switch|p1a: Hippowdon|Hippowdon, F|420\/420
|-damage|p1a: Hippowdon|350\/420|[from] Spikes
|-weather|Sandstorm
|move|p2a: Granbull|Play Rough|p1a: Hippowdon
|-damage|p1a: Hippowdon|275\/420
|
|-weather|Sandstorm|[upkeep]
|-damage|p2a: Granbull|228\/384|[from] sandstorm
|-heal|p1a: Hippowdon|301\/420|[from] item: Leftovers
|-heal|p2a: Granbull|252\/384|[from] item: Leftovers
|turn|14
|
|move|p1a: Hippowdon|Earthquake|p2a: Granbull
|-damage|p2a: Granbull|144\/384
|move|p2a: Granbull|Play Rough|p1a: Hippowdon|[miss]
|-miss|p2a: Granbull|p1a: Hippowdon
|
|-weather|Sandstorm|[upkeep]
|-damage|p2a: Granbull|120\/384|[from] sandstorm
|-heal|p1a: Hippowdon|327\/420|[from] item: Leftovers
|-heal|p2a: Granbull|144\/384|[from] item: Leftovers
|turn|15
|
|move|p1a: Hippowdon|Toxic|p2a: Granbull
|-status|p2a: Granbull|tox
|move|p2a: Granbull|Rest|p2a: Granbull
|-status|p2a: Granbull|slp
|-heal|p2a: Granbull|384\/384 slp|[silent]
|-status|p2a: Granbull|slp|[from] move: Rest
|
|-weather|Sandstorm|[upkeep]
|-damage|p2a: Granbull|360\/384 slp|[from] sandstorm
|-heal|p1a: Hippowdon|353\/420|[from] item: Leftovers
|-heal|p2a: Granbull|384\/384 slp|[from] item: Leftovers
|turn|16
|
|switch|p2a: Slowking|Slowking, M|394\/394
|-damage|p2a: Slowking|345\/394|[from] Stealth Rock
|move|p1a: Hippowdon|Earthquake|p2a: Slowking
|-damage|p2a: Slowking|239\/394
|
|-weather|Sandstorm|[upkeep]
|-damage|p2a: Slowking|215\/394|[from] sandstorm
|-heal|p1a: Hippowdon|379\/420|[from] item: Leftovers
|-heal|p2a: Slowking|239\/394|[from] item: Leftovers
|turn|17
|
|move|p1a: Hippowdon|Toxic|p2a: Slowking
|-status|p2a: Slowking|tox
|move|p2a: Slowking|Scald|p1a: Hippowdon
|-supereffective|p1a: Hippowdon
|-damage|p1a: Hippowdon|137\/420
|
|-weather|none
|-heal|p1a: Hippowdon|163\/420|[from] item: Leftovers
|-heal|p2a: Slowking|263\/394 tox|[from] item: Leftovers
|-damage|p2a: Slowking|239\/394 tox|[from] psn
|turn|18
|
|switch|p1a: Machamp|Machamp, M|336\/384
|-damage|p1a: Machamp|272\/384|[from] Spikes
|move|p2a: Slowking|Scald|p1a: Machamp
|-damage|p1a: Machamp|203\/384
|
|-heal|p2a: Slowking|263\/394 tox|[from] item: Leftovers
|-damage|p2a: Slowking|215\/394 tox|[from] psn
|turn|19
|
|switch|p2a: Granbull|Granbull, F|384\/384 slp
|-damage|p2a: Granbull|336\/384 slp|[from] Stealth Rock
|-ability|p2a: Granbull|Intimidate|[of] p1a: Machamp
|-unboost|p1a: Machamp|atk|1
|move|p1a: Machamp|Stone Edge|p2a: Granbull
|-damage|p2a: Granbull|262\/384 slp
|
|-heal|p2a: Granbull|286\/384 slp|[from] item: Leftovers
|turn|20
|
|switch|p1a: Azelf|Azelf|117\/292
|cant|p2a: Granbull|slp
|move|p2a: Granbull|Sleep Talk|p2a: Granbull
|move|p2a: Granbull|Roar|p1a: Azelf|[from]Sleep Talk
|drag|p1a: Hippowdon|Hippowdon, F|163\/420
|-damage|p1a: Hippowdon|93\/420|[from] Spikes
|-weather|Sandstorm
|
|-weather|Sandstorm|[upkeep]
|-damage|p2a: Granbull|262\/384 slp|[from] sandstorm
|-heal|p1a: Hippowdon|119\/420|[from] item: Leftovers
|-heal|p2a: Granbull|286\/384 slp|[from] item: Leftovers
|turn|21
|
|switch|p2a: Blissey|Blissey, F|714\/714
|-damage|p2a: Blissey|625\/714|[from] Stealth Rock
|move|p1a: Hippowdon|Slack Off|p1a: Hippowdon
|-heal|p1a: Hippowdon|329\/420
|
|-weather|Sandstorm|[upkeep]
|-damage|p2a: Blissey|581\/714|[from] sandstorm
|-heal|p2a: Blissey|625\/714|[from] item: Leftovers
|-heal|p1a: Hippowdon|355\/420|[from] item: Leftovers
|turn|22
|
|move|p2a: Blissey|Heal Bell|p2a: Blissey
|-cureteam|p2a: Blissey|[from] move: HealBell
|move|p1a: Hippowdon|Toxic|p2a: Blissey
|-status|p2a: Blissey|tox
|
|-weather|Sandstorm|[upkeep]
|-damage|p2a: Blissey|581\/714 tox|[from] sandstorm
|-heal|p2a: Blissey|625\/714 tox|[from] item: Leftovers
|-heal|p1a: Hippowdon|381\/420|[from] item: Leftovers
|-damage|p2a: Blissey|581\/714 tox|[from] psn
|turn|23
|
|switch|p1a: Zygarde|Zygarde|315\/378
|-damage|p1a: Zygarde|252\/378|[from] Spikes
|-ability|p1a: Zygarde|Aura Break
|move|p2a: Blissey|Wish|p2a: Blissey
|
|-weather|Sandstorm|[upkeep]
|-damage|p2a: Blissey|537\/714 tox|[from] sandstorm
|-heal|p2a: Blissey|581\/714 tox|[from] item: Leftovers
|-damage|p2a: Blissey|493\/714 tox|[from] psn
|turn|24
|
|switch|p2a: Granbull|Granbull, F|286\/384
|-damage|p2a: Granbull|238\/384|[from] Stealth Rock
|-ability|p2a: Granbull|Intimidate|[of] p1a: Zygarde
|-unboost|p1a: Zygarde|atk|1
|move|p1a: Zygarde|Dragon Dance|p1a: Zygarde
|-boost|p1a: Zygarde|atk|1
|-boost|p1a: Zygarde|spe|1
|
|-weather|none
|-heal|p2a: Granbull|384\/384|[from] move: Wish|[wisher] Blissey
|turn|25
|
|switch|p1a: Hippowdon|Hippowdon, F|381\/420
|-damage|p1a: Hippowdon|311\/420|[from] Spikes
|-weather|Sandstorm
|move|p2a: Granbull|Roar|p1a: Hippowdon
|drag|p1a: Mienshao|Mienshao, F|271\/271
|-damage|p1a: Mienshao|226\/271|[from] Spikes
|
|-weather|Sandstorm|[upkeep]
|-damage|p1a: Mienshao|210\/271|[from] sandstorm
|-damage|p2a: Granbull|360\/384|[from] sandstorm
|-heal|p2a: Granbull|384\/384|[from] item: Leftovers
|turn|26
|
|move|p1a: Mienshao|U-turn|p2a: Granbull
|-resisted|p2a: Granbull
|-damage|p2a: Granbull|350\/384
|
|switch|p1a: Hippowdon|Hippowdon, F|311\/420
|-damage|p1a: Hippowdon|241\/420|[from] Spikes
|move|p2a: Granbull|Play Rough|p1a: Hippowdon
|-damage|p1a: Hippowdon|159\/420
|-unboost|p1a: Hippowdon|atk|1
|
|-weather|Sandstorm|[upkeep]
|-damage|p2a: Granbull|326\/384|[from] sandstorm
|-heal|p1a: Hippowdon|185\/420|[from] item: Leftovers
|-heal|p2a: Granbull|350\/384|[from] item: Leftovers
|turn|27
|
|move|p1a: Hippowdon|Slack Off|p1a: Hippowdon
|-heal|p1a: Hippowdon|395\/420
|move|p2a: Granbull|Roar|p1a: Hippowdon
|drag|p1a: Zygarde|Zygarde|252\/378
|-damage|p1a: Zygarde|189\/378|[from] Spikes
|-ability|p1a: Zygarde|Aura Break
|
|-weather|Sandstorm|[upkeep]
|-damage|p2a: Granbull|326\/384|[from] sandstorm
|-heal|p2a: Granbull|350\/384|[from] item: Leftovers
|turn|28
|
|move|p1a: Zygarde|Earthquake|p2a: Granbull
|-damage|p2a: Granbull|214\/384
|move|p2a: Granbull|Roar|p1a: Zygarde
|drag|p1a: Mienshao|Mienshao, F|210\/271
|-damage|p1a: Mienshao|165\/271|[from] Spikes
|
|-weather|Sandstorm|[upkeep]
|-damage|p1a: Mienshao|149\/271|[from] sandstorm
|-damage|p2a: Granbull|190\/384|[from] sandstorm
|-heal|p2a: Granbull|214\/384|[from] item: Leftovers
|turn|29
|
|move|p1a: Mienshao|Poison Jab|p2a: Granbull
|-supereffective|p2a: Granbull
|-damage|p2a: Granbull|42\/384
|move|p2a: Granbull|Rest|p2a: Granbull
|-status|p2a: Granbull|slp
|-heal|p2a: Granbull|384\/384 slp|[silent]
|-status|p2a: Granbull|slp|[from] move: Rest
|
|-weather|none
|turn|30
|
|switch|p2a: Rhyperior|Rhyperior, F|434\/434
|-damage|p2a: Rhyperior|407\/434|[from] Stealth Rock
|move|p1a: Mienshao|Poison Jab|p2a: Rhyperior
|-crit|p2a: Rhyperior
|-resisted|p2a: Rhyperior
|-damage|p2a: Rhyperior|386\/434
|
|-heal|p2a: Rhyperior|413\/434|[from] item: Leftovers
|turn|31
|
|switch|p1a: Hippowdon|Hippowdon, F|395\/420
|-damage|p1a: Hippowdon|325\/420|[from] Spikes
|-weather|Sandstorm
|move|p2a: Rhyperior|Stealth Rock|p1a: Hippowdon
|-sidestart|p1: Pkmn Champ Lance|move: Stealth Rock
|
|-weather|Sandstorm|[upkeep]
|-heal|p1a: Hippowdon|351\/420|[from] item: Leftovers
|-heal|p2a: Rhyperior|434\/434|[from] item: Leftovers
|turn|32
|
|move|p1a: Hippowdon|Earthquake|p2a: Rhyperior
|-crit|p2a: Rhyperior
|-supereffective|p2a: Rhyperior
|-damage|p2a: Rhyperior|253\/434
|move|p2a: Rhyperior|Roar|p1a: Hippowdon
|drag|p1a: Machamp|Machamp, M|203\/384
|-damage|p1a: Machamp|139\/384|[from] Spikes
|-damage|p1a: Machamp|115\/384|[from] Stealth Rock
|
|-weather|Sandstorm|[upkeep]
|-damage|p1a: Machamp|91\/384|[from] sandstorm
|-heal|p2a: Rhyperior|280\/434|[from] item: Leftovers
|turn|33
|c|âPkmn Champ Lance|this is fucking stupid
|
|switch|p2a: Granbull|Granbull, F|384\/384 slp
|-damage|p2a: Granbull|336\/384 slp|[from] Stealth Rock
|-ability|p2a: Granbull|Intimidate|[of] p1a: Machamp
|-unboost|p1a: Machamp|atk|1
|move|p1a: Machamp|Dynamic Punch|p2a: Granbull
|-resisted|p2a: Granbull
|-damage|p2a: Granbull|281\/384 slp
|-start|p2a: Granbull|confusion
|
|-weather|Sandstorm|[upkeep]
|-damage|p1a: Machamp|67\/384|[from] sandstorm
|-damage|p2a: Granbull|257\/384 slp|[from] sandstorm
|-heal|p2a: Granbull|281\/384 slp|[from] item: Leftovers
|turn|34
|
|move|p1a: Machamp|Stone Edge|p2a: Granbull
|-damage|p2a: Granbull|206\/384 slp
|cant|p2a: Granbull|slp
|
|-weather|Sandstorm|[upkeep]
|-damage|p1a: Machamp|43\/384|[from] sandstorm
|-damage|p2a: Granbull|182\/384 slp|[from] sandstorm
|-heal|p2a: Granbull|206\/384 slp|[from] item: Leftovers
|turn|35
|
|move|p1a: Machamp|Stone Edge|p2a: Granbull
|-damage|p2a: Granbull|124\/384 slp
|cant|p2a: Granbull|slp
|-activate|p2a: Granbull|confusion
|-damage|p2a: Granbull|92\/384 slp|[from] confusion
|
|-weather|none
|-heal|p2a: Granbull|116\/384 slp|[from] item: Leftovers
|turn|36
|
|move|p1a: Machamp|Bullet Punch|p2a: Granbull
|-supereffective|p2a: Granbull
|-damage|p2a: Granbull|48\/384 slp
|-curestatus|p2a: Granbull|slp
|-end|p2a: Granbull|confusion
|move|p2a: Granbull|Rest|p2a: Granbull
|-status|p2a: Granbull|slp
|-heal|p2a: Granbull|384\/384 slp|[silent]
|-status|p2a: Granbull|slp|[from] move: Rest
|
|turn|37
|
|move|p1a: Machamp|Stone Edge|p2a: Granbull
|-damage|p2a: Granbull|315\/384 slp
|cant|p2a: Granbull|slp
|move|p2a: Granbull|Sleep Talk|p2a: Granbull
|move|p2a: Granbull|Roar|p1a: Machamp|[from]Sleep Talk
|drag|p1a: Zygarde|Zygarde|189\/378
|-damage|p1a: Zygarde|126\/378|[from] Spikes
|-damage|p1a: Zygarde|103\/378|[from] Stealth Rock
|-ability|p1a: Zygarde|Aura Break
|
|-heal|p2a: Granbull|339\/384 slp|[from] item: Leftovers
|turn|38
|
|move|p1a: Zygarde|Dragon Dance|p1a: Zygarde
|-boost|p1a: Zygarde|atk|1
|-boost|p1a: Zygarde|spe|1
|cant|p2a: Granbull|slp
|move|p2a: Granbull|Sleep Talk|p2a: Granbull
|move|p2a: Granbull|Play Rough|p1a: Zygarde|[from]Sleep Talk
|-supereffective|p1a: Zygarde
|-damage|p1a: Zygarde|0 fnt
|faint|p1a: Zygarde
|
|-heal|p2a: Granbull|363\/384 slp|[from] item: Leftovers
|
|switch|p1a: Azelf|Azelf|117\/292
|-damage|p1a: Azelf|81\/292|[from] Stealth Rock
|turn|39
|
|switch|p2a: Sableye|Sableye, M|133\/304
|-damage|p2a: Sableye|95\/304|[from] Stealth Rock
|move|p1a: Azelf|Explosion|p2a: Sableye
|-immune|p2a: Sableye|[msg]
|faint|p1a: Azelf
|
|
|switch|p1a: Machamp|Machamp, M|43\/384
|-damage|p1a: Machamp|0 fnt|[from] Spikes
|faint|p1a: Machamp
|
|switch|p1a: Mienshao|Mienshao, F|149\/271
|-damage|p1a: Mienshao|104\/271|[from] Spikes
|-damage|p1a: Mienshao|88\/271|[from] Stealth Rock
|turn|40
|
|switch|p2a: Granbull|Granbull, F|363\/384 slp
|-damage|p2a: Granbull|315\/384 slp|[from] Stealth Rock
|-ability|p2a: Granbull|Intimidate|[of] p1a: Mienshao
|-unboost|p1a: Mienshao|atk|1
|move|p1a: Mienshao|High Jump Kick|p2a: Granbull
|-resisted|p2a: Granbull
|-damage|p2a: Granbull|233\/384 slp
|
|-heal|p2a: Granbull|257\/384 slp|[from] item: Leftovers
|turn|41
|
|move|p1a: Mienshao|High Jump Kick|p2a: Granbull
|-resisted|p2a: Granbull
|-damage|p2a: Granbull|182\/384 slp
|-curestatus|p2a: Granbull|slp
|move|p2a: Granbull|Roar|p1a: Mienshao
|drag|p1a: Hippowdon|Hippowdon, F|351\/420
|-damage|p1a: Hippowdon|325\/420|[from] Stealth Rock
|-damage|p1a: Hippowdon|255\/420|[from] Spikes
|-weather|Sandstorm
|
|-weather|Sandstorm|[upkeep]
|-damage|p2a: Granbull|158\/384|[from] sandstorm
|-heal|p1a: Hippowdon|281\/420|[from] item: Leftovers
|-heal|p2a: Granbull|182\/384|[from] item: Leftovers
|turn|42
|
|move|p1a: Hippowdon|Slack Off|p1a: Hippowdon
|-heal|p1a: Hippowdon|420\/420
|move|p2a: Granbull|Rest|p2a: Granbull
|-status|p2a: Granbull|slp
|-heal|p2a: Granbull|384\/384 slp|[silent]
|-status|p2a: Granbull|slp|[from] move: Rest
|
|-weather|Sandstorm|[upkeep]
|-damage|p2a: Granbull|360\/384 slp|[from] sandstorm
|-heal|p2a: Granbull|384\/384 slp|[from] item: Leftovers
|turn|43
|
|move|p1a: Hippowdon|Toxic|p2a: Granbull
|-fail|p2a: Granbull
|cant|p2a: Granbull|slp
|move|p2a: Granbull|Sleep Talk|p2a: Granbull
|move|p2a: Granbull|Roar|p1a: Hippowdon|[from]Sleep Talk
|drag|p1a: Mienshao|Mienshao, F|88\/271
|-damage|p1a: Mienshao|43\/271|[from] Spikes
|-damage|p1a: Mienshao|27\/271|[from] Stealth Rock
|
|-weather|Sandstorm|[upkeep]
|-damage|p1a: Mienshao|11\/271|[from] sandstorm
|-damage|p2a: Granbull|360\/384 slp|[from] sandstorm
|-heal|p2a: Granbull|384\/384 slp|[from] item: Leftovers
|turn|44
|
|move|p1a: Mienshao|High Jump Kick|p2a: Granbull
|-resisted|p2a: Granbull
|-damage|p2a: Granbull|263\/384 slp
|cant|p2a: Granbull|slp
|move|p2a: Granbull|Sleep Talk|p2a: Granbull
|move|p2a: Granbull|Rest|p2a: Granbull|[from]Sleep Talk
|-fail|p2a: Granbull
|
|-weather|Sandstorm|[upkeep]
|-damage|p1a: Mienshao|0 fnt|[from] sandstorm
|-damage|p2a: Granbull|239\/384 slp|[from] sandstorm
|-heal|p2a: Granbull|263\/384 slp|[from] item: Leftovers
|faint|p1a: Mienshao
|
|switch|p1a: Hippowdon|Hippowdon, F|420\/420
|-damage|p1a: Hippowdon|350\/420|[from] Spikes
|-damage|p1a: Hippowdon|324\/420|[from] Stealth Rock
|turn|45
|
|move|p1a: Hippowdon|Slack Off|p1a: Hippowdon
|-heal|p1a: Hippowdon|420\/420
|-curestatus|p2a: Granbull|slp
|move|p2a: Granbull|Play Rough|p1a: Hippowdon
|-damage|p1a: Hippowdon|347\/420
|
|-weather|none
|-heal|p1a: Hippowdon|373\/420|[from] item: Leftovers
|-heal|p2a: Granbull|287\/384|[from] item: Leftovers
|turn|46
|
|switch|p2a: Slowking|Slowking, M|346\/394
|-damage|p2a: Slowking|297\/394|[from] Stealth Rock
|move|p1a: Hippowdon|Earthquake|p2a: Slowking
|-damage|p2a: Slowking|186\/394
|
|-heal|p1a: Hippowdon|399\/420|[from] item: Leftovers
|-heal|p2a: Slowking|210\/394|[from] item: Leftovers
|turn|47
|
|move|p1a: Hippowdon|Earthquake|p2a: Slowking
|-damage|p2a: Slowking|104\/394
|move|p2a: Slowking|Scald|p1a: Hippowdon
|-supereffective|p1a: Hippowdon
|-damage|p1a: Hippowdon|157\/420
|
|-heal|p1a: Hippowdon|183\/420|[from] item: Leftovers
|-heal|p2a: Slowking|128\/394|[from] item: Leftovers
|turn|48
|
|move|p1a: Hippowdon|Toxic|p2a: Slowking
|-status|p2a: Slowking|tox
|move|p2a: Slowking|Slack Off|p2a: Slowking
|-heal|p2a: Slowking|325\/394 tox
|
|-heal|p1a: Hippowdon|209\/420|[from] item: Leftovers
|-heal|p2a: Slowking|349\/394 tox|[from] item: Leftovers
|-damage|p2a: Slowking|325\/394 tox|[from] psn
|turn|49
|
|move|p1a: Hippowdon|Slack Off|p1a: Hippowdon
|-heal|p1a: Hippowdon|419\/420
|move|p2a: Slowking|Calm Mind|p2a: Slowking
|-boost|p2a: Slowking|spa|1
|-boost|p2a: Slowking|spd|1
|
|-heal|p1a: Hippowdon|420\/420|[from] item: Leftovers
|-heal|p2a: Slowking|349\/394 tox|[from] item: Leftovers
|-damage|p2a: Slowking|301\/394 tox|[from] psn
|turn|50
|
|move|p1a: Hippowdon|Earthquake|p2a: Slowking
|-damage|p2a: Slowking|199\/394 tox
|move|p2a: Slowking|Scald|p1a: Hippowdon
|-supereffective|p1a: Hippowdon
|-damage|p1a: Hippowdon|76\/420
|
|-heal|p1a: Hippowdon|102\/420|[from] item: Leftovers
|-heal|p2a: Slowking|223\/394 tox|[from] item: Leftovers
|-damage|p2a: Slowking|151\/394 tox|[from] psn
|turn|51
|
|move|p1a: Hippowdon|Earthquake|p2a: Slowking
|-damage|p2a: Slowking|34\/394 tox
|move|p2a: Slowking|Scald|p1a: Hippowdon
|-supereffective|p1a: Hippowdon
|-damage|p1a: Hippowdon|0 fnt
|faint|p1a: Hippowdon
|
|win|oioirnambe
|raw|Ladder updating...
|raw|Pkmn Champ Lance's rating: 1595 &rarr; <strong>1573<\/strong><br \/>(-22 for losing)
|raw|oioirnambe's rating: 1547 &rarr; <strong>1570<\/strong><br \/>(+23 for winning)
|c|âoioirnambe|gg
|leave|Pkmn Champ Lance
|player|p1