|join|oioirnambe
|join|meowchievement
|player|p1|oioirnambe|247
|player|p2|meowchievement|160
|gametype|singles
|gen|6
|tier|UU
|rule|Sleep Clause Mod: Limit one foe put to sleep
|rule|Species Clause: Limit one of each PokÃ©mon
|rule|OHKO Clause: OHKO moves are banned
|rule|Moody Clause: Moody is banned
|rule|Evasion Moves Clause: Evasion moves are banned
|rule|Endless Battle Clause: Forcing endless battles is banned
|rule|HP Percentage Mod: HP is shown in percentages
|clearpoke
|poke|p1|Blissey, F
|poke|p1|Granbull, F
|poke|p1|Slowking, M
|poke|p1|Rhyperior, M
|poke|p1|Sableye, M
|poke|p1|Roserade, M
|poke|p2|Mienshao, M
|poke|p2|Machamp, F
|poke|p2|Lucario, M
|poke|p2|Froslass, F
|poke|p2|Aerodactyl, F
|poke|p2|Swampert, F
|rule|Swagger Clause: Swagger is banned
|rule|Baton Pass Clause: Limit one PokÃ©mon knowing Baton Pass
|teampreview
|
|start
|switch|p1a: Sableye|Sableye, M|304\/304
|switch|p2a: Froslass|Froslass, F|344\/344
|turn|1
|
|switch|p2a: Machamp|Machamp, F|384\/384
|move|p1a: Sableye|Taunt|p2a: Machamp
|-start|p2a: Machamp|move: Taunt
|
|turn|2
|
|switch|p1a: Granbull|Granbull, F|384\/384
|-ability|p1a: Granbull|Intimidate|[of] p2a: Machamp
|-unboost|p2a: Machamp|atk|1
|move|p2a: Machamp|Knock Off|p1a: Granbull
|-resisted|p1a: Granbull
|-damage|p1a: Granbull|347\/384
|-enditem|p1a: Granbull|Leftovers|[from] move: Knock Off|[of] p2a: Machamp
|
|turn|3
|
|switch|p2a: Swampert|Swampert, F|404\/404
|move|p1a: Granbull|Play Rough|p2a: Swampert
|-damage|p2a: Swampert|313\/404
|
|-heal|p2a: Swampert|338\/404|[from] item: Leftovers
|turn|4
|
|switch|p1a: Roserade|Roserade, M|324\/324
|move|p2a: Swampert|Stealth Rock|p1a: Roserade
|-sidestart|p1: oioirnambe|move: Stealth Rock
|
|-heal|p2a: Swampert|363\/404|[from] item: Leftovers
|turn|5
|
|switch|p2a: Aerodactyl|Aerodactyl, F|343\/343
|-ability|p2a: Aerodactyl|Pressure
|move|p1a: Roserade|Spikes|p2a: Aerodactyl
|-sidestart|p2: meowchievement|Spikes
|
|turn|6
|
|detailschange|p2a: Aerodactyl|Aerodactyl-Mega, F
|message|Aerodactyl has Mega Evolved into Mega Aerodactyl!
|move|p2a: Aerodactyl|Pursuit|p1a: Roserade|[from]Pursuit
|-damage|p1a: Roserade|129\/324
|switch|p1a: Rhyperior|Rhyperior, M|434\/434
|-damage|p1a: Rhyperior|407\/434|[from] Stealth Rock
|
|-heal|p1a: Rhyperior|434\/434|[from] item: Leftovers
|turn|7
|
|switch|p2a: Swampert|Swampert, F|363\/404
|-damage|p2a: Swampert|313\/404|[from] Spikes
|move|p1a: Rhyperior|Stealth Rock|p2a: Swampert
|-sidestart|p2: meowchievement|move: Stealth Rock
|
|-heal|p2a: Swampert|338\/404|[from] item: Leftovers
|turn|8
|
|switch|p1a: Slowking|Slowking, M|394\/394
|-damage|p1a: Slowking|345\/394|[from] Stealth Rock
|move|p2a: Swampert|Earthquake|p1a: Slowking
|-damage|p1a: Slowking|233\/394
|
|-heal|p2a: Swampert|363\/404|[from] item: Leftovers
|-heal|p1a: Slowking|257\/394|[from] item: Leftovers
|turn|9
|
|switch|p2a: Froslass|Froslass, F|344\/344
|-damage|p2a: Froslass|258\/344|[from] Stealth Rock
|-damage|p2a: Froslass|215\/344|[from] Spikes
|move|p1a: Slowking|Psyshock|p2a: Froslass
|-damage|p2a: Froslass|92\/344
|-start|p1a: Slowking|Disable|Psyshock
|
|-heal|p1a: Slowking|281\/394|[from] item: Leftovers
|turn|10
|
|move|p2a: Froslass|Spikes|p1a: Slowking
|-sidestart|p1: oioirnambe|Spikes
|move|p1a: Slowking|Scald|p2a: Froslass
|-crit|p2a: Froslass
|-damage|p2a: Froslass|0 fnt
|faint|p2a: Froslass
|
|-heal|p1a: Slowking|305\/394|[from] item: Leftovers
|join|DMT
|c|+DMT|meow
|c|+DMT|can you pb me
|c|+DMT|ur shed team???
|c|âmeowchievement|yep
|c|+DMT|ty
|leave|DMT
|
|switch|p2a: Machamp|Machamp, F|384\/384
|-damage|p2a: Machamp|336\/384|[from] Spikes
|-damage|p2a: Machamp|312\/384|[from] Stealth Rock
|turn|11
|
|switch|p1a: Granbull|Granbull, F|347\/384
|-damage|p1a: Granbull|299\/384|[from] Spikes
|-damage|p1a: Granbull|251\/384|[from] Stealth Rock
|-ability|p1a: Granbull|Intimidate|[of] p2a: Machamp
|-unboost|p2a: Machamp|atk|1
|move|p2a: Machamp|Knock Off|p1a: Granbull
|-resisted|p1a: Granbull
|-damage|p1a: Granbull|224\/384
|
|turn|12
|
|move|p2a: Machamp|Heavy Slam|p1a: Granbull
|-supereffective|p1a: Granbull
|-damage|p1a: Granbull|124\/384
|move|p1a: Granbull|Play Rough|p2a: Machamp
|-supereffective|p2a: Machamp
|-damage|p2a: Machamp|6\/384
|
|turn|13
|
|move|p2a: Machamp|Heavy Slam|p1a: Granbull
|-supereffective|p1a: Granbull
|-damage|p1a: Granbull|38\/384
|move|p1a: Granbull|Rest|p1a: Granbull
|-status|p1a: Granbull|slp
|-heal|p1a: Granbull|384\/384 slp|[silent]
|-status|p1a: Granbull|slp|[from] move: Rest
|
|turn|14
|
|move|p2a: Machamp|Heavy Slam|p1a: Granbull
|-supereffective|p1a: Granbull
|-damage|p1a: Granbull|294\/384 slp
|cant|p1a: Granbull|slp
|move|p1a: Granbull|Sleep Talk|p1a: Granbull
|move|p1a: Granbull|Play Rough|p2a: Machamp|[from]Sleep Talk
|-supereffective|p2a: Machamp
|-damage|p2a: Machamp|0 fnt
|faint|p2a: Machamp
|
|
|switch|p2a: Swampert|Swampert, F|363\/404
|-damage|p2a: Swampert|338\/404|[from] Stealth Rock
|-damage|p2a: Swampert|288\/404|[from] Spikes
|turn|15
|
|cant|p1a: Granbull|slp
|move|p1a: Granbull|Sleep Talk|p1a: Granbull
|move|p1a: Granbull|Play Rough|p2a: Swampert|[from]Sleep Talk
|-damage|p2a: Swampert|185\/404
|move|p2a: Swampert|Roar|p1a: Granbull
|drag|p1a: Roserade|Roserade, M|129\/324
|-damage|p1a: Roserade|89\/324|[from] Stealth Rock
|-damage|p1a: Roserade|49\/324|[from] Spikes
|
|-heal|p1a: Roserade|69\/324|[from] item: Black Sludge
|-heal|p2a: Swampert|210\/404|[from] item: Leftovers
|turn|16
|
|move|p1a: Roserade|Synthesis|p1a: Roserade
|-heal|p1a: Roserade|231\/324
|move|p2a: Swampert|Earthquake|p1a: Roserade
|-damage|p1a: Roserade|36\/324
|
|-heal|p1a: Roserade|56\/324|[from] item: Black Sludge
|-heal|p2a: Swampert|235\/404|[from] item: Leftovers
|turn|17
|
|move|p1a: Roserade|Toxic Spikes|p2a: Swampert
|-sidestart|p2: meowchievement|move: Toxic Spikes
|move|p2a: Swampert|Earthquake|p1a: Roserade
|-damage|p1a: Roserade|0 fnt
|faint|p1a: Roserade
|
|-heal|p2a: Swampert|260\/404|[from] item: Leftovers
|
|switch|p1a: Slowking|Slowking, M|394\/394
|-damage|p1a: Slowking|345\/394|[from] Stealth Rock
|-damage|p1a: Slowking|296\/394|[from] Spikes
|turn|18
|
|move|p2a: Swampert|Earthquake|p1a: Slowking
|-damage|p1a: Slowking|194\/394
|move|p1a: Slowking|Scald|p2a: Swampert
|-damage|p2a: Swampert|157\/404
|
|-heal|p2a: Swampert|182\/404|[from] item: Leftovers
|-heal|p1a: Slowking|218\/394|[from] item: Leftovers
|turn|19
|
|move|p2a: Swampert|Scald|p1a: Slowking
|-resisted|p1a: Slowking
|-damage|p1a: Slowking|177\/394
|move|p1a: Slowking|Slack Off|p1a: Slowking
|-heal|p1a: Slowking|374\/394
|
|-heal|p2a: Swampert|207\/404|[from] item: Leftovers
|-heal|p1a: Slowking|394\/394|[from] item: Leftovers
|turn|20
|
|move|p2a: Swampert|Scald|p1a: Slowking
|-resisted|p1a: Slowking
|-damage|p1a: Slowking|355\/394
|move|p1a: Slowking|Scald|p2a: Swampert
|-damage|p2a: Swampert|99\/404
|
|-heal|p2a: Swampert|124\/404|[from] item: Leftovers
|-heal|p1a: Slowking|379\/394|[from] item: Leftovers
|turn|21
|
|move|p2a: Swampert|Earthquake|p1a: Slowking
|-crit|p1a: Slowking
|-damage|p1a: Slowking|208\/394
|move|p1a: Slowking|Calm Mind|p1a: Slowking
|-boost|p1a: Slowking|spa|1
|-boost|p1a: Slowking|spd|1
|
|-heal|p2a: Swampert|149\/404|[from] item: Leftovers
|-heal|p1a: Slowking|232\/394|[from] item: Leftovers
|turn|22
|
|move|p2a: Swampert|Earthquake|p1a: Slowking
|-damage|p1a: Slowking|132\/394
|move|p1a: Slowking|Scald|p2a: Swampert
|-damage|p2a: Swampert|0 fnt
|faint|p2a: Swampert
|
|-heal|p1a: Slowking|156\/394|[from] item: Leftovers
|
|switch|p2a: Mienshao|Mienshao, M|271\/271
|-damage|p2a: Mienshao|238\/271|[from] Spikes
|-status|p2a: Mienshao|psn
|-damage|p2a: Mienshao|222\/271 psn|[from] Stealth Rock
|turn|23
|
|move|p2a: Mienshao|U-turn|p1a: Slowking
|-supereffective|p1a: Slowking
|-damage|p1a: Slowking|24\/394
|
|switch|p2a: Aerodactyl|Aerodactyl-Mega, F|343\/343
|-damage|p2a: Aerodactyl|258\/343|[from] Stealth Rock
|move|p1a: Slowking|Slack Off|p1a: Slowking
|-heal|p1a: Slowking|221\/394
|
|-heal|p1a: Slowking|245\/394|[from] item: Leftovers
|turn|24
|join|SpecsShao
|leave|SpecsShao
|
|move|p2a: Aerodactyl|Pursuit|p1a: Slowking
|-supereffective|p1a: Slowking
|-damage|p1a: Slowking|137\/394
|move|p1a: Slowking|Slack Off|p1a: Slowking
|-heal|p1a: Slowking|334\/394
|
|-heal|p1a: Slowking|358\/394|[from] item: Leftovers
|turn|25
|
|move|p2a: Aerodactyl|Stone Edge|p1a: Slowking
|-crit|p1a: Slowking
|-damage|p1a: Slowking|145\/394
|move|p1a: Slowking|Scald|p2a: Aerodactyl
|-supereffective|p2a: Aerodactyl
|-damage|p2a: Aerodactyl|0 fnt
|faint|p2a: Aerodactyl
|
|-heal|p1a: Slowking|169\/394|[from] item: Leftovers
|join|Zelrac
|
|switch|p2a: Mienshao|Mienshao, M|222\/271 psn
|-damage|p2a: Mienshao|189\/271 psn|[from] Spikes
|-damage|p2a: Mienshao|173\/271 psn|[from] Stealth Rock
|turn|26
|
|switch|p1a: Granbull|Granbull, F|294\/384 slp
|-damage|p1a: Granbull|246\/384 slp|[from] Spikes
|-damage|p1a: Granbull|198\/384 slp|[from] Stealth Rock
|-ability|p1a: Granbull|Intimidate|[of] p2a: Mienshao
|-unboost|p2a: Mienshao|atk|1
|move|p2a: Mienshao|Knock Off|p1a: Granbull
|-resisted|p1a: Granbull
|-damage|p1a: Granbull|175\/384 slp
|
|-damage|p2a: Mienshao|140\/271 psn|[from] psn
|turn|27
|leave|Zelrac
|
|switch|p2a: Lucario|Lucario, M|281\/281
|-damage|p2a: Lucario|273\/281|[from] Stealth Rock
|-damage|p2a: Lucario|238\/281|[from] Spikes
|-curestatus|p1a: Granbull|slp
|move|p1a: Granbull|Play Rough|p2a: Lucario
|-damage|p2a: Lucario|67\/281
|
|turn|28
|join|onom
|
|move|p2a: Lucario|Earthquake|p1a: Granbull
|-damage|p1a: Granbull|42\/384
|-damage|p2a: Lucario|39\/281|[from] item: Life Orb
|move|p1a: Granbull|Play Rough|p2a: Lucario
|-damage|p2a: Lucario|0 fnt
|faint|p2a: Lucario
|
|join|TestingStuffy
|c|âmeowchievement|gg
|
|switch|p2a: Mienshao|Mienshao, M|140\/271 psn
|-damage|p2a: Mienshao|107\/271 psn|[from] Spikes
|-damage|p2a: Mienshao|91\/271 psn|[from] Stealth Rock
|turn|29
|
|move|p2a: Mienshao|Knock Off|p1a: Granbull
|-resisted|p1a: Granbull
|-damage|p1a: Granbull|12\/384
|move|p1a: Granbull|Play Rough|p2a: Mienshao
|-supereffective|p2a: Mienshao
|-damage|p2a: Mienshao|0 fnt
|faint|p2a: Mienshao
|
|win|oioirnambe
|c|âoioirnambe|gg
|leave|meowchievement
|player|p2
|leave|onom
|leave|TestingStuffy