|join|Adil UU :C
|join|oioirnambe
|player|p1|Adil UU :C|1
|player|p2|oioirnambe|247
|gametype|singles
|gen|6
|tier|UU
|rated
|rule|Sleep Clause Mod: Limit one foe put to sleep
|rule|Species Clause: Limit one of each PokÃ©mon
|rule|OHKO Clause: OHKO moves are banned
|rule|Moody Clause: Moody is banned
|rule|Evasion Moves Clause: Evasion moves are banned
|rule|Endless Battle Clause: Forcing endless battles is banned
|rule|HP Percentage Mod: HP is shown in percentages
|clearpoke
|poke|p1|Alakazam, M
|poke|p1|Hydreigon, F
|poke|p1|Crobat, F
|poke|p1|Suicune
|poke|p1|Blissey, F
|poke|p1|Darmanitan, F
|poke|p2|Magneton
|poke|p2|Mienshao, M
|poke|p2|Dugtrio, F
|poke|p2|Crobat, F
|poke|p2|Slurpuff, M
|poke|p2|Krookodile, M
|rule|Swagger Clause: Swagger is banned
|rule|Baton Pass Clause: Limit one PokÃ©mon knowing Baton Pass
|teampreview
|
|start
|switch|p1a: Crobat|Crobat, F|311\/311
|switch|p2a: Mienshao|Mienshao, M|271\/271
|turn|1
|
|move|p2a: Mienshao|Fake Out|p1a: Crobat
|-damage|p1a: Crobat|241\/311
|-damage|p2a: Mienshao|244\/271|[from] item: Life Orb
|cant|p1a: Crobat|flinch
|
|-heal|p1a: Crobat|260\/311|[from] item: Black Sludge
|turn|2
|
|switch|p2a: Magneton|Magneton|242\/242
|move|p1a: Crobat|U-turn|p2a: Magneton
|-resisted|p2a: Magneton
|-damage|p2a: Magneton|207\/242
|
|switch|p1a: Darmanitan|Darmanitan, F|351\/351
|
|turn|3
|join|Hairy Toenail $_$
|
|switch|p2a: Krookodile|Krookodile, M|393\/393
|-ability|p2a: Krookodile|Intimidate|[of] p1a: Darmanitan
|-unboost|p1a: Darmanitan|atk|1
|move|p1a: Darmanitan|Flare Blitz|p2a: Krookodile
|-damage|p2a: Krookodile|54\/393
|-damage|p1a: Darmanitan|239\/351|[from] recoil|[of] p2a: Krookodile
|
|turn|4
|
|move|p1a: Darmanitan|Flare Blitz|p2a: Krookodile
|-damage|p2a: Krookodile|0 fnt
|-damage|p1a: Darmanitan|221\/351|[from] recoil|[of] p2a: Krookodile
|faint|p2a: Krookodile
|
|
|switch|p2a: Dugtrio|Dugtrio, F|211\/211
|turn|5
|
|move|p2a: Dugtrio|Earthquake|p1a: Darmanitan
|-crit|p1a: Darmanitan
|-supereffective|p1a: Darmanitan
|-damage|p1a: Darmanitan|0 fnt
|faint|p1a: Darmanitan
|
|c| Hairy Toenail $_$|wow wheres the scarf
|c|âAdil UU :C|pls
|c|âAdil UU :C|:>
|
|switch|p1a: Crobat|Crobat, F|260\/311
|turn|6
|c| Hairy Toenail $_$|sash please
|
|move|p1a: Crobat|U-turn|p2a: Dugtrio
|-damage|p2a: Dugtrio|99\/211
|
|switch|p1a: Suicune|Suicune|404\/404
|-ability|p1a: Suicune|Pressure
|move|p2a: Dugtrio|Stealth Rock|p1a: Suicune
|-sidestart|p1: Adil UU :C|move: Stealth Rock
|
|turn|7
|
|switch|p2a: Magneton|Magneton|207\/242
|move|p1a: Suicune|Scald|p2a: Magneton
|-damage|p2a: Magneton|83\/242
|
|turn|8
|
|switch|p1a: Blissey|Blissey, F|714\/714
|-damage|p1a: Blissey|625\/714|[from] Stealth Rock
|move|p2a: Magneton|Volt Switch|p1a: Blissey
|-damage|p1a: Blissey|474\/714
|join|Cranham
|
|switch|p2a: Mienshao|Mienshao, M|271\/271
|
|-heal|p1a: Blissey|518\/714|[from] item: Leftovers
|turn|9
|c| Hairy Toenail $_$|sub shao
|
|switch|p1a: Suicune|Suicune|404\/404
|-damage|p1a: Suicune|354\/404|[from] Stealth Rock
|-ability|p1a: Suicune|Pressure
|move|p2a: Mienshao|Knock Off|p1a: Suicune
|-damage|p1a: Suicune|254\/404
|-enditem|p1a: Suicune|Leftovers|[from] move: Knock Off|[of] p2a: Mienshao
|-damage|p2a: Mienshao|244\/271|[from] item: Life Orb
|
|turn|10
|
|move|p2a: Mienshao|High Jump Kick|p1a: Suicune
|-damage|p1a: Suicune|79\/404
|-damage|p2a: Mienshao|217\/271|[from] item: Life Orb
|move|p1a: Suicune|Scald|p2a: Mienshao
|-damage|p2a: Mienshao|88\/271
|
|turn|11
|
|switch|p1a: Crobat|Crobat, F|260\/311
|-damage|p1a: Crobat|183\/311|[from] Stealth Rock
|move|p2a: Mienshao|High Jump Kick|p1a: Crobat
|-crit|p1a: Crobat
|-resisted|p1a: Crobat
|-damage|p1a: Crobat|49\/311
|-damage|p2a: Mienshao|61\/271|[from] item: Life Orb
|
|-heal|p1a: Crobat|68\/311|[from] item: Black Sludge
|turn|12
|join|Zach1231
|
|switch|p2a: Crobat|Crobat, F|323\/323
|move|p1a: Crobat|Roost|p1a: Crobat
|-heal|p1a: Crobat|224\/311
|
|-heal|p1a: Crobat|243\/311|[from] item: Black Sludge
|turn|13
|c|+Cranham|wow hacking
|
|move|p2a: Crobat|Brave Bird|p1a: Crobat
|-damage|p1a: Crobat|24\/311
|-damage|p2a: Crobat|251\/323|[from] recoil|[of] p1a: Crobat
|move|p1a: Crobat|Defog|p2a: Crobat
|-unboost|p2a: Crobat|evasion|1
|-sideend|p1: Adil UU :C|Stealth Rock|[from] move: Defog|[of] p1a: Crobat
|
|-heal|p1a: Crobat|43\/311|[from] item: Black Sludge
|turn|14
|
|move|p2a: Crobat|Brave Bird|p1a: Crobat
|-damage|p1a: Crobat|0 fnt
|-damage|p2a: Crobat|237\/323|[from] recoil|[of] p1a: Crobat
|faint|p1a: Crobat
|
|c|âAdil UU :C|mfw he wins both speed ties
|c| Hairy Toenail $_$|scarf bat
|c|âAdil UU :C|seems legit
|c|âAdil UU :C|.3.
|
|switch|p1a: Hydreigon|Hydreigon, F|325\/325
|turn|15
|
|move|p2a: Crobat|Brave Bird|p1a: Hydreigon
|-damage|p1a: Hydreigon|117\/325
|-damage|p2a: Crobat|168\/323|[from] recoil|[of] p1a: Hydreigon
|move|p1a: Hydreigon|U-turn|p2a: Crobat
|-resisted|p2a: Crobat
|-damage|p2a: Crobat|150\/323
|c|âAdil UU :C|mfw
|c| Hairy Toenail $_$|what did i say
|
|switch|p1a: Blissey|Blissey, F|518\/714
|
|-heal|p1a: Blissey|562\/714|[from] item: Leftovers
|turn|16
|join|horsehead3
|c| Zach1231|tairy hoenail
|
|switch|p2a: Mienshao|Mienshao, M|151\/271
|move|p1a: Blissey|Soft-Boiled|p1a: Blissey
|-heal|p1a: Blissey|714\/714
|
|turn|17
|
|switch|p1a: Suicune|Suicune|79\/404
|-ability|p1a: Suicune|Pressure
|move|p2a: Mienshao|High Jump Kick|p1a: Suicune
|-damage|p1a: Suicune|0 fnt
|-damage|p2a: Mienshao|124\/271|[from] item: Life Orb
|faint|p1a: Suicune
|
|
|switch|p1a: Alakazam|Alakazam, M|251\/251
|turn|18
|c| Hairy Toenail $_$|nice protect
|c|âAdil UU :C|Its a speed tie again
|c|âAdil UU :C|:\
|c| Hairy Toenail $_$|are you modest
|c|âAdil UU :C|yea
|c| Hairy Toenail $_$|lol
|
|switch|p2a: Dugtrio|Dugtrio, F|99\/211
|detailschange|p1a: Alakazam|Alakazam-Mega, M
|message|Alakazam has Mega Evolved into Mega Alakazam!
|-ability|p1a: Alakazam|Arena Trap|[from] ability: Trace|[of] p2a: Dugtrio
|move|p1a: Alakazam|Shadow Ball|p2a: Dugtrio
|-damage|p2a: Dugtrio|0 fnt
|faint|p2a: Dugtrio
|
|
|switch|p2a: Crobat|Crobat, F|150\/323
|turn|19
|c|âAdil UU :C|arena trap mega zam
|c|âAdil UU :C|new meta imo
|
|switch|p1a: Blissey|Blissey, F|714\/714
|move|p2a: Crobat|U-turn|p1a: Blissey
|-damage|p1a: Blissey|579\/714
|
|switch|p2a: Mienshao|Mienshao, M|214\/271
|
|-heal|p1a: Blissey|623\/714|[from] item: Leftovers
|turn|20
|leave|Zach1231
|
|switch|p1a: Hydreigon|Hydreigon, F|117\/325
|move|p2a: Mienshao|Knock Off|p1a: Hydreigon
|-resisted|p1a: Hydreigon
|-damage|p1a: Hydreigon|39\/325
|-enditem|p1a: Hydreigon|Choice Specs|[from] move: Knock Off|[of] p2a: Mienshao
|-damage|p2a: Mienshao|187\/271|[from] item: Life Orb
|
|turn|21
|c|âAdil UU :C|miss imo tbh
|leave|horsehead3
|
|move|p2a: Mienshao|U-turn|p1a: Hydreigon
|-crit|p1a: Hydreigon
|-supereffective|p1a: Hydreigon
|-damage|p1a: Hydreigon|0 fnt
|-damage|p2a: Mienshao|160\/271|[from] item: Life Orb
|faint|p1a: Hydreigon
|c|âAdil UU :C|aww
|
|switch|p2a: Crobat|Crobat, F|150\/323
|
|
|switch|p1a: Blissey|Blissey, F|623\/714
|turn|22
|
|move|p2a: Crobat|U-turn|p1a: Blissey
|-damage|p1a: Blissey|497\/714
|
|switch|p2a: Slurpuff|Slurpuff, M|312\/312
|move|p1a: Blissey|Seismic Toss|p2a: Slurpuff
|-damage|p2a: Slurpuff|212\/312
|
|-heal|p1a: Blissey|541\/714|[from] item: Leftovers
|turn|23
|
|move|p2a: Slurpuff|Belly Drum|p2a: Slurpuff
|-damage|p2a: Slurpuff|56\/312
|-setboost|p2a: Slurpuff|atk|6|[from] move: Belly Drum
|-enditem|p2a: Slurpuff|Sitrus Berry|[eat]
|-heal|p2a: Slurpuff|134\/312|[from] item: Sitrus Berry
|move|p1a: Blissey|Seismic Toss|p2a: Slurpuff
|-damage|p2a: Slurpuff|34\/312
|
|-heal|p1a: Blissey|585\/714|[from] item: Leftovers
|turn|24
|
|move|p2a: Slurpuff|Return|p1a: Blissey
|-damage|p1a: Blissey|0 fnt
|faint|p1a: Blissey
|
|
|switch|p1a: Alakazam|Alakazam-Mega, M|251\/251
|-ability|p1a: Alakazam|Unburden|[from] ability: Trace|[of] p2a: Slurpuff
|turn|25
|
|move|p2a: Slurpuff|Return|p1a: Alakazam
|-damage|p1a: Alakazam|0 fnt
|faint|p1a: Alakazam
|
|win|oioirnambe
|raw|Ladder updating...
|c|âoioirnambe|gg
|raw|Adil UU :C's rating: 1613 &rarr; <strong>1586<\/strong><br \/>(-27 for losing)
|raw|oioirnambe's rating: 1501 &rarr; <strong>1527<\/strong><br \/>(+26 for winning)
|c|âAdil UU :C|gg
|leave|Adil UU :C
|player|p1
|leave|Hairy Toenail $_$