|join|SpecsPrimeape
|join|oioirnambe
|player|p1|SpecsPrimeape|58
|player|p2|oioirnambe|72
|gametype|singles
|gen|6
|tier|UU
|rated
|rule|Sleep Clause Mod: Limit one foe put to sleep
|rule|Species Clause: Limit one of each Pokemon
|rule|OHKO Clause: OHKO moves are banned
|rule|Moody Clause: Moody is banned
|rule|Evasion Moves Clause: Evasion moves are banned
|rule|Endless Battle Clause: Forcing endless battles is banned
|rule|HP Percentage Mod: HP is reported as percentages
|clearpoke
|poke|p1|Pangoro, M
|poke|p1|Miltank, F
|poke|p1|Blissey, F
|poke|p1|Toxicroak, M
|poke|p1|Tentacruel, F
|poke|p1|Gastrodon, M
|poke|p2|Slowking, F
|poke|p2|Amoonguss, F
|poke|p2|Alomomola, M
|poke|p2|Tangrowth, M
|poke|p2|Mienshao, F
|poke|p2|Victini
|rule|Baton Pass Clause: Limit 3 pokemon knowing Baton Pass
|teampreview
|
|start
|switch|p1a: Pangoro|Pangoro, M|331\/331
|switch|p2a: Mienshao|Mienshao, F|271\/271
|turn|1
|
|move|p1a: Pangoro|Parting Shot|p2a: Mienshao
|-unboost|p2a: Mienshao|atk|1
|-unboost|p2a: Mienshao|spa|1
|
|switch|p1a: Tentacruel|Tentacruel, F|363\/363
|move|p2a: Mienshao|High Jump Kick|p1a: Tentacruel|[miss]
|-miss|p2a: Mienshao|p1a: Tentacruel
|-damage|p2a: Mienshao|136\/271|[from] highjumpkick
|
|turn|2
|
|switch|p2a: Amoonguss|Amoonguss, F|432\/432
|move|p1a: Tentacruel|Protect|p1a: Tentacruel
|-fail|p1a: Tentacruel
|
|turn|3
|
|move|p1a: Tentacruel|Toxic Spikes|p2a: Amoonguss
|-sidestart|p2: oioirnambe|move: Toxic Spikes
|move|p2a: Amoonguss|Giga Drain|p1a: Tentacruel
|-damage|p1a: Tentacruel|293\/363
|-damage|p2a: Amoonguss|397\/432|[from] ability: Liquid Ooze|[of] p1a: Tentacruel
|
|-heal|p1a: Tentacruel|315\/363|[from] item: Black Sludge
|turn|4
|
|move|p1a: Tentacruel|Toxic Spikes|p2a: Amoonguss
|-sidestart|p2: oioirnambe|move: Toxic Spikes
|move|p2a: Amoonguss|Foul Play|p1a: Tentacruel
|-damage|p1a: Tentacruel|271\/363
|
|-heal|p1a: Tentacruel|293\/363|[from] item: Black Sludge
|turn|5
|
|move|p1a: Tentacruel|Scald|p2a: Amoonguss
|-resisted|p2a: Amoonguss
|-damage|p2a: Amoonguss|375\/432
|move|p2a: Amoonguss|Foul Play|p1a: Tentacruel
|-damage|p1a: Tentacruel|247\/363
|
|-heal|p1a: Tentacruel|269\/363|[from] item: Black Sludge
|turn|6
|
|move|p1a: Tentacruel|Scald|p2a: Amoonguss
|-resisted|p2a: Amoonguss
|-damage|p2a: Amoonguss|355\/432
|move|p2a: Amoonguss|Sludge Bomb|p1a: Tentacruel
|-resisted|p1a: Tentacruel
|-damage|p1a: Tentacruel|230\/363
|
|-heal|p1a: Tentacruel|252\/363|[from] item: Black Sludge
|turn|7
|
|switch|p2a: Slowking|Slowking, F|394\/394
|-status|p2a: Slowking|tox
|move|p1a: Tentacruel|Scald|p2a: Slowking
|-resisted|p2a: Slowking
|-damage|p2a: Slowking|368\/394 tox
|
|-heal|p1a: Tentacruel|274\/363|[from] item: Black Sludge
|-damage|p2a: Slowking|344\/394 tox|[from] psn
|turn|8
|
|switch|p1a: Pangoro|Pangoro, M|331\/331
|move|p2a: Slowking|Scald|p1a: Pangoro
|-damage|p1a: Pangoro|169\/331
|
|-damage|p2a: Slowking|296\/394 tox|[from] psn
|turn|9
|
|switch|p2a: Amoonguss|Amoonguss, F|432\/432
|-sideend|p2: oioirnambe|move: Toxic Spikes|[of] p2a: Amoonguss
|move|p1a: Pangoro|Parting Shot|p2a: Amoonguss
|-unboost|p2a: Amoonguss|atk|1
|-unboost|p2a: Amoonguss|spa|1
|
|switch|p1a: Miltank|Miltank, F|390\/390
|
|turn|10
|
|move|p1a: Miltank|Stealth Rock|p2a: Amoonguss
|-sidestart|p2: oioirnambe|move: Stealth Rock
|move|p2a: Amoonguss|Sludge Bomb|p1a: Miltank
|-damage|p1a: Miltank|326\/390
|
|-heal|p1a: Miltank|350\/390|[from] item: Leftovers
|turn|11
|
|move|p1a: Miltank|Body Slam|p2a: Amoonguss
|-damage|p2a: Amoonguss|321\/432
|-status|p2a: Amoonguss|par
|move|p2a: Amoonguss|Sludge Bomb|p1a: Miltank
|-crit|p1a: Miltank
|-damage|p1a: Miltank|206\/390
|
|-heal|p1a: Miltank|230\/390|[from] item: Leftovers
|turn|12
|
|move|p1a: Miltank|Power-Up Punch|p2a: Amoonguss
|-resisted|p2a: Amoonguss
|-damage|p2a: Amoonguss|303\/432 par
|-boost|p1a: Miltank|atk|1
|cant|p2a: Amoonguss|par
|
|-heal|p1a: Miltank|254\/390|[from] item: Leftovers
|turn|13
|
|move|p1a: Miltank|Body Slam|p2a: Amoonguss
|-damage|p2a: Amoonguss|138\/432 par
|move|p2a: Amoonguss|Clear Smog|p1a: Miltank
|-damage|p1a: Miltank|218\/390
|-clearboost|p1a: Miltank
|
|-heal|p1a: Miltank|242\/390|[from] item: Leftovers
|turn|14
|
|switch|p2a: Alomomola|Alomomola, M|534\/534
|-damage|p2a: Alomomola|468\/534|[from] Stealth Rock
|move|p1a: Miltank|Body Slam|p2a: Alomomola
|-damage|p2a: Alomomola|401\/534
|
|-heal|p1a: Miltank|266\/390|[from] item: Leftovers
|-heal|p2a: Alomomola|434\/534|[from] item: Leftovers
|turn|15
|
|move|p1a: Miltank|Power-Up Punch|p2a: Alomomola
|-damage|p2a: Alomomola|410\/534
|-boost|p1a: Miltank|atk|1
|move|p2a: Alomomola|Knock Off|p1a: Miltank
|-damage|p1a: Miltank|204\/390
|-enditem|p1a: Miltank|Leftovers|[from] move: Knock Off|[of] p2a: Alomomola
|
|-heal|p2a: Alomomola|443\/534|[from] item: Leftovers
|turn|16
|
|move|p1a: Miltank|Milk Drink|p1a: Miltank
|-heal|p1a: Miltank|390\/390
|move|p2a: Alomomola|Toxic|p1a: Miltank
|-status|p1a: Miltank|tox
|
|-heal|p2a: Alomomola|476\/534|[from] item: Leftovers
|-damage|p1a: Miltank|366\/390 tox|[from] psn
|turn|17
|
|move|p2a: Alomomola|Protect|p2a: Alomomola
|-singleturn|p2a: Alomomola|Protect
|move|p1a: Miltank|Body Slam|p2a: Alomomola
|-activate|p2a: Alomomola|Protect
|
|-heal|p2a: Alomomola|509\/534|[from] item: Leftovers
|-damage|p1a: Miltank|318\/390 tox|[from] psn
|turn|18
|
|move|p1a: Miltank|Body Slam|p2a: Alomomola
|-damage|p2a: Alomomola|407\/534
|move|p2a: Alomomola|Wish|p2a: Alomomola
|
|-heal|p2a: Alomomola|440\/534|[from] item: Leftovers
|-damage|p1a: Miltank|246\/390 tox|[from] psn
|turn|19
|
|switch|p1a: Toxicroak|Toxicroak, M|308\/308
|move|p2a: Alomomola|Knock Off|p1a: Toxicroak
|-resisted|p1a: Toxicroak
|-damage|p1a: Toxicroak|266\/308
|-enditem|p1a: Toxicroak|Life Orb|[from] move: Knock Off|[of] p2a: Alomomola
|
|-heal|p2a: Alomomola|534\/534|[from] move: Wish|[wisher] Alomomola
|turn|20
|
|move|p1a: Toxicroak|Swords Dance|p1a: Toxicroak
|-boost|p1a: Toxicroak|atk|2
|move|p2a: Alomomola|Wish|p2a: Alomomola
|
|turn|21
|
|switch|p2a: Amoonguss|Amoonguss, F|282\/432 par
|-damage|p2a: Amoonguss|228\/432 par|[from] Stealth Rock
|move|p1a: Toxicroak|Swords Dance|p1a: Toxicroak
|-boost|p1a: Toxicroak|atk|2
|
|-heal|p2a: Amoonguss|432\/432 par|[from] move: Wish|[wisher] Alomomola
|turn|22
|
|move|p1a: Toxicroak|Poison Jab|p2a: Amoonguss
|-damage|p2a: Amoonguss|0 fnt
|faint|p2a: Amoonguss
|
|
|switch|p2a: Mienshao|Mienshao, F|226\/271
|-damage|p2a: Mienshao|210\/271|[from] Stealth Rock
|turn|23
|
|move|p1a: Toxicroak|Sucker Punch|p2a: Mienshao
|-crit|p2a: Mienshao
|-resisted|p2a: Mienshao
|-damage|p2a: Mienshao|0 fnt
|faint|p2a: Mienshao
|
|
|switch|p2a: Victini|Victini|341\/341
|-damage|p2a: Victini|256\/341|[from] Stealth Rock
|turn|24
|
|move|p1a: Toxicroak|Sucker Punch|p2a: Victini
|-fail|p2a: Victini
|move|p2a: Victini|Trick|p1a: Toxicroak
|-activate|p2a: Victini|move: Trick|[of] p1a: Toxicroak
|-item|p1a: Toxicroak|Choice Scarf|[from] move: Trick
|
|turn|25
|
|move|p1a: Toxicroak|Sucker Punch|p2a: Victini
|-supereffective|p2a: Victini
|-damage|p2a: Victini|0 fnt
|faint|p2a: Victini
|
|
|switch|p2a: Alomomola|Alomomola, M|534\/534
|-damage|p2a: Alomomola|468\/534|[from] Stealth Rock
|turn|26
|
|switch|p1a: Tentacruel|Tentacruel, F|274\/363
|move|p2a: Alomomola|Wish|p2a: Alomomola
|
|-heal|p1a: Tentacruel|296\/363|[from] item: Black Sludge
|-heal|p2a: Alomomola|501\/534|[from] item: Leftovers
|turn|27
|
|switch|p1a: Toxicroak|Toxicroak, M|266\/308
|switch|p2a: Tangrowth|Tangrowth, M|362\/362
|-damage|p2a: Tangrowth|317\/362|[from] Stealth Rock
|
|-heal|p2a: Tangrowth|362\/362|[from] move: Wish|[wisher] Alomomola
|turn|28
|
|switch|p1a: Tentacruel|Tentacruel, F|296\/363
|move|p2a: Tangrowth|Earthquake|p1a: Tentacruel
|-supereffective|p1a: Tentacruel
|-damage|p1a: Tentacruel|120\/363
|
|-heal|p1a: Tentacruel|142\/363|[from] item: Black Sludge
|turn|29
|
|move|p1a: Tentacruel|Toxic Spikes|p2a: Tangrowth
|-sidestart|p2: oioirnambe|move: Toxic Spikes
|move|p2a: Tangrowth|Earthquake|p1a: Tentacruel
|-supereffective|p1a: Tentacruel
|-damage|p1a: Tentacruel|0 fnt
|faint|p1a: Tentacruel
|
|
|switch|p1a: Pangoro|Pangoro, M|169\/331
|turn|30
|
|move|p1a: Pangoro|Parting Shot|p2a: Tangrowth
|-unboost|p2a: Tangrowth|atk|1
|-unboost|p2a: Tangrowth|spa|1
|
|switch|p1a: Toxicroak|Toxicroak, M|266\/308
|move|p2a: Tangrowth|Earthquake|p1a: Toxicroak
|-supereffective|p1a: Toxicroak
|-damage|p1a: Toxicroak|118\/308
|
|turn|31
|
|switch|p1a: Pangoro|Pangoro, M|169\/331
|move|p2a: Tangrowth|Earthquake|p1a: Pangoro
|-damage|p1a: Pangoro|101\/331
|
|turn|32
|
|move|p1a: Pangoro|Parting Shot|p2a: Tangrowth
|-unboost|p2a: Tangrowth|atk|1
|-unboost|p2a: Tangrowth|spa|1
|
|switch|p1a: Gastrodon|Gastrodon, M|426\/426
|move|p2a: Tangrowth|Earthquake|p1a: Gastrodon
|-damage|p1a: Gastrodon|380\/426
|
|-heal|p1a: Gastrodon|406\/426|[from] item: Leftovers
|turn|33
|
|move|p2a: Tangrowth|Knock Off|p1a: Gastrodon
|-damage|p1a: Gastrodon|360\/426
|-enditem|p1a: Gastrodon|Leftovers|[from] move: Knock Off|[of] p2a: Tangrowth
|move|p1a: Gastrodon|Toxic|p2a: Tangrowth
|-status|p2a: Tangrowth|tox
|
|-damage|p2a: Tangrowth|340\/362 tox|[from] psn
|turn|34
|
|switch|p1a: Pangoro|Pangoro, M|101\/331
|move|p2a: Tangrowth|Power Whip|p1a: Pangoro
|-damage|p1a: Pangoro|1\/331
|
|-damage|p2a: Tangrowth|296\/362 tox|[from] psn
|turn|35
|
|move|p1a: Pangoro|Parting Shot|p2a: Tangrowth
|-unboost|p2a: Tangrowth|atk|1
|-unboost|p2a: Tangrowth|spa|1
|
|switch|p1a: Blissey|Blissey, F|714\/714
|move|p2a: Tangrowth|Knock Off|p1a: Blissey
|-damage|p1a: Blissey|652\/714
|-enditem|p1a: Blissey|Leftovers|[from] move: Knock Off|[of] p2a: Tangrowth
|
|-damage|p2a: Tangrowth|230\/362 tox|[from] psn
|turn|36
|
|switch|p2a: Slowking|Slowking, F|394\/394 tox
|-damage|p2a: Slowking|345\/394 tox|[from] Stealth Rock
|move|p1a: Blissey|Heal Bell|p1a: Blissey
|-cureteam|p1a: Blissey|[from] move: HealBell
|
|-damage|p2a: Slowking|321\/394 tox|[from] psn
|turn|37
|
|switch|p1a: Pangoro|Pangoro, M|1\/331
|move|p2a: Slowking|Scald|p1a: Pangoro
|-damage|p1a: Pangoro|0 fnt
|faint|p1a: Pangoro
|
|-damage|p2a: Slowking|273\/394 tox|[from] psn
|
|switch|p1a: Gastrodon|Gastrodon, M|360\/426
|turn|38
|
|move|p1a: Gastrodon|Scald|p2a: Slowking
|-resisted|p2a: Slowking
|-damage|p2a: Slowking|246\/394 tox
|move|p2a: Slowking|Psyshock|p1a: Gastrodon
|-damage|p1a: Gastrodon|233\/426
|
|-damage|p2a: Slowking|174\/394 tox|[from] psn
|turn|39
|
|switch|p2a: Tangrowth|Tangrowth, M|350\/362 tox
|-damage|p2a: Tangrowth|305\/362 tox|[from] Stealth Rock
|move|p1a: Gastrodon|Recover|p1a: Gastrodon
|-heal|p1a: Gastrodon|426\/426
|
|-damage|p2a: Tangrowth|283\/362 tox|[from] psn
|turn|40
|
|switch|p1a: Miltank|Miltank, F|246\/390
|move|p2a: Tangrowth|Earthquake|p1a: Miltank
|-damage|p1a: Miltank|157\/390
|
|-damage|p2a: Tangrowth|239\/362 tox|[from] psn
|turn|41
|
|move|p1a: Miltank|Milk Drink|p1a: Miltank
|-heal|p1a: Miltank|352\/390
|move|p2a: Tangrowth|Earthquake|p1a: Miltank
|-damage|p1a: Miltank|272\/390
|
|-damage|p2a: Tangrowth|173\/362 tox|[from] psn
|turn|42
|
|switch|p2a: Alomomola|Alomomola, M|534\/534
|-status|p2a: Alomomola|psn
|-damage|p2a: Alomomola|468\/534 psn|[from] Stealth Rock
|move|p1a: Miltank|Power-Up Punch|p2a: Alomomola
|-damage|p2a: Alomomola|446\/534 psn
|-boost|p1a: Miltank|atk|1
|
|-heal|p2a: Alomomola|479\/534 psn|[from] item: Leftovers
|-damage|p2a: Alomomola|413\/534 psn|[from] psn
|turn|43
|
|move|p1a: Miltank|Power-Up Punch|p2a: Alomomola
|-damage|p2a: Alomomola|380\/534 psn
|-boost|p1a: Miltank|atk|1
|move|p2a: Alomomola|Wish|p2a: Alomomola
|
|-heal|p2a: Alomomola|413\/534 psn|[from] item: Leftovers
|-damage|p2a: Alomomola|347\/534 psn|[from] psn
|turn|44
|
|move|p1a: Miltank|Power-Up Punch|p2a: Alomomola
|-damage|p2a: Alomomola|307\/534 psn
|-boost|p1a: Miltank|atk|1
|move|p2a: Alomomola|Toxic|p1a: Miltank
|-status|p1a: Miltank|tox
|
|-heal|p2a: Alomomola|534\/534 psn|[from] move: Wish|[wisher] Alomomola
|-damage|p1a: Miltank|248\/390 tox|[from] psn
|-damage|p2a: Alomomola|468\/534 psn|[from] psn
|turn|45
|
|move|p1a: Miltank|Milk Drink|p1a: Miltank
|-heal|p1a: Miltank|390\/390 tox
|move|p2a: Alomomola|Knock Off|p1a: Miltank
|-damage|p1a: Miltank|350\/390 tox
|
|-heal|p2a: Alomomola|501\/534 psn|[from] item: Leftovers
|-damage|p1a: Miltank|302\/390 tox|[from] psn
|-damage|p2a: Alomomola|435\/534 psn|[from] psn
|turn|46
|
|move|p1a: Miltank|Body Slam|p2a: Alomomola
|-damage|p2a: Alomomola|273\/534 psn
|move|p2a: Alomomola|Knock Off|p1a: Miltank
|-damage|p1a: Miltank|260\/390 tox
|
|-heal|p2a: Alomomola|306\/534 psn|[from] item: Leftovers
|-damage|p1a: Miltank|188\/390 tox|[from] psn
|-damage|p2a: Alomomola|240\/534 psn|[from] psn
|turn|47
|
|move|p1a: Miltank|Milk Drink|p1a: Miltank
|-heal|p1a: Miltank|383\/390 tox
|move|p2a: Alomomola|Wish|p2a: Alomomola
|
|-heal|p2a: Alomomola|273\/534 psn|[from] item: Leftovers
|-damage|p1a: Miltank|287\/390 tox|[from] psn
|-damage|p2a: Alomomola|207\/534 psn|[from] psn
|turn|48
|
|move|p1a: Miltank|Body Slam|p2a: Alomomola
|-damage|p2a: Alomomola|26\/534 psn
|move|p2a: Alomomola|Knock Off|p1a: Miltank
|-crit|p1a: Miltank
|-damage|p1a: Miltank|231\/390 tox
|
|-heal|p2a: Alomomola|293\/534 psn|[from] move: Wish|[wisher] Alomomola
|-heal|p2a: Alomomola|326\/534 psn|[from] item: Leftovers
|-damage|p1a: Miltank|111\/390 tox|[from] psn
|-damage|p2a: Alomomola|260\/534 psn|[from] psn
|turn|49
|
|switch|p1a: Blissey|Blissey, F|652\/714
|move|p2a: Alomomola|Wish|p2a: Alomomola
|
|-heal|p2a: Alomomola|293\/534 psn|[from] item: Leftovers
|-damage|p2a: Alomomola|227\/534 psn|[from] psn
|turn|50
|
|move|p2a: Alomomola|Knock Off|p1a: Blissey
|-damage|p1a: Blissey|580\/714
|move|p1a: Blissey|Seismic Toss|p2a: Alomomola
|-damage|p2a: Alomomola|127\/534 psn
|
|-heal|p2a: Alomomola|394\/534 psn|[from] move: Wish|[wisher] Alomomola
|-heal|p2a: Alomomola|427\/534 psn|[from] item: Leftovers
|-damage|p2a: Alomomola|361\/534 psn|[from] psn
|turn|51
|
|switch|p2a: Tangrowth|Tangrowth, M|293\/362 tox
|-damage|p2a: Tangrowth|248\/362 tox|[from] Stealth Rock
|switch|p1a: Toxicroak|Toxicroak, M|118\/308
|
|-damage|p2a: Tangrowth|226\/362 tox|[from] psn
|turn|52
|
|switch|p1a: Gastrodon|Gastrodon, M|426\/426
|move|p2a: Tangrowth|Earthquake|p1a: Gastrodon
|-damage|p1a: Gastrodon|330\/426
|
|-damage|p2a: Tangrowth|182\/362 tox|[from] psn
|turn|53
|
|switch|p1a: Blissey|Blissey, F|580\/714
|move|p2a: Tangrowth|Power Whip|p1a: Blissey
|-damage|p1a: Blissey|325\/714
|
|-damage|p2a: Tangrowth|116\/362 tox|[from] psn
|turn|54
|
|switch|p2a: Slowking|Slowking, F|305\/394 tox
|-damage|p2a: Slowking|256\/394 tox|[from] Stealth Rock
|move|p1a: Blissey|Soft-Boiled|p1a: Blissey
|-heal|p1a: Blissey|682\/714
|
|-damage|p2a: Slowking|232\/394 tox|[from] psn
|turn|55
|
|move|p1a: Blissey|Seismic Toss|p2a: Slowking
|-damage|p2a: Slowking|132\/394 tox
|move|p2a: Slowking|Ice Beam|p1a: Blissey
|-damage|p1a: Blissey|611\/714
|
|-damage|p2a: Slowking|84\/394 tox|[from] psn
|turn|56
|
|switch|p2a: Alomomola|Alomomola, M|534\/534 psn
|-damage|p2a: Alomomola|468\/534 psn|[from] Stealth Rock
|move|p1a: Blissey|Heal Bell|p1a: Blissey
|-cureteam|p1a: Blissey|[from] move: HealBell
|
|-heal|p2a: Alomomola|501\/534 psn|[from] item: Leftovers
|-damage|p2a: Alomomola|435\/534 psn|[from] psn
|turn|57
|
|move|p2a: Alomomola|Knock Off|p1a: Blissey
|-damage|p1a: Blissey|531\/714
|move|p1a: Blissey|Seismic Toss|p2a: Alomomola
|-damage|p2a: Alomomola|335\/534 psn
|
|-heal|p2a: Alomomola|368\/534 psn|[from] item: Leftovers
|-damage|p2a: Alomomola|302\/534 psn|[from] psn
|turn|58
|
|switch|p1a: Toxicroak|Toxicroak, M|118\/308
|move|p2a: Alomomola|Wish|p2a: Alomomola
|
|-heal|p2a: Alomomola|335\/534 psn|[from] item: Leftovers
|-damage|p2a: Alomomola|269\/534 psn|[from] psn
|turn|59
|
|move|p1a: Toxicroak|Drain Punch|p2a: Alomomola
|-damage|p2a: Alomomola|161\/534 psn
|-heal|p1a: Toxicroak|172\/308|[from] drain|[of] p2a: Alomomola
|move|p2a: Alomomola|Knock Off|p1a: Toxicroak
|-resisted|p1a: Toxicroak
|-damage|p1a: Toxicroak|128\/308
|-enditem|p1a: Toxicroak|Choice Scarf|[from] move: Knock Off|[of] p2a: Alomomola
|
|-heal|p2a: Alomomola|428\/534 psn|[from] move: Wish|[wisher] Alomomola
|-heal|p2a: Alomomola|461\/534 psn|[from] item: Leftovers
|-damage|p2a: Alomomola|395\/534 psn|[from] psn
|turn|60
|
|switch|p2a: Tangrowth|Tangrowth, M|236\/362 tox
|-damage|p2a: Tangrowth|191\/362 tox|[from] Stealth Rock
|move|p1a: Toxicroak|Swords Dance|p1a: Toxicroak
|-boost|p1a: Toxicroak|atk|2
|
|-damage|p2a: Tangrowth|169\/362 tox|[from] psn
|turn|61
|
|move|p1a: Toxicroak|Poison Jab|p2a: Tangrowth
|-supereffective|p2a: Tangrowth
|-damage|p2a: Tangrowth|0 fnt
|faint|p2a: Tangrowth
|
|-message|oioirnambe forfeited.
|
|win|SpecsPrimeape
|raw|Ladder updating...
|chat|oioirnambe|gg
|raw|SpecsPrimeape's rating: 1316 &rarr; <strong>1331<\/strong><br \/>(+15 for winning)
|raw|oioirnambe's rating: 1217 &rarr; <strong>1199<\/strong><br \/>(-18 for losing)