|join|IM GOOD AT UU
|join|BasicallyAGod
|player|p1|IM GOOD AT UU|68
|player|p2|BasicallyAGod|54
|gametype|singles
|gen|6
|tier|UU
|rated
|rule|Sleep Clause Mod: Limit one foe put to sleep
|rule|Species Clause: Limit one of each PokÃ©mon
|rule|OHKO Clause: OHKO moves are banned
|rule|Moody Clause: Moody is banned
|rule|Evasion Moves Clause: Evasion moves are banned
|rule|Endless Battle Clause: Forcing endless battles is banned
|rule|HP Percentage Mod: HP is shown in percentages
|clearpoke
|poke|p1|Jirachi
|poke|p1|Nidoqueen, F
|poke|p1|Blastoise, F
|poke|p1|Toxicroak, M
|poke|p1|Yanmega, M
|poke|p1|Fletchinder, M
|poke|p2|Azelf
|poke|p2|Donphan, F
|poke|p2|Florges, F
|poke|p2|Scrafty, M
|poke|p2|Porygon-Z
|poke|p2|Entei, shiny
|rule|Swagger Clause: Swagger is banned
|rule|Baton Pass Clause: Limit one PokÃ©mon knowing Baton Pass
|teampreview
|
|start
|switch|p1a: Jirachi|Jirachi|341\/341
|switch|p2a: Azelf|Azelf|292\/292
|turn|1
|
|switch|p2a: Donphan|Donphan, F|364\/364
|move|p1a: Jirachi|Iron Head|p2a: Donphan
|-damage|p2a: Donphan|262\/364
|
|-heal|p2a: Donphan|284\/364|[from] item: Leftovers
|turn|2
|
|move|p1a: Jirachi|Iron Head|p2a: Donphan
|-damage|p2a: Donphan|187\/364
|cant|p2a: Donphan|flinch
|
|-heal|p2a: Donphan|209\/364|[from] item: Leftovers
|turn|3
|join|JEWOVEN
|
|move|p1a: Jirachi|Iron Head|p2a: Donphan
|-damage|p2a: Donphan|100\/364
|move|p2a: Donphan|Earthquake|p1a: Jirachi
|-supereffective|p1a: Jirachi
|-damage|p1a: Jirachi|0 fnt
|faint|p1a: Jirachi
|
|-heal|p2a: Donphan|122\/364|[from] item: Leftovers
|join|Druides
|
|switch|p1a: Nidoqueen|Nidoqueen, F|353\/353
|turn|4
|
|move|p1a: Nidoqueen|Ice Beam|p2a: Donphan
|-supereffective|p2a: Donphan
|-damage|p2a: Donphan|0 fnt
|faint|p2a: Donphan
|
|
|switch|p2a: Azelf|Azelf|292\/292
|turn|5
|
|move|p2a: Azelf|Light Screen|p2a: Azelf
|-sidestart|p2: BasicallyAGod|move: Light Screen
|move|p1a: Nidoqueen|Sludge Wave|p2a: Azelf
|-damage|p2a: Azelf|148\/292
|
|turn|6
|
|move|p2a: Azelf|Reflect|p2a: Azelf
|-sidestart|p2: BasicallyAGod|Reflect
|move|p1a: Nidoqueen|Stealth Rock|p2a: Azelf
|-sidestart|p2: BasicallyAGod|move: Stealth Rock
|
|turn|7
|
|switch|p1a: Yanmega|Yanmega, M|313\/313
|move|p2a: Azelf|Explosion|p1a: Yanmega
|-damage|p1a: Yanmega|0 fnt
|faint|p2a: Azelf
|faint|p1a: Yanmega
|
|
|switch|p2a: Scrafty|Scrafty, M|271\/271
|switch|p1a: Fletchinder|Fletchinder, M|305\/305
|-damage|p2a: Scrafty|255\/271|[from] Stealth Rock
|turn|8
|c|âIM GOOD AT UU|>no air balon
|c|âIM GOOD AT UU|like why
|
|move|p2a: Scrafty|Knock Off|p1a: Fletchinder
|-damage|p1a: Fletchinder|166\/305
|move|p1a: Fletchinder|Will-O-Wisp|p2a: Scrafty|[miss]
|-miss|p1a: Fletchinder|p2a: Scrafty
|
|turn|9
|c|âIM GOOD AT UU|STO
|c|âIM GOOD AT UU|p
|c| JEWOVEN|use the air balon set for scraty
|
|move|p2a: Scrafty|Poison Jab|p1a: Fletchinder
|-damage|p1a: Fletchinder|37\/305
|move|p1a: Fletchinder|Will-O-Wisp|p2a: Scrafty
|-status|p2a: Scrafty|brn
|-enditem|p2a: Scrafty|Lum Berry|[eat]
|-curestatus|p2a: Scrafty|brn
|
|turn|10
|c|âIM GOOD AT UU|..
|c|âIM GOOD AT UU|lol
|c| JEWOVEN|lum scrafty
|c| JEWOVEN|lmao
|
|move|p1a: Fletchinder|Roost|p1a: Fletchinder
|-heal|p1a: Fletchinder|190\/305
|move|p2a: Scrafty|Knock Off|p1a: Fletchinder
|-damage|p1a: Fletchinder|36\/305
|
|turn|11
|
|move|p1a: Fletchinder|Roost|p1a: Fletchinder
|-heal|p1a: Fletchinder|189\/305
|move|p2a: Scrafty|Drain Punch|p1a: Fletchinder
|-damage|p1a: Fletchinder|14\/305
|-heal|p2a: Scrafty|271\/271|[from] drain|[of] p1a: Fletchinder
|
|turn|12
|c| JEWOVEN|llike why
|
|move|p1a: Fletchinder|Acrobatics|p2a: Scrafty
|-supereffective|p2a: Scrafty
|-damage|p2a: Scrafty|147\/271
|move|p2a: Scrafty|Drain Punch|p1a: Fletchinder
|-resisted|p1a: Fletchinder
|-damage|p1a: Fletchinder|0 fnt
|-heal|p2a: Scrafty|154\/271|[from] drain|[of] p1a: Fletchinder
|faint|p1a: Fletchinder
|-boost|p2a: Scrafty|atk|1|[from] ability: Moxie
|
|-sideend|p2: BasicallyAGod|move: Light Screen
|c|âIM GOOD AT UU|i dont like
|c|âIM GOOD AT UU|getting cteamed
|
|switch|p1a: Blastoise|Blastoise, F|357\/357
|turn|13
|c|âBasicallyAGod|whats the air balloon set?
|
|switch|p1a: Toxicroak|Toxicroak, M|307\/307
|move|p2a: Scrafty|Drain Punch|p1a: Toxicroak
|-resisted|p1a: Toxicroak
|-damage|p1a: Toxicroak|197\/307
|-heal|p2a: Scrafty|209\/271|[from] drain|[of] p1a: Toxicroak
|
|-sideend|p2: BasicallyAGod|Reflect
|turn|14
|c|âIM GOOD AT UU|scraty@air balon
|
|move|p1a: Toxicroak|Drain Punch|p2a: Scrafty
|-supereffective|p2a: Scrafty
|-damage|p2a: Scrafty|0 fnt
|-heal|p1a: Toxicroak|302\/307|[from] drain|[of] p2a: Scrafty
|-damage|p1a: Toxicroak|272\/307|[from] item: Life Orb
|faint|p2a: Scrafty
|
|
|switch|p2a: Entei|Entei, shiny|371\/371
|-damage|p2a: Entei|279\/371|[from] Stealth Rock
|-ability|p2a: Entei|Pressure
|turn|15
|c|âBasicallyAGod|but why?
|c| JEWOVEN|yeah why
|c| JEWOVEN|its not even weak to it
|c| Druides|to avoid ground moves
|
|switch|p1a: Blastoise|Blastoise, F|357\/357
|move|p2a: Entei|Sacred Fire|p1a: Blastoise
|-resisted|p1a: Blastoise
|-damage|p1a: Blastoise|247\/357
|
|turn|16
|
|switch|p2a: Florges|Florges, F|360\/360
|-damage|p2a: Florges|315\/360|[from] Stealth Rock
|switch|p1a: Nidoqueen|Nidoqueen, F|353\/353
|
|-heal|p2a: Florges|337\/360|[from] item: Leftovers
|turn|17
|c|âBasicallyAGod|Isnt like lum or assult vest better>?
|
|move|p2a: Florges|Protect|p2a: Florges
|-singleturn|p2a: Florges|Protect
|move|p1a: Nidoqueen|Sludge Wave|p2a: Florges
|-activate|p2a: Florges|Protect
|
|-heal|p2a: Florges|359\/360|[from] item: Leftovers
|turn|18
|
|switch|p2a: Porygon-Z|Porygon-Z|311\/311
|-damage|p2a: Porygon-Z|273\/311|[from] Stealth Rock
|move|p1a: Nidoqueen|Sludge Wave|p2a: Porygon-Z
|-damage|p2a: Porygon-Z|0 fnt
|faint|p2a: Porygon-Z
|
|c| JEWOVEN|noo
|
|switch|p2a: Entei|Entei, shiny|279\/371
|-damage|p2a: Entei|187\/371|[from] Stealth Rock
|-ability|p2a: Entei|Pressure
|turn|19
|c|âIM GOOD AT UU|WHAT
|c|âIM GOOD AT UU|LMAO
|
|move|p2a: Entei|Bulldoze|p1a: Nidoqueen
|-supereffective|p1a: Nidoqueen
|-damage|p1a: Nidoqueen|145\/353
|-unboost|p1a: Nidoqueen|spe|1
|move|p1a: Nidoqueen|Sludge Wave|p2a: Entei
|-damage|p2a: Entei|0 fnt
|faint|p2a: Entei
|
|c|âBasicallyAGod|GG
|
|switch|p2a: Florges|Florges, F|359\/360
|-damage|p2a: Florges|314\/360|[from] Stealth Rock
|turn|20
|c|âIM GOOD AT UU|gg
|
|move|p2a: Florges|Moonblast|p1a: Nidoqueen
|-resisted|p1a: Nidoqueen
|-damage|p1a: Nidoqueen|77\/353
|move|p1a: Nidoqueen|Sludge Wave|p2a: Florges
|-supereffective|p2a: Florges
|-damage|p2a: Florges|88\/360
|
|-heal|p2a: Florges|110\/360|[from] item: Leftovers
|turn|21
|join|volcarno129
|join|kektus
|c| kektus|LMAO
|c| kektus|lmao
|c| kektus|LMAO
|
|switch|p1a: Blastoise|Blastoise, F|247\/357
|move|p2a: Florges|Moonblast|p1a: Blastoise
|-damage|p1a: Blastoise|123\/357
|
|-heal|p2a: Florges|132\/360|[from] item: Leftovers
|turn|22
|c|âBasicallyAGod|sorry i got a text
|
|detailschange|p1a: Blastoise|Blastoise-Mega, F
|-mega|p1a: Blastoise|Blastoise|Blastoisinite
|move|p1a: Blastoise|Scald|p2a: Florges
|-damage|p2a: Florges|45\/360
|move|p2a: Florges|Wish|p2a: Florges
|
|-heal|p2a: Florges|67\/360|[from] item: Leftovers
|turn|23
|
|switch|p1a: Toxicroak|Toxicroak, M|272\/307
|move|p2a: Florges|Moonblast|p1a: Toxicroak
|-damage|p1a: Toxicroak|89\/307
|
|-heal|p2a: Florges|247\/360|[from] move: Wish|[wisher] Florges
|-heal|p2a: Florges|269\/360|[from] item: Leftovers
|turn|24
|
|move|p2a: Florges|Protect|p2a: Florges
|-singleturn|p2a: Florges|Protect
|move|p1a: Toxicroak|Poison Jab|p2a: Florges
|-activate|p2a: Florges|Protect
|
|-heal|p2a: Florges|291\/360|[from] item: Leftovers
|turn|25
|c| Druides|no gunky shot
|
|move|p1a: Toxicroak|Poison Jab|p2a: Florges
|-supereffective|p2a: Florges
|-damage|p2a: Florges|0 fnt
|-damage|p1a: Toxicroak|59\/307|[from] item: Life Orb
|faint|p2a: Florges
|
|win|IM GOOD AT UU
|raw|Ladder updating...