|join|IM GOOD AT UU
|join|Demxer
|c|âIM GOOD AT UU|u
|c|âDemxer|o
|player|p1|IM GOOD AT UU|68
|player|p2|Demxer|283
|gametype|singles
|gen|6
|tier|UU
|rated
|rule|Sleep Clause Mod: Limit one foe put to sleep
|rule|Species Clause: Limit one of each PokÃ©mon
|rule|OHKO Clause: OHKO moves are banned
|rule|Moody Clause: Moody is banned
|rule|Evasion Moves Clause: Evasion moves are banned
|rule|Endless Battle Clause: Forcing endless battles is banned
|rule|HP Percentage Mod: HP is shown in percentages
|clearpoke
|poke|p1|Jirachi
|poke|p1|Nidoqueen, F
|poke|p1|Blastoise, F
|poke|p1|Toxicroak, M
|poke|p1|Yanmega, F
|poke|p1|Fletchinder, M
|poke|p2|Lucario, F
|poke|p2|Swampert, F
|poke|p2|Crobat, F
|poke|p2|Umbreon, M, shiny
|poke|p2|Raikou
|poke|p2|Celebi
|rule|Swagger Clause: Swagger is banned
|rule|Baton Pass Clause: Limit one PokÃ©mon knowing Baton Pass
|teampreview
|c|âDemxer|glhf
|join|volcarno129
|join|aspergers syndrome
|join|Mirror Move
|join|MeaninglessTripfag
|join|O.T. Genesect
|join|Reud
|c|âDemxer|please be av croak
|join|hand relief
|c|âDemxer|i'll marry you
|c|âIM GOOD AT UU|u-um
|c| hand relief|tfw assburgers syndrome
|
|start
|switch|p1a: Yanmega|Yanmega, F|313\/313
|switch|p2a: Crobat|Crobat, F|317\/317
|turn|1
|c| Reud|tfw wanting to marry strangers
|c| Mirror Move|umm hi
|leave|volcarno129
|c| aspergers syndrome|YANMEGA IN THE UNDERUSED TIER? GARBAGE PITIFUL EXCUSE FOR A POKEMON USED BY AN INCAPABLE PLAYER USING COWARDLY STRATEGIES
|
|switch|p1a: Jirachi|Jirachi|341\/341
|move|p2a: Crobat|Brave Bird|p1a: Jirachi
|-resisted|p1a: Jirachi
|-damage|p1a: Jirachi|242\/341
|-damage|p2a: Crobat|284\/317|[from] recoil|[of] p1a: Jirachi
|
|turn|2
|c| O.T. Genesect|tfw so lonely I would marry a stranger
|c|âDemxer|mfw judgement
|c| O.T. Genesect|__Send help__
|join|xTraSmallDick
|
|switch|p2a: Swampert|Swampert, F|403\/403
|move|p1a: Jirachi|U-turn|p2a: Swampert
|-damage|p2a: Swampert|350\/403
|
|switch|p1a: Yanmega|Yanmega, F|313\/313
|
|-heal|p2a: Swampert|375\/403|[from] item: Leftovers
|turn|3
|
|move|p1a: Yanmega|Giga Drain|p2a: Swampert
|-supereffective|p2a: Swampert
|-damage|p2a: Swampert|0 fnt
|-damage|p1a: Yanmega|282\/313|[from] item: Life Orb
|faint|p2a: Swampert
|
|-boost|p1a: Yanmega|spe|1|[from] ability: Speed Boost
|
|switch|p2a: Raikou|Raikou|321\/321
|-ability|p2a: Raikou|Pressure
|turn|4
|c| xTraSmallDick|bop
|
|move|p1a: Yanmega|Protect|p1a: Yanmega
|-singleturn|p1a: Yanmega|Protect
|move|p2a: Raikou|Hidden Power|p1a: Yanmega
|-activate|p1a: Yanmega|Protect
|
|-boost|p1a: Yanmega|spe|1|[from] ability: Speed Boost
|turn|5
|
|switch|p1a: Jirachi|Jirachi|242\/341
|move|p2a: Raikou|Volt Switch|p1a: Jirachi
|-damage|p1a: Jirachi|104\/341
|
|switch|p2a: Crobat|Crobat, F|284\/317
|
|turn|6
|leave|Reud
|
|move|p1a: Jirachi|Iron Head|p2a: Crobat
|-damage|p2a: Crobat|133\/317
|move|p2a: Crobat|U-turn|p1a: Jirachi
|-damage|p1a: Jirachi|38\/341
|
|switch|p2a: Lucario|Lucario, F|281\/281
|
|turn|7
|
|move|p2a: Lucario|Extreme Speed|p1a: Jirachi
|-resisted|p1a: Jirachi
|-damage|p1a: Jirachi|0 fnt
|-damage|p2a: Lucario|253\/281|[from] item: Life Orb
|faint|p1a: Jirachi
|
|
|switch|p1a: Nidoqueen|Nidoqueen, F|353\/353
|turn|8
|
|switch|p2a: Crobat|Crobat, F|133\/317
|move|p1a: Nidoqueen|Earth Power|p2a: Crobat
|-immune|p2a: Crobat|[msg]
|
|turn|9
|c|âDemxer|gotem
|c| xTraSmallDick|k
|c|âIM GOOD AT UU|Owned!
|c|âIM GOOD AT UU|u owned af
|
|move|p2a: Crobat|Brave Bird|p1a: Nidoqueen
|-damage|p1a: Nidoqueen|118\/353
|-damage|p2a: Crobat|55\/317|[from] recoil|[of] p1a: Nidoqueen
|move|p1a: Nidoqueen|Stealth Rock|p2a: Crobat
|-sidestart|p2: Demxer|move: Stealth Rock
|
|turn|10
|c| Heal Block|heh
|
|switch|p1a: Blastoise|Blastoise, F|357\/357
|move|p2a: Crobat|Defog|p1a: Blastoise
|-unboost|p1a: Blastoise|evasion|1
|-sideend|p2: Demxer|Stealth Rock|[from] move: Defog|[of] p2a: Crobat
|
|turn|11
|c|âIM GOOD AT UU|>atk
|c|âIM GOOD AT UU|The adamant bat
|
|detailschange|p1a: Blastoise|Blastoise-Mega, F
|-mega|p1a: Blastoise|Blastoise|Blastoisinite
|move|p2a: Crobat|Brave Bird|p1a: Blastoise
|-damage|p1a: Blastoise|177\/357
|-damage|p2a: Crobat|0 fnt|[from] recoil|[of] p1a: Blastoise
|faint|p2a: Crobat
|move|p1a: Blastoise|Scald|p2: Crobat|[notarget]
|-notarget
|
|c|âDemxer|sky plate actually
|c|âIM GOOD AT UU|>
|
|switch|p2a: Raikou|Raikou|321\/321
|-ability|p2a: Raikou|Pressure
|turn|12
|c|âDemxer|o wait i gotta do the thing
|c|âDemxer|!dt sky pl8
No Pokemon, item, move, ability or nature named 'sky pl8' was found. Showing the data of 'Sky Plate' instead.
|c|~|\/data-item Sky Plate
|raw|<font size="1"><font color=#585858>Fling Base Power:<\/font> 90<\/font>
|
|switch|p1a: Nidoqueen|Nidoqueen, F|118\/353
|move|p2a: Raikou|Thunderbolt|p1a: Nidoqueen
|-immune|p1a: Nidoqueen|[msg]
|
|turn|13
|leave|O.T. Genesect
|leave|MeaninglessTripfag
|
|move|p2a: Raikou|Hidden Power|p1a: Nidoqueen
|-supereffective|p1a: Nidoqueen
|-damage|p1a: Nidoqueen|0 fnt
|faint|p1a: Nidoqueen
|
|
|switch|p1a: Toxicroak|Toxicroak, M|307\/307
|turn|14
|
|move|p1a: Toxicroak|Sucker Punch|p2a: Raikou
|-damage|p2a: Raikou|191\/321
|-damage|p1a: Toxicroak|277\/307|[from] item: Life Orb
|move|p2a: Raikou|Volt Switch|p1a: Toxicroak
|-damage|p1a: Toxicroak|70\/307
|
|switch|p2a: Lucario|Lucario, F|253\/281
|
|turn|15
|
|switch|p1a: Blastoise|Blastoise-Mega, F|177\/357
|move|p2a: Lucario|Extreme Speed|p1a: Blastoise
|-damage|p1a: Blastoise|78\/357
|-damage|p2a: Lucario|225\/281|[from] item: Life Orb
|
|turn|16
|
|switch|p2a: Umbreon|Umbreon, M, shiny|393\/393
|move|p1a: Blastoise|Scald|p2a: Umbreon
|-damage|p2a: Umbreon|290\/393
|
|-heal|p2a: Umbreon|314\/393|[from] item: Leftovers
|turn|17
|
|move|p1a: Blastoise|Scald|p2a: Umbreon
|-damage|p2a: Umbreon|220\/393
|move|p2a: Umbreon|Wish|p2a: Umbreon
|
|-heal|p2a: Umbreon|244\/393|[from] item: Leftovers
|turn|18
|c| xTraSmallDick|yd u switch lol
|
|switch|p1a: Toxicroak|Toxicroak, M|70\/307
|move|p2a: Umbreon|Baton Pass|p2a: Umbreon
|
|switch|p2a: Raikou|Raikou|191\/321
|-ability|p2a: Raikou|Pressure
|
|-heal|p2a: Raikou|321\/321|[from] move: Wish|[wisher] Umbreon
|turn|19
|c|âDemxer|i need to wish something
|c|âDemxer|so yanmega doesnt bop me
|
|switch|p2a: Lucario|Lucario, F|225\/281
|move|p1a: Toxicroak|Sucker Punch|p2a: Lucario
|-fail|p2a: Lucario
|
|turn|20
|
|switch|p1a: Blastoise|Blastoise-Mega, F|78\/357
|move|p2a: Lucario|Extreme Speed|p1a: Blastoise
|-damage|p1a: Blastoise|0 fnt
|-damage|p2a: Lucario|197\/281|[from] item: Life Orb
|faint|p1a: Blastoise
|
|c| xTraSmallDick|98-74
|
|switch|p1a: Fletchinder|Fletchinder, M|305\/305
|turn|21
|
|switch|p2a: Celebi|Celebi|341\/341
|move|p1a: Fletchinder|Acrobatics|p2a: Celebi
|-crit|p2a: Celebi
|-supereffective|p2a: Celebi
|-damage|p2a: Celebi|0 fnt
|faint|p2a: Celebi
|
|
|switch|p2a: Raikou|Raikou|321\/321
|-ability|p2a: Raikou|Pressure
|turn|22
|
|move|p1a: Fletchinder|Acrobatics|p2a: Raikou
|-resisted|p2a: Raikou
|-damage|p2a: Raikou|228\/321
|move|p2a: Raikou|Thunderbolt|p1a: Fletchinder
|-supereffective|p1a: Fletchinder
|-damage|p1a: Fletchinder|0 fnt
|faint|p1a: Fletchinder
|
|
|switch|p1a: Toxicroak|Toxicroak, M|70\/307
|turn|23
|
|switch|p2a: Umbreon|Umbreon, M, shiny|244\/393
|move|p1a: Toxicroak|Sucker Punch|p2a: Umbreon
|-fail|p2a: Umbreon
|
|-heal|p2a: Umbreon|268\/393|[from] item: Leftovers
|turn|24
|c| xTraSmallDick|hahn
|
|move|p2a: Umbreon|Protect|p2a: Umbreon
|-singleturn|p2a: Umbreon|Protect
|move|p1a: Toxicroak|Drain Punch|p2a: Umbreon
|-activate|p2a: Umbreon|Protect
|
|-heal|p2a: Umbreon|292\/393|[from] item: Leftovers
|turn|25
|
|move|p1a: Toxicroak|Drain Punch|p2a: Umbreon
|-supereffective|p2a: Umbreon
|-damage|p2a: Umbreon|16\/393
|-heal|p1a: Toxicroak|208\/307|[from] drain|[of] p2a: Umbreon
|-damage|p1a: Toxicroak|178\/307|[from] item: Life Orb
|move|p2a: Umbreon|Foul Play|p1a: Toxicroak
|-crit|p1a: Toxicroak
|-resisted|p1a: Toxicroak
|-damage|p1a: Toxicroak|13\/307
|
|-heal|p2a: Umbreon|40\/393|[from] item: Leftovers
|turn|26
|c| xTraSmallDick|lol
|c|âDemxer|:c
|c| Mirror Move|crit didnt matter
|c| Mirror Move|AT ALL
|
|move|p1a: Toxicroak|Drain Punch|p2a: Umbreon
|-supereffective|p2a: Umbreon
|-damage|p2a: Umbreon|0 fnt
|-heal|p1a: Toxicroak|33\/307|[from] drain|[of] p2a: Umbreon
|-damage|p1a: Toxicroak|3\/307|[from] item: Life Orb
|faint|p2a: Umbreon
|
|
|switch|p2a: Lucario|Lucario, F|197\/281
|turn|27
|c| xTraSmallDick|yanmega can u killraikou
|
|move|p2a: Lucario|Extreme Speed|p1a: Toxicroak
|-damage|p1a: Toxicroak|0 fnt
|-damage|p2a: Lucario|169\/281|[from] item: Life Orb
|faint|p1a: Toxicroak
|
|
|switch|p1a: Yanmega|Yanmega, F|282\/313
|turn|28
|c|âDemxer|50\/50
|
|move|p1a: Yanmega|Protect|p1a: Yanmega
|-singleturn|p1a: Yanmega|Protect
|move|p2a: Lucario|Swords Dance|p2a: Lucario
|-boost|p2a: Lucario|atk|2
|
|-boost|p1a: Yanmega|spe|1|[from] ability: Speed Boost
|turn|29
|join|FaZe C.A. Henry
|c| xTraSmallDick|u should of attackedf
|c|âDemxer|cool
|c| xTraSmallDick|he cant kill u
|c| xTraSmallDick|with espeed
|
|move|p2a: Lucario|Extreme Speed|p1a: Yanmega
|-damage|p1a: Yanmega|27\/313
|-damage|p2a: Lucario|141\/281|[from] item: Life Orb
|move|p1a: Yanmega|Air Slash|p2a: Lucario
|-damage|p2a: Lucario|0 fnt
|-damage|p1a: Yanmega|0 fnt|[from] item: Life Orb
|faint|p2a: Lucario
|faint|p1a: Yanmega
|
|win|Demxer
|raw|Ladder updating...