|join|IM GOOD AT UU
|join|rjm928
|player|p1|IM GOOD AT UU|68
|player|p2|rjm928|269
|gametype|singles
|gen|6
|tier|UU
|rated
|rule|Sleep Clause Mod: Limit one foe put to sleep
|rule|Species Clause: Limit one of each PokÃ©mon
|rule|OHKO Clause: OHKO moves are banned
|rule|Moody Clause: Moody is banned
|rule|Evasion Moves Clause: Evasion moves are banned
|rule|Endless Battle Clause: Forcing endless battles is banned
|rule|HP Percentage Mod: HP is shown in percentages
|clearpoke
|poke|p1|Jirachi
|poke|p1|Nidoqueen, F
|poke|p1|Blastoise, M
|poke|p1|Toxicroak, F
|poke|p1|Yanmega, M
|poke|p1|Fletchinder, M
|poke|p2|Aggron, M, shiny
|poke|p2|Toxicroak, M, shiny
|poke|p2|Cloyster, M, shiny
|poke|p2|Lucario, M
|poke|p2|Jirachi
|poke|p2|Forretress, M
|rule|Swagger Clause: Swagger is banned
|rule|Baton Pass Clause: Limit one PokÃ©mon knowing Baton Pass
|teampreview
|
|start
|switch|p1a: Jirachi|Jirachi|341\/341
|switch|p2a: Forretress|Forretress, M|353\/353
|turn|1
|
|move|p1a: Jirachi|Trick|p2a: Forretress
|-activate|p1a: Jirachi|move: Trick|[of] p2a: Forretress
|-item|p2a: Forretress|Choice Scarf|[from] move: Trick
|-item|p1a: Jirachi|Focus Band|[from] move: Trick
|move|p2a: Forretress|Stealth Rock|p1a: Jirachi
|-sidestart|p1: IM GOOD AT UU|move: Stealth Rock
|
|turn|2
|
|switch|p2a: Aggron|Aggron, M, shiny|343\/343
|move|p1a: Jirachi|U-turn|p2a: Aggron
|-resisted|p2a: Aggron
|-damage|p2a: Aggron|322\/343
|
|switch|p1a: Blastoise|Blastoise, M|357\/357
|-damage|p1a: Blastoise|313\/357|[from] Stealth Rock
|
|turn|3
|
|detailschange|p1a: Blastoise|Blastoise-Mega, M
|-mega|p1a: Blastoise|Blastoise|Blastoisinite
|detailschange|p2a: Aggron|Aggron-Mega, M, shiny
|-mega|p2a: Aggron|Aggron|Aggronite
|move|p1a: Blastoise|Rapid Spin|p2a: Aggron
|-resisted|p2a: Aggron
|-damage|p2a: Aggron|319\/343
|-sideend|p1: IM GOOD AT UU|Stealth Rock|[from] move: Rapid Spin|[of] p1a: Blastoise
|move|p2a: Aggron|Dragon Tail|p1a: Blastoise
|-damage|p1a: Blastoise|237\/357
|drag|p1a: Toxicroak|Toxicroak, F|307\/307
|
|turn|4
|
|move|p1a: Toxicroak|Swords Dance|p1a: Toxicroak
|-boost|p1a: Toxicroak|atk|2
|move|p2a: Aggron|Heavy Slam|p1a: Toxicroak
|-damage|p1a: Toxicroak|0 fnt
|faint|p1a: Toxicroak
|
|c|ârjm928|lol you got cocky
|
|switch|p1a: Nidoqueen|Nidoqueen, F|353\/353
|turn|5
|c|ârjm928|you cant be that good at UU if im gonna beat you
|
|move|p1a: Nidoqueen|Earth Power|p2a: Aggron
|-supereffective|p2a: Aggron
|-damage|p2a: Aggron|42\/343
|-damage|p1a: Nidoqueen|318\/353|[from] item: Life Orb
|move|p2a: Aggron|Earthquake|p1a: Nidoqueen
|-supereffective|p1a: Nidoqueen
|-damage|p1a: Nidoqueen|16\/353
|
|turn|6
|
|move|p1a: Nidoqueen|Stealth Rock|p2a: Aggron
|-sidestart|p2: rjm928|move: Stealth Rock
|move|p2a: Aggron|Dragon Tail|p1a: Nidoqueen
|-damage|p1a: Nidoqueen|0 fnt
|faint|p1a: Nidoqueen
|
|c|âIM GOOD AT UU|quiet kid
|c|âIM GOOD AT UU|you suck
|
|switch|p1a: Yanmega|Yanmega, M|313\/313
|turn|7
|
|move|p1a: Yanmega|Bug Buzz|p2a: Aggron
|-crit|p2a: Aggron
|-resisted|p2a: Aggron
|-damage|p2a: Aggron|0 fnt
|-damage|p1a: Yanmega|282\/313|[from] item: Life Orb
|faint|p2a: Aggron
|
|-boost|p1a: Yanmega|spe|1|[from] ability: Speed Boost
|c|ârjm928|what?
|c|ârjm928|i suck?
|c|âIM GOOD AT UU|yes
|c|âIM GOOD AT UU|your a noob
|c|ârjm928|battle my real UU team ill destroy you
|c|ârjm928|how am i a noob'
|c|ârjm928|your a fag
|c|âIM GOOD AT UU|uu	1111	52	1513 Â± 25	--	251	262	0
|c|âIM GOOD AT UU|look at your record
|c|âIM GOOD AT UU|nooby idiot
|c|âIM GOOD AT UU|your so noob
|c|âIM GOOD AT UU|HAHA
|c|ârjm928|?
|c|ârjm928|are you 13
|c|âIM GOOD AT UU|PLAY IDIOT
|c|âIM GOOD AT UU|stop talking your shit
|
|switch|p2a: Forretress|Forretress, M|353\/353
|-damage|p2a: Forretress|309\/353|[from] Stealth Rock
|turn|8
|c|ârjm928|lmao
|
|move|p1a: Yanmega|Air Slash|p2a: Forretress
|-damage|p2a: Forretress|19\/353
|-damage|p1a: Yanmega|251\/313|[from] item: Life Orb
|move|p2a: Forretress|Explosion|p1a: Yanmega
|-damage|p1a: Yanmega|58\/313
|faint|p2a: Forretress
|
|-boost|p1a: Yanmega|spe|1|[from] ability: Speed Boost
|c|âIM GOOD AT UU|noob
|
|switch|p2a: Lucario|Lucario, M|281\/281
|-damage|p2a: Lucario|273\/281|[from] Stealth Rock
|turn|9
|c|âIM GOOD AT UU|explosion forretress
|c|âIM GOOD AT UU|noob set
|
|switch|p1a: Jirachi|Jirachi|341\/341
|move|p2a: Lucario|Extreme Speed|p1a: Jirachi
|-resisted|p1a: Jirachi
|-damage|p1a: Jirachi|298\/341
|-damage|p2a: Lucario|245\/281|[from] item: Life Orb
|
|turn|10
|c|ârjm928|are you some UU Guro
|c|ârjm928|because looks like you suck to me
|
|move|p1a: Jirachi|Iron Head|p2a: Lucario
|-resisted|p2a: Lucario
|-damage|p2a: Lucario|154\/281
|move|p2a: Lucario|Dark Pulse|p1a: Jirachi
|-supereffective|p1a: Jirachi
|-damage|p1a: Jirachi|90\/341
|-damage|p2a: Lucario|126\/281|[from] item: Life Orb
|
|turn|11
|c|âIM GOOD AT UU|shut up idiot your trash
|
|move|p1a: Jirachi|Iron Head|p2a: Lucario
|-resisted|p2a: Lucario
|-damage|p2a: Lucario|38\/281
|move|p2a: Lucario|Dark Pulse|p1a: Jirachi
|-supereffective|p1a: Jirachi
|-damage|p1a: Jirachi|0 fnt
|-damage|p2a: Lucario|10\/281|[from] item: Life Orb
|faint|p1a: Jirachi
|
|c|ârjm928|what? i beleive im about to win
|c|âIM GOOD AT UU|inner focus lucario
|c|âIM GOOD AT UU|trash player
|c|ârjm928|what?
|
|switch|p1a: Fletchinder|Fletchinder, M|305\/305
|turn|12
|c|ârjm928|your mad because im better than you
|c|âIM GOOD AT UU|yeah my record is better
|c|âIM GOOD AT UU|im the better player
|c|âIM GOOD AT UU|your trash
|c|âIM GOOD AT UU|shut up
|c|âIM GOOD AT UU|trash noob
|c|ârjm928|ok your record is higher whos beating you rn
|c|âIM GOOD AT UU|learn to play nooby
|c|ârjm928|if your so good why am i winning
|
|move|p2a: Lucario|Extreme Speed|p1a: Fletchinder
|-crit|p1a: Fletchinder
|-damage|p1a: Fletchinder|76\/305
|-damage|p2a: Lucario|0 fnt|[from] item: Life Orb
|faint|p2a: Lucario
|move|p1a: Fletchinder|Roost|p1a: Fletchinder
|-heal|p1a: Fletchinder|229\/305
|
|c|âIM GOOD AT UU|your lucky i have the wrong ability on my nidoqueen
|c|âIM GOOD AT UU|nooby
|
|switch|p2a: Toxicroak|Toxicroak, M, shiny|307\/307
|-damage|p2a: Toxicroak|288\/307|[from] Stealth Rock
|turn|13
|c|âIM GOOD AT UU|you lucked out
|c|ârjm928|sure i did
|
|move|p2a: Toxicroak|Fake Out|p1a: Fletchinder
|-damage|p1a: Fletchinder|159\/305
|cant|p1a: Fletchinder|flinch
|
|-heal|p2a: Toxicroak|307\/307|[from] item: Black Sludge
|turn|14
|c|ârjm928|you sucked out
|c|âIM GOOD AT UU|you're literally 12
|c|âIM GOOD AT UU|shut up
|c|ârjm928|I AM BETTER THAN YOU
|
|move|p1a: Fletchinder|Acrobatics|p2a: Toxicroak
|-supereffective|p2a: Toxicroak
|-damage|p2a: Toxicroak|0 fnt
|faint|p2a: Toxicroak
|
|c|ârjm928|your team blows
|c|âIM GOOD AT UU|your losing!
|c|ârjm928|no where tied
|
|switch|p2a: Jirachi|Jirachi|341\/341
|-damage|p2a: Jirachi|320\/341|[from] Stealth Rock
|turn|15
|
|move|p1a: Fletchinder|Roost|p1a: Fletchinder
|-heal|p1a: Fletchinder|305\/305
|move|p2a: Jirachi|Thunder Wave|p1a: Fletchinder
|-status|p1a: Fletchinder|par
|
|-heal|p2a: Jirachi|341\/341|[from] item: Leftovers
|turn|16
|c|âIM GOOD AT UU|TWAVE RACHI LMAO
|c|âIM GOOD AT UU|your so noob
|c|ârjm928|lmao
|
|move|p2a: Jirachi|Iron Head|p1a: Fletchinder
|-resisted|p1a: Fletchinder
|-damage|p1a: Fletchinder|207\/305 par
|move|p1a: Fletchinder|Will-O-Wisp|p2a: Jirachi
|-status|p2a: Jirachi|brn
|
|-damage|p2a: Jirachi|299\/341 brn|[from] brn
|turn|17
|c|âIM GOOD AT UU|OWNED
|c|ârjm928|keep talking im beating you
|c|ârjm928|your so good
|c|ârjm928|i wish i was you
|c|âIM GOOD AT UU|your owned
|
|move|p2a: Jirachi|Iron Head|p1a: Fletchinder
|-resisted|p1a: Fletchinder
|-damage|p1a: Fletchinder|159\/305 par
|cant|p1a: Fletchinder|flinch
|
|-heal|p2a: Jirachi|320\/341 brn|[from] item: Leftovers
|-damage|p2a: Jirachi|278\/341 brn|[from] brn
|turn|18
|c|âIM GOOD AT UU|quiet noob
|c|âIM GOOD AT UU|quit this game
|
|move|p2a: Jirachi|Iron Head|p1a: Fletchinder
|-resisted|p1a: Fletchinder
|-damage|p1a: Fletchinder|108\/305 par
|cant|p1a: Fletchinder|flinch
|
|-heal|p2a: Jirachi|299\/341 brn|[from] item: Leftovers
|-damage|p2a: Jirachi|257\/341 brn|[from] brn
|turn|19
|c|ârjm928|why?
|c|ârjm928|you talk trash ill beat you
|c|âIM GOOD AT UU|im owning you
|
|cant|p1a: Fletchinder|par
|move|p2a: Jirachi|Iron Head|p1a: Fletchinder
|-resisted|p1a: Fletchinder
|-damage|p1a: Fletchinder|63\/305 par
|
|-heal|p2a: Jirachi|278\/341 brn|[from] item: Leftovers
|-damage|p2a: Jirachi|236\/341 brn|[from] brn
|turn|20
|c|âIM GOOD AT UU|your shit
|c|âIM GOOD AT UU|ok noob
|c|âIM GOOD AT UU|your so noob
|c|ârjm928|why am i shit if i playing the best UU player ever
|
|move|p1a: Fletchinder|Acrobatics|p2a: Jirachi
|-resisted|p2a: Jirachi
|-damage|p2a: Jirachi|160\/341 brn
|move|p2a: Jirachi|Iron Head|p1a: Fletchinder
|-resisted|p1a: Fletchinder
|-damage|p1a: Fletchinder|18\/305 par
|
|-heal|p2a: Jirachi|181\/341 brn|[from] item: Leftovers
|-damage|p2a: Jirachi|139\/341 brn|[from] brn
|turn|21
|
|move|p2a: Jirachi|Iron Head|p1a: Fletchinder
|-resisted|p1a: Fletchinder
|-damage|p1a: Fletchinder|0 fnt
|faint|p1a: Fletchinder
|
|-heal|p2a: Jirachi|160\/341 brn|[from] item: Leftovers
|-damage|p2a: Jirachi|118\/341 brn|[from] brn
|
|switch|p1a: Yanmega|Yanmega, M|58\/313
|turn|22
|c|ârjm928|HAHAHAHAHAHHAHA you suck
|
|move|p1a: Yanmega|Protect|p1a: Yanmega
|-singleturn|p1a: Yanmega|Protect
|move|p2a: Jirachi|Iron Head|p1a: Yanmega
|-activate|p1a: Yanmega|Protect
|
|-heal|p2a: Jirachi|139\/341 brn|[from] item: Leftovers
|-damage|p2a: Jirachi|97\/341 brn|[from] brn
|-boost|p1a: Yanmega|spe|1|[from] ability: Speed Boost
|turn|23
|c|âIM GOOD AT UU|yanmega>your pitiful pathetic worthless team
|c|âIM GOOD AT UU|how does it feel to talk shit then lose
|c|âIM GOOD AT UU|noob
|
|move|p1a: Yanmega|Bug Buzz|p2a: Jirachi
|-damage|p2a: Jirachi|0 fnt
|-damage|p1a: Yanmega|27\/313|[from] item: Life Orb
|faint|p2a: Jirachi
|
|-boost|p1a: Yanmega|spe|1|[from] ability: Speed Boost
|c|ârjm928|what?
|c|ârjm928|i didnt hear you
|
|switch|p2a: Cloyster|Cloyster, M, shiny|241\/241
|-damage|p2a: Cloyster|181\/241|[from] Stealth Rock
|turn|24
|c|âIM GOOD AT UU|YOUR TRASH
|c|âIM GOOD AT UU|QUIET NOOB
|c|âIM GOOD AT UU|BOW DOWN
|c|ârjm928|what>
|c|ârjm928|now
|c|ârjm928|no
|
|move|p1a: Yanmega|Giga Drain|p2a: Cloyster
|-supereffective|p2a: Cloyster
|-damage|p2a: Cloyster|0 fnt
|-heal|p1a: Yanmega|118\/313|[from] drain|[of] p2a: Cloyster
|-damage|p1a: Yanmega|87\/313|[from] item: Life Orb
|faint|p2a: Cloyster
|
|win|IM GOOD AT UU
|raw|Ladder updating...
|c|âIM GOOD AT UU|TO THE SUPERIOR PLAYER
|raw|IM GOOD AT UU's rating: 1289 &rarr; <strong>1303<\/strong><br \/>(+14 for winning)
|raw|rjm928's rating: 1111 &rarr; <strong>1098<\/strong><br \/>(-13 for losing)
|c|âIM GOOD AT UU|OWNED
|c|âIM GOOD AT UU|GET OWNED
|c|ârjm928|stop please
|c|âIM GOOD AT UU|NOOB
|c|ârjm928|im so sorry