|join|IM GOOD AT UU
|join|Commissar White
|player|p1|IM GOOD AT UU|68
|player|p2|Commissar White|35
|gametype|singles
|gen|6
|tier|UU
|rated
|rule|Sleep Clause Mod: Limit one foe put to sleep
|rule|Species Clause: Limit one of each PokÃ©mon
|rule|OHKO Clause: OHKO moves are banned
|rule|Moody Clause: Moody is banned
|rule|Evasion Moves Clause: Evasion moves are banned
|rule|Endless Battle Clause: Forcing endless battles is banned
|rule|HP Percentage Mod: HP is shown in percentages
|clearpoke
|poke|p1|Jirachi
|poke|p1|Nidoqueen, F
|poke|p1|Blastoise, F
|poke|p1|Toxicroak, M
|poke|p1|Yanmega, M
|poke|p1|Fletchinder, M
|poke|p2|Darmanitan, F
|poke|p2|Suicune
|poke|p2|Shaymin
|poke|p2|Golbat, F
|poke|p2|Malamar, M
|poke|p2|Aerodactyl, F
|rule|Swagger Clause: Swagger is banned
|rule|Baton Pass Clause: Limit one PokÃ©mon knowing Baton Pass
|teampreview
|join|xTraSmallDick
|c|âCommissar White|Are you?
|c| xTraSmallDick|are you
|
|start
|switch|p1a: Blastoise|Blastoise, F|357\/357
|switch|p2a: Rape Ape|Darmanitan, F|371\/371
|turn|1
|c|âCommissar White|I dunno D:
|
|detailschange|p1a: Blastoise|Blastoise-Mega, F
|-mega|p1a: Blastoise|Blastoise|Blastoisinite
|move|p2a: Rape Ape|U-turn|p1a: Blastoise
|-damage|p1a: Blastoise|249\/357
|
|switch|p2a: Gerg|Shaymin|403\/403
|move|p1a: Blastoise|Ice Beam|p2a: Gerg
|-supereffective|p2a: Gerg
|-damage|p2a: Gerg|227\/403
|
|-heal|p2a: Gerg|252\/403|[from] item: Leftovers
|turn|2
|
|switch|p2a: Goon|Golbat, F|354\/354
|switch|p1a: Fletchinder|Fletchinder, M|305\/305
|
|turn|3
|
|move|p1a: Fletchinder|Will-O-Wisp|p2a: Goon
|-status|p2a: Goon|brn
|move|p2a: Goon|Toxic|p1a: Fletchinder
|-status|p1a: Fletchinder|tox
|
|-damage|p1a: Fletchinder|286\/305 tox|[from] psn
|-damage|p2a: Goon|310\/354 brn|[from] brn
|turn|4
|
|switch|p1a: Nidoqueen|Nidoqueen, F|353\/353
|move|p2a: Goon|Super Fang|p1a: Nidoqueen
|-damage|p1a: Nidoqueen|177\/353
|
|-damage|p2a: Goon|266\/354 brn|[from] brn
|turn|5
|
|switch|p2a: Gerg|Shaymin|252\/403
|move|p1a: Nidoqueen|Ice Beam|p2a: Gerg
|-crit|p2a: Gerg
|-supereffective|p2a: Gerg
|-damage|p2a: Gerg|0 fnt
|faint|p2a: Gerg
|
|c|âCommissar White|damnit
|
|switch|p2a: Rape Ape|Darmanitan, F|371\/371
|turn|6
|c|âCommissar White|good move.
|
|switch|p1a: Fletchinder|Fletchinder, M|286\/305 tox
|move|p2a: Rape Ape|Earthquake|p1a: Fletchinder
|-immune|p1a: Fletchinder|[msg]
|
|-damage|p1a: Fletchinder|267\/305 tox|[from] psn
|turn|7
|c| xTraSmallDick|ctc out here
|
|switch|p2a: Craaaw|Aerodactyl, F|301\/301
|-ability|p2a: Craaaw|Pressure
|move|p1a: Fletchinder|Swords Dance|p1a: Fletchinder
|-boost|p1a: Fletchinder|atk|2
|
|-damage|p1a: Fletchinder|229\/305 tox|[from] psn
|turn|8
|
|switch|p1a: Jirachi|Jirachi|341\/341
|detailschange|p2a: Craaaw|Aerodactyl-Mega, F
|-mega|p2a: Craaaw|Aerodactyl|Aerodactylite
|move|p2a: Craaaw|Stone Edge|p1a: Jirachi
|-resisted|p1a: Jirachi
|-damage|p1a: Jirachi|244\/341
|
|turn|9
|
|move|p1a: Jirachi|U-turn|p2a: Craaaw
|-resisted|p2a: Craaaw
|-damage|p2a: Craaaw|261\/301
|
|switch|p1a: Fletchinder|Fletchinder, M|229\/305 tox
|move|p2a: Craaaw|Crunch|p1a: Fletchinder
|-damage|p1a: Fletchinder|4\/305 tox
|
|-damage|p1a: Fletchinder|0 fnt|[from] psn
|faint|p1a: Fletchinder
|
|switch|p1a: Jirachi|Jirachi|244\/341
|turn|10
|
|move|p1a: Jirachi|Iron Head|p2a: Craaaw
|-supereffective|p2a: Craaaw
|-damage|p2a: Craaaw|3\/301
|move|p2a: Craaaw|Crunch|p1a: Jirachi
|-supereffective|p1a: Jirachi
|-damage|p1a: Jirachi|0 fnt
|faint|p1a: Jirachi
|
|
|switch|p1a: Yanmega|Yanmega, M|313\/313
|turn|11
|join|Jefo
|
|move|p1a: Yanmega|Protect|p1a: Yanmega
|-singleturn|p1a: Yanmega|Protect
|move|p2a: Craaaw|Roost|p2a: Craaaw
|-heal|p2a: Craaaw|154\/301
|
|-boost|p1a: Yanmega|spe|1|[from] ability: Speed Boost
|turn|12
|c| xTraSmallDick|this niggs
|
|move|p2a: Craaaw|Stone Edge|p1a: Yanmega
|-supereffective|p1a: Yanmega
|-damage|p1a: Yanmega|0 fnt
|faint|p1a: Yanmega
|
|c| xTraSmallDick|nigga
|c|âCommissar White|such bulk
|
|switch|p1a: Blastoise|Blastoise-Mega, F|249\/357
|turn|13
|c|âCommissar White|much wow
|
|switch|p2a: Magic|Suicune|404\/404
|-ability|p2a: Magic|Pressure
|move|p1a: Blastoise|Scald|p2a: Magic
|-resisted|p2a: Magic
|-damage|p2a: Magic|332\/404
|
|-heal|p2a: Magic|357\/404|[from] item: Leftovers
|turn|14
|
|switch|p1a: Toxicroak|Toxicroak, M|307\/307
|move|p2a: Magic|Calm Mind|p2a: Magic
|-boost|p2a: Magic|spa|1
|-boost|p2a: Magic|spd|1
|
|-heal|p2a: Magic|382\/404|[from] item: Leftovers
|turn|15
|c| xTraSmallDick|this dude has 67 gxe man dont lose to this guy lol
|join|itaintgonsukitself
|
|switch|p2a: Shrek|Malamar, M|376\/376
|move|p1a: Toxicroak|Swords Dance|p1a: Toxicroak
|-boost|p1a: Toxicroak|atk|2
|
|turn|16
|
|move|p1a: Toxicroak|Poison Jab|p2a: Shrek
|-damage|p2a: Shrek|32\/376
|-damage|p1a: Toxicroak|277\/307|[from] item: Life Orb
|move|p2a: Shrek|Superpower|p1a: Toxicroak
|-resisted|p1a: Toxicroak
|-damage|p1a: Toxicroak|218\/307
|-boost|p2a: Shrek|atk|1
|-boost|p2a: Shrek|def|1
|
|-heal|p2a: Shrek|55\/376|[from] item: Leftovers
|turn|17
|
|move|p1a: Toxicroak|Drain Punch|p2a: Shrek
|-damage|p2a: Shrek|0 fnt
|-heal|p1a: Toxicroak|246\/307|[from] drain|[of] p2a: Shrek
|-damage|p1a: Toxicroak|216\/307|[from] item: Life Orb
|faint|p2a: Shrek
|
|
|switch|p2a: Rape Ape|Darmanitan, F|371\/371
|turn|18
|
|switch|p1a: Nidoqueen|Nidoqueen, F|177\/353
|move|p2a: Rape Ape|Earthquake|p1a: Nidoqueen
|-supereffective|p1a: Nidoqueen
|-damage|p1a: Nidoqueen|0 fnt
|faint|p1a: Nidoqueen
|
|
|switch|p1a: Blastoise|Blastoise-Mega, F|249\/357
|turn|19
|
|switch|p2a: Goon|Golbat, F|266\/354 brn
|move|p1a: Blastoise|Scald|p2a: Goon
|-damage|p2a: Goon|160\/354 brn
|
|-damage|p2a: Goon|116\/354 brn|[from] brn
|turn|20
|
|switch|p1a: Toxicroak|Toxicroak, M|216\/307
|move|p2a: Goon|Toxic|p1a: Toxicroak
|-fail|p1a: Toxicroak
|
|-damage|p2a: Goon|72\/354 brn|[from] brn
|turn|21
|
|move|p1a: Toxicroak|Swords Dance|p1a: Toxicroak
|-boost|p1a: Toxicroak|atk|2
|move|p2a: Goon|Roost|p2a: Goon
|-heal|p2a: Goon|249\/354 brn
|
|-damage|p2a: Goon|205\/354 brn|[from] brn
|turn|22
|
|move|p1a: Toxicroak|Swords Dance|p1a: Toxicroak
|-boost|p1a: Toxicroak|atk|2
|move|p2a: Goon|Roost|p2a: Goon
|-heal|p2a: Goon|354\/354 brn
|
|-damage|p2a: Goon|310\/354 brn|[from] brn
|turn|23
|
|switch|p2a: Craaaw|Aerodactyl-Mega, F|154\/301
|move|p1a: Toxicroak|Poison Jab|p2a: Craaaw
|-resisted|p2a: Craaaw
|-damage|p2a: Craaaw|0 fnt
|-damage|p1a: Toxicroak|186\/307|[from] item: Life Orb
|faint|p2a: Craaaw
|
|
|switch|p2a: Rape Ape|Darmanitan, F|371\/371
|turn|24
|
|move|p1a: Toxicroak|Sucker Punch|p2a: Rape Ape
|-damage|p2a: Rape Ape|0 fnt
|-damage|p1a: Toxicroak|156\/307|[from] item: Life Orb
|faint|p2a: Rape Ape
|
|
|switch|p2a: Magic|Suicune|382\/404
|-ability|p2a: Magic|Pressure
|turn|25
|
|move|p1a: Toxicroak|Drain Punch|p2a: Magic
|-damage|p2a: Magic|105\/404
|-heal|p1a: Toxicroak|295\/307|[from] drain|[of] p2a: Magic
|-damage|p1a: Toxicroak|265\/307|[from] item: Life Orb
|move|p2a: Magic|Calm Mind|p2a: Magic
|-boost|p2a: Magic|spa|1
|-boost|p2a: Magic|spd|1
|
|-heal|p2a: Magic|130\/404|[from] item: Leftovers
|turn|26
|c|âCommissar White|gg
|join|Druides
|c|âIM GOOD AT UU|gg
|c|âCommissar White|I got schooled there
|
|move|p1a: Toxicroak|Poison Jab|p2a: Magic
|-damage|p2a: Magic|0 fnt
|-damage|p1a: Toxicroak|235\/307|[from] item: Life Orb
|faint|p2a: Magic
|
|
|switch|p2a: Goon|Golbat, F|310\/354 brn
|turn|27
|c| xTraSmallDick|toxicroak def the mvp
|c|âCommissar White|shouldn't have allowed the swords dances v.v
|c| xTraSmallDick|tonight
|
|move|p1a: Toxicroak|Sucker Punch|p2a: Goon
|-damage|p2a: Goon|70\/354 brn
|-damage|p1a: Toxicroak|205\/307|[from] item: Life Orb
|move|p2a: Goon|Super Fang|p1a: Toxicroak
|-damage|p1a: Toxicroak|103\/307
|
|-damage|p2a: Goon|26\/354 brn|[from] brn
|turn|28
|
|move|p1a: Toxicroak|Sucker Punch|p2a: Goon
|-damage|p2a: Goon|0 fnt
|-damage|p1a: Toxicroak|73\/307|[from] item: Life Orb
|faint|p2a: Goon
|
|win|IM GOOD AT UU
|raw|Ladder updating...
|raw|IM GOOD AT UU's rating: 1580 &rarr; <strong>1589<\/strong><br \/>(+9 for winning)
|raw|Commissar White's rating: 1378 &rarr; <strong>1369<\/strong><br \/>(-9 for losing)
|c| xTraSmallDick|thats y u dont run super fang nigga
|join|Void