|join|nottan
|join|Zuxo
|player|p1|nottan|196
|player|p2|Zuxo|162
|gametype|singles
|gen|6
|tier|OU
|rated
|clearpoke
|poke|p1|Scizor, F
|poke|p1|Terrakion
|poke|p1|Landorus-Therian, M
|poke|p1|Heatran, M
|poke|p1|Slowbro, M
|poke|p1|Salamence, M
|poke|p2|Xatu, M
|poke|p2|Chansey, F
|poke|p2|Altaria, M
|poke|p2|Bisharp, M, shiny
|poke|p2|Gastrodon, M
|poke|p2|Muk, M
|rule|Swagger Clause: Swagger is banned
|rule|Baton Pass Clause: Limit one PokÃ©mon knowing Baton Pass
|rule|Sleep Clause Mod: Limit one foe put to sleep
|rule|Species Clause: Limit one of each PokÃ©mon
|rule|OHKO Clause: OHKO moves are banned
|rule|Moody Clause: Moody is banned
|rule|Evasion Moves Clause: Evasion moves are banned
|rule|Endless Battle Clause: Forcing endless battles is banned
|rule|HP Percentage Mod: HP is shown in percentages
|teampreview
|
|start
|switch|p1a: Terrakion|Terrakion|329\/329
|switch|p2a: Altaria|Altaria, M|354\/354
|turn|1
|
|switch|p2a: Xatu|Xatu, M|334\/334
|move|p1a: Terrakion|Stone Edge|p2a: Xatu
|-crit|p2a: Xatu
|-supereffective|p2a: Xatu
|-damage|p2a: Xatu|0 fnt
|-damage|p1a: Terrakion|297\/329|[from] item: Life Orb
|faint|p2a: Xatu
|
|
|switch|p2a: Altaria|Altaria, M|354\/354
|turn|2
|
|switch|p1a: Heatran|Heatran, M|385\/385
|detailschange|p2a: Altaria|Altaria-Mega, M
|-mega|p2a: Altaria|Altaria|Altarianite
|move|p2a: Altaria|Body Slam|p1a: Heatran
|-resisted|p1a: Heatran
|-damage|p1a: Heatran|349\/385
|
|-heal|p1a: Heatran|373\/385|[from] item: Leftovers
|turn|3
|
|switch|p1a: Salamence|Salamence, M|331\/331
|-ability|p1a: Salamence|Intimidate|[of] p2a: Altaria
|-unboost|p2a: Altaria|atk|1
|move|p2a: Altaria|Earthquake|p1a: Salamence
|-immune|p1a: Salamence|[msg]
|
|turn|4
|
|switch|p1a: Landorus-Therian|Landorus-Therian, M|323\/323
|-ability|p1a: Landorus-Therian|Intimidate|[of] p2a: Altaria
|-unboost|p2a: Altaria|atk|1
|switch|p2a: Bisharp|Bisharp, M, shiny|319\/319
|
|turn|5
|
|move|p1a: Landorus-Therian|Earthquake|p2a: Bisharp
|-supereffective|p2a: Bisharp
|-enditem|p2a: Bisharp|Shuca Berry|[eat]
|-damage|p2a: Bisharp|118\/319
|move|p2a: Bisharp|Knock Off|p1a: Landorus-Therian
|-damage|p1a: Landorus-Therian|130\/323
|-enditem|p1a: Landorus-Therian|Choice Scarf|[from] move: Knock Off|[of] p2a: Bisharp
|
|turn|6
|
|switch|p1a: Terrakion|Terrakion|297\/329
|switch|p2a: Altaria|Altaria-Mega, M|354\/354
|
|turn|7
|
|move|p1a: Terrakion|Stone Edge|p2a: Altaria
|-damage|p2a: Altaria|179\/354
|-damage|p1a: Terrakion|265\/329|[from] item: Life Orb
|move|p2a: Altaria|Earthquake|p1a: Terrakion
|-supereffective|p1a: Terrakion
|-damage|p1a: Terrakion|49\/329
|
|turn|8
|
|move|p1a: Terrakion|Taunt|p2a: Altaria
|-start|p2a: Altaria|move: Taunt
|move|p2a: Altaria|Body Slam|p1a: Terrakion
|-supereffective|p1a: Terrakion
|-damage|p1a: Terrakion|0 fnt
|faint|p1a: Terrakion
|
|
|switch|p1a: Scizor|Scizor, F|343\/343
|turn|9
|
|switch|p2a: Gastrodon|Gastrodon, M|425\/425
|detailschange|p1a: Scizor|Scizor-Mega, F
|-mega|p1a: Scizor|Scizor|Scizorite
|move|p1a: Scizor|Swords Dance|p1a: Scizor
|-boost|p1a: Scizor|atk|2
|
|turn|10
|
|move|p1a: Scizor|Knock Off|p2a: Gastrodon
|-damage|p2a: Gastrodon|203\/425
|-enditem|p2a: Gastrodon|Leftovers|[from] move: Knock Off|[of] p1a: Scizor
|move|p2a: Gastrodon|Yawn|p1a: Scizor
|-start|p1a: Scizor|move: Yawn|[of] p2a: Gastrodon
|
|turn|11
|
|switch|p1a: Landorus-Therian|Landorus-Therian, M|130\/323
|-ability|p1a: Landorus-Therian|Intimidate|[of] p2a: Gastrodon
|-unboost|p2a: Gastrodon|atk|1
|move|p2a: Gastrodon|Recover|p2a: Gastrodon
|-heal|p2a: Gastrodon|416\/425
|
|turn|12
|
|move|p1a: Landorus-Therian|Earthquake|p2a: Gastrodon
|-crit|p2a: Gastrodon
|-damage|p2a: Gastrodon|158\/425
|move|p2a: Gastrodon|Scald|p1a: Landorus-Therian
|-supereffective|p1a: Landorus-Therian
|-damage|p1a: Landorus-Therian|0 fnt
|faint|p1a: Landorus-Therian
|
|
|switch|p1a: Salamence|Salamence, M|331\/331
|-ability|p1a: Salamence|Intimidate|[of] p2a: Gastrodon
|-unboost|p2a: Gastrodon|atk|1
|turn|13
|
|switch|p2a: Altaria|Altaria-Mega, M|179\/354
|move|p1a: Salamence|Draco Meteor|p2a: Altaria
|-immune|p2a: Altaria|[msg]
|
|turn|14
|
|switch|p1a: Scizor|Scizor-Mega, F|343\/343
|move|p2a: Altaria|Fire Blast|p1a: Scizor
|-supereffective|p1a: Scizor
|-damage|p1a: Scizor|39\/343
|
|turn|15
|
|switch|p2a: Muk|Muk, M|413\/413
|move|p1a: Scizor|Bullet Punch|p2a: Muk
|-damage|p2a: Muk|322\/413
|
|-heal|p2a: Muk|347\/413|[from] item: Black Sludge
|turn|16
|
|move|p1a: Scizor|Roost|p1a: Scizor
|-heal|p1a: Scizor|211\/343
|move|p2a: Muk|Taunt|p1a: Scizor
|-start|p1a: Scizor|move: Taunt
|
|-heal|p2a: Muk|372\/413|[from] item: Black Sludge
|turn|17
|
|move|p1a: Scizor|Knock Off|p2a: Muk
|-damage|p2a: Muk|257\/413
|move|p2a: Muk|Infestation|p1a: Scizor
|-resisted|p1a: Scizor
|-damage|p1a: Scizor|206\/343
|-activate|p1a: Scizor|move: Infestation|[of] p2a: Muk
|
|-heal|p2a: Muk|282\/413|[from] item: Black Sludge
|-damage|p1a: Scizor|164\/343|[from] move: Infestation|[partiallytrapped]
|turn|18
|
|move|p1a: Scizor|Bullet Punch|p2a: Muk
|-damage|p2a: Muk|174\/413
|move|p2a: Muk|Fire Blast|p1a: Scizor
|-supereffective|p1a: Scizor
|-damage|p1a: Scizor|0 fnt
|faint|p1a: Scizor
|
|-heal|p2a: Muk|199\/413|[from] item: Black Sludge
|-message|nottan forfeited.
|
|win|Zuxo
|raw|Ladder updating...
|leave|nottan
|player|p1
|raw|nottan's rating: 1531 &rarr; <strong>1511<\/strong><br \/>(-20 for losing)
|raw|Zuxo's rating: 1546 &rarr; <strong>1565<\/strong><br \/>(+19 for winning)