|join|arnelo2012
|join|SoFlaffy
|player|p1|arnelo2012|109
|player|p2|SoFlaffy|190
|gametype|singles
|gen|6
|tier|ORAS OU
|rated
|rule|Sleep Clause Mod: Limit one foe put to sleep
|rule|Species Clause: Limit one of each PokÃ©mon
|rule|OHKO Clause: OHKO moves are banned
|rule|Moody Clause: Moody is banned
|rule|Evasion Moves Clause: Evasion moves are banned
|rule|Endless Battle Clause: Forcing endless battles is banned
|rule|HP Percentage Mod: HP is shown in percentages
|clearpoke
|poke|p1|Metagross, shiny
|poke|p1|Azumarill, F, shiny
|poke|p1|Mew, shiny
|poke|p1|Thundurus, M, shiny
|poke|p1|Garchomp, F, shiny
|poke|p1|Greninja, F, shiny
|poke|p2|Altaria, F
|poke|p2|Vileplume, F
|poke|p2|Empoleon, M
|poke|p2|Weavile, M
|poke|p2|Golem, M
|poke|p2|Magmortar, M
|rule|Swagger Clause: Swagger is banned
|rule|Baton Pass Clause: Limit one PokÃ©mon knowing Baton Pass
|teampreview
|
|start
|switch|p1a: Mew|Mew, shiny|342\/342
|switch|p2a: Empoleon|Empoleon, M|372\/372
|turn|1
|
|move|p1a: Mew|Stealth Rock|p2a: Empoleon
|-sidestart|p2: SoFlaffy|move: Stealth Rock
|move|p2a: Empoleon|Toxic|p1a: Mew
|-status|p1a: Mew|tox
|
|-damage|p1a: Mew|321\/342 tox|[from] psn
|turn|2
|
|move|p1a: Mew|Knock Off|p2a: Empoleon
|-damage|p2a: Empoleon|288\/372
|-enditem|p2a: Empoleon|Leftovers|[from] move: Knock Off|[of] p1a: Mew
|move|p2a: Empoleon|Defog|p1a: Mew
|-unboost|p1a: Mew|evasion|1
|-sideend|p2: SoFlaffy|Stealth Rock|[from] move: Defog|[of] p2a: Empoleon
|
|-damage|p1a: Mew|279\/342 tox|[from] psn
|turn|3
|
|switch|p1a: Thundurus|Thundurus, M, shiny|300\/300
|move|p2a: Empoleon|Scald|p1a: Thundurus
|-damage|p1a: Thundurus|179\/300
|
|turn|4
|
|switch|p2a: Magmortar|Magmortar, M|353\/353
|move|p1a: Thundurus|Thunderbolt|p2a: Magmortar
|-damage|p2a: Magmortar|205\/353
|-damage|p1a: Thundurus|149\/300|[from] item: Life Orb
|
|turn|5
|
|switch|p1a: Garchomp|Garchomp, F, shiny|357\/357
|switch|p2a: Golem|Golem, M|314\/314
|
|turn|6
|
|move|p1a: Garchomp|Earthquake|p2a: Golem
|-supereffective|p2a: Golem
|-damage|p2a: Golem|44\/314
|-enditem|p2a: Golem|Weakness Policy
|-boost|p2a: Golem|atk|2|[from] item: Weakness Policy
|-boost|p2a: Golem|spa|2|[from] item: Weakness Policy
|move|p2a: Golem|Earthquake|p1a: Garchomp
|-damage|p1a: Garchomp|0 fnt
|faint|p1a: Garchomp
|
|
|switch|p1a: Metagross|Metagross, shiny|301\/301
|turn|7
|
|detailschange|p1a: Metagross|Metagross-Mega, shiny
|message|Metagross has Mega Evolved into Mega Metagross!
|move|p1a: Metagross|Bullet Punch|p2a: Golem
|-supereffective|p2a: Golem
|-damage|p2a: Golem|0 fnt
|faint|p2a: Golem
|
|
|switch|p2a: Magmortar|Magmortar, M|205\/353
|turn|8
|
|switch|p1a: Mew|Mew, shiny|279\/342 tox
|move|p2a: Magmortar|Fire Blast|p1a: Mew
|-damage|p1a: Mew|134\/342 tox
|
|-damage|p1a: Mew|113\/342 tox|[from] psn
|turn|9
|
|switch|p2a: Empoleon|Empoleon, M|288\/372
|move|p1a: Mew|Light Screen|p1a: Mew
|-sidestart|p1: arnelo2012|move: Light Screen
|
|-damage|p1a: Mew|71\/342 tox|[from] psn
|turn|10
|
|switch|p1a: Azumarill|Azumarill, F, shiny|404\/404
|move|p2a: Empoleon|Defog|p1a: Azumarill
|-unboost|p1a: Azumarill|evasion|1
|-sideend|p1: arnelo2012|move: Light Screen
|-sideend|p1: arnelo2012|Light Screen|[from] move: Defog|[of] p1a: Azumarill
|
|turn|11
|
|move|p1a: Azumarill|Belly Drum|p1a: Azumarill
|-damage|p1a: Azumarill|202\/404
|-setboost|p1a: Azumarill|atk|6|[from] move: Belly Drum
|-enditem|p1a: Azumarill|Sitrus Berry|[eat]
|-heal|p1a: Azumarill|303\/404|[from] item: Sitrus Berry
|move|p2a: Empoleon|Roar|p1a: Azumarill
|drag|p1a: Mew|Mew, shiny|71\/342 tox
|
|-damage|p1a: Mew|50\/342 tox|[from] psn
|turn|12
|
|switch|p1a: Thundurus|Thundurus, M, shiny|149\/300
|move|p2a: Empoleon|Defog|p1a: Thundurus
|-unboost|p1a: Thundurus|evasion|1
|
|turn|13
|
|switch|p2a: Vileplume|Vileplume, F|354\/354
|move|p1a: Thundurus|Thunderbolt|p2a: Vileplume
|-resisted|p2a: Vileplume
|-damage|p2a: Vileplume|241\/354
|-damage|p1a: Thundurus|119\/300|[from] item: Life Orb
|
|-heal|p2a: Vileplume|263\/354|[from] item: Black Sludge
|turn|14
|
|move|p1a: Thundurus|Hidden Power|p2a: Vileplume
|-supereffective|p2a: Vileplume
|-damage|p2a: Vileplume|47\/354
|-damage|p1a: Thundurus|89\/300|[from] item: Life Orb
|move|p2a: Vileplume|Moonlight|p2a: Vileplume
|-heal|p2a: Vileplume|224\/354
|
|-heal|p2a: Vileplume|246\/354|[from] item: Black Sludge
|turn|15
|
|switch|p2a: Empoleon|Empoleon, M|288\/372
|move|p1a: Thundurus|Thunder Wave|p2a: Empoleon
|-status|p2a: Empoleon|par
|
|turn|16
|
|switch|p2a: Vileplume|Vileplume, F|246\/354
|move|p1a: Thundurus|Thunderbolt|p2a: Vileplume
|-resisted|p2a: Vileplume
|-damage|p2a: Vileplume|129\/354
|-damage|p1a: Thundurus|59\/300|[from] item: Life Orb
|
|-heal|p2a: Vileplume|151\/354|[from] item: Black Sludge
|turn|17
|
|switch|p2a: Weavile|Weavile, M|281\/281
|move|p1a: Thundurus|Hidden Power|p2a: Weavile
|-resisted|p2a: Weavile
|-damage|p2a: Weavile|232\/281
|-damage|p1a: Thundurus|29\/300|[from] item: Life Orb
|
|turn|18
|
|move|p2a: Weavile|Ice Shard|p1a: Thundurus
|-supereffective|p1a: Thundurus
|-damage|p1a: Thundurus|0 fnt
|faint|p1a: Thundurus
|
|
|switch|p1a: Azumarill|Azumarill, F, shiny|303\/404
|turn|19
|
|switch|p2a: Empoleon|Empoleon, M|288\/372 par
|move|p1a: Azumarill|Play Rough|p2a: Empoleon
|-resisted|p2a: Empoleon
|-damage|p2a: Empoleon|189\/372 par
|
|turn|20
|
|move|p1a: Azumarill|Superpower|p2a: Empoleon
|-supereffective|p2a: Empoleon
|-damage|p2a: Empoleon|0 fnt
|-unboost|p1a: Azumarill|atk|1
|-unboost|p1a: Azumarill|def|1
|faint|p2a: Empoleon
|
|
|switch|p2a: Vileplume|Vileplume, F|151\/354
|turn|21
|
|switch|p1a: Metagross|Metagross-Mega, shiny|301\/301
|move|p2a: Vileplume|Moonlight|p2a: Vileplume
|-heal|p2a: Vileplume|328\/354
|
|-heal|p2a: Vileplume|350\/354|[from] item: Black Sludge
|turn|22
|
|switch|p2a: Magmortar|Magmortar, M|205\/353
|move|p1a: Metagross|Zen Headbutt|p2a: Magmortar
|-damage|p2a: Magmortar|0 fnt
|-status|p1a: Metagross|brn
|faint|p2a: Magmortar
|
|-damage|p1a: Metagross|264\/301 brn|[from] brn
|
|switch|p2a: Weavile|Weavile, M|232\/281
|turn|23
|
|switch|p1a: Mew|Mew, shiny|50\/342 tox
|move|p2a: Weavile|Knock Off|p1a: Mew
|-crit|p1a: Mew
|-supereffective|p1a: Mew
|-damage|p1a: Mew|0 fnt
|-enditem|p1a: Mew|Light Clay|[from] move: Knock Off|[of] p2a: Weavile
|faint|p1a: Mew
|
|
|switch|p1a: Azumarill|Azumarill, F, shiny|303\/404
|turn|24
|
|switch|p2a: Vileplume|Vileplume, F|350\/354
|move|p1a: Azumarill|Play Rough|p2a: Vileplume
|-resisted|p2a: Vileplume
|-damage|p2a: Vileplume|272\/354
|
|-heal|p2a: Vileplume|294\/354|[from] item: Black Sludge
|turn|25
|
|move|p1a: Azumarill|Belly Drum|p1a: Azumarill
|-damage|p1a: Azumarill|101\/404
|-setboost|p1a: Azumarill|atk|6|[from] move: Belly Drum
|move|p2a: Vileplume|Giga Drain|p1a: Azumarill
|-supereffective|p1a: Azumarill
|-damage|p1a: Azumarill|0 fnt
|-heal|p2a: Vileplume|345\/354|[from] drain|[of] p1a: Azumarill
|faint|p1a: Azumarill
|
|-heal|p2a: Vileplume|354\/354|[from] item: Black Sludge
|
|switch|p1a: Metagross|Metagross-Mega, shiny|264\/301 brn
|turn|26
|
|move|p1a: Metagross|Meteor Mash|p2a: Vileplume
|-damage|p2a: Vileplume|257\/354
|move|p2a: Vileplume|Giga Drain|p1a: Metagross
|-resisted|p1a: Metagross
|-damage|p1a: Metagross|219\/301 brn
|-heal|p2a: Vileplume|280\/354|[from] drain|[of] p1a: Metagross
|
|-heal|p2a: Vileplume|302\/354|[from] item: Black Sludge
|-damage|p1a: Metagross|182\/301 brn|[from] brn
|turn|27
|
|move|p1a: Metagross|Zen Headbutt|p2a: Vileplume
|-supereffective|p2a: Vileplume
|-damage|p2a: Vileplume|146\/354
|move|p2a: Vileplume|Giga Drain|p1a: Metagross
|-resisted|p1a: Metagross
|-damage|p1a: Metagross|134\/301 brn
|-heal|p2a: Vileplume|170\/354|[from] drain|[of] p1a: Metagross
|
|-heal|p2a: Vileplume|192\/354|[from] item: Black Sludge
|-damage|p1a: Metagross|97\/301 brn|[from] brn
|turn|28
|
|switch|p1a: Greninja|Greninja, F, shiny|286\/286
|switch|p2a: Weavile|Weavile, M|232\/281
|
|turn|29
|
|move|p2a: Weavile|Low Kick|p1a: Greninja
|-supereffective|p1a: Greninja
|-damage|p1a: Greninja|0 fnt
|faint|p1a: Greninja
|
|-message|arnelo2012 forfeited.
|
|win|SoFlaffy
|raw|Ladder updating...
|leave|arnelo2012
|player|p1
|raw|arnelo2012's rating: 1000 &rarr; <strong>1000<\/strong><br \/>(+0 for losing)
|raw|SoFlaffy's rating: 1034 &rarr; <strong>1066<\/strong><br \/>(+32 for winning)