|join|Janflor
|join|arnelo2012
|player|p1|Janflor|45
|player|p2|arnelo2012|43
|gametype|singles
|gen|6
|tier|OU
|rated
|clearpoke
|poke|p1|Politoed, M
|poke|p1|Quagsire, M
|poke|p1|Ferrothorn, F
|poke|p1|Chansey, F
|poke|p1|Tentacruel, F
|poke|p1|Dragonite, F
|poke|p2|Rotom-Wash, shiny
|poke|p2|Gyarados, M, shiny
|poke|p2|Landorus-Therian, M, shiny
|poke|p2|Thundurus, M, shiny
|poke|p2|Gengar, F, shiny
|poke|p2|Bisharp, M, shiny
|rule|Swagger Clause: Swagger is banned
|rule|Baton Pass Clause: Limit one PokÃ©mon knowing Baton Pass
|rule|Sleep Clause Mod: Limit one foe put to sleep
|rule|Species Clause: Limit one of each PokÃ©mon
|rule|OHKO Clause: OHKO moves are banned
|rule|Moody Clause: Moody is banned
|rule|Evasion Moves Clause: Evasion moves are banned
|rule|Endless Battle Clause: Forcing endless battles is banned
|rule|HP Percentage Mod: HP is reported as percentages
|teampreview
|
|start
|switch|p1a: Kermit|Politoed, M|383\/383
|switch|p2a: Rotom-Wash|Rotom-Wash, shiny|304\/304
|-weather|RainDance
|turn|1
|
|move|p1a: Kermit|Protect|p1a: Kermit
|-singleturn|p1a: Kermit|Protect
|move|p2a: Rotom-Wash|Thunder|p1a: Kermit
|-activate|p1a: Kermit|Protect
|
|-weather|RainDance|[upkeep]
|turn|2
|
|switch|p1a: Marshall|Quagsire, M|393\/393
|move|p2a: Rotom-Wash|Thunder Wave|p1a: Marshall
|-immune|p1a: Marshall|[msg]
|
|-weather|RainDance|[upkeep]
|turn|3
|
|switch|p2a: Gyarados|Gyarados, M, shiny|331\/331
|-ability|p2a: Gyarados|Intimidate|[of] p1a: Marshall
|-unboost|p1a: Marshall|atk|1
|move|p1a: Marshall|Toxic|p2a: Gyarados
|-status|p2a: Gyarados|tox
|
|-weather|RainDance|[upkeep]
|-damage|p2a: Gyarados|311\/331 tox|[from] psn
|turn|4
|
|switch|p1a: Frisbee|Ferrothorn, F|352\/352
|detailschange|p2a: Gyarados|Gyarados-Mega, M, shiny
|message|Gyarados has Mega Evolved into Mega Gyarados!
|-ability|p2a: Gyarados|Mold Breaker
|move|p2a: Gyarados|Dragon Dance|p2a: Gyarados
|-boost|p2a: Gyarados|atk|1
|-boost|p2a: Gyarados|spe|1
|
|-weather|RainDance|[upkeep]
|-damage|p2a: Gyarados|271\/331 tox|[from] psn
|turn|5
|
|move|p2a: Gyarados|Earthquake|p1a: Frisbee
|-damage|p1a: Frisbee|227\/352
|move|p1a: Frisbee|Stealth Rock|p2a: Gyarados
|-sidestart|p2: arnelo2012|move: Stealth Rock
|
|-weather|none
|-damage|p2a: Gyarados|211\/331 tox|[from] psn
|turn|6
|
|switch|p1a: Marshall|Quagsire, M|393\/393
|move|p2a: Gyarados|Dragon Dance|p2a: Gyarados
|-boost|p2a: Gyarados|atk|1
|-boost|p2a: Gyarados|spe|1
|
|-damage|p2a: Gyarados|131\/331 tox|[from] psn
|turn|7
|
|move|p2a: Gyarados|Earthquake|p1a: Marshall
|-damage|p1a: Marshall|159\/393
|move|p1a: Marshall|Recover|p1a: Marshall
|-heal|p1a: Marshall|356\/393
|
|-heal|p1a: Marshall|380\/393|[from] item: Leftovers
|-damage|p2a: Gyarados|31\/331 tox|[from] psn
|turn|8
|
|move|p2a: Gyarados|Earthquake|p1a: Marshall
|-crit|p1a: Marshall
|-damage|p1a: Marshall|44\/393
|move|p1a: Marshall|Recover|p1a: Marshall
|-heal|p1a: Marshall|241\/393
|
|-heal|p1a: Marshall|265\/393|[from] item: Leftovers
|-damage|p2a: Gyarados|0 fnt|[from] psn
|faint|p2a: Gyarados
|
|switch|p2a: Gengar|Gengar, F, shiny|262\/262
|-damage|p2a: Gengar|230\/262|[from] Stealth Rock
|turn|9
|
|switch|p1a: Kermit|Politoed, M|383\/383
|-weather|RainDance
|move|p2a: Gengar|Shadow Ball|p1a: Kermit
|-damage|p1a: Kermit|180\/383
|-damage|p2a: Gengar|204\/262|[from] item: Life Orb
|
|-weather|RainDance|[upkeep]
|-heal|p1a: Kermit|203\/383|[from] item: Leftovers
|turn|10
|
|switch|p1a: Metroid|Tentacruel, F|364\/364
|move|p2a: Gengar|Sludge Wave|p1a: Metroid
|-resisted|p1a: Metroid
|-damage|p1a: Metroid|272\/364
|-damage|p2a: Gengar|178\/262|[from] item: Life Orb
|
|-weather|RainDance|[upkeep]
|-heal|p1a: Metroid|294\/364|[from] ability: Rain Dish
|-heal|p1a: Metroid|316\/364|[from] item: Black Sludge
|turn|11
|
|move|p2a: Gengar|Destiny Bond|p2a: Gengar
|-singlemove|p2a: Gengar|Destiny Bond
|move|p1a: Metroid|Scald|p2a: Gengar
|-damage|p2a: Gengar|40\/262
|
|-weather|RainDance|[upkeep]
|-heal|p1a: Metroid|338\/364|[from] ability: Rain Dish
|-heal|p1a: Metroid|360\/364|[from] item: Black Sludge
|turn|12
|
|move|p2a: Gengar|Shadow Ball|p1a: Metroid
|-damage|p1a: Metroid|207\/364
|-damage|p2a: Gengar|14\/262|[from] item: Life Orb
|move|p1a: Metroid|Toxic Spikes|p2a: Gengar
|-sidestart|p2: arnelo2012|move: Toxic Spikes
|
|-weather|RainDance|[upkeep]
|-heal|p1a: Metroid|229\/364|[from] ability: Rain Dish
|-heal|p1a: Metroid|251\/364|[from] item: Black Sludge
|turn|13
|
|move|p1a: Metroid|Protect|p1a: Metroid
|-singleturn|p1a: Metroid|Protect
|move|p2a: Gengar|Destiny Bond|p2a: Gengar
|-singlemove|p2a: Gengar|Destiny Bond
|
|-weather|none
|-heal|p1a: Metroid|273\/364|[from] item: Black Sludge
|turn|14
|
|move|p2a: Gengar|Destiny Bond|p2a: Gengar
|-singlemove|p2a: Gengar|Destiny Bond
|move|p1a: Metroid|Toxic Spikes|p2a: Gengar
|-sidestart|p2: arnelo2012|move: Toxic Spikes
|
|-heal|p1a: Metroid|295\/364|[from] item: Black Sludge
|turn|15
|
|switch|p1a: Frisbee|Ferrothorn, F|227\/352
|move|p2a: Gengar|Shadow Ball|p1a: Frisbee
|-damage|p1a: Frisbee|91\/352
|-damage|p2a: Gengar|0 fnt|[from] item: Life Orb
|faint|p2a: Gengar
|
|
|switch|p2a: Bisharp|Bisharp, M, shiny|271\/271
|-damage|p2a: Bisharp|255\/271|[from] Stealth Rock
|-item|p2a: Bisharp|Air Balloon
|turn|16
|
|move|p2a: Bisharp|Substitute|p2a: Bisharp
|-start|p2a: Bisharp|Substitute
|-damage|p2a: Bisharp|188\/271
|move|p1a: Frisbee|Spikes|p2a: Bisharp
|-sidestart|p2: arnelo2012|Spikes
|
|turn|17
|
|move|p2a: Bisharp|Foul Play|p1a: Frisbee
|-damage|p1a: Frisbee|19\/352
|-damage|p2a: Bisharp|155\/271|[from] ability: Iron Barbs|[of] p1a: Frisbee
|-damage|p2a: Bisharp|110\/271|[from] item: Rocky Helmet|[of] p1a: Frisbee
|move|p1a: Frisbee|Spikes|p2a: Bisharp
|-sidestart|p2: arnelo2012|Spikes
|
|turn|18
|
|move|p2a: Bisharp|Foul Play|p1a: Frisbee
|-damage|p1a: Frisbee|0 fnt
|-damage|p2a: Bisharp|77\/271|[from] ability: Iron Barbs|[of] p1a: Frisbee
|-damage|p2a: Bisharp|32\/271|[from] item: Rocky Helmet|[of] p1a: Frisbee
|faint|p1a: Frisbee
|
|
|switch|p1a: Kermit|Politoed, M|203\/383
|-weather|RainDance
|turn|19
|
|move|p1a: Kermit|Protect|p1a: Kermit
|-singleturn|p1a: Kermit|Protect
|move|p2a: Bisharp|Sucker Punch|p1a: Kermit
|-fail|p1a: Kermit
|
|-weather|RainDance|[upkeep]
|-heal|p1a: Kermit|226\/383|[from] item: Leftovers
|turn|20
|
|move|p1a: Kermit|Perish Song|p1a: Kermit
|-fieldactivate|move: Perish Song
|move|p2a: Bisharp|Foul Play|p1a: Kermit
|-damage|p1a: Kermit|154\/383
|
|-start|p1a: Kermit|perish3
|-start|p2a: Bisharp|perish3
|-weather|RainDance|[upkeep]
|-heal|p1a: Kermit|177\/383|[from] item: Leftovers
|turn|21
|
|move|p1a: Kermit|Protect|p1a: Kermit
|-singleturn|p1a: Kermit|Protect
|move|p2a: Bisharp|Iron Head|p1a: Kermit
|-activate|p1a: Kermit|Protect
|
|-start|p1a: Kermit|perish2
|-start|p2a: Bisharp|perish2
|-weather|RainDance|[upkeep]
|-heal|p1a: Kermit|200\/383|[from] item: Leftovers
|turn|22
|
|switch|p1a: Metroid|Tentacruel, F|295\/364
|move|p2a: Bisharp|Iron Head|p1a: Metroid
|-resisted|p1a: Metroid
|-damage|p1a: Metroid|225\/364
|
|-start|p2a: Bisharp|perish1
|-weather|RainDance|[upkeep]
|-heal|p1a: Metroid|247\/364|[from] ability: Rain Dish
|-heal|p1a: Metroid|269\/364|[from] item: Black Sludge
|turn|23
|
|move|p1a: Metroid|Scald|p2a: Bisharp
|-end|p2a: Bisharp|Substitute
|-enditem|p2a: Bisharp|Air Balloon
|move|p2a: Bisharp|Foul Play|p1a: Metroid
|-crit|p1a: Metroid
|-damage|p1a: Metroid|148\/364
|
|-start|p2a: Bisharp|perish0
|-weather|none
|-heal|p1a: Metroid|170\/364|[from] item: Black Sludge
|faint|p2a: Bisharp
|
|switch|p2a: Landorus-Therian|Landorus-Therian, M, shiny|320\/320
|-damage|p2a: Landorus-Therian|280\/320|[from] Stealth Rock
|-ability|p2a: Landorus-Therian|Intimidate|[of] p1a: Metroid
|-unboost|p1a: Metroid|atk|1
|turn|24
|
|move|p2a: Landorus-Therian|Earthquake|p1a: Metroid
|-supereffective|p1a: Metroid
|-damage|p1a: Metroid|0 fnt
|-damage|p2a: Landorus-Therian|248\/320|[from] item: Life Orb
|faint|p1a: Metroid
|
|
|switch|p1a: Marshall|Quagsire, M|265\/393
|turn|25
|
|move|p2a: Landorus-Therian|Earthquake|p1a: Marshall
|-damage|p1a: Marshall|26\/393
|-damage|p2a: Landorus-Therian|216\/320|[from] item: Life Orb
|move|p1a: Marshall|Scald|p2a: Landorus-Therian
|-supereffective|p2a: Landorus-Therian
|-damage|p2a: Landorus-Therian|54\/320
|
|-heal|p1a: Marshall|50\/393|[from] item: Leftovers
|turn|26
|
|switch|p1a: Lockheed|Dragonite, F|386\/386
|move|p2a: Landorus-Therian|Earthquake|p1a: Lockheed
|-immune|p1a: Lockheed|[msg]
|
|turn|27
|
|move|p2a: Landorus-Therian|Stone Edge|p1a: Lockheed
|-supereffective|p1a: Lockheed
|-damage|p1a: Lockheed|185\/386
|-damage|p2a: Landorus-Therian|22\/320|[from] item: Life Orb
|move|p1a: Lockheed|Dragon Tail|p2a: Landorus-Therian
|-crit|p2a: Landorus-Therian
|-damage|p2a: Landorus-Therian|0 fnt
|faint|p2a: Landorus-Therian
|
|-heal|p1a: Lockheed|209\/386|[from] item: Leftovers
|
|switch|p2a: Thundurus|Thundurus, M, shiny|299\/299
|-damage|p2a: Thundurus|225\/299|[from] Stealth Rock
|turn|28
|
|switch|p1a: Sunnyside|Chansey, F|701\/701
|move|p2a: Thundurus|Nasty Plot|p2a: Thundurus
|-boost|p2a: Thundurus|spa|2
|
|-heal|p2a: Thundurus|243\/299|[from] item: Leftovers
|turn|29
|
|move|p2a: Thundurus|Focus Blast|p1a: Sunnyside|[miss]
|-miss|p2a: Thundurus|p1a: Sunnyside
|move|p1a: Sunnyside|Toxic|p2a: Thundurus
|-status|p2a: Thundurus|tox
|
|-heal|p2a: Thundurus|261\/299 tox|[from] item: Leftovers
|-damage|p2a: Thundurus|243\/299 tox|[from] psn
|turn|30
|
|move|p2a: Thundurus|Nasty Plot|p2a: Thundurus
|-boost|p2a: Thundurus|spa|2
|move|p1a: Sunnyside|Soft-Boiled|p1a: Sunnyside
|-fail|p1a: Sunnyside
|
|-heal|p2a: Thundurus|261\/299 tox|[from] item: Leftovers
|-damage|p2a: Thundurus|225\/299 tox|[from] psn
|turn|31
|
|move|p2a: Thundurus|Focus Blast|p1a: Sunnyside
|-supereffective|p1a: Sunnyside
|-damage|p1a: Sunnyside|169\/701
|move|p1a: Sunnyside|Seismic Toss|p2a: Thundurus
|-damage|p2a: Thundurus|125\/299 tox
|
|-heal|p2a: Thundurus|143\/299 tox|[from] item: Leftovers
|-damage|p2a: Thundurus|89\/299 tox|[from] psn
|turn|32
|
|switch|p1a: Marshall|Quagsire, M|50\/393
|move|p2a: Thundurus|Thunderbolt|p1a: Marshall
|-immune|p1a: Marshall|[msg]
|
|-heal|p2a: Thundurus|107\/299 tox|[from] item: Leftovers
|-heal|p1a: Marshall|74\/393|[from] item: Leftovers
|-damage|p2a: Thundurus|35\/299 tox|[from] psn
|turn|33
|
|move|p2a: Thundurus|Hidden Power|p1a: Marshall
|-damage|p1a: Marshall|0 fnt
|faint|p1a: Marshall
|
|-heal|p2a: Thundurus|53\/299 tox|[from] item: Leftovers
|-damage|p2a: Thundurus|0 fnt|[from] psn
|faint|p2a: Thundurus
|
|switch|p2a: Rotom-Wash|Rotom-Wash, shiny|304\/304
|-damage|p2a: Rotom-Wash|266\/304|[from] Stealth Rock
|switch|p1a: Sunnyside|Chansey, F|169\/701
|turn|34
|
|move|p2a: Rotom-Wash|Thunder Wave|p1a: Sunnyside
|-status|p1a: Sunnyside|par
|move|p1a: Sunnyside|Toxic|p2a: Rotom-Wash
|-status|p2a: Rotom-Wash|tox
|
|-damage|p2a: Rotom-Wash|247\/304 tox|[from] psn
|turn|35
|
|move|p2a: Rotom-Wash|Hydro Pump|p1a: Sunnyside
|-damage|p1a: Sunnyside|82\/701 par
|move|p1a: Sunnyside|Soft-Boiled|p1a: Sunnyside
|-heal|p1a: Sunnyside|433\/701 par
|
|-damage|p2a: Rotom-Wash|209\/304 tox|[from] psn
|turn|36
|-message|arnelo2012 forfeited.
|
|win|Janflor
|raw|Ladder updating...
|leave|arnelo2012
|player|p2
|raw|Janflor's rating: 1462 &rarr; <strong>1482<\/strong><br \/>(+20 for winning)
|raw|arnelo2012's rating: 1474 &rarr; <strong>1453<\/strong><br \/>(-21 for losing)