|join|arnelo2012
|join|Falsus
|player|p1|arnelo2012|43
|player|p2|Falsus|238
|gametype|singles
|gen|6
|tier|OU
|rated
|clearpoke
|poke|p1|Rotom-Wash, shiny
|poke|p1|Ferrothorn, F
|poke|p1|Landorus-Therian, M, shiny
|poke|p1|Thundurus, M, shiny
|poke|p1|Gengar, M, shiny
|poke|p1|Scizor, M
|poke|p2|Kabutops, M, shiny
|poke|p2|Gyarados, M
|poke|p2|Kingdra, M
|poke|p2|Greninja, M
|poke|p2|Tentacruel, M, shiny
|poke|p2|Politoed, M, shiny
|rule|Swagger Clause: Swagger is banned
|rule|Baton Pass Clause: Limit one PokÃ©mon knowing Baton Pass
|rule|Sleep Clause Mod: Limit one foe put to sleep
|rule|Species Clause: Limit one of each PokÃ©mon
|rule|OHKO Clause: OHKO moves are banned
|rule|Moody Clause: Moody is banned
|rule|Evasion Moves Clause: Evasion moves are banned
|rule|Endless Battle Clause: Forcing endless battles is banned
|rule|HP Percentage Mod: HP is reported as percentages
|teampreview
|
|start
|switch|p1a: Rotom-Wash|Rotom-Wash, shiny|304\/304
|switch|p2a: freddo|Greninja, M|285\/285
|turn|1
|
|move|p2a: freddo|Grass Knot|p1a: Rotom-Wash
|-start|p2a: freddo|typechange|Grass|[from] Protean
|-supereffective|p1a: Rotom-Wash
|-damage|p1a: Rotom-Wash|226\/304
|-damage|p2a: freddo|257\/285|[from] item: Life Orb
|move|p1a: Rotom-Wash|Volt Switch|p2a: freddo
|-crit|p2a: freddo
|-resisted|p2a: freddo
|-damage|p2a: freddo|158\/285
|
|switch|p1a: Gengar|Gengar, M, shiny|262\/262
|
|turn|2
|
|switch|p2a: i'm nu:(|Politoed, M, shiny|383\/383
|-weather|RainDance
|move|p1a: Gengar|Sludge Wave|p2a: i'm nu:(
|-damage|p2a: i'm nu:(|212\/383
|
|-weather|RainDance|[upkeep]
|turn|3
|
|switch|p1a: Ferrothorn|Ferrothorn, F|352\/352
|move|p2a: i'm nu:(|Hydro Pump|p1a: Ferrothorn
|-resisted|p1a: Ferrothorn
|-damage|p1a: Ferrothorn|268\/352
|
|-weather|RainDance|[upkeep]
|turn|4
|
|switch|p2a: squidward|Tentacruel, M, shiny|364\/364
|move|p1a: Ferrothorn|Stealth Rock|p2a: squidward
|-sidestart|p2: Falsus|move: Stealth Rock
|
|-weather|RainDance|[upkeep]
|turn|5
|
|move|p2a: squidward|Infestation|p1a: Ferrothorn
|-damage|p1a: Ferrothorn|257\/352
|-damage|p2a: squidward|319\/364|[from] ability: Iron Barbs|[of] p1a: Ferrothorn
|-activate|p1a: Ferrothorn|move: Infestation|[of] p2a: squidward
|move|p1a: Ferrothorn|Leech Seed|p2a: squidward
|-start|p2a: squidward|move: Leech Seed
|
|-weather|RainDance|[upkeep]
|-heal|p2a: squidward|341\/364|[from] item: Black Sludge
|-damage|p2a: squidward|296\/364|[from] Leech Seed|[of] p1a: Ferrothorn
|-damage|p1a: Ferrothorn|212\/352|[from] ability: Liquid Ooze|[of] p2a: squidward
|-damage|p1a: Ferrothorn|168\/352|[from] move: Infestation|[partiallytrapped]
|turn|6
|
|move|p2a: squidward|Scald|p1a: Ferrothorn
|-resisted|p1a: Ferrothorn
|-damage|p1a: Ferrothorn|124\/352
|move|p1a: Ferrothorn|Power Whip|p2a: squidward
|-damage|p2a: squidward|176\/364
|
|-weather|RainDance|[upkeep]
|-heal|p2a: squidward|198\/364|[from] item: Black Sludge
|-damage|p2a: squidward|153\/364|[from] Leech Seed|[of] p1a: Ferrothorn
|-damage|p1a: Ferrothorn|79\/352|[from] ability: Liquid Ooze|[of] p2a: squidward
|-damage|p1a: Ferrothorn|35\/352|[from] move: Infestation|[partiallytrapped]
|turn|7
|
|move|p2a: squidward|Rapid Spin|p1a: Ferrothorn
|-resisted|p1a: Ferrothorn
|-damage|p1a: Ferrothorn|31\/352
|-damage|p2a: squidward|108\/364|[from] ability: Iron Barbs|[of] p1a: Ferrothorn
|-end|p2a: squidward|Leech Seed|[from] move: Rapid Spin|[of] p2a: squidward
|-sideend|p2: Falsus|Stealth Rock|[from] move: Rapid Spin|[of] p2a: squidward
|move|p1a: Ferrothorn|Power Whip|p2a: squidward
|-damage|p2a: squidward|0 fnt
|faint|p2a: squidward
|
|-weather|RainDance|[upkeep]
|-end|p1a: Ferrothorn|Infestation|[partiallytrapped]
|
|switch|p2a: freddo|Greninja, M|158\/285
|turn|8
|
|move|p2a: freddo|Ice Beam|p1a: Ferrothorn
|-start|p2a: freddo|typechange|Ice|[from] Protean
|-damage|p1a: Ferrothorn|0 fnt
|-damage|p2a: freddo|130\/285|[from] item: Life Orb
|faint|p1a: Ferrothorn
|
|-weather|RainDance|[upkeep]
|
|switch|p1a: Gengar|Gengar, M, shiny|262\/262
|turn|9
|
|move|p2a: freddo|Extrasensory|p1a: Gengar
|-start|p2a: freddo|typechange|Psychic|[from] Protean
|-supereffective|p1a: Gengar
|-damage|p1a: Gengar|0 fnt
|-damage|p2a: freddo|102\/285|[from] item: Life Orb
|faint|p1a: Gengar
|
|-weather|none
|
|switch|p1a: Rotom-Wash|Rotom-Wash, shiny|226\/304
|turn|10
|
|move|p2a: freddo|Extrasensory|p1a: Rotom-Wash
|-damage|p1a: Rotom-Wash|69\/304
|-damage|p2a: freddo|74\/285|[from] item: Life Orb
|move|p1a: Rotom-Wash|Will-O-Wisp|p2a: freddo
|-status|p2a: freddo|brn
|
|-damage|p2a: freddo|39\/285 brn|[from] brn
|turn|11
|
|move|p2a: freddo|Hidden Power|p1a: Rotom-Wash
|-start|p2a: freddo|typechange|Fire|[from] Protean
|-resisted|p1a: Rotom-Wash
|-damage|p1a: Rotom-Wash|17\/304
|-damage|p2a: freddo|11\/285 brn|[from] item: Life Orb
|move|p1a: Rotom-Wash|Rest|p1a: Rotom-Wash
|-status|p1a: Rotom-Wash|slp
|-heal|p1a: Rotom-Wash|304\/304 slp|[silent]
|-status|p1a: Rotom-Wash|slp|[from] move: Rest
|-enditem|p1a: Rotom-Wash|Chesto Berry|[eat]
|-curestatus|p1a: Rotom-Wash|slp
|
|-damage|p2a: freddo|0 fnt|[from] brn
|faint|p2a: freddo
|
|switch|p2a: i'm nu:(|Politoed, M, shiny|212\/383
|-weather|RainDance
|turn|12
|
|move|p1a: Rotom-Wash|Volt Switch|p2a: i'm nu:(
|-supereffective|p2a: i'm nu:(
|-damage|p2a: i'm nu:(|48\/383
|
|switch|p1a: Thundurus|Thundurus, M, shiny|299\/299
|move|p2a: i'm nu:(|Hydro Pump|p1a: Thundurus
|-damage|p1a: Thundurus|115\/299
|
|-weather|RainDance|[upkeep]
|turn|13
|
|move|p1a: Thundurus|Thunderbolt|p2a: i'm nu:(
|-supereffective|p2a: i'm nu:(
|-damage|p2a: i'm nu:(|0 fnt
|faint|p2a: i'm nu:(
|
|-weather|RainDance|[upkeep]
|
|switch|p2a: meh|Kingdra, M|291\/291
|turn|14
|
|switch|p1a: Rotom-Wash|Rotom-Wash, shiny|304\/304
|move|p2a: meh|Dragon Dance|p2a: meh
|-boost|p2a: meh|atk|1
|-boost|p2a: meh|spe|1
|
|-weather|RainDance|[upkeep]
|turn|15
|
|move|p2a: meh|Dragon Dance|p2a: meh
|-boost|p2a: meh|atk|1
|-boost|p2a: meh|spe|1
|move|p1a: Rotom-Wash|Will-O-Wisp|p2a: meh
|-status|p2a: meh|brn
|-enditem|p2a: meh|Lum Berry|[eat]
|-curestatus|p2a: meh|brn
|
|-weather|RainDance|[upkeep]
|turn|16
|
|move|p2a: meh|Outrage|p1a: Rotom-Wash
|-damage|p1a: Rotom-Wash|45\/304
|move|p1a: Rotom-Wash|Will-O-Wisp|p2a: meh|[miss]
|-miss|p1a: Rotom-Wash|p2a: meh
|
|-weather|RainDance|[upkeep]
|turn|17
|
|move|p2a: meh|Outrage|p1a: Rotom-Wash
|-damage|p1a: Rotom-Wash|0 fnt
|faint|p1a: Rotom-Wash
|
|-end|p2a: meh|rampage
|-start|p2a: meh|confusion
|-weather|RainDance|[upkeep]
|
|switch|p1a: Scizor|Scizor, M|344\/344
|turn|18
|
|switch|p2a: mad?|Gyarados, M|393\/393
|-ability|p2a: mad?|Intimidate|[of] p1a: Scizor
|-unboost|p1a: Scizor|atk|1
|detailschange|p1a: Scizor|Scizor-Mega, M
|message|Scizor has Mega Evolved into Mega Scizor!
|move|p1a: Scizor|Swords Dance|p1a: Scizor
|-boost|p1a: Scizor|atk|2
|
|-weather|RainDance|[upkeep]
|turn|19
|
|detailschange|p2a: mad?|Gyarados-Mega, M
|message|Gyarados has Mega Evolved into Mega Gyarados!
|-ability|p2a: mad?|Mold Breaker
|move|p2a: mad?|Waterfall|p1a: Scizor
|-damage|p1a: Scizor|164\/344
|move|p1a: Scizor|Swords Dance|p1a: Scizor
|-boost|p1a: Scizor|atk|2
|
|-weather|none
|turn|20
|
|move|p1a: Scizor|Bullet Punch|p2a: mad?
|-resisted|p2a: mad?
|-damage|p2a: mad?|254\/393
|move|p2a: mad?|Earthquake|p1a: Scizor
|-damage|p1a: Scizor|70\/344
|
|turn|21
|
|move|p1a: Scizor|Bullet Punch|p2a: mad?
|-resisted|p2a: mad?
|-damage|p2a: mad?|132\/393
|move|p2a: mad?|Earthquake|p1a: Scizor
|-damage|p1a: Scizor|0 fnt
|faint|p1a: Scizor
|
|
|switch|p1a: Thundurus|Thundurus, M, shiny|115\/299
|turn|22
|
|move|p1a: Thundurus|Thunderbolt|p2a: mad?
|-supereffective|p2a: mad?
|-damage|p2a: mad?|0 fnt
|faint|p2a: mad?
|
|
|switch|p2a: meh|Kingdra, M|291\/291
|turn|23
|
|move|p1a: Thundurus|Thunderbolt|p2a: meh
|-damage|p2a: meh|128\/291
|move|p2a: meh|Waterfall|p1a: Thundurus
|-damage|p1a: Thundurus|0 fnt
|faint|p1a: Thundurus
|
|
|switch|p1a: Landorus-Therian|Landorus-Therian, M, shiny|331\/331
|-ability|p1a: Landorus-Therian|Intimidate|[of] p2a: meh
|-unboost|p2a: meh|atk|1
|turn|24
|
|move|p1a: Landorus-Therian|Earthquake|p2a: meh
|-crit|p2a: meh
|-damage|p2a: meh|0 fnt
|faint|p2a: meh
|
|
|switch|p2a: banded breh|Kabutops, M, shiny|261\/261
|turn|25
|chat|arnelo2012|gg
|
|move|p1a: Landorus-Therian|Earthquake|p2a: banded breh
|-supereffective|p2a: banded breh
|-enditem|p2a: banded breh|Focus Sash
|-damage|p2a: banded breh|1\/261
|move|p2a: banded breh|Waterfall|p1a: Landorus-Therian
|-supereffective|p1a: Landorus-Therian
|-damage|p1a: Landorus-Therian|1\/331
|
|turn|26
|chat|Falsus|gg
|chat|arnelo2012|wooow hhaha
|
|move|p2a: banded breh|Aqua Jet|p1a: Landorus-Therian
|-crit|p1a: Landorus-Therian
|-supereffective|p1a: Landorus-Therian
|-damage|p1a: Landorus-Therian|0 fnt
|faint|p1a: Landorus-Therian
|
|win|Falsus
|raw|Ladder updating...
|raw|arnelo2012's rating: 1408 &rarr; <strong>1387<\/strong><br \/>(-21 for losing)
|raw|Falsus's rating: 1384 &rarr; <strong>1405<\/strong><br \/>(+21 for winning)