|join|PKMN Trainer JW
|join|arnelo2012
|player|p1|PKMN Trainer JW|240
|player|p2|arnelo2012|43
|gametype|singles
|gen|6
|tier|OU
|rated
|clearpoke
|poke|p1|Umbreon, M, shiny
|poke|p1|Gengar, M
|poke|p1|Infernape, M
|poke|p1|Garchomp, M
|poke|p1|Blastoise, M
|poke|p1|Mawile, F
|poke|p2|Ferrothorn, F, shiny
|poke|p2|Gyarados, M, shiny
|poke|p2|Excadrill, F, shiny
|poke|p2|Greninja, F, shiny
|poke|p2|Gengar, M, shiny
|poke|p2|Talonflame, M, shiny
|rule|Swagger Clause: Swagger is banned
|rule|Baton Pass Clause: Limit one PokÃ©mon knowing Baton Pass
|rule|Sleep Clause Mod: Limit one foe put to sleep
|rule|Species Clause: Limit one of each PokÃ©mon
|rule|OHKO Clause: OHKO moves are banned
|rule|Moody Clause: Moody is banned
|rule|Evasion Moves Clause: Evasion moves are banned
|rule|Endless Battle Clause: Forcing endless battles is banned
|rule|HP Percentage Mod: HP is reported as percentages
|teampreview
|
|start
|switch|p1a: Nape|Infernape, M|293\/293
|switch|p2a: Imadragon|Gyarados, M, shiny|331\/331
|-ability|p2a: Imadragon|Intimidate|[of] p1a: Nape
|-unboost|p1a: Nape|atk|1
|turn|1
|
|move|p1a: Nape|Fake Out|p2a: Imadragon
|-damage|p2a: Imadragon|298\/331
|cant|p2a: Imadragon|flinch
|
|turn|2
|
|switch|p1a: Wallturtle|Blastoise, M|361\/361
|move|p2a: Imadragon|Dragon Dance|p2a: Imadragon
|-boost|p2a: Imadragon|atk|1
|-boost|p2a: Imadragon|spe|1
|
|turn|3
|
|detailschange|p2a: Imadragon|Gyarados-Mega, M, shiny
|message|Gyarados has Mega Evolved into Mega Gyarados!
|-ability|p2a: Imadragon|Mold Breaker
|move|p2a: Imadragon|Dragon Dance|p2a: Imadragon
|-boost|p2a: Imadragon|atk|1
|-boost|p2a: Imadragon|spe|1
|move|p1a: Wallturtle|Scald|p2a: Imadragon
|-resisted|p2a: Imadragon
|-damage|p2a: Imadragon|266\/331
|-status|p2a: Imadragon|brn
|
|-damage|p2a: Imadragon|225\/331 brn|[from] brn
|turn|4
|
|move|p2a: Imadragon|Dragon Dance|p2a: Imadragon
|-boost|p2a: Imadragon|atk|1
|-boost|p2a: Imadragon|spe|1
|move|p1a: Wallturtle|Haze|p1a: Wallturtle
|-clearallboost
|
|-damage|p2a: Imadragon|184\/331 brn|[from] brn
|turn|5
|
|move|p2a: Imadragon|Earthquake|p1a: Wallturtle
|-damage|p1a: Wallturtle|307\/361
|move|p1a: Wallturtle|Scald|p2a: Imadragon
|-resisted|p2a: Imadragon
|-damage|p2a: Imadragon|154\/331 brn
|
|-damage|p2a: Imadragon|113\/331 brn|[from] brn
|turn|6
|
|move|p2a: Imadragon|Earthquake|p1a: Wallturtle
|-damage|p1a: Wallturtle|258\/361
|move|p1a: Wallturtle|Scald|p2a: Imadragon
|-resisted|p2a: Imadragon
|-damage|p2a: Imadragon|82\/331 brn
|
|-damage|p2a: Imadragon|41\/331 brn|[from] brn
|turn|7
|
|switch|p1a: Black Sabbath|Umbreon, M, shiny|393\/393
|move|p2a: Imadragon|Earthquake|p1a: Black Sabbath
|-damage|p1a: Black Sabbath|327\/393
|
|-heal|p1a: Black Sabbath|351\/393|[from] item: Leftovers
|-damage|p2a: Imadragon|0 fnt|[from] brn
|faint|p2a: Imadragon
|
|switch|p2a: Excadrill|Excadrill, F, shiny|362\/362
|-ability|p2a: Excadrill|Mold Breaker
|turn|8
|
|move|p2a: Excadrill|Earthquake|p1a: Black Sabbath
|-damage|p1a: Black Sabbath|176\/393
|move|p1a: Black Sabbath|Foul Play|p2a: Excadrill
|-damage|p2a: Excadrill|94\/362
|
|-heal|p1a: Black Sabbath|200\/393|[from] item: Leftovers
|turn|9
|
|switch|p1a: Wallturtle|Blastoise, M|258\/361
|move|p2a: Excadrill|Earthquake|p1a: Wallturtle
|-damage|p1a: Wallturtle|104\/361
|
|turn|10
|join|Nicknich
|
|move|p2a: Excadrill|Earthquake|p1a: Wallturtle
|-damage|p1a: Wallturtle|0 fnt
|faint|p1a: Wallturtle
|
|
|switch|p1a: Black Sabbath|Umbreon, M, shiny|200\/393
|turn|11
|
|move|p2a: Excadrill|Earthquake|p1a: Black Sabbath
|-damage|p1a: Black Sabbath|10\/393
|move|p1a: Black Sabbath|Wish|p1a: Black Sabbath
|
|-heal|p1a: Black Sabbath|34\/393|[from] item: Leftovers
|turn|12
|
|move|p1a: Black Sabbath|Protect|p1a: Black Sabbath
|-singleturn|p1a: Black Sabbath|Protect
|move|p2a: Excadrill|Earthquake|p1a: Black Sabbath
|-activate|p1a: Black Sabbath|Protect
|
|-heal|p1a: Black Sabbath|230\/393|[from] move: Wish|[wisher] Black Sabbath
|-heal|p1a: Black Sabbath|254\/393|[from] item: Leftovers
|turn|13
|
|move|p2a: Excadrill|Earthquake|p1a: Black Sabbath
|-damage|p1a: Black Sabbath|73\/393
|move|p1a: Black Sabbath|Foul Play|p2a: Excadrill
|-damage|p2a: Excadrill|0 fnt
|faint|p2a: Excadrill
|
|-heal|p1a: Black Sabbath|97\/393|[from] item: Leftovers
|
|switch|p2a: Ferrothorn|Ferrothorn, F, shiny|352\/352
|turn|14
|
|switch|p1a: Nape|Infernape, M|293\/293
|move|p2a: Ferrothorn|Stealth Rock|p1a: Nape
|-sidestart|p1: PKMN Trainer JW|move: Stealth Rock
|
|turn|15
|
|switch|p2a: CatchMeIfYouCan|Talonflame, M, shiny|298\/298
|move|p1a: Nape|Stealth Rock|p2a: CatchMeIfYouCan
|-sidestart|p2: arnelo2012|move: Stealth Rock
|
|turn|16
|
|move|p2a: CatchMeIfYouCan|Swords Dance|p2a: CatchMeIfYouCan
|-boost|p2a: CatchMeIfYouCan|atk|2
|move|p1a: Nape|Overheat|p2a: CatchMeIfYouCan
|-resisted|p2a: CatchMeIfYouCan
|-damage|p2a: CatchMeIfYouCan|182\/298
|-unboost|p1a: Nape|spa|2
|
|turn|17
|
|move|p2a: CatchMeIfYouCan|Roost|p2a: CatchMeIfYouCan
|-heal|p2a: CatchMeIfYouCan|298\/298
|move|p1a: Nape|Close Combat|p2a: CatchMeIfYouCan
|-damage|p2a: CatchMeIfYouCan|66\/298
|-unboost|p1a: Nape|def|1
|-unboost|p1a: Nape|spd|1
|
|turn|18
|
|move|p2a: CatchMeIfYouCan|Brave Bird|p1a: Nape
|-supereffective|p1a: Nape
|-enditem|p1a: Nape|Focus Sash
|-damage|p1a: Nape|1\/293
|-damage|p2a: CatchMeIfYouCan|0 fnt|[from] recoil|[of] p1a: Nape
|faint|p2a: CatchMeIfYouCan
|move|p1a: Nape|Close Combat|p2: CatchMeIfYouCan|[notarget]
|-notarget
|
|chat|PKMN Trainer JW|vai roosta
|chat|Nicknich|ssssssss
|chat|Nicknich|jhonn
|
|switch|p2a: Greninja|Greninja, F, shiny|286\/286
|-damage|p2a: Greninja|251\/286|[from] Stealth Rock
|turn|19
|chat|PKMN Trainer JW|lecko
|chat|PKMN Trainer JW|ta com passiensia
|chat|Nicknich|pq o meu fone n funfa na porra da caxa de som
|chat|PKMN Trainer JW|pra recupera msm?
|chat|PKMN Trainer JW|zoia meu elo kfksfjds
|
|move|p2a: Greninja|Hidden Power|p1a: Nape
|-start|p2a: Greninja|typechange|Fire|[from] Protean
|-resisted|p1a: Nape
|-damage|p1a: Nape|0 fnt
|faint|p1a: Nape
|
|chat|Nicknich|LLLLLLLLLLLLLLLLLLLLLLLLLLLLLLLLLLLLLLLLL
|chat|Nicknich|TO NA SUA FRENTE
|
|switch|p1a: Chomp|Garchomp, M|357\/357
|-damage|p1a: Chomp|335\/357|[from] Stealth Rock
|turn|20
|
|move|p1a: Chomp|Outrage|p2a: Greninja
|-damage|p2a: Greninja|0 fnt
|faint|p2a: Greninja
|
|
|switch|p2a: Ferrothorn|Ferrothorn, F, shiny|352\/352
|-damage|p2a: Ferrothorn|330\/352|[from] Stealth Rock
|turn|21
|
|move|p1a: Chomp|Outrage|p2a: Ferrothorn
|-resisted|p2a: Ferrothorn
|-damage|p2a: Ferrothorn|267\/352
|-damage|p1a: Chomp|291\/357|[from] ability: Iron Barbs|[of] p2a: Ferrothorn
|move|p2a: Ferrothorn|Spikes|p1a: Chomp
|-sidestart|p1: PKMN Trainer JW|Spikes
|
|-heal|p2a: Ferrothorn|289\/352|[from] item: Leftovers
|turn|22
|
|move|p1a: Chomp|Outrage|p2a: Ferrothorn
|-resisted|p2a: Ferrothorn
|-damage|p2a: Ferrothorn|228\/352
|-damage|p1a: Chomp|247\/357|[from] ability: Iron Barbs|[of] p2a: Ferrothorn
|move|p2a: Ferrothorn|Spikes|p1a: Chomp
|-sidestart|p1: PKMN Trainer JW|Spikes
|
|-end|p1a: Chomp|rampage
|-start|p1a: Chomp|confusion
|-heal|p2a: Ferrothorn|250\/352|[from] item: Leftovers
|turn|23
|
|switch|p1a: U mad?|Gengar, M|261\/261
|-damage|p1a: U mad?|229\/261|[from] Stealth Rock
|move|p2a: Ferrothorn|Spikes|p1a: U mad?
|-sidestart|p1: PKMN Trainer JW|Spikes
|
|-heal|p1a: U mad?|245\/261|[from] item: Black Sludge
|-heal|p2a: Ferrothorn|272\/352|[from] item: Leftovers
|turn|24
|
|move|p1a: U mad?|Shadow Ball|p2a: Ferrothorn
|-damage|p2a: Ferrothorn|145\/352
|move|p2a: Ferrothorn|Leech Seed|p1a: U mad?
|-start|p1a: U mad?|move: Leech Seed
|
|-heal|p1a: U mad?|261\/261|[from] item: Black Sludge
|-heal|p2a: Ferrothorn|167\/352|[from] item: Leftovers
|-damage|p1a: U mad?|229\/261|[from] Leech Seed|[of] p2a: Ferrothorn
|-heal|p2a: Ferrothorn|199\/352|[silent]
|turn|25
|
|move|p1a: U mad?|Focus Blast|p2a: Ferrothorn|[miss]
|-miss|p1a: U mad?|p2a: Ferrothorn
|move|p2a: Ferrothorn|Power Whip|p1a: U mad?
|-resisted|p1a: U mad?
|-damage|p1a: U mad?|126\/261
|
|-heal|p1a: U mad?|142\/261|[from] item: Black Sludge
|-heal|p2a: Ferrothorn|221\/352|[from] item: Leftovers
|-damage|p1a: U mad?|110\/261|[from] Leech Seed|[of] p2a: Ferrothorn
|-heal|p2a: Ferrothorn|253\/352|[silent]
|turn|26
|
|move|p1a: U mad?|Focus Blast|p2a: Ferrothorn|[miss]
|-miss|p1a: U mad?|p2a: Ferrothorn
|move|p2a: Ferrothorn|Leech Seed|p1a: U mad?
|-fail|p1a: U mad?
|
|-heal|p1a: U mad?|126\/261|[from] item: Black Sludge
|-heal|p2a: Ferrothorn|275\/352|[from] item: Leftovers
|-damage|p1a: U mad?|94\/261|[from] Leech Seed|[of] p2a: Ferrothorn
|-heal|p2a: Ferrothorn|307\/352|[silent]
|turn|27
|
|switch|p1a: Black Sabbath|Umbreon, M, shiny|97\/393
|-damage|p1a: Black Sabbath|48\/393|[from] Stealth Rock
|-damage|p1a: Black Sabbath|0 fnt|[from] Spikes
|faint|p1a: Black Sabbath
|move|p2a: Ferrothorn|Power Whip|p1: Black Sabbath|[notarget]
|-notarget
|
|-heal|p2a: Ferrothorn|329\/352|[from] item: Leftovers
|
|switch|p1a: Iron Maiden|Mawile, F|303\/303
|-damage|p1a: Iron Maiden|285\/303|[from] Stealth Rock
|-damage|p1a: Iron Maiden|210\/303|[from] Spikes
|-ability|p1a: Iron Maiden|Intimidate|[of] p2a: Ferrothorn
|-unboost|p2a: Ferrothorn|atk|1
|turn|28
|
|detailschange|p1a: Iron Maiden|Mawile-Mega, F
|message|Mawile has Mega Evolved into Mega Mawile!
|move|p1a: Iron Maiden|Substitute|p1a: Iron Maiden
|-start|p1a: Iron Maiden|Substitute
|-damage|p1a: Iron Maiden|135\/303
|move|p2a: Ferrothorn|Leech Seed|p1a: Iron Maiden
|
|-heal|p2a: Ferrothorn|351\/352|[from] item: Leftovers
|turn|29
|chat|Nicknich|mawile melhor poke
|
|-singleturn|p1a: Iron Maiden|move: Focus Punch
|move|p2a: Ferrothorn|Power Whip|p1a: Iron Maiden
|-resisted|p1a: Iron Maiden
|-activate|p1a: Iron Maiden|Substitute|[damage]
|move|p1a: Iron Maiden|Focus Punch|p2a: Ferrothorn
|-supereffective|p2a: Ferrothorn
|-damage|p2a: Ferrothorn|0 fnt
|-damage|p1a: Iron Maiden|98\/303|[from] ability: Iron Barbs|[of] p2a: Ferrothorn
|faint|p2a: Ferrothorn
|
|
|switch|p2a: Spookymeister|Gengar, M, shiny|262\/262
|-damage|p2a: Spookymeister|230\/262|[from] Stealth Rock
|turn|30
|chat|PKMN Trainer JW|VAI PRA PUTA QUE TE PARIU FILHO DE UMA KANGA
|
|move|p2a: Spookymeister|Shadow Ball|p1a: Iron Maiden
|-end|p1a: Iron Maiden|Substitute
|-damage|p2a: Spookymeister|204\/262|[from] item: Life Orb
|move|p1a: Iron Maiden|Play Rough|p2a: Spookymeister|[miss]
|-miss|p1a: Iron Maiden|p2a: Spookymeister
|
|turn|31
|
|move|p2a: Spookymeister|Destiny Bond|p2a: Spookymeister
|-singlemove|p2a: Spookymeister|Destiny Bond
|move|p1a: Iron Maiden|Play Rough|p2a: Spookymeister
|-resisted|p2a: Spookymeister
|-damage|p2a: Spookymeister|0 fnt
|faint|p2a: Spookymeister
|-activate|p2a: Spookymeister|Destiny Bond
|faint|p1a: Iron Maiden
|
|win|PKMN Trainer JW
|raw|Ladder updating...
|raw|PKMN Trainer JW's rating: 1663 &rarr; <strong>1679<\/strong><br \/>(+16 for winning)
|raw|arnelo2012's rating: 1590 &rarr; <strong>1574<\/strong><br \/>(-16 for losing)
|chat|Nicknich|koe dion