|join|arnelo2012
|join|ForbiddenNoodles
|player|p1|arnelo2012|43
|player|p2|ForbiddenNoodles|109
|gametype|singles
|gen|6
|tier|OU
|rated
|clearpoke
|poke|p1|Rotom-Wash, shiny
|poke|p1|Ferrothorn, F
|poke|p1|Landorus-Therian, M, shiny
|poke|p1|Charizard, M, shiny
|poke|p1|Gengar, M, shiny
|poke|p1|Weavile, F, shiny
|poke|p2|Aegislash, M
|poke|p2|Gliscor, M
|poke|p2|Keldeo-Resolute
|poke|p2|Medicham, M, shiny
|poke|p2|Thundurus, M, shiny
|poke|p2|Heatran, F, shiny
|rule|Swagger Clause: Swagger is banned
|rule|Baton Pass Clause: Limit one PokÃ©mon knowing Baton Pass
|rule|Sleep Clause Mod: Limit one foe put to sleep
|rule|Species Clause: Limit one of each PokÃ©mon
|rule|OHKO Clause: OHKO moves are banned
|rule|Moody Clause: Moody is banned
|rule|Evasion Moves Clause: Evasion moves are banned
|rule|Endless Battle Clause: Forcing endless battles is banned
|rule|HP Percentage Mod: HP is reported as percentages
|teampreview
|
|start
|switch|p1a: Rotom-Wash|Rotom-Wash, shiny|304\/304
|switch|p2a: Miami|Heatran, F, shiny|386\/386
|-item|p2a: Miami|Air Balloon
|turn|1
|
|move|p1a: Rotom-Wash|Hydro Pump|p2a: Miami
|-supereffective|p2a: Miami
|-damage|p2a: Miami|192\/386
|-enditem|p2a: Miami|Air Balloon
|move|p2a: Miami|Stealth Rock|p1a: Rotom-Wash
|-sidestart|p1: arnelo2012|move: Stealth Rock
|
|turn|2
|
|switch|p2a: Charlie|Keldeo-Resolute|323\/323
|move|p1a: Rotom-Wash|Will-O-Wisp|p2a: Charlie
|-status|p2a: Charlie|brn
|
|-damage|p2a: Charlie|283\/323 brn|[from] brn
|turn|3
|
|move|p2a: Charlie|Hidden Power|p1a: Rotom-Wash
|-supereffective|p1a: Rotom-Wash
|-damage|p1a: Rotom-Wash|164\/304
|move|p1a: Rotom-Wash|Volt Switch|p2a: Charlie
|-supereffective|p2a: Charlie
|-damage|p2a: Charlie|101\/323 brn
|
|switch|p1a: Gengar|Gengar, M, shiny|262\/262
|-damage|p1a: Gengar|230\/262|[from] Stealth Rock
|
|-damage|p2a: Charlie|61\/323 brn|[from] brn
|turn|4
|
|switch|p2a: Miami|Heatran, F, shiny|192\/386
|move|p1a: Gengar|Shadow Ball|p2a: Miami
|-crit|p2a: Miami
|-damage|p2a: Miami|21\/386
|
|turn|5
|
|move|p2a: Miami|Protect|p2a: Miami
|-singleturn|p2a: Miami|Protect
|move|p1a: Gengar|Shadow Ball|p2a: Miami
|-activate|p2a: Miami|Protect
|
|turn|6
|
|move|p1a: Gengar|Shadow Ball|p2a: Miami
|-damage|p2a: Miami|0 fnt
|faint|p2a: Miami
|
|
|switch|p2a: Charlie|Keldeo-Resolute|61\/323 brn
|turn|7
|
|move|p2a: Charlie|Hydro Pump|p1a: Gengar
|-damage|p1a: Gengar|0 fnt
|faint|p1a: Gengar
|
|-damage|p2a: Charlie|21\/323 brn|[from] brn
|
|switch|p1a: Rotom-Wash|Rotom-Wash, shiny|164\/304
|-damage|p1a: Rotom-Wash|126\/304|[from] Stealth Rock
|turn|8
|
|switch|p2a: UGot3Wishes|Thundurus, M, shiny|300\/300
|switch|p1a: Ferrothorn|Ferrothorn, F|352\/352
|-damage|p1a: Ferrothorn|330\/352|[from] Stealth Rock
|
|turn|9
|
|move|p2a: UGot3Wishes|Nasty Plot|p2a: UGot3Wishes
|-boost|p2a: UGot3Wishes|spa|2
|move|p1a: Ferrothorn|Stealth Rock|p2a: UGot3Wishes
|-sidestart|p2: ForbiddenNoodles|move: Stealth Rock
|
|turn|10
|
|switch|p1a: Landorus-Therian|Landorus-Therian, M, shiny|331\/331
|-damage|p1a: Landorus-Therian|290\/331|[from] Stealth Rock
|-ability|p1a: Landorus-Therian|Intimidate|[of] p2a: UGot3Wishes
|-unboost|p2a: UGot3Wishes|atk|1
|move|p2a: UGot3Wishes|Focus Blast|p1a: Landorus-Therian|[miss]
|-miss|p2a: UGot3Wishes|p1a: Landorus-Therian
|
|turn|11
|
|move|p2a: UGot3Wishes|Hidden Power|p1a: Landorus-Therian
|-supereffective|p1a: Landorus-Therian
|-damage|p1a: Landorus-Therian|0 fnt
|-damage|p2a: UGot3Wishes|270\/300|[from] item: Life Orb
|faint|p1a: Landorus-Therian
|
|
|switch|p1a: Charizard|Charizard, M, shiny|298\/298
|-damage|p1a: Charizard|149\/298|[from] Stealth Rock
|turn|12
|
|detailschange|p1a: Charizard|Charizard-Mega-Y, M, shiny
|message|Charizard has Mega Evolved into Mega Charizard!
|-weather|SunnyDay
|move|p2a: UGot3Wishes|Thunderbolt|p1a: Charizard
|-supereffective|p1a: Charizard
|-damage|p1a: Charizard|0 fnt
|-damage|p2a: UGot3Wishes|240\/300|[from] item: Life Orb
|faint|p1a: Charizard
|
|-weather|SunnyDay|[upkeep]
|
|switch|p1a: Weavile|Weavile, F, shiny|282\/282
|-damage|p1a: Weavile|212\/282|[from] Stealth Rock
|-ability|p1a: Weavile|Pressure
|turn|13
|
|move|p2a: UGot3Wishes|Focus Blast|p1a: Weavile
|-supereffective|p1a: Weavile
|-damage|p1a: Weavile|0 fnt
|-damage|p2a: UGot3Wishes|210\/300|[from] item: Life Orb
|faint|p1a: Weavile
|
|-weather|SunnyDay|[upkeep]
|
|switch|p1a: Rotom-Wash|Rotom-Wash, shiny|126\/304
|-damage|p1a: Rotom-Wash|88\/304|[from] Stealth Rock
|turn|14
|chat|ForbiddenNoodles|#thundurusjustswepyou
|
|move|p2a: UGot3Wishes|Focus Blast|p1a: Rotom-Wash|[miss]
|-miss|p2a: UGot3Wishes|p1a: Rotom-Wash
|move|p1a: Rotom-Wash|Rest|p1a: Rotom-Wash
|-status|p1a: Rotom-Wash|slp
|-heal|p1a: Rotom-Wash|304\/304 slp|[silent]
|-status|p1a: Rotom-Wash|slp|[from] move: Rest
|-enditem|p1a: Rotom-Wash|Chesto Berry|[eat]
|-curestatus|p1a: Rotom-Wash|slp
|
|-weather|SunnyDay|[upkeep]
|turn|15
|chat|ForbiddenNoodles|not yet
|
|move|p2a: UGot3Wishes|Focus Blast|p1a: Rotom-Wash|[miss]
|-miss|p2a: UGot3Wishes|p1a: Rotom-Wash
|move|p1a: Rotom-Wash|Will-O-Wisp|p2a: UGot3Wishes
|-status|p2a: UGot3Wishes|brn
|
|-weather|SunnyDay|[upkeep]
|-damage|p2a: UGot3Wishes|173\/300 brn|[from] brn
|turn|16
|
|move|p2a: UGot3Wishes|Focus Blast|p1a: Rotom-Wash
|-damage|p1a: Rotom-Wash|0 fnt
|-damage|p2a: UGot3Wishes|143\/300 brn|[from] item: Life Orb
|faint|p1a: Rotom-Wash
|
|-weather|none
|-damage|p2a: UGot3Wishes|106\/300 brn|[from] brn
|-message|arnelo2012 forfeited.
|
|win|ForbiddenNoodles
|raw|Ladder updating...
|leave|arnelo2012
|player|p1
|raw|arnelo2012's rating: 1437 &rarr; <strong>1418<\/strong><br \/>(-19 for losing)
|raw|ForbiddenNoodles's rating: 1460 &rarr; <strong>1479<\/strong><br \/>(+19 for winning)