|join|Jukain
|join|arnelo2012
|player|p1|Jukain|291
|player|p2|arnelo2012|43
|gametype|singles
|gen|6
|tier|OU
|rated
|clearpoke
|poke|p1|Gourgeist-*, M
|poke|p1|Metagross
|poke|p1|Keldeo
|poke|p1|Landorus-Therian, M
|poke|p1|Clefable, F
|poke|p1|Mandibuzz, F
|poke|p2|Slowbro, M, shiny
|poke|p2|Talonflame, F, shiny
|poke|p2|Bisharp, F, shiny
|poke|p2|Lopunny, F, shiny
|poke|p2|Latios, M, shiny
|poke|p2|Landorus-Therian, M, shiny
|rule|Swagger Clause: Swagger is banned
|rule|Baton Pass Clause: Limit one PokÃ©mon knowing Baton Pass
|rule|Sleep Clause Mod: Limit one foe put to sleep
|rule|Species Clause: Limit one of each PokÃ©mon
|rule|OHKO Clause: OHKO moves are banned
|rule|Moody Clause: Moody is banned
|rule|Evasion Moves Clause: Evasion moves are banned
|rule|Endless Battle Clause: Forcing endless battles is banned
|rule|HP Percentage Mod: HP is shown in percentages
|teampreview
|join|dzasgaedh
|join|Oh Bother
|
|start
|switch|p1a: Clefable|Clefable, F|393\/393
|switch|p2a: Landorus-Therian|Landorus-Therian, M, shiny|320\/320
|-ability|p2a: Landorus-Therian|Intimidate|[of] p1a: Clefable
|-unboost|p1a: Clefable|atk|1
|turn|1
|
|move|p2a: Landorus-Therian|Stealth Rock|p1a: Clefable
|-sidestart|p1: Jukain|move: Stealth Rock
|move|p1a: Clefable|Stealth Rock|p2a: Landorus-Therian
|-sidestart|p2: arnelo2012|move: Stealth Rock
|
|turn|2
|
|move|p2a: Landorus-Therian|Earthquake|p1a: Clefable
|-damage|p1a: Clefable|170\/393
|move|p1a: Clefable|Moonblast|p2a: Landorus-Therian
|-damage|p2a: Landorus-Therian|179\/320
|-unboost|p2a: Landorus-Therian|spa|1
|
|-heal|p1a: Clefable|194\/393|[from] item: Leftovers
|turn|3
|
|switch|p1a: Gourgeist-Super|Gourgeist-Super, M|373\/373
|-damage|p1a: Gourgeist-Super|327\/373|[from] Stealth Rock
|-item|p2a: Landorus-Therian|Expert Belt|[from] ability: Frisk|[of] p1a: Gourgeist-Super|[identify]
|move|p2a: Landorus-Therian|Earthquake|p1a: Gourgeist-Super
|-resisted|p1a: Gourgeist-Super
|-damage|p1a: Gourgeist-Super|262\/373
|
|-heal|p1a: Gourgeist-Super|285\/373|[from] item: Leftovers
|turn|4
|
|switch|p2a: Latios|Latios, M, shiny|299\/299
|-damage|p2a: Latios|262\/299|[from] Stealth Rock
|move|p1a: Gourgeist-Super|Leech Seed|p2a: Latios
|-start|p2a: Latios|move: Leech Seed
|
|-heal|p1a: Gourgeist-Super|308\/373|[from] item: Leftovers
|-damage|p2a: Latios|225\/299|[from] Leech Seed|[of] p1a: Gourgeist-Super
|-heal|p1a: Gourgeist-Super|345\/373|[silent]
|turn|5
|join|Glamorous Kiwi
|
|move|p2a: Latios|Defog|p1a: Gourgeist-Super
|-unboost|p1a: Gourgeist-Super|evasion|1
|-sideend|p1: Jukain|Stealth Rock|[from] move: Defog|[of] p1a: Gourgeist-Super
|-sideend|p2: arnelo2012|Stealth Rock|[from] move: Defog|[of] p2a: Latios
|move|p1a: Gourgeist-Super|Will-O-Wisp|p2a: Latios
|-status|p2a: Latios|brn
|
|-heal|p1a: Gourgeist-Super|368\/373|[from] item: Leftovers
|-damage|p2a: Latios|188\/299 brn|[from] Leech Seed|[of] p1a: Gourgeist-Super
|-heal|p1a: Gourgeist-Super|373\/373|[silent]
|-damage|p2a: Latios|151\/299 brn|[from] brn
|turn|6
|join|Anty
|join|iasnobeert
|
|switch|p1a: Mandibuzz|Mandibuzz, F|423\/423
|move|p2a: Latios|Draco Meteor|p1a: Mandibuzz
|-damage|p1a: Mandibuzz|129\/423
|-unboost|p2a: Latios|spa|2
|-damage|p2a: Latios|122\/299 brn|[from] item: Life Orb
|
|-heal|p1a: Mandibuzz|155\/423|[from] item: Leftovers
|-damage|p2a: Latios|85\/299 brn|[from] Leech Seed|[of] p1a: Mandibuzz
|-heal|p1a: Mandibuzz|192\/423|[silent]
|-damage|p2a: Latios|48\/299 brn|[from] brn
|turn|7
|join|Aragorn the King
|c| Oh Bother|bulky black bird
|
|switch|p2a: Landorus-Therian|Landorus-Therian, M, shiny|179\/320
|-ability|p2a: Landorus-Therian|Intimidate|[of] p1a: Mandibuzz
|-unboost|p1a: Mandibuzz|atk|1
|move|p1a: Mandibuzz|Roost|p1a: Mandibuzz
|-heal|p1a: Mandibuzz|404\/423
|
|-heal|p1a: Mandibuzz|423\/423|[from] item: Leftovers
|turn|8
|join|Like me 2
|
|move|p2a: Landorus-Therian|Stealth Rock|p1a: Mandibuzz
|-sidestart|p1: Jukain|move: Stealth Rock
|move|p1a: Mandibuzz|Foul Play|p2a: Landorus-Therian
|-damage|p2a: Landorus-Therian|0 fnt
|faint|p2a: Landorus-Therian
|
|
|switch|p2a: Lopunny|Lopunny, F, shiny|271\/271
|turn|9
|
|detailschange|p2a: Lopunny|Lopunny-Mega, F, shiny
|-mega|p2a: Lopunny|Lopunny|Lopunnite
|move|p2a: Lopunny|High Jump Kick|p1a: Mandibuzz
|-damage|p1a: Mandibuzz|240\/423
|move|p1a: Mandibuzz|Defog|p2a: Lopunny
|-unboost|p2a: Lopunny|evasion|1
|-sideend|p1: Jukain|Stealth Rock|[from] move: Defog|[of] p1a: Mandibuzz
|
|-heal|p1a: Mandibuzz|266\/423|[from] item: Leftovers
|turn|10
|
|move|p2a: Lopunny|High Jump Kick|p1a: Mandibuzz
|-damage|p1a: Mandibuzz|94\/423
|move|p1a: Mandibuzz|Roost|p1a: Mandibuzz
|-heal|p1a: Mandibuzz|306\/423
|
|-heal|p1a: Mandibuzz|332\/423|[from] item: Leftovers
|turn|11
|
|switch|p2a: Slowbro|Slowbro, M, shiny|394\/394
|move|p1a: Mandibuzz|Roost|p1a: Mandibuzz
|-heal|p1a: Mandibuzz|423\/423
|
|turn|12
|
|switch|p1a: Clefable|Clefable, F|194\/393
|move|p2a: Slowbro|Thunder Wave|p1a: Clefable
|-status|p1a: Clefable|par
|
|-heal|p1a: Clefable|218\/393 par|[from] item: Leftovers
|turn|13
|join|Dundies
|
|switch|p2a: Bisharp|Bisharp, F, shiny|271\/271
|move|p1a: Clefable|Stealth Rock|p2a: Bisharp
|-sidestart|p2: arnelo2012|move: Stealth Rock
|
|-heal|p1a: Clefable|242\/393 par|[from] item: Leftovers
|turn|14
|join|CleanerThanRotom-W
|
|switch|p1a: Keldeo|Keldeo|323\/323
|move|p2a: Bisharp|Iron Head|p1a: Keldeo
|-resisted|p1a: Keldeo
|-damage|p1a: Keldeo|206\/323
|-damage|p2a: Bisharp|244\/271|[from] item: Life Orb
|
|-heal|p1a: Keldeo|226\/323|[from] item: Leftovers
|turn|15
|join|Audiosurfer
|leave|Dundies
|leave|CleanerThanRotom-W
|leave|iasnobeert
|
|switch|p2a: Slowbro|Slowbro, M, shiny|394\/394
|-damage|p2a: Slowbro|345\/394|[from] Stealth Rock
|move|p1a: Keldeo|Secret Sword|p2a: Slowbro
|-resisted|p2a: Slowbro
|-damage|p2a: Slowbro|297\/394
|
|-heal|p1a: Keldeo|246\/323|[from] item: Leftovers
|-heal|p2a: Slowbro|321\/394|[from] item: Leftovers
|turn|16
|
|switch|p1a: Clefable|Clefable, F|242\/393 par
|move|p2a: Slowbro|Psyshock|p1a: Clefable
|-damage|p1a: Clefable|140\/393 par
|
|-heal|p2a: Slowbro|345\/394|[from] item: Leftovers
|-heal|p1a: Clefable|164\/393 par|[from] item: Leftovers
|turn|17
|
|switch|p2a: Bisharp|Bisharp, F, shiny|244\/271
|-damage|p2a: Bisharp|228\/271|[from] Stealth Rock
|move|p1a: Clefable|Soft-Boiled|p1a: Clefable
|-heal|p1a: Clefable|361\/393 par
|
|-heal|p1a: Clefable|385\/393 par|[from] item: Leftovers
|turn|18
|leave|Audiosurfer
|join|A2tehBR
|
|switch|p1a: Mandibuzz|Mandibuzz, F|423\/423
|move|p2a: Bisharp|Swords Dance|p2a: Bisharp
|-boost|p2a: Bisharp|atk|2
|
|turn|19
|
|move|p2a: Bisharp|Iron Head|p1a: Mandibuzz
|-damage|p1a: Mandibuzz|118\/423
|-damage|p2a: Bisharp|201\/271|[from] item: Life Orb
|move|p1a: Mandibuzz|Foul Play|p2a: Bisharp
|-resisted|p2a: Bisharp
|-damage|p2a: Bisharp|12\/271
|
|-heal|p1a: Mandibuzz|144\/423|[from] item: Leftovers
|turn|20
|
|switch|p1a: Metagross|Metagross|301\/301
|move|p2a: Bisharp|Iron Head|p1a: Metagross
|-resisted|p1a: Metagross
|-damage|p1a: Metagross|149\/301
|-damage|p2a: Bisharp|0 fnt|[from] item: Life Orb
|faint|p2a: Bisharp
|
|leave|A2tehBR
|
|switch|p2a: Lopunny|Lopunny-Mega, F, shiny|271\/271
|-damage|p2a: Lopunny|255\/271|[from] Stealth Rock
|turn|21
|
|switch|p1a: Gourgeist-Super|Gourgeist-Super, M|373\/373
|-item|p2a: Lopunny|Lopunnite|[from] ability: Frisk|[of] p1a: Gourgeist-Super|[identify]
|move|p2a: Lopunny|High Jump Kick|p1a: Gourgeist-Super
|-damage|p1a: Gourgeist-Super|226\/373
|
|-heal|p1a: Gourgeist-Super|249\/373|[from] item: Leftovers
|turn|22
|
|switch|p2a: Latios|Latios, M, shiny|48\/299 brn
|-damage|p2a: Latios|11\/299 brn|[from] Stealth Rock
|move|p1a: Gourgeist-Super|Leech Seed|p2a: Latios|[miss]
|-miss|p1a: Gourgeist-Super|p2a: Latios
|
|-heal|p1a: Gourgeist-Super|272\/373|[from] item: Leftovers
|-damage|p2a: Latios|0 fnt|[from] brn
|faint|p2a: Latios
|
|switch|p2a: Talonflame|Talonflame, F, shiny|297\/297
|-damage|p2a: Talonflame|149\/297|[from] Stealth Rock
|turn|23
|
|move|p2a: Talonflame|Swords Dance|p2a: Talonflame
|-boost|p2a: Talonflame|atk|2
|move|p1a: Gourgeist-Super|Leech Seed|p2a: Talonflame
|-start|p2a: Talonflame|move: Leech Seed
|
|-heal|p1a: Gourgeist-Super|295\/373|[from] item: Leftovers
|-damage|p2a: Talonflame|112\/297|[from] Leech Seed|[of] p1a: Gourgeist-Super
|-heal|p1a: Gourgeist-Super|332\/373|[silent]
|turn|24
|leave|Glamorous Kiwi
|
|switch|p1a: Mandibuzz|Mandibuzz, F|144\/423
|move|p2a: Talonflame|Swords Dance|p2a: Talonflame
|-boost|p2a: Talonflame|atk|2
|
|-heal|p1a: Mandibuzz|170\/423|[from] item: Leftovers
|-damage|p2a: Talonflame|75\/297|[from] Leech Seed|[of] p1a: Mandibuzz
|-heal|p1a: Mandibuzz|207\/423|[silent]
|turn|25
|
|move|p2a: Talonflame|Brave Bird|p1a: Mandibuzz
|-damage|p1a: Mandibuzz|0 fnt
|-damage|p2a: Talonflame|7\/297|[from] recoil|[of] p1a: Mandibuzz
|faint|p1a: Mandibuzz
|
|
|switch|p1a: Landorus-Therian|Landorus-Therian, M|319\/319
|-ability|p1a: Landorus-Therian|Intimidate|[of] p2a: Talonflame
|-unboost|p2a: Talonflame|atk|1
|turn|26
|
|switch|p1a: Keldeo|Keldeo|246\/323
|move|p2a: Talonflame|Brave Bird|p1a: Keldeo
|-supereffective|p1a: Keldeo
|-damage|p1a: Keldeo|0 fnt
|-damage|p2a: Talonflame|0 fnt|[from] recoil|[of] p1a: Keldeo
|faint|p1a: Keldeo
|faint|p2a: Talonflame
|
|
|switch|p1a: Gourgeist-Super|Gourgeist-Super, M|332\/373
|switch|p2a: Slowbro|Slowbro, M, shiny|394\/394
|-item|p2a: Slowbro|Leftovers|[from] ability: Frisk|[of] p1a: Gourgeist-Super|[identify]
|-damage|p2a: Slowbro|345\/394|[from] Stealth Rock
|turn|27
|join|Dark Future
|
|move|p1a: Gourgeist-Super|Will-O-Wisp|p2a: Slowbro
|-status|p2a: Slowbro|brn
|move|p2a: Slowbro|Thunder Wave|p1a: Gourgeist-Super
|-status|p1a: Gourgeist-Super|par
|
|-heal|p2a: Slowbro|369\/394 brn|[from] item: Leftovers
|-heal|p1a: Gourgeist-Super|355\/373 par|[from] item: Leftovers
|-damage|p2a: Slowbro|320\/394 brn|[from] brn
|turn|28
|
|switch|p2a: Lopunny|Lopunny-Mega, F, shiny|255\/271
|-damage|p2a: Lopunny|239\/271|[from] Stealth Rock
|move|p1a: Gourgeist-Super|Leech Seed|p2a: Lopunny
|-start|p2a: Lopunny|move: Leech Seed
|
|-heal|p1a: Gourgeist-Super|373\/373 par|[from] item: Leftovers
|-damage|p2a: Lopunny|206\/271|[from] Leech Seed|[of] p1a: Gourgeist-Super
|turn|29
|
|move|p2a: Lopunny|Return|p1a: Gourgeist-Super
|-damage|p1a: Gourgeist-Super|238\/373 par
|move|p1a: Gourgeist-Super|Seed Bomb|p2a: Lopunny
|-damage|p2a: Lopunny|106\/271
|
|-heal|p1a: Gourgeist-Super|261\/373 par|[from] item: Leftovers
|-damage|p2a: Lopunny|73\/271|[from] Leech Seed|[of] p1a: Gourgeist-Super
|-heal|p1a: Gourgeist-Super|294\/373 par|[silent]
|turn|30
|-message|arnelo2012 forfeited.
|leave|arnelo2012
|join|BattleXV
|
|win|Jukain
|raw|Ladder updating...
|player|p2
|leave|BattleXV
|raw|Jukain's rating: 1822 &rarr; <strong>1835<\/strong><br \/>(+13 for winning)
|raw|arnelo2012's rating: 1709 &rarr; <strong>1695<\/strong><br \/>(-14 for losing)
|leave|Aragorn the King
|leave|Anty
|leave|Like me 2
|leave|Oh Bother
|join|Oh Bother
|leave|Oh Bother
|join|Like me 2
|leave|Like me 2
|join|Nebraska Jones
|leave|Nebraska Jones
|join|CleanerThanRotom-W
|leave|CleanerThanRotom-W
|join|RagnarFR
|leave|RagnarFR
|join|terry41
|leave|terry41
|join|Time Stall
|leave|dzasgaedh
|join|Highest Threat
|leave|Highest Threat
|join|fgwaeg
|join|Time Stall ()
|leave|fgwaeg
|join|fgwaeg