|join|arnelo2012
|join|Cholera90
|player|p1|arnelo2012|43
|player|p2|Cholera90|25
|gametype|singles
|gen|6
|tier|OU
|rated
|clearpoke
|poke|p1|Slowbro, F, shiny
|poke|p1|Talonflame, F, shiny
|poke|p1|Bisharp, M, shiny
|poke|p1|Lopunny, F, shiny
|poke|p1|Latias, F, shiny
|poke|p1|Landorus-Therian, M, shiny
|poke|p2|Gardevoir, F
|poke|p2|Thundurus, M
|poke|p2|Talonflame, F
|poke|p2|Conkeldurr, M
|poke|p2|Golduck, F
|poke|p2|Druddigon, M
|rule|Swagger Clause: Swagger is banned
|rule|Baton Pass Clause: Limit one PokÃ©mon knowing Baton Pass
|rule|Sleep Clause Mod: Limit one foe put to sleep
|rule|Species Clause: Limit one of each PokÃ©mon
|rule|OHKO Clause: OHKO moves are banned
|rule|Moody Clause: Moody is banned
|rule|Evasion Moves Clause: Evasion moves are banned
|rule|Endless Battle Clause: Forcing endless battles is banned
|rule|HP Percentage Mod: HP is shown in percentages
|teampreview
|
|start
|switch|p1a: Landorus-Therian|Landorus-Therian, M, shiny|320\/320
|switch|p2a: Talonflame|Talonflame, F|297\/297
|-ability|p1a: Landorus-Therian|Intimidate|[of] p2a: Talonflame
|-unboost|p2a: Talonflame|atk|1
|turn|1
|
|move|p2a: Talonflame|Brave Bird|p1a: Landorus-Therian
|-damage|p1a: Landorus-Therian|164\/320
|-damage|p2a: Talonflame|246\/297|[from] recoil|[of] p1a: Landorus-Therian
|-damage|p2a: Talonflame|217\/297|[from] item: Life Orb
|move|p1a: Landorus-Therian|Stealth Rock|p2a: Talonflame
|-sidestart|p2: Cholera90|move: Stealth Rock
|
|turn|2
|
|move|p2a: Talonflame|Roost|p2a: Talonflame
|-heal|p2a: Talonflame|297\/297
|move|p1a: Landorus-Therian|Knock Off|p2a: Talonflame
|-damage|p2a: Talonflame|108\/297
|-enditem|p2a: Talonflame|Life Orb|[from] move: Knock Off|[of] p1a: Landorus-Therian
|
|turn|3
|
|switch|p2a: Thundurus|Thundurus, M|299\/299
|-damage|p2a: Thundurus|225\/299|[from] Stealth Rock
|switch|p1a: Slowbro|Slowbro, F, shiny|394\/394
|
|turn|4
|
|switch|p1a: Lopunny|Lopunny, F, shiny|271\/271
|move|p2a: Thundurus|Thunderbolt|p1a: Lopunny
|-damage|p1a: Lopunny|67\/271
|-damage|p2a: Thundurus|196\/299|[from] item: Life Orb
|
|turn|5
|
|detailschange|p1a: Lopunny|Lopunny-Mega, F, shiny
|-mega|p1a: Lopunny|Lopunny|Lopunnite
|move|p1a: Lopunny|Fake Out|p2a: Thundurus
|-damage|p2a: Thundurus|88\/299
|cant|p2a: Thundurus|flinch
|
|turn|6
|
|move|p2a: Thundurus|Thunder Wave|p1a: Lopunny
|-status|p1a: Lopunny|par
|move|p1a: Lopunny|Return|p2a: Thundurus
|-damage|p2a: Thundurus|0 fnt
|faint|p2a: Thundurus
|
|
|switch|p2a: Druddigon|Druddigon, M|357\/357
|-damage|p2a: Druddigon|313\/357|[from] Stealth Rock
|-ability|p2a: Druddigon|Mold Breaker
|turn|7
|
|move|p2a: Druddigon|Stealth Rock|p1a: Lopunny
|-sidestart|p1: arnelo2012|move: Stealth Rock
|move|p1a: Lopunny|High Jump Kick|p2a: Druddigon
|-damage|p2a: Druddigon|6\/357
|
|turn|8
|
|move|p2a: Druddigon|Dragon Claw|p1a: Lopunny
|-damage|p1a: Lopunny|0 fnt
|faint|p1a: Lopunny
|
|
|switch|p1a: Landorus-Therian|Landorus-Therian, M, shiny|164\/320
|-damage|p1a: Landorus-Therian|124\/320|[from] Stealth Rock
|-ability|p1a: Landorus-Therian|Intimidate|[of] p2a: Druddigon
|-unboost|p2a: Druddigon|atk|1
|turn|9
|
|move|p1a: Landorus-Therian|Knock Off|p2a: Druddigon
|-damage|p2a: Druddigon|0 fnt
|-enditem|p2a: Druddigon|Mental Herb|[from] move: Knock Off|[of] p1a: Landorus-Therian
|faint|p2a: Druddigon
|
|
|switch|p2a: Golduck|Golduck, F|319\/319
|-damage|p2a: Golduck|280\/319|[from] Stealth Rock
|-ability|p2a: Golduck|Cloud Nine
|turn|10
|
|switch|p1a: Slowbro|Slowbro, F, shiny|394\/394
|-damage|p1a: Slowbro|345\/394|[from] Stealth Rock
|move|p2a: Golduck|Yawn|p1a: Slowbro
|-start|p1a: Slowbro|move: Yawn|[of] p2a: Golduck
|
|-heal|p2a: Golduck|299\/319|[from] item: Leftovers
|-heal|p1a: Slowbro|369\/394|[from] item: Leftovers
|turn|11
|
|move|p2a: Golduck|Yawn|p1a: Slowbro
|-fail|p1a: Slowbro
|move|p1a: Slowbro|Thunder Wave|p2a: Golduck
|-status|p2a: Golduck|par
|
|-status|p1a: Slowbro|slp
|-heal|p1a: Slowbro|393\/394 slp|[from] item: Leftovers
|-heal|p2a: Golduck|318\/319 par|[from] item: Leftovers
|turn|12
|
|switch|p1a: Landorus-Therian|Landorus-Therian, M, shiny|124\/320
|-damage|p1a: Landorus-Therian|84\/320|[from] Stealth Rock
|-ability|p1a: Landorus-Therian|Intimidate|[of] p2a: Golduck
|-unboost|p2a: Golduck|atk|1
|move|p2a: Golduck|Calm Mind|p2a: Golduck
|-boost|p2a: Golduck|spa|1
|-boost|p2a: Golduck|spd|1
|
|-heal|p2a: Golduck|319\/319 par|[from] item: Leftovers
|turn|13
|
|move|p1a: Landorus-Therian|Earthquake|p2a: Golduck
|-damage|p2a: Golduck|27\/319 par
|move|p2a: Golduck|Scald|p1a: Landorus-Therian
|-supereffective|p1a: Landorus-Therian
|-damage|p1a: Landorus-Therian|0 fnt
|faint|p1a: Landorus-Therian
|
|-heal|p2a: Golduck|46\/319 par|[from] item: Leftovers
|
|switch|p1a: Latias|Latias, F, shiny|301\/301
|-damage|p1a: Latias|264\/301|[from] Stealth Rock
|turn|14
|
|move|p1a: Latias|Earthquake|p2a: Golduck
|-damage|p2a: Golduck|0 fnt
|-damage|p1a: Latias|234\/301|[from] item: Life Orb
|faint|p2a: Golduck
|
|
|switch|p2a: Conkeldurr|Conkeldurr, M|413\/413
|-damage|p2a: Conkeldurr|388\/413|[from] Stealth Rock
|turn|15
|
|move|p1a: Latias|Defog|p2a: Conkeldurr
|-unboost|p2a: Conkeldurr|evasion|1
|-sideend|p2: Cholera90|Stealth Rock|[from] move: Defog|[of] p2a: Conkeldurr
|-sideend|p1: arnelo2012|Stealth Rock|[from] move: Defog|[of] p1a: Latias
|move|p2a: Conkeldurr|Knock Off|p1a: Latias
|-supereffective|p1a: Latias
|-damage|p1a: Latias|0 fnt
|-enditem|p1a: Latias|Life Orb|[from] move: Knock Off|[of] p2a: Conkeldurr
|faint|p1a: Latias
|
|
|switch|p1a: Talonflame|Talonflame, F, shiny|297\/297
|turn|16
|
|move|p1a: Talonflame|Brave Bird|p2a: Conkeldurr
|-supereffective|p2a: Conkeldurr
|-damage|p2a: Conkeldurr|0 fnt
|-damage|p1a: Talonflame|169\/297|[from] recoil|[of] p2a: Conkeldurr
|faint|p2a: Conkeldurr
|
|
|switch|p2a: Talonflame|Talonflame, F|108\/297
|turn|17
|
|switch|p1a: Slowbro|Slowbro, F, shiny|394\/394 slp
|move|p2a: Talonflame|Brave Bird|p1a: Slowbro
|-damage|p1a: Slowbro|279\/394 slp
|-damage|p2a: Talonflame|70\/297|[from] recoil|[of] p1a: Slowbro
|
|-heal|p1a: Slowbro|303\/394 slp|[from] item: Leftovers
|turn|18
|
|move|p2a: Talonflame|Roost|p2a: Talonflame
|-heal|p2a: Talonflame|219\/297
|cant|p1a: Slowbro|slp
|
|-heal|p1a: Slowbro|327\/394 slp|[from] item: Leftovers
|turn|19
|
|switch|p2a: Gardevoir|Gardevoir, F|277\/277
|-ability|p2a: Gardevoir|Regenerator|[from] ability: Trace|[of] p1a: Slowbro
|-curestatus|p1a: Slowbro|slp
|move|p1a: Slowbro|Scald|p2a: Gardevoir
|-damage|p2a: Gardevoir|193\/277
|
|-heal|p1a: Slowbro|351\/394|[from] item: Leftovers
|turn|20
|
|detailschange|p2a: Gardevoir|Gardevoir-Mega, F
|-mega|p2a: Gardevoir|Gardevoir|Gardevoirite
|move|p2a: Gardevoir|Hyper Voice|p1a: Slowbro
|-damage|p1a: Slowbro|36\/394
|move|p1a: Slowbro|Thunder Wave|p2a: Gardevoir
|-status|p2a: Gardevoir|par
|
|-heal|p1a: Slowbro|60\/394|[from] item: Leftovers
|turn|21
|
|move|p1a: Slowbro|Scald|p2a: Gardevoir
|-damage|p2a: Gardevoir|120\/277 par
|move|p2a: Gardevoir|Hyper Voice|p1a: Slowbro
|-damage|p1a: Slowbro|0 fnt
|faint|p1a: Slowbro
|
|
|switch|p1a: Talonflame|Talonflame, F, shiny|169\/297
|turn|22
|
|move|p1a: Talonflame|Brave Bird|p2a: Gardevoir
|-damage|p2a: Gardevoir|0 fnt
|-damage|p1a: Talonflame|129\/297|[from] recoil|[of] p2a: Gardevoir
|faint|p2a: Gardevoir
|
|
|switch|p2a: Talonflame|Talonflame, F|219\/297
|turn|23
|
|move|p2a: Talonflame|Brave Bird|p1a: Talonflame
|-damage|p1a: Talonflame|0 fnt
|-damage|p2a: Talonflame|176\/297|[from] recoil|[of] p1a: Talonflame
|faint|p1a: Talonflame
|
|
|switch|p1a: Bisharp|Bisharp, M, shiny|271\/271
|turn|24
|c|âCholera90|heads flare blits, tails roost
|
|move|p2a: Talonflame|Roost|p2a: Talonflame
|-heal|p2a: Talonflame|297\/297
|move|p1a: Bisharp|Sucker Punch|p2a: Talonflame
|-fail|p2a: Talonflame
|
|turn|25
|
|move|p2a: Talonflame|Brave Bird|p1a: Bisharp
|-resisted|p1a: Bisharp
|-damage|p1a: Bisharp|191\/271
|-damage|p2a: Talonflame|271\/297|[from] recoil|[of] p1a: Bisharp
|move|p1a: Bisharp|Sucker Punch|p2a: Talonflame
|-fail|p2a: Talonflame
|
|turn|26
|
|move|p2a: Talonflame|Brave Bird|p1a: Bisharp
|-resisted|p1a: Bisharp
|-damage|p1a: Bisharp|111\/271
|-damage|p2a: Talonflame|245\/297|[from] recoil|[of] p1a: Bisharp
|move|p1a: Bisharp|Sucker Punch|p2a: Talonflame
|-fail|p2a: Talonflame
|
|turn|27
|
|move|p2a: Talonflame|Flare Blitz|p1a: Bisharp
|-supereffective|p1a: Bisharp
|-damage|p1a: Bisharp|0 fnt
|-damage|p2a: Talonflame|208\/297|[from] recoil|[of] p1a: Bisharp
|faint|p1a: Bisharp
|
|win|Cholera90
|raw|Ladder updating...
|raw|arnelo2012's rating: 1658 &rarr; <strong>1635<\/strong><br \/>(-23 for losing)
|raw|Cholera90's rating: 1596 &rarr; <strong>1620<\/strong><br \/>(+24 for winning)
|c|âCholera90|gg
|leave|arnelo2012
|c|âCholera90|pal