|join|Tim-F90
|join|DaSpoofy
|player|p1|Tim-F90|290
|player|p2|DaSpoofy|253
|gametype|singles
|gen|6
|tier|UU
|rated
|clearpoke
|poke|p1|Tornadus-Therian, M
|poke|p1|Zygarde, shiny
|poke|p1|Cobalion
|poke|p1|Ampharos, M
|poke|p1|Gardevoir, M
|poke|p1|Slowbro, M
|poke|p2|Honchkrow, M
|poke|p2|Kingdra, M
|poke|p2|Jirachi
|poke|p2|Gardevoir, F
|poke|p2|Porygon2
|poke|p2|Milotic, M
|rule|Sleep Clause Mod: Limit one foe put to sleep
|rule|Species Clause: Limit one of each Pokemon
|rule|OHKO Clause: OHKO moves are banned
|rule|Moody Clause: Moody is banned
|rule|Evasion Moves Clause: Evasion moves are banned
|rule|Endless Battle Clause: Forcing endless battles is banned.
|rule|HP Percentage Mod: HP is reported as percentages
|teampreview
|
|start
|switch|p1a: Tornadus-Therian|Tornadus-Therian, M|299\/299
|switch|p2a: Jirachi|Jirachi|398\/398
|turn|1
|
|move|p1a: Tornadus-Therian|Taunt|p2a: Jirachi
|-start|p2a: Jirachi|move: Taunt
|cant|p2a: Jirachi|move: Taunt|Thunder Wave
|
|turn|2
|
|move|p1a: Tornadus-Therian|Knock Off|p2a: Jirachi
|-supereffective|p2a: Jirachi
|-damage|p2a: Jirachi|206\/398
|-enditem|p2a: Jirachi|Leftovers|[from] move: Knock Off|[of] p1a: Tornadus-Therian
|move|p2a: Jirachi|Thunder Punch|p1a: Tornadus-Therian
|-supereffective|p1a: Tornadus-Therian
|-damage|p1a: Tornadus-Therian|115\/299
|
|turn|3
|
|move|p1a: Tornadus-Therian|U-turn|p2a: Jirachi
|-damage|p2a: Jirachi|142\/398
|
|switch|p1a: Zygarde|Zygarde, shiny|397\/397
|-ability|p1a: Zygarde|Aura Break
|move|p2a: Jirachi|Fire Punch|p1a: Zygarde
|-resisted|p1a: Zygarde
|-damage|p1a: Zygarde|360\/397
|
|-heal|p1a: Zygarde|384\/397|[from] item: Leftovers
|-end|p2a: Jirachi|move: Taunt
|turn|4
|
|switch|p2a: Gardevoir|Gardevoir, F|278\/278
|-ability|p2a: Gardevoir|Aura Break|[from] ability: Trace|[of] p1a: Zygarde
|-ability|p2a: Gardevoir|Aura Break
|move|p1a: Zygarde|Earthquake|p2a: Gardevoir
|-damage|p2a: Gardevoir|52\/278
|
|-heal|p1a: Zygarde|397\/397|[from] item: Leftovers
|turn|5
|
|move|p1a: Zygarde|Extreme Speed|p2a: Gardevoir
|-damage|p2a: Gardevoir|0 fnt
|faint|p2a: Gardevoir
|
|
|switch|p2a: Porygon2|Porygon2|374\/374
|-ability|p2a: Porygon2|Aura Break|[from] ability: Trace|[of] p1a: Zygarde
|-ability|p2a: Porygon2|Aura Break
|turn|6
|
|switch|p1a: Slowbro|Slowbro, M|394\/394
|move|p2a: Porygon2|Ice Beam|p1a: Slowbro
|-resisted|p1a: Slowbro
|-damage|p1a: Slowbro|365\/394
|
|turn|7
|
|switch|p2a: Jirachi|Jirachi|142\/398
|move|p1a: Slowbro|Scald|p2a: Jirachi
|-damage|p2a: Jirachi|16\/398
|
|turn|8
|
|switch|p1a: Zygarde|Zygarde, shiny|397\/397
|-ability|p1a: Zygarde|Aura Break
|move|p2a: Jirachi|Thunder Wave|p1a: Zygarde
|-immune|p1a: Zygarde|[msg]
|
|turn|9
|
|switch|p2a: Milotic|Milotic, M|394\/394
|move|p1a: Zygarde|Extreme Speed|p2a: Milotic
|-damage|p2a: Milotic|285\/394
|
|-heal|p2a: Milotic|309\/394|[from] item: Leftovers
|turn|10
|
|move|p1a: Zygarde|Dragon Dance|p1a: Zygarde
|-boost|p1a: Zygarde|atk|1
|-boost|p1a: Zygarde|spe|1
|move|p2a: Milotic|Scald|p1a: Zygarde
|-crit|p1a: Zygarde
|-damage|p1a: Zygarde|261\/397
|
|-heal|p1a: Zygarde|285\/397|[from] item: Leftovers
|-heal|p2a: Milotic|333\/394|[from] item: Leftovers
|turn|11
|
|move|p1a: Zygarde|Outrage|p2a: Milotic
|-damage|p2a: Milotic|0 fnt
|faint|p2a: Milotic
|
|-heal|p1a: Zygarde|309\/397|[from] item: Leftovers
|
|switch|p2a: Porygon2|Porygon2|374\/374
|-ability|p2a: Porygon2|Aura Break|[from] ability: Trace|[of] p1a: Zygarde
|-ability|p2a: Porygon2|Aura Break
|turn|12
|
|move|p1a: Zygarde|Outrage|p2a: Porygon2
|-damage|p2a: Porygon2|235\/374
|move|p2a: Porygon2|Ice Beam|p1a: Zygarde
|-supereffective|p1a: Zygarde
|-damage|p1a: Zygarde|0 fnt
|faint|p1a: Zygarde
|
|
|switch|p1a: Slowbro|Slowbro, M|394\/394
|turn|13
|
|switch|p2a: Jirachi|Jirachi|16\/398
|move|p1a: Slowbro|Scald|p2a: Jirachi
|-damage|p2a: Jirachi|0 fnt
|faint|p2a: Jirachi
|
|
|switch|p2a: Kingdra|Kingdra, M|354\/354
|turn|14
|
|move|p2a: Kingdra|Dragon Dance|p2a: Kingdra
|-boost|p2a: Kingdra|atk|1
|-boost|p2a: Kingdra|spe|1
|move|p1a: Slowbro|Ice Beam|p2a: Kingdra
|-damage|p2a: Kingdra|261\/354
|
|turn|15
|
|move|p2a: Kingdra|Dragon Dance|p2a: Kingdra
|-boost|p2a: Kingdra|atk|1
|-boost|p2a: Kingdra|spe|1
|move|p1a: Slowbro|Scald|p2a: Kingdra
|-resisted|p2a: Kingdra
|-damage|p2a: Kingdra|230\/354
|-status|p2a: Kingdra|brn
|
|-damage|p2a: Kingdra|186\/354 brn|[from] brn
|turn|16
|
|move|p2a: Kingdra|Dragon Dance|p2a: Kingdra
|-boost|p2a: Kingdra|atk|1
|-boost|p2a: Kingdra|spe|1
|move|p1a: Slowbro|Psyshock|p2a: Kingdra
|-damage|p2a: Kingdra|56\/354 brn
|
|-damage|p2a: Kingdra|12\/354 brn|[from] brn
|turn|17
|
|switch|p1a: Cobalion|Cobalion|324\/324
|move|p2a: Kingdra|Rest|p2a: Kingdra
|-status|p2a: Kingdra|slp
|-heal|p2a: Kingdra|354\/354 slp|[silent]
|-status|p2a: Kingdra|slp|[from] move: Rest
|-enditem|p2a: Kingdra|Chesto Berry|[eat]
|-curestatus|p2a: Kingdra|slp
|
|turn|18
|
|move|p2a: Kingdra|Waterfall|p1a: Cobalion
|-damage|p1a: Cobalion|140\/324
|move|p1a: Cobalion|Iron Head|p2a: Kingdra
|-resisted|p2a: Kingdra
|-damage|p2a: Kingdra|306\/354
|
|-heal|p1a: Cobalion|160\/324|[from] item: Leftovers
|turn|19
|
|switch|p1a: Slowbro|Slowbro, M|394\/394
|move|p2a: Kingdra|Waterfall|p1a: Slowbro
|-resisted|p1a: Slowbro
|-damage|p1a: Slowbro|295\/394
|
|turn|20
|
|move|p2a: Kingdra|Outrage|p1a: Slowbro
|-damage|p1a: Slowbro|4\/394
|move|p1a: Slowbro|Psyshock|p2a: Kingdra
|-damage|p2a: Kingdra|176\/354
|
|turn|21
|
|switch|p1a: Gardevoir|Gardevoir, M|278\/278
|move|p2a: Kingdra|Outrage|p1a: Gardevoir
|-immune|p1a: Gardevoir|[msg]
|
|-end|p2a: Kingdra|rampage
|-start|p2a: Kingdra|confusion
|turn|22
|
|-activate|p2a: Kingdra|confusion
|move|p2a: Kingdra|Waterfall|p1a: Gardevoir
|-damage|p1a: Gardevoir|0 fnt
|faint|p1a: Gardevoir
|
|
|switch|p1a: Ampharos|Ampharos, M|363\/363
|turn|23
|
|-end|p2a: Kingdra|confusion
|move|p2a: Kingdra|Outrage|p1a: Ampharos
|-damage|p1a: Ampharos|0 fnt
|-status|p2a: Kingdra|par
|faint|p1a: Ampharos
|
|
|switch|p1a: Slowbro|Slowbro, M|135\/394
|turn|24
|
|move|p2a: Kingdra|Outrage|p1a: Slowbro
|-damage|p1a: Slowbro|0 fnt
|faint|p1a: Slowbro
|
|
|switch|p1a: Tornadus-Therian|Tornadus-Therian, M|214\/299
|turn|25
|
|move|p1a: Tornadus-Therian|Acrobatics|p2a: Kingdra
|-damage|p2a: Kingdra|11\/354 par
|move|p2a: Kingdra|Outrage|p1a: Tornadus-Therian
|-damage|p1a: Tornadus-Therian|0 fnt
|faint|p1a: Tornadus-Therian
|
|-end|p2a: Kingdra|rampage
|-start|p2a: Kingdra|confusion
|
|switch|p1a: Cobalion|Cobalion|160\/324
|turn|26
|
|move|p1a: Cobalion|Iron Head|p2a: Kingdra
|-resisted|p2a: Kingdra
|-damage|p2a: Kingdra|0 fnt
|faint|p2a: Kingdra
|
|-heal|p1a: Cobalion|180\/324|[from] item: Leftovers
|
|switch|p2a: Porygon2|Porygon2|235\/374
|-ability|p2a: Porygon2|Justified|[from] ability: Trace|[of] p1a: Cobalion
|turn|27
|chat|Tim-F90|very lucky indeed
|
|move|p1a: Cobalion|Close Combat|p2a: Porygon2
|-supereffective|p2a: Porygon2
|-damage|p2a: Porygon2|47\/374
|-unboost|p1a: Cobalion|def|1
|-unboost|p1a: Cobalion|spd|1
|move|p2a: Porygon2|Discharge|p1a: Cobalion
|-damage|p1a: Cobalion|49\/324
|
|-heal|p1a: Cobalion|69\/324|[from] item: Leftovers
|turn|28
|
|move|p1a: Cobalion|Iron Head|p2a: Porygon2
|-damage|p2a: Porygon2|0 fnt
|faint|p2a: Porygon2
|
|-heal|p1a: Cobalion|89\/324|[from] item: Leftovers
|
|switch|p2a: Honchkrow|Honchkrow, M|341\/341
|turn|29
|
|move|p1a: Cobalion|Close Combat|p2a: Honchkrow
|-damage|p2a: Honchkrow|55\/341
|-unboost|p1a: Cobalion|def|1
|-unboost|p1a: Cobalion|spd|1
|move|p2a: Honchkrow|Brave Bird|p1a: Cobalion
|-damage|p1a: Cobalion|0 fnt
|-damage|p2a: Honchkrow|26\/341|[from] recoil|[of] p1a: Cobalion
|-damage|p2a: Honchkrow|0 fnt|[from] item: Life Orb
|faint|p1a: Cobalion
|faint|p2a: Honchkrow
|
|tie
|raw|Ladder updating...
|raw|Tim-F90's rating: 1237 &rarr; <strong>1244<\/strong><br \/>(+7 for tying)
|raw|DaSpoofy's rating: 1337 &rarr; <strong>1331<\/strong><br \/>(-6 for tying)
|chat|DaSpoofy|tie
|chat|DaSpoofy| gg
|leave|Tim-F90
|player|p1