|join|estelada1714
|join|DaSpoofy
|player|p1|estelada1714|189
|player|p2|DaSpoofy|253
|gametype|singles
|gen|6
|tier|UU
|rated
|clearpoke
|poke|p1|Jolteon, F
|poke|p1|Heracross, F
|poke|p1|Cloyster, F
|poke|p1|Vivillon, M
|poke|p1|Sableye, F
|poke|p1|Mew
|poke|p2|Porygon2
|poke|p2|Machamp, F
|poke|p2|Honchkrow, F
|poke|p2|Galvantula, M
|poke|p2|Gastrodon, M
|poke|p2|Metagross
|rule|Sleep Clause Mod: Limit one foe put to sleep
|rule|Species Clause: Limit one of each Pokemon
|rule|OHKO Clause: OHKO moves are banned
|rule|Moody Clause: Moody is banned
|rule|Evasion Moves Clause: Evasion moves are banned
|rule|Endless Battle Clause: Forcing endless battles is banned.
|rule|HP Percentage Mod: HP is reported as percentages
|teampreview
|
|start
|switch|p1a: Vivillon|Vivillon, M|301\/301
|switch|p2a: Galvantula|Galvantula, M|281\/281
|turn|1
|
|move|p2a: Galvantula|Thunder|p1a: Vivillon
|-supereffective|p1a: Vivillon
|-enditem|p1a: Vivillon|Focus Sash
|-damage|p1a: Vivillon|1\/301
|move|p1a: Vivillon|Sleep Powder|p2a: Galvantula
|-status|p2a: Galvantula|slp
|
|turn|2
|
|switch|p2a: Metagross|Metagross|364\/364
|move|p1a: Vivillon|Hurricane|p2a: Metagross
|-resisted|p2a: Metagross
|-damage|p2a: Metagross|268\/364
|
|-heal|p2a: Metagross|290\/364|[from] item: Leftovers
|turn|3
|
|switch|p1a: Jolteon|Jolteon, F|272\/272
|move|p2a: Metagross|Stealth Rock|p1a: Jolteon
|-sidestart|p1: estelada1714|move: Stealth Rock
|
|-heal|p2a: Metagross|312\/364|[from] item: Leftovers
|turn|4
|
|switch|p2a: Porygon2|Porygon2|370\/370
|-ability|p2a: Porygon2|Volt Absorb|[from] ability: Trace|[of] p1a: Jolteon
|move|p1a: Jolteon|Volt Switch|p2a: Porygon2
|-immune|p2a: Porygon2|[msg]
|
|turn|5
|
|switch|p1a: Mew|Mew|404\/404
|-damage|p1a: Mew|354\/404|[from] Stealth Rock
|move|p2a: Porygon2|Discharge|p1a: Mew
|-damage|p1a: Mew|302\/404
|-status|p1a: Mew|par
|-status|p2a: Porygon2|par
|
|-heal|p1a: Mew|327\/404 par|[from] item: Leftovers
|turn|6
|
|move|p1a: Mew|Defog|p2a: Porygon2
|-unboost|p2a: Porygon2|evasion|1
|-sideend|p1: estelada1714|Stealth Rock|[from] move: Defog|[of] p1a: Mew
|move|p2a: Porygon2|Conversion|p2a: Porygon2
|-start|p2a: Porygon2|typechange|Ice
|
|-heal|p1a: Mew|352\/404 par|[from] item: Leftovers
|turn|7
|
|move|p1a: Mew|Psyshock|p2a: Porygon2
|-damage|p2a: Porygon2|303\/370 par
|cant|p2a: Porygon2|par
|
|-heal|p1a: Mew|377\/404 par|[from] item: Leftovers
|turn|8
|
|switch|p1a: Heracross|Heracross, F|302\/302
|cant|p2a: Porygon2|par
|
|turn|9
|
|switch|p2a: Galvantula|Galvantula, M|281\/281 slp
|move|p1a: Heracross|Knock Off|p2a: Galvantula
|-damage|p2a: Galvantula|108\/281 slp
|-enditem|p2a: Galvantula|Focus Sash|[from] move: Knock Off|[of] p1a: Heracross
|
|turn|10
|
|switch|p2a: Machamp|Machamp, F|381\/381
|move|p1a: Heracross|Knock Off|p2a: Machamp
|-resisted|p2a: Machamp
|-damage|p2a: Machamp|333\/381
|-enditem|p2a: Machamp|Leftovers|[from] move: Knock Off|[of] p1a: Heracross
|
|turn|11
|
|switch|p1a: Mew|Mew|377\/404 par
|move|p2a: Machamp|Knock Off|p1a: Mew
|-supereffective|p1a: Mew
|-damage|p1a: Mew|187\/404 par
|-enditem|p1a: Mew|Leftovers|[from] move: Knock Off|[of] p2a: Machamp
|
|turn|12
|
|switch|p2a: Porygon2|Porygon2|303\/370 par
|-ability|p2a: Porygon2|Synchronize|[from] ability: Trace|[of] p1a: Mew
|move|p1a: Mew|Toxic|p2a: Porygon2
|-fail|p2a: Porygon2
|
|turn|13
|
|switch|p1a: Jolteon|Jolteon, F|272\/272
|cant|p2a: Porygon2|par
|
|turn|14
|
|switch|p1a: Vivillon|Vivillon, M|1\/301
|move|p2a: Porygon2|Discharge|p1a: Vivillon
|-supereffective|p1a: Vivillon
|-damage|p1a: Vivillon|0 fnt
|faint|p1a: Vivillon
|
|
|switch|p1a: Heracross|Heracross, F|302\/302
|turn|15
|
|switch|p2a: Galvantula|Galvantula, M|108\/281 slp
|move|p1a: Heracross|Close Combat|p2a: Galvantula
|-resisted|p2a: Galvantula
|-damage|p2a: Galvantula|0 fnt
|-unboost|p1a: Heracross|def|1
|-unboost|p1a: Heracross|spd|1
|faint|p2a: Galvantula
|-boost|p1a: Heracross|atk|1|[from] ability: Moxie
|
|
|switch|p2a: Machamp|Machamp, F|333\/381
|turn|16
|
|switch|p1a: Mew|Mew|187\/404 par
|move|p2a: Machamp|Dynamic Punch|p1a: Mew
|-resisted|p1a: Mew
|-damage|p1a: Mew|118\/404 par
|-start|p1a: Mew|confusion
|
|turn|17
|
|switch|p2a: Metagross|Metagross|312\/364
|switch|p1a: Cloyster|Cloyster, F|242\/242
|
|-heal|p2a: Metagross|334\/364|[from] item: Leftovers
|turn|18
|
|move|p1a: Cloyster|Shell Smash|p1a: Cloyster
|-boost|p1a: Cloyster|atk|2
|-boost|p1a: Cloyster|spa|2
|-boost|p1a: Cloyster|spe|2
|-unboost|p1a: Cloyster|def|1
|-unboost|p1a: Cloyster|spd|1
|move|p2a: Metagross|Meteor Mash|p1a: Cloyster
|-damage|p1a: Cloyster|91\/242
|
|-heal|p2a: Metagross|356\/364|[from] item: Leftovers
|turn|19
|
|move|p1a: Cloyster|Icicle Spear|p2a: Metagross
|-resisted|p2a: Metagross
|-damage|p2a: Metagross|323\/364
|-resisted|p2a: Metagross
|-damage|p2a: Metagross|293\/364
|-resisted|p2a: Metagross
|-damage|p2a: Metagross|263\/364
|-resisted|p2a: Metagross
|-damage|p2a: Metagross|234\/364
|-resisted|p2a: Metagross
|-damage|p2a: Metagross|201\/364
|-hitcount|p2a: Metagross|5
|cant|p2a: Metagross|flinch
|
|-heal|p2a: Metagross|223\/364|[from] item: Leftovers
|turn|20
|
|move|p2a: Metagross|Bullet Punch|p1a: Cloyster
|-damage|p1a: Cloyster|13\/242
|move|p1a: Cloyster|Icicle Spear|p2a: Metagross
|-resisted|p2a: Metagross
|-damage|p2a: Metagross|193\/364
|-resisted|p2a: Metagross
|-damage|p2a: Metagross|160\/364
|-resisted|p2a: Metagross
|-damage|p2a: Metagross|127\/364
|-resisted|p2a: Metagross
|-damage|p2a: Metagross|97\/364
|-resisted|p2a: Metagross
|-damage|p2a: Metagross|64\/364
|-hitcount|p2a: Metagross|5
|
|-heal|p2a: Metagross|86\/364|[from] item: Leftovers
|turn|21
|
|switch|p1a: Mew|Mew|118\/404 par
|move|p2a: Metagross|Bullet Punch|p1a: Mew
|-damage|p1a: Mew|33\/404 par
|
|-heal|p2a: Metagross|108\/364|[from] item: Leftovers
|turn|22
|chat|DaSpoofy|tu es mexicano?
|
|move|p2a: Metagross|Stealth Rock|p1a: Mew
|-sidestart|p1: estelada1714|move: Stealth Rock
|move|p1a: Mew|Roost|p1a: Mew
|-heal|p1a: Mew|235\/404 par
|
|-heal|p2a: Metagross|130\/364|[from] item: Leftovers
|turn|23
|chat|estelada1714|yo soy cancerigeno
|
|move|p2a: Metagross|Meteor Mash|p1a: Mew
|-damage|p1a: Mew|45\/404 par
|cant|p1a: Mew|par
|
|-heal|p2a: Metagross|152\/364|[from] item: Leftovers
|turn|24
|
|move|p2a: Metagross|Earthquake|p1a: Mew
|-damage|p1a: Mew|0 fnt
|faint|p1a: Mew
|
|-heal|p2a: Metagross|174\/364|[from] item: Leftovers
|
|switch|p1a: Heracross|Heracross, F|302\/302
|-damage|p1a: Heracross|265\/302|[from] Stealth Rock
|turn|25
|chat|estelada1714|mexico hablan espaÃ±ol no?
|
|switch|p2a: Machamp|Machamp, F|333\/381
|move|p1a: Heracross|Close Combat|p2a: Machamp
|-damage|p2a: Machamp|131\/381
|-unboost|p1a: Heracross|def|1
|-unboost|p1a: Heracross|spd|1
|
|turn|26
|chat|estelada1714|espaÃ±ol es de espaÃ±a
|chat|DaSpoofy|no
|chat|DaSpoofy|yo soy americano
|
|move|p1a: Heracross|Close Combat|p2a: Machamp
|-damage|p2a: Machamp|0 fnt
|-unboost|p1a: Heracross|def|1
|-unboost|p1a: Heracross|spd|1
|faint|p2a: Machamp
|-boost|p1a: Heracross|atk|1|[from] ability: Moxie
|
|
|switch|p2a: Metagross|Metagross|174\/364
|turn|27
|chat|estelada1714|tu ser estadounidense
|
|move|p2a: Metagross|Bullet Punch|p1a: Heracross
|-damage|p1a: Heracross|57\/302
|move|p1a: Heracross|Close Combat|p2a: Metagross
|-damage|p2a: Metagross|0 fnt
|-unboost|p1a: Heracross|def|1
|-unboost|p1a: Heracross|spd|1
|faint|p2a: Metagross
|-boost|p1a: Heracross|atk|1|[from] ability: Moxie
|
|
|switch|p2a: Honchkrow|Honchkrow, F|341\/341
|turn|28
|chat|estelada1714|en america hay muchos mas paises que estados unidos
|
|switch|p1a: Cloyster|Cloyster, F|13\/242
|-damage|p1a: Cloyster|0 fnt|[from] Stealth Rock
|faint|p1a: Cloyster
|move|p2a: Honchkrow|Sucker Punch|p1: Cloyster|[notarget]
|-notarget
|
|chat|DaSpoofy|no
|chat|DaSpoofy|lol
|
|switch|p1a: Sableye|Sableye, F|304\/304
|-damage|p1a: Sableye|266\/304|[from] Stealth Rock
|turn|29
|
|switch|p2a: Porygon2|Porygon2|303\/370 par
|-ability|p2a: Porygon2|Prankster|[from] ability: Trace|[of] p1a: Sableye
|move|p1a: Sableye|Will-O-Wisp|p2a: Porygon2
|-fail|p2a: Porygon2
|
|-heal|p1a: Sableye|285\/304|[from] item: Leftovers
|turn|30
|
|move|p2a: Porygon2|Conversion|p2a: Porygon2
|-start|p2a: Porygon2|typechange|Ice
|move|p1a: Sableye|Knock Off|p2a: Porygon2
|-damage|p2a: Porygon2|242\/370 par
|-enditem|p2a: Porygon2|Eviolite|[from] move: Knock Off|[of] p1a: Sableye
|
|-heal|p1a: Sableye|304\/304|[from] item: Leftovers
|turn|31
|
|switch|p1a: Jolteon|Jolteon, F|272\/272
|-damage|p1a: Jolteon|238\/272|[from] Stealth Rock
|move|p2a: Porygon2|Conversion|p2a: Porygon2
|-start|p2a: Porygon2|typechange|Electric
|
|turn|32
|
|move|p2a: Porygon2|Recover|p2a: Porygon2
|-heal|p2a: Porygon2|370\/370 par
|move|p1a: Jolteon|Shadow Ball|p2a: Porygon2
|-damage|p2a: Porygon2|283\/370 par
|-unboost|p2a: Porygon2|spd|1
|
|turn|33
|
|move|p1a: Jolteon|Shadow Ball|p2a: Porygon2
|-damage|p2a: Porygon2|143\/370 par
|-unboost|p2a: Porygon2|spd|1
|move|p2a: Porygon2|Ice Beam|p1a: Jolteon
|-damage|p1a: Jolteon|162\/272
|
|turn|34
|
|switch|p2a: Gastrodon|Gastrodon, M|420\/420
|move|p1a: Jolteon|Shadow Ball|p2a: Gastrodon
|-damage|p2a: Gastrodon|278\/420
|
|-heal|p2a: Gastrodon|304\/420|[from] item: Leftovers
|turn|35
|
|switch|p1a: Sableye|Sableye, F|304\/304
|-damage|p1a: Sableye|266\/304|[from] Stealth Rock
|move|p2a: Gastrodon|Scald|p1a: Sableye
|-damage|p1a: Sableye|185\/304
|
|-heal|p1a: Sableye|204\/304|[from] item: Leftovers
|-heal|p2a: Gastrodon|330\/420|[from] item: Leftovers
|turn|36
|
|switch|p1a: Heracross|Heracross, F|57\/302
|-damage|p1a: Heracross|20\/302|[from] Stealth Rock
|move|p2a: Gastrodon|Toxic|p1a: Heracross
|-status|p1a: Heracross|tox
|
|-heal|p2a: Gastrodon|356\/420|[from] item: Leftovers
|-damage|p1a: Heracross|2\/302 tox|[from] psn
|turn|37
|
|switch|p2a: Porygon2|Porygon2|143\/370 par
|-ability|p2a: Porygon2|Moxie|[from] ability: Trace|[of] p1a: Heracross
|move|p1a: Heracross|Close Combat|p2a: Porygon2
|-supereffective|p2a: Porygon2
|-damage|p2a: Porygon2|0 fnt
|-unboost|p1a: Heracross|def|1
|-unboost|p1a: Heracross|spd|1
|faint|p2a: Porygon2
|-boost|p1a: Heracross|atk|1|[from] ability: Moxie
|
|-damage|p1a: Heracross|0 fnt|[from] psn
|faint|p1a: Heracross
|
|switch|p1a: Jolteon|Jolteon, F|162\/272
|-damage|p1a: Jolteon|128\/272|[from] Stealth Rock
|switch|p2a: Gastrodon|Gastrodon, M|356\/420
|turn|38
|chat|estelada1714|tu americano gordo o americano cachas?
|
|switch|p1a: Sableye|Sableye, F|204\/304
|-damage|p1a: Sableye|166\/304|[from] Stealth Rock
|move|p2a: Gastrodon|Earth Power|p1a: Sableye
|-damage|p1a: Sableye|78\/304
|
|-heal|p1a: Sableye|97\/304|[from] item: Leftovers
|-heal|p2a: Gastrodon|382\/420|[from] item: Leftovers
|turn|39
|chat|DaSpoofy|muy cachas ;)
|
|move|p1a: Sableye|Recover|p1a: Sableye
|-heal|p1a: Sableye|249\/304
|move|p2a: Gastrodon|Toxic|p1a: Sableye
|-status|p1a: Sableye|tox
|
|-heal|p1a: Sableye|268\/304 tox|[from] item: Leftovers
|-heal|p2a: Gastrodon|408\/420|[from] item: Leftovers
|-damage|p1a: Sableye|249\/304 tox|[from] psn
|turn|40
|
|move|p1a: Sableye|Will-O-Wisp|p2a: Gastrodon
|-status|p2a: Gastrodon|brn
|move|p2a: Gastrodon|Earth Power|p1a: Sableye
|-damage|p1a: Sableye|159\/304 tox
|
|-heal|p1a: Sableye|178\/304 tox|[from] item: Leftovers
|-heal|p2a: Gastrodon|420\/420 brn|[from] item: Leftovers
|-damage|p1a: Sableye|140\/304 tox|[from] psn
|-damage|p2a: Gastrodon|368\/420 brn|[from] brn
|turn|41
|
|move|p1a: Sableye|Knock Off|p2a: Gastrodon
|-damage|p2a: Gastrodon|275\/420 brn
|-enditem|p2a: Gastrodon|Leftovers|[from] move: Knock Off|[of] p1a: Sableye
|move|p2a: Gastrodon|Earth Power|p1a: Sableye
|-damage|p1a: Sableye|46\/304 tox
|
|-heal|p1a: Sableye|65\/304 tox|[from] item: Leftovers
|-damage|p1a: Sableye|8\/304 tox|[from] psn
|-damage|p2a: Gastrodon|223\/420 brn|[from] brn
|turn|42
|chat|estelada1714|muy bien
|
|move|p1a: Sableye|Taunt|p2a: Gastrodon
|-start|p2a: Gastrodon|move: Taunt
|move|p2a: Gastrodon|Earth Power|p1a: Sableye
|-damage|p1a: Sableye|0 fnt
|faint|p1a: Sableye
|
|-damage|p2a: Gastrodon|171\/420 brn|[from] brn
|
|switch|p1a: Jolteon|Jolteon, F|128\/272
|-damage|p1a: Jolteon|94\/272|[from] Stealth Rock
|turn|43
|chat|DaSpoofy|si soy muy bien
|
|move|p1a: Jolteon|Hidden Power|p2a: Gastrodon
|-damage|p2a: Gastrodon|62\/420 brn
|move|p2a: Gastrodon|Earth Power|p1a: Jolteon
|-supereffective|p1a: Jolteon
|-damage|p1a: Jolteon|0 fnt
|faint|p1a: Jolteon
|
|win|DaSpoofy
|raw|Ladder updating...
|raw|estelada1714's rating: 1342 &rarr; <strong>1319<\/strong><br \/>(-23 for losing)
|raw|DaSpoofy's rating: 1283 &rarr; <strong>1312<\/strong><br \/>(+29 for winning)
|chat|DaSpoofy|bien game
|chat|estelada1714|debes aprender hablar espaÃ±ol
|chat|estelada1714|si no te llamaran gringo
|chat|DaSpoofy|i dont understand but good luck and bye
|leave|DaSpoofy
|player|p2