|join|Sork
|join|DaSpoofy
|player|p1|Sork|265
|player|p2|DaSpoofy|253
|gametype|singles
|gen|6
|tier|UU
|rated
|clearpoke
|poke|p1|Darmanitan, M
|poke|p1|Tentacruel, M
|poke|p1|Braviary, M
|poke|p1|Celebi
|poke|p1|Heracross, F
|poke|p1|Manectric, F
|poke|p2|Gallade, M
|poke|p2|Absol, M, shiny
|poke|p2|Togetic, F
|poke|p2|Porygon2
|poke|p2|Donphan, F
|poke|p2|Galvantula, M, shiny
|rule|Sleep Clause Mod: Limit one foe put to sleep
|rule|Species Clause: Limit one of each Pokemon
|rule|OHKO Clause: OHKO moves are banned
|rule|Moody Clause: Moody is banned
|rule|Evasion Moves Clause: Evasion moves are banned
|rule|Endless Battle Clause: Forcing endless battles is banned.
|rule|HP Percentage Mod: HP is reported as percentages
|teampreview
|
|start
|switch|p1a: Braviary|Braviary, M|341\/341
|switch|p2a: Galvantula|Galvantula, M, shiny|281\/281
|turn|1
|
|move|p1a: Braviary|U-turn|p2a: Galvantula
|-damage|p2a: Galvantula|157\/281
|
|switch|p1a: Manectric|Manectric, F|281\/281
|move|p2a: Galvantula|Thunder|p1a: Manectric
|-boost|p1a: Manectric|spa|1|[from] ability: Lightningrod
|
|turn|2
|
|switch|p2a: Porygon2|Porygon2|371\/371
|-ability|p2a: Porygon2|Lightningrod|[from] ability: Trace|[of] p1a: Manectric
|move|p1a: Manectric|Volt Switch|p2a: Porygon2
|-boost|p2a: Porygon2|spa|1|[from] ability: Lightningrod
|
|turn|3
|
|switch|p1a: Tentacruel|Tentacruel, M|364\/364
|move|p2a: Porygon2|Ice Beam|p1a: Tentacruel
|-resisted|p1a: Tentacruel
|-damage|p1a: Tentacruel|317\/364
|
|-heal|p1a: Tentacruel|339\/364|[from] item: Black Sludge
|turn|4
|
|move|p1a: Tentacruel|Knock Off|p2a: Porygon2
|-damage|p2a: Porygon2|333\/371
|-enditem|p2a: Porygon2|Eviolite|[from] move: Knock Off|[of] p1a: Tentacruel
|move|p2a: Porygon2|Discharge|p1a: Tentacruel
|-supereffective|p1a: Tentacruel
|-damage|p1a: Tentacruel|157\/364
|
|-heal|p1a: Tentacruel|179\/364|[from] item: Black Sludge
|turn|5
|
|switch|p1a: Celebi|Celebi|404\/404
|move|p2a: Porygon2|Ice Beam|p1a: Celebi
|-supereffective|p1a: Celebi
|-damage|p1a: Celebi|238\/404
|
|-heal|p1a: Celebi|263\/404|[from] item: Leftovers
|turn|6
|
|switch|p2a: Gallade|Gallade, M|277\/277
|move|p1a: Celebi|Stealth Rock|p2a: Gallade
|-sidestart|p2: DaSpoofy|move: Stealth Rock
|
|-heal|p1a: Celebi|288\/404|[from] item: Leftovers
|turn|7
|
|move|p2a: Gallade|Knock Off|p1a: Celebi
|-supereffective|p1a: Celebi
|-damage|p1a: Celebi|46\/404
|-enditem|p1a: Celebi|Leftovers|[from] move: Knock Off|[of] p2a: Gallade
|move|p1a: Celebi|Thunder Wave|p2a: Gallade
|-status|p2a: Gallade|par
|
|turn|8
|
|switch|p1a: Tentacruel|Tentacruel, M|179\/364
|move|p2a: Gallade|Knock Off|p1a: Tentacruel
|-damage|p1a: Tentacruel|69\/364
|-enditem|p1a: Tentacruel|Black Sludge|[from] move: Knock Off|[of] p2a: Gallade
|
|turn|9
|
|move|p2a: Gallade|Shadow Sneak|p1a: Tentacruel
|-damage|p1a: Tentacruel|18\/364
|move|p1a: Tentacruel|Toxic Spikes|p2a: Gallade
|-sidestart|p2: DaSpoofy|move: Toxic Spikes
|
|turn|10
|
|move|p2a: Gallade|Shadow Sneak|p1a: Tentacruel
|-damage|p1a: Tentacruel|0 fnt
|faint|p1a: Tentacruel
|
|
|switch|p1a: Braviary|Braviary, M|341\/341
|turn|11
|
|move|p1a: Braviary|Brave Bird|p2a: Gallade
|-supereffective|p2a: Gallade
|-damage|p2a: Gallade|0 fnt
|-damage|p1a: Braviary|250\/341|[from] recoil|[of] p2a: Gallade
|faint|p2a: Gallade
|
|
|switch|p2a: Donphan|Donphan, F|379\/379
|-status|p2a: Donphan|psn
|-damage|p2a: Donphan|356\/379 psn|[from] Stealth Rock
|turn|12
|
|switch|p1a: Celebi|Celebi|46\/404
|move|p2a: Donphan|Rapid Spin|p1a: Celebi
|-damage|p1a: Celebi|22\/404
|-sideend|p2: DaSpoofy|Toxic Spikes|[from] move: Rapid Spin|[of] p2a: Donphan
|-sideend|p2: DaSpoofy|Stealth Rock|[from] move: Rapid Spin|[of] p2a: Donphan
|
|-heal|p2a: Donphan|379\/379 psn|[from] item: Leftovers
|-damage|p2a: Donphan|332\/379 psn|[from] psn
|turn|13
|
|move|p2a: Donphan|Ice Shard|p1a: Celebi
|-supereffective|p1a: Celebi
|-damage|p1a: Celebi|0 fnt
|faint|p1a: Celebi
|
|-heal|p2a: Donphan|355\/379 psn|[from] item: Leftovers
|-damage|p2a: Donphan|308\/379 psn|[from] psn
|
|switch|p1a: Heracross|Heracross, F|301\/301
|turn|14
|
|move|p1a: Heracross|Substitute|p1a: Heracross
|-start|p1a: Heracross|Substitute
|-damage|p1a: Heracross|226\/301
|move|p2a: Donphan|Stealth Rock|p1a: Heracross
|-sidestart|p1: Sork|move: Stealth Rock
|
|-heal|p1a: Heracross|244\/301|[from] item: Leftovers
|-heal|p2a: Donphan|331\/379 psn|[from] item: Leftovers
|-damage|p2a: Donphan|284\/379 psn|[from] psn
|turn|15
|
|-singleturn|p1a: Heracross|move: Focus Punch
|move|p2a: Donphan|Earthquake|p1a: Heracross
|-resisted|p1a: Heracross
|-end|p1a: Heracross|Substitute
|move|p1a: Heracross|Focus Punch|p2a: Donphan
|-damage|p2a: Donphan|56\/379 psn
|
|-heal|p1a: Heracross|262\/301|[from] item: Leftovers
|-heal|p2a: Donphan|79\/379 psn|[from] item: Leftovers
|-damage|p2a: Donphan|32\/379 psn|[from] psn
|turn|16
|
|move|p1a: Heracross|Knock Off|p2a: Donphan
|-damage|p2a: Donphan|0 fnt
|faint|p2a: Donphan
|
|-heal|p1a: Heracross|280\/301|[from] item: Leftovers
|
|switch|p2a: Absol|Absol, M, shiny|271\/271
|turn|17
|
|-formechange|p2a: Absol|Absol-Mega
|message|Absol has Mega Evolved into Mega Absol!
|move|p2a: Absol|Protect|p2a: Absol
|-singleturn|p2a: Absol|Protect
|move|p1a: Heracross|Megahorn|p2a: Absol
|-activate|p2a: Absol|Protect
|
|-heal|p1a: Heracross|298\/301|[from] item: Leftovers
|turn|18
|
|move|p2a: Absol|Play Rough|p1a: Heracross
|-supereffective|p1a: Heracross
|-damage|p1a: Heracross|0 fnt
|faint|p1a: Heracross
|
|
|switch|p1a: Manectric|Manectric, F|281\/281
|-damage|p1a: Manectric|246\/281|[from] Stealth Rock
|turn|19
|
|switch|p2a: Porygon2|Porygon2|333\/371
|-ability|p2a: Porygon2|Lightningrod|[from] ability: Trace|[of] p1a: Manectric
|-formechange|p1a: Manectric|Manectric-Mega
|message|Manectric has Mega Evolved into Mega Manectric!
|-ability|p1a: Manectric|Intimidate|[of] p2a: Porygon2
|-unboost|p2a: Porygon2|atk|1
|move|p1a: Manectric|Volt Switch|p2a: Porygon2
|-boost|p2a: Porygon2|spa|1|[from] ability: Lightningrod
|
|turn|20
|
|move|p1a: Manectric|Hidden Power|p2a: Porygon2
|-damage|p2a: Porygon2|276\/371
|move|p2a: Porygon2|Discharge|p1a: Manectric
|-resisted|p1a: Manectric
|-damage|p1a: Manectric|186\/281
|
|turn|21
|
|switch|p1a: Braviary|Braviary, M|250\/341
|-damage|p1a: Braviary|165\/341|[from] Stealth Rock
|move|p2a: Porygon2|Discharge|p1a: Braviary
|-supereffective|p1a: Braviary
|-damage|p1a: Braviary|0 fnt
|faint|p1a: Braviary
|
|
|switch|p1a: Darmanitan|Darmanitan, M|351\/351
|-damage|p1a: Darmanitan|264\/351|[from] Stealth Rock
|turn|22
|
|switch|p2a: Galvantula|Galvantula, M, shiny|157\/281
|move|p1a: Darmanitan|Flare Blitz|p2a: Galvantula
|-supereffective|p2a: Galvantula
|-damage|p2a: Galvantula|0 fnt
|-damage|p1a: Darmanitan|212\/351|[from] recoil|[of] p2a: Galvantula
|faint|p2a: Galvantula
|
|
|switch|p2a: Togetic|Togetic, F|311\/311
|turn|23
|
|move|p1a: Darmanitan|Flare Blitz|p2a: Togetic
|-damage|p2a: Togetic|82\/311
|-damage|p1a: Darmanitan|136\/351|[from] recoil|[of] p2a: Togetic
|move|p2a: Togetic|Tri Attack|p1a: Darmanitan
|-crit|p1a: Darmanitan
|-damage|p1a: Darmanitan|0 fnt
|faint|p1a: Darmanitan
|
|
|switch|p1a: Manectric|Manectric, F|186\/281
|-formechange|p1a: Manectric|Manectric-Mega
|-damage|p1a: Manectric|151\/281|[from] Stealth Rock
|-ability|p1a: Manectric|Intimidate|[of] p2a: Togetic
|-unboost|p2a: Togetic|atk|1
|turn|24
|
|move|p1a: Manectric|Thunderbolt|p2a: Togetic
|-supereffective|p2a: Togetic
|-damage|p2a: Togetic|0 fnt
|faint|p2a: Togetic
|
|
|switch|p2a: Porygon2|Porygon2|276\/371
|-ability|p2a: Porygon2|Intimidate|[from] ability: Trace|[of] p1a: Manectric
|-ability|p2a: Porygon2|Intimidate|[of] p1a: Manectric
|-unboost|p1a: Manectric|atk|1
|turn|25
|
|move|p1a: Manectric|Thunderbolt|p2a: Porygon2
|-damage|p2a: Porygon2|143\/371
|move|p2a: Porygon2|Ice Beam|p1a: Manectric
|-damage|p1a: Manectric|67\/281
|
|turn|26
|
|move|p1a: Manectric|Thunderbolt|p2a: Porygon2
|-damage|p2a: Porygon2|28\/371
|-status|p2a: Porygon2|par
|cant|p2a: Porygon2|par
|
|turn|27
|chat|DaSpoofy|gg
|
|move|p1a: Manectric|Thunderbolt|p2a: Porygon2
|-damage|p2a: Porygon2|0 fnt
|faint|p2a: Porygon2
|
|chat|Sork|gg
|
|switch|p2a: Absol|Absol, M, shiny|271\/271
|-formechange|p2a: Absol|Absol-Mega
|turn|28
|
|move|p2a: Absol|Sucker Punch|p1a: Manectric
|-damage|p1a: Manectric|0 fnt
|faint|p1a: Manectric
|
|win|DaSpoofy
|raw|Ladder updating...