|join|silverchronicles
|join|DaSpoofy
|player|p1|silverchronicles|266
|player|p2|DaSpoofy|253
|gametype|singles
|gen|6
|tier|UU
|rated
|clearpoke
|poke|p1|Mienshao, M
|poke|p1|Porygon-Z
|poke|p1|Victini
|poke|p1|Starmie
|poke|p1|Shaymin
|poke|p1|Aggron, M
|poke|p2|Gallade, M
|poke|p2|Absol, F, shiny
|poke|p2|Togetic, F
|poke|p2|Porygon2
|poke|p2|Donphan, M
|poke|p2|Galvantula, M, shiny
|rule|Sleep Clause Mod: Limit one foe put to sleep
|rule|Species Clause: Limit one of each Pokemon
|rule|OHKO Clause: OHKO moves are banned
|rule|Moody Clause: Moody is banned
|rule|Evasion Moves Clause: Evasion moves are banned
|rule|Endless Battle Clause: Forcing endless battles is banned.
|rule|HP Percentage Mod: HP is reported as percentages
|teampreview
|
|start
|switch|p1a: Mienshao|Mienshao, M|272\/272
|switch|p2a: Gallade|Gallade, M|277\/277
|turn|1
|
|move|p1a: Mienshao|U-turn|p2a: Gallade
|-damage|p2a: Gallade|180\/277
|
|switch|p1a: Aggron|Aggron, M|344\/344
|move|p2a: Gallade|Knock Off|p1a: Aggron
|-crit|p1a: Aggron
|-damage|p1a: Aggron|263\/344
|
|turn|2
|
|switch|p2a: Donphan|Donphan, M|379\/379
|-formechange|p1a: Aggron|Aggron-Mega
|message|Aggron has Mega Evolved into Mega Aggron!
|move|p1a: Aggron|Heavy Slam|p2a: Donphan
|-damage|p2a: Donphan|285\/379
|
|-heal|p2a: Donphan|308\/379|[from] item: Leftovers
|turn|3
|
|move|p2a: Donphan|Earthquake|p1a: Aggron
|-supereffective|p1a: Aggron
|-damage|p1a: Aggron|131\/344
|move|p1a: Aggron|Stealth Rock|p2a: Donphan
|-sidestart|p2: DaSpoofy|move: Stealth Rock
|
|-heal|p2a: Donphan|331\/379|[from] item: Leftovers
|turn|4
|
|switch|p1a: Shaymin|Shaymin|342\/342
|move|p2a: Donphan|Rapid Spin|p1a: Shaymin
|-damage|p1a: Shaymin|315\/342
|-sideend|p2: DaSpoofy|Stealth Rock|[from] move: Rapid Spin|[of] p2a: Donphan
|
|-heal|p2a: Donphan|354\/379|[from] item: Leftovers
|turn|5
|
|switch|p2a: Togetic|Togetic, F|311\/311
|move|p1a: Shaymin|Seed Flare|p2a: Togetic
|-resisted|p2a: Togetic
|-damage|p2a: Togetic|241\/311
|-unboost|p2a: Togetic|spd|2
|-damage|p1a: Shaymin|281\/342|[from] item: Life Orb
|
|turn|6
|
|switch|p1a: Aggron|Aggron, M|131\/344
|-formechange|p1a: Aggron|Aggron-Mega
|move|p2a: Togetic|Tri Attack|p1a: Aggron
|-resisted|p1a: Aggron
|-damage|p1a: Aggron|100\/344
|
|turn|7
|
|switch|p2a: Donphan|Donphan, M|354\/379
|move|p1a: Aggron|Stealth Rock|p2a: Donphan
|-sidestart|p2: DaSpoofy|move: Stealth Rock
|
|-heal|p2a: Donphan|377\/379|[from] item: Leftovers
|turn|8
|
|switch|p1a: Shaymin|Shaymin|281\/342
|move|p2a: Donphan|Earthquake|p1a: Shaymin
|-resisted|p1a: Shaymin
|-damage|p1a: Shaymin|189\/342
|
|-heal|p2a: Donphan|379\/379|[from] item: Leftovers
|turn|9
|
|switch|p2a: Porygon2|Porygon2|371\/371
|-damage|p2a: Porygon2|325\/371|[from] Stealth Rock
|-ability|p2a: Porygon2|Natural Cure|[from] ability: Trace|[of] p1a: Shaymin
|move|p1a: Shaymin|Seed Flare|p2a: Porygon2
|-damage|p2a: Porygon2|216\/371
|-unboost|p2a: Porygon2|spd|2
|-damage|p1a: Shaymin|155\/342|[from] item: Life Orb
|
|turn|10
|
|switch|p2a: Togetic|Togetic, F|241\/311
|-damage|p2a: Togetic|164\/311|[from] Stealth Rock
|move|p1a: Shaymin|Leech Seed|p2a: Togetic
|-start|p2a: Togetic|move: Leech Seed
|
|-damage|p2a: Togetic|126\/311|[from] Leech Seed|[of] p1a: Shaymin
|-heal|p1a: Shaymin|193\/342|[silent]
|turn|11
|
|move|p1a: Shaymin|Seed Flare|p2a: Togetic
|-resisted|p2a: Togetic
|-damage|p2a: Togetic|57\/311
|-damage|p1a: Shaymin|159\/342|[from] item: Life Orb
|move|p2a: Togetic|Roost|p2a: Togetic
|-heal|p2a: Togetic|213\/311
|
|-damage|p2a: Togetic|175\/311|[from] Leech Seed|[of] p1a: Shaymin
|-heal|p1a: Shaymin|197\/342|[silent]
|turn|12
|
|move|p1a: Shaymin|Seed Flare|p2a: Togetic
|-resisted|p2a: Togetic
|-damage|p2a: Togetic|94\/311
|-damage|p1a: Shaymin|163\/342|[from] item: Life Orb
|move|p2a: Togetic|Roost|p2a: Togetic
|-heal|p2a: Togetic|250\/311
|
|-damage|p2a: Togetic|212\/311|[from] Leech Seed|[of] p1a: Shaymin
|-heal|p1a: Shaymin|201\/342|[silent]
|turn|13
|
|move|p1a: Shaymin|Dazzling Gleam|p2a: Togetic
|-damage|p2a: Togetic|147\/311
|-damage|p1a: Shaymin|167\/342|[from] item: Life Orb
|move|p2a: Togetic|Tri Attack|p1a: Shaymin
|-crit|p1a: Shaymin
|-damage|p1a: Shaymin|59\/342
|
|-damage|p2a: Togetic|109\/311|[from] Leech Seed|[of] p1a: Shaymin
|-heal|p1a: Shaymin|97\/342|[silent]
|turn|14
|
|move|p1a: Shaymin|Seed Flare|p2a: Togetic
|-resisted|p2a: Togetic
|-damage|p2a: Togetic|38\/311
|-damage|p1a: Shaymin|63\/342|[from] item: Life Orb
|move|p2a: Togetic|Roost|p2a: Togetic
|-heal|p2a: Togetic|194\/311
|
|-damage|p2a: Togetic|156\/311|[from] Leech Seed|[of] p1a: Shaymin
|-heal|p1a: Shaymin|101\/342|[silent]
|turn|15
|
|move|p1a: Shaymin|Seed Flare|p2a: Togetic|[miss]
|-miss|p1a: Shaymin|p2a: Togetic
|move|p2a: Togetic|Roost|p2a: Togetic
|-heal|p2a: Togetic|311\/311
|
|-damage|p2a: Togetic|273\/311|[from] Leech Seed|[of] p1a: Shaymin
|-heal|p1a: Shaymin|139\/342|[silent]
|turn|16
|
|move|p1a: Shaymin|Seed Flare|p2a: Togetic
|-resisted|p2a: Togetic
|-damage|p2a: Togetic|198\/311
|-damage|p1a: Shaymin|105\/342|[from] item: Life Orb
|move|p2a: Togetic|Dazzling Gleam|p1a: Shaymin
|-crit|p1a: Shaymin
|-damage|p1a: Shaymin|0 fnt
|faint|p1a: Shaymin
|
|
|switch|p1a: Starmie|Starmie|262\/262
|turn|17
|
|switch|p2a: Porygon2|Porygon2|216\/371
|-damage|p2a: Porygon2|170\/371|[from] Stealth Rock
|-ability|p2a: Porygon2|Natural Cure|[from] ability: Trace|[of] p1a: Starmie
|move|p1a: Starmie|Ice Beam|p2a: Porygon2
|-damage|p2a: Porygon2|128\/371
|
|turn|18
|
|move|p1a: Starmie|Psychic|p2a: Porygon2
|-damage|p2a: Porygon2|59\/371
|-unboost|p2a: Porygon2|spd|1
|move|p2a: Porygon2|Recover|p2a: Porygon2
|-heal|p2a: Porygon2|245\/371
|
|turn|19
|
|switch|p1a: Mienshao|Mienshao, M|272\/272
|move|p2a: Porygon2|Recover|p2a: Porygon2
|-heal|p2a: Porygon2|371\/371
|
|turn|20
|
|switch|p2a: Donphan|Donphan, M|379\/379
|-damage|p2a: Donphan|356\/379|[from] Stealth Rock
|move|p1a: Mienshao|High Jump Kick|p2a: Donphan
|-damage|p2a: Donphan|181\/379
|
|-heal|p2a: Donphan|204\/379|[from] item: Leftovers
|turn|21
|
|move|p1a: Mienshao|High Jump Kick|p2a: Donphan
|-damage|p2a: Donphan|24\/379
|move|p2a: Donphan|Rapid Spin|p1a: Mienshao
|-damage|p1a: Mienshao|236\/272
|-sideend|p2: DaSpoofy|Stealth Rock|[from] move: Rapid Spin|[of] p2a: Donphan
|
|-heal|p2a: Donphan|47\/379|[from] item: Leftovers
|turn|22
|
|switch|p2a: Togetic|Togetic, F|198\/311
|move|p1a: Mienshao|High Jump Kick|p2a: Togetic
|-resisted|p2a: Togetic
|-damage|p2a: Togetic|159\/311
|
|turn|23
|
|switch|p1a: Starmie|Starmie|262\/262
|move|p2a: Togetic|Tri Attack|p1a: Starmie
|-damage|p1a: Starmie|177\/262
|
|turn|24
|
|switch|p2a: Porygon2|Porygon2|371\/371
|-ability|p2a: Porygon2|Natural Cure|[from] ability: Trace|[of] p1a: Starmie
|move|p1a: Starmie|Ice Beam|p2a: Porygon2
|-damage|p2a: Porygon2|323\/371
|
|turn|25
|
|switch|p1a: Mienshao|Mienshao, M|272\/272
|move|p2a: Porygon2|Discharge|p1a: Mienshao
|-damage|p1a: Mienshao|173\/272
|
|turn|26
|
|switch|p2a: Absol|Absol, F, shiny|271\/271
|move|p1a: Mienshao|Knock Off|p2a: Absol
|-resisted|p2a: Absol
|-damage|p2a: Absol|222\/271
|-boost|p2a: Absol|atk|1|[from] ability: Justified
|
|turn|27
|
|switch|p1a: Aggron|Aggron, M|100\/344
|-formechange|p1a: Aggron|Aggron-Mega
|-formechange|p2a: Absol|Absol-Mega
|message|Absol has Mega Evolved into Mega Absol!
|move|p2a: Absol|Swords Dance|p2a: Absol
|-boost|p2a: Absol|atk|2
|
|turn|28
|chat|DaSpoofy|gg
|
|move|p2a: Absol|Sucker Punch|p1a: Aggron
|-damage|p1a: Aggron|0 fnt
|faint|p1a: Aggron
|
|
|switch|p1a: Mienshao|Mienshao, M|263\/272
|turn|29
|
|move|p2a: Absol|Sucker Punch|p1a: Mienshao
|-resisted|p1a: Mienshao
|-damage|p1a: Mienshao|0 fnt
|faint|p1a: Mienshao
|
|
|switch|p1a: Porygon-Z|Porygon-Z|312\/312
|turn|30
|
|move|p2a: Absol|Protect|p2a: Absol
|-singleturn|p2a: Absol|Protect
|move|p1a: Porygon-Z|Tri Attack|p2a: Absol
|-activate|p2a: Absol|Protect
|
|turn|31
|
|switch|p1a: Victini|Victini|341\/341
|move|p2a: Absol|Sucker Punch|p1a: Victini
|-fail|p1a: Victini
|
|turn|32
|
|move|p2a: Absol|Sucker Punch|p1a: Victini
|-supereffective|p1a: Victini
|-damage|p1a: Victini|0 fnt
|faint|p1a: Victini
|
|
|switch|p1a: Porygon-Z|Porygon-Z|312\/312
|turn|33
|-message|silverchronicles forfeited.
|
|win|DaSpoofy
|raw|Ladder updating...
|raw|silverchronicles's rating: 1408 &rarr; <strong>1388<\/strong><br \/>(-20 for losing)
|raw|DaSpoofy's rating: 1400 &rarr; <strong>1421<\/strong><br \/>(+21 for winning)