|join|DaSpoofy
|join|This Many Fucks
|player|p1|DaSpoofy|253
|player|p2|This Many Fucks|172
|gametype|singles
|gen|6
|tier|UU
|rated
|clearpoke
|poke|p1|Gallade, M
|poke|p1|Absol, M, shiny
|poke|p1|Togetic, F
|poke|p1|Porygon2
|poke|p1|Donphan, F
|poke|p1|Galvantula, F, shiny
|poke|p2|Tornadus-Therian, M
|poke|p2|Exploud, F
|poke|p2|Cresselia, F
|poke|p2|Mew
|poke|p2|Swampert, F
|poke|p2|Rotom-Mow
|rule|Sleep Clause Mod: Limit one foe put to sleep
|rule|Species Clause: Limit one of each Pokemon
|rule|OHKO Clause: OHKO moves are banned
|rule|Moody Clause: Moody is banned
|rule|Evasion Moves Clause: Evasion moves are banned
|rule|Endless Battle Clause: Forcing endless battles is banned.
|rule|HP Percentage Mod: HP is reported as percentages
|teampreview
|
|start
|switch|p1a: Gallade|Gallade, M|277\/277
|switch|p2a: Tornadus-Therian|Tornadus-Therian, M|299\/299
|turn|1
|
|switch|p1a: Porygon2|Porygon2|374\/374
|-ability|p1a: Porygon2|Regenerator|[from] ability: Trace|[of] p2a: Tornadus-Therian
|move|p2a: Tornadus-Therian|Knock Off|p1a: Porygon2
|-damage|p1a: Porygon2|305\/374
|-enditem|p1a: Porygon2|Eviolite|[from] move: Knock Off|[of] p2a: Tornadus-Therian
|
|turn|2
|
|move|p2a: Tornadus-Therian|U-turn|p1a: Porygon2
|-damage|p1a: Porygon2|222\/374
|
|switch|p2a: Swampert|Swampert, F|404\/404
|move|p1a: Porygon2|Discharge|p2a: Swampert
|-immune|p2a: Swampert|[msg]
|
|turn|3
|
|switch|p1a: Galvantula|Galvantula, F, shiny|281\/281
|move|p2a: Swampert|Earthquake|p1a: Galvantula
|-enditem|p1a: Galvantula|Focus Sash
|-damage|p1a: Galvantula|1\/281
|
|turn|4
|
|move|p1a: Galvantula|Giga Drain|p2a: Swampert
|-supereffective|p2a: Swampert
|-damage|p2a: Swampert|84\/404
|-heal|p1a: Galvantula|161\/281|[from] drain|[of] p2a: Swampert
|move|p2a: Swampert|Earthquake|p1a: Galvantula
|-damage|p1a: Galvantula|0 fnt
|faint|p1a: Galvantula
|
|
|switch|p1a: Porygon2|Porygon2|346\/374
|-ability|p1a: Porygon2|Torrent|[from] ability: Trace|[of] p2a: Swampert
|turn|5
|
|move|p2a: Swampert|Earthquake|p1a: Porygon2
|-damage|p1a: Porygon2|84\/374
|move|p1a: Porygon2|Ice Beam|p2a: Swampert
|-damage|p2a: Swampert|3\/404
|
|turn|6
|
|move|p2a: Swampert|Earthquake|p1a: Porygon2
|-damage|p1a: Porygon2|0 fnt
|faint|p1a: Porygon2
|
|
|switch|p1a: Donphan|Donphan, F|384\/384
|turn|7
|
|move|p1a: Donphan|Ice Shard|p2a: Swampert
|-damage|p2a: Swampert|0 fnt
|faint|p2a: Swampert
|
|chat|DaSpoofy|banded 
|chat|DaSpoofy|dangit
|
|switch|p2a: Exploud|Exploud, F|412\/412
|turn|8
|chat|DaSpoofy|too dumd to get it of the bat
|
|move|p2a: Exploud|Boomburst|p1a: Donphan
|-activate|p1a: Donphan|Sturdy
|-damage|p1a: Donphan|1\/384
|move|p1a: Donphan|Earth Power|p2a: Exploud
|-damage|p2a: Exploud|325\/412
|
|-heal|p1a: Donphan|25\/384|[from] item: Leftovers
|turn|9
|chat|DaSpoofy|whoops 
|chat|DaSpoofy|i put the wrong move lol
|
|move|p1a: Donphan|Ice Shard|p2a: Exploud
|-damage|p2a: Exploud|268\/412
|move|p2a: Exploud|Boomburst|p1a: Donphan
|-damage|p1a: Donphan|0 fnt
|faint|p1a: Donphan
|
|
|switch|p1a: Gallade|Gallade, M|277\/277
|turn|10
|
|switch|p2a: Purple Magic|Cresselia, F|444\/444
|move|p1a: Gallade|Drain Punch|p2a: Purple Magic
|-resisted|p2a: Purple Magic
|-damage|p2a: Purple Magic|391\/444
|
|-heal|p2a: Purple Magic|418\/444|[from] item: Leftovers
|turn|11
|
|move|p1a: Gallade|Knock Off|p2a: Purple Magic
|-supereffective|p2a: Purple Magic
|-damage|p2a: Purple Magic|216\/444
|-enditem|p2a: Purple Magic|Leftovers|[from] move: Knock Off|[of] p1a: Gallade
|move|p2a: Purple Magic|Substitute|p2a: Purple Magic
|-start|p2a: Purple Magic|Substitute
|-damage|p2a: Purple Magic|105\/444
|
|turn|12
|
|move|p1a: Gallade|Knock Off|p2a: Purple Magic
|-supereffective|p2a: Purple Magic
|-end|p2a: Purple Magic|Substitute
|move|p2a: Purple Magic|Psyshock|p1a: Gallade
|-damage|p1a: Gallade|157\/277
|
|turn|13
|
|move|p1a: Gallade|Knock Off|p2a: Purple Magic
|-supereffective|p2a: Purple Magic
|-damage|p2a: Purple Magic|0 fnt
|faint|p2a: Purple Magic
|
|
|switch|p2a: Rotom-Mow|Rotom-Mow|241\/241
|turn|14
|
|move|p2a: Rotom-Mow|Thunderbolt|p1a: Gallade
|-damage|p1a: Gallade|76\/277
|-status|p1a: Gallade|par
|move|p1a: Gallade|Knock Off|p2a: Rotom-Mow
|-crit|p2a: Rotom-Mow
|-damage|p2a: Rotom-Mow|64\/241
|-enditem|p2a: Rotom-Mow|Choice Scarf|[from] move: Knock Off|[of] p1a: Gallade
|
|turn|15
|
|cant|p1a: Gallade|par
|move|p2a: Rotom-Mow|Thunderbolt|p1a: Gallade
|-damage|p1a: Gallade|0 fnt
|faint|p1a: Gallade
|
|
|switch|p1a: Absol|Absol, M, shiny|271\/271
|turn|16
|
|switch|p2a: Tornadus-Therian|Tornadus-Therian, M|299\/299
|-formechange|p1a: Absol|Absol-Mega
|message|Absol has Mega Evolved into Mega Absol!
|move|p1a: Absol|Protect|p1a: Absol
|-fail|p1a: Absol
|
|turn|17
|
|switch|p1a: Togetic|Togetic, F|314\/314
|move|p2a: Tornadus-Therian|U-turn|p1a: Togetic
|-resisted|p1a: Togetic
|-damage|p1a: Togetic|300\/314
|
|switch|p2a: Mew|Mew|341\/341
|
|turn|18
|
|move|p2a: Mew|Swords Dance|p2a: Mew
|-boost|p2a: Mew|atk|2
|move|p1a: Togetic|Tri Attack|p2a: Mew
|-damage|p2a: Mew|267\/341
|
|-heal|p2a: Mew|288\/341|[from] item: Leftovers
|turn|19
|join|PokemonIsFgt
|
|move|p2a: Mew|Drain Punch|p1a: Togetic
|-resisted|p1a: Togetic
|-damage|p1a: Togetic|273\/314
|-heal|p2a: Mew|302\/341|[from] drain|[of] p1a: Togetic
|move|p1a: Togetic|Tri Attack|p2a: Mew
|-damage|p2a: Mew|227\/341
|
|-heal|p2a: Mew|248\/341|[from] item: Leftovers
|turn|20
|
|move|p2a: Mew|Zen Headbutt|p1a: Togetic
|-damage|p1a: Togetic|98\/314
|move|p1a: Togetic|Tri Attack|p2a: Mew
|-damage|p2a: Mew|172\/341
|
|-heal|p2a: Mew|193\/341|[from] item: Leftovers
|turn|21
|
|move|p2a: Mew|Zen Headbutt|p1a: Togetic
|-damage|p1a: Togetic|0 fnt
|faint|p1a: Togetic
|
|-heal|p2a: Mew|214\/341|[from] item: Leftovers
|
|switch|p1a: Absol|Absol, M, shiny|271\/271
|-formechange|p1a: Absol|Absol-Mega
|turn|22
|
|move|p1a: Absol|Sucker Punch|p2a: Mew
|-supereffective|p2a: Mew
|-damage|p2a: Mew|0 fnt
|faint|p2a: Mew
|
|
|switch|p2a: Tornadus-Therian|Tornadus-Therian, M|299\/299
|turn|23
|
|move|p1a: Absol|Sucker Punch|p2a: Tornadus-Therian
|-damage|p2a: Tornadus-Therian|92\/299
|move|p2a: Tornadus-Therian|U-turn|p1a: Absol
|-supereffective|p1a: Absol
|-damage|p1a: Absol|59\/271
|chat|DaSpoofy|gg
|
|switch|p2a: Rotom-Mow|Rotom-Mow|64\/241
|
|turn|24
|
|move|p1a: Absol|Protect|p1a: Absol
|-singleturn|p1a: Absol|Protect
|move|p2a: Rotom-Mow|Volt Switch|p1a: Absol
|-activate|p1a: Absol|Protect
|
|turn|25
|
|switch|p2a: Tornadus-Therian|Tornadus-Therian, M|191\/299
|move|p1a: Absol|Sucker Punch|p2a: Tornadus-Therian
|-fail|p2a: Tornadus-Therian
|
|turn|26
|
|switch|p2a: Rotom-Mow|Rotom-Mow|64\/241
|move|p1a: Absol|Swords Dance|p1a: Absol
|-boost|p1a: Absol|atk|2
|
|turn|27
|chat|PokemonIsFgt|pursuit if real
|
|move|p1a: Absol|Protect|p1a: Absol
|-singleturn|p1a: Absol|Protect
|move|p2a: Rotom-Mow|Volt Switch|p1a: Absol
|-activate|p1a: Absol|Protect
|
|turn|28
|
|move|p1a: Absol|Sucker Punch|p2a: Rotom-Mow
|-damage|p2a: Rotom-Mow|0 fnt
|faint|p2a: Rotom-Mow
|
|
|switch|p2a: Tornadus-Therian|Tornadus-Therian, M|290\/299
|turn|29
|
|move|p1a: Absol|Sucker Punch|p2a: Tornadus-Therian
|-damage|p2a: Tornadus-Therian|0 fnt
|faint|p2a: Tornadus-Therian
|
|
|switch|p2a: Exploud|Exploud, F|268\/412
|turn|30
|
|move|p1a: Absol|Sucker Punch|p2a: Exploud
|-crit|p2a: Exploud
|-damage|p2a: Exploud|0 fnt
|faint|p2a: Exploud
|
|win|DaSpoofy
|raw|Ladder updating...
|raw|DaSpoofy's rating: 1415 &rarr; <strong>1432<\/strong><br \/>(+17 for winning)
|raw|This Many Fucks's rating: 1357 &rarr; <strong>1340<\/strong><br \/>(-17 for losing)
|leave|This Many Fucks
|player|p2
|leave|PokemonIsFgt