|join|DaSpoofy
|join|Newamsterdan
|player|p1|DaSpoofy|253
|player|p2|Newamsterdan|151
|gametype|singles
|gen|6
|tier|UU
|rated
|clearpoke
|poke|p1|Honchkrow, F
|poke|p1|Kingdra, M
|poke|p1|Jirachi
|poke|p1|Gardevoir, M
|poke|p1|Porygon2
|poke|p1|Milotic, M
|poke|p2|Galvantula, M
|poke|p2|Victini
|poke|p2|Scrafty, M
|poke|p2|Blastoise, M
|poke|p2|Metagross
|poke|p2|Tyrantrum, M
|rule|Sleep Clause Mod: Limit one foe put to sleep
|rule|Species Clause: Limit one of each Pokemon
|rule|OHKO Clause: OHKO moves are banned
|rule|Moody Clause: Moody is banned
|rule|Evasion Moves Clause: Evasion moves are banned
|rule|Endless Battle Clause: Forcing endless battles is banned.
|rule|HP Percentage Mod: HP is reported as percentages
|teampreview
|join|Reemote
|
|start
|switch|p1a: Jirachi|Jirachi|398\/398
|switch|p2a: Metabee|Metagross|364\/364
|turn|1
|
|switch|p2a: Space Jam|Victini|341\/341
|move|p1a: Jirachi|Fire Punch|p2a: Space Jam
|-resisted|p2a: Space Jam
|-damage|p2a: Space Jam|299\/341
|
|turn|2
|
|switch|p1a: Kingdra|Kingdra, M|354\/354
|move|p2a: Space Jam|U-turn|p1a: Kingdra
|-damage|p1a: Kingdra|288\/354
|leave|Reemote
|
|switch|p2a: Mac Miller|Scrafty, M|334\/334
|-ability|p2a: Mac Miller|Intimidate|[of] p1a: Kingdra
|-unboost|p1a: Kingdra|atk|1
|
|turn|3
|
|switch|p1a: Gardevoir|Gardevoir, M|278\/278
|-ability|p1a: Gardevoir|Intimidate|[from] ability: Trace|[of] p2a: Mac Miller
|-ability|p1a: Gardevoir|Intimidate|[of] p2a: Mac Miller
|-unboost|p2a: Mac Miller|atk|1
|move|p2a: Mac Miller|Knock Off|p1a: Gardevoir
|-damage|p1a: Gardevoir|148\/278
|-enditem|p1a: Gardevoir|Choice Scarf|[from] move: Knock Off|[of] p2a: Mac Miller
|
|turn|4
|
|switch|p1a: Milotic|Milotic, M|394\/394
|switch|p2a: Metabee|Metagross|364\/364
|
|turn|5
|
|switch|p2a: Kawaii-Desu|Galvantula, M|281\/281
|move|p1a: Milotic|Scald|p2a: Kawaii-Desu
|-damage|p2a: Kawaii-Desu|127\/281
|
|turn|6
|
|move|p1a: Milotic|Magic Coat|p1a: Milotic
|-singleturn|p1a: Milotic|move: Magic Coat
|move|p2a: Kawaii-Desu|Thunder|p1a: Milotic
|-supereffective|p1a: Milotic
|-damage|p1a: Milotic|206\/394
|
|-heal|p1a: Milotic|230\/394|[from] item: Leftovers
|turn|7
|
|move|p2a: Kawaii-Desu|Thunder|p1a: Milotic
|-supereffective|p1a: Milotic
|-damage|p1a: Milotic|38\/394
|-status|p1a: Milotic|par
|move|p1a: Milotic|Scald|p2a: Kawaii-Desu
|-damage|p2a: Kawaii-Desu|0 fnt
|faint|p2a: Kawaii-Desu
|
|-heal|p1a: Milotic|62\/394 par|[from] item: Leftovers
|
|switch|p2a: Space Jam|Victini|299\/341
|turn|8
|
|move|p2a: Space Jam|U-turn|p1a: Milotic
|-damage|p1a: Milotic|6\/394 par
|
|switch|p2a: Wild Turtle|Blastoise, M|362\/362
|move|p1a: Milotic|Scald|p2a: Wild Turtle
|-resisted|p2a: Wild Turtle
|-damage|p2a: Wild Turtle|318\/362
|-status|p2a: Wild Turtle|brn
|
|-heal|p1a: Milotic|30\/394 par|[from] item: Leftovers
|-damage|p2a: Wild Turtle|273\/362 brn|[from] brn
|turn|9
|
|-formechange|p2a: Wild Turtle|Blastoise-Mega
|message|Blastoise has Mega Evolved into Mega Blastoise!
|move|p2a: Wild Turtle|Dark Pulse|p1a: Milotic
|-damage|p1a: Milotic|0 fnt
|faint|p1a: Milotic
|
|-damage|p2a: Wild Turtle|228\/362 brn|[from] brn
|
|switch|p1a: Gardevoir|Gardevoir, M|148\/278
|-ability|p1a: Gardevoir|Mega Launcher|[from] ability: Trace|[of] p2a: Wild Turtle
|turn|10
|
|move|p1a: Gardevoir|Thunderbolt|p2a: Wild Turtle
|-supereffective|p2a: Wild Turtle
|-damage|p2a: Wild Turtle|50\/362 brn
|move|p2a: Wild Turtle|Ice Beam|p1a: Gardevoir
|-damage|p1a: Gardevoir|35\/278
|
|-damage|p2a: Wild Turtle|5\/362 brn|[from] brn
|turn|11
|
|move|p1a: Gardevoir|Psychic|p2a: Wild Turtle
|-damage|p2a: Wild Turtle|0 fnt
|faint|p2a: Wild Turtle
|
|
|switch|p2a: Space Jam|Victini|299\/341
|turn|12
|
|move|p2a: Space Jam|V-create|p1a: Gardevoir
|-damage|p1a: Gardevoir|0 fnt
|-unboost|p2a: Space Jam|def|1
|-unboost|p2a: Space Jam|spd|1
|-unboost|p2a: Space Jam|spe|1
|faint|p1a: Gardevoir
|
|
|switch|p1a: Kingdra|Kingdra, M|288\/354
|turn|13
|
|switch|p2a: Mac Miller|Scrafty, M|334\/334
|-ability|p2a: Mac Miller|Intimidate|[of] p1a: Kingdra
|-unboost|p1a: Kingdra|atk|1
|move|p1a: Kingdra|Dragon Dance|p1a: Kingdra
|-boost|p1a: Kingdra|atk|1
|-boost|p1a: Kingdra|spe|1
|
|turn|14
|
|move|p1a: Kingdra|Waterfall|p2a: Mac Miller
|-damage|p2a: Mac Miller|250\/334
|cant|p2a: Mac Miller|flinch
|
|turn|15
|
|move|p1a: Kingdra|Dragon Dance|p1a: Kingdra
|-boost|p1a: Kingdra|atk|1
|-boost|p1a: Kingdra|spe|1
|move|p2a: Mac Miller|High Jump Kick|p1a: Kingdra
|-damage|p1a: Kingdra|93\/354
|
|turn|16
|
|move|p1a: Kingdra|Rest|p1a: Kingdra
|-status|p1a: Kingdra|slp
|-heal|p1a: Kingdra|354\/354 slp|[silent]
|-status|p1a: Kingdra|slp|[from] move: Rest
|-enditem|p1a: Kingdra|Chesto Berry|[eat]
|-curestatus|p1a: Kingdra|slp
|move|p2a: Mac Miller|High Jump Kick|p1a: Kingdra
|-damage|p1a: Kingdra|170\/354
|
|turn|17
|
|move|p1a: Kingdra|Waterfall|p2a: Mac Miller
|-damage|p2a: Mac Miller|121\/334
|move|p2a: Mac Miller|High Jump Kick|p1a: Kingdra
|-damage|p1a: Kingdra|0 fnt
|faint|p1a: Kingdra
|
|
|switch|p1a: Honchkrow|Honchkrow, F|341\/341
|turn|18
|
|move|p1a: Honchkrow|Brave Bird|p2a: Mac Miller
|-supereffective|p2a: Mac Miller
|-damage|p2a: Mac Miller|0 fnt
|-damage|p1a: Honchkrow|301\/341|[from] recoil|[of] p2a: Mac Miller
|-damage|p1a: Honchkrow|267\/341|[from] item: Life Orb
|faint|p2a: Mac Miller
|-boost|p1a: Honchkrow|atk|1|[from] ability: Moxie
|
|
|switch|p2a: Prof. Infosaurus|Tyrantrum, M|306\/306
|turn|19
|
|switch|p1a: Jirachi|Jirachi|398\/398
|move|p2a: Prof. Infosaurus|Dragon Dance|p2a: Prof. Infosaurus
|-boost|p2a: Prof. Infosaurus|atk|1
|-boost|p2a: Prof. Infosaurus|spe|1
|
|turn|20
|
|move|p2a: Prof. Infosaurus|Earthquake|p1a: Jirachi
|-supereffective|p1a: Jirachi
|-damage|p1a: Jirachi|54\/398
|move|p1a: Jirachi|Thunder Wave|p2a: Prof. Infosaurus
|-status|p2a: Prof. Infosaurus|par
|
|-heal|p1a: Jirachi|78\/398|[from] item: Leftovers
|turn|21
|
|move|p1a: Jirachi|Iron Head|p2a: Prof. Infosaurus
|-supereffective|p2a: Prof. Infosaurus
|-damage|p2a: Prof. Infosaurus|90\/306 par
|cant|p2a: Prof. Infosaurus|flinch
|
|-heal|p1a: Jirachi|102\/398|[from] item: Leftovers
|turn|22
|
|move|p1a: Jirachi|Iron Head|p2a: Prof. Infosaurus
|-supereffective|p2a: Prof. Infosaurus
|-damage|p2a: Prof. Infosaurus|0 fnt
|faint|p2a: Prof. Infosaurus
|
|-heal|p1a: Jirachi|126\/398|[from] item: Leftovers
|
|switch|p2a: Space Jam|Victini|299\/341
|turn|23
|
|move|p2a: Space Jam|V-create|p1a: Jirachi
|-supereffective|p1a: Jirachi
|-damage|p1a: Jirachi|0 fnt
|-unboost|p2a: Space Jam|def|1
|-unboost|p2a: Space Jam|spd|1
|-unboost|p2a: Space Jam|spe|1
|faint|p1a: Jirachi
|
|
|switch|p1a: Porygon2|Porygon2|374\/374
|-ability|p1a: Porygon2|Victory Star|[from] ability: Trace|[of] p2a: Space Jam
|turn|24
|
|switch|p2a: Metabee|Metagross|364\/364
|move|p1a: Porygon2|Discharge|p2a: Metabee
|-damage|p2a: Metabee|313\/364
|-status|p2a: Metabee|par
|
|turn|25
|
|move|p1a: Porygon2|Discharge|p2a: Metabee
|-damage|p2a: Metabee|262\/364 par
|move|p2a: Metabee|Hammer Arm|p1a: Porygon2
|-supereffective|p1a: Porygon2
|-damage|p1a: Porygon2|232\/374
|-unboost|p2a: Metabee|spe|1
|
|turn|26
|
|move|p1a: Porygon2|Conversion|p1a: Porygon2
|-start|p1a: Porygon2|typechange|Electric
|move|p2a: Metabee|Hammer Arm|p1a: Porygon2
|-damage|p1a: Porygon2|162\/374
|-unboost|p2a: Metabee|spe|1
|
|turn|27
|
|move|p1a: Porygon2|Recover|p1a: Porygon2
|-heal|p1a: Porygon2|349\/374
|move|p2a: Metabee|Hammer Arm|p1a: Porygon2
|-damage|p1a: Porygon2|274\/374
|-unboost|p2a: Metabee|spe|1
|
|turn|28
|
|move|p1a: Porygon2|Discharge|p2a: Metabee
|-damage|p2a: Metabee|183\/364 par
|cant|p2a: Metabee|par
|
|turn|29
|
|move|p1a: Porygon2|Discharge|p2a: Metabee
|-damage|p2a: Metabee|108\/364 par
|move|p2a: Metabee|Meteor Mash|p1a: Porygon2
|-resisted|p1a: Porygon2
|-damage|p1a: Porygon2|229\/374
|-boost|p2a: Metabee|atk|1
|
|turn|30
|
|move|p1a: Porygon2|Recover|p1a: Porygon2
|-heal|p1a: Porygon2|374\/374
|move|p2a: Metabee|Zen Headbutt|p1a: Porygon2
|-damage|p1a: Porygon2|259\/374
|
|turn|31
|
|move|p1a: Porygon2|Discharge|p2a: Metabee
|-damage|p2a: Metabee|33\/364 par
|move|p2a: Metabee|Zen Headbutt|p1a: Porygon2|[miss]
|-miss|p2a: Metabee|p1a: Porygon2
|
|turn|32
|chat|DaSpoofy|gg
|
|move|p1a: Porygon2|Conversion|p1a: Porygon2
|-start|p1a: Porygon2|typechange|Ice
|move|p2a: Metabee|Zen Headbutt|p1a: Porygon2
|-damage|p1a: Porygon2|145\/374
|
|turn|33
|
|move|p1a: Porygon2|Conversion|p1a: Porygon2
|-start|p1a: Porygon2|typechange|Electric
|move|p2a: Metabee|Zen Headbutt|p1a: Porygon2
|-damage|p1a: Porygon2|28\/374
|
|turn|34
|
|move|p2a: Metabee|Bullet Punch|p1a: Porygon2
|-resisted|p1a: Porygon2
|-damage|p1a: Porygon2|0 fnt
|faint|p1a: Porygon2
|
|
|switch|p1a: Honchkrow|Honchkrow, F|267\/341
|turn|35
|
|move|p1a: Honchkrow|Sucker Punch|p2a: Metabee
|-supereffective|p2a: Metabee
|-damage|p2a: Metabee|0 fnt
|-damage|p1a: Honchkrow|233\/341|[from] item: Life Orb
|faint|p2a: Metabee
|-boost|p1a: Honchkrow|atk|1|[from] ability: Moxie
|
|
|switch|p2a: Space Jam|Victini|299\/341
|turn|36
|
|move|p1a: Honchkrow|Sucker Punch|p2a: Space Jam
|-supereffective|p2a: Space Jam
|-damage|p2a: Space Jam|0 fnt
|-damage|p1a: Honchkrow|199\/341|[from] item: Life Orb
|faint|p2a: Space Jam
|-boost|p1a: Honchkrow|atk|1|[from] ability: Moxie
|
|win|DaSpoofy
|raw|Ladder updating...
|raw|DaSpoofy's rating: 1262 &rarr; <strong>1278<\/strong><br \/>(+16 for winning)
|raw|Newamsterdan's rating: 1134 &rarr; <strong>1118<\/strong><br \/>(-16 for losing)
|chat|Newamsterdan|gg