|join|burundi
|join|DaSpoofy
|player|p1|burundi|169
|player|p2|DaSpoofy|253
|gametype|singles
|gen|6
|tier|UU
|rated
|clearpoke
|poke|p1|Machamp, M
|poke|p1|Kyurem
|poke|p1|Vivillon, M
|poke|p1|Hippowdon, F
|poke|p1|Thundurus-Therian, M
|poke|p1|Mew
|poke|p2|Druddigon, M
|poke|p2|Victini
|poke|p2|Nidoking, M
|poke|p2|Krookodile, F
|poke|p2|Metagross
|poke|p2|Manectric, F
|rule|Sleep Clause Mod: Limit one foe put to sleep
|rule|Species Clause: Limit one of each Pokemon
|rule|OHKO Clause: OHKO moves are banned
|rule|Moody Clause: Moody is banned
|rule|Evasion Moves Clause: Evasion moves are banned
|rule|Endless Battle Clause: Forcing endless battles is banned.
|rule|HP Percentage Mod: HP is reported as percentages
|teampreview
|
|start
|switch|p1a: Kyurem|Kyurem|391\/391
|switch|p2a: Victini|Victini|341\/341
|-ability|p1a: Kyurem|Pressure
|turn|1
|
|switch|p1a: Mew|Mew|404\/404
|move|p2a: Victini|U-turn|p1a: Mew
|-supereffective|p1a: Mew
|-damage|p1a: Mew|306\/404
|
|switch|p2a: Nidoking|Nidoking, M|304\/304
|
|-heal|p1a: Mew|331\/404|[from] item: Leftovers
|turn|2
|
|move|p2a: Nidoking|Sludge Wave|p1a: Mew
|-damage|p1a: Mew|139\/404
|move|p1a: Mew|Psychic|p2a: Nidoking
|-supereffective|p2a: Nidoking
|-damage|p2a: Nidoking|52\/304
|
|-heal|p1a: Mew|164\/404|[from] item: Leftovers
|turn|3
|
|move|p2a: Nidoking|Sludge Wave|p1a: Mew
|-damage|p1a: Mew|0 fnt
|faint|p1a: Mew
|
|
|switch|p1a: Kyurem|Kyurem|391\/391
|-ability|p1a: Kyurem|Pressure
|turn|4
|
|switch|p2a: Metagross|Metagross|364\/364
|move|p1a: Kyurem|Earth Power|p2a: Metagross
|-supereffective|p2a: Metagross
|-damage|p2a: Metagross|114\/364
|
|-heal|p2a: Metagross|136\/364|[from] item: Leftovers
|turn|5
|
|switch|p2a: Druddigon|Druddigon, M|358\/358
|move|p1a: Kyurem|Earth Power|p2a: Druddigon
|-damage|p2a: Druddigon|247\/358
|
|turn|6
|
|move|p1a: Kyurem|Ice Beam|p2a: Druddigon
|-supereffective|p2a: Druddigon
|-damage|p2a: Druddigon|0 fnt
|faint|p2a: Druddigon
|
|
|switch|p2a: Victini|Victini|341\/341
|turn|7
|
|switch|p1a: Hippowdon|Hippowdon, F|420\/420
|-weather|Sandstorm
|move|p2a: Victini|V-create|p1a: Hippowdon
|-damage|p1a: Hippowdon|195\/420
|-unboost|p2a: Victini|def|1
|-unboost|p2a: Victini|spd|1
|-unboost|p2a: Victini|spe|1
|
|-weather|Sandstorm|[upkeep]
|-damage|p2a: Victini|320\/341|[from] sandstorm
|-heal|p1a: Hippowdon|221\/420|[from] item: Leftovers
|turn|8
|
|move|p2a: Victini|V-create|p1a: Hippowdon
|-damage|p1a: Hippowdon|0 fnt
|-unboost|p2a: Victini|def|1
|-unboost|p2a: Victini|spd|1
|-unboost|p2a: Victini|spe|1
|faint|p1a: Hippowdon
|
|-weather|Sandstorm|[upkeep]
|-damage|p2a: Victini|299\/341|[from] sandstorm
|
|switch|p1a: Kyurem|Kyurem|391\/391
|-ability|p1a: Kyurem|Pressure
|turn|9
|
|switch|p2a: Nidoking|Nidoking, M|52\/304
|move|p1a: Kyurem|Earth Power|p2a: Nidoking
|-supereffective|p2a: Nidoking
|-damage|p2a: Nidoking|0 fnt
|faint|p2a: Nidoking
|
|-weather|Sandstorm|[upkeep]
|-damage|p1a: Kyurem|367\/391|[from] sandstorm
|-heal|p1a: Kyurem|391\/391|[from] item: Leftovers
|
|switch|p2a: Metagross|Metagross|136\/364
|turn|10
|
|move|p2a: Metagross|Bullet Punch|p1a: Kyurem
|-supereffective|p1a: Kyurem
|-damage|p1a: Kyurem|227\/391
|move|p1a: Kyurem|Earth Power|p2a: Metagross
|-supereffective|p2a: Metagross
|-damage|p2a: Metagross|0 fnt
|faint|p2a: Metagross
|
|-weather|Sandstorm|[upkeep]
|-damage|p1a: Kyurem|203\/391|[from] sandstorm
|-heal|p1a: Kyurem|227\/391|[from] item: Leftovers
|
|switch|p2a: Victini|Victini|299\/341
|turn|11
|
|move|p2a: Victini|V-create|p1a: Kyurem
|-damage|p1a: Kyurem|0 fnt
|-unboost|p2a: Victini|def|1
|-unboost|p2a: Victini|spd|1
|-unboost|p2a: Victini|spe|1
|faint|p1a: Kyurem
|
|-weather|none
|
|switch|p1a: Machamp|Machamp, M|321\/321
|turn|12
|
|switch|p2a: Krookodile|Krookodile, F|331\/331
|-ability|p2a: Krookodile|Intimidate|[of] p1a: Machamp
|-unboost|p1a: Machamp|atk|1
|move|p1a: Machamp|Dynamic Punch|p2a: Krookodile
|-supereffective|p2a: Krookodile
|-damage|p2a: Krookodile|67\/331
|-start|p2a: Krookodile|confusion
|
|-heal|p2a: Krookodile|87\/331|[from] item: Leftovers
|turn|13
|
|move|p1a: Machamp|Dynamic Punch|p2a: Krookodile
|-supereffective|p2a: Krookodile
|-damage|p2a: Krookodile|0 fnt
|faint|p2a: Krookodile
|
|
|switch|p2a: Manectric|Manectric, F|281\/281
|turn|14
|
|switch|p1a: Thundurus-Therian|Thundurus-Therian, M|300\/300
|-formechange|p2a: Manectric|Manectric-Mega
|message|Manectric has Mega Evolved into Mega Manectric!
|-ability|p2a: Manectric|Intimidate|[of] p1a: Thundurus-Therian
|-unboost|p1a: Thundurus-Therian|atk|1
|move|p2a: Manectric|Thunderbolt|p1a: Thundurus-Therian
|-immune|p1a: Thundurus-Therian|[msg]
|
|turn|15
|
|move|p2a: Manectric|Hidden Power|p1a: Thundurus-Therian
|-supereffective|p1a: Thundurus-Therian
|-damage|p1a: Thundurus-Therian|112\/300
|move|p1a: Thundurus-Therian|Sludge Bomb|p2a: Manectric
|-damage|p2a: Manectric|150\/281
|
|-heal|p1a: Thundurus-Therian|130\/300|[from] item: Leftovers
|turn|16
|
|switch|p1a: Machamp|Machamp, M|321\/321
|move|p2a: Manectric|Hidden Power|p1a: Machamp
|-crit|p1a: Machamp
|-damage|p1a: Machamp|188\/321
|
|turn|17
|
|move|p2a: Manectric|Thunderbolt|p1a: Machamp
|-damage|p1a: Machamp|13\/321
|move|p1a: Machamp|Stone Edge|p2a: Manectric
|-damage|p2a: Manectric|1\/281
|
|turn|18
|
|move|p2a: Manectric|Charge Beam|p1a: Machamp
|-damage|p1a: Machamp|0 fnt
|faint|p1a: Machamp
|
|chat|burundi|dear
|chat|burundi|machamp
|chat|burundi|you
|chat|burundi|are
|chat|burundi|a
|chat|burundi|fucking
|chat|burundi|pssy
|
|switch|p1a: Vivillon|Vivillon, M|301\/301
|turn|19
|chat|DaSpoofy|:P
|
|switch|p1a: Thundurus-Therian|Thundurus-Therian, M|130\/300
|move|p2a: Manectric|Flamethrower|p1a: Thundurus-Therian
|-damage|p1a: Thundurus-Therian|0 fnt
|faint|p1a: Thundurus-Therian
|
|
|switch|p1a: Vivillon|Vivillon, M|301\/301
|turn|20
|
|move|p2a: Manectric|Flamethrower|p1a: Vivillon
|-supereffective|p1a: Vivillon
|-damage|p1a: Vivillon|0 fnt
|faint|p1a: Vivillon
|
|win|DaSpoofy
|raw|Ladder updating...
|raw|burundi's rating: 1228 &rarr; <strong>1208<\/strong><br \/>(-20 for losing)
|raw|DaSpoofy's rating: 1299 &rarr; <strong>1319<\/strong><br \/>(+20 for winning)
|leave|burundi
|player|p1