|join|DaSpoofy
|join|Gnomski
|player|p1|DaSpoofy|1
|player|p2|Gnomski|282
|gametype|singles
|gen|6
|tier|UU
|rated
|rule|Sleep Clause Mod: Limit one foe put to sleep
|rule|Species Clause: Limit one of each PokÃ©mon
|rule|OHKO Clause: OHKO moves are banned
|rule|Moody Clause: Moody is banned
|rule|Evasion Moves Clause: Evasion moves are banned
|rule|Endless Battle Clause: Forcing endless battles is banned
|rule|HP Percentage Mod: HP is reported as percentages
|clearpoke
|poke|p1|Scrafty, F
|poke|p1|Victini
|poke|p1|Galvantula, M
|poke|p1|Donphan, M
|poke|p1|Roserade, F
|poke|p1|Honchkrow, M
|poke|p2|Infernape, M
|poke|p2|Mienshao, F
|poke|p2|Gligar, M
|poke|p2|Raikou
|poke|p2|Mew
|poke|p2|Blastoise, F
|rule|Swagger Clause: Swagger is banned
|rule|Baton Pass Clause: Limit one PokÃ©mon knowing Baton Pass
|teampreview
|
|start
|switch|p1a: Galvantula|Galvantula, M|281\/281
|switch|p2a: Mienshao|Mienshao, F|271\/271
|turn|1
|
|switch|p1a: Donphan|Donphan, M|382\/382
|move|p2a: Mienshao|U-turn|p1a: Donphan
|-damage|p1a: Donphan|310\/382
|
|switch|p2a: Blastoise|Blastoise, F|362\/362
|
|-heal|p1a: Donphan|333\/382|[from] item: Leftovers
|turn|2
|
|switch|p1a: Roserade|Roserade, F|320\/320
|detailschange|p2a: Blastoise|Blastoise-Mega, F
|message|Blastoise has Mega Evolved into Mega Blastoise!
|move|p2a: Blastoise|Ice Beam|p1a: Roserade
|-supereffective|p1a: Roserade
|-damage|p1a: Roserade|138\/320
|
|-heal|p1a: Roserade|158\/320|[from] item: Leftovers
|turn|3
|
|switch|p2a: Mew|Mew|404\/404
|move|p1a: Roserade|Sleep Powder|p2a: Mew
|-status|p2a: Mew|slp
|
|-heal|p1a: Roserade|178\/320|[from] item: Leftovers
|turn|4
|
|switch|p2a: Infernape|Infernape, M|293\/293
|move|p1a: Roserade|Leech Seed|p2a: Infernape
|-start|p2a: Infernape|move: Leech Seed
|
|-heal|p1a: Roserade|198\/320|[from] item: Leftovers
|-damage|p2a: Infernape|257\/293|[from] Leech Seed|[of] p1a: Roserade
|-heal|p1a: Roserade|234\/320|[silent]
|turn|5
|
|switch|p1a: Donphan|Donphan, M|333\/382
|move|p2a: Infernape|Stealth Rock|p1a: Donphan
|-sidestart|p1: DaSpoofy|move: Stealth Rock
|
|-heal|p1a: Donphan|356\/382|[from] item: Leftovers
|-damage|p2a: Infernape|221\/293|[from] Leech Seed|[of] p1a: Donphan
|-heal|p1a: Donphan|382\/382|[silent]
|turn|6
|
|move|p2a: Infernape|U-turn|p1a: Donphan
|-crit|p1a: Donphan
|-damage|p1a: Donphan|310\/382
|
|switch|p2a: Blastoise|Blastoise-Mega, F|362\/362
|move|p1a: Donphan|Earthquake|p2a: Blastoise
|-crit|p2a: Blastoise
|-damage|p2a: Blastoise|140\/362
|
|-heal|p1a: Donphan|333\/382|[from] item: Leftovers
|turn|7
|
|switch|p1a: Scrafty|Scrafty, F|287\/287
|-damage|p1a: Scrafty|270\/287|[from] Stealth Rock
|move|p2a: Blastoise|Water Pulse|p1a: Scrafty
|-damage|p1a: Scrafty|102\/287
|
|-heal|p1a: Scrafty|119\/287|[from] item: Leftovers
|turn|8
|
|switch|p2a: Gligar|Gligar, M|334\/334
|move|p1a: Scrafty|Drain Punch|p2a: Gligar
|-resisted|p2a: Gligar
|-damage|p2a: Gligar|310\/334
|-heal|p1a: Scrafty|131\/287|[from] drain|[of] p2a: Gligar
|
|-heal|p1a: Scrafty|148\/287|[from] item: Leftovers
|turn|9
|
|move|p2a: Gligar|Toxic|p1a: Scrafty
|-status|p1a: Scrafty|tox
|move|p1a: Scrafty|Bulk Up|p1a: Scrafty
|-boost|p1a: Scrafty|atk|1
|-boost|p1a: Scrafty|def|1
|
|-heal|p1a: Scrafty|165\/287 tox|[from] item: Leftovers
|-damage|p1a: Scrafty|148\/287 tox|[from] psn
|turn|10
|
|move|p2a: Gligar|U-turn|p1a: Scrafty
|-damage|p1a: Scrafty|121\/287 tox
|
|switch|p2a: Raikou|Raikou|322\/322
|-ability|p2a: Raikou|Pressure
|move|p1a: Scrafty|Dragon Dance|p1a: Scrafty
|-boost|p1a: Scrafty|atk|1
|-boost|p1a: Scrafty|spe|1
|
|-heal|p1a: Scrafty|138\/287 tox|[from] item: Leftovers
|-damage|p1a: Scrafty|104\/287 tox|[from] psn
|turn|11
|
|move|p2a: Raikou|Thunderbolt|p1a: Scrafty
|-damage|p1a: Scrafty|0 fnt
|faint|p1a: Scrafty
|
|
|switch|p1a: Roserade|Roserade, F|234\/320
|-damage|p1a: Roserade|194\/320|[from] Stealth Rock
|turn|12
|
|switch|p2a: Mew|Mew|404\/404 slp
|move|p1a: Roserade|Toxic Spikes|p2a: Mew
|-sidestart|p2: Gnomski|move: Toxic Spikes
|
|-heal|p1a: Roserade|214\/320|[from] item: Leftovers
|turn|13
|
|cant|p2a: Mew|slp
|move|p1a: Roserade|Leech Seed|p2a: Mew
|-start|p2a: Mew|move: Leech Seed
|
|-heal|p1a: Roserade|234\/320|[from] item: Leftovers
|-damage|p2a: Mew|354\/404 slp|[from] Leech Seed|[of] p1a: Roserade
|-heal|p1a: Roserade|284\/320|[silent]
|turn|14
|
|switch|p1a: Donphan|Donphan, M|333\/382
|-damage|p1a: Donphan|310\/382|[from] Stealth Rock
|-curestatus|p2a: Mew|slp
|move|p2a: Mew|Defog|p1a: Donphan
|-unboost|p1a: Donphan|evasion|1
|-sideend|p1: DaSpoofy|Stealth Rock|[from] move: Defog|[of] p1a: Donphan
|-sideend|p2: Gnomski|Toxic Spikes|[from] move: Defog|[of] p2a: Mew
|
|-heal|p2a: Mew|379\/404|[from] item: Leftovers
|-heal|p1a: Donphan|333\/382|[from] item: Leftovers
|-damage|p2a: Mew|329\/404|[from] Leech Seed|[of] p1a: Donphan
|-heal|p1a: Donphan|382\/382|[silent]
|turn|15
|
|move|p2a: Mew|Will-O-Wisp|p1a: Donphan
|-status|p1a: Donphan|brn
|move|p1a: Donphan|Stealth Rock|p2a: Mew
|-sidestart|p2: Gnomski|move: Stealth Rock
|
|-heal|p2a: Mew|354\/404|[from] item: Leftovers
|-damage|p2a: Mew|304\/404|[from] Leech Seed|[of] p1a: Donphan
|-damage|p1a: Donphan|335\/382 brn|[from] brn
|turn|16
|
|switch|p1a: Galvantula|Galvantula, M|281\/281
|move|p2a: Mew|Roost|p2a: Mew
|-heal|p2a: Mew|404\/404
|
|-damage|p2a: Mew|354\/404|[from] Leech Seed|[of] p1a: Galvantula
|turn|17
|
|move|p1a: Galvantula|Bug Buzz|p2a: Mew
|-supereffective|p2a: Mew
|-damage|p2a: Mew|166\/404
|move|p2a: Mew|Defog|p1a: Galvantula
|-unboost|p1a: Galvantula|evasion|1
|-sideend|p2: Gnomski|Stealth Rock|[from] move: Defog|[of] p2a: Mew
|
|-heal|p2a: Mew|191\/404|[from] item: Leftovers
|-damage|p2a: Mew|141\/404|[from] Leech Seed|[of] p1a: Galvantula
|turn|18
|
|switch|p2a: Infernape|Infernape, M|221\/293
|move|p1a: Galvantula|Sticky Web|p2a: Infernape
|-sidestart|p2: Gnomski|move: Sticky Web
|
|turn|19
|
|move|p2a: Infernape|Fake Out|p1a: Galvantula
|-damage|p1a: Galvantula|229\/281
|cant|p1a: Galvantula|flinch
|
|turn|20
|
|switch|p1a: Donphan|Donphan, M|335\/382 brn
|move|p2a: Infernape|Overheat|p1a: Donphan
|-damage|p1a: Donphan|38\/382 brn
|-unboost|p2a: Infernape|spa|2
|
|-heal|p1a: Donphan|61\/382 brn|[from] item: Leftovers
|-damage|p1a: Donphan|14\/382 brn|[from] brn
|turn|21
|
|move|p2a: Infernape|U-turn|p1a: Donphan
|-damage|p1a: Donphan|0 fnt
|faint|p1a: Donphan
|
|switch|p2a: Raikou|Raikou|322\/322
|-activate|p2a: Raikou|move: Sticky Web
|-unboost|p2a: Raikou|spe|1
|-ability|p2a: Raikou|Pressure
|
|
|switch|p1a: Roserade|Roserade, F|284\/320
|turn|22
|
|move|p2a: Raikou|Volt Switch|p1a: Roserade
|-resisted|p1a: Roserade
|-damage|p1a: Roserade|227\/320
|
|switch|p2a: Blastoise|Blastoise-Mega, F|140\/362
|-activate|p2a: Blastoise|move: Sticky Web
|-unboost|p2a: Blastoise|spe|1
|move|p1a: Roserade|Sleep Powder|p2a: Blastoise
|-status|p2a: Blastoise|slp
|
|-heal|p1a: Roserade|247\/320|[from] item: Leftovers
|turn|23
|
|switch|p2a: Mew|Mew|141\/404
|-activate|p2a: Mew|move: Sticky Web
|-unboost|p2a: Mew|spe|1
|move|p1a: Roserade|Toxic Spikes|p2a: Mew
|-sidestart|p2: Gnomski|move: Toxic Spikes
|
|-heal|p1a: Roserade|267\/320|[from] item: Leftovers
|-heal|p2a: Mew|166\/404|[from] item: Leftovers
|turn|24
|
|move|p1a: Roserade|Sludge Bomb|p2a: Mew
|-damage|p2a: Mew|73\/404
|move|p2a: Mew|Roost|p2a: Mew
|-heal|p2a: Mew|275\/404
|
|-heal|p1a: Roserade|287\/320|[from] item: Leftovers
|-heal|p2a: Mew|300\/404|[from] item: Leftovers
|turn|25
|
|move|p1a: Roserade|Leech Seed|p2a: Mew
|-start|p2a: Mew|move: Leech Seed
|move|p2a: Mew|Defog|p1a: Roserade
|-unboost|p1a: Roserade|evasion|1
|-sideend|p2: Gnomski|Toxic Spikes|[from] move: Defog|[of] p2a: Mew
|-sideend|p2: Gnomski|Sticky Web|[from] move: Defog|[of] p2a: Mew
|
|-heal|p1a: Roserade|307\/320|[from] item: Leftovers
|-heal|p2a: Mew|325\/404|[from] item: Leftovers
|-damage|p2a: Mew|275\/404|[from] Leech Seed|[of] p1a: Roserade
|-heal|p1a: Roserade|320\/320|[silent]
|turn|26
|
|move|p1a: Roserade|Toxic Spikes|p2a: Mew
|-sidestart|p2: Gnomski|move: Toxic Spikes
|move|p2a: Mew|U-turn|p1a: Roserade
|-damage|p1a: Roserade|237\/320
|
|switch|p2a: Infernape|Infernape, M|221\/293
|-status|p2a: Infernape|psn
|
|-heal|p1a: Roserade|257\/320|[from] item: Leftovers
|-damage|p2a: Infernape|185\/293 psn|[from] psn
|turn|27
|
|switch|p1a: Victini|Victini|341\/341
|move|p2a: Infernape|Overheat|p1a: Victini
|-resisted|p1a: Victini
|-damage|p1a: Victini|250\/341
|-unboost|p2a: Infernape|spa|2
|
|-damage|p2a: Infernape|149\/293 psn|[from] psn
|turn|28
|
|switch|p2a: Blastoise|Blastoise-Mega, F|140\/362 slp
|move|p1a: Victini|Blue Flare|p2a: Blastoise
|-resisted|p2a: Blastoise
|-damage|p2a: Blastoise|33\/362 slp
|-damage|p1a: Victini|216\/341|[from] item: Life Orb
|
|turn|29
|
|move|p1a: Victini|Thunderbolt|p2a: Blastoise
|-supereffective|p2a: Blastoise
|-damage|p2a: Blastoise|0 fnt
|-damage|p1a: Victini|182\/341|[from] item: Life Orb
|faint|p2a: Blastoise
|
|
|switch|p2a: Raikou|Raikou|322\/322
|-status|p2a: Raikou|psn
|-ability|p2a: Raikou|Pressure
|turn|30
|
|switch|p1a: Galvantula|Galvantula, M|229\/281
|move|p2a: Raikou|Thunderbolt|p1a: Galvantula
|-resisted|p1a: Galvantula
|-damage|p1a: Galvantula|69\/281
|
|-damage|p2a: Raikou|282\/322 psn|[from] psn
|turn|31
|
|switch|p1a: Roserade|Roserade, F|257\/320
|move|p2a: Raikou|Thunderbolt|p1a: Roserade
|-resisted|p1a: Roserade
|-damage|p1a: Roserade|186\/320
|
|-heal|p1a: Roserade|206\/320|[from] item: Leftovers
|-damage|p2a: Raikou|242\/322 psn|[from] psn
|turn|32
|
|switch|p2a: Mew|Mew|275\/404
|-status|p2a: Mew|psn
|move|p1a: Roserade|Leech Seed|p2a: Mew
|-start|p2a: Mew|move: Leech Seed
|
|-heal|p2a: Mew|300\/404 psn|[from] item: Leftovers
|-heal|p1a: Roserade|226\/320|[from] item: Leftovers
|-damage|p2a: Mew|250\/404 psn|[from] Leech Seed|[of] p1a: Roserade
|-heal|p1a: Roserade|276\/320|[silent]
|-damage|p2a: Mew|200\/404 psn|[from] psn
|turn|33
|
|move|p2a: Mew|Defog|p1a: Roserade
|-unboost|p1a: Roserade|evasion|1
|-sideend|p2: Gnomski|Toxic Spikes|[from] move: Defog|[of] p2a: Mew
|move|p1a: Roserade|Sludge Bomb|p2a: Mew
|-damage|p2a: Mew|107\/404 psn
|
|-heal|p2a: Mew|132\/404 psn|[from] item: Leftovers
|-heal|p1a: Roserade|296\/320|[from] item: Leftovers
|-damage|p2a: Mew|82\/404 psn|[from] Leech Seed|[of] p1a: Roserade
|-heal|p1a: Roserade|320\/320|[silent]
|-damage|p2a: Mew|32\/404 psn|[from] psn
|turn|34
|
|move|p2a: Mew|U-turn|p1a: Roserade
|-damage|p1a: Roserade|248\/320
|
|switch|p2a: Gligar|Gligar, M|310\/334
|move|p1a: Roserade|Toxic Spikes|p2a: Gligar
|-sidestart|p2: Gnomski|move: Toxic Spikes
|
|-heal|p1a: Roserade|268\/320|[from] item: Leftovers
|turn|35
|
|move|p1a: Roserade|Sleep Powder|p2a: Gligar
|-status|p2a: Gligar|slp
|cant|p2a: Gligar|slp
|
|-heal|p1a: Roserade|288\/320|[from] item: Leftovers
|turn|36
|
|switch|p2a: Mew|Mew|32\/404 psn
|move|p1a: Roserade|Leech Seed|p2a: Mew
|-start|p2a: Mew|move: Leech Seed
|
|-heal|p2a: Mew|57\/404 psn|[from] item: Leftovers
|-heal|p1a: Roserade|308\/320|[from] item: Leftovers
|-damage|p2a: Mew|7\/404 psn|[from] Leech Seed|[of] p1a: Roserade
|-heal|p1a: Roserade|320\/320|[silent]
|-damage|p2a: Mew|0 fnt|[from] psn
|faint|p2a: Mew
|
|switch|p2a: Infernape|Infernape, M|149\/293 psn
|turn|37
|
|move|p2a: Infernape|Overheat|p1a: Roserade
|-supereffective|p1a: Roserade
|-damage|p1a: Roserade|30\/320
|-unboost|p2a: Infernape|spa|2
|move|p1a: Roserade|Sludge Bomb|p2a: Infernape
|-damage|p2a: Infernape|0 fnt
|faint|p2a: Infernape
|
|-heal|p1a: Roserade|50\/320|[from] item: Leftovers
|
|switch|p2a: Raikou|Raikou|242\/322 psn
|-ability|p2a: Raikou|Pressure
|turn|38
|
|move|p2a: Raikou|Thunderbolt|p1a: Roserade
|-resisted|p1a: Roserade
|-damage|p1a: Roserade|0 fnt
|faint|p1a: Roserade
|
|-damage|p2a: Raikou|202\/322 psn|[from] psn
|
|switch|p1a: Honchkrow|Honchkrow, M|341\/341
|turn|39
|
|switch|p2a: Gligar|Gligar, M|310\/334 slp
|move|p1a: Honchkrow|Sucker Punch|p2a: Gligar
|-fail|p2a: Gligar
|
|turn|40
|
|switch|p1a: Galvantula|Galvantula, M|69\/281
|-curestatus|p2a: Gligar|slp
|move|p2a: Gligar|Toxic|p1a: Galvantula
|-status|p1a: Galvantula|tox
|
|-damage|p1a: Galvantula|52\/281 tox|[from] psn
|turn|41
|
|switch|p2a: Mienshao|Mienshao, F|271\/271
|-status|p2a: Mienshao|psn
|move|p1a: Galvantula|Sticky Web|p2a: Mienshao
|-sidestart|p2: Gnomski|move: Sticky Web
|
|-damage|p2a: Mienshao|238\/271 psn|[from] psn
|-damage|p1a: Galvantula|18\/281 tox|[from] psn
|turn|42
|
|move|p2a: Mienshao|Knock Off|p1a: Galvantula
|-damage|p1a: Galvantula|0 fnt
|-enditem|p1a: Galvantula|Focus Sash|[from] move: Knock Off|[of] p2a: Mienshao
|faint|p1a: Galvantula
|
|-damage|p2a: Mienshao|205\/271 psn|[from] psn
|
|switch|p1a: Honchkrow|Honchkrow, M|341\/341
|turn|43
|
|move|p2a: Mienshao|Knock Off|p1a: Honchkrow
|-resisted|p1a: Honchkrow
|-damage|p1a: Honchkrow|254\/341
|-enditem|p1a: Honchkrow|Life Orb|[from] move: Knock Off|[of] p2a: Mienshao
|move|p1a: Honchkrow|Brave Bird|p2a: Mienshao
|-supereffective|p2a: Mienshao
|-damage|p2a: Mienshao|0 fnt
|-damage|p1a: Honchkrow|186\/341|[from] recoil|[of] p2a: Mienshao
|faint|p2a: Mienshao
|-boost|p1a: Honchkrow|atk|1|[from] ability: Moxie
|
|
|switch|p2a: Gligar|Gligar, M|310\/334
|turn|44
|
|switch|p1a: Victini|Victini|182\/341
|move|p2a: Gligar|Toxic|p1a: Victini|[miss]
|-miss|p2a: Gligar|p1a: Victini
|
|turn|45
|
|move|p1a: Victini|Blue Flare|p2a: Gligar
|-damage|p2a: Gligar|51\/334
|-damage|p1a: Victini|148\/341|[from] item: Life Orb
|move|p2a: Gligar|Earthquake|p1a: Victini
|-supereffective|p1a: Victini
|-damage|p1a: Victini|0 fnt
|faint|p1a: Victini
|
|
|switch|p1a: Honchkrow|Honchkrow, M|186\/341
|turn|46
|
|move|p1a: Honchkrow|Brave Bird|p2a: Gligar
|-damage|p2a: Gligar|0 fnt
|-damage|p1a: Honchkrow|169\/341|[from] recoil|[of] p2a: Gligar
|faint|p2a: Gligar
|-boost|p1a: Honchkrow|atk|1|[from] ability: Moxie
|
|
|switch|p2a: Raikou|Raikou|202\/322 psn
|-activate|p2a: Raikou|move: Sticky Web
|-unboost|p2a: Raikou|spe|1
|-ability|p2a: Raikou|Pressure
|turn|47
|chat|Gnomski|gg
|
|move|p1a: Honchkrow|Sucker Punch|p2a: Raikou
|-damage|p2a: Raikou|0 fnt
|faint|p2a: Raikou
|-boost|p1a: Honchkrow|atk|1|[from] ability: Moxie
|
|win|DaSpoofy
|raw|Ladder updating...
|raw|DaSpoofy's rating: 1341 &rarr; <strong>1361<\/strong><br \/>(+20 for winning)
|raw|Gnomski's rating: 1352 &rarr; <strong>1332<\/strong><br \/>(-20 for losing)
|chat|DaSpoofy|gg
|leave|Gnomski
|player|p2