|join|valya
|join|DaSpoofy
|player|p1|valya|169
|player|p2|DaSpoofy|253
|gametype|singles
|gen|6
|tier|UU
|rated
|clearpoke
|poke|p1|Blastoise, F
|poke|p1|Celebi
|poke|p1|Cobalion
|poke|p1|Quagsire, F
|poke|p1|Florges, F
|poke|p1|Victini
|poke|p2|Gallade, M
|poke|p2|Absol, M, shiny
|poke|p2|Togetic, F
|poke|p2|Porygon2
|poke|p2|Donphan, F
|poke|p2|Galvantula, F, shiny
|rule|Sleep Clause Mod: Limit one foe put to sleep
|rule|Species Clause: Limit one of each Pokemon
|rule|OHKO Clause: OHKO moves are banned
|rule|Moody Clause: Moody is banned
|rule|Evasion Moves Clause: Evasion moves are banned
|rule|Endless Battle Clause: Forcing endless battles is banned.
|rule|HP Percentage Mod: HP is reported as percentages
|teampreview
|
|start
|switch|p1a: Victini|Victini|341\/341
|switch|p2a: Galvantula|Galvantula, F, shiny|281\/281
|turn|1
|
|move|p1a: Victini|V-create|p2a: Galvantula
|-supereffective|p2a: Galvantula
|-enditem|p2a: Galvantula|Focus Sash
|-damage|p2a: Galvantula|1\/281
|-unboost|p1a: Victini|def|1
|-unboost|p1a: Victini|spd|1
|-unboost|p1a: Victini|spe|1
|move|p2a: Galvantula|Thunder|p1a: Victini|[miss]
|-miss|p2a: Galvantula|p1a: Victini
|
|turn|2
|chat|DaSpoofy|..
|chat|DaSpoofy|its good to be back
|
|switch|p1a: Cobalion|Cobalion|386\/386
|move|p2a: Galvantula|Thunder|p1a: Cobalion
|-damage|p1a: Cobalion|133\/386
|
|-heal|p1a: Cobalion|157\/386|[from] item: Leftovers
|turn|3
|
|move|p2a: Galvantula|Thunder|p1a: Cobalion
|-damage|p1a: Cobalion|0 fnt
|faint|p1a: Cobalion
|
|
|switch|p1a: Victini|Victini|341\/341
|turn|4
|
|switch|p2a: Donphan|Donphan, F|379\/379
|move|p1a: Victini|U-turn|p2a: Donphan
|-damage|p2a: Donphan|322\/379
|
|switch|p1a: Blastoise|Blastoise, F|362\/362
|
|-heal|p2a: Donphan|345\/379|[from] item: Leftovers
|turn|5
|
|switch|p2a: Porygon2|Porygon2|371\/371
|-ability|p2a: Porygon2|Torrent|[from] ability: Trace|[of] p1a: Blastoise
|move|p1a: Blastoise|Ice Beam|p2a: Porygon2
|-crit|p2a: Porygon2
|-damage|p2a: Porygon2|309\/371
|
|turn|6
|
|switch|p1a: Celebi|Celebi|404\/404
|move|p2a: Porygon2|Discharge|p1a: Celebi
|-resisted|p1a: Celebi
|-damage|p1a: Celebi|378\/404
|
|-heal|p1a: Celebi|403\/404|[from] item: Leftovers
|turn|7
|
|switch|p2a: Gallade|Gallade, M|277\/277
|move|p1a: Celebi|Leech Seed|p2a: Gallade
|-start|p2a: Gallade|move: Leech Seed
|
|-heal|p1a: Celebi|404\/404|[from] item: Leftovers
|-damage|p2a: Gallade|243\/277|[from] Leech Seed|[of] p1a: Celebi
|turn|8
|
|switch|p1a: Florges|Florges, F|360\/360
|move|p2a: Gallade|Knock Off|p1a: Florges
|-resisted|p1a: Florges
|-damage|p1a: Florges|299\/360
|-enditem|p1a: Florges|Leftovers|[from] move: Knock Off|[of] p2a: Gallade
|
|-damage|p2a: Gallade|209\/277|[from] Leech Seed|[of] p1a: Florges
|-heal|p1a: Florges|333\/360|[silent]
|turn|9
|
|switch|p2a: Togetic|Togetic, F|311\/311
|move|p1a: Florges|Moonblast|p2a: Togetic
|-damage|p2a: Togetic|226\/311
|
|turn|10
|
|move|p1a: Florges|Wish|p1a: Florges
|move|p2a: Togetic|Tri Attack|p1a: Florges
|-damage|p1a: Florges|288\/360
|-status|p1a: Florges|par
|
|turn|11
|
|switch|p2a: Donphan|Donphan, F|345\/379
|switch|p1a: Celebi|Celebi|404\/404
|
|-heal|p2a: Donphan|368\/379|[from] item: Leftovers
|turn|12
|
|switch|p1a: Blastoise|Blastoise, F|362\/362
|switch|p2a: Gallade|Gallade, M|209\/277
|
|turn|13
|
|-formechange|p1a: Blastoise|Blastoise-Mega
|message|Blastoise has Mega Evolved into Mega Blastoise!
|move|p2a: Gallade|Drain Punch|p1a: Blastoise
|-damage|p1a: Blastoise|238\/362
|-heal|p2a: Gallade|271\/277|[from] drain|[of] p1a: Blastoise
|move|p1a: Blastoise|Water Pulse|p2a: Gallade
|-damage|p2a: Gallade|166\/277
|-start|p2a: Gallade|confusion
|
|turn|14
|
|switch|p2a: Porygon2|Porygon2|309\/371
|-ability|p2a: Porygon2|Mega Launcher|[from] ability: Trace|[of] p1a: Blastoise
|switch|p1a: Victini|Victini|341\/341
|
|turn|15
|
|move|p1a: Victini|U-turn|p2a: Porygon2
|-damage|p2a: Porygon2|254\/371
|
|switch|p1a: Celebi|Celebi|404\/404
|move|p2a: Porygon2|Discharge|p1a: Celebi
|-resisted|p1a: Celebi
|-damage|p1a: Celebi|379\/404
|-status|p1a: Celebi|par
|
|-heal|p1a: Celebi|404\/404 par|[from] item: Leftovers
|turn|16
|
|switch|p2a: Gallade|Gallade, M|166\/277
|move|p1a: Celebi|Leech Seed|p2a: Gallade
|-start|p2a: Gallade|move: Leech Seed
|
|-damage|p2a: Gallade|132\/277|[from] Leech Seed|[of] p1a: Celebi
|turn|17
|
|switch|p2a: Donphan|Donphan, F|368\/379
|switch|p1a: Florges|Florges, F|288\/360 par
|
|-heal|p2a: Donphan|379\/379|[from] item: Leftovers
|turn|18
|
|switch|p1a: Blastoise|Blastoise, F|238\/362
|-formechange|p1a: Blastoise|Blastoise-Mega
|move|p2a: Donphan|Earthquake|p1a: Blastoise
|-damage|p1a: Blastoise|85\/362
|
|turn|19
|
|switch|p2a: Porygon2|Porygon2|254\/371
|-ability|p2a: Porygon2|Mega Launcher|[from] ability: Trace|[of] p1a: Blastoise
|move|p1a: Blastoise|Water Pulse|p2a: Porygon2
|-damage|p2a: Porygon2|164\/371
|
|turn|20
|
|switch|p1a: Florges|Florges, F|288\/360 par
|move|p2a: Porygon2|Recover|p2a: Porygon2
|-heal|p2a: Porygon2|350\/371
|
|turn|21
|chat|DaSpoofy|no aura sphere eh
|
|switch|p2a: Galvantula|Galvantula, F, shiny|1\/281
|cant|p1a: Florges|par
|
|turn|22
|
|switch|p1a: Quagsire|Quagsire, F|394\/394
|move|p2a: Galvantula|Sticky Web|p1a: Quagsire
|-sidestart|p1: valya|move: Sticky Web
|
|turn|23
|
|switch|p1a: Victini|Victini|341\/341
|-activate|p1a: Victini|move: Sticky Web
|-unboost|p1a: Victini|spe|1
|move|p2a: Galvantula|Giga Drain|p1a: Victini
|-resisted|p1a: Victini
|-damage|p1a: Victini|304\/341
|-heal|p2a: Galvantula|20\/281|[from] drain|[of] p1a: Victini
|
|turn|24
|
|move|p2a: Galvantula|Thunder|p1a: Victini
|-damage|p1a: Victini|145\/341
|-status|p1a: Victini|par
|cant|p1a: Victini|par
|
|turn|25
|chat|DaSpoofy|sry
|chat|DaSpoofy|thats just wrong
|
|switch|p1a: Florges|Florges, F|288\/360 par
|-activate|p1a: Florges|move: Sticky Web
|-unboost|p1a: Florges|spe|1
|move|p2a: Galvantula|Thunder|p1a: Florges
|-damage|p1a: Florges|185\/360 par
|
|turn|26
|
|switch|p2a: Donphan|Donphan, F|379\/379
|move|p1a: Florges|Wish|p1a: Florges
|
|turn|27
|
|switch|p1a: Blastoise|Blastoise, F|85\/362
|-formechange|p1a: Blastoise|Blastoise-Mega
|-activate|p1a: Blastoise|move: Sticky Web
|-unboost|p1a: Blastoise|spe|1
|move|p2a: Donphan|Earthquake|p1a: Blastoise
|-crit|p1a: Blastoise
|-damage|p1a: Blastoise|0 fnt
|faint|p1a: Blastoise
|
|
|switch|p1a: Quagsire|Quagsire, F|394\/394
|-activate|p1a: Quagsire|move: Sticky Web
|-unboost|p1a: Quagsire|spe|1
|turn|28
|
|move|p2a: Donphan|Stealth Rock|p1a: Quagsire
|-sidestart|p1: valya|move: Stealth Rock
|move|p1a: Quagsire|Toxic|p2a: Donphan
|-status|p2a: Donphan|tox
|
|-damage|p2a: Donphan|356\/379 tox|[from] psn
|turn|29
|
|switch|p2a: Togetic|Togetic, F|226\/311
|move|p1a: Quagsire|Toxic|p2a: Togetic
|-status|p2a: Togetic|tox
|
|-damage|p2a: Togetic|207\/311 tox|[from] psn
|turn|30
|
|move|p2a: Togetic|Heal Bell|p2a: Togetic
|-cureteam|p2a: Togetic|[from] move: HealBell
|move|p1a: Quagsire|Ice Punch|p2a: Togetic
|-supereffective|p2a: Togetic
|-damage|p2a: Togetic|133\/311
|
|turn|31
|
|move|p2a: Togetic|Roost|p2a: Togetic
|-heal|p2a: Togetic|289\/311
|move|p1a: Quagsire|Ice Punch|p2a: Togetic
|-damage|p2a: Togetic|248\/311
|
|turn|32
|
|move|p2a: Togetic|Tri Attack|p1a: Quagsire
|-damage|p1a: Quagsire|264\/394
|move|p1a: Quagsire|Toxic|p2a: Togetic
|-status|p2a: Togetic|tox
|
|-heal|p1a: Quagsire|288\/394|[from] item: Leftovers
|-damage|p2a: Togetic|229\/311 tox|[from] psn
|turn|33
|
|switch|p1a: Florges|Florges, F|185\/360 par
|-activate|p1a: Florges|move: Sticky Web
|-unboost|p1a: Florges|spe|1
|-damage|p1a: Florges|140\/360 par|[from] Stealth Rock
|move|p2a: Togetic|Tri Attack|p1a: Florges
|-damage|p1a: Florges|94\/360 par
|
|-damage|p2a: Togetic|191\/311 tox|[from] psn
|turn|34
|
|move|p2a: Togetic|Dazzling Gleam|p1a: Florges
|-damage|p1a: Florges|16\/360 par
|cant|p1a: Florges|par
|
|-damage|p2a: Togetic|134\/311 tox|[from] psn
|turn|35
|
|move|p1a: Florges|Protect|p1a: Florges
|-singleturn|p1a: Florges|Protect
|move|p2a: Togetic|Dazzling Gleam|p1a: Florges
|-activate|p1a: Florges|Protect
|
|-damage|p2a: Togetic|58\/311 tox|[from] psn
|turn|36
|
|move|p2a: Togetic|Tri Attack|p1a: Florges
|-damage|p1a: Florges|0 fnt
|faint|p1a: Florges
|
|-damage|p2a: Togetic|0 fnt|[from] psn
|faint|p2a: Togetic
|
|switch|p2a: Galvantula|Galvantula, F, shiny|20\/281
|switch|p1a: Quagsire|Quagsire, F|288\/394
|-activate|p1a: Quagsire|move: Sticky Web
|-unboost|p1a: Quagsire|spe|1
|-damage|p1a: Quagsire|264\/394|[from] Stealth Rock
|turn|37
|
|switch|p1a: Victini|Victini|145\/341 par
|-damage|p1a: Victini|60\/341 par|[from] Stealth Rock
|-activate|p1a: Victini|move: Sticky Web
|-unboost|p1a: Victini|spe|1
|move|p2a: Galvantula|Giga Drain|p1a: Victini
|-resisted|p1a: Victini
|-damage|p1a: Victini|24\/341 par
|-heal|p2a: Galvantula|38\/281|[from] drain|[of] p1a: Victini
|
|turn|38
|
|move|p2a: Galvantula|Giga Drain|p1a: Victini
|-resisted|p1a: Victini
|-damage|p1a: Victini|0 fnt
|-heal|p2a: Galvantula|50\/281|[from] drain|[of] p1a: Victini
|faint|p1a: Victini
|
|
|switch|p1a: Celebi|Celebi|404\/404
|-damage|p1a: Celebi|354\/404|[from] Stealth Rock
|-activate|p1a: Celebi|move: Sticky Web
|-unboost|p1a: Celebi|spe|1
|turn|39
|
|move|p2a: Galvantula|Bug Buzz|p1a: Celebi
|-supereffective|p1a: Celebi
|-damage|p1a: Celebi|0 fnt
|faint|p1a: Celebi
|
|-message|valya forfeited.
|
|win|DaSpoofy
|raw|Ladder updating...
|leave|valya
|player|p1
|raw|valya's rating: 1372 &rarr; <strong>1354<\/strong><br \/>(-18 for losing)
|raw|DaSpoofy's rating: 1400 &rarr; <strong>1418<\/strong><br \/>(+18 for winning)