|join|iDontCareL
|join|DaSpoofy
|player|p1|iDontCareL|145
|player|p2|DaSpoofy|253
|gametype|singles
|gen|6
|tier|UU
|rated
|clearpoke
|poke|p1|Mew
|poke|p1|Entei, shiny
|poke|p1|Tangrowth, F
|poke|p1|Virizion
|poke|p1|Umbreon, M
|poke|p1|Alomomola, F
|poke|p2|Honchkrow, F
|poke|p2|Kingdra, M
|poke|p2|Jirachi
|poke|p2|Gardevoir, M
|poke|p2|Porygon2
|poke|p2|Milotic, F
|rule|Sleep Clause Mod: Limit one foe put to sleep
|rule|Species Clause: Limit one of each Pokemon
|rule|OHKO Clause: OHKO moves are banned
|rule|Moody Clause: Moody is banned
|rule|Evasion Moves Clause: Evasion moves are banned
|rule|Endless Battle Clause: Forcing endless battles is banned.
|rule|HP Percentage Mod: HP is reported as percentages
|teampreview
|
|start
|switch|p1a: Entei|Entei, shiny|434\/434
|switch|p2a: Gardevoir|Gardevoir, M|278\/278
|-ability|p2a: Gardevoir|Pressure|[from] ability: Trace|[of] p1a: Entei
|-ability|p2a: Gardevoir|Pressure
|-ability|p1a: Entei|Pressure
|turn|1
|
|switch|p2a: Kingdra|Kingdra, M|354\/354
|move|p1a: Entei|Sacred Fire|p2a: Kingdra
|-resisted|p2a: Kingdra
|-damage|p2a: Kingdra|315\/354
|-status|p2a: Kingdra|brn
|
|-damage|p2a: Kingdra|271\/354 brn|[from] brn
|turn|2
|
|switch|p2a: Gardevoir|Gardevoir, M|278\/278
|-ability|p2a: Gardevoir|Pressure|[from] ability: Trace|[of] p1a: Entei
|-ability|p2a: Gardevoir|Pressure
|move|p1a: Entei|Stone Edge|p2a: Gardevoir
|-damage|p2a: Gardevoir|111\/278
|
|turn|3
|
|switch|p2a: Milotic|Milotic, F|394\/394
|move|p1a: Entei|Stone Edge|p2a: Milotic
|-damage|p2a: Milotic|249\/394
|
|-heal|p2a: Milotic|273\/394|[from] item: Leftovers
|turn|4
|
|switch|p1a: Virizion|Virizion|386\/386
|move|p2a: Milotic|Scald|p1a: Virizion
|-resisted|p1a: Virizion
|-damage|p1a: Virizion|357\/386
|-status|p1a: Virizion|brn
|
|-heal|p1a: Virizion|381\/386 brn|[from] item: Leftovers
|-heal|p2a: Milotic|297\/394|[from] item: Leftovers
|-damage|p1a: Virizion|333\/386 brn|[from] brn
|turn|5
|
|move|p1a: Virizion|Toxic|p2a: Milotic
|-status|p2a: Milotic|tox
|move|p2a: Milotic|Ice Beam|p1a: Virizion
|-supereffective|p1a: Virizion
|-damage|p1a: Virizion|247\/386 brn
|
|-heal|p1a: Virizion|271\/386 brn|[from] item: Leftovers
|-heal|p2a: Milotic|321\/394 tox|[from] item: Leftovers
|-damage|p1a: Virizion|223\/386 brn|[from] brn
|-damage|p2a: Milotic|297\/394 tox|[from] psn
|turn|6
|
|switch|p2a: Gardevoir|Gardevoir, M|111\/278
|-ability|p2a: Gardevoir|Justified|[from] ability: Trace|[of] p1a: Virizion
|move|p1a: Virizion|Synthesis|p1a: Virizion
|-heal|p1a: Virizion|386\/386 brn
|
|-damage|p1a: Virizion|338\/386 brn|[from] brn
|turn|7
|
|switch|p1a: Entei|Entei, shiny|434\/434
|-ability|p1a: Entei|Pressure
|move|p2a: Gardevoir|Moonblast|p1a: Entei
|-resisted|p1a: Entei
|-damage|p1a: Entei|359\/434
|
|turn|8
|
|switch|p2a: Milotic|Milotic, F|297\/394 tox
|move|p1a: Entei|Sacred Fire|p2a: Milotic
|-resisted|p2a: Milotic
|-damage|p2a: Milotic|228\/394 tox
|
|-heal|p2a: Milotic|252\/394 tox|[from] item: Leftovers
|-damage|p2a: Milotic|228\/394 tox|[from] psn
|turn|9
|
|switch|p1a: Umbreon|Umbreon, M|394\/394
|move|p2a: Milotic|Recover|p2a: Milotic
|-heal|p2a: Milotic|394\/394 tox
|
|-damage|p2a: Milotic|346\/394 tox|[from] psn
|turn|10
|
|move|p2a: Milotic|Scald|p1a: Umbreon
|-damage|p1a: Umbreon|318\/394
|-status|p1a: Umbreon|brn
|move|p1a: Umbreon|Heal Bell|p1a: Umbreon
|-cureteam|p1a: Umbreon|[from] move: HealBell
|
|-heal|p2a: Milotic|370\/394 tox|[from] item: Leftovers
|-heal|p1a: Umbreon|342\/394|[from] item: Leftovers
|-damage|p2a: Milotic|298\/394 tox|[from] psn
|turn|11
|
|switch|p2a: Gardevoir|Gardevoir, M|111\/278
|-ability|p2a: Gardevoir|Synchronize|[from] ability: Trace|[of] p1a: Umbreon
|move|p1a: Umbreon|Wish|p1a: Umbreon
|
|-heal|p1a: Umbreon|366\/394|[from] item: Leftovers
|turn|12
|
|switch|p1a: Entei|Entei, shiny|359\/434
|-ability|p1a: Entei|Pressure
|move|p2a: Gardevoir|Trick|p1a: Entei
|-activate|p2a: Gardevoir|move: Trick|[of] p1a: Entei
|-item|p1a: Entei|Choice Scarf|[from] move: Trick
|-item|p2a: Gardevoir|Assault Vest|[from] move: Trick
|
|-heal|p1a: Entei|434\/434|[from] move: Wish|[wisher] Umbreon
|turn|13
|
|switch|p2a: Milotic|Milotic, F|298\/394 tox
|move|p1a: Entei|Iron Head|p2a: Milotic
|-resisted|p2a: Milotic
|-damage|p2a: Milotic|262\/394 tox
|
|-heal|p2a: Milotic|286\/394 tox|[from] item: Leftovers
|-damage|p2a: Milotic|262\/394 tox|[from] psn
|turn|14
|
|switch|p1a: Virizion|Virizion|338\/386
|move|p2a: Milotic|Scald|p1a: Virizion
|-resisted|p1a: Virizion
|-damage|p1a: Virizion|309\/386
|
|-heal|p1a: Virizion|333\/386|[from] item: Leftovers
|-heal|p2a: Milotic|286\/394 tox|[from] item: Leftovers
|-damage|p2a: Milotic|238\/394 tox|[from] psn
|turn|15
|
|switch|p2a: Jirachi|Jirachi|398\/398
|move|p1a: Virizion|Toxic|p2a: Jirachi
|-fail|p2a: Jirachi
|
|-heal|p1a: Virizion|357\/386|[from] item: Leftovers
|turn|16
|
|switch|p1a: Umbreon|Umbreon, M|366\/394
|move|p2a: Jirachi|Thunder Wave|p1a: Umbreon
|-status|p1a: Umbreon|par
|-status|p2a: Jirachi|par
|
|-heal|p1a: Umbreon|390\/394 par|[from] item: Leftovers
|turn|17
|
|move|p2a: Jirachi|Iron Head|p1a: Umbreon
|-damage|p1a: Umbreon|300\/394 par
|move|p1a: Umbreon|Heal Bell|p1a: Umbreon
|-cureteam|p1a: Umbreon|[from] move: HealBell
|
|-heal|p1a: Umbreon|324\/394|[from] item: Leftovers
|turn|18
|
|move|p1a: Umbreon|Wish|p1a: Umbreon
|move|p2a: Jirachi|Thunder Wave|p1a: Umbreon
|-status|p1a: Umbreon|par
|
|-heal|p1a: Umbreon|348\/394 par|[from] item: Leftovers
|turn|19
|
|cant|p2a: Jirachi|par
|cant|p1a: Umbreon|par
|
|-heal|p1a: Umbreon|394\/394 par|[from] move: Wish|[wisher] Umbreon
|turn|20
|
|move|p2a: Jirachi|Iron Head|p1a: Umbreon
|-damage|p1a: Umbreon|300\/394 par
|cant|p1a: Umbreon|flinch
|
|-heal|p1a: Umbreon|324\/394 par|[from] item: Leftovers
|turn|21
|
|cant|p2a: Jirachi|par
|move|p1a: Umbreon|Wish|p1a: Umbreon
|
|-heal|p1a: Umbreon|348\/394 par|[from] item: Leftovers
|turn|22
|
|move|p2a: Jirachi|Thunder Wave|p1a: Umbreon
|-fail|p1a: Umbreon|par
|move|p1a: Umbreon|Foul Play|p2a: Jirachi
|-supereffective|p2a: Jirachi
|-damage|p2a: Jirachi|72\/398 par
|
|-heal|p1a: Umbreon|394\/394 par|[from] move: Wish|[wisher] Umbreon
|-heal|p2a: Jirachi|96\/398 par|[from] item: Leftovers
|turn|23
|
|move|p2a: Jirachi|Iron Head|p1a: Umbreon
|-damage|p1a: Umbreon|312\/394 par
|cant|p1a: Umbreon|flinch
|
|-heal|p2a: Jirachi|120\/398 par|[from] item: Leftovers
|-heal|p1a: Umbreon|336\/394 par|[from] item: Leftovers
|turn|24
|
|move|p2a: Jirachi|Iron Head|p1a: Umbreon
|-damage|p1a: Umbreon|254\/394 par
|cant|p1a: Umbreon|flinch
|
|-heal|p2a: Jirachi|144\/398 par|[from] item: Leftovers
|-heal|p1a: Umbreon|278\/394 par|[from] item: Leftovers
|turn|25
|
|move|p2a: Jirachi|Iron Head|p1a: Umbreon
|-damage|p1a: Umbreon|185\/394 par
|cant|p1a: Umbreon|flinch
|
|-heal|p2a: Jirachi|168\/398 par|[from] item: Leftovers
|-heal|p1a: Umbreon|209\/394 par|[from] item: Leftovers
|turn|26
|
|move|p2a: Jirachi|Iron Head|p1a: Umbreon
|-damage|p1a: Umbreon|122\/394 par
|cant|p1a: Umbreon|par
|
|-heal|p2a: Jirachi|192\/398 par|[from] item: Leftovers
|-heal|p1a: Umbreon|146\/394 par|[from] item: Leftovers
|turn|27
|
|cant|p2a: Jirachi|par
|cant|p1a: Umbreon|par
|
|-heal|p2a: Jirachi|216\/398 par|[from] item: Leftovers
|-heal|p1a: Umbreon|170\/394 par|[from] item: Leftovers
|turn|28
|
|move|p2a: Jirachi|Iron Head|p1a: Umbreon
|-damage|p1a: Umbreon|88\/394 par
|cant|p1a: Umbreon|flinch
|
|-heal|p2a: Jirachi|240\/398 par|[from] item: Leftovers
|-heal|p1a: Umbreon|112\/394 par|[from] item: Leftovers
|turn|29
|
|move|p2a: Jirachi|Iron Head|p1a: Umbreon
|-damage|p1a: Umbreon|22\/394 par
|move|p1a: Umbreon|Foul Play|p2a: Jirachi
|-supereffective|p2a: Jirachi
|-damage|p2a: Jirachi|0 fnt
|faint|p2a: Jirachi
|
|-heal|p1a: Umbreon|46\/394 par|[from] item: Leftovers
|
|switch|p2a: Honchkrow|Honchkrow, F|341\/341
|turn|30
|
|move|p1a: Umbreon|Protect|p1a: Umbreon
|-singleturn|p1a: Umbreon|Protect
|move|p2a: Honchkrow|Pursuit|p1a: Umbreon
|-activate|p1a: Umbreon|Protect
|
|-heal|p1a: Umbreon|70\/394 par|[from] item: Leftovers
|turn|31
|
|switch|p1a: Alomomola|Alomomola, F|534\/534
|move|p2a: Honchkrow|Brave Bird|p1a: Alomomola
|-damage|p1a: Alomomola|279\/534
|-damage|p2a: Honchkrow|257\/341|[from] recoil|[of] p1a: Alomomola
|-damage|p2a: Honchkrow|223\/341|[from] item: Life Orb
|
|-heal|p1a: Alomomola|312\/534|[from] item: Leftovers
|turn|32
|
|switch|p2a: Gardevoir|Gardevoir, M|111\/278
|-ability|p2a: Gardevoir|Regenerator|[from] ability: Trace|[of] p1a: Alomomola
|move|p1a: Alomomola|Wish|p1a: Alomomola
|
|-heal|p1a: Alomomola|345\/534|[from] item: Leftovers
|turn|33
|
|move|p1a: Alomomola|Protect|p1a: Alomomola
|-singleturn|p1a: Alomomola|Protect
|move|p2a: Gardevoir|Moonblast|p1a: Alomomola
|-activate|p1a: Alomomola|Protect
|
|-heal|p1a: Alomomola|534\/534|[from] move: Wish|[wisher] Alomomola
|turn|34
|
|switch|p1a: Mew|Mew|404\/404
|move|p2a: Gardevoir|Thunderbolt|p1a: Mew
|-damage|p1a: Mew|328\/404
|
|-heal|p1a: Mew|353\/404|[from] item: Leftovers
|turn|35
|
|move|p2a: Gardevoir|Moonblast|p1a: Mew
|-damage|p1a: Mew|233\/404
|move|p1a: Mew|Toxic|p2a: Gardevoir
|-status|p2a: Gardevoir|tox
|
|-heal|p1a: Mew|258\/404|[from] item: Leftovers
|-damage|p2a: Gardevoir|94\/278 tox|[from] psn
|turn|36
|
|move|p2a: Gardevoir|Moonblast|p1a: Mew
|-damage|p1a: Mew|140\/404
|-unboost|p1a: Mew|spa|1
|move|p1a: Mew|Soft-Boiled|p1a: Mew
|-heal|p1a: Mew|342\/404
|
|-heal|p1a: Mew|367\/404|[from] item: Leftovers
|-damage|p2a: Gardevoir|60\/278 tox|[from] psn
|turn|37
|chat|DaSpoofy|stupid stall teams
|
|switch|p2a: Honchkrow|Honchkrow, F|223\/341
|move|p1a: Mew|Toxic|p2a: Honchkrow
|-status|p2a: Honchkrow|tox
|
|-heal|p1a: Mew|392\/404|[from] item: Leftovers
|-damage|p2a: Honchkrow|202\/341 tox|[from] psn
|turn|38
|chat|iDontCareL|stupid hax reliant jirachi
|chat|iDontCareL|lol
|
|move|p1a: Mew|Protect|p1a: Mew
|-singleturn|p1a: Mew|Protect
|move|p2a: Honchkrow|Pursuit|p1a: Mew
|-activate|p1a: Mew|Protect
|
|-heal|p1a: Mew|404\/404|[from] item: Leftovers
|-damage|p2a: Honchkrow|160\/341 tox|[from] psn
|turn|39
|-message|DaSpoofy forfeited.
|
|win|iDontCareL
|raw|Ladder updating...
|leave|DaSpoofy
|player|p2
|raw|iDontCareL's rating: 1219 &rarr; <strong>1249<\/strong><br \/>(+30 for winning)
|raw|DaSpoofy's rating: 1288 &rarr; <strong>1258<\/strong><br \/>(-30 for losing)