|join|guardianeb
|join|DaSpoofy
|player|p1|guardianeb|40
|player|p2|DaSpoofy|253
|gametype|singles
|gen|6
|tier|UU
|rated
|clearpoke
|poke|p1|Aurorus, M
|poke|p1|Arcanine, F
|poke|p1|Galvantula, F
|poke|p1|Tentacruel, F
|poke|p1|Machamp, M
|poke|p1|Swampert, F
|poke|p2|Donphan, M
|poke|p2|Tyrantrum, F
|poke|p2|Absol, F
|poke|p2|Jellicent, F
|poke|p2|Porygon2
|poke|p2|Galvantula, M
|rule|Sleep Clause Mod: Limit one foe put to sleep
|rule|Species Clause: Limit one of each Pokemon
|rule|OHKO Clause: OHKO moves are banned
|rule|Moody Clause: Moody is banned
|rule|Evasion Moves Clause: Evasion moves are banned
|rule|Endless Battle Clause: Forcing endless battles is banned.
|rule|HP Percentage Mod: HP is reported as percentages
|teampreview
|join|roscrow!!!
|
|start
|switch|p1a: Arcanine|Arcanine, F|321\/321
|switch|p2a: Galvantula|Galvantula, M|281\/281
|turn|1
|chat|DaSpoofy|gl hf
|chat|guardianeb|You too <3
|
|switch|p2a: Jellicent|Jellicent, F|401\/401
|move|p1a: Arcanine|Flare Blitz|p2a: Jellicent
|-resisted|p2a: Jellicent
|-damage|p2a: Jellicent|291\/401
|-damage|p1a: Arcanine|285\/321|[from] recoil|[of] p2a: Jellicent
|-damage|p1a: Arcanine|253\/321|[from] item: Life Orb
|
|-heal|p2a: Jellicent|316\/401|[from] item: Leftovers
|turn|2
|
|move|p1a: Arcanine|Crunch|p2a: Jellicent
|-supereffective|p2a: Jellicent
|-damage|p2a: Jellicent|113\/401
|-damage|p1a: Arcanine|221\/321|[from] item: Life Orb
|move|p2a: Jellicent|Scald|p1a: Arcanine
|-supereffective|p1a: Arcanine
|-damage|p1a: Arcanine|9\/321
|
|-heal|p2a: Jellicent|138\/401|[from] item: Leftovers
|turn|3
|
|switch|p2a: Donphan|Donphan, M|381\/381
|move|p1a: Arcanine|Flare Blitz|p2a: Donphan
|-damage|p2a: Donphan|181\/381
|-damage|p1a: Arcanine|0 fnt|[from] recoil|[of] p2a: Donphan
|faint|p1a: Arcanine
|
|-heal|p2a: Donphan|204\/381|[from] item: Leftovers
|
|switch|p1a: Aurorus|Aurorus, M|449\/449
|turn|4
|
|switch|p2a: Galvantula|Galvantula, M|281\/281
|move|p1a: Aurorus|Freeze-Dry|p2a: Galvantula
|-damage|p2a: Galvantula|29\/281
|
|turn|5
|
|move|p2a: Galvantula|Giga Drain|p1a: Aurorus
|-supereffective|p1a: Aurorus
|-damage|p1a: Aurorus|279\/449
|-heal|p2a: Galvantula|114\/281|[from] drain|[of] p1a: Aurorus
|move|p1a: Aurorus|Freeze-Dry|p2a: Galvantula
|-damage|p2a: Galvantula|0 fnt
|faint|p2a: Galvantula
|
|
|switch|p2a: Porygon2|Porygon2|374\/374
|-ability|p2a: Porygon2|Refrigerate|[from] ability: Trace|[of] p1a: Aurorus
|turn|6
|
|switch|p1a: Tentacruel|Tentacruel, F|364\/364
|move|p2a: Porygon2|Discharge|p1a: Tentacruel
|-supereffective|p1a: Tentacruel
|-damage|p1a: Tentacruel|284\/364
|-status|p1a: Tentacruel|par
|
|turn|7
|
|switch|p2a: Donphan|Donphan, M|204\/381
|move|p1a: Tentacruel|Scald|p2a: Donphan
|-supereffective|p2a: Donphan
|-damage|p2a: Donphan|0 fnt
|faint|p2a: Donphan
|
|
|switch|p2a: Jellicent|Jellicent, F|138\/401
|turn|8
|
|move|p2a: Jellicent|Magic Coat|p2a: Jellicent
|-singleturn|p2a: Jellicent|move: Magic Coat
|move|p1a: Tentacruel|Giga Drain|p2a: Jellicent
|-supereffective|p2a: Jellicent
|-damage|p2a: Jellicent|8\/401
|-heal|p1a: Tentacruel|349\/364 par|[from] drain|[of] p2a: Jellicent
|
|-heal|p2a: Jellicent|33\/401|[from] item: Leftovers
|turn|9
|
|switch|p1a: Galvantula|Galvantula, F|281\/281
|move|p2a: Jellicent|Recover|p2a: Jellicent
|-heal|p2a: Jellicent|234\/401
|
|-heal|p2a: Jellicent|259\/401|[from] item: Leftovers
|turn|10
|
|switch|p2a: Tyrantrum|Tyrantrum, F|306\/306
|move|p1a: Galvantula|Sticky Web|p2a: Tyrantrum
|-sidestart|p2: DaSpoofy|move: Sticky Web
|
|turn|11
|
|switch|p1a: Swampert|Swampert, F|404\/404
|move|p2a: Tyrantrum|Stone Edge|p1a: Swampert
|-resisted|p1a: Swampert
|-damage|p1a: Swampert|334\/404
|
|-heal|p1a: Swampert|359\/404|[from] item: Leftovers
|turn|12
|
|switch|p2a: Jellicent|Jellicent, F|259\/401
|-activate|p2a: Jellicent|move: Sticky Web
|-unboost|p2a: Jellicent|spe|1
|move|p1a: Swampert|Scald|p2a: Jellicent
|-heal|p2a: Jellicent|359\/401|[from] ability: Water Absorb|[of] p1a: Swampert
|
|-heal|p1a: Swampert|384\/404|[from] item: Leftovers
|-heal|p2a: Jellicent|384\/401|[from] item: Leftovers
|turn|13
|
|switch|p1a: Tentacruel|Tentacruel, F|349\/364 par
|move|p2a: Jellicent|Will-O-Wisp|p1a: Tentacruel
|-fail|p1a: Tentacruel
|
|-heal|p2a: Jellicent|401\/401|[from] item: Leftovers
|turn|14
|
|switch|p2a: Porygon2|Porygon2|374\/374
|-activate|p2a: Porygon2|move: Sticky Web
|-unboost|p2a: Porygon2|spe|1
|-ability|p2a: Porygon2|Liquid Ooze|[from] ability: Trace|[of] p1a: Tentacruel
|move|p1a: Tentacruel|Sludge Wave|p2a: Porygon2
|-damage|p2a: Porygon2|301\/374
|
|turn|15
|
|move|p2a: Porygon2|Conversion|p2a: Porygon2
|-start|p2a: Porygon2|typechange|Electric
|move|p1a: Tentacruel|Scald|p2a: Porygon2
|-damage|p2a: Porygon2|241\/374
|
|turn|16
|leave|roscrow!!!
|
|move|p2a: Porygon2|Discharge|p1a: Tentacruel
|-supereffective|p1a: Tentacruel
|-damage|p1a: Tentacruel|241\/364 par
|move|p1a: Tentacruel|Scald|p2a: Porygon2
|-crit|p2a: Porygon2
|-damage|p2a: Porygon2|151\/374
|-status|p2a: Porygon2|brn
|
|-damage|p2a: Porygon2|105\/374 brn|[from] brn
|turn|17
|chat|DaSpoofy|man pls
|
|move|p2a: Porygon2|Recover|p2a: Porygon2
|-heal|p2a: Porygon2|292\/374 brn
|move|p1a: Tentacruel|Giga Drain|p2a: Porygon2
|-crit|p2a: Porygon2
|-damage|p2a: Porygon2|237\/374 brn
|-damage|p1a: Tentacruel|213\/364 par|[from] ability: Liquid Ooze|[of] p2a: Porygon2
|
|-damage|p2a: Porygon2|191\/374 brn|[from] brn
|turn|18
|
|move|p2a: Porygon2|Recover|p2a: Porygon2
|-heal|p2a: Porygon2|374\/374 brn
|cant|p1a: Tentacruel|par
|
|-damage|p2a: Porygon2|328\/374 brn|[from] brn
|turn|19
|
|move|p2a: Porygon2|Discharge|p1a: Tentacruel
|-supereffective|p1a: Tentacruel
|-damage|p1a: Tentacruel|105\/364 par
|cant|p1a: Tentacruel|par
|
|-damage|p2a: Porygon2|282\/374 brn|[from] brn
|turn|20
|
|move|p2a: Porygon2|Discharge|p1a: Tentacruel
|-supereffective|p1a: Tentacruel
|-damage|p1a: Tentacruel|0 fnt
|faint|p1a: Tentacruel
|
|-damage|p2a: Porygon2|236\/374 brn|[from] brn
|
|switch|p1a: Machamp|Machamp, M|322\/322
|turn|21
|
|switch|p2a: Absol|Absol, F|271\/271
|-activate|p2a: Absol|move: Sticky Web
|-unboost|p2a: Absol|spe|1
|move|p1a: Machamp|Knock Off|p2a: Absol
|-resisted|p2a: Absol
|-damage|p2a: Absol|213\/271
|-boost|p2a: Absol|atk|1|[from] ability: Justified
|
|turn|22
|
|switch|p1a: Galvantula|Galvantula, F|281\/281
|-formechange|p2a: Absol|Absol-Mega
|message|Absol has Mega Evolved into Mega Absol!
|move|p2a: Absol|Protect|p2a: Absol
|-fail|p2a: Absol
|
|turn|23
|
|move|p2a: Absol|Protect|p2a: Absol
|-singleturn|p2a: Absol|Protect
|move|p1a: Galvantula|Bug Buzz|p2a: Absol
|-activate|p2a: Absol|Protect
|
|turn|24
|
|move|p2a: Absol|Sucker Punch|p1a: Galvantula
|-enditem|p1a: Galvantula|Focus Sash
|-damage|p1a: Galvantula|1\/281
|move|p1a: Galvantula|Bug Buzz|p2a: Absol
|-supereffective|p2a: Absol
|-damage|p2a: Absol|0 fnt
|faint|p2a: Absol
|
|
|switch|p2a: Tyrantrum|Tyrantrum, F|306\/306
|-activate|p2a: Tyrantrum|move: Sticky Web
|-unboost|p2a: Tyrantrum|spe|1
|turn|25
|
|move|p1a: Galvantula|Thunder|p2a: Tyrantrum
|-resisted|p2a: Tyrantrum
|-damage|p2a: Tyrantrum|192\/306
|-status|p2a: Tyrantrum|par
|cant|p2a: Tyrantrum|par
|
|turn|26
|chat|DaSpoofy|mercy!
|
|move|p1a: Galvantula|Thunder|p2a: Tyrantrum
|-resisted|p2a: Tyrantrum
|-damage|p2a: Tyrantrum|72\/306 par
|move|p2a: Tyrantrum|Aerial Ace|p1a: Galvantula
|-crit|p1a: Galvantula
|-damage|p1a: Galvantula|0 fnt
|faint|p1a: Galvantula
|
|
|switch|p1a: Swampert|Swampert, F|384\/404
|turn|27
|
|switch|p2a: Jellicent|Jellicent, F|401\/401
|-activate|p2a: Jellicent|move: Sticky Web
|-unboost|p2a: Jellicent|spe|1
|move|p1a: Swampert|Earthquake|p2a: Jellicent
|-damage|p2a: Jellicent|275\/401
|
|-heal|p1a: Swampert|404\/404|[from] item: Leftovers
|-heal|p2a: Jellicent|300\/401|[from] item: Leftovers
|turn|28
|
|move|p1a: Swampert|Earthquake|p2a: Jellicent
|-damage|p2a: Jellicent|182\/401
|move|p2a: Jellicent|Will-O-Wisp|p1a: Swampert|[miss]
|-miss|p2a: Jellicent|p1a: Swampert
|
|-heal|p2a: Jellicent|207\/401|[from] item: Leftovers
|turn|29
|chat|DaSpoofy|...
|chat|DaSpoofy|why?
|
|move|p1a: Swampert|Earthquake|p2a: Jellicent
|-damage|p2a: Jellicent|90\/401
|move|p2a: Jellicent|Will-O-Wisp|p1a: Swampert
|-status|p1a: Swampert|brn
|
|-heal|p2a: Jellicent|115\/401|[from] item: Leftovers
|-damage|p1a: Swampert|354\/404 brn|[from] brn
|turn|30
|
|switch|p1a: Aurorus|Aurorus, M|279\/449
|move|p2a: Jellicent|Recover|p2a: Jellicent
|-heal|p2a: Jellicent|316\/401
|
|-heal|p2a: Jellicent|341\/401|[from] item: Leftovers
|turn|31
|
|switch|p2a: Tyrantrum|Tyrantrum, F|72\/306 par
|-activate|p2a: Tyrantrum|move: Sticky Web
|-unboost|p2a: Tyrantrum|spe|1
|move|p1a: Aurorus|Freeze-Dry|p2a: Tyrantrum
|-crit|p2a: Tyrantrum
|-supereffective|p2a: Tyrantrum
|-damage|p2a: Tyrantrum|0 fnt
|faint|p2a: Tyrantrum
|
|
|switch|p2a: Porygon2|Porygon2|236\/374 brn
|-activate|p2a: Porygon2|move: Sticky Web
|-unboost|p2a: Porygon2|spe|1
|-ability|p2a: Porygon2|Refrigerate|[from] ability: Trace|[of] p1a: Aurorus
|turn|32
|
|switch|p1a: Swampert|Swampert, F|354\/404 brn
|move|p2a: Porygon2|Discharge|p1a: Swampert
|-immune|p1a: Swampert|[msg]
|
|-heal|p1a: Swampert|379\/404 brn|[from] item: Leftovers
|-damage|p1a: Swampert|329\/404 brn|[from] brn
|-damage|p2a: Porygon2|190\/374 brn|[from] brn
|turn|33
|
|move|p1a: Swampert|Earthquake|p2a: Porygon2
|-damage|p2a: Porygon2|141\/374 brn
|move|p2a: Porygon2|Recover|p2a: Porygon2
|-heal|p2a: Porygon2|328\/374 brn
|
|-heal|p1a: Swampert|354\/404 brn|[from] item: Leftovers
|-damage|p1a: Swampert|304\/404 brn|[from] brn
|-damage|p2a: Porygon2|282\/374 brn|[from] brn
|turn|34
|
|move|p1a: Swampert|Earthquake|p2a: Porygon2
|-damage|p2a: Porygon2|233\/374 brn
|move|p2a: Porygon2|Conversion|p2a: Porygon2
|-start|p2a: Porygon2|typechange|Electric
|
|-heal|p1a: Swampert|329\/404 brn|[from] item: Leftovers
|-damage|p1a: Swampert|279\/404 brn|[from] brn
|-damage|p2a: Porygon2|187\/374 brn|[from] brn
|turn|35
|
|move|p1a: Swampert|Earthquake|p2a: Porygon2
|-crit|p2a: Porygon2
|-supereffective|p2a: Porygon2
|-damage|p2a: Porygon2|55\/374 brn
|move|p2a: Porygon2|Recover|p2a: Porygon2
|-heal|p2a: Porygon2|242\/374 brn
|
|-heal|p1a: Swampert|304\/404 brn|[from] item: Leftovers
|-damage|p1a: Swampert|254\/404 brn|[from] brn
|-damage|p2a: Porygon2|196\/374 brn|[from] brn
|turn|36
|
|move|p1a: Swampert|Earthquake|p2a: Porygon2
|-supereffective|p2a: Porygon2
|-damage|p2a: Porygon2|94\/374 brn
|move|p2a: Porygon2|Recover|p2a: Porygon2
|-heal|p2a: Porygon2|281\/374 brn
|
|-heal|p1a: Swampert|279\/404 brn|[from] item: Leftovers
|-damage|p1a: Swampert|229\/404 brn|[from] brn
|-damage|p2a: Porygon2|235\/374 brn|[from] brn
|turn|37
|
|move|p1a: Swampert|Earthquake|p2a: Porygon2
|-supereffective|p2a: Porygon2
|-damage|p2a: Porygon2|143\/374 brn
|move|p2a: Porygon2|Recover|p2a: Porygon2
|-heal|p2a: Porygon2|330\/374 brn
|
|-heal|p1a: Swampert|254\/404 brn|[from] item: Leftovers
|-damage|p1a: Swampert|204\/404 brn|[from] brn
|-damage|p2a: Porygon2|284\/374 brn|[from] brn
|turn|38
|
|move|p1a: Swampert|Earthquake|p2a: Porygon2
|-supereffective|p2a: Porygon2
|-damage|p2a: Porygon2|186\/374 brn
|move|p2a: Porygon2|Recover|p2a: Porygon2
|-heal|p2a: Porygon2|373\/374 brn
|
|-heal|p1a: Swampert|229\/404 brn|[from] item: Leftovers
|-damage|p1a: Swampert|179\/404 brn|[from] brn
|-damage|p2a: Porygon2|327\/374 brn|[from] brn
|turn|39
|
|move|p1a: Swampert|Earthquake|p2a: Porygon2
|-supereffective|p2a: Porygon2
|-damage|p2a: Porygon2|237\/374 brn
|move|p2a: Porygon2|Ice Beam|p1a: Swampert
|-damage|p1a: Swampert|102\/404 brn
|
|-heal|p1a: Swampert|127\/404 brn|[from] item: Leftovers
|-damage|p1a: Swampert|77\/404 brn|[from] brn
|-damage|p2a: Porygon2|191\/374 brn|[from] brn
|turn|40
|
|move|p1a: Swampert|Earthquake|p2a: Porygon2
|-supereffective|p2a: Porygon2
|-damage|p2a: Porygon2|87\/374 brn
|move|p2a: Porygon2|Recover|p2a: Porygon2
|-heal|p2a: Porygon2|274\/374 brn
|
|-heal|p1a: Swampert|102\/404 brn|[from] item: Leftovers
|-damage|p1a: Swampert|52\/404 brn|[from] brn
|-damage|p2a: Porygon2|228\/374 brn|[from] brn
|turn|41
|
|move|p1a: Swampert|Earthquake|p2a: Porygon2
|-supereffective|p2a: Porygon2
|-damage|p2a: Porygon2|126\/374 brn
|move|p2a: Porygon2|Recover|p2a: Porygon2
|-heal|p2a: Porygon2|313\/374 brn
|
|-heal|p1a: Swampert|77\/404 brn|[from] item: Leftovers
|-damage|p1a: Swampert|27\/404 brn|[from] brn
|-damage|p2a: Porygon2|267\/374 brn|[from] brn
|turn|42
|
|move|p1a: Swampert|Earthquake|p2a: Porygon2
|-supereffective|p2a: Porygon2
|-damage|p2a: Porygon2|169\/374 brn
|move|p2a: Porygon2|Recover|p2a: Porygon2
|-heal|p2a: Porygon2|356\/374 brn
|
|-heal|p1a: Swampert|52\/404 brn|[from] item: Leftovers
|-damage|p1a: Swampert|2\/404 brn|[from] brn
|-damage|p2a: Porygon2|310\/374 brn|[from] brn
|turn|43
|
|move|p1a: Swampert|Earthquake|p2a: Porygon2
|-supereffective|p2a: Porygon2
|-damage|p2a: Porygon2|214\/374 brn
|move|p2a: Porygon2|Recover|p2a: Porygon2
|-heal|p2a: Porygon2|374\/374 brn
|
|-heal|p1a: Swampert|27\/404 brn|[from] item: Leftovers
|-damage|p1a: Swampert|0 fnt|[from] brn
|-damage|p2a: Porygon2|328\/374 brn|[from] brn
|faint|p1a: Swampert
|
|switch|p1a: Machamp|Machamp, M|322\/322
|turn|44
|
|move|p1a: Machamp|Knock Off|p2a: Porygon2
|-damage|p2a: Porygon2|236\/374 brn
|-enditem|p2a: Porygon2|Eviolite|[from] move: Knock Off|[of] p1a: Machamp
|move|p2a: Porygon2|Discharge|p1a: Machamp
|-damage|p1a: Machamp|205\/322
|-status|p1a: Machamp|par
|
|-damage|p2a: Porygon2|190\/374 brn|[from] brn
|turn|45
|
|switch|p1a: Aurorus|Aurorus, M|279\/449
|move|p2a: Porygon2|Discharge|p1a: Aurorus
|-crit|p1a: Aurorus
|-damage|p1a: Aurorus|123\/449
|-status|p1a: Aurorus|par
|
|-damage|p2a: Porygon2|144\/374 brn|[from] brn
|turn|46
|
|move|p2a: Porygon2|Discharge|p1a: Aurorus
|-damage|p1a: Aurorus|24\/449 par
|move|p1a: Aurorus|Freeze-Dry|p2a: Porygon2
|-damage|p2a: Porygon2|9\/374 brn
|
|-damage|p2a: Porygon2|0 fnt|[from] brn
|faint|p2a: Porygon2
|
|switch|p2a: Jellicent|Jellicent, F|341\/401
|-activate|p2a: Jellicent|move: Sticky Web
|-unboost|p2a: Jellicent|spe|1
|turn|47
|
|move|p2a: Jellicent|Scald|p1a: Aurorus
|-supereffective|p1a: Aurorus
|-damage|p1a: Aurorus|0 fnt
|faint|p1a: Aurorus
|
|-heal|p2a: Jellicent|366\/401|[from] item: Leftovers
|
|switch|p1a: Machamp|Machamp, M|205\/322 par
|turn|48
|
|move|p2a: Jellicent|Scald|p1a: Machamp
|-damage|p1a: Machamp|103\/322 par
|cant|p1a: Machamp|par
|
|-heal|p2a: Jellicent|391\/401|[from] item: Leftovers
|turn|49
|
|move|p2a: Jellicent|Scald|p1a: Machamp
|-damage|p1a: Machamp|4\/322 par
|cant|p1a: Machamp|par
|
|-heal|p2a: Jellicent|401\/401|[from] item: Leftovers
|turn|50
|chat|DaSpoofy|gg
|
|move|p2a: Jellicent|Scald|p1a: Machamp
|-damage|p1a: Machamp|0 fnt
|faint|p1a: Machamp
|
|win|DaSpoofy
|raw|Ladder updating...