|join|DaSpoofy
|join|sassy iris
|player|p1|DaSpoofy|253
|player|p2|sassy iris|272
|gametype|singles
|gen|6
|tier|UU
|rated
|clearpoke
|poke|p1|Galvantula, M
|poke|p1|Celebi
|poke|p1|Chandelure, M
|poke|p1|Mienshao, M
|poke|p1|Donphan, F
|poke|p1|Kyurem
|poke|p2|Gallade, M
|poke|p2|Sceptile, F
|poke|p2|Honchkrow, F
|poke|p2|Starmie
|poke|p2|Cofagrigus, M
|poke|p2|Persian, F
|rule|Sleep Clause Mod: Limit one foe put to sleep
|rule|Species Clause: Limit one of each Pokemon
|rule|OHKO Clause: OHKO moves are banned
|rule|Moody Clause: Moody is banned
|rule|Evasion Moves Clause: Evasion moves are banned
|rule|Endless Battle Clause: Forcing endless battles is banned.
|rule|HP Percentage Mod: HP is reported as percentages
|teampreview
|
|start
|switch|p1a: Mienshao|Mienshao, M|271\/271
|switch|p2a: Persian|Persian, F|272\/272
|turn|1
|
|switch|p1a: Chandelure|Chandelure, M|321\/321
|move|p2a: Persian|Fake Out|p1a: Chandelure
|-immune|p1a: Chandelure|[msg]
|
|turn|2
|
|move|p2a: Persian|Bite|p1a: Chandelure
|-supereffective|p1a: Chandelure
|-damage|p1a: Chandelure|123\/321
|-damage|p2a: Persian|245\/272|[from] item: Life Orb
|move|p1a: Chandelure|Substitute|p1a: Chandelure
|-start|p1a: Chandelure|Substitute
|-damage|p1a: Chandelure|43\/321
|
|-heal|p1a: Chandelure|63\/321|[from] item: Leftovers
|turn|3
|
|move|p2a: Persian|Bite|p1a: Chandelure
|-supereffective|p1a: Chandelure
|-end|p1a: Chandelure|Substitute
|-damage|p2a: Persian|218\/272|[from] item: Life Orb
|move|p1a: Chandelure|Fire Blast|p2a: Persian
|-damage|p2a: Persian|0 fnt
|faint|p2a: Persian
|
|-heal|p1a: Chandelure|83\/321|[from] item: Leftovers
|
|switch|p2a: Honchkrow|Honchkrow, F|341\/341
|turn|4
|
|move|p2a: Honchkrow|Substitute|p2a: Honchkrow
|-start|p2a: Honchkrow|Substitute
|-damage|p2a: Honchkrow|256\/341
|move|p1a: Chandelure|Will-O-Wisp|p2a: Honchkrow
|
|-heal|p1a: Chandelure|103\/321|[from] item: Leftovers
|turn|5
|
|switch|p1a: Donphan|Donphan, F|381\/381
|move|p2a: Honchkrow|Brave Bird|p1a: Donphan
|-crit|p1a: Donphan
|-damage|p1a: Donphan|122\/381
|-damage|p2a: Honchkrow|171\/341|[from] recoil|[of] p1a: Donphan
|
|-heal|p1a: Donphan|145\/381|[from] item: Leftovers
|turn|6
|
|move|p1a: Donphan|Ice Shard|p2a: Honchkrow
|-supereffective|p2a: Honchkrow
|-end|p2a: Honchkrow|Substitute
|move|p2a: Honchkrow|Brave Bird|p1a: Donphan
|-damage|p1a: Donphan|0 fnt
|-damage|p2a: Honchkrow|123\/341|[from] recoil|[of] p1a: Donphan
|faint|p1a: Donphan
|
|
|switch|p1a: Mienshao|Mienshao, M|271\/271
|turn|7
|
|switch|p2a: Cofagrigus|Cofagrigus, M|300\/300
|move|p1a: Mienshao|Substitute|p1a: Mienshao
|-start|p1a: Mienshao|Substitute
|-damage|p1a: Mienshao|204\/271
|
|-heal|p1a: Mienshao|220\/271|[from] item: Leftovers
|turn|8
|
|move|p1a: Mienshao|Swords Dance|p1a: Mienshao
|-boost|p1a: Mienshao|atk|2
|move|p2a: Cofagrigus|Psychic|p1a: Mienshao
|-supereffective|p1a: Mienshao
|-end|p1a: Mienshao|Substitute
|
|-heal|p1a: Mienshao|236\/271|[from] item: Leftovers
|turn|9
|
|move|p1a: Mienshao|Knock Off|p2a: Cofagrigus
|-supereffective|p2a: Cofagrigus
|-damage|p2a: Cofagrigus|0 fnt
|-ability|p1a: Mienshao|Mummy|[from] Mummy
|faint|p2a: Cofagrigus
|
|-heal|p1a: Mienshao|252\/271|[from] item: Leftovers
|
|switch|p2a: Starmie|Starmie|261\/261
|turn|10
|
|switch|p1a: Celebi|Celebi|404\/404
|move|p2a: Starmie|Psychic|p1a: Celebi
|-resisted|p1a: Celebi
|-damage|p1a: Celebi|350\/404
|
|-heal|p1a: Celebi|375\/404|[from] item: Leftovers
|turn|11
|
|switch|p2a: Honchkrow|Honchkrow, F|123\/341
|move|p1a: Celebi|Leech Seed|p2a: Honchkrow
|-start|p2a: Honchkrow|move: Leech Seed
|
|-heal|p1a: Celebi|400\/404|[from] item: Leftovers
|-damage|p2a: Honchkrow|81\/341|[from] Leech Seed|[of] p1a: Celebi
|-heal|p1a: Celebi|404\/404|[silent]
|turn|12
|
|switch|p2a: Starmie|Starmie|261\/261
|switch|p1a: Chandelure|Chandelure, M|103\/321
|
|-heal|p1a: Chandelure|123\/321|[from] item: Leftovers
|turn|13
|
|switch|p1a: Celebi|Celebi|404\/404
|move|p2a: Starmie|Ice Beam|p1a: Celebi
|-supereffective|p1a: Celebi
|-damage|p1a: Celebi|252\/404
|
|-heal|p1a: Celebi|277\/404|[from] item: Leftovers
|turn|14
|
|move|p2a: Starmie|Ice Beam|p1a: Celebi
|-supereffective|p1a: Celebi
|-damage|p1a: Celebi|131\/404
|move|p1a: Celebi|Stealth Rock|p2a: Starmie
|-sidestart|p2: sassy iris|move: Stealth Rock
|
|-heal|p1a: Celebi|156\/404|[from] item: Leftovers
|turn|15
|
|move|p2a: Starmie|Ice Beam|p1a: Celebi
|-supereffective|p1a: Celebi
|-damage|p1a: Celebi|6\/404
|move|p1a: Celebi|Recover|p1a: Celebi
|-heal|p1a: Celebi|208\/404
|
|-heal|p1a: Celebi|233\/404|[from] item: Leftovers
|turn|16
|
|move|p2a: Starmie|Ice Beam|p1a: Celebi
|-supereffective|p1a: Celebi
|-damage|p1a: Celebi|85\/404
|move|p1a: Celebi|Recover|p1a: Celebi
|-heal|p1a: Celebi|287\/404
|
|-heal|p1a: Celebi|312\/404|[from] item: Leftovers
|turn|17
|
|move|p2a: Starmie|Ice Beam|p1a: Celebi
|-supereffective|p1a: Celebi
|-damage|p1a: Celebi|170\/404
|move|p1a: Celebi|Leech Seed|p2a: Starmie
|-start|p2a: Starmie|move: Leech Seed
|
|-heal|p1a: Celebi|195\/404|[from] item: Leftovers
|-damage|p2a: Starmie|229\/261|[from] Leech Seed|[of] p1a: Celebi
|-heal|p1a: Celebi|227\/404|[silent]
|turn|18
|chat|sassy iris|typical uu scrub using the same pokemon get an imagination nerd, my dead grandma has a bigger imagination than you lol your bad scrub
|-message|sassy iris forfeited.
|
|win|DaSpoofy
|raw|Ladder updating...
|leave|sassy iris
|player|p2
|raw|DaSpoofy's rating: 1268 &rarr; <strong>1284<\/strong><br \/>(+16 for winning)
|raw|sassy iris's rating: 1139 &rarr; <strong>1123<\/strong><br \/>(-16 for losing)
|chat|DaSpoofy|ok :D