|join|DaSpoofy
|join|LiberalLucario
|player|p1|DaSpoofy|290
|player|p2|LiberalLucario|69
|gametype|singles
|gen|6
|tier|UU
|rated
|rule|Sleep Clause Mod: Limit one foe put to sleep
|rule|Species Clause: Limit one of each PokÃ©mon
|rule|OHKO Clause: OHKO moves are banned
|rule|Moody Clause: Moody is banned
|rule|Evasion Moves Clause: Evasion moves are banned
|rule|Endless Battle Clause: Forcing endless battles is banned
|rule|HP Percentage Mod: HP is shown in percentages
|clearpoke
|poke|p1|Serperior, F
|poke|p1|Infernape, M
|poke|p1|Diancie
|poke|p1|Empoleon, M
|poke|p1|Snorlax, F
|poke|p1|Cresselia, F
|poke|p2|Krookodile, F
|poke|p2|Ampharos, F
|poke|p2|Escavalier, F
|poke|p2|Crobat, M
|poke|p2|Suicune
|poke|p2|Reuniclus, M
|rule|Swagger Clause: Swagger is banned
|rule|Baton Pass Clause: Limit one PokÃ©mon knowing Baton Pass
|teampreview
|c|âLiberalLucario|ayy lmoa
|
|start
|switch|p1a: Infernape|Infernape, M|293\/293
|switch|p2a: Ampharos|Ampharos, F|354\/354
|turn|1
|
|detailschange|p2a: Ampharos|Ampharos-Mega, F
|-mega|p2a: Ampharos|Ampharos|Ampharosite
|-ability|p2a: Ampharos|Mold Breaker
|move|p1a: Infernape|U-turn|p2a: Ampharos
|-damage|p2a: Ampharos|291\/354
|
|switch|p1a: Snorlax|Snorlax, F|521\/521
|move|p2a: Ampharos|Volt Switch|p1a: Snorlax
|-damage|p1a: Snorlax|416\/521
|
|switch|p2a: Reuniclus|Reuniclus, M|424\/424
|
|-heal|p1a: Snorlax|448\/521|[from] item: Leftovers
|turn|2
|
|move|p1a: Snorlax|Curse|p1a: Snorlax
|-boost|p1a: Snorlax|atk|1
|-boost|p1a: Snorlax|def|1
|-unboost|p1a: Snorlax|spe|1
|move|p2a: Reuniclus|Calm Mind|p2a: Reuniclus
|-boost|p2a: Reuniclus|spa|1
|-boost|p2a: Reuniclus|spd|1
|
|-heal|p1a: Snorlax|480\/521|[from] item: Leftovers
|turn|3
|
|move|p2a: Reuniclus|Calm Mind|p2a: Reuniclus
|-boost|p2a: Reuniclus|spa|1
|-boost|p2a: Reuniclus|spd|1
|move|p1a: Snorlax|Curse|p1a: Snorlax
|-boost|p1a: Snorlax|atk|1
|-boost|p1a: Snorlax|def|1
|-unboost|p1a: Snorlax|spe|1
|
|-heal|p1a: Snorlax|512\/521|[from] item: Leftovers
|turn|4
|c|âDaSpoofy|oh its liberal
|
|move|p2a: Reuniclus|Psyshock|p1a: Snorlax
|-damage|p1a: Snorlax|341\/521
|move|p1a: Snorlax|Return|p2a: Reuniclus
|-damage|p2a: Reuniclus|201\/424
|
|-heal|p2a: Reuniclus|227\/424|[from] item: Leftovers
|-heal|p1a: Snorlax|373\/521|[from] item: Leftovers
|turn|5
|
|switch|p2a: Escavalier|Escavalier, F|324\/324
|move|p1a: Snorlax|Curse|p1a: Snorlax
|-boost|p1a: Snorlax|atk|1
|-boost|p1a: Snorlax|def|1
|-unboost|p1a: Snorlax|spe|1
|
|-heal|p1a: Snorlax|405\/521|[from] item: Leftovers
|turn|6
|
|move|p2a: Escavalier|Knock Off|p1a: Snorlax
|-damage|p1a: Snorlax|334\/521
|-enditem|p1a: Snorlax|Leftovers|[from] move: Knock Off|[of] p2a: Escavalier
|move|p1a: Snorlax|Return|p2a: Escavalier
|-resisted|p2a: Escavalier
|-damage|p2a: Escavalier|172\/324
|
|turn|7
|
|move|p2a: Escavalier|Megahorn|p1a: Snorlax
|-damage|p1a: Snorlax|195\/521
|move|p1a: Snorlax|Curse|p1a: Snorlax
|-boost|p1a: Snorlax|atk|1
|-boost|p1a: Snorlax|def|1
|-unboost|p1a: Snorlax|spe|1
|
|turn|8
|
|move|p2a: Escavalier|Megahorn|p1a: Snorlax
|-damage|p1a: Snorlax|83\/521
|move|p1a: Snorlax|Rest|p1a: Snorlax
|-status|p1a: Snorlax|slp
|-heal|p1a: Snorlax|521\/521 slp|[silent]
|-status|p1a: Snorlax|slp|[from] move: Rest
|
|turn|9
|
|switch|p2a: Suicune|Suicune|368\/368
|-ability|p2a: Suicune|Pressure
|cant|p1a: Snorlax|slp
|move|p1a: Snorlax|Sleep Talk|p1a: Snorlax
|move|p1a: Snorlax|Rest|p1a: Snorlax|[from]Sleep Talk
|-fail|p1a: Snorlax
|
|turn|10
|
|move|p2a: Suicune|Calm Mind|p2a: Suicune
|-boost|p2a: Suicune|spa|1
|-boost|p2a: Suicune|spd|1
|cant|p1a: Snorlax|slp
|move|p1a: Snorlax|Sleep Talk|p1a: Snorlax
|move|p1a: Snorlax|Return|p2a: Suicune|[from]Sleep Talk
|-damage|p2a: Suicune|7\/368
|
|-heal|p2a: Suicune|30\/368|[from] item: Leftovers
|turn|11
|
|move|p2a: Suicune|Scald|p1a: Snorlax
|-damage|p1a: Snorlax|398\/521 slp
|-curestatus|p1a: Snorlax|slp
|move|p1a: Snorlax|Return|p2a: Suicune
|-damage|p2a: Suicune|0 fnt
|faint|p2a: Suicune
|
|join|Snowballin
|-message|LiberalLucario forfeited.
|leave|LiberalLucario
|
|win|DaSpoofy
|raw|Ladder updating...
|player|p2
|raw|DaSpoofy's rating: 1400 &rarr; <strong>1421<\/strong><br \/>(+21 for winning)
|raw|LiberalLucario's rating: 1417 &rarr; <strong>1396<\/strong><br \/>(-21 for losing)