|join|outragedmama
|join|DaSpoofy
|player|p1|outragedmama|257
|player|p2|DaSpoofy|252
|gametype|singles
|gen|6
|tier|UU
|rated
|rule|Sleep Clause Mod: Limit one foe put to sleep
|rule|Species Clause: Limit one of each PokÃ©mon
|rule|OHKO Clause: OHKO moves are banned
|rule|Moody Clause: Moody is banned
|rule|Evasion Moves Clause: Evasion moves are banned
|rule|Endless Battle Clause: Forcing endless battles is banned
|rule|HP Percentage Mod: HP is shown in percentages
|clearpoke
|poke|p1|Haxorus, M
|poke|p1|Blissey, F
|poke|p1|Donphan, M
|poke|p1|Alakazam, M
|poke|p1|Toxicroak, F
|poke|p1|Empoleon, F
|poke|p2|Stunfisk, M, shiny
|poke|p2|Honchkrow, F
|poke|p2|Pidgeot, M
|poke|p2|Empoleon, M, shiny
|poke|p2|Rotom-Heat
|poke|p2|Chesnaught, F, shiny
|rule|Swagger Clause: Swagger is banned
|rule|Baton Pass Clause: Limit one PokÃ©mon knowing Baton Pass
|teampreview
|
|start
|switch|p1a: Donphan|Donphan, M|322\/322
|switch|p2a: Tom Brady|Chesnaught, F, shiny|380\/380
|turn|1
|
|move|p2a: Tom Brady|Leech Seed|p1a: Donphan|[miss]
|-miss|p2a: Tom Brady|p1a: Donphan
|move|p1a: Donphan|Stealth Rock|p2a: Tom Brady
|-sidestart|p2: DaSpoofy|move: Stealth Rock
|
|turn|2
|
|move|p2a: Tom Brady|Spikes|p1a: Donphan
|-sidestart|p1: outragedmama|Spikes
|move|p1a: Donphan|Knock Off|p2a: Tom Brady
|-resisted|p2a: Tom Brady
|-damage|p2a: Tom Brady|350\/380
|-enditem|p2a: Tom Brady|Leftovers|[from] move: Knock Off|[of] p1a: Donphan
|
|turn|3
|
|switch|p1a: Alakazam|Alakazam, M|252\/252
|move|p2a: Tom Brady|Leech Seed|p1a: Alakazam|[miss]
|-miss|p2a: Tom Brady|p1a: Alakazam
|
|turn|4
|
|switch|p2a: Richard Sherman|Empoleon, M, shiny|372\/372
|-damage|p2a: Richard Sherman|349\/372|[from] Stealth Rock
|move|p1a: Alakazam|Psyshock|p2a: Richard Sherman
|-resisted|p2a: Richard Sherman
|-damage|p2a: Richard Sherman|217\/372
|
|-heal|p2a: Richard Sherman|240\/372|[from] item: Leftovers
|turn|5
|join|Geobrodude
|
|switch|p1a: Blissey|Blissey, F|714\/714
|-damage|p1a: Blissey|625\/714|[from] Spikes
|move|p2a: Richard Sherman|Knock Off|p1a: Blissey
|-damage|p1a: Blissey|361\/714
|-enditem|p1a: Blissey|Leftovers|[from] move: Knock Off|[of] p2a: Richard Sherman
|
|-heal|p2a: Richard Sherman|263\/372|[from] item: Leftovers
|turn|6
|
|move|p2a: Richard Sherman|Defog|p1a: Blissey
|-unboost|p1a: Blissey|evasion|1
|-sideend|p1: outragedmama|Spikes|[from] move: Defog|[of] p1a: Blissey
|-sideend|p2: DaSpoofy|Stealth Rock|[from] move: Defog|[of] p2a: Richard Sherman
|move|p1a: Blissey|Wish|p1a: Blissey
|
|-heal|p2a: Richard Sherman|286\/372|[from] item: Leftovers
|turn|7
|
|switch|p2a: Tom Brady|Chesnaught, F, shiny|350\/380
|switch|p1a: Toxicroak|Toxicroak, F|308\/308
|
|turn|8
|
|switch|p2a: Underinflated|Stunfisk, M, shiny|419\/419
|move|p1a: Toxicroak|Poison Jab|p2a: Underinflated
|-resisted|p2a: Underinflated
|-damage|p2a: Underinflated|368\/419
|
|-heal|p2a: Underinflated|394\/419|[from] item: Leftovers
|turn|9
|c|âDaSpoofy|bow
|
|switch|p1a: Donphan|Donphan, M|322\/322
|move|p2a: Underinflated|Discharge|p1a: Donphan
|-immune|p1a: Donphan|[msg]
|
|-heal|p2a: Underinflated|419\/419|[from] item: Leftovers
|turn|10
|
|switch|p2a: Hot Dogs|Rotom-Heat|304\/304
|move|p1a: Donphan|Knock Off|p2a: Hot Dogs
|-damage|p2a: Hot Dogs|222\/304
|-enditem|p2a: Hot Dogs|Leftovers|[from] move: Knock Off|[of] p1a: Donphan
|
|turn|11
|c|âDaSpoofy|misclick :P
|
|move|p2a: Hot Dogs|Substitute|p2a: Hot Dogs
|-start|p2a: Hot Dogs|Substitute
|-damage|p2a: Hot Dogs|146\/304
|move|p1a: Donphan|Stealth Rock|p2a: Hot Dogs
|-sidestart|p2: DaSpoofy|move: Stealth Rock
|
|turn|12
|
|move|p2a: Hot Dogs|Confuse Ray|p1a: Donphan
|-start|p1a: Donphan|confusion
|-activate|p1a: Donphan|confusion
|-damage|p1a: Donphan|298\/322|[from] confusion
|
|-heal|p1a: Donphan|318\/322|[from] item: Leftovers
|turn|13
|
|switch|p1a: Blissey|Blissey, F|361\/714
|move|p2a: Hot Dogs|Overheat|p1a: Blissey
|-damage|p1a: Blissey|270\/714
|-unboost|p2a: Hot Dogs|spa|2
|
|turn|14
|
|move|p2a: Hot Dogs|Confuse Ray|p1a: Blissey
|-start|p1a: Blissey|confusion
|-activate|p1a: Blissey|confusion
|move|p1a: Blissey|Wish|p1a: Blissey
|
|turn|15
|
|switch|p2a: Seahawks|Honchkrow, F|341\/341
|-damage|p2a: Seahawks|256\/341|[from] Stealth Rock
|-activate|p1a: Blissey|confusion
|move|p1a: Blissey|Seismic Toss|p2a: Seahawks
|-damage|p2a: Seahawks|156\/341
|
|-heal|p1a: Blissey|627\/714|[from] move: Wish|[wisher] Blissey
|turn|16
|
|switch|p1a: Empoleon|Empoleon, F|372\/372
|move|p2a: Seahawks|Brave Bird|p1a: Empoleon
|-resisted|p1a: Empoleon
|-damage|p1a: Empoleon|249\/372
|-damage|p2a: Seahawks|115\/341|[from] recoil|[of] p1a: Empoleon
|-damage|p2a: Seahawks|81\/341|[from] item: Life Orb
|
|turn|17
|
|move|p1a: Empoleon|Aqua Jet|p2a: Seahawks
|-damage|p2a: Seahawks|9\/341
|move|p2a: Seahawks|Superpower|p1a: Empoleon
|-supereffective|p1a: Empoleon
|-damage|p1a: Empoleon|0 fnt
|-unboost|p2a: Seahawks|atk|1
|-unboost|p2a: Seahawks|def|1
|-damage|p2a: Seahawks|0 fnt|[from] item: Life Orb
|faint|p1a: Empoleon
|faint|p2a: Seahawks
|
|
|switch|p2a: Tom Brady|Chesnaught, F, shiny|350\/380
|switch|p1a: Blissey|Blissey, F|627\/714
|-damage|p2a: Tom Brady|327\/380|[from] Stealth Rock
|turn|18
|
|move|p1a: Blissey|Protect|p1a: Blissey
|-singleturn|p1a: Blissey|Protect
|move|p2a: Tom Brady|Leech Seed|p1a: Blissey
|-activate|p1a: Blissey|Protect
|
|turn|19
|
|switch|p1a: Toxicroak|Toxicroak, F|308\/308
|move|p2a: Tom Brady|Hammer Arm|p1a: Toxicroak|[miss]
|-miss|p2a: Tom Brady|p1a: Toxicroak
|
|turn|20
|
|switch|p2a: Underinflated|Stunfisk, M, shiny|419\/419
|-damage|p2a: Underinflated|393\/419|[from] Stealth Rock
|move|p1a: Toxicroak|Swords Dance|p1a: Toxicroak
|-boost|p1a: Toxicroak|atk|2
|
|-heal|p2a: Underinflated|419\/419|[from] item: Leftovers
|turn|21
|
|move|p1a: Toxicroak|Drain Punch|p2a: Underinflated
|-crit|p2a: Underinflated
|-damage|p2a: Underinflated|119\/419
|-status|p1a: Toxicroak|par
|-status|p2a: Underinflated|psn
|move|p2a: Underinflated|Earth Power|p1a: Toxicroak
|-supereffective|p1a: Toxicroak
|-damage|p1a: Toxicroak|74\/308 par
|
|-heal|p2a: Underinflated|145\/419 psn|[from] item: Leftovers
|-heal|p1a: Toxicroak|93\/308 par|[from] item: Black Sludge
|-damage|p2a: Underinflated|93\/419 psn|[from] psn
|turn|22
|
|move|p1a: Toxicroak|Sucker Punch|p2a: Underinflated
|-fail|p2a: Underinflated
|move|p2a: Underinflated|Rest|p2a: Underinflated
|-status|p2a: Underinflated|slp
|-heal|p2a: Underinflated|419\/419 slp|[silent]
|-status|p2a: Underinflated|slp|[from] move: Rest
|
|-heal|p1a: Toxicroak|112\/308 par|[from] item: Black Sludge
|turn|23
|
|cant|p2a: Underinflated|slp
|move|p2a: Underinflated|Sleep Talk|p2a: Underinflated
|move|p2a: Underinflated|Earth Power|p1a: Toxicroak|[from]Sleep Talk
|-supereffective|p1a: Toxicroak
|-damage|p1a: Toxicroak|0 fnt
|faint|p1a: Toxicroak
|
|
|switch|p1a: Donphan|Donphan, M|318\/322
|turn|24
|
|switch|p2a: Hot Dogs|Rotom-Heat|146\/304
|-damage|p2a: Hot Dogs|70\/304|[from] Stealth Rock
|move|p1a: Donphan|Earthquake|p2a: Hot Dogs
|-immune|p2a: Hot Dogs|[msg]
|
|-heal|p1a: Donphan|322\/322|[from] item: Leftovers
|turn|25
|
|switch|p1a: Blissey|Blissey, F|627\/714
|move|p2a: Hot Dogs|Confuse Ray|p1a: Blissey
|-start|p1a: Blissey|confusion
|
|turn|26
|
|switch|p1a: Haxorus|Haxorus, M|294\/294
|-ability|p1a: Haxorus|Mold Breaker
|move|p2a: Hot Dogs|Discharge|p1a: Haxorus
|-resisted|p1a: Haxorus
|-damage|p1a: Haxorus|231\/294
|
|turn|27
|
|move|p1a: Haxorus|Dragon Dance|p1a: Haxorus
|-boost|p1a: Haxorus|atk|1
|-boost|p1a: Haxorus|spe|1
|move|p2a: Hot Dogs|Confuse Ray|p1a: Haxorus
|-start|p1a: Haxorus|confusion
|
|turn|28
|
|switch|p1a: Blissey|Blissey, F|627\/714
|move|p2a: Hot Dogs|Discharge|p1a: Blissey
|-crit|p1a: Blissey
|-damage|p1a: Blissey|548\/714
|-status|p1a: Blissey|par
|
|turn|29
|
|move|p2a: Hot Dogs|Confuse Ray|p1a: Blissey
|-start|p1a: Blissey|confusion
|-activate|p1a: Blissey|confusion
|-damage|p1a: Blissey|522\/714 par|[from] confusion
|
|turn|30
|
|move|p2a: Hot Dogs|Discharge|p1a: Blissey
|-damage|p1a: Blissey|468\/714 par
|-activate|p1a: Blissey|confusion
|-damage|p1a: Blissey|438\/714 par|[from] confusion
|
|turn|31
|
|move|p2a: Hot Dogs|Discharge|p1a: Blissey
|-damage|p1a: Blissey|377\/714 par
|-activate|p1a: Blissey|confusion
|move|p1a: Blissey|Seismic Toss|p2a: Hot Dogs
|-damage|p2a: Hot Dogs|0 fnt
|faint|p2a: Hot Dogs
|
|
|switch|p2a: Patriots|Pidgeot, M|349\/349
|-damage|p2a: Patriots|262\/349|[from] Stealth Rock
|turn|32
|
|detailschange|p2a: Patriots|Pidgeot-Mega, M
|-mega|p2a: Patriots|Pidgeot|Pidgeotite
|move|p2a: Patriots|Substitute|p2a: Patriots
|-start|p2a: Patriots|Substitute
|-damage|p2a: Patriots|175\/349
|-end|p1a: Blissey|confusion
|move|p1a: Blissey|Seismic Toss|p2a: Patriots
|-end|p2a: Patriots|Substitute
|
|turn|33
|
|switch|p1a: Donphan|Donphan, M|322\/322
|move|p2a: Patriots|Substitute|p2a: Patriots
|-start|p2a: Patriots|Substitute
|-damage|p2a: Patriots|88\/349
|
|turn|34
|
|move|p1a: Donphan|Ice Shard|p2a: Patriots
|-supereffective|p2a: Patriots
|-end|p2a: Patriots|Substitute
|move|p2a: Patriots|Hurricane|p1a: Donphan
|-damage|p1a: Donphan|120\/322
|
|-heal|p1a: Donphan|140\/322|[from] item: Leftovers
|turn|35
|
|switch|p2a: Richard Sherman|Empoleon, M, shiny|286\/372
|-damage|p2a: Richard Sherman|263\/372|[from] Stealth Rock
|move|p1a: Donphan|Ice Shard|p2a: Richard Sherman
|-resisted|p2a: Richard Sherman
|-damage|p2a: Richard Sherman|253\/372
|
|-heal|p2a: Richard Sherman|276\/372|[from] item: Leftovers
|-heal|p1a: Donphan|160\/322|[from] item: Leftovers
|turn|36
|
|move|p2a: Richard Sherman|Scald|p1a: Donphan
|-supereffective|p1a: Donphan
|-damage|p1a: Donphan|0 fnt
|faint|p1a: Donphan
|
|-heal|p2a: Richard Sherman|299\/372|[from] item: Leftovers
|
|switch|p1a: Alakazam|Alakazam, M|252\/252
|turn|37
|
|move|p1a: Alakazam|Focus Blast|p2a: Richard Sherman
|-supereffective|p2a: Richard Sherman
|-damage|p2a: Richard Sherman|0 fnt
|faint|p2a: Richard Sherman
|
|
|switch|p2a: Tom Brady|Chesnaught, F, shiny|327\/380
|-damage|p2a: Tom Brady|304\/380|[from] Stealth Rock
|turn|38
|
|move|p1a: Alakazam|Focus Blast|p2a: Tom Brady
|-immune|p2a: Tom Brady|[msg]|[from] Bulletproof
|move|p2a: Tom Brady|Hammer Arm|p1a: Alakazam
|-resisted|p1a: Alakazam
|-damage|p1a: Alakazam|126\/252
|-unboost|p2a: Tom Brady|spe|1
|
|turn|39
|
|switch|p1a: Haxorus|Haxorus, M|231\/294
|-ability|p1a: Haxorus|Mold Breaker
|move|p2a: Tom Brady|Leech Seed|p1a: Haxorus
|-start|p1a: Haxorus|move: Leech Seed
|
|-damage|p1a: Haxorus|195\/294|[from] Leech Seed|[of] p2a: Tom Brady
|-heal|p2a: Tom Brady|340\/380|[silent]
|turn|40
|
|move|p1a: Haxorus|Poison Jab|p2a: Tom Brady
|-supereffective|p2a: Tom Brady
|-damage|p2a: Tom Brady|153\/380
|-status|p2a: Tom Brady|psn
|-damage|p1a: Haxorus|166\/294|[from] item: Life Orb
|move|p2a: Tom Brady|Hammer Arm|p1a: Haxorus
|-damage|p1a: Haxorus|27\/294
|-unboost|p2a: Tom Brady|spe|1
|
|-damage|p1a: Haxorus|0 fnt|[from] Leech Seed|[of] p2a: Tom Brady
|-heal|p2a: Tom Brady|180\/380 psn|[silent]
|-damage|p2a: Tom Brady|133\/380 psn|[from] psn
|faint|p1a: Haxorus
|
|switch|p1a: Blissey|Blissey, F|377\/714
|turn|41
|
|move|p1a: Blissey|Protect|p1a: Blissey
|-singleturn|p1a: Blissey|Protect
|move|p2a: Tom Brady|Hammer Arm|p1a: Blissey
|-activate|p1a: Blissey|Protect
|
|-damage|p2a: Tom Brady|86\/380 psn|[from] psn
|turn|42
|
|move|p1a: Blissey|Seismic Toss|p2a: Tom Brady
|-damage|p2a: Tom Brady|0 fnt
|faint|p2a: Tom Brady
|
|
|switch|p2a: Patriots|Pidgeot-Mega, M|88\/349
|-damage|p2a: Patriots|1\/349|[from] Stealth Rock
|turn|43
|
|move|p2a: Patriots|Roost|p2a: Patriots
|-heal|p2a: Patriots|176\/349
|move|p1a: Blissey|Toxic|p2a: Patriots
|-status|p2a: Patriots|tox
|
|-damage|p2a: Patriots|155\/349 tox|[from] psn
|turn|44
|
|move|p2a: Patriots|Refresh|p2a: Patriots
|-curestatus|p2a: Patriots|tox
|move|p1a: Blissey|Wish|p1a: Blissey
|
|turn|45
|
|move|p2a: Patriots|Hurricane|p1a: Blissey
|-damage|p1a: Blissey|272\/714
|move|p1a: Blissey|Seismic Toss|p2a: Patriots
|-damage|p2a: Patriots|55\/349
|
|-heal|p1a: Blissey|629\/714|[from] move: Wish|[wisher] Blissey
|turn|46
|
|move|p2a: Patriots|Roost|p2a: Patriots
|-heal|p2a: Patriots|230\/349
|move|p1a: Blissey|Wish|p1a: Blissey
|
|turn|47
|
|move|p2a: Patriots|Roost|p2a: Patriots
|-heal|p2a: Patriots|349\/349
|move|p1a: Blissey|Toxic|p2a: Patriots
|-status|p2a: Patriots|tox
|
|-heal|p1a: Blissey|714\/714|[from] move: Wish|[wisher] Blissey
|-damage|p2a: Patriots|328\/349 tox|[from] psn
|turn|48
|
|move|p2a: Patriots|Refresh|p2a: Patriots
|-curestatus|p2a: Patriots|tox
|move|p1a: Blissey|Wish|p1a: Blissey
|
|turn|49
|
|switch|p2a: Underinflated|Stunfisk, M, shiny|419\/419 slp
|-damage|p2a: Underinflated|393\/419 slp|[from] Stealth Rock
|move|p1a: Blissey|Seismic Toss|p2a: Underinflated
|-damage|p2a: Underinflated|293\/419 slp
|
|-heal|p2a: Underinflated|319\/419 slp|[from] item: Leftovers
|turn|50
|
|switch|p1a: Alakazam|Alakazam, M|126\/252
|cant|p2a: Underinflated|slp
|move|p2a: Underinflated|Sleep Talk|p2a: Underinflated
|move|p2a: Underinflated|Discharge|p1a: Alakazam|[from]Sleep Talk
|-damage|p1a: Alakazam|48\/252
|
|-heal|p2a: Underinflated|345\/419 slp|[from] item: Leftovers
|turn|51
|leave|Geobrodude
|
|move|p1a: Alakazam|Energy Ball|p2a: Underinflated
|-supereffective|p2a: Underinflated
|-damage|p2a: Underinflated|3\/419 slp
|-curestatus|p2a: Underinflated|slp
|move|p2a: Underinflated|Earth Power|p1a: Alakazam
|-damage|p1a: Alakazam|0 fnt
|faint|p1a: Alakazam
|
|-heal|p2a: Underinflated|29\/419|[from] item: Leftovers
|c|âDaSpoofy|sit down
|
|switch|p1a: Blissey|Blissey, F|714\/714
|turn|52
|
|move|p1a: Blissey|Seismic Toss|p2a: Underinflated
|-damage|p2a: Underinflated|0 fnt
|-status|p1a: Blissey|par
|faint|p2a: Underinflated
|
|
|switch|p2a: Patriots|Pidgeot-Mega, M|328\/349
|-damage|p2a: Patriots|241\/349|[from] Stealth Rock
|turn|53
|-message|outragedmama forfeited.
|leave|outragedmama
|
|win|DaSpoofy
|raw|Ladder updating...
|player|p1
|raw|outragedmama's rating: 1288 &rarr; <strong>1271<\/strong><br \/>(-17 for losing)
|raw|DaSpoofy's rating: 1410 &rarr; <strong>1424<\/strong><br \/>(+14 for winning)