|join|gyarad0site
|join|jammedgoblin
|player|p1|gyarad0site|195
|player|p2|jammedgoblin|1
|gametype|singles
|gen|6
|tier|OU
|rated
|clearpoke
|poke|p1|Scizor, M, shiny
|poke|p1|Manaphy, shiny
|poke|p1|Thundurus, M
|poke|p1|Landorus-Therian, M
|poke|p1|Cobalion
|poke|p1|Latios, M
|poke|p2|Venusaur, M
|poke|p2|Zapdos
|poke|p2|Ferrothorn, M
|poke|p2|Chansey, F
|poke|p2|Breloom, F
|poke|p2|Mamoswine, F
|rule|Swagger Clause: Swagger is banned
|rule|Baton Pass Clause: Limit one PokÃ©mon knowing Baton Pass
|rule|Sleep Clause Mod: Limit one foe put to sleep
|rule|Species Clause: Limit one of each PokÃ©mon
|rule|OHKO Clause: OHKO moves are banned
|rule|Moody Clause: Moody is banned
|rule|Evasion Moves Clause: Evasion moves are banned
|rule|Endless Battle Clause: Forcing endless battles is banned
|rule|HP Percentage Mod: HP is shown in percentages
|teampreview
|
|start
|switch|p1a: murakAMi|Manaphy, shiny|351\/351
|switch|p2a: Mamoswine|Mamoswine, F|362\/362
|turn|1
|
|switch|p2a: Zapdos|Zapdos|322\/322
|-ability|p2a: Zapdos|Pressure
|move|p1a: murakAMi|Scald|p2a: Zapdos
|-damage|p2a: Zapdos|187\/322
|
|turn|2
|
|switch|p1a: sAMuel L|Landorus-Therian, M|381\/381
|-ability|p1a: sAMuel L|Intimidate|[of] p2a: Zapdos
|-unboost|p2a: Zapdos|atk|1
|move|p2a: Zapdos|Thunderbolt|p1a: sAMuel L
|-immune|p1a: sAMuel L|[msg]
|
|turn|3
|
|move|p2a: Zapdos|Hidden Power|p1a: sAMuel L
|-supereffective|p1a: sAMuel L
|-damage|p1a: sAMuel L|0 fnt
|faint|p1a: sAMuel L
|
|
|switch|p1a: Thundurus|Thundurus, M|299\/299
|turn|4
|
|move|p1a: Thundurus|Hidden Power|p2a: Zapdos
|-supereffective|p2a: Zapdos
|-damage|p2a: Zapdos|31\/322
|move|p2a: Zapdos|Hidden Power|p1a: Thundurus
|-supereffective|p1a: Thundurus
|-damage|p1a: Thundurus|101\/299
|
|-heal|p1a: Thundurus|119\/299|[from] item: Leftovers
|turn|5
|
|switch|p2a: Chansey|Chansey, F|704\/704
|move|p1a: Thundurus|Hidden Power|p2a: Chansey
|-damage|p2a: Chansey|660\/704
|
|-heal|p1a: Thundurus|137\/299|[from] item: Leftovers
|turn|6
|
|move|p1a: Thundurus|Taunt|p2a: Chansey
|-start|p2a: Chansey|move: Taunt
|cant|p2a: Chansey|move: Taunt|Stealth Rock
|
|-heal|p1a: Thundurus|155\/299|[from] item: Leftovers
|turn|7
|
|switch|p1a: murakAMi|Manaphy, shiny|351\/351
|move|p2a: Chansey|Seismic Toss|p1a: murakAMi
|-damage|p1a: murakAMi|251\/351
|
|-heal|p1a: murakAMi|272\/351|[from] item: Leftovers
|turn|8
|
|switch|p1a: flAMberge|Cobalion|358\/358
|move|p2a: Chansey|Seismic Toss|p1a: flAMberge
|-damage|p1a: flAMberge|258\/358
|
|-heal|p1a: flAMberge|280\/358|[from] item: Leftovers
|-end|p2a: Chansey|move: Taunt
|turn|9
|
|switch|p2a: Zapdos|Zapdos|31\/322
|-ability|p2a: Zapdos|Pressure
|move|p1a: flAMberge|Taunt|p2a: Zapdos
|-start|p2a: Zapdos|move: Taunt
|
|-heal|p1a: flAMberge|302\/358|[from] item: Leftovers
|turn|10
|
|move|p1a: flAMberge|Iron Head|p2a: Zapdos
|-resisted|p2a: Zapdos
|-damage|p2a: Zapdos|0 fnt
|faint|p2a: Zapdos
|
|-heal|p1a: flAMberge|324\/358|[from] item: Leftovers
|
|switch|p2a: Mamoswine|Mamoswine, F|362\/362
|turn|11
|
|move|p2a: Mamoswine|Superpower|p1a: flAMberge
|-supereffective|p1a: flAMberge
|-damage|p1a: flAMberge|78\/358
|-unboost|p2a: Mamoswine|atk|1
|-unboost|p2a: Mamoswine|def|1
|move|p1a: flAMberge|Iron Head|p2a: Mamoswine
|-supereffective|p2a: Mamoswine
|-damage|p2a: Mamoswine|0 fnt
|faint|p2a: Mamoswine
|
|-heal|p1a: flAMberge|100\/358|[from] item: Leftovers
|
|switch|p2a: Ferrothorn|Ferrothorn, M|352\/352
|turn|12
|
|move|p1a: flAMberge|Taunt|p2a: Ferrothorn
|-start|p2a: Ferrothorn|move: Taunt
|cant|p2a: Ferrothorn|move: Taunt|Spikes
|
|-heal|p1a: flAMberge|122\/358|[from] item: Leftovers
|turn|13
|
|move|p1a: flAMberge|Close Combat|p2a: Ferrothorn
|-supereffective|p2a: Ferrothorn
|-damage|p2a: Ferrothorn|142\/352
|-damage|p1a: flAMberge|78\/358|[from] ability: Iron Barbs|[of] p2a: Ferrothorn
|-damage|p1a: flAMberge|19\/358|[from] item: Rocky Helmet|[of] p2a: Ferrothorn
|-unboost|p1a: flAMberge|def|1
|-unboost|p1a: flAMberge|spd|1
|move|p2a: Ferrothorn|Power Whip|p1a: flAMberge
|-resisted|p1a: flAMberge
|-damage|p1a: flAMberge|0 fnt
|faint|p1a: flAMberge
|
|
|switch|p1a: rAMbo|Scizor, M, shiny|291\/291
|turn|14
|
|detailschange|p1a: rAMbo|Scizor-Mega, M, shiny
|message|Scizor has Mega Evolved into Mega Scizor!
|move|p1a: rAMbo|Bug Bite|p2a: Ferrothorn
|-damage|p2a: Ferrothorn|33\/352
|-damage|p1a: rAMbo|255\/291|[from] ability: Iron Barbs|[of] p2a: Ferrothorn
|-damage|p1a: rAMbo|207\/291|[from] item: Rocky Helmet|[of] p2a: Ferrothorn
|move|p2a: Ferrothorn|Power Whip|p1a: rAMbo|[miss]
|-miss|p2a: Ferrothorn|p1a: rAMbo
|
|-end|p2a: Ferrothorn|move: Taunt
|turn|15
|
|move|p1a: rAMbo|Bug Bite|p2a: Ferrothorn
|-damage|p2a: Ferrothorn|0 fnt
|-damage|p1a: rAMbo|171\/291|[from] ability: Iron Barbs|[of] p2a: Ferrothorn
|-damage|p1a: rAMbo|123\/291|[from] item: Rocky Helmet|[of] p2a: Ferrothorn
|faint|p2a: Ferrothorn
|
|
|switch|p2a: Venusaur|Venusaur, M|327\/327
|turn|16
|
|switch|p1a: Latios|Latios, M|301\/301
|detailschange|p2a: Venusaur|Venusaur-Mega, M
|message|Venusaur has Mega Evolved into Mega Venusaur!
|move|p2a: Venusaur|Hidden Power|p1a: Latios
|-resisted|p1a: Latios
|-damage|p1a: Latios|272\/301
|
|turn|17
|
|switch|p2a: Chansey|Chansey, F|660\/704
|move|p1a: Latios|Trick|p2a: Chansey
|-activate|p1a: Latios|move: Trick|[of] p2a: Chansey
|-item|p2a: Chansey|Choice Scarf|[from] move: Trick
|-item|p1a: Latios|Eviolite|[from] move: Trick
|
|turn|18
|
|switch|p1a: rAMbo|Scizor-Mega, M, shiny|123\/291
|move|p2a: Chansey|Seismic Toss|p1a: rAMbo
|-damage|p1a: rAMbo|23\/291
|
|turn|19
|
|switch|p2a: Venusaur|Venusaur-Mega, M|327\/327
|move|p1a: rAMbo|Bug Bite|p2a: Venusaur
|-damage|p2a: Venusaur|191\/327
|
|turn|20
|
|move|p1a: rAMbo|Swords Dance|p1a: rAMbo
|-boost|p1a: rAMbo|atk|2
|move|p2a: Venusaur|Giga Drain|p1a: rAMbo
|-resisted|p1a: rAMbo
|-damage|p1a: rAMbo|0 fnt
|-heal|p2a: Venusaur|203\/327|[from] drain|[of] p1a: rAMbo
|faint|p1a: rAMbo
|
|
|switch|p1a: Latios|Latios, M|272\/301
|turn|21
|
|switch|p2a: Chansey|Chansey, F|660\/704
|move|p1a: Latios|Psyshock|p2a: Chansey
|-damage|p2a: Chansey|377\/704
|
|turn|22
|
|move|p1a: Latios|Psyshock|p2a: Chansey
|-damage|p2a: Chansey|118\/704
|move|p2a: Chansey|Thunder Wave|p1a: Latios
|-status|p1a: Latios|par
|
|turn|23
|
|move|p2a: Chansey|Thunder Wave|p1a: Latios
|-fail|p1a: Latios|par
|move|p1a: Latios|Psyshock|p2a: Chansey
|-damage|p2a: Chansey|0 fnt
|faint|p2a: Chansey
|
|
|switch|p2a: Breloom|Breloom, F|261\/261
|turn|24
|
|switch|p1a: murakAMi|Manaphy, shiny|272\/351
|move|p2a: Breloom|Swords Dance|p2a: Breloom
|-boost|p2a: Breloom|atk|2
|
|-heal|p1a: murakAMi|293\/351|[from] item: Leftovers
|turn|25
|
|move|p1a: murakAMi|Scald|p2a: Breloom
|-resisted|p2a: Breloom
|-damage|p2a: Breloom|160\/261
|-status|p2a: Breloom|brn
|move|p2a: Breloom|Swords Dance|p2a: Breloom
|-boost|p2a: Breloom|atk|2
|
|-heal|p1a: murakAMi|314\/351|[from] item: Leftovers
|-damage|p2a: Breloom|128\/261 brn|[from] brn
|turn|26
|
|move|p1a: murakAMi|Scald|p2a: Breloom
|-resisted|p2a: Breloom
|-damage|p2a: Breloom|28\/261 brn
|move|p2a: Breloom|Bullet Seed|p1a: murakAMi
|-supereffective|p1a: murakAMi
|-damage|p1a: murakAMi|108\/351
|-supereffective|p1a: murakAMi
|-damage|p1a: murakAMi|0 fnt
|-hitcount|p1a: murakAMi|2
|faint|p1a: murakAMi
|
|-damage|p2a: Breloom|0 fnt|[from] brn
|faint|p2a: Breloom
|
|switch|p1a: Thundurus|Thundurus, M|155\/299
|switch|p2a: Venusaur|Venusaur-Mega, M|203\/327
|turn|27
|
|move|p1a: Thundurus|Thunder Wave|p2a: Venusaur
|-status|p2a: Venusaur|par
|cant|p2a: Venusaur|par
|
|-heal|p1a: Thundurus|173\/299|[from] item: Leftovers
|turn|28
|
|move|p1a: Thundurus|Taunt|p2a: Venusaur
|-start|p2a: Venusaur|move: Taunt
|cant|p2a: Venusaur|par
|
|-heal|p1a: Thundurus|191\/299|[from] item: Leftovers
|turn|29
|
|move|p1a: Thundurus|Hidden Power|p2a: Venusaur
|-supereffective|p2a: Venusaur
|-damage|p2a: Venusaur|143\/327 par
|move|p2a: Venusaur|Sludge Bomb|p1a: Thundurus
|-damage|p1a: Thundurus|19\/299
|
|-heal|p1a: Thundurus|37\/299|[from] item: Leftovers
|turn|30
|
|move|p1a: Thundurus|Hidden Power|p2a: Venusaur
|-supereffective|p2a: Venusaur
|-damage|p2a: Venusaur|79\/327 par
|move|p2a: Venusaur|Sludge Bomb|p1a: Thundurus
|-crit|p1a: Thundurus
|-damage|p1a: Thundurus|0 fnt
|faint|p1a: Thundurus
|
|-end|p2a: Venusaur|move: Taunt
|
|switch|p1a: Latios|Latios, M|272\/301 par
|turn|31
|
|move|p1a: Latios|Psyshock|p2a: Venusaur
|-supereffective|p2a: Venusaur
|-damage|p2a: Venusaur|0 fnt
|faint|p2a: Venusaur
|
|win|gyarad0site
|raw|Ladder updating...
|raw|gyarad0site's rating: 1777 &rarr; <strong>1783<\/strong><br \/>(+6 for winning)
|raw|jammedgoblin's rating: 1495 &rarr; <strong>1489<\/strong><br \/>(-6 for losing)
|c|âgyarad0site|gg
|leave|jammedgoblin
|player|p2