|join|gyarad0site
|join|unlimited b8work
|player|p1|gyarad0site|195
|player|p2|unlimited b8work|101
|gametype|singles
|gen|6
|tier|OU
|rated
|clearpoke
|poke|p1|Scizor, M, shiny
|poke|p1|Manaphy, shiny
|poke|p1|Thundurus, M
|poke|p1|Landorus-Therian, M
|poke|p1|Cobalion
|poke|p1|Latios, M
|poke|p2|Tornadus-Therian, M
|poke|p2|Chesnaught, F
|poke|p2|Slowbro, M
|poke|p2|Sableye, F
|poke|p2|Tentacruel, F
|poke|p2|Clefable, M
|rule|Swagger Clause: Swagger is banned
|rule|Baton Pass Clause: Limit one PokÃ©mon knowing Baton Pass
|rule|Sleep Clause Mod: Limit one foe put to sleep
|rule|Species Clause: Limit one of each PokÃ©mon
|rule|OHKO Clause: OHKO moves are banned
|rule|Moody Clause: Moody is banned
|rule|Evasion Moves Clause: Evasion moves are banned
|rule|Endless Battle Clause: Forcing endless battles is banned
|rule|HP Percentage Mod: HP is shown in percentages
|teampreview
|
|start
|switch|p1a: Thundurus|Thundurus, M|299\/299
|switch|p2a: Sableye|Sableye, F|304\/304
|turn|1
|
|detailschange|p2a: Sableye|Sableye-Mega, F
|message|Sableye has Mega Evolved into Mega Sableye!
|move|p2a: Sableye|Will-O-Wisp|p1a: Thundurus
|-status|p1a: Thundurus|brn
|move|p1a: Thundurus|Volt Switch|p2a: Sableye
|-damage|p2a: Sableye|187\/304
|
|switch|p1a: murakAMi|Manaphy, shiny|351\/351
|
|turn|2
|
|switch|p2a: Tornadus-Therian|Tornadus-Therian, M|337\/337
|move|p1a: murakAMi|Scald|p2a: Tornadus-Therian
|-damage|p2a: Tornadus-Therian|237\/337
|
|turn|3
|
|switch|p1a: sAMuel L|Landorus-Therian, M|381\/381
|-ability|p1a: sAMuel L|Intimidate|[of] p2a: Tornadus-Therian
|-unboost|p2a: Tornadus-Therian|atk|1
|move|p2a: Tornadus-Therian|Knock Off|p1a: sAMuel L
|-damage|p1a: sAMuel L|345\/381
|-enditem|p1a: sAMuel L|Leftovers|[from] move: Knock Off|[of] p2a: Tornadus-Therian
|
|turn|4
|
|move|p2a: Tornadus-Therian|U-turn|p1a: sAMuel L
|-resisted|p1a: sAMuel L
|-damage|p1a: sAMuel L|332\/381
|
|switch|p2a: Slowbro|Slowbro, M|394\/394
|move|p1a: sAMuel L|Stealth Rock|p2a: Slowbro
|-sidestart|p2: unlimited b8work|move: Stealth Rock
|
|turn|5
|
|move|p1a: sAMuel L|U-turn|p2a: Slowbro
|-supereffective|p2a: Slowbro
|-damage|p2a: Slowbro|290\/394
|-damage|p1a: sAMuel L|269\/381|[from] item: Rocky Helmet|[of] p2a: Slowbro
|
|switch|p1a: Thundurus|Thundurus, M|299\/299 brn
|move|p2a: Slowbro|Scald|p1a: Thundurus
|-damage|p1a: Thundurus|190\/299 brn
|
|-heal|p1a: Thundurus|208\/299 brn|[from] item: Leftovers
|-damage|p1a: Thundurus|171\/299 brn|[from] brn
|turn|6
|
|switch|p2a: Clefable|Clefable, M|394\/394
|-damage|p2a: Clefable|345\/394|[from] Stealth Rock
|move|p1a: Thundurus|Volt Switch|p2a: Clefable
|-damage|p2a: Clefable|243\/394
|
|switch|p1a: flAMberge|Cobalion|358\/358
|
|-heal|p2a: Clefable|267\/394|[from] item: Leftovers
|turn|7
|
|switch|p2a: Tentacruel|Tentacruel, F|364\/364
|-damage|p2a: Tentacruel|319\/364|[from] Stealth Rock
|move|p1a: flAMberge|Iron Head|p2a: Tentacruel
|-resisted|p2a: Tentacruel
|-damage|p2a: Tentacruel|254\/364
|
|-heal|p2a: Tentacruel|276\/364|[from] item: Black Sludge
|turn|8
|
|move|p1a: flAMberge|Volt Switch|p2a: Tentacruel
|-supereffective|p2a: Tentacruel
|-damage|p2a: Tentacruel|214\/364
|
|switch|p1a: Thundurus|Thundurus, M|171\/299 brn
|move|p2a: Tentacruel|Rapid Spin|p1a: Thundurus
|-damage|p1a: Thundurus|155\/299 brn
|-sideend|p2: unlimited b8work|Stealth Rock|[from] move: Rapid Spin|[of] p2a: Tentacruel
|
|-heal|p1a: Thundurus|173\/299 brn|[from] item: Leftovers
|-heal|p2a: Tentacruel|236\/364|[from] item: Black Sludge
|-damage|p1a: Thundurus|136\/299 brn|[from] brn
|turn|9
|
|switch|p2a: Chesnaught|Chesnaught, F|380\/380
|move|p1a: Thundurus|Volt Switch|p2a: Chesnaught
|-resisted|p2a: Chesnaught
|-damage|p2a: Chesnaught|309\/380
|
|switch|p1a: flAMberge|Cobalion|358\/358
|
|-heal|p2a: Chesnaught|332\/380|[from] item: Leftovers
|turn|10
|
|move|p1a: flAMberge|Taunt|p2a: Chesnaught
|-start|p2a: Chesnaught|move: Taunt
|move|p2a: Chesnaught|Drain Punch|p1a: flAMberge
|-supereffective|p1a: flAMberge
|-damage|p1a: flAMberge|178\/358
|-heal|p2a: Chesnaught|380\/380|[from] drain|[of] p1a: flAMberge
|
|-heal|p1a: flAMberge|200\/358|[from] item: Leftovers
|turn|11
|
|switch|p1a: sAMuel L|Landorus-Therian, M|269\/381
|-ability|p1a: sAMuel L|Intimidate|[of] p2a: Chesnaught
|-unboost|p2a: Chesnaught|atk|1
|move|p2a: Chesnaught|Drain Punch|p1a: sAMuel L
|-resisted|p1a: sAMuel L
|-damage|p1a: sAMuel L|243\/381
|
|turn|12
|
|switch|p2a: Slowbro|Slowbro, M|394\/394
|move|p1a: sAMuel L|U-turn|p2a: Slowbro
|-supereffective|p2a: Slowbro
|-damage|p2a: Slowbro|288\/394
|-damage|p1a: sAMuel L|180\/381|[from] item: Rocky Helmet|[of] p2a: Slowbro
|
|switch|p1a: murakAMi|Manaphy, shiny|351\/351
|
|turn|13
|
|switch|p2a: Clefable|Clefable, M|267\/394
|move|p1a: murakAMi|Tail Glow|p1a: murakAMi
|-boost|p1a: murakAMi|spa|3
|
|-heal|p2a: Clefable|291\/394|[from] item: Leftovers
|turn|14
|
|move|p1a: murakAMi|Rain Dance|p1a: murakAMi
|-weather|RainDance
|move|p2a: Clefable|Stealth Rock|p1a: murakAMi
|-sidestart|p1: gyarad0site|move: Stealth Rock
|
|-weather|RainDance|[upkeep]
|-heal|p2a: Clefable|315\/394|[from] item: Leftovers
|turn|15
|
|move|p1a: murakAMi|Scald|p2a: Clefable
|-damage|p2a: Clefable|164\/394
|move|p2a: Clefable|Moonblast|p1a: murakAMi
|-damage|p1a: murakAMi|251\/351
|
|-weather|RainDance|[upkeep]
|-heal|p1a: murakAMi|272\/351|[from] item: Leftovers
|-heal|p2a: Clefable|188\/394|[from] item: Leftovers
|turn|16
|join|naqthecop
|
|move|p1a: murakAMi|Scald|p2a: Clefable
|-damage|p2a: Clefable|23\/394
|move|p2a: Clefable|Moonblast|p1a: murakAMi
|-damage|p1a: murakAMi|166\/351
|
|-weather|RainDance|[upkeep]
|-heal|p1a: murakAMi|187\/351|[from] item: Leftovers
|-heal|p2a: Clefable|47\/394|[from] item: Leftovers
|turn|17
|
|move|p1a: murakAMi|Scald|p2a: Clefable
|-damage|p2a: Clefable|0 fnt
|faint|p2a: Clefable
|
|-weather|RainDance|[upkeep]
|-heal|p1a: murakAMi|208\/351|[from] item: Leftovers
|
|switch|p2a: Chesnaught|Chesnaught, F|380\/380
|turn|18
|
|move|p1a: murakAMi|Scald|p2a: Chesnaught
|-resisted|p2a: Chesnaught
|-damage|p2a: Chesnaught|89\/380
|move|p2a: Chesnaught|Wood Hammer|p1a: murakAMi
|-supereffective|p1a: murakAMi
|-damage|p1a: murakAMi|0 fnt
|-damage|p2a: Chesnaught|20\/380|[from] recoil|[of] p1a: murakAMi
|faint|p1a: murakAMi
|
|-weather|none
|-heal|p2a: Chesnaught|43\/380|[from] item: Leftovers
|
|switch|p1a: rAMbo|Scizor, M, shiny|291\/291
|-damage|p1a: rAMbo|255\/291|[from] Stealth Rock
|turn|19
|
|detailschange|p1a: rAMbo|Scizor-Mega, M, shiny
|message|Scizor has Mega Evolved into Mega Scizor!
|move|p1a: rAMbo|Swords Dance|p1a: rAMbo
|-boost|p1a: rAMbo|atk|2
|move|p2a: Chesnaught|Leech Seed|p1a: rAMbo
|-start|p1a: rAMbo|move: Leech Seed
|
|-heal|p2a: Chesnaught|66\/380|[from] item: Leftovers
|-damage|p1a: rAMbo|219\/291|[from] Leech Seed|[of] p2a: Chesnaught
|-heal|p2a: Chesnaught|102\/380|[silent]
|turn|20
|
|move|p1a: rAMbo|Bug Bite|p2a: Chesnaught
|-damage|p2a: Chesnaught|0 fnt
|faint|p2a: Chesnaught
|
|
|switch|p2a: Sableye|Sableye-Mega, F|187\/304
|turn|21
|
|move|p1a: rAMbo|Bug Bite|p2a: Sableye
|-damage|p2a: Sableye|0 fnt
|faint|p2a: Sableye
|
|
|switch|p2a: Slowbro|Slowbro, M|394\/394
|turn|22
|
|move|p1a: rAMbo|Bug Bite|p2a: Slowbro
|-supereffective|p2a: Slowbro
|-damage|p2a: Slowbro|0 fnt
|-damage|p1a: rAMbo|171\/291|[from] item: Rocky Helmet|[of] p2a: Slowbro
|faint|p2a: Slowbro
|
|
|switch|p2a: Tornadus-Therian|Tornadus-Therian, M|337\/337
|turn|23
|
|move|p1a: rAMbo|Bullet Punch|p2a: Tornadus-Therian
|-damage|p2a: Tornadus-Therian|39\/337
|move|p2a: Tornadus-Therian|Heat Wave|p1a: rAMbo
|-supereffective|p1a: rAMbo
|-damage|p1a: rAMbo|0 fnt
|faint|p1a: rAMbo
|
|
|switch|p1a: Latios|Latios, M|301\/301
|-damage|p1a: Latios|264\/301|[from] Stealth Rock
|turn|24
|
|move|p1a: Latios|Psyshock|p2a: Tornadus-Therian
|-damage|p2a: Tornadus-Therian|0 fnt
|faint|p2a: Tornadus-Therian
|
|-message|unlimited b8work forfeited.
|
|win|gyarad0site
|raw|Ladder updating...
|leave|unlimited b8work
|player|p2
|raw|gyarad0site's rating: 1710 &rarr; <strong>1724<\/strong><br \/>(+14 for winning)
|raw|unlimited b8work's rating: 1611 &rarr; <strong>1597<\/strong><br \/>(-14 for losing)