|join|wrongright
|join|gyarad0site
|player|p1|wrongright|170
|player|p2|gyarad0site|195
|gametype|singles
|gen|6
|tier|OU
|rated
|clearpoke
|poke|p1|Ferrothorn, M
|poke|p1|Starmie
|poke|p1|Charizard, F
|poke|p1|Clefable, M
|poke|p1|Greninja, M
|poke|p1|Landorus-Therian, M
|poke|p2|Scizor, M, shiny
|poke|p2|Manaphy, shiny
|poke|p2|Thundurus, M
|poke|p2|Landorus-Therian, M
|poke|p2|Cobalion
|poke|p2|Latios, M
|rule|Swagger Clause: Swagger is banned
|rule|Baton Pass Clause: Limit one PokÃ©mon knowing Baton Pass
|rule|Sleep Clause Mod: Limit one foe put to sleep
|rule|Species Clause: Limit one of each PokÃ©mon
|rule|OHKO Clause: OHKO moves are banned
|rule|Moody Clause: Moody is banned
|rule|Evasion Moves Clause: Evasion moves are banned
|rule|Endless Battle Clause: Forcing endless battles is banned
|rule|HP Percentage Mod: HP is shown in percentages
|teampreview
|
|start
|switch|p1a: Landorus-Therian|Landorus-Therian, M|319\/319
|switch|p2a: Latios|Latios, M|301\/301
|-ability|p1a: Landorus-Therian|Intimidate|[of] p2a: Latios
|-unboost|p2a: Latios|atk|1
|turn|1
|
|switch|p2a: Landorus-Therian|Landorus-Therian, M|381\/381
|-ability|p2a: Landorus-Therian|Intimidate|[of] p1a: Landorus-Therian
|-unboost|p1a: Landorus-Therian|atk|1
|switch|p1a: Clefable|Clefable, M|394\/394
|
|turn|2
|
|switch|p1a: Ferrothorn|Ferrothorn, M|343\/343
|move|p2a: Landorus-Therian|Stealth Rock|p1a: Ferrothorn
|-sidestart|p1: wrongright|move: Stealth Rock
|
|turn|3
|
|move|p2a: Landorus-Therian|Earthquake|p1a: Ferrothorn
|-damage|p1a: Ferrothorn|225\/343
|move|p1a: Ferrothorn|Leech Seed|p2a: Landorus-Therian
|-start|p2a: Landorus-Therian|move: Leech Seed
|
|-heal|p1a: Ferrothorn|246\/343|[from] item: Leftovers
|-damage|p2a: Landorus-Therian|334\/381|[from] Leech Seed|[of] p1a: Ferrothorn
|-heal|p1a: Ferrothorn|293\/343|[silent]
|turn|4
|
|switch|p2a: Cobalion|Cobalion|358\/358
|move|p1a: Ferrothorn|Spikes|p2a: Cobalion
|-sidestart|p2: gyarad0site|Spikes
|
|-heal|p1a: Ferrothorn|314\/343|[from] item: Leftovers
|turn|5
|
|switch|p1a: Landorus-Therian|Landorus-Therian, M|319\/319
|-damage|p1a: Landorus-Therian|280\/319|[from] Stealth Rock
|-ability|p1a: Landorus-Therian|Intimidate|[of] p2a: Cobalion
|-unboost|p2a: Cobalion|atk|1
|move|p2a: Cobalion|Taunt|p1a: Landorus-Therian
|-start|p1a: Landorus-Therian|move: Taunt
|
|-heal|p1a: Landorus-Therian|299\/319|[from] item: Leftovers
|turn|6
|
|move|p2a: Cobalion|Iron Head|p1a: Landorus-Therian
|-damage|p1a: Landorus-Therian|233\/319
|cant|p1a: Landorus-Therian|flinch
|
|-heal|p1a: Landorus-Therian|252\/319|[from] item: Leftovers
|turn|7
|
|move|p2a: Cobalion|Iron Head|p1a: Landorus-Therian
|-damage|p1a: Landorus-Therian|185\/319
|move|p1a: Landorus-Therian|U-turn|p2a: Cobalion
|-resisted|p2a: Cobalion
|-damage|p2a: Cobalion|343\/358
|c|âwrongright|dude are you kidingme
|
|switch|p1a: Starmie|Starmie|315\/315
|-damage|p1a: Starmie|276\/315|[from] Stealth Rock
|
|-heal|p2a: Cobalion|358\/358|[from] item: Leftovers
|turn|8
|c|âgyarad0site|i never kid
|
|move|p1a: Starmie|Rapid Spin|p2a: Cobalion
|-resisted|p2a: Cobalion
|-damage|p2a: Cobalion|353\/358
|-sideend|p1: wrongright|Stealth Rock|[from] move: Rapid Spin|[of] p1a: Starmie
|move|p2a: Cobalion|Volt Switch|p1a: Starmie
|-supereffective|p1a: Starmie
|-damage|p1a: Starmie|164\/315
|
|switch|p2a: Thundurus|Thundurus, M|299\/299
|
|turn|9
|
|switch|p1a: Clefable|Clefable, M|394\/394
|move|p2a: Thundurus|Volt Switch|p1a: Clefable
|-damage|p1a: Clefable|258\/394
|
|switch|p2a: Landorus-Therian|Landorus-Therian, M|334\/381
|-ability|p2a: Landorus-Therian|Intimidate|[of] p1a: Clefable
|-unboost|p1a: Clefable|atk|1
|
|-heal|p2a: Landorus-Therian|357\/381|[from] item: Leftovers
|-heal|p1a: Clefable|282\/394|[from] item: Leftovers
|turn|10
|
|switch|p1a: Landorus-Therian|Landorus-Therian, M|185\/319
|-ability|p1a: Landorus-Therian|Intimidate|[of] p2a: Landorus-Therian
|-unboost|p2a: Landorus-Therian|atk|1
|move|p2a: Landorus-Therian|Stealth Rock|p1a: Landorus-Therian
|-sidestart|p1: wrongright|move: Stealth Rock
|
|-heal|p2a: Landorus-Therian|380\/381|[from] item: Leftovers
|-heal|p1a: Landorus-Therian|204\/319|[from] item: Leftovers
|turn|11
|
|move|p2a: Landorus-Therian|U-turn|p1a: Landorus-Therian
|-crit|p1a: Landorus-Therian
|-resisted|p1a: Landorus-Therian
|-damage|p1a: Landorus-Therian|143\/319
|
|switch|p2a: Thundurus|Thundurus, M|299\/299
|move|p1a: Landorus-Therian|Stealth Rock|p2a: Thundurus
|-sidestart|p2: gyarad0site|move: Stealth Rock
|
|-heal|p1a: Landorus-Therian|162\/319|[from] item: Leftovers
|turn|12
|
|switch|p1a: Ferrothorn|Ferrothorn, M|314\/343
|-damage|p1a: Ferrothorn|293\/343|[from] Stealth Rock
|move|p2a: Thundurus|Hidden Power|p1a: Ferrothorn
|-damage|p1a: Ferrothorn|231\/343
|
|-heal|p1a: Ferrothorn|252\/343|[from] item: Leftovers
|turn|13
|join|SwaggBoi
|
|move|p2a: Thundurus|Taunt|p1a: Ferrothorn
|-start|p1a: Ferrothorn|move: Taunt
|move|p1a: Ferrothorn|Gyro Ball|p2a: Thundurus
|-resisted|p2a: Thundurus
|-damage|p2a: Thundurus|195\/299
|
|-heal|p2a: Thundurus|213\/299|[from] item: Leftovers
|-heal|p1a: Ferrothorn|273\/343|[from] item: Leftovers
|turn|14
|
|move|p2a: Thundurus|Volt Switch|p1a: Ferrothorn
|-resisted|p1a: Ferrothorn
|-damage|p1a: Ferrothorn|219\/343
|
|switch|p2a: Cobalion|Cobalion|353\/358
|-damage|p2a: Cobalion|309\/358|[from] Spikes
|-damage|p2a: Cobalion|298\/358|[from] Stealth Rock
|move|p1a: Ferrothorn|Gyro Ball|p2a: Cobalion
|-resisted|p2a: Cobalion
|-damage|p2a: Cobalion|233\/358
|
|-heal|p2a: Cobalion|255\/358|[from] item: Leftovers
|-heal|p1a: Ferrothorn|240\/343|[from] item: Leftovers
|turn|15
|
|switch|p1a: Landorus-Therian|Landorus-Therian, M|162\/319
|-damage|p1a: Landorus-Therian|123\/319|[from] Stealth Rock
|-ability|p1a: Landorus-Therian|Intimidate|[of] p2a: Cobalion
|-unboost|p2a: Cobalion|atk|1
|move|p2a: Cobalion|Iron Head|p1a: Landorus-Therian
|-damage|p1a: Landorus-Therian|62\/319
|
|-heal|p2a: Cobalion|277\/358|[from] item: Leftovers
|-heal|p1a: Landorus-Therian|81\/319|[from] item: Leftovers
|turn|16
|
|move|p2a: Cobalion|Iron Head|p1a: Landorus-Therian
|-damage|p1a: Landorus-Therian|11\/319
|move|p1a: Landorus-Therian|Earthquake|p2a: Cobalion
|-supereffective|p2a: Cobalion
|-damage|p2a: Cobalion|5\/358
|
|-heal|p2a: Cobalion|27\/358|[from] item: Leftovers
|-heal|p1a: Landorus-Therian|30\/319|[from] item: Leftovers
|turn|17
|
|switch|p1a: Ferrothorn|Ferrothorn, M|240\/343
|-damage|p1a: Ferrothorn|219\/343|[from] Stealth Rock
|move|p2a: Cobalion|Close Combat|p1a: Ferrothorn
|-supereffective|p1a: Ferrothorn
|-damage|p1a: Ferrothorn|69\/343
|-damage|p2a: Cobalion|0 fnt|[from] ability: Iron Barbs|[of] p1a: Ferrothorn
|faint|p2a: Cobalion
|
|-heal|p1a: Ferrothorn|90\/343|[from] item: Leftovers
|
|switch|p2a: Latios|Latios, M|301\/301
|-damage|p2a: Latios|264\/301|[from] Stealth Rock
|turn|18
|
|move|p2a: Latios|Defog|p1a: Ferrothorn
|-unboost|p1a: Ferrothorn|evasion|1
|-sideend|p1: wrongright|Stealth Rock|[from] move: Defog|[of] p1a: Ferrothorn
|-sideend|p2: gyarad0site|Spikes|[from] move: Defog|[of] p2a: Latios
|-sideend|p2: gyarad0site|Stealth Rock|[from] move: Defog|[of] p2a: Latios
|move|p1a: Ferrothorn|Leech Seed|p2a: Latios
|-start|p2a: Latios|move: Leech Seed
|
|-heal|p1a: Ferrothorn|111\/343|[from] item: Leftovers
|-damage|p2a: Latios|227\/301|[from] Leech Seed|[of] p1a: Ferrothorn
|-heal|p1a: Ferrothorn|148\/343|[silent]
|turn|19
|
|switch|p2a: Landorus-Therian|Landorus-Therian, M|380\/381
|-ability|p2a: Landorus-Therian|Intimidate|[of] p1a: Ferrothorn
|-unboost|p1a: Ferrothorn|atk|1
|switch|p1a: Clefable|Clefable, M|282\/394
|
|-heal|p2a: Landorus-Therian|381\/381|[from] item: Leftovers
|-heal|p1a: Clefable|306\/394|[from] item: Leftovers
|turn|20
|
|switch|p1a: Landorus-Therian|Landorus-Therian, M|30\/319
|-ability|p1a: Landorus-Therian|Intimidate|[of] p2a: Landorus-Therian
|-unboost|p2a: Landorus-Therian|atk|1
|move|p2a: Landorus-Therian|Stealth Rock|p1a: Landorus-Therian
|-sidestart|p1: wrongright|move: Stealth Rock
|
|-heal|p1a: Landorus-Therian|49\/319|[from] item: Leftovers
|turn|21
|
|move|p2a: Landorus-Therian|Rock Tomb|p1a: Landorus-Therian
|-damage|p1a: Landorus-Therian|6\/319
|-unboost|p1a: Landorus-Therian|spe|1
|move|p1a: Landorus-Therian|Stealth Rock|p2a: Landorus-Therian
|-sidestart|p2: gyarad0site|move: Stealth Rock
|
|-heal|p1a: Landorus-Therian|25\/319|[from] item: Leftovers
|turn|22
|
|switch|p1a: Ferrothorn|Ferrothorn, M|148\/343
|-damage|p1a: Ferrothorn|127\/343|[from] Stealth Rock
|move|p2a: Landorus-Therian|Rock Tomb|p1a: Ferrothorn
|-resisted|p1a: Ferrothorn
|-damage|p1a: Ferrothorn|110\/343
|-unboost|p1a: Ferrothorn|spe|1
|
|-heal|p1a: Ferrothorn|131\/343|[from] item: Leftovers
|turn|23
|
|move|p2a: Landorus-Therian|Earthquake|p1a: Ferrothorn
|-damage|p1a: Ferrothorn|50\/343
|move|p1a: Ferrothorn|Leech Seed|p2a: Landorus-Therian
|-start|p2a: Landorus-Therian|move: Leech Seed
|
|-heal|p1a: Ferrothorn|71\/343|[from] item: Leftovers
|-damage|p2a: Landorus-Therian|334\/381|[from] Leech Seed|[of] p1a: Ferrothorn
|-heal|p1a: Ferrothorn|118\/343|[silent]
|turn|24
|
|move|p2a: Landorus-Therian|Earthquake|p1a: Ferrothorn
|-damage|p1a: Ferrothorn|33\/343
|move|p1a: Ferrothorn|Leech Seed|p2a: Landorus-Therian
|-fail|p2a: Landorus-Therian
|
|-heal|p2a: Landorus-Therian|357\/381|[from] item: Leftovers
|-heal|p1a: Ferrothorn|54\/343|[from] item: Leftovers
|-damage|p2a: Landorus-Therian|310\/381|[from] Leech Seed|[of] p1a: Ferrothorn
|-heal|p1a: Ferrothorn|101\/343|[silent]
|turn|25
|
|move|p2a: Landorus-Therian|Earthquake|p1a: Ferrothorn
|-damage|p1a: Ferrothorn|23\/343
|move|p1a: Ferrothorn|Power Whip|p2a: Landorus-Therian
|-damage|p2a: Landorus-Therian|207\/381
|
|-heal|p2a: Landorus-Therian|230\/381|[from] item: Leftovers
|-heal|p1a: Ferrothorn|44\/343|[from] item: Leftovers
|-damage|p2a: Landorus-Therian|183\/381|[from] Leech Seed|[of] p1a: Ferrothorn
|-heal|p1a: Ferrothorn|91\/343|[silent]
|turn|26
|
|switch|p1a: Landorus-Therian|Landorus-Therian, M|25\/319
|-damage|p1a: Landorus-Therian|0 fnt|[from] Stealth Rock
|faint|p1a: Landorus-Therian
|move|p2a: Landorus-Therian|Earthquake|p1: Landorus-Therian|[notarget]
|-notarget
|
|-heal|p2a: Landorus-Therian|206\/381|[from] item: Leftovers
|
|switch|p1a: Starmie|Starmie|164\/315
|-damage|p1a: Starmie|125\/315|[from] Stealth Rock
|turn|27
|
|move|p1a: Starmie|Rapid Spin|p2a: Landorus-Therian
|-damage|p2a: Landorus-Therian|197\/381
|-sideend|p1: wrongright|Stealth Rock|[from] move: Rapid Spin|[of] p1a: Starmie
|move|p2a: Landorus-Therian|U-turn|p1a: Starmie
|-supereffective|p1a: Starmie
|-damage|p1a: Starmie|11\/315
|
|switch|p2a: Scizor|Scizor, M, shiny|291\/291
|-damage|p2a: Scizor|255\/291|[from] Stealth Rock
|
|turn|28
|
|switch|p1a: Charizard|Charizard, F|323\/323
|detailschange|p2a: Scizor|Scizor-Mega, M, shiny
|message|Scizor has Mega Evolved into Mega Scizor!
|move|p2a: Scizor|Bullet Punch|p1a: Charizard
|-resisted|p1a: Charizard
|-damage|p1a: Charizard|246\/323
|
|turn|29
|c| SwaggBoi|x or y
|
|switch|p2a: Latios|Latios, M|227\/301
|-damage|p2a: Latios|190\/301|[from] Stealth Rock
|move|p1a: Charizard|Dragon Dance|p1a: Charizard
|-boost|p1a: Charizard|atk|1
|-boost|p1a: Charizard|spe|1
|
|turn|30
|c|âgyarad0site|guess that answers that question
|c|âgyarad0site|i thought Y
|c| SwaggBoi|lol yea me too
|
|detailschange|p1a: Charizard|Charizard-Mega-X, F
|message|Charizard has Mega Evolved into Mega Charizard!
|move|p2a: Latios|Draco Meteor|p1a: Charizard
|-supereffective|p1a: Charizard
|-damage|p1a: Charizard|0 fnt
|-unboost|p2a: Latios|spa|2
|faint|p1a: Charizard
|
|c| SwaggBoi|bopp
|c|âwrongright|omg i swear i see alife orb
|c|âwrongright|wtf
|c| SwaggBoi|lol
|c|âgyarad0site|i only used defog
|c|âgyarad0site|lol
|
|switch|p1a: Ferrothorn|Ferrothorn, M|91\/343
|turn|31
|c|âwrongright|yeah i lose now
|
|switch|p2a: Landorus-Therian|Landorus-Therian, M|197\/381
|-damage|p2a: Landorus-Therian|150\/381|[from] Stealth Rock
|-ability|p2a: Landorus-Therian|Intimidate|[of] p1a: Ferrothorn
|-unboost|p1a: Ferrothorn|atk|1
|move|p1a: Ferrothorn|Leech Seed|p2a: Landorus-Therian
|-start|p2a: Landorus-Therian|move: Leech Seed
|
|-heal|p2a: Landorus-Therian|173\/381|[from] item: Leftovers
|-heal|p1a: Ferrothorn|112\/343|[from] item: Leftovers
|-damage|p2a: Landorus-Therian|126\/381|[from] Leech Seed|[of] p1a: Ferrothorn
|-heal|p1a: Ferrothorn|159\/343|[silent]
|turn|32
|
|switch|p1a: Starmie|Starmie|11\/315
|move|p2a: Landorus-Therian|U-turn|p1a: Starmie
|-supereffective|p1a: Starmie
|-damage|p1a: Starmie|0 fnt
|faint|p1a: Starmie
|
|switch|p2a: Manaphy|Manaphy, shiny|351\/351
|-damage|p2a: Manaphy|308\/351|[from] Stealth Rock
|
|-heal|p2a: Manaphy|329\/351|[from] item: Leftovers
|
|switch|p1a: Ferrothorn|Ferrothorn, M|159\/343
|turn|33
|
|switch|p2a: Landorus-Therian|Landorus-Therian, M|126\/381
|-damage|p2a: Landorus-Therian|79\/381|[from] Stealth Rock
|-ability|p2a: Landorus-Therian|Intimidate|[of] p1a: Ferrothorn
|-unboost|p1a: Ferrothorn|atk|1
|move|p1a: Ferrothorn|Power Whip|p2a: Landorus-Therian
|-damage|p2a: Landorus-Therian|15\/381
|
|-heal|p2a: Landorus-Therian|38\/381|[from] item: Leftovers
|-heal|p1a: Ferrothorn|180\/343|[from] item: Leftovers
|turn|34
|
|move|p2a: Landorus-Therian|Earthquake|p1a: Ferrothorn
|-damage|p1a: Ferrothorn|56\/343
|move|p1a: Ferrothorn|Gyro Ball|p2a: Landorus-Therian
|-damage|p2a: Landorus-Therian|0 fnt
|faint|p2a: Landorus-Therian
|
|-heal|p1a: Ferrothorn|77\/343|[from] item: Leftovers
|
|switch|p2a: Scizor|Scizor-Mega, M, shiny|255\/291
|-damage|p2a: Scizor|219\/291|[from] Stealth Rock
|turn|35
|c|âwrongright|dude all this happen becus you are taking like two minutes every turn
|
|move|p2a: Scizor|Bug Bite|p1a: Ferrothorn
|-damage|p1a: Ferrothorn|0 fnt
|-damage|p2a: Scizor|183\/291|[from] ability: Iron Barbs|[of] p1a: Ferrothorn
|faint|p1a: Ferrothorn
|
|c|âgyarad0site|no only that one turn
|c|âgyarad0site|someone came in
|c| SwaggBoi|excuses
|c|âwrongright|shut up maybe the last battle i see the life orb
|
|switch|p1a: Greninja|Greninja, M|285\/285
|turn|36
|c|âgyarad0site|lol i didnt say anything
|c|âwrongright|not you
|
|switch|p2a: Manaphy|Manaphy, shiny|329\/351
|-damage|p2a: Manaphy|286\/351|[from] Stealth Rock
|move|p1a: Greninja|Dark Pulse|p2a: Manaphy
|-start|p1a: Greninja|typechange|Dark|[from] Protean
|-damage|p2a: Manaphy|130\/351
|-damage|p1a: Greninja|257\/285|[from] item: Life Orb
|
|-heal|p2a: Manaphy|151\/351|[from] item: Leftovers
|turn|37
|c|âwrongright|this random fagget
|c| SwaggBoi|aye
|
|move|p1a: Greninja|Dark Pulse|p2a: Manaphy
|-damage|p2a: Manaphy|0 fnt
|-damage|p1a: Greninja|229\/285|[from] item: Life Orb
|faint|p2a: Manaphy
|
|
|switch|p2a: Thundurus|Thundurus, M|213\/299
|-damage|p2a: Thundurus|139\/299|[from] Stealth Rock
|turn|38
|c| SwaggBoi|dont be mad cuz yu lost
|c|âgyarad0site|it's not over
|c| SwaggBoi|well yea
|c|âwrongright|the play
|
|switch|p1a: Clefable|Clefable, M|306\/394
|move|p2a: Thundurus|Thunder Wave|p1a: Clefable
|-status|p1a: Clefable|par
|
|-heal|p2a: Thundurus|157\/299|[from] item: Leftovers
|-heal|p1a: Clefable|330\/394 par|[from] item: Leftovers
|turn|39
|
|move|p2a: Thundurus|Volt Switch|p1a: Clefable
|-damage|p1a: Clefable|197\/394 par
|
|switch|p2a: Latios|Latios, M|190\/301
|-damage|p2a: Latios|153\/301|[from] Stealth Rock
|move|p1a: Clefable|Moonblast|p2a: Latios
|-supereffective|p2a: Latios
|-damage|p2a: Latios|0 fnt
|faint|p2a: Latios
|
|-heal|p1a: Clefable|221\/394 par|[from] item: Leftovers
|
|switch|p2a: Scizor|Scizor-Mega, M, shiny|183\/291
|-damage|p2a: Scizor|147\/291|[from] Stealth Rock
|turn|40
|c|âgyarad0site|damn
|c|âgyarad0site|see
|c|âgyarad0site|i lost
|
|move|p2a: Scizor|Bullet Punch|p1a: Clefable
|-supereffective|p1a: Clefable
|-damage|p1a: Clefable|0 fnt
|faint|p1a: Clefable
|
|
|switch|p1a: Greninja|Greninja, M|229\/285
|turn|41
|
|move|p2a: Scizor|Bullet Punch|p1a: Greninja
|-resisted|p1a: Greninja
|-damage|p1a: Greninja|147\/285
|move|p1a: Greninja|Dark Pulse|p2a: Scizor
|-start|p1a: Greninja|typechange|Dark|[from] Protean
|-damage|p2a: Scizor|0 fnt
|-damage|p1a: Greninja|119\/285|[from] item: Life Orb
|faint|p2a: Scizor
|
|c|âwrongright|i dont have flamethower
|
|switch|p2a: Thundurus|Thundurus, M|157\/299
|-damage|p2a: Thundurus|83\/299|[from] Stealth Rock
|turn|42
|c|âwrongright|gg
|c|âgyarad0site|you're faster
|c|âgyarad0site|ll
|c| SwaggBoi|gg
|
|move|p2a: Thundurus|Thunder Wave|p1a: Greninja
|-status|p1a: Greninja|par
|cant|p1a: Greninja|par
|
|-heal|p2a: Thundurus|101\/299|[from] item: Leftovers
|turn|43
|c|âgyarad0site|yum
|c|âgyarad0site|bg
|c|âwrongright|oh cmon
|c| SwaggBoi|oh
|c|âgyarad0site|but i'll take it
|c|âwrongright|dude dont be fgt lol
|c| SwaggBoi|water shuiken go
|c|âwrongright|well
|
|move|p2a: Thundurus|Volt Switch|p1a: Greninja
|-damage|p1a: Greninja|0 fnt
|faint|p1a: Greninja
|
|win|gyarad0site
|raw|Ladder updating...
|raw|wrongright's rating: 1744 &rarr; <strong>1723<\/strong><br \/>(-21 for losing)
|raw|gyarad0site's rating: 1722 &rarr; <strong>1744<\/strong><br \/>(+22 for winning)
|leave|SwaggBoi
|c|âgyarad0site|traded scores