|join|gyarad0site
|join|AllJokesAside
|player|p1|gyarad0site|195
|player|p2|AllJokesAside|138
|gametype|singles
|gen|6
|tier|OU
|clearpoke
|poke|p1|Scizor, M, shiny
|poke|p1|Manaphy, shiny
|poke|p1|Thundurus, M
|poke|p1|Landorus-Therian, M
|poke|p1|Cobalion
|poke|p1|Latios, M
|poke|p2|Wobbuffet, M
|poke|p2|Slowbro, F
|poke|p2|Gothitelle, M
|poke|p2|Tyranitar, M
|poke|p2|Scolipede, F
|poke|p2|Clefable, M
|rule|Swagger Clause: Swagger is banned
|rule|Baton Pass Clause: Limit one PokÃ©mon knowing Baton Pass
|rule|Sleep Clause Mod: Limit one foe put to sleep
|rule|Species Clause: Limit one of each PokÃ©mon
|rule|OHKO Clause: OHKO moves are banned
|rule|Moody Clause: Moody is banned
|rule|Evasion Moves Clause: Evasion moves are banned
|rule|Endless Battle Clause: Forcing endless battles is banned
|rule|HP Percentage Mod: HP is shown in percentages
|teampreview
|join|BountyHunta
|join|Ferocca
|
|start
|switch|p1a: Thundurus|Thundurus, M|299\/299
|switch|p2a: Scolipede|Scolipede, F|323\/323
|turn|1
|join|ShootingStarmie
|join|uwidojw
|c|âAllJokesAside|no leave
|c|âAllJokesAside|xD
|join|Vogas
|join|gina lisa86
|
|switch|p2a: Wobbuffet|Wobbuffet, M|584\/584
|move|p1a: Thundurus|Taunt|p2a: Wobbuffet
|-start|p2a: Wobbuffet|move: Taunt
|
|turn|2
|
|move|p1a: Thundurus|Thunder Wave|p2a: Wobbuffet
|-status|p2a: Wobbuffet|par
|cant|p2a: Wobbuffet|par
|
|turn|3
|c|âAllJokesAside|I have more PP
|c|âAllJokesAside|attack me.
|
|move|p1a: Thundurus|Volt Switch|p2a: Wobbuffet
|-damage|p2a: Wobbuffet|452\/584 par
|c|âAllJokesAside|cool :D
|
|switch|p1a: sAMuel L|Landorus-Therian, M|381\/381
|-ability|p1a: sAMuel L|Intimidate|[of] p2a: Wobbuffet
|-unboost|p2a: Wobbuffet|atk|1
|move|p2a: Wobbuffet|Mirror Coat|p1a: sAMuel L
|-damage|p1a: sAMuel L|117\/381
|
|-heal|p1a: sAMuel L|140\/381|[from] item: Leftovers
|turn|4
|
|switch|p2a: Scolipede|Scolipede, F|323\/323
|move|p1a: sAMuel L|Stealth Rock|p2a: Scolipede
|-sidestart|p2: AllJokesAside|move: Stealth Rock
|
|-heal|p1a: sAMuel L|163\/381|[from] item: Leftovers
|turn|5
|
|switch|p1a: Thundurus|Thundurus, M|299\/299
|move|p2a: Scolipede|Iron Defense|p2a: Scolipede
|-boost|p2a: Scolipede|def|2
|
|-boost|p2a: Scolipede|spe|1|[from] ability: Speed Boost
|turn|6
|
|move|p1a: Thundurus|Taunt|p2a: Scolipede
|-start|p2a: Scolipede|move: Taunt
|-enditem|p2a: Scolipede|Mental Herb
|-end|p2a: Scolipede|move: Taunt
|move|p2a: Scolipede|Baton Pass|p2a: Scolipede
|
|switch|p2a: Gothitelle|Gothitelle, M|344\/344
|-damage|p2a: Gothitelle|301\/344|[from] Stealth Rock
|
|turn|7
|c|âAllJokesAside|the fuck am i doing lol
|
|move|p2a: Gothitelle|Psyshock|p1a: Thundurus
|-damage|p1a: Thundurus|176\/299
|move|p1a: Thundurus|Volt Switch|p2a: Gothitelle
|-damage|p2a: Gothitelle|198\/344
|
|switch|p1a: rAMbo|Scizor, M, shiny|291\/291
|
|turn|8
|c| BountyHunta|Haha. :P
|c| BountyHunta|You seem to have the advantage, so far.
|
|switch|p2a: Tyranitar|Tyranitar, M|404\/404
|-damage|p2a: Tyranitar|354\/404|[from] Stealth Rock
|-weather|Sandstorm
|detailschange|p1a: rAMbo|Scizor-Mega, M, shiny
|message|Scizor has Mega Evolved into Mega Scizor!
|move|p1a: rAMbo|Swords Dance|p1a: rAMbo
|-boost|p1a: rAMbo|atk|2
|
|-weather|Sandstorm|[upkeep]
|turn|9
|c|âAllJokesAside|crap
|c|âAllJokesAside|I fucked up
|join|Cat8752
|
|move|p1a: rAMbo|Bullet Punch|p2a: Tyranitar
|-supereffective|p2a: Tyranitar
|-damage|p2a: Tyranitar|0 fnt
|faint|p2a: Tyranitar
|
|-weather|Sandstorm|[upkeep]
|c|âAllJokesAside|I really fucking fucked up
|c|âAllJokesAside|Jesus christ.
|c|âAllJokesAside|I'm an idiot
|c| BountyHunta|Hahaha. Has Slowbro got Fire Blast?
|
|switch|p2a: Slowbro|Slowbro, F|394\/394
|-damage|p2a: Slowbro|345\/394|[from] Stealth Rock
|turn|10
|
|detailschange|p2a: Slowbro|Slowbro-Mega, F
|message|Slowbro has Mega Evolved into Mega Slowbro!
|move|p1a: rAMbo|Bug Bite|p2a: Slowbro
|-supereffective|p2a: Slowbro
|-damage|p2a: Slowbro|0 fnt
|faint|p2a: Slowbro
|
|-weather|Sandstorm|[upkeep]
|c|âAllJokesAside|I fucked up
|-message|AllJokesAside forfeited.
|
|win|gyarad0site
|leave|AllJokesAside
|player|p2
|leave|Cat8752