|join|gyarad0site
|join|Inchallah
|player|p1|gyarad0site|266
|player|p2|Inchallah|107
|gametype|singles
|gen|6
|tier|OU
|rated
|clearpoke
|poke|p1|Scizor, M, shiny
|poke|p1|Manaphy, shiny
|poke|p1|Thundurus, M
|poke|p1|Landorus-Therian, M
|poke|p1|Cobalion
|poke|p1|Latios, M
|poke|p2|Landorus-Therian, M
|poke|p2|Gallade, M
|poke|p2|Azumarill, F
|poke|p2|Heatran, F
|poke|p2|Bisharp, M
|poke|p2|Latios, M
|rule|Swagger Clause: Swagger is banned
|rule|Baton Pass Clause: Limit one PokÃ©mon knowing Baton Pass
|rule|Sleep Clause Mod: Limit one foe put to sleep
|rule|Species Clause: Limit one of each PokÃ©mon
|rule|OHKO Clause: OHKO moves are banned
|rule|Moody Clause: Moody is banned
|rule|Evasion Moves Clause: Evasion moves are banned
|rule|Endless Battle Clause: Forcing endless battles is banned
|rule|HP Percentage Mod: HP is shown in percentages
|teampreview
|c|âgyarad0site|lol inchallah
|c|âgyarad0site|in challah we trust
|
|start
|switch|p1a: sAMuel L|Landorus-Therian, M|381\/381
|switch|p2a: Landorus-T|Landorus-Therian, M|319\/319
|-ability|p2a: Landorus-T|Intimidate|[of] p1a: sAMuel L
|-unboost|p1a: sAMuel L|atk|1
|-ability|p1a: sAMuel L|Intimidate|[of] p2a: Landorus-T
|-unboost|p2a: Landorus-T|atk|1
|turn|1
|
|move|p2a: Landorus-T|U-turn|p1a: sAMuel L
|-resisted|p1a: sAMuel L
|-damage|p1a: sAMuel L|359\/381
|
|switch|p2a: Azumarill|Azumarill, F|401\/401
|move|p1a: sAMuel L|Stealth Rock|p2a: Azumarill
|-sidestart|p2: Inchallah|move: Stealth Rock
|
|-heal|p1a: sAMuel L|381\/381|[from] item: Leftovers
|turn|2
|
|move|p1a: sAMuel L|Earthquake|p2a: Azumarill
|-damage|p2a: Azumarill|266\/401
|move|p2a: Azumarill|Waterfall|p1a: sAMuel L
|-supereffective|p1a: sAMuel L
|-damage|p1a: sAMuel L|129\/381
|
|-heal|p1a: sAMuel L|152\/381|[from] item: Leftovers
|turn|3
|
|move|p1a: sAMuel L|U-turn|p2a: Azumarill
|-resisted|p2a: Azumarill
|-damage|p2a: Azumarill|237\/401
|
|switch|p1a: flAMberge|Cobalion|358\/358
|move|p2a: Azumarill|Waterfall|p1a: flAMberge
|-damage|p1a: flAMberge|226\/358
|
|-heal|p1a: flAMberge|248\/358|[from] item: Leftovers
|turn|4
|
|switch|p2a: Landorus-T|Landorus-Therian, M|319\/319
|-damage|p2a: Landorus-T|280\/319|[from] Stealth Rock
|-ability|p2a: Landorus-T|Intimidate|[of] p1a: flAMberge
|-unboost|p1a: flAMberge|atk|1
|move|p1a: flAMberge|Iron Head|p2a: Landorus-T
|-damage|p2a: Landorus-T|213\/319
|
|-heal|p1a: flAMberge|270\/358|[from] item: Leftovers
|turn|5
|
|move|p2a: Landorus-T|U-turn|p1a: flAMberge
|-resisted|p1a: flAMberge
|-damage|p1a: flAMberge|253\/358
|
|switch|p2a: Heatran|Heatran, F|385\/385
|-damage|p2a: Heatran|337\/385|[from] Stealth Rock
|move|p1a: flAMberge|Iron Head|p2a: Heatran
|-resisted|p2a: Heatran
|-damage|p2a: Heatran|322\/385
|
|-heal|p1a: flAMberge|275\/358|[from] item: Leftovers
|-heal|p2a: Heatran|346\/385|[from] item: Leftovers
|turn|6
|
|move|p1a: flAMberge|Taunt|p2a: Heatran
|-start|p2a: Heatran|move: Taunt
|cant|p2a: Heatran|move: Taunt|Stealth Rock
|
|-heal|p1a: flAMberge|297\/358|[from] item: Leftovers
|-heal|p2a: Heatran|370\/385|[from] item: Leftovers
|turn|7
|
|switch|p2a: Landorus-T|Landorus-Therian, M|213\/319
|-damage|p2a: Landorus-T|174\/319|[from] Stealth Rock
|-ability|p2a: Landorus-T|Intimidate|[of] p1a: flAMberge
|-unboost|p1a: flAMberge|atk|1
|move|p1a: flAMberge|Volt Switch|p2a: Landorus-T
|-immune|p2a: Landorus-T|[msg]
|
|-heal|p1a: flAMberge|319\/358|[from] item: Leftovers
|turn|8
|
|switch|p1a: sAMuel L|Landorus-Therian, M|152\/381
|-ability|p1a: sAMuel L|Intimidate|[of] p2a: Landorus-T
|-unboost|p2a: Landorus-T|atk|1
|move|p2a: Landorus-T|U-turn|p1a: sAMuel L
|-crit|p1a: sAMuel L
|-resisted|p1a: sAMuel L
|-damage|p1a: sAMuel L|101\/381
|
|switch|p2a: Gallade|Gallade, M|277\/277
|-damage|p2a: Gallade|260\/277|[from] Stealth Rock
|
|-heal|p1a: sAMuel L|124\/381|[from] item: Leftovers
|turn|9
|
|detailschange|p2a: Gallade|Gallade-Mega, M
|message|Gallade has Mega Evolved into Mega Gallade!
|move|p2a: Gallade|Zen Headbutt|p1a: sAMuel L
|-damage|p1a: sAMuel L|0 fnt
|faint|p1a: sAMuel L
|
|
|switch|p1a: Thundurus|Thundurus, M|299\/299
|turn|10
|
|switch|p2a: Heatran|Heatran, F|370\/385
|-damage|p2a: Heatran|322\/385|[from] Stealth Rock
|move|p1a: Thundurus|Thunder Wave|p2a: Heatran
|-status|p2a: Heatran|par
|
|-heal|p2a: Heatran|346\/385 par|[from] item: Leftovers
|turn|11
|
|move|p1a: Thundurus|Taunt|p2a: Heatran
|-start|p2a: Heatran|move: Taunt
|cant|p2a: Heatran|move: Taunt|Stealth Rock
|
|-heal|p2a: Heatran|370\/385 par|[from] item: Leftovers
|turn|12
|
|move|p1a: Thundurus|Volt Switch|p2a: Heatran
|-damage|p2a: Heatran|288\/385 par
|
|switch|p1a: murakAMi|Manaphy, shiny|351\/351
|cant|p2a: Heatran|par
|
|-heal|p2a: Heatran|312\/385 par|[from] item: Leftovers
|turn|13
|
|switch|p2a: Azumarill|Azumarill, F|237\/401
|-damage|p2a: Azumarill|187\/401|[from] Stealth Rock
|move|p1a: murakAMi|Scald|p2a: Azumarill
|-resisted|p2a: Azumarill
|-damage|p2a: Azumarill|135\/401
|
|turn|14
|
|move|p1a: murakAMi|Energy Ball|p2a: Azumarill
|-supereffective|p2a: Azumarill
|-damage|p2a: Azumarill|0 fnt
|faint|p2a: Azumarill
|
|
|switch|p2a: Latios|Latios, M|302\/302
|-damage|p2a: Latios|265\/302|[from] Stealth Rock
|turn|15
|
|move|p2a: Latios|Draco Meteor|p1a: murakAMi
|-damage|p1a: murakAMi|66\/351
|-unboost|p2a: Latios|spa|2
|-damage|p2a: Latios|235\/302|[from] item: Life Orb
|move|p1a: murakAMi|Scald|p2a: Latios
|-resisted|p2a: Latios
|-damage|p2a: Latios|175\/302
|
|-heal|p1a: murakAMi|87\/351|[from] item: Leftovers
|turn|16
|
|move|p2a: Latios|Draco Meteor|p1a: murakAMi
|-damage|p1a: murakAMi|0 fnt
|-unboost|p2a: Latios|spa|2
|-damage|p2a: Latios|145\/302|[from] item: Life Orb
|faint|p1a: murakAMi
|
|
|switch|p1a: rAMbo|Scizor, M, shiny|291\/291
|turn|17
|
|detailschange|p1a: rAMbo|Scizor-Mega, M, shiny
|message|Scizor has Mega Evolved into Mega Scizor!
|move|p2a: Latios|Defog|p1a: rAMbo
|-unboost|p1a: rAMbo|evasion|1
|-sideend|p2: Inchallah|Stealth Rock|[from] move: Defog|[of] p2a: Latios
|move|p1a: rAMbo|Swords Dance|p1a: rAMbo
|-boost|p1a: rAMbo|atk|2
|
|turn|18
|
|switch|p2a: Landorus-T|Landorus-Therian, M|174\/319
|-ability|p2a: Landorus-T|Intimidate|[of] p1a: rAMbo
|-unboost|p1a: rAMbo|atk|1
|move|p1a: rAMbo|Swords Dance|p1a: rAMbo
|-boost|p1a: rAMbo|atk|2
|
|turn|19
|
|switch|p2a: Heatran|Heatran, F|312\/385 par
|move|p1a: rAMbo|Bullet Punch|p2a: Heatran
|-resisted|p2a: Heatran
|-damage|p2a: Heatran|245\/385 par
|
|-heal|p2a: Heatran|269\/385 par|[from] item: Leftovers
|turn|20
|
|move|p1a: rAMbo|Superpower|p2a: Heatran
|-supereffective|p2a: Heatran
|-damage|p2a: Heatran|0 fnt
|-unboost|p1a: rAMbo|atk|1
|-unboost|p1a: rAMbo|def|1
|faint|p2a: Heatran
|
|
|switch|p2a: Landorus-T|Landorus-Therian, M|174\/319
|-ability|p2a: Landorus-T|Intimidate|[of] p1a: rAMbo
|-unboost|p1a: rAMbo|atk|1
|turn|21
|
|move|p2a: Landorus-T|Earthquake|p1a: rAMbo
|-damage|p1a: rAMbo|56\/291
|move|p1a: rAMbo|Swords Dance|p1a: rAMbo
|-boost|p1a: rAMbo|atk|2
|
|turn|22
|
|switch|p2a: Latios|Latios, M|145\/302
|move|p1a: rAMbo|Bullet Punch|p2a: Latios
|-damage|p2a: Latios|0 fnt
|faint|p2a: Latios
|
|
|switch|p2a: Landorus-T|Landorus-Therian, M|174\/319
|-ability|p2a: Landorus-T|Intimidate|[of] p1a: rAMbo
|-unboost|p1a: rAMbo|atk|1
|turn|23
|
|switch|p2a: Bisharp|Bisharp, M|271\/271
|move|p1a: rAMbo|Bullet Punch|p2a: Bisharp
|-resisted|p2a: Bisharp
|-damage|p2a: Bisharp|145\/271
|
|turn|24
|
|switch|p2a: Landorus-T|Landorus-Therian, M|174\/319
|-ability|p2a: Landorus-T|Intimidate|[of] p1a: rAMbo
|-unboost|p1a: rAMbo|atk|1
|move|p1a: rAMbo|Bullet Punch|p2a: Landorus-T
|-damage|p2a: Landorus-T|0 fnt
|faint|p2a: Landorus-T
|
|
|switch|p2a: Gallade|Gallade-Mega, M|260\/277
|turn|25
|
|move|p1a: rAMbo|Bullet Punch|p2a: Gallade
|-damage|p2a: Gallade|65\/277
|move|p2a: Gallade|Close Combat|p1a: rAMbo
|-damage|p1a: rAMbo|0 fnt
|-unboost|p2a: Gallade|def|1
|-unboost|p2a: Gallade|spd|1
|faint|p1a: rAMbo
|
|
|switch|p1a: Thundurus|Thundurus, M|299\/299
|turn|26
|
|move|p1a: Thundurus|Volt Switch|p2a: Gallade
|-damage|p2a: Gallade|0 fnt
|faint|p2a: Gallade
|
|switch|p1a: flAMberge|Cobalion|319\/358
|
|-heal|p1a: flAMberge|341\/358|[from] item: Leftovers
|
|switch|p2a: Bisharp|Bisharp, M|145\/271
|turn|27
|
|move|p1a: flAMberge|Close Combat|p2a: Bisharp
|-supereffective|p2a: Bisharp
|-damage|p2a: Bisharp|0 fnt
|-unboost|p1a: flAMberge|def|1
|-unboost|p1a: flAMberge|spd|1
|faint|p2a: Bisharp
|
|win|gyarad0site
|raw|Ladder updating...
|leave|Inchallah
|player|p2
|c|âgyarad0site|gg
|raw|gyarad0site's rating: 1723 &rarr; <strong>1733<\/strong><br \/>(+10 for winning)
|raw|Inchallah's rating: 1522 &rarr; <strong>1512<\/strong><br \/>(-10 for losing)