|join|gyarad0site
|join|The Last Hero
|player|p1|gyarad0site|195
|player|p2|The Last Hero|54
|gametype|singles
|gen|6
|tier|OU
|rated
|clearpoke
|poke|p1|Scizor, M, shiny
|poke|p1|Manaphy, shiny
|poke|p1|Thundurus, M
|poke|p1|Landorus-Therian, M
|poke|p1|Cobalion
|poke|p1|Latios, M
|poke|p2|Hippowdon, M
|poke|p2|Aerodactyl, M
|poke|p2|Magnezone
|poke|p2|Stoutland, M
|poke|p2|Tentacruel, M
|poke|p2|Whimsicott, M
|rule|Swagger Clause: Swagger is banned
|rule|Baton Pass Clause: Limit one PokÃ©mon knowing Baton Pass
|rule|Sleep Clause Mod: Limit one foe put to sleep
|rule|Species Clause: Limit one of each PokÃ©mon
|rule|OHKO Clause: OHKO moves are banned
|rule|Moody Clause: Moody is banned
|rule|Evasion Moves Clause: Evasion moves are banned
|rule|Endless Battle Clause: Forcing endless battles is banned
|rule|HP Percentage Mod: HP is shown in percentages
|teampreview
|
|start
|switch|p1a: Thundurus|Thundurus, M|299\/299
|switch|p2a: Whimsitroll|Whimsicott, M|323\/323
|turn|1
|
|move|p1a: Thundurus|Taunt|p2a: Whimsitroll
|-start|p2a: Whimsitroll|move: Taunt
|move|p2a: Whimsitroll|Knock Off|p1a: Thundurus
|-damage|p1a: Thundurus|230\/299
|-enditem|p1a: Thundurus|Leftovers|[from] move: Knock Off|[of] p2a: Whimsitroll
|
|turn|2
|
|switch|p2a: Hippo|Hippowdon, M|419\/419
|-weather|Sandstorm
|move|p1a: Thundurus|Hidden Power|p2a: Hippo
|-supereffective|p2a: Hippo
|-damage|p2a: Hippo|239\/419
|
|-weather|Sandstorm|[upkeep]
|-damage|p1a: Thundurus|212\/299|[from] sandstorm
|turn|3
|
|switch|p2a: Magnetroll|Magnezone|281\/281
|move|p1a: Thundurus|Taunt|p2a: Magnetroll
|-start|p2a: Magnetroll|move: Taunt
|
|-weather|Sandstorm|[upkeep]
|-damage|p1a: Thundurus|194\/299|[from] sandstorm
|turn|4
|
|switch|p1a: sAMuel L|Landorus-Therian, M|381\/381
|-ability|p1a: sAMuel L|Intimidate|[of] p2a: Magnetroll
|-unboost|p2a: Magnetroll|atk|1
|move|p2a: Magnetroll|Volt Switch|p1a: sAMuel L
|-immune|p1a: sAMuel L|[msg]
|
|-weather|Sandstorm|[upkeep]
|turn|5
|
|switch|p2a: Aero|Aerodactyl, M|305\/305
|-ability|p2a: Aero|Pressure
|move|p1a: sAMuel L|Earthquake|p2a: Aero
|-immune|p2a: Aero|[msg]
|
|-weather|Sandstorm|[upkeep]
|turn|6
|
|detailschange|p2a: Aero|Aerodactyl-Mega, M
|message|Aerodactyl has Mega Evolved into Mega Aerodactyl!
|move|p2a: Aero|Aqua Tail|p1a: sAMuel L
|-supereffective|p1a: sAMuel L
|-damage|p1a: sAMuel L|139\/381
|move|p1a: sAMuel L|Rock Tomb|p2a: Aero
|-supereffective|p2a: Aero
|-damage|p2a: Aero|165\/305
|-unboost|p2a: Aero|spe|1
|
|-weather|Sandstorm|[upkeep]
|-heal|p1a: sAMuel L|162\/381|[from] item: Leftovers
|turn|7
|
|switch|p1a: flAMberge|Cobalion|358\/358
|move|p2a: Aero|Aqua Tail|p1a: flAMberge
|-crit|p1a: flAMberge
|-damage|p1a: flAMberge|176\/358
|
|-weather|Sandstorm|[upkeep]
|-heal|p1a: flAMberge|198\/358|[from] item: Leftovers
|turn|8
|
|switch|p2a: Tenta|Tentacruel, M|363\/363
|move|p1a: flAMberge|Close Combat|p2a: Tenta
|-resisted|p2a: Tenta
|-damage|p2a: Tenta|295\/363
|-unboost|p1a: flAMberge|def|1
|-unboost|p1a: flAMberge|spd|1
|
|-weather|Sandstorm|[upkeep]
|-damage|p2a: Tenta|273\/363|[from] sandstorm
|-heal|p1a: flAMberge|220\/358|[from] item: Leftovers
|-heal|p2a: Tenta|295\/363|[from] item: Black Sludge
|turn|9
|
|move|p1a: flAMberge|Volt Switch|p2a: Tenta
|-supereffective|p2a: Tenta
|-damage|p2a: Tenta|211\/363
|
|switch|p1a: Thundurus|Thundurus, M|194\/299
|move|p2a: Tenta|Scald|p1a: Thundurus
|-damage|p1a: Thundurus|95\/299
|
|-weather|none
|-heal|p2a: Tenta|233\/363|[from] item: Black Sludge
|turn|10
|
|switch|p2a: Magnetroll|Magnezone|281\/281
|move|p1a: Thundurus|Hidden Power|p2a: Magnetroll
|-resisted|p2a: Magnetroll
|-damage|p2a: Magnetroll|246\/281
|
|turn|11
|
|switch|p1a: flAMberge|Cobalion|220\/358
|move|p2a: Magnetroll|Hidden Power|p1a: flAMberge
|-supereffective|p1a: flAMberge
|-damage|p1a: flAMberge|46\/358
|
|-heal|p1a: flAMberge|68\/358|[from] item: Leftovers
|turn|12
|
|move|p2a: Magnetroll|Hidden Power|p1a: flAMberge
|-supereffective|p1a: flAMberge
|-damage|p1a: flAMberge|0 fnt
|faint|p1a: flAMberge
|
|
|switch|p1a: murakAMi|Manaphy, shiny|351\/351
|turn|13
|
|switch|p2a: Whimsitroll|Whimsicott, M|323\/323
|move|p1a: murakAMi|Scald|p2a: Whimsitroll
|-resisted|p2a: Whimsitroll
|-damage|p2a: Whimsitroll|245\/323
|-status|p2a: Whimsitroll|brn
|
|-heal|p2a: Whimsitroll|265\/323 brn|[from] item: Leftovers
|-damage|p2a: Whimsitroll|225\/323 brn|[from] brn
|turn|14
|
|move|p2a: Whimsitroll|Leech Seed|p1a: murakAMi
|-start|p1a: murakAMi|move: Leech Seed
|move|p1a: murakAMi|Scald|p2a: Whimsitroll
|-resisted|p2a: Whimsitroll
|-damage|p2a: Whimsitroll|136\/323 brn
|
|-heal|p2a: Whimsitroll|156\/323 brn|[from] item: Leftovers
|-damage|p1a: murakAMi|308\/351|[from] Leech Seed|[of] p2a: Whimsitroll
|-heal|p2a: Whimsitroll|199\/323 brn|[silent]
|-damage|p2a: Whimsitroll|159\/323 brn|[from] brn
|turn|15
|
|switch|p1a: Thundurus|Thundurus, M|95\/299
|move|p2a: Whimsitroll|Knock Off|p1a: Thundurus
|-damage|p1a: Thundurus|72\/299
|
|-heal|p2a: Whimsitroll|179\/323 brn|[from] item: Leftovers
|-damage|p2a: Whimsitroll|139\/323 brn|[from] brn
|turn|16
|
|switch|p2a: Magnetroll|Magnezone|246\/281
|move|p1a: Thundurus|Hidden Power|p2a: Magnetroll
|-resisted|p2a: Magnetroll
|-damage|p2a: Magnetroll|207\/281
|
|turn|17
|
|switch|p1a: sAMuel L|Landorus-Therian, M|162\/381
|-ability|p1a: sAMuel L|Intimidate|[of] p2a: Magnetroll
|-unboost|p2a: Magnetroll|atk|1
|move|p2a: Magnetroll|Flash Cannon|p1a: sAMuel L
|-damage|p1a: sAMuel L|5\/381
|
|-heal|p1a: sAMuel L|28\/381|[from] item: Leftovers
|turn|18
|
|switch|p2a: Hippo|Hippowdon, M|239\/419
|-weather|Sandstorm
|switch|p1a: murakAMi|Manaphy, shiny|308\/351
|
|-weather|Sandstorm|[upkeep]
|-damage|p1a: murakAMi|287\/351|[from] sandstorm
|-heal|p1a: murakAMi|308\/351|[from] item: Leftovers
|turn|19
|
|switch|p2a: Tenta|Tentacruel, M|233\/363
|move|p1a: murakAMi|Scald|p2a: Tenta
|-resisted|p2a: Tenta
|-damage|p2a: Tenta|176\/363
|-status|p2a: Tenta|brn
|
|-weather|Sandstorm|[upkeep]
|-damage|p1a: murakAMi|287\/351|[from] sandstorm
|-damage|p2a: Tenta|154\/363 brn|[from] sandstorm
|-heal|p1a: murakAMi|308\/351|[from] item: Leftovers
|-heal|p2a: Tenta|176\/363 brn|[from] item: Black Sludge
|-damage|p2a: Tenta|131\/363 brn|[from] brn
|turn|20
|
|move|p1a: murakAMi|Rain Dance|p1a: murakAMi
|-weather|RainDance
|move|p2a: Tenta|Sludge Bomb|p1a: murakAMi
|-damage|p1a: murakAMi|226\/351
|
|-weather|RainDance|[upkeep]
|-heal|p1a: murakAMi|247\/351|[from] item: Leftovers
|-heal|p2a: Tenta|153\/363 brn|[from] item: Black Sludge
|-damage|p2a: Tenta|108\/363 brn|[from] brn
|turn|21
|
|move|p1a: murakAMi|Scald|p2a: Tenta
|-resisted|p2a: Tenta
|-damage|p2a: Tenta|24\/363 brn
|move|p2a: Tenta|Sludge Bomb|p1a: murakAMi
|-damage|p1a: murakAMi|157\/351
|
|-weather|RainDance|[upkeep]
|-heal|p1a: murakAMi|178\/351|[from] item: Leftovers
|-heal|p2a: Tenta|46\/363 brn|[from] item: Black Sludge
|-damage|p2a: Tenta|1\/363 brn|[from] brn
|turn|22
|
|move|p1a: murakAMi|Scald|p2a: Tenta
|-resisted|p2a: Tenta
|-damage|p2a: Tenta|0 fnt
|faint|p2a: Tenta
|
|-weather|RainDance|[upkeep]
|-heal|p1a: murakAMi|199\/351|[from] item: Leftovers
|
|switch|p2a: Magnetroll|Magnezone|207\/281
|turn|23
|
|switch|p1a: rAMbo|Scizor, M, shiny|291\/291
|move|p2a: Magnetroll|Volt Switch|p1a: rAMbo
|-damage|p1a: rAMbo|138\/291
|
|switch|p2a: Hippo|Hippowdon, M|239\/419
|-weather|Sandstorm
|
|-weather|Sandstorm|[upkeep]
|turn|24
|
|detailschange|p1a: rAMbo|Scizor-Mega, M, shiny
|message|Scizor has Mega Evolved into Mega Scizor!
|move|p1a: rAMbo|Bug Bite|p2a: Hippo
|-damage|p2a: Hippo|122\/419
|move|p2a: Hippo|Stealth Rock|p1a: rAMbo
|-sidestart|p1: gyarad0site|move: Stealth Rock
|
|-weather|Sandstorm|[upkeep]
|turn|25
|
|switch|p1a: murakAMi|Manaphy, shiny|199\/351
|-damage|p1a: murakAMi|156\/351|[from] Stealth Rock
|switch|p2a: Whimsitroll|Whimsicott, M|139\/323 brn
|
|-weather|Sandstorm|[upkeep]
|-damage|p1a: murakAMi|135\/351|[from] sandstorm
|-damage|p2a: Whimsitroll|119\/323 brn|[from] sandstorm
|-heal|p1a: murakAMi|156\/351|[from] item: Leftovers
|-heal|p2a: Whimsitroll|139\/323 brn|[from] item: Leftovers
|-damage|p2a: Whimsitroll|99\/323 brn|[from] brn
|turn|26
|
|switch|p1a: rAMbo|Scizor-Mega, M, shiny|138\/291
|-damage|p1a: rAMbo|102\/291|[from] Stealth Rock
|move|p2a: Whimsitroll|Knock Off|p1a: rAMbo
|-damage|p1a: rAMbo|88\/291
|
|-weather|Sandstorm|[upkeep]
|-damage|p2a: Whimsitroll|79\/323 brn|[from] sandstorm
|-heal|p2a: Whimsitroll|99\/323 brn|[from] item: Leftovers
|-damage|p2a: Whimsitroll|59\/323 brn|[from] brn
|turn|27
|
|move|p2a: Whimsitroll|Leech Seed|p1a: rAMbo
|-start|p1a: rAMbo|move: Leech Seed
|move|p1a: rAMbo|Superpower|p2a: Whimsitroll
|-resisted|p2a: Whimsitroll
|-damage|p2a: Whimsitroll|0 fnt
|-unboost|p1a: rAMbo|atk|1
|-unboost|p1a: rAMbo|def|1
|faint|p2a: Whimsitroll
|
|-weather|Sandstorm|[upkeep]
|
|switch|p2a: Magnetroll|Magnezone|207\/281
|turn|28
|
|move|p2a: Magnetroll|Volt Switch|p1a: rAMbo
|-damage|p1a: rAMbo|0 fnt
|faint|p1a: rAMbo
|
|switch|p2a: Rastreator|Stoutland, M|311\/311
|
|-weather|Sandstorm|[upkeep]
|
|switch|p1a: Latios|Latios, M|301\/301
|-damage|p1a: Latios|264\/301|[from] Stealth Rock
|turn|29
|
|move|p1a: Latios|Draco Meteor|p2a: Rastreator
|-damage|p2a: Rastreator|64\/311
|-unboost|p1a: Latios|spa|2
|move|p2a: Rastreator|Return|p1a: Latios
|-damage|p1a: Latios|0 fnt
|faint|p1a: Latios
|
|-weather|Sandstorm|[upkeep]
|-message|gyarad0site forfeited.
|
|win|The Last Hero
|raw|Ladder updating...
|leave|gyarad0site
|player|p1
|raw|gyarad0site's rating: 1633 &rarr; <strong>1614<\/strong><br \/>(-19 for losing)
|raw|The Last Hero's rating: 1651 &rarr; <strong>1670<\/strong><br \/>(+19 for winning)