|join|Reverb
|join|gyarad0site
|player|p1|Reverb|#reverb
|player|p2|gyarad0site|195
|gametype|singles
|gen|6
|tier|OU
|rated
|clearpoke
|poke|p1|Empoleon, F
|poke|p1|Tyranitar, F
|poke|p1|Charizard, F
|poke|p1|Keldeo
|poke|p1|Kyurem-Black
|poke|p1|Landorus-Therian, M
|poke|p2|Scizor, M, shiny
|poke|p2|Manaphy, shiny
|poke|p2|Thundurus, M
|poke|p2|Landorus-Therian, M
|poke|p2|Cobalion
|poke|p2|Latios, M
|rule|Swagger Clause: Swagger is banned
|rule|Baton Pass Clause: Limit one PokÃ©mon knowing Baton Pass
|rule|Sleep Clause Mod: Limit one foe put to sleep
|rule|Species Clause: Limit one of each PokÃ©mon
|rule|OHKO Clause: OHKO moves are banned
|rule|Moody Clause: Moody is banned
|rule|Evasion Moves Clause: Evasion moves are banned
|rule|Endless Battle Clause: Forcing endless battles is banned
|rule|HP Percentage Mod: HP is shown in percentages
|teampreview
|join|metmaver
|c|âReverb|hf
|c|âgyarad0site|u2 man
|join|jake5
|c| jake5|snipe too real
|join|Venom GT
|
|start
|switch|p1a: Landorus-Therian|Landorus-Therian, M|327\/327
|switch|p2a: flAMberge|Cobalion|358\/358
|-ability|p1a: Landorus-Therian|Intimidate|[of] p2a: flAMberge
|-unboost|p2a: flAMberge|atk|1
|turn|1
|join|Robert Edward Lee
|join|crawdauntite
|join|Dragonite VII
|
|move|p1a: Landorus-Therian|U-turn|p2a: flAMberge
|-resisted|p2a: flAMberge
|-damage|p2a: flAMberge|341\/358
|
|switch|p1a: Empoleon|Empoleon, F|372\/372
|move|p2a: flAMberge|Volt Switch|p1a: Empoleon
|-supereffective|p1a: Empoleon
|-damage|p1a: Empoleon|294\/372
|join|Ox the Fox
|
|switch|p2a: Thundurus|Thundurus, M|299\/299
|
|-heal|p1a: Empoleon|317\/372|[from] item: Leftovers
|turn|2
|
|switch|p1a: Kyurem-Black|Kyurem-Black|391\/391
|-ability|p1a: Kyurem-Black|Teravolt
|move|p2a: Thundurus|Hidden Power|p1a: Kyurem-Black
|-damage|p1a: Kyurem-Black|302\/391
|
|turn|3
|
|switch|p1a: Empoleon|Empoleon, F|317\/372
|switch|p2a: flAMberge|Cobalion|341\/358
|
|-heal|p2a: flAMberge|358\/358|[from] item: Leftovers
|-heal|p1a: Empoleon|340\/372|[from] item: Leftovers
|turn|4
|join|Mollete
|
|move|p2a: flAMberge|Taunt|p1a: Empoleon
|-start|p1a: Empoleon|move: Taunt
|cant|p1a: Empoleon|move: Taunt|Stealth Rock
|
|-heal|p1a: Empoleon|363\/372|[from] item: Leftovers
|turn|5
|c|âReverb|ok
|c|âReverb|now im confused
|
|move|p2a: flAMberge|Close Combat|p1a: Empoleon
|-supereffective|p1a: Empoleon
|-damage|p1a: Empoleon|145\/372
|-unboost|p2a: flAMberge|def|1
|-unboost|p2a: flAMberge|spd|1
|move|p1a: Empoleon|Scald|p2a: flAMberge
|-damage|p2a: flAMberge|172\/358
|
|-heal|p2a: flAMberge|194\/358|[from] item: Leftovers
|-heal|p1a: Empoleon|168\/372|[from] item: Leftovers
|turn|6
|join|Shasimo
|
|switch|p2a: sAMuel L|Landorus-Therian, M|381\/381
|-ability|p2a: sAMuel L|Intimidate|[of] p1a: Empoleon
|-unboost|p1a: Empoleon|atk|1
|switch|p1a: Landorus-Therian|Landorus-Therian, M|327\/327
|-ability|p1a: Landorus-Therian|Intimidate|[of] p2a: sAMuel L
|-unboost|p2a: sAMuel L|atk|1
|
|turn|7
|join|Cienight
|
|move|p1a: Landorus-Therian|U-turn|p2a: sAMuel L
|-resisted|p2a: sAMuel L
|-damage|p2a: sAMuel L|347\/381
|
|switch|p1a: Empoleon|Empoleon, F|168\/372
|move|p2a: sAMuel L|Stealth Rock|p1a: Empoleon
|-sidestart|p1: Reverb|move: Stealth Rock
|
|-heal|p2a: sAMuel L|370\/381|[from] item: Leftovers
|-heal|p1a: Empoleon|191\/372|[from] item: Leftovers
|turn|8
|join|Kine
|
|switch|p1a: Landorus-Therian|Landorus-Therian, M|327\/327
|-damage|p1a: Landorus-Therian|287\/327|[from] Stealth Rock
|-ability|p1a: Landorus-Therian|Intimidate|[of] p2a: sAMuel L
|-unboost|p2a: sAMuel L|atk|1
|move|p2a: sAMuel L|Earthquake|p1a: Landorus-Therian
|-immune|p1a: Landorus-Therian|[msg]
|
|-heal|p2a: sAMuel L|381\/381|[from] item: Leftovers
|turn|9
|
|move|p1a: Landorus-Therian|U-turn|p2a: sAMuel L
|-resisted|p2a: sAMuel L
|-damage|p2a: sAMuel L|349\/381
|
|switch|p1a: Keldeo|Keldeo|323\/323
|-damage|p1a: Keldeo|303\/323|[from] Stealth Rock
|move|p2a: sAMuel L|U-turn|p1a: Keldeo
|-resisted|p1a: Keldeo
|-damage|p1a: Keldeo|284\/323
|
|switch|p2a: Thundurus|Thundurus, M|299\/299
|
|turn|10
|
|switch|p2a: flAMberge|Cobalion|194\/358
|move|p1a: Keldeo|Scald|p2a: flAMberge
|-damage|p2a: flAMberge|0 fnt
|faint|p2a: flAMberge
|
|leave|Shasimo
|join|Shasimo
|
|switch|p2a: murakAMi|Manaphy, shiny|351\/351
|turn|11
|
|move|p1a: Keldeo|Scald|p2a: murakAMi
|-resisted|p2a: murakAMi
|-damage|p2a: murakAMi|249\/351
|-status|p2a: murakAMi|brn
|move|p2a: murakAMi|Scald|p1a: Keldeo
|-crit|p1a: Keldeo
|-resisted|p1a: Keldeo
|-damage|p1a: Keldeo|183\/323
|
|-heal|p2a: murakAMi|270\/351 brn|[from] item: Leftovers
|-damage|p2a: murakAMi|227\/351 brn|[from] brn
|turn|12
|join|LadderSoTall
|c|âgyarad0site|you're specs
|leave|Mollete
|join|Mollete
|c|âgyarad0site|and you stayed in on thundy
|c|âgyarad0site|the balls on this man
|join|andre br br
|join|3GM
|
|switch|p1a: Empoleon|Empoleon, F|191\/372
|-damage|p1a: Empoleon|168\/372|[from] Stealth Rock
|move|p2a: murakAMi|Rain Dance|p2a: murakAMi
|-weather|RainDance
|
|-weather|RainDance|[upkeep]
|-curestatus|p2a: murakAMi|brn
|-heal|p2a: murakAMi|248\/351|[from] item: Leftovers
|-heal|p1a: Empoleon|191\/372|[from] item: Leftovers
|turn|13
|c| LadderSoTall|can i broadcast this?
|c| Dragonite VII|props for using cobalion
|c| Dragonite VII|doge is too based
|c| LadderSoTall|#17 vs #22 on ladder
|c| jake5|he probs hates sharp
|c| Dragonite VII|well, sharp is kind of an asshole
|
|move|p2a: murakAMi|Tail Glow|p2a: murakAMi
|-boost|p2a: murakAMi|spa|3
|move|p1a: Empoleon|Defog|p2a: murakAMi
|-unboost|p2a: murakAMi|evasion|1
|-sideend|p1: Reverb|Stealth Rock|[from] move: Defog|[of] p1a: Empoleon
|
|-weather|RainDance|[upkeep]
|-heal|p2a: murakAMi|269\/351|[from] item: Leftovers
|-heal|p1a: Empoleon|214\/372|[from] item: Leftovers
|turn|14
|c|âgyarad0site|reverb was my tutor
|c| jake5|yeah he's pretty sharp weak without it tbh
|
|move|p2a: murakAMi|Scald|p1a: Empoleon
|-resisted|p1a: Empoleon
|-damage|p1a: Empoleon|0 fnt
|faint|p1a: Empoleon
|
|-weather|RainDance|[upkeep]
|-heal|p2a: murakAMi|290\/351|[from] item: Leftovers
|c| LadderSoTall|reverb can i broadcast?
|
|switch|p1a: Charizard|Charizard, F|297\/297
|turn|15
|c| Dragonite VII|power
|c| jake5|but he does have a zor
|c|âReverb|sure w\/e
|c|âgyarad0site|also it was for mence lawl
|join|The DragonKnight
|c| jake5|lel
|join|000xxx
|c| jake5|doesnt' return like 2hko it
|join|shreks mate
|join|Drink Up
|join|AssaultBreast
|join|akatsukii
|c| LadderSoTall|:D
|join|bolt089
|c| akatsukii|oi
|
|switch|p2a: Latios|Latios, M|301\/301
|detailschange|p1a: Charizard|Charizard-Mega-Y, F
|message|Charizard has Mega Evolved into Mega Charizard!
|-weather|SunnyDay
|move|p1a: Charizard|Solar Beam|p2a: Latios|[still]
|-prepare|p1a: Charizard|Solar Beam|p2a: Latios
|-anim|p1a: Charizard|Solar Beam|p2a: Latios
|-resisted|p2a: Latios
|-damage|p2a: Latios|212\/301
|
|-weather|SunnyDay|[upkeep]
|turn|16
|c| akatsukii|dat team
|c| akatsukii|nice
|join|Unsteady
|join|illestt
|join|Yuttt.ttttt
|
|switch|p2a: sAMuel L|Landorus-Therian, M|349\/381
|-ability|p2a: sAMuel L|Intimidate|[of] p1a: Charizard
|-unboost|p1a: Charizard|atk|1
|move|p1a: Charizard|Roost|p1a: Charizard
|-fail|p1a: Charizard
|
|-weather|SunnyDay|[upkeep]
|-heal|p2a: sAMuel L|372\/381|[from] item: Leftovers
|turn|17
|c| jake5|legit play
|c| jake5|zardy eats up 1 draco
|c| jake5|at full
|c| bolt089|...
|join|Stronkpert
|
|move|p1a: Charizard|Flamethrower|p2a: sAMuel L
|-damage|p2a: sAMuel L|0 fnt
|faint|p2a: sAMuel L
|
|-weather|SunnyDay|[upkeep]
|c| Robert Edward Lee|.
|c| bolt089|wow
|c| AssaultBreast|.
|c| Robert Edward Lee|that kos?
|c|âgyarad0site|goddammit i looked at timid calc
|c| Robert Edward Lee|h
|c|âgyarad0site|252 SpA Mega Charizard Y Flamethrower vs. 252 HP \/ 0 SpD Landorus-T in Sun: 309-364 (80.8 - 95.2%) -- guaranteed 2HKO after Leftovers recovery
|c|âReverb|im modest
|c| jake5|lel
|
|switch|p2a: Thundurus|Thundurus, M|299\/299
|turn|18
|c| akatsukii|:[
|
|switch|p1a: Landorus-Therian|Landorus-Therian, M|287\/327
|-ability|p1a: Landorus-Therian|Intimidate|[of] p2a: Thundurus
|-unboost|p2a: Thundurus|atk|1
|move|p2a: Thundurus|Hidden Power|p1a: Landorus-Therian
|-supereffective|p1a: Landorus-Therian
|-damage|p1a: Landorus-Therian|0 fnt
|faint|p1a: Landorus-Therian
|
|-weather|SunnyDay|[upkeep]
|c| jake5|did you run timid fire blast reverb?
|c| Unsteady|I could beat ko that charizard in one turn with an accelgor
|
|switch|p1a: Kyurem-Black|Kyurem-Black|302\/391
|-ability|p1a: Kyurem-Black|Teravolt
|turn|19
|c| Stronkpert|predicts
|c| jake5|congratz
|c| Unsteady|Final gambit accelgor op
|
|switch|p2a: murakAMi|Manaphy, shiny|290\/351
|move|p1a: Kyurem-Black|Fusion Bolt|p2a: murakAMi
|-supereffective|p2a: murakAMi
|-damage|p2a: murakAMi|22\/351
|
|-weather|none
|-heal|p2a: murakAMi|43\/351|[from] item: Leftovers
|turn|20
|c| akatsukii|nigga pls
|leave|The DragonKnight
|c| Unsteady|Spot the typing error
|
|move|p1a: Kyurem-Black|Fusion Bolt|p2a: murakAMi
|-supereffective|p2a: murakAMi
|-damage|p2a: murakAMi|0 fnt
|faint|p2a: murakAMi
|
|c| bolt089|.
|leave|Dragonite VII
|
|switch|p2a: Thundurus|Thundurus, M|299\/299
|turn|21
|c| akatsukii|wht dual weather? i dont get it
|leave|3GM
|
|switch|p1a: Tyranitar|Tyranitar, F|383\/383
|-weather|Sandstorm
|move|p2a: Thundurus|Thunder Wave|p1a: Tyranitar
|-status|p1a: Tyranitar|par
|
|-weather|Sandstorm|[upkeep]
|-damage|p2a: Thundurus|281\/299|[from] sandstorm
|-heal|p2a: Thundurus|299\/299|[from] item: Leftovers
|turn|22
|c| akatsukii|why*
|join|SharpAsAttack
|
|move|p2a: Thundurus|Volt Switch|p1a: Tyranitar
|-damage|p1a: Tyranitar|301\/383 par
|c| akatsukii|zard x fits perfectly well
|
|switch|p2a: rAMbo|Scizor, M, shiny|291\/291
|move|p1a: Tyranitar|Crunch|p2a: rAMbo
|-crit|p2a: rAMbo
|-damage|p2a: rAMbo|0 fnt
|faint|p2a: rAMbo
|
|-weather|Sandstorm|[upkeep]
|c|âgyarad0site|holy
|c| jake5|he wants to fuck over rain
|c|âgyarad0site|g g
|c|âReverb|sry
|
|switch|p2a: Latios|Latios, M|212\/301
|turn|23
|c|âReverb|gg
|
|move|p2a: Latios|Draco Meteor|p1a: Tyranitar
|-damage|p1a: Tyranitar|136\/383 par
|-unboost|p2a: Latios|spa|2
|move|p1a: Tyranitar|Crunch|p2a: Latios
|-supereffective|p2a: Latios
|-damage|p2a: Latios|0 fnt
|faint|p2a: Latios
|
|-weather|Sandstorm|[upkeep]
|join|GGamer745
|c| Unsteady|Also, unnerve has it's uses
|c| jake5|LOL
|
|switch|p2a: Thundurus|Thundurus, M|299\/299
|turn|24
|
|move|p2a: Thundurus|Volt Switch|p1a: Tyranitar
|-damage|p1a: Tyranitar|58\/383 par
|move|p1a: Tyranitar|Crunch|p2a: Thundurus
|-damage|p2a: Thundurus|0 fnt
|faint|p2a: Thundurus
|
|win|Reverb
|raw|Ladder updating...
|join|0 Sky Dragon
|c| akatsukii|cb?
|c| Yuttt.ttttt|bulkmaster8000
|c| Unsteady|Actually, chary isn't bothered by the sand
|leave|bolt089
|c| Unsteady|Because drought
|raw|Reverb's rating: 1788 &rarr; <strong>1805<\/strong><br \/>(+17 for winning)
|raw|gyarad0site's rating: 1748 &rarr; <strong>1730<\/strong><br \/>(-18 for losing)
|c| akatsukii|i know
|leave|gyarad0site
|player|p2
|c|âReverb|chary likes sand
|leave|jake5
|leave|Mollete
|leave|illestt
|c| akatsukii|?
|c|âReverb|lets him reset his sun turns
|leave|crawdauntite
|c| akatsukii|oh
|leave|Reverb
|player|p1
|c| akatsukii|ooohhhhh
|leave|Yuttt.ttttt
|c| Unsteady|So the double weather isn't so bad
|leave|LadderSoTall
|leave|Unsteady
|c| akatsukii|yeah
|leave|akatsukii
|leave|Kine
|leave|shreks mate
|leave|AssaultBreast