|join|NickenSoodleChoop
|join|gyarad0site
|player|p1|NickenSoodleChoop|265
|player|p2|gyarad0site|195
|gametype|singles
|gen|6
|tier|OU
|clearpoke
|poke|p1|Swampert, M, shiny
|poke|p1|Politoed, M
|poke|p1|Ferrothorn, F
|poke|p1|Scizor, F
|poke|p1|Manaphy
|poke|p1|Tornadus-Therian, M
|poke|p2|Scizor, M, shiny
|poke|p2|Manaphy, shiny
|poke|p2|Thundurus, M
|poke|p2|Landorus-Therian, M
|poke|p2|Cobalion
|poke|p2|Latios, M
|rule|Swagger Clause: Swagger is banned
|rule|Baton Pass Clause: Limit one PokÃ©mon knowing Baton Pass
|rule|Sleep Clause Mod: Limit one foe put to sleep
|rule|Species Clause: Limit one of each PokÃ©mon
|rule|OHKO Clause: OHKO moves are banned
|rule|Moody Clause: Moody is banned
|rule|Evasion Moves Clause: Evasion moves are banned
|rule|Endless Battle Clause: Forcing endless battles is banned
|rule|HP Percentage Mod: HP is shown in percentages
|teampreview
|c|âNickenSoodleChoop|gl
|join|Fischball
|join|LMay
|
|start
|switch|p1a: Ferrothorn|Ferrothorn, F|352\/352
|switch|p2a: murakAMi|Manaphy, shiny|351\/351
|turn|1
|
|switch|p2a: flAMberge|Cobalion|358\/358
|move|p1a: Ferrothorn|Power Whip|p2a: flAMberge
|-resisted|p2a: flAMberge
|-damage|p2a: flAMberge|306\/358
|
|-heal|p2a: flAMberge|328\/358|[from] item: Leftovers
|turn|2
|
|move|p2a: flAMberge|Taunt|p1a: Ferrothorn
|-start|p1a: Ferrothorn|move: Taunt
|cant|p1a: Ferrothorn|move: Taunt|Leech Seed
|
|-heal|p2a: flAMberge|350\/358|[from] item: Leftovers
|turn|3
|leave|LMay
|
|switch|p1a: Swampert|Swampert, M, shiny|342\/342
|move|p2a: flAMberge|Close Combat|p1a: Swampert
|-damage|p1a: Swampert|179\/342
|-unboost|p2a: flAMberge|def|1
|-unboost|p2a: flAMberge|spd|1
|
|-heal|p2a: flAMberge|358\/358|[from] item: Leftovers
|turn|4
|
|detailschange|p1a: Swampert|Swampert-Mega, M, shiny
|message|Swampert has Mega Evolved into Mega Swampert!
|move|p2a: flAMberge|Close Combat|p1a: Swampert
|-damage|p1a: Swampert|44\/342
|-unboost|p2a: flAMberge|def|1
|-unboost|p2a: flAMberge|spd|1
|move|p1a: Swampert|Ice Punch|p2a: flAMberge
|-resisted|p2a: flAMberge
|-damage|p2a: flAMberge|274\/358
|
|-heal|p2a: flAMberge|296\/358|[from] item: Leftovers
|turn|5
|
|switch|p1a: Politoed|Politoed, M|384\/384
|-weather|RainDance
|move|p2a: flAMberge|Close Combat|p1a: Politoed
|-crit|p1a: Politoed
|-damage|p1a: Politoed|182\/384
|-unboost|p2a: flAMberge|def|1
|-unboost|p2a: flAMberge|spd|1
|
|-weather|RainDance|[upkeep]
|-heal|p2a: flAMberge|318\/358|[from] item: Leftovers
|turn|6
|
|switch|p2a: murakAMi|Manaphy, shiny|351\/351
|move|p1a: Politoed|Scald|p2a: murakAMi
|-resisted|p2a: murakAMi
|-damage|p2a: murakAMi|292\/351
|
|-weather|RainDance|[upkeep]
|-heal|p2a: murakAMi|313\/351|[from] item: Leftovers
|turn|7
|
|switch|p2a: flAMberge|Cobalion|318\/358
|move|p1a: Politoed|Toxic|p2a: flAMberge
|-fail|p2a: flAMberge
|
|-weather|RainDance|[upkeep]
|-heal|p2a: flAMberge|340\/358|[from] item: Leftovers
|turn|8
|
|move|p2a: flAMberge|Volt Switch|p1a: Politoed
|-supereffective|p1a: Politoed
|-damage|p1a: Politoed|94\/384
|
|switch|p2a: murakAMi|Manaphy, shiny|313\/351
|move|p1a: Politoed|Hypnosis|p2a: murakAMi|[miss]
|-miss|p1a: Politoed|p2a: murakAMi
|
|-weather|RainDance|[upkeep]
|-heal|p2a: murakAMi|334\/351|[from] item: Leftovers
|turn|9
|
|move|p2a: murakAMi|Scald|p1a: Politoed
|-resisted|p1a: Politoed
|-damage|p1a: Politoed|3\/384
|-status|p1a: Politoed|brn
|move|p1a: Politoed|Hypnosis|p2a: murakAMi
|-status|p2a: murakAMi|slp
|
|-weather|RainDance|[upkeep]
|-curestatus|p2a: murakAMi|slp
|-heal|p2a: murakAMi|351\/351|[from] item: Leftovers
|-damage|p1a: Politoed|0 fnt|[from] brn
|faint|p1a: Politoed
|
|switch|p1a: Ferrothorn|Ferrothorn, F|352\/352
|turn|10
|
|switch|p2a: sAMuel L|Landorus-Therian, M|381\/381
|-ability|p2a: sAMuel L|Intimidate|[of] p1a: Ferrothorn
|-unboost|p1a: Ferrothorn|atk|1
|move|p1a: Ferrothorn|Leech Seed|p2a: sAMuel L
|-start|p2a: sAMuel L|move: Leech Seed
|
|-weather|RainDance|[upkeep]
|-damage|p2a: sAMuel L|334\/381|[from] Leech Seed|[of] p1a: Ferrothorn
|turn|11
|
|move|p2a: sAMuel L|Stealth Rock|p1a: Ferrothorn
|-sidestart|p1: NickenSoodleChoop|move: Stealth Rock
|move|p1a: Ferrothorn|Leech Seed|p2a: sAMuel L
|-fail|p2a: sAMuel L
|
|-weather|RainDance|[upkeep]
|-heal|p2a: sAMuel L|357\/381|[from] item: Leftovers
|-damage|p2a: sAMuel L|310\/381|[from] Leech Seed|[of] p1a: Ferrothorn
|turn|12
|
|switch|p2a: flAMberge|Cobalion|340\/358
|move|p1a: Ferrothorn|Gyro Ball|p2a: flAMberge
|-resisted|p2a: flAMberge
|-damage|p2a: flAMberge|299\/358
|
|-weather|none
|-heal|p2a: flAMberge|321\/358|[from] item: Leftovers
|turn|13
|
|switch|p1a: Swampert|Swampert-Mega, M, shiny|44\/342
|-damage|p1a: Swampert|23\/342|[from] Stealth Rock
|move|p2a: flAMberge|Taunt|p1a: Swampert
|-start|p1a: Swampert|move: Taunt
|
|-heal|p2a: flAMberge|343\/358|[from] item: Leftovers
|turn|14
|
|move|p2a: flAMberge|Iron Head|p1a: Swampert
|-crit|p1a: Swampert
|-resisted|p1a: Swampert
|-damage|p1a: Swampert|0 fnt
|faint|p1a: Swampert
|
|-heal|p2a: flAMberge|358\/358|[from] item: Leftovers
|
|switch|p1a: Tornadus-Therian|Tornadus-Therian, M|299\/299
|-damage|p1a: Tornadus-Therian|225\/299|[from] Stealth Rock
|turn|15
|
|move|p1a: Tornadus-Therian|Focus Blast|p2a: flAMberge
|-supereffective|p2a: flAMberge
|-damage|p2a: flAMberge|10\/358
|-unboost|p2a: flAMberge|spd|1
|move|p2a: flAMberge|Volt Switch|p1a: Tornadus-Therian
|-supereffective|p1a: Tornadus-Therian
|-damage|p1a: Tornadus-Therian|161\/299
|
|switch|p2a: Thundurus|Thundurus, M|299\/299
|
|turn|16
|
|switch|p1a: Ferrothorn|Ferrothorn, F|352\/352
|-damage|p1a: Ferrothorn|330\/352|[from] Stealth Rock
|move|p2a: Thundurus|Volt Switch|p1a: Ferrothorn
|-resisted|p1a: Ferrothorn
|-damage|p1a: Ferrothorn|288\/352
|
|switch|p2a: flAMberge|Cobalion|10\/358
|
|-heal|p2a: flAMberge|32\/358|[from] item: Leftovers
|-heal|p1a: Ferrothorn|310\/352|[from] item: Leftovers
|turn|17
|
|move|p2a: flAMberge|Close Combat|p1a: Ferrothorn
|-supereffective|p1a: Ferrothorn
|-damage|p1a: Ferrothorn|110\/352
|-damage|p2a: flAMberge|0 fnt|[from] ability: Iron Barbs|[of] p1a: Ferrothorn
|faint|p2a: flAMberge
|move|p1a: Ferrothorn|Gyro Ball|p2: flAMberge|[notarget]
|-notarget
|
|-heal|p1a: Ferrothorn|132\/352|[from] item: Leftovers
|
|switch|p2a: Thundurus|Thundurus, M|299\/299
|turn|18
|
|move|p1a: Ferrothorn|Protect|p1a: Ferrothorn
|-singleturn|p1a: Ferrothorn|Protect
|move|p2a: Thundurus|Taunt|p1a: Ferrothorn
|-activate|p1a: Ferrothorn|Protect
|
|-heal|p1a: Ferrothorn|154\/352|[from] item: Leftovers
|turn|19
|
|move|p2a: Thundurus|Taunt|p1a: Ferrothorn
|-start|p1a: Ferrothorn|move: Taunt
|move|p1a: Ferrothorn|Gyro Ball|p2a: Thundurus
|-resisted|p2a: Thundurus
|-damage|p2a: Thundurus|185\/299
|
|-heal|p2a: Thundurus|203\/299|[from] item: Leftovers
|-heal|p1a: Ferrothorn|176\/352|[from] item: Leftovers
|turn|20
|
|move|p2a: Thundurus|Volt Switch|p1a: Ferrothorn
|-resisted|p1a: Ferrothorn
|-damage|p1a: Ferrothorn|128\/352
|leave|Fischball
|
|switch|p2a: rAMbo|Scizor, M, shiny|291\/291
|move|p1a: Ferrothorn|Gyro Ball|p2a: rAMbo
|-resisted|p2a: rAMbo
|-damage|p2a: rAMbo|208\/291
|
|-heal|p1a: Ferrothorn|150\/352|[from] item: Leftovers
|turn|21
|
|switch|p1a: Tornadus-Therian|Tornadus-Therian, M|260\/299
|-damage|p1a: Tornadus-Therian|186\/299|[from] Stealth Rock
|detailschange|p2a: rAMbo|Scizor-Mega, M, shiny
|message|Scizor has Mega Evolved into Mega Scizor!
|move|p2a: rAMbo|Swords Dance|p2a: rAMbo
|-boost|p2a: rAMbo|atk|2
|
|turn|22
|
|move|p2a: rAMbo|Bullet Punch|p1a: Tornadus-Therian
|-damage|p1a: Tornadus-Therian|0 fnt
|faint|p1a: Tornadus-Therian
|
|
|switch|p1a: Ferrothorn|Ferrothorn, F|150\/352
|-damage|p1a: Ferrothorn|128\/352|[from] Stealth Rock
|turn|23
|
|move|p2a: rAMbo|Bug Bite|p1a: Ferrothorn
|-damage|p1a: Ferrothorn|0 fnt
|-damage|p2a: rAMbo|172\/291|[from] ability: Iron Barbs|[of] p1a: Ferrothorn
|faint|p1a: Ferrothorn
|
|
|switch|p1a: Manaphy|Manaphy|341\/341
|-damage|p1a: Manaphy|299\/341|[from] Stealth Rock
|turn|24
|
|move|p1a: Manaphy|Scald|p2a: rAMbo
|-damage|p2a: rAMbo|30\/291
|move|p2a: rAMbo|Bug Bite|p1a: Manaphy
|-damage|p1a: Manaphy|0 fnt
|faint|p1a: Manaphy
|
|
|switch|p1a: Scizor|Scizor, F|320\/320
|-damage|p1a: Scizor|280\/320|[from] Stealth Rock
|turn|25
|
|move|p2a: rAMbo|Superpower|p1a: Scizor
|-crit|p1a: Scizor
|-damage|p1a: Scizor|0 fnt
|-unboost|p2a: rAMbo|atk|1
|-unboost|p2a: rAMbo|def|1
|faint|p1a: Scizor
|
|win|gyarad0site
|leave|NickenSoodleChoop
|player|p1