|join|Arcanine is Regal
|join|gyarad0site
|player|p1|Arcanine is Regal|126
|player|p2|gyarad0site|195
|gametype|singles
|gen|6
|tier|OU
|rated
|clearpoke
|poke|p1|Bisharp, M
|poke|p1|Gengar, F
|poke|p1|Manectric, F
|poke|p1|Landorus-Therian, M
|poke|p1|Mamoswine, M
|poke|p1|Azumarill, M
|poke|p2|Scizor, M, shiny
|poke|p2|Manaphy, shiny
|poke|p2|Thundurus, M
|poke|p2|Landorus-Therian, M
|poke|p2|Cobalion
|poke|p2|Latios, M
|rule|Swagger Clause: Swagger is banned
|rule|Baton Pass Clause: Limit one PokÃ©mon knowing Baton Pass
|rule|Sleep Clause Mod: Limit one foe put to sleep
|rule|Species Clause: Limit one of each PokÃ©mon
|rule|OHKO Clause: OHKO moves are banned
|rule|Moody Clause: Moody is banned
|rule|Evasion Moves Clause: Evasion moves are banned
|rule|Endless Battle Clause: Forcing endless battles is banned
|rule|HP Percentage Mod: HP is shown in percentages
|teampreview
|
|start
|switch|p1a: Mamoswine|Mamoswine, M|361\/361
|switch|p2a: murakAMi|Manaphy, shiny|351\/351
|turn|1
|
|move|p2a: murakAMi|Scald|p1a: Mamoswine
|-supereffective|p1a: Mamoswine
|-damage|p1a: Mamoswine|1\/361
|move|p1a: Mamoswine|Stealth Rock|p2a: murakAMi
|-sidestart|p2: gyarad0site|move: Stealth Rock
|
|turn|2
|
|move|p2a: murakAMi|Scald|p1a: Mamoswine
|-supereffective|p1a: Mamoswine
|-damage|p1a: Mamoswine|0 fnt
|faint|p1a: Mamoswine
|
|
|switch|p1a: Manectric|Manectric, F|281\/281
|turn|3
|
|detailschange|p1a: Manectric|Manectric-Mega, F
|message|Manectric has Mega Evolved into Mega Manectric!
|-ability|p1a: Manectric|Intimidate|[of] p2a: murakAMi
|-unboost|p2a: murakAMi|atk|1
|move|p1a: Manectric|Volt Switch|p2a: murakAMi
|-supereffective|p2a: murakAMi
|-damage|p2a: murakAMi|115\/351
|
|switch|p1a: Azumarill|Azumarill, M|342\/342
|move|p2a: murakAMi|Energy Ball|p1a: Azumarill
|-supereffective|p1a: Azumarill
|-damage|p1a: Azumarill|102\/342
|-enditem|p1a: Azumarill|Sitrus Berry|[eat]
|-heal|p1a: Azumarill|187\/342|[from] item: Sitrus Berry
|
|-heal|p2a: murakAMi|136\/351|[from] item: Leftovers
|turn|4
|
|move|p2a: murakAMi|Scald|p1a: Azumarill
|-crit|p1a: Azumarill
|-resisted|p1a: Azumarill
|-damage|p1a: Azumarill|62\/342
|move|p1a: Azumarill|Play Rough|p2a: murakAMi
|-damage|p2a: murakAMi|0 fnt
|faint|p2a: murakAMi
|
|
|switch|p2a: flAMberge|Cobalion|358\/358
|-damage|p2a: flAMberge|347\/358|[from] Stealth Rock
|turn|5
|
|move|p2a: flAMberge|Iron Head|p1a: Azumarill
|-damage|p1a: Azumarill|0 fnt
|faint|p1a: Azumarill
|
|-heal|p2a: flAMberge|358\/358|[from] item: Leftovers
|
|switch|p1a: Manectric|Manectric-Mega, F|281\/281
|-ability|p1a: Manectric|Intimidate|[of] p2a: flAMberge
|-unboost|p2a: flAMberge|atk|1
|turn|6
|c|âArcanine is Regal|im lagging sorry :(
|c|âgyarad0site|is okay
|
|move|p1a: Manectric|Flamethrower|p2a: flAMberge
|-supereffective|p2a: flAMberge
|-damage|p2a: flAMberge|94\/358
|-status|p2a: flAMberge|brn
|move|p2a: flAMberge|Iron Head|p1a: Manectric
|-resisted|p1a: Manectric
|-damage|p1a: Manectric|263\/281
|
|-heal|p2a: flAMberge|116\/358 brn|[from] item: Leftovers
|-damage|p2a: flAMberge|72\/358 brn|[from] brn
|turn|7
|c|âgyarad0site|damage
|
|move|p1a: Manectric|Flamethrower|p2a: flAMberge
|-supereffective|p2a: flAMberge
|-damage|p2a: flAMberge|0 fnt
|faint|p2a: flAMberge
|
|
|switch|p2a: Thundurus|Thundurus, M|299\/299
|-damage|p2a: Thundurus|225\/299|[from] Stealth Rock
|turn|8
|join|fingerscrossed
|
|move|p1a: Manectric|Thunderbolt|p2a: Thundurus
|-damage|p2a: Thundurus|26\/299
|move|p2a: Thundurus|Volt Switch|p1a: Manectric
|-resisted|p1a: Manectric
|-damage|p1a: Manectric|189\/281
|
|switch|p2a: Latios|Latios, M|301\/301
|-damage|p2a: Latios|264\/301|[from] Stealth Rock
|
|turn|9
|
|move|p2a: Latios|Draco Meteor|p1a: Manectric
|-damage|p1a: Manectric|0 fnt
|-unboost|p2a: Latios|spa|2
|faint|p1a: Manectric
|
|join|iplaytennislol
|c|âArcanine is Regal|I had a feeling lol
|
|switch|p1a: Bisharp|Bisharp, M|271\/271
|turn|10
|c|âgyarad0site|but where's my cobalioin now
|c|âgyarad0site|cobalion
|
|switch|p2a: Thundurus|Thundurus, M|26\/299
|-damage|p2a: Thundurus|0 fnt|[from] Stealth Rock
|faint|p2a: Thundurus
|move|p1a: Bisharp|Swords Dance|p1a: Bisharp
|-boost|p1a: Bisharp|atk|2
|
|
|switch|p2a: rAMbo|Scizor, M, shiny|291\/291
|-damage|p2a: rAMbo|255\/291|[from] Stealth Rock
|turn|11
|
|detailschange|p2a: rAMbo|Scizor-Mega, M, shiny
|message|Scizor has Mega Evolved into Mega Scizor!
|move|p2a: rAMbo|Superpower|p1a: Bisharp
|-supereffective|p1a: Bisharp
|-damage|p1a: Bisharp|0 fnt
|-unboost|p2a: rAMbo|atk|1
|-unboost|p2a: rAMbo|def|1
|faint|p1a: Bisharp
|
|c|âArcanine is Regal|ehhhhhhhh
|c|âArcanine is Regal|this team is too reliant on 50\/50s
|c|+fingerscrossed|arc?
|
|switch|p1a: Gengar|Gengar, F|262\/262
|turn|12
|c|+fingerscrossed|why wouldnt you just sucker
|c|âArcanine is Regal|cuz like every scizor on earth has SD
|c|+fingerscrossed|regardless
|
|switch|p2a: sAMuel L|Landorus-Therian, M|381\/381
|-damage|p2a: sAMuel L|334\/381|[from] Stealth Rock
|-ability|p2a: sAMuel L|Intimidate|[of] p1a: Gengar
|-unboost|p1a: Gengar|atk|1
|move|p1a: Gengar|Shadow Ball|p2a: sAMuel L
|-damage|p2a: sAMuel L|99\/381
|-damage|p1a: Gengar|236\/262|[from] item: Life Orb
|
|-heal|p2a: sAMuel L|122\/381|[from] item: Leftovers
|turn|13
|c|+fingerscrossed|he had to attack or he just lost
|
|move|p1a: Gengar|Shadow Ball|p2a: sAMuel L
|-damage|p2a: sAMuel L|0 fnt
|-damage|p1a: Gengar|210\/262|[from] item: Life Orb
|faint|p2a: sAMuel L
|
|
|switch|p2a: Latios|Latios, M|264\/301
|-damage|p2a: Latios|227\/301|[from] Stealth Rock
|turn|14
|leave|fingerscrossed
|
|switch|p1a: Landorus-Therian|Landorus-Therian, M|320\/320
|-ability|p1a: Landorus-Therian|Intimidate|[of] p2a: Latios
|-unboost|p2a: Latios|atk|1
|move|p2a: Latios|Draco Meteor|p1a: Landorus-Therian
|-damage|p1a: Landorus-Therian|58\/320
|-unboost|p2a: Latios|spa|2
|
|turn|15
|
|switch|p1a: Gengar|Gengar, F|210\/262
|move|p2a: Latios|Draco Meteor|p1a: Gengar
|-damage|p1a: Gengar|57\/262
|-unboost|p2a: Latios|spa|2
|
|turn|16
|
|switch|p2a: rAMbo|Scizor-Mega, M, shiny|255\/291
|-damage|p2a: rAMbo|219\/291|[from] Stealth Rock
|move|p1a: Gengar|Shadow Ball|p2a: rAMbo
|-damage|p2a: rAMbo|28\/291
|-damage|p1a: Gengar|31\/262|[from] item: Life Orb
|
|turn|17
|leave|iplaytennislol
|
|switch|p1a: Landorus-Therian|Landorus-Therian, M|58\/320
|-ability|p1a: Landorus-Therian|Intimidate|[of] p2a: rAMbo
|-unboost|p2a: rAMbo|atk|1
|move|p2a: rAMbo|Bullet Punch|p1a: Landorus-Therian
|-damage|p1a: Landorus-Therian|0 fnt
|faint|p1a: Landorus-Therian
|
|
|switch|p1a: Gengar|Gengar, F|31\/262
|turn|18
|-message|Arcanine is Regal forfeited.
|
|win|gyarad0site
|raw|Ladder updating...
|leave|Arcanine is Regal
|player|p1
|raw|Arcanine is Regal's rating: 1719 &rarr; <strong>1699<\/strong><br \/>(-20 for losing)
|raw|gyarad0site's rating: 1727 &rarr; <strong>1747<\/strong><br \/>(+20 for winning)
|c|âgyarad0site|gg