|join|survivor tele
|join|gyarad0site
|player|p1|survivor tele|167
|player|p2|gyarad0site|101
|gametype|singles
|gen|6
|tier|OU
|rated
|clearpoke
|poke|p1|Breloom, M
|poke|p1|Landorus-Therian, M
|poke|p1|Garchomp, M
|poke|p1|Greninja, F
|poke|p1|Metagross
|poke|p1|Talonflame, F
|poke|p2|Scizor, M, shiny
|poke|p2|Manaphy, shiny
|poke|p2|Thundurus, M
|poke|p2|Landorus-Therian, M
|poke|p2|Cobalion
|poke|p2|Latios, M
|rule|Swagger Clause: Swagger is banned
|rule|Baton Pass Clause: Limit one PokÃ©mon knowing Baton Pass
|rule|Sleep Clause Mod: Limit one foe put to sleep
|rule|Species Clause: Limit one of each PokÃ©mon
|rule|OHKO Clause: OHKO moves are banned
|rule|Moody Clause: Moody is banned
|rule|Evasion Moves Clause: Evasion moves are banned
|rule|Endless Battle Clause: Forcing endless battles is banned
|rule|HP Percentage Mod: HP is shown in percentages
|teampreview
|
|start
|switch|p1a: Garchomp|Garchomp, M|357\/357
|switch|p2a: Landorus-Therian|Landorus-Therian, M|381\/381
|-ability|p2a: Landorus-Therian|Intimidate|[of] p1a: Garchomp
|-unboost|p1a: Garchomp|atk|1
|turn|1
|
|move|p1a: Garchomp|Stealth Rock|p2a: Landorus-Therian
|-sidestart|p2: gyarad0site|move: Stealth Rock
|move|p2a: Landorus-Therian|Stealth Rock|p1a: Garchomp
|-sidestart|p1: survivor tele|move: Stealth Rock
|
|turn|2
|
|move|p1a: Garchomp|Swords Dance|p1a: Garchomp
|-boost|p1a: Garchomp|atk|2
|move|p2a: Landorus-Therian|U-turn|p1a: Garchomp
|-damage|p1a: Garchomp|274\/357
|-damage|p2a: Landorus-Therian|334\/381|[from] ability: Rough Skin|[of] p1a: Garchomp
|
|switch|p2a: Thundurus|Thundurus, M|299\/299
|-damage|p2a: Thundurus|225\/299|[from] Stealth Rock
|
|-heal|p2a: Thundurus|243\/299|[from] item: Leftovers
|turn|3
|
|switch|p1a: Metagross|Metagross|301\/301
|-damage|p1a: Metagross|283\/301|[from] Stealth Rock
|move|p2a: Thundurus|Hidden Power|p1a: Metagross
|-resisted|p1a: Metagross
|-damage|p1a: Metagross|238\/301
|
|-heal|p2a: Thundurus|261\/299|[from] item: Leftovers
|turn|4
|
|detailschange|p1a: Metagross|Metagross-Mega
|message|Metagross has Mega Evolved into Mega Metagross!
|move|p2a: Thundurus|Volt Switch|p1a: Metagross
|-damage|p1a: Metagross|111\/301
|
|switch|p2a: Manaphy|Manaphy, shiny|351\/351
|-damage|p2a: Manaphy|308\/351|[from] Stealth Rock
|move|p1a: Metagross|Meteor Mash|p2a: Manaphy
|-resisted|p2a: Manaphy
|-damage|p2a: Manaphy|195\/351
|-boost|p1a: Metagross|atk|1
|
|-heal|p2a: Manaphy|216\/351|[from] item: Leftovers
|turn|5
|
|move|p1a: Metagross|Zen Headbutt|p2a: Manaphy
|-damage|p2a: Manaphy|0 fnt
|faint|p2a: Manaphy
|
|
|switch|p2a: Thundurus|Thundurus, M|261\/299
|-damage|p2a: Thundurus|187\/299|[from] Stealth Rock
|turn|6
|
|move|p2a: Thundurus|Volt Switch|p1a: Metagross
|-damage|p1a: Metagross|0 fnt
|faint|p1a: Metagross
|
|switch|p2a: Latios|Latios, M|301\/301
|-damage|p2a: Latios|264\/301|[from] Stealth Rock
|
|
|switch|p1a: Landorus-Therian|Landorus-Therian, M|319\/319
|-damage|p1a: Landorus-Therian|280\/319|[from] Stealth Rock
|-ability|p1a: Landorus-Therian|Intimidate|[of] p2a: Latios
|-unboost|p2a: Latios|atk|1
|turn|7
|
|switch|p2a: Landorus-Therian|Landorus-Therian, M|334\/381
|-damage|p2a: Landorus-Therian|287\/381|[from] Stealth Rock
|-ability|p2a: Landorus-Therian|Intimidate|[of] p1a: Landorus-Therian
|-unboost|p1a: Landorus-Therian|atk|1
|move|p1a: Landorus-Therian|U-turn|p2a: Landorus-Therian
|-resisted|p2a: Landorus-Therian
|-damage|p2a: Landorus-Therian|265\/381
|
|switch|p1a: Breloom|Breloom, M|261\/261
|-damage|p1a: Breloom|245\/261|[from] Stealth Rock
|
|-heal|p2a: Landorus-Therian|288\/381|[from] item: Leftovers
|turn|8
|
|switch|p2a: Cobalion|Cobalion|358\/358
|-damage|p2a: Cobalion|347\/358|[from] Stealth Rock
|move|p1a: Breloom|Spore|p2a: Cobalion
|-status|p2a: Cobalion|slp
|
|-heal|p2a: Cobalion|358\/358 slp|[from] item: Leftovers
|turn|9
|
|switch|p2a: Landorus-Therian|Landorus-Therian, M|288\/381
|-damage|p2a: Landorus-Therian|241\/381|[from] Stealth Rock
|-ability|p2a: Landorus-Therian|Intimidate|[of] p1a: Breloom
|-unboost|p1a: Breloom|atk|1
|move|p1a: Breloom|Swords Dance|p1a: Breloom
|-boost|p1a: Breloom|atk|2
|
|-heal|p2a: Landorus-Therian|264\/381|[from] item: Leftovers
|turn|10
|
|move|p1a: Breloom|Bullet Seed|p2a: Landorus-Therian
|-damage|p2a: Landorus-Therian|147\/381
|-damage|p2a: Landorus-Therian|40\/381
|-damage|p2a: Landorus-Therian|0 fnt
|-hitcount|p2a: Landorus-Therian|3
|-damage|p1a: Breloom|219\/261|[from] item: Life Orb
|faint|p2a: Landorus-Therian
|
|
|switch|p2a: Latios|Latios, M|264\/301
|-damage|p2a: Latios|227\/301|[from] Stealth Rock
|turn|11
|
|switch|p1a: Garchomp|Garchomp, M|274\/357
|-damage|p1a: Garchomp|252\/357|[from] Stealth Rock
|move|p2a: Latios|Draco Meteor|p1a: Garchomp
|-supereffective|p1a: Garchomp
|-damage|p1a: Garchomp|0 fnt
|-unboost|p2a: Latios|spa|2
|faint|p1a: Garchomp
|
|
|switch|p1a: Landorus-Therian|Landorus-Therian, M|280\/319
|-damage|p1a: Landorus-Therian|241\/319|[from] Stealth Rock
|-ability|p1a: Landorus-Therian|Intimidate|[of] p2a: Latios
|-unboost|p2a: Latios|atk|1
|turn|12
|
|switch|p2a: Scizor|Scizor, M, shiny|291\/291
|-damage|p2a: Scizor|255\/291|[from] Stealth Rock
|move|p1a: Landorus-Therian|Knock Off|p2a: Scizor
|-damage|p2a: Scizor|168\/291
|
|turn|13
|
|switch|p1a: Talonflame|Talonflame, F|297\/297
|-damage|p1a: Talonflame|149\/297|[from] Stealth Rock
|detailschange|p2a: Scizor|Scizor-Mega, M, shiny
|message|Scizor has Mega Evolved into Mega Scizor!
|move|p2a: Scizor|Swords Dance|p2a: Scizor
|-boost|p2a: Scizor|atk|2
|
|turn|14
|
|move|p1a: Talonflame|Brave Bird|p2a: Scizor
|-damage|p2a: Scizor|11\/291
|-damage|p1a: Talonflame|97\/297|[from] recoil|[of] p2a: Scizor
|move|p2a: Scizor|Bullet Punch|p1a: Talonflame
|-resisted|p1a: Talonflame
|-damage|p1a: Talonflame|0 fnt
|faint|p1a: Talonflame
|
|
|switch|p1a: Breloom|Breloom, M|219\/261
|-damage|p1a: Breloom|203\/261|[from] Stealth Rock
|turn|15
|
|move|p2a: Scizor|Bullet Punch|p1a: Breloom
|-damage|p1a: Breloom|0 fnt
|faint|p1a: Breloom
|
|
|switch|p1a: Landorus-Therian|Landorus-Therian, M|241\/319
|-damage|p1a: Landorus-Therian|202\/319|[from] Stealth Rock
|-ability|p1a: Landorus-Therian|Intimidate|[of] p2a: Scizor
|-unboost|p2a: Scizor|atk|1
|turn|16
|
|move|p2a: Scizor|Bullet Punch|p1a: Landorus-Therian
|-damage|p1a: Landorus-Therian|24\/319
|move|p1a: Landorus-Therian|Explosion|p2a: Scizor
|-resisted|p2a: Scizor
|-damage|p2a: Scizor|0 fnt
|faint|p1a: Landorus-Therian
|faint|p2a: Scizor
|
|
|switch|p1a: Greninja|Greninja, F|285\/285
|switch|p2a: Thundurus|Thundurus, M|187\/299
|-damage|p1a: Greninja|250\/285|[from] Stealth Rock
|-damage|p2a: Thundurus|113\/299|[from] Stealth Rock
|turn|17
|
|move|p2a: Thundurus|Thunder Wave|p1a: Greninja
|-status|p1a: Greninja|par
|move|p1a: Greninja|Ice Beam|p2a: Thundurus
|-start|p1a: Greninja|typechange|Ice|[from] Protean
|-supereffective|p2a: Thundurus
|-damage|p2a: Thundurus|0 fnt
|-damage|p1a: Greninja|222\/285 par|[from] item: Life Orb
|faint|p2a: Thundurus
|
|
|switch|p2a: Cobalion|Cobalion|358\/358 slp
|-damage|p2a: Cobalion|347\/358 slp|[from] Stealth Rock
|turn|18
|
|cant|p2a: Cobalion|slp
|move|p1a: Greninja|Hydro Pump|p2a: Cobalion
|-start|p1a: Greninja|typechange|Water|[from] Protean
|-damage|p2a: Cobalion|53\/358 slp
|-damage|p1a: Greninja|194\/285 par|[from] item: Life Orb
|
|-heal|p2a: Cobalion|75\/358 slp|[from] item: Leftovers
|turn|19
|
|-curestatus|p2a: Cobalion|slp
|move|p2a: Cobalion|Close Combat|p1a: Greninja
|-damage|p1a: Greninja|0 fnt
|-unboost|p2a: Cobalion|def|1
|-unboost|p2a: Cobalion|spd|1
|faint|p1a: Greninja
|
|win|gyarad0site
|raw|Ladder updating...
|raw|survivor tele's rating: 1716 &rarr; <strong>1691<\/strong><br \/>(-25 for losing)
|raw|gyarad0site's rating: 1629 &rarr; <strong>1654<\/strong><br \/>(+25 for winning)
|leave|survivor tele
|player|p1
|c|âgyarad0site|gg