|join|MaatMattos
|join|gyarad0site
|player|p1|MaatMattos|238
|player|p2|gyarad0site|195
|gametype|singles
|gen|6
|tier|OU
|rated
|clearpoke
|poke|p1|Manaphy
|poke|p1|Cresselia, F
|poke|p1|Landorus-Therian, M
|poke|p1|Ferrothorn, M
|poke|p1|Slowbro, M
|poke|p1|Serperior, M
|poke|p2|Lopunny, F, shiny
|poke|p2|Celebi
|poke|p2|Hippowdon, F
|poke|p2|Zapdos
|poke|p2|Azumarill, F
|poke|p2|Lucario, F
|rule|Swagger Clause: Swagger is banned
|rule|Baton Pass Clause: Limit one PokÃ©mon knowing Baton Pass
|rule|Sleep Clause Mod: Limit one foe put to sleep
|rule|Species Clause: Limit one of each PokÃ©mon
|rule|OHKO Clause: OHKO moves are banned
|rule|Moody Clause: Moody is banned
|rule|Evasion Moves Clause: Evasion moves are banned
|rule|Endless Battle Clause: Forcing endless battles is banned
|rule|HP Percentage Mod: HP is shown in percentages
|teampreview
|
|start
|switch|p1a: Landorus-Therian|Landorus-Therian, M|381\/381
|switch|p2a: Hippowdon|Hippowdon, F|420\/420
|-ability|p1a: Landorus-Therian|Intimidate|[of] p2a: Hippowdon
|-unboost|p2a: Hippowdon|atk|1
|-weather|Sandstorm
|turn|1
|
|move|p1a: Landorus-Therian|Stealth Rock|p2a: Hippowdon
|-sidestart|p2: gyarad0site|move: Stealth Rock
|move|p2a: Hippowdon|Stealth Rock|p1a: Landorus-Therian
|-sidestart|p1: MaatMattos|move: Stealth Rock
|
|-weather|Sandstorm|[upkeep]
|turn|2
|
|move|p1a: Landorus-Therian|U-turn|p2a: Hippowdon
|-damage|p2a: Hippowdon|375\/420
|
|switch|p1a: Serperior|Serperior, M|291\/291
|-damage|p1a: Serperior|255\/291|[from] Stealth Rock
|move|p2a: Hippowdon|Earthquake|p1a: Serperior
|-resisted|p1a: Serperior
|-damage|p1a: Serperior|210\/291
|
|-weather|Sandstorm|[upkeep]
|-damage|p1a: Serperior|192\/291|[from] sandstorm
|-heal|p2a: Hippowdon|401\/420|[from] item: Leftovers
|turn|3
|
|switch|p2a: Celebi|Celebi|404\/404
|-damage|p2a: Celebi|354\/404|[from] Stealth Rock
|move|p1a: Serperior|Leaf Storm|p2a: Celebi
|-resisted|p2a: Celebi
|-damage|p2a: Celebi|280\/404
|-boost|p1a: Serperior|spa|2
|-damage|p1a: Serperior|163\/291|[from] item: Life Orb
|
|-weather|Sandstorm|[upkeep]
|-damage|p1a: Serperior|145\/291|[from] sandstorm
|-damage|p2a: Celebi|255\/404|[from] sandstorm
|-heal|p2a: Celebi|280\/404|[from] item: Leftovers
|turn|4
|
|move|p1a: Serperior|Hidden Power|p2a: Celebi
|-supereffective|p2a: Celebi
|-damage|p2a: Celebi|106\/404
|-damage|p1a: Serperior|116\/291|[from] item: Life Orb
|move|p2a: Celebi|Seed Bomb|p1a: Serperior
|-resisted|p1a: Serperior
|-damage|p1a: Serperior|71\/291
|
|-weather|Sandstorm|[upkeep]
|-damage|p1a: Serperior|53\/291|[from] sandstorm
|-damage|p2a: Celebi|81\/404|[from] sandstorm
|-heal|p2a: Celebi|106\/404|[from] item: Leftovers
|turn|5
|
|move|p1a: Serperior|Leaf Storm|p2a: Celebi
|-resisted|p2a: Celebi
|-damage|p2a: Celebi|0 fnt
|-boost|p1a: Serperior|spa|2
|-damage|p1a: Serperior|24\/291|[from] item: Life Orb
|faint|p2a: Celebi
|
|-weather|none
|
|switch|p2a: Azumarill|Azumarill, F|404\/404
|-damage|p2a: Azumarill|354\/404|[from] Stealth Rock
|turn|6
|
|switch|p1a: Slowbro|Slowbro, M|393\/393
|-damage|p1a: Slowbro|344\/393|[from] Stealth Rock
|move|p2a: Azumarill|Aqua Jet|p1a: Slowbro
|-resisted|p1a: Slowbro
|-damage|p1a: Slowbro|313\/393
|
|turn|7
|
|detailschange|p1a: Slowbro|Slowbro-Mega, M
|-mega|p1a: Slowbro|Slowbro|Slowbronite
|move|p2a: Azumarill|Belly Drum|p2a: Azumarill
|-damage|p2a: Azumarill|152\/404
|-setboost|p2a: Azumarill|atk|6|[from] move: Belly Drum
|-enditem|p2a: Azumarill|Sitrus Berry|[eat]
|-heal|p2a: Azumarill|253\/404|[from] item: Sitrus Berry
|move|p1a: Slowbro|Scald|p2a: Azumarill
|-resisted|p2a: Azumarill
|-damage|p2a: Azumarill|188\/404
|
|turn|8
|
|switch|p1a: Ferrothorn|Ferrothorn, M|351\/351
|-damage|p1a: Ferrothorn|330\/351|[from] Stealth Rock
|move|p2a: Azumarill|Knock Off|p1a: Ferrothorn
|-damage|p1a: Ferrothorn|0 fnt
|-damage|p2a: Azumarill|138\/404|[from] ability: Iron Barbs|[of] p1a: Ferrothorn
|-enditem|p1a: Ferrothorn|Leftovers|[from] move: Knock Off|[of] p2a: Azumarill
|faint|p1a: Ferrothorn
|
|
|switch|p1a: Landorus-Therian|Landorus-Therian, M|381\/381
|-damage|p1a: Landorus-Therian|334\/381|[from] Stealth Rock
|-ability|p1a: Landorus-Therian|Intimidate|[of] p2a: Azumarill
|-unboost|p2a: Azumarill|atk|1
|turn|9
|
|move|p2a: Azumarill|Aqua Jet|p1a: Landorus-Therian
|-supereffective|p1a: Landorus-Therian
|-damage|p1a: Landorus-Therian|0 fnt
|-damage|p2a: Azumarill|71\/404|[from] item: Rocky Helmet|[of] p1a: Landorus-Therian
|faint|p1a: Landorus-Therian
|
|
|switch|p1a: Manaphy|Manaphy|373\/373
|-damage|p1a: Manaphy|327\/373|[from] Stealth Rock
|turn|10
|
|move|p2a: Azumarill|Aqua Jet|p1a: Manaphy
|-crit|p1a: Manaphy
|-resisted|p1a: Manaphy
|-damage|p1a: Manaphy|102\/373
|move|p1a: Manaphy|Psychic|p2a: Azumarill
|-damage|p2a: Azumarill|0 fnt
|faint|p2a: Azumarill
|
|-heal|p1a: Manaphy|125\/373|[from] item: Leftovers
|
|switch|p2a: Lopunny|Lopunny, F, shiny|271\/271
|-damage|p2a: Lopunny|238\/271|[from] Stealth Rock
|turn|11
|
|detailschange|p2a: Lopunny|Lopunny-Mega, F, shiny
|-mega|p2a: Lopunny|Lopunny|Lopunnite
|move|p2a: Lopunny|Frustration|p1a: Manaphy
|-damage|p1a: Manaphy|0 fnt
|faint|p1a: Manaphy
|
|
|switch|p1a: Slowbro|Slowbro-Mega, M|313\/393
|-damage|p1a: Slowbro|264\/393|[from] Stealth Rock
|turn|12
|
|move|p2a: Lopunny|Frustration|p1a: Slowbro
|-damage|p1a: Slowbro|182\/393
|move|p1a: Slowbro|Scald|p2a: Lopunny
|-crit|p2a: Lopunny
|-damage|p2a: Lopunny|57\/271
|
|turn|13
|
|move|p2a: Lopunny|Frustration|p1a: Slowbro
|-damage|p1a: Slowbro|98\/393
|move|p1a: Slowbro|Calm Mind|p1a: Slowbro
|-boost|p1a: Slowbro|spa|1
|-boost|p1a: Slowbro|spd|1
|
|turn|14
|
|move|p2a: Lopunny|Encore|p1a: Slowbro
|-start|p1a: Slowbro|Encore
|move|p1a: Slowbro|Calm Mind|p1a: Slowbro
|-boost|p1a: Slowbro|spa|1
|-boost|p1a: Slowbro|spd|1
|
|turn|15
|c|âMaatMattos|lol im surprised
|
|move|p2a: Lopunny|Power-Up Punch|p1a: Slowbro
|-resisted|p1a: Slowbro
|-damage|p1a: Slowbro|80\/393
|-boost|p2a: Lopunny|atk|1
|move|p1a: Slowbro|Calm Mind|p1a: Slowbro
|-boost|p1a: Slowbro|spa|1
|-boost|p1a: Slowbro|spd|1
|
|turn|16
|
|move|p2a: Lopunny|Power-Up Punch|p1a: Slowbro
|-resisted|p1a: Slowbro
|-damage|p1a: Slowbro|53\/393
|-boost|p2a: Lopunny|atk|1
|move|p1a: Slowbro|Calm Mind|p1a: Slowbro
|-boost|p1a: Slowbro|spa|1
|-boost|p1a: Slowbro|spd|1
|
|-end|p1a: Slowbro|Encore
|turn|17
|
|move|p2a: Lopunny|Encore|p1a: Slowbro
|-start|p1a: Slowbro|Encore
|move|p1a: Slowbro|Calm Mind|p1a: Slowbro
|-boost|p1a: Slowbro|spa|1
|-boost|p1a: Slowbro|spd|1
|
|turn|18
|
|switch|p1a: Cresselia|Cresselia, F|443\/443
|-damage|p1a: Cresselia|388\/443|[from] Stealth Rock
|move|p2a: Lopunny|Power-Up Punch|p1a: Cresselia
|-resisted|p1a: Cresselia
|-damage|p1a: Cresselia|328\/443
|-boost|p2a: Lopunny|atk|1
|
|turn|19
|c|âgyarad0site|i swear if this doesn't kill
|
|move|p2a: Lopunny|Frustration|p1a: Cresselia
|-damage|p1a: Cresselia|0 fnt
|faint|p1a: Cresselia
|
|-message|MaatMattos forfeited.
|leave|MaatMattos
|c|âgyarad0site|gg
|
|win|gyarad0site
|raw|Ladder updating...
|player|p1
|raw|MaatMattos's rating: 1570 &rarr; <strong>1552<\/strong><br \/>(-18 for losing)
|raw|gyarad0site's rating: 1608 &rarr; <strong>1626<\/strong><br \/>(+18 for winning)