|join|lil manaphy
|join|gyarad0site
|player|p1|lil manaphy|272
|player|p2|gyarad0site|195
|gametype|singles
|gen|6
|tier|OU
|rated
|clearpoke
|poke|p1|Gardevoir, M
|poke|p1|Keldeo-Resolute
|poke|p1|Chansey, F
|poke|p1|Mandibuzz, F
|poke|p1|Amoonguss, F
|poke|p1|Landorus-Therian, M
|poke|p2|Scizor, M, shiny
|poke|p2|Manaphy, shiny
|poke|p2|Thundurus, M
|poke|p2|Landorus-Therian, M
|poke|p2|Cobalion
|poke|p2|Latios, M
|rule|Swagger Clause: Swagger is banned
|rule|Baton Pass Clause: Limit one PokÃ©mon knowing Baton Pass
|rule|Sleep Clause Mod: Limit one foe put to sleep
|rule|Species Clause: Limit one of each PokÃ©mon
|rule|OHKO Clause: OHKO moves are banned
|rule|Moody Clause: Moody is banned
|rule|Evasion Moves Clause: Evasion moves are banned
|rule|Endless Battle Clause: Forcing endless battles is banned
|rule|HP Percentage Mod: HP is shown in percentages
|teampreview
|join|asdfCookie
|
|start
|switch|p1a: Keldeo-Resolute|Keldeo-Resolute|323\/323
|switch|p2a: Thundurus|Thundurus, M|299\/299
|turn|1
|
|switch|p1a: Amoonguss|Amoonguss, F|432\/432
|move|p2a: Thundurus|Volt Switch|p1a: Amoonguss
|-resisted|p1a: Amoonguss
|-damage|p1a: Amoonguss|354\/432
|
|switch|p2a: flAMberge|Cobalion|358\/358
|
|-heal|p1a: Amoonguss|381\/432|[from] item: Black Sludge
|turn|2
|
|switch|p1a: Landorus-Therian|Landorus-Therian, M|382\/382
|-ability|p1a: Landorus-Therian|Intimidate|[of] p2a: flAMberge
|-unboost|p2a: flAMberge|atk|1
|move|p2a: flAMberge|Taunt|p1a: Landorus-Therian
|-start|p1a: Landorus-Therian|move: Taunt
|
|turn|3
|
|move|p2a: flAMberge|Iron Head|p1a: Landorus-Therian
|-damage|p1a: Landorus-Therian|331\/382
|cant|p1a: Landorus-Therian|flinch
|
|-heal|p1a: Landorus-Therian|354\/382|[from] item: Leftovers
|turn|4
|
|switch|p2a: sAMuel L|Landorus-Therian, M|381\/381
|-ability|p2a: sAMuel L|Intimidate|[of] p1a: Landorus-Therian
|-unboost|p1a: Landorus-Therian|atk|1
|move|p1a: Landorus-Therian|Earthquake|p2a: sAMuel L
|-immune|p2a: sAMuel L|[msg]
|
|-heal|p1a: Landorus-Therian|377\/382|[from] item: Leftovers
|turn|5
|
|move|p2a: sAMuel L|Stealth Rock|p1a: Landorus-Therian
|-sidestart|p1: lil manaphy|move: Stealth Rock
|move|p1a: Landorus-Therian|Stone Edge|p2a: sAMuel L
|-crit|p2a: sAMuel L
|-damage|p2a: sAMuel L|247\/381
|
|-heal|p2a: sAMuel L|270\/381|[from] item: Leftovers
|-heal|p1a: Landorus-Therian|382\/382|[from] item: Leftovers
|-end|p1a: Landorus-Therian|move: Taunt
|turn|6
|
|move|p2a: sAMuel L|U-turn|p1a: Landorus-Therian
|-resisted|p1a: Landorus-Therian
|-damage|p1a: Landorus-Therian|352\/382
|
|switch|p2a: murakAMi|Manaphy, shiny|351\/351
|move|p1a: Landorus-Therian|Stealth Rock|p2a: murakAMi
|-sidestart|p2: gyarad0site|move: Stealth Rock
|
|-heal|p1a: Landorus-Therian|375\/382|[from] item: Leftovers
|turn|7
|
|move|p2a: murakAMi|Scald|p1a: Landorus-Therian
|-supereffective|p1a: Landorus-Therian
|-damage|p1a: Landorus-Therian|49\/382
|-status|p1a: Landorus-Therian|brn
|move|p1a: Landorus-Therian|U-turn|p2a: murakAMi
|-damage|p2a: murakAMi|322\/351
|
|switch|p1a: Gardevoir|Gardevoir, M|277\/277
|-damage|p1a: Gardevoir|243\/277|[from] Stealth Rock
|-ability|p1a: Gardevoir|Hydration|[from] ability: Trace|[of] p2a: murakAMi
|
|-heal|p2a: murakAMi|343\/351|[from] item: Leftovers
|turn|8
|
|detailschange|p1a: Gardevoir|Gardevoir-Mega, M
|-mega|p1a: Gardevoir|Gardevoir|Gardevoirite
|move|p2a: murakAMi|Scald|p1a: Gardevoir
|-damage|p1a: Gardevoir|144\/277
|move|p1a: Gardevoir|Hyper Voice|p2a: murakAMi
|-damage|p2a: murakAMi|112\/351
|
|-heal|p2a: murakAMi|133\/351|[from] item: Leftovers
|turn|9
|
|move|p1a: Gardevoir|Hyper Voice|p2a: murakAMi
|-damage|p2a: murakAMi|0 fnt
|faint|p2a: murakAMi
|
|
|switch|p2a: rAMbo|Scizor, M, shiny|291\/291
|-damage|p2a: rAMbo|255\/291|[from] Stealth Rock
|turn|10
|
|switch|p1a: Mandibuzz|Mandibuzz, F|424\/424
|-damage|p1a: Mandibuzz|318\/424|[from] Stealth Rock
|detailschange|p2a: rAMbo|Scizor-Mega, M, shiny
|-mega|p2a: rAMbo|Scizor|Scizorite
|move|p2a: rAMbo|Swords Dance|p2a: rAMbo
|-boost|p2a: rAMbo|atk|2
|
|-heal|p1a: Mandibuzz|344\/424|[from] item: Leftovers
|turn|11
|
|switch|p2a: flAMberge|Cobalion|358\/358
|-damage|p2a: flAMberge|347\/358|[from] Stealth Rock
|move|p1a: Mandibuzz|Foul Play|p2a: flAMberge
|-crit|p2a: flAMberge
|-resisted|p2a: flAMberge
|-damage|p2a: flAMberge|276\/358
|-boost|p2a: flAMberge|atk|1|[from] ability: Justified
|
|-heal|p2a: flAMberge|298\/358|[from] item: Leftovers
|-heal|p1a: Mandibuzz|370\/424|[from] item: Leftovers
|turn|12
|
|switch|p1a: Landorus-Therian|Landorus-Therian, M|49\/382 brn
|-damage|p1a: Landorus-Therian|2\/382 brn|[from] Stealth Rock
|-ability|p1a: Landorus-Therian|Intimidate|[of] p2a: flAMberge
|-unboost|p2a: flAMberge|atk|1
|move|p2a: flAMberge|Taunt|p1a: Landorus-Therian
|-start|p1a: Landorus-Therian|move: Taunt
|
|-heal|p2a: flAMberge|320\/358|[from] item: Leftovers
|-heal|p1a: Landorus-Therian|25\/382 brn|[from] item: Leftovers
|-damage|p1a: Landorus-Therian|0 fnt|[from] brn
|faint|p1a: Landorus-Therian
|
|switch|p1a: Keldeo-Resolute|Keldeo-Resolute|323\/323
|-damage|p1a: Keldeo-Resolute|303\/323|[from] Stealth Rock
|turn|13
|
|move|p2a: flAMberge|Volt Switch|p1a: Keldeo-Resolute
|-supereffective|p1a: Keldeo-Resolute
|-damage|p1a: Keldeo-Resolute|209\/323
|
|switch|p2a: Latios|Latios, M|301\/301
|-damage|p2a: Latios|264\/301|[from] Stealth Rock
|move|p1a: Keldeo-Resolute|Scald|p2a: Latios
|-resisted|p2a: Latios
|-damage|p2a: Latios|200\/301
|
|-heal|p1a: Keldeo-Resolute|229\/323|[from] item: Leftovers
|turn|14
|
|switch|p1a: Chansey|Chansey, F|703\/703
|-damage|p1a: Chansey|616\/703|[from] Stealth Rock
|move|p2a: Latios|Trick|p1a: Chansey
|-activate|p2a: Latios|move: Trick|[of] p1a: Chansey
|-item|p1a: Chansey|Choice Scarf|[from] move: Trick
|-item|p2a: Latios|Eviolite|[from] move: Trick
|
|turn|15
|
|move|p2a: Latios|Defog|p1a: Chansey
|-unboost|p1a: Chansey|evasion|1
|-sideend|p1: lil manaphy|Stealth Rock|[from] move: Defog|[of] p1a: Chansey
|-sideend|p2: gyarad0site|Stealth Rock|[from] move: Defog|[of] p2a: Latios
|move|p1a: Chansey|Seismic Toss|p2a: Latios
|-damage|p2a: Latios|100\/301
|
|turn|16
|
|switch|p2a: sAMuel L|Landorus-Therian, M|270\/381
|-ability|p2a: sAMuel L|Intimidate|[of] p1a: Chansey
|-unboost|p1a: Chansey|atk|1
|move|p1a: Chansey|Seismic Toss|p2a: sAMuel L
|-damage|p2a: sAMuel L|170\/381
|
|-heal|p2a: sAMuel L|193\/381|[from] item: Leftovers
|turn|17
|
|switch|p1a: Keldeo-Resolute|Keldeo-Resolute|229\/323
|move|p2a: sAMuel L|Stealth Rock|p1a: Keldeo-Resolute
|-sidestart|p1: lil manaphy|move: Stealth Rock
|
|-heal|p1a: Keldeo-Resolute|249\/323|[from] item: Leftovers
|-heal|p2a: sAMuel L|216\/381|[from] item: Leftovers
|turn|18
|
|switch|p2a: Latios|Latios, M|100\/301
|move|p1a: Keldeo-Resolute|Scald|p2a: Latios
|-resisted|p2a: Latios
|-damage|p2a: Latios|32\/301
|
|-heal|p1a: Keldeo-Resolute|269\/323|[from] item: Leftovers
|turn|19
|
|switch|p1a: Chansey|Chansey, F|616\/703
|-damage|p1a: Chansey|529\/703|[from] Stealth Rock
|move|p2a: Latios|Psyshock|p1a: Chansey
|-damage|p1a: Chansey|243\/703
|
|turn|20
|
|move|p2a: Latios|Psyshock|p1a: Chansey
|-damage|p1a: Chansey|0 fnt
|faint|p1a: Chansey
|
|
|switch|p1a: Gardevoir|Gardevoir-Mega, M|144\/277
|-damage|p1a: Gardevoir|110\/277|[from] Stealth Rock
|turn|21
|
|move|p2a: Latios|Psyshock|p1a: Gardevoir
|-resisted|p1a: Gardevoir
|-damage|p1a: Gardevoir|4\/277
|move|p1a: Gardevoir|Hyper Voice|p2a: Latios
|-supereffective|p2a: Latios
|-damage|p2a: Latios|0 fnt
|faint|p2a: Latios
|
|
|switch|p2a: Thundurus|Thundurus, M|299\/299
|turn|22
|
|move|p2a: Thundurus|Volt Switch|p1a: Gardevoir
|-damage|p1a: Gardevoir|0 fnt
|faint|p1a: Gardevoir
|
|switch|p2a: flAMberge|Cobalion|320\/358
|
|-heal|p2a: flAMberge|342\/358|[from] item: Leftovers
|
|switch|p1a: Keldeo-Resolute|Keldeo-Resolute|269\/323
|-damage|p1a: Keldeo-Resolute|249\/323|[from] Stealth Rock
|turn|23
|
|move|p1a: Keldeo-Resolute|Scald|p2a: flAMberge
|-damage|p2a: flAMberge|155\/358
|move|p2a: flAMberge|Volt Switch|p1a: Keldeo-Resolute
|-supereffective|p1a: Keldeo-Resolute
|-damage|p1a: Keldeo-Resolute|147\/323
|
|switch|p2a: Thundurus|Thundurus, M|299\/299
|
|-heal|p1a: Keldeo-Resolute|167\/323|[from] item: Leftovers
|turn|24
|
|switch|p1a: Amoonguss|Amoonguss, F|432\/432
|-damage|p1a: Amoonguss|378\/432|[from] Stealth Rock
|move|p2a: Thundurus|Volt Switch|p1a: Amoonguss
|-resisted|p1a: Amoonguss
|-damage|p1a: Amoonguss|310\/432
|
|switch|p2a: flAMberge|Cobalion|155\/358
|
|-heal|p2a: flAMberge|177\/358|[from] item: Leftovers
|-heal|p1a: Amoonguss|337\/432|[from] item: Black Sludge
|turn|25
|
|move|p2a: flAMberge|Taunt|p1a: Amoonguss
|-start|p1a: Amoonguss|move: Taunt
|move|p1a: Amoonguss|Hidden Power|p2a: flAMberge
|-supereffective|p2a: flAMberge
|-damage|p2a: flAMberge|65\/358
|
|-heal|p2a: flAMberge|87\/358|[from] item: Leftovers
|-heal|p1a: Amoonguss|364\/432|[from] item: Black Sludge
|turn|26
|
|move|p2a: flAMberge|Iron Head|p1a: Amoonguss
|-damage|p1a: Amoonguss|268\/432
|move|p1a: Amoonguss|Hidden Power|p2a: flAMberge
|-supereffective|p2a: flAMberge
|-damage|p2a: flAMberge|0 fnt
|faint|p2a: flAMberge
|
|-heal|p1a: Amoonguss|295\/432|[from] item: Black Sludge
|
|switch|p2a: sAMuel L|Landorus-Therian, M|216\/381
|-ability|p2a: sAMuel L|Intimidate|[of] p1a: Amoonguss
|-unboost|p1a: Amoonguss|atk|1
|turn|27
|
|switch|p1a: Keldeo-Resolute|Keldeo-Resolute|167\/323
|-damage|p1a: Keldeo-Resolute|147\/323|[from] Stealth Rock
|move|p2a: sAMuel L|Rock Tomb|p1a: Keldeo-Resolute
|-resisted|p1a: Keldeo-Resolute
|-damage|p1a: Keldeo-Resolute|109\/323
|-unboost|p1a: Keldeo-Resolute|spe|1
|
|-heal|p1a: Keldeo-Resolute|129\/323|[from] item: Leftovers
|-heal|p2a: sAMuel L|239\/381|[from] item: Leftovers
|turn|28
|
|move|p1a: Keldeo-Resolute|Scald|p2a: sAMuel L
|-supereffective|p2a: sAMuel L
|-damage|p2a: sAMuel L|0 fnt
|faint|p2a: sAMuel L
|
|-heal|p1a: Keldeo-Resolute|149\/323|[from] item: Leftovers
|
|switch|p2a: Thundurus|Thundurus, M|299\/299
|turn|29
|
|switch|p1a: Amoonguss|Amoonguss, F|432\/432
|-damage|p1a: Amoonguss|378\/432|[from] Stealth Rock
|move|p2a: Thundurus|Volt Switch|p1a: Amoonguss
|-resisted|p1a: Amoonguss
|-damage|p1a: Amoonguss|300\/432
|
|switch|p2a: rAMbo|Scizor-Mega, M, shiny|255\/291
|
|-heal|p1a: Amoonguss|327\/432|[from] item: Black Sludge
|turn|30
|
|switch|p2a: Thundurus|Thundurus, M|299\/299
|move|p1a: Amoonguss|Spore|p2a: Thundurus
|-status|p2a: Thundurus|slp
|
|-heal|p1a: Amoonguss|354\/432|[from] item: Black Sludge
|turn|31
|
|cant|p2a: Thundurus|slp
|move|p1a: Amoonguss|Hidden Power|p2a: Thundurus
|-damage|p2a: Thundurus|252\/299 slp
|
|-heal|p2a: Thundurus|270\/299 slp|[from] item: Leftovers
|-heal|p1a: Amoonguss|381\/432|[from] item: Black Sludge
|turn|32
|
|cant|p2a: Thundurus|slp
|move|p1a: Amoonguss|Clear Smog|p2a: Thundurus
|-crit|p2a: Thundurus
|-damage|p2a: Thundurus|176\/299 slp
|-clearboost|p2a: Thundurus
|
|-heal|p2a: Thundurus|194\/299 slp|[from] item: Leftovers
|-heal|p1a: Amoonguss|408\/432|[from] item: Black Sludge
|turn|33
|
|cant|p2a: Thundurus|slp
|move|p1a: Amoonguss|Clear Smog|p2a: Thundurus
|-damage|p2a: Thundurus|131\/299 slp
|-clearboost|p2a: Thundurus
|
|-heal|p2a: Thundurus|149\/299 slp|[from] item: Leftovers
|-heal|p1a: Amoonguss|432\/432|[from] item: Black Sludge
|turn|34
|
|-curestatus|p2a: Thundurus|slp
|move|p2a: Thundurus|Thunder Wave|p1a: Amoonguss
|-status|p1a: Amoonguss|par
|move|p1a: Amoonguss|Spore|p2a: Thundurus
|-status|p2a: Thundurus|slp
|
|-heal|p2a: Thundurus|167\/299 slp|[from] item: Leftovers
|turn|35
|
|cant|p2a: Thundurus|slp
|move|p1a: Amoonguss|Hidden Power|p2a: Thundurus
|-damage|p2a: Thundurus|117\/299 slp
|
|-heal|p2a: Thundurus|135\/299 slp|[from] item: Leftovers
|turn|36
|
|cant|p2a: Thundurus|slp
|move|p1a: Amoonguss|Clear Smog|p2a: Thundurus
|-damage|p2a: Thundurus|78\/299 slp
|-clearboost|p2a: Thundurus
|
|-heal|p2a: Thundurus|96\/299 slp|[from] item: Leftovers
|turn|37
|
|cant|p2a: Thundurus|slp
|cant|p1a: Amoonguss|par
|
|-heal|p2a: Thundurus|114\/299 slp|[from] item: Leftovers
|turn|38
|
|-curestatus|p2a: Thundurus|slp
|move|p2a: Thundurus|Hidden Power|p1a: Amoonguss
|-supereffective|p1a: Amoonguss
|-damage|p1a: Amoonguss|258\/432 par
|move|p1a: Amoonguss|Clear Smog|p2a: Thundurus
|-damage|p2a: Thundurus|56\/299
|-clearboost|p2a: Thundurus
|
|-heal|p2a: Thundurus|74\/299|[from] item: Leftovers
|-heal|p1a: Amoonguss|285\/432 par|[from] item: Black Sludge
|turn|39
|
|move|p2a: Thundurus|Hidden Power|p1a: Amoonguss
|-supereffective|p1a: Amoonguss
|-damage|p1a: Amoonguss|127\/432 par
|cant|p1a: Amoonguss|par
|
|-heal|p2a: Thundurus|92\/299|[from] item: Leftovers
|-heal|p1a: Amoonguss|154\/432 par|[from] item: Black Sludge
|turn|40
|
|switch|p1a: Keldeo-Resolute|Keldeo-Resolute|149\/323
|-damage|p1a: Keldeo-Resolute|129\/323|[from] Stealth Rock
|move|p2a: Thundurus|Hidden Power|p1a: Keldeo-Resolute
|-resisted|p1a: Keldeo-Resolute
|-damage|p1a: Keldeo-Resolute|92\/323
|
|-heal|p2a: Thundurus|110\/299|[from] item: Leftovers
|-heal|p1a: Keldeo-Resolute|112\/323|[from] item: Leftovers
|turn|41
|
|move|p2a: Thundurus|Volt Switch|p1a: Keldeo-Resolute
|-crit|p1a: Keldeo-Resolute
|-supereffective|p1a: Keldeo-Resolute
|-damage|p1a: Keldeo-Resolute|0 fnt
|faint|p1a: Keldeo-Resolute
|
|switch|p2a: rAMbo|Scizor-Mega, M, shiny|255\/291
|
|
|switch|p1a: Mandibuzz|Mandibuzz, F|370\/424
|-damage|p1a: Mandibuzz|264\/424|[from] Stealth Rock
|turn|42
|join|I Iike Squirtles
|
|move|p2a: rAMbo|Bug Bite|p1a: Mandibuzz
|-damage|p1a: Mandibuzz|135\/424
|move|p1a: Mandibuzz|Foul Play|p2a: rAMbo
|-damage|p2a: rAMbo|116\/291
|
|-heal|p1a: Mandibuzz|161\/424|[from] item: Leftovers
|turn|43
|
|move|p2a: rAMbo|Superpower|p1a: Mandibuzz
|-damage|p1a: Mandibuzz|56\/424
|-unboost|p2a: rAMbo|atk|1
|-unboost|p2a: rAMbo|def|1
|move|p1a: Mandibuzz|Foul Play|p2a: rAMbo
|-damage|p2a: rAMbo|0 fnt
|faint|p2a: rAMbo
|
|-heal|p1a: Mandibuzz|82\/424|[from] item: Leftovers
|
|switch|p2a: Thundurus|Thundurus, M|110\/299
|turn|44
|
|move|p2a: Thundurus|Volt Switch|p1a: Mandibuzz
|-supereffective|p1a: Mandibuzz
|-damage|p1a: Mandibuzz|0 fnt
|faint|p1a: Mandibuzz
|
|-heal|p2a: Thundurus|128\/299|[from] item: Leftovers
|
|switch|p1a: Amoonguss|Amoonguss, F|298\/432 par
|-damage|p1a: Amoonguss|244\/432 par|[from] Stealth Rock
|turn|45
|
|move|p2a: Thundurus|Taunt|p1a: Amoonguss
|-start|p1a: Amoonguss|move: Taunt
|cant|p1a: Amoonguss|move: Taunt|Spore
|
|-heal|p2a: Thundurus|146\/299|[from] item: Leftovers
|-heal|p1a: Amoonguss|271\/432 par|[from] item: Black Sludge
|turn|46
|-message|lil manaphy forfeited.
|
|win|gyarad0site
|raw|Ladder updating...
|leave|lil manaphy
|player|p1
|raw|lil manaphy's rating: 1772 &rarr; <strong>1746<\/strong><br \/>(-26 for losing)
|raw|gyarad0site's rating: 1661 &rarr; <strong>1687<\/strong><br \/>(+26 for winning)
|c|âgyarad0site|gg
|leave|I Iike Squirtles
|leave|asdfCookie
|join|AM
|leave|AM