|join|gyarad0site
|join|Neo-Lil YoshiXD
|player|p1|gyarad0site|195
|player|p2|Neo-Lil YoshiXD|290
|gametype|singles
|gen|6
|tier|OU
|rated
|clearpoke
|poke|p1|Scizor, M, shiny
|poke|p1|Manaphy, shiny
|poke|p1|Thundurus, M
|poke|p1|Landorus-Therian, M
|poke|p1|Cobalion
|poke|p1|Latios, M
|poke|p2|Azelf
|poke|p2|Bisharp, F
|poke|p2|Thundurus, M
|poke|p2|Landorus, M
|poke|p2|Diancie
|poke|p2|Keldeo-Resolute
|rule|Swagger Clause: Swagger is banned
|rule|Baton Pass Clause: Limit one PokÃ©mon knowing Baton Pass
|rule|Sleep Clause Mod: Limit one foe put to sleep
|rule|Species Clause: Limit one of each PokÃ©mon
|rule|OHKO Clause: OHKO moves are banned
|rule|Moody Clause: Moody is banned
|rule|Evasion Moves Clause: Evasion moves are banned
|rule|Endless Battle Clause: Forcing endless battles is banned
|rule|HP Percentage Mod: HP is shown in percentages
|teampreview
|
|start
|switch|p1a: Thundurus|Thundurus, M|299\/299
|switch|p2a: open up|Azelf|291\/291
|turn|1
|
|move|p1a: Thundurus|Taunt|p2a: open up
|-start|p2a: open up|move: Taunt
|move|p2a: open up|Fire Blast|p1a: Thundurus
|-damage|p1a: Thundurus|168\/299
|
|-heal|p1a: Thundurus|186\/299|[from] item: Leftovers
|turn|2
|
|move|p1a: Thundurus|Taunt|p2a: open up
|-fail|p2a: open up
|move|p2a: open up|Explosion|p1a: Thundurus
|-damage|p1a: Thundurus|0 fnt
|faint|p2a: open up
|faint|p1a: Thundurus
|
|c|âgyarad0site|and misclick
|c|âNeo-Lil YoshiXD|well i could tank any attack
|
|switch|p2a: short circuit|Thundurus, M|299\/299
|switch|p1a: flAMberge|Cobalion|358\/358
|turn|3
|
|move|p2a: short circuit|Thunder Wave|p1a: flAMberge
|-status|p1a: flAMberge|par
|move|p1a: flAMberge|Volt Switch|p2a: short circuit
|-damage|p2a: short circuit|242\/299
|
|switch|p1a: sAMuel L|Landorus-Therian, M|381\/381
|-ability|p1a: sAMuel L|Intimidate|[of] p2a: short circuit
|-unboost|p2a: short circuit|atk|1
|
|turn|4
|
|move|p2a: short circuit|Hidden Power|p1a: sAMuel L
|-crit|p1a: sAMuel L
|-supereffective|p1a: sAMuel L
|-damage|p1a: sAMuel L|0 fnt
|-damage|p2a: short circuit|213\/299|[from] item: Life Orb
|faint|p1a: sAMuel L
|
|
|switch|p1a: Latios|Latios, M|301\/301
|turn|5
|
|move|p2a: short circuit|Thunder Wave|p1a: Latios
|-status|p1a: Latios|par
|move|p1a: Latios|Draco Meteor|p2a: short circuit
|-damage|p2a: short circuit|0 fnt
|-unboost|p1a: Latios|spa|2
|faint|p2a: short circuit
|
|
|switch|p2a: tape pack|Diancie|257\/257
|turn|6
|
|switch|p1a: flAMberge|Cobalion|358\/358 par
|detailschange|p2a: tape pack|Diancie-Mega
|-mega|p2a: tape pack|Diancie|Diancite
|move|p2a: tape pack|Moonblast|p1a: flAMberge
|-damage|p1a: flAMberge|51\/358 par
|-unboost|p1a: flAMberge|spa|1
|
|-heal|p1a: flAMberge|73\/358 par|[from] item: Leftovers
|turn|7
|
|move|p2a: tape pack|Moonblast|p1a: flAMberge
|-damage|p1a: flAMberge|0 fnt
|faint|p1a: flAMberge
|
|
|switch|p1a: rAMbo|Scizor, M, shiny|291\/291
|turn|8
|
|switch|p2a: keep it moving|Keldeo-Resolute|323\/323
|detailschange|p1a: rAMbo|Scizor-Mega, M, shiny
|-mega|p1a: rAMbo|Scizor|Scizorite
|move|p1a: rAMbo|Superpower|p2a: keep it moving
|-damage|p2a: keep it moving|162\/323
|-unboost|p1a: rAMbo|atk|1
|-unboost|p1a: rAMbo|def|1
|
|turn|9
|
|switch|p1a: Latios|Latios, M|301\/301 par
|move|p2a: keep it moving|Hydro Pump|p1a: Latios
|-resisted|p1a: Latios
|-damage|p1a: Latios|211\/301 par
|
|turn|10
|
|switch|p2a: edges|Bisharp, F|271\/271
|move|p1a: Latios|Trick|p2a: edges
|-activate|p1a: Latios|move: Trick|[of] p2a: edges
|-item|p2a: edges|Choice Scarf|[from] move: Trick
|-item|p1a: Latios|Lum Berry|[from] move: Trick
|-enditem|p1a: Latios|Lum Berry|[eat]
|-curestatus|p1a: Latios|par
|
|turn|11
|
|switch|p1a: murakAMi|Manaphy, shiny|351\/351
|move|p2a: edges|Knock Off|p1a: murakAMi
|-damage|p1a: murakAMi|191\/351
|-enditem|p1a: murakAMi|Leftovers|[from] move: Knock Off|[of] p2a: edges
|
|turn|12
|
|switch|p1a: rAMbo|Scizor-Mega, M, shiny|291\/291
|move|p2a: edges|Knock Off|p1a: rAMbo
|-damage|p1a: rAMbo|210\/291
|
|turn|13
|
|switch|p2a: keep it moving|Keldeo-Resolute|162\/323
|move|p1a: rAMbo|Superpower|p2a: keep it moving
|-damage|p2a: keep it moving|1\/323
|-unboost|p1a: rAMbo|atk|1
|-unboost|p1a: rAMbo|def|1
|
|turn|14
|
|move|p1a: rAMbo|Bullet Punch|p2a: keep it moving
|-resisted|p2a: keep it moving
|-damage|p2a: keep it moving|0 fnt
|faint|p2a: keep it moving
|
|
|switch|p2a: the rattler|Landorus, M|319\/319
|turn|15
|
|switch|p1a: Latios|Latios, M|211\/301
|move|p2a: the rattler|Rock Polish|p2a: the rattler
|-boost|p2a: the rattler|spe|2
|
|turn|16
|
|move|p2a: the rattler|Knock Off|p1a: Latios
|-supereffective|p1a: Latios
|-damage|p1a: Latios|6\/301
|-damage|p2a: the rattler|288\/319|[from] item: Life Orb
|move|p1a: Latios|Draco Meteor|p2a: the rattler
|-damage|p2a: the rattler|0 fnt
|-unboost|p1a: Latios|spa|2
|faint|p2a: the rattler
|
|
|switch|p2a: edges|Bisharp, F|271\/271
|turn|17
|
|move|p2a: edges|Iron Head|p1a: Latios
|-damage|p1a: Latios|0 fnt
|faint|p1a: Latios
|
|
|switch|p1a: murakAMi|Manaphy, shiny|191\/351
|turn|18
|
|move|p2a: edges|Iron Head|p1a: murakAMi
|-resisted|p1a: murakAMi
|-damage|p1a: murakAMi|127\/351
|move|p1a: murakAMi|Scald|p2a: edges
|-damage|p2a: edges|108\/271
|
|turn|19
|
|move|p2a: edges|Iron Head|p1a: murakAMi
|-resisted|p1a: murakAMi
|-damage|p1a: murakAMi|63\/351
|move|p1a: murakAMi|Scald|p2a: edges
|-damage|p2a: edges|0 fnt
|faint|p2a: edges
|
|
|switch|p2a: tape pack|Diancie-Mega|257\/257
|turn|20
|
|move|p2a: tape pack|Diamond Storm|p1a: murakAMi
|-damage|p1a: murakAMi|0 fnt
|faint|p1a: murakAMi
|
|
|switch|p1a: rAMbo|Scizor-Mega, M, shiny|210\/291
|turn|21
|
|move|p1a: rAMbo|Bullet Punch|p2a: tape pack
|-supereffective|p2a: tape pack
|-damage|p2a: tape pack|0 fnt
|faint|p2a: tape pack
|
|win|gyarad0site
|raw|Ladder updating...
|raw|gyarad0site's rating: 1613 &rarr; <strong>1629<\/strong><br \/>(+16 for winning)
|raw|Neo-Lil YoshiXD's rating: 1539 &rarr; <strong>1523<\/strong><br \/>(-16 for losing)
|leave|Neo-Lil YoshiXD
|player|p2