|join|gyarad0site
|join|TheOneOutkast00
|player|p1|gyarad0site|195
|player|p2|TheOneOutkast00|135
|gametype|singles
|gen|6
|tier|OU
|rated
|clearpoke
|poke|p1|Lucario, M
|poke|p1|Celebi
|poke|p1|Lopunny, F, shiny
|poke|p1|Heatran, F
|poke|p1|Zapdos
|poke|p1|Keldeo
|poke|p2|Slowbro, F
|poke|p2|Klefki, M
|poke|p2|Umbreon, M
|poke|p2|Gliscor, M
|poke|p2|Chansey, F
|poke|p2|Heatran, M
|rule|Swagger Clause: Swagger is banned
|rule|Baton Pass Clause: Limit one PokÃ©mon knowing Baton Pass
|rule|Sleep Clause Mod: Limit one foe put to sleep
|rule|Species Clause: Limit one of each PokÃ©mon
|rule|OHKO Clause: OHKO moves are banned
|rule|Moody Clause: Moody is banned
|rule|Evasion Moves Clause: Evasion moves are banned
|rule|Endless Battle Clause: Forcing endless battles is banned
|rule|HP Percentage Mod: HP is shown in percentages
|teampreview
|
|start
|switch|p1a: Lopunny|Lopunny, F, shiny|271\/271
|switch|p2a: Klefki|Klefki, M|318\/318
|turn|1
|
|move|p2a: Klefki|Reflect|p2a: Klefki
|-sidestart|p2: TheOneOutkast00|Reflect
|move|p1a: Lopunny|Encore|p2a: Klefki
|-start|p2a: Klefki|Encore
|
|turn|2
|
|switch|p2a: Slowbro|Slowbro, F|394\/394
|move|p1a: Lopunny|Power-Up Punch|p2a: Slowbro
|-resisted|p2a: Slowbro
|-damage|p2a: Slowbro|387\/394
|-boost|p1a: Lopunny|atk|1
|
|turn|3
|
|switch|p1a: Zapdos|Zapdos|384\/384
|-ability|p1a: Zapdos|Pressure
|detailschange|p2a: Slowbro|Slowbro-Mega, F
|-mega|p2a: Slowbro|Slowbro|Slowbronite
|move|p2a: Slowbro|Calm Mind|p2a: Slowbro
|-boost|p2a: Slowbro|spa|1
|-boost|p2a: Slowbro|spd|1
|
|turn|4
|
|move|p1a: Zapdos|Volt Switch|p2a: Slowbro
|-supereffective|p2a: Slowbro
|-damage|p2a: Slowbro|259\/394
|
|switch|p1a: Lopunny|Lopunny, F, shiny|271\/271
|move|p2a: Slowbro|Calm Mind|p2a: Slowbro
|-boost|p2a: Slowbro|spa|1
|-boost|p2a: Slowbro|spd|1
|
|turn|5
|
|move|p1a: Lopunny|Encore|p2a: Slowbro
|-start|p2a: Slowbro|Encore
|move|p2a: Slowbro|Calm Mind|p2a: Slowbro
|-boost|p2a: Slowbro|spa|1
|-boost|p2a: Slowbro|spd|1
|
|turn|6
|
|move|p1a: Lopunny|Power-Up Punch|p2a: Slowbro
|-resisted|p2a: Slowbro
|-damage|p2a: Slowbro|255\/394
|-boost|p1a: Lopunny|atk|1
|move|p2a: Slowbro|Calm Mind|p2a: Slowbro
|-boost|p2a: Slowbro|spa|1
|-boost|p2a: Slowbro|spd|1
|
|turn|7
|
|switch|p2a: Gliscor|Gliscor, M|353\/353
|move|p1a: Lopunny|Power-Up Punch|p2a: Gliscor
|-resisted|p2a: Gliscor
|-damage|p2a: Gliscor|345\/353
|-boost|p1a: Lopunny|atk|1
|
|-status|p2a: Gliscor|tox|[from] item: Toxic Orb
|turn|8
|
|switch|p1a: Zapdos|Zapdos|384\/384
|-ability|p1a: Zapdos|Pressure
|move|p2a: Gliscor|Toxic|p1a: Zapdos
|-status|p1a: Zapdos|tox
|
|-heal|p2a: Gliscor|353\/353 tox|[from] ability: Poison Heal
|-damage|p1a: Zapdos|360\/384 tox|[from] psn
|-sideend|p2: TheOneOutkast00|Reflect
|turn|9
|
|move|p2a: Gliscor|Protect|p2a: Gliscor
|-singleturn|p2a: Gliscor|Protect
|move|p1a: Zapdos|Volt Switch|p2a: Gliscor
|-immune|p2a: Gliscor|[msg]
|
|-heal|p1a: Zapdos|384\/384 tox|[from] item: Leftovers
|-damage|p1a: Zapdos|336\/384 tox|[from] psn
|turn|10
|
|move|p2a: Gliscor|Substitute|p2a: Gliscor
|-start|p2a: Gliscor|Substitute
|-damage|p2a: Gliscor|265\/353 tox
|move|p1a: Zapdos|Hidden Power|p2a: Gliscor
|-supereffective|p2a: Gliscor
|-end|p2a: Gliscor|Substitute
|
|-heal|p1a: Zapdos|360\/384 tox|[from] item: Leftovers
|-heal|p2a: Gliscor|309\/353 tox|[from] ability: Poison Heal
|-damage|p1a: Zapdos|288\/384 tox|[from] psn
|turn|11
|
|switch|p1a: Lopunny|Lopunny, F, shiny|271\/271
|move|p2a: Gliscor|Protect|p2a: Gliscor
|-fail|p2a: Gliscor
|
|-heal|p2a: Gliscor|353\/353 tox|[from] ability: Poison Heal
|turn|12
|
|switch|p2a: Heatran|Heatran, M|385\/385
|move|p1a: Lopunny|Encore|p2a: Heatran
|-fail|p2a: Heatran
|
|turn|13
|
|switch|p1a: Heatran|Heatran, F|333\/333
|-item|p1a: Heatran|Air Balloon
|move|p2a: Heatran|Taunt|p1a: Heatran
|-start|p1a: Heatran|move: Taunt
|
|turn|14
|
|switch|p1a: Keldeo|Keldeo|323\/323
|switch|p2a: Chansey|Chansey, F|703\/703
|
|turn|15
|
|move|p1a: Keldeo|Secret Sword|p2a: Chansey
|-supereffective|p2a: Chansey
|-damage|p2a: Chansey|277\/703
|move|p2a: Chansey|Toxic|p1a: Keldeo|[miss]
|-miss|p2a: Chansey|p1a: Keldeo
|
|turn|16
|
|switch|p2a: Slowbro|Slowbro-Mega, F|255\/394
|move|p1a: Keldeo|Secret Sword|p2a: Slowbro
|-resisted|p2a: Slowbro
|-damage|p2a: Slowbro|210\/394
|
|turn|17
|
|switch|p1a: Lopunny|Lopunny, F, shiny|271\/271
|move|p2a: Slowbro|Toxic|p1a: Lopunny
|-status|p1a: Lopunny|tox
|
|-damage|p1a: Lopunny|255\/271 tox|[from] psn
|turn|18
|
|switch|p1a: Celebi|Celebi|403\/403
|switch|p2a: Klefki|Klefki, M|318\/318
|
|turn|19
|
|move|p2a: Klefki|Thunder Wave|p1a: Celebi
|-status|p1a: Celebi|par
|move|p1a: Celebi|Heal Bell|p1a: Celebi
|-cureteam|p1a: Celebi|[from] move: HealBell
|
|turn|20
|
|switch|p1a: Zapdos|Zapdos|288\/384
|-ability|p1a: Zapdos|Pressure
|move|p2a: Klefki|Reflect|p2a: Klefki
|-sidestart|p2: TheOneOutkast00|Reflect
|
|-heal|p1a: Zapdos|312\/384|[from] item: Leftovers
|turn|21
|
|switch|p2a: Chansey|Chansey, F|277\/703
|move|p1a: Zapdos|Defog|p2a: Chansey
|-unboost|p2a: Chansey|evasion|1
|-sideend|p2: TheOneOutkast00|Reflect
|-sideend|p2: TheOneOutkast00|Reflect|[from] move: Defog|[of] p2a: Chansey
|
|-heal|p1a: Zapdos|336\/384|[from] item: Leftovers
|turn|22
|
|move|p1a: Zapdos|Volt Switch|p2a: Chansey
|-damage|p2a: Chansey|208\/703
|
|switch|p1a: Heatran|Heatran, F|333\/333
|-item|p1a: Heatran|Air Balloon
|move|p2a: Chansey|Toxic|p1a: Heatran
|-fail|p1a: Heatran
|
|turn|23
|
|move|p1a: Heatran|Taunt|p2a: Chansey
|-start|p2a: Chansey|move: Taunt
|cant|p2a: Chansey|move: Taunt|Soft-Boiled
|
|turn|24
|
|move|p1a: Heatran|Magma Storm|p2a: Chansey
|-damage|p2a: Chansey|84\/703
|-activate|p2a: Chansey|move: Magma Storm|[of] p1a: Heatran
|move|p2a: Chansey|Seismic Toss|p1a: Heatran
|-damage|p1a: Heatran|233\/333
|-enditem|p1a: Heatran|Air Balloon
|
|-damage|p2a: Chansey|0 fnt|[from] move: Magma Storm|[partiallytrapped]
|faint|p2a: Chansey
|
|switch|p2a: Klefki|Klefki, M|318\/318
|turn|25
|
|switch|p2a: Heatran|Heatran, M|385\/385
|move|p1a: Heatran|Magma Storm|p2a: Heatran
|-start|p2a: Heatran|ability: Flash Fire
|
|turn|26
|
|move|p1a: Heatran|Taunt|p2a: Heatran
|-start|p2a: Heatran|move: Taunt
|move|p2a: Heatran|Earth Power|p1a: Heatran
|-supereffective|p1a: Heatran
|-damage|p1a: Heatran|0 fnt
|faint|p1a: Heatran
|
|
|switch|p1a: Keldeo|Keldeo|323\/323
|turn|27
|
|switch|p2a: Klefki|Klefki, M|318\/318
|move|p1a: Keldeo|Scald|p2a: Klefki
|-crit|p2a: Klefki
|-damage|p2a: Klefki|63\/318
|
|turn|28
|
|move|p2a: Klefki|Light Screen|p2a: Klefki
|-sidestart|p2: TheOneOutkast00|move: Light Screen
|move|p1a: Keldeo|Scald|p2a: Klefki
|-damage|p2a: Klefki|0 fnt
|faint|p2a: Klefki
|
|
|switch|p2a: Slowbro|Slowbro-Mega, F|210\/394
|turn|29
|
|switch|p1a: Lopunny|Lopunny, F, shiny|255\/271
|move|p2a: Slowbro|Toxic|p1a: Lopunny
|-status|p1a: Lopunny|tox
|
|-damage|p1a: Lopunny|239\/271 tox|[from] psn
|turn|30
|
|switch|p1a: Celebi|Celebi|403\/403
|move|p2a: Slowbro|Slack Off|p2a: Slowbro
|-heal|p2a: Slowbro|394\/394
|
|turn|31
|
|move|p1a: Celebi|Heal Bell|p1a: Celebi
|-cureteam|p1a: Celebi|[from] move: HealBell
|move|p2a: Slowbro|Toxic|p1a: Celebi
|-status|p1a: Celebi|tox
|
|-damage|p1a: Celebi|378\/403 tox|[from] psn
|turn|32
|
|move|p1a: Celebi|Baton Pass|p1a: Celebi
|
|switch|p1a: Lopunny|Lopunny, F, shiny|239\/271
|move|p2a: Slowbro|Scald|p1a: Lopunny
|-damage|p1a: Lopunny|109\/271
|
|turn|33
|
|switch|p1a: Zapdos|Zapdos|336\/384
|-ability|p1a: Zapdos|Pressure
|move|p2a: Slowbro|Scald|p1a: Zapdos
|-damage|p1a: Zapdos|206\/384
|
|-heal|p1a: Zapdos|230\/384|[from] item: Leftovers
|turn|34
|
|move|p1a: Zapdos|Volt Switch|p2a: Slowbro
|-supereffective|p2a: Slowbro
|-damage|p2a: Slowbro|304\/394
|
|switch|p1a: Celebi|Celebi|378\/403
|move|p2a: Slowbro|Toxic|p1a: Celebi
|-status|p1a: Celebi|tox
|
|-heal|p1a: Celebi|403\/403 tox|[from] item: Leftovers
|-damage|p1a: Celebi|378\/403 tox|[from] psn
|turn|35
|
|move|p1a: Celebi|Baton Pass|p1a: Celebi
|
|switch|p1a: Zapdos|Zapdos|230\/384
|-ability|p1a: Zapdos|Pressure
|move|p2a: Slowbro|Scald|p1a: Zapdos
|-damage|p1a: Zapdos|109\/384
|
|-heal|p1a: Zapdos|133\/384|[from] item: Leftovers
|-sideend|p2: TheOneOutkast00|move: Light Screen
|turn|36
|
|move|p1a: Zapdos|Volt Switch|p2a: Slowbro
|-supereffective|p2a: Slowbro
|-damage|p2a: Slowbro|124\/394
|
|switch|p1a: Lucario|Lucario, M|281\/281
|move|p2a: Slowbro|Toxic|p1a: Lucario
|-fail|p1a: Lucario
|
|turn|37
|
|move|p1a: Lucario|Swords Dance|p1a: Lucario
|-boost|p1a: Lucario|atk|2
|move|p2a: Slowbro|Slack Off|p2a: Slowbro
|-heal|p2a: Slowbro|321\/394
|
|turn|38
|
|move|p1a: Lucario|Crunch|p2a: Slowbro
|-supereffective|p2a: Slowbro
|-damage|p2a: Slowbro|71\/394
|-damage|p1a: Lucario|253\/281|[from] item: Life Orb
|move|p2a: Slowbro|Scald|p1a: Lucario
|-damage|p1a: Lucario|102\/281
|
|turn|39
|
|switch|p2a: Umbreon|Umbreon, M|394\/394
|move|p1a: Lucario|Crunch|p2a: Umbreon
|-resisted|p2a: Umbreon
|-damage|p2a: Umbreon|307\/394
|-damage|p1a: Lucario|74\/281|[from] item: Life Orb
|
|-heal|p2a: Umbreon|331\/394|[from] item: Leftovers
|turn|40
|
|switch|p2a: Gliscor|Gliscor, M|353\/353 tox
|move|p1a: Lucario|Close Combat|p2a: Gliscor
|-resisted|p2a: Gliscor
|-damage|p2a: Gliscor|172\/353 tox
|-unboost|p1a: Lucario|def|1
|-unboost|p1a: Lucario|spd|1
|-damage|p1a: Lucario|46\/281|[from] item: Life Orb
|
|-heal|p2a: Gliscor|216\/353 tox|[from] ability: Poison Heal
|turn|41
|
|move|p2a: Gliscor|Protect|p2a: Gliscor
|-singleturn|p2a: Gliscor|Protect
|move|p1a: Lucario|Close Combat|p2a: Gliscor
|-activate|p2a: Gliscor|Protect
|
|-heal|p2a: Gliscor|260\/353 tox|[from] ability: Poison Heal
|turn|42
|
|move|p1a: Lucario|Close Combat|p2a: Gliscor
|-resisted|p2a: Gliscor
|-damage|p2a: Gliscor|92\/353 tox
|-unboost|p1a: Lucario|def|1
|-unboost|p1a: Lucario|spd|1
|-damage|p1a: Lucario|18\/281|[from] item: Life Orb
|move|p2a: Gliscor|Earthquake|p1a: Lucario
|-supereffective|p1a: Lucario
|-damage|p1a: Lucario|0 fnt
|faint|p1a: Lucario
|
|-heal|p2a: Gliscor|136\/353 tox|[from] ability: Poison Heal
|
|switch|p1a: Zapdos|Zapdos|133\/384
|-ability|p1a: Zapdos|Pressure
|turn|43
|
|move|p2a: Gliscor|Protect|p2a: Gliscor
|-singleturn|p2a: Gliscor|Protect
|move|p1a: Zapdos|Hidden Power|p2a: Gliscor
|-activate|p2a: Gliscor|Protect
|
|-heal|p1a: Zapdos|157\/384|[from] item: Leftovers
|-heal|p2a: Gliscor|180\/353 tox|[from] ability: Poison Heal
|turn|44
|
|switch|p2a: Heatran|Heatran, M|385\/385
|move|p1a: Zapdos|Volt Switch|p2a: Heatran
|-damage|p2a: Heatran|301\/385
|
|switch|p1a: Keldeo|Keldeo|323\/323
|
|-heal|p2a: Heatran|325\/385|[from] item: Leftovers
|turn|45
|
|switch|p2a: Slowbro|Slowbro-Mega, F|71\/394
|move|p1a: Keldeo|Hydro Pump|p2a: Slowbro|[miss]
|-miss|p1a: Keldeo|p2a: Slowbro
|
|turn|46
|
|move|p1a: Keldeo|Hydro Pump|p2a: Slowbro
|-resisted|p2a: Slowbro
|-damage|p2a: Slowbro|0 fnt
|faint|p2a: Slowbro
|
|
|switch|p2a: Umbreon|Umbreon, M|331\/394
|turn|47
|
|switch|p1a: Celebi|Celebi|378\/403
|move|p2a: Umbreon|Toxic|p1a: Celebi
|-status|p1a: Celebi|tox
|
|-heal|p1a: Celebi|403\/403 tox|[from] item: Leftovers
|-heal|p2a: Umbreon|355\/394|[from] item: Leftovers
|-damage|p1a: Celebi|378\/403 tox|[from] psn
|turn|48
|
|move|p1a: Celebi|Baton Pass|p1a: Celebi
|
|switch|p1a: Keldeo|Keldeo|323\/323
|move|p2a: Umbreon|Wish|p2a: Umbreon
|
|-heal|p2a: Umbreon|379\/394|[from] item: Leftovers
|turn|49
|
|switch|p1a: Lopunny|Lopunny, F, shiny|109\/271
|move|p2a: Umbreon|Toxic|p1a: Lopunny|[miss]
|-miss|p2a: Umbreon|p1a: Lopunny
|
|-heal|p2a: Umbreon|394\/394|[from] move: Wish|[wisher] Umbreon
|turn|50
|
|detailschange|p1a: Lopunny|Lopunny-Mega, F, shiny
|-mega|p1a: Lopunny|Lopunny|Lopunnite
|move|p1a: Lopunny|Power-Up Punch|p2a: Umbreon
|-supereffective|p2a: Umbreon
|-damage|p2a: Umbreon|266\/394
|-boost|p1a: Lopunny|atk|1
|move|p2a: Umbreon|Toxic|p1a: Lopunny
|-status|p1a: Lopunny|tox
|
|-heal|p2a: Umbreon|290\/394|[from] item: Leftovers
|-damage|p1a: Lopunny|93\/271 tox|[from] psn
|turn|51
|
|move|p2a: Umbreon|Protect|p2a: Umbreon
|-singleturn|p2a: Umbreon|Protect
|move|p1a: Lopunny|Encore|p2a: Umbreon
|-activate|p2a: Umbreon|Protect
|
|-heal|p2a: Umbreon|314\/394|[from] item: Leftovers
|-damage|p1a: Lopunny|61\/271 tox|[from] psn
|turn|52
|
|move|p2a: Umbreon|Protect|p2a: Umbreon
|-fail|p2a: Umbreon
|move|p1a: Lopunny|High Jump Kick|p2a: Umbreon
|-supereffective|p2a: Umbreon
|-damage|p2a: Umbreon|0 fnt
|faint|p2a: Umbreon
|
|-damage|p1a: Lopunny|13\/271 tox|[from] psn
|join|Steakanator
|
|switch|p2a: Gliscor|Gliscor, M|180\/353 tox
|turn|53
|
|switch|p1a: Keldeo|Keldeo|323\/323
|move|p2a: Gliscor|Protect|p2a: Gliscor
|-fail|p2a: Gliscor
|
|-heal|p2a: Gliscor|224\/353 tox|[from] ability: Poison Heal
|turn|54
|
|move|p1a: Keldeo|Scald|p2a: Gliscor
|-supereffective|p2a: Gliscor
|-damage|p2a: Gliscor|0 fnt
|faint|p2a: Gliscor
|
|-message|TheOneOutkast00 forfeited.
|
|win|gyarad0site
|raw|Ladder updating...
|leave|TheOneOutkast00
|player|p2
|raw|gyarad0site's rating: 1652 &rarr; <strong>1661<\/strong><br \/>(+9 for winning)
|raw|TheOneOutkast00's rating: 1442 &rarr; <strong>1433<\/strong><br \/>(-9 for losing)