|join|a kawaii girl
|join|gyarad0site
|player|p1|a kawaii girl|8
|player|p2|gyarad0site|195
|gametype|singles
|gen|6
|tier|OU
|clearpoke
|poke|p1|Gardevoir, M
|poke|p1|Keldeo
|poke|p1|Gengar, F
|poke|p1|Bisharp, M
|poke|p1|Latios, M
|poke|p1|Talonflame, M
|poke|p2|Lopunny, F, shiny
|poke|p2|Celebi
|poke|p2|Hippowdon, M
|poke|p2|Zapdos
|poke|p2|Azumarill, M
|poke|p2|Lucario, F
|rule|Swagger Clause: Swagger is banned
|rule|Baton Pass Clause: Limit one PokÃ©mon knowing Baton Pass
|rule|Sleep Clause Mod: Limit one foe put to sleep
|rule|Species Clause: Limit one of each PokÃ©mon
|rule|OHKO Clause: OHKO moves are banned
|rule|Moody Clause: Moody is banned
|rule|Evasion Moves Clause: Evasion moves are banned
|rule|Endless Battle Clause: Forcing endless battles is banned
|rule|HP Percentage Mod: HP is shown in percentages
|teampreview
|join|PikaCommando
|c|âgyarad0site|thanks
|c|âa kawaii girl|ah nice
|c|âa kawaii girl|sand balance
|c| PikaCommando|fucking lopunny and azumarill
|c|âa kawaii girl|double bunny
|c|âa kawaii girl|:^)
|c|âa kawaii girl|i shouldve brought my lop team as well but
|c| PikaCommando|oh hey, didnt noticed that
|c|âa kawaii girl|w\/e
|c|âa kawaii girl|luke is cool
|c| PikaCommando|anyway, here comes annoyance
|c|âa kawaii girl|glhf
|c| PikaCommando|then again, keldeo and bisharp is annoying too
|c|âgyarad0site|hf
|
|start
|switch|p1a: Gardevoir|Gardevoir, M|277\/277
|switch|p2a: Zapdos|Zapdos|384\/384
|-ability|p1a: Gardevoir|Pressure|[from] ability: Trace|[of] p2a: Zapdos
|-ability|p1a: Gardevoir|Pressure
|-ability|p2a: Zapdos|Pressure
|turn|1
|
|switch|p2a: Celebi|Celebi|404\/404
|detailschange|p1a: Gardevoir|Gardevoir-Mega, M
|-mega|p1a: Gardevoir|Gardevoir|Gardevoirite
|move|p1a: Gardevoir|Hyper Voice|p2a: Celebi
|-damage|p2a: Celebi|202\/404
|
|-heal|p2a: Celebi|227\/404|[from] item: Leftovers
|turn|2
|c|âa kawaii girl|twave celebi will scare me
|c|âa kawaii girl|;_;
|
|move|p1a: Gardevoir|Calm Mind|p1a: Gardevoir
|-boost|p1a: Gardevoir|spa|1
|-boost|p1a: Gardevoir|spd|1
|move|p2a: Celebi|Recover|p2a: Celebi
|-heal|p2a: Celebi|404\/404
|
|turn|3
|c|âgyarad0site|rip keldeo counter
|c|âa kawaii girl|rip
|c|âa kawaii girl|u at least have mons that check it tho
|
|move|p1a: Gardevoir|Hyper Voice|p2a: Celebi
|-damage|p2a: Celebi|91\/404
|move|p2a: Celebi|Seed Bomb|p1a: Gardevoir
|-damage|p1a: Gardevoir|157\/277
|
|-heal|p2a: Celebi|116\/404|[from] item: Leftovers
|turn|4
|c|âa kawaii girl|ah
|c|âa kawaii girl|sd pass
|c|âa kawaii girl|?
|c|âgyarad0site|indeed
|c|âa kawaii girl|ah cool
|c|âa kawaii girl|my lop team has sd pass celebi too
|
|move|p1a: Gardevoir|Psyshock|p2a: Celebi
|-resisted|p2a: Celebi
|-damage|p2a: Celebi|0 fnt
|faint|p2a: Celebi
|
|
|switch|p2a: Lopunny|Lopunny, F, shiny|271\/271
|turn|5
|
|switch|p1a: Talonflame|Talonflame, M|297\/297
|detailschange|p2a: Lopunny|Lopunny-Mega, F, shiny
|-mega|p2a: Lopunny|Lopunny|Lopunnite
|move|p2a: Lopunny|Frustration|p1a: Talonflame
|-damage|p1a: Talonflame|62\/297
|
|turn|6
|
|switch|p2a: Hippowdon|Hippowdon, M|420\/420
|-weather|Sandstorm
|move|p1a: Talonflame|Roost|p1a: Talonflame
|-heal|p1a: Talonflame|211\/297
|
|-weather|Sandstorm|[upkeep]
|-damage|p1a: Talonflame|193\/297|[from] sandstorm
|turn|7
|
|switch|p1a: Gardevoir|Gardevoir-Mega, M|157\/277
|move|p2a: Hippowdon|Rock Tomb|p1a: Gardevoir
|-damage|p1a: Gardevoir|88\/277
|-unboost|p1a: Gardevoir|spe|1
|
|-weather|Sandstorm|[upkeep]
|-damage|p1a: Gardevoir|71\/277|[from] sandstorm
|turn|8
|
|move|p1a: Gardevoir|Hyper Voice|p2a: Hippowdon
|-damage|p2a: Hippowdon|87\/420
|move|p2a: Hippowdon|Stealth Rock|p1a: Gardevoir
|-sidestart|p1: a kawaii girl|move: Stealth Rock
|
|-weather|Sandstorm|[upkeep]
|-damage|p1a: Gardevoir|54\/277|[from] sandstorm
|-heal|p2a: Hippowdon|113\/420|[from] item: Leftovers
|turn|9
|
|move|p1a: Gardevoir|Hyper Voice|p2a: Hippowdon
|-damage|p2a: Hippowdon|0 fnt
|faint|p2a: Hippowdon
|
|-weather|Sandstorm|[upkeep]
|-damage|p1a: Gardevoir|37\/277|[from] sandstorm
|
|switch|p2a: Lopunny|Lopunny-Mega, F, shiny|271\/271
|turn|10
|
|move|p2a: Lopunny|Frustration|p1a: Gardevoir
|-damage|p1a: Gardevoir|0 fnt
|faint|p1a: Gardevoir
|
|-weather|none
|
|switch|p1a: Keldeo|Keldeo|323\/323
|-damage|p1a: Keldeo|303\/323|[from] Stealth Rock
|turn|11
|
|switch|p2a: Azumarill|Azumarill, M|404\/404
|move|p1a: Keldeo|Scald|p2a: Azumarill
|-crit|p2a: Azumarill
|-resisted|p2a: Azumarill
|-damage|p2a: Azumarill|287\/404
|
|-heal|p1a: Keldeo|323\/323|[from] item: Leftovers
|turn|12
|join|Der Twist
|
|switch|p1a: Bisharp|Bisharp, M|271\/271
|-damage|p1a: Bisharp|255\/271|[from] Stealth Rock
|move|p2a: Azumarill|Play Rough|p1a: Bisharp
|-damage|p1a: Bisharp|47\/271
|
|turn|13
|
|move|p1a: Bisharp|Sucker Punch|p2a: Azumarill
|-resisted|p2a: Azumarill
|-damage|p2a: Azumarill|179\/404
|-damage|p1a: Bisharp|20\/271|[from] item: Life Orb
|-enditem|p2a: Azumarill|Sitrus Berry|[eat]
|-heal|p2a: Azumarill|280\/404|[from] item: Sitrus Berry
|move|p2a: Azumarill|Aqua Jet|p1a: Bisharp
|-damage|p1a: Bisharp|0 fnt
|faint|p1a: Bisharp
|
|
|switch|p1a: Gengar|Gengar, F|261\/261
|-damage|p1a: Gengar|229\/261|[from] Stealth Rock
|turn|14
|
|move|p2a: Azumarill|Aqua Jet|p1a: Gengar
|-damage|p1a: Gengar|87\/261
|move|p1a: Gengar|Sludge Wave|p2a: Azumarill
|-supereffective|p2a: Azumarill
|-damage|p2a: Azumarill|0 fnt
|-damage|p1a: Gengar|61\/261|[from] item: Life Orb
|faint|p2a: Azumarill
|
|
|switch|p2a: Lopunny|Lopunny-Mega, F, shiny|271\/271
|turn|15
|
|move|p2a: Lopunny|Frustration|p1a: Gengar
|-damage|p1a: Gengar|0 fnt
|faint|p1a: Gengar
|
|c|âa kawaii girl|i should probably run scarf keld or lati ;_;
|c|âgyarad0site|i was sure you were scarf keld
|c|âa kawaii girl|nah
|c| Der Twist|Scarfed Keld is so goo.
|c|âgyarad0site|because lop puts in too much work otherwise
|c| Der Twist|good*
|c|âa kawaii girl|ye
|c|âa kawaii girl|lop kinda rapes this team
|c|âa kawaii girl|let alone most offense
|
|switch|p1a: Keldeo|Keldeo|323\/323
|-damage|p1a: Keldeo|303\/323|[from] Stealth Rock
|turn|16
|
|switch|p2a: Zapdos|Zapdos|384\/384
|-ability|p2a: Zapdos|Pressure
|move|p1a: Keldeo|Secret Sword|p2a: Zapdos
|-resisted|p2a: Zapdos
|-damage|p2a: Zapdos|319\/384
|
|-heal|p1a: Keldeo|323\/323|[from] item: Leftovers
|-heal|p2a: Zapdos|343\/384|[from] item: Leftovers
|turn|17
|
|move|p1a: Keldeo|Substitute|p1a: Keldeo
|-start|p1a: Keldeo|Substitute
|-damage|p1a: Keldeo|243\/323
|move|p2a: Zapdos|Volt Switch|p1a: Keldeo
|-supereffective|p1a: Keldeo
|-end|p1a: Keldeo|Substitute
|c|âa kawaii girl|ah
|c|âa kawaii girl|wp
|
|switch|p2a: Lopunny|Lopunny-Mega, F, shiny|271\/271
|
|-heal|p1a: Keldeo|263\/323|[from] item: Leftovers
|turn|18
|
|move|p2a: Lopunny|Encore|p1a: Keldeo
|-start|p1a: Keldeo|Encore
|move|p1a: Keldeo|Substitute|p1a: Keldeo
|-start|p1a: Keldeo|Substitute
|-damage|p1a: Keldeo|183\/323
|
|-heal|p1a: Keldeo|203\/323|[from] item: Leftovers
|turn|19
|c|âa kawaii girl|oh
|c|âa kawaii girl|sub encore?
|c| Der Twist|Encore PuP.
|
|switch|p1a: Talonflame|Talonflame, M|193\/297
|-damage|p1a: Talonflame|45\/297|[from] Stealth Rock
|move|p2a: Lopunny|Power-Up Punch|p1a: Talonflame
|-resisted|p1a: Talonflame
|-damage|p1a: Talonflame|0 fnt
|-boost|p2a: Lopunny|atk|1
|faint|p1a: Talonflame
|
|c|âa kawaii girl|ah
|c|âa kawaii girl|gg n_n
|
|switch|p1a: Latios|Latios, M|301\/301
|-damage|p1a: Latios|264\/301|[from] Stealth Rock
|turn|20
|c|âgyarad0site|unless you're bluffing
|c|âgyarad0site|and this is scarf latios
|c|âa kawaii girl|nah
|
|move|p2a: Lopunny|Frustration|p1a: Latios
|-damage|p1a: Latios|0 fnt
|faint|p1a: Latios
|
|
|switch|p1a: Keldeo|Keldeo|203\/323
|-damage|p1a: Keldeo|183\/323|[from] Stealth Rock
|turn|21
|
|move|p2a: Lopunny|Frustration|p1a: Keldeo
|-damage|p1a: Keldeo|0 fnt
|faint|p1a: Keldeo
|
|win|gyarad0site
|c|âgyarad0site|gg
|c|âa kawaii girl|ggwp
|leave|a kawaii girl