|join|gyarad0site
|join|buckmuligan
|player|p1|gyarad0site|195
|player|p2|buckmuligan|101
|gametype|singles
|gen|6
|tier|OU
|rated
|clearpoke
|poke|p1|Scizor, M, shiny
|poke|p1|Manaphy, shiny
|poke|p1|Thundurus, M
|poke|p1|Landorus-Therian, M
|poke|p1|Cobalion
|poke|p1|Latios, M
|poke|p2|Serperior, F
|poke|p2|Gyarados, F
|poke|p2|Talonflame, M
|poke|p2|Bisharp, F
|poke|p2|Aerodactyl, M
|poke|p2|Latias, F
|rule|Swagger Clause: Swagger is banned
|rule|Baton Pass Clause: Limit one PokÃ©mon knowing Baton Pass
|rule|Sleep Clause Mod: Limit one foe put to sleep
|rule|Species Clause: Limit one of each PokÃ©mon
|rule|OHKO Clause: OHKO moves are banned
|rule|Moody Clause: Moody is banned
|rule|Evasion Moves Clause: Evasion moves are banned
|rule|Endless Battle Clause: Forcing endless battles is banned
|rule|HP Percentage Mod: HP is shown in percentages
|teampreview
|
|start
|switch|p1a: Thundurus|Thundurus, M|299\/299
|switch|p2a: ActuallyArcheops|Aerodactyl, M|301\/301
|-ability|p2a: ActuallyArcheops|Pressure
|turn|1
|
|switch|p1a: sAMuel L|Landorus-Therian, M|381\/381
|-ability|p1a: sAMuel L|Intimidate|[of] p2a: ActuallyArcheops
|-unboost|p2a: ActuallyArcheops|atk|1
|move|p2a: ActuallyArcheops|Stealth Rock|p1a: sAMuel L
|-sidestart|p1: gyarad0site|move: Stealth Rock
|
|turn|2
|
|move|p2a: ActuallyArcheops|Rock Slide|p1a: sAMuel L
|-damage|p1a: sAMuel L|320\/381
|move|p1a: sAMuel L|Rock Tomb|p2a: ActuallyArcheops
|-supereffective|p2a: ActuallyArcheops
|-damage|p2a: ActuallyArcheops|119\/301
|-unboost|p2a: ActuallyArcheops|spe|1
|
|-heal|p1a: sAMuel L|343\/381|[from] item: Leftovers
|turn|3
|
|move|p2a: ActuallyArcheops|Rock Slide|p1a: sAMuel L
|-damage|p1a: sAMuel L|286\/381
|move|p1a: sAMuel L|Stealth Rock|p2a: ActuallyArcheops
|-sidestart|p2: buckmuligan|move: Stealth Rock
|
|-heal|p1a: sAMuel L|309\/381|[from] item: Leftovers
|turn|4
|
|move|p2a: ActuallyArcheops|Rock Slide|p1a: sAMuel L
|-damage|p1a: sAMuel L|254\/381
|move|p1a: sAMuel L|Rock Tomb|p2a: ActuallyArcheops
|-supereffective|p2a: ActuallyArcheops
|-damage|p2a: ActuallyArcheops|0 fnt
|faint|p2a: ActuallyArcheops
|
|-heal|p1a: sAMuel L|277\/381|[from] item: Leftovers
|
|switch|p2a: Darude-Leafstorm|Serperior, F|291\/291
|-damage|p2a: Darude-Leafstorm|255\/291|[from] Stealth Rock
|turn|5
|
|move|p2a: Darude-Leafstorm|Leaf Storm|p1a: sAMuel L
|-crit|p1a: sAMuel L
|-damage|p1a: sAMuel L|0 fnt
|-boost|p2a: Darude-Leafstorm|spa|2
|faint|p1a: sAMuel L
|
|
|switch|p1a: flAMberge|Cobalion|358\/358
|-damage|p1a: flAMberge|347\/358|[from] Stealth Rock
|turn|6
|
|move|p2a: Darude-Leafstorm|Leaf Storm|p1a: flAMberge
|-resisted|p1a: flAMberge
|-damage|p1a: flAMberge|121\/358
|-boost|p2a: Darude-Leafstorm|spa|2
|move|p1a: flAMberge|Iron Head|p2a: Darude-Leafstorm
|-crit|p2a: Darude-Leafstorm
|-damage|p2a: Darude-Leafstorm|101\/291
|
|-heal|p1a: flAMberge|143\/358|[from] item: Leftovers
|turn|7
|
|move|p2a: Darude-Leafstorm|Leaf Storm|p1a: flAMberge|[miss]
|-miss|p2a: Darude-Leafstorm|p1a: flAMberge
|move|p1a: flAMberge|Iron Head|p2a: Darude-Leafstorm
|-damage|p2a: Darude-Leafstorm|0 fnt
|faint|p2a: Darude-Leafstorm
|
|-heal|p1a: flAMberge|165\/358|[from] item: Leftovers
|
|switch|p2a: Gyaratwo|Gyarados, F|331\/331
|-damage|p2a: Gyaratwo|249\/331|[from] Stealth Rock
|-ability|p2a: Gyaratwo|Intimidate|[of] p1a: flAMberge
|-unboost|p1a: flAMberge|atk|1
|turn|8
|
|detailschange|p2a: Gyaratwo|Gyarados-Mega, F
|-mega|p2a: Gyaratwo|Gyarados|Gyaradosite
|-ability|p2a: Gyaratwo|Mold Breaker
|move|p1a: flAMberge|Taunt|p2a: Gyaratwo
|-start|p2a: Gyaratwo|move: Taunt
|cant|p2a: Gyaratwo|move: Taunt|Dragon Dance
|
|-heal|p1a: flAMberge|187\/358|[from] item: Leftovers
|turn|9
|
|move|p1a: flAMberge|Close Combat|p2a: Gyaratwo
|-supereffective|p2a: Gyaratwo
|-damage|p2a: Gyaratwo|73\/331
|-unboost|p1a: flAMberge|def|1
|-unboost|p1a: flAMberge|spd|1
|move|p2a: Gyaratwo|Earthquake|p1a: flAMberge
|-supereffective|p1a: flAMberge
|-damage|p1a: flAMberge|0 fnt
|faint|p1a: flAMberge
|
|
|switch|p1a: rAMbo|Scizor, M, shiny|291\/291
|-damage|p1a: rAMbo|255\/291|[from] Stealth Rock
|turn|10
|
|switch|p2a: GenderBenderLatios|Latias, F|301\/301
|-damage|p2a: GenderBenderLatios|264\/301|[from] Stealth Rock
|detailschange|p1a: rAMbo|Scizor-Mega, M, shiny
|-mega|p1a: rAMbo|Scizor|Scizorite
|move|p1a: rAMbo|Swords Dance|p1a: rAMbo
|-boost|p1a: rAMbo|atk|2
|
|turn|11
|
|move|p1a: rAMbo|Bullet Punch|p2a: GenderBenderLatios
|-damage|p2a: GenderBenderLatios|0 fnt
|faint|p2a: GenderBenderLatios
|
|
|switch|p2a: I'm using sucker p|Bisharp, F|272\/272
|-damage|p2a: I'm using sucker p|255\/272|[from] Stealth Rock
|turn|12
|
|move|p1a: rAMbo|Bullet Punch|p2a: I'm using sucker p
|-resisted|p2a: I'm using sucker p
|-damage|p2a: I'm using sucker p|144\/272
|move|p2a: I'm using sucker p|Swords Dance|p2a: I'm using sucker p
|-boost|p2a: I'm using sucker p|atk|2
|
|turn|13
|
|move|p1a: rAMbo|Bullet Punch|p2a: I'm using sucker p
|-resisted|p2a: I'm using sucker p
|-damage|p2a: I'm using sucker p|34\/272
|move|p2a: I'm using sucker p|Sucker Punch|p1a: rAMbo
|-fail|p1a: rAMbo
|
|turn|14
|
|move|p1a: rAMbo|Bullet Punch|p2a: I'm using sucker p
|-resisted|p2a: I'm using sucker p
|-damage|p2a: I'm using sucker p|0 fnt
|faint|p2a: I'm using sucker p
|
|
|switch|p2a: SecretCharizard|Talonflame, M|327\/327
|-damage|p2a: SecretCharizard|164\/327|[from] Stealth Rock
|turn|15
|
|move|p2a: SecretCharizard|Roost|p2a: SecretCharizard
|-heal|p2a: SecretCharizard|327\/327
|move|p1a: rAMbo|Bullet Punch|p2a: SecretCharizard
|-resisted|p2a: SecretCharizard
|-damage|p2a: SecretCharizard|183\/327
|
|turn|16
|
|move|p1a: rAMbo|Bullet Punch|p2a: SecretCharizard
|-resisted|p2a: SecretCharizard
|-damage|p2a: SecretCharizard|36\/327
|move|p2a: SecretCharizard|Flare Blitz|p1a: rAMbo
|-supereffective|p1a: rAMbo
|-damage|p1a: rAMbo|0 fnt
|-damage|p2a: SecretCharizard|0 fnt|[from] recoil|[of] p1a: rAMbo
|faint|p1a: rAMbo
|faint|p2a: SecretCharizard
|
|
|switch|p1a: Thundurus|Thundurus, M|299\/299
|switch|p2a: Gyaratwo|Gyarados-Mega, F|73\/331
|-damage|p1a: Thundurus|225\/299|[from] Stealth Rock
|-damage|p2a: Gyaratwo|32\/331|[from] Stealth Rock
|-ability|p2a: Gyaratwo|Mold Breaker
|turn|17
|
|move|p1a: Thundurus|Volt Switch|p2a: Gyaratwo
|-supereffective|p2a: Gyaratwo
|-damage|p2a: Gyaratwo|0 fnt
|faint|p2a: Gyaratwo
|
|win|gyarad0site
|raw|Ladder updating...
|c|âgyarad0site|gg
|raw|gyarad0site's rating: 1635 &rarr; <strong>1647<\/strong><br \/>(+12 for winning)
|raw|buckmuligan's rating: 1482 &rarr; <strong>1470<\/strong><br \/>(-12 for losing)
|leave|buckmuligan
|player|p2