|join|gyarad0site
|join|AnybodyAgrees
|player|p1|gyarad0site|195
|player|p2|AnybodyAgrees|109
|gametype|singles
|gen|6
|tier|OU
|rated
|clearpoke
|poke|p1|Scizor, M, shiny
|poke|p1|Manaphy, shiny
|poke|p1|Thundurus, M
|poke|p1|Landorus-Therian, M
|poke|p1|Cobalion
|poke|p1|Latios, M
|poke|p2|Landorus, M
|poke|p2|Scizor, F
|poke|p2|Magneton
|poke|p2|Bisharp, F
|poke|p2|Kyurem-Black
|poke|p2|Thundurus, M
|rule|Swagger Clause: Swagger is banned
|rule|Baton Pass Clause: Limit one PokÃ©mon knowing Baton Pass
|rule|Sleep Clause Mod: Limit one foe put to sleep
|rule|Species Clause: Limit one of each PokÃ©mon
|rule|OHKO Clause: OHKO moves are banned
|rule|Moody Clause: Moody is banned
|rule|Evasion Moves Clause: Evasion moves are banned
|rule|Endless Battle Clause: Forcing endless battles is banned
|rule|HP Percentage Mod: HP is shown in percentages
|teampreview
|
|start
|switch|p1a: flAMberge|Cobalion|358\/358
|switch|p2a: 4MSS at its finest|Landorus, M|319\/319
|turn|1
|
|switch|p1a: sAMuel L|Landorus-Therian, M|381\/381
|-ability|p1a: sAMuel L|Intimidate|[of] p2a: 4MSS at its finest
|-unboost|p2a: 4MSS at its finest|atk|1
|move|p2a: 4MSS at its finest|Stealth Rock|p1a: sAMuel L
|-sidestart|p1: gyarad0site|move: Stealth Rock
|
|turn|2
|
|move|p2a: 4MSS at its finest|Knock Off|p1a: sAMuel L
|-damage|p1a: sAMuel L|323\/381
|-enditem|p1a: sAMuel L|Leftovers|[from] move: Knock Off|[of] p2a: 4MSS at its finest
|-damage|p2a: 4MSS at its finest|288\/319|[from] item: Life Orb
|move|p1a: sAMuel L|Stealth Rock|p2a: 4MSS at its finest
|-sidestart|p2: AnybodyAgrees|move: Stealth Rock
|
|turn|3
|c|âAnybodyAgrees|why isn't coba setting rocks?
|
|move|p2a: 4MSS at its finest|Focus Blast|p1a: sAMuel L
|-resisted|p1a: sAMuel L
|-damage|p1a: sAMuel L|188\/381
|move|p1a: sAMuel L|Rock Tomb|p2a: 4MSS at its finest
|-damage|p2a: 4MSS at its finest|222\/319
|-unboost|p2a: 4MSS at its finest|spe|1
|
|turn|4
|
|switch|p2a: Fogged Power|Bisharp, F|272\/272
|-damage|p2a: Fogged Power|255\/272|[from] Stealth Rock
|move|p1a: sAMuel L|Rock Tomb|p2a: Fogged Power
|-resisted|p2a: Fogged Power
|-damage|p2a: Fogged Power|222\/272
|-unboost|p2a: Fogged Power|spe|1
|-boost|p2a: Fogged Power|atk|2|[from] ability: Defiant
|
|turn|5
|
|move|p1a: sAMuel L|Earthquake|p2a: Fogged Power
|-supereffective|p2a: Fogged Power
|-damage|p2a: Fogged Power|0 fnt
|faint|p2a: Fogged Power
|
|
|switch|p2a: Bad Hair Day|Thundurus, M|299\/299
|-damage|p2a: Bad Hair Day|225\/299|[from] Stealth Rock
|turn|6
|
|move|p2a: Bad Hair Day|Hidden Power|p1a: sAMuel L
|-supereffective|p1a: sAMuel L
|-damage|p1a: sAMuel L|0 fnt
|-damage|p2a: Bad Hair Day|196\/299|[from] item: Life Orb
|faint|p1a: sAMuel L
|
|
|switch|p1a: Latios|Latios, M|301\/301
|-damage|p1a: Latios|264\/301|[from] Stealth Rock
|turn|7
|
|switch|p2a: Not a typo|Magneton|242\/242
|-damage|p2a: Not a typo|227\/242|[from] Stealth Rock
|move|p1a: Latios|Draco Meteor|p2a: Not a typo
|-resisted|p2a: Not a typo
|-damage|p2a: Not a typo|62\/242
|-unboost|p1a: Latios|spa|2
|
|turn|8
|
|move|p1a: Latios|Draco Meteor|p2a: Not a typo
|-crit|p2a: Not a typo
|-resisted|p2a: Not a typo
|-damage|p2a: Not a typo|0 fnt
|-unboost|p1a: Latios|spa|2
|faint|p2a: Not a typo
|
|c|âAnybodyAgrees|holy shit, magneton's that frail specially?
|
|switch|p2a: Edward|Scizor, F|343\/343
|-damage|p2a: Edward|301\/343|[from] Stealth Rock
|turn|9
|
|switch|p1a: flAMberge|Cobalion|358\/358
|-damage|p1a: flAMberge|347\/358|[from] Stealth Rock
|detailschange|p2a: Edward|Scizor-Mega, F
|-mega|p2a: Edward|Scizor|Scizorite
|move|p2a: Edward|Swords Dance|p2a: Edward
|-boost|p2a: Edward|atk|2
|
|-heal|p1a: flAMberge|358\/358|[from] item: Leftovers
|turn|10
|
|move|p1a: flAMberge|Taunt|p2a: Edward
|-start|p2a: Edward|move: Taunt
|cant|p2a: Edward|move: Taunt|Swords Dance
|
|turn|11
|
|move|p2a: Edward|Bullet Punch|p1a: flAMberge
|-resisted|p1a: flAMberge
|-damage|p1a: flAMberge|277\/358
|move|p1a: flAMberge|Iron Head|p2a: Edward
|-resisted|p2a: Edward
|-damage|p2a: Edward|268\/343
|
|-heal|p1a: flAMberge|299\/358|[from] item: Leftovers
|turn|12
|
|move|p2a: Edward|Bullet Punch|p1a: flAMberge
|-resisted|p1a: flAMberge
|-damage|p1a: flAMberge|218\/358
|move|p1a: flAMberge|Iron Head|p2a: Edward
|-crit|p2a: Edward
|-resisted|p2a: Edward
|-damage|p2a: Edward|222\/343
|
|-heal|p1a: flAMberge|240\/358|[from] item: Leftovers
|-end|p2a: Edward|move: Taunt
|turn|13
|
|move|p2a: Edward|Bullet Punch|p1a: flAMberge
|-resisted|p1a: flAMberge
|-damage|p1a: flAMberge|158\/358
|move|p1a: flAMberge|Taunt|p2a: Edward
|-start|p2a: Edward|move: Taunt
|
|-heal|p1a: flAMberge|180\/358|[from] item: Leftovers
|turn|14
|
|move|p1a: flAMberge|Iron Head|p2a: Edward
|-resisted|p2a: Edward
|-damage|p2a: Edward|188\/343
|move|p2a: Edward|Knock Off|p1a: flAMberge
|-resisted|p1a: flAMberge
|-damage|p1a: flAMberge|84\/358
|-boost|p1a: flAMberge|atk|1|[from] ability: Justified
|-enditem|p1a: flAMberge|Leftovers|[from] move: Knock Off|[of] p2a: Edward
|
|turn|15
|
|move|p2a: Edward|Bullet Punch|p1a: flAMberge
|-resisted|p1a: flAMberge
|-damage|p1a: flAMberge|0 fnt
|faint|p1a: flAMberge
|
|
|switch|p1a: murakAMi|Manaphy, shiny|351\/351
|-damage|p1a: murakAMi|308\/351|[from] Stealth Rock
|turn|16
|
|move|p1a: murakAMi|Scald|p2a: Edward
|-damage|p2a: Edward|80\/343
|move|p2a: Edward|Knock Off|p1a: murakAMi
|-damage|p1a: murakAMi|68\/351
|-enditem|p1a: murakAMi|Leftovers|[from] move: Knock Off|[of] p2a: Edward
|
|-end|p2a: Edward|move: Taunt
|turn|17
|
|move|p2a: Edward|Bullet Punch|p1a: murakAMi
|-resisted|p1a: murakAMi
|-damage|p1a: murakAMi|0 fnt
|faint|p1a: murakAMi
|
|
|switch|p1a: Thundurus|Thundurus, M|299\/299
|-damage|p1a: Thundurus|225\/299|[from] Stealth Rock
|turn|18
|
|move|p2a: Edward|Bullet Punch|p1a: Thundurus
|-resisted|p1a: Thundurus
|-damage|p1a: Thundurus|94\/299
|move|p1a: Thundurus|Volt Switch|p2a: Edward
|-damage|p2a: Edward|0 fnt
|faint|p2a: Edward
|
|switch|p1a: rAMbo|Scizor, M, shiny|291\/291
|-damage|p1a: rAMbo|255\/291|[from] Stealth Rock
|
|
|switch|p2a: 4MSS at its finest|Landorus, M|222\/319
|-damage|p2a: 4MSS at its finest|183\/319|[from] Stealth Rock
|turn|19
|
|switch|p1a: Thundurus|Thundurus, M|94\/299
|-damage|p1a: Thundurus|20\/299|[from] Stealth Rock
|move|p2a: 4MSS at its finest|Earth Power|p1a: Thundurus
|-immune|p1a: Thundurus|[msg]
|
|-heal|p1a: Thundurus|38\/299|[from] item: Leftovers
|turn|20
|
|switch|p2a: Le Overkill|Kyurem-Black|391\/391
|-damage|p2a: Le Overkill|294\/391|[from] Stealth Rock
|-ability|p2a: Le Overkill|Teravolt
|move|p1a: Thundurus|Hidden Power|p2a: Le Overkill
|-damage|p2a: Le Overkill|217\/391
|
|-heal|p1a: Thundurus|56\/299|[from] item: Leftovers
|turn|21
|
|move|p1a: Thundurus|Hidden Power|p2a: Le Overkill
|-damage|p2a: Le Overkill|146\/391
|move|p2a: Le Overkill|Dragon Claw|p1a: Thundurus
|-damage|p1a: Thundurus|0 fnt
|faint|p1a: Thundurus
|
|
|switch|p1a: rAMbo|Scizor, M, shiny|255\/291
|-damage|p1a: rAMbo|219\/291|[from] Stealth Rock
|turn|22
|
|detailschange|p1a: rAMbo|Scizor-Mega, M, shiny
|-mega|p1a: rAMbo|Scizor|Scizorite
|move|p2a: Le Overkill|Dragon Claw|p1a: rAMbo
|-resisted|p1a: rAMbo
|-damage|p1a: rAMbo|108\/291
|move|p1a: rAMbo|Swords Dance|p1a: rAMbo
|-boost|p1a: rAMbo|atk|2
|
|turn|23
|
|move|p1a: rAMbo|Bullet Punch|p2a: Le Overkill
|-supereffective|p2a: Le Overkill
|-damage|p2a: Le Overkill|0 fnt
|faint|p2a: Le Overkill
|
|c|âAnybodyAgrees|gg
|
|switch|p2a: 4MSS at its finest|Landorus, M|183\/319
|-damage|p2a: 4MSS at its finest|144\/319|[from] Stealth Rock
|turn|24
|
|move|p1a: rAMbo|Bullet Punch|p2a: 4MSS at its finest
|-damage|p2a: 4MSS at its finest|0 fnt
|faint|p2a: 4MSS at its finest
|
|
|switch|p2a: Bad Hair Day|Thundurus, M|196\/299
|-damage|p2a: Bad Hair Day|122\/299|[from] Stealth Rock
|turn|25
|
|move|p1a: rAMbo|Bullet Punch|p2a: Bad Hair Day
|-resisted|p2a: Bad Hair Day
|-damage|p2a: Bad Hair Day|0 fnt
|faint|p2a: Bad Hair Day
|
|win|gyarad0site
|raw|Ladder updating...
|raw|gyarad0site's rating: 1629 &rarr; <strong>1647<\/strong><br \/>(+18 for winning)
|raw|AnybodyAgrees's rating: 1597 &rarr; <strong>1579<\/strong><br \/>(-18 for losing)
|leave|AnybodyAgrees
|player|p2
|c|âgyarad0site|gg
|join|AM