|join|gyarad0site
|join|FWScizor
|player|p1|gyarad0site|195
|player|p2|FWScizor|151
|gametype|singles
|gen|6
|tier|OU
|rated
|clearpoke
|poke|p1|Gallade, M
|poke|p1|Bisharp, M
|poke|p1|Garchomp, M
|poke|p1|Zapdos
|poke|p1|Clefable, M
|poke|p1|Gengar, M
|poke|p2|Landorus-Therian, M
|poke|p2|Jirachi
|poke|p2|Serperior, M
|poke|p2|Latios, M
|poke|p2|Heatran, M
|poke|p2|Heracross, F
|rule|Swagger Clause: Swagger is banned
|rule|Baton Pass Clause: Limit one PokÃ©mon knowing Baton Pass
|rule|Sleep Clause Mod: Limit one foe put to sleep
|rule|Species Clause: Limit one of each PokÃ©mon
|rule|OHKO Clause: OHKO moves are banned
|rule|Moody Clause: Moody is banned
|rule|Evasion Moves Clause: Evasion moves are banned
|rule|Endless Battle Clause: Forcing endless battles is banned
|rule|HP Percentage Mod: HP is shown in percentages
|teampreview
|
|start
|switch|p1a: Garchomp|Garchomp, M|420\/420
|switch|p2a: Landorus-Therian|Landorus-Therian, M|382\/382
|-ability|p2a: Landorus-Therian|Intimidate|[of] p1a: Garchomp
|-unboost|p1a: Garchomp|atk|1
|turn|1
|
|move|p1a: Garchomp|Stealth Rock|p2a: Landorus-Therian
|-sidestart|p2: FWScizor|move: Stealth Rock
|move|p2a: Landorus-Therian|Stealth Rock|p1a: Garchomp
|-sidestart|p1: gyarad0site|move: Stealth Rock
|
|turn|2
|
|move|p1a: Garchomp|Toxic|p2a: Landorus-Therian
|-status|p2a: Landorus-Therian|tox
|move|p2a: Landorus-Therian|Knock Off|p1a: Garchomp
|-damage|p1a: Garchomp|322\/420
|-damage|p2a: Landorus-Therian|335\/382 tox|[from] ability: Rough Skin|[of] p1a: Garchomp
|-damage|p2a: Landorus-Therian|272\/382 tox|[from] item: Rocky Helmet|[of] p1a: Garchomp
|-enditem|p1a: Garchomp|Rocky Helmet|[from] move: Knock Off|[of] p2a: Landorus-Therian
|
|-heal|p2a: Landorus-Therian|295\/382 tox|[from] item: Leftovers
|-damage|p2a: Landorus-Therian|272\/382 tox|[from] psn
|turn|3
|
|move|p2a: Landorus-Therian|U-turn|p1a: Garchomp
|-damage|p1a: Garchomp|252\/420
|-damage|p2a: Landorus-Therian|225\/382 tox|[from] ability: Rough Skin|[of] p1a: Garchomp
|
|switch|p2a: Jirachi|Jirachi|404\/404
|-damage|p2a: Jirachi|379\/404|[from] Stealth Rock
|move|p1a: Garchomp|Dragon Tail|p2a: Jirachi
|-resisted|p2a: Jirachi
|-damage|p2a: Jirachi|346\/404
|drag|p2a: Latios|Latios, M|302\/302
|-damage|p2a: Latios|265\/302|[from] Stealth Rock
|
|turn|4
|
|switch|p1a: Clefable|Clefable, M|393\/393
|-damage|p1a: Clefable|344\/393|[from] Stealth Rock
|move|p2a: Latios|Draco Meteor|p1a: Clefable
|-immune|p1a: Clefable|[msg]
|
|-heal|p1a: Clefable|368\/393|[from] item: Leftovers
|turn|5
|
|switch|p2a: Jirachi|Jirachi|346\/404
|-damage|p2a: Jirachi|321\/404|[from] Stealth Rock
|switch|p1a: Gallade|Gallade, M|277\/277
|-damage|p1a: Gallade|260\/277|[from] Stealth Rock
|
|-heal|p2a: Jirachi|346\/404|[from] item: Leftovers
|turn|6
|
|switch|p2a: Landorus-Therian|Landorus-Therian, M|225\/382 tox
|-damage|p2a: Landorus-Therian|178\/382 tox|[from] Stealth Rock
|-ability|p2a: Landorus-Therian|Intimidate|[of] p1a: Gallade
|-unboost|p1a: Gallade|atk|1
|detailschange|p1a: Gallade|Gallade-Mega, M
|-mega|p1a: Gallade|Gallade|Galladite
|move|p1a: Gallade|Close Combat|p2a: Landorus-Therian
|-resisted|p2a: Landorus-Therian
|-damage|p2a: Landorus-Therian|117\/382 tox
|-unboost|p1a: Gallade|def|1
|-unboost|p1a: Gallade|spd|1
|
|-heal|p2a: Landorus-Therian|140\/382 tox|[from] item: Leftovers
|-damage|p2a: Landorus-Therian|117\/382 tox|[from] psn
|turn|7
|
|move|p1a: Gallade|Ice Punch|p2a: Landorus-Therian
|-supereffective|p2a: Landorus-Therian
|-damage|p2a: Landorus-Therian|0 fnt
|faint|p2a: Landorus-Therian
|
|
|switch|p2a: Heracross|Heracross, F|301\/301
|-damage|p2a: Heracross|264\/301|[from] Stealth Rock
|turn|8
|
|detailschange|p2a: Heracross|Heracross-Mega, F
|-mega|p2a: Heracross|Heracross|Heracronite
|move|p1a: Gallade|Zen Headbutt|p2a: Heracross
|-supereffective|p2a: Heracross
|-damage|p2a: Heracross|72\/301
|cant|p2a: Heracross|flinch
|
|turn|9
|
|move|p1a: Gallade|Zen Headbutt|p2a: Heracross
|-crit|p2a: Heracross
|-supereffective|p2a: Heracross
|-damage|p2a: Heracross|0 fnt
|faint|p2a: Heracross
|
|
|switch|p2a: Latios|Latios, M|265\/302
|-damage|p2a: Latios|228\/302|[from] Stealth Rock
|turn|10
|
|switch|p1a: Bisharp|Bisharp, M|291\/291
|-damage|p1a: Bisharp|273\/291|[from] Stealth Rock
|move|p2a: Latios|Psyshock|p1a: Bisharp
|-immune|p1a: Bisharp|[msg]
|
|turn|11
|
|move|p2a: Latios|Draco Meteor|p1a: Bisharp
|-resisted|p1a: Bisharp
|-damage|p1a: Bisharp|64\/291
|-unboost|p2a: Latios|spa|2
|-damage|p2a: Latios|198\/302|[from] item: Life Orb
|move|p1a: Bisharp|Knock Off|p2a: Latios
|-supereffective|p2a: Latios
|-damage|p2a: Latios|0 fnt
|-enditem|p2a: Latios|Life Orb|[from] move: Knock Off|[of] p1a: Bisharp
|faint|p2a: Latios
|
|
|switch|p2a: Jirachi|Jirachi|346\/404
|-damage|p2a: Jirachi|321\/404|[from] Stealth Rock
|turn|12
|
|move|p2a: Jirachi|Substitute|p2a: Jirachi
|-start|p2a: Jirachi|Substitute
|-damage|p2a: Jirachi|220\/404
|move|p1a: Bisharp|Knock Off|p2a: Jirachi
|-supereffective|p2a: Jirachi
|-end|p2a: Jirachi|Substitute
|
|-heal|p2a: Jirachi|245\/404|[from] item: Leftovers
|turn|13
|
|move|p1a: Bisharp|Sucker Punch|p2a: Jirachi
|-supereffective|p2a: Jirachi
|-damage|p2a: Jirachi|0 fnt
|faint|p2a: Jirachi
|
|
|switch|p2a: Heatran|Heatran, M|323\/323
|-damage|p2a: Heatran|283\/323|[from] Stealth Rock
|turn|14
|
|move|p2a: Heatran|Lava Plume|p1a: Bisharp
|-supereffective|p1a: Bisharp
|-damage|p1a: Bisharp|0 fnt
|faint|p1a: Bisharp
|
|-heal|p2a: Heatran|303\/323|[from] item: Leftovers
|
|switch|p1a: Gallade|Gallade-Mega, M|260\/277
|-damage|p1a: Gallade|243\/277|[from] Stealth Rock
|turn|15
|
|move|p1a: Gallade|Close Combat|p2a: Heatran
|-supereffective|p2a: Heatran
|-damage|p2a: Heatran|0 fnt
|-unboost|p1a: Gallade|def|1
|-unboost|p1a: Gallade|spd|1
|faint|p2a: Heatran
|
|
|switch|p2a: Serperior|Serperior, M|291\/291
|-damage|p2a: Serperior|255\/291|[from] Stealth Rock
|turn|16
|
|move|p2a: Serperior|Leaf Storm|p1a: Gallade
|-damage|p1a: Gallade|36\/277
|-boost|p2a: Serperior|spa|2
|move|p1a: Gallade|Close Combat|p2a: Serperior
|-damage|p2a: Serperior|0 fnt
|-unboost|p1a: Gallade|def|1
|-unboost|p1a: Gallade|spd|1
|faint|p2a: Serperior
|
|win|gyarad0site
|raw|Ladder updating...
|raw|gyarad0site's rating: 1655 &rarr; <strong>1672<\/strong><br \/>(+17 for winning)
|raw|FWScizor's rating: 1603 &rarr; <strong>1586<\/strong><br \/>(-17 for losing)
|c|âgyarad0site|gg