|join|gyarad0site
|join|4d0pt3d
|player|p1|gyarad0site|195
|player|p2|4d0pt3d|25
|gametype|singles
|gen|6
|tier|OU
|clearpoke
|poke|p1|Scizor, M, shiny
|poke|p1|Manaphy, shiny
|poke|p1|Thundurus, M
|poke|p1|Landorus-Therian, M
|poke|p1|Cobalion
|poke|p1|Latios, M
|poke|p2|Hawlucha, F
|poke|p2|Landorus-Therian, M
|poke|p2|Manaphy
|poke|p2|Manectric, M
|poke|p2|Heatran, F
|poke|p2|Celebi
|rule|Swagger Clause: Swagger is banned
|rule|Baton Pass Clause: Limit one PokÃ©mon knowing Baton Pass
|rule|Sleep Clause Mod: Limit one foe put to sleep
|rule|Species Clause: Limit one of each PokÃ©mon
|rule|OHKO Clause: OHKO moves are banned
|rule|Moody Clause: Moody is banned
|rule|Evasion Moves Clause: Evasion moves are banned
|rule|Endless Battle Clause: Forcing endless battles is banned
|rule|HP Percentage Mod: HP is shown in percentages
|teampreview
|
|start
|switch|p1a: sAMuel L|Landorus-Therian, M|381\/381
|switch|p2a: Landorus-Therian|Landorus-Therian, M|339\/339
|-ability|p2a: Landorus-Therian|Intimidate|[of] p1a: sAMuel L
|-unboost|p1a: sAMuel L|atk|1
|-ability|p1a: sAMuel L|Intimidate|[of] p2a: Landorus-Therian
|-unboost|p2a: Landorus-Therian|atk|1
|turn|1
|c|â4d0pt3d|stop using the frickin am team
|c|â4d0pt3d|or do you have no other teams
|c|âgyarad0site|lol i dont have anything else
|c|âgyarad0site|you dont have defog
|
|move|p2a: Landorus-Therian|U-turn|p1a: sAMuel L
|-resisted|p1a: sAMuel L
|-damage|p1a: sAMuel L|358\/381
|c|â4d0pt3d|ik
|c|â4d0pt3d|but where to put it?
|c|â4d0pt3d|i'm probs going to keep lucha\/megaman\/mana\/landoge
|c|â4d0pt3d|the last two slots are basically filler
|
|switch|p2a: Hawlucha|Hawlucha, F|304\/304
|move|p1a: sAMuel L|Stealth Rock|p2a: Hawlucha
|-sidestart|p2: 4d0pt3d|move: Stealth Rock
|
|-heal|p1a: sAMuel L|381\/381|[from] item: Leftovers
|turn|2
|
|move|p2a: Hawlucha|Substitute|p2a: Hawlucha
|-start|p2a: Hawlucha|Substitute
|-damage|p2a: Hawlucha|228\/304
|move|p1a: sAMuel L|U-turn|p2a: Hawlucha
|-resisted|p2a: Hawlucha
|-activate|p2a: Hawlucha|Substitute|[damage]
|c|âgyarad0site|turn celebi into defog mew ? idk
|
|switch|p1a: Thundurus|Thundurus, M|299\/299
|
|turn|3
|c|â4d0pt3d|celebi was meant for soaking water hits
|c|â4d0pt3d|and being a bitch
|c|â4d0pt3d|that's it
|
|move|p1a: Thundurus|Taunt|p2a: Hawlucha
|-start|p2a: Hawlucha|move: Taunt
|move|p2a: Hawlucha|Acrobatics|p1a: Thundurus
|-resisted|p1a: Thundurus
|-damage|p1a: Thundurus|248\/299
|
|-heal|p1a: Thundurus|266\/299|[from] item: Leftovers
|turn|4
|c|âgyarad0site|yep sounds right
|c|â4d0pt3d|just break the sub
|
|move|p2a: Hawlucha|Acrobatics|p1a: Thundurus
|-resisted|p1a: Thundurus
|-damage|p1a: Thundurus|215\/299
|move|p1a: Thundurus|Hidden Power|p2a: Hawlucha
|-crit|p2a: Hawlucha
|-supereffective|p2a: Hawlucha
|-end|p2a: Hawlucha|Substitute
|
|-heal|p1a: Thundurus|233\/299|[from] item: Leftovers
|turn|5
|c|â4d0pt3d|ty
|
|switch|p2a: Manectric|Manectric, M|281\/281
|-damage|p2a: Manectric|246\/281|[from] Stealth Rock
|move|p1a: Thundurus|Volt Switch|p2a: Manectric
|-boost|p2a: Manectric|spa|1|[from] ability: Lightning Rod
|
|-heal|p1a: Thundurus|251\/299|[from] item: Leftovers
|turn|6
|
|switch|p1a: Latios|Latios, M|301\/301
|detailschange|p2a: Manectric|Manectric-Mega, M
|-mega|p2a: Manectric|Manectric|Manectite
|-ability|p2a: Manectric|Intimidate|[of] p1a: Latios
|-unboost|p1a: Latios|atk|1
|move|p2a: Manectric|Hidden Power|p1a: Latios
|-supereffective|p1a: Latios
|-damage|p1a: Latios|93\/301
|
|turn|7
|c|â4d0pt3d|hold on need to calc
|c|âgyarad0site|no you dont
|c|â4d0pt3d|fine
|c|â4d0pt3d|you caught me
|c|â4d0pt3d|I needed a peepee break
|c|âgyarad0site|lmao
|c|âgyarad0site|dont pull a roark
|
|switch|p2a: Heatran|Heatran, F|333\/333
|-damage|p2a: Heatran|292\/333|[from] Stealth Rock
|-item|p2a: Heatran|Air Balloon
|move|p1a: Latios|Draco Meteor|p2a: Heatran
|-resisted|p2a: Heatran
|-damage|p2a: Heatran|178\/333
|-enditem|p2a: Heatran|Air Balloon
|-unboost|p1a: Latios|spa|2
|
|turn|8
|c|â4d0pt3d|so much lag
|
|switch|p1a: Thundurus|Thundurus, M|251\/299
|move|p2a: Heatran|Fire Blast|p1a: Thundurus
|-damage|p1a: Thundurus|8\/299
|
|-heal|p1a: Thundurus|26\/299|[from] item: Leftovers
|turn|9
|
|switch|p2a: Manectric|Manectric-Mega, M|246\/281
|-damage|p2a: Manectric|211\/281|[from] Stealth Rock
|-ability|p2a: Manectric|Intimidate|[of] p1a: Thundurus
|-unboost|p1a: Thundurus|atk|1
|move|p1a: Thundurus|Taunt|p2a: Manectric
|-start|p2a: Manectric|move: Taunt
|
|-heal|p1a: Thundurus|44\/299|[from] item: Leftovers
|turn|10
|
|switch|p1a: flAMberge|Cobalion|358\/358
|move|p2a: Manectric|Hidden Power|p1a: flAMberge
|-resisted|p1a: flAMberge
|-damage|p1a: flAMberge|307\/358
|
|-heal|p1a: flAMberge|329\/358|[from] item: Leftovers
|turn|11
|
|move|p2a: Manectric|Overheat|p1a: flAMberge
|-crit|p1a: flAMberge
|-supereffective|p1a: flAMberge
|-damage|p1a: flAMberge|0 fnt
|-unboost|p2a: Manectric|spa|2
|faint|p1a: flAMberge
|
|
|switch|p1a: Latios|Latios, M|93\/301
|turn|12
|
|switch|p2a: Heatran|Heatran, F|178\/333
|-damage|p2a: Heatran|137\/333|[from] Stealth Rock
|move|p1a: Latios|Draco Meteor|p2a: Heatran
|-resisted|p2a: Heatran
|-damage|p2a: Heatran|20\/333
|-unboost|p1a: Latios|spa|2
|
|turn|13
|
|move|p1a: Latios|Draco Meteor|p2a: Heatran|[miss]
|-miss|p1a: Latios|p2a: Heatran
|move|p2a: Heatran|Stealth Rock|p1a: Latios
|-sidestart|p1: gyarad0site|move: Stealth Rock
|
|turn|14
|c|âgyarad0site|lol
|c|â4d0pt3d|gj tran
|
|move|p1a: Latios|Draco Meteor|p2a: Heatran
|-resisted|p2a: Heatran
|-damage|p2a: Heatran|0 fnt
|-unboost|p1a: Latios|spa|2
|faint|p2a: Heatran
|
|
|switch|p2a: Celebi|Celebi|404\/404
|-damage|p2a: Celebi|354\/404|[from] Stealth Rock
|turn|15
|
|switch|p1a: Thundurus|Thundurus, M|44\/299
|-damage|p1a: Thundurus|0 fnt|[from] Stealth Rock
|faint|p1a: Thundurus
|move|p2a: Celebi|Substitute|p2a: Celebi
|-start|p2a: Celebi|Substitute
|-damage|p2a: Celebi|253\/404
|
|-heal|p2a: Celebi|278\/404|[from] item: Leftovers
|
|switch|p1a: sAMuel L|Landorus-Therian, M|381\/381
|-damage|p1a: sAMuel L|334\/381|[from] Stealth Rock
|-activate|p2a: Celebi|Substitute|ability: Intimidate|[of] p1a: sAMuel L
|turn|16
|
|move|p2a: Celebi|Recover|p2a: Celebi
|-heal|p2a: Celebi|404\/404
|move|p1a: sAMuel L|U-turn|p2a: Celebi
|-supereffective|p2a: Celebi
|-end|p2a: Celebi|Substitute
|
|switch|p1a: rAMbo|Scizor, M, shiny|291\/291
|-damage|p1a: rAMbo|255\/291|[from] Stealth Rock
|
|turn|17
|
|detailschange|p1a: rAMbo|Scizor-Mega, M, shiny
|-mega|p1a: rAMbo|Scizor|Scizorite
|move|p2a: Celebi|Substitute|p2a: Celebi
|-start|p2a: Celebi|Substitute
|-damage|p2a: Celebi|303\/404
|move|p1a: rAMbo|Swords Dance|p1a: rAMbo
|-boost|p1a: rAMbo|atk|2
|
|-heal|p2a: Celebi|328\/404|[from] item: Leftovers
|turn|18
|
|move|p1a: rAMbo|Bullet Punch|p2a: Celebi
|-end|p2a: Celebi|Substitute
|move|p2a: Celebi|Baton Pass|p2a: Celebi
|
|switch|p2a: Manectric|Manectric-Mega, M|211\/281
|-damage|p2a: Manectric|176\/281|[from] Stealth Rock
|-ability|p2a: Manectric|Intimidate|[of] p1a: rAMbo
|-unboost|p1a: rAMbo|atk|1
|
|turn|19
|
|switch|p1a: murakAMi|Manaphy, shiny|351\/351
|-damage|p1a: murakAMi|308\/351|[from] Stealth Rock
|move|p2a: Manectric|Overheat|p1a: murakAMi
|-resisted|p1a: murakAMi
|-damage|p1a: murakAMi|226\/351
|-unboost|p2a: Manectric|spa|2
|
|-heal|p1a: murakAMi|247\/351|[from] item: Leftovers
|turn|20
|
|switch|p1a: sAMuel L|Landorus-Therian, M|334\/381
|-damage|p1a: sAMuel L|287\/381|[from] Stealth Rock
|-ability|p1a: sAMuel L|Intimidate|[of] p2a: Manectric
|-unboost|p2a: Manectric|atk|1
|move|p2a: Manectric|Volt Switch|p1a: sAMuel L
|-immune|p1a: sAMuel L|[msg]
|
|-heal|p1a: sAMuel L|310\/381|[from] item: Leftovers
|turn|21
|
|switch|p2a: Landorus-Therian|Landorus-Therian, M|339\/339
|-damage|p2a: Landorus-Therian|297\/339|[from] Stealth Rock
|-ability|p2a: Landorus-Therian|Intimidate|[of] p1a: sAMuel L
|-unboost|p1a: sAMuel L|atk|1
|move|p1a: sAMuel L|U-turn|p2a: Landorus-Therian
|-resisted|p2a: Landorus-Therian
|-damage|p2a: Landorus-Therian|268\/339
|c|â4d0pt3d|don't you hate the sr?
|c|â4d0pt3d|defog it
|
|switch|p1a: murakAMi|Manaphy, shiny|247\/351
|-damage|p1a: murakAMi|204\/351|[from] Stealth Rock
|
|-heal|p1a: murakAMi|225\/351|[from] item: Leftovers
|turn|22
|
|move|p2a: Landorus-Therian|U-turn|p1a: murakAMi
|-crit|p1a: murakAMi
|-damage|p1a: murakAMi|86\/351
|
|switch|p2a: Celebi|Celebi|328\/404
|-damage|p2a: Celebi|278\/404|[from] Stealth Rock
|move|p1a: murakAMi|Tail Glow|p1a: murakAMi
|-boost|p1a: murakAMi|spa|3
|
|-heal|p1a: murakAMi|107\/351|[from] item: Leftovers
|-heal|p2a: Celebi|303\/404|[from] item: Leftovers
|turn|23
|
|move|p1a: murakAMi|Scald|p2a: Celebi
|-resisted|p2a: Celebi
|-damage|p2a: Celebi|154\/404
|move|p2a: Celebi|Giga Drain|p1a: murakAMi
|-supereffective|p1a: murakAMi
|-damage|p1a: murakAMi|0 fnt
|-heal|p2a: Celebi|208\/404|[from] drain|[of] p1a: murakAMi
|faint|p1a: murakAMi
|
|-heal|p2a: Celebi|233\/404|[from] item: Leftovers
|
|switch|p1a: rAMbo|Scizor-Mega, M, shiny|255\/291
|-damage|p1a: rAMbo|219\/291|[from] Stealth Rock
|turn|24
|
|move|p1a: rAMbo|Swords Dance|p1a: rAMbo
|-boost|p1a: rAMbo|atk|2
|move|p2a: Celebi|Substitute|p2a: Celebi
|-start|p2a: Celebi|Substitute
|-damage|p2a: Celebi|132\/404
|
|-heal|p2a: Celebi|157\/404|[from] item: Leftovers
|turn|25
|
|move|p1a: rAMbo|Bullet Punch|p2a: Celebi
|-end|p2a: Celebi|Substitute
|move|p2a: Celebi|Baton Pass|p2a: Celebi
|
|switch|p2a: Manectric|Manectric-Mega, M|176\/281
|-damage|p2a: Manectric|141\/281|[from] Stealth Rock
|-ability|p2a: Manectric|Intimidate|[of] p1a: rAMbo
|-unboost|p1a: rAMbo|atk|1
|
|turn|26
|
|switch|p1a: sAMuel L|Landorus-Therian, M|310\/381
|-damage|p1a: sAMuel L|263\/381|[from] Stealth Rock
|-ability|p1a: sAMuel L|Intimidate|[of] p2a: Manectric
|-unboost|p2a: Manectric|atk|1
|move|p2a: Manectric|Overheat|p1a: sAMuel L
|-damage|p1a: sAMuel L|56\/381
|-unboost|p2a: Manectric|spa|2
|
|-heal|p1a: sAMuel L|79\/381|[from] item: Leftovers
|turn|27
|
|move|p2a: Manectric|Hidden Power|p1a: sAMuel L
|-supereffective|p1a: sAMuel L
|-damage|p1a: sAMuel L|0 fnt
|faint|p1a: sAMuel L
|
|
|switch|p1a: Latios|Latios, M|93\/301
|-damage|p1a: Latios|56\/301|[from] Stealth Rock
|turn|28
|
|switch|p2a: Celebi|Celebi|157\/404
|-damage|p2a: Celebi|107\/404|[from] Stealth Rock
|move|p1a: Latios|Draco Meteor|p2a: Celebi
|-crit|p2a: Celebi
|-damage|p2a: Celebi|0 fnt
|-unboost|p1a: Latios|spa|2
|faint|p2a: Celebi
|
|
|switch|p2a: Landorus-Therian|Landorus-Therian, M|268\/339
|-damage|p2a: Landorus-Therian|226\/339|[from] Stealth Rock
|-ability|p2a: Landorus-Therian|Intimidate|[of] p1a: Latios
|-unboost|p1a: Latios|atk|1
|turn|29
|c|â4d0pt3d|stupid me
|
|switch|p1a: rAMbo|Scizor-Mega, M, shiny|219\/291
|-damage|p1a: rAMbo|183\/291|[from] Stealth Rock
|move|p2a: Landorus-Therian|U-turn|p1a: rAMbo
|-resisted|p1a: rAMbo
|-damage|p1a: rAMbo|150\/291
|c|âgyarad0site|meh
|-message|gyarad0site forfeited.
|leave|gyarad0site
|
|win|4d0pt3d
|player|p1