|join|gyarad0site
|join|g003812
|player|p1|gyarad0site|195
|player|p2|g003812|147
|gametype|singles
|gen|6
|tier|OU (suspect test)
|rated
|clearpoke
|poke|p1|Scizor, M, shiny
|poke|p1|Manaphy, shiny
|poke|p1|Thundurus, M
|poke|p1|Landorus-Therian, M
|poke|p1|Cobalion
|poke|p1|Latios, M
|poke|p2|Sableye, M
|poke|p2|Ferrothorn, M
|poke|p2|Gliscor, M
|poke|p2|Slowbro, M
|poke|p2|Tyranitar, M
|poke|p2|Heatran, M
|rule|Swagger Clause: Swagger is banned
|rule|Baton Pass Clause: Limit one PokÃ©mon knowing Baton Pass
|rule|Sleep Clause Mod: Limit one foe put to sleep
|rule|Species Clause: Limit one of each PokÃ©mon
|rule|OHKO Clause: OHKO moves are banned
|rule|Moody Clause: Moody is banned
|rule|Evasion Moves Clause: Evasion moves are banned
|rule|Endless Battle Clause: Forcing endless battles is banned
|rule|HP Percentage Mod: HP is shown in percentages
|teampreview
|
|start
|switch|p1a: Thundurus|Thundurus, M|299\/299
|switch|p2a: Heatran|Heatran, M|385\/385
|turn|1
|
|move|p1a: Thundurus|Taunt|p2a: Heatran
|-start|p2a: Heatran|move: Taunt
|cant|p2a: Heatran|move: Taunt|Stealth Rock
|
|turn|2
|
|move|p1a: Thundurus|Volt Switch|p2a: Heatran
|-damage|p2a: Heatran|300\/385
|
|switch|p1a: murakAMi|Manaphy, shiny|351\/351
|move|p2a: Heatran|Lava Plume|p1a: murakAMi
|-resisted|p1a: murakAMi
|-damage|p1a: murakAMi|289\/351
|
|-heal|p1a: murakAMi|310\/351|[from] item: Leftovers
|-heal|p2a: Heatran|324\/385|[from] item: Leftovers
|turn|3
|
|switch|p2a: Ferrothorn|Ferrothorn, M|352\/352
|move|p1a: murakAMi|Scald|p2a: Ferrothorn
|-resisted|p2a: Ferrothorn
|-damage|p2a: Ferrothorn|307\/352
|-status|p2a: Ferrothorn|brn
|
|-heal|p1a: murakAMi|331\/351|[from] item: Leftovers
|-heal|p2a: Ferrothorn|329\/352 brn|[from] item: Leftovers
|-damage|p2a: Ferrothorn|285\/352 brn|[from] brn
|turn|4
|c|âg003812|1st scald 1st burn
|c|âg003812|everytime...
|
|switch|p1a: sAMuel L|Landorus-Therian, M|381\/381
|-ability|p1a: sAMuel L|Intimidate|[of] p2a: Ferrothorn
|-unboost|p2a: Ferrothorn|atk|1
|move|p2a: Ferrothorn|Spikes|p1a: sAMuel L
|-sidestart|p1: gyarad0site|Spikes
|
|-heal|p2a: Ferrothorn|307\/352 brn|[from] item: Leftovers
|-damage|p2a: Ferrothorn|263\/352 brn|[from] brn
|turn|5
|
|switch|p2a: Sableye|Sableye, M|304\/304
|move|p1a: sAMuel L|Stealth Rock|p2a: Sableye
|-sidestart|p2: g003812|move: Stealth Rock
|
|turn|6
|
|switch|p1a: murakAMi|Manaphy, shiny|331\/351
|-damage|p1a: murakAMi|288\/351|[from] Spikes
|detailschange|p2a: Sableye|Sableye-Mega, M
|-mega|p2a: Sableye|Sableye|Sablenite
|move|p2a: Sableye|Will-O-Wisp|p1a: murakAMi
|-status|p1a: murakAMi|brn
|
|-heal|p1a: murakAMi|309\/351 brn|[from] item: Leftovers
|-damage|p1a: murakAMi|266\/351 brn|[from] brn
|turn|7
|
|switch|p2a: Ferrothorn|Ferrothorn, M|263\/352 brn
|-damage|p2a: Ferrothorn|241\/352 brn|[from] Stealth Rock
|move|p1a: murakAMi|Rain Dance|p1a: murakAMi
|-weather|RainDance
|
|-weather|RainDance|[upkeep]
|-curestatus|p1a: murakAMi|brn
|-heal|p1a: murakAMi|287\/351|[from] item: Leftovers
|-heal|p2a: Ferrothorn|263\/352 brn|[from] item: Leftovers
|-damage|p2a: Ferrothorn|219\/352 brn|[from] brn
|turn|8
|
|move|p1a: murakAMi|Scald|p2a: Ferrothorn
|-resisted|p2a: Ferrothorn
|-damage|p2a: Ferrothorn|156\/352 brn
|move|p2a: Ferrothorn|Leech Seed|p1a: murakAMi
|-start|p1a: murakAMi|move: Leech Seed
|
|-weather|RainDance|[upkeep]
|-heal|p1a: murakAMi|308\/351|[from] item: Leftovers
|-heal|p2a: Ferrothorn|178\/352 brn|[from] item: Leftovers
|-damage|p1a: murakAMi|265\/351|[from] Leech Seed|[of] p2a: Ferrothorn
|-heal|p2a: Ferrothorn|221\/352 brn|[silent]
|-damage|p2a: Ferrothorn|177\/352 brn|[from] brn
|turn|9
|
|switch|p1a: Thundurus|Thundurus, M|299\/299
|move|p2a: Ferrothorn|Spikes|p1a: Thundurus
|-sidestart|p1: gyarad0site|Spikes
|
|-weather|RainDance|[upkeep]
|-heal|p2a: Ferrothorn|199\/352 brn|[from] item: Leftovers
|-damage|p2a: Ferrothorn|155\/352 brn|[from] brn
|turn|10
|
|switch|p2a: Heatran|Heatran, M|324\/385
|-damage|p2a: Heatran|276\/385|[from] Stealth Rock
|move|p1a: Thundurus|Taunt|p2a: Heatran
|-start|p2a: Heatran|move: Taunt
|
|-weather|RainDance|[upkeep]
|-heal|p2a: Heatran|300\/385|[from] item: Leftovers
|turn|11
|
|move|p1a: Thundurus|Volt Switch|p2a: Heatran
|-damage|p2a: Heatran|206\/385
|
|switch|p1a: Latios|Latios, M|301\/301
|move|p2a: Heatran|Lava Plume|p1a: Latios
|-resisted|p1a: Latios
|-damage|p1a: Latios|274\/301
|-status|p1a: Latios|brn
|
|-weather|none
|-heal|p2a: Heatran|230\/385|[from] item: Leftovers
|-damage|p1a: Latios|237\/301 brn|[from] brn
|turn|12
|
|switch|p2a: Tyranitar|Tyranitar, M|342\/342
|-damage|p2a: Tyranitar|300\/342|[from] Stealth Rock
|-weather|Sandstorm
|move|p1a: Latios|Trick|p2a: Tyranitar
|-activate|p1a: Latios|move: Trick|[of] p2a: Tyranitar
|-item|p2a: Tyranitar|Choice Scarf|[from] move: Trick
|-item|p1a: Latios|Choice Scarf|[from] move: Trick
|
|-weather|Sandstorm|[upkeep]
|-damage|p1a: Latios|219\/301 brn|[from] sandstorm
|-damage|p1a: Latios|182\/301 brn|[from] brn
|turn|13
|
|move|p1a: Latios|Draco Meteor|p2a: Tyranitar
|-damage|p2a: Tyranitar|155\/342
|-unboost|p1a: Latios|spa|2
|move|p2a: Tyranitar|Pursuit|p1a: Latios
|-supereffective|p1a: Latios
|-damage|p1a: Latios|18\/301 brn
|
|-weather|Sandstorm|[upkeep]
|-damage|p1a: Latios|0 fnt|[from] sandstorm
|faint|p1a: Latios
|
|switch|p1a: rAMbo|Scizor, M, shiny|291\/291
|-damage|p1a: rAMbo|243\/291|[from] Spikes
|turn|14
|
|switch|p2a: Sableye|Sableye-Mega, M|304\/304
|-damage|p2a: Sableye|266\/304|[from] Stealth Rock
|detailschange|p1a: rAMbo|Scizor-Mega, M, shiny
|-mega|p1a: rAMbo|Scizor|Scizorite
|move|p1a: rAMbo|Swords Dance|p1a: rAMbo
|-boost|p1a: rAMbo|atk|2
|
|-weather|Sandstorm|[upkeep]
|-damage|p2a: Sableye|247\/304|[from] sandstorm
|turn|15
|
|move|p1a: rAMbo|Bug Bite|p2a: Sableye
|-damage|p2a: Sableye|15\/304
|move|p2a: Sableye|Will-O-Wisp|p1a: rAMbo
|-status|p1a: rAMbo|brn
|
|-weather|Sandstorm|[upkeep]
|-damage|p2a: Sableye|0 fnt|[from] sandstorm
|-damage|p1a: rAMbo|207\/291 brn|[from] brn
|faint|p2a: Sableye
|
|switch|p2a: Gliscor|Gliscor, M|352\/352
|-damage|p2a: Gliscor|308\/352|[from] Stealth Rock
|turn|16
|
|switch|p1a: Thundurus|Thundurus, M|299\/299
|move|p2a: Gliscor|Taunt|p1a: Thundurus
|-start|p1a: Thundurus|move: Taunt
|
|-weather|none
|-status|p2a: Gliscor|tox|[from] item: Toxic Orb
|turn|17
|
|move|p1a: Thundurus|Hidden Power|p2a: Gliscor
|-supereffective|p2a: Gliscor
|-damage|p2a: Gliscor|52\/352 tox
|move|p2a: Gliscor|Roost|p2a: Gliscor
|-heal|p2a: Gliscor|228\/352 tox
|
|-heal|p2a: Gliscor|272\/352 tox|[from] ability: Poison Heal
|turn|18
|
|switch|p2a: Heatran|Heatran, M|230\/385
|-damage|p2a: Heatran|182\/385|[from] Stealth Rock
|move|p1a: Thundurus|Hidden Power|p2a: Heatran
|-resisted|p2a: Heatran
|-damage|p2a: Heatran|170\/385
|
|-heal|p2a: Heatran|194\/385|[from] item: Leftovers
|turn|19
|
|move|p1a: Thundurus|Volt Switch|p2a: Heatran
|-damage|p2a: Heatran|106\/385
|
|switch|p1a: murakAMi|Manaphy, shiny|265\/351
|-damage|p1a: murakAMi|207\/351|[from] Spikes
|move|p2a: Heatran|Stealth Rock|p1a: murakAMi
|-sidestart|p1: gyarad0site|move: Stealth Rock
|
|-heal|p1a: murakAMi|228\/351|[from] item: Leftovers
|-heal|p2a: Heatran|130\/385|[from] item: Leftovers
|turn|20
|
|switch|p2a: Ferrothorn|Ferrothorn, M|155\/352 brn
|-damage|p2a: Ferrothorn|133\/352 brn|[from] Stealth Rock
|move|p1a: murakAMi|Scald|p2a: Ferrothorn
|-resisted|p2a: Ferrothorn
|-damage|p2a: Ferrothorn|90\/352 brn
|
|-heal|p1a: murakAMi|249\/351|[from] item: Leftovers
|-heal|p2a: Ferrothorn|112\/352 brn|[from] item: Leftovers
|-damage|p2a: Ferrothorn|68\/352 brn|[from] brn
|turn|21
|
|move|p1a: murakAMi|Tail Glow|p1a: murakAMi
|-boost|p1a: murakAMi|spa|3
|move|p2a: Ferrothorn|Power Whip|p1a: murakAMi
|-supereffective|p1a: murakAMi
|-damage|p1a: murakAMi|105\/351
|
|-heal|p1a: murakAMi|126\/351|[from] item: Leftovers
|-heal|p2a: Ferrothorn|90\/352 brn|[from] item: Leftovers
|-damage|p2a: Ferrothorn|46\/352 brn|[from] brn
|turn|22
|
|move|p1a: murakAMi|Scald|p2a: Ferrothorn
|-resisted|p2a: Ferrothorn
|-damage|p2a: Ferrothorn|0 fnt
|faint|p2a: Ferrothorn
|
|-heal|p1a: murakAMi|147\/351|[from] item: Leftovers
|
|switch|p2a: Tyranitar|Tyranitar, M|155\/342
|-damage|p2a: Tyranitar|113\/342|[from] Stealth Rock
|-weather|Sandstorm
|turn|23
|
|switch|p1a: sAMuel L|Landorus-Therian, M|381\/381
|-damage|p1a: sAMuel L|334\/381|[from] Stealth Rock
|-ability|p1a: sAMuel L|Intimidate|[of] p2a: Tyranitar
|-unboost|p2a: Tyranitar|atk|1
|move|p2a: Tyranitar|Crunch|p1a: sAMuel L
|-damage|p1a: sAMuel L|259\/381
|-unboost|p1a: sAMuel L|def|1
|
|-weather|Sandstorm|[upkeep]
|-heal|p1a: sAMuel L|282\/381|[from] item: Leftovers
|turn|24
|
|switch|p2a: Gliscor|Gliscor, M|272\/352 tox
|-damage|p2a: Gliscor|228\/352 tox|[from] Stealth Rock
|move|p1a: sAMuel L|U-turn|p2a: Gliscor
|-resisted|p2a: Gliscor
|-damage|p2a: Gliscor|197\/352 tox
|
|switch|p1a: Thundurus|Thundurus, M|299\/299
|-damage|p1a: Thundurus|225\/299|[from] Stealth Rock
|
|-weather|Sandstorm|[upkeep]
|-damage|p1a: Thundurus|207\/299|[from] sandstorm
|-heal|p1a: Thundurus|225\/299|[from] item: Leftovers
|-heal|p2a: Gliscor|241\/352 tox|[from] ability: Poison Heal
|turn|25
|
|switch|p2a: Tyranitar|Tyranitar, M|113\/342
|-damage|p2a: Tyranitar|71\/342|[from] Stealth Rock
|move|p1a: Thundurus|Hidden Power|p2a: Tyranitar
|-damage|p2a: Tyranitar|20\/342
|
|-weather|Sandstorm|[upkeep]
|-damage|p1a: Thundurus|207\/299|[from] sandstorm
|-heal|p1a: Thundurus|225\/299|[from] item: Leftovers
|turn|26
|
|move|p2a: Tyranitar|Pursuit|p1a: Thundurus
|-damage|p1a: Thundurus|125\/299
|move|p1a: Thundurus|Volt Switch|p2a: Tyranitar
|-damage|p2a: Tyranitar|0 fnt
|faint|p2a: Tyranitar
|
|switch|p1a: flAMberge|Cobalion|358\/358
|-damage|p1a: flAMberge|299\/358|[from] Spikes
|-damage|p1a: flAMberge|288\/358|[from] Stealth Rock
|
|-weather|Sandstorm|[upkeep]
|-heal|p1a: flAMberge|310\/358|[from] item: Leftovers
|
|switch|p2a: Gliscor|Gliscor, M|241\/352 tox
|-damage|p2a: Gliscor|197\/352 tox|[from] Stealth Rock
|turn|27
|
|move|p1a: flAMberge|Taunt|p2a: Gliscor
|-start|p2a: Gliscor|move: Taunt
|cant|p2a: Gliscor|move: Taunt|Roost
|
|-weather|none
|-heal|p1a: flAMberge|332\/358|[from] item: Leftovers
|-heal|p2a: Gliscor|241\/352 tox|[from] ability: Poison Heal
|turn|28
|-message|g003812 forfeited.
|leave|g003812
|
|win|gyarad0site
|raw|Ladder updating...
|player|p2
|raw|gyarad0site's rating: 1462 &rarr; <strong>1475<\/strong><br \/>(+13 for winning)
|raw|g003812's rating: 1332 &rarr; <strong>1319<\/strong><br \/>(-13 for losing)
|leave|gyarad0site
|player|p1
|join|gyarad0site