|join|User Of Splash
|join|gyarad0site
|player|p1|User Of Splash|79
|player|p2|gyarad0site|195
|gametype|singles
|gen|6
|tier|OU (suspect test)
|rated
|clearpoke
|poke|p1|Gallade, M
|poke|p1|Bisharp, F
|poke|p1|Rotom-Wash
|poke|p1|Amoonguss, F
|poke|p1|Heatran, M
|poke|p1|Latias, F
|poke|p2|Scizor, M, shiny
|poke|p2|Manaphy, shiny
|poke|p2|Thundurus, M
|poke|p2|Landorus-Therian, M
|poke|p2|Cobalion
|poke|p2|Latios, M
|rule|Swagger Clause: Swagger is banned
|rule|Baton Pass Clause: Limit one PokÃ©mon knowing Baton Pass
|rule|Sleep Clause Mod: Limit one foe put to sleep
|rule|Species Clause: Limit one of each PokÃ©mon
|rule|OHKO Clause: OHKO moves are banned
|rule|Moody Clause: Moody is banned
|rule|Evasion Moves Clause: Evasion moves are banned
|rule|Endless Battle Clause: Forcing endless battles is banned
|rule|HP Percentage Mod: HP is shown in percentages
|teampreview
|
|start
|switch|p1a: LikeABosch|Rotom-Wash|304\/304
|switch|p2a: Thundurus|Thundurus, M|299\/299
|turn|1
|
|move|p2a: Thundurus|Volt Switch|p1a: LikeABosch
|-damage|p1a: LikeABosch|190\/304
|
|switch|p2a: Latios|Latios, M|301\/301
|move|p1a: LikeABosch|Volt Switch|p2a: Latios
|-resisted|p2a: Latios
|-damage|p2a: Latios|265\/301
|
|switch|p1a: BISH SLAP|Bisharp, F|271\/271
|
|turn|2
|
|move|p2a: Latios|Trick|p1a: BISH SLAP
|-activate|p2a: Latios|move: Trick|[of] p1a: BISH SLAP
|-item|p1a: BISH SLAP|Choice Scarf|[from] move: Trick
|-item|p2a: Latios|Black Glasses|[from] move: Trick
|move|p1a: BISH SLAP|Pursuit|p2a: Latios
|-supereffective|p2a: Latios
|-damage|p2a: Latios|73\/301
|
|turn|3
|c|âUser Of Splash|that was not a defog
|
|move|p1a: BISH SLAP|Pursuit|p2a: Latios
|-supereffective|p2a: Latios
|-damage|p2a: Latios|0 fnt
|faint|p2a: Latios
|
|
|switch|p2a: sAMuel L|Landorus-Therian, M|381\/381
|-ability|p2a: sAMuel L|Intimidate|[of] p1a: BISH SLAP
|-unboost|p1a: BISH SLAP|atk|1
|-boost|p1a: BISH SLAP|atk|2|[from] ability: Defiant
|turn|4
|
|move|p1a: BISH SLAP|Pursuit|p2a: sAMuel L
|-crit|p2a: sAMuel L
|-damage|p2a: sAMuel L|240\/381
|move|p2a: sAMuel L|Stealth Rock|p1a: BISH SLAP
|-sidestart|p1: User Of Splash|move: Stealth Rock
|
|-heal|p2a: sAMuel L|263\/381|[from] item: Leftovers
|turn|5
|
|move|p1a: BISH SLAP|Pursuit|p2a: sAMuel L
|-damage|p2a: sAMuel L|169\/381
|move|p2a: sAMuel L|Earthquake|p1a: BISH SLAP
|-supereffective|p1a: BISH SLAP
|-damage|p1a: BISH SLAP|0 fnt
|faint|p1a: BISH SLAP
|
|-heal|p2a: sAMuel L|192\/381|[from] item: Leftovers
|
|switch|p1a: Marth|Gallade, M|277\/277
|-damage|p1a: Marth|260\/277|[from] Stealth Rock
|turn|6
|
|detailschange|p1a: Marth|Gallade-Mega, M
|-mega|p1a: Marth|Gallade|Galladite
|move|p1a: Marth|Ice Punch|p2a: sAMuel L
|-supereffective|p2a: sAMuel L
|-damage|p2a: sAMuel L|0 fnt
|faint|p2a: sAMuel L
|
|
|switch|p2a: Thundurus|Thundurus, M|299\/299
|turn|7
|
|switch|p1a: Heatran|Heatran, M|386\/386
|-damage|p1a: Heatran|338\/386|[from] Stealth Rock
|move|p2a: Thundurus|Volt Switch|p1a: Heatran
|-damage|p1a: Heatran|259\/386
|
|switch|p2a: murakAMi|Manaphy, shiny|351\/351
|
|-heal|p1a: Heatran|283\/386|[from] item: Leftovers
|turn|8
|
|move|p2a: murakAMi|Scald|p1a: Heatran
|-supereffective|p1a: Heatran
|-damage|p1a: Heatran|91\/386
|move|p1a: Heatran|Toxic|p2a: murakAMi
|-status|p2a: murakAMi|tox
|
|-heal|p1a: Heatran|115\/386|[from] item: Leftovers
|-damage|p2a: murakAMi|330\/351 tox|[from] psn
|turn|9
|
|move|p2a: murakAMi|Rain Dance|p2a: murakAMi
|-weather|RainDance
|move|p1a: Heatran|Stealth Rock|p2a: murakAMi
|-sidestart|p2: gyarad0site|move: Stealth Rock
|
|-weather|RainDance|[upkeep]
|-curestatus|p2a: murakAMi|tox
|-heal|p2a: murakAMi|351\/351|[from] item: Leftovers
|-heal|p1a: Heatran|139\/386|[from] item: Leftovers
|turn|10
|
|switch|p1a: 1-Up|Amoonguss, F|432\/432
|-damage|p1a: 1-Up|378\/432|[from] Stealth Rock
|move|p2a: murakAMi|Scald|p1a: 1-Up
|-resisted|p1a: 1-Up
|-damage|p1a: 1-Up|324\/432
|-status|p1a: 1-Up|brn
|
|-weather|RainDance|[upkeep]
|-damage|p1a: 1-Up|270\/432 brn|[from] brn
|turn|11
|
|move|p2a: murakAMi|Tail Glow|p2a: murakAMi
|-boost|p2a: murakAMi|spa|3
|move|p1a: 1-Up|Giga Drain|p2a: murakAMi
|-supereffective|p2a: murakAMi
|-damage|p2a: murakAMi|211\/351
|-heal|p1a: 1-Up|340\/432 brn|[from] drain|[of] p2a: murakAMi
|
|-weather|RainDance|[upkeep]
|-heal|p2a: murakAMi|232\/351|[from] item: Leftovers
|-damage|p1a: 1-Up|286\/432 brn|[from] brn
|turn|12
|
|move|p2a: murakAMi|Scald|p1a: 1-Up
|-resisted|p1a: 1-Up
|-damage|p1a: 1-Up|127\/432 brn
|move|p1a: 1-Up|Clear Smog|p2a: murakAMi
|-damage|p2a: murakAMi|183\/351
|-clearboost|p2a: murakAMi
|
|-weather|RainDance|[upkeep]
|-heal|p2a: murakAMi|204\/351|[from] item: Leftovers
|-damage|p1a: 1-Up|73\/432 brn|[from] brn
|turn|13
|
|move|p2a: murakAMi|Tail Glow|p2a: murakAMi
|-boost|p2a: murakAMi|spa|3
|move|p1a: 1-Up|Giga Drain|p2a: murakAMi
|-supereffective|p2a: murakAMi
|-damage|p2a: murakAMi|46\/351
|-heal|p1a: 1-Up|152\/432 brn|[from] drain|[of] p2a: murakAMi
|
|-weather|none
|-heal|p2a: murakAMi|67\/351|[from] item: Leftovers
|-damage|p1a: 1-Up|98\/432 brn|[from] brn
|turn|14
|
|move|p2a: murakAMi|Scald|p1a: 1-Up
|-resisted|p1a: 1-Up
|-damage|p1a: 1-Up|0 fnt
|faint|p1a: 1-Up
|
|-heal|p2a: murakAMi|88\/351|[from] item: Leftovers
|
|switch|p1a: Marth|Gallade-Mega, M|260\/277
|-damage|p1a: Marth|243\/277|[from] Stealth Rock
|turn|15
|
|switch|p2a: flAMberge|Cobalion|358\/358
|-damage|p2a: flAMberge|347\/358|[from] Stealth Rock
|move|p1a: Marth|Zen Headbutt|p2a: flAMberge
|-damage|p2a: flAMberge|197\/358
|
|-heal|p2a: flAMberge|219\/358|[from] item: Leftovers
|turn|16
|
|move|p1a: Marth|Close Combat|p2a: flAMberge
|-supereffective|p2a: flAMberge
|-damage|p2a: flAMberge|0 fnt
|-unboost|p1a: Marth|def|1
|-unboost|p1a: Marth|spd|1
|faint|p2a: flAMberge
|
|
|switch|p2a: rAMbo|Scizor, M, shiny|291\/291
|-damage|p2a: rAMbo|255\/291|[from] Stealth Rock
|turn|17
|
|switch|p1a: LikeABosch|Rotom-Wash|190\/304
|-damage|p1a: LikeABosch|152\/304|[from] Stealth Rock
|detailschange|p2a: rAMbo|Scizor-Mega, M, shiny
|-mega|p2a: rAMbo|Scizor|Scizorite
|move|p2a: rAMbo|Swords Dance|p2a: rAMbo
|-boost|p2a: rAMbo|atk|2
|
|-heal|p1a: LikeABosch|171\/304|[from] item: Leftovers
|turn|18
|
|move|p2a: rAMbo|Bug Bite|p1a: LikeABosch
|-damage|p1a: LikeABosch|0 fnt
|faint|p1a: LikeABosch
|
|
|switch|p1a: BMI Baby|Latias, F|301\/301
|-damage|p1a: BMI Baby|264\/301|[from] Stealth Rock
|turn|19
|
|move|p2a: rAMbo|Bullet Punch|p1a: BMI Baby
|-damage|p1a: BMI Baby|14\/301
|move|p1a: BMI Baby|Healing Wish|p1a: BMI Baby
|faint|p1a: BMI Baby
|
|
|switch|p1a: Heatran|Heatran, M|139\/386
|-heal|p1a: Heatran|386\/386|[from] move: Healing Wish
|-damage|p1a: Heatran|338\/386|[from] Stealth Rock
|turn|20
|
|move|p2a: rAMbo|Superpower|p1a: Heatran
|-supereffective|p1a: Heatran
|-damage|p1a: Heatran|0 fnt
|-unboost|p2a: rAMbo|atk|1
|-unboost|p2a: rAMbo|def|1
|faint|p1a: Heatran
|
|
|switch|p1a: Marth|Gallade-Mega, M|243\/277
|-damage|p1a: Marth|226\/277|[from] Stealth Rock
|turn|21
|
|move|p2a: rAMbo|Bullet Punch|p1a: Marth
|-crit|p1a: Marth
|-damage|p1a: Marth|0 fnt
|faint|p1a: Marth
|
|win|gyarad0site
|raw|Ladder updating...
|raw|User Of Splash's rating: 1311 &rarr; <strong>1295<\/strong><br \/>(-16 for losing)
|raw|gyarad0site's rating: 1390 &rarr; <strong>1405<\/strong><br \/>(+15 for winning)
|c|âgyarad0site|gg
|c|âgyarad0site|bullet punch + volt killed
|leave|User Of Splash
|player|p1