|join|gyarad0site
|join|Erick 17
|player|p1|gyarad0site|195
|player|p2|Erick 17|226
|gametype|singles
|gen|6
|tier|OU (suspect test)
|rated
|clearpoke
|poke|p1|Scizor, M, shiny
|poke|p1|Manaphy, shiny
|poke|p1|Thundurus, M
|poke|p1|Landorus-Therian, M
|poke|p1|Cobalion
|poke|p1|Latios, M
|poke|p2|Latios, M
|poke|p2|Rotom-Wash
|poke|p2|Clefable, F
|poke|p2|Hawlucha, M
|poke|p2|Metagross
|poke|p2|Landorus-Therian, M
|rule|Swagger Clause: Swagger is banned
|rule|Baton Pass Clause: Limit one PokÃ©mon knowing Baton Pass
|rule|Sleep Clause Mod: Limit one foe put to sleep
|rule|Species Clause: Limit one of each PokÃ©mon
|rule|OHKO Clause: OHKO moves are banned
|rule|Moody Clause: Moody is banned
|rule|Evasion Moves Clause: Evasion moves are banned
|rule|Endless Battle Clause: Forcing endless battles is banned
|rule|HP Percentage Mod: HP is shown in percentages
|teampreview
|
|start
|switch|p1a: Thundurus|Thundurus, M|299\/299
|switch|p2a: Rotom-Wash|Rotom-Wash|303\/303
|turn|1
|
|move|p1a: Thundurus|Volt Switch|p2a: Rotom-Wash
|-damage|p2a: Rotom-Wash|177\/303
|
|switch|p1a: Latios|Latios, M|301\/301
|move|p2a: Rotom-Wash|Volt Switch|p1a: Latios
|-resisted|p1a: Latios
|-damage|p1a: Latios|259\/301
|
|switch|p2a: Metagross|Metagross|302\/302
|
|turn|2
|
|switch|p1a: flAMberge|Cobalion|358\/358
|detailschange|p2a: Metagross|Metagross-Mega
|-mega|p2a: Metagross|Metagross|Metagrossite
|move|p2a: Metagross|Meteor Mash|p1a: flAMberge
|-resisted|p1a: flAMberge
|-damage|p1a: flAMberge|251\/358
|
|-heal|p1a: flAMberge|273\/358|[from] item: Leftovers
|turn|3
|
|switch|p1a: sAMuel L|Landorus-Therian, M|381\/381
|-ability|p1a: sAMuel L|Intimidate|[of] p2a: Metagross
|-unboost|p2a: Metagross|atk|1
|switch|p2a: Landorus-Therian|Landorus-Therian, M|365\/365
|-ability|p2a: Landorus-Therian|Intimidate|[of] p1a: sAMuel L
|-unboost|p1a: sAMuel L|atk|1
|
|turn|4
|
|move|p2a: Landorus-Therian|Stealth Rock|p1a: sAMuel L
|-sidestart|p1: gyarad0site|move: Stealth Rock
|move|p1a: sAMuel L|Stealth Rock|p2a: Landorus-Therian
|-sidestart|p2: Erick 17|move: Stealth Rock
|
|turn|5
|
|move|p2a: Landorus-Therian|U-turn|p1a: sAMuel L
|-resisted|p1a: sAMuel L
|-damage|p1a: sAMuel L|351\/381
|
|switch|p2a: Clefable|Clefable, F|394\/394
|move|p1a: sAMuel L|U-turn|p2a: Clefable
|-resisted|p2a: Clefable
|-damage|p2a: Clefable|370\/394
|
|switch|p1a: murakAMi|Manaphy, shiny|351\/351
|-damage|p1a: murakAMi|308\/351|[from] Stealth Rock
|
|-heal|p1a: murakAMi|329\/351|[from] item: Leftovers
|-heal|p2a: Clefable|394\/394|[from] item: Leftovers
|turn|6
|
|move|p1a: murakAMi|Tail Glow|p1a: murakAMi
|-boost|p1a: murakAMi|spa|3
|move|p2a: Clefable|Calm Mind|p2a: Clefable
|-boost|p2a: Clefable|spa|1
|-boost|p2a: Clefable|spd|1
|
|-heal|p1a: murakAMi|350\/351|[from] item: Leftovers
|turn|7
|
|move|p1a: murakAMi|Scald|p2a: Clefable
|-damage|p2a: Clefable|201\/394
|move|p2a: Clefable|Moonblast|p1a: murakAMi
|-damage|p1a: murakAMi|196\/351
|-unboost|p1a: murakAMi|spa|1
|
|-heal|p1a: murakAMi|217\/351|[from] item: Leftovers
|-heal|p2a: Clefable|225\/394|[from] item: Leftovers
|turn|8
|
|move|p1a: murakAMi|Tail Glow|p1a: murakAMi
|-boost|p1a: murakAMi|spa|3
|move|p2a: Clefable|Soft-Boiled|p2a: Clefable
|-heal|p2a: Clefable|394\/394
|
|-heal|p1a: murakAMi|238\/351|[from] item: Leftovers
|turn|9
|
|move|p1a: murakAMi|Scald|p2a: Clefable
|-damage|p2a: Clefable|87\/394
|move|p2a: Clefable|Moonblast|p1a: murakAMi
|-damage|p1a: murakAMi|78\/351
|
|-heal|p1a: murakAMi|99\/351|[from] item: Leftovers
|-heal|p2a: Clefable|111\/394|[from] item: Leftovers
|turn|10
|
|move|p1a: murakAMi|Scald|p2a: Clefable
|-damage|p2a: Clefable|0 fnt
|faint|p2a: Clefable
|
|-heal|p1a: murakAMi|120\/351|[from] item: Leftovers
|
|switch|p2a: Latios|Latios, M|301\/301
|-damage|p2a: Latios|264\/301|[from] Stealth Rock
|turn|11
|
|switch|p1a: flAMberge|Cobalion|273\/358
|-damage|p1a: flAMberge|262\/358|[from] Stealth Rock
|move|p2a: Latios|Psyshock|p1a: flAMberge
|-damage|p1a: flAMberge|113\/358
|-damage|p2a: Latios|234\/301|[from] item: Life Orb
|
|-heal|p1a: flAMberge|135\/358|[from] item: Leftovers
|turn|12
|
|move|p2a: Latios|Hidden Power|p1a: flAMberge
|-supereffective|p1a: flAMberge
|-damage|p1a: flAMberge|0 fnt
|-damage|p2a: Latios|204\/301|[from] item: Life Orb
|faint|p1a: flAMberge
|
|
|switch|p1a: Latios|Latios, M|259\/301
|-damage|p1a: Latios|222\/301|[from] Stealth Rock
|turn|13
|
|move|p1a: Latios|Draco Meteor|p2a: Latios
|-supereffective|p2a: Latios
|-damage|p2a: Latios|0 fnt
|-unboost|p1a: Latios|spa|2
|faint|p2a: Latios
|
|
|switch|p2a: Metagross|Metagross-Mega|302\/302
|-damage|p2a: Metagross|284\/302|[from] Stealth Rock
|turn|14
|
|switch|p1a: murakAMi|Manaphy, shiny|120\/351
|-damage|p1a: murakAMi|77\/351|[from] Stealth Rock
|move|p2a: Metagross|Meteor Mash|p1a: murakAMi
|-resisted|p1a: murakAMi
|-damage|p1a: murakAMi|0 fnt
|faint|p1a: murakAMi
|
|
|switch|p1a: sAMuel L|Landorus-Therian, M|351\/381
|-damage|p1a: sAMuel L|304\/381|[from] Stealth Rock
|-ability|p1a: sAMuel L|Intimidate|[of] p2a: Metagross
|-unboost|p2a: Metagross|atk|1
|turn|15
|
|switch|p2a: Hawlucha|Hawlucha, M|310\/310
|-damage|p2a: Hawlucha|272\/310|[from] Stealth Rock
|move|p1a: sAMuel L|U-turn|p2a: Hawlucha
|-resisted|p2a: Hawlucha
|-damage|p2a: Hawlucha|247\/310
|
|switch|p1a: Latios|Latios, M|222\/301
|-damage|p1a: Latios|185\/301|[from] Stealth Rock
|
|turn|16
|
|move|p1a: Latios|Draco Meteor|p2a: Hawlucha
|-damage|p2a: Hawlucha|0 fnt
|-unboost|p1a: Latios|spa|2
|faint|p2a: Hawlucha
|
|
|switch|p2a: Metagross|Metagross-Mega|284\/302
|-damage|p2a: Metagross|266\/302|[from] Stealth Rock
|turn|17
|
|move|p1a: Latios|Draco Meteor|p2a: Metagross
|-resisted|p2a: Metagross
|-damage|p2a: Metagross|217\/302
|-unboost|p1a: Latios|spa|2
|move|p2a: Metagross|Meteor Mash|p1a: Latios
|-damage|p1a: Latios|0 fnt
|-boost|p2a: Metagross|atk|1
|faint|p1a: Latios
|
|
|switch|p1a: sAMuel L|Landorus-Therian, M|304\/381
|-damage|p1a: sAMuel L|257\/381|[from] Stealth Rock
|-ability|p1a: sAMuel L|Intimidate|[of] p2a: Metagross
|-unboost|p2a: Metagross|atk|1
|turn|18
|
|switch|p2a: Rotom-Wash|Rotom-Wash|177\/303
|-damage|p2a: Rotom-Wash|140\/303|[from] Stealth Rock
|move|p1a: sAMuel L|Earthquake|p2a: Rotom-Wash
|-immune|p2a: Rotom-Wash|[msg]
|
|-heal|p1a: sAMuel L|280\/381|[from] item: Leftovers
|-heal|p2a: Rotom-Wash|158\/303|[from] item: Leftovers
|turn|19
|
|move|p1a: sAMuel L|U-turn|p2a: Rotom-Wash
|-damage|p2a: Rotom-Wash|104\/303
|
|switch|p1a: Thundurus|Thundurus, M|299\/299
|-damage|p1a: Thundurus|225\/299|[from] Stealth Rock
|move|p2a: Rotom-Wash|Hydro Pump|p1a: Thundurus
|-damage|p1a: Thundurus|66\/299
|
|-heal|p1a: Thundurus|84\/299|[from] item: Leftovers
|-heal|p2a: Rotom-Wash|122\/303|[from] item: Leftovers
|turn|20
|
|switch|p2a: Landorus-Therian|Landorus-Therian, M|365\/365
|-damage|p2a: Landorus-Therian|320\/365|[from] Stealth Rock
|-ability|p2a: Landorus-Therian|Intimidate|[of] p1a: Thundurus
|-unboost|p1a: Thundurus|atk|1
|move|p1a: Thundurus|Volt Switch|p2a: Landorus-Therian
|-immune|p2a: Landorus-Therian|[msg]
|
|-heal|p1a: Thundurus|102\/299|[from] item: Leftovers
|-heal|p2a: Landorus-Therian|342\/365|[from] item: Leftovers
|turn|21
|
|move|p1a: Thundurus|Hidden Power|p2a: Landorus-Therian
|-supereffective|p2a: Landorus-Therian
|-damage|p2a: Landorus-Therian|22\/365
|move|p2a: Landorus-Therian|Stone Edge|p1a: Thundurus
|-supereffective|p1a: Thundurus
|-damage|p1a: Thundurus|0 fnt
|faint|p1a: Thundurus
|
|-heal|p2a: Landorus-Therian|44\/365|[from] item: Leftovers
|
|switch|p1a: rAMbo|Scizor, M, shiny|291\/291
|-damage|p1a: rAMbo|255\/291|[from] Stealth Rock
|turn|22
|
|detailschange|p1a: rAMbo|Scizor-Mega, M, shiny
|-mega|p1a: rAMbo|Scizor|Scizorite
|move|p2a: Landorus-Therian|U-turn|p1a: rAMbo
|-resisted|p1a: rAMbo
|-damage|p1a: rAMbo|226\/291
|
|switch|p2a: Rotom-Wash|Rotom-Wash|122\/303
|-damage|p2a: Rotom-Wash|85\/303|[from] Stealth Rock
|move|p1a: rAMbo|Swords Dance|p1a: rAMbo
|-boost|p1a: rAMbo|atk|2
|
|-heal|p2a: Rotom-Wash|103\/303|[from] item: Leftovers
|turn|23
|
|move|p1a: rAMbo|Bug Bite|p2a: Rotom-Wash
|-damage|p2a: Rotom-Wash|0 fnt
|faint|p2a: Rotom-Wash
|
|
|switch|p2a: Landorus-Therian|Landorus-Therian, M|44\/365
|-damage|p2a: Landorus-Therian|0 fnt|[from] Stealth Rock
|faint|p2a: Landorus-Therian
|
|switch|p2a: Metagross|Metagross-Mega|217\/302
|-damage|p2a: Metagross|199\/302|[from] Stealth Rock
|turn|24
|
|move|p2a: Metagross|Earthquake|p1a: rAMbo
|-damage|p1a: rAMbo|121\/291
|move|p1a: rAMbo|Bug Bite|p2a: Metagross
|-damage|p2a: Metagross|0 fnt
|faint|p2a: Metagross
|
|win|gyarad0site
|raw|Ladder updating...
|raw|gyarad0site's rating: 1299 &rarr; <strong>1316<\/strong><br \/>(+17 for winning)
|raw|Erick 17's rating: 1184 &rarr; <strong>1167<\/strong><br \/>(-17 for losing)
|c|âgyarad0site|gg