|join|gyarad0site
|join|haxiom ou
|player|p1|gyarad0site|195
|player|p2|haxiom ou|274
|gametype|singles
|gen|6
|tier|OU (suspect test)
|rated
|clearpoke
|poke|p1|Scizor, M, shiny
|poke|p1|Manaphy, shiny
|poke|p1|Thundurus, M
|poke|p1|Landorus-Therian, M
|poke|p1|Cobalion
|poke|p1|Latios, M
|poke|p2|Metagross
|poke|p2|Keldeo
|poke|p2|Thundurus, M
|poke|p2|Landorus-Therian, M
|poke|p2|Bisharp, F
|poke|p2|Garchomp, F
|rule|Swagger Clause: Swagger is banned
|rule|Baton Pass Clause: Limit one PokÃ©mon knowing Baton Pass
|rule|Sleep Clause Mod: Limit one foe put to sleep
|rule|Species Clause: Limit one of each PokÃ©mon
|rule|OHKO Clause: OHKO moves are banned
|rule|Moody Clause: Moody is banned
|rule|Evasion Moves Clause: Evasion moves are banned
|rule|Endless Battle Clause: Forcing endless battles is banned
|rule|HP Percentage Mod: HP is shown in percentages
|teampreview
|
|start
|switch|p1a: flAMberge|Cobalion|358\/358
|switch|p2a: Garchomp|Garchomp, F|358\/358
|turn|1
|
|move|p1a: flAMberge|Taunt|p2a: Garchomp
|-start|p2a: Garchomp|move: Taunt
|cant|p2a: Garchomp|move: Taunt|Stealth Rock
|
|turn|2
|
|switch|p1a: sAMuel L|Landorus-Therian, M|381\/381
|-ability|p1a: sAMuel L|Intimidate|[of] p2a: Garchomp
|-unboost|p2a: Garchomp|atk|1
|move|p2a: Garchomp|Earthquake|p1a: sAMuel L
|-immune|p1a: sAMuel L|[msg]
|
|turn|3
|
|switch|p2a: Landorus-Therian|Landorus-Therian, M|319\/319
|-ability|p2a: Landorus-Therian|Intimidate|[of] p1a: sAMuel L
|-unboost|p1a: sAMuel L|atk|1
|move|p1a: sAMuel L|Stealth Rock|p2a: Landorus-Therian
|-sidestart|p2: haxiom ou|move: Stealth Rock
|
|turn|4
|
|move|p2a: Landorus-Therian|U-turn|p1a: sAMuel L
|-resisted|p1a: sAMuel L
|-damage|p1a: sAMuel L|348\/381
|
|switch|p2a: Garchomp|Garchomp, F|358\/358
|-damage|p2a: Garchomp|336\/358|[from] Stealth Rock
|move|p1a: sAMuel L|U-turn|p2a: Garchomp
|-damage|p2a: Garchomp|287\/358
|-damage|p1a: sAMuel L|301\/381|[from] ability: Rough Skin|[of] p2a: Garchomp
|
|switch|p1a: Thundurus|Thundurus, M|299\/299
|
|turn|5
|
|move|p1a: Thundurus|Hidden Power|p2a: Garchomp
|-supereffective|p2a: Garchomp
|-damage|p2a: Garchomp|0 fnt
|faint|p2a: Garchomp
|
|
|switch|p2a: Metagross|Metagross|301\/301
|-damage|p2a: Metagross|283\/301|[from] Stealth Rock
|turn|6
|
|detailschange|p2a: Metagross|Metagross-Mega
|-mega|p2a: Metagross|Metagross|Metagrossite
|move|p1a: Thundurus|Volt Switch|p2a: Metagross
|-damage|p2a: Metagross|175\/301
|
|switch|p1a: flAMberge|Cobalion|358\/358
|move|p2a: Metagross|Ice Punch|p1a: flAMberge
|-resisted|p1a: flAMberge
|-damage|p1a: flAMberge|308\/358
|
|-heal|p1a: flAMberge|330\/358|[from] item: Leftovers
|turn|7
|
|switch|p1a: sAMuel L|Landorus-Therian, M|301\/381
|-ability|p1a: sAMuel L|Intimidate|[of] p2a: Metagross
|-unboost|p2a: Metagross|atk|1
|move|p2a: Metagross|Hammer Arm|p1a: sAMuel L
|-resisted|p1a: sAMuel L
|-damage|p1a: sAMuel L|258\/381
|-unboost|p2a: Metagross|spe|1
|
|-heal|p1a: sAMuel L|281\/381|[from] item: Leftovers
|turn|8
|
|move|p2a: Metagross|Ice Punch|p1a: sAMuel L
|-supereffective|p1a: sAMuel L
|-damage|p1a: sAMuel L|1\/381
|move|p1a: sAMuel L|U-turn|p2a: Metagross
|-damage|p2a: Metagross|119\/301
|
|switch|p1a: Thundurus|Thundurus, M|299\/299
|
|turn|9
|
|switch|p2a: Landorus-Therian|Landorus-Therian, M|319\/319
|-damage|p2a: Landorus-Therian|280\/319|[from] Stealth Rock
|-ability|p2a: Landorus-Therian|Intimidate|[of] p1a: Thundurus
|-unboost|p1a: Thundurus|atk|1
|move|p1a: Thundurus|Volt Switch|p2a: Landorus-Therian
|-immune|p2a: Landorus-Therian|[msg]
|
|turn|10
|
|switch|p1a: sAMuel L|Landorus-Therian, M|1\/381
|-ability|p1a: sAMuel L|Intimidate|[of] p2a: Landorus-Therian
|-unboost|p2a: Landorus-Therian|atk|1
|move|p2a: Landorus-Therian|Stone Edge|p1a: sAMuel L
|-damage|p1a: sAMuel L|0 fnt
|faint|p1a: sAMuel L
|
|
|switch|p1a: flAMberge|Cobalion|330\/358
|turn|11
|
|switch|p2a: Thundurus|Thundurus, M|304\/304
|-damage|p2a: Thundurus|228\/304|[from] Stealth Rock
|move|p1a: flAMberge|Volt Switch|p2a: Thundurus
|-damage|p2a: Thundurus|173\/304
|
|switch|p1a: Thundurus|Thundurus, M|299\/299
|
|turn|12
|
|move|p2a: Thundurus|Thunderbolt|p1a: Thundurus
|-damage|p1a: Thundurus|56\/299
|-damage|p2a: Thundurus|143\/304|[from] item: Life Orb
|move|p1a: Thundurus|Hidden Power|p2a: Thundurus
|-supereffective|p2a: Thundurus
|-damage|p2a: Thundurus|0 fnt
|faint|p2a: Thundurus
|
|-heal|p1a: Thundurus|74\/299|[from] item: Leftovers
|
|switch|p2a: Landorus-Therian|Landorus-Therian, M|280\/319
|-damage|p2a: Landorus-Therian|241\/319|[from] Stealth Rock
|-ability|p2a: Landorus-Therian|Intimidate|[of] p1a: Thundurus
|-unboost|p1a: Thundurus|atk|1
|turn|13
|
|switch|p1a: flAMberge|Cobalion|330\/358
|move|p2a: Landorus-Therian|U-turn|p1a: flAMberge
|-resisted|p1a: flAMberge
|-damage|p1a: flAMberge|312\/358
|
|switch|p2a: Keldeo|Keldeo|323\/323
|-damage|p2a: Keldeo|303\/323|[from] Stealth Rock
|
|-heal|p1a: flAMberge|334\/358|[from] item: Leftovers
|-heal|p2a: Keldeo|323\/323|[from] item: Leftovers
|turn|14
|
|move|p1a: flAMberge|Volt Switch|p2a: Keldeo
|-supereffective|p2a: Keldeo
|-damage|p2a: Keldeo|221\/323
|
|switch|p1a: Latios|Latios, M|301\/301
|move|p2a: Keldeo|Scald|p1a: Latios
|-resisted|p1a: Latios
|-damage|p1a: Latios|241\/301
|
|-heal|p2a: Keldeo|241\/323|[from] item: Leftovers
|turn|15
|
|switch|p2a: Bisharp|Bisharp, F|271\/271
|-damage|p2a: Bisharp|255\/271|[from] Stealth Rock
|move|p1a: Latios|Draco Meteor|p2a: Bisharp
|-resisted|p2a: Bisharp
|-damage|p2a: Bisharp|99\/271
|-unboost|p1a: Latios|spa|2
|
|turn|16
|c|âhaxiom ou|5050
|
|move|p2a: Bisharp|Pursuit|p1a: Latios|[from]Pursuit
|-supereffective|p1a: Latios
|-damage|p1a: Latios|0 fnt
|faint|p1a: Latios
|
|c|âhaxiom ou|gottem
|
|switch|p1a: flAMberge|Cobalion|334\/358
|turn|17
|
|move|p1a: flAMberge|Iron Head|p2a: Bisharp
|-resisted|p2a: Bisharp
|-damage|p2a: Bisharp|50\/271
|cant|p2a: Bisharp|flinch
|
|-heal|p1a: flAMberge|356\/358|[from] item: Leftovers
|turn|18
|
|move|p2a: Bisharp|Sucker Punch|p1a: flAMberge
|-resisted|p1a: flAMberge
|-damage|p1a: flAMberge|290\/358
|-boost|p1a: flAMberge|atk|1|[from] ability: Justified
|move|p1a: flAMberge|Close Combat|p2a: Bisharp
|-supereffective|p2a: Bisharp
|-damage|p2a: Bisharp|0 fnt
|-unboost|p1a: flAMberge|def|1
|-unboost|p1a: flAMberge|spd|1
|faint|p2a: Bisharp
|
|-heal|p1a: flAMberge|312\/358|[from] item: Leftovers
|
|switch|p2a: Landorus-Therian|Landorus-Therian, M|241\/319
|-damage|p2a: Landorus-Therian|202\/319|[from] Stealth Rock
|-ability|p2a: Landorus-Therian|Intimidate|[of] p1a: flAMberge
|-unboost|p1a: flAMberge|atk|1
|turn|19
|
|move|p2a: Landorus-Therian|Earthquake|p1a: flAMberge
|-supereffective|p1a: flAMberge
|-damage|p1a: flAMberge|0 fnt
|faint|p1a: flAMberge
|
|
|switch|p1a: Thundurus|Thundurus, M|74\/299
|turn|20
|
|switch|p2a: Metagross|Metagross-Mega|119\/301
|-damage|p2a: Metagross|101\/301|[from] Stealth Rock
|move|p1a: Thundurus|Volt Switch|p2a: Metagross
|-damage|p2a: Metagross|0 fnt
|faint|p2a: Metagross
|
|switch|p1a: murakAMi|Manaphy, shiny|351\/351
|
|
|switch|p2a: Keldeo|Keldeo|241\/323
|-damage|p2a: Keldeo|221\/323|[from] Stealth Rock
|turn|21
|
|move|p2a: Keldeo|Substitute|p2a: Keldeo
|-start|p2a: Keldeo|Substitute
|-damage|p2a: Keldeo|141\/323
|move|p1a: murakAMi|Energy Ball|p2a: Keldeo
|-supereffective|p2a: Keldeo
|-end|p2a: Keldeo|Substitute
|
|-heal|p2a: Keldeo|161\/323|[from] item: Leftovers
|turn|22
|
|move|p2a: Keldeo|Secret Sword|p1a: murakAMi
|-damage|p1a: murakAMi|186\/351
|move|p1a: murakAMi|Energy Ball|p2a: Keldeo
|-supereffective|p2a: Keldeo
|-damage|p2a: Keldeo|0 fnt
|faint|p2a: Keldeo
|
|-heal|p1a: murakAMi|207\/351|[from] item: Leftovers
|
|switch|p2a: Landorus-Therian|Landorus-Therian, M|202\/319
|-damage|p2a: Landorus-Therian|163\/319|[from] Stealth Rock
|-ability|p2a: Landorus-Therian|Intimidate|[of] p1a: murakAMi
|-unboost|p1a: murakAMi|atk|1
|turn|23
|c|âhaxiom ou|gg
|
|move|p2a: Landorus-Therian|Stone Edge|p1a: murakAMi
|-damage|p1a: murakAMi|72\/351
|move|p1a: murakAMi|Scald|p2a: Landorus-Therian
|-supereffective|p2a: Landorus-Therian
|-damage|p2a: Landorus-Therian|0 fnt
|faint|p2a: Landorus-Therian
|
|win|gyarad0site
|raw|Ladder updating...
|raw|gyarad0site's rating: 1471 &rarr; <strong>1485<\/strong><br \/>(+14 for winning)
|raw|haxiom ou's rating: 1357 &rarr; <strong>1344<\/strong><br \/>(-13 for losing)
|leave|haxiom ou
|player|p2