|join|gyarad0site
|join|Rapture's Finest
|player|p1|gyarad0site|195
|player|p2|Rapture's Finest|88
|gametype|singles
|gen|6
|tier|OU (suspect test)
|rated
|clearpoke
|poke|p1|Scizor, M, shiny
|poke|p1|Manaphy, shiny
|poke|p1|Thundurus, M
|poke|p1|Landorus-Therian, M
|poke|p1|Cobalion
|poke|p1|Latios, M
|poke|p2|Altaria, F, shiny
|poke|p2|Keldeo
|poke|p2|Bisharp, M
|poke|p2|Landorus-Therian, M
|poke|p2|Raikou
|poke|p2|Mew
|rule|Swagger Clause: Swagger is banned
|rule|Baton Pass Clause: Limit one PokÃ©mon knowing Baton Pass
|rule|Sleep Clause Mod: Limit one foe put to sleep
|rule|Species Clause: Limit one of each PokÃ©mon
|rule|OHKO Clause: OHKO moves are banned
|rule|Moody Clause: Moody is banned
|rule|Evasion Moves Clause: Evasion moves are banned
|rule|Endless Battle Clause: Forcing endless battles is banned
|rule|HP Percentage Mod: HP is shown in percentages
|teampreview
|
|start
|switch|p1a: Thundurus|Thundurus, M|299\/299
|switch|p2a: Altaria|Altaria, F, shiny|353\/353
|turn|1
|
|detailschange|p2a: Altaria|Altaria-Mega, F, shiny
|-mega|p2a: Altaria|Altaria|Altarianite
|move|p1a: Thundurus|Hidden Power|p2a: Altaria
|-supereffective|p2a: Altaria
|-damage|p2a: Altaria|209\/353
|move|p2a: Altaria|Hyper Voice|p1a: Thundurus
|-damage|p1a: Thundurus|85\/299
|
|-heal|p1a: Thundurus|103\/299|[from] item: Leftovers
|turn|2
|
|move|p1a: Thundurus|Volt Switch|p2a: Altaria
|-resisted|p2a: Altaria
|-damage|p2a: Altaria|152\/353
|
|switch|p1a: flAMberge|Cobalion|358\/358
|move|p2a: Altaria|Hyper Voice|p1a: flAMberge
|-damage|p1a: flAMberge|141\/358
|
|-heal|p1a: flAMberge|163\/358|[from] item: Leftovers
|turn|3
|
|switch|p2a: Landorus-Therian|Landorus-Therian, M|319\/319
|-ability|p2a: Landorus-Therian|Intimidate|[of] p1a: flAMberge
|-unboost|p1a: flAMberge|atk|1
|move|p1a: flAMberge|Iron Head|p2a: Landorus-Therian
|-damage|p2a: Landorus-Therian|250\/319
|
|-heal|p1a: flAMberge|185\/358|[from] item: Leftovers
|turn|4
|
|move|p1a: flAMberge|Iron Head|p2a: Landorus-Therian
|-crit|p2a: Landorus-Therian
|-damage|p2a: Landorus-Therian|85\/319
|move|p2a: Landorus-Therian|Stealth Rock|p1a: flAMberge
|-sidestart|p1: gyarad0site|move: Stealth Rock
|
|-heal|p1a: flAMberge|207\/358|[from] item: Leftovers
|turn|5
|
|move|p1a: flAMberge|Iron Head|p2a: Landorus-Therian
|-damage|p2a: Landorus-Therian|16\/319
|move|p2a: Landorus-Therian|U-turn|p1a: flAMberge
|-resisted|p1a: flAMberge
|-damage|p1a: flAMberge|191\/358
|
|switch|p2a: Keldeo|Keldeo|323\/323
|
|-heal|p1a: flAMberge|213\/358|[from] item: Leftovers
|turn|6
|
|move|p2a: Keldeo|Secret Sword|p1a: flAMberge
|-supereffective|p1a: flAMberge
|-damage|p1a: flAMberge|0 fnt
|faint|p1a: flAMberge
|
|
|switch|p1a: sAMuel L|Landorus-Therian, M|381\/381
|-damage|p1a: sAMuel L|334\/381|[from] Stealth Rock
|-ability|p1a: sAMuel L|Intimidate|[of] p2a: Keldeo
|-unboost|p2a: Keldeo|atk|1
|turn|7
|
|switch|p2a: Landorus-Therian|Landorus-Therian, M|16\/319
|-ability|p2a: Landorus-Therian|Intimidate|[of] p1a: sAMuel L
|-unboost|p1a: sAMuel L|atk|1
|move|p1a: sAMuel L|Stealth Rock|p2a: Landorus-Therian
|-sidestart|p2: Rapture's Finest|move: Stealth Rock
|
|-heal|p1a: sAMuel L|357\/381|[from] item: Leftovers
|turn|8
|
|move|p2a: Landorus-Therian|Stone Edge|p1a: sAMuel L|[miss]
|-miss|p2a: Landorus-Therian|p1a: sAMuel L
|move|p1a: sAMuel L|Rock Tomb|p2a: Landorus-Therian
|-damage|p2a: Landorus-Therian|0 fnt
|faint|p2a: Landorus-Therian
|
|-heal|p1a: sAMuel L|380\/381|[from] item: Leftovers
|
|switch|p2a: Keldeo|Keldeo|323\/323
|-damage|p2a: Keldeo|303\/323|[from] Stealth Rock
|turn|9
|
|switch|p1a: Latios|Latios, M|301\/301
|-damage|p1a: Latios|264\/301|[from] Stealth Rock
|move|p2a: Keldeo|Scald|p1a: Latios
|-resisted|p1a: Latios
|-damage|p1a: Latios|201\/301
|
|turn|10
|
|switch|p1a: murakAMi|Manaphy, shiny|351\/351
|-damage|p1a: murakAMi|308\/351|[from] Stealth Rock
|switch|p2a: Bisharp|Bisharp, M|271\/271
|-damage|p2a: Bisharp|255\/271|[from] Stealth Rock
|
|-heal|p1a: murakAMi|329\/351|[from] item: Leftovers
|turn|11
|
|move|p1a: murakAMi|Scald|p2a: Bisharp
|-damage|p2a: Bisharp|92\/271
|move|p2a: Bisharp|Knock Off|p1a: murakAMi
|-damage|p1a: murakAMi|90\/351
|-enditem|p1a: murakAMi|Leftovers|[from] move: Knock Off|[of] p2a: Bisharp
|-damage|p2a: Bisharp|65\/271|[from] item: Life Orb
|
|turn|12
|
|move|p2a: Bisharp|Sucker Punch|p1a: murakAMi
|-fail|p1a: murakAMi
|move|p1a: murakAMi|Tail Glow|p1a: murakAMi
|-boost|p1a: murakAMi|spa|3
|
|turn|13
|
|move|p2a: Bisharp|Sucker Punch|p1a: murakAMi
|-fail|p1a: murakAMi
|move|p1a: murakAMi|Rain Dance|p1a: murakAMi
|-weather|RainDance
|
|-weather|RainDance|[upkeep]
|turn|14
|
|move|p1a: murakAMi|Tail Glow|p1a: murakAMi
|-boost|p1a: murakAMi|spa|3
|move|p2a: Bisharp|Swords Dance|p2a: Bisharp
|-boost|p2a: Bisharp|atk|2
|
|-weather|RainDance|[upkeep]
|turn|15
|
|move|p2a: Bisharp|Sucker Punch|p1a: murakAMi
|-fail|p1a: murakAMi
|move|p1a: murakAMi|Tail Glow|p1a: murakAMi
|-fail|p1a: murakAMi
|
|-weather|RainDance|[upkeep]
|turn|16
|
|move|p2a: Bisharp|Sucker Punch|p1a: murakAMi
|-fail|p1a: murakAMi
|move|p1a: murakAMi|Tail Glow|p1a: murakAMi
|-fail|p1a: murakAMi
|
|-weather|RainDance|[upkeep]
|turn|17
|
|move|p1a: murakAMi|Scald|p2a: Bisharp
|-damage|p2a: Bisharp|0 fnt
|faint|p2a: Bisharp
|
|-weather|none
|
|switch|p2a: Raikou|Raikou|321\/321
|-damage|p2a: Raikou|281\/321|[from] Stealth Rock
|-ability|p2a: Raikou|Pressure
|turn|18
|
|move|p2a: Raikou|Volt Switch|p1a: murakAMi
|-supereffective|p1a: murakAMi
|-damage|p1a: murakAMi|0 fnt
|faint|p1a: murakAMi
|
|switch|p2a: Mew|Mew|404\/404
|-damage|p2a: Mew|354\/404|[from] Stealth Rock
|
|-heal|p2a: Mew|379\/404|[from] item: Leftovers
|
|switch|p1a: Thundurus|Thundurus, M|103\/299
|-damage|p1a: Thundurus|29\/299|[from] Stealth Rock
|turn|19
|
|switch|p2a: Altaria|Altaria-Mega, F, shiny|152\/353
|-damage|p2a: Altaria|108\/353|[from] Stealth Rock
|move|p1a: Thundurus|Taunt|p2a: Altaria
|-start|p2a: Altaria|move: Taunt
|
|-heal|p1a: Thundurus|47\/299|[from] item: Leftovers
|turn|20
|
|move|p1a: Thundurus|Hidden Power|p2a: Altaria
|-supereffective|p2a: Altaria
|-damage|p2a: Altaria|0 fnt
|faint|p2a: Altaria
|
|-heal|p1a: Thundurus|65\/299|[from] item: Leftovers
|
|switch|p2a: Raikou|Raikou|281\/321
|-damage|p2a: Raikou|241\/321|[from] Stealth Rock
|-ability|p2a: Raikou|Pressure
|turn|21
|
|move|p2a: Raikou|Hidden Power|p1a: Thundurus
|-supereffective|p1a: Thundurus
|-damage|p1a: Thundurus|0 fnt
|faint|p1a: Thundurus
|
|
|switch|p1a: sAMuel L|Landorus-Therian, M|380\/381
|-damage|p1a: sAMuel L|333\/381|[from] Stealth Rock
|-ability|p1a: sAMuel L|Intimidate|[of] p2a: Raikou
|-unboost|p2a: Raikou|atk|1
|turn|22
|
|switch|p2a: Mew|Mew|379\/404
|-damage|p2a: Mew|329\/404|[from] Stealth Rock
|move|p1a: sAMuel L|Earthquake|p2a: Mew
|-damage|p2a: Mew|215\/404
|
|-heal|p2a: Mew|240\/404|[from] item: Leftovers
|-heal|p1a: sAMuel L|356\/381|[from] item: Leftovers
|turn|23
|
|move|p2a: Mew|Will-O-Wisp|p1a: sAMuel L
|-status|p1a: sAMuel L|brn
|move|p1a: sAMuel L|U-turn|p2a: Mew
|-supereffective|p2a: Mew
|-damage|p2a: Mew|178\/404
|
|switch|p1a: Latios|Latios, M|201\/301
|-damage|p1a: Latios|164\/301|[from] Stealth Rock
|
|-heal|p2a: Mew|203\/404|[from] item: Leftovers
|turn|24
|
|move|p1a: Latios|Draco Meteor|p2a: Mew
|-damage|p2a: Mew|0 fnt
|-unboost|p1a: Latios|spa|2
|faint|p2a: Mew
|
|
|switch|p2a: Raikou|Raikou|241\/321
|-damage|p2a: Raikou|201\/321|[from] Stealth Rock
|-ability|p2a: Raikou|Pressure
|turn|25
|
|switch|p1a: sAMuel L|Landorus-Therian, M|356\/381 brn
|-damage|p1a: sAMuel L|309\/381 brn|[from] Stealth Rock
|-ability|p1a: sAMuel L|Intimidate|[of] p2a: Raikou
|-unboost|p2a: Raikou|atk|1
|move|p2a: Raikou|Shadow Ball|p1a: sAMuel L
|-damage|p1a: sAMuel L|198\/381 brn
|
|-heal|p1a: sAMuel L|221\/381 brn|[from] item: Leftovers
|-damage|p1a: sAMuel L|174\/381 brn|[from] brn
|turn|26
|
|move|p2a: Raikou|Hidden Power|p1a: sAMuel L
|-supereffective|p1a: sAMuel L
|-damage|p1a: sAMuel L|0 fnt
|faint|p1a: sAMuel L
|
|
|switch|p1a: rAMbo|Scizor, M, shiny|291\/291
|-damage|p1a: rAMbo|255\/291|[from] Stealth Rock
|turn|27
|
|detailschange|p1a: rAMbo|Scizor-Mega, M, shiny
|-mega|p1a: rAMbo|Scizor|Scizorite
|move|p2a: Raikou|Volt Switch|p1a: rAMbo
|-damage|p1a: rAMbo|138\/291
|
|switch|p2a: Keldeo|Keldeo|303\/323
|-damage|p2a: Keldeo|283\/323|[from] Stealth Rock
|move|p1a: rAMbo|Superpower|p2a: Keldeo
|-damage|p2a: Keldeo|116\/323
|-unboost|p1a: rAMbo|atk|1
|-unboost|p1a: rAMbo|def|1
|
|turn|28
|
|move|p1a: rAMbo|Bullet Punch|p2a: Keldeo
|-resisted|p2a: Keldeo
|-damage|p2a: Keldeo|70\/323
|move|p2a: Keldeo|Scald|p1a: rAMbo
|-damage|p1a: rAMbo|3\/291
|
|turn|29
|
|move|p1a: rAMbo|Bullet Punch|p2a: Keldeo
|-resisted|p2a: Keldeo
|-damage|p2a: Keldeo|23\/323
|move|p2a: Keldeo|Scald|p1a: rAMbo
|-crit|p1a: rAMbo
|-damage|p1a: rAMbo|0 fnt
|faint|p1a: rAMbo
|
|
|switch|p1a: Latios|Latios, M|164\/301
|-damage|p1a: Latios|127\/301|[from] Stealth Rock
|turn|30
|
|move|p1a: Latios|Psyshock|p2a: Keldeo
|-supereffective|p2a: Keldeo
|-damage|p2a: Keldeo|0 fnt
|faint|p2a: Keldeo
|
|
|switch|p2a: Raikou|Raikou|201\/321
|-damage|p2a: Raikou|161\/321|[from] Stealth Rock
|-ability|p2a: Raikou|Pressure
|turn|31
|
|move|p1a: Latios|Psyshock|p2a: Raikou
|-crit|p2a: Raikou
|-damage|p2a: Raikou|0 fnt
|faint|p2a: Raikou
|
|win|gyarad0site
|raw|Ladder updating...
|raw|gyarad0site's rating: 1475 &rarr; <strong>1493<\/strong><br \/>(+18 for winning)
|raw|Rapture&apos;s Finest's rating: 1436 &rarr; <strong>1418<\/strong><br \/>(-18 for losing)
|leave|Rapture's Finest