|join|gyarad0site
|join|TheLongTermPlayer
|player|p1|gyarad0site|195
|player|p2|TheLongTermPlayer|1
|gametype|singles
|gen|6
|tier|OU (suspect test)
|rated
|clearpoke
|poke|p1|Scizor, M, shiny
|poke|p1|Manaphy, shiny
|poke|p1|Thundurus, M
|poke|p1|Landorus-Therian, M
|poke|p1|Cobalion
|poke|p1|Latios, M
|poke|p2|Gardevoir, M
|poke|p2|Keldeo
|poke|p2|Landorus-Therian, M
|poke|p2|Ferrothorn, M
|poke|p2|Bisharp, M
|poke|p2|Latias, F
|rule|Swagger Clause: Swagger is banned
|rule|Baton Pass Clause: Limit one PokÃ©mon knowing Baton Pass
|rule|Sleep Clause Mod: Limit one foe put to sleep
|rule|Species Clause: Limit one of each PokÃ©mon
|rule|OHKO Clause: OHKO moves are banned
|rule|Moody Clause: Moody is banned
|rule|Evasion Moves Clause: Evasion moves are banned
|rule|Endless Battle Clause: Forcing endless battles is banned
|rule|HP Percentage Mod: HP is shown in percentages
|teampreview
|
|start
|switch|p1a: Thundurus|Thundurus, M|299\/299
|switch|p2a: Keldeo|Keldeo|323\/323
|turn|1
|
|switch|p2a: Ferrothorn|Ferrothorn, M|352\/352
|move|p1a: Thundurus|Volt Switch|p2a: Ferrothorn
|-resisted|p2a: Ferrothorn
|-damage|p2a: Ferrothorn|311\/352
|
|switch|p1a: flAMberge|Cobalion|358\/358
|
|-heal|p2a: Ferrothorn|333\/352|[from] item: Leftovers
|turn|2
|
|switch|p2a: Landorus-Therian|Landorus-Therian, M|381\/381
|-ability|p2a: Landorus-Therian|Intimidate|[of] p1a: flAMberge
|-unboost|p1a: flAMberge|atk|1
|move|p1a: flAMberge|Taunt|p2a: Landorus-Therian
|-start|p2a: Landorus-Therian|move: Taunt
|
|turn|3
|
|move|p1a: flAMberge|Volt Switch|p2a: Landorus-Therian
|-immune|p2a: Landorus-Therian|[msg]
|move|p2a: Landorus-Therian|U-turn|p1a: flAMberge
|-resisted|p1a: flAMberge
|-damage|p1a: flAMberge|344\/358
|
|switch|p2a: Gardevoir|Gardevoir, M|289\/289
|-ability|p2a: Gardevoir|Justified|[from] ability: Trace|[of] p1a: flAMberge
|
|-heal|p1a: flAMberge|358\/358|[from] item: Leftovers
|turn|4
|
|detailschange|p2a: Gardevoir|Gardevoir-Mega, M
|-mega|p2a: Gardevoir|Gardevoir|Gardevoirite
|move|p1a: flAMberge|Iron Head|p2a: Gardevoir
|-supereffective|p2a: Gardevoir
|-damage|p2a: Gardevoir|127\/289
|move|p2a: Gardevoir|Hyper Voice|p1a: flAMberge
|-damage|p1a: flAMberge|25\/358
|
|-heal|p1a: flAMberge|47\/358|[from] item: Leftovers
|turn|5
|
|switch|p2a: Landorus-Therian|Landorus-Therian, M|381\/381
|-ability|p2a: Landorus-Therian|Intimidate|[of] p1a: flAMberge
|-unboost|p1a: flAMberge|atk|1
|move|p1a: flAMberge|Close Combat|p2a: Landorus-Therian
|-resisted|p2a: Landorus-Therian
|-damage|p2a: Landorus-Therian|351\/381
|-unboost|p1a: flAMberge|def|1
|-unboost|p1a: flAMberge|spd|1
|
|-heal|p1a: flAMberge|69\/358|[from] item: Leftovers
|-heal|p2a: Landorus-Therian|374\/381|[from] item: Leftovers
|turn|6
|
|move|p1a: flAMberge|Taunt|p2a: Landorus-Therian
|-start|p2a: Landorus-Therian|move: Taunt
|cant|p2a: Landorus-Therian|move: Taunt|Stealth Rock
|
|-heal|p1a: flAMberge|91\/358|[from] item: Leftovers
|-heal|p2a: Landorus-Therian|381\/381|[from] item: Leftovers
|turn|7
|
|switch|p1a: sAMuel L|Landorus-Therian, M|381\/381
|-ability|p1a: sAMuel L|Intimidate|[of] p2a: Landorus-Therian
|-unboost|p2a: Landorus-Therian|atk|1
|move|p2a: Landorus-Therian|U-turn|p1a: sAMuel L
|-resisted|p1a: sAMuel L
|-damage|p1a: sAMuel L|363\/381
|
|switch|p2a: Keldeo|Keldeo|323\/323
|
|-heal|p1a: sAMuel L|381\/381|[from] item: Leftovers
|turn|8
|
|switch|p1a: Latios|Latios, M|301\/301
|move|p2a: Keldeo|Scald|p1a: Latios
|-resisted|p1a: Latios
|-damage|p1a: Latios|241\/301
|-status|p1a: Latios|brn
|
|-damage|p1a: Latios|204\/301 brn|[from] brn
|turn|9
|
|switch|p2a: Bisharp|Bisharp, M|290\/290
|move|p1a: Latios|Trick|p2a: Bisharp
|-activate|p1a: Latios|move: Trick|[of] p2a: Bisharp
|-item|p2a: Bisharp|Choice Scarf|[from] move: Trick
|-item|p1a: Latios|Life Orb|[from] move: Trick
|
|-damage|p1a: Latios|167\/301 brn|[from] brn
|turn|10
|
|move|p2a: Bisharp|Pursuit|p1a: Latios|[from]Pursuit
|-supereffective|p1a: Latios
|-damage|p1a: Latios|0 fnt
|faint|p1a: Latios
|
|
|switch|p1a: sAMuel L|Landorus-Therian, M|381\/381
|-ability|p1a: sAMuel L|Intimidate|[of] p2a: Bisharp
|-unboost|p2a: Bisharp|atk|1
|-boost|p2a: Bisharp|atk|2|[from] ability: Defiant
|turn|11
|
|switch|p2a: Latias|Latias, F|301\/301
|move|p1a: sAMuel L|Stealth Rock|p2a: Latias
|-sidestart|p2: TheLongTermPlayer|move: Stealth Rock
|
|turn|12
|
|move|p2a: Latias|Defog|p1a: sAMuel L
|-unboost|p1a: sAMuel L|evasion|1
|-sideend|p2: TheLongTermPlayer|Stealth Rock|[from] move: Defog|[of] p2a: Latias
|move|p1a: sAMuel L|U-turn|p2a: Latias
|-supereffective|p2a: Latias
|-damage|p2a: Latias|143\/301
|
|switch|p1a: Thundurus|Thundurus, M|299\/299
|
|turn|13
|
|move|p1a: Thundurus|Volt Switch|p2a: Latias
|-resisted|p2a: Latias
|-damage|p2a: Latias|90\/301
|
|switch|p1a: flAMberge|Cobalion|91\/358
|move|p2a: Latias|Draco Meteor|p1a: flAMberge
|-resisted|p1a: flAMberge
|-damage|p1a: flAMberge|0 fnt
|-unboost|p2a: Latias|spa|2
|-damage|p2a: Latias|60\/301|[from] item: Life Orb
|faint|p1a: flAMberge
|
|
|switch|p1a: sAMuel L|Landorus-Therian, M|381\/381
|-ability|p1a: sAMuel L|Intimidate|[of] p2a: Latias
|-unboost|p2a: Latias|atk|1
|turn|14
|
|switch|p2a: Keldeo|Keldeo|323\/323
|move|p1a: sAMuel L|Stealth Rock|p2a: Keldeo
|-sidestart|p2: TheLongTermPlayer|move: Stealth Rock
|
|turn|15
|
|move|p2a: Keldeo|Scald|p1a: sAMuel L
|-supereffective|p1a: sAMuel L
|-damage|p1a: sAMuel L|49\/381
|move|p1a: sAMuel L|Earthquake|p2a: Keldeo
|-damage|p2a: Keldeo|137\/323
|
|-heal|p1a: sAMuel L|72\/381|[from] item: Leftovers
|turn|16
|
|switch|p1a: murakAMi|Manaphy, shiny|351\/351
|move|p2a: Keldeo|Scald|p1a: murakAMi
|-resisted|p1a: murakAMi
|-damage|p1a: murakAMi|277\/351
|-status|p1a: murakAMi|brn
|
|-heal|p1a: murakAMi|298\/351 brn|[from] item: Leftovers
|-damage|p1a: murakAMi|255\/351 brn|[from] brn
|turn|17
|
|switch|p2a: Ferrothorn|Ferrothorn, M|333\/352
|-damage|p2a: Ferrothorn|311\/352|[from] Stealth Rock
|move|p1a: murakAMi|Rain Dance|p1a: murakAMi
|-weather|RainDance
|
|-weather|RainDance|[upkeep]
|-curestatus|p1a: murakAMi|brn
|-heal|p1a: murakAMi|276\/351|[from] item: Leftovers
|-heal|p2a: Ferrothorn|333\/352|[from] item: Leftovers
|turn|18
|
|move|p1a: murakAMi|Tail Glow|p1a: murakAMi
|-boost|p1a: murakAMi|spa|3
|move|p2a: Ferrothorn|Power Whip|p1a: murakAMi
|-supereffective|p1a: murakAMi
|-damage|p1a: murakAMi|0 fnt
|faint|p1a: murakAMi
|
|-weather|RainDance|[upkeep]
|-heal|p2a: Ferrothorn|352\/352|[from] item: Leftovers
|
|switch|p1a: Thundurus|Thundurus, M|299\/299
|turn|19
|
|move|p1a: Thundurus|Taunt|p2a: Ferrothorn
|-start|p2a: Ferrothorn|move: Taunt
|cant|p2a: Ferrothorn|move: Taunt|Leech Seed
|
|-weather|RainDance|[upkeep]
|turn|20
|
|switch|p2a: Latias|Latias, F|60\/301
|-damage|p2a: Latias|23\/301|[from] Stealth Rock
|move|p1a: Thundurus|Volt Switch|p2a: Latias
|-resisted|p2a: Latias
|-damage|p2a: Latias|0 fnt
|faint|p2a: Latias
|
|switch|p1a: sAMuel L|Landorus-Therian, M|72\/381
|
|-weather|RainDance|[upkeep]
|-heal|p1a: sAMuel L|95\/381|[from] item: Leftovers
|
|switch|p2a: Keldeo|Keldeo|137\/323
|-damage|p2a: Keldeo|117\/323|[from] Stealth Rock
|turn|21
|
|move|p2a: Keldeo|Scald|p1a: sAMuel L
|-supereffective|p1a: sAMuel L
|-damage|p1a: sAMuel L|0 fnt
|faint|p1a: sAMuel L
|
|-weather|none
|
|switch|p1a: Thundurus|Thundurus, M|299\/299
|turn|22
|
|move|p2a: Keldeo|Scald|p1a: Thundurus
|-damage|p1a: Thundurus|133\/299
|move|p1a: Thundurus|Volt Switch|p2a: Keldeo
|-supereffective|p2a: Keldeo
|-damage|p2a: Keldeo|0 fnt
|faint|p2a: Keldeo
|
|switch|p1a: rAMbo|Scizor, M, shiny|291\/291
|
|
|switch|p2a: Landorus-Therian|Landorus-Therian, M|381\/381
|-damage|p2a: Landorus-Therian|334\/381|[from] Stealth Rock
|-ability|p2a: Landorus-Therian|Intimidate|[of] p1a: rAMbo
|-unboost|p1a: rAMbo|atk|1
|turn|23
|
|switch|p1a: Thundurus|Thundurus, M|133\/299
|move|p2a: Landorus-Therian|Stealth Rock|p1a: Thundurus
|-sidestart|p1: gyarad0site|move: Stealth Rock
|
|-heal|p1a: Thundurus|151\/299|[from] item: Leftovers
|-heal|p2a: Landorus-Therian|357\/381|[from] item: Leftovers
|turn|24
|
|switch|p2a: Ferrothorn|Ferrothorn, M|352\/352
|-damage|p2a: Ferrothorn|330\/352|[from] Stealth Rock
|move|p1a: Thundurus|Hidden Power|p2a: Ferrothorn
|-damage|p2a: Ferrothorn|285\/352
|
|-heal|p1a: Thundurus|169\/299|[from] item: Leftovers
|-heal|p2a: Ferrothorn|307\/352|[from] item: Leftovers
|turn|25
|
|move|p1a: Thundurus|Taunt|p2a: Ferrothorn
|-start|p2a: Ferrothorn|move: Taunt
|move|p2a: Ferrothorn|Gyro Ball|p1a: Thundurus
|-resisted|p1a: Thundurus
|-damage|p1a: Thundurus|55\/299
|
|-heal|p1a: Thundurus|73\/299|[from] item: Leftovers
|-heal|p2a: Ferrothorn|329\/352|[from] item: Leftovers
|turn|26
|
|switch|p2a: Landorus-Therian|Landorus-Therian, M|357\/381
|-damage|p2a: Landorus-Therian|310\/381|[from] Stealth Rock
|-ability|p2a: Landorus-Therian|Intimidate|[of] p1a: Thundurus
|-unboost|p1a: Thundurus|atk|1
|move|p1a: Thundurus|Hidden Power|p2a: Landorus-Therian
|-supereffective|p2a: Landorus-Therian
|-damage|p2a: Landorus-Therian|0 fnt
|faint|p2a: Landorus-Therian
|
|-heal|p1a: Thundurus|91\/299|[from] item: Leftovers
|
|switch|p2a: Bisharp|Bisharp, M|290\/290
|-damage|p2a: Bisharp|272\/290|[from] Stealth Rock
|turn|27
|
|move|p1a: Thundurus|Thunder Wave|p2a: Bisharp
|-status|p2a: Bisharp|par
|move|p2a: Bisharp|Pursuit|p1a: Thundurus
|-damage|p1a: Thundurus|0 fnt
|faint|p1a: Thundurus
|
|
|switch|p1a: rAMbo|Scizor, M, shiny|291\/291
|-damage|p1a: rAMbo|255\/291|[from] Stealth Rock
|turn|28
|
|switch|p2a: Ferrothorn|Ferrothorn, M|329\/352
|-damage|p2a: Ferrothorn|307\/352|[from] Stealth Rock
|detailschange|p1a: rAMbo|Scizor-Mega, M, shiny
|-mega|p1a: rAMbo|Scizor|Scizorite
|move|p1a: rAMbo|Swords Dance|p1a: rAMbo
|-boost|p1a: rAMbo|atk|2
|
|-heal|p2a: Ferrothorn|329\/352|[from] item: Leftovers
|turn|29
|
|move|p1a: rAMbo|Superpower|p2a: Ferrothorn
|-supereffective|p2a: Ferrothorn
|-damage|p2a: Ferrothorn|0 fnt
|-damage|p1a: rAMbo|219\/291|[from] ability: Iron Barbs|[of] p2a: Ferrothorn
|-unboost|p1a: rAMbo|atk|1
|-unboost|p1a: rAMbo|def|1
|faint|p2a: Ferrothorn
|
|
|switch|p2a: Bisharp|Bisharp, M|272\/290 par
|-damage|p2a: Bisharp|254\/290 par|[from] Stealth Rock
|turn|30
|
|switch|p2a: Gardevoir|Gardevoir-Mega, M|127\/289
|-damage|p2a: Gardevoir|91\/289|[from] Stealth Rock
|move|p1a: rAMbo|Bullet Punch|p2a: Gardevoir
|-supereffective|p2a: Gardevoir
|-damage|p2a: Gardevoir|0 fnt
|faint|p2a: Gardevoir
|
|
|switch|p2a: Bisharp|Bisharp, M|254\/290 par
|-damage|p2a: Bisharp|236\/290 par|[from] Stealth Rock
|turn|31
|
|move|p2a: Bisharp|Sucker Punch|p1a: rAMbo
|-damage|p1a: rAMbo|60\/291
|move|p1a: rAMbo|Superpower|p2a: Bisharp
|-supereffective|p2a: Bisharp
|-damage|p2a: Bisharp|0 fnt
|-unboost|p1a: rAMbo|atk|1
|-unboost|p1a: rAMbo|def|1
|faint|p2a: Bisharp
|
|win|gyarad0site
|raw|Ladder updating...
|raw|gyarad0site's rating: 1364 &rarr; <strong>1376<\/strong><br \/>(+12 for winning)
|raw|TheLongTermPlayer's rating: 1215 &rarr; <strong>1200<\/strong><br \/>(-15 for losing)
|leave|TheLongTermPlayer
|player|p2
|c|âgyarad0site|gg