|join|PhillyDieHard11
|join|MT Fam
|player|p1|PhillyDieHard11|176
|player|p2|MT Fam|161
|gametype|singles
|gen|6
|tier|UU
|rated
|rule|Sleep Clause Mod: Limit one foe put to sleep
|rule|Species Clause: Limit one of each PokÃ©mon
|rule|OHKO Clause: OHKO moves are banned
|rule|Moody Clause: Moody is banned
|rule|Evasion Moves Clause: Evasion moves are banned
|rule|Endless Battle Clause: Forcing endless battles is banned
|rule|HP Percentage Mod: HP is shown in percentages
|clearpoke
|poke|p1|Porygon-Z
|poke|p1|Arcanine, F
|poke|p1|Mienshao, M
|poke|p1|Jirachi
|poke|p1|Milotic, M
|poke|p1|Sceptile, M
|poke|p2|Azelf
|poke|p2|Klefki, M
|poke|p2|Starmie
|poke|p2|Raikou
|poke|p2|Machamp, M
|poke|p2|Beedrill, M
|rule|Swagger Clause: Swagger is banned
|rule|Baton Pass Clause: Limit one PokÃ©mon knowing Baton Pass
|teampreview
|
|start
|switch|p1a: Porygon-Z|Porygon-Z|311\/311
|switch|p2a: Azelf|Azelf|292\/292
|turn|1
|
|move|p1a: Porygon-Z|Dark Pulse|p2a: Azelf
|-supereffective|p2a: Azelf
|-damage|p2a: Azelf|22\/292
|move|p2a: Azelf|Stealth Rock|p1a: Porygon-Z
|-sidestart|p1: PhillyDieHard11|move: Stealth Rock
|
|turn|2
|
|switch|p2a: Klefki|Klefki, M|318\/318
|move|p1a: Porygon-Z|Dark Pulse|p2a: Klefki
|-resisted|p2a: Klefki
|-damage|p2a: Klefki|259\/318
|
|turn|3
|
|switch|p1a: Arcanine|Arcanine, F|383\/383
|-damage|p1a: Arcanine|288\/383|[from] Stealth Rock
|-ability|p1a: Arcanine|Intimidate|[of] p2a: Klefki
|-unboost|p2a: Klefki|atk|1
|move|p2a: Klefki|Thunder Wave|p1a: Arcanine
|-status|p1a: Arcanine|par
|
|-heal|p1a: Arcanine|311\/383 par|[from] item: Leftovers
|turn|4
|
|move|p2a: Klefki|Reflect|p2a: Klefki
|-sidestart|p2: MT Fam|Reflect
|move|p1a: Arcanine|Flare Blitz|p2a: Klefki
|-supereffective|p2a: Klefki
|-damage|p2a: Klefki|150\/318
|-damage|p1a: Arcanine|275\/383 par|[from] recoil|[of] p2a: Klefki
|
|-heal|p1a: Arcanine|298\/383 par|[from] item: Leftovers
|turn|5
|
|move|p2a: Klefki|Spikes|p1a: Arcanine
|-sidestart|p1: PhillyDieHard11|Spikes
|move|p1a: Arcanine|Flare Blitz|p2a: Klefki
|-supereffective|p2a: Klefki
|-damage|p2a: Klefki|29\/318
|-damage|p1a: Arcanine|258\/383 par|[from] recoil|[of] p2a: Klefki
|
|-heal|p1a: Arcanine|281\/383 par|[from] item: Leftovers
|turn|6
|
|move|p2a: Klefki|Light Screen|p2a: Klefki
|-sidestart|p2: MT Fam|move: Light Screen
|move|p1a: Arcanine|Flare Blitz|p2a: Klefki
|-supereffective|p2a: Klefki
|-damage|p2a: Klefki|0 fnt
|-damage|p1a: Arcanine|271\/383 par|[from] recoil|[of] p2a: Klefki
|faint|p2a: Klefki
|
|-heal|p1a: Arcanine|294\/383 par|[from] item: Leftovers
|
|switch|p2a: Beedrill|Beedrill, M|271\/271
|turn|7
|
|detailschange|p2a: Beedrill|Beedrill-Mega, M
|message|Beedrill has Mega Evolved into Mega Beedrill!
|move|p2a: Beedrill|U-turn|p1a: Arcanine
|-crit|p1a: Arcanine
|-resisted|p1a: Arcanine
|-damage|p1a: Arcanine|181\/383 par
|
|switch|p2a: Starmie|Starmie|261\/261
|cant|p1a: Arcanine|par
|
|-heal|p1a: Arcanine|204\/383 par|[from] item: Leftovers
|turn|8
|
|switch|p1a: Jirachi|Jirachi|404\/404
|-damage|p1a: Jirachi|379\/404|[from] Stealth Rock
|-damage|p1a: Jirachi|329\/404|[from] Spikes
|move|p2a: Starmie|Hydro Pump|p1a: Jirachi|[miss]
|-miss|p2a: Starmie|p1a: Jirachi
|
|-heal|p1a: Jirachi|354\/404|[from] item: Leftovers
|turn|9
|
|move|p2a: Starmie|Hydro Pump|p1a: Jirachi
|-damage|p1a: Jirachi|206\/404
|-damage|p2a: Starmie|235\/261|[from] item: Life Orb
|move|p1a: Jirachi|Thunder Wave|p2a: Starmie
|-status|p2a: Starmie|par
|
|-heal|p1a: Jirachi|231\/404|[from] item: Leftovers
|turn|10
|
|switch|p2a: Raikou|Raikou|322\/322
|-ability|p2a: Raikou|Pressure
|move|p1a: Jirachi|Wish|p1a: Jirachi
|
|-heal|p1a: Jirachi|256\/404|[from] item: Leftovers
|turn|11
|
|move|p2a: Raikou|Volt Switch|p1a: Jirachi
|-damage|p1a: Jirachi|121\/404
|
|switch|p2a: Azelf|Azelf|22\/292
|move|p1a: Jirachi|Stealth Rock|p2a: Azelf
|-sidestart|p2: MT Fam|move: Stealth Rock
|
|-heal|p1a: Jirachi|323\/404|[from] move: Wish|[wisher] Jirachi
|-heal|p1a: Jirachi|348\/404|[from] item: Leftovers
|-sideend|p2: MT Fam|Reflect
|turn|12
|
|move|p2a: Azelf|Knock Off|p1a: Jirachi
|-supereffective|p1a: Jirachi
|-damage|p1a: Jirachi|118\/404
|-enditem|p1a: Jirachi|Leftovers|[from] move: Knock Off|[of] p2a: Azelf
|move|p1a: Jirachi|Iron Head|p2a: Azelf
|-damage|p2a: Azelf|0 fnt
|faint|p2a: Azelf
|
|
|switch|p2a: Starmie|Starmie|235\/261 par
|-damage|p2a: Starmie|203\/261 par|[from] Stealth Rock
|turn|13
|
|move|p1a: Jirachi|Iron Head|p2a: Starmie
|-resisted|p2a: Starmie
|-damage|p2a: Starmie|154\/261 par
|cant|p2a: Starmie|par
|
|-sideend|p2: MT Fam|move: Light Screen
|turn|14
|
|move|p1a: Jirachi|Iron Head|p2a: Starmie
|-resisted|p2a: Starmie
|-damage|p2a: Starmie|109\/261 par
|cant|p2a: Starmie|flinch
|
|turn|15
|
|move|p1a: Jirachi|Iron Head|p2a: Starmie
|-resisted|p2a: Starmie
|-damage|p2a: Starmie|58\/261 par
|move|p2a: Starmie|Rapid Spin|p1a: Jirachi
|-resisted|p1a: Jirachi
|-damage|p1a: Jirachi|109\/404
|-sideend|p2: MT Fam|Stealth Rock|[from] move: Rapid Spin|[of] p2a: Starmie
|-damage|p2a: Starmie|32\/261 par|[from] item: Life Orb
|
|turn|16
|
|move|p1a: Jirachi|Iron Head|p2a: Starmie
|-resisted|p2a: Starmie
|-damage|p2a: Starmie|0 fnt
|faint|p2a: Starmie
|
|
|switch|p2a: Beedrill|Beedrill-Mega, M|271\/271
|turn|17
|
|move|p2a: Beedrill|Drill Run|p1a: Jirachi
|-supereffective|p1a: Jirachi
|-damage|p1a: Jirachi|0 fnt
|faint|p1a: Jirachi
|
|
|switch|p1a: Porygon-Z|Porygon-Z|311\/311
|-damage|p1a: Porygon-Z|273\/311|[from] Spikes
|-damage|p1a: Porygon-Z|235\/311|[from] Stealth Rock
|turn|18
|
|switch|p2a: Machamp|Machamp, M|364\/364
|move|p1a: Porygon-Z|Tri Attack|p2a: Machamp
|-damage|p2a: Machamp|222\/364
|
|turn|19
|
|switch|p1a: Arcanine|Arcanine, F|204\/383 par
|-damage|p1a: Arcanine|109\/383 par|[from] Stealth Rock
|-damage|p1a: Arcanine|62\/383 par|[from] Spikes
|-ability|p1a: Arcanine|Intimidate|[of] p2a: Machamp
|-unboost|p2a: Machamp|atk|1
|move|p2a: Machamp|Dynamic Punch|p1a: Arcanine
|-crit|p1a: Arcanine
|-damage|p1a: Arcanine|0 fnt
|faint|p1a: Arcanine
|
|
|switch|p1a: Mienshao|Mienshao, M|271\/271
|-damage|p1a: Mienshao|255\/271|[from] Stealth Rock
|-damage|p1a: Mienshao|222\/271|[from] Spikes
|turn|20
|
|move|p1a: Mienshao|High Jump Kick|p2a: Machamp
|-damage|p2a: Machamp|0 fnt
|-damage|p1a: Mienshao|195\/271|[from] item: Life Orb
|faint|p2a: Machamp
|
|
|switch|p2a: Beedrill|Beedrill-Mega, M|271\/271
|turn|21
|
|move|p2a: Beedrill|U-turn|p1a: Mienshao
|-resisted|p1a: Mienshao
|-damage|p1a: Mienshao|65\/271
|
|switch|p2a: Raikou|Raikou|322\/322
|-ability|p2a: Raikou|Pressure
|move|p1a: Mienshao|U-turn|p2a: Raikou
|-damage|p2a: Raikou|184\/322
|-damage|p1a: Mienshao|38\/271|[from] item: Life Orb
|
|switch|p1a: Porygon-Z|Porygon-Z|235\/311
|-damage|p1a: Porygon-Z|197\/311|[from] Spikes
|-damage|p1a: Porygon-Z|159\/311|[from] Stealth Rock
|
|turn|22
|
|move|p1a: Porygon-Z|Tri Attack|p2a: Raikou
|-damage|p2a: Raikou|0 fnt
|faint|p2a: Raikou
|
|
|switch|p2a: Beedrill|Beedrill-Mega, M|271\/271
|turn|23
|
|move|p2a: Beedrill|Protect|p2a: Beedrill
|-singleturn|p2a: Beedrill|Protect
|move|p1a: Porygon-Z|Tri Attack|p2a: Beedrill
|-activate|p2a: Beedrill|Protect
|
|turn|24
|
|move|p2a: Beedrill|Poison Jab|p1a: Porygon-Z
|-damage|p1a: Porygon-Z|0 fnt
|faint|p1a: Porygon-Z
|
|
|switch|p1a: Milotic|Milotic, M|393\/393
|-damage|p1a: Milotic|344\/393|[from] Spikes
|-damage|p1a: Milotic|295\/393|[from] Stealth Rock
|turn|25
|
|move|p2a: Beedrill|Poison Jab|p1a: Milotic
|-crit|p1a: Milotic
|-damage|p1a: Milotic|27\/393
|-status|p1a: Milotic|psn
|move|p1a: Milotic|Recover|p1a: Milotic
|-heal|p1a: Milotic|224\/393 psn
|
|-heal|p1a: Milotic|248\/393 psn|[from] item: Leftovers
|-damage|p1a: Milotic|199\/393 psn|[from] psn
|turn|26
|
|move|p2a: Beedrill|Poison Jab|p1a: Milotic
|-damage|p1a: Milotic|73\/393 psn
|move|p1a: Milotic|Recover|p1a: Milotic
|-heal|p1a: Milotic|270\/393 psn
|
|-heal|p1a: Milotic|294\/393 psn|[from] item: Leftovers
|-damage|p1a: Milotic|245\/393 psn|[from] psn
|turn|27
|
|move|p2a: Beedrill|Poison Jab|p1a: Milotic
|-damage|p1a: Milotic|121\/393 psn
|move|p1a: Milotic|Recover|p1a: Milotic
|-heal|p1a: Milotic|318\/393 psn
|
|-heal|p1a: Milotic|342\/393 psn|[from] item: Leftovers
|-damage|p1a: Milotic|293\/393 psn|[from] psn
|turn|28
|
|move|p2a: Beedrill|Poison Jab|p1a: Milotic
|-damage|p1a: Milotic|181\/393 psn
|move|p1a: Milotic|Recover|p1a: Milotic
|-heal|p1a: Milotic|378\/393 psn
|
|-heal|p1a: Milotic|393\/393 psn|[from] item: Leftovers
|-damage|p1a: Milotic|344\/393 psn|[from] psn
|turn|29
|
|move|p2a: Beedrill|Protect|p2a: Beedrill
|-singleturn|p2a: Beedrill|Protect
|move|p1a: Milotic|Scald|p2a: Beedrill
|-activate|p2a: Beedrill|Protect
|
|-heal|p1a: Milotic|368\/393 psn|[from] item: Leftovers
|-damage|p1a: Milotic|319\/393 psn|[from] psn
|turn|30
|
|move|p2a: Beedrill|Poison Jab|p1a: Milotic
|-damage|p1a: Milotic|193\/393 psn
|move|p1a: Milotic|Recover|p1a: Milotic
|-heal|p1a: Milotic|390\/393 psn
|
|-heal|p1a: Milotic|393\/393 psn|[from] item: Leftovers
|-damage|p1a: Milotic|344\/393 psn|[from] psn
|turn|31
|
|move|p2a: Beedrill|Poison Jab|p1a: Milotic
|-damage|p1a: Milotic|218\/393 psn
|move|p1a: Milotic|Recover|p1a: Milotic
|-heal|p1a: Milotic|393\/393 psn
|
|-damage|p1a: Milotic|344\/393 psn|[from] psn
|turn|32
|
|move|p2a: Beedrill|Protect|p2a: Beedrill
|-singleturn|p2a: Beedrill|Protect
|move|p1a: Milotic|Scald|p2a: Beedrill
|-activate|p2a: Beedrill|Protect
|
|-heal|p1a: Milotic|368\/393 psn|[from] item: Leftovers
|-damage|p1a: Milotic|319\/393 psn|[from] psn
|turn|33
|
|move|p2a: Beedrill|Poison Jab|p1a: Milotic
|-crit|p1a: Milotic
|-damage|p1a: Milotic|131\/393 psn
|move|p1a: Milotic|Scald|p2a: Beedrill
|-damage|p2a: Beedrill|168\/271
|
|-heal|p1a: Milotic|155\/393 psn|[from] item: Leftovers
|-damage|p1a: Milotic|106\/393 psn|[from] psn
|turn|34
|
|move|p2a: Beedrill|Poison Jab|p1a: Milotic
|-damage|p1a: Milotic|0 fnt
|faint|p1a: Milotic
|
|
|switch|p1a: Mienshao|Mienshao, M|128\/271
|-damage|p1a: Mienshao|95\/271|[from] Spikes
|-damage|p1a: Mienshao|79\/271|[from] Stealth Rock
|turn|35
|
|move|p2a: Beedrill|Poison Jab|p1a: Mienshao
|-damage|p1a: Mienshao|0 fnt
|faint|p1a: Mienshao
|
|
|switch|p1a: Sceptile|Sceptile, M|282\/282
|-damage|p1a: Sceptile|247\/282|[from] Stealth Rock
|-damage|p1a: Sceptile|212\/282|[from] Spikes
|turn|36
|
|detailschange|p1a: Sceptile|Sceptile-Mega, M
|message|Sceptile has Mega Evolved into Mega Sceptile!
|move|p2a: Beedrill|Poison Jab|p1a: Sceptile
|-crit|p1a: Sceptile
|-supereffective|p1a: Sceptile
|-damage|p1a: Sceptile|0 fnt
|faint|p1a: Sceptile
|
|win|MT Fam
|raw|Ladder updating...
|raw|PhillyDieHard11's rating: 1228 &rarr; <strong>1208<\/strong><br \/>(-20 for losing)
|raw|MT Fam's rating: 1291 &rarr; <strong>1312<\/strong><br \/>(+21 for winning)
|leave|PhillyDieHard11
|player|p1