|join|kmc44
|join|MT Fam
|player|p1|kmc44|274
|player|p2|MT Fam|161
|gametype|singles
|gen|6
|tier|UU
|rated
|rule|Sleep Clause Mod: Limit one foe put to sleep
|rule|Species Clause: Limit one of each PokÃ©mon
|rule|OHKO Clause: OHKO moves are banned
|rule|Moody Clause: Moody is banned
|rule|Evasion Moves Clause: Evasion moves are banned
|rule|Endless Battle Clause: Forcing endless battles is banned
|rule|HP Percentage Mod: HP is shown in percentages
|clearpoke
|poke|p1|Blastoise, M
|poke|p1|Donphan, F
|poke|p1|Jirachi
|poke|p1|Haxorus, M
|poke|p1|Goodra, F
|poke|p1|Honchkrow, F
|poke|p2|Azelf
|poke|p2|Machamp, M
|poke|p2|Haxorus, F
|poke|p2|Starmie
|poke|p2|Raikou
|poke|p2|Beedrill, M
|rule|Swagger Clause: Swagger is banned
|rule|Baton Pass Clause: Limit one PokÃ©mon knowing Baton Pass
|teampreview
|
|start
|switch|p1a: Donphan|Donphan, F|353\/353
|switch|p2a: Azelf|Azelf|292\/292
|turn|1
|
|move|p2a: Azelf|Knock Off|p1a: Donphan
|-damage|p1a: Donphan|280\/353
|-enditem|p1a: Donphan|Leftovers|[from] move: Knock Off|[of] p2a: Azelf
|move|p1a: Donphan|Knock Off|p2a: Azelf
|-supereffective|p2a: Azelf
|-damage|p2a: Azelf|8\/292
|-enditem|p2a: Azelf|Light Clay|[from] move: Knock Off|[of] p1a: Donphan
|
|turn|2
|
|move|p2a: Azelf|Reflect|p2a: Azelf
|-sidestart|p2: MT Fam|Reflect
|move|p1a: Donphan|Knock Off|p2a: Azelf
|-supereffective|p2a: Azelf
|-damage|p2a: Azelf|0 fnt
|faint|p2a: Azelf
|
|c|âkmc44|stupid screens
|
|switch|p2a: Haxorus|Haxorus, F|314\/314
|-ability|p2a: Haxorus|Mold Breaker
|turn|3
|
|move|p2a: Haxorus|Swords Dance|p2a: Haxorus
|-boost|p2a: Haxorus|atk|2
|move|p1a: Donphan|Knock Off|p2a: Haxorus
|-damage|p2a: Haxorus|264\/314
|-enditem|p2a: Haxorus|Lum Berry|[from] move: Knock Off|[of] p1a: Donphan
|
|turn|4
|
|move|p1a: Donphan|Ice Shard|p2a: Haxorus
|-supereffective|p2a: Haxorus
|-damage|p2a: Haxorus|224\/314
|move|p2a: Haxorus|Dragon Dance|p2a: Haxorus
|-boost|p2a: Haxorus|atk|1
|-boost|p2a: Haxorus|spe|1
|
|turn|5
|
|move|p2a: Haxorus|Earthquake|p1a: Donphan
|-damage|p1a: Donphan|100\/353
|move|p1a: Donphan|Earthquake|p2a: Haxorus
|-damage|p2a: Haxorus|148\/314
|
|turn|6
|
|move|p1a: Donphan|Ice Shard|p2a: Haxorus
|-supereffective|p2a: Haxorus
|-damage|p2a: Haxorus|108\/314
|move|p2a: Haxorus|Earthquake|p1a: Donphan
|-damage|p1a: Donphan|0 fnt
|faint|p1a: Donphan
|
|-sideend|p2: MT Fam|Reflect
|
|switch|p1a: Honchkrow|Honchkrow, F|342\/342
|turn|7
|
|move|p1a: Honchkrow|Sucker Punch|p2a: Haxorus
|-fail|p2a: Haxorus
|move|p2a: Haxorus|Dragon Dance|p2a: Haxorus
|-boost|p2a: Haxorus|atk|1
|-boost|p2a: Haxorus|spe|1
|
|turn|8
|
|move|p1a: Honchkrow|Sucker Punch|p2a: Haxorus
|-damage|p2a: Haxorus|0 fnt
|faint|p2a: Haxorus
|-boost|p1a: Honchkrow|atk|1|[from] ability: Moxie
|
|
|switch|p2a: Raikou|Raikou|322\/322
|-ability|p2a: Raikou|Pressure
|turn|9
|
|switch|p1a: Goodra|Goodra, F|322\/322
|move|p2a: Raikou|Volt Switch|p1a: Goodra
|-resisted|p1a: Goodra
|-damage|p1a: Goodra|289\/322
|
|switch|p2a: Machamp|Machamp, M|364\/364
|
|turn|10
|
|move|p1a: Goodra|Draco Meteor|p2a: Machamp
|-damage|p2a: Machamp|217\/364
|-unboost|p1a: Goodra|spa|2
|move|p2a: Machamp|Dynamic Punch|p1a: Goodra
|-damage|p1a: Goodra|48\/322
|-start|p1a: Goodra|confusion
|
|turn|11
|
|-activate|p1a: Goodra|confusion
|-damage|p1a: Goodra|11\/322|[from] confusion
|move|p2a: Machamp|Knock Off|p1a: Goodra
|-damage|p1a: Goodra|0 fnt
|-enditem|p1a: Goodra|Assault Vest|[from] move: Knock Off|[of] p2a: Machamp
|faint|p1a: Goodra
|
|
|switch|p1a: Honchkrow|Honchkrow, F|342\/342
|turn|12
|
|switch|p2a: Raikou|Raikou|322\/322
|-ability|p2a: Raikou|Pressure
|move|p1a: Honchkrow|Brave Bird|p2a: Raikou
|-resisted|p2a: Raikou
|-damage|p2a: Raikou|184\/322
|-damage|p1a: Honchkrow|296\/342|[from] recoil|[of] p2a: Raikou
|
|turn|13
|
|switch|p1a: Jirachi|Jirachi|341\/341
|move|p2a: Raikou|Volt Switch|p1a: Jirachi
|-damage|p1a: Jirachi|208\/341
|
|switch|p2a: Machamp|Machamp, M|217\/364
|
|-heal|p1a: Jirachi|229\/341|[from] item: Leftovers
|turn|14
|
|move|p1a: Jirachi|Protect|p1a: Jirachi
|-singleturn|p1a: Jirachi|Protect
|move|p2a: Machamp|Knock Off|p1a: Jirachi
|-activate|p1a: Jirachi|Protect
|
|-heal|p1a: Jirachi|250\/341|[from] item: Leftovers
|turn|15
|
|move|p1a: Jirachi|Thunder Wave|p2a: Machamp
|-status|p2a: Machamp|par
|move|p2a: Machamp|Dynamic Punch|p1a: Jirachi
|-damage|p1a: Jirachi|85\/341
|-start|p1a: Jirachi|confusion
|
|-heal|p1a: Jirachi|106\/341|[from] item: Leftovers
|turn|16
|
|-activate|p1a: Jirachi|confusion
|-damage|p1a: Jirachi|78\/341|[from] confusion
|move|p2a: Machamp|Knock Off|p1a: Jirachi
|-supereffective|p1a: Jirachi
|-damage|p1a: Jirachi|0 fnt
|-enditem|p1a: Jirachi|Leftovers|[from] move: Knock Off|[of] p2a: Machamp
|faint|p1a: Jirachi
|
|
|switch|p1a: Blastoise|Blastoise, M|299\/299
|turn|17
|
|detailschange|p1a: Blastoise|Blastoise-Mega, M
|message|Blastoise has Mega Evolved into Mega Blastoise!
|move|p1a: Blastoise|Water Pulse|p2a: Machamp
|-damage|p2a: Machamp|75\/364 par
|move|p2a: Machamp|Dynamic Punch|p1a: Blastoise
|-damage|p1a: Blastoise|136\/299
|-start|p1a: Blastoise|confusion
|
|turn|18
|
|-activate|p1a: Blastoise|confusion
|-damage|p1a: Blastoise|111\/299|[from] confusion
|move|p2a: Machamp|Dynamic Punch|p1a: Blastoise
|-damage|p1a: Blastoise|0 fnt
|faint|p1a: Blastoise
|
|
|switch|p1a: Honchkrow|Honchkrow, F|296\/342
|turn|19
|
|switch|p2a: Starmie|Starmie|261\/261
|move|p1a: Honchkrow|Brave Bird|p2a: Starmie
|-damage|p2a: Starmie|14\/261
|-damage|p1a: Honchkrow|214\/342|[from] recoil|[of] p2a: Starmie
|
|turn|20
|
|switch|p2a: Raikou|Raikou|184\/322
|-ability|p2a: Raikou|Pressure
|move|p1a: Honchkrow|Sucker Punch|p2a: Raikou
|-fail|p2a: Raikou
|
|turn|21
|
|move|p1a: Honchkrow|Sucker Punch|p2a: Raikou
|-damage|p2a: Raikou|1\/322
|move|p2a: Raikou|Volt Switch|p1a: Honchkrow
|-supereffective|p1a: Honchkrow
|-damage|p1a: Honchkrow|0 fnt
|faint|p1a: Honchkrow
|
|switch|p2a: Starmie|Starmie|14\/261
|
|
|switch|p1a: Haxorus|Haxorus, M|294\/294
|-ability|p1a: Haxorus|Mold Breaker
|turn|22
|
|move|p2a: Starmie|Ice Beam|p1a: Haxorus
|-supereffective|p1a: Haxorus
|-damage|p1a: Haxorus|0 fnt
|-damage|p2a: Starmie|0 fnt|[from] item: Life Orb
|faint|p1a: Haxorus
|faint|p2a: Starmie
|
|win|MT Fam
|raw|Ladder updating...
|raw|kmc44's rating: 1171 &rarr; <strong>1153<\/strong><br \/>(-18 for losing)
|raw|MT Fam's rating: 1269 &rarr; <strong>1288<\/strong><br \/>(+19 for winning)
|leave|kmc44
|player|p1