|join|MT Fam
|join|conflicted
|player|p1|MT Fam|161
|player|p2|conflicted|164
|gametype|singles
|gen|6
|tier|UU
|rated
|rule|Sleep Clause Mod: Limit one foe put to sleep
|rule|Species Clause: Limit one of each PokÃ©mon
|rule|OHKO Clause: OHKO moves are banned
|rule|Moody Clause: Moody is banned
|rule|Evasion Moves Clause: Evasion moves are banned
|rule|Endless Battle Clause: Forcing endless battles is banned
|rule|HP Percentage Mod: HP is shown in percentages
|clearpoke
|poke|p1|Azelf
|poke|p1|Klefki, M
|poke|p1|Starmie
|poke|p1|Raikou
|poke|p1|Machamp, F
|poke|p1|Beedrill, F
|poke|p2|Beedrill, F
|poke|p2|Azelf
|poke|p2|Raikou
|poke|p2|Crobat, F
|poke|p2|Quagsire, F
|poke|p2|Hitmonchan, M
|rule|Swagger Clause: Swagger is banned
|rule|Baton Pass Clause: Limit one PokÃ©mon knowing Baton Pass
|teampreview
|
|start
|switch|p1a: Azelf|Azelf|292\/292
|switch|p2a: Crobat|Crobat, F|311\/311
|turn|1
|
|move|p2a: Crobat|U-turn|p1a: Azelf
|-supereffective|p1a: Azelf
|-damage|p1a: Azelf|20\/292
|
|switch|p2a: Beedrill|Beedrill, F|301\/301
|move|p1a: Azelf|Explosion|p2a: Beedrill
|-damage|p2a: Beedrill|0 fnt
|faint|p1a: Azelf
|faint|p2a: Beedrill
|
|
|switch|p2a: Azelf|Azelf|291\/291
|switch|p1a: Machamp|Machamp, F|364\/364
|turn|2
|
|move|p2a: Azelf|Stealth Rock|p1a: Machamp
|-sidestart|p1: MT Fam|move: Stealth Rock
|move|p1a: Machamp|Knock Off|p2a: Azelf
|-supereffective|p2a: Azelf
|-enditem|p2a: Azelf|Focus Sash
|-damage|p2a: Azelf|1\/291
|
|turn|3
|
|move|p1a: Machamp|Bullet Punch|p2a: Azelf
|-damage|p2a: Azelf|0 fnt
|faint|p2a: Azelf
|
|
|switch|p2a: Crobat|Crobat, F|311\/311
|turn|4
|
|move|p2a: Crobat|Brave Bird|p1a: Machamp
|-crit|p1a: Machamp
|-supereffective|p1a: Machamp
|-damage|p1a: Machamp|0 fnt
|-damage|p2a: Crobat|191\/311|[from] recoil|[of] p1a: Machamp
|faint|p1a: Machamp
|
|
|switch|p1a: Raikou|Raikou|322\/322
|-damage|p1a: Raikou|282\/322|[from] Stealth Rock
|-ability|p1a: Raikou|Pressure
|turn|5
|
|switch|p2a: Quagsire|Quagsire, F|394\/394
|move|p1a: Raikou|Hidden Power|p2a: Quagsire
|-supereffective|p2a: Quagsire
|-damage|p2a: Quagsire|0 fnt
|faint|p2a: Quagsire
|
|
|switch|p2a: Hitmonchan|Hitmonchan, M|304\/304
|turn|6
|
|switch|p1a: Klefki|Klefki, M|318\/318
|-damage|p1a: Klefki|299\/318|[from] Stealth Rock
|move|p2a: Hitmonchan|Earthquake|p1a: Klefki
|-supereffective|p1a: Klefki
|-damage|p1a: Klefki|131\/318
|
|turn|7
|
|move|p1a: Klefki|Reflect|p1a: Klefki
|-sidestart|p1: MT Fam|Reflect
|move|p2a: Hitmonchan|Earthquake|p1a: Klefki
|-supereffective|p1a: Klefki
|-damage|p1a: Klefki|44\/318
|
|turn|8
|
|move|p1a: Klefki|Thunder Wave|p2a: Hitmonchan
|-status|p2a: Hitmonchan|par
|move|p2a: Hitmonchan|Earthquake|p1a: Klefki
|-supereffective|p1a: Klefki
|-damage|p1a: Klefki|0 fnt
|faint|p1a: Klefki
|
|
|switch|p1a: Starmie|Starmie|261\/261
|-damage|p1a: Starmie|229\/261|[from] Stealth Rock
|turn|9
|
|move|p1a: Starmie|Psyshock|p2a: Hitmonchan
|-supereffective|p2a: Hitmonchan
|-damage|p2a: Hitmonchan|0 fnt
|-damage|p1a: Starmie|203\/261|[from] item: Life Orb
|faint|p2a: Hitmonchan
|
|
|switch|p2a: Raikou|Raikou|322\/322
|-ability|p2a: Raikou|Pressure
|turn|10
|
|switch|p1a: Raikou|Raikou|282\/322
|-damage|p1a: Raikou|242\/322|[from] Stealth Rock
|-ability|p1a: Raikou|Pressure
|move|p2a: Raikou|Thunderbolt|p1a: Raikou
|-resisted|p1a: Raikou
|-damage|p1a: Raikou|164\/322
|
|turn|11
|
|move|p2a: Raikou|Shadow Ball|p1a: Raikou
|-damage|p1a: Raikou|79\/322
|-unboost|p1a: Raikou|spd|1
|move|p1a: Raikou|Extrasensory|p2a: Raikou
|-damage|p2a: Raikou|240\/322
|
|turn|12
|
|move|p1a: Raikou|Extrasensory|p2a: Raikou
|-damage|p2a: Raikou|145\/322
|move|p2a: Raikou|Thunderbolt|p1a: Raikou
|-resisted|p1a: Raikou
|-damage|p1a: Raikou|0 fnt
|faint|p1a: Raikou
|
|
|switch|p1a: Beedrill|Beedrill, F|271\/271
|-damage|p1a: Beedrill|204\/271|[from] Stealth Rock
|turn|13
|
|detailschange|p1a: Beedrill|Beedrill-Mega, F
|message|Beedrill has Mega Evolved into Mega Beedrill!
|move|p1a: Beedrill|Protect|p1a: Beedrill
|-singleturn|p1a: Beedrill|Protect
|move|p2a: Raikou|Volt Switch|p1a: Beedrill
|-activate|p1a: Beedrill|Protect
|
|turn|14
|
|move|p1a: Beedrill|Poison Jab|p2a: Raikou
|-crit|p2a: Raikou
|-damage|p2a: Raikou|0 fnt
|faint|p2a: Raikou
|
|-sideend|p1: MT Fam|Reflect
|
|switch|p2a: Crobat|Crobat, F|191\/311
|turn|15
|
|move|p1a: Beedrill|Poison Jab|p2a: Crobat
|-crit|p2a: Crobat
|-resisted|p2a: Crobat
|-damage|p2a: Crobat|9\/311
|move|p2a: Crobat|Brave Bird|p1a: Beedrill
|-supereffective|p1a: Beedrill
|-damage|p1a: Beedrill|0 fnt
|-damage|p2a: Crobat|0 fnt|[from] recoil|[of] p1a: Beedrill
|faint|p1a: Beedrill
|faint|p2a: Crobat
|
|win|MT Fam
|raw|Ladder updating...
|raw|MT Fam's rating: 1335 &rarr; <strong>1345<\/strong><br \/>(+10 for winning)
|raw|conflicted's rating: 1153 &rarr; <strong>1140<\/strong><br \/>(-13 for losing)
|leave|conflicted
|player|p2