|join|Archer Skye
|join|MT Fam
|player|p1|Archer Skye|206
|player|p2|MT Fam|161
|gametype|singles
|gen|6
|tier|UU
|rated
|rule|Sleep Clause Mod: Limit one foe put to sleep
|rule|Species Clause: Limit one of each PokÃ©mon
|rule|OHKO Clause: OHKO moves are banned
|rule|Moody Clause: Moody is banned
|rule|Evasion Moves Clause: Evasion moves are banned
|rule|Endless Battle Clause: Forcing endless battles is banned
|rule|HP Percentage Mod: HP is shown in percentages
|clearpoke
|poke|p1|Diancie
|poke|p1|Swampert, M
|poke|p1|Rotom-Heat
|poke|p1|Zygarde
|poke|p1|Roserade, M
|poke|p1|Crobat, F
|poke|p2|Azelf
|poke|p2|Klefki, M
|poke|p2|Starmie
|poke|p2|Raikou
|poke|p2|Machamp, F
|poke|p2|Beedrill, M
|rule|Swagger Clause: Swagger is banned
|rule|Baton Pass Clause: Limit one PokÃ©mon knowing Baton Pass
|teampreview
|
|start
|switch|p1a: Rotom-Heat|Rotom-Heat|241\/241
|switch|p2a: Raikou|Raikou|322\/322
|-ability|p2a: Raikou|Pressure
|turn|1
|
|move|p1a: Rotom-Heat|Trick|p2a: Raikou
|-activate|p1a: Rotom-Heat|move: Trick|[of] p2a: Raikou
|-item|p2a: Raikou|Choice Scarf|[from] move: Trick
|-item|p1a: Rotom-Heat|Choice Specs|[from] move: Trick
|move|p2a: Raikou|Hidden Power|p1a: Rotom-Heat
|-resisted|p1a: Rotom-Heat
|-damage|p1a: Rotom-Heat|210\/241
|
|turn|2
|
|switch|p2a: Machamp|Machamp, F|364\/364
|move|p1a: Rotom-Heat|Overheat|p2a: Machamp
|-damage|p2a: Machamp|174\/364
|-unboost|p1a: Rotom-Heat|spa|2
|
|turn|3
|
|switch|p1a: Crobat|Crobat, F|373\/373
|move|p2a: Machamp|Knock Off|p1a: Crobat
|-damage|p1a: Crobat|227\/373
|-enditem|p1a: Crobat|Black Sludge|[from] move: Knock Off|[of] p2a: Machamp
|
|turn|4
|
|switch|p2a: Klefki|Klefki, M|318\/318
|move|p1a: Crobat|U-turn|p2a: Klefki
|-resisted|p2a: Klefki
|-damage|p2a: Klefki|307\/318
|
|switch|p1a: Rotom-Heat|Rotom-Heat|210\/241
|
|turn|5
|
|move|p2a: Klefki|Light Screen|p2a: Klefki
|-sidestart|p2: MT Fam|move: Light Screen
|move|p1a: Rotom-Heat|Overheat|p2a: Klefki
|-supereffective|p2a: Klefki
|-damage|p2a: Klefki|0 fnt
|-unboost|p1a: Rotom-Heat|spa|2
|faint|p2a: Klefki
|
|
|switch|p2a: Machamp|Machamp, F|174\/364
|turn|6
|
|switch|p1a: Swampert|Swampert, M|404\/404
|move|p2a: Machamp|Stone Edge|p1a: Swampert
|-crit|p1a: Swampert
|-resisted|p1a: Swampert
|-damage|p1a: Swampert|327\/404
|
|-heal|p1a: Swampert|352\/404|[from] item: Leftovers
|turn|7
|
|switch|p2a: Azelf|Azelf|292\/292
|move|p1a: Swampert|Earthquake|p2a: Azelf
|-immune|p2a: Azelf|[msg]
|
|-heal|p1a: Swampert|377\/404|[from] item: Leftovers
|turn|8
|
|switch|p1a: Rotom-Heat|Rotom-Heat|210\/241
|move|p2a: Azelf|Taunt|p1a: Rotom-Heat
|-start|p1a: Rotom-Heat|move: Taunt
|
|turn|9
|
|move|p2a: Azelf|Stealth Rock|p1a: Rotom-Heat
|-sidestart|p1: Archer Skye|move: Stealth Rock
|move|p1a: Rotom-Heat|Volt Switch|p2a: Azelf
|-damage|p2a: Azelf|175\/292
|
|switch|p1a: Crobat|Crobat, F|227\/373
|-damage|p1a: Crobat|134\/373|[from] Stealth Rock
|
|turn|10
|
|move|p1a: Crobat|Defog|p2a: Azelf
|-unboost|p2a: Azelf|evasion|1
|-sideend|p2: MT Fam|move: Light Screen
|-sideend|p2: MT Fam|Light Screen|[from] move: Defog|[of] p2a: Azelf
|-sideend|p1: Archer Skye|Stealth Rock|[from] move: Defog|[of] p1a: Crobat
|move|p2a: Azelf|Knock Off|p1a: Crobat
|-damage|p1a: Crobat|47\/373
|
|turn|11
|
|move|p1a: Crobat|U-turn|p2a: Azelf
|-supereffective|p2a: Azelf
|-damage|p2a: Azelf|31\/292
|
|switch|p1a: Swampert|Swampert, M|377\/404
|move|p2a: Azelf|Stealth Rock|p1a: Swampert
|-sidestart|p1: Archer Skye|move: Stealth Rock
|
|-heal|p1a: Swampert|402\/404|[from] item: Leftovers
|turn|12
|
|move|p2a: Azelf|Taunt|p1a: Swampert
|-start|p1a: Swampert|move: Taunt
|move|p1a: Swampert|Scald|p2a: Azelf
|-damage|p2a: Azelf|0 fnt
|faint|p2a: Azelf
|
|-heal|p1a: Swampert|404\/404|[from] item: Leftovers
|
|switch|p2a: Raikou|Raikou|322\/322
|-ability|p2a: Raikou|Pressure
|turn|13
|
|move|p2a: Raikou|Hidden Power|p1a: Swampert
|-supereffective|p1a: Swampert
|-damage|p1a: Swampert|124\/404
|move|p1a: Swampert|Earthquake|p2a: Raikou
|-supereffective|p2a: Raikou
|-damage|p2a: Raikou|4\/322
|
|-heal|p1a: Swampert|149\/404|[from] item: Leftovers
|turn|14
|
|switch|p1a: Rotom-Heat|Rotom-Heat|210\/241
|-damage|p1a: Rotom-Heat|150\/241|[from] Stealth Rock
|move|p2a: Raikou|Hidden Power|p1a: Rotom-Heat
|-resisted|p1a: Rotom-Heat
|-damage|p1a: Rotom-Heat|121\/241
|
|turn|15
|
|move|p2a: Raikou|Hidden Power|p1a: Rotom-Heat
|-resisted|p1a: Rotom-Heat
|-damage|p1a: Rotom-Heat|91\/241
|move|p1a: Rotom-Heat|Volt Switch|p2a: Raikou
|-resisted|p2a: Raikou
|-damage|p2a: Raikou|0 fnt
|faint|p2a: Raikou
|
|switch|p1a: Swampert|Swampert, M|149\/404
|-damage|p1a: Swampert|124\/404|[from] Stealth Rock
|
|-heal|p1a: Swampert|149\/404|[from] item: Leftovers
|
|switch|p2a: Starmie|Starmie|261\/261
|turn|16
|
|switch|p1a: Crobat|Crobat, F|47\/373
|-damage|p1a: Crobat|0 fnt|[from] Stealth Rock
|faint|p1a: Crobat
|move|p2a: Starmie|Hydro Pump|p1: Crobat|[notarget]
|-notarget
|
|
|switch|p1a: Roserade|Roserade, M|324\/324
|-damage|p1a: Roserade|284\/324|[from] Stealth Rock
|turn|17
|
|move|p2a: Starmie|Psyshock|p1a: Roserade
|-supereffective|p1a: Roserade
|-damage|p1a: Roserade|0 fnt
|-damage|p2a: Starmie|235\/261|[from] item: Life Orb
|faint|p1a: Roserade
|
|
|switch|p1a: Diancie|Diancie|241\/241
|-damage|p1a: Diancie|211\/241|[from] Stealth Rock
|turn|18
|
|detailschange|p1a: Diancie|Diancie-Mega
|message|Diancie has Mega Evolved into Mega Diancie!
|move|p2a: Starmie|Hydro Pump|p1a: Diancie
|-supereffective|p1a: Diancie
|-damage|p1a: Diancie|0 fnt
|-damage|p2a: Starmie|209\/261|[from] item: Life Orb
|faint|p1a: Diancie
|
|
|switch|p1a: Zygarde|Zygarde|357\/357
|-damage|p1a: Zygarde|335\/357|[from] Stealth Rock
|-ability|p1a: Zygarde|Aura Break
|turn|19
|
|move|p1a: Zygarde|Extreme Speed|p2a: Starmie
|-damage|p2a: Starmie|105\/261
|move|p2a: Starmie|Ice Beam|p1a: Zygarde
|-supereffective|p1a: Zygarde
|-damage|p1a: Zygarde|0 fnt
|-damage|p2a: Starmie|79\/261|[from] item: Life Orb
|faint|p1a: Zygarde
|
|-message|Archer Skye forfeited.
|
|win|MT Fam
|raw|Ladder updating...
|leave|Archer Skye
|player|p1
|raw|Archer Skye's rating: 1345 &rarr; <strong>1324<\/strong><br \/>(-21 for losing)
|raw|MT Fam's rating: 1337 &rarr; <strong>1357<\/strong><br \/>(+20 for winning)