|join|MT Fam
|join|hwplainview
|player|p1|MT Fam|170
|player|p2|hwplainview|145
|gametype|singles
|gen|6
|tier|UU
|rated
|rule|Sleep Clause Mod: Limit one foe put to sleep
|rule|Species Clause: Limit one of each PokÃ©mon
|rule|OHKO Clause: OHKO moves are banned
|rule|Moody Clause: Moody is banned
|rule|Evasion Moves Clause: Evasion moves are banned
|rule|Endless Battle Clause: Forcing endless battles is banned
|rule|HP Percentage Mod: HP is shown in percentages
|clearpoke
|poke|p1|Hydreigon, F
|poke|p1|Jirachi
|poke|p1|Infernape, M
|poke|p1|Nidoqueen, F
|poke|p1|Chesnaught, M
|poke|p1|Blastoise, F
|poke|p2|Lucario, M, shiny
|poke|p2|Froslass, F
|poke|p2|Swampert, F
|poke|p2|Aerodactyl, F, shiny
|poke|p2|Roserade, F
|poke|p2|Kyurem, shiny
|rule|Swagger Clause: Swagger is banned
|rule|Baton Pass Clause: Limit one PokÃ©mon knowing Baton Pass
|teampreview
|
|start
|switch|p1a: Jirachi|Jirachi|341\/341
|switch|p2a: Froslass|Froslass, F|344\/344
|turn|1
|
|switch|p2a: Swampert|Swampert, F|404\/404
|move|p1a: Jirachi|Iron Head|p2a: Swampert
|-resisted|p2a: Swampert
|-damage|p2a: Swampert|361\/404
|
|-heal|p2a: Swampert|386\/404|[from] item: Leftovers
|turn|2
|
|switch|p1a: Blastoise|Blastoise, F|312\/312
|move|p2a: Swampert|Stealth Rock|p1a: Blastoise
|-sidestart|p1: MT Fam|move: Stealth Rock
|
|-heal|p2a: Swampert|404\/404|[from] item: Leftovers
|turn|3
|
|switch|p2a: Froslass|Froslass, F|344\/344
|detailschange|p1a: Blastoise|Blastoise-Mega, F
|-mega|p1a: Blastoise|Blastoise|Blastoisinite
|move|p1a: Blastoise|Scald|p2a: Froslass
|-crit|p2a: Froslass
|-damage|p2a: Froslass|40\/344
|-status|p2a: Froslass|brn
|
|-damage|p2a: Froslass|0 fnt|[from] brn
|faint|p2a: Froslass
|
|switch|p2a: Roserade|Roserade, F|324\/324
|turn|4
|
|switch|p1a: Nidoqueen|Nidoqueen, F|331\/331
|-damage|p1a: Nidoqueen|311\/331|[from] Stealth Rock
|move|p2a: Roserade|Sleep Powder|p1a: Nidoqueen
|-status|p1a: Nidoqueen|slp
|
|turn|5
|
|switch|p1a: Jirachi|Jirachi|341\/341
|-damage|p1a: Jirachi|320\/341|[from] Stealth Rock
|switch|p2a: Kyurem|Kyurem, shiny|454\/454
|-ability|p2a: Kyurem|Pressure
|
|turn|6
|
|switch|p2a: Swampert|Swampert, F|404\/404
|move|p1a: Jirachi|U-turn|p2a: Swampert
|-damage|p2a: Swampert|353\/404
|
|switch|p1a: Hydreigon|Hydreigon, F|325\/325
|-damage|p1a: Hydreigon|285\/325|[from] Stealth Rock
|
|-heal|p2a: Swampert|378\/404|[from] item: Leftovers
|turn|7
|
|switch|p2a: Aerodactyl|Aerodactyl, F, shiny|301\/301
|move|p1a: Hydreigon|Draco Meteor|p2a: Aerodactyl
|-damage|p2a: Aerodactyl|0 fnt
|-unboost|p1a: Hydreigon|spa|2
|-damage|p1a: Hydreigon|253\/325|[from] item: Life Orb
|faint|p2a: Aerodactyl
|
|
|switch|p2a: Lucario|Lucario, M, shiny|281\/281
|turn|8
|
|move|p1a: Hydreigon|Superpower|p2a: Lucario
|-crit|p2a: Lucario
|-supereffective|p2a: Lucario
|-damage|p2a: Lucario|0 fnt
|-unboost|p1a: Hydreigon|atk|1
|-unboost|p1a: Hydreigon|def|1
|-damage|p1a: Hydreigon|221\/325|[from] item: Life Orb
|faint|p2a: Lucario
|
|
|switch|p2a: Kyurem|Kyurem, shiny|454\/454
|-ability|p2a: Kyurem|Pressure
|turn|9
|
|move|p1a: Hydreigon|Draco Meteor|p2a: Kyurem
|-supereffective|p2a: Kyurem
|-damage|p2a: Kyurem|155\/454
|-unboost|p1a: Hydreigon|spa|2
|-damage|p1a: Hydreigon|189\/325|[from] item: Life Orb
|move|p2a: Kyurem|Ice Beam|p1a: Hydreigon
|-supereffective|p1a: Hydreigon
|-damage|p1a: Hydreigon|0 fnt
|-damage|p2a: Kyurem|110\/454|[from] item: Life Orb
|faint|p1a: Hydreigon
|
|
|switch|p1a: Infernape|Infernape, M|293\/293
|-damage|p1a: Infernape|257\/293|[from] Stealth Rock
|turn|10
|
|switch|p2a: Swampert|Swampert, F|378\/404
|move|p1a: Infernape|Mach Punch|p2a: Swampert
|-damage|p2a: Swampert|326\/404
|
|-heal|p2a: Swampert|351\/404|[from] item: Leftovers
|turn|11
|c|âhwplainview|gg
|
|move|p1a: Infernape|Stealth Rock|p2a: Swampert
|-sidestart|p2: hwplainview|move: Stealth Rock
|move|p2a: Swampert|Earthquake|p1a: Infernape
|-supereffective|p1a: Infernape
|-damage|p1a: Infernape|0 fnt
|faint|p1a: Infernape
|
|-heal|p2a: Swampert|376\/404|[from] item: Leftovers
|
|switch|p1a: Blastoise|Blastoise-Mega, F|312\/312
|-damage|p1a: Blastoise|273\/312|[from] Stealth Rock
|turn|12
|
|move|p1a: Blastoise|Scald|p2a: Swampert
|-damage|p2a: Swampert|202\/404
|move|p2a: Swampert|Earthquake|p1a: Blastoise
|-damage|p1a: Blastoise|161\/312
|
|-heal|p2a: Swampert|227\/404|[from] item: Leftovers
|turn|13
|
|switch|p2a: Roserade|Roserade, F|324\/324
|-damage|p2a: Roserade|284\/324|[from] Stealth Rock
|move|p1a: Blastoise|Scald|p2a: Roserade
|-resisted|p2a: Roserade
|-damage|p2a: Roserade|206\/324
|
|-heal|p2a: Roserade|226\/324|[from] item: Black Sludge
|turn|14
|
|move|p1a: Blastoise|Ice Beam|p2a: Roserade
|-supereffective|p2a: Roserade
|-damage|p2a: Roserade|0 fnt
|faint|p2a: Roserade
|
|c|âhwplainview|you run max speed?
|
|switch|p2a: Kyurem|Kyurem, shiny|110\/454
|-damage|p2a: Kyurem|0 fnt|[from] Stealth Rock
|faint|p2a: Kyurem
|-message|hwplainview forfeited.
|
|win|MT Fam
|raw|Ladder updating...
|leave|hwplainview
|player|p2
|raw|MT Fam's rating: 1458 &rarr; <strong>1469<\/strong><br \/>(+11 for winning)
|raw|hwplainview's rating: 1293 &rarr; <strong>1279<\/strong><br \/>(-14 for losing)