|join|MT Fam
|join|pgiou
|player|p1|MT Fam|266
|player|p2|pgiou|2
|gametype|singles
|gen|6
|tier|UU
|rated
|rule|Sleep Clause Mod: Limit one foe put to sleep
|rule|Species Clause: Limit one of each PokÃ©mon
|rule|OHKO Clause: OHKO moves are banned
|rule|Moody Clause: Moody is banned
|rule|Evasion Moves Clause: Evasion moves are banned
|rule|Endless Battle Clause: Forcing endless battles is banned
|rule|HP Percentage Mod: HP is shown in percentages
|clearpoke
|poke|p1|Hydreigon, M
|poke|p1|Jirachi
|poke|p1|Infernape, F
|poke|p1|Nidoqueen, F
|poke|p1|Chesnaught, F
|poke|p1|Blastoise, M
|poke|p2|Medicham, F
|poke|p2|Tornadus, M
|poke|p2|Swampert, F
|poke|p2|Tentacruel, F
|poke|p2|Chesnaught, F
|poke|p2|Jirachi
|rule|Swagger Clause: Swagger is banned
|rule|Baton Pass Clause: Limit one PokÃ©mon knowing Baton Pass
|teampreview
|
|start
|switch|p1a: Infernape|Infernape, F|293\/293
|switch|p2a: Swampert|Swampert, F|404\/404
|turn|1
|
|move|p1a: Infernape|Taunt|p2a: Swampert
|-start|p2a: Swampert|move: Taunt
|cant|p2a: Swampert|move: Taunt|Stealth Rock
|
|turn|2
|
|move|p1a: Infernape|Stealth Rock|p2a: Swampert
|-sidestart|p2: pgiou|move: Stealth Rock
|move|p2a: Swampert|Scald|p1a: Infernape
|-supereffective|p1a: Infernape
|-damage|p1a: Infernape|93\/293
|
|turn|3
|
|move|p1a: Infernape|Endeavor|p2a: Swampert
|-damage|p2a: Swampert|93\/404
|move|p2a: Swampert|Scald|p1a: Infernape
|-supereffective|p1a: Infernape
|-damage|p1a: Infernape|0 fnt
|faint|p1a: Infernape
|
|-heal|p2a: Swampert|118\/404|[from] item: Leftovers
|-end|p2a: Swampert|move: Taunt
|
|switch|p1a: Nidoqueen|Nidoqueen, F|331\/331
|turn|4
|
|switch|p2a: Tornadus|Tornadus, M|299\/299
|-damage|p2a: Tornadus|225\/299|[from] Stealth Rock
|move|p1a: Nidoqueen|Ice Beam|p2a: Tornadus
|-supereffective|p2a: Tornadus
|-damage|p2a: Tornadus|0 fnt
|faint|p2a: Tornadus
|
|
|switch|p2a: Medicham|Medicham, F|261\/261
|-damage|p2a: Medicham|245\/261|[from] Stealth Rock
|turn|5
|
|detailschange|p2a: Medicham|Medicham-Mega, F
|-mega|p2a: Medicham|Medicham|Medichamite
|move|p2a: Medicham|Psycho Cut|p1a: Nidoqueen
|-supereffective|p1a: Nidoqueen
|-damage|p1a: Nidoqueen|0 fnt
|faint|p1a: Nidoqueen
|
|
|switch|p1a: Jirachi|Jirachi|341\/341
|turn|6
|
|move|p1a: Jirachi|U-turn|p2a: Medicham
|-damage|p2a: Medicham|166\/261
|
|switch|p1a: Chesnaught|Chesnaught, F|380\/380
|move|p2a: Medicham|High Jump Kick|p1a: Chesnaught
|-damage|p1a: Chesnaught|139\/380
|-damage|p2a: Medicham|123\/261|[from] item: Rocky Helmet|[of] p1a: Chesnaught
|
|turn|7
|
|move|p2a: Medicham|Psycho Cut|p1a: Chesnaught
|-supereffective|p1a: Chesnaught
|-damage|p1a: Chesnaught|0 fnt
|faint|p1a: Chesnaught
|
|
|switch|p1a: Jirachi|Jirachi|341\/341
|turn|8
|
|switch|p2a: Jirachi|Jirachi|404\/404
|-damage|p2a: Jirachi|379\/404|[from] Stealth Rock
|move|p1a: Jirachi|Iron Head|p2a: Jirachi
|-resisted|p2a: Jirachi
|-damage|p2a: Jirachi|322\/404
|
|-heal|p2a: Jirachi|347\/404|[from] item: Leftovers
|turn|9
|
|switch|p1a: Hydreigon|Hydreigon, M|325\/325
|move|p2a: Jirachi|Substitute|p2a: Jirachi
|-start|p2a: Jirachi|Substitute
|-damage|p2a: Jirachi|246\/404
|
|-heal|p2a: Jirachi|271\/404|[from] item: Leftovers
|turn|10
|
|move|p2a: Jirachi|Iron Head|p1a: Hydreigon
|-damage|p1a: Hydreigon|226\/325
|move|p1a: Hydreigon|Dark Pulse|p2a: Jirachi
|-supereffective|p2a: Jirachi
|-end|p2a: Jirachi|Substitute
|-damage|p1a: Hydreigon|194\/325|[from] item: Life Orb
|
|-heal|p2a: Jirachi|296\/404|[from] item: Leftovers
|turn|11
|
|switch|p2a: Tentacruel|Tentacruel, F|364\/364
|-damage|p2a: Tentacruel|319\/364|[from] Stealth Rock
|move|p1a: Hydreigon|Dark Pulse|p2a: Tentacruel
|-damage|p2a: Tentacruel|216\/364
|-damage|p1a: Hydreigon|162\/325|[from] item: Life Orb
|
|-heal|p2a: Tentacruel|238\/364|[from] item: Black Sludge
|turn|12
|
|switch|p2a: Jirachi|Jirachi|296\/404
|-damage|p2a: Jirachi|271\/404|[from] Stealth Rock
|move|p1a: Hydreigon|Draco Meteor|p2a: Jirachi|[miss]
|-miss|p1a: Hydreigon|p2a: Jirachi
|
|-heal|p2a: Jirachi|296\/404|[from] item: Leftovers
|turn|13
|
|switch|p2a: Tentacruel|Tentacruel, F|238\/364
|-damage|p2a: Tentacruel|193\/364|[from] Stealth Rock
|move|p1a: Hydreigon|Dark Pulse|p2a: Tentacruel
|-damage|p2a: Tentacruel|83\/364
|-damage|p1a: Hydreigon|130\/325|[from] item: Life Orb
|
|-heal|p2a: Tentacruel|105\/364|[from] item: Black Sludge
|turn|14
|
|move|p1a: Hydreigon|Dark Pulse|p2a: Tentacruel
|-damage|p2a: Tentacruel|0 fnt
|-damage|p1a: Hydreigon|98\/325|[from] item: Life Orb
|faint|p2a: Tentacruel
|
|
|switch|p2a: Medicham|Medicham-Mega, F|123\/261
|-damage|p2a: Medicham|107\/261|[from] Stealth Rock
|turn|15
|
|move|p2a: Medicham|High Jump Kick|p1a: Hydreigon
|-supereffective|p1a: Hydreigon
|-damage|p1a: Hydreigon|0 fnt
|faint|p1a: Hydreigon
|
|
|switch|p1a: Jirachi|Jirachi|341\/341
|turn|16
|
|switch|p2a: Swampert|Swampert, F|118\/404
|-damage|p2a: Swampert|93\/404|[from] Stealth Rock
|move|p1a: Jirachi|Iron Head|p2a: Swampert
|-resisted|p2a: Swampert
|-damage|p2a: Swampert|44\/404
|
|-heal|p2a: Swampert|69\/404|[from] item: Leftovers
|turn|17
|
|move|p1a: Jirachi|Iron Head|p2a: Swampert
|-resisted|p2a: Swampert
|-damage|p2a: Swampert|21\/404
|cant|p2a: Swampert|flinch
|
|-heal|p2a: Swampert|46\/404|[from] item: Leftovers
|turn|18
|
|move|p1a: Jirachi|Iron Head|p2a: Swampert
|-resisted|p2a: Swampert
|-damage|p2a: Swampert|0 fnt
|faint|p2a: Swampert
|
|
|switch|p2a: Jirachi|Jirachi|296\/404
|-damage|p2a: Jirachi|271\/404|[from] Stealth Rock
|turn|19
|
|switch|p1a: Blastoise|Blastoise, M|311\/311
|move|p2a: Jirachi|Substitute|p2a: Jirachi
|-start|p2a: Jirachi|Substitute
|-damage|p2a: Jirachi|170\/404
|
|-heal|p2a: Jirachi|195\/404|[from] item: Leftovers
|turn|20
|
|detailschange|p1a: Blastoise|Blastoise-Mega, M
|-mega|p1a: Blastoise|Blastoise|Blastoisinite
|move|p2a: Jirachi|Iron Head|p1a: Blastoise
|-resisted|p1a: Blastoise
|-damage|p1a: Blastoise|272\/311
|cant|p1a: Blastoise|flinch
|
|-heal|p2a: Jirachi|220\/404|[from] item: Leftovers
|turn|21
|
|move|p2a: Jirachi|Iron Head|p1a: Blastoise
|-resisted|p1a: Blastoise
|-damage|p1a: Blastoise|235\/311
|cant|p1a: Blastoise|flinch
|
|-heal|p2a: Jirachi|245\/404|[from] item: Leftovers
|turn|22
|
|move|p2a: Jirachi|Iron Head|p1a: Blastoise
|-resisted|p1a: Blastoise
|-damage|p1a: Blastoise|193\/311
|move|p1a: Blastoise|Dark Pulse|p2a: Jirachi
|-supereffective|p2a: Jirachi
|-end|p2a: Jirachi|Substitute
|
|-heal|p2a: Jirachi|270\/404|[from] item: Leftovers
|turn|23
|
|switch|p2a: Chesnaught|Chesnaught, F|380\/380
|-damage|p2a: Chesnaught|357\/380|[from] Stealth Rock
|move|p1a: Blastoise|Dark Pulse|p2a: Chesnaught
|-resisted|p2a: Chesnaught
|-damage|p2a: Chesnaught|262\/380
|
|-heal|p2a: Chesnaught|285\/380|[from] item: Leftovers
|turn|24
|
|move|p1a: Blastoise|Ice Beam|p2a: Chesnaught
|-supereffective|p2a: Chesnaught
|-damage|p2a: Chesnaught|0 fnt
|faint|p2a: Chesnaught
|
|
|switch|p2a: Jirachi|Jirachi|270\/404
|-damage|p2a: Jirachi|245\/404|[from] Stealth Rock
|turn|25
|c|âpgiou|miss clic
|c|âpgiou|fuck
|
|move|p2a: Jirachi|Iron Head|p1a: Blastoise
|-resisted|p1a: Blastoise
|-damage|p1a: Blastoise|153\/311
|move|p1a: Blastoise|Dark Pulse|p2a: Jirachi
|-supereffective|p2a: Jirachi
|-damage|p2a: Jirachi|0 fnt
|faint|p2a: Jirachi
|
|
|switch|p2a: Medicham|Medicham-Mega, F|107\/261
|-damage|p2a: Medicham|91\/261|[from] Stealth Rock
|turn|26
|
|move|p2a: Medicham|High Jump Kick|p1a: Blastoise
|-damage|p1a: Blastoise|0 fnt
|faint|p1a: Blastoise
|
|
|switch|p1a: Jirachi|Jirachi|341\/341
|turn|27
|
|move|p1a: Jirachi|Iron Head|p2a: Medicham
|-damage|p2a: Medicham|0 fnt
|faint|p2a: Medicham
|
|win|MT Fam
|raw|Ladder updating...
|c|âpgiou|gg
|c|âMT Fam|whew :P
|raw|MT Fam's rating: 1463 &rarr; <strong>1480<\/strong><br \/>(+17 for winning)
|raw|pgiou's rating: 1405 &rarr; <strong>1388<\/strong><br \/>(-17 for losing)
|leave|pgiou
|player|p2