|join|mudla
|join|MarbleDuck
|player|p1|mudla|98
|player|p2|MarbleDuck|102
|gametype|singles
|gen|6
|tier|OU
|rated
|clearpoke
|poke|p1|Diancie
|poke|p1|Starmie
|poke|p1|Bisharp, M
|poke|p1|Tornadus-Therian, M
|poke|p1|Celebi
|poke|p1|Landorus, M
|poke|p2|Sylveon, M
|poke|p2|Metagross
|poke|p2|Rotom-Wash
|poke|p2|Diggersby, F
|poke|p2|Thundurus, M
|poke|p2|Forretress, M
|rule|Swagger Clause: Swagger is banned
|rule|Baton Pass Clause: Limit one PokÃ©mon knowing Baton Pass
|rule|Sleep Clause Mod: Limit one foe put to sleep
|rule|Species Clause: Limit one of each PokÃ©mon
|rule|OHKO Clause: OHKO moves are banned
|rule|Moody Clause: Moody is banned
|rule|Evasion Moves Clause: Evasion moves are banned
|rule|Endless Battle Clause: Forcing endless battles is banned
|rule|HP Percentage Mod: HP is shown in percentages
|teampreview
|
|start
|switch|p1a: Starmie|Starmie|261\/261
|switch|p2a: Metagross|Metagross|301\/301
|turn|1
|
|switch|p2a: Rotom-Wash|Rotom-Wash|303\/303
|move|p1a: Starmie|Hydro Pump|p2a: Rotom-Wash|[miss]
|-miss|p1a: Starmie|p2a: Rotom-Wash
|
|turn|2
|
|switch|p1a: Celebi|Celebi|404\/404
|move|p2a: Rotom-Wash|Hydro Pump|p1a: Celebi
|-resisted|p1a: Celebi
|-damage|p1a: Celebi|341\/404
|
|-heal|p1a: Celebi|366\/404|[from] item: Leftovers
|turn|3
|
|switch|p2a: Sylveon|Sylveon, M|393\/393
|move|p1a: Celebi|Nasty Plot|p1a: Celebi
|-boost|p1a: Celebi|spa|2
|
|-heal|p1a: Celebi|391\/404|[from] item: Leftovers
|turn|4
|
|move|p1a: Celebi|Giga Drain|p2a: Sylveon
|-damage|p2a: Sylveon|254\/393
|-heal|p1a: Celebi|404\/404|[from] drain|[of] p2a: Sylveon
|move|p2a: Sylveon|Hyper Voice|p1a: Celebi
|-crit|p1a: Celebi
|-damage|p1a: Celebi|0 fnt
|faint|p1a: Celebi
|
|
|switch|p1a: Bisharp|Bisharp, M|271\/271
|turn|5
|
|switch|p2a: Forretress|Forretress, M|354\/354
|move|p1a: Bisharp|Stealth Rock|p2a: Forretress
|-sidestart|p2: MarbleDuck|move: Stealth Rock
|
|turn|6
|
|move|p1a: Bisharp|Knock Off|p2a: Forretress
|-damage|p2a: Forretress|255\/354
|-enditem|p2a: Forretress|Leftovers|[from] move: Knock Off|[of] p1a: Bisharp
|move|p2a: Forretress|Rapid Spin|p1a: Bisharp
|-resisted|p1a: Bisharp
|-damage|p1a: Bisharp|265\/271
|-sideend|p2: MarbleDuck|Stealth Rock|[from] move: Rapid Spin|[of] p2a: Forretress
|
|turn|7
|
|move|p1a: Bisharp|Stealth Rock|p2a: Forretress
|-sidestart|p2: MarbleDuck|move: Stealth Rock
|move|p2a: Forretress|Stealth Rock|p1a: Bisharp
|-sidestart|p1: mudla|move: Stealth Rock
|
|turn|8
|
|switch|p1a: Starmie|Starmie|261\/261
|-damage|p1a: Starmie|229\/261|[from] Stealth Rock
|move|p2a: Forretress|Rapid Spin|p1a: Starmie
|-damage|p1a: Starmie|214\/261
|-sideend|p2: MarbleDuck|Stealth Rock|[from] move: Rapid Spin|[of] p2a: Forretress
|
|turn|9
|
|move|p1a: Starmie|Psyshock|p2a: Forretress
|-resisted|p2a: Forretress
|-damage|p2a: Forretress|215\/354
|-damage|p1a: Starmie|188\/261|[from] item: Life Orb
|move|p2a: Forretress|Volt Switch|p1a: Starmie
|-supereffective|p1a: Starmie
|-damage|p1a: Starmie|108\/261
|
|switch|p2a: Thundurus|Thundurus, M|299\/299
|
|turn|10
|
|move|p1a: Starmie|Hydro Pump|p2a: Thundurus
|-damage|p2a: Thundurus|60\/299
|-damage|p1a: Starmie|82\/261|[from] item: Life Orb
|move|p2a: Thundurus|Knock Off|p1a: Starmie
|-crit|p1a: Starmie
|-supereffective|p1a: Starmie
|-damage|p1a: Starmie|0 fnt
|-enditem|p1a: Starmie|Life Orb|[from] move: Knock Off|[of] p2a: Thundurus
|faint|p1a: Starmie
|
|
|switch|p1a: Diancie|Diancie|241\/241
|-damage|p1a: Diancie|211\/241|[from] Stealth Rock
|turn|11
|
|detailschange|p1a: Diancie|Diancie-Mega
|-mega|p1a: Diancie|Diancie|Diancite
|move|p1a: Diancie|Protect|p1a: Diancie
|-singleturn|p1a: Diancie|Protect
|move|p2a: Thundurus|Thunderbolt|p1a: Diancie
|-activate|p1a: Diancie|Protect
|
|turn|12
|
|move|p2a: Thundurus|Thunderbolt|p1a: Diancie
|-damage|p1a: Diancie|57\/241
|move|p1a: Diancie|Moonblast|p2a: Thundurus
|-crit|p2a: Thundurus
|-damage|p2a: Thundurus|0 fnt
|faint|p2a: Thundurus
|
|
|switch|p2a: Metagross|Metagross|301\/301
|turn|13
|
|detailschange|p2a: Metagross|Metagross-Mega
|-mega|p2a: Metagross|Metagross|Metagrossite
|move|p1a: Diancie|Earth Power|p2a: Metagross
|-supereffective|p2a: Metagross
|-damage|p2a: Metagross|79\/301
|move|p2a: Metagross|Meteor Mash|p1a: Diancie
|-supereffective|p1a: Diancie
|-damage|p1a: Diancie|0 fnt
|faint|p1a: Diancie
|
|
|switch|p1a: Tornadus-Therian|Tornadus-Therian, M|299\/299
|-damage|p1a: Tornadus-Therian|225\/299|[from] Stealth Rock
|turn|14
|
|move|p1a: Tornadus-Therian|Heat Wave|p2a: Metagross
|-supereffective|p2a: Metagross
|-damage|p2a: Metagross|0 fnt
|-damage|p1a: Tornadus-Therian|196\/299|[from] item: Life Orb
|faint|p2a: Metagross
|
|
|switch|p2a: Diggersby|Diggersby, F|353\/353
|turn|15
|
|move|p1a: Tornadus-Therian|Hurricane|p2a: Diggersby
|-damage|p2a: Diggersby|110\/353
|-damage|p1a: Tornadus-Therian|167\/299|[from] item: Life Orb
|move|p2a: Diggersby|Agility|p2a: Diggersby
|-boost|p2a: Diggersby|spe|2
|
|turn|16
|
|switch|p1a: Bisharp|Bisharp, M|265\/271
|-damage|p1a: Bisharp|249\/271|[from] Stealth Rock
|move|p2a: Diggersby|Return|p1a: Bisharp
|-resisted|p1a: Bisharp
|-damage|p1a: Bisharp|92\/271
|-damage|p2a: Diggersby|75\/353|[from] item: Life Orb
|
|turn|17
|
|move|p1a: Bisharp|Sucker Punch|p2a: Diggersby
|-fail|p2a: Diggersby
|move|p2a: Diggersby|Agility|p2a: Diggersby
|-boost|p2a: Diggersby|spe|2
|
|turn|18
|
|move|p1a: Bisharp|Sucker Punch|p2a: Diggersby
|-crit|p2a: Diggersby
|-damage|p2a: Diggersby|0 fnt
|faint|p2a: Diggersby
|
|
|switch|p2a: Rotom-Wash|Rotom-Wash|303\/303
|turn|19
|
|move|p1a: Bisharp|Knock Off|p2a: Rotom-Wash
|-damage|p2a: Rotom-Wash|179\/303
|-enditem|p2a: Rotom-Wash|Leftovers|[from] move: Knock Off|[of] p1a: Bisharp
|move|p2a: Rotom-Wash|Will-O-Wisp|p1a: Bisharp
|-status|p1a: Bisharp|brn
|
|-damage|p1a: Bisharp|59\/271 brn|[from] brn
|turn|20
|
|switch|p2a: Forretress|Forretress, M|215\/354
|move|p1a: Bisharp|Stealth Rock|p2a: Forretress
|-sidestart|p2: MarbleDuck|move: Stealth Rock
|
|-damage|p1a: Bisharp|26\/271 brn|[from] brn
|turn|21
|
|move|p1a: Bisharp|Iron Head|p2a: Forretress
|-resisted|p2a: Forretress
|-damage|p2a: Forretress|191\/354
|cant|p2a: Forretress|flinch
|
|-damage|p1a: Bisharp|0 fnt|[from] brn
|faint|p1a: Bisharp
|
|switch|p1a: Tornadus-Therian|Tornadus-Therian, M|266\/299
|-damage|p1a: Tornadus-Therian|192\/299|[from] Stealth Rock
|turn|22
|
|move|p1a: Tornadus-Therian|Heat Wave|p2a: Forretress
|-miss|p1a: Tornadus-Therian|p2a: Forretress
|move|p2a: Forretress|Rapid Spin|p1a: Tornadus-Therian
|-damage|p1a: Tornadus-Therian|173\/299
|-sideend|p2: MarbleDuck|Stealth Rock|[from] move: Rapid Spin|[of] p2a: Forretress
|
|turn|23
|
|move|p1a: Tornadus-Therian|Heat Wave|p2a: Forretress
|-miss|p1a: Tornadus-Therian|p2a: Forretress
|move|p2a: Forretress|Volt Switch|p1a: Tornadus-Therian
|-supereffective|p1a: Tornadus-Therian
|-damage|p1a: Tornadus-Therian|87\/299
|c|âMarbleDuck|holy shit lol
|
|switch|p2a: Rotom-Wash|Rotom-Wash|179\/303
|
|turn|24
|
|move|p1a: Tornadus-Therian|Hurricane|p2a: Rotom-Wash
|-resisted|p2a: Rotom-Wash
|-damage|p2a: Rotom-Wash|83\/303
|-damage|p1a: Tornadus-Therian|58\/299|[from] item: Life Orb
|move|p2a: Rotom-Wash|Hydro Pump|p1a: Tornadus-Therian
|-damage|p1a: Tornadus-Therian|0 fnt
|faint|p1a: Tornadus-Therian
|
|
|switch|p1a: Landorus|Landorus, M|329\/329
|-damage|p1a: Landorus|288\/329|[from] Stealth Rock
|turn|25
|
|move|p1a: Landorus|Focus Blast|p2a: Rotom-Wash
|-damage|p2a: Rotom-Wash|0 fnt
|-damage|p1a: Landorus|256\/329|[from] item: Life Orb
|faint|p2a: Rotom-Wash
|
|
|switch|p2a: Forretress|Forretress, M|191\/354
|turn|26
|
|move|p1a: Landorus|Earth Power|p2a: Forretress
|-damage|p2a: Forretress|0 fnt
|-damage|p1a: Landorus|224\/329|[from] item: Life Orb
|faint|p2a: Forretress
|
|
|switch|p2a: Sylveon|Sylveon, M|254\/393
|turn|27
|
|move|p1a: Landorus|Earth Power|p2a: Sylveon
|-damage|p2a: Sylveon|101\/393
|-damage|p1a: Landorus|192\/329|[from] item: Life Orb
|move|p2a: Sylveon|Hyper Voice|p1a: Landorus
|-damage|p1a: Landorus|0 fnt
|faint|p1a: Landorus
|
|win|MarbleDuck
|raw|Ladder updating...
|raw|mudla's rating: 1638 &rarr; <strong>1611<\/strong><br \/>(-27 for losing)
|raw|MarbleDuck's rating: 1510 &rarr; <strong>1537<\/strong><br \/>(+27 for winning)
|leave|mudla
|c|âMarbleDuck|gg
|player|p1