|join|shui3
|join|for youuuu
|player|p1|shui3|2
|player|p2|for youuuu|68
|gametype|singles
|gen|6
|tier|OU
|rated
|clearpoke
|poke|p1|Azumarill, F
|poke|p1|Heatran, M
|poke|p1|Landorus-Therian, M
|poke|p1|Bisharp, M
|poke|p1|Latios, M
|poke|p1|Dragonite, F
|poke|p2|Landorus, M
|poke|p2|Thundurus, M
|poke|p2|Bisharp, F
|poke|p2|Azelf
|poke|p2|Lopunny, F
|poke|p2|Greninja, F
|rule|Swagger Clause: Swagger is banned
|rule|Baton Pass Clause: Limit one PokÃ©mon knowing Baton Pass
|rule|Sleep Clause Mod: Limit one foe put to sleep
|rule|Species Clause: Limit one of each PokÃ©mon
|rule|OHKO Clause: OHKO moves are banned
|rule|Moody Clause: Moody is banned
|rule|Evasion Moves Clause: Evasion moves are banned
|rule|Endless Battle Clause: Forcing endless battles is banned
|rule|HP Percentage Mod: HP is shown in percentages
|teampreview
|
|start
|switch|p1a: Landorus-Therian|Landorus-Therian, M|319\/319
|switch|p2a: Azelf|Azelf|291\/291
|-ability|p1a: Landorus-Therian|Intimidate|[of] p2a: Azelf
|-unboost|p2a: Azelf|atk|1
|turn|1
|
|move|p1a: Landorus-Therian|Earthquake|p2a: Azelf
|-immune|p2a: Azelf|[msg]
|move|p2a: Azelf|Stealth Rock|p1a: Landorus-Therian
|-sidestart|p1: shui3|move: Stealth Rock
|
|turn|2
|
|switch|p1a: Latios|Latios, M|302\/302
|-damage|p1a: Latios|265\/302|[from] Stealth Rock
|switch|p2a: Greninja|Greninja, F|285\/285
|
|turn|3
|
|detailschange|p1a: Latios|Latios-Mega, M
|message|Latios has Mega Evolved into Mega Latios!
|move|p2a: Greninja|Dark Pulse|p1a: Latios
|-start|p2a: Greninja|typechange|Dark|[from] Protean
|-crit|p1a: Latios
|-supereffective|p1a: Latios
|-damage|p1a: Latios|0 fnt
|-damage|p2a: Greninja|257\/285|[from] item: Life Orb
|faint|p1a: Latios
|
|
|switch|p1a: Landorus-Therian|Landorus-Therian, M|319\/319
|-damage|p1a: Landorus-Therian|280\/319|[from] Stealth Rock
|-ability|p1a: Landorus-Therian|Intimidate|[of] p2a: Greninja
|-unboost|p2a: Greninja|atk|1
|turn|4
|
|switch|p2a: Landorus|Landorus, M|319\/319
|move|p1a: Landorus-Therian|Earthquake|p2a: Landorus
|-immune|p2a: Landorus|[msg]
|
|turn|5
|
|switch|p1a: Bisharp|Bisharp, M|272\/272
|-damage|p1a: Bisharp|255\/272|[from] Stealth Rock
|move|p2a: Landorus|Earth Power|p1a: Bisharp
|-supereffective|p1a: Bisharp
|-damage|p1a: Bisharp|0 fnt
|faint|p1a: Bisharp
|
|
|switch|p1a: Landorus-Therian|Landorus-Therian, M|280\/319
|-damage|p1a: Landorus-Therian|241\/319|[from] Stealth Rock
|-ability|p1a: Landorus-Therian|Intimidate|[of] p2a: Landorus
|-unboost|p2a: Landorus|atk|1
|turn|6
|
|switch|p2a: Lopunny|Lopunny, F|271\/271
|move|p1a: Landorus-Therian|Knock Off|p2a: Lopunny
|-damage|p2a: Lopunny|169\/271
|
|turn|7
|
|detailschange|p2a: Lopunny|Lopunny-Mega, F
|message|Lopunny has Mega Evolved into Mega Lopunny!
|move|p1a: Landorus-Therian|Knock Off|p2a: Lopunny
|-resisted|p2a: Lopunny
|-damage|p2a: Lopunny|119\/271
|move|p2a: Lopunny|Power-Up Punch|p1a: Landorus-Therian
|-resisted|p1a: Landorus-Therian
|-damage|p1a: Landorus-Therian|204\/319
|-boost|p2a: Lopunny|atk|1
|
|turn|8
|
|move|p1a: Landorus-Therian|Knock Off|p2a: Lopunny
|-resisted|p2a: Lopunny
|-damage|p2a: Lopunny|73\/271
|move|p2a: Lopunny|Frustration|p1a: Landorus-Therian
|-damage|p1a: Landorus-Therian|0 fnt
|faint|p1a: Landorus-Therian
|
|
|switch|p1a: Dragonite|Dragonite, F|323\/323
|-damage|p1a: Dragonite|243\/323|[from] Stealth Rock
|turn|9
|
|move|p1a: Dragonite|Extreme Speed|p2a: Lopunny
|-damage|p2a: Lopunny|0 fnt
|faint|p2a: Lopunny
|
|
|switch|p2a: Thundurus|Thundurus, M|299\/299
|turn|10
|
|move|p1a: Dragonite|Extreme Speed|p2a: Thundurus
|-damage|p2a: Thundurus|45\/299
|move|p2a: Thundurus|Hidden Power|p1a: Dragonite
|-supereffective|p1a: Dragonite
|-damage|p1a: Dragonite|0 fnt
|-damage|p2a: Thundurus|16\/299|[from] item: Life Orb
|faint|p1a: Dragonite
|
|
|switch|p1a: Heatran|Heatran, M|326\/326
|-damage|p1a: Heatran|286\/326|[from] Stealth Rock
|-item|p1a: Heatran|Air Balloon
|turn|11
|
|move|p2a: Thundurus|Superpower|p1a: Heatran
|-crit|p1a: Heatran
|-supereffective|p1a: Heatran
|-damage|p1a: Heatran|0 fnt
|-enditem|p1a: Heatran|Air Balloon
|-unboost|p2a: Thundurus|atk|1
|-unboost|p2a: Thundurus|def|1
|-damage|p2a: Thundurus|0 fnt|[from] item: Life Orb
|faint|p1a: Heatran
|faint|p2a: Thundurus
|
|
|switch|p2a: Greninja|Greninja, F|257\/285
|switch|p1a: Azumarill|Azumarill, F|364\/364
|-damage|p1a: Azumarill|319\/364|[from] Stealth Rock
|turn|12
|
|move|p2a: Greninja|Gunk Shot|p1a: Azumarill
|-start|p2a: Greninja|typechange|Poison|[from] Protean
|-supereffective|p1a: Azumarill
|-damage|p1a: Azumarill|0 fnt
|-damage|p2a: Greninja|229\/285|[from] item: Life Orb
|faint|p1a: Azumarill
|
|win|for youuuu
|raw|Ladder updating...