|join|for youuuu
|join|KDogfire
|player|p1|for youuuu|68
|player|p2|KDogfire|293
|gametype|singles
|gen|6
|tier|OU
|rated
|clearpoke
|poke|p1|Greninja, F
|poke|p1|Slowbro, F
|poke|p1|Altaria, F
|poke|p1|Landorus-Therian, M
|poke|p1|Gengar, F
|poke|p1|Heatran, M
|poke|p2|Rotom-Wash
|poke|p2|Lopunny, F
|poke|p2|Skarmory, F
|poke|p2|Chansey, F
|poke|p2|Landorus-Therian, M
|poke|p2|Tentacruel, M
|rule|Swagger Clause: Swagger is banned
|rule|Baton Pass Clause: Limit one PokÃ©mon knowing Baton Pass
|rule|Sleep Clause Mod: Limit one foe put to sleep
|rule|Species Clause: Limit one of each PokÃ©mon
|rule|OHKO Clause: OHKO moves are banned
|rule|Moody Clause: Moody is banned
|rule|Evasion Moves Clause: Evasion moves are banned
|rule|Endless Battle Clause: Forcing endless battles is banned
|rule|HP Percentage Mod: HP is shown in percentages
|teampreview
|join|Biz
|join|cute trap
|join|I'm Rick Astley
|join|pillowcase blue
|join|hats.marumaru
|join|mooy
|c| mooy|I had HP fire...not a speed tie...also not a we...youre the poopyhead watching someone play pokemon...you lose
|c| hats.marumaru|donking time
|c| pillowcase blue|Hey guys it's your boy c0mp here with another road to top 10. Got a team my buddy Breeloom gave me, gonna make some plays since I lose nothing by it, hehe bwoi..
|
|start
|switch|p1a: puff|Altaria, F|337\/337
|switch|p2a: Noob Strat|Rotom-Wash|241\/241
|turn|1
|
|detailschange|p1a: puff|Altaria-Mega, F
|message|Altaria has Mega Evolved into Mega Altaria!
|move|p2a: Noob Strat|Will-O-Wisp|p1a: puff
|-status|p1a: puff|brn
|move|p1a: puff|Return|p2a: Noob Strat
|-damage|p2a: Noob Strat|154\/241
|
|-damage|p1a: puff|295\/337 brn|[from] brn
|turn|2
|c| hats.marumaru|**âCatholick My Balls: I had HP fire...not a speed tie...also not a we...youre the poopyhead watching someone play pokemon...you lose**
|
|switch|p2a: Rebellionita|Skarmory, F|334\/334
|move|p1a: puff|Heal Bell|p1a: puff
|-cureteam|p1a: puff|[from] move: HealBell
|
|turn|3
|join|TOTEMO
|c| pillowcase blue|is that scarf wisp
|c| pillowcase blue|please
|
|switch|p1a: skinny boi|Heatran, M|378\/378
|move|p2a: Rebellionita|Toxic|p1a: skinny boi
|-fail|p1a: skinny boi
|
|turn|4
|
|switch|p2a: Tentaking|Tentacruel, M|302\/302
|move|p1a: skinny boi|Stealth Rock|p2a: Tentaking
|-sidestart|p2: KDogfire|move: Stealth Rock
|
|turn|5
|
|move|p2a: Tentaking|Scald|p1a: skinny boi
|-supereffective|p1a: skinny boi
|-damage|p1a: skinny boi|210\/378
|move|p1a: skinny boi|Earth Power|p2a: Tentaking
|-supereffective|p2a: Tentaking
|-damage|p2a: Tentaking|154\/302
|
|-heal|p2a: Tentaking|172\/302|[from] item: Leftovers
|-heal|p1a: skinny boi|233\/378|[from] item: Leftovers
|turn|6
|join|Altilt
|
|move|p2a: Tentaking|Scald|p1a: skinny boi
|-supereffective|p1a: skinny boi
|-damage|p1a: skinny boi|41\/378
|move|p1a: skinny boi|Earth Power|p2a: Tentaking
|-supereffective|p2a: Tentaking
|-damage|p2a: Tentaking|20\/302
|
|-heal|p2a: Tentaking|38\/302|[from] item: Leftovers
|-heal|p1a: skinny boi|64\/378|[from] item: Leftovers
|turn|7
|
|switch|p1a: spoopy doopy|Gengar, F|261\/261
|move|p2a: Tentaking|Rapid Spin|p1a: spoopy doopy
|-immune|p1a: spoopy doopy|[msg]
|
|-heal|p2a: Tentaking|56\/302|[from] item: Leftovers
|turn|8
|c| pillowcase blue|get meme'd on kid ;)
|
|switch|p2a: Therion Cannon|Landorus-Therian, M|320\/320
|-damage|p2a: Therion Cannon|280\/320|[from] Stealth Rock
|-ability|p2a: Therion Cannon|Intimidate|[of] p1a: spoopy doopy
|-unboost|p1a: spoopy doopy|atk|1
|move|p1a: spoopy doopy|Shadow Ball|p2a: Therion Cannon
|-damage|p2a: Therion Cannon|37\/320
|-damage|p1a: spoopy doopy|235\/261|[from] item: Life Orb
|
|turn|9
|join|z0mOG
|
|switch|p2a: Noob Strat|Rotom-Wash|154\/241
|-damage|p2a: Noob Strat|124\/241|[from] Stealth Rock
|switch|p1a: puff|Altaria-Mega, F|295\/337
|
|turn|10
|
|move|p2a: Noob Strat|Volt Switch|p1a: puff
|-resisted|p1a: puff
|-damage|p1a: puff|244\/337
|
|switch|p2a: Rebellionita|Skarmory, F|334\/334
|-damage|p2a: Rebellionita|293\/334|[from] Stealth Rock
|move|p1a: puff|Return|p2a: Rebellionita
|-resisted|p2a: Rebellionita
|-damage|p2a: Rebellionita|233\/334
|-damage|p1a: puff|188\/337|[from] item: Rocky Helmet|[of] p2a: Rebellionita
|
|turn|11
|
|move|p1a: puff|Roost|p1a: puff
|-heal|p1a: puff|337\/337
|move|p2a: Rebellionita|Stealth Rock|p1a: puff
|-sidestart|p1: for youuuu|move: Stealth Rock
|
|turn|12
|
|switch|p1a: skinny boi|Heatran, M|64\/378
|-damage|p1a: skinny boi|17\/378|[from] Stealth Rock
|move|p2a: Rebellionita|Whirlwind|p1a: skinny boi
|drag|p1a: puff|Altaria-Mega, F|337\/337
|-damage|p1a: puff|295\/337|[from] Stealth Rock
|
|turn|13
|c| pillowcase blue|lamo
|
|switch|p1a: skinny boi|Heatran, M|17\/378
|-damage|p1a: skinny boi|0 fnt|[from] Stealth Rock
|faint|p1a: skinny boi
|move|p2a: Rebellionita|Roost|p2a: Rebellionita
|-heal|p2a: Rebellionita|334\/334
|
|
|switch|p1a: slowbro'd what els|Slowbro, F|393\/393
|-damage|p1a: slowbro'd what els|344\/393|[from] Stealth Rock
|turn|14
|
|switch|p2a: Hardboiled|Chansey, F|704\/704
|-damage|p2a: Hardboiled|616\/704|[from] Stealth Rock
|move|p1a: slowbro'd what els|Scald|p2a: Hardboiled
|-damage|p2a: Hardboiled|558\/704
|
|turn|15
|
|move|p2a: Hardboiled|Thunder Wave|p1a: slowbro'd what els
|-status|p1a: slowbro'd what els|par
|move|p1a: slowbro'd what els|Thunder Wave|p2a: Hardboiled
|-status|p2a: Hardboiled|par
|
|turn|16
|
|switch|p2a: Noob Strat|Rotom-Wash|124\/241
|-damage|p2a: Noob Strat|94\/241|[from] Stealth Rock
|switch|p1a: spoopy doopy|Gengar, F|235\/261
|-damage|p1a: spoopy doopy|203\/261|[from] Stealth Rock
|
|turn|17
|leave|pillowcase blue
|
|move|p2a: Noob Strat|Volt Switch|p1a: spoopy doopy
|-damage|p1a: spoopy doopy|56\/261
|
|switch|p2a: Hardboiled|Chansey, F|558\/704
|-damage|p2a: Hardboiled|470\/704|[from] Stealth Rock
|move|p1a: spoopy doopy|Sludge Wave|p2a: Hardboiled
|-damage|p2a: Hardboiled|324\/704
|-damage|p1a: spoopy doopy|30\/261|[from] item: Life Orb
|
|turn|18
|
|move|p1a: spoopy doopy|Taunt|p2a: Hardboiled
|-start|p2a: Hardboiled|move: Taunt
|cant|p2a: Hardboiled|move: Taunt|Soft-Boiled
|
|turn|19
|
|switch|p2a: Therion Cannon|Landorus-Therian, M|37\/320
|-damage|p2a: Therion Cannon|0 fnt|[from] Stealth Rock
|faint|p2a: Therion Cannon
|move|p1a: spoopy doopy|Focus Blast|p2: Therion Cannon|[notarget]
|-notarget
|
|
|switch|p2a: Noob Strat|Rotom-Wash|94\/241
|-damage|p2a: Noob Strat|64\/241|[from] Stealth Rock
|turn|20
|
|move|p2a: Noob Strat|Hydro Pump|p1a: spoopy doopy
|-damage|p1a: spoopy doopy|0 fnt
|faint|p1a: spoopy doopy
|
|c| cute trap|le
|c| cute trap|scarf
|
|switch|p1a: Greninja check|Greninja, F|285\/285
|-damage|p1a: Greninja check|250\/285|[from] Stealth Rock
|turn|21
|
|switch|p2a: Hardboiled|Chansey, F|324\/704
|-damage|p2a: Hardboiled|236\/704|[from] Stealth Rock
|move|p1a: Greninja check|Dark Pulse|p2a: Hardboiled
|-start|p1a: Greninja check|typechange|Dark|[from] Protean
|-damage|p2a: Hardboiled|137\/704
|-damage|p1a: Greninja check|222\/285|[from] item: Life Orb
|
|turn|22
|join|Breeloom
|
|move|p1a: Greninja check|Low Kick|p2a: Hardboiled
|-start|p1a: Greninja check|typechange|Fighting|[from] Protean
|-supereffective|p2a: Hardboiled
|-damage|p2a: Hardboiled|0 fnt
|-damage|p1a: Greninja check|194\/285|[from] item: Life Orb
|faint|p2a: Hardboiled
|
|
|switch|p2a: Yoruichi|Lopunny, F|272\/272
|-damage|p2a: Yoruichi|238\/272|[from] Stealth Rock
|turn|23
|
|switch|p1a: kingdom hearts|Landorus-Therian, M|329\/329
|-damage|p1a: kingdom hearts|288\/329|[from] Stealth Rock
|-ability|p1a: kingdom hearts|Intimidate|[of] p2a: Yoruichi
|-unboost|p2a: Yoruichi|atk|1
|detailschange|p2a: Yoruichi|Lopunny-Mega, F
|message|Lopunny has Mega Evolved into Mega Lopunny!
|move|p2a: Yoruichi|Thunder Punch|p1a: kingdom hearts
|-immune|p1a: kingdom hearts|[msg]
|
|turn|24
|c| Breeloom|haha
|
|switch|p2a: Rebellionita|Skarmory, F|334\/334
|-damage|p2a: Rebellionita|293\/334|[from] Stealth Rock
|move|p1a: kingdom hearts|U-turn|p2a: Rebellionita
|-resisted|p2a: Rebellionita
|-damage|p2a: Rebellionita|279\/334
|-damage|p1a: kingdom hearts|234\/329|[from] item: Rocky Helmet|[of] p2a: Rebellionita
|c| Breeloom|you cant fool the compster
|
|switch|p1a: Greninja check|Greninja, F|194\/285
|-damage|p1a: Greninja check|159\/285|[from] Stealth Rock
|
|turn|25
|
|move|p1a: Greninja check|Ice Beam|p2a: Rebellionita
|-start|p1a: Greninja check|typechange|Ice|[from] Protean
|-damage|p2a: Rebellionita|32\/334
|-damage|p1a: Greninja check|131\/285|[from] item: Life Orb
|move|p2a: Rebellionita|Roost|p2a: Rebellionita
|-heal|p2a: Rebellionita|199\/334
|
|turn|26
|c| I'm Rick Astley|**ahh catch this death**
|c| Breeloom|nice the good roost
|
|switch|p2a: Tentaking|Tentacruel, M|56\/302
|-damage|p2a: Tentaking|19\/302|[from] Stealth Rock
|move|p1a: Greninja check|Ice Beam|p2a: Tentaking
|-resisted|p2a: Tentaking
|-damage|p2a: Tentaking|0 fnt
|-damage|p1a: Greninja check|103\/285|[from] item: Life Orb
|faint|p2a: Tentaking
|
|
|switch|p2a: Noob Strat|Rotom-Wash|64\/241
|-damage|p2a: Noob Strat|34\/241|[from] Stealth Rock
|turn|27
|c| Breeloom|watch out hes starf
|
|switch|p1a: puff|Altaria-Mega, F|295\/337
|-damage|p1a: puff|253\/337|[from] Stealth Rock
|move|p2a: Noob Strat|Hydro Pump|p1a: puff|[miss]
|-miss|p2a: Noob Strat|p1a: puff
|
|turn|28
|
|switch|p2a: Yoruichi|Lopunny-Mega, F|238\/272
|-damage|p2a: Yoruichi|221\/272|[from] Stealth Rock
|move|p1a: puff|Return|p2a: Yoruichi
|-supereffective|p2a: Yoruichi
|-damage|p2a: Yoruichi|0 fnt
|faint|p2a: Yoruichi
|
|c| cute trap|uh
|-message|KDogfire forfeited.
|
|win|for youuuu
|raw|Ladder updating...
|c| cute trap|nice
|leave|KDogfire
|player|p2
|c| Altilt|>throwing only wincon
|c|âfor youuuu|LMFAO
|raw|for youuuu's rating: 1703 &rarr; <strong>1714<\/strong><br \/>(+11 for winning)
|raw|KDogfire's rating: 1529 &rarr; <strong>1519<\/strong><br \/>(-10 for losing)
|c|âfor youuuu|what even was that
|c| I'm Rick Astley|**like and subscribe, and stay tuned for the next episode :]**
|leave|Altilt
|leave|TOTEMO
|leave|I'm Rick Astley
|join|hand relief
|join|I'm Rick Astley
|leave|I'm Rick Astley