|join|for youuuu
|join|Ox the Box
|join|I'm Rick Astley
|c|âOx the Box|glhf
|join|Updated Kanto
|player|p1|for youuuu|90
|player|p2|Ox the Box|201
|gametype|singles
|gen|6
|tier|OU
|rated
|clearpoke
|poke|p1|Metagross
|poke|p1|Heatran, M
|poke|p1|Landorus-Therian, M
|poke|p1|Manaphy
|poke|p1|Latias, F
|poke|p1|Azumarill, F
|poke|p2|Gyarados, M, shiny
|poke|p2|Celebi
|poke|p2|Entei, shiny
|poke|p2|Scizor, M
|poke|p2|Heatran, M
|poke|p2|Zapdos, shiny
|rule|Swagger Clause: Swagger is banned
|rule|Baton Pass Clause: Limit one PokÃ©mon knowing Baton Pass
|rule|Sleep Clause Mod: Limit one foe put to sleep
|rule|Species Clause: Limit one of each PokÃ©mon
|rule|OHKO Clause: OHKO moves are banned
|rule|Moody Clause: Moody is banned
|rule|Evasion Moves Clause: Evasion moves are banned
|rule|Endless Battle Clause: Forcing endless battles is banned
|rule|HP Percentage Mod: HP is shown in percentages
|teampreview
|c|âOx the Box|glhf
|join|Dix pix
|join|heyylmoa
|join|RagnarFR
|c| heyylmoa|THE BOX
|c| heyylmoa|THE OX
|c| Updated Kanto|the~
|join|Nebraska Jones
|c| heyylmoa|im ur biggest fan
|join|yuy
|raw|<div class="broadcast-red"><b>Moderated chat was set to +!<\/b><br \/>Only users of rank + and higher can talk.<\/div>
|join|Sam Brazer
|
|start
|switch|p1a: Heatran|Heatran, M|323\/323
|switch|p2a: Zapdos|Zapdos, shiny|383\/383
|-item|p1a: Heatran|Air Balloon
|-ability|p2a: Zapdos|Pressure
|turn|1
|join|Ary
|join|Yuttt.annual
|
|move|p1a: Heatran|Toxic|p2a: Zapdos
|-status|p2a: Zapdos|tox
|move|p2a: Zapdos|Volt Switch|p1a: Heatran
|-damage|p1a: Heatran|233\/323
|-enditem|p1a: Heatran|Air Balloon
|join|Chave
|join|Vaporeon for Ubers
|leave|Sam Brazer
|join|Time Stall
|
|switch|p2a: Gyarados|Gyarados, M, shiny|331\/331
|-ability|p2a: Gyarados|Intimidate|[of] p1a: Heatran
|-unboost|p1a: Heatran|atk|1
|
|turn|2
|c|âOx the Box|I wonder where everyone is coming from
|join|yrs
yuy was promoted to Room Voice by for youuuu.
|c|+yuy|!roll 420
|raw|<div class="infobox">Random number (1 - 420): 132<\/div>
|
|switch|p1a: Azumarill|Azumarill, F|399\/399
|move|p2a: Gyarados|Earthquake|p1a: Azumarill
|-damage|p1a: Azumarill|253\/399
|
|turn|3
|
|switch|p2a: Celebi|Celebi|403\/403
|move|p1a: Azumarill|Play Rough|p2a: Celebi
|-damage|p2a: Celebi|123\/403
|
|-heal|p2a: Celebi|148\/403|[from] item: Leftovers
|turn|4
|
|switch|p1a: Heatran|Heatran, M|233\/323
|move|p2a: Celebi|Baton Pass|p2a: Celebi
|join|cosine180
|
|switch|p2a: Gyarados|Gyarados, M, shiny|331\/331
|-ability|p2a: Gyarados|Intimidate|[of] p1a: Heatran
|-unboost|p1a: Heatran|atk|1
|
|turn|5
|join|Prankster
|
|move|p1a: Heatran|Taunt|p2a: Gyarados
|-start|p2a: Gyarados|move: Taunt
|move|p2a: Gyarados|Waterfall|p1a: Heatran
|-supereffective|p1a: Heatran
|-damage|p1a: Heatran|0 fnt
|faint|p1a: Heatran
|
|join|A2tehBR
|
|switch|p1a: Azumarill|Azumarill, F|253\/399
|turn|6
|
|switch|p2a: Scizor|Scizor, M|343\/343
|move|p1a: Azumarill|Waterfall|p2a: Scizor
|-damage|p2a: Scizor|138\/343
|
|-heal|p2a: Scizor|159\/343|[from] item: Leftovers
|turn|7
|join|you are infant
|c|âOx the Box|are u guys the crappy players gang?!?!?!
|
|move|p2a: Scizor|U-turn|p1a: Azumarill
|-resisted|p1a: Azumarill
|-damage|p1a: Azumarill|190\/399
|c|+yuy|ox you're talking to yourself again
|
|switch|p2a: Celebi|Celebi|148\/403
|move|p1a: Azumarill|Waterfall|p2a: Celebi
|-resisted|p2a: Celebi
|-damage|p2a: Celebi|14\/403
|
|-heal|p2a: Celebi|39\/403|[from] item: Leftovers
|turn|8
|c|+yuy|make it stop s:
|join|chumped
|join|Sam Brazer
|
|switch|p1a: Metagross|Metagross|301\/301
|move|p2a: Celebi|Recover|p2a: Celebi
|-heal|p2a: Celebi|241\/403
|
|-heal|p2a: Celebi|266\/403|[from] item: Leftovers
|turn|9
|leave|Sam Brazer
|
|detailschange|p1a: Metagross|Metagross-Mega
|-mega|p1a: Metagross|Metagross|Metagrossite
|move|p2a: Celebi|Baton Pass|p2a: Celebi
|
|switch|p2a: Zapdos|Zapdos, shiny|383\/383 tox
|-ability|p2a: Zapdos|Pressure
|move|p1a: Metagross|Ice Punch|p2a: Zapdos
|-supereffective|p2a: Zapdos
|-damage|p2a: Zapdos|153\/383 tox
|
|-heal|p2a: Zapdos|176\/383 tox|[from] item: Leftovers
|-damage|p2a: Zapdos|153\/383 tox|[from] psn
|turn|10
|leave|A2tehBR
|
|move|p1a: Metagross|Ice Punch|p2a: Zapdos
|-supereffective|p2a: Zapdos
|-damage|p2a: Zapdos|0 fnt
|faint|p2a: Zapdos
|
|
|switch|p2a: Scizor|Scizor, M|159\/343
|turn|11
|
|switch|p1a: Landorus-Therian|Landorus-Therian, M|337\/337
|-ability|p1a: Landorus-Therian|Intimidate|[of] p2a: Scizor
|-unboost|p2a: Scizor|atk|1
|move|p2a: Scizor|Roost|p2a: Scizor
|-heal|p2a: Scizor|331\/343
|
|-heal|p2a: Scizor|343\/343|[from] item: Leftovers
|turn|12
|leave|Prankster
|
|move|p1a: Landorus-Therian|Substitute|p1a: Landorus-Therian
|-start|p1a: Landorus-Therian|Substitute
|-damage|p1a: Landorus-Therian|253\/337
|move|p2a: Scizor|U-turn|p1a: Landorus-Therian
|-resisted|p1a: Landorus-Therian
|-activate|p1a: Landorus-Therian|Substitute|[damage]
|
|switch|p2a: Gyarados|Gyarados, M, shiny|331\/331
|-activate|p1a: Landorus-Therian|Substitute|ability: Intimidate|[of] p2a: Gyarados
|
|turn|13
|
|detailschange|p2a: Gyarados|Gyarados-Mega, M, shiny
|-mega|p2a: Gyarados|Gyarados|Gyaradosite
|-ability|p2a: Gyarados|Mold Breaker
|move|p1a: Landorus-Therian|Swords Dance|p1a: Landorus-Therian
|-boost|p1a: Landorus-Therian|atk|2
|move|p2a: Gyarados|Waterfall|p1a: Landorus-Therian
|-supereffective|p1a: Landorus-Therian
|-end|p1a: Landorus-Therian|Substitute
|
|turn|14
|
|move|p1a: Landorus-Therian|Earthquake|p2a: Gyarados
|-damage|p2a: Gyarados|0 fnt
|faint|p2a: Gyarados
|
|
|switch|p2a: Scizor|Scizor, M|343\/343
|turn|15
|
|move|p2a: Scizor|Bullet Punch|p1a: Landorus-Therian
|-damage|p1a: Landorus-Therian|145\/337
|move|p1a: Landorus-Therian|Earthquake|p2a: Scizor
|-damage|p2a: Scizor|0 fnt
|faint|p2a: Scizor
|
|join|I Iike Squirtles
Ary was promoted to Room Voice by for youuuu.
|join|LUSTY LEDDIT
Updated Kanto was promoted to Room Voice by for youuuu.
|
|switch|p2a: Entei|Entei, shiny|371\/371
|-ability|p2a: Entei|Pressure
|turn|16
|c|+Updated Kanto|hi im from bof
Vaporeon for Ubers was promoted to Room Voice by for youuuu.
|c|+Vaporeon for Ubers|I too run absolutely nothing for jolly lando-t
|join|Magnus42
|
|switch|p1a: Manaphy|Manaphy|377\/377
|move|p2a: Entei|Extreme Speed|p1a: Manaphy
|-damage|p1a: Manaphy|313\/377
|
|-heal|p1a: Manaphy|336\/377|[from] item: Leftovers
|turn|17
|c|âOx the Box|I too am from cpg
|c|âOx the Box|aka the fag clan
|
|switch|p2a: Celebi|Celebi|266\/403
|move|p1a: Manaphy|Scald|p2a: Celebi
|-resisted|p2a: Celebi
|-damage|p2a: Celebi|230\/403
|
|-heal|p1a: Manaphy|359\/377|[from] item: Leftovers
|-heal|p2a: Celebi|255\/403|[from] item: Leftovers
|turn|18
|c|+Ary|ah yes ox the box
|c|+Vaporeon for Ubers|LOL you go there?
|c|+Ary|went for a powerful
|c|+Vaporeon for Ubers|What a fag
|c|+Ary|3k
|c|+Updated Kanto|LOL
|c|+Ary|in his own shitty team tour
|
|switch|p1a: Metagross|Metagross-Mega|301\/301
|move|p2a: Celebi|Swords Dance|p2a: Celebi
|-boost|p2a: Celebi|atk|2
|
|-heal|p2a: Celebi|280\/403|[from] item: Leftovers
|turn|19
|join|Akkeshi
|c|âOx the Box|wow
|c|âOx the Box|updated kanto wasn't even drafted
|c|âOx the Box|have fun in farm :)
|c|+Ary|KEK
|c|+Updated Kanto|16:21:24] @Ox the Box: haunter can u lock updated kanto
|
|move|p1a: Metagross|Ice Punch|p2a: Celebi
|-supereffective|p2a: Celebi
|-damage|p2a: Celebi|54\/403
|move|p2a: Celebi|Baton Pass|p2a: Celebi
|c|+Ary|kanto ox is good
|c|+Ary|he can fight his own battles
|c|+Updated Kanto|yea ur rite
|c|+Ary|....
|c|+Updated Kanto|he's so good!
|c|+Ary|he loses them
|c|+Ary|but he can fight his own!
|join|Mistaken
|join|Alldaalts
|c|+Updated Kanto|ox is gonna win wcop!
|c|âfor youuuu|i will win wcop
|leave|Mistaken
|
|switch|p2a: Entei|Entei, shiny|371\/371
|-ability|p2a: Entei|Pressure
|
|turn|20
|c|âOx the Box|I don't think I'm good
|c|âOx the Box|is chumped in here?
|join|Sam Brazer
Sam Brazer was promoted to Room Voice by for youuuu.
|join|z0mOG
z0mOG was promoted to Room Voice by for youuuu.
|c|+z0mOG|hi :D
|c|+Ary|ayy lmao
|c|+Ary|salty n bad
|
|switch|p1a: Landorus-Therian|Landorus-Therian, M|145\/337
|-ability|p1a: Landorus-Therian|Intimidate|[of] p2a: Entei
|-unboost|p2a: Entei|atk|1
|move|p2a: Entei|Sacred Fire|p1a: Landorus-Therian
|-damage|p1a: Landorus-Therian|0 fnt
|faint|p1a: Landorus-Therian
|
|c|+Updated Kanto|hey z0m
|c|+Updated Kanto|:)
|
|switch|p1a: Manaphy|Manaphy|359\/377
|turn|21
|c|+yuy|ox you have a bf named chumped?  tell us more.
|
|move|p1a: Manaphy|Scald|p2a: Entei
|-supereffective|p2a: Entei
|-damage|p2a: Entei|227\/371
|move|p2a: Entei|Stone Edge|p1a: Manaphy
|-damage|p1a: Manaphy|240\/377
|
|-heal|p1a: Manaphy|263\/377|[from] item: Leftovers
|turn|22
|c|+z0mOG|balk!
|c|âfor youuuu|oLo
|c|+yuy|eqin bilk!
|c|âfor youuuu|___
|c|+yuy|!roll 420
|raw|<div class="infobox">Random number (1 - 420): 353<\/div>
|
|move|p1a: Manaphy|Scald|p2a: Entei
|-supereffective|p2a: Entei
|-damage|p2a: Entei|105\/371
|move|p2a: Entei|Bulldoze|p1a: Manaphy
|-damage|p1a: Manaphy|178\/377
|-unboost|p1a: Manaphy|spe|1
|
|-heal|p1a: Manaphy|201\/377|[from] item: Leftovers
|turn|23
|c|+Updated Kanto|ox
|c|+Updated Kanto|i kinda wanna know
|c|âOx the Box|?
|
|move|p2a: Entei|Stone Edge|p1a: Manaphy
|-damage|p1a: Manaphy|66\/377
|move|p1a: Manaphy|Scald|p2a: Entei
|-supereffective|p2a: Entei
|-damage|p2a: Entei|0 fnt
|faint|p2a: Entei
|
|-heal|p1a: Manaphy|89\/377|[from] item: Leftovers
|c|+Updated Kanto|and im rlly shy
|c|+Updated Kanto|but
|c|âOx the Box|go on
|c|+Updated Kanto|how does it feel to lose to mushmunkey
|c|âOx the Box|it feels great
|c|âOx the Box|mush is good
|
|switch|p2a: Celebi|Celebi|54\/403
|turn|24
|c|âOx the Box|tbf
|c|+Ary|>losing to mushmunkey
|c|+Ary|>mfw ox the box is bellicose
|c|+Vaporeon for Ubers|+Updated Kanto: how does it feel to lose to mushmunkey
|c|+Vaporeon for Ubers|âOx the Box: it feels great
|c|+Vaporeon for Ubers|âOx the Box: mush is good
|
|switch|p1a: Metagross|Metagross-Mega|301\/301
|move|p2a: Celebi|Recover|p2a: Celebi
|-heal|p2a: Celebi|256\/403
|
|-heal|p2a: Celebi|281\/403|[from] item: Leftovers
|turn|25
|c|+Ary|AYY LMOA
|c|+Ary|MUSH IS GOOD
|c|+Ary|fuck
|c|+Updated Kanto|mush the good player
|c|+Ary|I like mush and all
|
|move|p1a: Metagross|Ice Punch|p2a: Celebi
|-supereffective|p2a: Celebi
|-damage|p2a: Celebi|43\/403
|move|p2a: Celebi|Recover|p2a: Celebi
|-heal|p2a: Celebi|245\/403
|
|-heal|p2a: Celebi|270\/403|[from] item: Leftovers
|turn|26
|c|âOx the Box|then why is he in cpg
|c|+Ary|but that's an outright lie
|join|Druides
|c|+Ary|anyone who finds the room organically iss allowed in
|
|move|p1a: Metagross|Hammer Arm|p2a: Celebi
|-resisted|p2a: Celebi
|-damage|p2a: Celebi|186\/403
|-unboost|p1a: Metagross|spe|1
|move|p2a: Celebi|Recover|p2a: Celebi
|-heal|p2a: Celebi|388\/403
|
|-heal|p2a: Celebi|403\/403|[from] item: Leftovers
|turn|27
|c|+Updated Kanto|because he said we're the only people he knows........
|c|+Ary|shitter or not
|join|Time Stall ()
|
|move|p2a: Celebi|Swords Dance|p2a: Celebi
|-boost|p2a: Celebi|atk|2
|move|p1a: Metagross|Ice Punch|p2a: Celebi
|-crit|p2a: Celebi
|-supereffective|p2a: Celebi
|-damage|p2a: Celebi|43\/403
|
|-heal|p2a: Celebi|68\/403|[from] item: Leftovers
|turn|28
|c|+Ary|sucker punch celebi
|c|+Ary|inc
|
|move|p2a: Celebi|Seed Bomb|p1a: Metagross
|-resisted|p1a: Metagross
|-damage|p1a: Metagross|234\/301
|move|p1a: Metagross|Ice Punch|p2a: Celebi
|-supereffective|p2a: Celebi
|-damage|p2a: Celebi|0 fnt
|faint|p2a: Celebi
|
|c|+yuy|SCARF PHYSICAL HEATRAN BOYS
|c|+Ary|kek
|c|+Updated Kanto|hehe bwoi
|c|+Ary|the flame charge eq
|
|switch|p2a: Heatran|Heatran, M|386\/386
|turn|29
|
|move|p1a: Metagross|Hammer Arm|p2a: Heatran|[miss]
|-miss|p1a: Metagross|p2a: Heatran
|move|p2a: Heatran|Toxic|p1a: Metagross|[miss]
|-miss|p2a: Heatran|p1a: Metagross
|
|turn|30
I'm Rick Astley was promoted to Room Voice by for youuuu.
|c|+Ary|ah
|c|+Updated Kanto|l
|c|+Updated Kanto|o
|c|+yuy|>
|leave|Yuttt.annual
|c|âfor youuuu|fuckin kek
|c|+Updated Kanto|!
|
|move|p1a: Metagross|Hammer Arm|p2a: Heatran
|-supereffective|p2a: Heatran
|-damage|p2a: Heatran|68\/386
|-unboost|p1a: Metagross|spe|1
|move|p2a: Heatran|Lava Plume|p1a: Metagross
|-supereffective|p1a: Metagross
|-damage|p1a: Metagross|0 fnt
|faint|p1a: Metagross
|
|-heal|p2a: Heatran|92\/386|[from] item: Leftovers
|
|switch|p1a: Manaphy|Manaphy|89\/377
|turn|31
|leave|Dix pix
|c|+Ary|oh lmao wait what
|
|move|p1a: Manaphy|Calm Mind|p1a: Manaphy
|-boost|p1a: Manaphy|spa|1
|-boost|p1a: Manaphy|spd|1
|move|p2a: Heatran|Toxic|p1a: Manaphy
|-status|p1a: Manaphy|tox
|
|-heal|p1a: Manaphy|112\/377 tox|[from] item: Leftovers
|-heal|p2a: Heatran|116\/386|[from] item: Leftovers
|-damage|p1a: Manaphy|89\/377 tox|[from] psn
|turn|32
|c|+Ary|âOx the Box: updated kanto wasn't even drafted
|c|+Updated Kanto|yea man
|c|+Ary|ek
|c|+Ary|KEK
|
|move|p1a: Manaphy|Rain Dance|p1a: Manaphy
|-weather|RainDance
|move|p2a: Heatran|Lava Plume|p1a: Manaphy
|-resisted|p1a: Manaphy
|-damage|p1a: Manaphy|68\/377 tox
|
|-weather|RainDance|[upkeep]
|-curestatus|p1a: Manaphy|tox
|-heal|p1a: Manaphy|91\/377|[from] item: Leftovers
|-heal|p2a: Heatran|140\/386|[from] item: Leftovers
|turn|33
|c|+Updated Kanto|i so wanted to get involved with the overused room
|c|+Ary|>yfw ox was nommed as a joke
|-message|Ox the Box forfeited.
|c|+Ary|ayy
|leave|Ox the Box
|c|+Updated Kanto|kek
|leave|cosine180
|
|win|for youuuu
|raw|Ladder updating...
|player|p2
|leave|LUSTY LEDDIT
|c|+Ary|AYYY
|raw|for youuuu's rating: 1652 &rarr; <strong>1674<\/strong><br \/>(+22 for winning)
|raw|Ox the Box's rating: 1696 &rarr; <strong>1673<\/strong><br \/>(-23 for losing)
|leave|Nebraska Jones