|join|lil manaphy
|join|for youuuu
|player|p1|lil manaphy|272
|player|p2|for youuuu|90
|gametype|singles
|gen|6
|tier|OU
|rated
|clearpoke
|poke|p1|Lopunny, F
|poke|p1|Manaphy
|poke|p1|Scizor, F
|poke|p1|Celebi
|poke|p1|Heatran, M
|poke|p1|Mandibuzz, F
|poke|p2|Metagross
|poke|p2|Heatran, F
|poke|p2|Landorus-Therian, M
|poke|p2|Manaphy
|poke|p2|Latias, F
|poke|p2|Azumarill, M
|rule|Swagger Clause: Swagger is banned
|rule|Baton Pass Clause: Limit one PokÃ©mon knowing Baton Pass
|rule|Sleep Clause Mod: Limit one foe put to sleep
|rule|Species Clause: Limit one of each PokÃ©mon
|rule|OHKO Clause: OHKO moves are banned
|rule|Moody Clause: Moody is banned
|rule|Evasion Moves Clause: Evasion moves are banned
|rule|Endless Battle Clause: Forcing endless battles is banned
|rule|HP Percentage Mod: HP is shown in percentages
|teampreview
|join|Updated Kanto
|
|start
|switch|p1a: Couture|Lopunny, F|271\/271
|switch|p2a: Landorus-Therian|Landorus-Therian, M|337\/337
|-ability|p2a: Landorus-Therian|Intimidate|[of] p1a: Couture
|-unboost|p1a: Couture|atk|1
|turn|1
|join|Chave
|c| Updated Kanto|FOR
|
|switch|p2a: Metagross|Metagross|301\/301
|detailschange|p1a: Couture|Lopunny-Mega, F
|-mega|p1a: Couture|Lopunny|Lopunnite
|move|p1a: Couture|Fake Out|p2a: Metagross
|-resisted|p2a: Metagross
|-damage|p2a: Metagross|280\/301
|
|turn|2
|c| Updated Kanto|YOUUUUUUUUUUUUUU
|
|switch|p1a: business|Scizor, F|343\/343
|detailschange|p2a: Metagross|Metagross-Mega
|-mega|p2a: Metagross|Metagross|Metagrossite
|move|p2a: Metagross|Ice Punch|p1a: business
|-resisted|p1a: business
|-damage|p1a: business|278\/343
|-status|p1a: business|frz
|
|turn|3
|
|move|p2a: Metagross|Hammer Arm|p1a: business
|-damage|p1a: business|100\/343 frz
|-unboost|p2a: Metagross|spe|1
|cant|p1a: business|frz
|
|turn|4
|
|switch|p1a: im walling everyth|Mandibuzz, F|423\/423
|move|p2a: Metagross|Hammer Arm|p1a: im walling everyth
|-damage|p1a: im walling everyth|304\/423
|-damage|p2a: Metagross|230\/301|[from] item: Rocky Helmet|[of] p1a: im walling everyth
|-unboost|p2a: Metagross|spe|1
|
|turn|5
|
|switch|p2a: Manaphy|Manaphy|377\/377
|move|p1a: im walling everyth|Roost|p1a: im walling everyth
|-heal|p1a: im walling everyth|423\/423
|
|turn|6
|join|Ary
|
|switch|p2a: Heatran|Heatran, F|323\/323
|-item|p2a: Heatran|Air Balloon
|switch|p1a: just my onion|Celebi|404\/404
|
|turn|7
|
|switch|p1a: still bigger than|Manaphy|341\/341
|move|p2a: Heatran|Stealth Rock|p1a: still bigger than
|-sidestart|p1: lil manaphy|move: Stealth Rock
|
|turn|8
|join|heyylmoa
|join|I'm Rick Astley
|c| Updated Kanto|FOR JEWWWWWWWW
|
|switch|p2a: Latias|Latias, F|301\/301
|move|p1a: still bigger than|Scald|p2a: Latias
|-resisted|p2a: Latias
|-damage|p2a: Latias|247\/301
|-status|p2a: Latias|brn
|
|-damage|p2a: Latias|210\/301 brn|[from] brn
|turn|9
|
|switch|p1a: bean curd puff|Heatran, M|386\/386
|-damage|p1a: bean curd puff|338\/386|[from] Stealth Rock
|move|p2a: Latias|Draco Meteor|p1a: bean curd puff
|-resisted|p1a: bean curd puff
|-damage|p1a: bean curd puff|252\/386
|-unboost|p2a: Latias|spa|2
|-damage|p2a: Latias|180\/301 brn|[from] item: Life Orb
|
|-heal|p1a: bean curd puff|276\/386|[from] item: Leftovers
|-damage|p2a: Latias|143\/301 brn|[from] brn
|turn|10
|
|switch|p2a: Landorus-Therian|Landorus-Therian, M|337\/337
|-ability|p2a: Landorus-Therian|Intimidate|[of] p1a: bean curd puff
|-unboost|p1a: bean curd puff|atk|1
|move|p1a: bean curd puff|Stealth Rock|p2a: Landorus-Therian
|-sidestart|p2: for youuuu|move: Stealth Rock
|
|-heal|p1a: bean curd puff|300\/386|[from] item: Leftovers
|turn|11
|
|switch|p1a: business|Scizor, F|100\/343 frz
|-damage|p1a: business|58\/343 frz|[from] Stealth Rock
|move|p2a: Landorus-Therian|Swords Dance|p2a: Landorus-Therian
|-boost|p2a: Landorus-Therian|atk|2
|
|turn|12
|
|cant|p1a: business|frz
|move|p2a: Landorus-Therian|Substitute|p2a: Landorus-Therian
|-start|p2a: Landorus-Therian|Substitute
|-damage|p2a: Landorus-Therian|253\/337
|
|turn|13
|
|cant|p1a: business|frz
|move|p2a: Landorus-Therian|Earthquake|p1a: business
|-damage|p1a: business|0 fnt
|faint|p1a: business
|
|
|switch|p1a: im walling everyth|Mandibuzz, F|423\/423
|-damage|p1a: im walling everyth|318\/423|[from] Stealth Rock
|turn|14
|
|move|p2a: Landorus-Therian|Knock Off|p1a: im walling everyth
|-resisted|p1a: im walling everyth
|-damage|p1a: im walling everyth|225\/423
|-damage|p2a: Landorus-Therian|197\/337|[from] item: Rocky Helmet|[of] p1a: im walling everyth
|-enditem|p1a: im walling everyth|Rocky Helmet|[from] move: Knock Off|[of] p2a: Landorus-Therian
|move|p1a: im walling everyth|Foul Play|p2a: Landorus-Therian
|-end|p2a: Landorus-Therian|Substitute
|
|turn|15
|
|switch|p2a: Manaphy|Manaphy|377\/377
|-damage|p2a: Manaphy|330\/377|[from] Stealth Rock
|move|p1a: im walling everyth|Roost|p1a: im walling everyth
|-heal|p1a: im walling everyth|423\/423
|
|-heal|p2a: Manaphy|353\/377|[from] item: Leftovers
|turn|16
|
|switch|p1a: just my onion|Celebi|404\/404
|-damage|p1a: just my onion|354\/404|[from] Stealth Rock
|move|p2a: Manaphy|Calm Mind|p2a: Manaphy
|-boost|p2a: Manaphy|spa|1
|-boost|p2a: Manaphy|spd|1
|
|-heal|p2a: Manaphy|376\/377|[from] item: Leftovers
|-heal|p1a: just my onion|379\/404|[from] item: Leftovers
|turn|17
|
|switch|p2a: Heatran|Heatran, F|323\/323
|-damage|p2a: Heatran|283\/323|[from] Stealth Rock
|-item|p2a: Heatran|Air Balloon
|move|p1a: just my onion|Giga Drain|p2a: Heatran
|-resisted|p2a: Heatran
|-damage|p2a: Heatran|263\/323
|-heal|p1a: just my onion|389\/404|[from] drain|[of] p2a: Heatran
|-enditem|p2a: Heatran|Air Balloon
|
|-heal|p1a: just my onion|404\/404|[from] item: Leftovers
|turn|18
|
|switch|p1a: still bigger than|Manaphy|341\/341
|-damage|p1a: still bigger than|299\/341|[from] Stealth Rock
|move|p2a: Heatran|Taunt|p1a: still bigger than
|-start|p1a: still bigger than|move: Taunt
|
|-heal|p1a: still bigger than|320\/341|[from] item: Leftovers
|turn|19
|
|move|p1a: still bigger than|Scald|p2a: Heatran
|-supereffective|p2a: Heatran
|-damage|p2a: Heatran|15\/323
|move|p2a: Heatran|Toxic|p1a: still bigger than
|-status|p1a: still bigger than|tox
|
|-heal|p1a: still bigger than|341\/341 tox|[from] item: Leftovers
|-damage|p1a: still bigger than|320\/341 tox|[from] psn
|turn|20
|
|switch|p2a: Latias|Latias, F|143\/301 brn
|-damage|p2a: Latias|106\/301 brn|[from] Stealth Rock
|move|p1a: still bigger than|Scald|p2a: Latias
|-resisted|p2a: Latias
|-damage|p2a: Latias|56\/301 brn
|
|-heal|p1a: still bigger than|341\/341 tox|[from] item: Leftovers
|-damage|p2a: Latias|19\/301 brn|[from] brn
|-damage|p1a: still bigger than|299\/341 tox|[from] psn
|turn|21
|join|Sam Brazer
|
|switch|p1a: bean curd puff|Heatran, M|300\/386
|-damage|p1a: bean curd puff|252\/386|[from] Stealth Rock
|move|p2a: Latias|Roost|p2a: Latias
|-heal|p2a: Latias|170\/301 brn
|
|-heal|p1a: bean curd puff|276\/386|[from] item: Leftovers
|-damage|p2a: Latias|133\/301 brn|[from] brn
|turn|22
|c| Sam Brazer|i heard that lil manaphy has a 4 inch cock
|
|switch|p2a: Manaphy|Manaphy|376\/377
|-damage|p2a: Manaphy|329\/377|[from] Stealth Rock
|move|p1a: bean curd puff|Toxic|p2a: Manaphy
|-status|p2a: Manaphy|tox
|
|-heal|p2a: Manaphy|352\/377 tox|[from] item: Leftovers
|-heal|p1a: bean curd puff|300\/386|[from] item: Leftovers
|-damage|p2a: Manaphy|329\/377 tox|[from] psn
|turn|23
|
|switch|p2a: Latias|Latias, F|133\/301 brn
|-damage|p2a: Latias|96\/301 brn|[from] Stealth Rock
|switch|p1a: just my onion|Celebi|404\/404
|-damage|p1a: just my onion|354\/404|[from] Stealth Rock
|
|-heal|p1a: just my onion|379\/404|[from] item: Leftovers
|-damage|p2a: Latias|59\/301 brn|[from] brn
|turn|24
|c|âlil manaphy|im a girl.
|
|move|p2a: Latias|Roost|p2a: Latias
|-heal|p2a: Latias|210\/301 brn
|move|p1a: just my onion|Baton Pass|p1a: just my onion
|
|switch|p1a: Couture|Lopunny-Mega, F|271\/271
|-damage|p1a: Couture|255\/271|[from] Stealth Rock
|
|-damage|p2a: Latias|173\/301 brn|[from] brn
|turn|25
|c| Updated Kanto|t-that doesn't mean anything
|c| Ary|that makes it even more impressive when you think about it
|
|switch|p2a: Heatran|Heatran, F|15\/323
|-damage|p2a: Heatran|0 fnt|[from] Stealth Rock
|faint|p2a: Heatran
|move|p1a: Couture|Return|p2: Heatran|[notarget]
|-notarget
|
|c| Sam Brazer|yeah pretty much
|
|switch|p2a: Azumarill|Azumarill, M|399\/399
|-damage|p2a: Azumarill|350\/399|[from] Stealth Rock
|turn|26
|
|switch|p1a: bean curd puff|Heatran, M|300\/386
|-damage|p1a: bean curd puff|252\/386|[from] Stealth Rock
|move|p2a: Azumarill|Play Rough|p1a: bean curd puff
|-resisted|p1a: bean curd puff
|-damage|p1a: bean curd puff|186\/386
|
|-heal|p1a: bean curd puff|210\/386|[from] item: Leftovers
|turn|27
|
|switch|p2a: Manaphy|Manaphy|329\/377 tox
|-damage|p2a: Manaphy|282\/377 tox|[from] Stealth Rock
|move|p1a: bean curd puff|Earth Power|p2a: Manaphy
|-damage|p2a: Manaphy|191\/377 tox
|
|-heal|p2a: Manaphy|214\/377 tox|[from] item: Leftovers
|-heal|p1a: bean curd puff|234\/386|[from] item: Leftovers
|-damage|p2a: Manaphy|191\/377 tox|[from] psn
|turn|28
|join|you are infant
|
|switch|p1a: just my onion|Celebi|379\/404
|-damage|p1a: just my onion|329\/404|[from] Stealth Rock
|move|p2a: Manaphy|Rain Dance|p2a: Manaphy
|-weather|RainDance
|
|-weather|RainDance|[upkeep]
|-curestatus|p2a: Manaphy|tox
|-heal|p2a: Manaphy|214\/377|[from] item: Leftovers
|-heal|p1a: just my onion|354\/404|[from] item: Leftovers
|turn|29
|
|switch|p2a: Metagross|Metagross-Mega|230\/301
|-damage|p2a: Metagross|212\/301|[from] Stealth Rock
|move|p1a: just my onion|Baton Pass|p1a: just my onion
|
|switch|p1a: still bigger than|Manaphy|299\/341 tox
|-damage|p1a: still bigger than|257\/341 tox|[from] Stealth Rock
|
|-weather|RainDance|[upkeep]
|-curestatus|p1a: still bigger than|tox
|-heal|p1a: still bigger than|278\/341|[from] item: Leftovers
|turn|30
|
|move|p2a: Metagross|Zen Headbutt|p1a: still bigger than
|-damage|p1a: still bigger than|61\/341
|move|p1a: still bigger than|Scald|p2a: Metagross
|-damage|p2a: Metagross|23\/301
|
|-weather|RainDance|[upkeep]
|-heal|p1a: still bigger than|82\/341|[from] item: Leftovers
|turn|31
|join|chumped
|
|switch|p1a: im walling everyth|Mandibuzz, F|423\/423
|-damage|p1a: im walling everyth|318\/423|[from] Stealth Rock
|move|p2a: Metagross|Hammer Arm|p1a: im walling everyth
|-crit|p1a: im walling everyth
|-damage|p1a: im walling everyth|135\/423
|-unboost|p2a: Metagross|spe|1
|
|-weather|RainDance|[upkeep]
|turn|32
|
|move|p2a: Metagross|Ice Punch|p1a: im walling everyth
|-supereffective|p1a: im walling everyth
|-damage|p1a: im walling everyth|0 fnt
|faint|p1a: im walling everyth
|
|-weather|none
|
|switch|p1a: Couture|Lopunny-Mega, F|255\/271
|-damage|p1a: Couture|239\/271|[from] Stealth Rock
|turn|33
|
|switch|p2a: Manaphy|Manaphy|214\/377
|-damage|p2a: Manaphy|167\/377|[from] Stealth Rock
|move|p1a: Couture|Power-Up Punch|p2a: Manaphy
|-damage|p2a: Manaphy|110\/377
|-boost|p1a: Couture|atk|1
|
|-heal|p2a: Manaphy|133\/377|[from] item: Leftovers
|turn|34
|
|move|p1a: Couture|Return|p2a: Manaphy
|-damage|p2a: Manaphy|0 fnt
|faint|p2a: Manaphy
|
|
|switch|p2a: Landorus-Therian|Landorus-Therian, M|197\/337
|-damage|p2a: Landorus-Therian|155\/337|[from] Stealth Rock
|-ability|p2a: Landorus-Therian|Intimidate|[of] p1a: Couture
|-unboost|p1a: Couture|atk|1
|turn|35
|join|TOTEMO
|
|move|p1a: Couture|Return|p2a: Landorus-Therian
|-damage|p2a: Landorus-Therian|0 fnt
|faint|p2a: Landorus-Therian
|
|leave|Chave
|c| heyylmoa|Los Memes
|
|switch|p2a: Azumarill|Azumarill, M|350\/399
|-damage|p2a: Azumarill|301\/399|[from] Stealth Rock
|turn|36
|join|Chave
|
|switch|p1a: still bigger than|Manaphy|82\/341
|-damage|p1a: still bigger than|40\/341|[from] Stealth Rock
|move|p2a: Azumarill|Play Rough|p1a: still bigger than
|-damage|p1a: still bigger than|0 fnt
|faint|p1a: still bigger than
|
|
|switch|p1a: just my onion|Celebi|354\/404
|-damage|p1a: just my onion|304\/404|[from] Stealth Rock
|turn|37
|
|move|p1a: just my onion|Baton Pass|p1a: just my onion
|
|switch|p1a: bean curd puff|Heatran, M|234\/386
|-damage|p1a: bean curd puff|186\/386|[from] Stealth Rock
|move|p2a: Azumarill|Play Rough|p1a: bean curd puff
|-resisted|p1a: bean curd puff
|-damage|p1a: bean curd puff|121\/386
|-unboost|p1a: bean curd puff|atk|1
|
|-heal|p1a: bean curd puff|145\/386|[from] item: Leftovers
|turn|38
|
|switch|p2a: Latias|Latias, F|173\/301 brn
|-damage|p2a: Latias|136\/301 brn|[from] Stealth Rock
|move|p1a: bean curd puff|Earth Power|p2a: Latias
|-immune|p2a: Latias|[msg]
|
|-heal|p1a: bean curd puff|169\/386|[from] item: Leftovers
|-damage|p2a: Latias|99\/301 brn|[from] brn
|turn|39
|
|switch|p1a: Couture|Lopunny-Mega, F|239\/271
|-damage|p1a: Couture|223\/271|[from] Stealth Rock
|move|p2a: Latias|Healing Wish|p2a: Latias
|faint|p2a: Latias
|
|c| you are infant|Ayy lmao
|
|switch|p2a: Metagross|Metagross-Mega|23\/301
|-heal|p2a: Metagross|301\/301|[from] move: Healing Wish
|-damage|p2a: Metagross|283\/301|[from] Stealth Rock
|turn|40
|
|move|p1a: Couture|Fake Out|p2a: Metagross
|-resisted|p2a: Metagross
|-damage|p2a: Metagross|256\/301
|cant|p2a: Metagross|flinch
|
|turn|41
|c| heyylmoa|what an infant
|join|Druides
|
|switch|p1a: bean curd puff|Heatran, M|169\/386
|-damage|p1a: bean curd puff|121\/386|[from] Stealth Rock
|move|p2a: Metagross|Zen Headbutt|p1a: bean curd puff
|-resisted|p1a: bean curd puff
|-damage|p1a: bean curd puff|27\/386
|
|-heal|p1a: bean curd puff|51\/386|[from] item: Leftovers
|turn|42
|c|âlil manaphy|gee if only my scizor wasnt frozen turn 2
|c|âlil manaphy|had pursuit
|c|+TOTEMO|you still won
|
|move|p2a: Metagross|Zen Headbutt|p1a: bean curd puff
|-resisted|p1a: bean curd puff
|-damage|p1a: bean curd puff|0 fnt
|faint|p1a: bean curd puff
|
|c|+TOTEMO|if you wernt retarded
|c| Updated Kanto|if
|c|+TOTEMO|!
|c| Updated Kanto|ONLY
|
|switch|p1a: Couture|Lopunny-Mega, F|223\/271
|-damage|p1a: Couture|207\/271|[from] Stealth Rock
|turn|43
|c| heyylmoa|totemo dont say that
|c| heyylmoa|THATS MEAN!
|c| Ary|totemo is kind of right
|
|move|p1a: Couture|Fake Out|p2a: Metagross
|-resisted|p2a: Metagross
|-damage|p2a: Metagross|230\/301
|cant|p2a: Metagross|flinch
|
|turn|44
|c| Ary|she literally has an offense cteam
|c| heyylmoa|but still strokes
|
|move|p1a: Couture|Drain Punch|p2a: Metagross
|-damage|p2a: Metagross|131\/301
|-heal|p1a: Couture|257\/271|[from] drain|[of] p2a: Metagross
|move|p2a: Metagross|Zen Headbutt|p1a: Couture
|-supereffective|p1a: Couture
|-damage|p1a: Couture|0 fnt
|faint|p1a: Couture
|
|c| heyylmoa|kinda epic.
|c| Ary|DPUNCH LOPP
|c| heyylmoa|THE GOOD MOVE
|
|switch|p1a: just my onion|Celebi|304\/404
|-damage|p1a: just my onion|254\/404|[from] Stealth Rock
|turn|45
|c| you are infant|pup dpunch
|c| Ary|holy shit the only reason lopp can do dmg
|
|move|p2a: Metagross|Ice Punch|p1a: just my onion
|-supereffective|p1a: just my onion
|-damage|p1a: just my onion|12\/404
|move|p1a: just my onion|Recover|p1a: just my onion
|-heal|p1a: just my onion|214\/404
|
|-heal|p1a: just my onion|239\/404|[from] item: Leftovers
|turn|46
|c| you are infant|lmao
|c| Ary|is because of it's high powered stabs
|
|move|p2a: Metagross|Ice Punch|p1a: just my onion
|-supereffective|p1a: just my onion
|-damage|p1a: just my onion|0 fnt
|faint|p1a: just my onion
|
|win|for youuuu
|raw|Ladder updating...
|c| Ary|and you forego that
|c|âlil manaphy|doesnt matter
|c|âlil manaphy|bgggg
|c| Ary|for needless recovery?
|leave|I'm Rick Astley
|raw|lil manaphy's rating: 1793 &rarr; <strong>1763<\/strong><br \/>(-30 for losing)
|raw|for youuuu's rating: 1606 &rarr; <strong>1636<\/strong><br \/>(+30 for winning)
|c|+TOTEMO|bg!!1!11!!!1]
|c| Updated Kanto|>bg
|leave|TOTEMO
|leave|lil manaphy
|c| Updated Kanto|JEWMAD
|leave|Ary
|c| heyylmoa|DONT U DARE
|c| heyylmoa|SAY GG
|leave|Updated Kanto
|leave|you are infant
|leave|Druides
|player|p1
|leave|heyylmoa
|leave|Chave
|leave|chumped