|join|maxpotterzerk
|join|FKA Mence
|player|p1|maxpotterzerk|169
|player|p2|FKA Mence|100
|gametype|singles
|gen|6
|tier|OU
|rated
|clearpoke
|poke|p1|Metagross, shiny
|poke|p1|Tyranitar, F, shiny
|poke|p1|Greninja, M, shiny
|poke|p1|Magnezone
|poke|p1|Azumarill, M
|poke|p1|Breloom, F, shiny
|poke|p2|Clefable, F
|poke|p2|Sableye, F
|poke|p2|Ferrothorn, F
|poke|p2|Gliscor, F
|poke|p2|Slowbro, M
|poke|p2|Heatran, M
|rule|Swagger Clause: Swagger is banned
|rule|Baton Pass Clause: Limit one PokÃ©mon knowing Baton Pass
|rule|Sleep Clause Mod: Limit one foe put to sleep
|rule|Species Clause: Limit one of each PokÃ©mon
|rule|OHKO Clause: OHKO moves are banned
|rule|Moody Clause: Moody is banned
|rule|Evasion Moves Clause: Evasion moves are banned
|rule|Endless Battle Clause: Forcing endless battles is banned
|rule|HP Percentage Mod: HP is shown in percentages
|teampreview
|c|âmaxpotterzerk|lmao
|c|âmaxpotterzerk|ok kiddo.
|c|âFKA Mence|?
|
|start
|switch|p1a: Azumarill|Azumarill, M|403\/403
|switch|p2a: run da jewels|Gliscor, F|353\/353
|turn|1
|
|switch|p1a: Greninja|Greninja, M, shiny|285\/285
|move|p2a: run da jewels|Earthquake|p1a: Greninja
|-damage|p1a: Greninja|99\/285
|
|-status|p2a: run da jewels|tox|[from] item: Toxic Orb
|turn|2
|
|switch|p2a: all day nigga|Ferrothorn, F|352\/352
|move|p1a: Greninja|Ice Beam|p2a: all day nigga
|-start|p1a: Greninja|typechange|Ice|[from] Protean
|-damage|p2a: all day nigga|219\/352
|-damage|p1a: Greninja|71\/285|[from] item: Life Orb
|
|-heal|p2a: all day nigga|241\/352|[from] item: Leftovers
|turn|3
|
|move|p1a: Greninja|Low Kick|p2a: all day nigga
|-start|p1a: Greninja|typechange|Fighting|[from] Protean
|-supereffective|p2a: all day nigga
|-damage|p2a: all day nigga|38\/352
|-damage|p1a: Greninja|36\/285|[from] ability: Iron Barbs|[of] p2a: all day nigga
|-damage|p1a: Greninja|8\/285|[from] item: Life Orb
|move|p2a: all day nigga|Spikes|p1a: Greninja
|-sidestart|p1: maxpotterzerk|Spikes
|
|-heal|p2a: all day nigga|60\/352|[from] item: Leftovers
|turn|4
|
|move|p2a: all day nigga|Protect|p2a: all day nigga
|-singleturn|p2a: all day nigga|Protect
|move|p1a: Greninja|Dark Pulse|p2a: all day nigga
|-start|p1a: Greninja|typechange|Dark|[from] Protean
|-activate|p2a: all day nigga|Protect
|
|-heal|p2a: all day nigga|82\/352|[from] item: Leftovers
|turn|5
|
|switch|p2a: purity ring|Clefable, F|393\/393
|move|p1a: Greninja|Gunk Shot|p2a: purity ring
|-start|p1a: Greninja|typechange|Poison|[from] Protean
|-supereffective|p2a: purity ring
|-damage|p2a: purity ring|0 fnt
|-damage|p1a: Greninja|0 fnt|[from] item: Life Orb
|faint|p2a: purity ring
|faint|p1a: Greninja
|
|
|switch|p2a: run da jewels|Gliscor, F|353\/353 tox
|switch|p1a: Azumarill|Azumarill, M|403\/403
|-damage|p1a: Azumarill|353\/403|[from] Spikes
|turn|6
|
|switch|p2a: all day nigga|Ferrothorn, F|82\/352
|move|p1a: Azumarill|Waterfall|p2a: all day nigga
|-crit|p2a: all day nigga
|-resisted|p2a: all day nigga
|-damage|p2a: all day nigga|0 fnt
|-damage|p1a: Azumarill|303\/403|[from] ability: Iron Barbs|[of] p2a: all day nigga
|faint|p2a: all day nigga
|
|c|âFKA Mence|hm
|
|switch|p2a: parasitic|Sableye, F|304\/304
|turn|7
|
|switch|p1a: Magnezone|Magnezone|343\/343
|-damage|p1a: Magnezone|301\/343|[from] Spikes
|detailschange|p2a: parasitic|Sableye-Mega, F
|-mega|p2a: parasitic|Sableye|Sablenite
|move|p2a: parasitic|Will-O-Wisp|p1a: Magnezone
|-status|p1a: Magnezone|brn
|
|-damage|p1a: Magnezone|259\/343 brn|[from] brn
|turn|8
|
|move|p1a: Magnezone|Flash Cannon|p2a: parasitic
|-damage|p2a: parasitic|192\/304
|move|p2a: parasitic|Metal Burst|p1a: Magnezone
|-damage|p1a: Magnezone|91\/343 brn
|
|-damage|p1a: Magnezone|49\/343 brn|[from] brn
|turn|9
|
|move|p1a: Magnezone|Volt Switch|p2a: parasitic
|-damage|p2a: parasitic|102\/304
|
|switch|p1a: Azumarill|Azumarill, M|303\/403
|-damage|p1a: Azumarill|253\/403|[from] Spikes
|move|p2a: parasitic|Recover|p2a: parasitic
|-heal|p2a: parasitic|254\/304
|
|turn|10
|
|move|p1a: Azumarill|Play Rough|p2a: parasitic
|-supereffective|p2a: parasitic
|-damage|p2a: parasitic|0 fnt
|faint|p2a: parasitic
|
|
|switch|p2a: hey lol|Slowbro, M|394\/394
|turn|11
|
|switch|p1a: Magnezone|Magnezone|49\/343 brn
|-damage|p1a: Magnezone|7\/343 brn|[from] Spikes
|move|p2a: hey lol|Thunder Wave|p1a: Magnezone
|-fail|p1a: Magnezone
|
|-damage|p1a: Magnezone|0 fnt|[from] brn
|faint|p1a: Magnezone
|
|switch|p1a: Breloom|Breloom, F, shiny|261\/261
|-damage|p1a: Breloom|229\/261|[from] Spikes
|turn|12
|
|switch|p2a: run da jewels|Gliscor, F|353\/353 tox
|move|p1a: Breloom|Bullet Seed|p2a: run da jewels
|-damage|p2a: run da jewels|311\/353 tox
|-damage|p2a: run da jewels|269\/353 tox
|-hitcount|p2a: run da jewels|2
|
|-heal|p2a: run da jewels|313\/353 tox|[from] ability: Poison Heal
|turn|13
|
|move|p1a: Breloom|Bullet Seed|p2a: run da jewels
|-damage|p2a: run da jewels|274\/353 tox
|-damage|p2a: run da jewels|232\/353 tox
|-damage|p2a: run da jewels|192\/353 tox
|-damage|p2a: run da jewels|149\/353 tox
|-crit|p2a: run da jewels
|-damage|p2a: run da jewels|89\/353 tox
|-hitcount|p2a: run da jewels|5
|move|p2a: run da jewels|Acrobatics|p1a: Breloom
|-supereffective|p1a: Breloom
|-damage|p1a: Breloom|0 fnt
|faint|p1a: Breloom
|
|-heal|p2a: run da jewels|133\/353 tox|[from] ability: Poison Heal
|
|switch|p1a: Tyranitar|Tyranitar, F, shiny|341\/341
|-damage|p1a: Tyranitar|299\/341|[from] Spikes
|-weather|Sandstorm
|turn|14
|
|move|p1a: Tyranitar|Dragon Dance|p1a: Tyranitar
|-boost|p1a: Tyranitar|atk|1
|-boost|p1a: Tyranitar|spe|1
|move|p2a: run da jewels|Roost|p2a: run da jewels
|-heal|p2a: run da jewels|310\/353 tox
|
|-weather|Sandstorm|[upkeep]
|-heal|p1a: Tyranitar|320\/341|[from] item: Leftovers
|-heal|p2a: run da jewels|353\/353 tox|[from] ability: Poison Heal
|turn|15
|
|move|p1a: Tyranitar|Dragon Dance|p1a: Tyranitar
|-boost|p1a: Tyranitar|atk|1
|-boost|p1a: Tyranitar|spe|1
|move|p2a: run da jewels|Earthquake|p1a: Tyranitar
|-supereffective|p1a: Tyranitar
|-damage|p1a: Tyranitar|102\/341
|
|-weather|Sandstorm|[upkeep]
|-heal|p1a: Tyranitar|123\/341|[from] item: Leftovers
|turn|16
|
|move|p1a: Tyranitar|Ice Punch|p2a: run da jewels
|-supereffective|p2a: run da jewels
|-damage|p2a: run da jewels|0 fnt
|faint|p2a: run da jewels
|
|-weather|Sandstorm|[upkeep]
|-heal|p1a: Tyranitar|144\/341|[from] item: Leftovers
|
|switch|p2a: pretend|Heatran, M|385\/385
|turn|17
|
|move|p1a: Tyranitar|Stone Edge|p2a: pretend
|-damage|p2a: pretend|52\/385
|move|p2a: pretend|Toxic|p1a: Tyranitar
|-status|p1a: Tyranitar|tox
|
|-weather|Sandstorm|[upkeep]
|-heal|p1a: Tyranitar|165\/341 tox|[from] item: Leftovers
|-heal|p2a: pretend|76\/385|[from] item: Leftovers
|-damage|p1a: Tyranitar|144\/341 tox|[from] psn
|turn|18
|
|move|p2a: pretend|Protect|p2a: pretend
|-singleturn|p2a: pretend|Protect
|move|p1a: Tyranitar|Crunch|p2a: pretend
|-activate|p2a: pretend|Protect
|
|-weather|none
|-heal|p1a: Tyranitar|165\/341 tox|[from] item: Leftovers
|-heal|p2a: pretend|100\/385|[from] item: Leftovers
|-damage|p1a: Tyranitar|123\/341 tox|[from] psn
|turn|19
|
|move|p2a: pretend|Protect|p2a: pretend
|-singleturn|p2a: pretend|Protect
|move|p1a: Tyranitar|Crunch|p2a: pretend
|-activate|p2a: pretend|Protect
|
|-heal|p1a: Tyranitar|144\/341 tox|[from] item: Leftovers
|-heal|p2a: pretend|124\/385|[from] item: Leftovers
|-damage|p1a: Tyranitar|81\/341 tox|[from] psn
|turn|20
|
|move|p2a: pretend|Protect|p2a: pretend
|-fail|p2a: pretend
|move|p1a: Tyranitar|Crunch|p2a: pretend
|-damage|p2a: pretend|0 fnt
|faint|p2a: pretend
|
|-heal|p1a: Tyranitar|102\/341 tox|[from] item: Leftovers
|-damage|p1a: Tyranitar|18\/341 tox|[from] psn
|
|switch|p2a: hey lol|Slowbro, M|394\/394
|turn|21
|
|move|p1a: Tyranitar|Crunch|p2a: hey lol
|-supereffective|p2a: hey lol
|-damage|p2a: hey lol|14\/394
|-unboost|p2a: hey lol|def|1
|move|p2a: hey lol|Slack Off|p2a: hey lol
|-heal|p2a: hey lol|211\/394
|
|-heal|p1a: Tyranitar|39\/341 tox|[from] item: Leftovers
|-heal|p2a: hey lol|235\/394|[from] item: Leftovers
|-damage|p1a: Tyranitar|0 fnt|[from] psn
|faint|p1a: Tyranitar
|c|âFKA Mence|was that bd azum
|
|switch|p1a: Azumarill|Azumarill, M|253\/403
|-damage|p1a: Azumarill|203\/403|[from] Spikes
|turn|22
|
|move|p1a: Azumarill|Play Rough|p2a: hey lol
|-damage|p2a: hey lol|0 fnt
|faint|p2a: hey lol
|
|win|maxpotterzerk
|raw|Ladder updating...
|raw|maxpotterzerk's rating: 1618 &rarr; <strong>1633<\/strong><br \/>(+15 for winning)
|raw|FKA Mence's rating: 1537 &rarr; <strong>1522<\/strong><br \/>(-15 for losing)
|c|âFKA Mence|yea
|c|âFKA Mence|annoying
|leave|FKA Mence
|player|p2