|join|icening
|join|bossboss
|player|p1|icening|156
|player|p2|bossboss|101
|gametype|singles
|gen|6
|tier|OU
|rated
|clearpoke
|poke|p1|Swampert, F
|poke|p1|Politoed, M
|poke|p1|Celebi
|poke|p1|Manaphy
|poke|p1|Klefki, M
|poke|p1|Magnezone, shiny
|poke|p2|Greninja, M
|poke|p2|Bisharp, F
|poke|p2|Garchomp, M
|poke|p2|Talonflame, F
|poke|p2|Keldeo
|poke|p2|Lopunny, F
|rule|Swagger Clause: Swagger is banned
|rule|Baton Pass Clause: Limit one PokÃ©mon knowing Baton Pass
|rule|Sleep Clause Mod: Limit one foe put to sleep
|rule|Species Clause: Limit one of each PokÃ©mon
|rule|OHKO Clause: OHKO moves are banned
|rule|Moody Clause: Moody is banned
|rule|Evasion Moves Clause: Evasion moves are banned
|rule|Endless Battle Clause: Forcing endless battles is banned
|rule|HP Percentage Mod: HP is shown in percentages
|teampreview
|
|start
|switch|p1a: Splash|Swampert, F|391\/391
|switch|p2a: Lopunny|Lopunny, F|271\/271
|turn|1
|
|detailschange|p2a: Lopunny|Lopunny-Mega, F
|message|Lopunny has Mega Evolved into Mega Lopunny!
|detailschange|p1a: Splash|Swampert-Mega, F
|message|Swampert has Mega Evolved into Mega Swampert!
|move|p2a: Lopunny|Power-Up Punch|p1a: Splash
|-damage|p1a: Splash|327\/391
|-boost|p2a: Lopunny|atk|1
|move|p1a: Splash|Earthquake|p2a: Lopunny
|-damage|p2a: Lopunny|24\/271
|
|turn|2
|
|move|p2a: Lopunny|High Jump Kick|p1a: Splash
|-damage|p1a: Splash|0 fnt
|faint|p1a: Splash
|
|
|switch|p1a: Celebi|Celebi|404\/404
|turn|3
|
|move|p2a: Lopunny|Return|p1a: Celebi
|-damage|p1a: Celebi|107\/404
|move|p1a: Celebi|Psychic|p2a: Lopunny
|-supereffective|p2a: Lopunny
|-damage|p2a: Lopunny|0 fnt
|faint|p2a: Lopunny
|
|-heal|p1a: Celebi|132\/404|[from] item: Leftovers
|
|switch|p2a: Talonflame|Talonflame, F|317\/317
|turn|4
|join|kullhadd hekk
|
|switch|p1a: Ollie|Politoed, M|384\/384
|-weather|RainDance
|move|p2a: Talonflame|Swords Dance|p2a: Talonflame
|-boost|p2a: Talonflame|atk|2
|
|-weather|RainDance|[upkeep]
|turn|5
|
|switch|p1a: Celebi|Celebi|132\/404
|move|p2a: Talonflame|Acrobatics|p1a: Celebi
|-supereffective|p1a: Celebi
|-damage|p1a: Celebi|0 fnt
|faint|p1a: Celebi
|
|-weather|RainDance|[upkeep]
|
|switch|p1a: Klefki|Klefki, M|318\/318
|turn|6
|
|move|p1a: Klefki|Reflect|p1a: Klefki
|-sidestart|p1: icening|Reflect
|move|p2a: Talonflame|Swords Dance|p2a: Talonflame
|-boost|p2a: Talonflame|atk|2
|
|-weather|RainDance|[upkeep]
|turn|7
|
|move|p1a: Klefki|Thunder Wave|p2a: Talonflame
|-status|p2a: Talonflame|par
|move|p2a: Talonflame|Flare Blitz|p1a: Klefki
|-supereffective|p1a: Klefki
|-damage|p1a: Klefki|150\/318
|-damage|p2a: Talonflame|262\/317 par|[from] recoil|[of] p1a: Klefki
|
|-weather|RainDance|[upkeep]
|turn|8
|
|move|p1a: Klefki|Foul Play|p2a: Talonflame
|-damage|p2a: Talonflame|0 fnt
|faint|p2a: Talonflame
|
|-weather|RainDance|[upkeep]
|
|switch|p2a: Garchomp|Garchomp, M|357\/357
|turn|9
|
|switch|p1a: Manaphy|Manaphy|341\/341
|move|p2a: Garchomp|Earthquake|p1a: Manaphy
|-damage|p1a: Manaphy|253\/341
|
|-weather|RainDance|[upkeep]
|-heal|p1a: Manaphy|274\/341|[from] item: Leftovers
|turn|10
|
|move|p2a: Garchomp|Stealth Rock|p1a: Manaphy
|-sidestart|p1: icening|move: Stealth Rock
|move|p1a: Manaphy|Scald|p2a: Garchomp
|-damage|p2a: Garchomp|168\/357
|
|-weather|RainDance|[upkeep]
|-heal|p1a: Manaphy|295\/341|[from] item: Leftovers
|turn|11
|
|move|p2a: Garchomp|Earthquake|p1a: Manaphy
|-damage|p1a: Manaphy|211\/341
|move|p1a: Manaphy|Scald|p2a: Garchomp
|-damage|p2a: Garchomp|0 fnt
|faint|p2a: Garchomp
|
|-weather|none
|-heal|p1a: Manaphy|232\/341|[from] item: Leftovers
|join|lil manaphy
|
|switch|p2a: Greninja|Greninja, M|285\/285
|turn|12
|join|Snoop Doggg
|
|switch|p1a: Sterling|Magnezone, shiny|282\/282
|-damage|p1a: Sterling|265\/282|[from] Stealth Rock
|move|p2a: Greninja|Hydro Pump|p1a: Sterling
|-start|p2a: Greninja|typechange|Water|[from] Protean
|-crit|p1a: Sterling
|-damage|p1a: Sterling|0 fnt
|-damage|p2a: Greninja|257\/285|[from] item: Life Orb
|faint|p1a: Sterling
|
|
|switch|p1a: Klefki|Klefki, M|150\/318
|-damage|p1a: Klefki|131\/318|[from] Stealth Rock
|turn|13
|
|move|p1a: Klefki|Light Screen|p1a: Klefki
|-sidestart|p1: icening|move: Light Screen
|move|p2a: Greninja|Hydro Pump|p1a: Klefki
|-damage|p1a: Klefki|6\/318
|-damage|p2a: Greninja|229\/285|[from] item: Life Orb
|
|-sideend|p1: icening|Reflect
|turn|14
|
|move|p1a: Klefki|Reflect|p1a: Klefki
|-sidestart|p1: icening|Reflect
|move|p2a: Greninja|Hydro Pump|p1a: Klefki
|-damage|p1a: Klefki|0 fnt
|-damage|p2a: Greninja|201\/285|[from] item: Life Orb
|faint|p1a: Klefki
|
|
|switch|p1a: Ollie|Politoed, M|384\/384
|-damage|p1a: Ollie|336\/384|[from] Stealth Rock
|-weather|RainDance
|turn|15
|
|switch|p1a: Manaphy|Manaphy|232\/341
|-damage|p1a: Manaphy|190\/341|[from] Stealth Rock
|move|p2a: Greninja|Gunk Shot|p1a: Manaphy
|-start|p2a: Greninja|typechange|Poison|[from] Protean
|-damage|p1a: Manaphy|106\/341
|-status|p1a: Manaphy|psn
|-damage|p2a: Greninja|173\/285|[from] item: Life Orb
|
|-weather|RainDance|[upkeep]
|-curestatus|p1a: Manaphy|psn
|-heal|p1a: Manaphy|127\/341|[from] item: Leftovers
|turn|16
|
|move|p2a: Greninja|Dark Pulse|p1a: Manaphy
|-start|p2a: Greninja|typechange|Dark|[from] Protean
|-damage|p1a: Manaphy|46\/341
|-damage|p2a: Greninja|145\/285|[from] item: Life Orb
|cant|p1a: Manaphy|flinch
|
|-weather|RainDance|[upkeep]
|-heal|p1a: Manaphy|67\/341|[from] item: Leftovers
|turn|17
|
|move|p2a: Greninja|Dark Pulse|p1a: Manaphy
|-damage|p1a: Manaphy|0 fnt
|-damage|p2a: Greninja|117\/285|[from] item: Life Orb
|faint|p1a: Manaphy
|
|-weather|RainDance|[upkeep]
|
|switch|p1a: Ollie|Politoed, M|336\/384
|-damage|p1a: Ollie|288\/384|[from] Stealth Rock
|turn|18
|
|move|p2a: Greninja|Hydro Pump|p1a: Ollie
|-start|p2a: Greninja|typechange|Water|[from] Protean
|-resisted|p1a: Ollie
|-damage|p1a: Ollie|231\/384
|-damage|p2a: Greninja|89\/285|[from] item: Life Orb
|move|p1a: Ollie|Scald|p2a: Greninja
|-resisted|p2a: Greninja
|-damage|p2a: Greninja|2\/285
|-status|p2a: Greninja|brn
|
|-weather|RainDance|[upkeep]
|-damage|p2a: Greninja|0 fnt|[from] brn
|faint|p2a: Greninja
|
|switch|p2a: Keldeo|Keldeo|323\/323
|turn|19
|
|move|p2a: Keldeo|Secret Sword|p1a: Ollie
|-damage|p1a: Ollie|86\/384
|move|p1a: Ollie|Toxic|p2a: Keldeo|[miss]
|-miss|p1a: Ollie|p2a: Keldeo
|
|-weather|RainDance|[upkeep]
|turn|20
|
|move|p2a: Keldeo|Secret Sword|p1a: Ollie
|-damage|p1a: Ollie|0 fnt
|faint|p1a: Ollie
|
|win|bossboss
|raw|Ladder updating...
|join|ThunderBalt
|leave|icening
|player|p1