|join|bossboss
|join|josie1129
|player|p1|bossboss|169
|player|p2|josie1129|169
|gametype|singles
|gen|6
|tier|OU
|rated
|clearpoke
|poke|p1|Celebi
|poke|p1|Camerupt, F
|poke|p1|Uxie
|poke|p1|Conkeldurr, F
|poke|p1|Crawdaunt, F
|poke|p1|Cresselia, F
|poke|p2|Latios, M
|poke|p2|Jirachi
|poke|p2|Heatran, M
|poke|p2|Landorus-Therian, M
|poke|p2|Rotom-Wash
|poke|p2|Sableye, F
|rule|Swagger Clause: Swagger is banned
|rule|Baton Pass Clause: Limit one PokÃ©mon knowing Baton Pass
|rule|Sleep Clause Mod: Limit one foe put to sleep
|rule|Species Clause: Limit one of each PokÃ©mon
|rule|OHKO Clause: OHKO moves are banned
|rule|Moody Clause: Moody is banned
|rule|Evasion Moves Clause: Evasion moves are banned
|rule|Endless Battle Clause: Forcing endless battles is banned
|rule|HP Percentage Mod: HP is shown in percentages
|teampreview
|
|start
|switch|p1a: Uxie|Uxie|354\/354
|switch|p2a: Sableye|Sableye, F|304\/304
|turn|1
|
|detailschange|p2a: Sableye|Sableye-Mega, F
|message|Sableye has Mega Evolved into Mega Sableye!
|move|p1a: Uxie|Magic Coat|p1a: Uxie
|-singleturn|p1a: Uxie|move: Magic Coat
|move|p2a: Sableye|Knock Off|p1a: Uxie
|-supereffective|p1a: Uxie
|-damage|p1a: Uxie|228\/354
|-enditem|p1a: Uxie|Red Card|[from] move: Knock Off|[of] p2a: Sableye
|
|turn|2
|
|move|p1a: Uxie|Stealth Rock|p2a: Sableye
|move|p2a: Sableye|Stealth Rock|p1a: Uxie|[from]Magic Bounce
|-sidestart|p1: bossboss|move: Stealth Rock
|move|p2a: Sableye|Knock Off|p1a: Uxie
|-supereffective|p1a: Uxie
|-damage|p1a: Uxie|148\/354
|
|turn|3
|
|move|p2a: Sableye|Foul Play|p1a: Uxie
|-supereffective|p1a: Uxie
|-damage|p1a: Uxie|38\/354
|move|p1a: Uxie|Trick Room|p1a: Uxie
|-fieldstart|move: Trick Room|[of] p1a: Uxie
|
|turn|4
|
|move|p2a: Sableye|Knock Off|p1a: Uxie
|-supereffective|p1a: Uxie
|-damage|p1a: Uxie|0 fnt
|faint|p1a: Uxie
|
|
|switch|p1a: Camerupt|Camerupt, F|344\/344
|-damage|p1a: Camerupt|301\/344|[from] Stealth Rock
|turn|5
|
|switch|p2a: Latios|Latios, M|302\/302
|detailschange|p1a: Camerupt|Camerupt-Mega, F
|message|Camerupt has Mega Evolved into Mega Camerupt!
|move|p1a: Camerupt|Hidden Power|p2a: Latios
|-resisted|p2a: Latios
|-damage|p2a: Latios|263\/302
|
|turn|6
|
|switch|p1a: Celebi|Celebi|404\/404
|-damage|p1a: Celebi|354\/404|[from] Stealth Rock
|move|p2a: Latios|Draco Meteor|p1a: Celebi
|-damage|p1a: Celebi|146\/404
|-unboost|p2a: Latios|spa|2
|-damage|p2a: Latios|233\/302|[from] item: Life Orb
|
|-heal|p1a: Celebi|171\/404|[from] item: Leftovers
|turn|7
|
|switch|p2a: Jirachi|Jirachi|404\/404
|move|p1a: Celebi|U-turn|p2a: Jirachi
|-damage|p2a: Jirachi|348\/404
|
|switch|p1a: Camerupt|Camerupt-Mega, F|301\/344
|-damage|p1a: Camerupt|258\/344|[from] Stealth Rock
|
|-heal|p2a: Jirachi|373\/404|[from] item: Leftovers
|-fieldend|move: Trick Room
|turn|8
|
|switch|p2a: Latios|Latios, M|233\/302
|move|p1a: Camerupt|Hidden Power|p2a: Latios
|-crit|p2a: Latios
|-resisted|p2a: Latios
|-damage|p2a: Latios|171\/302
|
|turn|9
|
|switch|p1a: Cresselia|Cresselia, F|444\/444
|-damage|p1a: Cresselia|389\/444|[from] Stealth Rock
|move|p2a: Latios|Draco Meteor|p1a: Cresselia|[miss]
|-miss|p2a: Latios|p1a: Cresselia
|
|turn|10
|
|switch|p2a: Heatran|Heatran, M|386\/386
|move|p1a: Cresselia|Trick Room|p1a: Cresselia
|-fieldstart|move: Trick Room|[of] p1a: Cresselia
|
|turn|11
|
|switch|p1a: Conkeldurr|Conkeldurr, F|351\/351
|-damage|p1a: Conkeldurr|330\/351|[from] Stealth Rock
|move|p2a: Heatran|Lava Plume|p1a: Conkeldurr
|-damage|p1a: Conkeldurr|252\/351
|
|turn|12
|
|move|p2a: Heatran|Protect|p2a: Heatran
|-singleturn|p2a: Heatran|Protect
|move|p1a: Conkeldurr|Knock Off|p2a: Heatran
|-activate|p2a: Heatran|Protect
|
|turn|13
|
|switch|p2a: Sableye|Sableye-Mega, F|304\/304
|move|p1a: Conkeldurr|Knock Off|p2a: Sableye
|-damage|p2a: Sableye|253\/304
|
|turn|14
|
|switch|p1a: Camerupt|Camerupt-Mega, F|258\/344
|-damage|p1a: Camerupt|215\/344|[from] Stealth Rock
|move|p2a: Sableye|Knock Off|p1a: Camerupt
|-crit|p1a: Camerupt
|-damage|p1a: Camerupt|119\/344
|
|-fieldend|move: Trick Room
|turn|15
|
|switch|p2a: Latios|Latios, M|171\/302
|move|p1a: Camerupt|Fire Blast|p2a: Latios
|-resisted|p2a: Latios
|-damage|p2a: Latios|32\/302
|
|turn|16
|
|switch|p1a: Cresselia|Cresselia, F|389\/444
|-damage|p1a: Cresselia|334\/444|[from] Stealth Rock
|move|p2a: Latios|Roost|p2a: Latios
|-heal|p2a: Latios|183\/302
|
|turn|17
|
|switch|p2a: Jirachi|Jirachi|373\/404
|move|p1a: Cresselia|Trick Room|p1a: Cresselia
|-fieldstart|move: Trick Room|[of] p1a: Cresselia
|
|-heal|p2a: Jirachi|398\/404|[from] item: Leftovers
|turn|18
|
|move|p1a: Cresselia|Lunar Dance|p1a: Cresselia
|faint|p1a: Cresselia
|move|p2a: Jirachi|Substitute|p2a: Jirachi
|-start|p2a: Jirachi|Substitute
|-damage|p2a: Jirachi|297\/404
|
|-heal|p2a: Jirachi|322\/404|[from] item: Leftovers
|
|switch|p1a: Camerupt|Camerupt-Mega, F|119\/344
|-heal|p1a: Camerupt|344\/344|[from] move: Lunar Dance
|-damage|p1a: Camerupt|301\/344|[from] Stealth Rock
|turn|19
|
|move|p1a: Camerupt|Earth Power|p2a: Jirachi
|-supereffective|p2a: Jirachi
|-end|p2a: Jirachi|Substitute
|move|p2a: Jirachi|Toxic|p1a: Camerupt
|-status|p1a: Camerupt|tox
|
|-heal|p2a: Jirachi|347\/404|[from] item: Leftovers
|-damage|p1a: Camerupt|280\/344 tox|[from] psn
|turn|20
|
|switch|p2a: Rotom-Wash|Rotom-Wash|303\/303
|move|p1a: Camerupt|Fire Blast|p2a: Rotom-Wash
|-resisted|p2a: Rotom-Wash
|-damage|p2a: Rotom-Wash|149\/303
|
|-heal|p2a: Rotom-Wash|167\/303|[from] item: Leftovers
|-damage|p1a: Camerupt|238\/344 tox|[from] psn
|turn|21
|
|switch|p2a: Latios|Latios, M|183\/302
|move|p1a: Camerupt|Hidden Power|p2a: Latios
|-resisted|p2a: Latios
|-damage|p2a: Latios|147\/302
|
|-damage|p1a: Camerupt|175\/344 tox|[from] psn
|-fieldend|move: Trick Room
|turn|22
|
|switch|p1a: Conkeldurr|Conkeldurr, F|252\/351
|-damage|p1a: Conkeldurr|231\/351|[from] Stealth Rock
|move|p2a: Latios|Roost|p2a: Latios
|-heal|p2a: Latios|298\/302
|
|turn|23
|
|switch|p1a: Crawdaunt|Crawdaunt, F|329\/329
|-damage|p1a: Crawdaunt|288\/329|[from] Stealth Rock
|move|p2a: Latios|Psyshock|p1a: Crawdaunt
|-immune|p1a: Crawdaunt|[msg]
|
|turn|24
|
|move|p2a: Latios|Draco Meteor|p1a: Crawdaunt
|-damage|p1a: Crawdaunt|0 fnt
|-unboost|p2a: Latios|spa|2
|-damage|p2a: Latios|268\/302|[from] item: Life Orb
|faint|p1a: Crawdaunt
|
|
|switch|p1a: Celebi|Celebi|171\/404
|-damage|p1a: Celebi|121\/404|[from] Stealth Rock
|turn|25
|
|switch|p2a: Jirachi|Jirachi|347\/404
|move|p1a: Celebi|Trick Room|p1a: Celebi
|-fieldstart|move: Trick Room|[of] p1a: Celebi
|
|-heal|p1a: Celebi|146\/404|[from] item: Leftovers
|-heal|p2a: Jirachi|372\/404|[from] item: Leftovers
|turn|26
|
|switch|p2a: Heatran|Heatran, M|386\/386
|move|p1a: Celebi|Healing Wish|p1a: Celebi
|faint|p1a: Celebi
|
|
|switch|p1a: Camerupt|Camerupt-Mega, F|175\/344 tox
|-heal|p1a: Camerupt|344\/344|[from] move: Healing Wish
|-damage|p1a: Camerupt|301\/344|[from] Stealth Rock
|turn|27
|
|move|p2a: Heatran|Protect|p2a: Heatran
|-singleturn|p2a: Heatran|Protect
|move|p1a: Camerupt|Fire Blast|p2a: Heatran
|-activate|p2a: Heatran|Protect
|
|turn|28
|
|switch|p2a: Latios|Latios, M|268\/302
|move|p1a: Camerupt|Earth Power|p2a: Latios
|-immune|p2a: Latios|[msg]
|
|turn|29
|
|move|p1a: Camerupt|Fire Blast|p2a: Latios
|-resisted|p2a: Latios
|-damage|p2a: Latios|126\/302
|move|p2a: Latios|Psyshock|p1a: Camerupt
|-damage|p1a: Camerupt|120\/344
|-damage|p2a: Latios|96\/302|[from] item: Life Orb
|
|-fieldend|move: Trick Room
|turn|30
|
|move|p2a: Latios|Psyshock|p1a: Camerupt
|-damage|p1a: Camerupt|0 fnt
|-damage|p2a: Latios|66\/302|[from] item: Life Orb
|faint|p1a: Camerupt
|
|
|switch|p1a: Conkeldurr|Conkeldurr, F|231\/351
|-damage|p1a: Conkeldurr|210\/351|[from] Stealth Rock
|turn|31
|c|âjosie1129|gg
|
|switch|p2a: Sableye|Sableye-Mega, F|253\/304
|move|p1a: Conkeldurr|Knock Off|p2a: Sableye
|-damage|p2a: Sableye|194\/304
|
|turn|32
|
|move|p1a: Conkeldurr|Ice Punch|p2a: Sableye
|-damage|p2a: Sableye|125\/304
|move|p2a: Sableye|Will-O-Wisp|p1a: Conkeldurr
|-status|p1a: Conkeldurr|brn
|
|-damage|p1a: Conkeldurr|167\/351 brn|[from] brn
|turn|33
|
|move|p1a: Conkeldurr|Ice Punch|p2a: Sableye
|-damage|p2a: Sableye|25\/304
|move|p2a: Sableye|Recover|p2a: Sableye
|-heal|p2a: Sableye|177\/304
|
|-damage|p1a: Conkeldurr|124\/351 brn|[from] brn
|turn|34
|
|move|p1a: Conkeldurr|Ice Punch|p2a: Sableye
|-damage|p2a: Sableye|85\/304
|move|p2a: Sableye|Recover|p2a: Sableye
|-heal|p2a: Sableye|237\/304
|
|-damage|p1a: Conkeldurr|81\/351 brn|[from] brn
|turn|35
|
|move|p1a: Conkeldurr|Ice Punch|p2a: Sableye
|-damage|p2a: Sableye|133\/304
|move|p2a: Sableye|Foul Play|p1a: Conkeldurr
|-resisted|p1a: Conkeldurr
|-damage|p1a: Conkeldurr|0 fnt
|faint|p1a: Conkeldurr
|
|win|josie1129
|raw|Ladder updating...
|raw|bossboss's rating: 1470 &rarr; <strong>1451<\/strong><br \/>(-19 for losing)
|raw|josie1129's rating: 1489 &rarr; <strong>1508<\/strong><br \/>(+19 for winning)