|join|bossboss
|join|Gamer Gurl XoXo
|player|p1|bossboss|101
|player|p2|Gamer Gurl XoXo|167
|gametype|singles
|gen|6
|tier|OU
|rated
|clearpoke
|poke|p1|Celebi
|poke|p1|Heracross, M
|poke|p1|Uxie
|poke|p1|Azumarill, F
|poke|p1|Crawdaunt, F
|poke|p1|Cresselia, F
|poke|p2|Scolipede, F
|poke|p2|Whimsicott, F
|poke|p2|Victini
|poke|p2|Clefable, M
|poke|p2|Espeon, F
|poke|p2|Azelf
|rule|Swagger Clause: Swagger is banned
|rule|Baton Pass Clause: Limit one PokÃ©mon knowing Baton Pass
|rule|Sleep Clause Mod: Limit one foe put to sleep
|rule|Species Clause: Limit one of each PokÃ©mon
|rule|OHKO Clause: OHKO moves are banned
|rule|Moody Clause: Moody is banned
|rule|Evasion Moves Clause: Evasion moves are banned
|rule|Endless Battle Clause: Forcing endless battles is banned
|rule|HP Percentage Mod: HP is shown in percentages
|teampreview
|
|start
|switch|p1a: Uxie|Uxie|354\/354
|switch|p2a: Loki|Azelf|329\/329
|turn|1
|
|move|p1a: Uxie|Magic Coat|p1a: Uxie
|-singleturn|p1a: Uxie|move: Magic Coat
|move|p2a: Loki|Taunt|p1a: Uxie
|move|p1a: Uxie|Taunt|p2a: Loki|[from]Magic Coat
|-start|p2a: Loki|move: Taunt
|
|turn|2
|
|switch|p2a: Munin|Espeon, F|322\/322
|move|p1a: Uxie|Trick Room|p1a: Uxie
|-fieldstart|move: Trick Room|[of] p1a: Uxie
|
|turn|3
|
|switch|p1a: Crawdaunt|Crawdaunt, F|329\/329
|switch|p2a: Loki|Azelf|329\/329
|
|turn|4
|
|move|p1a: Crawdaunt|Knock Off|p2a: Loki
|-supereffective|p2a: Loki
|-enditem|p2a: Loki|Focus Sash
|-damage|p2a: Loki|1\/329
|-damage|p1a: Crawdaunt|297\/329|[from] item: Life Orb
|move|p2a: Loki|Stealth Rock|p1a: Crawdaunt
|-sidestart|p1: bossboss|move: Stealth Rock
|
|turn|5
|
|move|p1a: Crawdaunt|Knock Off|p2a: Loki
|-supereffective|p2a: Loki
|-damage|p2a: Loki|0 fnt
|-damage|p1a: Crawdaunt|265\/329|[from] item: Life Orb
|faint|p2a: Loki
|
|
|switch|p2a: Hel|Whimsicott, F|324\/324
|turn|6
|
|move|p2a: Hel|Light Screen|p2a: Hel
|-sidestart|p2: Gamer Gurl XoXo|move: Light Screen
|move|p1a: Crawdaunt|Knock Off|p2a: Hel
|-resisted|p2a: Hel
|-damage|p2a: Hel|142\/324
|-enditem|p2a: Hel|Light Clay|[from] move: Knock Off|[of] p1a: Crawdaunt
|-damage|p1a: Crawdaunt|233\/329|[from] item: Life Orb
|
|-fieldend|move: Trick Room
|turn|7
|
|switch|p1a: Uxie|Uxie|354\/354
|-damage|p1a: Uxie|310\/354|[from] Stealth Rock
|move|p2a: Hel|Memento|p1a: Uxie
|-unboost|p1a: Uxie|atk|2
|-unboost|p1a: Uxie|spa|2
|faint|p2a: Hel
|
|
|switch|p2a: fenrirs lice|Scolipede, F|323\/323
|turn|8
|
|move|p2a: fenrirs lice|Iron Defense|p2a: fenrirs lice
|-boost|p2a: fenrirs lice|def|2
|move|p1a: Uxie|Stealth Rock|p2a: fenrirs lice
|-sidestart|p2: Gamer Gurl XoXo|move: Stealth Rock
|
|-boost|p2a: fenrirs lice|spe|1|[from] ability: Speed Boost
|turn|9
|
|move|p2a: fenrirs lice|Substitute|p2a: fenrirs lice
|-start|p2a: fenrirs lice|Substitute
|-damage|p2a: fenrirs lice|243\/323
|move|p1a: Uxie|Trick Room|p1a: Uxie
|-fieldstart|move: Trick Room|[of] p1a: Uxie
|
|-boost|p2a: fenrirs lice|spe|1|[from] ability: Speed Boost
|turn|10
|
|switch|p1a: Heracross|Heracross, M|364\/364
|-damage|p1a: Heracross|319\/364|[from] Stealth Rock
|move|p2a: fenrirs lice|Iron Defense|p2a: fenrirs lice
|-boost|p2a: fenrirs lice|def|2
|
|-boost|p2a: fenrirs lice|spe|1|[from] ability: Speed Boost
|turn|11
|
|detailschange|p1a: Heracross|Heracross-Mega, M
|message|Heracross has Mega Evolved into Mega Heracross!
|move|p2a: fenrirs lice|Protect|p2a: fenrirs lice
|-singleturn|p2a: fenrirs lice|Protect
|move|p1a: Heracross|Rock Blast|p2a: fenrirs lice
|-activate|p2a: fenrirs lice|Protect
|
|-boost|p2a: fenrirs lice|spe|1|[from] ability: Speed Boost
|turn|12
|
|move|p1a: Heracross|Rock Blast|p2a: fenrirs lice
|-supereffective|p2a: fenrirs lice
|-activate|p2a: fenrirs lice|Substitute|[damage]
|-supereffective|p2a: fenrirs lice
|-activate|p2a: fenrirs lice|Substitute|[damage]
|-crit|p2a: fenrirs lice
|-supereffective|p2a: fenrirs lice
|-end|p2a: fenrirs lice|Substitute
|-supereffective|p2a: fenrirs lice
|-damage|p2a: fenrirs lice|217\/323
|-supereffective|p2a: fenrirs lice
|-damage|p2a: fenrirs lice|191\/323
|-hitcount|p2a: fenrirs lice|5
|move|p2a: fenrirs lice|Iron Defense|p2a: fenrirs lice
|-boost|p2a: fenrirs lice|def|2
|
|-boost|p2a: fenrirs lice|spe|1|[from] ability: Speed Boost
|turn|13
|
|move|p2a: fenrirs lice|Protect|p2a: fenrirs lice
|-singleturn|p2a: fenrirs lice|Protect
|move|p1a: Heracross|Rock Blast|p2a: fenrirs lice
|-activate|p2a: fenrirs lice|Protect
|
|-sideend|p2: Gamer Gurl XoXo|move: Light Screen
|-fieldend|move: Trick Room
|-boost|p2a: fenrirs lice|spe|1|[from] ability: Speed Boost
|turn|14
|
|move|p2a: fenrirs lice|Substitute|p2a: fenrirs lice
|-start|p2a: fenrirs lice|Substitute
|-damage|p2a: fenrirs lice|111\/323
|move|p1a: Heracross|Rock Blast|p2a: fenrirs lice
|-supereffective|p2a: fenrirs lice
|-activate|p2a: fenrirs lice|Substitute|[damage]
|-supereffective|p2a: fenrirs lice
|-activate|p2a: fenrirs lice|Substitute|[damage]
|-supereffective|p2a: fenrirs lice
|-activate|p2a: fenrirs lice|Substitute|[damage]
|-supereffective|p2a: fenrirs lice
|-activate|p2a: fenrirs lice|Substitute|[damage]
|-crit|p2a: fenrirs lice
|-supereffective|p2a: fenrirs lice
|-end|p2a: fenrirs lice|Substitute
|-hitcount|p2a: fenrirs lice|5
|
|turn|15
|
|move|p2a: fenrirs lice|Baton Pass|p2a: fenrirs lice
|
|switch|p2a: Heimdallr|Clefable, M|394\/394
|-damage|p2a: Heimdallr|345\/394|[from] Stealth Rock
|move|p1a: Heracross|Rock Blast|p2a: Heimdallr
|-damage|p2a: Heimdallr|334\/394
|-damage|p2a: Heimdallr|322\/394
|-damage|p2a: Heimdallr|311\/394
|-damage|p2a: Heimdallr|300\/394
|-damage|p2a: Heimdallr|289\/394
|-hitcount|p2a: Heimdallr|5
|
|-heal|p2a: Heimdallr|313\/394|[from] item: Leftovers
|turn|16
|
|switch|p1a: Uxie|Uxie|310\/354
|-damage|p1a: Uxie|266\/354|[from] Stealth Rock
|move|p2a: Heimdallr|Calm Mind|p2a: Heimdallr
|-boost|p2a: Heimdallr|spa|1
|-boost|p2a: Heimdallr|spd|1
|
|-heal|p2a: Heimdallr|337\/394|[from] item: Leftovers
|turn|17
|
|move|p2a: Heimdallr|Calm Mind|p2a: Heimdallr
|-boost|p2a: Heimdallr|spa|1
|-boost|p2a: Heimdallr|spd|1
|move|p1a: Uxie|Trick Room|p1a: Uxie
|-fieldstart|move: Trick Room|[of] p1a: Uxie
|
|-heal|p2a: Heimdallr|361\/394|[from] item: Leftovers
|turn|18
|
|move|p1a: Uxie|Memento|p2a: Heimdallr
|-unboost|p2a: Heimdallr|atk|2
|-unboost|p2a: Heimdallr|spa|2
|faint|p1a: Uxie
|move|p2a: Heimdallr|Calm Mind|p2a: Heimdallr
|-boost|p2a: Heimdallr|spa|1
|-boost|p2a: Heimdallr|spd|1
|
|-heal|p2a: Heimdallr|385\/394|[from] item: Leftovers
|
|switch|p1a: Crawdaunt|Crawdaunt, F|233\/329
|-damage|p1a: Crawdaunt|192\/329|[from] Stealth Rock
|turn|19
|
|move|p1a: Crawdaunt|Crabhammer|p2a: Heimdallr|[miss]
|-miss|p1a: Crawdaunt|p2a: Heimdallr
|move|p2a: Heimdallr|Moonlight|p2a: Heimdallr
|-heal|p2a: Heimdallr|394\/394
|
|turn|20
|
|move|p1a: Crawdaunt|Crabhammer|p2a: Heimdallr
|-damage|p2a: Heimdallr|319\/394
|-damage|p1a: Crawdaunt|160\/329|[from] item: Life Orb
|move|p2a: Heimdallr|Moonlight|p2a: Heimdallr
|-heal|p2a: Heimdallr|394\/394
|
|turn|21
|
|move|p1a: Crawdaunt|Crabhammer|p2a: Heimdallr
|-damage|p2a: Heimdallr|308\/394
|-damage|p1a: Crawdaunt|128\/329|[from] item: Life Orb
|move|p2a: Heimdallr|Moonlight|p2a: Heimdallr
|-heal|p2a: Heimdallr|394\/394
|
|-fieldend|move: Trick Room
|turn|22
|c|âGamer Gurl XoXo|gg
|
|move|p2a: Heimdallr|Calm Mind|p2a: Heimdallr
|-boost|p2a: Heimdallr|spa|1
|-boost|p2a: Heimdallr|spd|1
|move|p1a: Crawdaunt|Crabhammer|p2a: Heimdallr
|-damage|p2a: Heimdallr|319\/394
|-damage|p1a: Crawdaunt|96\/329|[from] item: Life Orb
|
|-heal|p2a: Heimdallr|343\/394|[from] item: Leftovers
|turn|23
|
|move|p2a: Heimdallr|Moonblast|p1a: Crawdaunt
|-supereffective|p1a: Crawdaunt
|-damage|p1a: Crawdaunt|0 fnt
|faint|p1a: Crawdaunt
|
|-heal|p2a: Heimdallr|367\/394|[from] item: Leftovers
|
|switch|p1a: Cresselia|Cresselia, F|444\/444
|-damage|p1a: Cresselia|389\/444|[from] Stealth Rock
|turn|24
|
|move|p2a: Heimdallr|Stored Power|p1a: Cresselia
|-resisted|p1a: Cresselia
|-damage|p1a: Cresselia|174\/444
|move|p1a: Cresselia|Trick Room|p1a: Cresselia
|-fieldstart|move: Trick Room|[of] p1a: Cresselia
|
|-heal|p2a: Heimdallr|391\/394|[from] item: Leftovers
|turn|25
|
|move|p1a: Cresselia|Ice Beam|p2a: Heimdallr
|-damage|p2a: Heimdallr|369\/394
|move|p2a: Heimdallr|Calm Mind|p2a: Heimdallr
|-boost|p2a: Heimdallr|spa|1
|-boost|p2a: Heimdallr|spd|1
|
|-heal|p2a: Heimdallr|393\/394|[from] item: Leftovers
|turn|26
|
|move|p1a: Cresselia|Ice Beam|p2a: Heimdallr
|-damage|p2a: Heimdallr|374\/394
|move|p2a: Heimdallr|Calm Mind|p2a: Heimdallr
|-boost|p2a: Heimdallr|spa|1
|-boost|p2a: Heimdallr|spd|1
|
|-heal|p2a: Heimdallr|394\/394|[from] item: Leftovers
|turn|27
|
|move|p1a: Cresselia|Ice Beam|p2a: Heimdallr
|-damage|p2a: Heimdallr|379\/394
|move|p2a: Heimdallr|Stored Power|p1a: Cresselia
|-resisted|p1a: Cresselia
|-damage|p1a: Cresselia|0 fnt
|faint|p1a: Cresselia
|
|-heal|p2a: Heimdallr|394\/394|[from] item: Leftovers
|
|switch|p1a: Heracross|Heracross-Mega, M|319\/364
|-damage|p1a: Heracross|274\/364|[from] Stealth Rock
|turn|28
|
|move|p1a: Heracross|Bullet Seed|p2a: Heimdallr
|-damage|p2a: Heimdallr|383\/394
|-damage|p2a: Heimdallr|371\/394
|-damage|p2a: Heimdallr|360\/394
|-damage|p2a: Heimdallr|349\/394
|-damage|p2a: Heimdallr|338\/394
|-hitcount|p2a: Heimdallr|5
|move|p2a: Heimdallr|Stored Power|p1a: Heracross
|-supereffective|p1a: Heracross
|-damage|p1a: Heracross|0 fnt
|faint|p1a: Heracross
|
|-heal|p2a: Heimdallr|362\/394|[from] item: Leftovers
|-fieldend|move: Trick Room
|join|just a guest 007
|c| just a guest 007|wow
|
|switch|p1a: Celebi|Celebi|404\/404
|-damage|p1a: Celebi|354\/404|[from] Stealth Rock
|turn|29
|c|âGamer Gurl XoXo|yeah
|c|âGamer Gurl XoXo|is over
|
|move|p2a: Heimdallr|Stored Power|p1a: Celebi
|-resisted|p1a: Celebi
|-damage|p1a: Celebi|0 fnt
|faint|p1a: Celebi
|
|-heal|p2a: Heimdallr|386\/394|[from] item: Leftovers
|
|switch|p1a: Azumarill|Azumarill, F|404\/404
|-damage|p1a: Azumarill|354\/404|[from] Stealth Rock
|turn|30
|
|move|p2a: Heimdallr|Stored Power|p1a: Azumarill
|-damage|p1a: Azumarill|0 fnt
|faint|p1a: Azumarill
|
|win|Gamer Gurl XoXo
|raw|Ladder updating...
|leave|bossboss
|player|p1
|leave|Gamer Gurl XoXo
|player|p2