|join|Reverb
|join|bossboss
|player|p1|Reverb|#reverb
|player|p2|bossboss|169
|gametype|singles
|gen|6
|tier|OU
|rated
|clearpoke
|poke|p1|Empoleon, M
|poke|p1|Tyranitar, M
|poke|p1|Charizard, M
|poke|p1|Keldeo
|poke|p1|Kyurem-Black
|poke|p1|Landorus-Therian, M
|poke|p2|Tyranitar, F
|poke|p2|Excadrill, F
|poke|p2|Gyarados, M
|poke|p2|Manectric, M
|poke|p2|Talonflame, M
|poke|p2|Keldeo
|rule|Swagger Clause: Swagger is banned
|rule|Baton Pass Clause: Limit one PokÃ©mon knowing Baton Pass
|rule|Sleep Clause Mod: Limit one foe put to sleep
|rule|Species Clause: Limit one of each PokÃ©mon
|rule|OHKO Clause: OHKO moves are banned
|rule|Moody Clause: Moody is banned
|rule|Evasion Moves Clause: Evasion moves are banned
|rule|Endless Battle Clause: Forcing endless battles is banned
|rule|HP Percentage Mod: HP is shown in percentages
|teampreview
|c|âReverb|hf
|c|âbossboss|no time for fun
|c|âReverb|lel
|join|Landorus
|join|Mistaken
|
|start
|switch|p1a: Tyranitar|Tyranitar, M|383\/383
|switch|p2a: Keldeo|Keldeo|323\/323
|-weather|Sandstorm
|turn|1
|join|Alkov
|
|switch|p1a: Landorus-Therian|Landorus-Therian, M|327\/327
|-ability|p1a: Landorus-Therian|Intimidate|[of] p2a: Keldeo
|-unboost|p2a: Keldeo|atk|1
|move|p2a: Keldeo|Secret Sword|p1a: Landorus-Therian
|-resisted|p1a: Landorus-Therian
|-damage|p1a: Landorus-Therian|209\/327
|
|-weather|Sandstorm|[upkeep]
|-damage|p2a: Keldeo|303\/323|[from] sandstorm
|turn|2
|
|switch|p2a: Gyarados|Gyarados, M|335\/335
|-ability|p2a: Gyarados|Intimidate|[of] p1a: Landorus-Therian
|-unboost|p1a: Landorus-Therian|atk|1
|move|p1a: Landorus-Therian|U-turn|p2a: Gyarados
|-resisted|p2a: Gyarados
|-damage|p2a: Gyarados|299\/335
|
|switch|p1a: Charizard|Charizard, M|297\/297
|
|-weather|Sandstorm|[upkeep]
|-damage|p1a: Charizard|279\/297|[from] sandstorm
|-damage|p2a: Gyarados|279\/335|[from] sandstorm
|turn|3
|
|detailschange|p1a: Charizard|Charizard-Mega-Y, M
|message|Charizard has Mega Evolved into Mega Charizard!
|-weather|SunnyDay
|move|p1a: Charizard|Fire Blast|p2a: Gyarados
|-resisted|p2a: Gyarados
|-damage|p2a: Gyarados|85\/335
|move|p2a: Gyarados|Waterfall|p1a: Charizard
|-supereffective|p1a: Charizard
|-damage|p1a: Charizard|69\/297
|
|-weather|SunnyDay|[upkeep]
|turn|4
|
|switch|p2a: Tyranitar|Tyranitar, F|404\/404
|-weather|Sandstorm
|move|p1a: Charizard|Roost|p1a: Charizard
|-heal|p1a: Charizard|218\/297
|
|-weather|Sandstorm|[upkeep]
|-damage|p1a: Charizard|200\/297|[from] sandstorm
|turn|5
|
|switch|p1a: Empoleon|Empoleon, M|372\/372
|move|p2a: Tyranitar|Stealth Rock|p1a: Empoleon
|-sidestart|p1: Reverb|move: Stealth Rock
|
|-weather|Sandstorm|[upkeep]
|turn|6
|
|switch|p2a: Keldeo|Keldeo|303\/323
|move|p1a: Empoleon|Defog|p2a: Keldeo
|-unboost|p2a: Keldeo|evasion|1
|-sideend|p1: Reverb|Stealth Rock|[from] move: Defog|[of] p1a: Empoleon
|
|-weather|Sandstorm|[upkeep]
|-damage|p2a: Keldeo|283\/323|[from] sandstorm
|turn|7
|
|move|p2a: Keldeo|Secret Sword|p1a: Empoleon
|-crit|p1a: Empoleon
|-supereffective|p1a: Empoleon
|-damage|p1a: Empoleon|0 fnt
|faint|p1a: Empoleon
|
|-weather|Sandstorm|[upkeep]
|-damage|p2a: Keldeo|263\/323|[from] sandstorm
|
|switch|p1a: Charizard|Charizard-Mega-Y, M|200\/297
|-weather|SunnyDay
|turn|8
|
|switch|p2a: Talonflame|Talonflame, M|317\/317
|move|p1a: Charizard|Earthquake|p2a: Talonflame
|-immune|p2a: Talonflame|[msg]
|
|-weather|SunnyDay|[upkeep]
|turn|9
|
|switch|p1a: Tyranitar|Tyranitar, M|383\/383
|-weather|Sandstorm
|move|p2a: Talonflame|Swords Dance|p2a: Talonflame
|-boost|p2a: Talonflame|atk|2
|
|-weather|Sandstorm|[upkeep]
|-damage|p2a: Talonflame|298\/317|[from] sandstorm
|turn|10
|
|move|p2a: Talonflame|Natural Gift|p1a: Tyranitar
|-supereffective|p1a: Tyranitar
|-damage|p1a: Tyranitar|0 fnt
|faint|p1a: Tyranitar
|
|-weather|Sandstorm|[upkeep]
|-damage|p2a: Talonflame|279\/317|[from] sandstorm
|c|âReverb|huh
|-message|Reverb forfeited.
|
|win|bossboss
|raw|Ladder updating...
|c|âReverb|meh
|c|âbossboss|lol
|raw|Reverb's rating: 1792 &rarr; <strong>1764<\/strong><br \/>(-28 for losing)
|raw|bossboss's rating: 1653 &rarr; <strong>1680<\/strong><br \/>(+27 for winning)
|c|âReverb|play did not work
|c|âReverb|gg
|c|âbossboss|gg
|leave|Reverb
|player|p1
|leave|bossboss
|player|p2