|join|lil manaphy
|join|bossboss
|player|p1|lil manaphy|8
|player|p2|bossboss|266
|gametype|singles
|gen|6
|tier|OU
|rated
|clearpoke
|poke|p1|Lopunny, M
|poke|p1|Rotom-Wash
|poke|p1|Gothitelle, F
|poke|p1|Mandibuzz, F
|poke|p1|Heatran, F
|poke|p1|Celebi
|poke|p2|Celebi
|poke|p2|Heracross, M
|poke|p2|Uxie
|poke|p2|Azumarill, M
|poke|p2|Crawdaunt, F
|poke|p2|Cresselia, F
|rule|Swagger Clause: Swagger is banned
|rule|Baton Pass Clause: Limit one PokÃ©mon knowing Baton Pass
|rule|Sleep Clause Mod: Limit one foe put to sleep
|rule|Species Clause: Limit one of each PokÃ©mon
|rule|OHKO Clause: OHKO moves are banned
|rule|Moody Clause: Moody is banned
|rule|Evasion Moves Clause: Evasion moves are banned
|rule|Endless Battle Clause: Forcing endless battles is banned
|rule|HP Percentage Mod: HP is shown in percentages
|teampreview
|
|start
|switch|p1a: Gothitelle|Gothitelle, F|301\/301
|switch|p2a: Uxie|Uxie|354\/354
|turn|1
|
|switch|p1a: Mandibuzz|Mandibuzz, F|424\/424
|move|p2a: Uxie|Memento|p1a: Mandibuzz
|-unboost|p1a: Mandibuzz|atk|2
|-unboost|p1a: Mandibuzz|spa|2
|faint|p2a: Uxie
|
|
|switch|p2a: Azumarill|Azumarill, M|404\/404
|turn|2
|
|switch|p1a: Rotom-Wash|Rotom-Wash|303\/303
|move|p2a: Azumarill|Belly Drum|p2a: Azumarill
|-damage|p2a: Azumarill|202\/404
|-setboost|p2a: Azumarill|atk|6|[from] move: Belly Drum
|-enditem|p2a: Azumarill|Sitrus Berry|[eat]
|-heal|p2a: Azumarill|303\/404|[from] item: Sitrus Berry
|
|turn|3
|
|move|p1a: Rotom-Wash|Volt Switch|p2a: Azumarill
|-supereffective|p2a: Azumarill
|-damage|p2a: Azumarill|79\/404
|
|switch|p1a: Heatran|Heatran, F|386\/386
|move|p2a: Azumarill|Play Rough|p1a: Heatran
|-resisted|p1a: Heatran
|-damage|p1a: Heatran|213\/386
|
|-heal|p1a: Heatran|237\/386|[from] item: Leftovers
|turn|4
|
|move|p1a: Heatran|Protect|p1a: Heatran
|-singleturn|p1a: Heatran|Protect
|move|p2a: Azumarill|Play Rough|p1a: Heatran
|-activate|p1a: Heatran|Protect
|
|-heal|p1a: Heatran|261\/386|[from] item: Leftovers
|turn|5
|
|move|p2a: Azumarill|Aqua Jet|p1a: Heatran
|-supereffective|p1a: Heatran
|-damage|p1a: Heatran|0 fnt
|faint|p1a: Heatran
|
|
|switch|p1a: Rotom-Wash|Rotom-Wash|303\/303
|turn|6
|
|switch|p2a: Celebi|Celebi|404\/404
|move|p1a: Rotom-Wash|Volt Switch|p2a: Celebi
|-resisted|p2a: Celebi
|-damage|p2a: Celebi|371\/404
|
|switch|p1a: Mandibuzz|Mandibuzz, F|424\/424
|
|-heal|p2a: Celebi|396\/404|[from] item: Leftovers
|turn|7
|
|move|p1a: Mandibuzz|Taunt|p2a: Celebi
|-start|p2a: Celebi|move: Taunt
|cant|p2a: Celebi|move: Taunt|Trick Room
|
|-heal|p2a: Celebi|404\/404|[from] item: Leftovers
|turn|8
|
|move|p1a: Mandibuzz|Foul Play|p2a: Celebi
|-supereffective|p2a: Celebi
|-damage|p2a: Celebi|186\/404
|move|p2a: Celebi|U-turn|p1a: Mandibuzz
|-damage|p1a: Mandibuzz|388\/424
|
|switch|p2a: Heracross|Heracross, M|364\/364
|
|-heal|p1a: Mandibuzz|414\/424|[from] item: Leftovers
|turn|9
|
|detailschange|p2a: Heracross|Heracross-Mega, M
|message|Heracross has Mega Evolved into Mega Heracross!
|move|p1a: Mandibuzz|Foul Play|p2a: Heracross
|-resisted|p2a: Heracross
|-damage|p2a: Heracross|258\/364
|move|p2a: Heracross|Pin Missile|p1a: Mandibuzz
|-damage|p1a: Mandibuzz|371\/424
|-damage|p1a: Mandibuzz|323\/424
|-damage|p1a: Mandibuzz|274\/424
|-damage|p1a: Mandibuzz|226\/424
|-damage|p1a: Mandibuzz|184\/424
|-hitcount|p1a: Mandibuzz|5
|
|-heal|p1a: Mandibuzz|210\/424|[from] item: Leftovers
|turn|10
|
|switch|p1a: Celebi|Celebi|404\/404
|switch|p2a: Cresselia|Cresselia, F|444\/444
|
|turn|11
|
|move|p1a: Celebi|Perish Song|p1a: Celebi
|-fieldactivate|move: Perish Song
|move|p2a: Cresselia|Trick Room|p2a: Cresselia
|-fieldstart|move: Trick Room|[of] p2a: Cresselia
|
|-start|p2a: Cresselia|perish3
|-start|p1a: Celebi|perish3
|turn|12
|
|switch|p2a: Celebi|Celebi|186\/404
|move|p1a: Celebi|Baton Pass|p1a: Celebi
|
|switch|p1a: Mandibuzz|Mandibuzz, F|210\/424
|
|-start|p1a: Mandibuzz|perish2
|-heal|p2a: Celebi|211\/404|[from] item: Leftovers
|-heal|p1a: Mandibuzz|236\/424|[from] item: Leftovers
|turn|13
|
|move|p2a: Celebi|U-turn|p1a: Mandibuzz
|-damage|p1a: Mandibuzz|193\/424
|
|switch|p2a: Heracross|Heracross-Mega, M|258\/364
|move|p1a: Mandibuzz|Foul Play|p2a: Heracross
|-resisted|p2a: Heracross
|-damage|p2a: Heracross|159\/364
|
|-start|p1a: Mandibuzz|perish1
|-heal|p1a: Mandibuzz|219\/424|[from] item: Leftovers
|turn|14
|
|switch|p1a: Celebi|Celebi|404\/404
|move|p2a: Heracross|Close Combat|p1a: Celebi
|-resisted|p1a: Celebi
|-damage|p1a: Celebi|249\/404
|-unboost|p2a: Heracross|def|1
|-unboost|p2a: Heracross|spd|1
|
|-heal|p1a: Celebi|274\/404|[from] item: Leftovers
|turn|15
|
|switch|p2a: Celebi|Celebi|211\/404
|move|p1a: Celebi|Giga Drain|p2a: Celebi
|-resisted|p2a: Celebi
|-damage|p2a: Celebi|178\/404
|-heal|p1a: Celebi|291\/404|[from] drain|[of] p2a: Celebi
|
|-heal|p2a: Celebi|203\/404|[from] item: Leftovers
|-heal|p1a: Celebi|316\/404|[from] item: Leftovers
|-fieldend|move: Trick Room
|turn|16
|
|switch|p1a: Gothitelle|Gothitelle, F|301\/301
|move|p2a: Celebi|Trick Room|p2a: Celebi
|-fieldstart|move: Trick Room|[of] p2a: Celebi
|
|-heal|p2a: Celebi|228\/404|[from] item: Leftovers
|turn|17
|
|switch|p1a: Mandibuzz|Mandibuzz, F|219\/424
|move|p2a: Celebi|Healing Wish|p2a: Celebi
|faint|p2a: Celebi
|
|-heal|p1a: Mandibuzz|245\/424|[from] item: Leftovers
|
|switch|p2a: Heracross|Heracross-Mega, M|159\/364
|-heal|p2a: Heracross|364\/364|[from] move: Healing Wish
|turn|18
|
|move|p2a: Heracross|Pin Missile|p1a: Mandibuzz
|-damage|p1a: Mandibuzz|197\/424
|-damage|p1a: Mandibuzz|154\/424
|-damage|p1a: Mandibuzz|108\/424
|-damage|p1a: Mandibuzz|60\/424
|-damage|p1a: Mandibuzz|14\/424
|-hitcount|p1a: Mandibuzz|5
|move|p1a: Mandibuzz|Foul Play|p2a: Heracross
|-resisted|p2a: Heracross
|-damage|p2a: Heracross|260\/364
|
|-heal|p1a: Mandibuzz|40\/424|[from] item: Leftovers
|turn|19
|
|move|p2a: Heracross|Bullet Seed|p1a: Mandibuzz
|-resisted|p1a: Mandibuzz
|-damage|p1a: Mandibuzz|25\/424
|-resisted|p1a: Mandibuzz
|-damage|p1a: Mandibuzz|11\/424
|-resisted|p1a: Mandibuzz
|-damage|p1a: Mandibuzz|0 fnt
|-hitcount|p1a: Mandibuzz|3
|faint|p1a: Mandibuzz
|
|
|switch|p1a: Lopunny|Lopunny, M|271\/271
|turn|20
|
|switch|p2a: Cresselia|Cresselia, F|444\/444
|detailschange|p1a: Lopunny|Lopunny-Mega, M
|message|Lopunny has Mega Evolved into Mega Lopunny!
|move|p1a: Lopunny|Fake Out|p2a: Cresselia
|-damage|p2a: Cresselia|392\/444
|-damage|p1a: Lopunny|226\/271|[from] item: Rocky Helmet|[of] p2a: Cresselia
|
|-fieldend|move: Trick Room
|turn|21
|
|switch|p1a: Rotom-Wash|Rotom-Wash|303\/303
|move|p2a: Cresselia|Trick Room|p2a: Cresselia
|-fieldstart|move: Trick Room|[of] p2a: Cresselia
|
|turn|22
|
|switch|p2a: Heracross|Heracross-Mega, M|260\/364
|move|p1a: Rotom-Wash|Will-O-Wisp|p2a: Heracross
|-status|p2a: Heracross|brn
|
|-damage|p2a: Heracross|215\/364 brn|[from] brn
|turn|23
|
|move|p2a: Heracross|Bullet Seed|p1a: Rotom-Wash
|-supereffective|p1a: Rotom-Wash
|-damage|p1a: Rotom-Wash|273\/303
|-supereffective|p1a: Rotom-Wash
|-damage|p1a: Rotom-Wash|241\/303
|-supereffective|p1a: Rotom-Wash
|-damage|p1a: Rotom-Wash|213\/303
|-supereffective|p1a: Rotom-Wash
|-damage|p1a: Rotom-Wash|181\/303
|-supereffective|p1a: Rotom-Wash
|-damage|p1a: Rotom-Wash|149\/303
|-hitcount|p1a: Rotom-Wash|5
|move|p1a: Rotom-Wash|Hydro Pump|p2a: Heracross
|-damage|p2a: Heracross|94\/364 brn
|
|-heal|p1a: Rotom-Wash|167\/303|[from] item: Leftovers
|-damage|p2a: Heracross|49\/364 brn|[from] brn
|turn|24
|
|switch|p2a: Cresselia|Cresselia, F|392\/444
|move|p1a: Rotom-Wash|Volt Switch|p2a: Cresselia
|-damage|p2a: Cresselia|322\/444
|
|switch|p1a: Gothitelle|Gothitelle, F|301\/301
|
|turn|25
|
|move|p1a: Gothitelle|Trick|p2a: Cresselia
|-activate|p1a: Gothitelle|move: Trick|[of] p2a: Cresselia
|-item|p2a: Cresselia|Choice Scarf|[from] move: Trick
|-item|p1a: Gothitelle|Rocky Helmet|[from] move: Trick
|move|p2a: Cresselia|Trick Room|p2a: Cresselia
|-fieldend|move: Trick Room
|
|turn|26
|
|move|p1a: Gothitelle|Calm Mind|p1a: Gothitelle
|-boost|p1a: Gothitelle|spa|1
|-boost|p1a: Gothitelle|spd|1
|move|p2a: Cresselia|Trick Room|p2a: Cresselia
|-fieldstart|move: Trick Room|[of] p2a: Cresselia
|
|turn|27
|-message|bossboss forfeited.
|
|win|lil manaphy
|raw|Ladder updating...
|leave|bossboss
|player|p2
|raw|lil manaphy's rating: 1653 &rarr; <strong>1676<\/strong><br \/>(+23 for winning)
|raw|bossboss's rating: 1698 &rarr; <strong>1676<\/strong><br \/>(-22 for losing)