|join|SeasonsC
|join|bossboss
|player|p1|SeasonsC|286
|player|p2|bossboss|265
|gametype|singles
|gen|6
|tier|OU
|rated
|clearpoke
|poke|p1|Crawdaunt, F
|poke|p1|Deoxys-Defense
|poke|p1|Garchomp, F
|poke|p1|Thundurus, M
|poke|p1|Scizor, F
|poke|p1|Latios, M
|poke|p2|Gengar, F
|poke|p2|Dragonite, M
|poke|p2|Houndoom, F
|poke|p2|Rotom-Wash
|poke|p2|Azumarill, M
|poke|p2|Deoxys-Speed
|rule|Sleep Clause Mod: Limit one foe put to sleep
|rule|Species Clause: Limit one of each Pokemon
|rule|OHKO Clause: OHKO moves are banned
|rule|Moody Clause: Moody is banned
|rule|Evasion Moves Clause: Evasion moves are banned
|rule|Endless Battle Clause: Forcing endless battles is banned.
|rule|HP Percentage Mod: HP is reported as percentages
|teampreview
|
|start
|switch|p1a: verlisfy|Deoxys-Defense|304\/304
|switch|p2a: Deoxys-Speed|Deoxys-Speed|241\/241
|-ability|p2a: Deoxys-Speed|Pressure
|-ability|p1a: verlisfy|Pressure
|turn|1
|
|switch|p1a: SCIZOR OP|Scizor, F|343\/343
|move|p2a: Deoxys-Speed|Knock Off|p1a: SCIZOR OP
|-damage|p1a: SCIZOR OP|302\/343
|
|turn|2
|join|unt joo
|chat|unt joo|wow
|chat|unt joo|boss dont lose
|chat|unt joo|to this nub
|chat|unt joo|after you beat me
|chat|unt joo|5-0
|chat|bossboss|ill try!
|chat|SeasonsC|wow
|chat|unt joo|he rekt me
|chat|SeasonsC|uses houndoom and thinks he's real
|
|-formechange|p1a: SCIZOR OP|Scizor-Mega
|message|Scizor has Mega Evolved into Mega Scizor!
|move|p2a: Deoxys-Speed|Stealth Rock|p1a: SCIZOR OP
|-sidestart|p1: SeasonsC|move: Stealth Rock
|move|p1a: SCIZOR OP|Knock Off|p2a: Deoxys-Speed
|-supereffective|p2a: Deoxys-Speed
|-enditem|p2a: Deoxys-Speed|Focus Sash
|-damage|p2a: Deoxys-Speed|1\/241
|
|turn|3
|
|switch|p2a: Rotom-Wash|Rotom-Wash|304\/304
|move|p1a: SCIZOR OP|Bullet Punch|p2a: Rotom-Wash
|-resisted|p2a: Rotom-Wash
|-damage|p2a: Rotom-Wash|286\/304
|
|-heal|p2a: Rotom-Wash|304\/304|[from] item: Leftovers
|turn|4
|chat|unt joo|outplayed
|chat|unt joo|the first chapter
|chat|SeasonsC|im faster..
|chat|SeasonsC|i can knock off
|chat|SeasonsC|>.>
|chat|unt joo|youll get burned
|chat|unt joo|nub 
|
|switch|p1a: verlisfy|Deoxys-Defense|304\/304
|-damage|p1a: verlisfy|266\/304|[from] Stealth Rock
|-ability|p1a: verlisfy|Pressure
|move|p2a: Rotom-Wash|Will-O-Wisp|p1a: verlisfy
|-status|p1a: verlisfy|brn
|
|-damage|p1a: verlisfy|228\/304 brn|[from] brn
|turn|5
|leave|unt joo
|
|switch|p2a: Deoxys-Speed|Deoxys-Speed|1\/241
|-ability|p2a: Deoxys-Speed|Pressure
|move|p1a: verlisfy|Stealth Rock|p2a: Deoxys-Speed
|-sidestart|p2: bossboss|move: Stealth Rock
|
|-damage|p1a: verlisfy|190\/304 brn|[from] brn
|turn|6
|
|move|p2a: Deoxys-Speed|Taunt|p1a: verlisfy
|-start|p1a: verlisfy|move: Taunt
|cant|p1a: verlisfy|move: Taunt|Spikes
|
|-damage|p1a: verlisfy|152\/304 brn|[from] brn
|turn|7
|
|switch|p1a: SCIZOR OP|Scizor, F|302\/343
|-formechange|p1a: SCIZOR OP|Scizor-Mega
|-damage|p1a: SCIZOR OP|260\/343|[from] Stealth Rock
|move|p2a: Deoxys-Speed|Knock Off|p1a: SCIZOR OP
|-damage|p1a: SCIZOR OP|226\/343
|
|turn|8
|
|move|p1a: SCIZOR OP|Bullet Punch|p2a: Deoxys-Speed
|-damage|p2a: Deoxys-Speed|0 fnt
|faint|p2a: Deoxys-Speed
|
|
|switch|p2a: Houndoom|Houndoom, F|291\/291
|-damage|p2a: Houndoom|219\/291|[from] Stealth Rock
|turn|9
|
|switch|p1a: cheeky kunt|Garchomp, F|358\/358
|-damage|p1a: cheeky kunt|336\/358|[from] Stealth Rock
|-formechange|p2a: Houndoom|Houndoom-Mega
|message|Houndoom has Mega Evolved into Mega Houndoom!
|move|p2a: Houndoom|Dark Pulse|p1a: cheeky kunt
|-damage|p1a: cheeky kunt|135\/358
|
|turn|10
|chat|SeasonsC|dark pulse
|chat|SeasonsC|on a scizor
|chat|SeasonsC|><
|chat|SeasonsC|jks
|chat|bossboss|be quiet noob
|
|switch|p2a: Dragonite|Dragonite, M|323\/323
|-damage|p2a: Dragonite|243\/323|[from] Stealth Rock
|move|p1a: cheeky kunt|Earthquake|p2a: Dragonite
|-immune|p2a: Dragonite|[msg]
|
|turn|11
|chat|SeasonsC|time to fk you up
|
|switch|p1a: verlisfy|Deoxys-Defense|152\/304 brn
|-damage|p1a: verlisfy|114\/304 brn|[from] Stealth Rock
|-ability|p1a: verlisfy|Pressure
|move|p2a: Dragonite|Extreme Speed|p1a: verlisfy
|-damage|p1a: verlisfy|46\/304 brn
|-enditem|p1a: verlisfy|Red Card|[of] p2a: Dragonite
|drag|p2a: Houndoom|Houndoom, F|219\/291
|-formechange|p2a: Houndoom|Houndoom-Mega
|-damage|p2a: Houndoom|147\/291|[from] Stealth Rock
|
|-damage|p1a: verlisfy|8\/304 brn|[from] brn
|turn|12
|
|move|p2a: Houndoom|Dark Pulse|p1a: verlisfy
|-crit|p1a: verlisfy
|-supereffective|p1a: verlisfy
|-damage|p1a: verlisfy|0 fnt
|faint|p1a: verlisfy
|
|
|switch|p1a: cheeky kunt|Garchomp, F|135\/358
|-damage|p1a: cheeky kunt|113\/358|[from] Stealth Rock
|turn|13
|
|move|p1a: cheeky kunt|Stone Edge|p2a: Houndoom
|-supereffective|p2a: Houndoom
|-damage|p2a: Houndoom|0 fnt
|faint|p2a: Houndoom
|
|
|switch|p2a: Azumarill|Azumarill, M|341\/341
|-damage|p2a: Azumarill|299\/341|[from] Stealth Rock
|turn|14
|
|move|p1a: cheeky kunt|Stone Edge|p2a: Azumarill
|-damage|p2a: Azumarill|152\/341
|move|p2a: Azumarill|Belly Drum|p2a: Azumarill
|-fail|p2a: Azumarill
|
|-heal|p2a: Azumarill|173\/341|[from] item: Leftovers
|turn|15
|
|move|p1a: cheeky kunt|Stone Edge|p2a: Azumarill
|-damage|p2a: Azumarill|29\/341
|move|p2a: Azumarill|Frustration|p1a: cheeky kunt
|-damage|p1a: cheeky kunt|0 fnt
|-damage|p2a: Azumarill|0 fnt|[from] ability: Rough Skin|[of] p1a: cheeky kunt
|faint|p1a: cheeky kunt
|faint|p2a: Azumarill
|
|
|switch|p1a: VERLIS HERE!|Latios, M|301\/301
|-damage|p1a: VERLIS HERE!|264\/301|[from] Stealth Rock
|switch|p2a: Dragonite|Dragonite, M|243\/323
|-damage|p2a: Dragonite|163\/323|[from] Stealth Rock
|turn|16
|
|move|p2a: Dragonite|Extreme Speed|p1a: VERLIS HERE!
|-damage|p1a: VERLIS HERE!|129\/301
|move|p1a: VERLIS HERE!|Draco Meteor|p2a: Dragonite
|-supereffective|p2a: Dragonite
|-damage|p2a: Dragonite|0 fnt
|-unboost|p1a: VERLIS HERE!|spa|2
|-damage|p1a: VERLIS HERE!|99\/301|[from] item: Life Orb
|faint|p2a: Dragonite
|
|
|switch|p2a: Rotom-Wash|Rotom-Wash|304\/304
|-damage|p2a: Rotom-Wash|266\/304|[from] Stealth Rock
|turn|17
|
|move|p1a: VERLIS HERE!|Roost|p1a: VERLIS HERE!
|-heal|p1a: VERLIS HERE!|250\/301
|move|p2a: Rotom-Wash|Volt Switch|p1a: VERLIS HERE!
|-resisted|p1a: VERLIS HERE!
|-damage|p1a: VERLIS HERE!|211\/301
|
|switch|p2a: Gengar|Gengar, F|261\/261
|-damage|p2a: Gengar|229\/261|[from] Stealth Rock
|
|turn|18
|
|switch|p1a: SCIZOR OP|Scizor, F|226\/343
|-formechange|p1a: SCIZOR OP|Scizor-Mega
|-damage|p1a: SCIZOR OP|184\/343|[from] Stealth Rock
|move|p2a: Gengar|Shadow Ball|p1a: SCIZOR OP
|-damage|p1a: SCIZOR OP|27\/343
|-damage|p2a: Gengar|203\/261|[from] item: Life Orb
|
|turn|19
|
|switch|p2a: Rotom-Wash|Rotom-Wash|266\/304
|-damage|p2a: Rotom-Wash|228\/304|[from] Stealth Rock
|move|p1a: SCIZOR OP|Knock Off|p2a: Rotom-Wash
|-damage|p2a: Rotom-Wash|150\/304
|-enditem|p2a: Rotom-Wash|Leftovers|[from] move: Knock Off|[of] p1a: SCIZOR OP
|
|turn|20
|
|move|p1a: SCIZOR OP|Bullet Punch|p2a: Rotom-Wash
|-resisted|p2a: Rotom-Wash
|-damage|p2a: Rotom-Wash|132\/304
|move|p2a: Rotom-Wash|Hydro Pump|p1a: SCIZOR OP|[miss]
|-miss|p2a: Rotom-Wash|p1a: SCIZOR OP
|
|turn|21
|
|move|p1a: SCIZOR OP|Knock Off|p2a: Rotom-Wash
|-damage|p2a: Rotom-Wash|80\/304
|move|p2a: Rotom-Wash|Will-O-Wisp|p1a: SCIZOR OP
|-status|p1a: SCIZOR OP|brn
|
|-damage|p1a: SCIZOR OP|0 fnt|[from] brn
|faint|p1a: SCIZOR OP
|
|switch|p1a: wolf PACK!!|Thundurus, M|299\/299
|-damage|p1a: wolf PACK!!|225\/299|[from] Stealth Rock
|turn|22
|
|move|p1a: wolf PACK!!|Thunderbolt|p2a: Rotom-Wash
|-damage|p2a: Rotom-Wash|0 fnt
|-damage|p1a: wolf PACK!!|196\/299|[from] item: Life Orb
|faint|p2a: Rotom-Wash
|
|
|switch|p2a: Gengar|Gengar, F|203\/261
|-damage|p2a: Gengar|171\/261|[from] Stealth Rock
|turn|23
|
|move|p1a: wolf PACK!!|Knock Off|p2a: Gengar
|-supereffective|p2a: Gengar
|-damage|p2a: Gengar|0 fnt
|-damage|p1a: wolf PACK!!|167\/299|[from] item: Life Orb
|faint|p2a: Gengar
|
|win|SeasonsC
|raw|Ladder updating...
|raw|SeasonsC's rating: 1870 &rarr; <strong>1888<\/strong><br \/>(+18 for winning)
|raw|bossboss's rating: 1831 &rarr; <strong>1813<\/strong><br \/>(-18 for losing)
|chat|SeasonsC|gg
|leave|bossboss
|player|p2