|join|StrikeJP
|join|bossboss
|player|p1|StrikeJP|1
|player|p2|bossboss|265
|gametype|singles
|gen|6
|tier|OU
|rated
|clearpoke
|poke|p1|Hippowdon, F
|poke|p1|Azumarill, F
|poke|p1|Aegislash, M
|poke|p1|Umbreon, F, shiny
|poke|p1|Latios, M
|poke|p1|Charizard, F
|poke|p2|Greninja, M
|poke|p2|Mamoswine, F
|poke|p2|Mawile, M
|poke|p2|Rotom-Wash
|poke|p2|Deoxys-Speed
|poke|p2|Thundurus, M
|rule|Sleep Clause Mod: Limit one foe put to sleep
|rule|Species Clause: Limit one of each Pokemon
|rule|OHKO Clause: OHKO moves are banned
|rule|Moody Clause: Moody is banned
|rule|Evasion Moves Clause: Evasion moves are banned
|rule|Endless Battle Clause: Forcing endless battles is banned.
|rule|HP Percentage Mod: HP is reported as percentages
|teampreview
|
|start
|switch|p1a: Azumarill|Azumarill, F|403\/403
|switch|p2a: tyra banks|Deoxys-Speed|241\/241
|-ability|p2a: tyra banks|Pressure
|turn|1
|
|switch|p2a: betsy|Mawile, M|241\/241
|-ability|p2a: betsy|Intimidate|[of] p1a: Azumarill
|-unboost|p1a: Azumarill|atk|1
|move|p1a: Azumarill|Knock Off|p2a: betsy
|-resisted|p2a: betsy
|-damage|p2a: betsy|203\/241
|
|turn|2
|
|switch|p1a: Hippowdon|Hippowdon, F|419\/419
|-weather|Sandstorm
|-formechange|p2a: betsy|Mawile-Mega
|message|Mawile has Mega Evolved into Mega Mawile!
|move|p2a: betsy|Swords Dance|p2a: betsy
|-boost|p2a: betsy|atk|2
|
|-weather|Sandstorm|[upkeep]
|turn|3
|
|move|p2a: betsy|Play Rough|p1a: Hippowdon
|-damage|p1a: Hippowdon|20\/419
|move|p1a: Hippowdon|Earthquake|p2a: betsy
|-supereffective|p2a: betsy
|-damage|p2a: betsy|3\/241
|
|-weather|Sandstorm|[upkeep]
|-heal|p1a: Hippowdon|46\/419|[from] item: Leftovers
|turn|4
|
|move|p2a: betsy|Play Rough|p1a: Hippowdon
|-damage|p1a: Hippowdon|0 fnt
|faint|p1a: Hippowdon
|
|-weather|Sandstorm|[upkeep]
|
|switch|p1a: Azumarill|Azumarill, F|403\/403
|turn|5
|
|move|p1a: Azumarill|Aqua Jet|p2a: betsy
|-damage|p2a: betsy|0 fnt
|faint|p2a: betsy
|
|-weather|Sandstorm|[upkeep]
|-damage|p1a: Azumarill|378\/403|[from] sandstorm
|
|switch|p2a: CLEAN RITE|Rotom-Wash|304\/304
|turn|6
|
|switch|p1a: Umbreon|Umbreon, F, shiny|393\/393
|move|p2a: CLEAN RITE|Volt Switch|p1a: Umbreon
|-damage|p1a: Umbreon|320\/393
|
|switch|p2a: tyra banks|Deoxys-Speed|241\/241
|-ability|p2a: tyra banks|Pressure
|
|-weather|none
|-heal|p1a: Umbreon|344\/393|[from] item: Leftovers
|turn|7
|
|move|p2a: tyra banks|Knock Off|p1a: Umbreon
|-resisted|p1a: Umbreon
|-damage|p1a: Umbreon|314\/393
|-enditem|p1a: Umbreon|Leftovers|[from] move: Knock Off|[of] p2a: tyra banks
|-damage|p2a: tyra banks|217\/241|[from] item: Life Orb
|move|p1a: Umbreon|Foul Play|p2a: tyra banks
|-supereffective|p2a: tyra banks
|-damage|p2a: tyra banks|0 fnt
|faint|p2a: tyra banks
|
|
|switch|p2a: charisma|Greninja, M|285\/285
|turn|8
|
|move|p1a: Umbreon|Protect|p1a: Umbreon
|-singleturn|p1a: Umbreon|Protect
|-start|p2a: charisma|typechange|Bug|[from] Protean
|move|p2a: charisma|U-turn|p1a: Umbreon
|-activate|p1a: Umbreon|Protect
|
|turn|9
|
|-start|p2a: charisma|typechange|Water|[from] Protean
|move|p2a: charisma|Hydro Pump|p1a: Umbreon
|-damage|p1a: Umbreon|129\/393
|-damage|p2a: charisma|257\/285|[from] item: Life Orb
|move|p1a: Umbreon|Wish|p1a: Umbreon
|
|turn|10
|
|switch|p2a: CLEAN RITE|Rotom-Wash|304\/304
|move|p1a: Umbreon|Protect|p1a: Umbreon
|-fail|p1a: Umbreon
|
|-heal|p1a: Umbreon|325\/393|[from] move: Wish|[wisher] Umbreon
|turn|11
|
|move|p2a: CLEAN RITE|Hydro Pump|p1a: Umbreon
|-damage|p1a: Umbreon|217\/393
|move|p1a: Umbreon|Wish|p1a: Umbreon
|
|turn|12
|
|move|p2a: CLEAN RITE|Volt Switch|p1a: Umbreon
|-damage|p1a: Umbreon|148\/393
|
|switch|p2a: charisma|Greninja, M|257\/285
|move|p1a: Umbreon|Foul Play|p2a: charisma
|-resisted|p2a: charisma
|-damage|p2a: charisma|186\/285
|
|-heal|p1a: Umbreon|344\/393|[from] move: Wish|[wisher] Umbreon
|turn|13
|
|switch|p2a: CLEAN RITE|Rotom-Wash|304\/304
|move|p1a: Umbreon|Protect|p1a: Umbreon
|-fail|p1a: Umbreon
|
|turn|14
|
|move|p2a: CLEAN RITE|Will-O-Wisp|p1a: Umbreon|[miss]
|-miss|p2a: CLEAN RITE|p1a: Umbreon
|move|p1a: Umbreon|Wish|p1a: Umbreon
|
|turn|15
|
|move|p2a: CLEAN RITE|Hydro Pump|p1a: Umbreon
|-damage|p1a: Umbreon|236\/393
|move|p1a: Umbreon|Foul Play|p2a: CLEAN RITE
|-damage|p2a: CLEAN RITE|256\/304
|
|-heal|p1a: Umbreon|393\/393|[from] move: Wish|[wisher] Umbreon
|-heal|p2a: CLEAN RITE|275\/304|[from] item: Leftovers
|turn|16
|
|move|p2a: CLEAN RITE|Will-O-Wisp|p1a: Umbreon|[miss]
|-miss|p2a: CLEAN RITE|p1a: Umbreon
|move|p1a: Umbreon|Foul Play|p2a: CLEAN RITE
|-damage|p2a: CLEAN RITE|223\/304
|
|-heal|p2a: CLEAN RITE|242\/304|[from] item: Leftovers
|turn|17
|
|move|p2a: CLEAN RITE|Will-O-Wisp|p1a: Umbreon
|-status|p1a: Umbreon|brn
|-status|p2a: CLEAN RITE|brn
|move|p1a: Umbreon|Foul Play|p2a: CLEAN RITE
|-damage|p2a: CLEAN RITE|218\/304 brn
|
|-heal|p2a: CLEAN RITE|237\/304 brn|[from] item: Leftovers
|-damage|p2a: CLEAN RITE|199\/304 brn|[from] brn
|-damage|p1a: Umbreon|344\/393 brn|[from] brn
|turn|18
|
|move|p2a: CLEAN RITE|Volt Switch|p1a: Umbreon
|-damage|p1a: Umbreon|274\/393 brn
|
|switch|p2a: charisma|Greninja, M|186\/285
|move|p1a: Umbreon|Heal Bell|p1a: Umbreon
|-cureteam|p1a: Umbreon|[from] move: HealBell
|
|turn|19
|
|move|p1a: Umbreon|Protect|p1a: Umbreon
|-singleturn|p1a: Umbreon|Protect
|-start|p2a: charisma|typechange|Bug|[from] Protean
|move|p2a: charisma|U-turn|p1a: Umbreon
|-activate|p1a: Umbreon|Protect
|
|turn|20
|
|switch|p1a: Azumarill|Azumarill, F|378\/403
|move|p2a: charisma|U-turn|p1a: Azumarill
|-resisted|p1a: Azumarill
|-damage|p1a: Azumarill|318\/403
|-damage|p2a: charisma|158\/285|[from] item: Life Orb
|
|switch|p2a: wendy|Thundurus, M|299\/299
|
|turn|21
|
|switch|p1a: Latios|Latios, M|301\/301
|move|p2a: wendy|Thunderbolt|p1a: Latios
|-resisted|p1a: Latios
|-damage|p1a: Latios|204\/301
|-damage|p2a: wendy|270\/299|[from] item: Life Orb
|
|turn|22
|
|move|p2a: wendy|Knock Off|p1a: Latios
|-supereffective|p1a: Latios
|-damage|p1a: Latios|0 fnt
|-damage|p2a: wendy|241\/299|[from] item: Life Orb
|faint|p1a: Latios
|
|
|switch|p1a: Charizard|Charizard, F|333\/333
|turn|23
|
|switch|p2a: CLEAN RITE|Rotom-Wash|199\/304 brn
|-formechange|p1a: Charizard|Charizard-Mega-X
|message|Charizard has Mega Evolved into Mega Charizard!
|move|p1a: Charizard|Flare Blitz|p2a: CLEAN RITE
|-resisted|p2a: CLEAN RITE
|-damage|p2a: CLEAN RITE|95\/304 brn
|-damage|p1a: Charizard|299\/333|[from] recoil|[of] p2a: CLEAN RITE
|
|-heal|p2a: CLEAN RITE|114\/304 brn|[from] item: Leftovers
|-damage|p2a: CLEAN RITE|76\/304 brn|[from] brn
|turn|24
|
|move|p1a: Charizard|Flare Blitz|p2a: CLEAN RITE
|-resisted|p2a: CLEAN RITE
|-damage|p2a: CLEAN RITE|0 fnt
|-damage|p1a: Charizard|274\/333|[from] recoil|[of] p2a: CLEAN RITE
|faint|p2a: CLEAN RITE
|
|
|switch|p2a: charisma|Greninja, M|158\/285
|turn|25
|
|switch|p1a: Azumarill|Azumarill, F|318\/403
|-start|p2a: charisma|typechange|Water|[from] Protean
|move|p2a: charisma|Hydro Pump|p1a: Azumarill
|-resisted|p1a: Azumarill
|-damage|p1a: Azumarill|232\/403
|-damage|p2a: charisma|130\/285|[from] item: Life Orb
|
|turn|26
|
|-start|p2a: charisma|typechange|Grass|[from] Protean
|move|p2a: charisma|Hidden Power|p1a: Azumarill
|-supereffective|p1a: Azumarill
|-damage|p1a: Azumarill|42\/403
|-damage|p2a: charisma|102\/285|[from] item: Life Orb
|move|p1a: Azumarill|Knock Off|p2a: charisma
|-damage|p2a: charisma|0 fnt
|faint|p2a: charisma
|
|
|switch|p2a: wendy|Thundurus, M|241\/299
|turn|27
|
|move|p1a: Azumarill|Aqua Jet|p2a: wendy
|-damage|p2a: wendy|129\/299
|move|p2a: wendy|Thunderbolt|p1a: Azumarill
|-supereffective|p1a: Azumarill
|-damage|p1a: Azumarill|0 fnt
|-damage|p2a: wendy|100\/299|[from] item: Life Orb
|faint|p1a: Azumarill
|
|
|switch|p1a: Charizard|Charizard, F|274\/333
|-formechange|p1a: Charizard|Charizard-Mega-X
|turn|28
|
|move|p2a: wendy|Thunderbolt|p1a: Charizard
|-resisted|p1a: Charizard
|-damage|p1a: Charizard|156\/333
|-status|p1a: Charizard|par
|-damage|p2a: wendy|71\/299|[from] item: Life Orb
|move|p1a: Charizard|Flare Blitz|p2a: wendy
|-damage|p2a: wendy|0 fnt
|-damage|p1a: Charizard|133\/333 par|[from] recoil|[of] p2a: wendy
|faint|p2a: wendy
|
|
|switch|p2a: morrison|Mamoswine, F|361\/361
|turn|29
|
|move|p2a: morrison|Earthquake|p1a: Charizard
|-supereffective|p1a: Charizard
|-damage|p1a: Charizard|0 fnt
|-damage|p2a: morrison|325\/361|[from] item: Life Orb
|faint|p1a: Charizard
|
|
|switch|p1a: Aegislash|Aegislash, M|323\/323
|turn|30
|
|move|p2a: morrison|Earthquake|p1a: Aegislash
|-supereffective|p1a: Aegislash
|-damage|p1a: Aegislash|24\/323
|-damage|p2a: morrison|289\/361|[from] item: Life Orb
|-formechange|p1a: Aegislash|Aegislash-Blade
|move|p1a: Aegislash|Iron Head|p2a: morrison
|-supereffective|p2a: morrison
|-damage|p2a: morrison|0 fnt
|faint|p2a: morrison
|
|win|StrikeJP
|raw|Ladder updating...
|raw|StrikeJP's rating: 1761 &rarr; <strong>1778<\/strong><br \/>(+17 for winning)
|raw|bossboss's rating: 1707 &rarr; <strong>1690<\/strong><br \/>(-17 for losing)
|leave|bossboss
|player|p2