|join|Reverb
|join|bossboss
|player|p1|Reverb|#reverb
|player|p2|bossboss|2
|gametype|singles
|gen|6
|tier|OU
|rated
|clearpoke
|poke|p1|Empoleon, F
|poke|p1|Tyranitar, M
|poke|p1|Charizard, M
|poke|p1|Keldeo
|poke|p1|Kyurem-Black
|poke|p1|Landorus-Therian, M
|poke|p2|Alakazam, M
|poke|p2|Garchomp, F
|poke|p2|Lucario, F
|poke|p2|Greninja, F
|poke|p2|Gengar, M
|poke|p2|Breloom, F
|rule|Swagger Clause: Swagger is banned
|rule|Baton Pass Clause: Limit one PokÃ©mon knowing Baton Pass
|rule|Sleep Clause Mod: Limit one foe put to sleep
|rule|Species Clause: Limit one of each PokÃ©mon
|rule|OHKO Clause: OHKO moves are banned
|rule|Moody Clause: Moody is banned
|rule|Evasion Moves Clause: Evasion moves are banned
|rule|Endless Battle Clause: Forcing endless battles is banned
|rule|HP Percentage Mod: HP is shown in percentages
|teampreview
|join|Piccolo
|join|Gogoplata
|c|âbossboss|ah the fans
|join|WECAMEASROMANS
|c|âReverb|lel
|c| Gogoplata|nice snipe
|c|âbossboss|i love it
|join|Disorient
|c| Piccolo|reverb is #1 atm bossboss
|c|âbossboss|even better when i crush him
|join|belgrade
|c|âbossboss|before all the masses
|join|Wind God Girl
|join|Squirrelll
|c|âbossboss|let them all reel in
|join|Chillingtilnoon
|c|âbossboss|its time
|c|âbossboss|say your prayers
|
|start
|switch|p1a: Keldeo|Keldeo|323\/323
|switch|p2a: Greninja|Greninja, F|285\/285
|turn|1
|join|RS Swept
|
|switch|p1a: Empoleon|Empoleon, F|372\/372
|move|p2a: Greninja|Toxic Spikes|p1a: Empoleon
|-start|p2a: Greninja|typechange|Poison|[from] Protean
|-sidestart|p1: Reverb|move: Toxic Spikes
|
|turn|2
|
|move|p2a: Greninja|Dark Pulse|p1a: Empoleon
|-start|p2a: Greninja|typechange|Dark|[from] Protean
|-damage|p1a: Empoleon|255\/372
|cant|p1a: Empoleon|flinch
|
|-heal|p1a: Empoleon|278\/372|[from] item: Leftovers
|turn|3
|join|scrafty ALT
|join|SansNickel
|
|move|p2a: Greninja|Dark Pulse|p1a: Empoleon
|-damage|p1a: Empoleon|166\/372
|cant|p1a: Empoleon|flinch
|
|-heal|p1a: Empoleon|189\/372|[from] item: Leftovers
|turn|4
|c| Wind God Girl|ayyyy
|c|âReverb|tf
|c|âbossboss|Hackin
|
|move|p2a: Greninja|Dark Pulse|p1a: Empoleon
|-damage|p1a: Empoleon|77\/372
|move|p1a: Empoleon|Stealth Rock|p2a: Greninja
|-sidestart|p2: bossboss|move: Stealth Rock
|
|-heal|p1a: Empoleon|100\/372|[from] item: Leftovers
|turn|5
|join|Druides
|join|mistaken
|c| Piccolo|reverb roomvoice yourself
|
|switch|p1a: Tyranitar|Tyranitar, M|383\/383
|-status|p1a: Tyranitar|psn
|-weather|Sandstorm
|move|p2a: Greninja|Dark Pulse|p1a: Tyranitar
|-resisted|p1a: Tyranitar
|-damage|p1a: Tyranitar|346\/383 psn
|
|-weather|Sandstorm|[upkeep]
|-damage|p2a: Greninja|268\/285|[from] sandstorm
|-damage|p1a: Tyranitar|299\/383 psn|[from] psn
|turn|6
|join|Bloodz
|
|move|p2a: Greninja|Hydro Pump|p1a: Tyranitar
|-start|p2a: Greninja|typechange|Water|[from] Protean
|-supereffective|p1a: Tyranitar
|-damage|p1a: Tyranitar|16\/383 psn
|move|p1a: Tyranitar|Pursuit|p2a: Greninja
|-damage|p2a: Greninja|84\/285
|
|-weather|Sandstorm|[upkeep]
|-damage|p2a: Greninja|67\/285|[from] sandstorm
|-damage|p1a: Tyranitar|0 fnt|[from] psn
|faint|p1a: Tyranitar
|join|DisAintFalco
|
|switch|p1a: Landorus-Therian|Landorus-Therian, M|327\/327
|-ability|p1a: Landorus-Therian|Intimidate|[of] p2a: Greninja
|-unboost|p2a: Greninja|atk|1
|turn|7
|
|switch|p2a: Garchomp|Garchomp, F|357\/357
|-damage|p2a: Garchomp|335\/357|[from] Stealth Rock
|move|p1a: Landorus-Therian|U-turn|p2a: Garchomp
|-damage|p2a: Garchomp|245\/357
|-damage|p1a: Landorus-Therian|287\/327|[from] ability: Rough Skin|[of] p2a: Garchomp
|-damage|p1a: Landorus-Therian|233\/327|[from] item: Rocky Helmet|[of] p2a: Garchomp
|join|UrsaReign
|
|switch|p1a: Keldeo|Keldeo|323\/323
|-status|p1a: Keldeo|psn
|
|-weather|Sandstorm|[upkeep]
|-damage|p1a: Keldeo|303\/323 psn|[from] sandstorm
|-damage|p1a: Keldeo|263\/323 psn|[from] psn
|turn|8
|leave|Bloodz
|c|âbossboss|Hmmmmz.
|
|switch|p2a: Breloom|Breloom, F|320\/320
|-damage|p2a: Breloom|300\/320|[from] Stealth Rock
|move|p1a: Keldeo|Hydro Pump|p2a: Breloom
|-resisted|p2a: Breloom
|-damage|p2a: Breloom|156\/320
|
|-weather|Sandstorm|[upkeep]
|-damage|p1a: Keldeo|243\/323 psn|[from] sandstorm
|-damage|p2a: Breloom|136\/320|[from] sandstorm
|-damage|p1a: Keldeo|203\/323 psn|[from] psn
|-status|p2a: Breloom|tox|[from] item: Toxic Orb
|turn|9
|c|âbossboss|can i tank
|c|âbossboss|prolly not
|c| Wind God Girl|it will miss
|
|move|p1a: Keldeo|Hydro Pump|p2a: Breloom
|-resisted|p2a: Breloom
|-damage|p2a: Breloom|0 fnt
|faint|p2a: Breloom
|
|-weather|none
|-damage|p1a: Keldeo|163\/323 psn|[from] psn
|c| scrafty ALT|predict the miss imo
|c| Wind God Girl|see
|c| scrafty ALT|ll
|c| mistaken|never predict miss
|c| mistaken|unless sheer cold
|
|switch|p2a: Alakazam|Alakazam, M|252\/252
|turn|10
|c| scrafty ALT|jokes
|
|switch|p1a: Empoleon|Empoleon, F|100\/372
|move|p2a: Alakazam|Psychic|p1a: Empoleon
|-resisted|p1a: Empoleon
|-damage|p1a: Empoleon|20\/372
|
|-heal|p1a: Empoleon|43\/372|[from] item: Leftovers
|turn|11
|
|move|p2a: Alakazam|Psychic|p1a: Empoleon
|-resisted|p1a: Empoleon
|-damage|p1a: Empoleon|0 fnt
|faint|p1a: Empoleon
|
|
|switch|p1a: Charizard|Charizard, M|297\/297
|turn|12
|join|Arcanine is Regal
|c|âReverb|!learn alakazam, ancient power
|raw|<div class="infobox">Alakazam <span class="message-learn-cannotlearn">can't<\/span> learn Ancient Power<\/div>
|c|âReverb|!learn alakazam, stone edge
|raw|<div class="infobox">Alakazam <span class="message-learn-cannotlearn">can't<\/span> learn Stone Edge<\/div>
|c| Wind God Girl|reveal hp rock
|c| UrsaReign|lol stone edge?
|c|âReverb|im playing around
|c|âReverb|chill nigga
|
|detailschange|p2a: Alakazam|Alakazam-Mega, M
|message|Alakazam has Mega Evolved into Mega Alakazam!
|-ability|p2a: Alakazam|Blaze|[from] ability: Trace|[of] p1a: Charizard
|detailschange|p1a: Charizard|Charizard-Mega-Y, M
|message|Charizard has Mega Evolved into Mega Charizard!
|-weather|SunnyDay
|move|p2a: Alakazam|Psychic|p1a: Charizard
|-damage|p1a: Charizard|134\/297
|move|p1a: Charizard|Fire Blast|p2a: Alakazam
|-damage|p2a: Alakazam|0 fnt
|faint|p2a: Alakazam
|
|-weather|SunnyDay|[upkeep]
|c| UrsaReign|lol aight
|join|Austin
|
|switch|p2a: Garchomp|Garchomp, F|245\/357
|-damage|p2a: Garchomp|223\/357|[from] Stealth Rock
|turn|13
|
|move|p2a: Garchomp|Stealth Rock|p1a: Charizard
|-sidestart|p1: Reverb|move: Stealth Rock
|move|p1a: Charizard|Solar Beam|p2a: Garchomp|[still]
|-prepare|p1a: Charizard|Solar Beam|p2a: Garchomp
|-anim|p1a: Charizard|Solar Beam|p2a: Garchomp
|-damage|p2a: Garchomp|31\/357
|
|-weather|SunnyDay|[upkeep]
|turn|14
|c|âbossboss|tank
|
|move|p2a: Garchomp|Dragon Claw|p1a: Charizard
|-damage|p1a: Charizard|0 fnt
|faint|p1a: Charizard
|
|-weather|SunnyDay|[upkeep]
|join|Gizmo
|c| UrsaReign|...
|
|switch|p1a: Keldeo|Keldeo|163\/323 psn
|-damage|p1a: Keldeo|143\/323 psn|[from] Stealth Rock
|turn|15
|c| Gizmo|your own sun
|leave|WECAMEASROMANS
|c| Gizmo|fucking over your keld
|c| Gizmo|nichze
|c| UrsaReign|would fire blast have killed?
|c| Wind God Girl|keldeo in sun
|c| Piccolo|ursa fireblast is resisted
|c| Disorient|fire blast would have missed obviously
|c| Piccolo|so probably not
|c|âReverb|lol
|c| Wind God Girl|actually
|
|move|p1a: Keldeo|Scald|p2a: Garchomp
|-damage|p2a: Garchomp|0 fnt
|faint|p2a: Garchomp
|
|-weather|SunnyDay|[upkeep]
|-damage|p1a: Keldeo|103\/323 psn|[from] psn
|c| Wind God Girl|I think fireblast does more than solar beam
|c| Wind God Girl|on resists
|c| Gizmo|it does
|c| Piccolo|hm
|c| UrsaReign|1.5*1.5*\/2=1.125*
|c| Piccolo|i guess i'm wrong
|c| Gizmo|it's stab and sun boosted
|c| SansNickel|fireblast does more
|c| Gizmo|it should do more
|c| Wind God Girl|it has 124 base power
|
|switch|p2a: Gengar|Gengar, M|262\/262
|-damage|p2a: Gengar|230\/262|[from] Stealth Rock
|turn|16
|c| Gizmo|lol
|c| Wind God Girl|opposed to 120
|
|move|p2a: Gengar|Shadow Ball|p1a: Keldeo
|-damage|p1a: Keldeo|0 fnt
|faint|p1a: Keldeo
|
|-weather|none
|-heal|p2a: Gengar|246\/262|[from] item: Black Sludge
|c| Wind God Girl|so not much more
|c| UrsaReign|and same base power
|c| UrsaReign|oh nvm then
|
|switch|p1a: Kyurem-Black|Kyurem-Black|391\/391
|-status|p1a: Kyurem-Black|psn
|-damage|p1a: Kyurem-Black|294\/391 psn|[from] Stealth Rock
|-ability|p1a: Kyurem-Black|Teravolt
|turn|17
|c| UrsaReign|forgot fb was 110
|c| Wind God Girl|just blame it on hax
|
|switch|p2a: Greninja|Greninja, F|67\/285
|-damage|p2a: Greninja|32\/285|[from] Stealth Rock
|move|p1a: Kyurem-Black|Earth Power|p2a: Greninja
|-damage|p2a: Greninja|0 fnt
|faint|p2a: Greninja
|
|-damage|p1a: Kyurem-Black|246\/391 psn|[from] psn
|c|âbossboss|hmmmz
|
|switch|p2a: Lucario|Lucario, F|281\/281
|-damage|p2a: Lucario|273\/281|[from] Stealth Rock
|turn|18
|
|move|p2a: Lucario|Bullet Punch|p1a: Kyurem-Black
|-supereffective|p1a: Kyurem-Black
|-damage|p1a: Kyurem-Black|48\/391 psn
|-damage|p2a: Lucario|245\/281|[from] item: Life Orb
|move|p1a: Kyurem-Black|Earth Power|p2a: Lucario
|-supereffective|p2a: Lucario
|-damage|p2a: Lucario|41\/281
|
|-damage|p1a: Kyurem-Black|0 fnt|[from] psn
|faint|p1a: Kyurem-Black
|join|AjTheEpic
|c| Wind God Girl|rip
|c|âbossboss|tank
|
|switch|p1a: Landorus-Therian|Landorus-Therian, M|233\/327
|-damage|p1a: Landorus-Therian|193\/327|[from] Stealth Rock
|-ability|p1a: Landorus-Therian|Intimidate|[of] p2a: Lucario
|-unboost|p2a: Lucario|atk|1
|turn|19
|leave|Chillingtilnoon
|
|move|p2a: Lucario|Extreme Speed|p1a: Landorus-Therian
|-damage|p1a: Landorus-Therian|105\/327
|-damage|p2a: Lucario|13\/281|[from] item: Life Orb
|move|p1a: Landorus-Therian|Stone Edge|p2a: Lucario
|-resisted|p2a: Lucario
|-damage|p2a: Lucario|0 fnt
|faint|p2a: Lucario
|
|c|âReverb|shame i donk have ko
|
|switch|p2a: Gengar|Gengar, M|246\/262
|-damage|p2a: Gengar|214\/262|[from] Stealth Rock
|turn|20
|c| AjTheEpic|why not knock off?
|c|âbossboss|you will crit for justice
|c| Gizmo|knock off is meh rn
|c| Wind God Girl|*miss
|c|âReverb|i have boom
|c| Gizmo|boom is best
|c| Gogoplata|use equake
|c| Piccolo|reverb you're scarf right?
|c|âReverb|ye
|c| Gizmo|after boom then superpower
|c| Piccolo|gogo, levitate
|c| Gizmo|then knock i guess
|c| Gogoplata|It was a joke mang
|c|âbossboss|superpower land-t is shit
|c| Piccolo|oh i see sorry
|c| Wind God Girl|always blame hax
|c| SansNickel|crit inc
|c| UrsaReign|explosion
|c| Piccolo|bossboss are you timerstalling for dramatic effect or what
|
|move|p1a: Landorus-Therian|Stone Edge|p2a: Gengar
|-damage|p2a: Gengar|14\/262
|move|p2a: Gengar|Shadow Ball|p1a: Landorus-Therian
|-damage|p1a: Landorus-Therian|0 fnt
|faint|p1a: Landorus-Therian
|
|win|bossboss
|raw|Ladder updating...
|raw|Reverb's rating: 1839 &rarr; <strong>1810<\/strong><br \/>(-29 for losing)
|raw|bossboss's rating: 1662 &rarr; <strong>1691<\/strong><br \/>(+29 for winning)
|c|âReverb|gg
|c| Wind God Girl|ayyyy
|c| Arcanine is Regal|nooo
|c| scrafty ALT|tanked
|c| UrsaReign|...mm
|leave|Reverb
|player|p1
|leave|Gizmo
|leave|Austin
|leave|SansNickel
|leave|UrsaReign
|join|SansNickel
|leave|bossboss
|player|p2
|leave|SansNickel
|leave|scrafty ALT
|leave|Arcanine is Regal
|leave|Gogoplata