|join|bossboss
|join|This game is aids
|player|p1|bossboss|266
|player|p2|This game is aids|4
|gametype|singles
|gen|6
|tier|OU
|rated
|clearpoke
|poke|p1|Celebi
|poke|p1|Heracross, F
|poke|p1|Uxie
|poke|p1|Azumarill, M
|poke|p1|Crawdaunt, F
|poke|p1|Cresselia, F
|poke|p2|Tyranitar, F
|poke|p2|Excadrill, M
|poke|p2|Greninja, F
|poke|p2|Pinsir, M
|poke|p2|Talonflame, M
|poke|p2|Dragonite, M
|rule|Swagger Clause: Swagger is banned
|rule|Baton Pass Clause: Limit one PokÃ©mon knowing Baton Pass
|rule|Sleep Clause Mod: Limit one foe put to sleep
|rule|Species Clause: Limit one of each PokÃ©mon
|rule|OHKO Clause: OHKO moves are banned
|rule|Moody Clause: Moody is banned
|rule|Evasion Moves Clause: Evasion moves are banned
|rule|Endless Battle Clause: Forcing endless battles is banned
|rule|HP Percentage Mod: HP is shown in percentages
|teampreview
|
|start
|switch|p1a: Heracross|Heracross, F|364\/364
|switch|p2a: Talonflame|Talonflame, M|309\/309
|turn|1
|
|switch|p1a: Cresselia|Cresselia, F|444\/444
|move|p2a: Talonflame|U-turn|p1a: Cresselia
|-supereffective|p1a: Cresselia
|-damage|p1a: Cresselia|350\/444
|-damage|p2a: Talonflame|258\/309|[from] item: Rocky Helmet|[of] p1a: Cresselia
|
|switch|p2a: Tyranitar|Tyranitar, F|341\/341
|-weather|Sandstorm
|
|-weather|Sandstorm|[upkeep]
|-damage|p1a: Cresselia|323\/444|[from] sandstorm
|turn|2
|
|switch|p1a: Heracross|Heracross, F|364\/364
|move|p2a: Tyranitar|Stealth Rock|p1a: Heracross
|-sidestart|p1: bossboss|move: Stealth Rock
|
|-weather|Sandstorm|[upkeep]
|-damage|p1a: Heracross|342\/364|[from] sandstorm
|turn|3
|
|detailschange|p1a: Heracross|Heracross-Mega, F
|message|Heracross has Mega Evolved into Mega Heracross!
|move|p2a: Tyranitar|Fire Blast|p1a: Heracross
|-supereffective|p1a: Heracross
|-damage|p1a: Heracross|152\/364
|move|p1a: Heracross|Rock Blast|p2a: Tyranitar
|-damage|p2a: Tyranitar|301\/341
|-damage|p2a: Tyranitar|261\/341
|-damage|p2a: Tyranitar|219\/341
|-damage|p2a: Tyranitar|178\/341
|-damage|p2a: Tyranitar|141\/341
|-hitcount|p2a: Tyranitar|5
|
|-weather|Sandstorm|[upkeep]
|-damage|p1a: Heracross|130\/364|[from] sandstorm
|turn|4
|
|switch|p1a: Uxie|Uxie|354\/354
|-damage|p1a: Uxie|310\/354|[from] Stealth Rock
|move|p2a: Tyranitar|Fire Blast|p1a: Uxie
|-damage|p1a: Uxie|222\/354
|-enditem|p1a: Uxie|Red Card|[of] p2a: Tyranitar
|drag|p2a: Dragonite|Dragonite, M|323\/323
|
|-weather|Sandstorm|[upkeep]
|-damage|p2a: Dragonite|303\/323|[from] sandstorm
|-damage|p1a: Uxie|200\/354|[from] sandstorm
|turn|5
|
|switch|p2a: Excadrill|Excadrill, M|369\/369
|move|p1a: Uxie|Stealth Rock|p2a: Excadrill
|-sidestart|p2: This game is aids|move: Stealth Rock
|
|-weather|none
|turn|6
|
|move|p2a: Excadrill|Rapid Spin|p1a: Uxie
|-crit|p1a: Uxie
|-damage|p1a: Uxie|166\/354
|-sideend|p2: This game is aids|Stealth Rock|[from] move: Rapid Spin|[of] p2a: Excadrill
|-damage|p2a: Excadrill|333\/369|[from] item: Life Orb
|move|p1a: Uxie|Trick Room|p1a: Uxie
|-fieldstart|move: Trick Room|[of] p1a: Uxie
|
|turn|7
|
|move|p1a: Uxie|Stealth Rock|p2a: Excadrill
|-sidestart|p2: This game is aids|move: Stealth Rock
|move|p2a: Excadrill|Rapid Spin|p1a: Uxie
|-damage|p1a: Uxie|143\/354
|-sideend|p2: This game is aids|Stealth Rock|[from] move: Rapid Spin|[of] p2a: Excadrill
|-damage|p2a: Excadrill|297\/369|[from] item: Life Orb
|
|turn|8
|
|move|p1a: Uxie|Stealth Rock|p2a: Excadrill
|-sidestart|p2: This game is aids|move: Stealth Rock
|move|p2a: Excadrill|Rapid Spin|p1a: Uxie
|-damage|p1a: Uxie|120\/354
|-sideend|p2: This game is aids|Stealth Rock|[from] move: Rapid Spin|[of] p2a: Excadrill
|-damage|p2a: Excadrill|261\/369|[from] item: Life Orb
|
|turn|9
|
|move|p1a: Uxie|Stealth Rock|p2a: Excadrill
|-sidestart|p2: This game is aids|move: Stealth Rock
|move|p2a: Excadrill|Rapid Spin|p1a: Uxie
|-damage|p1a: Uxie|98\/354
|-sideend|p2: This game is aids|Stealth Rock|[from] move: Rapid Spin|[of] p2a: Excadrill
|-damage|p2a: Excadrill|225\/369|[from] item: Life Orb
|
|turn|10
|
|switch|p1a: Cresselia|Cresselia, F|323\/444
|-damage|p1a: Cresselia|268\/444|[from] Stealth Rock
|move|p2a: Excadrill|Rapid Spin|p1a: Cresselia
|-damage|p1a: Cresselia|246\/444
|-damage|p2a: Excadrill|164\/369|[from] item: Rocky Helmet|[of] p1a: Cresselia
|-damage|p2a: Excadrill|128\/369|[from] item: Life Orb
|
|-fieldend|move: Trick Room
|turn|11
|
|move|p2a: Excadrill|Iron Head|p1a: Cresselia
|-damage|p1a: Cresselia|108\/444
|-damage|p2a: Excadrill|67\/369|[from] item: Rocky Helmet|[of] p1a: Cresselia
|-damage|p2a: Excadrill|31\/369|[from] item: Life Orb
|move|p1a: Cresselia|Trick Room|p1a: Cresselia
|-fieldstart|move: Trick Room|[of] p1a: Cresselia
|
|turn|12
|
|switch|p2a: Tyranitar|Tyranitar, F|141\/341
|-weather|Sandstorm
|move|p1a: Cresselia|Lunar Dance|p1a: Cresselia
|faint|p1a: Cresselia
|
|-weather|Sandstorm|[upkeep]
|
|switch|p1a: Uxie|Uxie|98\/354
|-heal|p1a: Uxie|354\/354|[from] move: Lunar Dance
|-damage|p1a: Uxie|310\/354|[from] Stealth Rock
|turn|13
|
|move|p1a: Uxie|Stealth Rock|p2a: Tyranitar
|-sidestart|p2: This game is aids|move: Stealth Rock
|move|p2a: Tyranitar|Crunch|p1a: Uxie
|-crit|p1a: Uxie
|-supereffective|p1a: Uxie
|-damage|p1a: Uxie|104\/354
|
|-weather|Sandstorm|[upkeep]
|-damage|p1a: Uxie|82\/354|[from] sandstorm
|turn|14
|
|move|p1a: Uxie|Memento|p2a: Tyranitar
|-unboost|p2a: Tyranitar|atk|2
|-unboost|p2a: Tyranitar|spa|2
|faint|p1a: Uxie
|move|p2a: Tyranitar|Crunch|p1: Uxie|[notarget]
|-notarget
|
|-weather|Sandstorm|[upkeep]
|
|switch|p1a: Celebi|Celebi|404\/404
|-damage|p1a: Celebi|354\/404|[from] Stealth Rock
|turn|15
|
|move|p1a: Celebi|U-turn|p2a: Tyranitar
|-supereffective|p2a: Tyranitar
|-damage|p2a: Tyranitar|41\/341
|
|switch|p1a: Azumarill|Azumarill, M|404\/404
|-damage|p1a: Azumarill|354\/404|[from] Stealth Rock
|move|p2a: Tyranitar|Crunch|p1a: Azumarill
|-resisted|p1a: Azumarill
|-damage|p1a: Azumarill|318\/404
|-unboost|p1a: Azumarill|def|1
|
|-weather|Sandstorm|[upkeep]
|-damage|p1a: Azumarill|293\/404|[from] sandstorm
|-fieldend|move: Trick Room
|turn|16
|
|switch|p2a: Excadrill|Excadrill, M|31\/369
|-damage|p2a: Excadrill|20\/369|[from] Stealth Rock
|move|p1a: Azumarill|Aqua Jet|p2a: Excadrill
|-supereffective|p2a: Excadrill
|-damage|p2a: Excadrill|0 fnt
|faint|p2a: Excadrill
|
|-weather|none
|
|switch|p2a: Talonflame|Talonflame, M|258\/309
|-damage|p2a: Talonflame|104\/309|[from] Stealth Rock
|turn|17
|
|switch|p1a: Heracross|Heracross-Mega, F|130\/364
|-damage|p1a: Heracross|85\/364|[from] Stealth Rock
|move|p2a: Talonflame|Brave Bird|p1a: Heracross
|-supereffective|p1a: Heracross
|-damage|p1a: Heracross|0 fnt
|-damage|p2a: Talonflame|76\/309|[from] recoil|[of] p1a: Heracross
|faint|p1a: Heracross
|
|
|switch|p1a: Azumarill|Azumarill, M|293\/404
|-damage|p1a: Azumarill|243\/404|[from] Stealth Rock
|turn|18
|
|move|p2a: Talonflame|Brave Bird|p1a: Azumarill
|-damage|p1a: Azumarill|0 fnt
|-damage|p2a: Talonflame|0 fnt|[from] recoil|[of] p1a: Azumarill
|faint|p1a: Azumarill
|faint|p2a: Talonflame
|
|
|switch|p2a: Greninja|Greninja, F|286\/286
|switch|p1a: Celebi|Celebi|354\/404
|-damage|p2a: Greninja|251\/286|[from] Stealth Rock
|-damage|p1a: Celebi|304\/404|[from] Stealth Rock
|turn|19
|
|move|p2a: Greninja|Ice Beam|p1a: Celebi
|-start|p2a: Greninja|typechange|Ice|[from] Protean
|-supereffective|p1a: Celebi
|-damage|p1a: Celebi|54\/404
|-damage|p2a: Greninja|223\/286|[from] item: Life Orb
|move|p1a: Celebi|Trick Room|p1a: Celebi
|-fieldstart|move: Trick Room|[of] p1a: Celebi
|
|-heal|p1a: Celebi|79\/404|[from] item: Leftovers
|turn|20
|
|move|p1a: Celebi|Healing Wish|p1a: Celebi
|faint|p1a: Celebi
|move|p2a: Greninja|Ice Beam|p1: Celebi|[notarget]
|-notarget
|
|
|switch|p1a: Crawdaunt|Crawdaunt, F|329\/329
|-heal|p1a: Crawdaunt|329\/329|[from] move: Healing Wish
|-damage|p1a: Crawdaunt|288\/329|[from] Stealth Rock
|turn|21
|
|move|p1a: Crawdaunt|Knock Off|p2a: Greninja
|-damage|p2a: Greninja|0 fnt
|-enditem|p2a: Greninja|Life Orb|[from] move: Knock Off|[of] p1a: Crawdaunt
|-damage|p1a: Crawdaunt|256\/329|[from] item: Life Orb
|faint|p2a: Greninja
|
|
|switch|p2a: Tyranitar|Tyranitar, F|41\/341
|-damage|p2a: Tyranitar|0 fnt|[from] Stealth Rock
|faint|p2a: Tyranitar
|
|switch|p2a: Dragonite|Dragonite, M|303\/323
|-damage|p2a: Dragonite|223\/323|[from] Stealth Rock
|turn|22
|
|move|p2a: Dragonite|Extreme Speed|p1a: Crawdaunt
|-damage|p1a: Crawdaunt|75\/329
|move|p1a: Crawdaunt|Knock Off|p2a: Dragonite
|-damage|p2a: Dragonite|0 fnt
|-enditem|p2a: Dragonite|Choice Band|[from] move: Knock Off|[of] p1a: Crawdaunt
|-damage|p1a: Crawdaunt|43\/329|[from] item: Life Orb
|faint|p2a: Dragonite
|
|
|switch|p2a: Pinsir|Pinsir, M|271\/271
|-damage|p2a: Pinsir|204\/271|[from] Stealth Rock
|turn|23
|
|detailschange|p2a: Pinsir|Pinsir-Mega, M
|message|Pinsir has Mega Evolved into Mega Pinsir!
|move|p1a: Crawdaunt|Aqua Jet|p2a: Pinsir
|-damage|p2a: Pinsir|103\/271
|-damage|p1a: Crawdaunt|11\/329|[from] item: Life Orb
|move|p2a: Pinsir|Quick Attack|p1a: Crawdaunt
|-damage|p1a: Crawdaunt|0 fnt
|faint|p1a: Crawdaunt
|
|win|This game is aids
|raw|Ladder updating...
|raw|bossboss's rating: 1638 &rarr; <strong>1616<\/strong><br \/>(-22 for losing)
|raw|This game is aids's rating: 1599 &rarr; <strong>1621<\/strong><br \/>(+22 for winning)
|leave|bossboss
|player|p1