|join|bossboss
|join|Mama Smurf
|player|p1|bossboss|1
|player|p2|Mama Smurf|148
|gametype|singles
|gen|6
|tier|OU
|rated
|clearpoke
|poke|p1|Diancie
|poke|p1|Keldeo
|poke|p1|Excadrill, M
|poke|p1|Serperior, F
|poke|p1|Tyranitar, M
|poke|p1|Rotom-Wash
|poke|p2|Magnezone
|poke|p2|Venusaur, M
|poke|p2|Latias, F
|poke|p2|Conkeldurr, M
|poke|p2|Azumarill, F
|poke|p2|Landorus-Therian, M
|rule|Swagger Clause: Swagger is banned
|rule|Baton Pass Clause: Limit one PokÃ©mon knowing Baton Pass
|rule|Sleep Clause Mod: Limit one foe put to sleep
|rule|Species Clause: Limit one of each PokÃ©mon
|rule|OHKO Clause: OHKO moves are banned
|rule|Moody Clause: Moody is banned
|rule|Evasion Moves Clause: Evasion moves are banned
|rule|Endless Battle Clause: Forcing endless battles is banned
|rule|HP Percentage Mod: HP is shown in percentages
|teampreview
|c|âbossboss|your team is laaaameee
|
|start
|switch|p1a: Rotom-Wash|Rotom-Wash|303\/303
|switch|p2a: Landorus-Therian|Landorus-Therian, M|382\/382
|-ability|p2a: Landorus-Therian|Intimidate|[of] p1a: Rotom-Wash
|-unboost|p1a: Rotom-Wash|atk|1
|turn|1
|
|move|p1a: Rotom-Wash|Will-O-Wisp|p2a: Landorus-Therian
|-status|p2a: Landorus-Therian|brn
|move|p2a: Landorus-Therian|Stealth Rock|p1a: Rotom-Wash
|-sidestart|p1: bossboss|move: Stealth Rock
|
|-damage|p2a: Landorus-Therian|335\/382 brn|[from] brn
|turn|2
|
|switch|p2a: Latias|Latias, F|302\/302
|move|p1a: Rotom-Wash|Will-O-Wisp|p2a: Latias
|-status|p2a: Latias|brn
|
|-damage|p2a: Latias|265\/302 brn|[from] brn
|turn|3
|
|move|p2a: Latias|Draco Meteor|p1a: Rotom-Wash|[miss]
|-miss|p2a: Latias|p1a: Rotom-Wash
|move|p1a: Rotom-Wash|Volt Switch|p2a: Latias
|-resisted|p2a: Latias
|-damage|p2a: Latias|230\/302 brn
|
|switch|p1a: Tyranitar|Tyranitar, M|403\/403
|-damage|p1a: Tyranitar|353\/403|[from] Stealth Rock
|-weather|Sandstorm
|
|-weather|Sandstorm|[upkeep]
|-damage|p2a: Latias|212\/302 brn|[from] sandstorm
|-damage|p2a: Latias|175\/302 brn|[from] brn
|turn|4
|
|move|p2a: Latias|Healing Wish|p2a: Latias
|faint|p2a: Latias
|move|p1a: Tyranitar|Stealth Rock|p2: Latias
|-sidestart|p2: Mama Smurf|move: Stealth Rock
|
|-weather|Sandstorm|[upkeep]
|
|switch|p2a: Landorus-Therian|Landorus-Therian, M|335\/382 brn
|-heal|p2a: Landorus-Therian|382\/382|[from] move: Healing Wish
|-damage|p2a: Landorus-Therian|335\/382|[from] Stealth Rock
|-ability|p2a: Landorus-Therian|Intimidate|[of] p1a: Tyranitar
|-unboost|p1a: Tyranitar|atk|1
|turn|5
|
|switch|p1a: Rotom-Wash|Rotom-Wash|303\/303
|-damage|p1a: Rotom-Wash|266\/303|[from] Stealth Rock
|move|p2a: Landorus-Therian|U-turn|p1a: Rotom-Wash
|-damage|p1a: Rotom-Wash|199\/303
|
|switch|p2a: Conkeldurr|Conkeldurr, M|401\/401
|-damage|p2a: Conkeldurr|376\/401|[from] Stealth Rock
|
|-weather|Sandstorm|[upkeep]
|-damage|p1a: Rotom-Wash|181\/303|[from] sandstorm
|-damage|p2a: Conkeldurr|351\/401|[from] sandstorm
|-heal|p1a: Rotom-Wash|199\/303|[from] item: Leftovers
|turn|6
|
|switch|p2a: Magnezone|Magnezone|282\/282
|-damage|p2a: Magnezone|265\/282|[from] Stealth Rock
|move|p1a: Rotom-Wash|Hydro Pump|p2a: Magnezone
|-damage|p2a: Magnezone|130\/282
|
|-weather|Sandstorm|[upkeep]
|-damage|p1a: Rotom-Wash|181\/303|[from] sandstorm
|-heal|p1a: Rotom-Wash|199\/303|[from] item: Leftovers
|turn|7
|
|switch|p1a: Excadrill|Excadrill, M|361\/361
|-damage|p1a: Excadrill|350\/361|[from] Stealth Rock
|move|p2a: Magnezone|Thunderbolt|p1a: Excadrill
|-immune|p1a: Excadrill|[msg]
|
|-weather|Sandstorm|[upkeep]
|turn|8
|
|switch|p2a: Landorus-Therian|Landorus-Therian, M|335\/382
|-damage|p2a: Landorus-Therian|288\/382|[from] Stealth Rock
|-ability|p2a: Landorus-Therian|Intimidate|[of] p1a: Excadrill
|-unboost|p1a: Excadrill|atk|1
|move|p1a: Excadrill|Iron Head|p2a: Landorus-Therian
|-damage|p2a: Landorus-Therian|183\/382
|-damage|p1a: Excadrill|290\/361|[from] item: Rocky Helmet|[of] p2a: Landorus-Therian
|-damage|p1a: Excadrill|254\/361|[from] item: Life Orb
|
|-weather|Sandstorm|[upkeep]
|turn|9
|
|switch|p1a: Rotom-Wash|Rotom-Wash|199\/303
|-damage|p1a: Rotom-Wash|162\/303|[from] Stealth Rock
|move|p2a: Landorus-Therian|U-turn|p1a: Rotom-Wash
|-damage|p1a: Rotom-Wash|95\/303
|
|switch|p2a: Conkeldurr|Conkeldurr, M|351\/401
|-damage|p2a: Conkeldurr|326\/401|[from] Stealth Rock
|
|-weather|Sandstorm|[upkeep]
|-damage|p1a: Rotom-Wash|77\/303|[from] sandstorm
|-damage|p2a: Conkeldurr|301\/401|[from] sandstorm
|-heal|p1a: Rotom-Wash|95\/303|[from] item: Leftovers
|turn|10
|
|move|p1a: Rotom-Wash|Pain Split|p2a: Conkeldurr
|-sethp|p2a: Conkeldurr|198\/401|p1a: Rotom-Wash|198\/303|[from] move: Pain Split
|move|p2a: Conkeldurr|Drain Punch|p1a: Rotom-Wash
|-damage|p1a: Rotom-Wash|53\/303
|-heal|p2a: Conkeldurr|271\/401|[from] drain|[of] p1a: Rotom-Wash
|
|-weather|none
|-heal|p1a: Rotom-Wash|71\/303|[from] item: Leftovers
|turn|11
|
|move|p1a: Rotom-Wash|Pain Split|p2a: Conkeldurr
|-sethp|p2a: Conkeldurr|171\/401|p1a: Rotom-Wash|171\/303|[from] move: Pain Split
|move|p2a: Conkeldurr|Drain Punch|p1a: Rotom-Wash
|-damage|p1a: Rotom-Wash|18\/303
|-heal|p2a: Conkeldurr|248\/401|[from] drain|[of] p1a: Rotom-Wash
|
|-heal|p1a: Rotom-Wash|36\/303|[from] item: Leftovers
|turn|12
|
|move|p2a: Conkeldurr|Mach Punch|p1a: Rotom-Wash
|-damage|p1a: Rotom-Wash|0 fnt
|faint|p1a: Rotom-Wash
|
|
|switch|p1a: Diancie|Diancie|241\/241
|-damage|p1a: Diancie|211\/241|[from] Stealth Rock
|turn|13
|
|switch|p2a: Venusaur|Venusaur, M|354\/354
|-damage|p2a: Venusaur|310\/354|[from] Stealth Rock
|detailschange|p1a: Diancie|Diancie-Mega
|-mega|p1a: Diancie|Diancie|Diancite
|move|p1a: Diancie|Moonblast|p2a: Venusaur
|-resisted|p2a: Venusaur
|-damage|p2a: Venusaur|196\/354
|
|turn|14
|
|switch|p1a: Tyranitar|Tyranitar, M|353\/403
|-damage|p1a: Tyranitar|303\/403|[from] Stealth Rock
|-weather|Sandstorm
|detailschange|p2a: Venusaur|Venusaur-Mega, M
|-mega|p2a: Venusaur|Venusaur|Venusaurite
|move|p2a: Venusaur|Sludge Bomb|p1a: Tyranitar
|-resisted|p1a: Tyranitar
|-damage|p1a: Tyranitar|249\/403
|
|-weather|Sandstorm|[upkeep]
|-damage|p2a: Venusaur|174\/354|[from] sandstorm
|turn|15
|
|move|p2a: Venusaur|Giga Drain|p1a: Tyranitar
|-supereffective|p1a: Tyranitar
|-damage|p1a: Tyranitar|55\/403
|-heal|p2a: Venusaur|271\/354|[from] drain|[of] p1a: Tyranitar
|move|p1a: Tyranitar|Fire Blast|p2a: Venusaur|[miss]
|-miss|p1a: Tyranitar|p2a: Venusaur
|
|-weather|Sandstorm|[upkeep]
|-damage|p2a: Venusaur|249\/354|[from] sandstorm
|turn|16
|
|move|p2a: Venusaur|Giga Drain|p1a: Tyranitar
|-supereffective|p1a: Tyranitar
|-damage|p1a: Tyranitar|0 fnt
|-heal|p2a: Venusaur|277\/354|[from] drain|[of] p1a: Tyranitar
|faint|p1a: Tyranitar
|
|-weather|Sandstorm|[upkeep]
|-damage|p2a: Venusaur|255\/354|[from] sandstorm
|
|switch|p1a: Excadrill|Excadrill, M|254\/361
|-damage|p1a: Excadrill|243\/361|[from] Stealth Rock
|turn|17
|
|move|p1a: Excadrill|Swords Dance|p1a: Excadrill
|-boost|p1a: Excadrill|atk|2
|move|p2a: Venusaur|Giga Drain|p1a: Excadrill
|-damage|p1a: Excadrill|59\/361
|-heal|p2a: Venusaur|347\/354|[from] drain|[of] p1a: Excadrill
|
|-weather|Sandstorm|[upkeep]
|-damage|p2a: Venusaur|325\/354|[from] sandstorm
|turn|18
|
|switch|p2a: Landorus-Therian|Landorus-Therian, M|183\/382
|-damage|p2a: Landorus-Therian|136\/382|[from] Stealth Rock
|-ability|p2a: Landorus-Therian|Intimidate|[of] p1a: Excadrill
|-unboost|p1a: Excadrill|atk|1
|move|p1a: Excadrill|Iron Head|p2a: Landorus-Therian
|-damage|p2a: Landorus-Therian|0 fnt
|-damage|p1a: Excadrill|0 fnt|[from] item: Rocky Helmet|[of] p2a: Landorus-Therian
|faint|p1a: Excadrill
|faint|p2a: Landorus-Therian
|
|-weather|Sandstorm|[upkeep]
|
|switch|p1a: Keldeo|Keldeo|323\/323
|switch|p2a: Venusaur|Venusaur-Mega, M|325\/354
|-damage|p1a: Keldeo|303\/323|[from] Stealth Rock
|-damage|p2a: Venusaur|281\/354|[from] Stealth Rock
|turn|19
|
|move|p1a: Keldeo|Scald|p2a: Venusaur
|-resisted|p2a: Venusaur
|-damage|p2a: Venusaur|196\/354
|-status|p2a: Venusaur|brn
|move|p2a: Venusaur|Giga Drain|p1a: Keldeo
|-supereffective|p1a: Keldeo
|-damage|p1a: Keldeo|0 fnt
|-heal|p2a: Venusaur|348\/354 brn|[from] drain|[of] p1a: Keldeo
|faint|p1a: Keldeo
|
|-weather|Sandstorm|[upkeep]
|-damage|p2a: Venusaur|326\/354 brn|[from] sandstorm
|-damage|p2a: Venusaur|282\/354 brn|[from] brn
|
|switch|p1a: Diancie|Diancie-Mega|211\/241
|-damage|p1a: Diancie|181\/241|[from] Stealth Rock
|turn|20
|
|move|p1a: Diancie|Earth Power|p2a: Venusaur
|-damage|p2a: Venusaur|174\/354 brn
|move|p2a: Venusaur|Giga Drain|p1a: Diancie
|-supereffective|p1a: Diancie
|-damage|p1a: Diancie|0 fnt
|-heal|p2a: Venusaur|265\/354 brn|[from] drain|[of] p1a: Diancie
|faint|p1a: Diancie
|
|-weather|Sandstorm|[upkeep]
|-damage|p2a: Venusaur|243\/354 brn|[from] sandstorm
|-damage|p2a: Venusaur|199\/354 brn|[from] brn
|c|âMama Smurf|your team is lameeee
|c|âbossboss|ikr
|c|âbossboss|im new
|
|switch|p1a: Serperior|Serperior, F|291\/291
|-damage|p1a: Serperior|255\/291|[from] Stealth Rock
|turn|21
|
|move|p1a: Serperior|Hidden Power|p2a: Venusaur
|-supereffective|p2a: Venusaur
|-damage|p2a: Venusaur|142\/354 brn
|-damage|p1a: Serperior|226\/291|[from] item: Life Orb
|move|p2a: Venusaur|Sludge Bomb|p1a: Serperior
|-supereffective|p1a: Serperior
|-damage|p1a: Serperior|0 fnt
|faint|p1a: Serperior
|
|win|Mama Smurf
|raw|Ladder updating...
|c|âMama Smurf|so donÂ´t be a dick dude
|raw|bossboss's rating: 1626 &rarr; <strong>1599<\/strong><br \/>(-27 for losing)
|raw|Mama Smurf's rating: 1506 &rarr; <strong>1532<\/strong><br \/>(+26 for winning)
|c|âMama Smurf|:3
|c|âMama Smurf|or girl :3
|leave|bossboss
|player|p1