|join|bossboss
|join|yuna28
|player|p1|bossboss|2
|player|p2|yuna28|192
|gametype|singles
|gen|6
|tier|OU
|rated
|clearpoke
|poke|p1|Celebi
|poke|p1|Heracross, F
|poke|p1|Uxie
|poke|p1|Azumarill, M
|poke|p1|Crawdaunt, M
|poke|p1|Cresselia, F
|poke|p2|Weavile, M
|poke|p2|Charizard, F
|poke|p2|Raikou
|poke|p2|Rotom-Wash
|poke|p2|Jirachi
|poke|p2|Mew
|rule|Swagger Clause: Swagger is banned
|rule|Baton Pass Clause: Limit one PokÃ©mon knowing Baton Pass
|rule|Sleep Clause Mod: Limit one foe put to sleep
|rule|Species Clause: Limit one of each PokÃ©mon
|rule|OHKO Clause: OHKO moves are banned
|rule|Moody Clause: Moody is banned
|rule|Evasion Moves Clause: Evasion moves are banned
|rule|Endless Battle Clause: Forcing endless battles is banned
|rule|HP Percentage Mod: HP is shown in percentages
|teampreview
|
|start
|switch|p1a: Uxie|Uxie|354\/354
|switch|p2a: Rotom-Wash|Rotom-Wash|241\/241
|turn|1
|
|move|p2a: Rotom-Wash|Trick|p1a: Uxie
|-activate|p2a: Rotom-Wash|move: Trick|[of] p1a: Uxie
|-item|p1a: Uxie|Choice Scarf|[from] move: Trick
|-item|p2a: Rotom-Wash|Red Card|[from] move: Trick
|move|p1a: Uxie|Stealth Rock|p2a: Rotom-Wash
|-sidestart|p2: yuna28|move: Stealth Rock
|
|turn|2
|
|switch|p1a: Celebi|Celebi|404\/404
|move|p2a: Rotom-Wash|Thunder Wave|p1a: Celebi
|-status|p1a: Celebi|par
|
|turn|3
|
|switch|p1a: Uxie|Uxie|354\/354
|move|p2a: Rotom-Wash|Trick|p1a: Uxie
|-activate|p2a: Rotom-Wash|move: Trick|[of] p1a: Uxie
|-item|p1a: Uxie|Red Card|[from] move: Trick
|-item|p2a: Rotom-Wash|Choice Scarf|[from] move: Trick
|
|turn|4
|
|move|p2a: Rotom-Wash|Trick|p1a: Uxie
|-activate|p2a: Rotom-Wash|move: Trick|[of] p1a: Uxie
|-item|p1a: Uxie|Choice Scarf|[from] move: Trick
|-item|p2a: Rotom-Wash|Red Card|[from] move: Trick
|move|p1a: Uxie|Memento|p2a: Rotom-Wash
|-unboost|p2a: Rotom-Wash|atk|2
|-unboost|p2a: Rotom-Wash|spa|2
|faint|p1a: Uxie
|
|
|switch|p1a: Heracross|Heracross, F|364\/364
|turn|5
|
|detailschange|p1a: Heracross|Heracross-Mega, F
|-mega|p1a: Heracross|Heracross|Heracronite
|move|p2a: Rotom-Wash|Thunder Wave|p1a: Heracross
|-status|p1a: Heracross|par
|move|p1a: Heracross|Pin Missile|p2a: Rotom-Wash
|-damage|p2a: Rotom-Wash|174\/241
|-damage|p2a: Rotom-Wash|111\/241
|-damage|p2a: Rotom-Wash|45\/241
|-damage|p2a: Rotom-Wash|0 fnt
|-hitcount|p2a: Rotom-Wash|4
|faint|p2a: Rotom-Wash
|
|
|switch|p2a: Mew|Mew|404\/404
|-damage|p2a: Mew|354\/404|[from] Stealth Rock
|turn|6
|
|move|p2a: Mew|Defog|p1a: Heracross
|-unboost|p1a: Heracross|evasion|1
|-sideend|p2: yuna28|Stealth Rock|[from] move: Defog|[of] p2a: Mew
|cant|p1a: Heracross|par
|
|-heal|p2a: Mew|379\/404|[from] item: Leftovers
|turn|7
|
|move|p2a: Mew|Stealth Rock|p1a: Heracross
|-sidestart|p1: bossboss|move: Stealth Rock
|move|p1a: Heracross|Rock Blast|p2a: Mew
|-damage|p2a: Mew|350\/404
|-damage|p2a: Mew|316\/404
|-damage|p2a: Mew|287\/404
|-damage|p2a: Mew|258\/404
|-damage|p2a: Mew|230\/404
|-hitcount|p2a: Mew|5
|
|-heal|p2a: Mew|255\/404|[from] item: Leftovers
|turn|8
|
|move|p2a: Mew|Drain Punch|p1a: Heracross
|-resisted|p1a: Heracross
|-damage|p1a: Heracross|340\/364 par
|-heal|p2a: Mew|267\/404|[from] drain|[of] p1a: Heracross
|move|p1a: Heracross|Pin Missile|p2a: Mew
|-supereffective|p2a: Mew
|-damage|p2a: Mew|169\/404
|-supereffective|p2a: Mew
|-damage|p2a: Mew|77\/404
|-supereffective|p2a: Mew
|-damage|p2a: Mew|0 fnt
|-hitcount|p2a: Mew|3
|faint|p2a: Mew
|
|
|switch|p2a: Charizard|Charizard, F|297\/297
|turn|9
|
|switch|p1a: Cresselia|Cresselia, F|444\/444
|-damage|p1a: Cresselia|389\/444|[from] Stealth Rock
|detailschange|p2a: Charizard|Charizard-Mega-Y, F
|-mega|p2a: Charizard|Charizard|Charizardite Y
|-weather|SunnyDay
|move|p2a: Charizard|Fire Blast|p1a: Cresselia
|-damage|p1a: Cresselia|127\/444
|
|-weather|SunnyDay|[upkeep]
|turn|10
|
|move|p2a: Charizard|Fire Blast|p1a: Cresselia
|-damage|p1a: Cresselia|0 fnt
|faint|p1a: Cresselia
|
|-weather|SunnyDay|[upkeep]
|
|switch|p1a: Azumarill|Azumarill, M|340\/340
|-damage|p1a: Azumarill|298\/340|[from] Stealth Rock
|turn|11
|
|move|p1a: Azumarill|Aqua Jet|p2a: Charizard
|-supereffective|p2a: Charizard
|-damage|p2a: Charizard|181\/297
|move|p2a: Charizard|Solar Beam|p1a: Azumarill|[still]
|-prepare|p2a: Charizard|Solar Beam|p1a: Azumarill
|-anim|p2a: Charizard|Solar Beam|p1a: Azumarill
|-supereffective|p1a: Azumarill
|-damage|p1a: Azumarill|0 fnt
|faint|p1a: Azumarill
|
|-weather|SunnyDay|[upkeep]
|
|switch|p1a: Crawdaunt|Crawdaunt, M|329\/329
|-damage|p1a: Crawdaunt|288\/329|[from] Stealth Rock
|turn|12
|
|move|p1a: Crawdaunt|Aqua Jet|p2a: Charizard
|-supereffective|p2a: Charizard
|-damage|p2a: Charizard|9\/297
|-damage|p1a: Crawdaunt|256\/329|[from] item: Life Orb
|move|p2a: Charizard|Solar Beam|p1a: Crawdaunt|[still]
|-prepare|p2a: Charizard|Solar Beam|p1a: Crawdaunt
|-anim|p2a: Charizard|Solar Beam|p1a: Crawdaunt
|-supereffective|p1a: Crawdaunt
|-damage|p1a: Crawdaunt|0 fnt
|faint|p1a: Crawdaunt
|
|-weather|SunnyDay|[upkeep]
|
|switch|p1a: Celebi|Celebi|404\/404
|-damage|p1a: Celebi|354\/404|[from] Stealth Rock
|turn|13
|
|move|p2a: Charizard|Fire Blast|p1a: Celebi
|-crit|p1a: Celebi
|-supereffective|p1a: Celebi
|-damage|p1a: Celebi|0 fnt
|faint|p1a: Celebi
|
|-weather|none
|
|switch|p1a: Heracross|Heracross-Mega, F|340\/364 par
|-damage|p1a: Heracross|295\/364 par|[from] Stealth Rock
|turn|14
|
|move|p2a: Charizard|Fire Blast|p1a: Heracross
|-crit|p1a: Heracross
|-supereffective|p1a: Heracross
|-damage|p1a: Heracross|0 fnt
|faint|p1a: Heracross
|
|win|yuna28
|raw|Ladder updating...
|raw|bossboss's rating: 1624 &rarr; <strong>1604<\/strong><br \/>(-20 for losing)
|raw|yuna28's rating: 1613 &rarr; <strong>1634<\/strong><br \/>(+21 for winning)
|c|âyuna28|gg
|leave|bossboss
|player|p1
|leave|yuna28
|player|p2
|join|KaneshiroK
|join|yuna28