|join|Yummi Points!
|join|bossboss
|player|p1|Yummi Points!|264
|player|p2|bossboss|170
|gametype|singles
|gen|6
|tier|OU
|rated
|clearpoke
|poke|p1|Mawile, M
|poke|p1|Landorus-Therian, M
|poke|p1|Latios, M
|poke|p1|Metagross
|poke|p1|Rotom-Wash
|poke|p1|Scizor, F
|poke|p2|Mandibuzz, F
|poke|p2|Venusaur, M
|poke|p2|Ditto
|poke|p2|Aegislash, F
|poke|p2|Heatran, F
|poke|p2|Skarmory, F
|rule|Sleep Clause Mod: Limit one foe put to sleep
|rule|Species Clause: Limit one of each Pokemon
|rule|OHKO Clause: OHKO moves are banned
|rule|Moody Clause: Moody is banned
|rule|Evasion Moves Clause: Evasion moves are banned
|rule|Endless Battle Clause: Forcing endless battles is banned.
|rule|HP Percentage Mod: HP is reported as percentages
|teampreview
|
|start
|switch|p1a: Mawile|Mawile, M|304\/304
|switch|p2a: Mandibuzz|Mandibuzz, F|424\/424
|-ability|p1a: Mawile|Intimidate|[of] p2a: Mandibuzz
|-unboost|p2a: Mandibuzz|atk|1
|turn|1
|
|switch|p2a: Heatran|Heatran, F|385\/385
|-formechange|p1a: Mawile|Mawile-Mega
|message|Mawile has Mega Evolved into Mega Mawile!
|move|p1a: Mawile|Knock Off|p2a: Heatran
|-damage|p2a: Heatran|181\/385
|-enditem|p2a: Heatran|Leftovers|[from] move: Knock Off|[of] p1a: Mawile
|
|turn|2
|
|switch|p1a: Landorus-Therian|Landorus-Therian, M|381\/381
|-ability|p1a: Landorus-Therian|Intimidate|[of] p2a: Heatran
|-unboost|p2a: Heatran|atk|1
|move|p2a: Heatran|Stealth Rock|p1a: Landorus-Therian
|-sidestart|p1: Yummi Points!|move: Stealth Rock
|
|turn|3
|
|switch|p2a: Skarmory|Skarmory, F|327\/327
|move|p1a: Landorus-Therian|Stealth Rock|p2a: Skarmory
|-sidestart|p2: bossboss|move: Stealth Rock
|
|turn|4
|
|move|p1a: Landorus-Therian|Swords Dance|p1a: Landorus-Therian
|-boost|p1a: Landorus-Therian|atk|2
|move|p2a: Skarmory|Spikes|p1a: Landorus-Therian
|-sidestart|p1: Yummi Points!|Spikes
|
|turn|5
|
|move|p1a: Landorus-Therian|Stone Edge|p2a: Skarmory
|-damage|p2a: Skarmory|190\/327
|move|p2a: Skarmory|Spikes|p1a: Landorus-Therian
|-sidestart|p1: Yummi Points!|Spikes
|
|turn|6
|
|move|p1a: Landorus-Therian|Swords Dance|p1a: Landorus-Therian
|-boost|p1a: Landorus-Therian|atk|2
|move|p2a: Skarmory|Roost|p2a: Skarmory
|-heal|p2a: Skarmory|327\/327
|
|turn|7
|
|move|p1a: Landorus-Therian|Stone Edge|p2a: Skarmory
|-damage|p2a: Skarmory|113\/327
|move|p2a: Skarmory|Whirlwind|p1a: Landorus-Therian
|drag|p1a: Metagross|Metagross|302\/302
|-damage|p1a: Metagross|284\/302|[from] Stealth Rock
|-damage|p1a: Metagross|234\/302|[from] Spikes
|
|turn|8
|
|switch|p1a: Rotom-Wash|Rotom-Wash|304\/304
|-damage|p1a: Rotom-Wash|266\/304|[from] Stealth Rock
|move|p2a: Skarmory|Roost|p2a: Skarmory
|-heal|p2a: Skarmory|277\/327
|
|-heal|p1a: Rotom-Wash|285\/304|[from] item: Leftovers
|turn|9
|
|switch|p2a: Venusaur|Venusaur, M|364\/364
|-damage|p2a: Venusaur|319\/364|[from] Stealth Rock
|move|p1a: Rotom-Wash|Will-O-Wisp|p2a: Venusaur|[miss]
|-miss|p1a: Rotom-Wash|p2a: Venusaur
|
|-heal|p1a: Rotom-Wash|304\/304|[from] item: Leftovers
|turn|10
|
|-formechange|p2a: Venusaur|Venusaur-Mega
|message|Venusaur has Mega Evolved into Mega Venusaur!
|move|p1a: Rotom-Wash|Will-O-Wisp|p2a: Venusaur
|-status|p2a: Venusaur|brn
|move|p2a: Venusaur|Giga Drain|p1a: Rotom-Wash
|-supereffective|p1a: Rotom-Wash
|-damage|p1a: Rotom-Wash|88\/304
|-heal|p2a: Venusaur|364\/364 brn|[from] drain|[of] p1a: Rotom-Wash
|
|-heal|p1a: Rotom-Wash|107\/304|[from] item: Leftovers
|-damage|p2a: Venusaur|319\/364 brn|[from] brn
|turn|11
|
|switch|p2a: Heatran|Heatran, F|181\/385
|-damage|p2a: Heatran|133\/385|[from] Stealth Rock
|move|p1a: Rotom-Wash|Volt Switch|p2a: Heatran
|-damage|p2a: Heatran|69\/385
|
|switch|p1a: Landorus-Therian|Landorus-Therian, M|381\/381
|-damage|p1a: Landorus-Therian|334\/381|[from] Stealth Rock
|-ability|p1a: Landorus-Therian|Intimidate|[of] p2a: Heatran
|-unboost|p2a: Heatran|atk|1
|
|-heal|p1a: Landorus-Therian|357\/381|[from] item: Leftovers
|turn|12
|
|switch|p2a: Skarmory|Skarmory, F|277\/327
|-damage|p2a: Skarmory|237\/327|[from] Stealth Rock
|move|p1a: Landorus-Therian|Earthquake|p2a: Skarmory
|-immune|p2a: Skarmory|[msg]
|
|-heal|p1a: Landorus-Therian|380\/381|[from] item: Leftovers
|turn|13
|
|move|p1a: Landorus-Therian|Stone Edge|p2a: Skarmory
|-damage|p2a: Skarmory|169\/327
|move|p2a: Skarmory|Roost|p2a: Skarmory
|-heal|p2a: Skarmory|327\/327
|
|-heal|p1a: Landorus-Therian|381\/381|[from] item: Leftovers
|turn|14
|
|move|p1a: Landorus-Therian|Stone Edge|p2a: Skarmory|[miss]
|-miss|p1a: Landorus-Therian|p2a: Skarmory
|move|p2a: Skarmory|Whirlwind|p1a: Landorus-Therian
|drag|p1a: Scizor|Scizor, F|344\/344
|-damage|p1a: Scizor|301\/344|[from] Stealth Rock
|-damage|p1a: Scizor|244\/344|[from] Spikes
|
|-heal|p1a: Scizor|265\/344|[from] item: Leftovers
|turn|15
|
|move|p1a: Scizor|Knock Off|p2a: Skarmory
|-damage|p2a: Skarmory|277\/327
|-damage|p1a: Scizor|208\/344|[from] item: Rocky Helmet|[of] p2a: Skarmory
|-enditem|p2a: Skarmory|Rocky Helmet|[from] move: Knock Off|[of] p1a: Scizor
|move|p2a: Skarmory|Whirlwind|p1a: Scizor
|drag|p1a: Mawile|Mawile, M|304\/304
|-formechange|p1a: Mawile|Mawile-Mega
|-damage|p1a: Mawile|254\/304|[from] Spikes
|-damage|p1a: Mawile|235\/304|[from] Stealth Rock
|
|turn|16
|
|-singleturn|p1a: Mawile|move: Focus Punch
|move|p1a: Mawile|Focus Punch|p2a: Skarmory
|-damage|p2a: Skarmory|81\/327
|move|p2a: Skarmory|Whirlwind|p1a: Mawile
|drag|p1a: Rotom-Wash|Rotom-Wash|107\/304
|-damage|p1a: Rotom-Wash|69\/304|[from] Stealth Rock
|
|-heal|p1a: Rotom-Wash|88\/304|[from] item: Leftovers
|turn|17
|
|switch|p2a: Heatran|Heatran, F|69\/385
|-damage|p2a: Heatran|21\/385|[from] Stealth Rock
|move|p1a: Rotom-Wash|Hydro Pump|p2a: Heatran
|-supereffective|p2a: Heatran
|-damage|p2a: Heatran|0 fnt
|faint|p2a: Heatran
|
|-heal|p1a: Rotom-Wash|107\/304|[from] item: Leftovers
|
|switch|p2a: Venusaur|Venusaur, M|319\/364 brn
|-formechange|p2a: Venusaur|Venusaur-Mega
|-damage|p2a: Venusaur|274\/364 brn|[from] Stealth Rock
|turn|18
|
|move|p1a: Rotom-Wash|Volt Switch|p2a: Venusaur
|-resisted|p2a: Venusaur
|-damage|p2a: Venusaur|239\/364 brn
|
|switch|p1a: Metagross|Metagross|234\/302
|-damage|p1a: Metagross|184\/302|[from] Spikes
|-damage|p1a: Metagross|166\/302|[from] Stealth Rock
|move|p2a: Venusaur|Leech Seed|p1a: Metagross
|-start|p1a: Metagross|move: Leech Seed
|
|-damage|p1a: Metagross|129\/302|[from] Leech Seed|[of] p2a: Venusaur
|-heal|p2a: Venusaur|276\/364 brn|[silent]
|-damage|p2a: Venusaur|231\/364 brn|[from] brn
|turn|19
|
|switch|p2a: Skarmory|Skarmory, F|81\/327
|-damage|p2a: Skarmory|41\/327|[from] Stealth Rock
|move|p1a: Metagross|Zen Headbutt|p2a: Skarmory
|-resisted|p2a: Skarmory
|-damage|p2a: Skarmory|0 fnt
|-damage|p1a: Metagross|99\/302|[from] item: Life Orb
|faint|p2a: Skarmory
|
|
|switch|p2a: Mandibuzz|Mandibuzz, F|424\/424
|-damage|p2a: Mandibuzz|318\/424|[from] Stealth Rock
|turn|20
|
|move|p1a: Metagross|Ice Punch|p2a: Mandibuzz
|-supereffective|p2a: Mandibuzz
|-damage|p2a: Mandibuzz|162\/424
|-damage|p1a: Metagross|69\/302|[from] item: Life Orb
|move|p2a: Mandibuzz|Roost|p2a: Mandibuzz
|-heal|p2a: Mandibuzz|374\/424
|
|-heal|p2a: Mandibuzz|400\/424|[from] item: Leftovers
|-damage|p1a: Metagross|32\/302|[from] Leech Seed|[of] p2a: Mandibuzz
|-heal|p2a: Mandibuzz|424\/424|[silent]
|turn|21
|
|move|p1a: Metagross|Ice Punch|p2a: Mandibuzz
|-crit|p2a: Mandibuzz
|-supereffective|p2a: Mandibuzz
|-damage|p2a: Mandibuzz|172\/424
|-damage|p1a: Metagross|2\/302|[from] item: Life Orb
|move|p2a: Mandibuzz|Roost|p2a: Mandibuzz
|-heal|p2a: Mandibuzz|384\/424
|
|-heal|p2a: Mandibuzz|410\/424|[from] item: Leftovers
|-damage|p1a: Metagross|0 fnt|[from] Leech Seed|[of] p2a: Mandibuzz
|-heal|p2a: Mandibuzz|412\/424|[silent]
|faint|p1a: Metagross
|
|switch|p1a: Mawile|Mawile, M|235\/304
|-formechange|p1a: Mawile|Mawile-Mega
|-damage|p1a: Mawile|185\/304|[from] Spikes
|-damage|p1a: Mawile|166\/304|[from] Stealth Rock
|turn|22
|
|move|p2a: Mandibuzz|Foul Play|p1a: Mawile
|-resisted|p1a: Mawile
|-damage|p1a: Mawile|100\/304
|move|p1a: Mawile|Play Rough|p2a: Mandibuzz
|-supereffective|p2a: Mandibuzz
|-damage|p2a: Mandibuzz|0 fnt
|faint|p2a: Mandibuzz
|
|
|switch|p2a: Venusaur|Venusaur, M|231\/364 brn
|-formechange|p2a: Venusaur|Venusaur-Mega
|-damage|p2a: Venusaur|186\/364 brn|[from] Stealth Rock
|turn|23
|
|move|p2a: Venusaur|Leech Seed|p1a: Mawile
|-start|p1a: Mawile|move: Leech Seed
|move|p1a: Mawile|Knock Off|p2a: Venusaur
|-damage|p2a: Venusaur|95\/364 brn
|
|-damage|p1a: Mawile|62\/304|[from] Leech Seed|[of] p2a: Venusaur
|-heal|p2a: Venusaur|133\/364 brn|[silent]
|-damage|p2a: Venusaur|88\/364 brn|[from] brn
|turn|24
|
|switch|p1a: Latios|Latios, M|302\/302
|-damage|p1a: Latios|265\/302|[from] Stealth Rock
|move|p2a: Venusaur|Synthesis|p2a: Venusaur
|-heal|p2a: Venusaur|270\/364 brn
|
|-damage|p2a: Venusaur|225\/364 brn|[from] brn
|turn|25
|
|switch|p1a: Landorus-Therian|Landorus-Therian, M|381\/381
|-damage|p1a: Landorus-Therian|334\/381|[from] Stealth Rock
|-ability|p1a: Landorus-Therian|Intimidate|[of] p2a: Venusaur
|-unboost|p2a: Venusaur|atk|1
|move|p2a: Venusaur|Sludge Bomb|p1a: Landorus-Therian
|-resisted|p1a: Landorus-Therian
|-damage|p1a: Landorus-Therian|262\/381
|
|-heal|p1a: Landorus-Therian|285\/381|[from] item: Leftovers
|-damage|p2a: Venusaur|180\/364 brn|[from] brn
|turn|26
|
|move|p1a: Landorus-Therian|Earthquake|p2a: Venusaur
|-damage|p2a: Venusaur|57\/364 brn
|move|p2a: Venusaur|Synthesis|p2a: Venusaur
|-heal|p2a: Venusaur|239\/364 brn
|
|-heal|p1a: Landorus-Therian|308\/381|[from] item: Leftovers
|-damage|p2a: Venusaur|194\/364 brn|[from] brn
|turn|27
|
|move|p1a: Landorus-Therian|Swords Dance|p1a: Landorus-Therian
|-boost|p1a: Landorus-Therian|atk|2
|move|p2a: Venusaur|Synthesis|p2a: Venusaur
|-heal|p2a: Venusaur|364\/364 brn
|
|-heal|p1a: Landorus-Therian|331\/381|[from] item: Leftovers
|-damage|p2a: Venusaur|319\/364 brn|[from] brn
|turn|28
|
|move|p1a: Landorus-Therian|Stone Edge|p2a: Venusaur
|-damage|p2a: Venusaur|168\/364 brn
|move|p2a: Venusaur|Leech Seed|p1a: Landorus-Therian
|-start|p1a: Landorus-Therian|move: Leech Seed
|
|-heal|p1a: Landorus-Therian|354\/381|[from] item: Leftovers
|-damage|p1a: Landorus-Therian|307\/381|[from] Leech Seed|[of] p2a: Venusaur
|-heal|p2a: Venusaur|215\/364 brn|[silent]
|-damage|p2a: Venusaur|170\/364 brn|[from] brn
|turn|29
|
|move|p1a: Landorus-Therian|Earthquake|p2a: Venusaur
|-damage|p2a: Venusaur|0 fnt
|faint|p2a: Venusaur
|
|-heal|p1a: Landorus-Therian|330\/381|[from] item: Leftovers
|
|switch|p2a: Ditto|Ditto|300\/300
|-damage|p2a: Ditto|263\/300|[from] Stealth Rock
|-transform|p2a: Ditto|p1a: Landorus-Therian
|-ability|p2a: Ditto|Intimidate|[of] p1a: Landorus-Therian
|-unboost|p1a: Landorus-Therian|atk|1
|turn|30
|
|switch|p1a: Mawile|Mawile, M|62\/304
|-formechange|p1a: Mawile|Mawile-Mega
|-damage|p1a: Mawile|12\/304|[from] Spikes
|-damage|p1a: Mawile|0 fnt|[from] Stealth Rock
|faint|p1a: Mawile
|move|p2a: Ditto|Stone Edge|p1: Mawile|[notarget]
|-notarget
|
|
|switch|p1a: Landorus-Therian|Landorus-Therian, M|330\/381
|-damage|p1a: Landorus-Therian|283\/381|[from] Stealth Rock
|-ability|p1a: Landorus-Therian|Intimidate|[of] p2a: Ditto
|-unboost|p2a: Ditto|atk|1
|turn|31
|
|switch|p1a: Rotom-Wash|Rotom-Wash|107\/304
|-damage|p1a: Rotom-Wash|69\/304|[from] Stealth Rock
|move|p2a: Ditto|Stone Edge|p1a: Rotom-Wash
|-crit|p1a: Rotom-Wash
|-damage|p1a: Rotom-Wash|0 fnt
|faint|p1a: Rotom-Wash
|
|
|switch|p1a: Landorus-Therian|Landorus-Therian, M|283\/381
|-damage|p1a: Landorus-Therian|236\/381|[from] Stealth Rock
|-ability|p1a: Landorus-Therian|Intimidate|[of] p2a: Ditto
|-unboost|p2a: Ditto|atk|1
|turn|32
|
|move|p2a: Ditto|Stone Edge|p1a: Landorus-Therian
|-damage|p1a: Landorus-Therian|116\/381
|move|p1a: Landorus-Therian|Stone Edge|p2a: Ditto
|-damage|p2a: Ditto|151\/300
|
|-heal|p1a: Landorus-Therian|139\/381|[from] item: Leftovers
|turn|33
|
|move|p2a: Ditto|Stone Edge|p1a: Landorus-Therian
|-damage|p1a: Landorus-Therian|23\/381
|move|p1a: Landorus-Therian|Stone Edge|p2a: Ditto
|-damage|p2a: Ditto|30\/300
|
|-heal|p1a: Landorus-Therian|46\/381|[from] item: Leftovers
|turn|34
|
|move|p2a: Ditto|Stone Edge|p1a: Landorus-Therian
|-damage|p1a: Landorus-Therian|0 fnt
|faint|p1a: Landorus-Therian
|
|
|switch|p1a: Scizor|Scizor, F|208\/344
|-damage|p1a: Scizor|151\/344|[from] Spikes
|-damage|p1a: Scizor|108\/344|[from] Stealth Rock
|turn|35
|
|-activate|p2a: Ditto|move: Struggle
|move|p2a: Ditto|Struggle|p1a: Scizor
|-damage|p1a: Scizor|49\/344
|-damage|p2a: Ditto|0 fnt
|faint|p2a: Ditto
|move|p1a: Scizor|Roost|p1a: Scizor
|-heal|p1a: Scizor|221\/344
|
|-heal|p1a: Scizor|242\/344|[from] item: Leftovers
|
|switch|p2a: Aegislash|Aegislash, F|324\/324
|-damage|p2a: Aegislash|304\/324|[from] Stealth Rock
|-item|p2a: Aegislash|Air Balloon
|turn|36
|
|move|p1a: Scizor|Knock Off|p2a: Aegislash
|-supereffective|p2a: Aegislash
|-damage|p2a: Aegislash|176\/324
|-enditem|p2a: Aegislash|Air Balloon
|-formechange|p2a: Aegislash|Aegislash-Blade
|move|p2a: Aegislash|Shadow Ball|p1a: Scizor
|-damage|p1a: Scizor|122\/344
|-unboost|p1a: Scizor|spd|1
|
|-heal|p1a: Scizor|143\/344|[from] item: Leftovers
|turn|37
|
|-formechange|p2a: Aegislash|Aegislash
|move|p2a: Aegislash|King's Shield|p2a: Aegislash
|-singleturn|p2a: Aegislash|Protect
|move|p1a: Scizor|Roost|p1a: Scizor
|-heal|p1a: Scizor|315\/344
|
|-heal|p1a: Scizor|336\/344|[from] item: Leftovers
|turn|38
|
|move|p2a: Aegislash|King's Shield|p2a: Aegislash
|-fail|p2a: Aegislash
|move|p1a: Scizor|Knock Off|p2a: Aegislash
|-supereffective|p2a: Aegislash
|-damage|p2a: Aegislash|84\/324
|
|-heal|p1a: Scizor|344\/344|[from] item: Leftovers
|turn|39
|chat|bossboss|ah
|
|switch|p1a: Latios|Latios, M|265\/302
|-damage|p1a: Latios|228\/302|[from] Stealth Rock
|-formechange|p2a: Aegislash|Aegislash-Blade
|move|p2a: Aegislash|Shadow Ball|p1a: Latios
|-supereffective|p1a: Latios
|-damage|p1a: Latios|0 fnt
|faint|p1a: Latios
|
|
|switch|p1a: Scizor|Scizor, F|344\/344
|-damage|p1a: Scizor|287\/344|[from] Spikes
|-damage|p1a: Scizor|244\/344|[from] Stealth Rock
|turn|40
|
|move|p1a: Scizor|Roost|p1a: Scizor
|-heal|p1a: Scizor|344\/344
|move|p2a: Aegislash|Shadow Ball|p1a: Scizor
|-damage|p1a: Scizor|221\/344
|
|-heal|p1a: Scizor|242\/344|[from] item: Leftovers
|turn|41
|
|move|p1a: Scizor|Roost|p1a: Scizor
|-heal|p1a: Scizor|344\/344
|move|p2a: Aegislash|Shadow Ball|p1a: Scizor
|-damage|p1a: Scizor|221\/344
|
|-heal|p1a: Scizor|242\/344|[from] item: Leftovers
|turn|42
|
|move|p1a: Scizor|Roost|p1a: Scizor
|-heal|p1a: Scizor|344\/344
|move|p2a: Aegislash|Shadow Ball|p1a: Scizor
|-damage|p1a: Scizor|214\/344
|
|-heal|p1a: Scizor|235\/344|[from] item: Leftovers
|turn|43
|
|-formechange|p2a: Aegislash|Aegislash
|move|p2a: Aegislash|King's Shield|p2a: Aegislash
|-singleturn|p2a: Aegislash|Protect
|move|p1a: Scizor|Knock Off|p2a: Aegislash
|-activate|p2a: Aegislash|Protect
|-unboost|p1a: Scizor|atk|2
|
|-heal|p1a: Scizor|256\/344|[from] item: Leftovers
|turn|44
|chat|bossboss|nice
|
|move|p1a: Scizor|Knock Off|p2a: Aegislash
|-supereffective|p2a: Aegislash
|-damage|p2a: Aegislash|34\/324
|-formechange|p2a: Aegislash|Aegislash-Blade
|move|p2a: Aegislash|Shadow Ball|p1a: Scizor
|-damage|p1a: Scizor|135\/344
|-unboost|p1a: Scizor|spd|1
|
|-heal|p1a: Scizor|156\/344|[from] item: Leftovers
|turn|45
|
|-formechange|p2a: Aegislash|Aegislash
|move|p2a: Aegislash|King's Shield|p2a: Aegislash
|-singleturn|p2a: Aegislash|Protect
|move|p1a: Scizor|Roost|p1a: Scizor
|-heal|p1a: Scizor|328\/344
|
|-heal|p1a: Scizor|344\/344|[from] item: Leftovers
|turn|46
|chat|bossboss|haha
|
|move|p2a: Aegislash|King's Shield|p2a: Aegislash
|-singleturn|p2a: Aegislash|Protect
|move|p1a: Scizor|Knock Off|p2a: Aegislash
|-activate|p2a: Aegislash|Protect
|-unboost|p1a: Scizor|atk|2
|
|turn|47
|chat|bossboss|neat
|
|move|p1a: Scizor|Knock Off|p2a: Aegislash
|-supereffective|p2a: Aegislash
|-damage|p2a: Aegislash|6\/324
|-formechange|p2a: Aegislash|Aegislash-Blade
|move|p2a: Aegislash|Shadow Ball|p1a: Scizor
|-damage|p1a: Scizor|148\/344
|
|-heal|p1a: Scizor|169\/344|[from] item: Leftovers
|turn|48
|chat|bossboss|lol gg
|
|move|p2a: Aegislash|Shadow Sneak|p1a: Scizor
|-damage|p1a: Scizor|100\/344
|move|p1a: Scizor|Knock Off|p2a: Aegislash
|-supereffective|p2a: Aegislash
|-damage|p2a: Aegislash|0 fnt
|faint|p2a: Aegislash
|
|win|Yummi Points!
|raw|Ladder updating...
|raw|Yummi Points!'s rating: 1673 &rarr; <strong>1694<\/strong><br \/>(+21 for winning)
|raw|bossboss's rating: 1682 &rarr; <strong>1661<\/strong><br \/>(-21 for losing)
|chat|Yummi Points!|gg