|join|Bankairai
|join|bossboss
|player|p1|Bankairai|169
|player|p2|bossboss|2
|gametype|singles
|gen|6
|tier|OU
|rated
|clearpoke
|poke|p1|Landorus-Therian, M
|poke|p1|Tentacruel, F
|poke|p1|Whimsicott, F
|poke|p1|Kyurem-Black
|poke|p1|Talonflame, M
|poke|p1|Conkeldurr, F
|poke|p2|Thundurus-Therian, M
|poke|p2|Ditto
|poke|p2|Aegislash, F
|poke|p2|Charizard, M
|poke|p2|Clefable, F
|poke|p2|Rotom-Wash
|rule|Sleep Clause Mod: Limit one foe put to sleep
|rule|Species Clause: Limit one of each Pokemon
|rule|OHKO Clause: OHKO moves are banned
|rule|Moody Clause: Moody is banned
|rule|Evasion Moves Clause: Evasion moves are banned
|rule|Endless Battle Clause: Forcing endless battles is banned.
|rule|HP Percentage Mod: HP is reported as percentages
|teampreview
|
|start
|switch|p1a: Kyurem-Black|Kyurem-Black|391\/391
|switch|p2a: Thundurus-Therian|Thundurus-Therian, M|299\/299
|-ability|p1a: Kyurem-Black|Teravolt
|turn|1
|
|switch|p2a: Clefable|Clefable, F|394\/394
|move|p1a: Kyurem-Black|Ice Beam|p2a: Clefable
|-damage|p2a: Clefable|267\/394
|
|turn|2
|
|switch|p1a: Tentacruel|Tentacruel, F|364\/364
|move|p2a: Clefable|Soft-Boiled|p2a: Clefable
|-heal|p2a: Clefable|394\/394
|
|turn|3
|
|switch|p2a: Ditto|Ditto|300\/300
|-transform|p2a: Ditto|p1a: Tentacruel
|move|p1a: Tentacruel|Sludge Bomb|p2a: Ditto
|-resisted|p2a: Ditto
|-damage|p2a: Ditto|272\/300
|
|turn|4
|
|switch|p1a: Kyurem-Black|Kyurem-Black|391\/391
|-ability|p1a: Kyurem-Black|Teravolt
|move|p2a: Ditto|Toxic Spikes|p1a: Kyurem-Black
|-sidestart|p1: Bankairai|move: Toxic Spikes
|
|turn|5
|
|switch|p2a: Clefable|Clefable, F|394\/394
|move|p1a: Kyurem-Black|Fusion Bolt|p2a: Clefable
|-damage|p2a: Clefable|262\/394
|
|turn|6
|
|switch|p1a: Tentacruel|Tentacruel, F|364\/364
|-sideend|p1: Bankairai|move: Toxic Spikes|[of] p1a: Tentacruel
|switch|p2a: Thundurus-Therian|Thundurus-Therian, M|299\/299
|
|turn|7
|
|switch|p1a: Kyurem-Black|Kyurem-Black|391\/391
|-ability|p1a: Kyurem-Black|Teravolt
|move|p2a: Thundurus-Therian|Thunder|p1a: Kyurem-Black|[miss]
|-miss|p2a: Thundurus-Therian|p1a: Kyurem-Black
|
|turn|8
|chat|bossboss|damnit
|
|switch|p2a: Rotom-Wash|Rotom-Wash|304\/304
|move|p1a: Kyurem-Black|Iron Head|p2a: Rotom-Wash
|-resisted|p2a: Rotom-Wash
|-damage|p2a: Rotom-Wash|284\/304
|
|-heal|p2a: Rotom-Wash|303\/304|[from] item: Leftovers
|turn|9
|
|switch|p1a: Whimsicott|Whimsicott, F|324\/324
|switch|p2a: Thundurus-Therian|Thundurus-Therian, M|299\/299
|
|turn|10
|
|move|p1a: Whimsicott|Substitute|p1a: Whimsicott
|-start|p1a: Whimsicott|Substitute
|-damage|p1a: Whimsicott|243\/324
|move|p2a: Thundurus-Therian|Hidden Power|p1a: Whimsicott
|-supereffective|p1a: Whimsicott
|-end|p1a: Whimsicott|Substitute
|
|-heal|p1a: Whimsicott|263\/324|[from] item: Leftovers
|turn|11
|
|move|p1a: Whimsicott|Toxic|p2a: Thundurus-Therian
|-status|p2a: Thundurus-Therian|tox
|move|p2a: Thundurus-Therian|Hidden Power|p1a: Whimsicott
|-supereffective|p1a: Whimsicott
|-damage|p1a: Whimsicott|107\/324
|
|-heal|p1a: Whimsicott|127\/324|[from] item: Leftovers
|-damage|p2a: Thundurus-Therian|281\/299 tox|[from] psn
|turn|12
|
|switch|p1a: Kyurem-Black|Kyurem-Black|391\/391
|-ability|p1a: Kyurem-Black|Teravolt
|move|p2a: Thundurus-Therian|Thunder|p1a: Kyurem-Black
|-crit|p1a: Kyurem-Black
|-resisted|p1a: Kyurem-Black
|-damage|p1a: Kyurem-Black|217\/391
|
|-damage|p2a: Thundurus-Therian|245\/299 tox|[from] psn
|turn|13
|
|move|p1a: Kyurem-Black|Ice Beam|p2a: Thundurus-Therian
|-supereffective|p2a: Thundurus-Therian
|-damage|p2a: Thundurus-Therian|0 fnt
|faint|p2a: Thundurus-Therian
|
|
|switch|p2a: Aegislash|Aegislash, F|261\/261
|turn|14
|
|switch|p1a: Whimsicott|Whimsicott, F|127\/324
|-formechange|p2a: Aegislash|Aegislash-Blade
|move|p2a: Aegislash|Shadow Ball|p1a: Whimsicott
|-damage|p1a: Whimsicott|0 fnt
|faint|p1a: Whimsicott
|
|
|switch|p1a: Landorus-Therian|Landorus-Therian, M|319\/319
|-ability|p1a: Landorus-Therian|Intimidate|[of] p2a: Aegislash
|-unboost|p2a: Aegislash|atk|1
|turn|15
|
|switch|p2a: Ditto|Ditto|272\/300
|-transform|p2a: Ditto|p1a: Landorus-Therian
|-ability|p2a: Ditto|Intimidate|[of] p1a: Landorus-Therian
|-unboost|p1a: Landorus-Therian|atk|1
|move|p1a: Landorus-Therian|Stealth Rock|p2a: Ditto
|-sidestart|p2: bossboss|move: Stealth Rock
|
|turn|16
|
|move|p2a: Ditto|Stealth Rock|p1a: Landorus-Therian
|-sidestart|p1: Bankairai|move: Stealth Rock
|move|p1a: Landorus-Therian|Hidden Power|p2a: Ditto
|-supereffective|p2a: Ditto
|-damage|p2a: Ditto|0 fnt
|faint|p2a: Ditto
|
|
|switch|p2a: Rotom-Wash|Rotom-Wash|303\/304
|-damage|p2a: Rotom-Wash|265\/304|[from] Stealth Rock
|turn|17
|
|switch|p1a: Tentacruel|Tentacruel, F|364\/364
|-damage|p1a: Tentacruel|319\/364|[from] Stealth Rock
|move|p2a: Rotom-Wash|Volt Switch|p1a: Tentacruel
|-supereffective|p1a: Tentacruel
|-damage|p1a: Tentacruel|205\/364
|
|switch|p2a: Charizard|Charizard, M|297\/297
|-damage|p2a: Charizard|149\/297|[from] Stealth Rock
|
|-heal|p1a: Tentacruel|227\/364|[from] item: Black Sludge
|turn|18
|
|-formechange|p2a: Charizard|Charizard-Mega-X
|message|Charizard has Mega Evolved into Mega Charizard!
|move|p2a: Charizard|Outrage|p1a: Tentacruel
|-damage|p1a: Tentacruel|0 fnt
|faint|p1a: Tentacruel
|
|
|switch|p1a: Talonflame|Talonflame, M|298\/298
|-damage|p1a: Talonflame|149\/298|[from] Stealth Rock
|turn|19
|
|move|p1a: Talonflame|Brave Bird|p2a: Charizard
|-damage|p2a: Charizard|0 fnt
|-damage|p1a: Talonflame|100\/298|[from] recoil|[of] p2a: Charizard
|faint|p2a: Charizard
|
|
|switch|p2a: Rotom-Wash|Rotom-Wash|265\/304
|-damage|p2a: Rotom-Wash|227\/304|[from] Stealth Rock
|turn|20
|
|move|p1a: Talonflame|Brave Bird|p2a: Rotom-Wash
|-resisted|p2a: Rotom-Wash
|-damage|p2a: Rotom-Wash|141\/304
|-damage|p1a: Talonflame|72\/298|[from] recoil|[of] p2a: Rotom-Wash
|move|p2a: Rotom-Wash|Hydro Pump|p1a: Talonflame
|-supereffective|p1a: Talonflame
|-damage|p1a: Talonflame|0 fnt
|faint|p1a: Talonflame
|
|-heal|p2a: Rotom-Wash|160\/304|[from] item: Leftovers
|
|switch|p1a: Conkeldurr|Conkeldurr, F|414\/414
|-damage|p1a: Conkeldurr|389\/414|[from] Stealth Rock
|turn|21
|
|move|p2a: Rotom-Wash|Volt Switch|p1a: Conkeldurr
|-damage|p1a: Conkeldurr|257\/414
|
|switch|p2a: Clefable|Clefable, F|262\/394
|move|p1a: Conkeldurr|Knock Off|p2a: Clefable
|-resisted|p2a: Clefable
|-damage|p2a: Clefable|196\/394
|-enditem|p2a: Clefable|Life Orb|[from] move: Knock Off|[of] p1a: Conkeldurr
|
|-heal|p1a: Conkeldurr|282\/414|[from] item: Leftovers
|turn|22
|
|switch|p1a: Landorus-Therian|Landorus-Therian, M|319\/319
|-damage|p1a: Landorus-Therian|280\/319|[from] Stealth Rock
|-ability|p1a: Landorus-Therian|Intimidate|[of] p2a: Clefable
|-unboost|p2a: Clefable|atk|1
|move|p2a: Clefable|Moonblast|p1a: Landorus-Therian
|-damage|p1a: Landorus-Therian|139\/319
|
|-heal|p1a: Landorus-Therian|158\/319|[from] item: Leftovers
|turn|23
|
|move|p1a: Landorus-Therian|Earthquake|p2a: Clefable
|-damage|p2a: Clefable|0 fnt
|faint|p2a: Clefable
|
|-heal|p1a: Landorus-Therian|177\/319|[from] item: Leftovers
|chat|bossboss|fuk
|chat|bossboss|strong
|
|switch|p2a: Rotom-Wash|Rotom-Wash|160\/304
|-damage|p2a: Rotom-Wash|122\/304|[from] Stealth Rock
|turn|24
|
|move|p1a: Landorus-Therian|U-turn|p2a: Rotom-Wash
|-damage|p2a: Rotom-Wash|63\/304
|
|switch|p1a: Kyurem-Black|Kyurem-Black|217\/391
|-damage|p1a: Kyurem-Black|120\/391|[from] Stealth Rock
|-ability|p1a: Kyurem-Black|Teravolt
|move|p2a: Rotom-Wash|Hydro Pump|p1a: Kyurem-Black
|-resisted|p1a: Kyurem-Black
|-damage|p1a: Kyurem-Black|38\/391
|
|-heal|p2a: Rotom-Wash|82\/304|[from] item: Leftovers
|turn|25
|
|move|p1a: Kyurem-Black|Fusion Bolt|p2a: Rotom-Wash
|-damage|p2a: Rotom-Wash|0 fnt
|faint|p2a: Rotom-Wash
|
|
|switch|p2a: Aegislash|Aegislash, F|261\/261
|-damage|p2a: Aegislash|245\/261|[from] Stealth Rock
|turn|26
|
|switch|p1a: Conkeldurr|Conkeldurr, F|282\/414
|-damage|p1a: Conkeldurr|257\/414|[from] Stealth Rock
|move|p2a: Aegislash|Autotomize|p2a: Aegislash
|-boost|p2a: Aegislash|spe|2
|-start|p2a: Aegislash|Autotomize
|
|-heal|p1a: Conkeldurr|282\/414|[from] item: Leftovers
|turn|27
|
|move|p2a: Aegislash|Autotomize|p2a: Aegislash
|-boost|p2a: Aegislash|spe|2
|move|p1a: Conkeldurr|Knock Off|p2a: Aegislash
|-supereffective|p2a: Aegislash
|-damage|p2a: Aegislash|61\/261
|-enditem|p2a: Aegislash|Weakness Policy
|-boost|p2a: Aegislash|atk|2|[from] item: Weakness Policy
|-boost|p2a: Aegislash|spa|2|[from] item: Weakness Policy
|
|-heal|p1a: Conkeldurr|307\/414|[from] item: Leftovers
|turn|28
|chat|bossboss|LFGI
|
|-formechange|p2a: Aegislash|Aegislash-Blade
|move|p2a: Aegislash|Shadow Ball|p1a: Conkeldurr
|-damage|p1a: Conkeldurr|0 fnt
|faint|p1a: Conkeldurr
|
|
|switch|p1a: Kyurem-Black|Kyurem-Black|38\/391
|-damage|p1a: Kyurem-Black|0 fnt|[from] Stealth Rock
|faint|p1a: Kyurem-Black
|
|switch|p1a: Landorus-Therian|Landorus-Therian, M|177\/319
|-damage|p1a: Landorus-Therian|138\/319|[from] Stealth Rock
|-ability|p1a: Landorus-Therian|Intimidate|[of] p2a: Aegislash
|-unboost|p2a: Aegislash|atk|1
|turn|29
|
|move|p2a: Aegislash|Shadow Ball|p1a: Landorus-Therian
|-damage|p1a: Landorus-Therian|0 fnt
|faint|p1a: Landorus-Therian
|
|win|bossboss
|raw|Ladder updating...
|raw|Bankairai's rating: 1761 &rarr; <strong>1738<\/strong><br \/>(-23 for losing)
|raw|bossboss's rating: 1710 &rarr; <strong>1732<\/strong><br \/>(+22 for winning)