|join|bossboss
|join|Raph is a troll
|player|p1|bossboss|169
|player|p2|Raph is a troll|69
|gametype|singles
|gen|6
|tier|OU
|rated
|clearpoke
|poke|p1|Genesect, shiny
|poke|p1|Ditto
|poke|p1|Aegislash, F
|poke|p1|Charizard, M
|poke|p1|Clefable, F
|poke|p1|Rotom-Wash
|poke|p2|Garchomp, F
|poke|p2|Keldeo
|poke|p2|Bisharp, M
|poke|p2|Scizor, M
|poke|p2|Landorus-Therian, M
|poke|p2|Rotom-Wash
|rule|Sleep Clause Mod: Limit one foe put to sleep
|rule|Species Clause: Limit one of each Pokemon
|rule|OHKO Clause: OHKO moves are banned
|rule|Moody Clause: Moody is banned
|rule|Evasion Moves Clause: Evasion moves are banned
|rule|Endless Battle Clause: Forcing endless battles is banned.
|rule|HP Percentage Mod: HP is reported as percentages
|teampreview
|
|start
|switch|p1a: Genesect|Genesect, shiny|283\/283
|switch|p2a: Garchomp|Garchomp, F|358\/358
|-boost|p1a: Genesect|spa|1|[from] ability: Download
|turn|1
|
|switch|p2a: Scizor|Scizor, M|343\/343
|move|p1a: Genesect|U-turn|p2a: Scizor
|-resisted|p2a: Scizor
|-damage|p2a: Scizor|286\/343
|
|switch|p1a: Charizard|Charizard, M|298\/298
|
|turn|2
|
|switch|p2a: Garchomp|Garchomp, F|358\/358
|-formechange|p1a: Charizard|Charizard-Mega-X
|message|Charizard has Mega Evolved into Mega Charizard!
|move|p1a: Charizard|Dragon Dance|p1a: Charizard
|-boost|p1a: Charizard|atk|1
|-boost|p1a: Charizard|spe|1
|
|turn|3
|
|move|p2a: Garchomp|Earthquake|p1a: Charizard
|-supereffective|p1a: Charizard
|-damage|p1a: Charizard|0 fnt
|faint|p1a: Charizard
|
|
|switch|p1a: Rotom-Wash|Rotom-Wash|304\/304
|turn|4
|
|switch|p2a: Rotom-Wash|Rotom-Wash|303\/303
|move|p1a: Rotom-Wash|Will-O-Wisp|p2a: Rotom-Wash
|-status|p2a: Rotom-Wash|brn
|
|-damage|p2a: Rotom-Wash|266\/303 brn|[from] brn
|turn|5
|
|move|p2a: Rotom-Wash|Volt Switch|p1a: Rotom-Wash
|-damage|p1a: Rotom-Wash|219\/304
|
|switch|p2a: Scizor|Scizor, M|286\/343
|move|p1a: Rotom-Wash|Will-O-Wisp|p2a: Scizor|[miss]
|-miss|p1a: Rotom-Wash|p2a: Scizor
|
|-heal|p1a: Rotom-Wash|238\/304|[from] item: Leftovers
|turn|6
|chat|bossboss|rough
|
|switch|p2a: Rotom-Wash|Rotom-Wash|266\/303 brn
|move|p1a: Rotom-Wash|Will-O-Wisp|p2a: Rotom-Wash
|-fail|p2a: Rotom-Wash|brn
|
|-heal|p2a: Rotom-Wash|284\/303 brn|[from] item: Leftovers
|-heal|p1a: Rotom-Wash|257\/304|[from] item: Leftovers
|-damage|p2a: Rotom-Wash|247\/303 brn|[from] brn
|turn|7
|
|switch|p1a: Clefable|Clefable, F|394\/394
|move|p2a: Rotom-Wash|Will-O-Wisp|p1a: Clefable
|-status|p1a: Clefable|brn
|
|-heal|p2a: Rotom-Wash|265\/303 brn|[from] item: Leftovers
|-damage|p2a: Rotom-Wash|228\/303 brn|[from] brn
|turn|8
|
|switch|p2a: Scizor|Scizor, M|286\/343
|move|p1a: Clefable|Moonblast|p2a: Scizor
|-resisted|p2a: Scizor
|-damage|p2a: Scizor|218\/343
|
|turn|9
|
|switch|p1a: Genesect|Genesect, shiny|283\/283
|-boost|p1a: Genesect|atk|1|[from] ability: Download
|-formechange|p2a: Scizor|Scizor-Mega
|message|Scizor has Mega Evolved into Mega Scizor!
|move|p2a: Scizor|Bullet Punch|p1a: Genesect
|-resisted|p1a: Genesect
|-damage|p1a: Genesect|223\/283
|
|turn|10
|
|switch|p2a: Landorus-Therian|Landorus-Therian, M|381\/381
|-ability|p2a: Landorus-Therian|Intimidate|[of] p1a: Genesect
|-unboost|p1a: Genesect|atk|1
|move|p1a: Genesect|U-turn|p2a: Landorus-Therian
|-crit|p2a: Landorus-Therian
|-resisted|p2a: Landorus-Therian
|-damage|p2a: Landorus-Therian|306\/381
|
|switch|p1a: Ditto|Ditto|300\/300
|-transform|p1a: Ditto|p2a: Landorus-Therian
|-ability|p1a: Ditto|Intimidate|[of] p2a: Landorus-Therian
|-unboost|p2a: Landorus-Therian|atk|1
|
|-heal|p2a: Landorus-Therian|329\/381|[from] item: Leftovers
|turn|11
|
|move|p1a: Ditto|Stealth Rock|p2a: Landorus-Therian
|-sidestart|p2: Raph is a troll|move: Stealth Rock
|move|p2a: Landorus-Therian|Knock Off|p1a: Ditto
|-crit|p1a: Ditto
|-damage|p1a: Ditto|177\/300
|-enditem|p1a: Ditto|Choice Scarf|[from] move: Knock Off|[of] p2a: Landorus-Therian
|
|-heal|p2a: Landorus-Therian|352\/381|[from] item: Leftovers
|turn|12
|
|switch|p2a: Scizor|Scizor, M|218\/343
|-formechange|p2a: Scizor|Scizor-Mega
|-damage|p2a: Scizor|176\/343|[from] Stealth Rock
|move|p1a: Ditto|Knock Off|p2a: Scizor
|-damage|p2a: Scizor|121\/343
|
|turn|13
|
|move|p1a: Ditto|Earthquake|p2a: Scizor
|-damage|p2a: Scizor|1\/343
|move|p2a: Scizor|Roost|p2a: Scizor
|-heal|p2a: Scizor|173\/343
|
|turn|14
|
|move|p1a: Ditto|U-turn|p2a: Scizor
|-resisted|p2a: Scizor
|-damage|p2a: Scizor|145\/343
|
|switch|p1a: Rotom-Wash|Rotom-Wash|257\/304
|move|p2a: Scizor|Roost|p2a: Scizor
|-heal|p2a: Scizor|317\/343
|
|-heal|p1a: Rotom-Wash|276\/304|[from] item: Leftovers
|turn|15
|
|switch|p2a: Rotom-Wash|Rotom-Wash|228\/303 brn
|-damage|p2a: Rotom-Wash|191\/303 brn|[from] Stealth Rock
|move|p1a: Rotom-Wash|Will-O-Wisp|p2a: Rotom-Wash
|-fail|p2a: Rotom-Wash|brn
|
|-heal|p2a: Rotom-Wash|209\/303 brn|[from] item: Leftovers
|-heal|p1a: Rotom-Wash|295\/304|[from] item: Leftovers
|-damage|p2a: Rotom-Wash|172\/303 brn|[from] brn
|turn|16
|
|switch|p1a: Clefable|Clefable, F|394\/394 brn
|move|p2a: Rotom-Wash|Pain Split|p1a: Clefable
|-sethp|p1a: Clefable|283\/394 brn|p2a: Rotom-Wash|283\/303 brn|[from] move: Pain Split
|
|-heal|p2a: Rotom-Wash|301\/303 brn|[from] item: Leftovers
|-damage|p2a: Rotom-Wash|264\/303 brn|[from] brn
|turn|17
|
|switch|p2a: Scizor|Scizor, M|317\/343
|-formechange|p2a: Scizor|Scizor-Mega
|-damage|p2a: Scizor|275\/343|[from] Stealth Rock
|move|p1a: Clefable|Moonblast|p2a: Scizor
|-resisted|p2a: Scizor
|-damage|p2a: Scizor|217\/343
|
|turn|18
|
|switch|p1a: Rotom-Wash|Rotom-Wash|295\/304
|move|p2a: Scizor|Defog|p1a: Rotom-Wash
|-unboost|p1a: Rotom-Wash|evasion|1
|-sideend|p2: Raph is a troll|Stealth Rock|[from] move: Defog|[of] p2a: Scizor
|
|-heal|p1a: Rotom-Wash|304\/304|[from] item: Leftovers
|turn|19
|
|switch|p2a: Rotom-Wash|Rotom-Wash|264\/303 brn
|move|p1a: Rotom-Wash|Will-O-Wisp|p2a: Rotom-Wash
|-fail|p2a: Rotom-Wash|brn
|
|-heal|p2a: Rotom-Wash|282\/303 brn|[from] item: Leftovers
|-damage|p2a: Rotom-Wash|245\/303 brn|[from] brn
|turn|20
|
|move|p2a: Rotom-Wash|Volt Switch|p1a: Rotom-Wash
|-damage|p1a: Rotom-Wash|220\/304
|
|switch|p2a: Keldeo|Keldeo|323\/323
|move|p1a: Rotom-Wash|Will-O-Wisp|p2a: Keldeo
|-status|p2a: Keldeo|brn
|
|-heal|p1a: Rotom-Wash|239\/304|[from] item: Leftovers
|-damage|p2a: Keldeo|283\/323 brn|[from] brn
|turn|21
|
|move|p2a: Keldeo|Secret Sword|p1a: Rotom-Wash
|-damage|p1a: Rotom-Wash|82\/304
|move|p1a: Rotom-Wash|Pain Split|p2a: Keldeo
|-sethp|p2a: Keldeo|182\/323 brn|p1a: Rotom-Wash|182\/304|[from] move: Pain Split
|
|-heal|p1a: Rotom-Wash|201\/304|[from] item: Leftovers
|-damage|p2a: Keldeo|142\/323 brn|[from] brn
|turn|22
|
|switch|p2a: Rotom-Wash|Rotom-Wash|245\/303 brn
|switch|p1a: Clefable|Clefable, F|283\/394 brn
|
|-heal|p2a: Rotom-Wash|263\/303 brn|[from] item: Leftovers
|-damage|p2a: Rotom-Wash|226\/303 brn|[from] brn
|turn|23
|
|move|p2a: Rotom-Wash|Volt Switch|p1a: Clefable
|-damage|p1a: Clefable|193\/394 brn
|
|switch|p2a: Scizor|Scizor, M|217\/343
|-formechange|p2a: Scizor|Scizor-Mega
|move|p1a: Clefable|Moonblast|p2a: Scizor
|-resisted|p2a: Scizor
|-damage|p2a: Scizor|156\/343
|-unboost|p2a: Scizor|spa|1
|
|turn|24
|
|switch|p1a: Rotom-Wash|Rotom-Wash|201\/304
|move|p2a: Scizor|U-turn|p1a: Rotom-Wash
|-damage|p1a: Rotom-Wash|105\/304
|chat|bossboss|ok
|
|switch|p2a: Garchomp|Garchomp, F|358\/358
|
|-heal|p1a: Rotom-Wash|124\/304|[from] item: Leftovers
|turn|25
|chat|bossboss|you have uturn
|chat|bossboss|good to kno
|
|switch|p1a: Genesect|Genesect, shiny|223\/283
|-boost|p1a: Genesect|spa|1|[from] ability: Download
|move|p2a: Garchomp|Outrage|p1a: Genesect
|-resisted|p1a: Genesect
|-damage|p1a: Genesect|100\/283
|
|turn|26
|
|move|p2a: Garchomp|Outrage|p1a: Genesect
|-resisted|p1a: Genesect
|-damage|p1a: Genesect|0 fnt
|faint|p1a: Genesect
|
|-end|p2a: Garchomp|rampage
|-start|p2a: Garchomp|confusion
|
|switch|p1a: Aegislash|Aegislash, F|261\/261
|turn|27
|
|switch|p2a: Landorus-Therian|Landorus-Therian, M|352\/381
|-ability|p2a: Landorus-Therian|Intimidate|[of] p1a: Aegislash
|-unboost|p1a: Aegislash|atk|1
|-formechange|p1a: Aegislash|Aegislash-Blade
|move|p1a: Aegislash|Sacred Sword|p2a: Landorus-Therian
|-resisted|p2a: Landorus-Therian
|-damage|p2a: Landorus-Therian|322\/381
|
|-heal|p2a: Landorus-Therian|345\/381|[from] item: Leftovers
|turn|28
|
|switch|p1a: Ditto|Ditto|177\/300
|-transform|p1a: Ditto|p2a: Landorus-Therian
|-ability|p1a: Ditto|Intimidate|[of] p2a: Landorus-Therian
|-unboost|p2a: Landorus-Therian|atk|1
|move|p2a: Landorus-Therian|Knock Off|p1a: Ditto
|-damage|p1a: Ditto|139\/300
|
|-heal|p2a: Landorus-Therian|368\/381|[from] item: Leftovers
|turn|29
|
|move|p1a: Ditto|Stealth Rock|p2a: Landorus-Therian
|-sidestart|p2: Raph is a troll|move: Stealth Rock
|move|p2a: Landorus-Therian|Stealth Rock|p1a: Ditto
|-sidestart|p1: bossboss|move: Stealth Rock
|
|-heal|p2a: Landorus-Therian|381\/381|[from] item: Leftovers
|turn|30
|
|move|p2a: Landorus-Therian|U-turn|p1a: Ditto
|-crit|p1a: Ditto
|-resisted|p1a: Ditto
|-damage|p1a: Ditto|96\/300
|
|switch|p2a: Garchomp|Garchomp, F|358\/358
|-damage|p2a: Garchomp|336\/358|[from] Stealth Rock
|move|p1a: Ditto|Knock Off|p2a: Garchomp
|-damage|p2a: Garchomp|232\/358
|-damage|p1a: Ditto|59\/300|[from] ability: Rough Skin|[of] p2a: Garchomp
|-enditem|p2a: Garchomp|Choice Scarf|[from] move: Knock Off|[of] p1a: Ditto
|
|turn|31
|
|move|p2a: Garchomp|Stone Edge|p1a: Ditto
|-crit|p1a: Ditto
|-damage|p1a: Ditto|0 fnt
|faint|p1a: Ditto
|
|
|switch|p1a: Aegislash|Aegislash, F|261\/261
|-damage|p1a: Aegislash|245\/261|[from] Stealth Rock
|turn|32
|
|switch|p2a: Bisharp|Bisharp, M|318\/318
|-damage|p2a: Bisharp|299\/318|[from] Stealth Rock
|move|p1a: Aegislash|Autotomize|p1a: Aegislash
|-boost|p1a: Aegislash|spe|2
|-start|p1a: Aegislash|Autotomize
|
|turn|33
|
|move|p2a: Bisharp|Sucker Punch|p1a: Aegislash
|-supereffective|p1a: Aegislash
|-damage|p1a: Aegislash|45\/261
|-enditem|p1a: Aegislash|Weakness Policy
|-boost|p1a: Aegislash|atk|2|[from] item: Weakness Policy
|-boost|p1a: Aegislash|spa|2|[from] item: Weakness Policy
|-formechange|p1a: Aegislash|Aegislash-Blade
|move|p1a: Aegislash|Sacred Sword|p2a: Bisharp
|-crit|p2a: Bisharp
|-supereffective|p2a: Bisharp
|-damage|p2a: Bisharp|0 fnt
|faint|p2a: Bisharp
|
|
|switch|p2a: Scizor|Scizor, M|156\/343
|-formechange|p2a: Scizor|Scizor-Mega
|-damage|p2a: Scizor|114\/343|[from] Stealth Rock
|turn|34
|
|move|p1a: Aegislash|Shadow Sneak|p2a: Scizor
|-damage|p2a: Scizor|0 fnt
|faint|p2a: Scizor
|
|chat|Raph is a troll|ouch
|chat|bossboss|yah
|chat|bossboss|was waiting for the right time
|chat|bossboss|now seemed perfect
|
|switch|p2a: Landorus-Therian|Landorus-Therian, M|381\/381
|-damage|p2a: Landorus-Therian|334\/381|[from] Stealth Rock
|-ability|p2a: Landorus-Therian|Intimidate|[of] p1a: Aegislash
|-unboost|p1a: Aegislash|atk|1
|turn|35
|
|move|p1a: Aegislash|Shadow Ball|p2a: Landorus-Therian
|-damage|p2a: Landorus-Therian|0 fnt
|faint|p2a: Landorus-Therian
|
|
|switch|p2a: Rotom-Wash|Rotom-Wash|226\/303 brn
|-damage|p2a: Rotom-Wash|189\/303 brn|[from] Stealth Rock
|turn|36
|
|move|p1a: Aegislash|Shadow Ball|p2a: Rotom-Wash
|-damage|p2a: Rotom-Wash|0 fnt
|faint|p2a: Rotom-Wash
|
|
|switch|p2a: Garchomp|Garchomp, F|232\/358
|-damage|p2a: Garchomp|210\/358|[from] Stealth Rock
|turn|37
|
|move|p1a: Aegislash|Shadow Ball|p2a: Garchomp
|-damage|p2a: Garchomp|0 fnt
|faint|p2a: Garchomp
|
|
|switch|p2a: Keldeo|Keldeo|142\/323 brn
|-damage|p2a: Keldeo|122\/323 brn|[from] Stealth Rock
|turn|38
|
|move|p1a: Aegislash|Shadow Sneak|p2a: Keldeo
|-damage|p2a: Keldeo|2\/323 brn
|move|p2a: Keldeo|Hydro Pump|p1a: Aegislash|[miss]
|-miss|p2a: Keldeo|p1a: Aegislash
|
|-damage|p2a: Keldeo|0 fnt|[from] brn
|faint|p2a: Keldeo
|
|win|bossboss
|raw|Ladder updating...
|raw|bossboss's rating: 1729 &rarr; <strong>1748<\/strong><br \/>(+19 for winning)
|raw|Raph is a troll's rating: 1703 &rarr; <strong>1685<\/strong><br \/>(-18 for losing)
|chat|Raph is a troll|gg