|join|MaatMattos
|join|bossboss
|player|p1|MaatMattos|165
|player|p2|bossboss|169
|gametype|singles
|gen|6
|tier|OU
|rated
|clearpoke
|poke|p1|Manaphy
|poke|p1|Klefki, M
|poke|p1|Landorus, M
|poke|p1|Thundurus-Therian, M
|poke|p1|Mawile, M
|poke|p1|Excadrill, M
|poke|p2|Thundurus-Therian, M
|poke|p2|Ditto
|poke|p2|Aegislash, F
|poke|p2|Charizard, F
|poke|p2|Clefable, M
|poke|p2|Rotom-Wash
|rule|Sleep Clause Mod: Limit one foe put to sleep
|rule|Species Clause: Limit one of each Pokemon
|rule|OHKO Clause: OHKO moves are banned
|rule|Moody Clause: Moody is banned
|rule|Evasion Moves Clause: Evasion moves are banned
|rule|Endless Battle Clause: Forcing endless battles is banned.
|rule|HP Percentage Mod: HP is reported as percentages
|teampreview
|
|start
|switch|p1a: Landorus|Landorus, M|320\/320
|switch|p2a: Thundurus-Therian|Thundurus-Therian, M|299\/299
|turn|1
|
|switch|p1a: Klefki|Klefki, M|318\/318
|move|p2a: Thundurus-Therian|Hidden Power|p1a: Klefki
|-resisted|p1a: Klefki
|-damage|p1a: Klefki|285\/318
|
|turn|2
|
|move|p1a: Klefki|Light Screen|p1a: Klefki
|-sidestart|p1: MaatMattos|move: Light Screen
|move|p2a: Thundurus-Therian|Thunder|p1a: Klefki|[miss]
|-miss|p2a: Thundurus-Therian|p1a: Klefki
|
|turn|3
|
|move|p1a: Klefki|Reflect|p1a: Klefki
|-sidestart|p1: MaatMattos|Reflect
|move|p2a: Thundurus-Therian|Thunder|p1a: Klefki
|-damage|p1a: Klefki|186\/318
|
|turn|4
|
|switch|p1a: Thundurus-Therian|Thundurus-Therian, M|299\/299
|move|p2a: Thundurus-Therian|Thunder|p1a: Thundurus-Therian
|-immune|p1a: Thundurus-Therian|[msg]
|
|turn|5
|
|switch|p2a: Clefable|Clefable, M|394\/394
|move|p1a: Thundurus-Therian|Nasty Plot|p1a: Thundurus-Therian
|-boost|p1a: Thundurus-Therian|spa|2
|
|turn|6
|
|switch|p2a: Thundurus-Therian|Thundurus-Therian, M|299\/299
|move|p1a: Thundurus-Therian|Thunderbolt|p2a: Thundurus-Therian
|-immune|p2a: Thundurus-Therian|[msg]
|
|turn|7
|
|move|p1a: Thundurus-Therian|Nasty Plot|p1a: Thundurus-Therian
|-boost|p1a: Thundurus-Therian|spa|2
|move|p2a: Thundurus-Therian|Hidden Power|p1a: Thundurus-Therian
|-supereffective|p1a: Thundurus-Therian
|-damage|p1a: Thundurus-Therian|219\/299
|
|turn|8
|
|move|p1a: Thundurus-Therian|Hidden Power|p2a: Thundurus-Therian
|-supereffective|p2a: Thundurus-Therian
|-damage|p2a: Thundurus-Therian|0 fnt
|-damage|p1a: Thundurus-Therian|190\/299|[from] item: Life Orb
|faint|p2a: Thundurus-Therian
|
|
|switch|p2a: Ditto|Ditto|300\/300
|-transform|p2a: Ditto|p1a: Thundurus-Therian
|turn|9
|
|move|p2a: Ditto|Hidden Power|p1a: Thundurus-Therian
|-damage|p1a: Thundurus-Therian|43\/299
|move|p1a: Thundurus-Therian|Hidden Power|p2a: Ditto
|-supereffective|p2a: Ditto
|-damage|p2a: Ditto|0 fnt
|-damage|p1a: Thundurus-Therian|14\/299|[from] item: Life Orb
|faint|p2a: Ditto
|
|-sideend|p1: MaatMattos|move: Light Screen
|
|switch|p2a: Aegislash|Aegislash, F|261\/261
|turn|10
|
|switch|p1a: Klefki|Klefki, M|186\/318
|-formechange|p2a: Aegislash|Aegislash-Blade
|move|p2a: Aegislash|Shadow Sneak|p1a: Klefki
|-crit|p1a: Klefki
|-damage|p1a: Klefki|98\/318
|
|-sideend|p1: MaatMattos|Reflect
|turn|11
|
|move|p1a: Klefki|Reflect|p1a: Klefki
|-sidestart|p1: MaatMattos|Reflect
|move|p2a: Aegislash|Shadow Ball|p1a: Klefki
|-damage|p1a: Klefki|0 fnt
|faint|p1a: Klefki
|
|
|switch|p1a: Excadrill|Excadrill, M|362\/362
|-ability|p1a: Excadrill|Mold Breaker
|turn|12
|
|switch|p2a: Charizard|Charizard, F|297\/297
|move|p1a: Excadrill|Rock Slide|p2a: Charizard
|-miss|p1a: Excadrill|p2a: Charizard
|
|turn|13
|chat|MaatMattos|ow come on!
|
|switch|p1a: Manaphy|Manaphy|342\/342
|switch|p2a: Aegislash|Aegislash, F|261\/261
|
|turn|14
|
|switch|p2a: Rotom-Wash|Rotom-Wash|304\/304
|move|p1a: Manaphy|Tail Glow|p1a: Manaphy
|-boost|p1a: Manaphy|spa|3
|
|turn|15
|
|switch|p1a: Thundurus-Therian|Thundurus-Therian, M|14\/299
|move|p2a: Rotom-Wash|Pain Split|p1a: Thundurus-Therian
|-sethp|p1a: Thundurus-Therian|159\/299|p2a: Rotom-Wash|159\/304|[from] move: Pain Split
|
|-heal|p2a: Rotom-Wash|178\/304|[from] item: Leftovers
|turn|16
|
|move|p1a: Thundurus-Therian|Thunderbolt|p2a: Rotom-Wash
|-damage|p2a: Rotom-Wash|0 fnt
|-damage|p1a: Thundurus-Therian|130\/299|[from] item: Life Orb
|faint|p2a: Rotom-Wash
|
|
|switch|p2a: Clefable|Clefable, M|394\/394
|turn|17
|
|switch|p1a: Excadrill|Excadrill, M|362\/362
|-ability|p1a: Excadrill|Mold Breaker
|move|p2a: Clefable|Calm Mind|p2a: Clefable
|-boost|p2a: Clefable|spa|1
|-boost|p2a: Clefable|spd|1
|
|turn|18
|
|move|p1a: Excadrill|Iron Head|p2a: Clefable
|-supereffective|p2a: Clefable
|-damage|p2a: Clefable|17\/394
|-damage|p1a: Excadrill|326\/362|[from] item: Life Orb
|move|p2a: Clefable|Flamethrower|p1a: Excadrill
|-supereffective|p1a: Excadrill
|-damage|p1a: Excadrill|0 fnt
|faint|p1a: Excadrill
|
|-sideend|p1: MaatMattos|Reflect
|
|switch|p1a: Landorus|Landorus, M|320\/320
|turn|19
|
|move|p1a: Landorus|Earth Power|p2a: Clefable
|-damage|p2a: Clefable|0 fnt
|faint|p2a: Clefable
|
|
|switch|p2a: Charizard|Charizard, F|297\/297
|turn|20
|
|switch|p1a: Manaphy|Manaphy|342\/342
|-formechange|p2a: Charizard|Charizard-Mega-X
|message|Charizard has Mega Evolved into Mega Charizard!
|move|p2a: Charizard|Dragon Dance|p2a: Charizard
|-boost|p2a: Charizard|atk|1
|-boost|p2a: Charizard|spe|1
|
|turn|21
|
|move|p2a: Charizard|Outrage|p1a: Manaphy
|-damage|p1a: Manaphy|0 fnt
|faint|p1a: Manaphy
|
|
|switch|p1a: Mawile|Mawile, M|304\/304
|-ability|p1a: Mawile|Intimidate|[of] p2a: Charizard
|-unboost|p2a: Charizard|atk|1
|turn|22
|
|-formechange|p1a: Mawile|Mawile-Mega
|message|Mawile has Mega Evolved into Mega Mawile!
|move|p2a: Charizard|Outrage|p1a: Mawile
|-immune|p1a: Mawile|[msg]
|move|p1a: Mawile|Swords Dance|p1a: Mawile
|-boost|p1a: Mawile|atk|2
|
|turn|23
|
|move|p1a: Mawile|Sucker Punch|p2a: Charizard
|-damage|p2a: Charizard|0 fnt
|faint|p2a: Charizard
|
|
|switch|p2a: Aegislash|Aegislash, F|261\/261
|turn|24
|
|move|p1a: Mawile|Sucker Punch|p2a: Aegislash
|-fail|p2a: Aegislash
|move|p2a: Aegislash|Autotomize|p2a: Aegislash
|-boost|p2a: Aegislash|spe|2
|-start|p2a: Aegislash|Autotomize
|
|turn|25
|
|move|p1a: Mawile|Sucker Punch|p2a: Aegislash
|-fail|p2a: Aegislash
|move|p2a: Aegislash|Autotomize|p2a: Aegislash
|-boost|p2a: Aegislash|spe|2
|
|turn|26
|
|move|p2a: Aegislash|Autotomize|p2a: Aegislash
|-boost|p2a: Aegislash|spe|2
|move|p1a: Mawile|Play Rough|p2a: Aegislash
|-resisted|p2a: Aegislash
|-damage|p2a: Aegislash|50\/261
|-unboost|p2a: Aegislash|atk|1
|
|turn|27
|
|move|p1a: Mawile|Sucker Punch|p2a: Aegislash
|-fail|p2a: Aegislash
|move|p2a: Aegislash|Autotomize|p2a: Aegislash
|-fail|p2a: Aegislash
|
|turn|28
|
|-formechange|p2a: Aegislash|Aegislash-Blade
|move|p2a: Aegislash|Shadow Ball|p1a: Mawile
|-damage|p1a: Mawile|151\/304
|move|p1a: Mawile|Iron Head|p2a: Aegislash
|-resisted|p2a: Aegislash
|-damage|p2a: Aegislash|0 fnt
|faint|p2a: Aegislash
|
|win|MaatMattos
|raw|Ladder updating...
|raw|MaatMattos's rating: 1885 &rarr; <strong>1893<\/strong><br \/>(+8 for winning)
|raw|bossboss's rating: 1644 &rarr; <strong>1636<\/strong><br \/>(-8 for losing)