|join|XV Talonflame
|join|bossboss
|player|p1|XV Talonflame|219
|player|p2|bossboss|102
|gametype|singles
|gen|6
|tier|OU
|rated
|clearpoke
|poke|p1|Deoxys-Defense
|poke|p1|Azumarill, F
|poke|p1|Thundurus, M
|poke|p1|Bisharp, M
|poke|p1|Garchomp, M
|poke|p1|Lucario, M
|poke|p2|Deoxys-Speed
|poke|p2|Bisharp, M
|poke|p2|Clefable, F
|poke|p2|Talonflame, F, shiny
|poke|p2|Azumarill, F
|poke|p2|Toxicroak, M
|rule|Sleep Clause Mod: Limit one foe put to sleep
|rule|Species Clause: Limit one of each Pokemon
|rule|OHKO Clause: OHKO moves are banned
|rule|Moody Clause: Moody is banned
|rule|Evasion Moves Clause: Evasion moves are banned
|rule|Endless Battle Clause: Forcing endless battles is banned.
|rule|HP Percentage Mod: HP is reported as percentages
|teampreview
|
|start
|switch|p1a: Bisharp|Bisharp, M|272\/272
|switch|p2a: Deoxys-Speed|Deoxys-Speed|241\/241
|-ability|p2a: Deoxys-Speed|Pressure
|turn|1
|
|switch|p1a: Deoxys-Defense|Deoxys-Defense|304\/304
|-ability|p1a: Deoxys-Defense|Pressure
|move|p2a: Deoxys-Speed|Superpower|p1a: Deoxys-Defense
|-resisted|p1a: Deoxys-Defense
|-damage|p1a: Deoxys-Defense|269\/304
|-unboost|p2a: Deoxys-Speed|atk|1
|-unboost|p2a: Deoxys-Speed|def|1
|-enditem|p1a: Deoxys-Defense|Red Card|[of] p2a: Deoxys-Speed
|drag|p2a: Clefable|Clefable, F|394\/394
|
|turn|2
|
|switch|p2a: Deoxys-Speed|Deoxys-Speed|241\/241
|-ability|p2a: Deoxys-Speed|Pressure
|move|p1a: Deoxys-Defense|Taunt|p2a: Deoxys-Speed
|-start|p2a: Deoxys-Speed|move: Taunt
|
|turn|3
|
|switch|p2a: Bisharp|Bisharp, M|272\/272
|move|p1a: Deoxys-Defense|Stealth Rock|p2a: Bisharp
|-sidestart|p2: bossboss|move: Stealth Rock
|
|turn|4
|
|move|p1a: Deoxys-Defense|Spikes|p2a: Bisharp
|-sidestart|p2: bossboss|Spikes
|move|p2a: Bisharp|Knock Off|p1a: Deoxys-Defense
|-supereffective|p1a: Deoxys-Defense
|-damage|p1a: Deoxys-Defense|79\/304
|-damage|p2a: Bisharp|245\/272|[from] item: Life Orb
|
|turn|5
|
|switch|p2a: Deoxys-Speed|Deoxys-Speed|241\/241
|-damage|p2a: Deoxys-Speed|211\/241|[from] Stealth Rock
|-damage|p2a: Deoxys-Speed|181\/241|[from] Spikes
|-ability|p2a: Deoxys-Speed|Pressure
|move|p1a: Deoxys-Defense|Spikes|p2a: Deoxys-Speed
|-sidestart|p2: bossboss|Spikes
|
|turn|6
|
|move|p2a: Deoxys-Speed|Stealth Rock|p1a: Deoxys-Defense
|-sidestart|p1: XV Talonflame|move: Stealth Rock
|move|p1a: Deoxys-Defense|Knock Off|p2a: Deoxys-Speed
|-supereffective|p2a: Deoxys-Speed
|-damage|p2a: Deoxys-Speed|59\/241
|-enditem|p2a: Deoxys-Speed|Focus Sash|[from] move: Knock Off|[of] p1a: Deoxys-Defense
|
|turn|7
|
|move|p2a: Deoxys-Speed|Taunt|p1a: Deoxys-Defense
|-start|p1a: Deoxys-Defense|move: Taunt
|move|p1a: Deoxys-Defense|Knock Off|p2a: Deoxys-Speed
|-supereffective|p2a: Deoxys-Speed
|-damage|p2a: Deoxys-Speed|0 fnt
|faint|p2a: Deoxys-Speed
|
|
|switch|p2a: Talonflame|Talonflame, F, shiny|297\/297
|-damage|p2a: Talonflame|149\/297|[from] Stealth Rock
|turn|8
|
|move|p2a: Talonflame|Swords Dance|p2a: Talonflame
|-boost|p2a: Talonflame|atk|2
|move|p1a: Deoxys-Defense|Knock Off|p2a: Talonflame
|-damage|p2a: Talonflame|102\/297
|
|turn|9
|
|move|p2a: Talonflame|Swords Dance|p2a: Talonflame
|-boost|p2a: Talonflame|atk|2
|move|p1a: Deoxys-Defense|Knock Off|p2a: Talonflame
|-crit|p2a: Talonflame
|-damage|p2a: Talonflame|27\/297
|
|-end|p1a: Deoxys-Defense|move: Taunt
|turn|10
|
|move|p2a: Talonflame|Roost|p2a: Talonflame
|-heal|p2a: Talonflame|176\/297
|move|p1a: Deoxys-Defense|Knock Off|p2a: Talonflame
|-damage|p2a: Talonflame|129\/297
|
|turn|11
|
|move|p2a: Talonflame|Roost|p2a: Talonflame
|-heal|p2a: Talonflame|278\/297
|move|p1a: Deoxys-Defense|Taunt|p2a: Talonflame
|-start|p2a: Talonflame|move: Taunt
|
|turn|12
|
|move|p2a: Talonflame|Acrobatics|p1a: Deoxys-Defense
|-damage|p1a: Deoxys-Defense|0 fnt
|faint|p1a: Deoxys-Defense
|
|
|switch|p1a: Thundurus|Thundurus, M|300\/300
|-damage|p1a: Thundurus|225\/300|[from] Stealth Rock
|turn|13
|
|move|p2a: Talonflame|Acrobatics|p1a: Thundurus
|-resisted|p1a: Thundurus
|-damage|p1a: Thundurus|0 fnt
|faint|p1a: Thundurus
|
|
|switch|p1a: Garchomp|Garchomp, M|357\/357
|-damage|p1a: Garchomp|335\/357|[from] Stealth Rock
|turn|14
|
|move|p2a: Talonflame|Acrobatics|p1a: Garchomp
|-damage|p1a: Garchomp|0 fnt
|-damage|p2a: Talonflame|241\/297|[from] ability: Rough Skin|[of] p1a: Garchomp
|faint|p1a: Garchomp
|
|-end|p2a: Talonflame|move: Taunt
|
|switch|p1a: Azumarill|Azumarill, F|342\/342
|-damage|p1a: Azumarill|300\/342|[from] Stealth Rock
|turn|15
|
|move|p2a: Talonflame|Acrobatics|p1a: Azumarill
|-damage|p1a: Azumarill|0 fnt
|faint|p1a: Azumarill
|
|-message|XV Talonflame forfeited.
|
|win|bossboss
|raw|Ladder updating...
|leave|XV Talonflame
|player|p1
|raw|XV Talonflame's rating: 1608 &rarr; <strong>1587<\/strong><br \/>(-21 for losing)
|raw|bossboss's rating: 1590 &rarr; <strong>1611<\/strong><br \/>(+21 for winning)