|join|RS 7n7
|join|bossboss
|player|p1|RS 7n7|29
|player|p2|bossboss|266
|gametype|singles
|gen|6
|tier|OU
|rated
|clearpoke
|poke|p1|Deoxys-Speed
|poke|p1|Bisharp, F
|poke|p1|Tyranitar, F
|poke|p1|Garchomp, F
|poke|p1|Azumarill, F
|poke|p1|Thundurus, M
|poke|p2|Manaphy
|poke|p2|Politoed, M
|poke|p2|Skarmory, F
|poke|p2|Quagsire, F
|poke|p2|Thundurus, M
|poke|p2|Tentacruel, F
|rule|Sleep Clause Mod: Limit one foe put to sleep
|rule|Species Clause: Limit one of each Pokemon
|rule|OHKO Clause: OHKO moves are banned
|rule|Moody Clause: Moody is banned
|rule|Evasion Moves Clause: Evasion moves are banned
|rule|Endless Battle Clause: Forcing endless battles is banned.
|rule|HP Percentage Mod: HP is reported as percentages
|teampreview
|join|AtropheX
|join|i ou an apology
|join|Skarmory
|join|Princess Deluks917
|join|GoogleWorm
|join|Snooop Doge
|
|start
|switch|p1a: Garchomp|Garchomp, F|358\/358
|switch|p2a: Thundurus|Thundurus, M|299\/299
|turn|1
|
|switch|p2a: Politoed|Politoed, M|384\/384
|-weather|RainDance
|move|p1a: Garchomp|Outrage|p2a: Politoed
|-damage|p2a: Politoed|200\/384
|
|-weather|RainDance|[upkeep]
|turn|2
|join|BUSH DID 9\/11
|
|switch|p2a: Skarmory|Skarmory, F|334\/334
|move|p1a: Garchomp|Outrage|p2a: Skarmory
|-resisted|p2a: Skarmory
|-damage|p2a: Skarmory|250\/334
|-damage|p1a: Garchomp|299\/358|[from] item: Rocky Helmet|[of] p2a: Skarmory
|
|-end|p1a: Garchomp|rampage
|-start|p1a: Garchomp|confusion
|-weather|RainDance|[upkeep]
|turn|3
|chat|GoogleWorm|What the bloomingdales am I watching?
|chat|Skarmory|:D
|join|Tric3
|join|todd2g4u
|
|switch|p1a: Thundurus|Thundurus, M|299\/299
|move|p2a: Skarmory|Stealth Rock|p1a: Thundurus
|-sidestart|p1: RS 7n7|move: Stealth Rock
|
|-weather|RainDance|[upkeep]
|turn|4
|chat|BUSH DID 9\/11|watching costa get PWNED xD
|
|switch|p2a: Quagsire|Quagsire, F|394\/394
|move|p1a: Thundurus|Focus Blast|p2a: Quagsire
|-damage|p2a: Quagsire|157\/394
|-damage|p1a: Thundurus|270\/299|[from] item: Life Orb
|
|-weather|RainDance|[upkeep]
|-heal|p2a: Quagsire|181\/394|[from] item: Leftovers
|turn|5
|join|tst_100
|join|aayuu
|chat|BUSH DID 9\/11|wow duh puhdiction
|chat|Tric3|ahh
|chat|todd2g4u|tere goes a wall
|
|switch|p2a: Thundurus|Thundurus, M|299\/299
|move|p1a: Thundurus|Focus Blast|p2a: Thundurus
|-resisted|p2a: Thundurus
|-damage|p2a: Thundurus|200\/299
|-damage|p1a: Thundurus|241\/299|[from] item: Life Orb
|
|-weather|RainDance|[upkeep]
|turn|6
|chat|Tric3|u added focus blast for quaqsire
|chat|Tric3|quagsire
|
|switch|p1a: Garchomp|Garchomp, F|299\/358
|-damage|p1a: Garchomp|277\/358|[from] Stealth Rock
|move|p2a: Thundurus|Thunder|p1a: Garchomp
|-immune|p1a: Garchomp|[msg]
|
|-weather|RainDance|[upkeep]
|turn|7
|leave|todd2g4u
|join|Legend of Troy
|join|Crashman126
|
|switch|p2a: Skarmory|Skarmory, F|250\/334
|switch|p1a: Azumarill|Azumarill, F|358\/358
|-damage|p1a: Azumarill|314\/358|[from] Stealth Rock
|
|-weather|RainDance|[upkeep]
|turn|8
|chat|Princess Deluks917|its not that much of a predict to focus blast skarm
|
|switch|p2a: Tentacruel|Tentacruel, F|364\/364
|move|p1a: Azumarill|Waterfall|p2a: Tentacruel
|-resisted|p2a: Tentacruel
|-damage|p2a: Tentacruel|175\/364
|
|-weather|none
|-heal|p2a: Tentacruel|197\/364|[from] item: Black Sludge
|turn|9
|
|switch|p1a: Garchomp|Garchomp, F|277\/358
|-damage|p1a: Garchomp|255\/358|[from] Stealth Rock
|move|p2a: Tentacruel|Toxic Spikes|p1a: Garchomp
|-sidestart|p1: RS 7n7|move: Toxic Spikes
|
|-heal|p2a: Tentacruel|219\/364|[from] item: Black Sludge
|turn|10
|chat|BUSH DID 9\/11|rain boost waterfall damn
|chat|GoogleWorm|You should have grass knot instead of focus blast if you're REALLY super worried about quagsire.
|
|switch|p2a: Skarmory|Skarmory, F|250\/334
|move|p1a: Garchomp|Stealth Rock|p2a: Skarmory
|-sidestart|p2: bossboss|move: Stealth Rock
|
|turn|11
|chat|RS 7n7|thanks for the protip
|
|switch|p1a: Thundurus|Thundurus, M|241\/299
|-damage|p1a: Thundurus|167\/299|[from] Stealth Rock
|move|p2a: Skarmory|Spikes|p1a: Thundurus
|-sidestart|p1: RS 7n7|Spikes
|
|turn|12
|chat|i ou an apology|lol
|chat|BUSH DID 9\/11|ur fucking stupid if u think he has focus blast for quagsire
|join|Murkrow Jupiter
|chat|RS 7n7|ty bush
|
|switch|p2a: Quagsire|Quagsire, F|181\/394
|-damage|p2a: Quagsire|157\/394|[from] Stealth Rock
|move|p1a: Thundurus|Thunderbolt|p2a: Quagsire
|-immune|p2a: Quagsire|[msg]
|
|-heal|p2a: Quagsire|181\/394|[from] item: Leftovers
|turn|13
|chat|GoogleWorm|Someone up there said he did. Jesus.
|
|move|p1a: Thundurus|Focus Blast|p2a: Quagsire|[miss]
|-miss|p1a: Thundurus|p2a: Quagsire
|move|p2a: Quagsire|Recover|p2a: Quagsire
|-heal|p2a: Quagsire|378\/394
|
|-heal|p2a: Quagsire|394\/394|[from] item: Leftovers
|turn|14
|chat|GoogleWorm|I'm trying to give some advice to someone who OBVIOUSLY needs it.
|chat|BUSH DID 9\/11|also i love ur name i ou
|chat|Skarmory|Ouch.
|
|move|p1a: Thundurus|Focus Blast|p2a: Quagsire|[miss]
|-miss|p1a: Thundurus|p2a: Quagsire
|move|p2a: Quagsire|Toxic|p1a: Thundurus
|-status|p1a: Thundurus|tox
|
|-damage|p1a: Thundurus|149\/299 tox|[from] psn
|turn|15
|chat|BUSH DID 9\/11|ooommmggg
|chat|tst_100|._.
|
|move|p1a: Thundurus|Focus Blast|p2a: Quagsire
|-damage|p2a: Quagsire|152\/394
|-damage|p1a: Thundurus|120\/299 tox|[from] item: Life Orb
|move|p2a: Quagsire|Recover|p2a: Quagsire
|-heal|p2a: Quagsire|349\/394
|
|-heal|p2a: Quagsire|373\/394|[from] item: Leftovers
|-damage|p1a: Thundurus|84\/299 tox|[from] psn
|turn|16
|chat|RS 7n7|THIS GAME IS FUN
|chat|RS 7n7|I ENJOY PLAYING IT
|chat|Skarmory|lol
|chat|GoogleWorm|:P
|chat|Tric3|lol
|
|switch|p1a: Azumarill|Azumarill, F|314\/358
|-status|p1a: Azumarill|psn
|-damage|p1a: Azumarill|270\/358 psn|[from] Stealth Rock
|-damage|p1a: Azumarill|226\/358 psn|[from] Spikes
|move|p2a: Quagsire|Recover|p2a: Quagsire
|-heal|p2a: Quagsire|394\/394
|
|-damage|p1a: Azumarill|182\/358 psn|[from] psn
|turn|17
|chat|tst_100|:(
|chat|BUSH DID 9\/11|#Pray4Costa #1Like1Prayer
|
|switch|p2a: Skarmory|Skarmory, F|250\/334
|-damage|p2a: Skarmory|209\/334|[from] Stealth Rock
|move|p1a: Azumarill|Knock Off|p2a: Skarmory
|-damage|p2a: Skarmory|58\/334
|-damage|p1a: Azumarill|123\/358 psn|[from] item: Rocky Helmet|[of] p2a: Skarmory
|-enditem|p2a: Skarmory|Rocky Helmet|[from] move: Knock Off|[of] p1a: Azumarill
|
|-damage|p1a: Azumarill|79\/358 psn|[from] psn
|turn|18
|
|move|p1a: Azumarill|Knock Off|p2a: Skarmory
|-crit|p2a: Skarmory
|-damage|p2a: Skarmory|0 fnt
|faint|p2a: Skarmory
|
|-damage|p1a: Azumarill|35\/358 psn|[from] psn
|chat|Skarmory|:(
|join|theultimate341
|
|switch|p2a: Tentacruel|Tentacruel, F|219\/364
|-damage|p2a: Tentacruel|174\/364|[from] Stealth Rock
|turn|19
|chat|GoogleWorm|lel
|
|move|p2a: Tentacruel|Rapid Spin|p1a: Azumarill
|-damage|p1a: Azumarill|21\/358 psn
|-sideend|p2: bossboss|Stealth Rock|[from] move: Rapid Spin|[of] p2a: Tentacruel
|move|p1a: Azumarill|Knock Off|p2a: Tentacruel
|-crit|p2a: Tentacruel
|-damage|p2a: Tentacruel|0 fnt
|faint|p2a: Tentacruel
|
|-damage|p1a: Azumarill|0 fnt|[from] psn
|faint|p1a: Azumarill
|join|zen98
|
|switch|p1a: Garchomp|Garchomp, F|255\/358
|-damage|p1a: Garchomp|233\/358|[from] Stealth Rock
|-damage|p1a: Garchomp|189\/358|[from] Spikes
|-status|p1a: Garchomp|psn
|switch|p2a: Politoed|Politoed, M|200\/384
|-weather|RainDance
|turn|20
|
|move|p1a: Garchomp|Outrage|p2a: Politoed
|-damage|p2a: Politoed|26\/384
|move|p2a: Politoed|Scald|p1a: Garchomp
|-damage|p1a: Garchomp|32\/358 psn
|
|-weather|RainDance|[upkeep]
|-damage|p1a: Garchomp|0 fnt|[from] psn
|faint|p1a: Garchomp
|chat|BUSH DID 9\/11|got damn... tank as fuk..
|
|switch|p1a: Tyranitar|Tyranitar, F|342\/342
|-damage|p1a: Tyranitar|300\/342|[from] Spikes
|-damage|p1a: Tyranitar|258\/342|[from] Stealth Rock
|-status|p1a: Tyranitar|psn
|-weather|Sandstorm
|turn|21
|
|switch|p2a: Quagsire|Quagsire, F|394\/394
|-formechange|p1a: Tyranitar|Tyranitar-Mega
|message|Tyranitar has Mega Evolved into Mega Tyranitar!
|move|p1a: Tyranitar|Crunch|p2a: Quagsire
|-damage|p2a: Quagsire|247\/394
|
|-weather|Sandstorm|[upkeep]
|-heal|p2a: Quagsire|271\/394|[from] item: Leftovers
|-damage|p1a: Tyranitar|216\/342 psn|[from] psn
|turn|22
|chat|Tric3|o shit the sand
|chat|RS 7n7|OH WAIT THAT THING SHOULD BE DEAD
|
|switch|p1a: Deoxys-Speed|Deoxys-Speed|241\/241
|-status|p1a: Deoxys-Speed|psn
|-damage|p1a: Deoxys-Speed|211\/241 psn|[from] Spikes
|-damage|p1a: Deoxys-Speed|181\/241 psn|[from] Stealth Rock
|-ability|p1a: Deoxys-Speed|Pressure
|move|p2a: Quagsire|Recover|p2a: Quagsire
|-heal|p2a: Quagsire|394\/394
|
|-weather|Sandstorm|[upkeep]
|-damage|p1a: Deoxys-Speed|166\/241 psn|[from] sandstorm
|-damage|p1a: Deoxys-Speed|136\/241 psn|[from] psn
|turn|23
|chat|BUSH DID 9\/11|LOL
|chat|Skarmory|I just love Quagsire's goofy expression.
|
|move|p1a: Deoxys-Speed|Psycho Boost|p2a: Quagsire
|-damage|p2a: Quagsire|42\/394
|-unboost|p1a: Deoxys-Speed|spa|2
|-damage|p1a: Deoxys-Speed|112\/241 psn|[from] item: Life Orb
|move|p2a: Quagsire|Recover|p2a: Quagsire
|-heal|p2a: Quagsire|239\/394
|
|-weather|Sandstorm|[upkeep]
|-damage|p1a: Deoxys-Speed|97\/241 psn|[from] sandstorm
|-heal|p2a: Quagsire|263\/394|[from] item: Leftovers
|-damage|p1a: Deoxys-Speed|67\/241 psn|[from] psn
|turn|24
|chat|RS 7n7|fuck that nigger's dumb smile
|chat|BUSH DID 9\/11|defog deoxys
|chat|BUSH DID 9\/11|gogo
|chat|GoogleWorm|XD
|chat|theultimate341|lol
|
|move|p1a: Deoxys-Speed|Psycho Boost|p2a: Quagsire
|-damage|p2a: Quagsire|0 fnt
|-unboost|p1a: Deoxys-Speed|spa|2
|-damage|p1a: Deoxys-Speed|43\/241 psn|[from] item: Life Orb
|faint|p2a: Quagsire
|
|-weather|Sandstorm|[upkeep]
|-damage|p1a: Deoxys-Speed|28\/241 psn|[from] sandstorm
|-damage|p1a: Deoxys-Speed|0 fnt|[from] psn
|faint|p1a: Deoxys-Speed
|chat|GoogleWorm|omg quagsire for ubers
|chat|Tric3|YES
|chat|Tric3|YES
|chat|RS 7n7|GET RAPED IDIOT
|chat|Tric3|YEs
|chat|Tric3|YEs
|chat|Tric3|OABAM
|chat|BUSH DID 9\/11|C O S T A
|chat|Tric3|OBAMA
|chat|BUSH DID 9\/11|C O S T A
|
|switch|p1a: Thundurus|Thundurus, M|84\/299 tox
|-damage|p1a: Thundurus|10\/299 tox|[from] Stealth Rock
|switch|p2a: Politoed|Politoed, M|26\/384
|-weather|RainDance
|turn|25
|chat|aayuu|what gets sent out decides game
|
|move|p1a: Thundurus|Thunderbolt|p2a: Politoed
|-supereffective|p2a: Politoed
|-damage|p2a: Politoed|0 fnt
|-damage|p1a: Thundurus|0 fnt|[from] item: Life Orb
|faint|p2a: Politoed
|faint|p1a: Thundurus
|
|-weather|RainDance|[upkeep]
|chat|Tric3|manaphy wins tho
|
|switch|p1a: Tyranitar|Tyranitar, F|216\/342 psn
|-formechange|p1a: Tyranitar|Tyranitar-Mega
|-damage|p1a: Tyranitar|174\/342 psn|[from] Spikes
|-damage|p1a: Tyranitar|132\/342 psn|[from] Stealth Rock
|switch|p2a: Manaphy|Manaphy|404\/404
|-weather|Sandstorm
|turn|26
|chat|Tric3|ITS STRONK
|chat|aayuu|it cant' one shot sharp
|
|move|p1a: Tyranitar|Crunch|p2a: Manaphy
|-damage|p2a: Manaphy|227\/404
|move|p2a: Manaphy|Surf|p1a: Tyranitar
|-supereffective|p1a: Tyranitar
|-damage|p1a: Tyranitar|0 fnt
|faint|p1a: Tyranitar
|
|-weather|Sandstorm|[upkeep]
|-damage|p2a: Manaphy|202\/404|[from] sandstorm
|-heal|p2a: Manaphy|227\/404|[from] item: Leftovers
|
|switch|p1a: Bisharp|Bisharp, F|271\/271
|-damage|p1a: Bisharp|255\/271|[from] Stealth Rock
|-damage|p1a: Bisharp|222\/271|[from] Spikes
|turn|27
|chat|aayuu|and then its the mind games with sp
|chat|BUSH DID 9\/11|hp fight manaphy
|chat|BUSH DID 9\/11|askdjaskdajsfas
|
|move|p1a: Bisharp|Swords Dance|p1a: Bisharp
|-boost|p1a: Bisharp|atk|2
|move|p2a: Manaphy|Surf|p1a: Bisharp
|-damage|p1a: Bisharp|27\/271
|
|-weather|Sandstorm|[upkeep]
|-damage|p2a: Manaphy|202\/404|[from] sandstorm
|-heal|p2a: Manaphy|227\/404|[from] item: Leftovers
|turn|28
|chat|Tric3|he has no scald [:
|chat|Skarmory|At least Thundy is backup.
|
|move|p1a: Bisharp|Sucker Punch|p2a: Manaphy
|-damage|p2a: Manaphy|0 fnt
|-damage|p1a: Bisharp|0 fnt|[from] item: Life Orb
|faint|p2a: Manaphy
|faint|p1a: Bisharp
|
|win|bossboss
|raw|Ladder updating...
|raw|RS 7n7's rating: 1937 &rarr; <strong>1908<\/strong><br \/>(-29 for losing)
|raw|bossboss's rating: 1764 &rarr; <strong>1793<\/strong><br \/>(+29 for winning)
|chat|BUSH DID 9\/11|holy dmg LOL
|chat|RS 7n7|fuck
|chat|BUSH DID 9\/11|ADSJSAODJASKFJSAd