|join|Tehy
|join|bossboss
|player|p1|Tehy|235
|player|p2|bossboss|266
|gametype|singles
|gen|6
|tier|OU
|rated
|clearpoke
|poke|p1|Chansey, F
|poke|p1|Quagsire, F
|poke|p1|Togekiss, F
|poke|p1|Sableye, F
|poke|p1|Skarmory, M
|poke|p1|Heatran, F
|poke|p2|Conkeldurr, F
|poke|p2|Heatran, M
|poke|p2|Venusaur, F
|poke|p2|Mandibuzz, F
|poke|p2|Bisharp, F
|poke|p2|Skarmory, F
|rule|Sleep Clause Mod: Limit one foe put to sleep
|rule|Species Clause: Limit one of each Pokemon
|rule|OHKO Clause: OHKO moves are banned
|rule|Moody Clause: Moody is banned
|rule|Evasion Moves Clause: Evasion moves are banned
|rule|Endless Battle Clause: Forcing endless battles is banned.
|rule|HP Percentage Mod: HP is reported as percentages
|teampreview
|join|Courtney95
|
|start
|switch|p1a: Sableye|Sableye, F|304\/304
|switch|p2a: Conkeldurr|Conkeldurr, F|414\/414
|turn|1
|
|switch|p1a: Togekiss|Togekiss, F|374\/374
|switch|p2a: Heatran|Heatran, M|386\/386
|
|turn|2
|
|move|p1a: Togekiss|Thunder Wave|p2a: Heatran
|-status|p2a: Heatran|par
|cant|p2a: Heatran|par
|
|turn|3
|leave|Courtney95
|
|switch|p1a: Heatran|Heatran, F|386\/386
|move|p2a: Heatran|Stealth Rock|p1a: Heatran
|-sidestart|p1: Tehy|move: Stealth Rock
|
|turn|4
|
|switch|p2a: Conkeldurr|Conkeldurr, F|414\/414
|move|p1a: Heatran|Stealth Rock|p2a: Conkeldurr
|-sidestart|p2: bossboss|move: Stealth Rock
|
|turn|5
|
|switch|p1a: Togekiss|Togekiss, F|374\/374
|-damage|p1a: Togekiss|281\/374|[from] Stealth Rock
|move|p2a: Conkeldurr|Knock Off|p1a: Togekiss
|-resisted|p1a: Togekiss
|-damage|p1a: Togekiss|214\/374
|-enditem|p1a: Togekiss|Leftovers|[from] move: Knock Off|[of] p2a: Conkeldurr
|
|turn|6
|
|switch|p2a: Skarmory|Skarmory, F|334\/334
|-damage|p2a: Skarmory|293\/334|[from] Stealth Rock
|move|p1a: Togekiss|Roost|p1a: Togekiss
|-heal|p1a: Togekiss|374\/374
|
|turn|7
|
|move|p1a: Togekiss|Thunder Wave|p2a: Skarmory
|-status|p2a: Skarmory|par
|move|p2a: Skarmory|Spikes|p1a: Togekiss
|-sidestart|p1: Tehy|Spikes
|
|turn|8
|
|move|p1a: Togekiss|Defog|p2a: Skarmory
|-unboost|p2a: Skarmory|evasion|1
|-sideend|p2: bossboss|Stealth Rock|[from] move: Defog|[of] p2a: Skarmory
|-sideend|p1: Tehy|Spikes|[from] move: Defog|[of] p1a: Togekiss
|-sideend|p1: Tehy|Stealth Rock|[from] move: Defog|[of] p1a: Togekiss
|move|p2a: Skarmory|Whirlwind|p1a: Togekiss
|drag|p1a: Heatran|Heatran, F|386\/386
|
|turn|9
|chat|Tehy|and then u got rekt
|
|switch|p2a: Mandibuzz|Mandibuzz, F|423\/423
|move|p1a: Heatran|Stealth Rock|p2a: Mandibuzz
|-sidestart|p2: bossboss|move: Stealth Rock
|
|turn|10
|
|move|p1a: Heatran|Toxic|p2a: Mandibuzz
|-status|p2a: Mandibuzz|tox
|move|p2a: Mandibuzz|Taunt|p1a: Heatran
|-start|p1a: Heatran|move: Taunt
|
|-damage|p2a: Mandibuzz|397\/423 tox|[from] psn
|turn|11
|
|switch|p1a: Sableye|Sableye, F|304\/304
|move|p2a: Mandibuzz|Toxic|p1a: Sableye
|-status|p1a: Sableye|tox
|
|-heal|p2a: Mandibuzz|423\/423 tox|[from] item: Leftovers
|-damage|p2a: Mandibuzz|371\/423 tox|[from] psn
|-damage|p1a: Sableye|285\/304 tox|[from] psn
|turn|12
|
|switch|p2a: Heatran|Heatran, M|386\/386 par
|-damage|p2a: Heatran|338\/386 par|[from] Stealth Rock
|switch|p1a: Heatran|Heatran, F|386\/386
|
|-heal|p2a: Heatran|362\/386 par|[from] item: Leftovers
|turn|13
|chat|Tehy|guess what
|
|move|p1a: Heatran|Taunt|p2a: Heatran
|-start|p2a: Heatran|move: Taunt
|cant|p2a: Heatran|move: Taunt|Stealth Rock
|
|-heal|p2a: Heatran|386\/386 par|[from] item: Leftovers
|turn|14
|chat|bossboss|snap
|
|move|p1a: Heatran|Lava Plume|p2a: Heatran
|-start|p2a: Heatran|ability: Flash Fire
|move|p2a: Heatran|Lava Plume|p1a: Heatran
|-start|p1a: Heatran|ability: Flash Fire
|
|turn|15
|
|move|p1a: Heatran|Lava Plume|p2a: Heatran
|-immune|p2a: Heatran|[msg]
|cant|p2a: Heatran|par
|
|-end|p2a: Heatran|move: Taunt
|turn|16
|
|move|p1a: Heatran|Taunt|p2a: Heatran
|-start|p2a: Heatran|move: Taunt
|move|p2a: Heatran|Lava Plume|p1a: Heatran
|-immune|p1a: Heatran|[msg]
|
|turn|17
|
|move|p1a: Heatran|Lava Plume|p2a: Heatran
|-immune|p2a: Heatran|[msg]
|move|p2a: Heatran|Lava Plume|p1a: Heatran
|-immune|p1a: Heatran|[msg]
|
|turn|18
|
|switch|p2a: Conkeldurr|Conkeldurr, F|414\/414
|-damage|p2a: Conkeldurr|389\/414|[from] Stealth Rock
|move|p1a: Heatran|Lava Plume|p2a: Conkeldurr
|-damage|p2a: Conkeldurr|215\/414
|
|turn|19
|
|switch|p1a: Togekiss|Togekiss, F|374\/374
|move|p2a: Conkeldurr|Drain Punch|p1a: Togekiss
|-resisted|p1a: Togekiss
|-damage|p1a: Togekiss|332\/374
|-heal|p2a: Conkeldurr|236\/414|[from] drain|[of] p1a: Togekiss
|
|turn|20
|
|switch|p2a: Heatran|Heatran, M|386\/386 par
|-damage|p2a: Heatran|338\/386 par|[from] Stealth Rock
|move|p1a: Togekiss|Air Slash|p2a: Heatran
|-crit|p2a: Heatran
|-resisted|p2a: Heatran
|-damage|p2a: Heatran|286\/386 par
|
|-heal|p2a: Heatran|310\/386 par|[from] item: Leftovers
|turn|21
|
|switch|p1a: Chansey|Chansey, F|642\/642
|move|p2a: Heatran|Stealth Rock|p1a: Chansey
|-sidestart|p1: Tehy|move: Stealth Rock
|
|-heal|p2a: Heatran|334\/386 par|[from] item: Leftovers
|turn|22
|
|switch|p2a: Skarmory|Skarmory, F|293\/334 par
|-damage|p2a: Skarmory|252\/334 par|[from] Stealth Rock
|move|p1a: Chansey|Heal Bell|p1a: Chansey
|-cureteam|p1a: Chansey|[from] move: HealBell
|
|turn|23
|
|switch|p1a: Togekiss|Togekiss, F|332\/374
|-damage|p1a: Togekiss|239\/374|[from] Stealth Rock
|move|p2a: Skarmory|Spikes|p1a: Togekiss
|-sidestart|p1: Tehy|Spikes
|
|turn|24
|
|switch|p2a: Bisharp|Bisharp, F|334\/334
|-damage|p2a: Bisharp|314\/334|[from] Stealth Rock
|move|p1a: Togekiss|Defog|p2a: Bisharp
|-unboost|p2a: Bisharp|evasion|1
|-boost|p2a: Bisharp|atk|2|[from] ability: Defiant
|-sideend|p2: bossboss|Stealth Rock|[from] move: Defog|[of] p2a: Bisharp
|-sideend|p1: Tehy|Spikes|[from] move: Defog|[of] p1a: Togekiss
|-sideend|p1: Tehy|Stealth Rock|[from] move: Defog|[of] p1a: Togekiss
|
|turn|25
|chat|Tehy|oh no
|chat|Tehy|whatever SHALL i do
|
|switch|p1a: Quagsire|Quagsire, F|394\/394
|move|p2a: Bisharp|Knock Off|p1a: Quagsire
|-damage|p1a: Quagsire|207\/394
|-damage|p2a: Bisharp|259\/334|[from] item: Rocky Helmet|[of] p1a: Quagsire
|-enditem|p1a: Quagsire|Rocky Helmet|[from] move: Knock Off|[of] p2a: Bisharp
|-damage|p2a: Bisharp|226\/334|[from] item: Life Orb
|
|turn|26
|
|switch|p2a: Venusaur|Venusaur, F|364\/364
|move|p1a: Quagsire|Recover|p1a: Quagsire
|-heal|p1a: Quagsire|394\/394
|
|turn|27
|chat|Tehy|lol
|
|switch|p1a: Skarmory|Skarmory, M|334\/334
|-formechange|p2a: Venusaur|Venusaur-Mega
|message|Venusaur has Mega Evolved into Mega Venusaur!
|move|p2a: Venusaur|Leech Seed|p1a: Skarmory|[miss]
|-miss|p2a: Venusaur|p1a: Skarmory
|
|turn|28
|
|switch|p2a: Skarmory|Skarmory, F|252\/334 par
|move|p1a: Skarmory|Spikes|p2a: Skarmory
|-sidestart|p2: bossboss|Spikes
|
|turn|29
|
|move|p1a: Skarmory|Taunt|p2a: Skarmory
|-start|p2a: Skarmory|move: Taunt
|cant|p2a: Skarmory|move: Taunt|Defog
|
|turn|30
|chat|bossboss|hmm.
|chat|bossboss|gg dude
|chat|Tehy|why
|chat|Tehy|you could maybe still win
|chat|bossboss|i cant do anything
|chat|bossboss|waste of time
|chat|Tehy|believe in your #self
|chat|bossboss|stfu lol
|chat|Tehy|#believe in your#self
|chat|bossboss|is there a way to forfeit and save replay
|chat|Tehy|slash forfeit
|-message|bossboss forfeited.
|
|win|Tehy
|raw|Ladder updating...
|chat|bossboss|neat
|raw|Tehy's rating: 1780 &rarr; <strong>1797<\/strong><br \/>(+17 for winning)
|raw|bossboss's rating: 1718 &rarr; <strong>1701<\/strong><br \/>(-17 for losing)
|chat|Tehy|or quit
|chat|bossboss|thanks
|chat|Tehy|and backspace