|join|bossboss
|join|Ronin 3000
|player|p1|bossboss|102
|player|p2|Ronin 3000|41
|gametype|singles
|gen|6
|tier|OU
|rated
|clearpoke
|poke|p1|Gengar, M
|poke|p1|Blissey, F
|poke|p1|Venusaur, F
|poke|p1|Mandibuzz, F
|poke|p1|Bisharp, F
|poke|p1|Skarmory, F
|poke|p2|Darmanitan, F
|poke|p2|Gyarados, F
|poke|p2|Donphan, M
|poke|p2|Jolteon, F
|poke|p2|Chandelure, F
|poke|p2|Togekiss, M
|rule|Sleep Clause Mod: Limit one foe put to sleep
|rule|Species Clause: Limit one of each Pokemon
|rule|OHKO Clause: OHKO moves are banned
|rule|Moody Clause: Moody is banned
|rule|Evasion Moves Clause: Evasion moves are banned
|rule|Endless Battle Clause: Forcing endless battles is banned.
|rule|HP Percentage Mod: HP is reported as percentages
|teampreview
|
|start
|switch|p1a: Mandibuzz|Mandibuzz, F|423\/423
|switch|p2a: ãµã³ãã¼ã¹|Jolteon, F|271\/271
|turn|1
|
|move|p2a: ãµã³ãã¼ã¹|Volt Switch|p1a: Mandibuzz
|-supereffective|p1a: Mandibuzz
|-damage|p1a: Mandibuzz|97\/423
|
|switch|p2a: Darmanitan|Darmanitan, F|352\/352
|move|p1a: Mandibuzz|Roost|p1a: Mandibuzz
|-heal|p1a: Mandibuzz|309\/423
|
|-heal|p1a: Mandibuzz|335\/423|[from] item: Leftovers
|turn|2
|
|move|p2a: Darmanitan|U-turn|p1a: Mandibuzz
|-damage|p1a: Mandibuzz|266\/423
|
|switch|p2a: Togekiss|Togekiss, M|373\/373
|move|p1a: Mandibuzz|Foul Play|p2a: Togekiss
|-resisted|p2a: Togekiss
|-damage|p2a: Togekiss|350\/373
|
|-heal|p1a: Mandibuzz|292\/423|[from] item: Leftovers
|-heal|p2a: Togekiss|373\/373|[from] item: Leftovers
|turn|3
|
|switch|p1a: Blissey|Blissey, F|714\/714
|move|p2a: Togekiss|Toxic|p1a: Blissey
|-status|p1a: Blissey|tox
|
|-damage|p1a: Blissey|670\/714 tox|[from] psn
|turn|4
|
|switch|p2a: Donphan|Donphan, M|384\/384
|move|p1a: Blissey|Stealth Rock|p2a: Donphan
|-sidestart|p2: Ronin 3000|move: Stealth Rock
|
|-heal|p1a: Blissey|714\/714 tox|[from] item: Leftovers
|-damage|p1a: Blissey|626\/714 tox|[from] psn
|turn|5
|
|switch|p1a: Skarmory|Skarmory, F|334\/334
|move|p2a: Donphan|Stealth Rock|p1a: Skarmory
|-sidestart|p1: bossboss|move: Stealth Rock
|
|turn|6
|
|move|p1a: Skarmory|Spikes|p2a: Donphan
|-sidestart|p2: Ronin 3000|Spikes
|move|p2a: Donphan|Rapid Spin|p1a: Skarmory
|-resisted|p1a: Skarmory
|-damage|p1a: Skarmory|327\/334
|-damage|p2a: Donphan|320\/384|[from] item: Rocky Helmet|[of] p1a: Skarmory
|-sideend|p2: Ronin 3000|Spikes|[from] move: Rapid Spin|[of] p2a: Donphan
|-sideend|p2: Ronin 3000|Stealth Rock|[from] move: Rapid Spin|[of] p2a: Donphan
|
|-heal|p2a: Donphan|344\/384|[from] item: Leftovers
|turn|7
|
|move|p1a: Skarmory|Spikes|p2a: Donphan
|-sidestart|p2: Ronin 3000|Spikes
|move|p2a: Donphan|Knock Off|p1a: Skarmory
|-damage|p1a: Skarmory|272\/334
|-damage|p2a: Donphan|280\/384|[from] item: Rocky Helmet|[of] p1a: Skarmory
|-enditem|p1a: Skarmory|Rocky Helmet|[from] move: Knock Off|[of] p2a: Donphan
|
|-heal|p2a: Donphan|304\/384|[from] item: Leftovers
|turn|8
|
|move|p1a: Skarmory|Spikes|p2a: Donphan
|-sidestart|p2: Ronin 3000|Spikes
|move|p2a: Donphan|Rapid Spin|p1a: Skarmory
|-resisted|p1a: Skarmory
|-damage|p1a: Skarmory|266\/334
|-sideend|p2: Ronin 3000|Spikes|[from] move: Rapid Spin|[of] p2a: Donphan
|
|-heal|p2a: Donphan|328\/384|[from] item: Leftovers
|turn|9
|
|switch|p1a: Gengar|Gengar, M|261\/261
|-damage|p1a: Gengar|229\/261|[from] Stealth Rock
|move|p2a: Donphan|Knock Off|p1a: Gengar
|-supereffective|p1a: Gengar
|-damage|p1a: Gengar|0 fnt
|faint|p1a: Gengar
|
|-heal|p2a: Donphan|352\/384|[from] item: Leftovers
|chat|Ronin 3000|incoming quit?
|chat|bossboss|prolly
|chat|bossboss|i just realized how bad darm wrecks stall
|
|switch|p1a: Mandibuzz|Mandibuzz, F|292\/423
|-damage|p1a: Mandibuzz|187\/423|[from] Stealth Rock
|turn|10
|
|move|p1a: Mandibuzz|Roost|p1a: Mandibuzz
|-heal|p1a: Mandibuzz|399\/423
|move|p2a: Donphan|Knock Off|p1a: Mandibuzz
|-resisted|p1a: Mandibuzz
|-damage|p1a: Mandibuzz|367\/423
|-enditem|p1a: Mandibuzz|Leftovers|[from] move: Knock Off|[of] p2a: Donphan
|
|-heal|p2a: Donphan|376\/384|[from] item: Leftovers
|turn|11
|
|switch|p2a: Togekiss|Togekiss, M|373\/373
|move|p1a: Mandibuzz|Defog|p2a: Togekiss
|-unboost|p2a: Togekiss|evasion|1
|-sideend|p1: bossboss|Stealth Rock|[from] move: Defog|[of] p1a: Mandibuzz
|
|turn|12
|
|switch|p1a: Bisharp|Bisharp, F|334\/334
|move|p2a: Togekiss|Thunder Wave|p1a: Bisharp
|-status|p1a: Bisharp|par
|
|turn|13
|
|switch|p2a: Donphan|Donphan, M|376\/384
|cant|p1a: Bisharp|par
|
|-heal|p2a: Donphan|384\/384|[from] item: Leftovers
|turn|14
|
|switch|p1a: Mandibuzz|Mandibuzz, F|367\/423
|move|p2a: Donphan|Stealth Rock|p1a: Mandibuzz
|-sidestart|p1: bossboss|move: Stealth Rock
|
|turn|15
|
|switch|p2a: ãµã³ãã¼ã¹|Jolteon, F|271\/271
|move|p1a: Mandibuzz|Toxic|p2a: ãµã³ãã¼ã¹
|-status|p2a: ãµã³ãã¼ã¹|tox
|
|-damage|p2a: ãµã³ãã¼ã¹|255\/271 tox|[from] psn
|turn|16
|
|switch|p1a: Blissey|Blissey, F|626\/714
|-damage|p1a: Blissey|537\/714|[from] Stealth Rock
|move|p2a: ãµã³ãã¼ã¹|Thunderbolt|p1a: Blissey
|-damage|p1a: Blissey|365\/714
|
|-heal|p1a: Blissey|409\/714|[from] item: Leftovers
|-damage|p2a: ãµã³ãã¼ã¹|223\/271 tox|[from] psn
|turn|17
|
|switch|p2a: Darmanitan|Darmanitan, F|352\/352
|move|p1a: Blissey|Stealth Rock|p2a: Darmanitan
|-sidestart|p2: Ronin 3000|move: Stealth Rock
|
|-heal|p1a: Blissey|453\/714|[from] item: Leftovers
|turn|18
|chat|bossboss|do you run ice shard on donphan
|chat|Ronin 3000|no
|
|switch|p1a: Skarmory|Skarmory, F|266\/334
|-damage|p1a: Skarmory|225\/334|[from] Stealth Rock
|move|p2a: Darmanitan|Flare Blitz|p1a: Skarmory
|-supereffective|p1a: Skarmory
|-damage|p1a: Skarmory|0 fnt
|-damage|p2a: Darmanitan|278\/352|[from] recoil|[of] p1a: Skarmory
|faint|p1a: Skarmory
|
|
|switch|p1a: Mandibuzz|Mandibuzz, F|367\/423
|-damage|p1a: Mandibuzz|262\/423|[from] Stealth Rock
|turn|19
|
|move|p2a: Darmanitan|Flare Blitz|p1a: Mandibuzz
|-damage|p1a: Mandibuzz|10\/423
|-damage|p2a: Darmanitan|195\/352|[from] recoil|[of] p1a: Mandibuzz
|move|p1a: Mandibuzz|Roost|p1a: Mandibuzz
|-heal|p1a: Mandibuzz|222\/423
|
|turn|20
|
|move|p2a: Darmanitan|Flare Blitz|p1a: Mandibuzz
|-damage|p1a: Mandibuzz|0 fnt
|-damage|p2a: Darmanitan|122\/352|[from] recoil|[of] p1a: Mandibuzz
|faint|p1a: Mandibuzz
|
|chat|bossboss|is that cb
|
|switch|p1a: Venusaur|Venusaur, F|364\/364
|-damage|p1a: Venusaur|319\/364|[from] Stealth Rock
|turn|21
|chat|Ronin 3000|no
|
|-formechange|p1a: Venusaur|Venusaur-Mega
|message|Venusaur has Mega Evolved into Mega Venusaur!
|move|p2a: Darmanitan|Flare Blitz|p1a: Venusaur
|-crit|p1a: Venusaur
|-supereffective|p1a: Venusaur
|-damage|p1a: Venusaur|7\/364
|-damage|p2a: Darmanitan|19\/352|[from] recoil|[of] p1a: Venusaur
|move|p1a: Venusaur|Sludge Bomb|p2a: Darmanitan
|-damage|p2a: Darmanitan|0 fnt
|faint|p2a: Darmanitan
|
|
|switch|p2a: ãµã³ãã¼ã¹|Jolteon, F|223\/271 tox
|-damage|p2a: ãµã³ãã¼ã¹|190\/271 tox|[from] Stealth Rock
|turn|22
|
|move|p2a: ãµã³ãã¼ã¹|Volt Switch|p1a: Venusaur
|-resisted|p1a: Venusaur
|-damage|p1a: Venusaur|0 fnt
|faint|p1a: Venusaur
|
|switch|p2a: Donphan|Donphan, M|384\/384
|-damage|p2a: Donphan|360\/384|[from] Stealth Rock
|
|-heal|p2a: Donphan|384\/384|[from] item: Leftovers
|
|switch|p1a: Blissey|Blissey, F|453\/714
|-damage|p1a: Blissey|364\/714|[from] Stealth Rock
|turn|23
|
|move|p1a: Blissey|Soft-Boiled|p1a: Blissey
|-heal|p1a: Blissey|714\/714
|move|p2a: Donphan|Knock Off|p1a: Blissey
|-damage|p1a: Blissey|565\/714
|-enditem|p1a: Blissey|Leftovers|[from] move: Knock Off|[of] p2a: Donphan
|
|turn|24
|
|move|p1a: Blissey|Flamethrower|p2a: Donphan
|-damage|p2a: Donphan|306\/384
|move|p2a: Donphan|Rapid Spin|p1a: Blissey
|-damage|p1a: Blissey|534\/714
|-sideend|p2: Ronin 3000|Stealth Rock|[from] move: Rapid Spin|[of] p2a: Donphan
|
|-heal|p2a: Donphan|330\/384|[from] item: Leftovers
|turn|25
|
|switch|p1a: Bisharp|Bisharp, F|334\/334 par
|-damage|p1a: Bisharp|314\/334 par|[from] Stealth Rock
|switch|p2a: Gyarados|Gyarados, F|394\/394
|-ability|p2a: Gyarados|Intimidate|[of] p1a: Bisharp
|-unboost|p1a: Bisharp|atk|1
|-boost|p1a: Bisharp|atk|2|[from] ability: Defiant
|
|-heal|p1a: Bisharp|334\/334 par|[from] item: Leftovers
|turn|26
|
|-formechange|p2a: Gyarados|Gyarados-Mega
|message|Gyarados has Mega Evolved into Mega Gyarados!
|-ability|p2a: Gyarados|Mold Breaker
|move|p2a: Gyarados|Waterfall|p1a: Bisharp
|-damage|p1a: Bisharp|184\/334 par
|cant|p1a: Bisharp|flinch
|
|-heal|p1a: Bisharp|204\/334 par|[from] item: Leftovers
|turn|27
|
|move|p2a: Gyarados|Waterfall|p1a: Bisharp
|-damage|p1a: Bisharp|57\/334 par
|move|p1a: Bisharp|Low Kick|p2a: Gyarados
|-supereffective|p2a: Gyarados
|-damage|p2a: Gyarados|110\/394
|
|-heal|p1a: Bisharp|77\/334 par|[from] item: Leftovers
|turn|28
|
|move|p1a: Bisharp|Sucker Punch|p2a: Gyarados
|-crit|p2a: Gyarados
|-resisted|p2a: Gyarados
|-damage|p2a: Gyarados|0 fnt
|faint|p2a: Gyarados
|
|-heal|p1a: Bisharp|97\/334 par|[from] item: Leftovers
|
|switch|p2a: Donphan|Donphan, M|330\/384
|turn|29
|
|move|p1a: Bisharp|Sucker Punch|p2a: Donphan
|-damage|p2a: Donphan|188\/384
|move|p2a: Donphan|Earthquake|p1a: Bisharp
|-supereffective|p1a: Bisharp
|-damage|p1a: Bisharp|0 fnt
|faint|p1a: Bisharp
|
|-heal|p2a: Donphan|212\/384|[from] item: Leftovers
|chat|bossboss|gg
|chat|Ronin 3000|gg
|-message|bossboss forfeited.
|
|win|Ronin 3000
|raw|Ladder updating...
|leave|bossboss
|player|p1
|raw|bossboss's rating: 1808 &rarr; <strong>1778<\/strong><br \/>(-30 for losing)
|raw|Ronin 3000's rating: 1629 &rarr; <strong>1658<\/strong><br \/>(+29 for winning)