|join|bossboss
|join|PyroCol
|player|p1|bossboss|2
|player|p2|PyroCol|102
|gametype|singles
|gen|6
|tier|OU
|rated
|clearpoke
|poke|p1|Deoxys-Speed
|poke|p1|Aegislash, F
|poke|p1|Conkeldurr, M
|poke|p1|Alakazam, M
|poke|p1|Mawile, M
|poke|p1|Gyarados, M
|poke|p2|Thundurus, M
|poke|p2|Landorus, M
|poke|p2|Scizor, F
|poke|p2|Talonflame, F
|poke|p2|Sylveon, F
|poke|p2|Heatran, F
|rule|Sleep Clause Mod: Limit one foe put to sleep
|rule|Species Clause: Limit one of each Pokemon
|rule|OHKO Clause: OHKO moves are banned
|rule|Moody Clause: Moody is banned
|rule|Evasion Moves Clause: Evasion moves are banned
|rule|Endless Battle Clause: Forcing endless battles is banned.
|rule|HP Percentage Mod: HP is reported as percentages
|teampreview
|chat|PyroCol|hurry up bro
|
|start
|switch|p1a: Mawile|Mawile, M|304\/304
|switch|p2a: Scizor|Scizor, F|344\/344
|-ability|p1a: Mawile|Intimidate|[of] p2a: Scizor
|-unboost|p2a: Scizor|atk|1
|turn|1
|
|-formechange|p2a: Scizor|Scizor-Mega
|message|Scizor has Mega Evolved into Mega Scizor!
|-formechange|p1a: Mawile|Mawile-Mega
|message|Mawile has Mega Evolved into Mega Mawile!
|move|p2a: Scizor|Bullet Punch|p1a: Mawile
|-damage|p1a: Mawile|247\/304
|move|p1a: Mawile|Swords Dance|p1a: Mawile
|-boost|p1a: Mawile|atk|2
|
|turn|2
|
|switch|p2a: Heatran|Heatran, F|386\/386
|-item|p2a: Heatran|Air Balloon
|move|p1a: Mawile|Knock Off|p2a: Heatran
|-damage|p2a: Heatran|0 fnt
|-enditem|p2a: Heatran|Air Balloon
|faint|p2a: Heatran
|
|
|switch|p2a: Talonflame|Talonflame, F|298\/298
|turn|3
|
|move|p2a: Talonflame|Brave Bird|p1a: Mawile
|-resisted|p1a: Mawile
|-damage|p1a: Mawile|150\/304
|-damage|p2a: Talonflame|266\/298|[from] recoil|[of] p1a: Mawile
|move|p1a: Mawile|Sucker Punch|p2a: Talonflame
|-fail|p2a: Talonflame
|
|turn|4
|
|move|p2a: Talonflame|Brave Bird|p1a: Mawile
|-resisted|p1a: Mawile
|-damage|p1a: Mawile|48\/304
|-damage|p2a: Talonflame|232\/298|[from] recoil|[of] p1a: Mawile
|move|p1a: Mawile|Knock Off|p2a: Talonflame
|-damage|p2a: Talonflame|0 fnt
|faint|p2a: Talonflame
|
|
|switch|p2a: Scizor|Scizor, F|344\/344
|-formechange|p2a: Scizor|Scizor-Mega
|turn|5
|
|switch|p1a: Gyarados|Gyarados, M|353\/353
|-ability|p1a: Gyarados|Intimidate|[of] p2a: Scizor
|-unboost|p2a: Scizor|atk|1
|move|p2a: Scizor|Bullet Punch|p1a: Gyarados
|-resisted|p1a: Gyarados
|-damage|p1a: Gyarados|310\/353
|
|-heal|p1a: Gyarados|332\/353|[from] item: Leftovers
|turn|6
|
|switch|p1a: Deoxys-Speed|Deoxys-Speed|241\/241
|-ability|p1a: Deoxys-Speed|Pressure
|switch|p2a: Thundurus|Thundurus, M|300\/300
|
|turn|7
|
|move|p1a: Deoxys-Speed|Knock Off|p2a: Thundurus
|-damage|p2a: Thundurus|180\/300
|-enditem|p2a: Thundurus|Life Orb|[from] move: Knock Off|[of] p1a: Deoxys-Speed
|move|p2a: Thundurus|Dark Pulse|p1a: Deoxys-Speed
|-supereffective|p1a: Deoxys-Speed
|-damage|p1a: Deoxys-Speed|39\/241
|
|turn|8
|
|switch|p2a: Scizor|Scizor, F|344\/344
|-formechange|p2a: Scizor|Scizor-Mega
|move|p1a: Deoxys-Speed|Stealth Rock|p2a: Scizor
|-sidestart|p2: PyroCol|move: Stealth Rock
|
|turn|9
|
|move|p1a: Deoxys-Speed|Fire Punch|p2a: Scizor
|-supereffective|p2a: Scizor
|-damage|p2a: Scizor|172\/344
|move|p2a: Scizor|Defog|p1a: Deoxys-Speed
|-unboost|p1a: Deoxys-Speed|evasion|1
|-sideend|p2: PyroCol|Stealth Rock|[from] move: Defog|[of] p2a: Scizor
|
|turn|10
|
|switch|p1a: Gyarados|Gyarados, M|332\/353
|-ability|p1a: Gyarados|Intimidate|[of] p2a: Scizor
|-unboost|p2a: Scizor|atk|1
|move|p2a: Scizor|Bullet Punch|p1a: Gyarados
|-resisted|p1a: Gyarados
|-damage|p1a: Gyarados|287\/353
|
|-heal|p1a: Gyarados|309\/353|[from] item: Leftovers
|turn|11
|
|move|p1a: Gyarados|Waterfall|p2a: Scizor
|-damage|p2a: Scizor|91\/344
|move|p2a: Scizor|Roost|p2a: Scizor
|-heal|p2a: Scizor|263\/344
|
|-heal|p1a: Gyarados|331\/353|[from] item: Leftovers
|turn|12
|
|move|p1a: Gyarados|Dragon Dance|p1a: Gyarados
|-boost|p1a: Gyarados|atk|1
|-boost|p1a: Gyarados|spe|1
|move|p2a: Scizor|Roost|p2a: Scizor
|-heal|p2a: Scizor|344\/344
|
|-heal|p1a: Gyarados|353\/353|[from] item: Leftovers
|turn|13
|
|switch|p2a: Thundurus|Thundurus, M|180\/300
|move|p1a: Gyarados|Substitute|p1a: Gyarados
|-start|p1a: Gyarados|Substitute
|-damage|p1a: Gyarados|265\/353
|
|-heal|p1a: Gyarados|287\/353|[from] item: Leftovers
|turn|14
|
|move|p1a: Gyarados|Waterfall|p2a: Thundurus
|-damage|p2a: Thundurus|0 fnt
|faint|p2a: Thundurus
|
|-heal|p1a: Gyarados|309\/353|[from] item: Leftovers
|
|switch|p2a: Sylveon|Sylveon, F|394\/394
|turn|15
|
|move|p1a: Gyarados|Waterfall|p2a: Sylveon
|-damage|p2a: Sylveon|126\/394
|move|p2a: Sylveon|Hyper Voice|p1a: Gyarados
|-damage|p1a: Gyarados|185\/353
|
|-heal|p1a: Gyarados|207\/353|[from] item: Leftovers
|-heal|p2a: Sylveon|150\/394|[from] item: Leftovers
|turn|16
|chat|PyroCol|fuck you
|-message|PyroCol forfeited.
|
|win|bossboss
|raw|Ladder updating...
|raw|bossboss's rating: 1820 &rarr; <strong>1827<\/strong><br \/>(+7 for winning)
|raw|PyroCol's rating: 1555 &rarr; <strong>1548<\/strong><br \/>(-7 for losing)
|leave|PyroCol
|player|p2
|chat|bossboss|hahaha