|join|Level 56
|join|bossboss
|player|p1|Level 56|291
|player|p2|bossboss|102
|gametype|singles
|gen|6
|tier|OU
|rated
|clearpoke
|poke|p1|Gardevoir, F
|poke|p1|Excadrill, M
|poke|p1|Thundurus, M
|poke|p1|Bisharp, F
|poke|p1|Manaphy
|poke|p1|Deoxys-Speed
|poke|p2|Staraptor, M
|poke|p2|Talonflame, F
|poke|p2|Deoxys-Speed
|poke|p2|Aegislash, F
|poke|p2|Gyarados, M
|poke|p2|Mandibuzz, F
|rule|Sleep Clause Mod: Limit one foe put to sleep
|rule|Species Clause: Limit one of each Pokemon
|rule|OHKO Clause: OHKO moves are banned
|rule|Moody Clause: Moody is banned
|rule|Evasion Moves Clause: Evasion moves are banned
|rule|Endless Battle Clause: Forcing endless battles is banned.
|rule|HP Percentage Mod: HP is reported as percentages
|teampreview
|
|start
|switch|p1a: Deoxys-Speed|Deoxys-Speed|241\/241
|switch|p2a: Staraptor|Staraptor, M|311\/311
|-ability|p1a: Deoxys-Speed|Pressure
|turn|1
|
|move|p1a: Deoxys-Speed|Knock Off|p2a: Staraptor
|-damage|p2a: Staraptor|181\/311
|-enditem|p2a: Staraptor|Choice Band|[from] move: Knock Off|[of] p1a: Deoxys-Speed
|move|p2a: Staraptor|U-turn|p1a: Deoxys-Speed
|-supereffective|p1a: Deoxys-Speed
|-damage|p1a: Deoxys-Speed|47\/241
|
|switch|p2a: Deoxys-Speed|Deoxys-Speed|241\/241
|-ability|p2a: Deoxys-Speed|Pressure
|
|turn|2
|
|move|p2a: Deoxys-Speed|Knock Off|p1a: Deoxys-Speed
|-supereffective|p1a: Deoxys-Speed
|-damage|p1a: Deoxys-Speed|0 fnt
|faint|p1a: Deoxys-Speed
|
|
|switch|p1a: Bisharp|Bisharp, F|271\/271
|turn|3
|
|move|p2a: Deoxys-Speed|Stealth Rock|p1a: Bisharp
|-sidestart|p1: Level 56|move: Stealth Rock
|move|p1a: Bisharp|Knock Off|p2a: Deoxys-Speed
|-supereffective|p2a: Deoxys-Speed
|-enditem|p2a: Deoxys-Speed|Focus Sash
|-damage|p2a: Deoxys-Speed|1\/241
|-damage|p1a: Bisharp|244\/271|[from] item: Life Orb
|
|turn|4
|
|move|p2a: Deoxys-Speed|Fire Punch|p1a: Bisharp
|-supereffective|p1a: Bisharp
|-damage|p1a: Bisharp|102\/271
|move|p1a: Bisharp|Swords Dance|p1a: Bisharp
|-boost|p1a: Bisharp|atk|2
|
|turn|5
|
|switch|p2a: Talonflame|Talonflame, F|297\/297
|move|p1a: Bisharp|Sucker Punch|p2a: Talonflame
|-fail|p2a: Talonflame
|
|turn|6
|
|move|p2a: Talonflame|Brave Bird|p1a: Bisharp
|-resisted|p1a: Bisharp
|-damage|p1a: Bisharp|0 fnt
|-damage|p2a: Talonflame|263\/297|[from] recoil|[of] p1a: Bisharp
|faint|p1a: Bisharp
|
|
|switch|p1a: Thundurus|Thundurus, M|299\/299
|-damage|p1a: Thundurus|225\/299|[from] Stealth Rock
|turn|7
|
|switch|p2a: Deoxys-Speed|Deoxys-Speed|1\/241
|-ability|p2a: Deoxys-Speed|Pressure
|move|p1a: Thundurus|Thunder Wave|p2a: Deoxys-Speed
|-status|p2a: Deoxys-Speed|par
|
|-heal|p1a: Thundurus|243\/299|[from] item: Leftovers
|turn|8
|
|move|p1a: Thundurus|Nasty Plot|p1a: Thundurus
|-boost|p1a: Thundurus|spa|2
|cant|p2a: Deoxys-Speed|par
|
|-heal|p1a: Thundurus|261\/299|[from] item: Leftovers
|turn|9
|
|move|p1a: Thundurus|Thunderbolt|p2a: Deoxys-Speed
|-damage|p2a: Deoxys-Speed|0 fnt
|faint|p2a: Deoxys-Speed
|
|-heal|p1a: Thundurus|279\/299|[from] item: Leftovers
|
|switch|p2a: Aegislash|Aegislash, F|261\/261
|turn|10
|chat|Level 56|gg
|
|move|p1a: Thundurus|Thunderbolt|p2a: Aegislash
|-damage|p2a: Aegislash|3\/261
|-formechange|p2a: Aegislash|Aegislash-Blade
|move|p2a: Aegislash|Shadow Ball|p1a: Thundurus
|-damage|p1a: Thundurus|87\/299
|
|-heal|p1a: Thundurus|105\/299|[from] item: Leftovers
|turn|11
|
|move|p2a: Aegislash|Shadow Sneak|p1a: Thundurus
|-damage|p1a: Thundurus|3\/299
|move|p1a: Thundurus|Thunderbolt|p2a: Aegislash
|-damage|p2a: Aegislash|0 fnt
|faint|p2a: Aegislash
|
|-heal|p1a: Thundurus|21\/299|[from] item: Leftovers
|
|switch|p2a: Staraptor|Staraptor, M|181\/311
|turn|12
|chat|bossboss|ugh
|chat|bossboss|wrong bird ~_~
|
|switch|p2a: Mandibuzz|Mandibuzz, F|424\/424
|move|p1a: Thundurus|Thunderbolt|p2a: Mandibuzz
|-supereffective|p2a: Mandibuzz
|-damage|p2a: Mandibuzz|0 fnt
|faint|p2a: Mandibuzz
|
|-heal|p1a: Thundurus|39\/299|[from] item: Leftovers
|chat|bossboss|damnit
|
|switch|p2a: Talonflame|Talonflame, F|263\/297
|turn|13
|
|move|p2a: Talonflame|Brave Bird|p1a: Thundurus
|-resisted|p1a: Thundurus
|-damage|p1a: Thundurus|0 fnt
|-damage|p2a: Talonflame|250\/297|[from] recoil|[of] p1a: Thundurus
|faint|p1a: Thundurus
|
|
|switch|p1a: Manaphy|Manaphy|341\/341
|-damage|p1a: Manaphy|299\/341|[from] Stealth Rock
|turn|14
|
|switch|p2a: Gyarados|Gyarados, M|353\/353
|move|p1a: Manaphy|Surf|p2a: Gyarados
|-resisted|p2a: Gyarados
|-damage|p2a: Gyarados|284\/353
|
|-heal|p1a: Manaphy|320\/341|[from] item: Leftovers
|-heal|p2a: Gyarados|306\/353|[from] item: Leftovers
|turn|15
|
|move|p1a: Manaphy|Energy Ball|p2a: Gyarados
|-damage|p2a: Gyarados|215\/353
|move|p2a: Gyarados|Dragon Dance|p2a: Gyarados
|-boost|p2a: Gyarados|atk|1
|-boost|p2a: Gyarados|spe|1
|
|-heal|p2a: Gyarados|237\/353|[from] item: Leftovers
|-heal|p1a: Manaphy|341\/341|[from] item: Leftovers
|turn|16
|
|move|p2a: Gyarados|Earthquake|p1a: Manaphy
|-damage|p1a: Manaphy|168\/341
|move|p1a: Manaphy|Tail Glow|p1a: Manaphy
|-boost|p1a: Manaphy|spa|3
|
|-heal|p2a: Gyarados|259\/353|[from] item: Leftovers
|-heal|p1a: Manaphy|189\/341|[from] item: Leftovers
|turn|17
|
|move|p2a: Gyarados|Earthquake|p1a: Manaphy
|-damage|p1a: Manaphy|31\/341
|move|p1a: Manaphy|Energy Ball|p2a: Gyarados
|-damage|p2a: Gyarados|21\/353
|
|-heal|p2a: Gyarados|43\/353|[from] item: Leftovers
|-heal|p1a: Manaphy|52\/341|[from] item: Leftovers
|turn|18
|
|move|p2a: Gyarados|Earthquake|p1a: Manaphy
|-damage|p1a: Manaphy|0 fnt
|faint|p1a: Manaphy
|-boost|p2a: Gyarados|atk|1|[from] ability: Moxie
|
|-heal|p2a: Gyarados|65\/353|[from] item: Leftovers
|
|switch|p1a: Excadrill|Excadrill, M|361\/361
|-damage|p1a: Excadrill|350\/361|[from] Stealth Rock
|-ability|p1a: Excadrill|Mold Breaker
|turn|19
|
|move|p1a: Excadrill|Rock Slide|p2a: Gyarados
|-supereffective|p2a: Gyarados
|-damage|p2a: Gyarados|0 fnt
|faint|p2a: Gyarados
|
|
|switch|p2a: Staraptor|Staraptor, M|181\/311
|turn|20
|
|move|p1a: Excadrill|Rock Slide|p2a: Staraptor
|-supereffective|p2a: Staraptor
|-damage|p2a: Staraptor|0 fnt
|faint|p2a: Staraptor
|
|
|switch|p2a: Talonflame|Talonflame, F|250\/297
|turn|21
|
|move|p1a: Excadrill|Rock Slide|p2a: Talonflame
|-supereffective|p2a: Talonflame
|-damage|p2a: Talonflame|0 fnt
|faint|p2a: Talonflame
|
|win|Level 56
|raw|Ladder updating...
|raw|Level 56's rating: 1813 &rarr; <strong>1825<\/strong><br \/>(+12 for winning)
|raw|bossboss's rating: 1656 &rarr; <strong>1645<\/strong><br \/>(-11 for losing)