|join|Hell N Back
|join|bossboss
|player|p1|Hell N Back|17
|player|p2|bossboss|265
|gametype|singles
|gen|6
|tier|OU
|rated
|clearpoke
|poke|p1|Kabutops, F
|poke|p1|Deoxys-Speed
|poke|p1|Kingdra, F
|poke|p1|Scizor, M
|poke|p1|Politoed, M
|poke|p1|Latias, F
|poke|p2|Greninja, M
|poke|p2|Mamoswine, M
|poke|p2|Mawile, M
|poke|p2|Rotom-Wash
|poke|p2|Deoxys-Speed
|poke|p2|Thundurus, M
|rule|Sleep Clause Mod: Limit one foe put to sleep
|rule|Species Clause: Limit one of each Pokemon
|rule|OHKO Clause: OHKO moves are banned
|rule|Moody Clause: Moody is banned
|rule|Evasion Moves Clause: Evasion moves are banned
|rule|Endless Battle Clause: Forcing endless battles is banned.
|rule|HP Percentage Mod: HP is reported as percentages
|teampreview
|
|start
|switch|p1a: Scizor|Scizor, M|343\/343
|switch|p2a: Rotom-Wash|Rotom-Wash|304\/304
|turn|1
|
|-formechange|p1a: Scizor|Scizor-Mega
|message|Scizor has Mega Evolved into Mega Scizor!
|move|p2a: Rotom-Wash|Will-O-Wisp|p1a: Scizor
|-status|p1a: Scizor|brn
|move|p1a: Scizor|Knock Off|p2a: Rotom-Wash
|-damage|p2a: Rotom-Wash|260\/304
|-enditem|p2a: Rotom-Wash|Leftovers|[from] move: Knock Off|[of] p1a: Scizor
|
|-damage|p1a: Scizor|301\/343 brn|[from] brn
|turn|2
|
|move|p1a: Scizor|Superpower|p2a: Rotom-Wash
|-damage|p2a: Rotom-Wash|210\/304
|-unboost|p1a: Scizor|atk|1
|-unboost|p1a: Scizor|def|1
|move|p2a: Rotom-Wash|Hydro Pump|p1a: Scizor
|-damage|p1a: Scizor|195\/343 brn
|
|-damage|p1a: Scizor|153\/343 brn|[from] brn
|turn|3
|
|move|p1a: Scizor|Roost|p1a: Scizor
|-heal|p1a: Scizor|325\/343 brn
|move|p2a: Rotom-Wash|Volt Switch|p1a: Scizor
|-damage|p1a: Scizor|249\/343 brn
|
|switch|p2a: Mawile|Mawile, M|241\/241
|-ability|p2a: Mawile|Intimidate|[of] p1a: Scizor
|-unboost|p1a: Scizor|atk|1
|
|-damage|p1a: Scizor|207\/343 brn|[from] brn
|turn|4
|
|switch|p1a: Politoed|Politoed, M|383\/383
|-weather|RainDance
|-formechange|p2a: Mawile|Mawile-Mega
|message|Mawile has Mega Evolved into Mega Mawile!
|move|p2a: Mawile|Swords Dance|p2a: Mawile
|-boost|p2a: Mawile|atk|2
|
|-weather|RainDance|[upkeep]
|turn|5
|
|move|p2a: Mawile|Play Rough|p1a: Politoed
|-crit|p1a: Politoed
|-damage|p1a: Politoed|0 fnt
|faint|p1a: Politoed
|
|-weather|RainDance|[upkeep]
|
|switch|p1a: Kabutops|Kabutops, F|262\/262
|turn|6
|
|move|p1a: Kabutops|Waterfall|p2a: Mawile
|-damage|p2a: Mawile|0 fnt
|-damage|p1a: Kabutops|236\/262|[from] item: Life Orb
|faint|p2a: Mawile
|
|-weather|RainDance|[upkeep]
|join|kullhadd hekk
|
|switch|p2a: Rotom-Wash|Rotom-Wash|210\/304
|turn|7
|chat|bossboss|so erm
|chat|bossboss|why didnt you aqua jet again
|chat|Hell N Back|because
|chat|Hell N Back|i predicted u
|chat|Hell N Back|if i use AJ
|chat|Hell N Back|and u play rough
|chat|Hell N Back|i lose
|chat|bossboss|oh ok
|chat|bossboss|so i underestimated you
|chat|Hell N Back|i guess
|chat|Hell N Back|im thinking
|chat|bossboss|was hoping you were bad
|chat|bossboss|thats fine
|chat|Hell N Back|this is a roll
|chat|Hell N Back|gl me
|
|move|p1a: Kabutops|Stone Edge|p2a: Rotom-Wash
|-damage|p2a: Rotom-Wash|53\/304
|-damage|p1a: Kabutops|210\/262|[from] item: Life Orb
|move|p2a: Rotom-Wash|Volt Switch|p1a: Kabutops
|-supereffective|p1a: Kabutops
|-damage|p1a: Kabutops|0 fnt
|faint|p1a: Kabutops
|chat|Hell N Back|max def
|chat|Hell N Back|ok
|chat|Hell N Back|:(((
|
|switch|p2a: Thundurus|Thundurus, M|299\/299
|
|-weather|RainDance|[upkeep]
|
|switch|p1a: Kingdra|Kingdra, F|299\/299
|turn|8
|chat|bossboss|exelent
|chat|Hell N Back|get get get get get get down down down down down down down down get get get down when the whistle goes
|
|switch|p2a: Rotom-Wash|Rotom-Wash|53\/304
|move|p1a: Kingdra|Surf|p2a: Rotom-Wash
|-crit|p2a: Rotom-Wash
|-resisted|p2a: Rotom-Wash
|-damage|p2a: Rotom-Wash|0 fnt
|faint|p2a: Rotom-Wash
|
|-weather|RainDance|[upkeep]
|
|switch|p2a: Deoxys-Speed|Deoxys-Speed|241\/241
|-ability|p2a: Deoxys-Speed|Pressure
|turn|9
|
|move|p1a: Kingdra|Surf|p2a: Deoxys-Speed
|-damage|p2a: Deoxys-Speed|0 fnt
|faint|p2a: Deoxys-Speed
|
|-weather|RainDance|[upkeep]
|chat|bossboss|oh dam
|
|switch|p2a: Greninja|Greninja, M|285\/285
|turn|10
|
|move|p1a: Kingdra|Surf|p2a: Greninja
|-crit|p2a: Greninja
|-resisted|p2a: Greninja
|-damage|p2a: Greninja|0 fnt
|faint|p2a: Greninja
|
|-weather|RainDance|[upkeep]
|chat|Hell N Back|sorry!
|chat|bossboss|thats fine i guess
|
|switch|p2a: Thundurus|Thundurus, M|299\/299
|turn|11
|
|move|p1a: Kingdra|Surf|p2a: Thundurus
|-damage|p2a: Thundurus|0 fnt
|faint|p2a: Thundurus
|
|-weather|none
|
|switch|p2a: Mamoswine|Mamoswine, M|361\/361
|turn|12
|
|move|p1a: Kingdra|Surf|p2a: Mamoswine
|-supereffective|p2a: Mamoswine
|-damage|p2a: Mamoswine|0 fnt
|faint|p2a: Mamoswine
|
|win|Hell N Back
|raw|Ladder updating...
|raw|Hell N Back's rating: 1910 &rarr; <strong>1921<\/strong><br \/>(+11 for winning)
|raw|bossboss's rating: 1731 &rarr; <strong>1721<\/strong><br \/>(-10 for losing)
|chat|bossboss|gg
|chat|Hell N Back|gg
|leave|bossboss
|player|p2
|leave|Hell N Back