|join|bossboss
|join|LordPkmdz
|player|p1|bossboss|2
|player|p2|LordPkmdz|70
|gametype|singles
|gen|6
|tier|OU
|rated
|clearpoke
|poke|p1|Heracross, F
|poke|p1|Talonflame, M
|poke|p1|Espeon, F
|poke|p1|Mamoswine, M
|poke|p1|Keldeo
|poke|p1|Klefki, M
|poke|p2|Heatran, F
|poke|p2|Starmie
|poke|p2|Gliscor, M
|poke|p2|Aegislash, M
|poke|p2|Tyranitar, F
|poke|p2|Aerodactyl, M
|rule|Sleep Clause Mod: Limit one foe put to sleep
|rule|Species Clause: Limit one of each Pokemon
|rule|OHKO Clause: OHKO moves are banned
|rule|Moody Clause: Moody is banned
|rule|Evasion Moves Clause: Evasion moves are banned
|rule|Endless Battle Clause: Forcing endless battles is banned.
|rule|HP Percentage Mod: HP is reported as percentages
|teampreview
|
|start
|switch|p1a: Keldeo|Keldeo|323\/323
|switch|p2a: RadiantDeth|Starmie|261\/261
|turn|1
|
|switch|p1a: Espeon|Espeon, F|334\/334
|move|p2a: RadiantDeth|Psyshock|p1a: Espeon
|-resisted|p1a: Espeon
|-damage|p1a: Espeon|205\/334
|
|turn|2
|
|switch|p2a: MissSmash|Tyranitar, F|341\/341
|-weather|Sandstorm
|switch|p1a: Klefki|Klefki, M|318\/318
|
|-weather|Sandstorm|[upkeep]
|turn|3
|
|switch|p2a: Gematria|Gliscor, M|354\/354
|move|p1a: Klefki|Substitute|p1a: Klefki
|-start|p1a: Klefki|Substitute
|-damage|p1a: Klefki|239\/318
|
|-weather|Sandstorm|[upkeep]
|-heal|p1a: Klefki|258\/318|[from] item: Leftovers
|-activate|p2a: Gematria|item: Toxic Orb
|-status|p2a: Gematria|tox
|turn|4
|
|move|p1a: Klefki|Swagger|p2a: Gematria
|-boost|p2a: Gematria|atk|2
|-start|p2a: Gematria|confusion
|-activate|p2a: Gematria|confusion
|move|p2a: Gematria|Earthquake|p1a: Klefki
|-supereffective|p1a: Klefki
|-end|p1a: Klefki|Substitute
|
|-weather|Sandstorm|[upkeep]
|-heal|p1a: Klefki|277\/318|[from] item: Leftovers
|turn|5
|
|move|p1a: Klefki|Substitute|p1a: Klefki
|-start|p1a: Klefki|Substitute
|-damage|p1a: Klefki|198\/318
|-activate|p2a: Gematria|confusion
|move|p2a: Gematria|Earthquake|p1a: Klefki
|-supereffective|p1a: Klefki
|-end|p1a: Klefki|Substitute
|
|-weather|Sandstorm|[upkeep]
|-heal|p1a: Klefki|217\/318|[from] item: Leftovers
|turn|6
|
|move|p1a: Klefki|Substitute|p1a: Klefki
|-start|p1a: Klefki|Substitute
|-damage|p1a: Klefki|138\/318
|-end|p2a: Gematria|confusion
|move|p2a: Gematria|Earthquake|p1a: Klefki
|-supereffective|p1a: Klefki
|-end|p1a: Klefki|Substitute
|
|-weather|none
|-heal|p1a: Klefki|157\/318|[from] item: Leftovers
|turn|7
|
|move|p1a: Klefki|Swagger|p2a: Gematria
|-boost|p2a: Gematria|atk|2
|-start|p2a: Gematria|confusion
|-activate|p2a: Gematria|confusion
|-damage|p2a: Gematria|295\/354 tox|[from] confusion
|
|-heal|p1a: Klefki|176\/318|[from] item: Leftovers
|-heal|p2a: Gematria|339\/354 tox|[from] ability: Poison Heal
|turn|8
|
|move|p1a: Klefki|Substitute|p1a: Klefki
|-start|p1a: Klefki|Substitute
|-damage|p1a: Klefki|97\/318
|-activate|p2a: Gematria|confusion
|-damage|p2a: Gematria|275\/354 tox|[from] confusion
|
|-heal|p1a: Klefki|116\/318|[from] item: Leftovers
|-heal|p2a: Gematria|319\/354 tox|[from] ability: Poison Heal
|turn|9
|
|switch|p2a: Daora|Heatran, F|324\/324
|move|p1a: Klefki|Foul Play|p2a: Daora
|-damage|p2a: Daora|270\/324
|
|-heal|p2a: Daora|290\/324|[from] item: Leftovers
|-heal|p1a: Klefki|135\/318|[from] item: Leftovers
|turn|10
|
|move|p1a: Klefki|Thunder Wave|p2a: Daora
|-status|p2a: Daora|par
|cant|p2a: Daora|par
|
|-heal|p1a: Klefki|154\/318|[from] item: Leftovers
|-heal|p2a: Daora|310\/324 par|[from] item: Leftovers
|turn|11
|
|move|p1a: Klefki|Swagger|p2a: Daora
|-boost|p2a: Daora|atk|2
|-start|p2a: Daora|confusion
|-activate|p2a: Daora|confusion
|move|p2a: Daora|Stealth Rock|p1a: Klefki
|-sidestart|p1: bossboss|move: Stealth Rock
|
|-heal|p1a: Klefki|173\/318|[from] item: Leftovers
|-heal|p2a: Daora|324\/324 par|[from] item: Leftovers
|turn|12
|
|switch|p2a: Gematria|Gliscor, M|319\/354 tox
|move|p1a: Klefki|Foul Play|p2a: Gematria
|-damage|p2a: Gematria|272\/354 tox
|
|-heal|p1a: Klefki|192\/318|[from] item: Leftovers
|-heal|p2a: Gematria|316\/354 tox|[from] ability: Poison Heal
|turn|13
|
|move|p1a: Klefki|Swagger|p2a: Gematria
|-boost|p2a: Gematria|atk|2
|-start|p2a: Gematria|confusion
|-activate|p2a: Gematria|confusion
|move|p2a: Gematria|Earthquake|p1a: Klefki
|-supereffective|p1a: Klefki
|-end|p1a: Klefki|Substitute
|
|-heal|p1a: Klefki|211\/318|[from] item: Leftovers
|-heal|p2a: Gematria|354\/354 tox|[from] ability: Poison Heal
|turn|14
|
|move|p1a: Klefki|Substitute|p1a: Klefki
|-start|p1a: Klefki|Substitute
|-damage|p1a: Klefki|132\/318
|-activate|p2a: Gematria|confusion
|-damage|p2a: Gematria|314\/354 tox|[from] confusion
|
|-heal|p1a: Klefki|151\/318|[from] item: Leftovers
|-heal|p2a: Gematria|354\/354 tox|[from] ability: Poison Heal
|turn|15
|
|-activate|p2a: Gematria|confusion
|-damage|p2a: Gematria|316\/354 tox|[from] confusion
|move|p1a: Klefki|Foul Play|p2a: Gematria
|-damage|p2a: Gematria|226\/354 tox
|
|-heal|p1a: Klefki|170\/318|[from] item: Leftovers
|-heal|p2a: Gematria|270\/354 tox|[from] ability: Poison Heal
|turn|16
|
|-activate|p2a: Gematria|confusion
|-damage|p2a: Gematria|228\/354 tox|[from] confusion
|move|p1a: Klefki|Foul Play|p2a: Gematria
|-damage|p2a: Gematria|135\/354 tox
|
|-heal|p1a: Klefki|189\/318|[from] item: Leftovers
|-heal|p2a: Gematria|179\/354 tox|[from] ability: Poison Heal
|turn|17
|
|-end|p2a: Gematria|confusion
|move|p2a: Gematria|Roost|p2a: Gematria
|-heal|p2a: Gematria|354\/354 tox
|move|p1a: Klefki|Foul Play|p2a: Gematria
|-damage|p2a: Gematria|259\/354 tox
|
|-heal|p1a: Klefki|208\/318|[from] item: Leftovers
|-heal|p2a: Gematria|303\/354 tox|[from] ability: Poison Heal
|turn|18
|
|move|p1a: Klefki|Swagger|p2a: Gematria
|-boost|p2a: Gematria|atk|2
|-start|p2a: Gematria|confusion
|-activate|p2a: Gematria|confusion
|-damage|p2a: Gematria|240\/354 tox|[from] confusion
|
|-heal|p1a: Klefki|227\/318|[from] item: Leftovers
|-heal|p2a: Gematria|284\/354 tox|[from] ability: Poison Heal
|turn|19
|
|switch|p2a: Daora|Heatran, F|324\/324 par
|move|p1a: Klefki|Foul Play|p2a: Daora
|-damage|p2a: Daora|270\/324 par
|
|-heal|p1a: Klefki|246\/318|[from] item: Leftovers
|-heal|p2a: Daora|290\/324 par|[from] item: Leftovers
|turn|20
|
|move|p1a: Klefki|Swagger|p2a: Daora
|-boost|p2a: Daora|atk|2
|-start|p2a: Daora|confusion
|-activate|p2a: Daora|confusion
|-damage|p2a: Daora|238\/324 par|[from] confusion
|
|-heal|p1a: Klefki|265\/318|[from] item: Leftovers
|-heal|p2a: Daora|258\/324 par|[from] item: Leftovers
|turn|21
|
|switch|p2a: Gematria|Gliscor, M|284\/354 tox
|move|p1a: Klefki|Swagger|p2a: Gematria
|-boost|p2a: Gematria|atk|2
|-start|p2a: Gematria|confusion
|
|-heal|p1a: Klefki|284\/318|[from] item: Leftovers
|-heal|p2a: Gematria|328\/354 tox|[from] ability: Poison Heal
|turn|22
|
|switch|p2a: Daora|Heatran, F|258\/324 par
|move|p1a: Klefki|Foul Play|p2a: Daora
|-damage|p2a: Daora|200\/324 par
|
|-heal|p1a: Klefki|303\/318|[from] item: Leftovers
|-heal|p2a: Daora|220\/324 par|[from] item: Leftovers
|turn|23
|
|move|p1a: Klefki|Foul Play|p2a: Daora
|-damage|p2a: Daora|166\/324 par
|move|p2a: Daora|Lava Plume|p1a: Klefki
|-supereffective|p1a: Klefki
|-end|p1a: Klefki|Substitute
|
|-heal|p1a: Klefki|318\/318|[from] item: Leftovers
|-heal|p2a: Daora|186\/324 par|[from] item: Leftovers
|turn|24
|
|move|p1a: Klefki|Swagger|p2a: Daora
|-boost|p2a: Daora|atk|2
|-start|p2a: Daora|confusion
|-activate|p2a: Daora|confusion
|move|p2a: Daora|Lava Plume|p1a: Klefki
|-supereffective|p1a: Klefki
|-damage|p1a: Klefki|10\/318
|
|-heal|p1a: Klefki|29\/318|[from] item: Leftovers
|-heal|p2a: Daora|206\/324 par|[from] item: Leftovers
|turn|25
|
|move|p1a: Klefki|Swagger|p2a: Daora
|-boost|p2a: Daora|atk|2
|cant|p2a: Daora|par
|
|-heal|p1a: Klefki|48\/318|[from] item: Leftovers
|-heal|p2a: Daora|226\/324 par|[from] item: Leftovers
|turn|26
|
|switch|p2a: Gematria|Gliscor, M|328\/354 tox
|move|p1a: Klefki|Foul Play|p2a: Gematria
|-damage|p2a: Gematria|280\/354 tox
|
|-heal|p1a: Klefki|67\/318|[from] item: Leftovers
|-heal|p2a: Gematria|324\/354 tox|[from] ability: Poison Heal
|turn|27
|
|move|p1a: Klefki|Swagger|p2a: Gematria
|-boost|p2a: Gematria|atk|2
|-start|p2a: Gematria|confusion
|-activate|p2a: Gematria|confusion
|move|p2a: Gematria|Knock Off|p1a: Klefki
|-resisted|p1a: Klefki
|-damage|p1a: Klefki|11\/318
|-enditem|p1a: Klefki|Leftovers|[from] move: Knock Off|[of] p2a: Gematria
|
|-heal|p2a: Gematria|354\/354 tox|[from] ability: Poison Heal
|turn|28
|chat|LordPkmdz|had it coming
|
|switch|p2a: Daora|Heatran, F|226\/324 par
|move|p1a: Klefki|Foul Play|p2a: Daora
|-damage|p2a: Daora|171\/324 par
|
|-heal|p2a: Daora|191\/324 par|[from] item: Leftovers
|turn|29
|
|switch|p2a: Gematria|Gliscor, M|354\/354 tox
|move|p1a: Klefki|Foul Play|p2a: Gematria
|-damage|p2a: Gematria|304\/354 tox
|
|-heal|p2a: Gematria|348\/354 tox|[from] ability: Poison Heal
|turn|30
|
|move|p1a: Klefki|Swagger|p2a: Gematria
|-boost|p2a: Gematria|atk|2
|-start|p2a: Gematria|confusion
|-activate|p2a: Gematria|confusion
|-damage|p2a: Gematria|305\/354 tox|[from] confusion
|
|-heal|p2a: Gematria|349\/354 tox|[from] ability: Poison Heal
|turn|31
|
|-activate|p2a: Gematria|confusion
|move|p2a: Gematria|Knock Off|p1a: Klefki
|-resisted|p1a: Klefki
|-damage|p1a: Klefki|0 fnt
|faint|p1a: Klefki
|
|-heal|p2a: Gematria|354\/354 tox|[from] ability: Poison Heal
|
|switch|p1a: Mamoswine|Mamoswine, M|361\/361
|-damage|p1a: Mamoswine|316\/361|[from] Stealth Rock
|turn|32
|chat|bossboss|go for it
|
|switch|p2a: RadiantDeth|Starmie|261\/261
|move|p1a: Mamoswine|Freeze-Dry|p2a: RadiantDeth
|-supereffective|p2a: RadiantDeth
|-damage|p2a: RadiantDeth|87\/261
|-damage|p1a: Mamoswine|280\/361|[from] item: Life Orb
|
|turn|33
|
|switch|p1a: Espeon|Espeon, F|205\/334
|-damage|p1a: Espeon|164\/334|[from] Stealth Rock
|move|p2a: RadiantDeth|Scald|p1a: Espeon
|-damage|p1a: Espeon|0 fnt
|faint|p1a: Espeon
|
|
|switch|p1a: Keldeo|Keldeo|323\/323
|-damage|p1a: Keldeo|303\/323|[from] Stealth Rock
|turn|34
|
|move|p2a: RadiantDeth|Scald|p1a: Keldeo
|-crit|p1a: Keldeo
|-resisted|p1a: Keldeo
|-damage|p1a: Keldeo|167\/323
|move|p1a: Keldeo|Surf|p2a: RadiantDeth
|-resisted|p2a: RadiantDeth
|-damage|p2a: RadiantDeth|0 fnt
|faint|p2a: RadiantDeth
|
|-heal|p1a: Keldeo|187\/323|[from] item: Leftovers
|
|switch|p2a: MissSmash|Tyranitar, F|341\/341
|-weather|Sandstorm
|turn|35
|
|move|p2a: MissSmash|Earthquake|p1a: Keldeo
|-damage|p1a: Keldeo|55\/323
|move|p1a: Keldeo|Secret Sword|p2a: MissSmash
|-supereffective|p2a: MissSmash
|-damage|p2a: MissSmash|0 fnt
|faint|p2a: MissSmash
|
|-weather|Sandstorm|[upkeep]
|-damage|p1a: Keldeo|35\/323|[from] sandstorm
|-heal|p1a: Keldeo|55\/323|[from] item: Leftovers
|
|switch|p2a: Sky-Terror|Aerodactyl, M|302\/302
|-ability|p2a: Sky-Terror|Pressure
|turn|36
|
|-formechange|p2a: Sky-Terror|Aerodactyl-Mega
|message|Aerodactyl has Mega Evolved into Mega Aerodactyl!
|move|p2a: Sky-Terror|Earthquake|p1a: Keldeo
|-damage|p1a: Keldeo|0 fnt
|faint|p1a: Keldeo
|
|-weather|Sandstorm|[upkeep]
|
|switch|p1a: Mamoswine|Mamoswine, M|280\/361
|-damage|p1a: Mamoswine|235\/361|[from] Stealth Rock
|turn|37
|
|move|p2a: Sky-Terror|Stone Edge|p1a: Mamoswine|[miss]
|-miss|p2a: Sky-Terror|p1a: Mamoswine
|move|p1a: Mamoswine|Icicle Spear|p2a: Sky-Terror
|-supereffective|p2a: Sky-Terror
|-damage|p2a: Sky-Terror|154\/302
|-supereffective|p2a: Sky-Terror
|-damage|p2a: Sky-Terror|11\/302
|-hitcount|p2a: Sky-Terror|2
|-damage|p1a: Mamoswine|199\/361|[from] item: Life Orb
|
|-weather|Sandstorm|[upkeep]
|turn|38
|chat|LordPkmdz|....
|chat|LordPkmdz|good job bird
|chat|LordPkmdz|good fking job...
|chat|bossboss|eqing
|chat|bossboss|so you dont get a sneak in
|chat|bossboss|with aegi
|chat|bossboss|jk
|chat|bossboss|imma shard
|chat|bossboss|less risky
|chat|LordPkmdz|does not matter bird deserves to die
|chat|LordPkmdz|for missing
|chat|bossboss|riight
|
|move|p1a: Mamoswine|Ice Shard|p2a: Sky-Terror
|-supereffective|p2a: Sky-Terror
|-damage|p2a: Sky-Terror|0 fnt
|-damage|p1a: Mamoswine|163\/361|[from] item: Life Orb
|faint|p2a: Sky-Terror
|
|-weather|Sandstorm|[upkeep]
|chat|bossboss|o
|chat|bossboss|u were serious!
|
|switch|p2a: MavisBrave|Aegislash, M|324\/324
|turn|39
|
|move|p2a: MavisBrave|King's Shield|p2a: MavisBrave
|-singleturn|p2a: MavisBrave|Protect
|move|p1a: Mamoswine|Earthquake|p2a: MavisBrave
|-activate|p2a: MavisBrave|Protect
|
|-weather|none
|turn|40
|
|move|p1a: Mamoswine|Earthquake|p2a: MavisBrave
|-supereffective|p2a: MavisBrave
|-damage|p2a: MavisBrave|0 fnt
|-damage|p1a: Mamoswine|127\/361|[from] item: Life Orb
|faint|p2a: MavisBrave
|
|
|switch|p2a: Gematria|Gliscor, M|354\/354 tox
|turn|41
|
|move|p1a: Mamoswine|Ice Shard|p2a: Gematria
|-supereffective|p2a: Gematria
|-damage|p2a: Gematria|73\/354 tox
|-damage|p1a: Mamoswine|91\/361|[from] item: Life Orb
|move|p2a: Gematria|Earthquake|p1a: Mamoswine
|-damage|p1a: Mamoswine|0 fnt
|faint|p1a: Mamoswine
|
|-heal|p2a: Gematria|117\/354 tox|[from] ability: Poison Heal
|chat|LordPkmdz|mamo wrecks
|
|switch|p1a: Heracross|Heracross, F|341\/341
|-damage|p1a: Heracross|299\/341|[from] Stealth Rock
|turn|42
|
|-formechange|p1a: Heracross|Heracross-Mega
|message|Heracross has Mega Evolved into Mega Heracross!
|move|p2a: Gematria|Toxic|p1a: Heracross|[miss]
|-miss|p2a: Gematria|p1a: Heracross
|move|p1a: Heracross|Bullet Seed|p2a: Gematria
|-damage|p2a: Gematria|90\/354 tox
|-damage|p2a: Gematria|62\/354 tox
|-damage|p2a: Gematria|31\/354 tox
|-damage|p2a: Gematria|1\/354 tox
|-damage|p2a: Gematria|0 fnt
|-hitcount|p2a: Gematria|5
|faint|p2a: Gematria
|
|chat|LordPkmdz|lol ol lol
|
|switch|p2a: Daora|Heatran, F|191\/324 par
|turn|43
|chat|bossboss|didnt matter bro
|chat|bossboss|~_~
|chat|LordPkmdz|inpotent bastards on my team
|
|move|p1a: Heracross|Arm Thrust|p2a: Daora
|-supereffective|p2a: Daora
|-damage|p2a: Daora|113\/324 par
|-supereffective|p2a: Daora
|-damage|p2a: Daora|33\/324 par
|-supereffective|p2a: Daora
|-damage|p2a: Daora|0 fnt
|-hitcount|p2a: Daora|3
|faint|p2a: Daora
|
|win|bossboss
|raw|Ladder updating...
|chat|bossboss|g
|chat|LordPkmdz|gg
|raw|bossboss's rating: 1730 &rarr; <strong>1739<\/strong><br \/>(+9 for winning)
|raw|LordPkmdz's rating: 1521 &rarr; <strong>1512<\/strong><br \/>(-9 for losing)