|join|bossboss
|join|i wish i had drugs
|player|p1|bossboss|102
|player|p2|i wish i had drugs|265
|gametype|singles
|gen|6
|tier|OU
|rated
|clearpoke
|poke|p1|Gengar, M
|poke|p1|Blissey, F
|poke|p1|Venusaur, M
|poke|p1|Mandibuzz, F
|poke|p1|Bisharp, M
|poke|p1|Skarmory, F
|poke|p2|Mamoswine, F
|poke|p2|Kyurem-Black
|poke|p2|Heracross, F
|poke|p2|Smeargle, F
|poke|p2|Aegislash, M
|poke|p2|Togekiss, M
|rule|Sleep Clause Mod: Limit one foe put to sleep
|rule|Species Clause: Limit one of each Pokemon
|rule|OHKO Clause: OHKO moves are banned
|rule|Moody Clause: Moody is banned
|rule|Evasion Moves Clause: Evasion moves are banned
|rule|Endless Battle Clause: Forcing endless battles is banned.
|rule|HP Percentage Mod: HP is reported as percentages
|teampreview
|
|start
|switch|p1a: Blissey|Blissey, F|714\/714
|switch|p2a: Heracross|Heracross, F|303\/303
|turn|1
|
|switch|p1a: Skarmory|Skarmory, F|334\/334
|-formechange|p2a: Heracross|Heracross-Mega
|message|Heracross has Mega Evolved into Mega Heracross!
|move|p2a: Heracross|Close Combat|p1a: Skarmory
|-damage|p1a: Skarmory|121\/334
|-damage|p2a: Heracross|253\/303|[from] item: Rocky Helmet|[of] p1a: Skarmory
|-unboost|p2a: Heracross|def|1
|-unboost|p2a: Heracross|spd|1
|
|turn|2
|
|move|p2a: Heracross|Close Combat|p1a: Skarmory
|-damage|p1a: Skarmory|0 fnt
|-damage|p2a: Heracross|203\/303|[from] item: Rocky Helmet|[of] p1a: Skarmory
|-unboost|p2a: Heracross|def|1
|-unboost|p2a: Heracross|spd|1
|faint|p1a: Skarmory
|
|
|switch|p1a: Gengar|Gengar, M|261\/261
|turn|3
|
|switch|p2a: Mamoswine|Mamoswine, F|415\/415
|move|p1a: Gengar|Sludge Wave|p2a: Mamoswine
|-resisted|p2a: Mamoswine
|-damage|p2a: Mamoswine|334\/415
|
|turn|4
|
|switch|p1a: Bisharp|Bisharp, M|334\/334
|move|p2a: Mamoswine|Knock Off|p1a: Bisharp
|-resisted|p1a: Bisharp
|-damage|p1a: Bisharp|272\/334
|-enditem|p1a: Bisharp|Leftovers|[from] move: Knock Off|[of] p2a: Mamoswine
|
|turn|5
|
|switch|p2a: Heracross|Heracross, F|203\/303
|-formechange|p2a: Heracross|Heracross-Mega
|switch|p1a: Gengar|Gengar, M|261\/261
|
|turn|6
|
|move|p1a: Gengar|Shadow Ball|p2a: Heracross
|-damage|p2a: Heracross|64\/303
|move|p2a: Heracross|Rock Blast|p1a: Gengar
|-damage|p1a: Gengar|198\/261
|-damage|p1a: Gengar|131\/261
|-damage|p1a: Gengar|63\/261
|-damage|p1a: Gengar|0 fnt
|-hitcount|p1a: Gengar|4
|faint|p1a: Gengar
|
|
|switch|p1a: Bisharp|Bisharp, M|272\/334
|turn|7
|
|move|p1a: Bisharp|Sucker Punch|p2a: Heracross
|-resisted|p2a: Heracross
|-damage|p2a: Heracross|1\/303
|move|p2a: Heracross|Close Combat|p1a: Bisharp
|-supereffective|p1a: Bisharp
|-damage|p1a: Bisharp|0 fnt
|-unboost|p2a: Heracross|def|1
|-unboost|p2a: Heracross|spd|1
|faint|p1a: Bisharp
|
|-message|bossboss forfeited.
|
|win|i wish i had drugs
|raw|Ladder updating...
|leave|bossboss
|player|p1
|raw|bossboss's rating: 1775 &rarr; <strong>1757<\/strong><br \/>(-18 for losing)
|raw|i wish i had drugs's rating: 1801 &rarr; <strong>1820<\/strong><br \/>(+19 for winning)