|join|Pheonixmaster
|join|bossboss
|player|p1|Pheonixmaster|161
|player|p2|bossboss|2
|gametype|singles
|gen|6
|tier|OU
|rated
|clearpoke
|poke|p1|Manaphy
|poke|p1|Garchomp, M
|poke|p1|Tyranitar, M, shiny
|poke|p1|Bisharp, F
|poke|p1|Keldeo
|poke|p1|Thundurus, M
|poke|p2|Greninja, F
|poke|p2|Clefable, M
|poke|p2|Charizard, F
|poke|p2|Rotom-Wash
|poke|p2|Deoxys-Speed
|poke|p2|Aegislash, F
|rule|Sleep Clause Mod: Limit one foe put to sleep
|rule|Species Clause: Limit one of each Pokemon
|rule|OHKO Clause: OHKO moves are banned
|rule|Moody Clause: Moody is banned
|rule|Evasion Moves Clause: Evasion moves are banned
|rule|Endless Battle Clause: Forcing endless battles is banned.
|rule|HP Percentage Mod: HP is reported as percentages
|teampreview
|
|start
|switch|p1a: Garchomp|Garchomp, M|358\/358
|switch|p2a: Deoxys-Speed|Deoxys-Speed|241\/241
|-ability|p2a: Deoxys-Speed|Pressure
|turn|1
|
|move|p2a: Deoxys-Speed|Taunt|p1a: Garchomp
|-start|p1a: Garchomp|move: Taunt
|move|p1a: Garchomp|Earthquake|p2a: Deoxys-Speed
|-damage|p2a: Deoxys-Speed|49\/241
|
|turn|2
|
|move|p2a: Deoxys-Speed|Stealth Rock|p1a: Garchomp
|-sidestart|p1: Pheonixmaster|move: Stealth Rock
|move|p1a: Garchomp|Earthquake|p2a: Deoxys-Speed
|-crit|p2a: Deoxys-Speed
|-damage|p2a: Deoxys-Speed|0 fnt
|faint|p2a: Deoxys-Speed
|
|
|switch|p2a: Rotom-Wash|Rotom-Wash|304\/304
|turn|3
|
|switch|p1a: Laxus|Thundurus, M|300\/300
|-damage|p1a: Laxus|225\/300|[from] Stealth Rock
|move|p2a: Rotom-Wash|Will-O-Wisp|p1a: Laxus|[miss]
|-miss|p2a: Rotom-Wash|p1a: Laxus
|
|-heal|p1a: Laxus|243\/300|[from] item: Leftovers
|turn|4
|
|move|p1a: Laxus|Thunderbolt|p2a: Rotom-Wash
|-damage|p2a: Rotom-Wash|157\/304
|move|p2a: Rotom-Wash|Will-O-Wisp|p1a: Laxus
|-status|p1a: Laxus|brn
|
|-heal|p1a: Laxus|261\/300 brn|[from] item: Leftovers
|-heal|p2a: Rotom-Wash|176\/304|[from] item: Leftovers
|-damage|p1a: Laxus|224\/300 brn|[from] brn
|turn|5
|
|switch|p2a: Aegislash|Aegislash, F|261\/261
|move|p1a: Laxus|Thunderbolt|p2a: Aegislash
|-damage|p2a: Aegislash|135\/261
|-status|p2a: Aegislash|par
|
|-heal|p1a: Laxus|242\/300 brn|[from] item: Leftovers
|-damage|p1a: Laxus|205\/300 brn|[from] brn
|turn|6
|
|move|p1a: Laxus|Thunderbolt|p2a: Aegislash
|-damage|p2a: Aegislash|8\/261 par
|-formechange|p2a: Aegislash|Aegislash-Blade
|move|p2a: Aegislash|Shadow Ball|p1a: Laxus
|-damage|p1a: Laxus|0 fnt
|faint|p1a: Laxus
|
|
|switch|p1a: Garchomp|Garchomp, M|358\/358
|-damage|p1a: Garchomp|336\/358|[from] Stealth Rock
|turn|7
|
|move|p1a: Garchomp|Stealth Rock|p2a: Aegislash
|-sidestart|p2: bossboss|move: Stealth Rock
|move|p2a: Aegislash|Shadow Ball|p1a: Garchomp
|-damage|p1a: Garchomp|153\/358
|-unboost|p1a: Garchomp|spd|1
|
|turn|8
|
|cant|p2a: Aegislash|par
|move|p1a: Garchomp|Earthquake|p2a: Aegislash
|-supereffective|p2a: Aegislash
|-damage|p2a: Aegislash|0 fnt
|faint|p2a: Aegislash
|
|
|switch|p2a: Greninja|Greninja, F|285\/285
|-damage|p2a: Greninja|250\/285|[from] Stealth Rock
|turn|9
|
|-start|p2a: Greninja|typechange|Water|[from] Protean
|move|p2a: Greninja|Hydro Pump|p1a: Garchomp
|-damage|p1a: Garchomp|0 fnt
|-damage|p2a: Greninja|222\/285|[from] item: Life Orb
|faint|p1a: Garchomp
|
|
|switch|p1a: Manaphy|Manaphy|341\/341
|-damage|p1a: Manaphy|299\/341|[from] Stealth Rock
|turn|10
|
|-start|p2a: Greninja|typechange|Bug|[from] Protean
|move|p2a: Greninja|U-turn|p1a: Manaphy
|-damage|p1a: Manaphy|194\/341
|-damage|p2a: Greninja|194\/285|[from] item: Life Orb
|
|switch|p2a: cha|Charizard, F|297\/297
|-damage|p2a: cha|149\/297|[from] Stealth Rock
|move|p1a: Manaphy|Surf|p2a: cha
|-supereffective|p2a: cha
|-damage|p2a: cha|0 fnt
|faint|p2a: cha
|
|-heal|p1a: Manaphy|215\/341|[from] item: Leftovers
|
|switch|p2a: Rotom-Wash|Rotom-Wash|176\/304
|-damage|p2a: Rotom-Wash|138\/304|[from] Stealth Rock
|turn|11
|
|move|p1a: Manaphy|Psychic|p2a: Rotom-Wash
|-damage|p2a: Rotom-Wash|60\/304
|-unboost|p2a: Rotom-Wash|spd|1
|move|p2a: Rotom-Wash|Volt Switch|p1a: Manaphy
|-supereffective|p1a: Manaphy
|-damage|p1a: Manaphy|45\/341
|
|switch|p2a: Greninja|Greninja, F|194\/285
|-damage|p2a: Greninja|159\/285|[from] Stealth Rock
|
|-heal|p1a: Manaphy|66\/341|[from] item: Leftovers
|turn|12
|
|-start|p2a: Greninja|typechange|Bug|[from] Protean
|move|p2a: Greninja|U-turn|p1a: Manaphy
|-damage|p1a: Manaphy|0 fnt
|-damage|p2a: Greninja|131\/285|[from] item: Life Orb
|faint|p1a: Manaphy
|
|switch|p2a: Rotom-Wash|Rotom-Wash|60\/304
|-damage|p2a: Rotom-Wash|22\/304|[from] Stealth Rock
|
|-heal|p2a: Rotom-Wash|41\/304|[from] item: Leftovers
|
|switch|p1a: Gajeel|Bisharp, F|279\/279
|-damage|p1a: Gajeel|262\/279|[from] Stealth Rock
|turn|13
|
|move|p1a: Gajeel|Knock Off|p2a: Rotom-Wash
|-crit|p2a: Rotom-Wash
|-damage|p2a: Rotom-Wash|0 fnt
|-damage|p1a: Gajeel|235\/279|[from] item: Life Orb
|faint|p2a: Rotom-Wash
|
|
|switch|p2a: Greninja|Greninja, F|131\/285
|-damage|p2a: Greninja|96\/285|[from] Stealth Rock
|turn|14
|
|move|p1a: Gajeel|Sucker Punch|p2a: Greninja
|-resisted|p2a: Greninja
|-damage|p2a: Greninja|0 fnt
|-damage|p1a: Gajeel|208\/279|[from] item: Life Orb
|faint|p2a: Greninja
|
|
|switch|p2a: Clefable|Clefable, M|394\/394
|turn|15
|
|move|p1a: Gajeel|Iron Head|p2a: Clefable
|-supereffective|p2a: Clefable
|-damage|p2a: Clefable|9\/394
|-damage|p1a: Gajeel|181\/279|[from] item: Life Orb
|move|p2a: Clefable|Moonblast|p1a: Gajeel
|-damage|p1a: Gajeel|0 fnt
|faint|p1a: Gajeel
|
|
|switch|p1a: Juvia|Keldeo|322\/322
|-damage|p1a: Juvia|302\/322|[from] Stealth Rock
|turn|16
|
|move|p1a: Juvia|Scald|p2a: Clefable
|-damage|p2a: Clefable|0 fnt
|faint|p2a: Clefable
|
|win|Pheonixmaster
|raw|Ladder updating...
|raw|Pheonixmaster's rating: 1853 &rarr; <strong>1866<\/strong><br \/>(+13 for winning)
|raw|bossboss's rating: 1733 &rarr; <strong>1720<\/strong><br \/>(-13 for losing)
|chat|Pheonixmaster|gg
|leave|bossboss
|player|p2