|join|bossboss
|join|SuspiciousBiscotti
|player|p1|bossboss|102
|player|p2|SuspiciousBiscotti|124
|gametype|singles
|gen|6
|tier|OU
|rated
|clearpoke
|poke|p1|Landorus, M
|poke|p1|Ditto
|poke|p1|Aegislash, F
|poke|p1|Mawile, M
|poke|p1|Gengar, F
|poke|p1|Heatran, M
|poke|p2|Gyarados, F
|poke|p2|Skarmory, F
|poke|p2|Rotom-Heat
|poke|p2|Gliscor, F
|poke|p2|Excadrill, M
|poke|p2|Hydreigon, M
|rule|Sleep Clause Mod: Limit one foe put to sleep
|rule|Species Clause: Limit one of each Pokemon
|rule|OHKO Clause: OHKO moves are banned
|rule|Moody Clause: Moody is banned
|rule|Evasion Moves Clause: Evasion moves are banned
|rule|Endless Battle Clause: Forcing endless battles is banned.
|rule|HP Percentage Mod: HP is reported as percentages
|teampreview
|join|www500
|leave|www500
|
|start
|switch|p1a: Heatran|Heatran, M|383\/383
|switch|p2a: Gliscor|Gliscor, F|351\/351
|turn|1
|
|switch|p1a: Gengar|Gengar, F|261\/261
|move|p2a: Gliscor|Knock Off|p1a: Gengar
|-supereffective|p1a: Gengar
|-damage|p1a: Gengar|53\/261
|-enditem|p1a: Gengar|Life Orb|[from] move: Knock Off|[of] p2a: Gliscor
|
|-activate|p2a: Gliscor|item: Toxic Orb
|-status|p2a: Gliscor|tox
|turn|2
|
|switch|p1a: Mawile|Mawile, M|304\/304
|-ability|p1a: Mawile|Intimidate|[of] p2a: Gliscor
|-unboost|p2a: Gliscor|atk|1
|move|p2a: Gliscor|Knock Off|p1a: Mawile
|-resisted|p1a: Mawile
|-damage|p1a: Mawile|286\/304
|
|turn|3
|
|switch|p2a: Rotom-Heat|Rotom-Heat|301\/301
|switch|p1a: Landorus|Landorus, M|319\/319
|
|turn|4
|
|switch|p1a: Heatran|Heatran, M|383\/383
|move|p2a: Rotom-Heat|Will-O-Wisp|p1a: Heatran
|-start|p1a: Heatran|ability: Flash Fire
|
|turn|5
|
|move|p2a: Rotom-Heat|Volt Switch|p1a: Heatran
|-damage|p1a: Heatran|319\/383
|
|switch|p2a: Gliscor|Gliscor, F|351\/351 tox
|move|p1a: Heatran|Stealth Rock|p2a: Gliscor
|-sidestart|p2: SuspiciousBiscotti|move: Stealth Rock
|
|-heal|p1a: Heatran|342\/383|[from] item: Leftovers
|turn|6
|
|switch|p1a: Mawile|Mawile, M|286\/304
|-ability|p1a: Mawile|Intimidate|[of] p2a: Gliscor
|-unboost|p2a: Gliscor|atk|1
|move|p2a: Gliscor|Knock Off|p1a: Mawile
|-resisted|p1a: Mawile
|-damage|p1a: Mawile|266\/304
|
|turn|7
|
|switch|p1a: Ditto|Ditto|300\/300
|-transform|p1a: Ditto|p2a: Gliscor
|move|p2a: Gliscor|Earthquake|p1a: Ditto
|-immune|p1a: Ditto|[msg]
|
|turn|8
|
|switch|p1a: Mawile|Mawile, M|266\/304
|-ability|p1a: Mawile|Intimidate|[of] p2a: Gliscor
|-unboost|p2a: Gliscor|atk|1
|move|p2a: Gliscor|Knock Off|p1a: Mawile
|-resisted|p1a: Mawile
|-damage|p1a: Mawile|252\/304
|
|turn|9
|
|-formechange|p1a: Mawile|Mawile-Mega
|message|Mawile has Mega Evolved into Mega Mawile!
|move|p2a: Gliscor|Toxic|p1a: Mawile
|-fail|p1a: Mawile
|move|p1a: Mawile|Swords Dance|p1a: Mawile
|-boost|p1a: Mawile|atk|2
|
|turn|10
|
|switch|p2a: Rotom-Heat|Rotom-Heat|301\/301
|-damage|p2a: Rotom-Heat|226\/301|[from] Stealth Rock
|move|p1a: Mawile|Play Rough|p2a: Rotom-Heat|[miss]
|-miss|p1a: Mawile|p2a: Rotom-Heat
|
|-heal|p2a: Rotom-Heat|244\/301|[from] item: Leftovers
|turn|11
|
|switch|p1a: Heatran|Heatran, M|342\/383
|move|p2a: Rotom-Heat|Volt Switch|p1a: Heatran
|-damage|p1a: Heatran|273\/383
|
|switch|p2a: Excadrill|Excadrill, M|401\/401
|-damage|p2a: Excadrill|389\/401|[from] Stealth Rock
|-ability|p2a: Excadrill|Mold Breaker
|
|-heal|p1a: Heatran|296\/383|[from] item: Leftovers
|turn|12
|
|switch|p1a: Gengar|Gengar, F|53\/261
|move|p2a: Excadrill|Rapid Spin|p1a: Gengar
|-immune|p1a: Gengar|[msg]
|
|turn|13
|
|move|p1a: Gengar|Focus Blast|p2a: Excadrill
|-supereffective|p2a: Excadrill
|-damage|p2a: Excadrill|175\/401
|move|p2a: Excadrill|Shadow Claw|p1a: Gengar
|-supereffective|p1a: Gengar
|-damage|p1a: Gengar|0 fnt
|faint|p1a: Gengar
|
|
|switch|p1a: Landorus|Landorus, M|319\/319
|turn|14
|
|move|p1a: Landorus|Hidden Power|p2a: Excadrill
|-damage|p2a: Excadrill|104\/401
|-damage|p1a: Landorus|288\/319|[from] item: Life Orb
|move|p2a: Excadrill|Rapid Spin|p1a: Landorus
|-damage|p1a: Landorus|266\/319
|-sideend|p2: SuspiciousBiscotti|Stealth Rock|[from] move: Rapid Spin|[of] p2a: Excadrill
|
|turn|15
|chat|bossboss|oh assvest
|
|move|p1a: Landorus|Sludge Wave|p2a: Excadrill
|-immune|p2a: Excadrill|[msg]
|move|p2a: Excadrill|Rock Slide|p1a: Landorus
|-damage|p1a: Landorus|175\/319
|
|turn|16
|chat|SuspiciousBiscotti|Hm?
|chat|SuspiciousBiscotti|Oh
|chat|SuspiciousBiscotti|yeah
|
|move|p1a: Landorus|Earth Power|p2a: Excadrill
|-supereffective|p2a: Excadrill
|-damage|p2a: Excadrill|0 fnt
|faint|p2a: Excadrill
|
|
|switch|p2a: Gyarados|Gyarados, F|353\/353
|-ability|p2a: Gyarados|Intimidate|[of] p1a: Landorus
|-unboost|p1a: Landorus|atk|1
|turn|17
|
|switch|p1a: Ditto|Ditto|300\/300
|-transform|p1a: Ditto|p2a: Gyarados
|-ability|p1a: Ditto|Intimidate|[of] p2a: Gyarados
|-unboost|p2a: Gyarados|atk|1
|-formechange|p2a: Gyarados|Gyarados-Mega
|message|Gyarados has Mega Evolved into Mega Gyarados!
|-ability|p2a: Gyarados|Mold Breaker
|move|p2a: Gyarados|Dragon Dance|p2a: Gyarados
|-boost|p2a: Gyarados|atk|1
|-boost|p2a: Gyarados|spe|1
|
|turn|18
|
|move|p1a: Ditto|Earthquake|p2a: Gyarados
|-damage|p2a: Gyarados|249\/353
|move|p2a: Gyarados|Stone Edge|p1a: Ditto
|-supereffective|p1a: Ditto
|-damage|p1a: Ditto|0 fnt
|faint|p1a: Ditto
|
|
|switch|p1a: Aegislash|Aegislash, F|261\/261
|turn|19
|
|move|p2a: Gyarados|Earthquake|p1a: Aegislash
|-supereffective|p1a: Aegislash
|-damage|p1a: Aegislash|63\/261
|-enditem|p1a: Aegislash|Weakness Policy
|-boost|p1a: Aegislash|atk|2|[from] item: Weakness Policy
|-boost|p1a: Aegislash|spa|2|[from] item: Weakness Policy
|move|p1a: Aegislash|Autotomize|p1a: Aegislash
|-boost|p1a: Aegislash|spe|2
|-start|p1a: Aegislash|Autotomize
|
|turn|20
|
|switch|p2a: Skarmory|Skarmory, F|331\/331
|-formechange|p1a: Aegislash|Aegislash-Blade
|move|p1a: Aegislash|Sacred Sword|p2a: Skarmory
|-damage|p2a: Skarmory|172\/331
|-damage|p1a: Aegislash|20\/261|[from] item: Rocky Helmet|[of] p2a: Skarmory
|
|turn|21
|
|move|p1a: Aegislash|Shadow Ball|p2a: Skarmory
|-damage|p2a: Skarmory|0 fnt
|faint|p2a: Skarmory
|
|
|switch|p2a: Hydreigon|Hydreigon, M|331\/331
|turn|22
|
|move|p2a: Hydreigon|Dark Pulse|p1a: Aegislash
|-supereffective|p1a: Aegislash
|-damage|p1a: Aegislash|0 fnt
|faint|p1a: Aegislash
|
|
|switch|p1a: Mawile|Mawile, M|252\/304
|-formechange|p1a: Mawile|Mawile-Mega
|turn|23
|
|switch|p2a: Rotom-Heat|Rotom-Heat|244\/301
|move|p1a: Mawile|Knock Off|p2a: Rotom-Heat
|-damage|p2a: Rotom-Heat|70\/301
|-enditem|p2a: Rotom-Heat|Leftovers|[from] move: Knock Off|[of] p1a: Mawile
|
|turn|24
|
|switch|p1a: Heatran|Heatran, M|296\/383
|move|p2a: Rotom-Heat|Will-O-Wisp|p1a: Heatran
|-start|p1a: Heatran|ability: Flash Fire
|
|-heal|p1a: Heatran|319\/383|[from] item: Leftovers
|turn|25
|
|move|p2a: Rotom-Heat|Volt Switch|p1a: Heatran
|-damage|p1a: Heatran|255\/383
|
|switch|p2a: Gliscor|Gliscor, F|351\/351 tox
|move|p1a: Heatran|Stealth Rock|p2a: Gliscor
|-sidestart|p2: SuspiciousBiscotti|move: Stealth Rock
|
|-heal|p1a: Heatran|278\/383|[from] item: Leftovers
|turn|26
|
|move|p2a: Gliscor|Toxic|p1a: Heatran
|-fail|p1a: Heatran
|move|p1a: Heatran|Lava Plume|p2a: Gliscor
|-damage|p2a: Gliscor|108\/351 tox
|
|-heal|p1a: Heatran|301\/383|[from] item: Leftovers
|-heal|p2a: Gliscor|151\/351 tox|[from] ability: Poison Heal
|turn|27
|
|move|p2a: Gliscor|Earthquake|p1a: Heatran
|-supereffective|p1a: Heatran
|-damage|p1a: Heatran|0 fnt
|faint|p1a: Heatran
|
|-heal|p2a: Gliscor|194\/351 tox|[from] ability: Poison Heal
|
|switch|p1a: Mawile|Mawile, M|252\/304
|-formechange|p1a: Mawile|Mawile-Mega
|turn|28
|
|move|p2a: Gliscor|Protect|p2a: Gliscor
|-singleturn|p2a: Gliscor|Protect
|move|p1a: Mawile|Sucker Punch|p2a: Gliscor
|-fail|p2a: Gliscor
|
|-heal|p2a: Gliscor|237\/351 tox|[from] ability: Poison Heal
|turn|29
|
|move|p1a: Mawile|Sucker Punch|p2a: Gliscor
|-damage|p2a: Gliscor|130\/351 tox
|move|p2a: Gliscor|Earthquake|p1a: Mawile
|-supereffective|p1a: Mawile
|-damage|p1a: Mawile|72\/304
|
|-heal|p2a: Gliscor|173\/351 tox|[from] ability: Poison Heal
|turn|30
|
|move|p2a: Gliscor|Protect|p2a: Gliscor
|-singleturn|p2a: Gliscor|Protect
|move|p1a: Mawile|Sucker Punch|p2a: Gliscor
|-fail|p2a: Gliscor
|
|-heal|p2a: Gliscor|216\/351 tox|[from] ability: Poison Heal
|turn|31
|
|move|p2a: Gliscor|Earthquake|p1a: Mawile
|-supereffective|p1a: Mawile
|-damage|p1a: Mawile|0 fnt
|faint|p1a: Mawile
|
|-heal|p2a: Gliscor|259\/351 tox|[from] ability: Poison Heal
|
|switch|p1a: Landorus|Landorus, M|175\/319
|turn|32
|
|move|p2a: Gliscor|Protect|p2a: Gliscor
|-singleturn|p2a: Gliscor|Protect
|move|p1a: Landorus|Rock Polish|p1a: Landorus
|-boost|p1a: Landorus|spe|2
|
|-heal|p2a: Gliscor|302\/351 tox|[from] ability: Poison Heal
|turn|33
|
|move|p1a: Landorus|Hidden Power|p2a: Gliscor
|-supereffective|p2a: Gliscor
|-damage|p2a: Gliscor|0 fnt
|-damage|p1a: Landorus|144\/319|[from] item: Life Orb
|faint|p2a: Gliscor
|
|
|switch|p2a: Hydreigon|Hydreigon, M|331\/331
|-damage|p2a: Hydreigon|290\/331|[from] Stealth Rock
|turn|34
|
|move|p1a: Landorus|Hidden Power|p2a: Hydreigon
|-supereffective|p2a: Hydreigon
|-damage|p2a: Hydreigon|72\/331
|-damage|p1a: Landorus|113\/319|[from] item: Life Orb
|move|p2a: Hydreigon|Draco Meteor|p1a: Landorus
|-damage|p1a: Landorus|0 fnt
|-unboost|p2a: Hydreigon|spa|2
|faint|p1a: Landorus
|
|win|SuspiciousBiscotti
|raw|Ladder updating...
|raw|bossboss's rating: 1699 &rarr; <strong>1674<\/strong><br \/>(-25 for losing)
|raw|SuspiciousBiscotti's rating: 1622 &rarr; <strong>1646<\/strong><br \/>(+24 for winning)
|chat|SuspiciousBiscotti|gg
|chat|bossboss|gg