|join|bossboss
|join|B!tch Keeper
|player|p1|bossboss|102
|player|p2|B!tch Keeper|102
|gametype|singles
|gen|6
|tier|OU
|rated
|clearpoke
|poke|p1|Deoxys-Speed
|poke|p1|Bisharp, M
|poke|p1|Charizard, F
|poke|p1|Celebi, shiny
|poke|p1|Clefable, M
|poke|p1|Tyranitar, F
|poke|p2|Goodra, F, shiny
|poke|p2|Keldeo
|poke|p2|Mawile, M
|poke|p2|Excadrill, F
|poke|p2|Gyarados, M
|poke|p2|Clefable, M
|rule|Sleep Clause Mod: Limit one foe put to sleep
|rule|Species Clause: Limit one of each Pokemon
|rule|OHKO Clause: OHKO moves are banned
|rule|Moody Clause: Moody is banned
|rule|Evasion Moves Clause: Evasion moves are banned
|rule|Endless Battle Clause: Forcing endless battles is banned.
|rule|HP Percentage Mod: HP is reported as percentages
|teampreview
|
|start
|switch|p1a: Deoxys-Speed|Deoxys-Speed|241\/241
|switch|p2a: Mawile|Mawile, M|273\/273
|-ability|p1a: Deoxys-Speed|Pressure
|-ability|p2a: Mawile|Intimidate|[of] p1a: Deoxys-Speed
|-unboost|p1a: Deoxys-Speed|atk|1
|turn|1
|
|-formechange|p2a: Mawile|Mawile-Mega
|message|Mawile has Mega Evolved into Mega Mawile!
|move|p1a: Deoxys-Speed|Taunt|p2a: Mawile
|-start|p2a: Mawile|move: Taunt
|cant|p2a: Mawile|move: Taunt|Substitute
|
|turn|2
|
|move|p1a: Deoxys-Speed|Stealth Rock|p2a: Mawile
|-sidestart|p2: B!tch Keeper|move: Stealth Rock
|move|p2a: Mawile|Play Rough|p1a: Deoxys-Speed
|-enditem|p1a: Deoxys-Speed|Focus Sash
|-damage|p1a: Deoxys-Speed|1\/241
|
|turn|3
|
|switch|p1a: Charizard|Charizard, F|297\/297
|switch|p2a: Excadrill|Excadrill, F|381\/381
|-damage|p2a: Excadrill|370\/381|[from] Stealth Rock
|-ability|p2a: Excadrill|Mold Breaker
|-item|p2a: Excadrill|Air Balloon
|
|turn|4
|
|switch|p2a: Goodra|Goodra, F, shiny|384\/384
|-damage|p2a: Goodra|336\/384|[from] Stealth Rock
|-formechange|p1a: Charizard|Charizard-Mega-Y
|message|Charizard has Mega Evolved into Mega Charizard!
|-weather|SunnyDay
|move|p1a: Charizard|Fire Blast|p2a: Goodra
|-crit|p2a: Goodra
|-resisted|p2a: Goodra
|-damage|p2a: Goodra|216\/384
|
|-weather|SunnyDay|[upkeep]
|turn|5
|
|switch|p1a: Tyranitar|Tyranitar, F|404\/404
|-weather|Sandstorm
|move|p2a: Goodra|Fire Blast|p1a: Tyranitar
|-resisted|p1a: Tyranitar
|-damage|p1a: Tyranitar|374\/404
|
|-weather|Sandstorm|[upkeep]
|-damage|p2a: Goodra|192\/384|[from] sandstorm
|turn|6
|
|move|p1a: Tyranitar|Pursuit|p2a: Goodra|[from]Pursuit
|-damage|p2a: Goodra|0 fnt
|faint|p2a: Goodra
|
|-weather|Sandstorm|[upkeep]
|
|switch|p2a: Excadrill|Excadrill, F|370\/381
|-damage|p2a: Excadrill|359\/381|[from] Stealth Rock
|-ability|p2a: Excadrill|Mold Breaker
|-item|p2a: Excadrill|Air Balloon
|turn|7
|
|move|p2a: Excadrill|Stealth Rock|p1a: Tyranitar
|-sidestart|p1: bossboss|move: Stealth Rock
|move|p1a: Tyranitar|Fire Punch|p2a: Excadrill
|-supereffective|p2a: Excadrill
|-damage|p2a: Excadrill|93\/381
|-enditem|p2a: Excadrill|Air Balloon
|
|-weather|Sandstorm|[upkeep]
|turn|8
|
|switch|p1a: Deoxys-Speed|Deoxys-Speed|1\/241
|-damage|p1a: Deoxys-Speed|0 fnt|[from] Stealth Rock
|faint|p1a: Deoxys-Speed
|move|p2a: Excadrill|Rapid Spin|p1: Deoxys-Speed|[notarget]
|-notarget
|
|-weather|Sandstorm|[upkeep]
|
|switch|p1a: Charizard|Charizard, F|297\/297
|-formechange|p1a: Charizard|Charizard-Mega-Y
|-damage|p1a: Charizard|149\/297|[from] Stealth Rock
|-weather|SunnyDay
|turn|9
|
|move|p1a: Charizard|Solar Beam|p2a: Excadrill|[still]
|-prepare|p1a: Charizard|Solar Beam|p2a: Excadrill
|-anim|p1a: Charizard|Solar Beam|p2a: Excadrill
|-damage|p2a: Excadrill|0 fnt
|faint|p2a: Excadrill
|
|-weather|SunnyDay|[upkeep]
|
|switch|p2a: Keldeo|Keldeo|323\/323
|-damage|p2a: Keldeo|303\/323|[from] Stealth Rock
|turn|10
|
|switch|p1a: Celebi|Celebi, shiny|341\/341
|-damage|p1a: Celebi|299\/341|[from] Stealth Rock
|move|p2a: Keldeo|Hydro Pump|p1a: Celebi|[miss]
|-miss|p2a: Keldeo|p1a: Celebi
|
|-weather|SunnyDay|[upkeep]
|turn|11
|
|switch|p2a: Mawile|Mawile, M|273\/273
|-formechange|p2a: Mawile|Mawile-Mega
|-damage|p2a: Mawile|256\/273|[from] Stealth Rock
|move|p1a: Celebi|Hidden Power|p2a: Mawile
|-supereffective|p2a: Mawile
|-damage|p2a: Mawile|4\/273
|
|-weather|SunnyDay|[upkeep]
|turn|12
|
|-singleturn|p2a: Mawile|move: Focus Punch
|switch|p1a: Bisharp|Bisharp, M|272\/272
|-damage|p1a: Bisharp|255\/272|[from] Stealth Rock
|move|p2a: Mawile|Focus Punch|p1a: Bisharp
|-crit|p1a: Bisharp
|-supereffective|p1a: Bisharp
|-damage|p1a: Bisharp|0 fnt
|faint|p1a: Bisharp
|
|-weather|SunnyDay|[upkeep]
|chat|bossboss|ouch
|
|switch|p1a: Tyranitar|Tyranitar, F|374\/404
|-damage|p1a: Tyranitar|324\/404|[from] Stealth Rock
|-weather|Sandstorm
|turn|13
|
|move|p2a: Mawile|Play Rough|p1a: Tyranitar
|-supereffective|p1a: Tyranitar
|-damage|p1a: Tyranitar|0 fnt
|faint|p1a: Tyranitar
|
|-weather|Sandstorm|[upkeep]
|
|switch|p1a: Celebi|Celebi, shiny|299\/341
|-damage|p1a: Celebi|257\/341|[from] Stealth Rock
|turn|14
|
|move|p2a: Mawile|Sucker Punch|p1a: Celebi
|-supereffective|p1a: Celebi
|-damage|p1a: Celebi|0 fnt
|faint|p1a: Celebi
|
|-weather|Sandstorm|[upkeep]
|
|switch|p1a: Clefable|Clefable, M|394\/394
|turn|15
|
|move|p2a: Mawile|Play Rough|p1a: Clefable
|-damage|p1a: Clefable|106\/394
|move|p1a: Clefable|Moonblast|p2a: Mawile
|-resisted|p2a: Mawile
|-damage|p2a: Mawile|0 fnt
|faint|p2a: Mawile
|
|-weather|Sandstorm|[upkeep]
|
|switch|p2a: Keldeo|Keldeo|303\/323
|-damage|p2a: Keldeo|283\/323|[from] Stealth Rock
|turn|16
|chat|bossboss|well played llol
|
|move|p2a: Keldeo|Surf|p1a: Clefable
|-damage|p1a: Clefable|0 fnt
|faint|p1a: Clefable
|
|-weather|Sandstorm|[upkeep]
|-damage|p2a: Keldeo|263\/323|[from] sandstorm
|
|switch|p1a: Charizard|Charizard, F|149\/297
|-formechange|p1a: Charizard|Charizard-Mega-Y
|-damage|p1a: Charizard|1\/297|[from] Stealth Rock
|-weather|SunnyDay
|turn|17
|
|move|p2a: Keldeo|Surf|p1a: Charizard
|-supereffective|p1a: Charizard
|-damage|p1a: Charizard|0 fnt
|faint|p1a: Charizard
|
|win|B!tch Keeper
|raw|Ladder updating...
|raw|bossboss's rating: 1695 &rarr; <strong>1670<\/strong><br \/>(-25 for losing)
|raw|B!tch Keeper's rating: 1591 &rarr; <strong>1617<\/strong><br \/>(+26 for winning)
|leave|bossboss
|player|p1