|join|New Light
|join|The Shrike
|player|p1|New Light|156
|player|p2|The Shrike|184
|gametype|singles
|gen|6
|tier|OU
|rated
|clearpoke
|poke|p1|Landorus-Therian, M
|poke|p1|Lucario, F
|poke|p1|Kyurem, shiny
|poke|p1|Tentacruel, M
|poke|p1|Clefable, M
|poke|p1|Garchomp, M
|poke|p2|Gardevoir, F
|poke|p2|Azumarill, M, shiny
|poke|p2|Victini, shiny
|poke|p2|Latios, M
|poke|p2|Landorus-Therian, M
|poke|p2|Ferrothorn, M
|rule|Swagger Clause: Swagger is banned
|rule|Baton Pass Clause: Limit one PokÃ©mon knowing Baton Pass
|rule|Sleep Clause Mod: Limit one foe put to sleep
|rule|Species Clause: Limit one of each PokÃ©mon
|rule|OHKO Clause: OHKO moves are banned
|rule|Moody Clause: Moody is banned
|rule|Evasion Moves Clause: Evasion moves are banned
|rule|Endless Battle Clause: Forcing endless battles is banned
|rule|HP Percentage Mod: HP is shown in percentages
|teampreview
|
|start
|switch|p1a: Garchomp|Garchomp, M|357\/357
|switch|p2a: Hobbes|Landorus-Therian, M|320\/320
|-ability|p2a: Hobbes|Intimidate|[of] p1a: Garchomp
|-unboost|p1a: Garchomp|atk|1
|turn|1
|
|move|p2a: Hobbes|U-turn|p1a: Garchomp
|-damage|p1a: Garchomp|267\/357
|-damage|p2a: Hobbes|280\/320|[from] ability: Rough Skin|[of] p1a: Garchomp
|-damage|p2a: Hobbes|227\/320|[from] item: Rocky Helmet|[of] p1a: Garchomp
|
|switch|p2a: Uncle Max|Latios, M|302\/302
|move|p1a: Garchomp|Stealth Rock|p2a: Uncle Max
|-sidestart|p2: The Shrike|move: Stealth Rock
|
|turn|2
|
|move|p2a: Uncle Max|Psyshock|p1a: Garchomp
|-crit|p1a: Garchomp
|-damage|p1a: Garchomp|0 fnt
|-damage|p2a: Uncle Max|272\/302|[from] item: Life Orb
|faint|p1a: Garchomp
|
|
|switch|p1a: Clefable|Clefable, M|394\/394
|turn|3
|
|move|p2a: Uncle Max|Defog|p1a: Clefable
|-unboost|p1a: Clefable|evasion|1
|-sideend|p2: The Shrike|Stealth Rock|[from] move: Defog|[of] p2a: Uncle Max
|move|p1a: Clefable|Thunder Wave|p2a: Uncle Max
|-status|p2a: Uncle Max|par
|
|turn|4
|
|switch|p1a: Kyurem|Kyurem, shiny|405\/405
|-ability|p1a: Kyurem|Pressure
|switch|p2a: Calvin|Victini, shiny|403\/403
|
|turn|5
|
|switch|p2a: Mr. Bun|Azumarill, M, shiny|388\/388
|move|p1a: Kyurem|Earth Power|p2a: Mr. Bun
|-damage|p2a: Mr. Bun|305\/388
|
|turn|6
|
|switch|p1a: Tentacruel|Tentacruel, M|364\/364
|move|p2a: Mr. Bun|Play Rough|p1a: Tentacruel
|-resisted|p1a: Tentacruel
|-damage|p1a: Tentacruel|217\/364
|
|-heal|p1a: Tentacruel|239\/364|[from] item: Leftovers
|turn|7
|
|switch|p2a: Rosalyn|Gardevoir, F|278\/278
|move|p1a: Tentacruel|Scald|p2a: Rosalyn
|-damage|p2a: Rosalyn|202\/278
|-status|p2a: Rosalyn|brn
|-status|p1a: Tentacruel|brn
|
|-heal|p1a: Tentacruel|261\/364 brn|[from] item: Leftovers
|-damage|p2a: Rosalyn|168\/278 brn|[from] brn
|-damage|p1a: Tentacruel|216\/364 brn|[from] brn
|turn|8
|
|detailschange|p2a: Rosalyn|Gardevoir-Mega, F
|message|Gardevoir has Mega Evolved into Mega Gardevoir!
|move|p2a: Rosalyn|Psyshock|p1a: Tentacruel
|-supereffective|p1a: Tentacruel
|-damage|p1a: Tentacruel|0 fnt
|faint|p1a: Tentacruel
|
|-damage|p2a: Rosalyn|134\/278 brn|[from] brn
|
|switch|p1a: Lucario|Lucario, F|281\/281
|turn|9
|
|switch|p2a: Calvin|Victini, shiny|403\/403
|move|p1a: Lucario|Extreme Speed|p2a: Calvin
|-damage|p2a: Calvin|290\/403
|-damage|p1a: Lucario|253\/281|[from] item: Life Orb
|
|-heal|p2a: Calvin|315\/403|[from] item: Leftovers
|turn|10
|
|switch|p1a: Landorus-Therian|Landorus-Therian, M|331\/331
|-ability|p1a: Landorus-Therian|Intimidate|[of] p2a: Calvin
|-unboost|p2a: Calvin|atk|1
|move|p2a: Calvin|Will-O-Wisp|p1a: Landorus-Therian
|-status|p1a: Landorus-Therian|brn
|
|-heal|p2a: Calvin|340\/403|[from] item: Leftovers
|-damage|p1a: Landorus-Therian|290\/331 brn|[from] brn
|turn|11
|
|switch|p2a: Moe|Ferrothorn, M|351\/351
|move|p1a: Landorus-Therian|Swords Dance|p1a: Landorus-Therian
|-boost|p1a: Landorus-Therian|atk|2
|
|-heal|p1a: Landorus-Therian|310\/331 brn|[from] item: Leftovers
|-damage|p1a: Landorus-Therian|269\/331 brn|[from] brn
|turn|12
|
|move|p1a: Landorus-Therian|Swords Dance|p1a: Landorus-Therian
|-boost|p1a: Landorus-Therian|atk|2
|move|p2a: Moe|Leech Seed|p1a: Landorus-Therian
|-start|p1a: Landorus-Therian|move: Leech Seed
|
|-heal|p1a: Landorus-Therian|289\/331 brn|[from] item: Leftovers
|-damage|p1a: Landorus-Therian|248\/331 brn|[from] Leech Seed|[of] p2a: Moe
|-damage|p1a: Landorus-Therian|207\/331 brn|[from] brn
|turn|13
|
|move|p1a: Landorus-Therian|Rock Polish|p1a: Landorus-Therian
|-boost|p1a: Landorus-Therian|spe|2
|move|p2a: Moe|Stealth Rock|p1a: Landorus-Therian
|-sidestart|p1: New Light|move: Stealth Rock
|
|-heal|p1a: Landorus-Therian|227\/331 brn|[from] item: Leftovers
|-damage|p1a: Landorus-Therian|186\/331 brn|[from] Leech Seed|[of] p2a: Moe
|-damage|p1a: Landorus-Therian|145\/331 brn|[from] brn
|turn|14
|
|move|p2a: Moe|Protect|p2a: Moe
|-singleturn|p2a: Moe|Protect
|move|p1a: Landorus-Therian|Earthquake|p2a: Moe
|-activate|p2a: Moe|Protect
|
|-heal|p1a: Landorus-Therian|165\/331 brn|[from] item: Leftovers
|-damage|p1a: Landorus-Therian|124\/331 brn|[from] Leech Seed|[of] p2a: Moe
|-damage|p1a: Landorus-Therian|83\/331 brn|[from] brn
|turn|15
|
|switch|p2a: Hobbes|Landorus-Therian, M|227\/320
|-ability|p2a: Hobbes|Intimidate|[of] p1a: Landorus-Therian
|-unboost|p1a: Landorus-Therian|atk|1
|move|p1a: Landorus-Therian|Earthquake|p2a: Hobbes
|-immune|p2a: Hobbes|[msg]
|
|-heal|p1a: Landorus-Therian|103\/331 brn|[from] item: Leftovers
|-damage|p1a: Landorus-Therian|62\/331 brn|[from] Leech Seed|[of] p2a: Hobbes
|-heal|p2a: Hobbes|268\/320|[silent]
|-damage|p1a: Landorus-Therian|21\/331 brn|[from] brn
|turn|16
|
|switch|p2a: Moe|Ferrothorn, M|351\/351
|move|p1a: Landorus-Therian|Stone Edge|p2a: Moe
|-resisted|p2a: Moe
|-damage|p2a: Moe|290\/351
|
|-heal|p1a: Landorus-Therian|41\/331 brn|[from] item: Leftovers
|-heal|p2a: Moe|311\/351|[from] item: Leftovers
|-damage|p1a: Landorus-Therian|0 fnt|[from] Leech Seed|[of] p2a: Moe
|-heal|p2a: Moe|351\/351|[silent]
|faint|p1a: Landorus-Therian
|
|switch|p1a: Kyurem|Kyurem, shiny|405\/405
|-damage|p1a: Kyurem|304\/405|[from] Stealth Rock
|-ability|p1a: Kyurem|Pressure
|turn|17
|
|move|p2a: Moe|Protect|p2a: Moe
|-singleturn|p2a: Moe|Protect
|move|p1a: Kyurem|Substitute|p1a: Kyurem
|-start|p1a: Kyurem|Substitute
|-damage|p1a: Kyurem|203\/405
|
|-heal|p1a: Kyurem|228\/405|[from] item: Leftovers
|turn|18
|
|move|p1a: Kyurem|Roost|p1a: Kyurem
|-heal|p1a: Kyurem|405\/405
|move|p2a: Moe|Gyro Ball|p1a: Kyurem
|-supereffective|p1a: Kyurem
|-end|p1a: Kyurem|Substitute
|
|turn|19
|
|move|p1a: Kyurem|Substitute|p1a: Kyurem
|-start|p1a: Kyurem|Substitute
|-damage|p1a: Kyurem|304\/405
|move|p2a: Moe|Leech Seed|p1a: Kyurem
|
|-heal|p1a: Kyurem|329\/405|[from] item: Leftovers
|turn|20
|
|move|p1a: Kyurem|Ice Beam|p2a: Moe
|-damage|p2a: Moe|227\/351
|move|p2a: Moe|Gyro Ball|p1a: Kyurem
|-supereffective|p1a: Kyurem
|-end|p1a: Kyurem|Substitute
|
|-heal|p1a: Kyurem|354\/405|[from] item: Leftovers
|-heal|p2a: Moe|248\/351|[from] item: Leftovers
|turn|21
|
|switch|p2a: Mr. Bun|Azumarill, M, shiny|305\/388
|move|p1a: Kyurem|Ice Beam|p2a: Mr. Bun
|-resisted|p2a: Mr. Bun
|-damage|p2a: Mr. Bun|245\/388
|
|-heal|p1a: Kyurem|379\/405|[from] item: Leftovers
|turn|22
|join|OU F4Nâ¬Â¥ Huh?
|
|move|p1a: Kyurem|Substitute|p1a: Kyurem
|-start|p1a: Kyurem|Substitute
|-damage|p1a: Kyurem|278\/405
|move|p2a: Mr. Bun|Play Rough|p1a: Kyurem
|-supereffective|p1a: Kyurem
|-end|p1a: Kyurem|Substitute
|
|-heal|p1a: Kyurem|303\/405|[from] item: Leftovers
|turn|23
|
|move|p1a: Kyurem|Substitute|p1a: Kyurem
|-start|p1a: Kyurem|Substitute
|-damage|p1a: Kyurem|202\/405
|move|p2a: Mr. Bun|Play Rough|p1a: Kyurem
|-supereffective|p1a: Kyurem
|-end|p1a: Kyurem|Substitute
|
|-heal|p1a: Kyurem|227\/405|[from] item: Leftovers
|turn|24
|
|move|p1a: Kyurem|Substitute|p1a: Kyurem
|-start|p1a: Kyurem|Substitute
|-damage|p1a: Kyurem|126\/405
|move|p2a: Mr. Bun|Play Rough|p1a: Kyurem
|-supereffective|p1a: Kyurem
|-end|p1a: Kyurem|Substitute
|
|-heal|p1a: Kyurem|151\/405|[from] item: Leftovers
|turn|25
|
|move|p1a: Kyurem|Substitute|p1a: Kyurem
|-start|p1a: Kyurem|Substitute
|-damage|p1a: Kyurem|50\/405
|move|p2a: Mr. Bun|Play Rough|p1a: Kyurem
|-supereffective|p1a: Kyurem
|-end|p1a: Kyurem|Substitute
|
|-heal|p1a: Kyurem|75\/405|[from] item: Leftovers
|turn|26
|
|move|p1a: Kyurem|Roost|p1a: Kyurem
|-heal|p1a: Kyurem|278\/405
|move|p2a: Mr. Bun|Play Rough|p1a: Kyurem
|-supereffective|p1a: Kyurem
|-damage|p1a: Kyurem|0 fnt
|faint|p1a: Kyurem
|
|
|switch|p1a: Clefable|Clefable, M|394\/394
|-damage|p1a: Clefable|345\/394|[from] Stealth Rock
|turn|27
|
|switch|p2a: Calvin|Victini, shiny|340\/403
|move|p1a: Clefable|Wish|p1a: Clefable
|
|-heal|p2a: Calvin|365\/403|[from] item: Leftovers
|-heal|p1a: Clefable|369\/394|[from] item: Leftovers
|turn|28
|
|move|p2a: Calvin|Taunt|p1a: Clefable
|-start|p1a: Clefable|move: Taunt
|cant|p1a: Clefable|move: Taunt|Thunder Wave
|
|-heal|p1a: Clefable|394\/394|[from] move: Wish|[wisher] Clefable
|-heal|p2a: Calvin|390\/403|[from] item: Leftovers
|turn|29
|
|move|p2a: Calvin|V-create|p1a: Clefable
|-damage|p1a: Clefable|168\/394
|-unboost|p2a: Calvin|def|1
|-unboost|p2a: Calvin|spd|1
|-unboost|p2a: Calvin|spe|1
|move|p1a: Clefable|Moonblast|p2a: Calvin
|-resisted|p2a: Calvin
|-damage|p2a: Calvin|340\/403
|-unboost|p2a: Calvin|spa|1
|
|-heal|p2a: Calvin|365\/403|[from] item: Leftovers
|-heal|p1a: Clefable|192\/394|[from] item: Leftovers
|turn|30
|
|move|p2a: Calvin|V-create|p1a: Clefable
|-damage|p1a: Clefable|0 fnt
|-unboost|p2a: Calvin|def|1
|-unboost|p2a: Calvin|spd|1
|-unboost|p2a: Calvin|spe|1
|faint|p1a: Clefable
|
|-heal|p2a: Calvin|390\/403|[from] item: Leftovers
|
|switch|p1a: Lucario|Lucario, F|253\/281
|-damage|p1a: Lucario|245\/281|[from] Stealth Rock
|turn|31
|
|switch|p2a: Hobbes|Landorus-Therian, M|268\/320
|-ability|p2a: Hobbes|Intimidate|[of] p1a: Lucario
|-unboost|p1a: Lucario|atk|1
|move|p1a: Lucario|Close Combat|p2a: Hobbes
|-resisted|p2a: Hobbes
|-damage|p2a: Hobbes|174\/320
|-unboost|p1a: Lucario|def|1
|-unboost|p1a: Lucario|spd|1
|-damage|p1a: Lucario|217\/281|[from] item: Life Orb
|
|turn|32
|
|move|p2a: Hobbes|Earthquake|p1a: Lucario
|-supereffective|p1a: Lucario
|-damage|p1a: Lucario|0 fnt
|faint|p1a: Lucario
|
|win|The Shrike
|raw|Ladder updating...
|raw|New Light's rating: 1866 &rarr; <strong>1833<\/strong><br \/>(-33 for losing)
|raw|The Shrike's rating: 1596 &rarr; <strong>1629<\/strong><br \/>(+33 for winning)
|c|âThe Shrike|gg
|leave|New Light
|player|p1
|leave|OU F4Nâ¬Â¥ Huh?