|join|New Light
|join|Heisenberg94
|player|p1|New Light|156
|player|p2|Heisenberg94|102
|gametype|singles
|gen|6
|tier|OU
|rated
|clearpoke
|poke|p1|Keldeo
|poke|p1|Metagross
|poke|p1|Skarmory, M
|poke|p1|Tyranitar, F
|poke|p1|Kyurem-Black, shiny
|poke|p1|Slowbro, F, shiny
|poke|p2|Slowbro, M
|poke|p2|Landorus-Therian, M
|poke|p2|Latias, F
|poke|p2|Bisharp, F
|poke|p2|Magnezone
|poke|p2|Keldeo
|rule|Swagger Clause: Swagger is banned
|rule|Baton Pass Clause: Limit one PokÃ©mon knowing Baton Pass
|rule|Sleep Clause Mod: Limit one foe put to sleep
|rule|Species Clause: Limit one of each PokÃ©mon
|rule|OHKO Clause: OHKO moves are banned
|rule|Moody Clause: Moody is banned
|rule|Evasion Moves Clause: Evasion moves are banned
|rule|Endless Battle Clause: Forcing endless battles is banned
|rule|HP Percentage Mod: HP is shown in percentages
|teampreview
|
|start
|switch|p1a: Kyurem-Black|Kyurem-Black, shiny|391\/391
|switch|p2a: Landorus-Therian|Landorus-Therian, M|319\/319
|-ability|p2a: Landorus-Therian|Intimidate|[of] p1a: Kyurem-Black
|-unboost|p1a: Kyurem-Black|atk|1
|-ability|p1a: Kyurem-Black|Teravolt
|turn|1
|
|move|p2a: Landorus-Therian|U-turn|p1a: Kyurem-Black
|-damage|p1a: Kyurem-Black|283\/391
|
|switch|p2a: Magnezone|Magnezone|324\/324
|move|p1a: Kyurem-Black|Ice Beam|p2a: Magnezone
|-resisted|p2a: Magnezone
|-damage|p2a: Magnezone|234\/324
|
|-heal|p1a: Kyurem-Black|307\/391|[from] item: Leftovers
|turn|2
|
|switch|p1a: Metagross|Metagross|301\/301
|move|p2a: Magnezone|Volt Switch|p1a: Metagross
|-damage|p1a: Metagross|76\/301
|
|switch|p2a: Landorus-Therian|Landorus-Therian, M|319\/319
|-ability|p2a: Landorus-Therian|Intimidate|[of] p1a: Metagross
|-fail|p1a: Metagross|unboost|[from] ability: Clear Body|[of] p1a: Metagross
|
|turn|3
|
|switch|p1a: Slowbro|Slowbro, F, shiny|394\/394
|move|p2a: Landorus-Therian|Stealth Rock|p1a: Slowbro
|-sidestart|p1: New Light|move: Stealth Rock
|
|turn|4
|
|switch|p2a: Magnezone|Magnezone|234\/324
|move|p1a: Slowbro|Scald|p2a: Magnezone
|-damage|p2a: Magnezone|129\/324
|-status|p2a: Magnezone|brn
|
|-damage|p2a: Magnezone|89\/324 brn|[from] brn
|turn|5
|
|switch|p1a: Tyranitar|Tyranitar, F|404\/404
|-damage|p1a: Tyranitar|354\/404|[from] Stealth Rock
|-weather|Sandstorm
|move|p2a: Magnezone|Thunderbolt|p1a: Tyranitar
|-damage|p1a: Tyranitar|224\/404
|
|-weather|Sandstorm|[upkeep]
|-heal|p1a: Tyranitar|249\/404|[from] item: Leftovers
|-damage|p2a: Magnezone|49\/324 brn|[from] brn
|turn|6
|
|switch|p2a: Landorus-Therian|Landorus-Therian, M|319\/319
|-ability|p2a: Landorus-Therian|Intimidate|[of] p1a: Tyranitar
|-unboost|p1a: Tyranitar|atk|1
|move|p1a: Tyranitar|Stealth Rock|p2a: Landorus-Therian
|-sidestart|p2: Heisenberg94|move: Stealth Rock
|
|-weather|Sandstorm|[upkeep]
|-heal|p1a: Tyranitar|274\/404|[from] item: Leftovers
|turn|7
|
|switch|p1a: Slowbro|Slowbro, F, shiny|394\/394
|-damage|p1a: Slowbro|345\/394|[from] Stealth Rock
|move|p2a: Landorus-Therian|U-turn|p1a: Slowbro
|-supereffective|p1a: Slowbro
|-damage|p1a: Slowbro|201\/394
|
|switch|p2a: Latias|Latias, F|364\/364
|-damage|p2a: Latias|319\/364|[from] Stealth Rock
|
|-weather|Sandstorm|[upkeep]
|-damage|p2a: Latias|297\/364|[from] sandstorm
|-damage|p1a: Slowbro|177\/394|[from] sandstorm
|-heal|p2a: Latias|319\/364|[from] item: Leftovers
|-heal|p1a: Slowbro|201\/394|[from] item: Leftovers
|turn|8
|
|move|p2a: Latias|Dragon Pulse|p1a: Slowbro
|-damage|p1a: Slowbro|65\/394
|move|p1a: Slowbro|Thunder Wave|p2a: Latias
|-status|p2a: Latias|par
|
|-weather|Sandstorm|[upkeep]
|-damage|p1a: Slowbro|41\/394|[from] sandstorm
|-damage|p2a: Latias|297\/364 par|[from] sandstorm
|-heal|p1a: Slowbro|65\/394|[from] item: Leftovers
|-heal|p2a: Latias|319\/364 par|[from] item: Leftovers
|turn|9
|
|switch|p1a: Tyranitar|Tyranitar, F|274\/404
|-damage|p1a: Tyranitar|224\/404|[from] Stealth Rock
|move|p2a: Latias|Defog|p1a: Tyranitar
|-unboost|p1a: Tyranitar|evasion|1
|-sideend|p1: New Light|Stealth Rock|[from] move: Defog|[of] p1a: Tyranitar
|-sideend|p2: Heisenberg94|Stealth Rock|[from] move: Defog|[of] p2a: Latias
|
|-weather|none
|-heal|p1a: Tyranitar|249\/404|[from] item: Leftovers
|-heal|p2a: Latias|341\/364 par|[from] item: Leftovers
|turn|10
|
|switch|p2a: Landorus-Therian|Landorus-Therian, M|319\/319
|-ability|p2a: Landorus-Therian|Intimidate|[of] p1a: Tyranitar
|-unboost|p1a: Tyranitar|atk|1
|move|p1a: Tyranitar|Stealth Rock|p2a: Landorus-Therian
|-sidestart|p2: Heisenberg94|move: Stealth Rock
|
|-heal|p1a: Tyranitar|274\/404|[from] item: Leftovers
|turn|11
|
|switch|p1a: Slowbro|Slowbro, F, shiny|196\/394
|move|p2a: Landorus-Therian|Earthquake|p1a: Slowbro
|-crit|p1a: Slowbro
|-damage|p1a: Slowbro|0 fnt
|faint|p1a: Slowbro
|
|
|switch|p1a: Kyurem-Black|Kyurem-Black, shiny|307\/391
|-ability|p1a: Kyurem-Black|Teravolt
|turn|12
|
|move|p2a: Landorus-Therian|Earthquake|p1a: Kyurem-Black
|-damage|p1a: Kyurem-Black|88\/391
|move|p1a: Kyurem-Black|Ice Beam|p2a: Landorus-Therian
|-supereffective|p2a: Landorus-Therian
|-damage|p2a: Landorus-Therian|0 fnt
|faint|p2a: Landorus-Therian
|
|-heal|p1a: Kyurem-Black|112\/391|[from] item: Leftovers
|
|switch|p2a: Latias|Latias, F|341\/364 par
|-damage|p2a: Latias|296\/364 par|[from] Stealth Rock
|turn|13
|
|move|p1a: Kyurem-Black|Substitute|p1a: Kyurem-Black
|-start|p1a: Kyurem-Black|Substitute
|-damage|p1a: Kyurem-Black|15\/391
|move|p2a: Latias|Defog|p1a: Kyurem-Black
|-sideend|p2: Heisenberg94|Stealth Rock|[from] move: Defog|[of] p2a: Latias
|
|-heal|p1a: Kyurem-Black|39\/391|[from] item: Leftovers
|-heal|p2a: Latias|318\/364 par|[from] item: Leftovers
|turn|14
|
|move|p1a: Kyurem-Black|Fusion Bolt|p2a: Latias
|-resisted|p2a: Latias
|-damage|p2a: Latias|253\/364 par
|move|p2a: Latias|Healing Wish|p2a: Latias
|faint|p2a: Latias
|
|-heal|p1a: Kyurem-Black|63\/391|[from] item: Leftovers
|
|switch|p2a: Magnezone|Magnezone|49\/324 brn
|-heal|p2a: Magnezone|324\/324|[from] move: Healing Wish
|turn|15
|
|switch|p2a: Slowbro|Slowbro, M|393\/393
|move|p1a: Kyurem-Black|Earth Power|p2a: Slowbro
|-damage|p2a: Slowbro|269\/393
|
|-heal|p1a: Kyurem-Black|87\/391|[from] item: Leftovers
|turn|16
|
|switch|p2a: Keldeo|Keldeo|323\/323
|move|p1a: Kyurem-Black|Fusion Bolt|p2a: Keldeo
|-supereffective|p2a: Keldeo
|-damage|p2a: Keldeo|37\/323
|
|-heal|p2a: Keldeo|57\/323|[from] item: Leftovers
|-heal|p1a: Kyurem-Black|111\/391|[from] item: Leftovers
|turn|17
|
|move|p2a: Keldeo|Secret Sword|p1a: Kyurem-Black
|-crit|p1a: Kyurem-Black
|-supereffective|p1a: Kyurem-Black
|-end|p1a: Kyurem-Black|Substitute
|move|p1a: Kyurem-Black|Fusion Bolt|p2a: Keldeo
|-supereffective|p2a: Keldeo
|-damage|p2a: Keldeo|0 fnt
|faint|p2a: Keldeo
|
|-heal|p1a: Kyurem-Black|135\/391|[from] item: Leftovers
|
|switch|p2a: Bisharp|Bisharp, F|273\/273
|turn|18
|
|switch|p1a: Skarmory|Skarmory, M|333\/333
|move|p2a: Bisharp|Sucker Punch|p1a: Skarmory
|-fail|p1a: Skarmory
|
|turn|19
|
|switch|p2a: Magnezone|Magnezone|324\/324
|move|p1a: Skarmory|Spikes|p2a: Magnezone
|-sidestart|p2: Heisenberg94|Spikes
|
|turn|20
|
|move|p1a: Skarmory|Spikes|p2a: Magnezone
|-sidestart|p2: Heisenberg94|Spikes
|move|p2a: Magnezone|Volt Switch|p1a: Skarmory
|-supereffective|p1a: Skarmory
|-activate|p1a: Skarmory|Sturdy
|-damage|p1a: Skarmory|1\/333
|
|switch|p2a: Slowbro|Slowbro, M|393\/393
|-damage|p2a: Slowbro|328\/393|[from] Spikes
|
|turn|21
|
|move|p2a: Slowbro|Calm Mind|p2a: Slowbro
|-boost|p2a: Slowbro|spa|1
|-boost|p2a: Slowbro|spd|1
|move|p1a: Skarmory|Whirlwind|p2a: Slowbro
|drag|p2a: Magnezone|Magnezone|324\/324
|-damage|p2a: Magnezone|270\/324|[from] Spikes
|
|turn|22
|
|move|p1a: Skarmory|Spikes|p2a: Magnezone
|-sidestart|p2: Heisenberg94|Spikes
|move|p2a: Magnezone|Volt Switch|p1a: Skarmory
|-supereffective|p1a: Skarmory
|-damage|p1a: Skarmory|0 fnt
|faint|p1a: Skarmory
|
|switch|p2a: Bisharp|Bisharp, F|273\/273
|-damage|p2a: Bisharp|205\/273|[from] Spikes
|
|
|switch|p1a: Keldeo|Keldeo|323\/323
|turn|23
|
|switch|p2a: Slowbro|Slowbro, M|393\/393
|-damage|p2a: Slowbro|295\/393|[from] Spikes
|move|p1a: Keldeo|Scald|p2a: Slowbro
|-resisted|p2a: Slowbro
|-damage|p2a: Slowbro|168\/393
|
|turn|24
|
|detailschange|p2a: Slowbro|Slowbro-Mega, M
|-mega|p2a: Slowbro|Slowbro|Slowbronite
|move|p1a: Keldeo|Scald|p2a: Slowbro
|-resisted|p2a: Slowbro
|-damage|p2a: Slowbro|49\/393
|move|p2a: Slowbro|Rest|p2a: Slowbro
|-status|p2a: Slowbro|slp
|-heal|p2a: Slowbro|393\/393 slp|[silent]
|-status|p2a: Slowbro|slp|[from] move: Rest
|
|turn|25
|
|switch|p1a: Kyurem-Black|Kyurem-Black, shiny|135\/391
|-ability|p1a: Kyurem-Black|Teravolt
|cant|p2a: Slowbro|slp
|move|p2a: Slowbro|Sleep Talk|p2a: Slowbro
|move|p2a: Slowbro|Scald|p1a: Kyurem-Black|[from]Sleep Talk
|-resisted|p1a: Kyurem-Black
|-damage|p1a: Kyurem-Black|61\/391
|
|-heal|p1a: Kyurem-Black|85\/391|[from] item: Leftovers
|turn|26
|
|move|p1a: Kyurem-Black|Fusion Bolt|p2a: Slowbro
|-supereffective|p2a: Slowbro
|-damage|p2a: Slowbro|269\/393 slp
|cant|p2a: Slowbro|slp
|move|p2a: Slowbro|Sleep Talk|p2a: Slowbro
|move|p2a: Slowbro|Calm Mind|p2a: Slowbro|[from]Sleep Talk
|-boost|p2a: Slowbro|spa|1
|-boost|p2a: Slowbro|spd|1
|
|-heal|p1a: Kyurem-Black|109\/391|[from] item: Leftovers
|turn|27
|
|move|p1a: Kyurem-Black|Fusion Bolt|p2a: Slowbro
|-supereffective|p2a: Slowbro
|-damage|p2a: Slowbro|139\/393 slp
|-curestatus|p2a: Slowbro|slp
|move|p2a: Slowbro|Calm Mind|p2a: Slowbro
|-boost|p2a: Slowbro|spa|1
|-boost|p2a: Slowbro|spd|1
|
|-heal|p1a: Kyurem-Black|133\/391|[from] item: Leftovers
|turn|28
|
|move|p1a: Kyurem-Black|Fusion Bolt|p2a: Slowbro
|-supereffective|p2a: Slowbro
|-damage|p2a: Slowbro|5\/393
|move|p2a: Slowbro|Rest|p2a: Slowbro
|-status|p2a: Slowbro|slp
|-heal|p2a: Slowbro|393\/393 slp|[silent]
|-status|p2a: Slowbro|slp|[from] move: Rest
|
|-heal|p1a: Kyurem-Black|157\/391|[from] item: Leftovers
|turn|29
|
|move|p1a: Kyurem-Black|Fusion Bolt|p2a: Slowbro
|-supereffective|p2a: Slowbro
|-damage|p2a: Slowbro|277\/393 slp
|cant|p2a: Slowbro|slp
|move|p2a: Slowbro|Sleep Talk|p2a: Slowbro
|move|p2a: Slowbro|Calm Mind|p2a: Slowbro|[from]Sleep Talk
|-boost|p2a: Slowbro|spa|1
|-boost|p2a: Slowbro|spd|1
|
|-heal|p1a: Kyurem-Black|181\/391|[from] item: Leftovers
|turn|30
|
|move|p1a: Kyurem-Black|Fusion Bolt|p2a: Slowbro
|-supereffective|p2a: Slowbro
|-damage|p2a: Slowbro|161\/393 slp
|cant|p2a: Slowbro|slp
|move|p2a: Slowbro|Sleep Talk|p2a: Slowbro
|move|p2a: Slowbro|Rest|p2a: Slowbro|[from]Sleep Talk
|-fail|p2a: Slowbro
|
|-heal|p1a: Kyurem-Black|205\/391|[from] item: Leftovers
|turn|31
|
|move|p1a: Kyurem-Black|Earth Power|p2a: Slowbro
|-damage|p2a: Slowbro|103\/393 slp
|-curestatus|p2a: Slowbro|slp
|move|p2a: Slowbro|Rest|p2a: Slowbro
|-status|p2a: Slowbro|slp
|-heal|p2a: Slowbro|393\/393 slp|[silent]
|-status|p2a: Slowbro|slp|[from] move: Rest
|
|-heal|p1a: Kyurem-Black|229\/391|[from] item: Leftovers
|turn|32
|
|switch|p1a: Tyranitar|Tyranitar, F|274\/404
|-weather|Sandstorm
|cant|p2a: Slowbro|slp
|move|p2a: Slowbro|Sleep Talk|p2a: Slowbro
|move|p2a: Slowbro|Scald|p1a: Tyranitar|[from]Sleep Talk
|-supereffective|p1a: Tyranitar
|-damage|p1a: Tyranitar|0 fnt
|faint|p1a: Tyranitar
|
|-weather|Sandstorm|[upkeep]
|-damage|p2a: Slowbro|369\/393 slp|[from] sandstorm
|
|switch|p1a: Metagross|Metagross|76\/301
|turn|33
|
|detailschange|p1a: Metagross|Metagross-Mega
|-mega|p1a: Metagross|Metagross|Metagrossite
|move|p1a: Metagross|Thunder Punch|p2a: Slowbro
|-supereffective|p2a: Slowbro
|-damage|p2a: Slowbro|247\/393 slp
|cant|p2a: Slowbro|slp
|move|p2a: Slowbro|Sleep Talk|p2a: Slowbro
|move|p2a: Slowbro|Calm Mind|p2a: Slowbro|[from]Sleep Talk
|-boost|p2a: Slowbro|spa|1
|-boost|p2a: Slowbro|spd|1
|
|-weather|Sandstorm|[upkeep]
|-damage|p2a: Slowbro|223\/393 slp|[from] sandstorm
|turn|34
|
|move|p1a: Metagross|Thunder Punch|p2a: Slowbro
|-supereffective|p2a: Slowbro
|-damage|p2a: Slowbro|109\/393 slp
|-curestatus|p2a: Slowbro|slp
|move|p2a: Slowbro|Rest|p2a: Slowbro
|-status|p2a: Slowbro|slp
|-heal|p2a: Slowbro|393\/393 slp|[silent]
|-status|p2a: Slowbro|slp|[from] move: Rest
|
|-weather|Sandstorm|[upkeep]
|-damage|p2a: Slowbro|369\/393 slp|[from] sandstorm
|turn|35
|
|move|p1a: Metagross|Meteor Mash|p2a: Slowbro
|-resisted|p2a: Slowbro
|-damage|p2a: Slowbro|315\/393 slp
|cant|p2a: Slowbro|slp
|move|p2a: Slowbro|Sleep Talk|p2a: Slowbro
|move|p2a: Slowbro|Rest|p2a: Slowbro|[from]Sleep Talk
|-fail|p2a: Slowbro
|
|-weather|Sandstorm|[upkeep]
|-damage|p2a: Slowbro|291\/393 slp|[from] sandstorm
|turn|36
|
|move|p1a: Metagross|Thunder Punch|p2a: Slowbro
|-supereffective|p2a: Slowbro
|-damage|p2a: Slowbro|177\/393 slp
|cant|p2a: Slowbro|slp
|move|p2a: Slowbro|Sleep Talk|p2a: Slowbro
|move|p2a: Slowbro|Calm Mind|p2a: Slowbro|[from]Sleep Talk
|-boost|p2a: Slowbro|spa|1
|-boost|p2a: Slowbro|spd|1
|
|-weather|none
|turn|37
|
|move|p1a: Metagross|Thunder Punch|p2a: Slowbro
|-supereffective|p2a: Slowbro
|-damage|p2a: Slowbro|61\/393 slp
|-curestatus|p2a: Slowbro|slp
|move|p2a: Slowbro|Rest|p2a: Slowbro
|-status|p2a: Slowbro|slp
|-heal|p2a: Slowbro|393\/393 slp|[silent]
|-status|p2a: Slowbro|slp|[from] move: Rest
|
|turn|38
|
|move|p1a: Metagross|Thunder Punch|p2a: Slowbro
|-supereffective|p2a: Slowbro
|-damage|p2a: Slowbro|265\/393 slp
|cant|p2a: Slowbro|slp
|move|p2a: Slowbro|Sleep Talk|p2a: Slowbro
|move|p2a: Slowbro|Calm Mind|p2a: Slowbro|[from]Sleep Talk
|-boost|p2a: Slowbro|spa|1
|-boost|p2a: Slowbro|spd|1
|
|turn|39
|
|move|p1a: Metagross|Thunder Punch|p2a: Slowbro
|-supereffective|p2a: Slowbro
|-damage|p2a: Slowbro|153\/393 slp
|cant|p2a: Slowbro|slp
|move|p2a: Slowbro|Sleep Talk|p2a: Slowbro
|move|p2a: Slowbro|Scald|p1a: Metagross|[from]Sleep Talk
|-damage|p1a: Metagross|0 fnt
|faint|p1a: Metagross
|
|c|âHeisenberg94|gg
|
|switch|p1a: Keldeo|Keldeo|323\/323
|turn|40
|
|move|p1a: Keldeo|Secret Sword|p2a: Slowbro
|-resisted|p2a: Slowbro
|-damage|p2a: Slowbro|102\/393 slp
|-curestatus|p2a: Slowbro|slp
|move|p2a: Slowbro|Rest|p2a: Slowbro
|-status|p2a: Slowbro|slp
|-heal|p2a: Slowbro|393\/393 slp|[silent]
|-status|p2a: Slowbro|slp|[from] move: Rest
|
|turn|41
|
|move|p1a: Keldeo|Secret Sword|p2a: Slowbro
|-resisted|p2a: Slowbro
|-damage|p2a: Slowbro|342\/393 slp
|cant|p2a: Slowbro|slp
|move|p2a: Slowbro|Sleep Talk|p2a: Slowbro
|move|p2a: Slowbro|Calm Mind|p2a: Slowbro|[from]Sleep Talk
|-fail|p2a: Slowbro
|
|turn|42
|
|move|p1a: Keldeo|Secret Sword|p2a: Slowbro
|-resisted|p2a: Slowbro
|-damage|p2a: Slowbro|291\/393 slp
|cant|p2a: Slowbro|slp
|move|p2a: Slowbro|Sleep Talk|p2a: Slowbro
|move|p2a: Slowbro|Scald|p1a: Keldeo|[from]Sleep Talk
|-resisted|p1a: Keldeo
|-damage|p1a: Keldeo|65\/323
|
|turn|43
|
|move|p1a: Keldeo|Secret Sword|p2a: Slowbro
|-resisted|p2a: Slowbro
|-damage|p2a: Slowbro|242\/393 slp
|-curestatus|p2a: Slowbro|slp
|move|p2a: Slowbro|Scald|p1a: Keldeo
|-resisted|p1a: Keldeo
|-damage|p1a: Keldeo|0 fnt
|faint|p1a: Keldeo
|
|
|switch|p1a: Kyurem-Black|Kyurem-Black, shiny|229\/391
|-ability|p1a: Kyurem-Black|Teravolt
|turn|44
|
|move|p1a: Kyurem-Black|Substitute|p1a: Kyurem-Black
|-start|p1a: Kyurem-Black|Substitute
|-damage|p1a: Kyurem-Black|132\/391
|move|p2a: Slowbro|Scald|p1a: Kyurem-Black
|-resisted|p1a: Kyurem-Black
|-end|p1a: Kyurem-Black|Substitute
|
|-heal|p1a: Kyurem-Black|156\/391|[from] item: Leftovers
|turn|45
|
|move|p1a: Kyurem-Black|Substitute|p1a: Kyurem-Black
|-start|p1a: Kyurem-Black|Substitute
|-damage|p1a: Kyurem-Black|59\/391
|move|p2a: Slowbro|Scald|p1a: Kyurem-Black
|-resisted|p1a: Kyurem-Black
|-end|p1a: Kyurem-Black|Substitute
|
|-heal|p1a: Kyurem-Black|83\/391|[from] item: Leftovers
|turn|46
|
|move|p1a: Kyurem-Black|Ice Beam|p2a: Slowbro
|-resisted|p2a: Slowbro
|-damage|p2a: Slowbro|216\/393
|move|p2a: Slowbro|Scald|p1a: Kyurem-Black
|-resisted|p1a: Kyurem-Black
|-damage|p1a: Kyurem-Black|0 fnt
|faint|p1a: Kyurem-Black
|
|win|Heisenberg94
|raw|Ladder updating...
|raw|New Light's rating: 1671 &rarr; <strong>1640<\/strong><br \/>(-31 for losing)
|raw|Heisenberg94's rating: 1473 &rarr; <strong>1503<\/strong><br \/>(+30 for winning)
|leave|New Light
|player|p1