|join|jakapoke
|join|New Light
|player|p1|jakapoke|265
|player|p2|New Light|156
|gametype|singles
|gen|6
|tier|OU
|rated
|clearpoke
|poke|p1|Lopunny, F
|poke|p1|Skarmory, M
|poke|p1|Breloom, M
|poke|p1|Azumarill, M
|poke|p1|Bisharp, M
|poke|p1|Gengar, M
|poke|p2|Ninetales, M, shiny
|poke|p2|Mandibuzz, F
|poke|p2|Dugtrio, F
|poke|p2|Venusaur, M
|poke|p2|Charizard, F, shiny
|poke|p2|Victini
|rule|Swagger Clause: Swagger is banned
|rule|Baton Pass Clause: Limit one PokÃ©mon knowing Baton Pass
|rule|Sleep Clause Mod: Limit one foe put to sleep
|rule|Species Clause: Limit one of each PokÃ©mon
|rule|OHKO Clause: OHKO moves are banned
|rule|Moody Clause: Moody is banned
|rule|Evasion Moves Clause: Evasion moves are banned
|rule|Endless Battle Clause: Forcing endless battles is banned
|rule|HP Percentage Mod: HP is shown in percentages
|teampreview
|
|start
|switch|p1a: Skarmory|Skarmory, M|271\/271
|switch|p2a: Ninetales|Ninetales, M, shiny|349\/349
|-weather|SunnyDay
|turn|1
|
|move|p2a: Ninetales|Flamethrower|p1a: Skarmory
|-supereffective|p1a: Skarmory
|-activate|p1a: Skarmory|Sturdy
|-damage|p1a: Skarmory|1\/271
|-enditem|p1a: Skarmory|Salac Berry|[eat]
|-boost|p1a: Skarmory|spe|1|[from] item: Salac Berry
|move|p1a: Skarmory|Stealth Rock|p2a: Ninetales
|-sidestart|p2: New Light|move: Stealth Rock
|
|-weather|SunnyDay|[upkeep]
|turn|2
|
|move|p1a: Skarmory|Brave Bird|p2a: Ninetales
|-damage|p2a: Ninetales|144\/349
|-damage|p1a: Skarmory|0 fnt|[from] recoil|[of] p2a: Ninetales
|faint|p1a: Skarmory
|move|p2a: Ninetales|Flamethrower|p1: Skarmory|[notarget]
|-notarget
|
|-weather|SunnyDay|[upkeep]
|
|switch|p1a: Gengar|Gengar, M|261\/261
|turn|3
|
|move|p1a: Gengar|Sludge Wave|p2a: Ninetales
|-damage|p2a: Ninetales|0 fnt
|-damage|p1a: Gengar|235\/261|[from] item: Life Orb
|faint|p2a: Ninetales
|
|-weather|SunnyDay|[upkeep]
|
|switch|p2a: Venusaur|Venusaur, M|301\/301
|-damage|p2a: Venusaur|264\/301|[from] Stealth Rock
|turn|4
|
|move|p2a: Venusaur|Growth|p2a: Venusaur
|-boost|p2a: Venusaur|atk|2
|-boost|p2a: Venusaur|spa|2
|move|p1a: Gengar|Sludge Wave|p2a: Venusaur
|-damage|p2a: Venusaur|33\/301
|-damage|p1a: Gengar|209\/261|[from] item: Life Orb
|
|-weather|SunnyDay|[upkeep]
|turn|5
|
|move|p2a: Venusaur|Hidden Power|p1a: Gengar
|-damage|p1a: Gengar|0 fnt
|-damage|p2a: Venusaur|3\/301|[from] item: Life Orb
|faint|p1a: Gengar
|
|-weather|SunnyDay|[upkeep]
|
|switch|p1a: Lopunny|Lopunny, F|271\/271
|turn|6
|
|switch|p2a: Mandibuzz|Mandibuzz, F|423\/423
|-damage|p2a: Mandibuzz|318\/423|[from] Stealth Rock
|detailschange|p1a: Lopunny|Lopunny-Mega, F
|-mega|p1a: Lopunny|Lopunny|Lopunnite
|move|p1a: Lopunny|Fake Out|p2a: Mandibuzz
|-damage|p2a: Mandibuzz|267\/423
|-damage|p1a: Lopunny|226\/271|[from] item: Rocky Helmet|[of] p2a: Mandibuzz
|
|-weather|SunnyDay|[upkeep]
|turn|7
|
|switch|p1a: Bisharp|Bisharp, M|272\/272
|move|p2a: Mandibuzz|Defog|p1a: Bisharp
|-unboost|p1a: Bisharp|evasion|1
|-boost|p1a: Bisharp|atk|2|[from] ability: Defiant
|-sideend|p2: New Light|Stealth Rock|[from] move: Defog|[of] p2a: Mandibuzz
|
|-weather|SunnyDay|[upkeep]
|turn|8
|
|move|p1a: Bisharp|Iron Head|p2a: Mandibuzz
|-damage|p2a: Mandibuzz|0 fnt
|-damage|p1a: Bisharp|227\/272|[from] item: Rocky Helmet|[of] p2a: Mandibuzz
|-damage|p1a: Bisharp|200\/272|[from] item: Life Orb
|faint|p2a: Mandibuzz
|
|-weather|none
|
|switch|p2a: Dugtrio|Dugtrio, F|211\/211
|turn|9
|
|move|p2a: Dugtrio|Earthquake|p1a: Bisharp
|-supereffective|p1a: Bisharp
|-damage|p1a: Bisharp|0 fnt
|faint|p1a: Bisharp
|
|
|switch|p1a: Lopunny|Lopunny-Mega, F|226\/271
|turn|10
|
|switch|p2a: Victini|Victini|341\/341
|move|p1a: Lopunny|Fake Out|p2a: Victini
|-damage|p2a: Victini|265\/341
|
|turn|11
|
|switch|p1a: Breloom|Breloom, M|261\/261
|move|p2a: Victini|V-create|p1a: Breloom
|-supereffective|p1a: Breloom
|-enditem|p1a: Breloom|Focus Sash
|-damage|p1a: Breloom|1\/261
|-unboost|p2a: Victini|def|1
|-unboost|p2a: Victini|spd|1
|-unboost|p2a: Victini|spe|1
|
|turn|12
|
|switch|p2a: Venusaur|Venusaur, M|3\/301
|move|p1a: Breloom|Spore|p2a: Venusaur
|-fail|p2a: Venusaur
|
|turn|13
|
|move|p1a: Breloom|Spore|p2a: Venusaur
|-fail|p2a: Venusaur
|move|p2a: Venusaur|Giga Drain|p1a: Breloom
|-resisted|p1a: Breloom
|-damage|p1a: Breloom|0 fnt
|-heal|p2a: Venusaur|4\/301|[from] drain|[of] p1a: Breloom
|-damage|p2a: Venusaur|0 fnt|[from] item: Life Orb
|faint|p1a: Breloom
|faint|p2a: Venusaur
|
|
|switch|p2a: Charizard|Charizard, F, shiny|297\/297
|switch|p1a: Azumarill|Azumarill, M|358\/358
|turn|14
|
|detailschange|p2a: Charizard|Charizard-Mega-Y, F, shiny
|-mega|p2a: Charizard|Charizard|Charizardite Y
|-weather|SunnyDay
|move|p1a: Azumarill|Aqua Jet|p2a: Charizard
|-supereffective|p2a: Charizard
|-damage|p2a: Charizard|189\/297
|move|p2a: Charizard|Solar Beam|p1a: Azumarill|[still]
|-prepare|p2a: Charizard|Solar Beam|p1a: Azumarill
|-anim|p2a: Charizard|Solar Beam|p1a: Azumarill
|-supereffective|p1a: Azumarill
|-damage|p1a: Azumarill|0 fnt
|faint|p1a: Azumarill
|
|-weather|SunnyDay|[upkeep]
|
|switch|p1a: Lopunny|Lopunny-Mega, F|226\/271
|turn|15
|
|move|p1a: Lopunny|Fake Out|p2a: Charizard
|-damage|p2a: Charizard|104\/297
|cant|p2a: Charizard|flinch
|
|-weather|SunnyDay|[upkeep]
|turn|16
|
|move|p1a: Lopunny|Return|p2a: Charizard
|-crit|p2a: Charizard
|-damage|p2a: Charizard|0 fnt
|faint|p2a: Charizard
|
|-weather|SunnyDay|[upkeep]
|
|switch|p2a: Victini|Victini|265\/341
|turn|17
|
|move|p1a: Lopunny|Return|p2a: Victini
|-damage|p2a: Victini|75\/341
|move|p2a: Victini|V-create|p1a: Lopunny
|-damage|p1a: Lopunny|0 fnt
|-unboost|p2a: Victini|def|1
|-unboost|p2a: Victini|spd|1
|-unboost|p2a: Victini|spe|1
|faint|p1a: Lopunny
|
|win|New Light
|raw|Ladder updating...
|raw|jakapoke's rating: 1640 &rarr; <strong>1625<\/strong><br \/>(-15 for losing)
|raw|New Light's rating: 1736 &rarr; <strong>1750<\/strong><br \/>(+14 for winning)
|leave|jakapoke