|join|CleanerThanRotom-W
|join|New Light
|player|p1|CleanerThanRotom-W|226
|player|p2|New Light|156
|gametype|singles
|gen|6
|tier|OU
|rated
|clearpoke
|poke|p1|Sableye, F
|poke|p1|Chansey, F
|poke|p1|Cresselia, F
|poke|p1|Gothitelle, F
|poke|p1|Skarmory, M
|poke|p1|Quagsire, F
|poke|p2|Ninetales, M, shiny
|poke|p2|Mandibuzz, F
|poke|p2|Dugtrio, M
|poke|p2|Venusaur, M
|poke|p2|Charizard, F, shiny
|poke|p2|Victini
|rule|Swagger Clause: Swagger is banned
|rule|Baton Pass Clause: Limit one PokÃ©mon knowing Baton Pass
|rule|Sleep Clause Mod: Limit one foe put to sleep
|rule|Species Clause: Limit one of each PokÃ©mon
|rule|OHKO Clause: OHKO moves are banned
|rule|Moody Clause: Moody is banned
|rule|Evasion Moves Clause: Evasion moves are banned
|rule|Endless Battle Clause: Forcing endless battles is banned
|rule|HP Percentage Mod: HP is shown in percentages
|teampreview
|join|evolifan3920474025
|
|start
|switch|p1a: Quagsire|Quagsire, F|393\/393
|switch|p2a: Ninetales|Ninetales, M, shiny|349\/349
|-weather|SunnyDay
|turn|1
|c| evolifan3920474025|choice band victini v-create in sun
|c| evolifan3920474025|y\/n
|join|Appreciation
|
|switch|p2a: Charizard|Charizard, F, shiny|297\/297
|switch|p1a: Chansey|Chansey, F|703\/703
|
|-weather|SunnyDay|[upkeep]
|-damage|p2a: Charizard|260\/297|[from] ability: Solar Power
|turn|2
|
|switch|p2a: Victini|Victini|341\/341
|move|p1a: Chansey|Stealth Rock|p2a: Victini
|-sidestart|p2: New Light|move: Stealth Rock
|
|-weather|SunnyDay|[upkeep]
|turn|3
|
|switch|p1a: Cresselia|Cresselia, F|444\/444
|move|p2a: Victini|V-create|p1a: Cresselia
|-damage|p1a: Cresselia|0 fnt
|-unboost|p2a: Victini|def|1
|-unboost|p2a: Victini|spd|1
|-unboost|p2a: Victini|spe|1
|faint|p1a: Cresselia
|
|-weather|SunnyDay|[upkeep]
|c| evolifan3920474025|i said it .-.
|
|switch|p1a: Gothitelle|Gothitelle, F|301\/301
|turn|4
|
|move|p1a: Gothitelle|Trick|p2a: Victini
|-activate|p1a: Gothitelle|move: Trick|[of] p2a: Victini
|-item|p2a: Victini|Choice Scarf|[from] move: Trick
|-item|p1a: Gothitelle|Choice Band|[from] move: Trick
|move|p2a: Victini|V-create|p1a: Gothitelle
|-damage|p1a: Gothitelle|0 fnt
|-unboost|p2a: Victini|def|1
|-unboost|p2a: Victini|spd|1
|-unboost|p2a: Victini|spe|1
|faint|p1a: Gothitelle
|
|-weather|SunnyDay|[upkeep]
|
|switch|p1a: Quagsire|Quagsire, F|393\/393
|turn|5
|c| evolifan3920474025|cleaner, how many does a v-create to quag? ;-;
|
|switch|p2a: Mandibuzz|Mandibuzz, F|423\/423
|-damage|p2a: Mandibuzz|318\/423|[from] Stealth Rock
|switch|p1a: Sableye|Sableye, F|303\/303
|
|-weather|SunnyDay|[upkeep]
|turn|6
|c|âCleanerThanRotom-W|not enough
|
|switch|p2a: Victini|Victini|341\/341
|-damage|p2a: Victini|256\/341|[from] Stealth Rock
|detailschange|p1a: Sableye|Sableye-Mega, F
|-mega|p1a: Sableye|Sableye|Sablenite
|move|p1a: Sableye|Will-O-Wisp|p2a: Victini
|-fail|p2a: Victini
|
|-weather|SunnyDay|[upkeep]
|turn|7
|
|switch|p1a: Quagsire|Quagsire, F|393\/393
|move|p2a: Victini|U-turn|p1a: Quagsire
|-damage|p1a: Quagsire|335\/393
|
|switch|p2a: Mandibuzz|Mandibuzz, F|318\/423
|-damage|p2a: Mandibuzz|213\/423|[from] Stealth Rock
|
|-weather|SunnyDay|[upkeep]
|-heal|p1a: Quagsire|359\/393|[from] item: Leftovers
|turn|8
|
|move|p2a: Mandibuzz|Defog|p1a: Quagsire
|-unboost|p1a: Quagsire|evasion|1
|-sideend|p2: New Light|Stealth Rock|[from] move: Defog|[of] p2a: Mandibuzz
|move|p1a: Quagsire|Toxic|p2a: Mandibuzz
|-status|p2a: Mandibuzz|tox
|
|-weather|none
|-heal|p1a: Quagsire|383\/393|[from] item: Leftovers
|-damage|p2a: Mandibuzz|187\/423 tox|[from] psn
|turn|9
|
|switch|p2a: Ninetales|Ninetales, M, shiny|349\/349
|-weather|SunnyDay
|switch|p1a: Chansey|Chansey, F|703\/703
|
|-weather|SunnyDay|[upkeep]
|turn|10
|
|switch|p2a: Victini|Victini|256\/341
|move|p1a: Chansey|Stealth Rock|p2a: Victini
|-sidestart|p2: New Light|move: Stealth Rock
|
|-weather|SunnyDay|[upkeep]
|turn|11
|
|switch|p1a: Quagsire|Quagsire, F|383\/393
|move|p2a: Victini|Trick|p1a: Quagsire
|-activate|p2a: Victini|move: Trick|[of] p1a: Quagsire
|-item|p1a: Quagsire|Choice Scarf|[from] move: Trick
|-item|p2a: Victini|Leftovers|[from] move: Trick
|
|-weather|SunnyDay|[upkeep]
|-heal|p2a: Victini|277\/341|[from] item: Leftovers
|turn|12
|
|move|p2a: Victini|U-turn|p1a: Quagsire
|-crit|p1a: Quagsire
|-damage|p1a: Quagsire|296\/393
|c| evolifan3920474025|gg?
|c| evolifan3920474025|;-;
|
|switch|p2a: Mandibuzz|Mandibuzz, F|187\/423 tox
|-damage|p2a: Mandibuzz|82\/423 tox|[from] Stealth Rock
|move|p1a: Quagsire|Scald|p2a: Mandibuzz
|-damage|p2a: Mandibuzz|45\/423 tox
|
|-weather|SunnyDay|[upkeep]
|-damage|p2a: Mandibuzz|19\/423 tox|[from] psn
|turn|13
|
|switch|p1a: Chansey|Chansey, F|703\/703
|move|p2a: Mandibuzz|Roost|p2a: Mandibuzz
|-heal|p2a: Mandibuzz|231\/423 tox
|
|-weather|SunnyDay|[upkeep]
|-damage|p2a: Mandibuzz|179\/423 tox|[from] psn
|turn|14
|
|move|p2a: Mandibuzz|Roost|p2a: Mandibuzz
|-heal|p2a: Mandibuzz|391\/423 tox
|move|p1a: Chansey|Seismic Toss|p2a: Mandibuzz
|-damage|p2a: Mandibuzz|291\/423 tox
|-damage|p1a: Chansey|586\/703|[from] item: Rocky Helmet|[of] p2a: Mandibuzz
|
|-weather|SunnyDay|[upkeep]
|-damage|p2a: Mandibuzz|213\/423 tox|[from] psn
|turn|15
|
|move|p2a: Mandibuzz|Defog|p1a: Chansey
|-unboost|p1a: Chansey|evasion|1
|-sideend|p2: New Light|Stealth Rock|[from] move: Defog|[of] p2a: Mandibuzz
|move|p1a: Chansey|Stealth Rock|p2a: Mandibuzz
|-sidestart|p2: New Light|move: Stealth Rock
|
|-weather|SunnyDay|[upkeep]
|-damage|p2a: Mandibuzz|109\/423 tox|[from] psn
|turn|16
|
|move|p2a: Mandibuzz|Taunt|p1a: Chansey
|-start|p1a: Chansey|move: Taunt
|move|p1a: Chansey|Seismic Toss|p2a: Mandibuzz
|-damage|p2a: Mandibuzz|9\/423 tox
|-damage|p1a: Chansey|469\/703|[from] item: Rocky Helmet|[of] p2a: Mandibuzz
|
|-weather|none
|-damage|p2a: Mandibuzz|0 fnt|[from] psn
|faint|p2a: Mandibuzz
|
|switch|p2a: Dugtrio|Dugtrio, M|211\/211
|-damage|p2a: Dugtrio|198\/211|[from] Stealth Rock
|turn|17
|
|move|p2a: Dugtrio|Stealth Rock|p1a: Chansey
|-sidestart|p1: CleanerThanRotom-W|move: Stealth Rock
|move|p1a: Chansey|Seismic Toss|p2a: Dugtrio
|-damage|p2a: Dugtrio|98\/211
|
|turn|18
|c| evolifan3920474025|lel
|c| evolifan3920474025|#Chansweeper
|
|switch|p2a: Victini|Victini|277\/341
|-damage|p2a: Victini|192\/341|[from] Stealth Rock
|move|p1a: Chansey|Seismic Toss|p2a: Victini
|-damage|p2a: Victini|92\/341
|
|-heal|p2a: Victini|113\/341|[from] item: Leftovers
|-end|p1a: Chansey|move: Taunt
|turn|19
|
|switch|p1a: Quagsire|Quagsire, F|296\/393
|-damage|p1a: Quagsire|272\/393|[from] Stealth Rock
|move|p2a: Victini|V-create|p1a: Quagsire
|-resisted|p1a: Quagsire
|-damage|p1a: Quagsire|152\/393
|-unboost|p2a: Victini|def|1
|-unboost|p2a: Victini|spd|1
|-unboost|p2a: Victini|spe|1
|
|-heal|p2a: Victini|134\/341|[from] item: Leftovers
|turn|20
|
|move|p2a: Victini|U-turn|p1a: Quagsire
|-damage|p1a: Quagsire|95\/393
|
|switch|p2a: Ninetales|Ninetales, M, shiny|349\/349
|-damage|p2a: Ninetales|262\/349|[from] Stealth Rock
|-weather|SunnyDay
|move|p1a: Quagsire|Earthquake|p2a: Ninetales
|-supereffective|p2a: Ninetales
|-damage|p2a: Ninetales|0 fnt
|faint|p2a: Ninetales
|
|-weather|SunnyDay|[upkeep]
|
|switch|p2a: Venusaur|Venusaur, M|301\/301
|-damage|p2a: Venusaur|264\/301|[from] Stealth Rock
|turn|21
|
|switch|p1a: Sableye|Sableye-Mega, F|303\/303
|-damage|p1a: Sableye|266\/303|[from] Stealth Rock
|move|p2a: Venusaur|Growth|p2a: Venusaur
|-boost|p2a: Venusaur|atk|2
|-boost|p2a: Venusaur|spa|2
|
|-weather|SunnyDay|[upkeep]
|turn|22
|c| evolifan3920474025|#thesweeper
|
|move|p2a: Venusaur|Growth|p2a: Venusaur
|-boost|p2a: Venusaur|atk|2
|-boost|p2a: Venusaur|spa|2
|move|p1a: Sableye|Will-O-Wisp|p2a: Venusaur
|-status|p2a: Venusaur|brn
|
|-weather|SunnyDay|[upkeep]
|-damage|p2a: Venusaur|227\/301 brn|[from] brn
|turn|23
|
|move|p2a: Venusaur|Giga Drain|p1a: Sableye
|-damage|p1a: Sableye|0 fnt
|-heal|p2a: Venusaur|301\/301 brn|[from] drain|[of] p1a: Sableye
|-damage|p2a: Venusaur|271\/301 brn|[from] item: Life Orb
|faint|p1a: Sableye
|
|-weather|SunnyDay|[upkeep]
|-damage|p2a: Venusaur|234\/301 brn|[from] brn
|
|switch|p1a: Chansey|Chansey, F|469\/703
|-damage|p1a: Chansey|382\/703|[from] Stealth Rock
|turn|24
|
|move|p2a: Venusaur|Sludge Bomb|p1a: Chansey
|-damage|p1a: Chansey|0 fnt
|-damage|p2a: Venusaur|204\/301 brn|[from] item: Life Orb
|faint|p1a: Chansey
|
|-weather|SunnyDay|[upkeep]
|-damage|p2a: Venusaur|167\/301 brn|[from] brn
|-message|CleanerThanRotom-W forfeited.
|leave|CleanerThanRotom-W
|
|win|New Light
|raw|Ladder updating...
|leave|Appreciation
|player|p1
|raw|CleanerThanRotom-W's rating: 1880 &rarr; <strong>1851<\/strong><br \/>(-29 for losing)
|raw|New Light's rating: 1707 &rarr; <strong>1736<\/strong><br \/>(+29 for winning)