|join|New Light
|join|lil manaphy
|player|p1|New Light|156
|player|p2|lil manaphy|9
|gametype|singles
|gen|6
|tier|OU
|rated
|clearpoke
|poke|p1|Ninetales, M, shiny
|poke|p1|Mandibuzz, F
|poke|p1|Dugtrio, F
|poke|p1|Venusaur, F
|poke|p1|Charizard, F, shiny
|poke|p1|Victini
|poke|p2|Gardevoir, M
|poke|p2|Keldeo
|poke|p2|Amoonguss, M
|poke|p2|Chansey, F
|poke|p2|Mandibuzz, F
|poke|p2|Landorus-Therian, M
|rule|Swagger Clause: Swagger is banned
|rule|Baton Pass Clause: Limit one PokÃ©mon knowing Baton Pass
|rule|Sleep Clause Mod: Limit one foe put to sleep
|rule|Species Clause: Limit one of each PokÃ©mon
|rule|OHKO Clause: OHKO moves are banned
|rule|Moody Clause: Moody is banned
|rule|Evasion Moves Clause: Evasion moves are banned
|rule|Endless Battle Clause: Forcing endless battles is banned
|rule|HP Percentage Mod: HP is shown in percentages
|teampreview
|
|start
|switch|p1a: Ninetales|Ninetales, M, shiny|349\/349
|switch|p2a: Landorus-Therian|Landorus-Therian, M|382\/382
|-weather|SunnyDay
|-ability|p2a: Landorus-Therian|Intimidate|[of] p1a: Ninetales
|-unboost|p1a: Ninetales|atk|1
|turn|1
|
|move|p1a: Ninetales|Will-O-Wisp|p2a: Landorus-Therian
|-status|p2a: Landorus-Therian|brn
|move|p2a: Landorus-Therian|Stealth Rock|p1a: Ninetales
|-sidestart|p1: New Light|move: Stealth Rock
|
|-weather|SunnyDay|[upkeep]
|-damage|p2a: Landorus-Therian|335\/382 brn|[from] brn
|turn|2
|
|move|p1a: Ninetales|Will-O-Wisp|p2a: Landorus-Therian
|-fail|p2a: Landorus-Therian|brn
|move|p2a: Landorus-Therian|U-turn|p1a: Ninetales
|-resisted|p1a: Ninetales
|-damage|p1a: Ninetales|324\/349
|
|switch|p2a: Gardevoir|Gardevoir, M|277\/277
|-ability|p2a: Gardevoir|Drought|[from] ability: Trace|[of] p1a: Ninetales
|
|-weather|SunnyDay|[upkeep]
|turn|3
|
|detailschange|p2a: Gardevoir|Gardevoir-Mega, M
|-mega|p2a: Gardevoir|Gardevoir|Gardevoirite
|move|p1a: Ninetales|Flamethrower|p2a: Gardevoir
|-damage|p2a: Gardevoir|174\/277
|move|p2a: Gardevoir|Psyshock|p1a: Ninetales
|-damage|p1a: Ninetales|77\/349
|
|-weather|SunnyDay|[upkeep]
|turn|4
|
|switch|p1a: Dugtrio|Dugtrio, F|211\/211
|-damage|p1a: Dugtrio|198\/211|[from] Stealth Rock
|move|p2a: Gardevoir|Hyper Voice|p1a: Dugtrio
|-damage|p1a: Dugtrio|0 fnt
|faint|p1a: Dugtrio
|
|-weather|SunnyDay|[upkeep]
|
|switch|p1a: Venusaur|Venusaur, F|301\/301
|-damage|p1a: Venusaur|264\/301|[from] Stealth Rock
|turn|5
|
|switch|p2a: Chansey|Chansey, F|703\/703
|move|p1a: Venusaur|Sludge Bomb|p2a: Chansey
|-damage|p2a: Chansey|574\/703
|-status|p2a: Chansey|psn
|-damage|p1a: Venusaur|234\/301|[from] item: Life Orb
|
|-weather|SunnyDay|[upkeep]
|-damage|p2a: Chansey|487\/703 psn|[from] psn
|turn|6
|
|switch|p1a: Mandibuzz|Mandibuzz, F|423\/423
|-damage|p1a: Mandibuzz|318\/423|[from] Stealth Rock
|move|p2a: Chansey|Soft-Boiled|p2a: Chansey
|-heal|p2a: Chansey|703\/703 psn
|
|-weather|SunnyDay|[upkeep]
|-damage|p2a: Chansey|616\/703 psn|[from] psn
|turn|7
|
|switch|p2a: Gardevoir|Gardevoir-Mega, M|174\/277
|move|p1a: Mandibuzz|Defog|p2a: Gardevoir
|-unboost|p2a: Gardevoir|evasion|1
|-sideend|p1: New Light|Stealth Rock|[from] move: Defog|[of] p1a: Mandibuzz
|
|-weather|SunnyDay|[upkeep]
|turn|8
|
|switch|p1a: Victini|Victini|341\/341
|move|p2a: Gardevoir|Hyper Voice|p1a: Victini
|-resisted|p1a: Victini
|-damage|p1a: Victini|200\/341
|
|-weather|none
|turn|9
|
|switch|p2a: Landorus-Therian|Landorus-Therian, M|335\/382 brn
|-ability|p2a: Landorus-Therian|Intimidate|[of] p1a: Victini
|-unboost|p1a: Victini|atk|1
|move|p1a: Victini|U-turn|p2a: Landorus-Therian
|-crit|p2a: Landorus-Therian
|-resisted|p2a: Landorus-Therian
|-damage|p2a: Landorus-Therian|263\/382 brn
|
|switch|p1a: Charizard|Charizard, F, shiny|297\/297
|
|-heal|p2a: Landorus-Therian|286\/382 brn|[from] item: Leftovers
|-damage|p2a: Landorus-Therian|239\/382 brn|[from] brn
|turn|10
|
|switch|p2a: Chansey|Chansey, F|616\/703
|detailschange|p1a: Charizard|Charizard-Mega-Y, F, shiny
|-mega|p1a: Charizard|Charizard|Charizardite Y
|-weather|SunnyDay
|move|p1a: Charizard|Fire Blast|p2a: Chansey
|-damage|p2a: Chansey|391\/703
|
|-weather|SunnyDay|[upkeep]
|turn|11
|
|switch|p1a: Victini|Victini|200\/341
|move|p2a: Chansey|Soft-Boiled|p2a: Chansey
|-heal|p2a: Chansey|703\/703
|
|-weather|SunnyDay|[upkeep]
|turn|12
|
|switch|p2a: Mandibuzz|Mandibuzz, F|423\/423
|move|p1a: Victini|V-create|p2a: Mandibuzz
|-damage|p2a: Mandibuzz|0 fnt
|-damage|p1a: Victini|144\/341|[from] item: Rocky Helmet|[of] p2a: Mandibuzz
|-unboost|p1a: Victini|def|1
|-unboost|p1a: Victini|spd|1
|-unboost|p1a: Victini|spe|1
|faint|p2a: Mandibuzz
|
|-weather|SunnyDay|[upkeep]
|
|switch|p2a: Landorus-Therian|Landorus-Therian, M|239\/382 brn
|-ability|p2a: Landorus-Therian|Intimidate|[of] p1a: Victini
|-unboost|p1a: Victini|atk|1
|turn|13
|
|move|p2a: Landorus-Therian|Stealth Rock|p1a: Victini
|-sidestart|p1: New Light|move: Stealth Rock
|move|p1a: Victini|V-create|p2a: Landorus-Therian
|-damage|p2a: Landorus-Therian|0 fnt
|-unboost|p1a: Victini|def|1
|-unboost|p1a: Victini|spd|1
|-unboost|p1a: Victini|spe|1
|faint|p2a: Landorus-Therian
|
|-weather|SunnyDay|[upkeep]
|
|switch|p2a: Gardevoir|Gardevoir-Mega, M|174\/277
|turn|14
|
|move|p2a: Gardevoir|Hyper Voice|p1a: Victini
|-resisted|p1a: Victini
|-damage|p1a: Victini|0 fnt
|faint|p1a: Victini
|
|-weather|none
|
|switch|p1a: Charizard|Charizard-Mega-Y, F, shiny|297\/297
|-damage|p1a: Charizard|149\/297|[from] Stealth Rock
|-weather|SunnyDay
|turn|15
|
|switch|p2a: Chansey|Chansey, F|703\/703
|move|p1a: Charizard|Fire Blast|p2a: Chansey|[miss]
|-miss|p1a: Charizard|p2a: Chansey
|
|-weather|SunnyDay|[upkeep]
|turn|16
|
|switch|p1a: Mandibuzz|Mandibuzz, F|318\/423
|-damage|p1a: Mandibuzz|213\/423|[from] Stealth Rock
|move|p2a: Chansey|Seismic Toss|p1a: Mandibuzz
|-damage|p1a: Mandibuzz|113\/423
|-damage|p2a: Chansey|586\/703|[from] item: Rocky Helmet|[of] p1a: Mandibuzz
|
|-weather|SunnyDay|[upkeep]
|turn|17
|
|switch|p2a: Gardevoir|Gardevoir-Mega, M|174\/277
|move|p1a: Mandibuzz|Defog|p2a: Gardevoir
|-unboost|p2a: Gardevoir|evasion|1
|-sideend|p1: New Light|Stealth Rock|[from] move: Defog|[of] p1a: Mandibuzz
|
|-weather|SunnyDay|[upkeep]
|turn|18
|
|move|p2a: Gardevoir|Hyper Voice|p1a: Mandibuzz
|-supereffective|p1a: Mandibuzz
|-damage|p1a: Mandibuzz|0 fnt
|faint|p1a: Mandibuzz
|
|-weather|SunnyDay|[upkeep]
|
|switch|p1a: Venusaur|Venusaur, F|234\/301
|turn|19
|
|switch|p2a: Chansey|Chansey, F|586\/703
|move|p1a: Venusaur|Sludge Bomb|p2a: Chansey
|-damage|p2a: Chansey|472\/703
|-damage|p1a: Venusaur|204\/301|[from] item: Life Orb
|
|-weather|none
|turn|20
|
|switch|p1a: Ninetales|Ninetales, M, shiny|77\/349
|-weather|SunnyDay
|move|p2a: Chansey|Soft-Boiled|p2a: Chansey
|-heal|p2a: Chansey|703\/703
|
|-weather|SunnyDay|[upkeep]
|turn|21
|
|switch|p2a: Gardevoir|Gardevoir-Mega, M|174\/277
|move|p1a: Ninetales|Will-O-Wisp|p2a: Gardevoir
|-status|p2a: Gardevoir|brn
|
|-weather|SunnyDay|[upkeep]
|-damage|p2a: Gardevoir|140\/277 brn|[from] brn
|turn|22
|
|move|p2a: Gardevoir|Psyshock|p1a: Ninetales
|-damage|p1a: Ninetales|0 fnt
|faint|p1a: Ninetales
|
|-weather|SunnyDay|[upkeep]
|-damage|p2a: Gardevoir|106\/277 brn|[from] brn
|
|switch|p1a: Venusaur|Venusaur, F|204\/301
|turn|23
|
|switch|p2a: Amoonguss|Amoonguss, M|432\/432
|move|p1a: Venusaur|Giga Drain|p2a: Amoonguss
|-resisted|p2a: Amoonguss
|-damage|p2a: Amoonguss|380\/432
|-heal|p1a: Venusaur|230\/301|[from] drain|[of] p2a: Amoonguss
|-damage|p1a: Venusaur|200\/301|[from] item: Life Orb
|
|-weather|SunnyDay|[upkeep]
|-heal|p2a: Amoonguss|407\/432|[from] item: Black Sludge
|turn|24
|
|move|p1a: Venusaur|Growth|p1a: Venusaur
|-boost|p1a: Venusaur|atk|2
|-boost|p1a: Venusaur|spa|2
|move|p2a: Amoonguss|Clear Smog|p1a: Venusaur
|-damage|p1a: Venusaur|149\/301
|-clearboost|p1a: Venusaur
|
|-weather|SunnyDay|[upkeep]
|-heal|p2a: Amoonguss|432\/432|[from] item: Black Sludge
|turn|25
|
|move|p1a: Venusaur|Hidden Power|p2a: Amoonguss
|-supereffective|p2a: Amoonguss
|-damage|p2a: Amoonguss|138\/432
|-damage|p1a: Venusaur|119\/301|[from] item: Life Orb
|move|p2a: Amoonguss|Clear Smog|p1a: Venusaur
|-damage|p1a: Venusaur|65\/301
|-clearboost|p1a: Venusaur
|
|-weather|SunnyDay|[upkeep]
|-heal|p2a: Amoonguss|165\/432|[from] item: Black Sludge
|turn|26
|
|move|p1a: Venusaur|Sludge Bomb|p2a: Amoonguss
|-damage|p2a: Amoonguss|0 fnt
|-damage|p1a: Venusaur|35\/301|[from] item: Life Orb
|faint|p2a: Amoonguss
|
|-weather|SunnyDay|[upkeep]
|
|switch|p2a: Chansey|Chansey, F|703\/703
|turn|27
|
|switch|p1a: Charizard|Charizard-Mega-Y, F, shiny|149\/297
|move|p2a: Chansey|Seismic Toss|p1a: Charizard
|-damage|p1a: Charizard|49\/297
|
|-weather|none
|turn|28
|
|move|p1a: Charizard|Roost|p1a: Charizard
|-heal|p1a: Charizard|198\/297
|move|p2a: Chansey|Seismic Toss|p1a: Charizard
|-damage|p1a: Charizard|98\/297
|
|turn|29
|
|move|p1a: Charizard|Roost|p1a: Charizard
|-heal|p1a: Charizard|247\/297
|move|p2a: Chansey|Seismic Toss|p1a: Charizard
|-damage|p1a: Charizard|147\/297
|
|turn|30
|
|move|p1a: Charizard|Focus Blast|p2a: Chansey|[miss]
|-miss|p1a: Charizard|p2a: Chansey
|move|p2a: Chansey|Seismic Toss|p1a: Charizard
|-damage|p1a: Charizard|47\/297
|
|turn|31
|
|move|p1a: Charizard|Roost|p1a: Charizard
|-heal|p1a: Charizard|196\/297
|move|p2a: Chansey|Seismic Toss|p1a: Charizard
|-damage|p1a: Charizard|96\/297
|
|turn|32
|c|âlil manaphy|gg
|
|move|p1a: Charizard|Roost|p1a: Charizard
|-heal|p1a: Charizard|245\/297
|move|p2a: Chansey|Seismic Toss|p1a: Charizard
|-damage|p1a: Charizard|145\/297
|
|turn|33
|
|move|p1a: Charizard|Focus Blast|p2a: Chansey
|-supereffective|p2a: Chansey
|-damage|p2a: Chansey|499\/703
|move|p2a: Chansey|Seismic Toss|p1a: Charizard
|-damage|p1a: Charizard|45\/297
|
|turn|34
|
|move|p1a: Charizard|Roost|p1a: Charizard
|-heal|p1a: Charizard|194\/297
|move|p2a: Chansey|Seismic Toss|p1a: Charizard
|-damage|p1a: Charizard|94\/297
|
|turn|35
|
|move|p1a: Charizard|Roost|p1a: Charizard
|-heal|p1a: Charizard|243\/297
|move|p2a: Chansey|Seismic Toss|p1a: Charizard
|-damage|p1a: Charizard|143\/297
|
|turn|36
|
|move|p1a: Charizard|Focus Blast|p2a: Chansey
|-supereffective|p2a: Chansey
|-damage|p2a: Chansey|297\/703
|move|p2a: Chansey|Seismic Toss|p1a: Charizard
|-damage|p1a: Charizard|43\/297
|
|turn|37
|
|move|p1a: Charizard|Roost|p1a: Charizard
|-heal|p1a: Charizard|192\/297
|move|p2a: Chansey|Soft-Boiled|p2a: Chansey
|-heal|p2a: Chansey|649\/703
|
|turn|38
|
|move|p1a: Charizard|Focus Blast|p2a: Chansey
|-supereffective|p2a: Chansey
|-damage|p2a: Chansey|441\/703
|move|p2a: Chansey|Seismic Toss|p1a: Charizard
|-damage|p1a: Charizard|92\/297
|
|turn|39
|
|move|p1a: Charizard|Roost|p1a: Charizard
|-heal|p1a: Charizard|241\/297
|move|p2a: Chansey|Seismic Toss|p1a: Charizard
|-damage|p1a: Charizard|141\/297
|
|turn|40
|
|move|p1a: Charizard|Focus Blast|p2a: Chansey
|-supereffective|p2a: Chansey
|-damage|p2a: Chansey|217\/703
|move|p2a: Chansey|Soft-Boiled|p2a: Chansey
|-heal|p2a: Chansey|569\/703
|
|turn|41
|
|move|p1a: Charizard|Focus Blast|p2a: Chansey
|-supereffective|p2a: Chansey
|-damage|p2a: Chansey|373\/703
|move|p2a: Chansey|Seismic Toss|p1a: Charizard
|-damage|p1a: Charizard|41\/297
|
|turn|42
|
|move|p1a: Charizard|Roost|p1a: Charizard
|-heal|p1a: Charizard|190\/297
|move|p2a: Chansey|Seismic Toss|p1a: Charizard
|-damage|p1a: Charizard|90\/297
|
|turn|43
|
|move|p1a: Charizard|Roost|p1a: Charizard
|-heal|p1a: Charizard|239\/297
|move|p2a: Chansey|Seismic Toss|p1a: Charizard
|-damage|p1a: Charizard|139\/297
|
|turn|44
|
|switch|p1a: Venusaur|Venusaur, F|35\/301
|move|p2a: Chansey|Soft-Boiled|p2a: Chansey
|-heal|p2a: Chansey|703\/703
|
|turn|45
|
|switch|p1a: Charizard|Charizard-Mega-Y, F, shiny|139\/297
|-weather|SunnyDay
|move|p2a: Chansey|Seismic Toss|p1a: Charizard
|-damage|p1a: Charizard|39\/297
|
|-weather|SunnyDay|[upkeep]
|turn|46
|
|move|p1a: Charizard|Roost|p1a: Charizard
|-heal|p1a: Charizard|188\/297
|move|p2a: Chansey|Seismic Toss|p1a: Charizard
|-damage|p1a: Charizard|88\/297
|
|-weather|SunnyDay|[upkeep]
|turn|47
|
|move|p1a: Charizard|Roost|p1a: Charizard
|-heal|p1a: Charizard|237\/297
|move|p2a: Chansey|Seismic Toss|p1a: Charizard
|-damage|p1a: Charizard|137\/297
|
|-weather|SunnyDay|[upkeep]
|turn|48
|
|move|p1a: Charizard|Focus Blast|p2a: Chansey
|-supereffective|p2a: Chansey
|-damage|p2a: Chansey|497\/703
|move|p2a: Chansey|Seismic Toss|p1a: Charizard
|-damage|p1a: Charizard|37\/297
|
|-weather|SunnyDay|[upkeep]
|turn|49
|
|move|p1a: Charizard|Roost|p1a: Charizard
|-heal|p1a: Charizard|186\/297
|move|p2a: Chansey|Seismic Toss|p1a: Charizard
|-damage|p1a: Charizard|86\/297
|
|-weather|none
|turn|50
|
|move|p1a: Charizard|Roost|p1a: Charizard
|-heal|p1a: Charizard|235\/297
|move|p2a: Chansey|Seismic Toss|p1a: Charizard
|-damage|p1a: Charizard|135\/297
|
|turn|51
|
|move|p1a: Charizard|Focus Blast|p2a: Chansey|[miss]
|-miss|p1a: Charizard|p2a: Chansey
|move|p2a: Chansey|Soft-Boiled|p2a: Chansey
|-heal|p2a: Chansey|703\/703
|
|turn|52
|
|move|p1a: Charizard|Fire Blast|p2a: Chansey
|-damage|p2a: Chansey|546\/703
|move|p2a: Chansey|Seismic Toss|p1a: Charizard
|-damage|p1a: Charizard|35\/297
|
|turn|53
|
|move|p1a: Charizard|Roost|p1a: Charizard
|-heal|p1a: Charizard|184\/297
|move|p2a: Chansey|Seismic Toss|p1a: Charizard
|-damage|p1a: Charizard|84\/297
|
|turn|54
|
|move|p1a: Charizard|Roost|p1a: Charizard
|-heal|p1a: Charizard|233\/297
|move|p2a: Chansey|Seismic Toss|p1a: Charizard
|-damage|p1a: Charizard|133\/297
|
|turn|55
|
|move|p1a: Charizard|Fire Blast|p2a: Chansey
|-damage|p2a: Chansey|393\/703
|move|p2a: Chansey|Soft-Boiled|p2a: Chansey
|-heal|p2a: Chansey|703\/703
|
|turn|56
|
|switch|p2a: Keldeo|Keldeo|323\/323
|move|p1a: Charizard|Fire Blast|p2a: Keldeo
|-resisted|p2a: Keldeo
|-damage|p2a: Keldeo|195\/323
|
|-heal|p2a: Keldeo|215\/323|[from] item: Leftovers
|turn|57
|
|switch|p1a: Venusaur|Venusaur, F|35\/301
|move|p2a: Keldeo|Scald|p1a: Venusaur
|-resisted|p1a: Venusaur
|-damage|p1a: Venusaur|0 fnt
|faint|p1a: Venusaur
|
|-heal|p2a: Keldeo|235\/323|[from] item: Leftovers
|-message|New Light forfeited.
|leave|New Light
|
|win|lil manaphy
|raw|Ladder updating...
|player|p1