|join|UrNemesis357
|join|New Light
|player|p1|UrNemesis357|213
|player|p2|New Light|156
|gametype|singles
|gen|6
|tier|OU
|rated
|clearpoke
|poke|p1|Excadrill, F
|poke|p1|Pinsir, F
|poke|p1|Hippowdon, F
|poke|p1|Clefable, F
|poke|p1|Keldeo-Resolute
|poke|p1|Breloom, F
|poke|p2|Ninetales, F, shiny
|poke|p2|Tyranitar, F
|poke|p2|Dugtrio, F, shiny
|poke|p2|Venusaur, M
|poke|p2|Charizard, M
|poke|p2|Skarmory, F
|rule|Swagger Clause: Swagger is banned
|rule|Baton Pass Clause: Limit one PokÃ©mon knowing Baton Pass
|rule|Sleep Clause Mod: Limit one foe put to sleep
|rule|Species Clause: Limit one of each PokÃ©mon
|rule|OHKO Clause: OHKO moves are banned
|rule|Moody Clause: Moody is banned
|rule|Evasion Moves Clause: Evasion moves are banned
|rule|Endless Battle Clause: Forcing endless battles is banned
|rule|HP Percentage Mod: HP is shown in percentages
|teampreview
|
|start
|switch|p1a: Breloom|Breloom, F|261\/261
|switch|p2a: Ninetales|Ninetales, F, shiny|349\/349
|-weather|SunnyDay
|turn|1
|
|move|p2a: Ninetales|Will-O-Wisp|p1a: Breloom
|-status|p1a: Breloom|brn
|move|p1a: Breloom|Rock Tomb|p2a: Ninetales
|-supereffective|p2a: Ninetales
|-damage|p2a: Ninetales|207\/349
|-unboost|p2a: Ninetales|spe|1
|
|-weather|SunnyDay|[upkeep]
|-damage|p1a: Breloom|229\/261 brn|[from] brn
|turn|2
|
|move|p1a: Breloom|Spore|p2a: Ninetales
|-status|p2a: Ninetales|slp
|cant|p2a: Ninetales|slp
|
|-weather|SunnyDay|[upkeep]
|-damage|p1a: Breloom|197\/261 brn|[from] brn
|turn|3
|
|switch|p2a: Skarmory|Skarmory, F|333\/333
|move|p1a: Breloom|Rock Tomb|p2a: Skarmory
|-damage|p2a: Skarmory|303\/333
|-unboost|p2a: Skarmory|spe|1
|
|-weather|SunnyDay|[upkeep]
|-damage|p1a: Breloom|165\/261 brn|[from] brn
|turn|4
|
|switch|p1a: Hippowdon|Hippowdon, F|420\/420
|-weather|Sandstorm
|move|p2a: Skarmory|Spikes|p1a: Hippowdon
|-sidestart|p1: UrNemesis357|Spikes
|
|-weather|Sandstorm|[upkeep]
|turn|5
|
|switch|p2a: Ninetales|Ninetales, F, shiny|207\/349 slp
|-weather|SunnyDay
|move|p1a: Hippowdon|Stealth Rock|p2a: Ninetales
|-sidestart|p2: New Light|move: Stealth Rock
|
|-weather|SunnyDay|[upkeep]
|turn|6
|
|switch|p2a: Venusaur|Venusaur, M|301\/301
|-damage|p2a: Venusaur|264\/301|[from] Stealth Rock
|switch|p1a: Breloom|Breloom, F|165\/261 brn
|-damage|p1a: Breloom|133\/261 brn|[from] Spikes
|
|-weather|SunnyDay|[upkeep]
|-damage|p1a: Breloom|101\/261 brn|[from] brn
|turn|7
|
|move|p2a: Venusaur|Sludge Bomb|p1a: Breloom
|-supereffective|p1a: Breloom
|-damage|p1a: Breloom|0 fnt
|-damage|p2a: Venusaur|234\/301|[from] item: Life Orb
|faint|p1a: Breloom
|
|-weather|SunnyDay|[upkeep]
|
|switch|p1a: Hippowdon|Hippowdon, F|420\/420
|-damage|p1a: Hippowdon|368\/420|[from] Spikes
|-weather|Sandstorm
|turn|8
|
|switch|p1a: Excadrill|Excadrill, F|361\/361
|-damage|p1a: Excadrill|316\/361|[from] Spikes
|move|p2a: Venusaur|Giga Drain|p1a: Excadrill
|-damage|p1a: Excadrill|98\/361
|-heal|p2a: Venusaur|301\/301|[from] drain|[of] p1a: Excadrill
|-damage|p2a: Venusaur|271\/301|[from] item: Life Orb
|
|-weather|Sandstorm|[upkeep]
|-damage|p2a: Venusaur|253\/301|[from] sandstorm
|turn|9
|
|switch|p1a: Keldeo-Resolute|Keldeo-Resolute|323\/323
|-damage|p1a: Keldeo-Resolute|283\/323|[from] Spikes
|switch|p2a: Skarmory|Skarmory, F|303\/333
|-damage|p2a: Skarmory|262\/333|[from] Stealth Rock
|
|-weather|Sandstorm|[upkeep]
|-damage|p1a: Keldeo-Resolute|263\/323|[from] sandstorm
|turn|10
|
|move|p1a: Keldeo-Resolute|Scald|p2a: Skarmory
|-crit|p2a: Skarmory
|-damage|p2a: Skarmory|0 fnt
|faint|p2a: Skarmory
|
|-weather|Sandstorm|[upkeep]
|-damage|p1a: Keldeo-Resolute|243\/323|[from] sandstorm
|
|switch|p2a: Venusaur|Venusaur, M|253\/301
|-damage|p2a: Venusaur|216\/301|[from] Stealth Rock
|turn|11
|
|switch|p1a: Clefable|Clefable, F|394\/394
|move|p2a: Venusaur|Sludge Bomb|p1a: Clefable
|-supereffective|p1a: Clefable
|-damage|p1a: Clefable|12\/394
|-damage|p2a: Venusaur|186\/301|[from] item: Life Orb
|
|-weather|Sandstorm|[upkeep]
|-damage|p2a: Venusaur|168\/301|[from] sandstorm
|-heal|p1a: Clefable|36\/394|[from] item: Leftovers
|turn|12
|
|move|p2a: Venusaur|Giga Drain|p1a: Clefable
|-damage|p1a: Clefable|0 fnt
|-heal|p2a: Venusaur|186\/301|[from] drain|[of] p1a: Clefable
|-damage|p2a: Venusaur|156\/301|[from] item: Life Orb
|faint|p1a: Clefable
|
|-weather|none
|
|switch|p1a: Pinsir|Pinsir, F|271\/271
|-damage|p1a: Pinsir|238\/271|[from] Spikes
|turn|13
|
|detailschange|p1a: Pinsir|Pinsir-Mega, F
|-mega|p1a: Pinsir|Pinsir|Pinsirite
|move|p1a: Pinsir|Earthquake|p2a: Venusaur
|-damage|p2a: Venusaur|5\/301
|move|p2a: Venusaur|Sludge Bomb|p1a: Pinsir
|-damage|p1a: Pinsir|35\/271
|-damage|p2a: Venusaur|0 fnt|[from] item: Life Orb
|faint|p2a: Venusaur
|
|
|switch|p2a: Tyranitar|Tyranitar, F|403\/403
|-damage|p2a: Tyranitar|353\/403|[from] Stealth Rock
|-ability|p2a: Tyranitar|Unnerve|p1: UrNemesis357
|turn|14
|
|move|p1a: Pinsir|Earthquake|p2a: Tyranitar
|-supereffective|p2a: Tyranitar
|-damage|p2a: Tyranitar|161\/403
|move|p2a: Tyranitar|Pursuit|p1a: Pinsir
|-damage|p1a: Pinsir|0 fnt
|faint|p1a: Pinsir
|
|
|switch|p1a: Keldeo-Resolute|Keldeo-Resolute|243\/323
|-damage|p1a: Keldeo-Resolute|203\/323|[from] Spikes
|turn|15
|
|switch|p2a: Dugtrio|Dugtrio, F, shiny|211\/211
|-damage|p2a: Dugtrio|198\/211|[from] Stealth Rock
|move|p1a: Keldeo-Resolute|Hydro Pump|p2a: Dugtrio
|-crit|p2a: Dugtrio
|-supereffective|p2a: Dugtrio
|-damage|p2a: Dugtrio|0 fnt
|faint|p2a: Dugtrio
|
|
|switch|p2a: Ninetales|Ninetales, F, shiny|207\/349 slp
|-damage|p2a: Ninetales|120\/349 slp|[from] Stealth Rock
|-weather|SunnyDay
|turn|16
|
|switch|p2a: Tyranitar|Tyranitar, F|161\/403
|-damage|p2a: Tyranitar|111\/403|[from] Stealth Rock
|-ability|p2a: Tyranitar|Unnerve|p1: UrNemesis357
|move|p1a: Keldeo-Resolute|Hydro Pump|p2a: Tyranitar
|-supereffective|p2a: Tyranitar
|-damage|p2a: Tyranitar|0 fnt
|faint|p2a: Tyranitar
|
|-weather|SunnyDay|[upkeep]
|
|switch|p2a: Charizard|Charizard, M|333\/333
|-damage|p2a: Charizard|167\/333|[from] Stealth Rock
|turn|17
|
|switch|p1a: Hippowdon|Hippowdon, F|368\/420
|-damage|p1a: Hippowdon|316\/420|[from] Spikes
|-weather|Sandstorm
|detailschange|p2a: Charizard|Charizard-Mega-X, M
|-mega|p2a: Charizard|Charizard|Charizardite X
|move|p2a: Charizard|Dragon Dance|p2a: Charizard
|-boost|p2a: Charizard|atk|1
|-boost|p2a: Charizard|spe|1
|
|-weather|Sandstorm|[upkeep]
|-damage|p2a: Charizard|147\/333|[from] sandstorm
|-heal|p1a: Hippowdon|342\/420|[from] item: Leftovers
|turn|18
|
|move|p2a: Charizard|Roost|p2a: Charizard
|-heal|p2a: Charizard|314\/333
|move|p1a: Hippowdon|Earthquake|p2a: Charizard
|-supereffective|p2a: Charizard
|-damage|p2a: Charizard|84\/333
|
|-weather|Sandstorm|[upkeep]
|-damage|p2a: Charizard|64\/333|[from] sandstorm
|-heal|p1a: Hippowdon|368\/420|[from] item: Leftovers
|turn|19
|
|move|p2a: Charizard|Flare Blitz|p1a: Hippowdon
|-damage|p1a: Hippowdon|20\/420
|-damage|p2a: Charizard|0 fnt|[from] recoil|[of] p1a: Hippowdon
|faint|p2a: Charizard
|move|p1a: Hippowdon|Earthquake|p2: Charizard|[notarget]
|-notarget
|
|-weather|Sandstorm|[upkeep]
|-heal|p1a: Hippowdon|46\/420|[from] item: Leftovers
|c|âUrNemesis357|gg
|-message|New Light forfeited.
|
|win|UrNemesis357
|raw|Ladder updating...
|leave|New Light
|player|p2
|raw|UrNemesis357's rating: 1633 &rarr; <strong>1651<\/strong><br \/>(+18 for winning)
|raw|New Light's rating: 1596 &rarr; <strong>1578<\/strong><br \/>(-18 for losing)