|join|New Light
|join|Mega-Nido
|player|p1|New Light|156
|player|p2|Mega-Nido|2
|gametype|singles
|gen|6
|tier|OU
|rated
|clearpoke
|poke|p1|Keldeo
|poke|p1|Metagross
|poke|p1|Entei, shiny
|poke|p1|Tyranitar, F
|poke|p1|Chesnaught, F
|poke|p1|Excadrill, M
|poke|p2|Gardevoir, F, shiny
|poke|p2|Ferrothorn, M
|poke|p2|Crawdaunt, F
|poke|p2|Tyranitar, M
|poke|p2|Latias, F
|poke|p2|Landorus-Therian, M
|rule|Swagger Clause: Swagger is banned
|rule|Baton Pass Clause: Limit one PokÃ©mon knowing Baton Pass
|rule|Sleep Clause Mod: Limit one foe put to sleep
|rule|Species Clause: Limit one of each PokÃ©mon
|rule|OHKO Clause: OHKO moves are banned
|rule|Moody Clause: Moody is banned
|rule|Evasion Moves Clause: Evasion moves are banned
|rule|Endless Battle Clause: Forcing endless battles is banned
|rule|HP Percentage Mod: HP is shown in percentages
|teampreview
|
|start
|switch|p1a: Entei|Entei, shiny|371\/371
|switch|p2a: Landorus-Therian|Landorus-Therian, M|319\/319
|-ability|p2a: Landorus-Therian|Intimidate|[of] p1a: Entei
|-unboost|p1a: Entei|atk|1
|-ability|p1a: Entei|Pressure
|turn|1
|
|switch|p1a: Chesnaught|Chesnaught, F|379\/379
|move|p2a: Landorus-Therian|U-turn|p1a: Chesnaught
|-damage|p1a: Chesnaught|317\/379
|
|switch|p2a: Gardevoir|Gardevoir, F, shiny|278\/278
|-ability|p2a: Gardevoir|Bulletproof|[from] ability: Trace|[of] p1a: Chesnaught
|
|-heal|p1a: Chesnaught|340\/379|[from] item: Leftovers
|turn|2
|
|switch|p1a: Metagross|Metagross|301\/301
|detailschange|p2a: Gardevoir|Gardevoir-Mega, F, shiny
|-mega|p2a: Gardevoir|Gardevoir|Gardevoirite
|move|p2a: Gardevoir|Focus Blast|p1a: Metagross|[miss]
|-miss|p2a: Gardevoir|p1a: Metagross
|
|turn|3
|c|âMega-Nido|lol
|
|switch|p2a: Ferrothorn|Ferrothorn, M|352\/352
|detailschange|p1a: Metagross|Metagross-Mega
|-mega|p1a: Metagross|Metagross|Metagrossite
|move|p1a: Metagross|Earthquake|p2a: Ferrothorn
|-damage|p2a: Ferrothorn|265\/352
|
|-heal|p2a: Ferrothorn|287\/352|[from] item: Leftovers
|turn|4
|
|switch|p1a: Entei|Entei, shiny|371\/371
|-ability|p1a: Entei|Pressure
|move|p2a: Ferrothorn|Stealth Rock|p1a: Entei
|-sidestart|p1: New Light|move: Stealth Rock
|
|-heal|p2a: Ferrothorn|309\/352|[from] item: Leftovers
|turn|5
|
|move|p2a: Ferrothorn|Protect|p2a: Ferrothorn
|-singleturn|p2a: Ferrothorn|Protect
|move|p1a: Entei|Sacred Fire|p2a: Ferrothorn
|-activate|p2a: Ferrothorn|Protect
|
|-heal|p2a: Ferrothorn|331\/352|[from] item: Leftovers
|turn|6
|
|switch|p2a: Latias|Latias, F|301\/301
|move|p1a: Entei|Sacred Fire|p2a: Latias
|-resisted|p2a: Latias
|-damage|p2a: Latias|171\/301
|-status|p2a: Latias|brn
|-damage|p1a: Entei|334\/371|[from] item: Life Orb
|
|-damage|p2a: Latias|134\/301 brn|[from] brn
|turn|7
|
|move|p2a: Latias|Draco Meteor|p1a: Entei
|-damage|p1a: Entei|21\/371
|-unboost|p2a: Latias|spa|2
|-damage|p2a: Latias|104\/301 brn|[from] item: Life Orb
|move|p1a: Entei|Sacred Fire|p2a: Latias
|-resisted|p2a: Latias
|-damage|p2a: Latias|0 fnt
|-damage|p1a: Entei|0 fnt|[from] item: Life Orb
|faint|p2a: Latias
|faint|p1a: Entei
|
|
|switch|p2a: Gardevoir|Gardevoir-Mega, F, shiny|278\/278
|switch|p1a: Chesnaught|Chesnaught, F|340\/379
|-damage|p1a: Chesnaught|317\/379|[from] Stealth Rock
|turn|8
|
|switch|p1a: Metagross|Metagross-Mega|301\/301
|-damage|p1a: Metagross|283\/301|[from] Stealth Rock
|move|p2a: Gardevoir|Hyper Voice|p1a: Metagross
|-resisted|p1a: Metagross
|-damage|p1a: Metagross|163\/301
|
|turn|9
|
|switch|p2a: Ferrothorn|Ferrothorn, M|331\/352
|move|p1a: Metagross|Meteor Mash|p2a: Ferrothorn
|-resisted|p2a: Ferrothorn
|-damage|p2a: Ferrothorn|250\/352
|-damage|p1a: Metagross|126\/301|[from] ability: Iron Barbs|[of] p2a: Ferrothorn
|-boost|p1a: Metagross|atk|1
|
|-heal|p2a: Ferrothorn|272\/352|[from] item: Leftovers
|turn|10
|
|move|p1a: Metagross|Earthquake|p2a: Ferrothorn
|-damage|p2a: Ferrothorn|132\/352
|move|p2a: Ferrothorn|Leech Seed|p1a: Metagross
|-start|p1a: Metagross|move: Leech Seed
|
|-heal|p2a: Ferrothorn|154\/352|[from] item: Leftovers
|-damage|p1a: Metagross|89\/301|[from] Leech Seed|[of] p2a: Ferrothorn
|-heal|p2a: Ferrothorn|191\/352|[silent]
|turn|11
|
|switch|p1a: Tyranitar|Tyranitar, F|403\/403
|-damage|p1a: Tyranitar|353\/403|[from] Stealth Rock
|-weather|Sandstorm
|move|p2a: Ferrothorn|Protect|p2a: Ferrothorn
|-fail|p2a: Ferrothorn
|
|-weather|Sandstorm|[upkeep]
|-heal|p2a: Ferrothorn|213\/352|[from] item: Leftovers
|turn|12
|
|move|p2a: Ferrothorn|Protect|p2a: Ferrothorn
|-singleturn|p2a: Ferrothorn|Protect
|move|p1a: Tyranitar|Stealth Rock|p2a: Ferrothorn
|-sidestart|p2: Mega-Nido|move: Stealth Rock
|
|-weather|Sandstorm|[upkeep]
|-heal|p2a: Ferrothorn|235\/352|[from] item: Leftovers
|turn|13
|
|switch|p1a: Chesnaught|Chesnaught, F|317\/379
|-damage|p1a: Chesnaught|294\/379|[from] Stealth Rock
|move|p2a: Ferrothorn|Gyro Ball|p1a: Chesnaught
|-immune|p1a: Chesnaught|[msg]|[from] Bulletproof
|
|-weather|Sandstorm|[upkeep]
|-damage|p1a: Chesnaught|271\/379|[from] sandstorm
|-heal|p1a: Chesnaught|294\/379|[from] item: Leftovers
|-heal|p2a: Ferrothorn|257\/352|[from] item: Leftovers
|turn|14
|
|switch|p2a: Gardevoir|Gardevoir-Mega, F, shiny|278\/278
|-damage|p2a: Gardevoir|244\/278|[from] Stealth Rock
|move|p1a: Chesnaught|Leech Seed|p2a: Gardevoir
|-start|p2a: Gardevoir|move: Leech Seed
|
|-weather|Sandstorm|[upkeep]
|-damage|p2a: Gardevoir|227\/278|[from] sandstorm
|-damage|p1a: Chesnaught|271\/379|[from] sandstorm
|-heal|p1a: Chesnaught|294\/379|[from] item: Leftovers
|-damage|p2a: Gardevoir|193\/278|[from] Leech Seed|[of] p1a: Chesnaught
|-heal|p1a: Chesnaught|328\/379|[silent]
|turn|15
|
|switch|p2a: Landorus-Therian|Landorus-Therian, M|319\/319
|-damage|p2a: Landorus-Therian|280\/319|[from] Stealth Rock
|-ability|p2a: Landorus-Therian|Intimidate|[of] p1a: Chesnaught
|-unboost|p1a: Chesnaught|atk|1
|move|p1a: Chesnaught|Spiky Shield|p1a: Chesnaught
|-fail|p1a: Chesnaught
|
|-weather|Sandstorm|[upkeep]
|-damage|p1a: Chesnaught|305\/379|[from] sandstorm
|-heal|p1a: Chesnaught|328\/379|[from] item: Leftovers
|turn|16
|
|switch|p2a: Gardevoir|Gardevoir-Mega, F, shiny|193\/278
|-damage|p2a: Gardevoir|159\/278|[from] Stealth Rock
|move|p1a: Chesnaught|Spikes|p2a: Gardevoir
|-sidestart|p2: Mega-Nido|Spikes
|
|-weather|Sandstorm|[upkeep]
|-damage|p2a: Gardevoir|142\/278|[from] sandstorm
|-damage|p1a: Chesnaught|305\/379|[from] sandstorm
|-heal|p1a: Chesnaught|328\/379|[from] item: Leftovers
|turn|17
|
|move|p1a: Chesnaught|Spiky Shield|p1a: Chesnaught
|-singleturn|p1a: Chesnaught|move: Protect
|move|p2a: Gardevoir|Hyper Voice|p1a: Chesnaught
|-activate|p1a: Chesnaught|move: Protect
|
|-weather|Sandstorm|[upkeep]
|-damage|p2a: Gardevoir|125\/278|[from] sandstorm
|-damage|p1a: Chesnaught|305\/379|[from] sandstorm
|-heal|p1a: Chesnaught|328\/379|[from] item: Leftovers
|turn|18
|
|switch|p1a: Metagross|Metagross-Mega|89\/301
|-damage|p1a: Metagross|71\/301|[from] Stealth Rock
|move|p2a: Gardevoir|Hyper Voice|p1a: Metagross
|-resisted|p1a: Metagross
|-damage|p1a: Metagross|0 fnt
|faint|p1a: Metagross
|
|-weather|none
|
|switch|p1a: Keldeo|Keldeo|323\/323
|-damage|p1a: Keldeo|303\/323|[from] Stealth Rock
|turn|19
|
|switch|p2a: Ferrothorn|Ferrothorn, M|257\/352
|-damage|p2a: Ferrothorn|235\/352|[from] Stealth Rock
|-damage|p2a: Ferrothorn|191\/352|[from] Spikes
|move|p1a: Keldeo|Scald|p2a: Ferrothorn
|-resisted|p2a: Ferrothorn
|-damage|p2a: Ferrothorn|143\/352
|-status|p2a: Ferrothorn|brn
|
|-heal|p1a: Keldeo|323\/323|[from] item: Leftovers
|-heal|p2a: Ferrothorn|165\/352 brn|[from] item: Leftovers
|-damage|p2a: Ferrothorn|121\/352 brn|[from] brn
|turn|20
|
|move|p1a: Keldeo|Substitute|p1a: Keldeo
|-start|p1a: Keldeo|Substitute
|-damage|p1a: Keldeo|243\/323
|move|p2a: Ferrothorn|Gyro Ball|p1a: Keldeo
|-resisted|p1a: Keldeo
|-activate|p1a: Keldeo|Substitute|[damage]
|
|-heal|p1a: Keldeo|263\/323|[from] item: Leftovers
|-heal|p2a: Ferrothorn|143\/352 brn|[from] item: Leftovers
|-damage|p2a: Ferrothorn|99\/352 brn|[from] brn
|turn|21
|
|move|p1a: Keldeo|Secret Sword|p2a: Ferrothorn
|-supereffective|p2a: Ferrothorn
|-damage|p2a: Ferrothorn|0 fnt
|faint|p2a: Ferrothorn
|
|-heal|p1a: Keldeo|283\/323|[from] item: Leftovers
|
|switch|p2a: Landorus-Therian|Landorus-Therian, M|280\/319
|-damage|p2a: Landorus-Therian|241\/319|[from] Stealth Rock
|-activate|p1a: Keldeo|Substitute|ability: Intimidate|[of] p2a: Landorus-Therian
|turn|22
|
|move|p2a: Landorus-Therian|U-turn|p1a: Keldeo
|-resisted|p1a: Keldeo
|-end|p1a: Keldeo|Substitute
|
|switch|p2a: Tyranitar|Tyranitar, M|403\/403
|-damage|p2a: Tyranitar|353\/403|[from] Stealth Rock
|-damage|p2a: Tyranitar|303\/403|[from] Spikes
|-weather|Sandstorm
|move|p1a: Keldeo|Scald|p2a: Tyranitar
|-supereffective|p2a: Tyranitar
|-damage|p2a: Tyranitar|171\/403
|
|-weather|Sandstorm|[upkeep]
|-damage|p1a: Keldeo|263\/323|[from] sandstorm
|-heal|p1a: Keldeo|283\/323|[from] item: Leftovers
|turn|23
|
|move|p1a: Keldeo|Secret Sword|p2a: Tyranitar
|-supereffective|p2a: Tyranitar
|-damage|p2a: Tyranitar|0 fnt
|faint|p2a: Tyranitar
|
|-weather|Sandstorm|[upkeep]
|-damage|p1a: Keldeo|263\/323|[from] sandstorm
|-heal|p1a: Keldeo|283\/323|[from] item: Leftovers
|
|switch|p2a: Landorus-Therian|Landorus-Therian, M|241\/319
|-damage|p2a: Landorus-Therian|202\/319|[from] Stealth Rock
|-ability|p2a: Landorus-Therian|Intimidate|[of] p1a: Keldeo
|-unboost|p1a: Keldeo|atk|1
|turn|24
|
|switch|p1a: Excadrill|Excadrill, M|361\/361
|-damage|p1a: Excadrill|350\/361|[from] Stealth Rock
|-item|p1a: Excadrill|Air Balloon
|move|p2a: Landorus-Therian|Earthquake|p1a: Excadrill
|-immune|p1a: Excadrill|[msg]
|
|-weather|Sandstorm|[upkeep]
|turn|25
|
|move|p1a: Excadrill|Earthquake|p2a: Landorus-Therian
|-immune|p2a: Landorus-Therian|[msg]
|move|p2a: Landorus-Therian|Earthquake|p1a: Excadrill
|-immune|p1a: Excadrill|[msg]
|
|-weather|Sandstorm|[upkeep]
|turn|26
|
|switch|p2a: Crawdaunt|Crawdaunt, F|267\/267
|-damage|p2a: Crawdaunt|234\/267|[from] Stealth Rock
|-damage|p2a: Crawdaunt|201\/267|[from] Spikes
|move|p1a: Excadrill|Iron Head|p2a: Crawdaunt
|-resisted|p2a: Crawdaunt
|-damage|p2a: Crawdaunt|111\/267
|
|-weather|none
|turn|27
|
|switch|p1a: Chesnaught|Chesnaught, F|328\/379
|-damage|p1a: Chesnaught|305\/379|[from] Stealth Rock
|switch|p2a: Gardevoir|Gardevoir-Mega, F, shiny|125\/278
|-damage|p2a: Gardevoir|91\/278|[from] Stealth Rock
|-damage|p2a: Gardevoir|57\/278|[from] Spikes
|
|-heal|p1a: Chesnaught|328\/379|[from] item: Leftovers
|turn|28
|
|switch|p1a: Tyranitar|Tyranitar, F|353\/403
|-damage|p1a: Tyranitar|303\/403|[from] Stealth Rock
|-weather|Sandstorm
|move|p2a: Gardevoir|Hyper Voice|p1a: Tyranitar
|-supereffective|p1a: Tyranitar
|-damage|p1a: Tyranitar|0 fnt
|faint|p1a: Tyranitar
|
|-weather|Sandstorm|[upkeep]
|-damage|p2a: Gardevoir|40\/278|[from] sandstorm
|
|switch|p1a: Keldeo|Keldeo|283\/323
|-damage|p1a: Keldeo|263\/323|[from] Stealth Rock
|turn|29
|
|move|p1a: Keldeo|Scald|p2a: Gardevoir
|-damage|p2a: Gardevoir|0 fnt
|faint|p2a: Gardevoir
|
|-weather|Sandstorm|[upkeep]
|-damage|p1a: Keldeo|243\/323|[from] sandstorm
|-heal|p1a: Keldeo|263\/323|[from] item: Leftovers
|
|switch|p2a: Landorus-Therian|Landorus-Therian, M|202\/319
|-damage|p2a: Landorus-Therian|163\/319|[from] Stealth Rock
|-ability|p2a: Landorus-Therian|Intimidate|[of] p1a: Keldeo
|-unboost|p1a: Keldeo|atk|1
|turn|30
|
|switch|p1a: Chesnaught|Chesnaught, F|328\/379
|-damage|p1a: Chesnaught|305\/379|[from] Stealth Rock
|move|p2a: Landorus-Therian|Earthquake|p1a: Chesnaught
|-resisted|p1a: Chesnaught
|-damage|p1a: Chesnaught|247\/379
|
|-weather|Sandstorm|[upkeep]
|-damage|p1a: Chesnaught|224\/379|[from] sandstorm
|-heal|p1a: Chesnaught|247\/379|[from] item: Leftovers
|turn|31
|
|move|p2a: Landorus-Therian|Earthquake|p1a: Chesnaught
|-resisted|p1a: Chesnaught
|-damage|p1a: Chesnaught|187\/379
|move|p1a: Chesnaught|Leech Seed|p2a: Landorus-Therian
|-start|p2a: Landorus-Therian|move: Leech Seed
|
|-weather|Sandstorm|[upkeep]
|-damage|p1a: Chesnaught|164\/379|[from] sandstorm
|-heal|p1a: Chesnaught|187\/379|[from] item: Leftovers
|-damage|p2a: Landorus-Therian|124\/319|[from] Leech Seed|[of] p1a: Chesnaught
|-heal|p1a: Chesnaught|226\/379|[silent]
|turn|32
|
|move|p2a: Landorus-Therian|Earthquake|p1a: Chesnaught
|-resisted|p1a: Chesnaught
|-damage|p1a: Chesnaught|169\/379
|move|p1a: Chesnaught|Drain Punch|p2a: Landorus-Therian
|-resisted|p2a: Landorus-Therian
|-damage|p2a: Landorus-Therian|72\/319
|-heal|p1a: Chesnaught|195\/379|[from] drain|[of] p2a: Landorus-Therian
|
|-weather|Sandstorm|[upkeep]
|-damage|p1a: Chesnaught|172\/379|[from] sandstorm
|-heal|p1a: Chesnaught|195\/379|[from] item: Leftovers
|-damage|p2a: Landorus-Therian|33\/319|[from] Leech Seed|[of] p1a: Chesnaught
|-heal|p1a: Chesnaught|234\/379|[silent]
|turn|33
|
|move|p1a: Chesnaught|Spiky Shield|p1a: Chesnaught
|-singleturn|p1a: Chesnaught|move: Protect
|move|p2a: Landorus-Therian|Earthquake|p1a: Chesnaught
|-activate|p1a: Chesnaught|move: Protect
|
|-weather|Sandstorm|[upkeep]
|-damage|p1a: Chesnaught|211\/379|[from] sandstorm
|-heal|p1a: Chesnaught|234\/379|[from] item: Leftovers
|-damage|p2a: Landorus-Therian|0 fnt|[from] Leech Seed|[of] p1a: Chesnaught
|-heal|p1a: Chesnaught|267\/379|[silent]
|faint|p2a: Landorus-Therian
|
|switch|p2a: Crawdaunt|Crawdaunt, F|111\/267
|-damage|p2a: Crawdaunt|78\/267|[from] Stealth Rock
|-damage|p2a: Crawdaunt|45\/267|[from] Spikes
|turn|34
|
|move|p2a: Crawdaunt|Dragon Dance|p2a: Crawdaunt
|-boost|p2a: Crawdaunt|atk|1
|-boost|p2a: Crawdaunt|spe|1
|move|p1a: Chesnaught|Drain Punch|p2a: Crawdaunt
|-supereffective|p2a: Crawdaunt
|-damage|p2a: Crawdaunt|0 fnt
|-heal|p1a: Chesnaught|290\/379|[from] drain|[of] p2a: Crawdaunt
|faint|p2a: Crawdaunt
|
|win|New Light
|raw|Ladder updating...
|raw|New Light's rating: 1683 &rarr; <strong>1700<\/strong><br \/>(+17 for winning)
|raw|Mega-Nido's rating: 1639 &rarr; <strong>1622<\/strong><br \/>(-17 for losing)
|leave|Mega-Nido
|player|p2