|join|New Light
|join|yay3435
|player|p1|New Light|156
|player|p2|yay3435|265
|gametype|singles
|gen|6
|tier|OU
|rated
|clearpoke
|poke|p1|Keldeo
|poke|p1|Metagross
|poke|p1|Entei, shiny
|poke|p1|Togekiss, M
|poke|p1|Chesnaught, F
|poke|p1|Mamoswine, F
|poke|p2|Politoed, F
|poke|p2|Swampert, F
|poke|p2|Kingdra, M
|poke|p2|Ferrothorn, F
|poke|p2|Latias, F
|poke|p2|Tornadus-Therian, M
|rule|Swagger Clause: Swagger is banned
|rule|Baton Pass Clause: Limit one PokÃ©mon knowing Baton Pass
|rule|Sleep Clause Mod: Limit one foe put to sleep
|rule|Species Clause: Limit one of each PokÃ©mon
|rule|OHKO Clause: OHKO moves are banned
|rule|Moody Clause: Moody is banned
|rule|Evasion Moves Clause: Evasion moves are banned
|rule|Endless Battle Clause: Forcing endless battles is banned
|rule|HP Percentage Mod: HP is shown in percentages
|teampreview
|
|start
|switch|p1a: Keldeo|Keldeo|323\/323
|switch|p2a: Ferrothorn|Ferrothorn, F|351\/351
|turn|1
|
|move|p1a: Keldeo|Secret Sword|p2a: Ferrothorn
|-supereffective|p2a: Ferrothorn
|-damage|p2a: Ferrothorn|153\/351
|move|p2a: Ferrothorn|Stealth Rock|p1a: Keldeo
|-sidestart|p1: New Light|move: Stealth Rock
|
|-heal|p2a: Ferrothorn|174\/351|[from] item: Leftovers
|turn|2
|
|move|p2a: Ferrothorn|Protect|p2a: Ferrothorn
|-singleturn|p2a: Ferrothorn|Protect
|move|p1a: Keldeo|Secret Sword|p2a: Ferrothorn
|-activate|p2a: Ferrothorn|Protect
|
|-heal|p2a: Ferrothorn|195\/351|[from] item: Leftovers
|turn|3
|
|switch|p2a: Latias|Latias, F|312\/312
|move|p1a: Keldeo|Secret Sword|p2a: Latias
|-resisted|p2a: Latias
|-damage|p2a: Latias|222\/312
|
|turn|4
|
|switch|p1a: Metagross|Metagross|301\/301
|-damage|p1a: Metagross|283\/301|[from] Stealth Rock
|move|p2a: Latias|Psyshock|p1a: Metagross
|-resisted|p1a: Metagross
|-damage|p1a: Metagross|252\/301
|-damage|p2a: Latias|191\/312|[from] item: Life Orb
|
|turn|5
|
|switch|p2a: Politoed|Politoed, F|383\/383
|-weather|RainDance
|detailschange|p1a: Metagross|Metagross-Mega
|-mega|p1a: Metagross|Metagross|Metagrossite
|move|p1a: Metagross|Earthquake|p2a: Politoed
|-damage|p2a: Politoed|224\/383
|
|-weather|RainDance|[upkeep]
|turn|6
|
|switch|p2a: Ferrothorn|Ferrothorn, F|195\/351
|move|p1a: Metagross|Zen Headbutt|p2a: Ferrothorn
|-resisted|p2a: Ferrothorn
|-damage|p2a: Ferrothorn|127\/351
|-damage|p1a: Metagross|215\/301|[from] ability: Iron Barbs|[of] p2a: Ferrothorn
|
|-weather|RainDance|[upkeep]
|-heal|p2a: Ferrothorn|148\/351|[from] item: Leftovers
|turn|7
|
|switch|p1a: Chesnaught|Chesnaught, F|379\/379
|-damage|p1a: Chesnaught|356\/379|[from] Stealth Rock
|move|p2a: Ferrothorn|Leech Seed|p1a: Chesnaught
|-immune|p1a: Chesnaught|[msg]
|
|-weather|RainDance|[upkeep]
|-heal|p1a: Chesnaught|379\/379|[from] item: Leftovers
|-heal|p2a: Ferrothorn|169\/351|[from] item: Leftovers
|turn|8
|
|switch|p2a: Tornadus-Therian|Tornadus-Therian, M|299\/299
|move|p1a: Chesnaught|Spikes|p2a: Tornadus-Therian
|-sidestart|p2: yay3435|Spikes
|
|-weather|RainDance|[upkeep]
|turn|9
|
|move|p1a: Chesnaught|Spiky Shield|p1a: Chesnaught
|-singleturn|p1a: Chesnaught|move: Protect
|move|p2a: Tornadus-Therian|Hurricane|p1a: Chesnaught
|-activate|p1a: Chesnaught|move: Protect
|
|-weather|RainDance|[upkeep]
|turn|10
|
|switch|p1a: Togekiss|Togekiss, M|373\/373
|-damage|p1a: Togekiss|280\/373|[from] Stealth Rock
|move|p2a: Tornadus-Therian|Hurricane|p1a: Togekiss
|-damage|p1a: Togekiss|128\/373
|-start|p1a: Togekiss|confusion
|-damage|p2a: Tornadus-Therian|270\/299|[from] item: Life Orb
|
|-weather|RainDance|[upkeep]
|-heal|p1a: Togekiss|151\/373|[from] item: Leftovers
|turn|11
|
|move|p2a: Tornadus-Therian|Hurricane|p1a: Togekiss
|-damage|p1a: Togekiss|9\/373
|-damage|p2a: Tornadus-Therian|241\/299|[from] item: Life Orb
|-activate|p1a: Togekiss|confusion
|-damage|p1a: Togekiss|0 fnt|[from] confusion
|faint|p1a: Togekiss
|
|-weather|RainDance|[upkeep]
|
|switch|p1a: Mamoswine|Mamoswine, F|361\/361
|-damage|p1a: Mamoswine|316\/361|[from] Stealth Rock
|turn|12
|
|move|p2a: Tornadus-Therian|Focus Blast|p1a: Mamoswine|[miss]
|-miss|p2a: Tornadus-Therian|p1a: Mamoswine
|move|p1a: Mamoswine|Stealth Rock|p2a: Tornadus-Therian
|-sidestart|p2: yay3435|move: Stealth Rock
|
|-weather|none
|turn|13
|
|switch|p2a: Politoed|Politoed, F|224\/383
|-damage|p2a: Politoed|177\/383|[from] Spikes
|-damage|p2a: Politoed|130\/383|[from] Stealth Rock
|-weather|RainDance
|move|p1a: Mamoswine|Ice Shard|p2a: Politoed
|-resisted|p2a: Politoed
|-damage|p2a: Politoed|82\/383
|
|-weather|RainDance|[upkeep]
|turn|14
|
|switch|p2a: Ferrothorn|Ferrothorn, F|169\/351
|-damage|p2a: Ferrothorn|148\/351|[from] Stealth Rock
|-damage|p2a: Ferrothorn|105\/351|[from] Spikes
|move|p1a: Mamoswine|Earthquake|p2a: Ferrothorn
|-damage|p2a: Ferrothorn|0 fnt
|faint|p2a: Ferrothorn
|
|-weather|RainDance|[upkeep]
|
|switch|p2a: Swampert|Swampert, F|341\/341
|-damage|p2a: Swampert|299\/341|[from] Spikes
|-damage|p2a: Swampert|278\/341|[from] Stealth Rock
|turn|15
|
|switch|p1a: Chesnaught|Chesnaught, F|379\/379
|-damage|p1a: Chesnaught|356\/379|[from] Stealth Rock
|detailschange|p2a: Swampert|Swampert-Mega, F
|-mega|p2a: Swampert|Swampert|Swampertite
|move|p2a: Swampert|Waterfall|p1a: Chesnaught
|-resisted|p1a: Chesnaught
|-damage|p1a: Chesnaught|278\/379
|
|-weather|RainDance|[upkeep]
|-heal|p1a: Chesnaught|301\/379|[from] item: Leftovers
|turn|16
|
|switch|p2a: Kingdra|Kingdra, M|291\/291
|-damage|p2a: Kingdra|255\/291|[from] Spikes
|-damage|p2a: Kingdra|219\/291|[from] Stealth Rock
|move|p1a: Chesnaught|Leech Seed|p2a: Kingdra
|-start|p2a: Kingdra|move: Leech Seed
|
|-weather|RainDance|[upkeep]
|-heal|p1a: Chesnaught|324\/379|[from] item: Leftovers
|-damage|p2a: Kingdra|183\/291|[from] Leech Seed|[of] p1a: Chesnaught
|-heal|p1a: Chesnaught|360\/379|[silent]
|turn|17
|
|switch|p2a: Tornadus-Therian|Tornadus-Therian, M|299\/299
|-damage|p2a: Tornadus-Therian|225\/299|[from] Stealth Rock
|move|p1a: Chesnaught|Spiky Shield|p1a: Chesnaught
|-fail|p1a: Chesnaught
|
|-weather|RainDance|[upkeep]
|-heal|p1a: Chesnaught|379\/379|[from] item: Leftovers
|turn|18
|
|move|p1a: Chesnaught|Spiky Shield|p1a: Chesnaught
|-singleturn|p1a: Chesnaught|move: Protect
|move|p2a: Tornadus-Therian|Hurricane|p1a: Chesnaught
|-activate|p1a: Chesnaught|move: Protect
|
|-weather|RainDance|[upkeep]
|turn|19
|
|switch|p1a: Keldeo|Keldeo|323\/323
|-damage|p1a: Keldeo|303\/323|[from] Stealth Rock
|move|p2a: Tornadus-Therian|Hurricane|p1a: Keldeo
|-supereffective|p1a: Keldeo
|-damage|p1a: Keldeo|0 fnt
|-damage|p2a: Tornadus-Therian|196\/299|[from] item: Life Orb
|faint|p1a: Keldeo
|
|-weather|RainDance|[upkeep]
|
|switch|p1a: Mamoswine|Mamoswine, F|316\/361
|-damage|p1a: Mamoswine|271\/361|[from] Stealth Rock
|turn|20
|
|move|p1a: Mamoswine|Ice Shard|p2a: Tornadus-Therian
|-supereffective|p2a: Tornadus-Therian
|-damage|p2a: Tornadus-Therian|20\/299
|move|p2a: Tornadus-Therian|Tailwind|p2a: Tornadus-Therian
|-sidestart|p2: yay3435|move: Tailwind
|
|-weather|none
|turn|21
|
|move|p1a: Mamoswine|Ice Shard|p2a: Tornadus-Therian
|-supereffective|p2a: Tornadus-Therian
|-damage|p2a: Tornadus-Therian|0 fnt
|faint|p2a: Tornadus-Therian
|
|
|switch|p2a: Kingdra|Kingdra, M|183\/291
|-damage|p2a: Kingdra|147\/291|[from] Stealth Rock
|-damage|p2a: Kingdra|111\/291|[from] Spikes
|turn|22
|
|move|p1a: Mamoswine|Ice Shard|p2a: Kingdra
|-damage|p2a: Kingdra|35\/291
|move|p2a: Kingdra|Dragon Pulse|p1a: Mamoswine
|-damage|p1a: Mamoswine|0 fnt
|faint|p1a: Mamoswine
|
|
|switch|p1a: Entei|Entei, shiny|371\/371
|-damage|p1a: Entei|279\/371|[from] Stealth Rock
|-ability|p1a: Entei|Pressure
|turn|23
|
|move|p1a: Entei|Extreme Speed|p2a: Kingdra
|-damage|p2a: Kingdra|0 fnt
|faint|p2a: Kingdra
|
|-sideend|p2: yay3435|move: Tailwind
|
|switch|p2a: Swampert|Swampert-Mega, F|278\/341
|-damage|p2a: Swampert|257\/341|[from] Stealth Rock
|-damage|p2a: Swampert|215\/341|[from] Spikes
|turn|24
|
|switch|p1a: Chesnaught|Chesnaught, F|379\/379
|-damage|p1a: Chesnaught|356\/379|[from] Stealth Rock
|switch|p2a: Latias|Latias, F|191\/312
|-damage|p2a: Latias|152\/312|[from] Stealth Rock
|
|-heal|p1a: Chesnaught|379\/379|[from] item: Leftovers
|turn|25
|
|move|p2a: Latias|Defog|p1a: Chesnaught
|-unboost|p1a: Chesnaught|evasion|1
|-sideend|p1: New Light|Stealth Rock|[from] move: Defog|[of] p1a: Chesnaught
|-sideend|p2: yay3435|Spikes|[from] move: Defog|[of] p2a: Latias
|-sideend|p2: yay3435|Stealth Rock|[from] move: Defog|[of] p2a: Latias
|move|p1a: Chesnaught|Leech Seed|p2a: Latias
|-start|p2a: Latias|move: Leech Seed
|
|-damage|p2a: Latias|113\/312|[from] Leech Seed|[of] p1a: Chesnaught
|turn|26
|
|move|p2a: Latias|Draco Meteor|p1a: Chesnaught
|-damage|p1a: Chesnaught|70\/379
|-unboost|p2a: Latias|spa|2
|-damage|p2a: Latias|82\/312|[from] item: Life Orb
|move|p1a: Chesnaught|Drain Punch|p2a: Latias
|-resisted|p2a: Latias
|-damage|p2a: Latias|27\/312
|-heal|p1a: Chesnaught|98\/379|[from] drain|[of] p2a: Latias
|
|-heal|p1a: Chesnaught|121\/379|[from] item: Leftovers
|-damage|p2a: Latias|0 fnt|[from] Leech Seed|[of] p1a: Chesnaught
|-heal|p1a: Chesnaught|148\/379|[silent]
|faint|p2a: Latias
|
|switch|p2a: Politoed|Politoed, F|82\/383
|-weather|RainDance
|turn|27
|
|move|p1a: Chesnaught|Spiky Shield|p1a: Chesnaught
|-singleturn|p1a: Chesnaught|move: Protect
|move|p2a: Politoed|Encore|p1a: Chesnaught
|-activate|p1a: Chesnaught|move: Protect
|
|-weather|RainDance|[upkeep]
|-heal|p1a: Chesnaught|171\/379|[from] item: Leftovers
|turn|28
|
|move|p2a: Politoed|Scald|p1a: Chesnaught
|-resisted|p1a: Chesnaught
|-damage|p1a: Chesnaught|88\/379
|move|p1a: Chesnaught|Leech Seed|p2a: Politoed
|-start|p2a: Politoed|move: Leech Seed
|
|-weather|RainDance|[upkeep]
|-heal|p1a: Chesnaught|111\/379|[from] item: Leftovers
|-damage|p2a: Politoed|35\/383|[from] Leech Seed|[of] p1a: Chesnaught
|-heal|p1a: Chesnaught|158\/379|[silent]
|turn|29
|
|switch|p2a: Swampert|Swampert-Mega, F|215\/341
|move|p1a: Chesnaught|Spiky Shield|p1a: Chesnaught
|-fail|p1a: Chesnaught
|
|-weather|RainDance|[upkeep]
|-heal|p1a: Chesnaught|181\/379|[from] item: Leftovers
|turn|30
|
|move|p1a: Chesnaught|Spiky Shield|p1a: Chesnaught
|-singleturn|p1a: Chesnaught|move: Protect
|move|p2a: Swampert|Ice Punch|p1a: Chesnaught
|-activate|p1a: Chesnaught|move: Protect
|-damage|p2a: Swampert|173\/341|[from] Spiky Shield|[of] p1a: Chesnaught
|
|-weather|RainDance|[upkeep]
|-heal|p1a: Chesnaught|204\/379|[from] item: Leftovers
|turn|31
|
|move|p2a: Swampert|Ice Punch|p1a: Chesnaught
|-supereffective|p1a: Chesnaught
|-damage|p1a: Chesnaught|74\/379
|move|p1a: Chesnaught|Leech Seed|p2a: Swampert
|-start|p2a: Swampert|move: Leech Seed
|
|-weather|RainDance|[upkeep]
|-heal|p1a: Chesnaught|97\/379|[from] item: Leftovers
|-damage|p2a: Swampert|131\/341|[from] Leech Seed|[of] p1a: Chesnaught
|-heal|p1a: Chesnaught|139\/379|[silent]
|turn|32
|-message|yay3435 forfeited.
|
|win|New Light
|raw|Ladder updating...
|leave|yay3435
|player|p2
|raw|New Light's rating: 1660 &rarr; <strong>1673<\/strong><br \/>(+13 for winning)
|raw|yay3435's rating: 1527 &rarr; <strong>1515<\/strong><br \/>(-12 for losing)