|join|New Light
|join|Piplupsucks truu
|player|p1|New Light|156
|player|p2|Piplupsucks truu|283
|gametype|singles
|gen|6
|tier|OU
|rated
|clearpoke
|poke|p1|Keldeo
|poke|p1|Metagross
|poke|p1|Entei, shiny
|poke|p1|Tyranitar, M
|poke|p1|Chesnaught, M
|poke|p1|Excadrill, F
|poke|p2|Gallade, M
|poke|p2|Bisharp, F
|poke|p2|Latios, M
|poke|p2|Landorus-Therian, M
|poke|p2|Rotom-Wash
|poke|p2|Heatran, M, shiny
|rule|Swagger Clause: Swagger is banned
|rule|Baton Pass Clause: Limit one PokÃ©mon knowing Baton Pass
|rule|Sleep Clause Mod: Limit one foe put to sleep
|rule|Species Clause: Limit one of each PokÃ©mon
|rule|OHKO Clause: OHKO moves are banned
|rule|Moody Clause: Moody is banned
|rule|Evasion Moves Clause: Evasion moves are banned
|rule|Endless Battle Clause: Forcing endless battles is banned
|rule|HP Percentage Mod: HP is shown in percentages
|teampreview
|
|start
|switch|p1a: Excadrill|Excadrill, F|361\/361
|switch|p2a: Landorus-Therian|Landorus-Therian, M|319\/319
|-ability|p2a: Landorus-Therian|Intimidate|[of] p1a: Excadrill
|-unboost|p1a: Excadrill|atk|1
|-item|p1a: Excadrill|Air Balloon
|turn|1
|
|switch|p1a: Chesnaught|Chesnaught, M|379\/379
|move|p2a: Landorus-Therian|U-turn|p1a: Chesnaught
|-damage|p1a: Chesnaught|321\/379
|
|switch|p2a: Heatran|Heatran, M, shiny|326\/326
|-item|p2a: Heatran|Air Balloon
|
|-heal|p1a: Chesnaught|344\/379|[from] item: Leftovers
|turn|2
|
|switch|p1a: Keldeo|Keldeo|323\/323
|move|p2a: Heatran|Fire Blast|p1a: Keldeo
|-resisted|p1a: Keldeo
|-damage|p1a: Keldeo|211\/323
|
|-heal|p1a: Keldeo|231\/323|[from] item: Leftovers
|turn|3
|
|switch|p2a: Latios|Latios, M|301\/301
|move|p1a: Keldeo|Scald|p2a: Latios
|-resisted|p2a: Latios
|-damage|p2a: Latios|238\/301
|
|-heal|p1a: Keldeo|251\/323|[from] item: Leftovers
|turn|4
|
|switch|p2a: Gallade|Gallade, M|277\/277
|switch|p1a: Tyranitar|Tyranitar, M|403\/403
|-weather|Sandstorm
|
|-weather|Sandstorm|[upkeep]
|-damage|p2a: Gallade|260\/277|[from] sandstorm
|turn|5
|
|switch|p1a: Chesnaught|Chesnaught, M|344\/379
|detailschange|p2a: Gallade|Gallade-Mega, M
|-mega|p2a: Gallade|Gallade|Galladite
|move|p2a: Gallade|Close Combat|p1a: Chesnaught
|-damage|p1a: Chesnaught|173\/379
|-unboost|p2a: Gallade|def|1
|-unboost|p2a: Gallade|spd|1
|
|-weather|Sandstorm|[upkeep]
|-damage|p2a: Gallade|243\/277|[from] sandstorm
|-damage|p1a: Chesnaught|150\/379|[from] sandstorm
|-heal|p1a: Chesnaught|173\/379|[from] item: Leftovers
|turn|6
|
|switch|p1a: Excadrill|Excadrill, F|361\/361
|-item|p1a: Excadrill|Air Balloon
|move|p2a: Gallade|Zen Headbutt|p1a: Excadrill
|-resisted|p1a: Excadrill
|-damage|p1a: Excadrill|235\/361
|-enditem|p1a: Excadrill|Air Balloon
|
|-weather|Sandstorm|[upkeep]
|-damage|p2a: Gallade|226\/277|[from] sandstorm
|turn|7
|
|switch|p2a: Rotom-Wash|Rotom-Wash|303\/303
|move|p1a: Excadrill|Rock Slide|p2a: Rotom-Wash
|-damage|p2a: Rotom-Wash|232\/303
|
|-weather|Sandstorm|[upkeep]
|-damage|p2a: Rotom-Wash|214\/303|[from] sandstorm
|-heal|p2a: Rotom-Wash|232\/303|[from] item: Leftovers
|turn|8
|
|switch|p1a: Entei|Entei, shiny|371\/371
|-ability|p1a: Entei|Pressure
|move|p2a: Rotom-Wash|Will-O-Wisp|p1a: Entei
|-fail|p1a: Entei
|
|-weather|Sandstorm|[upkeep]
|-damage|p1a: Entei|348\/371|[from] sandstorm
|-damage|p2a: Rotom-Wash|214\/303|[from] sandstorm
|-heal|p2a: Rotom-Wash|232\/303|[from] item: Leftovers
|turn|9
|
|move|p1a: Entei|Sacred Fire|p2a: Rotom-Wash
|-resisted|p2a: Rotom-Wash
|-damage|p2a: Rotom-Wash|146\/303
|-status|p2a: Rotom-Wash|brn
|-damage|p1a: Entei|311\/371|[from] item: Life Orb
|move|p2a: Rotom-Wash|Volt Switch|p1a: Entei
|-damage|p1a: Entei|199\/371
|c|âPiplupsucks truu|Sacred Love Your vis
|c|âPiplupsucks truu|vids*
|
|switch|p2a: Heatran|Heatran, M, shiny|326\/326
|-item|p2a: Heatran|Air Balloon
|
|-weather|Sandstorm|[upkeep]
|-damage|p1a: Entei|176\/371|[from] sandstorm
|turn|10
|
|move|p1a: Entei|Stone Edge|p2a: Heatran
|-damage|p2a: Heatran|171\/326
|-enditem|p2a: Heatran|Air Balloon
|-damage|p1a: Entei|139\/371|[from] item: Life Orb
|move|p2a: Heatran|Stealth Rock|p1a: Entei
|-sidestart|p1: New Light|move: Stealth Rock
|
|-weather|Sandstorm|[upkeep]
|-damage|p1a: Entei|116\/371|[from] sandstorm
|turn|11
|
|switch|p2a: Landorus-Therian|Landorus-Therian, M|319\/319
|-ability|p2a: Landorus-Therian|Intimidate|[of] p1a: Entei
|-unboost|p1a: Entei|atk|1
|move|p1a: Entei|Bulldoze|p2a: Landorus-Therian
|-immune|p2a: Landorus-Therian|[msg]
|
|-weather|none
|turn|12
|
|move|p2a: Landorus-Therian|Knock Off|p1a: Entei
|-damage|p1a: Entei|0 fnt
|-enditem|p1a: Entei|Life Orb|[from] move: Knock Off|[of] p2a: Landorus-Therian
|faint|p1a: Entei
|
|
|switch|p1a: Keldeo|Keldeo|251\/323
|-damage|p1a: Keldeo|231\/323|[from] Stealth Rock
|turn|13
|
|switch|p2a: Rotom-Wash|Rotom-Wash|146\/303 brn
|move|p1a: Keldeo|Substitute|p1a: Keldeo
|-start|p1a: Keldeo|Substitute
|-damage|p1a: Keldeo|151\/323
|
|-heal|p1a: Keldeo|171\/323|[from] item: Leftovers
|-heal|p2a: Rotom-Wash|164\/303 brn|[from] item: Leftovers
|-damage|p2a: Rotom-Wash|127\/303 brn|[from] brn
|turn|14
|
|move|p1a: Keldeo|Secret Sword|p2a: Rotom-Wash
|-damage|p2a: Rotom-Wash|7\/303 brn
|move|p2a: Rotom-Wash|Volt Switch|p1a: Keldeo
|-supereffective|p1a: Keldeo
|-end|p1a: Keldeo|Substitute
|
|switch|p2a: Gallade|Gallade-Mega, M|226\/277
|
|-heal|p1a: Keldeo|191\/323|[from] item: Leftovers
|turn|15
|
|switch|p1a: Tyranitar|Tyranitar, M|403\/403
|-damage|p1a: Tyranitar|353\/403|[from] Stealth Rock
|-weather|Sandstorm
|move|p2a: Gallade|Close Combat|p1a: Tyranitar
|-supereffective|p1a: Tyranitar
|-damage|p1a: Tyranitar|0 fnt
|-unboost|p2a: Gallade|def|1
|-unboost|p2a: Gallade|spd|1
|faint|p1a: Tyranitar
|
|-weather|Sandstorm|[upkeep]
|-damage|p2a: Gallade|209\/277|[from] sandstorm
|
|switch|p1a: Metagross|Metagross|301\/301
|-damage|p1a: Metagross|283\/301|[from] Stealth Rock
|turn|16
|
|switch|p2a: Rotom-Wash|Rotom-Wash|7\/303 brn
|detailschange|p1a: Metagross|Metagross-Mega
|-mega|p1a: Metagross|Metagross|Metagrossite
|move|p1a: Metagross|Meteor Mash|p2a: Rotom-Wash
|-resisted|p2a: Rotom-Wash
|-damage|p2a: Rotom-Wash|0 fnt
|faint|p2a: Rotom-Wash
|
|-weather|Sandstorm|[upkeep]
|
|switch|p2a: Landorus-Therian|Landorus-Therian, M|319\/319
|-ability|p2a: Landorus-Therian|Intimidate|[of] p1a: Metagross
|-unboost|p1a: Metagross|atk|1
|turn|17
|
|switch|p1a: Chesnaught|Chesnaught, M|173\/379
|-damage|p1a: Chesnaught|150\/379|[from] Stealth Rock
|move|p2a: Landorus-Therian|Earthquake|p1a: Chesnaught
|-resisted|p1a: Chesnaught
|-damage|p1a: Chesnaught|87\/379
|
|-weather|Sandstorm|[upkeep]
|-damage|p1a: Chesnaught|64\/379|[from] sandstorm
|-heal|p1a: Chesnaught|87\/379|[from] item: Leftovers
|turn|18
|
|move|p2a: Landorus-Therian|Earthquake|p1a: Chesnaught
|-resisted|p1a: Chesnaught
|-damage|p1a: Chesnaught|24\/379
|move|p1a: Chesnaught|Leech Seed|p2a: Landorus-Therian
|-start|p2a: Landorus-Therian|move: Leech Seed
|
|-weather|Sandstorm|[upkeep]
|-damage|p1a: Chesnaught|1\/379|[from] sandstorm
|-heal|p1a: Chesnaught|24\/379|[from] item: Leftovers
|-damage|p2a: Landorus-Therian|280\/319|[from] Leech Seed|[of] p1a: Chesnaught
|-heal|p1a: Chesnaught|63\/379|[silent]
|turn|19
|
|switch|p2a: Heatran|Heatran, M, shiny|171\/326
|move|p1a: Chesnaught|Spiky Shield|p1a: Chesnaught
|-fail|p1a: Chesnaught
|
|-weather|Sandstorm|[upkeep]
|-damage|p1a: Chesnaught|40\/379|[from] sandstorm
|-heal|p1a: Chesnaught|63\/379|[from] item: Leftovers
|turn|20
|
|move|p2a: Heatran|Flash Cannon|p1a: Chesnaught
|-damage|p1a: Chesnaught|0 fnt
|faint|p1a: Chesnaught
|
|-weather|Sandstorm|[upkeep]
|
|switch|p1a: Excadrill|Excadrill, F|235\/361
|-damage|p1a: Excadrill|224\/361|[from] Stealth Rock
|turn|21
|
|move|p1a: Excadrill|Iron Head|p2a: Heatran
|-resisted|p2a: Heatran
|-damage|p2a: Heatran|132\/326
|cant|p2a: Heatran|flinch
|
|-weather|Sandstorm|[upkeep]
|turn|22
|
|move|p1a: Excadrill|Earthquake|p2a: Heatran
|-supereffective|p2a: Heatran
|-damage|p2a: Heatran|0 fnt
|faint|p2a: Heatran
|
|-weather|none
|
|switch|p2a: Gallade|Gallade-Mega, M|209\/277
|turn|23
|
|move|p2a: Gallade|Close Combat|p1a: Excadrill
|-supereffective|p1a: Excadrill
|-damage|p1a: Excadrill|0 fnt
|-unboost|p2a: Gallade|def|1
|-unboost|p2a: Gallade|spd|1
|faint|p1a: Excadrill
|
|
|switch|p1a: Metagross|Metagross-Mega|283\/301
|-damage|p1a: Metagross|265\/301|[from] Stealth Rock
|turn|24
|
|move|p2a: Gallade|Close Combat|p1a: Metagross
|-damage|p1a: Metagross|58\/301
|-unboost|p2a: Gallade|def|1
|-unboost|p2a: Gallade|spd|1
|move|p1a: Metagross|Meteor Mash|p2a: Gallade
|-damage|p2a: Gallade|0 fnt
|faint|p2a: Gallade
|
|
|switch|p2a: Landorus-Therian|Landorus-Therian, M|280\/319
|-ability|p2a: Landorus-Therian|Intimidate|[of] p1a: Metagross
|-unboost|p1a: Metagross|atk|1
|turn|25
|
|move|p2a: Landorus-Therian|Earthquake|p1a: Metagross
|-supereffective|p1a: Metagross
|-damage|p1a: Metagross|0 fnt
|faint|p1a: Metagross
|
|
|switch|p1a: Keldeo|Keldeo|191\/323
|-damage|p1a: Keldeo|171\/323|[from] Stealth Rock
|turn|26
|
|move|p2a: Landorus-Therian|Earthquake|p1a: Keldeo
|-damage|p1a: Keldeo|0 fnt
|faint|p1a: Keldeo
|
|win|Piplupsucks truu
|raw|Ladder updating...
|c|âPiplupsucks truu|gg