|join|Pachirisu queen
|join|New Light
|player|p1|Pachirisu queen|138
|player|p2|New Light|156
|gametype|singles
|gen|6
|tier|OU
|rated
|clearpoke
|poke|p1|Charizard, F
|poke|p1|Slowbro, M
|poke|p1|Togekiss, F
|poke|p1|Dugtrio, F
|poke|p1|Rotom-Wash
|poke|p1|Serperior, M
|poke|p2|Keldeo
|poke|p2|Metagross
|poke|p2|Skarmory, F
|poke|p2|Tyranitar, M
|poke|p2|Kyurem-Black, shiny
|poke|p2|Slowbro, F, shiny
|rule|Swagger Clause: Swagger is banned
|rule|Baton Pass Clause: Limit one PokÃ©mon knowing Baton Pass
|rule|Sleep Clause Mod: Limit one foe put to sleep
|rule|Species Clause: Limit one of each PokÃ©mon
|rule|OHKO Clause: OHKO moves are banned
|rule|Moody Clause: Moody is banned
|rule|Evasion Moves Clause: Evasion moves are banned
|rule|Endless Battle Clause: Forcing endless battles is banned
|rule|HP Percentage Mod: HP is shown in percentages
|teampreview
|
|start
|switch|p1a: Ichthyosaurus|Rotom-Wash|303\/303
|switch|p2a: Kyurem-Black|Kyurem-Black, shiny|391\/391
|-ability|p2a: Kyurem-Black|Teravolt
|turn|1
|
|switch|p1a: Sloth|Dugtrio, F|201\/201
|move|p2a: Kyurem-Black|Substitute|p2a: Kyurem-Black
|-start|p2a: Kyurem-Black|Substitute
|-damage|p2a: Kyurem-Black|294\/391
|
|-heal|p2a: Kyurem-Black|318\/391|[from] item: Leftovers
|turn|2
|
|move|p1a: Sloth|Earthquake|p2a: Kyurem-Black
|-end|p2a: Kyurem-Black|Substitute
|move|p2a: Kyurem-Black|Earth Power|p1a: Sloth
|-crit|p1a: Sloth
|-enditem|p1a: Sloth|Focus Sash
|-damage|p1a: Sloth|1\/201
|
|-heal|p2a: Kyurem-Black|342\/391|[from] item: Leftovers
|turn|3
|
|move|p1a: Sloth|Reversal|p2a: Kyurem-Black
|-supereffective|p2a: Kyurem-Black
|-damage|p2a: Kyurem-Black|0 fnt
|faint|p2a: Kyurem-Black
|
|
|switch|p2a: Skarmory|Skarmory, F|333\/333
|turn|4
|
|move|p1a: Sloth|Stealth Rock|p2a: Skarmory
|-sidestart|p2: New Light|move: Stealth Rock
|move|p2a: Skarmory|Spikes|p1a: Sloth
|-sidestart|p1: Pachirisu queen|Spikes
|
|turn|5
|
|switch|p1a: Ichthyosaurus|Rotom-Wash|303\/303
|move|p2a: Skarmory|Spikes|p1a: Ichthyosaurus
|-sidestart|p1: Pachirisu queen|Spikes
|
|turn|6
|
|move|p1a: Ichthyosaurus|Will-O-Wisp|p2a: Skarmory
|-status|p2a: Skarmory|brn
|move|p2a: Skarmory|Spikes|p1a: Ichthyosaurus
|-sidestart|p1: Pachirisu queen|Spikes
|
|-damage|p2a: Skarmory|292\/333 brn|[from] brn
|turn|7
|
|switch|p2a: Tyranitar|Tyranitar, M|404\/404
|-damage|p2a: Tyranitar|354\/404|[from] Stealth Rock
|-weather|Sandstorm
|move|p1a: Ichthyosaurus|Volt Switch|p2a: Tyranitar
|-crit|p2a: Tyranitar
|-damage|p2a: Tyranitar|288\/404
|
|switch|p1a: Pterodactyl|Togekiss, F|369\/369
|
|-weather|Sandstorm|[upkeep]
|-damage|p1a: Pterodactyl|346\/369|[from] sandstorm
|-heal|p1a: Pterodactyl|369\/369|[from] item: Leftovers
|-heal|p2a: Tyranitar|313\/404|[from] item: Leftovers
|turn|8
|
|move|p1a: Pterodactyl|Thunder Wave|p2a: Tyranitar
|-status|p2a: Tyranitar|par
|move|p2a: Tyranitar|Stone Edge|p1a: Pterodactyl
|-supereffective|p1a: Pterodactyl
|-damage|p1a: Pterodactyl|145\/369
|
|-weather|Sandstorm|[upkeep]
|-damage|p1a: Pterodactyl|122\/369|[from] sandstorm
|-heal|p1a: Pterodactyl|145\/369|[from] item: Leftovers
|-heal|p2a: Tyranitar|338\/404 par|[from] item: Leftovers
|turn|9
|
|move|p1a: Pterodactyl|Roost|p1a: Pterodactyl
|-heal|p1a: Pterodactyl|330\/369
|move|p2a: Tyranitar|Stealth Rock|p1a: Pterodactyl
|-sidestart|p1: Pachirisu queen|move: Stealth Rock
|
|-weather|Sandstorm|[upkeep]
|-damage|p1a: Pterodactyl|307\/369|[from] sandstorm
|-heal|p1a: Pterodactyl|330\/369|[from] item: Leftovers
|-heal|p2a: Tyranitar|363\/404 par|[from] item: Leftovers
|turn|10
|
|switch|p2a: Metagross|Metagross|301\/301
|-damage|p2a: Metagross|283\/301|[from] Stealth Rock
|move|p1a: Pterodactyl|Defog|p2a: Metagross
|-fail|p2a: Metagross|unboost|[from] ability: Clear Body|[of] p2a: Metagross
|-sideend|p2: New Light|Stealth Rock|[from] move: Defog|[of] p2a: Metagross
|-sideend|p1: Pachirisu queen|Spikes|[from] move: Defog|[of] p1a: Pterodactyl
|-sideend|p1: Pachirisu queen|Stealth Rock|[from] move: Defog|[of] p1a: Pterodactyl
|
|-weather|Sandstorm|[upkeep]
|-damage|p1a: Pterodactyl|307\/369|[from] sandstorm
|-heal|p1a: Pterodactyl|330\/369|[from] item: Leftovers
|turn|11
|
|switch|p1a: Ankylosaurus|Slowbro, M|385\/385
|detailschange|p2a: Metagross|Metagross-Mega
|-mega|p2a: Metagross|Metagross|Metagrossite
|move|p2a: Metagross|Meteor Mash|p1a: Ankylosaurus|[miss]
|-miss|p2a: Metagross|p1a: Ankylosaurus
|
|-weather|none
|turn|12
|
|switch|p2a: Slowbro|Slowbro, F, shiny|394\/394
|move|p1a: Ankylosaurus|Scald|p2a: Slowbro
|-resisted|p2a: Slowbro
|-damage|p2a: Slowbro|342\/394
|
|-heal|p2a: Slowbro|366\/394|[from] item: Leftovers
|turn|13
|
|switch|p1a: Ichthyosaurus|Rotom-Wash|303\/303
|move|p2a: Slowbro|Scald|p1a: Ichthyosaurus
|-resisted|p1a: Ichthyosaurus
|-damage|p1a: Ichthyosaurus|258\/303
|
|-heal|p1a: Ichthyosaurus|276\/303|[from] item: Leftovers
|-heal|p2a: Slowbro|390\/394|[from] item: Leftovers
|turn|14
|
|move|p1a: Ichthyosaurus|Volt Switch|p2a: Slowbro
|-supereffective|p2a: Slowbro
|-damage|p2a: Slowbro|174\/394
|
|switch|p1a: Stegosaurus|Serperior, M|291\/291
|move|p2a: Slowbro|Scald|p1a: Stegosaurus
|-resisted|p1a: Stegosaurus
|-damage|p1a: Stegosaurus|238\/291
|
|-heal|p1a: Stegosaurus|256\/291|[from] item: Leftovers
|-heal|p2a: Slowbro|198\/394|[from] item: Leftovers
|turn|15
|
|switch|p2a: Metagross|Metagross-Mega|283\/301
|move|p1a: Stegosaurus|Substitute|p1a: Stegosaurus
|-start|p1a: Stegosaurus|Substitute
|-damage|p1a: Stegosaurus|184\/291
|
|-heal|p1a: Stegosaurus|202\/291|[from] item: Leftovers
|turn|16
|
|move|p1a: Stegosaurus|Leaf Storm|p2a: Metagross|[miss]
|-miss|p1a: Stegosaurus|p2a: Metagross
|move|p2a: Metagross|Meteor Mash|p1a: Stegosaurus
|-end|p1a: Stegosaurus|Substitute
|
|-heal|p1a: Stegosaurus|220\/291|[from] item: Leftovers
|turn|17
|c|âPachirisu queen|Nice
|
|switch|p1a: Ankylosaurus|Slowbro, M|385\/385
|move|p2a: Metagross|Meteor Mash|p1a: Ankylosaurus
|-resisted|p1a: Ankylosaurus
|-damage|p1a: Ankylosaurus|300\/385
|
|-heal|p1a: Ankylosaurus|324\/385|[from] item: Leftovers
|turn|18
|
|switch|p1a: Stegosaurus|Serperior, M|220\/291
|move|p2a: Metagross|Thunder Punch|p1a: Stegosaurus
|-resisted|p1a: Stegosaurus
|-damage|p1a: Stegosaurus|151\/291
|
|-heal|p1a: Stegosaurus|169\/291|[from] item: Leftovers
|turn|19
|
|switch|p1a: Ankylosaurus|Slowbro, M|385\/385
|move|p2a: Metagross|Meteor Mash|p1a: Ankylosaurus
|-resisted|p1a: Ankylosaurus
|-damage|p1a: Ankylosaurus|307\/385
|
|-heal|p1a: Ankylosaurus|331\/385|[from] item: Leftovers
|turn|20
|
|switch|p2a: Slowbro|Slowbro, F, shiny|329\/394
|move|p1a: Ankylosaurus|Thunder Wave|p2a: Slowbro
|-status|p2a: Slowbro|par
|
|-heal|p1a: Ankylosaurus|355\/385|[from] item: Leftovers
|-heal|p2a: Slowbro|353\/394 par|[from] item: Leftovers
|turn|21
|
|switch|p1a: Ichthyosaurus|Rotom-Wash|276\/303
|move|p2a: Slowbro|Thunder Wave|p1a: Ichthyosaurus
|-fail|p1a: Ichthyosaurus
|
|-heal|p1a: Ichthyosaurus|294\/303|[from] item: Leftovers
|-heal|p2a: Slowbro|377\/394 par|[from] item: Leftovers
|turn|22
|
|move|p1a: Ichthyosaurus|Volt Switch|p2a: Slowbro
|-supereffective|p2a: Slowbro
|-damage|p2a: Slowbro|165\/394 par
|
|switch|p1a: Pterodactyl|Togekiss, F|330\/369
|move|p2a: Slowbro|Scald|p1a: Pterodactyl
|-damage|p1a: Pterodactyl|242\/369
|
|-heal|p1a: Pterodactyl|265\/369|[from] item: Leftovers
|-heal|p2a: Slowbro|189\/394 par|[from] item: Leftovers
|turn|23
|
|switch|p1a: Sloth|Dugtrio, F|1\/201
|switch|p2a: Tyranitar|Tyranitar, M|363\/404 par
|-weather|Sandstorm
|
|-weather|Sandstorm|[upkeep]
|-heal|p2a: Tyranitar|388\/404 par|[from] item: Leftovers
|turn|24
|
|move|p1a: Sloth|Reversal|p2a: Tyranitar
|-supereffective|p2a: Tyranitar
|-damage|p2a: Tyranitar|0 fnt
|faint|p2a: Tyranitar
|
|-weather|Sandstorm|[upkeep]
|
|switch|p2a: Keldeo|Keldeo|323\/323
|turn|25
|
|switch|p1a: Ankylosaurus|Slowbro, M|385\/385
|move|p2a: Keldeo|Scald|p1a: Ankylosaurus
|-crit|p1a: Ankylosaurus
|-resisted|p1a: Ankylosaurus
|-damage|p1a: Ankylosaurus|197\/385
|
|-weather|Sandstorm|[upkeep]
|-damage|p2a: Keldeo|303\/323|[from] sandstorm
|-damage|p1a: Ankylosaurus|173\/385|[from] sandstorm
|-heal|p1a: Ankylosaurus|197\/385|[from] item: Leftovers
|turn|26
|
|switch|p2a: Slowbro|Slowbro, F, shiny|320\/394 par
|switch|p1a: Ichthyosaurus|Rotom-Wash|294\/303
|
|-weather|Sandstorm|[upkeep]
|-damage|p1a: Ichthyosaurus|276\/303|[from] sandstorm
|-damage|p2a: Slowbro|296\/394 par|[from] sandstorm
|-heal|p1a: Ichthyosaurus|294\/303|[from] item: Leftovers
|-heal|p2a: Slowbro|320\/394 par|[from] item: Leftovers
|turn|27
|
|move|p1a: Ichthyosaurus|Volt Switch|p2a: Slowbro
|-supereffective|p2a: Slowbro
|-damage|p2a: Slowbro|104\/394 par
|
|switch|p1a: Pterodactyl|Togekiss, F|265\/369
|move|p2a: Slowbro|Scald|p1a: Pterodactyl
|-damage|p1a: Pterodactyl|186\/369
|-status|p1a: Pterodactyl|brn
|
|-weather|none
|-heal|p1a: Pterodactyl|209\/369 brn|[from] item: Leftovers
|-heal|p2a: Slowbro|128\/394 par|[from] item: Leftovers
|-damage|p1a: Pterodactyl|163\/369 brn|[from] brn
|turn|28
|
|switch|p2a: Skarmory|Skarmory, F|292\/333 brn
|move|p1a: Pterodactyl|Air Slash|p2a: Skarmory
|-resisted|p2a: Skarmory
|-damage|p2a: Skarmory|217\/333 brn
|
|-heal|p1a: Pterodactyl|186\/369 brn|[from] item: Leftovers
|-damage|p1a: Pterodactyl|140\/369 brn|[from] brn
|-damage|p2a: Skarmory|176\/333 brn|[from] brn
|turn|29
|
|move|p1a: Pterodactyl|Roost|p1a: Pterodactyl
|-heal|p1a: Pterodactyl|325\/369 brn
|move|p2a: Skarmory|Whirlwind|p1a: Pterodactyl
|drag|p1a: Tyrannosaurus|Charizard, F|315\/315
|
|-damage|p2a: Skarmory|135\/333 brn|[from] brn
|turn|30
|
|switch|p2a: Slowbro|Slowbro, F, shiny|259\/394 par
|detailschange|p1a: Tyrannosaurus|Charizard-Mega-X, F
|-mega|p1a: Tyrannosaurus|Charizard|Charizardite X
|move|p1a: Tyrannosaurus|Flare Blitz|p2a: Slowbro
|-resisted|p2a: Slowbro
|-damage|p2a: Slowbro|162\/394 par
|-damage|p1a: Tyrannosaurus|283\/315|[from] recoil|[of] p2a: Slowbro
|
|-heal|p2a: Slowbro|186\/394 par|[from] item: Leftovers
|turn|31
|
|switch|p1a: Ichthyosaurus|Rotom-Wash|294\/303
|cant|p2a: Slowbro|par
|
|-heal|p1a: Ichthyosaurus|303\/303|[from] item: Leftovers
|-heal|p2a: Slowbro|210\/394 par|[from] item: Leftovers
|turn|32
|
|move|p1a: Ichthyosaurus|Volt Switch|p2a: Slowbro
|-supereffective|p2a: Slowbro
|-damage|p2a: Slowbro|0 fnt
|faint|p2a: Slowbro
|
|switch|p1a: Ankylosaurus|Slowbro, M|325\/385
|
|-heal|p1a: Ankylosaurus|349\/385|[from] item: Leftovers
|
|switch|p2a: Skarmory|Skarmory, F|135\/333 brn
|turn|33
|
|switch|p1a: Pterodactyl|Togekiss, F|325\/369 brn
|move|p2a: Skarmory|Spikes|p1a: Pterodactyl
|-sidestart|p1: Pachirisu queen|Spikes
|
|-heal|p1a: Pterodactyl|348\/369 brn|[from] item: Leftovers
|-damage|p1a: Pterodactyl|302\/369 brn|[from] brn
|-damage|p2a: Skarmory|94\/333 brn|[from] brn
|turn|34
|
|switch|p2a: Keldeo|Keldeo|303\/323
|move|p1a: Pterodactyl|Defog|p2a: Keldeo
|-unboost|p2a: Keldeo|evasion|1
|-sideend|p1: Pachirisu queen|Spikes|[from] move: Defog|[of] p1a: Pterodactyl
|
|-heal|p1a: Pterodactyl|325\/369 brn|[from] item: Leftovers
|-damage|p1a: Pterodactyl|279\/369 brn|[from] brn
|turn|35
|
|switch|p1a: Ankylosaurus|Slowbro, M|385\/385
|move|p2a: Keldeo|Scald|p1a: Ankylosaurus
|-resisted|p1a: Ankylosaurus
|-damage|p1a: Ankylosaurus|262\/385
|
|-heal|p1a: Ankylosaurus|286\/385|[from] item: Leftovers
|turn|36
|
|move|p2a: Keldeo|Scald|p1a: Ankylosaurus
|-resisted|p1a: Ankylosaurus
|-damage|p1a: Ankylosaurus|158\/385
|move|p1a: Ankylosaurus|Thunder Wave|p2a: Keldeo
|-status|p2a: Keldeo|par
|
|-heal|p1a: Ankylosaurus|182\/385|[from] item: Leftovers
|turn|37
|join|Trollerite
|
|move|p1a: Ankylosaurus|Slack Off|p1a: Ankylosaurus
|-heal|p1a: Ankylosaurus|375\/385
|cant|p2a: Keldeo|par
|
|-heal|p1a: Ankylosaurus|385\/385|[from] item: Leftovers
|turn|38
|
|move|p1a: Ankylosaurus|Psyshock|p2a: Keldeo
|-supereffective|p2a: Keldeo
|-damage|p2a: Keldeo|87\/323 par
|move|p2a: Keldeo|Scald|p1a: Ankylosaurus
|-resisted|p1a: Ankylosaurus
|-damage|p1a: Ankylosaurus|262\/385
|
|-heal|p1a: Ankylosaurus|286\/385|[from] item: Leftovers
|turn|39
|
|move|p1a: Ankylosaurus|Psyshock|p2a: Keldeo
|-supereffective|p2a: Keldeo
|-damage|p2a: Keldeo|0 fnt
|faint|p2a: Keldeo
|
|-heal|p1a: Ankylosaurus|310\/385|[from] item: Leftovers
|
|switch|p2a: Metagross|Metagross-Mega|283\/301
|turn|40
|
|move|p2a: Metagross|Thunder Punch|p1a: Ankylosaurus
|-supereffective|p1a: Ankylosaurus
|-damage|p1a: Ankylosaurus|124\/385
|move|p1a: Ankylosaurus|Thunder Wave|p2a: Metagross
|-status|p2a: Metagross|par
|
|-heal|p1a: Ankylosaurus|148\/385|[from] item: Leftovers
|turn|41
|
|move|p1a: Ankylosaurus|Slack Off|p1a: Ankylosaurus
|-heal|p1a: Ankylosaurus|341\/385
|move|p2a: Metagross|Thunder Punch|p1a: Ankylosaurus
|-supereffective|p1a: Ankylosaurus
|-damage|p1a: Ankylosaurus|151\/385
|
|-heal|p1a: Ankylosaurus|175\/385|[from] item: Leftovers
|turn|42
|
|move|p1a: Ankylosaurus|Slack Off|p1a: Ankylosaurus
|-heal|p1a: Ankylosaurus|368\/385
|move|p2a: Metagross|Thunder Punch|p1a: Ankylosaurus
|-supereffective|p1a: Ankylosaurus
|-damage|p1a: Ankylosaurus|178\/385
|
|-heal|p1a: Ankylosaurus|202\/385|[from] item: Leftovers
|turn|43
|
|switch|p1a: Sloth|Dugtrio, F|1\/201
|move|p2a: Metagross|Thunder Punch|p1a: Sloth
|-immune|p1a: Sloth|[msg]
|
|turn|44
|
|move|p1a: Sloth|Earthquake|p2a: Metagross
|-supereffective|p2a: Metagross
|-damage|p2a: Metagross|103\/301 par
|cant|p2a: Metagross|par
|
|turn|45
|-message|New Light forfeited.
|leave|New Light
|
|win|Pachirisu queen
|raw|Ladder updating...
|player|p2
|leave|Trollerite
|raw|Pachirisu queen's rating: 1665 &rarr; <strong>1686<\/strong><br \/>(+21 for winning)
|raw|New Light's rating: 1674 &rarr; <strong>1654<\/strong><br \/>(-20 for losing)