|join|New Light
|join|smurferino333
|player|p1|New Light|156
|player|p2|smurferino333|290
|gametype|singles
|gen|6
|tier|OU
|rated
|clearpoke
|poke|p1|Keldeo
|poke|p1|Metagross
|poke|p1|Entei, shiny
|poke|p1|Togekiss, M
|poke|p1|Chesnaught, F
|poke|p1|Mamoswine, F
|poke|p2|Salamence, F
|poke|p2|Rotom-Wash
|poke|p2|Metagross
|poke|p2|Gliscor, F
|poke|p2|Empoleon, F
|poke|p2|Gengar, M
|rule|Swagger Clause: Swagger is banned
|rule|Baton Pass Clause: Limit one PokÃ©mon knowing Baton Pass
|rule|Sleep Clause Mod: Limit one foe put to sleep
|rule|Species Clause: Limit one of each PokÃ©mon
|rule|OHKO Clause: OHKO moves are banned
|rule|Moody Clause: Moody is banned
|rule|Evasion Moves Clause: Evasion moves are banned
|rule|Endless Battle Clause: Forcing endless battles is banned
|rule|HP Percentage Mod: HP is shown in percentages
|teampreview
|
|start
|switch|p1a: Entei|Entei, shiny|371\/371
|switch|p2a: Gengar|Gengar, M|261\/261
|-ability|p1a: Entei|Pressure
|turn|1
|
|move|p2a: Gengar|Sludge Wave|p1a: Entei
|-damage|p1a: Entei|215\/371
|move|p1a: Entei|Sacred Fire|p2a: Gengar
|-damage|p2a: Gengar|12\/261
|
|turn|2
|
|move|p2a: Gengar|Destiny Bond|p2a: Gengar
|-singlemove|p2a: Gengar|Destiny Bond
|move|p1a: Entei|Sacred Fire|p2a: Gengar
|-damage|p2a: Gengar|0 fnt
|faint|p2a: Gengar
|-activate|p2a: Gengar|Destiny Bond
|faint|p1a: Entei
|
|
|switch|p1a: Keldeo|Keldeo|323\/323
|switch|p2a: Metagross|Metagross|302\/302
|turn|3
|
|switch|p1a: Metagross|Metagross|301\/301
|detailschange|p2a: Metagross|Metagross-Mega
|-mega|p2a: Metagross|Metagross|Metagrossite
|move|p2a: Metagross|Zen Headbutt|p1a: Metagross|[miss]
|-miss|p2a: Metagross|p1a: Metagross
|
|turn|4
|
|detailschange|p1a: Metagross|Metagross-Mega
|-mega|p1a: Metagross|Metagross|Metagrossite
|move|p2a: Metagross|Earthquake|p1a: Metagross
|-supereffective|p1a: Metagross
|-damage|p1a: Metagross|107\/301
|move|p1a: Metagross|Earthquake|p2a: Metagross
|-supereffective|p2a: Metagross
|-damage|p2a: Metagross|130\/302
|
|turn|5
|
|switch|p2a: Gliscor|Gliscor, F|353\/353
|move|p1a: Metagross|Earthquake|p2a: Gliscor
|-immune|p2a: Gliscor|[msg]
|
|-status|p2a: Gliscor|tox|[from] item: Toxic Orb
|turn|6
|
|switch|p1a: Mamoswine|Mamoswine, F|361\/361
|move|p2a: Gliscor|Knock Off|p1a: Mamoswine
|-damage|p1a: Mamoswine|280\/361
|-enditem|p1a: Mamoswine|Focus Sash|[from] move: Knock Off|[of] p2a: Gliscor
|
|turn|7
|
|move|p2a: Gliscor|Protect|p2a: Gliscor
|-singleturn|p2a: Gliscor|Protect
|move|p1a: Mamoswine|Stealth Rock|p2a: Gliscor
|-sidestart|p2: smurferino333|move: Stealth Rock
|
|turn|8
|
|switch|p1a: Metagross|Metagross-Mega|107\/301
|switch|p2a: Rotom-Wash|Rotom-Wash|303\/303
|-damage|p2a: Rotom-Wash|266\/303|[from] Stealth Rock
|
|-heal|p2a: Rotom-Wash|284\/303|[from] item: Leftovers
|turn|9
|
|move|p1a: Metagross|Zen Headbutt|p2a: Rotom-Wash
|-damage|p2a: Rotom-Wash|100\/303
|move|p2a: Rotom-Wash|Volt Switch|p1a: Metagross
|-damage|p1a: Metagross|1\/301
|
|switch|p2a: Gliscor|Gliscor, F|353\/353 tox
|-damage|p2a: Gliscor|309\/353 tox|[from] Stealth Rock
|
|-heal|p2a: Gliscor|353\/353 tox|[from] ability: Poison Heal
|turn|10
|
|switch|p1a: Mamoswine|Mamoswine, F|280\/361
|move|p2a: Gliscor|Knock Off|p1a: Mamoswine
|-damage|p1a: Mamoswine|222\/361
|
|turn|11
|
|move|p2a: Gliscor|Protect|p2a: Gliscor
|-singleturn|p2a: Gliscor|Protect
|move|p1a: Mamoswine|Ice Shard|p2a: Gliscor
|-activate|p2a: Gliscor|Protect
|
|turn|12
|
|switch|p2a: Metagross|Metagross-Mega|130\/302
|-damage|p2a: Metagross|112\/302|[from] Stealth Rock
|move|p1a: Mamoswine|Ice Shard|p2a: Metagross
|-resisted|p2a: Metagross
|-damage|p2a: Metagross|87\/302
|
|turn|13
|
|switch|p1a: Togekiss|Togekiss, M|373\/373
|move|p2a: Metagross|Iron Head|p1a: Togekiss
|-supereffective|p1a: Togekiss
|-damage|p1a: Togekiss|0 fnt
|faint|p1a: Togekiss
|
|
|switch|p1a: Chesnaught|Chesnaught, F|379\/379
|turn|14
|
|move|p2a: Metagross|Zen Headbutt|p1a: Chesnaught
|-supereffective|p1a: Chesnaught
|-damage|p1a: Chesnaught|127\/379
|move|p1a: Chesnaught|Leech Seed|p2a: Metagross
|-start|p2a: Metagross|move: Leech Seed
|
|-heal|p1a: Chesnaught|150\/379|[from] item: Leftovers
|-damage|p2a: Metagross|50\/302|[from] Leech Seed|[of] p1a: Chesnaught
|-heal|p1a: Chesnaught|187\/379|[silent]
|turn|15
|
|move|p1a: Chesnaught|Spiky Shield|p1a: Chesnaught
|-singleturn|p1a: Chesnaught|move: Protect
|move|p2a: Metagross|Zen Headbutt|p1a: Chesnaught
|-activate|p1a: Chesnaught|move: Protect
|-damage|p2a: Metagross|13\/302|[from] Spiky Shield|[of] p1a: Chesnaught
|
|-heal|p1a: Chesnaught|210\/379|[from] item: Leftovers
|-damage|p2a: Metagross|0 fnt|[from] Leech Seed|[of] p1a: Chesnaught
|-heal|p1a: Chesnaught|223\/379|[silent]
|faint|p2a: Metagross
|
|switch|p2a: Salamence|Salamence, F|331\/331
|-damage|p2a: Salamence|249\/331|[from] Stealth Rock
|turn|16
|
|move|p2a: Salamence|Aerial Ace|p1a: Chesnaught
|-supereffective|p1a: Chesnaught
|-damage|p1a: Chesnaught|0 fnt
|faint|p1a: Chesnaught
|-boost|p2a: Salamence|atk|1|[from] ability: Moxie
|
|
|switch|p1a: Mamoswine|Mamoswine, F|222\/361
|turn|17
|
|switch|p2a: Gliscor|Gliscor, F|353\/353 tox
|-damage|p2a: Gliscor|309\/353 tox|[from] Stealth Rock
|move|p1a: Mamoswine|Ice Shard|p2a: Gliscor
|-supereffective|p2a: Gliscor
|-damage|p2a: Gliscor|137\/353 tox
|
|-heal|p2a: Gliscor|181\/353 tox|[from] ability: Poison Heal
|turn|18
|
|switch|p1a: Keldeo|Keldeo|323\/323
|move|p2a: Gliscor|Protect|p2a: Gliscor
|-fail|p2a: Gliscor
|
|-heal|p2a: Gliscor|225\/353 tox|[from] ability: Poison Heal
|turn|19
|
|move|p1a: Keldeo|Substitute|p1a: Keldeo
|-start|p1a: Keldeo|Substitute
|-damage|p1a: Keldeo|243\/323
|move|p2a: Gliscor|Toxic|p1a: Keldeo
|
|-heal|p1a: Keldeo|263\/323|[from] item: Leftovers
|-heal|p2a: Gliscor|269\/353 tox|[from] ability: Poison Heal
|turn|20
|
|switch|p2a: Rotom-Wash|Rotom-Wash|100\/303
|-damage|p2a: Rotom-Wash|63\/303|[from] Stealth Rock
|move|p1a: Keldeo|Scald|p2a: Rotom-Wash
|-resisted|p2a: Rotom-Wash
|-damage|p2a: Rotom-Wash|0 fnt
|faint|p2a: Rotom-Wash
|
|-heal|p1a: Keldeo|283\/323|[from] item: Leftovers
|
|switch|p2a: Salamence|Salamence, F|249\/331
|-damage|p2a: Salamence|167\/331|[from] Stealth Rock
|turn|21
|
|move|p2a: Salamence|Aerial Ace|p1a: Keldeo
|-crit|p1a: Keldeo
|-supereffective|p1a: Keldeo
|-end|p1a: Keldeo|Substitute
|move|p1a: Keldeo|Scald|p2a: Salamence
|-resisted|p2a: Salamence
|-damage|p2a: Salamence|84\/331
|
|-heal|p1a: Keldeo|303\/323|[from] item: Leftovers
|turn|22
|
|switch|p1a: Metagross|Metagross-Mega|1\/301
|move|p2a: Salamence|Aerial Ace|p1a: Metagross
|-resisted|p1a: Metagross
|-damage|p1a: Metagross|0 fnt
|faint|p1a: Metagross
|-boost|p2a: Salamence|atk|1|[from] ability: Moxie
|
|
|switch|p1a: Mamoswine|Mamoswine, F|222\/361
|turn|23
|
|switch|p2a: Empoleon|Empoleon, F|372\/372
|-damage|p2a: Empoleon|349\/372|[from] Stealth Rock
|move|p1a: Mamoswine|Ice Shard|p2a: Empoleon
|-resisted|p2a: Empoleon
|-damage|p2a: Empoleon|328\/372
|
|-heal|p2a: Empoleon|351\/372|[from] item: Leftovers
|turn|24
|
|move|p1a: Mamoswine|Earthquake|p2a: Empoleon
|-supereffective|p2a: Empoleon
|-damage|p2a: Empoleon|0 fnt
|faint|p2a: Empoleon
|
|
|switch|p2a: Gliscor|Gliscor, F|269\/353 tox
|-damage|p2a: Gliscor|225\/353 tox|[from] Stealth Rock
|turn|25
|
|switch|p1a: Keldeo|Keldeo|303\/323
|move|p2a: Gliscor|Toxic|p1a: Keldeo
|-status|p1a: Keldeo|tox
|
|-heal|p1a: Keldeo|323\/323 tox|[from] item: Leftovers
|-damage|p1a: Keldeo|303\/323 tox|[from] psn
|-heal|p2a: Gliscor|269\/353 tox|[from] ability: Poison Heal
|turn|26
|
|move|p2a: Gliscor|Protect|p2a: Gliscor
|-singleturn|p2a: Gliscor|Protect
|move|p1a: Keldeo|Scald|p2a: Gliscor
|-activate|p2a: Gliscor|Protect
|
|-heal|p1a: Keldeo|323\/323 tox|[from] item: Leftovers
|-damage|p1a: Keldeo|283\/323 tox|[from] psn
|-heal|p2a: Gliscor|313\/353 tox|[from] ability: Poison Heal
|turn|27
|
|switch|p2a: Salamence|Salamence, F|84\/331
|-damage|p2a: Salamence|2\/331|[from] Stealth Rock
|move|p1a: Keldeo|Scald|p2a: Salamence
|-resisted|p2a: Salamence
|-damage|p2a: Salamence|0 fnt
|faint|p2a: Salamence
|
|-heal|p1a: Keldeo|303\/323 tox|[from] item: Leftovers
|-damage|p1a: Keldeo|243\/323 tox|[from] psn
|
|switch|p2a: Gliscor|Gliscor, F|313\/353 tox
|-damage|p2a: Gliscor|269\/353 tox|[from] Stealth Rock
|turn|28
|
|switch|p1a: Mamoswine|Mamoswine, F|222\/361
|move|p2a: Gliscor|Protect|p2a: Gliscor
|-fail|p2a: Gliscor
|
|-heal|p2a: Gliscor|313\/353 tox|[from] ability: Poison Heal
|turn|29
|
|move|p1a: Mamoswine|Ice Shard|p2a: Gliscor
|-supereffective|p2a: Gliscor
|-damage|p2a: Gliscor|121\/353 tox
|move|p2a: Gliscor|Toxic|p1a: Mamoswine
|-status|p1a: Mamoswine|tox
|
|-damage|p1a: Mamoswine|200\/361 tox|[from] psn
|-heal|p2a: Gliscor|165\/353 tox|[from] ability: Poison Heal
|turn|30
|
|switch|p1a: Keldeo|Keldeo|243\/323 tox
|move|p2a: Gliscor|Protect|p2a: Gliscor
|-fail|p2a: Gliscor
|
|-heal|p1a: Keldeo|263\/323 tox|[from] item: Leftovers
|-damage|p1a: Keldeo|243\/323 tox|[from] psn
|-heal|p2a: Gliscor|209\/353 tox|[from] ability: Poison Heal
|turn|31
|
|move|p2a: Gliscor|Protect|p2a: Gliscor
|-singleturn|p2a: Gliscor|Protect
|move|p1a: Keldeo|Scald|p2a: Gliscor
|-activate|p2a: Gliscor|Protect
|
|-heal|p1a: Keldeo|263\/323 tox|[from] item: Leftovers
|-damage|p1a: Keldeo|223\/323 tox|[from] psn
|-heal|p2a: Gliscor|253\/353 tox|[from] ability: Poison Heal
|turn|32
|
|move|p1a: Keldeo|Scald|p2a: Gliscor
|-supereffective|p2a: Gliscor
|-damage|p2a: Gliscor|0 fnt
|faint|p2a: Gliscor
|
|win|New Light
|raw|Ladder updating...
|raw|New Light's rating: 1650 &rarr; <strong>1660<\/strong><br \/>(+10 for winning)
|raw|smurferino333's rating: 1466 &rarr; <strong>1456<\/strong><br \/>(-10 for losing)
|c|âsmurferino333|gg
|c|âNew Light|gg