|join|New Light
|join|Adramelek
|player|p1|New Light|156
|player|p2|Adramelek|102
|gametype|singles
|gen|6
|tier|OU (suspect test)
|rated
|clearpoke
|poke|p1|Ninetales, F, shiny
|poke|p1|Mandibuzz, F
|poke|p1|Dugtrio, M
|poke|p1|Venusaur, M
|poke|p1|Diancie
|poke|p1|Victini
|poke|p2|Heatran, F
|poke|p2|Latias, F
|poke|p2|Bisharp, M
|poke|p2|Breloom, M
|poke|p2|Rotom-Wash
|poke|p2|Landorus-Therian, M
|rule|Swagger Clause: Swagger is banned
|rule|Baton Pass Clause: Limit one PokÃ©mon knowing Baton Pass
|rule|Sleep Clause Mod: Limit one foe put to sleep
|rule|Species Clause: Limit one of each PokÃ©mon
|rule|OHKO Clause: OHKO moves are banned
|rule|Moody Clause: Moody is banned
|rule|Evasion Moves Clause: Evasion moves are banned
|rule|Endless Battle Clause: Forcing endless battles is banned
|rule|HP Percentage Mod: HP is shown in percentages
|teampreview
|
|start
|switch|p1a: Ninetales|Ninetales, F, shiny|349\/349
|switch|p2a: Heatran|Heatran, F|323\/323
|-weather|SunnyDay
|turn|1
|
|switch|p1a: Dugtrio|Dugtrio, M|211\/211
|move|p2a: Heatran|Earth Power|p1a: Dugtrio
|-damage|p1a: Dugtrio|74\/211
|
|-weather|SunnyDay|[upkeep]
|turn|2
|
|move|p1a: Dugtrio|Earthquake|p2a: Heatran
|-supereffective|p2a: Heatran
|-damage|p2a: Heatran|0 fnt
|faint|p2a: Heatran
|
|-weather|SunnyDay|[upkeep]
|
|switch|p2a: Breloom|Breloom, M|262\/262
|turn|3
|
|switch|p1a: Mandibuzz|Mandibuzz, F|423\/423
|move|p2a: Breloom|Mach Punch|p1a: Mandibuzz
|-damage|p1a: Mandibuzz|338\/423
|-damage|p2a: Breloom|219\/262|[from] item: Rocky Helmet|[of] p1a: Mandibuzz
|
|-weather|SunnyDay|[upkeep]
|turn|4
|
|move|p2a: Breloom|Rock Tomb|p1a: Mandibuzz
|-supereffective|p1a: Mandibuzz
|-damage|p1a: Mandibuzz|164\/423
|-unboost|p1a: Mandibuzz|spe|1
|move|p1a: Mandibuzz|Foul Play|p2a: Breloom
|-resisted|p2a: Breloom
|-damage|p2a: Breloom|108\/262
|
|-weather|SunnyDay|[upkeep]
|turn|5
|
|switch|p1a: Dugtrio|Dugtrio, M|74\/211
|move|p2a: Breloom|Rock Tomb|p1a: Dugtrio
|-resisted|p1a: Dugtrio
|-damage|p1a: Dugtrio|0 fnt
|faint|p1a: Dugtrio
|
|-weather|SunnyDay|[upkeep]
|
|switch|p1a: Victini|Victini|341\/341
|turn|6
|
|move|p1a: Victini|U-turn|p2a: Breloom
|-damage|p2a: Breloom|0 fnt
|faint|p2a: Breloom
|
|switch|p1a: Diancie|Diancie|297\/297
|
|-weather|SunnyDay|[upkeep]
|
|switch|p2a: Bisharp|Bisharp, M|272\/272
|turn|7
|
|detailschange|p1a: Diancie|Diancie-Mega
|-mega|p1a: Diancie|Diancie|Diancite
|move|p2a: Bisharp|Iron Head|p1a: Diancie
|-supereffective|p1a: Diancie
|-damage|p1a: Diancie|0 fnt
|-damage|p2a: Bisharp|245\/272|[from] item: Life Orb
|faint|p1a: Diancie
|
|-weather|SunnyDay|[upkeep]
|
|switch|p1a: Mandibuzz|Mandibuzz, F|164\/423
|turn|8
|
|move|p2a: Bisharp|Swords Dance|p2a: Bisharp
|-boost|p2a: Bisharp|atk|2
|move|p1a: Mandibuzz|Roost|p1a: Mandibuzz
|-heal|p1a: Mandibuzz|376\/423
|
|-weather|none
|turn|9
|
|move|p2a: Bisharp|Iron Head|p1a: Mandibuzz
|-damage|p1a: Mandibuzz|113\/423
|-damage|p2a: Bisharp|200\/272|[from] item: Rocky Helmet|[of] p1a: Mandibuzz
|-damage|p2a: Bisharp|173\/272|[from] item: Life Orb
|move|p1a: Mandibuzz|Foul Play|p2a: Bisharp
|-resisted|p2a: Bisharp
|-damage|p2a: Bisharp|0 fnt
|faint|p2a: Bisharp
|
|
|switch|p2a: Rotom-Wash|Rotom-Wash|241\/241
|turn|10
|
|switch|p1a: Ninetales|Ninetales, F, shiny|349\/349
|-weather|SunnyDay
|move|p2a: Rotom-Wash|Volt Switch|p1a: Ninetales
|-damage|p1a: Ninetales|258\/349
|
|switch|p2a: Latias|Latias, F|302\/302
|
|-weather|SunnyDay|[upkeep]
|turn|11
|
|detailschange|p2a: Latias|Latias-Mega, F
|-mega|p2a: Latias|Latias|Latiasite
|move|p2a: Latias|Draco Meteor|p1a: Ninetales|[miss]
|-miss|p2a: Latias|p1a: Ninetales
|move|p1a: Ninetales|Will-O-Wisp|p2a: Latias
|-status|p2a: Latias|brn
|
|-weather|SunnyDay|[upkeep]
|-damage|p2a: Latias|265\/302 brn|[from] brn
|turn|12
|
|move|p2a: Latias|Draco Meteor|p1a: Ninetales
|-damage|p1a: Ninetales|69\/349
|-unboost|p2a: Latias|spa|2
|move|p1a: Ninetales|Rest|p1a: Ninetales
|-status|p1a: Ninetales|slp
|-heal|p1a: Ninetales|349\/349 slp|[silent]
|-status|p1a: Ninetales|slp|[from] move: Rest
|
|-weather|SunnyDay|[upkeep]
|-damage|p2a: Latias|228\/302 brn|[from] brn
|turn|13
|
|switch|p2a: Landorus-Therian|Landorus-Therian, M|358\/358
|-ability|p2a: Landorus-Therian|Intimidate|[of] p1a: Ninetales
|-unboost|p1a: Ninetales|atk|1
|switch|p1a: Victini|Victini|341\/341
|
|-weather|SunnyDay|[upkeep]
|turn|14
|
|switch|p1a: Mandibuzz|Mandibuzz, F|113\/423
|move|p2a: Landorus-Therian|Stealth Rock|p1a: Mandibuzz
|-sidestart|p1: New Light|move: Stealth Rock
|
|-weather|SunnyDay|[upkeep]
|turn|15
|
|move|p2a: Landorus-Therian|U-turn|p1a: Mandibuzz
|-damage|p1a: Mandibuzz|47\/423
|-damage|p2a: Landorus-Therian|299\/358|[from] item: Rocky Helmet|[of] p1a: Mandibuzz
|
|switch|p2a: Rotom-Wash|Rotom-Wash|241\/241
|move|p1a: Mandibuzz|Roost|p1a: Mandibuzz
|-heal|p1a: Mandibuzz|259\/423
|
|-weather|SunnyDay|[upkeep]
|turn|16
|
|move|p2a: Rotom-Wash|Volt Switch|p1a: Mandibuzz
|-crit|p1a: Mandibuzz
|-supereffective|p1a: Mandibuzz
|-damage|p1a: Mandibuzz|0 fnt
|faint|p1a: Mandibuzz
|
|switch|p2a: Latias|Latias-Mega, F|228\/302 brn
|
|-weather|SunnyDay|[upkeep]
|-damage|p2a: Latias|191\/302 brn|[from] brn
|
|switch|p1a: Victini|Victini|341\/341
|-damage|p1a: Victini|256\/341|[from] Stealth Rock
|turn|17
|
|switch|p2a: Landorus-Therian|Landorus-Therian, M|299\/358
|-ability|p2a: Landorus-Therian|Intimidate|[of] p1a: Victini
|-unboost|p1a: Victini|atk|1
|move|p1a: Victini|V-create|p2a: Landorus-Therian
|-damage|p2a: Landorus-Therian|0 fnt
|-unboost|p1a: Victini|def|1
|-unboost|p1a: Victini|spd|1
|-unboost|p1a: Victini|spe|1
|faint|p2a: Landorus-Therian
|
|-weather|none
|
|switch|p2a: Rotom-Wash|Rotom-Wash|241\/241
|turn|18
|
|switch|p1a: Ninetales|Ninetales, F, shiny|349\/349 slp
|-damage|p1a: Ninetales|262\/349 slp|[from] Stealth Rock
|-weather|SunnyDay
|move|p2a: Rotom-Wash|Hydro Pump|p1a: Ninetales
|-supereffective|p1a: Ninetales
|-damage|p1a: Ninetales|122\/349 slp
|
|-weather|SunnyDay|[upkeep]
|turn|19
|
|move|p2a: Rotom-Wash|Hydro Pump|p1a: Ninetales
|-supereffective|p1a: Ninetales
|-damage|p1a: Ninetales|0 fnt
|faint|p1a: Ninetales
|
|-weather|SunnyDay|[upkeep]
|
|switch|p1a: Venusaur|Venusaur, M|301\/301
|-damage|p1a: Venusaur|264\/301|[from] Stealth Rock
|turn|20
|
|switch|p2a: Latias|Latias-Mega, F|191\/302 brn
|move|p1a: Venusaur|Growth|p1a: Venusaur
|-boost|p1a: Venusaur|atk|2
|-boost|p1a: Venusaur|spa|2
|
|-weather|SunnyDay|[upkeep]
|-damage|p2a: Latias|154\/302 brn|[from] brn
|turn|21
|
|move|p1a: Venusaur|Sludge Bomb|p2a: Latias
|-damage|p2a: Latias|0 fnt
|-damage|p1a: Venusaur|234\/301|[from] item: Life Orb
|faint|p2a: Latias
|
|-weather|SunnyDay|[upkeep]
|
|switch|p2a: Rotom-Wash|Rotom-Wash|241\/241
|turn|22
|
|move|p1a: Venusaur|Giga Drain|p2a: Rotom-Wash
|-supereffective|p2a: Rotom-Wash
|-damage|p2a: Rotom-Wash|0 fnt
|-heal|p1a: Venusaur|301\/301|[from] drain|[of] p2a: Rotom-Wash
|-damage|p1a: Venusaur|271\/301|[from] item: Life Orb
|faint|p2a: Rotom-Wash
|
|win|New Light
|raw|Ladder updating...
|raw|New Light's rating: 1401 &rarr; <strong>1418<\/strong><br \/>(+17 for winning)
|raw|Adramelek's rating: 1343 &rarr; <strong>1326<\/strong><br \/>(-17 for losing)
|c|âAdramelek|gg
|c|âNew Light|gg