|join|New Light
|join|muhfugginmoo5e
|player|p1|New Light|156
|player|p2|muhfugginmoo5e|146
|gametype|singles
|gen|6
|tier|OU (suspect test)
|rated
|clearpoke
|poke|p1|Ninetales, M, shiny
|poke|p1|Mandibuzz, F
|poke|p1|Dugtrio, M
|poke|p1|Venusaur, M
|poke|p1|Terrakion
|poke|p1|Victini
|poke|p2|Landorus-Therian, M, shiny
|poke|p2|Lopunny, F
|poke|p2|Manaphy
|poke|p2|Zapdos
|poke|p2|Heatran, F
|poke|p2|Celebi
|rule|Swagger Clause: Swagger is banned
|rule|Baton Pass Clause: Limit one PokÃ©mon knowing Baton Pass
|rule|Sleep Clause Mod: Limit one foe put to sleep
|rule|Species Clause: Limit one of each PokÃ©mon
|rule|OHKO Clause: OHKO moves are banned
|rule|Moody Clause: Moody is banned
|rule|Evasion Moves Clause: Evasion moves are banned
|rule|Endless Battle Clause: Forcing endless battles is banned
|rule|HP Percentage Mod: HP is shown in percentages
|teampreview
|
|start
|switch|p1a: Ninetales|Ninetales, M, shiny|349\/349
|switch|p2a: Habits|Landorus-Therian, M, shiny|341\/341
|-ability|p2a: Habits|Intimidate|[of] p1a: Ninetales
|-unboost|p1a: Ninetales|atk|1
|-weather|SunnyDay
|turn|1
|
|switch|p1a: Mandibuzz|Mandibuzz, F|423\/423
|move|p2a: Habits|U-turn|p1a: Mandibuzz
|-damage|p1a: Mandibuzz|363\/423
|-damage|p2a: Habits|285\/341|[from] item: Rocky Helmet|[of] p1a: Mandibuzz
|
|switch|p2a: Breathe This Air|Manaphy|365\/365
|
|-weather|SunnyDay|[upkeep]
|turn|2
|
|switch|p1a: Venusaur|Venusaur, M|301\/301
|move|p2a: Breathe This Air|Tail Glow|p2a: Breathe This Air
|-boost|p2a: Breathe This Air|spa|3
|
|-weather|SunnyDay|[upkeep]
|turn|3
|c|âmuhfugginmoo5e|classic cancel button.
|
|switch|p1a: Dugtrio|Dugtrio, M|211\/211
|switch|p2a: Arcades|Heatran, F|337\/337
|-item|p2a: Arcades|Air Balloon
|
|-weather|SunnyDay|[upkeep]
|turn|4
|
|move|p1a: Dugtrio|Reversal|p2a: Arcades
|-supereffective|p2a: Arcades
|-damage|p2a: Arcades|303\/337
|-enditem|p2a: Arcades|Air Balloon
|move|p2a: Arcades|Lava Plume|p1a: Dugtrio
|-enditem|p1a: Dugtrio|Focus Sash
|-damage|p1a: Dugtrio|1\/211
|
|-weather|SunnyDay|[upkeep]
|turn|5
|
|move|p1a: Dugtrio|Earthquake|p2a: Arcades
|-supereffective|p2a: Arcades
|-damage|p2a: Arcades|0 fnt
|faint|p2a: Arcades
|
|-weather|SunnyDay|[upkeep]
|
|switch|p2a: Habits|Landorus-Therian, M, shiny|285\/341
|-ability|p2a: Habits|Intimidate|[of] p1a: Dugtrio
|-unboost|p1a: Dugtrio|atk|1
|turn|6
|
|switch|p1a: Mandibuzz|Mandibuzz, F|363\/423
|move|p2a: Habits|U-turn|p1a: Mandibuzz
|-damage|p1a: Mandibuzz|297\/423
|-damage|p2a: Habits|229\/341|[from] item: Rocky Helmet|[of] p1a: Mandibuzz
|
|switch|p2a: Breathe This Air|Manaphy|365\/365
|
|-weather|SunnyDay|[upkeep]
|turn|7
|
|switch|p1a: Victini|Victini|341\/341
|move|p2a: Breathe This Air|Rain Dance|p2a: Breathe This Air
|-weather|RainDance
|
|-weather|RainDance|[upkeep]
|turn|8
|
|move|p2a: Breathe This Air|Scald|p1a: Victini
|-supereffective|p1a: Victini
|-damage|p1a: Victini|15\/341
|move|p1a: Victini|Bolt Strike|p2a: Breathe This Air
|-supereffective|p2a: Breathe This Air
|-damage|p2a: Breathe This Air|0 fnt
|faint|p2a: Breathe This Air
|
|-weather|RainDance|[upkeep]
|
|switch|p2a: Lolita|Lopunny, F|295\/295
|turn|9
|
|switch|p1a: Mandibuzz|Mandibuzz, F|297\/423
|detailschange|p2a: Lolita|Lopunny-Mega, F
|-mega|p2a: Lolita|Lopunny|Lopunnite
|move|p2a: Lolita|Power-Up Punch|p1a: Mandibuzz
|-damage|p1a: Mandibuzz|246\/423
|-damage|p2a: Lolita|246\/295|[from] item: Rocky Helmet|[of] p1a: Mandibuzz
|-boost|p2a: Lolita|atk|1
|
|-weather|RainDance|[upkeep]
|turn|10
|
|move|p2a: Lolita|Substitute|p2a: Lolita
|-start|p2a: Lolita|Substitute
|-damage|p2a: Lolita|173\/295
|move|p1a: Mandibuzz|Foul Play|p2a: Lolita
|-resisted|p2a: Lolita
|-end|p2a: Lolita|Substitute
|
|-weather|RainDance|[upkeep]
|turn|11
|
|move|p2a: Lolita|Drain Punch|p1a: Mandibuzz
|-damage|p1a: Mandibuzz|101\/423
|-heal|p2a: Lolita|246\/295|[from] drain|[of] p1a: Mandibuzz
|-damage|p2a: Lolita|197\/295|[from] item: Rocky Helmet|[of] p1a: Mandibuzz
|move|p1a: Mandibuzz|Foul Play|p2a: Lolita
|-crit|p2a: Lolita
|-resisted|p2a: Lolita
|-damage|p2a: Lolita|0 fnt
|faint|p2a: Lolita
|
|-weather|none
|c|âmuhfugginmoo5e|nice crit
|
|switch|p2a: Diamond|Zapdos|383\/383
|-ability|p2a: Diamond|Pressure
|turn|12
|
|switch|p1a: Dugtrio|Dugtrio, M|1\/211
|move|p2a: Diamond|Hidden Power|p1a: Dugtrio
|-supereffective|p1a: Dugtrio
|-damage|p1a: Dugtrio|0 fnt
|faint|p1a: Dugtrio
|
|c|âmuhfugginmoo5e|nice and lucky
|c|âmuhfugginmoo5e|gj
|
|switch|p1a: Ninetales|Ninetales, M, shiny|349\/349
|-weather|SunnyDay
|turn|13
|c|âmuhfugginmoo5e|such skill
|
|move|p1a: Ninetales|Will-O-Wisp|p2a: Diamond
|-status|p2a: Diamond|brn
|move|p2a: Diamond|Thunderbolt|p1a: Ninetales
|-damage|p1a: Ninetales|237\/349
|
|-weather|SunnyDay|[upkeep]
|-damage|p2a: Diamond|336\/383 brn|[from] brn
|turn|14
|
|move|p1a: Ninetales|Flamethrower|p2a: Diamond
|-damage|p2a: Diamond|188\/383 brn
|move|p2a: Diamond|Thunderbolt|p1a: Ninetales
|-damage|p1a: Ninetales|134\/349
|
|-weather|SunnyDay|[upkeep]
|-heal|p2a: Diamond|211\/383 brn|[from] item: Leftovers
|-damage|p2a: Diamond|164\/383 brn|[from] brn
|turn|15
|
|switch|p1a: Victini|Victini|15\/341
|move|p2a: Diamond|Roost|p2a: Diamond
|-heal|p2a: Diamond|356\/383 brn
|
|-weather|SunnyDay|[upkeep]
|-heal|p2a: Diamond|379\/383 brn|[from] item: Leftovers
|-damage|p2a: Diamond|332\/383 brn|[from] brn
|turn|16
|
|move|p1a: Victini|V-create|p2a: Diamond
|-damage|p2a: Diamond|0 fnt
|-unboost|p1a: Victini|def|1
|-unboost|p1a: Victini|spd|1
|-unboost|p1a: Victini|spe|1
|faint|p2a: Diamond
|
|-weather|SunnyDay|[upkeep]
|
|switch|p2a: Habits|Landorus-Therian, M, shiny|229\/341
|-ability|p2a: Habits|Intimidate|[of] p1a: Victini
|-unboost|p1a: Victini|atk|1
|turn|17
|
|switch|p1a: Mandibuzz|Mandibuzz, F|101\/423
|move|p2a: Habits|U-turn|p1a: Mandibuzz
|-damage|p1a: Mandibuzz|36\/423
|-damage|p2a: Habits|173\/341|[from] item: Rocky Helmet|[of] p1a: Mandibuzz
|
|switch|p2a: Rather Be|Celebi|403\/403
|
|-weather|SunnyDay|[upkeep]
|turn|18
|c|âmuhfugginmoo5e|bg
|
|move|p2a: Rather Be|Giga Drain|p1a: Mandibuzz
|-resisted|p1a: Mandibuzz
|-damage|p1a: Mandibuzz|0 fnt
|faint|p1a: Mandibuzz
|
|-weather|SunnyDay|[upkeep]
|c|âNew Light|my god..
|
|switch|p1a: Victini|Victini|15\/341
|turn|19
|
|move|p1a: Victini|V-create|p2a: Rather Be
|-crit|p2a: Rather Be
|-supereffective|p2a: Rather Be
|-damage|p2a: Rather Be|0 fnt
|-unboost|p1a: Victini|def|1
|-unboost|p1a: Victini|spd|1
|-unboost|p1a: Victini|spe|1
|faint|p2a: Rather Be
|
|-weather|SunnyDay|[upkeep]
|
|switch|p2a: Habits|Landorus-Therian, M, shiny|173\/341
|-ability|p2a: Habits|Intimidate|[of] p1a: Victini
|-unboost|p1a: Victini|atk|1
|turn|20
|
|move|p2a: Habits|Earthquake|p1a: Victini
|-crit|p1a: Victini
|-supereffective|p1a: Victini
|-damage|p1a: Victini|0 fnt
|faint|p1a: Victini
|
|-weather|none
|
|switch|p1a: Ninetales|Ninetales, M, shiny|134\/349
|-weather|SunnyDay
|turn|21
|
|move|p2a: Habits|Earthquake|p1a: Ninetales
|-supereffective|p1a: Ninetales
|-damage|p1a: Ninetales|0 fnt
|faint|p1a: Ninetales
|
|-weather|SunnyDay|[upkeep]
|
|switch|p1a: Venusaur|Venusaur, M|301\/301
|turn|22
|
|move|p1a: Venusaur|Giga Drain|p2a: Habits
|-damage|p2a: Habits|0 fnt
|-damage|p1a: Venusaur|271\/301|[from] item: Life Orb
|faint|p2a: Habits
|
|win|New Light
|raw|Ladder updating...
|raw|New Light's rating: 1387 &rarr; <strong>1402<\/strong><br \/>(+15 for winning)
|raw|muhfugginmoo5e's rating: 1305 &rarr; <strong>1290<\/strong><br \/>(-15 for losing)
|leave|muhfugginmoo5e
|player|p2