|join|New Light
|join|Ovr9k
|player|p1|New Light|156
|player|p2|Ovr9k|161
|gametype|singles
|gen|6
|tier|OU (suspect test)
|rated
|clearpoke
|poke|p1|Swampert, F
|poke|p1|Politoed, F
|poke|p1|Celebi
|poke|p1|Manaphy
|poke|p1|Klefki, F
|poke|p1|Bisharp, M
|poke|p2|Landorus-Therian, M
|poke|p2|Lopunny, M
|poke|p2|Manaphy
|poke|p2|Zapdos
|poke|p2|Heatran, F
|poke|p2|Celebi
|rule|Swagger Clause: Swagger is banned
|rule|Baton Pass Clause: Limit one PokÃ©mon knowing Baton Pass
|rule|Sleep Clause Mod: Limit one foe put to sleep
|rule|Species Clause: Limit one of each PokÃ©mon
|rule|OHKO Clause: OHKO moves are banned
|rule|Moody Clause: Moody is banned
|rule|Evasion Moves Clause: Evasion moves are banned
|rule|Endless Battle Clause: Forcing endless battles is banned
|rule|HP Percentage Mod: HP is shown in percentages
|teampreview
|
|start
|switch|p1a: Bisharp|Bisharp, M|271\/271
|switch|p2a: Celebi|Celebi|403\/403
|turn|1
|
|move|p1a: Bisharp|Pursuit|p2a: Celebi|[from]Pursuit
|-supereffective|p2a: Celebi
|-damage|p2a: Celebi|67\/403
|switch|p2a: Heatran|Heatran, F|337\/337
|-item|p2a: Heatran|Air Balloon
|
|turn|2
|
|switch|p1a: Ollie|Politoed, F|384\/384
|-weather|RainDance
|move|p2a: Heatran|Stealth Rock|p1a: Ollie
|-sidestart|p1: New Light|move: Stealth Rock
|
|-weather|RainDance|[upkeep]
|turn|3
|
|switch|p2a: Manaphy|Manaphy|365\/365
|switch|p1a: Splash|Swampert, F|391\/391
|-damage|p1a: Splash|367\/391|[from] Stealth Rock
|
|-weather|RainDance|[upkeep]
|turn|4
|
|detailschange|p1a: Splash|Swampert-Mega, F
|-mega|p1a: Splash|Swampert|Swampertite
|move|p2a: Manaphy|Scald|p1a: Splash
|-damage|p1a: Splash|201\/391
|-status|p1a: Splash|brn
|move|p1a: Splash|Earthquake|p2a: Manaphy
|-crit|p2a: Manaphy
|-damage|p2a: Manaphy|193\/365
|
|-weather|RainDance|[upkeep]
|-heal|p2a: Manaphy|215\/365|[from] item: Leftovers
|-damage|p1a: Splash|153\/391 brn|[from] brn
|turn|5
|
|switch|p2a: Landorus-Therian|Landorus-Therian, M|341\/341
|-ability|p2a: Landorus-Therian|Intimidate|[of] p1a: Splash
|-unboost|p1a: Splash|atk|1
|move|p1a: Splash|Rest|p1a: Splash
|-status|p1a: Splash|slp
|-heal|p1a: Splash|391\/391 slp|[silent]
|-status|p1a: Splash|slp|[from] move: Rest
|
|-weather|RainDance|[upkeep]
|turn|6
|
|move|p2a: Landorus-Therian|U-turn|p1a: Splash
|-damage|p1a: Splash|300\/391 slp
|
|switch|p2a: Celebi|Celebi|67\/403
|cant|p1a: Splash|slp
|move|p1a: Splash|Sleep Talk|p1a: Splash
|move|p1a: Splash|Rest|p1a: Splash|[from]Sleep Talk
|-fail|p1a: Splash
|
|-weather|RainDance|[upkeep]
|-heal|p2a: Celebi|92\/403|[from] item: Leftovers
|turn|7
|
|cant|p1a: Splash|slp
|move|p1a: Splash|Sleep Talk|p1a: Splash
|move|p1a: Splash|Waterfall|p2a: Celebi|[from]Sleep Talk
|-resisted|p2a: Celebi
|-damage|p2a: Celebi|16\/403
|move|p2a: Celebi|Recover|p2a: Celebi
|-heal|p2a: Celebi|218\/403
|
|-weather|RainDance|[upkeep]
|-heal|p2a: Celebi|243\/403|[from] item: Leftovers
|turn|8
|
|switch|p1a: Bisharp|Bisharp, M|271\/271
|-damage|p1a: Bisharp|255\/271|[from] Stealth Rock
|move|p2a: Celebi|Recover|p2a: Celebi
|-heal|p2a: Celebi|403\/403
|
|-weather|RainDance|[upkeep]
|turn|9
|
|move|p1a: Bisharp|Pursuit|p2a: Celebi
|-supereffective|p2a: Celebi
|-damage|p2a: Celebi|257\/403
|move|p2a: Celebi|Baton Pass|p2a: Celebi
|
|switch|p2a: Lopunny|Lopunny, M|295\/295
|
|-weather|none
|turn|10
|
|switch|p1a: Klefki|Klefki, F|318\/318
|-damage|p1a: Klefki|299\/318|[from] Stealth Rock
|detailschange|p2a: Lopunny|Lopunny-Mega, M
|-mega|p2a: Lopunny|Lopunny|Lopunnite
|move|p2a: Lopunny|Drain Punch|p1a: Klefki
|-damage|p1a: Klefki|199\/318
|
|turn|11
|
|switch|p2a: Zapdos|Zapdos|383\/383
|-ability|p2a: Zapdos|Pressure
|move|p1a: Klefki|Reflect|p1a: Klefki
|-sidestart|p1: New Light|Reflect
|
|turn|12
|
|switch|p1a: Ollie|Politoed, F|384\/384
|-damage|p1a: Ollie|336\/384|[from] Stealth Rock
|-weather|RainDance
|move|p2a: Zapdos|Thunderbolt|p1a: Ollie
|-supereffective|p1a: Ollie
|-damage|p1a: Ollie|150\/384
|
|-weather|RainDance|[upkeep]
|turn|13
|
|switch|p2a: Celebi|Celebi|257\/403
|switch|p1a: Splash|Swampert-Mega, F|300\/391 slp
|-damage|p1a: Splash|276\/391 slp|[from] Stealth Rock
|
|-weather|RainDance|[upkeep]
|-heal|p2a: Celebi|282\/403|[from] item: Leftovers
|turn|14
|
|-curestatus|p1a: Splash|slp
|move|p1a: Splash|Waterfall|p2a: Celebi
|-resisted|p2a: Celebi
|-damage|p2a: Celebi|168\/403
|move|p2a: Celebi|Recover|p2a: Celebi
|-heal|p2a: Celebi|370\/403
|
|-weather|RainDance|[upkeep]
|-heal|p2a: Celebi|395\/403|[from] item: Leftovers
|turn|15
|
|switch|p1a: Bisharp|Bisharp, M|255\/271
|-damage|p1a: Bisharp|239\/271|[from] Stealth Rock
|move|p2a: Celebi|Giga Drain|p1a: Bisharp
|-resisted|p1a: Bisharp
|-damage|p1a: Bisharp|179\/271
|-heal|p2a: Celebi|403\/403|[from] drain|[of] p1a: Bisharp
|
|-weather|RainDance|[upkeep]
|turn|16
|
|move|p1a: Bisharp|Knock Off|p2a: Celebi
|-supereffective|p2a: Celebi
|-damage|p2a: Celebi|47\/403
|-enditem|p2a: Celebi|Leftovers|[from] move: Knock Off|[of] p1a: Bisharp
|move|p2a: Celebi|Baton Pass|p2a: Celebi
|
|switch|p2a: Lopunny|Lopunny-Mega, M|295\/295
|
|-weather|RainDance|[upkeep]
|turn|17
|
|switch|p1a: Celebi|Celebi|404\/404
|-damage|p1a: Celebi|354\/404|[from] Stealth Rock
|move|p2a: Lopunny|Substitute|p2a: Lopunny
|-start|p2a: Lopunny|Substitute
|-damage|p2a: Lopunny|222\/295
|
|-weather|RainDance|[upkeep]
|-heal|p1a: Celebi|379\/404|[from] item: Leftovers
|turn|18
|
|move|p2a: Lopunny|Frustration|p1a: Celebi
|-damage|p1a: Celebi|290\/404
|move|p1a: Celebi|Stealth Rock|p2a: Lopunny
|-sidestart|p2: Ovr9k|move: Stealth Rock
|
|-weather|RainDance|[upkeep]
|-heal|p1a: Celebi|315\/404|[from] item: Leftovers
|-sideend|p1: New Light|Reflect
|turn|19
|
|move|p2a: Lopunny|Frustration|p1a: Celebi
|-damage|p1a: Celebi|131\/404
|move|p1a: Celebi|Psychic|p2a: Lopunny
|-supereffective|p2a: Lopunny
|-end|p2a: Lopunny|Substitute
|
|-weather|none
|-heal|p1a: Celebi|156\/404|[from] item: Leftovers
|turn|20
|
|switch|p1a: Klefki|Klefki, F|199\/318
|-damage|p1a: Klefki|180\/318|[from] Stealth Rock
|move|p2a: Lopunny|Substitute|p2a: Lopunny
|-start|p2a: Lopunny|Substitute
|-damage|p2a: Lopunny|149\/295
|
|turn|21
|
|move|p1a: Klefki|Reflect|p1a: Klefki
|-sidestart|p1: New Light|Reflect
|move|p2a: Lopunny|Power-Up Punch|p1a: Klefki
|-damage|p1a: Klefki|151\/318
|-boost|p2a: Lopunny|atk|1
|
|turn|22
|
|move|p2a: Lopunny|Drain Punch|p1a: Klefki
|-damage|p1a: Klefki|70\/318
|-heal|p2a: Lopunny|190\/295|[from] drain|[of] p1a: Klefki
|move|p1a: Klefki|Foul Play|p2a: Lopunny
|-resisted|p2a: Lopunny
|-end|p2a: Lopunny|Substitute
|
|turn|23
|
|switch|p2a: Zapdos|Zapdos|383\/383
|-damage|p2a: Zapdos|288\/383|[from] Stealth Rock
|-ability|p2a: Zapdos|Pressure
|move|p1a: Klefki|Thunder Wave|p2a: Zapdos
|-fail|p2a: Zapdos
|
|-heal|p2a: Zapdos|311\/383|[from] item: Leftovers
|turn|24
|
|switch|p1a: Bisharp|Bisharp, M|179\/271
|-damage|p1a: Bisharp|163\/271|[from] Stealth Rock
|move|p2a: Zapdos|Thunderbolt|p1a: Bisharp
|-damage|p1a: Bisharp|0 fnt
|faint|p1a: Bisharp
|
|-heal|p2a: Zapdos|334\/383|[from] item: Leftovers
|
|switch|p1a: Ollie|Politoed, F|150\/384
|-damage|p1a: Ollie|102\/384|[from] Stealth Rock
|-weather|RainDance
|turn|25
|
|switch|p1a: Splash|Swampert-Mega, F|276\/391
|-damage|p1a: Splash|252\/391|[from] Stealth Rock
|move|p2a: Zapdos|Defog|p1a: Splash
|-unboost|p1a: Splash|evasion|1
|-sideend|p1: New Light|Reflect
|-sideend|p1: New Light|Reflect|[from] move: Defog|[of] p1a: Splash
|-sideend|p1: New Light|Stealth Rock|[from] move: Defog|[of] p1a: Splash
|-sideend|p2: Ovr9k|Stealth Rock|[from] move: Defog|[of] p2a: Zapdos
|
|-weather|RainDance|[upkeep]
|-heal|p2a: Zapdos|357\/383|[from] item: Leftovers
|turn|26
|
|move|p1a: Splash|Waterfall|p2a: Zapdos
|-damage|p2a: Zapdos|117\/383
|move|p2a: Zapdos|Roost|p2a: Zapdos
|-heal|p2a: Zapdos|309\/383
|
|-weather|RainDance|[upkeep]
|-heal|p2a: Zapdos|332\/383|[from] item: Leftovers
|turn|27
|
|move|p1a: Splash|Waterfall|p2a: Zapdos
|-damage|p2a: Zapdos|92\/383
|cant|p2a: Zapdos|flinch
|
|-weather|RainDance|[upkeep]
|-heal|p2a: Zapdos|115\/383|[from] item: Leftovers
|turn|28
|
|switch|p2a: Celebi|Celebi|47\/403
|move|p1a: Splash|Waterfall|p2a: Celebi
|-resisted|p2a: Celebi
|-damage|p2a: Celebi|0 fnt
|faint|p2a: Celebi
|
|-weather|RainDance|[upkeep]
|
|switch|p2a: Landorus-Therian|Landorus-Therian, M|341\/341
|-ability|p2a: Landorus-Therian|Intimidate|[of] p1a: Splash
|-unboost|p1a: Splash|atk|1
|turn|29
|
|switch|p2a: Heatran|Heatran, F|337\/337
|-item|p2a: Heatran|Air Balloon
|move|p1a: Splash|Waterfall|p2a: Heatran
|-supereffective|p2a: Heatran
|-damage|p2a: Heatran|19\/337
|-enditem|p2a: Heatran|Air Balloon
|
|-weather|RainDance|[upkeep]
|turn|30
|
|move|p1a: Splash|Waterfall|p2a: Heatran
|-supereffective|p2a: Heatran
|-damage|p2a: Heatran|0 fnt
|faint|p2a: Heatran
|
|-weather|RainDance|[upkeep]
|
|switch|p2a: Manaphy|Manaphy|215\/365
|turn|31
|
|move|p1a: Splash|Earthquake|p2a: Manaphy
|-damage|p2a: Manaphy|79\/365
|move|p2a: Manaphy|Scald|p1a: Splash
|-damage|p1a: Splash|89\/391
|-status|p1a: Splash|brn
|
|-weather|RainDance|[upkeep]
|-heal|p2a: Manaphy|101\/365|[from] item: Leftovers
|-damage|p1a: Splash|41\/391 brn|[from] brn
|turn|32
|
|switch|p1a: Celebi|Celebi|156\/404
|move|p2a: Manaphy|Tail Glow|p2a: Manaphy
|-boost|p2a: Manaphy|spa|3
|
|-weather|none
|-heal|p2a: Manaphy|123\/365|[from] item: Leftovers
|-heal|p1a: Celebi|181\/404|[from] item: Leftovers
|turn|33
|
|move|p2a: Manaphy|Scald|p1a: Celebi
|-resisted|p1a: Celebi
|-damage|p1a: Celebi|81\/404
|move|p1a: Celebi|Recover|p1a: Celebi
|-heal|p1a: Celebi|283\/404
|
|-heal|p2a: Manaphy|145\/365|[from] item: Leftovers
|-heal|p1a: Celebi|308\/404|[from] item: Leftovers
|turn|34
|
|switch|p2a: Landorus-Therian|Landorus-Therian, M|341\/341
|-ability|p2a: Landorus-Therian|Intimidate|[of] p1a: Celebi
|-unboost|p1a: Celebi|atk|1
|move|p1a: Celebi|Psychic|p2a: Landorus-Therian
|-crit|p2a: Landorus-Therian
|-damage|p2a: Landorus-Therian|143\/341
|
|-heal|p1a: Celebi|333\/404|[from] item: Leftovers
|turn|35
|
|switch|p1a: Manaphy|Manaphy|402\/402
|move|p2a: Landorus-Therian|U-turn|p1a: Manaphy
|-damage|p1a: Manaphy|312\/402
|
|switch|p2a: Lopunny|Lopunny-Mega, M|190\/295
|
|-heal|p1a: Manaphy|337\/402|[from] item: Leftovers
|turn|36
|
|move|p2a: Lopunny|Frustration|p1a: Manaphy
|-damage|p1a: Manaphy|150\/402
|move|p1a: Manaphy|Psychic|p2a: Lopunny
|-crit|p2a: Lopunny
|-supereffective|p2a: Lopunny
|-damage|p2a: Lopunny|0 fnt
|faint|p2a: Lopunny
|
|-heal|p1a: Manaphy|175\/402|[from] item: Leftovers
|
|switch|p2a: Landorus-Therian|Landorus-Therian, M|143\/341
|-ability|p2a: Landorus-Therian|Intimidate|[of] p1a: Manaphy
|-unboost|p1a: Manaphy|atk|1
|turn|37
|
|move|p2a: Landorus-Therian|U-turn|p1a: Manaphy
|-damage|p1a: Manaphy|79\/402
|
|switch|p2a: Manaphy|Manaphy|145\/365
|move|p1a: Manaphy|Scald|p2a: Manaphy
|-resisted|p2a: Manaphy
|-damage|p2a: Manaphy|83\/365
|
|-heal|p2a: Manaphy|105\/365|[from] item: Leftovers
|-heal|p1a: Manaphy|104\/402|[from] item: Leftovers
|turn|38
|
|switch|p2a: Landorus-Therian|Landorus-Therian, M|143\/341
|-ability|p2a: Landorus-Therian|Intimidate|[of] p1a: Manaphy
|-unboost|p1a: Manaphy|atk|1
|move|p1a: Manaphy|Psychic|p2a: Landorus-Therian
|-crit|p2a: Landorus-Therian
|-damage|p2a: Landorus-Therian|0 fnt
|faint|p2a: Landorus-Therian
|
|-heal|p1a: Manaphy|129\/402|[from] item: Leftovers
|c|âOvr9k|thats game gg
|c|âNew Light|gg
|c|âOvr9k|needed to catch that celebi and i thought you valued manaphy too much at the end
|-message|Ovr9k forfeited.
|
|win|New Light
|raw|Ladder updating...
|raw|New Light's rating: 1350 &rarr; <strong>1370<\/strong><br \/>(+20 for winning)
|raw|Ovr9k's rating: 1341 &rarr; <strong>1322<\/strong><br \/>(-19 for losing)