|join|Ancient Legend
|join|New Light
|player|p1|Ancient Legend|54
|player|p2|New Light|156
|gametype|singles
|gen|6
|tier|OU (suspect test)
|rated
|clearpoke
|poke|p1|Charizard, M, shiny
|poke|p1|Umbreon, M
|poke|p1|Gengar, M
|poke|p1|Empoleon, M
|poke|p1|Rotom-Mow
|poke|p1|Landorus-Therian, M
|poke|p2|Ninetales, F, shiny
|poke|p2|Mandibuzz, F
|poke|p2|Dugtrio, F
|poke|p2|Venusaur, F
|poke|p2|Terrakion
|poke|p2|Victini
|rule|Swagger Clause: Swagger is banned
|rule|Baton Pass Clause: Limit one PokÃ©mon knowing Baton Pass
|rule|Sleep Clause Mod: Limit one foe put to sleep
|rule|Species Clause: Limit one of each PokÃ©mon
|rule|OHKO Clause: OHKO moves are banned
|rule|Moody Clause: Moody is banned
|rule|Evasion Moves Clause: Evasion moves are banned
|rule|Endless Battle Clause: Forcing endless battles is banned
|rule|HP Percentage Mod: HP is shown in percentages
|teampreview
|
|start
|switch|p1a: Landorus-Therian|Landorus-Therian, M|381\/381
|switch|p2a: Ninetales|Ninetales, F, shiny|349\/349
|-weather|SunnyDay
|-ability|p1a: Landorus-Therian|Intimidate|[of] p2a: Ninetales
|-unboost|p2a: Ninetales|atk|1
|turn|1
|
|move|p2a: Ninetales|Will-O-Wisp|p1a: Landorus-Therian
|-status|p1a: Landorus-Therian|brn
|move|p1a: Landorus-Therian|U-turn|p2a: Ninetales
|-resisted|p2a: Ninetales
|-damage|p2a: Ninetales|322\/349
|
|switch|p1a: Carbonizador|Charizard, M, shiny|321\/321
|
|-weather|SunnyDay|[upkeep]
|turn|2
|
|switch|p2a: Dugtrio|Dugtrio, F|211\/211
|detailschange|p1a: Carbonizador|Charizard-Mega-X, M, shiny
|-mega|p1a: Carbonizador|Charizard|Charizardite X
|move|p1a: Carbonizador|Flare Blitz|p2a: Dugtrio
|-enditem|p2a: Dugtrio|Focus Sash
|-damage|p2a: Dugtrio|1\/211
|-damage|p1a: Carbonizador|252\/321|[from] recoil|[of] p2a: Dugtrio
|
|-weather|SunnyDay|[upkeep]
|turn|3
|join|jake5
|
|move|p2a: Dugtrio|Earthquake|p1a: Carbonizador
|-supereffective|p1a: Carbonizador
|-damage|p1a: Carbonizador|16\/321
|move|p1a: Carbonizador|Dragon Claw|p2a: Dugtrio
|-damage|p2a: Dugtrio|0 fnt
|faint|p2a: Dugtrio
|
|-weather|SunnyDay|[upkeep]
|c|âAncient Legend|too weak, lol
|c|âNew Light|he did his best
|
|switch|p2a: Terrakion|Terrakion|323\/323
|turn|4
|
|switch|p1a: Landorus-Therian|Landorus-Therian, M|381\/381 brn
|-ability|p1a: Landorus-Therian|Intimidate|[of] p2a: Terrakion
|-unboost|p2a: Terrakion|atk|1
|move|p2a: Terrakion|Close Combat|p1a: Landorus-Therian
|-resisted|p1a: Landorus-Therian
|-damage|p1a: Landorus-Therian|309\/381 brn
|-unboost|p2a: Terrakion|def|1
|-unboost|p2a: Terrakion|spd|1
|
|-weather|SunnyDay|[upkeep]
|-damage|p1a: Landorus-Therian|262\/381 brn|[from] brn
|turn|5
|
|switch|p2a: Mandibuzz|Mandibuzz, F|423\/423
|move|p1a: Landorus-Therian|U-turn|p2a: Mandibuzz
|-damage|p2a: Mandibuzz|391\/423
|-damage|p1a: Landorus-Therian|199\/381 brn|[from] item: Rocky Helmet|[of] p2a: Mandibuzz
|
|switch|p1a: Cortacabezas|Rotom-Mow|241\/241
|
|-weather|SunnyDay|[upkeep]
|turn|6
|
|switch|p2a: Victini|Victini|341\/341
|move|p1a: Cortacabezas|Volt Switch|p2a: Victini
|-damage|p2a: Victini|230\/341
|
|switch|p1a: Dark Eeveeto|Umbreon, M|393\/393
|
|-weather|SunnyDay|[upkeep]
|turn|7
|
|move|p1a: Dark Eeveeto|Protect|p1a: Dark Eeveeto
|-singleturn|p1a: Dark Eeveeto|Protect
|move|p2a: Victini|V-create|p1a: Dark Eeveeto
|-activate|p1a: Dark Eeveeto|Protect
|
|-weather|SunnyDay|[upkeep]
|turn|8
|
|switch|p1a: Carbonizador|Charizard-Mega-X, M, shiny|16\/321
|move|p2a: Victini|V-create|p1a: Carbonizador
|-resisted|p1a: Carbonizador
|-damage|p1a: Carbonizador|0 fnt
|-unboost|p2a: Victini|def|1
|-unboost|p2a: Victini|spd|1
|-unboost|p2a: Victini|spe|1
|faint|p1a: Carbonizador
|
|-weather|none
|
|switch|p1a: Gengarin|Gengar, M|261\/261
|turn|9
|
|switch|p2a: Ninetales|Ninetales, F, shiny|322\/349
|-weather|SunnyDay
|move|p1a: Gengarin|Sludge Wave|p2a: Ninetales
|-damage|p2a: Ninetales|189\/349
|
|-weather|SunnyDay|[upkeep]
|turn|10
|
|switch|p1a: Dark Eeveeto|Umbreon, M|393\/393
|move|p2a: Ninetales|Flamethrower|p1a: Dark Eeveeto
|-damage|p1a: Dark Eeveeto|288\/393
|
|-weather|SunnyDay|[upkeep]
|-heal|p1a: Dark Eeveeto|312\/393|[from] item: Leftovers
|turn|11
|
|switch|p2a: Victini|Victini|230\/341
|move|p1a: Dark Eeveeto|Wish|p1a: Dark Eeveeto
|
|-weather|SunnyDay|[upkeep]
|-heal|p1a: Dark Eeveeto|336\/393|[from] item: Leftovers
|turn|12
|
|move|p1a: Dark Eeveeto|Protect|p1a: Dark Eeveeto
|-singleturn|p1a: Dark Eeveeto|Protect
|move|p2a: Victini|V-create|p1a: Dark Eeveeto
|-activate|p1a: Dark Eeveeto|Protect
|
|-weather|SunnyDay|[upkeep]
|-heal|p1a: Dark Eeveeto|393\/393|[from] move: Wish|[wisher] Dark Eeveeto
|turn|13
|
|switch|p1a: Landorus-Therian|Landorus-Therian, M|199\/381 brn
|-ability|p1a: Landorus-Therian|Intimidate|[of] p2a: Victini
|-unboost|p2a: Victini|atk|1
|move|p2a: Victini|V-create|p1a: Landorus-Therian
|-crit|p1a: Landorus-Therian
|-damage|p1a: Landorus-Therian|0 fnt
|-unboost|p2a: Victini|def|1
|-unboost|p2a: Victini|spd|1
|-unboost|p2a: Victini|spe|1
|faint|p1a: Landorus-Therian
|
|-weather|SunnyDay|[upkeep]
|
|switch|p1a: Gengarin|Gengar, M|261\/261
|turn|14
|
|switch|p2a: Terrakion|Terrakion|323\/323
|move|p1a: Gengarin|Shadow Ball|p2a: Terrakion
|-damage|p2a: Terrakion|164\/323
|
|-weather|SunnyDay|[upkeep]
|turn|15
|
|switch|p1a: Dark Eeveeto|Umbreon, M|393\/393
|move|p2a: Terrakion|Stone Edge|p1a: Dark Eeveeto
|-damage|p1a: Dark Eeveeto|255\/393
|
|-weather|SunnyDay|[upkeep]
|-heal|p1a: Dark Eeveeto|279\/393|[from] item: Leftovers
|turn|16
|
|switch|p2a: Victini|Victini|230\/341
|move|p1a: Dark Eeveeto|Foul Play|p2a: Victini
|-supereffective|p2a: Victini
|-damage|p2a: Victini|0 fnt
|faint|p2a: Victini
|
|-weather|none
|-heal|p1a: Dark Eeveeto|303\/393|[from] item: Leftovers
|
|switch|p2a: Ninetales|Ninetales, F, shiny|189\/349
|-weather|SunnyDay
|turn|17
|
|move|p2a: Ninetales|Will-O-Wisp|p1a: Dark Eeveeto
|-status|p1a: Dark Eeveeto|brn
|move|p1a: Dark Eeveeto|Wish|p1a: Dark Eeveeto
|
|-weather|SunnyDay|[upkeep]
|-heal|p1a: Dark Eeveeto|327\/393 brn|[from] item: Leftovers
|-damage|p1a: Dark Eeveeto|278\/393 brn|[from] brn
|turn|18
|
|move|p2a: Ninetales|Will-O-Wisp|p1a: Dark Eeveeto
|-fail|p1a: Dark Eeveeto|brn
|move|p1a: Dark Eeveeto|Heal Bell|p1a: Dark Eeveeto
|-cureteam|p1a: Dark Eeveeto|[from] move: HealBell
|
|-weather|SunnyDay|[upkeep]
|-heal|p1a: Dark Eeveeto|393\/393|[from] move: Wish|[wisher] Dark Eeveeto
|turn|19
|
|move|p1a: Dark Eeveeto|Protect|p1a: Dark Eeveeto
|-singleturn|p1a: Dark Eeveeto|Protect
|move|p2a: Ninetales|Will-O-Wisp|p1a: Dark Eeveeto
|-activate|p1a: Dark Eeveeto|Protect
|
|-weather|SunnyDay|[upkeep]
|turn|20
|
|move|p2a: Ninetales|Rest|p2a: Ninetales
|-status|p2a: Ninetales|slp
|-heal|p2a: Ninetales|349\/349 slp|[silent]
|-status|p2a: Ninetales|slp|[from] move: Rest
|move|p1a: Dark Eeveeto|Wish|p1a: Dark Eeveeto
|
|-weather|SunnyDay|[upkeep]
|turn|21
|
|cant|p2a: Ninetales|slp
|move|p2a: Ninetales|Sleep Talk|p2a: Ninetales
|move|p2a: Ninetales|Flamethrower|p1a: Dark Eeveeto|[from]Sleep Talk
|-crit|p1a: Dark Eeveeto
|-damage|p1a: Dark Eeveeto|237\/393
|move|p1a: Dark Eeveeto|Foul Play|p2a: Ninetales
|-damage|p2a: Ninetales|240\/349 slp
|
|-weather|SunnyDay|[upkeep]
|-heal|p1a: Dark Eeveeto|393\/393|[from] move: Wish|[wisher] Dark Eeveeto
|turn|22
|
|cant|p2a: Ninetales|slp
|move|p2a: Ninetales|Sleep Talk|p2a: Ninetales
|move|p2a: Ninetales|Flamethrower|p1a: Dark Eeveeto|[from]Sleep Talk
|-damage|p1a: Dark Eeveeto|290\/393
|-status|p1a: Dark Eeveeto|brn
|move|p1a: Dark Eeveeto|Wish|p1a: Dark Eeveeto
|
|-weather|SunnyDay|[upkeep]
|-heal|p1a: Dark Eeveeto|314\/393 brn|[from] item: Leftovers
|-damage|p1a: Dark Eeveeto|265\/393 brn|[from] brn
|turn|23
|
|switch|p2a: Terrakion|Terrakion|164\/323
|move|p1a: Dark Eeveeto|Heal Bell|p1a: Dark Eeveeto
|-cureteam|p1a: Dark Eeveeto|[from] move: HealBell
|
|-weather|SunnyDay|[upkeep]
|-heal|p1a: Dark Eeveeto|393\/393|[from] move: Wish|[wisher] Dark Eeveeto
|turn|24
|leave|jake5
|
|move|p1a: Dark Eeveeto|Protect|p1a: Dark Eeveeto
|-singleturn|p1a: Dark Eeveeto|Protect
|move|p2a: Terrakion|Close Combat|p1a: Dark Eeveeto
|-activate|p1a: Dark Eeveeto|Protect
|
|-weather|none
|turn|25
|
|switch|p2a: Ninetales|Ninetales, F, shiny|240\/349 slp
|-weather|SunnyDay
|switch|p1a: Gengarin|Gengar, M|261\/261
|
|-weather|SunnyDay|[upkeep]
|turn|26
|
|switch|p1a: Dark Eeveeto|Umbreon, M|393\/393
|-curestatus|p2a: Ninetales|slp
|move|p2a: Ninetales|Flamethrower|p1a: Dark Eeveeto
|-damage|p1a: Dark Eeveeto|299\/393
|
|-weather|SunnyDay|[upkeep]
|-heal|p1a: Dark Eeveeto|323\/393|[from] item: Leftovers
|turn|27
|join|jake5
|
|switch|p2a: Venusaur|Venusaur, F|301\/301
|move|p1a: Dark Eeveeto|Wish|p1a: Dark Eeveeto
|
|-weather|SunnyDay|[upkeep]
|-heal|p1a: Dark Eeveeto|347\/393|[from] item: Leftovers
|turn|28
|
|move|p2a: Venusaur|Growth|p2a: Venusaur
|-boost|p2a: Venusaur|atk|2
|-boost|p2a: Venusaur|spa|2
|move|p1a: Dark Eeveeto|Foul Play|p2a: Venusaur
|-crit|p2a: Venusaur
|-damage|p2a: Venusaur|22\/301
|
|-weather|SunnyDay|[upkeep]
|-heal|p1a: Dark Eeveeto|393\/393|[from] move: Wish|[wisher] Dark Eeveeto
|turn|29
|
|move|p2a: Venusaur|Giga Drain|p1a: Dark Eeveeto
|-damage|p1a: Dark Eeveeto|162\/393
|-heal|p2a: Venusaur|138\/301|[from] drain|[of] p1a: Dark Eeveeto
|-damage|p2a: Venusaur|108\/301|[from] item: Life Orb
|move|p1a: Dark Eeveeto|Foul Play|p2a: Venusaur
|-damage|p2a: Venusaur|0 fnt
|faint|p2a: Venusaur
|
|-weather|SunnyDay|[upkeep]
|-heal|p1a: Dark Eeveeto|186\/393|[from] item: Leftovers
|
|switch|p2a: Mandibuzz|Mandibuzz, F|391\/423
|turn|30
|
|move|p1a: Dark Eeveeto|Protect|p1a: Dark Eeveeto
|-singleturn|p1a: Dark Eeveeto|Protect
|move|p2a: Mandibuzz|Taunt|p1a: Dark Eeveeto
|-activate|p1a: Dark Eeveeto|Protect
|
|-weather|SunnyDay|[upkeep]
|-heal|p1a: Dark Eeveeto|210\/393|[from] item: Leftovers
|turn|31
|
|switch|p1a: Cortacabezas|Rotom-Mow|241\/241
|move|p2a: Mandibuzz|Taunt|p1a: Cortacabezas
|-start|p1a: Cortacabezas|move: Taunt
|
|-weather|SunnyDay|[upkeep]
|turn|32
|
|move|p1a: Cortacabezas|Thunderbolt|p2a: Mandibuzz
|-supereffective|p2a: Mandibuzz
|-damage|p2a: Mandibuzz|83\/423
|move|p2a: Mandibuzz|Foul Play|p1a: Cortacabezas
|-crit|p1a: Cortacabezas
|-damage|p1a: Cortacabezas|154\/241
|
|-weather|none
|turn|33
|
|switch|p2a: Ninetales|Ninetales, F, shiny|240\/349
|-weather|SunnyDay
|move|p1a: Cortacabezas|Thunderbolt|p2a: Ninetales
|-damage|p2a: Ninetales|122\/349
|
|-weather|SunnyDay|[upkeep]
|turn|34
|
|move|p1a: Cortacabezas|Thunderbolt|p2a: Ninetales
|-damage|p2a: Ninetales|14\/349
|move|p2a: Ninetales|Flamethrower|p1a: Cortacabezas
|-supereffective|p1a: Cortacabezas
|-damage|p1a: Cortacabezas|0 fnt
|faint|p1a: Cortacabezas
|
|-weather|SunnyDay|[upkeep]
|
|switch|p1a: Imperator|Empoleon, M|371\/371
|turn|35
|
|move|p2a: Ninetales|Rest|p2a: Ninetales
|-status|p2a: Ninetales|slp
|-heal|p2a: Ninetales|349\/349 slp|[silent]
|-status|p2a: Ninetales|slp|[from] move: Rest
|move|p1a: Imperator|Stealth Rock|p2a: Ninetales
|-sidestart|p2: New Light|move: Stealth Rock
|
|-weather|SunnyDay|[upkeep]
|turn|36
|
|cant|p2a: Ninetales|slp
|move|p2a: Ninetales|Sleep Talk|p2a: Ninetales
|move|p2a: Ninetales|Rest|p2a: Ninetales|[from]Sleep Talk
|-fail|p2a: Ninetales
|move|p1a: Imperator|Roar|p2a: Ninetales
|drag|p2a: Mandibuzz|Mandibuzz, F|83\/423
|-damage|p2a: Mandibuzz|0 fnt|[from] Stealth Rock
|faint|p2a: Mandibuzz
|
|-weather|SunnyDay|[upkeep]
|
|switch|p2a: Ninetales|Ninetales, F, shiny|349\/349 slp
|-damage|p2a: Ninetales|262\/349 slp|[from] Stealth Rock
|turn|37
|
|cant|p2a: Ninetales|slp
|move|p2a: Ninetales|Sleep Talk|p2a: Ninetales
|move|p2a: Ninetales|Flamethrower|p1a: Imperator|[from]Sleep Talk
|-damage|p1a: Imperator|274\/371
|move|p1a: Imperator|Scald|p2a: Ninetales
|-supereffective|p2a: Ninetales
|-damage|p2a: Ninetales|172\/349 slp
|
|-weather|SunnyDay|[upkeep]
|-heal|p1a: Imperator|297\/371|[from] item: Leftovers
|turn|38
|
|-curestatus|p2a: Ninetales|slp
|move|p2a: Ninetales|Will-O-Wisp|p1a: Imperator
|-status|p1a: Imperator|brn
|move|p1a: Imperator|Roar|p2a: Ninetales
|drag|p2a: Terrakion|Terrakion|164\/323
|-damage|p2a: Terrakion|144\/323|[from] Stealth Rock
|
|-weather|SunnyDay|[upkeep]
|-heal|p1a: Imperator|320\/371 brn|[from] item: Leftovers
|-damage|p1a: Imperator|274\/371 brn|[from] brn
|turn|39
|
|move|p2a: Terrakion|Close Combat|p1a: Imperator
|-supereffective|p1a: Imperator
|-damage|p1a: Imperator|0 fnt
|-unboost|p2a: Terrakion|def|1
|-unboost|p2a: Terrakion|spd|1
|faint|p1a: Imperator
|
|-weather|SunnyDay|[upkeep]
|
|switch|p1a: Gengarin|Gengar, M|261\/261
|turn|40
|
|switch|p2a: Ninetales|Ninetales, F, shiny|172\/349
|-damage|p2a: Ninetales|85\/349|[from] Stealth Rock
|move|p1a: Gengarin|Shadow Ball|p2a: Ninetales
|-damage|p2a: Ninetales|0 fnt
|faint|p2a: Ninetales
|
|-weather|none
|
|switch|p2a: Terrakion|Terrakion|144\/323
|-damage|p2a: Terrakion|124\/323|[from] Stealth Rock
|turn|41
|
|move|p2a: Terrakion|Stone Edge|p1a: Gengarin
|-damage|p1a: Gengarin|0 fnt
|faint|p1a: Gengarin
|
|
|switch|p1a: Dark Eeveeto|Umbreon, M|210\/393
|turn|42
|
|move|p1a: Dark Eeveeto|Protect|p1a: Dark Eeveeto
|-singleturn|p1a: Dark Eeveeto|Protect
|move|p2a: Terrakion|Stone Edge|p1a: Dark Eeveeto
|-activate|p1a: Dark Eeveeto|Protect
|
|-heal|p1a: Dark Eeveeto|234\/393|[from] item: Leftovers
|turn|43
|
|move|p2a: Terrakion|Stone Edge|p1a: Dark Eeveeto
|-damage|p1a: Dark Eeveeto|111\/393
|move|p1a: Dark Eeveeto|Wish|p1a: Dark Eeveeto
|
|-heal|p1a: Dark Eeveeto|135\/393|[from] item: Leftovers
|turn|44
|
|move|p1a: Dark Eeveeto|Protect|p1a: Dark Eeveeto
|-singleturn|p1a: Dark Eeveeto|Protect
|move|p2a: Terrakion|Stone Edge|p1a: Dark Eeveeto
|-activate|p1a: Dark Eeveeto|Protect
|
|-heal|p1a: Dark Eeveeto|331\/393|[from] move: Wish|[wisher] Dark Eeveeto
|-heal|p1a: Dark Eeveeto|355\/393|[from] item: Leftovers
|turn|45
|
|move|p2a: Terrakion|Stone Edge|p1a: Dark Eeveeto|[miss]
|-miss|p2a: Terrakion|p1a: Dark Eeveeto
|move|p1a: Dark Eeveeto|Wish|p1a: Dark Eeveeto
|
|-heal|p1a: Dark Eeveeto|379\/393|[from] item: Leftovers
|turn|46
|-message|New Light forfeited.
|
|win|Ancient Legend
|raw|Ladder updating...
|leave|New Light
|player|p2
|raw|Ancient Legend's rating: 1473 &rarr; <strong>1489<\/strong><br \/>(+16 for winning)
|raw|New Light's rating: 1402 &rarr; <strong>1386<\/strong><br \/>(-16 for losing)