|join|ban slowbro
|join|New Light
|player|p1|ban slowbro|162
|player|p2|New Light|156
|gametype|singles
|gen|6
|tier|OU (suspect test)
|rated
|clearpoke
|poke|p1|Metagross, shiny
|poke|p1|Landorus, M, shiny
|poke|p1|Garchomp, M, shiny
|poke|p1|Azumarill, M
|poke|p1|Latias, F
|poke|p1|Keldeo-Resolute, shiny
|poke|p2|Swampert, M
|poke|p2|Politoed, F
|poke|p2|Celebi
|poke|p2|Manaphy
|poke|p2|Klefki, M
|poke|p2|Bisharp, M
|rule|Swagger Clause: Swagger is banned
|rule|Baton Pass Clause: Limit one PokÃ©mon knowing Baton Pass
|rule|Sleep Clause Mod: Limit one foe put to sleep
|rule|Species Clause: Limit one of each PokÃ©mon
|rule|OHKO Clause: OHKO moves are banned
|rule|Moody Clause: Moody is banned
|rule|Evasion Moves Clause: Evasion moves are banned
|rule|Endless Battle Clause: Forcing endless battles is banned
|rule|HP Percentage Mod: HP is shown in percentages
|teampreview
|join|Starmei
|join|Dark380
|join|Omegasization
|join|Alkov
|
|start
|switch|p1a: Landorus|Landorus, M, shiny|319\/319
|switch|p2a: Ollie|Politoed, F|384\/384
|-weather|RainDance
|turn|1
|join|jake5
|
|move|p1a: Landorus|Stealth Rock|p2a: Ollie
|-sidestart|p2: New Light|move: Stealth Rock
|move|p2a: Ollie|Scald|p1a: Landorus
|-supereffective|p1a: Landorus
|-damage|p1a: Landorus|0 fnt
|faint|p1a: Landorus
|
|-weather|RainDance|[upkeep]
|join|Void
|c| jake5|ohko'd
|join|Grenizmo
|
|switch|p1a: Keldeo-Resolute|Keldeo-Resolute, shiny|323\/323
|turn|2
|
|switch|p2a: Celebi|Celebi|404\/404
|-damage|p2a: Celebi|354\/404|[from] Stealth Rock
|move|p1a: Keldeo-Resolute|Secret Sword|p2a: Celebi
|-resisted|p2a: Celebi
|-damage|p2a: Celebi|247\/404
|
|-weather|RainDance|[upkeep]
|-heal|p2a: Celebi|272\/404|[from] item: Leftovers
|turn|3
|join|Azumarill
|c| Starmei|where's the HP bug
|c| jake5|^
|
|switch|p1a: Latias|Latias, F|301\/301
|move|p2a: Celebi|Stealth Rock|p1a: Latias
|-sidestart|p1: ban slowbro|move: Stealth Rock
|
|-weather|RainDance|[upkeep]
|-heal|p2a: Celebi|297\/404|[from] item: Leftovers
|turn|4
|join|Arcanine is Regal
|
|switch|p2a: Bisharp|Bisharp, M|271\/271
|-damage|p2a: Bisharp|255\/271|[from] Stealth Rock
|move|p1a: Latias|Draco Meteor|p2a: Bisharp|[miss]
|-miss|p1a: Latias|p2a: Bisharp
|
|-weather|RainDance|[upkeep]
|turn|5
|c| jake5|i all hax
|c| Starmei|rip
|
|move|p2a: Bisharp|Pursuit|p1a: Latias|[from]Pursuit
|-supereffective|p1a: Latias
|-damage|p1a: Latias|0 fnt
|faint|p1a: Latias
|
|-weather|RainDance|[upkeep]
|c| jake5|h nb
|c| jake5|prolly av
|
|switch|p1a: Keldeo-Resolute|Keldeo-Resolute, shiny|323\/323
|-damage|p1a: Keldeo-Resolute|303\/323|[from] Stealth Rock
|turn|6
|c| jake5|lel
|
|switch|p2a: Celebi|Celebi|297\/404
|-damage|p2a: Celebi|247\/404|[from] Stealth Rock
|move|p1a: Keldeo-Resolute|Hydro Pump|p2a: Celebi
|-resisted|p2a: Celebi
|-damage|p2a: Celebi|94\/404
|
|-weather|RainDance|[upkeep]
|-heal|p2a: Celebi|119\/404|[from] item: Leftovers
|turn|7
|c| jake5|wheres da double to gross
|c| jake5|.....
|c| jake5|2hko
|c| jake5|looooooool
|join|IAmGingy
|join|PuddlesA1
|c| Void|what's a resist
|join|gobosox
|c| jake5|a specs pwny in teh rain
|
|switch|p2a: Manaphy|Manaphy|402\/402
|-damage|p2a: Manaphy|352\/402|[from] Stealth Rock
|move|p1a: Keldeo-Resolute|Hydro Pump|p2a: Manaphy
|-resisted|p2a: Manaphy
|-damage|p2a: Manaphy|121\/402
|
|-weather|RainDance|[upkeep]
|-heal|p2a: Manaphy|146\/402|[from] item: Leftovers
|turn|8
|c| jake5|op mon in the house
|c| jake5|hitting them alll
|c| jake5|nb nb
|c| Void|lool nice counter
|c| Dark380|lmao
|join|JohnxYiu
|c| Dark380|all the switch ins
|c| jake5|nice switchins loool
|join|rhtrjwr
|c| IAmGingy|i guess
|c| jake5|his rain ishelping pbr achivee the 2hko's
|c| jake5|loooooooooooool
|c| IAmGingy|he didnt prepare
|
|switch|p2a: Bisharp|Bisharp, M|255\/271
|-damage|p2a: Bisharp|239\/271|[from] Stealth Rock
|move|p1a: Keldeo-Resolute|Hydro Pump|p2a: Bisharp
|-damage|p2a: Bisharp|0 fnt
|faint|p2a: Bisharp
|
|-weather|none
|c| jake5|dafuq is dis man doing
|c| jake5|niche
|c| jake5|hitting all dem hydros
|c| IAmGingy|for an uncommon set for keld rn
|join|dqsqsdqddq
|c| jake5|the av sharp didnt help
|c| Dark380|sacking his team
|c| jake5|looooooooool
|
|switch|p2a: Klefki|Klefki, M|318\/318
|-damage|p2a: Klefki|299\/318|[from] Stealth Rock
|turn|9
|c| Dark380|to this lord
|
|switch|p1a: Garchomp|Garchomp, M, shiny|358\/358
|-damage|p1a: Garchomp|336\/358|[from] Stealth Rock
|move|p2a: Klefki|Light Screen|p2a: Klefki
|-sidestart|p2: New Light|move: Light Screen
|
|turn|10
|c| jake5|and swampy can't ohko it either
|c| jake5|reveal sd
|c| jake5|chompers
|
|move|p2a: Klefki|Reflect|p2a: Klefki
|-sidestart|p2: New Light|Reflect
|move|p1a: Garchomp|Earthquake|p2a: Klefki
|-supereffective|p2a: Klefki
|-damage|p2a: Klefki|155\/318
|
|turn|11
|
|switch|p2a: Ollie|Politoed, F|384\/384
|-damage|p2a: Ollie|336\/384|[from] Stealth Rock
|-weather|RainDance
|move|p1a: Garchomp|Earthquake|p2a: Ollie
|-crit|p2a: Ollie
|-damage|p2a: Ollie|0 fnt
|faint|p2a: Ollie
|
|-weather|RainDance|[upkeep]
|leave|dqsqsdqddq
|c| Dark380|LOL
|c| jake5|hahahhaha
|c| jake5|no more rain
|c| Starmei|lol
|join|dqsqsdqddq
|
|switch|p2a: Splash|Swampert, M|391\/391
|-damage|p2a: Splash|367\/391|[from] Stealth Rock
|turn|12
|join|I Can't Choke
|c| jake5|7 turns is all ya got
|c| Dark380|ezist crit of his life
|
|detailschange|p2a: Splash|Swampert-Mega, M
|-mega|p2a: Splash|Swampert|Swampertite
|move|p1a: Garchomp|Earthquake|p2a: Splash
|-damage|p2a: Splash|291\/391
|move|p2a: Splash|Earthquake|p1a: Garchomp
|-damage|p1a: Garchomp|128\/358
|
|-weather|RainDance|[upkeep]
|turn|13
|c| jake5|i think pony sweeps now
|
|move|p1a: Garchomp|Earthquake|p2a: Splash
|-damage|p2a: Splash|210\/391
|move|p2a: Splash|Earthquake|p1a: Garchomp
|-damage|p1a: Garchomp|0 fnt
|faint|p1a: Garchomp
|
|-weather|RainDance|[upkeep]
|c| jake5|pony pony pony
|c| jake5|pony pony poy
|join|Albacore
|join|Zhaf
|join|TheEnder
|
|switch|p1a: Keldeo-Resolute|Keldeo-Resolute, shiny|303\/323
|-damage|p1a: Keldeo-Resolute|283\/323|[from] Stealth Rock
|turn|14
|c|+TheEnder|BAN SLOWBRO
|c|+TheEnder|:]]
|
|move|p2a: Splash|Waterfall|p1a: Keldeo-Resolute
|-resisted|p1a: Keldeo-Resolute
|-damage|p1a: Keldeo-Resolute|149\/323
|move|p1a: Keldeo-Resolute|Hydro Pump|p2a: Splash
|-damage|p2a: Splash|24\/391
|
|-weather|RainDance|[upkeep]
|turn|15
|c|+Albacore|ban klefki
|c|âban slowbro|:]
|c| jake5|dafuq
|c| jake5|that didnt ohko
|c|+TheEnder|alba
|c|+TheEnder|balba
|c| jake5|its THE ender
|c| IAmGingy|ender
|join|Testlum
|c| jake5|THE legend
|c| IAmGingy|did u
|c| IAmGingy|see my pms
|c| IAmGingy|:[
|c|+TheEnder|nah i was afk
|c| jake5|that didnt even do 50 lol
|c| jake5|reveal rest
|c| jake5|loooool
|
|move|p2a: Splash|Rest|p2a: Splash
|-status|p2a: Splash|slp
|-heal|p2a: Splash|391\/391 slp|[silent]
|-status|p2a: Splash|slp|[from] move: Rest
|move|p1a: Keldeo-Resolute|Hydro Pump|p2a: Splash
|-damage|p2a: Splash|205\/391 slp
|
|-weather|RainDance|[upkeep]
|turn|16
|c| jake5|hahahahha
|c|+Albacore|LOL
|c| jake5|hahahhahaha
|c|+Azumarill|LOOOOOOOOOOL seeya
|c| Dark380|lmao
|c|+TheEnder|ah
|c| jake5|hitting all those hydros
|join|Kimio
|c|+TheEnder|dats too ez
|c| jake5|nb nb
|
|cant|p2a: Splash|slp
|move|p2a: Splash|Sleep Talk|p2a: Splash
|move|p2a: Splash|Waterfall|p1a: Keldeo-Resolute|[from]Sleep Talk
|-resisted|p1a: Keldeo-Resolute
|-damage|p1a: Keldeo-Resolute|5\/323
|cant|p1a: Keldeo-Resolute|flinch
|
|-weather|RainDance|[upkeep]
|-sideend|p2: New Light|move: Light Screen
|turn|17
|c|+Albacore|IS THIS RESTTALK
|c| jake5|looool
|c|+Albacore|YES
|c| Starmei|LOL
|c|+Azumarill|omfg
|c| jake5|ooh da hax
|c| jake5|too stronk
|c| Dark380|haha
|c| jake5|ok
|c| jake5|no more light screen
|c|+Azumarill|cy@
|c| jake5|so youohko
|c| Omegasization|hahahahaha
|c|âban slowbro|FAG
|c| jake5|ohko
|c| jake5|ohko
|c|âban slowbro|POOPYHEAD
|c| jake5|ohko
|c| jake5|ohko
|
|cant|p2a: Splash|slp
|move|p2a: Splash|Sleep Talk|p2a: Splash
|move|p2a: Splash|Earthquake|p1a: Keldeo-Resolute|[from]Sleep Talk
|-damage|p1a: Keldeo-Resolute|0 fnt
|faint|p1a: Keldeo-Resolute
|
|-weather|RainDance|[upkeep]
|-sideend|p2: New Light|Reflect
|c| jake5|loool
|c| jake5|dis man is getting all of the attacknig moves
|join|Captain Murkrow
|c| Alkov|predict the sleep talk fail
|c| Alkov|i mean no he wakes up here lol
|c|+TheEnder|too ez
|c|+TheEnder|imo
|c| Captain Murkrow|das pro plays
|leave|I Can't Choke
|c| Captain Murkrow|n sets
|c| Captain Murkrow|lmao
|c| Kimio|rest talk mega pert lool
|
|switch|p1a: Azumarill|Azumarill, M|360\/360
|-damage|p1a: Azumarill|315\/360|[from] Stealth Rock
|turn|18
|join|Appreciation
|
|-curestatus|p2a: Splash|slp
|move|p2a: Splash|Earthquake|p1a: Azumarill
|-damage|p1a: Azumarill|38\/360
|-enditem|p1a: Azumarill|Sitrus Berry|[eat]
|-heal|p1a: Azumarill|128\/360|[from] item: Sitrus Berry
|move|p1a: Azumarill|Play Rough|p2a: Splash
|-damage|p2a: Splash|25\/391
|
|-weather|none
|turn|19
|join|Cienight
|
|move|p1a: Azumarill|Aqua Jet|p2a: Splash
|-damage|p2a: Splash|0 fnt
|faint|p2a: Splash
|
|c| IAmGingy|whyd
|c| IAmGingy|u sack
|join|pokemonomekop
|c| IAmGingy|,,,
|
|switch|p2a: Klefki|Klefki, M|155\/318
|-damage|p2a: Klefki|136\/318|[from] Stealth Rock
|turn|20
|c| Appreciation|gingy :)
|c| IAmGingy|OMG TRICE
|c| IAmGingy|<3333333
|c| Appreciation|<3333
|
|move|p2a: Klefki|Reflect|p2a: Klefki
|-sidestart|p2: New Light|Reflect
|move|p1a: Azumarill|Aqua Jet|p2a: Klefki
|-damage|p2a: Klefki|104\/318
|
|turn|21
|c| IAmGingy|how have u been budE
|join|Swaqfeq
|c| pokemonomekop|trice?
|
|move|p2a: Klefki|Foul Play|p1a: Azumarill
|-resisted|p1a: Azumarill
|-damage|p1a: Azumarill|87\/360
|move|p1a: Azumarill|Play Rough|p2a: Klefki
|-resisted|p2a: Klefki
|-damage|p2a: Klefki|68\/318
|
|turn|22
|c| pokemonomekop|I'm prolly way after your time
|c| pokemonomekop|nice to meet u tho :O
|
|move|p2a: Klefki|Thunder Wave|p1a: Azumarill
|-status|p1a: Azumarill|par
|move|p1a: Azumarill|Knock Off|p2a: Klefki
|-resisted|p2a: Klefki
|-damage|p2a: Klefki|42\/318
|-enditem|p2a: Klefki|Light Clay|[from] move: Knock Off|[of] p1a: Azumarill
|
|turn|23
|c| IAmGingy|ekop ill ban u from frost
|
|move|p2a: Klefki|Foul Play|p1a: Azumarill
|-resisted|p1a: Azumarill
|-damage|p1a: Azumarill|44\/360 par
|move|p1a: Azumarill|Play Rough|p2a: Klefki
|-resisted|p2a: Klefki
|-damage|p2a: Klefki|3\/318
|-unboost|p2a: Klefki|atk|1
|
|turn|24
|c| pokemonomekop|:[
|c| IAmGingy|if u ruin this reunion
|c| Appreciation|really good :) my comp just broke and my sis comp did too but hers is fine again so im using it again lel
|
|move|p1a: Azumarill|Aqua Jet|p2a: Klefki
|-damage|p2a: Klefki|0 fnt
|faint|p2a: Klefki
|
|c| IAmGingy|:D
|c| Appreciation|and hi pokemonomekop: :]
|
|switch|p2a: Celebi|Celebi|119\/404
|-damage|p2a: Celebi|69\/404|[from] Stealth Rock
|turn|25
|c| IAmGingy|its gr8 to see u again fren
|
|move|p2a: Celebi|Healing Wish|p2a: Celebi
|faint|p2a: Celebi
|cant|p1a: Azumarill|par
|
|c| Appreciation|u too fren
|c| Appreciation|^_^
|
|switch|p2a: Manaphy|Manaphy|146\/402
|-heal|p2a: Manaphy|402\/402|[from] move: Healing Wish
|-damage|p2a: Manaphy|352\/402|[from] Stealth Rock
|turn|26
|c| IAmGingy|n_n
|c| IAmGingy|ban slowbro
|c| Appreciation|im rusty af tho i havent played oras LOL
|c| Alkov|rip
|c| Captain Murkrow|an gggggg
|c| IAmGingy|how come
|c| IAmGingy|u dont get
|c| Appreciation|havent played it once
|c| IAmGingy|stall
|c| IAmGingy|on this ladder
|c| Starmei|he did
|c| IAmGingy|thats all i fkn get
|c|+Albacore|erm he got stall
|c| Starmei|like 3 times in a row
|c| Starmei|b4
|c|+Albacore|3 times in a row
|c| pokemonomekop|XD
|c| IAmGingy|i got it 10 times
|join|ollopa
|c| Appreciation|>stall
|c| Grenizmo|all i get
|c| IAmGingy|in a row
|c| Grenizmo|is hax
|c| IAmGingy|fk this
|
|move|p2a: Manaphy|Tail Glow|p2a: Manaphy
|-boost|p2a: Manaphy|spa|3
|move|p1a: Azumarill|Knock Off|p2a: Manaphy
|-damage|p2a: Manaphy|276\/402
|-enditem|p2a: Manaphy|Leftovers|[from] move: Knock Off|[of] p1a: Azumarill
|
|turn|27
|c| Grenizmo|more hax
|c|+Albacore|literlly the same
|c| Grenizmo|anx more hax
|c| IAmGingy|trice
|c|+Albacore|goth+sab team
|
|move|p2a: Manaphy|Scald|p1a: Azumarill
|-resisted|p1a: Azumarill
|-damage|p1a: Azumarill|0 fnt
|faint|p1a: Azumarill
|
|-sideend|p2: New Light|Reflect
|c| jake5|hmm yeah ko helps
|c| Starmei|one had bish thio
|c| Swaqfeq|squirrels?
|c| jake5|ok niche
|
|switch|p1a: Metagross|Metagross, shiny|301\/301
|-damage|p1a: Metagross|283\/301|[from] Stealth Rock
|turn|28
|c| IAmGingy|iz ok if u havent played
|c| Captain Murkrow|oh bby
|c| jake5|flinch to da death
|c| IAmGingy|ora
|c| pokemonomekop|>.> scald on tail glow manaphy?
|c|+Albacore|FLINCH
|c| IAmGingy|s
|c| Alkov|WAIT
|c| pokemonomekop|it needs surf right\/
|c|+Albacore|wait nvm
|c| IAmGingy|ur ezily
|c| Alkov|HE DOESNT OUTSPEED
|
|detailschange|p1a: Metagross|Metagross-Mega, shiny
|-mega|p1a: Metagross|Metagross|Metagrossite
|move|p1a: Metagross|Zen Headbutt|p2a: Manaphy
|-damage|p2a: Manaphy|80\/402
|move|p2a: Manaphy|Scald|p1a: Metagross
|-damage|p1a: Metagross|0 fnt
|faint|p1a: Metagross
|
|win|New Light
|raw|Ladder updating...
|c|+Albacore|not mega yet
|c| Alkov|BEFORE MEGA EVOLVE
|c| pokemonomekop|for powaaa?
|c|+Albacore|lol
|raw|ban slowbro's rating: 1584 &rarr; <strong>1559<\/strong><br \/>(-25 for losing)
|raw|New Light's rating: 1495 &rarr; <strong>1520<\/strong><br \/>(+25 for winning)
|c| IAmGingy|gunna catch up
|c| jake5|he might be runnig bulky
|c|+Albacore|what
|c| jake5|calle it
|c| pokemonomekop|LOL
|c| Alkov|FLINCHHHH
|c| Appreciation|lol
|leave|Swaqfeq
|c| IAmGingy|if u want
|c| Starmei|rip
|c| Alkov|rip
|c| Captain Murkrow|bop
|c| IAmGingy|ja
|c|+Albacore|slow mana
|c| jake5|wheres da flinch
|c|âban slowbro|faggggggggg
|c| pokemonomekop|gg
|leave|ban slowbro
|player|p1
|leave|jake5
|c|âNew Light|lol
|leave|Kimio
|c| pokemonomekop|:[ gg new light
|leave|Albacore
|leave|Grenizmo
|leave|Zhaf
|leave|Appreciation
|leave|Omegasization
|leave|New Light
|leave|TheEnder
|player|p2
|leave|Starmei
|leave|Dark380
|leave|pokemonomekop
|leave|Arcanine is Regal
|leave|Azumarill
|leave|IAmGingy
|join|Grenizmo
|leave|Captain Murkrow
|leave|Grenizmo
|leave|Void
|leave|Alkov
|leave|PuddlesA1
|leave|Testlum
|leave|Cienight
|leave|rhtrjwr
|join|dingbat
|leave|dingbat
|join|Vaggos1992
|leave|Vaggos1992
|join|Vaggos1992
|leave|Vaggos1992
|join|OGWanka
|leave|ollopa
|leave|OGWanka
|join|yuy
|leave|yuy
|leave|gobosox