|join|godly serperior
|join|New Light
|player|p1|godly serperior|25
|player|p2|New Light|156
|gametype|singles
|gen|6
|tier|OU (suspect test)
|rated
|clearpoke
|poke|p1|Beedrill, F
|poke|p1|Ferrothorn, F, shiny
|poke|p1|Dragonite, M
|poke|p1|Heatran, M
|poke|p1|Latias, F, shiny
|poke|p1|Thundurus, M
|poke|p2|Ninetales, M, shiny
|poke|p2|Mandibuzz, F
|poke|p2|Dugtrio, M
|poke|p2|Venusaur, F
|poke|p2|Diancie
|poke|p2|Victini
|rule|Swagger Clause: Swagger is banned
|rule|Baton Pass Clause: Limit one PokÃ©mon knowing Baton Pass
|rule|Sleep Clause Mod: Limit one foe put to sleep
|rule|Species Clause: Limit one of each PokÃ©mon
|rule|OHKO Clause: OHKO moves are banned
|rule|Moody Clause: Moody is banned
|rule|Evasion Moves Clause: Evasion moves are banned
|rule|Endless Battle Clause: Forcing endless battles is banned
|rule|HP Percentage Mod: HP is shown in percentages
|teampreview
|
|start
|switch|p1a: Zapped|Thundurus, M|299\/299
|switch|p2a: Dugtrio|Dugtrio, M|211\/211
|turn|1
|
|move|p2a: Dugtrio|Stone Edge|p1a: Zapped|[miss]
|-miss|p2a: Dugtrio|p1a: Zapped
|move|p1a: Zapped|Hidden Power|p2a: Dugtrio
|-supereffective|p2a: Dugtrio
|-damage|p2a: Dugtrio|27\/211
|
|turn|2
|
|move|p2a: Dugtrio|Stealth Rock|p1a: Zapped
|-sidestart|p1: godly serperior|move: Stealth Rock
|move|p1a: Zapped|Hidden Power|p2a: Dugtrio
|-supereffective|p2a: Dugtrio
|-damage|p2a: Dugtrio|0 fnt
|faint|p2a: Dugtrio
|
|
|switch|p2a: Victini|Victini|341\/341
|turn|3
|
|move|p1a: Zapped|Thunder Wave|p2a: Victini
|-status|p2a: Victini|par
|move|p2a: Victini|U-turn|p1a: Zapped
|-crit|p1a: Zapped
|-resisted|p1a: Zapped
|-damage|p1a: Zapped|189\/299
|
|switch|p2a: Diancie|Diancie|297\/297
|
|turn|4
|
|detailschange|p2a: Diancie|Diancie-Mega
|-mega|p2a: Diancie|Diancie|Diancite
|move|p1a: Zapped|Thunderbolt|p2a: Diancie
|-damage|p2a: Diancie|161\/297
|move|p2a: Diancie|Diamond Storm|p1a: Zapped
|-supereffective|p1a: Zapped
|-damage|p1a: Zapped|0 fnt
|faint|p1a: Zapped
|
|
|switch|p1a: NiceAndBulky|Heatran, M|323\/323
|-damage|p1a: NiceAndBulky|283\/323|[from] Stealth Rock
|turn|5
|
|move|p1a: NiceAndBulky|Flash Cannon|p2a: Diancie
|-supereffective|p2a: Diancie
|-damage|p2a: Diancie|0 fnt
|faint|p2a: Diancie
|
|
|switch|p2a: Mandibuzz|Mandibuzz, F|423\/423
|turn|6
|
|switch|p1a: Lalalatias|Latias, F, shiny|301\/301
|-damage|p1a: Lalalatias|264\/301|[from] Stealth Rock
|move|p2a: Mandibuzz|Foul Play|p1a: Lalalatias
|-supereffective|p1a: Lalalatias
|-damage|p1a: Lalalatias|64\/301
|
|turn|7
|
|move|p1a: Lalalatias|Defog|p2a: Mandibuzz
|-unboost|p2a: Mandibuzz|evasion|1
|-sideend|p1: godly serperior|Stealth Rock|[from] move: Defog|[of] p1a: Lalalatias
|move|p2a: Mandibuzz|Foul Play|p1a: Lalalatias
|-supereffective|p1a: Lalalatias
|-damage|p1a: Lalalatias|0 fnt
|faint|p1a: Lalalatias
|
|
|switch|p1a: Thorny|Ferrothorn, F, shiny|351\/351
|turn|8
|
|switch|p2a: Victini|Victini|341\/341 par
|move|p1a: Thorny|Leech Seed|p2a: Victini
|-start|p2a: Victini|move: Leech Seed
|
|-damage|p2a: Victini|299\/341 par|[from] Leech Seed|[of] p1a: Thorny
|turn|9
|
|switch|p2a: Venusaur|Venusaur, F|301\/301
|switch|p1a: NiceAndBulky|Heatran, M|283\/323
|
|turn|10
|
|switch|p2a: Victini|Victini|299\/341 par
|move|p1a: NiceAndBulky|Flamethrower|p2a: Victini
|-resisted|p2a: Victini
|-damage|p2a: Victini|220\/341 par
|
|turn|11
|
|move|p1a: NiceAndBulky|Flamethrower|p2a: Victini
|-resisted|p2a: Victini
|-damage|p2a: Victini|141\/341 par
|move|p2a: Victini|U-turn|p1a: NiceAndBulky
|-resisted|p1a: NiceAndBulky
|-damage|p1a: NiceAndBulky|256\/323
|
|switch|p2a: Mandibuzz|Mandibuzz, F|423\/423
|
|turn|12
|
|switch|p1a: Thorny|Ferrothorn, F, shiny|351\/351
|move|p2a: Mandibuzz|Foul Play|p1a: Thorny
|-damage|p1a: Thorny|261\/351
|-damage|p2a: Mandibuzz|371\/423|[from] ability: Iron Barbs|[of] p1a: Thorny
|
|turn|13
|
|move|p2a: Mandibuzz|Taunt|p1a: Thorny
|-start|p1a: Thorny|move: Taunt
|cant|p1a: Thorny|move: Taunt|Leech Seed
|
|turn|14
|
|switch|p1a: NiceAndBulky|Heatran, M|256\/323
|move|p2a: Mandibuzz|Foul Play|p1a: NiceAndBulky
|-damage|p1a: NiceAndBulky|174\/323
|
|turn|15
|
|move|p1a: NiceAndBulky|Flamethrower|p2a: Mandibuzz
|-damage|p2a: Mandibuzz|200\/423
|move|p2a: Mandibuzz|Foul Play|p1a: NiceAndBulky
|-damage|p1a: NiceAndBulky|90\/323
|
|turn|16
|
|move|p1a: NiceAndBulky|Flamethrower|p2a: Mandibuzz
|-damage|p2a: Mandibuzz|28\/423
|move|p2a: Mandibuzz|Roost|p2a: Mandibuzz
|-heal|p2a: Mandibuzz|240\/423
|
|turn|17
|
|switch|p2a: Ninetales|Ninetales, M, shiny|349\/349
|-weather|SunnyDay
|move|p1a: NiceAndBulky|Flamethrower|p2a: Ninetales
|-resisted|p2a: Ninetales
|-damage|p2a: Ninetales|261\/349
|
|-weather|SunnyDay|[upkeep]
|turn|18
|
|switch|p1a: Derpinite|Dragonite, M|323\/323
|move|p2a: Ninetales|Will-O-Wisp|p1a: Derpinite
|-status|p1a: Derpinite|brn
|
|-weather|SunnyDay|[upkeep]
|-damage|p1a: Derpinite|283\/323 brn|[from] brn
|turn|19
|c|âgodly serperior|fck
|
|switch|p2a: Mandibuzz|Mandibuzz, F|240\/423
|switch|p1a: NiceAndBulky|Heatran, M|90\/323
|
|-weather|SunnyDay|[upkeep]
|turn|20
|
|switch|p2a: Ninetales|Ninetales, M, shiny|261\/349
|move|p1a: NiceAndBulky|Flamethrower|p2a: Ninetales
|-resisted|p2a: Ninetales
|-damage|p2a: Ninetales|158\/349
|
|-weather|SunnyDay|[upkeep]
|turn|21
|
|move|p1a: NiceAndBulky|Flamethrower|p2a: Ninetales
|-resisted|p2a: Ninetales
|-damage|p2a: Ninetales|60\/349
|move|p2a: Ninetales|Rest|p2a: Ninetales
|-status|p2a: Ninetales|slp
|-heal|p2a: Ninetales|349\/349 slp|[silent]
|-status|p2a: Ninetales|slp|[from] move: Rest
|
|-weather|SunnyDay|[upkeep]
|turn|22
|c|âgodly serperior|...
|
|move|p1a: NiceAndBulky|Flamethrower|p2a: Ninetales
|-resisted|p2a: Ninetales
|-damage|p2a: Ninetales|246\/349 slp
|cant|p2a: Ninetales|slp
|
|-weather|SunnyDay|[upkeep]
|turn|23
|join|TheBlueSun
|
|move|p1a: NiceAndBulky|Flamethrower|p2a: Ninetales
|-resisted|p2a: Ninetales
|-damage|p2a: Ninetales|156\/349 slp
|cant|p2a: Ninetales|slp
|
|-weather|SunnyDay|[upkeep]
|turn|24
|c|âgodly serperior|rest ninetales...
|
|move|p1a: NiceAndBulky|Flamethrower|p2a: Ninetales
|-resisted|p2a: Ninetales
|-damage|p2a: Ninetales|63\/349 slp
|-curestatus|p2a: Ninetales|slp
|move|p2a: Ninetales|Rest|p2a: Ninetales
|-status|p2a: Ninetales|slp
|-heal|p2a: Ninetales|349\/349 slp|[silent]
|-status|p2a: Ninetales|slp|[from] move: Rest
|
|-weather|none
|turn|25
|
|switch|p1a: Drillz|Beedrill, F|271\/271
|cant|p2a: Ninetales|slp
|move|p2a: Ninetales|Sleep Talk|p2a: Ninetales
|move|p2a: Ninetales|Flamethrower|p1a: Drillz|[from]Sleep Talk
|-supereffective|p1a: Drillz
|-damage|p1a: Drillz|41\/271
|
|turn|26
|
|switch|p1a: NiceAndBulky|Heatran, M|90\/323
|switch|p2a: Mandibuzz|Mandibuzz, F|240\/423
|
|turn|27
|
|move|p1a: NiceAndBulky|Hidden Power|p2a: Mandibuzz
|-supereffective|p2a: Mandibuzz
|-damage|p2a: Mandibuzz|98\/423
|move|p2a: Mandibuzz|Foul Play|p1a: NiceAndBulky
|-damage|p1a: NiceAndBulky|6\/323
|
|turn|28
|
|switch|p2a: Ninetales|Ninetales, M, shiny|349\/349 slp
|-weather|SunnyDay
|move|p1a: NiceAndBulky|Hidden Power|p2a: Ninetales
|-resisted|p2a: Ninetales
|-damage|p2a: Ninetales|321\/349 slp
|
|-weather|SunnyDay|[upkeep]
|turn|29
|
|switch|p1a: Drillz|Beedrill, F|41\/271
|cant|p2a: Ninetales|slp
|move|p2a: Ninetales|Sleep Talk|p2a: Ninetales
|move|p2a: Ninetales|Flamethrower|p1a: Drillz|[from]Sleep Talk
|-supereffective|p1a: Drillz
|-damage|p1a: Drillz|0 fnt
|faint|p1a: Drillz
|
|-weather|SunnyDay|[upkeep]
|
|switch|p1a: Derpinite|Dragonite, M|283\/323 brn
|turn|30
|join|Tentacruel3
|c|âgodly serperior|im so done...
|
|switch|p2a: Mandibuzz|Mandibuzz, F|98\/423
|move|p1a: Derpinite|Outrage|p2a: Mandibuzz
|-damage|p2a: Mandibuzz|10\/423
|-damage|p1a: Derpinite|230\/323 brn|[from] item: Rocky Helmet|[of] p2a: Mandibuzz
|
|-weather|SunnyDay|[upkeep]
|-damage|p1a: Derpinite|190\/323 brn|[from] brn
|turn|31
|-message|godly serperior forfeited.
|c| Tentacruel3|lol
|
|win|New Light
|raw|Ladder updating...
|raw|godly serperior's rating: 1258 &rarr; <strong>1241<\/strong><br \/>(-17 for losing)
|raw|New Light's rating: 1368 &rarr; <strong>1382<\/strong><br \/>(+14 for winning)