|join|The Super Scrub
|join|New Light
|player|p1|The Super Scrub|1
|player|p2|New Light|156
|gametype|singles
|gen|6
|tier|OU (suspect test)
|rated
|clearpoke
|poke|p1|Latias, F
|poke|p1|Hitmontop, M
|poke|p1|Metagross
|poke|p1|Clefable, F
|poke|p1|Keldeo
|poke|p1|Zygarde
|poke|p2|Ninetales, M, shiny
|poke|p2|Mandibuzz, F
|poke|p2|Dugtrio, F
|poke|p2|Venusaur, M
|poke|p2|Terrakion
|poke|p2|Victini
|rule|Swagger Clause: Swagger is banned
|rule|Baton Pass Clause: Limit one PokÃ©mon knowing Baton Pass
|rule|Sleep Clause Mod: Limit one foe put to sleep
|rule|Species Clause: Limit one of each PokÃ©mon
|rule|OHKO Clause: OHKO moves are banned
|rule|Moody Clause: Moody is banned
|rule|Evasion Moves Clause: Evasion moves are banned
|rule|Endless Battle Clause: Forcing endless battles is banned
|rule|HP Percentage Mod: HP is shown in percentages
|teampreview
|
|start
|switch|p1a: Clefable|Clefable, F|394\/394
|switch|p2a: Ninetales|Ninetales, M, shiny|349\/349
|-weather|SunnyDay
|turn|1
|
|switch|p2a: Victini|Victini|341\/341
|move|p1a: Clefable|Calm Mind|p1a: Clefable
|-boost|p1a: Clefable|spa|1
|-boost|p1a: Clefable|spd|1
|
|-weather|SunnyDay|[upkeep]
|turn|2
|
|switch|p1a: Zygarde|Zygarde|358\/358
|-ability|p1a: Zygarde|Aura Break
|move|p2a: Victini|V-create|p1a: Zygarde
|-resisted|p1a: Zygarde
|-damage|p1a: Zygarde|75\/358
|-unboost|p2a: Victini|def|1
|-unboost|p2a: Victini|spd|1
|-unboost|p2a: Victini|spe|1
|
|-weather|SunnyDay|[upkeep]
|turn|3
|
|switch|p2a: Dugtrio|Dugtrio, F|211\/211
|move|p1a: Zygarde|Earthquake|p2a: Dugtrio
|-enditem|p2a: Dugtrio|Focus Sash
|-damage|p2a: Dugtrio|1\/211
|
|-weather|SunnyDay|[upkeep]
|turn|4
|
|move|p2a: Dugtrio|Reversal|p1a: Zygarde
|-damage|p1a: Zygarde|0 fnt
|faint|p1a: Zygarde
|
|-weather|SunnyDay|[upkeep]
|
|switch|p1a: Hitmontop|Hitmontop, M|304\/304
|-ability|p1a: Hitmontop|Intimidate|[of] p2a: Dugtrio
|-unboost|p2a: Dugtrio|atk|1
|turn|5
|
|move|p2a: Dugtrio|Stealth Rock|p1a: Hitmontop
|-sidestart|p1: The Super Scrub|move: Stealth Rock
|move|p1a: Hitmontop|Rapid Spin|p2a: Dugtrio
|-damage|p2a: Dugtrio|0 fnt
|-sideend|p1: The Super Scrub|Stealth Rock|[from] move: Rapid Spin|[of] p1a: Hitmontop
|faint|p2a: Dugtrio
|
|-weather|SunnyDay|[upkeep]
|
|switch|p2a: Victini|Victini|341\/341
|turn|6
|
|switch|p1a: Clefable|Clefable, F|394\/394
|move|p2a: Victini|V-create|p1a: Clefable
|-damage|p1a: Clefable|0 fnt
|-unboost|p2a: Victini|def|1
|-unboost|p2a: Victini|spd|1
|-unboost|p2a: Victini|spe|1
|faint|p1a: Clefable
|
|-weather|SunnyDay|[upkeep]
|
|switch|p1a: Metagross|Metagross|322\/322
|turn|7
|
|detailschange|p1a: Metagross|Metagross-Mega
|-mega|p1a: Metagross|Metagross|Metagrossite
|move|p1a: Metagross|Pursuit|p2a: Victini|[from]Pursuit
|-supereffective|p2a: Victini
|-damage|p2a: Victini|0 fnt
|faint|p2a: Victini
|
|-weather|SunnyDay|[upkeep]
|
|switch|p2a: Terrakion|Terrakion|323\/323
|turn|8
|
|move|p2a: Terrakion|Close Combat|p1a: Metagross
|-damage|p1a: Metagross|183\/322
|-unboost|p2a: Terrakion|def|1
|-unboost|p2a: Terrakion|spd|1
|move|p1a: Metagross|Meteor Mash|p2a: Terrakion
|-supereffective|p2a: Terrakion
|-damage|p2a: Terrakion|0 fnt
|faint|p2a: Terrakion
|
|-weather|none
|
|switch|p2a: Venusaur|Venusaur, M|301\/301
|turn|9
|
|switch|p2a: Mandibuzz|Mandibuzz, F|423\/423
|move|p1a: Metagross|Zen Headbutt|p2a: Mandibuzz
|-immune|p2a: Mandibuzz|[msg]
|
|turn|10
|
|switch|p2a: Ninetales|Ninetales, M, shiny|349\/349
|-weather|SunnyDay
|move|p1a: Metagross|Ice Punch|p2a: Ninetales
|-resisted|p2a: Ninetales
|-damage|p2a: Ninetales|274\/349
|
|-weather|SunnyDay|[upkeep]
|turn|11
|
|switch|p1a: Keldeo|Keldeo|322\/322
|move|p2a: Ninetales|Will-O-Wisp|p1a: Keldeo
|-status|p1a: Keldeo|brn
|
|-weather|SunnyDay|[upkeep]
|-damage|p1a: Keldeo|282\/322 brn|[from] brn
|turn|12
|
|switch|p2a: Mandibuzz|Mandibuzz, F|423\/423
|move|p1a: Keldeo|Hidden Power|p2a: Mandibuzz
|-damage|p2a: Mandibuzz|315\/423
|
|-weather|SunnyDay|[upkeep]
|-damage|p1a: Keldeo|242\/322 brn|[from] brn
|turn|13
|
|switch|p1a: Latias|Latias, F|319\/319
|move|p2a: Mandibuzz|Foul Play|p1a: Latias
|-supereffective|p1a: Latias
|-damage|p1a: Latias|127\/319
|
|-weather|SunnyDay|[upkeep]
|turn|14
|
|move|p1a: Latias|Draco Meteor|p2a: Mandibuzz
|-damage|p2a: Mandibuzz|29\/423
|-unboost|p1a: Latias|spa|2
|-damage|p1a: Latias|96\/319|[from] item: Life Orb
|move|p2a: Mandibuzz|Foul Play|p1a: Latias
|-supereffective|p1a: Latias
|-damage|p1a: Latias|0 fnt
|faint|p1a: Latias
|
|-weather|SunnyDay|[upkeep]
|
|switch|p1a: Keldeo|Keldeo|242\/322 brn
|turn|15
|
|move|p1a: Keldeo|Scald|p2a: Mandibuzz
|-damage|p2a: Mandibuzz|0 fnt
|faint|p2a: Mandibuzz
|
|-weather|SunnyDay|[upkeep]
|-damage|p1a: Keldeo|202\/322 brn|[from] brn
|
|switch|p2a: Venusaur|Venusaur, M|301\/301
|turn|16
|
|switch|p1a: Hitmontop|Hitmontop, M|304\/304
|-ability|p1a: Hitmontop|Intimidate|[of] p2a: Venusaur
|-unboost|p2a: Venusaur|atk|1
|move|p2a: Venusaur|Growth|p2a: Venusaur
|-boost|p2a: Venusaur|atk|2
|-boost|p2a: Venusaur|spa|2
|
|-weather|SunnyDay|[upkeep]
|turn|17
|
|move|p2a: Venusaur|Sludge Bomb|p1a: Hitmontop
|-damage|p1a: Hitmontop|0 fnt
|-damage|p2a: Venusaur|271\/301|[from] item: Life Orb
|faint|p1a: Hitmontop
|
|-weather|none
|
|switch|p1a: Keldeo|Keldeo|202\/322 brn
|turn|18
|
|switch|p2a: Ninetales|Ninetales, M, shiny|274\/349
|-weather|SunnyDay
|move|p1a: Keldeo|Hidden Power|p2a: Ninetales
|-damage|p2a: Ninetales|192\/349
|
|-weather|SunnyDay|[upkeep]
|-damage|p1a: Keldeo|162\/322 brn|[from] brn
|turn|19
|
|move|p1a: Keldeo|Hidden Power|p2a: Ninetales
|-damage|p2a: Ninetales|107\/349
|move|p2a: Ninetales|Flamethrower|p1a: Keldeo
|-resisted|p1a: Keldeo
|-damage|p1a: Keldeo|95\/322 brn
|
|-weather|SunnyDay|[upkeep]
|-damage|p1a: Keldeo|55\/322 brn|[from] brn
|turn|20
|
|move|p1a: Keldeo|Hidden Power|p2a: Ninetales
|-damage|p2a: Ninetales|25\/349
|move|p2a: Ninetales|Rest|p2a: Ninetales
|-status|p2a: Ninetales|slp
|-heal|p2a: Ninetales|349\/349 slp|[silent]
|-status|p2a: Ninetales|slp|[from] move: Rest
|
|-weather|SunnyDay|[upkeep]
|-damage|p1a: Keldeo|15\/322 brn|[from] brn
|turn|21
|
|move|p1a: Keldeo|Hidden Power|p2a: Ninetales
|-damage|p2a: Ninetales|266\/349 slp
|cant|p2a: Ninetales|slp
|move|p2a: Ninetales|Sleep Talk|p2a: Ninetales
|move|p2a: Ninetales|Will-O-Wisp|p1a: Keldeo|[from]Sleep Talk
|-fail|p1a: Keldeo|brn
|
|-weather|SunnyDay|[upkeep]
|-damage|p1a: Keldeo|0 fnt|[from] brn
|faint|p1a: Keldeo
|
|switch|p1a: Metagross|Metagross-Mega|183\/322
|turn|22
|
|move|p1a: Metagross|Zen Headbutt|p2a: Ninetales
|-damage|p2a: Ninetales|35\/349 slp
|cant|p2a: Ninetales|slp
|move|p2a: Ninetales|Sleep Talk|p2a: Ninetales
|move|p2a: Ninetales|Flamethrower|p1a: Metagross|[from]Sleep Talk
|-supereffective|p1a: Metagross
|-damage|p1a: Metagross|0 fnt
|faint|p1a: Metagross
|
|win|New Light
|raw|Ladder updating...
|raw|The Super Scrub's rating: 1025 &rarr; <strong>1014<\/strong><br \/>(-11 for losing)
|raw|New Light's rating: 1088 &rarr; <strong>1110<\/strong><br \/>(+22 for winning)