|join|Jibbz
|join|jiajin32
|player|p1|Jibbz|127
|player|p2|jiajin32|1
|gametype|singles
|gen|6
|tier|UU
|rated
|rule|Sleep Clause Mod: Limit one foe put to sleep
|rule|Species Clause: Limit one of each PokÃ©mon
|rule|OHKO Clause: OHKO moves are banned
|rule|Moody Clause: Moody is banned
|rule|Evasion Moves Clause: Evasion moves are banned
|rule|Endless Battle Clause: Forcing endless battles is banned
|rule|HP Percentage Mod: HP is shown in percentages
|clearpoke
|poke|p1|Ampharos, M
|poke|p1|Honchkrow, F
|poke|p1|Vaporeon, F
|poke|p1|Lucario, F
|poke|p1|Yanmega, F
|poke|p1|Donphan, F
|poke|p2|Abomasnow, M
|poke|p2|Infernape, F
|poke|p2|Jirachi
|poke|p2|Starmie
|poke|p2|Nidoqueen, F
|poke|p2|Hydreigon, F
|rule|Swagger Clause: Swagger is banned
|rule|Baton Pass Clause: Limit one PokÃ©mon knowing Baton Pass
|teampreview
|
|start
|switch|p1a: Vaporeon|Vaporeon, F|451\/451
|switch|p2a: Starmie|Starmie|323\/323
|turn|1
|
|switch|p2a: Abomasnow|Abomasnow, M|383\/383
|move|p1a: Vaporeon|Scald|p2a: Abomasnow
|-resisted|p2a: Abomasnow
|-damage|p2a: Abomasnow|326\/383
|
|turn|2
|
|detailschange|p2a: Abomasnow|Abomasnow-Mega, M
|-mega|p2a: Abomasnow|Abomasnow|Abomasite
|-weather|Hail
|move|p1a: Vaporeon|Baton Pass|p1a: Vaporeon
|
|switch|p1a: Yanmega|Yanmega, F|313\/313
|move|p2a: Abomasnow|Seed Bomb|p1a: Yanmega
|-resisted|p1a: Yanmega
|-damage|p1a: Yanmega|271\/313
|
|-weather|Hail|[upkeep]
|-damage|p1a: Yanmega|252\/313|[from] hail
|turn|3
|
|move|p2a: Abomasnow|Ice Shard|p1a: Yanmega
|-supereffective|p1a: Yanmega
|-damage|p1a: Yanmega|84\/313
|move|p1a: Yanmega|Bug Buzz|p2a: Abomasnow
|-supereffective|p2a: Abomasnow
|-damage|p2a: Abomasnow|0 fnt
|faint|p2a: Abomasnow
|
|-weather|Hail|[upkeep]
|-damage|p1a: Yanmega|65\/313|[from] hail
|leave|jiajin32
|join|jiajin32
|player|p2
|player|p2|jiajin32|1
|
|switch|p2a: Hydreigon|Hydreigon, F|325\/325
|turn|4
|
|move|p2a: Hydreigon|Dragon Pulse|p1a: Yanmega
|-damage|p1a: Yanmega|0 fnt
|faint|p1a: Yanmega
|
|-weather|Hail|[upkeep]
|-damage|p2a: Hydreigon|305\/325|[from] hail
|
|switch|p1a: Lucario|Lucario, F|281\/281
|turn|5
|
|switch|p2a: Nidoqueen|Nidoqueen, F|321\/321
|move|p1a: Lucario|Close Combat|p2a: Nidoqueen
|-resisted|p2a: Nidoqueen
|-damage|p2a: Nidoqueen|168\/321
|-unboost|p1a: Lucario|def|1
|-unboost|p1a: Lucario|spd|1
|-damage|p1a: Lucario|253\/281|[from] item: Life Orb
|
|-weather|Hail|[upkeep]
|-damage|p1a: Lucario|236\/281|[from] hail
|-damage|p2a: Nidoqueen|148\/321|[from] hail
|turn|6
|
|move|p1a: Lucario|Earthquake|p2a: Nidoqueen
|-supereffective|p2a: Nidoqueen
|-damage|p2a: Nidoqueen|0 fnt
|-damage|p1a: Lucario|208\/281|[from] item: Life Orb
|faint|p2a: Nidoqueen
|
|-weather|none
|
|switch|p2a: Starmie|Starmie|323\/323
|turn|7
|
|switch|p1a: Vaporeon|Vaporeon, F|451\/451
|move|p2a: Starmie|Psyshock|p1a: Vaporeon
|-damage|p1a: Vaporeon|340\/451
|
|-heal|p1a: Vaporeon|368\/451|[from] item: Leftovers
|turn|8
|
|switch|p2a: Jirachi|Jirachi|404\/404
|move|p1a: Vaporeon|Baton Pass|p1a: Vaporeon
|
|switch|p1a: Ampharos|Ampharos, M|354\/354
|
|turn|9
|
|detailschange|p1a: Ampharos|Ampharos-Mega, M
|-mega|p1a: Ampharos|Ampharos|Ampharosite
|-ability|p1a: Ampharos|Mold Breaker
|move|p2a: Jirachi|Toxic|p1a: Ampharos
|-status|p1a: Ampharos|tox
|move|p1a: Ampharos|Volt Switch|p2a: Jirachi
|-crit|p2a: Jirachi
|-damage|p2a: Jirachi|170\/404
|
|switch|p1a: Lucario|Lucario, F|208\/281
|
|-heal|p2a: Jirachi|195\/404|[from] item: Leftovers
|turn|10
|
|move|p2a: Jirachi|Fire Punch|p1a: Lucario
|-supereffective|p1a: Lucario
|-damage|p1a: Lucario|60\/281
|move|p1a: Lucario|Close Combat|p2a: Jirachi
|-damage|p2a: Jirachi|0 fnt
|-unboost|p1a: Lucario|def|1
|-unboost|p1a: Lucario|spd|1
|-damage|p1a: Lucario|32\/281|[from] item: Life Orb
|faint|p2a: Jirachi
|
|
|switch|p2a: Infernape|Infernape, F|293\/293
|turn|11
|
|move|p1a: Lucario|Bullet Punch|p2a: Infernape
|-resisted|p2a: Infernape
|-damage|p2a: Infernape|233\/293
|-damage|p1a: Lucario|4\/281|[from] item: Life Orb
|move|p2a: Infernape|Nasty Plot|p2a: Infernape
|-boost|p2a: Infernape|spa|2
|
|turn|12
|
|move|p2a: Infernape|Vacuum Wave|p1a: Lucario
|-supereffective|p1a: Lucario
|-damage|p1a: Lucario|0 fnt
|-damage|p2a: Infernape|204\/293|[from] item: Life Orb
|faint|p1a: Lucario
|
|
|switch|p1a: Vaporeon|Vaporeon, F|368\/451
|turn|13
|
|move|p2a: Infernape|Grass Knot|p1a: Vaporeon
|-supereffective|p1a: Vaporeon
|-damage|p1a: Vaporeon|90\/451
|-damage|p2a: Infernape|175\/293|[from] item: Life Orb
|move|p1a: Vaporeon|Scald|p2a: Infernape
|-supereffective|p2a: Infernape
|-damage|p2a: Infernape|0 fnt
|faint|p2a: Infernape
|
|-heal|p1a: Vaporeon|118\/451|[from] item: Leftovers
|
|switch|p2a: Hydreigon|Hydreigon, F|305\/325
|turn|14
|
|move|p2a: Hydreigon|Dragon Pulse|p1a: Vaporeon
|-damage|p1a: Vaporeon|0 fnt
|faint|p1a: Vaporeon
|
|
|switch|p1a: Donphan|Donphan, F|364\/364
|turn|15
|
|switch|p2a: Starmie|Starmie|323\/323
|move|p1a: Donphan|Knock Off|p2a: Starmie
|-supereffective|p2a: Starmie
|-damage|p2a: Starmie|35\/323
|-enditem|p2a: Starmie|Leftovers|[from] move: Knock Off|[of] p1a: Donphan
|
|turn|16
|
|switch|p1a: Honchkrow|Honchkrow, F|341\/341
|move|p2a: Starmie|Scald|p1a: Honchkrow
|-damage|p1a: Honchkrow|176\/341
|-status|p1a: Honchkrow|brn
|
|-damage|p1a: Honchkrow|134\/341 brn|[from] brn
|turn|17
|
|switch|p2a: Hydreigon|Hydreigon, F|305\/325
|move|p1a: Honchkrow|Brave Bird|p2a: Hydreigon
|-damage|p2a: Hydreigon|152\/325
|-damage|p1a: Honchkrow|84\/341 brn|[from] recoil|[of] p2a: Hydreigon
|-damage|p1a: Honchkrow|50\/341 brn|[from] item: Life Orb
|
|-damage|p1a: Honchkrow|8\/341 brn|[from] brn
|turn|18
|
|switch|p2a: Starmie|Starmie|35\/323
|move|p1a: Honchkrow|Sucker Punch|p2a: Starmie
|-fail|p2a: Starmie
|
|-damage|p1a: Honchkrow|0 fnt|[from] brn
|faint|p1a: Honchkrow
|
|switch|p1a: Ampharos|Ampharos-Mega, M|354\/354 tox
|-ability|p1a: Ampharos|Mold Breaker
|turn|19
|
|move|p2a: Starmie|Psyshock|p1a: Ampharos
|-damage|p1a: Ampharos|264\/354 tox
|move|p1a: Ampharos|Volt Switch|p2a: Starmie
|-supereffective|p2a: Starmie
|-damage|p2a: Starmie|0 fnt
|faint|p2a: Starmie
|
|switch|p1a: Donphan|Donphan, F|364\/364
|
|
|switch|p2a: Hydreigon|Hydreigon, F|152\/325
|turn|20
|
|move|p2a: Hydreigon|Dragon Pulse|p1a: Donphan
|-damage|p1a: Donphan|153\/364
|move|p1a: Donphan|Knock Off|p2a: Hydreigon
|-resisted|p2a: Hydreigon
|-damage|p2a: Hydreigon|90\/325
|-enditem|p2a: Hydreigon|Choice Scarf|[from] move: Knock Off|[of] p1a: Donphan
|
|-heal|p1a: Donphan|175\/364|[from] item: Leftovers
|turn|21
|
|move|p2a: Hydreigon|Dragon Pulse|p1a: Donphan
|-damage|p1a: Donphan|0 fnt
|faint|p1a: Donphan
|
|
|switch|p1a: Ampharos|Ampharos-Mega, M|264\/354 tox
|-ability|p1a: Ampharos|Mold Breaker
|turn|22
|
|move|p2a: Hydreigon|Draco Meteor|p1a: Ampharos
|-supereffective|p1a: Ampharos
|-damage|p1a: Ampharos|0 fnt
|-unboost|p2a: Hydreigon|spa|2
|faint|p1a: Ampharos
|
|win|jiajin32
|raw|Ladder updating...
|raw|Jibbz's rating: 1350 &rarr; <strong>1332<\/strong><br \/>(-18 for losing)
|raw|jiajin32's rating: 1373 &rarr; <strong>1392<\/strong><br \/>(+19 for winning)
|leave|Jibbz