|join|EmperorScrub
|join|jiajin32
|player|p1|EmperorScrub|164
|player|p2|jiajin32|266
|gametype|singles
|gen|6
|tier|UU
|rated
|rule|Sleep Clause Mod: Limit one foe put to sleep
|rule|Species Clause: Limit one of each PokÃ©mon
|rule|OHKO Clause: OHKO moves are banned
|rule|Moody Clause: Moody is banned
|rule|Evasion Moves Clause: Evasion moves are banned
|rule|Endless Battle Clause: Forcing endless battles is banned
|rule|HP Percentage Mod: HP is shown in percentages
|clearpoke
|poke|p1|Alakazam, F
|poke|p1|Forretress, M
|poke|p1|Blissey, F
|poke|p1|Infernape, M
|poke|p1|Suicune
|poke|p1|Hydreigon, M
|poke|p2|Abomasnow, F
|poke|p2|Infernape, M
|poke|p2|Jirachi
|poke|p2|Starmie
|poke|p2|Nidoqueen, F
|poke|p2|Hydreigon, M
|rule|Swagger Clause: Swagger is banned
|rule|Baton Pass Clause: Limit one PokÃ©mon knowing Baton Pass
|teampreview
|
|start
|switch|p1a: Forretress|Forretress, M|353\/353
|switch|p2a: Abomasnow|Abomasnow, F|383\/383
|turn|1
|
|detailschange|p2a: Abomasnow|Abomasnow-Mega, F
|-mega|p2a: Abomasnow|Abomasnow|Abomasite
|-weather|Hail
|move|p2a: Abomasnow|Swords Dance|p2a: Abomasnow
|-boost|p2a: Abomasnow|atk|2
|move|p1a: Forretress|Stealth Rock|p2a: Abomasnow
|-sidestart|p2: jiajin32|move: Stealth Rock
|
|-weather|Hail|[upkeep]
|-damage|p1a: Forretress|331\/353|[from] hail
|turn|2
|
|move|p1a: Forretress|Volt Switch|p2a: Abomasnow
|-resisted|p2a: Abomasnow
|-damage|p2a: Abomasnow|367\/383
|
|switch|p1a: Infernape|Infernape, M|293\/293
|move|p2a: Abomasnow|Earthquake|p1a: Infernape
|-supereffective|p1a: Infernape
|-damage|p1a: Infernape|0 fnt
|faint|p1a: Infernape
|
|-weather|Hail|[upkeep]
|
|switch|p1a: Forretress|Forretress, M|331\/353
|turn|3
|
|move|p1a: Forretress|Spikes|p2a: Abomasnow
|-sidestart|p2: jiajin32|Spikes
|move|p2a: Abomasnow|Earthquake|p1a: Forretress
|-damage|p1a: Forretress|191\/353
|
|-weather|Hail|[upkeep]
|-damage|p1a: Forretress|169\/353|[from] hail
|turn|4
|
|move|p1a: Forretress|Spikes|p2a: Abomasnow
|-sidestart|p2: jiajin32|Spikes
|move|p2a: Abomasnow|Earthquake|p1a: Forretress
|-damage|p1a: Forretress|16\/353
|
|-weather|Hail|[upkeep]
|-damage|p1a: Forretress|0 fnt|[from] hail
|faint|p1a: Forretress
|
|switch|p1a: Hydreigon|Hydreigon, M|325\/325
|turn|5
|
|switch|p1a: Suicune|Suicune|404\/404
|-ability|p1a: Suicune|Pressure
|move|p2a: Abomasnow|Ice Shard|p1a: Suicune
|-resisted|p1a: Suicune
|-damage|p1a: Suicune|349\/404
|
|-weather|none
|-heal|p1a: Suicune|374\/404|[from] item: Leftovers
|turn|6
|
|move|p1a: Suicune|Scald|p2a: Abomasnow
|-crit|p2a: Abomasnow
|-resisted|p2a: Abomasnow
|-damage|p2a: Abomasnow|302\/383
|move|p2a: Abomasnow|Seed Bomb|p1a: Suicune
|-supereffective|p1a: Suicune
|-damage|p1a: Suicune|0 fnt
|faint|p1a: Suicune
|
|
|switch|p1a: Hydreigon|Hydreigon, M|325\/325
|turn|7
|
|move|p2a: Abomasnow|Ice Shard|p1a: Hydreigon
|-supereffective|p1a: Hydreigon
|-damage|p1a: Hydreigon|0 fnt
|faint|p1a: Hydreigon
|
|-message|EmperorScrub forfeited.
|
|win|jiajin32
|raw|Ladder updating...
|leave|EmperorScrub
|player|p1
|raw|EmperorScrub's rating: 1496 &rarr; <strong>1482<\/strong><br \/>(-14 for losing)
|raw|jiajin32's rating: 1608 &rarr; <strong>1622<\/strong><br \/>(+14 for winning)