|join|jiajin32
|join|CARLITO COOL
|player|p1|jiajin32|1
|player|p2|CARLITO COOL|264
|gametype|singles
|gen|6
|tier|UU
|rated
|rule|Sleep Clause Mod: Limit one foe put to sleep
|rule|Species Clause: Limit one of each PokÃ©mon
|rule|OHKO Clause: OHKO moves are banned
|rule|Moody Clause: Moody is banned
|rule|Evasion Moves Clause: Evasion moves are banned
|rule|Endless Battle Clause: Forcing endless battles is banned
|rule|HP Percentage Mod: HP is shown in percentages
|clearpoke
|poke|p1|Abomasnow, F
|poke|p1|Infernape, M
|poke|p1|Jirachi
|poke|p1|Starmie
|poke|p1|Nidoqueen, F
|poke|p1|Hydreigon, M
|poke|p2|Nidoking, M, shiny
|poke|p2|Crobat, M
|poke|p2|Flygon, M, shiny
|poke|p2|Slowking, M
|poke|p2|Cobalion
|poke|p2|Umbreon, M, shiny
|rule|Swagger Clause: Swagger is banned
|rule|Baton Pass Clause: Limit one PokÃ©mon knowing Baton Pass
|teampreview
|
|start
|switch|p1a: Nidoqueen|Nidoqueen, F|321\/321
|switch|p2a: Spyro|Flygon, M, shiny|301\/301
|turn|1
|
|move|p2a: Spyro|U-turn|p1a: Nidoqueen
|-resisted|p1a: Nidoqueen
|-damage|p1a: Nidoqueen|283\/321
|
|switch|p2a: Slowprince|Slowking, M|393\/393
|move|p1a: Nidoqueen|Ice Beam|p2a: Slowprince
|-resisted|p2a: Slowprince
|-damage|p2a: Slowprince|353\/393
|
|turn|2
|
|switch|p1a: Hydreigon|Hydreigon, M|325\/325
|move|p2a: Slowprince|Scald|p1a: Hydreigon
|-resisted|p1a: Hydreigon
|-damage|p1a: Hydreigon|253\/325
|-status|p1a: Hydreigon|brn
|
|-damage|p1a: Hydreigon|213\/325 brn|[from] brn
|turn|3
|
|switch|p2a: Lift bro|Umbreon, M, shiny|393\/393
|move|p1a: Hydreigon|U-turn|p2a: Lift bro
|-supereffective|p2a: Lift bro
|-damage|p2a: Lift bro|359\/393
|
|switch|p1a: Jirachi|Jirachi|404\/404
|
|-heal|p2a: Lift bro|383\/393|[from] item: Leftovers
|turn|4
|
|move|p1a: Jirachi|Toxic|p2a: Lift bro
|-status|p2a: Lift bro|tox
|move|p2a: Lift bro|Foul Play|p1a: Jirachi
|-crit|p1a: Jirachi
|-supereffective|p1a: Jirachi
|-damage|p1a: Jirachi|92\/404
|
|-heal|p1a: Jirachi|117\/404|[from] item: Leftovers
|-heal|p2a: Lift bro|393\/393 tox|[from] item: Leftovers
|-damage|p2a: Lift bro|369\/393 tox|[from] psn
|turn|5
|
|move|p1a: Jirachi|Iron Head|p2a: Lift bro
|-crit|p2a: Lift bro
|-damage|p2a: Lift bro|278\/393 tox
|cant|p2a: Lift bro|flinch
|
|-heal|p1a: Jirachi|142\/404|[from] item: Leftovers
|-heal|p2a: Lift bro|302\/393 tox|[from] item: Leftovers
|-damage|p2a: Lift bro|254\/393 tox|[from] psn
|turn|6
|
|switch|p2a: Cobalion|Cobalion|323\/323
|move|p1a: Jirachi|Iron Head|p2a: Cobalion
|-crit|p2a: Cobalion
|-resisted|p2a: Cobalion
|-damage|p2a: Cobalion|267\/323
|
|-heal|p2a: Cobalion|287\/323|[from] item: Leftovers
|-heal|p1a: Jirachi|167\/404|[from] item: Leftovers
|turn|7
|
|move|p2a: Cobalion|Substitute|p2a: Cobalion
|-start|p2a: Cobalion|Substitute
|-damage|p2a: Cobalion|207\/323
|move|p1a: Jirachi|Fire Punch|p2a: Cobalion
|-supereffective|p2a: Cobalion
|-end|p2a: Cobalion|Substitute
|
|-heal|p2a: Cobalion|227\/323|[from] item: Leftovers
|-heal|p1a: Jirachi|192\/404|[from] item: Leftovers
|turn|8
|
|switch|p2a: Slowprince|Slowking, M|393\/393
|switch|p1a: Nidoqueen|Nidoqueen, F|283\/321
|
|turn|9
|
|switch|p1a: Hydreigon|Hydreigon, M|213\/325 brn
|move|p2a: Slowprince|Ice Beam|p1a: Hydreigon
|-supereffective|p1a: Hydreigon
|-damage|p1a: Hydreigon|5\/325 brn
|
|-damage|p1a: Hydreigon|0 fnt|[from] brn
|faint|p1a: Hydreigon
|
|switch|p1a: Abomasnow|Abomasnow, F|383\/383
|turn|10
|
|switch|p2a: Lift bro|Umbreon, M, shiny|254\/393 tox
|detailschange|p1a: Abomasnow|Abomasnow-Mega, F
|-mega|p1a: Abomasnow|Abomasnow|Abomasite
|-weather|Hail
|move|p1a: Abomasnow|Seed Bomb|p2a: Lift bro
|-damage|p2a: Lift bro|154\/393 tox
|
|-weather|Hail|[upkeep]
|-damage|p2a: Lift bro|130\/393 tox|[from] hail
|-heal|p2a: Lift bro|154\/393 tox|[from] item: Leftovers
|-damage|p2a: Lift bro|130\/393 tox|[from] psn
|turn|11
|
|switch|p2a: Cobalion|Cobalion|227\/323
|move|p1a: Abomasnow|Seed Bomb|p2a: Cobalion
|-resisted|p2a: Cobalion
|-damage|p2a: Cobalion|168\/323
|
|-weather|Hail|[upkeep]
|-damage|p2a: Cobalion|148\/323|[from] hail
|-heal|p2a: Cobalion|168\/323|[from] item: Leftovers
|turn|12
|
|switch|p1a: Starmie|Starmie|323\/323
|move|p2a: Cobalion|Close Combat|p1a: Starmie
|-resisted|p1a: Starmie
|-damage|p1a: Starmie|233\/323
|-unboost|p2a: Cobalion|def|1
|-unboost|p2a: Cobalion|spd|1
|
|-weather|Hail|[upkeep]
|-damage|p1a: Starmie|213\/323|[from] hail
|-damage|p2a: Cobalion|148\/323|[from] hail
|-heal|p1a: Starmie|233\/323|[from] item: Leftovers
|-heal|p2a: Cobalion|168\/323|[from] item: Leftovers
|turn|13
|
|switch|p2a: Slowprince|Slowking, M|393\/393
|move|p1a: Starmie|Scald|p2a: Slowprince
|-crit|p2a: Slowprince
|-resisted|p2a: Slowprince
|-damage|p2a: Slowprince|352\/393
|
|-weather|Hail|[upkeep]
|-damage|p1a: Starmie|213\/323|[from] hail
|-damage|p2a: Slowprince|328\/393|[from] hail
|-heal|p1a: Starmie|233\/323|[from] item: Leftovers
|turn|14
|
|move|p1a: Starmie|Scald|p2a: Slowprince
|-resisted|p2a: Slowprince
|-damage|p2a: Slowprince|301\/393
|-status|p2a: Slowprince|brn
|move|p2a: Slowprince|Grass Knot|p1a: Starmie
|-supereffective|p1a: Starmie
|-damage|p1a: Starmie|43\/323
|
|-weather|none
|-heal|p1a: Starmie|63\/323|[from] item: Leftovers
|-damage|p2a: Slowprince|252\/393 brn|[from] brn
|turn|15
|
|move|p1a: Starmie|Recover|p1a: Starmie
|-heal|p1a: Starmie|225\/323
|move|p2a: Slowprince|Scald|p1a: Starmie
|-resisted|p1a: Starmie
|-damage|p1a: Starmie|156\/323
|
|-heal|p1a: Starmie|176\/323|[from] item: Leftovers
|-damage|p2a: Slowprince|203\/393 brn|[from] brn
|turn|16
|
|switch|p1a: Abomasnow|Abomasnow-Mega, F|383\/383
|-weather|Hail
|move|p2a: Slowprince|Grass Knot|p1a: Abomasnow
|-resisted|p1a: Abomasnow
|-damage|p1a: Abomasnow|334\/383
|
|-weather|Hail|[upkeep]
|-damage|p2a: Slowprince|179\/393 brn|[from] hail
|-damage|p2a: Slowprince|130\/393 brn|[from] brn
|turn|17
|
|move|p1a: Abomasnow|Earthquake|p2a: Slowprince
|-damage|p2a: Slowprince|0 fnt
|faint|p2a: Slowprince
|
|-weather|Hail|[upkeep]
|
|switch|p2a: Cobalion|Cobalion|168\/323
|turn|18
|
|switch|p2a: Spyro|Flygon, M, shiny|301\/301
|switch|p1a: Starmie|Starmie|176\/323
|
|-weather|Hail|[upkeep]
|-damage|p2a: Spyro|283\/301|[from] hail
|-damage|p1a: Starmie|156\/323|[from] hail
|-heal|p1a: Starmie|176\/323|[from] item: Leftovers
|turn|19
|
|move|p2a: Spyro|U-turn|p1a: Starmie
|-supereffective|p1a: Starmie
|-damage|p1a: Starmie|16\/323
|
|switch|p2a: Cobalion|Cobalion|168\/323
|move|p1a: Starmie|Recover|p1a: Starmie
|-heal|p1a: Starmie|178\/323
|
|-weather|Hail|[upkeep]
|-damage|p1a: Starmie|158\/323|[from] hail
|-damage|p2a: Cobalion|148\/323|[from] hail
|-heal|p1a: Starmie|178\/323|[from] item: Leftovers
|-heal|p2a: Cobalion|168\/323|[from] item: Leftovers
|turn|20
|
|switch|p2a: Lift bro|Umbreon, M, shiny|130\/393 tox
|move|p1a: Starmie|Scald|p2a: Lift bro
|-damage|p2a: Lift bro|58\/393 tox
|
|-weather|none
|-heal|p1a: Starmie|198\/323|[from] item: Leftovers
|-heal|p2a: Lift bro|82\/393 tox|[from] item: Leftovers
|-damage|p2a: Lift bro|58\/393 tox|[from] psn
|turn|21
|
|move|p1a: Starmie|Scald|p2a: Lift bro
|-damage|p2a: Lift bro|0 fnt
|faint|p2a: Lift bro
|
|-heal|p1a: Starmie|218\/323|[from] item: Leftovers
|
|switch|p2a: Batass|Crobat, M|325\/325
|turn|22
|
|move|p2a: Batass|Brave Bird|p1a: Starmie
|-damage|p1a: Starmie|0 fnt
|-damage|p2a: Batass|253\/325|[from] recoil|[of] p1a: Starmie
|faint|p1a: Starmie
|
|
|switch|p1a: Jirachi|Jirachi|192\/404
|turn|23
|
|move|p2a: Batass|U-turn|p1a: Jirachi
|-damage|p1a: Jirachi|128\/404
|
|switch|p2a: Cobalion|Cobalion|168\/323
|move|p1a: Jirachi|Substitute|p1a: Jirachi
|-start|p1a: Jirachi|Substitute
|-damage|p1a: Jirachi|27\/404
|
|-heal|p2a: Cobalion|188\/323|[from] item: Leftovers
|-heal|p1a: Jirachi|52\/404|[from] item: Leftovers
|turn|24
|
|switch|p2a: Batass|Crobat, M|253\/325
|move|p1a: Jirachi|Fire Punch|p2a: Batass
|-damage|p2a: Batass|186\/325
|
|-heal|p1a: Jirachi|77\/404|[from] item: Leftovers
|turn|25
|
|move|p2a: Batass|U-turn|p1a: Jirachi
|-damage|p1a: Jirachi|7\/404
|
|switch|p2a: Cobalion|Cobalion|188\/323
|move|p1a: Jirachi|Iron Head|p2a: Cobalion
|-resisted|p2a: Cobalion
|-damage|p2a: Cobalion|149\/323
|
|-heal|p2a: Cobalion|169\/323|[from] item: Leftovers
|-heal|p1a: Jirachi|32\/404|[from] item: Leftovers
|turn|26
|
|move|p2a: Cobalion|Close Combat|p1a: Jirachi
|-end|p1a: Jirachi|Substitute
|-unboost|p2a: Cobalion|def|1
|-unboost|p2a: Cobalion|spd|1
|move|p1a: Jirachi|Fire Punch|p2a: Cobalion
|-supereffective|p2a: Cobalion
|-damage|p2a: Cobalion|19\/323
|
|-heal|p2a: Cobalion|39\/323|[from] item: Leftovers
|-heal|p1a: Jirachi|57\/404|[from] item: Leftovers
|turn|27
|
|switch|p1a: Nidoqueen|Nidoqueen, F|283\/321
|move|p2a: Cobalion|Close Combat|p1a: Nidoqueen
|-crit|p1a: Nidoqueen
|-resisted|p1a: Nidoqueen
|-damage|p1a: Nidoqueen|148\/321
|-unboost|p2a: Cobalion|def|1
|-unboost|p2a: Cobalion|spd|1
|
|-heal|p2a: Cobalion|59\/323|[from] item: Leftovers
|turn|28
|
|move|p2a: Cobalion|Iron Head|p1a: Nidoqueen
|-damage|p1a: Nidoqueen|15\/321
|move|p1a: Nidoqueen|Ice Beam|p2a: Cobalion
|-resisted|p2a: Cobalion
|-damage|p2a: Cobalion|0 fnt
|faint|p2a: Cobalion
|
|
|switch|p2a: Batass|Crobat, M|186\/325
|turn|29
|
|move|p2a: Batass|Brave Bird|p1a: Nidoqueen
|-damage|p1a: Nidoqueen|0 fnt
|-damage|p2a: Batass|181\/325|[from] recoil|[of] p1a: Nidoqueen
|faint|p1a: Nidoqueen
|
|
|switch|p1a: Abomasnow|Abomasnow-Mega, F|334\/383
|-weather|Hail
|turn|30
|
|move|p1a: Abomasnow|Ice Shard|p2a: Batass
|-supereffective|p2a: Batass
|-damage|p2a: Batass|0 fnt
|faint|p2a: Batass
|
|-weather|Hail|[upkeep]
|
|switch|p2a: Fairy Fucker|Nidoking, M, shiny|311\/311
|turn|31
|
|switch|p1a: Jirachi|Jirachi|57\/404
|move|p2a: Fairy Fucker|Poison Jab|p1a: Jirachi
|-immune|p1a: Jirachi|[msg]
|
|-weather|Hail|[upkeep]
|-damage|p1a: Jirachi|32\/404|[from] hail
|-damage|p2a: Fairy Fucker|292\/311|[from] hail
|-heal|p1a: Jirachi|57\/404|[from] item: Leftovers
|turn|32
|
|switch|p2a: Spyro|Flygon, M, shiny|283\/301
|move|p1a: Jirachi|Iron Head|p2a: Spyro
|-damage|p2a: Spyro|159\/301
|
|-weather|Hail|[upkeep]
|-damage|p2a: Spyro|141\/301|[from] hail
|-damage|p1a: Jirachi|32\/404|[from] hail
|-heal|p1a: Jirachi|57\/404|[from] item: Leftovers
|turn|33
|
|move|p2a: Spyro|U-turn|p1a: Jirachi
|-damage|p1a: Jirachi|0 fnt
|faint|p1a: Jirachi
|
|switch|p2a: Fairy Fucker|Nidoking, M, shiny|292\/311
|
|-weather|Hail|[upkeep]
|-damage|p2a: Fairy Fucker|273\/311|[from] hail
|
|switch|p1a: Infernape|Infernape, M|293\/293
|turn|34
|
|switch|p2a: Spyro|Flygon, M, shiny|141\/301
|move|p1a: Infernape|Fire Blast|p2a: Spyro
|-crit|p2a: Spyro
|-resisted|p2a: Spyro
|-damage|p2a: Spyro|0 fnt
|-damage|p1a: Infernape|264\/293|[from] item: Life Orb
|faint|p2a: Spyro
|
|-weather|none
|
|switch|p2a: Fairy Fucker|Nidoking, M, shiny|273\/311
|turn|35
|
|move|p1a: Infernape|Grass Knot|p2a: Fairy Fucker
|-damage|p2a: Fairy Fucker|127\/311
|-damage|p1a: Infernape|235\/293|[from] item: Life Orb
|move|p2a: Fairy Fucker|Earth Power|p1a: Infernape
|-supereffective|p1a: Infernape
|-damage|p1a: Infernape|0 fnt
|faint|p1a: Infernape
|
|
|switch|p1a: Abomasnow|Abomasnow-Mega, F|334\/383
|-weather|Hail
|turn|36
|
|move|p1a: Abomasnow|Ice Shard|p2a: Fairy Fucker
|-supereffective|p2a: Fairy Fucker
|-damage|p2a: Fairy Fucker|0 fnt
|faint|p2a: Fairy Fucker
|
|win|jiajin32
|raw|Ladder updating...
|c|âCARLITO COOL|fag
|raw|jiajin32's rating: 1453 &rarr; <strong>1469<\/strong><br \/>(+16 for winning)
|raw|CARLITO COOL's rating: 1378 &rarr; <strong>1362<\/strong><br \/>(-16 for losing)
|leave|CARLITO COOL
|player|p2