|join|jiajin32
|join|MisterRaven
|player|p1|jiajin32|102
|player|p2|MisterRaven|184
|gametype|singles
|gen|6
|tier|UU
|rated
|rule|Sleep Clause Mod: Limit one foe put to sleep
|rule|Species Clause: Limit one of each PokÃ©mon
|rule|OHKO Clause: OHKO moves are banned
|rule|Moody Clause: Moody is banned
|rule|Evasion Moves Clause: Evasion moves are banned
|rule|Endless Battle Clause: Forcing endless battles is banned
|rule|HP Percentage Mod: HP is shown in percentages
|clearpoke
|poke|p1|Toxicroak, M
|poke|p1|Darmanitan, F
|poke|p1|Blastoise, M
|poke|p1|Hydreigon, F
|poke|p1|Forretress, M
|poke|p1|Roserade, M
|poke|p2|Diancie
|poke|p2|Abomasnow, F, shiny
|poke|p2|Rotom-Heat, shiny
|poke|p2|Exploud, F
|poke|p2|Starmie, shiny
|poke|p2|Crobat, F
|rule|Swagger Clause: Swagger is banned
|rule|Baton Pass Clause: Limit one PokÃ©mon knowing Baton Pass
|teampreview
|
|start
|switch|p1a: Darmanitan|Darmanitan, F|351\/351
|switch|p2a: QueenHotaru|Diancie|303\/303
|turn|1
|
|move|p1a: Darmanitan|U-turn|p2a: QueenHotaru
|-resisted|p2a: QueenHotaru
|-damage|p2a: QueenHotaru|278\/303
|
|switch|p1a: Forretress|Forretress, M|353\/353
|move|p2a: QueenHotaru|Stealth Rock|p1a: Forretress
|-sidestart|p1: jiajin32|move: Stealth Rock
|
|-heal|p2a: QueenHotaru|296\/303|[from] item: Leftovers
|turn|2
|
|move|p2a: QueenHotaru|Diamond Storm|p1a: Forretress
|-damage|p1a: Forretress|292\/353
|move|p1a: Forretress|Stealth Rock|p2a: QueenHotaru
|-sidestart|p2: MisterRaven|move: Stealth Rock
|
|-heal|p2a: QueenHotaru|303\/303|[from] item: Leftovers
|-heal|p1a: Forretress|314\/353|[from] item: Leftovers
|turn|3
|
|move|p2a: QueenHotaru|Diamond Storm|p1a: Forretress
|-damage|p1a: Forretress|245\/353
|-boost|p2a: QueenHotaru|def|1
|move|p1a: Forretress|Rapid Spin|p2a: QueenHotaru
|-resisted|p2a: QueenHotaru
|-damage|p2a: QueenHotaru|300\/303
|-sideend|p1: jiajin32|Stealth Rock|[from] move: Rapid Spin|[of] p1a: Forretress
|
|-heal|p2a: QueenHotaru|303\/303|[from] item: Leftovers
|-heal|p1a: Forretress|267\/353|[from] item: Leftovers
|turn|4
|
|move|p2a: QueenHotaru|Stealth Rock|p1a: Forretress
|-sidestart|p1: jiajin32|move: Stealth Rock
|move|p1a: Forretress|Gyro Ball|p2a: QueenHotaru
|-supereffective|p2a: QueenHotaru
|-damage|p2a: QueenHotaru|231\/303
|
|-heal|p2a: QueenHotaru|249\/303|[from] item: Leftovers
|-heal|p1a: Forretress|289\/353|[from] item: Leftovers
|turn|5
|
|move|p2a: QueenHotaru|Diamond Storm|p1a: Forretress
|-damage|p1a: Forretress|219\/353
|move|p1a: Forretress|Rapid Spin|p2a: QueenHotaru
|-resisted|p2a: QueenHotaru
|-damage|p2a: QueenHotaru|246\/303
|-sideend|p1: jiajin32|Stealth Rock|[from] move: Rapid Spin|[of] p1a: Forretress
|
|-heal|p2a: QueenHotaru|264\/303|[from] item: Leftovers
|-heal|p1a: Forretress|241\/353|[from] item: Leftovers
|turn|6
|
|switch|p1a: Blastoise|Blastoise, M|361\/361
|move|p2a: QueenHotaru|Diamond Storm|p1a: Blastoise
|-crit|p1a: Blastoise
|-damage|p1a: Blastoise|187\/361
|
|-heal|p2a: QueenHotaru|282\/303|[from] item: Leftovers
|turn|7
|
|switch|p2a: SpiritGin|Abomasnow, F, shiny|339\/339
|-damage|p2a: SpiritGin|255\/339|[from] Stealth Rock
|detailschange|p1a: Blastoise|Blastoise-Mega, M
|-mega|p1a: Blastoise|Blastoise|Blastoisinite
|move|p1a: Blastoise|Water Pulse|p2a: SpiritGin
|-resisted|p2a: SpiritGin
|-damage|p2a: SpiritGin|152\/339
|
|-heal|p2a: SpiritGin|173\/339|[from] item: Leftovers
|turn|8
|
|move|p2a: SpiritGin|Substitute|p2a: SpiritGin
|-start|p2a: SpiritGin|Substitute
|-damage|p2a: SpiritGin|89\/339
|move|p1a: Blastoise|Aura Sphere|p2a: SpiritGin
|-supereffective|p2a: SpiritGin
|-end|p2a: SpiritGin|Substitute
|
|-heal|p2a: SpiritGin|110\/339|[from] item: Leftovers
|turn|9
|
|switch|p1a: Roserade|Roserade, M|323\/323
|move|p2a: SpiritGin|Wood Hammer|p1a: Roserade
|-resisted|p1a: Roserade
|-damage|p1a: Roserade|267\/323
|-damage|p2a: SpiritGin|92\/339|[from] recoil|[of] p1a: Roserade
|
|-heal|p1a: Roserade|287\/323|[from] item: Black Sludge
|-heal|p2a: SpiritGin|113\/339|[from] item: Leftovers
|turn|10
|
|move|p2a: SpiritGin|Ice Shard|p1a: Roserade
|-supereffective|p1a: Roserade
|-damage|p1a: Roserade|137\/323
|move|p1a: Roserade|Sludge Bomb|p2a: SpiritGin
|-supereffective|p2a: SpiritGin
|-damage|p2a: SpiritGin|0 fnt
|faint|p2a: SpiritGin
|
|-heal|p1a: Roserade|157\/323|[from] item: Black Sludge
|
|switch|p2a: Beanie|Crobat, F|311\/311
|-damage|p2a: Beanie|234\/311|[from] Stealth Rock
|turn|11
|
|switch|p1a: Forretress|Forretress, M|241\/353
|move|p2a: Beanie|Defog|p1a: Forretress
|-unboost|p1a: Forretress|evasion|1
|-sideend|p2: MisterRaven|Stealth Rock|[from] move: Defog|[of] p2a: Beanie
|
|-heal|p1a: Forretress|263\/353|[from] item: Leftovers
|turn|12
|
|move|p2a: Beanie|Brave Bird|p1a: Forretress
|-damage|p1a: Forretress|152\/353
|-damage|p2a: Beanie|197\/311|[from] recoil|[of] p1a: Forretress
|move|p1a: Forretress|Volt Switch|p2a: Beanie
|-supereffective|p2a: Beanie
|-damage|p2a: Beanie|113\/311
|
|switch|p1a: Darmanitan|Darmanitan, F|351\/351
|
|turn|13
|
|switch|p2a: QueenHotaru|Diancie|282\/303
|move|p1a: Darmanitan|Rock Slide|p2a: QueenHotaru
|-damage|p2a: QueenHotaru|220\/303
|
|-heal|p2a: QueenHotaru|238\/303|[from] item: Leftovers
|turn|14
|
|switch|p1a: Forretress|Forretress, M|152\/353
|move|p2a: QueenHotaru|Stealth Rock|p1a: Forretress
|-sidestart|p1: jiajin32|move: Stealth Rock
|
|-heal|p2a: QueenHotaru|256\/303|[from] item: Leftovers
|-heal|p1a: Forretress|174\/353|[from] item: Leftovers
|turn|15
|
|switch|p2a: Beanie|Crobat, F|113\/311
|move|p1a: Forretress|Stealth Rock|p2a: Beanie
|-sidestart|p2: MisterRaven|move: Stealth Rock
|
|-heal|p1a: Forretress|196\/353|[from] item: Leftovers
|turn|16
|
|move|p2a: Beanie|Brave Bird|p1a: Forretress
|-damage|p1a: Forretress|75\/353
|-damage|p2a: Beanie|73\/311|[from] recoil|[of] p1a: Forretress
|move|p1a: Forretress|Gyro Ball|p2a: Beanie
|-damage|p2a: Beanie|0 fnt
|faint|p2a: Beanie
|
|-heal|p1a: Forretress|97\/353|[from] item: Leftovers
|
|switch|p2a: BakeMyNuts|Rotom-Heat, shiny|241\/241
|-damage|p2a: BakeMyNuts|181\/241|[from] Stealth Rock
|turn|17
|
|move|p2a: BakeMyNuts|Thunderbolt|p1a: Forretress
|-damage|p1a: Forretress|0 fnt
|faint|p1a: Forretress
|
|
|switch|p1a: Hydreigon|Hydreigon, F|325\/325
|-damage|p1a: Hydreigon|285\/325|[from] Stealth Rock
|turn|18
|
|move|p2a: BakeMyNuts|Thunderbolt|p1a: Hydreigon
|-resisted|p1a: Hydreigon
|-damage|p1a: Hydreigon|214\/325
|move|p1a: Hydreigon|U-turn|p2a: BakeMyNuts
|-resisted|p2a: BakeMyNuts
|-damage|p2a: BakeMyNuts|156\/241
|
|switch|p1a: Roserade|Roserade, M|157\/323
|-damage|p1a: Roserade|117\/323|[from] Stealth Rock
|
|-heal|p1a: Roserade|137\/323|[from] item: Black Sludge
|turn|19
|
|move|p2a: BakeMyNuts|Thunderbolt|p1a: Roserade
|-resisted|p1a: Roserade
|-damage|p1a: Roserade|88\/323
|move|p1a: Roserade|Sleep Powder|p2a: BakeMyNuts|[miss]
|-miss|p1a: Roserade|p2a: BakeMyNuts
|
|-heal|p1a: Roserade|108\/323|[from] item: Black Sludge
|turn|20
|
|move|p2a: BakeMyNuts|Thunderbolt|p1a: Roserade
|-resisted|p1a: Roserade
|-damage|p1a: Roserade|51\/323
|move|p1a: Roserade|Spikes|p2a: BakeMyNuts
|-sidestart|p2: MisterRaven|Spikes
|
|-heal|p1a: Roserade|71\/323|[from] item: Black Sludge
|turn|21
|
|move|p2a: BakeMyNuts|Thunderbolt|p1a: Roserade
|-resisted|p1a: Roserade
|-damage|p1a: Roserade|17\/323
|move|p1a: Roserade|Sleep Powder|p2a: BakeMyNuts|[miss]
|-miss|p1a: Roserade|p2a: BakeMyNuts
|
|-heal|p1a: Roserade|37\/323|[from] item: Black Sludge
|turn|22
|
|move|p2a: BakeMyNuts|Thunderbolt|p1a: Roserade
|-resisted|p1a: Roserade
|-damage|p1a: Roserade|0 fnt
|faint|p1a: Roserade
|
|
|switch|p1a: Darmanitan|Darmanitan, F|351\/351
|-damage|p1a: Darmanitan|264\/351|[from] Stealth Rock
|turn|23
|
|move|p1a: Darmanitan|Rock Slide|p2a: BakeMyNuts
|-supereffective|p2a: BakeMyNuts
|-damage|p2a: BakeMyNuts|0 fnt
|faint|p2a: BakeMyNuts
|
|
|switch|p2a: QueenHotaru|Diancie|256\/303
|-damage|p2a: QueenHotaru|219\/303|[from] Stealth Rock
|-damage|p2a: QueenHotaru|182\/303|[from] Spikes
|turn|24
|
|switch|p1a: Toxicroak|Toxicroak, M|307\/307
|-damage|p1a: Toxicroak|288\/307|[from] Stealth Rock
|move|p2a: QueenHotaru|Diamond Storm|p1a: Toxicroak
|-resisted|p1a: Toxicroak
|-damage|p1a: Toxicroak|206\/307
|
|-heal|p2a: QueenHotaru|200\/303|[from] item: Leftovers
|turn|25
|
|move|p1a: Toxicroak|Gunk Shot|p2a: QueenHotaru|[miss]
|-miss|p1a: Toxicroak|p2a: QueenHotaru
|move|p2a: QueenHotaru|Diamond Storm|p1a: Toxicroak
|-resisted|p1a: Toxicroak
|-damage|p1a: Toxicroak|125\/307
|-boost|p2a: QueenHotaru|def|1
|
|-heal|p2a: QueenHotaru|218\/303|[from] item: Leftovers
|turn|26
|
|move|p1a: Toxicroak|Drain Punch|p2a: QueenHotaru
|-damage|p2a: QueenHotaru|167\/303
|-heal|p1a: Toxicroak|151\/307|[from] drain|[of] p2a: QueenHotaru
|-damage|p1a: Toxicroak|121\/307|[from] item: Life Orb
|move|p2a: QueenHotaru|Diamond Storm|p1a: Toxicroak
|-resisted|p1a: Toxicroak
|-damage|p1a: Toxicroak|36\/307
|-boost|p2a: QueenHotaru|def|1
|
|-heal|p2a: QueenHotaru|185\/303|[from] item: Leftovers
|turn|27
|
|move|p1a: Toxicroak|Gunk Shot|p2a: QueenHotaru
|-damage|p2a: QueenHotaru|121\/303
|-status|p2a: QueenHotaru|psn
|-damage|p1a: Toxicroak|6\/307|[from] item: Life Orb
|move|p2a: QueenHotaru|Diamond Storm|p1a: Toxicroak
|-crit|p1a: Toxicroak
|-resisted|p1a: Toxicroak
|-damage|p1a: Toxicroak|0 fnt
|faint|p1a: Toxicroak
|
|-heal|p2a: QueenHotaru|139\/303 psn|[from] item: Leftovers
|-damage|p2a: QueenHotaru|102\/303 psn|[from] psn
|
|switch|p1a: Blastoise|Blastoise-Mega, M|187\/361
|-damage|p1a: Blastoise|142\/361|[from] Stealth Rock
|turn|28
|
|move|p1a: Blastoise|Water Pulse|p2a: QueenHotaru
|-supereffective|p2a: QueenHotaru
|-damage|p2a: QueenHotaru|0 fnt
|faint|p2a: QueenHotaru
|
|
|switch|p2a: Constellations|Starmie, shiny|261\/261
|-damage|p2a: Constellations|229\/261|[from] Spikes
|-damage|p2a: Constellations|197\/261|[from] Stealth Rock
|turn|29
|
|move|p2a: Constellations|Psyshock|p1a: Blastoise
|-damage|p1a: Blastoise|8\/361
|-damage|p2a: Constellations|171\/261|[from] item: Life Orb
|move|p1a: Blastoise|Dark Pulse|p2a: Constellations
|-supereffective|p2a: Constellations
|-damage|p2a: Constellations|0 fnt
|faint|p2a: Constellations
|
|
|switch|p2a: NaggyMother|Exploud, F|349\/349
|-damage|p2a: NaggyMother|306\/349|[from] Stealth Rock
|-damage|p2a: NaggyMother|263\/349|[from] Spikes
|turn|30
|
|move|p2a: NaggyMother|Boomburst|p1a: Blastoise
|-damage|p1a: Blastoise|0 fnt
|faint|p1a: Blastoise
|
|
|switch|p1a: Darmanitan|Darmanitan, F|264\/351
|-damage|p1a: Darmanitan|177\/351|[from] Stealth Rock
|turn|31
|
|move|p1a: Darmanitan|Superpower|p2a: NaggyMother
|-supereffective|p2a: NaggyMother
|-damage|p2a: NaggyMother|0 fnt
|-unboost|p1a: Darmanitan|atk|1
|-unboost|p1a: Darmanitan|def|1
|faint|p2a: NaggyMother
|
|win|jiajin32
|raw|Ladder updating...
|raw|jiajin32's rating: 1303 &rarr; <strong>1319<\/strong><br \/>(+16 for winning)
|raw|MisterRaven's rating: 1241 &rarr; <strong>1221<\/strong><br \/>(-20 for losing)
|leave|MisterRaven
|player|p2