|join|El Lechero PR
|join|jiajin32
|player|p1|El Lechero PR|261
|player|p2|jiajin32|169
|gametype|singles
|gen|6
|tier|UU
|rated
|rule|Sleep Clause Mod: Limit one foe put to sleep
|rule|Species Clause: Limit one of each PokÃ©mon
|rule|OHKO Clause: OHKO moves are banned
|rule|Moody Clause: Moody is banned
|rule|Evasion Moves Clause: Evasion moves are banned
|rule|Endless Battle Clause: Forcing endless battles is banned
|rule|HP Percentage Mod: HP is shown in percentages
|clearpoke
|poke|p1|Blissey, F, shiny
|poke|p1|Aggron, M, shiny
|poke|p1|Machamp, F
|poke|p1|Quagsire, F
|poke|p1|Starmie
|poke|p1|Jirachi
|poke|p2|Toxicroak, M
|poke|p2|Darmanitan, F
|poke|p2|Blastoise, F
|poke|p2|Hydreigon, F
|poke|p2|Forretress, F
|poke|p2|Roserade, F
|rule|Swagger Clause: Swagger is banned
|rule|Baton Pass Clause: Limit one PokÃ©mon knowing Baton Pass
|teampreview
|
|start
|switch|p1a: Jirachi|Jirachi|341\/341
|switch|p2a: Darmanitan|Darmanitan, F|351\/351
|turn|1
|
|move|p1a: Jirachi|U-turn|p2a: Darmanitan
|-resisted|p2a: Darmanitan
|-damage|p2a: Darmanitan|292\/351
|
|switch|p1a: Quagsire|Quagsire, F|394\/394
|move|p2a: Darmanitan|Flare Blitz|p1a: Quagsire
|-resisted|p1a: Quagsire
|-damage|p1a: Quagsire|268\/394
|-damage|p2a: Darmanitan|250\/351|[from] recoil|[of] p1a: Quagsire
|
|-heal|p1a: Quagsire|292\/394|[from] item: Leftovers
|turn|2
|
|switch|p2a: Roserade|Roserade, F|323\/323
|move|p1a: Quagsire|Scald|p2a: Roserade
|-resisted|p2a: Roserade
|-damage|p2a: Roserade|297\/323
|
|-heal|p2a: Roserade|317\/323|[from] item: Black Sludge
|-heal|p1a: Quagsire|316\/394|[from] item: Leftovers
|turn|3
|
|switch|p1a: Jirachi|Jirachi|341\/341
|move|p2a: Roserade|Sleep Powder|p1a: Jirachi
|-status|p1a: Jirachi|slp
|
|-heal|p2a: Roserade|323\/323|[from] item: Black Sludge
|turn|4
|
|switch|p1a: Quagsire|Quagsire, F|316\/394
|move|p2a: Roserade|Spikes|p1a: Quagsire
|-sidestart|p1: El Lechero PR|Spikes
|
|-heal|p1a: Quagsire|340\/394|[from] item: Leftovers
|turn|5
|
|switch|p1a: Blissey|Blissey, F, shiny|713\/713
|-damage|p1a: Blissey|624\/713|[from] Spikes
|move|p2a: Roserade|Giga Drain|p1a: Blissey
|-damage|p1a: Blissey|537\/713
|
|-heal|p1a: Blissey|581\/713|[from] item: Leftovers
|turn|6
|
|move|p2a: Roserade|Spikes|p1a: Blissey
|-sidestart|p1: El Lechero PR|Spikes
|move|p1a: Blissey|Heal Bell|p1a: Blissey
|-cureteam|p1a: Blissey|[from] move: HealBell
|
|-heal|p1a: Blissey|625\/713|[from] item: Leftovers
|turn|7
|
|move|p2a: Roserade|Sleep Powder|p1a: Blissey
|-status|p1a: Blissey|slp
|cant|p1a: Blissey|slp
|
|-heal|p1a: Blissey|669\/713 slp|[from] item: Leftovers
|turn|8
|
|switch|p1a: Jirachi|Jirachi|341\/341
|-damage|p1a: Jirachi|285\/341|[from] Spikes
|move|p2a: Roserade|Giga Drain|p1a: Jirachi
|-resisted|p1a: Jirachi
|-damage|p1a: Jirachi|231\/341
|
|turn|9
|
|switch|p2a: Forretress|Forretress, F|353\/353
|move|p1a: Jirachi|Trick|p2a: Forretress
|-activate|p1a: Jirachi|move: Trick|[of] p2a: Forretress
|-item|p2a: Forretress|Choice Scarf|[from] move: Trick
|-item|p1a: Jirachi|Leftovers|[from] move: Trick
|
|-heal|p1a: Jirachi|252\/341|[from] item: Leftovers
|turn|10
|
|move|p1a: Jirachi|Fire Punch|p2a: Forretress
|-supereffective|p2a: Forretress
|-damage|p2a: Forretress|173\/353
|move|p2a: Forretress|Volt Switch|p1a: Jirachi
|-damage|p1a: Jirachi|216\/341
|
|switch|p2a: Hydreigon|Hydreigon, F|325\/325
|
|-heal|p1a: Jirachi|237\/341|[from] item: Leftovers
|turn|11
|
|move|p2a: Hydreigon|Dark Pulse|p1a: Jirachi
|-supereffective|p1a: Jirachi
|-damage|p1a: Jirachi|0 fnt
|faint|p1a: Jirachi
|
|
|switch|p1a: Machamp|Machamp, F|364\/364
|-damage|p1a: Machamp|304\/364|[from] Spikes
|turn|12
|
|switch|p2a: Forretress|Forretress, F|173\/353
|move|p1a: Machamp|Dynamic Punch|p2a: Forretress
|-damage|p2a: Forretress|68\/353
|-start|p2a: Forretress|confusion
|
|turn|13
|
|move|p1a: Machamp|Dynamic Punch|p2a: Forretress
|-damage|p2a: Forretress|0 fnt
|faint|p2a: Forretress
|
|
|switch|p2a: Hydreigon|Hydreigon, F|325\/325
|turn|14
|
|move|p2a: Hydreigon|Draco Meteor|p1a: Machamp
|-damage|p1a: Machamp|124\/364
|-unboost|p2a: Hydreigon|spa|2
|move|p1a: Machamp|Dynamic Punch|p2a: Hydreigon
|-supereffective|p2a: Hydreigon
|-damage|p2a: Hydreigon|0 fnt
|faint|p2a: Hydreigon
|
|
|switch|p2a: Toxicroak|Toxicroak, M|307\/307
|turn|15
|
|switch|p1a: Quagsire|Quagsire, F|340\/394
|-damage|p1a: Quagsire|275\/394|[from] Spikes
|move|p2a: Toxicroak|Drain Punch|p1a: Quagsire
|-damage|p1a: Quagsire|146\/394
|-damage|p2a: Toxicroak|277\/307|[from] item: Life Orb
|
|-heal|p1a: Quagsire|170\/394|[from] item: Leftovers
|turn|16
|
|switch|p2a: Roserade|Roserade, F|323\/323
|move|p1a: Quagsire|Recover|p1a: Quagsire
|-heal|p1a: Quagsire|367\/394
|
|-heal|p1a: Quagsire|391\/394|[from] item: Leftovers
|turn|17
|
|switch|p1a: Blissey|Blissey, F, shiny|669\/713
|-damage|p1a: Blissey|551\/713|[from] Spikes
|move|p2a: Roserade|Sleep Powder|p1a: Blissey|[miss]
|-miss|p2a: Roserade|p1a: Blissey
|
|-heal|p1a: Blissey|595\/713|[from] item: Leftovers
|turn|18
|
|move|p2a: Roserade|Spikes|p1a: Blissey
|-sidestart|p1: El Lechero PR|Spikes
|move|p1a: Blissey|Wish|p1a: Blissey
|
|-heal|p1a: Blissey|639\/713|[from] item: Leftovers
|turn|19
|
|switch|p1a: Starmie|Starmie|324\/324
|-damage|p1a: Starmie|243\/324|[from] Spikes
|move|p2a: Roserade|Sleep Powder|p1a: Starmie
|-status|p1a: Starmie|slp
|
|-heal|p1a: Starmie|324\/324 slp|[from] move: Wish|[wisher] Blissey
|turn|20
|
|switch|p1a: The Ass Reaper|Aggron, M, shiny|344\/344
|-damage|p1a: The Ass Reaper|258\/344|[from] Spikes
|move|p2a: Roserade|Giga Drain|p1a: The Ass Reaper
|-damage|p1a: The Ass Reaper|117\/344
|
|turn|21
|
|detailschange|p1a: The Ass Reaper|Aggron-Mega, M, shiny
|-mega|p1a: The Ass Reaper|Aggron|Aggronite
|move|p2a: Roserade|Giga Drain|p1a: The Ass Reaper
|-resisted|p1a: The Ass Reaper
|-damage|p1a: The Ass Reaper|65\/344
|move|p1a: The Ass Reaper|Stealth Rock|p2a: Roserade
|-sidestart|p2: jiajin32|move: Stealth Rock
|
|turn|22
|
|switch|p2a: Blastoise|Blastoise, F|361\/361
|-damage|p2a: Blastoise|316\/361|[from] Stealth Rock
|move|p1a: The Ass Reaper|Heavy Slam|p2a: Blastoise
|-resisted|p2a: Blastoise
|-damage|p2a: Blastoise|234\/361
|
|turn|23
|
|switch|p1a: Starmie|Starmie|324\/324
|-damage|p1a: Starmie|243\/324|[from] Spikes
|detailschange|p2a: Blastoise|Blastoise-Mega, F
|-mega|p2a: Blastoise|Blastoise|Blastoisinite
|move|p2a: Blastoise|Water Pulse|p1a: Starmie
|-resisted|p1a: Starmie
|-damage|p1a: Starmie|142\/324
|-start|p1a: Starmie|confusion
|
|-heal|p1a: Starmie|162\/324|[from] item: Leftovers
|turn|24
|
|-activate|p1a: Starmie|confusion
|-damage|p1a: Starmie|141\/324|[from] confusion
|move|p2a: Blastoise|Dark Pulse|p1a: Starmie
|-supereffective|p1a: Starmie
|-damage|p1a: Starmie|0 fnt
|faint|p1a: Starmie
|
|
|switch|p1a: Blissey|Blissey, F, shiny|639\/713
|-damage|p1a: Blissey|461\/713|[from] Spikes
|turn|25
|
|move|p2a: Blastoise|Aura Sphere|p1a: Blissey
|-supereffective|p1a: Blissey
|-damage|p1a: Blissey|201\/713
|move|p1a: Blissey|Wish|p1a: Blissey
|
|-heal|p1a: Blissey|245\/713|[from] item: Leftovers
|turn|26
|
|move|p1a: Blissey|Protect|p1a: Blissey
|-singleturn|p1a: Blissey|Protect
|move|p2a: Blastoise|Aura Sphere|p1a: Blissey
|-activate|p1a: Blissey|Protect
|
|-heal|p1a: Blissey|601\/713|[from] move: Wish|[wisher] Blissey
|-heal|p1a: Blissey|645\/713|[from] item: Leftovers
|turn|27
|
|move|p2a: Blastoise|Rapid Spin|p1a: Blissey
|-damage|p1a: Blissey|619\/713
|-sideend|p2: jiajin32|Stealth Rock|[from] move: Rapid Spin|[of] p2a: Blastoise
|move|p1a: Blissey|Seismic Toss|p2a: Blastoise
|-damage|p2a: Blastoise|134\/361
|
|-heal|p1a: Blissey|663\/713|[from] item: Leftovers
|turn|28
|
|switch|p2a: Toxicroak|Toxicroak, M|277\/307
|move|p1a: Blissey|Wish|p1a: Blissey
|
|-heal|p1a: Blissey|707\/713|[from] item: Leftovers
|turn|29
|
|switch|p1a: Quagsire|Quagsire, F|391\/394
|-damage|p1a: Quagsire|293\/394|[from] Spikes
|move|p2a: Toxicroak|Drain Punch|p1a: Quagsire
|-damage|p1a: Quagsire|179\/394
|-heal|p2a: Toxicroak|307\/307|[from] drain|[of] p1a: Quagsire
|-damage|p2a: Toxicroak|277\/307|[from] item: Life Orb
|
|-heal|p1a: Quagsire|394\/394|[from] move: Wish|[wisher] Blissey
|turn|30
|
|move|p2a: Toxicroak|Swords Dance|p2a: Toxicroak
|-boost|p2a: Toxicroak|atk|2
|move|p1a: Quagsire|Scald|p2a: Toxicroak
|-heal|p2a: Toxicroak|307\/307|[from] ability: Dry Skin|[of] p1a: Quagsire
|
|turn|31
|
|move|p2a: Toxicroak|Drain Punch|p1a: Quagsire
|-damage|p1a: Quagsire|264\/394
|-damage|p2a: Toxicroak|277\/307|[from] item: Life Orb
|move|p1a: Quagsire|Earthquake|p2a: Toxicroak
|-supereffective|p2a: Toxicroak
|-damage|p2a: Toxicroak|0 fnt
|faint|p2a: Toxicroak
|
|-heal|p1a: Quagsire|288\/394|[from] item: Leftovers
|
|switch|p2a: Roserade|Roserade, F|323\/323
|turn|32
|
|switch|p1a: The Ass Reaper|Aggron-Mega, M, shiny|65\/344
|-damage|p1a: The Ass Reaper|0 fnt|[from] Spikes
|faint|p1a: The Ass Reaper
|move|p2a: Roserade|Sleep Powder|p1: The Ass Reaper|[notarget]
|-notarget
|
|
|switch|p1a: Blissey|Blissey, F, shiny|707\/713
|-damage|p1a: Blissey|529\/713|[from] Spikes
|turn|33
|
|move|p1a: Blissey|Protect|p1a: Blissey
|-singleturn|p1a: Blissey|Protect
|move|p2a: Roserade|Sleep Powder|p1a: Blissey
|-activate|p1a: Blissey|Protect
|
|-heal|p1a: Blissey|573\/713|[from] item: Leftovers
|turn|34
|
|move|p2a: Roserade|Sleep Powder|p1a: Blissey
|-status|p1a: Blissey|slp
|cant|p1a: Blissey|slp
|
|-heal|p1a: Blissey|617\/713 slp|[from] item: Leftovers
|turn|35
|
|switch|p2a: Darmanitan|Darmanitan, F|250\/351
|cant|p1a: Blissey|slp
|
|-heal|p1a: Blissey|661\/713 slp|[from] item: Leftovers
|turn|36
|
|-curestatus|p1a: Blissey|slp
|move|p1a: Blissey|Protect|p1a: Blissey
|-singleturn|p1a: Blissey|Protect
|move|p2a: Darmanitan|U-turn|p1a: Blissey
|-activate|p1a: Blissey|Protect
|
|-heal|p1a: Blissey|705\/713|[from] item: Leftovers
|turn|37
|
|move|p2a: Darmanitan|U-turn|p1a: Blissey
|-damage|p1a: Blissey|532\/713
|
|switch|p2a: Roserade|Roserade, F|323\/323
|move|p1a: Blissey|Seismic Toss|p2a: Roserade
|-damage|p2a: Roserade|223\/323
|
|-heal|p2a: Roserade|243\/323|[from] item: Black Sludge
|-heal|p1a: Blissey|576\/713|[from] item: Leftovers
|turn|38
|
|move|p2a: Roserade|Sleep Powder|p1a: Blissey
|-status|p1a: Blissey|slp
|cant|p1a: Blissey|slp
|
|-heal|p2a: Roserade|263\/323|[from] item: Black Sludge
|-heal|p1a: Blissey|620\/713 slp|[from] item: Leftovers
|turn|39
|
|switch|p2a: Darmanitan|Darmanitan, F|250\/351
|cant|p1a: Blissey|slp
|
|-heal|p1a: Blissey|664\/713 slp|[from] item: Leftovers
|turn|40
|
|-curestatus|p1a: Blissey|slp
|move|p1a: Blissey|Protect|p1a: Blissey
|-singleturn|p1a: Blissey|Protect
|move|p2a: Darmanitan|Superpower|p1a: Blissey
|-activate|p1a: Blissey|Protect
|
|-heal|p1a: Blissey|708\/713|[from] item: Leftovers
|turn|41
|
|switch|p2a: Roserade|Roserade, F|263\/323
|move|p1a: Blissey|Wish|p1a: Blissey
|
|-heal|p2a: Roserade|283\/323|[from] item: Black Sludge
|-heal|p1a: Blissey|713\/713|[from] item: Leftovers
|turn|42
|
|switch|p1a: Machamp|Machamp, F|124\/364
|-damage|p1a: Machamp|33\/364|[from] Spikes
|move|p2a: Roserade|Giga Drain|p1a: Machamp
|-damage|p1a: Machamp|0 fnt
|-heal|p2a: Roserade|300\/323|[from] drain|[of] p1a: Machamp
|faint|p1a: Machamp
|
|-heal|p2a: Roserade|320\/323|[from] item: Black Sludge
|-message|El Lechero PR forfeited.
|
|win|jiajin32
|raw|Ladder updating...
|leave|El Lechero PR
|player|p1
|raw|El Lechero PR's rating: 1354 &rarr; <strong>1332<\/strong><br \/>(-22 for losing)
|raw|jiajin32's rating: 1330 &rarr; <strong>1351<\/strong><br \/>(+21 for winning)