|join|jiajin32
|join|Boomburst Glalie
|player|p1|jiajin32|1
|player|p2|Boomburst Glalie|277
|gametype|singles
|gen|6
|tier|UU
|rated
|rule|Sleep Clause Mod: Limit one foe put to sleep
|rule|Species Clause: Limit one of each PokÃ©mon
|rule|OHKO Clause: OHKO moves are banned
|rule|Moody Clause: Moody is banned
|rule|Evasion Moves Clause: Evasion moves are banned
|rule|Endless Battle Clause: Forcing endless battles is banned
|rule|HP Percentage Mod: HP is shown in percentages
|clearpoke
|poke|p1|Abomasnow, F
|poke|p1|Infernape, M
|poke|p1|Jirachi
|poke|p1|Starmie
|poke|p1|Nidoqueen, F
|poke|p1|Hydreigon, F
|poke|p2|Nidoking, M, shiny
|poke|p2|Absol, M, shiny
|poke|p2|Rotom-Mow
|poke|p2|Machamp, M, shiny
|poke|p2|Arcanine, M, shiny
|poke|p2|Empoleon, M, shiny
|rule|Swagger Clause: Swagger is banned
|rule|Baton Pass Clause: Limit one PokÃ©mon knowing Baton Pass
|teampreview
|
|start
|switch|p1a: Nidoqueen|Nidoqueen, F|321\/321
|switch|p2a: Machamp|Machamp, M, shiny|372\/372
|turn|1
|
|move|p1a: Nidoqueen|Sludge Wave|p2a: Machamp
|-damage|p2a: Machamp|224\/372
|move|p2a: Machamp|Dynamic Punch|p1a: Nidoqueen
|-resisted|p1a: Nidoqueen
|-damage|p1a: Nidoqueen|219\/321
|-start|p1a: Nidoqueen|confusion
|
|turn|2
|
|-activate|p1a: Nidoqueen|confusion
|-damage|p1a: Nidoqueen|176\/321|[from] confusion
|move|p2a: Machamp|Knock Off|p1a: Nidoqueen
|-damage|p1a: Nidoqueen|24\/321
|-enditem|p1a: Nidoqueen|Life Orb|[from] move: Knock Off|[of] p2a: Machamp
|
|turn|3
|
|move|p2a: Machamp|Bullet Punch|p1a: Nidoqueen
|-damage|p1a: Nidoqueen|0 fnt
|faint|p1a: Nidoqueen
|
|
|switch|p1a: Starmie|Starmie|323\/323
|turn|4
|
|switch|p2a: Absol|Absol, M, shiny|272\/272
|-ability|p2a: Absol|Pressure
|move|p1a: Starmie|Psyshock|p2a: Absol
|-immune|p2a: Absol|[msg]
|
|turn|5
|
|detailschange|p2a: Absol|Absol-Mega, M, shiny
|-mega|p2a: Absol|Absol|Absolite
|move|p2a: Absol|Sucker Punch|p1a: Starmie
|-supereffective|p1a: Starmie
|-damage|p1a: Starmie|0 fnt
|faint|p1a: Starmie
|
|
|switch|p1a: Infernape|Infernape, M|293\/293
|turn|6
|
|switch|p2a: Arcanine|Arcanine, M, shiny|381\/381
|-ability|p2a: Arcanine|Intimidate|[of] p1a: Infernape
|-unboost|p1a: Infernape|atk|1
|move|p1a: Infernape|Nasty Plot|p1a: Infernape
|-boost|p1a: Infernape|spa|2
|
|turn|7
|
|move|p2a: Arcanine|Extreme Speed|p1a: Infernape
|-damage|p1a: Infernape|206\/293
|move|p1a: Infernape|Vacuum Wave|p2a: Arcanine
|-damage|p2a: Arcanine|165\/381
|-damage|p1a: Infernape|177\/293|[from] item: Life Orb
|
|-heal|p2a: Arcanine|188\/381|[from] item: Leftovers
|turn|8
|
|move|p2a: Arcanine|Extreme Speed|p1a: Infernape
|-damage|p1a: Infernape|79\/293
|move|p1a: Infernape|Vacuum Wave|p2a: Arcanine
|-damage|p2a: Arcanine|0 fnt
|-damage|p1a: Infernape|50\/293|[from] item: Life Orb
|faint|p2a: Arcanine
|
|
|switch|p2a: Absol|Absol-Mega, M, shiny|272\/272
|turn|9
|
|move|p2a: Absol|Sucker Punch|p1a: Infernape
|-resisted|p1a: Infernape
|-damage|p1a: Infernape|0 fnt
|faint|p1a: Infernape
|
|
|switch|p1a: Hydreigon|Hydreigon, F|325\/325
|turn|10
|
|switch|p2a: Empoleon|Empoleon, M, shiny|372\/372
|move|p1a: Hydreigon|U-turn|p2a: Empoleon
|-resisted|p2a: Empoleon
|-damage|p2a: Empoleon|346\/372
|
|switch|p1a: Abomasnow|Abomasnow, F|383\/383
|
|-heal|p2a: Empoleon|369\/372|[from] item: Leftovers
|turn|11
|
|detailschange|p1a: Abomasnow|Abomasnow-Mega, F
|-mega|p1a: Abomasnow|Abomasnow|Abomasite
|-weather|Hail
|move|p1a: Abomasnow|Swords Dance|p1a: Abomasnow
|-boost|p1a: Abomasnow|atk|2
|move|p2a: Empoleon|Stealth Rock|p1a: Abomasnow
|-sidestart|p1: jiajin32|move: Stealth Rock
|
|-weather|Hail|[upkeep]
|-damage|p2a: Empoleon|346\/372|[from] hail
|-heal|p2a: Empoleon|369\/372|[from] item: Leftovers
|turn|12
|
|move|p1a: Abomasnow|Earthquake|p2a: Empoleon
|-supereffective|p2a: Empoleon
|-damage|p2a: Empoleon|0 fnt
|faint|p2a: Empoleon
|
|-weather|Hail|[upkeep]
|
|switch|p2a: Machamp|Machamp, M, shiny|224\/372
|turn|13
|
|move|p1a: Abomasnow|Ice Shard|p2a: Machamp
|-damage|p2a: Machamp|38\/372
|move|p2a: Machamp|Dynamic Punch|p1a: Abomasnow
|-supereffective|p1a: Abomasnow
|-damage|p1a: Abomasnow|9\/383
|-start|p1a: Abomasnow|confusion
|
|-weather|Hail|[upkeep]
|-damage|p2a: Machamp|15\/372|[from] hail
|turn|14
|
|move|p2a: Machamp|Bullet Punch|p1a: Abomasnow
|-supereffective|p1a: Abomasnow
|-damage|p1a: Abomasnow|0 fnt
|faint|p1a: Abomasnow
|
|-weather|Hail|[upkeep]
|-damage|p2a: Machamp|0 fnt|[from] hail
|faint|p2a: Machamp
|
|switch|p1a: Hydreigon|Hydreigon, F|325\/325
|switch|p2a: Rotom-Mow|Rotom-Mow|242\/242
|-damage|p1a: Hydreigon|285\/325|[from] Stealth Rock
|turn|15
|
|move|p1a: Hydreigon|Dragon Pulse|p2a: Rotom-Mow
|-damage|p2a: Rotom-Mow|107\/242
|move|p2a: Rotom-Mow|Will-O-Wisp|p1a: Hydreigon
|-status|p1a: Hydreigon|brn
|
|-weather|none
|-damage|p1a: Hydreigon|245\/325 brn|[from] brn
|turn|16
|
|move|p1a: Hydreigon|Dragon Pulse|p2a: Rotom-Mow
|-damage|p2a: Rotom-Mow|0 fnt
|faint|p2a: Rotom-Mow
|
|-damage|p1a: Hydreigon|205\/325 brn|[from] brn
|
|switch|p2a: Nidoking|Nidoking, M, shiny|303\/303
|turn|17
|
|move|p1a: Hydreigon|Dragon Pulse|p2a: Nidoking
|-damage|p2a: Nidoking|126\/303
|move|p2a: Nidoking|Ice Beam|p1a: Hydreigon
|-supereffective|p1a: Hydreigon
|-damage|p1a: Hydreigon|0 fnt
|faint|p1a: Hydreigon
|
|
|switch|p1a: Jirachi|Jirachi|404\/404
|-damage|p1a: Jirachi|379\/404|[from] Stealth Rock
|turn|18
|
|move|p1a: Jirachi|Iron Head|p2a: Nidoking
|-crit|p2a: Nidoking
|-damage|p2a: Nidoking|0 fnt
|faint|p2a: Nidoking
|
|-heal|p1a: Jirachi|404\/404|[from] item: Leftovers
|
|switch|p2a: Absol|Absol-Mega, M, shiny|272\/272
|turn|19
|
|move|p2a: Absol|Knock Off|p1a: Jirachi
|-supereffective|p1a: Jirachi
|-damage|p1a: Jirachi|0 fnt
|-enditem|p1a: Jirachi|Leftovers|[from] move: Knock Off|[of] p2a: Absol
|faint|p1a: Jirachi
|
|win|Boomburst Glalie
|raw|Ladder updating...
|raw|jiajin32's rating: 1474 &rarr; <strong>1443<\/strong><br \/>(-31 for losing)
|raw|Boomburst Glalie's rating: 1260 &rarr; <strong>1299<\/strong><br \/>(+39 for winning)
|leave|jiajin32
|player|p1