|join|jiajin32
|join|Tbird24
|player|p1|jiajin32|1
|player|p2|Tbird24|293
|gametype|singles
|gen|6
|tier|UU
|rated
|rule|Sleep Clause Mod: Limit one foe put to sleep
|rule|Species Clause: Limit one of each PokÃ©mon
|rule|OHKO Clause: OHKO moves are banned
|rule|Moody Clause: Moody is banned
|rule|Evasion Moves Clause: Evasion moves are banned
|rule|Endless Battle Clause: Forcing endless battles is banned
|rule|HP Percentage Mod: HP is shown in percentages
|clearpoke
|poke|p1|Abomasnow, F
|poke|p1|Infernape, M
|poke|p1|Jirachi
|poke|p1|Starmie
|poke|p1|Nidoqueen, F
|poke|p1|Hydreigon, F
|poke|p2|Sceptile, M
|poke|p2|Aggron, M
|poke|p2|Mismagius, F
|poke|p2|Arcanine, M
|poke|p2|Porygon-Z
|poke|p2|Galvantula, M, shiny
|rule|Swagger Clause: Swagger is banned
|rule|Baton Pass Clause: Limit one PokÃ©mon knowing Baton Pass
|teampreview
|
|start
|switch|p1a: Abomasnow|Abomasnow, F|383\/383
|switch|p2a: CottonCandy|Porygon-Z|311\/311
|turn|1
|
|switch|p1a: Jirachi|Jirachi|404\/404
|move|p2a: CottonCandy|Tri Attack|p1a: Jirachi
|-resisted|p1a: Jirachi
|-damage|p1a: Jirachi|289\/404
|-status|p1a: Jirachi|par
|
|-heal|p1a: Jirachi|314\/404 par|[from] item: Leftovers
|turn|2
|
|move|p2a: CottonCandy|Tri Attack|p1a: Jirachi
|-resisted|p1a: Jirachi
|-damage|p1a: Jirachi|209\/404 par
|cant|p1a: Jirachi|par
|
|-heal|p1a: Jirachi|234\/404 par|[from] item: Leftovers
|turn|3
|
|move|p2a: CottonCandy|Tri Attack|p1a: Jirachi
|-resisted|p1a: Jirachi
|-damage|p1a: Jirachi|122\/404 par
|move|p1a: Jirachi|Toxic|p2a: CottonCandy|[miss]
|-miss|p1a: Jirachi|p2a: CottonCandy
|
|-heal|p1a: Jirachi|147\/404 par|[from] item: Leftovers
|turn|4
|
|switch|p2a: Ay-Ay-Aaron|Aggron, M|344\/344
|move|p1a: Jirachi|Iron Head|p2a: Ay-Ay-Aaron
|-damage|p2a: Ay-Ay-Aaron|299\/344
|
|-heal|p2a: Ay-Ay-Aaron|320\/344|[from] item: Leftovers
|-heal|p1a: Jirachi|172\/404 par|[from] item: Leftovers
|turn|5
|
|switch|p1a: Starmie|Starmie|323\/323
|move|p2a: Ay-Ay-Aaron|Stealth Rock|p1a: Starmie
|-sidestart|p1: jiajin32|move: Stealth Rock
|
|-heal|p2a: Ay-Ay-Aaron|341\/344|[from] item: Leftovers
|turn|6
|
|move|p1a: Starmie|Scald|p2a: Ay-Ay-Aaron
|-supereffective|p2a: Ay-Ay-Aaron
|-damage|p2a: Ay-Ay-Aaron|57\/344
|move|p2a: Ay-Ay-Aaron|Stone Edge|p1a: Starmie
|-crit|p1a: Starmie
|-damage|p1a: Starmie|92\/323
|
|-heal|p1a: Starmie|112\/323|[from] item: Leftovers
|-heal|p2a: Ay-Ay-Aaron|78\/344|[from] item: Leftovers
|turn|7
|
|move|p1a: Starmie|Recover|p1a: Starmie
|-heal|p1a: Starmie|274\/323
|move|p2a: Ay-Ay-Aaron|Earthquake|p1a: Starmie
|-damage|p1a: Starmie|168\/323
|
|-heal|p1a: Starmie|188\/323|[from] item: Leftovers
|-heal|p2a: Ay-Ay-Aaron|99\/344|[from] item: Leftovers
|turn|8
|
|move|p1a: Starmie|Rapid Spin|p2a: Ay-Ay-Aaron
|-resisted|p2a: Ay-Ay-Aaron
|-damage|p2a: Ay-Ay-Aaron|98\/344
|-sideend|p1: jiajin32|Stealth Rock|[from] move: Rapid Spin|[of] p1a: Starmie
|move|p2a: Ay-Ay-Aaron|Stone Edge|p1a: Starmie
|-damage|p1a: Starmie|47\/323
|
|-heal|p1a: Starmie|67\/323|[from] item: Leftovers
|-heal|p2a: Ay-Ay-Aaron|119\/344|[from] item: Leftovers
|turn|9
|
|move|p1a: Starmie|Scald|p2a: Ay-Ay-Aaron
|-supereffective|p2a: Ay-Ay-Aaron
|-damage|p2a: Ay-Ay-Aaron|0 fnt
|faint|p2a: Ay-Ay-Aaron
|
|-heal|p1a: Starmie|87\/323|[from] item: Leftovers
|
|switch|p2a: CottonCandy|Porygon-Z|311\/311
|turn|10
|
|move|p2a: CottonCandy|Dark Pulse|p1a: Starmie
|-supereffective|p1a: Starmie
|-damage|p1a: Starmie|0 fnt
|faint|p1a: Starmie
|
|
|switch|p1a: Hydreigon|Hydreigon, F|325\/325
|turn|11
|
|switch|p2a: SpiderBread|Galvantula, M, shiny|281\/281
|move|p1a: Hydreigon|Draco Meteor|p2a: SpiderBread
|-enditem|p2a: SpiderBread|Focus Sash
|-damage|p2a: SpiderBread|1\/281
|-unboost|p1a: Hydreigon|spa|2
|
|turn|12
|
|move|p1a: Hydreigon|Draco Meteor|p2a: SpiderBread
|-damage|p2a: SpiderBread|0 fnt
|-unboost|p1a: Hydreigon|spa|2
|faint|p2a: SpiderBread
|
|
|switch|p2a: Smaug|Sceptile, M|282\/282
|turn|13
|
|switch|p1a: Jirachi|Jirachi|172\/404 par
|detailschange|p2a: Smaug|Sceptile-Mega, M
|-mega|p2a: Smaug|Sceptile|Sceptilite
|move|p2a: Smaug|Dragon Pulse|p1a: Jirachi
|-resisted|p1a: Jirachi
|-damage|p1a: Jirachi|86\/404 par
|
|-heal|p1a: Jirachi|111\/404 par|[from] item: Leftovers
|turn|14
|
|move|p2a: Smaug|Hidden Power|p1a: Jirachi
|-supereffective|p1a: Jirachi
|-damage|p1a: Jirachi|0 fnt
|faint|p1a: Jirachi
|
|
|switch|p1a: Abomasnow|Abomasnow, F|383\/383
|turn|15
|
|switch|p2a: SlamPuppy|Arcanine, M|321\/321
|-ability|p2a: SlamPuppy|Intimidate|[of] p1a: Abomasnow
|-unboost|p1a: Abomasnow|atk|1
|detailschange|p1a: Abomasnow|Abomasnow-Mega, F
|-mega|p1a: Abomasnow|Abomasnow|Abomasite
|-weather|Hail
|move|p1a: Abomasnow|Ice Shard|p2a: SlamPuppy
|-resisted|p2a: SlamPuppy
|-damage|p2a: SlamPuppy|291\/321
|
|-weather|Hail|[upkeep]
|-damage|p2a: SlamPuppy|271\/321|[from] hail
|turn|16
|
|switch|p1a: Hydreigon|Hydreigon, F|325\/325
|move|p2a: SlamPuppy|Flare Blitz|p1a: Hydreigon
|-resisted|p1a: Hydreigon
|-damage|p1a: Hydreigon|162\/325
|-damage|p2a: SlamPuppy|217\/321|[from] recoil|[of] p1a: Hydreigon
|
|-weather|Hail|[upkeep]
|-damage|p1a: Hydreigon|142\/325|[from] hail
|-damage|p2a: SlamPuppy|197\/321|[from] hail
|turn|17
|
|switch|p2a: Mrs.Bertha|Mismagius, F|261\/261
|move|p1a: Hydreigon|Draco Meteor|p2a: Mrs.Bertha
|-damage|p2a: Mrs.Bertha|71\/261
|-unboost|p1a: Hydreigon|spa|2
|
|-weather|Hail|[upkeep]
|-damage|p1a: Hydreigon|122\/325|[from] hail
|-damage|p2a: Mrs.Bertha|55\/261|[from] hail
|-heal|p2a: Mrs.Bertha|71\/261|[from] item: Leftovers
|turn|18
|
|move|p1a: Hydreigon|Draco Meteor|p2a: Mrs.Bertha
|-damage|p2a: Mrs.Bertha|0 fnt
|-unboost|p1a: Hydreigon|spa|2
|faint|p2a: Mrs.Bertha
|
|-weather|Hail|[upkeep]
|-damage|p1a: Hydreigon|102\/325|[from] hail
|
|switch|p2a: CottonCandy|Porygon-Z|311\/311
|turn|19
|
|switch|p1a: Nidoqueen|Nidoqueen, F|321\/321
|move|p2a: CottonCandy|Tri Attack|p1a: Nidoqueen
|-damage|p1a: Nidoqueen|75\/321
|-status|p1a: Nidoqueen|brn
|
|-weather|none
|-damage|p1a: Nidoqueen|35\/321 brn|[from] brn
|turn|20
|
|move|p2a: CottonCandy|Tri Attack|p1a: Nidoqueen
|-damage|p1a: Nidoqueen|0 fnt
|faint|p1a: Nidoqueen
|
|
|switch|p1a: Infernape|Infernape, M|293\/293
|turn|21
|
|move|p2a: CottonCandy|Tri Attack|p1a: Infernape
|-damage|p1a: Infernape|0 fnt
|faint|p1a: Infernape
|
|
|switch|p1a: Abomasnow|Abomasnow-Mega, F|383\/383
|-weather|Hail
|turn|22
|
|switch|p2a: SlamPuppy|Arcanine, M|197\/321
|-ability|p2a: SlamPuppy|Intimidate|[of] p1a: Abomasnow
|-unboost|p1a: Abomasnow|atk|1
|move|p1a: Abomasnow|Earthquake|p2a: SlamPuppy
|-supereffective|p2a: SlamPuppy
|-damage|p2a: SlamPuppy|0 fnt
|faint|p2a: SlamPuppy
|
|-weather|Hail|[upkeep]
|
|switch|p2a: CottonCandy|Porygon-Z|311\/311
|turn|23
|
|move|p2a: CottonCandy|Tri Attack|p1a: Abomasnow
|-damage|p1a: Abomasnow|177\/383
|move|p1a: Abomasnow|Seed Bomb|p2a: CottonCandy
|-damage|p2a: CottonCandy|181\/311
|
|-weather|Hail|[upkeep]
|-damage|p2a: CottonCandy|162\/311|[from] hail
|turn|24
|
|move|p1a: Abomasnow|Ice Shard|p2a: CottonCandy
|-damage|p2a: CottonCandy|90\/311
|move|p2a: CottonCandy|Tri Attack|p1a: Abomasnow
|-damage|p1a: Abomasnow|0 fnt
|faint|p1a: Abomasnow
|
|-weather|Hail|[upkeep]
|-damage|p2a: CottonCandy|71\/311|[from] hail
|
|switch|p1a: Hydreigon|Hydreigon, F|102\/325
|turn|25
|
|move|p1a: Hydreigon|Dragon Pulse|p2a: CottonCandy
|-damage|p2a: CottonCandy|0 fnt
|faint|p2a: CottonCandy
|
|-weather|Hail|[upkeep]
|-damage|p1a: Hydreigon|82\/325|[from] hail
|
|switch|p2a: Smaug|Sceptile-Mega, M|282\/282
|turn|26
|
|move|p1a: Hydreigon|Dragon Pulse|p2a: Smaug
|-supereffective|p2a: Smaug
|-damage|p2a: Smaug|0 fnt
|faint|p2a: Smaug
|
|win|jiajin32
|raw|Ladder updating...
|raw|jiajin32's rating: 1408 &rarr; <strong>1414<\/strong><br \/>(+6 for winning)
|raw|Tbird24's rating: 1136 &rarr; <strong>1128<\/strong><br \/>(-8 for losing)