|join|jiajin32
|join|UFOZ
|player|p1|jiajin32|1
|player|p2|UFOZ|201
|gametype|singles
|gen|6
|tier|UU
|rated
|rule|Sleep Clause Mod: Limit one foe put to sleep
|rule|Species Clause: Limit one of each PokÃ©mon
|rule|OHKO Clause: OHKO moves are banned
|rule|Moody Clause: Moody is banned
|rule|Evasion Moves Clause: Evasion moves are banned
|rule|Endless Battle Clause: Forcing endless battles is banned
|rule|HP Percentage Mod: HP is shown in percentages
|clearpoke
|poke|p1|Abomasnow, F
|poke|p1|Infernape, M
|poke|p1|Jirachi
|poke|p1|Starmie
|poke|p1|Nidoqueen, F
|poke|p1|Hydreigon, M
|poke|p2|Infernape, M
|poke|p2|Swampert, F
|poke|p2|Toxicroak, M
|poke|p2|Crobat, M
|poke|p2|Krookodile, F
|poke|p2|Yanmega, M
|rule|Swagger Clause: Swagger is banned
|rule|Baton Pass Clause: Limit one PokÃ©mon knowing Baton Pass
|teampreview
|
|start
|switch|p1a: Abomasnow|Abomasnow, F|383\/383
|switch|p2a: Crobat|Crobat, M|374\/374
|turn|1
|
|detailschange|p1a: Abomasnow|Abomasnow-Mega, F
|-mega|p1a: Abomasnow|Abomasnow|Abomasite
|-weather|Hail
|move|p2a: Crobat|Brave Bird|p1a: Abomasnow
|-supereffective|p1a: Abomasnow
|-damage|p1a: Abomasnow|119\/383
|-damage|p2a: Crobat|287\/374|[from] recoil|[of] p1a: Abomasnow
|move|p1a: Abomasnow|Earthquake|p2a: Crobat
|-immune|p2a: Crobat|[msg]
|
|-weather|Hail|[upkeep]
|-damage|p2a: Crobat|264\/374|[from] hail
|-heal|p2a: Crobat|287\/374|[from] item: Black Sludge
|turn|2
|
|switch|p1a: Jirachi|Jirachi|404\/404
|move|p2a: Crobat|Roost|p2a: Crobat
|-heal|p2a: Crobat|374\/374
|
|-weather|Hail|[upkeep]
|-damage|p2a: Crobat|351\/374|[from] hail
|-damage|p1a: Jirachi|379\/404|[from] hail
|-heal|p2a: Crobat|374\/374|[from] item: Black Sludge
|-heal|p1a: Jirachi|404\/404|[from] item: Leftovers
|turn|3
|
|move|p2a: Crobat|U-turn|p1a: Jirachi
|-damage|p1a: Jirachi|349\/404
|
|switch|p2a: Krookodile|Krookodile, F|331\/331
|move|p1a: Jirachi|Substitute|p1a: Jirachi
|-start|p1a: Jirachi|Substitute
|-damage|p1a: Jirachi|248\/404
|
|-weather|Hail|[upkeep]
|-damage|p2a: Krookodile|311\/331|[from] hail
|-damage|p1a: Jirachi|223\/404|[from] hail
|-heal|p1a: Jirachi|248\/404|[from] item: Leftovers
|turn|4
|
|move|p2a: Krookodile|Knock Off|p1a: Jirachi
|-supereffective|p1a: Jirachi
|-end|p1a: Jirachi|Substitute
|move|p1a: Jirachi|Toxic|p2a: Krookodile
|-status|p2a: Krookodile|tox
|
|-weather|Hail|[upkeep]
|-damage|p2a: Krookodile|291\/331 tox|[from] hail
|-damage|p1a: Jirachi|223\/404|[from] hail
|-heal|p1a: Jirachi|248\/404|[from] item: Leftovers
|-damage|p2a: Krookodile|271\/331 tox|[from] psn
|turn|5
|
|switch|p1a: Hydreigon|Hydreigon, M|325\/325
|move|p2a: Krookodile|Knock Off|p1a: Hydreigon
|-resisted|p1a: Hydreigon
|-damage|p1a: Hydreigon|232\/325
|-enditem|p1a: Hydreigon|Choice Scarf|[from] move: Knock Off|[of] p2a: Krookodile
|
|-weather|none
|-damage|p2a: Krookodile|231\/331 tox|[from] psn
|turn|6
|
|switch|p2a: Infernape|Infernape, M|293\/293
|move|p1a: Hydreigon|U-turn|p2a: Infernape
|-resisted|p2a: Infernape
|-damage|p2a: Infernape|278\/293
|
|switch|p1a: Starmie|Starmie|323\/323
|
|turn|7
|
|move|p1a: Starmie|Psyshock|p2a: Infernape
|-supereffective|p2a: Infernape
|-damage|p2a: Infernape|0 fnt
|faint|p2a: Infernape
|
|
|switch|p2a: Krookodile|Krookodile, F|231\/331 tox
|turn|8
|
|switch|p1a: Hydreigon|Hydreigon, M|232\/325
|move|p2a: Krookodile|Superpower|p1a: Hydreigon
|-supereffective|p1a: Hydreigon
|-damage|p1a: Hydreigon|0 fnt
|-unboost|p2a: Krookodile|atk|1
|-unboost|p2a: Krookodile|def|1
|faint|p1a: Hydreigon
|-boost|p2a: Krookodile|atk|1|[from] ability: Moxie
|
|-damage|p2a: Krookodile|211\/331 tox|[from] psn
|
|switch|p1a: Nidoqueen|Nidoqueen, F|321\/321
|turn|9
|
|switch|p2a: Toxicroak|Toxicroak, M|307\/307
|move|p1a: Nidoqueen|Stealth Rock|p2a: Toxicroak
|-sidestart|p2: UFOZ|move: Stealth Rock
|
|turn|10
|
|move|p2a: Toxicroak|Sucker Punch|p1a: Nidoqueen
|-damage|p1a: Nidoqueen|205\/321
|-damage|p2a: Toxicroak|277\/307|[from] item: Life Orb
|move|p1a: Nidoqueen|Earth Power|p2a: Toxicroak
|-supereffective|p2a: Toxicroak
|-damage|p2a: Toxicroak|0 fnt
|faint|p2a: Toxicroak
|
|
|switch|p2a: Krookodile|Krookodile, F|211\/331 tox
|-damage|p2a: Krookodile|191\/331 tox|[from] Stealth Rock
|turn|11
|
|switch|p1a: Jirachi|Jirachi|248\/404
|move|p2a: Krookodile|Earthquake|p1a: Jirachi
|-supereffective|p1a: Jirachi
|-damage|p1a: Jirachi|0 fnt
|faint|p1a: Jirachi
|-boost|p2a: Krookodile|atk|1|[from] ability: Moxie
|
|-damage|p2a: Krookodile|171\/331 tox|[from] psn
|
|switch|p1a: Starmie|Starmie|323\/323
|turn|12
|
|move|p2a: Krookodile|Earthquake|p1a: Starmie
|-damage|p1a: Starmie|35\/323
|move|p1a: Starmie|Scald|p2a: Krookodile
|-crit|p2a: Krookodile
|-supereffective|p2a: Krookodile
|-damage|p2a: Krookodile|0 fnt
|faint|p2a: Krookodile
|
|-heal|p1a: Starmie|55\/323|[from] item: Leftovers
|
|switch|p2a: Crobat|Crobat, M|374\/374
|-damage|p2a: Crobat|281\/374|[from] Stealth Rock
|turn|13
|
|move|p2a: Crobat|Brave Bird|p1a: Starmie
|-crit|p1a: Starmie
|-damage|p1a: Starmie|0 fnt
|-damage|p2a: Crobat|263\/374|[from] recoil|[of] p1a: Starmie
|faint|p1a: Starmie
|
|-heal|p2a: Crobat|286\/374|[from] item: Black Sludge
|
|switch|p1a: Nidoqueen|Nidoqueen, F|205\/321
|turn|14
|
|move|p2a: Crobat|Roost|p2a: Crobat
|-heal|p2a: Crobat|374\/374
|move|p1a: Nidoqueen|Ice Beam|p2a: Crobat
|-damage|p2a: Crobat|213\/374
|
|-heal|p2a: Crobat|236\/374|[from] item: Black Sludge
|turn|15
|
|move|p2a: Crobat|Defog|p1a: Nidoqueen
|-unboost|p1a: Nidoqueen|evasion|1
|-sideend|p2: UFOZ|Stealth Rock|[from] move: Defog|[of] p2a: Crobat
|move|p1a: Nidoqueen|Ice Beam|p2a: Crobat
|-supereffective|p2a: Crobat
|-damage|p2a: Crobat|0 fnt
|faint|p2a: Crobat
|
|
|switch|p2a: Swampert|Swampert, F|341\/341
|turn|16
|
|switch|p1a: Abomasnow|Abomasnow-Mega, F|119\/383
|-weather|Hail
|detailschange|p2a: Swampert|Swampert-Mega, F
|-mega|p2a: Swampert|Swampert|Swampertite
|move|p2a: Swampert|Rain Dance|p2a: Swampert
|-weather|RainDance
|
|-weather|RainDance|[upkeep]
|turn|17
|
|switch|p2a: Yanmega|Yanmega, M|313\/313
|switch|p1a: Infernape|Infernape, M|293\/293
|
|-weather|RainDance|[upkeep]
|turn|18
|
|move|p2a: Yanmega|Protect|p2a: Yanmega
|-singleturn|p2a: Yanmega|Protect
|move|p1a: Infernape|Fire Blast|p2a: Yanmega
|-activate|p2a: Yanmega|Protect
|
|-weather|RainDance|[upkeep]
|-boost|p2a: Yanmega|spe|1|[from] ability: Speed Boost
|turn|19
|
|switch|p1a: Abomasnow|Abomasnow-Mega, F|119\/383
|-weather|Hail
|move|p2a: Yanmega|Air Slash|p1a: Abomasnow
|-supereffective|p1a: Abomasnow
|-damage|p1a: Abomasnow|0 fnt
|-damage|p2a: Yanmega|282\/313|[from] item: Life Orb
|faint|p1a: Abomasnow
|
|-weather|Hail|[upkeep]
|-damage|p2a: Yanmega|263\/313|[from] hail
|-boost|p2a: Yanmega|spe|1|[from] ability: Speed Boost
|
|switch|p1a: Nidoqueen|Nidoqueen, F|205\/321
|turn|20
|
|move|p2a: Yanmega|Air Slash|p1a: Nidoqueen
|-damage|p1a: Nidoqueen|14\/321
|-damage|p2a: Yanmega|232\/313|[from] item: Life Orb
|move|p1a: Nidoqueen|Ice Beam|p2a: Yanmega
|-supereffective|p2a: Yanmega
|-damage|p2a: Yanmega|0 fnt
|faint|p2a: Yanmega
|
|-weather|Hail|[upkeep]
|-damage|p1a: Nidoqueen|0 fnt|[from] hail
|faint|p1a: Nidoqueen
|
|switch|p2a: Swampert|Swampert-Mega, F|341\/341
|switch|p1a: Infernape|Infernape, M|293\/293
|turn|21
|c|âUFOZ|sash nape?
|c|âUFOZ|grass knot?
|
|move|p1a: Infernape|Grass Knot|p2a: Swampert
|-supereffective|p2a: Swampert
|-damage|p2a: Swampert|0 fnt
|-damage|p1a: Infernape|264\/293|[from] item: Life Orb
|faint|p2a: Swampert
|
|win|jiajin32
|raw|Ladder updating...
|raw|jiajin32's rating: 1409 &rarr; <strong>1425<\/strong><br \/>(+16 for winning)
|raw|UFOZ's rating: 1337 &rarr; <strong>1321<\/strong><br \/>(-16 for losing)
|c|âUFOZ|ayyy
|c|âjiajin32|gg
|c|âUFOZ|gg
|leave|UFOZ
|player|p2