|join|miasmata
|join|Jukain
|player|p1|miasmata|102
|player|p2|Jukain|291
|gametype|singles
|gen|6
|tier|OU
|rated
|clearpoke
|poke|p1|Starmie
|poke|p1|Clefable, F
|poke|p1|Gliscor, M
|poke|p1|Scizor, M
|poke|p1|Tyranitar, M
|poke|p1|Charizard, F
|poke|p2|Serperior, F
|poke|p2|Gyarados, F
|poke|p2|Latias, F
|poke|p2|Metagross
|poke|p2|Garchomp, M
|poke|p2|Talonflame, M
|rule|Swagger Clause: Swagger is banned
|rule|Baton Pass Clause: Limit one PokÃ©mon knowing Baton Pass
|rule|Sleep Clause Mod: Limit one foe put to sleep
|rule|Species Clause: Limit one of each PokÃ©mon
|rule|OHKO Clause: OHKO moves are banned
|rule|Moody Clause: Moody is banned
|rule|Evasion Moves Clause: Evasion moves are banned
|rule|Endless Battle Clause: Forcing endless battles is banned
|rule|HP Percentage Mod: HP is shown in percentages
|teampreview
|join|mouse de frank
|join|PhobiaBB
|
|start
|switch|p1a: Clefable|Clefable, F|394\/394
|switch|p2a: Garchomp|Garchomp, M|420\/420
|turn|1
|join|Squirrelll
|join|SeventyFive
|
|move|p2a: Garchomp|Stealth Rock|p1a: Clefable
|-sidestart|p1: miasmata|move: Stealth Rock
|move|p1a: Clefable|Moonblast|p2a: Garchomp
|-supereffective|p2a: Garchomp
|-damage|p2a: Garchomp|190\/420
|
|turn|2
|join|gyarad0site
|join|Bloodz
|
|switch|p2a: Metagross|Metagross|301\/301
|move|p1a: Clefable|Stealth Rock|p2a: Metagross
|-sidestart|p2: Jukain|move: Stealth Rock
|
|turn|3
|join|PikachuCandy
|
|switch|p1a: Starmie|Starmie|323\/323
|-damage|p1a: Starmie|283\/323|[from] Stealth Rock
|detailschange|p2a: Metagross|Metagross-Mega
|-mega|p2a: Metagross|Metagross|Metagrossite
|move|p2a: Metagross|Meteor Mash|p1a: Starmie
|-resisted|p1a: Starmie
|-damage|p1a: Starmie|159\/323
|
|-heal|p1a: Starmie|179\/323|[from] item: Leftovers
|turn|4
|
|move|p1a: Starmie|Scald|p2a: Metagross
|-damage|p2a: Metagross|210\/301
|-status|p2a: Metagross|brn
|move|p2a: Metagross|Meteor Mash|p1a: Starmie
|-resisted|p1a: Starmie
|-damage|p1a: Starmie|109\/323
|
|-heal|p1a: Starmie|129\/323|[from] item: Leftovers
|-damage|p2a: Metagross|173\/301 brn|[from] brn
|turn|5
|c|âJukain|sigh...
|
|switch|p2a: Talonflame|Talonflame, M|317\/317
|-damage|p2a: Talonflame|159\/317|[from] Stealth Rock
|move|p1a: Starmie|Recover|p1a: Starmie
|-heal|p1a: Starmie|291\/323
|
|-heal|p1a: Starmie|311\/323|[from] item: Leftovers
|turn|6
|
|move|p2a: Talonflame|U-turn|p1a: Starmie
|-supereffective|p1a: Starmie
|-damage|p1a: Starmie|107\/323
|
|switch|p2a: Latias|Latias, F|301\/301
|-damage|p2a: Latias|264\/301|[from] Stealth Rock
|move|p1a: Starmie|Scald|p2a: Latias
|-resisted|p2a: Latias
|-damage|p2a: Latias|229\/301
|
|-heal|p1a: Starmie|127\/323|[from] item: Leftovers
|turn|7
|
|switch|p1a: Clefable|Clefable, F|394\/394
|move|p2a: Latias|Draco Meteor|p1a: Clefable
|-immune|p1a: Clefable|[msg]
|
|turn|8
|
|move|p2a: Latias|Healing Wish|p2a: Latias
|faint|p2a: Latias
|move|p1a: Clefable|Moonblast|p2: Latias|[notarget]
|-notarget
|
|
|switch|p2a: Metagross|Metagross-Mega|173\/301 brn
|-heal|p2a: Metagross|301\/301|[from] move: Healing Wish
|-damage|p2a: Metagross|283\/301|[from] Stealth Rock
|turn|9
|join|cancerouuus
|
|move|p2a: Metagross|Meteor Mash|p1a: Clefable
|-supereffective|p1a: Clefable
|-damage|p1a: Clefable|0 fnt
|faint|p1a: Clefable
|
|
|switch|p1a: Starmie|Starmie|127\/323
|-damage|p1a: Starmie|87\/323|[from] Stealth Rock
|turn|10
|
|move|p1a: Starmie|Recover|p1a: Starmie
|-heal|p1a: Starmie|249\/323
|move|p2a: Metagross|Meteor Mash|p1a: Starmie
|-resisted|p1a: Starmie
|-damage|p1a: Starmie|123\/323
|
|-heal|p1a: Starmie|143\/323|[from] item: Leftovers
|turn|11
|
|move|p1a: Starmie|Recover|p1a: Starmie
|-heal|p1a: Starmie|305\/323
|move|p2a: Metagross|Pursuit|p1a: Starmie
|-supereffective|p1a: Starmie
|-damage|p1a: Starmie|161\/323
|
|-heal|p1a: Starmie|181\/323|[from] item: Leftovers
|turn|12
|join|LUSTY LEDDIT
|c| LUSTY LEDDIT|__**GO MIASMATA!!!!**__
|
|switch|p2a: Serperior|Serperior, F|291\/291
|-damage|p2a: Serperior|255\/291|[from] Stealth Rock
|move|p1a: Starmie|Scald|p2a: Serperior
|-resisted|p2a: Serperior
|-damage|p2a: Serperior|207\/291
|
|-heal|p1a: Starmie|201\/323|[from] item: Leftovers
|turn|13
|
|switch|p1a: Scizor|Scizor, M|344\/344
|-damage|p1a: Scizor|301\/344|[from] Stealth Rock
|move|p2a: Serperior|Leaf Storm|p1a: Scizor
|-resisted|p1a: Scizor
|-damage|p1a: Scizor|254\/344
|-boost|p2a: Serperior|spa|2
|-damage|p2a: Serperior|178\/291|[from] item: Life Orb
|
|-heal|p1a: Scizor|275\/344|[from] item: Leftovers
|turn|14
|
|switch|p2a: Garchomp|Garchomp, M|190\/420
|-damage|p2a: Garchomp|164\/420|[from] Stealth Rock
|move|p1a: Scizor|Bullet Punch|p2a: Garchomp
|-damage|p2a: Garchomp|92\/420
|-damage|p1a: Scizor|232\/344|[from] ability: Rough Skin|[of] p2a: Garchomp
|-damage|p1a: Scizor|175\/344|[from] item: Rocky Helmet|[of] p2a: Garchomp
|
|-heal|p1a: Scizor|196\/344|[from] item: Leftovers
|turn|15
|c| LUSTY LEDDIT|whats the next
|leave|LUSTY LEDDIT
|
|switch|p1a: Gliscor|Gliscor, M|354\/354
|-damage|p1a: Gliscor|310\/354|[from] Stealth Rock
|move|p2a: Garchomp|Earthquake|p1a: Gliscor
|-immune|p1a: Gliscor|[msg]
|
|-status|p1a: Gliscor|tox|[from] item: Toxic Orb
|turn|16
|
|move|p1a: Gliscor|Taunt|p2a: Garchomp
|-start|p2a: Garchomp|move: Taunt
|move|p2a: Garchomp|Dragon Tail|p1a: Gliscor
|-damage|p1a: Gliscor|241\/354 tox
|drag|p1a: Starmie|Starmie|201\/323
|-damage|p1a: Starmie|161\/323|[from] Stealth Rock
|
|-heal|p1a: Starmie|181\/323|[from] item: Leftovers
|turn|17
|
|move|p1a: Starmie|Scald|p2a: Garchomp
|-damage|p2a: Garchomp|0 fnt
|faint|p2a: Garchomp
|
|-heal|p1a: Starmie|201\/323|[from] item: Leftovers
|
|switch|p2a: Serperior|Serperior, F|178\/291
|-damage|p2a: Serperior|142\/291|[from] Stealth Rock
|turn|18
|join|iEvils
|c| iEvils|pika
|c| PikachuCandy|blu
|c| PikachuCandy|candy
|c| iEvils|join
|leave|PikachuCandy
|leave|iEvils
|join|nathaaan
|leave|nathaaan
|
|switch|p1a: Gliscor|Gliscor, M|241\/354 tox
|-damage|p1a: Gliscor|197\/354 tox|[from] Stealth Rock
|move|p2a: Serperior|Leaf Storm|p1a: Gliscor
|-damage|p1a: Gliscor|0 fnt
|-boost|p2a: Serperior|spa|2
|-damage|p2a: Serperior|113\/291|[from] item: Life Orb
|faint|p1a: Gliscor
|
|join|Omegasization
|join|king of spycrabs
|leave|king of spycrabs
|join|king of spycrabs
|leave|mouse de frank
|
|switch|p1a: Tyranitar|Tyranitar, M|341\/341
|-damage|p1a: Tyranitar|299\/341|[from] Stealth Rock
|-weather|Sandstorm
|turn|19
|join|Appreciation
|
|switch|p2a: Talonflame|Talonflame, M|159\/317
|-damage|p2a: Talonflame|1\/317|[from] Stealth Rock
|move|p1a: Tyranitar|Stone Edge|p2a: Talonflame
|-supereffective|p2a: Talonflame
|-damage|p2a: Talonflame|0 fnt
|faint|p2a: Talonflame
|
|-weather|Sandstorm|[upkeep]
|join|Like me 2
|
|switch|p2a: Metagross|Metagross-Mega|283\/301
|-damage|p2a: Metagross|265\/301|[from] Stealth Rock
|turn|20
|join|tmpu
|
|switch|p1a: Charizard|Charizard, F|307\/307
|-damage|p1a: Charizard|154\/307|[from] Stealth Rock
|move|p2a: Metagross|Meteor Mash|p1a: Charizard
|-resisted|p1a: Charizard
|-damage|p1a: Charizard|5\/307
|
|-weather|Sandstorm|[upkeep]
|-damage|p1a: Charizard|0 fnt|[from] sandstorm
|faint|p1a: Charizard
|
|switch|p1a: Starmie|Starmie|201\/323
|-damage|p1a: Starmie|161\/323|[from] Stealth Rock
|turn|21
|
|move|p1a: Starmie|Recover|p1a: Starmie
|-heal|p1a: Starmie|323\/323
|move|p2a: Metagross|Meteor Mash|p1a: Starmie
|-resisted|p1a: Starmie
|-damage|p1a: Starmie|197\/323
|
|-weather|Sandstorm|[upkeep]
|-damage|p1a: Starmie|177\/323|[from] sandstorm
|-heal|p1a: Starmie|197\/323|[from] item: Leftovers
|turn|22
|
|move|p1a: Starmie|Scald|p2a: Metagross
|-damage|p2a: Metagross|181\/301
|move|p2a: Metagross|Meteor Mash|p1a: Starmie
|-resisted|p1a: Starmie
|-damage|p1a: Starmie|56\/323
|
|-weather|Sandstorm|[upkeep]
|-damage|p1a: Starmie|36\/323|[from] sandstorm
|-heal|p1a: Starmie|56\/323|[from] item: Leftovers
|turn|23
|
|move|p1a: Starmie|Recover|p1a: Starmie
|-heal|p1a: Starmie|218\/323
|move|p2a: Metagross|Meteor Mash|p1a: Starmie
|-resisted|p1a: Starmie
|-damage|p1a: Starmie|83\/323
|
|-weather|none
|-heal|p1a: Starmie|103\/323|[from] item: Leftovers
|turn|24
|
|move|p1a: Starmie|Recover|p1a: Starmie
|-heal|p1a: Starmie|265\/323
|move|p2a: Metagross|Pursuit|p1a: Starmie
|-supereffective|p1a: Starmie
|-damage|p1a: Starmie|121\/323
|
|-heal|p1a: Starmie|141\/323|[from] item: Leftovers
|turn|25
|join|I'm Bi...sharp
|
|move|p1a: Starmie|Recover|p1a: Starmie
|-heal|p1a: Starmie|303\/323
|move|p2a: Metagross|Meteor Mash|p1a: Starmie
|-resisted|p1a: Starmie
|-damage|p1a: Starmie|172\/323
|-boost|p2a: Metagross|atk|1
|
|-heal|p1a: Starmie|192\/323|[from] item: Leftovers
|turn|26
|
|move|p1a: Starmie|Scald|p2a: Metagross
|-damage|p2a: Metagross|100\/301
|move|p2a: Metagross|Pursuit|p1a: Starmie
|-supereffective|p1a: Starmie
|-damage|p1a: Starmie|0 fnt
|faint|p1a: Starmie
|
|
|switch|p1a: Scizor|Scizor, M|196\/344
|-damage|p1a: Scizor|153\/344|[from] Stealth Rock
|turn|27
|join|Dread Plate
|join|sugarhigh
|join|TheUberTherian
|leave|sugarhigh
|
|switch|p2a: Serperior|Serperior, F|113\/291
|-damage|p2a: Serperior|77\/291|[from] Stealth Rock
|move|p1a: Scizor|Bullet Punch|p2a: Serperior
|-damage|p2a: Serperior|0 fnt
|faint|p2a: Serperior
|
|-heal|p1a: Scizor|174\/344|[from] item: Leftovers
|
|switch|p2a: Gyarados|Gyarados, F|333\/333
|-damage|p2a: Gyarados|250\/333|[from] Stealth Rock
|-ability|p2a: Gyarados|Intimidate|[of] p1a: Scizor
|-unboost|p1a: Scizor|atk|1
|turn|28
|join|808 & Heartbreak
|
|move|p2a: Gyarados|Dragon Dance|p2a: Gyarados
|-boost|p2a: Gyarados|atk|1
|-boost|p2a: Gyarados|spe|1
|move|p1a: Scizor|Swords Dance|p1a: Scizor
|-boost|p1a: Scizor|atk|2
|
|-heal|p1a: Scizor|195\/344|[from] item: Leftovers
|turn|29
|
|move|p1a: Scizor|Bullet Punch|p2a: Gyarados
|-resisted|p2a: Gyarados
|-damage|p2a: Gyarados|153\/333
|move|p2a: Gyarados|Natural Gift|p1a: Scizor
|-supereffective|p1a: Scizor
|-damage|p1a: Scizor|0 fnt
|faint|p1a: Scizor
|
|
|switch|p1a: Tyranitar|Tyranitar, M|299\/341
|-damage|p1a: Tyranitar|257\/341|[from] Stealth Rock
|-weather|Sandstorm
|turn|30
|join|night changes
|c|âJukain|gg
|
|move|p2a: Gyarados|Waterfall|p1a: Tyranitar
|-supereffective|p1a: Tyranitar
|-damage|p1a: Tyranitar|0 fnt
|faint|p1a: Tyranitar
|
|win|Jukain
|raw|Ladder updating...
|c| night changes|GO JUKAIN
|c| night changes|YAAAA
|leave|Appreciation
|leave|miasmata
|raw|miasmata's rating: 1747 &rarr; <strong>1734<\/strong><br \/>(-13 for losing)
|raw|Jukain's rating: 1879 &rarr; <strong>1892<\/strong><br \/>(+13 for winning)
|player|p1
|c| night changes|WE CAN DIS
|c| night changes|*-*
|c|âJukain|lol.
|leave|Jukain
|leave|808 & Heartbreak
|leave|Bloodz
|player|p2
|leave|night changes
|leave|Like me 2
|leave|Omegasization
|leave|cancerouuus
|leave|PhobiaBB
|leave|I'm Bi...sharp
|leave|Squirrelll
|leave|tmpu