|join|miasmata
|join|rico4000
|player|p1|miasmata|170
|player|p2|rico4000|22
|gametype|singles
|gen|6
|tier|OU
|rated
|clearpoke
|poke|p1|Hippowdon, M
|poke|p1|Landorus-Therian, M
|poke|p1|Thundurus, M
|poke|p1|Manaphy
|poke|p1|Starmie
|poke|p1|Metagross
|poke|p2|Thundurus, M
|poke|p2|Hippowdon, F
|poke|p2|Celebi
|poke|p2|Reuniclus, M
|poke|p2|Heatran, M
|poke|p2|Scizor, F
|rule|Swagger Clause: Swagger is banned
|rule|Baton Pass Clause: Limit one PokÃ©mon knowing Baton Pass
|rule|Sleep Clause Mod: Limit one foe put to sleep
|rule|Species Clause: Limit one of each PokÃ©mon
|rule|OHKO Clause: OHKO moves are banned
|rule|Moody Clause: Moody is banned
|rule|Evasion Moves Clause: Evasion moves are banned
|rule|Endless Battle Clause: Forcing endless battles is banned
|rule|HP Percentage Mod: HP is shown in percentages
|teampreview
|
|start
|switch|p1a: Landorus-Therian|Landorus-Therian, M|319\/319
|switch|p2a: Hippowdon|Hippowdon, F|419\/419
|-ability|p1a: Landorus-Therian|Intimidate|[of] p2a: Hippowdon
|-unboost|p2a: Hippowdon|atk|1
|-weather|Sandstorm
|turn|1
|
|move|p1a: Landorus-Therian|Knock Off|p2a: Hippowdon
|-damage|p2a: Hippowdon|329\/419
|-enditem|p2a: Hippowdon|Leftovers|[from] move: Knock Off|[of] p1a: Landorus-Therian
|move|p2a: Hippowdon|Stealth Rock|p1a: Landorus-Therian
|-sidestart|p1: miasmata|move: Stealth Rock
|
|-weather|Sandstorm|[upkeep]
|turn|2
|
|switch|p1a: Hippowdon|Hippowdon, M|419\/419
|-damage|p1a: Hippowdon|393\/419|[from] Stealth Rock
|switch|p2a: Scizor|Scizor, F|343\/343
|
|-weather|Sandstorm|[upkeep]
|-heal|p1a: Hippowdon|419\/419|[from] item: Leftovers
|turn|3
|
|detailschange|p2a: Scizor|Scizor-Mega, F
|-mega|p2a: Scizor|Scizor|Scizorite
|move|p2a: Scizor|U-turn|p1a: Hippowdon
|-damage|p1a: Hippowdon|343\/419
|
|switch|p2a: Celebi|Celebi|403\/403
|move|p1a: Hippowdon|Stealth Rock|p2a: Celebi
|-sidestart|p2: rico4000|move: Stealth Rock
|
|-weather|Sandstorm|[upkeep]
|-damage|p2a: Celebi|378\/403|[from] sandstorm
|-heal|p2a: Celebi|403\/403|[from] item: Leftovers
|-heal|p1a: Hippowdon|369\/419|[from] item: Leftovers
|turn|4
|
|switch|p1a: Metagross|Metagross|301\/301
|-damage|p1a: Metagross|283\/301|[from] Stealth Rock
|move|p2a: Celebi|Nasty Plot|p2a: Celebi
|-boost|p2a: Celebi|spa|2
|
|-weather|Sandstorm|[upkeep]
|-damage|p2a: Celebi|378\/403|[from] sandstorm
|-heal|p2a: Celebi|403\/403|[from] item: Leftovers
|turn|5
|
|detailschange|p1a: Metagross|Metagross-Mega
|-mega|p1a: Metagross|Metagross|Metagrossite
|move|p1a: Metagross|Meteor Mash|p2a: Celebi
|-damage|p2a: Celebi|180\/403
|move|p2a: Celebi|Baton Pass|p2a: Celebi
|
|switch|p2a: Reuniclus|Reuniclus, M|409\/409
|
|-weather|none
|turn|6
|
|move|p1a: Metagross|Meteor Mash|p2a: Reuniclus
|-crit|p2a: Reuniclus
|-damage|p2a: Reuniclus|0 fnt
|faint|p2a: Reuniclus
|
|c|ârico4000|lol
|c|ârico4000|was just gg
|c|ârico4000|classic
|
|switch|p2a: Scizor|Scizor-Mega, F|343\/343
|-damage|p2a: Scizor|301\/343|[from] Stealth Rock
|turn|7
|
|switch|p1a: Hippowdon|Hippowdon, M|369\/419
|-damage|p1a: Hippowdon|343\/419|[from] Stealth Rock
|-weather|Sandstorm
|move|p2a: Scizor|Swords Dance|p2a: Scizor
|-boost|p2a: Scizor|atk|2
|
|-weather|Sandstorm|[upkeep]
|-heal|p1a: Hippowdon|369\/419|[from] item: Leftovers
|turn|8
|c|ârico4000|TR reuni runs through your team
|
|move|p2a: Scizor|Swords Dance|p2a: Scizor
|-boost|p2a: Scizor|atk|2
|move|p1a: Hippowdon|Whirlwind|p2a: Scizor
|drag|p2a: Hippowdon|Hippowdon, F|329\/419
|-damage|p2a: Hippowdon|303\/419|[from] Stealth Rock
|
|-weather|Sandstorm|[upkeep]
|-heal|p1a: Hippowdon|395\/419|[from] item: Leftovers
|turn|9
|c|âmiasmata|no it doesnt
|c|ârico4000|what stops it lol
|c|âmiasmata|everything
|c|ârico4000|right....
|
|switch|p1a: Manaphy|Manaphy|359\/359
|-damage|p1a: Manaphy|315\/359|[from] Stealth Rock
|move|p2a: Hippowdon|Toxic|p1a: Manaphy|[miss]
|-miss|p2a: Hippowdon|p1a: Manaphy
|
|-weather|Sandstorm|[upkeep]
|-damage|p1a: Manaphy|293\/359|[from] sandstorm
|-heal|p1a: Manaphy|315\/359|[from] item: Leftovers
|turn|10
|c|ârico4000|at +2 it ohkoed everything
|c|âmiasmata|no it doesnt
|
|switch|p2a: Celebi|Celebi|180\/403
|-damage|p2a: Celebi|130\/403|[from] Stealth Rock
|move|p1a: Manaphy|Tail Glow|p1a: Manaphy
|-boost|p1a: Manaphy|spa|3
|
|-weather|Sandstorm|[upkeep]
|-damage|p1a: Manaphy|293\/359|[from] sandstorm
|-damage|p2a: Celebi|105\/403|[from] sandstorm
|-heal|p1a: Manaphy|315\/359|[from] item: Leftovers
|-heal|p2a: Celebi|130\/403|[from] item: Leftovers
|turn|11
|c|ârico4000|ok stupid people be stupid
|c|âmiasmata|this game is lookin pretty ez so far
|
|move|p1a: Manaphy|Scald|p2a: Celebi
|-resisted|p2a: Celebi
|-damage|p2a: Celebi|27\/403
|move|p2a: Celebi|Recover|p2a: Celebi
|-heal|p2a: Celebi|229\/403
|
|-weather|none
|-heal|p1a: Manaphy|337\/359|[from] item: Leftovers
|-heal|p2a: Celebi|254\/403|[from] item: Leftovers
|turn|12
|c|âmiasmata|damn that bulk
|c|ârico4000|shh tiny child
|
|switch|p1a: Metagross|Metagross-Mega|283\/301
|-damage|p1a: Metagross|265\/301|[from] Stealth Rock
|move|p2a: Celebi|Recover|p2a: Celebi
|-heal|p2a: Celebi|403\/403
|
|turn|13
|c|ârico4000|you know nothing
|
|switch|p2a: Scizor|Scizor-Mega, F|301\/343
|-damage|p2a: Scizor|259\/343|[from] Stealth Rock
|move|p1a: Metagross|Meteor Mash|p2a: Scizor
|-resisted|p2a: Scizor
|-damage|p2a: Scizor|190\/343
|-boost|p1a: Metagross|atk|1
|
|turn|14
|
|move|p1a: Metagross|Hammer Arm|p2a: Scizor
|-damage|p2a: Scizor|20\/343
|-unboost|p1a: Metagross|spe|1
|move|p2a: Scizor|Roost|p2a: Scizor
|-heal|p2a: Scizor|192\/343
|
|turn|15
|
|move|p1a: Metagross|Meteor Mash|p2a: Scizor
|-resisted|p2a: Scizor
|-damage|p2a: Scizor|81\/343
|move|p2a: Scizor|Roost|p2a: Scizor
|-heal|p2a: Scizor|253\/343
|
|turn|16
|c|ârico4000|but your luck is strong ill give you that
|
|move|p1a: Metagross|Meteor Mash|p2a: Scizor
|-resisted|p2a: Scizor
|-damage|p2a: Scizor|148\/343
|move|p2a: Scizor|Roost|p2a: Scizor
|-heal|p2a: Scizor|320\/343
|
|turn|17
|c|âmiasmata|sd uturn is an amazing set
|c|ârico4000|shh
|
|move|p1a: Metagross|Meteor Mash|p2a: Scizor|[miss]
|-miss|p1a: Metagross|p2a: Scizor
|move|p2a: Scizor|Roost|p2a: Scizor
|-heal|p2a: Scizor|343\/343
|
|turn|18
|c|âmiasmata|nice luck
|
|move|p1a: Metagross|Meteor Mash|p2a: Scizor
|-resisted|p2a: Scizor
|-damage|p2a: Scizor|229\/343
|move|p2a: Scizor|Swords Dance|p2a: Scizor
|-boost|p2a: Scizor|atk|2
|
|turn|19
|
|move|p1a: Metagross|Meteor Mash|p2a: Scizor
|-resisted|p2a: Scizor
|-damage|p2a: Scizor|127\/343
|move|p2a: Scizor|Roost|p2a: Scizor
|-heal|p2a: Scizor|299\/343
|
|turn|20
|
|move|p1a: Metagross|Hammer Arm|p2a: Scizor
|-damage|p2a: Scizor|146\/343
|-unboost|p1a: Metagross|spe|1
|move|p2a: Scizor|Swords Dance|p2a: Scizor
|-boost|p2a: Scizor|atk|2
|
|turn|21
|c|ârico4000|nice luck lul
|join|Mistaken
|
|move|p2a: Scizor|Roost|p2a: Scizor
|-heal|p2a: Scizor|318\/343
|move|p1a: Metagross|Hammer Arm|p2a: Scizor
|-damage|p2a: Scizor|157\/343
|-unboost|p1a: Metagross|spe|1
|
|turn|22
|
|switch|p1a: Hippowdon|Hippowdon, M|395\/419
|-damage|p1a: Hippowdon|369\/419|[from] Stealth Rock
|-weather|Sandstorm
|move|p2a: Scizor|Roost|p2a: Scizor
|-heal|p2a: Scizor|329\/343
|
|-weather|Sandstorm|[upkeep]
|-heal|p1a: Hippowdon|395\/419|[from] item: Leftovers
|turn|23
|c|ârico4000|mistaken howd you find this lobby
|join|FlamingVictini PB
|c|ârico4000|jc
|
|move|p2a: Scizor|U-turn|p1a: Hippowdon
|-damage|p1a: Hippowdon|172\/419
|
|switch|p2a: Hippowdon|Hippowdon, F|303\/419
|-damage|p2a: Hippowdon|277\/419|[from] Stealth Rock
|move|p1a: Hippowdon|Whirlwind|p2a: Hippowdon
|drag|p2a: Scizor|Scizor-Mega, F|329\/343
|-damage|p2a: Scizor|287\/343|[from] Stealth Rock
|
|-weather|Sandstorm|[upkeep]
|-heal|p1a: Hippowdon|198\/419|[from] item: Leftovers
|turn|24
|c| Mistaken|someone said it was poke aim vs show
|c| Mistaken|shofu*
|c|ârico4000|..
|
|move|p2a: Scizor|U-turn|p1a: Hippowdon
|-damage|p1a: Hippowdon|120\/419
|
|switch|p2a: Celebi|Celebi|403\/403
|-damage|p2a: Celebi|353\/403|[from] Stealth Rock
|move|p1a: Hippowdon|Slack Off|p1a: Hippowdon
|-heal|p1a: Hippowdon|330\/419
|
|-weather|Sandstorm|[upkeep]
|-damage|p2a: Celebi|328\/403|[from] sandstorm
|-heal|p2a: Celebi|353\/403|[from] item: Leftovers
|-heal|p1a: Hippowdon|356\/419|[from] item: Leftovers
|turn|25
|c|ârico4000|flamingvictini you care to give an actual answer
|c|ârico4000|curious who this guy is
|
|switch|p1a: Metagross|Metagross-Mega|265\/301
|-damage|p1a: Metagross|247\/301|[from] Stealth Rock
|move|p2a: Celebi|Baton Pass|p2a: Celebi
|
|switch|p2a: Scizor|Scizor-Mega, F|287\/343
|-damage|p2a: Scizor|245\/343|[from] Stealth Rock
|
|-weather|Sandstorm|[upkeep]
|turn|26
|
|switch|p1a: Hippowdon|Hippowdon, M|356\/419
|-damage|p1a: Hippowdon|330\/419|[from] Stealth Rock
|move|p2a: Scizor|Roost|p2a: Scizor
|-heal|p2a: Scizor|343\/343
|
|-weather|none
|-heal|p1a: Hippowdon|356\/419|[from] item: Leftovers
|turn|27
|
|move|p2a: Scizor|Swords Dance|p2a: Scizor
|-boost|p2a: Scizor|atk|2
|move|p1a: Hippowdon|Earthquake|p2a: Scizor
|-damage|p2a: Scizor|262\/343
|
|-heal|p1a: Hippowdon|382\/419|[from] item: Leftovers
|turn|28
|
|move|p2a: Scizor|Bullet Punch|p1a: Hippowdon
|-damage|p1a: Hippowdon|246\/419
|move|p1a: Hippowdon|Earthquake|p2a: Scizor
|-damage|p2a: Scizor|174\/343
|
|-heal|p1a: Hippowdon|272\/419|[from] item: Leftovers
|turn|29
|
|move|p2a: Scizor|Roost|p2a: Scizor
|-heal|p2a: Scizor|343\/343
|move|p1a: Hippowdon|Slack Off|p1a: Hippowdon
|-heal|p1a: Hippowdon|419\/419
|
|turn|30
|
|move|p2a: Scizor|Swords Dance|p2a: Scizor
|-boost|p2a: Scizor|atk|2
|move|p1a: Hippowdon|Whirlwind|p2a: Scizor
|drag|p2a: Celebi|Celebi|353\/403
|-damage|p2a: Celebi|303\/403|[from] Stealth Rock
|
|-heal|p2a: Celebi|328\/403|[from] item: Leftovers
|turn|31
|
|switch|p1a: Metagross|Metagross-Mega|247\/301
|-damage|p1a: Metagross|229\/301|[from] Stealth Rock
|move|p2a: Celebi|Nasty Plot|p2a: Celebi
|-boost|p2a: Celebi|spa|2
|
|-heal|p2a: Celebi|353\/403|[from] item: Leftovers
|turn|32
|
|move|p1a: Metagross|Meteor Mash|p2a: Celebi
|-damage|p2a: Celebi|115\/403
|move|p2a: Celebi|Recover|p2a: Celebi
|-heal|p2a: Celebi|317\/403
|
|-heal|p2a: Celebi|342\/403|[from] item: Leftovers
|turn|33
|
|move|p1a: Metagross|Meteor Mash|p2a: Celebi
|-damage|p2a: Celebi|122\/403
|move|p2a: Celebi|Baton Pass|p2a: Celebi
|
|switch|p2a: Thundurus|Thundurus, M|299\/299
|-damage|p2a: Thundurus|225\/299|[from] Stealth Rock
|
|turn|34
|
|switch|p1a: Thundurus|Thundurus, M|299\/299
|-damage|p1a: Thundurus|225\/299|[from] Stealth Rock
|move|p2a: Thundurus|Hidden Power|p1a: Thundurus
|-supereffective|p1a: Thundurus
|-damage|p1a: Thundurus|0 fnt
|-damage|p2a: Thundurus|196\/299|[from] item: Life Orb
|faint|p1a: Thundurus
|
|
|switch|p1a: Landorus-Therian|Landorus-Therian, M|319\/319
|-damage|p1a: Landorus-Therian|280\/319|[from] Stealth Rock
|-ability|p1a: Landorus-Therian|Intimidate|[of] p2a: Thundurus
|-unboost|p2a: Thundurus|atk|1
|turn|35
|
|switch|p2a: Hippowdon|Hippowdon, F|277\/419
|-damage|p2a: Hippowdon|251\/419|[from] Stealth Rock
|-weather|Sandstorm
|move|p1a: Landorus-Therian|U-turn|p2a: Hippowdon
|-damage|p2a: Hippowdon|185\/419
|
|switch|p1a: Starmie|Starmie|261\/261
|-damage|p1a: Starmie|229\/261|[from] Stealth Rock
|
|-weather|Sandstorm|[upkeep]
|-damage|p1a: Starmie|213\/261|[from] sandstorm
|turn|36
|
|move|p1a: Starmie|Hydro Pump|p2a: Hippowdon|[miss]
|-miss|p1a: Starmie|p2a: Hippowdon
|move|p2a: Hippowdon|Slack Off|p2a: Hippowdon
|-heal|p2a: Hippowdon|395\/419
|
|-weather|Sandstorm|[upkeep]
|-damage|p1a: Starmie|197\/261|[from] sandstorm
|turn|37
|
|move|p1a: Starmie|Hydro Pump|p2a: Hippowdon|[miss]
|-miss|p1a: Starmie|p2a: Hippowdon
|move|p2a: Hippowdon|Earthquake|p1a: Starmie
|-damage|p1a: Starmie|61\/261
|
|-weather|Sandstorm|[upkeep]
|-damage|p1a: Starmie|45\/261|[from] sandstorm
|turn|38
|
|move|p1a: Starmie|Hydro Pump|p2a: Hippowdon
|-supereffective|p2a: Hippowdon
|-damage|p2a: Hippowdon|0 fnt
|-damage|p1a: Starmie|19\/261|[from] item: Life Orb
|faint|p2a: Hippowdon
|
|-weather|Sandstorm|[upkeep]
|-damage|p1a: Starmie|3\/261|[from] sandstorm
|
|switch|p2a: Scizor|Scizor-Mega, F|343\/343
|-damage|p2a: Scizor|301\/343|[from] Stealth Rock
|turn|39
|
|switch|p1a: Hippowdon|Hippowdon, M|419\/419
|-damage|p1a: Hippowdon|393\/419|[from] Stealth Rock
|move|p2a: Scizor|Bullet Punch|p1a: Hippowdon
|-damage|p1a: Hippowdon|327\/419
|
|-weather|none
|-heal|p1a: Hippowdon|353\/419|[from] item: Leftovers
|turn|40
|
|move|p2a: Scizor|U-turn|p1a: Hippowdon
|-damage|p1a: Hippowdon|269\/419
|
|switch|p2a: Celebi|Celebi|122\/403
|-damage|p2a: Celebi|72\/403|[from] Stealth Rock
|move|p1a: Hippowdon|Earthquake|p2a: Celebi
|-resisted|p2a: Celebi
|-damage|p2a: Celebi|9\/403
|
|-heal|p2a: Celebi|34\/403|[from] item: Leftovers
|-heal|p1a: Hippowdon|295\/419|[from] item: Leftovers
|turn|41
|
|switch|p1a: Landorus-Therian|Landorus-Therian, M|280\/319
|-damage|p1a: Landorus-Therian|241\/319|[from] Stealth Rock
|-ability|p1a: Landorus-Therian|Intimidate|[of] p2a: Celebi
|-unboost|p2a: Celebi|atk|1
|move|p2a: Celebi|Recover|p2a: Celebi
|-heal|p2a: Celebi|236\/403
|
|-heal|p2a: Celebi|261\/403|[from] item: Leftovers
|turn|42
|
|switch|p2a: Scizor|Scizor-Mega, F|301\/343
|-damage|p2a: Scizor|259\/343|[from] Stealth Rock
|move|p1a: Landorus-Therian|U-turn|p2a: Scizor
|-crit|p2a: Scizor
|-resisted|p2a: Scizor
|-damage|p2a: Scizor|215\/343
|
|switch|p1a: Manaphy|Manaphy|337\/359
|-damage|p1a: Manaphy|293\/359|[from] Stealth Rock
|
|-heal|p1a: Manaphy|315\/359|[from] item: Leftovers
|turn|43
|
|switch|p1a: Landorus-Therian|Landorus-Therian, M|241\/319
|-damage|p1a: Landorus-Therian|202\/319|[from] Stealth Rock
|-ability|p1a: Landorus-Therian|Intimidate|[of] p2a: Scizor
|-unboost|p2a: Scizor|atk|1
|switch|p2a: Celebi|Celebi|261\/403
|-damage|p2a: Celebi|211\/403|[from] Stealth Rock
|
|-heal|p2a: Celebi|236\/403|[from] item: Leftovers
|turn|44
|
|switch|p2a: Thundurus|Thundurus, M|196\/299
|-damage|p2a: Thundurus|122\/299|[from] Stealth Rock
|move|p1a: Landorus-Therian|U-turn|p2a: Thundurus
|-resisted|p2a: Thundurus
|-damage|p2a: Thundurus|67\/299
|
|switch|p1a: Hippowdon|Hippowdon, M|295\/419
|-damage|p1a: Hippowdon|269\/419|[from] Stealth Rock
|-weather|Sandstorm
|
|-weather|Sandstorm|[upkeep]
|-damage|p2a: Thundurus|49\/299|[from] sandstorm
|-heal|p1a: Hippowdon|295\/419|[from] item: Leftovers
|turn|45
|
|switch|p1a: Starmie|Starmie|3\/261
|-damage|p1a: Starmie|0 fnt|[from] Stealth Rock
|faint|p1a: Starmie
|move|p2a: Thundurus|Hidden Power|p1: Starmie|[notarget]
|-notarget
|
|-weather|Sandstorm|[upkeep]
|-damage|p2a: Thundurus|31\/299|[from] sandstorm
|
|switch|p1a: Landorus-Therian|Landorus-Therian, M|202\/319
|-damage|p1a: Landorus-Therian|163\/319|[from] Stealth Rock
|-ability|p1a: Landorus-Therian|Intimidate|[of] p2a: Thundurus
|-unboost|p2a: Thundurus|atk|1
|turn|46
|
|move|p1a: Landorus-Therian|U-turn|p2a: Thundurus
|-resisted|p2a: Thundurus
|-damage|p2a: Thundurus|0 fnt
|faint|p2a: Thundurus
|
|switch|p1a: Hippowdon|Hippowdon, M|295\/419
|-damage|p1a: Hippowdon|269\/419|[from] Stealth Rock
|
|-weather|Sandstorm|[upkeep]
|-heal|p1a: Hippowdon|295\/419|[from] item: Leftovers
|
|switch|p2a: Scizor|Scizor-Mega, F|215\/343
|-damage|p2a: Scizor|173\/343|[from] Stealth Rock
|turn|47
|
|move|p2a: Scizor|Roost|p2a: Scizor
|-heal|p2a: Scizor|343\/343
|move|p1a: Hippowdon|Earthquake|p2a: Scizor
|-damage|p2a: Scizor|264\/343
|
|-weather|Sandstorm|[upkeep]
|-heal|p1a: Hippowdon|321\/419|[from] item: Leftovers
|turn|48
|
|move|p2a: Scizor|U-turn|p1a: Hippowdon
|-damage|p1a: Hippowdon|242\/419
|
|switch|p2a: Celebi|Celebi|236\/403
|-damage|p2a: Celebi|186\/403|[from] Stealth Rock
|move|p1a: Hippowdon|Earthquake|p2a: Celebi
|-crit|p2a: Celebi
|-resisted|p2a: Celebi
|-damage|p2a: Celebi|82\/403
|
|-weather|none
|-heal|p2a: Celebi|107\/403|[from] item: Leftovers
|-heal|p1a: Hippowdon|268\/419|[from] item: Leftovers
|turn|49
|
|switch|p1a: Metagross|Metagross-Mega|229\/301
|-damage|p1a: Metagross|211\/301|[from] Stealth Rock
|move|p2a: Celebi|Recover|p2a: Celebi
|-heal|p2a: Celebi|309\/403
|
|-heal|p2a: Celebi|334\/403|[from] item: Leftovers
|turn|50
|
|switch|p2a: Heatran|Heatran, M|385\/385
|-damage|p2a: Heatran|337\/385|[from] Stealth Rock
|move|p1a: Metagross|Meteor Mash|p2a: Heatran
|-resisted|p2a: Heatran
|-damage|p2a: Heatran|286\/385
|
|-heal|p2a: Heatran|310\/385|[from] item: Leftovers
|turn|51
|
|switch|p1a: Manaphy|Manaphy|315\/359
|-damage|p1a: Manaphy|271\/359|[from] Stealth Rock
|move|p2a: Heatran|Lava Plume|p1a: Manaphy
|-resisted|p1a: Manaphy
|-damage|p1a: Manaphy|211\/359
|
|-heal|p1a: Manaphy|233\/359|[from] item: Leftovers
|-heal|p2a: Heatran|334\/385|[from] item: Leftovers
|turn|52
|
|switch|p2a: Celebi|Celebi|334\/403
|-damage|p2a: Celebi|284\/403|[from] Stealth Rock
|move|p1a: Manaphy|Scald|p2a: Celebi
|-resisted|p2a: Celebi
|-damage|p2a: Celebi|236\/403
|-status|p2a: Celebi|brn
|
|-heal|p1a: Manaphy|255\/359|[from] item: Leftovers
|-heal|p2a: Celebi|261\/403 brn|[from] item: Leftovers
|-damage|p2a: Celebi|211\/403 brn|[from] brn
|turn|53
|
|switch|p1a: Metagross|Metagross-Mega|211\/301
|-damage|p1a: Metagross|193\/301|[from] Stealth Rock
|move|p2a: Celebi|Baton Pass|p2a: Celebi
|
|switch|p2a: Heatran|Heatran, M|334\/385
|-damage|p2a: Heatran|286\/385|[from] Stealth Rock
|
|-heal|p2a: Heatran|310\/385|[from] item: Leftovers
|turn|54
|
|switch|p1a: Manaphy|Manaphy|255\/359
|-damage|p1a: Manaphy|211\/359|[from] Stealth Rock
|move|p2a: Heatran|Lava Plume|p1a: Manaphy
|-resisted|p1a: Manaphy
|-damage|p1a: Manaphy|157\/359
|
|-heal|p1a: Manaphy|179\/359|[from] item: Leftovers
|-heal|p2a: Heatran|334\/385|[from] item: Leftovers
|turn|55
|
|move|p1a: Manaphy|Scald|p2a: Heatran
|-supereffective|p2a: Heatran
|-damage|p2a: Heatran|136\/385
|move|p2a: Heatran|Lava Plume|p1a: Manaphy
|-resisted|p1a: Manaphy
|-damage|p1a: Manaphy|117\/359
|
|-heal|p1a: Manaphy|139\/359|[from] item: Leftovers
|-heal|p2a: Heatran|160\/385|[from] item: Leftovers
|turn|56
|
|switch|p1a: Landorus-Therian|Landorus-Therian, M|163\/319
|-damage|p1a: Landorus-Therian|124\/319|[from] Stealth Rock
|-ability|p1a: Landorus-Therian|Intimidate|[of] p2a: Heatran
|-unboost|p2a: Heatran|atk|1
|switch|p2a: Celebi|Celebi|211\/403
|-damage|p2a: Celebi|161\/403|[from] Stealth Rock
|
|-heal|p2a: Celebi|186\/403|[from] item: Leftovers
|turn|57
|
|switch|p2a: Heatran|Heatran, M|160\/385
|-damage|p2a: Heatran|112\/385|[from] Stealth Rock
|move|p1a: Landorus-Therian|U-turn|p2a: Heatran
|-resisted|p2a: Heatran
|-damage|p2a: Heatran|92\/385
|
|switch|p1a: Metagross|Metagross-Mega|193\/301
|-damage|p1a: Metagross|175\/301|[from] Stealth Rock
|
|-heal|p2a: Heatran|116\/385|[from] item: Leftovers
|turn|58
|
|move|p1a: Metagross|Hammer Arm|p2a: Heatran
|-crit|p2a: Heatran
|-supereffective|p2a: Heatran
|-damage|p2a: Heatran|0 fnt
|-unboost|p1a: Metagross|spe|1
|faint|p2a: Heatran
|
|
|switch|p2a: Scizor|Scizor-Mega, F|264\/343
|-damage|p2a: Scizor|222\/343|[from] Stealth Rock
|turn|59
|
|switch|p1a: Hippowdon|Hippowdon, M|268\/419
|-damage|p1a: Hippowdon|242\/419|[from] Stealth Rock
|-weather|Sandstorm
|move|p2a: Scizor|Roost|p2a: Scizor
|-heal|p2a: Scizor|343\/343
|
|-weather|Sandstorm|[upkeep]
|-heal|p1a: Hippowdon|268\/419|[from] item: Leftovers
|turn|60
|
|move|p2a: Scizor|U-turn|p1a: Hippowdon
|-damage|p1a: Hippowdon|195\/419
|
|switch|p2a: Celebi|Celebi|186\/403
|-damage|p2a: Celebi|136\/403|[from] Stealth Rock
|move|p1a: Hippowdon|Slack Off|p1a: Hippowdon
|-heal|p1a: Hippowdon|405\/419
|
|-weather|Sandstorm|[upkeep]
|-damage|p2a: Celebi|111\/403|[from] sandstorm
|-heal|p2a: Celebi|136\/403|[from] item: Leftovers
|-heal|p1a: Hippowdon|419\/419|[from] item: Leftovers
|turn|61
|
|switch|p1a: Metagross|Metagross-Mega|175\/301
|-damage|p1a: Metagross|157\/301|[from] Stealth Rock
|move|p2a: Celebi|Recover|p2a: Celebi
|-heal|p2a: Celebi|338\/403
|
|-weather|Sandstorm|[upkeep]
|-damage|p2a: Celebi|313\/403|[from] sandstorm
|-heal|p2a: Celebi|338\/403|[from] item: Leftovers
|turn|62
|
|move|p1a: Metagross|Pursuit|p2a: Celebi|[from]Pursuit
|-supereffective|p2a: Celebi
|-damage|p2a: Celebi|64\/403
|switch|p2a: Scizor|Scizor-Mega, F|343\/343
|-damage|p2a: Scizor|301\/343|[from] Stealth Rock
|
|-weather|Sandstorm|[upkeep]
|turn|63
|
|move|p1a: Metagross|Hammer Arm|p2a: Scizor
|-damage|p2a: Scizor|188\/343
|-unboost|p1a: Metagross|spe|1
|move|p2a: Scizor|U-turn|p1a: Metagross
|-damage|p1a: Metagross|73\/301
|
|switch|p2a: Celebi|Celebi|64\/403
|-damage|p2a: Celebi|14\/403|[from] Stealth Rock
|
|-weather|none
|-heal|p2a: Celebi|39\/403|[from] item: Leftovers
|turn|64
|
|move|p2a: Celebi|Recover|p2a: Celebi
|-heal|p2a: Celebi|241\/403
|move|p1a: Metagross|Meteor Mash|p2a: Celebi
|-crit|p2a: Celebi
|-damage|p2a: Celebi|0 fnt
|faint|p2a: Celebi
|
|c|ârico4000|<.<
|
|switch|p2a: Scizor|Scizor-Mega, F|188\/343
|-damage|p2a: Scizor|146\/343|[from] Stealth Rock
|turn|65
|
|switch|p1a: Manaphy|Manaphy|139\/359
|-damage|p1a: Manaphy|95\/359|[from] Stealth Rock
|move|p2a: Scizor|Roost|p2a: Scizor
|-heal|p2a: Scizor|318\/343
|
|-heal|p1a: Manaphy|117\/359|[from] item: Leftovers
|turn|66
|c|ârico4000|burn or lose?
|
|move|p1a: Manaphy|Scald|p2a: Scizor
|-crit|p2a: Scizor
|-damage|p2a: Scizor|159\/343
|move|p2a: Scizor|U-turn|p1a: Manaphy
|-crit|p1a: Manaphy
|-damage|p1a: Manaphy|0 fnt
|faint|p1a: Manaphy
|
|
|switch|p1a: Landorus-Therian|Landorus-Therian, M|124\/319
|-damage|p1a: Landorus-Therian|85\/319|[from] Stealth Rock
|-ability|p1a: Landorus-Therian|Intimidate|[of] p2a: Scizor
|-unboost|p2a: Scizor|atk|1
|turn|67
|c|ârico4000|hmm crit made things interesting i guess
|
|move|p1a: Landorus-Therian|Earthquake|p2a: Scizor
|-damage|p2a: Scizor|45\/343
|move|p2a: Scizor|Roost|p2a: Scizor
|-heal|p2a: Scizor|217\/343
|
|turn|68
|
|move|p1a: Landorus-Therian|Earthquake|p2a: Scizor
|-damage|p2a: Scizor|88\/343
|move|p2a: Scizor|Roost|p2a: Scizor
|-heal|p2a: Scizor|260\/343
|
|turn|69
|c|âmiasmata|its unfortunate that you only have 3 more roosts
|c|âmiasmata|2
|c|ârico4000|do i need them?
|
|move|p1a: Landorus-Therian|Earthquake|p2a: Scizor
|-damage|p2a: Scizor|146\/343
|move|p2a: Scizor|Swords Dance|p2a: Scizor
|-boost|p2a: Scizor|atk|2
|
|turn|70
|c|ârico4000|lol
|
|move|p2a: Scizor|Bullet Punch|p1a: Landorus-Therian
|-damage|p1a: Landorus-Therian|0 fnt
|faint|p1a: Landorus-Therian
|
|c|âmiasmata|considering you do 0 to hippo...
|c|ârico4000|i think not
|c|âmiasmata|probably.
|c|ârico4000|watch
|c|ârico4000|had reuni not got haxed
|c|ârico4000|this woulda been over turn 5
|
|switch|p1a: Metagross|Metagross-Mega|73\/301
|-damage|p1a: Metagross|55\/301|[from] Stealth Rock
|turn|71
|c|âmiasmata|haha had starmie not miss 2 hydros i woulda won turn 1
|c|âmiasmata|but ez game regardless
|
|move|p2a: Scizor|Bullet Punch|p1a: Metagross
|-crit|p1a: Metagross
|-resisted|p1a: Metagross
|-damage|p1a: Metagross|0 fnt
|faint|p1a: Metagross
|
|c|âmiasmata|for you ofc.
|c|ârico4000|clac it
|
|switch|p1a: Hippowdon|Hippowdon, M|419\/419
|-damage|p1a: Hippowdon|393\/419|[from] Stealth Rock
|-weather|Sandstorm
|turn|72
|c|ârico4000|+1 84 Atk Technician Mega Scizor Bullet Punch vs. 0 HP \/ 0- Def Mega Metagross: 57-68 (18.9 - 22.5%) -- guaranteed 5HKO after Stealth Rock
|join|roserade69
|c| Mistaken|thats - def
|c|ârico4000|lol calling hax on your end when i damn near had a 6-0 at the start
|c|âmiasmata|and obviously im not -def.
|c|ârico4000|oh whoops
|c|ârico4000|wtf
|c|ârico4000|calc assumes gknot
|c|âmiasmata|i didnt "Call hax"
|c|âmiasmata|i'd rather not cry like you
|c|ârico4000|lol
|c|ârico4000|good one
|
|move|p2a: Scizor|Roost|p2a: Scizor
|-heal|p2a: Scizor|318\/343
|move|p1a: Hippowdon|Earthquake|p2a: Scizor
|-damage|p2a: Scizor|228\/343
|
|-weather|Sandstorm|[upkeep]
|-heal|p1a: Hippowdon|419\/419|[from] item: Leftovers
|turn|73
|c|âmiasmata|it wasnt a joke
|
|move|p2a: Scizor|Swords Dance|p2a: Scizor
|-boost|p2a: Scizor|atk|2
|move|p1a: Hippowdon|Earthquake|p2a: Scizor
|-damage|p2a: Scizor|137\/343
|
|-weather|Sandstorm|[upkeep]
|turn|74
|c|ârico4000|i thought it was pretty funny
|leave|roserade69
|
|move|p2a: Scizor|Roost|p2a: Scizor
|-heal|p2a: Scizor|309\/343
|move|p1a: Hippowdon|Earthquake|p2a: Scizor
|-damage|p2a: Scizor|230\/343
|
|-weather|Sandstorm|[upkeep]
|turn|75
|
|move|p2a: Scizor|U-turn|p1a: Hippowdon
|-damage|p1a: Hippowdon|220\/419
|move|p1a: Hippowdon|Earthquake|p2a: Scizor
|-damage|p2a: Scizor|149\/343
|
|-weather|Sandstorm|[upkeep]
|-heal|p1a: Hippowdon|246\/419|[from] item: Leftovers
|turn|76
|c|ârico4000|gg
|leave|FlamingVictini PB
|
|move|p2a: Scizor|Swords Dance|p2a: Scizor
|-boost|p2a: Scizor|atk|2
|move|p1a: Hippowdon|Earthquake|p2a: Scizor
|-crit|p2a: Scizor
|-damage|p2a: Scizor|16\/343
|
|-weather|none
|-heal|p1a: Hippowdon|272\/419|[from] item: Leftovers
|turn|77
|
|move|p2a: Scizor|U-turn|p1a: Hippowdon
|-damage|p1a: Hippowdon|0 fnt
|faint|p1a: Hippowdon
|
|win|rico4000
|raw|Ladder updating...
|raw|miasmata's rating: 1697 &rarr; <strong>1676<\/strong><br \/>(-21 for losing)
|raw|rico4000's rating: 1666 &rarr; <strong>1688<\/strong><br \/>(+22 for winning)
|leave|miasmata
|leave|Mistaken
|player|p1