|join|Reverb
|join|miasmata
|join|jack41
|player|p1|Reverb|#reverb
|player|p2|miasmata|102
|gametype|singles
|gen|6
|tier|OU
|rated
|clearpoke
|poke|p1|Landorus-Therian, M
|poke|p1|Latias, F
|poke|p1|Heatran, F
|poke|p1|Conkeldurr, M
|poke|p1|Azumarill, M
|poke|p1|Heracross, F
|poke|p2|Celebi
|poke|p2|Heatran, M
|poke|p2|Landorus-Therian, M
|poke|p2|Keldeo
|poke|p2|Gengar, F
|poke|p2|Metagross
|rule|Swagger Clause: Swagger is banned
|rule|Baton Pass Clause: Limit one PokÃ©mon knowing Baton Pass
|rule|Sleep Clause Mod: Limit one foe put to sleep
|rule|Species Clause: Limit one of each PokÃ©mon
|rule|OHKO Clause: OHKO moves are banned
|rule|Moody Clause: Moody is banned
|rule|Evasion Moves Clause: Evasion moves are banned
|rule|Endless Battle Clause: Forcing endless battles is banned
|rule|HP Percentage Mod: HP is shown in percentages
|teampreview
|join|Dark380
|join|John Krasinski
|join|Scotti
|join|RedKingAlmighty
|join|gizmo
|join|c1one
|
|start
|switch|p1a: Landorus-Therian|Landorus-Therian, M|327\/327
|switch|p2a: Celebi|Celebi|403\/403
|-ability|p1a: Landorus-Therian|Intimidate|[of] p2a: Celebi
|-unboost|p2a: Celebi|atk|1
|turn|1
|join|I Iike Squirtles
|leave|RedKingAlmighty
|
|switch|p2a: Gengar|Gengar, F|261\/261
|move|p1a: Landorus-Therian|U-turn|p2a: Gengar
|-crit|p2a: Gengar
|-resisted|p2a: Gengar
|-damage|p2a: Gengar|207\/261
|
|switch|p1a: Conkeldurr|Conkeldurr, M|364\/364
|
|turn|2
|join|RedKingAlmighty
|join|daftmau5
|
|switch|p2a: Metagross|Metagross|301\/301
|move|p1a: Conkeldurr|Knock Off|p2a: Metagross
|-supereffective|p2a: Metagross
|-damage|p2a: Metagross|153\/301
|
|turn|3
|join|gyarad0site
|c| c1one|reverb
|c| c1one|wheres the empoleon
|c| c1one|?
|
|switch|p1a: Heatran|Heatran, F|385\/385
|detailschange|p2a: Metagross|Metagross-Mega
|-mega|p2a: Metagross|Metagross|Metagrossite
|move|p2a: Metagross|Meteor Mash|p1a: Heatran
|-resisted|p1a: Heatran
|-damage|p1a: Heatran|326\/385
|
|-heal|p1a: Heatran|350\/385|[from] item: Leftovers
|turn|4
|
|switch|p1a: Landorus-Therian|Landorus-Therian, M|327\/327
|-ability|p1a: Landorus-Therian|Intimidate|[of] p2a: Metagross
|-unboost|p2a: Metagross|atk|1
|move|p2a: Metagross|Meteor Mash|p1a: Landorus-Therian
|-damage|p1a: Landorus-Therian|164\/327
|
|turn|5
|
|move|p1a: Landorus-Therian|U-turn|p2a: Metagross
|-damage|p2a: Metagross|83\/301
|c|âReverb|no room clone
|join|Chainy
|join|Biz
|join|habajiga
|c| c1one|lol
|
|switch|p1a: Latias|Latias, F|364\/364
|move|p2a: Metagross|Hammer Arm|p1a: Latias
|-resisted|p1a: Latias
|-damage|p1a: Latias|317\/364
|-unboost|p2a: Metagross|spe|1
|
|-heal|p1a: Latias|339\/364|[from] item: Leftovers
|turn|6
|
|switch|p2a: Heatran|Heatran, M|323\/323
|move|p1a: Latias|Psyshock|p2a: Heatran
|-resisted|p2a: Heatran
|-damage|p2a: Heatran|277\/323
|
|-heal|p1a: Latias|361\/364|[from] item: Leftovers
|-heal|p2a: Heatran|297\/323|[from] item: Leftovers
|turn|7
|
|move|p1a: Latias|Thunder Wave|p2a: Heatran
|-status|p2a: Heatran|par
|move|p2a: Heatran|Stealth Rock|p1a: Latias
|-sidestart|p1: Reverb|move: Stealth Rock
|
|-heal|p1a: Latias|364\/364|[from] item: Leftovers
|-heal|p2a: Heatran|317\/323 par|[from] item: Leftovers
|turn|8
|join|TCMK
|
|move|p1a: Latias|Defog|p2a: Heatran
|-unboost|p2a: Heatran|evasion|1
|-sideend|p1: Reverb|Stealth Rock|[from] move: Defog|[of] p1a: Latias
|move|p2a: Heatran|Lava Plume|p1a: Latias
|-resisted|p1a: Latias
|-damage|p1a: Latias|302\/364
|
|-heal|p1a: Latias|324\/364|[from] item: Leftovers
|-heal|p2a: Heatran|323\/323 par|[from] item: Leftovers
|turn|9
|
|switch|p1a: Heatran|Heatran, F|350\/385
|move|p2a: Heatran|Stealth Rock|p1a: Heatran
|-sidestart|p1: Reverb|move: Stealth Rock
|
|-heal|p1a: Heatran|374\/385|[from] item: Leftovers
|turn|10
|
|move|p1a: Heatran|Stealth Rock|p2a: Heatran
|-sidestart|p2: miasmata|move: Stealth Rock
|move|p2a: Heatran|Earth Power|p1a: Heatran
|-supereffective|p1a: Heatran
|-damage|p1a: Heatran|0 fnt
|faint|p1a: Heatran
|
|
|switch|p1a: Conkeldurr|Conkeldurr, M|364\/364
|-damage|p1a: Conkeldurr|342\/364|[from] Stealth Rock
|turn|11
|
|move|p1a: Conkeldurr|Drain Punch|p2a: Heatran
|-supereffective|p2a: Heatran
|-damage|p2a: Heatran|39\/323 par
|-heal|p1a: Conkeldurr|364\/364|[from] drain|[of] p2a: Heatran
|move|p2a: Heatran|Lava Plume|p1a: Conkeldurr
|-damage|p1a: Conkeldurr|256\/364
|
|-heal|p2a: Heatran|59\/323 par|[from] item: Leftovers
|turn|12
|
|move|p1a: Conkeldurr|Drain Punch|p2a: Heatran
|-supereffective|p2a: Heatran
|-damage|p2a: Heatran|0 fnt
|-heal|p1a: Conkeldurr|286\/364|[from] drain|[of] p2a: Heatran
|faint|p2a: Heatran
|
|
|switch|p2a: Keldeo|Keldeo|323\/323
|-damage|p2a: Keldeo|303\/323|[from] Stealth Rock
|turn|13
|
|move|p2a: Keldeo|Hydro Pump|p1a: Conkeldurr
|-damage|p1a: Conkeldurr|91\/364
|move|p1a: Conkeldurr|Drain Punch|p2a: Keldeo
|-damage|p2a: Keldeo|137\/323
|-heal|p1a: Conkeldurr|174\/364|[from] drain|[of] p2a: Keldeo
|
|turn|14
|leave|gizmo
|
|switch|p2a: Gengar|Gengar, F|207\/261
|-damage|p2a: Gengar|175\/261|[from] Stealth Rock
|switch|p1a: Latias|Latias, F|324\/364
|-damage|p1a: Latias|279\/364|[from] Stealth Rock
|
|-heal|p1a: Latias|301\/364|[from] item: Leftovers
|turn|15
|join|rika and hanyuu
|join|hashtag fabulous
|
|switch|p1a: Azumarill|Azumarill, M|361\/361
|-damage|p1a: Azumarill|316\/361|[from] Stealth Rock
|move|p2a: Gengar|Shadow Ball|p1a: Azumarill
|-damage|p1a: Azumarill|105\/361
|-damage|p2a: Gengar|149\/261|[from] item: Life Orb
|
|turn|16
|leave|habajiga
|c| TCMK|yo miasmata, what's your main
|join|habajiga
|
|switch|p2a: Celebi|Celebi|403\/403
|-damage|p2a: Celebi|353\/403|[from] Stealth Rock
|move|p1a: Azumarill|Aqua Jet|p2a: Celebi
|-resisted|p2a: Celebi
|-damage|p2a: Celebi|306\/403
|
|-heal|p2a: Celebi|331\/403|[from] item: Leftovers
|turn|17
|leave|hashtag fabulous
|
|switch|p1a: Latias|Latias, F|301\/364
|-damage|p1a: Latias|256\/364|[from] Stealth Rock
|move|p2a: Celebi|Giga Drain|p1a: Latias
|-resisted|p1a: Latias
|-damage|p1a: Latias|221\/364
|-heal|p2a: Celebi|349\/403|[from] drain|[of] p1a: Latias
|
|-heal|p1a: Latias|243\/364|[from] item: Leftovers
|-heal|p2a: Celebi|374\/403|[from] item: Leftovers
|turn|18
|join|req'd by crobro
|
|move|p1a: Latias|Defog|p2a: Celebi
|-unboost|p2a: Celebi|evasion|1
|-sideend|p2: miasmata|Stealth Rock|[from] move: Defog|[of] p2a: Celebi
|-sideend|p1: Reverb|Stealth Rock|[from] move: Defog|[of] p1a: Latias
|move|p2a: Celebi|Nasty Plot|p2a: Celebi
|-boost|p2a: Celebi|spa|2
|
|-heal|p1a: Latias|265\/364|[from] item: Leftovers
|-heal|p2a: Celebi|399\/403|[from] item: Leftovers
|turn|19
|
|switch|p1a: Heracross|Heracross, F|301\/301
|move|p2a: Celebi|Hidden Power|p1a: Heracross
|-supereffective|p1a: Heracross
|-damage|p1a: Heracross|105\/301
|
|-heal|p2a: Celebi|403\/403|[from] item: Leftovers
|turn|20
|c| John Krasinski|o.o
|join|TheLaughingCats
|
|switch|p2a: Gengar|Gengar, F|149\/261
|detailschange|p1a: Heracross|Heracross-Mega, F
|-mega|p1a: Heracross|Heracross|Heracronite
|move|p1a: Heracross|Pin Missile|p2a: Gengar
|-resisted|p2a: Gengar
|-damage|p2a: Gengar|123\/261
|-resisted|p2a: Gengar
|-damage|p2a: Gengar|99\/261
|-resisted|p2a: Gengar
|-damage|p2a: Gengar|76\/261
|-resisted|p2a: Gengar
|-damage|p2a: Gengar|52\/261
|-resisted|p2a: Gengar
|-damage|p2a: Gengar|27\/261
|-hitcount|p2a: Gengar|5
|
|turn|21
|
|switch|p1a: Conkeldurr|Conkeldurr, M|174\/364
|move|p2a: Gengar|Shadow Ball|p1a: Conkeldurr
|-damage|p1a: Conkeldurr|45\/364
|-unboost|p1a: Conkeldurr|spd|1
|-damage|p2a: Gengar|1\/261|[from] item: Life Orb
|
|turn|22
|leave|gyarad0site
|join|gyarad0site
|
|move|p2a: Gengar|Shadow Ball|p1a: Conkeldurr
|-damage|p1a: Conkeldurr|0 fnt
|-damage|p2a: Gengar|0 fnt|[from] item: Life Orb
|faint|p1a: Conkeldurr
|faint|p2a: Gengar
|
|join|Chillingtilnoon
|
|switch|p1a: Landorus-Therian|Landorus-Therian, M|164\/327
|switch|p2a: Landorus-Therian|Landorus-Therian, M|319\/319
|-ability|p2a: Landorus-Therian|Intimidate|[of] p1a: Landorus-Therian
|-unboost|p1a: Landorus-Therian|atk|1
|-ability|p1a: Landorus-Therian|Intimidate|[of] p2a: Landorus-Therian
|-unboost|p2a: Landorus-Therian|atk|1
|turn|23
|join|leremyju
|
|move|p2a: Landorus-Therian|Stone Edge|p1a: Landorus-Therian
|-damage|p1a: Landorus-Therian|75\/327
|move|p1a: Landorus-Therian|U-turn|p2a: Landorus-Therian
|-crit|p2a: Landorus-Therian
|-resisted|p2a: Landorus-Therian
|-damage|p2a: Landorus-Therian|248\/319
|
|switch|p1a: Heracross|Heracross-Mega, F|105\/301
|
|turn|24
|join|Murkrow Jupiter
|join|gizmo
|
|move|p2a: Landorus-Therian|Stone Edge|p1a: Heracross
|-damage|p1a: Heracross|32\/301
|move|p1a: Heracross|Rock Blast|p2a: Landorus-Therian
|-damage|p2a: Landorus-Therian|200\/319
|-damage|p2a: Landorus-Therian|157\/319
|-damage|p2a: Landorus-Therian|108\/319
|-damage|p2a: Landorus-Therian|64\/319
|-damage|p2a: Landorus-Therian|19\/319
|-hitcount|p2a: Landorus-Therian|5
|
|turn|25
|join|Jefo
|
|switch|p1a: Latias|Latias, F|265\/364
|move|p2a: Landorus-Therian|Stone Edge|p1a: Latias
|-damage|p1a: Latias|195\/364
|
|-heal|p1a: Latias|217\/364|[from] item: Leftovers
|turn|26
|c| John Krasinski|damage??? where??
|
|switch|p2a: Celebi|Celebi|403\/403
|move|p1a: Latias|Recover|p1a: Latias
|-heal|p1a: Latias|364\/364
|
|turn|27
|
|move|p1a: Latias|Thunder Wave|p2a: Celebi
|-status|p2a: Celebi|par
|move|p2a: Celebi|Giga Drain|p1a: Latias
|-resisted|p1a: Latias
|-damage|p1a: Latias|331\/364
|
|-heal|p1a: Latias|353\/364|[from] item: Leftovers
|turn|28
|
|switch|p1a: Azumarill|Azumarill, M|105\/361
|cant|p2a: Celebi|par
|
|turn|29
|
|switch|p2a: Keldeo|Keldeo|137\/323
|move|p1a: Azumarill|Play Rough|p2a: Keldeo
|-supereffective|p2a: Keldeo
|-damage|p2a: Keldeo|0 fnt
|faint|p2a: Keldeo
|
|
|switch|p2a: Metagross|Metagross-Mega|83\/301
|turn|30
|
|move|p2a: Metagross|Meteor Mash|p1a: Azumarill
|-damage|p1a: Azumarill|0 fnt
|-boost|p2a: Metagross|atk|1
|faint|p1a: Azumarill
|
|
|switch|p1a: Landorus-Therian|Landorus-Therian, M|75\/327
|-ability|p1a: Landorus-Therian|Intimidate|[of] p2a: Metagross
|-unboost|p2a: Metagross|atk|1
|turn|31
|c| leremyju|ko
|
|move|p1a: Landorus-Therian|Earthquake|p2a: Metagross
|-crit|p2a: Metagross
|-supereffective|p2a: Metagross
|-damage|p2a: Metagross|0 fnt
|faint|p2a: Metagross
|
|
|switch|p2a: Landorus-Therian|Landorus-Therian, M|19\/319
|-ability|p2a: Landorus-Therian|Intimidate|[of] p1a: Landorus-Therian
|-unboost|p1a: Landorus-Therian|atk|1
|turn|32
|
|switch|p1a: Latias|Latias, F|353\/364
|move|p2a: Landorus-Therian|U-turn|p1a: Latias
|-supereffective|p1a: Latias
|-damage|p1a: Latias|197\/364
|
|switch|p2a: Celebi|Celebi|403\/403
|
|-heal|p1a: Latias|219\/364|[from] item: Leftovers
|turn|33
|
|move|p1a: Latias|Recover|p1a: Latias
|-heal|p1a: Latias|364\/364
|move|p2a: Celebi|Nasty Plot|p2a: Celebi
|-boost|p2a: Celebi|spa|2
|
|turn|34
|
|move|p1a: Latias|Thunder Wave|p2a: Celebi
|-status|p2a: Celebi|par
|move|p2a: Celebi|Giga Drain|p1a: Latias
|-resisted|p1a: Latias
|-damage|p1a: Latias|295\/364
|
|-heal|p1a: Latias|317\/364|[from] item: Leftovers
|turn|35
|
|switch|p1a: Landorus-Therian|Landorus-Therian, M|75\/327
|-ability|p1a: Landorus-Therian|Intimidate|[of] p2a: Celebi
|-unboost|p2a: Celebi|atk|1
|switch|p2a: Landorus-Therian|Landorus-Therian, M|19\/319
|-ability|p2a: Landorus-Therian|Intimidate|[of] p1a: Landorus-Therian
|-unboost|p1a: Landorus-Therian|atk|1
|
|turn|36
|join|Nutfuck
|leave|Scotti
|join|Toxzn
|
|switch|p1a: Latias|Latias, F|317\/364
|move|p2a: Landorus-Therian|Stone Edge|p1a: Latias
|-damage|p1a: Latias|222\/364
|
|-heal|p1a: Latias|244\/364|[from] item: Leftovers
|turn|37
|
|move|p2a: Landorus-Therian|Stone Edge|p1a: Latias
|-damage|p1a: Latias|136\/364
|move|p1a: Latias|Recover|p1a: Latias
|-heal|p1a: Latias|318\/364
|
|-heal|p1a: Latias|340\/364|[from] item: Leftovers
|turn|38
|c| Nutfuck|why did u stone edge buddy
|
|switch|p2a: Celebi|Celebi|403\/403
|move|p1a: Latias|Psyshock|p2a: Celebi
|-resisted|p2a: Celebi
|-damage|p2a: Celebi|366\/403
|
|-heal|p1a: Latias|362\/364|[from] item: Leftovers
|-heal|p2a: Celebi|391\/403|[from] item: Leftovers
|turn|39
|c| John Krasinski|its his safest paly
|c| rika and hanyuu|because if he doubled to lando t
|c| rika and hanyuu|he wouldve lost
|c| Nutfuck|he cant play safe he gets bopped now
|
|move|p1a: Latias|Thunder Wave|p2a: Celebi
|-status|p2a: Celebi|par
|move|p2a: Celebi|Giga Drain|p1a: Latias
|-resisted|p1a: Latias
|-damage|p1a: Latias|325\/364
|-heal|p2a: Celebi|403\/403 par|[from] drain|[of] p1a: Latias
|
|-heal|p1a: Latias|347\/364|[from] item: Leftovers
|turn|40
|c| Nutfuck|he plays safe he loses
|c|âmiasmata|rofl
|c|âmiasmata|nutfuck
|c| Nutfuck|:]
|c|âmiasmata|what kind of "plays" should i make
|c| Nutfuck|alright
|c| Nutfuck|so
|c| TCMK|landy-t wasnt taking a knock off
|c| Nutfuck|go for bug buzz
|c| TCMK|lol
|c| rika and hanyuu|stone edge was the best play
|c| TCMK|stone edge was the worst play lol
|c|âmiasmata|whoa
|c| John Krasinski|he doesnt have knock off clearly
|c|âmiasmata|i have knock off
|c|âmiasmata|and i never go for it
|c| leremyju|is that a max max lati?
|c| TCMK|why would he not have knock off
|c|âReverb|knock off is a 3hko on lati
|join|StarkGod
|c| TCMK|thats like not having iron head on bisharp
|c| TCMK|like homie
|c| TCMK|ofc the nigga has it
|c| Nutfuck|well good thing he stone edged then
|c|âReverb|my lando doesnt have ko
|c| leremyju|maybe cuz he has superpower? or explosion?
|c|âReverb|i have explosion
|c|âmiasmata|tcmk arent u the dude who used swagger on pokebattle
|c|âmiasmata|sit down breh
|c| leremyju|lol
|c| StarkGod|Damn. It's live as fuck in here.
|c| TCMK|swagger?
|-message|miasmata forfeited.
|c| TCMK|na
|leave|miasmata
|
|win|Reverb
|raw|Ladder updating...
|player|p2
|leave|John Krasinski