|join|miasmata
|join|ihatehandlan
|player|p1|miasmata|170
|player|p2|ihatehandlan|120
|gametype|singles
|gen|6
|tier|OU
|rated
|clearpoke
|poke|p1|Diancie
|poke|p1|Landorus-Therian, M
|poke|p1|Scizor, F
|poke|p1|Talonflame, M
|poke|p1|Latios, M
|poke|p1|Breloom, M
|poke|p2|Golem, F, shiny
|poke|p2|Amoonguss, M
|poke|p2|Spiritomb, M
|poke|p2|Xatu, F
|poke|p2|Claydol
|poke|p2|Blissey, F
|rule|Swagger Clause: Swagger is banned
|rule|Baton Pass Clause: Limit one PokÃ©mon knowing Baton Pass
|rule|Sleep Clause Mod: Limit one foe put to sleep
|rule|Species Clause: Limit one of each PokÃ©mon
|rule|OHKO Clause: OHKO moves are banned
|rule|Moody Clause: Moody is banned
|rule|Evasion Moves Clause: Evasion moves are banned
|rule|Endless Battle Clause: Forcing endless battles is banned
|rule|HP Percentage Mod: HP is shown in percentages
|teampreview
|
|start
|switch|p1a: Latios|Latios, M|301\/301
|switch|p2a: Golem|Golem, F, shiny|364\/364
|turn|1
|
|move|p1a: Latios|Surf|p2a: Golem
|-supereffective|p2a: Golem
|-activate|p2a: Golem|Sturdy
|-damage|p2a: Golem|1\/364
|-damage|p1a: Latios|271\/301|[from] item: Life Orb
|move|p2a: Golem|Stealth Rock|p1a: Latios
|-sidestart|p1: miasmata|move: Stealth Rock
|
|-heal|p2a: Golem|23\/364|[from] item: Leftovers
|turn|2
|
|move|p2a: Golem|Protect|p2a: Golem
|-singleturn|p2a: Golem|Protect
|move|p1a: Latios|Defog|p2a: Golem
|-activate|p2a: Golem|Protect
|
|-heal|p2a: Golem|45\/364|[from] item: Leftovers
|turn|3
|
|move|p1a: Latios|Surf|p2a: Golem
|-supereffective|p2a: Golem
|-damage|p2a: Golem|0 fnt
|-damage|p1a: Latios|241\/301|[from] item: Life Orb
|faint|p2a: Golem
|
|
|switch|p2a: Blissey|Blissey, F|714\/714
|turn|4
|
|move|p1a: Latios|Defog|p2a: Blissey
|-unboost|p2a: Blissey|evasion|1
|-sideend|p1: miasmata|Stealth Rock|[from] move: Defog|[of] p1a: Latios
|move|p2a: Blissey|Body Slam|p1a: Latios
|-damage|p1a: Latios|213\/301
|
|turn|5
|
|switch|p1a: Diancie|Diancie|241\/241
|move|p2a: Blissey|Protect|p2a: Blissey
|-fail|p2a: Blissey
|
|turn|6
|
|detailschange|p1a: Diancie|Diancie-Mega
|-mega|p1a: Diancie|Diancie|Diancite
|move|p2a: Blissey|Protect|p2a: Blissey
|-singleturn|p2a: Blissey|Protect
|move|p1a: Diancie|Stealth Rock|p2a: Blissey
|-sidestart|p2: ihatehandlan|move: Stealth Rock
|
|turn|7
|
|move|p1a: Diancie|Diamond Storm|p2a: Blissey
|-damage|p2a: Blissey|0 fnt
|-boost|p1a: Diancie|def|1
|faint|p2a: Blissey
|
|
|switch|p2a: Claydol|Claydol|324\/324
|-damage|p2a: Claydol|304\/324|[from] Stealth Rock
|turn|8
|
|move|p2a: Claydol|Protect|p2a: Claydol
|-singleturn|p2a: Claydol|Protect
|move|p1a: Diancie|Moonblast|p2a: Claydol
|-activate|p2a: Claydol|Protect
|
|-heal|p2a: Claydol|324\/324|[from] item: Leftovers
|turn|9
|
|move|p1a: Diancie|Moonblast|p2a: Claydol
|-damage|p2a: Claydol|204\/324
|move|p2a: Claydol|Rapid Spin|p1a: Diancie
|-resisted|p1a: Diancie
|-damage|p1a: Diancie|238\/241
|-sideend|p2: ihatehandlan|Stealth Rock|[from] move: Rapid Spin|[of] p2a: Claydol
|
|-heal|p2a: Claydol|224\/324|[from] item: Leftovers
|turn|10
|
|switch|p2a: Xatu|Xatu, F|333\/333
|move|p1a: Diancie|Stealth Rock|p2a: Xatu
|move|p2a: Xatu|Stealth Rock|p1a: Diancie|[from]Magic Bounce
|-sidestart|p1: miasmata|move: Stealth Rock
|
|turn|11
|
|move|p1a: Diancie|Moonblast|p2a: Xatu
|-damage|p2a: Xatu|170\/333
|-unboost|p2a: Xatu|spa|1
|move|p2a: Xatu|Trick Room|p2a: Xatu
|-fieldstart|move: Trick Room|[of] p2a: Xatu
|
|turn|12
|
|move|p2a: Xatu|Roost|p2a: Xatu
|-heal|p2a: Xatu|333\/333
|move|p1a: Diancie|Moonblast|p2a: Xatu
|-damage|p2a: Xatu|144\/333
|-unboost|p2a: Xatu|spa|1
|
|turn|13
|
|move|p2a: Xatu|Roost|p2a: Xatu
|-heal|p2a: Xatu|311\/333
|move|p1a: Diancie|Moonblast|p2a: Xatu
|-damage|p2a: Xatu|133\/333
|
|turn|14
|
|move|p2a: Xatu|Roost|p2a: Xatu
|-heal|p2a: Xatu|300\/333
|move|p1a: Diancie|Moonblast|p2a: Xatu
|-damage|p2a: Xatu|132\/333
|
|turn|15
|
|switch|p2a: Amoonguss|Amoonguss, M|432\/432
|move|p1a: Diancie|Moonblast|p2a: Amoonguss
|-resisted|p2a: Amoonguss
|-damage|p2a: Amoonguss|320\/432
|
|-heal|p2a: Amoonguss|347\/432|[from] item: Black Sludge
|-fieldend|move: Trick Room
|turn|16
|
|move|p1a: Diancie|Stealth Rock|p2a: Amoonguss
|-sidestart|p2: ihatehandlan|move: Stealth Rock
|move|p2a: Amoonguss|Giga Drain|p1a: Diancie
|-supereffective|p1a: Diancie
|-damage|p1a: Diancie|92\/241
|-heal|p2a: Amoonguss|420\/432|[from] drain|[of] p1a: Diancie
|
|-heal|p2a: Amoonguss|432\/432|[from] item: Black Sludge
|turn|17
|
|move|p1a: Diancie|Diamond Storm|p2a: Amoonguss
|-damage|p2a: Amoonguss|267\/432
|-boost|p1a: Diancie|def|1
|move|p2a: Amoonguss|Giga Drain|p1a: Diancie
|-supereffective|p1a: Diancie
|-damage|p1a: Diancie|0 fnt
|-heal|p2a: Amoonguss|313\/432|[from] drain|[of] p1a: Diancie
|faint|p1a: Diancie
|
|-heal|p2a: Amoonguss|340\/432|[from] item: Black Sludge
|
|switch|p1a: Talonflame|Talonflame, M|359\/359
|-damage|p1a: Talonflame|180\/359|[from] Stealth Rock
|turn|18
|
|move|p2a: Amoonguss|Protect|p2a: Amoonguss
|-singleturn|p2a: Amoonguss|Protect
|move|p1a: Talonflame|Taunt|p2a: Amoonguss
|-activate|p2a: Amoonguss|Protect
|
|-heal|p1a: Talonflame|202\/359|[from] item: Leftovers
|-heal|p2a: Amoonguss|367\/432|[from] item: Black Sludge
|turn|19
|
|switch|p2a: Claydol|Claydol|224\/324
|-damage|p2a: Claydol|204\/324|[from] Stealth Rock
|move|p1a: Talonflame|Swords Dance|p1a: Talonflame
|-boost|p1a: Talonflame|atk|2
|
|-heal|p1a: Talonflame|224\/359|[from] item: Leftovers
|-heal|p2a: Claydol|224\/324|[from] item: Leftovers
|turn|20
|
|move|p1a: Talonflame|Swords Dance|p1a: Talonflame
|-boost|p1a: Talonflame|atk|2
|move|p2a: Claydol|Stone Edge|p1a: Talonflame
|-supereffective|p1a: Talonflame
|-damage|p1a: Talonflame|0 fnt
|faint|p1a: Talonflame
|
|-heal|p2a: Claydol|244\/324|[from] item: Leftovers
|
|switch|p1a: Scizor|Scizor, F|299\/299
|-damage|p1a: Scizor|262\/299|[from] Stealth Rock
|turn|21
|
|move|p2a: Claydol|Protect|p2a: Claydol
|-singleturn|p2a: Claydol|Protect
|move|p1a: Scizor|Swords Dance|p1a: Scizor
|-boost|p1a: Scizor|atk|2
|
|-heal|p2a: Claydol|264\/324|[from] item: Leftovers
|turn|22
|
|move|p1a: Scizor|Swords Dance|p1a: Scizor
|-boost|p1a: Scizor|atk|2
|move|p2a: Claydol|Earthquake|p1a: Scizor
|-crit|p1a: Scizor
|-damage|p1a: Scizor|133\/299
|
|-heal|p2a: Claydol|284\/324|[from] item: Leftovers
|turn|23
|
|move|p1a: Scizor|Bug Bite|p2a: Claydol
|-supereffective|p2a: Claydol
|-damage|p2a: Claydol|0 fnt
|-damage|p1a: Scizor|104\/299|[from] item: Life Orb
|faint|p2a: Claydol
|
|
|switch|p2a: Spiritomb|Spiritomb, M|262\/262
|-damage|p2a: Spiritomb|230\/262|[from] Stealth Rock
|-ability|p2a: Spiritomb|Pressure
|turn|24
|
|move|p2a: Spiritomb|Sucker Punch|p1a: Scizor
|-damage|p1a: Scizor|0 fnt
|faint|p1a: Scizor
|
|
|switch|p1a: Landorus-Therian|Landorus-Therian, M|319\/319
|-damage|p1a: Landorus-Therian|280\/319|[from] Stealth Rock
|-ability|p1a: Landorus-Therian|Intimidate|[of] p2a: Spiritomb
|-unboost|p2a: Spiritomb|atk|1
|turn|25
|
|move|p1a: Landorus-Therian|U-turn|p2a: Spiritomb
|-damage|p2a: Spiritomb|158\/262
|
|switch|p1a: Breloom|Breloom, M|261\/261
|-damage|p1a: Breloom|245\/261|[from] Stealth Rock
|move|p2a: Spiritomb|Will-O-Wisp|p1a: Breloom|[miss]
|-miss|p2a: Spiritomb|p1a: Breloom
|
|turn|26
|
|switch|p1a: Latios|Latios, M|213\/301
|-damage|p1a: Latios|176\/301|[from] Stealth Rock
|move|p2a: Spiritomb|Will-O-Wisp|p1a: Latios|[miss]
|-miss|p2a: Spiritomb|p1a: Latios
|
|turn|27
|
|move|p2a: Spiritomb|Protect|p2a: Spiritomb
|-singleturn|p2a: Spiritomb|Protect
|move|p1a: Latios|Draco Meteor|p2a: Spiritomb
|-activate|p2a: Spiritomb|Protect
|
|turn|28
|
|move|p2a: Spiritomb|Sucker Punch|p1a: Latios
|-fail|p1a: Latios
|move|p1a: Latios|Thunder Wave|p2a: Spiritomb
|-status|p2a: Spiritomb|par
|
|turn|29
|
|cant|p2a: Spiritomb|par
|move|p1a: Latios|Draco Meteor|p2a: Spiritomb
|-damage|p2a: Spiritomb|0 fnt
|-unboost|p1a: Latios|spa|2
|-damage|p1a: Latios|146\/301|[from] item: Life Orb
|faint|p2a: Spiritomb
|
|
|switch|p2a: Amoonguss|Amoonguss, M|367\/432
|-damage|p2a: Amoonguss|313\/432|[from] Stealth Rock
|turn|30
|
|switch|p1a: Breloom|Breloom, M|245\/261
|-damage|p1a: Breloom|229\/261|[from] Stealth Rock
|move|p2a: Amoonguss|Spore|p1a: Breloom
|-fail|p1a: Breloom
|
|-heal|p2a: Amoonguss|340\/432|[from] item: Black Sludge
|turn|31
|
|move|p1a: Breloom|Mach Punch|p2a: Amoonguss
|-resisted|p2a: Amoonguss
|-damage|p2a: Amoonguss|282\/432
|-damage|p1a: Breloom|203\/261|[from] item: Life Orb
|move|p2a: Amoonguss|Substitute|p2a: Amoonguss
|-start|p2a: Amoonguss|Substitute
|-damage|p2a: Amoonguss|174\/432
|
|-heal|p2a: Amoonguss|201\/432|[from] item: Black Sludge
|turn|32
|
|move|p1a: Breloom|Bullet Seed|p2a: Amoonguss
|-resisted|p2a: Amoonguss
|-activate|p2a: Amoonguss|Substitute|[damage]
|-resisted|p2a: Amoonguss
|-activate|p2a: Amoonguss|Substitute|[damage]
|-resisted|p2a: Amoonguss
|-activate|p2a: Amoonguss|Substitute|[damage]
|-resisted|p2a: Amoonguss
|-activate|p2a: Amoonguss|Substitute|[damage]
|-resisted|p2a: Amoonguss
|-activate|p2a: Amoonguss|Substitute|[damage]
|-hitcount|p2a: Amoonguss|5
|move|p2a: Amoonguss|Giga Drain|p1a: Breloom
|-resisted|p1a: Breloom
|-damage|p1a: Breloom|148\/261
|-heal|p2a: Amoonguss|229\/432|[from] drain|[of] p1a: Breloom
|
|-heal|p2a: Amoonguss|256\/432|[from] item: Black Sludge
|turn|33
|
|move|p2a: Amoonguss|Protect|p2a: Amoonguss
|-singleturn|p2a: Amoonguss|Protect
|move|p1a: Breloom|Bullet Seed|p2a: Amoonguss
|-activate|p2a: Amoonguss|Protect
|
|-heal|p2a: Amoonguss|283\/432|[from] item: Black Sludge
|turn|34
|
|move|p1a: Breloom|Bullet Seed|p2a: Amoonguss
|-resisted|p2a: Amoonguss
|-end|p2a: Amoonguss|Substitute
|-resisted|p2a: Amoonguss
|-damage|p2a: Amoonguss|265\/432
|-resisted|p2a: Amoonguss
|-damage|p2a: Amoonguss|246\/432
|-resisted|p2a: Amoonguss
|-damage|p2a: Amoonguss|225\/432
|-hitcount|p2a: Amoonguss|4
|-damage|p1a: Breloom|122\/261|[from] item: Life Orb
|move|p2a: Amoonguss|Giga Drain|p1a: Breloom
|-crit|p1a: Breloom
|-resisted|p1a: Breloom
|-damage|p1a: Breloom|38\/261
|-heal|p2a: Amoonguss|267\/432|[from] drain|[of] p1a: Breloom
|
|-heal|p2a: Amoonguss|294\/432|[from] item: Black Sludge
|turn|35
|
|-singleturn|p1a: Breloom|move: Focus Punch
|move|p2a: Amoonguss|Giga Drain|p1a: Breloom
|-resisted|p1a: Breloom
|-damage|p1a: Breloom|0 fnt
|-heal|p2a: Amoonguss|313\/432|[from] drain|[of] p1a: Breloom
|faint|p1a: Breloom
|
|-heal|p2a: Amoonguss|340\/432|[from] item: Black Sludge
|
|switch|p1a: Latios|Latios, M|146\/301
|-damage|p1a: Latios|109\/301|[from] Stealth Rock
|turn|36
|
|move|p2a: Amoonguss|Protect|p2a: Amoonguss
|-singleturn|p2a: Amoonguss|Protect
|move|p1a: Latios|Draco Meteor|p2a: Amoonguss
|-activate|p2a: Amoonguss|Protect
|
|-heal|p2a: Amoonguss|367\/432|[from] item: Black Sludge
|turn|37
|
|move|p1a: Latios|Draco Meteor|p2a: Amoonguss|[miss]
|-miss|p1a: Latios|p2a: Amoonguss
|move|p2a: Amoonguss|Spore|p1a: Latios
|-status|p1a: Latios|slp
|
|-heal|p2a: Amoonguss|394\/432|[from] item: Black Sludge
|turn|38
|
|cant|p1a: Latios|slp
|move|p2a: Amoonguss|Substitute|p2a: Amoonguss
|-start|p2a: Amoonguss|Substitute
|-damage|p2a: Amoonguss|286\/432
|
|-heal|p2a: Amoonguss|313\/432|[from] item: Black Sludge
|turn|39
|
|-curestatus|p1a: Latios|slp
|move|p1a: Latios|Draco Meteor|p2a: Amoonguss
|-crit|p2a: Amoonguss
|-end|p2a: Amoonguss|Substitute
|-unboost|p1a: Latios|spa|2
|-damage|p1a: Latios|79\/301|[from] item: Life Orb
|move|p2a: Amoonguss|Giga Drain|p1a: Latios
|-resisted|p1a: Latios
|-damage|p1a: Latios|46\/301
|-heal|p2a: Amoonguss|330\/432|[from] drain|[of] p1a: Latios
|
|-heal|p2a: Amoonguss|357\/432|[from] item: Black Sludge
|turn|40
|
|move|p2a: Amoonguss|Protect|p2a: Amoonguss
|-singleturn|p2a: Amoonguss|Protect
|move|p1a: Latios|Thunder Wave|p2a: Amoonguss
|-activate|p2a: Amoonguss|Protect
|
|-heal|p2a: Amoonguss|384\/432|[from] item: Black Sludge
|turn|41
|
|move|p1a: Latios|Thunder Wave|p2a: Amoonguss
|-status|p2a: Amoonguss|par
|move|p2a: Amoonguss|Spore|p1a: Latios
|-status|p1a: Latios|slp
|
|-heal|p2a: Amoonguss|411\/432 par|[from] item: Black Sludge
|turn|42
|
|cant|p1a: Latios|slp
|move|p2a: Amoonguss|Giga Drain|p1a: Latios
|-resisted|p1a: Latios
|-damage|p1a: Latios|8\/301 slp
|-heal|p2a: Amoonguss|430\/432 par|[from] drain|[of] p1a: Latios
|
|-heal|p2a: Amoonguss|432\/432 par|[from] item: Black Sludge
|turn|43
|
|switch|p1a: Landorus-Therian|Landorus-Therian, M|280\/319
|-damage|p1a: Landorus-Therian|241\/319|[from] Stealth Rock
|-ability|p1a: Landorus-Therian|Intimidate|[of] p2a: Amoonguss
|-unboost|p2a: Amoonguss|atk|1
|cant|p2a: Amoonguss|par
|
|turn|44
|
|move|p2a: Amoonguss|Protect|p2a: Amoonguss
|-singleturn|p2a: Amoonguss|Protect
|move|p1a: Landorus-Therian|Stone Edge|p2a: Amoonguss
|-activate|p2a: Amoonguss|Protect
|
|turn|45
|
|move|p1a: Landorus-Therian|Stone Edge|p2a: Amoonguss
|-crit|p2a: Amoonguss
|-damage|p2a: Amoonguss|272\/432 par
|move|p2a: Amoonguss|Giga Drain|p1a: Landorus-Therian
|-damage|p1a: Landorus-Therian|154\/319
|-heal|p2a: Amoonguss|316\/432 par|[from] drain|[of] p1a: Landorus-Therian
|
|-heal|p2a: Amoonguss|343\/432 par|[from] item: Black Sludge
|turn|46
|
|move|p1a: Landorus-Therian|Stone Edge|p2a: Amoonguss|[miss]
|-miss|p1a: Landorus-Therian|p2a: Amoonguss
|move|p2a: Amoonguss|Giga Drain|p1a: Landorus-Therian
|-damage|p1a: Landorus-Therian|63\/319
|-heal|p2a: Amoonguss|389\/432 par|[from] drain|[of] p1a: Landorus-Therian
|
|-heal|p2a: Amoonguss|416\/432 par|[from] item: Black Sludge
|turn|47
|
|move|p1a: Landorus-Therian|Stone Edge|p2a: Amoonguss
|-damage|p2a: Amoonguss|298\/432 par
|move|p2a: Amoonguss|Giga Drain|p1a: Landorus-Therian
|-damage|p1a: Landorus-Therian|0 fnt
|-heal|p2a: Amoonguss|330\/432 par|[from] drain|[of] p1a: Landorus-Therian
|faint|p1a: Landorus-Therian
|
|-heal|p2a: Amoonguss|357\/432 par|[from] item: Black Sludge
|
|switch|p1a: Latios|Latios, M|8\/301 slp
|-damage|p1a: Latios|0 fnt|[from] Stealth Rock
|faint|p1a: Latios
|
|win|ihatehandlan
|raw|Ladder updating...
|raw|miasmata's rating: 1124 &rarr; <strong>1098<\/strong><br \/>(-26 for losing)
|raw|ihatehandlan's rating: 1112 &rarr; <strong>1138<\/strong><br \/>(+26 for winning)