|join|miasmata
|join|TheMundane
|player|p1|miasmata|169
|player|p2|TheMundane|224
|gametype|singles
|gen|6
|tier|OU
|rated
|clearpoke
|poke|p1|Cradily, F
|poke|p1|Slowbro, F
|poke|p1|Clefable, F
|poke|p1|Raikou
|poke|p1|Keldeo
|poke|p1|Landorus-Therian, M
|poke|p2|Charizard, M
|poke|p2|Landorus-Therian, M
|poke|p2|Heatran, F
|poke|p2|Latias, F
|poke|p2|Keldeo-Resolute
|poke|p2|Ferrothorn, M
|rule|Swagger Clause: Swagger is banned
|rule|Baton Pass Clause: Limit one PokÃ©mon knowing Baton Pass
|rule|Sleep Clause Mod: Limit one foe put to sleep
|rule|Species Clause: Limit one of each PokÃ©mon
|rule|OHKO Clause: OHKO moves are banned
|rule|Moody Clause: Moody is banned
|rule|Evasion Moves Clause: Evasion moves are banned
|rule|Endless Battle Clause: Forcing endless battles is banned
|rule|HP Percentage Mod: HP is shown in percentages
|teampreview
|
|start
|switch|p1a: Cradily|Cradily, F|375\/375
|switch|p2a: Ferrothorn|Ferrothorn, M|352\/352
|turn|1
|
|move|p1a: Cradily|Stealth Rock|p2a: Ferrothorn
|-sidestart|p2: TheMundane|move: Stealth Rock
|move|p2a: Ferrothorn|Knock Off|p1a: Cradily
|-damage|p1a: Cradily|319\/375
|-enditem|p1a: Cradily|Leftovers|[from] move: Knock Off|[of] p2a: Ferrothorn
|
|turn|2
|
|switch|p1a: Slowbro|Slowbro, F|394\/394
|move|p2a: Ferrothorn|Gyro Ball|p1a: Slowbro
|-crit|p1a: Slowbro
|-resisted|p1a: Slowbro
|-damage|p1a: Slowbro|352\/394
|
|turn|3
|
|switch|p2a: Latias|Latias, F|319\/319
|-damage|p2a: Latias|280\/319|[from] Stealth Rock
|move|p1a: Slowbro|Calm Mind|p1a: Slowbro
|-boost|p1a: Slowbro|spa|1
|-boost|p1a: Slowbro|spd|1
|
|turn|4
|
|move|p2a: Latias|Defog|p1a: Slowbro
|-unboost|p1a: Slowbro|evasion|1
|-sideend|p2: TheMundane|Stealth Rock|[from] move: Defog|[of] p2a: Latias
|move|p1a: Slowbro|Calm Mind|p1a: Slowbro
|-boost|p1a: Slowbro|spa|1
|-boost|p1a: Slowbro|spd|1
|
|turn|5
|
|switch|p2a: Ferrothorn|Ferrothorn, M|352\/352
|detailschange|p1a: Slowbro|Slowbro-Mega, F
|-mega|p1a: Slowbro|Slowbro|Slowbronite
|move|p1a: Slowbro|Scald|p2a: Ferrothorn
|-resisted|p2a: Ferrothorn
|-damage|p2a: Ferrothorn|270\/352
|-status|p2a: Ferrothorn|brn
|
|-heal|p2a: Ferrothorn|292\/352 brn|[from] item: Leftovers
|-damage|p2a: Ferrothorn|248\/352 brn|[from] brn
|turn|6
|
|move|p1a: Slowbro|Calm Mind|p1a: Slowbro
|-boost|p1a: Slowbro|spa|1
|-boost|p1a: Slowbro|spd|1
|move|p2a: Ferrothorn|Leech Seed|p1a: Slowbro
|-start|p1a: Slowbro|move: Leech Seed
|
|-heal|p2a: Ferrothorn|270\/352 brn|[from] item: Leftovers
|-damage|p1a: Slowbro|303\/394|[from] Leech Seed|[of] p2a: Ferrothorn
|-heal|p2a: Ferrothorn|319\/352 brn|[silent]
|-damage|p2a: Ferrothorn|275\/352 brn|[from] brn
|turn|7
|
|switch|p2a: Keldeo-Resolute|Keldeo-Resolute|323\/323
|move|p1a: Slowbro|Calm Mind|p1a: Slowbro
|-boost|p1a: Slowbro|spa|1
|-boost|p1a: Slowbro|spd|1
|
|-damage|p1a: Slowbro|254\/394|[from] Leech Seed|[of] p2a: Keldeo-Resolute
|turn|8
|
|move|p2a: Keldeo-Resolute|Substitute|p2a: Keldeo-Resolute
|-start|p2a: Keldeo-Resolute|Substitute
|-damage|p2a: Keldeo-Resolute|243\/323
|move|p1a: Slowbro|Psyshock|p2a: Keldeo-Resolute
|-supereffective|p2a: Keldeo-Resolute
|-end|p2a: Keldeo-Resolute|Substitute
|
|-heal|p2a: Keldeo-Resolute|263\/323|[from] item: Leftovers
|-damage|p1a: Slowbro|205\/394|[from] Leech Seed|[of] p2a: Keldeo-Resolute
|-heal|p2a: Keldeo-Resolute|312\/323|[silent]
|turn|9
|
|move|p2a: Keldeo-Resolute|Calm Mind|p2a: Keldeo-Resolute
|-boost|p2a: Keldeo-Resolute|spa|1
|-boost|p2a: Keldeo-Resolute|spd|1
|move|p1a: Slowbro|Slack Off|p1a: Slowbro
|-heal|p1a: Slowbro|394\/394
|
|-heal|p2a: Keldeo-Resolute|323\/323|[from] item: Leftovers
|-damage|p1a: Slowbro|345\/394|[from] Leech Seed|[of] p2a: Keldeo-Resolute
|turn|10
|
|move|p2a: Keldeo-Resolute|Substitute|p2a: Keldeo-Resolute
|-start|p2a: Keldeo-Resolute|Substitute
|-damage|p2a: Keldeo-Resolute|243\/323
|move|p1a: Slowbro|Psyshock|p2a: Keldeo-Resolute
|-supereffective|p2a: Keldeo-Resolute
|-end|p2a: Keldeo-Resolute|Substitute
|
|-heal|p2a: Keldeo-Resolute|263\/323|[from] item: Leftovers
|-damage|p1a: Slowbro|296\/394|[from] Leech Seed|[of] p2a: Keldeo-Resolute
|-heal|p2a: Keldeo-Resolute|312\/323|[silent]
|turn|11
|
|move|p2a: Keldeo-Resolute|Substitute|p2a: Keldeo-Resolute
|-start|p2a: Keldeo-Resolute|Substitute
|-damage|p2a: Keldeo-Resolute|232\/323
|move|p1a: Slowbro|Psyshock|p2a: Keldeo-Resolute
|-supereffective|p2a: Keldeo-Resolute
|-end|p2a: Keldeo-Resolute|Substitute
|
|-heal|p2a: Keldeo-Resolute|252\/323|[from] item: Leftovers
|-damage|p1a: Slowbro|247\/394|[from] Leech Seed|[of] p2a: Keldeo-Resolute
|-heal|p2a: Keldeo-Resolute|301\/323|[silent]
|turn|12
|
|move|p2a: Keldeo-Resolute|Substitute|p2a: Keldeo-Resolute
|-start|p2a: Keldeo-Resolute|Substitute
|-damage|p2a: Keldeo-Resolute|221\/323
|move|p1a: Slowbro|Scald|p2a: Keldeo-Resolute
|-resisted|p2a: Keldeo-Resolute
|-end|p2a: Keldeo-Resolute|Substitute
|
|-heal|p2a: Keldeo-Resolute|241\/323|[from] item: Leftovers
|-damage|p1a: Slowbro|198\/394|[from] Leech Seed|[of] p2a: Keldeo-Resolute
|-heal|p2a: Keldeo-Resolute|290\/323|[silent]
|turn|13
|
|move|p2a: Keldeo-Resolute|Substitute|p2a: Keldeo-Resolute
|-start|p2a: Keldeo-Resolute|Substitute
|-damage|p2a: Keldeo-Resolute|210\/323
|move|p1a: Slowbro|Psyshock|p2a: Keldeo-Resolute
|-supereffective|p2a: Keldeo-Resolute
|-end|p2a: Keldeo-Resolute|Substitute
|
|-heal|p2a: Keldeo-Resolute|230\/323|[from] item: Leftovers
|-damage|p1a: Slowbro|149\/394|[from] Leech Seed|[of] p2a: Keldeo-Resolute
|-heal|p2a: Keldeo-Resolute|279\/323|[silent]
|turn|14
|
|move|p2a: Keldeo-Resolute|Calm Mind|p2a: Keldeo-Resolute
|-boost|p2a: Keldeo-Resolute|spa|1
|-boost|p2a: Keldeo-Resolute|spd|1
|move|p1a: Slowbro|Slack Off|p1a: Slowbro
|-heal|p1a: Slowbro|346\/394
|
|-heal|p2a: Keldeo-Resolute|299\/323|[from] item: Leftovers
|-damage|p1a: Slowbro|297\/394|[from] Leech Seed|[of] p2a: Keldeo-Resolute
|-heal|p2a: Keldeo-Resolute|323\/323|[silent]
|turn|15
|
|move|p2a: Keldeo-Resolute|Substitute|p2a: Keldeo-Resolute
|-start|p2a: Keldeo-Resolute|Substitute
|-damage|p2a: Keldeo-Resolute|243\/323
|move|p1a: Slowbro|Psyshock|p2a: Keldeo-Resolute
|-supereffective|p2a: Keldeo-Resolute
|-end|p2a: Keldeo-Resolute|Substitute
|
|-heal|p2a: Keldeo-Resolute|263\/323|[from] item: Leftovers
|-damage|p1a: Slowbro|248\/394|[from] Leech Seed|[of] p2a: Keldeo-Resolute
|-heal|p2a: Keldeo-Resolute|312\/323|[silent]
|turn|16
|
|move|p2a: Keldeo-Resolute|Substitute|p2a: Keldeo-Resolute
|-start|p2a: Keldeo-Resolute|Substitute
|-damage|p2a: Keldeo-Resolute|232\/323
|move|p1a: Slowbro|Psyshock|p2a: Keldeo-Resolute
|-supereffective|p2a: Keldeo-Resolute
|-end|p2a: Keldeo-Resolute|Substitute
|
|-heal|p2a: Keldeo-Resolute|252\/323|[from] item: Leftovers
|-damage|p1a: Slowbro|199\/394|[from] Leech Seed|[of] p2a: Keldeo-Resolute
|-heal|p2a: Keldeo-Resolute|301\/323|[silent]
|turn|17
|
|move|p2a: Keldeo-Resolute|Substitute|p2a: Keldeo-Resolute
|-start|p2a: Keldeo-Resolute|Substitute
|-damage|p2a: Keldeo-Resolute|221\/323
|move|p1a: Slowbro|Psyshock|p2a: Keldeo-Resolute
|-supereffective|p2a: Keldeo-Resolute
|-end|p2a: Keldeo-Resolute|Substitute
|
|-heal|p2a: Keldeo-Resolute|241\/323|[from] item: Leftovers
|-damage|p1a: Slowbro|150\/394|[from] Leech Seed|[of] p2a: Keldeo-Resolute
|-heal|p2a: Keldeo-Resolute|290\/323|[silent]
|turn|18
|
|move|p2a: Keldeo-Resolute|Substitute|p2a: Keldeo-Resolute
|-start|p2a: Keldeo-Resolute|Substitute
|-damage|p2a: Keldeo-Resolute|210\/323
|move|p1a: Slowbro|Slack Off|p1a: Slowbro
|-heal|p1a: Slowbro|347\/394
|
|-heal|p2a: Keldeo-Resolute|230\/323|[from] item: Leftovers
|-damage|p1a: Slowbro|298\/394|[from] Leech Seed|[of] p2a: Keldeo-Resolute
|-heal|p2a: Keldeo-Resolute|279\/323|[silent]
|turn|19
|
|move|p2a: Keldeo-Resolute|Scald|p1a: Slowbro
|-resisted|p1a: Slowbro
|-damage|p1a: Slowbro|253\/394
|-status|p1a: Slowbro|brn
|move|p1a: Slowbro|Psyshock|p2a: Keldeo-Resolute
|-supereffective|p2a: Keldeo-Resolute
|-end|p2a: Keldeo-Resolute|Substitute
|
|-heal|p2a: Keldeo-Resolute|299\/323|[from] item: Leftovers
|-damage|p1a: Slowbro|204\/394 brn|[from] Leech Seed|[of] p2a: Keldeo-Resolute
|-heal|p2a: Keldeo-Resolute|323\/323|[silent]
|-damage|p1a: Slowbro|155\/394 brn|[from] brn
|turn|20
|
|move|p2a: Keldeo-Resolute|Substitute|p2a: Keldeo-Resolute
|-start|p2a: Keldeo-Resolute|Substitute
|-damage|p2a: Keldeo-Resolute|243\/323
|move|p1a: Slowbro|Psyshock|p2a: Keldeo-Resolute
|-supereffective|p2a: Keldeo-Resolute
|-end|p2a: Keldeo-Resolute|Substitute
|
|-heal|p2a: Keldeo-Resolute|263\/323|[from] item: Leftovers
|-damage|p1a: Slowbro|106\/394 brn|[from] Leech Seed|[of] p2a: Keldeo-Resolute
|-heal|p2a: Keldeo-Resolute|312\/323|[silent]
|-damage|p1a: Slowbro|57\/394 brn|[from] brn
|turn|21
|
|move|p2a: Keldeo-Resolute|Secret Sword|p1a: Slowbro
|-resisted|p1a: Slowbro
|-damage|p1a: Slowbro|0 fnt
|faint|p1a: Slowbro
|
|-heal|p2a: Keldeo-Resolute|323\/323|[from] item: Leftovers
|-message|miasmata forfeited.
|leave|miasmata
|
|win|TheMundane
|raw|Ladder updating...
|player|p1
|raw|miasmata's rating: 1704 &rarr; <strong>1683<\/strong><br \/>(-21 for losing)
|raw|TheMundane's rating: 1694 &rarr; <strong>1715<\/strong><br \/>(+21 for winning)