|join|miasmata
|join|TheSkyAboveUs
|player|p1|miasmata|101
|player|p2|TheSkyAboveUs|109
|gametype|singles
|gen|6
|tier|OU
|rated
|clearpoke
|poke|p1|Cradily, M
|poke|p1|Slowbro, M
|poke|p1|Clefable, F
|poke|p1|Raikou
|poke|p1|Keldeo
|poke|p1|Landorus-Therian, M
|poke|p2|Gardevoir, F
|poke|p2|Heatran, F
|poke|p2|Quagsire, M
|poke|p2|Latios, M
|poke|p2|Keldeo-Resolute
|poke|p2|Gliscor, M, shiny
|rule|Swagger Clause: Swagger is banned
|rule|Baton Pass Clause: Limit one PokÃ©mon knowing Baton Pass
|rule|Sleep Clause Mod: Limit one foe put to sleep
|rule|Species Clause: Limit one of each PokÃ©mon
|rule|OHKO Clause: OHKO moves are banned
|rule|Moody Clause: Moody is banned
|rule|Evasion Moves Clause: Evasion moves are banned
|rule|Endless Battle Clause: Forcing endless battles is banned
|rule|HP Percentage Mod: HP is shown in percentages
|teampreview
|
|start
|switch|p1a: Raikou|Raikou|321\/321
|switch|p2a: Keldeo-Resolute|Keldeo-Resolute|323\/323
|-ability|p1a: Raikou|Pressure
|turn|1
|
|switch|p2a: Gliscor|Gliscor, M, shiny|352\/352
|switch|p1a: Cradily|Cradily, M|375\/375
|
|-status|p2a: Gliscor|tox|[from] item: Toxic Orb
|turn|2
|
|move|p2a: Gliscor|Knock Off|p1a: Cradily
|-damage|p1a: Cradily|322\/375
|-enditem|p1a: Cradily|Leftovers|[from] move: Knock Off|[of] p2a: Gliscor
|move|p1a: Cradily|Stealth Rock|p2a: Gliscor
|-sidestart|p2: TheSkyAboveUs|move: Stealth Rock
|
|turn|3
|
|switch|p2a: Latios|Latios, M|301\/301
|-damage|p2a: Latios|264\/301|[from] Stealth Rock
|move|p1a: Cradily|Giga Drain|p2a: Latios
|-resisted|p2a: Latios
|-damage|p2a: Latios|227\/301
|-heal|p1a: Cradily|341\/375|[from] drain|[of] p2a: Latios
|
|turn|4
|
|move|p2a: Latios|Defog|p1a: Cradily
|-unboost|p1a: Cradily|evasion|1
|-sideend|p2: TheSkyAboveUs|Stealth Rock|[from] move: Defog|[of] p2a: Latios
|move|p1a: Cradily|Toxic|p2a: Latios
|-status|p2a: Latios|tox
|
|-damage|p2a: Latios|209\/301 tox|[from] psn
|turn|5
|
|switch|p2a: Heatran|Heatran, F|386\/386
|move|p1a: Cradily|Recover|p1a: Cradily
|-heal|p1a: Cradily|375\/375
|
|turn|6
|
|move|p2a: Heatran|Stealth Rock|p1a: Cradily
|-sidestart|p1: miasmata|move: Stealth Rock
|move|p1a: Cradily|Stealth Rock|p2a: Heatran
|-sidestart|p2: TheSkyAboveUs|move: Stealth Rock
|
|turn|7
|
|switch|p1a: Clefable|Clefable, F|394\/394
|move|p2a: Heatran|Roar|p1a: Clefable
|drag|p1a: Keldeo|Keldeo|322\/322
|-damage|p1a: Keldeo|302\/322|[from] Stealth Rock
|
|turn|8
|
|move|p2a: Heatran|Protect|p2a: Heatran
|-singleturn|p2a: Heatran|Protect
|move|p1a: Keldeo|Hydro Pump|p2a: Heatran
|-activate|p2a: Heatran|Protect
|
|turn|9
|
|switch|p2a: Keldeo-Resolute|Keldeo-Resolute|323\/323
|-damage|p2a: Keldeo-Resolute|303\/323|[from] Stealth Rock
|move|p1a: Keldeo|Hydro Pump|p2a: Keldeo-Resolute
|-resisted|p2a: Keldeo-Resolute
|-damage|p2a: Keldeo-Resolute|151\/323
|
|turn|10
|
|switch|p2a: Gardevoir|Gardevoir, F|277\/277
|-damage|p2a: Gardevoir|243\/277|[from] Stealth Rock
|-ability|p2a: Gardevoir|Justified|[from] ability: Trace|[of] p1a: Keldeo
|switch|p1a: Slowbro|Slowbro, M|394\/394
|-damage|p1a: Slowbro|345\/394|[from] Stealth Rock
|
|turn|11
|
|switch|p1a: Cradily|Cradily, M|375\/375
|-damage|p1a: Cradily|329\/375|[from] Stealth Rock
|detailschange|p2a: Gardevoir|Gardevoir-Mega, F
|-mega|p2a: Gardevoir|Gardevoir|Gardevoirite
|move|p2a: Gardevoir|Hyper Voice|p1a: Cradily
|-damage|p1a: Cradily|100\/375
|
|turn|12
|
|move|p2a: Gardevoir|Hyper Voice|p1a: Cradily
|-damage|p1a: Cradily|0 fnt
|faint|p1a: Cradily
|
|
|switch|p1a: Raikou|Raikou|321\/321
|-damage|p1a: Raikou|281\/321|[from] Stealth Rock
|-ability|p1a: Raikou|Pressure
|turn|13
|
|switch|p2a: Heatran|Heatran, F|386\/386
|-damage|p2a: Heatran|338\/386|[from] Stealth Rock
|move|p1a: Raikou|Shadow Ball|p2a: Heatran
|-damage|p2a: Heatran|282\/386
|
|-heal|p1a: Raikou|301\/321|[from] item: Leftovers
|-heal|p2a: Heatran|306\/386|[from] item: Leftovers
|turn|14
|
|move|p1a: Raikou|Volt Switch|p2a: Heatran
|-damage|p2a: Heatran|230\/386
|
|switch|p1a: Clefable|Clefable, F|394\/394
|move|p2a: Heatran|Roar|p1a: Clefable
|drag|p1a: Slowbro|Slowbro, M|394\/394
|-damage|p1a: Slowbro|345\/394|[from] Stealth Rock
|
|-heal|p2a: Heatran|254\/386|[from] item: Leftovers
|turn|15
|raw|<div class="broadcast-blue"><b>The VGC 2015 format has been removed because it is exactly the same as Battle Spot Doubles. You can continue playing with VGC 2015 rules by playing on the Battle Spot Doubles format.<\/b><\/div>
|
|switch|p2a: Gardevoir|Gardevoir-Mega, F|243\/277
|-damage|p2a: Gardevoir|209\/277|[from] Stealth Rock
|detailschange|p1a: Slowbro|Slowbro-Mega, M
|-mega|p1a: Slowbro|Slowbro|Slowbronite
|move|p1a: Slowbro|Scald|p2a: Gardevoir
|-damage|p2a: Gardevoir|116\/277
|
|turn|16
|
|move|p2a: Gardevoir|Taunt|p1a: Slowbro
|-start|p1a: Slowbro|move: Taunt
|move|p1a: Slowbro|Scald|p2a: Gardevoir
|-damage|p2a: Gardevoir|23\/277
|
|turn|17
|
|move|p2a: Gardevoir|Hyper Voice|p1a: Slowbro
|-damage|p1a: Slowbro|117\/394
|move|p1a: Slowbro|Scald|p2a: Gardevoir
|-damage|p2a: Gardevoir|0 fnt
|faint|p2a: Gardevoir
|
|
|switch|p2a: Latios|Latios, M|209\/301 tox
|-damage|p2a: Latios|172\/301 tox|[from] Stealth Rock
|turn|18
|
|switch|p1a: Clefable|Clefable, F|394\/394
|move|p2a: Latios|Psychic|p1a: Clefable
|-damage|p1a: Clefable|164\/394
|-damage|p2a: Latios|142\/301 tox|[from] item: Life Orb
|
|-heal|p1a: Clefable|188\/394|[from] item: Leftovers
|-damage|p2a: Latios|124\/301 tox|[from] psn
|turn|19
|
|switch|p1a: Slowbro|Slowbro-Mega, M|117\/394
|-damage|p1a: Slowbro|68\/394|[from] Stealth Rock
|move|p2a: Latios|Psychic|p1a: Slowbro
|-resisted|p1a: Slowbro
|-damage|p1a: Slowbro|0 fnt
|-damage|p2a: Latios|94\/301 tox|[from] item: Life Orb
|faint|p1a: Slowbro
|
|-damage|p2a: Latios|58\/301 tox|[from] psn
|
|switch|p1a: Landorus-Therian|Landorus-Therian, M|319\/319
|-damage|p1a: Landorus-Therian|280\/319|[from] Stealth Rock
|-ability|p1a: Landorus-Therian|Intimidate|[of] p2a: Latios
|-unboost|p2a: Latios|atk|1
|turn|20
|
|switch|p2a: Gliscor|Gliscor, M, shiny|352\/352 tox
|-damage|p2a: Gliscor|308\/352 tox|[from] Stealth Rock
|move|p1a: Landorus-Therian|U-turn|p2a: Gliscor
|-resisted|p2a: Gliscor
|-damage|p2a: Gliscor|270\/352 tox
|
|switch|p1a: Clefable|Clefable, F|188\/394
|
|-heal|p1a: Clefable|212\/394|[from] item: Leftovers
|-heal|p2a: Gliscor|314\/352 tox|[from] ability: Poison Heal
|turn|21
|
|move|p2a: Gliscor|Swords Dance|p2a: Gliscor
|-boost|p2a: Gliscor|atk|2
|move|p1a: Clefable|Soft-Boiled|p1a: Clefable
|-heal|p1a: Clefable|394\/394
|
|-heal|p2a: Gliscor|352\/352 tox|[from] ability: Poison Heal
|turn|22
|
|switch|p1a: Landorus-Therian|Landorus-Therian, M|280\/319
|-damage|p1a: Landorus-Therian|241\/319|[from] Stealth Rock
|-ability|p1a: Landorus-Therian|Intimidate|[of] p2a: Gliscor
|-unboost|p2a: Gliscor|atk|1
|move|p2a: Gliscor|Earthquake|p1a: Landorus-Therian
|-immune|p1a: Landorus-Therian|[msg]
|
|turn|23
|
|move|p1a: Landorus-Therian|U-turn|p2a: Gliscor
|-resisted|p2a: Gliscor
|-damage|p2a: Gliscor|315\/352 tox
|
|switch|p1a: Keldeo|Keldeo|302\/322
|-damage|p1a: Keldeo|282\/322|[from] Stealth Rock
|move|p2a: Gliscor|Earthquake|p1a: Keldeo
|-damage|p1a: Keldeo|89\/322
|
|-heal|p2a: Gliscor|352\/352 tox|[from] ability: Poison Heal
|turn|24
|
|switch|p2a: Latios|Latios, M|58\/301 tox
|-damage|p2a: Latios|21\/301 tox|[from] Stealth Rock
|move|p1a: Keldeo|Hydro Pump|p2a: Latios|[miss]
|-miss|p1a: Keldeo|p2a: Latios
|
|-damage|p2a: Latios|3\/301 tox|[from] psn
|turn|25
|
|switch|p1a: Landorus-Therian|Landorus-Therian, M|241\/319
|-damage|p1a: Landorus-Therian|202\/319|[from] Stealth Rock
|-ability|p1a: Landorus-Therian|Intimidate|[of] p2a: Latios
|-unboost|p2a: Latios|atk|1
|move|p2a: Latios|Psychic|p1a: Landorus-Therian
|-damage|p1a: Landorus-Therian|0 fnt
|-damage|p2a: Latios|0 fnt|[from] item: Life Orb
|faint|p1a: Landorus-Therian
|faint|p2a: Latios
|
|
|switch|p2a: Keldeo-Resolute|Keldeo-Resolute|151\/323
|switch|p1a: Keldeo|Keldeo|89\/322
|-damage|p2a: Keldeo-Resolute|131\/323|[from] Stealth Rock
|-damage|p1a: Keldeo|69\/322|[from] Stealth Rock
|turn|26
|
|switch|p1a: Clefable|Clefable, F|394\/394
|move|p2a: Keldeo-Resolute|Secret Sword|p1a: Clefable
|-resisted|p1a: Clefable
|-damage|p1a: Clefable|323\/394
|
|-heal|p1a: Clefable|347\/394|[from] item: Leftovers
|turn|27
|
|switch|p2a: Gliscor|Gliscor, M, shiny|352\/352 tox
|-damage|p2a: Gliscor|308\/352 tox|[from] Stealth Rock
|move|p1a: Clefable|Calm Mind|p1a: Clefable
|-boost|p1a: Clefable|spa|1
|-boost|p1a: Clefable|spd|1
|
|-heal|p1a: Clefable|371\/394|[from] item: Leftovers
|-heal|p2a: Gliscor|352\/352 tox|[from] ability: Poison Heal
|turn|28
|
|move|p2a: Gliscor|Swords Dance|p2a: Gliscor
|-boost|p2a: Gliscor|atk|2
|move|p1a: Clefable|Moonblast|p2a: Gliscor
|-damage|p2a: Gliscor|210\/352 tox
|-unboost|p2a: Gliscor|spa|1
|
|-heal|p1a: Clefable|394\/394|[from] item: Leftovers
|-heal|p2a: Gliscor|254\/352 tox|[from] ability: Poison Heal
|turn|29
|
|move|p2a: Gliscor|Earthquake|p1a: Clefable
|-damage|p1a: Clefable|210\/394
|move|p1a: Clefable|Moonblast|p2a: Gliscor
|-damage|p2a: Gliscor|94\/352 tox
|-unboost|p2a: Gliscor|spa|1
|
|-heal|p1a: Clefable|234\/394|[from] item: Leftovers
|-heal|p2a: Gliscor|138\/352 tox|[from] ability: Poison Heal
|turn|30
|
|move|p2a: Gliscor|Roost|p2a: Gliscor
|-heal|p2a: Gliscor|314\/352 tox
|move|p1a: Clefable|Moonblast|p2a: Gliscor
|-damage|p2a: Gliscor|173\/352 tox
|
|-heal|p1a: Clefable|258\/394|[from] item: Leftovers
|-heal|p2a: Gliscor|217\/352 tox|[from] ability: Poison Heal
|turn|31
|
|move|p2a: Gliscor|Earthquake|p1a: Clefable
|-damage|p1a: Clefable|59\/394
|move|p1a: Clefable|Soft-Boiled|p1a: Clefable
|-heal|p1a: Clefable|256\/394
|
|-heal|p1a: Clefable|280\/394|[from] item: Leftovers
|-heal|p2a: Gliscor|261\/352 tox|[from] ability: Poison Heal
|turn|32
|
|move|p2a: Gliscor|Earthquake|p1a: Clefable
|-crit|p1a: Clefable
|-damage|p1a: Clefable|1\/394
|move|p1a: Clefable|Soft-Boiled|p1a: Clefable
|-heal|p1a: Clefable|198\/394
|
|-heal|p1a: Clefable|222\/394|[from] item: Leftovers
|-heal|p2a: Gliscor|305\/352 tox|[from] ability: Poison Heal
|turn|33
|
|switch|p1a: Keldeo|Keldeo|69\/322
|-damage|p1a: Keldeo|49\/322|[from] Stealth Rock
|move|p2a: Gliscor|Swords Dance|p2a: Gliscor
|-boost|p2a: Gliscor|atk|2
|
|-heal|p2a: Gliscor|349\/352 tox|[from] ability: Poison Heal
|turn|34
|
|switch|p2a: Heatran|Heatran, F|254\/386
|-damage|p2a: Heatran|206\/386|[from] Stealth Rock
|move|p1a: Keldeo|Scald|p2a: Heatran
|-supereffective|p2a: Heatran
|-damage|p2a: Heatran|0 fnt
|faint|p2a: Heatran
|
|
|switch|p2a: Keldeo-Resolute|Keldeo-Resolute|131\/323
|-damage|p2a: Keldeo-Resolute|111\/323|[from] Stealth Rock
|turn|35
|
|switch|p2a: Gliscor|Gliscor, M, shiny|349\/352 tox
|-damage|p2a: Gliscor|305\/352 tox|[from] Stealth Rock
|switch|p1a: Raikou|Raikou|301\/321
|-damage|p1a: Raikou|261\/321|[from] Stealth Rock
|-ability|p1a: Raikou|Pressure
|
|-heal|p1a: Raikou|281\/321|[from] item: Leftovers
|-heal|p2a: Gliscor|349\/352 tox|[from] ability: Poison Heal
|turn|36
|
|move|p1a: Raikou|Hidden Power|p2a: Gliscor
|-crit|p2a: Gliscor
|-supereffective|p2a: Gliscor
|-damage|p2a: Gliscor|13\/352 tox
|move|p2a: Gliscor|Earthquake|p1a: Raikou
|-supereffective|p1a: Raikou
|-damage|p1a: Raikou|5\/321
|
|-heal|p1a: Raikou|25\/321|[from] item: Leftovers
|-heal|p2a: Gliscor|57\/352 tox|[from] ability: Poison Heal
|turn|37
|
|switch|p2a: Quagsire|Quagsire, M|394\/394
|-damage|p2a: Quagsire|370\/394|[from] Stealth Rock
|move|p1a: Raikou|Shadow Ball|p2a: Quagsire
|-damage|p2a: Quagsire|240\/394
|-unboost|p2a: Quagsire|spd|1
|
|-heal|p1a: Raikou|45\/321|[from] item: Leftovers
|-heal|p2a: Quagsire|264\/394|[from] item: Leftovers
|turn|38
|
|move|p1a: Raikou|Shadow Ball|p2a: Quagsire
|-damage|p2a: Quagsire|77\/394
|move|p2a: Quagsire|Earthquake|p1a: Raikou
|-supereffective|p1a: Raikou
|-damage|p1a: Raikou|0 fnt
|faint|p1a: Raikou
|
|-heal|p2a: Quagsire|101\/394|[from] item: Leftovers
|
|switch|p1a: Clefable|Clefable, F|222\/394
|turn|39
|
|switch|p2a: Gliscor|Gliscor, M, shiny|57\/352 tox
|-damage|p2a: Gliscor|13\/352 tox|[from] Stealth Rock
|move|p1a: Clefable|Calm Mind|p1a: Clefable
|-boost|p1a: Clefable|spa|1
|-boost|p1a: Clefable|spd|1
|
|-heal|p1a: Clefable|246\/394|[from] item: Leftovers
|-heal|p2a: Gliscor|57\/352 tox|[from] ability: Poison Heal
|turn|40
|
|move|p2a: Gliscor|Roost|p2a: Gliscor
|-heal|p2a: Gliscor|233\/352 tox
|move|p1a: Clefable|Calm Mind|p1a: Clefable
|-boost|p1a: Clefable|spa|1
|-boost|p1a: Clefable|spd|1
|
|-heal|p1a: Clefable|270\/394|[from] item: Leftovers
|-heal|p2a: Gliscor|277\/352 tox|[from] ability: Poison Heal
|turn|41
|
|move|p2a: Gliscor|Swords Dance|p2a: Gliscor
|-boost|p2a: Gliscor|atk|2
|move|p1a: Clefable|Moonblast|p2a: Gliscor
|-damage|p2a: Gliscor|78\/352 tox
|
|-heal|p1a: Clefable|294\/394|[from] item: Leftovers
|-heal|p2a: Gliscor|122\/352 tox|[from] ability: Poison Heal
|turn|42
|
|move|p2a: Gliscor|Earthquake|p1a: Clefable
|-damage|p1a: Clefable|104\/394
|move|p1a: Clefable|Soft-Boiled|p1a: Clefable
|-heal|p1a: Clefable|301\/394
|
|-heal|p1a: Clefable|325\/394|[from] item: Leftovers
|-heal|p2a: Gliscor|166\/352 tox|[from] ability: Poison Heal
|turn|43
|
|move|p2a: Gliscor|Roost|p2a: Gliscor
|-heal|p2a: Gliscor|342\/352 tox
|move|p1a: Clefable|Moonblast|p2a: Gliscor
|-damage|p2a: Gliscor|158\/352 tox
|
|-heal|p1a: Clefable|349\/394|[from] item: Leftovers
|-heal|p2a: Gliscor|202\/352 tox|[from] ability: Poison Heal
|turn|44
|
|move|p2a: Gliscor|Earthquake|p1a: Clefable
|-damage|p1a: Clefable|145\/394
|move|p1a: Clefable|Moonblast|p2a: Gliscor
|-damage|p2a: Gliscor|16\/352 tox
|
|-heal|p1a: Clefable|169\/394|[from] item: Leftovers
|-heal|p2a: Gliscor|60\/352 tox|[from] ability: Poison Heal
|turn|45
|
|move|p2a: Gliscor|Earthquake|p1a: Clefable
|-damage|p1a: Clefable|0 fnt
|faint|p1a: Clefable
|
|-heal|p2a: Gliscor|104\/352 tox|[from] ability: Poison Heal
|
|switch|p1a: Keldeo|Keldeo|49\/322
|-damage|p1a: Keldeo|29\/322|[from] Stealth Rock
|turn|46
|c|âTheSkyAboveUs|nice game man
|
|move|p1a: Keldeo|Scald|p2a: Gliscor
|-supereffective|p2a: Gliscor
|-damage|p2a: Gliscor|0 fnt
|faint|p2a: Gliscor
|
|
|switch|p2a: Keldeo-Resolute|Keldeo-Resolute|111\/323
|-damage|p2a: Keldeo-Resolute|91\/323|[from] Stealth Rock
|turn|47
|c|âTheSkyAboveUs|im scarf
|
|move|p2a: Keldeo-Resolute|Secret Sword|p1a: Keldeo
|-damage|p1a: Keldeo|0 fnt
|faint|p1a: Keldeo
|
|win|TheSkyAboveUs
|raw|Ladder updating...
|raw|miasmata's rating: 1707 &rarr; <strong>1676<\/strong><br \/>(-31 for losing)
|raw|TheSkyAboveUs's rating: 1502 &rarr; <strong>1532<\/strong><br \/>(+30 for winning)
|leave|miasmata
|player|p1