|join|Patrick Not-Star
|join|KidKazam
|player|p1|Patrick Not-Star|66
|player|p2|KidKazam|56
|gametype|singles
|gen|6
|tier|ORAS OU
|rated
|rule|Sleep Clause Mod: Limit one foe put to sleep
|rule|Species Clause: Limit one of each PokÃ©mon
|rule|OHKO Clause: OHKO moves are banned
|rule|Moody Clause: Moody is banned
|rule|Evasion Moves Clause: Evasion moves are banned
|rule|Endless Battle Clause: Forcing endless battles is banned
|rule|HP Percentage Mod: HP is shown in percentages
|clearpoke
|poke|p1|Sableye, M
|poke|p1|Gengar, F
|poke|p1|Froslass, F
|poke|p1|Rotom
|poke|p1|Chandelure, F
|poke|p1|Dusknoir, M
|poke|p2|Salamence, M, shiny
|poke|p2|Mamoswine, M
|poke|p2|Latias, F
|poke|p2|Ferrothorn, M
|poke|p2|Chandelure, F
|poke|p2|Breloom, M
|rule|Swagger Clause: Swagger is banned
|rule|Baton Pass Clause: Limit one PokÃ©mon knowing Baton Pass
|teampreview
|
|start
|switch|p1a: Sableye|Sableye, M|304\/304
|switch|p2a: Breloom|Breloom, M|262\/262
|turn|1
|
|switch|p2a: Chandelure|Chandelure, F|301\/301
|move|p1a: Sableye|Will-O-Wisp|p2a: Chandelure
|-start|p2a: Chandelure|ability: Flash Fire
|
|turn|2
|
|detailschange|p1a: Sableye|Sableye-Mega, M
|message|Sableye has Mega Evolved into Mega Sableye!
|move|p2a: Chandelure|Fire Blast|p1a: Sableye
|-damage|p1a: Sableye|100\/304
|move|p1a: Sableye|Knock Off|p2a: Chandelure
|-supereffective|p2a: Chandelure
|-damage|p2a: Chandelure|65\/301
|-enditem|p2a: Chandelure|Leftovers|[from] move: Knock Off|[of] p1a: Sableye
|
|turn|3
|
|switch|p1a: Chandelure|Chandelure, F|261\/261
|move|p2a: Chandelure|Shadow Ball|p1a: Chandelure
|-supereffective|p1a: Chandelure
|-damage|p1a: Chandelure|0 fnt
|faint|p1a: Chandelure
|
|
|switch|p1a: Gengar|Gengar, F|262\/262
|turn|4
|
|move|p1a: Gengar|Shadow Ball|p2a: Chandelure
|-supereffective|p2a: Chandelure
|-damage|p2a: Chandelure|0 fnt
|faint|p2a: Chandelure
|
|
|switch|p2a: Breloom|Breloom, M|262\/262
|turn|5
|
|move|p1a: Gengar|Sludge Wave|p2a: Breloom
|-supereffective|p2a: Breloom
|-enditem|p2a: Breloom|Focus Sash
|-damage|p2a: Breloom|1\/262
|-status|p2a: Breloom|psn
|move|p2a: Breloom|Spore|p1a: Gengar
|-status|p1a: Gengar|slp
|
|-damage|p2a: Breloom|0 fnt|[from] psn
|faint|p2a: Breloom
|
|switch|p2a: Salamence|Salamence, M, shiny|332\/332
|-ability|p2a: Salamence|Intimidate|[of] p1a: Gengar
|-unboost|p1a: Gengar|atk|1
|turn|6
|
|switch|p1a: Dusknoir|Dusknoir, M|294\/294
|-ability|p1a: Dusknoir|Pressure
|detailschange|p2a: Salamence|Salamence-Mega, M, shiny
|message|Salamence has Mega Evolved into Mega Salamence!
|move|p2a: Salamence|Dragon Dance|p2a: Salamence
|-boost|p2a: Salamence|atk|1
|-boost|p2a: Salamence|spe|1
|
|turn|7
|
|move|p2a: Salamence|Return|p1a: Dusknoir
|-damage|p1a: Dusknoir|0 fnt
|faint|p1a: Dusknoir
|
|
|switch|p1a: Froslass|Froslass, F|344\/344
|turn|8
|c|âKidKazam|bbbbbbbbbbbbbbbbbbuuuuuuuuuuuuuuuuuuuuuuumm
|
|move|p1a: Froslass|Ice Shard|p2a: Salamence
|-supereffective|p2a: Salamence
|-damage|p2a: Salamence|208\/332
|move|p2a: Salamence|Return|p1a: Froslass
|-enditem|p1a: Froslass|Focus Sash
|-damage|p1a: Froslass|1\/344
|
|turn|9
|
|move|p2a: Salamence|Return|p1a: Froslass
|-damage|p1a: Froslass|0 fnt
|faint|p1a: Froslass
|
|
|switch|p1a: Rotom|Rotom|241\/241
|turn|10
|
|move|p2a: Salamence|Return|p1a: Rotom
|-resisted|p1a: Rotom
|-damage|p1a: Rotom|0 fnt
|faint|p1a: Rotom
|
|
|switch|p1a: Sableye|Sableye-Mega, M|100\/304
|turn|11
|c|âKidKazam|bAAAAAAAAAAAAAP
|
|move|p2a: Salamence|Return|p1a: Sableye
|-damage|p1a: Sableye|0 fnt
|faint|p1a: Sableye
|
|-message|Patrick Not-Star forfeited.
|
|win|KidKazam
|raw|Ladder updating...
|leave|Patrick Not-Star
|player|p1
|raw|Patrick Not-Star's rating: 1190 &rarr; <strong>1161<\/strong><br \/>(-29 for losing)
|raw|KidKazam's rating: 1138 &rarr; <strong>1167<\/strong><br \/>(+29 for winning)