|join|TShadowKnight
|join|KidKazam
|player|p1|TShadowKnight|238
|player|p2|KidKazam|56
|gametype|singles
|gen|6
|tier|ORAS OU
|rated
|rule|Sleep Clause Mod: Limit one foe put to sleep
|rule|Species Clause: Limit one of each PokÃ©mon
|rule|OHKO Clause: OHKO moves are banned
|rule|Moody Clause: Moody is banned
|rule|Evasion Moves Clause: Evasion moves are banned
|rule|Endless Battle Clause: Forcing endless battles is banned
|rule|HP Percentage Mod: HP is shown in percentages
|clearpoke
|poke|p1|Scolipede, F
|poke|p1|Bisharp, M
|poke|p1|Scizor, F
|poke|p1|Salamence, M
|poke|p1|Rotom-Wash
|poke|p1|Garchomp, F
|poke|p2|Metagross
|poke|p2|Heatran, M
|poke|p2|Rotom-Wash
|poke|p2|Latios, M
|poke|p2|Conkeldurr, F
|poke|p2|Greninja, M
|rule|Swagger Clause: Swagger is banned
|rule|Baton Pass Clause: Limit one PokÃ©mon knowing Baton Pass
|teampreview
|
|start
|switch|p1a: Scolipede|Scolipede, F|262\/262
|switch|p2a: Metagross|Metagross|302\/302
|turn|1
|
|detailschange|p2a: Metagross|Metagross-Mega
|message|Metagross has Mega Evolved into Mega Metagross!
|move|p1a: Scolipede|Spikes|p2a: Metagross
|-sidestart|p2: KidKazam|Spikes
|move|p2a: Metagross|Zen Headbutt|p1a: Scolipede
|-supereffective|p1a: Scolipede
|-enditem|p1a: Scolipede|Focus Sash
|-damage|p1a: Scolipede|1\/262
|
|-boost|p1a: Scolipede|spe|1|[from] ability: Speed Boost
|turn|2
|
|move|p2a: Metagross|Bullet Punch|p1a: Scolipede
|-damage|p1a: Scolipede|0 fnt
|faint|p1a: Scolipede
|
|
|switch|p1a: Rotom-Wash|Rotom-Wash|304\/304
|turn|3
|
|switch|p2a: Conkeldurr|Conkeldurr, F|352\/352
|-damage|p2a: Conkeldurr|308\/352|[from] Spikes
|move|p1a: Rotom-Wash|Volt Switch|p2a: Conkeldurr
|-damage|p2a: Conkeldurr|199\/352
|
|switch|p1a: Salamence|Salamence, M|373\/373
|-ability|p1a: Salamence|Intimidate|[of] p2a: Conkeldurr
|-unboost|p2a: Conkeldurr|atk|1
|
|turn|4
|
|detailschange|p1a: Salamence|Salamence-Mega, M
|message|Salamence has Mega Evolved into Mega Salamence!
|move|p1a: Salamence|Substitute|p1a: Salamence
|-start|p1a: Salamence|Substitute
|-damage|p1a: Salamence|280\/373
|move|p2a: Conkeldurr|Ice Punch|p1a: Salamence
|-supereffective|p1a: Salamence
|-end|p1a: Salamence|Substitute
|
|turn|5
|
|move|p1a: Salamence|Return|p2a: Conkeldurr
|-supereffective|p2a: Conkeldurr
|-damage|p2a: Conkeldurr|0 fnt
|faint|p2a: Conkeldurr
|
|
|switch|p2a: Greninja|Greninja, M|285\/285
|-damage|p2a: Greninja|250\/285|[from] Spikes
|turn|6
|
|switch|p1a: Scizor|Scizor, F|344\/344
|move|p2a: Greninja|Ice Beam|p1a: Scizor
|-start|p2a: Greninja|typechange|Ice|[from] Protean
|-resisted|p1a: Scizor
|-damage|p1a: Scizor|244\/344
|-damage|p2a: Greninja|222\/285|[from] item: Life Orb
|
|turn|7
|
|move|p1a: Scizor|Pursuit|p2a: Greninja|[from]Pursuit
|-damage|p2a: Greninja|13\/285
|switch|p2a: Heatran|Heatran, M|386\/386
|-damage|p2a: Heatran|338\/386|[from] Spikes
|
|-heal|p2a: Heatran|362\/386|[from] item: Leftovers
|turn|8
|
|switch|p1a: Rotom-Wash|Rotom-Wash|304\/304
|move|p2a: Heatran|Stealth Rock|p1a: Rotom-Wash
|-sidestart|p1: TShadowKnight|move: Stealth Rock
|
|-heal|p2a: Heatran|386\/386|[from] item: Leftovers
|turn|9
|
|move|p2a: Heatran|Protect|p2a: Heatran
|-singleturn|p2a: Heatran|Protect
|move|p1a: Rotom-Wash|Volt Switch|p2a: Heatran
|-activate|p2a: Heatran|Protect
|
|turn|10
|
|move|p1a: Rotom-Wash|Volt Switch|p2a: Heatran
|-damage|p2a: Heatran|262\/386
|
|switch|p1a: Garchomp|Garchomp, F|358\/358
|-damage|p1a: Garchomp|336\/358|[from] Stealth Rock
|move|p2a: Heatran|Roar|p1a: Garchomp
|drag|p1a: Bisharp|Bisharp, M|272\/272
|-damage|p1a: Bisharp|255\/272|[from] Stealth Rock
|
|-heal|p2a: Heatran|286\/386|[from] item: Leftovers
|turn|11
|
|switch|p1a: Garchomp|Garchomp, F|336\/358
|-damage|p1a: Garchomp|314\/358|[from] Stealth Rock
|move|p2a: Heatran|Lava Plume|p1a: Garchomp
|-resisted|p1a: Garchomp
|-damage|p1a: Garchomp|246\/358
|
|-heal|p2a: Heatran|310\/386|[from] item: Leftovers
|turn|12
|
|switch|p2a: Greninja|Greninja, M|13\/285
|-damage|p2a: Greninja|0 fnt|[from] Spikes
|faint|p2a: Greninja
|move|p1a: Garchomp|Stealth Rock|p2: Greninja
|-sidestart|p2: KidKazam|move: Stealth Rock
|
|
|switch|p2a: Metagross|Metagross-Mega|302\/302
|-damage|p2a: Metagross|284\/302|[from] Stealth Rock
|-damage|p2a: Metagross|247\/302|[from] Spikes
|turn|13
|
|move|p2a: Metagross|Zen Headbutt|p1a: Garchomp
|-damage|p1a: Garchomp|33\/358
|-damage|p2a: Metagross|210\/302|[from] ability: Rough Skin|[of] p1a: Garchomp
|cant|p1a: Garchomp|flinch
|
|turn|14
|
|move|p2a: Metagross|Earthquake|p1a: Garchomp
|-damage|p1a: Garchomp|0 fnt
|faint|p1a: Garchomp
|
|
|switch|p1a: Rotom-Wash|Rotom-Wash|304\/304
|-damage|p1a: Rotom-Wash|266\/304|[from] Stealth Rock
|turn|15
|
|move|p2a: Metagross|Zen Headbutt|p1a: Rotom-Wash
|-damage|p1a: Rotom-Wash|74\/304
|move|p1a: Rotom-Wash|Thunderbolt|p2a: Metagross
|-damage|p2a: Metagross|0 fnt
|faint|p2a: Metagross
|
|
|switch|p2a: Heatran|Heatran, M|310\/386
|-damage|p2a: Heatran|262\/386|[from] Spikes
|-damage|p2a: Heatran|214\/386|[from] Stealth Rock
|turn|16
|
|move|p1a: Rotom-Wash|Thunderbolt|p2a: Heatran
|-damage|p2a: Heatran|52\/386
|move|p2a: Heatran|Lava Plume|p1a: Rotom-Wash
|-resisted|p1a: Rotom-Wash
|-damage|p1a: Rotom-Wash|18\/304
|-status|p1a: Rotom-Wash|brn
|
|-heal|p2a: Heatran|76\/386|[from] item: Leftovers
|-damage|p1a: Rotom-Wash|0 fnt|[from] brn
|faint|p1a: Rotom-Wash
|
|switch|p1a: Salamence|Salamence-Mega, M|280\/373
|-damage|p1a: Salamence|187\/373|[from] Stealth Rock
|turn|17
|
|move|p1a: Salamence|Return|p2a: Heatran
|-resisted|p2a: Heatran
|-damage|p2a: Heatran|0 fnt
|faint|p2a: Heatran
|
|
|switch|p2a: Rotom-Wash|Rotom-Wash|304\/304
|-damage|p2a: Rotom-Wash|266\/304|[from] Stealth Rock
|turn|18
|
|move|p1a: Salamence|Substitute|p1a: Salamence
|-start|p1a: Salamence|Substitute
|-damage|p1a: Salamence|94\/373
|move|p2a: Rotom-Wash|Volt Switch|p1a: Salamence
|-activate|p1a: Salamence|Substitute|[damage]
|
|switch|p2a: Latios|Latios, M|302\/302
|-damage|p2a: Latios|265\/302|[from] Stealth Rock
|
|turn|19
|
|move|p2a: Latios|Psyshock|p1a: Salamence
|-end|p1a: Salamence|Substitute
|move|p1a: Salamence|Return|p2a: Latios
|-damage|p2a: Latios|0 fnt
|faint|p2a: Latios
|
|
|switch|p2a: Rotom-Wash|Rotom-Wash|266\/304
|-damage|p2a: Rotom-Wash|228\/304|[from] Stealth Rock
|turn|20
|
|move|p1a: Salamence|Substitute|p1a: Salamence
|-start|p1a: Salamence|Substitute
|-damage|p1a: Salamence|1\/373
|move|p2a: Rotom-Wash|Volt Switch|p1a: Salamence
|-activate|p1a: Salamence|Substitute|[damage]
|
|-heal|p2a: Rotom-Wash|247\/304|[from] item: Leftovers
|turn|21
|
|move|p1a: Salamence|Roost|p1a: Salamence
|-heal|p1a: Salamence|188\/373
|move|p2a: Rotom-Wash|Volt Switch|p1a: Salamence
|-resisted|p1a: Salamence
|-end|p1a: Salamence|Substitute
|
|-heal|p2a: Rotom-Wash|266\/304|[from] item: Leftovers
|turn|22
|
|move|p1a: Salamence|Substitute|p1a: Salamence
|-start|p1a: Salamence|Substitute
|-damage|p1a: Salamence|95\/373
|move|p2a: Rotom-Wash|Volt Switch|p1a: Salamence
|-activate|p1a: Salamence|Substitute|[damage]
|
|-heal|p2a: Rotom-Wash|285\/304|[from] item: Leftovers
|turn|23
|
|move|p1a: Salamence|Roost|p1a: Salamence
|-heal|p1a: Salamence|282\/373
|move|p2a: Rotom-Wash|Volt Switch|p1a: Salamence
|-resisted|p1a: Salamence
|-end|p1a: Salamence|Substitute
|
|-heal|p2a: Rotom-Wash|304\/304|[from] item: Leftovers
|turn|24
|
|move|p1a: Salamence|Substitute|p1a: Salamence
|-start|p1a: Salamence|Substitute
|-damage|p1a: Salamence|189\/373
|move|p2a: Rotom-Wash|Volt Switch|p1a: Salamence
|-activate|p1a: Salamence|Substitute|[damage]
|
|turn|25
|
|move|p1a: Salamence|Roost|p1a: Salamence
|-heal|p1a: Salamence|373\/373
|move|p2a: Rotom-Wash|Volt Switch|p1a: Salamence
|-resisted|p1a: Salamence
|-end|p1a: Salamence|Substitute
|
|turn|26
|
|move|p1a: Salamence|Substitute|p1a: Salamence
|-start|p1a: Salamence|Substitute
|-damage|p1a: Salamence|280\/373
|move|p2a: Rotom-Wash|Volt Switch|p1a: Salamence
|-activate|p1a: Salamence|Substitute|[damage]
|
|turn|27
|
|move|p1a: Salamence|Dragon Dance|p1a: Salamence
|-boost|p1a: Salamence|atk|1
|-boost|p1a: Salamence|spe|1
|move|p2a: Rotom-Wash|Volt Switch|p1a: Salamence
|-end|p1a: Salamence|Substitute
|
|turn|28
|
|move|p1a: Salamence|Substitute|p1a: Salamence
|-start|p1a: Salamence|Substitute
|-damage|p1a: Salamence|187\/373
|move|p2a: Rotom-Wash|Volt Switch|p1a: Salamence
|-activate|p1a: Salamence|Substitute|[damage]
|
|turn|29
|-message|KidKazam forfeited.
|
|win|TShadowKnight
|raw|Ladder updating...
|leave|KidKazam
|player|p2