|join|Patodragon.v30
|join|KidKazam
|player|p1|Patodragon.v30|169
|player|p2|KidKazam|56
|gametype|singles
|gen|6
|tier|ORAS OU
|rated
|rule|Sleep Clause Mod: Limit one foe put to sleep
|rule|Species Clause: Limit one of each PokÃ©mon
|rule|OHKO Clause: OHKO moves are banned
|rule|Moody Clause: Moody is banned
|rule|Evasion Moves Clause: Evasion moves are banned
|rule|Endless Battle Clause: Forcing endless battles is banned
|rule|HP Percentage Mod: HP is shown in percentages
|clearpoke
|poke|p1|Salamence, M
|poke|p1|Magnezone
|poke|p1|Magneton, shiny
|poke|p1|Wobbuffet, F, shiny
|poke|p1|Gothitelle, M
|poke|p1|Dugtrio, M
|poke|p2|Politoed, F
|poke|p2|Kabutops, M
|poke|p2|Kingdra, M
|poke|p2|Landorus-Therian, M
|poke|p2|Ferrothorn, M
|poke|p2|Heracross, M, shiny
|rule|Swagger Clause: Swagger is banned
|rule|Baton Pass Clause: Limit one PokÃ©mon knowing Baton Pass
|teampreview
|
|start
|switch|p1a: NOT UBER|Wobbuffet, F, shiny|529\/529
|switch|p2a: Kabutops|Kabutops, M|262\/262
|turn|1
|
|move|p2a: Kabutops|Stone Edge|p1a: NOT UBER
|-damage|p1a: NOT UBER|303\/529
|-damage|p2a: Kabutops|236\/262|[from] item: Life Orb
|move|p1a: NOT UBER|Encore|p2a: Kabutops
|-start|p2a: Kabutops|Encore
|
|turn|2
|
|move|p2a: Kabutops|Stone Edge|p1a: NOT UBER
|-damage|p1a: NOT UBER|83\/529
|-damage|p2a: Kabutops|210\/262|[from] item: Life Orb
|-enditem|p1a: NOT UBER|Sitrus Berry|[eat]
|-heal|p1a: NOT UBER|215\/529|[from] item: Sitrus Berry
|move|p1a: NOT UBER|Counter|p2a: Kabutops
|-damage|p2a: Kabutops|0 fnt
|faint|p2a: Kabutops
|
|
|switch|p2a: Heracross|Heracross, M, shiny|302\/302
|turn|3
|
|switch|p1a: UBER|Salamence, M|391\/391
|-ability|p1a: UBER|Intimidate|[of] p2a: Heracross
|-unboost|p2a: Heracross|atk|1
|detailschange|p2a: Heracross|Heracross-Mega, M, shiny
|message|Heracross has Mega Evolved into Mega Heracross!
|move|p2a: Heracross|Rock Blast|p1a: UBER
|-supereffective|p1a: UBER
|-damage|p1a: UBER|337\/391
|-crit|p1a: UBER
|-supereffective|p1a: UBER
|-damage|p1a: UBER|211\/391
|-supereffective|p1a: UBER
|-damage|p1a: UBER|151\/391
|-supereffective|p1a: UBER
|-damage|p1a: UBER|89\/391
|-supereffective|p1a: UBER
|-damage|p1a: UBER|35\/391
|-hitcount|p1a: UBER|5
|
|turn|4
|
|switch|p2a: Landorus-Therian|Landorus-Therian, M|320\/320
|-ability|p2a: Landorus-Therian|Intimidate|[of] p1a: UBER
|-unboost|p1a: UBER|atk|1
|detailschange|p1a: UBER|Salamence-Mega, M
|message|Salamence has Mega Evolved into Mega Salamence!
|move|p1a: UBER|Roost|p1a: UBER
|-heal|p1a: UBER|231\/391
|
|turn|5
|
|move|p2a: Landorus-Therian|Stone Edge|p1a: UBER
|-supereffective|p1a: UBER
|-damage|p1a: UBER|41\/391
|move|p1a: UBER|Roost|p1a: UBER
|-heal|p1a: UBER|237\/391
|
|turn|6
|
|switch|p2a: Politoed|Politoed, F|384\/384
|-weather|RainDance
|switch|p1a: NOT UBER|Dugtrio, M|212\/212
|
|-weather|RainDance|[upkeep]
|turn|7
|
|move|p1a: NOT UBER|Stealth Rock|p2a: Politoed
|-sidestart|p2: KidKazam|move: Stealth Rock
|move|p2a: Politoed|Scald|p1a: NOT UBER
|-supereffective|p1a: NOT UBER
|-enditem|p1a: NOT UBER|Focus Sash
|-damage|p1a: NOT UBER|1\/212
|
|-weather|RainDance|[upkeep]
|turn|8
|
|move|p1a: NOT UBER|Reversal|p2a: Politoed
|-damage|p2a: Politoed|230\/384
|move|p2a: Politoed|Toxic|p1a: NOT UBER
|-status|p1a: NOT UBER|tox
|
|-weather|RainDance|[upkeep]
|-damage|p1a: NOT UBER|0 fnt|[from] psn
|faint|p1a: NOT UBER
|
|switch|p1a: FUCK STALL|Gothitelle, M|301\/301
|turn|9
|
|move|p1a: FUCK STALL|Trick|p2a: Politoed
|-activate|p1a: FUCK STALL|move: Trick|[of] p2a: Politoed
|-item|p2a: Politoed|Choice Scarf|[from] move: Trick
|-item|p1a: FUCK STALL|Damp Rock|[from] move: Trick
|move|p2a: Politoed|Toxic|p1a: FUCK STALL
|-status|p1a: FUCK STALL|tox
|
|-weather|RainDance|[upkeep]
|-damage|p1a: FUCK STALL|283\/301 tox|[from] psn
|turn|10
|
|move|p2a: Politoed|Toxic|p1a: FUCK STALL
|-fail|p1a: FUCK STALL|tox
|move|p1a: FUCK STALL|Thunderbolt|p2a: Politoed
|-supereffective|p2a: Politoed
|-damage|p2a: Politoed|70\/384
|
|-weather|RainDance|[upkeep]
|-damage|p1a: FUCK STALL|247\/301 tox|[from] psn
|turn|11
|
|move|p2a: Politoed|Toxic|p1a: FUCK STALL
|-fail|p1a: FUCK STALL|tox
|move|p1a: FUCK STALL|Rest|p1a: FUCK STALL
|-status|p1a: FUCK STALL|slp
|-heal|p1a: FUCK STALL|301\/301 slp|[silent]
|-status|p1a: FUCK STALL|slp|[from] move: Rest
|
|-weather|RainDance|[upkeep]
|turn|12
|
|move|p2a: Politoed|Toxic|p1a: FUCK STALL
|-fail|p1a: FUCK STALL
|cant|p1a: FUCK STALL|slp
|
|-weather|RainDance|[upkeep]
|turn|13
|
|move|p2a: Politoed|Toxic|p1a: FUCK STALL
|-fail|p1a: FUCK STALL
|cant|p1a: FUCK STALL|slp
|
|-weather|none
|turn|14
|
|move|p2a: Politoed|Toxic|p1a: FUCK STALL
|-fail|p1a: FUCK STALL
|-curestatus|p1a: FUCK STALL|slp
|move|p1a: FUCK STALL|Trick|p2a: Politoed
|-activate|p1a: FUCK STALL|move: Trick|[of] p2a: Politoed
|-item|p2a: Politoed|Damp Rock|[from] move: Trick
|-item|p1a: FUCK STALL|Choice Scarf|[from] move: Trick
|
|turn|15
|
|move|p1a: FUCK STALL|Psychic|p2a: Politoed
|-damage|p2a: Politoed|0 fnt
|faint|p2a: Politoed
|
|
|switch|p2a: Heracross|Heracross-Mega, M, shiny|302\/302
|-damage|p2a: Heracross|265\/302|[from] Stealth Rock
|turn|16
|
|move|p1a: FUCK STALL|Psychic|p2a: Heracross
|-supereffective|p2a: Heracross
|-damage|p2a: Heracross|29\/302
|move|p2a: Heracross|Pin Missile|p1a: FUCK STALL
|-supereffective|p1a: FUCK STALL
|-damage|p1a: FUCK STALL|169\/301
|-crit|p1a: FUCK STALL
|-supereffective|p1a: FUCK STALL
|-damage|p1a: FUCK STALL|0 fnt
|-hitcount|p1a: FUCK STALL|2
|faint|p1a: FUCK STALL
|
|
|switch|p1a: UBER|Salamence-Mega, M|237\/391
|turn|17
|
|move|p1a: UBER|Frustration|p2a: Heracross
|-supereffective|p2a: Heracross
|-damage|p2a: Heracross|0 fnt
|faint|p2a: Heracross
|
|
|switch|p2a: Landorus-Therian|Landorus-Therian, M|320\/320
|-damage|p2a: Landorus-Therian|280\/320|[from] Stealth Rock
|-ability|p2a: Landorus-Therian|Intimidate|[of] p1a: UBER
|-unboost|p1a: UBER|atk|1
|turn|18
|
|move|p2a: Landorus-Therian|U-turn|p1a: UBER
|-resisted|p1a: UBER
|-damage|p1a: UBER|206\/391
|
|switch|p2a: Ferrothorn|Ferrothorn, M|352\/352
|-damage|p2a: Ferrothorn|330\/352|[from] Stealth Rock
|move|p1a: UBER|Roost|p1a: UBER
|-heal|p1a: UBER|391\/391
|
|-heal|p2a: Ferrothorn|352\/352|[from] item: Leftovers
|turn|19
|
|switch|p1a: NOT UBER|Magnezone|313\/313
|-item|p1a: NOT UBER|Air Balloon
|switch|p2a: Kingdra|Kingdra, M|292\/292
|-damage|p2a: Kingdra|256\/292|[from] Stealth Rock
|
|turn|20
|
|move|p2a: Kingdra|Hydro Pump|p1a: NOT UBER
|-damage|p1a: NOT UBER|28\/313
|-enditem|p1a: NOT UBER|Air Balloon
|move|p1a: NOT UBER|Thunderbolt|p2a: Kingdra
|-damage|p2a: Kingdra|84\/292
|
|turn|21
|
|move|p2a: Kingdra|Hydro Pump|p1a: NOT UBER
|-damage|p1a: NOT UBER|0 fnt
|faint|p1a: NOT UBER
|
|
|switch|p1a: UBER|Salamence-Mega, M|391\/391
|turn|22
|
|switch|p2a: Landorus-Therian|Landorus-Therian, M|280\/320
|-damage|p2a: Landorus-Therian|240\/320|[from] Stealth Rock
|-ability|p2a: Landorus-Therian|Intimidate|[of] p1a: UBER
|-unboost|p1a: UBER|atk|1
|move|p1a: UBER|Dragon Dance|p1a: UBER
|-boost|p1a: UBER|atk|1
|-boost|p1a: UBER|spe|1
|
|turn|23
|
|move|p2a: Landorus-Therian|U-turn|p1a: UBER
|-crit|p1a: UBER
|-resisted|p1a: UBER
|-damage|p1a: UBER|345\/391
|
|switch|p2a: Ferrothorn|Ferrothorn, M|352\/352
|-damage|p2a: Ferrothorn|330\/352|[from] Stealth Rock
|move|p1a: UBER|Dragon Dance|p1a: UBER
|-boost|p1a: UBER|atk|1
|-boost|p1a: UBER|spe|1
|
|-heal|p2a: Ferrothorn|352\/352|[from] item: Leftovers
|turn|24
|
|switch|p2a: Kingdra|Kingdra, M|84\/292
|-damage|p2a: Kingdra|48\/292|[from] Stealth Rock
|move|p1a: UBER|Frustration|p2a: Kingdra
|-damage|p2a: Kingdra|0 fnt
|faint|p2a: Kingdra
|
|
|switch|p2a: Ferrothorn|Ferrothorn, M|352\/352
|-damage|p2a: Ferrothorn|330\/352|[from] Stealth Rock
|turn|25
|
|move|p1a: UBER|Frustration|p2a: Ferrothorn
|-damage|p2a: Ferrothorn|74\/352
|-damage|p1a: UBER|297\/391|[from] ability: Iron Barbs|[of] p2a: Ferrothorn
|move|p2a: Ferrothorn|Gyro Ball|p1a: UBER
|-damage|p1a: UBER|173\/391
|
|-heal|p2a: Ferrothorn|96\/352|[from] item: Leftovers
|turn|26
|
|move|p1a: UBER|Frustration|p2a: Ferrothorn
|-damage|p2a: Ferrothorn|0 fnt
|-damage|p1a: UBER|125\/391|[from] ability: Iron Barbs|[of] p2a: Ferrothorn
|faint|p2a: Ferrothorn
|
|
|switch|p2a: Landorus-Therian|Landorus-Therian, M|240\/320
|-damage|p2a: Landorus-Therian|200\/320|[from] Stealth Rock
|-ability|p2a: Landorus-Therian|Intimidate|[of] p1a: UBER
|-unboost|p1a: UBER|atk|1
|turn|27
|
|move|p1a: UBER|Frustration|p2a: Landorus-Therian
|-damage|p2a: Landorus-Therian|0 fnt
|faint|p2a: Landorus-Therian
|
|win|Patodragon.v30
|raw|Ladder updating...
|raw|Patodragon.v30's rating: 1535 &rarr; <strong>1547<\/strong><br \/>(+12 for winning)
|raw|KidKazam's rating: 1397 &rarr; <strong>1384<\/strong><br \/>(-13 for losing)
|leave|KidKazam
|player|p2