|join|KidKazam
|join|eylee
|player|p1|KidKazam|56
|player|p2|eylee|264
|gametype|singles
|gen|6
|tier|ORAS OU
|rated
|rule|Sleep Clause Mod: Limit one foe put to sleep
|rule|Species Clause: Limit one of each PokÃ©mon
|rule|OHKO Clause: OHKO moves are banned
|rule|Moody Clause: Moody is banned
|rule|Evasion Moves Clause: Evasion moves are banned
|rule|Endless Battle Clause: Forcing endless battles is banned
|rule|HP Percentage Mod: HP is shown in percentages
|clearpoke
|poke|p1|Salamence, F, shiny
|poke|p1|Mamoswine, F
|poke|p1|Latias, F
|poke|p1|Ferrothorn, M
|poke|p1|Chandelure, M
|poke|p1|Breloom, F
|poke|p2|Gothitelle, M
|poke|p2|Politoed, M
|poke|p2|Kabutops, M
|poke|p2|Swampert, F
|poke|p2|Tornadus-Therian, M
|poke|p2|Greninja, M
|rule|Swagger Clause: Swagger is banned
|rule|Baton Pass Clause: Limit one PokÃ©mon knowing Baton Pass
|teampreview
|
|start
|switch|p1a: Salamence|Salamence, F, shiny|332\/332
|switch|p2a: Politoed|Politoed, M|384\/384
|-ability|p1a: Salamence|Intimidate|[of] p2a: Politoed
|-unboost|p2a: Politoed|atk|1
|-weather|RainDance
|turn|1
|
|detailschange|p1a: Salamence|Salamence-Mega, F, shiny
|message|Salamence has Mega Evolved into Mega Salamence!
|move|p1a: Salamence|Substitute|p1a: Salamence
|-start|p1a: Salamence|Substitute
|-damage|p1a: Salamence|249\/332
|move|p2a: Politoed|Ice Beam|p1a: Salamence
|-supereffective|p1a: Salamence
|-end|p1a: Salamence|Substitute
|
|-weather|RainDance|[upkeep]
|turn|2
|
|switch|p1a: Ferrothorn|Ferrothorn, M|352\/352
|switch|p2a: Swampert|Swampert, F|341\/341
|
|-weather|RainDance|[upkeep]
|turn|3
|
|switch|p1a: Salamence|Salamence-Mega, F, shiny|249\/332
|detailschange|p2a: Swampert|Swampert-Mega, F
|message|Swampert has Mega Evolved into Mega Swampert!
|move|p2a: Swampert|Earthquake|p1a: Salamence
|-immune|p1a: Salamence|[msg]
|
|-weather|RainDance|[upkeep]
|turn|4
|
|switch|p1a: Ferrothorn|Ferrothorn, M|352\/352
|move|p2a: Swampert|Stone Edge|p1a: Ferrothorn
|-resisted|p1a: Ferrothorn
|-damage|p1a: Ferrothorn|309\/352
|
|-weather|RainDance|[upkeep]
|turn|5
|
|move|p2a: Swampert|Earthquake|p1a: Ferrothorn
|-damage|p1a: Ferrothorn|194\/352
|move|p1a: Ferrothorn|Leech Seed|p2a: Swampert
|-start|p2a: Swampert|move: Leech Seed
|
|-weather|RainDance|[upkeep]
|-damage|p2a: Swampert|299\/341|[from] Leech Seed|[of] p1a: Ferrothorn
|-heal|p1a: Ferrothorn|236\/352|[silent]
|turn|6
|
|switch|p2a: Tornadus-Therian|Tornadus-Therian, M|299\/299
|switch|p1a: Salamence|Salamence-Mega, F, shiny|249\/332
|
|-weather|RainDance|[upkeep]
|turn|7
|
|switch|p1a: Chandelure|Chandelure, M|301\/301
|move|p2a: Tornadus-Therian|Hurricane|p1a: Chandelure
|-damage|p1a: Chandelure|12\/301
|-start|p1a: Chandelure|confusion
|
|-weather|RainDance|[upkeep]
|-heal|p1a: Chandelure|30\/301|[from] item: Leftovers
|turn|8
|
|move|p2a: Tornadus-Therian|Hurricane|p1a: Chandelure
|-damage|p1a: Chandelure|0 fnt
|faint|p1a: Chandelure
|
|-weather|none
|
|switch|p1a: Breloom|Breloom, F|262\/262
|turn|9
|
|move|p2a: Tornadus-Therian|Hurricane|p1a: Breloom
|-supereffective|p1a: Breloom
|-enditem|p1a: Breloom|Focus Sash
|-damage|p1a: Breloom|1\/262
|-start|p1a: Breloom|confusion
|-activate|p1a: Breloom|confusion
|move|p1a: Breloom|Rock Tomb|p2a: Tornadus-Therian
|-supereffective|p2a: Tornadus-Therian
|-damage|p2a: Tornadus-Therian|23\/299
|-unboost|p2a: Tornadus-Therian|spe|1
|
|turn|10
|
|switch|p2a: Gothitelle|Gothitelle, M|344\/344
|-activate|p1a: Breloom|confusion
|move|p1a: Breloom|Spore|p2a: Gothitelle
|-status|p2a: Gothitelle|slp
|
|turn|11
|
|-end|p1a: Breloom|confusion
|move|p1a: Breloom|Bullet Seed|p2a: Gothitelle
|-damage|p2a: Gothitelle|269\/344 slp
|-crit|p2a: Gothitelle
|-damage|p2a: Gothitelle|163\/344 slp
|-damage|p2a: Gothitelle|94\/344 slp
|-hitcount|p2a: Gothitelle|3
|cant|p2a: Gothitelle|slp
|
|turn|12
|
|move|p1a: Breloom|Bullet Seed|p2a: Gothitelle
|-damage|p2a: Gothitelle|22\/344 slp
|-crit|p2a: Gothitelle
|-damage|p2a: Gothitelle|0 fnt
|-hitcount|p2a: Gothitelle|2
|faint|p2a: Gothitelle
|
|
|switch|p2a: Kabutops|Kabutops, M|262\/262
|turn|13
|
|switch|p1a: Ferrothorn|Ferrothorn, M|236\/352
|move|p2a: Kabutops|Aqua Jet|p1a: Ferrothorn
|-resisted|p1a: Ferrothorn
|-damage|p1a: Ferrothorn|209\/352
|-damage|p2a: Kabutops|230\/262|[from] ability: Iron Barbs|[of] p1a: Ferrothorn
|-damage|p2a: Kabutops|204\/262|[from] item: Life Orb
|
|turn|14
|
|switch|p2a: Politoed|Politoed, M|384\/384
|-weather|RainDance
|move|p1a: Ferrothorn|Gyro Ball|p2a: Politoed
|-resisted|p2a: Politoed
|-damage|p2a: Politoed|300\/384
|
|-weather|RainDance|[upkeep]
|turn|15
|
|move|p2a: Politoed|Encore|p1a: Ferrothorn
|-start|p1a: Ferrothorn|Encore
|move|p1a: Ferrothorn|Gyro Ball|p2a: Politoed
|-resisted|p2a: Politoed
|-damage|p2a: Politoed|222\/384
|
|-weather|RainDance|[upkeep]
|turn|16
|
|switch|p2a: Tornadus-Therian|Tornadus-Therian, M|122\/299
|switch|p1a: Latias|Latias, F|314\/314
|
|-weather|RainDance|[upkeep]
|turn|17
|
|move|p2a: Tornadus-Therian|Hurricane|p1a: Latias
|-crit|p1a: Latias
|-damage|p1a: Latias|0 fnt
|faint|p1a: Latias
|
|-weather|RainDance|[upkeep]
|c|âKidKazam|k jhtese5d6rft7ijhugztdrs53s4d67Ãop+
|
|switch|p1a: Mamoswine|Mamoswine, F|362\/362
|turn|18
|c|âeylee|yes you are indeed garbage
|
|switch|p2a: Swampert|Swampert-Mega, F|299\/341
|move|p1a: Mamoswine|Icicle Spear|p2a: Swampert
|-damage|p2a: Swampert|257\/341
|-damage|p2a: Swampert|218\/341
|-crit|p2a: Swampert
|-damage|p2a: Swampert|152\/341
|-hitcount|p2a: Swampert|3
|
|-weather|RainDance|[upkeep]
|turn|19
|
|switch|p1a: Salamence|Salamence-Mega, F, shiny|249\/332
|move|p2a: Swampert|Waterfall|p1a: Salamence
|-resisted|p1a: Salamence
|-damage|p1a: Salamence|156\/332
|
|-weather|RainDance|[upkeep]
|turn|20
|
|switch|p2a: Tornadus-Therian|Tornadus-Therian, M|221\/299
|switch|p1a: Ferrothorn|Ferrothorn, M|209\/352
|
|-weather|RainDance|[upkeep]
|turn|21
|c|âeylee|damn you suck
|
|move|p2a: Tornadus-Therian|Hurricane|p1a: Ferrothorn
|-damage|p1a: Ferrothorn|0 fnt
|faint|p1a: Ferrothorn
|
|-weather|none
|
|switch|p1a: Mamoswine|Mamoswine, F|362\/362
|turn|22
|
|switch|p2a: Politoed|Politoed, M|222\/384
|-weather|RainDance
|move|p1a: Mamoswine|Icicle Spear|p2a: Politoed
|-resisted|p2a: Politoed
|-damage|p2a: Politoed|192\/384
|-resisted|p2a: Politoed
|-damage|p2a: Politoed|163\/384
|-hitcount|p2a: Politoed|2
|
|-weather|RainDance|[upkeep]
|turn|23
|
|switch|p1a: Salamence|Salamence-Mega, F, shiny|156\/332
|switch|p2a: Tornadus-Therian|Tornadus-Therian, M|299\/299
|
|-weather|RainDance|[upkeep]
|turn|24
|c|âeylee|garbage alert
|
|switch|p1a: Mamoswine|Mamoswine, F|362\/362
|move|p2a: Tornadus-Therian|Hurricane|p1a: Mamoswine
|-damage|p1a: Mamoswine|0 fnt
|faint|p1a: Mamoswine
|
|-weather|RainDance|[upkeep]
|c|âeylee|what was the point of that
|c|âeylee|GG you still suck
|c|âeylee|you sucked all day kid
|c|âeylee|this was a body bag
|c|âeylee|0-5 wreckdt
|c|âeylee|garbage
|c|âeylee|shit crap trash
|c|âeylee|learn to play
|c|âeylee|KID
|c|âKidKazam|I hope you are proud when u are saying that.
|-message|KidKazam forfeited.
|
|win|eylee
|raw|Ladder updating...
|leave|KidKazam
|player|p1
|raw|KidKazam's rating: 1493 &rarr; <strong>1468<\/strong><br \/>(-25 for losing)
|raw|eylee's rating: 1406 &rarr; <strong>1430<\/strong><br \/>(+24 for winning)