|join|pokeaim
|join|KidKazam
|player|p1|pokeaim|143
|player|p2|KidKazam|56
|gametype|singles
|gen|6
|tier|OU
|clearpoke
|poke|p1|Lopunny, M
|poke|p1|Tyranitar, M
|poke|p1|Ferrothorn, F
|poke|p1|Latios, M
|poke|p1|Landorus, M
|poke|p1|Gardevoir, M
|poke|p2|Garchomp, M, shiny
|poke|p2|Beedrill, M, shiny
|poke|p2|Magnezone
|poke|p2|Excadrill, M
|poke|p2|Greninja, M, shiny
|poke|p2|Talonflame, F
|rule|Swagger Clause: Swagger is banned
|rule|Baton Pass Clause: Limit one PokÃ©mon knowing Baton Pass
|rule|Sleep Clause Mod: Limit one foe put to sleep
|rule|Species Clause: Limit one of each PokÃ©mon
|rule|OHKO Clause: OHKO moves are banned
|rule|Moody Clause: Moody is banned
|rule|Evasion Moves Clause: Evasion moves are banned
|rule|Endless Battle Clause: Forcing endless battles is banned
|rule|HP Percentage Mod: HP is shown in percentages
|teampreview
|join|Reviece
|join|Ixame
|join|S Tier Savage Amir
|join|Valentine
|join|Brewmaster
|join|Riful the Zangoose
|join|i made it
|join|wellois the great
|
|start
|switch|p1a: Lopunny|Lopunny, M|271\/271
|switch|p2a: SmogonBird|Talonflame, F|359\/359
|turn|1
|join|ProRapist
|join|strafesta
|
|switch|p2a: CHOMPAH|Garchomp, M, shiny|420\/420
|detailschange|p1a: Lopunny|Lopunny-Mega, M
|message|Lopunny has Mega Evolved into Mega Lopunny!
|move|p1a: Lopunny|Fake Out|p2a: CHOMPAH
|-damage|p2a: CHOMPAH|360\/420
|-damage|p1a: Lopunny|238\/271|[from] ability: Rough Skin|[of] p2a: CHOMPAH
|
|-heal|p2a: CHOMPAH|386\/420|[from] item: Leftovers
|turn|2
|join|Bubby36 Gaming
|join|Wide Lens Shuckle
|c| Wide Lens Shuckle|gl hf
|
|move|p1a: Lopunny|Ice Punch|p2a: CHOMPAH
|-supereffective|p2a: CHOMPAH
|-damage|p2a: CHOMPAH|90\/420
|-damage|p1a: Lopunny|205\/271|[from] ability: Rough Skin|[of] p2a: CHOMPAH
|move|p2a: CHOMPAH|Earthquake|p1a: Lopunny
|-damage|p1a: Lopunny|39\/271
|
|-heal|p2a: CHOMPAH|116\/420|[from] item: Leftovers
|turn|3
|leave|S Tier Savage Amir
|join|blacksol97
|join|monkfishface
|
|move|p1a: Lopunny|High Jump Kick|p2a: CHOMPAH
|-damage|p2a: CHOMPAH|0 fnt
|-damage|p1a: Lopunny|6\/271|[from] ability: Rough Skin|[of] p2a: CHOMPAH
|faint|p2a: CHOMPAH
|
|leave|ProRapist
|
|switch|p2a: SmogonBird|Talonflame, F|359\/359
|turn|4
|
|switch|p1a: Tyranitar|Tyranitar, M|342\/342
|-weather|Sandstorm
|move|p2a: SmogonBird|Will-O-Wisp|p1a: Tyranitar
|-status|p1a: Tyranitar|brn
|
|-weather|Sandstorm|[upkeep]
|-damage|p2a: SmogonBird|337\/359|[from] sandstorm
|-heal|p2a: SmogonBird|359\/359|[from] item: Leftovers
|-damage|p1a: Tyranitar|300\/342 brn|[from] brn
|turn|5
|
|switch|p2a: Drilldo|Excadrill, M|361\/361
|-ability|p2a: Drilldo|Mold Breaker
|move|p1a: Tyranitar|Earthquake|p2a: Drilldo
|-supereffective|p2a: Drilldo
|-damage|p2a: Drilldo|179\/361
|
|-weather|Sandstorm|[upkeep]
|-damage|p1a: Tyranitar|258\/342 brn|[from] brn
|turn|6
|join|KuroKev
|leave|Bubby36 Gaming
|
|switch|p2a: Trapin'|Magnezone|282\/282
|switch|p1a: Landorus|Landorus, M|319\/319
|
|-weather|Sandstorm|[upkeep]
|turn|7
|join|xLorena
|join|lookydooky
|
|switch|p2a: SmogonBird|Talonflame, F|359\/359
|move|p1a: Landorus|Focus Blast|p2a: SmogonBird|[miss]
|-miss|p1a: Landorus|p2a: SmogonBird
|
|-weather|Sandstorm|[upkeep]
|-damage|p2a: SmogonBird|337\/359|[from] sandstorm
|-heal|p2a: SmogonBird|359\/359|[from] item: Leftovers
|turn|8
|leave|wellois the great
|join|fingernails4cash
|
|move|p1a: Landorus|Focus Blast|p2a: SmogonBird
|-resisted|p2a: SmogonBird
|-damage|p2a: SmogonBird|262\/359
|move|p2a: SmogonBird|Will-O-Wisp|p1a: Landorus
|-status|p1a: Landorus|brn
|
|-weather|none
|-heal|p2a: SmogonBird|284\/359|[from] item: Leftovers
|-damage|p1a: Landorus|280\/319 brn|[from] brn
|turn|9
|leave|blacksol97
|
|switch|p1a: Tyranitar|Tyranitar, M|258\/342 brn
|-weather|Sandstorm
|switch|p2a: Drilldo|Excadrill, M|179\/361
|-ability|p2a: Drilldo|Mold Breaker
|
|-weather|Sandstorm|[upkeep]
|-damage|p1a: Tyranitar|216\/342 brn|[from] brn
|turn|10
|
|switch|p1a: Ferrothorn|Ferrothorn, F|352\/352
|move|p2a: Drilldo|Earthquake|p1a: Ferrothorn
|-crit|p1a: Ferrothorn
|-damage|p1a: Ferrothorn|175\/352
|
|-weather|Sandstorm|[upkeep]
|-heal|p1a: Ferrothorn|197\/352|[from] item: Leftovers
|turn|11
|
|switch|p2a: Trapin'|Magnezone|282\/282
|move|p1a: Ferrothorn|Stealth Rock|p2a: Trapin'
|-sidestart|p2: KidKazam|move: Stealth Rock
|
|-weather|Sandstorm|[upkeep]
|-heal|p1a: Ferrothorn|219\/352|[from] item: Leftovers
|turn|12
|
|move|p1a: Ferrothorn|Protect|p1a: Ferrothorn
|-singleturn|p1a: Ferrothorn|Protect
|move|p2a: Trapin'|Hidden Power|p1a: Ferrothorn
|-activate|p1a: Ferrothorn|Protect
|
|-weather|Sandstorm|[upkeep]
|-heal|p1a: Ferrothorn|241\/352|[from] item: Leftovers
|turn|13
|join|Wolfenstein
|
|move|p2a: Trapin'|Hidden Power|p1a: Ferrothorn
|-supereffective|p1a: Ferrothorn
|-damage|p1a: Ferrothorn|0 fnt
|faint|p1a: Ferrothorn
|
|-weather|none
|
|switch|p1a: Lopunny|Lopunny-Mega, M|6\/271
|turn|14
|
|move|p1a: Lopunny|High Jump Kick|p2a: Trapin'
|-supereffective|p2a: Trapin'
|-damage|p2a: Trapin'|0 fnt
|faint|p2a: Trapin'
|
|
|switch|p2a: Drilldo|Excadrill, M|179\/361
|-damage|p2a: Drilldo|168\/361|[from] Stealth Rock
|-ability|p2a: Drilldo|Mold Breaker
|turn|15
|
|switch|p1a: Latios|Latios, M|302\/302
|move|p2a: Drilldo|Rapid Spin|p1a: Latios
|-damage|p1a: Latios|272\/302
|-sideend|p2: KidKazam|Stealth Rock|[from] move: Rapid Spin|[of] p2a: Drilldo
|
|turn|16
|join|Big the Hedgehog
|leave|Wide Lens Shuckle
|
|switch|p2a: SmogonBird|Talonflame, F|284\/359
|move|p1a: Latios|Draco Meteor|p2a: SmogonBird
|-damage|p2a: SmogonBird|7\/359
|-unboost|p1a: Latios|spa|2
|-damage|p1a: Latios|242\/302|[from] item: Life Orb
|
|-heal|p2a: SmogonBird|29\/359|[from] item: Leftovers
|turn|17
|
|switch|p1a: Tyranitar|Tyranitar, M|216\/342 brn
|-weather|Sandstorm
|move|p2a: SmogonBird|Roost|p2a: SmogonBird
|-heal|p2a: SmogonBird|209\/359
|
|-weather|Sandstorm|[upkeep]
|-damage|p2a: SmogonBird|187\/359|[from] sandstorm
|-heal|p2a: SmogonBird|209\/359|[from] item: Leftovers
|-damage|p1a: Tyranitar|174\/342 brn|[from] brn
|turn|18
|
|move|p2a: SmogonBird|Brave Bird|p1a: Tyranitar
|-resisted|p1a: Tyranitar
|-damage|p1a: Tyranitar|117\/342 brn
|-damage|p2a: SmogonBird|190\/359|[from] recoil|[of] p1a: Tyranitar
|move|p1a: Tyranitar|Earthquake|p2a: SmogonBird
|-immune|p2a: SmogonBird|[msg]
|
|-weather|Sandstorm|[upkeep]
|-damage|p2a: SmogonBird|168\/359|[from] sandstorm
|-heal|p2a: SmogonBird|190\/359|[from] item: Leftovers
|-damage|p1a: Tyranitar|75\/342 brn|[from] brn
|turn|19
|join|woolf
|
|move|p2a: SmogonBird|Roost|p2a: SmogonBird
|-heal|p2a: SmogonBird|359\/359
|move|p1a: Tyranitar|Earthquake|p2a: SmogonBird
|-supereffective|p2a: SmogonBird
|-damage|p2a: SmogonBird|197\/359
|
|-weather|Sandstorm|[upkeep]
|-damage|p2a: SmogonBird|175\/359|[from] sandstorm
|-heal|p2a: SmogonBird|197\/359|[from] item: Leftovers
|-damage|p1a: Tyranitar|33\/342 brn|[from] brn
|turn|20
|
|move|p2a: SmogonBird|Brave Bird|p1a: Tyranitar
|-resisted|p1a: Tyranitar
|-damage|p1a: Tyranitar|0 fnt
|-damage|p2a: SmogonBird|186\/359|[from] recoil|[of] p1a: Tyranitar
|faint|p1a: Tyranitar
|
|-weather|Sandstorm|[upkeep]
|-damage|p2a: SmogonBird|164\/359|[from] sandstorm
|-heal|p2a: SmogonBird|186\/359|[from] item: Leftovers
|
|switch|p1a: Latios|Latios, M|242\/302
|turn|21
|
|move|p2a: SmogonBird|Roost|p2a: SmogonBird
|-heal|p2a: SmogonBird|359\/359
|move|p1a: Latios|Roost|p1a: Latios
|-heal|p1a: Latios|302\/302
|
|-weather|none
|turn|22
|
|move|p1a: Latios|Psyshock|p2a: SmogonBird
|-damage|p2a: SmogonBird|93\/359
|-damage|p1a: Latios|272\/302|[from] item: Life Orb
|move|p2a: SmogonBird|Will-O-Wisp|p1a: Latios
|-status|p1a: Latios|brn
|
|-heal|p2a: SmogonBird|115\/359|[from] item: Leftovers
|-damage|p1a: Latios|235\/302 brn|[from] brn
|turn|23
|join|artpoom
|
|switch|p2a: Shenobi|Greninja, M, shiny|285\/285
|move|p1a: Latios|Draco Meteor|p2a: Shenobi
|-damage|p2a: Shenobi|0 fnt
|-unboost|p1a: Latios|spa|2
|-damage|p1a: Latios|205\/302 brn|[from] item: Life Orb
|faint|p2a: Shenobi
|
|-damage|p1a: Latios|168\/302 brn|[from] brn
|
|switch|p2a: Drilldo|Excadrill, M|168\/361
|-ability|p2a: Drilldo|Mold Breaker
|turn|24
|
|move|p2a: Drilldo|Iron Head|p1a: Latios
|-damage|p1a: Latios|0 fnt
|faint|p1a: Latios
|
|
|switch|p1a: Landorus|Landorus, M|280\/319 brn
|turn|25
|
|switch|p2a: Bee Afraid|Beedrill, M, shiny|271\/271
|move|p1a: Landorus|Focus Blast|p2a: Bee Afraid|[miss]
|-miss|p1a: Landorus|p2a: Bee Afraid
|
|-damage|p1a: Landorus|241\/319 brn|[from] brn
|turn|26
|
|detailschange|p2a: Bee Afraid|Beedrill-Mega, M, shiny
|message|Beedrill has Mega Evolved into Mega Beedrill!
|move|p2a: Bee Afraid|Protect|p2a: Bee Afraid
|-singleturn|p2a: Bee Afraid|Protect
|move|p1a: Landorus|Rock Polish|p1a: Landorus
|-boost|p1a: Landorus|spe|2
|
|-damage|p1a: Landorus|202\/319 brn|[from] brn
|turn|27
|
|move|p1a: Landorus|Earth Power|p2a: Bee Afraid
|-damage|p2a: Bee Afraid|0 fnt
|faint|p2a: Bee Afraid
|
|-damage|p1a: Landorus|163\/319 brn|[from] brn
|
|switch|p2a: SmogonBird|Talonflame, F|115\/359
|turn|28
|
|switch|p1a: Lopunny|Lopunny-Mega, M|6\/271
|move|p2a: SmogonBird|Brave Bird|p1a: Lopunny
|-supereffective|p1a: Lopunny
|-damage|p1a: Lopunny|0 fnt
|-damage|p2a: SmogonBird|113\/359|[from] recoil|[of] p1a: Lopunny
|faint|p1a: Lopunny
|
|-heal|p2a: SmogonBird|135\/359|[from] item: Leftovers
|
|switch|p1a: Gardevoir|Gardevoir, M|278\/278
|-ability|p1a: Gardevoir|Gale Wings|[from] ability: Trace|[of] p2a: SmogonBird
|turn|29
|
|move|p2a: SmogonBird|Roost|p2a: SmogonBird
|-heal|p2a: SmogonBird|315\/359
|move|p1a: Gardevoir|Psyshock|p2a: SmogonBird
|-damage|p2a: SmogonBird|140\/359
|
|-heal|p2a: SmogonBird|162\/359|[from] item: Leftovers
|turn|30
|
|move|p2a: SmogonBird|Roost|p2a: SmogonBird
|-heal|p2a: SmogonBird|342\/359
|move|p1a: Gardevoir|Psyshock|p2a: SmogonBird
|-damage|p2a: SmogonBird|167\/359
|
|-heal|p2a: SmogonBird|189\/359|[from] item: Leftovers
|turn|31
|join|Dove2574
|
|move|p1a: Gardevoir|Psyshock|p2a: SmogonBird
|-damage|p2a: SmogonBird|0 fnt
|faint|p2a: SmogonBird
|
|leave|artpoom
|join|artpoom
|
|switch|p2a: Drilldo|Excadrill, M|168\/361
|-ability|p2a: Drilldo|Mold Breaker
|turn|32
|
|move|p2a: Drilldo|Iron Head|p1a: Gardevoir
|-supereffective|p1a: Gardevoir
|-damage|p1a: Gardevoir|0 fnt
|faint|p1a: Gardevoir
|
|
|switch|p1a: Landorus|Landorus, M|163\/319 brn
|turn|33
|
|move|p2a: Drilldo|Iron Head|p1a: Landorus
|-damage|p1a: Landorus|0 fnt
|faint|p1a: Landorus
|
|win|KidKazam
|c|âKidKazam|gg
|c|âpokeaim|gg
|leave|Big the Hedgehog
|join|Glewbert
|leave|Valentine
|leave|Reviece