|join|KidKazam
|join|terry41
|player|p1|KidKazam|56
|player|p2|terry41|17
|gametype|singles
|gen|6
|tier|OU
|rated
|clearpoke
|poke|p1|Politoed, F
|poke|p1|Kabutops, F
|poke|p1|Kingdra, M
|poke|p1|Landorus-Therian, M
|poke|p1|Ferrothorn, M
|poke|p1|Heracross, F, shiny
|poke|p2|Scizor, M
|poke|p2|Landorus-Therian, M
|poke|p2|Thundurus, M
|poke|p2|Garchomp, F
|poke|p2|Rotom-Wash
|poke|p2|Keldeo
|rule|Swagger Clause: Swagger is banned
|rule|Baton Pass Clause: Limit one PokÃ©mon knowing Baton Pass
|rule|Sleep Clause Mod: Limit one foe put to sleep
|rule|Species Clause: Limit one of each PokÃ©mon
|rule|OHKO Clause: OHKO moves are banned
|rule|Moody Clause: Moody is banned
|rule|Evasion Moves Clause: Evasion moves are banned
|rule|Endless Battle Clause: Forcing endless battles is banned
|rule|HP Percentage Mod: HP is shown in percentages
|teampreview
|
|start
|switch|p1a: Heracross|Heracross, F, shiny|302\/302
|switch|p2a: Garchomp|Garchomp, F|358\/358
|turn|1
|
|detailschange|p1a: Heracross|Heracross-Mega, F, shiny
|message|Heracross has Mega Evolved into Mega Heracross!
|move|p2a: Garchomp|Stealth Rock|p1a: Heracross
|-sidestart|p1: KidKazam|move: Stealth Rock
|move|p1a: Heracross|Pin Missile|p2a: Garchomp
|-damage|p2a: Garchomp|300\/358
|-damage|p2a: Garchomp|237\/358
|-damage|p2a: Garchomp|176\/358
|-damage|p2a: Garchomp|113\/358
|-damage|p2a: Garchomp|55\/358
|-hitcount|p2a: Garchomp|5
|
|turn|2
|
|move|p2a: Garchomp|Dragon Claw|p1a: Heracross
|-crit|p1a: Heracross
|-damage|p1a: Heracross|104\/302
|move|p1a: Heracross|Bullet Seed|p2a: Garchomp
|-damage|p2a: Garchomp|11\/358
|-damage|p2a: Garchomp|0 fnt
|-hitcount|p2a: Garchomp|2
|faint|p2a: Garchomp
|
|
|switch|p2a: Scizor|Scizor, M|281\/281
|turn|3
|
|detailschange|p2a: Scizor|Scizor-Mega, M
|message|Scizor has Mega Evolved into Mega Scizor!
|move|p1a: Heracross|Close Combat|p2a: Scizor
|-damage|p2a: Scizor|74\/281
|-unboost|p1a: Heracross|def|1
|-unboost|p1a: Heracross|spd|1
|move|p2a: Scizor|Swords Dance|p2a: Scizor
|-boost|p2a: Scizor|atk|2
|
|turn|4
|
|move|p2a: Scizor|Bullet Punch|p1a: Heracross
|-damage|p1a: Heracross|0 fnt
|faint|p1a: Heracross
|
|
|switch|p1a: Kingdra|Kingdra, M|292\/292
|-damage|p1a: Kingdra|256\/292|[from] Stealth Rock
|turn|5
|
|switch|p2a: Keldeo|Keldeo|322\/322
|move|p1a: Kingdra|Scald|p2a: Keldeo
|-resisted|p2a: Keldeo
|-damage|p2a: Keldeo|221\/322
|
|turn|6
|
|switch|p1a: Politoed|Politoed, F|384\/384
|-damage|p1a: Politoed|336\/384|[from] Stealth Rock
|-weather|RainDance
|move|p2a: Keldeo|Secret Sword|p1a: Politoed
|-damage|p1a: Politoed|155\/384
|
|-weather|RainDance|[upkeep]
|turn|7
|
|switch|p1a: Landorus-Therian|Landorus-Therian, M|320\/320
|-damage|p1a: Landorus-Therian|280\/320|[from] Stealth Rock
|-ability|p1a: Landorus-Therian|Intimidate|[of] p2a: Keldeo
|-unboost|p2a: Keldeo|atk|1
|move|p2a: Keldeo|Secret Sword|p1a: Landorus-Therian
|-resisted|p1a: Landorus-Therian
|-damage|p1a: Landorus-Therian|158\/320
|
|-weather|RainDance|[upkeep]
|turn|8
|
|switch|p2a: Rotom-Wash|Rotom-Wash|241\/241
|move|p1a: Landorus-Therian|Earthquake|p2a: Rotom-Wash
|-immune|p2a: Rotom-Wash|[msg]
|
|-weather|RainDance|[upkeep]
|turn|9
|
|switch|p1a: Ferrothorn|Ferrothorn, M|352\/352
|-damage|p1a: Ferrothorn|330\/352|[from] Stealth Rock
|move|p2a: Rotom-Wash|Will-O-Wisp|p1a: Ferrothorn
|-status|p1a: Ferrothorn|brn
|
|-weather|RainDance|[upkeep]
|-heal|p1a: Ferrothorn|352\/352 brn|[from] item: Leftovers
|-damage|p1a: Ferrothorn|308\/352 brn|[from] brn
|turn|10
|
|switch|p2a: Scizor|Scizor-Mega, M|74\/281
|move|p1a: Ferrothorn|Stealth Rock|p2a: Scizor
|-sidestart|p2: terry41|move: Stealth Rock
|
|-weather|RainDance|[upkeep]
|-heal|p1a: Ferrothorn|330\/352 brn|[from] item: Leftovers
|-damage|p1a: Ferrothorn|286\/352 brn|[from] brn
|turn|11
|
|move|p2a: Scizor|Superpower|p1a: Ferrothorn
|-supereffective|p1a: Ferrothorn
|-damage|p1a: Ferrothorn|22\/352 brn
|-damage|p2a: Scizor|39\/281|[from] ability: Iron Barbs|[of] p1a: Ferrothorn
|-unboost|p2a: Scizor|atk|1
|-unboost|p2a: Scizor|def|1
|move|p1a: Ferrothorn|Leech Seed|p2a: Scizor|[miss]
|-miss|p1a: Ferrothorn|p2a: Scizor
|
|-weather|RainDance|[upkeep]
|-heal|p1a: Ferrothorn|44\/352 brn|[from] item: Leftovers
|-damage|p1a: Ferrothorn|0 fnt|[from] brn
|faint|p1a: Ferrothorn
|
|switch|p1a: Kingdra|Kingdra, M|256\/292
|-damage|p1a: Kingdra|220\/292|[from] Stealth Rock
|turn|12
|
|move|p2a: Scizor|Bullet Punch|p1a: Kingdra
|-crit|p1a: Kingdra
|-resisted|p1a: Kingdra
|-damage|p1a: Kingdra|118\/292
|move|p1a: Kingdra|Hydro Pump|p2a: Scizor
|-damage|p2a: Scizor|0 fnt
|faint|p2a: Scizor
|
|-weather|RainDance|[upkeep]
|
|switch|p2a: Keldeo|Keldeo|221\/322
|-damage|p2a: Keldeo|201\/322|[from] Stealth Rock
|turn|13
|
|switch|p1a: Landorus-Therian|Landorus-Therian, M|158\/320
|-damage|p1a: Landorus-Therian|118\/320|[from] Stealth Rock
|-ability|p1a: Landorus-Therian|Intimidate|[of] p2a: Keldeo
|-unboost|p2a: Keldeo|atk|1
|move|p2a: Keldeo|Secret Sword|p1a: Landorus-Therian
|-crit|p1a: Landorus-Therian
|-resisted|p1a: Landorus-Therian
|-damage|p1a: Landorus-Therian|0 fnt
|faint|p1a: Landorus-Therian
|
|-weather|none
|c|âKidKazam|HAX
|
|switch|p1a: Politoed|Politoed, F|155\/384
|-damage|p1a: Politoed|107\/384|[from] Stealth Rock
|-weather|RainDance
|turn|14
|
|move|p2a: Keldeo|Secret Sword|p1a: Politoed
|-damage|p1a: Politoed|0 fnt
|faint|p1a: Politoed
|
|-weather|RainDance|[upkeep]
|
|switch|p1a: Kingdra|Kingdra, M|118\/292
|-damage|p1a: Kingdra|82\/292|[from] Stealth Rock
|turn|15
|
|switch|p2a: Rotom-Wash|Rotom-Wash|241\/241
|-damage|p2a: Rotom-Wash|211\/241|[from] Stealth Rock
|move|p1a: Kingdra|Hydro Pump|p2a: Rotom-Wash
|-resisted|p2a: Rotom-Wash
|-damage|p2a: Rotom-Wash|18\/241
|
|-weather|RainDance|[upkeep]
|turn|16
|
|move|p1a: Kingdra|Hydro Pump|p2a: Rotom-Wash|[miss]
|-miss|p1a: Kingdra|p2a: Rotom-Wash
|move|p2a: Rotom-Wash|Volt Switch|p1a: Kingdra
|-damage|p1a: Kingdra|0 fnt
|faint|p1a: Kingdra
|c|âKidKazam|im done
|
|switch|p2a: Landorus-Therian|Landorus-Therian, M|325\/325
|-damage|p2a: Landorus-Therian|285\/325|[from] Stealth Rock
|
|-weather|RainDance|[upkeep]
|
|switch|p1a: Kabutops|Kabutops, F|262\/262
|-damage|p1a: Kabutops|230\/262|[from] Stealth Rock
|turn|17
|
|move|p1a: Kabutops|Waterfall|p2a: Landorus-Therian
|-supereffective|p2a: Landorus-Therian
|-damage|p2a: Landorus-Therian|0 fnt
|-damage|p1a: Kabutops|204\/262|[from] item: Life Orb
|faint|p2a: Landorus-Therian
|
|-weather|RainDance|[upkeep]
|
|switch|p2a: Keldeo|Keldeo|201\/322
|-damage|p2a: Keldeo|181\/322|[from] Stealth Rock
|turn|18
|
|move|p1a: Kabutops|Waterfall|p2a: Keldeo
|-resisted|p2a: Keldeo
|-damage|p2a: Keldeo|17\/322
|-damage|p1a: Kabutops|178\/262|[from] item: Life Orb
|move|p2a: Keldeo|Secret Sword|p1a: Kabutops
|-supereffective|p1a: Kabutops
|-damage|p1a: Kabutops|0 fnt
|faint|p1a: Kabutops
|
|win|terry41
|raw|Ladder updating...
|raw|KidKazam's rating: 1649 &rarr; <strong>1628<\/strong><br \/>(-21 for losing)
|raw|terry41's rating: 1622 &rarr; <strong>1643<\/strong><br \/>(+21 for winning)
|leave|KidKazam
|player|p1