|join|KidKazam
|join|keroluxray
|player|p1|KidKazam|56
|player|p2|keroluxray|126
|gametype|singles
|gen|6
|tier|OU
|rated
|clearpoke
|poke|p1|Landorus-Therian, M
|poke|p1|Ferrothorn, M
|poke|p1|Keldeo
|poke|p1|Latios, M
|poke|p1|Clefable, F
|poke|p1|Aerodactyl, M
|poke|p2|Infernape, M
|poke|p2|Azumarill, M
|poke|p2|Conkeldurr, M
|poke|p2|Bisharp, F
|poke|p2|Scizor, F
|poke|p2|Talonflame, M
|rule|Swagger Clause: Swagger is banned
|rule|Baton Pass Clause: Limit one PokÃ©mon knowing Baton Pass
|rule|Sleep Clause Mod: Limit one foe put to sleep
|rule|Species Clause: Limit one of each PokÃ©mon
|rule|OHKO Clause: OHKO moves are banned
|rule|Moody Clause: Moody is banned
|rule|Evasion Moves Clause: Evasion moves are banned
|rule|Endless Battle Clause: Forcing endless battles is banned
|rule|HP Percentage Mod: HP is shown in percentages
|teampreview
|
|start
|switch|p1a: Landorus-Therian|Landorus-Therian, M|320\/320
|switch|p2a: Infernape|Infernape, M|293\/293
|-ability|p1a: Landorus-Therian|Intimidate|[of] p2a: Infernape
|-unboost|p2a: Infernape|atk|1
|turn|1
|
|move|p1a: Landorus-Therian|U-turn|p2a: Infernape
|-resisted|p2a: Infernape
|-damage|p2a: Infernape|266\/293
|
|switch|p1a: Latios|Latios, M|301\/301
|move|p2a: Infernape|Stealth Rock|p1a: Latios
|-sidestart|p1: KidKazam|move: Stealth Rock
|
|turn|2
|
|switch|p2a: Bisharp|Bisharp, F|271\/271
|move|p1a: Latios|Psyshock|p2a: Bisharp
|-immune|p2a: Bisharp|[msg]
|
|turn|3
|
|switch|p1a: Keldeo|Keldeo|323\/323
|-damage|p1a: Keldeo|303\/323|[from] Stealth Rock
|move|p2a: Bisharp|Swords Dance|p2a: Bisharp
|-boost|p2a: Bisharp|atk|2
|
|turn|4
|
|move|p2a: Bisharp|Sucker Punch|p1a: Keldeo
|-crit|p1a: Keldeo
|-resisted|p1a: Keldeo
|-damage|p1a: Keldeo|39\/323
|-boost|p1a: Keldeo|atk|1|[from] ability: Justified
|move|p1a: Keldeo|Scald|p2a: Bisharp
|-enditem|p2a: Bisharp|Focus Sash
|-damage|p2a: Bisharp|1\/271
|
|turn|5
|
|move|p2a: Bisharp|Sucker Punch|p1a: Keldeo
|-resisted|p1a: Keldeo
|-damage|p1a: Keldeo|0 fnt
|faint|p1a: Keldeo
|
|
|switch|p1a: Ferrothorn|Ferrothorn, M|352\/352
|-damage|p1a: Ferrothorn|330\/352|[from] Stealth Rock
|turn|6
|
|move|p2a: Bisharp|Knock Off|p1a: Ferrothorn
|-damage|p1a: Ferrothorn|99\/352
|-damage|p2a: Bisharp|0 fnt|[from] ability: Iron Barbs|[of] p1a: Ferrothorn
|faint|p2a: Bisharp
|move|p1a: Ferrothorn|Gyro Ball|p2: Bisharp|[notarget]
|-notarget
|
|-heal|p1a: Ferrothorn|121\/352|[from] item: Leftovers
|
|switch|p2a: Infernape|Infernape, M|266\/293
|turn|7
|
|move|p2a: Infernape|Blast Burn|p1a: Ferrothorn
|-supereffective|p1a: Ferrothorn
|-damage|p1a: Ferrothorn|0 fnt
|faint|p1a: Ferrothorn
|
|
|switch|p1a: Clefable|Clefable, F|394\/394
|turn|8
|
|cant|p2a: Infernape|recharge
|move|p1a: Clefable|Calm Mind|p1a: Clefable
|-boost|p1a: Clefable|spa|1
|-boost|p1a: Clefable|spd|1
|
|turn|9
|
|move|p2a: Infernape|Endeavor|p1a: Clefable
|-damage|p1a: Clefable|266\/394
|move|p1a: Clefable|Calm Mind|p1a: Clefable
|-boost|p1a: Clefable|spa|1
|-boost|p1a: Clefable|spd|1
|
|-heal|p1a: Clefable|290\/394|[from] item: Leftovers
|turn|10
|
|move|p2a: Infernape|Blast Burn|p1a: Clefable
|-damage|p1a: Clefable|209\/394
|move|p1a: Clefable|Soft-Boiled|p1a: Clefable
|-heal|p1a: Clefable|394\/394
|
|turn|11
|
|cant|p2a: Infernape|recharge
|move|p1a: Clefable|Calm Mind|p1a: Clefable
|-boost|p1a: Clefable|spa|1
|-boost|p1a: Clefable|spd|1
|
|turn|12
|
|move|p2a: Infernape|Endeavor|p1a: Clefable
|-damage|p1a: Clefable|266\/394
|move|p1a: Clefable|Calm Mind|p1a: Clefable
|-boost|p1a: Clefable|spa|1
|-boost|p1a: Clefable|spd|1
|
|-heal|p1a: Clefable|290\/394|[from] item: Leftovers
|turn|13
|
|move|p2a: Infernape|Endeavor|p1a: Clefable
|-damage|p1a: Clefable|266\/394
|move|p1a: Clefable|Soft-Boiled|p1a: Clefable
|-heal|p1a: Clefable|394\/394
|
|turn|14
|
|move|p2a: Infernape|Endeavor|p1a: Clefable
|-damage|p1a: Clefable|266\/394
|move|p1a: Clefable|Calm Mind|p1a: Clefable
|-boost|p1a: Clefable|spa|1
|-boost|p1a: Clefable|spd|1
|
|-heal|p1a: Clefable|290\/394|[from] item: Leftovers
|turn|15
|
|move|p2a: Infernape|Endeavor|p1a: Clefable
|-damage|p1a: Clefable|266\/394
|move|p1a: Clefable|Soft-Boiled|p1a: Clefable
|-heal|p1a: Clefable|394\/394
|
|turn|16
|
|move|p2a: Infernape|Endeavor|p1a: Clefable
|-damage|p1a: Clefable|266\/394
|move|p1a: Clefable|Calm Mind|p1a: Clefable
|-boost|p1a: Clefable|spa|1
|-boost|p1a: Clefable|spd|1
|
|-heal|p1a: Clefable|290\/394|[from] item: Leftovers
|turn|17
|
|move|p2a: Infernape|Endeavor|p1a: Clefable
|-damage|p1a: Clefable|266\/394
|move|p1a: Clefable|Soft-Boiled|p1a: Clefable
|-heal|p1a: Clefable|394\/394
|
|turn|18
|
|move|p2a: Infernape|Endeavor|p1a: Clefable
|-damage|p1a: Clefable|266\/394
|move|p1a: Clefable|Soft-Boiled|p1a: Clefable
|-heal|p1a: Clefable|394\/394
|
|turn|19
|
|move|p2a: Infernape|Mach Punch|p1a: Clefable
|-resisted|p1a: Clefable
|-damage|p1a: Clefable|354\/394
|move|p1a: Clefable|Moonblast|p2a: Infernape
|-damage|p2a: Infernape|0 fnt
|faint|p2a: Infernape
|
|-heal|p1a: Clefable|378\/394|[from] item: Leftovers
|
|switch|p2a: Talonflame|Talonflame, M|297\/297
|turn|20
|
|move|p2a: Talonflame|Brave Bird|p1a: Clefable
|-damage|p1a: Clefable|101\/394
|-damage|p2a: Talonflame|206\/297|[from] recoil|[of] p1a: Clefable
|move|p1a: Clefable|Soft-Boiled|p1a: Clefable
|-heal|p1a: Clefable|298\/394
|
|-heal|p1a: Clefable|322\/394|[from] item: Leftovers
|turn|21
|
|move|p2a: Talonflame|Brave Bird|p1a: Clefable
|-damage|p1a: Clefable|63\/394
|-damage|p2a: Talonflame|121\/297|[from] recoil|[of] p1a: Clefable
|move|p1a: Clefable|Soft-Boiled|p1a: Clefable
|-heal|p1a: Clefable|260\/394
|
|-heal|p1a: Clefable|284\/394|[from] item: Leftovers
|turn|22
|
|move|p2a: Talonflame|Brave Bird|p1a: Clefable
|-damage|p1a: Clefable|13\/394
|-damage|p2a: Talonflame|32\/297|[from] recoil|[of] p1a: Clefable
|move|p1a: Clefable|Moonblast|p2a: Talonflame
|-resisted|p2a: Talonflame
|-damage|p2a: Talonflame|0 fnt
|faint|p2a: Talonflame
|
|-heal|p1a: Clefable|37\/394|[from] item: Leftovers
|
|switch|p2a: Scizor|Scizor, F|281\/281
|turn|23
|
|switch|p1a: Latios|Latios, M|301\/301
|-damage|p1a: Latios|264\/301|[from] Stealth Rock
|detailschange|p2a: Scizor|Scizor-Mega, F
|message|Scizor has Mega Evolved into Mega Scizor!
|move|p2a: Scizor|Bullet Punch|p1a: Latios
|-damage|p1a: Latios|113\/301
|
|turn|24
|
|move|p2a: Scizor|Bullet Punch|p1a: Latios
|-damage|p1a: Latios|0 fnt
|faint|p1a: Latios
|
|
|switch|p1a: Landorus-Therian|Landorus-Therian, M|320\/320
|-damage|p1a: Landorus-Therian|280\/320|[from] Stealth Rock
|-ability|p1a: Landorus-Therian|Intimidate|[of] p2a: Scizor
|-unboost|p2a: Scizor|atk|1
|turn|25
|
|move|p1a: Landorus-Therian|Earthquake|p2a: Scizor
|-damage|p2a: Scizor|124\/281
|move|p2a: Scizor|Swords Dance|p2a: Scizor
|-boost|p2a: Scizor|atk|2
|
|turn|26
|
|move|p2a: Scizor|Bullet Punch|p1a: Landorus-Therian
|-damage|p1a: Landorus-Therian|76\/320
|move|p1a: Landorus-Therian|Earthquake|p2a: Scizor
|-crit|p2a: Scizor
|-damage|p2a: Scizor|0 fnt
|faint|p2a: Scizor
|
|
|switch|p2a: Azumarill|Azumarill, M|342\/342
|turn|27
|
|move|p1a: Landorus-Therian|Earthquake|p2a: Azumarill
|-damage|p2a: Azumarill|116\/342
|-enditem|p2a: Azumarill|Sitrus Berry|[eat]
|-heal|p2a: Azumarill|201\/342|[from] item: Sitrus Berry
|move|p2a: Azumarill|Belly Drum|p2a: Azumarill
|-damage|p2a: Azumarill|30\/342
|-setboost|p2a: Azumarill|atk|6|[from] move: Belly Drum
|
|turn|28
|
|move|p2a: Azumarill|Aqua Jet|p1a: Landorus-Therian
|-supereffective|p1a: Landorus-Therian
|-damage|p1a: Landorus-Therian|0 fnt
|faint|p1a: Landorus-Therian
|
|-message|KidKazam forfeited.
|
|win|keroluxray
|raw|Ladder updating...
|leave|KidKazam
|player|p1
|raw|KidKazam's rating: 1628 &rarr; <strong>1608<\/strong><br \/>(-20 for losing)
|raw|keroluxray's rating: 1623 &rarr; <strong>1643<\/strong><br \/>(+20 for winning)