|join|WildTyrogue
|join|KidKazam
|player|p1|WildTyrogue|256
|player|p2|KidKazam|56
|gametype|singles
|gen|6
|tier|OU
|rated
|clearpoke
|poke|p1|Venusaur, M
|poke|p1|Heatran, M
|poke|p1|Azumarill, M
|poke|p1|Mew, shiny
|poke|p1|Landorus-Therian, M
|poke|p1|Latias, F
|poke|p2|Landorus-Therian, M
|poke|p2|Ferrothorn, M
|poke|p2|Keldeo
|poke|p2|Latios, M
|poke|p2|Clefable, M
|poke|p2|Aerodactyl, F
|rule|Swagger Clause: Swagger is banned
|rule|Baton Pass Clause: Limit one PokÃ©mon knowing Baton Pass
|rule|Sleep Clause Mod: Limit one foe put to sleep
|rule|Species Clause: Limit one of each PokÃ©mon
|rule|OHKO Clause: OHKO moves are banned
|rule|Moody Clause: Moody is banned
|rule|Evasion Moves Clause: Evasion moves are banned
|rule|Endless Battle Clause: Forcing endless battles is banned
|rule|HP Percentage Mod: HP is shown in percentages
|teampreview
|
|start
|switch|p1a: Latias|Latias, F|317\/317
|switch|p2a: Landorus-Therian|Landorus-Therian, M|320\/320
|-ability|p2a: Landorus-Therian|Intimidate|[of] p1a: Latias
|-unboost|p1a: Latias|atk|1
|turn|1
|
|switch|p1a: Landorus-Therian|Landorus-Therian, M|379\/379
|-ability|p1a: Landorus-Therian|Intimidate|[of] p2a: Landorus-Therian
|-unboost|p2a: Landorus-Therian|atk|1
|move|p2a: Landorus-Therian|U-turn|p1a: Landorus-Therian
|-resisted|p1a: Landorus-Therian
|-damage|p1a: Landorus-Therian|356\/379
|
|switch|p2a: Aerodactyl|Aerodactyl, F|301\/301
|-ability|p2a: Aerodactyl|Pressure
|
|-heal|p1a: Landorus-Therian|379\/379|[from] item: Leftovers
|turn|2
|
|detailschange|p2a: Aerodactyl|Aerodactyl-Mega, F
|message|Aerodactyl has Mega Evolved into Mega Aerodactyl!
|move|p2a: Aerodactyl|Ice Fang|p1a: Landorus-Therian|[miss]
|-miss|p2a: Aerodactyl|p1a: Landorus-Therian
|move|p1a: Landorus-Therian|Stone Edge|p2a: Aerodactyl
|-supereffective|p2a: Aerodactyl
|-damage|p2a: Aerodactyl|61\/301
|
|turn|3
|c|âKidKazam|why always me? why...
|
|move|p2a: Aerodactyl|Ice Fang|p1a: Landorus-Therian
|-supereffective|p1a: Landorus-Therian
|-damage|p1a: Landorus-Therian|47\/379
|move|p1a: Landorus-Therian|Stealth Rock|p2a: Aerodactyl
|-sidestart|p2: KidKazam|move: Stealth Rock
|
|-heal|p1a: Landorus-Therian|70\/379|[from] item: Leftovers
|turn|4
|
|move|p2a: Aerodactyl|Aerial Ace|p1a: Landorus-Therian
|-damage|p1a: Landorus-Therian|0 fnt
|faint|p1a: Landorus-Therian
|
|
|switch|p1a: Heatran|Heatran, M|323\/323
|turn|5
|
|switch|p2a: Latios|Latios, M|301\/301
|-damage|p2a: Latios|264\/301|[from] Stealth Rock
|move|p1a: Heatran|Overheat|p2a: Latios
|-resisted|p2a: Latios
|-damage|p2a: Latios|150\/301
|-unboost|p1a: Heatran|spa|2
|
|turn|6
|
|switch|p1a: Tristana|Mew, shiny|403\/403
|move|p2a: Latios|Defog|p1a: Tristana
|-unboost|p1a: Tristana|evasion|1
|-sideend|p2: KidKazam|Stealth Rock|[from] move: Defog|[of] p2a: Latios
|
|turn|7
|
|switch|p2a: Clefable|Clefable, M|394\/394
|move|p1a: Tristana|Knock Off|p2a: Clefable
|-resisted|p2a: Clefable
|-damage|p2a: Clefable|350\/394
|-enditem|p2a: Clefable|Leftovers|[from] move: Knock Off|[of] p1a: Tristana
|
|turn|8
|
|switch|p2a: Keldeo|Keldeo|323\/323
|move|p1a: Tristana|Taunt|p2a: Keldeo
|-start|p2a: Keldeo|move: Taunt
|
|turn|9
|
|switch|p1a: Venusaur|Venusaur, M|301\/301
|move|p2a: Keldeo|Scald|p1a: Venusaur
|-resisted|p1a: Venusaur
|-damage|p1a: Venusaur|204\/301
|-status|p1a: Venusaur|brn
|
|-damage|p1a: Venusaur|167\/301 brn|[from] brn
|turn|10
|
|switch|p2a: Ferrothorn|Ferrothorn, M|352\/352
|detailschange|p1a: Venusaur|Venusaur-Mega, M
|message|Venusaur has Mega Evolved into Mega Venusaur!
|move|p1a: Venusaur|Giga Drain|p2a: Ferrothorn
|-crit|p2a: Ferrothorn
|-resisted|p2a: Ferrothorn
|-damage|p2a: Ferrothorn|305\/352
|-heal|p1a: Venusaur|191\/301 brn|[from] drain|[of] p2a: Ferrothorn
|
|-heal|p2a: Ferrothorn|327\/352|[from] item: Leftovers
|-damage|p1a: Venusaur|154\/301 brn|[from] brn
|turn|11
|
|switch|p2a: Landorus-Therian|Landorus-Therian, M|320\/320
|-ability|p2a: Landorus-Therian|Intimidate|[of] p1a: Venusaur
|-unboost|p1a: Venusaur|atk|1
|move|p1a: Venusaur|Synthesis|p1a: Venusaur
|-heal|p1a: Venusaur|301\/301 brn
|
|-damage|p1a: Venusaur|264\/301 brn|[from] brn
|turn|12
|
|move|p2a: Landorus-Therian|U-turn|p1a: Venusaur
|-damage|p1a: Venusaur|183\/301 brn
|
|switch|p2a: Ferrothorn|Ferrothorn, M|327\/352
|move|p1a: Venusaur|Hidden Power|p2a: Ferrothorn
|-supereffective|p2a: Ferrothorn
|-damage|p2a: Ferrothorn|83\/352
|
|-heal|p2a: Ferrothorn|105\/352|[from] item: Leftovers
|-damage|p1a: Venusaur|146\/301 brn|[from] brn
|turn|13
|
|switch|p2a: Latios|Latios, M|150\/301
|move|p1a: Venusaur|Synthesis|p1a: Venusaur
|-heal|p1a: Venusaur|296\/301 brn
|
|-damage|p1a: Venusaur|259\/301 brn|[from] brn
|turn|14
|
|switch|p1a: Tristana|Mew, shiny|403\/403
|move|p2a: Latios|Psyshock|p1a: Tristana
|-crit|p1a: Tristana
|-resisted|p1a: Tristana
|-damage|p1a: Tristana|267\/403
|-damage|p2a: Latios|120\/301|[from] item: Life Orb
|
|-heal|p1a: Tristana|292\/403|[from] item: Leftovers
|turn|15
|
|switch|p1a: Azumarill|Azumarill, M|378\/378
|move|p2a: Latios|Draco Meteor|p1a: Azumarill
|-immune|p1a: Azumarill|[msg]
|
|turn|16
|
|switch|p2a: Ferrothorn|Ferrothorn, M|105\/352
|move|p1a: Azumarill|Play Rough|p2a: Ferrothorn
|-resisted|p2a: Ferrothorn
|-damage|p2a: Ferrothorn|47\/352
|-damage|p1a: Azumarill|331\/378|[from] ability: Iron Barbs|[of] p2a: Ferrothorn
|
|-heal|p2a: Ferrothorn|69\/352|[from] item: Leftovers
|turn|17
|
|move|p1a: Azumarill|Superpower|p2a: Ferrothorn
|-supereffective|p2a: Ferrothorn
|-damage|p2a: Ferrothorn|0 fnt
|-damage|p1a: Azumarill|284\/378|[from] ability: Iron Barbs|[of] p2a: Ferrothorn
|-unboost|p1a: Azumarill|atk|1
|-unboost|p1a: Azumarill|def|1
|faint|p2a: Ferrothorn
|
|
|switch|p2a: Clefable|Clefable, M|350\/394
|turn|18
|
|switch|p1a: Tristana|Mew, shiny|292\/403
|move|p2a: Clefable|Calm Mind|p2a: Clefable
|-boost|p2a: Clefable|spa|1
|-boost|p2a: Clefable|spd|1
|
|-heal|p1a: Tristana|317\/403|[from] item: Leftovers
|turn|19
|
|move|p1a: Tristana|Taunt|p2a: Clefable
|-start|p2a: Clefable|move: Taunt
|move|p2a: Clefable|Moonblast|p1a: Tristana
|-damage|p1a: Tristana|173\/403
|
|-heal|p1a: Tristana|198\/403|[from] item: Leftovers
|turn|20
|
|switch|p1a: Heatran|Heatran, M|323\/323
|move|p2a: Clefable|Moonblast|p1a: Heatran
|-resisted|p1a: Heatran
|-damage|p1a: Heatran|282\/323
|
|turn|21
|
|move|p1a: Heatran|Flash Cannon|p2a: Clefable
|-crit|p2a: Clefable
|-supereffective|p2a: Clefable
|-damage|p2a: Clefable|0 fnt
|faint|p2a: Clefable
|
|c|âKidKazam|im done
|
|switch|p2a: Keldeo|Keldeo|323\/323
|turn|22
|
|switch|p1a: Latias|Latias, F|317\/317
|switch|p2a: Landorus-Therian|Landorus-Therian, M|320\/320
|-ability|p2a: Landorus-Therian|Intimidate|[of] p1a: Latias
|-unboost|p1a: Latias|atk|1
|
|turn|23
|
|switch|p1a: Venusaur|Venusaur-Mega, M|259\/301 brn
|move|p2a: Landorus-Therian|U-turn|p1a: Venusaur
|-damage|p1a: Venusaur|183\/301 brn
|
|switch|p2a: Aerodactyl|Aerodactyl-Mega, F|61\/301
|
|-damage|p1a: Venusaur|146\/301 brn|[from] brn
|turn|24
|
|move|p2a: Aerodactyl|Aerial Ace|p1a: Venusaur
|-supereffective|p1a: Venusaur
|-damage|p1a: Venusaur|0 fnt
|faint|p1a: Venusaur
|
|
|switch|p1a: Azumarill|Azumarill, M|284\/378
|turn|25
|
|switch|p2a: Keldeo|Keldeo|323\/323
|move|p1a: Azumarill|Play Rough|p2a: Keldeo
|-supereffective|p2a: Keldeo
|-damage|p2a: Keldeo|0 fnt
|faint|p2a: Keldeo
|
|
|switch|p2a: Landorus-Therian|Landorus-Therian, M|320\/320
|-ability|p2a: Landorus-Therian|Intimidate|[of] p1a: Azumarill
|-unboost|p1a: Azumarill|atk|1
|turn|26
|
|switch|p1a: Tristana|Mew, shiny|198\/403
|move|p2a: Landorus-Therian|Earthquake|p1a: Tristana
|-crit|p1a: Tristana
|-damage|p1a: Tristana|0 fnt
|faint|p1a: Tristana
|
|
|switch|p1a: Latias|Latias, F|317\/317
|turn|27
|
|switch|p2a: Aerodactyl|Aerodactyl-Mega, F|61\/301
|move|p1a: Latias|Draco Meteor|p2a: Aerodactyl
|-damage|p2a: Aerodactyl|0 fnt
|-unboost|p1a: Latias|spa|2
|-damage|p1a: Latias|286\/317|[from] item: Life Orb
|faint|p2a: Aerodactyl
|
|
|switch|p2a: Landorus-Therian|Landorus-Therian, M|320\/320
|-ability|p2a: Landorus-Therian|Intimidate|[of] p1a: Latias
|-unboost|p1a: Latias|atk|1
|turn|28
|
|move|p2a: Landorus-Therian|Earthquake|p1a: Latias
|-immune|p1a: Latias|[msg]
|move|p1a: Latias|Draco Meteor|p2a: Landorus-Therian
|-damage|p2a: Landorus-Therian|160\/320
|-unboost|p1a: Latias|spa|2
|-damage|p1a: Latias|255\/317|[from] item: Life Orb
|
|turn|29
|
|switch|p2a: Latios|Latios, M|120\/301
|move|p1a: Latias|Draco Meteor|p2a: Latios
|-supereffective|p2a: Latios
|-damage|p2a: Latios|0 fnt
|-unboost|p1a: Latias|spa|2
|-damage|p1a: Latias|224\/317|[from] item: Life Orb
|faint|p2a: Latios
|
|-message|KidKazam forfeited.
|
|win|WildTyrogue
|raw|Ladder updating...
|leave|KidKazam
|player|p2
|raw|WildTyrogue's rating: 1522 &rarr; <strong>1543<\/strong><br \/>(+21 for winning)
|raw|KidKazam's rating: 1534 &rarr; <strong>1514<\/strong><br \/>(-20 for losing)