|join|Sweep ( @_@â¿)
|join|Toreutic
|player|p1|Sweep ( @_@â¿)|1
|player|p2|Toreutic|126
|gametype|singles
|gen|6
|tier|UU
|rated
|rule|Sleep Clause Mod: Limit one foe put to sleep
|rule|Species Clause: Limit one of each PokÃ©mon
|rule|OHKO Clause: OHKO moves are banned
|rule|Moody Clause: Moody is banned
|rule|Evasion Moves Clause: Evasion moves are banned
|rule|Endless Battle Clause: Forcing endless battles is banned
|rule|HP Percentage Mod: HP is shown in percentages
|clearpoke
|poke|p1|Aggron, M
|poke|p1|Suicune
|poke|p1|Hippowdon, M
|poke|p1|Forretress, M
|poke|p1|Blissey, F
|poke|p1|Celebi
|poke|p2|Machamp, F
|poke|p2|Zoroark, F
|poke|p2|Espeon, M
|poke|p2|Mienshao, M
|poke|p2|Nidoking, M
|poke|p2|Infernape, F
|rule|Swagger Clause: Swagger is banned
|rule|Baton Pass Clause: Limit one PokÃ©mon knowing Baton Pass
|teampreview
|
|start
|switch|p1a: Hippowdon|Hippowdon, M|419\/419
|switch|p2a: Infernape|Infernape, F|261\/261
|-weather|Sandstorm
|turn|1
|
|move|p2a: Infernape|Knock Off|p1a: Hippowdon
|-damage|p1a: Hippowdon|293\/419
|-enditem|p1a: Hippowdon|Leftovers|[from] move: Knock Off|[of] p2a: Infernape
|move|p1a: Hippowdon|Earthquake|p2a: Infernape
|replace|p2a: Zoroark|Zoroark, F|261\/261
|-damage|p2a: Zoroark|51\/261
|
|-weather|Sandstorm|[upkeep]
|-damage|p2a: Zoroark|35\/261|[from] sandstorm
|turn|2
|
|switch|p2a: Espeon|Espeon, M|272\/272
|move|p1a: Hippowdon|Slack Off|p1a: Hippowdon
|-heal|p1a: Hippowdon|419\/419
|
|-weather|Sandstorm|[upkeep]
|-damage|p2a: Espeon|255\/272|[from] sandstorm
|turn|3
|
|switch|p1a: Celebi|Celebi|341\/341
|move|p2a: Espeon|Grass Knot|p1a: Celebi
|-resisted|p1a: Celebi
|-damage|p1a: Celebi|329\/341
|
|-weather|Sandstorm|[upkeep]
|-damage|p1a: Celebi|308\/341|[from] sandstorm
|-damage|p2a: Espeon|238\/272|[from] sandstorm
|turn|4
|
|move|p1a: Celebi|Leaf Storm|p2a: Espeon
|-damage|p2a: Espeon|27\/272
|-unboost|p1a: Celebi|spa|2
|move|p2a: Espeon|Shadow Ball|p1a: Celebi
|-supereffective|p1a: Celebi
|-damage|p1a: Celebi|120\/341
|
|-weather|Sandstorm|[upkeep]
|-damage|p1a: Celebi|99\/341|[from] sandstorm
|-damage|p2a: Espeon|10\/272|[from] sandstorm
|turn|5
|
|move|p1a: Celebi|Leaf Storm|p2a: Espeon|[miss]
|-miss|p1a: Celebi|p2a: Espeon
|move|p2a: Espeon|Baton Pass|p2a: Espeon
|
|switch|p2a: Mienshao|Mienshao, M|271\/271
|
|-weather|none
|turn|6
|
|switch|p1a: Forretress|Forretress, M|353\/353
|move|p2a: Mienshao|U-turn|p1a: Forretress
|-resisted|p1a: Forretress
|-damage|p1a: Forretress|329\/353
|
|switch|p2a: Infernape|Infernape, F|293\/293
|
|-heal|p1a: Forretress|351\/353|[from] item: Leftovers
|turn|7
|
|switch|p1a: Hippowdon|Hippowdon, M|419\/419
|-weather|Sandstorm
|move|p2a: Infernape|Fire Blast|p1a: Hippowdon
|-damage|p1a: Hippowdon|184\/419
|-damage|p2a: Infernape|264\/293|[from] item: Life Orb
|
|-weather|Sandstorm|[upkeep]
|-damage|p2a: Infernape|246\/293|[from] sandstorm
|turn|8
|
|switch|p2a: Mienshao|Mienshao, M|35\/261
|switch|p1a: Suicune|Suicune|403\/403
|-ability|p1a: Suicune|Pressure
|
|-weather|Sandstorm|[upkeep]
|-damage|p2a: Mienshao|19\/261|[from] sandstorm
|-damage|p1a: Suicune|378\/403|[from] sandstorm
|-heal|p1a: Suicune|403\/403|[from] item: Leftovers
|turn|9
|
|switch|p1a: Aggron|Aggron, M|341\/341
|move|p2a: Mienshao|Knock Off|p1a: Aggron
|-crit|p1a: Aggron
|-damage|p1a: Aggron|227\/341
|
|-weather|Sandstorm|[upkeep]
|-damage|p2a: Mienshao|3\/261|[from] sandstorm
|turn|10
|
|detailschange|p1a: Aggron|Aggron-Mega, M
|message|Aggron has Mega Evolved into Mega Aggron!
|move|p2a: Mienshao|Low Kick|p1a: Aggron
|-supereffective|p1a: Aggron
|-damage|p1a: Aggron|142\/341
|move|p1a: Aggron|Stealth Rock|p2a: Mienshao
|-sidestart|p2: Toreutic|move: Stealth Rock
|
|-weather|Sandstorm|[upkeep]
|-damage|p2a: Mienshao|0 fnt|[from] sandstorm
|faint|p2a: Mienshao
|
|switch|p2a: Mienshao|Mienshao, M|271\/271
|-damage|p2a: Mienshao|255\/271|[from] Stealth Rock
|turn|11
|
|move|p2a: Mienshao|High Jump Kick|p1a: Aggron
|-supereffective|p1a: Aggron
|-damage|p1a: Aggron|0 fnt
|faint|p1a: Aggron
|
|-weather|none
|
|switch|p1a: Forretress|Forretress, M|351\/353
|turn|12
|
|move|p2a: Mienshao|High Jump Kick|p1a: Forretress
|-damage|p1a: Forretress|218\/353
|move|p1a: Forretress|Gyro Ball|p2a: Mienshao
|-damage|p2a: Mienshao|15\/271
|
|-heal|p1a: Forretress|240\/353|[from] item: Leftovers
|turn|13
|
|switch|p2a: Espeon|Espeon, M|10\/272
|-damage|p2a: Espeon|0 fnt|[from] Stealth Rock
|faint|p2a: Espeon
|move|p1a: Forretress|Volt Switch|p2: Espeon|[notarget]
|-notarget
|
|-heal|p1a: Forretress|262\/353|[from] item: Leftovers
|
|switch|p2a: Nidoking|Nidoking, M|304\/304
|-damage|p2a: Nidoking|285\/304|[from] Stealth Rock
|turn|14
|join|user zf
|
|switch|p2a: Machamp|Machamp, F|373\/373
|-damage|p2a: Machamp|350\/373|[from] Stealth Rock
|switch|p1a: Hippowdon|Hippowdon, M|184\/419
|-weather|Sandstorm
|
|-weather|Sandstorm|[upkeep]
|-damage|p2a: Machamp|327\/373|[from] sandstorm
|turn|15
|
|move|p2a: Machamp|Knock Off|p1a: Hippowdon
|-damage|p1a: Hippowdon|121\/419
|move|p1a: Hippowdon|Earthquake|p2a: Machamp
|-damage|p2a: Machamp|162\/373
|
|-weather|Sandstorm|[upkeep]
|-damage|p2a: Machamp|139\/373|[from] sandstorm
|turn|16
|
|move|p2a: Machamp|Close Combat|p1a: Hippowdon
|-damage|p1a: Hippowdon|0 fnt
|-unboost|p2a: Machamp|def|1
|-unboost|p2a: Machamp|spd|1
|faint|p1a: Hippowdon
|
|-weather|Sandstorm|[upkeep]
|-damage|p2a: Machamp|116\/373|[from] sandstorm
|
|switch|p1a: Celebi|Celebi|99\/341
|turn|17
|
|move|p1a: Celebi|Psychic|p2a: Machamp
|-supereffective|p2a: Machamp
|-damage|p2a: Machamp|0 fnt
|faint|p2a: Machamp
|
|-weather|Sandstorm|[upkeep]
|-damage|p1a: Celebi|78\/341|[from] sandstorm
|
|switch|p2a: Mienshao|Mienshao, M|105\/271
|-damage|p2a: Mienshao|89\/271|[from] Stealth Rock
|turn|18
|
|switch|p1a: Forretress|Forretress, M|262\/353
|move|p2a: Mienshao|U-turn|p1a: Forretress
|-resisted|p1a: Forretress
|-damage|p1a: Forretress|238\/353
|
|switch|p2a: Nidoking|Nidoking, M|285\/304
|-damage|p2a: Nidoking|266\/304|[from] Stealth Rock
|
|-weather|none
|-heal|p1a: Forretress|260\/353|[from] item: Leftovers
|turn|19
|
|switch|p1a: Blissey|Blissey, F|653\/653
|move|p2a: Nidoking|Earth Power|p1a: Blissey
|-crit|p1a: Blissey
|-damage|p1a: Blissey|462\/653
|
|-heal|p1a: Blissey|502\/653|[from] item: Leftovers
|turn|20
|
|move|p2a: Nidoking|Earth Power|p1a: Blissey
|-damage|p1a: Blissey|377\/653
|move|p1a: Blissey|Seismic Toss|p2a: Nidoking
|-damage|p2a: Nidoking|166\/304
|
|-heal|p1a: Blissey|417\/653|[from] item: Leftovers
|turn|21
|
|move|p2a: Nidoking|Earth Power|p1a: Blissey
|-damage|p1a: Blissey|291\/653
|move|p1a: Blissey|Wish|p1a: Blissey
|
|-heal|p1a: Blissey|331\/653|[from] item: Leftovers
|turn|22
|
|switch|p2a: Mienshao|Mienshao, M|179\/271
|-damage|p2a: Mienshao|163\/271|[from] Stealth Rock
|move|p1a: Blissey|Seismic Toss|p2a: Mienshao
|-damage|p2a: Mienshao|63\/271
|
|-heal|p1a: Blissey|653\/653|[from] move: Wish|[wisher] Blissey
|turn|23
|
|move|p1a: Blissey|Protect|p1a: Blissey
|-singleturn|p1a: Blissey|Protect
|move|p2a: Mienshao|High Jump Kick|p1a: Blissey
|-activate|p1a: Blissey|Protect
|-damage|p2a: Mienshao|0 fnt|[from] highjumpkick
|faint|p2a: Mienshao
|
|-message|Toreutic forfeited.
|
|win|Sweep ( @_@â¿)
|raw|Ladder updating...
|leave|Toreutic
|player|p2
|raw|Sweep ( @_@â¿)'s rating: 1717 &rarr; <strong>1725<\/strong><br \/>(+8 for winning)
|raw|Toreutic's rating: 1474 &rarr; <strong>1466<\/strong><br \/>(-8 for losing)