|join|Toreutic
|join|SpecsPrimeape
|player|p1|Toreutic|126
|player|p2|SpecsPrimeape|281
|gametype|singles
|gen|6
|tier|UU
|rated
|rule|Sleep Clause Mod: Limit one foe put to sleep
|rule|Species Clause: Limit one of each PokÃ©mon
|rule|OHKO Clause: OHKO moves are banned
|rule|Moody Clause: Moody is banned
|rule|Evasion Moves Clause: Evasion moves are banned
|rule|Endless Battle Clause: Forcing endless battles is banned
|rule|HP Percentage Mod: HP is shown in percentages
|clearpoke
|poke|p1|Whimsicott, F
|poke|p1|Chandelure, F
|poke|p1|Mienshao, M
|poke|p1|Starmie
|poke|p1|Hippowdon, F
|poke|p1|Dugtrio, F
|poke|p2|Chesnaught, M
|poke|p2|Umbreon, M
|poke|p2|Lopunny, M
|poke|p2|Chandelure, M
|poke|p2|Jirachi
|poke|p2|Empoleon, M
|rule|Swagger Clause: Swagger is banned
|rule|Baton Pass Clause: Limit one PokÃ©mon knowing Baton Pass
|teampreview
|
|start
|switch|p1a: Mienshao|Mienshao, M|271\/271
|switch|p2a: Lopunny|Lopunny, M|272\/272
|turn|1
|
|detailschange|p2a: Lopunny|Lopunny-Mega, M
|message|Lopunny has Mega Evolved into Mega Lopunny!
|move|p2a: Lopunny|Fake Out|p1a: Mienshao
|-damage|p1a: Mienshao|163\/271
|cant|p1a: Mienshao|flinch
|
|turn|2
|
|switch|p2a: Chandelure|Chandelure, M|261\/261
|move|p1a: Mienshao|High Jump Kick|p2a: Chandelure
|-immune|p2a: Chandelure|[msg]
|-damage|p1a: Mienshao|28\/271|[from] highjumpkick
|
|turn|3
|
|switch|p1a: Whimsicott|Whimsicott, F|324\/324
|move|p2a: Chandelure|Shadow Ball|p1a: Whimsicott
|-damage|p1a: Whimsicott|179\/324
|
|-heal|p1a: Whimsicott|199\/324|[from] item: Leftovers
|turn|4
|
|switch|p2a: Umbreon|Umbreon, M|394\/394
|move|p1a: Whimsicott|Encore|p2a: Umbreon
|-fail|p2a: Umbreon
|
|-heal|p1a: Whimsicott|219\/324|[from] item: Leftovers
|turn|5
|
|move|p1a: Whimsicott|Taunt|p2a: Umbreon
|-start|p2a: Umbreon|move: Taunt
|cant|p2a: Umbreon|move: Taunt|Toxic
|
|-heal|p1a: Whimsicott|239\/324|[from] item: Leftovers
|turn|6
|
|switch|p2a: Lopunny|Lopunny-Mega, M|272\/272
|move|p1a: Whimsicott|U-turn|p2a: Lopunny
|-resisted|p2a: Lopunny
|-damage|p2a: Lopunny|250\/272
|
|switch|p1a: Hippowdon|Hippowdon, F|420\/420
|
|turn|7
|
|switch|p2a: Chesnaught|Chesnaught, M|380\/380
|move|p1a: Hippowdon|Stealth Rock|p2a: Chesnaught
|-sidestart|p2: SpecsPrimeape|move: Stealth Rock
|
|turn|8
|
|switch|p1a: Whimsicott|Whimsicott, F|239\/324
|move|p2a: Chesnaught|Spikes|p1a: Whimsicott
|-sidestart|p1: Toreutic|Spikes
|
|-heal|p1a: Whimsicott|259\/324|[from] item: Leftovers
|turn|9
|
|switch|p2a: Empoleon|Empoleon, M|372\/372
|-damage|p2a: Empoleon|349\/372|[from] Stealth Rock
|move|p1a: Whimsicott|Taunt|p2a: Empoleon
|-start|p2a: Empoleon|move: Taunt
|
|-heal|p1a: Whimsicott|279\/324|[from] item: Leftovers
|-heal|p2a: Empoleon|372\/372|[from] item: Leftovers
|turn|10
|
|move|p1a: Whimsicott|Leech Seed|p2a: Empoleon
|-start|p2a: Empoleon|move: Leech Seed
|move|p2a: Empoleon|Scald|p1a: Whimsicott
|-resisted|p1a: Whimsicott
|-damage|p1a: Whimsicott|238\/324
|
|-heal|p1a: Whimsicott|258\/324|[from] item: Leftovers
|-damage|p2a: Empoleon|326\/372|[from] Leech Seed|[of] p1a: Whimsicott
|-heal|p1a: Whimsicott|304\/324|[silent]
|turn|11
|
|move|p1a: Whimsicott|U-turn|p2a: Empoleon
|-resisted|p2a: Empoleon
|-damage|p2a: Empoleon|310\/372
|
|switch|p1a: Starmie|Starmie|261\/261
|-damage|p1a: Starmie|229\/261|[from] Spikes
|move|p2a: Empoleon|Scald|p1a: Starmie
|-crit|p1a: Starmie
|-resisted|p1a: Starmie
|-damage|p1a: Starmie|139\/261
|
|-heal|p2a: Empoleon|333\/372|[from] item: Leftovers
|-damage|p2a: Empoleon|287\/372|[from] Leech Seed|[of] p1a: Starmie
|-heal|p1a: Starmie|185\/261|[silent]
|turn|12
|
|switch|p2a: Chandelure|Chandelure, M|261\/261
|-damage|p2a: Chandelure|196\/261|[from] Stealth Rock
|move|p1a: Starmie|Rapid Spin|p2a: Chandelure
|-immune|p2a: Chandelure|[msg]
|
|turn|13
|
|move|p2a: Chandelure|Trick|p1a: Starmie
|-activate|p2a: Chandelure|move: Trick|[of] p1a: Starmie
|-item|p1a: Starmie|Choice Scarf|[from] move: Trick
|-item|p2a: Chandelure|Life Orb|[from] move: Trick
|move|p1a: Starmie|Hydro Pump|p2a: Chandelure
|-supereffective|p2a: Chandelure
|-damage|p2a: Chandelure|0 fnt
|faint|p2a: Chandelure
|
|
|switch|p2a: Chesnaught|Chesnaught, M|380\/380
|-damage|p2a: Chesnaught|357\/380|[from] Stealth Rock
|turn|14
|
|switch|p1a: Chandelure|Chandelure, F|261\/261
|-damage|p1a: Chandelure|229\/261|[from] Spikes
|move|p2a: Chesnaught|Spikes|p1a: Chandelure
|-sidestart|p1: Toreutic|Spikes
|
|turn|15
|
|move|p2a: Chesnaught|Spiky Shield|p2a: Chesnaught
|-singleturn|p2a: Chesnaught|move: Protect
|move|p1a: Chandelure|Trick|p2a: Chesnaught
|-activate|p2a: Chesnaught|move: Protect
|
|turn|16
|
|switch|p1a: Starmie|Starmie|185\/261
|-damage|p1a: Starmie|142\/261|[from] Spikes
|switch|p2a: Lopunny|Lopunny-Mega, M|250\/272
|-damage|p2a: Lopunny|233\/272|[from] Stealth Rock
|
|turn|17
|
|move|p2a: Lopunny|Fake Out|p1a: Starmie
|-damage|p1a: Starmie|57\/261
|cant|p1a: Starmie|flinch
|
|turn|18
|
|switch|p2a: Chesnaught|Chesnaught, M|357\/380
|-damage|p2a: Chesnaught|334\/380|[from] Stealth Rock
|move|p1a: Starmie|Rapid Spin|p2a: Chesnaught
|-damage|p2a: Chesnaught|324\/380
|-damage|p1a: Starmie|14\/261|[from] item: Rocky Helmet|[of] p2a: Chesnaught
|-sideend|p1: Toreutic|Spikes|[from] move: Rapid Spin|[of] p1a: Starmie
|
|turn|19
|
|switch|p1a: Whimsicott|Whimsicott, F|304\/324
|move|p2a: Chesnaught|Spikes|p1a: Whimsicott
|-sidestart|p1: Toreutic|Spikes
|
|-heal|p1a: Whimsicott|324\/324|[from] item: Leftovers
|turn|20
|
|switch|p2a: Empoleon|Empoleon, M|287\/372
|-damage|p2a: Empoleon|264\/372|[from] Stealth Rock
|move|p1a: Whimsicott|Leech Seed|p2a: Empoleon
|-start|p2a: Empoleon|move: Leech Seed
|
|-heal|p2a: Empoleon|287\/372|[from] item: Leftovers
|-damage|p2a: Empoleon|241\/372|[from] Leech Seed|[of] p1a: Whimsicott
|turn|21
|
|switch|p2a: Umbreon|Umbreon, M|394\/394
|-damage|p2a: Umbreon|345\/394|[from] Stealth Rock
|move|p1a: Whimsicott|U-turn|p2a: Umbreon
|-supereffective|p2a: Umbreon
|-damage|p2a: Umbreon|277\/394
|
|switch|p1a: Dugtrio|Dugtrio, F|212\/212
|-damage|p1a: Dugtrio|186\/212|[from] Spikes
|
|-heal|p2a: Umbreon|301\/394|[from] item: Leftovers
|turn|22
|
|move|p1a: Dugtrio|Earthquake|p2a: Umbreon
|-damage|p2a: Umbreon|123\/394
|move|p2a: Umbreon|Foul Play|p1a: Dugtrio
|-crit|p1a: Dugtrio
|-damage|p1a: Dugtrio|0 fnt
|faint|p1a: Dugtrio
|
|-heal|p2a: Umbreon|147\/394|[from] item: Leftovers
|
|switch|p1a: Chandelure|Chandelure, F|229\/261
|-damage|p1a: Chandelure|197\/261|[from] Spikes
|turn|23
|
|switch|p2a: Empoleon|Empoleon, M|241\/372
|-damage|p2a: Empoleon|218\/372|[from] Stealth Rock
|move|p1a: Chandelure|Fire Blast|p2a: Empoleon
|-damage|p2a: Empoleon|0 fnt
|faint|p2a: Empoleon
|
|
|switch|p2a: Lopunny|Lopunny-Mega, M|233\/272
|-damage|p2a: Lopunny|216\/272|[from] Stealth Rock
|turn|24
|
|switch|p1a: Hippowdon|Hippowdon, F|420\/420
|-damage|p1a: Hippowdon|368\/420|[from] Spikes
|move|p2a: Lopunny|Fake Out|p1a: Hippowdon
|-damage|p1a: Hippowdon|323\/420
|-damage|p2a: Lopunny|171\/272|[from] item: Rocky Helmet|[of] p1a: Hippowdon
|
|turn|25
|
|switch|p2a: Chesnaught|Chesnaught, M|324\/380
|-damage|p2a: Chesnaught|301\/380|[from] Stealth Rock
|move|p1a: Hippowdon|Roar|p2a: Chesnaught
|drag|p2a: Jirachi|Jirachi|397\/397
|-damage|p2a: Jirachi|373\/397|[from] Stealth Rock
|
|-heal|p2a: Jirachi|397\/397|[from] item: Leftovers
|turn|26
|
|move|p2a: Jirachi|Iron Head|p1a: Hippowdon
|-damage|p1a: Hippowdon|235\/420
|-damage|p2a: Jirachi|331\/397|[from] item: Rocky Helmet|[of] p1a: Hippowdon
|cant|p1a: Hippowdon|flinch
|
|-heal|p2a: Jirachi|355\/397|[from] item: Leftovers
|turn|27
|
|move|p2a: Jirachi|Iron Head|p1a: Hippowdon
|-damage|p1a: Hippowdon|148\/420
|-damage|p2a: Jirachi|289\/397|[from] item: Rocky Helmet|[of] p1a: Hippowdon
|cant|p1a: Hippowdon|flinch
|
|-heal|p2a: Jirachi|313\/397|[from] item: Leftovers
|turn|28
|
|move|p2a: Jirachi|Iron Head|p1a: Hippowdon
|-damage|p1a: Hippowdon|61\/420
|-damage|p2a: Jirachi|247\/397|[from] item: Rocky Helmet|[of] p1a: Hippowdon
|cant|p1a: Hippowdon|flinch
|
|-heal|p2a: Jirachi|271\/397|[from] item: Leftovers
|turn|29
|
|switch|p1a: Starmie|Starmie|14\/261
|-damage|p1a: Starmie|0 fnt|[from] Spikes
|faint|p1a: Starmie
|move|p2a: Jirachi|Iron Head|p1: Starmie|[notarget]
|-notarget
|
|-heal|p2a: Jirachi|295\/397|[from] item: Leftovers
|
|switch|p1a: Chandelure|Chandelure, F|197\/261
|-damage|p1a: Chandelure|165\/261|[from] Spikes
|turn|30
|
|switch|p2a: Umbreon|Umbreon, M|147\/394
|-damage|p2a: Umbreon|98\/394|[from] Stealth Rock
|move|p1a: Chandelure|Fire Blast|p2a: Umbreon
|-damage|p2a: Umbreon|0 fnt
|faint|p2a: Umbreon
|
|
|switch|p2a: Lopunny|Lopunny-Mega, M|171\/272
|-damage|p2a: Lopunny|154\/272|[from] Stealth Rock
|turn|31
|
|switch|p1a: Hippowdon|Hippowdon, F|61\/420
|-damage|p1a: Hippowdon|9\/420|[from] Spikes
|move|p2a: Lopunny|Facade|p1a: Hippowdon
|-damage|p1a: Hippowdon|0 fnt
|-damage|p2a: Lopunny|109\/272|[from] item: Rocky Helmet|[of] p1a: Hippowdon
|faint|p1a: Hippowdon
|
|
|switch|p1a: Mienshao|Mienshao, M|118\/271
|-damage|p1a: Mienshao|85\/271|[from] Spikes
|turn|32
|
|switch|p2a: Chesnaught|Chesnaught, M|301\/380
|-damage|p2a: Chesnaught|278\/380|[from] Stealth Rock
|move|p1a: Mienshao|U-turn|p2a: Chesnaught
|-damage|p2a: Chesnaught|230\/380
|-damage|p1a: Mienshao|40\/271|[from] item: Rocky Helmet|[of] p2a: Chesnaught
|
|switch|p1a: Chandelure|Chandelure, F|165\/261
|-damage|p1a: Chandelure|133\/261|[from] Spikes
|
|turn|33
|
|move|p2a: Chesnaught|Spiky Shield|p2a: Chesnaught
|-singleturn|p2a: Chesnaught|move: Protect
|move|p1a: Chandelure|Fire Blast|p2a: Chesnaught
|-activate|p2a: Chesnaught|move: Protect
|
|turn|34
|
|switch|p2a: Jirachi|Jirachi|295\/397
|-damage|p2a: Jirachi|271\/397|[from] Stealth Rock
|move|p1a: Chandelure|Fire Blast|p2a: Jirachi
|-supereffective|p2a: Jirachi
|-damage|p2a: Jirachi|0 fnt
|faint|p2a: Jirachi
|
|
|switch|p2a: Lopunny|Lopunny-Mega, M|109\/272
|-damage|p2a: Lopunny|92\/272|[from] Stealth Rock
|turn|35
|
|switch|p1a: Whimsicott|Whimsicott, F|324\/324
|-damage|p1a: Whimsicott|284\/324|[from] Spikes
|move|p2a: Lopunny|Fake Out|p1a: Whimsicott
|-crit|p1a: Whimsicott
|-damage|p1a: Whimsicott|157\/324
|
|-heal|p1a: Whimsicott|177\/324|[from] item: Leftovers
|turn|36
|
|switch|p2a: Chesnaught|Chesnaught, M|230\/380
|-damage|p2a: Chesnaught|207\/380|[from] Stealth Rock
|move|p1a: Whimsicott|Encore|p2a: Chesnaught
|-fail|p2a: Chesnaught
|
|-heal|p1a: Whimsicott|197\/324|[from] item: Leftovers
|turn|37
|
|move|p1a: Whimsicott|Taunt|p2a: Chesnaught
|-start|p2a: Chesnaught|move: Taunt
|move|p2a: Chesnaught|Drain Punch|p1a: Whimsicott
|-resisted|p1a: Whimsicott
|-damage|p1a: Whimsicott|143\/324
|-heal|p2a: Chesnaught|234\/380|[from] drain|[of] p1a: Whimsicott
|
|-heal|p1a: Whimsicott|163\/324|[from] item: Leftovers
|turn|38
|
|switch|p1a: Chandelure|Chandelure, F|133\/261
|-damage|p1a: Chandelure|101\/261|[from] Spikes
|switch|p2a: Lopunny|Lopunny-Mega, M|92\/272
|-damage|p2a: Lopunny|75\/272|[from] Stealth Rock
|
|turn|39
|
|switch|p1a: Whimsicott|Whimsicott, F|163\/324
|-damage|p1a: Whimsicott|123\/324|[from] Spikes
|move|p2a: Lopunny|Fake Out|p1a: Whimsicott
|-damage|p1a: Whimsicott|44\/324
|
|-heal|p1a: Whimsicott|64\/324|[from] item: Leftovers
|turn|40
|
|move|p2a: Lopunny|Facade|p1a: Whimsicott
|-damage|p1a: Whimsicott|0 fnt
|faint|p1a: Whimsicott
|
|
|switch|p1a: Mienshao|Mienshao, M|130\/271
|-damage|p1a: Mienshao|97\/271|[from] Spikes
|turn|41
|
|switch|p2a: Chesnaught|Chesnaught, M|234\/380
|-damage|p2a: Chesnaught|211\/380|[from] Stealth Rock
|move|p1a: Mienshao|High Jump Kick|p2a: Chesnaught
|-damage|p2a: Chesnaught|60\/380
|-damage|p1a: Mienshao|52\/271|[from] item: Rocky Helmet|[of] p2a: Chesnaught
|
|turn|42
|
|switch|p1a: Chandelure|Chandelure, F|101\/261
|-damage|p1a: Chandelure|69\/261|[from] Spikes
|move|p2a: Chesnaught|Spikes|p1a: Chandelure
|-sidestart|p1: Toreutic|Spikes
|
|turn|43
|
|move|p2a: Chesnaught|Spiky Shield|p2a: Chesnaught
|-singleturn|p2a: Chesnaught|move: Protect
|move|p1a: Chandelure|Fire Blast|p2a: Chesnaught
|-activate|p2a: Chesnaught|move: Protect
|
|turn|44
|
|move|p2a: Chesnaught|Spiky Shield|p2a: Chesnaught
|-fail|p2a: Chesnaught
|move|p1a: Chandelure|Fire Blast|p2a: Chesnaught
|-supereffective|p2a: Chesnaught
|-damage|p2a: Chesnaught|0 fnt
|faint|p2a: Chesnaught
|
|
|switch|p2a: Lopunny|Lopunny-Mega, M|75\/272
|-damage|p2a: Lopunny|58\/272|[from] Stealth Rock
|turn|45
|
|move|p2a: Lopunny|Fake Out|p1a: Chandelure
|-damage|p1a: Chandelure|0 fnt
|faint|p1a: Chandelure
|
|
|switch|p1a: Mienshao|Mienshao, M|142\/271
|-damage|p1a: Mienshao|97\/271|[from] Spikes
|turn|46
|
|move|p1a: Mienshao|High Jump Kick|p2a: Lopunny
|-crit|p2a: Lopunny
|-supereffective|p2a: Lopunny
|-damage|p2a: Lopunny|0 fnt
|faint|p2a: Lopunny
|
|win|Toreutic
|raw|Ladder updating...
|c|âToreutic|really gg
|raw|Toreutic's rating: 1243 &rarr; <strong>1266<\/strong><br \/>(+23 for winning)
|raw|SpecsPrimeape's rating: 1217 &rarr; <strong>1194<\/strong><br \/>(-23 for losing)
|leave|SpecsPrimeape
|player|p2