|join|DM35
|join|Toreutic
|player|p1|DM35|285
|player|p2|Toreutic|170
|gametype|singles
|gen|6
|tier|UU
|rated
|rule|Sleep Clause Mod: Limit one foe put to sleep
|rule|Species Clause: Limit one of each PokÃ©mon
|rule|OHKO Clause: OHKO moves are banned
|rule|Moody Clause: Moody is banned
|rule|Evasion Moves Clause: Evasion moves are banned
|rule|Endless Battle Clause: Forcing endless battles is banned
|rule|HP Percentage Mod: HP is shown in percentages
|clearpoke
|poke|p1|Crobat, M
|poke|p1|Forretress, F
|poke|p1|Quagsire, M
|poke|p1|Florges, F
|poke|p1|Empoleon, M
|poke|p1|Ampharos, M
|poke|p2|Whimsicott, M
|poke|p2|Chandelure, F
|poke|p2|Mienshao, M
|poke|p2|Starmie
|poke|p2|Hippowdon, M
|poke|p2|Dugtrio, M
|rule|Swagger Clause: Swagger is banned
|rule|Baton Pass Clause: Limit one PokÃ©mon knowing Baton Pass
|teampreview
|
|start
|switch|p1a: Crobat|Crobat, M|373\/373
|switch|p2a: Chandelure|Chandelure, F|261\/261
|turn|1
|
|switch|p1a: Quagsire|Quagsire, M|394\/394
|switch|p2a: Hippowdon|Hippowdon, M|420\/420
|
|turn|2
|
|switch|p2a: Whimsicott|Whimsicott, M|324\/324
|move|p1a: Quagsire|Scald|p2a: Whimsicott
|-resisted|p2a: Whimsicott
|-damage|p2a: Whimsicott|295\/324
|
|-heal|p2a: Whimsicott|315\/324|[from] item: Leftovers
|turn|3
|
|switch|p1a: Crobat|Crobat, M|373\/373
|move|p2a: Whimsicott|Leech Seed|p1a: Crobat
|-start|p1a: Crobat|move: Leech Seed
|
|-heal|p2a: Whimsicott|324\/324|[from] item: Leftovers
|-damage|p1a: Crobat|327\/373|[from] Leech Seed|[of] p2a: Whimsicott
|turn|4
|
|switch|p2a: Hippowdon|Hippowdon, M|420\/420
|move|p1a: Crobat|Taunt|p2a: Hippowdon
|-start|p2a: Hippowdon|move: Taunt
|
|-heal|p1a: Crobat|350\/373|[from] item: Black Sludge
|-damage|p1a: Crobat|304\/373|[from] Leech Seed|[of] p2a: Hippowdon
|turn|5
|
|switch|p1a: Quagsire|Quagsire, M|394\/394
|move|p2a: Hippowdon|Earthquake|p1a: Quagsire
|-damage|p1a: Quagsire|291\/394
|
|-heal|p1a: Quagsire|315\/394|[from] item: Leftovers
|turn|6
|
|switch|p2a: Starmie|Starmie|261\/261
|move|p1a: Quagsire|Toxic|p2a: Starmie
|-status|p2a: Starmie|tox
|
|-heal|p1a: Quagsire|339\/394|[from] item: Leftovers
|-damage|p2a: Starmie|245\/261 tox|[from] psn
|turn|7
|
|switch|p1a: Empoleon|Empoleon, M|372\/372
|move|p2a: Starmie|Hydro Pump|p1a: Empoleon
|-resisted|p1a: Empoleon
|-damage|p1a: Empoleon|271\/372
|-damage|p2a: Starmie|219\/261 tox|[from] item: Life Orb
|
|-heal|p1a: Empoleon|294\/372|[from] item: Leftovers
|-damage|p2a: Starmie|187\/261 tox|[from] psn
|turn|8
|
|switch|p2a: Whimsicott|Whimsicott, M|324\/324
|move|p1a: Empoleon|Stealth Rock|p2a: Whimsicott
|-sidestart|p2: Toreutic|move: Stealth Rock
|
|-heal|p1a: Empoleon|317\/372|[from] item: Leftovers
|turn|9
|
|move|p1a: Empoleon|Protect|p1a: Empoleon
|-singleturn|p1a: Empoleon|Protect
|move|p2a: Whimsicott|U-turn|p1a: Empoleon
|-activate|p1a: Empoleon|Protect
|
|-heal|p1a: Empoleon|340\/372|[from] item: Leftovers
|turn|10
|
|switch|p1a: Crobat|Crobat, M|304\/373
|move|p2a: Whimsicott|Encore|p1a: Crobat
|-fail|p1a: Crobat
|
|-heal|p1a: Crobat|327\/373|[from] item: Black Sludge
|turn|11
|
|switch|p2a: Hippowdon|Hippowdon, M|420\/420
|-damage|p2a: Hippowdon|394\/420|[from] Stealth Rock
|move|p1a: Crobat|Super Fang|p2a: Hippowdon
|-damage|p2a: Hippowdon|197\/420
|-damage|p1a: Crobat|265\/373|[from] item: Rocky Helmet|[of] p2a: Hippowdon
|
|-heal|p1a: Crobat|288\/373|[from] item: Black Sludge
|turn|12
|
|switch|p2a: Mienshao|Mienshao, M|271\/271
|-damage|p2a: Mienshao|255\/271|[from] Stealth Rock
|move|p1a: Crobat|Taunt|p2a: Mienshao
|-start|p2a: Mienshao|move: Taunt
|
|-heal|p1a: Crobat|311\/373|[from] item: Black Sludge
|turn|13
|
|move|p2a: Mienshao|U-turn|p1a: Crobat
|-resisted|p1a: Crobat
|-damage|p1a: Crobat|289\/373
|
|switch|p2a: Hippowdon|Hippowdon, M|197\/420
|-damage|p2a: Hippowdon|171\/420|[from] Stealth Rock
|move|p1a: Crobat|Brave Bird|p2a: Hippowdon
|-damage|p2a: Hippowdon|95\/420
|-damage|p1a: Crobat|227\/373|[from] item: Rocky Helmet|[of] p2a: Hippowdon
|-damage|p1a: Crobat|202\/373|[from] recoil|[of] p2a: Hippowdon
|
|-heal|p1a: Crobat|225\/373|[from] item: Black Sludge
|turn|14
|
|move|p1a: Crobat|Taunt|p2a: Hippowdon
|-start|p2a: Hippowdon|move: Taunt
|cant|p2a: Hippowdon|move: Taunt|Slack Off
|
|-heal|p1a: Crobat|248\/373|[from] item: Black Sludge
|turn|15
|
|move|p1a: Crobat|Brave Bird|p2a: Hippowdon
|-damage|p2a: Hippowdon|13\/420
|-damage|p1a: Crobat|186\/373|[from] item: Rocky Helmet|[of] p2a: Hippowdon
|-damage|p1a: Crobat|159\/373|[from] recoil|[of] p2a: Hippowdon
|move|p2a: Hippowdon|Earthquake|p1a: Crobat
|-immune|p1a: Crobat|[msg]
|
|-heal|p1a: Crobat|182\/373|[from] item: Black Sludge
|turn|16
|
|move|p1a: Crobat|Brave Bird|p2a: Hippowdon
|-damage|p2a: Hippowdon|0 fnt
|-damage|p1a: Crobat|120\/373|[from] item: Rocky Helmet|[of] p2a: Hippowdon
|-damage|p1a: Crobat|116\/373|[from] recoil|[of] p2a: Hippowdon
|faint|p2a: Hippowdon
|
|-heal|p1a: Crobat|139\/373|[from] item: Black Sludge
|
|switch|p2a: Mienshao|Mienshao, M|271\/271
|-damage|p2a: Mienshao|255\/271|[from] Stealth Rock
|turn|17
|
|move|p2a: Mienshao|Knock Off|p1a: Crobat
|-damage|p1a: Crobat|22\/373
|-enditem|p1a: Crobat|Black Sludge|[from] move: Knock Off|[of] p2a: Mienshao
|move|p1a: Crobat|Roost|p1a: Crobat
|-heal|p1a: Crobat|209\/373
|
|turn|18
|join|System's Down
|
|switch|p2a: Starmie|Starmie|187\/261 tox
|-damage|p2a: Starmie|155\/261 tox|[from] Stealth Rock
|move|p1a: Crobat|Roost|p1a: Crobat
|-heal|p1a: Crobat|373\/373
|
|-damage|p2a: Starmie|139\/261 tox|[from] psn
|turn|19
|
|switch|p1a: Empoleon|Empoleon, M|340\/372
|move|p2a: Starmie|Hydro Pump|p1a: Empoleon
|-resisted|p1a: Empoleon
|-damage|p1a: Empoleon|233\/372
|-damage|p2a: Starmie|113\/261 tox|[from] item: Life Orb
|
|-heal|p1a: Empoleon|256\/372|[from] item: Leftovers
|-damage|p2a: Starmie|81\/261 tox|[from] psn
|turn|20
|
|switch|p2a: Whimsicott|Whimsicott, M|324\/324
|-damage|p2a: Whimsicott|284\/324|[from] Stealth Rock
|move|p1a: Empoleon|Scald|p2a: Whimsicott
|-resisted|p2a: Whimsicott
|-damage|p2a: Whimsicott|237\/324
|
|-heal|p2a: Whimsicott|257\/324|[from] item: Leftovers
|-heal|p1a: Empoleon|279\/372|[from] item: Leftovers
|turn|21
|
|move|p1a: Empoleon|Protect|p1a: Empoleon
|-singleturn|p1a: Empoleon|Protect
|move|p2a: Whimsicott|Leech Seed|p1a: Empoleon
|-activate|p1a: Empoleon|Protect
|
|-heal|p2a: Whimsicott|277\/324|[from] item: Leftovers
|-heal|p1a: Empoleon|302\/372|[from] item: Leftovers
|turn|22
|
|switch|p1a: Forretress|Forretress, F|354\/354
|move|p2a: Whimsicott|U-turn|p1a: Forretress
|-resisted|p1a: Forretress
|-damage|p1a: Forretress|343\/354
|
|switch|p2a: Chandelure|Chandelure, F|261\/261
|-damage|p2a: Chandelure|196\/261|[from] Stealth Rock
|
|-heal|p1a: Forretress|354\/354|[from] item: Leftovers
|turn|23
|
|switch|p1a: Florges|Florges, F|359\/359
|move|p2a: Chandelure|Shadow Ball|p1a: Florges
|-damage|p1a: Florges|196\/359
|-unboost|p1a: Florges|spd|1
|
|-heal|p1a: Florges|218\/359|[from] item: Leftovers
|turn|24
|leave|Dream Eater Gengar
|
|move|p1a: Florges|Protect|p1a: Florges
|-singleturn|p1a: Florges|Protect
|move|p2a: Chandelure|Shadow Ball|p1a: Florges
|-activate|p1a: Florges|Protect
|
|-heal|p1a: Florges|240\/359|[from] item: Leftovers
|turn|25
|c|âDM35|that drop zzz
|
|switch|p1a: Forretress|Forretress, F|354\/354
|move|p2a: Chandelure|Shadow Ball|p1a: Forretress
|-activate|p1a: Forretress|Sturdy
|-damage|p1a: Forretress|1\/354
|
|-heal|p1a: Forretress|23\/354|[from] item: Leftovers
|turn|26
|
|move|p2a: Chandelure|Shadow Ball|p1a: Forretress
|-damage|p1a: Forretress|0 fnt
|faint|p1a: Forretress
|
|
|switch|p1a: Empoleon|Empoleon, M|302\/372
|turn|27
|
|switch|p2a: Whimsicott|Whimsicott, M|277\/324
|-damage|p2a: Whimsicott|237\/324|[from] Stealth Rock
|move|p1a: Empoleon|Scald|p2a: Whimsicott
|-resisted|p2a: Whimsicott
|-damage|p2a: Whimsicott|191\/324
|
|-heal|p2a: Whimsicott|211\/324|[from] item: Leftovers
|-heal|p1a: Empoleon|325\/372|[from] item: Leftovers
|turn|28
|
|switch|p2a: Dugtrio|Dugtrio, M|212\/212
|-damage|p2a: Dugtrio|199\/212|[from] Stealth Rock
|switch|p1a: Crobat|Crobat, M|373\/373
|
|turn|29
|
|switch|p1a: Quagsire|Quagsire, M|339\/394
|switch|p2a: Starmie|Starmie|81\/261 tox
|-damage|p2a: Starmie|49\/261 tox|[from] Stealth Rock
|
|-heal|p1a: Quagsire|363\/394|[from] item: Leftovers
|-damage|p2a: Starmie|33\/261 tox|[from] psn
|turn|30
|
|switch|p1a: Empoleon|Empoleon, M|325\/372
|move|p2a: Starmie|Rapid Spin|p1a: Empoleon
|-resisted|p1a: Empoleon
|-damage|p1a: Empoleon|315\/372
|-sideend|p2: Toreutic|Stealth Rock|[from] move: Rapid Spin|[of] p2a: Starmie
|-damage|p2a: Starmie|7\/261 tox|[from] item: Life Orb
|
|-heal|p1a: Empoleon|338\/372|[from] item: Leftovers
|-damage|p2a: Starmie|0 fnt|[from] psn
|faint|p2a: Starmie
|
|switch|p2a: Dugtrio|Dugtrio, M|199\/212
|turn|31
|
|move|p2a: Dugtrio|Earthquake|p1a: Empoleon
|-supereffective|p1a: Empoleon
|-damage|p1a: Empoleon|0 fnt
|faint|p1a: Empoleon
|
|
|switch|p1a: Quagsire|Quagsire, M|363\/394
|turn|32
|
|switch|p2a: Whimsicott|Whimsicott, M|211\/324
|move|p1a: Quagsire|Scald|p2a: Whimsicott
|-resisted|p2a: Whimsicott
|-damage|p2a: Whimsicott|184\/324
|
|-heal|p2a: Whimsicott|204\/324|[from] item: Leftovers
|-heal|p1a: Quagsire|387\/394|[from] item: Leftovers
|turn|33
|c|âDM35|omlk
|c|âDM35|water veil whimsi or something jesus
|
|switch|p1a: Crobat|Crobat, M|373\/373
|move|p2a: Whimsicott|Leech Seed|p1a: Crobat|[miss]
|-miss|p2a: Whimsicott|p1a: Crobat
|
|-heal|p2a: Whimsicott|224\/324|[from] item: Leftovers
|turn|34
|
|switch|p2a: Mienshao|Mienshao, M|271\/271
|move|p1a: Crobat|Brave Bird|p2a: Mienshao
|-supereffective|p2a: Mienshao
|-damage|p2a: Mienshao|0 fnt
|-damage|p1a: Crobat|284\/373|[from] recoil|[of] p2a: Mienshao
|faint|p2a: Mienshao
|
|
|switch|p2a: Chandelure|Chandelure, F|196\/261
|turn|35
|
|move|p1a: Crobat|Brave Bird|p2a: Chandelure
|-damage|p2a: Chandelure|46\/261
|-damage|p1a: Crobat|234\/373|[from] recoil|[of] p2a: Chandelure
|move|p2a: Chandelure|Shadow Ball|p1a: Crobat
|-damage|p1a: Crobat|0 fnt
|faint|p1a: Crobat
|
|
|switch|p1a: Ampharos|Ampharos, M|354\/354
|turn|36
|
|switch|p2a: Whimsicott|Whimsicott, M|224\/324
|detailschange|p1a: Ampharos|Ampharos-Mega, M
|message|Ampharos has Mega Evolved into Mega Ampharos!
|-ability|p1a: Ampharos|Mold Breaker
|move|p1a: Ampharos|Dragon Pulse|p2a: Whimsicott
|-immune|p2a: Whimsicott|[msg]
|
|-heal|p2a: Whimsicott|244\/324|[from] item: Leftovers
|turn|37
|
|switch|p1a: Florges|Florges, F|240\/359
|move|p2a: Whimsicott|Encore|p1a: Florges
|-fail|p1a: Florges
|
|-heal|p2a: Whimsicott|264\/324|[from] item: Leftovers
|-heal|p1a: Florges|262\/359|[from] item: Leftovers
|turn|38
|
|move|p2a: Whimsicott|Taunt|p1a: Florges
|-start|p1a: Florges|move: Taunt
|cant|p1a: Florges|move: Taunt|Wish
|
|-heal|p2a: Whimsicott|284\/324|[from] item: Leftovers
|-heal|p1a: Florges|284\/359|[from] item: Leftovers
|turn|39
|
|move|p2a: Whimsicott|Leech Seed|p1a: Florges
|-start|p1a: Florges|move: Leech Seed
|move|p1a: Florges|Moonblast|p2a: Whimsicott
|-damage|p2a: Whimsicott|179\/324
|
|-heal|p2a: Whimsicott|199\/324|[from] item: Leftovers
|-heal|p1a: Florges|306\/359|[from] item: Leftovers
|-damage|p1a: Florges|262\/359|[from] Leech Seed|[of] p2a: Whimsicott
|-heal|p2a: Whimsicott|243\/324|[silent]
|turn|40
|
|move|p2a: Whimsicott|Leech Seed|p1a: Florges
|-fail|p1a: Florges
|move|p1a: Florges|Moonblast|p2a: Whimsicott
|-damage|p2a: Whimsicott|129\/324
|
|-heal|p2a: Whimsicott|149\/324|[from] item: Leftovers
|-heal|p1a: Florges|284\/359|[from] item: Leftovers
|-damage|p1a: Florges|240\/359|[from] Leech Seed|[of] p2a: Whimsicott
|-heal|p2a: Whimsicott|193\/324|[silent]
|-end|p1a: Florges|move: Taunt
|turn|41
|
|move|p2a: Whimsicott|U-turn|p1a: Florges
|-resisted|p1a: Florges
|-damage|p1a: Florges|218\/359
|
|switch|p2a: Dugtrio|Dugtrio, M|199\/212
|move|p1a: Florges|Moonblast|p2a: Dugtrio
|-damage|p2a: Dugtrio|36\/212
|
|-heal|p1a: Florges|240\/359|[from] item: Leftovers
|-damage|p1a: Florges|196\/359|[from] Leech Seed|[of] p2a: Dugtrio
|-heal|p2a: Dugtrio|80\/212|[silent]
|turn|42
|
|move|p2a: Dugtrio|Earthquake|p1a: Florges
|-damage|p1a: Florges|0 fnt
|faint|p1a: Florges
|
|
|switch|p1a: Quagsire|Quagsire, M|387\/394
|turn|43
|
|move|p2a: Dugtrio|Earthquake|p1a: Quagsire
|-crit|p1a: Quagsire
|-damage|p1a: Quagsire|174\/394
|move|p1a: Quagsire|Scald|p2a: Dugtrio
|-supereffective|p2a: Dugtrio
|-damage|p2a: Dugtrio|0 fnt
|faint|p2a: Dugtrio
|
|-heal|p1a: Quagsire|198\/394|[from] item: Leftovers
|c|âDM35|zzzz
|
|switch|p2a: Chandelure|Chandelure, F|46\/261
|turn|44
|
|move|p2a: Chandelure|Shadow Ball|p1a: Quagsire
|-damage|p1a: Quagsire|0 fnt
|faint|p1a: Quagsire
|
|
|switch|p1a: Ampharos|Ampharos-Mega, M|354\/354
|-ability|p1a: Ampharos|Mold Breaker
|turn|45
|
|move|p2a: Chandelure|Shadow Ball|p1a: Ampharos
|-damage|p1a: Ampharos|123\/354
|-unboost|p1a: Ampharos|spd|1
|move|p1a: Ampharos|Thunderbolt|p2a: Chandelure
|-damage|p2a: Chandelure|0 fnt
|faint|p2a: Chandelure
|
|c|âDM35|lol
|
|switch|p2a: Whimsicott|Whimsicott, M|193\/324
|turn|46
|c|âDM35|keep getting lucky
|c|âDM35|lucky n bad
|
|move|p2a: Whimsicott|Leech Seed|p1a: Ampharos
|-start|p1a: Ampharos|move: Leech Seed
|move|p1a: Ampharos|Thunderbolt|p2a: Whimsicott
|-resisted|p2a: Whimsicott
|-damage|p2a: Whimsicott|103\/324
|
|-heal|p2a: Whimsicott|123\/324|[from] item: Leftovers
|-damage|p1a: Ampharos|79\/354|[from] Leech Seed|[of] p2a: Whimsicott
|-heal|p2a: Whimsicott|167\/324|[silent]
|turn|47
|c|âDM35|if that thing had got burnt even once...
|
|move|p2a: Whimsicott|U-turn|p1a: Ampharos
|-damage|p1a: Ampharos|39\/354
|move|p1a: Ampharos|Thunderbolt|p2a: Whimsicott
|-resisted|p2a: Whimsicott
|-damage|p2a: Whimsicott|68\/324
|
|-heal|p2a: Whimsicott|88\/324|[from] item: Leftovers
|-damage|p1a: Ampharos|0 fnt|[from] Leech Seed|[of] p2a: Whimsicott
|-heal|p2a: Whimsicott|127\/324|[silent]
|faint|p1a: Ampharos
|
|win|Toreutic
|raw|Ladder updating...
|raw|DM35's rating: 1406 &rarr; <strong>1383<\/strong><br \/>(-23 for losing)
|raw|Toreutic's rating: 1358 &rarr; <strong>1380<\/strong><br \/>(+22 for winning)
|leave|DM35
|player|p1