|join|Haxxhatred
|join|Toreutic
|player|p1|Haxxhatred|266
|player|p2|Toreutic|126
|gametype|singles
|gen|6
|tier|UU
|rated
|rule|Sleep Clause Mod: Limit one foe put to sleep
|rule|Species Clause: Limit one of each PokÃ©mon
|rule|OHKO Clause: OHKO moves are banned
|rule|Moody Clause: Moody is banned
|rule|Evasion Moves Clause: Evasion moves are banned
|rule|Endless Battle Clause: Forcing endless battles is banned
|rule|HP Percentage Mod: HP is reported as percentages
|clearpoke
|poke|p1|Chandelure, F
|poke|p1|Hydreigon, F
|poke|p1|Starmie
|poke|p1|Vanilluxe, M
|poke|p1|Krookodile, M
|poke|p1|Aggron, M
|poke|p2|Noivern, M
|poke|p2|Cloyster, M
|poke|p2|Reuniclus, M
|poke|p2|Toxicroak, F
|poke|p2|Forretress, M
|poke|p2|Jolteon, F
|rule|Swagger Clause: Swagger is banned
|rule|Baton Pass Clause: Limit one PokÃ©mon knowing Baton Pass
|teampreview
|
|start
|switch|p1a: Krookodile|Krookodile, M|353\/353
|switch|p2a: Noivern|Noivern, M|312\/312
|-item|p1a: Krookodile|Life Orb|[from] ability: Frisk|[of] p2a: Noivern|[identify]
|-ability|p1a: Krookodile|Intimidate|[of] p2a: Noivern
|-unboost|p2a: Noivern|atk|1
|turn|1
|
|switch|p1a: Starmie|Starmie|302\/302
|move|p2a: Noivern|U-turn|p1a: Starmie
|-supereffective|p1a: Starmie
|-damage|p1a: Starmie|242\/302
|
|switch|p2a: Jolteon|Jolteon, F|292\/292
|
|turn|2
|
|switch|p1a: Hydreigon|Hydreigon, F|355\/355
|move|p2a: Jolteon|Volt Switch|p1a: Hydreigon
|-resisted|p1a: Hydreigon
|-damage|p1a: Hydreigon|285\/355
|-damage|p2a: Jolteon|263\/292|[from] item: Life Orb
|
|switch|p2a: Noivern|Noivern, M|312\/312
|-item|p1a: Hydreigon|Leftovers|[from] ability: Frisk|[of] p2a: Noivern|[identify]
|
|-heal|p1a: Hydreigon|307\/355|[from] item: Leftovers
|turn|3
|
|switch|p1a: Aggron|Aggron, M|328\/328
|move|p2a: Noivern|Draco Meteor|p1a: Aggron
|-resisted|p1a: Aggron
|-damage|p1a: Aggron|131\/328
|-unboost|p2a: Noivern|spa|2
|
|turn|4
|
|switch|p2a: Reuniclus|Reuniclus, M|424\/424
|detailschange|p1a: Aggron|Aggron-Mega, M
|message|Aggron has Mega Evolved into Mega Aggron!
|move|p1a: Aggron|Heavy Slam|p2a: Reuniclus
|-damage|p2a: Reuniclus|237\/424
|
|-heal|p2a: Reuniclus|263\/424|[from] item: Leftovers
|turn|5
|
|move|p1a: Aggron|Stealth Rock|p2a: Reuniclus
|-sidestart|p2: Toreutic|move: Stealth Rock
|move|p2a: Reuniclus|Recover|p2a: Reuniclus
|-heal|p2a: Reuniclus|424\/424
|
|turn|6
|
|move|p1a: Aggron|Taunt|p2a: Reuniclus
|-start|p2a: Reuniclus|move: Taunt
|move|p2a: Reuniclus|Focus Blast|p1a: Aggron
|-supereffective|p1a: Aggron
|-damage|p1a: Aggron|0 fnt
|faint|p1a: Aggron
|
|
|switch|p1a: Chandelure|Chandelure, F|315\/315
|turn|7
|
|move|p1a: Chandelure|Shadow Ball|p2a: Reuniclus
|-supereffective|p2a: Reuniclus
|-damage|p2a: Reuniclus|0 fnt
|-damage|p1a: Chandelure|284\/315|[from] item: Life Orb
|faint|p2a: Reuniclus
|
|
|switch|p2a: Noivern|Noivern, M|312\/312
|-damage|p2a: Noivern|234\/312|[from] Stealth Rock
|-item|p1a: Chandelure|Life Orb|[from] ability: Frisk|[of] p2a: Noivern|[identify]
|turn|8
|
|switch|p1a: Vanilluxe|Vanilluxe, M|302\/302
|move|p2a: Noivern|Draco Meteor|p1a: Vanilluxe
|-damage|p1a: Vanilluxe|0 fnt
|-unboost|p2a: Noivern|spa|2
|faint|p1a: Vanilluxe
|
|
|switch|p1a: Hydreigon|Hydreigon, F|307\/355
|turn|9
|
|move|p2a: Noivern|Draco Meteor|p1a: Hydreigon
|-supereffective|p1a: Hydreigon
|-damage|p1a: Hydreigon|11\/355
|-unboost|p2a: Noivern|spa|2
|move|p1a: Hydreigon|Roost|p1a: Hydreigon
|-heal|p1a: Hydreigon|189\/355
|
|-heal|p1a: Hydreigon|211\/355|[from] item: Leftovers
|turn|10
|
|switch|p2a: Cloyster|Cloyster, M|242\/242
|-damage|p2a: Cloyster|182\/242|[from] Stealth Rock
|move|p1a: Hydreigon|Dark Pulse|p2a: Cloyster
|-damage|p2a: Cloyster|0 fnt
|faint|p2a: Cloyster
|
|-heal|p1a: Hydreigon|233\/355|[from] item: Leftovers
|
|switch|p2a: Noivern|Noivern, M|234\/312
|-damage|p2a: Noivern|156\/312|[from] Stealth Rock
|-item|p1a: Hydreigon|Leftovers|[from] ability: Frisk|[of] p2a: Noivern|[identify]
|turn|11
|
|switch|p1a: Starmie|Starmie|242\/302
|move|p2a: Noivern|Draco Meteor|p1a: Starmie|[miss]
|-miss|p2a: Noivern|p1a: Starmie
|
|turn|12
|
|switch|p1a: Chandelure|Chandelure, F|284\/315
|move|p2a: Noivern|Draco Meteor|p1a: Chandelure
|-damage|p1a: Chandelure|0 fnt
|-unboost|p2a: Noivern|spa|2
|faint|p1a: Chandelure
|
|
|switch|p1a: Krookodile|Krookodile, M|353\/353
|-ability|p1a: Krookodile|Intimidate|[of] p2a: Noivern
|-unboost|p2a: Noivern|atk|1
|turn|13
|
|move|p1a: Krookodile|Pursuit|p2a: Noivern|[from]Pursuit
|-damage|p2a: Noivern|0 fnt
|-damage|p1a: Krookodile|318\/353|[from] item: Life Orb
|faint|p2a: Noivern
|
|
|switch|p2a: Forretress|Forretress, M|354\/354
|-damage|p2a: Forretress|310\/354|[from] Stealth Rock
|turn|14
|
|move|p1a: Krookodile|Knock Off|p2a: Forretress
|-damage|p2a: Forretress|193\/354
|-enditem|p2a: Forretress|Red Card|[from] move: Knock Off|[of] p1a: Krookodile
|-damage|p1a: Krookodile|283\/353|[from] item: Life Orb
|move|p2a: Forretress|Gyro Ball|p1a: Krookodile
|-damage|p1a: Krookodile|181\/353
|
|turn|15
|
|move|p1a: Krookodile|Earthquake|p2a: Forretress
|-damage|p2a: Forretress|63\/354
|-damage|p1a: Krookodile|146\/353|[from] item: Life Orb
|move|p2a: Forretress|Stealth Rock|p1a: Krookodile
|-sidestart|p1: Haxxhatred|move: Stealth Rock
|
|turn|16
|
|move|p1a: Krookodile|Earthquake|p2a: Forretress
|-damage|p2a: Forretress|0 fnt
|-damage|p1a: Krookodile|111\/353|[from] item: Life Orb
|faint|p2a: Forretress
|
|
|switch|p2a: Jolteon|Jolteon, F|263\/292
|-damage|p2a: Jolteon|227\/292|[from] Stealth Rock
|turn|17
|
|move|p2a: Jolteon|Hidden Power|p1a: Krookodile
|-supereffective|p1a: Krookodile
|-damage|p1a: Krookodile|0 fnt
|-damage|p2a: Jolteon|198\/292|[from] item: Life Orb
|faint|p1a: Krookodile
|
|
|switch|p1a: Hydreigon|Hydreigon, F|233\/355
|-damage|p1a: Hydreigon|189\/355|[from] Stealth Rock
|turn|18
|
|move|p2a: Jolteon|Hidden Power|p1a: Hydreigon
|-supereffective|p1a: Hydreigon
|-damage|p1a: Hydreigon|33\/355
|-damage|p2a: Jolteon|169\/292|[from] item: Life Orb
|move|p1a: Hydreigon|Roost|p1a: Hydreigon
|-heal|p1a: Hydreigon|211\/355
|
|-heal|p1a: Hydreigon|233\/355|[from] item: Leftovers
|turn|19
|
|move|p2a: Jolteon|Hidden Power|p1a: Hydreigon
|-supereffective|p1a: Hydreigon
|-damage|p1a: Hydreigon|61\/355
|-damage|p2a: Jolteon|140\/292|[from] item: Life Orb
|move|p1a: Hydreigon|Dragon Pulse|p2a: Jolteon
|-damage|p2a: Jolteon|17\/292
|
|-heal|p1a: Hydreigon|83\/355|[from] item: Leftovers
|turn|20
|
|move|p2a: Jolteon|Hidden Power|p1a: Hydreigon
|-supereffective|p1a: Hydreigon
|-damage|p1a: Hydreigon|0 fnt
|-damage|p2a: Jolteon|0 fnt|[from] item: Life Orb
|faint|p1a: Hydreigon
|faint|p2a: Jolteon
|
|
|switch|p1a: Starmie|Starmie|242\/302
|-damage|p1a: Starmie|205\/302|[from] Stealth Rock
|switch|p2a: Toxicroak|Toxicroak, F|307\/307
|-damage|p2a: Toxicroak|288\/307|[from] Stealth Rock
|-item|p2a: Toxicroak|Air Balloon
|turn|21
|
|move|p2a: Toxicroak|Sucker Punch|p1a: Starmie
|-supereffective|p1a: Starmie
|-damage|p1a: Starmie|1\/302
|move|p1a: Starmie|Psyshock|p2a: Toxicroak
|-supereffective|p2a: Toxicroak
|-damage|p2a: Toxicroak|0 fnt
|-enditem|p2a: Toxicroak|Air Balloon
|faint|p2a: Toxicroak
|
|win|Haxxhatred
|raw|Ladder updating...
|raw|Haxxhatred's rating: 1347 &rarr; <strong>1371<\/strong><br \/>(+24 for winning)
|raw|Toreutic's rating: 1417 &rarr; <strong>1393<\/strong><br \/>(-24 for losing)
|leave|Toreutic
|player|p2