|join|Toreutic
|join|Dr. SJCrew
|player|p1|Toreutic|126
|player|p2|Dr. SJCrew|267
|gametype|singles
|gen|6
|tier|UU
|rated
|rule|Sleep Clause Mod: Limit one foe put to sleep
|rule|Species Clause: Limit one of each PokÃ©mon
|rule|OHKO Clause: OHKO moves are banned
|rule|Moody Clause: Moody is banned
|rule|Evasion Moves Clause: Evasion moves are banned
|rule|Endless Battle Clause: Forcing endless battles is banned
|rule|HP Percentage Mod: HP is reported as percentages
|clearpoke
|poke|p1|Noivern, F
|poke|p1|Toxicroak, F
|poke|p1|Forretress, F
|poke|p1|Darmanitan, M
|poke|p1|Durant, M
|poke|p1|Milotic, F
|poke|p2|Mew
|poke|p2|Shaymin
|poke|p2|Swampert, M
|poke|p2|Abomasnow, F
|poke|p2|Flygon, M
|poke|p2|Raikou
|rule|Swagger Clause: Swagger is banned
|rule|Baton Pass Clause: Limit one PokÃ©mon knowing Baton Pass
|teampreview
|
|start
|switch|p1a: Noivern|Noivern, F|312\/312
|switch|p2a: Raikou|Raikou|321\/321
|-item|p2a: Raikou|Assault Vest|[from] ability: Frisk|[of] p1a: Noivern|[identify]
|-ability|p2a: Raikou|Pressure
|turn|1
|
|move|p1a: Noivern|U-turn|p2a: Raikou
|-damage|p2a: Raikou|278\/321
|
|switch|p1a: Milotic|Milotic, F|394\/394
|move|p2a: Raikou|Hidden Power|p1a: Milotic
|-resisted|p1a: Milotic
|-damage|p1a: Milotic|370\/394
|
|-heal|p1a: Milotic|394\/394|[from] item: Leftovers
|turn|2
|
|move|p2a: Raikou|Thunderbolt|p1a: Milotic
|-supereffective|p1a: Milotic
|-damage|p1a: Milotic|152\/394
|move|p1a: Milotic|Dragon Tail|p2a: Raikou
|-crit|p2a: Raikou
|-damage|p2a: Raikou|227\/321
|drag|p2a: Mew|Mew|341\/341
|
|-heal|p1a: Milotic|176\/394|[from] item: Leftovers
|turn|3
|
|switch|p1a: Forretress|Forretress, F|354\/354
|move|p2a: Mew|Knock Off|p1a: Forretress
|-damage|p1a: Forretress|295\/354
|-enditem|p1a: Forretress|Red Card|[from] move: Knock Off|[of] p2a: Mew
|
|turn|4
|
|switch|p2a: Raikou|Raikou|227\/321
|-ability|p2a: Raikou|Pressure
|move|p1a: Forretress|Stealth Rock|p2a: Raikou
|-sidestart|p2: Dr. SJCrew|move: Stealth Rock
|
|turn|5
|
|move|p2a: Raikou|Thunderbolt|p1a: Forretress
|-damage|p1a: Forretress|84\/354
|move|p1a: Forretress|Volt Switch|p2a: Raikou
|-resisted|p2a: Raikou
|-damage|p2a: Raikou|214\/321
|
|switch|p1a: Darmanitan|Darmanitan, M|351\/351
|
|turn|6
|
|switch|p2a: Swampert|Swampert, M|404\/404
|-damage|p2a: Swampert|379\/404|[from] Stealth Rock
|move|p1a: Darmanitan|U-turn|p2a: Swampert
|-damage|p2a: Swampert|314\/404
|
|switch|p1a: Milotic|Milotic, F|176\/394
|
|-heal|p1a: Milotic|200\/394|[from] item: Leftovers
|turn|7
|
|switch|p2a: Shaymin|Shaymin|341\/341
|-damage|p2a: Shaymin|299\/341|[from] Stealth Rock
|move|p1a: Milotic|Magic Coat|p1a: Milotic
|-singleturn|p1a: Milotic|move: Magic Coat
|
|-heal|p1a: Milotic|224\/394|[from] item: Leftovers
|turn|8
|
|switch|p2a: Flygon|Flygon, M|301\/301
|-damage|p2a: Flygon|283\/301|[from] Stealth Rock
|switch|p1a: Forretress|Forretress, F|84\/354
|
|turn|9
|
|move|p2a: Flygon|Defog|p1a: Forretress
|-unboost|p1a: Forretress|evasion|1
|-sideend|p2: Dr. SJCrew|Stealth Rock|[from] move: Defog|[of] p2a: Flygon
|move|p1a: Forretress|Gyro Ball|p2a: Flygon
|-damage|p2a: Flygon|84\/301
|
|turn|10
|
|switch|p2a: Abomasnow|Abomasnow, F|321\/321
|-weather|Hail
|move|p1a: Forretress|Stealth Rock|p2a: Abomasnow
|-sidestart|p2: Dr. SJCrew|move: Stealth Rock
|
|-weather|Hail|[upkeep]
|-damage|p1a: Forretress|62\/354|[from] hail
|turn|11
|
|detailschange|p2a: Abomasnow|Abomasnow-Mega, F
|message|Abomasnow has Mega Evolved into Mega Abomasnow!
|move|p2a: Abomasnow|Earthquake|p1a: Forretress
|-damage|p1a: Forretress|0 fnt
|faint|p1a: Forretress
|
|-weather|Hail|[upkeep]
|
|switch|p1a: Darmanitan|Darmanitan, M|351\/351
|turn|12
|
|switch|p2a: Swampert|Swampert, M|314\/404
|-damage|p2a: Swampert|289\/404|[from] Stealth Rock
|move|p1a: Darmanitan|Flare Blitz|p2a: Swampert
|-resisted|p2a: Swampert
|-damage|p2a: Swampert|183\/404
|-damage|p1a: Darmanitan|316\/351|[from] recoil|[of] p2a: Swampert
|
|-weather|Hail|[upkeep]
|-damage|p1a: Darmanitan|295\/351|[from] hail
|-damage|p2a: Swampert|158\/404|[from] hail
|turn|13
|
|switch|p1a: Toxicroak|Toxicroak, F|307\/307
|-item|p1a: Toxicroak|Air Balloon
|move|p2a: Swampert|Earthquake|p1a: Toxicroak
|-immune|p1a: Toxicroak|[msg]
|
|-weather|Hail|[upkeep]
|-damage|p1a: Toxicroak|288\/307|[from] hail
|-damage|p2a: Swampert|133\/404|[from] hail
|turn|14
|
|move|p1a: Toxicroak|Drain Punch|p2a: Swampert
|-damage|p2a: Swampert|27\/404
|-heal|p1a: Toxicroak|307\/307|[from] drain|[of] p2a: Swampert
|move|p2a: Swampert|Ice Beam|p1a: Toxicroak
|-damage|p1a: Toxicroak|226\/307
|-enditem|p1a: Toxicroak|Air Balloon
|
|-weather|none
|turn|15
|
|move|p1a: Toxicroak|Poison Jab|p2a: Swampert
|-resisted|p2a: Swampert
|-damage|p2a: Swampert|0 fnt
|faint|p2a: Swampert
|
|
|switch|p2a: Flygon|Flygon, M|84\/301
|-damage|p2a: Flygon|66\/301|[from] Stealth Rock
|turn|16
|
|move|p2a: Flygon|Defog|p1a: Toxicroak
|-unboost|p1a: Toxicroak|evasion|1
|-sideend|p2: Dr. SJCrew|Stealth Rock|[from] move: Defog|[of] p2a: Flygon
|move|p1a: Toxicroak|Drain Punch|p2a: Flygon
|-damage|p2a: Flygon|0 fnt
|-heal|p1a: Toxicroak|259\/307|[from] drain|[of] p2a: Flygon
|faint|p2a: Flygon
|
|
|switch|p2a: Raikou|Raikou|214\/321
|-ability|p2a: Raikou|Pressure
|turn|17
|
|move|p1a: Toxicroak|Sucker Punch|p2a: Raikou
|-damage|p2a: Raikou|96\/321
|move|p2a: Raikou|Extrasensory|p1a: Toxicroak
|-supereffective|p1a: Toxicroak
|-damage|p1a: Toxicroak|0 fnt
|faint|p1a: Toxicroak
|
|
|switch|p1a: Noivern|Noivern, F|312\/312
|-item|p2a: Raikou|Assault Vest|[from] ability: Frisk|[of] p1a: Noivern|[identify]
|turn|18
|
|move|p1a: Noivern|Boomburst|p2a: Raikou
|-damage|p2a: Raikou|0 fnt
|faint|p2a: Raikou
|
|
|switch|p2a: Abomasnow|Abomasnow-Mega, F|321\/321
|-weather|Hail
|turn|19
|
|switch|p1a: Milotic|Milotic, F|224\/394
|move|p2a: Abomasnow|Earthquake|p1a: Milotic
|-damage|p1a: Milotic|99\/394
|
|-weather|Hail|[upkeep]
|-damage|p1a: Milotic|75\/394|[from] hail
|-heal|p1a: Milotic|99\/394|[from] item: Leftovers
|turn|20
|
|move|p2a: Abomasnow|Wood Hammer|p1a: Milotic
|-supereffective|p1a: Milotic
|-damage|p1a: Milotic|0 fnt
|-damage|p2a: Abomasnow|288\/321|[from] recoil|[of] p1a: Milotic
|faint|p1a: Milotic
|
|-weather|Hail|[upkeep]
|
|switch|p1a: Durant|Durant, M|258\/258
|turn|21
|
|move|p1a: Durant|Hone Claws|p1a: Durant
|-boost|p1a: Durant|atk|1
|-boost|p1a: Durant|accuracy|1
|move|p2a: Abomasnow|Earthquake|p1a: Durant
|-damage|p1a: Durant|143\/258
|
|-weather|Hail|[upkeep]
|-damage|p1a: Durant|127\/258|[from] hail
|turn|22
|
|move|p2a: Abomasnow|Ice Shard|p1a: Durant
|-resisted|p1a: Durant
|-damage|p1a: Durant|90\/258
|move|p1a: Durant|X-Scissor|p2a: Abomasnow
|-supereffective|p2a: Abomasnow
|-damage|p2a: Abomasnow|0 fnt
|faint|p2a: Abomasnow
|
|-weather|Hail|[upkeep]
|-damage|p1a: Durant|74\/258|[from] hail
|
|switch|p2a: Shaymin|Shaymin|299\/341
|turn|23
|
|move|p1a: Durant|X-Scissor|p2a: Shaymin
|-supereffective|p2a: Shaymin
|-damage|p2a: Shaymin|0 fnt
|faint|p2a: Shaymin
|
|-weather|none
|
|switch|p2a: Mew|Mew|341\/341
|turn|24
|chat|Dr. SJCrew|weak to a damn durant.
|
|move|p1a: Durant|X-Scissor|p2a: Mew
|-supereffective|p2a: Mew
|-damage|p2a: Mew|0 fnt
|faint|p2a: Mew
|
|win|Toreutic
|raw|Ladder updating...
|raw|Toreutic's rating: 1521 &rarr; <strong>1538<\/strong><br \/>(+17 for winning)
|raw|Dr. SJCrew's rating: 1470 &rarr; <strong>1453<\/strong><br \/>(-17 for losing)
|leave|Dr. SJCrew
|player|p2
|chat|Toreutic|Hey, don't insult durant the threat mane
|chat|Toreutic|DURANNNTTTTTT