|join|Hikaru F. Knight
|join|Toreutic
|player|p1|Hikaru F. Knight|124
|player|p2|Toreutic|126
|gametype|singles
|gen|6
|tier|UU
|rule|Sleep Clause Mod: Limit one foe put to sleep
|rule|Species Clause: Limit one of each PokÃ©mon
|rule|OHKO Clause: OHKO moves are banned
|rule|Moody Clause: Moody is banned
|rule|Evasion Moves Clause: Evasion moves are banned
|rule|Endless Battle Clause: Forcing endless battles is banned
|rule|HP Percentage Mod: HP is shown in percentages
|clearpoke
|poke|p1|Nidoking, M, shiny
|poke|p1|Cloyster, M, shiny
|poke|p1|Galvantula, M
|poke|p1|Blastoise, M
|poke|p1|Umbreon, M, shiny
|poke|p1|Machamp, M
|poke|p2|Porygon-Z
|poke|p2|Florges, F
|poke|p2|Hydreigon, F
|poke|p2|Swampert, M
|poke|p2|Crobat, M
|poke|p2|Banette, M
|rule|Swagger Clause: Swagger is banned
|rule|Baton Pass Clause: Limit one PokÃ©mon knowing Baton Pass
|teampreview
|
|start
|switch|p1a: Galvantula|Galvantula, M|281\/281
|switch|p2a: Crobat|Crobat, M|311\/311
|turn|1
|
|move|p2a: Crobat|U-turn|p1a: Galvantula
|-damage|p1a: Galvantula|176\/281
|
|switch|p2a: Florges|Florges, F|360\/360
|move|p1a: Galvantula|Sticky Web|p2a: Florges
|-sidestart|p2: Toreutic|move: Sticky Web
|
|turn|2
|
|move|p1a: Galvantula|Thunder|p2a: Florges
|-damage|p2a: Florges|267\/360
|move|p2a: Florges|Moonblast|p1a: Galvantula
|-damage|p1a: Galvantula|0 fnt
|faint|p1a: Galvantula
|
|-heal|p2a: Florges|289\/360|[from] item: Leftovers
|
|switch|p1a: baragon|Nidoking, M, shiny|304\/304
|turn|3
|
|switch|p2a: Crobat|Crobat, M|311\/311
|move|p1a: baragon|Sludge Wave|p2a: Crobat
|-resisted|p2a: Crobat
|-damage|p2a: Crobat|175\/311
|
|-heal|p2a: Crobat|194\/311|[from] item: Black Sludge
|turn|4
|
|move|p2a: Crobat|Roost|p2a: Crobat
|-heal|p2a: Crobat|311\/311
|move|p1a: baragon|Thunderbolt|p2a: Crobat
|-damage|p2a: Crobat|154\/311
|
|-heal|p2a: Crobat|173\/311|[from] item: Black Sludge
|turn|5
|
|move|p2a: Crobat|Defog|p1a: baragon
|-unboost|p1a: baragon|evasion|1
|-sideend|p2: Toreutic|Sticky Web|[from] move: Defog|[of] p2a: Crobat
|move|p1a: baragon|Earth Power|p2a: Crobat
|-immune|p2a: Crobat|[msg]
|
|-heal|p2a: Crobat|192\/311|[from] item: Black Sludge
|turn|6
|
|move|p2a: Crobat|Brave Bird|p1a: baragon
|-damage|p1a: baragon|88\/304
|-damage|p2a: Crobat|121\/311|[from] recoil|[of] p1a: baragon
|move|p1a: baragon|Thunderbolt|p2a: Crobat
|-supereffective|p2a: Crobat
|-damage|p2a: Crobat|0 fnt
|faint|p2a: Crobat
|
|
|switch|p2a: Banette|Banette, M|332\/332
|turn|7
|
|switch|p1a: Umbreon|Umbreon, M, shiny|360\/360
|detailschange|p2a: Banette|Banette-Mega, M
|message|Banette has Mega Evolved into Mega Banette!
|move|p2a: Banette|Shadow Sneak|p1a: Umbreon
|-resisted|p1a: Umbreon
|-damage|p1a: Umbreon|328\/360
|
|-heal|p1a: Umbreon|350\/360|[from] item: Leftovers
|turn|8
|
|switch|p2a: Hydreigon|Hydreigon, F|325\/325
|move|p1a: Umbreon|Toxic|p2a: Hydreigon
|-status|p2a: Hydreigon|tox
|
|-heal|p1a: Umbreon|360\/360|[from] item: Leftovers
|-damage|p2a: Hydreigon|305\/325 tox|[from] psn
|turn|9
|
|move|p2a: Hydreigon|U-turn|p1a: Umbreon
|-supereffective|p1a: Umbreon
|-damage|p1a: Umbreon|282\/360
|
|switch|p2a: Porygon-Z|Porygon-Z|312\/312
|move|p1a: Umbreon|Wish|p1a: Umbreon
|
|-heal|p1a: Umbreon|304\/360|[from] item: Leftovers
|turn|10
|
|move|p2a: Porygon-Z|Hyper Beam|p1a: Umbreon
|-damage|p1a: Umbreon|0 fnt
|faint|p1a: Umbreon
|
|c|âToreutic|lel
|
|switch|p1a: Machamp|Machamp, M|384\/384
|turn|11
|
|cant|p2a: Porygon-Z|recharge
|move|p1a: Machamp|Dynamic Punch|p2a: Porygon-Z
|-supereffective|p2a: Porygon-Z
|-damage|p2a: Porygon-Z|0 fnt
|faint|p2a: Porygon-Z
|
|
|switch|p2a: Swampert|Swampert, M|404\/404
|turn|12
|
|move|p1a: Machamp|Dynamic Punch|p2a: Swampert
|-damage|p2a: Swampert|242\/404
|-damage|p1a: Machamp|320\/384|[from] item: Rocky Helmet|[of] p2a: Swampert
|-start|p2a: Swampert|confusion
|-activate|p2a: Swampert|confusion
|-damage|p2a: Swampert|215\/404|[from] confusion
|
|turn|13
|
|switch|p1a: Blastoise|Blastoise, M|362\/362
|-activate|p2a: Swampert|confusion
|move|p2a: Swampert|Earthquake|p1a: Blastoise
|-damage|p1a: Blastoise|233\/362
|
|turn|14
|
|switch|p2a: Florges|Florges, F|289\/360
|detailschange|p1a: Blastoise|Blastoise-Mega, M
|message|Blastoise has Mega Evolved into Mega Blastoise!
|move|p1a: Blastoise|Water Pulse|p2a: Florges
|-damage|p2a: Florges|184\/360
|
|-heal|p2a: Florges|206\/360|[from] item: Leftovers
|turn|15
|
|move|p1a: Blastoise|Water Pulse|p2a: Florges
|-damage|p2a: Florges|103\/360
|move|p2a: Florges|Wish|p2a: Florges
|
|-heal|p2a: Florges|125\/360|[from] item: Leftovers
|turn|16
|
|move|p1a: Blastoise|Water Pulse|p2a: Florges
|-damage|p2a: Florges|37\/360
|-start|p2a: Florges|confusion
|-activate|p2a: Florges|confusion
|-damage|p2a: Florges|11\/360|[from] confusion
|
|-heal|p2a: Florges|191\/360|[from] move: Wish|[wisher] Florges
|-heal|p2a: Florges|213\/360|[from] item: Leftovers
|turn|17
|
|move|p1a: Blastoise|Water Pulse|p2a: Florges
|-damage|p2a: Florges|108\/360
|-activate|p2a: Florges|confusion
|move|p2a: Florges|Wish|p2a: Florges
|
|-heal|p2a: Florges|130\/360|[from] item: Leftovers
|turn|18
|
|-activate|p2a: Florges|confusion
|-damage|p2a: Florges|105\/360|[from] confusion
|move|p1a: Blastoise|Water Pulse|p2a: Florges
|-damage|p2a: Florges|0 fnt
|faint|p2a: Florges
|
|
|switch|p2a: Hydreigon|Hydreigon, F|305\/325 tox
|turn|19
|
|move|p2a: Hydreigon|Draco Meteor|p1a: Blastoise
|-damage|p1a: Blastoise|25\/362
|-unboost|p2a: Hydreigon|spa|2
|move|p1a: Blastoise|Aura Sphere|p2a: Hydreigon
|-supereffective|p2a: Hydreigon
|-damage|p2a: Hydreigon|0 fnt
|faint|p2a: Hydreigon
|
|
|switch|p2a: Banette|Banette-Mega, M|332\/332
|turn|20
|
|move|p2a: Banette|Shadow Sneak|p1a: Blastoise
|-damage|p1a: Blastoise|0 fnt
|faint|p1a: Blastoise
|
|
|switch|p1a: baragon|Nidoking, M, shiny|88\/304
|turn|21
|
|move|p2a: Banette|Shadow Sneak|p1a: baragon
|-damage|p1a: baragon|0 fnt
|faint|p1a: baragon
|
|
|switch|p1a: Cloyster|Cloyster, M, shiny|241\/241
|turn|22
|
|move|p2a: Banette|Will-O-Wisp|p1a: Cloyster
|-status|p1a: Cloyster|brn
|move|p1a: Cloyster|Icicle Spear|p2a: Banette
|-damage|p2a: Banette|314\/332
|-damage|p2a: Banette|295\/332
|-damage|p2a: Banette|276\/332
|-damage|p2a: Banette|257\/332
|-damage|p2a: Banette|236\/332
|-hitcount|p2a: Banette|5
|
|-damage|p1a: Cloyster|211\/241 brn|[from] brn
|turn|23
|join|Chleg
|
|move|p2a: Banette|Shadow Sneak|p1a: Cloyster
|-damage|p1a: Cloyster|151\/241 brn
|move|p1a: Cloyster|Shell Smash|p1a: Cloyster
|-boost|p1a: Cloyster|atk|2
|-boost|p1a: Cloyster|spa|2
|-boost|p1a: Cloyster|spe|2
|-unboost|p1a: Cloyster|def|1
|-unboost|p1a: Cloyster|spd|1
|
|-damage|p1a: Cloyster|121\/241 brn|[from] brn
|turn|24
|
|move|p2a: Banette|Shadow Sneak|p1a: Cloyster
|-damage|p1a: Cloyster|42\/241 brn
|move|p1a: Cloyster|Icicle Spear|p2a: Banette
|-damage|p2a: Banette|203\/332
|-damage|p2a: Banette|169\/332
|-damage|p2a: Banette|132\/332
|-damage|p2a: Banette|98\/332
|-damage|p2a: Banette|62\/332
|-hitcount|p2a: Banette|5
|
|-damage|p1a: Cloyster|12\/241 brn|[from] brn
|turn|25
|
|move|p1a: Cloyster|Ice Shard|p2a: Banette
|-damage|p2a: Banette|2\/332
|move|p2a: Banette|Shadow Sneak|p1a: Cloyster
|-damage|p1a: Cloyster|0 fnt
|faint|p1a: Cloyster
|
|
|switch|p1a: Machamp|Machamp, M|320\/384
|turn|26
|c|âToreutic|2clutch
|
|move|p2a: Banette|Destiny Bond|p2a: Banette
|-singlemove|p2a: Banette|Destiny Bond
|move|p1a: Machamp|Thunder Punch|p2a: Banette
|-damage|p2a: Banette|0 fnt
|faint|p2a: Banette
|-activate|p2a: Banette|Destiny Bond
|faint|p1a: Machamp
|
|win|Toreutic
|leave|Hikaru F. Knight
|player|p1
|c|âToreutic|gg
|leave|Chleg