|join|Toreutic
|join|gpa
|player|p1|Toreutic|126
|player|p2|gpa|10
|gametype|singles
|gen|6
|tier|UU
|rated
|rule|Sleep Clause Mod: Limit one foe put to sleep
|rule|Species Clause: Limit one of each PokÃ©mon
|rule|OHKO Clause: OHKO moves are banned
|rule|Moody Clause: Moody is banned
|rule|Evasion Moves Clause: Evasion moves are banned
|rule|Endless Battle Clause: Forcing endless battles is banned
|rule|HP Percentage Mod: HP is shown in percentages
|clearpoke
|poke|p1|Porygon-Z
|poke|p1|Florges, F
|poke|p1|Hydreigon, M
|poke|p1|Swampert, F
|poke|p1|Crobat, M
|poke|p1|Banette, M
|poke|p2|Jirachi
|poke|p2|Dugtrio, M
|poke|p2|Suicune
|poke|p2|Whimsicott, M
|poke|p2|Haxorus, M
|poke|p2|Hydreigon, M
|rule|Swagger Clause: Swagger is banned
|rule|Baton Pass Clause: Limit one PokÃ©mon knowing Baton Pass
|teampreview
|
|start
|switch|p1a: Banette|Banette, M|332\/332
|switch|p2a: Jirachi|Jirachi|403\/403
|turn|1
|
|detailschange|p1a: Banette|Banette-Mega, M
|message|Banette has Mega Evolved into Mega Banette!
|move|p2a: Jirachi|Iron Head|p1a: Banette
|-damage|p1a: Banette|214\/332
|cant|p1a: Banette|flinch
|
|turn|2
|
|switch|p2a: Suicune|Suicune|341\/341
|-ability|p2a: Suicune|Pressure
|move|p1a: Banette|Will-O-Wisp|p2a: Suicune|[miss]
|-miss|p1a: Banette|p2a: Suicune
|
|turn|3
|
|switch|p1a: Porygon-Z|Porygon-Z|312\/312
|move|p2a: Suicune|Calm Mind|p2a: Suicune
|-boost|p2a: Suicune|spa|1
|-boost|p2a: Suicune|spd|1
|
|turn|4
|
|move|p1a: Porygon-Z|Tri Attack|p2a: Suicune
|-damage|p2a: Suicune|141\/341
|move|p2a: Suicune|Hydro Pump|p1a: Porygon-Z|[miss]
|-miss|p2a: Suicune|p1a: Porygon-Z
|
|-heal|p2a: Suicune|162\/341|[from] item: Leftovers
|turn|5
|
|switch|p2a: Jirachi|Jirachi|403\/403
|move|p1a: Porygon-Z|Tri Attack|p2a: Jirachi
|-resisted|p2a: Jirachi
|-damage|p2a: Jirachi|243\/403
|
|-heal|p2a: Jirachi|268\/403|[from] item: Leftovers
|turn|6
|
|switch|p1a: Swampert|Swampert, F|404\/404
|move|p2a: Jirachi|Stealth Rock|p1a: Swampert
|-sidestart|p1: Toreutic|move: Stealth Rock
|
|-heal|p2a: Jirachi|293\/403|[from] item: Leftovers
|turn|7
|
|move|p2a: Jirachi|U-turn|p1a: Swampert
|-damage|p1a: Swampert|362\/404
|-damage|p2a: Jirachi|226\/403|[from] item: Rocky Helmet|[of] p1a: Swampert
|
|switch|p2a: Suicune|Suicune|162\/341
|-ability|p2a: Suicune|Pressure
|move|p1a: Swampert|Roar|p2a: Suicune
|drag|p2a: Jirachi|Jirachi|226\/403
|
|-heal|p2a: Jirachi|251\/403|[from] item: Leftovers
|turn|8
|
|switch|p1a: Porygon-Z|Porygon-Z|312\/312
|-damage|p1a: Porygon-Z|273\/312|[from] Stealth Rock
|move|p2a: Jirachi|U-turn|p1a: Porygon-Z
|-damage|p1a: Porygon-Z|193\/312
|
|switch|p2a: Hydreigon|Hydreigon, M|325\/325
|
|turn|9
|
|switch|p1a: Swampert|Swampert, F|362\/404
|-damage|p1a: Swampert|337\/404|[from] Stealth Rock
|move|p2a: Hydreigon|Draco Meteor|p1a: Swampert
|-damage|p1a: Swampert|96\/404
|-unboost|p2a: Hydreigon|spa|2
|
|turn|10
|
|switch|p1a: Florges|Florges, F|360\/360
|-damage|p1a: Florges|315\/360|[from] Stealth Rock
|move|p2a: Hydreigon|Draco Meteor|p1a: Florges
|-immune|p1a: Florges|[msg]
|
|-heal|p1a: Florges|337\/360|[from] item: Leftovers
|turn|11
|
|switch|p2a: Whimsicott|Whimsicott, M|322\/322
|switch|p1a: Banette|Banette-Mega, M|214\/332
|-damage|p1a: Banette|173\/332|[from] Stealth Rock
|
|turn|12
|
|move|p1a: Banette|Will-O-Wisp|p2a: Whimsicott|[miss]
|-miss|p1a: Banette|p2a: Whimsicott
|move|p2a: Whimsicott|Moonblast|p1a: Banette
|-damage|p1a: Banette|74\/332
|
|turn|13
|
|switch|p1a: Crobat|Crobat, M|311\/311
|-damage|p1a: Crobat|234\/311|[from] Stealth Rock
|move|p2a: Whimsicott|Moonblast|p1a: Crobat
|-resisted|p1a: Crobat
|-damage|p1a: Crobat|180\/311
|
|-heal|p1a: Crobat|199\/311|[from] item: Black Sludge
|turn|14
|
|switch|p2a: Suicune|Suicune|162\/341
|-ability|p2a: Suicune|Pressure
|move|p1a: Crobat|Defog|p2a: Suicune
|-unboost|p2a: Suicune|evasion|1
|-sideend|p1: Toreutic|Stealth Rock|[from] move: Defog|[of] p1a: Crobat
|
|-heal|p1a: Crobat|218\/311|[from] item: Black Sludge
|-heal|p2a: Suicune|183\/341|[from] item: Leftovers
|turn|15
|
|move|p1a: Crobat|U-turn|p2a: Suicune
|-damage|p2a: Suicune|123\/341
|
|switch|p1a: Porygon-Z|Porygon-Z|193\/312
|move|p2a: Suicune|Ice Beam|p1a: Porygon-Z
|-damage|p1a: Porygon-Z|68\/312
|
|-heal|p2a: Suicune|144\/341|[from] item: Leftovers
|turn|16
|
|switch|p2a: Whimsicott|Whimsicott, M|322\/322
|move|p1a: Porygon-Z|Tri Attack|p2a: Whimsicott
|-crit|p2a: Whimsicott
|-damage|p2a: Whimsicott|0 fnt
|faint|p2a: Whimsicott
|
|
|switch|p2a: Hydreigon|Hydreigon, M|325\/325
|turn|17
|
|switch|p1a: Swampert|Swampert, F|96\/404
|move|p2a: Hydreigon|U-turn|p1a: Swampert
|-damage|p1a: Swampert|55\/404
|-damage|p2a: Hydreigon|271\/325|[from] item: Rocky Helmet|[of] p1a: Swampert
|
|switch|p2a: Dugtrio|Dugtrio, M|211\/211
|
|turn|18
|
|move|p2a: Dugtrio|Earthquake|p1a: Swampert
|-damage|p1a: Swampert|0 fnt
|faint|p1a: Swampert
|
|
|switch|p1a: Crobat|Crobat, M|218\/311
|turn|19
|
|switch|p2a: Suicune|Suicune|144\/341
|-ability|p2a: Suicune|Pressure
|move|p1a: Crobat|U-turn|p2a: Suicune
|-damage|p2a: Suicune|88\/341
|
|switch|p1a: Porygon-Z|Porygon-Z|68\/312
|
|-heal|p2a: Suicune|109\/341|[from] item: Leftovers
|turn|20
|
|move|p1a: Porygon-Z|Tri Attack|p2a: Suicune
|-damage|p2a: Suicune|0 fnt
|faint|p2a: Suicune
|
|
|switch|p2a: Hydreigon|Hydreigon, M|271\/325
|turn|21
|
|switch|p1a: Florges|Florges, F|337\/360
|move|p2a: Hydreigon|Fire Blast|p1a: Florges|[miss]
|-miss|p2a: Hydreigon|p1a: Florges
|
|-heal|p1a: Florges|359\/360|[from] item: Leftovers
|turn|22
|
|switch|p2a: Jirachi|Jirachi|251\/403
|switch|p1a: Banette|Banette-Mega, M|74\/332
|
|-heal|p2a: Jirachi|276\/403|[from] item: Leftovers
|turn|23
|
|move|p2a: Jirachi|Stealth Rock|p1a: Banette
|-sidestart|p1: Toreutic|move: Stealth Rock
|move|p1a: Banette|Pursuit|p2a: Jirachi
|-supereffective|p2a: Jirachi
|-damage|p2a: Jirachi|178\/403
|
|-heal|p2a: Jirachi|203\/403|[from] item: Leftovers
|turn|24
|
|move|p1a: Banette|Will-O-Wisp|p2a: Jirachi
|-status|p2a: Jirachi|brn
|move|p2a: Jirachi|Iron Head|p1a: Banette
|-damage|p1a: Banette|14\/332
|
|-heal|p2a: Jirachi|228\/403 brn|[from] item: Leftovers
|-damage|p2a: Jirachi|178\/403 brn|[from] brn
|turn|25
|
|move|p1a: Banette|Shadow Sneak|p2a: Jirachi
|-supereffective|p2a: Jirachi
|-damage|p2a: Jirachi|46\/403 brn
|move|p2a: Jirachi|U-turn|p1a: Banette
|-resisted|p1a: Banette
|-damage|p1a: Banette|0 fnt
|faint|p1a: Banette
|
|switch|p2a: Haxorus|Haxorus, M|293\/293
|-ability|p2a: Haxorus|Mold Breaker
|
|
|switch|p1a: Hydreigon|Hydreigon, M|325\/325
|-damage|p1a: Hydreigon|285\/325|[from] Stealth Rock
|turn|26
|
|switch|p2a: Jirachi|Jirachi|46\/403 brn
|move|p1a: Hydreigon|Draco Meteor|p2a: Jirachi
|-resisted|p2a: Jirachi
|-damage|p2a: Jirachi|0 fnt
|-unboost|p1a: Hydreigon|spa|2
|faint|p2a: Jirachi
|
|
|switch|p2a: Hydreigon|Hydreigon, M|271\/325
|turn|27
|
|switch|p1a: Porygon-Z|Porygon-Z|68\/312
|-damage|p1a: Porygon-Z|29\/312|[from] Stealth Rock
|move|p2a: Hydreigon|U-turn|p1a: Porygon-Z
|-damage|p1a: Porygon-Z|0 fnt
|faint|p1a: Porygon-Z
|
|switch|p2a: Dugtrio|Dugtrio, M|211\/211
|
|
|switch|p1a: Crobat|Crobat, M|218\/311
|-damage|p1a: Crobat|141\/311|[from] Stealth Rock
|turn|28
|
|move|p1a: Crobat|Brave Bird|p2a: Dugtrio
|-damage|p2a: Dugtrio|0 fnt
|-damage|p1a: Crobat|71\/311|[from] recoil|[of] p2a: Dugtrio
|faint|p2a: Dugtrio
|
|-heal|p1a: Crobat|90\/311|[from] item: Black Sludge
|
|switch|p2a: Hydreigon|Hydreigon, M|271\/325
|turn|29
|
|move|p2a: Hydreigon|Fire Blast|p1a: Crobat|[miss]
|-miss|p2a: Hydreigon|p1a: Crobat
|move|p1a: Crobat|Brave Bird|p2a: Hydreigon
|-damage|p2a: Hydreigon|91\/325
|-damage|p1a: Crobat|31\/311|[from] recoil|[of] p2a: Hydreigon
|
|-heal|p1a: Crobat|50\/311|[from] item: Black Sludge
|turn|30
|
|move|p2a: Hydreigon|Fire Blast|p1a: Crobat
|-damage|p1a: Crobat|0 fnt
|faint|p1a: Crobat
|
|
|switch|p1a: Florges|Florges, F|359\/360
|-damage|p1a: Florges|314\/360|[from] Stealth Rock
|turn|31
|
|move|p1a: Florges|Protect|p1a: Florges
|-singleturn|p1a: Florges|Protect
|move|p2a: Hydreigon|Fire Blast|p1a: Florges
|-activate|p1a: Florges|Protect
|
|-heal|p1a: Florges|336\/360|[from] item: Leftovers
|turn|32
|
|move|p2a: Hydreigon|Fire Blast|p1a: Florges
|-crit|p1a: Florges
|-damage|p1a: Florges|238\/360
|move|p1a: Florges|Moonblast|p2a: Hydreigon
|-supereffective|p2a: Hydreigon
|-damage|p2a: Hydreigon|0 fnt
|faint|p2a: Hydreigon
|
|-heal|p1a: Florges|260\/360|[from] item: Leftovers
|
|switch|p2a: Haxorus|Haxorus, M|293\/293
|-ability|p2a: Haxorus|Mold Breaker
|turn|33
|
|move|p2a: Haxorus|Poison Jab|p1a: Florges
|-supereffective|p1a: Florges
|-damage|p1a: Florges|0 fnt
|-damage|p2a: Haxorus|264\/293|[from] item: Life Orb
|faint|p1a: Florges
|
|
|switch|p1a: Hydreigon|Hydreigon, M|285\/325
|-damage|p1a: Hydreigon|245\/325|[from] Stealth Rock
|turn|34
|
|move|p1a: Hydreigon|Draco Meteor|p2a: Haxorus
|-supereffective|p2a: Haxorus
|-damage|p2a: Haxorus|0 fnt
|-unboost|p1a: Hydreigon|spa|2
|faint|p2a: Haxorus
|
|win|Toreutic
|raw|Ladder updating...
|raw|Toreutic's rating: 1579 &rarr; <strong>1589<\/strong><br \/>(+10 for winning)
|raw|gpa's rating: 1394 &rarr; <strong>1384<\/strong><br \/>(-10 for losing)
|c|âToreutic|gg
|c|âgpa|gg