|join|Toreutic
|join|TaylorVixen
|player|p1|Toreutic|170
|player|p2|TaylorVixen|131
|gametype|singles
|gen|6
|tier|UU
|rated
|rule|Sleep Clause Mod: Limit one foe put to sleep
|rule|Species Clause: Limit one of each Pokemon
|rule|OHKO Clause: OHKO moves are banned
|rule|Moody Clause: Moody is banned
|rule|Evasion Moves Clause: Evasion moves are banned
|rule|Endless Battle Clause: Forcing endless battles is banned.
|rule|HP Percentage Mod: HP is reported as percentages
|clearpoke
|poke|p1|Cofagrigus, F
|poke|p1|Reuniclus, F
|poke|p1|Bronzong
|poke|p1|Armaldo, F
|poke|p1|Smeargle, M
|poke|p1|Quagsire, M
|poke|p2|Quagsire, F
|poke|p2|Snorlax, F
|poke|p2|Umbreon, F
|poke|p2|Gligar, F
|poke|p2|Florges, F
|poke|p2|Sableye, F
|teampreview
|
|start
|switch|p1a: Armaldo|Armaldo, F|354\/354
|switch|p2a: Zloblik|Sableye, F|304\/304
|turn|1
|
|move|p2a: Zloblik|Taunt|p1a: Armaldo
|-start|p1a: Armaldo|move: Taunt
|move|p1a: Armaldo|Knock Off|p2a: Zloblik
|-damage|p2a: Zloblik|199\/304
|-enditem|p2a: Zloblik|Leftovers|[from] move: Knock Off|[of] p1a: Armaldo
|
|turn|2
|join|IgnisRex87
|
|move|p2a: Zloblik|Will-O-Wisp|p1a: Armaldo
|-status|p1a: Armaldo|brn
|move|p1a: Armaldo|X-Scissor|p2a: Zloblik
|-damage|p2a: Zloblik|127\/304
|
|-damage|p1a: Armaldo|310\/354 brn|[from] brn
|turn|3
|
|switch|p1a: Cofagrigus|Cofagrigus, F|320\/320
|move|p2a: Zloblik|Recover|p2a: Zloblik
|-heal|p2a: Zloblik|279\/304
|
|turn|4
|
|move|p2a: Zloblik|Taunt|p1a: Cofagrigus
|-start|p1a: Cofagrigus|move: Taunt
|move|p1a: Cofagrigus|Shadow Ball|p2a: Zloblik
|-damage|p2a: Zloblik|105\/304
|
|turn|5
|
|switch|p2a: Tenera|Umbreon, F|394\/394
|move|p1a: Cofagrigus|Shadow Ball|p2a: Tenera
|-resisted|p2a: Tenera
|-damage|p2a: Tenera|360\/394
|
|-heal|p2a: Tenera|384\/394|[from] item: Leftovers
|turn|6
|
|switch|p1a: Armaldo|Armaldo, F|310\/354 brn
|move|p2a: Tenera|Toxic|p1a: Armaldo
|-fail|p1a: Armaldo
|
|-heal|p2a: Tenera|394\/394|[from] item: Leftovers
|-damage|p1a: Armaldo|266\/354 brn|[from] brn
|turn|7
|
|switch|p2a: Skol'zgor|Gligar, F|334\/334
|move|p1a: Armaldo|Knock Off|p2a: Skol'zgor
|-damage|p2a: Skol'zgor|305\/334
|-enditem|p2a: Skol'zgor|Eviolite|[from] move: Knock Off|[of] p1a: Armaldo
|
|-damage|p1a: Armaldo|222\/354 brn|[from] brn
|turn|8
|
|move|p1a: Armaldo|Aqua Jet|p2a: Skol'zgor
|-supereffective|p2a: Skol'zgor
|-damage|p2a: Skol'zgor|271\/334
|move|p2a: Skol'zgor|Taunt|p1a: Armaldo
|-start|p1a: Armaldo|move: Taunt
|
|-damage|p1a: Armaldo|178\/354 brn|[from] brn
|turn|9
|
|switch|p1a: Cofagrigus|Cofagrigus, F|320\/320
|move|p2a: Skol'zgor|Earthquake|p1a: Cofagrigus
|-damage|p1a: Cofagrigus|248\/320
|
|-heal|p1a: Cofagrigus|268\/320|[from] item: Leftovers
|turn|10
|
|move|p2a: Skol'zgor|Toxic|p1a: Cofagrigus
|-status|p1a: Cofagrigus|tox
|move|p1a: Cofagrigus|Will-O-Wisp|p2a: Skol'zgor
|-status|p2a: Skol'zgor|brn
|
|-heal|p1a: Cofagrigus|288\/320 tox|[from] item: Leftovers
|-damage|p2a: Skol'zgor|230\/334 brn|[from] brn
|-damage|p1a: Cofagrigus|268\/320 tox|[from] psn
|turn|11
|
|switch|p2a: Tenera|Umbreon, F|394\/394
|move|p1a: Cofagrigus|Shadow Ball|p2a: Tenera
|-resisted|p2a: Tenera
|-damage|p2a: Tenera|362\/394
|
|-heal|p2a: Tenera|386\/394|[from] item: Leftovers
|-heal|p1a: Cofagrigus|288\/320 tox|[from] item: Leftovers
|-damage|p1a: Cofagrigus|248\/320 tox|[from] psn
|turn|12
|
|switch|p1a: Armaldo|Armaldo, F|178\/354 brn
|move|p2a: Tenera|Heal Bell|p2a: Tenera
|-cureteam|p2a: Tenera|[from] move: HealBell
|
|-heal|p2a: Tenera|394\/394|[from] item: Leftovers
|-damage|p1a: Armaldo|134\/354 brn|[from] brn
|turn|13
|
|switch|p2a: Zabyvich|Quagsire, F|394\/394
|switch|p1a: Cofagrigus|Cofagrigus, F|248\/320 tox
|
|-heal|p1a: Cofagrigus|268\/320 tox|[from] item: Leftovers
|-damage|p1a: Cofagrigus|248\/320 tox|[from] psn
|turn|14
|
|switch|p2a: Berlin|Snorlax, F|524\/524
|move|p1a: Cofagrigus|Shadow Ball|p2a: Berlin
|-immune|p2a: Berlin|[msg]
|
|-heal|p1a: Cofagrigus|268\/320 tox|[from] item: Leftovers
|-damage|p1a: Cofagrigus|228\/320 tox|[from] psn
|turn|15
|
|move|p2a: Berlin|Curse|p2a: Berlin
|-boost|p2a: Berlin|atk|1
|-boost|p2a: Berlin|def|1
|-unboost|p2a: Berlin|spe|1
|move|p1a: Cofagrigus|Will-O-Wisp|p2a: Berlin
|-status|p2a: Berlin|brn
|
|-heal|p1a: Cofagrigus|248\/320 tox|[from] item: Leftovers
|-damage|p2a: Berlin|459\/524 brn|[from] brn
|-damage|p1a: Cofagrigus|188\/320 tox|[from] psn
|turn|16
|
|switch|p1a: Quagsire|Quagsire, M|394\/394
|move|p2a: Berlin|Curse|p2a: Berlin
|-boost|p2a: Berlin|atk|1
|-boost|p2a: Berlin|def|1
|-unboost|p2a: Berlin|spe|1
|
|-heal|p2a: Berlin|491\/524 brn|[from] item: Leftovers
|-damage|p2a: Berlin|426\/524 brn|[from] brn
|turn|17
|
|move|p1a: Quagsire|Curse|p1a: Quagsire
|-boost|p1a: Quagsire|atk|1
|-boost|p1a: Quagsire|def|1
|-unboost|p1a: Quagsire|spe|1
|move|p2a: Berlin|Body Slam|p1a: Quagsire
|-damage|p1a: Quagsire|354\/394
|-status|p1a: Quagsire|par
|
|-heal|p2a: Berlin|458\/524 brn|[from] item: Leftovers
|-heal|p1a: Quagsire|378\/394 par|[from] item: Leftovers
|-damage|p2a: Berlin|393\/524 brn|[from] brn
|turn|18
|
|move|p2a: Berlin|Rest|p2a: Berlin
|-status|p2a: Berlin|slp
|-heal|p2a: Berlin|524\/524 slp|[silent]
|-status|p2a: Berlin|slp|[from] move: Rest
|cant|p1a: Quagsire|par
|
|-heal|p1a: Quagsire|394\/394 par|[from] item: Leftovers
|turn|19
|
|cant|p2a: Berlin|slp
|move|p2a: Berlin|Sleep Talk|p2a: Berlin
|move|p2a: Berlin|Rest|p2a: Berlin|[from]Sleep Talk
|-fail|p2a: Berlin
|move|p1a: Quagsire|Curse|p1a: Quagsire
|-boost|p1a: Quagsire|atk|1
|-boost|p1a: Quagsire|def|1
|-unboost|p1a: Quagsire|spe|1
|
|turn|20
|
|cant|p2a: Berlin|slp
|move|p2a: Berlin|Sleep Talk|p2a: Berlin
|move|p2a: Berlin|Rest|p2a: Berlin|[from]Sleep Talk
|-fail|p2a: Berlin
|cant|p1a: Quagsire|par
|
|turn|21
|
|-curestatus|p2a: Berlin|slp
|move|p2a: Berlin|Sleep Talk|p2a: Berlin
|-fail|p2a: Berlin
|move|p1a: Quagsire|Curse|p1a: Quagsire
|-boost|p1a: Quagsire|atk|1
|-boost|p1a: Quagsire|def|1
|-unboost|p1a: Quagsire|spe|1
|
|turn|22
|
|switch|p2a: Zloblik|Sableye, F|105\/304
|move|p1a: Quagsire|Curse|p1a: Quagsire
|-boost|p1a: Quagsire|atk|1
|-boost|p1a: Quagsire|def|1
|-unboost|p1a: Quagsire|spe|1
|
|turn|23
|join|Nysyr
|
|move|p2a: Zloblik|Taunt|p1a: Quagsire
|-start|p1a: Quagsire|move: Taunt
|cant|p1a: Quagsire|par
|
|turn|24
|
|move|p2a: Zloblik|Recover|p2a: Zloblik
|-heal|p2a: Zloblik|257\/304
|move|p1a: Quagsire|Waterfall|p2a: Zloblik
|-damage|p2a: Zloblik|38\/304
|
|turn|25
|
|switch|p2a: Zabyvich|Quagsire, F|394\/394
|cant|p1a: Quagsire|par
|
|-end|p1a: Quagsire|move: Taunt
|turn|26
|
|move|p2a: Zabyvich|Scald|p1a: Quagsire
|-damage|p1a: Quagsire|333\/394 par
|cant|p1a: Quagsire|par
|
|-heal|p1a: Quagsire|357\/394 par|[from] item: Leftovers
|turn|27
|chat|Nysyr|blob on blob action here
|chat|Toreutic|0 fucks given
|
|move|p2a: Zabyvich|Scald|p1a: Quagsire
|-damage|p1a: Quagsire|291\/394 par
|move|p1a: Quagsire|Earthquake|p2a: Zabyvich
|-damage|p2a: Zabyvich|309\/394
|
|-heal|p2a: Zabyvich|333\/394|[from] item: Leftovers
|-heal|p1a: Quagsire|315\/394 par|[from] item: Leftovers
|turn|28
|
|move|p2a: Zabyvich|Scald|p1a: Quagsire
|-damage|p1a: Quagsire|252\/394 par
|move|p1a: Quagsire|Earthquake|p2a: Zabyvich
|-damage|p2a: Zabyvich|245\/394
|
|-heal|p2a: Zabyvich|269\/394|[from] item: Leftovers
|-heal|p1a: Quagsire|276\/394 par|[from] item: Leftovers
|turn|29
|
|move|p2a: Zabyvich|Curse|p2a: Zabyvich
|-boost|p2a: Zabyvich|atk|1
|-boost|p2a: Zabyvich|def|1
|-unboost|p2a: Zabyvich|spe|1
|cant|p1a: Quagsire|par
|
|-heal|p2a: Zabyvich|293\/394|[from] item: Leftovers
|-heal|p1a: Quagsire|300\/394 par|[from] item: Leftovers
|turn|30
|
|move|p2a: Zabyvich|Curse|p2a: Zabyvich
|-boost|p2a: Zabyvich|atk|1
|-boost|p2a: Zabyvich|def|1
|-unboost|p2a: Zabyvich|spe|1
|move|p1a: Quagsire|Earthquake|p2a: Zabyvich
|-damage|p2a: Zabyvich|206\/394
|
|-heal|p2a: Zabyvich|230\/394|[from] item: Leftovers
|-heal|p1a: Quagsire|324\/394 par|[from] item: Leftovers
|turn|31
|
|move|p2a: Zabyvich|Curse|p2a: Zabyvich
|-boost|p2a: Zabyvich|atk|1
|-boost|p2a: Zabyvich|def|1
|-unboost|p2a: Zabyvich|spe|1
|move|p1a: Quagsire|Earthquake|p2a: Zabyvich
|-damage|p2a: Zabyvich|145\/394
|
|-heal|p2a: Zabyvich|169\/394|[from] item: Leftovers
|-heal|p1a: Quagsire|348\/394 par|[from] item: Leftovers
|turn|32
|
|move|p2a: Zabyvich|Recover|p2a: Zabyvich
|-heal|p2a: Zabyvich|366\/394
|cant|p1a: Quagsire|par
|
|-heal|p2a: Zabyvich|390\/394|[from] item: Leftovers
|-heal|p1a: Quagsire|372\/394 par|[from] item: Leftovers
|turn|33
|
|move|p2a: Zabyvich|Curse|p2a: Zabyvich
|-boost|p2a: Zabyvich|atk|1
|-boost|p2a: Zabyvich|def|1
|-unboost|p2a: Zabyvich|spe|1
|cant|p1a: Quagsire|par
|
|-heal|p2a: Zabyvich|394\/394|[from] item: Leftovers
|-heal|p1a: Quagsire|394\/394 par|[from] item: Leftovers
|turn|34
|
|move|p2a: Zabyvich|Curse|p2a: Zabyvich
|-boost|p2a: Zabyvich|atk|1
|-boost|p2a: Zabyvich|def|1
|-unboost|p2a: Zabyvich|spe|1
|move|p1a: Quagsire|Curse|p1a: Quagsire
|-boost|p1a: Quagsire|atk|1
|-boost|p1a: Quagsire|def|1
|-unboost|p1a: Quagsire|spe|1
|
|turn|35
|
|move|p2a: Zabyvich|Scald|p1a: Quagsire
|-damage|p1a: Quagsire|328\/394 par
|move|p1a: Quagsire|Curse|p1a: Quagsire
|-boost|p1a: Quagsire|atk|1
|-boost|p1a: Quagsire|def|1
|-unboost|p1a: Quagsire|spe|1
|
|-heal|p1a: Quagsire|352\/394 par|[from] item: Leftovers
|turn|36
|
|move|p2a: Zabyvich|Curse|p2a: Zabyvich
|-boost|p2a: Zabyvich|atk|1
|-boost|p2a: Zabyvich|def|1
|-unboost|p2a: Zabyvich|spe|1
|move|p1a: Quagsire|Earthquake|p2a: Zabyvich
|-damage|p2a: Zabyvich|318\/394
|
|-heal|p2a: Zabyvich|342\/394|[from] item: Leftovers
|-heal|p1a: Quagsire|376\/394 par|[from] item: Leftovers
|turn|37
|
|move|p2a: Zabyvich|Scald|p1a: Quagsire
|-damage|p1a: Quagsire|312\/394 par
|move|p1a: Quagsire|Earthquake|p2a: Zabyvich
|-damage|p2a: Zabyvich|266\/394
|
|-heal|p2a: Zabyvich|290\/394|[from] item: Leftovers
|-heal|p1a: Quagsire|336\/394 par|[from] item: Leftovers
|turn|38
|chat|Toreutic|this is going no where lol
|
|move|p2a: Zabyvich|Scald|p1a: Quagsire
|-damage|p1a: Quagsire|270\/394 par
|move|p1a: Quagsire|Earthquake|p2a: Zabyvich
|-damage|p2a: Zabyvich|200\/394
|
|-heal|p2a: Zabyvich|224\/394|[from] item: Leftovers
|-heal|p1a: Quagsire|294\/394 par|[from] item: Leftovers
|turn|39
|
|move|p2a: Zabyvich|Scald|p1a: Quagsire
|-damage|p1a: Quagsire|230\/394 par
|move|p1a: Quagsire|Earthquake|p2a: Zabyvich
|-damage|p2a: Zabyvich|143\/394
|
|-heal|p2a: Zabyvich|167\/394|[from] item: Leftovers
|-heal|p1a: Quagsire|254\/394 par|[from] item: Leftovers
|turn|40
|
|move|p2a: Zabyvich|Recover|p2a: Zabyvich
|-heal|p2a: Zabyvich|364\/394
|cant|p1a: Quagsire|par
|
|-heal|p2a: Zabyvich|388\/394|[from] item: Leftovers
|-heal|p1a: Quagsire|278\/394 par|[from] item: Leftovers
|turn|41
|
|move|p2a: Zabyvich|Curse|p2a: Zabyvich
|move|p1a: Quagsire|Recover|p1a: Quagsire
|-heal|p1a: Quagsire|394\/394 par
|
|-heal|p2a: Zabyvich|394\/394|[from] item: Leftovers
|turn|42
|
|move|p2a: Zabyvich|Curse|p2a: Zabyvich
|move|p1a: Quagsire|Earthquake|p2a: Zabyvich
|-damage|p2a: Zabyvich|318\/394
|
|-heal|p2a: Zabyvich|342\/394|[from] item: Leftovers
|turn|43
|
|move|p2a: Zabyvich|Curse|p2a: Zabyvich
|move|p1a: Quagsire|Waterfall|p2a: Zabyvich
|-damage|p2a: Zabyvich|272\/394
|
|-heal|p2a: Zabyvich|296\/394|[from] item: Leftovers
|turn|44
|
|move|p2a: Zabyvich|Curse|p2a: Zabyvich
|move|p1a: Quagsire|Curse|p1a: Quagsire
|
|-heal|p2a: Zabyvich|320\/394|[from] item: Leftovers
|turn|45
|leave|Nysyr
|
|move|p2a: Zabyvich|Curse|p2a: Zabyvich
|move|p1a: Quagsire|Curse|p1a: Quagsire
|
|-heal|p2a: Zabyvich|344\/394|[from] item: Leftovers
|turn|46
|
|move|p2a: Zabyvich|Curse|p2a: Zabyvich
|cant|p1a: Quagsire|par
|
|-heal|p2a: Zabyvich|368\/394|[from] item: Leftovers
|turn|47
|
|move|p2a: Zabyvich|Curse|p2a: Zabyvich
|move|p1a: Quagsire|Curse|p1a: Quagsire
|
|-heal|p2a: Zabyvich|392\/394|[from] item: Leftovers
|turn|48
|
|move|p2a: Zabyvich|Curse|p2a: Zabyvich
|move|p1a: Quagsire|Curse|p1a: Quagsire
|
|-heal|p2a: Zabyvich|394\/394|[from] item: Leftovers
|turn|49
|
|move|p2a: Zabyvich|Curse|p2a: Zabyvich
|move|p1a: Quagsire|Curse|p1a: Quagsire
|
|turn|50
|
|move|p2a: Zabyvich|Curse|p2a: Zabyvich
|cant|p1a: Quagsire|par
|
|turn|51
|
|move|p2a: Zabyvich|Earthquake|p1a: Quagsire
|-damage|p1a: Quagsire|271\/394 par
|move|p1a: Quagsire|Curse|p1a: Quagsire
|
|-heal|p1a: Quagsire|295\/394 par|[from] item: Leftovers
|turn|52
|
|move|p2a: Zabyvich|Earthquake|p1a: Quagsire
|-damage|p1a: Quagsire|181\/394 par
|cant|p1a: Quagsire|par
|
|-heal|p1a: Quagsire|205\/394 par|[from] item: Leftovers
|turn|53
|
|move|p2a: Zabyvich|Earthquake|p1a: Quagsire
|-damage|p1a: Quagsire|96\/394 par
|move|p1a: Quagsire|Recover|p1a: Quagsire
|-heal|p1a: Quagsire|293\/394 par
|
|-heal|p1a: Quagsire|317\/394 par|[from] item: Leftovers
|turn|54
|
|move|p2a: Zabyvich|Earthquake|p1a: Quagsire
|-damage|p1a: Quagsire|208\/394 par
|move|p1a: Quagsire|Recover|p1a: Quagsire
|-heal|p1a: Quagsire|394\/394 par
|
|turn|55
|
|move|p2a: Zabyvich|Earthquake|p1a: Quagsire
|-damage|p1a: Quagsire|280\/394 par
|move|p1a: Quagsire|Earthquake|p2a: Zabyvich
|-damage|p2a: Zabyvich|307\/394
|
|-heal|p2a: Zabyvich|331\/394|[from] item: Leftovers
|-heal|p1a: Quagsire|304\/394 par|[from] item: Leftovers
|turn|56
|
|move|p2a: Zabyvich|Earthquake|p1a: Quagsire
|-crit|p1a: Quagsire
|-damage|p1a: Quagsire|129\/394 par
|cant|p1a: Quagsire|par
|
|-heal|p2a: Zabyvich|355\/394|[from] item: Leftovers
|-heal|p1a: Quagsire|153\/394 par|[from] item: Leftovers
|turn|57
|
|move|p2a: Zabyvich|Earthquake|p1a: Quagsire
|-damage|p1a: Quagsire|44\/394 par
|move|p1a: Quagsire|Recover|p1a: Quagsire
|-heal|p1a: Quagsire|241\/394 par
|
|-heal|p2a: Zabyvich|379\/394|[from] item: Leftovers
|-heal|p1a: Quagsire|265\/394 par|[from] item: Leftovers
|turn|58
|
|move|p2a: Zabyvich|Earthquake|p1a: Quagsire
|-damage|p1a: Quagsire|154\/394 par
|move|p1a: Quagsire|Recover|p1a: Quagsire
|-heal|p1a: Quagsire|351\/394 par
|
|-heal|p2a: Zabyvich|394\/394|[from] item: Leftovers
|-heal|p1a: Quagsire|375\/394 par|[from] item: Leftovers
|turn|59
|
|move|p2a: Zabyvich|Scald|p1a: Quagsire
|-damage|p1a: Quagsire|308\/394 par
|move|p1a: Quagsire|Earthquake|p2a: Zabyvich
|-damage|p2a: Zabyvich|313\/394
|
|-heal|p2a: Zabyvich|337\/394|[from] item: Leftovers
|-heal|p1a: Quagsire|332\/394 par|[from] item: Leftovers
|turn|60
|
|move|p2a: Zabyvich|Scald|p1a: Quagsire
|-damage|p1a: Quagsire|271\/394 par
|move|p1a: Quagsire|Earthquake|p2a: Zabyvich
|-damage|p2a: Zabyvich|253\/394
|
|-heal|p2a: Zabyvich|277\/394|[from] item: Leftovers
|-heal|p1a: Quagsire|295\/394 par|[from] item: Leftovers
|turn|61
|
|move|p2a: Zabyvich|Scald|p1a: Quagsire
|-crit|p1a: Quagsire
|-damage|p1a: Quagsire|205\/394 par
|cant|p1a: Quagsire|par
|
|-heal|p2a: Zabyvich|301\/394|[from] item: Leftovers
|-heal|p1a: Quagsire|229\/394 par|[from] item: Leftovers
|turn|62
|
|move|p2a: Zabyvich|Scald|p1a: Quagsire
|-damage|p1a: Quagsire|168\/394 par
|cant|p1a: Quagsire|par
|
|-heal|p2a: Zabyvich|325\/394|[from] item: Leftovers
|-heal|p1a: Quagsire|192\/394 par|[from] item: Leftovers
|turn|63
|
|move|p2a: Zabyvich|Scald|p1a: Quagsire
|-damage|p1a: Quagsire|125\/394 par
|move|p1a: Quagsire|Recover|p1a: Quagsire
|-heal|p1a: Quagsire|322\/394 par
|
|-heal|p2a: Zabyvich|349\/394|[from] item: Leftovers
|-heal|p1a: Quagsire|346\/394 par|[from] item: Leftovers
|turn|64
|
|move|p2a: Zabyvich|Scald|p1a: Quagsire
|-damage|p1a: Quagsire|288\/394 par
|move|p1a: Quagsire|Earthquake|p2a: Zabyvich
|-damage|p2a: Zabyvich|271\/394
|
|-heal|p2a: Zabyvich|295\/394|[from] item: Leftovers
|-heal|p1a: Quagsire|312\/394 par|[from] item: Leftovers
|turn|65
|
|move|p2a: Zabyvich|Scald|p1a: Quagsire
|-damage|p1a: Quagsire|243\/394 par
|move|p1a: Quagsire|Earthquake|p2a: Zabyvich
|-damage|p2a: Zabyvich|207\/394
|
|-heal|p2a: Zabyvich|231\/394|[from] item: Leftovers
|-heal|p1a: Quagsire|267\/394 par|[from] item: Leftovers
|turn|66
|
|move|p2a: Zabyvich|Scald|p1a: Quagsire
|-damage|p1a: Quagsire|206\/394 par
|cant|p1a: Quagsire|par
|
|-heal|p2a: Zabyvich|255\/394|[from] item: Leftovers
|-heal|p1a: Quagsire|230\/394 par|[from] item: Leftovers
|turn|67
|
|move|p2a: Zabyvich|Scald|p1a: Quagsire
|-damage|p1a: Quagsire|172\/394 par
|move|p1a: Quagsire|Recover|p1a: Quagsire
|-heal|p1a: Quagsire|369\/394 par
|
|-heal|p2a: Zabyvich|279\/394|[from] item: Leftovers
|-heal|p1a: Quagsire|393\/394 par|[from] item: Leftovers
|turn|68
|
|move|p2a: Zabyvich|Scald|p1a: Quagsire
|-damage|p1a: Quagsire|329\/394 par
|move|p1a: Quagsire|Waterfall|p2a: Zabyvich
|-crit|p2a: Zabyvich
|-damage|p2a: Zabyvich|183\/394
|
|-heal|p2a: Zabyvich|207\/394|[from] item: Leftovers
|-heal|p1a: Quagsire|353\/394 par|[from] item: Leftovers
|turn|69
|
|move|p2a: Zabyvich|Recover|p2a: Zabyvich
|-heal|p2a: Zabyvich|394\/394
|move|p1a: Quagsire|Waterfall|p2a: Zabyvich
|-damage|p2a: Zabyvich|333\/394
|
|-heal|p2a: Zabyvich|357\/394|[from] item: Leftovers
|-heal|p1a: Quagsire|377\/394 par|[from] item: Leftovers
|turn|70
|
|move|p2a: Zabyvich|Scald|p1a: Quagsire
|-damage|p1a: Quagsire|310\/394 par
|move|p1a: Quagsire|Waterfall|p2a: Zabyvich
|-damage|p2a: Zabyvich|293\/394
|
|-heal|p2a: Zabyvich|317\/394|[from] item: Leftovers
|-heal|p1a: Quagsire|334\/394 par|[from] item: Leftovers
|turn|71
|
|move|p2a: Zabyvich|Earthquake|p1a: Quagsire
|-damage|p1a: Quagsire|225\/394 par
|move|p1a: Quagsire|Waterfall|p2a: Zabyvich
|-damage|p2a: Zabyvich|247\/394
|
|-heal|p2a: Zabyvich|271\/394|[from] item: Leftovers
|-heal|p1a: Quagsire|249\/394 par|[from] item: Leftovers
|turn|72
|
|move|p2a: Zabyvich|Earthquake|p1a: Quagsire
|-damage|p1a: Quagsire|122\/394 par
|move|p1a: Quagsire|Recover|p1a: Quagsire
|-heal|p1a: Quagsire|319\/394 par
|
|-heal|p2a: Zabyvich|295\/394|[from] item: Leftovers
|-heal|p1a: Quagsire|343\/394 par|[from] item: Leftovers
|turn|73
|
|switch|p1a: Armaldo|Armaldo, F|134\/354 brn
|move|p2a: Zabyvich|Earthquake|p1a: Armaldo
|-damage|p1a: Armaldo|0 fnt
|faint|p1a: Armaldo
|
|-heal|p2a: Zabyvich|319\/394|[from] item: Leftovers
|
|switch|p1a: Cofagrigus|Cofagrigus, F|188\/320 tox
|turn|74
|
|move|p1a: Cofagrigus|Will-O-Wisp|p2a: Zabyvich
|-status|p2a: Zabyvich|brn
|move|p2a: Zabyvich|Scald|p1a: Cofagrigus
|-damage|p1a: Cofagrigus|130\/320 tox
|
|-heal|p1a: Cofagrigus|150\/320 tox|[from] item: Leftovers
|-heal|p2a: Zabyvich|343\/394 brn|[from] item: Leftovers
|-damage|p1a: Cofagrigus|130\/320 tox|[from] psn
|-damage|p2a: Zabyvich|294\/394 brn|[from] brn
|turn|75
|
|move|p1a: Cofagrigus|Shadow Ball|p2a: Zabyvich
|-damage|p2a: Zabyvich|113\/394 brn
|-unboost|p2a: Zabyvich|spd|1
|move|p2a: Zabyvich|Earthquake|p1a: Cofagrigus
|-damage|p1a: Cofagrigus|0 fnt
|faint|p1a: Cofagrigus
|
|-heal|p2a: Zabyvich|137\/394 brn|[from] item: Leftovers
|-damage|p2a: Zabyvich|88\/394 brn|[from] brn
|
|switch|p1a: Smeargle|Smeargle, M|314\/314
|turn|76
|
|move|p1a: Smeargle|Ingrain|p1a: Smeargle
|-start|p1a: Smeargle|move: Ingrain
|move|p2a: Zabyvich|Recover|p2a: Zabyvich
|-heal|p2a: Zabyvich|285\/394 brn
|
|-heal|p2a: Zabyvich|309\/394 brn|[from] item: Leftovers
|-damage|p2a: Zabyvich|260\/394 brn|[from] brn
|turn|77
|
|move|p1a: Smeargle|Baton Pass|p1a: Smeargle
|
|switch|p1a: Quagsire|Quagsire, M|343\/394 par
|move|p2a: Zabyvich|Earthquake|p1a: Quagsire
|-damage|p1a: Quagsire|283\/394 par
|
|-heal|p2a: Zabyvich|284\/394 brn|[from] item: Leftovers
|-heal|p1a: Quagsire|307\/394 par|[from] item: Leftovers
|-heal|p1a: Quagsire|331\/394 par|[from] Ingrain
|-damage|p2a: Zabyvich|235\/394 brn|[from] brn
|turn|78
|
|move|p2a: Zabyvich|Scald|p1a: Quagsire
|-damage|p1a: Quagsire|271\/394 par
|cant|p1a: Quagsire|par
|
|-heal|p2a: Zabyvich|259\/394 brn|[from] item: Leftovers
|-heal|p1a: Quagsire|295\/394 par|[from] item: Leftovers
|-heal|p1a: Quagsire|319\/394 par|[from] Ingrain
|-damage|p2a: Zabyvich|210\/394 brn|[from] brn
|turn|79
|
|move|p2a: Zabyvich|Scald|p1a: Quagsire
|-damage|p1a: Quagsire|261\/394 par
|cant|p1a: Quagsire|par
|
|-heal|p2a: Zabyvich|234\/394 brn|[from] item: Leftovers
|-heal|p1a: Quagsire|285\/394 par|[from] item: Leftovers
|-heal|p1a: Quagsire|309\/394 par|[from] Ingrain
|-damage|p2a: Zabyvich|185\/394 brn|[from] brn
|turn|80
|
|move|p2a: Zabyvich|Recover|p2a: Zabyvich
|-heal|p2a: Zabyvich|382\/394 brn
|move|p1a: Quagsire|Curse|p1a: Quagsire
|-boost|p1a: Quagsire|atk|1
|-boost|p1a: Quagsire|def|1
|-unboost|p1a: Quagsire|spe|1
|
|-heal|p2a: Zabyvich|394\/394 brn|[from] item: Leftovers
|-heal|p1a: Quagsire|333\/394 par|[from] item: Leftovers
|-heal|p1a: Quagsire|357\/394 par|[from] Ingrain
|-damage|p2a: Zabyvich|345\/394 brn|[from] brn
|turn|81
|
|switch|p2a: Zloblik|Sableye, F|38\/304
|move|p1a: Quagsire|Curse|p1a: Quagsire
|-boost|p1a: Quagsire|atk|1
|-boost|p1a: Quagsire|def|1
|-unboost|p1a: Quagsire|spe|1
|
|-heal|p1a: Quagsire|381\/394 par|[from] item: Leftovers
|-heal|p1a: Quagsire|394\/394 par|[from] Ingrain
|turn|82
|
|move|p2a: Zloblik|Taunt|p1a: Quagsire
|-start|p1a: Quagsire|move: Taunt
|cant|p1a: Quagsire|move: Taunt|Curse
|
|turn|83
|
|move|p2a: Zloblik|Confuse Ray|p1a: Quagsire
|-start|p1a: Quagsire|confusion
|cant|p1a: Quagsire|par
|
|turn|84
|
|move|p2a: Zloblik|Recover|p2a: Zloblik
|-heal|p2a: Zloblik|190\/304
|cant|p1a: Quagsire|par
|
|-end|p1a: Quagsire|move: Taunt
|turn|85
|
|move|p2a: Zloblik|Taunt|p1a: Quagsire
|-start|p1a: Quagsire|move: Taunt
|-activate|p1a: Quagsire|confusion
|move|p1a: Quagsire|Waterfall|p2a: Zloblik
|-damage|p2a: Zloblik|52\/304
|
|turn|86
|
|move|p2a: Zloblik|Recover|p2a: Zloblik
|-heal|p2a: Zloblik|204\/304
|-end|p1a: Quagsire|confusion
|move|p1a: Quagsire|Waterfall|p2a: Zloblik
|-damage|p2a: Zloblik|65\/304
|
|turn|87
|
|move|p2a: Zloblik|Confuse Ray|p1a: Quagsire
|-start|p1a: Quagsire|confusion
|-activate|p1a: Quagsire|confusion
|-damage|p1a: Quagsire|360\/394 par|[from] confusion
|
|-heal|p1a: Quagsire|384\/394 par|[from] item: Leftovers
|-heal|p1a: Quagsire|394\/394 par|[from] Ingrain
|-end|p1a: Quagsire|move: Taunt
|turn|88
|
|move|p2a: Zloblik|Taunt|p1a: Quagsire
|-start|p1a: Quagsire|move: Taunt
|-activate|p1a: Quagsire|confusion
|move|p1a: Quagsire|Waterfall|p2a: Zloblik
|-damage|p2a: Zloblik|0 fnt
|faint|p2a: Zloblik
|
|
|switch|p2a: Tenera|Umbreon, F|394\/394
|turn|89
|
|move|p2a: Tenera|Toxic|p1a: Quagsire
|-fail|p1a: Quagsire
|-activate|p1a: Quagsire|confusion
|move|p1a: Quagsire|Earthquake|p2a: Tenera
|-damage|p2a: Tenera|201\/394
|
|-heal|p2a: Tenera|225\/394|[from] item: Leftovers
|turn|90
|
|move|p2a: Tenera|Foul Play|p1a: Quagsire
|-damage|p1a: Quagsire|336\/394 par
|-activate|p1a: Quagsire|confusion
|-damage|p1a: Quagsire|307\/394 par|[from] confusion
|
|-heal|p2a: Tenera|249\/394|[from] item: Leftovers
|-heal|p1a: Quagsire|331\/394 par|[from] item: Leftovers
|-heal|p1a: Quagsire|355\/394 par|[from] Ingrain
|-end|p1a: Quagsire|move: Taunt
|turn|91
|chat|Toreutic|lol
|
|move|p2a: Tenera|Heal Bell|p2a: Tenera
|-cureteam|p2a: Tenera|[from] move: HealBell
|-end|p1a: Quagsire|confusion
|move|p1a: Quagsire|Curse|p1a: Quagsire
|-boost|p1a: Quagsire|atk|1
|-boost|p1a: Quagsire|def|1
|-unboost|p1a: Quagsire|spe|1
|
|-heal|p2a: Tenera|273\/394|[from] item: Leftovers
|-heal|p1a: Quagsire|379\/394 par|[from] item: Leftovers
|-heal|p1a: Quagsire|394\/394 par|[from] Ingrain
|turn|92
|
|move|p2a: Tenera|Foul Play|p1a: Quagsire
|-damage|p1a: Quagsire|348\/394 par
|move|p1a: Quagsire|Earthquake|p2a: Tenera
|-damage|p2a: Tenera|18\/394
|
|-heal|p2a: Tenera|42\/394|[from] item: Leftovers
|-heal|p1a: Quagsire|372\/394 par|[from] item: Leftovers
|-heal|p1a: Quagsire|394\/394 par|[from] Ingrain
|turn|93
|
|switch|p2a: Skol'zgor|Gligar, F|230\/334
|move|p1a: Quagsire|Waterfall|p2a: Skol'zgor
|-supereffective|p2a: Skol'zgor
|-damage|p2a: Skol'zgor|0 fnt
|faint|p2a: Skol'zgor
|
|
|switch|p2a: Zabyvich|Quagsire, F|345\/394
|turn|94
|
|move|p2a: Zabyvich|Scald|p1a: Quagsire
|-damage|p1a: Quagsire|334\/394 par
|move|p1a: Quagsire|Waterfall|p2a: Zabyvich
|-damage|p2a: Zabyvich|275\/394
|
|-heal|p2a: Zabyvich|299\/394|[from] item: Leftovers
|-heal|p1a: Quagsire|358\/394 par|[from] item: Leftovers
|-heal|p1a: Quagsire|382\/394 par|[from] Ingrain
|turn|95
|
|move|p2a: Zabyvich|Earthquake|p1a: Quagsire
|-damage|p1a: Quagsire|265\/394 par
|move|p1a: Quagsire|Waterfall|p2a: Zabyvich
|-damage|p2a: Zabyvich|227\/394
|
|-heal|p2a: Zabyvich|251\/394|[from] item: Leftovers
|-heal|p1a: Quagsire|289\/394 par|[from] item: Leftovers
|-heal|p1a: Quagsire|313\/394 par|[from] Ingrain
|turn|96
|
|move|p2a: Zabyvich|Earthquake|p1a: Quagsire
|-damage|p1a: Quagsire|189\/394 par
|move|p1a: Quagsire|Waterfall|p2a: Zabyvich
|-damage|p2a: Zabyvich|188\/394
|
|-heal|p2a: Zabyvich|212\/394|[from] item: Leftovers
|-heal|p1a: Quagsire|213\/394 par|[from] item: Leftovers
|-heal|p1a: Quagsire|237\/394 par|[from] Ingrain
|turn|97
|
|move|p2a: Zabyvich|Earthquake|p1a: Quagsire
|-damage|p1a: Quagsire|128\/394 par
|cant|p1a: Quagsire|par
|
|-heal|p2a: Zabyvich|236\/394|[from] item: Leftovers
|-heal|p1a: Quagsire|152\/394 par|[from] item: Leftovers
|-heal|p1a: Quagsire|176\/394 par|[from] Ingrain
|turn|98
|
|move|p2a: Zabyvich|Scald|p1a: Quagsire
|-damage|p1a: Quagsire|118\/394 par
|move|p1a: Quagsire|Recover|p1a: Quagsire
|-heal|p1a: Quagsire|315\/394 par
|
|-heal|p2a: Zabyvich|260\/394|[from] item: Leftovers
|-heal|p1a: Quagsire|339\/394 par|[from] item: Leftovers
|-heal|p1a: Quagsire|363\/394 par|[from] Ingrain
|turn|99
|
|move|p2a: Zabyvich|Scald|p1a: Quagsire
|-damage|p1a: Quagsire|296\/394 par
|move|p1a: Quagsire|Waterfall|p2a: Zabyvich
|-damage|p2a: Zabyvich|196\/394
|
|-heal|p2a: Zabyvich|220\/394|[from] item: Leftovers
|-heal|p1a: Quagsire|320\/394 par|[from] item: Leftovers
|-heal|p1a: Quagsire|344\/394 par|[from] Ingrain
|turn|100
|
|move|p2a: Zabyvich|Recover|p2a: Zabyvich
|-heal|p2a: Zabyvich|394\/394
|move|p1a: Quagsire|Waterfall|p2a: Zabyvich
|-damage|p2a: Zabyvich|328\/394
|
|-heal|p2a: Zabyvich|352\/394|[from] item: Leftovers
|-heal|p1a: Quagsire|368\/394 par|[from] item: Leftovers
|-heal|p1a: Quagsire|392\/394 par|[from] Ingrain
|turn|101
|
|move|p2a: Zabyvich|Recover|p2a: Zabyvich
|-heal|p2a: Zabyvich|394\/394
|cant|p1a: Quagsire|par
|
|-heal|p1a: Quagsire|394\/394 par|[from] item: Leftovers
|turn|102
|
|move|p2a: Zabyvich|Recover|p2a: Zabyvich
|-fail|p2a: Zabyvich
|move|p1a: Quagsire|Waterfall|p2a: Zabyvich
|-crit|p2a: Zabyvich
|-damage|p2a: Zabyvich|297\/394
|
|-heal|p2a: Zabyvich|321\/394|[from] item: Leftovers
|turn|103
|
|move|p2a: Zabyvich|Recover|p2a: Zabyvich
|-heal|p2a: Zabyvich|394\/394
|move|p1a: Quagsire|Curse|p1a: Quagsire
|-boost|p1a: Quagsire|atk|1
|-boost|p1a: Quagsire|def|1
|-unboost|p1a: Quagsire|spe|1
|
|turn|104
|
|switch|p2a: Volshebnitsa|Florges, F|360\/360
|cant|p1a: Quagsire|par
|
|turn|105
|
|move|p2a: Volshebnitsa|Protect|p2a: Volshebnitsa
|-singleturn|p2a: Volshebnitsa|Protect
|move|p1a: Quagsire|Waterfall|p2a: Volshebnitsa
|-activate|p2a: Volshebnitsa|Protect
|
|turn|106
|
|switch|p2a: Zabyvich|Quagsire, F|394\/394
|move|p1a: Quagsire|Waterfall|p2a: Zabyvich
|-damage|p2a: Zabyvich|333\/394
|
|-heal|p2a: Zabyvich|357\/394|[from] item: Leftovers
|turn|107
|
|move|p2a: Zabyvich|Recover|p2a: Zabyvich
|-heal|p2a: Zabyvich|394\/394
|move|p1a: Quagsire|Recover|p1a: Quagsire
|-fail|p1a: Quagsire
|
|turn|108
|
|switch|p2a: Tenera|Umbreon, F|42\/394
|move|p1a: Quagsire|Recover|p1a: Quagsire
|-fail|p1a: Quagsire
|
|-heal|p2a: Tenera|66\/394|[from] item: Leftovers
|turn|109
|
|switch|p2a: Zabyvich|Quagsire, F|394\/394
|move|p1a: Quagsire|Waterfall|p2a: Zabyvich
|-damage|p2a: Zabyvich|331\/394
|
|-heal|p2a: Zabyvich|355\/394|[from] item: Leftovers
|turn|110
|
|move|p2a: Zabyvich|Recover|p2a: Zabyvich
|-heal|p2a: Zabyvich|394\/394
|move|p1a: Quagsire|Recover|p1a: Quagsire
|-fail|p1a: Quagsire
|
|turn|111
|
|move|p2a: Zabyvich|Recover|p2a: Zabyvich
|-fail|p2a: Zabyvich
|move|p1a: Quagsire|Recover|p1a: Quagsire
|-fail|p1a: Quagsire
|
|turn|112
|
|move|p2a: Zabyvich|Recover|p2a: Zabyvich
|-fail|p2a: Zabyvich
|move|p1a: Quagsire|Waterfall|p2a: Zabyvich
|-damage|p2a: Zabyvich|330\/394
|
|-heal|p2a: Zabyvich|354\/394|[from] item: Leftovers
|turn|113
|
|switch|p2a: Tenera|Umbreon, F|66\/394
|move|p1a: Quagsire|Waterfall|p2a: Tenera
|-damage|p2a: Tenera|0 fnt
|faint|p2a: Tenera
|
|
|switch|p2a: Volshebnitsa|Florges, F|360\/360
|turn|114
|
|move|p2a: Volshebnitsa|Protect|p2a: Volshebnitsa
|-singleturn|p2a: Volshebnitsa|Protect
|move|p1a: Quagsire|Recover|p1a: Quagsire
|-fail|p1a: Quagsire
|
|turn|115
|
|switch|p2a: Zabyvich|Quagsire, F|354\/394
|cant|p1a: Quagsire|par
|
|-heal|p2a: Zabyvich|378\/394|[from] item: Leftovers
|turn|116
|
|move|p2a: Zabyvich|Recover|p2a: Zabyvich
|-heal|p2a: Zabyvich|394\/394
|move|p1a: Quagsire|Recover|p1a: Quagsire
|-fail|p1a: Quagsire
|
|turn|117
|
|move|p2a: Zabyvich|Recover|p2a: Zabyvich
|-fail|p2a: Zabyvich
|move|p1a: Quagsire|Recover|p1a: Quagsire
|-fail|p1a: Quagsire
|
|turn|118
|
|move|p2a: Zabyvich|Recover|p2a: Zabyvich
|-fail|p2a: Zabyvich
|move|p1a: Quagsire|Waterfall|p2a: Zabyvich
|-damage|p2a: Zabyvich|334\/394
|
|-heal|p2a: Zabyvich|358\/394|[from] item: Leftovers
|turn|119
|
|switch|p2a: Volshebnitsa|Florges, F|360\/360
|move|p1a: Quagsire|Waterfall|p2a: Volshebnitsa
|-damage|p2a: Volshebnitsa|8\/360
|
|-heal|p2a: Volshebnitsa|30\/360|[from] item: Leftovers
|turn|120
|
|move|p2a: Volshebnitsa|Protect|p2a: Volshebnitsa
|-singleturn|p2a: Volshebnitsa|Protect
|cant|p1a: Quagsire|par
|
|-heal|p2a: Volshebnitsa|52\/360|[from] item: Leftovers
|turn|121
|
|move|p2a: Volshebnitsa|Wish|p2a: Volshebnitsa
|move|p1a: Quagsire|Waterfall|p2a: Volshebnitsa
|-damage|p2a: Volshebnitsa|0 fnt
|faint|p2a: Volshebnitsa
|
|
|switch|p2a: Berlin|Snorlax, F|524\/524
|turn|122
|
|switch|p2a: Zabyvich|Quagsire, F|358\/394
|-activate|p1a: Quagsire|move: Struggle
|move|p1a: Quagsire|Struggle|p2a: Zabyvich
|-damage|p2a: Zabyvich|329\/394
|-damage|p1a: Quagsire|296\/394 par
|
|-heal|p2a: Zabyvich|394\/394|[from] move: Wish|[wisher] Volshebnitsa
|-heal|p1a: Quagsire|320\/394 par|[from] item: Leftovers
|-heal|p1a: Quagsire|344\/394 par|[from] Ingrain
|turn|123
|chat|Toreutic|da fuq
|
|switch|p2a: Berlin|Snorlax, F|524\/524
|cant|p1a: Quagsire|par
|
|-heal|p1a: Quagsire|368\/394 par|[from] item: Leftovers
|-heal|p1a: Quagsire|392\/394 par|[from] Ingrain
|turn|124
|
|move|p2a: Berlin|Curse|p2a: Berlin
|-boost|p2a: Berlin|atk|1
|-boost|p2a: Berlin|def|1
|-unboost|p2a: Berlin|spe|1
|-activate|p1a: Quagsire|move: Struggle
|move|p1a: Quagsire|Struggle|p2a: Berlin
|-damage|p2a: Berlin|378\/524
|-damage|p1a: Quagsire|294\/394 par
|
|-heal|p2a: Berlin|410\/524|[from] item: Leftovers
|-heal|p1a: Quagsire|318\/394 par|[from] item: Leftovers
|-heal|p1a: Quagsire|342\/394 par|[from] Ingrain
|turn|125
|
|move|p2a: Berlin|Curse|p2a: Berlin
|-boost|p2a: Berlin|atk|1
|-boost|p2a: Berlin|def|1
|-unboost|p2a: Berlin|spe|1
|-activate|p1a: Quagsire|move: Struggle
|move|p1a: Quagsire|Struggle|p2a: Berlin
|-damage|p2a: Berlin|256\/524
|-damage|p1a: Quagsire|244\/394 par
|
|-heal|p2a: Berlin|288\/524|[from] item: Leftovers
|-heal|p1a: Quagsire|268\/394 par|[from] item: Leftovers
|-heal|p1a: Quagsire|292\/394 par|[from] Ingrain
|turn|126
|
|move|p2a: Berlin|Curse|p2a: Berlin
|-boost|p2a: Berlin|atk|1
|-boost|p2a: Berlin|def|1
|-unboost|p2a: Berlin|spe|1
|cant|p1a: Quagsire|par
|
|-heal|p2a: Berlin|320\/524|[from] item: Leftovers
|-heal|p1a: Quagsire|316\/394 par|[from] item: Leftovers
|-heal|p1a: Quagsire|340\/394 par|[from] Ingrain
|turn|127
|
|move|p2a: Berlin|Curse|p2a: Berlin
|-boost|p2a: Berlin|atk|1
|-boost|p2a: Berlin|def|1
|-unboost|p2a: Berlin|spe|1
|-activate|p1a: Quagsire|move: Struggle
|move|p1a: Quagsire|Struggle|p2a: Berlin
|-damage|p2a: Berlin|169\/524
|-damage|p1a: Quagsire|242\/394 par
|
|-heal|p2a: Berlin|201\/524|[from] item: Leftovers
|-heal|p1a: Quagsire|266\/394 par|[from] item: Leftovers
|-heal|p1a: Quagsire|290\/394 par|[from] Ingrain
|turn|128
|
|move|p2a: Berlin|Rest|p2a: Berlin
|-status|p2a: Berlin|slp
|-heal|p2a: Berlin|524\/524 slp|[silent]
|-status|p2a: Berlin|slp|[from] move: Rest
|-activate|p1a: Quagsire|move: Struggle
|move|p1a: Quagsire|Struggle|p2a: Berlin
|-damage|p2a: Berlin|378\/524 slp
|-damage|p1a: Quagsire|192\/394 par
|
|-heal|p2a: Berlin|410\/524 slp|[from] item: Leftovers
|-heal|p1a: Quagsire|216\/394 par|[from] item: Leftovers
|-heal|p1a: Quagsire|240\/394 par|[from] Ingrain
|turn|129
|
|cant|p2a: Berlin|slp
|move|p2a: Berlin|Sleep Talk|p2a: Berlin
|move|p2a: Berlin|Body Slam|p1a: Quagsire|[from]Sleep Talk
|-damage|p1a: Quagsire|201\/394 par
|cant|p1a: Quagsire|par
|
|-heal|p2a: Berlin|442\/524 slp|[from] item: Leftovers
|-heal|p1a: Quagsire|225\/394 par|[from] item: Leftovers
|-heal|p1a: Quagsire|249\/394 par|[from] Ingrain
|turn|130
|
|cant|p2a: Berlin|slp
|move|p2a: Berlin|Sleep Talk|p2a: Berlin
|move|p2a: Berlin|Body Slam|p1a: Quagsire|[from]Sleep Talk
|-damage|p1a: Quagsire|206\/394 par
|-activate|p1a: Quagsire|move: Struggle
|move|p1a: Quagsire|Struggle|p2a: Berlin
|-damage|p2a: Berlin|297\/524 slp
|-damage|p1a: Quagsire|108\/394 par
|
|-heal|p2a: Berlin|329\/524 slp|[from] item: Leftovers
|-heal|p1a: Quagsire|132\/394 par|[from] item: Leftovers
|-heal|p1a: Quagsire|156\/394 par|[from] Ingrain
|turn|131
|
|-curestatus|p2a: Berlin|slp
|move|p2a: Berlin|Curse|p2a: Berlin
|-boost|p2a: Berlin|atk|1
|-boost|p2a: Berlin|def|1
|-unboost|p2a: Berlin|spe|1
|-activate|p1a: Quagsire|move: Struggle
|move|p1a: Quagsire|Struggle|p2a: Berlin
|-damage|p2a: Berlin|194\/524
|-damage|p1a: Quagsire|58\/394 par
|
|-heal|p2a: Berlin|226\/524|[from] item: Leftovers
|-heal|p1a: Quagsire|82\/394 par|[from] item: Leftovers
|-heal|p1a: Quagsire|106\/394 par|[from] Ingrain
|turn|132
|
|move|p2a: Berlin|Rest|p2a: Berlin
|-status|p2a: Berlin|slp
|-heal|p2a: Berlin|524\/524 slp|[silent]
|-status|p2a: Berlin|slp|[from] move: Rest
|-activate|p1a: Quagsire|move: Struggle
|move|p1a: Quagsire|Struggle|p2a: Berlin
|-damage|p2a: Berlin|371\/524 slp
|-damage|p1a: Quagsire|8\/394 par
|
|-heal|p2a: Berlin|403\/524 slp|[from] item: Leftovers
|-heal|p1a: Quagsire|32\/394 par|[from] item: Leftovers
|-heal|p1a: Quagsire|56\/394 par|[from] Ingrain
|turn|133
|
|cant|p2a: Berlin|slp
|move|p2a: Berlin|Sleep Talk|p2a: Berlin
|move|p2a: Berlin|Rest|p2a: Berlin|[from]Sleep Talk
|-fail|p2a: Berlin
|-activate|p1a: Quagsire|move: Struggle
|move|p1a: Quagsire|Struggle|p2a: Berlin
|-damage|p2a: Berlin|269\/524 slp
|-damage|p1a: Quagsire|0 fnt
|faint|p1a: Quagsire
|
|-heal|p2a: Berlin|301\/524 slp|[from] item: Leftovers
|
|switch|p1a: Reuniclus|Reuniclus, F|424\/424
|turn|134
|
|move|p1a: Reuniclus|Focus Blast|p2a: Berlin
|-crit|p2a: Berlin
|-supereffective|p2a: Berlin
|-damage|p2a: Berlin|73\/524 slp
|-unboost|p2a: Berlin|spd|1
|cant|p2a: Berlin|slp
|move|p2a: Berlin|Sleep Talk|p2a: Berlin
|move|p2a: Berlin|Curse|p2a: Berlin|[from]Sleep Talk
|-boost|p2a: Berlin|atk|1
|-boost|p2a: Berlin|def|1
|-unboost|p2a: Berlin|spe|1
|
|-heal|p2a: Berlin|105\/524 slp|[from] item: Leftovers
|turn|135
|
|move|p1a: Reuniclus|Focus Blast|p2a: Berlin|[miss]
|-miss|p1a: Reuniclus|p2a: Berlin
|-curestatus|p2a: Berlin|slp
|move|p2a: Berlin|Rest|p2a: Berlin
|-status|p2a: Berlin|slp
|-heal|p2a: Berlin|524\/524 slp|[silent]
|-status|p2a: Berlin|slp|[from] move: Rest
|
|turn|136
|
|move|p1a: Reuniclus|Focus Blast|p2a: Berlin
|-supereffective|p2a: Berlin
|-damage|p2a: Berlin|280\/524 slp
|cant|p2a: Berlin|slp
|move|p2a: Berlin|Sleep Talk|p2a: Berlin
|move|p2a: Berlin|Rest|p2a: Berlin|[from]Sleep Talk
|-fail|p2a: Berlin
|
|-heal|p2a: Berlin|312\/524 slp|[from] item: Leftovers
|turn|137
|
|move|p1a: Reuniclus|Focus Blast|p2a: Berlin
|-supereffective|p2a: Berlin
|-damage|p2a: Berlin|100\/524 slp
|cant|p2a: Berlin|slp
|move|p2a: Berlin|Sleep Talk|p2a: Berlin
|move|p2a: Berlin|Rest|p2a: Berlin|[from]Sleep Talk
|-fail|p2a: Berlin
|
|-heal|p2a: Berlin|132\/524 slp|[from] item: Leftovers
|turn|138
|
|move|p1a: Reuniclus|Focus Blast|p2a: Berlin
|-supereffective|p2a: Berlin
|-damage|p2a: Berlin|0 fnt
|faint|p2a: Berlin
|
|chat|Toreutic|VICTORY
|
|switch|p2a: Zabyvich|Quagsire, F|394\/394
|turn|139
|
|-activate|p2a: Zabyvich|move: Struggle
|move|p2a: Zabyvich|Struggle|p1a: Reuniclus
|-damage|p1a: Reuniclus|392\/424
|-damage|p2a: Zabyvich|296\/394
|move|p1a: Reuniclus|Focus Blast|p2a: Zabyvich
|-damage|p2a: Zabyvich|103\/394
|
|-heal|p2a: Zabyvich|127\/394|[from] item: Leftovers
|-heal|p1a: Reuniclus|418\/424|[from] item: Leftovers
|turn|140
|
|-activate|p2a: Zabyvich|move: Struggle
|move|p2a: Zabyvich|Struggle|p1a: Reuniclus
|-damage|p1a: Reuniclus|387\/424
|-damage|p2a: Zabyvich|29\/394
|move|p1a: Reuniclus|Psyshock|p2a: Zabyvich
|-damage|p2a: Zabyvich|0 fnt
|faint|p2a: Zabyvich
|
|win|Toreutic
|raw|Ladder updating...
|raw|Toreutic's rating: 1228 &rarr; <strong>1252<\/strong><br \/>(+24 for winning)
|raw|TaylorVixen's rating: 1219 &rarr; <strong>1194<\/strong><br \/>(-25 for losing)
|leave|TaylorVixen
|player|p2
|chat|Toreutic|Worth it
|leave|Toreutic
|player|p1