|join|Toreutic
|join|teal uu testing
|player|p1|Toreutic|126
|player|p2|teal uu testing|138
|gametype|singles
|gen|6
|tier|UU
|rated
|rule|Sleep Clause Mod: Limit one foe put to sleep
|rule|Species Clause: Limit one of each PokÃ©mon
|rule|OHKO Clause: OHKO moves are banned
|rule|Moody Clause: Moody is banned
|rule|Evasion Moves Clause: Evasion moves are banned
|rule|Endless Battle Clause: Forcing endless battles is banned
|rule|HP Percentage Mod: HP is shown in percentages
|clearpoke
|poke|p1|Porygon-Z
|poke|p1|Florges, F
|poke|p1|Hydreigon, M
|poke|p1|Swampert, F
|poke|p1|Crobat, M
|poke|p1|Banette, M
|poke|p2|Entei, shiny
|poke|p2|Ampharos, M
|poke|p2|Empoleon, M
|poke|p2|Jirachi
|poke|p2|Hydreigon, F
|poke|p2|Haxorus, M
|rule|Swagger Clause: Swagger is banned
|rule|Baton Pass Clause: Limit one PokÃ©mon knowing Baton Pass
|teampreview
|
|start
|switch|p1a: Banette|Banette, M|332\/332
|switch|p2a: Ampharos|Ampharos, M|384\/384
|turn|1
|
|switch|p1a: Florges|Florges, F|360\/360
|detailschange|p2a: Ampharos|Ampharos-Mega, M
|message|Ampharos has Mega Evolved into Mega Ampharos!
|-ability|p2a: Ampharos|Mold Breaker
|move|p2a: Ampharos|Dragon Pulse|p1a: Florges
|-immune|p1a: Florges|[msg]
|
|turn|2
|
|switch|p1a: Banette|Banette, M|332\/332
|switch|p2a: Jirachi|Jirachi|341\/341
|
|turn|3
|
|detailschange|p1a: Banette|Banette-Mega, M
|message|Banette has Mega Evolved into Mega Banette!
|move|p1a: Banette|Pursuit|p2a: Jirachi|[from]Pursuit
|-supereffective|p2a: Jirachi
|-damage|p2a: Jirachi|83\/341
|switch|p2a: Entei|Entei, shiny|372\/372
|-ability|p2a: Entei|Pressure
|
|turn|4
|
|switch|p1a: Swampert|Swampert, F|404\/404
|move|p2a: Entei|Sacred Fire|p1a: Swampert
|-resisted|p1a: Swampert
|-damage|p1a: Swampert|299\/404
|-status|p1a: Swampert|brn
|
|-damage|p1a: Swampert|249\/404 brn|[from] brn
|turn|5
|
|switch|p2a: Hydreigon|Hydreigon, F|325\/325
|move|p1a: Swampert|Scald|p2a: Hydreigon
|-resisted|p2a: Hydreigon
|-damage|p2a: Hydreigon|277\/325
|
|-damage|p1a: Swampert|199\/404 brn|[from] brn
|turn|6
|
|switch|p1a: Florges|Florges, F|360\/360
|move|p2a: Hydreigon|U-turn|p1a: Florges
|-crit|p1a: Florges
|-resisted|p1a: Florges
|-damage|p1a: Florges|305\/360
|
|switch|p2a: Jirachi|Jirachi|83\/341
|
|-heal|p1a: Florges|327\/360|[from] item: Leftovers
|turn|7
|
|move|p1a: Florges|Protect|p1a: Florges
|-singleturn|p1a: Florges|Protect
|move|p2a: Jirachi|U-turn|p1a: Florges
|-activate|p1a: Florges|Protect
|
|-heal|p1a: Florges|349\/360|[from] item: Leftovers
|turn|8
|
|switch|p1a: Crobat|Crobat, M|311\/311
|move|p2a: Jirachi|U-turn|p1a: Crobat
|-resisted|p1a: Crobat
|-damage|p1a: Crobat|291\/311
|
|switch|p2a: Ampharos|Ampharos-Mega, M|384\/384
|-ability|p2a: Ampharos|Mold Breaker
|
|-heal|p1a: Crobat|310\/311|[from] item: Black Sludge
|turn|9
|
|move|p1a: Crobat|U-turn|p2a: Ampharos
|-damage|p2a: Ampharos|321\/384
|
|switch|p1a: Florges|Florges, F|349\/360
|move|p2a: Ampharos|Volt Switch|p1a: Florges
|-damage|p1a: Florges|261\/360
|
|switch|p2a: Entei|Entei, shiny|372\/372
|-ability|p2a: Entei|Pressure
|
|-heal|p1a: Florges|283\/360|[from] item: Leftovers
|turn|10
|
|move|p1a: Florges|Protect|p1a: Florges
|-singleturn|p1a: Florges|Protect
|move|p2a: Entei|Sacred Fire|p1a: Florges
|-activate|p1a: Florges|Protect
|
|-heal|p1a: Florges|305\/360|[from] item: Leftovers
|turn|11
|
|switch|p1a: Swampert|Swampert, F|199\/404 brn
|move|p2a: Entei|Sacred Fire|p1a: Swampert
|-resisted|p1a: Swampert
|-damage|p1a: Swampert|87\/404 brn
|
|-damage|p1a: Swampert|37\/404 brn|[from] brn
|turn|12
|
|move|p2a: Entei|Sacred Fire|p1a: Swampert
|-resisted|p1a: Swampert
|-damage|p1a: Swampert|0 fnt
|faint|p1a: Swampert
|
|
|switch|p1a: Porygon-Z|Porygon-Z|312\/312
|turn|13
|
|move|p2a: Entei|Sacred Fire|p1a: Porygon-Z
|-damage|p1a: Porygon-Z|0 fnt
|faint|p1a: Porygon-Z
|
|
|switch|p1a: Hydreigon|Hydreigon, M|325\/325
|turn|14
|
|switch|p2a: Empoleon|Empoleon, M|372\/372
|move|p1a: Hydreigon|Dark Pulse|p2a: Empoleon
|-damage|p2a: Empoleon|245\/372
|
|-heal|p2a: Empoleon|268\/372|[from] item: Leftovers
|turn|15
|
|move|p1a: Hydreigon|Dark Pulse|p2a: Empoleon
|-damage|p2a: Empoleon|126\/372
|cant|p2a: Empoleon|flinch
|
|-heal|p2a: Empoleon|149\/372|[from] item: Leftovers
|turn|16
|
|move|p1a: Hydreigon|Dark Pulse|p2a: Empoleon
|-damage|p2a: Empoleon|2\/372
|move|p2a: Empoleon|Stealth Rock|p1a: Hydreigon
|-sidestart|p1: Toreutic|move: Stealth Rock
|
|-heal|p2a: Empoleon|25\/372|[from] item: Leftovers
|turn|17
|
|move|p1a: Hydreigon|Dark Pulse|p2a: Empoleon
|-damage|p2a: Empoleon|0 fnt
|faint|p2a: Empoleon
|
|
|switch|p2a: Hydreigon|Hydreigon, F|277\/325
|turn|18
|
|switch|p1a: Florges|Florges, F|305\/360
|-damage|p1a: Florges|260\/360|[from] Stealth Rock
|move|p2a: Hydreigon|U-turn|p1a: Florges
|-resisted|p1a: Florges
|-damage|p1a: Florges|221\/360
|
|switch|p2a: Jirachi|Jirachi|83\/341
|
|-heal|p1a: Florges|243\/360|[from] item: Leftovers
|turn|19
|
|switch|p1a: Banette|Banette-Mega, M|332\/332
|-damage|p1a: Banette|291\/332|[from] Stealth Rock
|move|p2a: Jirachi|Iron Head|p1a: Banette
|-damage|p1a: Banette|141\/332
|
|turn|20
|
|move|p1a: Banette|Shadow Sneak|p2a: Jirachi
|-supereffective|p2a: Jirachi
|-damage|p2a: Jirachi|0 fnt
|faint|p2a: Jirachi
|
|
|switch|p2a: Ampharos|Ampharos-Mega, M|321\/384
|-ability|p2a: Ampharos|Mold Breaker
|turn|21
|
|move|p1a: Banette|Destiny Bond|p1a: Banette
|-singlemove|p1a: Banette|Destiny Bond
|move|p2a: Ampharos|Volt Switch|p1a: Banette
|-damage|p1a: Banette|0 fnt
|faint|p1a: Banette
|-activate|p1a: Banette|Destiny Bond
|faint|p2a: Ampharos
|
|
|switch|p1a: Hydreigon|Hydreigon, M|325\/325
|-damage|p1a: Hydreigon|285\/325|[from] Stealth Rock
|switch|p2a: Hydreigon|Hydreigon, F|277\/325
|turn|22
|
|move|p1a: Hydreigon|Draco Meteor|p2a: Hydreigon
|-supereffective|p2a: Hydreigon
|-damage|p2a: Hydreigon|0 fnt
|-unboost|p1a: Hydreigon|spa|2
|faint|p2a: Hydreigon
|
|
|switch|p2a: Entei|Entei, shiny|372\/372
|-ability|p2a: Entei|Pressure
|turn|23
|
|switch|p1a: Florges|Florges, F|243\/360
|-damage|p1a: Florges|198\/360|[from] Stealth Rock
|move|p2a: Entei|Sacred Fire|p1a: Florges
|-damage|p1a: Florges|0 fnt
|faint|p1a: Florges
|
|
|switch|p1a: Crobat|Crobat, M|310\/311
|-damage|p1a: Crobat|233\/311|[from] Stealth Rock
|turn|24
|
|move|p1a: Crobat|Brave Bird|p2a: Entei
|-crit|p2a: Entei
|-damage|p2a: Entei|93\/372
|-damage|p1a: Crobat|141\/311|[from] recoil|[of] p2a: Entei
|move|p2a: Entei|Sacred Fire|p1a: Crobat
|-damage|p1a: Crobat|0 fnt
|faint|p1a: Crobat
|
|
|switch|p1a: Hydreigon|Hydreigon, M|285\/325
|-damage|p1a: Hydreigon|245\/325|[from] Stealth Rock
|turn|25
|
|move|p1a: Hydreigon|Draco Meteor|p2a: Entei
|-damage|p2a: Entei|0 fnt
|-unboost|p1a: Hydreigon|spa|2
|faint|p2a: Entei
|
|c|âteal uu testing|gg
|
|switch|p2a: Haxorus|Haxorus, M|302\/302
|-ability|p2a: Haxorus|Mold Breaker
|turn|26
|
|move|p1a: Hydreigon|Draco Meteor|p2a: Haxorus
|-supereffective|p2a: Haxorus
|-damage|p2a: Haxorus|0 fnt
|-unboost|p1a: Hydreigon|spa|2
|faint|p2a: Haxorus
|
|win|Toreutic
|raw|Ladder updating...
|raw|Toreutic's rating: 1392 &rarr; <strong>1408<\/strong><br \/>(+16 for winning)
|raw|teal uu testing's rating: 1322 &rarr; <strong>1306<\/strong><br \/>(-16 for losing)
|c|âToreutic|gg