|join|Toreutic
|join|dancefloortrashy
|player|p1|Toreutic|126
|player|p2|dancefloortrashy|29
|gametype|singles
|gen|6
|tier|UU
|rated
|rule|Sleep Clause Mod: Limit one foe put to sleep
|rule|Species Clause: Limit one of each PokÃ©mon
|rule|OHKO Clause: OHKO moves are banned
|rule|Moody Clause: Moody is banned
|rule|Evasion Moves Clause: Evasion moves are banned
|rule|Endless Battle Clause: Forcing endless battles is banned
|rule|HP Percentage Mod: HP is shown in percentages
|clearpoke
|poke|p1|Jirachi
|poke|p1|Ampharos, M
|poke|p1|Florges, F
|poke|p1|Forretress, F
|poke|p1|Tornadus, M
|poke|p1|Haxorus, M
|poke|p2|Sableye, F
|poke|p2|Roserade, M
|poke|p2|Crobat, F
|poke|p2|Houndoom, F
|poke|p2|Kingdra, M
|poke|p2|Hippowdon, M
|rule|Swagger Clause: Swagger is banned
|rule|Baton Pass Clause: Limit one PokÃ©mon knowing Baton Pass
|teampreview
|
|start
|switch|p1a: Ampharos|Ampharos, M|345\/345
|switch|p2a: Gh0ul2aG0bl!n|Sableye, F|304\/304
|turn|1
|
|switch|p2a: headsUP^|Roserade, M|324\/324
|detailschange|p1a: Ampharos|Ampharos-Mega, M
|message|Ampharos has Mega Evolved into Mega Ampharos!
|-ability|p1a: Ampharos|Mold Breaker
|move|p1a: Ampharos|Dragon Pulse|p2a: headsUP^
|-damage|p2a: headsUP^|192\/324
|
|-heal|p2a: headsUP^|212\/324|[from] item: Black Sludge
|turn|2
|
|switch|p1a: Tornadus|Tornadus, M|300\/300
|move|p2a: headsUP^|Sleep Powder|p1a: Tornadus
|-status|p1a: Tornadus|slp
|
|-heal|p2a: headsUP^|232\/324|[from] item: Black Sludge
|turn|3
|
|switch|p1a: Jirachi|Jirachi|341\/341
|move|p2a: headsUP^|Leech Seed|p1a: Jirachi|[miss]
|-miss|p2a: headsUP^|p1a: Jirachi
|
|-heal|p2a: headsUP^|252\/324|[from] item: Black Sludge
|turn|4
|
|switch|p2a: Houndoom|Houndoom, F|292\/292
|move|p1a: Jirachi|U-turn|p2a: Houndoom
|-damage|p2a: Houndoom|165\/292
|
|switch|p1a: Florges|Florges, F|360\/360
|
|turn|5
|
|switch|p2a: headsUP^|Roserade, M|252\/324
|switch|p1a: Ampharos|Ampharos-Mega, M|345\/345
|-ability|p1a: Ampharos|Mold Breaker
|
|-heal|p2a: headsUP^|272\/324|[from] item: Black Sludge
|turn|6
|
|move|p2a: headsUP^|Spikes|p1a: Ampharos
|-sidestart|p1: Toreutic|Spikes
|move|p1a: Ampharos|Dragon Pulse|p2a: headsUP^
|-damage|p2a: headsUP^|140\/324
|
|-heal|p2a: headsUP^|160\/324|[from] item: Black Sludge
|turn|7
|
|move|p2a: headsUP^|Leech Seed|p1a: Ampharos
|-start|p1a: Ampharos|move: Leech Seed
|move|p1a: Ampharos|Dragon Pulse|p2a: headsUP^
|-damage|p2a: headsUP^|25\/324
|
|-heal|p2a: headsUP^|45\/324|[from] item: Black Sludge
|-damage|p1a: Ampharos|302\/345|[from] Leech Seed|[of] p2a: headsUP^
|-heal|p2a: headsUP^|88\/324|[silent]
|turn|8
|
|switch|p2a: Hippowdon|Hippowdon, M|420\/420
|-weather|Sandstorm
|move|p1a: Ampharos|Volt Switch|p2a: Hippowdon
|-immune|p2a: Hippowdon|[msg]
|
|-weather|Sandstorm|[upkeep]
|-damage|p1a: Ampharos|281\/345|[from] sandstorm
|-damage|p1a: Ampharos|238\/345|[from] Leech Seed|[of] p2a: Hippowdon
|turn|9
|
|switch|p1a: Forretress|Forretress, F|354\/354
|-damage|p1a: Forretress|310\/354|[from] Spikes
|move|p2a: Hippowdon|Stealth Rock|p1a: Forretress
|-sidestart|p1: Toreutic|move: Stealth Rock
|
|-weather|Sandstorm|[upkeep]
|turn|10
|
|switch|p2a: Gh0ul2aG0bl!n|Sableye, F|304\/304
|move|p1a: Forretress|Stealth Rock|p2a: Gh0ul2aG0bl!n
|-sidestart|p2: dancefloortrashy|move: Stealth Rock
|
|-weather|Sandstorm|[upkeep]
|-damage|p2a: Gh0ul2aG0bl!n|285\/304|[from] sandstorm
|-heal|p2a: Gh0ul2aG0bl!n|304\/304|[from] item: Leftovers
|turn|11
|
|move|p2a: Gh0ul2aG0bl!n|Will-O-Wisp|p1a: Forretress
|-status|p1a: Forretress|brn
|move|p1a: Forretress|Volt Switch|p2a: Gh0ul2aG0bl!n
|-damage|p2a: Gh0ul2aG0bl!n|270\/304
|
|switch|p1a: Florges|Florges, F|360\/360
|-damage|p1a: Florges|315\/360|[from] Stealth Rock
|-damage|p1a: Florges|270\/360|[from] Spikes
|
|-weather|Sandstorm|[upkeep]
|-damage|p1a: Florges|248\/360|[from] sandstorm
|-damage|p2a: Gh0ul2aG0bl!n|251\/304|[from] sandstorm
|-heal|p1a: Florges|270\/360|[from] item: Leftovers
|-heal|p2a: Gh0ul2aG0bl!n|270\/304|[from] item: Leftovers
|turn|12
|
|move|p2a: Gh0ul2aG0bl!n|Taunt|p1a: Florges
|-start|p1a: Florges|move: Taunt
|move|p1a: Florges|Moonblast|p2a: Gh0ul2aG0bl!n
|-supereffective|p2a: Gh0ul2aG0bl!n
|-damage|p2a: Gh0ul2aG0bl!n|42\/304
|
|-weather|none
|-heal|p1a: Florges|292\/360|[from] item: Leftovers
|-heal|p2a: Gh0ul2aG0bl!n|61\/304|[from] item: Leftovers
|turn|13
|
|switch|p1a: Forretress|Forretress, F|310\/354 brn
|-damage|p1a: Forretress|266\/354 brn|[from] Spikes
|-damage|p1a: Forretress|222\/354 brn|[from] Stealth Rock
|switch|p2a: Crobat|Crobat, F|374\/374
|-damage|p2a: Crobat|281\/374|[from] Stealth Rock
|
|-heal|p2a: Crobat|304\/374|[from] item: Black Sludge
|-damage|p1a: Forretress|178\/354 brn|[from] brn
|turn|14
|
|move|p2a: Crobat|Defog|p1a: Forretress
|-unboost|p1a: Forretress|evasion|1
|-sideend|p1: Toreutic|Spikes|[from] move: Defog|[of] p1a: Forretress
|-sideend|p1: Toreutic|Stealth Rock|[from] move: Defog|[of] p1a: Forretress
|-sideend|p2: dancefloortrashy|Stealth Rock|[from] move: Defog|[of] p2a: Crobat
|move|p1a: Forretress|Volt Switch|p2a: Crobat
|-supereffective|p2a: Crobat
|-damage|p2a: Crobat|216\/374
|
|switch|p1a: Ampharos|Ampharos-Mega, M|238\/345
|-ability|p1a: Ampharos|Mold Breaker
|
|-heal|p2a: Crobat|239\/374|[from] item: Black Sludge
|turn|15
|
|move|p2a: Crobat|Brave Bird|p1a: Ampharos
|-resisted|p1a: Ampharos
|-damage|p1a: Ampharos|175\/345
|-damage|p2a: Crobat|218\/374|[from] recoil|[of] p1a: Ampharos
|move|p1a: Ampharos|Dragon Pulse|p2a: Crobat
|-damage|p2a: Crobat|0 fnt
|faint|p2a: Crobat
|
|
|switch|p2a: Kingdra|Kingdra, M|354\/354
|turn|16
|
|switch|p1a: Forretress|Forretress, F|178\/354 brn
|move|p2a: Kingdra|Focus Energy|p2a: Kingdra
|-start|p2a: Kingdra|move: Focus Energy
|
|-damage|p1a: Forretress|134\/354 brn|[from] brn
|turn|17
|
|move|p2a: Kingdra|Draco Meteor|p1a: Forretress|[miss]
|-miss|p2a: Kingdra|p1a: Forretress
|move|p1a: Forretress|Stealth Rock|p2a: Kingdra
|-sidestart|p2: dancefloortrashy|move: Stealth Rock
|
|-damage|p1a: Forretress|90\/354 brn|[from] brn
|turn|18
|
|switch|p1a: Florges|Florges, F|292\/360
|move|p2a: Kingdra|Waterfall|p1a: Florges
|-damage|p1a: Florges|84\/360
|-damage|p2a: Kingdra|319\/354|[from] item: Life Orb
|
|-heal|p1a: Florges|106\/360|[from] item: Leftovers
|turn|19
|
|move|p1a: Florges|Protect|p1a: Florges
|-singleturn|p1a: Florges|Protect
|move|p2a: Kingdra|Waterfall|p1a: Florges
|-activate|p1a: Florges|Protect
|
|-heal|p1a: Florges|128\/360|[from] item: Leftovers
|turn|20
|
|switch|p1a: Forretress|Forretress, F|90\/354 brn
|move|p2a: Kingdra|Waterfall|p1a: Forretress
|-damage|p1a: Forretress|3\/354 brn
|-enditem|p1a: Forretress|Red Card|[of] p2a: Kingdra
|drag|p2a: headsUP^|Roserade, M|88\/324
|-damage|p2a: headsUP^|48\/324|[from] Stealth Rock
|
|-heal|p2a: headsUP^|68\/324|[from] item: Black Sludge
|-damage|p1a: Forretress|0 fnt|[from] brn
|faint|p1a: Forretress
|
|switch|p1a: Haxorus|Haxorus, M|297\/297
|-ability|p1a: Haxorus|Mold Breaker
|turn|21
|
|move|p1a: Haxorus|Earthquake|p2a: headsUP^
|-damage|p2a: headsUP^|0 fnt
|faint|p2a: headsUP^
|
|
|switch|p2a: Gh0ul2aG0bl!n|Sableye, F|61\/304
|-damage|p2a: Gh0ul2aG0bl!n|23\/304|[from] Stealth Rock
|turn|22
|
|move|p2a: Gh0ul2aG0bl!n|Will-O-Wisp|p1a: Haxorus
|-status|p1a: Haxorus|brn
|move|p1a: Haxorus|Earthquake|p2a: Gh0ul2aG0bl!n
|-damage|p2a: Gh0ul2aG0bl!n|0 fnt
|faint|p2a: Gh0ul2aG0bl!n
|
|-damage|p1a: Haxorus|260\/297 brn|[from] brn
|
|switch|p2a: Hippowdon|Hippowdon, M|420\/420
|-damage|p2a: Hippowdon|394\/420|[from] Stealth Rock
|-weather|Sandstorm
|turn|23
|
|switch|p1a: Jirachi|Jirachi|341\/341
|move|p2a: Hippowdon|Stealth Rock|p1a: Jirachi
|-sidestart|p1: Toreutic|move: Stealth Rock
|
|-weather|Sandstorm|[upkeep]
|-heal|p2a: Hippowdon|420\/420|[from] item: Leftovers
|turn|24
|
|move|p1a: Jirachi|Iron Head|p2a: Hippowdon
|-damage|p2a: Hippowdon|341\/420
|cant|p2a: Hippowdon|flinch
|
|-weather|Sandstorm|[upkeep]
|-heal|p2a: Hippowdon|367\/420|[from] item: Leftovers
|turn|25
|
|move|p1a: Jirachi|Iron Head|p2a: Hippowdon
|-damage|p2a: Hippowdon|285\/420
|cant|p2a: Hippowdon|flinch
|
|-weather|Sandstorm|[upkeep]
|-heal|p2a: Hippowdon|311\/420|[from] item: Leftovers
|turn|26
|
|move|p1a: Jirachi|Iron Head|p2a: Hippowdon
|-damage|p2a: Hippowdon|239\/420
|cant|p2a: Hippowdon|flinch
|
|-weather|Sandstorm|[upkeep]
|-heal|p2a: Hippowdon|265\/420|[from] item: Leftovers
|turn|27
|
|move|p1a: Jirachi|Iron Head|p2a: Hippowdon
|-damage|p2a: Hippowdon|181\/420
|cant|p2a: Hippowdon|flinch
|
|-weather|none
|-heal|p2a: Hippowdon|207\/420|[from] item: Leftovers
|turn|28
|
|move|p1a: Jirachi|Iron Head|p2a: Hippowdon
|-damage|p2a: Hippowdon|132\/420
|cant|p2a: Hippowdon|flinch
|
|-heal|p2a: Hippowdon|158\/420|[from] item: Leftovers
|turn|29
|
|switch|p1a: Florges|Florges, F|128\/360
|-damage|p1a: Florges|83\/360|[from] Stealth Rock
|move|p2a: Hippowdon|Slack Off|p2a: Hippowdon
|-heal|p2a: Hippowdon|368\/420
|
|-heal|p1a: Florges|105\/360|[from] item: Leftovers
|-heal|p2a: Hippowdon|394\/420|[from] item: Leftovers
|turn|30
|c|âToreutic|lol sorry
|
|move|p1a: Florges|Aromatherapy|p1a: Florges
|-cureteam|p1a: Florges|[from] move: Aromatherapy
|move|p2a: Hippowdon|Earthquake|p1a: Florges
|-damage|p1a: Florges|0 fnt
|faint|p1a: Florges
|
|-heal|p2a: Hippowdon|420\/420|[from] item: Leftovers
|
|switch|p1a: Tornadus|Tornadus, M|300\/300
|-damage|p1a: Tornadus|225\/300|[from] Stealth Rock
|turn|31
|
|move|p1a: Tornadus|Grass Knot|p2a: Hippowdon
|-crit|p2a: Hippowdon
|-supereffective|p2a: Hippowdon
|-damage|p2a: Hippowdon|0 fnt
|-damage|p1a: Tornadus|195\/300|[from] item: Life Orb
|faint|p2a: Hippowdon
|
|
|switch|p2a: Kingdra|Kingdra, M|319\/354
|-damage|p2a: Kingdra|275\/354|[from] Stealth Rock
|turn|32
|
|move|p1a: Tornadus|Tailwind|p1a: Tornadus
|-sidestart|p1: Toreutic|move: Tailwind
|move|p2a: Kingdra|Outrage|p1a: Tornadus
|-damage|p1a: Tornadus|0 fnt
|-damage|p2a: Kingdra|240\/354|[from] item: Life Orb
|faint|p1a: Tornadus
|
|
|switch|p1a: Haxorus|Haxorus, M|260\/297
|-damage|p1a: Haxorus|223\/297|[from] Stealth Rock
|-ability|p1a: Haxorus|Mold Breaker
|turn|33
|
|move|p1a: Haxorus|Outrage|p2a: Kingdra
|-supereffective|p2a: Kingdra
|-damage|p2a: Kingdra|0 fnt
|faint|p2a: Kingdra
|
|
|switch|p2a: Houndoom|Houndoom, F|165\/292
|-damage|p2a: Houndoom|92\/292|[from] Stealth Rock
|turn|34
|
|detailschange|p2a: Houndoom|Houndoom-Mega, F
|message|Houndoom has Mega Evolved into Mega Houndoom!
|move|p1a: Haxorus|Outrage|p2a: Houndoom
|-damage|p2a: Houndoom|0 fnt
|faint|p2a: Houndoom
|
|win|Toreutic
|raw|Ladder updating...
|raw|Toreutic's rating: 1478 &rarr; <strong>1497<\/strong><br \/>(+19 for winning)
|raw|dancefloortrashy's rating: 1463 &rarr; <strong>1444<\/strong><br \/>(-19 for losing)
|leave|dancefloortrashy
|player|p2
|c|âToreutic|gg