|join|Toreutic
|join|varr
|player|p1|Toreutic|265
|player|p2|varr|165
|gametype|singles
|gen|6
|tier|UU
|rated
|rule|Sleep Clause Mod: Limit one foe put to sleep
|rule|Species Clause: Limit one of each PokÃ©mon
|rule|OHKO Clause: OHKO moves are banned
|rule|Moody Clause: Moody is banned
|rule|Evasion Moves Clause: Evasion moves are banned
|rule|Endless Battle Clause: Forcing endless battles is banned
|rule|HP Percentage Mod: HP is shown in percentages
|clearpoke
|poke|p1|Reuniclus, F
|poke|p1|Ambipom, F
|poke|p1|Ursaring, M
|poke|p1|Bronzong
|poke|p1|Mienshao, M
|poke|p1|Ampharos, M
|poke|p2|Abomasnow, M
|poke|p2|Rhyperior, F
|poke|p2|Infernape, F
|poke|p2|Granbull, F
|poke|p2|Empoleon, M
|poke|p2|Noivern, M
|rule|Swagger Clause: Swagger is banned
|rule|Baton Pass Clause: Limit one PokÃ©mon knowing Baton Pass
|teampreview
|
|start
|switch|p1a: Ambipom|Ambipom, F|291\/291
|switch|p2a: Infernape|Infernape, F|293\/293
|turn|1
|
|switch|p2a: Granbull|Granbull, F|384\/384
|-ability|p2a: Granbull|Intimidate|[of] p1a: Ambipom
|-unboost|p1a: Ambipom|atk|1
|move|p1a: Ambipom|Fake Out|p2a: Granbull
|-damage|p2a: Granbull|320\/384
|
|-heal|p2a: Granbull|344\/384|[from] item: Leftovers
|turn|2
|
|move|p1a: Ambipom|U-turn|p2a: Granbull
|-resisted|p2a: Granbull
|-damage|p2a: Granbull|325\/384
|
|switch|p1a: Bronzong|Bronzong|338\/338
|move|p2a: Granbull|Thunder Wave|p1a: Bronzong
|-status|p1a: Bronzong|par
|
|-heal|p2a: Granbull|349\/384|[from] item: Leftovers
|turn|3
|
|switch|p2a: Rhyperior|Rhyperior, F|414\/414
|move|p1a: Bronzong|Stealth Rock|p2a: Rhyperior
|-sidestart|p2: varr|move: Stealth Rock
|
|turn|4
|
|switch|p2a: Empoleon|Empoleon, M|372\/372
|-damage|p2a: Empoleon|349\/372|[from] Stealth Rock
|cant|p1a: Bronzong|par
|
|-heal|p2a: Empoleon|372\/372|[from] item: Leftovers
|turn|5
|
|move|p2a: Empoleon|Scald|p1a: Bronzong
|-damage|p1a: Bronzong|247\/338 par
|cant|p1a: Bronzong|par
|
|turn|6
|
|move|p2a: Empoleon|Scald|p1a: Bronzong
|-damage|p1a: Bronzong|151\/338 par
|move|p1a: Bronzong|Trick Room|p1a: Bronzong
|-fieldstart|move: Trick Room|[of] p1a: Bronzong
|
|turn|7
|
|switch|p1a: Reuniclus|Reuniclus, F|424\/424
|move|p2a: Empoleon|Defog|p1a: Reuniclus
|-unboost|p1a: Reuniclus|evasion|1
|-sideend|p2: varr|Stealth Rock|[from] move: Defog|[of] p2a: Empoleon
|
|turn|8
|
|move|p1a: Reuniclus|Focus Blast|p2a: Empoleon|[miss]
|-miss|p1a: Reuniclus|p2a: Empoleon
|move|p2a: Empoleon|Roar|p1a: Reuniclus
|drag|p1a: Ampharos|Ampharos, M|384\/384
|
|turn|9
|
|switch|p2a: Rhyperior|Rhyperior, F|414\/414
|detailschange|p1a: Ampharos|Ampharos-Mega, M
|message|Ampharos has Mega Evolved into Mega Ampharos!
|-ability|p1a: Ampharos|Mold Breaker
|move|p1a: Ampharos|Dragon Pulse|p2a: Rhyperior
|-damage|p2a: Rhyperior|77\/414
|
|turn|10
|
|move|p1a: Ampharos|Dragon Pulse|p2a: Rhyperior
|-damage|p2a: Rhyperior|0 fnt
|faint|p2a: Rhyperior
|
|-fieldend|move: Trick Room
|
|switch|p2a: Noivern|Noivern, M|311\/311
|turn|11
|
|switch|p1a: Bronzong|Bronzong|151\/338 par
|move|p2a: Noivern|Draco Meteor|p1a: Bronzong
|-resisted|p1a: Bronzong
|-damage|p1a: Bronzong|50\/338 par
|-unboost|p2a: Noivern|spa|2
|-damage|p2a: Noivern|280\/311|[from] item: Life Orb
|
|turn|12
|
|move|p2a: Noivern|Flamethrower|p1a: Bronzong
|-supereffective|p1a: Bronzong
|-damage|p1a: Bronzong|0 fnt
|-damage|p2a: Noivern|249\/311|[from] item: Life Orb
|faint|p1a: Bronzong
|
|
|switch|p1a: Reuniclus|Reuniclus, F|424\/424
|turn|13
|
|switch|p2a: Empoleon|Empoleon, M|372\/372
|move|p1a: Reuniclus|Trick Room|p1a: Reuniclus
|-fieldstart|move: Trick Room|[of] p1a: Reuniclus
|
|turn|14
|
|move|p1a: Reuniclus|Focus Blast|p2a: Empoleon|[miss]
|-miss|p1a: Reuniclus|p2a: Empoleon
|move|p2a: Empoleon|Scald|p1a: Reuniclus
|-damage|p1a: Reuniclus|313\/424
|
|turn|15
|
|move|p1a: Reuniclus|Focus Blast|p2a: Empoleon
|-supereffective|p2a: Empoleon
|-damage|p2a: Empoleon|94\/372
|move|p2a: Empoleon|Stealth Rock|p1a: Reuniclus
|-sidestart|p1: Toreutic|move: Stealth Rock
|
|-heal|p2a: Empoleon|117\/372|[from] item: Leftovers
|turn|16
|
|move|p1a: Reuniclus|Focus Blast|p2a: Empoleon|[miss]
|-miss|p1a: Reuniclus|p2a: Empoleon
|move|p2a: Empoleon|Scald|p1a: Reuniclus
|-damage|p1a: Reuniclus|139\/424
|
|-heal|p2a: Empoleon|140\/372|[from] item: Leftovers
|turn|17
|
|move|p1a: Reuniclus|Focus Blast|p2a: Empoleon
|-supereffective|p2a: Empoleon
|-damage|p2a: Empoleon|0 fnt
|faint|p2a: Empoleon
|
|-fieldend|move: Trick Room
|
|switch|p2a: Infernape|Infernape, F|293\/293
|turn|18
|
|move|p2a: Infernape|U-turn|p1a: Reuniclus
|-supereffective|p1a: Reuniclus
|-damage|p1a: Reuniclus|0 fnt
|faint|p1a: Reuniclus
|
|switch|p2a: Noivern|Noivern, M|249\/311
|
|
|switch|p1a: Mienshao|Mienshao, M|271\/271
|-damage|p1a: Mienshao|255\/271|[from] Stealth Rock
|turn|19
|
|switch|p2a: Granbull|Granbull, F|349\/384
|-ability|p2a: Granbull|Intimidate|[of] p1a: Mienshao
|-unboost|p1a: Mienshao|atk|1
|move|p1a: Mienshao|Stone Edge|p2a: Granbull
|-crit|p2a: Granbull
|-damage|p2a: Granbull|206\/384
|
|-heal|p2a: Granbull|230\/384|[from] item: Leftovers
|turn|20
|
|switch|p1a: Ursaring|Ursaring, M|384\/384
|-damage|p1a: Ursaring|336\/384|[from] Stealth Rock
|move|p2a: Granbull|Play Rough|p1a: Ursaring
|-damage|p1a: Ursaring|173\/384
|-unboost|p1a: Ursaring|atk|1
|
|-heal|p2a: Granbull|254\/384|[from] item: Leftovers
|-status|p1a: Ursaring|brn|[from] item: Flame Orb
|turn|21
|
|move|p2a: Granbull|Play Rough|p1a: Ursaring|[miss]
|-miss|p2a: Granbull|p1a: Ursaring
|move|p1a: Ursaring|Facade|p2a: Granbull
|-damage|p2a: Granbull|19\/384
|
|-heal|p2a: Granbull|43\/384|[from] item: Leftovers
|-damage|p1a: Ursaring|125\/384 brn|[from] brn
|turn|22
|
|move|p2a: Granbull|Play Rough|p1a: Ursaring
|-crit|p1a: Ursaring
|-damage|p1a: Ursaring|0 fnt
|faint|p1a: Ursaring
|
|-heal|p2a: Granbull|67\/384|[from] item: Leftovers
|
|switch|p1a: Ambipom|Ambipom, F|291\/291
|-damage|p1a: Ambipom|255\/291|[from] Stealth Rock
|turn|23
|
|move|p1a: Ambipom|Fake Out|p2a: Granbull
|-damage|p2a: Granbull|0 fnt
|faint|p2a: Granbull
|
|
|switch|p2a: Noivern|Noivern, M|249\/311
|turn|24
|
|move|p2a: Noivern|Draco Meteor|p1a: Ambipom
|-damage|p1a: Ambipom|0 fnt
|-unboost|p2a: Noivern|spa|2
|-damage|p2a: Noivern|218\/311|[from] item: Life Orb
|faint|p1a: Ambipom
|
|
|switch|p1a: Mienshao|Mienshao, M|271\/271
|-damage|p1a: Mienshao|255\/271|[from] Stealth Rock
|turn|25
|
|move|p1a: Mienshao|Stone Edge|p2a: Noivern
|-supereffective|p2a: Noivern
|-damage|p2a: Noivern|0 fnt
|faint|p2a: Noivern
|
|
|switch|p2a: Infernape|Infernape, F|293\/293
|turn|26
|
|move|p2a: Infernape|Close Combat|p1a: Mienshao
|-damage|p1a: Mienshao|0 fnt
|-unboost|p2a: Infernape|def|1
|-unboost|p2a: Infernape|spd|1
|faint|p1a: Mienshao
|
|
|switch|p1a: Ampharos|Ampharos-Mega, M|384\/384
|-damage|p1a: Ampharos|336\/384|[from] Stealth Rock
|-ability|p1a: Ampharos|Mold Breaker
|turn|27
|
|move|p2a: Infernape|Close Combat|p1a: Ampharos
|-damage|p1a: Ampharos|158\/384
|-unboost|p2a: Infernape|def|1
|-unboost|p2a: Infernape|spd|1
|move|p1a: Ampharos|Thunderbolt|p2a: Infernape
|-damage|p2a: Infernape|0 fnt
|faint|p2a: Infernape
|
|
|switch|p2a: Abomasnow|Abomasnow, M|383\/383
|-weather|Hail
|turn|28
|
|detailschange|p2a: Abomasnow|Abomasnow-Mega, M
|message|Abomasnow has Mega Evolved into Mega Abomasnow!
|move|p2a: Abomasnow|Ice Shard|p1a: Ampharos
|-supereffective|p1a: Ampharos
|-damage|p1a: Ampharos|0 fnt
|faint|p1a: Ampharos
|
|win|varr
|raw|Ladder updating...
|leave|Toreutic
|player|p1
|c|âvarr|gg