|join|Godsend
|join|Toreutic
|player|p1|Godsend|162
|player|p2|Toreutic|126
|gametype|singles
|gen|6
|tier|UU
|rated
|rule|Sleep Clause Mod: Limit one foe put to sleep
|rule|Species Clause: Limit one of each PokÃ©mon
|rule|OHKO Clause: OHKO moves are banned
|rule|Moody Clause: Moody is banned
|rule|Evasion Moves Clause: Evasion moves are banned
|rule|Endless Battle Clause: Forcing endless battles is banned
|rule|HP Percentage Mod: HP is shown in percentages
|clearpoke
|poke|p1|Kingdra, F
|poke|p1|Tornadus, M
|poke|p1|Kabutops, F
|poke|p1|Swampert, M
|poke|p1|Celebi
|poke|p1|Nidoqueen, F
|poke|p2|Toxicroak, F
|poke|p2|Kabutops, F
|poke|p2|Forretress, F
|poke|p2|Florges, F
|poke|p2|Hydreigon, M
|poke|p2|Chandelure, F
|rule|Swagger Clause: Swagger is banned
|rule|Baton Pass Clause: Limit one PokÃ©mon knowing Baton Pass
|teampreview
|c|âGodsend|hai
|
|start
|switch|p1a: Tornadus|Tornadus, M|299\/299
|switch|p2a: Chandelure|Chandelure, F|261\/261
|turn|1
|
|move|p1a: Tornadus|Rain Dance|p1a: Tornadus
|-weather|RainDance
|move|p2a: Chandelure|Fire Blast|p1a: Tornadus
|-damage|p1a: Tornadus|101\/299
|
|-weather|RainDance|[upkeep]
|turn|2
|
|switch|p1a: Kabutops|Kabutops, F|261\/261
|switch|p2a: Florges|Florges, F|360\/360
|
|-weather|RainDance|[upkeep]
|turn|3
|
|move|p2a: Florges|Protect|p2a: Florges
|-singleturn|p2a: Florges|Protect
|move|p1a: Kabutops|Swords Dance|p1a: Kabutops
|-boost|p1a: Kabutops|atk|2
|
|-weather|RainDance|[upkeep]
|turn|4
|
|switch|p2a: Toxicroak|Toxicroak, F|307\/307
|-item|p2a: Toxicroak|Air Balloon
|move|p1a: Kabutops|Stone Edge|p2a: Toxicroak
|-resisted|p2a: Toxicroak
|-damage|p2a: Toxicroak|0 fnt
|-enditem|p2a: Toxicroak|Air Balloon
|-damage|p1a: Kabutops|235\/261|[from] item: Life Orb
|faint|p2a: Toxicroak
|
|-weather|RainDance|[upkeep]
|
|switch|p2a: Forretress|Forretress, F|354\/354
|turn|5
|
|move|p1a: Kabutops|Waterfall|p2a: Forretress
|-damage|p2a: Forretress|64\/354
|-damage|p1a: Kabutops|209\/261|[from] item: Life Orb
|move|p2a: Forretress|Volt Switch|p1a: Kabutops
|-supereffective|p1a: Kabutops
|-damage|p1a: Kabutops|101\/261
|
|switch|p2a: Kabutops|Kabutops, F|262\/262
|
|-weather|RainDance|[upkeep]
|turn|6
|
|move|p1a: Kabutops|Aqua Jet|p2a: Kabutops
|-damage|p2a: Kabutops|1\/262
|-boost|p2a: Kabutops|spe|1|[from] ability: Weak Armor
|-unboost|p2a: Kabutops|def|1|[from] ability: Weak Armor
|-damage|p1a: Kabutops|75\/261|[from] item: Life Orb
|move|p2a: Kabutops|Aqua Jet|p1a: Kabutops
|-damage|p1a: Kabutops|0 fnt
|faint|p1a: Kabutops
|
|-weather|RainDance|[upkeep]
|
|switch|p1a: Kingdra|Kingdra, F|291\/291
|turn|7
|
|move|p2a: Kabutops|Aqua Jet|p1a: Kingdra
|-resisted|p1a: Kingdra
|-damage|p1a: Kingdra|256\/291
|move|p1a: Kingdra|Surf|p2a: Kabutops
|-crit|p2a: Kabutops
|-damage|p2a: Kabutops|0 fnt
|faint|p2a: Kabutops
|
|-weather|RainDance|[upkeep]
|
|switch|p2a: Florges|Florges, F|360\/360
|turn|8
|
|switch|p1a: Nidoqueen|Nidoqueen, F|349\/349
|move|p2a: Florges|Moonblast|p1a: Nidoqueen
|-resisted|p1a: Nidoqueen
|-damage|p1a: Nidoqueen|282\/349
|
|-weather|none
|turn|9
|
|switch|p2a: Forretress|Forretress, F|64\/354
|move|p1a: Nidoqueen|Stealth Rock|p2a: Forretress
|-sidestart|p2: Toreutic|move: Stealth Rock
|
|-heal|p2a: Forretress|86\/354|[from] item: Leftovers
|turn|10
|
|switch|p2a: Hydreigon|Hydreigon, M|325\/325
|-damage|p2a: Hydreigon|285\/325|[from] Stealth Rock
|move|p1a: Nidoqueen|Earth Power|p2a: Hydreigon
|-immune|p2a: Hydreigon|[msg]
|
|turn|11
|
|switch|p1a: Celebi|Celebi|403\/403
|move|p2a: Hydreigon|Dark Pulse|p1a: Celebi
|-supereffective|p1a: Celebi
|-damage|p1a: Celebi|131\/403
|
|turn|12
|
|move|p2a: Hydreigon|Dark Pulse|p1a: Celebi
|-supereffective|p1a: Celebi
|-damage|p1a: Celebi|0 fnt
|faint|p1a: Celebi
|
|
|switch|p1a: Tornadus|Tornadus, M|101\/299
|turn|13
|
|move|p1a: Tornadus|Rain Dance|p1a: Tornadus
|-weather|RainDance
|move|p2a: Hydreigon|Dark Pulse|p1a: Tornadus
|-damage|p1a: Tornadus|0 fnt
|faint|p1a: Tornadus
|
|-weather|RainDance|[upkeep]
|
|switch|p1a: Kingdra|Kingdra, F|256\/291
|turn|14
|
|switch|p2a: Forretress|Forretress, F|86\/354
|-damage|p2a: Forretress|42\/354|[from] Stealth Rock
|move|p1a: Kingdra|Focus Energy|p1a: Kingdra
|-start|p1a: Kingdra|move: Focus Energy
|
|-weather|RainDance|[upkeep]
|-heal|p2a: Forretress|64\/354|[from] item: Leftovers
|turn|15
|
|move|p1a: Kingdra|Surf|p2a: Forretress
|-crit|p2a: Forretress
|-damage|p2a: Forretress|0 fnt
|faint|p2a: Forretress
|
|-weather|RainDance|[upkeep]
|
|switch|p2a: Florges|Florges, F|360\/360
|-damage|p2a: Florges|315\/360|[from] Stealth Rock
|turn|16
|
|move|p2a: Florges|Protect|p2a: Florges
|-singleturn|p2a: Florges|Protect
|move|p1a: Kingdra|Hydro Pump|p2a: Florges
|-activate|p2a: Florges|Protect
|
|-weather|RainDance|[upkeep]
|-heal|p2a: Florges|337\/360|[from] item: Leftovers
|turn|17
|
|move|p2a: Florges|Protect|p2a: Florges
|-fail|p2a: Florges
|move|p1a: Kingdra|Hydro Pump|p2a: Florges
|-crit|p2a: Florges
|-damage|p2a: Florges|112\/360
|
|-weather|RainDance|[upkeep]
|-heal|p2a: Florges|134\/360|[from] item: Leftovers
|turn|18
|
|move|p2a: Florges|Protect|p2a: Florges
|-singleturn|p2a: Florges|Protect
|move|p1a: Kingdra|Surf|p2a: Florges
|-activate|p2a: Florges|Protect
|
|-weather|RainDance|[upkeep]
|-heal|p2a: Florges|156\/360|[from] item: Leftovers
|turn|19
|
|move|p2a: Florges|Protect|p2a: Florges
|-singleturn|p2a: Florges|Protect
|move|p1a: Kingdra|Hydro Pump|p2a: Florges
|-activate|p2a: Florges|Protect
|
|-weather|RainDance|[upkeep]
|-heal|p2a: Florges|178\/360|[from] item: Leftovers
|turn|20
|
|move|p1a: Kingdra|Hydro Pump|p2a: Florges|[miss]
|-miss|p1a: Kingdra|p2a: Florges
|move|p2a: Florges|Wish|p2a: Florges
|
|-weather|none
|-heal|p2a: Florges|200\/360|[from] item: Leftovers
|turn|21
|
|switch|p1a: Nidoqueen|Nidoqueen, F|282\/349
|switch|p2a: Chandelure|Chandelure, F|261\/261
|-damage|p2a: Chandelure|196\/261|[from] Stealth Rock
|
|-heal|p2a: Chandelure|261\/261|[from] move: Wish|[wisher] Florges
|turn|22
|
|move|p2a: Chandelure|Shadow Ball|p1a: Nidoqueen
|-damage|p1a: Nidoqueen|0 fnt
|faint|p1a: Nidoqueen
|
|
|switch|p1a: Swampert|Swampert, M|361\/361
|turn|23
|
|detailschange|p1a: Swampert|Swampert-Mega, M
|-mega|p1a: Swampert|Swampert|Swampertite
|move|p2a: Chandelure|Shadow Ball|p1a: Swampert
|-damage|p1a: Swampert|130\/361
|move|p1a: Swampert|Rain Dance|p1a: Swampert
|-weather|RainDance
|
|-weather|RainDance|[upkeep]
|turn|24
|
|move|p1a: Swampert|Waterfall|p2a: Chandelure
|-supereffective|p2a: Chandelure
|-damage|p2a: Chandelure|0 fnt
|faint|p2a: Chandelure
|
|-weather|RainDance|[upkeep]
|
|switch|p2a: Florges|Florges, F|200\/360
|-damage|p2a: Florges|155\/360|[from] Stealth Rock
|turn|25
|
|move|p2a: Florges|Protect|p2a: Florges
|-singleturn|p2a: Florges|Protect
|move|p1a: Swampert|Waterfall|p2a: Florges
|-activate|p2a: Florges|Protect
|
|-weather|RainDance|[upkeep]
|-heal|p2a: Florges|177\/360|[from] item: Leftovers
|turn|26
|
|move|p2a: Florges|Protect|p2a: Florges
|-singleturn|p2a: Florges|Protect
|move|p1a: Swampert|Waterfall|p2a: Florges
|-activate|p2a: Florges|Protect
|
|-weather|RainDance|[upkeep]
|-heal|p2a: Florges|199\/360|[from] item: Leftovers
|turn|27
|
|switch|p2a: Hydreigon|Hydreigon, M|285\/325
|-damage|p2a: Hydreigon|245\/325|[from] Stealth Rock
|move|p1a: Swampert|Waterfall|p2a: Hydreigon
|-resisted|p2a: Hydreigon
|-damage|p2a: Hydreigon|113\/325
|
|-weather|none
|turn|28
|
|move|p2a: Hydreigon|Draco Meteor|p1a: Swampert
|-damage|p1a: Swampert|0 fnt
|-unboost|p2a: Hydreigon|spa|2
|faint|p1a: Swampert
|
|
|switch|p1a: Kingdra|Kingdra, F|256\/291
|turn|29
|
|move|p2a: Hydreigon|Draco Meteor|p1a: Kingdra
|-supereffective|p1a: Kingdra
|-damage|p1a: Kingdra|22\/291
|-unboost|p2a: Hydreigon|spa|2
|move|p1a: Kingdra|Surf|p2a: Hydreigon
|-resisted|p2a: Hydreigon
|-damage|p2a: Hydreigon|33\/325
|
|turn|30
|c|âToreutic|gg
|
|move|p2a: Hydreigon|Draco Meteor|p1a: Kingdra
|-supereffective|p1a: Kingdra
|-damage|p1a: Kingdra|0 fnt
|-unboost|p2a: Hydreigon|spa|2
|faint|p1a: Kingdra
|
|win|Toreutic
|raw|Ladder updating...
|raw|Godsend's rating: 1489 &rarr; <strong>1466<\/strong><br \/>(-23 for losing)
|raw|Toreutic's rating: 1429 &rarr; <strong>1452<\/strong><br \/>(+23 for winning)
|leave|Godsend
|player|p1