|join|Toreutic
|join|PBC All I See
|player|p1|Toreutic|126
|player|p2|PBC All I See|265
|gametype|singles
|gen|6
|tier|UU
|rated
|rule|Sleep Clause Mod: Limit one foe put to sleep
|rule|Species Clause: Limit one of each PokÃ©mon
|rule|OHKO Clause: OHKO moves are banned
|rule|Moody Clause: Moody is banned
|rule|Evasion Moves Clause: Evasion moves are banned
|rule|Endless Battle Clause: Forcing endless battles is banned
|rule|HP Percentage Mod: HP is shown in percentages
|clearpoke
|poke|p1|Forretress, F
|poke|p1|Doublade, M
|poke|p1|Florges, F
|poke|p1|Darmanitan, M
|poke|p1|Blastoise, M
|poke|p1|Porygon-Z
|poke|p2|Shuckle, M
|poke|p2|Milotic, F
|poke|p2|Chandelure, M
|poke|p2|Sceptile, M
|poke|p2|Krookodile, M
|poke|p2|Jirachi, shiny
|rule|Swagger Clause: Swagger is banned
|rule|Baton Pass Clause: Limit one PokÃ©mon knowing Baton Pass
|teampreview
|
|start
|switch|p1a: Doublade|Doublade, M|321\/321
|switch|p2a: Shuckle|Shuckle, M|243\/243
|turn|1
|
|move|p1a: Doublade|Iron Head|p2a: Shuckle
|-supereffective|p2a: Shuckle
|-damage|p2a: Shuckle|103\/243
|move|p2a: Shuckle|Encore|p1a: Doublade
|-start|p1a: Doublade|Encore
|
|turn|2
|
|switch|p1a: Porygon-Z|Porygon-Z|311\/311
|move|p2a: Shuckle|Stealth Rock|p1a: Porygon-Z
|-sidestart|p1: Toreutic|move: Stealth Rock
|
|turn|3
|
|move|p1a: Porygon-Z|Tri Attack|p2a: Shuckle
|-resisted|p2a: Shuckle
|-damage|p2a: Shuckle|35\/243
|move|p2a: Shuckle|Sticky Web|p1a: Porygon-Z
|-sidestart|p1: Toreutic|move: Sticky Web
|
|turn|4
|
|switch|p2a: Chandelure|Chandelure, M|261\/261
|move|p1a: Porygon-Z|Tri Attack|p2a: Chandelure
|-immune|p2a: Chandelure|[msg]
|
|turn|5
|
|switch|p2a: Jirachi Jirachi|Jirachi, shiny|404\/404
|switch|p1a: Florges|Florges, F|360\/360
|-damage|p1a: Florges|315\/360|[from] Stealth Rock
|-activate|p1a: Florges|move: Sticky Web
|-unboost|p1a: Florges|spe|1
|
|-heal|p1a: Florges|337\/360|[from] item: Leftovers
|turn|6
|
|switch|p2a: Chandelure|Chandelure, M|261\/261
|switch|p1a: Doublade|Doublade, M|321\/321
|-damage|p1a: Doublade|301\/321|[from] Stealth Rock
|-activate|p1a: Doublade|move: Sticky Web
|-unboost|p1a: Doublade|spe|1
|
|turn|7
|
|switch|p1a: Blastoise|Blastoise, M|358\/358
|-damage|p1a: Blastoise|314\/358|[from] Stealth Rock
|-activate|p1a: Blastoise|move: Sticky Web
|-unboost|p1a: Blastoise|spe|1
|move|p2a: Chandelure|Fire Blast|p1a: Blastoise
|-resisted|p1a: Blastoise
|-damage|p1a: Blastoise|209\/358
|
|turn|8
|
|switch|p1a: Forretress|Forretress, F|354\/354
|-activate|p1a: Forretress|move: Sticky Web
|-unboost|p1a: Forretress|spe|1
|-damage|p1a: Forretress|310\/354|[from] Stealth Rock
|move|p2a: Chandelure|Fire Blast|p1a: Forretress
|-supereffective|p1a: Forretress
|-damage|p1a: Forretress|0 fnt
|faint|p1a: Forretress
|
|
|switch|p1a: Blastoise|Blastoise, M|209\/358
|-damage|p1a: Blastoise|165\/358|[from] Stealth Rock
|-activate|p1a: Blastoise|move: Sticky Web
|-unboost|p1a: Blastoise|spe|1
|turn|9
|
|detailschange|p1a: Blastoise|Blastoise-Mega, M
|-mega|p1a: Blastoise|Blastoise|Blastoisinite
|move|p2a: Chandelure|Fire Blast|p1a: Blastoise|[miss]
|-miss|p2a: Chandelure|p1a: Blastoise
|move|p1a: Blastoise|Dark Pulse|p2a: Chandelure
|-supereffective|p2a: Chandelure
|-damage|p2a: Chandelure|0 fnt
|faint|p2a: Chandelure
|
|
|switch|p2a: Krookodile|Krookodile, M|345\/345
|-ability|p2a: Krookodile|Intimidate|[of] p1a: Blastoise
|-unboost|p1a: Blastoise|atk|1
|turn|10
|
|move|p2a: Krookodile|Earthquake|p1a: Blastoise
|-damage|p1a: Blastoise|0 fnt
|faint|p1a: Blastoise
|
|
|switch|p1a: Doublade|Doublade, M|301\/321
|-activate|p1a: Doublade|move: Sticky Web
|-unboost|p1a: Doublade|spe|1
|-damage|p1a: Doublade|281\/321|[from] Stealth Rock
|turn|11
|
|move|p2a: Krookodile|Earthquake|p1a: Doublade
|-supereffective|p1a: Doublade
|-damage|p1a: Doublade|51\/321
|move|p1a: Doublade|Sacred Sword|p2a: Krookodile
|-supereffective|p2a: Krookodile
|-damage|p2a: Krookodile|77\/345
|
|turn|12
|
|switch|p2a: Jirachi Jirachi|Jirachi, shiny|404\/404
|move|p1a: Doublade|Shadow Sneak|p2a: Jirachi Jirachi
|-supereffective|p2a: Jirachi Jirachi
|-damage|p2a: Jirachi Jirachi|270\/404
|
|-heal|p2a: Jirachi Jirachi|295\/404|[from] item: Leftovers
|turn|13
|
|switch|p2a: Milotic|Milotic, F|331\/331
|move|p1a: Doublade|Swords Dance|p1a: Doublade
|-boost|p1a: Doublade|atk|2
|
|turn|14
|
|move|p1a: Doublade|Shadow Sneak|p2a: Milotic
|-damage|p2a: Milotic|151\/331
|move|p2a: Milotic|Scald|p1a: Doublade
|-damage|p1a: Doublade|0 fnt
|-damage|p2a: Milotic|118\/331|[from] item: Life Orb
|faint|p1a: Doublade
|
|
|switch|p1a: Darmanitan|Darmanitan, M|351\/351
|-damage|p1a: Darmanitan|264\/351|[from] Stealth Rock
|-activate|p1a: Darmanitan|move: Sticky Web
|-unboost|p1a: Darmanitan|spe|1
|turn|15
|
|move|p1a: Darmanitan|Flare Blitz|p2a: Milotic
|-resisted|p2a: Milotic
|-damage|p2a: Milotic|0 fnt
|-damage|p1a: Darmanitan|225\/351|[from] recoil|[of] p2a: Milotic
|faint|p2a: Milotic
|
|
|switch|p2a: Krookodile|Krookodile, M|77\/345
|-ability|p2a: Krookodile|Intimidate|[of] p1a: Darmanitan
|-unboost|p1a: Darmanitan|atk|1
|turn|16
|
|move|p1a: Darmanitan|Flare Blitz|p2a: Krookodile
|-damage|p2a: Krookodile|0 fnt
|-damage|p1a: Darmanitan|200\/351|[from] recoil|[of] p2a: Krookodile
|faint|p2a: Krookodile
|
|
|switch|p2a: Trees|Sceptile, M|309\/309
|turn|17
|
|switch|p1a: Florges|Florges, F|337\/360
|-damage|p1a: Florges|292\/360|[from] Stealth Rock
|-activate|p1a: Florges|move: Sticky Web
|-unboost|p1a: Florges|spe|1
|detailschange|p2a: Trees|Sceptile-Mega, M
|-mega|p2a: Trees|Sceptile|Sceptilite
|move|p2a: Trees|Swords Dance|p2a: Trees
|-boost|p2a: Trees|atk|2
|
|-heal|p1a: Florges|314\/360|[from] item: Leftovers
|turn|18
|
|move|p2a: Trees|Leaf Blade|p1a: Florges
|-damage|p1a: Florges|0 fnt
|faint|p1a: Florges
|
|-message|Toreutic forfeited.
|
|win|PBC All I See
|raw|Ladder updating...
|leave|Toreutic
|player|p1
|raw|Toreutic's rating: 1312 &rarr; <strong>1293<\/strong><br \/>(-19 for losing)
|raw|PBC All I See's rating: 1318 &rarr; <strong>1338<\/strong><br \/>(+20 for winning)