|join|Toreutic
|join|gutsygarchomp
|player|p1|Toreutic|126
|player|p2|gutsygarchomp|214
|gametype|singles
|gen|6
|tier|UU
|rated
|rule|Sleep Clause Mod: Limit one foe put to sleep
|rule|Species Clause: Limit one of each PokÃ©mon
|rule|OHKO Clause: OHKO moves are banned
|rule|Moody Clause: Moody is banned
|rule|Evasion Moves Clause: Evasion moves are banned
|rule|Endless Battle Clause: Forcing endless battles is banned
|rule|HP Percentage Mod: HP is shown in percentages
|clearpoke
|poke|p1|Machamp, M
|poke|p1|Espeon, F
|poke|p1|Mienshao, F
|poke|p1|Infernape, M
|poke|p1|Aerodactyl, F
|poke|p1|Hydreigon, M
|poke|p2|Beedrill, M
|poke|p2|Galvantula, M
|poke|p2|Blastoise, F
|poke|p2|Celebi
|poke|p2|Snorlax, M
|poke|p2|Crobat, F
|rule|Swagger Clause: Swagger is banned
|rule|Baton Pass Clause: Limit one PokÃ©mon knowing Baton Pass
|teampreview
|
|start
|switch|p1a: Aerodactyl|Aerodactyl, F|309\/309
|switch|p2a: Celebi|Celebi|403\/403
|-ability|p1a: Aerodactyl|Pressure
|turn|1
|
|detailschange|p1a: Aerodactyl|Aerodactyl-Mega, F
|-mega|p1a: Aerodactyl|Aerodactyl|Aerodactylite
|move|p1a: Aerodactyl|Aerial Ace|p2a: Celebi
|-supereffective|p2a: Celebi
|-damage|p2a: Celebi|133\/403
|move|p2a: Celebi|Stealth Rock|p1a: Aerodactyl
|-sidestart|p1: Toreutic|move: Stealth Rock
|
|-heal|p2a: Celebi|158\/403|[from] item: Leftovers
|turn|2
|
|switch|p2a: Blastoise|Blastoise, F|361\/361
|move|p1a: Aerodactyl|Stone Edge|p2a: Blastoise|[miss]
|-miss|p1a: Aerodactyl|p2a: Blastoise
|
|turn|3
|
|switch|p1a: Machamp|Machamp, M|373\/373
|-damage|p1a: Machamp|350\/373|[from] Stealth Rock
|move|p2a: Blastoise|Dragon Tail|p1a: Machamp
|-crit|p1a: Machamp
|-damage|p1a: Machamp|276\/373
|drag|p1a: Aerodactyl|Aerodactyl-Mega, F|309\/309
|-damage|p1a: Aerodactyl|232\/309|[from] Stealth Rock
|
|turn|4
|
|switch|p1a: Hydreigon|Hydreigon, M|325\/325
|-damage|p1a: Hydreigon|285\/325|[from] Stealth Rock
|move|p2a: Blastoise|Scald|p1a: Hydreigon
|-resisted|p1a: Hydreigon
|-damage|p1a: Hydreigon|240\/325
|
|turn|5
|
|move|p1a: Hydreigon|Dark Pulse|p2a: Blastoise
|-damage|p2a: Blastoise|252\/361
|move|p2a: Blastoise|Dragon Tail|p1a: Hydreigon
|-supereffective|p1a: Hydreigon
|-damage|p1a: Hydreigon|144\/325
|drag|p1a: Aerodactyl|Aerodactyl-Mega, F|232\/309
|-damage|p1a: Aerodactyl|155\/309|[from] Stealth Rock
|
|turn|6
|
|switch|p1a: Machamp|Machamp, M|276\/373
|-damage|p1a: Machamp|253\/373|[from] Stealth Rock
|move|p2a: Blastoise|Dragon Tail|p1a: Machamp
|-damage|p1a: Machamp|203\/373
|drag|p1a: Aerodactyl|Aerodactyl-Mega, F|155\/309
|-damage|p1a: Aerodactyl|78\/309|[from] Stealth Rock
|
|turn|7
|
|move|p1a: Aerodactyl|Defog|p2a: Blastoise
|-unboost|p2a: Blastoise|evasion|1
|-sideend|p1: Toreutic|Stealth Rock|[from] move: Defog|[of] p1a: Aerodactyl
|move|p2a: Blastoise|Dragon Tail|p1a: Aerodactyl
|-damage|p1a: Aerodactyl|33\/309
|drag|p1a: Hydreigon|Hydreigon, M|144\/325
|
|turn|8
|
|move|p1a: Hydreigon|Draco Meteor|p2a: Blastoise
|-damage|p2a: Blastoise|77\/361
|-unboost|p1a: Hydreigon|spa|2
|move|p2a: Blastoise|Dragon Tail|p1a: Hydreigon
|-crit|p1a: Hydreigon
|-supereffective|p1a: Hydreigon
|-damage|p1a: Hydreigon|4\/325
|drag|p1a: Mienshao|Mienshao, F|271\/271
|
|turn|9
|
|move|p1a: Mienshao|High Jump Kick|p2a: Blastoise
|-damage|p2a: Blastoise|0 fnt
|faint|p2a: Blastoise
|
|
|switch|p2a: Crobat|Crobat, F|311\/311
|turn|10
|
|switch|p1a: Aerodactyl|Aerodactyl-Mega, F|33\/309
|move|p2a: Crobat|Brave Bird|p1a: Aerodactyl
|-resisted|p1a: Aerodactyl
|-damage|p1a: Aerodactyl|0 fnt
|-damage|p2a: Crobat|300\/311|[from] recoil|[of] p1a: Aerodactyl
|faint|p1a: Aerodactyl
|
|
|switch|p1a: Espeon|Espeon, F|334\/334
|turn|11
|
|move|p2a: Crobat|Brave Bird|p1a: Espeon
|-damage|p1a: Espeon|63\/334
|-damage|p2a: Crobat|211\/311|[from] recoil|[of] p1a: Espeon
|move|p1a: Espeon|Baton Pass|p1a: Espeon
|
|switch|p1a: Mienshao|Mienshao, F|271\/271
|
|turn|12
|
|move|p2a: Crobat|Brave Bird|p1a: Mienshao
|-supereffective|p1a: Mienshao
|-damage|p1a: Mienshao|0 fnt
|-damage|p2a: Crobat|122\/311|[from] recoil|[of] p1a: Mienshao
|faint|p1a: Mienshao
|
|-message|Toreutic forfeited.
|
|win|gutsygarchomp
|raw|Ladder updating...
|leave|Toreutic
|player|p1
|raw|Toreutic's rating: 1352 &rarr; <strong>1321<\/strong><br \/>(-31 for losing)
|raw|gutsygarchomp's rating: 1137 &rarr; <strong>1176<\/strong><br \/>(+39 for winning)