|join|toreutic
|join|AvatarAang926
|player|p1|toreutic|126
|player|p2|AvatarAang926|101
|gametype|singles
|gen|6
|tier|UU
|rated
|rule|Sleep Clause Mod: Limit one foe put to sleep
|rule|Species Clause: Limit one of each PokÃ©mon
|rule|OHKO Clause: OHKO moves are banned
|rule|Moody Clause: Moody is banned
|rule|Evasion Moves Clause: Evasion moves are banned
|rule|Endless Battle Clause: Forcing endless battles is banned
|rule|HP Percentage Mod: HP is shown in percentages
|clearpoke
|poke|p1|Machamp, F
|poke|p1|Espeon, F
|poke|p1|Mienshao, F
|poke|p1|Infernape, F
|poke|p1|Aerodactyl, F
|poke|p1|Hydreigon, F
|poke|p2|Flygon, M
|poke|p2|Toxicroak, F
|poke|p2|Snorlax, F
|poke|p2|Machamp, F
|poke|p2|Arcanine, M
|poke|p2|Alakazam, M
|rule|Swagger Clause: Swagger is banned
|rule|Baton Pass Clause: Limit one PokÃ©mon knowing Baton Pass
|teampreview
|c|âAvatarAang926|gl hf
|join|RainbowAlozia
|c|âtoreutic|:]
|join|Not kobe
|
|start
|switch|p1a: Mienshao|Mienshao, F|271\/271
|switch|p2a: Zuko|Arcanine, M|384\/384
|-ability|p2a: Zuko|Intimidate|[of] p1a: Mienshao
|-unboost|p1a: Mienshao|atk|1
|turn|1
|leave|Not kobe
|
|move|p1a: Mienshao|U-turn|p2a: Zuko
|-resisted|p2a: Zuko
|-damage|p2a: Zuko|362\/384
|c| RainbowAlozia|you have a very balanced team AvatarAang
|
|switch|p1a: Hydreigon|Hydreigon, F|325\/325
|move|p2a: Zuko|Flare Blitz|p1a: Hydreigon
|-resisted|p1a: Hydreigon
|-damage|p1a: Hydreigon|245\/325
|-damage|p2a: Zuko|336\/384|[from] recoil|[of] p1a: Hydreigon
|
|-heal|p2a: Zuko|360\/384|[from] item: Leftovers
|turn|2
|
|switch|p2a: Appa|Snorlax, F|497\/497
|move|p1a: Hydreigon|Draco Meteor|p2a: Appa
|-damage|p2a: Appa|254\/497
|-unboost|p1a: Hydreigon|spa|2
|
|-heal|p2a: Appa|285\/497|[from] item: Leftovers
|turn|3
|
|switch|p1a: Aerodactyl|Aerodactyl, F|309\/309
|-ability|p1a: Aerodactyl|Pressure
|move|p2a: Appa|Curse|p2a: Appa
|-boost|p2a: Appa|atk|1
|-boost|p2a: Appa|def|1
|-unboost|p2a: Appa|spe|1
|
|-heal|p2a: Appa|316\/497|[from] item: Leftovers
|turn|4
|
|switch|p1a: Machamp|Machamp, F|373\/373
|move|p2a: Appa|Body Slam|p1a: Machamp
|-damage|p1a: Machamp|181\/373
|
|-heal|p2a: Appa|347\/497|[from] item: Leftovers
|turn|5
|
|move|p1a: Machamp|Close Combat|p2a: Appa
|-supereffective|p2a: Appa
|-damage|p2a: Appa|0 fnt
|-unboost|p1a: Machamp|def|1
|-unboost|p1a: Machamp|spd|1
|faint|p2a: Appa
|
|
|switch|p2a: Zuko|Arcanine, M|360\/384
|-ability|p2a: Zuko|Intimidate|[of] p1a: Machamp
|-unboost|p1a: Machamp|atk|1
|turn|6
|c|âAvatarAang926|no Dynamic Punch?
|leave|RainbowAlozia
|
|move|p2a: Zuko|Will-O-Wisp|p1a: Machamp
|-status|p1a: Machamp|brn
|move|p1a: Machamp|Knock Off|p2a: Zuko
|-damage|p2a: Zuko|258\/384
|-enditem|p2a: Zuko|Leftovers|[from] move: Knock Off|[of] p1a: Machamp
|
|-damage|p1a: Machamp|135\/373 brn|[from] brn
|turn|7
|c|âtoreutic|I'm guts
|c|âAvatarAang926|ohhh okay
|
|move|p2a: Zuko|Morning Sun|p2a: Zuko
|-heal|p2a: Zuko|384\/384
|move|p1a: Machamp|Close Combat|p2a: Zuko
|-damage|p2a: Zuko|197\/384
|-unboost|p1a: Machamp|def|1
|-unboost|p1a: Machamp|spd|1
|
|-damage|p1a: Machamp|89\/373 brn|[from] brn
|turn|8
|
|move|p2a: Zuko|Morning Sun|p2a: Zuko
|-heal|p2a: Zuko|384\/384
|move|p1a: Machamp|Close Combat|p2a: Zuko
|-crit|p2a: Zuko
|-damage|p2a: Zuko|0 fnt
|-unboost|p1a: Machamp|def|1
|-unboost|p1a: Machamp|spd|1
|faint|p2a: Zuko
|
|-damage|p1a: Machamp|43\/373 brn|[from] brn
|
|switch|p2a: Flygon|Flygon, M|301\/301
|turn|9
|
|move|p1a: Machamp|Bullet Punch|p2a: Flygon
|-damage|p2a: Flygon|237\/301
|move|p2a: Flygon|U-turn|p1a: Machamp
|-resisted|p1a: Machamp
|-damage|p1a: Machamp|0 fnt
|faint|p1a: Machamp
|c|âtoreutic|:c
|
|switch|p2a: Brandon|Machamp, F|322\/322
|
|
|switch|p1a: Aerodactyl|Aerodactyl, F|309\/309
|-ability|p1a: Aerodactyl|Pressure
|turn|10
|c|âAvatarAang926|what set was that Machamp?
|
|detailschange|p1a: Aerodactyl|Aerodactyl-Mega, F
|-mega|p1a: Aerodactyl|Aerodactyl|Aerodactylite
|move|p1a: Aerodactyl|Aerial Ace|p2a: Brandon
|-crit|p2a: Brandon
|-supereffective|p2a: Brandon
|-damage|p2a: Brandon|0 fnt
|faint|p2a: Brandon
|
|c|âtoreutic|av
|c|âAvatarAang926|oh cool
|c|âAvatarAang926|what EVs?
|
|switch|p2a: Flygon|Flygon, M|237\/301
|turn|11
|c|âAvatarAang926|because i'm testing this current set out and it's not working out for me
|c|âtoreutic|enough speed to outrun neutral base 60 I think
|c|âtoreutic|I prefer to underspeed vap for the burn chance
|
|move|p2a: Flygon|Outrage|p1a: Aerodactyl
|-damage|p1a: Aerodactyl|108\/309
|move|p1a: Aerodactyl|Aerial Ace|p2a: Flygon
|-damage|p2a: Flygon|75\/301
|
|turn|12
|c|âAvatarAang926|ohhhh cool
|c|âAvatarAang926|thanks homie
|
|move|p2a: Flygon|Outrage|p1a: Aerodactyl
|-damage|p1a: Aerodactyl|0 fnt
|faint|p1a: Aerodactyl
|
|c|âtoreutic|:]
|
|switch|p1a: Mienshao|Mienshao, F|271\/271
|turn|13
|
|move|p1a: Mienshao|High Jump Kick|p2a: Flygon
|-damage|p2a: Flygon|0 fnt
|faint|p2a: Flygon
|
|
|switch|p2a: Gunther|Toxicroak, F|370\/370
|turn|14
|
|move|p1a: Mienshao|High Jump Kick|p2a: Gunther
|-resisted|p2a: Gunther
|-damage|p2a: Gunther|211\/370
|move|p2a: Gunther|Swords Dance|p2a: Gunther
|-boost|p2a: Gunther|atk|2
|
|-heal|p2a: Gunther|234\/370|[from] item: Black Sludge
|turn|15
|
|move|p1a: Mienshao|High Jump Kick|p2a: Gunther
|-resisted|p2a: Gunther
|-damage|p2a: Gunther|69\/370
|move|p2a: Gunther|Drain Punch|p1a: Mienshao
|-damage|p1a: Mienshao|0 fnt
|-heal|p2a: Gunther|205\/370|[from] drain|[of] p1a: Mienshao
|faint|p1a: Mienshao
|
|-heal|p2a: Gunther|228\/370|[from] item: Black Sludge
|
|switch|p1a: Infernape|Infernape, F|293\/293
|turn|16
|c|âAvatarAang926|gg man
|
|move|p1a: Infernape|Fire Blast|p2a: Gunther
|-damage|p2a: Gunther|0 fnt
|-damage|p1a: Infernape|264\/293|[from] item: Life Orb
|faint|p2a: Gunther
|
|
|switch|p2a: Yamada|Alakazam, M|251\/251
|turn|17
|leave|AvatarAang926
|join|AvatarAang926
|player|p2
|player|p2|AvatarAang926|101
|c|âAvatarAang926|whoops
|
|move|p1a: Infernape|Vacuum Wave|p2a: Yamada
|-resisted|p2a: Yamada
|-damage|p2a: Yamada|208\/251
|-damage|p1a: Infernape|235\/293|[from] item: Life Orb
|move|p2a: Yamada|Psychic|p1a: Infernape
|-supereffective|p1a: Infernape
|-damage|p1a: Infernape|0 fnt
|faint|p1a: Infernape
|
|
|switch|p1a: Espeon|Espeon, F|334\/334
|turn|18
|
|move|p2a: Yamada|Energy Ball|p1a: Espeon
|-damage|p1a: Espeon|209\/334
|-unboost|p1a: Espeon|spd|1
|move|p1a: Espeon|Psyshock|p2a: Yamada
|-resisted|p2a: Yamada
|-damage|p2a: Yamada|92\/251
|
|-heal|p1a: Espeon|229\/334|[from] item: Leftovers
|turn|19
|c|âtoreutic|no shadow ball?
|
|move|p2a: Yamada|Energy Ball|p1a: Espeon
|-damage|p1a: Espeon|69\/334
|move|p1a: Espeon|Psyshock|p2a: Yamada
|-resisted|p2a: Yamada
|-damage|p2a: Yamada|0 fnt
|faint|p2a: Yamada
|
|win|toreutic
|raw|Ladder updating...
|c|âAvatarAang926|no sadly :(
|raw|toreutic's rating: 1500 &rarr; <strong>1514<\/strong><br \/>(+14 for winning)
|raw|AvatarAang926's rating: 1400 &rarr; <strong>1385<\/strong><br \/>(-15 for losing)
|c|âtoreutic|gg
|c|âAvatarAang926|was Hydreigon scarfed?
|c|âtoreutic|specs
|c|âAvatarAang926|ohhh i could've won then!
|c|âAvatarAang926|if i had Shadow Ball lol
|c|âtoreutic|scarf wouldn't done nearly as much to lax
|c|âAvatarAang926|whatevs. gg man :)
|c|âtoreutic|you run dazzling gleam?
|c|âAvatarAang926|yeah
|c|âtoreutic|gotcha, thought so
|c|âtoreutic|gg c:
|leave|toreutic
|c|âAvatarAang926|peace!
|player|p1