|join|Toreutic
|join|Hogg Horse
|player|p1|Toreutic|170
|player|p2|Hogg Horse|17
|gametype|singles
|gen|6
|tier|UU
|rated
|rule|Sleep Clause Mod: Limit one foe put to sleep
|rule|Species Clause: Limit one of each PokÃ©mon
|rule|OHKO Clause: OHKO moves are banned
|rule|Moody Clause: Moody is banned
|rule|Evasion Moves Clause: Evasion moves are banned
|rule|Endless Battle Clause: Forcing endless battles is banned
|rule|HP Percentage Mod: HP is shown in percentages
|clearpoke
|poke|p1|Kabutops, F
|poke|p1|Toxicroak, F
|poke|p1|Florges, F
|poke|p1|Forretress, F
|poke|p1|Chandelure, F
|poke|p1|Hydreigon, F
|poke|p2|Bronzong
|poke|p2|Tentacruel, M
|poke|p2|Kyurem
|poke|p2|Amoonguss, M
|poke|p2|Pidgeot, M
|poke|p2|Arcanine, M
|rule|Swagger Clause: Swagger is banned
|rule|Baton Pass Clause: Limit one PokÃ©mon knowing Baton Pass
|teampreview
|
|start
|switch|p1a: Chandelure|Chandelure, F|261\/261
|switch|p2a: Tentacruel|Tentacruel, M|361\/361
|turn|1
|
|switch|p1a: Toxicroak|Toxicroak, F|307\/307
|-item|p1a: Toxicroak|Air Balloon
|move|p2a: Tentacruel|Knock Off|p1a: Toxicroak
|-resisted|p1a: Toxicroak
|-damage|p1a: Toxicroak|274\/307
|-enditem|p1a: Toxicroak|Air Balloon
|
|turn|2
|
|switch|p2a: Bronzong|Bronzong|338\/338
|move|p1a: Toxicroak|Drain Punch|p2a: Bronzong
|-damage|p2a: Bronzong|220\/338
|-heal|p1a: Toxicroak|307\/307|[from] drain|[of] p2a: Bronzong
|
|-heal|p2a: Bronzong|241\/338|[from] item: Leftovers
|turn|3
|
|move|p1a: Toxicroak|Drain Punch|p2a: Bronzong
|-damage|p2a: Bronzong|127\/338
|move|p2a: Bronzong|Earthquake|p1a: Toxicroak
|-supereffective|p1a: Toxicroak
|-damage|p1a: Toxicroak|97\/307
|
|-heal|p2a: Bronzong|148\/338|[from] item: Leftovers
|turn|4
|
|move|p1a: Toxicroak|Drain Punch|p2a: Bronzong
|-damage|p2a: Bronzong|30\/338
|-heal|p1a: Toxicroak|156\/307|[from] drain|[of] p2a: Bronzong
|move|p2a: Bronzong|Stealth Rock|p1a: Toxicroak
|-sidestart|p1: Toreutic|move: Stealth Rock
|
|-heal|p2a: Bronzong|51\/338|[from] item: Leftovers
|turn|5
|
|switch|p2a: Amoonguss|Amoonguss, M|432\/432
|move|p1a: Toxicroak|Drain Punch|p2a: Amoonguss
|-resisted|p2a: Amoonguss
|-damage|p2a: Amoonguss|372\/432
|-heal|p1a: Toxicroak|186\/307|[from] drain|[of] p2a: Amoonguss
|
|-heal|p2a: Amoonguss|399\/432|[from] item: Black Sludge
|turn|6
|
|move|p1a: Toxicroak|Gunk Shot|p2a: Amoonguss
|-damage|p2a: Amoonguss|210\/432
|move|p2a: Amoonguss|Spore|p1a: Toxicroak
|-status|p1a: Toxicroak|slp
|
|-heal|p2a: Amoonguss|237\/432|[from] item: Black Sludge
|turn|7
|
|switch|p2a: Kyurem|Kyurem|405\/405
|-ability|p2a: Kyurem|Pressure
|cant|p1a: Toxicroak|slp
|
|turn|8
|
|move|p2a: Kyurem|Substitute|p2a: Kyurem
|-start|p2a: Kyurem|Substitute
|-damage|p2a: Kyurem|304\/405
|cant|p1a: Toxicroak|slp
|
|-heal|p2a: Kyurem|329\/405|[from] item: Leftovers
|turn|9
|
|cant|p1a: Toxicroak|slp
|move|p2a: Kyurem|Earth Power|p1a: Toxicroak
|-supereffective|p1a: Toxicroak
|-damage|p1a: Toxicroak|0 fnt
|faint|p1a: Toxicroak
|
|-heal|p2a: Kyurem|354\/405|[from] item: Leftovers
|
|switch|p1a: Florges|Florges, F|360\/360
|-damage|p1a: Florges|315\/360|[from] Stealth Rock
|turn|10
|
|move|p2a: Kyurem|Ice Beam|p1a: Florges
|-damage|p1a: Florges|231\/360
|move|p1a: Florges|Moonblast|p2a: Kyurem
|-supereffective|p2a: Kyurem
|-end|p2a: Kyurem|Substitute
|
|-heal|p2a: Kyurem|379\/405|[from] item: Leftovers
|-heal|p1a: Florges|253\/360|[from] item: Leftovers
|turn|11
|
|move|p2a: Kyurem|Substitute|p2a: Kyurem
|-start|p2a: Kyurem|Substitute
|-damage|p2a: Kyurem|278\/405
|move|p1a: Florges|Moonblast|p2a: Kyurem
|-supereffective|p2a: Kyurem
|-end|p2a: Kyurem|Substitute
|
|-heal|p2a: Kyurem|303\/405|[from] item: Leftovers
|-heal|p1a: Florges|275\/360|[from] item: Leftovers
|turn|12
|
|switch|p2a: Tentacruel|Tentacruel, M|361\/361
|move|p1a: Florges|Moonblast|p2a: Tentacruel
|-resisted|p2a: Tentacruel
|-damage|p2a: Tentacruel|305\/361
|-unboost|p2a: Tentacruel|spa|1
|
|-heal|p2a: Tentacruel|327\/361|[from] item: Black Sludge
|-heal|p1a: Florges|297\/360|[from] item: Leftovers
|turn|13
|
|move|p2a: Tentacruel|Toxic Spikes|p1a: Florges
|-sidestart|p1: Toreutic|move: Toxic Spikes
|move|p1a: Florges|Moonblast|p2a: Tentacruel
|-resisted|p2a: Tentacruel
|-damage|p2a: Tentacruel|274\/361
|-unboost|p2a: Tentacruel|spa|1
|
|-heal|p2a: Tentacruel|296\/361|[from] item: Black Sludge
|-heal|p1a: Florges|319\/360|[from] item: Leftovers
|turn|14
|
|switch|p1a: Forretress|Forretress, F|354\/354
|-damage|p1a: Forretress|310\/354|[from] Stealth Rock
|move|p2a: Tentacruel|Knock Off|p1a: Forretress
|-damage|p1a: Forretress|278\/354
|-enditem|p1a: Forretress|Leftovers|[from] move: Knock Off|[of] p2a: Tentacruel
|
|-heal|p2a: Tentacruel|318\/361|[from] item: Black Sludge
|turn|15
|
|move|p2a: Tentacruel|Scald|p1a: Forretress
|-damage|p1a: Forretress|212\/354
|move|p1a: Forretress|Toxic|p2a: Tentacruel
|-fail|p2a: Tentacruel
|
|-heal|p2a: Tentacruel|340\/361|[from] item: Black Sludge
|turn|16
|
|move|p2a: Tentacruel|Scald|p1a: Forretress
|-damage|p1a: Forretress|152\/354
|move|p1a: Forretress|Rapid Spin|p2a: Tentacruel
|-damage|p2a: Tentacruel|327\/361
|-sideend|p1: Toreutic|Toxic Spikes|[from] move: Rapid Spin|[of] p1a: Forretress
|-sideend|p1: Toreutic|Stealth Rock|[from] move: Rapid Spin|[of] p1a: Forretress
|
|-heal|p2a: Tentacruel|349\/361|[from] item: Black Sludge
|turn|17
|
|move|p2a: Tentacruel|Scald|p1a: Forretress
|-damage|p1a: Forretress|88\/354
|move|p1a: Forretress|Stealth Rock|p2a: Tentacruel
|-sidestart|p2: Hogg Horse|move: Stealth Rock
|
|-heal|p2a: Tentacruel|361\/361|[from] item: Black Sludge
|turn|18
|
|switch|p1a: Kabutops|Kabutops, F|262\/262
|move|p2a: Tentacruel|Rapid Spin|p1a: Kabutops
|-resisted|p1a: Kabutops
|-damage|p1a: Kabutops|257\/262
|-boost|p1a: Kabutops|spe|1|[from] ability: Weak Armor
|-unboost|p1a: Kabutops|def|1|[from] ability: Weak Armor
|-sideend|p2: Hogg Horse|Stealth Rock|[from] move: Rapid Spin|[of] p2a: Tentacruel
|
|turn|19
|
|switch|p2a: Amoonguss|Amoonguss, M|381\/432
|move|p1a: Kabutops|Swords Dance|p1a: Kabutops
|-boost|p1a: Kabutops|atk|2
|
|-heal|p2a: Amoonguss|408\/432|[from] item: Black Sludge
|turn|20
|
|move|p1a: Kabutops|Stone Edge|p2a: Amoonguss
|-damage|p2a: Amoonguss|101\/432
|move|p2a: Amoonguss|Giga Drain|p1a: Kabutops
|-supereffective|p1a: Kabutops
|-damage|p1a: Kabutops|0 fnt
|-heal|p2a: Amoonguss|230\/432|[from] drain|[of] p1a: Kabutops
|faint|p1a: Kabutops
|
|-heal|p2a: Amoonguss|257\/432|[from] item: Black Sludge
|
|switch|p1a: Chandelure|Chandelure, F|261\/261
|turn|21
|
|switch|p2a: Arcanine|Arcanine, M|383\/383
|-ability|p2a: Arcanine|Intimidate|[of] p1a: Chandelure
|-unboost|p1a: Chandelure|atk|1
|move|p1a: Chandelure|Trick|p2a: Arcanine
|-activate|p1a: Chandelure|move: Trick|[of] p2a: Arcanine
|-item|p2a: Arcanine|Choice Specs|[from] move: Trick
|-item|p1a: Chandelure|Leftovers|[from] move: Trick
|
|turn|22
|
|switch|p1a: Forretress|Forretress, F|88\/354
|move|p2a: Arcanine|Toxic|p1a: Forretress
|-fail|p1a: Forretress
|
|turn|23
|
|switch|p2a: Tentacruel|Tentacruel, M|361\/361
|move|p1a: Forretress|Volt Switch|p2a: Tentacruel
|-supereffective|p2a: Tentacruel
|-damage|p2a: Tentacruel|295\/361
|
|switch|p1a: Chandelure|Chandelure, F|261\/261
|
|-heal|p2a: Tentacruel|317\/361|[from] item: Black Sludge
|turn|24
|
|move|p1a: Chandelure|Shadow Ball|p2a: Tentacruel
|-damage|p2a: Tentacruel|181\/361
|move|p2a: Tentacruel|Knock Off|p1a: Chandelure
|-crit|p1a: Chandelure
|-supereffective|p1a: Chandelure
|-damage|p1a: Chandelure|99\/261
|-enditem|p1a: Chandelure|Leftovers|[from] move: Knock Off|[of] p2a: Tentacruel
|
|-heal|p2a: Tentacruel|203\/361|[from] item: Black Sludge
|turn|25
|
|move|p1a: Chandelure|Shadow Ball|p2a: Tentacruel
|-crit|p2a: Tentacruel
|-damage|p2a: Tentacruel|0 fnt
|faint|p2a: Tentacruel
|
|
|switch|p2a: Pidgeot|Pidgeot, M|307\/307
|turn|26
|
|switch|p1a: Forretress|Forretress, F|88\/354
|detailschange|p2a: Pidgeot|Pidgeot-Mega, M
|-mega|p2a: Pidgeot|Pidgeot|Pidgeotite
|move|p2a: Pidgeot|Hurricane|p1a: Forretress
|-damage|p1a: Forretress|0 fnt
|faint|p1a: Forretress
|
|
|switch|p1a: Florges|Florges, F|319\/360
|turn|27
|
|move|p1a: Florges|Protect|p1a: Florges
|-singleturn|p1a: Florges|Protect
|move|p2a: Pidgeot|Work Up|p2a: Pidgeot
|-boost|p2a: Pidgeot|atk|1
|-boost|p2a: Pidgeot|spa|1
|
|-heal|p1a: Florges|341\/360|[from] item: Leftovers
|turn|28
|
|move|p2a: Pidgeot|Hurricane|p1a: Florges
|-damage|p1a: Florges|182\/360
|move|p1a: Florges|Moonblast|p2a: Pidgeot
|-damage|p2a: Pidgeot|171\/307
|-unboost|p2a: Pidgeot|spa|1
|
|-heal|p1a: Florges|204\/360|[from] item: Leftovers
|turn|29
|
|move|p2a: Pidgeot|Work Up|p2a: Pidgeot
|-boost|p2a: Pidgeot|atk|1
|-boost|p2a: Pidgeot|spa|1
|move|p1a: Florges|Wish|p1a: Florges
|
|-heal|p1a: Florges|226\/360|[from] item: Leftovers
|turn|30
|
|move|p2a: Pidgeot|Roost|p2a: Pidgeot
|-heal|p2a: Pidgeot|307\/307
|move|p1a: Florges|Moonblast|p2a: Pidgeot
|-damage|p2a: Pidgeot|153\/307
|
|-heal|p1a: Florges|360\/360|[from] move: Wish|[wisher] Florges
|turn|31
|
|move|p2a: Pidgeot|Roost|p2a: Pidgeot
|-heal|p2a: Pidgeot|307\/307
|move|p1a: Florges|Moonblast|p2a: Pidgeot
|-damage|p2a: Pidgeot|168\/307
|-unboost|p2a: Pidgeot|spa|1
|
|turn|32
|
|move|p2a: Pidgeot|Work Up|p2a: Pidgeot
|-boost|p2a: Pidgeot|atk|1
|-boost|p2a: Pidgeot|spa|1
|move|p1a: Florges|Moonblast|p2a: Pidgeot
|-damage|p2a: Pidgeot|24\/307
|-unboost|p2a: Pidgeot|spa|1
|
|turn|33
|
|move|p2a: Pidgeot|Roost|p2a: Pidgeot
|-heal|p2a: Pidgeot|178\/307
|move|p1a: Florges|Moonblast|p2a: Pidgeot
|-damage|p2a: Pidgeot|36\/307
|-unboost|p2a: Pidgeot|spa|1
|
|turn|34
|c|âHogg Horse|I swear
|c|âHogg Horse|pokemon is the only game where 30% means
|c|âHogg Horse|happens every fucking time
|
|move|p2a: Pidgeot|Roost|p2a: Pidgeot
|-heal|p2a: Pidgeot|190\/307
|move|p1a: Florges|Moonblast|p2a: Pidgeot
|-damage|p2a: Pidgeot|45\/307
|
|turn|35
|
|move|p2a: Pidgeot|Roost|p2a: Pidgeot
|-heal|p2a: Pidgeot|199\/307
|move|p1a: Florges|Moonblast|p2a: Pidgeot
|-damage|p2a: Pidgeot|61\/307
|
|turn|36
|
|move|p2a: Pidgeot|Roost|p2a: Pidgeot
|-heal|p2a: Pidgeot|215\/307
|move|p1a: Florges|Moonblast|p2a: Pidgeot
|-damage|p2a: Pidgeot|53\/307
|
|turn|37
|
|move|p2a: Pidgeot|Roost|p2a: Pidgeot
|-heal|p2a: Pidgeot|207\/307
|move|p1a: Florges|Moonblast|p2a: Pidgeot
|-damage|p2a: Pidgeot|59\/307
|
|turn|38
|
|switch|p2a: Amoonguss|Amoonguss, M|401\/432
|move|p1a: Florges|Moonblast|p2a: Amoonguss
|-resisted|p2a: Amoonguss
|-damage|p2a: Amoonguss|326\/432
|
|-heal|p2a: Amoonguss|353\/432|[from] item: Black Sludge
|turn|39
|
|switch|p1a: Hydreigon|Hydreigon, F|325\/325
|move|p2a: Amoonguss|Spore|p1a: Hydreigon
|-status|p1a: Hydreigon|slp
|
|-heal|p2a: Amoonguss|380\/432|[from] item: Black Sludge
|turn|40
|
|switch|p1a: Chandelure|Chandelure, F|99\/261
|switch|p2a: Kyurem|Kyurem|303\/405
|-ability|p2a: Kyurem|Pressure
|
|-heal|p2a: Kyurem|328\/405|[from] item: Leftovers
|turn|41
|
|move|p2a: Kyurem|Earth Power|p1a: Chandelure
|-supereffective|p1a: Chandelure
|-damage|p1a: Chandelure|0 fnt
|faint|p1a: Chandelure
|
|-heal|p2a: Kyurem|353\/405|[from] item: Leftovers
|
|switch|p1a: Florges|Florges, F|360\/360
|turn|42
|
|move|p2a: Kyurem|Substitute|p2a: Kyurem
|-start|p2a: Kyurem|Substitute
|-damage|p2a: Kyurem|252\/405
|move|p1a: Florges|Moonblast|p2a: Kyurem
|-supereffective|p2a: Kyurem
|-end|p2a: Kyurem|Substitute
|
|-heal|p2a: Kyurem|277\/405|[from] item: Leftovers
|turn|43
|-message|Toreutic forfeited.
|
|move|p2a: Kyurem|Substitute|p2a: Kyurem
|-start|p2a: Kyurem|Substitute
|-damage|p2a: Kyurem|176\/405
|move|p1a: Florges|Moonblast|p2a: Kyurem
|-supereffective|p2a: Kyurem
|-end|p2a: Kyurem|Substitute
|
|-heal|p2a: Kyurem|201\/405|[from] item: Leftovers
|turn|44
|leave|Toreutic
|
|win|Hogg Horse
|raw|Ladder updating...
|player|p1
|raw|Toreutic's rating: 1516 &rarr; <strong>1491<\/strong><br \/>(-25 for losing)
|raw|Hogg Horse's rating: 1429 &rarr; <strong>1454<\/strong><br \/>(+25 for winning)