|join|Toreutic
|join|Jenei
|player|p1|Toreutic|101
|player|p2|Jenei|275
|gametype|singles
|gen|6
|tier|UU
|rated
|rule|Sleep Clause Mod: Limit one foe put to sleep
|rule|Species Clause: Limit one of each PokÃ©mon
|rule|OHKO Clause: OHKO moves are banned
|rule|Moody Clause: Moody is banned
|rule|Evasion Moves Clause: Evasion moves are banned
|rule|Endless Battle Clause: Forcing endless battles is banned
|rule|HP Percentage Mod: HP is shown in percentages
|clearpoke
|poke|p1|Toxicroak, M
|poke|p1|Kabutops, M
|poke|p1|Chandelure, M
|poke|p1|Forretress, M
|poke|p1|Hydreigon, M
|poke|p1|Florges, F
|poke|p2|Granbull, M, shiny
|poke|p2|Shedinja
|poke|p2|Tentacruel, M, shiny
|poke|p2|Rotom-Heat, shiny
|poke|p2|Xatu, M
|poke|p2|Machamp, M, shiny
|rule|Swagger Clause: Swagger is banned
|rule|Baton Pass Clause: Limit one PokÃ©mon knowing Baton Pass
|teampreview
|
|start
|switch|p1a: Chandelure|Chandelure, M|261\/261
|switch|p2a: Uwe|Rotom-Heat, shiny|303\/303
|turn|1
|
|move|p1a: Chandelure|Shadow Ball|p2a: Uwe
|-damage|p2a: Uwe|83\/303
|move|p2a: Uwe|Volt Switch|p1a: Chandelure
|-damage|p1a: Chandelure|164\/261
|
|switch|p2a: Epizootics|Tentacruel, M, shiny|364\/364
|
|turn|2
|
|switch|p1a: Toxicroak|Toxicroak, M|307\/307
|-item|p1a: Toxicroak|Air Balloon
|move|p2a: Epizootics|Acid Spray|p1a: Toxicroak
|-crit|p1a: Toxicroak
|-resisted|p1a: Toxicroak
|-damage|p1a: Toxicroak|264\/307
|-enditem|p1a: Toxicroak|Air Balloon
|-unboost|p1a: Toxicroak|spd|2
|
|turn|3
|
|switch|p1a: Kabutops|Kabutops, M|262\/262
|move|p2a: Epizootics|Toxic Spikes|p1a: Kabutops
|-sidestart|p1: Toreutic|move: Toxic Spikes
|
|turn|4
|
|switch|p2a: Medel|Granbull, M, shiny|384\/384
|-ability|p2a: Medel|Intimidate|[of] p1a: Kabutops
|-unboost|p1a: Kabutops|atk|1
|move|p1a: Kabutops|Stone Edge|p2a: Medel
|-damage|p2a: Medel|290\/384
|
|-heal|p2a: Medel|314\/384|[from] item: Leftovers
|turn|5
|
|switch|p1a: Forretress|Forretress, M|354\/354
|switch|p2a: Xanax|Xatu, M|271\/271
|
|turn|6
|
|switch|p1a: Kabutops|Kabutops, M|262\/262
|-status|p1a: Kabutops|psn
|move|p2a: Xanax|Heat Wave|p1a: Kabutops
|-resisted|p1a: Kabutops
|-damage|p1a: Kabutops|230\/262 psn
|
|-damage|p1a: Kabutops|198\/262 psn|[from] psn
|turn|7
|
|move|p2a: Xanax|Giga Drain|p1a: Kabutops
|-supereffective|p1a: Kabutops
|-damage|p1a: Kabutops|0 fnt
|faint|p1a: Kabutops
|
|
|switch|p1a: Chandelure|Chandelure, M|164\/261
|-status|p1a: Chandelure|psn
|turn|8
|
|switch|p2a: Epizootics|Tentacruel, M, shiny|364\/364
|move|p1a: Chandelure|Shadow Ball|p2a: Epizootics
|-crit|p2a: Epizootics
|-damage|p2a: Epizootics|109\/364
|
|-heal|p2a: Epizootics|131\/364|[from] item: Black Sludge
|-damage|p1a: Chandelure|132\/261 psn|[from] psn
|turn|9
|
|move|p1a: Chandelure|Shadow Ball|p2a: Epizootics
|-damage|p2a: Epizootics|0 fnt
|faint|p2a: Epizootics
|
|-damage|p1a: Chandelure|100\/261 psn|[from] psn
|
|switch|p2a: Duchamp|Machamp, M, shiny|384\/384
|turn|10
|
|switch|p1a: Forretress|Forretress, M|354\/354
|move|p2a: Duchamp|Bulk Up|p2a: Duchamp
|-boost|p2a: Duchamp|atk|1
|-boost|p2a: Duchamp|def|1
|
|turn|11
|
|move|p2a: Duchamp|Cross Chop|p1a: Forretress|[miss]
|-miss|p2a: Duchamp|p1a: Forretress
|move|p1a: Forretress|Toxic|p2a: Duchamp
|-status|p2a: Duchamp|tox
|
|-damage|p2a: Duchamp|360\/384 tox|[from] psn
|turn|12
|
|switch|p2a: Xanax|Xatu, M|271\/271
|move|p1a: Forretress|Volt Switch|p2a: Xanax
|-supereffective|p2a: Xanax
|-damage|p2a: Xanax|181\/271
|
|switch|p1a: Hydreigon|Hydreigon, M|325\/325
|
|turn|13
|
|switch|p2a: Medel|Granbull, M, shiny|314\/384
|-ability|p2a: Medel|Intimidate|[of] p1a: Hydreigon
|-unboost|p1a: Hydreigon|atk|1
|move|p1a: Hydreigon|U-turn|p2a: Medel
|-resisted|p2a: Medel
|-damage|p2a: Medel|298\/384
|
|switch|p1a: Toxicroak|Toxicroak, M|264\/307
|-sideend|p1: Toreutic|move: Toxic Spikes|[of] p1a: Toxicroak
|
|-heal|p2a: Medel|322\/384|[from] item: Leftovers
|turn|14
|
|switch|p2a: Detritus|Shedinja|1\/1
|move|p1a: Toxicroak|Gunk Shot|p2a: Detritus
|-activate|p2a: Detritus|ability: Wonder Guard
|
|turn|15
|
|switch|p1a: Forretress|Forretress, M|354\/354
|move|p2a: Detritus|Protect|p2a: Detritus
|-fail|p2a: Detritus
|
|turn|16
|
|switch|p2a: Uwe|Rotom-Heat, shiny|83\/303
|switch|p1a: Hydreigon|Hydreigon, M|325\/325
|
|-heal|p2a: Uwe|101\/303|[from] item: Leftovers
|turn|17
|
|switch|p2a: Medel|Granbull, M, shiny|322\/384
|-ability|p2a: Medel|Intimidate|[of] p1a: Hydreigon
|-unboost|p1a: Hydreigon|atk|1
|move|p1a: Hydreigon|Dark Pulse|p2a: Medel
|-resisted|p2a: Medel
|-damage|p2a: Medel|211\/384
|
|-heal|p2a: Medel|235\/384|[from] item: Leftovers
|turn|18
|
|switch|p1a: Forretress|Forretress, M|354\/354
|switch|p2a: Uwe|Rotom-Heat, shiny|101\/303
|
|-heal|p2a: Uwe|119\/303|[from] item: Leftovers
|turn|19
|
|move|p2a: Uwe|Volt Switch|p1a: Forretress
|-damage|p1a: Forretress|219\/354
|
|switch|p2a: Duchamp|Machamp, M, shiny|360\/384 tox
|move|p1a: Forretress|Volt Switch|p2a: Duchamp
|-damage|p2a: Duchamp|324\/384 tox
|
|switch|p1a: Toxicroak|Toxicroak, M|264\/307
|
|-heal|p2a: Duchamp|348\/384 tox|[from] item: Leftovers
|-damage|p2a: Duchamp|324\/384 tox|[from] psn
|turn|20
|
|switch|p1a: Forretress|Forretress, M|219\/354
|switch|p2a: Detritus|Shedinja|1\/1
|
|-heal|p1a: Forretress|241\/354|[from] item: Leftovers
|turn|21
|
|switch|p2a: Xanax|Xatu, M|181\/271
|move|p1a: Forretress|Stealth Rock|p2a: Xanax
|move|p2a: Xanax|Stealth Rock|p1a: Forretress|[from]Magic Bounce
|-sidestart|p1: Toreutic|move: Stealth Rock
|
|-heal|p1a: Forretress|263\/354|[from] item: Leftovers
|turn|22
|
|switch|p1a: Hydreigon|Hydreigon, M|325\/325
|-damage|p1a: Hydreigon|285\/325|[from] Stealth Rock
|move|p2a: Xanax|Psyshock|p1a: Hydreigon
|-immune|p1a: Hydreigon|[msg]
|
|turn|23
|
|switch|p2a: Duchamp|Machamp, M, shiny|324\/384 tox
|move|p1a: Hydreigon|Fire Blast|p2a: Duchamp
|-damage|p2a: Duchamp|214\/384 tox
|
|-heal|p2a: Duchamp|238\/384 tox|[from] item: Leftovers
|-damage|p2a: Duchamp|214\/384 tox|[from] psn
|turn|24
|
|switch|p1a: Florges|Florges, F|360\/360
|-damage|p1a: Florges|315\/360|[from] Stealth Rock
|move|p2a: Duchamp|Knock Off|p1a: Florges
|-resisted|p1a: Florges
|-damage|p1a: Florges|201\/360
|-enditem|p1a: Florges|Leftovers|[from] move: Knock Off|[of] p2a: Duchamp
|
|-heal|p2a: Duchamp|238\/384 tox|[from] item: Leftovers
|-damage|p2a: Duchamp|190\/384 tox|[from] psn
|turn|25
|
|switch|p1a: Hydreigon|Hydreigon, M|285\/325
|-damage|p1a: Hydreigon|245\/325|[from] Stealth Rock
|switch|p2a: Uwe|Rotom-Heat, shiny|119\/303
|
|-heal|p2a: Uwe|137\/303|[from] item: Leftovers
|turn|26
|
|switch|p2a: Medel|Granbull, M, shiny|235\/384
|-ability|p2a: Medel|Intimidate|[of] p1a: Hydreigon
|-unboost|p1a: Hydreigon|atk|1
|move|p1a: Hydreigon|Fire Blast|p2a: Medel
|-damage|p2a: Medel|38\/384
|
|-heal|p2a: Medel|62\/384|[from] item: Leftovers
|turn|27
|
|switch|p2a: Uwe|Rotom-Heat, shiny|137\/303
|move|p1a: Hydreigon|Fire Blast|p2a: Uwe
|-resisted|p2a: Uwe
|-damage|p2a: Uwe|82\/303
|
|-heal|p2a: Uwe|100\/303|[from] item: Leftovers
|turn|28
|
|switch|p1a: Florges|Florges, F|201\/360
|-damage|p1a: Florges|156\/360|[from] Stealth Rock
|move|p2a: Uwe|Volt Switch|p1a: Florges
|-damage|p1a: Florges|110\/360
|
|switch|p2a: Xanax|Xatu, M|181\/271
|
|turn|29
|
|move|p2a: Xanax|Psyshock|p1a: Florges
|-damage|p1a: Florges|0 fnt
|faint|p1a: Florges
|
|
|switch|p1a: Hydreigon|Hydreigon, M|245\/325
|-damage|p1a: Hydreigon|205\/325|[from] Stealth Rock
|turn|30
|
|switch|p2a: Medel|Granbull, M, shiny|62\/384
|-ability|p2a: Medel|Intimidate|[of] p1a: Hydreigon
|-unboost|p1a: Hydreigon|atk|1
|move|p1a: Hydreigon|Dark Pulse|p2a: Medel
|-resisted|p2a: Medel
|-damage|p2a: Medel|0 fnt
|faint|p2a: Medel
|
|
|switch|p2a: Duchamp|Machamp, M, shiny|190\/384 tox
|turn|31
|
|switch|p1a: Chandelure|Chandelure, M|100\/261 psn
|-damage|p1a: Chandelure|35\/261 psn|[from] Stealth Rock
|move|p2a: Duchamp|Bulk Up|p2a: Duchamp
|-boost|p2a: Duchamp|atk|1
|-boost|p2a: Duchamp|def|1
|
|-heal|p2a: Duchamp|214\/384 tox|[from] item: Leftovers
|-damage|p1a: Chandelure|3\/261 psn|[from] psn
|-damage|p2a: Duchamp|190\/384 tox|[from] psn
|turn|32
|
|move|p2a: Duchamp|Bullet Punch|p1a: Chandelure
|-resisted|p1a: Chandelure
|-damage|p1a: Chandelure|0 fnt
|faint|p1a: Chandelure
|
|-heal|p2a: Duchamp|214\/384 tox|[from] item: Leftovers
|-damage|p2a: Duchamp|166\/384 tox|[from] psn
|
|switch|p1a: Forretress|Forretress, M|263\/354
|-damage|p1a: Forretress|219\/354|[from] Stealth Rock
|turn|33
|
|switch|p2a: Xanax|Xatu, M|181\/271
|move|p1a: Forretress|Volt Switch|p2a: Xanax
|-supereffective|p2a: Xanax
|-damage|p2a: Xanax|87\/271
|
|switch|p1a: Hydreigon|Hydreigon, M|205\/325
|-damage|p1a: Hydreigon|165\/325|[from] Stealth Rock
|
|turn|34
|c|âJenei|oh you
|
|move|p1a: Hydreigon|Dark Pulse|p2a: Xanax
|-supereffective|p2a: Xanax
|-damage|p2a: Xanax|0 fnt
|faint|p2a: Xanax
|
|
|switch|p2a: Duchamp|Machamp, M, shiny|166\/384 tox
|turn|35
|
|switch|p1a: Forretress|Forretress, M|219\/354
|-damage|p1a: Forretress|175\/354|[from] Stealth Rock
|move|p2a: Duchamp|Cross Chop|p1a: Forretress
|-damage|p1a: Forretress|48\/354
|
|-heal|p2a: Duchamp|190\/384 tox|[from] item: Leftovers
|-heal|p1a: Forretress|70\/354|[from] item: Leftovers
|-damage|p2a: Duchamp|166\/384 tox|[from] psn
|turn|36
|c|âJenei|if this misses i'm done
|
|switch|p1a: Toxicroak|Toxicroak, M|264\/307
|-damage|p1a: Toxicroak|245\/307|[from] Stealth Rock
|move|p2a: Duchamp|Cross Chop|p1a: Toxicroak
|-resisted|p1a: Toxicroak
|-damage|p1a: Toxicroak|77\/307
|
|-heal|p2a: Duchamp|190\/384 tox|[from] item: Leftovers
|-damage|p2a: Duchamp|142\/384 tox|[from] psn
|turn|37
|
|switch|p2a: Uwe|Rotom-Heat, shiny|100\/303
|move|p1a: Toxicroak|Drain Punch|p2a: Uwe
|-damage|p2a: Uwe|10\/303
|-heal|p1a: Toxicroak|122\/307|[from] drain|[of] p2a: Uwe
|
|-heal|p2a: Uwe|28\/303|[from] item: Leftovers
|turn|38
|
|switch|p1a: Forretress|Forretress, M|70\/354
|-damage|p1a: Forretress|26\/354|[from] Stealth Rock
|move|p2a: Uwe|Overheat|p1a: Forretress
|-supereffective|p1a: Forretress
|-damage|p1a: Forretress|0 fnt
|-unboost|p2a: Uwe|spa|2
|faint|p1a: Forretress
|
|-heal|p2a: Uwe|46\/303|[from] item: Leftovers
|
|switch|p1a: Hydreigon|Hydreigon, M|165\/325
|-damage|p1a: Hydreigon|125\/325|[from] Stealth Rock
|turn|39
|
|move|p1a: Hydreigon|Dark Pulse|p2a: Uwe
|-damage|p2a: Uwe|0 fnt
|faint|p2a: Uwe
|
|
|switch|p2a: Duchamp|Machamp, M, shiny|142\/384 tox
|turn|40
|c|âJenei|:(
|
|switch|p1a: Toxicroak|Toxicroak, M|122\/307
|-damage|p1a: Toxicroak|103\/307|[from] Stealth Rock
|move|p2a: Duchamp|Knock Off|p1a: Toxicroak
|-resisted|p1a: Toxicroak
|-damage|p1a: Toxicroak|32\/307
|
|-heal|p2a: Duchamp|166\/384 tox|[from] item: Leftovers
|-damage|p2a: Duchamp|142\/384 tox|[from] psn
|turn|41
|
|move|p1a: Toxicroak|Sucker Punch|p2a: Duchamp
|-crit|p2a: Duchamp
|-resisted|p2a: Duchamp
|-damage|p2a: Duchamp|61\/384 tox
|move|p2a: Duchamp|Bullet Punch|p1a: Toxicroak
|-crit|p1a: Toxicroak
|-damage|p1a: Toxicroak|0 fnt
|faint|p1a: Toxicroak
|
|-heal|p2a: Duchamp|85\/384 tox|[from] item: Leftovers
|-damage|p2a: Duchamp|37\/384 tox|[from] psn
|
|switch|p1a: Hydreigon|Hydreigon, M|125\/325
|-damage|p1a: Hydreigon|85\/325|[from] Stealth Rock
|turn|42
|
|move|p2a: Duchamp|Bullet Punch|p1a: Hydreigon
|-damage|p1a: Hydreigon|15\/325
|move|p1a: Hydreigon|Dark Pulse|p2a: Duchamp
|-resisted|p2a: Duchamp
|-damage|p2a: Duchamp|0 fnt
|faint|p2a: Duchamp
|
|c|âJenei|gg
|
|switch|p2a: Detritus|Shedinja|1\/1
|turn|43
|
|move|p1a: Hydreigon|Dark Pulse|p2a: Detritus
|-crit|p2a: Detritus
|-supereffective|p2a: Detritus
|-enditem|p2a: Detritus|Focus Sash
|-damage|p2a: Detritus|1\/1
|move|p2a: Detritus|X-Scissor|p1a: Hydreigon
|-supereffective|p1a: Hydreigon
|-damage|p1a: Hydreigon|0 fnt
|faint|p1a: Hydreigon
|
|win|Jenei
|raw|Ladder updating...