|join|PBC All I See
|join|Toreutic
|player|p1|PBC All I See|265
|player|p2|Toreutic|126
|gametype|singles
|gen|6
|tier|UU
|rated
|rule|Sleep Clause Mod: Limit one foe put to sleep
|rule|Species Clause: Limit one of each PokÃ©mon
|rule|OHKO Clause: OHKO moves are banned
|rule|Moody Clause: Moody is banned
|rule|Evasion Moves Clause: Evasion moves are banned
|rule|Endless Battle Clause: Forcing endless battles is banned
|rule|HP Percentage Mod: HP is shown in percentages
|clearpoke
|poke|p1|Raikou, shiny
|poke|p1|Hydreigon, M
|poke|p1|Starmie
|poke|p1|Aggron, M
|poke|p1|Florges, F
|poke|p1|Celebi
|poke|p2|Dragalge, F
|poke|p2|Forretress, F
|poke|p2|Doublade, F
|poke|p2|Florges, F
|poke|p2|Dugtrio, M
|poke|p2|Darmanitan, F
|rule|Swagger Clause: Swagger is banned
|rule|Baton Pass Clause: Limit one PokÃ©mon knowing Baton Pass
|teampreview
|
|start
|switch|p1a: Drive-ByAccomplice|Starmie|261\/261
|switch|p2a: Dragalge|Dragalge, F|318\/318
|turn|1
|
|switch|p1a: Yum|Aggron, M|344\/344
|switch|p2a: Doublade|Doublade, F|321\/321
|
|turn|2
|
|detailschange|p1a: Yum|Aggron-Mega, M
|-mega|p1a: Yum|Aggron|Aggronite
|move|p1a: Yum|Stealth Rock|p2a: Doublade
|-sidestart|p2: Toreutic|move: Stealth Rock
|move|p2a: Doublade|Sacred Sword|p1a: Yum
|-supereffective|p1a: Yum
|-damage|p1a: Yum|281\/344
|
|turn|3
|
|move|p1a: Yum|Thunder Wave|p2a: Doublade
|-status|p2a: Doublade|par
|move|p2a: Doublade|Swords Dance|p2a: Doublade
|-boost|p2a: Doublade|atk|2
|
|turn|4
|
|move|p2a: Doublade|Sacred Sword|p1a: Yum
|-supereffective|p1a: Yum
|-damage|p1a: Yum|151\/344
|move|p1a: Yum|Roar|p2a: Doublade
|drag|p2a: Darmanitan|Darmanitan, F|351\/351
|-damage|p2a: Darmanitan|264\/351|[from] Stealth Rock
|
|turn|5
|
|switch|p1a: GoodHeadIsLife|Hydreigon, M|327\/327
|move|p2a: Darmanitan|Flare Blitz|p1a: GoodHeadIsLife
|-resisted|p1a: GoodHeadIsLife
|-damage|p1a: GoodHeadIsLife|163\/327
|-damage|p2a: Darmanitan|210\/351|[from] recoil|[of] p1a: GoodHeadIsLife
|
|turn|6
|
|switch|p2a: Florges|Florges, F|360\/360
|-damage|p2a: Florges|315\/360|[from] Stealth Rock
|move|p1a: GoodHeadIsLife|U-turn|p2a: Florges
|-resisted|p2a: Florges
|-damage|p2a: Florges|275\/360
|
|switch|p1a: Yum|Aggron-Mega, M|151\/344
|
|-heal|p2a: Florges|297\/360|[from] item: Leftovers
|turn|7
|
|switch|p2a: Doublade|Doublade, F|321\/321 par
|-damage|p2a: Doublade|301\/321 par|[from] Stealth Rock
|switch|p1a: GoodHeadIsLife|Hydreigon, M|163\/327
|
|turn|8
|
|switch|p2a: Dragalge|Dragalge, F|318\/318
|-damage|p2a: Dragalge|279\/318|[from] Stealth Rock
|move|p1a: GoodHeadIsLife|U-turn|p2a: Dragalge
|-resisted|p2a: Dragalge
|-damage|p2a: Dragalge|251\/318
|
|switch|p1a: Drive-ByAccomplice|Starmie|261\/261
|
|turn|9
|
|switch|p2a: Dugtrio|Dugtrio, M|211\/211
|-damage|p2a: Dugtrio|198\/211|[from] Stealth Rock
|move|p1a: Drive-ByAccomplice|Psyshock|p2a: Dugtrio
|-crit|p2a: Dugtrio
|-damage|p2a: Dugtrio|0 fnt
|-damage|p1a: Drive-ByAccomplice|235\/261|[from] item: Life Orb
|faint|p2a: Dugtrio
|
|
|switch|p2a: Doublade|Doublade, F|301\/321 par
|-damage|p2a: Doublade|281\/321 par|[from] Stealth Rock
|turn|10
|
|move|p1a: Drive-ByAccomplice|Hydro Pump|p2a: Doublade
|-damage|p2a: Doublade|54\/321 par
|-damage|p1a: Drive-ByAccomplice|209\/261|[from] item: Life Orb
|move|p2a: Doublade|Sacred Sword|p1a: Drive-ByAccomplice
|-resisted|p1a: Drive-ByAccomplice
|-damage|p1a: Drive-ByAccomplice|146\/261
|
|turn|11
|
|move|p2a: Doublade|Shadow Sneak|p1a: Drive-ByAccomplice
|-supereffective|p1a: Drive-ByAccomplice
|-damage|p1a: Drive-ByAccomplice|0 fnt
|faint|p1a: Drive-ByAccomplice
|
|
|switch|p1a: GoodHeadIsLife|Hydreigon, M|163\/327
|turn|12
|
|cant|p2a: Doublade|par
|move|p1a: GoodHeadIsLife|Dark Pulse|p2a: Doublade
|-supereffective|p2a: Doublade
|-damage|p2a: Doublade|0 fnt
|faint|p2a: Doublade
|
|
|switch|p2a: Forretress|Forretress, F|354\/354
|-damage|p2a: Forretress|310\/354|[from] Stealth Rock
|turn|13
|
|move|p1a: GoodHeadIsLife|Dark Pulse|p2a: Forretress
|-damage|p2a: Forretress|103\/354
|cant|p2a: Forretress|flinch
|
|-heal|p2a: Forretress|125\/354|[from] item: Leftovers
|turn|14
|
|switch|p2a: Florges|Florges, F|297\/360
|-damage|p2a: Florges|252\/360|[from] Stealth Rock
|move|p1a: GoodHeadIsLife|Dark Pulse|p2a: Florges
|-resisted|p2a: Florges
|-damage|p2a: Florges|218\/360
|
|-heal|p2a: Florges|240\/360|[from] item: Leftovers
|turn|15
|
|switch|p1a: Yum|Aggron-Mega, M|151\/344
|switch|p2a: Darmanitan|Darmanitan, F|210\/351
|-damage|p2a: Darmanitan|123\/351|[from] Stealth Rock
|
|turn|16
|
|switch|p1a: Layers|Celebi|345\/345
|move|p2a: Darmanitan|Flare Blitz|p1a: Layers
|-supereffective|p1a: Layers
|-damage|p1a: Layers|0 fnt
|-damage|p2a: Darmanitan|9\/351|[from] recoil|[of] p1a: Layers
|faint|p1a: Layers
|
|
|switch|p1a: GoodHeadIsLife|Hydreigon, M|163\/327
|turn|17
|
|move|p1a: GoodHeadIsLife|U-turn|p2a: Darmanitan
|-resisted|p2a: Darmanitan
|-damage|p2a: Darmanitan|0 fnt
|faint|p2a: Darmanitan
|
|switch|p1a: Yum|Aggron-Mega, M|151\/344
|
|
|switch|p2a: Dragalge|Dragalge, F|251\/318
|-damage|p2a: Dragalge|212\/318|[from] Stealth Rock
|turn|18
|
|switch|p1a: Nichze Flowers|Florges, F|359\/359
|move|p2a: Dragalge|Sludge Bomb|p1a: Nichze Flowers
|-supereffective|p1a: Nichze Flowers
|-damage|p1a: Nichze Flowers|27\/359
|
|-heal|p1a: Nichze Flowers|49\/359|[from] item: Leftovers
|turn|19
|
|switch|p2a: Forretress|Forretress, F|125\/354
|-damage|p2a: Forretress|81\/354|[from] Stealth Rock
|move|p1a: Nichze Flowers|Moonblast|p2a: Forretress
|-crit|p2a: Forretress
|-resisted|p2a: Forretress
|-damage|p2a: Forretress|0 fnt
|faint|p2a: Forretress
|
|-heal|p1a: Nichze Flowers|71\/359|[from] item: Leftovers
|
|switch|p2a: Dragalge|Dragalge, F|212\/318
|-damage|p2a: Dragalge|173\/318|[from] Stealth Rock
|turn|20
|
|move|p1a: Nichze Flowers|Moonblast|p2a: Dragalge
|-damage|p2a: Dragalge|71\/318
|move|p2a: Dragalge|Focus Blast|p1a: Nichze Flowers
|-resisted|p1a: Nichze Flowers
|-damage|p1a: Nichze Flowers|20\/359
|
|-heal|p1a: Nichze Flowers|42\/359|[from] item: Leftovers
|turn|21
|-message|Toreutic forfeited.
|
|win|PBC All I See
|raw|Ladder updating...
|leave|Toreutic
|player|p2
|raw|PBC All I See's rating: 1288 &rarr; <strong>1314<\/strong><br \/>(+26 for winning)
|raw|Toreutic's rating: 1302 &rarr; <strong>1281<\/strong><br \/>(-21 for losing)