|join|bouff
|join|Kanbe Kotori
|player|p1|bouff|176
|player|p2|Kanbe Kotori|8
|gametype|singles
|gen|6
|tier|UU
|rule|Sleep Clause Mod: Limit one foe put to sleep
|rule|Species Clause: Limit one of each PokÃ©mon
|rule|OHKO Clause: OHKO moves are banned
|rule|Moody Clause: Moody is banned
|rule|Evasion Moves Clause: Evasion moves are banned
|rule|Endless Battle Clause: Forcing endless battles is banned
|rule|HP Percentage Mod: HP is shown in percentages
|clearpoke
|poke|p1|Gallade, M
|poke|p1|Swampert, F
|poke|p1|Florges, F
|poke|p1|Raikou
|poke|p1|Crobat, F
|poke|p1|Jirachi
|poke|p2|Raikou, shiny
|poke|p2|Froslass, F, shiny
|poke|p2|Cobalion, shiny
|poke|p2|Sharpedo, M
|poke|p2|Gligar, M, shiny
|poke|p2|Starmie
|rule|Swagger Clause: Swagger is banned
|rule|Baton Pass Clause: Limit one PokÃ©mon knowing Baton Pass
|teampreview
|c|âKanbe Kotori|aite lets see if this works
|
|start
|switch|p1a: HOOD POPE|Jirachi|341\/341
|switch|p2a: Froslass|Froslass, F, shiny|344\/344
|turn|1
|
|switch|p2a: Cobalion|Cobalion, shiny|323\/323
|move|p1a: HOOD POPE|U-turn|p2a: Cobalion
|-resisted|p2a: Cobalion
|-damage|p2a: Cobalion|309\/323
|
|switch|p1a: SHABBA|Swampert, F|401\/401
|
|-heal|p2a: Cobalion|323\/323|[from] item: Leftovers
|turn|2
|
|move|p2a: Cobalion|Taunt|p1a: SHABBA
|-start|p1a: SHABBA|move: Taunt
|move|p1a: SHABBA|Earthquake|p2a: Cobalion
|-supereffective|p2a: Cobalion
|-damage|p2a: Cobalion|125\/323
|
|-heal|p2a: Cobalion|145\/323|[from] item: Leftovers
|turn|3
|
|move|p2a: Cobalion|Stealth Rock|p1a: SHABBA
|-sidestart|p1: bouff|move: Stealth Rock
|move|p1a: SHABBA|Earthquake|p2a: Cobalion
|-supereffective|p2a: Cobalion
|-damage|p2a: Cobalion|0 fnt
|faint|p2a: Cobalion
|
|
|switch|p2a: Froslass|Froslass, F, shiny|344\/344
|turn|4
|
|switch|p1a: HOOD POPE|Jirachi|341\/341
|-damage|p1a: HOOD POPE|320\/341|[from] Stealth Rock
|move|p2a: Froslass|Spikes|p1a: HOOD POPE
|-sidestart|p1: bouff|Spikes
|
|turn|5
|
|switch|p2a: Gligar|Gligar, M, shiny|333\/333
|move|p1a: HOOD POPE|U-turn|p2a: Gligar
|-resisted|p2a: Gligar
|-damage|p2a: Gligar|316\/333
|
|switch|p1a: ENTER THE VOID|Crobat, F|335\/335
|-damage|p1a: ENTER THE VOID|252\/335|[from] Stealth Rock
|
|turn|6
|
|move|p1a: ENTER THE VOID|Defog|p2a: Gligar
|-unboost|p2a: Gligar|evasion|1
|-sideend|p1: bouff|Spikes|[from] move: Defog|[of] p1a: ENTER THE VOID
|-sideend|p1: bouff|Stealth Rock|[from] move: Defog|[of] p1a: ENTER THE VOID
|move|p2a: Gligar|Swords Dance|p2a: Gligar
|-boost|p2a: Gligar|atk|2
|
|turn|7
|
|move|p1a: ENTER THE VOID|U-turn|p2a: Gligar
|-resisted|p2a: Gligar
|-damage|p2a: Gligar|302\/333
|
|switch|p1a: SHABBA|Swampert, F|401\/401
|move|p2a: Gligar|Baton Pass|p2a: Gligar
|join|Ditto
|
|switch|p2a: Sharpedo|Sharpedo, M|281\/281
|
|turn|8
|
|move|p2a: Sharpedo|Waterfall|p1a: SHABBA
|-damage|p1a: SHABBA|187\/401
|move|p1a: SHABBA|Roar|p2a: Sharpedo
|drag|p2a: Raikou|Raikou, shiny|321\/321
|-ability|p2a: Raikou|Pressure
|
|-heal|p1a: SHABBA|212\/401|[from] item: Leftovers
|turn|9
|join|Imanalt
|
|switch|p2a: Starmie|Starmie|261\/261
|move|p1a: SHABBA|Stealth Rock|p2a: Starmie
|-sidestart|p2: Kanbe Kotori|move: Stealth Rock
|
|-heal|p1a: SHABBA|237\/401|[from] item: Leftovers
|turn|10
|
|switch|p1a: LORD|Raikou|322\/322
|-ability|p1a: LORD|Pressure
|move|p2a: Starmie|Hydro Pump|p1a: LORD
|-damage|p1a: LORD|32\/322
|-damage|p2a: Starmie|235\/261|[from] item: Life Orb
|
|turn|11
|c|âbouff|ooh.
|c|âKanbe Kotori|0- Atk Life Orb Analytic Starmie Rapid Spin vs. 4 HP \/ 0 Def Raikou: 22-27 (6.8 - 8.3%) -- possibly the worst move ever
|c|âKanbe Kotori|nooo
|
|switch|p2a: Raikou|Raikou, shiny|321\/321
|-damage|p2a: Raikou|281\/321|[from] Stealth Rock
|-ability|p2a: Raikou|Pressure
|move|p1a: LORD|Volt Switch|p2a: Raikou
|-resisted|p2a: Raikou
|-damage|p2a: Raikou|197\/321
|join|Lemonade
|
|switch|p1a: SHABBA|Swampert, F|237\/401
|
|-heal|p1a: SHABBA|262\/401|[from] item: Leftovers
|turn|12
|join|BIG SCHLONG MCDONG
|
|switch|p2a: Gligar|Gligar, M, shiny|302\/333
|-damage|p2a: Gligar|261\/333|[from] Stealth Rock
|move|p1a: SHABBA|Earthquake|p2a: Gligar
|-immune|p2a: Gligar|[msg]
|
|-heal|p1a: SHABBA|287\/401|[from] item: Leftovers
|turn|13
|
|move|p2a: Gligar|Baton Pass|p2a: Gligar
|
|switch|p2a: Starmie|Starmie|235\/261
|-damage|p2a: Starmie|203\/261|[from] Stealth Rock
|move|p1a: SHABBA|Scald|p2a: Starmie
|-resisted|p2a: Starmie
|-damage|p2a: Starmie|155\/261
|
|-heal|p1a: SHABBA|312\/401|[from] item: Leftovers
|turn|14
|
|move|p2a: Starmie|Hydro Pump|p1a: SHABBA|[miss]
|-miss|p2a: Starmie|p1a: SHABBA
|move|p1a: SHABBA|Earthquake|p2a: Starmie
|-damage|p2a: Starmie|5\/261
|
|-heal|p1a: SHABBA|337\/401|[from] item: Leftovers
|turn|15
|c|âbouff|sry
|
|move|p2a: Starmie|Rapid Spin|p1a: SHABBA
|-damage|p1a: SHABBA|327\/401
|-sideend|p2: Kanbe Kotori|Stealth Rock|[from] move: Rapid Spin|[of] p2a: Starmie
|-damage|p2a: Starmie|0 fnt|[from] item: Life Orb
|faint|p2a: Starmie
|move|p1a: SHABBA|Scald|p2: Starmie|[notarget]
|-notarget
|
|-heal|p1a: SHABBA|352\/401|[from] item: Leftovers
|
|switch|p2a: Froslass|Froslass, F, shiny|344\/344
|turn|16
|
|move|p2a: Froslass|Taunt|p1a: SHABBA
|-start|p1a: SHABBA|move: Taunt
|move|p1a: SHABBA|Scald|p2a: Froslass
|-damage|p2a: Froslass|230\/344
|-start|p1a: SHABBA|Disable|Scald
|-status|p2a: Froslass|brn
|
|-heal|p1a: SHABBA|377\/401|[from] item: Leftovers
|-damage|p2a: Froslass|187\/344 brn|[from] brn
|turn|17
|
|switch|p1a: LORD|Raikou|32\/322
|-ability|p1a: LORD|Pressure
|move|p2a: Froslass|Spikes|p1a: LORD
|-sidestart|p1: bouff|Spikes
|
|-damage|p2a: Froslass|144\/344 brn|[from] brn
|turn|18
|
|switch|p2a: Gligar|Gligar, M, shiny|261\/333
|move|p1a: LORD|Hidden Power|p2a: Gligar
|-supereffective|p2a: Gligar
|-damage|p2a: Gligar|0 fnt
|faint|p2a: Gligar
|
|
|switch|p2a: Sharpedo|Sharpedo, M|281\/281
|turn|19
|
|move|p2a: Sharpedo|Protect|p2a: Sharpedo
|-singleturn|p2a: Sharpedo|Protect
|move|p1a: LORD|Hidden Power|p2a: Sharpedo
|-activate|p2a: Sharpedo|Protect
|
|-boost|p2a: Sharpedo|spe|1|[from] ability: Speed Boost
|turn|20
|
|move|p2a: Sharpedo|Waterfall|p1a: LORD
|-damage|p1a: LORD|0 fnt
|faint|p1a: LORD
|
|-boost|p2a: Sharpedo|spe|1|[from] ability: Speed Boost
|c|âKanbe Kotori|clean 6-0
|c|âKanbe Kotori|o nvm
|
|switch|p1a: SHABBA|Swampert, F|377\/401
|-damage|p1a: SHABBA|327\/401|[from] Spikes
|turn|21
|
|detailschange|p2a: Sharpedo|Sharpedo-Mega, M
|message|Sharpedo has Mega Evolved into Mega Sharpedo!
|move|p2a: Sharpedo|Crunch|p1a: SHABBA
|-crit|p1a: SHABBA
|-damage|p1a: SHABBA|63\/401
|-unboost|p1a: SHABBA|def|1
|move|p1a: SHABBA|Roar|p2a: Sharpedo
|drag|p2a: Froslass|Froslass, F, shiny|144\/344 brn
|
|-heal|p1a: SHABBA|88\/401|[from] item: Leftovers
|-damage|p2a: Froslass|101\/344 brn|[from] brn
|turn|22
|
|move|p2a: Froslass|Taunt|p1a: SHABBA
|-start|p1a: SHABBA|move: Taunt
|move|p1a: SHABBA|Earthquake|p2a: Froslass
|-damage|p2a: Froslass|0 fnt
|-start|p1a: SHABBA|Disable|Earthquake
|faint|p2a: Froslass
|
|-heal|p1a: SHABBA|113\/401|[from] item: Leftovers
|
|switch|p2a: Sharpedo|Sharpedo-Mega, M|281\/281
|turn|23
|
|move|p2a: Sharpedo|Crunch|p1a: SHABBA
|-damage|p1a: SHABBA|0 fnt
|faint|p1a: SHABBA
|
|
|switch|p1a: COCAINE CASTLE|Florges, F|360\/360
|-damage|p1a: COCAINE CASTLE|315\/360|[from] Spikes
|turn|24
|
|move|p2a: Sharpedo|Waterfall|p1a: COCAINE CASTLE
|-damage|p1a: COCAINE CASTLE|153\/360
|move|p1a: COCAINE CASTLE|Moonblast|p2a: Sharpedo
|-supereffective|p2a: Sharpedo
|-damage|p2a: Sharpedo|0 fnt
|faint|p2a: Sharpedo
|
|-heal|p1a: COCAINE CASTLE|175\/360|[from] item: Leftovers
|
|switch|p2a: Raikou|Raikou, shiny|197\/321
|-ability|p2a: Raikou|Pressure
|turn|25
|join|OML Omfuga
|
|move|p2a: Raikou|Thunderbolt|p1a: COCAINE CASTLE
|-damage|p1a: COCAINE CASTLE|75\/360
|-status|p1a: COCAINE CASTLE|par
|move|p1a: COCAINE CASTLE|Moonblast|p2a: Raikou
|-damage|p2a: Raikou|73\/321
|
|-heal|p1a: COCAINE CASTLE|97\/360 par|[from] item: Leftovers
|turn|26
|
|move|p2a: Raikou|Thunderbolt|p1a: COCAINE CASTLE
|-damage|p1a: COCAINE CASTLE|0 fnt
|faint|p1a: COCAINE CASTLE
|
|
|switch|p1a: 402|Gallade, M|277\/277
|-damage|p1a: 402|243\/277|[from] Spikes
|turn|27
|c|âbouff|gGG
|
|detailschange|p1a: 402|Gallade-Mega, M
|message|Gallade has Mega Evolved into Mega Gallade!
|move|p2a: Raikou|Thunderbolt|p1a: 402
|-crit|p1a: 402
|-damage|p1a: 402|45\/277
|move|p1a: 402|Close Combat|p2a: Raikou
|-damage|p2a: Raikou|0 fnt
|-unboost|p1a: 402|def|1
|-unboost|p1a: 402|spd|1
|faint|p2a: Raikou
|
|win|bouff
|c|âKanbe Kotori|gg
|c|âKanbe Kotori|another 1?
|c|âbouff|sure
|leave|Kanbe Kotori
|player|p2
|leave|bouff
|player|p1
|join|Leftiez
|leave|Imanalt
|leave|Ditto
|leave|Lemonade
|join|bouff