|join|bouff
|join|Psychotic
|player|p1|bouff|176
|player|p2|Psychotic|253
|gametype|singles
|gen|6
|tier|UU
|rule|Sleep Clause Mod: Limit one foe put to sleep
|rule|Species Clause: Limit one of each PokÃ©mon
|rule|OHKO Clause: OHKO moves are banned
|rule|Moody Clause: Moody is banned
|rule|Evasion Moves Clause: Evasion moves are banned
|rule|Endless Battle Clause: Forcing endless battles is banned
|rule|HP Percentage Mod: HP is shown in percentages
|clearpoke
|poke|p1|Lopunny, M
|poke|p1|Florges, F
|poke|p1|Tentacruel, F
|poke|p1|Bronzong
|poke|p1|Kyurem
|poke|p1|Cresselia, F
|poke|p2|Glalie, F
|poke|p2|Zygarde
|poke|p2|Tentacruel, M
|poke|p2|Fletchinder, M
|poke|p2|Swampert, M
|poke|p2|Jirachi
|rule|Swagger Clause: Swagger is banned
|rule|Baton Pass Clause: Limit one PokÃ©mon knowing Baton Pass
|teampreview
|join|dead sing
|c|âbouff|In teresting
|join|Nas
|c|âPsychotic|ga lalie
|join|Mystialized
|c|âPsychotic|can i link
|join|Valentine
|c|âbouff|sure
|leave|Mystialized
|c| Nas|link in #spl
|c|âPsychotic|u
|c|âPsychotic|i cannot
|join|0rbital
|c| Nas|my internet is down
|c| Nas|tis a travesty
|c|âPsychotic|ah
|c|âPsychotic|tis
|join|Pleasure
|c|âbouff|val alrdy linked it
|
|start
|switch|p1a: ON MY MIND|Bronzong|338\/338
|switch|p2a: Swampert|Swampert, M|404\/404
|turn|1
|join|Meruu
|join|yohoE
|
|switch|p2a: Tentacruel|Tentacruel, M|364\/364
|move|p1a: ON MY MIND|Toxic|p2a: Tentacruel
|-fail|p2a: Tentacruel
|
|turn|2
|join|the pdc show
|c|+Meruu|zong is so
|c|+Meruu|weak
|
|switch|p1a: BR STRAT|Cresselia, F|444\/444
|move|p2a: Tentacruel|Scald|p1a: BR STRAT
|-damage|p1a: BR STRAT|398\/444
|
|-heal|p1a: BR STRAT|425\/444|[from] item: Leftovers
|turn|3
|c|+Meruu|:[
|join|Henry
|join|Sweep
|c|+Henry|bof my boy
|c|âPsychotic|nas
|c|âPsychotic|was that
|c|âPsychotic|hax
|c|âbouff|H enry!
|join|OPM Saitama
|c| Nas|twa
|c| Nas|s
|c|+Sweep|nice matchup
|c|+Meruu|it does like 30% to pdef tentacruel with eq
|c|+Meruu|fucking trash
|c|+Henry|hey bouff :)
|c| Nas|restart
|c| Nas|turn 2 hax
|
|switch|p2a: Fletchinder|Fletchinder, M|328\/328
|move|p1a: BR STRAT|Thunder Wave|p2a: Fletchinder
|-status|p2a: Fletchinder|par
|
|-heal|p1a: BR STRAT|444\/444|[from] item: Leftovers
|turn|4
|
|move|p1a: BR STRAT|Reflect|p1a: BR STRAT
|-sidestart|p1: bouff|Reflect
|cant|p2a: Fletchinder|par
|
|turn|5
|join|Aegislash45
|
|switch|p1a: WHERE THE NIPS|Tentacruel, F|364\/364
|cant|p2a: Fletchinder|par
|
|turn|6
|c|+Henry|bouff you're disgusting
|c|âPsychotic|ic
|join|Bel Air
|leave|yohoE
|c|âbouff|lol blame hikari
|join|Pwnemon
|c|âbouff|i stole it from him!
|c|âPsychotic|fuk u hikari
|
|switch|p2a: Tentacruel|Tentacruel, M|364\/364
|move|p1a: WHERE THE NIPS|Scald|p2a: Tentacruel
|-resisted|p2a: Tentacruel
|-damage|p2a: Tentacruel|332\/364
|
|-heal|p2a: Tentacruel|354\/364|[from] item: Black Sludge
|turn|7
|
|move|p2a: Tentacruel|Scald|p1a: WHERE THE NIPS
|-resisted|p1a: WHERE THE NIPS
|-damage|p1a: WHERE THE NIPS|328\/364
|-status|p1a: WHERE THE NIPS|brn
|move|p1a: WHERE THE NIPS|Knock Off|p2a: Tentacruel
|-damage|p2a: Tentacruel|328\/364
|-enditem|p2a: Tentacruel|Black Sludge|[from] move: Knock Off|[of] p1a: WHERE THE NIPS
|
|-heal|p1a: WHERE THE NIPS|350\/364 brn|[from] item: Black Sludge
|-damage|p1a: WHERE THE NIPS|305\/364 brn|[from] brn
|turn|8
|c|âPsychotic|the same result
|
|switch|p1a: E 40|Kyurem|391\/391
|-ability|p1a: E 40|Pressure
|move|p2a: Tentacruel|Toxic Spikes|p1a: E 40
|-sidestart|p1: bouff|move: Toxic Spikes
|
|-sideend|p1: bouff|Reflect
|turn|9
|c| Nas|hm
|join|powaa
|c| Nas|the more i think about it
|join|Key
|
|switch|p2a: Jirachi|Jirachi|341\/341
|move|p1a: E 40|Draco Meteor|p2a: Jirachi
|-crit|p2a: Jirachi
|-resisted|p2a: Jirachi
|-damage|p2a: Jirachi|77\/341
|-unboost|p1a: E 40|spa|2
|
|turn|10
|leave|powaa
|c| Nas|the more im convinced sd tentactruel must be broken
|c|+Henry|lol bouff 
|c|âPsychotic|its gotta b
|
|switch|p1a: WHERE THE NIPS|Tentacruel, F|305\/364 brn
|-sideend|p1: bouff|move: Toxic Spikes|[of] p1a: WHERE THE NIPS
|move|p2a: Jirachi|U-turn|p1a: WHERE THE NIPS
|-resisted|p1a: WHERE THE NIPS
|-damage|p1a: WHERE THE NIPS|270\/364 brn
|join|Christo 666
|
|switch|p2a: Swampert|Swampert, M|404\/404
|
|-heal|p1a: WHERE THE NIPS|292\/364 brn|[from] item: Black Sludge
|-damage|p1a: WHERE THE NIPS|247\/364 brn|[from] brn
|turn|11
|join|IM THE COOK
|
|switch|p1a: E 40|Kyurem|391\/391
|-ability|p1a: E 40|Pressure
|move|p2a: Swampert|Stealth Rock|p1a: E 40
|-sidestart|p1: bouff|move: Stealth Rock
|
|turn|12
|c|âPsychotic|Hmmmmmmmmmmmmm
|c|âPsychotic|lol if that thing 1hkos glalie
|join|taken for a fool
|c|âPsychotic|at -2
|c|âPsychotic|i will dun be mad
|
|switch|p2a: Jirachi|Jirachi|77\/341
|move|p1a: E 40|Draco Meteor|p2a: Jirachi
|-resisted|p2a: Jirachi
|-damage|p2a: Jirachi|0 fnt
|-unboost|p1a: E 40|spa|2
|faint|p2a: Jirachi
|
|
|switch|p2a: Glalie|Glalie, F|301\/301
|turn|13
|
|switch|p1a: ON MY MIND|Bronzong|338\/338
|-damage|p1a: ON MY MIND|317\/338|[from] Stealth Rock
|detailschange|p2a: Glalie|Glalie-Mega, F
|message|Glalie has Mega Evolved into Mega Glalie!
|move|p2a: Glalie|Super Fang|p1a: ON MY MIND
|-damage|p1a: ON MY MIND|159\/338
|
|-heal|p1a: ON MY MIND|180\/338|[from] item: Leftovers
|turn|14
|leave|Pwnemon
|c|âbouff|oh
|join|danilo
|c|âbouff|right.
|leave|OPM Saitama
|
|switch|p2a: Tentacruel|Tentacruel, M|328\/364
|move|p1a: ON MY MIND|Stealth Rock|p2a: Tentacruel
|-sidestart|p2: Psychotic|move: Stealth Rock
|
|-heal|p1a: ON MY MIND|201\/338|[from] item: Leftovers
|turn|15
|
|switch|p1a: E 40|Kyurem|391\/391
|-damage|p1a: E 40|294\/391|[from] Stealth Rock
|-ability|p1a: E 40|Pressure
|move|p2a: Tentacruel|Rapid Spin|p1a: E 40
|-damage|p1a: E 40|281\/391
|-sideend|p2: Psychotic|Stealth Rock|[from] move: Rapid Spin|[of] p2a: Tentacruel
|
|turn|16
|leave|Pleasure
|join|TFC
|
|switch|p2a: Swampert|Swampert, M|404\/404
|move|p1a: E 40|Dragon Pulse|p2a: Swampert
|-damage|p2a: Swampert|139\/404
|
|-heal|p2a: Swampert|164\/404|[from] item: Leftovers
|turn|17
|c|âbouff|also i mite have to go soon so dont be surprised if i d\/c ranDumly
|
|move|p1a: E 40|Dragon Pulse|p2a: Swampert
|-damage|p2a: Swampert|0 fnt
|faint|p2a: Swampert
|
|
|switch|p2a: Glalie|Glalie-Mega, F|301\/301
|turn|18
|
|switch|p1a: ON MY MIND|Bronzong|201\/338
|-damage|p1a: ON MY MIND|180\/338|[from] Stealth Rock
|move|p2a: Glalie|Double-Edge|p1a: ON MY MIND
|-resisted|p1a: ON MY MIND
|-damage|p1a: ON MY MIND|49\/338
|-damage|p2a: Glalie|258\/301|[from] recoil|[of] p1a: ON MY MIND
|
|-heal|p1a: ON MY MIND|70\/338|[from] item: Leftovers
|turn|19
|c|+Meruu|i'll finish the battle 4 u
|c|+Meruu|bop
|c|âbouff|hmmm!
|
|move|p2a: Glalie|Double-Edge|p1a: ON MY MIND
|-resisted|p1a: ON MY MIND
|-damage|p1a: ON MY MIND|0 fnt
|-damage|p2a: Glalie|235\/301|[from] recoil|[of] p1a: ON MY MIND
|faint|p1a: ON MY MIND
|
|c|âPsychotic|holy shit that does a lot
|
|switch|p1a: BROKEN|Lopunny, M|272\/272
|-damage|p1a: BROKEN|238\/272|[from] Stealth Rock
|turn|20
|c|âbouff|im spdef
|c|âbouff|idk why
|c|âbouff|lol
|
|switch|p2a: Tentacruel|Tentacruel, M|328\/364
|detailschange|p1a: BROKEN|Lopunny-Mega, M
|message|Lopunny has Mega Evolved into Mega Lopunny!
|move|p1a: BROKEN|Fake Out|p2a: Tentacruel
|-damage|p2a: Tentacruel|255\/364
|
|turn|21
|leave|the pdc show
|
|move|p1a: BROKEN|Frustration|p2a: Tentacruel
|-damage|p2a: Tentacruel|83\/364
|move|p2a: Tentacruel|Scald|p1a: BROKEN
|-damage|p1a: BROKEN|157\/272
|-status|p1a: BROKEN|brn
|
|-damage|p1a: BROKEN|123\/272 brn|[from] brn
|turn|22
|c|+Henry|hngg
|c|âbouff|uGh
|c|âPsychotic|yee
|c|+Meruu|why did you fake out
|c|+Meruu|...
|
|switch|p1a: WHERE THE NIPS|Tentacruel, F|247\/364 brn
|-damage|p1a: WHERE THE NIPS|202\/364 brn|[from] Stealth Rock
|move|p2a: Tentacruel|Toxic Spikes|p1a: WHERE THE NIPS
|-sidestart|p1: bouff|move: Toxic Spikes
|
|-heal|p1a: WHERE THE NIPS|224\/364 brn|[from] item: Black Sludge
|-damage|p1a: WHERE THE NIPS|179\/364 brn|[from] brn
|turn|23
|c|âbouff|why r u a Kid
|c|+Meruu|ur fucking retarded
|c|âPsychotic|ya lol
|c|+Meruu|ur lop fucks his team
|
|switch|p2a: Glalie|Glalie-Mega, F|235\/301
|move|p1a: WHERE THE NIPS|Rapid Spin|p2a: Glalie
|-damage|p2a: Glalie|227\/301
|-sideend|p1: bouff|Toxic Spikes|[from] move: Rapid Spin|[of] p1a: WHERE THE NIPS
|-sideend|p1: bouff|Stealth Rock|[from] move: Rapid Spin|[of] p1a: WHERE THE NIPS
|
|-heal|p1a: WHERE THE NIPS|201\/364 brn|[from] item: Black Sludge
|-damage|p1a: WHERE THE NIPS|156\/364 brn|[from] brn
|turn|24
|c|+Meruu|and you wasted it fake outting
|c|+Meruu|are you adamant or some aids
|c|âbouff|no but i know ur aids
|c|+Meruu|smh
|c|+danilo|bouff take criticism like a man
|
|move|p2a: Glalie|Earthquake|p1a: WHERE THE NIPS
|-supereffective|p1a: WHERE THE NIPS
|-damage|p1a: WHERE THE NIPS|0 fnt
|faint|p1a: WHERE THE NIPS
|
|c|+danilo|learn from it
|c|+danilo|and get better
|
|switch|p1a: BR STRAT|Cresselia, F|444\/444
|turn|25
|c|âbouff|I will, Danilo.
|c|âbouff|i promise.
|leave|taken for a fool
|c|âPsychotic|got some healing wish on that bad boy
|c|+danilo|good
|c|âPsychotic|im feelin it
|join|kektus
|
|switch|p2a: Tentacruel|Tentacruel, M|83\/364
|switch|p1a: E 40|Kyurem|281\/391
|-ability|p1a: E 40|Pressure
|
|turn|26
|c| kektus|ayy lmao
|
|move|p1a: E 40|Dragon Pulse|p2a: Tentacruel
|-damage|p2a: Tentacruel|0 fnt
|faint|p2a: Tentacruel
|
|c|+danilo|another dead pkmn.
|
|switch|p2a: Glalie|Glalie-Mega, F|227\/301
|turn|27
|
|switch|p1a: BROKEN|Lopunny-Mega, M|123\/272 brn
|move|p2a: Glalie|Double-Edge|p1a: BROKEN
|-damage|p1a: BROKEN|0 fnt
|-damage|p2a: Glalie|186\/301|[from] recoil|[of] p1a: BROKEN
|faint|p1a: BROKEN
|
|
|switch|p1a: BR STRAT|Cresselia, F|444\/444
|turn|28
|c|+Meruu|smh
|
|move|p2a: Glalie|Super Fang|p1a: BR STRAT
|-damage|p1a: BR STRAT|222\/444
|move|p1a: BR STRAT|Reflect|p1a: BR STRAT
|-sidestart|p1: bouff|Reflect
|
|-heal|p1a: BR STRAT|249\/444|[from] item: Leftovers
|turn|29
|c|+Meruu|letting your win con lose
|
|switch|p2a: Fletchinder|Fletchinder, M|328\/328 par
|move|p1a: BR STRAT|Moonlight|p1a: BR STRAT
|-heal|p1a: BR STRAT|444\/444
|
|turn|30
|c|âbouff|good thing thts my wincon
|
|switch|p1a: E 40|Kyurem|281\/391
|-ability|p1a: E 40|Pressure
|move|p2a: Fletchinder|Will-O-Wisp|p1a: E 40
|-status|p1a: E 40|brn
|
|-damage|p1a: E 40|233\/391 brn|[from] brn
|turn|31
|join|blunderr
|c|âPsychotic|moonlight cress is quite the wincon
|
|switch|p2a: Zygarde|Zygarde|417\/417
|-ability|p2a: Zygarde|Aura Break
|move|p1a: E 40|Dragon Pulse|p2a: Zygarde
|-supereffective|p2a: Zygarde
|-damage|p2a: Zygarde|0 fnt
|faint|p2a: Zygarde
|
|-damage|p1a: E 40|185\/391 brn|[from] brn
|
|switch|p2a: Glalie|Glalie-Mega, F|186\/301
|turn|32
|
|switch|p1a: BR STRAT|Cresselia, F|444\/444
|move|p2a: Glalie|Super Fang|p1a: BR STRAT
|-damage|p1a: BR STRAT|222\/444
|
|-heal|p1a: BR STRAT|249\/444|[from] item: Leftovers
|-sideend|p1: bouff|Reflect
|turn|33
|c|@Valentine|crit
|
|move|p2a: Glalie|Explosion|p1a: BR STRAT
|-damage|p1a: BR STRAT|0 fnt
|faint|p2a: Glalie
|faint|p1a: BR STRAT
|
|c|@Valentine|o nice
|
|switch|p1a: E 40|Kyurem|185\/391 brn
|switch|p2a: Fletchinder|Fletchinder, M|328\/328 par
|-ability|p1a: E 40|Pressure
|turn|34
|c|âPsychotic|oops lol
|c|âPsychotic|i thought that was at
|c|âPsychotic|like 30
|c|âbouff|lol
|c|âPsychotic|lol G_G
|c|âbouff|ripp
|c|âbouff|GG_G
|
|move|p2a: Fletchinder|Acrobatics|p1a: E 40
|-damage|p1a: E 40|13\/391 brn
|move|p1a: E 40|Dragon Pulse|p2a: Fletchinder
|-damage|p2a: Fletchinder|0 fnt
|faint|p2a: Fletchinder
|
|win|bouff
|leave|Psychotic
|player|p2
|c|+Meruu|bouff a shit
|leave|dead sing
|leave|Meruu
|leave|bouff
|player|p1
|leave|Valentine
|join|B is for Brutus
|leave|TFC
|leave|kektus
|leave|0rbital
|leave|blunderr
|leave|danilo
|join|Biz
|leave|Christo 666