|join|bouff
|join|SP JOHTO
|player|p1|bouff|157
|player|p2|SP JOHTO|164
|gametype|singles
|gen|6
|tier|UU
|rated
|rule|Sleep Clause Mod: Limit one foe put to sleep
|rule|Species Clause: Limit one of each PokÃ©mon
|rule|OHKO Clause: OHKO moves are banned
|rule|Moody Clause: Moody is banned
|rule|Evasion Moves Clause: Evasion moves are banned
|rule|Endless Battle Clause: Forcing endless battles is banned
|rule|HP Percentage Mod: HP is shown in percentages
|clearpoke
|poke|p1|Gligar, M
|poke|p1|Machamp, F
|poke|p1|Snorlax, M
|poke|p1|Whimsicott, F
|poke|p1|Chandelure, F
|poke|p1|Blastoise, F
|poke|p2|Jirachi
|poke|p2|Ampharos, M
|poke|p2|Nidoqueen, F
|poke|p2|Machamp, M
|poke|p2|Hydreigon, F
|poke|p2|Alakazam, F
|rule|Swagger Clause: Swagger is banned
|rule|Baton Pass Clause: Limit one PokÃ©mon knowing Baton Pass
|teampreview
|
|start
|switch|p1a: Gligar|Gligar, M|334\/334
|switch|p2a: Hydreigon|Hydreigon, F|326\/326
|turn|1
|
|move|p2a: Hydreigon|U-turn|p1a: Gligar
|-resisted|p1a: Gligar
|-damage|p1a: Gligar|316\/334
|-damage|p2a: Hydreigon|294\/326|[from] item: Life Orb
|
|switch|p2a: Nidoqueen|Nidoqueen, F|330\/330
|move|p1a: Gligar|Stealth Rock|p2a: Nidoqueen
|-sidestart|p2: SP JOHTO|move: Stealth Rock
|
|turn|2
|
|switch|p1a: Snorlax|Snorlax, M|524\/524
|move|p2a: Nidoqueen|Stealth Rock|p1a: Snorlax
|-sidestart|p1: bouff|move: Stealth Rock
|
|turn|3
|
|switch|p2a: Hydreigon|Hydreigon, F|294\/326
|-damage|p2a: Hydreigon|254\/326|[from] Stealth Rock
|move|p1a: Snorlax|Body Slam|p2a: Hydreigon
|-damage|p2a: Hydreigon|128\/326
|
|turn|4
|
|switch|p1a: Whimsicott|Whimsicott, F|261\/261
|-damage|p1a: Whimsicott|229\/261|[from] Stealth Rock
|move|p2a: Hydreigon|U-turn|p1a: Whimsicott
|-damage|p1a: Whimsicott|148\/261
|-damage|p2a: Hydreigon|96\/326|[from] item: Life Orb
|
|switch|p2a: Jirachi|Jirachi|341\/341
|-damage|p2a: Jirachi|320\/341|[from] Stealth Rock
|
|turn|5
|
|switch|p1a: Blastoise|Blastoise, F|347\/347
|-damage|p1a: Blastoise|304\/347|[from] Stealth Rock
|move|p2a: Jirachi|U-turn|p1a: Blastoise
|-damage|p1a: Blastoise|233\/347
|
|switch|p2a: Ampharos|Ampharos, M|373\/373
|-damage|p2a: Ampharos|327\/373|[from] Stealth Rock
|
|turn|6
|
|switch|p1a: Gligar|Gligar, M|316\/334
|-damage|p1a: Gligar|275\/334|[from] Stealth Rock
|detailschange|p2a: Ampharos|Ampharos-Mega, M
|message|Ampharos has Mega Evolved into Mega Ampharos!
|-ability|p2a: Ampharos|Mold Breaker
|move|p2a: Ampharos|Volt Switch|p1a: Gligar
|-immune|p1a: Gligar|[msg]
|
|turn|7
|
|switch|p2a: Hydreigon|Hydreigon, F|96\/326
|-damage|p2a: Hydreigon|56\/326|[from] Stealth Rock
|move|p1a: Gligar|Earthquake|p2a: Hydreigon
|-immune|p2a: Hydreigon|[msg]
|
|turn|8
|
|move|p2a: Hydreigon|Draco Meteor|p1a: Gligar
|-damage|p1a: Gligar|64\/334
|-unboost|p2a: Hydreigon|spa|2
|-damage|p2a: Hydreigon|24\/326|[from] item: Life Orb
|move|p1a: Gligar|Roost|p1a: Gligar
|-heal|p1a: Gligar|231\/334
|
|turn|9
|
|move|p2a: Hydreigon|Dark Pulse|p1a: Gligar
|-damage|p1a: Gligar|163\/334
|-damage|p2a: Hydreigon|0 fnt|[from] item: Life Orb
|faint|p2a: Hydreigon
|move|p1a: Gligar|Roost|p1a: Gligar
|-heal|p1a: Gligar|330\/334
|
|
|switch|p2a: Nidoqueen|Nidoqueen, F|330\/330
|-damage|p2a: Nidoqueen|310\/330|[from] Stealth Rock
|turn|10
|
|switch|p1a: Snorlax|Snorlax, M|524\/524
|-damage|p1a: Snorlax|459\/524|[from] Stealth Rock
|move|p2a: Nidoqueen|Ice Beam|p1a: Snorlax
|-crit|p1a: Snorlax
|-damage|p1a: Snorlax|384\/524
|
|-heal|p1a: Snorlax|416\/524|[from] item: Leftovers
|turn|11
|
|switch|p2a: Machamp|Machamp, M|364\/364
|-damage|p2a: Machamp|342\/364|[from] Stealth Rock
|move|p1a: Snorlax|Body Slam|p2a: Machamp
|-damage|p2a: Machamp|222\/364
|
|-heal|p1a: Snorlax|448\/524|[from] item: Leftovers
|turn|12
|
|switch|p1a: Gligar|Gligar, M|330\/334
|-damage|p1a: Gligar|289\/334|[from] Stealth Rock
|move|p2a: Machamp|Knock Off|p1a: Gligar
|-damage|p1a: Gligar|214\/334
|-enditem|p1a: Gligar|Eviolite|[from] move: Knock Off|[of] p2a: Machamp
|
|turn|13
|
|move|p1a: Gligar|Earthquake|p2a: Machamp
|-damage|p2a: Machamp|114\/364
|move|p2a: Machamp|Ice Punch|p1a: Gligar
|-supereffective|p1a: Gligar
|-damage|p1a: Gligar|0 fnt
|faint|p1a: Gligar
|
|
|switch|p1a: Machamp|Machamp, F|321\/321
|-damage|p1a: Machamp|301\/321|[from] Stealth Rock
|turn|14
|
|move|p1a: Machamp|Close Combat|p2a: Machamp
|-damage|p2a: Machamp|0 fnt
|-unboost|p1a: Machamp|def|1
|-unboost|p1a: Machamp|spd|1
|faint|p2a: Machamp
|
|
|switch|p2a: Alakazam|Alakazam, F|251\/251
|turn|15
|
|switch|p1a: Blastoise|Blastoise, F|233\/347
|-damage|p1a: Blastoise|190\/347|[from] Stealth Rock
|move|p2a: Alakazam|Psyshock|p1a: Blastoise
|-damage|p1a: Blastoise|46\/347
|
|turn|16
|
|detailschange|p1a: Blastoise|Blastoise-Mega, F
|message|Blastoise has Mega Evolved into Mega Blastoise!
|move|p2a: Alakazam|Psyshock|p1a: Blastoise
|-damage|p1a: Blastoise|0 fnt
|faint|p1a: Blastoise
|
|
|switch|p1a: Snorlax|Snorlax, M|448\/524
|-damage|p1a: Snorlax|383\/524|[from] Stealth Rock
|turn|17
|
|switch|p2a: Nidoqueen|Nidoqueen, F|310\/330
|-damage|p2a: Nidoqueen|290\/330|[from] Stealth Rock
|move|p1a: Snorlax|Body Slam|p2a: Nidoqueen
|-damage|p2a: Nidoqueen|170\/330
|-status|p2a: Nidoqueen|par
|
|-heal|p1a: Snorlax|415\/524|[from] item: Leftovers
|turn|18
|
|move|p1a: Snorlax|Curse|p1a: Snorlax
|-boost|p1a: Snorlax|atk|1
|-boost|p1a: Snorlax|def|1
|-unboost|p1a: Snorlax|spe|1
|cant|p2a: Nidoqueen|par
|
|-heal|p1a: Snorlax|447\/524|[from] item: Leftovers
|turn|19
|
|move|p1a: Snorlax|Earthquake|p2a: Nidoqueen
|-supereffective|p2a: Nidoqueen
|-damage|p2a: Nidoqueen|0 fnt
|faint|p2a: Nidoqueen
|
|-heal|p1a: Snorlax|479\/524|[from] item: Leftovers
|
|switch|p2a: Ampharos|Ampharos-Mega, M|327\/373
|-damage|p2a: Ampharos|281\/373|[from] Stealth Rock
|-ability|p2a: Ampharos|Mold Breaker
|turn|20
|
|move|p2a: Ampharos|Thunderbolt|p1a: Snorlax
|-damage|p1a: Snorlax|320\/524
|move|p1a: Snorlax|Earthquake|p2a: Ampharos
|-supereffective|p2a: Ampharos
|-damage|p2a: Ampharos|51\/373
|
|-heal|p1a: Snorlax|352\/524|[from] item: Leftovers
|turn|21
|
|switch|p1a: Whimsicott|Whimsicott, F|148\/261
|-damage|p1a: Whimsicott|116\/261|[from] Stealth Rock
|move|p2a: Ampharos|Focus Blast|p1a: Whimsicott
|-resisted|p1a: Whimsicott
|-damage|p1a: Whimsicott|4\/261
|
|turn|22
|
|move|p1a: Whimsicott|Moonblast|p2a: Ampharos
|-supereffective|p2a: Ampharos
|-damage|p2a: Ampharos|0 fnt
|faint|p2a: Ampharos
|
|
|switch|p2a: Jirachi|Jirachi|320\/341
|-damage|p2a: Jirachi|299\/341|[from] Stealth Rock
|turn|23
|
|move|p2a: Jirachi|Iron Head|p1a: Whimsicott
|-supereffective|p1a: Whimsicott
|-damage|p1a: Whimsicott|0 fnt
|faint|p1a: Whimsicott
|
|
|switch|p1a: Chandelure|Chandelure, F|293\/293
|-damage|p1a: Chandelure|220\/293|[from] Stealth Rock
|turn|24
|
|move|p2a: Jirachi|Iron Head|p1a: Chandelure
|-resisted|p1a: Chandelure
|-damage|p1a: Chandelure|150\/293
|cant|p1a: Chandelure|flinch
|
|-heal|p1a: Chandelure|168\/293|[from] item: Leftovers
|turn|25
|
|switch|p2a: Alakazam|Alakazam, F|251\/251
|move|p1a: Chandelure|Flamethrower|p2a: Alakazam
|-damage|p2a: Alakazam|98\/251
|
|-heal|p1a: Chandelure|186\/293|[from] item: Leftovers
|turn|26
|
|move|p2a: Alakazam|Shadow Ball|p1a: Chandelure
|-supereffective|p1a: Chandelure
|-damage|p1a: Chandelure|0 fnt
|faint|p1a: Chandelure
|
|
|switch|p1a: Snorlax|Snorlax, M|352\/524
|-damage|p1a: Snorlax|287\/524|[from] Stealth Rock
|turn|27
|
|switch|p2a: Jirachi|Jirachi|299\/341
|-damage|p2a: Jirachi|278\/341|[from] Stealth Rock
|move|p1a: Snorlax|Body Slam|p2a: Jirachi
|-resisted|p2a: Jirachi
|-damage|p2a: Jirachi|226\/341
|
|-heal|p1a: Snorlax|319\/524|[from] item: Leftovers
|turn|28
|
|move|p2a: Jirachi|Iron Head|p1a: Snorlax
|-crit|p1a: Snorlax
|-damage|p1a: Snorlax|79\/524
|cant|p1a: Snorlax|flinch
|
|-heal|p1a: Snorlax|111\/524|[from] item: Leftovers
|turn|29
|
|move|p2a: Jirachi|Iron Head|p1a: Snorlax
|-damage|p1a: Snorlax|0 fnt
|faint|p1a: Snorlax
|
|
|switch|p1a: Machamp|Machamp, F|301\/321
|-damage|p1a: Machamp|281\/321|[from] Stealth Rock
|turn|30
|
|move|p2a: Jirachi|Iron Head|p1a: Machamp
|-damage|p1a: Machamp|133\/321
|cant|p1a: Machamp|flinch
|
|turn|31
|c|âbouff|lol
|
|move|p2a: Jirachi|Iron Head|p1a: Machamp
|-damage|p1a: Machamp|0 fnt
|faint|p1a: Machamp
|
|win|SP JOHTO
|raw|Ladder updating...
|raw|bouff's rating: 1661 &rarr; <strong>1636<\/strong><br \/>(-25 for losing)
|raw|SP JOHTO's rating: 1561 &rarr; <strong>1587<\/strong><br \/>(+26 for winning)
|c|âbouff|what a good player
|c|âSP JOHTO|gg
|leave|bouff
|player|p1