|join|bouff
|join|Time Square
|player|p1|bouff|15
|player|p2|Time Square|81
|gametype|singles
|gen|6
|tier|UU
|rated
|rule|Sleep Clause Mod: Limit one foe put to sleep
|rule|Species Clause: Limit one of each PokÃ©mon
|rule|OHKO Clause: OHKO moves are banned
|rule|Moody Clause: Moody is banned
|rule|Evasion Moves Clause: Evasion moves are banned
|rule|Endless Battle Clause: Forcing endless battles is banned
|rule|HP Percentage Mod: HP is shown in percentages
|clearpoke
|poke|p1|Klefki, M
|poke|p1|Staraptor, F
|poke|p1|Swampert, M
|poke|p1|Rotom-Heat
|poke|p1|Tentacruel, M
|poke|p1|Mienshao, M
|poke|p2|Sableye, F
|poke|p2|Snorlax, M
|poke|p2|Swampert, M
|poke|p2|Florges, F
|poke|p2|Cresselia, F
|poke|p2|Forretress, F
|rule|Swagger Clause: Swagger is banned
|rule|Baton Pass Clause: Limit one PokÃ©mon knowing Baton Pass
|teampreview
|
|start
|switch|p1a: PLACED GUS|Swampert, M|404\/404
|switch|p2a: Sableye|Sableye, F|303\/303
|turn|1
|c|âTime Square|solid team
|
|switch|p1a: WHERE WE DO|Rotom-Heat|304\/304
|move|p2a: Sableye|Will-O-Wisp|p1a: WHERE WE DO
|-fail|p1a: WHERE WE DO
|
|turn|2
|
|detailschange|p2a: Sableye|Sableye-Mega, F
|message|Sableye has Mega Evolved into Mega Sableye!
|move|p2a: Sableye|Calm Mind|p2a: Sableye
|-boost|p2a: Sableye|spa|1
|-boost|p2a: Sableye|spd|1
|move|p1a: WHERE WE DO|Volt Switch|p2a: Sableye
|-damage|p2a: Sableye|251\/303
|
|switch|p1a: PLACED GUS|Swampert, M|404\/404
|
|turn|3
|
|detailschange|p1a: PLACED GUS|Swampert-Mega, M
|message|Swampert has Mega Evolved into Mega Swampert!
|move|p1a: PLACED GUS|Earthquake|p2a: Sableye
|-damage|p2a: Sableye|121\/303
|move|p2a: Sableye|Will-O-Wisp|p1a: PLACED GUS
|-status|p1a: PLACED GUS|brn
|
|-damage|p1a: PLACED GUS|354\/404 brn|[from] brn
|turn|4
|
|switch|p1a: YOUNG AND|Staraptor, F|312\/312
|move|p2a: Sableye|Recover|p2a: Sableye
|-heal|p2a: Sableye|273\/303
|
|turn|5
|
|move|p1a: YOUNG AND|Brave Bird|p2a: Sableye
|-crit|p2a: Sableye
|-damage|p2a: Sableye|0 fnt
|-damage|p1a: YOUNG AND|222\/312|[from] recoil|[of] p2a: Sableye
|faint|p2a: Sableye
|
|c|âTime Square|rofl
|
|switch|p2a: Forretress|Forretress, F|353\/353
|turn|6
|
|switch|p1a: WHERE WE DO|Rotom-Heat|304\/304
|switch|p2a: Snorlax|Snorlax, M|497\/497
|
|turn|7
|
|move|p1a: WHERE WE DO|Volt Switch|p2a: Snorlax
|-crit|p2a: Snorlax
|-damage|p2a: Snorlax|409\/497
|
|switch|p1a: HELL OF A NIGHT|Mienshao, M|271\/271
|move|p2a: Snorlax|Curse|p2a: Snorlax
|-boost|p2a: Snorlax|atk|1
|-boost|p2a: Snorlax|def|1
|-unboost|p2a: Snorlax|spe|1
|
|-heal|p2a: Snorlax|440\/497|[from] item: Leftovers
|turn|8
|
|move|p1a: HELL OF A NIGHT|High Jump Kick|p2a: Snorlax
|-supereffective|p2a: Snorlax
|-damage|p2a: Snorlax|42\/497
|move|p2a: Snorlax|Body Slam|p1a: HELL OF A NIGHT
|-damage|p1a: HELL OF A NIGHT|36\/271
|
|-heal|p2a: Snorlax|73\/497|[from] item: Leftovers
|turn|9
|
|switch|p2a: Florges|Florges, F|359\/359
|move|p1a: HELL OF A NIGHT|High Jump Kick|p2a: Florges
|-resisted|p2a: Florges
|-damage|p2a: Florges|232\/359
|
|-heal|p2a: Florges|254\/359|[from] item: Leftovers
|turn|10
|
|switch|p1a: BROTHER HAN|Klefki, M|318\/318
|switch|p2a: Snorlax|Snorlax, M|73\/497
|
|-heal|p2a: Snorlax|104\/497|[from] item: Leftovers
|turn|11
|
|move|p1a: BROTHER HAN|Spikes|p2a: Snorlax
|-sidestart|p2: Time Square|Spikes
|move|p2a: Snorlax|Rest|p2a: Snorlax
|-status|p2a: Snorlax|slp
|-heal|p2a: Snorlax|497\/497 slp|[silent]
|-status|p2a: Snorlax|slp|[from] move: Rest
|
|turn|12
|
|switch|p1a: HELL OF A NIGHT|Mienshao, M|36\/271
|switch|p2a: Forretress|Forretress, F|353\/353
|-damage|p2a: Forretress|309\/353|[from] Spikes
|
|-heal|p2a: Forretress|331\/353|[from] item: Leftovers
|turn|13
|
|move|p1a: HELL OF A NIGHT|High Jump Kick|p2a: Forretress
|-damage|p2a: Forretress|187\/353
|move|p2a: Forretress|Rapid Spin|p1a: HELL OF A NIGHT
|-damage|p1a: HELL OF A NIGHT|14\/271
|-sideend|p2: Time Square|Spikes|[from] move: Rapid Spin|[of] p2a: Forretress
|
|-heal|p2a: Forretress|209\/353|[from] item: Leftovers
|turn|14
|
|move|p1a: HELL OF A NIGHT|High Jump Kick|p2a: Forretress
|-damage|p2a: Forretress|68\/353
|move|p2a: Forretress|Gyro Ball|p1a: HELL OF A NIGHT
|-damage|p1a: HELL OF A NIGHT|0 fnt
|faint|p1a: HELL OF A NIGHT
|
|-heal|p2a: Forretress|90\/353|[from] item: Leftovers
|
|switch|p1a: YOUNG AND|Staraptor, F|222\/312
|turn|15
|
|move|p1a: YOUNG AND|Brave Bird|p2a: Forretress
|-damage|p2a: Forretress|0 fnt
|-damage|p1a: YOUNG AND|192\/312|[from] recoil|[of] p2a: Forretress
|faint|p2a: Forretress
|
|
|switch|p2a: Cresselia|Cresselia, F|443\/443
|turn|16
|
|move|p1a: YOUNG AND|Brave Bird|p2a: Cresselia
|-crit|p2a: Cresselia
|-damage|p2a: Cresselia|122\/443
|-damage|p1a: YOUNG AND|86\/312|[from] recoil|[of] p2a: Cresselia
|move|p2a: Cresselia|Calm Mind|p2a: Cresselia
|-boost|p2a: Cresselia|spa|1
|-boost|p2a: Cresselia|spd|1
|
|-heal|p2a: Cresselia|149\/443|[from] item: Leftovers
|turn|17
|c|âbouff|h u e
|
|switch|p2a: Swampert|Swampert, M|401\/401
|move|p1a: YOUNG AND|Brave Bird|p2a: Swampert
|-damage|p2a: Swampert|133\/401
|-damage|p1a: YOUNG AND|0 fnt|[from] recoil|[of] p2a: Swampert
|faint|p1a: YOUNG AND
|
|-heal|p2a: Swampert|158\/401|[from] item: Leftovers
|
|switch|p1a: GUAPIN|Tentacruel, M|358\/358
|turn|18
|c|âTime Square|your staraptor is a lord
|
|move|p1a: GUAPIN|Scald|p2a: Swampert
|-damage|p2a: Swampert|79\/401
|move|p2a: Swampert|Earthquake|p1a: GUAPIN
|-supereffective|p1a: GUAPIN
|-damage|p1a: GUAPIN|112\/358
|
|-heal|p1a: GUAPIN|134\/358|[from] item: Leftovers
|-heal|p2a: Swampert|104\/401|[from] item: Leftovers
|turn|19
|
|switch|p1a: WHERE WE DO|Rotom-Heat|304\/304
|move|p2a: Swampert|Earthquake|p1a: WHERE WE DO
|-immune|p1a: WHERE WE DO|[msg]
|
|-heal|p2a: Swampert|129\/401|[from] item: Leftovers
|turn|20
|
|switch|p1a: GUAPIN|Tentacruel, M|134\/358
|move|p2a: Swampert|Stealth Rock|p1a: GUAPIN
|-sidestart|p1: bouff|move: Stealth Rock
|
|-heal|p1a: GUAPIN|156\/358|[from] item: Leftovers
|-heal|p2a: Swampert|154\/401|[from] item: Leftovers
|turn|21
|
|move|p1a: GUAPIN|Rapid Spin|p2a: Swampert
|-damage|p2a: Swampert|145\/401
|-sideend|p1: bouff|Stealth Rock|[from] move: Rapid Spin|[of] p1a: GUAPIN
|move|p2a: Swampert|Earthquake|p1a: GUAPIN
|-crit|p1a: GUAPIN
|-supereffective|p1a: GUAPIN
|-damage|p1a: GUAPIN|0 fnt
|faint|p1a: GUAPIN
|
|-heal|p2a: Swampert|170\/401|[from] item: Leftovers
|
|switch|p1a: PLACED GUS|Swampert-Mega, M|354\/404 brn
|turn|22
|
|move|p1a: PLACED GUS|Stealth Rock|p2a: Swampert
|-sidestart|p2: Time Square|move: Stealth Rock
|move|p2a: Swampert|Stealth Rock|p1a: PLACED GUS
|-sidestart|p1: bouff|move: Stealth Rock
|
|-heal|p2a: Swampert|195\/401|[from] item: Leftovers
|-damage|p1a: PLACED GUS|304\/404 brn|[from] brn
|turn|23
|
|move|p1a: PLACED GUS|Waterfall|p2a: Swampert
|-damage|p2a: Swampert|128\/401
|cant|p2a: Swampert|flinch
|
|-heal|p2a: Swampert|153\/401|[from] item: Leftovers
|-damage|p1a: PLACED GUS|254\/404 brn|[from] brn
|turn|24
|
|move|p1a: PLACED GUS|Waterfall|p2a: Swampert
|-damage|p2a: Swampert|89\/401
|move|p2a: Swampert|Scald|p1a: PLACED GUS
|-damage|p1a: PLACED GUS|136\/404 brn
|
|-heal|p2a: Swampert|114\/401|[from] item: Leftovers
|-damage|p1a: PLACED GUS|86\/404 brn|[from] brn
|turn|25
|
|move|p1a: PLACED GUS|Waterfall|p2a: Swampert
|-damage|p2a: Swampert|42\/401
|move|p2a: Swampert|Scald|p1a: PLACED GUS
|-damage|p1a: PLACED GUS|0 fnt
|faint|p1a: PLACED GUS
|
|-heal|p2a: Swampert|67\/401|[from] item: Leftovers
|
|switch|p1a: WHERE WE DO|Rotom-Heat|304\/304
|-damage|p1a: WHERE WE DO|228\/304|[from] Stealth Rock
|turn|26
|
|move|p1a: WHERE WE DO|Overheat|p2a: Swampert
|-resisted|p2a: Swampert
|-damage|p2a: Swampert|0 fnt
|-unboost|p1a: WHERE WE DO|spa|2
|faint|p2a: Swampert
|
|-heal|p1a: WHERE WE DO|247\/304|[from] item: Leftovers
|
|switch|p2a: Cresselia|Cresselia, F|149\/443
|-damage|p2a: Cresselia|94\/443|[from] Stealth Rock
|turn|27
|
|switch|p1a: BROTHER HAN|Klefki, M|318\/318
|-damage|p1a: BROTHER HAN|299\/318|[from] Stealth Rock
|move|p2a: Cresselia|Rest|p2a: Cresselia
|-status|p2a: Cresselia|slp
|-heal|p2a: Cresselia|443\/443 slp|[silent]
|-status|p2a: Cresselia|slp|[from] move: Rest
|
|-heal|p1a: BROTHER HAN|318\/318|[from] item: Leftovers
|turn|28
|
|move|p1a: BROTHER HAN|Spikes|p2a: Cresselia
|-sidestart|p2: Time Square|Spikes
|cant|p2a: Cresselia|slp
|
|turn|29
|
|move|p1a: BROTHER HAN|Spikes|p2a: Cresselia
|-sidestart|p2: Time Square|Spikes
|cant|p2a: Cresselia|slp
|
|turn|30
|
|move|p1a: BROTHER HAN|Spikes|p2a: Cresselia
|-sidestart|p2: Time Square|Spikes
|-curestatus|p2a: Cresselia|slp
|move|p2a: Cresselia|Calm Mind|p2a: Cresselia
|-boost|p2a: Cresselia|spa|1
|-boost|p2a: Cresselia|spd|1
|
|turn|31
|
|move|p1a: BROTHER HAN|Thunder Wave|p2a: Cresselia
|-status|p2a: Cresselia|par
|cant|p2a: Cresselia|par
|
|turn|32
|
|move|p1a: BROTHER HAN|Flash Cannon|p2a: Cresselia
|-damage|p2a: Cresselia|398\/443 par
|cant|p2a: Cresselia|par
|
|-heal|p2a: Cresselia|425\/443 par|[from] item: Leftovers
|turn|33
|
|move|p1a: BROTHER HAN|Flash Cannon|p2a: Cresselia
|-damage|p2a: Cresselia|386\/443 par
|move|p2a: Cresselia|Calm Mind|p2a: Cresselia
|-boost|p2a: Cresselia|spa|1
|-boost|p2a: Cresselia|spd|1
|
|-heal|p2a: Cresselia|413\/443 par|[from] item: Leftovers
|turn|34
|c|âbouff|geeg
|c|âTime Square|gg
|-message|bouff forfeited.
|
|win|Time Square
|raw|Ladder updating...
|leave|bouff
|player|p1