|join|bouff
|join|madvaj
|player|p1|bouff|#cpgtan
|player|p2|madvaj|2
|gametype|singles
|gen|6
|tier|UU
|rated
|rule|Sleep Clause Mod: Limit one foe put to sleep
|rule|Species Clause: Limit one of each PokÃ©mon
|rule|OHKO Clause: OHKO moves are banned
|rule|Moody Clause: Moody is banned
|rule|Evasion Moves Clause: Evasion moves are banned
|rule|Endless Battle Clause: Forcing endless battles is banned
|rule|HP Percentage Mod: HP is shown in percentages
|clearpoke
|poke|p1|Suicune
|poke|p1|Diancie
|poke|p1|Crobat, M
|poke|p1|Jirachi
|poke|p1|Bronzong
|poke|p1|Mienshao, F
|poke|p2|Beedrill, F
|poke|p2|Raikou
|poke|p2|Machamp, M
|poke|p2|Gligar, F
|poke|p2|Rotom-Heat
|poke|p2|Bronzong
|rule|Swagger Clause: Swagger is banned
|rule|Baton Pass Clause: Limit one PokÃ©mon knowing Baton Pass
|teampreview
|
|start
|switch|p1a: Bronzong|Bronzong|338\/338
|switch|p2a: Beedrill|Beedrill, F|271\/271
|turn|1
|
|detailschange|p2a: Beedrill|Beedrill-Mega, F
|message|Beedrill has Mega Evolved into Mega Beedrill!
|move|p2a: Beedrill|Knock Off|p1a: Bronzong
|-supereffective|p1a: Bronzong
|-damage|p1a: Bronzong|116\/338
|-enditem|p1a: Bronzong|Leftovers|[from] move: Knock Off|[of] p2a: Beedrill
|move|p1a: Bronzong|Stealth Rock|p2a: Beedrill
|-sidestart|p2: madvaj|move: Stealth Rock
|
|turn|2
|
|switch|p1a: Crobat|Crobat, M|335\/335
|move|p2a: Beedrill|U-turn|p1a: Crobat
|-resisted|p1a: Crobat
|-damage|p1a: Crobat|277\/335
|
|switch|p2a: Rotom-Heat|Rotom-Heat|241\/241
|-damage|p2a: Rotom-Heat|181\/241|[from] Stealth Rock
|
|turn|3
|
|move|p2a: Rotom-Heat|Volt Switch|p1a: Crobat
|-crit|p1a: Crobat
|-supereffective|p1a: Crobat
|-damage|p1a: Crobat|0 fnt
|faint|p1a: Crobat
|
|switch|p2a: Gligar|Gligar, F|334\/334
|-damage|p2a: Gligar|293\/334|[from] Stealth Rock
|
|join|kokoloko
|
|switch|p1a: Suicune|Suicune|404\/404
|-ability|p1a: Suicune|Pressure
|turn|4
|
|move|p1a: Suicune|Substitute|p1a: Suicune
|-start|p1a: Suicune|Substitute
|-damage|p1a: Suicune|303\/404
|move|p2a: Gligar|Defog|p1a: Suicune
|-sideend|p2: madvaj|Stealth Rock|[from] move: Defog|[of] p2a: Gligar
|
|-heal|p1a: Suicune|328\/404|[from] item: Leftovers
|turn|5
|join|namehtmas
|
|switch|p2a: Raikou|Raikou|322\/322
|-ability|p2a: Raikou|Pressure
|move|p1a: Suicune|Ice Beam|p2a: Raikou
|-damage|p2a: Raikou|259\/322
|
|-heal|p1a: Suicune|353\/404|[from] item: Leftovers
|turn|6
|
|move|p2a: Raikou|Thunderbolt|p1a: Suicune
|-supereffective|p1a: Suicune
|-end|p1a: Suicune|Substitute
|-damage|p2a: Raikou|227\/322|[from] item: Life Orb
|move|p1a: Suicune|Scald|p2a: Raikou
|-damage|p2a: Raikou|136\/322
|
|-heal|p1a: Suicune|378\/404|[from] item: Leftovers
|turn|7
|
|switch|p1a: Bronzong|Bronzong|116\/338
|move|p2a: Raikou|Volt Switch|p1a: Bronzong
|-damage|p1a: Bronzong|15\/338
|-damage|p2a: Raikou|104\/322|[from] item: Life Orb
|
|switch|p2a: Beedrill|Beedrill-Mega, F|271\/271
|
|turn|8
|
|move|p2a: Beedrill|Knock Off|p1a: Bronzong
|-supereffective|p1a: Bronzong
|-damage|p1a: Bronzong|0 fnt
|faint|p1a: Bronzong
|
|
|switch|p1a: Diancie|Diancie|241\/241
|turn|9
|
|detailschange|p1a: Diancie|Diancie-Mega
|message|Diancie has Mega Evolved into Mega Diancie!
|move|p2a: Beedrill|U-turn|p1a: Diancie
|-resisted|p1a: Diancie
|-damage|p1a: Diancie|151\/241
|
|switch|p2a: Bronzong|Bronzong|338\/338
|move|p1a: Diancie|Diamond Storm|p2a: Bronzong
|-resisted|p2a: Bronzong
|-damage|p2a: Bronzong|264\/338
|-boost|p1a: Diancie|def|1
|
|-heal|p2a: Bronzong|285\/338|[from] item: Leftovers
|turn|10
|
|switch|p1a: Suicune|Suicune|378\/404
|-ability|p1a: Suicune|Pressure
|move|p2a: Bronzong|Gyro Ball|p1a: Suicune
|-resisted|p1a: Suicune
|-damage|p1a: Suicune|340\/404
|
|-heal|p1a: Suicune|365\/404|[from] item: Leftovers
|-heal|p2a: Bronzong|306\/338|[from] item: Leftovers
|turn|11
|
|switch|p2a: Machamp|Machamp, M|384\/384
|move|p1a: Suicune|Scald|p2a: Machamp
|-damage|p2a: Machamp|317\/384
|
|-heal|p1a: Suicune|390\/404|[from] item: Leftovers
|turn|12
|
|move|p1a: Suicune|Substitute|p1a: Suicune
|-start|p1a: Suicune|Substitute
|-damage|p1a: Suicune|289\/404
|move|p2a: Machamp|Dynamic Punch|p1a: Suicune
|-end|p1a: Suicune|Substitute
|
|-heal|p1a: Suicune|314\/404|[from] item: Leftovers
|turn|13
|
|move|p1a: Suicune|Scald|p2a: Machamp
|-damage|p2a: Machamp|248\/384
|move|p2a: Machamp|Knock Off|p1a: Suicune
|-damage|p1a: Suicune|213\/404
|-enditem|p1a: Suicune|Leftovers|[from] move: Knock Off|[of] p2a: Machamp
|
|turn|14
|
|move|p1a: Suicune|Scald|p2a: Machamp
|-damage|p2a: Machamp|178\/384
|move|p2a: Machamp|Dynamic Punch|p1a: Suicune
|-damage|p1a: Suicune|80\/404
|-start|p1a: Suicune|confusion
|
|turn|15
|
|-activate|p1a: Suicune|confusion
|-damage|p1a: Suicune|66\/404|[from] confusion
|move|p2a: Machamp|Dynamic Punch|p1a: Suicune
|-crit|p1a: Suicune
|-damage|p1a: Suicune|0 fnt
|faint|p1a: Suicune
|
|
|switch|p1a: Diancie|Diancie-Mega|151\/241
|turn|16
|
|switch|p1a: Mienshao|Mienshao, F|271\/271
|move|p2a: Machamp|Bullet Punch|p1a: Mienshao
|-damage|p1a: Mienshao|197\/271
|
|turn|17
|
|switch|p2a: Gligar|Gligar, F|293\/334
|move|p1a: Mienshao|Knock Off|p2a: Gligar
|-damage|p2a: Gligar|227\/334
|-enditem|p2a: Gligar|Eviolite|[from] move: Knock Off|[of] p1a: Mienshao
|-damage|p1a: Mienshao|170\/271|[from] item: Life Orb
|
|turn|18
|
|move|p1a: Mienshao|U-turn|p2a: Gligar
|-resisted|p2a: Gligar
|-damage|p2a: Gligar|189\/334
|-damage|p1a: Mienshao|143\/271|[from] item: Life Orb
|
|switch|p1a: Diancie|Diancie-Mega|151\/241
|move|p2a: Gligar|U-turn|p1a: Diancie
|-resisted|p1a: Diancie
|-damage|p1a: Diancie|131\/241
|
|switch|p2a: Bronzong|Bronzong|306\/338
|
|-heal|p2a: Bronzong|327\/338|[from] item: Leftovers
|turn|19
|c|âbouff|g_GG
|c|âbouff|cant win :[
|c|âmadvaj|gg buddy
|-message|bouff forfeited.
|
|win|madvaj
|raw|Ladder updating...
|leave|bouff
|player|p1
|c|âmadvaj|koko
|raw|bouff's rating: 1441 &rarr; <strong>1414<\/strong><br \/>(-27 for losing)
|raw|madvaj's rating: 1309 &rarr; <strong>1336<\/strong><br \/>(+27 for winning)
|c|âmadvaj|new breed wanted to talk to you