|join|bouff
|join|dont know why
|player|p1|bouff|176
|player|p2|dont know why|1
|gametype|singles
|gen|6
|tier|UU
|rated
|rule|Sleep Clause Mod: Limit one foe put to sleep
|rule|Species Clause: Limit one of each PokÃ©mon
|rule|OHKO Clause: OHKO moves are banned
|rule|Moody Clause: Moody is banned
|rule|Evasion Moves Clause: Evasion moves are banned
|rule|Endless Battle Clause: Forcing endless battles is banned
|rule|HP Percentage Mod: HP is shown in percentages
|clearpoke
|poke|p1|Beedrill, F
|poke|p1|Jirachi
|poke|p1|Raikou
|poke|p1|Swampert, F
|poke|p1|Crobat, M
|poke|p1|Machamp, F
|poke|p2|Beedrill, F
|poke|p2|Zygarde
|poke|p2|Jirachi
|poke|p2|Starmie
|poke|p2|Infernape, M
|poke|p2|Shaymin
|rule|Swagger Clause: Swagger is banned
|rule|Baton Pass Clause: Limit one PokÃ©mon knowing Baton Pass
|teampreview
|
|start
|switch|p1a: SLS|Beedrill, F|272\/272
|switch|p2a: Infernape|Infernape, M|293\/293
|turn|1
|
|detailschange|p1a: SLS|Beedrill-Mega, F
|message|Beedrill has Mega Evolved into Mega Beedrill!
|move|p1a: SLS|Protect|p1a: SLS
|-singleturn|p1a: SLS|Protect
|move|p2a: Infernape|Stealth Rock|p1a: SLS
|-sidestart|p1: bouff|move: Stealth Rock
|
|turn|2
|
|move|p1a: SLS|U-turn|p2a: Infernape
|-resisted|p2a: Infernape
|-damage|p2a: Infernape|234\/293
|
|switch|p1a: ON THE BEACH|Swampert, F|401\/401
|-damage|p1a: ON THE BEACH|376\/401|[from] Stealth Rock
|move|p2a: Infernape|Fire Blast|p1a: ON THE BEACH
|-resisted|p1a: ON THE BEACH
|-damage|p1a: ON THE BEACH|281\/401
|
|-heal|p1a: ON THE BEACH|306\/401|[from] item: Leftovers
|turn|3
|join|Robbie Lawler
|join|PURRL
|join|Omfuga
|
|move|p2a: Infernape|Taunt|p1a: ON THE BEACH
|-start|p1a: ON THE BEACH|move: Taunt
|cant|p1a: ON THE BEACH|move: Taunt|Stealth Rock
|
|-heal|p1a: ON THE BEACH|331\/401|[from] item: Leftovers
|turn|4
|
|switch|p2a: Shaymin|Shaymin|341\/341
|move|p1a: ON THE BEACH|Scald|p2a: Shaymin
|-resisted|p2a: Shaymin
|-damage|p2a: Shaymin|300\/341
|
|-heal|p1a: ON THE BEACH|356\/401|[from] item: Leftovers
|turn|5
|
|switch|p1a: RECOGNIZE|Jirachi|341\/341
|-damage|p1a: RECOGNIZE|320\/341|[from] Stealth Rock
|move|p2a: Shaymin|Seed Flare|p1a: RECOGNIZE
|-resisted|p1a: RECOGNIZE
|-damage|p1a: RECOGNIZE|228\/341
|-unboost|p1a: RECOGNIZE|spd|2
|
|turn|6
|
|move|p2a: Shaymin|Seed Flare|p1a: RECOGNIZE
|-resisted|p1a: RECOGNIZE
|-damage|p1a: RECOGNIZE|40\/341
|-unboost|p1a: RECOGNIZE|spd|2
|move|p1a: RECOGNIZE|U-turn|p2a: Shaymin
|-supereffective|p2a: Shaymin
|-damage|p2a: Shaymin|156\/341
|
|switch|p1a: EAST LIBERTY|Crobat, M|335\/335
|-damage|p1a: EAST LIBERTY|252\/335|[from] Stealth Rock
|
|turn|7
|c|âbouff|ty4tie
|
|switch|p2a: Jirachi|Jirachi|341\/341
|move|p1a: EAST LIBERTY|Defog|p2a: Jirachi
|-unboost|p2a: Jirachi|evasion|1
|-sideend|p1: bouff|Stealth Rock|[from] move: Defog|[of] p1a: EAST LIBERTY
|
|turn|8
|
|switch|p1a: ON THE BEACH|Swampert, F|356\/401
|move|p2a: Jirachi|Iron Head|p1a: ON THE BEACH
|-resisted|p1a: ON THE BEACH
|-damage|p1a: ON THE BEACH|314\/401
|
|-heal|p1a: ON THE BEACH|339\/401|[from] item: Leftovers
|turn|9
|
|switch|p1a: SLS|Beedrill-Mega, F|272\/272
|move|p2a: Jirachi|Energy Ball|p1a: SLS
|-resisted|p1a: SLS
|-damage|p1a: SLS|246\/272
|-unboost|p1a: SLS|spd|1
|
|turn|10
|
|move|p1a: SLS|U-turn|p2a: Jirachi
|-damage|p2a: Jirachi|143\/341
|c|âbouff|nonono
|c| Omfuga|wtf
|join|Calloflochie
|c| Omfuga|that sprite
|c| Omfuga|omfl
|c| Omfuga|beedrill is a fucking savage
|c| Omfuga|goddamn
|
|switch|p1a: RECOGNIZE|Jirachi|40\/341
|move|p2a: Jirachi|Iron Head|p1a: RECOGNIZE
|-resisted|p1a: RECOGNIZE
|-damage|p1a: RECOGNIZE|0 fnt
|faint|p1a: RECOGNIZE
|
|
|switch|p1a: SLS|Beedrill-Mega, F|246\/272
|turn|11
|
|switch|p2a: Beedrill|Beedrill, F|272\/272
|move|p1a: SLS|U-turn|p2a: Beedrill
|-resisted|p2a: Beedrill
|-damage|p2a: Beedrill|91\/272
|
|switch|p1a: EAST LIBERTY|Crobat, M|252\/335
|
|turn|12
|
|detailschange|p2a: Beedrill|Beedrill-Mega, F
|message|Beedrill has Mega Evolved into Mega Beedrill!
|move|p2a: Beedrill|Protect|p2a: Beedrill
|-singleturn|p2a: Beedrill|Protect
|move|p1a: EAST LIBERTY|Roost|p1a: EAST LIBERTY
|-heal|p1a: EAST LIBERTY|335\/335
|
|turn|13
|
|move|p2a: Beedrill|U-turn|p1a: EAST LIBERTY
|-resisted|p1a: EAST LIBERTY
|-damage|p1a: EAST LIBERTY|280\/335
|
|switch|p2a: Jirachi|Jirachi|143\/341
|move|p1a: EAST LIBERTY|U-turn|p2a: Jirachi
|-damage|p2a: Jirachi|84\/341
|
|switch|p1a: SLS|Beedrill-Mega, F|246\/272
|
|turn|14
|
|move|p1a: SLS|U-turn|p2a: Jirachi
|-damage|p2a: Jirachi|0 fnt
|faint|p2a: Jirachi
|
|switch|p1a: EAST LIBERTY|Crobat, M|280\/335
|
|
|switch|p2a: Zygarde|Zygarde|357\/357
|-ability|p2a: Zygarde|Aura Break
|turn|15
|
|move|p2a: Zygarde|Extreme Speed|p1a: EAST LIBERTY
|-damage|p1a: EAST LIBERTY|181\/335
|move|p1a: EAST LIBERTY|U-turn|p2a: Zygarde
|-damage|p2a: Zygarde|304\/357
|
|switch|p1a: ON THE BEACH|Swampert, F|339\/401
|
|-heal|p1a: ON THE BEACH|364\/401|[from] item: Leftovers
|turn|16
|
|switch|p1a: SLS|Beedrill-Mega, F|246\/272
|move|p2a: Zygarde|Earthquake|p1a: SLS
|-damage|p1a: SLS|0 fnt
|faint|p1a: SLS
|
|c|âbouff|weftergeher
|
|switch|p1a: ON THE BEACH|Swampert, F|364\/401
|turn|17
|
|move|p2a: Zygarde|Dragon Dance|p2a: Zygarde
|-boost|p2a: Zygarde|atk|1
|-boost|p2a: Zygarde|spe|1
|move|p1a: ON THE BEACH|Stealth Rock|p2a: Zygarde
|-sidestart|p2: dont know why|move: Stealth Rock
|
|-heal|p1a: ON THE BEACH|389\/401|[from] item: Leftovers
|turn|18
|
|move|p2a: Zygarde|Outrage|p1a: ON THE BEACH
|-crit|p1a: ON THE BEACH
|-damage|p1a: ON THE BEACH|40\/401
|move|p1a: ON THE BEACH|Roar|p2a: Zygarde
|drag|p2a: Beedrill|Beedrill-Mega, F|91\/272
|-damage|p2a: Beedrill|23\/272|[from] Stealth Rock
|
|-heal|p1a: ON THE BEACH|65\/401|[from] item: Leftovers
|turn|19
|c|âbouff|standard
|
|move|p2a: Beedrill|Knock Off|p1a: ON THE BEACH
|-damage|p1a: ON THE BEACH|0 fnt
|-enditem|p1a: ON THE BEACH|Leftovers|[from] move: Knock Off|[of] p2a: Beedrill
|faint|p1a: ON THE BEACH
|
|join|Ajna
|
|switch|p1a: EAST LIBERTY|Crobat, M|181\/335
|turn|20
|
|move|p2a: Beedrill|Knock Off|p1a: EAST LIBERTY
|-crit|p1a: EAST LIBERTY
|-damage|p1a: EAST LIBERTY|0 fnt
|-enditem|p1a: EAST LIBERTY|Sky Plate|[from] move: Knock Off|[of] p2a: Beedrill
|faint|p1a: EAST LIBERTY
|
|c| Ajna|bop
|c|âbouff|nice!
|-message|bouff forfeited.
|leave|bouff
|
|win|dont know why
|raw|Ladder updating...
|player|p1
|leave|Ajna
|raw|bouff's rating: 1506 &rarr; <strong>1485<\/strong><br \/>(-21 for losing)
|raw|dont know why's rating: 1491 &rarr; <strong>1512<\/strong><br \/>(+21 for winning)
|leave|PURRL
|leave|Calloflochie
|leave|Omfuga