|join|amberrlamps
|join|bouff
|player|p1|amberrlamps|291
|player|p2|bouff|176
|gametype|singles
|gen|6
|tier|UU
|rule|Sleep Clause Mod: Limit one foe put to sleep
|rule|Species Clause: Limit one of each PokÃ©mon
|rule|OHKO Clause: OHKO moves are banned
|rule|Moody Clause: Moody is banned
|rule|Evasion Moves Clause: Evasion moves are banned
|rule|Endless Battle Clause: Forcing endless battles is banned
|rule|HP Percentage Mod: HP is shown in percentages
|clearpoke
|poke|p1|Forretress, F
|poke|p1|Cresselia, F
|poke|p1|Toxicroak, M
|poke|p1|Swampert, F
|poke|p1|Hydreigon, M
|poke|p1|Altaria, F
|poke|p2|Suicune
|poke|p2|Diancie
|poke|p2|Crobat, M
|poke|p2|Jirachi
|poke|p2|Nidoqueen, F
|poke|p2|Mienshao, F
|rule|Swagger Clause: Swagger is banned
|rule|Baton Pass Clause: Limit one PokÃ©mon knowing Baton Pass
|teampreview
|c|âbouff|hf
|c|âamberrlamps|you too
|
|start
|switch|p1a: Hydreigon|Hydreigon, M|325\/325
|switch|p2a: Nidoqueen|Nidoqueen, F|361\/361
|turn|1
|
|move|p1a: Hydreigon|U-turn|p2a: Nidoqueen
|-resisted|p2a: Nidoqueen
|-damage|p2a: Nidoqueen|328\/361
|join|galbia
|
|switch|p1a: Swampert|Swampert, F|401\/401
|move|p2a: Nidoqueen|Stealth Rock|p1a: Swampert
|-sidestart|p1: amberrlamps|move: Stealth Rock
|
|turn|2
|
|switch|p2a: Suicune|Suicune|404\/404
|-ability|p2a: Suicune|Pressure
|move|p1a: Swampert|Stealth Rock|p2a: Suicune
|-sidestart|p2: bouff|move: Stealth Rock
|
|turn|3
|
|switch|p1a: Toxicroak|Toxicroak, M|307\/307
|-damage|p1a: Toxicroak|288\/307|[from] Stealth Rock
|move|p2a: Suicune|Scald|p1a: Toxicroak
|-heal|p1a: Toxicroak|307\/307|[from] ability: Dry Skin|[of] p2a: Suicune
|
|turn|4
|
|switch|p2a: Crobat|Crobat, M|335\/335
|-damage|p2a: Crobat|252\/335|[from] Stealth Rock
|move|p1a: Toxicroak|Gunk Shot|p2a: Crobat
|-resisted|p2a: Crobat
|-damage|p2a: Crobat|101\/335
|-damage|p1a: Toxicroak|277\/307|[from] item: Life Orb
|
|turn|5
|
|switch|p1a: Forretress|Forretress, F|353\/353
|-damage|p1a: Forretress|309\/353|[from] Stealth Rock
|move|p2a: Crobat|Roost|p2a: Crobat
|-heal|p2a: Crobat|269\/335
|
|-heal|p1a: Forretress|331\/353|[from] item: Leftovers
|turn|6
|
|move|p2a: Crobat|U-turn|p1a: Forretress
|-resisted|p1a: Forretress
|-damage|p1a: Forretress|314\/353
|
|switch|p2a: Suicune|Suicune|404\/404
|-damage|p2a: Suicune|354\/404|[from] Stealth Rock
|-ability|p2a: Suicune|Pressure
|move|p1a: Forretress|Gyro Ball|p2a: Suicune
|-resisted|p2a: Suicune
|-damage|p2a: Suicune|333\/404
|
|-heal|p2a: Suicune|358\/404|[from] item: Leftovers
|-heal|p1a: Forretress|336\/353|[from] item: Leftovers
|turn|7
|
|move|p2a: Suicune|Calm Mind|p2a: Suicune
|-boost|p2a: Suicune|spa|1
|-boost|p2a: Suicune|spd|1
|move|p1a: Forretress|Rapid Spin|p2a: Suicune
|-damage|p2a: Suicune|346\/404
|-sideend|p1: amberrlamps|Stealth Rock|[from] move: Rapid Spin|[of] p1a: Forretress
|
|-heal|p2a: Suicune|371\/404|[from] item: Leftovers
|-heal|p1a: Forretress|353\/353|[from] item: Leftovers
|turn|8
|
|switch|p1a: Toxicroak|Toxicroak, M|277\/307
|move|p2a: Suicune|Substitute|p2a: Suicune
|-start|p2a: Suicune|Substitute
|-damage|p2a: Suicune|270\/404
|
|-heal|p2a: Suicune|295\/404|[from] item: Leftovers
|turn|9
|c|âamberrlamps|extrasensory yy
|
|move|p1a: Toxicroak|Drain Punch|p2a: Suicune
|-end|p2a: Suicune|Substitute
|-heal|p1a: Toxicroak|307\/307|[from] drain|[of] p2a: Suicune
|-damage|p1a: Toxicroak|277\/307|[from] item: Life Orb
|move|p2a: Suicune|Ice Beam|p1a: Toxicroak
|-damage|p1a: Toxicroak|133\/307
|
|-heal|p2a: Suicune|320\/404|[from] item: Leftovers
|turn|10
|join|B is for Brutus
|c|âbouff|n :[
|c|âamberrlamps|i never see this kind of set on PO
|
|move|p1a: Toxicroak|Drain Punch|p2a: Suicune
|-damage|p2a: Suicune|206\/404
|-heal|p1a: Toxicroak|190\/307|[from] drain|[of] p2a: Suicune
|-damage|p1a: Toxicroak|160\/307|[from] item: Life Orb
|move|p2a: Suicune|Ice Beam|p1a: Toxicroak
|-damage|p1a: Toxicroak|31\/307
|
|-heal|p2a: Suicune|231\/404|[from] item: Leftovers
|turn|11
|c|âbouff|lol
|c|âbouff|its good here
|
|move|p1a: Toxicroak|Gunk Shot|p2a: Suicune
|-damage|p2a: Suicune|35\/404
|-damage|p1a: Toxicroak|1\/307|[from] item: Life Orb
|move|p2a: Suicune|Ice Beam|p1a: Toxicroak
|-damage|p1a: Toxicroak|0 fnt
|faint|p1a: Toxicroak
|
|-heal|p2a: Suicune|60\/404|[from] item: Leftovers
|
|switch|p1a: Altaria|Altaria, F|307\/307
|turn|12
|
|detailschange|p1a: Altaria|Altaria-Mega, F
|message|Altaria has Mega Evolved into Mega Altaria!
|move|p1a: Altaria|Frustration|p2a: Suicune
|-damage|p2a: Suicune|0 fnt
|faint|p2a: Suicune
|
|
|switch|p2a: Nidoqueen|Nidoqueen, F|328\/361
|-damage|p2a: Nidoqueen|306\/361|[from] Stealth Rock
|turn|13
|join|Mr YooP
|
|switch|p1a: Swampert|Swampert, F|401\/401
|move|p2a: Nidoqueen|Sludge Wave|p1a: Swampert
|-resisted|p1a: Swampert
|-damage|p1a: Swampert|297\/401
|
|-heal|p1a: Swampert|322\/401|[from] item: Leftovers
|turn|14
|c|+galbia|isnt that like better than cro nowadays
|leave|Mr YooP
|
|move|p2a: Nidoqueen|Earth Power|p1a: Swampert
|-crit|p1a: Swampert
|-damage|p1a: Swampert|9\/401
|move|p1a: Swampert|Scald|p2a: Nidoqueen
|-supereffective|p2a: Nidoqueen
|-damage|p2a: Nidoqueen|6\/361
|
|-heal|p1a: Swampert|34\/401|[from] item: Leftovers
|turn|15
|c|âbouff|eh
|c|âamberrlamps|.-.
|c|âbouff|kinda
|c|+galbia|in tournament games you only see cm ice beam tailwind
|c|+galbia|or sub
|
|move|p2a: Nidoqueen|Sludge Wave|p1a: Swampert
|-resisted|p1a: Swampert
|-damage|p1a: Swampert|0 fnt
|faint|p1a: Swampert
|
|c|âbouff|i like roar in this meta too though
|c|+galbia|uh yea roar
|
|switch|p1a: Hydreigon|Hydreigon, M|325\/325
|turn|16
|
|move|p1a: Hydreigon|U-turn|p2a: Nidoqueen
|-resisted|p2a: Nidoqueen
|-damage|p2a: Nidoqueen|0 fnt
|faint|p2a: Nidoqueen
|
|switch|p1a: Forretress|Forretress, F|353\/353
|
|join|The leprechaun
|
|switch|p2a: Jirachi|Jirachi|341\/341
|-damage|p2a: Jirachi|320\/341|[from] Stealth Rock
|turn|17
|
|move|p2a: Jirachi|Fire Punch|p1a: Forretress
|-supereffective|p1a: Forretress
|-damage|p1a: Forretress|173\/353
|move|p1a: Forretress|Earthquake|p2a: Jirachi
|-supereffective|p2a: Jirachi
|-damage|p2a: Jirachi|164\/341
|
|-heal|p1a: Forretress|195\/353|[from] item: Leftovers
|turn|18
|
|switch|p2a: Crobat|Crobat, M|269\/335
|-damage|p2a: Crobat|186\/335|[from] Stealth Rock
|switch|p1a: Hydreigon|Hydreigon, M|325\/325
|
|turn|19
|
|move|p1a: Hydreigon|Draco Meteor|p2a: Crobat|[miss]
|-miss|p1a: Hydreigon|p2a: Crobat
|move|p2a: Crobat|Defog|p1a: Hydreigon
|-unboost|p1a: Hydreigon|evasion|1
|-sideend|p2: bouff|Stealth Rock|[from] move: Defog|[of] p2a: Crobat
|
|turn|20
|c|âbouff|o
|c|âbouff|sorE
|c|âamberrlamps|.....
|c|âamberrlamps|np
|
|switch|p1a: Forretress|Forretress, F|195\/353
|move|p2a: Crobat|U-turn|p1a: Forretress
|-resisted|p1a: Forretress
|-damage|p1a: Forretress|177\/353
|
|switch|p2a: Jirachi|Jirachi|164\/341
|
|-heal|p1a: Forretress|199\/353|[from] item: Leftovers
|turn|21
|
|switch|p1a: Cresselia|Cresselia, F|443\/443
|move|p2a: Jirachi|Fire Punch|p1a: Cresselia
|-damage|p1a: Cresselia|396\/443
|
|-heal|p1a: Cresselia|423\/443|[from] item: Leftovers
|turn|22
|
|switch|p2a: Mienshao|Mienshao, F|271\/271
|move|p1a: Cresselia|Calm Mind|p1a: Cresselia
|-boost|p1a: Cresselia|spa|1
|-boost|p1a: Cresselia|spd|1
|
|-heal|p1a: Cresselia|443\/443|[from] item: Leftovers
|turn|23
|
|move|p2a: Mienshao|Knock Off|p1a: Cresselia
|-crit|p1a: Cresselia
|-supereffective|p1a: Cresselia
|-damage|p1a: Cresselia|157\/443
|-enditem|p1a: Cresselia|Leftovers|[from] move: Knock Off|[of] p2a: Mienshao
|-damage|p2a: Mienshao|244\/271|[from] item: Life Orb
|move|p1a: Cresselia|Psyshock|p2a: Mienshao
|-supereffective|p2a: Mienshao
|-damage|p2a: Mienshao|0 fnt
|faint|p2a: Mienshao
|
|c|âbouff|ugh
|c|âamberrlamps|.-.
|c|âbouff|thts lame
|
|switch|p2a: Diancie|Diancie|241\/241
|turn|24
|
|detailschange|p2a: Diancie|Diancie-Mega
|message|Diancie has Mega Evolved into Mega Diancie!
|move|p1a: Cresselia|Psyshock|p2a: Diancie
|-damage|p2a: Diancie|139\/241
|move|p2a: Diancie|Diamond Storm|p1a: Cresselia
|-damage|p1a: Cresselia|45\/443
|
|turn|25
|
|move|p2a: Diancie|Diamond Storm|p1a: Cresselia
|-crit|p1a: Cresselia
|-damage|p1a: Cresselia|0 fnt
|-boost|p2a: Diancie|def|1
|faint|p1a: Cresselia
|
|
|switch|p1a: Hydreigon|Hydreigon, M|325\/325
|turn|26
|
|move|p1a: Hydreigon|Iron Tail|p2a: Diancie|[miss]
|-miss|p1a: Hydreigon|p2a: Diancie
|move|p2a: Diancie|Moonblast|p1a: Hydreigon
|-supereffective|p1a: Hydreigon
|-damage|p1a: Hydreigon|0 fnt
|faint|p1a: Hydreigon
|
|c|âamberrlamps|NO
|c|âamberrlamps|NO
|c|âamberrlamps|NO
|c|âamberrlamps|FUUUUUU
|
|switch|p1a: Forretress|Forretress, F|199\/353
|turn|27
|c|âbouff|ya this game was lame af
|c|âamberrlamps|lmao
|c|âbouff|we can
|c|âbouff|play another
|join|Sowwy
|
|move|p2a: Diancie|Earth Power|p1a: Forretress
|-damage|p1a: Forretress|0 fnt
|faint|p1a: Forretress
|
|
|switch|p1a: Altaria|Altaria-Mega, F|307\/307
|turn|28
|c|âamberrlamps|k lol
|
|move|p2a: Diancie|Moonblast|p1a: Altaria
|-supereffective|p1a: Altaria
|-damage|p1a: Altaria|0 fnt
|faint|p1a: Altaria
|
|win|bouff
|leave|Sowwy