|join|bouff
|join|Bl153
|player|p1|bouff|137
|player|p2|Bl153|101
|gametype|singles
|gen|6
|tier|UU
|rated
|rule|Sleep Clause Mod: Limit one foe put to sleep
|rule|Species Clause: Limit one of each PokÃ©mon
|rule|OHKO Clause: OHKO moves are banned
|rule|Moody Clause: Moody is banned
|rule|Evasion Moves Clause: Evasion moves are banned
|rule|Endless Battle Clause: Forcing endless battles is banned
|rule|HP Percentage Mod: HP is shown in percentages
|clearpoke
|poke|p1|Slowking, M
|poke|p1|Diancie
|poke|p1|Cofagrigus, F
|poke|p1|Rhyperior, M
|poke|p1|Escavalier, F
|poke|p1|Omastar, F
|poke|p2|Altaria, F
|poke|p2|Amoonguss, M
|poke|p2|Azelf
|poke|p2|Empoleon, M
|poke|p2|Arcanine, M
|poke|p2|Mienshao, M
|rule|Swagger Clause: Swagger is banned
|rule|Baton Pass Clause: Limit one PokÃ©mon knowing Baton Pass
|teampreview
|c|âBl153|gl hf
|join|SpicyBoy
|c|âBl153|u play every tier dont u?
|c|âbouff|y
|c|âbouff|;]
|join|Dudeman130498
|c|âBl153|this looks like a TR version of CTC's spike stacking offense but for UU thats y
|join|Meruu
|join|purrl
|c|âbouff|>ctc
|c| Dudeman130498|n_n
|c|âbouff|h u e
|join|Nas
|c|âBl153|And I know I battled u in RU
|join|namehtmas
|
|start
|switch|p1a: 'SMASHING'|Omastar, F|281\/281
|switch|p2a: Azelf|Azelf|291\/291
|turn|1
|leave|Meruu
|leave|Nas
|
|move|p2a: Azelf|Grass Knot|p1a: 'SMASHING'
|-supereffective|p1a: 'SMASHING'
|-enditem|p1a: 'SMASHING'|Focus Sash
|-damage|p1a: 'SMASHING'|1\/281
|-damage|p2a: Azelf|262\/291|[from] item: Life Orb
|move|p1a: 'SMASHING'|Scald|p2a: Azelf
|-damage|p2a: Azelf|79\/291
|-status|p2a: Azelf|brn
|
|-damage|p2a: Azelf|43\/291 brn|[from] brn
|turn|2
|c| SpicyBoy|Wait why are they leaving damn it?
|join|Meruu
|
|move|p2a: Azelf|Flamethrower|p1a: 'SMASHING'
|-resisted|p1a: 'SMASHING'
|-damage|p1a: 'SMASHING'|0 fnt
|-damage|p2a: Azelf|14\/291 brn|[from] item: Life Orb
|faint|p1a: 'SMASHING'
|
|-damage|p2a: Azelf|0 fnt|[from] brn
|faint|p2a: Azelf
|join|baenail
|
|switch|p2a: Mienshao|Mienshao, M|271\/271
|switch|p1a: 'KNOCK OFF'|Slowking, M|394\/394
|turn|3
|
|move|p2a: Mienshao|U-turn|p1a: 'KNOCK OFF'
|-supereffective|p1a: 'KNOCK OFF'
|-damage|p1a: 'KNOCK OFF'|192\/394
|
|switch|p2a: Empoleon|Empoleon, M|371\/371
|move|p1a: 'KNOCK OFF'|Trick Room|p1a: 'KNOCK OFF'
|-fieldstart|move: Trick Room|[of] p1a: 'KNOCK OFF'
|
|turn|4
|
|switch|p1a: 'FORRETRESS'|Cofagrigus, F|320\/320
|move|p2a: Empoleon|Scald|p1a: 'FORRETRESS'
|-damage|p1a: 'FORRETRESS'|212\/320
|
|-heal|p1a: 'FORRETRESS'|232\/320|[from] item: Leftovers
|turn|5
|
|move|p1a: 'FORRETRESS'|Nasty Plot|p1a: 'FORRETRESS'
|-boost|p1a: 'FORRETRESS'|spa|2
|move|p2a: Empoleon|Scald|p1a: 'FORRETRESS'
|-damage|p1a: 'FORRETRESS'|132\/320
|
|-heal|p1a: 'FORRETRESS'|152\/320|[from] item: Leftovers
|turn|6
|
|move|p1a: 'FORRETRESS'|Shadow Ball|p2a: Empoleon
|-damage|p2a: Empoleon|172\/371
|-unboost|p2a: Empoleon|spd|1
|move|p2a: Empoleon|Scald|p1a: 'FORRETRESS'
|-damage|p1a: 'FORRETRESS'|52\/320
|
|-heal|p1a: 'FORRETRESS'|72\/320|[from] item: Leftovers
|-heal|p2a: Empoleon|195\/371|[from] item: Leftovers
|turn|7
|
|switch|p2a: Arcanine|Arcanine, M|383\/383
|-ability|p2a: Arcanine|Intimidate|[of] p1a: 'FORRETRESS'
|-unboost|p1a: 'FORRETRESS'|atk|1
|move|p1a: 'FORRETRESS'|Shadow Ball|p2a: Arcanine
|-damage|p2a: Arcanine|61\/383
|
|-heal|p1a: 'FORRETRESS'|92\/320|[from] item: Leftovers
|-heal|p2a: Arcanine|84\/383|[from] item: Leftovers
|-fieldend|move: Trick Room
|turn|8
|
|move|p2a: Arcanine|Flare Blitz|p1a: 'FORRETRESS'
|-damage|p1a: 'FORRETRESS'|0 fnt
|-endability|p2a: Arcanine|intimidate|[from] Mummy
|-ability|p2a: Arcanine|Mummy|[from] Mummy
|-damage|p2a: Arcanine|54\/383|[from] recoil|[of] p1a: 'FORRETRESS'
|faint|p1a: 'FORRETRESS'
|
|-heal|p2a: Arcanine|77\/383|[from] item: Leftovers
|
|switch|p1a: 'KNOCK OFF'|Slowking, M|323\/394
|turn|9
|
|move|p2a: Arcanine|Morning Sun|p2a: Arcanine
|-heal|p2a: Arcanine|268\/383
|move|p1a: 'KNOCK OFF'|Trick Room|p1a: 'KNOCK OFF'
|-fieldstart|move: Trick Room|[of] p1a: 'KNOCK OFF'
|
|-heal|p2a: Arcanine|291\/383|[from] item: Leftovers
|turn|10
|
|switch|p2a: Empoleon|Empoleon, M|195\/371
|move|p1a: 'KNOCK OFF'|Nasty Plot|p1a: 'KNOCK OFF'
|-boost|p1a: 'KNOCK OFF'|spa|2
|
|-heal|p2a: Empoleon|218\/371|[from] item: Leftovers
|turn|11
|
|move|p1a: 'KNOCK OFF'|Psyshock|p2a: Empoleon
|-resisted|p2a: Empoleon
|-damage|p2a: Empoleon|83\/371
|move|p2a: Empoleon|Scald|p1a: 'KNOCK OFF'
|-resisted|p1a: 'KNOCK OFF'
|-damage|p1a: 'KNOCK OFF'|253\/394
|
|-heal|p2a: Empoleon|106\/371|[from] item: Leftovers
|turn|12
|
|switch|p2a: Arcanine|Arcanine, M|291\/383
|-ability|p2a: Arcanine|Intimidate|[of] p1a: 'KNOCK OFF'
|-unboost|p1a: 'KNOCK OFF'|atk|1
|move|p1a: 'KNOCK OFF'|Psyshock|p2a: Arcanine
|-damage|p2a: Arcanine|83\/383
|
|-heal|p2a: Arcanine|106\/383|[from] item: Leftovers
|turn|13
|join|3D Gameboy
|c| SpicyBoy|Not one scald burn for you Matt
|c|âBl153|IK man IK...
|
|move|p2a: Arcanine|Extreme Speed|p1a: 'KNOCK OFF'
|-damage|p1a: 'KNOCK OFF'|166\/394
|move|p1a: 'KNOCK OFF'|Psyshock|p2a: Arcanine
|-damage|p2a: Arcanine|0 fnt
|faint|p2a: Arcanine
|
|-fieldend|move: Trick Room
|
|switch|p2a: Mienshao|Mienshao, M|271\/271
|turn|14
|
|move|p2a: Mienshao|U-turn|p1a: 'KNOCK OFF'
|-supereffective|p1a: 'KNOCK OFF'
|-damage|p1a: 'KNOCK OFF'|0 fnt
|faint|p1a: 'KNOCK OFF'
|c|âbouff|o
|c|âbouff|i choked
|leave|3D Gameboy
|c|âbouff|yet again
|c|âBl153|yep man sorry
|c|âbouff|yep!!!
|
|switch|p2a: Empoleon|Empoleon, M|106\/371
|
|-heal|p2a: Empoleon|129\/371|[from] item: Leftovers
|
|switch|p1a: 'OFFENSE'|Diancie|241\/241
|turn|15
|
|move|p2a: Empoleon|Flash Cannon|p1a: 'OFFENSE'
|-supereffective|p1a: 'OFFENSE'
|-damage|p1a: 'OFFENSE'|0 fnt
|faint|p1a: 'OFFENSE'
|
|-heal|p2a: Empoleon|152\/371|[from] item: Leftovers
|c|âbouff|ah
|c|âbouff|drat.
|
|switch|p1a: 'RESIST'|Escavalier, F|344\/344
|turn|16
|c|âBl153|yep got to handle threats lol
|c|âBl153|thats y its their :p
|c|âbouff|y its their :pppppppppppppp
|c|âBl153|does Diancie get TR too?
|c|âBl153|I forget
|c|âbouff|no i dont think so ;P
|c|âbouff|:PPPP
|c|âbouff|i coulod
|
|switch|p2a: Altaria|Altaria, F|291\/291
|move|p1a: 'RESIST'|Knock Off|p2a: Altaria
|-damage|p2a: Altaria|158\/291
|
|turn|17
|c|âbouff|be rong!
|join|Nas
|
|move|p2a: Altaria|Dragon Dance|p2a: Altaria
|-boost|p2a: Altaria|atk|1
|-boost|p2a: Altaria|spe|1
|move|p1a: 'RESIST'|Knock Off|p2a: Altaria
|-damage|p2a: Altaria|3\/291
|
|turn|18
|
|detailschange|p2a: Altaria|Altaria-Mega, F
|message|Altaria has Mega Evolved into Mega Altaria!
|move|p2a: Altaria|Body Slam|p1a: 'RESIST'
|-resisted|p1a: 'RESIST'
|-damage|p1a: 'RESIST'|202\/344
|-status|p1a: 'RESIST'|par
|move|p1a: 'RESIST'|Knock Off|p2a: Altaria
|-resisted|p2a: Altaria
|-damage|p2a: Altaria|0 fnt
|faint|p2a: Altaria
|
|join|Bob the Bro
|join|interplanet janet
|c|âbouff|huh..
|c|âbouff|why not
|
|switch|p2a: Mienshao|Mienshao, M|271\/271
|turn|19
|c|âbouff|run frustration
|c|âbouff|;o
|c| SpicyBoy|See I'm not the only one
|c|âBl153|para chance lol its not max speed
|c|âBl153|plus its Adamant
|c|âbouff|but ur outspeeding nearly
|c| SpicyBoy|That is good thinking though
|c|âbouff|everything by boosting anyway
|
|move|p2a: Mienshao|High Jump Kick|p1a: 'RESIST'
|-damage|p1a: 'RESIST'|0 fnt
|faint|p1a: 'RESIST'
|
|
|switch|p1a: 'COUNTER'|Rhyperior, M|434\/434
|turn|20
|
|move|p2a: Mienshao|High Jump Kick|p1a: 'COUNTER'
|-supereffective|p1a: 'COUNTER'
|-damage|p1a: 'COUNTER'|118\/434
|move|p1a: 'COUNTER'|Earthquake|p2a: Mienshao
|-damage|p2a: Mienshao|0 fnt
|-damage|p1a: 'COUNTER'|75\/434|[from] item: Life Orb
|faint|p2a: Mienshao
|
|leave|SpicyBoy
|c|âbouff|G_GG
|-message|bouff forfeited.
|
|win|Bl153
|raw|Ladder updating...
|leave|bouff
|player|p1
|c|âBl153|I love the Life Orb TR one
|leave|Nas
|c|âBl153|gg
|raw|bouff's rating: 1373 &rarr; <strong>1353<\/strong><br \/>(-20 for losing)
|raw|Bl153's rating: 1363 &rarr; <strong>1383<\/strong><br \/>(+20 for winning)
|leave|Bob the Bro
|leave|interplanet janet
|join|interplanet janet
|leave|interplanet janet