|join|Will-I-am2
|join|ladder troll haha
|player|p1|Will-I-am2|266
|player|p2|ladder troll haha|5
|gametype|singles
|gen|6
|tier|OU
|rated
|clearpoke
|poke|p1|Registeel
|poke|p1|Mamoswine, M
|poke|p1|Hydreigon, M
|poke|p1|Slowbro, F
|poke|p1|Yanmega, M
|poke|p1|Xatu, M
|poke|p2|Sableye, M
|poke|p2|Landorus-Therian, M
|poke|p2|Chesnaught, M
|poke|p2|Clefable, F
|poke|p2|Empoleon, F
|poke|p2|Dragonite, M
|rule|Swagger Clause: Swagger is banned
|rule|Baton Pass Clause: Limit one PokÃ©mon knowing Baton Pass
|rule|Sleep Clause Mod: Limit one foe put to sleep
|rule|Species Clause: Limit one of each PokÃ©mon
|rule|OHKO Clause: OHKO moves are banned
|rule|Moody Clause: Moody is banned
|rule|Evasion Moves Clause: Evasion moves are banned
|rule|Endless Battle Clause: Forcing endless battles is banned
|rule|HP Percentage Mod: HP is shown in percentages
|teampreview
|
|start
|switch|p1a: Hydreigon|Hydreigon, M|333\/333
|switch|p2a: Sableye|Sableye, M|303\/303
|turn|1
|
|detailschange|p2a: Sableye|Sableye-Mega, M
|message|Sableye has Mega Evolved into Mega Sableye!
|move|p2a: Sableye|Calm Mind|p2a: Sableye
|-boost|p2a: Sableye|spa|1
|-boost|p2a: Sableye|spd|1
|move|p1a: Hydreigon|Dark Pulse|p2a: Sableye
|-damage|p2a: Sableye|170\/303
|
|turn|2
|
|switch|p2a: Clefable|Clefable, F|394\/394
|move|p1a: Hydreigon|Dark Pulse|p2a: Clefable
|-resisted|p2a: Clefable
|-damage|p2a: Clefable|311\/394
|
|-heal|p2a: Clefable|335\/394|[from] item: Leftovers
|turn|3
|
|switch|p1a: Registeel|Registeel|364\/364
|move|p2a: Clefable|Wish|p2a: Clefable
|
|-heal|p2a: Clefable|359\/394|[from] item: Leftovers
|turn|4
|
|switch|p2a: Sableye|Sableye-Mega, M|170\/303
|switch|p1a: Hydreigon|Hydreigon, M|333\/333
|
|-heal|p2a: Sableye|303\/303|[from] move: Wish|[wisher] Clefable
|turn|5
|
|switch|p2a: Clefable|Clefable, F|359\/394
|move|p1a: Hydreigon|Dark Pulse|p2a: Clefable
|-resisted|p2a: Clefable
|-damage|p2a: Clefable|269\/394
|
|-heal|p2a: Clefable|293\/394|[from] item: Leftovers
|turn|6
|
|switch|p1a: Registeel|Registeel|364\/364
|switch|p2a: Empoleon|Empoleon, F|369\/369
|
|turn|7
|
|switch|p1a: Xatu|Xatu, M|334\/334
|move|p2a: Empoleon|Scald|p1a: Xatu
|-damage|p1a: Xatu|168\/334
|-status|p1a: Xatu|brn
|
|-damage|p1a: Xatu|127\/334 brn|[from] brn
|turn|8
|c|âladder troll haha|xatu
|c|âladder troll haha|2014
|c|âladder troll haha|almost 2015
|
|move|p1a: Xatu|Roost|p1a: Xatu
|-heal|p1a: Xatu|294\/334 brn
|move|p2a: Empoleon|Scald|p1a: Xatu
|-crit|p1a: Xatu
|-damage|p1a: Xatu|48\/334 brn
|
|-damage|p1a: Xatu|7\/334 brn|[from] brn
|turn|9
|c|âWill-I-am2|yes
|
|switch|p1a: Hydreigon|Hydreigon, M|333\/333
|move|p2a: Empoleon|Scald|p1a: Hydreigon
|-resisted|p1a: Hydreigon
|-damage|p1a: Hydreigon|273\/333
|-status|p1a: Hydreigon|brn
|
|-damage|p1a: Hydreigon|232\/333 brn|[from] brn
|turn|10
|
|move|p1a: Hydreigon|Dark Pulse|p2a: Empoleon
|-damage|p2a: Empoleon|212\/369
|move|p2a: Empoleon|Stealth Rock|p1a: Hydreigon
|-sidestart|p1: Will-I-am2|move: Stealth Rock
|
|-heal|p2a: Empoleon|235\/369|[from] item: Leftovers
|-damage|p1a: Hydreigon|191\/333 brn|[from] brn
|turn|11
|
|switch|p1a: Mamoswine|Mamoswine, M|424\/424
|-damage|p1a: Mamoswine|371\/424|[from] Stealth Rock
|switch|p2a: Clefable|Clefable, F|293\/394
|
|-heal|p2a: Clefable|317\/394|[from] item: Leftovers
|turn|12
|
|move|p2a: Clefable|Protect|p2a: Clefable
|-singleturn|p2a: Clefable|Protect
|move|p1a: Mamoswine|Knock Off|p2a: Clefable
|-activate|p2a: Clefable|Protect
|
|-heal|p2a: Clefable|341\/394|[from] item: Leftovers
|turn|13
|
|switch|p2a: Sableye|Sableye-Mega, M|303\/303
|move|p1a: Mamoswine|Icicle Crash|p2a: Sableye
|-damage|p2a: Sableye|207\/303
|
|turn|14
|
|switch|p1a: Xatu|Xatu, M|7\/334 brn
|-damage|p1a: Xatu|0 fnt|[from] Stealth Rock
|faint|p1a: Xatu
|move|p2a: Sableye|Recover|p2a: Sableye
|-heal|p2a: Sableye|303\/303
|
|
|switch|p1a: Hydreigon|Hydreigon, M|191\/333 brn
|-damage|p1a: Hydreigon|150\/333 brn|[from] Stealth Rock
|turn|15
|
|switch|p2a: Clefable|Clefable, F|341\/394
|move|p1a: Hydreigon|Flash Cannon|p2a: Clefable
|-supereffective|p2a: Clefable
|-damage|p2a: Clefable|119\/394
|
|-heal|p2a: Clefable|143\/394|[from] item: Leftovers
|-damage|p1a: Hydreigon|109\/333 brn|[from] brn
|turn|16
|
|switch|p1a: Mamoswine|Mamoswine, M|371\/424
|-damage|p1a: Mamoswine|318\/424|[from] Stealth Rock
|move|p2a: Clefable|Protect|p2a: Clefable
|-fail|p2a: Clefable
|
|-heal|p2a: Clefable|167\/394|[from] item: Leftovers
|turn|17
|
|move|p2a: Clefable|Protect|p2a: Clefable
|-singleturn|p2a: Clefable|Protect
|move|p1a: Mamoswine|Earthquake|p2a: Clefable
|-activate|p2a: Clefable|Protect
|
|-heal|p2a: Clefable|191\/394|[from] item: Leftovers
|turn|18
|
|switch|p2a: Sableye|Sableye-Mega, M|303\/303
|move|p1a: Mamoswine|Icicle Crash|p2a: Sableye
|-damage|p2a: Sableye|194\/303
|
|turn|19
|
|move|p1a: Mamoswine|Icicle Crash|p2a: Sableye
|-damage|p2a: Sableye|86\/303
|move|p2a: Sableye|Recover|p2a: Sableye
|-heal|p2a: Sableye|238\/303
|
|turn|20
|
|move|p1a: Mamoswine|Icicle Crash|p2a: Sableye
|-damage|p2a: Sableye|126\/303
|move|p2a: Sableye|Recover|p2a: Sableye
|-heal|p2a: Sableye|278\/303
|
|turn|21
|
|switch|p1a: Slowbro|Slowbro, F|394\/394
|-damage|p1a: Slowbro|345\/394|[from] Stealth Rock
|move|p2a: Sableye|Will-O-Wisp|p1a: Slowbro|[miss]
|-miss|p2a: Sableye|p1a: Slowbro
|
|-heal|p1a: Slowbro|369\/394|[from] item: Leftovers
|turn|22
|
|switch|p2a: Clefable|Clefable, F|191\/394
|move|p1a: Slowbro|Scald|p2a: Clefable
|-damage|p2a: Clefable|94\/394
|
|-heal|p2a: Clefable|118\/394|[from] item: Leftovers
|-heal|p1a: Slowbro|393\/394|[from] item: Leftovers
|turn|23
|
|move|p2a: Clefable|Wish|p2a: Clefable
|move|p1a: Slowbro|Scald|p2a: Clefable
|-damage|p2a: Clefable|13\/394
|
|-heal|p2a: Clefable|37\/394|[from] item: Leftovers
|-heal|p1a: Slowbro|394\/394|[from] item: Leftovers
|turn|24
|
|switch|p1a: Registeel|Registeel|364\/364
|-damage|p1a: Registeel|342\/364|[from] Stealth Rock
|move|p2a: Clefable|Protect|p2a: Clefable
|-fail|p2a: Clefable
|
|-heal|p2a: Clefable|234\/394|[from] move: Wish|[wisher] Clefable
|-heal|p2a: Clefable|258\/394|[from] item: Leftovers
|-heal|p1a: Registeel|364\/364|[from] item: Leftovers
|turn|25
|
|switch|p2a: Sableye|Sableye-Mega, M|278\/303
|switch|p1a: Hydreigon|Hydreigon, M|109\/333 brn
|-damage|p1a: Hydreigon|68\/333 brn|[from] Stealth Rock
|
|-damage|p1a: Hydreigon|27\/333 brn|[from] brn
|turn|26
|
|switch|p2a: Clefable|Clefable, F|258\/394
|move|p1a: Hydreigon|Draco Meteor|p2a: Clefable
|-immune|p2a: Clefable|[msg]
|
|-heal|p2a: Clefable|282\/394|[from] item: Leftovers
|-damage|p1a: Hydreigon|0 fnt|[from] brn
|faint|p1a: Hydreigon
|
|switch|p1a: Yanmega|Yanmega, M|314\/314
|-damage|p1a: Yanmega|157\/314|[from] Stealth Rock
|turn|27
|
|move|p1a: Yanmega|Air Slash|p2a: Clefable
|-damage|p2a: Clefable|140\/394
|-damage|p1a: Yanmega|126\/314|[from] item: Life Orb
|move|p2a: Clefable|Wish|p2a: Clefable
|
|-heal|p2a: Clefable|164\/394|[from] item: Leftovers
|-boost|p1a: Yanmega|spe|1|[from] ability: Speed Boost
|turn|28
|
|move|p2a: Clefable|Protect|p2a: Clefable
|-singleturn|p2a: Clefable|Protect
|move|p1a: Yanmega|Air Slash|p2a: Clefable
|-activate|p2a: Clefable|Protect
|
|-heal|p2a: Clefable|361\/394|[from] move: Wish|[wisher] Clefable
|-heal|p2a: Clefable|385\/394|[from] item: Leftovers
|-boost|p1a: Yanmega|spe|1|[from] ability: Speed Boost
|turn|29
|
|move|p1a: Yanmega|Air Slash|p2a: Clefable
|-damage|p2a: Clefable|251\/394
|-damage|p1a: Yanmega|95\/314|[from] item: Life Orb
|move|p2a: Clefable|Wish|p2a: Clefable
|
|-heal|p2a: Clefable|275\/394|[from] item: Leftovers
|-boost|p1a: Yanmega|spe|1|[from] ability: Speed Boost
|turn|30
|
|move|p1a: Yanmega|Air Slash|p2a: Clefable
|-damage|p2a: Clefable|146\/394
|-damage|p1a: Yanmega|64\/314|[from] item: Life Orb
|cant|p2a: Clefable|flinch
|
|-heal|p2a: Clefable|343\/394|[from] move: Wish|[wisher] Clefable
|-heal|p2a: Clefable|367\/394|[from] item: Leftovers
|-boost|p1a: Yanmega|spe|1|[from] ability: Speed Boost
|turn|31
|
|move|p2a: Clefable|Protect|p2a: Clefable
|-singleturn|p2a: Clefable|Protect
|move|p1a: Yanmega|Giga Drain|p2a: Clefable
|-activate|p2a: Clefable|Protect
|
|-heal|p2a: Clefable|391\/394|[from] item: Leftovers
|-boost|p1a: Yanmega|spe|1|[from] ability: Speed Boost
|turn|32
|
|move|p1a: Yanmega|Giga Drain|p2a: Clefable
|-damage|p2a: Clefable|303\/394
|-heal|p1a: Yanmega|108\/314|[from] drain|[of] p2a: Clefable
|-damage|p1a: Yanmega|77\/314|[from] item: Life Orb
|move|p2a: Clefable|Wish|p2a: Clefable
|
|-heal|p2a: Clefable|327\/394|[from] item: Leftovers
|-boost|p1a: Yanmega|spe|1|[from] ability: Speed Boost
|turn|33
|
|move|p1a: Yanmega|Air Slash|p2a: Clefable
|-damage|p2a: Clefable|181\/394
|-damage|p1a: Yanmega|46\/314|[from] item: Life Orb
|move|p2a: Clefable|Moonblast|p1a: Yanmega
|-damage|p1a: Yanmega|0 fnt
|faint|p1a: Yanmega
|
|-heal|p2a: Clefable|378\/394|[from] move: Wish|[wisher] Clefable
|-heal|p2a: Clefable|394\/394|[from] item: Leftovers
|
|switch|p1a: Slowbro|Slowbro, F|394\/394
|-damage|p1a: Slowbro|345\/394|[from] Stealth Rock
|turn|34
|c|âladder troll haha|if i would rank ur team
|c|âladder troll haha|it is 100% uncompatible in the current meta
|c|âladder troll haha|o.o
|
|switch|p2a: Chesnaught|Chesnaught, M|379\/379
|move|p1a: Slowbro|Scald|p2a: Chesnaught
|-resisted|p2a: Chesnaught
|-damage|p2a: Chesnaught|301\/379
|
|-heal|p2a: Chesnaught|324\/379|[from] item: Leftovers
|-heal|p1a: Slowbro|369\/394|[from] item: Leftovers
|turn|35
|c|âWill-I-am2|ok.
|
|move|p2a: Chesnaught|Spikes|p1a: Slowbro
|-sidestart|p1: Will-I-am2|Spikes
|move|p1a: Slowbro|Scald|p2a: Chesnaught
|-resisted|p2a: Chesnaught
|-damage|p2a: Chesnaught|246\/379
|
|-heal|p2a: Chesnaught|269\/379|[from] item: Leftovers
|-heal|p1a: Slowbro|393\/394|[from] item: Leftovers
|turn|36
|
|move|p2a: Chesnaught|Spiky Shield|p2a: Chesnaught
|-singleturn|p2a: Chesnaught|move: Protect
|move|p1a: Slowbro|Scald|p2a: Chesnaught
|-activate|p2a: Chesnaught|move: Protect
|
|-heal|p2a: Chesnaught|292\/379|[from] item: Leftovers
|-heal|p1a: Slowbro|394\/394|[from] item: Leftovers
|turn|37
|
|move|p2a: Chesnaught|Leech Seed|p1a: Slowbro|[miss]
|-miss|p2a: Chesnaught|p1a: Slowbro
|move|p1a: Slowbro|Fire Blast|p2a: Chesnaught
|-supereffective|p2a: Chesnaught
|-damage|p2a: Chesnaught|0 fnt
|faint|p2a: Chesnaught
|
|
|switch|p2a: Dragonite|Dragonite, M|343\/343
|turn|38
|
|move|p2a: Dragonite|Outrage|p1a: Slowbro
|-damage|p1a: Slowbro|51\/394
|move|p1a: Slowbro|Psychic|p2a: Dragonite
|-damage|p2a: Dragonite|272\/343
|
|-heal|p1a: Slowbro|75\/394|[from] item: Leftovers
|turn|39
|
|switch|p1a: Registeel|Registeel|364\/364
|-damage|p1a: Registeel|319\/364|[from] Spikes
|-damage|p1a: Registeel|297\/364|[from] Stealth Rock
|move|p2a: Dragonite|Outrage|p1a: Registeel
|-resisted|p1a: Registeel
|-damage|p1a: Registeel|173\/364
|
|-end|p2a: Dragonite|rampage
|-start|p2a: Dragonite|confusion
|-heal|p1a: Registeel|195\/364|[from] item: Leftovers
|turn|40
|
|switch|p2a: Sableye|Sableye-Mega, M|278\/303
|switch|p1a: Slowbro|Slowbro, F|206\/394
|-damage|p1a: Slowbro|157\/394|[from] Stealth Rock
|-damage|p1a: Slowbro|108\/394|[from] Spikes
|
|-heal|p1a: Slowbro|132\/394|[from] item: Leftovers
|turn|41
|
|move|p2a: Sableye|Dark Pulse|p1a: Slowbro
|-supereffective|p1a: Slowbro
|-damage|p1a: Slowbro|0 fnt
|faint|p1a: Slowbro
|
|
|switch|p1a: Mamoswine|Mamoswine, M|318\/424
|-damage|p1a: Mamoswine|265\/424|[from] Spikes
|-damage|p1a: Mamoswine|212\/424|[from] Stealth Rock
|turn|42
|
|move|p1a: Mamoswine|Icicle Crash|p2a: Sableye
|-damage|p2a: Sableye|166\/303
|move|p2a: Sableye|Will-O-Wisp|p1a: Mamoswine
|-status|p1a: Mamoswine|brn
|
|-damage|p1a: Mamoswine|159\/424 brn|[from] brn
|turn|43
|
|move|p1a: Mamoswine|Icicle Crash|p2a: Sableye
|-damage|p2a: Sableye|112\/303
|cant|p2a: Sableye|flinch
|
|-damage|p1a: Mamoswine|106\/424 brn|[from] brn
|turn|44
|
|move|p1a: Mamoswine|Earthquake|p2a: Sableye
|-damage|p2a: Sableye|51\/303
|move|p2a: Sableye|Recover|p2a: Sableye
|-heal|p2a: Sableye|203\/303
|
|-damage|p1a: Mamoswine|53\/424 brn|[from] brn
|turn|45
|-message|Will-I-am2 forfeited.
|
|win|ladder troll haha
|raw|Ladder updating...
|leave|Will-I-am2
|player|p1
|raw|Will-I-am2's rating: 1689 &rarr; <strong>1667<\/strong><br \/>(-22 for losing)
|raw|ladder troll haha's rating: 1644 &rarr; <strong>1667<\/strong><br \/>(+23 for winning)