|join|ladder troll haha
|join|epicNecro
|player|p1|ladder troll haha|279
|player|p2|epicNecro|70
|gametype|singles
|gen|6
|tier|OU
|rated
|clearpoke
|poke|p1|Lopunny, M
|poke|p1|Latios, M
|poke|p1|Klefki, M
|poke|p1|Landorus-Therian, M
|poke|p1|Magnezone
|poke|p1|Empoleon, M
|poke|p2|Metagross
|poke|p2|Landorus, M
|poke|p2|Greninja, F
|poke|p2|Latias, F
|poke|p2|Heatran, M
|poke|p2|Ferrothorn, F
|rule|Swagger Clause: Swagger is banned
|rule|Baton Pass Clause: Limit one PokÃ©mon knowing Baton Pass
|rule|Sleep Clause Mod: Limit one foe put to sleep
|rule|Species Clause: Limit one of each PokÃ©mon
|rule|OHKO Clause: OHKO moves are banned
|rule|Moody Clause: Moody is banned
|rule|Evasion Moves Clause: Evasion moves are banned
|rule|Endless Battle Clause: Forcing endless battles is banned
|rule|HP Percentage Mod: HP is shown in percentages
|teampreview
|
|start
|switch|p1a: Latios|Latios, M|301\/301
|switch|p2a: Landorus|Landorus, M|319\/319
|turn|1
|
|switch|p2a: Heatran|Heatran, M|386\/386
|move|p1a: Latios|Draco Meteor|p2a: Heatran|[miss]
|-miss|p1a: Latios|p2a: Heatran
|
|turn|2
|
|move|p1a: Latios|Earthquake|p2a: Heatran
|-supereffective|p2a: Heatran
|-damage|p2a: Heatran|32\/386
|-damage|p1a: Latios|271\/301|[from] item: Life Orb
|move|p2a: Heatran|Will-O-Wisp|p1a: Latios
|-status|p1a: Latios|brn
|
|-heal|p2a: Heatran|56\/386|[from] item: Leftovers
|-damage|p1a: Latios|234\/301 brn|[from] brn
|turn|3
|
|move|p2a: Heatran|Protect|p2a: Heatran
|-singleturn|p2a: Heatran|Protect
|move|p1a: Latios|Draco Meteor|p2a: Heatran
|-activate|p2a: Heatran|Protect
|
|-heal|p2a: Heatran|80\/386|[from] item: Leftovers
|-damage|p1a: Latios|197\/301 brn|[from] brn
|turn|4
|
|switch|p2a: Ferrothorn|Ferrothorn, F|352\/352
|move|p1a: Latios|Draco Meteor|p2a: Ferrothorn
|-resisted|p2a: Ferrothorn
|-damage|p2a: Ferrothorn|234\/352
|-unboost|p1a: Latios|spa|2
|-damage|p1a: Latios|167\/301 brn|[from] item: Life Orb
|
|-heal|p2a: Ferrothorn|256\/352|[from] item: Leftovers
|-damage|p1a: Latios|130\/301 brn|[from] brn
|turn|5
|
|switch|p1a: Magnezone|Magnezone|281\/281
|switch|p2a: Landorus|Landorus, M|319\/319
|
|turn|6
|
|switch|p1a: Landorus-Therian|Landorus-Therian, M|321\/321
|-ability|p1a: Landorus-Therian|Intimidate|[of] p2a: Landorus
|-unboost|p2a: Landorus|atk|1
|move|p2a: Landorus|Knock Off|p1a: Landorus-Therian
|-damage|p1a: Landorus-Therian|246\/321
|-enditem|p1a: Landorus-Therian|Choice Scarf|[from] move: Knock Off|[of] p2a: Landorus
|-damage|p2a: Landorus|288\/319|[from] item: Life Orb
|
|turn|7
|
|move|p2a: Landorus|Focus Blast|p1a: Landorus-Therian
|-resisted|p1a: Landorus-Therian
|-damage|p1a: Landorus-Therian|117\/321
|move|p1a: Landorus-Therian|Knock Off|p2a: Landorus
|-damage|p2a: Landorus|151\/319
|-enditem|p2a: Landorus|Life Orb|[from] move: Knock Off|[of] p1a: Landorus-Therian
|
|turn|8
|
|move|p2a: Landorus|Sludge Wave|p1a: Landorus-Therian
|-resisted|p1a: Landorus-Therian
|-damage|p1a: Landorus-Therian|37\/321
|move|p1a: Landorus-Therian|U-turn|p2a: Landorus
|-resisted|p2a: Landorus
|-damage|p2a: Landorus|101\/319
|
|switch|p1a: Lopunny|Lopunny, M|272\/272
|
|turn|9
|
|detailschange|p1a: Lopunny|Lopunny-Mega, M
|message|Lopunny has Mega Evolved into Mega Lopunny!
|move|p1a: Lopunny|High Jump Kick|p2a: Landorus
|-resisted|p2a: Landorus
|-damage|p2a: Landorus|0 fnt
|faint|p2a: Landorus
|
|
|switch|p2a: Metagross|Metagross|301\/301
|turn|10
|
|switch|p1a: Klefki|Klefki, M|318\/318
|detailschange|p2a: Metagross|Metagross-Mega
|message|Metagross has Mega Evolved into Mega Metagross!
|move|p2a: Metagross|Meteor Mash|p1a: Klefki
|-damage|p1a: Klefki|89\/318
|
|-heal|p1a: Klefki|108\/318|[from] item: Leftovers
|turn|11
|
|switch|p2a: Heatran|Heatran, M|80\/386
|move|p1a: Klefki|Thunder Wave|p2a: Heatran
|-status|p2a: Heatran|par
|
|-heal|p1a: Klefki|127\/318|[from] item: Leftovers
|-heal|p2a: Heatran|104\/386 par|[from] item: Leftovers
|turn|12
|
|switch|p1a: Empoleon|Empoleon, M|369\/369
|cant|p2a: Heatran|par
|
|-heal|p2a: Heatran|128\/386 par|[from] item: Leftovers
|turn|13
|
|switch|p2a: Ferrothorn|Ferrothorn, F|256\/352
|move|p1a: Empoleon|Scald|p2a: Ferrothorn
|-resisted|p2a: Ferrothorn
|-damage|p2a: Ferrothorn|218\/352
|
|-heal|p2a: Ferrothorn|240\/352|[from] item: Leftovers
|turn|14
|
|switch|p2a: Metagross|Metagross-Mega|301\/301
|move|p1a: Empoleon|Stealth Rock|p2a: Metagross
|-sidestart|p2: epicNecro|move: Stealth Rock
|
|turn|15
|
|move|p2a: Metagross|Earthquake|p1a: Empoleon
|-supereffective|p1a: Empoleon
|-damage|p1a: Empoleon|101\/369
|move|p1a: Empoleon|Scald|p2a: Metagross
|-damage|p2a: Metagross|150\/301
|
|-heal|p1a: Empoleon|124\/369|[from] item: Leftovers
|turn|16
|
|move|p1a: Empoleon|Protect|p1a: Empoleon
|-singleturn|p1a: Empoleon|Protect
|move|p2a: Metagross|Earthquake|p1a: Empoleon
|-activate|p1a: Empoleon|Protect
|
|-heal|p1a: Empoleon|147\/369|[from] item: Leftovers
|turn|17
|
|switch|p1a: Landorus-Therian|Landorus-Therian, M|37\/321
|-ability|p1a: Landorus-Therian|Intimidate|[of] p2a: Metagross
|-unboost|p2a: Metagross|atk|1
|move|p2a: Metagross|Earthquake|p1a: Landorus-Therian
|-immune|p1a: Landorus-Therian|[msg]
|
|turn|18
|
|switch|p1a: Empoleon|Empoleon, M|147\/369
|move|p2a: Metagross|Meteor Mash|p1a: Empoleon
|-resisted|p1a: Empoleon
|-damage|p1a: Empoleon|108\/369
|
|-heal|p1a: Empoleon|131\/369|[from] item: Leftovers
|turn|19
|
|move|p1a: Empoleon|Protect|p1a: Empoleon
|-singleturn|p1a: Empoleon|Protect
|move|p2a: Metagross|Earthquake|p1a: Empoleon
|-activate|p1a: Empoleon|Protect
|
|-heal|p1a: Empoleon|154\/369|[from] item: Leftovers
|turn|20
|
|switch|p2a: Latias|Latias, F|301\/301
|-damage|p2a: Latias|264\/301|[from] Stealth Rock
|move|p1a: Empoleon|Scald|p2a: Latias
|-resisted|p2a: Latias
|-damage|p2a: Latias|219\/301
|
|-heal|p1a: Empoleon|177\/369|[from] item: Leftovers
|turn|21
|
|move|p1a: Empoleon|Protect|p1a: Empoleon
|-singleturn|p1a: Empoleon|Protect
|move|p2a: Latias|Draco Meteor|p1a: Empoleon
|-activate|p1a: Empoleon|Protect
|
|-heal|p1a: Empoleon|200\/369|[from] item: Leftovers
|turn|22
|
|switch|p1a: Klefki|Klefki, M|127\/318
|move|p2a: Latias|Draco Meteor|p1a: Klefki
|-immune|p1a: Klefki|[msg]
|
|-heal|p1a: Klefki|146\/318|[from] item: Leftovers
|turn|23
|
|switch|p2a: Heatran|Heatran, M|128\/386 par
|-damage|p2a: Heatran|80\/386 par|[from] Stealth Rock
|move|p1a: Klefki|Spikes|p2a: Heatran
|-sidestart|p2: epicNecro|Spikes
|
|-heal|p1a: Klefki|165\/318|[from] item: Leftovers
|-heal|p2a: Heatran|104\/386 par|[from] item: Leftovers
|turn|24
|
|switch|p1a: Empoleon|Empoleon, M|200\/369
|move|p2a: Heatran|Will-O-Wisp|p1a: Empoleon
|-status|p1a: Empoleon|brn
|
|-heal|p1a: Empoleon|223\/369 brn|[from] item: Leftovers
|-heal|p2a: Heatran|128\/386 par|[from] item: Leftovers
|-damage|p1a: Empoleon|177\/369 brn|[from] brn
|turn|25
|
|switch|p2a: Latias|Latias, F|219\/301
|-damage|p2a: Latias|182\/301|[from] Stealth Rock
|move|p1a: Empoleon|Scald|p2a: Latias
|-resisted|p2a: Latias
|-damage|p2a: Latias|137\/301
|-status|p2a: Latias|brn
|
|-heal|p1a: Empoleon|200\/369 brn|[from] item: Leftovers
|-damage|p2a: Latias|100\/301 brn|[from] brn
|-damage|p1a: Empoleon|154\/369 brn|[from] brn
|turn|26
|
|move|p1a: Empoleon|Protect|p1a: Empoleon
|-singleturn|p1a: Empoleon|Protect
|move|p2a: Latias|Roost|p2a: Latias
|-heal|p2a: Latias|251\/301 brn
|
|-heal|p1a: Empoleon|177\/369 brn|[from] item: Leftovers
|-damage|p2a: Latias|214\/301 brn|[from] brn
|-damage|p1a: Empoleon|131\/369 brn|[from] brn
|turn|27
|
|move|p2a: Latias|Defog|p1a: Empoleon
|-unboost|p1a: Empoleon|evasion|1
|-sideend|p2: epicNecro|Spikes|[from] move: Defog|[of] p2a: Latias
|-sideend|p2: epicNecro|Stealth Rock|[from] move: Defog|[of] p2a: Latias
|move|p1a: Empoleon|Scald|p2a: Latias
|-resisted|p2a: Latias
|-damage|p2a: Latias|172\/301 brn
|
|-heal|p1a: Empoleon|154\/369 brn|[from] item: Leftovers
|-damage|p2a: Latias|135\/301 brn|[from] brn
|-damage|p1a: Empoleon|108\/369 brn|[from] brn
|turn|28
|
|move|p2a: Latias|Draco Meteor|p1a: Empoleon
|-resisted|p1a: Empoleon
|-damage|p1a: Empoleon|9\/369 brn
|-unboost|p2a: Latias|spa|2
|-damage|p2a: Latias|105\/301 brn|[from] item: Life Orb
|move|p1a: Empoleon|Stealth Rock|p2a: Latias
|-sidestart|p2: epicNecro|move: Stealth Rock
|
|-heal|p1a: Empoleon|32\/369 brn|[from] item: Leftovers
|-damage|p2a: Latias|68\/301 brn|[from] brn
|-damage|p1a: Empoleon|0 fnt|[from] brn
|faint|p1a: Empoleon
|
|switch|p1a: Lopunny|Lopunny-Mega, M|272\/272
|turn|29
|
|move|p1a: Lopunny|Ice Punch|p2a: Latias
|-supereffective|p2a: Latias
|-damage|p2a: Latias|0 fnt
|faint|p2a: Latias
|
|
|switch|p2a: Heatran|Heatran, M|128\/386 par
|-damage|p2a: Heatran|80\/386 par|[from] Stealth Rock
|turn|30
|
|move|p1a: Lopunny|Return|p2a: Heatran
|-resisted|p2a: Heatran
|-damage|p2a: Heatran|0 fnt
|faint|p2a: Heatran
|
|
|switch|p2a: Metagross|Metagross-Mega|150\/301
|-damage|p2a: Metagross|132\/301|[from] Stealth Rock
|turn|31
|
|move|p1a: Lopunny|High Jump Kick|p2a: Metagross|[miss]
|-miss|p1a: Lopunny|p2a: Metagross
|-damage|p1a: Lopunny|136\/272|[from] highjumpkick
|move|p2a: Metagross|Zen Headbutt|p1a: Lopunny
|-supereffective|p1a: Lopunny
|-damage|p1a: Lopunny|0 fnt
|faint|p1a: Lopunny
|
|
|switch|p1a: Landorus-Therian|Landorus-Therian, M|37\/321
|-ability|p1a: Landorus-Therian|Intimidate|[of] p2a: Metagross
|-unboost|p2a: Metagross|atk|1
|turn|32
|
|move|p2a: Metagross|Zen Headbutt|p1a: Landorus-Therian
|-damage|p1a: Landorus-Therian|0 fnt
|faint|p1a: Landorus-Therian
|
|
|switch|p1a: Klefki|Klefki, M|165\/318
|turn|33
|
|move|p1a: Klefki|Thunder Wave|p2a: Metagross
|-status|p2a: Metagross|par
|move|p2a: Metagross|Earthquake|p1a: Klefki
|-supereffective|p1a: Klefki
|-damage|p1a: Klefki|0 fnt
|faint|p1a: Klefki
|
|-message|ladder troll haha forfeited.
|leave|ladder troll haha
|
|win|epicNecro
|raw|Ladder updating...
|player|p1
|raw|ladder troll haha's rating: 1391 &rarr; <strong>1373<\/strong><br \/>(-18 for losing)
|raw|epicNecro's rating: 1418 &rarr; <strong>1437<\/strong><br \/>(+19 for winning)