|join|ladder troll haha
|join|MissLemonade
|player|p1|ladder troll haha|7
|player|p2|MissLemonade|233
|gametype|singles
|gen|6
|tier|OU
|rated
|clearpoke
|poke|p1|Cottonee, M
|poke|p1|Azelf
|poke|p1|Whimsicott, F
|poke|p1|Smeargle, M, shiny
|poke|p1|Espeon, M
|poke|p1|Clefable, M
|poke|p2|Lopunny, M
|poke|p2|Gliscor, M
|poke|p2|Goodra, F
|poke|p2|Sylveon, F
|poke|p2|Rotom-Heat
|poke|p2|Ferrothorn, M
|rule|Swagger Clause: Swagger is banned
|rule|Baton Pass Clause: Limit one PokÃ©mon knowing Baton Pass
|rule|Sleep Clause Mod: Limit one foe put to sleep
|rule|Species Clause: Limit one of each PokÃ©mon
|rule|OHKO Clause: OHKO moves are banned
|rule|Moody Clause: Moody is banned
|rule|Evasion Moves Clause: Evasion moves are banned
|rule|Endless Battle Clause: Forcing endless battles is banned
|rule|HP Percentage Mod: HP is shown in percentages
|teampreview
|
|start
|switch|p1a: CHICHICHI LELELE|Cottonee, M|284\/284
|switch|p2a: Lopunny|Lopunny, M|272\/272
|turn|1
|
|switch|p2a: Rotom-Heat|Rotom-Heat|304\/304
|move|p1a: CHICHICHI LELELE|Tailwind|p1a: CHICHICHI LELELE
|-sidestart|p1: ladder troll haha|move: Tailwind
|
|turn|2
|
|move|p1a: CHICHICHI LELELE|Memento|p2a: Rotom-Heat
|-unboost|p2a: Rotom-Heat|atk|2
|-unboost|p2a: Rotom-Heat|spa|2
|faint|p1a: CHICHICHI LELELE
|move|p2a: Rotom-Heat|Thunderbolt|p1: CHICHICHI LELELE|[notarget]
|-notarget
|
|
|switch|p1a: VIVA CHILE|Azelf|354\/354
|turn|3
|
|move|p1a: VIVA CHILE|Reflect|p1a: VIVA CHILE
|-sidestart|p1: ladder troll haha|Reflect
|move|p2a: Rotom-Heat|Thunderbolt|p1a: VIVA CHILE
|-damage|p1a: VIVA CHILE|285\/354
|
|turn|4
|
|switch|p2a: Gliscor|Gliscor, M|354\/354
|move|p1a: VIVA CHILE|Light Screen|p1a: VIVA CHILE
|-sidestart|p1: ladder troll haha|move: Light Screen
|
|-sideend|p1: ladder troll haha|move: Tailwind
|-status|p2a: Gliscor|tox|[from] item: Toxic Orb
|turn|5
|
|move|p1a: VIVA CHILE|Explosion|p2a: Gliscor
|-damage|p2a: Gliscor|167\/354 tox
|faint|p1a: VIVA CHILE
|move|p2a: Gliscor|Swords Dance|p2a: Gliscor
|-boost|p2a: Gliscor|atk|2
|
|-heal|p2a: Gliscor|211\/354 tox|[from] ability: Poison Heal
|
|switch|p1a: FAIRY SOLIDARITY|Whimsicott, F|324\/324
|turn|6
|
|move|p1a: FAIRY SOLIDARITY|Taunt|p2a: Gliscor
|-start|p2a: Gliscor|move: Taunt
|move|p2a: Gliscor|Facade|p1a: FAIRY SOLIDARITY
|-damage|p1a: FAIRY SOLIDARITY|148\/324
|
|-heal|p2a: Gliscor|255\/354 tox|[from] ability: Poison Heal
|turn|7
|
|move|p1a: FAIRY SOLIDARITY|Memento|p2a: Gliscor
|-unboost|p2a: Gliscor|atk|2
|-unboost|p2a: Gliscor|spa|2
|faint|p1a: FAIRY SOLIDARITY
|move|p2a: Gliscor|Facade|p1: FAIRY SOLIDARITY|[notarget]
|-notarget
|
|-heal|p2a: Gliscor|299\/354 tox|[from] ability: Poison Heal
|
|switch|p1a: THE BP SAVIOR|Smeargle, M, shiny|251\/251
|turn|8
|
|move|p1a: THE BP SAVIOR|Geomancy|p1a: THE BP SAVIOR|[still]
|-prepare|p1a: THE BP SAVIOR|Geomancy|p1a: THE BP SAVIOR
|-enditem|p1a: THE BP SAVIOR|Power Herb
|-anim|p1a: THE BP SAVIOR|Geomancy|p1a: THE BP SAVIOR
|-boost|p1a: THE BP SAVIOR|spa|2
|-boost|p1a: THE BP SAVIOR|spd|2
|-boost|p1a: THE BP SAVIOR|spe|2
|move|p2a: Gliscor|Earthquake|p1a: THE BP SAVIOR
|-damage|p1a: THE BP SAVIOR|149\/251
|
|-heal|p2a: Gliscor|343\/354 tox|[from] ability: Poison Heal
|-end|p2a: Gliscor|move: Taunt
|turn|9
|
|move|p1a: THE BP SAVIOR|Cotton Guard|p1a: THE BP SAVIOR
|-boost|p1a: THE BP SAVIOR|def|3
|move|p2a: Gliscor|Earthquake|p1a: THE BP SAVIOR
|-damage|p1a: THE BP SAVIOR|105\/251
|
|-heal|p2a: Gliscor|354\/354 tox|[from] ability: Poison Heal
|turn|10
|
|move|p1a: THE BP SAVIOR|Baton Pass|p1a: THE BP SAVIOR
|
|switch|p1a: DON TROLEONE|Espeon, M|321\/321
|move|p2a: Gliscor|Earthquake|p1a: DON TROLEONE
|-damage|p1a: DON TROLEONE|291\/321
|
|-heal|p1a: DON TROLEONE|311\/321|[from] item: Leftovers
|-sideend|p1: ladder troll haha|Reflect
|turn|11
|
|move|p1a: DON TROLEONE|Substitute|p1a: DON TROLEONE
|-start|p1a: DON TROLEONE|Substitute
|-damage|p1a: DON TROLEONE|231\/321
|move|p2a: Gliscor|Earthquake|p1a: DON TROLEONE
|-activate|p1a: DON TROLEONE|Substitute|[damage]
|
|-heal|p1a: DON TROLEONE|251\/321|[from] item: Leftovers
|-sideend|p1: ladder troll haha|move: Light Screen
|turn|12
|
|move|p1a: DON TROLEONE|Stored Power|p2a: Gliscor
|-damage|p2a: Gliscor|0 fnt
|faint|p2a: Gliscor
|
|-heal|p1a: DON TROLEONE|271\/321|[from] item: Leftovers
|
|switch|p2a: Lopunny|Lopunny, M|272\/272
|turn|13
|
|detailschange|p2a: Lopunny|Lopunny-Mega, M
|message|Lopunny has Mega Evolved into Mega Lopunny!
|move|p2a: Lopunny|Fake Out|p1a: DON TROLEONE
|-end|p1a: DON TROLEONE|Substitute
|move|p1a: DON TROLEONE|Stored Power|p2a: Lopunny
|-supereffective|p2a: Lopunny
|-damage|p2a: Lopunny|0 fnt
|faint|p2a: Lopunny
|
|-heal|p1a: DON TROLEONE|291\/321|[from] item: Leftovers
|
|switch|p2a: Ferrothorn|Ferrothorn, M|352\/352
|turn|14
|
|move|p1a: DON TROLEONE|Substitute|p1a: DON TROLEONE
|-start|p1a: DON TROLEONE|Substitute
|-damage|p1a: DON TROLEONE|211\/321
|move|p2a: Ferrothorn|Gyro Ball|p1a: DON TROLEONE
|-activate|p1a: DON TROLEONE|Substitute|[damage]
|
|-heal|p1a: DON TROLEONE|231\/321|[from] item: Leftovers
|turn|15
|
|move|p1a: DON TROLEONE|Stored Power|p2a: Ferrothorn
|-resisted|p2a: Ferrothorn
|-damage|p2a: Ferrothorn|83\/352
|move|p2a: Ferrothorn|Gyro Ball|p1a: DON TROLEONE
|-end|p1a: DON TROLEONE|Substitute
|
|-heal|p1a: DON TROLEONE|251\/321|[from] item: Leftovers
|turn|16
|
|move|p1a: DON TROLEONE|Substitute|p1a: DON TROLEONE
|-start|p1a: DON TROLEONE|Substitute
|-damage|p1a: DON TROLEONE|171\/321
|move|p2a: Ferrothorn|Gyro Ball|p1a: DON TROLEONE
|-activate|p1a: DON TROLEONE|Substitute|[damage]
|
|-heal|p1a: DON TROLEONE|191\/321|[from] item: Leftovers
|turn|17
|-message|MissLemonade forfeited.
|
|win|ladder troll haha
|raw|Ladder updating...
|leave|MissLemonade
|player|p2