|join|Luna Rossa
|join|ladder troll haha
|player|p1|Luna Rossa|261
|player|p2|ladder troll haha|279
|gametype|singles
|gen|6
|tier|OU
|rated
|clearpoke
|poke|p1|Tyranitar, M
|poke|p1|Skarmory, F
|poke|p1|Ferrothorn, M
|poke|p1|Sableye, F
|poke|p1|Chansey, F
|poke|p1|Tentacruel, F
|poke|p2|Lopunny, M
|poke|p2|Latios, M
|poke|p2|Klefki, M
|poke|p2|Landorus-Therian, M
|poke|p2|Magnezone
|poke|p2|Empoleon, M
|rule|Swagger Clause: Swagger is banned
|rule|Baton Pass Clause: Limit one PokÃ©mon knowing Baton Pass
|rule|Sleep Clause Mod: Limit one foe put to sleep
|rule|Species Clause: Limit one of each PokÃ©mon
|rule|OHKO Clause: OHKO moves are banned
|rule|Moody Clause: Moody is banned
|rule|Evasion Moves Clause: Evasion moves are banned
|rule|Endless Battle Clause: Forcing endless battles is banned
|rule|HP Percentage Mod: HP is shown in percentages
|teampreview
|
|start
|switch|p1a: Sableye|Sableye, F|304\/304
|switch|p2a: Lopunny|Lopunny, M|272\/272
|turn|1
|
|detailschange|p2a: Lopunny|Lopunny-Mega, M
|message|Lopunny has Mega Evolved into Mega Lopunny!
|detailschange|p1a: Sableye|Sableye-Mega, F
|message|Sableye has Mega Evolved into Mega Sableye!
|move|p2a: Lopunny|Fake Out|p1a: Sableye
|-damage|p1a: Sableye|259\/304
|cant|p1a: Sableye|flinch
|
|turn|2
|
|move|p2a: Lopunny|High Jump Kick|p1a: Sableye
|-supereffective|p1a: Sableye
|-damage|p1a: Sableye|0 fnt
|faint|p1a: Sableye
|
|
|switch|p1a: Tentacruel|Tentacruel, F|364\/364
|turn|3
|
|switch|p2a: Latios|Latios, M|301\/301
|move|p1a: Tentacruel|Scald|p2a: Latios
|-resisted|p2a: Latios
|-damage|p2a: Latios|262\/301
|
|turn|4
|
|switch|p2a: Lopunny|Lopunny-Mega, M|272\/272
|switch|p1a: Tyranitar|Tyranitar, M|342\/342
|-weather|Sandstorm
|
|-weather|Sandstorm|[upkeep]
|-damage|p2a: Lopunny|255\/272|[from] sandstorm
|turn|5
|
|switch|p1a: Skarmory|Skarmory, F|334\/334
|move|p2a: Lopunny|High Jump Kick|p1a: Skarmory
|-damage|p1a: Skarmory|199\/334
|
|-weather|Sandstorm|[upkeep]
|-damage|p2a: Lopunny|238\/272|[from] sandstorm
|turn|6
|
|switch|p2a: Magnezone|Magnezone|281\/281
|move|p1a: Skarmory|Roost|p1a: Skarmory
|-heal|p1a: Skarmory|334\/334
|
|-weather|Sandstorm|[upkeep]
|turn|7
|
|switch|p1a: Chansey|Chansey, F|704\/704
|move|p2a: Magnezone|Volt Switch|p1a: Chansey
|-damage|p1a: Chansey|623\/704
|
|switch|p2a: Landorus-Therian|Landorus-Therian, M|321\/321
|-ability|p2a: Landorus-Therian|Intimidate|[of] p1a: Chansey
|-unboost|p1a: Chansey|atk|1
|
|-weather|Sandstorm|[upkeep]
|-damage|p1a: Chansey|579\/704|[from] sandstorm
|turn|8
|
|move|p2a: Landorus-Therian|Knock Off|p1a: Chansey
|-damage|p1a: Chansey|410\/704
|-enditem|p1a: Chansey|Eviolite|[from] move: Knock Off|[of] p2a: Landorus-Therian
|move|p1a: Chansey|Toxic|p2a: Landorus-Therian
|-status|p2a: Landorus-Therian|tox
|
|-weather|none
|-damage|p2a: Landorus-Therian|301\/321 tox|[from] psn
|turn|9
|
|switch|p2a: Empoleon|Empoleon, M|369\/369
|move|p1a: Chansey|Soft-Boiled|p1a: Chansey
|-heal|p1a: Chansey|704\/704
|
|turn|10
|
|switch|p2a: Magnezone|Magnezone|281\/281
|switch|p1a: Ferrothorn|Ferrothorn, M|352\/352
|
|turn|11
|
|move|p2a: Magnezone|Hidden Power|p1a: Ferrothorn
|-supereffective|p1a: Ferrothorn
|-damage|p1a: Ferrothorn|152\/352
|move|p1a: Ferrothorn|Stealth Rock|p2a: Magnezone
|-sidestart|p2: ladder troll haha|move: Stealth Rock
|
|-heal|p1a: Ferrothorn|174\/352|[from] item: Leftovers
|turn|12
|
|move|p1a: Ferrothorn|Protect|p1a: Ferrothorn
|-singleturn|p1a: Ferrothorn|Protect
|move|p2a: Magnezone|Hidden Power|p1a: Ferrothorn
|-activate|p1a: Ferrothorn|Protect
|
|-heal|p1a: Ferrothorn|196\/352|[from] item: Leftovers
|turn|13
|
|move|p2a: Magnezone|Hidden Power|p1a: Ferrothorn
|-supereffective|p1a: Ferrothorn
|-damage|p1a: Ferrothorn|8\/352
|move|p1a: Ferrothorn|Leech Seed|p2a: Magnezone
|-start|p2a: Magnezone|move: Leech Seed
|
|-heal|p1a: Ferrothorn|30\/352|[from] item: Leftovers
|-damage|p2a: Magnezone|246\/281|[from] Leech Seed|[of] p1a: Ferrothorn
|-heal|p1a: Ferrothorn|65\/352|[silent]
|turn|14
|
|move|p1a: Ferrothorn|Protect|p1a: Ferrothorn
|-singleturn|p1a: Ferrothorn|Protect
|move|p2a: Magnezone|Hidden Power|p1a: Ferrothorn
|-activate|p1a: Ferrothorn|Protect
|
|-heal|p1a: Ferrothorn|87\/352|[from] item: Leftovers
|-damage|p2a: Magnezone|211\/281|[from] Leech Seed|[of] p1a: Ferrothorn
|-heal|p1a: Ferrothorn|122\/352|[silent]
|turn|15
|
|move|p1a: Ferrothorn|Protect|p1a: Ferrothorn
|-fail|p1a: Ferrothorn
|move|p2a: Magnezone|Hidden Power|p1a: Ferrothorn
|-supereffective|p1a: Ferrothorn
|-damage|p1a: Ferrothorn|0 fnt
|faint|p1a: Ferrothorn
|
|join|LUSA ROSSA
|
|switch|p1a: Tyranitar|Tyranitar, M|342\/342
|-weather|Sandstorm
|turn|16
|
|switch|p2a: Klefki|Klefki, M|318\/318
|-damage|p2a: Klefki|299\/318|[from] Stealth Rock
|move|p1a: Tyranitar|Crunch|p2a: Klefki
|-resisted|p2a: Klefki
|-damage|p2a: Klefki|222\/318
|
|-weather|Sandstorm|[upkeep]
|-heal|p2a: Klefki|241\/318|[from] item: Leftovers
|turn|17
|
|switch|p1a: Tentacruel|Tentacruel, F|364\/364
|move|p2a: Klefki|Thunder Wave|p1a: Tentacruel
|-status|p1a: Tentacruel|par
|
|-weather|Sandstorm|[upkeep]
|-damage|p1a: Tentacruel|342\/364 par|[from] sandstorm
|-heal|p2a: Klefki|260\/318|[from] item: Leftovers
|-heal|p1a: Tentacruel|364\/364 par|[from] item: Black Sludge
|turn|18
|
|move|p2a: Klefki|Spikes|p1a: Tentacruel
|-sidestart|p1: Luna Rossa|Spikes
|move|p1a: Tentacruel|Scald|p2a: Klefki
|-damage|p2a: Klefki|202\/318
|
|-weather|Sandstorm|[upkeep]
|-damage|p1a: Tentacruel|342\/364 par|[from] sandstorm
|-heal|p2a: Klefki|221\/318|[from] item: Leftovers
|-heal|p1a: Tentacruel|364\/364 par|[from] item: Black Sludge
|turn|19
|leave|LoserMcNoob
|
|switch|p2a: Magnezone|Magnezone|211\/281
|-damage|p2a: Magnezone|194\/281|[from] Stealth Rock
|cant|p1a: Tentacruel|par
|
|-weather|Sandstorm|[upkeep]
|-damage|p1a: Tentacruel|342\/364 par|[from] sandstorm
|-heal|p1a: Tentacruel|364\/364 par|[from] item: Black Sludge
|turn|20
|
|switch|p1a: Chansey|Chansey, F|704\/704
|-damage|p1a: Chansey|616\/704|[from] Spikes
|move|p2a: Magnezone|Volt Switch|p1a: Chansey
|-crit|p1a: Chansey
|-damage|p1a: Chansey|450\/704
|
|switch|p2a: Landorus-Therian|Landorus-Therian, M|301\/321 tox
|-damage|p2a: Landorus-Therian|261\/321 tox|[from] Stealth Rock
|-ability|p2a: Landorus-Therian|Intimidate|[of] p1a: Chansey
|-unboost|p1a: Chansey|atk|1
|
|-weather|none
|-damage|p2a: Landorus-Therian|241\/321 tox|[from] psn
|turn|21
|
|move|p2a: Landorus-Therian|Earthquake|p1a: Chansey
|-damage|p1a: Chansey|95\/704
|move|p1a: Chansey|Soft-Boiled|p1a: Chansey
|-heal|p1a: Chansey|447\/704
|
|-damage|p2a: Landorus-Therian|201\/321 tox|[from] psn
|turn|22
|
|switch|p2a: Magnezone|Magnezone|194\/281
|-damage|p2a: Magnezone|177\/281|[from] Stealth Rock
|move|p1a: Chansey|Soft-Boiled|p1a: Chansey
|-heal|p1a: Chansey|704\/704
|
|turn|23
|
|move|p2a: Magnezone|Volt Switch|p1a: Chansey
|-damage|p1a: Chansey|593\/704
|
|switch|p2a: Empoleon|Empoleon, M|369\/369
|-damage|p2a: Empoleon|346\/369|[from] Stealth Rock
|move|p1a: Chansey|Seismic Toss|p2a: Empoleon
|-damage|p2a: Empoleon|246\/369
|
|-heal|p2a: Empoleon|269\/369|[from] item: Leftovers
|turn|24
|
|switch|p2a: Magnezone|Magnezone|177\/281
|-damage|p2a: Magnezone|160\/281|[from] Stealth Rock
|switch|p1a: Tentacruel|Tentacruel, F|364\/364 par
|-damage|p1a: Tentacruel|319\/364 par|[from] Spikes
|
|-heal|p1a: Tentacruel|341\/364 par|[from] item: Black Sludge
|turn|25
|
|switch|p1a: Chansey|Chansey, F|593\/704
|-damage|p1a: Chansey|505\/704|[from] Spikes
|move|p2a: Magnezone|Volt Switch|p1a: Chansey
|-damage|p1a: Chansey|396\/704
|
|switch|p2a: Lopunny|Lopunny-Mega, M|238\/272
|-damage|p2a: Lopunny|221\/272|[from] Stealth Rock
|
|turn|26
|
|switch|p2a: Magnezone|Magnezone|160\/281
|-damage|p2a: Magnezone|143\/281|[from] Stealth Rock
|switch|p1a: Skarmory|Skarmory, F|334\/334
|
|turn|27
|
|switch|p1a: Chansey|Chansey, F|396\/704
|-damage|p1a: Chansey|308\/704|[from] Spikes
|move|p2a: Magnezone|Volt Switch|p1a: Chansey
|-damage|p1a: Chansey|197\/704
|
|switch|p2a: Lopunny|Lopunny-Mega, M|221\/272
|-damage|p2a: Lopunny|204\/272|[from] Stealth Rock
|
|turn|28
|
|switch|p1a: Skarmory|Skarmory, F|334\/334
|move|p2a: Lopunny|High Jump Kick|p1a: Skarmory
|-damage|p1a: Skarmory|207\/334
|
|turn|29
|
|switch|p2a: Magnezone|Magnezone|143\/281
|-damage|p2a: Magnezone|126\/281|[from] Stealth Rock
|move|p1a: Skarmory|Spikes|p2a: Magnezone
|-sidestart|p2: ladder troll haha|Spikes
|
|turn|30
|
|switch|p1a: Chansey|Chansey, F|197\/704
|-damage|p1a: Chansey|109\/704|[from] Spikes
|move|p2a: Magnezone|Volt Switch|p1a: Chansey
|-damage|p1a: Chansey|0 fnt
|faint|p1a: Chansey
|
|switch|p2a: Landorus-Therian|Landorus-Therian, M|201\/321 tox
|-damage|p2a: Landorus-Therian|161\/321 tox|[from] Stealth Rock
|
|-damage|p2a: Landorus-Therian|141\/321 tox|[from] psn
|
|switch|p1a: Skarmory|Skarmory, F|207\/334
|turn|31
|
|move|p2a: Landorus-Therian|Knock Off|p1a: Skarmory
|-damage|p1a: Skarmory|136\/334
|-enditem|p1a: Skarmory|Shed Shell|[from] move: Knock Off|[of] p2a: Landorus-Therian
|move|p1a: Skarmory|Roost|p1a: Skarmory
|-heal|p1a: Skarmory|303\/334
|
|-damage|p2a: Landorus-Therian|101\/321 tox|[from] psn
|turn|32
|
|switch|p2a: Klefki|Klefki, M|221\/318
|-damage|p2a: Klefki|202\/318|[from] Stealth Rock
|-damage|p2a: Klefki|163\/318|[from] Spikes
|switch|p1a: Tyranitar|Tyranitar, M|342\/342
|-damage|p1a: Tyranitar|300\/342|[from] Spikes
|-weather|Sandstorm
|
|-weather|Sandstorm|[upkeep]
|-heal|p2a: Klefki|182\/318|[from] item: Leftovers
|turn|33
|
|switch|p1a: Tentacruel|Tentacruel, F|341\/364 par
|-damage|p1a: Tentacruel|296\/364 par|[from] Spikes
|move|p2a: Klefki|Thunder Wave|p1a: Tentacruel
|-fail|p1a: Tentacruel|par
|
|-weather|Sandstorm|[upkeep]
|-damage|p1a: Tentacruel|274\/364 par|[from] sandstorm
|-heal|p2a: Klefki|201\/318|[from] item: Leftovers
|-heal|p1a: Tentacruel|296\/364 par|[from] item: Black Sludge
|turn|34
|
|switch|p2a: Latios|Latios, M|262\/301
|-damage|p2a: Latios|225\/301|[from] Stealth Rock
|cant|p1a: Tentacruel|par
|
|-weather|Sandstorm|[upkeep]
|-damage|p2a: Latios|207\/301|[from] sandstorm
|-damage|p1a: Tentacruel|274\/364 par|[from] sandstorm
|-heal|p1a: Tentacruel|296\/364 par|[from] item: Black Sludge
|turn|35
|
|switch|p1a: Tyranitar|Tyranitar, M|300\/342
|-damage|p1a: Tyranitar|258\/342|[from] Spikes
|move|p2a: Latios|Draco Meteor|p1a: Tyranitar
|-damage|p1a: Tyranitar|50\/342
|-unboost|p2a: Latios|spa|2
|-damage|p2a: Latios|177\/301|[from] item: Life Orb
|
|-weather|Sandstorm|[upkeep]
|-damage|p2a: Latios|159\/301|[from] sandstorm
|turn|36
|
|move|p1a: Tyranitar|Pursuit|p2a: Latios
|-crit|p2a: Latios
|-supereffective|p2a: Latios
|-damage|p2a: Latios|0 fnt
|faint|p2a: Latios
|
|-weather|none
|
|switch|p2a: Landorus-Therian|Landorus-Therian, M|101\/321 tox
|-damage|p2a: Landorus-Therian|61\/321 tox|[from] Stealth Rock
|-ability|p2a: Landorus-Therian|Intimidate|[of] p1a: Tyranitar
|-unboost|p1a: Tyranitar|atk|1
|turn|37
|
|move|p2a: Landorus-Therian|U-turn|p1a: Tyranitar
|-supereffective|p1a: Tyranitar
|-damage|p1a: Tyranitar|0 fnt
|faint|p1a: Tyranitar
|
|switch|p2a: Magnezone|Magnezone|126\/281
|-damage|p2a: Magnezone|109\/281|[from] Stealth Rock
|-damage|p2a: Magnezone|74\/281|[from] Spikes
|
|-message|Luna Rossa forfeited.
|
|win|ladder troll haha
|raw|Ladder updating...
|leave|Luna Rossa
|player|p1
|raw|Luna Rossa's rating: 1563 &rarr; <strong>1539<\/strong><br \/>(-24 for losing)
|raw|ladder troll haha's rating: 1499 &rarr; <strong>1523<\/strong><br \/>(+24 for winning)