|join|TheCodGod
|join|ladder troll haha
|player|p1|TheCodGod|265
|player|p2|ladder troll haha|7
|gametype|singles
|gen|6
|tier|OU
|rated
|clearpoke
|poke|p1|Gliscor, M
|poke|p1|Blissey, F
|poke|p1|Skarmory, F
|poke|p1|Medicham, F
|poke|p1|Zapdos
|poke|p1|Breloom, F
|poke|p2|Cottonee, F
|poke|p2|Azelf
|poke|p2|Whimsicott, F
|poke|p2|Smeargle, M, shiny
|poke|p2|Espeon, M
|poke|p2|Clefable, M
|rule|Swagger Clause: Swagger is banned
|rule|Baton Pass Clause: Limit one PokÃ©mon knowing Baton Pass
|rule|Sleep Clause Mod: Limit one foe put to sleep
|rule|Species Clause: Limit one of each PokÃ©mon
|rule|OHKO Clause: OHKO moves are banned
|rule|Moody Clause: Moody is banned
|rule|Evasion Moves Clause: Evasion moves are banned
|rule|Endless Battle Clause: Forcing endless battles is banned
|rule|HP Percentage Mod: HP is shown in percentages
|teampreview
|c|âTheCodGod|Shit
|
|start
|switch|p1a: Medicham|Medicham, F|261\/261
|switch|p2a: CHICHICHI LELELE|Cottonee, F|284\/284
|turn|1
|
|detailschange|p1a: Medicham|Medicham-Mega, F
|message|Medicham has Mega Evolved into Mega Medicham!
|move|p1a: Medicham|Fake Out|p2a: CHICHICHI LELELE
|-damage|p2a: CHICHICHI LELELE|174\/284
|cant|p2a: CHICHICHI LELELE|flinch
|
|turn|2
|
|move|p2a: CHICHICHI LELELE|Tailwind|p2a: CHICHICHI LELELE
|-sidestart|p2: ladder troll haha|move: Tailwind
|move|p1a: Medicham|Ice Punch|p2a: CHICHICHI LELELE
|-supereffective|p2a: CHICHICHI LELELE
|-damage|p2a: CHICHICHI LELELE|0 fnt
|faint|p2a: CHICHICHI LELELE
|
|
|switch|p2a: VIVA CHILE|Azelf|354\/354
|turn|3
|
|switch|p1a: Breloom|Breloom, F|323\/323
|move|p2a: VIVA CHILE|Reflect|p2a: VIVA CHILE
|-sidestart|p2: ladder troll haha|Reflect
|
|turn|4
|
|move|p2a: VIVA CHILE|Taunt|p1a: Breloom
|-start|p1a: Breloom|move: Taunt
|cant|p1a: Breloom|move: Taunt|Substitute
|
|turn|5
|
|move|p2a: VIVA CHILE|Explosion|p1a: Breloom
|-damage|p1a: Breloom|37\/323
|faint|p2a: VIVA CHILE
|move|p1a: Breloom|Bullet Seed|p2: VIVA CHILE|[notarget]
|-notarget
|
|-heal|p1a: Breloom|57\/323|[from] item: Leftovers
|-sideend|p2: ladder troll haha|move: Tailwind
|
|switch|p2a: FAIRY SOLIDARITY|Whimsicott, F|324\/324
|turn|6
|
|move|p2a: FAIRY SOLIDARITY|Tailwind|p2a: FAIRY SOLIDARITY
|-sidestart|p2: ladder troll haha|move: Tailwind
|move|p1a: Breloom|Bullet Seed|p2a: FAIRY SOLIDARITY
|-resisted|p2a: FAIRY SOLIDARITY
|-damage|p2a: FAIRY SOLIDARITY|303\/324
|-resisted|p2a: FAIRY SOLIDARITY
|-damage|p2a: FAIRY SOLIDARITY|282\/324
|-resisted|p2a: FAIRY SOLIDARITY
|-damage|p2a: FAIRY SOLIDARITY|260\/324
|-hitcount|p2a: FAIRY SOLIDARITY|3
|
|-heal|p1a: Breloom|77\/323|[from] item: Leftovers
|-end|p1a: Breloom|move: Taunt
|turn|7
|
|move|p2a: FAIRY SOLIDARITY|Memento|p1a: Breloom
|-unboost|p1a: Breloom|atk|2
|-unboost|p1a: Breloom|spa|2
|faint|p2a: FAIRY SOLIDARITY
|move|p1a: Breloom|Swords Dance|p1a: Breloom
|-boost|p1a: Breloom|atk|2
|
|-heal|p1a: Breloom|97\/323|[from] item: Leftovers
|
|switch|p2a: THE BP SAVIOR|Smeargle, M, shiny|251\/251
|turn|8
|
|move|p1a: Breloom|Mach Punch|p2a: THE BP SAVIOR
|-supereffective|p2a: THE BP SAVIOR
|-damage|p2a: THE BP SAVIOR|77\/251
|move|p2a: THE BP SAVIOR|Cotton Guard|p2a: THE BP SAVIOR
|-boost|p2a: THE BP SAVIOR|def|3
|
|-heal|p1a: Breloom|117\/323|[from] item: Leftovers
|turn|9
|
|move|p1a: Breloom|Mach Punch|p2a: THE BP SAVIOR
|-supereffective|p2a: THE BP SAVIOR
|-damage|p2a: THE BP SAVIOR|4\/251
|move|p2a: THE BP SAVIOR|Baton Pass|p2a: THE BP SAVIOR
|
|switch|p2a: Clefable|Clefable, M|385\/385
|
|-heal|p1a: Breloom|137\/323|[from] item: Leftovers
|-sideend|p2: ladder troll haha|move: Tailwind
|turn|10
|
|move|p1a: Breloom|Substitute|p1a: Breloom
|-start|p1a: Breloom|Substitute
|-damage|p1a: Breloom|57\/323
|move|p2a: Clefable|Calm Mind|p2a: Clefable
|-boost|p2a: Clefable|spa|1
|-boost|p2a: Clefable|spd|1
|
|-heal|p1a: Breloom|77\/323|[from] item: Leftovers
|-sideend|p2: ladder troll haha|Reflect
|turn|11
|
|move|p1a: Breloom|Swords Dance|p1a: Breloom
|-boost|p1a: Breloom|atk|2
|move|p2a: Clefable|Moonblast|p1a: Breloom
|-supereffective|p1a: Breloom
|-end|p1a: Breloom|Substitute
|
|-heal|p1a: Breloom|97\/323|[from] item: Leftovers
|turn|12
|
|move|p1a: Breloom|Bullet Seed|p2a: Clefable
|-damage|p2a: Clefable|303\/385
|-damage|p2a: Clefable|231\/385
|-damage|p2a: Clefable|159\/385
|-hitcount|p2a: Clefable|3
|move|p2a: Clefable|Moonblast|p1a: Breloom
|-supereffective|p1a: Breloom
|-damage|p1a: Breloom|0 fnt
|faint|p1a: Breloom
|
|c|âladder troll haha|sub + Sd
|c|âladder troll haha|gg
|
|switch|p1a: Medicham|Medicham-Mega, F|261\/261
|turn|13
|
|move|p1a: Medicham|Fake Out|p2a: Clefable
|-damage|p2a: Clefable|117\/385
|cant|p2a: Clefable|flinch
|
|turn|14
|
|move|p1a: Medicham|Zen Headbutt|p2a: Clefable
|-damage|p2a: Clefable|0 fnt
|faint|p2a: Clefable
|
|-message|ladder troll haha forfeited.
|
|win|TheCodGod
|raw|Ladder updating...
|leave|ladder troll haha
|player|p2