|join|ladder troll haha
|join|Reverb
|player|p1|ladder troll haha|7
|player|p2|Reverb|#reverb
|gametype|singles
|gen|6
|tier|OU
|rated
|clearpoke
|poke|p1|Cottonee, M
|poke|p1|Azelf
|poke|p1|Whimsicott, F
|poke|p1|Smeargle, M, shiny
|poke|p1|Espeon, M
|poke|p1|Clefable, M
|poke|p2|Empoleon, M
|poke|p2|Tyranitar, M
|poke|p2|Charizard, F
|poke|p2|Keldeo
|poke|p2|Kyurem-Black
|poke|p2|Landorus-Therian, M
|rule|Swagger Clause: Swagger is banned
|rule|Baton Pass Clause: Limit one PokÃ©mon knowing Baton Pass
|rule|Sleep Clause Mod: Limit one foe put to sleep
|rule|Species Clause: Limit one of each PokÃ©mon
|rule|OHKO Clause: OHKO moves are banned
|rule|Moody Clause: Moody is banned
|rule|Evasion Moves Clause: Evasion moves are banned
|rule|Endless Battle Clause: Forcing endless battles is banned
|rule|HP Percentage Mod: HP is shown in percentages
|teampreview
|
|start
|switch|p1a: CHICHICHI LELELE|Cottonee, M|284\/284
|switch|p2a: Landorus-Therian|Landorus-Therian, M|327\/327
|-ability|p2a: Landorus-Therian|Intimidate|[of] p1a: CHICHICHI LELELE
|-unboost|p1a: CHICHICHI LELELE|atk|1
|turn|1
|
|move|p1a: CHICHICHI LELELE|Tailwind|p1a: CHICHICHI LELELE
|-sidestart|p1: ladder troll haha|move: Tailwind
|move|p2a: Landorus-Therian|U-turn|p1a: CHICHICHI LELELE
|-damage|p1a: CHICHICHI LELELE|148\/284
|
|switch|p2a: Empoleon|Empoleon, M|372\/372
|
|turn|2
|join|haunter
|
|move|p1a: CHICHICHI LELELE|Taunt|p2a: Empoleon
|-start|p2a: Empoleon|move: Taunt
|move|p2a: Empoleon|Scald|p1a: CHICHICHI LELELE
|-resisted|p1a: CHICHICHI LELELE
|-damage|p1a: CHICHICHI LELELE|52\/284
|-status|p1a: CHICHICHI LELELE|brn
|
|-damage|p1a: CHICHICHI LELELE|17\/284 brn|[from] brn
|turn|3
|
|move|p1a: CHICHICHI LELELE|Taunt|p2a: Empoleon
|-fail|p2a: Empoleon
|move|p2a: Empoleon|Scald|p1a: CHICHICHI LELELE
|-resisted|p1a: CHICHICHI LELELE
|-damage|p1a: CHICHICHI LELELE|0 fnt
|faint|p1a: CHICHICHI LELELE
|
|
|switch|p1a: VIVA CHILE|Azelf|354\/354
|turn|4
|
|switch|p2a: Landorus-Therian|Landorus-Therian, M|327\/327
|-ability|p2a: Landorus-Therian|Intimidate|[of] p1a: VIVA CHILE
|-unboost|p1a: VIVA CHILE|atk|1
|move|p1a: VIVA CHILE|Reflect|p1a: VIVA CHILE
|-sidestart|p1: ladder troll haha|Reflect
|
|-sideend|p1: ladder troll haha|move: Tailwind
|turn|5
|
|move|p2a: Landorus-Therian|U-turn|p1a: VIVA CHILE
|-supereffective|p1a: VIVA CHILE
|-damage|p1a: VIVA CHILE|249\/354
|
|switch|p2a: Tyranitar|Tyranitar, M|383\/383
|-weather|Sandstorm
|move|p1a: VIVA CHILE|Light Screen|p1a: VIVA CHILE
|-sidestart|p1: ladder troll haha|move: Light Screen
|
|-weather|Sandstorm|[upkeep]
|-damage|p1a: VIVA CHILE|227\/354|[from] sandstorm
|turn|6
|join|Austin
|join|Squirrelll
|join|Gros orteil ï£¿ï£¿ï£¿
|c|+Gros orteil ï£¿ï£¿ï£¿|BP rmt should be forbidden
|c| Squirrelll|this is an rmt?
|
|switch|p2a: Landorus-Therian|Landorus-Therian, M|327\/327
|-ability|p2a: Landorus-Therian|Intimidate|[of] p1a: VIVA CHILE
|-unboost|p1a: VIVA CHILE|atk|1
|move|p1a: VIVA CHILE|Explosion|p2a: Landorus-Therian
|-damage|p2a: Landorus-Therian|199\/327
|faint|p1a: VIVA CHILE
|
|-weather|Sandstorm|[upkeep]
|c|+Gros orteil ï£¿ï£¿ï£¿|ye
|
|switch|p1a: FAIRY SOLIDARITY|Whimsicott, F|324\/324
|turn|7
|c|âReverb|whose?
|c|âReverb|denis?
|c|~haunter|you should be forbidden
|c| Squirrelll|that makes sense
|c|~haunter|to talk
|c| Squirrelll|i see this everywhere
|
|move|p1a: FAIRY SOLIDARITY|Memento|p2a: Landorus-Therian
|-unboost|p2a: Landorus-Therian|atk|2
|-unboost|p2a: Landorus-Therian|spa|2
|faint|p1a: FAIRY SOLIDARITY
|move|p2a: Landorus-Therian|U-turn|p1: FAIRY SOLIDARITY|[notarget]
|-notarget
|
|-weather|Sandstorm|[upkeep]
|
|switch|p1a: THE BP SAVIOR|Smeargle, M, shiny|251\/251
|turn|8
|join|Alfalfa
|
|switch|p2a: Empoleon|Empoleon, M|372\/372
|move|p1a: THE BP SAVIOR|Geomancy|p1a: THE BP SAVIOR|[still]
|-prepare|p1a: THE BP SAVIOR|Geomancy|p1a: THE BP SAVIOR
|-enditem|p1a: THE BP SAVIOR|Power Herb
|-anim|p1a: THE BP SAVIOR|Geomancy|p1a: THE BP SAVIOR
|-boost|p1a: THE BP SAVIOR|spa|2
|-boost|p1a: THE BP SAVIOR|spd|2
|-boost|p1a: THE BP SAVIOR|spe|2
|
|-weather|Sandstorm|[upkeep]
|-damage|p1a: THE BP SAVIOR|236\/251|[from] sandstorm
|turn|9
|
|move|p1a: THE BP SAVIOR|Taunt|p2a: Empoleon
|-start|p2a: Empoleon|move: Taunt
|cant|p2a: Empoleon|move: Taunt|Roar
|
|-weather|none
|turn|10
|
|switch|p2a: Tyranitar|Tyranitar, M|383\/383
|-weather|Sandstorm
|move|p1a: THE BP SAVIOR|Cotton Guard|p1a: THE BP SAVIOR
|-boost|p1a: THE BP SAVIOR|def|3
|
|-weather|Sandstorm|[upkeep]
|-damage|p1a: THE BP SAVIOR|221\/251|[from] sandstorm
|turn|11
|join|jake5
|join|RS Swept
|
|move|p1a: THE BP SAVIOR|Cotton Guard|p1a: THE BP SAVIOR
|-boost|p1a: THE BP SAVIOR|def|3
|move|p2a: Tyranitar|Crunch|p1a: THE BP SAVIOR
|-damage|p1a: THE BP SAVIOR|179\/251
|
|-weather|Sandstorm|[upkeep]
|-damage|p1a: THE BP SAVIOR|164\/251|[from] sandstorm
|-sideend|p1: ladder troll haha|Reflect
|turn|12
|c| jake5|ban him
|
|move|p1a: THE BP SAVIOR|Baton Pass|p1a: THE BP SAVIOR
|
|switch|p1a: DON TROLEONE|Espeon, M|321\/321
|move|p2a: Tyranitar|Crunch|p1a: DON TROLEONE
|-crit|p1a: DON TROLEONE
|-supereffective|p1a: DON TROLEONE
|-damage|p1a: DON TROLEONE|0 fnt
|faint|p1a: DON TROLEONE
|
|-weather|Sandstorm|[upkeep]
|-sideend|p1: ladder troll haha|move: Light Screen
|c|âladder troll haha|:x
|c| Alfalfa|Hahaha
|c|+Austin|Loooool
|c|+Gros orteil ï£¿ï£¿ï£¿|boum
|-message|ladder troll haha forfeited.
|
|win|Reverb
|raw|Ladder updating...
|leave|ladder troll haha
|player|p1
|c| jake5|lel
|c| Squirrelll|justice
|leave|haunter
|leave|jake5
|raw|ladder troll haha's rating: 1715 &rarr; <strong>1700<\/strong><br \/>(-15 for losing)
|raw|Reverb's rating: 1808 &rarr; <strong>1823<\/strong><br \/>(+15 for winning)
|leave|Reverb
|player|p2
|leave|Austin
|leave|Gros orteil ï£¿ï£¿ï£¿