|join|Obitoo
|join|Ferocca
|player|p1|Obitoo|165
|player|p2|Ferocca|202
|gametype|singles
|gen|6
|tier|UU
|rated
|rule|Sleep Clause Mod: Limit one foe put to sleep
|rule|Species Clause: Limit one of each PokÃ©mon
|rule|OHKO Clause: OHKO moves are banned
|rule|Moody Clause: Moody is banned
|rule|Evasion Moves Clause: Evasion moves are banned
|rule|Endless Battle Clause: Forcing endless battles is banned
|rule|HP Percentage Mod: HP is shown in percentages
|clearpoke
|poke|p1|Espeon, M
|poke|p1|Starmie
|poke|p1|Trevenant, M
|poke|p1|Lopunny, F
|poke|p1|Ninjask, F
|poke|p1|Zygarde
|poke|p2|Doublade, F
|poke|p2|Hydreigon, F
|poke|p2|Alakazam, F
|poke|p2|Swampert, F
|poke|p2|Toxicroak, M
|poke|p2|Florges, F
|rule|Swagger Clause: Swagger is banned
|rule|Baton Pass Clause: Limit one PokÃ©mon knowing Baton Pass
|teampreview
|
|start
|switch|p1a: Meow|Espeon, M|272\/272
|switch|p2a: Swampert|Swampert, F|403\/403
|turn|1
|
|switch|p2a: Florges|Florges, F|359\/359
|move|p1a: Meow|Dazzling Gleam|p2a: Florges
|-damage|p2a: Florges|277\/359
|-damage|p1a: Meow|245\/272|[from] item: Life Orb
|
|-heal|p2a: Florges|299\/359|[from] item: Leftovers
|turn|2
|
|move|p1a: Meow|Psyshock|p2a: Florges
|-damage|p2a: Florges|139\/359
|-damage|p1a: Meow|218\/272|[from] item: Life Orb
|move|p2a: Florges|Moonblast|p1a: Meow
|-damage|p1a: Meow|85\/272
|
|-heal|p2a: Florges|161\/359|[from] item: Leftovers
|turn|3
|
|move|p2a: Florges|Protect|p2a: Florges
|-singleturn|p2a: Florges|Protect
|move|p1a: Meow|Calm Mind|p1a: Meow
|-boost|p1a: Meow|spa|1
|-boost|p1a: Meow|spd|1
|
|-heal|p2a: Florges|183\/359|[from] item: Leftovers
|turn|4
|
|switch|p2a: Hydreigon|Hydreigon, F|325\/325
|move|p1a: Meow|Psyshock|p2a: Hydreigon
|-immune|p2a: Hydreigon|[msg]
|
|turn|5
|
|move|p2a: Hydreigon|Dark Pulse|p1a: Meow
|-supereffective|p1a: Meow
|-damage|p1a: Meow|0 fnt
|faint|p1a: Meow
|
|
|switch|p1a: Ninjask|Ninjask, F|326\/326
|turn|6
|
|switch|p2a: Doublade|Doublade, F|321\/321
|move|p1a: Ninjask|Swords Dance|p1a: Ninjask
|-boost|p1a: Ninjask|atk|2
|
|-boost|p1a: Ninjask|spe|1|[from] ability: Speed Boost
|turn|7
|
|move|p1a: Ninjask|Protect|p1a: Ninjask
|-singleturn|p1a: Ninjask|Protect
|move|p2a: Doublade|Swords Dance|p2a: Doublade
|-boost|p2a: Doublade|atk|2
|
|-boost|p1a: Ninjask|spe|1|[from] ability: Speed Boost
|turn|8
|
|move|p1a: Ninjask|Baton Pass|p1a: Ninjask
|
|switch|p1a: Lopunny|Lopunny, F|272\/272
|move|p2a: Doublade|Iron Head|p1a: Lopunny
|-crit|p1a: Lopunny
|-damage|p1a: Lopunny|0 fnt
|faint|p1a: Lopunny
|
|
|switch|p1a: Ninjask|Ninjask, F|326\/326
|turn|9
|
|move|p1a: Ninjask|Swords Dance|p1a: Ninjask
|-boost|p1a: Ninjask|atk|2
|move|p2a: Doublade|Swords Dance|p2a: Doublade
|-boost|p2a: Doublade|atk|2
|
|-boost|p1a: Ninjask|spe|1|[from] ability: Speed Boost
|turn|10
|
|move|p1a: Ninjask|Swords Dance|p1a: Ninjask
|-boost|p1a: Ninjask|atk|2
|move|p2a: Doublade|Iron Head|p1a: Ninjask
|-enditem|p1a: Ninjask|Focus Sash
|-damage|p1a: Ninjask|1\/326
|
|-boost|p1a: Ninjask|spe|1|[from] ability: Speed Boost
|turn|11
|
|move|p1a: Ninjask|Protect|p1a: Ninjask
|-singleturn|p1a: Ninjask|Protect
|move|p2a: Doublade|Shadow Sneak|p1a: Ninjask
|-activate|p1a: Ninjask|Protect
|
|-boost|p1a: Ninjask|spe|1|[from] ability: Speed Boost
|turn|12
|
|move|p2a: Doublade|Shadow Sneak|p1a: Ninjask
|-damage|p1a: Ninjask|0 fnt
|faint|p1a: Ninjask
|
|
|switch|p1a: Zygarde|Zygarde|407\/407
|-ability|p1a: Zygarde|Aura Break
|turn|13
|
|move|p2a: Doublade|Iron Head|p1a: Zygarde
|-damage|p1a: Zygarde|37\/407
|move|p1a: Zygarde|Dragon Tail|p2a: Doublade
|-crit|p2a: Doublade
|-resisted|p2a: Doublade
|-damage|p2a: Doublade|298\/321
|drag|p2a: Hydreigon|Hydreigon, F|325\/325
|
|-heal|p1a: Zygarde|62\/407|[from] item: Leftovers
|turn|14
|
|move|p2a: Hydreigon|Dark Pulse|p1a: Zygarde
|-damage|p1a: Zygarde|0 fnt
|faint|p1a: Zygarde
|
|
|switch|p1a: Surprise|Trevenant, M|372\/372
|turn|15
|
|move|p2a: Hydreigon|Dark Pulse|p1a: Surprise
|-supereffective|p1a: Surprise
|-damage|p1a: Surprise|160\/372
|move|p1a: Surprise|Sunny Day|p1a: Surprise
|-weather|SunnyDay
|
|-weather|SunnyDay|[upkeep]
|turn|16
|
|move|p2a: Hydreigon|Dark Pulse|p1a: Surprise
|-crit|p1a: Surprise
|-supereffective|p1a: Surprise
|-damage|p1a: Surprise|0 fnt
|faint|p1a: Surprise
|
|-weather|SunnyDay|[upkeep]
|-message|Obitoo forfeited.
|
|win|Ferocca
|raw|Ladder updating...
|leave|Obitoo
|player|p1
|raw|Obitoo's rating: 1257 &rarr; <strong>1231<\/strong><br \/>(-26 for losing)
|raw|Ferocca's rating: 1248 &rarr; <strong>1273<\/strong><br \/>(+25 for winning)