|join|frostnova10
|join|Ferocca
|player|p1|frostnova10|293
|player|p2|Ferocca|202
|gametype|singles
|gen|6
|tier|UU
|rated
|rule|Sleep Clause Mod: Limit one foe put to sleep
|rule|Species Clause: Limit one of each PokÃ©mon
|rule|OHKO Clause: OHKO moves are banned
|rule|Moody Clause: Moody is banned
|rule|Evasion Moves Clause: Evasion moves are banned
|rule|Endless Battle Clause: Forcing endless battles is banned
|rule|HP Percentage Mod: HP is shown in percentages
|clearpoke
|poke|p1|Cloyster, F
|poke|p1|Donphan, M
|poke|p1|Darmanitan, F
|poke|p1|Toxicroak, F
|poke|p1|Yanmega, M
|poke|p1|Sharpedo, M
|poke|p2|Pidgeot, F
|poke|p2|Magneton
|poke|p2|Swampert, M
|poke|p2|Hydreigon, F
|poke|p2|Doublade, F
|poke|p2|Honchkrow, M
|rule|Swagger Clause: Swagger is banned
|rule|Baton Pass Clause: Limit one PokÃ©mon knowing Baton Pass
|teampreview
|
|start
|switch|p1a: Yanmega|Yanmega, M|313\/313
|switch|p2a: Hydreigon|Hydreigon, F|325\/325
|turn|1
|
|move|p1a: Yanmega|Protect|p1a: Yanmega
|-singleturn|p1a: Yanmega|Protect
|move|p2a: Hydreigon|Draco Meteor|p1a: Yanmega
|-activate|p1a: Yanmega|Protect
|
|-boost|p1a: Yanmega|spe|1|[from] ability: Speed Boost
|turn|2
|
|move|p2a: Hydreigon|Draco Meteor|p1a: Yanmega|[miss]
|-miss|p2a: Hydreigon|p1a: Yanmega
|move|p1a: Yanmega|Bug Buzz|p2a: Hydreigon
|-supereffective|p2a: Hydreigon
|-damage|p2a: Hydreigon|0 fnt
|-damage|p1a: Yanmega|282\/313|[from] item: Life Orb
|faint|p2a: Hydreigon
|
|-boost|p1a: Yanmega|spe|1|[from] ability: Speed Boost
|c|âfrostnova10|lol
|
|switch|p2a: Pidgeot|Pidgeot, F|345\/345
|turn|3
|
|detailschange|p2a: Pidgeot|Pidgeot-Mega, F
|-mega|p2a: Pidgeot|Pidgeot|Pidgeotite
|move|p1a: Yanmega|Protect|p1a: Yanmega
|-singleturn|p1a: Yanmega|Protect
|move|p2a: Pidgeot|Hurricane|p1a: Yanmega
|-activate|p1a: Yanmega|Protect
|
|-boost|p1a: Yanmega|spe|1|[from] ability: Speed Boost
|turn|4
|
|move|p1a: Yanmega|Air Slash|p2a: Pidgeot
|-damage|p2a: Pidgeot|154\/345
|-damage|p1a: Yanmega|251\/313|[from] item: Life Orb
|move|p2a: Pidgeot|Hurricane|p1a: Yanmega
|-supereffective|p1a: Yanmega
|-damage|p1a: Yanmega|0 fnt
|faint|p1a: Yanmega
|
|
|switch|p1a: Cloyster|Cloyster, F|303\/303
|turn|5
|
|move|p2a: Pidgeot|Hurricane|p1a: Cloyster
|-damage|p1a: Cloyster|0 fnt
|faint|p1a: Cloyster
|
|
|switch|p1a: Donphan|Donphan, M|383\/383
|turn|6
|
|move|p1a: Donphan|Ice Shard|p2a: Pidgeot
|-supereffective|p2a: Pidgeot
|-damage|p2a: Pidgeot|32\/345
|move|p2a: Pidgeot|Roost|p2a: Pidgeot
|-heal|p2a: Pidgeot|205\/345
|
|turn|7
|
|switch|p2a: Swampert|Swampert, M|403\/403
|move|p1a: Donphan|Knock Off|p2a: Swampert
|-damage|p2a: Swampert|313\/403
|-enditem|p2a: Swampert|Leftovers|[from] move: Knock Off|[of] p1a: Donphan
|
|turn|8
|
|move|p2a: Swampert|Stealth Rock|p1a: Donphan
|-sidestart|p1: frostnova10|move: Stealth Rock
|move|p1a: Donphan|Earthquake|p2a: Swampert
|-damage|p2a: Swampert|178\/403
|
|turn|9
|
|move|p2a: Swampert|Scald|p1a: Donphan
|-supereffective|p1a: Donphan
|-damage|p1a: Donphan|141\/383
|move|p1a: Donphan|Earthquake|p2a: Swampert
|-damage|p2a: Swampert|34\/403
|
|turn|10
|
|move|p1a: Donphan|Ice Shard|p2a: Swampert
|-damage|p2a: Swampert|0 fnt
|faint|p2a: Swampert
|
|
|switch|p2a: Pidgeot|Pidgeot-Mega, F|205\/345
|turn|11
|
|move|p1a: Donphan|Ice Shard|p2a: Pidgeot
|-supereffective|p2a: Pidgeot
|-damage|p2a: Pidgeot|87\/345
|move|p2a: Pidgeot|Roost|p2a: Pidgeot
|-heal|p2a: Pidgeot|260\/345
|
|turn|12
|
|move|p2a: Pidgeot|Agility|p2a: Pidgeot
|-boost|p2a: Pidgeot|spe|2
|move|p1a: Donphan|Rest|p1a: Donphan
|-status|p1a: Donphan|slp
|-heal|p1a: Donphan|383\/383 slp|[silent]
|-status|p1a: Donphan|slp|[from] move: Rest
|-enditem|p1a: Donphan|Chesto Berry|[eat]
|-curestatus|p1a: Donphan|slp
|
|turn|13
|c|âfrostnova10|take it
|
|move|p2a: Pidgeot|Hurricane|p1a: Donphan
|-damage|p1a: Donphan|62\/383
|move|p1a: Donphan|Knock Off|p2a: Pidgeot
|-damage|p2a: Pidgeot|166\/345
|
|turn|14
|
|move|p1a: Donphan|Ice Shard|p2a: Pidgeot
|-supereffective|p2a: Pidgeot
|-damage|p2a: Pidgeot|42\/345
|move|p2a: Pidgeot|Roost|p2a: Pidgeot
|-heal|p2a: Pidgeot|215\/345
|
|turn|15
|
|move|p1a: Donphan|Ice Shard|p2a: Pidgeot
|-supereffective|p2a: Pidgeot
|-damage|p2a: Pidgeot|93\/345
|move|p2a: Pidgeot|Hurricane|p1a: Donphan
|-damage|p1a: Donphan|0 fnt
|faint|p1a: Donphan
|
|
|switch|p1a: Darmanitan|Darmanitan, F|413\/413
|-damage|p1a: Darmanitan|310\/413|[from] Stealth Rock
|turn|16
|
|move|p2a: Pidgeot|Hurricane|p1a: Darmanitan
|-damage|p1a: Darmanitan|0 fnt
|faint|p1a: Darmanitan
|
|
|switch|p1a: Sharpedo|Sharpedo, M|281\/281
|-damage|p1a: Sharpedo|246\/281|[from] Stealth Rock
|turn|17
|
|move|p1a: Sharpedo|Protect|p1a: Sharpedo
|-singleturn|p1a: Sharpedo|Protect
|move|p2a: Pidgeot|Hurricane|p1a: Sharpedo
|-activate|p1a: Sharpedo|Protect
|
|-boost|p1a: Sharpedo|spe|1|[from] ability: Speed Boost
|turn|18
|
|detailschange|p1a: Sharpedo|Sharpedo-Mega, M
|-mega|p1a: Sharpedo|Sharpedo|Sharpedonite
|move|p2a: Pidgeot|Hurricane|p1a: Sharpedo
|-damage|p1a: Sharpedo|0 fnt
|faint|p1a: Sharpedo
|
|c|âfrostnova10|gg
|c|âFerocca|gg
|-message|frostnova10 forfeited.
|leave|frostnova10
|
|win|Ferocca
|raw|Ladder updating...
|player|p1