|join|Ferocca
|join|Plotiwu
|player|p1|Ferocca|202
|player|p2|Plotiwu|2
|gametype|singles
|gen|6
|tier|UU
|rated
|rule|Sleep Clause Mod: Limit one foe put to sleep
|rule|Species Clause: Limit one of each PokÃ©mon
|rule|OHKO Clause: OHKO moves are banned
|rule|Moody Clause: Moody is banned
|rule|Evasion Moves Clause: Evasion moves are banned
|rule|Endless Battle Clause: Forcing endless battles is banned
|rule|HP Percentage Mod: HP is shown in percentages
|clearpoke
|poke|p1|Pidgeot, F
|poke|p1|Magneton
|poke|p1|Swampert, M
|poke|p1|Hydreigon, M
|poke|p1|Doublade, M
|poke|p1|Honchkrow, F
|poke|p2|Nidoking, M
|poke|p2|Honchkrow, M
|poke|p2|Chandelure, F
|poke|p2|Chesnaught, F
|poke|p2|Empoleon, M, shiny
|poke|p2|Mienshao, F
|rule|Swagger Clause: Swagger is banned
|rule|Baton Pass Clause: Limit one PokÃ©mon knowing Baton Pass
|teampreview
|
|start
|switch|p1a: Pidgeot|Pidgeot, F|345\/345
|switch|p2a: Mienshao|Mienshao, F|271\/271
|turn|1
|
|detailschange|p1a: Pidgeot|Pidgeot-Mega, F
|-mega|p1a: Pidgeot|Pidgeot|Pidgeotite
|move|p2a: Mienshao|High Jump Kick|p1a: Pidgeot
|-damage|p1a: Pidgeot|0 fnt
|faint|p1a: Pidgeot
|
|c|âPlotiwu|no fear
|c|âFerocca|I'm a bulky defog pidgeot :(
|c|âFerocca|only 72 speed
|
|switch|p1a: Doublade|Doublade, M|319\/319
|turn|2
|c|âPlotiwu|well you woudnt outspeed even at max speed cause it takes 1 turn after mega for the stats and ability to activate
|c|âPlotiwu|i think
|
|switch|p2a: Nidoking|Nidoking, M|303\/303
|move|p1a: Doublade|Iron Head|p2a: Nidoking
|-damage|p2a: Nidoking|122\/303
|
|turn|3
|c|âFerocca|it's not about the speed. look:
|c|âFerocca|252 Atk Reckless Mienshao High Jump Kick vs. 152 HP \/ 16 Def Mega Pidgeot: 292-345 (84.6 - 100%) -- 6.3% chance to OHKO
|c|âFerocca|so probably banded
|c|âPlotiwu|yea
|
|switch|p1a: Hydreigon|Hydreigon, M|325\/325
|move|p2a: Nidoking|Ice Beam|p1a: Hydreigon
|-supereffective|p1a: Hydreigon
|-damage|p1a: Hydreigon|10\/325
|
|turn|4
|
|switch|p2a: Empoleon|Empoleon, M, shiny|371\/371
|move|p1a: Hydreigon|U-turn|p2a: Empoleon
|-resisted|p2a: Empoleon
|-damage|p2a: Empoleon|343\/371
|
|switch|p1a: Magneton|Magneton|303\/303
|
|-heal|p2a: Empoleon|366\/371|[from] item: Leftovers
|turn|5
|c|âPlotiwu|is that set viable for mega bird
|c|âPlotiwu|never seen it
|
|move|p1a: Magneton|Thunderbolt|p2a: Empoleon
|-supereffective|p2a: Empoleon
|-damage|p2a: Empoleon|144\/371
|move|p2a: Empoleon|Stealth Rock|p1a: Magneton
|-sidestart|p1: Ferocca|move: Stealth Rock
|
|-heal|p2a: Empoleon|167\/371|[from] item: Leftovers
|turn|6
|c|âFerocca|it is because it has agility. with 72 speed you still outspeed nidoking and after agility you even outspeed scarf crobat
|c|âPlotiwu|nice
|c|âFerocca|so it is hurricane, defog, agility
|c|âFerocca|then you can choose roost or heat wave, what you prefer
|c|âPlotiwu|very unconventional but cool
|
|move|p1a: Magneton|Thunderbolt|p2a: Empoleon
|-supereffective|p2a: Empoleon
|-damage|p2a: Empoleon|0 fnt
|faint|p2a: Empoleon
|
|
|switch|p2a: Nidoking|Nidoking, M|122\/303
|turn|7
|
|switch|p1a: Hydreigon|Hydreigon, M|10\/325
|-damage|p1a: Hydreigon|0 fnt|[from] Stealth Rock
|faint|p1a: Hydreigon
|move|p2a: Nidoking|Sludge Wave|p1: Hydreigon|[notarget]
|-notarget
|
|
|switch|p1a: Swampert|Swampert, M|403\/403
|-damage|p1a: Swampert|378\/403|[from] Stealth Rock
|turn|8
|
|switch|p2a: Chesnaught|Chesnaught, F|379\/379
|move|p1a: Swampert|Stealth Rock|p2a: Chesnaught
|-sidestart|p2: Plotiwu|move: Stealth Rock
|
|-heal|p1a: Swampert|403\/403|[from] item: Leftovers
|turn|9
|
|switch|p1a: Doublade|Doublade, M|319\/319
|-damage|p1a: Doublade|300\/319|[from] Stealth Rock
|move|p2a: Chesnaught|Wood Hammer|p1a: Doublade
|-resisted|p1a: Doublade
|-damage|p1a: Doublade|262\/319
|-damage|p2a: Chesnaught|366\/379|[from] recoil|[of] p1a: Doublade
|
|turn|10
|
|move|p2a: Chesnaught|Spikes|p1a: Doublade
|-sidestart|p1: Ferocca|Spikes
|move|p1a: Doublade|Swords Dance|p1a: Doublade
|-boost|p1a: Doublade|atk|2
|
|turn|11
|
|move|p2a: Chesnaught|Spikes|p1a: Doublade
|-sidestart|p1: Ferocca|Spikes
|move|p1a: Doublade|Swords Dance|p1a: Doublade
|-boost|p1a: Doublade|atk|2
|
|turn|12
|
|move|p2a: Chesnaught|Wood Hammer|p1a: Doublade
|-resisted|p1a: Doublade
|-damage|p1a: Doublade|229\/319
|-damage|p2a: Chesnaught|355\/379|[from] recoil|[of] p1a: Doublade
|move|p1a: Doublade|Swords Dance|p1a: Doublade
|-boost|p1a: Doublade|atk|2
|
|turn|13
|
|move|p2a: Chesnaught|Spiky Shield|p2a: Chesnaught
|-singleturn|p2a: Chesnaught|move: Protect
|move|p1a: Doublade|Iron Head|p2a: Chesnaught
|-activate|p2a: Chesnaught|move: Protect
|-damage|p1a: Doublade|190\/319|[from] Spiky Shield|[of] p2a: Chesnaught
|
|turn|14
|
|move|p2a: Chesnaught|Wood Hammer|p1a: Doublade
|-resisted|p1a: Doublade
|-damage|p1a: Doublade|153\/319
|-damage|p2a: Chesnaught|343\/379|[from] recoil|[of] p1a: Doublade
|move|p1a: Doublade|Iron Head|p2a: Chesnaught
|-damage|p2a: Chesnaught|0 fnt
|-damage|p1a: Doublade|100\/319|[from] item: Rocky Helmet|[of] p2a: Chesnaught
|faint|p2a: Chesnaught
|
|c|âPlotiwu|well i didnt think i would lose that fight
|c|âPlotiwu|now im fucked
|
|switch|p2a: Honchkrow|Honchkrow, M|341\/341
|-damage|p2a: Honchkrow|256\/341|[from] Stealth Rock
|turn|15
|c|âFerocca|I don't think so haha
|
|switch|p1a: Magneton|Magneton|303\/303
|-damage|p1a: Magneton|285\/303|[from] Stealth Rock
|-damage|p1a: Magneton|235\/303|[from] Spikes
|move|p2a: Honchkrow|Sucker Punch|p1a: Magneton
|-fail|p1a: Magneton
|
|turn|16
|c|âPlotiwu|i would have been so real if i clicked superpower
|c|âFerocca|then you'd have won as well
|
|move|p2a: Honchkrow|Sucker Punch|p1a: Magneton
|-damage|p1a: Magneton|93\/303
|-damage|p2a: Honchkrow|222\/341|[from] item: Life Orb
|move|p1a: Magneton|Flash Cannon|p2a: Honchkrow
|-damage|p2a: Honchkrow|0 fnt
|faint|p2a: Honchkrow
|
|
|switch|p2a: Chandelure|Chandelure, F|261\/261
|-damage|p2a: Chandelure|196\/261|[from] Stealth Rock
|turn|17
|
|move|p2a: Chandelure|Shadow Ball|p1a: Magneton
|-damage|p1a: Magneton|0 fnt
|faint|p1a: Magneton
|
|
|switch|p1a: Honchkrow|Honchkrow, F|341\/341
|-damage|p1a: Honchkrow|256\/341|[from] Stealth Rock
|turn|18
|
|move|p2a: Chandelure|Shadow Ball|p1a: Honchkrow
|-resisted|p1a: Honchkrow
|-damage|p1a: Honchkrow|113\/341
|move|p1a: Honchkrow|Brave Bird|p2a: Chandelure
|-damage|p2a: Chandelure|0 fnt
|-damage|p1a: Honchkrow|48\/341|[from] recoil|[of] p2a: Chandelure
|faint|p2a: Chandelure
|-boost|p1a: Honchkrow|atk|1|[from] ability: Moxie
|
|
|switch|p2a: Mienshao|Mienshao, F|271\/271
|-damage|p2a: Mienshao|255\/271|[from] Stealth Rock
|turn|19
|
|move|p1a: Honchkrow|Sucker Punch|p2a: Mienshao
|-resisted|p2a: Mienshao
|-damage|p2a: Mienshao|49\/271
|move|p2a: Mienshao|Knock Off|p1a: Honchkrow
|-resisted|p1a: Honchkrow
|-damage|p1a: Honchkrow|0 fnt
|-enditem|p1a: Honchkrow|Black Glasses|[from] move: Knock Off|[of] p2a: Mienshao
|faint|p1a: Honchkrow
|
|
|switch|p1a: Doublade|Doublade, M|100\/319
|-damage|p1a: Doublade|47\/319|[from] Spikes
|-damage|p1a: Doublade|28\/319|[from] Stealth Rock
|turn|20
|c|âFerocca|damn, one more spike and you'd have won
|
|move|p1a: Doublade|Shadow Sneak|p2a: Mienshao
|-crit|p2a: Mienshao
|-damage|p2a: Mienshao|0 fnt
|faint|p2a: Mienshao
|
|c|âFerocca|unless nidoking is specs or sth then you win anyway
|
|switch|p2a: Nidoking|Nidoking, M|122\/303
|-damage|p2a: Nidoking|104\/303|[from] Stealth Rock
|turn|21
|
|move|p1a: Doublade|Shadow Sneak|p2a: Nidoking
|-damage|p2a: Nidoking|25\/303
|move|p2a: Nidoking|Earth Power|p1a: Doublade
|-crit|p1a: Doublade
|-supereffective|p1a: Doublade
|-damage|p1a: Doublade|0 fnt
|faint|p1a: Doublade
|
|c|âPlotiwu|i need a crit
|c|âFerocca|no matter what happens gg
|
|switch|p1a: Swampert|Swampert, M|403\/403
|-damage|p1a: Swampert|378\/403|[from] Stealth Rock
|-damage|p1a: Swampert|311\/403|[from] Spikes
|turn|22
|c|âPlotiwu|or i have hp grass
|c|âFerocca|kek
|c|âPlotiwu|gg man
|
|move|p2a: Nidoking|Earth Power|p1a: Swampert
|-damage|p1a: Swampert|80\/403
|move|p1a: Swampert|Earthquake|p2a: Nidoking
|-supereffective|p2a: Nidoking
|-damage|p2a: Nidoking|0 fnt
|faint|p2a: Nidoking
|
|win|Ferocca
|raw|Ladder updating...
|raw|Ferocca's rating: 1418 &rarr; <strong>1430<\/strong><br \/>(+12 for winning)
|raw|Plotiwu's rating: 1258 &rarr; <strong>1244<\/strong><br \/>(-14 for losing)
|c|âPlotiwu|c ya
|c|âFerocca|later