|join|Sir Mystery
|join|MicroDerps
|player|p1|Sir Mystery|102
|player|p2|MicroDerps|267
|gametype|singles
|gen|6
|tier|UU
|rated
|rule|Sleep Clause Mod: Limit one foe put to sleep
|rule|Species Clause: Limit one of each PokÃ©mon
|rule|OHKO Clause: OHKO moves are banned
|rule|Moody Clause: Moody is banned
|rule|Evasion Moves Clause: Evasion moves are banned
|rule|Endless Battle Clause: Forcing endless battles is banned
|rule|HP Percentage Mod: HP is shown in percentages
|clearpoke
|poke|p1|Machamp, M
|poke|p1|Aggron, F
|poke|p1|Togetic, F
|poke|p1|Vaporeon, F
|poke|p1|Hydreigon, M
|poke|p1|Celebi
|poke|p2|Crobat, M
|poke|p2|Uxie
|poke|p2|Lanturn, F, shiny
|poke|p2|Chandelure, F, shiny
|poke|p2|Snorlax, M, shiny
|poke|p2|Sceptile, M
|rule|Swagger Clause: Swagger is banned
|rule|Baton Pass Clause: Limit one PokÃ©mon knowing Baton Pass
|teampreview
|
|start
|switch|p1a: Machamp|Machamp, M|364\/364
|switch|p2a: Uxie|Uxie|354\/354
|turn|1
|
|move|p2a: Uxie|U-turn|p1a: Machamp
|-resisted|p1a: Machamp
|-damage|p1a: Machamp|337\/364
|
|switch|p2a: Crobat|Crobat, M|373\/373
|move|p1a: Machamp|Knock Off|p2a: Crobat
|-damage|p2a: Crobat|233\/373
|-enditem|p2a: Crobat|Black Sludge|[from] move: Knock Off|[of] p1a: Machamp
|
|turn|2
|
|switch|p1a: Aggron|Aggron, F|344\/344
|move|p2a: Crobat|Roost|p2a: Crobat
|-heal|p2a: Crobat|373\/373
|
|turn|3
|
|switch|p2a: Uxie|Uxie|354\/354
|detailschange|p1a: Aggron|Aggron-Mega, F
|-mega|p1a: Aggron|Aggron|Aggronite
|move|p1a: Aggron|Roar|p2a: Uxie
|drag|p2a: Snorlax|Snorlax, M, shiny|524\/524
|
|turn|4
|
|move|p1a: Aggron|Stealth Rock|p2a: Snorlax
|-sidestart|p2: MicroDerps|move: Stealth Rock
|move|p2a: Snorlax|Earthquake|p1a: Aggron
|-supereffective|p1a: Aggron
|-damage|p1a: Aggron|266\/344
|
|turn|5
|
|move|p2a: Snorlax|Earthquake|p1a: Aggron
|-supereffective|p1a: Aggron
|-damage|p1a: Aggron|191\/344
|move|p1a: Aggron|Roar|p2a: Snorlax
|drag|p2a: Sceptile|Sceptile, M|281\/281
|-damage|p2a: Sceptile|246\/281|[from] Stealth Rock
|
|turn|6
|
|switch|p1a: Togetic|Togetic, F|314\/314
|detailschange|p2a: Sceptile|Sceptile-Mega, M
|-mega|p2a: Sceptile|Sceptile|Sceptilite
|move|p2a: Sceptile|Focus Blast|p1a: Togetic
|-resisted|p1a: Togetic
|-damage|p1a: Togetic|292\/314
|
|turn|7
|
|switch|p2a: Snorlax|Snorlax, M, shiny|524\/524
|-damage|p2a: Snorlax|459\/524|[from] Stealth Rock
|switch|p1a: Hydreigon|Hydreigon, M|325\/325
|
|turn|8
|
|switch|p2a: Lanturn|Lanturn, F, shiny|454\/454
|-damage|p2a: Lanturn|398\/454|[from] Stealth Rock
|move|p1a: Hydreigon|U-turn|p2a: Lanturn
|-crit|p2a: Lanturn
|-damage|p2a: Lanturn|277\/454
|
|switch|p1a: Celebi|Celebi|341\/341
|
|turn|9
|
|switch|p2a: Crobat|Crobat, M|373\/373
|-damage|p2a: Crobat|280\/373|[from] Stealth Rock
|move|p1a: Celebi|Zen Headbutt|p2a: Crobat|[miss]
|-miss|p1a: Celebi|p2a: Crobat
|
|turn|10
|c|âSir Mystery|Aww. :c
|
|switch|p2a: Uxie|Uxie|354\/354
|-damage|p2a: Uxie|310\/354|[from] Stealth Rock
|switch|p1a: Aggron|Aggron-Mega, F|191\/344
|
|-heal|p2a: Uxie|332\/354|[from] item: Leftovers
|turn|11
|c|âMicroDerps|:[
|
|move|p2a: Uxie|Stealth Rock|p1a: Aggron
|-sidestart|p1: Sir Mystery|move: Stealth Rock
|move|p1a: Aggron|Roar|p2a: Uxie
|drag|p2a: Crobat|Crobat, M|280\/373
|-damage|p2a: Crobat|187\/373|[from] Stealth Rock
|
|turn|12
|
|move|p2a: Crobat|Roost|p2a: Crobat
|-heal|p2a: Crobat|373\/373
|move|p1a: Aggron|Heavy Slam|p2a: Crobat
|-damage|p2a: Crobat|141\/373
|
|turn|13
|
|switch|p2a: Snorlax|Snorlax, M, shiny|459\/524
|-damage|p2a: Snorlax|394\/524|[from] Stealth Rock
|move|p1a: Aggron|Earthquake|p2a: Snorlax
|-damage|p2a: Snorlax|242\/524
|
|turn|14
|
|move|p1a: Aggron|Heavy Slam|p2a: Snorlax
|-damage|p2a: Snorlax|146\/524
|move|p2a: Snorlax|Earthquake|p1a: Aggron
|-supereffective|p1a: Aggron
|-damage|p1a: Aggron|118\/344
|
|turn|15
|
|switch|p1a: Hydreigon|Hydreigon, M|325\/325
|-damage|p1a: Hydreigon|285\/325|[from] Stealth Rock
|move|p2a: Snorlax|Heavy Slam|p1a: Hydreigon
|-damage|p1a: Hydreigon|193\/325
|
|turn|16
|
|switch|p2a: Lanturn|Lanturn, F, shiny|277\/454
|-damage|p2a: Lanturn|221\/454|[from] Stealth Rock
|move|p1a: Hydreigon|U-turn|p2a: Lanturn
|-damage|p2a: Lanturn|138\/454
|
|switch|p1a: Celebi|Celebi|341\/341
|-damage|p1a: Celebi|299\/341|[from] Stealth Rock
|
|turn|17
|
|move|p1a: Celebi|Swords Dance|p1a: Celebi
|-boost|p1a: Celebi|atk|2
|move|p2a: Lanturn|Ice Beam|p1a: Celebi
|-supereffective|p1a: Celebi
|-damage|p1a: Celebi|177\/341
|-heal|p2a: Lanturn|153\/454|[from] item: Shell Bell|[of] p1a: Celebi
|
|turn|18
|
|switch|p2a: Uxie|Uxie|332\/354
|-damage|p2a: Uxie|288\/354|[from] Stealth Rock
|move|p1a: Celebi|Seed Bomb|p2a: Uxie
|-damage|p2a: Uxie|115\/354
|-damage|p1a: Celebi|143\/341|[from] item: Life Orb
|
|-heal|p2a: Uxie|137\/354|[from] item: Leftovers
|turn|19
|
|move|p1a: Celebi|Seed Bomb|p2a: Uxie
|-damage|p2a: Uxie|0 fnt
|-damage|p1a: Celebi|109\/341|[from] item: Life Orb
|faint|p2a: Uxie
|
|
|switch|p2a: Crobat|Crobat, M|141\/373
|-damage|p2a: Crobat|48\/373|[from] Stealth Rock
|turn|20
|
|move|p1a: Celebi|Sucker Punch|p2a: Crobat
|-damage|p2a: Crobat|0 fnt
|-damage|p1a: Celebi|75\/341|[from] item: Life Orb
|faint|p2a: Crobat
|
|c|âMicroDerps|wait
|c|âMicroDerps|wat
|c|âSir Mystery|SD Celebi is a thing.
|c|âSir Mystery|You don't know it learned Sucker Punch?
|c|âMicroDerps|I never knew it gets sucker punch lol
|c|âSir Mystery|yeah c:
|c|âMicroDerps|welp
|
|switch|p2a: Snorlax|Snorlax, M, shiny|146\/524
|-damage|p2a: Snorlax|81\/524|[from] Stealth Rock
|turn|21
|
|move|p1a: Celebi|Seed Bomb|p2a: Snorlax
|-damage|p2a: Snorlax|0 fnt
|-damage|p1a: Celebi|41\/341|[from] item: Life Orb
|faint|p2a: Snorlax
|
|
|switch|p2a: Lanturn|Lanturn, F, shiny|153\/454
|-damage|p2a: Lanturn|97\/454|[from] Stealth Rock
|turn|22
|
|move|p1a: Celebi|Seed Bomb|p2a: Lanturn
|-supereffective|p2a: Lanturn
|-damage|p2a: Lanturn|0 fnt
|-damage|p1a: Celebi|7\/341|[from] item: Life Orb
|faint|p2a: Lanturn
|
|
|switch|p2a: Sceptile|Sceptile-Mega, M|246\/281
|-damage|p2a: Sceptile|211\/281|[from] Stealth Rock
|turn|23
|
|move|p1a: Celebi|Sucker Punch|p2a: Sceptile
|-damage|p2a: Sceptile|0 fnt
|-damage|p1a: Celebi|0 fnt|[from] item: Life Orb
|faint|p2a: Sceptile
|faint|p1a: Celebi
|
|c|âSir Mystery|gg
|c|âMicroDerps|holy crap
|c|âMicroDerps|gg
|
|switch|p1a: Hydreigon|Hydreigon, M|193\/325
|switch|p2a: Chandelure|Chandelure, F, shiny|261\/261
|-damage|p1a: Hydreigon|153\/325|[from] Stealth Rock
|-damage|p2a: Chandelure|196\/261|[from] Stealth Rock
|turn|24
|c|âMicroDerps|ima start using that set
|
|move|p1a: Hydreigon|Dark Pulse|p2a: Chandelure
|-supereffective|p2a: Chandelure
|-damage|p2a: Chandelure|0 fnt
|faint|p2a: Chandelure
|
|win|Sir Mystery
|raw|Ladder updating...
|raw|Sir Mystery's rating: 1218 &rarr; <strong>1240<\/strong><br \/>(+22 for winning)
|raw|MicroDerps's rating: 1177 &rarr; <strong>1155<\/strong><br \/>(-22 for losing)
|leave|Sir Mystery