|join|AlekDesu
|join|Yeiyi
|player|p1|AlekDesu|34
|player|p2|Yeiyi|290
|gametype|singles
|gen|6
|tier|OU
|rated
|clearpoke
|poke|p1|Keldeo
|poke|p1|Thundurus, M
|poke|p1|Tyranitar, M
|poke|p1|Excadrill, M
|poke|p1|Ferrothorn, M
|poke|p1|Clefable, M
|poke|p2|Mawile, M, shiny
|poke|p2|Thundurus, M
|poke|p2|Azumarill, F
|poke|p2|Landorus-Therian, M
|poke|p2|Latios, M
|poke|p2|Ferrothorn, F
|rule|Swagger Clause: Swagger is banned
|rule|Baton Pass Clause: Limit one PokÃ©mon knowing Baton Pass
|rule|Sleep Clause Mod: Limit one foe put to sleep
|rule|Species Clause: Limit one of each PokÃ©mon
|rule|OHKO Clause: OHKO moves are banned
|rule|Moody Clause: Moody is banned
|rule|Evasion Moves Clause: Evasion moves are banned
|rule|Endless Battle Clause: Forcing endless battles is banned
|rule|HP Percentage Mod: HP is shown in percentages
|teampreview
|
|start
|switch|p1a: Ferrothorn|Ferrothorn, M|352\/352
|switch|p2a: Ferrothorn|Ferrothorn, F|352\/352
|turn|1
|
|move|p1a: Ferrothorn|Stealth Rock|p2a: Ferrothorn
|-sidestart|p2: Yeiyi|move: Stealth Rock
|move|p2a: Ferrothorn|Stealth Rock|p1a: Ferrothorn
|-sidestart|p1: AlekDesu|move: Stealth Rock
|
|turn|2
|
|move|p2a: Ferrothorn|Spikes|p1a: Ferrothorn
|-sidestart|p1: AlekDesu|Spikes
|move|p1a: Ferrothorn|Leech Seed|p2a: Ferrothorn
|-immune|p2a: Ferrothorn|[msg]
|
|turn|3
|
|switch|p2a: Landorus-Therian|Landorus-Therian, M|319\/319
|-damage|p2a: Landorus-Therian|280\/319|[from] Stealth Rock
|-ability|p2a: Landorus-Therian|Intimidate|[of] p1a: Ferrothorn
|-unboost|p1a: Ferrothorn|atk|1
|switch|p1a: Excadrill|Excadrill, M|362\/362
|-damage|p1a: Excadrill|351\/362|[from] Stealth Rock
|-item|p1a: Excadrill|Air Balloon
|
|turn|4
|
|move|p2a: Landorus-Therian|U-turn|p1a: Excadrill
|-resisted|p1a: Excadrill
|-damage|p1a: Excadrill|280\/362
|-enditem|p1a: Excadrill|Air Balloon
|
|switch|p2a: Ferrothorn|Ferrothorn, F|352\/352
|-damage|p2a: Ferrothorn|330\/352|[from] Stealth Rock
|move|p1a: Excadrill|Rapid Spin|p2a: Ferrothorn
|-resisted|p2a: Ferrothorn
|-damage|p2a: Ferrothorn|321\/352
|-damage|p1a: Excadrill|235\/362|[from] ability: Iron Barbs|[of] p2a: Ferrothorn
|-damage|p1a: Excadrill|175\/362|[from] item: Rocky Helmet|[of] p2a: Ferrothorn
|-sideend|p1: AlekDesu|Spikes|[from] move: Rapid Spin|[of] p1a: Excadrill
|-sideend|p1: AlekDesu|Stealth Rock|[from] move: Rapid Spin|[of] p1a: Excadrill
|
|turn|5
|
|switch|p1a: Tyranitar|Tyranitar, M|342\/342
|-weather|Sandstorm
|move|p2a: Ferrothorn|Stealth Rock|p1a: Tyranitar
|-sidestart|p1: AlekDesu|move: Stealth Rock
|
|-weather|Sandstorm|[upkeep]
|turn|6
|
|switch|p2a: Azumarill|Azumarill, F|388\/388
|-damage|p2a: Azumarill|340\/388|[from] Stealth Rock
|detailschange|p1a: Tyranitar|Tyranitar-Mega, M
|message|Tyranitar has Mega Evolved into Mega Tyranitar!
|move|p1a: Tyranitar|Fire Punch|p2a: Azumarill
|-resisted|p2a: Azumarill
|-damage|p2a: Azumarill|273\/388
|
|-weather|Sandstorm|[upkeep]
|-damage|p2a: Azumarill|249\/388|[from] sandstorm
|turn|7
|
|switch|p1a: Ferrothorn|Ferrothorn, M|352\/352
|-damage|p1a: Ferrothorn|330\/352|[from] Stealth Rock
|switch|p2a: Ferrothorn|Ferrothorn, F|321\/352
|-damage|p2a: Ferrothorn|299\/352|[from] Stealth Rock
|
|-weather|Sandstorm|[upkeep]
|-heal|p1a: Ferrothorn|352\/352|[from] item: Leftovers
|turn|8
|
|switch|p1a: Keldeo|Keldeo|323\/323
|-damage|p1a: Keldeo|303\/323|[from] Stealth Rock
|move|p2a: Ferrothorn|Spikes|p1a: Keldeo
|-sidestart|p1: AlekDesu|Spikes
|
|-weather|Sandstorm|[upkeep]
|-damage|p1a: Keldeo|283\/323|[from] sandstorm
|turn|9
|
|switch|p2a: Latios|Latios, M|302\/302
|-damage|p2a: Latios|265\/302|[from] Stealth Rock
|move|p1a: Keldeo|Scald|p2a: Latios
|-resisted|p2a: Latios
|-damage|p2a: Latios|172\/302
|
|-weather|none
|turn|10
|
|switch|p1a: Ferrothorn|Ferrothorn, M|352\/352
|-damage|p1a: Ferrothorn|308\/352|[from] Spikes
|-damage|p1a: Ferrothorn|286\/352|[from] Stealth Rock
|move|p2a: Latios|Draco Meteor|p1a: Ferrothorn
|-resisted|p1a: Ferrothorn
|-damage|p1a: Ferrothorn|166\/352
|-unboost|p2a: Latios|spa|2
|-damage|p2a: Latios|142\/302|[from] item: Life Orb
|
|-heal|p1a: Ferrothorn|188\/352|[from] item: Leftovers
|turn|11
|
|switch|p2a: Ferrothorn|Ferrothorn, F|299\/352
|-damage|p2a: Ferrothorn|277\/352|[from] Stealth Rock
|switch|p1a: Keldeo|Keldeo|283\/323
|-damage|p1a: Keldeo|243\/323|[from] Spikes
|-damage|p1a: Keldeo|223\/323|[from] Stealth Rock
|
|turn|12
|
|switch|p2a: Latios|Latios, M|142\/302
|-damage|p2a: Latios|105\/302|[from] Stealth Rock
|move|p1a: Keldeo|Secret Sword|p2a: Latios
|-resisted|p2a: Latios
|-damage|p2a: Latios|0 fnt
|faint|p2a: Latios
|
|
|switch|p2a: Azumarill|Azumarill, F|249\/388
|-damage|p2a: Azumarill|201\/388|[from] Stealth Rock
|turn|13
|
|switch|p1a: Ferrothorn|Ferrothorn, M|188\/352
|-damage|p1a: Ferrothorn|144\/352|[from] Spikes
|-damage|p1a: Ferrothorn|122\/352|[from] Stealth Rock
|switch|p2a: Ferrothorn|Ferrothorn, F|277\/352
|-damage|p2a: Ferrothorn|255\/352|[from] Stealth Rock
|
|-heal|p1a: Ferrothorn|144\/352|[from] item: Leftovers
|turn|14
|chat|AlekDesu|ohh
|chat|AlekDesu|the plays
|
|switch|p1a: Excadrill|Excadrill, M|175\/362
|-damage|p1a: Excadrill|164\/362|[from] Stealth Rock
|-damage|p1a: Excadrill|119\/362|[from] Spikes
|move|p2a: Ferrothorn|Spikes|p1a: Excadrill
|-sidestart|p1: AlekDesu|Spikes
|
|turn|15
|
|move|p1a: Excadrill|Earthquake|p2a: Ferrothorn
|-damage|p2a: Ferrothorn|126\/352
|move|p2a: Ferrothorn|Spikes|p1a: Excadrill
|-sidestart|p1: AlekDesu|Spikes
|
|turn|16
|
|move|p1a: Excadrill|Rapid Spin|p2a: Ferrothorn
|-resisted|p2a: Ferrothorn
|-damage|p2a: Ferrothorn|117\/352
|-damage|p1a: Excadrill|74\/362|[from] ability: Iron Barbs|[of] p2a: Ferrothorn
|-damage|p1a: Excadrill|14\/362|[from] item: Rocky Helmet|[of] p2a: Ferrothorn
|-sideend|p1: AlekDesu|Spikes|[from] move: Rapid Spin|[of] p1a: Excadrill
|-sideend|p1: AlekDesu|Stealth Rock|[from] move: Rapid Spin|[of] p1a: Excadrill
|move|p2a: Ferrothorn|Leech Seed|p1a: Excadrill
|-start|p1a: Excadrill|move: Leech Seed
|
|-damage|p1a: Excadrill|0 fnt|[from] Leech Seed|[of] p2a: Ferrothorn
|-heal|p2a: Ferrothorn|131\/352|[silent]
|faint|p1a: Excadrill
|
|switch|p1a: Keldeo|Keldeo|223\/323
|turn|17
|
|switch|p2a: Azumarill|Azumarill, F|201\/388
|-damage|p2a: Azumarill|153\/388|[from] Stealth Rock
|move|p1a: Keldeo|Secret Sword|p2a: Azumarill
|-resisted|p2a: Azumarill
|-damage|p2a: Azumarill|14\/388
|
|turn|18
|
|move|p2a: Azumarill|Aqua Jet|p1a: Keldeo
|-resisted|p1a: Keldeo
|-damage|p1a: Keldeo|178\/323
|move|p1a: Keldeo|Secret Sword|p2a: Azumarill
|-resisted|p2a: Azumarill
|-damage|p2a: Azumarill|0 fnt
|faint|p2a: Azumarill
|
|
|switch|p2a: Thundurus|Thundurus, M|299\/299
|-damage|p2a: Thundurus|225\/299|[from] Stealth Rock
|turn|19
|
|switch|p1a: Thundurus|Thundurus, M|299\/299
|move|p2a: Thundurus|Thunderbolt|p1a: Thundurus
|-damage|p1a: Thundurus|68\/299
|-damage|p2a: Thundurus|196\/299|[from] item: Life Orb
|
|turn|20
|
|switch|p1a: Ferrothorn|Ferrothorn, M|144\/352
|move|p2a: Thundurus|Thunderbolt|p1a: Ferrothorn
|-resisted|p1a: Ferrothorn
|-damage|p1a: Ferrothorn|66\/352
|-damage|p2a: Thundurus|167\/299|[from] item: Life Orb
|
|-heal|p1a: Ferrothorn|88\/352|[from] item: Leftovers
|turn|21
|
|move|p2a: Thundurus|Superpower|p1a: Ferrothorn
|-supereffective|p1a: Ferrothorn
|-damage|p1a: Ferrothorn|0 fnt
|-damage|p2a: Thundurus|130\/299|[from] ability: Iron Barbs|[of] p1a: Ferrothorn
|-unboost|p2a: Thundurus|atk|1
|-unboost|p2a: Thundurus|def|1
|-damage|p2a: Thundurus|101\/299|[from] item: Life Orb
|faint|p1a: Ferrothorn
|
|
|switch|p1a: Clefable|Clefable, M|394\/394
|turn|22
|
|switch|p2a: Landorus-Therian|Landorus-Therian, M|280\/319
|-damage|p2a: Landorus-Therian|241\/319|[from] Stealth Rock
|-ability|p2a: Landorus-Therian|Intimidate|[of] p1a: Clefable
|-unboost|p1a: Clefable|atk|1
|switch|p1a: Thundurus|Thundurus, M|68\/299
|
|turn|23
|
|switch|p1a: Clefable|Clefable, M|394\/394
|move|p2a: Landorus-Therian|Knock Off|p1a: Clefable
|-resisted|p1a: Clefable
|-damage|p1a: Clefable|338\/394
|-enditem|p1a: Clefable|Leftovers|[from] move: Knock Off|[of] p2a: Landorus-Therian
|
|turn|24
|
|switch|p2a: Mawile|Mawile, M, shiny|271\/271
|-damage|p2a: Mawile|255\/271|[from] Stealth Rock
|-ability|p2a: Mawile|Intimidate|[of] p1a: Clefable
|-unboost|p1a: Clefable|atk|1
|switch|p1a: Tyranitar|Tyranitar-Mega, M|342\/342
|-weather|Sandstorm
|
|-weather|Sandstorm|[upkeep]
|turn|25
|
|switch|p2a: Landorus-Therian|Landorus-Therian, M|241\/319
|-damage|p2a: Landorus-Therian|202\/319|[from] Stealth Rock
|-ability|p2a: Landorus-Therian|Intimidate|[of] p1a: Tyranitar
|-unboost|p1a: Tyranitar|atk|1
|move|p1a: Tyranitar|Earthquake|p2a: Landorus-Therian
|-immune|p2a: Landorus-Therian|[msg]
|
|-weather|Sandstorm|[upkeep]
|turn|26
|
|switch|p1a: Thundurus|Thundurus, M|68\/299
|move|p2a: Landorus-Therian|U-turn|p1a: Thundurus
|-resisted|p1a: Thundurus
|-damage|p1a: Thundurus|4\/299
|
|switch|p2a: Ferrothorn|Ferrothorn, F|131\/352
|-damage|p2a: Ferrothorn|109\/352|[from] Stealth Rock
|
|-weather|Sandstorm|[upkeep]
|-damage|p1a: Thundurus|0 fnt|[from] sandstorm
|faint|p1a: Thundurus
|
|switch|p1a: Keldeo|Keldeo|178\/323
|turn|27
|
|move|p1a: Keldeo|Secret Sword|p2a: Ferrothorn
|-supereffective|p2a: Ferrothorn
|-damage|p2a: Ferrothorn|0 fnt
|faint|p2a: Ferrothorn
|
|-weather|Sandstorm|[upkeep]
|-damage|p1a: Keldeo|158\/323|[from] sandstorm
|
|switch|p2a: Thundurus|Thundurus, M|101\/299
|-damage|p2a: Thundurus|27\/299|[from] Stealth Rock
|turn|28
|
|switch|p1a: Clefable|Clefable, M|338\/394
|move|p2a: Thundurus|Thunderbolt|p1a: Clefable
|-damage|p1a: Clefable|138\/394
|-damage|p2a: Thundurus|0 fnt|[from] item: Life Orb
|faint|p2a: Thundurus
|
|-weather|none
|
|switch|p2a: Mawile|Mawile, M, shiny|255\/271
|-damage|p2a: Mawile|239\/271|[from] Stealth Rock
|-ability|p2a: Mawile|Intimidate|[of] p1a: Clefable
|-unboost|p1a: Clefable|atk|1
|turn|29
|
|detailschange|p2a: Mawile|Mawile-Mega, M, shiny
|message|Mawile has Mega Evolved into Mega Mawile!
|move|p2a: Mawile|Play Rough|p1a: Clefable
|-damage|p1a: Clefable|0 fnt
|faint|p1a: Clefable
|
|
|switch|p1a: Keldeo|Keldeo|158\/323
|turn|30
|
|move|p1a: Keldeo|Scald|p2a: Mawile
|-damage|p2a: Mawile|5\/271
|move|p2a: Mawile|Play Rough|p1a: Keldeo
|-supereffective|p1a: Keldeo
|-damage|p1a: Keldeo|0 fnt
|faint|p1a: Keldeo
|
|
|switch|p1a: Tyranitar|Tyranitar-Mega, M|342\/342
|-weather|Sandstorm
|turn|31
|
|move|p1a: Tyranitar|Fire Punch|p2a: Mawile
|-crit|p2a: Mawile
|-supereffective|p2a: Mawile
|-damage|p2a: Mawile|0 fnt
|faint|p2a: Mawile
|
|-weather|Sandstorm|[upkeep]
|
|switch|p2a: Landorus-Therian|Landorus-Therian, M|202\/319
|-damage|p2a: Landorus-Therian|163\/319|[from] Stealth Rock
|-ability|p2a: Landorus-Therian|Intimidate|[of] p1a: Tyranitar
|-unboost|p1a: Tyranitar|atk|1
|turn|32
|
|move|p2a: Landorus-Therian|Earthquake|p1a: Tyranitar
|-supereffective|p1a: Tyranitar
|-damage|p1a: Tyranitar|42\/342
|move|p1a: Tyranitar|Stone Edge|p2a: Landorus-Therian
|-damage|p2a: Landorus-Therian|13\/319
|
|-weather|Sandstorm|[upkeep]
|turn|33
|chat|AlekDesu|o hman
|chat|AlekDesu|nice battle
|
|move|p2a: Landorus-Therian|Earthquake|p1a: Tyranitar
|-supereffective|p1a: Tyranitar
|-damage|p1a: Tyranitar|0 fnt
|faint|p1a: Tyranitar
|
|win|Yeiyi
|raw|Ladder updating...
|raw|AlekDesu's rating: 1608 &rarr; <strong>1587<\/strong><br \/>(-21 for losing)
|raw|Yeiyi's rating: 1596 &rarr; <strong>1617<\/strong><br \/>(+21 for winning)