|join|Ace-11
|join|AlekDesu
|player|p1|Ace-11|218
|player|p2|AlekDesu|34
|gametype|singles
|gen|6
|tier|OU
|rated
|clearpoke
|poke|p1|Skarmory, M
|poke|p1|Altaria, M
|poke|p1|Talonflame, F
|poke|p1|Greninja, F
|poke|p1|Latias, F
|poke|p1|Heatran, F
|poke|p2|Thundurus-Therian, M
|poke|p2|Pidgeot, F, shiny
|poke|p2|Rotom-Wash
|poke|p2|Mamoswine, F
|poke|p2|Scizor, F
|poke|p2|Greninja, F
|rule|Swagger Clause: Swagger is banned
|rule|Baton Pass Clause: Limit one PokÃ©mon knowing Baton Pass
|rule|Sleep Clause Mod: Limit one foe put to sleep
|rule|Species Clause: Limit one of each PokÃ©mon
|rule|OHKO Clause: OHKO moves are banned
|rule|Moody Clause: Moody is banned
|rule|Evasion Moves Clause: Evasion moves are banned
|rule|Endless Battle Clause: Forcing endless battles is banned
|rule|HP Percentage Mod: HP is shown in percentages
|teampreview
|
|start
|switch|p1a: Talonflame|Talonflame, F|329\/329
|switch|p2a: Thundurus-Therian|Thundurus-Therian, M|299\/299
|turn|1
|
|switch|p1a: Heatran|Heatran, F|382\/382
|move|p2a: Thundurus-Therian|Volt Switch|p1a: Heatran
|-damage|p1a: Heatran|292\/382
|
|switch|p2a: Mamoswine|Mamoswine, F|361\/361
|
|-heal|p1a: Heatran|315\/382|[from] item: Leftovers
|turn|2
|
|switch|p2a: Thundurus-Therian|Thundurus-Therian, M|299\/299
|move|p1a: Heatran|Lava Plume|p2a: Thundurus-Therian
|-damage|p2a: Thundurus-Therian|148\/299
|
|-heal|p1a: Heatran|338\/382|[from] item: Leftovers
|turn|3
|c|âAlekDesu|wtf
|
|move|p1a: Heatran|Protect|p1a: Heatran
|-singleturn|p1a: Heatran|Protect
|move|p2a: Thundurus-Therian|Volt Switch|p1a: Heatran
|-activate|p1a: Heatran|Protect
|
|-heal|p1a: Heatran|361\/382|[from] item: Leftovers
|turn|4
|c|âAce-11|i predicted stealt rocks
|c|âAlekDesu|ah alright
|
|move|p2a: Thundurus-Therian|Volt Switch|p1a: Heatran
|-damage|p1a: Heatran|276\/382
|c|âAlekDesu|switching in skarm was so much of a better play
|c|âAlekDesu|^^
|c|âAlekDesu|you really didn't have to take that risk
|
|switch|p2a: Rotom-Wash|Rotom-Wash|304\/304
|move|p1a: Heatran|Lava Plume|p2a: Rotom-Wash
|-resisted|p2a: Rotom-Wash
|-damage|p2a: Rotom-Wash|247\/304
|
|-heal|p2a: Rotom-Wash|266\/304|[from] item: Leftovers
|-heal|p1a: Heatran|299\/382|[from] item: Leftovers
|turn|5
|c|âAce-11|im playing aggresively
|c|âAlekDesu|then don't run heatran skarm core xD
|
|move|p1a: Heatran|Protect|p1a: Heatran
|-singleturn|p1a: Heatran|Protect
|move|p2a: Rotom-Wash|Volt Switch|p1a: Heatran
|-activate|p1a: Heatran|Protect
|
|-heal|p2a: Rotom-Wash|285\/304|[from] item: Leftovers
|-heal|p1a: Heatran|322\/382|[from] item: Leftovers
|turn|6
|c|âAce-11|heatran skarm mega altaria core rocks
|
|switch|p1a: Latias|Latias, F|360\/360
|move|p2a: Rotom-Wash|Hydro Pump|p1a: Latias|[miss]
|-miss|p2a: Rotom-Wash|p1a: Latias
|
|-heal|p2a: Rotom-Wash|304\/304|[from] item: Leftovers
|turn|7
|
|switch|p2a: Mamoswine|Mamoswine, F|361\/361
|move|p1a: Latias|Draco Meteor|p2a: Mamoswine|[miss]
|-miss|p1a: Latias|p2a: Mamoswine
|
|turn|8
|
|switch|p1a: Skarmory|Skarmory, M|334\/334
|move|p2a: Mamoswine|Icicle Spear|p1a: Skarmory
|-damage|p1a: Skarmory|309\/334
|-damage|p1a: Skarmory|281\/334
|-damage|p1a: Skarmory|256\/334
|-damage|p1a: Skarmory|229\/334
|-hitcount|p1a: Skarmory|4
|
|-heal|p1a: Skarmory|249\/334|[from] item: Leftovers
|turn|9
|
|switch|p2a: Rotom-Wash|Rotom-Wash|304\/304
|move|p1a: Skarmory|Spikes|p2a: Rotom-Wash
|-sidestart|p2: AlekDesu|Spikes
|
|-heal|p1a: Skarmory|269\/334|[from] item: Leftovers
|turn|10
|
|switch|p1a: Latias|Latias, F|360\/360
|move|p2a: Rotom-Wash|Volt Switch|p1a: Latias
|-resisted|p1a: Latias
|-damage|p1a: Latias|326\/360
|
|switch|p2a: Greninja|Greninja, F|285\/285
|-damage|p2a: Greninja|250\/285|[from] Spikes
|
|-heal|p1a: Latias|348\/360|[from] item: Leftovers
|turn|11
|
|switch|p1a: Greninja|Greninja, F|285\/285
|move|p2a: Greninja|Ice Beam|p1a: Greninja
|-start|p2a: Greninja|typechange|Ice|[from] Protean
|-resisted|p1a: Greninja
|-damage|p1a: Greninja|149\/285
|-damage|p2a: Greninja|222\/285|[from] item: Life Orb
|
|turn|12
|
|move|p2a: Greninja|Gunk Shot|p1a: Greninja
|-start|p2a: Greninja|typechange|Poison|[from] Protean
|-damage|p1a: Greninja|0 fnt
|-damage|p2a: Greninja|194\/285|[from] item: Life Orb
|faint|p1a: Greninja
|
|
|switch|p1a: Talonflame|Talonflame, F|329\/329
|turn|13
|
|switch|p2a: Rotom-Wash|Rotom-Wash|304\/304
|move|p1a: Talonflame|Brave Bird|p2a: Rotom-Wash
|-resisted|p2a: Rotom-Wash
|-damage|p2a: Rotom-Wash|211\/304
|-damage|p1a: Talonflame|298\/329|[from] recoil|[of] p2a: Rotom-Wash
|
|-heal|p2a: Rotom-Wash|230\/304|[from] item: Leftovers
|turn|14
|
|switch|p1a: Latias|Latias, F|348\/360
|move|p2a: Rotom-Wash|Volt Switch|p1a: Latias
|-resisted|p1a: Latias
|-damage|p1a: Latias|315\/360
|
|switch|p2a: Greninja|Greninja, F|194\/285
|-damage|p2a: Greninja|159\/285|[from] Spikes
|
|-heal|p1a: Latias|337\/360|[from] item: Leftovers
|turn|15
|
|move|p2a: Greninja|Ice Beam|p1a: Latias
|-start|p2a: Greninja|typechange|Ice|[from] Protean
|-supereffective|p1a: Latias
|-damage|p1a: Latias|46\/360
|-damage|p2a: Greninja|131\/285|[from] item: Life Orb
|move|p1a: Latias|Draco Meteor|p2a: Greninja
|-damage|p2a: Greninja|0 fnt
|-unboost|p1a: Latias|spa|2
|faint|p2a: Greninja
|
|-heal|p1a: Latias|68\/360|[from] item: Leftovers
|
|switch|p2a: Thundurus-Therian|Thundurus-Therian, M|148\/299
|turn|16
|
|switch|p1a: Heatran|Heatran, F|322\/382
|move|p2a: Thundurus-Therian|Volt Switch|p1a: Heatran
|-damage|p1a: Heatran|222\/382
|
|switch|p2a: Pidgeot|Pidgeot, F, shiny|307\/307
|
|-heal|p1a: Heatran|245\/382|[from] item: Leftovers
|turn|17
|
|detailschange|p2a: Pidgeot|Pidgeot-Mega, F, shiny
|message|Pidgeot has Mega Evolved into Mega Pidgeot!
|move|p1a: Heatran|Protect|p1a: Heatran
|-singleturn|p1a: Heatran|Protect
|move|p2a: Pidgeot|Hidden Power|p1a: Heatran
|-activate|p1a: Heatran|Protect
|
|-heal|p1a: Heatran|268\/382|[from] item: Leftovers
|turn|18
|
|switch|p1a: Altaria|Altaria, M|350\/350
|move|p2a: Pidgeot|Hidden Power|p1a: Altaria
|-immune|p1a: Altaria|[msg]
|
|turn|19
|
|detailschange|p1a: Altaria|Altaria-Mega, M
|message|Altaria has Mega Evolved into Mega Altaria!
|move|p2a: Pidgeot|Hurricane|p1a: Altaria
|-damage|p1a: Altaria|205\/350
|move|p1a: Altaria|Hyper Voice|p2a: Pidgeot
|-damage|p2a: Pidgeot|115\/307
|
|turn|20
|
|move|p2a: Pidgeot|Hurricane|p1a: Altaria
|-damage|p1a: Altaria|64\/350
|move|p1a: Altaria|Roost|p1a: Altaria
|-heal|p1a: Altaria|239\/350
|
|turn|21
|
|switch|p1a: Heatran|Heatran, F|268\/382
|move|p2a: Pidgeot|Hurricane|p1a: Heatran
|-resisted|p1a: Heatran
|-damage|p1a: Heatran|200\/382
|
|-heal|p1a: Heatran|223\/382|[from] item: Leftovers
|turn|22
|
|switch|p1a: Talonflame|Talonflame, F|298\/329
|move|p2a: Pidgeot|Hidden Power|p1a: Talonflame
|-immune|p1a: Talonflame|[msg]
|
|turn|23
|
|switch|p2a: Rotom-Wash|Rotom-Wash|230\/304
|move|p1a: Talonflame|U-turn|p2a: Rotom-Wash
|-crit|p2a: Rotom-Wash
|-damage|p2a: Rotom-Wash|129\/304
|
|switch|p1a: Latias|Latias, F|68\/360
|
|-heal|p1a: Latias|90\/360|[from] item: Leftovers
|-heal|p2a: Rotom-Wash|148\/304|[from] item: Leftovers
|turn|24
|c|âAlekDesu|that crit dman
|
|switch|p2a: Scizor|Scizor, F|318\/318
|-damage|p2a: Scizor|279\/318|[from] Spikes
|move|p1a: Latias|Recover|p1a: Latias
|-heal|p1a: Latias|270\/360
|
|-heal|p1a: Latias|292\/360|[from] item: Leftovers
|turn|25
|c|âAce-11|i know
|
|switch|p1a: Skarmory|Skarmory, M|269\/334
|move|p2a: Scizor|U-turn|p1a: Skarmory
|-resisted|p1a: Skarmory
|-damage|p1a: Skarmory|238\/334
|
|switch|p2a: Thundurus-Therian|Thundurus-Therian, M|148\/299
|
|-heal|p1a: Skarmory|258\/334|[from] item: Leftovers
|turn|26
|
|switch|p1a: Latias|Latias, F|292\/360
|move|p2a: Thundurus-Therian|Volt Switch|p1a: Latias
|-resisted|p1a: Latias
|-damage|p1a: Latias|238\/360
|
|switch|p2a: Scizor|Scizor, F|279\/318
|-damage|p2a: Scizor|240\/318|[from] Spikes
|
|-heal|p1a: Latias|260\/360|[from] item: Leftovers
|turn|27
|
|switch|p1a: Heatran|Heatran, F|223\/382
|move|p2a: Scizor|U-turn|p1a: Heatran
|-crit|p1a: Heatran
|-resisted|p1a: Heatran
|-damage|p1a: Heatran|149\/382
|
|switch|p2a: Pidgeot|Pidgeot-Mega, F, shiny|115\/307
|
|-heal|p1a: Heatran|172\/382|[from] item: Leftovers
|turn|28
|
|move|p1a: Heatran|Protect|p1a: Heatran
|-singleturn|p1a: Heatran|Protect
|move|p2a: Pidgeot|Hidden Power|p1a: Heatran
|-activate|p1a: Heatran|Protect
|
|-heal|p1a: Heatran|195\/382|[from] item: Leftovers
|turn|29
|
|switch|p1a: Skarmory|Skarmory, M|258\/334
|move|p2a: Pidgeot|U-turn|p1a: Skarmory
|-resisted|p1a: Skarmory
|-damage|p1a: Skarmory|253\/334
|
|switch|p2a: Thundurus-Therian|Thundurus-Therian, M|148\/299
|
|-heal|p1a: Skarmory|273\/334|[from] item: Leftovers
|turn|30
|
|switch|p1a: Altaria|Altaria-Mega, M|239\/350
|move|p2a: Thundurus-Therian|Volt Switch|p1a: Altaria
|-resisted|p1a: Altaria
|-damage|p1a: Altaria|188\/350
|
|switch|p2a: Scizor|Scizor, F|240\/318
|-damage|p2a: Scizor|201\/318|[from] Spikes
|
|turn|31
|
|switch|p1a: Skarmory|Skarmory, M|273\/334
|move|p2a: Scizor|U-turn|p1a: Skarmory
|-resisted|p1a: Skarmory
|-damage|p1a: Skarmory|246\/334
|
|switch|p2a: Thundurus-Therian|Thundurus-Therian, M|148\/299
|
|-heal|p1a: Skarmory|266\/334|[from] item: Leftovers
|turn|32
|c|âAlekDesu|Wow nice game this is intense
|
|switch|p1a: Heatran|Heatran, F|195\/382
|move|p2a: Thundurus-Therian|Volt Switch|p1a: Heatran
|-damage|p1a: Heatran|108\/382
|c|âAce-11|its not
|c|âAce-11|its annoying
|
|switch|p2a: Pidgeot|Pidgeot-Mega, F, shiny|115\/307
|
|-heal|p1a: Heatran|131\/382|[from] item: Leftovers
|turn|33
|
|switch|p1a: Latias|Latias, F|260\/360
|move|p2a: Pidgeot|U-turn|p1a: Latias
|-supereffective|p1a: Latias
|-damage|p1a: Latias|164\/360
|
|switch|p2a: Mamoswine|Mamoswine, F|361\/361
|-damage|p2a: Mamoswine|316\/361|[from] Spikes
|
|-heal|p1a: Latias|186\/360|[from] item: Leftovers
|turn|34
|
|switch|p1a: Skarmory|Skarmory, M|266\/334
|move|p2a: Mamoswine|Ice Shard|p1a: Skarmory
|-damage|p1a: Skarmory|226\/334
|
|-heal|p1a: Skarmory|246\/334|[from] item: Leftovers
|turn|35
|
|switch|p2a: Rotom-Wash|Rotom-Wash|148\/304
|move|p1a: Skarmory|Spikes|p2a: Rotom-Wash
|-sidestart|p2: AlekDesu|Spikes
|
|-heal|p2a: Rotom-Wash|167\/304|[from] item: Leftovers
|-heal|p1a: Skarmory|266\/334|[from] item: Leftovers
|turn|36
|
|switch|p1a: Latias|Latias, F|186\/360
|move|p2a: Rotom-Wash|Volt Switch|p1a: Latias
|-resisted|p1a: Latias
|-damage|p1a: Latias|151\/360
|
|switch|p2a: Pidgeot|Pidgeot-Mega, F, shiny|115\/307
|
|-heal|p1a: Latias|173\/360|[from] item: Leftovers
|turn|37
|
|switch|p1a: Skarmory|Skarmory, M|266\/334
|move|p2a: Pidgeot|Hurricane|p1a: Skarmory
|-resisted|p1a: Skarmory
|-damage|p1a: Skarmory|122\/334
|
|-heal|p1a: Skarmory|142\/334|[from] item: Leftovers
|turn|38
|
|switch|p1a: Talonflame|Talonflame, F|298\/329
|move|p2a: Pidgeot|Hurricane|p1a: Talonflame
|-damage|p1a: Talonflame|15\/329
|-start|p1a: Talonflame|confusion
|
|turn|39
|
|switch|p2a: Rotom-Wash|Rotom-Wash|167\/304
|-activate|p1a: Talonflame|confusion
|move|p1a: Talonflame|Brave Bird|p2a: Rotom-Wash
|-resisted|p2a: Rotom-Wash
|-damage|p2a: Rotom-Wash|80\/304
|-damage|p1a: Talonflame|0 fnt|[from] recoil|[of] p2a: Rotom-Wash
|faint|p1a: Talonflame
|
|-heal|p2a: Rotom-Wash|99\/304|[from] item: Leftovers
|
|switch|p1a: Latias|Latias, F|173\/360
|turn|40
|
|move|p1a: Latias|Draco Meteor|p2a: Rotom-Wash
|-crit|p2a: Rotom-Wash
|-damage|p2a: Rotom-Wash|0 fnt
|-unboost|p1a: Latias|spa|2
|faint|p2a: Rotom-Wash
|
|-heal|p1a: Latias|195\/360|[from] item: Leftovers
|
|switch|p2a: Pidgeot|Pidgeot-Mega, F, shiny|115\/307
|turn|41
|
|move|p2a: Pidgeot|Hurricane|p1a: Latias
|-damage|p1a: Latias|35\/360
|move|p1a: Latias|Draco Meteor|p2a: Pidgeot
|-damage|p2a: Pidgeot|9\/307
|-unboost|p1a: Latias|spa|2
|
|-heal|p1a: Latias|57\/360|[from] item: Leftovers
|turn|42
|
|move|p2a: Pidgeot|Hurricane|p1a: Latias
|-damage|p1a: Latias|0 fnt
|faint|p1a: Latias
|
|
|switch|p1a: Altaria|Altaria-Mega, M|188\/350
|turn|43
|
|move|p2a: Pidgeot|Hurricane|p1a: Altaria
|-damage|p1a: Altaria|40\/350
|move|p1a: Altaria|Hyper Voice|p2a: Pidgeot
|-damage|p2a: Pidgeot|0 fnt
|faint|p2a: Pidgeot
|
|
|switch|p2a: Thundurus-Therian|Thundurus-Therian, M|148\/299
|turn|44
|
|switch|p1a: Heatran|Heatran, F|131\/382
|move|p2a: Thundurus-Therian|Volt Switch|p1a: Heatran
|-damage|p1a: Heatran|37\/382
|
|switch|p2a: Scizor|Scizor, F|201\/318
|-damage|p2a: Scizor|148\/318|[from] Spikes
|
|-heal|p1a: Heatran|60\/382|[from] item: Leftovers
|turn|45
|
|move|p1a: Heatran|Protect|p1a: Heatran
|-singleturn|p1a: Heatran|Protect
|move|p2a: Scizor|U-turn|p1a: Heatran
|-activate|p1a: Heatran|Protect
|
|-heal|p1a: Heatran|83\/382|[from] item: Leftovers
|turn|46
|
|move|p1a: Heatran|Stealth Rock|p2a: Scizor
|-sidestart|p2: AlekDesu|move: Stealth Rock
|move|p2a: Scizor|U-turn|p1a: Heatran
|-resisted|p1a: Heatran
|-damage|p1a: Heatran|36\/382
|
|switch|p2a: Thundurus-Therian|Thundurus-Therian, M|148\/299
|-damage|p2a: Thundurus-Therian|74\/299|[from] Stealth Rock
|
|-heal|p1a: Heatran|59\/382|[from] item: Leftovers
|turn|47
|c|âAlekDesu|gg
|
|move|p1a: Heatran|Protect|p1a: Heatran
|-singleturn|p1a: Heatran|Protect
|move|p2a: Thundurus-Therian|Thunderbolt|p1a: Heatran
|-activate|p1a: Heatran|Protect
|
|-heal|p1a: Heatran|82\/382|[from] item: Leftovers
|turn|48
|c|âAlekDesu|why
|c|âAlekDesu|you lost
|
|switch|p1a: Altaria|Altaria-Mega, M|40\/350
|move|p2a: Thundurus-Therian|Thunderbolt|p1a: Altaria
|-crit|p1a: Altaria
|-resisted|p1a: Altaria
|-damage|p1a: Altaria|0 fnt
|faint|p1a: Altaria
|
|
|switch|p1a: Heatran|Heatran, F|82\/382
|turn|49
|
|move|p1a: Heatran|Protect|p1a: Heatran
|-singleturn|p1a: Heatran|Protect
|move|p2a: Thundurus-Therian|Thunderbolt|p1a: Heatran
|-activate|p1a: Heatran|Protect
|
|-heal|p1a: Heatran|105\/382|[from] item: Leftovers
|turn|50
|
|move|p1a: Heatran|Protect|p1a: Heatran
|-singleturn|p1a: Heatran|Protect
|move|p2a: Thundurus-Therian|Thunderbolt|p1a: Heatran
|-activate|p1a: Heatran|Protect
|
|-heal|p1a: Heatran|128\/382|[from] item: Leftovers
|turn|51
|c|âAlekDesu|gofuck yourself
|c|âAce-11|why?
|c|âAlekDesu|because you go for double protect
|c|âAlekDesu|lol
|c|âAce-11|i still die to a t-bolt
|c|âAce-11|i need you to get a really low damage roll
|
|move|p2a: Thundurus-Therian|Thunderbolt|p1a: Heatran
|-damage|p1a: Heatran|4\/382
|move|p1a: Heatran|Lava Plume|p2a: Thundurus-Therian
|-damage|p2a: Thundurus-Therian|0 fnt
|faint|p2a: Thundurus-Therian
|
|-heal|p1a: Heatran|27\/382|[from] item: Leftovers
|c|âAlekDesu|gg
|c|âAce-11|omg
|
|switch|p2a: Scizor|Scizor, F|148\/318
|-damage|p2a: Scizor|109\/318|[from] Stealth Rock
|-damage|p2a: Scizor|56\/318|[from] Spikes
|turn|52
|
|move|p1a: Heatran|Protect|p1a: Heatran
|-singleturn|p1a: Heatran|Protect
|move|p2a: Scizor|U-turn|p1a: Heatran
|-activate|p1a: Heatran|Protect
|
|-heal|p1a: Heatran|50\/382|[from] item: Leftovers
|turn|53
|c|âAce-11|the double protect is real
|c|âAlekDesu|ye
|c|âAlekDesu|zzz
|c|âAlekDesu|was 50 50
|c|âAce-11|heatran pulled through
|c|âAlekDesu|I mean
|
|move|p1a: Heatran|Lava Plume|p2a: Scizor
|-supereffective|p2a: Scizor
|-damage|p2a: Scizor|0 fnt
|faint|p2a: Scizor
|
|-heal|p1a: Heatran|73\/382|[from] item: Leftovers
|c|âAlekDesu|I would have lost if greninja didn't win his speed tie
|
|switch|p2a: Mamoswine|Mamoswine, F|316\/361
|-damage|p2a: Mamoswine|271\/361|[from] Stealth Rock
|-damage|p2a: Mamoswine|211\/361|[from] Spikes
|turn|54
|c|âAce-11|yes im still mad about that
|
|move|p2a: Mamoswine|Earthquake|p1a: Heatran
|-crit|p1a: Heatran
|-supereffective|p1a: Heatran
|-damage|p1a: Heatran|0 fnt
|faint|p1a: Heatran
|
|
|switch|p1a: Skarmory|Skarmory, M|142\/334
|turn|55
|c|âAlekDesu|it was 50 50
|c|âAce-11|u need crits
|c|âAlekDesu|you got it back with the double protect
|c|âAlekDesu|ye
|
|move|p2a: Mamoswine|Icicle Spear|p1a: Skarmory
|-damage|p1a: Skarmory|115\/334
|-damage|p1a: Skarmory|88\/334
|-damage|p1a: Skarmory|60\/334
|-damage|p1a: Skarmory|33\/334
|-hitcount|p1a: Skarmory|4
|move|p1a: Skarmory|Roost|p1a: Skarmory
|-heal|p1a: Skarmory|200\/334
|
|-heal|p1a: Skarmory|220\/334|[from] item: Leftovers
|turn|56
|c|âAlekDesu|oh
|c|âAlekDesu|if that last hit
|c|âAlekDesu|would have been a crit
|c|âAlekDesu|but it didn't even happen
|
|move|p2a: Mamoswine|Icicle Spear|p1a: Skarmory
|-damage|p1a: Skarmory|192\/334
|-damage|p1a: Skarmory|167\/334
|-damage|p1a: Skarmory|139\/334
|-damage|p1a: Skarmory|112\/334
|-damage|p1a: Skarmory|87\/334
|-hitcount|p1a: Skarmory|5
|move|p1a: Skarmory|Roost|p1a: Skarmory
|-heal|p1a: Skarmory|254\/334
|
|-heal|p1a: Skarmory|274\/334|[from] item: Leftovers
|turn|57
|c|âAce-11|stop getting 5!
|
|move|p2a: Mamoswine|Icicle Spear|p1a: Skarmory
|-damage|p1a: Skarmory|249\/334
|-damage|p1a: Skarmory|221\/334
|-crit|p1a: Skarmory
|-damage|p1a: Skarmory|182\/334
|-damage|p1a: Skarmory|154\/334
|-damage|p1a: Skarmory|127\/334
|-hitcount|p1a: Skarmory|5
|move|p1a: Skarmory|Roost|p1a: Skarmory
|-heal|p1a: Skarmory|294\/334
|
|-heal|p1a: Skarmory|314\/334|[from] item: Leftovers
|turn|58
|c|âAlekDesu|you won now
|
|move|p2a: Mamoswine|Icicle Spear|p1a: Skarmory
|-damage|p1a: Skarmory|289\/334
|-damage|p1a: Skarmory|261\/334
|-damage|p1a: Skarmory|233\/334
|-hitcount|p1a: Skarmory|3
|move|p1a: Skarmory|Roost|p1a: Skarmory
|-heal|p1a: Skarmory|334\/334
|
|turn|59
|c|âAce-11|i know
|c|âAlekDesu|you don't have brave bird or what?
|
|move|p2a: Mamoswine|Earthquake|p1a: Skarmory
|-immune|p1a: Skarmory|[msg]
|move|p1a: Skarmory|Brave Bird|p2a: Mamoswine
|-damage|p2a: Mamoswine|81\/361
|-damage|p1a: Skarmory|291\/334|[from] recoil|[of] p2a: Mamoswine
|
|-heal|p1a: Skarmory|311\/334|[from] item: Leftovers
|turn|60
|c|âAlekDesu|gg
|
|move|p2a: Mamoswine|Stealth Rock|p1a: Skarmory
|-sidestart|p1: Ace-11|move: Stealth Rock
|move|p1a: Skarmory|Brave Bird|p2a: Mamoswine
|-damage|p2a: Mamoswine|0 fnt
|-damage|p1a: Skarmory|284\/334|[from] recoil|[of] p2a: Mamoswine
|faint|p2a: Mamoswine
|
|win|Ace-11
|raw|Ladder updating...
|c|âAce-11|gg
|c|âAlekDesu|I'm saving replay
|raw|Ace-11's rating: 1344 &rarr; <strong>1365<\/strong><br \/>(+21 for winning)
|raw|AlekDesu's rating: 1360 &rarr; <strong>1340<\/strong><br \/>(-20 for losing)
|leave|Ace-11
|player|p1