|join|AlekDesu
|join|Kableye
|player|p1|AlekDesu|183
|player|p2|Kableye|29
|gametype|singles
|gen|6
|tier|OU
|rated
|clearpoke
|poke|p1|Alakazam, M
|poke|p1|Vaporeon, F
|poke|p1|Kingdra, M
|poke|p1|Granbull, F
|poke|p1|Jolteon, M
|poke|p1|Skarmory, M
|poke|p2|Noivern, F
|poke|p2|Breloom, M
|poke|p2|Rotom-Wash
|poke|p2|Mamoswine, M
|poke|p2|Mawile, F
|poke|p2|Talonflame, M
|rule|Sleep Clause Mod: Limit one foe put to sleep
|rule|Species Clause: Limit one of each Pokemon
|rule|OHKO Clause: OHKO moves are banned
|rule|Moody Clause: Moody is banned
|rule|Evasion Moves Clause: Evasion moves are banned
|rule|Endless Battle Clause: Forcing endless battles is banned.
|rule|HP Percentage Mod: HP is reported as percentages
|teampreview
|chat|Kableye|ello
|chat|AlekDesu|hi
|
|start
|switch|p1a: Kodaka|Kingdra, M|291\/291
|switch|p2a: Nirvana|Noivern, F|312\/312
|turn|1
|
|move|p2a: Nirvana|Draco Meteor|p1a: Kodaka
|-supereffective|p1a: Kodaka
|-enditem|p1a: Kodaka|Focus Sash
|-damage|p1a: Kodaka|1\/291
|-unboost|p2a: Nirvana|spa|2
|move|p1a: Kodaka|Rain Dance|p1a: Kodaka
|-weather|RainDance
|
|-weather|RainDance|[upkeep]
|turn|2
|
|switch|p2a: Billy Mays|Rotom-Wash|304\/304
|move|p1a: Kodaka|Draco Meteor|p2a: Billy Mays
|-damage|p2a: Billy Mays|115\/304
|-unboost|p1a: Kodaka|spa|2
|
|-weather|RainDance|[upkeep]
|turn|3
|
|switch|p1a: Jolteon|Jolteon, M|272\/272
|move|p2a: Billy Mays|Thunderbolt|p1a: Jolteon
|-immune|p1a: Jolteon|[msg]
|
|-weather|RainDance|[upkeep]
|turn|4
|
|switch|p1a: Kodaka|Kingdra, M|1\/291
|switch|p2a: Mr Green|Breloom, M|262\/262
|
|-weather|RainDance|[upkeep]
|turn|5
|
|switch|p1a: Skarmory|Skarmory, M|334\/334
|move|p2a: Mr Green|Mach Punch|p1a: Skarmory
|-crit|p1a: Skarmory
|-damage|p1a: Skarmory|243\/334
|
|-weather|none
|-heal|p1a: Skarmory|263\/334|[from] item: Leftovers
|turn|6
|
|move|p2a: Mr Green|Spore|p1a: Skarmory
|-status|p1a: Skarmory|slp
|cant|p1a: Skarmory|slp
|
|-heal|p1a: Skarmory|283\/334 slp|[from] item: Leftovers
|turn|7
|
|switch|p1a: Kodaka|Kingdra, M|1\/291
|move|p2a: Mr Green|Rock Tomb|p1a: Kodaka
|-damage|p1a: Kodaka|0 fnt
|faint|p1a: Kodaka
|
|
|switch|p1a: Granbull|Granbull, F|321\/321
|-ability|p1a: Granbull|Intimidate|[of] p2a: Mr Green
|-unboost|p2a: Mr Green|atk|1
|turn|8
|
|switch|p2a: Soren|Talonflame, M|320\/320
|move|p1a: Granbull|Rock Slide|p2a: Soren
|-supereffective|p2a: Soren
|-damage|p2a: Soren|0 fnt
|faint|p2a: Soren
|
|
|switch|p2a: Vanilla Ice|Mamoswine, M|362\/362
|turn|9
|
|move|p2a: Vanilla Ice|Stealth Rock|p1a: Granbull
|-sidestart|p1: AlekDesu|move: Stealth Rock
|move|p1a: Granbull|Rock Slide|p2a: Vanilla Ice
|-damage|p2a: Vanilla Ice|194\/362
|
|turn|10
|
|move|p2a: Vanilla Ice|Earthquake|p1a: Granbull
|-damage|p1a: Granbull|95\/321
|-damage|p2a: Vanilla Ice|158\/362|[from] item: Life Orb
|move|p1a: Granbull|Rock Slide|p2a: Vanilla Ice
|-damage|p2a: Vanilla Ice|0 fnt
|faint|p2a: Vanilla Ice
|
|
|switch|p2a: Worthwile|Mawile, F|304\/304
|-ability|p2a: Worthwile|Intimidate|[of] p1a: Granbull
|-unboost|p1a: Granbull|atk|1
|turn|11
|
|switch|p1a: Jolteon|Jolteon, M|272\/272
|-damage|p1a: Jolteon|238\/272|[from] Stealth Rock
|detailschange|p2a: Worthwile|Mawile-Mega, F
|message|Mawile has Mega Evolved into Mega Mawile!
|move|p2a: Worthwile|Play Rough|p1a: Jolteon
|-damage|p1a: Jolteon|0 fnt
|faint|p1a: Jolteon
|
|
|switch|p1a: Alakazam|Alakazam, M|252\/252
|turn|12
|
|move|p2a: Worthwile|Sucker Punch|p1a: Alakazam
|-supereffective|p1a: Alakazam
|-enditem|p1a: Alakazam|Focus Sash
|-damage|p1a: Alakazam|1\/252
|move|p1a: Alakazam|Hidden Power|p2a: Worthwile
|-supereffective|p2a: Worthwile
|-damage|p2a: Worthwile|138\/304
|
|turn|13
|
|switch|p1a: Yozora|Vaporeon, F|430\/430
|-damage|p1a: Yozora|377\/430|[from] Stealth Rock
|move|p2a: Worthwile|Sucker Punch|p1a: Yozora
|-fail|p1a: Yozora
|
|-heal|p1a: Yozora|403\/430|[from] item: Leftovers
|turn|14
|
|switch|p2a: Billy Mays|Rotom-Wash|115\/304
|move|p1a: Yozora|Surf|p2a: Billy Mays
|-resisted|p2a: Billy Mays
|-damage|p2a: Billy Mays|46\/304
|
|-heal|p1a: Yozora|429\/430|[from] item: Leftovers
|turn|15
|
|move|p2a: Billy Mays|Thunderbolt|p1a: Yozora
|-supereffective|p1a: Yozora
|-damage|p1a: Yozora|177\/430
|move|p1a: Yozora|Surf|p2a: Billy Mays
|-resisted|p2a: Billy Mays
|-damage|p2a: Billy Mays|0 fnt
|faint|p2a: Billy Mays
|
|-heal|p1a: Yozora|203\/430|[from] item: Leftovers
|
|switch|p2a: Mr Green|Breloom, M|262\/262
|turn|16
|
|switch|p1a: Granbull|Granbull, F|95\/321
|-damage|p1a: Granbull|55\/321|[from] Stealth Rock
|-ability|p1a: Granbull|Intimidate|[of] p2a: Mr Green
|-unboost|p2a: Mr Green|atk|1
|move|p2a: Mr Green|Bullet Seed|p1a: Granbull
|-damage|p1a: Granbull|10\/321
|-damage|p1a: Granbull|0 fnt
|-hitcount|p1a: Granbull|2
|faint|p1a: Granbull
|
|
|switch|p1a: Skarmory|Skarmory, M|283\/334 slp
|-damage|p1a: Skarmory|242\/334 slp|[from] Stealth Rock
|turn|17
|
|move|p2a: Mr Green|Mach Punch|p1a: Skarmory
|-damage|p1a: Skarmory|200\/334 slp
|cant|p1a: Skarmory|slp
|
|-heal|p1a: Skarmory|220\/334 slp|[from] item: Leftovers
|turn|18
|
|switch|p2a: Worthwile|Mawile-Mega, F|138\/304
|-curestatus|p1a: Skarmory|slp
|move|p1a: Skarmory|Roost|p1a: Skarmory
|-heal|p1a: Skarmory|334\/334
|
|turn|19
|
|move|p2a: Worthwile|Swords Dance|p2a: Worthwile
|-boost|p2a: Worthwile|atk|2
|move|p1a: Skarmory|Whirlwind|p2a: Worthwile
|drag|p2a: Nirvana|Noivern, F|312\/312
|
|turn|20
|
|switch|p1a: Yozora|Vaporeon, F|203\/430
|-damage|p1a: Yozora|150\/430|[from] Stealth Rock
|move|p2a: Nirvana|Flamethrower|p1a: Yozora
|-resisted|p1a: Yozora
|-damage|p1a: Yozora|81\/430
|
|-heal|p1a: Yozora|107\/430|[from] item: Leftovers
|turn|21
|
|switch|p2a: Worthwile|Mawile-Mega, F|138\/304
|move|p1a: Yozora|Ice Beam|p2a: Worthwile
|-resisted|p2a: Worthwile
|-damage|p2a: Worthwile|88\/304
|-status|p2a: Worthwile|frz
|
|-heal|p1a: Yozora|133\/430|[from] item: Leftovers
|turn|22
|
|cant|p2a: Worthwile|frz
|move|p1a: Yozora|Surf|p2a: Worthwile
|-damage|p2a: Worthwile|0 fnt
|faint|p2a: Worthwile
|
|-heal|p1a: Yozora|159\/430|[from] item: Leftovers
|chat|AlekDesu|sorry 'bout that one
|
|switch|p2a: Nirvana|Noivern, F|312\/312
|turn|23
|chat|Kableye|Its ok XD
|chat|Kableye|I have bad luck all of the time XD
|chat|AlekDesu|Note that I didn't try to wish pass on that
|
|switch|p1a: Alakazam|Alakazam, M|1\/252
|move|p2a: Nirvana|Draco Meteor|p1a: Alakazam
|-damage|p1a: Alakazam|0 fnt
|-unboost|p2a: Nirvana|spa|2
|faint|p1a: Alakazam
|
|
|switch|p1a: Skarmory|Skarmory, M|334\/334
|-damage|p1a: Skarmory|293\/334|[from] Stealth Rock
|turn|24
|
|switch|p2a: Mr Green|Breloom, M|262\/262
|move|p1a: Skarmory|Brave Bird|p2a: Mr Green
|-supereffective|p2a: Mr Green
|-damage|p2a: Mr Green|0 fnt
|-damage|p1a: Skarmory|207\/334|[from] recoil|[of] p2a: Mr Green
|faint|p2a: Mr Green
|
|-heal|p1a: Skarmory|227\/334|[from] item: Leftovers
|
|switch|p2a: Nirvana|Noivern, F|312\/312
|turn|25
|
|move|p2a: Nirvana|Flamethrower|p1a: Skarmory
|-supereffective|p1a: Skarmory
|-damage|p1a: Skarmory|0 fnt
|faint|p1a: Skarmory
|
|
|switch|p1a: Yozora|Vaporeon, F|159\/430
|-damage|p1a: Yozora|106\/430|[from] Stealth Rock
|turn|26
|
|move|p2a: Nirvana|Flamethrower|p1a: Yozora
|-resisted|p1a: Yozora
|-damage|p1a: Yozora|43\/430
|move|p1a: Yozora|Ice Beam|p2a: Nirvana
|-supereffective|p2a: Nirvana
|-damage|p2a: Nirvana|0 fnt
|faint|p2a: Nirvana
|
|win|AlekDesu
|raw|Ladder updating...
|raw|AlekDesu's rating: 1343 &rarr; <strong>1364<\/strong><br \/>(+21 for winning)
|raw|Kableye's rating: 1359 &rarr; <strong>1338<\/strong><br \/>(-21 for losing)
|chat|AlekDesu|gg
|chat|Kableye|gg