|join|AlekDesu
|join|Toribiooo
|player|p1|AlekDesu|34
|player|p2|Toribiooo|101
|gametype|singles
|gen|6
|tier|OU
|rated
|clearpoke
|poke|p1|Scolipede, F
|poke|p1|Azumarill, F, shiny
|poke|p1|Latios, M
|poke|p1|Garchomp, M
|poke|p1|Gyarados, M
|poke|p1|Diggersby, M
|poke|p2|Charizard, M
|poke|p2|Ninetales, F
|poke|p2|Cresselia, F
|poke|p2|Donphan, F
|poke|p2|Venusaur, M
|poke|p2|Terrakion
|rule|Swagger Clause: Swagger is banned
|rule|Baton Pass Clause: Limit one PokÃ©mon knowing Baton Pass
|rule|Sleep Clause Mod: Limit one foe put to sleep
|rule|Species Clause: Limit one of each PokÃ©mon
|rule|OHKO Clause: OHKO moves are banned
|rule|Moody Clause: Moody is banned
|rule|Evasion Moves Clause: Evasion moves are banned
|rule|Endless Battle Clause: Forcing endless battles is banned
|rule|HP Percentage Mod: HP is reported as percentages
|teampreview
|
|start
|switch|p1a: Diggersby|Diggersby, M|312\/312
|switch|p2a: Terrakion|Terrakion|323\/323
|turn|1
|
|switch|p2a: Charizard|Charizard, M|298\/298
|move|p1a: Diggersby|Earthquake|p2a: Charizard
|-immune|p2a: Charizard|[msg]
|
|turn|2
|
|detailschange|p2a: Charizard|Charizard-Mega-Y, M
|message|Charizard has Mega Evolved into Mega Charizard!
|-weather|SunnyDay
|move|p2a: Charizard|Solar Beam|p1a: Diggersby|[still]
|-prepare|p2a: Charizard|Solar Beam|p1a: Diggersby
|-anim|p2a: Charizard|Solar Beam|p1a: Diggersby
|-supereffective|p1a: Diggersby
|-enditem|p1a: Diggersby|Focus Sash
|-damage|p1a: Diggersby|1\/312
|move|p1a: Diggersby|Return|p2a: Charizard
|-damage|p2a: Charizard|54\/298
|
|-weather|SunnyDay|[upkeep]
|turn|3
|
|move|p1a: Diggersby|Quick Attack|p2a: Charizard
|-damage|p2a: Charizard|0 fnt
|faint|p2a: Charizard
|
|-weather|SunnyDay|[upkeep]
|
|switch|p2a: Terrakion|Terrakion|323\/323
|turn|4
|
|move|p2a: Terrakion|Quick Attack|p1a: Diggersby
|-damage|p1a: Diggersby|0 fnt
|faint|p1a: Diggersby
|
|-weather|SunnyDay|[upkeep]
|
|switch|p1a: Azumarill|Azumarill, F, shiny|349\/349
|turn|5
|
|move|p2a: Terrakion|Close Combat|p1a: Azumarill
|-crit|p1a: Azumarill
|-resisted|p1a: Azumarill
|-damage|p1a: Azumarill|167\/349
|-unboost|p2a: Terrakion|def|1
|-unboost|p2a: Terrakion|spd|1
|move|p1a: Azumarill|Play Rough|p2a: Terrakion
|-supereffective|p2a: Terrakion
|-enditem|p2a: Terrakion|Focus Sash
|-damage|p2a: Terrakion|1\/323
|
|-weather|SunnyDay|[upkeep]
|turn|6
|
|switch|p2a: Venusaur|Venusaur, M|304\/304
|move|p1a: Azumarill|Aqua Jet|p2a: Venusaur
|-resisted|p2a: Venusaur
|-damage|p2a: Venusaur|280\/304
|
|-weather|none
|-heal|p2a: Venusaur|299\/304|[from] item: Black Sludge
|turn|7
|
|switch|p1a: Latios|Latios, M|302\/302
|move|p2a: Venusaur|Sludge Bomb|p1a: Latios
|-damage|p1a: Latios|170\/302
|
|-heal|p2a: Venusaur|304\/304|[from] item: Black Sludge
|turn|8
|
|move|p1a: Latios|Psyshock|p2a: Venusaur
|-supereffective|p2a: Venusaur
|-damage|p2a: Venusaur|0 fnt
|-damage|p1a: Latios|140\/302|[from] item: Life Orb
|faint|p2a: Venusaur
|
|
|switch|p2a: Terrakion|Terrakion|1\/323
|turn|9
|
|move|p1a: Latios|Ice Beam|p2a: Terrakion
|-damage|p2a: Terrakion|0 fnt
|-damage|p1a: Latios|110\/302|[from] item: Life Orb
|faint|p2a: Terrakion
|
|
|switch|p2a: Donphan|Donphan, F|322\/322
|turn|10
|
|move|p2a: Donphan|Ice Shard|p1a: Latios
|-supereffective|p1a: Latios
|-damage|p1a: Latios|0 fnt
|faint|p1a: Latios
|
|
|switch|p1a: Azumarill|Azumarill, F, shiny|167\/349
|turn|11
|
|move|p1a: Azumarill|Waterfall|p2a: Donphan
|-supereffective|p2a: Donphan
|-damage|p2a: Donphan|112\/322
|move|p2a: Donphan|Earthquake|p1a: Azumarill
|-damage|p1a: Azumarill|0 fnt
|faint|p1a: Azumarill
|
|
|switch|p1a: Scolipede|Scolipede, F|265\/265
|turn|12
|
|move|p1a: Scolipede|Swords Dance|p1a: Scolipede
|-boost|p1a: Scolipede|atk|2
|move|p2a: Donphan|Stone Edge|p1a: Scolipede
|-supereffective|p1a: Scolipede
|-damage|p1a: Scolipede|11\/265
|
|-boost|p1a: Scolipede|spe|1|[from] ability: Speed Boost
|turn|13
|
|move|p2a: Donphan|Ice Shard|p1a: Scolipede
|-damage|p1a: Scolipede|0 fnt
|faint|p1a: Scolipede
|
|
|switch|p1a: Gyarados|Gyarados, M|350\/350
|turn|14
|
|move|p1a: Gyarados|Dragon Dance|p1a: Gyarados
|-boost|p1a: Gyarados|atk|1
|-boost|p1a: Gyarados|spe|1
|move|p2a: Donphan|Stone Edge|p1a: Gyarados
|-crit|p1a: Gyarados
|-supereffective|p1a: Gyarados
|-damage|p1a: Gyarados|0 fnt
|faint|p1a: Gyarados
|
|chat|AlekDesu|oh my lord
|
|switch|p1a: Garchomp|Garchomp, M|376\/376
|turn|15
|chat|AlekDesu|that hax
|chat|Toribiooo|for the love of god
|
|detailschange|p1a: Garchomp|Garchomp-Mega, M
|message|Garchomp has Mega Evolved into Mega Garchomp!
|move|p2a: Donphan|Ice Shard|p1a: Garchomp
|-supereffective|p1a: Garchomp
|-damage|p1a: Garchomp|208\/376
|move|p1a: Garchomp|Dragon Claw|p2a: Donphan
|-damage|p2a: Donphan|0 fnt
|faint|p2a: Donphan
|
|
|switch|p2a: Cresselia|Cresselia, F|436\/436
|turn|16
|chat|AlekDesu|that hax is so stupid wow
|
|move|p1a: Garchomp|Dragon Claw|p2a: Cresselia
|-damage|p2a: Cresselia|261\/436
|move|p2a: Cresselia|Ice Beam|p1a: Garchomp
|-supereffective|p1a: Garchomp
|-damage|p1a: Garchomp|0 fnt
|faint|p1a: Garchomp
|
|win|Toribiooo
|raw|Ladder updating...
|raw|AlekDesu's rating: 1471 &rarr; <strong>1448<\/strong><br \/>(-23 for losing)
|raw|Toribiooo's rating: 1431 &rarr; <strong>1453<\/strong><br \/>(+22 for winning)
|chat|AlekDesu|not gg
|chat|Toribiooo|lol
|chat|AlekDesu|you played so bad and didn't deserved the win
|leave|AlekDesu
|player|p1