|join|thelolouz
|join|AlekDesu
|player|p1|thelolouz|163
|player|p2|AlekDesu|183
|gametype|singles
|gen|6
|tier|OU
|rated
|clearpoke
|poke|p1|Dragonite, M
|poke|p1|Keldeo
|poke|p1|Umbreon, M
|poke|p1|Scizor, M
|poke|p1|Rotom-Wash
|poke|p1|Lucario, F
|poke|p2|Chesnaught, M
|poke|p2|Goodra, M
|poke|p2|Zapdos
|poke|p2|Milotic, F
|poke|p2|Landorus-Therian, M
|poke|p2|Aegislash, F
|rule|Baton Pass Clause: Limit 3 pokemon knowing Baton Pass
|rule|Sleep Clause Mod: Limit one foe put to sleep
|rule|Species Clause: Limit one of each Pokemon
|rule|OHKO Clause: OHKO moves are banned
|rule|Moody Clause: Moody is banned
|rule|Evasion Moves Clause: Evasion moves are banned
|rule|Endless Battle Clause: Forcing endless battles is banned
|rule|HP Percentage Mod: HP is reported as percentages
|teampreview
|
|start
|switch|p1a: Scizor|Scizor, M|344\/344
|switch|p2a: Chesnaught|Chesnaught, M|379\/379
|turn|1
|
|detailschange|p1a: Scizor|Scizor-Mega, M
|message|Scizor has Mega Evolved into Mega Scizor!
|move|p1a: Scizor|Swords Dance|p1a: Scizor
|-boost|p1a: Scizor|atk|2
|move|p2a: Chesnaught|Leech Seed|p1a: Scizor
|-start|p1a: Scizor|move: Leech Seed
|
|-damage|p1a: Scizor|301\/344|[from] Leech Seed|[of] p2a: Chesnaught
|turn|2
|
|move|p1a: Scizor|Swords Dance|p1a: Scizor
|-boost|p1a: Scizor|atk|2
|move|p2a: Chesnaught|Substitute|p2a: Chesnaught
|-start|p2a: Chesnaught|Substitute
|-damage|p2a: Chesnaught|285\/379
|
|-heal|p2a: Chesnaught|308\/379|[from] item: Leftovers
|-damage|p1a: Scizor|258\/344|[from] Leech Seed|[of] p2a: Chesnaught
|-heal|p2a: Chesnaught|351\/379|[silent]
|turn|3
|
|move|p1a: Scizor|Bug Bite|p2a: Chesnaught
|-end|p2a: Chesnaught|Substitute
|move|p2a: Chesnaught|Hammer Arm|p1a: Scizor
|-damage|p1a: Scizor|162\/344
|-unboost|p2a: Chesnaught|spe|1
|
|-heal|p2a: Chesnaught|374\/379|[from] item: Leftovers
|-damage|p1a: Scizor|119\/344|[from] Leech Seed|[of] p2a: Chesnaught
|-heal|p2a: Chesnaught|379\/379|[silent]
|turn|4
|
|move|p1a: Scizor|Bug Bite|p2a: Chesnaught
|-damage|p2a: Chesnaught|66\/379
|move|p2a: Chesnaught|Hammer Arm|p1a: Scizor
|-damage|p1a: Scizor|23\/344
|-unboost|p2a: Chesnaught|spe|1
|
|-heal|p2a: Chesnaught|89\/379|[from] item: Leftovers
|-damage|p1a: Scizor|0 fnt|[from] Leech Seed|[of] p2a: Chesnaught
|-heal|p2a: Chesnaught|112\/379|[silent]
|faint|p1a: Scizor
|
|switch|p1a: Keldeo|Keldeo|323\/323
|turn|5
|
|move|p1a: Keldeo|Icy Wind|p2a: Chesnaught
|-miss|p1a: Keldeo|p2a: Chesnaught
|move|p2a: Chesnaught|Hammer Arm|p1a: Keldeo
|-damage|p1a: Keldeo|190\/323
|-unboost|p2a: Chesnaught|spe|1
|
|-heal|p2a: Chesnaught|135\/379|[from] item: Leftovers
|turn|6
|
|move|p1a: Keldeo|Icy Wind|p2a: Chesnaught
|-supereffective|p2a: Chesnaught
|-damage|p2a: Chesnaught|0 fnt
|-damage|p1a: Keldeo|158\/323|[from] item: Life Orb
|faint|p2a: Chesnaught
|
|
|switch|p2a: Goodra|Goodra, M|361\/361
|turn|7
|
|move|p1a: Keldeo|Icy Wind|p2a: Goodra
|-crit|p2a: Goodra
|-supereffective|p2a: Goodra
|-damage|p2a: Goodra|236\/361
|-unboost|p2a: Goodra|spe|1
|-damage|p1a: Keldeo|126\/323|[from] item: Life Orb
|move|p2a: Goodra|Earthquake|p1a: Keldeo
|-damage|p1a: Keldeo|0 fnt
|faint|p1a: Keldeo
|
|
|switch|p1a: Rotom-Wash|Rotom-Wash|299\/299
|turn|8
|
|move|p1a: Rotom-Wash|Will-O-Wisp|p2a: Goodra
|-status|p2a: Goodra|brn
|move|p2a: Goodra|Power Whip|p1a: Rotom-Wash
|-supereffective|p1a: Rotom-Wash
|-damage|p1a: Rotom-Wash|171\/299
|
|-heal|p1a: Rotom-Wash|189\/299|[from] item: Leftovers
|-damage|p2a: Goodra|191\/361 brn|[from] brn
|turn|9
|
|move|p1a: Rotom-Wash|Hydro Pump|p2a: Goodra
|-resisted|p2a: Goodra
|-damage|p2a: Goodra|152\/361 brn
|move|p2a: Goodra|Dragon Tail|p1a: Rotom-Wash
|-damage|p1a: Rotom-Wash|141\/299
|drag|p1a: Lucario|Lucario, F|281\/281
|
|-damage|p2a: Goodra|107\/361 brn|[from] brn
|turn|10
|
|move|p1a: Lucario|Swords Dance|p1a: Lucario
|-boost|p1a: Lucario|atk|2
|move|p2a: Goodra|Fire Blast|p1a: Lucario
|-crit|p1a: Lucario
|-supereffective|p1a: Lucario
|-enditem|p1a: Lucario|Focus Sash
|-damage|p1a: Lucario|1\/281
|
|-damage|p2a: Goodra|62\/361 brn|[from] brn
|turn|11
|
|move|p1a: Lucario|Ice Punch|p2a: Goodra
|-supereffective|p2a: Goodra
|-damage|p2a: Goodra|0 fnt
|faint|p2a: Goodra
|
|
|switch|p2a: Landorus-Therian|Landorus-Therian, M|320\/320
|-ability|p2a: Landorus-Therian|Intimidate|[of] p1a: Lucario
|-unboost|p1a: Lucario|atk|1
|turn|12
|
|move|p1a: Lucario|Extreme Speed|p2a: Landorus-Therian
|-damage|p2a: Landorus-Therian|181\/320
|move|p2a: Landorus-Therian|U-turn|p1a: Lucario
|-resisted|p1a: Lucario
|-damage|p1a: Lucario|0 fnt
|faint|p1a: Lucario
|
|switch|p2a: Aegislash|Aegislash, F|323\/323
|
|
|switch|p1a: Dragonite|Dragonite, M|386\/386
|turn|13
|
|move|p1a: Dragonite|Dragon Dance|p1a: Dragonite
|-boost|p1a: Dragonite|atk|1
|-boost|p1a: Dragonite|spe|1
|move|p2a: Aegislash|Substitute|p2a: Aegislash
|-start|p2a: Aegislash|Substitute
|-damage|p2a: Aegislash|243\/323
|
|-heal|p2a: Aegislash|263\/323|[from] item: Leftovers
|turn|14
|
|move|p1a: Dragonite|Earthquake|p2a: Aegislash
|-supereffective|p2a: Aegislash
|-end|p2a: Aegislash|Substitute
|-formechange|p2a: Aegislash|Aegislash-Blade
|move|p2a: Aegislash|Shadow Ball|p1a: Dragonite
|-damage|p1a: Dragonite|323\/386
|-unboost|p1a: Dragonite|spd|1
|
|-heal|p2a: Aegislash|283\/323|[from] item: Leftovers
|turn|15
|
|-formechange|p2a: Aegislash|Aegislash
|move|p2a: Aegislash|King's Shield|p2a: Aegislash
|-singleturn|p2a: Aegislash|Protect
|move|p1a: Dragonite|Earthquake|p2a: Aegislash
|-activate|p2a: Aegislash|Protect
|
|-heal|p2a: Aegislash|303\/323|[from] item: Leftovers
|turn|16
|
|move|p1a: Dragonite|Earthquake|p2a: Aegislash
|-crit|p2a: Aegislash
|-supereffective|p2a: Aegislash
|-damage|p2a: Aegislash|0 fnt
|faint|p2a: Aegislash
|
|chat|AlekDesu|the crit mattered aha
|chat|AlekDesu|shit it did win it for you actually
|
|switch|p2a: Milotic|Milotic, F|394\/394
|turn|17
|
|move|p1a: Dragonite|Dragon Dance|p1a: Dragonite
|-boost|p1a: Dragonite|atk|1
|-boost|p1a: Dragonite|spe|1
|move|p2a: Milotic|Toxic|p1a: Dragonite
|-status|p1a: Dragonite|tox
|-enditem|p1a: Dragonite|Lum Berry|[eat]
|-curestatus|p1a: Dragonite|tox
|
|turn|18
|
|move|p1a: Dragonite|Outrage|p2a: Milotic
|-damage|p2a: Milotic|0 fnt
|faint|p2a: Milotic
|
|
|switch|p2a: Landorus-Therian|Landorus-Therian, M|181\/320
|-ability|p2a: Landorus-Therian|Intimidate|[of] p1a: Dragonite
|-unboost|p1a: Dragonite|atk|1
|turn|19
|
|move|p2a: Landorus-Therian|Stone Edge|p1a: Dragonite
|-supereffective|p1a: Dragonite
|-damage|p1a: Dragonite|73\/386
|move|p1a: Dragonite|Outrage|p2a: Landorus-Therian
|-damage|p2a: Landorus-Therian|0 fnt
|faint|p2a: Landorus-Therian
|
|
|switch|p2a: Zapdos|Zapdos|384\/384
|-ability|p2a: Zapdos|Pressure
|turn|20
|
|move|p1a: Dragonite|Outrage|p2a: Zapdos
|-damage|p2a: Zapdos|81\/384
|move|p2a: Zapdos|Thunderbolt|p1a: Dragonite
|-damage|p1a: Dragonite|0 fnt
|faint|p1a: Dragonite
|
|-heal|p2a: Zapdos|105\/384|[from] item: Leftovers
|
|switch|p1a: Umbreon|Umbreon, M|394\/394
|turn|21
|chat|AlekDesu|3 turn outrage the hax is real :[
|
|move|p2a: Zapdos|Roost|p2a: Zapdos
|-heal|p2a: Zapdos|297\/384
|move|p1a: Umbreon|Foul Play|p2a: Zapdos
|-damage|p2a: Zapdos|227\/384
|
|-heal|p2a: Zapdos|251\/384|[from] item: Leftovers
|turn|22
|chat|thelolouz|its normal
|
|move|p2a: Zapdos|Thunderbolt|p1a: Umbreon
|-damage|p1a: Umbreon|315\/394
|move|p1a: Umbreon|Foul Play|p2a: Zapdos
|-damage|p2a: Zapdos|184\/384
|
|-heal|p2a: Zapdos|208\/384|[from] item: Leftovers
|-heal|p1a: Umbreon|339\/394|[from] item: Leftovers
|turn|23
|
|move|p2a: Zapdos|Thunderbolt|p1a: Umbreon
|-damage|p1a: Umbreon|254\/394
|move|p1a: Umbreon|Wish|p1a: Umbreon
|
|-heal|p2a: Zapdos|232\/384|[from] item: Leftovers
|-heal|p1a: Umbreon|278\/394|[from] item: Leftovers
|turn|24
|
|move|p2a: Zapdos|Thunderbolt|p1a: Umbreon
|-damage|p1a: Umbreon|194\/394
|-status|p1a: Umbreon|par
|move|p1a: Umbreon|Foul Play|p2a: Zapdos
|-damage|p2a: Zapdos|166\/384
|
|-heal|p1a: Umbreon|391\/394 par|[from] move: Wish|[wisher] Umbreon
|-heal|p2a: Zapdos|190\/384|[from] item: Leftovers
|-heal|p1a: Umbreon|394\/394 par|[from] item: Leftovers
|turn|25
|
|move|p2a: Zapdos|Roost|p2a: Zapdos
|-heal|p2a: Zapdos|382\/384
|move|p1a: Umbreon|Heal Bell|p1a: Umbreon
|-cureteam|p1a: Umbreon|[from] move: HealBell
|
|-heal|p2a: Zapdos|384\/384|[from] item: Leftovers
|turn|26
|
|move|p2a: Zapdos|Thunderbolt|p1a: Umbreon
|-damage|p1a: Umbreon|312\/394
|move|p1a: Umbreon|Wish|p1a: Umbreon
|
|-heal|p1a: Umbreon|336\/394|[from] item: Leftovers
|turn|27
|
|move|p2a: Zapdos|Thunderbolt|p1a: Umbreon
|-damage|p1a: Umbreon|249\/394
|move|p1a: Umbreon|Foul Play|p2a: Zapdos
|-damage|p2a: Zapdos|311\/384
|
|-heal|p1a: Umbreon|394\/394|[from] move: Wish|[wisher] Umbreon
|-heal|p2a: Zapdos|335\/384|[from] item: Leftovers
|turn|28
|
|move|p2a: Zapdos|Defog|p1a: Umbreon
|-unboost|p1a: Umbreon|evasion|1
|move|p1a: Umbreon|Foul Play|p2a: Zapdos
|-damage|p2a: Zapdos|265\/384
|
|-heal|p2a: Zapdos|289\/384|[from] item: Leftovers
|turn|29
|
|move|p2a: Zapdos|Defog|p1a: Umbreon
|-unboost|p1a: Umbreon|evasion|1
|move|p1a: Umbreon|Foul Play|p2a: Zapdos
|-damage|p2a: Zapdos|217\/384
|
|-heal|p2a: Zapdos|241\/384|[from] item: Leftovers
|turn|30
|
|move|p2a: Zapdos|Defog|p1a: Umbreon
|-unboost|p1a: Umbreon|evasion|1
|move|p1a: Umbreon|Foul Play|p2a: Zapdos
|-damage|p2a: Zapdos|171\/384
|
|-heal|p2a: Zapdos|195\/384|[from] item: Leftovers
|turn|31
|
|move|p2a: Zapdos|Roost|p2a: Zapdos
|-heal|p2a: Zapdos|384\/384
|move|p1a: Umbreon|Wish|p1a: Umbreon
|
|turn|32
|
|switch|p1a: Rotom-Wash|Rotom-Wash|141\/299
|move|p2a: Zapdos|Thunderbolt|p1a: Rotom-Wash
|-damage|p1a: Rotom-Wash|2\/299
|
|-heal|p1a: Rotom-Wash|199\/299|[from] move: Wish|[wisher] Umbreon
|-heal|p1a: Rotom-Wash|217\/299|[from] item: Leftovers
|turn|33
|chat|AlekDesu|looool
|
|move|p1a: Rotom-Wash|Will-O-Wisp|p2a: Zapdos
|-status|p2a: Zapdos|brn
|move|p2a: Zapdos|Thunderbolt|p1a: Rotom-Wash
|-damage|p1a: Rotom-Wash|79\/299
|
|-heal|p1a: Rotom-Wash|97\/299|[from] item: Leftovers
|-damage|p2a: Zapdos|336\/384 brn|[from] brn
|turn|34
|
|move|p1a: Rotom-Wash|Pain Split|p2a: Zapdos
|-sethp|p2a: Zapdos|216\/384 brn|p1a: Rotom-Wash|216\/299|[from] move: Pain Split
|move|p2a: Zapdos|Thunderbolt|p1a: Rotom-Wash
|-damage|p1a: Rotom-Wash|92\/299
|
|-heal|p1a: Rotom-Wash|110\/299|[from] item: Leftovers
|-heal|p2a: Zapdos|240\/384 brn|[from] item: Leftovers
|-damage|p2a: Zapdos|192\/384 brn|[from] brn
|turn|35
|
|move|p1a: Rotom-Wash|Hydro Pump|p2a: Zapdos
|-damage|p2a: Zapdos|26\/384 brn
|move|p2a: Zapdos|Thunderbolt|p1a: Rotom-Wash
|-damage|p1a: Rotom-Wash|0 fnt
|faint|p1a: Rotom-Wash
|
|-heal|p2a: Zapdos|50\/384 brn|[from] item: Leftovers
|-damage|p2a: Zapdos|2\/384 brn|[from] brn
|chat|thelolouz|wow
|chat|AlekDesu|ahahaha
|
|switch|p1a: Umbreon|Umbreon, M|394\/394
|turn|36
|
|move|p2a: Zapdos|Roost|p2a: Zapdos
|-heal|p2a: Zapdos|194\/384 brn
|move|p1a: Umbreon|Foul Play|p2a: Zapdos
|-damage|p2a: Zapdos|119\/384 brn
|
|-heal|p2a: Zapdos|143\/384 brn|[from] item: Leftovers
|-damage|p2a: Zapdos|95\/384 brn|[from] brn
|turn|37
|chat|AlekDesu|that's some close game 
|
|move|p2a: Zapdos|Roost|p2a: Zapdos
|-heal|p2a: Zapdos|287\/384 brn
|move|p1a: Umbreon|Foul Play|p2a: Zapdos
|-damage|p2a: Zapdos|211\/384 brn
|
|-heal|p2a: Zapdos|235\/384 brn|[from] item: Leftovers
|-damage|p2a: Zapdos|187\/384 brn|[from] brn
|turn|38
|
|move|p2a: Zapdos|Roost|p2a: Zapdos
|-heal|p2a: Zapdos|379\/384 brn
|move|p1a: Umbreon|Foul Play|p2a: Zapdos
|-damage|p2a: Zapdos|303\/384 brn
|
|-heal|p2a: Zapdos|327\/384 brn|[from] item: Leftovers
|-damage|p2a: Zapdos|279\/384 brn|[from] brn
|turn|39
|
|move|p2a: Zapdos|Defog|p1a: Umbreon
|-unboost|p1a: Umbreon|evasion|1
|move|p1a: Umbreon|Foul Play|p2a: Zapdos
|-damage|p2a: Zapdos|213\/384 brn
|
|-heal|p2a: Zapdos|237\/384 brn|[from] item: Leftovers
|-damage|p2a: Zapdos|189\/384 brn|[from] brn
|turn|40
|
|move|p2a: Zapdos|Roost|p2a: Zapdos
|-heal|p2a: Zapdos|381\/384 brn
|move|p1a: Umbreon|Foul Play|p2a: Zapdos
|-damage|p2a: Zapdos|317\/384 brn
|
|-heal|p2a: Zapdos|341\/384 brn|[from] item: Leftovers
|-damage|p2a: Zapdos|293\/384 brn|[from] brn
|turn|41
|
|move|p2a: Zapdos|Thunderbolt|p1a: Umbreon
|-damage|p1a: Umbreon|306\/394
|move|p1a: Umbreon|Heal Bell|p1a: Umbreon
|-cureteam|p1a: Umbreon|[from] move: HealBell
|
|-heal|p2a: Zapdos|317\/384 brn|[from] item: Leftovers
|-heal|p1a: Umbreon|330\/394|[from] item: Leftovers
|-damage|p2a: Zapdos|269\/384 brn|[from] brn
|turn|42
|
|move|p1a: Umbreon|Protect|p1a: Umbreon
|-singleturn|p1a: Umbreon|Protect
|move|p2a: Zapdos|Thunderbolt|p1a: Umbreon
|-activate|p1a: Umbreon|Protect
|
|-heal|p2a: Zapdos|293\/384 brn|[from] item: Leftovers
|-heal|p1a: Umbreon|354\/394|[from] item: Leftovers
|-damage|p2a: Zapdos|245\/384 brn|[from] brn
|turn|43
|
|move|p2a: Zapdos|Thunderbolt|p1a: Umbreon
|-damage|p1a: Umbreon|275\/394
|move|p1a: Umbreon|Heal Bell|p1a: Umbreon
|-cureteam|p1a: Umbreon|[from] move: HealBell
|
|-heal|p2a: Zapdos|269\/384 brn|[from] item: Leftovers
|-heal|p1a: Umbreon|299\/394|[from] item: Leftovers
|-damage|p2a: Zapdos|221\/384 brn|[from] brn
|turn|44
|
|move|p2a: Zapdos|Heat Wave|p1a: Umbreon
|-damage|p1a: Umbreon|240\/394
|move|p1a: Umbreon|Heal Bell|p1a: Umbreon
|-cureteam|p1a: Umbreon|[from] move: HealBell
|
|-heal|p2a: Zapdos|245\/384 brn|[from] item: Leftovers
|-heal|p1a: Umbreon|264\/394|[from] item: Leftovers
|-damage|p2a: Zapdos|197\/384 brn|[from] brn
|turn|45
|
|move|p2a: Zapdos|Heat Wave|p1a: Umbreon
|-crit|p1a: Umbreon
|-damage|p1a: Umbreon|181\/394
|move|p1a: Umbreon|Wish|p1a: Umbreon
|
|-heal|p2a: Zapdos|221\/384 brn|[from] item: Leftovers
|-heal|p1a: Umbreon|205\/394|[from] item: Leftovers
|-damage|p2a: Zapdos|173\/384 brn|[from] brn
|turn|46
|
|move|p2a: Zapdos|Heat Wave|p1a: Umbreon
|-damage|p1a: Umbreon|151\/394
|move|p1a: Umbreon|Heal Bell|p1a: Umbreon
|-cureteam|p1a: Umbreon|[from] move: HealBell
|
|-heal|p1a: Umbreon|348\/394|[from] move: Wish|[wisher] Umbreon
|-heal|p2a: Zapdos|197\/384 brn|[from] item: Leftovers
|-heal|p1a: Umbreon|372\/394|[from] item: Leftovers
|-damage|p2a: Zapdos|149\/384 brn|[from] brn
|turn|47
|
|move|p2a: Zapdos|Heat Wave|p1a: Umbreon
|-crit|p1a: Umbreon
|-damage|p1a: Umbreon|277\/394
|move|p1a: Umbreon|Heal Bell|p1a: Umbreon
|-cureteam|p1a: Umbreon|[from] move: HealBell
|
|-heal|p2a: Zapdos|173\/384 brn|[from] item: Leftovers
|-heal|p1a: Umbreon|301\/394|[from] item: Leftovers
|-damage|p2a: Zapdos|125\/384 brn|[from] brn
|turn|48
|
|move|p1a: Umbreon|Protect|p1a: Umbreon
|-singleturn|p1a: Umbreon|Protect
|move|p2a: Zapdos|Roost|p2a: Zapdos
|-heal|p2a: Zapdos|317\/384 brn
|
|-heal|p2a: Zapdos|341\/384 brn|[from] item: Leftovers
|-heal|p1a: Umbreon|325\/394|[from] item: Leftovers
|-damage|p2a: Zapdos|293\/384 brn|[from] brn
|turn|49
|
|move|p2a: Zapdos|Heat Wave|p1a: Umbreon
|-damage|p1a: Umbreon|265\/394
|move|p1a: Umbreon|Heal Bell|p1a: Umbreon
|-cureteam|p1a: Umbreon|[from] move: HealBell
|
|-heal|p2a: Zapdos|317\/384 brn|[from] item: Leftovers
|-heal|p1a: Umbreon|289\/394|[from] item: Leftovers
|-damage|p2a: Zapdos|269\/384 brn|[from] brn
|turn|50
|
|move|p2a: Zapdos|Heat Wave|p1a: Umbreon
|-damage|p1a: Umbreon|234\/394
|move|p1a: Umbreon|Heal Bell|p1a: Umbreon
|-cureteam|p1a: Umbreon|[from] move: HealBell
|
|-heal|p2a: Zapdos|293\/384 brn|[from] item: Leftovers
|-heal|p1a: Umbreon|258\/394|[from] item: Leftovers
|-damage|p2a: Zapdos|245\/384 brn|[from] brn
|turn|51
|
|move|p2a: Zapdos|Heat Wave|p1a: Umbreon
|-damage|p1a: Umbreon|199\/394
|move|p1a: Umbreon|Wish|p1a: Umbreon
|
|-heal|p2a: Zapdos|269\/384 brn|[from] item: Leftovers
|-heal|p1a: Umbreon|223\/394|[from] item: Leftovers
|-damage|p2a: Zapdos|221\/384 brn|[from] brn
|turn|52
|chat|AlekDesu|64
|chat|AlekDesu|i've 80
|chat|AlekDesu|pp
|chat|AlekDesu|you have 64
|
|move|p1a: Umbreon|Protect|p1a: Umbreon
|-singleturn|p1a: Umbreon|Protect
|move|p2a: Zapdos|Defog|p1a: Umbreon
|-activate|p1a: Umbreon|Protect
|
|-heal|p1a: Umbreon|394\/394|[from] move: Wish|[wisher] Umbreon
|-heal|p2a: Zapdos|245\/384 brn|[from] item: Leftovers
|-damage|p2a: Zapdos|197\/384 brn|[from] brn
|turn|53
|chat|AlekDesu|how many left?
|
|move|p1a: Umbreon|Protect|p1a: Umbreon
|-singleturn|p1a: Umbreon|Protect
|move|p2a: Zapdos|Defog|p1a: Umbreon
|-activate|p1a: Umbreon|Protect
|
|-heal|p2a: Zapdos|221\/384 brn|[from] item: Leftovers
|-damage|p2a: Zapdos|173\/384 brn|[from] brn
|turn|54
|chat|thelolouz|some:p
|chat|AlekDesu|let's say the one who has the less forfeits cause it's endless and i've exam tommorow lol ^^
|
|move|p1a: Umbreon|Protect|p1a: Umbreon
|-fail|p1a: Umbreon
|move|p2a: Zapdos|Defog|p1a: Umbreon
|-unboost|p1a: Umbreon|evasion|1
|
|-heal|p2a: Zapdos|197\/384 brn|[from] item: Leftovers
|-damage|p2a: Zapdos|149\/384 brn|[from] brn
|turn|55
|chat|thelolouz|you
|chat|AlekDesu|35
|chat|thelolouz|how many roost?
|chat|AlekDesu|9
|chat|AlekDesu|how many wishes?
|chat|thelolouz|11
|chat|AlekDesu|and pp?
|chat|thelolouz|and 11 protect
|chat|thelolouz|gg
|chat|AlekDesu|gg
|-message|thelolouz forfeited.
|
|win|AlekDesu
|raw|Ladder updating...
|leave|thelolouz
|player|p1
|raw|thelolouz's rating: 1498 &rarr; <strong>1481<\/strong><br \/>(-17 for losing)
|raw|AlekDesu's rating: 1557 &rarr; <strong>1574<\/strong><br \/>(+17 for winning)