|join|AlekDesu
|join|ben2659510
|player|p1|AlekDesu|34
|player|p2|ben2659510|266
|gametype|singles
|gen|6
|tier|OU
|rated
|clearpoke
|poke|p1|Bisharp, F
|poke|p1|Landorus, M
|poke|p1|Charizard, F
|poke|p1|Keldeo-Resolute
|poke|p1|Thundurus, M
|poke|p1|Starmie
|poke|p2|Garchomp, M
|poke|p2|Volcarona, M
|poke|p2|Pinsir, M
|poke|p2|Slowbro, F
|poke|p2|Scizor, M
|poke|p2|Mamoswine, M
|rule|Swagger Clause: Swagger is banned
|rule|Baton Pass Clause: Limit one PokÃ©mon knowing Baton Pass
|rule|Sleep Clause Mod: Limit one foe put to sleep
|rule|Species Clause: Limit one of each PokÃ©mon
|rule|OHKO Clause: OHKO moves are banned
|rule|Moody Clause: Moody is banned
|rule|Evasion Moves Clause: Evasion moves are banned
|rule|Endless Battle Clause: Forcing endless battles is banned
|rule|HP Percentage Mod: HP is shown in percentages
|teampreview
|
|start
|switch|p1a: Charizard|Charizard, F|297\/297
|switch|p2a: Mamoswine|Mamoswine, M|423\/423
|turn|1
|
|detailschange|p1a: Charizard|Charizard-Mega-Y, F
|-mega|p1a: Charizard|Charizard|Charizardite Y
|-weather|SunnyDay
|move|p1a: Charizard|Fire Blast|p2a: Mamoswine
|-supereffective|p2a: Mamoswine
|-enditem|p2a: Mamoswine|Focus Sash
|-damage|p2a: Mamoswine|1\/423
|-status|p2a: Mamoswine|brn
|move|p2a: Mamoswine|Stealth Rock|p1a: Charizard
|-sidestart|p1: AlekDesu|move: Stealth Rock
|
|-weather|SunnyDay|[upkeep]
|-damage|p2a: Mamoswine|0 fnt|[from] brn
|faint|p2a: Mamoswine
|
|switch|p2a: Garchomp|Garchomp, M|357\/357
|turn|2
|
|switch|p1a: Bisharp|Bisharp, F|271\/271
|-damage|p1a: Bisharp|255\/271|[from] Stealth Rock
|move|p2a: Garchomp|Outrage|p1a: Bisharp
|-resisted|p1a: Bisharp
|-damage|p1a: Bisharp|141\/271
|
|-weather|SunnyDay|[upkeep]
|turn|3
|
|move|p2a: Garchomp|Outrage|p1a: Bisharp
|-resisted|p1a: Bisharp
|-damage|p1a: Bisharp|27\/271
|move|p1a: Bisharp|Knock Off|p2a: Garchomp
|-damage|p2a: Garchomp|171\/357
|-damage|p1a: Bisharp|0 fnt|[from] ability: Rough Skin|[of] p2a: Garchomp
|faint|p1a: Bisharp
|
|-end|p2a: Garchomp|rampage
|-start|p2a: Garchomp|confusion
|-weather|SunnyDay|[upkeep]
|
|switch|p1a: Starmie|Starmie|261\/261
|-damage|p1a: Starmie|229\/261|[from] Stealth Rock
|turn|4
|c|âAlekDesu|the no item garchomp lol
|c|âAlekDesu|or maybe you just forgot to click mega evolve
|
|switch|p2a: Scizor|Scizor, M|281\/281
|move|p1a: Starmie|Rapid Spin|p2a: Scizor
|-resisted|p2a: Scizor
|-damage|p2a: Scizor|273\/281
|-sideend|p1: AlekDesu|Stealth Rock|[from] move: Rapid Spin|[of] p1a: Starmie
|-damage|p1a: Starmie|203\/261|[from] item: Life Orb
|
|-weather|SunnyDay|[upkeep]
|turn|5
|
|switch|p1a: Landorus|Landorus, M|319\/319
|move|p2a: Scizor|Swords Dance|p2a: Scizor
|-boost|p2a: Scizor|atk|2
|
|-weather|none
|turn|6
|
|move|p2a: Scizor|Bullet Punch|p1a: Landorus
|-damage|p1a: Landorus|81\/319
|move|p1a: Landorus|Stealth Rock|p2a: Scizor
|-sidestart|p2: ben2659510|move: Stealth Rock
|
|turn|7
|
|move|p1a: Landorus|Earth Power|p2a: Scizor
|-damage|p2a: Scizor|0 fnt
|faint|p2a: Scizor
|
|
|switch|p2a: Slowbro|Slowbro, F|332\/332
|-damage|p2a: Slowbro|291\/332|[from] Stealth Rock
|turn|8
|
|move|p1a: Landorus|Earth Power|p2a: Slowbro
|-damage|p2a: Slowbro|84\/332
|move|p2a: Slowbro|Ice Beam|p1a: Landorus
|-supereffective|p1a: Landorus
|-damage|p1a: Landorus|0 fnt
|faint|p1a: Landorus
|
|-heal|p2a: Slowbro|104\/332|[from] item: Leftovers
|
|switch|p1a: Thundurus|Thundurus, M|299\/299
|turn|9
|
|switch|p2a: Garchomp|Garchomp, M|171\/357
|-damage|p2a: Garchomp|149\/357|[from] Stealth Rock
|move|p1a: Thundurus|Thunderbolt|p2a: Garchomp
|-immune|p2a: Garchomp|[msg]
|
|turn|10
|
|move|p2a: Garchomp|Outrage|p1a: Thundurus
|-damage|p1a: Thundurus|0 fnt
|faint|p1a: Thundurus
|
|c|âAlekDesu|wtf?
|c|âAlekDesu|how didn't I knock off your scarf
|c|âAlekDesu|wtf?
|c|âAlekDesu|Bisharp used Knock Off!
|c|âAlekDesu|The opposing Garchomp lost 52% of its health!
|c|âAlekDesu|you didn't loose your item
|c|âAlekDesu|wtf??
|c|âben2659510|i don't know
|c|âben2659510|maybe it does not work every time
|
|switch|p1a: Starmie|Starmie|203\/261
|turn|11
|c|âAlekDesu|what the hell Oo
|c|âAlekDesu|wtf man
|c|âAlekDesu|I've been playing for quite a while
|c|âben2659510|yeh unlucky
|c|âAlekDesu|knock off always knocked off the item
|c|âAlekDesu|wtf
|c|âben2659510|lol
|c|âAlekDesu|I'm kinda speechless at this point lol
|c|âAlekDesu|I guess i'll just report to smogon
|c|âben2659510|made  a big difference too
|
|move|p2a: Garchomp|Outrage|p1a: Starmie
|-damage|p1a: Starmie|0 fnt
|faint|p1a: Starmie
|
|c|âben2659510|how do you do that?
|c|âAlekDesu|I mean I don't really care about the outcome of battle
|c|âben2659510|do they have a hotline?
|
|switch|p1a: Keldeo-Resolute|Keldeo-Resolute|323\/323
|turn|12
|c|âben2659510|yeh i know, it annoys me too
|c|âAlekDesu|i'll post it on the forums I guess or just send it in chat
|c|âben2659510|you want consistancy
|c|âAlekDesu|That's just really really weird, maybe we missed out on something idk
|
|move|p1a: Keldeo-Resolute|Icy Wind|p2a: Garchomp
|-supereffective|p2a: Garchomp
|-damage|p2a: Garchomp|0 fnt
|faint|p2a: Garchomp
|
|c|âAlekDesu|maybe it's a bug with outrage
|c|âAlekDesu|I mean I really have no idea
|c|âAlekDesu|^^
|c|âben2659510|is keldeo scarfed as well?
|c|âAlekDesu|ye ye of course
|c|âben2659510|ah i see
|c|âAlekDesu|I mean it's a speed tie with volc at this point I think
|
|switch|p2a: Slowbro|Slowbro, F|214\/332
|-damage|p2a: Slowbro|173\/332|[from] Stealth Rock
|turn|13
|c|âAlekDesu|and I've to hit my moves too
|
|move|p1a: Keldeo-Resolute|Icy Wind|p2a: Slowbro
|-resisted|p2a: Slowbro
|-damage|p2a: Slowbro|148\/332
|-unboost|p2a: Slowbro|spe|1
|move|p2a: Slowbro|Thunder Wave|p1a: Keldeo-Resolute
|-status|p1a: Keldeo-Resolute|par
|
|-heal|p2a: Slowbro|168\/332|[from] item: Leftovers
|turn|14
|c|âAlekDesu|well the first knock off that didn't knock the item off aha
|
|move|p1a: Keldeo-Resolute|Icy Wind|p2a: Slowbro
|-resisted|p2a: Slowbro
|-damage|p2a: Slowbro|139\/332
|-unboost|p2a: Slowbro|spe|1
|move|p2a: Slowbro|Psychic|p1a: Keldeo-Resolute
|-supereffective|p1a: Keldeo-Resolute
|-damage|p1a: Keldeo-Resolute|11\/323 par
|
|-heal|p2a: Slowbro|159\/332|[from] item: Leftovers
|turn|15
|
|cant|p1a: Keldeo-Resolute|par
|move|p2a: Slowbro|Scald|p1a: Keldeo-Resolute
|-resisted|p1a: Keldeo-Resolute
|-damage|p1a: Keldeo-Resolute|0 fnt
|faint|p1a: Keldeo-Resolute
|
|-heal|p2a: Slowbro|179\/332|[from] item: Leftovers
|
|switch|p1a: Charizard|Charizard-Mega-Y, F|297\/297
|-weather|SunnyDay
|turn|16
|c|âben2659510|i think im in trouble here
|c|âAlekDesu|eh, you could win if I miss some fire blasts I think
|c|âAlekDesu|just go for it
|c|âAlekDesu|xD
|c|âAlekDesu|and volc is a speed tie if you're timid
|
|move|p1a: Charizard|Solar Beam|p2a: Slowbro|[still]
|-prepare|p1a: Charizard|Solar Beam|p2a: Slowbro
|-anim|p1a: Charizard|Solar Beam|p2a: Slowbro
|-crit|p2a: Slowbro
|-supereffective|p2a: Slowbro
|-damage|p2a: Slowbro|0 fnt
|faint|p2a: Slowbro
|
|-weather|SunnyDay|[upkeep]
|
|switch|p2a: Volcarona|Volcarona, M|311\/311
|-damage|p2a: Volcarona|156\/311|[from] Stealth Rock
|turn|17
|
|move|p1a: Charizard|Fire Blast|p2a: Volcarona
|-damage|p2a: Volcarona|0 fnt
|faint|p2a: Volcarona
|
|-weather|SunnyDay|[upkeep]
|
|switch|p2a: Pinsir|Pinsir, M|271\/271
|-damage|p2a: Pinsir|204\/271|[from] Stealth Rock
|turn|18
|
|detailschange|p2a: Pinsir|Pinsir-Mega, M
|-mega|p2a: Pinsir|Pinsir|Pinsirite
|move|p1a: Charizard|Fire Blast|p2a: Pinsir
|-supereffective|p2a: Pinsir
|-damage|p2a: Pinsir|0 fnt
|faint|p2a: Pinsir
|
|win|AlekDesu
|raw|Ladder updating...
|raw|AlekDesu's rating: 1408 &rarr; <strong>1431<\/strong><br \/>(+23 for winning)
|raw|ben2659510's rating: 1458 &rarr; <strong>1435<\/strong><br \/>(-23 for losing)
|c|âAlekDesu|gg
|c|âben2659510|gg
|c|âAlekDesu|was a fun bug
|c|âAlekDesu|^^
|c|âben2659510|yeh
|c|âAlekDesu|I'm keeping the replay
|c|âAlekDesu|aha