|join|bosh for three
|join|AlekDesu
|player|p1|bosh for three|169
|player|p2|AlekDesu|216
|gametype|singles
|gen|6
|tier|OU
|rated
|clearpoke
|poke|p1|Slowbro, M
|poke|p1|Tornadus-Therian, M
|poke|p1|Hippowdon, F
|poke|p1|Excadrill, M
|poke|p1|Keldeo
|poke|p1|Clefable, M
|poke|p2|Lopunny, F
|poke|p2|Doublade, M
|poke|p2|Hydreigon, M
|poke|p2|Starmie
|poke|p2|Bisharp, F
|poke|p2|Talonflame, F
|rule|Swagger Clause: Swagger is banned
|rule|Baton Pass Clause: Limit one PokÃ©mon knowing Baton Pass
|rule|Sleep Clause Mod: Limit one foe put to sleep
|rule|Species Clause: Limit one of each PokÃ©mon
|rule|OHKO Clause: OHKO moves are banned
|rule|Moody Clause: Moody is banned
|rule|Evasion Moves Clause: Evasion moves are banned
|rule|Endless Battle Clause: Forcing endless battles is banned
|rule|HP Percentage Mod: HP is shown in percentages
|teampreview
|
|start
|switch|p1a: Keldeo|Keldeo|323\/323
|switch|p2a: Bisharp|Bisharp, F|271\/271
|turn|1
|
|move|p1a: Keldeo|Hidden Power|p2a: Bisharp
|-damage|p2a: Bisharp|137\/271
|move|p2a: Bisharp|Stealth Rock|p1a: Keldeo
|-sidestart|p1: bosh for three|move: Stealth Rock
|
|turn|2
|
|switch|p2a: Hydreigon|Hydreigon, M|325\/325
|move|p1a: Keldeo|Hidden Power|p2a: Hydreigon
|-supereffective|p2a: Hydreigon
|-damage|p2a: Hydreigon|55\/325
|
|turn|3
|c|âAlekDesu|hp bug?
|c|âAlekDesu|wtf
|c|âAlekDesu|is that really hp bug? xD
|
|switch|p1a: Clefable|Clefable, M|394\/394
|move|p2a: Hydreigon|Draco Meteor|p1a: Clefable
|-immune|p1a: Clefable|[msg]
|
|turn|4
|
|switch|p2a: Talonflame|Talonflame, F|347\/347
|switch|p1a: Hippowdon|Hippowdon, F|420\/420
|-damage|p1a: Hippowdon|394\/420|[from] Stealth Rock
|-weather|Sandstorm
|
|-weather|Sandstorm|[upkeep]
|-damage|p2a: Talonflame|326\/347|[from] sandstorm
|-heal|p2a: Talonflame|347\/347|[from] item: Leftovers
|-heal|p1a: Hippowdon|420\/420|[from] item: Leftovers
|turn|5
|c|âAlekDesu|hp fairy specs would've killed so it's hp bug lol
|c|âAlekDesu|why the fuck would you run that lol
|
|switch|p2a: Bisharp|Bisharp, F|137\/271
|move|p1a: Hippowdon|Toxic|p2a: Bisharp
|-fail|p2a: Bisharp
|
|-weather|Sandstorm|[upkeep]
|turn|6
|
|move|p2a: Bisharp|Knock Off|p1a: Hippowdon
|-damage|p1a: Hippowdon|279\/420
|-enditem|p1a: Hippowdon|Leftovers|[from] move: Knock Off|[of] p2a: Bisharp
|move|p1a: Hippowdon|Earthquake|p2a: Bisharp
|-supereffective|p2a: Bisharp
|-damage|p2a: Bisharp|0 fnt
|faint|p2a: Bisharp
|
|-weather|Sandstorm|[upkeep]
|
|switch|p2a: Talonflame|Talonflame, F|347\/347
|turn|7
|
|switch|p1a: Slowbro|Slowbro, M|394\/394
|-damage|p1a: Slowbro|345\/394|[from] Stealth Rock
|move|p2a: Talonflame|Taunt|p1a: Slowbro
|-start|p1a: Slowbro|move: Taunt
|
|-weather|Sandstorm|[upkeep]
|-damage|p2a: Talonflame|326\/347|[from] sandstorm
|-damage|p1a: Slowbro|321\/394|[from] sandstorm
|-heal|p2a: Talonflame|347\/347|[from] item: Leftovers
|turn|8
|
|switch|p2a: Hydreigon|Hydreigon, M|55\/325
|move|p1a: Slowbro|Scald|p2a: Hydreigon
|-resisted|p2a: Hydreigon
|-damage|p2a: Hydreigon|2\/325
|-status|p2a: Hydreigon|brn
|
|-weather|none
|-damage|p2a: Hydreigon|0 fnt|[from] brn
|faint|p2a: Hydreigon
|
|switch|p2a: Lopunny|Lopunny, F|272\/272
|turn|9
|
|detailschange|p2a: Lopunny|Lopunny-Mega, F
|-mega|p2a: Lopunny|Lopunny|Lopunnite
|move|p2a: Lopunny|Fake Out|p1a: Slowbro
|-damage|p1a: Slowbro|267\/394
|cant|p1a: Slowbro|flinch
|
|turn|10
|
|move|p2a: Lopunny|Return|p1a: Slowbro
|-damage|p1a: Slowbro|120\/394
|move|p1a: Slowbro|Psyshock|p2a: Lopunny
|-supereffective|p2a: Lopunny
|-damage|p2a: Lopunny|84\/272
|
|-end|p1a: Slowbro|move: Taunt
|turn|11
|
|switch|p2a: Starmie|Starmie|261\/261
|switch|p1a: Clefable|Clefable, M|394\/394
|
|turn|12
|
|switch|p2a: Talonflame|Talonflame, F|347\/347
|move|p1a: Clefable|Calm Mind|p1a: Clefable
|-boost|p1a: Clefable|spa|1
|-boost|p1a: Clefable|spd|1
|
|turn|13
|
|move|p2a: Talonflame|Bulk Up|p2a: Talonflame
|-boost|p2a: Talonflame|atk|1
|-boost|p2a: Talonflame|def|1
|move|p1a: Clefable|Moonblast|p2a: Talonflame
|-resisted|p2a: Talonflame
|-damage|p2a: Talonflame|238\/347
|-unboost|p2a: Talonflame|spa|1
|
|-heal|p2a: Talonflame|259\/347|[from] item: Leftovers
|turn|14
|
|switch|p1a: Slowbro|Slowbro, M|251\/394
|-damage|p1a: Slowbro|202\/394|[from] Stealth Rock
|move|p2a: Talonflame|Brave Bird|p1a: Slowbro
|-damage|p1a: Slowbro|0 fnt
|-damage|p2a: Talonflame|192\/347|[from] recoil|[of] p1a: Slowbro
|faint|p1a: Slowbro
|
|-heal|p2a: Talonflame|213\/347|[from] item: Leftovers
|
|switch|p1a: Hippowdon|Hippowdon, F|279\/420
|-damage|p1a: Hippowdon|253\/420|[from] Stealth Rock
|-weather|Sandstorm
|turn|15
|
|switch|p1a: Excadrill|Excadrill, M|361\/361
|-damage|p1a: Excadrill|350\/361|[from] Stealth Rock
|move|p2a: Talonflame|Taunt|p1a: Excadrill
|-start|p1a: Excadrill|move: Taunt
|
|-weather|Sandstorm|[upkeep]
|-damage|p2a: Talonflame|192\/347|[from] sandstorm
|-heal|p2a: Talonflame|213\/347|[from] item: Leftovers
|turn|16
|
|switch|p2a: Doublade|Doublade, M|322\/322
|move|p1a: Excadrill|Rock Slide|p2a: Doublade
|-crit|p2a: Doublade
|-resisted|p2a: Doublade
|-damage|p2a: Doublade|271\/322
|-damage|p1a: Excadrill|314\/361|[from] item: Life Orb
|
|-weather|Sandstorm|[upkeep]
|turn|17
|
|move|p1a: Excadrill|Earthquake|p2a: Doublade
|-supereffective|p2a: Doublade
|-damage|p2a: Doublade|6\/322
|-damage|p1a: Excadrill|278\/361|[from] item: Life Orb
|move|p2a: Doublade|Shadow Claw|p1a: Excadrill
|-damage|p1a: Excadrill|109\/361
|
|-weather|Sandstorm|[upkeep]
|turn|18
|
|move|p2a: Doublade|Shadow Sneak|p1a: Excadrill
|-damage|p1a: Excadrill|10\/361
|move|p1a: Excadrill|Iron Head|p2a: Doublade
|-resisted|p2a: Doublade
|-damage|p2a: Doublade|0 fnt
|-damage|p1a: Excadrill|0 fnt|[from] item: Life Orb
|faint|p2a: Doublade
|faint|p1a: Excadrill
|
|-weather|Sandstorm|[upkeep]
|
|switch|p2a: Lopunny|Lopunny-Mega, F|84\/272
|switch|p1a: Tornadus-Therian|Tornadus-Therian, M|299\/299
|-damage|p1a: Tornadus-Therian|225\/299|[from] Stealth Rock
|turn|19
|
|switch|p1a: Clefable|Clefable, M|394\/394
|move|p2a: Lopunny|Fake Out|p1a: Clefable
|-damage|p1a: Clefable|333\/394
|
|-weather|none
|-heal|p1a: Clefable|357\/394|[from] item: Leftovers
|turn|20
|
|switch|p2a: Talonflame|Talonflame, F|213\/347
|switch|p1a: Tornadus-Therian|Tornadus-Therian, M|299\/299
|-damage|p1a: Tornadus-Therian|225\/299|[from] Stealth Rock
|
|-heal|p2a: Talonflame|234\/347|[from] item: Leftovers
|turn|21
|
|switch|p2a: Lopunny|Lopunny-Mega, F|84\/272
|move|p1a: Tornadus-Therian|Hurricane|p2a: Lopunny|[miss]
|-miss|p1a: Tornadus-Therian|p2a: Lopunny
|
|turn|22
|
|switch|p1a: Clefable|Clefable, M|357\/394
|move|p2a: Lopunny|Return|p1a: Clefable
|-crit|p1a: Clefable
|-damage|p1a: Clefable|117\/394
|
|-heal|p1a: Clefable|141\/394|[from] item: Leftovers
|turn|23
|c|âAlekDesu|woaw
|c|âAlekDesu|sorry man
|
|switch|p1a: Hippowdon|Hippowdon, F|253\/420
|-damage|p1a: Hippowdon|227\/420|[from] Stealth Rock
|-weather|Sandstorm
|move|p2a: Lopunny|Return|p1a: Hippowdon
|-damage|p1a: Hippowdon|97\/420
|
|-weather|Sandstorm|[upkeep]
|-damage|p2a: Lopunny|67\/272|[from] sandstorm
|turn|24
|
|move|p2a: Lopunny|Return|p1a: Hippowdon
|-damage|p1a: Hippowdon|0 fnt
|faint|p1a: Hippowdon
|
|-weather|Sandstorm|[upkeep]
|-damage|p2a: Lopunny|50\/272|[from] sandstorm
|
|switch|p1a: Keldeo|Keldeo|323\/323
|-damage|p1a: Keldeo|303\/323|[from] Stealth Rock
|turn|25
|
|move|p2a: Lopunny|Return|p1a: Keldeo
|-damage|p1a: Keldeo|105\/323
|move|p1a: Keldeo|Scald|p2a: Lopunny
|-damage|p2a: Lopunny|0 fnt
|faint|p2a: Lopunny
|
|-weather|Sandstorm|[upkeep]
|-damage|p1a: Keldeo|85\/323|[from] sandstorm
|
|switch|p2a: Starmie|Starmie|261\/261
|turn|26
|
|move|p2a: Starmie|Psyshock|p1a: Keldeo
|-supereffective|p1a: Keldeo
|-damage|p1a: Keldeo|0 fnt
|-damage|p2a: Starmie|235\/261|[from] item: Life Orb
|faint|p1a: Keldeo
|
|-weather|Sandstorm|[upkeep]
|-damage|p2a: Starmie|219\/261|[from] sandstorm
|
|switch|p1a: Tornadus-Therian|Tornadus-Therian, M|299\/299
|-damage|p1a: Tornadus-Therian|225\/299|[from] Stealth Rock
|turn|27
|
|move|p1a: Tornadus-Therian|Knock Off|p2a: Starmie
|-supereffective|p2a: Starmie
|-damage|p2a: Starmie|0 fnt
|-enditem|p2a: Starmie|Life Orb|[from] move: Knock Off|[of] p1a: Tornadus-Therian
|-damage|p1a: Tornadus-Therian|196\/299|[from] item: Life Orb
|faint|p2a: Starmie
|
|-weather|none
|
|switch|p2a: Talonflame|Talonflame, F|234\/347
|turn|28
|c|âAlekDesu|ok tell me you're not max hp
|
|move|p2a: Talonflame|Brave Bird|p1a: Tornadus-Therian
|-damage|p1a: Tornadus-Therian|0 fnt
|-damage|p2a: Talonflame|169\/347|[from] recoil|[of] p1a: Tornadus-Therian
|faint|p1a: Tornadus-Therian
|
|-heal|p2a: Talonflame|190\/347|[from] item: Leftovers
|c|âAlekDesu|gg
|
|switch|p1a: Clefable|Clefable, M|141\/394
|turn|29
|-message|bosh for three forfeited.
|
|win|AlekDesu
|raw|Ladder updating...
|leave|bosh for three
|player|p1
|raw|bosh for three's rating: 1532 &rarr; <strong>1509<\/strong><br \/>(-23 for losing)
|raw|AlekDesu's rating: 1489 &rarr; <strong>1511<\/strong><br \/>(+22 for winning)