|join|AlekDesu
|join|sebdarck
|player|p1|AlekDesu|183
|player|p2|sebdarck|170
|gametype|singles
|tier|OU
|rated
|clearpoke
|poke|p1|Greninja, M
|poke|p1|Aurorus, F
|poke|p1|Doublade, M
|poke|p1|Kingdra, F
|poke|p1|Ludicolo, F
|poke|p1|Abomasnow, M
|poke|p2|Weavile, F
|poke|p2|Scizor, F
|poke|p2|Staraptor, F
|poke|p2|Sylveon, M
|poke|p2|Dragonite, M
|poke|p2|Heracross, M
|rule|Sleep Clause Mod: Limit one foe put to sleep
|rule|Species Clause: Limit one of each Pokemon
|rule|OHKO Clause: OHKO moves are banned
|rule|Moody Clause: Moody is banned
|rule|Evasion Moves Clause: Evasion moves are banned
|rule|Endless Battle Clause: Forcing endless battles is banned.
|rule|HP Percentage Mod: HP is reported as percentages
|teampreview
|callback|decision
|
|start
|switch|p1a: Ludicolo|Ludicolo, F|364\/364
|switch|p2a: Sylveon|Sylveon, M|332\/332
|turn|1
|callback|decision
|
|move|p1a: Ludicolo|Rain Dance|p1a: Ludicolo
|-weather|RainDance
|move|p2a: Sylveon|Calm Mind|p2a: Sylveon
|-boost|p2a: Sylveon|spa|1
|-boost|p2a: Sylveon|spd|1
|
|-weather|RainDance|[upkeep]
|turn|2
|callback|decision
|
|switch|p1a: Aum|Doublade, M|322\/322
|move|p2a: Sylveon|Calm Mind|p2a: Sylveon
|-boost|p2a: Sylveon|spa|1
|-boost|p2a: Sylveon|spd|1
|
|-weather|RainDance|[upkeep]
|turn|3
|callback|decision
|
|move|p2a: Sylveon|Hidden Power|p1a: Aum
|-supereffective|p1a: Aum
|-damage|p1a: Aum|168\/322
|move|p1a: Aum|Iron Head|p2a: Sylveon
|-supereffective|p2a: Sylveon
|-damage|p2a: Sylveon|0 fnt
|faint|p2a: Sylveon
|
|-weather|RainDance|[upkeep]
|callback|decision
|
|switch|p2a: Dragonite|Dragonite, M|324\/324
|turn|4
|callback|decision
|
|move|p2a: Dragonite|Dragon Dance|p2a: Dragonite
|-boost|p2a: Dragonite|atk|1
|-boost|p2a: Dragonite|spe|1
|move|p1a: Aum|Swords Dance|p1a: Aum
|-boost|p1a: Aum|atk|2
|
|-weather|RainDance|[upkeep]
|turn|5
|callback|decision
|
|move|p1a: Aum|Shadow Sneak|p2a: Dragonite
|-damage|p2a: Dragonite|252\/324
|move|p2a: Dragonite|Fire Punch|p1a: Aum
|-supereffective|p1a: Aum
|-damage|p1a: Aum|96\/322
|
|-weather|RainDance|[upkeep]
|turn|6
|callback|decision
|
|move|p2a: Dragonite|Outrage|p1a: Aum
|-resisted|p1a: Aum
|-damage|p1a: Aum|17\/322
|move|p1a: Aum|Iron Head|p2a: Dragonite
|-damage|p2a: Dragonite|0 fnt
|faint|p2a: Dragonite
|
|-weather|RainDance|[upkeep]
|callback|decision
|
|switch|p2a: Weavile|Weavile, F|282\/282
|turn|7
|callback|decision
|
|move|p1a: Aum|Shadow Sneak|p2a: Weavile
|-resisted|p2a: Weavile
|-damage|p2a: Weavile|177\/282
|move|p2a: Weavile|Night Slash|p1a: Aum
|-supereffective|p1a: Aum
|-damage|p1a: Aum|0 fnt
|faint|p1a: Aum
|
|-weather|RainDance|[upkeep]
|callback|decision
|
|switch|p1a: Kingdra|Kingdra, F|291\/291
|turn|8
|callback|decision
|
|move|p1a: Kingdra|Hidden Power|p2a: Weavile
|-supereffective|p2a: Weavile
|-damage|p2a: Weavile|0 fnt
|faint|p2a: Weavile
|
|-weather|none
|callback|decision
|
|switch|p2a: Staraptor|Staraptor, F|312\/312
|-ability|p2a: Staraptor|Intimidate|[of] p1a: Kingdra
|-unboost|p1a: Kingdra|atk|1
|turn|9
|callback|decision
|
|switch|p1a: Aurorus|Aurorus, F|388\/388
|move|p2a: Staraptor|Brave Bird|p1a: Aurorus
|-resisted|p1a: Aurorus
|-damage|p1a: Aurorus|244\/388
|-damage|p2a: Staraptor|264\/312|[from] recoil|[of] p1a: Aurorus
|
|turn|10
|callback|decision
|
|switch|p2a: Heracross|Heracross, M|302\/302
|move|p1a: Aurorus|Rock Polish|p1a: Aurorus
|-boost|p1a: Aurorus|spe|2
|
|turn|11
|callback|decision
|
|move|p1a: Aurorus|Return|p2a: Heracross
|-damage|p2a: Heracross|17\/302
|-damage|p1a: Aurorus|206\/388|[from] item: Life Orb
|move|p2a: Heracross|Close Combat|p1a: Aurorus
|-supereffective|p1a: Aurorus
|-damage|p1a: Aurorus|0 fnt
|-unboost|p2a: Heracross|def|1
|-unboost|p2a: Heracross|spd|1
|faint|p1a: Aurorus
|-boost|p2a: Heracross|atk|1|[from] ability: Moxie
|
|callback|decision
|
|switch|p1a: Benjamin|Greninja, M|286\/286
|turn|12
|callback|decision
|
|-start|p1a: Benjamin|typechange|Water|[from] Protean
|move|p1a: Benjamin|Water Shuriken|p2a: Heracross
|-damage|p2a: Heracross|0 fnt
|-hitcount|p2a: Heracross|1
|-damage|p1a: Benjamin|258\/286|[from] item: Life Orb
|faint|p2a: Heracross
|
|callback|decision
|
|switch|p2a: Staraptor|Staraptor, F|264\/312
|-ability|p2a: Staraptor|Intimidate|[of] p1a: Benjamin
|-unboost|p1a: Benjamin|atk|1
|turn|13
|callback|decision
|chat|sebdarck|go :v
|chat|AlekDesu|?
|chat|sebdarck|atack ._.
|
|switch|p1a: Abomasnow|Abomasnow, M|384\/384
|move|p2a: Staraptor|U-turn|p1a: Abomasnow
|-supereffective|p1a: Abomasnow
|-damage|p1a: Abomasnow|242\/384
|callback|decision
|chat|AlekDesu|Wow calm down 
|
|switch|p2a: Scizor|Scizor, F|281\/281
|
|turn|14
|callback|decision
|
|-formechange|p1a: Abomasnow|Abomasnow-Mega
|message|Abomasnow has Mega Evolved into Mega Abomasnow!
|-weather|Hail
|move|p2a: Scizor|Swords Dance|p2a: Scizor
|-boost|p2a: Scizor|atk|2
|move|p1a: Abomasnow|Rain Dance|p1a: Abomasnow
|-weather|RainDance
|
|-weather|RainDance|[upkeep]
|turn|15
|callback|decision
|
|move|p2a: Scizor|Bullet Punch|p1a: Abomasnow
|-supereffective|p1a: Abomasnow
|-damage|p1a: Abomasnow|0 fnt
|faint|p1a: Abomasnow
|
|-weather|RainDance|[upkeep]
|callback|decision
|
|switch|p1a: Kingdra|Kingdra, F|291\/291
|turn|16
|callback|decision
|
|move|p1a: Kingdra|Draco Meteor|p2a: Scizor|[miss]
|-miss|p1a: Kingdra|p2a: Scizor
|move|p2a: Scizor|Bug Bite|p1a: Kingdra
|-damage|p1a: Kingdra|0 fnt
|faint|p1a: Kingdra
|
|-weather|RainDance|[upkeep]
|callback|decision
|-message|AlekDesu forfeited.
|
|win|sebdarck
|raw|Ladder updating...
|leave|AlekDesu
|player|p1
|raw|AlekDesu's rating: 1143 &rarr; <strong>1128<\/strong><br \/>(-15 for losing)
|raw|sebdarck's rating: 1007 &rarr; <strong>1231<\/strong><br \/>(+224 for winning)