|join|AlekDesu
|join|ehoff87
|player|p1|AlekDesu|190
|player|p2|ehoff87|70
|gametype|singles
|tier|OU (beta)
|rated
|rule|Evasion Abilities Clause: Evasion abilities are banned
|clearpoke
|poke|p1|Greninja, M
|poke|p1|Tyranitar, F
|poke|p1|Garchomp, F
|poke|p1|Excadrill, F
|poke|p1|Charizard, F
|poke|p1|Gengar, F
|poke|p2|Talonflame, M
|poke|p2|Kangaskhan, F
|poke|p2|Klefki, F
|poke|p2|Aegislash, F, shiny
|poke|p2|Greninja, F, shiny
|poke|p2|Galvantula, F
|rule|Sleep Clause Mod: Limit one foe put to sleep
|rule|Species Clause: Limit one of each Pokemon
|rule|OHKO Clause: OHKO moves are banned
|rule|Moody Clause: Moody is banned
|rule|Evasion Moves Clause: Evasion moves are banned
|rule|HP Percentage Mod: HP is reported as percentages
|teampreview
|callback|decision
|
|start
|switch|p1a: Greninja|Greninja, M|286\/286
|switch|p2a: Galvantula|Galvantula, F|282\/282
|turn|1
|callback|decision
|
|-start|p1a: Greninja|typechange|Ice|[from] Protean
|move|p1a: Greninja|Ice Beam|p2a: Galvantula
|-damage|p2a: Galvantula|21\/282
|-damage|p1a: Greninja|258\/286|[from] item: Life Orb
|move|p2a: Galvantula|Sticky Web|p1a: Greninja
|-sidestart|p1: AlekDesu|move: Sticky Web
|
|turn|2
|callback|decision
|
|-start|p1a: Greninja|typechange|Dark|[from] Protean
|move|p1a: Greninja|Dark Pulse|p2a: Galvantula
|-damage|p2a: Galvantula|0 fnt
|-damage|p1a: Greninja|230\/286|[from] item: Life Orb
|faint|p2a: Galvantula
|
|callback|decision
|
|switch|p2a: Talonflame|Talonflame, M|298\/298
|turn|3
|callback|decision
|
|move|p2a: Talonflame|Brave Bird|p1a: Greninja
|-damage|p1a: Greninja|0 fnt
|-damage|p2a: Talonflame|222\/298|[from] recoil|[of] p1a: Greninja
|faint|p1a: Greninja
|
|callback|decision
|
|switch|p1a: Tyranitar|Tyranitar, F|404\/404
|-unboost|p1a: Tyranitar|spe|1
|-weather|Sandstorm
|turn|4
|callback|decision
|
|switch|p2a: Aegislash|Aegislash, F, shiny|262\/262
|move|p1a: Tyranitar|Stone Edge|p2a: Aegislash|[miss]
|-miss|p1a: Tyranitar|p2a: Aegislash
|
|-weather|Sandstorm|[upkeep]
|turn|5
|callback|decision
|
|move|p2a: Aegislash|King's Shield|p2a: Aegislash
|-singleturn|p2a: Aegislash|King's Shield
|move|p1a: Tyranitar|Crunch|p2a: Aegislash
|-activate|p2a: Aegislash|King's Shield
|-unboost|p1a: Tyranitar|atk|2
|
|-weather|Sandstorm|[upkeep]
|turn|6
|callback|decision
|
|switch|p1a: Excadrill|Excadrill, F|362\/362
|-item|p1a: Excadrill|Air Balloon
|-formechange|p2a: Aegislash|Aegislash-Blade
|move|p2a: Aegislash|Iron Head|p1a: Excadrill
|-resisted|p1a: Excadrill
|-damage|p1a: Excadrill|266\/362
|-enditem|p1a: Excadrill|Air Balloon
|
|-weather|Sandstorm|[upkeep]
|turn|7
|callback|decision
|
|-formechange|p2a: Aegislash|Aegislash
|move|p2a: Aegislash|King's Shield|p2a: Aegislash
|-singleturn|p2a: Aegislash|King's Shield
|move|p1a: Excadrill|Earthquake|p2a: Aegislash
|-activate|p2a: Aegislash|King's Shield
|
|-weather|Sandstorm|[upkeep]
|turn|8
|callback|decision
|
|switch|p2a: Talonflame|Talonflame, M|222\/298
|move|p1a: Excadrill|Rapid Spin|p2a: Talonflame
|-damage|p2a: Talonflame|188\/298
|-sideend|p1: AlekDesu|Sticky Web|[from] move: Rapid Spin|[of] p1a: Excadrill
|
|-weather|none
|turn|9
|callback|decision
|
|switch|p1a: Tyranitar|Tyranitar, F|404\/404
|-weather|Sandstorm
|move|p2a: Talonflame|Flare Blitz|p1a: Tyranitar
|-resisted|p1a: Tyranitar
|-damage|p1a: Tyranitar|281\/404
|-damage|p2a: Talonflame|147\/298|[from] recoil|[of] p1a: Tyranitar
|
|-weather|Sandstorm|[upkeep]
|-damage|p2a: Talonflame|129\/298|[from] sandstorm
|-heal|p1a: Tyranitar|306\/404|[from] item: Leftovers
|turn|10
|callback|decision
|
|move|p1a: Tyranitar|Pursuit|p2a: Talonflame|[from]Pursuit
|-damage|p2a: Talonflame|0 fnt
|faint|p2a: Talonflame
|
|-weather|Sandstorm|[upkeep]
|-heal|p1a: Tyranitar|331\/404|[from] item: Leftovers
|callback|decision
|
|switch|p2a: Kangaskhan|Kangaskhan, F|352\/352
|turn|11
|callback|decision
|
|switch|p1a: Gengar|Gengar, F|262\/262
|-formechange|p2a: Kangaskhan|Kangaskhan-Mega
|message|Kangaskhan mega-evolved into Kangaskhan-Mega!
|move|p2a: Kangaskhan|Power-Up Punch|p1a: Gengar
|-immune|p1a: Gengar|[msg]
|
|-weather|Sandstorm|[upkeep]
|-damage|p1a: Gengar|246\/262|[from] sandstorm
|-damage|p2a: Kangaskhan|330\/352|[from] sandstorm
|-heal|p1a: Gengar|262\/262|[from] item: Leftovers
|turn|12
|callback|decision
|
|move|p1a: Gengar|Sludge Bomb|p2a: Kangaskhan
|-damage|p2a: Kangaskhan|164\/352
|move|p2a: Kangaskhan|Double-Edge|p1a: Gengar
|-immune|p1a: Gengar|[msg]
|
|-weather|Sandstorm|[upkeep]
|-damage|p1a: Gengar|246\/262|[from] sandstorm
|-damage|p2a: Kangaskhan|142\/352|[from] sandstorm
|-heal|p1a: Gengar|262\/262|[from] item: Leftovers
|turn|13
|callback|decision
|chat|ehoff87|so apparently scrappy isnt working
|
|move|p2a: Kangaskhan|Sucker Punch|p1a: Gengar
|-supereffective|p1a: Gengar
|-damage|p1a: Gengar|0 fnt
|-hitcount|p1a: Gengar|1
|faint|p1a: Gengar
|
|-weather|none
|callback|decision
|chat|AlekDesu|scrappy?,
|chat|ehoff87|This Pokemon can hit Ghost-types with Normal- and Fighting-type moves.
|chat|AlekDesu|his ability change when he mega evolve.. 
|chat|AlekDesu|^^
|
|switch|p1a: Tyranitar|Tyranitar, F|331\/404
|-weather|Sandstorm
|turn|14
|callback|decision
|chat|ehoff87|nope still the same one
|chat|AlekDesu|nope
|chat|ehoff87|ahhhhh yes
|chat|AlekDesu|^^
|chat|ehoff87|i was typing in the wrong box
|chat|ehoff87|when i said nope
|chat|AlekDesu|kk
|
|switch|p1a: Charizard|Charizard, F|298\/298
|move|p2a: Kangaskhan|Power-Up Punch|p1a: Charizard
|-resisted|p1a: Charizard
|-damage|p1a: Charizard|268\/298
|-boost|p2a: Kangaskhan|atk|1
|-resisted|p1a: Charizard
|-damage|p1a: Charizard|248\/298
|-boost|p2a: Kangaskhan|atk|1
|-hitcount|p1a: Charizard|2
|
|-weather|Sandstorm|[upkeep]
|-damage|p2a: Kangaskhan|120\/352|[from] sandstorm
|-damage|p1a: Charizard|230\/298|[from] sandstorm
|turn|15
|callback|decision
|
|move|p2a: Kangaskhan|Sucker Punch|p1a: Charizard
|-damage|p1a: Charizard|0 fnt
|-hitcount|p1a: Charizard|1
|faint|p1a: Charizard
|
|-weather|Sandstorm|[upkeep]
|-damage|p2a: Kangaskhan|98\/352|[from] sandstorm
|callback|decision
|
|switch|p1a: Excadrill|Excadrill, F|266\/362
|turn|16
|callback|decision
|
|move|p2a: Kangaskhan|Sucker Punch|p1a: Excadrill
|-damage|p1a: Excadrill|0 fnt
|-hitcount|p1a: Excadrill|1
|faint|p1a: Excadrill
|
|-weather|Sandstorm|[upkeep]
|-damage|p2a: Kangaskhan|76\/352|[from] sandstorm
|callback|decision
|chat|AlekDesu|holy shit
|chat|AlekDesu|that damages
|chat|AlekDesu|gg
|chat|ehoff87|lol
|-message|AlekDesu forfeited.
|
|win|ehoff87
|raw|Ladder updating...
|leave|AlekDesu
|player|p1
|raw|AlekDesu's rating: 1383 &rarr; <strong>1371<\/strong><br \/>(-12 for losing)
|raw|ehoff87's rating: 1244 &rarr; <strong>1280<\/strong><br \/>(+36 for winning)
|chat|ehoff87|holy shit paul!!!! i found nasty!!!!