|join|Xorn101
|join|AlekDesu
|player|p1|Xorn101|165
|player|p2|AlekDesu|190
|gametype|singles
|tier|OU (beta)
|rated
|rule|Evasion Abilities Clause: Evasion abilities are banned
|clearpoke
|poke|p1|Aegislash, F
|poke|p1|Malamar, F
|poke|p1|Zygarde
|poke|p1|Gengar, F
|poke|p1|Noivern, F
|poke|p1|Gourgeist-Super, F
|poke|p2|Goodra, F
|poke|p2|Barbaracle, F
|poke|p2|Hawlucha, F
|poke|p2|Trevenant, M
|poke|p2|Swanna, F
|poke|p2|Mawile, M
|rule|Sleep Clause Mod: Limit one foe put to sleep
|rule|Species Clause: Limit one of each Pokemon
|rule|OHKO Clause: OHKO moves are banned
|rule|Moody Clause: Moody is banned
|rule|Evasion Moves Clause: Evasion moves are banned
|rule|HP Percentage Mod: HP is reported as percentages
|teampreview
|callback|decision
|
|start
|switch|p1a: Zygarde|Zygarde|358\/358
|switch|p2a: ToiletPaper|Swanna, F|354\/354
|-message|The effects of aura abilities are reversed. (placeholder)
|turn|1
|callback|decision
|
|move|p1a: Zygarde|Dragon Dance|p1a: Zygarde
|-boost|p1a: Zygarde|atk|1
|-boost|p1a: Zygarde|spe|1
|move|p2a: ToiletPaper|Tailwind|p2a: ToiletPaper
|-sidestart|p2: AlekDesu|move: Tailwind
|
|turn|2
|callback|decision
|
|move|p2a: ToiletPaper|Rain Dance|p2a: ToiletPaper
|-weather|RainDance
|move|p1a: Zygarde|Dragon Dance|p1a: Zygarde
|-boost|p1a: Zygarde|atk|1
|-boost|p1a: Zygarde|spe|1
|
|-weather|RainDance|[upkeep]
|turn|3
|callback|decision
|
|switch|p2a: Yozora|Mawile, M|303\/303
|-ability|p2a: Yozora|Intimidate|[of] p1a: Zygarde
|-unboost|p1a: Zygarde|atk|1
|move|p1a: Zygarde|Outrage|p2a: Yozora
|-immune|p2a: Yozora|[msg]
|
|-weather|RainDance|[upkeep]
|turn|4
|callback|decision
|
|-formechange|p2a: Yozora|Mawile-Mega
|message|Mawile mega-evolved into Mawile-Mega!
|move|p1a: Zygarde|Earthquake|p2a: Yozora
|-supereffective|p2a: Yozora
|-damage|p2a: Yozora|0 fnt
|faint|p2a: Yozora
|
|-weather|RainDance|[upkeep]
|-sideend|p2: AlekDesu|move: Tailwind
|callback|decision
|
|switch|p2a: Barbaracle|Barbaracle, F|286\/286
|turn|5
|callback|decision
|
|move|p1a: Zygarde|Earthquake|p2a: Barbaracle
|-supereffective|p2a: Barbaracle
|-enditem|p2a: Barbaracle|Focus Sash
|-damage|p2a: Barbaracle|1\/286
|move|p2a: Barbaracle|Shell Smash|p2a: Barbaracle
|-boost|p2a: Barbaracle|atk|2
|-boost|p2a: Barbaracle|spa|2
|-boost|p2a: Barbaracle|spe|2
|-unboost|p2a: Barbaracle|def|1
|-unboost|p2a: Barbaracle|spd|1
|
|-weather|RainDance|[upkeep]
|turn|6
|callback|decision
|
|move|p1a: Zygarde|Extreme Speed|p2a: Barbaracle
|-resisted|p2a: Barbaracle
|-damage|p2a: Barbaracle|0 fnt
|faint|p2a: Barbaracle
|
|-weather|RainDance|[upkeep]
|callback|decision
|-message|AlekDesu forfeited.
|
|win|Xorn101
|raw|Ladder updating...
|leave|AlekDesu
|player|p2
|raw|Xorn101's rating: 1007 &rarr; <strong>1310<\/strong><br \/>(+303 for winning)
|raw|AlekDesu's rating: 1307 &rarr; <strong>1283<\/strong><br \/>(-24 for losing)