|join|Dagon97
|join|AlekDesu
|player|p1|Dagon97|274
|player|p2|AlekDesu|146
|gametype|singles
|tier|OU (current)
|rated
|rule|Evasion Abilities Clause: Evasion abilities are banned
|clearpoke
|poke|p1|Skarmory, F, shiny
|poke|p1|Politoed, M
|poke|p1|Blastoise, M
|poke|p1|Bronzong, shiny
|poke|p1|Toxicroak, M
|poke|p1|Ferrothorn, F, shiny
|poke|p2|Latios, M
|poke|p2|Rotom-Wash
|poke|p2|Tyranitar, M
|poke|p2|Landorus-Therian, M
|poke|p2|Garchomp, M
|poke|p2|Keldeo
|rule|Sleep Clause Mod: Limit one foe put to sleep
|rule|Species Clause: Limit one of each Pokemon
|rule|OHKO Clause: OHKO moves are banned
|rule|Moody Clause: Moody is banned
|rule|Evasion Moves Clause: Evasion moves are banned
|rule|HP Percentage Mod: HP is reported as percentages
|teampreview
|callback|decision
|
|start
|switch|p1a: Skarmory|Skarmory, F, shiny|271\/271
|switch|p2a: Rotom-Wash|Rotom-Wash|304\/304
|turn|1
|callback|decision
|
|move|p2a: Rotom-Wash|Volt Switch|p1a: Skarmory
|-supereffective|p1a: Skarmory
|-damage|p1a: Skarmory|45\/271
|callback|decision
|
|switch|p2a: Tyranitar|Tyranitar, M|404\/404
|-weather|Sandstorm|[from] ability: Sand Stream|[of] p2a: Tyranitar
|move|p1a: Skarmory|Stealth Rock|p2a: Tyranitar
|-sidestart|p2: AlekDesu|move: Stealth Rock
|
|-weather|Sandstorm|[upkeep]
|turn|2
|callback|decision
|
|move|p1a: Skarmory|Spikes|p2a: Tyranitar
|-sidestart|p2: AlekDesu|Spikes
|move|p2a: Tyranitar|Pursuit|p1a: Skarmory
|-resisted|p1a: Skarmory
|-damage|p1a: Skarmory|3\/271
|
|-weather|Sandstorm|[upkeep]
|turn|3
|callback|decision
|
|move|p1a: Skarmory|Spikes|p2a: Tyranitar
|-sidestart|p2: AlekDesu|Spikes
|move|p2a: Tyranitar|Pursuit|p1a: Skarmory
|-resisted|p1a: Skarmory
|-damage|p1a: Skarmory|0 fnt
|faint|p1a: Skarmory
|
|-weather|Sandstorm|[upkeep]
|callback|decision
|
|switch|p1a: Ferrothorn|Ferrothorn, F, shiny|352\/352
|turn|4
|callback|decision
|
|switch|p2a: Landorus-Therian|Landorus-Therian, M|382\/382
|-damage|p2a: Landorus-Therian|335\/382|[from] Stealth Rock
|-ability|p2a: Landorus-Therian|Intimidate|[of] p1a: Ferrothorn
|-unboost|p1a: Ferrothorn|atk|1
|move|p1a: Ferrothorn|Power Whip|p2a: Landorus-Therian|[miss]
|-miss|p1a: Ferrothorn|p2a: Landorus-Therian
|
|-weather|Sandstorm|[upkeep]
|-heal|p2a: Landorus-Therian|358\/382|[from] item: Leftovers
|turn|5
|callback|decision
|
|move|p2a: Landorus-Therian|Stealth Rock|p1a: Ferrothorn
|-sidestart|p1: Dagon97|move: Stealth Rock
|move|p1a: Ferrothorn|Gyro Ball|p2a: Landorus-Therian
|-damage|p2a: Landorus-Therian|279\/382
|
|-weather|Sandstorm|[upkeep]
|-heal|p2a: Landorus-Therian|302\/382|[from] item: Leftovers
|turn|6
|callback|decision
|
|switch|p1a: Blastoise|Blastoise, M|300\/300
|-damage|p1a: Blastoise|263\/300|[from] Stealth Rock
|move|p2a: Landorus-Therian|Earthquake|p1a: Blastoise
|-damage|p1a: Blastoise|104\/300
|
|-weather|Sandstorm|[upkeep]
|-damage|p1a: Blastoise|86\/300|[from] sandstorm
|-heal|p1a: Blastoise|104\/300|[from] item: Leftovers
|-heal|p2a: Landorus-Therian|325\/382|[from] item: Leftovers
|turn|7
|callback|decision
|
|move|p1a: Blastoise|Ice Beam|p2a: Landorus-Therian
|-supereffective|p2a: Landorus-Therian
|-damage|p2a: Landorus-Therian|0 fnt
|faint|p2a: Landorus-Therian
|
|-weather|Sandstorm|[upkeep]
|-damage|p1a: Blastoise|86\/300|[from] sandstorm
|-heal|p1a: Blastoise|104\/300|[from] item: Leftovers
|callback|decision
|
|switch|p2a: Keldeo|Keldeo|323\/323
|-damage|p2a: Keldeo|303\/323|[from] Stealth Rock
|-damage|p2a: Keldeo|250\/323|[from] Spikes
|turn|8
|callback|decision
|
|move|p2a: Keldeo|Secret Sword|p1a: Blastoise
|-damage|p1a: Blastoise|0 fnt
|faint|p1a: Blastoise
|
|-weather|Sandstorm|[upkeep]
|-damage|p2a: Keldeo|230\/323|[from] sandstorm
|callback|decision
|
|switch|p1a: Toxicroak|Toxicroak, M|308\/308
|-damage|p1a: Toxicroak|289\/308|[from] Stealth Rock
|turn|9
|callback|decision
|
|switch|p2a: Rotom-Wash|Rotom-Wash|304\/304
|-damage|p2a: Rotom-Wash|266\/304|[from] Stealth Rock
|move|p1a: Toxicroak|Cross Chop|p2a: Rotom-Wash
|-damage|p2a: Rotom-Wash|107\/304
|
|-weather|Sandstorm|[upkeep]
|-damage|p2a: Rotom-Wash|88\/304|[from] sandstorm
|-damage|p1a: Toxicroak|270\/308|[from] sandstorm
|-heal|p1a: Toxicroak|289\/308|[from] item: Leftovers
|turn|10
|callback|decision
|
|switch|p1a: Ferrothorn|Ferrothorn, F, shiny|352\/352
|-damage|p1a: Ferrothorn|330\/352|[from] Stealth Rock
|move|p2a: Rotom-Wash|Will-O-Wisp|p1a: Ferrothorn
|-status|p1a: Ferrothorn|brn
|
|-weather|Sandstorm|[upkeep]
|-damage|p2a: Rotom-Wash|69\/304|[from] sandstorm
|-damage|p1a: Ferrothorn|286\/352 brn|[from] brn
|turn|11
|callback|decision
|
|move|p2a: Rotom-Wash|Volt Switch|p1a: Ferrothorn
|-resisted|p1a: Ferrothorn
|-damage|p1a: Ferrothorn|254\/352 brn
|callback|decision
|
|switch|p2a: Tyranitar|Tyranitar, M|404\/404
|-damage|p2a: Tyranitar|337\/404|[from] Spikes
|-damage|p2a: Tyranitar|287\/404|[from] Stealth Rock
|move|p1a: Ferrothorn|Power Whip|p2a: Tyranitar
|-supereffective|p2a: Tyranitar
|-damage|p2a: Tyranitar|155\/404
|
|-weather|Sandstorm|[upkeep]
|-damage|p1a: Ferrothorn|210\/352 brn|[from] brn
|turn|12
|callback|decision
|
|move|p2a: Tyranitar|Superpower|p1a: Ferrothorn
|-crit|p1a: Ferrothorn
|-supereffective|p1a: Ferrothorn
|-damage|p1a: Ferrothorn|0 fnt
|-damage|p2a: Tyranitar|105\/404|[from] ability: Iron Barbs|[of] p1a: Ferrothorn
|-damage|p2a: Tyranitar|38\/404|[from] item: Rocky Helmet|[of] p1a: Ferrothorn
|-unboost|p2a: Tyranitar|atk|1
|-unboost|p2a: Tyranitar|def|1
|faint|p1a: Ferrothorn
|
|-weather|Sandstorm|[upkeep]
|callback|decision
|
|switch|p1a: Toxicroak|Toxicroak, M|289\/308
|-damage|p1a: Toxicroak|270\/308|[from] Stealth Rock
|turn|13
|callback|decision
|
|move|p1a: Toxicroak|Cross Chop|p2a: Tyranitar
|-supereffective|p2a: Tyranitar
|-damage|p2a: Tyranitar|0 fnt
|faint|p2a: Tyranitar
|
|-weather|Sandstorm|[upkeep]
|-damage|p1a: Toxicroak|251\/308|[from] sandstorm
|-heal|p1a: Toxicroak|270\/308|[from] item: Leftovers
|callback|decision
|
|switch|p2a: Latios|Latios, M|302\/302
|-damage|p2a: Latios|265\/302|[from] Stealth Rock
|turn|14
|callback|decision
|
|switch|p1a: Politoed|Politoed, M|384\/384
|-damage|p1a: Politoed|336\/384|[from] Stealth Rock
|-weather|RainDance|[from] ability: Drizzle|[of] p1a: Politoed
|move|p2a: Latios|Draco Meteor|p1a: Politoed
|-damage|p1a: Politoed|0 fnt
|-unboost|p2a: Latios|spa|2
|faint|p1a: Politoed
|
|-weather|RainDance|[upkeep]
|callback|decision
|
|switch|p1a: Bronzong|Bronzong, shiny|338\/338
|-damage|p1a: Bronzong|317\/338|[from] Stealth Rock
|turn|15
|callback|decision
|
|switch|p2a: Garchomp|Garchomp, M|358\/358
|-damage|p2a: Garchomp|299\/358|[from] Spikes
|-damage|p2a: Garchomp|277\/358|[from] Stealth Rock
|move|p1a: Bronzong|Gyro Ball|p2a: Garchomp
|-damage|p2a: Garchomp|85\/358
|-damage|p1a: Bronzong|275\/338|[from] ability: Rough Skin|[of] p2a: Garchomp
|
|-weather|RainDance|[upkeep]
|-heal|p2a: Garchomp|107\/358|[from] item: Leftovers
|turn|16
|callback|decision
|
|move|p2a: Garchomp|Dragon Claw|p1a: Bronzong
|-resisted|p1a: Bronzong
|-damage|p1a: Bronzong|212\/338
|move|p1a: Bronzong|Gyro Ball|p2a: Garchomp
|-damage|p2a: Garchomp|0 fnt
|-damage|p1a: Bronzong|170\/338|[from] ability: Rough Skin|[of] p2a: Garchomp
|faint|p2a: Garchomp
|
|-weather|RainDance|[upkeep]
|callback|decision
|
|switch|p2a: Keldeo|Keldeo|230\/323
|-damage|p2a: Keldeo|177\/323|[from] Spikes
|-damage|p2a: Keldeo|157\/323|[from] Stealth Rock
|turn|17
|callback|decision
|
|move|p2a: Keldeo|Secret Sword|p1a: Bronzong
|-damage|p1a: Bronzong|28\/338
|move|p1a: Bronzong|Reflect|p1a: Bronzong
|-sidestart|p1: Dagon97|Reflect
|
|-weather|RainDance|[upkeep]
|turn|18
|callback|decision
|
|move|p2a: Keldeo|Secret Sword|p1a: Bronzong
|-damage|p1a: Bronzong|0 fnt
|faint|p1a: Bronzong
|
|-weather|RainDance|[upkeep]
|callback|decision
|
|switch|p1a: Toxicroak|Toxicroak, M|270\/308
|-damage|p1a: Toxicroak|251\/308|[from] Stealth Rock
|turn|19
|callback|decision
|
|move|p2a: Keldeo|Secret Sword|p1a: Toxicroak
|-resisted|p1a: Toxicroak
|-damage|p1a: Toxicroak|139\/308
|move|p1a: Toxicroak|Substitute|p1a: Toxicroak
|-start|p1a: Toxicroak|Substitute
|-damage|p1a: Toxicroak|62\/308
|
|-weather|RainDance|[upkeep]
|-heal|p1a: Toxicroak|100\/308|[from] ability: Dry Skin
|-heal|p1a: Toxicroak|119\/308|[from] item: Leftovers
|turn|20
|callback|decision
|
|move|p2a: Keldeo|Secret Sword|p1a: Toxicroak
|-resisted|p1a: Toxicroak
|-end|p1a: Toxicroak|Substitute
|move|p1a: Toxicroak|Bulk Up|p1a: Toxicroak
|-boost|p1a: Toxicroak|atk|1
|-boost|p1a: Toxicroak|def|1
|
|-weather|RainDance|[upkeep]
|-heal|p1a: Toxicroak|157\/308|[from] ability: Dry Skin
|-heal|p1a: Toxicroak|176\/308|[from] item: Leftovers
|turn|21
|callback|decision
|
|move|p2a: Keldeo|Secret Sword|p1a: Toxicroak
|-resisted|p1a: Toxicroak
|-damage|p1a: Toxicroak|106\/308
|move|p1a: Toxicroak|Cross Chop|p2a: Keldeo
|-damage|p2a: Keldeo|0 fnt
|faint|p2a: Keldeo
|
|-weather|RainDance|[upkeep]
|-heal|p1a: Toxicroak|144\/308|[from] ability: Dry Skin
|-heal|p1a: Toxicroak|163\/308|[from] item: Leftovers
|callback|decision
|
|switch|p2a: Latios|Latios, M|265\/302
|-damage|p2a: Latios|228\/302|[from] Stealth Rock
|turn|22
|callback|decision
|
|move|p2a: Latios|Psychic|p1a: Toxicroak
|-supereffective|p1a: Toxicroak
|-damage|p1a: Toxicroak|0 fnt
|faint|p1a: Toxicroak
|
|win|AlekDesu
|raw|Ladder updating...
|raw|Dagon97's rating: 1193 &rarr; <strong>1184<\/strong><br \/>(-9 for losing)
|raw|AlekDesu's rating: 1382 &rarr; <strong>1385<\/strong><br \/>(+3 for winning)
|chat|AlekDesu|gg
|chat|Dagon97|gg