|join|pollo696
|join|AlekDesu
|player|p1|pollo696|101
|player|p2|AlekDesu|34
|gametype|singles
|gen|6
|tier|OU (suspect test)
|rated
|clearpoke
|poke|p1|Shuckle, M
|poke|p1|Heatran, M
|poke|p1|Cobalion
|poke|p1|Jellicent, F
|poke|p1|Hydreigon, M
|poke|p1|Gardevoir, F
|poke|p2|Wobbuffet, M
|poke|p2|Azelf
|poke|p2|Manaphy
|poke|p2|Hawlucha, F
|poke|p2|Charizard, F
|poke|p2|Bisharp, M
|rule|Swagger Clause: Swagger is banned
|rule|Baton Pass Clause: Limit one PokÃ©mon knowing Baton Pass
|rule|Sleep Clause Mod: Limit one foe put to sleep
|rule|Species Clause: Limit one of each PokÃ©mon
|rule|OHKO Clause: OHKO moves are banned
|rule|Moody Clause: Moody is banned
|rule|Evasion Moves Clause: Evasion moves are banned
|rule|Endless Battle Clause: Forcing endless battles is banned
|rule|HP Percentage Mod: HP is shown in percentages
|teampreview
|
|start
|switch|p1a: Gardevoir|Gardevoir, F|301\/301
|switch|p2a: Azelf|Azelf|291\/291
|-ability|p1a: Gardevoir|Levitate|[from] ability: Trace|[of] p2a: Azelf
|turn|1
|join|tehfloow
|
|detailschange|p1a: Gardevoir|Gardevoir-Mega, F
|-mega|p1a: Gardevoir|Gardevoir|Gardevoirite
|move|p2a: Azelf|Stealth Rock|p1a: Gardevoir
|-sidestart|p1: pollo696|move: Stealth Rock
|move|p1a: Gardevoir|Hyper Voice|p2a: Azelf
|-enditem|p2a: Azelf|Focus Sash
|-damage|p2a: Azelf|1\/291
|
|turn|2
|
|move|p1a: Gardevoir|Protect|p1a: Gardevoir
|-singleturn|p1a: Gardevoir|Protect
|move|p2a: Azelf|Explosion|p1a: Gardevoir
|-activate|p1a: Gardevoir|Protect
|faint|p2a: Azelf
|
|
|switch|p2a: Wobbuffet|Wobbuffet, M|528\/528
|turn|3
|
|move|p1a: Gardevoir|Protect|p1a: Gardevoir
|-singleturn|p1a: Gardevoir|Protect
|move|p2a: Wobbuffet|Encore|p1a: Gardevoir
|-activate|p1a: Gardevoir|Protect
|
|turn|4
|
|move|p1a: Gardevoir|Protect|p1a: Gardevoir
|-fail|p1a: Gardevoir
|move|p2a: Wobbuffet|Encore|p1a: Gardevoir
|-start|p1a: Gardevoir|Encore
|
|turn|5
|
|switch|p2a: Manaphy|Manaphy|341\/341
|move|p1a: Gardevoir|Protect|p1a: Gardevoir
|-fail|p1a: Gardevoir
|
|turn|6
|
|move|p1a: Gardevoir|Protect|p1a: Gardevoir
|-singleturn|p1a: Gardevoir|Protect
|move|p2a: Manaphy|Tail Glow|p2a: Manaphy
|-boost|p2a: Manaphy|spa|3
|
|turn|7
|
|move|p1a: Gardevoir|Protect|p1a: Gardevoir
|-fail|p1a: Gardevoir
|move|p2a: Manaphy|Tail Glow|p2a: Manaphy
|-boost|p2a: Manaphy|spa|3
|
|-end|p1a: Gardevoir|Encore
|turn|8
|
|move|p2a: Manaphy|Surf|p1a: Gardevoir
|-damage|p1a: Gardevoir|0 fnt
|faint|p1a: Gardevoir
|
|c|âAlekDesu|gg
|
|switch|p1a: Jellicent|Jellicent, F|403\/403
|-damage|p1a: Jellicent|353\/403|[from] Stealth Rock
|turn|9
|
|move|p2a: Manaphy|Energy Ball|p1a: Jellicent
|-supereffective|p1a: Jellicent
|-damage|p1a: Jellicent|0 fnt
|faint|p1a: Jellicent
|
|
|switch|p1a: Hydreigon|Hydreigon, M|356\/356
|-damage|p1a: Hydreigon|312\/356|[from] Stealth Rock
|turn|10
|c|âAlekDesu|can you leave pls
|
|move|p2a: Manaphy|Ice Beam|p1a: Hydreigon
|-supereffective|p1a: Hydreigon
|-damage|p1a: Hydreigon|0 fnt
|faint|p1a: Hydreigon
|
|
|switch|p1a: Cobalion|Cobalion|374\/374
|-damage|p1a: Cobalion|363\/374|[from] Stealth Rock
|turn|11
|
|move|p2a: Manaphy|Surf|p1a: Cobalion
|-damage|p1a: Cobalion|0 fnt
|faint|p1a: Cobalion
|
|
|switch|p1a: Heatran|Heatran, M|385\/385
|-damage|p1a: Heatran|337\/385|[from] Stealth Rock
|turn|12
|c|âpollo696|h sorrry
|
|move|p2a: Manaphy|Surf|p1a: Heatran
|-supereffective|p1a: Heatran
|-damage|p1a: Heatran|0 fnt
|faint|p1a: Heatran
|
|c|âpollo696|im doing 3 matches at once, and still new to this
|c|âpollo696|didn't notice anything
|c|âpollo696|lawl
|-message|pollo696 forfeited.
|
|win|AlekDesu
|raw|Ladder updating...
|raw|pollo696's rating: 1123 &rarr; <strong>1099<\/strong><br \/>(-24 for losing)
|raw|AlekDesu's rating: 1137 &rarr; <strong>1161<\/strong><br \/>(+24 for winning)
|
|switch|p1a: Shuckle|Shuckle, M|243\/243
|leave|AlekDesu
|leave|pollo696
|player|p2
|player|p1