|join|Ken Val
|join|AlekDesu
|player|p1|Ken Val|169
|player|p2|AlekDesu|34
|gametype|singles
|gen|6
|tier|OU (suspect test)
|rated
|clearpoke
|poke|p1|Deoxys-Speed
|poke|p1|Azumarill, F
|poke|p1|Bisharp, M
|poke|p1|Charizard, M
|poke|p1|Thundurus, M
|poke|p1|Garchomp, M
|poke|p2|Crawdaunt, F
|poke|p2|Landorus-Therian, M
|poke|p2|Venusaur, M
|poke|p2|Zapdos
|poke|p2|Slowbro, F
|poke|p2|Amoonguss, F
|rule|Baton Pass Clause: Limit 3 pokemon knowing Baton Pass
|rule|Sleep Clause Mod: Limit one foe put to sleep
|rule|Species Clause: Limit one of each Pokemon
|rule|OHKO Clause: OHKO moves are banned
|rule|Moody Clause: Moody is banned
|rule|Evasion Moves Clause: Evasion moves are banned
|rule|Endless Battle Clause: Forcing endless battles is banned
|rule|HP Percentage Mod: HP is reported as percentages
|teampreview
|
|start
|switch|p1a: A. Kilin|Deoxys-Speed|242\/242
|switch|p2a: Crawdaunt|Crawdaunt, F|268\/268
|-ability|p1a: A. Kilin|Pressure
|turn|1
|
|move|p1a: A. Kilin|Stealth Rock|p2a: Crawdaunt
|-sidestart|p2: AlekDesu|move: Stealth Rock
|move|p2a: Crawdaunt|Knock Off|p1a: A. Kilin
|-supereffective|p1a: A. Kilin
|-enditem|p1a: A. Kilin|Focus Sash
|-damage|p1a: A. Kilin|1\/242
|
|turn|2
|
|move|p2a: Crawdaunt|Aqua Jet|p1a: A. Kilin
|-damage|p1a: A. Kilin|0 fnt
|faint|p1a: A. Kilin
|
|
|switch|p1a: H. Arian|Azumarill, F|342\/342
|turn|3
|
|switch|p2a: Zapdos|Zapdos|384\/384
|-damage|p2a: Zapdos|288\/384|[from] Stealth Rock
|-ability|p2a: Zapdos|Pressure
|move|p1a: H. Arian|Belly Drum|p1a: H. Arian
|-damage|p1a: H. Arian|171\/342
|-setboost|p1a: H. Arian|atk|6|[from] move: Belly Drum
|-enditem|p1a: H. Arian|Sitrus Berry|[eat]
|-heal|p1a: H. Arian|256\/342|[from] item: Sitrus Berry
|
|-heal|p2a: Zapdos|312\/384|[from] item: Leftovers
|turn|4
|
|switch|p2a: Slowbro|Slowbro, F|394\/394
|-damage|p2a: Slowbro|345\/394|[from] Stealth Rock
|move|p1a: H. Arian|Aqua Jet|p2a: Slowbro
|-resisted|p2a: Slowbro
|-damage|p2a: Slowbro|242\/394
|
|-heal|p2a: Slowbro|266\/394|[from] item: Leftovers
|turn|5
|
|move|p1a: H. Arian|Play Rough|p2a: Slowbro
|-damage|p2a: Slowbro|0 fnt
|faint|p2a: Slowbro
|
|
|switch|p2a: Crawdaunt|Crawdaunt, F|268\/268
|-damage|p2a: Crawdaunt|235\/268|[from] Stealth Rock
|turn|6
|
|move|p2a: Crawdaunt|Crabhammer|p1a: H. Arian
|-resisted|p1a: H. Arian
|-damage|p1a: H. Arian|124\/342
|move|p1a: H. Arian|Waterfall|p2a: Crawdaunt
|-resisted|p2a: Crawdaunt
|-damage|p2a: Crawdaunt|0 fnt
|faint|p2a: Crawdaunt
|
|
|switch|p2a: Venusaur|Venusaur, M|354\/354
|-damage|p2a: Venusaur|310\/354|[from] Stealth Rock
|turn|7
|
|detailschange|p2a: Venusaur|Venusaur-Mega, M
|message|Venusaur has Mega Evolved into Mega Venusaur!
|move|p1a: H. Arian|Play Rough|p2a: Venusaur
|-resisted|p2a: Venusaur
|-damage|p2a: Venusaur|25\/354
|-unboost|p2a: Venusaur|atk|1
|move|p2a: Venusaur|Giga Drain|p1a: H. Arian
|-supereffective|p1a: H. Arian
|-damage|p1a: H. Arian|0 fnt
|-heal|p2a: Venusaur|87\/354|[from] drain|[of] p1a: H. Arian
|faint|p1a: H. Arian
|
|
|switch|p1a: K. Valbrandur|Charizard, M|297\/297
|turn|8
|
|detailschange|p1a: K. Valbrandur|Charizard-Mega-X, M
|message|Charizard has Mega Evolved into Mega Charizard!
|move|p1a: K. Valbrandur|Flare Blitz|p2a: Venusaur
|-supereffective|p2a: Venusaur
|-damage|p2a: Venusaur|0 fnt
|-damage|p1a: K. Valbrandur|268\/297|[from] recoil|[of] p2a: Venusaur
|faint|p2a: Venusaur
|
|
|switch|p2a: Landorus-Therian|Landorus-Therian, M|319\/319
|-damage|p2a: Landorus-Therian|280\/319|[from] Stealth Rock
|-ability|p2a: Landorus-Therian|Intimidate|[of] p1a: K. Valbrandur
|-unboost|p1a: K. Valbrandur|atk|1
|turn|9
|
|move|p2a: Landorus-Therian|Earthquake|p1a: K. Valbrandur
|-supereffective|p1a: K. Valbrandur
|-damage|p1a: K. Valbrandur|0 fnt
|faint|p1a: K. Valbrandur
|
|
|switch|p1a: B. Loftur|Thundurus, M|298\/298
|turn|10
|
|switch|p2a: Amoonguss|Amoonguss, F|432\/432
|-damage|p2a: Amoonguss|378\/432|[from] Stealth Rock
|move|p1a: B. Loftur|Nasty Plot|p1a: B. Loftur
|-boost|p1a: B. Loftur|spa|2
|
|-heal|p2a: Amoonguss|405\/432|[from] item: Black Sludge
|turn|11
|
|move|p1a: B. Loftur|Hidden Power|p2a: Amoonguss
|-supereffective|p2a: Amoonguss
|-damage|p2a: Amoonguss|75\/432
|move|p2a: Amoonguss|Spore|p1a: B. Loftur
|-status|p1a: B. Loftur|slp
|
|-heal|p2a: Amoonguss|102\/432|[from] item: Black Sludge
|turn|12
|
|switch|p1a: Ebola|Bisharp, M|279\/279
|switch|p2a: Landorus-Therian|Landorus-Therian, M|280\/319
|-damage|p2a: Landorus-Therian|241\/319|[from] Stealth Rock
|-ability|p2a: Landorus-Therian|Intimidate|[of] p1a: Ebola
|-unboost|p1a: Ebola|atk|1
|-boost|p1a: Ebola|atk|2|[from] ability: Defiant
|
|turn|13
|
|move|p1a: Ebola|Sucker Punch|p2a: Landorus-Therian
|-damage|p2a: Landorus-Therian|0 fnt
|-damage|p1a: Ebola|252\/279|[from] item: Life Orb
|faint|p2a: Landorus-Therian
|
|chat|AlekDesu|nice
|chat|AlekDesu|gg
|chat|Ken Val|gg
|-message|AlekDesu forfeited.
|
|win|Ken Val
|raw|Ladder updating...
|leave|AlekDesu
|player|p2