|join|AlekDesu
|join|mudkip727
|player|p1|AlekDesu|183
|player|p2|mudkip727|282
|gametype|singles
|tier|Pokebank OU (beta)
|rated
|clearpoke
|poke|p1|Bisharp, M
|poke|p1|Alakazam, M
|poke|p1|Charizard, M
|poke|p1|Gliscor, M
|poke|p1|Breloom, F
|poke|p1|Rotom-Wash
|poke|p2|Talonflame, M
|poke|p2|Genesect
|poke|p2|Excadrill, F
|poke|p2|Goodra, F
|poke|p2|Ferrothorn, F
|poke|p2|Rotom-Wash
|rule|Sleep Clause Mod: Limit one foe put to sleep
|rule|Species Clause: Limit one of each Pokemon
|rule|Moody Clause: Moody is banned
|rule|OHKO Clause: OHKO moves are banned
|rule|Evasion Moves Clause: Evasion moves are banned
|rule|HP Percentage Mod: HP is reported as percentages
|teampreview
|callback|decision
|
|start
|switch|p1a: Missing hydro pump|Rotom-Wash|304\/304
|switch|p2a: Genesect|Genesect|283\/283
|-boost|p2a: Genesect|atk|1|[from] ability: Download
|turn|1
|callback|decision
|
|move|p2a: Genesect|U-turn|p1a: Missing hydro pump
|-damage|p1a: Missing hydro pump|139\/304
|-damage|p2a: Genesect|255\/283|[from] item: Life Orb
|callback|decision
|
|switch|p2a: Goodra|Goodra, F|384\/384
|move|p1a: Missing hydro pump|Will-O-Wisp|p2a: Goodra|[miss]
|-miss|p1a: Missing hydro pump|p2a: Goodra
|
|turn|2
|callback|decision
|
|move|p1a: Missing hydro pump|Rest|p1a: Missing hydro pump
|-status|p1a: Missing hydro pump|slp
|-heal|p1a: Missing hydro pump|304\/304 slp|[silent]
|-status|p1a: Missing hydro pump|slp|[from] move: Rest
|-enditem|p1a: Missing hydro pump|Chesto Berry|[eat]
|-curestatus|p1a: Missing hydro pump|slp
|move|p2a: Goodra|Thunderbolt|p1a: Missing hydro pump
|-damage|p1a: Missing hydro pump|255\/304
|
|turn|3
|callback|decision
|
|move|p1a: Missing hydro pump|Volt Switch|p2a: Goodra
|-resisted|p2a: Goodra
|-damage|p2a: Goodra|361\/384
|callback|decision
|
|switch|p1a: Gliscor|Gliscor, M|354\/354
|move|p2a: Goodra|Dragon Tail|p1a: Gliscor
|-damage|p1a: Gliscor|302\/354
|drag|p1a: Genius|Bisharp, M|334\/334
|
|-heal|p2a: Goodra|384\/384|[from] item: Leftovers
|turn|4
|callback|decision
|
|move|p2a: Goodra|Flamethrower|p1a: Genius
|-supereffective|p1a: Genius
|-damage|p1a: Genius|144\/334
|move|p1a: Genius|Knock Off|p2a: Goodra
|-damage|p2a: Goodra|164\/384
|-unboost|p1a: Genius|spe|1|[from] ability: Gooey
|-boost|p1a: Genius|atk|2|[from] ability: Defiant
|-enditem|p2a: Goodra|Leftovers|[from] move: Knock Off|[of] p1a: Genius
|
|-heal|p1a: Genius|164\/334|[from] item: Leftovers
|turn|5
|callback|decision
|
|move|p1a: Genius|Sucker Punch|p2a: Goodra
|-damage|p2a: Goodra|0 fnt
|-unboost|p1a: Genius|spe|1|[from] ability: Gooey
|-boost|p1a: Genius|atk|2|[from] ability: Defiant
|faint|p2a: Goodra
|
|-heal|p1a: Genius|184\/334|[from] item: Leftovers
|callback|decision
|
|switch|p2a: Ferrothorn|Ferrothorn, F|352\/352
|turn|6
|callback|decision
|
|move|p1a: Genius|Knock Off|p2a: Ferrothorn
|-damage|p2a: Ferrothorn|4\/352
|-damage|p1a: Genius|143\/334|[from] ability: Iron Barbs|[of] p2a: Ferrothorn
|-enditem|p2a: Ferrothorn|Leftovers|[from] move: Knock Off|[of] p1a: Genius
|move|p2a: Ferrothorn|Leech Seed|p1a: Genius
|-start|p1a: Genius|move: Leech Seed
|
|-heal|p1a: Genius|163\/334|[from] item: Leftovers
|-damage|p1a: Genius|122\/334|[from] Leech Seed|[of] p2a: Ferrothorn
|-heal|p2a: Ferrothorn|45\/352|[silent]
|turn|7
|callback|decision
|
|move|p1a: Genius|Knock Off|p2a: Ferrothorn
|-damage|p2a: Ferrothorn|0 fnt
|-damage|p1a: Genius|81\/334|[from] ability: Iron Barbs|[of] p2a: Ferrothorn
|faint|p2a: Ferrothorn
|
|-heal|p1a: Genius|101\/334|[from] item: Leftovers
|callback|decision
|
|switch|p2a: Talonflame|Talonflame, M|298\/298
|turn|8
|callback|decision
|
|switch|p1a: Missing hydro pump|Rotom-Wash|255\/304
|move|p2a: Talonflame|Brave Bird|p1a: Missing hydro pump
|-resisted|p1a: Missing hydro pump
|-damage|p1a: Missing hydro pump|177\/304
|-damage|p2a: Talonflame|272\/298|[from] recoil|[of] p1a: Missing hydro pump
|
|-heal|p2a: Talonflame|290\/298|[from] item: Leftovers
|turn|9
|callback|decision
|
|switch|p2a: Excadrill|Excadrill, F|424\/424
|-ability|p2a: Excadrill|Mold Breaker
|move|p1a: Missing hydro pump|Hydro Pump|p2a: Excadrill|[miss]
|-miss|p1a: Missing hydro pump|p2a: Excadrill
|
|turn|10
|callback|decision
|
|switch|p2a: Rotom-Wash|Rotom-Wash|304\/304
|switch|p1a: Gliscor|Gliscor, M|302\/354
|
|-heal|p1a: Gliscor|324\/354|[from] item: Leftovers
|turn|11
|callback|decision
|
|switch|p1a: Genius|Bisharp, M|101\/334
|move|p2a: Rotom-Wash|Hydro Pump|p1a: Genius
|-damage|p1a: Genius|0 fnt
|faint|p1a: Genius
|
|callback|decision
|
|switch|p1a: Juggaknots|Breloom, F|262\/262
|turn|12
|callback|decision
|
|move|p1a: Juggaknots|Spore|p2a: Rotom-Wash
|-status|p2a: Rotom-Wash|slp
|cant|p2a: Rotom-Wash|slp
|
|turn|13
|callback|decision
|
|switch|p2a: Genesect|Genesect|255\/283
|-boost|p2a: Genesect|spa|1|[from] ability: Download
|move|p1a: Juggaknots|Bullet Seed|p2a: Genesect
|-resisted|p2a: Genesect
|-damage|p2a: Genesect|228\/283
|-resisted|p2a: Genesect
|-damage|p2a: Genesect|203\/283
|-crit|p2a: Genesect
|-resisted|p2a: Genesect
|-damage|p2a: Genesect|168\/283
|-resisted|p2a: Genesect
|-damage|p2a: Genesect|143\/283
|-hitcount|p2a: Genesect|4
|-damage|p1a: Juggaknots|236\/262|[from] item: Life Orb
|
|turn|14
|callback|decision
|
|switch|p1a: Gliscor|Gliscor, M|324\/354
|move|p2a: Genesect|Flamethrower|p1a: Gliscor
|-damage|p1a: Gliscor|84\/354
|-damage|p2a: Genesect|115\/283|[from] item: Life Orb
|
|-heal|p1a: Gliscor|106\/354|[from] item: Leftovers
|turn|15
|callback|decision
|
|move|p2a: Genesect|Ice Beam|p1a: Gliscor
|-supereffective|p1a: Gliscor
|-damage|p1a: Gliscor|0 fnt
|-damage|p2a: Genesect|87\/283|[from] item: Life Orb
|faint|p1a: Gliscor
|
|callback|decision
|
|switch|p1a: Juggaknots|Breloom, F|236\/262
|turn|16
|callback|decision
|
|move|p1a: Juggaknots|Mach Punch|p2a: Genesect
|-damage|p2a: Genesect|0 fnt
|-damage|p1a: Juggaknots|210\/262|[from] item: Life Orb
|faint|p2a: Genesect
|
|callback|decision
|
|switch|p2a: Talonflame|Talonflame, M|290\/298
|turn|17
|callback|decision
|
|switch|p1a: Missing hydro pump|Rotom-Wash|177\/304
|move|p2a: Talonflame|Brave Bird|p1a: Missing hydro pump
|-resisted|p1a: Missing hydro pump
|-damage|p1a: Missing hydro pump|96\/304
|-damage|p2a: Talonflame|263\/298|[from] recoil|[of] p1a: Missing hydro pump
|
|-heal|p2a: Talonflame|281\/298|[from] item: Leftovers
|turn|18
|callback|decision
|
|switch|p2a: Rotom-Wash|Rotom-Wash|304\/304 slp
|move|p1a: Missing hydro pump|Hydro Pump|p2a: Rotom-Wash|[miss]
|-miss|p1a: Missing hydro pump|p2a: Rotom-Wash
|
|turn|19
|callback|decision
|
|move|p1a: Missing hydro pump|Volt Switch|p2a: Rotom-Wash
|-damage|p2a: Rotom-Wash|249\/304 slp
|callback|decision
|
|switch|p1a: Esteban|Alakazam, M|252\/252
|cant|p2a: Rotom-Wash|slp
|
|-heal|p2a: Rotom-Wash|268\/304 slp|[from] item: Leftovers
|turn|20
|callback|decision
|
|-formechange|p1a: Esteban|Alakazam-Mega
|message|Alakazam has Mega Evolved into Mega Alakazam!
|-ability|p1a: Esteban|Levitate|[from] ability: Trace|[of] p2a: Rotom-Wash
|move|p1a: Esteban|Substitute|p1a: Esteban
|-start|p1a: Esteban|Substitute
|-damage|p1a: Esteban|189\/252
|-curestatus|p2a: Rotom-Wash|slp
|move|p2a: Rotom-Wash|Volt Switch|p1a: Esteban
|-end|p1a: Esteban|Substitute
|callback|decision
|
|switch|p2a: Talonflame|Talonflame, M|281\/298
|
|-heal|p2a: Talonflame|298\/298|[from] item: Leftovers
|turn|21
|callback|decision
|
|switch|p1a: Lizardon|Charizard, M|298\/298
|move|p2a: Talonflame|Brave Bird|p1a: Lizardon
|-damage|p1a: Lizardon|81\/298
|-damage|p2a: Talonflame|226\/298|[from] recoil|[of] p1a: Lizardon
|-enditem|p1a: Lizardon|Sitrus Berry|[eat]
|-heal|p1a: Lizardon|155\/298|[from] item: Sitrus Berry
|
|-heal|p2a: Talonflame|244\/298|[from] item: Leftovers
|turn|22
|callback|decision
|
|move|p2a: Talonflame|Brave Bird|p1a: Lizardon
|-crit|p1a: Lizardon
|-damage|p1a: Lizardon|0 fnt
|-damage|p2a: Talonflame|193\/298|[from] recoil|[of] p1a: Lizardon
|faint|p1a: Lizardon
|
|-heal|p2a: Talonflame|211\/298|[from] item: Leftovers
|callback|decision
|
|switch|p1a: Missing hydro pump|Rotom-Wash|96\/304
|turn|23
|callback|decision
|
|switch|p2a: Excadrill|Excadrill, F|424\/424
|-ability|p2a: Excadrill|Mold Breaker
|move|p1a: Missing hydro pump|Volt Switch|p2a: Excadrill
|-immune|p2a: Excadrill|[msg]
|
|turn|24
|callback|decision
|
|move|p2a: Excadrill|Earthquake|p1a: Missing hydro pump
|-supereffective|p1a: Missing hydro pump
|-damage|p1a: Missing hydro pump|0 fnt
|faint|p1a: Missing hydro pump
|
|callback|decision
|
|switch|p1a: Juggaknots|Breloom, F|210\/262
|turn|25
|callback|decision
|
|move|p1a: Juggaknots|Rock Tomb|p2a: Excadrill|[miss]
|-miss|p1a: Juggaknots|p2a: Excadrill
|move|p2a: Excadrill|Rock Slide|p1a: Juggaknots
|-resisted|p1a: Juggaknots
|-damage|p1a: Juggaknots|164\/262
|
|turn|26
|callback|decision
|
|move|p1a: Juggaknots|Mach Punch|p2a: Excadrill
|-supereffective|p2a: Excadrill
|-damage|p2a: Excadrill|148\/424
|-damage|p1a: Juggaknots|138\/262|[from] item: Life Orb
|move|p2a: Excadrill|Rock Slide|p1a: Juggaknots
|-crit|p1a: Juggaknots
|-resisted|p1a: Juggaknots
|-damage|p1a: Juggaknots|72\/262
|
|-heal|p2a: Excadrill|174\/424|[from] item: Leftovers
|turn|27
|callback|decision
|
|move|p1a: Juggaknots|Mach Punch|p2a: Excadrill
|-supereffective|p2a: Excadrill
|-damage|p2a: Excadrill|0 fnt
|-damage|p1a: Juggaknots|46\/262|[from] item: Life Orb
|faint|p2a: Excadrill
|
|callback|decision
|
|switch|p2a: Talonflame|Talonflame, M|211\/298
|turn|28
|callback|decision
|
|switch|p1a: Esteban|Alakazam, M|189\/252
|-formechange|p1a: Esteban|Alakazam-Mega
|-ability|p1a: Esteban|Gale Wings|[from] ability: Trace|[of] p2a: Talonflame
|move|p2a: Talonflame|Brave Bird|p1a: Esteban
|-damage|p1a: Esteban|0 fnt
|-damage|p2a: Talonflame|149\/298|[from] recoil|[of] p1a: Esteban
|faint|p1a: Esteban
|
|-heal|p2a: Talonflame|167\/298|[from] item: Leftovers
|callback|decision
|
|switch|p1a: Juggaknots|Breloom, F|46\/262
|turn|29
|callback|decision
|
|move|p2a: Talonflame|Brave Bird|p1a: Juggaknots
|-supereffective|p1a: Juggaknots
|-damage|p1a: Juggaknots|0 fnt
|-damage|p2a: Talonflame|152\/298|[from] recoil|[of] p1a: Juggaknots
|faint|p1a: Juggaknots
|
|win|mudkip727
|raw|Ladder updating...
|raw|AlekDesu's rating: 1626 &rarr; <strong>1623<\/strong><br \/>(-3 for losing)
|raw|mudkip727's rating: 1737 &rarr; <strong>1743<\/strong><br \/>(+6 for winning)