|join|AlekDesu
|join|Vyro
|player|p1|AlekDesu|190
|player|p2|Vyro|264
|gametype|singles
|tier|Pokebank OU (beta)
|rated
|rule|Evasion Abilities Clause: Evasion abilities are banned
|clearpoke
|poke|p1|Forretress, M
|poke|p1|Kangaskhan, F
|poke|p1|Aegislash, F
|poke|p1|Talonflame, F
|poke|p1|Gastrodon, F
|poke|p1|Tyranitar, M
|poke|p2|Galvantula, F
|poke|p2|Avalugg, F
|poke|p2|Volcarona, F
|poke|p2|Jolteon, M
|poke|p2|Pinsir, F, shiny
|poke|p2|Porygon-Z
|rule|Sleep Clause Mod: Limit one foe put to sleep
|rule|Species Clause: Limit one of each Pokemon
|rule|Moody Clause: Moody is banned
|rule|OHKO Clause: OHKO moves are banned
|rule|Evasion Moves Clause: Evasion moves are banned
|rule|HP Percentage Mod: HP is reported as percentages
|teampreview
|callback|decision
|
|start
|switch|p1a: Forretress|Forretress, M|354\/354
|switch|p2a: Galvantula|Galvantula, F|281\/281
|turn|1
|callback|decision
|
|move|p2a: Galvantula|Sticky Web|p1a: Forretress
|-sidestart|p1: AlekDesu|move: Sticky Web
|move|p1a: Forretress|Stealth Rock|p2a: Galvantula
|-sidestart|p2: Vyro|move: Stealth Rock
|
|turn|2
|callback|decision
|
|move|p2a: Galvantula|Thunder|p1a: Forretress
|-crit|p1a: Forretress
|-activate|p1a: Forretress|Sturdy
|-damage|p1a: Forretress|1\/354
|-status|p1a: Forretress|par
|cant|p1a: Forretress|par
|
|turn|3
|callback|decision
|chat|AlekDesu|kk ffs
|-enditem|p1a: Forretress|Custap Berry|[eat]
|-activate|p1a: Forretress|Custap Berry
|
|move|p1a: Forretress|Rapid Spin|p2a: Galvantula
|-damage|p2a: Galvantula|263\/281
|-sideend|p1: AlekDesu|Sticky Web|[from] move: Rapid Spin|[of] p1a: Forretress
|-enditem|p2a: Galvantula|Red Card|[of] p1a: Forretress
|drag|p1a: Talonflame|Talonflame, F|298\/298
|move|p2a: Galvantula|Thunder|p1a: Talonflame
|-supereffective|p1a: Talonflame
|-damage|p1a: Talonflame|0 fnt
|faint|p1a: Talonflame
|
|callback|decision
|chat|Vyro|huehuehue
|chat|AlekDesu|you are way too lucky omfg
|chat|AlekDesu|that's unreal
|
|switch|p1a: Tyranitar|Tyranitar, M|404\/404
|-weather|Sandstorm
|turn|4
|callback|decision
|
|move|p2a: Galvantula|Sticky Web|p1a: Tyranitar
|-sidestart|p1: AlekDesu|move: Sticky Web
|move|p1a: Tyranitar|Fire Blast|p2a: Galvantula
|-supereffective|p2a: Galvantula
|-damage|p2a: Galvantula|31\/281
|
|-weather|Sandstorm|[upkeep]
|-damage|p2a: Galvantula|14\/281|[from] sandstorm
|turn|5
|callback|decision
|
|move|p2a: Galvantula|Thunder|p1a: Tyranitar
|-damage|p1a: Tyranitar|284\/404
|move|p1a: Tyranitar|Pursuit|p2a: Galvantula
|-damage|p2a: Galvantula|0 fnt
|faint|p2a: Galvantula
|
|-weather|Sandstorm|[upkeep]
|-heal|p1a: Tyranitar|309\/404|[from] item: Leftovers
|callback|decision
|
|switch|p2a: Pinsir|Pinsir, F, shiny|271\/271
|-damage|p2a: Pinsir|204\/271|[from] Stealth Rock
|turn|6
|callback|decision
|
|move|p2a: Pinsir|Close Combat|p1a: Tyranitar
|-supereffective|p1a: Tyranitar
|-damage|p1a: Tyranitar|0 fnt
|-unboost|p2a: Pinsir|def|1
|-unboost|p2a: Pinsir|spd|1
|faint|p1a: Tyranitar
|-boost|p2a: Pinsir|atk|1|[from] ability: Moxie
|
|-weather|Sandstorm|[upkeep]
|-damage|p2a: Pinsir|188\/271|[from] sandstorm
|callback|decision
|
|switch|p1a: Kangaskhan|Kangaskhan, F|352\/352
|-unboost|p1a: Kangaskhan|spe|1
|turn|7
|callback|decision
|chat|Vyro|the pinsir rape train will have no brakes
|
|-formechange|p2a: Pinsir|Pinsir-Mega
|message|Pinsir has Mega Evolved into Mega Pinsir!
|-formechange|p1a: Kangaskhan|Kangaskhan-Mega
|message|Kangaskhan has Mega Evolved into Mega Kangaskhan!
|move|p1a: Kangaskhan|Fake Out|p2a: Pinsir
|-damage|p2a: Pinsir|85\/271
|-damage|p2a: Pinsir|40\/271
|-hitcount|p2a: Pinsir|2
|cant|p2a: Pinsir|flinch
|
|-weather|Sandstorm|[upkeep]
|-damage|p2a: Pinsir|24\/271|[from] sandstorm
|-damage|p1a: Kangaskhan|330\/352|[from] sandstorm
|turn|8
|callback|decision
|chat|AlekDesu|there's nothing he can do 
|chat|AlekDesu|against my shadow sneak
|
|switch|p1a: Forretress|Forretress, M|1\/354 par
|-unboost|p1a: Forretress|spe|1
|move|p2a: Pinsir|Close Combat|p1a: Forretress
|-damage|p1a: Forretress|0 fnt
|-unboost|p2a: Pinsir|def|1
|-unboost|p2a: Pinsir|spd|1
|faint|p1a: Forretress
|
|-weather|none
|callback|decision
|
|switch|p1a: Kangaskhan|Kangaskhan, F|330\/352
|-formechange|p1a: Kangaskhan|Kangaskhan-Mega
|-unboost|p1a: Kangaskhan|spe|1
|turn|9
|callback|decision
|
|move|p1a: Kangaskhan|Fake Out|p2a: Pinsir
|-damage|p2a: Pinsir|0 fnt
|-hitcount|p2a: Pinsir|1
|faint|p2a: Pinsir
|
|callback|decision
|
|switch|p2a: Avalugg|Avalugg, F|394\/394
|-damage|p2a: Avalugg|296\/394|[from] Stealth Rock
|turn|10
|callback|decision
|chat|AlekDesu|*data avalugg
|
|move|p1a: Kangaskhan|Drain Punch|p2a: Avalugg
|-supereffective|p2a: Avalugg
|-damage|p2a: Avalugg|190\/394
|-heal|p1a: Kangaskhan|352\/352|[from] drain|[of] p2a: Avalugg
|-supereffective|p2a: Avalugg
|-damage|p2a: Avalugg|130\/394
|-hitcount|p2a: Avalugg|2
|move|p2a: Avalugg|Rapid Spin|p1a: Kangaskhan
|-damage|p1a: Kangaskhan|325\/352
|-sideend|p2: Vyro|Stealth Rock|[from] move: Rapid Spin|[of] p2a: Avalugg
|
|-heal|p2a: Avalugg|154\/394|[from] item: Leftovers
|turn|11
|callback|decision
|chat|AlekDesu|ho this thing gets rapid skin
|chat|AlekDesu|spin*
|
|move|p2a: Avalugg|Protect|p2a: Avalugg
|-singleturn|p2a: Avalugg|Protect
|move|p1a: Kangaskhan|Drain Punch|p2a: Avalugg
|-activate|p2a: Avalugg|Protect
|
|-heal|p2a: Avalugg|178\/394|[from] item: Leftovers
|turn|12
|callback|decision
|chat|Vyro|YEP
|
|move|p1a: Kangaskhan|Drain Punch|p2a: Avalugg
|-supereffective|p2a: Avalugg
|-damage|p2a: Avalugg|60\/394
|-heal|p1a: Kangaskhan|352\/352|[from] drain|[of] p2a: Avalugg
|-supereffective|p2a: Avalugg
|-damage|p2a: Avalugg|6\/394
|-hitcount|p2a: Avalugg|2
|move|p2a: Avalugg|Avalanche|p1a: Kangaskhan
|-damage|p1a: Kangaskhan|144\/352
|
|-heal|p2a: Avalugg|30\/394|[from] item: Leftovers
|turn|13
|callback|decision
|
|move|p1a: Kangaskhan|Drain Punch|p2a: Avalugg
|-supereffective|p2a: Avalugg
|-damage|p2a: Avalugg|0 fnt
|-heal|p1a: Kangaskhan|159\/352|[from] drain|[of] p2a: Avalugg
|-hitcount|p2a: Avalugg|1
|faint|p2a: Avalugg
|
|callback|decision
|
|switch|p2a: Volcarona|Volcarona, F|312\/312
|turn|14
|callback|decision
|
|switch|p1a: Gastrodon|Gastrodon, F|426\/426
|-unboost|p1a: Gastrodon|spe|1
|move|p2a: Volcarona|Fiery Dance|p1a: Gastrodon
|-resisted|p1a: Gastrodon
|-damage|p1a: Gastrodon|308\/426
|-damage|p2a: Volcarona|281\/312|[from] item: Life Orb
|
|-heal|p1a: Gastrodon|334\/426|[from] item: Leftovers
|turn|15
|callback|decision
|
|move|p2a: Volcarona|Quiver Dance|p2a: Volcarona
|-boost|p2a: Volcarona|spa|1
|-boost|p2a: Volcarona|spd|1
|-boost|p2a: Volcarona|spe|1
|move|p1a: Gastrodon|Toxic|p2a: Volcarona
|-status|p2a: Volcarona|tox
|
|-heal|p1a: Gastrodon|360\/426|[from] item: Leftovers
|-damage|p2a: Volcarona|262\/312 tox|[from] psn
|turn|16
|callback|decision
|
|move|p2a: Volcarona|Hurricane|p1a: Gastrodon|[miss]
|-miss|p2a: Volcarona|p1a: Gastrodon
|move|p1a: Gastrodon|Recover|p1a: Gastrodon
|-heal|p1a: Gastrodon|426\/426
|
|-damage|p2a: Volcarona|224\/312 tox|[from] psn
|turn|17
|callback|decision
|
|move|p2a: Volcarona|Hurricane|p1a: Gastrodon
|-crit|p1a: Gastrodon
|-damage|p1a: Gastrodon|0 fnt
|-damage|p2a: Volcarona|193\/312 tox|[from] item: Life Orb
|faint|p1a: Gastrodon
|
|-damage|p2a: Volcarona|136\/312 tox|[from] psn
|callback|decision
|chat|AlekDesu|that unreal luck
|chat|AlekDesu|is unreal
|
|switch|p1a: Kangaskhan|Kangaskhan, F|159\/352
|-formechange|p1a: Kangaskhan|Kangaskhan-Mega
|-unboost|p1a: Kangaskhan|spe|1
|turn|18
|callback|decision
|
|move|p1a: Kangaskhan|Fake Out|p2a: Volcarona
|-damage|p2a: Volcarona|27\/312 tox
|-damage|p2a: Volcarona|0 fnt
|-status|p1a: Kangaskhan|brn
|-hitcount|p2a: Volcarona|2
|faint|p2a: Volcarona
|
|-damage|p1a: Kangaskhan|115\/352 brn|[from] brn
|callback|decision
|
|switch|p2a: Jolteon|Jolteon, M|272\/272
|-item|p2a: Jolteon|Air Balloon
|turn|19
|callback|decision
|chat|AlekDesu|And the flame body hax
|chat|Vyro|>burn
|chat|AlekDesu|you are uncredible
|chat|Vyro|HAHAHA
|
|move|p1a: Kangaskhan|Sucker Punch|p2a: Jolteon
|-damage|p2a: Jolteon|196\/272
|-enditem|p2a: Jolteon|Air Balloon
|-damage|p2a: Jolteon|153\/272
|-hitcount|p2a: Jolteon|2
|move|p2a: Jolteon|Thunderbolt|p1a: Kangaskhan
|-damage|p1a: Kangaskhan|0 fnt
|faint|p1a: Kangaskhan
|
|callback|decision
|chat|AlekDesu|30% ofc you get it
|chat|AlekDesu|and say "aHAHHAH" like a fag
|chat|Vyro|You are angry?
|chat|AlekDesu|with all the luck you got earlier
|chat|Vyro|What do you expect me to say
|chat|AlekDesu|i'm not but you're trying to make me angry
|
|switch|p1a: Aegislash|Aegislash, F|324\/324
|-unboost|p1a: Aegislash|spe|1
|turn|20
|callback|decision
|chat|Vyro|At least I'm not spamming klefi and jirachi like a real faggot shit
|
|move|p2a: Jolteon|Thunder Wave|p1a: Aegislash
|-status|p1a: Aegislash|par
|cant|p1a: Aegislash|par
|
|turn|21
|callback|decision
|chat|AlekDesu|fu
|chat|AlekDesu|seriously
|-message|AlekDesu forfeited.
|
|win|Vyro
|raw|Ladder updating...
|leave|AlekDesu
|player|p1
|raw|AlekDesu's rating: 1487 &rarr; <strong>1482<\/strong><br \/>(-5 for losing)
|raw|Vyro's rating: 1497 &rarr; <strong>1564<\/strong><br \/>(+67 for winning)