|join|Typhozzz
|join|AlekDesu
|player|p1|Typhozzz|217
|player|p2|AlekDesu|190
|gametype|singles
|tier|Pokebank OU (beta)
|rated
|rule|Evasion Abilities Clause: Evasion abilities are banned
|clearpoke
|poke|p1|Hydreigon, M, shiny
|poke|p1|Pyroar, M, shiny
|poke|p1|Greninja, M, shiny
|poke|p1|Volcarona, M, shiny
|poke|p1|Charizard, M, shiny
|poke|p1|Zygarde, shiny
|poke|p2|Gastrodon, M, shiny
|poke|p2|Charizard, F, shiny
|poke|p2|Rotom-Heat, shiny
|poke|p2|Clefable, F, shiny
|poke|p2|Donphan, M, shiny
|poke|p2|Gengar, M, shiny
|rule|Sleep Clause Mod: Limit one foe put to sleep
|rule|Species Clause: Limit one of each Pokemon
|rule|Moody Clause: Moody is banned
|rule|OHKO Clause: OHKO moves are banned
|rule|Evasion Moves Clause: Evasion moves are banned
|rule|HP Percentage Mod: HP is reported as percentages
|teampreview
|callback|decision
|chat|Typhozzz|gl
|
|start
|switch|p1a: 3 sum|Hydreigon, M, shiny|325\/325
|switch|p2a: Donphan|Donphan, M, shiny|384\/384
|turn|1
|callback|decision
|chat|AlekDesu|you too
|
|move|p1a: 3 sum|Dark Pulse|p2a: Donphan
|-damage|p2a: Donphan|90\/384
|-damage|p1a: 3 sum|293\/325|[from] item: Life Orb
|move|p2a: Donphan|Stealth Rock|p1a: 3 sum
|-sidestart|p1: Typhozzz|move: Stealth Rock
|
|-heal|p2a: Donphan|114\/384|[from] item: Leftovers
|turn|2
|callback|decision
|
|move|p1a: 3 sum|Dark Pulse|p2a: Donphan
|-damage|p2a: Donphan|0 fnt
|-damage|p1a: 3 sum|261\/325|[from] item: Life Orb
|faint|p2a: Donphan
|
|callback|decision
|
|switch|p2a: Clefable|Clefable, F, shiny|394\/394
|turn|3
|callback|decision
|
|switch|p1a: im da sun|Volcarona, M, shiny|311\/311
|-damage|p1a: im da sun|156\/311|[from] Stealth Rock
|move|p2a: Clefable|Calm Mind|p2a: Clefable
|-boost|p2a: Clefable|spa|1
|-boost|p2a: Clefable|spd|1
|
|-heal|p1a: im da sun|175\/311|[from] item: Leftovers
|turn|4
|callback|decision
|
|move|p1a: im da sun|Fiery Dance|p2a: Clefable
|-damage|p2a: Clefable|276\/394
|-boost|p1a: im da sun|spa|1
|move|p2a: Clefable|Thunderbolt|p1a: im da sun
|-damage|p1a: im da sun|86\/311
|
|-heal|p1a: im da sun|105\/311|[from] item: Leftovers
|-heal|p2a: Clefable|300\/394|[from] item: Leftovers
|turn|5
|callback|decision
|
|move|p1a: im da sun|Fiery Dance|p2a: Clefable
|-damage|p2a: Clefable|110\/394
|move|p2a: Clefable|Moonblast|p1a: im da sun
|-resisted|p1a: im da sun
|-damage|p1a: im da sun|39\/311
|
|-heal|p1a: im da sun|58\/311|[from] item: Leftovers
|-heal|p2a: Clefable|134\/394|[from] item: Leftovers
|turn|6
|callback|decision
|
|switch|p2a: Jewicide|Rotom-Heat, shiny|304\/304
|move|p1a: im da sun|Fiery Dance|p2a: Jewicide
|-resisted|p2a: Jewicide
|-damage|p2a: Jewicide|216\/304
|
|-heal|p1a: im da sun|77\/311|[from] item: Leftovers
|-heal|p2a: Jewicide|235\/304|[from] item: Leftovers
|turn|7
|callback|decision
|
|move|p1a: im da sun|Bug Buzz|p2a: Jewicide
|-resisted|p2a: Jewicide
|-damage|p2a: Jewicide|148\/304
|move|p2a: Jewicide|Overheat|p1a: im da sun
|-damage|p1a: im da sun|0 fnt
|-unboost|p2a: Jewicide|spa|2
|faint|p1a: im da sun
|
|-heal|p2a: Jewicide|167\/304|[from] item: Leftovers
|callback|decision
|
|switch|p1a: what a change|Zygarde, shiny|420\/420
|-damage|p1a: what a change|394\/420|[from] Stealth Rock
|-ability|p1a: what a change|Aura Break
|turn|8
|callback|decision
|
|switch|p2a: Gastrodon|Gastrodon, M, shiny|426\/426
|move|p1a: what a change|Dragon Dance|p1a: what a change
|-boost|p1a: what a change|atk|1
|-boost|p1a: what a change|spe|1
|
|-heal|p1a: what a change|420\/420|[from] item: Leftovers
|turn|9
|callback|decision
|
|move|p1a: what a change|Earthquake|p2a: Gastrodon
|-damage|p2a: Gastrodon|266\/426
|move|p2a: Gastrodon|Ice Beam|p1a: what a change
|-supereffective|p1a: what a change
|-damage|p1a: what a change|216\/420
|
|-heal|p1a: what a change|242\/420|[from] item: Leftovers
|-heal|p2a: Gastrodon|292\/426|[from] item: Leftovers
|turn|10
|callback|decision
|
|move|p1a: what a change|Dragon Dance|p1a: what a change
|-boost|p1a: what a change|atk|1
|-boost|p1a: what a change|spe|1
|move|p2a: Gastrodon|Recover|p2a: Gastrodon
|-heal|p2a: Gastrodon|426\/426
|
|-heal|p1a: what a change|268\/420|[from] item: Leftovers
|turn|11
|callback|decision
|
|move|p1a: what a change|Dragon Dance|p1a: what a change
|-boost|p1a: what a change|atk|1
|-boost|p1a: what a change|spe|1
|move|p2a: Gastrodon|Ice Beam|p1a: what a change
|-supereffective|p1a: what a change
|-damage|p1a: what a change|40\/420
|
|-heal|p1a: what a change|66\/420|[from] item: Leftovers
|turn|12
|callback|decision
|
|move|p1a: what a change|Earthquake|p2a: Gastrodon
|-crit|p2a: Gastrodon
|-damage|p2a: Gastrodon|3\/426
|move|p2a: Gastrodon|Ice Beam|p1a: what a change
|-supereffective|p1a: what a change
|-damage|p1a: what a change|0 fnt
|faint|p1a: what a change
|
|-heal|p2a: Gastrodon|29\/426|[from] item: Leftovers
|callback|decision
|
|switch|p1a: WOOOO!|Charizard, M, shiny|297\/297
|-damage|p1a: WOOOO!|149\/297|[from] Stealth Rock
|turn|13
|callback|decision
|chat|AlekDesu|Would have been freaking annoying..
|chat|Typhozzz|lol
|
|-formechange|p1a: WOOOO!|Charizard-Mega-Y
|message|Charizard has Mega Evolved into Mega Charizard!
|-weather|SunnyDay
|move|p1a: WOOOO!|Dragon Pulse|p2a: Gastrodon
|-damage|p2a: Gastrodon|0 fnt
|faint|p2a: Gastrodon
|
|-weather|SunnyDay|[upkeep]
|callback|decision
|
|switch|p2a: Jewicide|Rotom-Heat, shiny|167\/304
|turn|14
|callback|decision
|
|move|p1a: WOOOO!|Fire Blast|p2a: Jewicide
|-resisted|p2a: Jewicide
|-damage|p2a: Jewicide|50\/304
|move|p2a: Jewicide|Volt Switch|p1a: WOOOO!
|-supereffective|p1a: WOOOO!
|-damage|p1a: WOOOO!|0 fnt
|faint|p1a: WOOOO!
|callback|decision
|
|switch|p2a: Olga La Violeuse|Charizard, F, shiny|297\/297
|
|-weather|SunnyDay|[upkeep]
|callback|decision
|
|switch|p1a: :I rawr|Pyroar, M, shiny|313\/313
|-damage|p1a: :I rawr|235\/313|[from] Stealth Rock
|turn|15
|callback|decision
|
|-formechange|p2a: Olga La Violeuse|Charizard-Mega-Y
|message|Charizard has Mega Evolved into Mega Charizard!
|move|p1a: :I rawr|Noble Roar|p2a: Olga La Violeuse
|-unboost|p2a: Olga La Violeuse|atk|1
|-unboost|p2a: Olga La Violeuse|spa|1
|move|p2a: Olga La Violeuse|Earthquake|p1a: :I rawr
|-supereffective|p1a: :I rawr
|-damage|p1a: :I rawr|95\/313
|
|-weather|SunnyDay|[upkeep]
|turn|16
|callback|decision
|
|switch|p2a: Jewicide|Rotom-Heat, shiny|50\/304
|move|p1a: :I rawr|Hyper Voice|p2a: Jewicide
|-damage|p2a: Jewicide|0 fnt
|-damage|p1a: :I rawr|64\/313|[from] item: Life Orb
|faint|p2a: Jewicide
|
|-weather|SunnyDay|[upkeep]
|callback|decision
|
|switch|p2a: Gengar|Gengar, M, shiny|262\/262
|turn|17
|callback|decision
|
|move|p2a: Gengar|Sludge Bomb|p1a: :I rawr
|-damage|p1a: :I rawr|0 fnt
|faint|p1a: :I rawr
|
|-weather|none
|callback|decision
|
|switch|p1a: 3 sum|Hydreigon, M, shiny|261\/325
|-damage|p1a: 3 sum|221\/325|[from] Stealth Rock
|turn|18
|callback|decision
|
|switch|p2a: Clefable|Clefable, F, shiny|134\/394
|move|p1a: 3 sum|Dark Pulse|p2a: Clefable
|-resisted|p2a: Clefable
|-damage|p2a: Clefable|35\/394
|-damage|p1a: 3 sum|189\/325|[from] item: Life Orb
|
|-heal|p2a: Clefable|59\/394|[from] item: Leftovers
|turn|19
|callback|decision
|
|move|p1a: 3 sum|Dark Pulse|p2a: Clefable
|-resisted|p2a: Clefable
|-damage|p2a: Clefable|0 fnt
|-damage|p1a: 3 sum|157\/325|[from] item: Life Orb
|faint|p2a: Clefable
|
|callback|decision
|
|switch|p2a: Olga La Violeuse|Charizard, F, shiny|297\/297
|-formechange|p2a: Olga La Violeuse|Charizard-Mega-Y
|-weather|SunnyDay
|turn|20
|callback|decision
|
|move|p2a: Olga La Violeuse|Flamethrower|p1a: 3 sum
|-resisted|p1a: 3 sum
|-damage|p1a: 3 sum|7\/325
|move|p1a: 3 sum|Draco Meteor|p2a: Olga La Violeuse
|-damage|p2a: Olga La Violeuse|32\/297
|-unboost|p1a: 3 sum|spa|2
|-damage|p1a: 3 sum|0 fnt|[from] item: Life Orb
|faint|p1a: 3 sum
|
|-weather|SunnyDay|[upkeep]
|callback|decision
|
|switch|p1a: STAB EVERYWHERE|Greninja, M, shiny|285\/285
|-damage|p1a: STAB EVERYWHERE|250\/285|[from] Stealth Rock
|turn|21
|callback|decision
|
|-start|p1a: STAB EVERYWHERE|typechange|Dark|[from] Protean
|move|p1a: STAB EVERYWHERE|Dark Pulse|p2a: Olga La Violeuse
|-damage|p2a: Olga La Violeuse|0 fnt
|-damage|p1a: STAB EVERYWHERE|222\/285|[from] item: Life Orb
|faint|p2a: Olga La Violeuse
|
|-weather|SunnyDay|[upkeep]
|callback|decision
|
|switch|p2a: Gengar|Gengar, M, shiny|262\/262
|turn|22
|callback|decision
|chat|AlekDesu|70% of win #scarfed focus blast 
|
|move|p2a: Gengar|Focus Blast|p1a: STAB EVERYWHERE
|-supereffective|p1a: STAB EVERYWHERE
|-damage|p1a: STAB EVERYWHERE|0 fnt
|faint|p1a: STAB EVERYWHERE
|
|win|AlekDesu
|raw|Ladder updating...
|chat|Typhozzz|gg
|raw|Typhozzz's rating: 1527 &rarr; <strong>1516<\/strong><br \/>(-11 for losing)
|raw|AlekDesu's rating: 1674 &rarr; <strong>1678<\/strong><br \/>(+4 for winning)
|chat|AlekDesu|gg