|join|deluks917
|join|NarcistNarcissus
|player|p1|deluks917|23
|player|p2|NarcistNarcissus|34
|gametype|singles
|gen|6
|tier|UU
|rated
|rule|Sleep Clause Mod: Limit one foe put to sleep
|rule|Species Clause: Limit one of each PokÃ©mon
|rule|OHKO Clause: OHKO moves are banned
|rule|Moody Clause: Moody is banned
|rule|Evasion Moves Clause: Evasion moves are banned
|rule|Endless Battle Clause: Forcing endless battles is banned
|rule|HP Percentage Mod: HP is shown in percentages
|clearpoke
|poke|p1|Blissey, F
|poke|p1|Spiritomb, M
|poke|p1|Tentacruel, M
|poke|p1|Gligar, M
|poke|p1|Quagsire, M
|poke|p1|Aromatisse, F
|poke|p2|Lucario, F
|poke|p2|Rotom-Heat
|poke|p2|Swampert, F
|poke|p2|Crobat, F
|poke|p2|Chandelure, M
|poke|p2|Haxorus, F
|rule|Swagger Clause: Swagger is banned
|rule|Baton Pass Clause: Limit one PokÃ©mon knowing Baton Pass
|teampreview
|
|start
|switch|p1a: Quagsire|Quagsire, M|384\/384
|switch|p2a: Haxorus|Haxorus, F|294\/294
|-ability|p2a: Haxorus|Mold Breaker
|turn|1
|
|move|p2a: Haxorus|Outrage|p1a: Quagsire
|-damage|p1a: Quagsire|101\/384
|move|p1a: Quagsire|Toxic|p2a: Haxorus
|-status|p2a: Haxorus|tox
|
|-heal|p1a: Quagsire|125\/384|[from] item: Leftovers
|-damage|p2a: Haxorus|276\/294 tox|[from] psn
|turn|2
|
|switch|p1a: Aromatisse|Aromatisse, F|400\/400
|move|p2a: Haxorus|Outrage|p1a: Aromatisse
|-immune|p1a: Aromatisse|[msg]
|
|-damage|p2a: Haxorus|240\/294 tox|[from] psn
|turn|3
|
|move|p2a: Haxorus|Outrage|p1a: Aromatisse
|-immune|p1a: Aromatisse|[msg]
|move|p1a: Aromatisse|Moonblast|p2a: Haxorus
|-supereffective|p2a: Haxorus
|-damage|p2a: Haxorus|0 fnt
|faint|p2a: Haxorus
|
|
|switch|p2a: Rotom-Heat|Rotom-Heat|304\/304
|turn|4
|
|switch|p1a: Quagsire|Quagsire, M|125\/384
|move|p2a: Rotom-Heat|Overheat|p1a: Quagsire
|-resisted|p1a: Quagsire
|-damage|p1a: Quagsire|0 fnt
|-unboost|p2a: Rotom-Heat|spa|2
|faint|p1a: Quagsire
|
|
|switch|p1a: Gligar|Gligar, M|324\/324
|turn|5
|
|switch|p2a: Swampert|Swampert, F|404\/404
|move|p1a: Gligar|Stealth Rock|p2a: Swampert
|-sidestart|p2: NarcistNarcissus|move: Stealth Rock
|
|turn|6
|
|switch|p1a: Aromatisse|Aromatisse, F|400\/400
|detailschange|p2a: Swampert|Swampert-Mega, F
|message|Swampert has Mega Evolved into Mega Swampert!
|move|p2a: Swampert|Stealth Rock|p1a: Aromatisse
|-sidestart|p1: deluks917|move: Stealth Rock
|
|turn|7
|
|switch|p2a: Rotom-Heat|Rotom-Heat|304\/304
|-damage|p2a: Rotom-Heat|228\/304|[from] Stealth Rock
|move|p1a: Aromatisse|Wish|p1a: Aromatisse
|
|turn|8
|
|move|p1a: Aromatisse|Protect|p1a: Aromatisse
|-singleturn|p1a: Aromatisse|Protect
|move|p2a: Rotom-Heat|Trick|p1a: Aromatisse
|-activate|p1a: Aromatisse|Protect
|
|turn|9
|
|switch|p1a: Tentacruel|Tentacruel, M|352\/352
|-damage|p1a: Tentacruel|308\/352|[from] Stealth Rock
|move|p2a: Rotom-Heat|Trick|p1a: Tentacruel
|-activate|p2a: Rotom-Heat|move: Trick|[of] p1a: Tentacruel
|-item|p1a: Tentacruel|Choice Specs|[from] move: Trick
|-item|p2a: Rotom-Heat|Leftovers|[from] move: Trick
|
|-heal|p2a: Rotom-Heat|247\/304|[from] item: Leftovers
|turn|10
|
|move|p1a: Tentacruel|Scald|p2a: Rotom-Heat
|-supereffective|p2a: Rotom-Heat
|-damage|p2a: Rotom-Heat|35\/304
|move|p2a: Rotom-Heat|Thunderbolt|p1a: Tentacruel
|-supereffective|p1a: Tentacruel
|-damage|p1a: Tentacruel|62\/352
|
|-heal|p2a: Rotom-Heat|54\/304|[from] item: Leftovers
|turn|11
|
|move|p1a: Tentacruel|Scald|p2a: Rotom-Heat
|-supereffective|p2a: Rotom-Heat
|-damage|p2a: Rotom-Heat|0 fnt
|faint|p2a: Rotom-Heat
|
|
|switch|p2a: Crobat|Crobat, F|312\/312
|-damage|p2a: Crobat|234\/312|[from] Stealth Rock
|turn|12
|
|move|p2a: Crobat|Brave Bird|p1a: Tentacruel
|-damage|p1a: Tentacruel|0 fnt
|-damage|p2a: Crobat|214\/312|[from] recoil|[of] p1a: Tentacruel
|faint|p1a: Tentacruel
|
|-heal|p2a: Crobat|233\/312|[from] item: Black Sludge
|
|switch|p1a: Spiritomb|Spiritomb, M|304\/304
|-damage|p1a: Spiritomb|266\/304|[from] Stealth Rock
|-ability|p1a: Spiritomb|Pressure
|turn|13
|
|move|p2a: Crobat|Brave Bird|p1a: Spiritomb
|-damage|p1a: Spiritomb|151\/304
|-damage|p2a: Crobat|195\/312|[from] recoil|[of] p1a: Spiritomb
|move|p1a: Spiritomb|Foul Play|p2a: Crobat
|-damage|p2a: Crobat|32\/312
|
|-heal|p2a: Crobat|51\/312|[from] item: Black Sludge
|-heal|p1a: Spiritomb|170\/304|[from] item: Leftovers
|turn|14
|
|move|p2a: Crobat|Brave Bird|p1a: Spiritomb
|-damage|p1a: Spiritomb|53\/304
|-damage|p2a: Crobat|12\/312|[from] recoil|[of] p1a: Spiritomb
|move|p1a: Spiritomb|Rest|p1a: Spiritomb
|-status|p1a: Spiritomb|slp
|-heal|p1a: Spiritomb|304\/304 slp|[silent]
|-status|p1a: Spiritomb|slp|[from] move: Rest
|
|-heal|p2a: Crobat|31\/312|[from] item: Black Sludge
|turn|15
|
|move|p2a: Crobat|Roost|p2a: Crobat
|-heal|p2a: Crobat|187\/312
|cant|p1a: Spiritomb|slp
|move|p1a: Spiritomb|Sleep Talk|p1a: Spiritomb
|move|p1a: Spiritomb|Rest|p1a: Spiritomb|[from]Sleep Talk
|-fail|p1a: Spiritomb
|
|-heal|p2a: Crobat|206\/312|[from] item: Black Sludge
|turn|16
|
|switch|p2a: Chandelure|Chandelure, M|262\/262
|-damage|p2a: Chandelure|197\/262|[from] Stealth Rock
|cant|p1a: Spiritomb|slp
|move|p1a: Spiritomb|Sleep Talk|p1a: Spiritomb
|move|p1a: Spiritomb|Foul Play|p2a: Chandelure|[from]Sleep Talk
|-crit|p2a: Chandelure
|-supereffective|p2a: Chandelure
|-damage|p2a: Chandelure|0 fnt
|faint|p2a: Chandelure
|
|
|switch|p2a: Swampert|Swampert-Mega, F|404\/404
|-damage|p2a: Swampert|379\/404|[from] Stealth Rock
|turn|17
|
|switch|p1a: Aromatisse|Aromatisse, F|400\/400
|-damage|p1a: Aromatisse|350\/400|[from] Stealth Rock
|move|p2a: Swampert|Earthquake|p1a: Aromatisse
|-damage|p1a: Aromatisse|196\/400
|
|-heal|p1a: Aromatisse|221\/400|[from] item: Leftovers
|turn|18
|
|switch|p2a: Crobat|Crobat, F|206\/312
|-damage|p2a: Crobat|128\/312|[from] Stealth Rock
|move|p1a: Aromatisse|Wish|p1a: Aromatisse
|
|-heal|p2a: Crobat|147\/312|[from] item: Black Sludge
|-heal|p1a: Aromatisse|246\/400|[from] item: Leftovers
|turn|19
|
|move|p1a: Aromatisse|Protect|p1a: Aromatisse
|-singleturn|p1a: Aromatisse|Protect
|move|p2a: Crobat|Roost|p2a: Crobat
|-heal|p2a: Crobat|303\/312
|
|-heal|p1a: Aromatisse|400\/400|[from] move: Wish|[wisher] Aromatisse
|-heal|p2a: Crobat|312\/312|[from] item: Black Sludge
|turn|20
|
|switch|p1a: Blissey|Blissey, F|656\/656
|-damage|p1a: Blissey|574\/656|[from] Stealth Rock
|move|p2a: Crobat|Defog|p1a: Blissey
|-unboost|p1a: Blissey|evasion|1
|-sideend|p1: deluks917|Stealth Rock|[from] move: Defog|[of] p1a: Blissey
|-sideend|p2: NarcistNarcissus|Stealth Rock|[from] move: Defog|[of] p2a: Crobat
|
|-heal|p1a: Blissey|615\/656|[from] item: Leftovers
|turn|21
|
|move|p2a: Crobat|Brave Bird|p1a: Blissey
|-damage|p1a: Blissey|335\/656
|-damage|p2a: Crobat|220\/312|[from] recoil|[of] p1a: Blissey
|move|p1a: Blissey|Seismic Toss|p2a: Crobat
|-damage|p2a: Crobat|120\/312
|
|-heal|p2a: Crobat|139\/312|[from] item: Black Sludge
|-heal|p1a: Blissey|376\/656|[from] item: Leftovers
|turn|22
|
|move|p2a: Crobat|Brave Bird|p1a: Blissey
|-damage|p1a: Blissey|93\/656
|-damage|p2a: Crobat|46\/312|[from] recoil|[of] p1a: Blissey
|move|p1a: Blissey|Soft-Boiled|p1a: Blissey
|-heal|p1a: Blissey|421\/656
|
|-heal|p2a: Crobat|65\/312|[from] item: Black Sludge
|-heal|p1a: Blissey|462\/656|[from] item: Leftovers
|turn|23
|
|move|p2a: Crobat|Roost|p2a: Crobat
|-heal|p2a: Crobat|221\/312
|move|p1a: Blissey|Seismic Toss|p2a: Crobat
|-damage|p2a: Crobat|121\/312
|
|-heal|p2a: Crobat|140\/312|[from] item: Black Sludge
|-heal|p1a: Blissey|503\/656|[from] item: Leftovers
|turn|24
|
|move|p2a: Crobat|Roost|p2a: Crobat
|-heal|p2a: Crobat|296\/312
|move|p1a: Blissey|Seismic Toss|p2a: Crobat
|-damage|p2a: Crobat|196\/312
|
|-heal|p2a: Crobat|215\/312|[from] item: Black Sludge
|-heal|p1a: Blissey|544\/656|[from] item: Leftovers
|turn|25
|
|move|p2a: Crobat|Brave Bird|p1a: Blissey
|-damage|p1a: Blissey|225\/656
|-damage|p2a: Crobat|110\/312|[from] recoil|[of] p1a: Blissey
|move|p1a: Blissey|Seismic Toss|p2a: Crobat
|-damage|p2a: Crobat|10\/312
|
|-heal|p2a: Crobat|29\/312|[from] item: Black Sludge
|-heal|p1a: Blissey|266\/656|[from] item: Leftovers
|turn|26
|
|move|p2a: Crobat|Brave Bird|p1a: Blissey
|-damage|p1a: Blissey|0 fnt
|-damage|p2a: Crobat|0 fnt|[from] recoil|[of] p1a: Blissey
|faint|p1a: Blissey
|faint|p2a: Crobat
|
|
|switch|p1a: Gligar|Gligar, M|324\/324
|switch|p2a: Swampert|Swampert-Mega, F|379\/404
|turn|27
|
|switch|p1a: Aromatisse|Aromatisse, F|400\/400
|switch|p2a: Lucario|Lucario, F|282\/282
|-item|p2a: Lucario|Air Balloon
|
|turn|28
|
|move|p2a: Lucario|Swords Dance|p2a: Lucario
|-boost|p2a: Lucario|atk|2
|move|p1a: Aromatisse|Moonblast|p2a: Lucario
|-damage|p2a: Lucario|128\/282
|-enditem|p2a: Lucario|Air Balloon
|-unboost|p2a: Lucario|spa|1
|
|turn|29
|
|switch|p1a: Gligar|Gligar, M|324\/324
|move|p2a: Lucario|Bullet Punch|p1a: Gligar
|-damage|p1a: Gligar|261\/324
|
|turn|30
|
|switch|p2a: Swampert|Swampert-Mega, F|379\/404
|move|p1a: Gligar|Earthquake|p2a: Swampert
|-damage|p2a: Swampert|319\/404
|
|turn|31
|
|switch|p2a: Lucario|Lucario, F|128\/282
|move|p1a: Gligar|Toxic|p2a: Lucario
|-fail|p2a: Lucario
|
|turn|32
|-message|NarcistNarcissus forfeited.
|
|win|deluks917
|raw|Ladder updating...