|join|NarcistNarcissus
|join|Blue Toothbrush
|player|p1|NarcistNarcissus|34
|player|p2|Blue Toothbrush|76
|gametype|singles
|gen|6
|tier|UU
|rated
|rule|Sleep Clause Mod: Limit one foe put to sleep
|rule|Species Clause: Limit one of each PokÃ©mon
|rule|OHKO Clause: OHKO moves are banned
|rule|Moody Clause: Moody is banned
|rule|Evasion Moves Clause: Evasion moves are banned
|rule|Endless Battle Clause: Forcing endless battles is banned
|rule|HP Percentage Mod: HP is shown in percentages
|clearpoke
|poke|p1|Roserade, M
|poke|p1|Machamp, M
|poke|p1|Entei, shiny
|poke|p1|Tornadus, M
|poke|p1|Forretress, M, shiny
|poke|p1|Ampharos, F
|poke|p2|Florges, F
|poke|p2|Krookodile, M
|poke|p2|Blastoise, F
|poke|p2|Hydreigon, F
|poke|p2|Ampharos, M
|poke|p2|Nidoqueen, F
|rule|Swagger Clause: Swagger is banned
|rule|Baton Pass Clause: Limit one PokÃ©mon knowing Baton Pass
|teampreview
|
|start
|switch|p1a: Entei|Entei, shiny|372\/372
|switch|p2a: Krookodile|Krookodile, M|331\/331
|-ability|p2a: Krookodile|Intimidate|[of] p1a: Entei
|-unboost|p1a: Entei|atk|1
|-ability|p1a: Entei|Pressure
|turn|1
|
|switch|p1a: Forretress|Forretress, M, shiny|354\/354
|move|p2a: Krookodile|Knock Off|p1a: Forretress
|-damage|p1a: Forretress|210\/354
|-enditem|p1a: Forretress|Leftovers|[from] move: Knock Off|[of] p2a: Krookodile
|
|turn|2
|
|switch|p2a: Ampharos|Ampharos, M|373\/373
|move|p1a: Forretress|Stealth Rock|p2a: Ampharos
|-sidestart|p2: Blue Toothbrush|move: Stealth Rock
|
|turn|3
|
|switch|p1a: Roserade|Roserade, M|324\/324
|detailschange|p2a: Ampharos|Ampharos-Mega, M
|message|Ampharos has Mega Evolved into Mega Ampharos!
|-ability|p2a: Ampharos|Mold Breaker
|move|p2a: Ampharos|Thunderbolt|p1a: Roserade
|-resisted|p1a: Roserade
|-damage|p1a: Roserade|249\/324
|
|-heal|p1a: Roserade|269\/324|[from] item: Black Sludge
|turn|4
|
|move|p1a: Roserade|Sludge Bomb|p2a: Ampharos
|-damage|p2a: Ampharos|250\/373
|move|p2a: Ampharos|Dragon Pulse|p1a: Roserade
|-damage|p1a: Roserade|118\/324
|
|-heal|p1a: Roserade|138\/324|[from] item: Black Sludge
|turn|5
|
|move|p1a: Roserade|Sleep Powder|p2a: Ampharos
|-status|p2a: Ampharos|slp
|cant|p2a: Ampharos|slp
|
|-heal|p1a: Roserade|158\/324|[from] item: Black Sludge
|turn|6
|
|move|p1a: Roserade|Giga Drain|p2a: Ampharos
|-resisted|p2a: Ampharos
|-damage|p2a: Ampharos|200\/373 slp
|-heal|p1a: Roserade|183\/324|[from] drain|[of] p2a: Ampharos
|cant|p2a: Ampharos|slp
|
|-heal|p1a: Roserade|203\/324|[from] item: Black Sludge
|turn|7
|
|move|p1a: Roserade|Sludge Bomb|p2a: Ampharos
|-damage|p2a: Ampharos|73\/373 slp
|-curestatus|p2a: Ampharos|slp
|move|p2a: Ampharos|Volt Switch|p1a: Roserade
|-resisted|p1a: Roserade
|-damage|p1a: Roserade|144\/324
|
|switch|p2a: Hydreigon|Hydreigon, F|325\/325
|-damage|p2a: Hydreigon|285\/325|[from] Stealth Rock
|
|-heal|p1a: Roserade|164\/324|[from] item: Black Sludge
|turn|8
|
|move|p2a: Hydreigon|Draco Meteor|p1a: Roserade
|-damage|p1a: Roserade|4\/324
|-unboost|p2a: Hydreigon|spa|2
|move|p1a: Roserade|Sludge Bomb|p2a: Hydreigon
|-damage|p2a: Hydreigon|150\/325
|
|-heal|p1a: Roserade|24\/324|[from] item: Black Sludge
|turn|9
|
|move|p2a: Hydreigon|Draco Meteor|p1a: Roserade
|-damage|p1a: Roserade|0 fnt
|-unboost|p2a: Hydreigon|spa|2
|faint|p1a: Roserade
|
|
|switch|p1a: Ampharos|Ampharos, F|384\/384
|turn|10
|
|switch|p2a: Florges|Florges, F|359\/359
|-damage|p2a: Florges|315\/359|[from] Stealth Rock
|move|p1a: Ampharos|Dragon Pulse|p2a: Florges
|-immune|p2a: Florges|[msg]
|
|-heal|p2a: Florges|337\/359|[from] item: Leftovers
|turn|11
|
|switch|p1a: Entei|Entei, shiny|372\/372
|-ability|p1a: Entei|Pressure
|move|p2a: Florges|Moonblast|p1a: Entei
|-resisted|p1a: Entei
|-damage|p1a: Entei|299\/372
|
|-heal|p2a: Florges|359\/359|[from] item: Leftovers
|turn|12
|
|move|p2a: Florges|Protect|p2a: Florges
|-singleturn|p2a: Florges|Protect
|move|p1a: Entei|Sacred Fire|p2a: Florges
|-activate|p2a: Florges|Protect
|
|turn|13
|
|switch|p2a: Blastoise|Blastoise, F|361\/361
|-damage|p2a: Blastoise|316\/361|[from] Stealth Rock
|move|p1a: Entei|Sacred Fire|p2a: Blastoise
|-resisted|p2a: Blastoise
|-damage|p2a: Blastoise|216\/361
|
|-heal|p2a: Blastoise|238\/361|[from] item: Leftovers
|turn|14
|
|switch|p1a: Ampharos|Ampharos, F|384\/384
|move|p2a: Blastoise|Rapid Spin|p1a: Ampharos
|-damage|p1a: Ampharos|372\/384
|-sideend|p2: Blue Toothbrush|Stealth Rock|[from] move: Rapid Spin|[of] p2a: Blastoise
|
|-heal|p2a: Blastoise|260\/361|[from] item: Leftovers
|turn|15
|
|switch|p2a: Nidoqueen|Nidoqueen, F|333\/333
|switch|p1a: Tornadus|Tornadus, M|299\/299
|
|turn|16
|
|move|p1a: Tornadus|Knock Off|p2a: Nidoqueen
|-damage|p2a: Nidoqueen|216\/333
|-enditem|p2a: Nidoqueen|Life Orb|[from] move: Knock Off|[of] p1a: Tornadus
|move|p2a: Nidoqueen|Sludge Wave|p1a: Tornadus
|-damage|p1a: Tornadus|76\/299
|
|turn|17
|
|move|p1a: Tornadus|Acrobatics|p2a: Nidoqueen
|-damage|p2a: Nidoqueen|29\/333
|move|p2a: Nidoqueen|Stealth Rock|p1a: Tornadus
|-sidestart|p1: NarcistNarcissus|move: Stealth Rock
|
|turn|18
|
|move|p1a: Tornadus|Acrobatics|p2a: Nidoqueen
|-damage|p2a: Nidoqueen|0 fnt
|faint|p2a: Nidoqueen
|
|
|switch|p2a: Hydreigon|Hydreigon, F|150\/325
|turn|19
|
|move|p2a: Hydreigon|Dark Pulse|p1a: Tornadus
|-damage|p1a: Tornadus|0 fnt
|faint|p1a: Tornadus
|
|
|switch|p1a: Machamp|Machamp, M|384\/384
|-damage|p1a: Machamp|360\/384|[from] Stealth Rock
|turn|20
|
|switch|p2a: Florges|Florges, F|359\/359
|move|p1a: Machamp|Stone Edge|p2a: Florges
|-damage|p2a: Florges|216\/359
|
|-heal|p2a: Florges|238\/359|[from] item: Leftovers
|turn|21
|
|switch|p1a: Forretress|Forretress, M, shiny|210\/354
|-damage|p1a: Forretress|166\/354|[from] Stealth Rock
|move|p2a: Florges|Moonblast|p1a: Forretress
|-resisted|p1a: Forretress
|-damage|p1a: Forretress|78\/354
|-unboost|p1a: Forretress|spa|1
|
|-heal|p2a: Florges|260\/359|[from] item: Leftovers
|turn|22
|
|move|p2a: Florges|Moonblast|p1a: Forretress
|-resisted|p1a: Forretress
|-damage|p1a: Forretress|0 fnt
|faint|p1a: Forretress
|
|-heal|p2a: Florges|282\/359|[from] item: Leftovers
|
|switch|p1a: Entei|Entei, shiny|299\/372
|-damage|p1a: Entei|206\/372|[from] Stealth Rock
|-ability|p1a: Entei|Pressure
|turn|23
|
|move|p2a: Florges|Protect|p2a: Florges
|-singleturn|p2a: Florges|Protect
|move|p1a: Entei|Sacred Fire|p2a: Florges
|-activate|p2a: Florges|Protect
|
|-heal|p2a: Florges|304\/359|[from] item: Leftovers
|turn|24
|
|switch|p2a: Ampharos|Ampharos-Mega, M|73\/373
|-ability|p2a: Ampharos|Mold Breaker
|move|p1a: Entei|Sacred Fire|p2a: Ampharos
|-resisted|p2a: Ampharos
|-damage|p2a: Ampharos|0 fnt
|faint|p2a: Ampharos
|
|
|switch|p2a: Blastoise|Blastoise, F|260\/361
|turn|25
|
|switch|p1a: Ampharos|Ampharos, F|372\/384
|-damage|p1a: Ampharos|324\/384|[from] Stealth Rock
|move|p2a: Blastoise|Scald|p1a: Ampharos
|-damage|p1a: Ampharos|227\/384
|-status|p1a: Ampharos|brn
|
|-heal|p2a: Blastoise|282\/361|[from] item: Leftovers
|-damage|p1a: Ampharos|179\/384 brn|[from] brn
|turn|26
|
|switch|p2a: Florges|Florges, F|304\/359
|detailschange|p1a: Ampharos|Ampharos-Mega, F
|message|Ampharos has Mega Evolved into Mega Ampharos!
|-ability|p1a: Ampharos|Mold Breaker
|move|p1a: Ampharos|Thunderbolt|p2a: Florges
|-damage|p2a: Florges|178\/359
|
|-heal|p2a: Florges|200\/359|[from] item: Leftovers
|-damage|p1a: Ampharos|131\/384 brn|[from] brn
|turn|27
|
|move|p2a: Florges|Moonblast|p1a: Ampharos
|-crit|p1a: Ampharos
|-supereffective|p1a: Ampharos
|-damage|p1a: Ampharos|0 fnt
|faint|p1a: Ampharos
|
|-heal|p2a: Florges|222\/359|[from] item: Leftovers
|
|switch|p1a: Entei|Entei, shiny|206\/372
|-damage|p1a: Entei|113\/372|[from] Stealth Rock
|-ability|p1a: Entei|Pressure
|turn|28
|
|move|p2a: Florges|Protect|p2a: Florges
|-singleturn|p2a: Florges|Protect
|move|p1a: Entei|Sacred Fire|p2a: Florges
|-activate|p2a: Florges|Protect
|
|-heal|p2a: Florges|244\/359|[from] item: Leftovers
|turn|29
|
|switch|p2a: Blastoise|Blastoise, F|282\/361
|move|p1a: Entei|Sacred Fire|p2a: Blastoise
|-resisted|p2a: Blastoise
|-damage|p2a: Blastoise|183\/361
|-status|p2a: Blastoise|brn
|
|-heal|p2a: Blastoise|205\/361 brn|[from] item: Leftovers
|-damage|p2a: Blastoise|160\/361 brn|[from] brn
|turn|30
|
|switch|p1a: Machamp|Machamp, M|360\/384
|-damage|p1a: Machamp|336\/384|[from] Stealth Rock
|move|p2a: Blastoise|Scald|p1a: Machamp
|-damage|p1a: Machamp|234\/384
|-status|p1a: Machamp|brn
|
|-heal|p2a: Blastoise|182\/361 brn|[from] item: Leftovers
|-damage|p2a: Blastoise|137\/361 brn|[from] brn
|-damage|p1a: Machamp|186\/384 brn|[from] brn
|turn|31
|-message|NarcistNarcissus forfeited.
|
|win|Blue Toothbrush
|raw|Ladder updating...
|leave|NarcistNarcissus
|player|p1
|raw|NarcistNarcissus's rating: 1502 &rarr; <strong>1481<\/strong><br \/>(-21 for losing)
|raw|Blue Toothbrush's rating: 1474 &rarr; <strong>1496<\/strong><br \/>(+22 for winning)