|join|l5159753
|join|NarcistNarcissus
|player|p1|l5159753|162
|player|p2|NarcistNarcissus|34
|gametype|singles
|gen|6
|tier|UU
|rated
|rule|Sleep Clause Mod: Limit one foe put to sleep
|rule|Species Clause: Limit one of each PokÃ©mon
|rule|OHKO Clause: OHKO moves are banned
|rule|Moody Clause: Moody is banned
|rule|Evasion Moves Clause: Evasion moves are banned
|rule|Endless Battle Clause: Forcing endless battles is banned
|rule|HP Percentage Mod: HP is shown in percentages
|clearpoke
|poke|p1|Zygarde
|poke|p1|Darmanitan, F
|poke|p1|Tentacruel, F
|poke|p1|Celebi
|poke|p1|Snorlax, M
|poke|p1|Scrafty, M
|poke|p2|Lucario, M
|poke|p2|Rotom-Heat
|poke|p2|Swampert, F
|poke|p2|Crobat, M
|poke|p2|Chandelure, M
|poke|p2|Haxorus, M
|rule|Swagger Clause: Swagger is banned
|rule|Baton Pass Clause: Limit one PokÃ©mon knowing Baton Pass
|teampreview
|join|knjs
|
|start
|switch|p1a: Celebi|Celebi|396\/396
|switch|p2a: Haxorus|Haxorus, M|294\/294
|-ability|p2a: Haxorus|Mold Breaker
|turn|1
|leave|knjs
|
|move|p2a: Haxorus|Poison Jab|p1a: Celebi
|-supereffective|p1a: Celebi
|-damage|p1a: Celebi|24\/396
|move|p1a: Celebi|Psychic|p2a: Haxorus
|-damage|p2a: Haxorus|99\/294
|
|-heal|p1a: Celebi|48\/396|[from] item: Leftovers
|turn|2
|
|switch|p1a: Tentacruel|Tentacruel, F|364\/364
|move|p2a: Haxorus|Poison Jab|p1a: Tentacruel
|-resisted|p1a: Tentacruel
|-damage|p1a: Tentacruel|288\/364
|
|-heal|p1a: Tentacruel|310\/364|[from] item: Black Sludge
|turn|3
|
|switch|p2a: Swampert|Swampert, F|404\/404
|move|p1a: Tentacruel|Scald|p2a: Swampert
|-damage|p2a: Swampert|317\/404
|
|-heal|p1a: Tentacruel|332\/364|[from] item: Black Sludge
|turn|4
|
|detailschange|p2a: Swampert|Swampert-Mega, F
|message|Swampert has Mega Evolved into Mega Swampert!
|move|p1a: Tentacruel|Scald|p2a: Swampert
|-damage|p2a: Swampert|247\/404
|move|p2a: Swampert|Earthquake|p1a: Tentacruel
|-crit|p1a: Tentacruel
|-supereffective|p1a: Tentacruel
|-damage|p1a: Tentacruel|0 fnt
|faint|p1a: Tentacruel
|
|
|switch|p1a: Celebi|Celebi|48\/396
|turn|5
|
|switch|p2a: Chandelure|Chandelure, M|262\/262
|move|p1a: Celebi|Giga Drain|p2a: Chandelure
|-resisted|p2a: Chandelure
|-damage|p2a: Chandelure|198\/262
|-heal|p1a: Celebi|80\/396|[from] drain|[of] p2a: Chandelure
|
|-heal|p1a: Celebi|104\/396|[from] item: Leftovers
|turn|6
|
|move|p2a: Chandelure|Trick|p1a: Celebi
|-activate|p2a: Chandelure|move: Trick|[of] p1a: Celebi
|-item|p1a: Celebi|Choice Scarf|[from] move: Trick
|-item|p2a: Chandelure|Leftovers|[from] move: Trick
|move|p1a: Celebi|Earth Power|p2a: Chandelure
|-supereffective|p2a: Chandelure
|-damage|p2a: Chandelure|0 fnt
|faint|p2a: Chandelure
|
|
|switch|p2a: Crobat|Crobat, M|312\/312
|turn|7
|
|move|p2a: Crobat|U-turn|p1a: Celebi
|-supereffective|p1a: Celebi
|-damage|p1a: Celebi|0 fnt
|faint|p1a: Celebi
|
|switch|p2a: Rotom-Heat|Rotom-Heat|304\/304
|
|
|switch|p1a: Zygarde|Zygarde|404\/404
|-ability|p1a: Zygarde|Aura Break
|turn|8
|
|switch|p2a: Swampert|Swampert-Mega, F|247\/404
|move|p1a: Zygarde|Substitute|p1a: Zygarde
|-start|p1a: Zygarde|Substitute
|-damage|p1a: Zygarde|303\/404
|
|-heal|p1a: Zygarde|328\/404|[from] item: Leftovers
|turn|9
|
|move|p2a: Swampert|Waterfall|p1a: Zygarde
|-end|p1a: Zygarde|Substitute
|move|p1a: Zygarde|Dragon Tail|p2a: Swampert
|-damage|p2a: Swampert|201\/404
|drag|p2a: Haxorus|Haxorus, M|99\/294
|-ability|p2a: Haxorus|Mold Breaker
|
|-heal|p1a: Zygarde|353\/404|[from] item: Leftovers
|turn|10
|
|move|p1a: Zygarde|Earthquake|p2a: Haxorus
|-damage|p2a: Haxorus|0 fnt
|faint|p2a: Haxorus
|
|-heal|p1a: Zygarde|378\/404|[from] item: Leftovers
|
|switch|p2a: Swampert|Swampert-Mega, F|201\/404
|turn|11
|
|switch|p1a: Snorlax|Snorlax, M|497\/497
|move|p2a: Swampert|Waterfall|p1a: Snorlax
|-damage|p1a: Snorlax|343\/497
|
|-heal|p1a: Snorlax|374\/497|[from] item: Leftovers
|turn|12
|
|switch|p2a: Rotom-Heat|Rotom-Heat|304\/304
|move|p1a: Snorlax|Curse|p1a: Snorlax
|-boost|p1a: Snorlax|atk|1
|-boost|p1a: Snorlax|def|1
|-unboost|p1a: Snorlax|spe|1
|
|-heal|p1a: Snorlax|405\/497|[from] item: Leftovers
|turn|13
|
|move|p2a: Rotom-Heat|Trick|p1a: Snorlax
|-activate|p2a: Rotom-Heat|move: Trick|[of] p1a: Snorlax
|-item|p1a: Snorlax|Choice Specs|[from] move: Trick
|-item|p2a: Rotom-Heat|Leftovers|[from] move: Trick
|move|p1a: Snorlax|Body Slam|p2a: Rotom-Heat
|-damage|p2a: Rotom-Heat|162\/304
|
|-heal|p2a: Rotom-Heat|181\/304|[from] item: Leftovers
|turn|14
|
|move|p2a: Rotom-Heat|Thunderbolt|p1a: Snorlax
|-damage|p1a: Snorlax|302\/497
|move|p1a: Snorlax|Body Slam|p2a: Rotom-Heat
|-crit|p2a: Rotom-Heat
|-damage|p2a: Rotom-Heat|0 fnt
|faint|p2a: Rotom-Heat
|
|
|switch|p2a: Lucario|Lucario, M|282\/282
|-item|p2a: Lucario|Air Balloon
|turn|15
|
|move|p2a: Lucario|Swords Dance|p2a: Lucario
|-boost|p2a: Lucario|atk|2
|move|p1a: Snorlax|Body Slam|p2a: Lucario
|-resisted|p2a: Lucario
|-damage|p2a: Lucario|180\/282
|-enditem|p2a: Lucario|Air Balloon
|
|turn|16
|
|move|p2a: Lucario|Swords Dance|p2a: Lucario
|-boost|p2a: Lucario|atk|2
|move|p1a: Snorlax|Body Slam|p2a: Lucario
|-resisted|p2a: Lucario
|-damage|p2a: Lucario|77\/282
|
|turn|17
|
|move|p2a: Lucario|Close Combat|p1a: Snorlax
|-supereffective|p1a: Snorlax
|-damage|p1a: Snorlax|0 fnt
|-unboost|p2a: Lucario|def|1
|-unboost|p2a: Lucario|spd|1
|faint|p1a: Snorlax
|
|
|switch|p1a: Zygarde|Zygarde|378\/404
|-ability|p1a: Zygarde|Aura Break
|turn|18
|
|move|p2a: Lucario|Extreme Speed|p1a: Zygarde
|-damage|p1a: Zygarde|134\/404
|move|p1a: Zygarde|Earthquake|p2a: Lucario
|-supereffective|p2a: Lucario
|-damage|p2a: Lucario|0 fnt
|faint|p2a: Lucario
|
|-heal|p1a: Zygarde|159\/404|[from] item: Leftovers
|
|switch|p2a: Crobat|Crobat, M|312\/312
|turn|19
|
|move|p2a: Crobat|Brave Bird|p1a: Zygarde
|-damage|p1a: Zygarde|23\/404
|-damage|p2a: Crobat|267\/312|[from] recoil|[of] p1a: Zygarde
|move|p1a: Zygarde|Dragon Tail|p2a: Crobat
|-damage|p2a: Crobat|179\/312
|drag|p2a: Swampert|Swampert-Mega, F|201\/404
|
|-heal|p1a: Zygarde|48\/404|[from] item: Leftovers
|turn|20
|
|move|p1a: Zygarde|Earthquake|p2a: Swampert
|-damage|p2a: Swampert|120\/404
|move|p2a: Swampert|Waterfall|p1a: Zygarde
|-damage|p1a: Zygarde|0 fnt
|faint|p1a: Zygarde
|
|
|switch|p1a: Scrafty|Scrafty, M|334\/334
|turn|21
|
|switch|p2a: Crobat|Crobat, M|179\/312
|move|p1a: Scrafty|Bulk Up|p1a: Scrafty
|-boost|p1a: Scrafty|atk|1
|-boost|p1a: Scrafty|def|1
|
|-heal|p2a: Crobat|198\/312|[from] item: Black Sludge
|turn|22
|
|move|p2a: Crobat|Brave Bird|p1a: Scrafty
|-supereffective|p1a: Scrafty
|-damage|p1a: Scrafty|146\/334
|-damage|p2a: Crobat|136\/312|[from] recoil|[of] p1a: Scrafty
|move|p1a: Scrafty|Knock Off|p2a: Crobat
|-crit|p2a: Crobat
|-damage|p2a: Crobat|0 fnt
|-enditem|p2a: Crobat|Black Sludge|[from] move: Knock Off|[of] p1a: Scrafty
|faint|p2a: Crobat
|
|-heal|p1a: Scrafty|166\/334|[from] item: Leftovers
|
|switch|p2a: Swampert|Swampert-Mega, F|120\/404
|turn|23
|
|move|p2a: Swampert|Waterfall|p1a: Scrafty
|-damage|p1a: Scrafty|87\/334
|move|p1a: Scrafty|Drain Punch|p2a: Swampert
|-damage|p2a: Swampert|29\/404
|-heal|p1a: Scrafty|133\/334|[from] drain|[of] p2a: Swampert
|
|-heal|p1a: Scrafty|153\/334|[from] item: Leftovers
|turn|24
|
|move|p2a: Swampert|Waterfall|p1a: Scrafty
|-damage|p1a: Scrafty|78\/334
|move|p1a: Scrafty|Drain Punch|p2a: Swampert
|-damage|p2a: Swampert|0 fnt
|-heal|p1a: Scrafty|93\/334|[from] drain|[of] p2a: Swampert
|faint|p2a: Swampert
|
|win|l5159753
|raw|Ladder updating...
|raw|l5159753's rating: 1351 &rarr; <strong>1373<\/strong><br \/>(+22 for winning)
|raw|NarcistNarcissus's rating: 1389 &rarr; <strong>1367<\/strong><br \/>(-22 for losing)