|join|SocratesMLG
|join|NarcistNarcissus
|player|p1|SocratesMLG|291
|player|p2|NarcistNarcissus|34
|gametype|singles
|gen|6
|tier|UU
|rated
|rule|Sleep Clause Mod: Limit one foe put to sleep
|rule|Species Clause: Limit one of each PokÃ©mon
|rule|OHKO Clause: OHKO moves are banned
|rule|Moody Clause: Moody is banned
|rule|Evasion Moves Clause: Evasion moves are banned
|rule|Endless Battle Clause: Forcing endless battles is banned
|rule|HP Percentage Mod: HP is shown in percentages
|clearpoke
|poke|p1|Darmanitan, F
|poke|p1|Mienshao, F
|poke|p1|Nidoqueen, F
|poke|p1|Ampharos, M
|poke|p1|Starmie
|poke|p1|Honchkrow, F
|poke|p2|Lucario, M
|poke|p2|Rotom-Heat
|poke|p2|Swampert, M
|poke|p2|Crobat, M
|poke|p2|Haxorus, F
|poke|p2|Reuniclus, M
|rule|Swagger Clause: Swagger is banned
|rule|Baton Pass Clause: Limit one PokÃ©mon knowing Baton Pass
|teampreview
|c|âSocratesMLG|gl hf
|c|âNarcistNarcissus|you 2
|
|start
|switch|p1a: Nidoqueen|Nidoqueen, F|345\/345
|switch|p2a: Crobat|Crobat, M|312\/312
|turn|1
|
|move|p2a: Crobat|U-turn|p1a: Nidoqueen
|-resisted|p1a: Nidoqueen
|-damage|p1a: Nidoqueen|307\/345
|
|switch|p2a: Reuniclus|Reuniclus, M|424\/424
|move|p1a: Nidoqueen|Ice Beam|p2a: Reuniclus
|-damage|p2a: Reuniclus|319\/424
|
|-heal|p2a: Reuniclus|345\/424|[from] item: Leftovers
|turn|2
|
|move|p1a: Nidoqueen|Sludge Wave|p2a: Reuniclus
|-damage|p2a: Reuniclus|176\/424
|move|p2a: Reuniclus|Thunder Wave|p1a: Nidoqueen
|-immune|p1a: Nidoqueen|[msg]
|
|-heal|p2a: Reuniclus|202\/424|[from] item: Leftovers
|turn|3
|
|move|p1a: Nidoqueen|Sludge Wave|p2a: Reuniclus
|-damage|p2a: Reuniclus|33\/424
|move|p2a: Reuniclus|Thunder Wave|p1a: Nidoqueen
|-immune|p1a: Nidoqueen|[msg]
|
|-heal|p2a: Reuniclus|59\/424|[from] item: Leftovers
|turn|4
|c|âSocratesMLG|That moment where you really should stop overpredicting
|c|âNarcistNarcissus|xD can't help it
|
|switch|p2a: Lucario|Lucario, M|282\/282
|-item|p2a: Lucario|Air Balloon
|move|p1a: Nidoqueen|Ice Beam|p2a: Lucario
|-resisted|p2a: Lucario
|-damage|p2a: Lucario|191\/282
|-enditem|p2a: Lucario|Air Balloon
|
|turn|5
|
|move|p2a: Lucario|Extreme Speed|p1a: Nidoqueen
|-damage|p1a: Nidoqueen|205\/345
|move|p1a: Nidoqueen|Earth Power|p2a: Lucario
|-supereffective|p2a: Lucario
|-damage|p2a: Lucario|0 fnt
|faint|p2a: Lucario
|
|c|âSocratesMLG|That was probably worth it ;)
|
|switch|p2a: Haxorus|Haxorus, F|294\/294
|-ability|p2a: Haxorus|Mold Breaker
|turn|6
|
|move|p2a: Haxorus|Earthquake|p1a: Nidoqueen
|-supereffective|p1a: Nidoqueen
|-damage|p1a: Nidoqueen|0 fnt
|faint|p1a: Nidoqueen
|
|
|switch|p1a: Mienshao|Mienshao, F|271\/271
|turn|7
|
|switch|p2a: Swampert|Swampert, M|404\/404
|move|p1a: Mienshao|High Jump Kick|p2a: Swampert
|-damage|p2a: Swampert|197\/404
|
|turn|8
|
|switch|p1a: Starmie|Starmie|261\/261
|detailschange|p2a: Swampert|Swampert-Mega, M
|-mega|p2a: Swampert|Swampert|Swampertite
|move|p2a: Swampert|Earthquake|p1a: Starmie
|-damage|p1a: Starmie|78\/261
|
|turn|9
|
|switch|p2a: Reuniclus|Reuniclus, M|200\/424
|move|p1a: Starmie|Hydro Pump|p2a: Reuniclus
|-damage|p2a: Reuniclus|0 fnt
|-damage|p1a: Starmie|52\/261|[from] item: Life Orb
|faint|p2a: Reuniclus
|
|
|switch|p2a: Crobat|Crobat, M|312\/312
|turn|10
|
|switch|p1a: Darmanitan|Darmanitan, F|351\/351
|move|p2a: Crobat|U-turn|p1a: Darmanitan
|-resisted|p1a: Darmanitan
|-damage|p1a: Darmanitan|300\/351
|c|âNarcistNarcissus|man lucario would be sweet now
|
|switch|p2a: Swampert|Swampert-Mega, M|197\/404
|
|turn|11
|c|âSocratesMLG|You did sack it for no reason at all
|c|âNarcistNarcissus|true
|
|move|p1a: Darmanitan|Flare Blitz|p2a: Swampert
|-resisted|p2a: Swampert
|-damage|p2a: Swampert|72\/404
|-damage|p1a: Darmanitan|259\/351|[from] recoil|[of] p2a: Swampert
|move|p2a: Swampert|Stealth Rock|p1a: Darmanitan
|-sidestart|p1: SocratesMLG|move: Stealth Rock
|
|turn|12
|c|âNarcistNarcissus|I was having so called black moment
|c|âSocratesMLG|So am I right now -_-
|
|move|p1a: Darmanitan|Flare Blitz|p2a: Swampert
|-resisted|p2a: Swampert
|-damage|p2a: Swampert|0 fnt
|-damage|p1a: Darmanitan|235\/351|[from] recoil|[of] p2a: Swampert
|faint|p2a: Swampert
|
|c|âSocratesMLG|flare blitzing a Swampert
|
|switch|p2a: Crobat|Crobat, M|312\/312
|turn|13
|c|âSocratesMLG|If I win this I get into the top 10
|c|âSocratesMLG|I dont like starting the timer
|c|âSocratesMLG|but ur forcing me to use it -_-
|c|âNarcistNarcissus|srry about that
|c|âNarcistNarcissus|router issues
|
|move|p2a: Crobat|Brave Bird|p1a: Darmanitan
|-damage|p1a: Darmanitan|0 fnt
|-damage|p2a: Crobat|234\/312|[from] recoil|[of] p1a: Darmanitan
|faint|p1a: Darmanitan
|
|-heal|p2a: Crobat|253\/312|[from] item: Black Sludge
|
|switch|p1a: Ampharos|Ampharos, M|373\/373
|-damage|p1a: Ampharos|327\/373|[from] Stealth Rock
|turn|14
|c|âNarcistNarcissus|my router literally has it own mind
|
|detailschange|p1a: Ampharos|Ampharos-Mega, M
|-mega|p1a: Ampharos|Ampharos|Ampharosite
|-ability|p1a: Ampharos|Mold Breaker
|move|p2a: Crobat|Brave Bird|p1a: Ampharos
|-resisted|p1a: Ampharos
|-damage|p1a: Ampharos|251\/373
|-damage|p2a: Crobat|228\/312|[from] recoil|[of] p1a: Ampharos
|move|p1a: Ampharos|Dragon Pulse|p2a: Crobat
|-damage|p2a: Crobat|0 fnt
|faint|p2a: Crobat
|
|
|switch|p2a: Haxorus|Haxorus, F|294\/294
|-ability|p2a: Haxorus|Mold Breaker
|turn|15
|
|move|p2a: Haxorus|Outrage|p1a: Ampharos
|-supereffective|p1a: Ampharos
|-damage|p1a: Ampharos|0 fnt
|faint|p1a: Ampharos
|
|
|switch|p1a: Honchkrow|Honchkrow, F|342\/342
|-damage|p1a: Honchkrow|257\/342|[from] Stealth Rock
|turn|16
|
|move|p1a: Honchkrow|Sucker Punch|p2a: Haxorus
|-damage|p2a: Haxorus|64\/294
|-damage|p1a: Honchkrow|223\/342|[from] item: Life Orb
|move|p2a: Haxorus|Outrage|p1a: Honchkrow
|-damage|p1a: Honchkrow|0 fnt
|faint|p1a: Honchkrow
|
|-end|p2a: Haxorus|rampage
|-start|p2a: Haxorus|confusion
|c|âSocratesMLG|the power :O
|
|switch|p1a: Mienshao|Mienshao, F|271\/271
|-damage|p1a: Mienshao|255\/271|[from] Stealth Rock
|turn|17
|c|âSocratesMLG|Okay Mienshao
|c|âSocratesMLG|dont miss
|c|âSocratesMLG|anything
|
|move|p1a: Mienshao|High Jump Kick|p2a: Haxorus
|-damage|p2a: Haxorus|0 fnt
|faint|p2a: Haxorus
|
|c|âSocratesMLG|Was that scarfed?
|c|âNarcistNarcissus|banded
|
|switch|p2a: Rotom-Heat|Rotom-Heat|304\/304
|turn|18
|c|âSocratesMLG|So this is scarfed?
|c|âNarcistNarcissus|specs
|
|move|p1a: Mienshao|High Jump Kick|p2a: Rotom-Heat
|-damage|p2a: Rotom-Heat|31\/304
|move|p2a: Rotom-Heat|Thunderbolt|p1a: Mienshao
|-damage|p1a: Mienshao|0 fnt
|faint|p1a: Mienshao
|
|c|âNarcistNarcissus|I like going full power
|c|âSocratesMLG|hmm
|
|switch|p1a: Starmie|Starmie|52\/261
|-damage|p1a: Starmie|20\/261|[from] Stealth Rock
|turn|19
|c|âNarcistNarcissus|ice beam should do the trick
|c|âNarcistNarcissus|gg
|c|âSocratesMLG|t-bolt would work fine
|c|âSocratesMLG|or Psyshock
|c|âSocratesMLG|depends on a lie or not
|
|move|p1a: Starmie|Psyshock|p2a: Rotom-Heat
|-damage|p2a: Rotom-Heat|0 fnt
|-damage|p1a: Starmie|0 fnt|[from] item: Life Orb
|faint|p2a: Rotom-Heat
|faint|p1a: Starmie
|
|win|SocratesMLG
|raw|Ladder updating...
|raw|SocratesMLG's rating: 1627 &rarr; <strong>1644<\/strong><br \/>(+17 for winning)
|raw|NarcistNarcissus's rating: 1578 &rarr; <strong>1561<\/strong><br \/>(-17 for losing)
|c|âSocratesMLG|nice and gg