|join|NarcistNarcissus
|join|BashinTosh
|player|p1|NarcistNarcissus|34
|player|p2|BashinTosh|266
|gametype|singles
|gen|6
|tier|UU
|rated
|rule|Sleep Clause Mod: Limit one foe put to sleep
|rule|Species Clause: Limit one of each PokÃ©mon
|rule|OHKO Clause: OHKO moves are banned
|rule|Moody Clause: Moody is banned
|rule|Evasion Moves Clause: Evasion moves are banned
|rule|Endless Battle Clause: Forcing endless battles is banned
|rule|HP Percentage Mod: HP is shown in percentages
|clearpoke
|poke|p1|Lucario, F
|poke|p1|Rotom-Heat
|poke|p1|Swampert, M
|poke|p1|Crobat, F
|poke|p1|Haxorus, F
|poke|p1|Reuniclus, M
|poke|p2|Mienshao, M
|poke|p2|Honchkrow, M
|poke|p2|Darmanitan, M
|poke|p2|Nidoking, M
|poke|p2|Suicune
|poke|p2|Froslass, F
|rule|Swagger Clause: Swagger is banned
|rule|Baton Pass Clause: Limit one PokÃ©mon knowing Baton Pass
|teampreview
|
|start
|switch|p1a: Rotom-Heat|Rotom-Heat|304\/304
|switch|p2a: Froslass|Froslass, F|343\/343
|turn|1
|
|move|p2a: Froslass|Spikes|p1a: Rotom-Heat
|-sidestart|p1: NarcistNarcissus|Spikes
|move|p1a: Rotom-Heat|Volt Switch|p2a: Froslass
|-damage|p2a: Froslass|93\/343
|-start|p1a: Rotom-Heat|Disable|Volt Switch
|
|switch|p1a: Crobat|Crobat, F|312\/312
|
|turn|2
|
|move|p1a: Crobat|Brave Bird|p2a: Froslass
|-damage|p2a: Froslass|0 fnt
|-damage|p1a: Crobat|281\/312|[from] recoil|[of] p2a: Froslass
|faint|p2a: Froslass
|
|-heal|p1a: Crobat|300\/312|[from] item: Black Sludge
|
|switch|p2a: Darmanitan|Darmanitan, M|351\/351
|turn|3
|
|switch|p1a: Swampert|Swampert, M|404\/404
|-damage|p1a: Swampert|354\/404|[from] Spikes
|move|p2a: Darmanitan|Rock Slide|p1a: Swampert
|-crit|p1a: Swampert
|-resisted|p1a: Swampert
|-damage|p1a: Swampert|259\/404
|
|turn|4
|
|detailschange|p1a: Swampert|Swampert-Mega, M
|-mega|p1a: Swampert|Swampert|Swampertite
|move|p2a: Darmanitan|U-turn|p1a: Swampert
|-damage|p1a: Swampert|180\/404
|-damage|p2a: Darmanitan|316\/351|[from] item: Life Orb
|
|switch|p2a: Suicune|Suicune|404\/404
|-ability|p2a: Suicune|Pressure
|move|p1a: Swampert|Stealth Rock|p2a: Suicune
|-sidestart|p2: BashinTosh|move: Stealth Rock
|
|turn|5
|
|switch|p1a: Reuniclus|Reuniclus, M|424\/424
|-damage|p1a: Reuniclus|371\/424|[from] Spikes
|move|p2a: Suicune|Calm Mind|p2a: Suicune
|-boost|p2a: Suicune|spa|1
|-boost|p2a: Suicune|spd|1
|
|-heal|p1a: Reuniclus|397\/424|[from] item: Leftovers
|turn|6
|
|move|p2a: Suicune|Calm Mind|p2a: Suicune
|-boost|p2a: Suicune|spa|1
|-boost|p2a: Suicune|spd|1
|move|p1a: Reuniclus|Thunder Wave|p2a: Suicune
|-status|p2a: Suicune|par
|
|-heal|p1a: Reuniclus|423\/424|[from] item: Leftovers
|turn|7
|
|switch|p1a: Rotom-Heat|Rotom-Heat|304\/304
|move|p2a: Suicune|Calm Mind|p2a: Suicune
|-boost|p2a: Suicune|spa|1
|-boost|p2a: Suicune|spd|1
|
|turn|8
|
|move|p1a: Rotom-Heat|Trick|p2a: Suicune
|-activate|p1a: Rotom-Heat|move: Trick|[of] p2a: Suicune
|-item|p2a: Suicune|Choice Specs|[from] move: Trick
|-item|p1a: Rotom-Heat|Leftovers|[from] move: Trick
|move|p2a: Suicune|Scald|p1a: Rotom-Heat
|-supereffective|p1a: Rotom-Heat
|-damage|p1a: Rotom-Heat|0 fnt
|faint|p1a: Rotom-Heat
|
|
|switch|p1a: Haxorus|Haxorus, F|294\/294
|-damage|p1a: Haxorus|258\/294|[from] Spikes
|-ability|p1a: Haxorus|Mold Breaker
|turn|9
|
|move|p1a: Haxorus|Outrage|p2a: Suicune
|-damage|p2a: Suicune|148\/404 par
|cant|p2a: Suicune|par
|
|turn|10
|
|move|p1a: Haxorus|Outrage|p2a: Suicune
|-damage|p2a: Suicune|0 fnt
|faint|p2a: Suicune
|
|-end|p1a: Haxorus|rampage
|-start|p1a: Haxorus|confusion
|
|switch|p2a: Nidoking|Nidoking, M|303\/303
|-damage|p2a: Nidoking|285\/303|[from] Stealth Rock
|turn|11
|
|switch|p1a: Swampert|Swampert-Mega, M|180\/404
|-damage|p1a: Swampert|130\/404|[from] Spikes
|move|p2a: Nidoking|Stealth Rock|p1a: Swampert
|-sidestart|p1: NarcistNarcissus|move: Stealth Rock
|
|turn|12
|
|move|p2a: Nidoking|Earth Power|p1a: Swampert
|-damage|p1a: Swampert|0 fnt
|faint|p1a: Swampert
|
|
|switch|p1a: Reuniclus|Reuniclus, M|424\/424
|-damage|p1a: Reuniclus|371\/424|[from] Spikes
|-damage|p1a: Reuniclus|318\/424|[from] Stealth Rock
|turn|13
|
|switch|p2a: Honchkrow|Honchkrow, M|341\/341
|-damage|p2a: Honchkrow|256\/341|[from] Stealth Rock
|move|p1a: Reuniclus|Psychic|p2a: Honchkrow
|-immune|p2a: Honchkrow|[msg]
|
|-heal|p1a: Reuniclus|344\/424|[from] item: Leftovers
|turn|14
|
|move|p2a: Honchkrow|Brave Bird|p1a: Reuniclus
|-damage|p1a: Reuniclus|0 fnt
|-damage|p2a: Honchkrow|142\/341|[from] recoil|[of] p1a: Reuniclus
|-damage|p2a: Honchkrow|108\/341|[from] item: Life Orb
|faint|p1a: Reuniclus
|-boost|p2a: Honchkrow|atk|1|[from] ability: Moxie
|
|
|switch|p1a: Lucario|Lucario, F|282\/282
|-damage|p1a: Lucario|274\/282|[from] Stealth Rock
|-item|p1a: Lucario|Air Balloon
|turn|15
|
|move|p1a: Lucario|Extreme Speed|p2a: Honchkrow
|-damage|p2a: Honchkrow|0 fnt
|faint|p2a: Honchkrow
|
|
|switch|p2a: Nidoking|Nidoking, M|285\/303
|-damage|p2a: Nidoking|267\/303|[from] Stealth Rock
|turn|16
|
|switch|p1a: Haxorus|Haxorus, F|258\/294
|-damage|p1a: Haxorus|222\/294|[from] Spikes
|-damage|p1a: Haxorus|186\/294|[from] Stealth Rock
|-ability|p1a: Haxorus|Mold Breaker
|move|p2a: Nidoking|Ice Beam|p1a: Haxorus
|-supereffective|p1a: Haxorus
|-damage|p1a: Haxorus|0 fnt
|faint|p1a: Haxorus
|
|
|switch|p1a: Crobat|Crobat, F|300\/312
|-damage|p1a: Crobat|222\/312|[from] Stealth Rock
|turn|17
|
|move|p1a: Crobat|Brave Bird|p2a: Nidoking
|-crit|p2a: Nidoking
|-damage|p2a: Nidoking|0 fnt
|-damage|p1a: Crobat|134\/312|[from] recoil|[of] p2a: Nidoking
|faint|p2a: Nidoking
|
|-heal|p1a: Crobat|153\/312|[from] item: Black Sludge
|
|switch|p2a: Mienshao|Mienshao, M|271\/271
|-damage|p2a: Mienshao|255\/271|[from] Stealth Rock
|turn|18
|
|move|p2a: Mienshao|Stone Edge|p1a: Crobat
|-supereffective|p1a: Crobat
|-damage|p1a: Crobat|0 fnt
|faint|p1a: Crobat
|
|
|switch|p1a: Lucario|Lucario, F|274\/282
|-damage|p1a: Lucario|266\/282|[from] Stealth Rock
|-item|p1a: Lucario|Air Balloon
|turn|19
|
|switch|p2a: Darmanitan|Darmanitan, M|316\/351
|-damage|p2a: Darmanitan|229\/351|[from] Stealth Rock
|move|p1a: Lucario|Swords Dance|p1a: Lucario
|-boost|p1a: Lucario|atk|2
|
|turn|20
|
|move|p1a: Lucario|Extreme Speed|p2a: Darmanitan
|-damage|p2a: Darmanitan|0 fnt
|faint|p2a: Darmanitan
|
|c|âBashinTosh|gg
|
|switch|p2a: Mienshao|Mienshao, M|255\/271
|-damage|p2a: Mienshao|239\/271|[from] Stealth Rock
|turn|21
|c|âNarcistNarcissus|gg
|
|move|p1a: Lucario|Extreme Speed|p2a: Mienshao
|-damage|p2a: Mienshao|0 fnt
|faint|p2a: Mienshao
|
|win|NarcistNarcissus
|raw|Ladder updating...
|raw|NarcistNarcissus's rating: 1561 &rarr; <strong>1568<\/strong><br \/>(+7 for winning)
|raw|BashinTosh's rating: 1277 &rarr; <strong>1268<\/strong><br \/>(-9 for losing)
|leave|NarcistNarcissus
|player|p1