|join|NarcistNarcissus
|join|makalalaka
|player|p1|NarcistNarcissus|34
|player|p2|makalalaka|25
|gametype|singles
|gen|6
|tier|UU
|rated
|rule|Sleep Clause Mod: Limit one foe put to sleep
|rule|Species Clause: Limit one of each PokÃ©mon
|rule|OHKO Clause: OHKO moves are banned
|rule|Moody Clause: Moody is banned
|rule|Evasion Moves Clause: Evasion moves are banned
|rule|Endless Battle Clause: Forcing endless battles is banned
|rule|HP Percentage Mod: HP is shown in percentages
|clearpoke
|poke|p1|Lucario, F
|poke|p1|Rotom-Heat
|poke|p1|Swampert, M
|poke|p1|Crobat, M
|poke|p1|Haxorus, F
|poke|p1|Reuniclus, M
|poke|p2|Mienshao, M
|poke|p2|Alakazam, M
|poke|p2|Haxorus, M
|poke|p2|Jirachi
|poke|p2|Suicune
|poke|p2|Shaymin
|rule|Swagger Clause: Swagger is banned
|rule|Baton Pass Clause: Limit one PokÃ©mon knowing Baton Pass
|teampreview
|
|start
|switch|p1a: Swampert|Swampert, M|404\/404
|switch|p2a: Mienshao|Mienshao, M|271\/271
|turn|1
|
|detailschange|p1a: Swampert|Swampert-Mega, M
|-mega|p1a: Swampert|Swampert|Swampertite
|move|p2a: Mienshao|Knock Off|p1a: Swampert
|-damage|p1a: Swampert|340\/404
|-damage|p2a: Mienshao|244\/271|[from] item: Life Orb
|move|p1a: Swampert|Stealth Rock|p2a: Mienshao
|-sidestart|p2: makalalaka|move: Stealth Rock
|
|turn|2
|
|move|p2a: Mienshao|U-turn|p1a: Swampert
|-damage|p1a: Swampert|274\/404
|-damage|p2a: Mienshao|217\/271|[from] item: Life Orb
|
|switch|p2a: Shaymin|Shaymin|341\/341
|-damage|p2a: Shaymin|299\/341|[from] Stealth Rock
|move|p1a: Swampert|Ice Beam|p2a: Shaymin
|-supereffective|p2a: Shaymin
|-damage|p2a: Shaymin|169\/341
|
|turn|3
|
|switch|p1a: Reuniclus|Reuniclus, M|424\/424
|move|p2a: Shaymin|Synthesis|p2a: Shaymin
|-heal|p2a: Shaymin|339\/341
|
|turn|4
|
|switch|p2a: Jirachi|Jirachi|404\/404
|-damage|p2a: Jirachi|379\/404|[from] Stealth Rock
|move|p1a: Reuniclus|Thunder Wave|p2a: Jirachi
|-status|p2a: Jirachi|par
|
|-heal|p2a: Jirachi|404\/404 par|[from] item: Leftovers
|turn|5
|
|switch|p1a: Rotom-Heat|Rotom-Heat|304\/304
|cant|p2a: Jirachi|par
|
|turn|6
|
|switch|p2a: Suicune|Suicune|404\/404
|-damage|p2a: Suicune|354\/404|[from] Stealth Rock
|-ability|p2a: Suicune|Pressure
|move|p1a: Rotom-Heat|Overheat|p2a: Suicune
|-resisted|p2a: Suicune
|-damage|p2a: Suicune|215\/404
|-unboost|p1a: Rotom-Heat|spa|2
|
|-heal|p2a: Suicune|240\/404|[from] item: Leftovers
|turn|7
|
|switch|p1a: Haxorus|Haxorus, F|294\/294
|-ability|p1a: Haxorus|Mold Breaker
|move|p2a: Suicune|Scald|p1a: Haxorus
|-resisted|p1a: Haxorus
|-damage|p1a: Haxorus|240\/294
|
|-heal|p2a: Suicune|265\/404|[from] item: Leftovers
|turn|8
|
|switch|p2a: Alakazam|Alakazam, M|251\/251
|move|p1a: Haxorus|Outrage|p2a: Alakazam
|-enditem|p2a: Alakazam|Focus Sash
|-damage|p2a: Alakazam|1\/251
|
|turn|9
|
|move|p2a: Alakazam|Psyshock|p1a: Haxorus
|-damage|p1a: Haxorus|69\/294
|move|p1a: Haxorus|Outrage|p2a: Alakazam
|-damage|p2a: Alakazam|0 fnt
|faint|p2a: Alakazam
|
|
|switch|p2a: Jirachi|Jirachi|404\/404 par
|-damage|p2a: Jirachi|379\/404 par|[from] Stealth Rock
|turn|10
|
|move|p1a: Haxorus|Outrage|p2a: Jirachi
|-resisted|p2a: Jirachi
|-damage|p2a: Jirachi|184\/404 par
|move|p2a: Jirachi|Stealth Rock|p1a: Haxorus
|-sidestart|p1: NarcistNarcissus|move: Stealth Rock
|
|-end|p1a: Haxorus|rampage
|-start|p1a: Haxorus|confusion
|-heal|p2a: Jirachi|209\/404 par|[from] item: Leftovers
|turn|11
|
|switch|p1a: Swampert|Swampert-Mega, M|274\/404
|-damage|p1a: Swampert|249\/404|[from] Stealth Rock
|switch|p2a: Shaymin|Shaymin|339\/341
|-damage|p2a: Shaymin|297\/341|[from] Stealth Rock
|
|turn|12
|
|switch|p1a: Reuniclus|Reuniclus, M|424\/424
|-damage|p1a: Reuniclus|371\/424|[from] Stealth Rock
|move|p2a: Shaymin|Seed Flare|p1a: Reuniclus
|-damage|p1a: Reuniclus|196\/424
|-damage|p2a: Shaymin|263\/341|[from] item: Life Orb
|
|-heal|p1a: Reuniclus|222\/424|[from] item: Leftovers
|turn|13
|
|move|p2a: Shaymin|Seed Flare|p1a: Reuniclus
|-damage|p1a: Reuniclus|31\/424
|-damage|p2a: Shaymin|229\/341|[from] item: Life Orb
|move|p1a: Reuniclus|Signal Beam|p2a: Shaymin
|-supereffective|p2a: Shaymin
|-damage|p2a: Shaymin|85\/341
|
|-heal|p1a: Reuniclus|57\/424|[from] item: Leftovers
|turn|14
|
|move|p2a: Shaymin|Earth Power|p1a: Reuniclus
|-damage|p1a: Reuniclus|0 fnt
|-damage|p2a: Shaymin|51\/341|[from] item: Life Orb
|faint|p1a: Reuniclus
|
|
|switch|p1a: Lucario|Lucario, F|282\/282
|-damage|p1a: Lucario|274\/282|[from] Stealth Rock
|-item|p1a: Lucario|Air Balloon
|turn|15
|
|move|p1a: Lucario|Extreme Speed|p2a: Shaymin
|-damage|p2a: Shaymin|0 fnt
|faint|p2a: Shaymin
|
|
|switch|p2a: Mienshao|Mienshao, M|271\/271
|-damage|p2a: Mienshao|255\/271|[from] Stealth Rock
|turn|16
|
|switch|p1a: Swampert|Swampert-Mega, M|249\/404
|-damage|p1a: Swampert|224\/404|[from] Stealth Rock
|move|p2a: Mienshao|Stone Edge|p1a: Swampert
|-crit|p1a: Swampert
|-resisted|p1a: Swampert
|-damage|p1a: Swampert|151\/404
|-damage|p2a: Mienshao|228\/271|[from] item: Life Orb
|
|turn|17
|
|move|p2a: Mienshao|High Jump Kick|p1a: Swampert
|-damage|p1a: Swampert|0 fnt
|-damage|p2a: Mienshao|201\/271|[from] item: Life Orb
|faint|p1a: Swampert
|
|
|switch|p1a: Crobat|Crobat, M|312\/312
|-damage|p1a: Crobat|234\/312|[from] Stealth Rock
|turn|18
|
|switch|p2a: Jirachi|Jirachi|209\/404 par
|-damage|p2a: Jirachi|184\/404 par|[from] Stealth Rock
|move|p1a: Crobat|Brave Bird|p2a: Jirachi
|-resisted|p2a: Jirachi
|-damage|p2a: Jirachi|95\/404 par
|-damage|p1a: Crobat|205\/312|[from] recoil|[of] p2a: Jirachi
|
|-heal|p1a: Crobat|224\/312|[from] item: Black Sludge
|-heal|p2a: Jirachi|120\/404 par|[from] item: Leftovers
|turn|19
|
|move|p1a: Crobat|Brave Bird|p2a: Jirachi
|-resisted|p2a: Jirachi
|-damage|p2a: Jirachi|42\/404 par
|-damage|p1a: Crobat|198\/312|[from] recoil|[of] p2a: Jirachi
|move|p2a: Jirachi|Thunder Wave|p1a: Crobat
|-status|p1a: Crobat|par
|
|-heal|p1a: Crobat|217\/312 par|[from] item: Black Sludge
|-heal|p2a: Jirachi|67\/404 par|[from] item: Leftovers
|turn|20
|
|cant|p1a: Crobat|par
|move|p2a: Jirachi|Wish|p2a: Jirachi
|
|-heal|p1a: Crobat|236\/312 par|[from] item: Black Sludge
|-heal|p2a: Jirachi|92\/404 par|[from] item: Leftovers
|turn|21
|
|move|p1a: Crobat|U-turn|p2a: Jirachi
|-damage|p2a: Jirachi|24\/404 par
|
|switch|p1a: Lucario|Lucario, F|274\/282
|-damage|p1a: Lucario|266\/282|[from] Stealth Rock
|-item|p1a: Lucario|Air Balloon
|move|p2a: Jirachi|Iron Head|p1a: Lucario
|-resisted|p1a: Lucario
|-damage|p1a: Lucario|198\/282
|-enditem|p1a: Lucario|Air Balloon
|
|-heal|p2a: Jirachi|226\/404 par|[from] move: Wish|[wisher] Jirachi
|-heal|p2a: Jirachi|251\/404 par|[from] item: Leftovers
|turn|22
|
|move|p1a: Lucario|Swords Dance|p1a: Lucario
|-boost|p1a: Lucario|atk|2
|move|p2a: Jirachi|Thunder Wave|p1a: Lucario
|-status|p1a: Lucario|par
|
|-heal|p2a: Jirachi|276\/404 par|[from] item: Leftovers
|turn|23
|
|cant|p1a: Lucario|par
|move|p2a: Jirachi|Wish|p2a: Jirachi
|
|-heal|p2a: Jirachi|301\/404 par|[from] item: Leftovers
|turn|24
|
|cant|p1a: Lucario|par
|cant|p2a: Jirachi|par
|
|-heal|p2a: Jirachi|404\/404 par|[from] move: Wish|[wisher] Jirachi
|turn|25
|
|move|p1a: Lucario|Swords Dance|p1a: Lucario
|-boost|p1a: Lucario|atk|2
|cant|p2a: Jirachi|par
|
|turn|26
|
|move|p1a: Lucario|Close Combat|p2a: Jirachi
|-damage|p2a: Jirachi|0 fnt
|-unboost|p1a: Lucario|def|1
|-unboost|p1a: Lucario|spd|1
|faint|p2a: Jirachi
|
|
|switch|p2a: Suicune|Suicune|265\/404
|-damage|p2a: Suicune|215\/404|[from] Stealth Rock
|-ability|p2a: Suicune|Pressure
|turn|27
|
|move|p1a: Lucario|Extreme Speed|p2a: Suicune
|-damage|p2a: Suicune|17\/404
|move|p2a: Suicune|Scald|p1a: Lucario
|-damage|p1a: Lucario|12\/282 par
|
|-heal|p2a: Suicune|42\/404|[from] item: Leftovers
|turn|28
|
|cant|p1a: Lucario|par
|move|p2a: Suicune|Scald|p1a: Lucario
|-damage|p1a: Lucario|0 fnt
|faint|p1a: Lucario
|
|-heal|p2a: Suicune|67\/404|[from] item: Leftovers
|
|switch|p1a: Haxorus|Haxorus, F|69\/294
|-damage|p1a: Haxorus|33\/294|[from] Stealth Rock
|-ability|p1a: Haxorus|Mold Breaker
|turn|29
|
|move|p1a: Haxorus|Outrage|p2a: Suicune
|-damage|p2a: Suicune|0 fnt
|faint|p2a: Suicune
|
|
|switch|p2a: Mienshao|Mienshao, M|271\/271
|-damage|p2a: Mienshao|255\/271|[from] Stealth Rock
|turn|30
|
|move|p2a: Mienshao|U-turn|p1a: Haxorus
|-damage|p1a: Haxorus|0 fnt
|-damage|p2a: Mienshao|228\/271|[from] item: Life Orb
|faint|p1a: Haxorus
|
|switch|p2a: Haxorus|Haxorus, M|293\/293
|-damage|p2a: Haxorus|257\/293|[from] Stealth Rock
|-ability|p2a: Haxorus|Mold Breaker
|
|
|switch|p1a: Crobat|Crobat, M|236\/312 par
|-damage|p1a: Crobat|158\/312 par|[from] Stealth Rock
|turn|31
|
|move|p2a: Haxorus|Dragon Claw|p1a: Crobat
|-damage|p1a: Crobat|0 fnt
|-damage|p2a: Haxorus|228\/293|[from] item: Life Orb
|faint|p1a: Crobat
|
|
|switch|p1a: Rotom-Heat|Rotom-Heat|304\/304
|-damage|p1a: Rotom-Heat|228\/304|[from] Stealth Rock
|turn|32
|
|move|p2a: Haxorus|Earthquake|p1a: Rotom-Heat
|-supereffective|p1a: Rotom-Heat
|-damage|p1a: Rotom-Heat|0 fnt
|-damage|p2a: Haxorus|199\/293|[from] item: Life Orb
|faint|p1a: Rotom-Heat
|
|win|makalalaka
|raw|Ladder updating...
|c|âmakalalaka|gg
|raw|NarcistNarcissus's rating: 1605 &rarr; <strong>1571<\/strong><br \/>(-34 for losing)
|raw|makalalaka's rating: 1290 &rarr; <strong>1333<\/strong><br \/>(+43 for winning)
|c|âNarcistNarcissus|gg