|join|NarcistNarcissus
|join|pelucas
|player|p1|NarcistNarcissus|34
|player|p2|pelucas|170
|gametype|singles
|gen|6
|tier|UU
|rated
|rule|Sleep Clause Mod: Limit one foe put to sleep
|rule|Species Clause: Limit one of each PokÃ©mon
|rule|OHKO Clause: OHKO moves are banned
|rule|Moody Clause: Moody is banned
|rule|Evasion Moves Clause: Evasion moves are banned
|rule|Endless Battle Clause: Forcing endless battles is banned
|rule|HP Percentage Mod: HP is shown in percentages
|clearpoke
|poke|p1|Lucario, F
|poke|p1|Rotom-Heat
|poke|p1|Swampert, F
|poke|p1|Crobat, M
|poke|p1|Haxorus, M
|poke|p1|Reuniclus, M
|poke|p2|Entei, shiny
|poke|p2|Combusken, F
|poke|p2|Tentacruel, F
|poke|p2|Kingdra, F
|poke|p2|Mienshao, M
|poke|p2|Gligar, F
|rule|Swagger Clause: Swagger is banned
|rule|Baton Pass Clause: Limit one PokÃ©mon knowing Baton Pass
|teampreview
|
|start
|switch|p1a: Crobat|Crobat, M|312\/312
|switch|p2a: Entei|Entei, shiny|433\/433
|-ability|p2a: Entei|Pressure
|turn|1
|
|switch|p1a: Swampert|Swampert, F|404\/404
|move|p2a: Entei|Sacred Fire|p1a: Swampert
|-resisted|p1a: Swampert
|-damage|p1a: Swampert|334\/404
|-status|p1a: Swampert|brn
|
|-damage|p1a: Swampert|284\/404 brn|[from] brn
|turn|2
|
|switch|p2a: Tentacruel|Tentacruel, F|364\/364
|detailschange|p1a: Swampert|Swampert-Mega, F
|-mega|p1a: Swampert|Swampert|Swampertite
|move|p1a: Swampert|Stealth Rock|p2a: Tentacruel
|-sidestart|p2: pelucas|move: Stealth Rock
|
|-damage|p1a: Swampert|234\/404 brn|[from] brn
|turn|3
|
|move|p2a: Tentacruel|Rapid Spin|p1a: Swampert
|-damage|p1a: Swampert|226\/404 brn
|-sideend|p2: pelucas|Stealth Rock|[from] move: Rapid Spin|[of] p2a: Tentacruel
|move|p1a: Swampert|Earthquake|p2a: Tentacruel
|-supereffective|p2a: Tentacruel
|-damage|p2a: Tentacruel|214\/364
|
|-heal|p2a: Tentacruel|236\/364|[from] item: Black Sludge
|-damage|p1a: Swampert|176\/404 brn|[from] brn
|turn|4
|
|move|p2a: Tentacruel|Giga Drain|p1a: Swampert
|-supereffective|p1a: Swampert
|-damage|p1a: Swampert|4\/404 brn
|-heal|p2a: Tentacruel|322\/364|[from] drain|[of] p1a: Swampert
|move|p1a: Swampert|Earthquake|p2a: Tentacruel
|-supereffective|p2a: Tentacruel
|-damage|p2a: Tentacruel|172\/364
|
|-heal|p2a: Tentacruel|194\/364|[from] item: Black Sludge
|-damage|p1a: Swampert|0 fnt|[from] brn
|faint|p1a: Swampert
|
|switch|p1a: Rotom-Heat|Rotom-Heat|304\/304
|turn|5
|
|switch|p2a: Gligar|Gligar, F|334\/334
|move|p1a: Rotom-Heat|Volt Switch|p2a: Gligar
|-immune|p2a: Gligar|[msg]
|
|turn|6
|
|switch|p1a: Reuniclus|Reuniclus, M|424\/424
|move|p2a: Gligar|Stealth Rock|p1a: Reuniclus
|-sidestart|p1: NarcistNarcissus|move: Stealth Rock
|
|turn|7
|
|move|p2a: Gligar|U-turn|p1a: Reuniclus
|-supereffective|p1a: Reuniclus
|-damage|p1a: Reuniclus|310\/424
|
|switch|p2a: Tentacruel|Tentacruel, F|194\/364
|move|p1a: Reuniclus|Thunder Wave|p2a: Tentacruel
|-status|p2a: Tentacruel|par
|
|-heal|p1a: Reuniclus|336\/424|[from] item: Leftovers
|-heal|p2a: Tentacruel|216\/364 par|[from] item: Black Sludge
|turn|8
|
|move|p1a: Reuniclus|Psychic|p2a: Tentacruel
|-supereffective|p2a: Tentacruel
|-damage|p2a: Tentacruel|0 fnt
|faint|p2a: Tentacruel
|
|-heal|p1a: Reuniclus|362\/424|[from] item: Leftovers
|
|switch|p2a: Kingdra|Kingdra, F|291\/291
|turn|9
|
|move|p2a: Kingdra|Focus Energy|p2a: Kingdra
|-start|p2a: Kingdra|move: Focus Energy
|move|p1a: Reuniclus|Psychic|p2a: Kingdra
|-damage|p2a: Kingdra|162\/291
|
|-heal|p1a: Reuniclus|388\/424|[from] item: Leftovers
|turn|10
|
|move|p2a: Kingdra|Draco Meteor|p1a: Reuniclus
|-crit|p1a: Reuniclus
|-damage|p1a: Reuniclus|28\/424
|-unboost|p2a: Kingdra|spa|2
|move|p1a: Reuniclus|Thunder Wave|p2a: Kingdra
|-status|p2a: Kingdra|par
|
|-heal|p1a: Reuniclus|54\/424|[from] item: Leftovers
|turn|11
|c|âpelucas|dam lol
|
|move|p1a: Reuniclus|Psychic|p2a: Kingdra
|-damage|p2a: Kingdra|32\/291 par
|cant|p2a: Kingdra|par
|
|-heal|p1a: Reuniclus|80\/424|[from] item: Leftovers
|turn|12
|c|âpelucas|that things bulky as shit
|
|move|p1a: Reuniclus|Psychic|p2a: Kingdra
|-damage|p2a: Kingdra|0 fnt
|faint|p2a: Kingdra
|
|-heal|p1a: Reuniclus|106\/424|[from] item: Leftovers
|c|âNarcistNarcissus|yeah max hp and sp.def
|
|switch|p2a: Mienshao|Mienshao, M|271\/271
|turn|13
|
|move|p2a: Mienshao|U-turn|p1a: Reuniclus
|-supereffective|p1a: Reuniclus
|-damage|p1a: Reuniclus|0 fnt
|faint|p1a: Reuniclus
|
|switch|p2a: Combusken|Combusken, F|261\/261
|
|
|switch|p1a: Crobat|Crobat, M|312\/312
|-damage|p1a: Crobat|234\/312|[from] Stealth Rock
|turn|14
|
|move|p1a: Crobat|Brave Bird|p2a: Combusken
|-supereffective|p2a: Combusken
|-enditem|p2a: Combusken|Focus Sash
|-damage|p2a: Combusken|1\/261
|-damage|p1a: Crobat|148\/312|[from] recoil|[of] p2a: Combusken
|move|p2a: Combusken|Swords Dance|p2a: Combusken
|-boost|p2a: Combusken|atk|2
|
|-heal|p1a: Crobat|167\/312|[from] item: Black Sludge
|-boost|p2a: Combusken|spe|1|[from] ability: Speed Boost
|turn|15
|
|move|p2a: Combusken|Protect|p2a: Combusken
|-singleturn|p2a: Combusken|Protect
|move|p1a: Crobat|Brave Bird|p2a: Combusken
|-activate|p2a: Combusken|Protect
|
|-heal|p1a: Crobat|186\/312|[from] item: Black Sludge
|-boost|p2a: Combusken|spe|1|[from] ability: Speed Boost
|turn|16
|
|move|p2a: Combusken|Baton Pass|p2a: Combusken
|
|switch|p2a: Entei|Entei, shiny|433\/433
|-ability|p2a: Entei|Pressure
|move|p1a: Crobat|Brave Bird|p2a: Entei
|-damage|p2a: Entei|246\/433
|-damage|p1a: Crobat|124\/312|[from] recoil|[of] p2a: Entei
|
|-heal|p1a: Crobat|143\/312|[from] item: Black Sludge
|turn|17
|
|move|p2a: Entei|Extreme Speed|p1a: Crobat
|-crit|p1a: Crobat
|-damage|p1a: Crobat|0 fnt
|faint|p1a: Crobat
|
|
|switch|p1a: Lucario|Lucario, F|282\/282
|-damage|p1a: Lucario|274\/282|[from] Stealth Rock
|-item|p1a: Lucario|Air Balloon
|turn|18
|
|move|p2a: Entei|Sacred Fire|p1a: Lucario
|-supereffective|p1a: Lucario
|-damage|p1a: Lucario|0 fnt
|-enditem|p1a: Lucario|Air Balloon
|faint|p1a: Lucario
|
|
|switch|p1a: Rotom-Heat|Rotom-Heat|304\/304
|-damage|p1a: Rotom-Heat|228\/304|[from] Stealth Rock
|turn|19
|
|move|p2a: Entei|Stone Edge|p1a: Rotom-Heat
|-supereffective|p1a: Rotom-Heat
|-damage|p1a: Rotom-Heat|0 fnt
|faint|p1a: Rotom-Heat
|
|c|âpelucas|gg
|
|switch|p1a: Haxorus|Haxorus, M|294\/294
|-damage|p1a: Haxorus|258\/294|[from] Stealth Rock
|-ability|p1a: Haxorus|Mold Breaker
|turn|20
|c|âNarcistNarcissus|gg
|
|move|p2a: Entei|Extreme Speed|p1a: Haxorus
|-damage|p1a: Haxorus|39\/294
|move|p1a: Haxorus|Brick Break|p2a: Entei
|-damage|p2a: Entei|62\/433
|
|turn|21
|
|move|p2a: Entei|Extreme Speed|p1a: Haxorus
|-damage|p1a: Haxorus|0 fnt
|faint|p1a: Haxorus
|
|win|pelucas
|raw|Ladder updating...
|raw|NarcistNarcissus's rating: 1674 &rarr; <strong>1646<\/strong><br \/>(-28 for losing)
|raw|pelucas's rating: 1516 &rarr; <strong>1545<\/strong><br \/>(+29 for winning)
|leave|NarcistNarcissus
|player|p1