|join|mliok
|join|PachÃ©chÃ©shoss
|player|p1|mliok|2
|player|p2|PachÃ©chÃ©shoss|102
|gametype|singles
|gen|6
|tier|UU
|rule|Sleep Clause Mod: Limit one foe put to sleep
|rule|Species Clause: Limit one of each PokÃ©mon
|rule|OHKO Clause: OHKO moves are banned
|rule|Moody Clause: Moody is banned
|rule|Evasion Moves Clause: Evasion moves are banned
|rule|Endless Battle Clause: Forcing endless battles is banned
|rule|HP Percentage Mod: HP is shown in percentages
|clearpoke
|poke|p1|Tangrowth, F
|poke|p1|Milotic, M
|poke|p1|Toxicroak, M
|poke|p1|Jirachi
|poke|p1|Crobat, M
|poke|p1|Ampharos, F, shiny
|poke|p2|Aggron, F
|poke|p2|Tentacruel, F
|poke|p2|Rotom-Heat
|poke|p2|Galvantula, M
|poke|p2|Roserade, F
|poke|p2|Cloyster, M
|rule|Swagger Clause: Swagger is banned
|rule|Baton Pass Clause: Limit one PokÃ©mon knowing Baton Pass
|teampreview
|c|âmliok|gl
|join|Diiddy
|
|start
|switch|p1a: Ampharos|Ampharos, F, shiny|384\/384
|switch|p2a: Galvantula|Galvantula, M|282\/282
|turn|1
|c|âPachÃ©chÃ©shoss|toi aussi
|
|detailschange|p1a: Ampharos|Ampharos-Mega, F, shiny
|message|Ampharos has Mega Evolved into Mega Ampharos!
|-ability|p1a: Ampharos|Mold Breaker
|move|p2a: Galvantula|Sticky Web|p1a: Ampharos
|-sidestart|p1: mliok|move: Sticky Web
|move|p1a: Ampharos|Dragon Pulse|p2a: Galvantula
|-damage|p2a: Galvantula|45\/282
|
|turn|2
|
|move|p2a: Galvantula|Thunder|p1a: Ampharos
|-resisted|p1a: Ampharos
|-damage|p1a: Ampharos|348\/384
|move|p1a: Ampharos|Volt Switch|p2a: Galvantula
|-resisted|p2a: Galvantula
|-damage|p2a: Galvantula|0 fnt
|faint|p2a: Galvantula
|join|B Miror B
|c|@Diiddy|C'est ta RMT ? 
|
|switch|p1a: Crobat|Crobat, M|373\/373
|
|c|âmliok|ouais
|
|switch|p2a: Cloyster|Cloyster, M|242\/242
|turn|3
|c|@Diiddy|oh bg
|c|+B Miror B|imo trop classique comme team mais bon
|
|move|p1a: Crobat|Toxic|p2a: Cloyster
|-status|p2a: Cloyster|tox
|move|p2a: Cloyster|Icicle Spear|p1a: Crobat
|-supereffective|p1a: Crobat
|-damage|p1a: Crobat|289\/373
|-supereffective|p1a: Crobat
|-damage|p1a: Crobat|209\/373
|-supereffective|p1a: Crobat
|-damage|p1a: Crobat|125\/373
|-supereffective|p1a: Crobat
|-damage|p1a: Crobat|29\/373
|-supereffective|p1a: Crobat
|-damage|p1a: Crobat|0 fnt
|-hitcount|p1a: Crobat|5
|faint|p1a: Crobat
|
|-damage|p2a: Cloyster|227\/242 tox|[from] psn
|c|+B Miror B|une balanced quoi
|c|âmliok|oh
|c|âmliok|pas shell smash :(
|
|switch|p1a: Ampharos|Ampharos-Mega, F, shiny|348\/384
|-activate|p1a: Ampharos|move: Sticky Web
|-unboost|p1a: Ampharos|spe|1
|-ability|p1a: Ampharos|Mold Breaker
|turn|4
|
|switch|p2a: Roserade|Roserade, F|262\/262
|move|p1a: Ampharos|Volt Switch|p2a: Roserade
|-resisted|p2a: Roserade
|-damage|p2a: Roserade|205\/262
|c|@Diiddy|go hate ^^^^^^
|join|Graham222
|
|switch|p1a: Jirachi|Jirachi|404\/404
|-activate|p1a: Jirachi|move: Sticky Web
|-unboost|p1a: Jirachi|spe|1
|
|turn|5
|
|switch|p2a: Aggron|Aggron, F|344\/344
|move|p1a: Jirachi|Stealth Rock|p2a: Aggron
|-sidestart|p2: PachÃ©chÃ©shoss|move: Stealth Rock
|
|turn|6
|
|switch|p1a: Tangrowth|Tangrowth, F|404\/404
|-activate|p1a: Tangrowth|move: Sticky Web
|-unboost|p1a: Tangrowth|spe|1
|detailschange|p2a: Aggron|Aggron-Mega, F
|message|Aggron has Mega Evolved into Mega Aggron!
|move|p2a: Aggron|Stealth Rock|p1a: Tangrowth
|-sidestart|p1: mliok|move: Stealth Rock
|
|turn|7
|
|move|p2a: Aggron|Toxic|p1a: Tangrowth
|-status|p1a: Tangrowth|tox
|move|p1a: Tangrowth|Knock Off|p2a: Aggron
|-damage|p2a: Aggron|325\/344
|
|-damage|p1a: Tangrowth|379\/404 tox|[from] psn
|turn|8
|
|move|p1a: Tangrowth|Leech Seed|p2a: Aggron
|-start|p2a: Aggron|move: Leech Seed
|move|p2a: Aggron|Dragon Tail|p1a: Tangrowth
|-damage|p1a: Tangrowth|342\/404 tox
|-damage|p2a: Aggron|268\/344|[from] item: Rocky Helmet|[of] p1a: Tangrowth
|drag|p1a: Toxicroak|Toxicroak, M|307\/307
|-damage|p1a: Toxicroak|288\/307|[from] Stealth Rock
|-activate|p1a: Toxicroak|move: Sticky Web
|-unboost|p1a: Toxicroak|spe|1
|
|-damage|p2a: Aggron|225\/344|[from] Leech Seed|[of] p1a: Toxicroak
|-heal|p1a: Toxicroak|307\/307|[silent]
|turn|9
|
|switch|p2a: Tentacruel|Tentacruel, F|364\/364
|-damage|p2a: Tentacruel|319\/364|[from] Stealth Rock
|move|p1a: Toxicroak|Substitute|p1a: Toxicroak
|-start|p1a: Toxicroak|Substitute
|-damage|p1a: Toxicroak|231\/307
|
|-heal|p2a: Tentacruel|341\/364|[from] item: Black Sludge
|turn|10
|
|move|p2a: Tentacruel|Rapid Spin|p1a: Toxicroak
|-activate|p1a: Toxicroak|Substitute|[damage]
|-sideend|p2: PachÃ©chÃ©shoss|Stealth Rock|[from] move: Rapid Spin|[of] p2a: Tentacruel
|move|p1a: Toxicroak|Gunk Shot|p2a: Tentacruel
|-crit|p2a: Tentacruel
|-resisted|p2a: Tentacruel
|-damage|p2a: Tentacruel|73\/364
|-damage|p1a: Toxicroak|201\/307|[from] item: Life Orb
|
|-heal|p2a: Tentacruel|95\/364|[from] item: Black Sludge
|turn|11
|
|switch|p2a: Aggron|Aggron-Mega, F|225\/344
|move|p1a: Toxicroak|Drain Punch|p2a: Aggron
|-supereffective|p2a: Aggron
|-damage|p2a: Aggron|126\/344
|-heal|p1a: Toxicroak|251\/307|[from] drain|[of] p2a: Aggron
|-damage|p1a: Toxicroak|221\/307|[from] item: Life Orb
|
|turn|12
|c|âPachÃ©chÃ©shoss|gg
|leave|Graham222
|
|move|p1a: Toxicroak|Drain Punch|p2a: Aggron
|-crit|p2a: Aggron
|-supereffective|p2a: Aggron
|-damage|p2a: Aggron|0 fnt
|-heal|p1a: Toxicroak|284\/307|[from] drain|[of] p2a: Aggron
|-damage|p1a: Toxicroak|254\/307|[from] item: Life Orb
|faint|p2a: Aggron
|
|c|âmliok|sorry
|c|âPachÃ©chÃ©shoss|coup critique ><
|
|switch|p2a: Rotom-Heat|Rotom-Heat|279\/279
|turn|13
|
|move|p2a: Rotom-Heat|Thunderbolt|p1a: Toxicroak
|-end|p1a: Toxicroak|Substitute
|move|p1a: Toxicroak|Substitute|p1a: Toxicroak
|-start|p1a: Toxicroak|Substitute
|-damage|p1a: Toxicroak|178\/307
|
|turn|14
|
|move|p2a: Rotom-Heat|Thunderbolt|p1a: Toxicroak
|-end|p1a: Toxicroak|Substitute
|move|p1a: Toxicroak|Gunk Shot|p2a: Rotom-Heat
|-damage|p2a: Rotom-Heat|9\/279
|-damage|p1a: Toxicroak|148\/307|[from] item: Life Orb
|
|turn|15
|
|move|p1a: Toxicroak|Sucker Punch|p2a: Rotom-Heat
|-damage|p2a: Rotom-Heat|0 fnt
|-damage|p1a: Toxicroak|118\/307|[from] item: Life Orb
|faint|p2a: Rotom-Heat
|
|c|@Diiddy|obv
|
|switch|p2a: Tentacruel|Tentacruel, F|95\/364
|turn|16
|c|âPachÃ©chÃ©shoss|bon
|c|âPachÃ©chÃ©shoss|gg
|
|move|p1a: Toxicroak|Sucker Punch|p2a: Tentacruel
|-damage|p2a: Tentacruel|0 fnt
|-damage|p1a: Toxicroak|88\/307|[from] item: Life Orb
|faint|p2a: Tentacruel
|
|
|switch|p2a: Roserade|Roserade, F|205\/262
|turn|17
|
|move|p1a: Toxicroak|Sucker Punch|p2a: Roserade
|-damage|p2a: Roserade|46\/262
|-damage|p1a: Toxicroak|58\/307|[from] item: Life Orb
|move|p2a: Roserade|Extrasensory|p1a: Toxicroak
|-supereffective|p1a: Toxicroak
|-damage|p1a: Toxicroak|0 fnt
|-damage|p2a: Roserade|20\/262|[from] item: Life Orb
|faint|p1a: Toxicroak
|
|
|switch|p1a: Ampharos|Ampharos-Mega, F, shiny|348\/384
|-activate|p1a: Ampharos|move: Sticky Web
|-unboost|p1a: Ampharos|spe|1
|-damage|p1a: Ampharos|300\/384|[from] Stealth Rock
|-ability|p1a: Ampharos|Mold Breaker
|turn|18
|
|move|p2a: Roserade|Sludge Bomb|p1a: Ampharos
|-damage|p1a: Ampharos|101\/384
|-damage|p2a: Roserade|0 fnt|[from] item: Life Orb
|faint|p2a: Roserade
|move|p1a: Ampharos|Rest|p1a: Ampharos
|-status|p1a: Ampharos|slp
|-heal|p1a: Ampharos|384\/384 slp|[silent]
|-status|p1a: Ampharos|slp|[from] move: Rest
|
|
|switch|p2a: Cloyster|Cloyster, M|227\/242 tox
|turn|19
|
|move|p2a: Cloyster|Shell Smash|p2a: Cloyster
|-boost|p2a: Cloyster|atk|2
|-boost|p2a: Cloyster|spa|2
|-boost|p2a: Cloyster|spe|2
|-unboost|p2a: Cloyster|def|1
|-unboost|p2a: Cloyster|spd|1
|cant|p1a: Ampharos|slp
|move|p1a: Ampharos|Sleep Talk|p1a: Ampharos
|move|p1a: Ampharos|Rest|p1a: Ampharos|[from]Sleep Talk
|-fail|p1a: Ampharos
|
|-damage|p2a: Cloyster|212\/242 tox|[from] psn
|turn|20
|c|âmliok|forcÃ©ment 
|
|move|p2a: Cloyster|Icicle Spear|p1a: Ampharos
|-supereffective|p1a: Ampharos
|-damage|p1a: Ampharos|288\/384 slp
|-crit|p1a: Ampharos
|-supereffective|p1a: Ampharos
|-damage|p1a: Ampharos|138\/384 slp
|-crit|p1a: Ampharos
|-supereffective|p1a: Ampharos
|-damage|p1a: Ampharos|0 fnt
|-hitcount|p1a: Ampharos|3
|faint|p1a: Ampharos
|
|-damage|p2a: Cloyster|182\/242 tox|[from] psn
|c|âPachÃ©chÃ©shoss|je tente le tout por le tout
|
|switch|p1a: Jirachi|Jirachi|404\/404
|-damage|p1a: Jirachi|379\/404|[from] Stealth Rock
|-activate|p1a: Jirachi|move: Sticky Web
|-unboost|p1a: Jirachi|spe|1
|turn|21
|
|move|p2a: Cloyster|Razor Shell|p1a: Jirachi
|-damage|p1a: Jirachi|156\/404
|-unboost|p1a: Jirachi|def|1
|move|p1a: Jirachi|Iron Head|p2a: Cloyster
|-damage|p2a: Cloyster|97\/242 tox
|
|-heal|p1a: Jirachi|181\/404|[from] item: Leftovers
|-damage|p2a: Cloyster|52\/242 tox|[from] psn
|turn|22
|
|switch|p1a: Tangrowth|Tangrowth, F|404\/404 tox
|-damage|p1a: Tangrowth|354\/404 tox|[from] Stealth Rock
|-activate|p1a: Tangrowth|move: Sticky Web
|-unboost|p1a: Tangrowth|spe|1
|move|p2a: Cloyster|Razor Shell|p1a: Tangrowth|[miss]
|-miss|p2a: Cloyster|p1a: Tangrowth
|
|-damage|p2a: Cloyster|0 fnt|[from] psn
|-damage|p1a: Tangrowth|329\/404 tox|[from] psn
|faint|p2a: Cloyster
|
|win|mliok
|c|âmliok|gg
|c|âPachÃ©chÃ©shoss|gg
|leave|PachÃ©chÃ©shoss
|player|p2