|join|Sacri'
|join|mliok
|player|p1|Sacri'|102
|player|p2|mliok|2
|gametype|singles
|gen|6
|tier|UU
|rule|Sleep Clause Mod: Limit one foe put to sleep
|rule|Species Clause: Limit one of each PokÃ©mon
|rule|OHKO Clause: OHKO moves are banned
|rule|Moody Clause: Moody is banned
|rule|Evasion Moves Clause: Evasion moves are banned
|rule|Endless Battle Clause: Forcing endless battles is banned
|rule|HP Percentage Mod: HP is shown in percentages
|clearpoke
|poke|p1|Absol, F
|poke|p1|Raikou
|poke|p1|Nidoqueen, F
|poke|p1|Mienshao, F
|poke|p1|Whimsicott, M
|poke|p1|Crobat, F
|poke|p2|Mienshao, F
|poke|p2|Krookodile, M
|poke|p2|Alomomola, F
|poke|p2|Blissey, F
|poke|p2|Crobat, M
|poke|p2|Dragalge, F
|rule|Swagger Clause: Swagger is banned
|rule|Baton Pass Clause: Limit one PokÃ©mon knowing Baton Pass
|teampreview
|c|âSacri'|gl hf
|c|âSacri'|Oh
|c|âmliok|gl
|c|âSacri'|Une stall
|c|âSacri'|:<
|
|start
|switch|p1a: Mienshao|Mienshao, F|271\/271
|switch|p2a: Mienshao|Mienshao, F|271\/271
|turn|1
|
|switch|p2a: Alomomola|Alomomola, F|534\/534
|move|p1a: Mienshao|U-turn|p2a: Alomomola
|-crit|p2a: Alomomola
|-damage|p2a: Alomomola|432\/534
|-damage|p1a: Mienshao|226\/271|[from] item: Rocky Helmet|[of] p2a: Alomomola
|
|switch|p1a: Raikou|Raikou|322\/322
|-ability|p1a: Raikou|Pressure
|
|turn|2
|
|move|p2a: Alomomola|Protect|p2a: Alomomola
|-singleturn|p2a: Alomomola|Protect
|move|p1a: Raikou|Volt Switch|p2a: Alomomola
|-activate|p2a: Alomomola|Protect
|
|turn|3
|
|switch|p2a: Krookodile|Krookodile, M|332\/332
|-ability|p2a: Krookodile|Intimidate|[of] p1a: Raikou
|-unboost|p1a: Raikou|atk|1
|move|p1a: Raikou|Hidden Power|p2a: Krookodile
|-supereffective|p2a: Krookodile
|-damage|p2a: Krookodile|142\/332
|
|turn|4
|c|âSacri'|ez
|
|move|p2a: Krookodile|Earthquake|p1a: Raikou
|-supereffective|p1a: Raikou
|-damage|p1a: Raikou|0 fnt
|faint|p1a: Raikou
|
|
|switch|p1a: Crobat|Crobat, F|373\/373
|turn|5
|
|switch|p2a: Alomomola|Alomomola, F|534\/534
|move|p1a: Crobat|U-turn|p2a: Alomomola
|-damage|p2a: Alomomola|490\/534
|-damage|p1a: Crobat|311\/373|[from] item: Rocky Helmet|[of] p2a: Alomomola
|
|switch|p1a: Whimsicott|Whimsicott, M|262\/262
|
|turn|6
|
|move|p1a: Whimsicott|Energy Ball|p2a: Alomomola
|-supereffective|p2a: Alomomola
|-damage|p2a: Alomomola|0 fnt
|faint|p2a: Alomomola
|
|
|switch|p2a: Dragalge|Dragalge, F|327\/327
|turn|7
|c|âSacri'|Jtm whimi
|c|âSacri'|<3
|c|âmliok|:(
|join|hera1997
|leave|hera1997
|
|switch|p1a: Nidoqueen|Nidoqueen, F|384\/384
|move|p2a: Dragalge|Draco Meteor|p1a: Nidoqueen
|-damage|p1a: Nidoqueen|0 fnt
|-unboost|p2a: Dragalge|spa|2
|faint|p1a: Nidoqueen
|
|c|âSacri'|bien vu
|c|âSacri'|:<
|
|switch|p1a: Whimsicott|Whimsicott, M|262\/262
|turn|8
|
|switch|p2a: Blissey|Blissey, F|714\/714
|move|p1a: Whimsicott|U-turn|p2a: Blissey
|-damage|p2a: Blissey|649\/714
|
|switch|p1a: Absol|Absol, F|271\/271
|
|-heal|p2a: Blissey|693\/714|[from] item: Leftovers
|turn|9
|
|switch|p2a: Mienshao|Mienshao, F|271\/271
|detailschange|p1a: Absol|Absol-Mega, F
|message|Absol has Mega Evolved into Mega Absol!
|move|p1a: Absol|Swords Dance|p1a: Absol
|-boost|p1a: Absol|atk|2
|
|turn|10
|
|switch|p1a: Crobat|Crobat, F|311\/373
|move|p2a: Mienshao|Fake Out|p1a: Crobat
|-damage|p1a: Crobat|234\/373
|-damage|p2a: Mienshao|244\/271|[from] item: Life Orb
|
|-heal|p1a: Crobat|257\/373|[from] item: Black Sludge
|turn|11
|
|switch|p2a: Crobat|Crobat, M|374\/374
|move|p1a: Crobat|U-turn|p2a: Crobat
|-resisted|p2a: Crobat
|-damage|p2a: Crobat|358\/374
|c|âSacri'|ah merde
|c|âSacri'|:<
|
|switch|p1a: Mienshao|Mienshao, F|271\/271
|
|-heal|p2a: Crobat|374\/374|[from] item: Black Sludge
|turn|12
|
|switch|p1a: Crobat|Crobat, F|257\/373
|move|p2a: Crobat|Brave Bird|p1a: Crobat
|-damage|p1a: Crobat|109\/373
|-damage|p2a: Crobat|325\/374|[from] recoil|[of] p1a: Crobat
|
|-heal|p2a: Crobat|348\/374|[from] item: Black Sludge
|-heal|p1a: Crobat|132\/373|[from] item: Black Sludge
|turn|13
|
|move|p2a: Crobat|Brave Bird|p1a: Crobat
|-damage|p1a: Crobat|0 fnt
|-damage|p2a: Crobat|304\/374|[from] recoil|[of] p1a: Crobat
|faint|p1a: Crobat
|
|-heal|p2a: Crobat|327\/374|[from] item: Black Sludge
|c|âSacri'|d'ou tu win la tie
|c|âmliok|hÃ©hÃ© :)
|c|âSacri'|alors que je suis dÃ©savantagÃ©
|c|âSacri'|Le jeu m'en veut
|c|âSacri'|C'est sÃ»r
|
|switch|p1a: Mienshao|Mienshao, F|271\/271
|turn|14
|
|move|p1a: Mienshao|Knock Off|p2a: Crobat
|-damage|p2a: Crobat|194\/374
|-enditem|p2a: Crobat|Black Sludge|[from] move: Knock Off|[of] p1a: Mienshao
|move|p2a: Crobat|Brave Bird|p1a: Mienshao
|-supereffective|p1a: Mienshao
|-damage|p1a: Mienshao|0 fnt
|-damage|p2a: Crobat|105\/374|[from] recoil|[of] p1a: Mienshao
|faint|p1a: Mienshao
|
|
|switch|p1a: Absol|Absol-Mega, F|271\/271
|turn|15
|
|switch|p2a: Mienshao|Mienshao, F|271\/271
|move|p1a: Absol|Swords Dance|p1a: Absol
|-boost|p1a: Absol|atk|2
|
|turn|16
|
|move|p1a: Absol|Play Rough|p2a: Mienshao
|-supereffective|p2a: Mienshao
|-damage|p2a: Mienshao|0 fnt
|faint|p2a: Mienshao
|
|c|âmliok|Oh le con, j'avais zapper que j'Ã©tais plus lent -_-
|c|âSacri'|c'est bÃªte 
|
|switch|p2a: Dragalge|Dragalge, F|327\/327
|turn|17
|
|move|p1a: Absol|Knock Off|p2a: Dragalge
|-damage|p2a: Dragalge|0 fnt
|-enditem|p2a: Dragalge|Choice Specs|[from] move: Knock Off|[of] p1a: Absol
|faint|p2a: Dragalge
|
|
|switch|p2a: Crobat|Crobat, M|105\/374
|turn|18
|
|move|p1a: Absol|Sucker Punch|p2a: Crobat
|-fail|p2a: Crobat
|move|p2a: Crobat|Roost|p2a: Crobat
|-heal|p2a: Crobat|292\/374
|
|turn|19
|
|move|p1a: Absol|Sucker Punch|p2a: Crobat
|-damage|p2a: Crobat|0 fnt
|faint|p2a: Crobat
|
|c|âmliok|gg
|
|switch|p2a: Krookodile|Krookodile, M|142\/332
|-ability|p2a: Krookodile|Intimidate|[of] p1a: Absol
|-unboost|p1a: Absol|atk|1
|turn|20
|join|Diiddy
|c|@Diiddy|ah
|c|@Diiddy|c'Ã©tait rapide
|
|switch|p1a: Whimsicott|Whimsicott, M|262\/262
|move|p2a: Krookodile|Earthquake|p1a: Whimsicott
|-resisted|p1a: Whimsicott
|-damage|p1a: Whimsicott|175\/262
|
|turn|21
|c|âmliok|J'ai trop mal gerer -_-
|
|switch|p2a: Blissey|Blissey, F|693\/714
|move|p1a: Whimsicott|Energy Ball|p2a: Blissey
|-damage|p2a: Blissey|573\/714
|
|-heal|p2a: Blissey|617\/714|[from] item: Leftovers
|turn|22
|
|switch|p1a: Absol|Absol-Mega, F|271\/271
|move|p2a: Blissey|Seismic Toss|p1a: Absol
|-damage|p1a: Absol|171\/271
|
|-heal|p2a: Blissey|661\/714|[from] item: Leftovers
|turn|23
|
|switch|p1a: Whimsicott|Whimsicott, M|175\/262
|move|p2a: Blissey|Seismic Toss|p1a: Whimsicott
|-damage|p1a: Whimsicott|75\/262
|
|-heal|p2a: Blissey|705\/714|[from] item: Leftovers
|turn|24
|
|move|p1a: Whimsicott|Switcheroo|p2a: Blissey
|-activate|p1a: Whimsicott|move: Trick|[of] p2a: Blissey
|-item|p2a: Blissey|Choice Specs|[from] Trick
|-item|p1a: Whimsicott|Leftovers|[from] Trick
|move|p2a: Blissey|Seismic Toss|p1a: Whimsicott
|-damage|p1a: Whimsicott|0 fnt
|faint|p1a: Whimsicott
|
|c|âSacri'|dommage
|c|âSacri'|:<
|
|switch|p1a: Absol|Absol-Mega, F|171\/271
|turn|25
|
|move|p1a: Absol|Swords Dance|p1a: Absol
|-boost|p1a: Absol|atk|2
|move|p2a: Blissey|Seismic Toss|p1a: Absol
|-damage|p1a: Absol|71\/271
|
|turn|26
|
|move|p1a: Absol|Knock Off|p2a: Blissey
|-damage|p2a: Blissey|44\/714
|-enditem|p2a: Blissey|Choice Specs|[from] move: Knock Off|[of] p1a: Absol
|move|p2a: Blissey|Seismic Toss|p1a: Absol
|-damage|p1a: Absol|0 fnt
|faint|p1a: Absol
|
|win|mliok
|c|âmliok|lol il tient
|c|âSacri'|Oh fuck
|c|âSacri'|:<
|leave|Diiddy
|c|âSacri'|J'ai trop le seum, du coup, truc de ouf
|c|âmliok|gg
|c|âmliok|tu m'Ã©tonne
|c|âmliok|j'ai jouer un peu nawak
|c|âSacri'|Bah, stall cancer de bas, quoi.
|c|âmliok|Mais j'Ã©tais sur que absol petait tout, j'avais zapper intimi de croco...
|c|âSacri'|de base*
|c|âmliok|Bof "stall"
|c|âmliok|J'ai que deux staller
|c|âSacri'|Blissey momola crobat dragalge
|c|âSacri'|C'est une combinaison typique
|c|âmliok|Ouais fin draga il est juste la pour taper
|c|âSacri'|Avec deux sweepers derriÃ¨re