|join|mliok
|join|Elismae'
|player|p1|mliok|170
|player|p2|Elismae'|170
|gametype|singles
|gen|6
|tier|UU
|rule|Sleep Clause Mod: Limit one foe put to sleep
|rule|Species Clause: Limit one of each PokÃ©mon
|rule|OHKO Clause: OHKO moves are banned
|rule|Moody Clause: Moody is banned
|rule|Evasion Moves Clause: Evasion moves are banned
|rule|Endless Battle Clause: Forcing endless battles is banned
|rule|HP Percentage Mod: HP is shown in percentages
|clearpoke
|poke|p1|Tangrowth, F
|poke|p1|Milotic, M
|poke|p1|Toxicroak, M
|poke|p1|Jirachi
|poke|p1|Crobat, M
|poke|p1|Ampharos, F, shiny
|poke|p2|Suicune
|poke|p2|Blissey, F
|poke|p2|Darmanitan, F
|poke|p2|Torterra, F
|poke|p2|Crobat, F
|poke|p2|Alakazam, F
|rule|Swagger Clause: Swagger is banned
|rule|Baton Pass Clause: Limit one PokÃ©mon knowing Baton Pass
|teampreview
|c|âmliok|Gl
|c|âElismae'|gl_hf
|join|Kaarmaz
|c|@Kaarmaz|Torterra
|join|Babrutas
|c|@Kaarmaz|jtm Elis
|c|âmliok|Je le sens pas ce match :(
|c|+Babrutas|Torterra est viable ?
|c|âElismae'|jsp
|
|start
|switch|p1a: Loreal|Ampharos, F, shiny|384\/384
|switch|p2a: Crobat|Crobat, F|311\/311
|turn|1
|
|detailschange|p1a: Loreal|Ampharos-Mega, F, shiny
|message|Ampharos has Mega Evolved into Mega Ampharos!
|-ability|p1a: Loreal|Mold Breaker
|move|p2a: Crobat|U-turn|p1a: Loreal
|-damage|p1a: Loreal|338\/384
|c|@Kaarmaz|osef
|
|switch|p2a: Blissey|Blissey, F|714\/714
|move|p1a: Loreal|Dragon Pulse|p2a: Blissey
|-damage|p2a: Blissey|618\/714
|
|-heal|p2a: Blissey|662\/714|[from] item: Leftovers
|turn|2
|c|@Kaarmaz|il est bg
|
|move|p2a: Blissey|Stealth Rock|p1a: Loreal
|-sidestart|p1: mliok|move: Stealth Rock
|move|p1a: Loreal|Volt Switch|p2a: Blissey
|-crit|p2a: Blissey
|-damage|p2a: Blissey|547\/714
|
|switch|p1a: Choppa|Jirachi|404\/404
|-damage|p1a: Choppa|379\/404|[from] Stealth Rock
|
|-heal|p1a: Choppa|404\/404|[from] item: Leftovers
|-heal|p2a: Blissey|591\/714|[from] item: Leftovers
|turn|3
|
|switch|p2a: Darmanitan|Darmanitan, F|351\/351
|move|p1a: Choppa|Stealth Rock|p2a: Darmanitan
|-sidestart|p2: Elismae'|move: Stealth Rock
|
|turn|4
|
|switch|p1a: Loreal|Ampharos-Mega, F, shiny|338\/384
|-damage|p1a: Loreal|290\/384|[from] Stealth Rock
|-ability|p1a: Loreal|Mold Breaker
|move|p2a: Darmanitan|U-turn|p1a: Loreal
|-damage|p1a: Loreal|232\/384
|
|switch|p2a: Torterra|Torterra, F|394\/394
|-damage|p2a: Torterra|370\/394|[from] Stealth Rock
|
|-heal|p2a: Torterra|394\/394|[from] item: Leftovers
|turn|5
|c|âElismae'|lol
|c|âElismae'|j'ai 2 poseurs de SR
|c|âElismae'|(y)
|c|âmliok|yeah
|
|switch|p2a: Crobat|Crobat, F|311\/311
|-damage|p2a: Crobat|234\/311|[from] Stealth Rock
|switch|p1a: Penetrateur|Crobat, M|373\/373
|-damage|p1a: Penetrateur|280\/373|[from] Stealth Rock
|
|-heal|p1a: Penetrateur|303\/373|[from] item: Black Sludge
|-heal|p2a: Crobat|253\/311|[from] item: Black Sludge
|turn|6
|c|âElismae'|slt
|c|âmliok|lol
|
|switch|p1a: Loreal|Ampharos-Mega, F, shiny|232\/384
|-damage|p1a: Loreal|184\/384|[from] Stealth Rock
|-ability|p1a: Loreal|Mold Breaker
|move|p2a: Crobat|Brave Bird|p1a: Loreal
|-resisted|p1a: Loreal
|-damage|p1a: Loreal|126\/384
|-damage|p2a: Crobat|234\/311|[from] recoil|[of] p1a: Loreal
|
|-heal|p2a: Crobat|253\/311|[from] item: Black Sludge
|turn|7
|
|move|p2a: Crobat|U-turn|p1a: Loreal
|-damage|p1a: Loreal|83\/384
|
|switch|p2a: Torterra|Torterra, F|394\/394
|-damage|p2a: Torterra|370\/394|[from] Stealth Rock
|move|p1a: Loreal|Rest|p1a: Loreal
|-status|p1a: Loreal|slp
|-heal|p1a: Loreal|384\/384 slp|[silent]
|-status|p1a: Loreal|slp|[from] move: Rest
|
|-heal|p2a: Torterra|394\/394|[from] item: Leftovers
|turn|8
|c|@Kaarmaz|Je peux t'appeler Mili ?
|c|âmliok|Personne defog du coup mdrrr
|c|@Kaarmaz|Mliok c'est difficile Ã  prononcer
|join|ChenipÃ¢tes
|c|âmliok|Appelle jb alors plz
|c|@Kaarmaz|k
|
|switch|p2a: Darmanitan|Darmanitan, F|351\/351
|-damage|p2a: Darmanitan|264\/351|[from] Stealth Rock
|switch|p1a: MaisMeurtBordel|Tangrowth, F|404\/404
|-damage|p1a: MaisMeurtBordel|354\/404|[from] Stealth Rock
|
|turn|9
|c|@Kaarmaz|Mais du coup t'as pas rÃ©pondu :c
|c|@Kaarmaz|[19:03:20] @Kaarmaz: et Rotom Ã§a t'irait quand mÃªme ou pas (au cas oÃ¹) ?
|c|@Kaarmaz|rofl
|c|âmliok|Ah ouÃ©, rotom cava
|c|@Kaarmaz|okay
|
|switch|p1a: Loreal|Ampharos-Mega, F, shiny|384\/384 slp
|-damage|p1a: Loreal|336\/384 slp|[from] Stealth Rock
|-ability|p1a: Loreal|Mold Breaker
|move|p2a: Darmanitan|Flare Blitz|p1a: Loreal
|-resisted|p1a: Loreal
|-damage|p1a: Loreal|234\/384 slp
|-damage|p2a: Darmanitan|230\/351|[from] recoil|[of] p1a: Loreal
|
|turn|10
|c|@Kaarmaz|mais prÃ©fÃ©rence pour Roserade ?
|c| ChenipÃ¢tes|srx
|c|âmliok|oui
|c|@Kaarmaz|j'en tiens compte
|c| ChenipÃ¢tes|c l'oreal
|c| ChenipÃ¢tes|pas loreal
|c|@Kaarmaz|Ã§a en fait deux qui prÃ©fÃ¨rent Roserade
|c| ChenipÃ¢tes|srx
|c|âmliok|(et grosse prÃ©ference bouldeneu)
|c|@Kaarmaz|et je suis tout seul Ã  choisir Rotom :c
|c|âmliok|Showdown prend pas les '
|c| ChenipÃ¢tes|triste
|c|@Kaarmaz|y mais stan l'aime pas
|
|move|p2a: Darmanitan|Flare Blitz|p1a: Loreal
|-resisted|p1a: Loreal
|-damage|p1a: Loreal|125\/384 slp
|-damage|p2a: Darmanitan|194\/351|[from] recoil|[of] p1a: Loreal
|cant|p1a: Loreal|slp
|move|p1a: Loreal|Sleep Talk|p1a: Loreal
|move|p1a: Loreal|Rest|p1a: Loreal|[from]Sleep Talk
|-fail|p1a: Loreal
|
|turn|11
|c|@Kaarmaz|et perso 
|c|@Kaarmaz|il est sympa
|
|switch|p2a: Torterra|Torterra, F|394\/394
|-damage|p2a: Torterra|370\/394|[from] Stealth Rock
|cant|p1a: Loreal|slp
|
|-heal|p2a: Torterra|394\/394|[from] item: Leftovers
|turn|12
|c|@Kaarmaz|mais bof pour un emblÃ¨me
|c|âmliok|Oh je me reveille po
|
|switch|p2a: Crobat|Crobat, F|253\/311
|-damage|p2a: Crobat|176\/311|[from] Stealth Rock
|switch|p1a: MaisMeurtBordel|Tangrowth, F|404\/404
|-damage|p1a: MaisMeurtBordel|354\/404|[from] Stealth Rock
|
|-heal|p2a: Crobat|195\/311|[from] item: Black Sludge
|turn|13
|
|move|p2a: Crobat|Defog|p1a: MaisMeurtBordel
|-unboost|p1a: MaisMeurtBordel|evasion|1
|-sideend|p1: mliok|Stealth Rock|[from] move: Defog|[of] p1a: MaisMeurtBordel
|-sideend|p2: Elismae'|Stealth Rock|[from] move: Defog|[of] p2a: Crobat
|move|p1a: MaisMeurtBordel|Sleep Powder|p2a: Crobat
|-status|p2a: Crobat|slp
|
|-heal|p2a: Crobat|214\/311 slp|[from] item: Black Sludge
|turn|14
|
|cant|p2a: Crobat|slp
|move|p1a: MaisMeurtBordel|Knock Off|p2a: Crobat
|-damage|p2a: Crobat|117\/311 slp
|-enditem|p2a: Crobat|Black Sludge|[from] move: Knock Off|[of] p1a: MaisMeurtBordel
|
|turn|15
|c| ChenipÃ¢tes|aok
|c| ChenipÃ¢tes|sleep powder
|c| ChenipÃ¢tes|j'ai cru que
|
|switch|p1a: Loreal|Ampharos-Mega, F, shiny|125\/384 slp
|-ability|p1a: Loreal|Mold Breaker
|-curestatus|p2a: Crobat|slp
|move|p2a: Crobat|Roost|p2a: Crobat
|-heal|p2a: Crobat|273\/311
|
|turn|16
|c| ChenipÃ¢tes|tuÃ©tais rest talk^^^^
|c|âElismae'|ez
|
|move|p2a: Crobat|U-turn|p1a: Loreal
|-damage|p1a: Loreal|81\/384 slp
|
|switch|p2a: Torterra|Torterra, F|394\/394
|-curestatus|p1a: Loreal|slp
|move|p1a: Loreal|Rest|p1a: Loreal
|-status|p1a: Loreal|slp
|-heal|p1a: Loreal|384\/384 slp|[silent]
|-status|p1a: Loreal|slp|[from] move: Rest
|
|turn|17
|c|+Babrutas|elisa aurait pu
|c|âmliok|ca sert Ã  rien avec bouldeneu
|
|switch|p1a: Penetrateur|Crobat, M|303\/373
|move|p2a: Torterra|Stealth Rock|p1a: Penetrateur
|-sidestart|p1: mliok|move: Stealth Rock
|
|-heal|p1a: Penetrateur|326\/373|[from] item: Black Sludge
|turn|18
|
|move|p1a: Penetrateur|Toxic|p2a: Torterra
|-status|p2a: Torterra|tox
|move|p2a: Torterra|Synthesis|p2a: Torterra
|
|-heal|p1a: Penetrateur|349\/373|[from] item: Black Sludge
|-damage|p2a: Torterra|370\/394 tox|[from] psn
|turn|19
|c|âElismae'|tsrx
|c|âmliok|yeah
|
|move|p1a: Penetrateur|Defog|p2a: Torterra
|-unboost|p2a: Torterra|evasion|1
|-sideend|p1: mliok|Stealth Rock|[from] move: Defog|[of] p1a: Penetrateur
|move|p2a: Torterra|Wood Hammer|p1a: Penetrateur
|-resisted|p1a: Penetrateur
|-damage|p1a: Penetrateur|289\/373
|-damage|p2a: Torterra|350\/394 tox|[from] recoil|[of] p1a: Penetrateur
|
|-heal|p1a: Penetrateur|312\/373|[from] item: Black Sludge
|-heal|p2a: Torterra|374\/394 tox|[from] item: Leftovers
|-damage|p2a: Torterra|326\/394 tox|[from] psn
|turn|20
|
|switch|p2a: Suicune|Suicune|404\/404
|-ability|p2a: Suicune|Pressure
|move|p1a: Penetrateur|Brave Bird|p2a: Suicune
|-damage|p2a: Suicune|325\/404
|-damage|p1a: Penetrateur|286\/373|[from] recoil|[of] p2a: Suicune
|
|-heal|p1a: Penetrateur|309\/373|[from] item: Black Sludge
|-heal|p2a: Suicune|350\/404|[from] item: Leftovers
|turn|21
|
|switch|p1a: MaisMeurtBordel|Tangrowth, F|404\/404
|switch|p2a: Blissey|Blissey, F|591\/714
|
|-heal|p2a: Blissey|635\/714|[from] item: Leftovers
|turn|22
|
|move|p2a: Blissey|Wish|p2a: Blissey
|move|p1a: MaisMeurtBordel|Knock Off|p2a: Blissey
|-damage|p2a: Blissey|293\/714
|-enditem|p2a: Blissey|Leftovers|[from] move: Knock Off|[of] p1a: MaisMeurtBordel
|
|turn|23
|c|@Kaarmaz|jb
|c|@Kaarmaz|pour le capitaine
|c|@Kaarmaz|tu verrais bien qui ?
|
|move|p2a: Blissey|Stealth Rock|p1a: MaisMeurtBordel
|-sidestart|p1: mliok|move: Stealth Rock
|move|p1a: MaisMeurtBordel|Sleep Powder|p2a: Blissey|[miss]
|-miss|p1a: MaisMeurtBordel|p2a: Blissey
|
|-heal|p2a: Blissey|650\/714|[from] move: Wish|[wisher] Blissey
|turn|24
|c|âElismae'|en vrai, je sens arriver le cancer match :c
|
|move|p2a: Blissey|Heal Bell|p2a: Blissey
|-cureteam|p2a: Blissey|[from] move: HealBell
|move|p1a: MaisMeurtBordel|Sleep Powder|p2a: Blissey
|-status|p2a: Blissey|slp
|
|turn|25
|
|switch|p2a: Torterra|Torterra, F|326\/394
|move|p1a: MaisMeurtBordel|Toxic|p2a: Torterra
|-status|p2a: Torterra|tox
|
|-heal|p2a: Torterra|350\/394 tox|[from] item: Leftovers
|-damage|p2a: Torterra|326\/394 tox|[from] psn
|turn|26
|c|âElismae'|Tutaret stp
|
|switch|p2a: Blissey|Blissey, F|650\/714
|move|p1a: MaisMeurtBordel|Knock Off|p2a: Blissey
|-damage|p2a: Blissey|448\/714
|
|turn|27
|c|âmliok|Bah toi ou stan
|
|switch|p1a: Choppa|Jirachi|404\/404
|-damage|p1a: Choppa|379\/404|[from] Stealth Rock
|move|p2a: Blissey|Wish|p2a: Blissey
|
|-heal|p1a: Choppa|404\/404|[from] item: Leftovers
|turn|28
|c|@Kaarmaz|stan a dit exactement la mÃªme chose ^^^
|c|@Kaarmaz|on attends l'avis de xFlyhx du coup
|c|@Kaarmaz|(parce que Sharto va dÃ©gager)
|
|move|p2a: Blissey|Protect|p2a: Blissey
|-singleturn|p2a: Blissey|Protect
|move|p1a: Choppa|Stealth Rock|p2a: Blissey
|-sidestart|p2: Elismae'|move: Stealth Rock
|
|-heal|p2a: Blissey|714\/714|[from] move: Wish|[wisher] Blissey
|turn|29
|
|move|p1a: Choppa|Iron Head|p2a: Blissey
|-damage|p2a: Blissey|350\/714
|cant|p2a: Blissey|flinch
|
|turn|30
|
|move|p1a: Choppa|Iron Head|p2a: Blissey
|-damage|p2a: Blissey|0 fnt
|faint|p2a: Blissey
|
|c|âmliok|Yeah, Ã  pu bliss
|
|switch|p2a: Suicune|Suicune|350\/404
|-damage|p2a: Suicune|300\/404|[from] Stealth Rock
|-ability|p2a: Suicune|Pressure
|turn|31
|c|âElismae'|lÃ  j'suis un peu en pls
|
|switch|p1a: MaisMeurtBordel|Tangrowth, F|404\/404
|-damage|p1a: MaisMeurtBordel|354\/404|[from] Stealth Rock
|switch|p2a: Crobat|Crobat, F|273\/311
|-damage|p2a: Crobat|196\/311|[from] Stealth Rock
|
|turn|32
|
|move|p2a: Crobat|Brave Bird|p1a: MaisMeurtBordel
|-supereffective|p1a: MaisMeurtBordel
|-damage|p1a: MaisMeurtBordel|162\/404
|-damage|p2a: Crobat|145\/311|[from] item: Rocky Helmet|[of] p1a: MaisMeurtBordel
|-damage|p2a: Crobat|82\/311|[from] recoil|[of] p1a: MaisMeurtBordel
|move|p1a: MaisMeurtBordel|Sleep Powder|p2a: Crobat|[miss]
|-miss|p1a: MaisMeurtBordel|p2a: Crobat
|
|turn|33
|c|âmliok|FlÃ»te
|
|switch|p1a: Choppa|Jirachi|404\/404
|-damage|p1a: Choppa|379\/404|[from] Stealth Rock
|move|p2a: Crobat|Roost|p2a: Crobat
|-heal|p2a: Crobat|238\/311
|
|-heal|p1a: Choppa|404\/404|[from] item: Leftovers
|turn|34
|
|move|p2a: Crobat|Defog|p1a: Choppa
|-unboost|p1a: Choppa|evasion|1
|-sideend|p1: mliok|Stealth Rock|[from] move: Defog|[of] p1a: Choppa
|-sideend|p2: Elismae'|Stealth Rock|[from] move: Defog|[of] p2a: Crobat
|move|p1a: Choppa|Iron Head|p2a: Crobat
|-damage|p2a: Crobat|130\/311
|
|turn|35
|
|move|p2a: Crobat|Roost|p2a: Crobat
|-heal|p2a: Crobat|286\/311
|move|p1a: Choppa|Stealth Rock|p2a: Crobat
|-sidestart|p2: Elismae'|move: Stealth Rock
|
|turn|36
|
|move|p2a: Crobat|Defog|p1a: Choppa
|-unboost|p1a: Choppa|evasion|1
|-sideend|p2: Elismae'|Stealth Rock|[from] move: Defog|[of] p2a: Crobat
|move|p1a: Choppa|Thunder Wave|p2a: Crobat
|-status|p2a: Crobat|par
|
|turn|37
|
|switch|p2a: Torterra|Torterra, F|326\/394 tox
|move|p1a: Choppa|Stealth Rock|p2a: Torterra
|-sidestart|p2: Elismae'|move: Stealth Rock
|
|-heal|p2a: Torterra|350\/394 tox|[from] item: Leftovers
|-damage|p2a: Torterra|326\/394 tox|[from] psn
|turn|38
|
|switch|p1a: Penis snake|Milotic, M|394\/394
|move|p2a: Torterra|Synthesis|p2a: Torterra
|-heal|p2a: Torterra|394\/394 tox
|
|-damage|p2a: Torterra|346\/394 tox|[from] psn
|turn|39
|
|switch|p1a: MaisMeurtBordel|Tangrowth, F|296\/404
|move|p2a: Torterra|Wood Hammer|p1a: MaisMeurtBordel
|-resisted|p1a: MaisMeurtBordel
|-damage|p1a: MaisMeurtBordel|234\/404
|-damage|p2a: Torterra|281\/394 tox|[from] item: Rocky Helmet|[of] p1a: MaisMeurtBordel
|-damage|p2a: Torterra|261\/394 tox|[from] recoil|[of] p1a: MaisMeurtBordel
|
|-heal|p2a: Torterra|285\/394 tox|[from] item: Leftovers
|-damage|p2a: Torterra|213\/394 tox|[from] psn
|turn|40
|
|move|p2a: Torterra|Synthesis|p2a: Torterra
|-heal|p2a: Torterra|394\/394 tox
|move|p1a: MaisMeurtBordel|Knock Off|p2a: Torterra
|-damage|p2a: Torterra|326\/394 tox
|-enditem|p2a: Torterra|Leftovers|[from] move: Knock Off|[of] p1a: MaisMeurtBordel
|
|-damage|p2a: Torterra|230\/394 tox|[from] psn
|turn|41
|
|move|p2a: Torterra|Stealth Rock|p1a: MaisMeurtBordel
|-sidestart|p1: mliok|move: Stealth Rock
|move|p1a: MaisMeurtBordel|Giga Drain|p2a: Torterra
|-damage|p2a: Torterra|119\/394 tox
|-heal|p1a: MaisMeurtBordel|290\/404|[from] drain|[of] p2a: Torterra
|
|-damage|p2a: Torterra|0 fnt|[from] psn
|faint|p2a: Torterra
|
|switch|p2a: Crobat|Crobat, F|286\/311 par
|-damage|p2a: Crobat|209\/311 par|[from] Stealth Rock
|turn|42
|c|+Babrutas|ah
|
|switch|p1a: Loreal|Ampharos-Mega, F, shiny|384\/384 slp
|-damage|p1a: Loreal|336\/384 slp|[from] Stealth Rock
|-ability|p1a: Loreal|Mold Breaker
|move|p2a: Crobat|Defog|p1a: Loreal
|-unboost|p1a: Loreal|evasion|1
|-sideend|p1: mliok|Stealth Rock|[from] move: Defog|[of] p1a: Loreal
|-sideend|p2: Elismae'|Stealth Rock|[from] move: Defog|[of] p2a: Crobat
|
|turn|43
|c|+Babrutas|premier pokÃ© mort chez Elisa
|c|+Babrutas|dsl tu looses elisa
|c|@Kaarmaz|oh
|c|âmliok|deuxiÃ¨me
|
|cant|p1a: Loreal|slp
|move|p1a: Loreal|Sleep Talk|p1a: Loreal
|move|p1a: Loreal|Rest|p1a: Loreal|[from]Sleep Talk
|-fail|p1a: Loreal
|move|p2a: Crobat|U-turn|p1a: Loreal
|-damage|p1a: Loreal|291\/384 slp
|c|@Kaarmaz|Le prÃ©nom d'Elismae c Elisa ?
|c|âElismae'|nn
|
|switch|p2a: Alakazam|Alakazam, F|252\/252
|
|turn|44
|c|@Kaarmaz|ah :c
|c|âElismae'|axel
|c|âElismae'|c + viril
|c|@Kaarmaz|AH OUI
|c|+Babrutas|axelle*
|c| ChenipÃ¢tes|ce prÃ©nom qui gÃ¢che tout
|c|@Kaarmaz|T'es un mec
|
|switch|p1a: Penis snake|Milotic, M|394\/394
|move|p2a: Alakazam|Focus Blast|p1a: Penis snake|[miss]
|-miss|p2a: Alakazam|p1a: Penis snake
|
|turn|45
|c|@Kaarmaz|j'avais oubliÃ©
|
|move|p2a: Alakazam|Calm Mind|p2a: Alakazam
|-boost|p2a: Alakazam|spa|1
|-boost|p2a: Alakazam|spd|1
|move|p1a: Penis snake|Mirror Coat|p2a: Alakazam
|-fail|p2a: Alakazam
|
|turn|46
|
|switch|p1a: Choppa|Jirachi|404\/404
|move|p2a: Alakazam|Energy Ball|p1a: Choppa
|-resisted|p1a: Choppa
|-damage|p1a: Choppa|346\/404
|
|-heal|p1a: Choppa|371\/404|[from] item: Leftovers
|turn|47
|
|move|p2a: Alakazam|Focus Blast|p1a: Choppa
|-damage|p1a: Choppa|223\/404
|-unboost|p1a: Choppa|spd|1
|move|p1a: Choppa|Thunder Wave|p2a: Alakazam
|-status|p2a: Alakazam|par
|
|-heal|p1a: Choppa|248\/404|[from] item: Leftovers
|turn|48
|
|move|p1a: Choppa|Iron Head|p2a: Alakazam
|-damage|p2a: Alakazam|60\/252 par
|cant|p2a: Alakazam|flinch
|
|-heal|p1a: Choppa|273\/404|[from] item: Leftovers
|turn|49
|
|move|p1a: Choppa|Iron Head|p2a: Alakazam
|-damage|p2a: Alakazam|0 fnt
|faint|p2a: Alakazam
|
|-heal|p1a: Choppa|298\/404|[from] item: Leftovers
|c|âmliok|@dÃ©dicasse Kamaz
|c|âmliok|Kaarmaz*
|
|switch|p2a: Darmanitan|Darmanitan, F|194\/351
|turn|50
|c|âmliok|C'est pas un togÃ©tic qui flinch rien Ã§a :p
|c|@Kaarmaz|yyyy
|
|switch|p1a: Loreal|Ampharos-Mega, F, shiny|291\/384 slp
|-ability|p1a: Loreal|Mold Breaker
|move|p2a: Darmanitan|U-turn|p1a: Loreal
|-damage|p1a: Loreal|232\/384 slp
|
|switch|p2a: Crobat|Crobat, F|209\/311 par
|
|turn|51
|
|cant|p1a: Loreal|slp
|move|p1a: Loreal|Sleep Talk|p1a: Loreal
|move|p1a: Loreal|Volt Switch|p2a: Crobat|[from]Sleep Talk
|-supereffective|p2a: Crobat
|-damage|p2a: Crobat|0 fnt
|faint|p2a: Crobat
|
|switch|p1a: MaisMeurtBordel|Tangrowth, F|404\/404
|
|
|switch|p2a: Darmanitan|Darmanitan, F|194\/351
|turn|52
|
|switch|p1a: Penis snake|Milotic, M|394\/394
|move|p2a: Darmanitan|Flare Blitz|p1a: Penis snake
|-resisted|p1a: Penis snake
|-damage|p1a: Penis snake|232\/394
|-damage|p2a: Darmanitan|141\/351|[from] recoil|[of] p1a: Penis snake
|
|-heal|p1a: Penis snake|256\/394|[from] item: Leftovers
|turn|53
|
|move|p2a: Darmanitan|Flare Blitz|p1a: Penis snake
|-resisted|p1a: Penis snake
|-damage|p1a: Penis snake|64\/394
|-damage|p2a: Darmanitan|78\/351|[from] recoil|[of] p1a: Penis snake
|move|p1a: Penis snake|Toxic|p2a: Darmanitan
|-status|p2a: Darmanitan|tox
|
|-heal|p1a: Penis snake|88\/394|[from] item: Leftovers
|-damage|p2a: Darmanitan|57\/351 tox|[from] psn
|turn|54
|
|switch|p1a: Loreal|Ampharos-Mega, F, shiny|232\/384 slp
|-ability|p1a: Loreal|Mold Breaker
|move|p2a: Darmanitan|Flare Blitz|p1a: Loreal
|-resisted|p1a: Loreal
|-damage|p1a: Loreal|123\/384 slp
|-damage|p2a: Darmanitan|21\/351 tox|[from] recoil|[of] p1a: Loreal
|
|-damage|p2a: Darmanitan|0 fnt|[from] psn
|faint|p2a: Darmanitan
|
|switch|p2a: Suicune|Suicune|300\/404
|-ability|p2a: Suicune|Pressure
|turn|55
|
|move|p2a: Suicune|Scald|p1a: Loreal
|-resisted|p1a: Loreal
|-damage|p1a: Loreal|86\/384 slp
|-curestatus|p1a: Loreal|slp
|move|p1a: Loreal|Volt Switch|p2a: Suicune
|-supereffective|p2a: Suicune
|-damage|p2a: Suicune|58\/404
|
|switch|p1a: Eldemenageur|Toxicroak, M|307\/307
|
|-heal|p2a: Suicune|83\/404|[from] item: Leftovers
|turn|56
|c|âmliok|gg
|
|move|p1a: Eldemenageur|Drain Punch|p2a: Suicune
|-damage|p2a: Suicune|0 fnt
|-damage|p1a: Eldemenageur|277\/307|[from] item: Life Orb
|faint|p2a: Suicune
|
|win|mliok
|c|âElismae'|gg