|join|mliok
|join|Azkul
|player|p1|mliok|265
|player|p2|Azkul|54
|gametype|singles
|gen|6
|tier|UU
|rule|Sleep Clause Mod: Limit one foe put to sleep
|rule|Species Clause: Limit one of each PokÃ©mon
|rule|OHKO Clause: OHKO moves are banned
|rule|Moody Clause: Moody is banned
|rule|Evasion Moves Clause: Evasion moves are banned
|rule|Endless Battle Clause: Forcing endless battles is banned
|rule|HP Percentage Mod: HP is shown in percentages
|clearpoke
|poke|p1|Tangrowth, F
|poke|p1|Milotic, M
|poke|p1|Toxicroak, M
|poke|p1|Jirachi
|poke|p1|Crobat, M
|poke|p1|Ampharos, F, shiny
|poke|p2|Aromatisse, M
|poke|p2|Swampert, M
|poke|p2|Chandelure, F
|poke|p2|Krookodile, M
|poke|p2|Crobat, M
|poke|p2|Ampharos, F
|rule|Swagger Clause: Swagger is banned
|rule|Baton Pass Clause: Limit one PokÃ©mon knowing Baton Pass
|teampreview
|c|âmliok|gl
|join|Kaarmaz
|c|âAzkul|u2
|
|start
|switch|p1a: Loreal|Ampharos, F, shiny|384\/384
|switch|p2a: K-Way|Crobat, M|373\/373
|turn|1
|
|detailschange|p1a: Loreal|Ampharos-Mega, F, shiny
|message|Ampharos has Mega Evolved into Mega Ampharos!
|-ability|p1a: Loreal|Mold Breaker
|move|p2a: K-Way|U-turn|p1a: Loreal
|-damage|p1a: Loreal|347\/384
|
|switch|p2a: La Loutre|Swampert, M|404\/404
|move|p1a: Loreal|Dragon Pulse|p2a: La Loutre
|-damage|p2a: La Loutre|242\/404
|
|-heal|p2a: La Loutre|267\/404|[from] item: Leftovers
|turn|2
|join|zyad1234
|
|move|p2a: La Loutre|Stealth Rock|p1a: Loreal
|-sidestart|p1: mliok|move: Stealth Rock
|move|p1a: Loreal|Dragon Pulse|p2a: La Loutre
|-damage|p2a: La Loutre|86\/404
|
|-heal|p2a: La Loutre|111\/404|[from] item: Leftovers
|turn|3
|c| zyad1234|bonne chance
|
|move|p2a: La Loutre|Earthquake|p1a: Loreal
|-supereffective|p1a: Loreal
|-damage|p1a: Loreal|165\/384
|move|p1a: Loreal|Dragon Pulse|p2a: La Loutre
|-crit|p2a: La Loutre
|-damage|p2a: La Loutre|0 fnt
|faint|p2a: La Loutre
|
|
|switch|p2a: Mme Aroma|Aromatisse, M|406\/406
|turn|4
|
|switch|p1a: Penetrateur|Crobat, M|373\/373
|-damage|p1a: Penetrateur|280\/373|[from] Stealth Rock
|move|p2a: Mme Aroma|Moonblast|p1a: Penetrateur
|-resisted|p1a: Penetrateur
|-damage|p1a: Penetrateur|217\/373
|
|-heal|p1a: Penetrateur|240\/373|[from] item: Black Sludge
|turn|5
|c|âAzkul|ce surnom
|c|@Kaarmaz|gg le surnom
|c|âAzkul|on dirait une traduction quÃ©bÃ©coise ^^
|c| zyad1234|joli surnom
|
|switch|p2a: Batterie de poche|Ampharos, F|384\/384
|move|p1a: Penetrateur|Defog|p2a: Batterie de poche
|-unboost|p2a: Batterie de poche|evasion|1
|-sideend|p1: mliok|Stealth Rock|[from] move: Defog|[of] p1a: Penetrateur
|
|-heal|p1a: Penetrateur|263\/373|[from] item: Black Sludge
|turn|6
|c|âmliok|Bah c'est plus joli qu'infiltrateur x)
|
|switch|p1a: Loreal|Ampharos-Mega, F, shiny|165\/384
|-ability|p1a: Loreal|Mold Breaker
|detailschange|p2a: Batterie de poche|Ampharos-Mega, F
|message|Ampharos has Mega Evolved into Mega Ampharos!
|-ability|p2a: Batterie de poche|Mold Breaker
|move|p2a: Batterie de poche|Volt Switch|p1a: Loreal
|-resisted|p1a: Loreal
|-damage|p1a: Loreal|129\/384
|
|switch|p2a: Krookodile|Krookodile, M|332\/332
|
|turn|7
|
|switch|p1a: MaisMeurtBordel|Tangrowth, F|404\/404
|move|p2a: Krookodile|Knock Off|p1a: MaisMeurtBordel
|-damage|p1a: MaisMeurtBordel|308\/404
|-damage|p2a: Krookodile|277\/332|[from] item: Rocky Helmet|[of] p1a: MaisMeurtBordel
|-enditem|p1a: MaisMeurtBordel|Rocky Helmet|[from] move: Knock Off|[of] p2a: Krookodile
|
|turn|8
|
|switch|p2a: K-Way|Crobat, M|373\/373
|move|p1a: MaisMeurtBordel|Knock Off|p2a: K-Way
|-damage|p2a: K-Way|288\/373
|-enditem|p2a: K-Way|Black Sludge|[from] move: Knock Off|[of] p1a: MaisMeurtBordel
|
|turn|9
|
|switch|p1a: Choppa|Jirachi|404\/404
|move|p2a: K-Way|Taunt|p1a: Choppa
|-start|p1a: Choppa|move: Taunt
|
|turn|10
|
|switch|p1a: Penetrateur|Crobat, M|263\/373
|move|p2a: K-Way|U-turn|p1a: Penetrateur
|-resisted|p1a: Penetrateur
|-damage|p1a: Penetrateur|246\/373
|
|switch|p2a: Krookodile|Krookodile, M|277\/332
|
|-heal|p1a: Penetrateur|269\/373|[from] item: Black Sludge
|turn|11
|
|switch|p1a: Eldemenageur|Toxicroak, M|307\/307
|move|p2a: Krookodile|Knock Off|p1a: Eldemenageur
|-resisted|p1a: Eldemenageur
|-damage|p1a: Eldemenageur|187\/307
|-enditem|p1a: Eldemenageur|Life Orb|[from] move: Knock Off|[of] p2a: Krookodile
|
|turn|12
|
|switch|p2a: Desespoir|Chandelure, F|261\/261
|move|p1a: Eldemenageur|Gunk Shot|p2a: Desespoir
|-resisted|p2a: Desespoir
|-damage|p2a: Desespoir|147\/261
|
|-heal|p2a: Desespoir|163\/261|[from] item: Leftovers
|turn|13
|
|switch|p1a: Penetrateur|Crobat, M|269\/373
|move|p2a: Desespoir|Substitute|p2a: Desespoir
|-start|p2a: Desespoir|Substitute
|-damage|p2a: Desespoir|98\/261
|
|-heal|p1a: Penetrateur|292\/373|[from] item: Black Sludge
|-heal|p2a: Desespoir|114\/261|[from] item: Leftovers
|turn|14
|c|âAzkul|fuck
|
|move|p1a: Penetrateur|Brave Bird|p2a: Desespoir
|-damage|p2a: Desespoir|0 fnt
|-damage|p1a: Penetrateur|254\/373|[from] recoil|[of] p2a: Desespoir
|faint|p2a: Desespoir
|
|-heal|p1a: Penetrateur|277\/373|[from] item: Black Sludge
|
|switch|p2a: Batterie de poche|Ampharos-Mega, F|384\/384
|-ability|p2a: Batterie de poche|Mold Breaker
|turn|15
|
|move|p1a: Penetrateur|Roost|p1a: Penetrateur
|-heal|p1a: Penetrateur|373\/373
|move|p2a: Batterie de poche|Volt Switch|p1a: Penetrateur
|-damage|p1a: Penetrateur|172\/373
|
|switch|p2a: Krookodile|Krookodile, M|277\/332
|
|-heal|p1a: Penetrateur|195\/373|[from] item: Black Sludge
|turn|16
|
|switch|p1a: MaisMeurtBordel|Tangrowth, F|404\/404
|move|p2a: Krookodile|Stone Edge|p1a: MaisMeurtBordel
|-damage|p1a: MaisMeurtBordel|330\/404
|
|turn|17
|
|switch|p2a: Mme Aroma|Aromatisse, M|406\/406
|move|p1a: MaisMeurtBordel|Leech Seed|p2a: Mme Aroma
|-start|p2a: Mme Aroma|move: Leech Seed
|
|-damage|p2a: Mme Aroma|356\/406|[from] Leech Seed|[of] p1a: MaisMeurtBordel
|-heal|p1a: MaisMeurtBordel|380\/404|[silent]
|turn|18
|c|âAzkul|en tout cas
|c|âAzkul|gg
|
|switch|p1a: Choppa|Jirachi|404\/404
|move|p2a: Mme Aroma|Moonblast|p1a: Choppa
|-resisted|p1a: Choppa
|-damage|p1a: Choppa|362\/404
|
|-heal|p1a: Choppa|387\/404|[from] item: Leftovers
|-heal|p2a: Mme Aroma|381\/406|[from] item: Leftovers
|-damage|p2a: Mme Aroma|331\/406|[from] Leech Seed|[of] p1a: Choppa
|-heal|p1a: Choppa|404\/404|[silent]
|turn|19
|c|âmliok|Bah c'est pas fini
|
|switch|p2a: Krookodile|Krookodile, M|277\/332
|move|p1a: Choppa|Stealth Rock|p2a: Krookodile
|-sidestart|p2: Azkul|move: Stealth Rock
|
|turn|20
|
|switch|p1a: MaisMeurtBordel|Tangrowth, F|404\/404
|move|p2a: Krookodile|Knock Off|p1a: MaisMeurtBordel
|-damage|p1a: MaisMeurtBordel|335\/404
|
|turn|21
|c| zyad1234|l'un de vous deux a une team metroshedinja?
|c|âAzkul|ton surnom est bien trouvÃ©
|
|switch|p2a: Batterie de poche|Ampharos-Mega, F|384\/384
|-damage|p2a: Batterie de poche|336\/384|[from] Stealth Rock
|-ability|p2a: Batterie de poche|Mold Breaker
|switch|p1a: Penis snake|Milotic, M|394\/394
|
|turn|22
|c|âAzkul|je dÃ©teste cette chose
|
|move|p2a: Batterie de poche|Thunderbolt|p1a: Penis snake
|-supereffective|p1a: Penis snake
|-damage|p1a: Penis snake|154\/394
|move|p1a: Penis snake|Mirror Coat|p2a: Batterie de poche
|-damage|p2a: Batterie de poche|0 fnt
|faint|p2a: Batterie de poche
|
|-heal|p1a: Penis snake|178\/394|[from] item: Leftovers
|
|switch|p2a: K-Way|Crobat, M|288\/373
|-damage|p2a: K-Way|195\/373|[from] Stealth Rock
|turn|23
|c|âmliok|lol 
|c|âAzkul|de toute faÃ§on j'ai perdu
|
|move|p2a: K-Way|U-turn|p1a: Penis snake
|-damage|p1a: Penis snake|116\/394
|
|switch|p2a: Mme Aroma|Aromatisse, M|331\/406
|-damage|p2a: Mme Aroma|281\/406|[from] Stealth Rock
|move|p1a: Penis snake|Recover|p1a: Penis snake
|-heal|p1a: Penis snake|313\/394
|
|-heal|p1a: Penis snake|337\/394|[from] item: Leftovers
|-heal|p2a: Mme Aroma|306\/406|[from] item: Leftovers
|turn|24
|
|switch|p1a: Penetrateur|Crobat, M|195\/373
|move|p2a: Mme Aroma|Moonblast|p1a: Penetrateur
|-resisted|p1a: Penetrateur
|-damage|p1a: Penetrateur|124\/373
|
|-heal|p1a: Penetrateur|147\/373|[from] item: Black Sludge
|-heal|p2a: Mme Aroma|331\/406|[from] item: Leftovers
|turn|25
|
|move|p1a: Penetrateur|Brave Bird|p2a: Mme Aroma
|-damage|p2a: Mme Aroma|168\/406
|-damage|p1a: Penetrateur|93\/373|[from] recoil|[of] p2a: Mme Aroma
|move|p2a: Mme Aroma|Moonblast|p1a: Penetrateur
|-resisted|p1a: Penetrateur
|-damage|p1a: Penetrateur|22\/373
|-unboost|p1a: Penetrateur|spa|1
|
|-heal|p1a: Penetrateur|45\/373|[from] item: Black Sludge
|-heal|p2a: Mme Aroma|193\/406|[from] item: Leftovers
|turn|26
|
|move|p1a: Penetrateur|Roost|p1a: Penetrateur
|-heal|p1a: Penetrateur|232\/373
|move|p2a: Mme Aroma|Wish|p2a: Mme Aroma
|
|-heal|p1a: Penetrateur|255\/373|[from] item: Black Sludge
|-heal|p2a: Mme Aroma|218\/406|[from] item: Leftovers
|turn|27
|
|move|p1a: Penetrateur|Brave Bird|p2a: Mme Aroma
|-damage|p2a: Mme Aroma|44\/406
|-damage|p1a: Penetrateur|198\/373|[from] recoil|[of] p2a: Mme Aroma
|move|p2a: Mme Aroma|Moonblast|p1a: Penetrateur
|-resisted|p1a: Penetrateur
|-damage|p1a: Penetrateur|127\/373
|
|-heal|p2a: Mme Aroma|247\/406|[from] move: Wish|[wisher] Mme Aroma
|-heal|p1a: Penetrateur|150\/373|[from] item: Black Sludge
|-heal|p2a: Mme Aroma|272\/406|[from] item: Leftovers
|turn|28
|
|move|p1a: Penetrateur|Brave Bird|p2a: Mme Aroma
|-damage|p2a: Mme Aroma|107\/406
|-damage|p1a: Penetrateur|96\/373|[from] recoil|[of] p2a: Mme Aroma
|move|p2a: Mme Aroma|Wish|p2a: Mme Aroma
|
|-heal|p1a: Penetrateur|119\/373|[from] item: Black Sludge
|-heal|p2a: Mme Aroma|132\/406|[from] item: Leftovers
|turn|29
|
|move|p2a: Mme Aroma|Protect|p2a: Mme Aroma
|-singleturn|p2a: Mme Aroma|Protect
|move|p1a: Penetrateur|Brave Bird|p2a: Mme Aroma
|-activate|p2a: Mme Aroma|Protect
|
|-heal|p2a: Mme Aroma|335\/406|[from] move: Wish|[wisher] Mme Aroma
|-heal|p1a: Penetrateur|142\/373|[from] item: Black Sludge
|-heal|p2a: Mme Aroma|360\/406|[from] item: Leftovers
|turn|30
|
|move|p1a: Penetrateur|Toxic|p2a: Mme Aroma
|-status|p2a: Mme Aroma|tox
|move|p2a: Mme Aroma|Wish|p2a: Mme Aroma
|
|-heal|p1a: Penetrateur|165\/373|[from] item: Black Sludge
|-heal|p2a: Mme Aroma|385\/406 tox|[from] item: Leftovers
|-damage|p2a: Mme Aroma|360\/406 tox|[from] psn
|turn|31
|
|switch|p1a: Eldemenageur|Toxicroak, M|187\/307
|move|p2a: Mme Aroma|Moonblast|p1a: Eldemenageur
|-damage|p1a: Eldemenageur|33\/307
|
|-heal|p2a: Mme Aroma|406\/406 tox|[from] move: Wish|[wisher] Mme Aroma
|-damage|p2a: Mme Aroma|356\/406 tox|[from] psn
|turn|32
|
|move|p1a: Eldemenageur|Gunk Shot|p2a: Mme Aroma
|-supereffective|p2a: Mme Aroma
|-damage|p2a: Mme Aroma|0 fnt
|faint|p2a: Mme Aroma
|
|
|switch|p2a: K-Way|Crobat, M|195\/373
|-damage|p2a: K-Way|102\/373|[from] Stealth Rock
|turn|33
|
|move|p2a: K-Way|Defog|p1a: Eldemenageur
|-unboost|p1a: Eldemenageur|evasion|1
|-sideend|p2: Azkul|Stealth Rock|[from] move: Defog|[of] p2a: K-Way
|move|p1a: Eldemenageur|Gunk Shot|p2a: K-Way
|-crit|p2a: K-Way
|-resisted|p2a: K-Way
|-damage|p2a: K-Way|0 fnt
|faint|p2a: K-Way
|
|c|âAzkul|j'ai paumÃ© de toute faÃ§on
|c|âmliok|gg
|
|switch|p2a: Krookodile|Krookodile, M|277\/332
|turn|34
|
|move|p2a: Krookodile|Earthquake|p1a: Eldemenageur
|-supereffective|p1a: Eldemenageur
|-damage|p1a: Eldemenageur|0 fnt
|faint|p1a: Eldemenageur
|-boost|p2a: Krookodile|atk|1|[from] ability: Moxie
|
|
|switch|p1a: MaisMeurtBordel|Tangrowth, F|404\/404
|turn|35
|c|âAzkul|sans ce bouldeneu de mes deux
|c|âAzkul|srx
|
|move|p2a: Krookodile|Earthquake|p1a: MaisMeurtBordel
|-resisted|p1a: MaisMeurtBordel
|-damage|p1a: MaisMeurtBordel|325\/404
|move|p1a: MaisMeurtBordel|Giga Drain|p2a: Krookodile
|-supereffective|p2a: Krookodile
|-damage|p2a: Krookodile|13\/332
|-heal|p1a: MaisMeurtBordel|404\/404|[from] drain|[of] p2a: Krookodile
|
|turn|36
|c|âmliok|hÃ©hÃ© :)
|
|move|p2a: Krookodile|Earthquake|p1a: MaisMeurtBordel
|-resisted|p1a: MaisMeurtBordel
|-damage|p1a: MaisMeurtBordel|332\/404
|move|p1a: MaisMeurtBordel|Giga Drain|p2a: Krookodile
|-supereffective|p2a: Krookodile
|-damage|p2a: Krookodile|0 fnt
|-heal|p1a: MaisMeurtBordel|339\/404|[from] drain|[of] p2a: Krookodile
|faint|p2a: Krookodile
|
|win|mliok
|c|âAzkul|en fait
|c|âAzkul|j'ai mal jouÃ© dÃ¨s le dÃ©but
|c|âAzkul|avec Laggron
|c| zyad1234|gg a vous 2
|leave|Kaarmaz
|c|âAzkul|mais franchement, gg !
|leave|zyad1234
|c|âmliok|thanks, mais ampharos tiens bien ses sÃ©isme aussi
|c|âAzkul|oui
|c|âAzkul|j'aurais du envoyer coco
|c|âmliok|Il tiens sÃ©isme aussi
|c|âAzkul|oui
|c|âmliok|(et j'aurai prÃ©fÃ¨rer tuer ton croco)
|c|âAzkul|mais en fait, je joue le mien avec focus blast
|c|âAzkul|d'ampharos
|c|âAzkul|et je pensais que tu allais l'utiliser
|c|âmliok|il est sleep talker
|c|âAzkul|pour prÃ©direr un switch sur le croco
|c|âAzkul|*prÃ©dire
|c|âAzkul|mais je suis noob :c