|join|mliok
|join|UlamÃ¸g
|player|p1|mliok|170
|player|p2|UlamÃ¸g|163
|gametype|singles
|gen|6
|tier|UU
|rule|Sleep Clause Mod: Limit one foe put to sleep
|rule|Species Clause: Limit one of each PokÃ©mon
|rule|OHKO Clause: OHKO moves are banned
|rule|Moody Clause: Moody is banned
|rule|Evasion Moves Clause: Evasion moves are banned
|rule|Endless Battle Clause: Forcing endless battles is banned
|rule|HP Percentage Mod: HP is shown in percentages
|clearpoke
|poke|p1|Tangrowth, F
|poke|p1|Milotic, M
|poke|p1|Toxicroak, M
|poke|p1|Jirachi
|poke|p1|Crobat, M
|poke|p1|Ampharos, F, shiny
|poke|p2|Drapion, F
|poke|p2|Crobat, M
|poke|p2|Absol, M
|poke|p2|Espeon, M
|poke|p2|Chandelure, M
|poke|p2|Porygon2
|rule|Swagger Clause: Swagger is banned
|rule|Baton Pass Clause: Limit one PokÃ©mon knowing Baton Pass
|teampreview
|c|âUlamÃ¸g|GL
|c|âmliok|Yo, survivor ou pas ?
|c|âmliok|gl
|c|âUlamÃ¸g|si tu veux, je ne sais pas je suis a combien de victoire d'affilÃ©
|c|âmliok|ok
|
|start
|switch|p1a: Loreal|Ampharos, F, shiny|384\/384
|switch|p2a: Drapion|Drapion, F|344\/344
|turn|1
|
|detailschange|p1a: Loreal|Ampharos-Mega, F, shiny
|message|Ampharos has Mega Evolved into Mega Ampharos!
|-ability|p1a: Loreal|Mold Breaker
|move|p2a: Drapion|Toxic Spikes|p1a: Loreal
|-sidestart|p1: mliok|move: Toxic Spikes
|move|p1a: Loreal|Volt Switch|p2a: Drapion
|-damage|p2a: Drapion|194\/344
|join|Azkul
|
|switch|p1a: Eldemenageur|Toxicroak, M|307\/307
|-sideend|p1: mliok|move: Toxic Spikes|[of] p1a: Eldemenageur
|
|turn|2
|
|switch|p1a: MaisMeurtBordel|Tangrowth, F|404\/404
|move|p2a: Drapion|Knock Off|p1a: MaisMeurtBordel
|-damage|p1a: MaisMeurtBordel|343\/404
|-damage|p2a: Drapion|137\/344|[from] item: Rocky Helmet|[of] p1a: MaisMeurtBordel
|-enditem|p1a: MaisMeurtBordel|Rocky Helmet|[from] move: Knock Off|[of] p2a: Drapion
|
|turn|3
|c|@Azkul|lu
|c|âmliok|lu
|
|switch|p2a: Espeon|Espeon, M|272\/272
|switch|p1a: Loreal|Ampharos-Mega, F, shiny|384\/384
|-ability|p1a: Loreal|Mold Breaker
|
|turn|4
|
|move|p2a: Espeon|Calm Mind|p2a: Espeon
|-boost|p2a: Espeon|spa|1
|-boost|p2a: Espeon|spd|1
|move|p1a: Loreal|Volt Switch|p2a: Espeon
|-damage|p2a: Espeon|175\/272
|
|switch|p1a: Eldemenageur|Toxicroak, M|307\/307
|
|turn|5
|
|move|p2a: Espeon|Psychic|p1a: Eldemenageur
|-supereffective|p1a: Eldemenageur
|-damage|p1a: Eldemenageur|0 fnt
|faint|p1a: Eldemenageur
|
|
|switch|p1a: Choppa|Jirachi|404\/404
|turn|6
|
|switch|p2a: Chandelure|Chandelure, M|262\/262
|move|p1a: Choppa|Iron Head|p2a: Chandelure
|-resisted|p2a: Chandelure
|-damage|p2a: Chandelure|207\/262
|
|turn|7
|
|switch|p1a: Penis snake|Milotic, M|394\/394
|move|p2a: Chandelure|Fire Blast|p1a: Penis snake
|-resisted|p1a: Penis snake
|-damage|p1a: Penis snake|324\/394
|
|-heal|p1a: Penis snake|348\/394|[from] item: Leftovers
|turn|8
|
|switch|p2a: Drapion|Drapion, F|137\/344
|move|p1a: Penis snake|Toxic|p2a: Drapion
|-fail|p2a: Drapion
|
|-heal|p1a: Penis snake|372\/394|[from] item: Leftovers
|turn|9
|
|switch|p1a: Loreal|Ampharos-Mega, F, shiny|384\/384
|-ability|p1a: Loreal|Mold Breaker
|move|p2a: Drapion|Toxic Spikes|p1a: Loreal
|-sidestart|p1: mliok|move: Toxic Spikes
|
|turn|10
|
|move|p2a: Drapion|Knock Off|p1a: Loreal
|-damage|p1a: Loreal|333\/384
|move|p1a: Loreal|Volt Switch|p2a: Drapion
|-damage|p2a: Drapion|0 fnt
|faint|p2a: Drapion
|
|switch|p1a: Penetrateur|Crobat, M|373\/373
|
|
|switch|p2a: Crobat|Crobat, M|312\/312
|turn|11
|
|move|p1a: Penetrateur|Defog|p2a: Crobat
|-unboost|p2a: Crobat|evasion|1
|-sideend|p1: mliok|Toxic Spikes|[from] move: Defog|[of] p1a: Penetrateur
|move|p2a: Crobat|Nasty Plot|p2a: Crobat
|-boost|p2a: Crobat|spa|2
|
|turn|12
|
|switch|p1a: Loreal|Ampharos-Mega, F, shiny|333\/384
|-ability|p1a: Loreal|Mold Breaker
|move|p2a: Crobat|Heat Wave|p1a: Loreal
|-resisted|p1a: Loreal
|-damage|p1a: Loreal|260\/384
|
|turn|13
|
|switch|p2a: Porygon2|Porygon2|374\/374
|-ability|p2a: Porygon2|Mold Breaker|[from] ability: Trace|[of] p1a: Loreal
|-ability|p2a: Porygon2|Mold Breaker
|move|p1a: Loreal|Volt Switch|p2a: Porygon2
|-damage|p2a: Porygon2|283\/374
|
|switch|p1a: MaisMeurtBordel|Tangrowth, F|404\/404
|
|turn|14
|
|switch|p2a: Espeon|Espeon, M|175\/272
|move|p1a: MaisMeurtBordel|Knock Off|p2a: Espeon
|-supereffective|p2a: Espeon
|-damage|p2a: Espeon|0 fnt
|-enditem|p2a: Espeon|Petaya Berry|[from] move: Knock Off|[of] p1a: MaisMeurtBordel
|faint|p2a: Espeon
|
|
|switch|p2a: Absol|Absol, M|272\/272
|turn|15
|
|move|p2a: Absol|Swords Dance|p2a: Absol
|-boost|p2a: Absol|atk|2
|move|p1a: MaisMeurtBordel|Giga Drain|p2a: Absol
|-damage|p2a: Absol|118\/272
|
|turn|16
|
|detailschange|p2a: Absol|Absol-Mega, M
|message|Absol has Mega Evolved into Mega Absol!
|move|p2a: Absol|Knock Off|p1a: MaisMeurtBordel
|-damage|p1a: MaisMeurtBordel|221\/404
|move|p1a: MaisMeurtBordel|Giga Drain|p2a: Absol
|-damage|p2a: Absol|0 fnt
|-heal|p1a: MaisMeurtBordel|280\/404|[from] drain|[of] p2a: Absol
|faint|p2a: Absol
|
|c|âUlamÃ¸g|:x
|
|switch|p2a: Chandelure|Chandelure, M|207\/262
|turn|17
|
|switch|p1a: Penis snake|Milotic, M|372\/394
|move|p2a: Chandelure|Energy Ball|p1a: Penis snake
|-supereffective|p1a: Penis snake
|-damage|p1a: Penis snake|226\/394
|
|-heal|p1a: Penis snake|250\/394|[from] item: Leftovers
|turn|18
|
|switch|p2a: Porygon2|Porygon2|283\/374
|-ability|p2a: Porygon2|Marvel Scale|[from] ability: Trace|[of] p1a: Penis snake
|move|p1a: Penis snake|Recover|p1a: Penis snake
|-heal|p1a: Penis snake|394\/394
|
|turn|19
|
|move|p1a: Penis snake|Toxic|p2a: Porygon2
|-status|p2a: Porygon2|tox
|move|p2a: Porygon2|Recover|p2a: Porygon2
|-heal|p2a: Porygon2|374\/374 tox
|
|-damage|p2a: Porygon2|351\/374 tox|[from] psn
|turn|20
|
|switch|p1a: MaisMeurtBordel|Tangrowth, F|404\/404
|move|p2a: Porygon2|Charge Beam|p1a: MaisMeurtBordel
|-resisted|p1a: MaisMeurtBordel
|-damage|p1a: MaisMeurtBordel|372\/404
|-boost|p2a: Porygon2|spa|1
|
|-damage|p2a: Porygon2|305\/374 tox|[from] psn
|turn|21
|
|switch|p1a: Penis snake|Milotic, M|394\/394
|move|p2a: Porygon2|Ice Beam|p1a: Penis snake
|-resisted|p1a: Penis snake
|-damage|p1a: Penis snake|359\/394
|
|-heal|p1a: Penis snake|383\/394|[from] item: Leftovers
|-damage|p2a: Porygon2|236\/374 tox|[from] psn
|turn|22
|
|switch|p2a: Crobat|Crobat, M|312\/312
|move|p1a: Penis snake|Mirror Coat|p2a: Crobat
|-fail|p2a: Crobat
|
|-heal|p1a: Penis snake|394\/394|[from] item: Leftovers
|turn|23
|
|switch|p1a: Loreal|Ampharos-Mega, F, shiny|260\/384
|-ability|p1a: Loreal|Mold Breaker
|move|p2a: Crobat|Nasty Plot|p2a: Crobat
|-boost|p2a: Crobat|spa|2
|
|turn|24
|
|move|p2a: Crobat|Venoshock|p1a: Loreal
|-damage|p1a: Loreal|118\/384
|move|p1a: Loreal|Volt Switch|p2a: Crobat
|-supereffective|p2a: Crobat
|-damage|p2a: Crobat|28\/312
|
|switch|p1a: Choppa|Jirachi|404\/404
|
|-heal|p2a: Crobat|47\/312|[from] item: Black Sludge
|turn|25
|
|move|p2a: Crobat|Heat Wave|p1a: Choppa
|-supereffective|p1a: Choppa
|-damage|p1a: Choppa|202\/404
|move|p1a: Choppa|Iron Head|p2a: Crobat
|-damage|p2a: Crobat|0 fnt
|faint|p2a: Crobat
|
|-heal|p1a: Choppa|227\/404|[from] item: Leftovers
|
|switch|p2a: Porygon2|Porygon2|236\/374 tox
|-ability|p2a: Porygon2|Serene Grace|[from] ability: Trace|[of] p1a: Choppa
|turn|26
|
|switch|p1a: Penis snake|Milotic, M|394\/394
|move|p2a: Porygon2|Foul Play|p1a: Penis snake
|-damage|p1a: Penis snake|338\/394
|
|-heal|p1a: Penis snake|362\/394|[from] item: Leftovers
|-damage|p2a: Porygon2|213\/374 tox|[from] psn
|turn|27
|
|move|p1a: Penis snake|Scald|p2a: Porygon2
|-damage|p2a: Porygon2|149\/374 tox
|move|p2a: Porygon2|Charge Beam|p1a: Penis snake|[miss]
|-miss|p2a: Porygon2|p1a: Penis snake
|
|-heal|p1a: Penis snake|386\/394|[from] item: Leftovers
|-damage|p2a: Porygon2|103\/374 tox|[from] psn
|turn|28
|c|âUlamÃ¸g|gg
|c|âmliok|gg
|
|move|p1a: Penis snake|Scald|p2a: Porygon2
|-damage|p2a: Porygon2|31\/374 tox
|move|p2a: Porygon2|Charge Beam|p1a: Penis snake|[miss]
|-miss|p2a: Porygon2|p1a: Penis snake
|
|-heal|p1a: Penis snake|394\/394|[from] item: Leftovers
|-damage|p2a: Porygon2|0 fnt|[from] psn
|faint|p2a: Porygon2
|
|switch|p2a: Chandelure|Chandelure, M|207\/262
|turn|29
|c|âmliok|lol -_-
|
|move|p2a: Chandelure|Shadow Ball|p1a: Penis snake
|-damage|p1a: Penis snake|298\/394
|move|p1a: Penis snake|Mirror Coat|p2a: Chandelure
|-damage|p2a: Chandelure|15\/262
|
|-heal|p1a: Penis snake|322\/394|[from] item: Leftovers
|turn|30
|
|move|p2a: Chandelure|Shadow Ball|p1a: Penis snake
|-damage|p1a: Penis snake|211\/394
|-unboost|p1a: Penis snake|spd|1
|move|p1a: Penis snake|Scald|p2a: Chandelure
|-supereffective|p2a: Chandelure
|-damage|p2a: Chandelure|0 fnt
|faint|p2a: Chandelure
|
|win|mliok