|join|mliok
|join|lopoman
|player|p1|mliok|265
|player|p2|lopoman|10
|gametype|singles
|gen|6
|tier|UU
|rule|Sleep Clause Mod: Limit one foe put to sleep
|rule|Species Clause: Limit one of each PokÃ©mon
|rule|OHKO Clause: OHKO moves are banned
|rule|Moody Clause: Moody is banned
|rule|Evasion Moves Clause: Evasion moves are banned
|rule|Endless Battle Clause: Forcing endless battles is banned
|rule|HP Percentage Mod: HP is shown in percentages
|clearpoke
|poke|p1|Tangrowth, F
|poke|p1|Milotic, M
|poke|p1|Toxicroak, M
|poke|p1|Jirachi
|poke|p1|Crobat, M
|poke|p1|Ampharos, F, shiny
|poke|p2|Ampharos, M, shiny
|poke|p2|Crobat, M, shiny
|poke|p2|Empoleon, M, shiny
|poke|p2|Aromatisse, M, shiny
|poke|p2|Darmanitan, F, shiny
|poke|p2|Krookodile, F, shiny
|rule|Swagger Clause: Swagger is banned
|rule|Baton Pass Clause: Limit one PokÃ©mon knowing Baton Pass
|teampreview
|c|âlopoman|gl
|c|âmliok|gl
|
|start
|switch|p1a: Loreal|Ampharos, F, shiny|384\/384
|switch|p2a: Darmanitan|Darmanitan, F, shiny|351\/351
|turn|1
|c|âlopoman|Loreal !!!!
|c|âmliok|hÃ©hÃ©
|
|detailschange|p1a: Loreal|Ampharos-Mega, F, shiny
|message|Ampharos has Mega Evolved into Mega Ampharos!
|-ability|p1a: Loreal|Mold Breaker
|move|p2a: Darmanitan|U-turn|p1a: Loreal
|-crit|p1a: Loreal
|-damage|p1a: Loreal|293\/384
|c|âlopoman|Les crits commencent x)
|c|âmliok|Pete pas ma sÃ©rie de 4 victoire plz
|c|âlopoman|:(
|c|âlopoman|c pa enkouragen
|
|switch|p2a: Krookodile|Krookodile, F, shiny|332\/332
|move|p1a: Loreal|Dragon Pulse|p2a: Krookodile
|-damage|p2a: Krookodile|137\/332
|
|turn|2
|
|move|p2a: Krookodile|Knock Off|p1a: Loreal
|-crit|p1a: Loreal
|-damage|p1a: Loreal|190\/384
|move|p1a: Loreal|Dragon Pulse|p2a: Krookodile
|-damage|p2a: Krookodile|0 fnt
|faint|p2a: Krookodile
|
|c|âlopoman|c bn
|c|âmliok|booooom
|c|âlopoman|g lose :(
|c|âmliok|:)
|
|switch|p2a: Darmanitan|Darmanitan, F, shiny|351\/351
|turn|3
|
|switch|p1a: Penetrateur|Crobat, M|373\/373
|move|p2a: Darmanitan|Superpower|p1a: Penetrateur
|-resisted|p1a: Penetrateur
|-damage|p1a: Penetrateur|331\/373
|-unboost|p2a: Darmanitan|atk|1
|-unboost|p2a: Darmanitan|def|1
|
|-heal|p1a: Penetrateur|354\/373|[from] item: Black Sludge
|turn|4
|c|âlopoman|g voulu rock slide ptn
|
|switch|p2a: Empoleon|Empoleon, M, shiny|372\/372
|switch|p1a: Loreal|Ampharos-Mega, F, shiny|190\/384
|-ability|p1a: Loreal|Mold Breaker
|
|turn|5
|c|âlopoman|stop 
|c|âlopoman|faire Ã§a
|
|switch|p2a: Aromatisse|Aromatisse, M, shiny|406\/406
|move|p1a: Loreal|Volt Switch|p2a: Aromatisse
|-damage|p2a: Aromatisse|315\/406
|c|âmliok|?
|c|âlopoman|Rien
|
|switch|p1a: Choppa|Jirachi|404\/404
|
|-heal|p2a: Aromatisse|340\/406|[from] item: Leftovers
|turn|6
|
|switch|p2a: Ampharos|Ampharos, M, shiny|374\/374
|move|p1a: Choppa|Stealth Rock|p2a: Ampharos
|-sidestart|p2: lopoman|move: Stealth Rock
|
|turn|7
|
|detailschange|p2a: Ampharos|Ampharos-Mega, M, shiny
|message|Ampharos has Mega Evolved into Mega Ampharos!
|-ability|p2a: Ampharos|Mold Breaker
|move|p1a: Choppa|Thunder Wave|p2a: Ampharos
|-fail|p2a: Ampharos
|move|p2a: Ampharos|Thunderbolt|p1a: Choppa
|-damage|p1a: Choppa|247\/404
|-status|p1a: Choppa|par
|
|-heal|p1a: Choppa|272\/404 par|[from] item: Leftovers
|turn|8
|c|âlopoman|Ampharos va tt win dsl 
|c|âmliok|putain j'outspeed, je suis trop con
|c|âlopoman|:]
|
|move|p2a: Ampharos|Dragon Pulse|p1a: Choppa
|-resisted|p1a: Choppa
|-damage|p1a: Choppa|201\/404 par
|move|p1a: Choppa|Iron Head|p2a: Ampharos
|-resisted|p2a: Ampharos
|-damage|p2a: Ampharos|331\/374
|
|-heal|p1a: Choppa|226\/404 par|[from] item: Leftovers
|turn|9
|
|switch|p1a: MaisMeurtBordel|Tangrowth, F|404\/404
|move|p2a: Ampharos|Thunderbolt|p1a: MaisMeurtBordel
|-resisted|p1a: MaisMeurtBordel
|-damage|p1a: MaisMeurtBordel|224\/404
|
|turn|10
|c|âlopoman|:c
|
|switch|p1a: Penis snake|Milotic, M|394\/394
|move|p2a: Ampharos|Dragon Pulse|p1a: Penis snake
|-damage|p1a: Penis snake|274\/394
|
|-heal|p1a: Penis snake|298\/394|[from] item: Leftovers
|turn|11
|
|move|p2a: Ampharos|Thunderbolt|p1a: Penis snake
|-supereffective|p1a: Penis snake
|-damage|p1a: Penis snake|34\/394
|move|p1a: Penis snake|Mirror Coat|p2a: Ampharos
|-damage|p2a: Ampharos|0 fnt
|faint|p2a: Ampharos
|
|-heal|p1a: Penis snake|58\/394|[from] item: Leftovers
|c|âlopoman|ptn
|c|âlopoman|mais
|c|âlopoman|lÃ 
|c|âlopoman|c vraiment fini
|c|âmliok|ouf
|c|âmliok|Il Ã©tais relou
|c|âlopoman|:(
|
|switch|p2a: Darmanitan|Darmanitan, F, shiny|351\/351
|-damage|p2a: Darmanitan|264\/351|[from] Stealth Rock
|turn|12
|c|âmliok|mais c'est ampharos donc je l'aime quand mÃªme
|c|âlopoman|Le dernier espoir srx 
|
|switch|p1a: Choppa|Jirachi|226\/404 par
|move|p2a: Darmanitan|Flare Blitz|p1a: Choppa
|-supereffective|p1a: Choppa
|-damage|p1a: Choppa|0 fnt
|-damage|p2a: Darmanitan|189\/351|[from] recoil|[of] p1a: Choppa
|faint|p1a: Choppa
|
|
|switch|p1a: Loreal|Ampharos-Mega, F, shiny|190\/384
|-ability|p1a: Loreal|Mold Breaker
|turn|13
|
|switch|p2a: Aromatisse|Aromatisse, M, shiny|340\/406
|-damage|p2a: Aromatisse|290\/406|[from] Stealth Rock
|move|p1a: Loreal|Rest|p1a: Loreal
|-status|p1a: Loreal|slp
|-heal|p1a: Loreal|384\/384 slp|[silent]
|-status|p1a: Loreal|slp|[from] move: Rest
|
|-heal|p2a: Aromatisse|315\/406|[from] item: Leftovers
|turn|14
|
|switch|p1a: Penis snake|Milotic, M|58\/394
|move|p2a: Aromatisse|Wish|p2a: Aromatisse
|
|-heal|p1a: Penis snake|82\/394|[from] item: Leftovers
|-heal|p2a: Aromatisse|340\/406|[from] item: Leftovers
|turn|15
|
|move|p1a: Penis snake|Recover|p1a: Penis snake
|-heal|p1a: Penis snake|279\/394
|move|p2a: Aromatisse|Moonblast|p1a: Penis snake
|-damage|p1a: Penis snake|206\/394
|
|-heal|p2a: Aromatisse|406\/406|[from] move: Wish|[wisher] Aromatisse
|-heal|p1a: Penis snake|230\/394|[from] item: Leftovers
|turn|16
|c|âlopoman|nn
|c|âlopoman|nnn
|
|move|p1a: Penis snake|Recover|p1a: Penis snake
|-heal|p1a: Penis snake|394\/394
|move|p2a: Aromatisse|Moonblast|p1a: Penis snake
|-damage|p1a: Penis snake|321\/394
|
|-heal|p1a: Penis snake|345\/394|[from] item: Leftovers
|turn|17
|
|move|p1a: Penis snake|Toxic|p2a: Aromatisse
|-status|p2a: Aromatisse|tox
|move|p2a: Aromatisse|Moonblast|p1a: Penis snake
|-damage|p1a: Penis snake|275\/394
|-unboost|p1a: Penis snake|spa|1
|
|-heal|p1a: Penis snake|299\/394|[from] item: Leftovers
|-damage|p2a: Aromatisse|381\/406 tox|[from] psn
|turn|18
|c|âlopoman|drop yy
|
|switch|p1a: Eldemenageur|Toxicroak, M|307\/307
|move|p2a: Aromatisse|Aromatherapy|p2a: Aromatisse
|-cureteam|p2a: Aromatisse|[from] move: Aromatherapy
|
|-heal|p2a: Aromatisse|406\/406|[from] item: Leftovers
|turn|19
|
|switch|p2a: Empoleon|Empoleon, M, shiny|372\/372
|-damage|p2a: Empoleon|349\/372|[from] Stealth Rock
|move|p1a: Eldemenageur|Gunk Shot|p2a: Empoleon
|-immune|p2a: Empoleon|[msg]
|
|-heal|p2a: Empoleon|372\/372|[from] item: Leftovers
|turn|20
|
|switch|p2a: Crobat|Crobat, M, shiny|343\/343
|-damage|p2a: Crobat|258\/343|[from] Stealth Rock
|move|p1a: Eldemenageur|Drain Punch|p2a: Crobat
|-resisted|p2a: Crobat
|-damage|p2a: Crobat|207\/343
|-damage|p1a: Eldemenageur|277\/307|[from] item: Life Orb
|
|-heal|p2a: Crobat|228\/343|[from] item: Black Sludge
|turn|21
|c|âmliok|roh ce piÃ¨ge
|
|switch|p1a: Loreal|Ampharos-Mega, F, shiny|384\/384 slp
|-ability|p1a: Loreal|Mold Breaker
|move|p2a: Crobat|Defog|p1a: Loreal
|-unboost|p1a: Loreal|evasion|1
|-sideend|p2: lopoman|Stealth Rock|[from] move: Defog|[of] p2a: Crobat
|
|-heal|p2a: Crobat|249\/343|[from] item: Black Sludge
|turn|22
|c|âlopoman|Milotic
|c|âlopoman|est trÃ¨s chiant
|c|âmliok|oui
|c|âlopoman|Franchement
|c|âlopoman|Si je pers arom
|c|âlopoman|Je ss mor
|
|move|p2a: Crobat|U-turn|p1a: Loreal
|-damage|p1a: Loreal|340\/384 slp
|c|âmliok|Mais t'a pas encore eu l'occasion de mesurer la chiantise de bouldeneu :)
|c|âlopoman|Yep x)
|
|switch|p2a: Aromatisse|Aromatisse, M, shiny|406\/406
|cant|p1a: Loreal|slp
|move|p1a: Loreal|Sleep Talk|p1a: Loreal
|move|p1a: Loreal|Rest|p1a: Loreal|[from]Sleep Talk
|-fail|p1a: Loreal
|
|turn|23
|
|cant|p1a: Loreal|slp
|move|p1a: Loreal|Sleep Talk|p1a: Loreal
|move|p1a: Loreal|Volt Switch|p2a: Aromatisse|[from]Sleep Talk
|-damage|p2a: Aromatisse|315\/406
|
|switch|p1a: MaisMeurtBordel|Tangrowth, F|358\/404
|move|p2a: Aromatisse|Moonblast|p1a: MaisMeurtBordel
|-damage|p1a: MaisMeurtBordel|163\/404
|
|-heal|p2a: Aromatisse|340\/406|[from] item: Leftovers
|turn|24
|c|âlopoman|!learn milotic, heal bell
|raw|<div class="infobox">Milotic <span class="message-learn-cannotlearn">can't<\/span> learn Heal Bell<\/div>
|c|âlopoman|azy
|c|âlopoman|J'aurais pu le finir
|
|switch|p1a: Penis snake|Milotic, M|299\/394
|move|p2a: Aromatisse|Moonblast|p1a: Penis snake
|-damage|p1a: Penis snake|232\/394
|
|-heal|p1a: Penis snake|256\/394|[from] item: Leftovers
|-heal|p2a: Aromatisse|365\/406|[from] item: Leftovers
|turn|25
|
|switch|p2a: Empoleon|Empoleon, M, shiny|372\/372
|move|p1a: Penis snake|Scald|p2a: Empoleon
|-resisted|p2a: Empoleon
|-damage|p2a: Empoleon|341\/372
|
|-heal|p1a: Penis snake|280\/394|[from] item: Leftovers
|-heal|p2a: Empoleon|364\/372|[from] item: Leftovers
|turn|26
|
|switch|p1a: Eldemenageur|Toxicroak, M|277\/307
|move|p2a: Empoleon|Stealth Rock|p1a: Eldemenageur
|-sidestart|p1: mliok|move: Stealth Rock
|
|-heal|p2a: Empoleon|372\/372|[from] item: Leftovers
|turn|27
|
|switch|p2a: Crobat|Crobat, M, shiny|249\/343
|move|p1a: Eldemenageur|Gunk Shot|p2a: Crobat
|-resisted|p2a: Crobat
|-damage|p2a: Crobat|98\/343
|-damage|p1a: Eldemenageur|247\/307|[from] item: Life Orb
|
|-heal|p2a: Crobat|119\/343|[from] item: Black Sludge
|turn|28
|
|move|p2a: Crobat|Roost|p2a: Crobat
|-heal|p2a: Crobat|291\/343
|move|p1a: Eldemenageur|Gunk Shot|p2a: Crobat
|-resisted|p2a: Crobat
|-damage|p2a: Crobat|131\/343
|-damage|p1a: Eldemenageur|217\/307|[from] item: Life Orb
|
|-heal|p2a: Crobat|152\/343|[from] item: Black Sludge
|turn|29
|c|âlopoman|optn
|
|switch|p1a: Loreal|Ampharos-Mega, F, shiny|340\/384 slp
|-damage|p1a: Loreal|292\/384 slp|[from] Stealth Rock
|-ability|p1a: Loreal|Mold Breaker
|move|p2a: Crobat|Roost|p2a: Crobat
|-heal|p2a: Crobat|324\/343
|
|-heal|p2a: Crobat|343\/343|[from] item: Black Sludge
|turn|30
|c|âlopoman|miss
|c|âlopoman|stp
|
|move|p2a: Crobat|U-turn|p1a: Loreal
|-damage|p1a: Loreal|249\/384 slp
|
|switch|p2a: Aromatisse|Aromatisse, M, shiny|365\/406
|-curestatus|p1a: Loreal|slp
|move|p1a: Loreal|Volt Switch|p2a: Aromatisse
|-damage|p2a: Aromatisse|271\/406
|c|âmliok|miss volt switch, ok
|c|âlopoman|amewÃ©
|
|switch|p1a: MaisMeurtBordel|Tangrowth, F|297\/404
|-damage|p1a: MaisMeurtBordel|247\/404|[from] Stealth Rock
|
|-heal|p2a: Aromatisse|296\/406|[from] item: Leftovers
|turn|31
|c|âlopoman|Les tours de sleep ne se resttent pas
|
|move|p1a: MaisMeurtBordel|Knock Off|p2a: Aromatisse
|-resisted|p2a: Aromatisse
|-damage|p2a: Aromatisse|242\/406
|-enditem|p2a: Aromatisse|Leftovers|[from] move: Knock Off|[of] p1a: MaisMeurtBordel
|move|p2a: Aromatisse|Wish|p2a: Aromatisse
|
|turn|32
|
|move|p1a: MaisMeurtBordel|Leech Seed|p2a: Aromatisse
|-start|p2a: Aromatisse|move: Leech Seed
|move|p2a: Aromatisse|Moonblast|p1a: MaisMeurtBordel
|-damage|p1a: MaisMeurtBordel|52\/404
|
|-heal|p2a: Aromatisse|406\/406|[from] move: Wish|[wisher] Aromatisse
|-damage|p2a: Aromatisse|356\/406|[from] Leech Seed|[of] p1a: MaisMeurtBordel
|-heal|p1a: MaisMeurtBordel|102\/404|[silent]
|turn|33
|
|switch|p1a: Penis snake|Milotic, M|280\/394
|-damage|p1a: Penis snake|231\/394|[from] Stealth Rock
|switch|p2a: Empoleon|Empoleon, M, shiny|372\/372
|
|-heal|p1a: Penis snake|255\/394|[from] item: Leftovers
|turn|34
|c|âlopoman|allÃ© slt
|c|âmliok|tain, ce cocotine
|
|switch|p1a: Loreal|Ampharos-Mega, F, shiny|249\/384
|-damage|p1a: Loreal|201\/384|[from] Stealth Rock
|-ability|p1a: Loreal|Mold Breaker
|move|p2a: Empoleon|Roar|p1a: Loreal
|drag|p1a: Penis snake|Milotic, M|255\/394
|-damage|p1a: Penis snake|206\/394|[from] Stealth Rock
|
|-heal|p1a: Penis snake|230\/394|[from] item: Leftovers
|turn|35
|c|âlopoman|Tu va crever
|c|âlopoman|Ã  ause des switchs dsl 
|c|âmliok|bof, il se regene tous
|c|âlopoman|:(
|c|âlopoman|Si tu kill
|c|âlopoman|cocotine
|c|âlopoman|tu gg
|c|âmliok|ouais
|
|switch|p1a: Loreal|Ampharos-Mega, F, shiny|201\/384
|-damage|p1a: Loreal|153\/384|[from] Stealth Rock
|-ability|p1a: Loreal|Mold Breaker
|move|p2a: Empoleon|Toxic|p1a: Loreal
|-status|p1a: Loreal|tox
|
|-damage|p1a: Loreal|129\/384 tox|[from] psn
|turn|36
|c|âmliok|mais j'arrive po
|
|switch|p2a: Aromatisse|Aromatisse, M, shiny|356\/406
|move|p1a: Loreal|Rest|p1a: Loreal
|-status|p1a: Loreal|slp
|-heal|p1a: Loreal|384\/384 slp|[silent]
|-status|p1a: Loreal|slp|[from] move: Rest
|
|turn|37
|c|âlopoman| la vi
|c|âlopoman|Si je vire ce truc
|c|âlopoman|J'ai mes chances
|c|âlopoman|Ou mÃªme milotic
|
|switch|p1a: Penis snake|Milotic, M|230\/394
|-damage|p1a: Penis snake|181\/394|[from] Stealth Rock
|move|p2a: Aromatisse|Moonblast|p1a: Penis snake
|-crit|p1a: Penis snake
|-damage|p1a: Penis snake|76\/394
|-unboost|p1a: Penis snake|spa|1
|
|-heal|p1a: Penis snake|100\/394|[from] item: Leftovers
|turn|38
|c|âlopoman|bg
|
|switch|p2a: Empoleon|Empoleon, M, shiny|372\/372
|move|p1a: Penis snake|Recover|p1a: Penis snake
|-heal|p1a: Penis snake|297\/394
|
|-heal|p1a: Penis snake|321\/394|[from] item: Leftovers
|turn|39
|c|âlopoman|crit + drop
|c|âlopoman|Rien de mieux
|
|switch|p1a: Eldemenageur|Toxicroak, M|217\/307
|-damage|p1a: Eldemenageur|198\/307|[from] Stealth Rock
|move|p2a: Empoleon|Toxic|p1a: Eldemenageur
|-fail|p1a: Eldemenageur
|
|turn|40
|
|switch|p2a: Crobat|Crobat, M, shiny|343\/343
|move|p1a: Eldemenageur|Drain Punch|p2a: Crobat
|-resisted|p2a: Crobat
|-damage|p2a: Crobat|291\/343
|-heal|p1a: Eldemenageur|224\/307|[from] drain|[of] p2a: Crobat
|-damage|p1a: Eldemenageur|194\/307|[from] item: Life Orb
|
|-heal|p2a: Crobat|312\/343|[from] item: Black Sludge
|turn|41
|c|âmliok|j'aurai du foutre poudre dodo sur bouldeneu
|c|âlopoman|^^^^^^^^
|
|switch|p1a: Loreal|Ampharos-Mega, F, shiny|384\/384 slp
|-damage|p1a: Loreal|336\/384 slp|[from] Stealth Rock
|-ability|p1a: Loreal|Mold Breaker
|move|p2a: Crobat|U-turn|p1a: Loreal
|-crit|p1a: Loreal
|-damage|p1a: Loreal|267\/384 slp
|c|âlopoman|Imo
|c|âlopoman|On devrait interdire les stall
|
|switch|p2a: Aromatisse|Aromatisse, M, shiny|356\/406
|
|turn|42
|c|âmliok|sois pas seum :p
|
|switch|p1a: Penetrateur|Crobat, M|354\/373
|-damage|p1a: Penetrateur|261\/373|[from] Stealth Rock
|move|p2a: Aromatisse|Moonblast|p1a: Penetrateur
|-resisted|p1a: Penetrateur
|-damage|p1a: Penetrateur|200\/373
|
|-heal|p1a: Penetrateur|223\/373|[from] item: Black Sludge
|turn|43
|c|âlopoman|"Penetrateur" c
|c|âlopoman|:c
|c|âlopoman|Intimidan
|
|switch|p2a: Empoleon|Empoleon, M, shiny|372\/372
|move|p1a: Penetrateur|Defog|p2a: Empoleon
|-unboost|p2a: Empoleon|evasion|1
|-sideend|p1: mliok|Stealth Rock|[from] move: Defog|[of] p1a: Penetrateur
|
|-heal|p1a: Penetrateur|246\/373|[from] item: Black Sludge
|turn|44
|
|switch|p1a: MaisMeurtBordel|Tangrowth, F|236\/404
|move|p2a: Empoleon|Stealth Rock|p1a: MaisMeurtBordel
|-sidestart|p1: mliok|move: Stealth Rock
|
|turn|45
|
|switch|p2a: Aromatisse|Aromatisse, M, shiny|356\/406
|move|p1a: MaisMeurtBordel|Leech Seed|p2a: Aromatisse
|-start|p2a: Aromatisse|move: Leech Seed
|
|-damage|p2a: Aromatisse|306\/406|[from] Leech Seed|[of] p1a: MaisMeurtBordel
|-heal|p1a: MaisMeurtBordel|286\/404|[silent]
|turn|46
|c|âlopoman|g pas laser glace
|c|âlopoman|mrd
|c|âlopoman|stp n
|c|âlopoman|fais pas Ã§a
|
|switch|p2a: Empoleon|Empoleon, M, shiny|372\/372
|move|p1a: MaisMeurtBordel|Toxic|p2a: Empoleon|[miss]
|-miss|p1a: MaisMeurtBordel|p2a: Empoleon
|
|turn|47
|c|âmliok|plait-il ?
|
|move|p2a: Empoleon|Toxic|p1a: MaisMeurtBordel|[miss]
|-miss|p2a: Empoleon|p1a: MaisMeurtBordel
|move|p1a: MaisMeurtBordel|Leech Seed|p2a: Empoleon
|-start|p2a: Empoleon|move: Leech Seed
|
|-damage|p2a: Empoleon|326\/372|[from] Leech Seed|[of] p1a: MaisMeurtBordel
|-heal|p1a: MaisMeurtBordel|332\/404|[silent]
|turn|48
|c|âlopoman|ok
|
|switch|p2a: Crobat|Crobat, M, shiny|312\/343
|move|p1a: MaisMeurtBordel|Knock Off|p2a: Crobat
|-damage|p2a: Crobat|226\/343
|-enditem|p2a: Crobat|Black Sludge|[from] move: Knock Off|[of] p1a: MaisMeurtBordel
|
|turn|49
|
|move|p2a: Crobat|U-turn|p1a: MaisMeurtBordel
|-supereffective|p1a: MaisMeurtBordel
|-damage|p1a: MaisMeurtBordel|252\/404
|-damage|p2a: Crobat|169\/343|[from] item: Rocky Helmet|[of] p1a: MaisMeurtBordel
|c|âlopoman|:c
|c|âlopoman|Wall par ce truc quoi
|c|âmliok|fallait brave bird :p
|c|âlopoman|je devrais avoir honte
|c|âlopoman|lol
|
|switch|p2a: Aromatisse|Aromatisse, M, shiny|306\/406
|move|p1a: MaisMeurtBordel|Leech Seed|p2a: Aromatisse|[miss]
|-miss|p1a: MaisMeurtBordel|p2a: Aromatisse
|
|turn|50
|c|âmliok|il est hyper bg, stop :(
|c|âmliok|nooooon
|c|âlopoman|VoilÃ 
|c|âlopoman|Au moins ce miss est bg
|
|switch|p2a: Crobat|Crobat, M, shiny|169\/343
|move|p1a: MaisMeurtBordel|Leech Seed|p2a: Crobat
|-start|p2a: Crobat|move: Leech Seed
|
|-damage|p2a: Crobat|127\/343|[from] Leech Seed|[of] p1a: MaisMeurtBordel
|-heal|p1a: MaisMeurtBordel|294\/404|[silent]
|turn|51
|
|move|p2a: Crobat|Roost|p2a: Crobat
|-heal|p2a: Crobat|299\/343
|move|p1a: MaisMeurtBordel|Knock Off|p2a: Crobat
|-damage|p2a: Crobat|236\/343
|
|-damage|p2a: Crobat|194\/343|[from] Leech Seed|[of] p1a: MaisMeurtBordel
|-heal|p1a: MaisMeurtBordel|336\/404|[silent]
|turn|52
|c|âlopoman|Stop faire Ã§a
|c|âlopoman|Je vais te stall
|c|âlopoman|dsl
|
|switch|p2a: Aromatisse|Aromatisse, M, shiny|306\/406
|move|p1a: MaisMeurtBordel|Knock Off|p2a: Aromatisse
|-resisted|p2a: Aromatisse
|-damage|p2a: Aromatisse|274\/406
|
|turn|53
|c|âlopoman|!dt leech seed
|c|~|\/data-move Leech Seed
|raw|<font size="1"><font color=#585858>Priority:<\/font> 0&nbsp;|&ThickSpace;<font color=#585858>Target:<\/font> Adjacent Pokemon<\/font>
|
|switch|p1a: Eldemenageur|Toxicroak, M|194\/307
|-damage|p1a: Eldemenageur|175\/307|[from] Stealth Rock
|move|p2a: Aromatisse|Moonblast|p1a: Eldemenageur
|-damage|p1a: Eldemenageur|16\/307
|-unboost|p1a: Eldemenageur|spa|1
|
|turn|54
|c|âlopoman|oh bg
|
|switch|p2a: Crobat|Crobat, M, shiny|194\/343
|move|p1a: Eldemenageur|Gunk Shot|p2a: Crobat
|-resisted|p2a: Crobat
|-damage|p2a: Crobat|48\/343
|-damage|p1a: Eldemenageur|0 fnt|[from] item: Life Orb
|faint|p1a: Eldemenageur
|
|c|âlopoman|allÃ© slt
|c|âlopoman|un de moins
|
|switch|p1a: Penis snake|Milotic, M|321\/394
|-damage|p1a: Penis snake|272\/394|[from] Stealth Rock
|turn|55
|
|switch|p2a: Empoleon|Empoleon, M, shiny|326\/372
|move|p1a: Penis snake|Scald|p2a: Empoleon
|-crit|p2a: Empoleon
|-resisted|p2a: Empoleon
|-damage|p2a: Empoleon|278\/372
|
|-heal|p1a: Penis snake|296\/394|[from] item: Leftovers
|-heal|p2a: Empoleon|301\/372|[from] item: Leftovers
|turn|56
|c|âlopoman|stop crit
|
|switch|p1a: MaisMeurtBordel|Tangrowth, F|404\/404
|-damage|p1a: MaisMeurtBordel|354\/404|[from] Stealth Rock
|move|p2a: Empoleon|Roar|p1a: MaisMeurtBordel
|drag|p1a: Loreal|Ampharos-Mega, F, shiny|267\/384 slp
|-damage|p1a: Loreal|219\/384 slp|[from] Stealth Rock
|-ability|p1a: Loreal|Mold Breaker
|
|-heal|p2a: Empoleon|324\/372|[from] item: Leftovers
|turn|57
|c|âmliok|lol
|c|âlopoman|:c
|
|switch|p2a: Aromatisse|Aromatisse, M, shiny|274\/406
|cant|p1a: Loreal|slp
|move|p1a: Loreal|Sleep Talk|p1a: Loreal
|move|p1a: Loreal|Rest|p1a: Loreal|[from]Sleep Talk
|-fail|p1a: Loreal
|
|turn|58
|
|cant|p1a: Loreal|slp
|move|p1a: Loreal|Sleep Talk|p1a: Loreal
|move|p1a: Loreal|Volt Switch|p2a: Aromatisse|[from]Sleep Talk
|-crit|p2a: Aromatisse
|-damage|p2a: Aromatisse|118\/406
|c|âlopoman|lol
|
|switch|p1a: Penetrateur|Crobat, M|246\/373
|-damage|p1a: Penetrateur|153\/373|[from] Stealth Rock
|move|p2a: Aromatisse|Wish|p2a: Aromatisse
|
|-heal|p1a: Penetrateur|176\/373|[from] item: Black Sludge
|turn|59
|c|âlopoman|lÃ  au moins
|c|âlopoman|je ne ss pas deg
|
|move|p2a: Aromatisse|Protect|p2a: Aromatisse
|-singleturn|p2a: Aromatisse|Protect
|move|p1a: Penetrateur|Brave Bird|p2a: Aromatisse
|-activate|p2a: Aromatisse|Protect
|
|-heal|p2a: Aromatisse|321\/406|[from] move: Wish|[wisher] Aromatisse
|-heal|p1a: Penetrateur|199\/373|[from] item: Black Sludge
|turn|60
|c|âmliok|zut
|
|switch|p2a: Empoleon|Empoleon, M, shiny|324\/372
|move|p1a: Penetrateur|Defog|p2a: Empoleon
|-unboost|p2a: Empoleon|evasion|1
|-sideend|p1: mliok|Stealth Rock|[from] move: Defog|[of] p1a: Penetrateur
|
|-heal|p1a: Penetrateur|222\/373|[from] item: Black Sludge
|-heal|p2a: Empoleon|347\/372|[from] item: Leftovers
|turn|61
|c|âlopoman|T'as vrm crÃ» que j'allais laisse cocotine :(
|c|âmliok|cocotine est trop relouuuu
|c|âlopoman|y je c
|c|âlopoman|C pire que florges
|
|switch|p1a: MaisMeurtBordel|Tangrowth, F|404\/404
|move|p2a: Empoleon|Scald|p1a: MaisMeurtBordel
|-resisted|p1a: MaisMeurtBordel
|-damage|p1a: MaisMeurtBordel|316\/404
|
|-heal|p2a: Empoleon|370\/372|[from] item: Leftovers
|turn|62
|
|switch|p2a: Aromatisse|Aromatisse, M, shiny|321\/406
|move|p1a: MaisMeurtBordel|Knock Off|p2a: Aromatisse
|-resisted|p2a: Aromatisse
|-damage|p2a: Aromatisse|289\/406
|
|turn|63
|c|âlopoman|ok
|c|âlopoman|Il n'y a pas moyen de se dÃ©barasser de ce truc srx
|c|âmliok|:)
|c|âlopoman|g tt essayÃ©
|
|move|p1a: MaisMeurtBordel|Leech Seed|p2a: Aromatisse
|-start|p2a: Aromatisse|move: Leech Seed
|move|p2a: Aromatisse|Wish|p2a: Aromatisse
|
|-damage|p2a: Aromatisse|239\/406|[from] Leech Seed|[of] p1a: MaisMeurtBordel
|-heal|p1a: MaisMeurtBordel|366\/404|[silent]
|turn|64
|join|VictiniFR
|c|âmliok|knock off crit sur crobatn go
|
|move|p1a: MaisMeurtBordel|Knock Off|p2a: Aromatisse
|-resisted|p2a: Aromatisse
|-damage|p2a: Aromatisse|208\/406
|move|p2a: Aromatisse|Moonblast|p1a: MaisMeurtBordel
|-damage|p1a: MaisMeurtBordel|161\/404
|-unboost|p1a: MaisMeurtBordel|spa|1
|
|-heal|p2a: Aromatisse|406\/406|[from] move: Wish|[wisher] Aromatisse
|-damage|p2a: Aromatisse|356\/406|[from] Leech Seed|[of] p1a: MaisMeurtBordel
|-heal|p1a: MaisMeurtBordel|211\/404|[silent]
|turn|65
|leave|VictiniFR
|
|move|p1a: MaisMeurtBordel|Giga Drain|p2a: Aromatisse
|-damage|p2a: Aromatisse|308\/406
|-heal|p1a: MaisMeurtBordel|235\/404|[from] drain|[of] p2a: Aromatisse
|move|p2a: Aromatisse|Moonblast|p1a: MaisMeurtBordel
|-damage|p1a: MaisMeurtBordel|31\/404
|
|-damage|p2a: Aromatisse|258\/406|[from] Leech Seed|[of] p1a: MaisMeurtBordel
|-heal|p1a: MaisMeurtBordel|81\/404|[silent]
|turn|66
|c|âlopoman|mais azy lÃ 
|c|âlopoman|En plus tu sue tt mn energie
|c|âlopoman|c pa possibl
|
|switch|p1a: Penetrateur|Crobat, M|222\/373
|switch|p2a: Empoleon|Empoleon, M, shiny|370\/372
|
|-heal|p1a: Penetrateur|245\/373|[from] item: Black Sludge
|-heal|p2a: Empoleon|372\/372|[from] item: Leftovers
|turn|67
|c|âmliok|lol
|c|âmliok|roh
|c|âlopoman|Empoleon contre trkl
|c|âlopoman|deux de tes mons
|c|âlopoman|dsl
|
|switch|p1a: Loreal|Ampharos-Mega, F, shiny|219\/384 slp
|-ability|p1a: Loreal|Mold Breaker
|move|p2a: Empoleon|Scald|p1a: Loreal
|-crit|p1a: Loreal
|-resisted|p1a: Loreal
|-damage|p1a: Loreal|150\/384 slp
|
|turn|68
|c|âmliok|Le dernier va se reveiller
|c|âlopoman|:(
|
|switch|p2a: Aromatisse|Aromatisse, M, shiny|258\/406
|-curestatus|p1a: Loreal|slp
|move|p1a: Loreal|Volt Switch|p2a: Aromatisse
|-damage|p2a: Aromatisse|167\/406
|c|âlopoman|ptn
|
|switch|p1a: Penetrateur|Crobat, M|245\/373
|
|-heal|p1a: Penetrateur|268\/373|[from] item: Black Sludge
|turn|69
|c|âlopoman|Il est en train de crever ptn
|c|âmliok|putain
|c|âmliok|aller crobat
|c|âmliok|montre c'est qui le meilleur
|
|switch|p2a: Empoleon|Empoleon, M, shiny|372\/372
|move|p1a: Penetrateur|Brave Bird|p2a: Empoleon
|-resisted|p2a: Empoleon
|-damage|p2a: Empoleon|300\/372
|-damage|p1a: Penetrateur|244\/373|[from] recoil|[of] p2a: Empoleon
|
|-heal|p1a: Penetrateur|267\/373|[from] item: Black Sludge
|-heal|p2a: Empoleon|323\/372|[from] item: Leftovers
|turn|70
|c|âmliok|bah c'est pas toi mdrrr
|c|âlopoman|stp
|c|âlopoman|laisse tn amphy mourrir
|c|âmliok|JAMAIS
|c|âlopoman|pr que je puisse te wall
|
|switch|p2a: Darmanitan|Darmanitan, F, shiny|189\/351
|move|p1a: Penetrateur|Brave Bird|p2a: Darmanitan
|-damage|p2a: Darmanitan|0 fnt
|-damage|p1a: Penetrateur|205\/373|[from] recoil|[of] p2a: Darmanitan
|faint|p2a: Darmanitan
|
|-heal|p1a: Penetrateur|228\/373|[from] item: Black Sludge
|c|âlopoman|mrd
|c|âlopoman|n
|c|âlopoman|n
|c|âlopoman|n
|c|âlopoman|n
|c|âlopoman|n
|
|switch|p2a: Empoleon|Empoleon, M, shiny|323\/372
|turn|71
|
|switch|p1a: Loreal|Ampharos-Mega, F, shiny|150\/384
|-ability|p1a: Loreal|Mold Breaker
|move|p2a: Empoleon|Stealth Rock|p1a: Loreal
|-sidestart|p1: mliok|move: Stealth Rock
|
|-heal|p2a: Empoleon|346\/372|[from] item: Leftovers
|turn|72
|c|âlopoman|et lÃ 
|c|âlopoman|je s mor
|c|âlopoman|gÂ²
|
|move|p2a: Empoleon|Scald|p1a: Loreal
|-resisted|p1a: Loreal
|-damage|p1a: Loreal|106\/384
|-status|p1a: Loreal|brn
|move|p1a: Loreal|Volt Switch|p2a: Empoleon
|-supereffective|p2a: Empoleon
|-damage|p2a: Empoleon|172\/372
|c|âlopoman|aok
|c|âmliok|mdrrr
|
|switch|p1a: MaisMeurtBordel|Tangrowth, F|215\/404
|-damage|p1a: MaisMeurtBordel|165\/404|[from] Stealth Rock
|
|-heal|p2a: Empoleon|195\/372|[from] item: Leftovers
|turn|73
|
|switch|p2a: Crobat|Crobat, M, shiny|48\/343
|move|p1a: MaisMeurtBordel|Leech Seed|p2a: Crobat
|-start|p2a: Crobat|move: Leech Seed
|
|-damage|p2a: Crobat|6\/343|[from] Leech Seed|[of] p1a: MaisMeurtBordel
|-heal|p1a: MaisMeurtBordel|207\/404|[silent]
|turn|74
|
|switch|p1a: Penis snake|Milotic, M|296\/394
|-damage|p1a: Penis snake|247\/394|[from] Stealth Rock
|move|p2a: Crobat|Roost|p2a: Crobat
|-heal|p2a: Crobat|178\/343
|
|-heal|p1a: Penis snake|271\/394|[from] item: Leftovers
|-damage|p2a: Crobat|136\/343|[from] Leech Seed|[of] p1a: Penis snake
|-heal|p1a: Penis snake|313\/394|[silent]
|turn|75
|c|âlopoman|On n'Ã©tait pas loin :c
|
|move|p2a: Crobat|U-turn|p1a: Penis snake
|-crit|p1a: Penis snake
|-damage|p1a: Penis snake|197\/394
|c|âlopoman|allÃ© crit de bg
|
|switch|p2a: Empoleon|Empoleon, M, shiny|195\/372
|move|p1a: Penis snake|Scald|p2a: Empoleon
|-resisted|p2a: Empoleon
|-damage|p2a: Empoleon|159\/372
|
|-heal|p1a: Penis snake|221\/394|[from] item: Leftovers
|-heal|p2a: Empoleon|182\/372|[from] item: Leftovers
|turn|76
|c|âmliok|lol
|
|move|p1a: Penis snake|Scald|p2a: Empoleon
|-resisted|p2a: Empoleon
|-damage|p2a: Empoleon|146\/372
|-status|p2a: Empoleon|brn
|move|p2a: Empoleon|Roar|p1a: Penis snake
|drag|p1a: Loreal|Ampharos-Mega, F, shiny|106\/384 brn
|-damage|p1a: Loreal|58\/384 brn|[from] Stealth Rock
|-ability|p1a: Loreal|Mold Breaker
|
|-heal|p2a: Empoleon|169\/372 brn|[from] item: Leftovers
|-damage|p2a: Empoleon|123\/372 brn|[from] brn
|-damage|p1a: Loreal|10\/384 brn|[from] brn
|turn|77
|c|âmliok|burn putain
|c|âlopoman|putain
|c|âlopoman|mais putain
|
|switch|p2a: Aromatisse|Aromatisse, M, shiny|167\/406
|move|p1a: Loreal|Volt Switch|p2a: Aromatisse
|-damage|p2a: Aromatisse|62\/406
|c|âlopoman|ok
|c|âlopoman|G tuÃ© amphy
|c|âmliok|nan
|c|âlopoman|C dÃ©jÃ  Ã§a
|c|âlopoman|Ah n
|c|âmliok|il lui reste 3%
|c|âlopoman|Tu peux defog
|c|âlopoman|:(
|
|switch|p1a: Penetrateur|Crobat, M|228\/373
|-damage|p1a: Penetrateur|135\/373|[from] Stealth Rock
|
|-heal|p1a: Penetrateur|158\/373|[from] item: Black Sludge
|turn|78
|
|move|p1a: Penetrateur|Brave Bird|p2a: Aromatisse
|-damage|p2a: Aromatisse|0 fnt
|-damage|p1a: Penetrateur|138\/373|[from] recoil|[of] p2a: Aromatisse
|faint|p2a: Aromatisse
|
|-heal|p1a: Penetrateur|161\/373|[from] item: Black Sludge
|
|switch|p2a: Empoleon|Empoleon, M, shiny|123\/372 brn
|turn|79
|c|âmliok|YEEEEEEEEES
|
|move|p1a: Penetrateur|Defog|p2a: Empoleon
|-unboost|p2a: Empoleon|evasion|1
|-sideend|p1: mliok|Stealth Rock|[from] move: Defog|[of] p1a: Penetrateur
|move|p2a: Empoleon|Scald|p1a: Penetrateur
|-damage|p1a: Penetrateur|0 fnt
|faint|p1a: Penetrateur
|
|-heal|p2a: Empoleon|146\/372 brn|[from] item: Leftovers
|-damage|p2a: Empoleon|100\/372 brn|[from] brn
|c|âlopoman|ggwp
|c|âlopoman|*
|
|switch|p1a: Loreal|Ampharos-Mega, F, shiny|10\/384 brn
|-ability|p1a: Loreal|Mold Breaker
|turn|80
|
|move|p2a: Empoleon|Scald|p1a: Loreal
|-resisted|p1a: Loreal
|-damage|p1a: Loreal|0 fnt
|faint|p1a: Loreal
|
|-heal|p2a: Empoleon|123\/372 brn|[from] item: Leftovers
|-damage|p2a: Empoleon|77\/372 brn|[from] brn
|c|âlopoman|lol
|c|âmliok|ah ouais, outspeed mdrrr
|
|switch|p1a: MaisMeurtBordel|Tangrowth, F|341\/404
|turn|81
|c|âlopoman|C mtn qu'il l'outspeed gg
|
|move|p2a: Empoleon|Toxic|p1a: MaisMeurtBordel
|-status|p1a: MaisMeurtBordel|tox
|move|p1a: MaisMeurtBordel|Knock Off|p2a: Empoleon
|-damage|p2a: Empoleon|0 fnt
|-enditem|p2a: Empoleon|Leftovers|[from] move: Knock Off|[of] p1a: MaisMeurtBordel
|faint|p2a: Empoleon
|
|-damage|p1a: MaisMeurtBordel|316\/404 tox|[from] psn
|
|switch|p2a: Crobat|Crobat, M, shiny|136\/343
|turn|82
|
|move|p2a: Crobat|Roost|p2a: Crobat
|-heal|p2a: Crobat|308\/343
|move|p1a: MaisMeurtBordel|Leech Seed|p2a: Crobat
|-start|p2a: Crobat|move: Leech Seed
|
|-damage|p2a: Crobat|266\/343|[from] Leech Seed|[of] p1a: MaisMeurtBordel
|-heal|p1a: MaisMeurtBordel|358\/404 tox|[silent]
|-damage|p1a: MaisMeurtBordel|308\/404 tox|[from] psn
|turn|83
|c|âlopoman|epix crobat stall
|c|âlopoman|crit sur milo imo
|
|move|p2a: Crobat|Brave Bird|p1a: MaisMeurtBordel
|-supereffective|p1a: MaisMeurtBordel
|-damage|p1a: MaisMeurtBordel|96\/404 tox
|-damage|p2a: Crobat|209\/343|[from] item: Rocky Helmet|[of] p1a: MaisMeurtBordel
|-damage|p2a: Crobat|139\/343|[from] recoil|[of] p1a: MaisMeurtBordel
|move|p1a: MaisMeurtBordel|Knock Off|p2a: Crobat
|-damage|p2a: Crobat|73\/343
|
|-damage|p2a: Crobat|31\/343|[from] Leech Seed|[of] p1a: MaisMeurtBordel
|-heal|p1a: MaisMeurtBordel|138\/404 tox|[silent]
|-damage|p1a: MaisMeurtBordel|63\/404 tox|[from] psn
|turn|84
|
|switch|p1a: Penis snake|Milotic, M|221\/394
|move|p2a: Crobat|Roost|p2a: Crobat
|-heal|p2a: Crobat|203\/343
|
|-heal|p1a: Penis snake|245\/394|[from] item: Leftovers
|-damage|p2a: Crobat|161\/343|[from] Leech Seed|[of] p1a: Penis snake
|-heal|p1a: Penis snake|287\/394|[silent]
|turn|85
|
|move|p2a: Crobat|Brave Bird|p1a: Penis snake
|-damage|p1a: Penis snake|83\/394
|-damage|p2a: Crobat|94\/343|[from] recoil|[of] p1a: Penis snake
|move|p1a: Penis snake|Scald|p2a: Crobat
|-damage|p2a: Crobat|0 fnt
|faint|p2a: Crobat
|
|win|mliok
|c|âlopoman|lol
|c|âlopoman|gÂ²
|c|âmliok|gg
|c|âmliok|c'Ã©tais choud tain
|c|âlopoman|Je ne veais
|c|âlopoman|y