|join|mliok
|join|Elismae'
|player|p1|mliok|265
|player|p2|Elismae'|102
|gametype|singles
|gen|6
|tier|UU
|rule|Sleep Clause Mod: Limit one foe put to sleep
|rule|Species Clause: Limit one of each PokÃ©mon
|rule|OHKO Clause: OHKO moves are banned
|rule|Moody Clause: Moody is banned
|rule|Evasion Moves Clause: Evasion moves are banned
|rule|Endless Battle Clause: Forcing endless battles is banned
|rule|HP Percentage Mod: HP is shown in percentages
|clearpoke
|poke|p1|Tangrowth, F
|poke|p1|Milotic, M
|poke|p1|Toxicroak, M
|poke|p1|Jirachi
|poke|p1|Crobat, M
|poke|p1|Ampharos, F, shiny
|poke|p2|Starmie
|poke|p2|Infernape, F
|poke|p2|Shaymin
|poke|p2|Krookodile, M
|poke|p2|Durant, F
|poke|p2|Raikou, shiny
|rule|Swagger Clause: Swagger is banned
|rule|Baton Pass Clause: Limit one PokÃ©mon knowing Baton Pass
|teampreview
|c|âmliok|gl
|c|âElismae'|glhf
|
|start
|switch|p1a: Loreal|Ampharos, F, shiny|384\/384
|switch|p2a: Infernape|Infernape, F|293\/293
|turn|1
|
|detailschange|p1a: Loreal|Ampharos-Mega, F, shiny
|message|Ampharos has Mega Evolved into Mega Ampharos!
|-ability|p1a: Loreal|Mold Breaker
|move|p2a: Infernape|Stealth Rock|p1a: Loreal
|-sidestart|p1: mliok|move: Stealth Rock
|move|p1a: Loreal|Dragon Pulse|p2a: Infernape
|-damage|p2a: Infernape|95\/293
|
|turn|2
|
|move|p2a: Infernape|Close Combat|p1a: Loreal
|-damage|p1a: Loreal|248\/384
|-unboost|p2a: Infernape|def|1
|-unboost|p2a: Infernape|spd|1
|move|p1a: Loreal|Volt Switch|p2a: Infernape
|-damage|p2a: Infernape|0 fnt
|faint|p2a: Infernape
|
|switch|p1a: Penis snake|Milotic, M|394\/394
|-damage|p1a: Penis snake|345\/394|[from] Stealth Rock
|
|-heal|p1a: Penis snake|369\/394|[from] item: Leftovers
|
|switch|p2a: Raikou|Raikou, shiny|322\/322
|-ability|p2a: Raikou|Pressure
|turn|3
|
|move|p2a: Raikou|Volt Switch|p1a: Penis snake
|-supereffective|p1a: Penis snake
|-damage|p1a: Penis snake|207\/394
|
|switch|p2a: Shaymin|Shaymin|341\/341
|move|p1a: Penis snake|Mirror Coat|p2a: Shaymin
|-damage|p2a: Shaymin|17\/341
|
|-heal|p1a: Penis snake|231\/394|[from] item: Leftovers
|turn|4
|c|âElismae'|AÃ¯e.
|
|switch|p1a: Penetrateur|Crobat, M|373\/373
|-damage|p1a: Penetrateur|280\/373|[from] Stealth Rock
|move|p2a: Shaymin|Rest|p2a: Shaymin
|-status|p2a: Shaymin|slp
|-heal|p2a: Shaymin|341\/341 slp|[silent]
|-status|p2a: Shaymin|slp|[from] move: Rest
|
|-heal|p1a: Penetrateur|303\/373|[from] item: Black Sludge
|turn|5
|c|âmliok|reste 5% :(
|
|switch|p2a: Raikou|Raikou, shiny|322\/322
|-ability|p2a: Raikou|Pressure
|move|p1a: Penetrateur|Defog|p2a: Raikou
|-unboost|p2a: Raikou|evasion|1
|-sideend|p1: mliok|Stealth Rock|[from] move: Defog|[of] p1a: Penetrateur
|
|-heal|p1a: Penetrateur|326\/373|[from] item: Black Sludge
|turn|6
|
|switch|p1a: Loreal|Ampharos-Mega, F, shiny|248\/384
|-ability|p1a: Loreal|Mold Breaker
|move|p2a: Raikou|Volt Switch|p1a: Loreal
|-resisted|p1a: Loreal
|-damage|p1a: Loreal|219\/384
|
|switch|p2a: Krookodile|Krookodile, M|332\/332
|
|turn|7
|
|move|p2a: Krookodile|Pursuit|p1a: Loreal|[from]Pursuit
|-damage|p1a: Loreal|123\/384
|switch|p1a: MaisMeurtBordel|Tangrowth, F|404\/404
|
|turn|8
|
|switch|p2a: Durant|Durant, F|258\/258
|move|p1a: MaisMeurtBordel|Knock Off|p2a: Durant
|-damage|p2a: Durant|192\/258
|-enditem|p2a: Durant|Choice Band|[from] move: Knock Off|[of] p1a: MaisMeurtBordel
|
|turn|9
|
|move|p2a: Durant|X-Scissor|p1a: MaisMeurtBordel
|-supereffective|p1a: MaisMeurtBordel
|-damage|p1a: MaisMeurtBordel|158\/404
|-damage|p2a: Durant|149\/258|[from] item: Rocky Helmet|[of] p1a: MaisMeurtBordel
|move|p1a: MaisMeurtBordel|Leech Seed|p2a: Durant
|-start|p2a: Durant|move: Leech Seed
|
|-damage|p2a: Durant|117\/258|[from] Leech Seed|[of] p1a: MaisMeurtBordel
|-heal|p1a: MaisMeurtBordel|190\/404|[silent]
|turn|10
|
|switch|p1a: Penetrateur|Crobat, M|326\/373
|move|p2a: Durant|Superpower|p1a: Penetrateur
|-resisted|p1a: Penetrateur
|-damage|p1a: Penetrateur|269\/373
|-unboost|p2a: Durant|atk|1
|-unboost|p2a: Durant|def|1
|
|-heal|p1a: Penetrateur|292\/373|[from] item: Black Sludge
|-damage|p2a: Durant|85\/258|[from] Leech Seed|[of] p1a: Penetrateur
|-heal|p1a: Penetrateur|324\/373|[silent]
|turn|11
|
|switch|p1a: Loreal|Ampharos-Mega, F, shiny|123\/384
|-ability|p1a: Loreal|Mold Breaker
|switch|p2a: Shaymin|Shaymin|341\/341
|
|turn|12
|
|switch|p1a: Penetrateur|Crobat, M|324\/373
|move|p2a: Shaymin|Earth Power|p1a: Penetrateur
|-immune|p1a: Penetrateur|[msg]
|
|-heal|p1a: Penetrateur|347\/373|[from] item: Black Sludge
|turn|13
|
|switch|p1a: Loreal|Ampharos-Mega, F, shiny|123\/384
|-ability|p1a: Loreal|Mold Breaker
|switch|p2a: Raikou|Raikou, shiny|322\/322
|-ability|p2a: Raikou|Pressure
|
|turn|14
|
|move|p2a: Raikou|Volt Switch|p1a: Loreal
|-resisted|p1a: Loreal
|-damage|p1a: Loreal|93\/384
|
|switch|p2a: Krookodile|Krookodile, M|332\/332
|move|p1a: Loreal|Rest|p1a: Loreal
|-status|p1a: Loreal|slp
|-heal|p1a: Loreal|384\/384 slp|[silent]
|-status|p1a: Loreal|slp|[from] move: Rest
|
|turn|15
|
|move|p2a: Krookodile|Knock Off|p1a: Loreal
|-crit|p1a: Loreal
|-damage|p1a: Loreal|260\/384 slp
|cant|p1a: Loreal|slp
|move|p1a: Loreal|Sleep Talk|p1a: Loreal
|move|p1a: Loreal|Rest|p1a: Loreal|[from]Sleep Talk
|-fail|p1a: Loreal
|
|turn|16
|
|switch|p2a: Durant|Durant, F|85\/258
|cant|p1a: Loreal|slp
|move|p1a: Loreal|Sleep Talk|p1a: Loreal
|move|p1a: Loreal|Volt Switch|p2a: Durant|[from]Sleep Talk
|-damage|p2a: Durant|0 fnt
|faint|p2a: Durant
|c|âElismae'|ok :c
|
|switch|p1a: Penis snake|Milotic, M|231\/394
|
|-heal|p1a: Penis snake|255\/394|[from] item: Leftovers
|
|switch|p2a: Shaymin|Shaymin|341\/341
|turn|17
|
|switch|p1a: Penetrateur|Crobat, M|347\/373
|move|p2a: Shaymin|Seed Flare|p1a: Penetrateur
|-resisted|p1a: Penetrateur
|-damage|p1a: Penetrateur|272\/373
|-damage|p2a: Shaymin|307\/341|[from] item: Life Orb
|
|-heal|p1a: Penetrateur|295\/373|[from] item: Black Sludge
|turn|18
|
|switch|p2a: Krookodile|Krookodile, M|332\/332
|move|p1a: Penetrateur|Brave Bird|p2a: Krookodile
|-damage|p2a: Krookodile|170\/332
|-damage|p1a: Penetrateur|242\/373|[from] recoil|[of] p2a: Krookodile
|
|-heal|p1a: Penetrateur|265\/373|[from] item: Black Sludge
|turn|19
|
|switch|p1a: MaisMeurtBordel|Tangrowth, F|324\/404
|move|p2a: Krookodile|Knock Off|p1a: MaisMeurtBordel
|-damage|p1a: MaisMeurtBordel|221\/404
|-damage|p2a: Krookodile|115\/332|[from] item: Rocky Helmet|[of] p1a: MaisMeurtBordel
|-enditem|p1a: MaisMeurtBordel|Rocky Helmet|[from] move: Knock Off|[of] p2a: Krookodile
|
|turn|20
|
|switch|p2a: Shaymin|Shaymin|307\/341
|move|p1a: MaisMeurtBordel|Knock Off|p2a: Shaymin
|-damage|p2a: Shaymin|229\/341
|-enditem|p2a: Shaymin|Life Orb|[from] move: Knock Off|[of] p1a: MaisMeurtBordel
|
|turn|21
|
|switch|p1a: Penetrateur|Crobat, M|265\/373
|move|p2a: Shaymin|Seed Flare|p1a: Penetrateur
|-resisted|p1a: Penetrateur
|-damage|p1a: Penetrateur|211\/373
|-unboost|p1a: Penetrateur|spd|2
|
|-heal|p1a: Penetrateur|234\/373|[from] item: Black Sludge
|turn|22
|
|switch|p2a: Raikou|Raikou, shiny|322\/322
|-ability|p2a: Raikou|Pressure
|move|p1a: Penetrateur|Toxic|p2a: Raikou
|-status|p2a: Raikou|tox
|
|-heal|p1a: Penetrateur|257\/373|[from] item: Black Sludge
|-damage|p2a: Raikou|302\/322 tox|[from] psn
|turn|23
|
|switch|p1a: Loreal|Ampharos-Mega, F, shiny|260\/384 slp
|-ability|p1a: Loreal|Mold Breaker
|move|p2a: Raikou|Volt Switch|p1a: Loreal
|-resisted|p1a: Loreal
|-damage|p1a: Loreal|233\/384 slp
|
|switch|p2a: Krookodile|Krookodile, M|115\/332
|
|turn|24
|
|switch|p1a: MaisMeurtBordel|Tangrowth, F|355\/404
|move|p2a: Krookodile|Earthquake|p1a: MaisMeurtBordel
|-resisted|p1a: MaisMeurtBordel
|-damage|p1a: MaisMeurtBordel|299\/404
|
|turn|25
|
|switch|p2a: Shaymin|Shaymin|229\/341
|move|p1a: MaisMeurtBordel|Giga Drain|p2a: Shaymin
|-crit|p2a: Shaymin
|-resisted|p2a: Shaymin
|-damage|p2a: Shaymin|152\/341
|-heal|p1a: MaisMeurtBordel|338\/404|[from] drain|[of] p2a: Shaymin
|
|turn|26
|
|move|p2a: Shaymin|Rest|p2a: Shaymin
|-status|p2a: Shaymin|slp
|-heal|p2a: Shaymin|341\/341 slp|[silent]
|-status|p2a: Shaymin|slp|[from] move: Rest
|move|p1a: MaisMeurtBordel|Giga Drain|p2a: Shaymin
|-resisted|p2a: Shaymin
|-damage|p2a: Shaymin|293\/341 slp
|-heal|p1a: MaisMeurtBordel|362\/404|[from] drain|[of] p2a: Shaymin
|
|turn|27
|
|switch|p2a: Raikou|Raikou, shiny|302\/322 tox
|-ability|p2a: Raikou|Pressure
|switch|p1a: Eldemenageur|Toxicroak, M|307\/307
|
|-damage|p2a: Raikou|282\/322 tox|[from] psn
|turn|28
|
|move|p2a: Raikou|Thunderbolt|p1a: Eldemenageur
|-damage|p1a: Eldemenageur|85\/307
|move|p1a: Eldemenageur|Substitute|p1a: Eldemenageur
|-start|p1a: Eldemenageur|Substitute
|-damage|p1a: Eldemenageur|9\/307
|
|-damage|p2a: Raikou|242\/322 tox|[from] psn
|turn|29
|leave|Elismae'
|player|p2
|join|Elismae'
|c|âmliok|ouf
|c|âElismae'|oups
|player|p2|Elismae'|102
|
|move|p2a: Raikou|Thunderbolt|p1a: Eldemenageur
|-end|p1a: Eldemenageur|Substitute
|move|p1a: Eldemenageur|Drain Punch|p2a: Raikou
|-damage|p2a: Raikou|20\/322 tox
|-heal|p1a: Eldemenageur|120\/307|[from] drain|[of] p2a: Raikou
|-damage|p1a: Eldemenageur|90\/307|[from] item: Life Orb
|
|-damage|p2a: Raikou|0 fnt|[from] psn
|faint|p2a: Raikou
|
|switch|p2a: Krookodile|Krookodile, M|115\/332
|turn|30
|
|move|p2a: Krookodile|Earthquake|p1a: Eldemenageur
|-supereffective|p1a: Eldemenageur
|-damage|p1a: Eldemenageur|0 fnt
|faint|p1a: Eldemenageur
|-boost|p2a: Krookodile|atk|1|[from] ability: Moxie
|
|
|switch|p1a: Penetrateur|Crobat, M|257\/373
|turn|31
|
|switch|p2a: Shaymin|Shaymin|293\/341
|move|p1a: Penetrateur|Brave Bird|p2a: Shaymin
|-supereffective|p2a: Shaymin
|-damage|p2a: Shaymin|47\/341
|-damage|p1a: Penetrateur|176\/373|[from] recoil|[of] p2a: Shaymin
|
|-heal|p1a: Penetrateur|199\/373|[from] item: Black Sludge
|turn|32
|
|move|p1a: Penetrateur|Brave Bird|p2a: Shaymin
|-supereffective|p2a: Shaymin
|-damage|p2a: Shaymin|0 fnt
|-damage|p1a: Penetrateur|183\/373|[from] recoil|[of] p2a: Shaymin
|faint|p2a: Shaymin
|
|-heal|p1a: Penetrateur|206\/373|[from] item: Black Sludge
|
|switch|p2a: Krookodile|Krookodile, M|115\/332
|turn|33
|
|move|p2a: Krookodile|Pursuit|p1a: Penetrateur|[from]Pursuit
|-damage|p1a: Penetrateur|19\/373
|switch|p1a: MaisMeurtBordel|Tangrowth, F|404\/404
|
|turn|34
|
|switch|p2a: Starmie|Starmie|261\/261
|move|p1a: MaisMeurtBordel|Giga Drain|p2a: Starmie
|-supereffective|p2a: Starmie
|-damage|p2a: Starmie|37\/261
|
|turn|35
|
|move|p2a: Starmie|Hydro Pump|p1a: MaisMeurtBordel|[miss]
|-miss|p2a: Starmie|p1a: MaisMeurtBordel
|move|p1a: MaisMeurtBordel|Giga Drain|p2a: Starmie
|-supereffective|p2a: Starmie
|-damage|p2a: Starmie|0 fnt
|faint|p2a: Starmie
|
|leave|Elismae'
|player|p2
|c|âmliok|sorry
|join|Elismae'
|c|âElismae'|Mais
|player|p2|Elismae'|102
|c|âElismae'|gg
|
|switch|p2a: Krookodile|Krookodile, M|115\/332
|turn|36
|c|âmliok|gg
|
|move|p2a: Krookodile|Knock Off|p1a: MaisMeurtBordel
|-damage|p1a: MaisMeurtBordel|332\/404
|move|p1a: MaisMeurtBordel|Giga Drain|p2a: Krookodile
|-supereffective|p2a: Krookodile
|-damage|p2a: Krookodile|0 fnt
|-heal|p1a: MaisMeurtBordel|390\/404|[from] drain|[of] p2a: Krookodile
|faint|p2a: Krookodile
|
|win|mliok
|leave|Elismae'
|player|p2