|join|mliok
|join|stan77
|player|p1|mliok|170
|player|p2|stan77|1
|gametype|singles
|gen|6
|tier|UU
|rule|Sleep Clause Mod: Limit one foe put to sleep
|rule|Species Clause: Limit one of each PokÃ©mon
|rule|OHKO Clause: OHKO moves are banned
|rule|Moody Clause: Moody is banned
|rule|Evasion Moves Clause: Evasion moves are banned
|rule|Endless Battle Clause: Forcing endless battles is banned
|rule|HP Percentage Mod: HP is shown in percentages
|clearpoke
|poke|p1|Tangrowth, F
|poke|p1|Milotic, M
|poke|p1|Toxicroak, M
|poke|p1|Jirachi
|poke|p1|Crobat, M
|poke|p1|Ampharos, F, shiny
|poke|p2|Honchkrow, F
|poke|p2|Trevenant, M
|poke|p2|Alakazam, M
|poke|p2|Aggron, F
|poke|p2|Florges, F
|poke|p2|Entei, shiny
|rule|Swagger Clause: Swagger is banned
|rule|Baton Pass Clause: Limit one PokÃ©mon knowing Baton Pass
|teampreview
|c|âstan77|gl
|c|âmliok|gl
|
|start
|switch|p1a: Loreal|Ampharos, F, shiny|384\/384
|switch|p2a: Alakazam|Alakazam, M|252\/252
|turn|1
|
|switch|p2a: Florges|Florges, F|360\/360
|detailschange|p1a: Loreal|Ampharos-Mega, F, shiny
|message|Ampharos has Mega Evolved into Mega Ampharos!
|-ability|p1a: Loreal|Mold Breaker
|move|p1a: Loreal|Volt Switch|p2a: Florges
|-damage|p2a: Florges|278\/360
|
|switch|p1a: Eldemenageur|Toxicroak, M|307\/307
|
|-heal|p2a: Florges|300\/360|[from] item: Leftovers
|turn|2
|
|switch|p2a: Aggron|Aggron, F|344\/344
|move|p1a: Eldemenageur|Drain Punch|p2a: Aggron
|-supereffective|p2a: Aggron
|-damage|p2a: Aggron|32\/344
|-damage|p1a: Eldemenageur|277\/307|[from] item: Life Orb
|
|turn|3
|
|detailschange|p2a: Aggron|Aggron-Mega, F
|message|Aggron has Mega Evolved into Mega Aggron!
|move|p2a: Aggron|Protect|p2a: Aggron
|-singleturn|p2a: Aggron|Protect
|move|p1a: Eldemenageur|Drain Punch|p2a: Aggron
|-activate|p2a: Aggron|Protect
|
|turn|4
|
|move|p1a: Eldemenageur|Substitute|p1a: Eldemenageur
|-start|p1a: Eldemenageur|Substitute
|-damage|p1a: Eldemenageur|201\/307
|move|p2a: Aggron|Stealth Rock|p1a: Eldemenageur
|-sidestart|p1: mliok|move: Stealth Rock
|
|turn|5
|
|move|p1a: Eldemenageur|Drain Punch|p2a: Aggron
|-supereffective|p2a: Aggron
|-damage|p2a: Aggron|0 fnt
|-heal|p1a: Eldemenageur|217\/307|[from] drain|[of] p2a: Aggron
|-damage|p1a: Eldemenageur|187\/307|[from] item: Life Orb
|faint|p2a: Aggron
|
|
|switch|p2a: Honchkrow|Honchkrow, F|362\/362
|turn|6
|
|move|p1a: Eldemenageur|Gunk Shot|p2a: Honchkrow
|-damage|p2a: Honchkrow|0 fnt
|-damage|p1a: Eldemenageur|157\/307|[from] item: Life Orb
|faint|p2a: Honchkrow
|
|c|âstan77|ah bon?
|c|âstan77|bon ba gg
|c|âmliok|Bah il Ã  une petite santÃ© lol
|
|switch|p2a: Entei|Entei, shiny|372\/372
|-ability|p2a: Entei|Pressure
|turn|7
|
|move|p2a: Entei|Extreme Speed|p1a: Eldemenageur
|-end|p1a: Eldemenageur|Substitute
|-damage|p2a: Entei|335\/372|[from] item: Life Orb
|move|p1a: Eldemenageur|Drain Punch|p2a: Entei
|-damage|p2a: Entei|160\/372
|-heal|p1a: Eldemenageur|245\/307|[from] drain|[of] p2a: Entei
|-damage|p1a: Eldemenageur|215\/307|[from] item: Life Orb
|
|turn|8
|
|switch|p1a: Loreal|Ampharos-Mega, F, shiny|384\/384
|-damage|p1a: Loreal|336\/384|[from] Stealth Rock
|-ability|p1a: Loreal|Mold Breaker
|move|p2a: Entei|Sacred Fire|p1a: Loreal
|-resisted|p1a: Loreal
|-damage|p1a: Loreal|259\/384
|-damage|p2a: Entei|123\/372|[from] item: Life Orb
|
|turn|9
|
|move|p2a: Entei|Bulldoze|p1a: Loreal
|-supereffective|p1a: Loreal
|-damage|p1a: Loreal|129\/384
|-unboost|p1a: Loreal|spe|1
|-damage|p2a: Entei|86\/372|[from] item: Life Orb
|move|p1a: Loreal|Volt Switch|p2a: Entei
|-damage|p2a: Entei|0 fnt
|faint|p2a: Entei
|
|switch|p1a: Penetrateur|Crobat, M|373\/373
|-damage|p1a: Penetrateur|280\/373|[from] Stealth Rock
|
|-heal|p1a: Penetrateur|303\/373|[from] item: Black Sludge
|
|switch|p2a: Alakazam|Alakazam, M|252\/252
|turn|10
|
|move|p1a: Penetrateur|Defog|p2a: Alakazam
|-unboost|p2a: Alakazam|evasion|1
|-sideend|p1: mliok|Stealth Rock|[from] move: Defog|[of] p1a: Penetrateur
|move|p2a: Alakazam|Psyshock|p1a: Penetrateur
|-supereffective|p1a: Penetrateur
|-damage|p1a: Penetrateur|0 fnt
|faint|p1a: Penetrateur
|
|
|switch|p1a: Penis snake|Milotic, M|394\/394
|turn|11
|
|switch|p2a: Florges|Florges, F|300\/360
|move|p1a: Penis snake|Scald|p2a: Florges
|-damage|p2a: Florges|246\/360
|
|-heal|p2a: Florges|268\/360|[from] item: Leftovers
|turn|12
|
|switch|p1a: Loreal|Ampharos-Mega, F, shiny|129\/384
|-ability|p1a: Loreal|Mold Breaker
|move|p2a: Florges|Wish|p2a: Florges
|
|-heal|p2a: Florges|290\/360|[from] item: Leftovers
|turn|13
|
|move|p2a: Florges|Moonblast|p1a: Loreal
|-supereffective|p1a: Loreal
|-damage|p1a: Loreal|0 fnt
|faint|p1a: Loreal
|
|-heal|p2a: Florges|360\/360|[from] move: Wish|[wisher] Florges
|
|switch|p1a: Eldemenageur|Toxicroak, M|215\/307
|turn|14
|
|move|p1a: Eldemenageur|Gunk Shot|p2a: Florges
|-supereffective|p2a: Florges
|-damage|p2a: Florges|0 fnt
|-damage|p1a: Eldemenageur|185\/307|[from] item: Life Orb
|faint|p2a: Florges
|
|
|switch|p2a: Alakazam|Alakazam, M|252\/252
|turn|15
|
|switch|p1a: Choppa|Jirachi|404\/404
|move|p2a: Alakazam|Psyshock|p1a: Choppa
|-resisted|p1a: Choppa
|-damage|p1a: Choppa|368\/404
|
|-heal|p1a: Choppa|393\/404|[from] item: Leftovers
|turn|16
|
|move|p2a: Alakazam|Shadow Ball|p1a: Choppa
|-supereffective|p1a: Choppa
|-damage|p1a: Choppa|251\/404
|move|p1a: Choppa|Iron Head|p2a: Alakazam
|-damage|p2a: Alakazam|90\/252
|
|-heal|p1a: Choppa|276\/404|[from] item: Leftovers
|turn|17
|
|switch|p2a: Trevenant|Trevenant, M|374\/374
|move|p1a: Choppa|Iron Head|p2a: Trevenant
|-damage|p2a: Trevenant|263\/374
|
|-heal|p1a: Choppa|301\/404|[from] item: Leftovers
|turn|18
|
|move|p1a: Choppa|Iron Head|p2a: Trevenant
|-damage|p2a: Trevenant|145\/374
|-enditem|p2a: Trevenant|Sitrus Berry|[eat]
|-heal|p2a: Trevenant|238\/374|[from] item: Sitrus Berry
|cant|p2a: Trevenant|flinch
|
|-heal|p1a: Choppa|326\/404|[from] item: Leftovers
|turn|19
|
|switch|p1a: Penis snake|Milotic, M|394\/394
|move|p2a: Trevenant|Will-O-Wisp|p1a: Penis snake
|-status|p1a: Penis snake|brn
|
|-damage|p1a: Penis snake|345\/394 brn|[from] brn
|-item|p2a: Trevenant|Sitrus Berry|[from] ability: Harvest
|turn|20
|
|move|p1a: Penis snake|Toxic|p2a: Trevenant
|-status|p2a: Trevenant|tox
|move|p2a: Trevenant|Leech Seed|p1a: Penis snake
|-start|p1a: Penis snake|move: Leech Seed
|
|-heal|p1a: Penis snake|369\/394 brn|[from] item: Leftovers
|-damage|p1a: Penis snake|320\/394 brn|[from] Leech Seed|[of] p2a: Trevenant
|-heal|p2a: Trevenant|287\/374 tox|[silent]
|-damage|p1a: Penis snake|271\/394 brn|[from] brn
|-damage|p2a: Trevenant|264\/374 tox|[from] psn
|turn|21
|
|switch|p1a: Eldemenageur|Toxicroak, M|185\/307
|switch|p2a: Alakazam|Alakazam, M|90\/252
|
|turn|22
|
|switch|p2a: Trevenant|Trevenant, M|264\/374 tox
|move|p1a: Eldemenageur|Sucker Punch|p2a: Trevenant
|-fail|p2a: Trevenant
|
|-damage|p2a: Trevenant|241\/374 tox|[from] psn
|turn|23
|c|âmliok|Tromper de talent ?
|c|âmliok|ah non je suis con
|
|move|p1a: Eldemenageur|Substitute|p1a: Eldemenageur
|-start|p1a: Eldemenageur|Substitute
|-damage|p1a: Eldemenageur|109\/307
|move|p2a: Trevenant|Substitute|p2a: Trevenant
|-start|p2a: Trevenant|Substitute
|-damage|p2a: Trevenant|148\/374 tox
|-enditem|p2a: Trevenant|Sitrus Berry|[eat]
|-heal|p2a: Trevenant|241\/374 tox|[from] item: Sitrus Berry
|
|-damage|p2a: Trevenant|195\/374 tox|[from] psn
|turn|24
|
|move|p1a: Eldemenageur|Sucker Punch|p2a: Trevenant
|-fail|p2a: Trevenant
|move|p2a: Trevenant|Leech Seed|p1a: Eldemenageur
|
|-damage|p2a: Trevenant|126\/374 tox|[from] psn
|-item|p2a: Trevenant|Sitrus Berry|[from] ability: Harvest
|-enditem|p2a: Trevenant|Sitrus Berry|[eat]
|-heal|p2a: Trevenant|219\/374 tox|[from] item: Sitrus Berry
|turn|25
|c|âstan77|miss
|
|move|p1a: Eldemenageur|Sucker Punch|p2a: Trevenant
|-supereffective|p2a: Trevenant
|-end|p2a: Trevenant|Substitute
|-damage|p1a: Eldemenageur|79\/307|[from] item: Life Orb
|move|p2a: Trevenant|Phantom Force|p1a: Eldemenageur|[still]
|-prepare|p2a: Trevenant|Phantom Force|p1a: Eldemenageur
|
|-damage|p2a: Trevenant|127\/374 tox|[from] psn
|turn|26
|
|move|p1a: Eldemenageur|Drain Punch|p2a: Trevenant
|-immune|p2a: Trevenant|[msg]
|move|p2a: Trevenant|Phantom Force|p1a: Eldemenageur
|-end|p1a: Eldemenageur|Substitute
|
|-damage|p2a: Trevenant|12\/374 tox|[from] psn
|-item|p2a: Trevenant|Sitrus Berry|[from] ability: Harvest
|-enditem|p2a: Trevenant|Sitrus Berry|[eat]
|-heal|p2a: Trevenant|105\/374 tox|[from] item: Sitrus Berry
|turn|27
|
|move|p1a: Eldemenageur|Substitute|p1a: Eldemenageur
|-start|p1a: Eldemenageur|Substitute
|-damage|p1a: Eldemenageur|3\/307
|move|p2a: Trevenant|Phantom Force|p1a: Eldemenageur|[still]
|-prepare|p2a: Trevenant|Phantom Force|p1a: Eldemenageur
|
|-damage|p2a: Trevenant|0 fnt|[from] psn
|faint|p2a: Trevenant
|
|switch|p2a: Alakazam|Alakazam, M|90\/252
|turn|28
|c|âmliok|gg
|c|âstan77|gg
|
|move|p1a: Eldemenageur|Sucker Punch|p2a: Alakazam
|-fail|p2a: Alakazam
|move|p2a: Alakazam|Calm Mind|p2a: Alakazam
|-boost|p2a: Alakazam|spa|1
|-boost|p2a: Alakazam|spd|1
|
|turn|29
|
|move|p2a: Alakazam|Calm Mind|p2a: Alakazam
|-boost|p2a: Alakazam|spa|1
|-boost|p2a: Alakazam|spd|1
|move|p1a: Eldemenageur|Drain Punch|p2a: Alakazam
|-resisted|p2a: Alakazam
|-damage|p2a: Alakazam|0 fnt
|-heal|p1a: Eldemenageur|48\/307|[from] drain|[of] p2a: Alakazam
|-damage|p1a: Eldemenageur|18\/307|[from] item: Life Orb
|faint|p2a: Alakazam
|
|win|mliok