|join|mliok
|join|lopoman
|player|p1|mliok|170
|player|p2|lopoman|10
|gametype|singles
|gen|6
|tier|UU
|rule|Sleep Clause Mod: Limit one foe put to sleep
|rule|Species Clause: Limit one of each PokÃ©mon
|rule|OHKO Clause: OHKO moves are banned
|rule|Moody Clause: Moody is banned
|rule|Evasion Moves Clause: Evasion moves are banned
|rule|Endless Battle Clause: Forcing endless battles is banned
|rule|HP Percentage Mod: HP is shown in percentages
|clearpoke
|poke|p1|Tangrowth, F
|poke|p1|Milotic, M
|poke|p1|Toxicroak, M
|poke|p1|Jirachi
|poke|p1|Crobat, M
|poke|p1|Ampharos, F, shiny
|poke|p2|Ampharos, F, shiny
|poke|p2|Crobat, M, shiny
|poke|p2|Empoleon, F, shiny
|poke|p2|Aromatisse, F, shiny
|poke|p2|Darmanitan, M, shiny
|poke|p2|Krookodile, F, shiny
|rule|Swagger Clause: Swagger is banned
|rule|Baton Pass Clause: Limit one PokÃ©mon knowing Baton Pass
|teampreview
|c|âlopoman|gl
|join|UlamÃ¸g
|c|âmliok|gl
|c|âmliok|Faut pas que je perde celui-la
|c|âlopoman|10Ã¨ ?
|
|start
|switch|p1a: Loreal|Ampharos, F, shiny|384\/384
|switch|p2a: Aromatisse|Aromatisse, F, shiny|406\/406
|turn|1
|c|âmliok|9Ã©
|c|âlopoman|k
|
|detailschange|p1a: Loreal|Ampharos-Mega, F, shiny
|message|Ampharos has Mega Evolved into Mega Ampharos!
|-ability|p1a: Loreal|Mold Breaker
|move|p1a: Loreal|Volt Switch|p2a: Aromatisse
|-damage|p2a: Aromatisse|309\/406
|
|switch|p1a: Choppa|Jirachi|404\/404
|move|p2a: Aromatisse|Moonblast|p1a: Choppa
|-resisted|p1a: Choppa
|-damage|p1a: Choppa|362\/404
|
|-heal|p1a: Choppa|387\/404|[from] item: Leftovers
|-heal|p2a: Aromatisse|334\/406|[from] item: Leftovers
|turn|2
|c|âlopoman|L'eau RÃ©al :(
|
|switch|p2a: Darmanitan|Darmanitan, M, shiny|351\/351
|move|p1a: Choppa|Stealth Rock|p2a: Darmanitan
|-sidestart|p2: lopoman|move: Stealth Rock
|
|-heal|p1a: Choppa|404\/404|[from] item: Leftovers
|turn|3
|
|switch|p1a: Loreal|Ampharos-Mega, F, shiny|384\/384
|-ability|p1a: Loreal|Mold Breaker
|move|p2a: Darmanitan|U-turn|p1a: Loreal
|-damage|p1a: Loreal|320\/384
|
|switch|p2a: Ampharos|Ampharos, F, shiny|374\/374
|-damage|p2a: Ampharos|328\/374|[from] Stealth Rock
|
|turn|4
|
|switch|p1a: Penis snake|Milotic, M|394\/394
|move|p2a: Ampharos|Dragon Pulse|p1a: Penis snake
|-damage|p1a: Penis snake|328\/394
|
|-heal|p1a: Penis snake|352\/394|[from] item: Leftovers
|turn|5
|
|switch|p2a: Empoleon|Empoleon, F, shiny|372\/372
|-damage|p2a: Empoleon|349\/372|[from] Stealth Rock
|move|p1a: Penis snake|Scald|p2a: Empoleon
|-resisted|p2a: Empoleon
|-damage|p2a: Empoleon|316\/372
|
|-heal|p1a: Penis snake|376\/394|[from] item: Leftovers
|-heal|p2a: Empoleon|339\/372|[from] item: Leftovers
|turn|6
|c|âlopoman|:c
|
|switch|p1a: Eldemenageur|Toxicroak, M|307\/307
|move|p2a: Empoleon|Scald|p1a: Eldemenageur
|-immune|p1a: Eldemenageur|[msg]
|
|-heal|p2a: Empoleon|362\/372|[from] item: Leftovers
|turn|7
|c|âmliok|Ca mzrche plus mirror coat :(
|
|switch|p2a: Crobat|Crobat, M, shiny|343\/343
|-damage|p2a: Crobat|258\/343|[from] Stealth Rock
|move|p1a: Eldemenageur|Gunk Shot|p2a: Crobat
|-crit|p2a: Crobat
|-resisted|p2a: Crobat
|-damage|p2a: Crobat|14\/343
|-damage|p1a: Eldemenageur|277\/307|[from] item: Life Orb
|
|-heal|p2a: Crobat|35\/343|[from] item: Black Sludge
|turn|8
|c|âlopoman|k
|c|âlopoman|stop
|c|âlopoman|crit
|c|âlopoman|:(
|c|âlopoman|:(
|
|switch|p1a: Loreal|Ampharos-Mega, F, shiny|320\/384
|-ability|p1a: Loreal|Mold Breaker
|move|p2a: Crobat|Roost|p2a: Crobat
|-heal|p2a: Crobat|207\/343
|
|-heal|p2a: Crobat|228\/343|[from] item: Black Sludge
|turn|9
|c|âmliok|5%
|c|âmliok|mais quel noob toxicroak
|
|move|p2a: Crobat|U-turn|p1a: Loreal
|-damage|p1a: Loreal|278\/384
|
|switch|p2a: Krookodile|Krookodile, F, shiny|332\/332
|-damage|p2a: Krookodile|312\/332|[from] Stealth Rock
|move|p1a: Loreal|Dragon Pulse|p2a: Krookodile
|-damage|p2a: Krookodile|104\/332
|
|turn|10
|join|MegaLinne
|c|âlopoman|pk
|c|âlopoman|Ã  chaque fois
|c|âlopoman|je me fais avoir
|
|switch|p1a: Penetrateur|Crobat, M|373\/373
|move|p2a: Krookodile|Earthquake|p1a: Penetrateur
|-immune|p1a: Penetrateur|[msg]
|
|turn|11
|c|âmliok|:)
|
|switch|p2a: Empoleon|Empoleon, F, shiny|362\/372
|-damage|p2a: Empoleon|339\/372|[from] Stealth Rock
|switch|p1a: Eldemenageur|Toxicroak, M|277\/307
|
|-heal|p2a: Empoleon|362\/372|[from] item: Leftovers
|turn|12
|c| UlamÃ¸g|vous avez un truc en commun
|leave|MegaLinne
|c| UlamÃ¸g|3 faiblesses glace aprÃ¨s mega evolution
|
|move|p1a: Eldemenageur|Drain Punch|p2a: Empoleon
|-supereffective|p2a: Empoleon
|-damage|p2a: Empoleon|0 fnt
|-heal|p1a: Eldemenageur|307\/307|[from] drain|[of] p2a: Empoleon
|-damage|p1a: Eldemenageur|277\/307|[from] item: Life Orb
|faint|p2a: Empoleon
|
|c|âlopoman|c bn
|c|âlopoman|g lose imo
|
|switch|p2a: Crobat|Crobat, M, shiny|228\/343
|-damage|p2a: Crobat|143\/343|[from] Stealth Rock
|turn|13
|c|âmliok|et le plus important, pharamp
|c|âmliok|att, hier j'avais aussi bien commencer et cÃ©tais galÃ¨re
|
|switch|p1a: Loreal|Ampharos-Mega, F, shiny|278\/384
|-ability|p1a: Loreal|Mold Breaker
|move|p2a: Crobat|U-turn|p1a: Loreal
|-damage|p1a: Loreal|237\/384
|
|switch|p2a: Ampharos|Ampharos, F, shiny|328\/374
|-damage|p2a: Ampharos|282\/374|[from] Stealth Rock
|
|turn|14
|
|move|p2a: Ampharos|Dragon Pulse|p1a: Loreal
|-supereffective|p1a: Loreal
|-damage|p1a: Loreal|47\/384
|move|p1a: Loreal|Dragon Pulse|p2a: Ampharos
|-damage|p2a: Ampharos|119\/374
|
|turn|15
|
|detailschange|p2a: Ampharos|Ampharos-Mega, F, shiny
|message|Ampharos has Mega Evolved into Mega Ampharos!
|-ability|p2a: Ampharos|Mold Breaker
|move|p2a: Ampharos|Dragon Pulse|p1a: Loreal
|-supereffective|p1a: Loreal
|-damage|p1a: Loreal|0 fnt
|faint|p1a: Loreal
|
|c|âlopoman|allÃ© slt
|c|âmliok|noooon
|c|âmliok|mÃ©chant
|c|âlopoman|J'aurais pu mega evo avant enfaite
|
|switch|p1a: Eldemenageur|Toxicroak, M|277\/307
|turn|16
|c|âlopoman|et je t'aurais ohko :(
|c|âlopoman|je suis con 
|
|switch|p2a: Aromatisse|Aromatisse, F, shiny|334\/406
|-damage|p2a: Aromatisse|284\/406|[from] Stealth Rock
|move|p1a: Eldemenageur|Gunk Shot|p2a: Aromatisse
|-supereffective|p2a: Aromatisse
|-damage|p2a: Aromatisse|0 fnt
|-damage|p1a: Eldemenageur|247\/307|[from] item: Life Orb
|faint|p2a: Aromatisse
|
|c|âlopoman|n
|c|âlopoman|n
|c|âmliok|oh
|
|switch|p2a: Crobat|Crobat, M, shiny|143\/343
|-damage|p2a: Crobat|58\/343|[from] Stealth Rock
|turn|17
|c|âlopoman|g voulu tuer krooko
|c|âlopoman|:(((
|
|switch|p1a: Penis snake|Milotic, M|376\/394
|move|p2a: Crobat|Roost|p2a: Crobat
|-heal|p2a: Crobat|230\/343
|
|-heal|p2a: Crobat|251\/343|[from] item: Black Sludge
|-heal|p1a: Penis snake|394\/394|[from] item: Leftovers
|turn|18
|
|move|p2a: Crobat|Defog|p1a: Penis snake
|-unboost|p1a: Penis snake|evasion|1
|-sideend|p2: lopoman|Stealth Rock|[from] move: Defog|[of] p2a: Crobat
|move|p1a: Penis snake|Scald|p2a: Crobat
|-damage|p2a: Crobat|143\/343
|
|-heal|p2a: Crobat|164\/343|[from] item: Black Sludge
|turn|19
|
|move|p2a: Crobat|U-turn|p1a: Penis snake
|-damage|p1a: Penis snake|321\/394
|
|switch|p2a: Ampharos|Ampharos-Mega, F, shiny|119\/374
|-ability|p2a: Ampharos|Mold Breaker
|move|p1a: Penis snake|Scald|p2a: Ampharos
|-resisted|p2a: Ampharos
|-damage|p2a: Ampharos|77\/374
|-status|p2a: Ampharos|brn
|
|-heal|p1a: Penis snake|345\/394|[from] item: Leftovers
|-damage|p2a: Ampharos|31\/374 brn|[from] brn
|turn|20
|c|âlopoman|ok fuk
|
|move|p1a: Penis snake|Scald|p2a: Ampharos
|-resisted|p2a: Ampharos
|-damage|p2a: Ampharos|0 fnt
|faint|p2a: Ampharos
|
|-heal|p1a: Penis snake|369\/394|[from] item: Leftovers
|c| UlamÃ¸g|la chance de malade XD
|c|âmliok|bah 30%
|
|switch|p2a: Krookodile|Krookodile, F, shiny|104\/332
|turn|21
|c|âmliok|et le premier Ã  pas burn
|
|switch|p1a: MaisMeurtBordel|Tangrowth, F|404\/404
|move|p2a: Krookodile|Knock Off|p1a: MaisMeurtBordel
|-damage|p1a: MaisMeurtBordel|310\/404
|-damage|p2a: Krookodile|49\/332|[from] item: Rocky Helmet|[of] p1a: MaisMeurtBordel
|-enditem|p1a: MaisMeurtBordel|Rocky Helmet|[from] move: Knock Off|[of] p2a: Krookodile
|
|turn|22
|
|switch|p2a: Darmanitan|Darmanitan, M, shiny|351\/351
|move|p1a: MaisMeurtBordel|Sleep Powder|p2a: Darmanitan|[miss]
|-miss|p1a: MaisMeurtBordel|p2a: Darmanitan
|
|turn|23
|c| UlamÃ¸g|mais t'as quand mÃªme fait un critical au dÃ©but
|c|âlopoman|^^^^^^^^^^^^^^^^^^^^
|c|âmliok|non :(
|c| UlamÃ¸g|j'aimerais bien faire un UU aprÃ¨s
|
|switch|p1a: Penis snake|Milotic, M|369\/394
|move|p2a: Darmanitan|U-turn|p1a: Penis snake
|-damage|p1a: Penis snake|255\/394
|
|switch|p2a: Crobat|Crobat, M, shiny|164\/343
|
|-heal|p2a: Crobat|185\/343|[from] item: Black Sludge
|-heal|p1a: Penis snake|279\/394|[from] item: Leftovers
|turn|24
|
|move|p2a: Crobat|Brave Bird|p1a: Penis snake
|-damage|p1a: Penis snake|89\/394
|-damage|p2a: Crobat|122\/343|[from] recoil|[of] p1a: Penis snake
|move|p1a: Penis snake|Recover|p1a: Penis snake
|-heal|p1a: Penis snake|286\/394
|
|-heal|p2a: Crobat|143\/343|[from] item: Black Sludge
|-heal|p1a: Penis snake|310\/394|[from] item: Leftovers
|turn|25
|
|move|p2a: Crobat|Roost|p2a: Crobat
|-heal|p2a: Crobat|315\/343
|move|p1a: Penis snake|Scald|p2a: Crobat
|-damage|p2a: Crobat|210\/343
|-status|p2a: Crobat|brn
|
|-heal|p2a: Crobat|231\/343 brn|[from] item: Black Sludge
|-heal|p1a: Penis snake|334\/394|[from] item: Leftovers
|-damage|p2a: Crobat|189\/343 brn|[from] brn
|turn|26
|c|âlopoman|gÂ²
|
|switch|p1a: Choppa|Jirachi|404\/404
|move|p2a: Crobat|Brave Bird|p1a: Choppa
|-resisted|p1a: Choppa
|-damage|p1a: Choppa|367\/404
|-damage|p2a: Crobat|177\/343 brn|[from] recoil|[of] p1a: Choppa
|
|-heal|p2a: Crobat|198\/343 brn|[from] item: Black Sludge
|-heal|p1a: Choppa|392\/404|[from] item: Leftovers
|-damage|p2a: Crobat|156\/343 brn|[from] brn
|turn|27
|
|move|p2a: Crobat|U-turn|p1a: Choppa
|-crit|p1a: Choppa
|-damage|p1a: Choppa|340\/404
|
|switch|p2a: Darmanitan|Darmanitan, M, shiny|351\/351
|move|p1a: Choppa|Stealth Rock|p2a: Darmanitan
|-sidestart|p2: lopoman|move: Stealth Rock
|
|-heal|p1a: Choppa|365\/404|[from] item: Leftovers
|turn|28
|c|âmliok|atta dardanitant il me fou la misÃ¨re
|c|âmliok|-t
|
|switch|p1a: Penetrateur|Crobat, M|373\/373
|move|p2a: Darmanitan|Flare Blitz|p1a: Penetrateur
|-damage|p1a: Penetrateur|45\/373
|-damage|p2a: Darmanitan|243\/351|[from] recoil|[of] p1a: Penetrateur
|
|-heal|p1a: Penetrateur|68\/373|[from] item: Black Sludge
|turn|29
|
|move|p2a: Darmanitan|Flare Blitz|p1a: Penetrateur
|-damage|p1a: Penetrateur|0 fnt
|-damage|p2a: Darmanitan|221\/351|[from] recoil|[of] p1a: Penetrateur
|faint|p1a: Penetrateur
|
|c|âlopoman|Si milo
|c|âlopoman|n'existait pas
|
|switch|p1a: Penis snake|Milotic, M|334\/394
|turn|30
|c|âlopoman|je te sweep trkl :(
|
|move|p2a: Darmanitan|Flare Blitz|p1a: Penis snake
|-resisted|p1a: Penis snake
|-damage|p1a: Penis snake|145\/394
|-damage|p2a: Darmanitan|159\/351|[from] recoil|[of] p1a: Penis snake
|move|p1a: Penis snake|Scald|p2a: Darmanitan
|-supereffective|p2a: Darmanitan
|-damage|p2a: Darmanitan|0 fnt
|faint|p2a: Darmanitan
|
|-heal|p1a: Penis snake|169\/394|[from] item: Leftovers
|
|switch|p2a: Krookodile|Krookodile, F, shiny|49\/332
|-damage|p2a: Krookodile|29\/332|[from] Stealth Rock
|turn|31
|c|âmliok|Lol, 2hko avec les roc
|
|switch|p1a: MaisMeurtBordel|Tangrowth, F|404\/404
|move|p2a: Krookodile|Knock Off|p1a: MaisMeurtBordel
|-crit|p1a: MaisMeurtBordel
|-damage|p1a: MaisMeurtBordel|311\/404
|
|turn|32
|
|move|p2a: Krookodile|Knock Off|p1a: MaisMeurtBordel
|-damage|p1a: MaisMeurtBordel|241\/404
|move|p1a: MaisMeurtBordel|Knock Off|p2a: Krookodile
|-resisted|p2a: Krookodile
|-damage|p2a: Krookodile|0 fnt
|-enditem|p2a: Krookodile|Choice Scarf|[from] move: Knock Off|[of] p1a: MaisMeurtBordel
|faint|p2a: Krookodile
|
|
|switch|p2a: Crobat|Crobat, M, shiny|156\/343 brn
|-damage|p2a: Crobat|71\/343 brn|[from] Stealth Rock
|turn|33
|c|âlopoman|allÃ© gÂ²
|
|move|p2a: Crobat|Brave Bird|p1a: MaisMeurtBordel
|-supereffective|p1a: MaisMeurtBordel
|-damage|p1a: MaisMeurtBordel|133\/404
|-damage|p2a: Crobat|35\/343 brn|[from] recoil|[of] p1a: MaisMeurtBordel
|move|p1a: MaisMeurtBordel|Knock Off|p2a: Crobat
|-damage|p2a: Crobat|0 fnt
|-enditem|p2a: Crobat|Black Sludge|[from] move: Knock Off|[of] p1a: MaisMeurtBordel
|faint|p2a: Crobat
|
|win|mliok
|c|âmliok|gg
|leave|lopoman
|player|p2