|join|mliok
|join|lopoman
|player|p1|mliok|2
|player|p2|lopoman|10
|gametype|singles
|gen|6
|tier|UU
|rule|Sleep Clause Mod: Limit one foe put to sleep
|rule|Species Clause: Limit one of each PokÃ©mon
|rule|OHKO Clause: OHKO moves are banned
|rule|Moody Clause: Moody is banned
|rule|Evasion Moves Clause: Evasion moves are banned
|rule|Endless Battle Clause: Forcing endless battles is banned
|rule|HP Percentage Mod: HP is shown in percentages
|clearpoke
|poke|p1|Tangrowth, F
|poke|p1|Milotic, M
|poke|p1|Toxicroak, M
|poke|p1|Jirachi
|poke|p1|Crobat, M
|poke|p1|Ampharos, F, shiny
|poke|p2|Ampharos, F, shiny
|poke|p2|Crobat, M, shiny
|poke|p2|Empoleon, M, shiny
|poke|p2|Aromatisse, F, shiny
|poke|p2|Darmanitan, F, shiny
|poke|p2|Krookodile, M, shiny
|rule|Swagger Clause: Swagger is banned
|rule|Baton Pass Clause: Limit one PokÃ©mon knowing Baton Pass
|teampreview
|c|âmliok|yo
|c|âmliok|gl
|c|âlopoman|cc
|c|âlopoman|gl
|c|âlopoman|imo
|
|start
|switch|p1a: MaisMeurtBordel|Tangrowth, F|404\/404
|switch|p2a: Darmanitan|Darmanitan, F, shiny|351\/351
|turn|1
|c|âlopoman|pk tu change tt le temps de lead ? :(
|
|switch|p1a: Loreal|Ampharos, F, shiny|384\/384
|move|p2a: Darmanitan|U-turn|p1a: Loreal
|-crit|p1a: Loreal
|-damage|p1a: Loreal|276\/384
|c|âmliok|Bon, pas le meilleur choix de lead...
|c|âmliok|Packe
|c|âlopoman|Les crits commencent !!!
|
|switch|p2a: Krookodile|Krookodile, M, shiny|332\/332
|
|turn|2
|c|âmliok|Je t'ai pas para, c'est nul :(
|
|detailschange|p1a: Loreal|Ampharos-Mega, F, shiny
|message|Ampharos has Mega Evolved into Mega Ampharos!
|-ability|p1a: Loreal|Mold Breaker
|move|p2a: Krookodile|Stone Edge|p1a: Loreal
|-crit|p1a: Loreal
|-damage|p1a: Loreal|167\/384
|move|p1a: Loreal|Dragon Pulse|p2a: Krookodile
|-damage|p2a: Krookodile|115\/332
|
|turn|3
|c|âlopoman|ok
|c|âlopoman|Pk
|c|âlopoman|tu sitch pas ?
|
|switch|p2a: Aromatisse|Aromatisse, F, shiny|406\/406
|move|p1a: Loreal|Volt Switch|p2a: Aromatisse
|-damage|p2a: Aromatisse|307\/406
|c|âmliok|:)
|
|switch|p1a: Eldemenageur|Toxicroak, M|307\/307
|
|-heal|p2a: Aromatisse|332\/406|[from] item: Leftovers
|turn|4
|c|âlopoman|A chaque fois je un pokÃ© Ã  cause de Ã§a :(
|c|âlopoman|Il faut le ban imo
|
|switch|p1a: Loreal|Ampharos-Mega, F, shiny|167\/384
|-ability|p1a: Loreal|Mold Breaker
|switch|p2a: Crobat|Crobat, M, shiny|343\/343
|
|turn|5
|c|âlopoman|:(
|
|move|p2a: Crobat|U-turn|p1a: Loreal
|-damage|p1a: Loreal|122\/384
|
|switch|p2a: Ampharos|Ampharos, F, shiny|374\/374
|move|p1a: Loreal|Rest|p1a: Loreal
|-status|p1a: Loreal|slp
|-heal|p1a: Loreal|384\/384 slp|[silent]
|-status|p1a: Loreal|slp|[from] move: Rest
|
|turn|6
|
|switch|p1a: Choppa|Jirachi|404\/404
|detailschange|p2a: Ampharos|Ampharos-Mega, F, shiny
|message|Ampharos has Mega Evolved into Mega Ampharos!
|-ability|p2a: Ampharos|Mold Breaker
|move|p2a: Ampharos|Volt Switch|p1a: Choppa
|-damage|p1a: Choppa|295\/404
|
|switch|p2a: Darmanitan|Darmanitan, F, shiny|351\/351
|
|-heal|p1a: Choppa|320\/404|[from] item: Leftovers
|turn|7
|c|âlopoman|Pk pas de crit ?
|
|switch|p1a: Loreal|Ampharos-Mega, F, shiny|384\/384 slp
|-ability|p1a: Loreal|Mold Breaker
|move|p2a: Darmanitan|U-turn|p1a: Loreal
|-damage|p1a: Loreal|324\/384 slp
|c|âmliok|Ce non-hax
|
|switch|p2a: Krookodile|Krookodile, M, shiny|115\/332
|
|turn|8
|
|switch|p1a: MaisMeurtBordel|Tangrowth, F|404\/404
|move|p2a: Krookodile|Earthquake|p1a: MaisMeurtBordel
|-resisted|p1a: MaisMeurtBordel
|-damage|p1a: MaisMeurtBordel|350\/404
|
|turn|9
|
|switch|p2a: Ampharos|Ampharos-Mega, F, shiny|374\/374
|-ability|p2a: Ampharos|Mold Breaker
|move|p1a: MaisMeurtBordel|Sleep Powder|p2a: Ampharos|[miss]
|-miss|p1a: MaisMeurtBordel|p2a: Ampharos
|
|turn|10
|c|âlopoman|Les haxx commencent 
|c|âlopoman|dsl :(
|c|âmliok|:(
|
|switch|p1a: Choppa|Jirachi|320\/404
|move|p2a: Ampharos|Volt Switch|p1a: Choppa
|-damage|p1a: Choppa|211\/404
|c|âmliok|1 crit\/miss Ã  0 :(
|c|âlopoman|Jira
|
|switch|p2a: Krookodile|Krookodile, M, shiny|115\/332
|
|-heal|p1a: Choppa|236\/404|[from] item: Leftovers
|turn|11
|c|âmliok|Plz t'a pas pursuit
|
|move|p2a: Krookodile|Pursuit|p1a: Choppa|[from]Pursuit
|-supereffective|p1a: Choppa
|-damage|p1a: Choppa|0 fnt
|faint|p1a: Choppa
|-boost|p2a: Krookodile|atk|1|[from] ability: Moxie
|
|c|âlopoman|Alle slt
|c|âmliok|MÃ©chant
|
|switch|p1a: Loreal|Ampharos-Mega, F, shiny|324\/384 slp
|-ability|p1a: Loreal|Mold Breaker
|turn|12
|c|âlopoman|J'ai virÃ© le dangereu !!!!
|
|switch|p2a: Aromatisse|Aromatisse, F, shiny|332\/406
|cant|p1a: Loreal|slp
|move|p1a: Loreal|Sleep Talk|p1a: Loreal
|move|p1a: Loreal|Volt Switch|p2a: Aromatisse|[from]Sleep Talk
|-damage|p2a: Aromatisse|229\/406
|c|âmliok|:(
|c|âlopoman|deuxiÃ¨me victime = Ampharos
|c|âlopoman|Et je win trkl
|c|âmliok|J'attend :p
|
|switch|p1a: Eldemenageur|Toxicroak, M|307\/307
|
|-heal|p2a: Aromatisse|254\/406|[from] item: Leftovers
|turn|13
|c|âlopoman|k
|
|switch|p2a: Crobat|Crobat, M, shiny|343\/343
|move|p1a: Eldemenageur|Gunk Shot|p2a: Crobat
|-resisted|p2a: Crobat
|-damage|p2a: Crobat|171\/343
|-damage|p1a: Eldemenageur|277\/307|[from] item: Life Orb
|
|-heal|p2a: Crobat|192\/343|[from] item: Black Sludge
|turn|14
|
|switch|p1a: Loreal|Ampharos-Mega, F, shiny|324\/384 slp
|-ability|p1a: Loreal|Mold Breaker
|move|p2a: Crobat|Roost|p2a: Crobat
|-heal|p2a: Crobat|343\/343
|
|turn|15
|c|âlopoman|Ã§a fais mal tn truc
|
|move|p2a: Crobat|U-turn|p1a: Loreal
|-damage|p1a: Loreal|279\/384 slp
|
|switch|p2a: Aromatisse|Aromatisse, F, shiny|254\/406
|cant|p1a: Loreal|slp
|move|p1a: Loreal|Sleep Talk|p1a: Loreal
|move|p1a: Loreal|Rest|p1a: Loreal|[from]Sleep Talk
|-fail|p1a: Loreal
|
|-heal|p2a: Aromatisse|279\/406|[from] item: Leftovers
|turn|16
|c|âmliok|non :(
|c|âlopoman|yyy
|c|âlopoman|bg
|c|âlopoman|att
|
|switch|p1a: Penis snake|Milotic, M|394\/394
|move|p2a: Aromatisse|Wish|p2a: Aromatisse
|
|-heal|p2a: Aromatisse|304\/406|[from] item: Leftovers
|turn|17
|
|switch|p2a: Ampharos|Ampharos-Mega, F, shiny|374\/374
|-ability|p2a: Ampharos|Mold Breaker
|move|p1a: Penis snake|Scald|p2a: Ampharos
|-resisted|p2a: Ampharos
|-damage|p2a: Ampharos|333\/374
|
|-heal|p2a: Ampharos|374\/374|[from] move: Wish|[wisher] Aromatisse
|turn|18
|c|âlopoman|ok cool
|c|âlopoman|Mtn
|
|move|p1a: Penis snake|Scald|p2a: Ampharos
|-resisted|p2a: Ampharos
|-damage|p2a: Ampharos|329\/374
|-status|p2a: Ampharos|brn
|move|p2a: Ampharos|Dragon Pulse|p1a: Penis snake
|-damage|p1a: Penis snake|270\/394
|
|-heal|p1a: Penis snake|294\/394|[from] item: Leftovers
|-damage|p2a: Ampharos|283\/374 brn|[from] brn
|turn|19
|c|âlopoman|Je kill tt avec Ã§a
|c|âlopoman|dsl
|
|move|p1a: Penis snake|Recover|p1a: Penis snake
|-heal|p1a: Penis snake|394\/394
|move|p2a: Ampharos|Thunderbolt|p1a: Penis snake
|-supereffective|p1a: Penis snake
|-damage|p1a: Penis snake|146\/394
|
|-heal|p1a: Penis snake|170\/394|[from] item: Leftovers
|-damage|p2a: Ampharos|237\/374 brn|[from] brn
|turn|20
|
|switch|p1a: Eldemenageur|Toxicroak, M|277\/307
|move|p2a: Ampharos|Volt Switch|p1a: Eldemenageur
|-damage|p1a: Eldemenageur|64\/307
|
|switch|p2a: Crobat|Crobat, M, shiny|343\/343
|
|turn|21
|c|âmliok|Ca va pas bien la
|
|switch|p1a: Loreal|Ampharos-Mega, F, shiny|279\/384 slp
|-ability|p1a: Loreal|Mold Breaker
|move|p2a: Crobat|U-turn|p1a: Loreal
|-damage|p1a: Loreal|236\/384 slp
|
|switch|p2a: Aromatisse|Aromatisse, F, shiny|304\/406
|
|-heal|p2a: Aromatisse|329\/406|[from] item: Leftovers
|turn|22
|c|âlopoman|Yep
|c|âlopoman|Je vais casser ta sÃ©rie de win imo !!!!
|
|-curestatus|p1a: Loreal|slp
|move|p1a: Loreal|Volt Switch|p2a: Aromatisse
|-damage|p2a: Aromatisse|227\/406
|c|âmliok|@Crash showdown
|
|switch|p1a: Penis snake|Milotic, M|170\/394
|move|p2a: Aromatisse|Aromatherapy|p2a: Aromatisse
|-cureteam|p2a: Aromatisse|[from] move: Aromatherapy
|
|-heal|p1a: Penis snake|194\/394|[from] item: Leftovers
|-heal|p2a: Aromatisse|252\/406|[from] item: Leftovers
|turn|23
|c|âlopoman|lol 
|
|move|p1a: Penis snake|Recover|p1a: Penis snake
|-heal|p1a: Penis snake|391\/394
|move|p2a: Aromatisse|Wish|p2a: Aromatisse
|
|-heal|p1a: Penis snake|394\/394|[from] item: Leftovers
|-heal|p2a: Aromatisse|277\/406|[from] item: Leftovers
|turn|24
|
|switch|p2a: Ampharos|Ampharos-Mega, F, shiny|237\/374
|-ability|p2a: Ampharos|Mold Breaker
|move|p1a: Penis snake|Toxic|p2a: Ampharos
|-status|p2a: Ampharos|tox
|
|-heal|p2a: Ampharos|374\/374 tox|[from] move: Wish|[wisher] Aromatisse
|-damage|p2a: Ampharos|351\/374 tox|[from] psn
|turn|25
|
|move|p2a: Ampharos|Volt Switch|p1a: Penis snake
|-supereffective|p1a: Penis snake
|-damage|p1a: Penis snake|202\/394
|c|âlopoman|ok 
|c|âlopoman|Voile mirroir
|c|âlopoman|spotted
|c|âmliok|Griller
|
|switch|p2a: Empoleon|Empoleon, M, shiny|372\/372
|move|p1a: Penis snake|Mirror Coat|p2a: Empoleon
|-damage|p2a: Empoleon|0 fnt
|faint|p2a: Empoleon
|
|-heal|p1a: Penis snake|226\/394|[from] item: Leftovers
|c|âlopoman|ok 
|c|âlopoman|fuk
|c|âlopoman|En plus
|c|âlopoman|je crÃ¨ve
|c|âlopoman|:(
|
|switch|p2a: Ampharos|Ampharos-Mega, F, shiny|351\/374 tox
|-ability|p2a: Ampharos|Mold Breaker
|turn|26
|c|âmliok|Euh t'es un peu con lÃ 
|c|âlopoman|:(
|c|âmliok|Je t'expliquerai aprÃ¨s :p
|
|move|p1a: Penis snake|Recover|p1a: Penis snake
|-heal|p1a: Penis snake|394\/394
|move|p2a: Ampharos|Thunderbolt|p1a: Penis snake
|-supereffective|p1a: Penis snake
|-damage|p1a: Penis snake|136\/394
|
|-heal|p1a: Penis snake|160\/394|[from] item: Leftovers
|-damage|p2a: Ampharos|328\/374 tox|[from] psn
|turn|27
|c|âlopoman|k
|c|âmliok|(Pour pas peter mes chances de victoire)
|c|âmliok|(Qui sont plutÃ´t mince :(
|
|move|p1a: Penis snake|Recover|p1a: Penis snake
|-heal|p1a: Penis snake|357\/394
|move|p2a: Ampharos|Volt Switch|p1a: Penis snake
|-supereffective|p1a: Penis snake
|-damage|p1a: Penis snake|145\/394
|
|switch|p2a: Aromatisse|Aromatisse, F, shiny|277\/406
|
|-heal|p1a: Penis snake|169\/394|[from] item: Leftovers
|-heal|p2a: Aromatisse|302\/406|[from] item: Leftovers
|turn|28
|
|move|p1a: Penis snake|Recover|p1a: Penis snake
|-heal|p1a: Penis snake|366\/394
|move|p2a: Aromatisse|Aromatherapy|p2a: Aromatisse
|-cureteam|p2a: Aromatisse|[from] move: Aromatherapy
|
|-heal|p1a: Penis snake|390\/394|[from] item: Leftovers
|-heal|p2a: Aromatisse|327\/406|[from] item: Leftovers
|turn|29
|c|âlopoman|Tu va win imo
|c|âlopoman|Pck milotic
|c|âlopoman|!dt recover
|c|~|\/data-move Recover
|raw|<font size="1"><font color=#585858>Priority:<\/font> 0&nbsp;|&ThickSpace;<font color=#585858>Target:<\/font> Self<\/font>
|c|âlopoman|ok
|c|âmliok|Milotic se fait dÃ©truire par Croco et l'autre mais ok
|
|switch|p1a: MaisMeurtBordel|Tangrowth, F|404\/404
|move|p2a: Aromatisse|Wish|p2a: Aromatisse
|
|-heal|p2a: Aromatisse|352\/406|[from] item: Leftovers
|turn|30
|
|switch|p2a: Krookodile|Krookodile, M, shiny|115\/332
|move|p1a: MaisMeurtBordel|Sleep Powder|p2a: Krookodile
|-status|p2a: Krookodile|slp
|
|-heal|p2a: Krookodile|318\/332 slp|[from] move: Wish|[wisher] Aromatisse
|turn|31
|
|switch|p2a: Aromatisse|Aromatisse, F, shiny|352\/406
|move|p1a: MaisMeurtBordel|Knock Off|p2a: Aromatisse
|-resisted|p2a: Aromatisse
|-damage|p2a: Aromatisse|306\/406
|-enditem|p2a: Aromatisse|Leftovers|[from] move: Knock Off|[of] p1a: MaisMeurtBordel
|
|turn|32
|
|move|p1a: MaisMeurtBordel|Sleep Powder|p2a: Aromatisse
|-message|Sleep Clause Mod activated.
|-fail|p2a: Aromatisse
|move|p2a: Aromatisse|Moonblast|p1a: MaisMeurtBordel
|-damage|p1a: MaisMeurtBordel|211\/404
|
|turn|33
|c|âmliok|Merde j'outspeed
|
|switch|p1a: Penetrateur|Crobat, M|373\/373
|move|p2a: Aromatisse|Wish|p2a: Aromatisse
|
|turn|34
|c|âlopoman|Yep
|
|switch|p2a: Ampharos|Ampharos-Mega, F, shiny|328\/374
|-ability|p2a: Ampharos|Mold Breaker
|move|p1a: Penetrateur|Toxic|p2a: Ampharos
|-status|p2a: Ampharos|tox
|
|-heal|p2a: Ampharos|374\/374 tox|[from] move: Wish|[wisher] Aromatisse
|-damage|p2a: Ampharos|351\/374 tox|[from] psn
|turn|35
|c|âlopoman|Ah mais
|c|âlopoman|tu joue Ã§a sur tout tes mons ? :(
|
|move|p1a: Penetrateur|Roost|p1a: Penetrateur
|-fail|p1a: Penetrateur
|move|p2a: Ampharos|Dragon Pulse|p1a: Penetrateur
|-damage|p1a: Penetrateur|114\/373
|
|-heal|p1a: Penetrateur|137\/373|[from] item: Black Sludge
|-damage|p2a: Ampharos|305\/374 tox|[from] psn
|turn|36
|c|âmliok|:p
|
|move|p1a: Penetrateur|Roost|p1a: Penetrateur
|-heal|p1a: Penetrateur|324\/373
|move|p2a: Ampharos|Volt Switch|p1a: Penetrateur
|-damage|p1a: Penetrateur|138\/373
|
|switch|p2a: Darmanitan|Darmanitan, F, shiny|351\/351
|
|-heal|p1a: Penetrateur|161\/373|[from] item: Black Sludge
|turn|37
|
|switch|p1a: Loreal|Ampharos-Mega, F, shiny|236\/384
|-ability|p1a: Loreal|Mold Breaker
|move|p2a: Darmanitan|U-turn|p1a: Loreal
|-crit|p1a: Loreal
|-damage|p1a: Loreal|149\/384
|c|âlopoman|!!!!!!!!!!!!
|c|âmliok|roh
|c|âlopoman|Que des crits avec U turn
|
|switch|p2a: Aromatisse|Aromatisse, F, shiny|306\/406
|
|turn|38
|
|move|p1a: Loreal|Volt Switch|p2a: Aromatisse
|-damage|p2a: Aromatisse|215\/406
|c|âlopoman|Ah merde
|c|âlopoman|j'ai plus les lefto
|
|switch|p1a: Penetrateur|Crobat, M|161\/373
|move|p2a: Aromatisse|Aromatherapy|p2a: Aromatisse
|-cureteam|p2a: Aromatisse|[from] move: Aromatherapy
|
|-heal|p1a: Penetrateur|184\/373|[from] item: Black Sludge
|turn|39
|
|move|p2a: Aromatisse|Protect|p2a: Aromatisse
|-singleturn|p2a: Aromatisse|Protect
|move|p1a: Penetrateur|Brave Bird|p2a: Aromatisse
|-activate|p2a: Aromatisse|Protect
|
|-heal|p1a: Penetrateur|207\/373|[from] item: Black Sludge
|turn|40
|
|switch|p2a: Ampharos|Ampharos-Mega, F, shiny|305\/374
|-ability|p2a: Ampharos|Mold Breaker
|move|p1a: Penetrateur|Toxic|p2a: Ampharos
|-status|p2a: Ampharos|tox
|
|-heal|p1a: Penetrateur|230\/373|[from] item: Black Sludge
|-damage|p2a: Ampharos|282\/374 tox|[from] psn
|turn|41
|c|âmliok|lol
|c|âlopoman|pk ce stall ? :(
|c|âmliok|Nostenfer meilleur counter d'ampharos
|
|move|p1a: Penetrateur|Roost|p1a: Penetrateur
|-heal|p1a: Penetrateur|373\/373
|move|p2a: Ampharos|Dragon Pulse|p1a: Penetrateur
|-damage|p1a: Penetrateur|144\/373
|
|-heal|p1a: Penetrateur|167\/373|[from] item: Black Sludge
|-damage|p2a: Ampharos|236\/374 tox|[from] psn
|turn|42
|
|move|p1a: Penetrateur|Roost|p1a: Penetrateur
|-heal|p1a: Penetrateur|354\/373
|move|p2a: Ampharos|Volt Switch|p1a: Penetrateur
|-damage|p1a: Penetrateur|143\/373
|c|âlopoman|Mais le pire
|c|âlopoman|c'est que Ã§a marche :c
|
|switch|p2a: Krookodile|Krookodile, M, shiny|318\/332
|
|-heal|p1a: Penetrateur|166\/373|[from] item: Black Sludge
|turn|43
|
|move|p2a: Krookodile|Pursuit|p1a: Penetrateur
|-damage|p1a: Penetrateur|85\/373
|move|p1a: Penetrateur|Roost|p1a: Penetrateur
|-heal|p1a: Penetrateur|272\/373
|
|-heal|p1a: Penetrateur|295\/373|[from] item: Black Sludge
|turn|44
|c|âlopoman|:(
|c|âmliok|:)
|c|âlopoman|Pk j'aipas kof ?
|c|âlopoman|:(
|
|switch|p2a: Ampharos|Ampharos-Mega, F, shiny|236\/374 tox
|-ability|p2a: Ampharos|Mold Breaker
|move|p1a: Penetrateur|Brave Bird|p2a: Ampharos
|-resisted|p2a: Ampharos
|-damage|p2a: Ampharos|178\/374 tox
|-damage|p1a: Penetrateur|276\/373|[from] recoil|[of] p2a: Ampharos
|
|-heal|p1a: Penetrateur|299\/373|[from] item: Black Sludge
|-damage|p2a: Ampharos|155\/374 tox|[from] psn
|turn|45
|
|move|p1a: Penetrateur|Roost|p1a: Penetrateur
|-heal|p1a: Penetrateur|373\/373
|move|p2a: Ampharos|Volt Switch|p1a: Penetrateur
|-damage|p1a: Penetrateur|166\/373
|
|switch|p2a: Darmanitan|Darmanitan, F, shiny|351\/351
|
|-heal|p1a: Penetrateur|189\/373|[from] item: Black Sludge
|turn|46
|
|switch|p1a: Eldemenageur|Toxicroak, M|64\/307
|move|p2a: Darmanitan|Flare Blitz|p1a: Eldemenageur
|-damage|p1a: Eldemenageur|0 fnt
|-damage|p2a: Darmanitan|330\/351|[from] recoil|[of] p1a: Eldemenageur
|faint|p1a: Eldemenageur
|
|
|switch|p1a: Loreal|Ampharos-Mega, F, shiny|149\/384
|-ability|p1a: Loreal|Mold Breaker
|turn|47
|
|switch|p2a: Krookodile|Krookodile, M, shiny|318\/332
|move|p1a: Loreal|Volt Switch|p2a: Krookodile
|-immune|p2a: Krookodile|[msg]
|
|turn|48
|c|âlopoman|n dsl
|
|move|p2a: Krookodile|Pursuit|p1a: Loreal
|-damage|p1a: Loreal|103\/384
|move|p1a: Loreal|Rest|p1a: Loreal
|-status|p1a: Loreal|slp
|-heal|p1a: Loreal|384\/384 slp|[silent]
|-status|p1a: Loreal|slp|[from] move: Rest
|
|turn|49
|c|âmliok|:(
|c|âmliok|:)
|c|âlopoman|Ok
|c|âlopoman|Ok
|
|switch|p2a: Aromatisse|Aromatisse, F, shiny|215\/406
|switch|p1a: Penetrateur|Crobat, M|189\/373
|
|-heal|p1a: Penetrateur|212\/373|[from] item: Black Sludge
|turn|50
|c|âlopoman|Pk
|c|âlopoman|J'ai tuÃ© empo ?
|
|switch|p2a: Crobat|Crobat, M, shiny|343\/343
|move|p1a: Penetrateur|Brave Bird|p2a: Crobat
|-damage|p2a: Crobat|181\/343
|-damage|p1a: Penetrateur|159\/373|[from] recoil|[of] p2a: Crobat
|
|-heal|p1a: Penetrateur|182\/373|[from] item: Black Sludge
|-heal|p2a: Crobat|202\/343|[from] item: Black Sludge
|turn|51
|c|âmliok|Ta tuÃ© jirachi aussi criminel
|
|switch|p1a: MaisMeurtBordel|Tangrowth, F|345\/404
|move|p2a: Crobat|Roost|p2a: Crobat
|-heal|p2a: Crobat|343\/343
|
|turn|52
|
|move|p2a: Crobat|U-turn|p1a: MaisMeurtBordel
|-supereffective|p1a: MaisMeurtBordel
|-damage|p1a: MaisMeurtBordel|269\/404
|-damage|p2a: Crobat|286\/343|[from] item: Rocky Helmet|[of] p1a: MaisMeurtBordel
|
|switch|p2a: Ampharos|Ampharos-Mega, F, shiny|155\/374 tox
|-ability|p2a: Ampharos|Mold Breaker
|move|p1a: MaisMeurtBordel|Sleep Powder|p2a: Ampharos
|-fail|p2a: Ampharos
|
|-damage|p2a: Ampharos|132\/374 tox|[from] psn
|turn|53
|
|switch|p1a: Penis snake|Milotic, M|390\/394
|move|p2a: Ampharos|Dragon Pulse|p1a: Penis snake
|-damage|p1a: Penis snake|276\/394
|
|-heal|p1a: Penis snake|300\/394|[from] item: Leftovers
|-damage|p2a: Ampharos|86\/374 tox|[from] psn
|turn|54
|c|âlopoman|Mine de rien
|c|âlopoman|Il est en train de crever
|
|move|p2a: Ampharos|Volt Switch|p1a: Penis snake
|-supereffective|p1a: Penis snake
|-damage|p1a: Penis snake|82\/394
|c|âlopoman|n
|c|âlopoman|n
|c|âlopoman|n
|c|âlopoman|n
|c|âlopoman|n
|c|âlopoman|n
|c|âlopoman|pk
|c|âlopoman|J'ai pas tbolt
|c|âmliok|C'est pas fini att
|c|âlopoman|Je tue qui ? ^^^^^^^^^^^^^^
|c|âmliok|RÃ©flÃ©chit bien Ã  un truc
|c|âmliok|(Je te dirais pas quoi sinon je lose DIRECTE)
|c|âlopoman|:c
|c|âlopoman|jcp trop :c
|c|âmliok|Qui sacrifier mdrrr
|c|âlopoman|lol  obv
|c|âmliok|Vazy cocotine
|c|âmliok|(tjrs la ?)
|c|âlopoman|nn
|c|âlopoman|:c
|c|âmliok|Ok
|c|âlopoman|k
|c|âlopoman|Je choisis un en random 
|c|âlopoman|Tu win imo
|c|âmliok|J'ai la pression, me manque 4 victoires pour Ãªtre premier :(
|c|âlopoman|:(
|
|switch|p2a: Crobat|Crobat, M, shiny|286\/343
|move|p1a: Penis snake|Mirror Coat|p2a: Crobat
|-damage|p2a: Crobat|0 fnt
|faint|p2a: Crobat
|
|-heal|p1a: Penis snake|106\/394|[from] item: Leftovers
|
|switch|p2a: Darmanitan|Darmanitan, F, shiny|330\/351
|turn|55
|
|switch|p1a: Loreal|Ampharos-Mega, F, shiny|384\/384 slp
|-ability|p1a: Loreal|Mold Breaker
|move|p2a: Darmanitan|U-turn|p1a: Loreal
|-damage|p1a: Loreal|328\/384 slp
|
|switch|p2a: Ampharos|Ampharos-Mega, F, shiny|86\/374 tox
|-ability|p2a: Ampharos|Mold Breaker
|
|-damage|p2a: Ampharos|63\/374 tox|[from] psn
|turn|56
|
|move|p2a: Ampharos|Dragon Pulse|p1a: Loreal
|-supereffective|p1a: Loreal
|-damage|p1a: Loreal|0 fnt
|faint|p1a: Loreal
|
|-damage|p2a: Ampharos|17\/374 tox|[from] psn
|c|âmliok|:(
|c|âlopoman|!!!
|c|âlopoman|Darmanitan cc
|
|switch|p1a: Penetrateur|Crobat, M|182\/373
|turn|57
|
|move|p1a: Penetrateur|Brave Bird|p2a: Ampharos
|-resisted|p2a: Ampharos
|-damage|p2a: Ampharos|0 fnt
|-damage|p1a: Penetrateur|176\/373|[from] recoil|[of] p2a: Ampharos
|faint|p2a: Ampharos
|
|-heal|p1a: Penetrateur|199\/373|[from] item: Black Sludge
|c|âmliok|att
|
|switch|p2a: Darmanitan|Darmanitan, F, shiny|330\/351
|turn|58
|
|move|p2a: Darmanitan|Flare Blitz|p1a: Penetrateur
|-damage|p1a: Penetrateur|0 fnt
|-damage|p2a: Darmanitan|264\/351|[from] recoil|[of] p1a: Penetrateur
|faint|p1a: Penetrateur
|
|c|âmliok|oh scarf
|c|âlopoman|Yep
|
|switch|p1a: MaisMeurtBordel|Tangrowth, F|403\/404
|turn|59
|c|âmliok|Je tiens easy
|c|âlopoman|:c
|
|move|p2a: Darmanitan|Flare Blitz|p1a: MaisMeurtBordel
|-supereffective|p1a: MaisMeurtBordel
|-damage|p1a: MaisMeurtBordel|41\/404
|-damage|p2a: Darmanitan|206\/351|[from] item: Rocky Helmet|[of] p1a: MaisMeurtBordel
|-damage|p2a: Darmanitan|87\/351|[from] recoil|[of] p1a: MaisMeurtBordel
|move|p1a: MaisMeurtBordel|Knock Off|p2a: Darmanitan
|-damage|p2a: Darmanitan|0 fnt
|-enditem|p2a: Darmanitan|Choice Scarf|[from] move: Knock Off|[of] p1a: MaisMeurtBordel
|faint|p2a: Darmanitan
|
|c|âlopoman|T'as pas tenu easy
|c|âlopoman|Mais t'as tenu
|c|âmliok|Maintenant...
|
|switch|p2a: Krookodile|Krookodile, M, shiny|318\/332
|turn|60
|
|move|p2a: Krookodile|Knock Off|p1a: MaisMeurtBordel
|-damage|p1a: MaisMeurtBordel|0 fnt
|-damage|p2a: Krookodile|263\/332|[from] item: Rocky Helmet|[of] p1a: MaisMeurtBordel
|-enditem|p1a: MaisMeurtBordel|Rocky Helmet|[from] move: Knock Off|[of] p2a: Krookodile
|faint|p1a: MaisMeurtBordel
|-boost|p2a: Krookodile|atk|1|[from] ability: Moxie
|
|c|âmliok|flute
|c|âlopoman|k j'ai win
|c|âlopoman|gÂ²
|c|âmliok|Bon je vais t'avouer mon secret
|
|switch|p1a: Penis snake|Milotic, M|106\/394
|turn|61
|c|âlopoman|?
|c|âlopoman|Ct quoi ?
|c|âmliok|Kroko il est immu Ã  mirror coat mdrrrr
|c|âlopoman|!!!
|
|move|p2a: Krookodile|Knock Off|p1a: Penis snake
|-damage|p1a: Penis snake|0 fnt
|-enditem|p1a: Penis snake|Leftovers|[from] move: Knock Off|[of] p2a: Krookodile
|faint|p1a: Penis snake
|-boost|p2a: Krookodile|atk|1|[from] ability: Moxie
|
|win|lopoman
|c|âlopoman|!dt mirror coat
|c|~|\/data-move Mirror Coat
|raw|<font size="1"><font color=#585858>Priority:<\/font> -5&nbsp;|&ThickSpace;<font color=#585858>Target:<\/font> Unknown<\/font>
|c|âlopoman|ptn
|c|âlopoman|tsrx lÃ  ?
|c|âlopoman|Je vais passer pour un noob clairement
|c|âlopoman|:c
|c|âlopoman|Au moins
|c|âmliok|Bah on relance je te montre lol
|c|âlopoman|mtn je sais
|c|âlopoman|k
|c|âlopoman|Chall
|c|âmliok|gg
|leave|mliok
|player|p1