|join|survim22
|join|mliok
|player|p1|survim22|93
|player|p2|mliok|2
|gametype|singles
|gen|6
|tier|UU
|rule|Sleep Clause Mod: Limit one foe put to sleep
|rule|Species Clause: Limit one of each PokÃ©mon
|rule|OHKO Clause: OHKO moves are banned
|rule|Moody Clause: Moody is banned
|rule|Evasion Moves Clause: Evasion moves are banned
|rule|Endless Battle Clause: Forcing endless battles is banned
|rule|HP Percentage Mod: HP is shown in percentages
|clearpoke
|poke|p1|Gallade, M
|poke|p1|Forretress, F
|poke|p1|Aromatisse, F
|poke|p1|Nidoqueen, F
|poke|p1|Snorlax, M
|poke|p1|Hydreigon, M
|poke|p2|Tangrowth, F
|poke|p2|Milotic, M
|poke|p2|Toxicroak, M
|poke|p2|Jirachi
|poke|p2|Crobat, M
|poke|p2|Ampharos, F, shiny
|rule|Swagger Clause: Swagger is banned
|rule|Baton Pass Clause: Limit one PokÃ©mon knowing Baton Pass
|teampreview
|leave|mliok
|player|p2
|join|Alphamalgrim
|c|âsurvim22|d'accord
|c|âsurvim22|il fear bcp
|join|mliok
|player|p2|mliok|2
|teampreview
|c|âmliok|C'est majaspic la ?
|c|âmliok|gl
|
|start
|switch|p1a: Snorlax|Snorlax, M|524\/524
|switch|p2a: Loreal|Ampharos, F, shiny|384\/384
|turn|1
|leave|Alphamalgrim
|
|detailschange|p2a: Loreal|Ampharos-Mega, F, shiny
|message|Ampharos has Mega Evolved into Mega Ampharos!
|-ability|p2a: Loreal|Mold Breaker
|move|p2a: Loreal|Volt Switch|p1a: Snorlax
|-damage|p1a: Snorlax|413\/524
|
|switch|p2a: Choppa|Jirachi|404\/404
|move|p1a: Snorlax|Return|p2a: Choppa
|-resisted|p2a: Choppa
|-damage|p2a: Choppa|278\/404
|
|-heal|p2a: Choppa|303\/404|[from] item: Leftovers
|turn|2
|
|switch|p1a: Forretress|Forretress, F|354\/354
|move|p2a: Choppa|Stealth Rock|p1a: Forretress
|-sidestart|p1: survim22|move: Stealth Rock
|
|-heal|p2a: Choppa|328\/404|[from] item: Leftovers
|turn|3
|
|switch|p2a: Loreal|Ampharos-Mega, F, shiny|384\/384
|-ability|p2a: Loreal|Mold Breaker
|switch|p1a: Aromatisse|Aromatisse, F|406\/406
|-damage|p1a: Aromatisse|356\/406|[from] Stealth Rock
|
|-heal|p1a: Aromatisse|381\/406|[from] item: Leftovers
|turn|4
|
|move|p2a: Loreal|Volt Switch|p1a: Aromatisse
|-damage|p1a: Aromatisse|275\/406
|
|switch|p2a: Choppa|Jirachi|328\/404
|move|p1a: Aromatisse|Wish|p1a: Aromatisse
|
|-heal|p2a: Choppa|353\/404|[from] item: Leftovers
|-heal|p1a: Aromatisse|300\/406|[from] item: Leftovers
|turn|5
|
|switch|p2a: Penis snake|Milotic, M|394\/394
|switch|p1a: Gallade|Gallade, M|277\/277
|-damage|p1a: Gallade|260\/277|[from] Stealth Rock
|
|-heal|p1a: Gallade|277\/277|[from] move: Wish|[wisher] Aromatisse
|turn|6
|
|detailschange|p1a: Gallade|Gallade-Mega, M
|message|Gallade has Mega Evolved into Mega Gallade!
|move|p1a: Gallade|Drain Punch|p2a: Penis snake
|-damage|p2a: Penis snake|198\/394
|move|p2a: Penis snake|Toxic|p1a: Gallade
|-status|p1a: Gallade|tox
|
|-heal|p2a: Penis snake|222\/394|[from] item: Leftovers
|-damage|p1a: Gallade|260\/277 tox|[from] psn
|turn|7
|
|switch|p1a: Aromatisse|Aromatisse, F|300\/406
|-damage|p1a: Aromatisse|250\/406|[from] Stealth Rock
|move|p2a: Penis snake|Recover|p2a: Penis snake
|-heal|p2a: Penis snake|394\/394
|
|-heal|p1a: Aromatisse|275\/406|[from] item: Leftovers
|turn|8
|
|switch|p2a: Choppa|Jirachi|353\/404
|move|p1a: Aromatisse|Wish|p1a: Aromatisse
|
|-heal|p2a: Choppa|378\/404|[from] item: Leftovers
|-heal|p1a: Aromatisse|300\/406|[from] item: Leftovers
|turn|9
|
|move|p2a: Choppa|Iron Head|p1a: Aromatisse
|-supereffective|p1a: Aromatisse
|-damage|p1a: Aromatisse|36\/406
|cant|p1a: Aromatisse|flinch
|
|-heal|p1a: Aromatisse|239\/406|[from] move: Wish|[wisher] Aromatisse
|-heal|p2a: Choppa|403\/404|[from] item: Leftovers
|-heal|p1a: Aromatisse|264\/406|[from] item: Leftovers
|turn|10
|
|switch|p2a: Loreal|Ampharos-Mega, F, shiny|384\/384
|-ability|p2a: Loreal|Mold Breaker
|switch|p1a: Forretress|Forretress, F|354\/354
|-damage|p1a: Forretress|310\/354|[from] Stealth Rock
|
|-heal|p1a: Forretress|332\/354|[from] item: Leftovers
|turn|11
|
|switch|p1a: Nidoqueen|Nidoqueen, F|383\/383
|-damage|p1a: Nidoqueen|360\/383|[from] Stealth Rock
|move|p2a: Loreal|Dragon Pulse|p1a: Nidoqueen
|-crit|p1a: Nidoqueen
|-damage|p1a: Nidoqueen|110\/383
|
|turn|12
|
|switch|p2a: Penetrateur|Crobat, M|373\/373
|move|p1a: Nidoqueen|Earth Power|p2a: Penetrateur
|-immune|p2a: Penetrateur|[msg]
|
|turn|13
|
|switch|p1a: Forretress|Forretress, F|332\/354
|-damage|p1a: Forretress|288\/354|[from] Stealth Rock
|move|p2a: Penetrateur|Brave Bird|p1a: Forretress
|-damage|p1a: Forretress|210\/354
|-damage|p2a: Penetrateur|347\/373|[from] recoil|[of] p1a: Forretress
|
|-heal|p2a: Penetrateur|370\/373|[from] item: Black Sludge
|-heal|p1a: Forretress|232\/354|[from] item: Leftovers
|turn|14
|
|switch|p2a: Loreal|Ampharos-Mega, F, shiny|384\/384
|-ability|p2a: Loreal|Mold Breaker
|move|p1a: Forretress|Volt Switch|p2a: Loreal
|-resisted|p2a: Loreal
|-damage|p2a: Loreal|375\/384
|
|switch|p1a: Aromatisse|Aromatisse, F|264\/406
|-damage|p1a: Aromatisse|214\/406|[from] Stealth Rock
|
|-heal|p1a: Aromatisse|239\/406|[from] item: Leftovers
|turn|15
|
|move|p2a: Loreal|Volt Switch|p1a: Aromatisse
|-damage|p1a: Aromatisse|134\/406
|
|switch|p2a: Choppa|Jirachi|403\/404
|move|p1a: Aromatisse|Wish|p1a: Aromatisse
|
|-heal|p2a: Choppa|404\/404|[from] item: Leftovers
|-heal|p1a: Aromatisse|159\/406|[from] item: Leftovers
|turn|16
|
|move|p1a: Aromatisse|Protect|p1a: Aromatisse
|-singleturn|p1a: Aromatisse|Protect
|move|p2a: Choppa|Iron Head|p1a: Aromatisse
|-activate|p1a: Aromatisse|Protect
|
|-heal|p1a: Aromatisse|362\/406|[from] move: Wish|[wisher] Aromatisse
|-heal|p1a: Aromatisse|387\/406|[from] item: Leftovers
|turn|17
|
|switch|p1a: Forretress|Forretress, F|232\/354
|-damage|p1a: Forretress|188\/354|[from] Stealth Rock
|move|p2a: Choppa|Thunder Wave|p1a: Forretress
|-status|p1a: Forretress|par
|
|-heal|p1a: Forretress|210\/354 par|[from] item: Leftovers
|turn|18
|
|switch|p2a: Eldemenageur|Toxicroak, M|307\/307
|move|p1a: Forretress|Volt Switch|p2a: Eldemenageur
|-damage|p2a: Eldemenageur|250\/307
|
|switch|p1a: Gallade|Gallade-Mega, M|260\/277 tox
|-damage|p1a: Gallade|243\/277 tox|[from] Stealth Rock
|
|-damage|p1a: Gallade|226\/277 tox|[from] psn
|turn|19
|
|switch|p2a: MaisMeurtBordel|Tangrowth, F|404\/404
|move|p1a: Gallade|Zen Headbutt|p2a: MaisMeurtBordel
|-damage|p2a: MaisMeurtBordel|290\/404
|-damage|p1a: Gallade|180\/277 tox|[from] item: Rocky Helmet|[of] p2a: MaisMeurtBordel
|
|-damage|p1a: Gallade|146\/277 tox|[from] psn
|turn|20
|
|switch|p1a: Nidoqueen|Nidoqueen, F|110\/383
|-damage|p1a: Nidoqueen|87\/383|[from] Stealth Rock
|move|p2a: MaisMeurtBordel|Knock Off|p1a: Nidoqueen
|-damage|p1a: Nidoqueen|25\/383
|-enditem|p1a: Nidoqueen|Life Orb|[from] move: Knock Off|[of] p2a: MaisMeurtBordel
|
|turn|21
|
|switch|p2a: Penis snake|Milotic, M|394\/394
|move|p1a: Nidoqueen|Stealth Rock|p2a: Penis snake
|-sidestart|p2: mliok|move: Stealth Rock
|
|turn|22
|join|hera1997
|
|switch|p1a: Aromatisse|Aromatisse, F|387\/406
|-damage|p1a: Aromatisse|337\/406|[from] Stealth Rock
|move|p2a: Penis snake|Scald|p1a: Aromatisse
|-damage|p1a: Aromatisse|264\/406
|-status|p1a: Aromatisse|brn
|
|-heal|p1a: Aromatisse|289\/406 brn|[from] item: Leftovers
|-damage|p1a: Aromatisse|239\/406 brn|[from] brn
|turn|23
|
|switch|p2a: Penetrateur|Crobat, M|370\/373
|-damage|p2a: Penetrateur|277\/373|[from] Stealth Rock
|move|p1a: Aromatisse|Aromatherapy|p1a: Aromatisse
|-cureteam|p1a: Aromatisse|[from] move: Aromatherapy
|
|-heal|p2a: Penetrateur|300\/373|[from] item: Black Sludge
|-heal|p1a: Aromatisse|264\/406|[from] item: Leftovers
|turn|24
|
|move|p2a: Penetrateur|Defog|p1a: Aromatisse
|-unboost|p1a: Aromatisse|evasion|1
|-sideend|p1: survim22|Stealth Rock|[from] move: Defog|[of] p1a: Aromatisse
|-sideend|p2: mliok|Stealth Rock|[from] move: Defog|[of] p2a: Penetrateur
|move|p1a: Aromatisse|Wish|p1a: Aromatisse
|
|-heal|p2a: Penetrateur|323\/373|[from] item: Black Sludge
|-heal|p1a: Aromatisse|289\/406|[from] item: Leftovers
|turn|25
|
|switch|p1a: Forretress|Forretress, F|210\/354
|move|p2a: Penetrateur|Brave Bird|p1a: Forretress
|-damage|p1a: Forretress|140\/354
|-damage|p2a: Penetrateur|300\/373|[from] recoil|[of] p1a: Forretress
|
|-heal|p1a: Forretress|343\/354|[from] move: Wish|[wisher] Aromatisse
|-heal|p2a: Penetrateur|323\/373|[from] item: Black Sludge
|-heal|p1a: Forretress|354\/354|[from] item: Leftovers
|turn|26
|
|move|p2a: Penetrateur|Roost|p2a: Penetrateur
|-heal|p2a: Penetrateur|373\/373
|move|p1a: Forretress|Volt Switch|p2a: Penetrateur
|-damage|p2a: Penetrateur|330\/373
|
|switch|p1a: Hydreigon|Hydreigon, M|326\/326
|
|-heal|p2a: Penetrateur|353\/373|[from] item: Black Sludge
|turn|27
|
|switch|p2a: Penis snake|Milotic, M|394\/394
|move|p1a: Hydreigon|Dark Pulse|p2a: Penis snake
|-damage|p2a: Penis snake|309\/394
|
|-heal|p2a: Penis snake|333\/394|[from] item: Leftovers
|turn|28
|
|switch|p1a: Aromatisse|Aromatisse, F|289\/406
|switch|p2a: Eldemenageur|Toxicroak, M|250\/307
|
|-heal|p1a: Aromatisse|314\/406|[from] item: Leftovers
|turn|29
|
|switch|p1a: Forretress|Forretress, F|354\/354
|move|p2a: Eldemenageur|Substitute|p2a: Eldemenageur
|-start|p2a: Eldemenageur|Substitute
|-damage|p2a: Eldemenageur|174\/307
|
|turn|30
|
|move|p2a: Eldemenageur|Drain Punch|p1a: Forretress
|-damage|p1a: Forretress|260\/354
|-heal|p2a: Eldemenageur|221\/307|[from] drain|[of] p1a: Forretress
|-damage|p2a: Eldemenageur|191\/307|[from] item: Life Orb
|move|p1a: Forretress|Gyro Ball|p2a: Eldemenageur
|-end|p2a: Eldemenageur|Substitute
|
|-heal|p1a: Forretress|282\/354|[from] item: Leftovers
|turn|31
|
|switch|p2a: Loreal|Ampharos-Mega, F, shiny|375\/384
|-ability|p2a: Loreal|Mold Breaker
|move|p1a: Forretress|Volt Switch|p2a: Loreal
|-resisted|p2a: Loreal
|-damage|p2a: Loreal|367\/384
|
|switch|p1a: Aromatisse|Aromatisse, F|314\/406
|
|-heal|p1a: Aromatisse|339\/406|[from] item: Leftovers
|turn|32
|
|move|p2a: Loreal|Volt Switch|p1a: Aromatisse
|-damage|p1a: Aromatisse|246\/406
|
|switch|p2a: Choppa|Jirachi|404\/404
|move|p1a: Aromatisse|Wish|p1a: Aromatisse
|
|-heal|p1a: Aromatisse|271\/406|[from] item: Leftovers
|turn|33
|
|switch|p1a: Gallade|Gallade-Mega, M|146\/277
|move|p2a: Choppa|Stealth Rock|p1a: Gallade
|-sidestart|p1: survim22|move: Stealth Rock
|
|-heal|p1a: Gallade|277\/277|[from] move: Wish|[wisher] Aromatisse
|turn|34
|
|switch|p2a: MaisMeurtBordel|Tangrowth, F|404\/404
|move|p1a: Gallade|Substitute|p1a: Gallade
|-start|p1a: Gallade|Substitute
|-damage|p1a: Gallade|208\/277
|
|turn|35
|
|move|p1a: Gallade|Knock Off|p2a: MaisMeurtBordel
|-damage|p2a: MaisMeurtBordel|322\/404
|-damage|p1a: Gallade|162\/277|[from] item: Rocky Helmet|[of] p2a: MaisMeurtBordel
|-enditem|p2a: MaisMeurtBordel|Rocky Helmet|[from] move: Knock Off|[of] p1a: Gallade
|move|p2a: MaisMeurtBordel|Knock Off|p1a: Gallade
|-activate|p1a: Gallade|Substitute|[damage]
|
|turn|36
|
|move|p1a: Gallade|Drain Punch|p2a: MaisMeurtBordel
|-damage|p2a: MaisMeurtBordel|214\/404
|-heal|p1a: Gallade|216\/277|[from] drain|[of] p2a: MaisMeurtBordel
|move|p2a: MaisMeurtBordel|Knock Off|p1a: Gallade
|-crit|p1a: Gallade
|-end|p1a: Gallade|Substitute
|
|turn|37
|
|switch|p2a: Penetrateur|Crobat, M|353\/373
|move|p1a: Gallade|Substitute|p1a: Gallade
|-start|p1a: Gallade|Substitute
|-damage|p1a: Gallade|147\/277
|
|-heal|p2a: Penetrateur|373\/373|[from] item: Black Sludge
|turn|38
|
|move|p2a: Penetrateur|Brave Bird|p1a: Gallade
|-supereffective|p1a: Gallade
|-damage|p1a: Gallade|0 fnt
|-damage|p2a: Penetrateur|324\/373|[from] recoil|[of] p1a: Gallade
|faint|p1a: Gallade
|
|-heal|p2a: Penetrateur|347\/373|[from] item: Black Sludge
|c|âsurvim22|ok
|
|switch|p1a: Forretress|Forretress, F|282\/354
|-damage|p1a: Forretress|238\/354|[from] Stealth Rock
|turn|39
|c|âsurvim22|je suis trop con
|c|âmliok|Infiltrator^^
|
|switch|p2a: Loreal|Ampharos-Mega, F, shiny|367\/384
|-ability|p2a: Loreal|Mold Breaker
|move|p1a: Forretress|Rapid Spin|p2a: Loreal
|-damage|p2a: Loreal|356\/384
|-sideend|p1: survim22|Stealth Rock|[from] move: Rapid Spin|[of] p1a: Forretress
|
|-heal|p1a: Forretress|260\/354|[from] item: Leftovers
|turn|40
|
|switch|p1a: Nidoqueen|Nidoqueen, F|25\/383
|move|p2a: Loreal|Volt Switch|p1a: Nidoqueen
|-immune|p1a: Nidoqueen|[msg]
|
|turn|41
|
|switch|p1a: Forretress|Forretress, F|260\/354
|move|p2a: Loreal|Dragon Pulse|p1a: Forretress
|-resisted|p1a: Forretress
|-damage|p1a: Forretress|134\/354
|
|-heal|p1a: Forretress|156\/354|[from] item: Leftovers
|turn|42
|
|switch|p1a: Aromatisse|Aromatisse, F|271\/406
|move|p2a: Loreal|Dragon Pulse|p1a: Aromatisse
|-immune|p1a: Aromatisse|[msg]
|
|-heal|p1a: Aromatisse|296\/406|[from] item: Leftovers
|turn|43
|
|move|p2a: Loreal|Volt Switch|p1a: Aromatisse
|-damage|p1a: Aromatisse|202\/406
|
|switch|p2a: Choppa|Jirachi|404\/404
|move|p1a: Aromatisse|Wish|p1a: Aromatisse
|
|-heal|p1a: Aromatisse|227\/406|[from] item: Leftovers
|turn|44
|
|switch|p1a: Forretress|Forretress, F|156\/354
|move|p2a: Choppa|Stealth Rock|p1a: Forretress
|-sidestart|p1: survim22|move: Stealth Rock
|
|-heal|p1a: Forretress|354\/354|[from] move: Wish|[wisher] Aromatisse
|turn|45
|
|switch|p2a: MaisMeurtBordel|Tangrowth, F|348\/404
|move|p1a: Forretress|Volt Switch|p2a: MaisMeurtBordel
|-resisted|p2a: MaisMeurtBordel
|-damage|p2a: MaisMeurtBordel|319\/404
|
|switch|p1a: Hydreigon|Hydreigon, M|326\/326
|-damage|p1a: Hydreigon|286\/326|[from] Stealth Rock
|
|turn|46
|
|switch|p2a: Penis snake|Milotic, M|333\/394
|move|p1a: Hydreigon|Draco Meteor|p2a: Penis snake
|-damage|p2a: Penis snake|198\/394
|-unboost|p1a: Hydreigon|spa|2
|
|-heal|p2a: Penis snake|222\/394|[from] item: Leftovers
|turn|47
|
|switch|p1a: Aromatisse|Aromatisse, F|227\/406
|-damage|p1a: Aromatisse|177\/406|[from] Stealth Rock
|move|p2a: Penis snake|Recover|p2a: Penis snake
|-heal|p2a: Penis snake|394\/394
|
|-heal|p1a: Aromatisse|202\/406|[from] item: Leftovers
|turn|48
|
|switch|p2a: Eldemenageur|Toxicroak, M|191\/307
|move|p1a: Aromatisse|Wish|p1a: Aromatisse
|
|-heal|p1a: Aromatisse|227\/406|[from] item: Leftovers
|turn|49
|
|move|p1a: Aromatisse|Protect|p1a: Aromatisse
|-singleturn|p1a: Aromatisse|Protect
|move|p2a: Eldemenageur|Drain Punch|p1a: Aromatisse
|-activate|p1a: Aromatisse|Protect
|
|-heal|p1a: Aromatisse|406\/406|[from] move: Wish|[wisher] Aromatisse
|turn|50
|
|switch|p1a: Forretress|Forretress, F|354\/354
|-damage|p1a: Forretress|310\/354|[from] Stealth Rock
|move|p2a: Eldemenageur|Gunk Shot|p1a: Forretress
|-immune|p1a: Forretress|[msg]
|
|-heal|p1a: Forretress|332\/354|[from] item: Leftovers
|turn|51
|
|switch|p2a: MaisMeurtBordel|Tangrowth, F|404\/404
|move|p1a: Forretress|Gyro Ball|p2a: MaisMeurtBordel
|-damage|p2a: MaisMeurtBordel|374\/404
|
|-heal|p1a: Forretress|354\/354|[from] item: Leftovers
|turn|52
|
|move|p2a: MaisMeurtBordel|Knock Off|p1a: Forretress
|-damage|p1a: Forretress|311\/354
|-enditem|p1a: Forretress|Leftovers|[from] move: Knock Off|[of] p2a: MaisMeurtBordel
|move|p1a: Forretress|Rapid Spin|p2a: MaisMeurtBordel
|-damage|p2a: MaisMeurtBordel|365\/404
|-sideend|p1: survim22|Stealth Rock|[from] move: Rapid Spin|[of] p1a: Forretress
|
|turn|53
|
|move|p2a: MaisMeurtBordel|Sleep Powder|p1a: Forretress
|-status|p1a: Forretress|slp
|cant|p1a: Forretress|slp
|
|turn|54
|
|switch|p2a: Loreal|Ampharos-Mega, F, shiny|356\/384
|-ability|p2a: Loreal|Mold Breaker
|switch|p1a: Snorlax|Snorlax, M|413\/524
|
|turn|55
|
|move|p2a: Loreal|Volt Switch|p1a: Snorlax
|-damage|p1a: Snorlax|304\/524
|
|switch|p2a: Choppa|Jirachi|404\/404
|move|p1a: Snorlax|Earthquake|p2a: Choppa
|-supereffective|p2a: Choppa
|-damage|p2a: Choppa|66\/404
|
|-heal|p2a: Choppa|91\/404|[from] item: Leftovers
|turn|56
|
|switch|p2a: Penetrateur|Crobat, M|347\/373
|switch|p1a: Forretress|Forretress, F|311\/354 slp
|
|-heal|p2a: Penetrateur|370\/373|[from] item: Black Sludge
|turn|57
|
|switch|p2a: Loreal|Ampharos-Mega, F, shiny|356\/384
|-ability|p2a: Loreal|Mold Breaker
|cant|p1a: Forretress|slp
|
|turn|58
|
|switch|p1a: Nidoqueen|Nidoqueen, F|25\/383
|move|p2a: Loreal|Dragon Pulse|p1a: Nidoqueen
|-damage|p1a: Nidoqueen|0 fnt
|faint|p1a: Nidoqueen
|
|
|switch|p1a: Hydreigon|Hydreigon, M|286\/326
|turn|59
|
|switch|p2a: Penis snake|Milotic, M|394\/394
|move|p1a: Hydreigon|U-turn|p2a: Penis snake
|-damage|p2a: Penis snake|320\/394
|
|switch|p1a: Snorlax|Snorlax, M|304\/524
|
|-heal|p2a: Penis snake|344\/394|[from] item: Leftovers
|turn|60
|
|switch|p2a: Loreal|Ampharos-Mega, F, shiny|356\/384
|-ability|p2a: Loreal|Mold Breaker
|move|p1a: Snorlax|Return|p2a: Loreal
|-damage|p2a: Loreal|163\/384
|
|turn|61
|
|move|p2a: Loreal|Volt Switch|p1a: Snorlax
|-damage|p1a: Snorlax|183\/524
|
|switch|p2a: MaisMeurtBordel|Tangrowth, F|404\/404
|move|p1a: Snorlax|Return|p2a: MaisMeurtBordel
|-damage|p2a: MaisMeurtBordel|251\/404
|
|turn|62
|
|switch|p2a: Loreal|Ampharos-Mega, F, shiny|163\/384
|-ability|p2a: Loreal|Mold Breaker
|switch|p1a: Aromatisse|Aromatisse, F|406\/406
|
|turn|63
|
|move|p2a: Loreal|Volt Switch|p1a: Aromatisse
|-damage|p1a: Aromatisse|315\/406
|
|switch|p2a: Choppa|Jirachi|91\/404
|move|p1a: Aromatisse|Moonblast|p2a: Choppa
|-resisted|p2a: Choppa
|-damage|p2a: Choppa|51\/404
|
|-heal|p2a: Choppa|76\/404|[from] item: Leftovers
|-heal|p1a: Aromatisse|340\/406|[from] item: Leftovers
|turn|64
|
|switch|p2a: Loreal|Ampharos-Mega, F, shiny|163\/384
|-ability|p2a: Loreal|Mold Breaker
|switch|p1a: Forretress|Forretress, F|311\/354 slp
|
|turn|65
|
|switch|p1a: Aromatisse|Aromatisse, F|340\/406
|move|p2a: Loreal|Volt Switch|p1a: Aromatisse
|-damage|p1a: Aromatisse|235\/406
|
|switch|p2a: Eldemenageur|Toxicroak, M|191\/307
|
|-heal|p1a: Aromatisse|260\/406|[from] item: Leftovers
|turn|66
|
|switch|p1a: Forretress|Forretress, F|311\/354 slp
|move|p2a: Eldemenageur|Gunk Shot|p1a: Forretress
|-immune|p1a: Forretress|[msg]
|
|turn|67
|
|move|p2a: Eldemenageur|Substitute|p2a: Eldemenageur
|-start|p2a: Eldemenageur|Substitute
|-damage|p2a: Eldemenageur|115\/307
|-curestatus|p1a: Forretress|slp
|move|p1a: Forretress|Gyro Ball|p2a: Eldemenageur
|-end|p2a: Eldemenageur|Substitute
|
|turn|68
|
|switch|p2a: Choppa|Jirachi|76\/404
|move|p1a: Forretress|Volt Switch|p2a: Choppa
|-damage|p2a: Choppa|51\/404
|
|switch|p1a: Hydreigon|Hydreigon, M|286\/326
|
|-heal|p2a: Choppa|76\/404|[from] item: Leftovers
|turn|69
|
|switch|p2a: Penis snake|Milotic, M|344\/394
|move|p1a: Hydreigon|Dark Pulse|p2a: Penis snake
|-damage|p2a: Penis snake|265\/394
|
|-heal|p2a: Penis snake|289\/394|[from] item: Leftovers
|turn|70
|
|switch|p1a: Snorlax|Snorlax, M|183\/524
|switch|p2a: Eldemenageur|Toxicroak, M|115\/307
|
|turn|71
|
|switch|p1a: Forretress|Forretress, F|311\/354
|move|p2a: Eldemenageur|Drain Punch|p1a: Forretress
|-damage|p1a: Forretress|214\/354
|-heal|p2a: Eldemenageur|164\/307|[from] drain|[of] p1a: Forretress
|-damage|p2a: Eldemenageur|134\/307|[from] item: Life Orb
|
|turn|72
|
|switch|p2a: Loreal|Ampharos-Mega, F, shiny|163\/384
|-ability|p2a: Loreal|Mold Breaker
|move|p1a: Forretress|Gyro Ball|p2a: Loreal
|-resisted|p2a: Loreal
|-damage|p2a: Loreal|148\/384
|
|turn|73
|
|switch|p1a: Aromatisse|Aromatisse, F|260\/406
|move|p2a: Loreal|Volt Switch|p1a: Aromatisse
|-damage|p1a: Aromatisse|169\/406
|
|switch|p2a: Choppa|Jirachi|76\/404
|
|-heal|p2a: Choppa|101\/404|[from] item: Leftovers
|-heal|p1a: Aromatisse|194\/406|[from] item: Leftovers
|turn|74
|
|switch|p1a: Forretress|Forretress, F|214\/354
|move|p2a: Choppa|Iron Head|p1a: Forretress
|-resisted|p1a: Forretress
|-damage|p1a: Forretress|186\/354
|
|-heal|p2a: Choppa|126\/404|[from] item: Leftovers
|turn|75
|
|move|p2a: Choppa|Stealth Rock|p1a: Forretress
|-sidestart|p1: survim22|move: Stealth Rock
|move|p1a: Forretress|Volt Switch|p2a: Choppa
|-damage|p2a: Choppa|98\/404
|
|switch|p1a: Hydreigon|Hydreigon, M|286\/326
|-damage|p1a: Hydreigon|246\/326|[from] Stealth Rock
|
|-heal|p2a: Choppa|123\/404|[from] item: Leftovers
|turn|76
|
|move|p1a: Hydreigon|U-turn|p2a: Choppa
|-damage|p2a: Choppa|62\/404
|
|switch|p1a: Forretress|Forretress, F|186\/354
|-damage|p1a: Forretress|142\/354|[from] Stealth Rock
|move|p2a: Choppa|Iron Head|p1a: Forretress
|-resisted|p1a: Forretress
|-damage|p1a: Forretress|115\/354
|
|-heal|p2a: Choppa|87\/404|[from] item: Leftovers
|turn|77
|
|switch|p2a: Loreal|Ampharos-Mega, F, shiny|148\/384
|-ability|p2a: Loreal|Mold Breaker
|move|p1a: Forretress|Rapid Spin|p2a: Loreal
|-damage|p2a: Loreal|137\/384
|-sideend|p1: survim22|Stealth Rock|[from] move: Rapid Spin|[of] p1a: Forretress
|
|turn|78
|c|âsurvim22|bon gg
|leave|hera1997
|c|âsurvim22|faut que j'arrÃªte d'oublier infiltrator
|-message|survim22 forfeited.
|
|win|mliok
|leave|survim22
|player|p1
|c|âmliok|gg