|join|mliok
|join|Divixthia
|player|p1|mliok|265
|player|p2|Divixthia|285
|gametype|singles
|gen|6
|tier|UU
|rule|Sleep Clause Mod: Limit one foe put to sleep
|rule|Species Clause: Limit one of each PokÃ©mon
|rule|OHKO Clause: OHKO moves are banned
|rule|Moody Clause: Moody is banned
|rule|Evasion Moves Clause: Evasion moves are banned
|rule|Endless Battle Clause: Forcing endless battles is banned
|rule|HP Percentage Mod: HP is shown in percentages
|clearpoke
|poke|p1|Tangrowth, F
|poke|p1|Milotic, M
|poke|p1|Toxicroak, M
|poke|p1|Jirachi
|poke|p1|Crobat, M
|poke|p1|Ampharos, F, shiny
|poke|p2|Lopunny, M
|poke|p2|Zygarde
|poke|p2|Jirachi
|poke|p2|Starmie
|poke|p2|Infernape, F
|poke|p2|Shaymin
|rule|Swagger Clause: Swagger is banned
|rule|Baton Pass Clause: Limit one PokÃ©mon knowing Baton Pass
|teampreview
|c|âmliok|gl
|c|âDivixthia|GL
|
|start
|switch|p1a: Loreal|Ampharos, F, shiny|384\/384
|switch|p2a: Infernape|Infernape, F|293\/293
|turn|1
|c|âmliok|miss, sorry
|
|detailschange|p1a: Loreal|Ampharos-Mega, F, shiny
|message|Ampharos has Mega Evolved into Mega Ampharos!
|-ability|p1a: Loreal|Mold Breaker
|move|p2a: Infernape|Stealth Rock|p1a: Loreal
|-sidestart|p1: mliok|move: Stealth Rock
|move|p1a: Loreal|Dragon Pulse|p2a: Infernape
|-damage|p2a: Infernape|92\/293
|
|turn|2
|
|move|p2a: Infernape|Close Combat|p1a: Loreal
|-damage|p1a: Loreal|263\/384
|-unboost|p2a: Infernape|def|1
|-unboost|p2a: Infernape|spd|1
|move|p1a: Loreal|Volt Switch|p2a: Infernape
|-damage|p2a: Infernape|0 fnt
|faint|p2a: Infernape
|
|switch|p1a: Penis snake|Milotic, M|394\/394
|-damage|p1a: Penis snake|345\/394|[from] Stealth Rock
|
|-heal|p1a: Penis snake|369\/394|[from] item: Leftovers
|
|switch|p2a: Shaymin|Shaymin|342\/342
|turn|3
|
|switch|p2a: Starmie|Starmie|261\/261
|move|p1a: Penis snake|Mirror Coat|p2a: Starmie
|-fail|p2a: Starmie
|
|-heal|p1a: Penis snake|393\/394|[from] item: Leftovers
|turn|4
|c|âmliok|zut
|
|switch|p2a: Jirachi|Jirachi|341\/341
|move|p1a: Penis snake|Scald|p2a: Jirachi
|-damage|p2a: Jirachi|230\/341
|
|-heal|p1a: Penis snake|394\/394|[from] item: Leftovers
|turn|5
|
|switch|p1a: Loreal|Ampharos-Mega, F, shiny|263\/384
|-damage|p1a: Loreal|215\/384|[from] Stealth Rock
|-ability|p1a: Loreal|Mold Breaker
|move|p2a: Jirachi|Energy Ball|p1a: Loreal
|-resisted|p1a: Loreal
|-damage|p1a: Loreal|179\/384
|
|turn|6
|
|move|p2a: Jirachi|U-turn|p1a: Loreal
|-damage|p1a: Loreal|134\/384
|
|switch|p2a: Zygarde|Zygarde|358\/358
|-ability|p2a: Zygarde|Aura Break
|move|p1a: Loreal|Dragon Pulse|p2a: Zygarde
|-supereffective|p2a: Zygarde
|-damage|p2a: Zygarde|34\/358
|
|turn|7
|
|switch|p1a: MaisMeurtBordel|Tangrowth, F|404\/404
|-damage|p1a: MaisMeurtBordel|354\/404|[from] Stealth Rock
|move|p2a: Zygarde|Earthquake|p1a: MaisMeurtBordel
|-resisted|p1a: MaisMeurtBordel
|-damage|p1a: MaisMeurtBordel|302\/404
|
|turn|8
|
|switch|p2a: Shaymin|Shaymin|342\/342
|move|p1a: MaisMeurtBordel|Knock Off|p2a: Shaymin
|-damage|p2a: Shaymin|264\/342
|-enditem|p2a: Shaymin|Choice Scarf|[from] move: Knock Off|[of] p1a: MaisMeurtBordel
|
|turn|9
|
|switch|p2a: Starmie|Starmie|261\/261
|switch|p1a: Penetrateur|Crobat, M|373\/373
|-damage|p1a: Penetrateur|280\/373|[from] Stealth Rock
|
|-heal|p1a: Penetrateur|303\/373|[from] item: Black Sludge
|turn|10
|
|move|p1a: Penetrateur|Defog|p2a: Starmie
|-unboost|p2a: Starmie|evasion|1
|-sideend|p1: mliok|Stealth Rock|[from] move: Defog|[of] p1a: Penetrateur
|move|p2a: Starmie|Psyshock|p1a: Penetrateur
|-supereffective|p1a: Penetrateur
|-damage|p1a: Penetrateur|0 fnt
|-damage|p2a: Starmie|235\/261|[from] item: Life Orb
|faint|p1a: Penetrateur
|
|
|switch|p1a: Penis snake|Milotic, M|394\/394
|turn|11
|
|switch|p2a: Lopunny|Lopunny, M|272\/272
|move|p1a: Penis snake|Mirror Coat|p2a: Lopunny
|-fail|p2a: Lopunny
|
|turn|12
|
|switch|p1a: MaisMeurtBordel|Tangrowth, F|404\/404
|detailschange|p2a: Lopunny|Lopunny-Mega, M
|message|Lopunny has Mega Evolved into Mega Lopunny!
|move|p2a: Lopunny|Encore|p1a: MaisMeurtBordel
|-fail|p1a: MaisMeurtBordel
|
|turn|13
|
|move|p2a: Lopunny|Substitute|p2a: Lopunny
|-start|p2a: Lopunny|Substitute
|-damage|p2a: Lopunny|204\/272
|move|p1a: MaisMeurtBordel|Giga Drain|p2a: Lopunny
|-end|p2a: Lopunny|Substitute
|
|turn|14
|
|switch|p2a: Shaymin|Shaymin|264\/342
|move|p1a: MaisMeurtBordel|Toxic|p2a: Shaymin
|-status|p2a: Shaymin|tox
|
|-damage|p2a: Shaymin|243\/342 tox|[from] psn
|turn|15
|
|move|p2a: Shaymin|Seed Flare|p1a: MaisMeurtBordel
|-resisted|p1a: MaisMeurtBordel
|-damage|p1a: MaisMeurtBordel|241\/404
|-unboost|p1a: MaisMeurtBordel|spd|2
|move|p1a: MaisMeurtBordel|Leech Seed|p2a: Shaymin
|-immune|p2a: Shaymin|[msg]
|
|-damage|p2a: Shaymin|201\/342 tox|[from] psn
|turn|16
|
|switch|p1a: Choppa|Jirachi|404\/404
|move|p2a: Shaymin|Earth Power|p1a: Choppa
|-supereffective|p1a: Choppa
|-damage|p1a: Choppa|276\/404
|-unboost|p1a: Choppa|spd|1
|
|-heal|p1a: Choppa|301\/404|[from] item: Leftovers
|-damage|p2a: Shaymin|138\/342 tox|[from] psn
|turn|17
|
|move|p2a: Shaymin|Healing Wish|p2a: Shaymin
|faint|p2a: Shaymin
|move|p1a: Choppa|Stealth Rock|p2: Shaymin
|-sidestart|p2: Divixthia|move: Stealth Rock
|
|-heal|p1a: Choppa|326\/404|[from] item: Leftovers
|
|switch|p2a: Zygarde|Zygarde|34\/358
|-heal|p2a: Zygarde|358\/358|[from] move: Healing Wish
|-damage|p2a: Zygarde|336\/358|[from] Stealth Rock
|-ability|p2a: Zygarde|Aura Break
|turn|18
|
|switch|p1a: MaisMeurtBordel|Tangrowth, F|375\/404
|move|p2a: Zygarde|Dragon Dance|p2a: Zygarde
|-boost|p2a: Zygarde|atk|1
|-boost|p2a: Zygarde|spe|1
|
|turn|19
|
|switch|p2a: Jirachi|Jirachi|230\/341
|-damage|p2a: Jirachi|209\/341|[from] Stealth Rock
|move|p1a: MaisMeurtBordel|Leech Seed|p2a: Jirachi
|-start|p2a: Jirachi|move: Leech Seed
|
|-damage|p2a: Jirachi|167\/341|[from] Leech Seed|[of] p1a: MaisMeurtBordel
|-heal|p1a: MaisMeurtBordel|404\/404|[silent]
|turn|20
|
|switch|p1a: Loreal|Ampharos-Mega, F, shiny|134\/384
|-ability|p1a: Loreal|Mold Breaker
|move|p2a: Jirachi|U-turn|p1a: Loreal
|-damage|p1a: Loreal|89\/384
|
|switch|p2a: Starmie|Starmie|235\/261
|-damage|p2a: Starmie|203\/261|[from] Stealth Rock
|
|turn|21
|
|switch|p1a: Choppa|Jirachi|326\/404
|move|p2a: Starmie|Psyshock|p1a: Choppa
|-resisted|p1a: Choppa
|-damage|p1a: Choppa|275\/404
|-damage|p2a: Starmie|177\/261|[from] item: Life Orb
|
|-heal|p1a: Choppa|300\/404|[from] item: Leftovers
|turn|22
|
|switch|p1a: Eldemenageur|Toxicroak, M|307\/307
|move|p2a: Starmie|Rapid Spin|p1a: Eldemenageur
|-crit|p1a: Eldemenageur
|-damage|p1a: Eldemenageur|275\/307
|-sideend|p2: Divixthia|Stealth Rock|[from] move: Rapid Spin|[of] p2a: Starmie
|-damage|p2a: Starmie|151\/261|[from] item: Life Orb
|
|turn|23
|
|switch|p2a: Zygarde|Zygarde|336\/358
|-ability|p2a: Zygarde|Aura Break
|move|p1a: Eldemenageur|Substitute|p1a: Eldemenageur
|-start|p1a: Eldemenageur|Substitute
|-damage|p1a: Eldemenageur|199\/307
|
|turn|24
|
|move|p2a: Zygarde|Earthquake|p1a: Eldemenageur
|-supereffective|p1a: Eldemenageur
|-end|p1a: Eldemenageur|Substitute
|move|p1a: Eldemenageur|Drain Punch|p2a: Zygarde
|-damage|p2a: Zygarde|194\/358
|-heal|p1a: Eldemenageur|270\/307|[from] drain|[of] p2a: Zygarde
|-damage|p1a: Eldemenageur|240\/307|[from] item: Life Orb
|
|turn|25
|
|switch|p2a: Starmie|Starmie|151\/261
|switch|p1a: MaisMeurtBordel|Tangrowth, F|404\/404
|
|turn|26
|
|switch|p1a: Choppa|Jirachi|300\/404
|move|p2a: Starmie|Hydro Pump|p1a: Choppa|[miss]
|-miss|p2a: Starmie|p1a: Choppa
|
|-heal|p1a: Choppa|325\/404|[from] item: Leftovers
|turn|27
|
|move|p2a: Starmie|Psyshock|p1a: Choppa
|-resisted|p1a: Choppa
|-damage|p1a: Choppa|287\/404
|-damage|p2a: Starmie|125\/261|[from] item: Life Orb
|move|p1a: Choppa|Stealth Rock|p2a: Starmie
|-sidestart|p2: Divixthia|move: Stealth Rock
|
|-heal|p1a: Choppa|312\/404|[from] item: Leftovers
|turn|28
|
|move|p2a: Starmie|Psyshock|p1a: Choppa
|-crit|p1a: Choppa
|-resisted|p1a: Choppa
|-damage|p1a: Choppa|257\/404
|-damage|p2a: Starmie|99\/261|[from] item: Life Orb
|move|p1a: Choppa|Iron Head|p2a: Starmie
|-resisted|p2a: Starmie
|-damage|p2a: Starmie|42\/261
|
|-heal|p1a: Choppa|282\/404|[from] item: Leftovers
|turn|29
|
|move|p2a: Starmie|Rapid Spin|p1a: Choppa
|-crit|p1a: Choppa
|-resisted|p1a: Choppa
|-damage|p1a: Choppa|273\/404
|-sideend|p2: Divixthia|Stealth Rock|[from] move: Rapid Spin|[of] p2a: Starmie
|-damage|p2a: Starmie|16\/261|[from] item: Life Orb
|move|p1a: Choppa|Stealth Rock|p2a: Starmie
|-sidestart|p2: Divixthia|move: Stealth Rock
|
|-heal|p1a: Choppa|298\/404|[from] item: Leftovers
|turn|30
|
|switch|p1a: Loreal|Ampharos-Mega, F, shiny|89\/384
|-ability|p1a: Loreal|Mold Breaker
|move|p2a: Starmie|Hydro Pump|p1a: Loreal|[miss]
|-miss|p2a: Starmie|p1a: Loreal
|
|turn|31
|c|âmliok|sorry
|c|âDivixthia|np^^
|c|âDivixthia|Je viens de build me fallait un test
|
|move|p2a: Starmie|Ice Beam|p1a: Loreal
|-supereffective|p1a: Loreal
|-damage|p1a: Loreal|0 fnt
|-damage|p2a: Starmie|0 fnt|[from] item: Life Orb
|faint|p1a: Loreal
|faint|p2a: Starmie
|
|
|switch|p2a: Jirachi|Jirachi|167\/341
|switch|p1a: Penis snake|Milotic, M|394\/394
|-damage|p2a: Jirachi|146\/341|[from] Stealth Rock
|turn|32
|
|move|p2a: Jirachi|Energy Ball|p1a: Penis snake
|-supereffective|p1a: Penis snake
|-damage|p1a: Penis snake|279\/394
|move|p1a: Penis snake|Scald|p2a: Jirachi
|-damage|p2a: Jirachi|50\/341
|-status|p2a: Jirachi|brn
|
|-heal|p1a: Penis snake|303\/394|[from] item: Leftovers
|-damage|p2a: Jirachi|8\/341 brn|[from] brn
|turn|33
|
|switch|p1a: MaisMeurtBordel|Tangrowth, F|404\/404
|move|p2a: Jirachi|U-turn|p1a: MaisMeurtBordel
|-supereffective|p1a: MaisMeurtBordel
|-damage|p1a: MaisMeurtBordel|351\/404
|-damage|p2a: Jirachi|0 fnt|[from] item: Rocky Helmet|[of] p1a: MaisMeurtBordel
|faint|p2a: Jirachi
|
|
|switch|p2a: Lopunny|Lopunny-Mega, M|204\/272
|-damage|p2a: Lopunny|187\/272|[from] Stealth Rock
|turn|34
|
|move|p2a: Lopunny|Substitute|p2a: Lopunny
|-start|p2a: Lopunny|Substitute
|-damage|p2a: Lopunny|119\/272
|move|p1a: MaisMeurtBordel|Giga Drain|p2a: Lopunny
|-end|p2a: Lopunny|Substitute
|-heal|p1a: MaisMeurtBordel|385\/404|[from] drain|[of] p2a: Lopunny
|
|turn|35
|
|move|p2a: Lopunny|Frustration|p1a: MaisMeurtBordel
|-damage|p1a: MaisMeurtBordel|262\/404
|-damage|p2a: Lopunny|74\/272|[from] item: Rocky Helmet|[of] p1a: MaisMeurtBordel
|move|p1a: MaisMeurtBordel|Giga Drain|p2a: Lopunny
|-damage|p2a: Lopunny|0 fnt
|-heal|p1a: MaisMeurtBordel|299\/404|[from] drain|[of] p2a: Lopunny
|faint|p2a: Lopunny
|
|c|âDivixthia|Bien jouÃ©^^
|
|switch|p2a: Zygarde|Zygarde|194\/358
|-damage|p2a: Zygarde|172\/358|[from] Stealth Rock
|-ability|p2a: Zygarde|Aura Break
|turn|36
|
|move|p2a: Zygarde|Outrage|p1a: MaisMeurtBordel
|-damage|p1a: MaisMeurtBordel|184\/404
|-damage|p2a: Zygarde|113\/358|[from] item: Rocky Helmet|[of] p1a: MaisMeurtBordel
|move|p1a: MaisMeurtBordel|Leech Seed|p2a: Zygarde
|-start|p2a: Zygarde|move: Leech Seed
|
|-damage|p2a: Zygarde|69\/358|[from] Leech Seed|[of] p1a: MaisMeurtBordel
|-heal|p1a: MaisMeurtBordel|228\/404|[silent]
|turn|37
|c|âmliok|gg
|
|move|p2a: Zygarde|Outrage|p1a: MaisMeurtBordel
|-damage|p1a: MaisMeurtBordel|105\/404
|-damage|p2a: Zygarde|10\/358|[from] item: Rocky Helmet|[of] p1a: MaisMeurtBordel
|move|p1a: MaisMeurtBordel|Giga Drain|p2a: Zygarde
|-damage|p2a: Zygarde|0 fnt
|-heal|p1a: MaisMeurtBordel|110\/404|[from] drain|[of] p2a: Zygarde
|faint|p2a: Zygarde
|
|win|mliok