|join|mliok
|join|stan77
|player|p1|mliok|265
|player|p2|stan77|170
|gametype|singles
|gen|6
|tier|UU
|rule|Sleep Clause Mod: Limit one foe put to sleep
|rule|Species Clause: Limit one of each PokÃ©mon
|rule|OHKO Clause: OHKO moves are banned
|rule|Moody Clause: Moody is banned
|rule|Evasion Moves Clause: Evasion moves are banned
|rule|Endless Battle Clause: Forcing endless battles is banned
|rule|HP Percentage Mod: HP is shown in percentages
|clearpoke
|poke|p1|Tangrowth, F
|poke|p1|Milotic, M
|poke|p1|Toxicroak, M
|poke|p1|Jirachi
|poke|p1|Crobat, M
|poke|p1|Ampharos, F, shiny
|poke|p2|Aggron, M
|poke|p2|Tentacruel, F
|poke|p2|Rotom-Heat
|poke|p2|Galvantula, M
|poke|p2|Roserade, M
|poke|p2|Cloyster, M
|rule|Swagger Clause: Swagger is banned
|rule|Baton Pass Clause: Limit one PokÃ©mon knowing Baton Pass
|teampreview
|c|âmliok|gl
|join|bigbangcrash
|
|start
|switch|p1a: Loreal|Ampharos, F, shiny|384\/384
|switch|p2a: Rotom-Heat|Rotom-Heat|279\/279
|turn|1
|c|âstan77|toi aussi
|join|Azkul
|c|@Azkul|tu vas voir stan
|c|âstan77|bon a la base c'est une team qui tourne autour de te,efix
|
|detailschange|p1a: Loreal|Ampharos-Mega, F, shiny
|message|Ampharos has Mega Evolved into Mega Ampharos!
|-ability|p1a: Loreal|Mold Breaker
|move|p2a: Rotom-Heat|Overheat|p1a: Loreal
|-resisted|p1a: Loreal
|-damage|p1a: Loreal|282\/384
|-unboost|p2a: Rotom-Heat|spa|2
|move|p1a: Loreal|Dragon Pulse|p2a: Rotom-Heat
|-damage|p2a: Rotom-Heat|138\/279
|
|turn|2
|c|@Azkul|ce bouldeneu est trÃ¨s chiant
|c|âmliok|Bof, il a que des truc spÃ©
|c|âstan77|je te crois
|c| bigbangcrash|il est moins bg que le normal
|
|switch|p2a: Aggron|Aggron, M|344\/344
|move|p1a: Loreal|Volt Switch|p2a: Aggron
|-damage|p2a: Aggron|158\/344
|
|switch|p1a: Eldemenageur|Toxicroak, M|307\/307
|
|turn|3
|c|âstan77|il faut que je change de team
|
|switch|p1a: MaisMeurtBordel|Tangrowth, F|404\/404
|detailschange|p2a: Aggron|Aggron-Mega, M
|message|Aggron has Mega Evolved into Mega Aggron!
|move|p2a: Aggron|Protect|p2a: Aggron
|-fail|p2a: Aggron
|
|turn|4
|c|âstan77|pas mal le nom
|
|move|p2a: Aggron|Toxic|p1a: MaisMeurtBordel
|-status|p1a: MaisMeurtBordel|tox
|move|p1a: MaisMeurtBordel|Knock Off|p2a: Aggron
|-damage|p2a: Aggron|139\/344
|
|-damage|p1a: MaisMeurtBordel|379\/404 tox|[from] psn
|turn|5
|
|move|p2a: Aggron|Stealth Rock|p1a: MaisMeurtBordel
|-sidestart|p1: mliok|move: Stealth Rock
|move|p1a: MaisMeurtBordel|Leech Seed|p2a: Aggron
|-start|p2a: Aggron|move: Leech Seed
|
|-damage|p2a: Aggron|96\/344|[from] Leech Seed|[of] p1a: MaisMeurtBordel
|-heal|p1a: MaisMeurtBordel|404\/404 tox|[silent]
|-damage|p1a: MaisMeurtBordel|354\/404 tox|[from] psn
|turn|6
|c| bigbangcrash|si c'est stan qui le dit ....
|
|switch|p2a: Galvantula|Galvantula, M|282\/282
|move|p1a: MaisMeurtBordel|Knock Off|p2a: Galvantula
|-damage|p2a: Galvantula|169\/282
|-enditem|p2a: Galvantula|Focus Sash|[from] move: Knock Off|[of] p1a: MaisMeurtBordel
|
|-damage|p1a: MaisMeurtBordel|279\/404 tox|[from] psn
|turn|7
|
|switch|p1a: Loreal|Ampharos-Mega, F, shiny|282\/384
|-damage|p1a: Loreal|234\/384|[from] Stealth Rock
|-ability|p1a: Loreal|Mold Breaker
|move|p2a: Galvantula|Bug Buzz|p1a: Loreal
|-damage|p1a: Loreal|105\/384
|
|turn|8
|c|âmliok|oh
|
|move|p2a: Galvantula|Bug Buzz|p1a: Loreal
|-damage|p1a: Loreal|0 fnt
|faint|p1a: Loreal
|
|
|switch|p1a: Choppa|Jirachi|404\/404
|-damage|p1a: Choppa|379\/404|[from] Stealth Rock
|turn|9
|
|switch|p2a: Rotom-Heat|Rotom-Heat|138\/279
|move|p1a: Choppa|Stealth Rock|p2a: Rotom-Heat
|-sidestart|p2: stan77|move: Stealth Rock
|
|-heal|p1a: Choppa|404\/404|[from] item: Leftovers
|turn|10
|c| bigbangcrash|jira le BG
|
|switch|p1a: Penis snake|Milotic, M|394\/394
|-damage|p1a: Penis snake|345\/394|[from] Stealth Rock
|move|p2a: Rotom-Heat|Pain Split|p1a: Penis snake
|-sethp|p1a: Penis snake|241\/394|p2a: Rotom-Heat|241\/279|[from] move: Pain Split
|
|-heal|p1a: Penis snake|265\/394|[from] item: Leftovers
|turn|11
|c| bigbangcrash|si il etait scarf 
|c|âstan77|se nom...
|leave|Azkul
|
|switch|p2a: Roserade|Roserade, M|262\/262
|-damage|p2a: Roserade|230\/262|[from] Stealth Rock
|move|p1a: Penis snake|Recover|p1a: Penis snake
|-heal|p1a: Penis snake|394\/394
|
|turn|12
|c| bigbangcrash|love
|
|move|p2a: Roserade|Giga Drain|p1a: Penis snake
|-crit|p1a: Penis snake
|-supereffective|p1a: Penis snake
|-damage|p1a: Penis snake|103\/394
|-heal|p2a: Roserade|262\/262|[from] drain|[of] p1a: Penis snake
|-damage|p2a: Roserade|236\/262|[from] item: Life Orb
|move|p1a: Penis snake|Mirror Coat|p2a: Roserade
|-damage|p2a: Roserade|0 fnt
|faint|p2a: Roserade
|
|-heal|p1a: Penis snake|127\/394|[from] item: Leftovers
|c|âstan77|j'en Ã©tait sue --'
|c| bigbangcrash|penis snake ... GG
|c|âstan77|*sur
|
|switch|p2a: Rotom-Heat|Rotom-Heat|241\/279
|-damage|p2a: Rotom-Heat|172\/279|[from] Stealth Rock
|turn|13
|
|switch|p1a: Choppa|Jirachi|404\/404
|-damage|p1a: Choppa|379\/404|[from] Stealth Rock
|move|p2a: Rotom-Heat|Thunderbolt|p1a: Choppa
|-damage|p1a: Choppa|267\/404
|
|-heal|p1a: Choppa|292\/404|[from] item: Leftovers
|turn|14
|
|move|p1a: Choppa|Iron Head|p2a: Rotom-Heat
|-resisted|p2a: Rotom-Heat
|-damage|p2a: Rotom-Heat|150\/279
|cant|p2a: Rotom-Heat|flinch
|
|-heal|p1a: Choppa|317\/404|[from] item: Leftovers
|turn|15
|c|âmliok|bordel il est pas scarf
|c|âmliok|j'ai jouer ma vie la
|
|switch|p1a: Penis snake|Milotic, M|127\/394
|-damage|p1a: Penis snake|78\/394|[from] Stealth Rock
|move|p2a: Rotom-Heat|Overheat|p1a: Penis snake
|-resisted|p1a: Penis snake
|-damage|p1a: Penis snake|7\/394
|-unboost|p2a: Rotom-Heat|spa|2
|
|-heal|p1a: Penis snake|31\/394|[from] item: Leftovers
|turn|16
|c|âstan77|cette chance ><
|
|move|p2a: Rotom-Heat|Thunderbolt|p1a: Penis snake
|-supereffective|p1a: Penis snake
|-damage|p1a: Penis snake|0 fnt
|faint|p1a: Penis snake
|
|
|switch|p1a: Eldemenageur|Toxicroak, M|307\/307
|-damage|p1a: Eldemenageur|288\/307|[from] Stealth Rock
|turn|17
|
|move|p1a: Eldemenageur|Substitute|p1a: Eldemenageur
|-start|p1a: Eldemenageur|Substitute
|-damage|p1a: Eldemenageur|212\/307
|move|p2a: Rotom-Heat|Pain Split|p1a: Eldemenageur
|
|turn|18
|c|âstan77|merde je dÃ©teste les clones
|
|switch|p2a: Tentacruel|Tentacruel, F|364\/364
|-damage|p2a: Tentacruel|319\/364|[from] Stealth Rock
|move|p1a: Eldemenageur|Gunk Shot|p2a: Tentacruel
|-resisted|p2a: Tentacruel
|-damage|p2a: Tentacruel|147\/364
|-damage|p1a: Eldemenageur|182\/307|[from] item: Life Orb
|
|-heal|p2a: Tentacruel|169\/364|[from] item: Black Sludge
|turn|19
|c| bigbangcrash|mliok tu depasse stan pour les noms
|
|move|p1a: Eldemenageur|Gunk Shot|p2a: Tentacruel|[miss]
|-miss|p1a: Eldemenageur|p2a: Tentacruel
|move|p2a: Tentacruel|Scald|p1a: Eldemenageur
|-heal|p1a: Eldemenageur|258\/307|[from] ability: Dry Skin|[of] p2a: Tentacruel
|
|-heal|p2a: Tentacruel|191\/364|[from] item: Black Sludge
|turn|20
|c|âmliok|cette violence
|c|âstan77|CE CON
|
|move|p1a: Eldemenageur|Drain Punch|p2a: Tentacruel
|-resisted|p2a: Tentacruel
|-damage|p2a: Tentacruel|78\/364
|-damage|p1a: Eldemenageur|201\/307|[from] ability: Liquid Ooze|[of] p2a: Tentacruel
|-damage|p1a: Eldemenageur|171\/307|[from] item: Life Orb
|move|p2a: Tentacruel|Knock Off|p1a: Eldemenageur
|-resisted|p1a: Eldemenageur
|-activate|p1a: Eldemenageur|Substitute|[damage]
|
|-heal|p2a: Tentacruel|100\/364|[from] item: Black Sludge
|turn|21
|c| bigbangcrash|heu tu parle de toi
|c|âstan77|scald sur lui je l'ai soigner come un cob
|c|âstan77|*con
|c|âmliok|tkt
|
|move|p1a: Eldemenageur|Gunk Shot|p2a: Tentacruel
|-resisted|p2a: Tentacruel
|-damage|p2a: Tentacruel|0 fnt
|-damage|p1a: Eldemenageur|141\/307|[from] item: Life Orb
|faint|p2a: Tentacruel
|
|c|âmliok|j'ai drain punch comme un connard
|c|âmliok|Ã§a compense
|c|âstan77|gg imo
|c| bigbangcrash|sa n'aurait pas changer grand chose ^^
|
|switch|p2a: Aggron|Aggron-Mega, M|96\/344
|-damage|p2a: Aggron|75\/344|[from] Stealth Rock
|turn|22
|
|move|p1a: Eldemenageur|Drain Punch|p2a: Aggron
|-supereffective|p2a: Aggron
|-damage|p2a: Aggron|0 fnt
|-heal|p1a: Eldemenageur|179\/307|[from] drain|[of] p2a: Aggron
|-damage|p1a: Eldemenageur|149\/307|[from] item: Life Orb
|faint|p2a: Aggron
|
|
|switch|p2a: Rotom-Heat|Rotom-Heat|150\/279
|-damage|p2a: Rotom-Heat|81\/279|[from] Stealth Rock
|turn|23
|
|move|p1a: Eldemenageur|Drain Punch|p2a: Rotom-Heat
|-damage|p2a: Rotom-Heat|0 fnt
|-heal|p1a: Eldemenageur|190\/307|[from] drain|[of] p2a: Rotom-Heat
|-damage|p1a: Eldemenageur|160\/307|[from] item: Life Orb
|faint|p2a: Rotom-Heat
|
|c|âstan77|gg
|
|switch|p2a: Galvantula|Galvantula, M|169\/282
|-damage|p2a: Galvantula|99\/282|[from] Stealth Rock
|turn|24
|c|âmliok|gg
|
|move|p1a: Eldemenageur|Sucker Punch|p2a: Galvantula
|-damage|p2a: Galvantula|0 fnt
|-damage|p1a: Eldemenageur|130\/307|[from] item: Life Orb
|faint|p2a: Galvantula
|
|
|switch|p2a: Cloyster|Cloyster, M|242\/242
|-damage|p2a: Cloyster|182\/242|[from] Stealth Rock
|turn|25
|
|move|p1a: Eldemenageur|Drain Punch|p2a: Cloyster
|-supereffective|p2a: Cloyster
|-damage|p2a: Cloyster|0 fnt
|-heal|p1a: Eldemenageur|221\/307|[from] drain|[of] p2a: Cloyster
|-damage|p1a: Eldemenageur|191\/307|[from] item: Life Orb
|faint|p2a: Cloyster
|
|win|mliok
|c| bigbangcrash|dat sweep
|c|âmliok|eldÃ©mÃ©nageur