|join|mliok
|join|Teodoro Tales
|player|p1|mliok|266
|player|p2|Teodoro Tales|170
|gametype|singles
|gen|6
|tier|UU
|rated
|rule|Sleep Clause Mod: Limit one foe put to sleep
|rule|Species Clause: Limit one of each PokÃ©mon
|rule|OHKO Clause: OHKO moves are banned
|rule|Moody Clause: Moody is banned
|rule|Evasion Moves Clause: Evasion moves are banned
|rule|Endless Battle Clause: Forcing endless battles is banned
|rule|HP Percentage Mod: HP is shown in percentages
|clearpoke
|poke|p1|Tangrowth, F
|poke|p1|Milotic, M
|poke|p1|Toxicroak, M
|poke|p1|Jirachi
|poke|p1|Crobat, M
|poke|p1|Ampharos, F, shiny
|poke|p2|Umbreon, M
|poke|p2|Celebi
|poke|p2|Jirachi
|poke|p2|Mienshao, M
|poke|p2|Diancie
|poke|p2|Raikou
|rule|Swagger Clause: Swagger is banned
|rule|Baton Pass Clause: Limit one PokÃ©mon knowing Baton Pass
|teampreview
|
|start
|switch|p1a: Ampharos|Ampharos, F, shiny|384\/384
|switch|p2a: Diancie|Diancie|241\/241
|turn|1
|
|switch|p1a: Jirachi|Jirachi|404\/404
|detailschange|p2a: Diancie|Diancie-Mega
|message|Diancie has Mega Evolved into Mega Diancie!
|move|p2a: Diancie|Toxic|p1a: Jirachi
|-fail|p1a: Jirachi
|
|turn|2
|
|switch|p2a: Jirachi|Jirachi|341\/341
|move|p1a: Jirachi|Iron Head|p2a: Jirachi
|-resisted|p2a: Jirachi
|-damage|p2a: Jirachi|308\/341
|
|turn|3
|
|switch|p1a: Ampharos|Ampharos, F, shiny|384\/384
|move|p2a: Jirachi|Trick|p1a: Ampharos
|-fail|p1a: Ampharos
|
|turn|4
|
|switch|p2a: Diancie|Diancie-Mega|241\/241
|detailschange|p1a: Ampharos|Ampharos-Mega, F, shiny
|message|Ampharos has Mega Evolved into Mega Ampharos!
|-ability|p1a: Ampharos|Mold Breaker
|move|p1a: Ampharos|Volt Switch|p2a: Diancie
|-damage|p2a: Diancie|123\/241
|
|switch|p1a: Jirachi|Jirachi|404\/404
|
|turn|5
|
|switch|p2a: Jirachi|Jirachi|308\/341
|move|p1a: Jirachi|Iron Head|p2a: Jirachi
|-resisted|p2a: Jirachi
|-damage|p2a: Jirachi|272\/341
|
|turn|6
|
|move|p2a: Jirachi|Body Slam|p1a: Jirachi
|-resisted|p1a: Jirachi
|-damage|p1a: Jirachi|369\/404
|move|p1a: Jirachi|Stealth Rock|p2a: Jirachi
|-sidestart|p2: Teodoro Tales|move: Stealth Rock
|
|-heal|p1a: Jirachi|394\/404|[from] item: Leftovers
|turn|7
|
|switch|p1a: Tangrowth|Tangrowth, F|404\/404
|move|p2a: Jirachi|Body Slam|p1a: Tangrowth
|-damage|p1a: Tangrowth|361\/404
|-damage|p2a: Jirachi|216\/341|[from] item: Rocky Helmet|[of] p1a: Tangrowth
|
|turn|8
|
|switch|p2a: Celebi|Celebi|404\/404
|-damage|p2a: Celebi|354\/404|[from] Stealth Rock
|move|p1a: Tangrowth|Knock Off|p2a: Celebi
|-supereffective|p2a: Celebi
|-damage|p2a: Celebi|188\/404
|-enditem|p2a: Celebi|Leftovers|[from] move: Knock Off|[of] p1a: Tangrowth
|
|turn|9
|
|switch|p1a: Crobat|Crobat, M|373\/373
|move|p2a: Celebi|Stealth Rock|p1a: Crobat
|-sidestart|p1: mliok|move: Stealth Rock
|
|turn|10
|
|switch|p2a: Umbreon|Umbreon, M|394\/394
|-damage|p2a: Umbreon|345\/394|[from] Stealth Rock
|move|p1a: Crobat|Brave Bird|p2a: Umbreon
|-damage|p2a: Umbreon|236\/394
|-damage|p1a: Crobat|337\/373|[from] recoil|[of] p2a: Umbreon
|
|-heal|p1a: Crobat|360\/373|[from] item: Black Sludge
|turn|11
|
|switch|p1a: Toxicroak|Toxicroak, M|307\/307
|-damage|p1a: Toxicroak|288\/307|[from] Stealth Rock
|move|p2a: Umbreon|Foul Play|p1a: Toxicroak
|-resisted|p1a: Toxicroak
|-damage|p1a: Toxicroak|174\/307
|
|turn|12
|
|move|p1a: Toxicroak|Substitute|p1a: Toxicroak
|-start|p1a: Toxicroak|Substitute
|-damage|p1a: Toxicroak|98\/307
|move|p2a: Umbreon|Foul Play|p1a: Toxicroak
|-resisted|p1a: Toxicroak
|-end|p1a: Toxicroak|Substitute
|
|turn|13
|
|move|p1a: Toxicroak|Drain Punch|p2a: Umbreon
|-supereffective|p2a: Umbreon
|-damage|p2a: Umbreon|0 fnt
|-heal|p1a: Toxicroak|216\/307|[from] drain|[of] p2a: Umbreon
|-damage|p1a: Toxicroak|186\/307|[from] item: Life Orb
|faint|p2a: Umbreon
|
|
|switch|p2a: Mienshao|Mienshao, M|271\/271
|-damage|p2a: Mienshao|255\/271|[from] Stealth Rock
|turn|14
|
|switch|p1a: Tangrowth|Tangrowth, F|404\/404
|-damage|p1a: Tangrowth|354\/404|[from] Stealth Rock
|move|p2a: Mienshao|High Jump Kick|p1a: Tangrowth|[miss]
|-miss|p2a: Mienshao|p1a: Tangrowth
|-damage|p2a: Mienshao|120\/271|[from] highjumpkick
|
|turn|15
|
|move|p2a: Mienshao|U-turn|p1a: Tangrowth
|-supereffective|p1a: Tangrowth
|-damage|p1a: Tangrowth|232\/404
|-damage|p2a: Mienshao|75\/271|[from] item: Rocky Helmet|[of] p1a: Tangrowth
|-damage|p2a: Mienshao|48\/271|[from] item: Life Orb
|
|switch|p2a: Celebi|Celebi|188\/404
|-damage|p2a: Celebi|138\/404|[from] Stealth Rock
|move|p1a: Tangrowth|Giga Drain|p2a: Celebi
|-resisted|p2a: Celebi
|-damage|p2a: Celebi|102\/404
|-heal|p1a: Tangrowth|250\/404|[from] drain|[of] p2a: Celebi
|
|turn|16
|
|switch|p1a: Crobat|Crobat, M|360\/373
|-damage|p1a: Crobat|267\/373|[from] Stealth Rock
|move|p2a: Celebi|Recover|p2a: Celebi
|-heal|p2a: Celebi|304\/404
|
|-heal|p1a: Crobat|290\/373|[from] item: Black Sludge
|turn|17
|
|switch|p2a: Jirachi|Jirachi|216\/341
|-damage|p2a: Jirachi|195\/341|[from] Stealth Rock
|move|p1a: Crobat|Defog|p2a: Jirachi
|-unboost|p2a: Jirachi|evasion|1
|-sideend|p2: Teodoro Tales|Stealth Rock|[from] move: Defog|[of] p2a: Jirachi
|-sideend|p1: mliok|Stealth Rock|[from] move: Defog|[of] p1a: Crobat
|
|-heal|p1a: Crobat|313\/373|[from] item: Black Sludge
|turn|18
|
|switch|p1a: Ampharos|Ampharos-Mega, F, shiny|384\/384
|-ability|p1a: Ampharos|Mold Breaker
|move|p2a: Jirachi|Trick|p1a: Ampharos
|-fail|p1a: Ampharos
|
|turn|19
|
|move|p2a: Jirachi|Trick|p1a: Ampharos
|-fail|p1a: Ampharos
|move|p1a: Ampharos|Volt Switch|p2a: Jirachi
|-damage|p2a: Jirachi|62\/341
|
|switch|p1a: Toxicroak|Toxicroak, M|186\/307
|
|turn|20
|
|move|p2a: Jirachi|Trick|p1a: Toxicroak
|-activate|p2a: Jirachi|move: Trick|[of] p1a: Toxicroak
|-item|p1a: Toxicroak|Choice Scarf|[from] move: Trick
|-item|p2a: Jirachi|Life Orb|[from] move: Trick
|move|p1a: Toxicroak|Drain Punch|p2a: Jirachi
|-damage|p2a: Jirachi|0 fnt
|-heal|p1a: Toxicroak|217\/307|[from] drain|[of] p2a: Jirachi
|faint|p2a: Jirachi
|
|c|âmliok|thanks
|
|switch|p2a: Raikou|Raikou|322\/322
|-ability|p2a: Raikou|Pressure
|turn|21
|
|switch|p1a: Ampharos|Ampharos-Mega, F, shiny|384\/384
|-ability|p1a: Ampharos|Mold Breaker
|move|p2a: Raikou|Extrasensory|p1a: Ampharos
|-damage|p1a: Ampharos|309\/384
|
|turn|22
|
|move|p2a: Raikou|Extrasensory|p1a: Ampharos
|-damage|p1a: Ampharos|235\/384
|move|p1a: Ampharos|Volt Switch|p2a: Raikou
|-resisted|p2a: Raikou
|-damage|p2a: Raikou|263\/322
|
|switch|p1a: Milotic|Milotic, M|394\/394
|
|turn|23
|
|switch|p2a: Celebi|Celebi|304\/404
|move|p1a: Milotic|Toxic|p2a: Celebi|[miss]
|-miss|p1a: Milotic|p2a: Celebi
|
|turn|24
|
|move|p2a: Celebi|Stealth Rock|p1a: Milotic
|-sidestart|p1: mliok|move: Stealth Rock
|move|p1a: Milotic|Mirror Coat|p2a: Celebi
|-fail|p2a: Celebi
|
|turn|25
|
|move|p2a: Celebi|U-turn|p1a: Milotic
|-damage|p1a: Milotic|332\/394
|
|switch|p2a: Raikou|Raikou|263\/322
|-ability|p2a: Raikou|Pressure
|move|p1a: Milotic|Toxic|p2a: Raikou
|-status|p2a: Raikou|tox
|
|-heal|p1a: Milotic|356\/394|[from] item: Leftovers
|-damage|p2a: Raikou|243\/322 tox|[from] psn
|turn|26
|
|move|p2a: Raikou|Volt Switch|p1a: Milotic
|-supereffective|p1a: Milotic
|-damage|p1a: Milotic|222\/394
|
|switch|p2a: Celebi|Celebi|304\/404
|move|p1a: Milotic|Mirror Coat|p2a: Celebi
|-damage|p2a: Celebi|36\/404
|
|-heal|p1a: Milotic|246\/394|[from] item: Leftovers
|turn|27
|
|switch|p1a: Toxicroak|Toxicroak, M|217\/307
|-damage|p1a: Toxicroak|198\/307|[from] Stealth Rock
|move|p2a: Celebi|Recover|p2a: Celebi
|-heal|p2a: Celebi|238\/404
|
|turn|28
|
|switch|p2a: Diancie|Diancie-Mega|123\/241
|move|p1a: Toxicroak|Gunk Shot|p2a: Diancie|[miss]
|-miss|p1a: Toxicroak|p2a: Diancie
|
|turn|29
|
|switch|p2a: Raikou|Raikou|243\/322 tox
|-ability|p2a: Raikou|Pressure
|move|p1a: Toxicroak|Gunk Shot|p2a: Raikou
|-damage|p2a: Raikou|0 fnt
|faint|p2a: Raikou
|
|
|switch|p2a: Mienshao|Mienshao, M|138\/271
|turn|30
|
|switch|p1a: Crobat|Crobat, M|313\/373
|-damage|p1a: Crobat|220\/373|[from] Stealth Rock
|move|p2a: Mienshao|High Jump Kick|p1a: Crobat
|-resisted|p1a: Crobat
|-damage|p1a: Crobat|130\/373
|-damage|p2a: Mienshao|111\/271|[from] item: Life Orb
|
|-heal|p1a: Crobat|153\/373|[from] item: Black Sludge
|turn|31
|-message|Teodoro Tales forfeited.
|
|win|mliok
|raw|Ladder updating...
|leave|Teodoro Tales
|player|p2
|raw|mliok's rating: 1402 &rarr; <strong>1417<\/strong><br \/>(+15 for winning)
|raw|Teodoro Tales's rating: 1323 &rarr; <strong>1307<\/strong><br \/>(-16 for losing)