|join|Fat Lenny
|join|mliok
|player|p1|Fat Lenny|242
|player|p2|mliok|101
|gametype|singles
|gen|6
|tier|UU
|rated
|rule|Sleep Clause Mod: Limit one foe put to sleep
|rule|Species Clause: Limit one of each PokÃ©mon
|rule|OHKO Clause: OHKO moves are banned
|rule|Moody Clause: Moody is banned
|rule|Evasion Moves Clause: Evasion moves are banned
|rule|Endless Battle Clause: Forcing endless battles is banned
|rule|HP Percentage Mod: HP is shown in percentages
|clearpoke
|poke|p1|Gallade, M
|poke|p1|Jirachi
|poke|p1|Zygarde
|poke|p1|Nidoqueen, F
|poke|p1|Hydreigon, F
|poke|p1|Rotom-Heat
|poke|p2|Tangrowth, F
|poke|p2|Milotic, M
|poke|p2|Toxicroak, M
|poke|p2|Jirachi
|poke|p2|Crobat, M
|poke|p2|Ampharos, F, shiny
|rule|Swagger Clause: Swagger is banned
|rule|Baton Pass Clause: Limit one PokÃ©mon knowing Baton Pass
|teampreview
|c|âmliok|gl
|c|âFat Lenny|hf
|
|start
|switch|p1a: Nidoqueen|Nidoqueen, F|366\/366
|switch|p2a: Penis snake|Milotic, M|394\/394
|turn|1
|
|switch|p1a: Hydreigon|Hydreigon, F|325\/325
|move|p2a: Penis snake|Scald|p1a: Hydreigon
|-resisted|p1a: Hydreigon
|-damage|p1a: Hydreigon|275\/325
|-status|p1a: Hydreigon|brn
|
|-damage|p1a: Hydreigon|235\/325 brn|[from] brn
|turn|2
|
|move|p1a: Hydreigon|Dark Pulse|p2a: Penis snake
|-damage|p2a: Penis snake|272\/394
|-damage|p1a: Hydreigon|203\/325 brn|[from] item: Life Orb
|cant|p2a: Penis snake|flinch
|
|-heal|p2a: Penis snake|296\/394|[from] item: Leftovers
|-damage|p1a: Hydreigon|163\/325 brn|[from] brn
|turn|3
|
|switch|p1a: Gallade|Gallade, M|277\/277
|move|p2a: Penis snake|Recover|p2a: Penis snake
|-heal|p2a: Penis snake|394\/394
|
|turn|4
|
|detailschange|p1a: Gallade|Gallade-Mega, M
|message|Gallade has Mega Evolved into Mega Gallade!
|move|p1a: Gallade|Swords Dance|p1a: Gallade
|-boost|p1a: Gallade|atk|2
|move|p2a: Penis snake|Toxic|p1a: Gallade
|-status|p1a: Gallade|tox
|
|-damage|p1a: Gallade|260\/277 tox|[from] psn
|turn|5
|
|switch|p2a: Penetrateur|Crobat, M|373\/373
|move|p1a: Gallade|Knock Off|p2a: Penetrateur
|-damage|p2a: Penetrateur|23\/373
|-enditem|p2a: Penetrateur|Black Sludge|[from] move: Knock Off|[of] p1a: Gallade
|
|-damage|p1a: Gallade|226\/277 tox|[from] psn
|turn|6
|
|switch|p2a: MaisMeurtBordel|Tangrowth, F|404\/404
|switch|p1a: Rotom-Heat|Rotom-Heat|241\/241
|
|turn|7
|
|switch|p2a: Loreal|Ampharos, F, shiny|384\/384
|move|p1a: Rotom-Heat|Will-O-Wisp|p2a: Loreal
|-status|p2a: Loreal|brn
|
|-damage|p2a: Loreal|336\/384 brn|[from] brn
|turn|8
|
|detailschange|p2a: Loreal|Ampharos-Mega, F, shiny
|message|Ampharos has Mega Evolved into Mega Ampharos!
|-ability|p2a: Loreal|Mold Breaker
|move|p1a: Rotom-Heat|Volt Switch|p2a: Loreal
|-resisted|p2a: Loreal
|-damage|p2a: Loreal|314\/384 brn
|
|switch|p1a: Jirachi|Jirachi|341\/341
|move|p2a: Loreal|Dragon Pulse|p1a: Jirachi
|-resisted|p1a: Jirachi
|-damage|p1a: Jirachi|260\/341
|
|-damage|p2a: Loreal|266\/384 brn|[from] brn
|turn|9
|
|move|p1a: Jirachi|U-turn|p2a: Loreal
|-damage|p2a: Loreal|219\/384 brn
|
|switch|p1a: Nidoqueen|Nidoqueen, F|366\/366
|move|p2a: Loreal|Rest|p2a: Loreal
|-status|p2a: Loreal|slp
|-heal|p2a: Loreal|384\/384 slp|[silent]
|-status|p2a: Loreal|slp|[from] move: Rest
|
|turn|10
|
|switch|p2a: Penetrateur|Crobat, M|23\/373
|move|p1a: Nidoqueen|Stealth Rock|p2a: Penetrateur
|-sidestart|p2: mliok|move: Stealth Rock
|
|turn|11
|
|move|p2a: Penetrateur|Defog|p1a: Nidoqueen
|-unboost|p1a: Nidoqueen|evasion|1
|-sideend|p2: mliok|Stealth Rock|[from] move: Defog|[of] p2a: Penetrateur
|move|p1a: Nidoqueen|Ice Beam|p2a: Penetrateur
|-supereffective|p2a: Penetrateur
|-damage|p2a: Penetrateur|0 fnt
|faint|p2a: Penetrateur
|
|
|switch|p2a: Penis snake|Milotic, M|394\/394
|turn|12
|
|switch|p1a: Hydreigon|Hydreigon, F|163\/325 brn
|move|p2a: Penis snake|Scald|p1a: Hydreigon
|-resisted|p1a: Hydreigon
|-damage|p1a: Hydreigon|107\/325 brn
|
|-damage|p1a: Hydreigon|67\/325 brn|[from] brn
|turn|13
|
|move|p1a: Hydreigon|Draco Meteor|p2a: Penis snake
|-damage|p2a: Penis snake|206\/394
|-unboost|p1a: Hydreigon|spa|2
|-damage|p1a: Hydreigon|35\/325 brn|[from] item: Life Orb
|move|p2a: Penis snake|Recover|p2a: Penis snake
|-heal|p2a: Penis snake|394\/394
|
|-damage|p1a: Hydreigon|0 fnt|[from] brn
|faint|p1a: Hydreigon
|
|switch|p1a: Gallade|Gallade-Mega, M|226\/277 tox
|turn|14
|
|switch|p2a: MaisMeurtBordel|Tangrowth, F|404\/404
|move|p1a: Gallade|Knock Off|p2a: MaisMeurtBordel
|-damage|p2a: MaisMeurtBordel|314\/404
|-damage|p1a: Gallade|180\/277 tox|[from] item: Rocky Helmet|[of] p2a: MaisMeurtBordel
|-enditem|p2a: MaisMeurtBordel|Rocky Helmet|[from] move: Knock Off|[of] p1a: Gallade
|
|-damage|p1a: Gallade|163\/277 tox|[from] psn
|turn|15
|
|switch|p1a: Nidoqueen|Nidoqueen, F|366\/366
|move|p2a: MaisMeurtBordel|Leech Seed|p1a: Nidoqueen|[miss]
|-miss|p2a: MaisMeurtBordel|p1a: Nidoqueen
|
|turn|16
|
|move|p1a: Nidoqueen|Stealth Rock|p2a: MaisMeurtBordel
|-sidestart|p2: mliok|move: Stealth Rock
|move|p2a: MaisMeurtBordel|Knock Off|p1a: Nidoqueen
|-damage|p1a: Nidoqueen|287\/366
|-enditem|p1a: Nidoqueen|Life Orb|[from] move: Knock Off|[of] p2a: MaisMeurtBordel
|
|turn|17
|
|switch|p2a: Penis snake|Milotic, M|394\/394
|-damage|p2a: Penis snake|345\/394|[from] Stealth Rock
|move|p1a: Nidoqueen|Sludge Wave|p2a: Penis snake
|-damage|p2a: Penis snake|242\/394
|
|-heal|p2a: Penis snake|266\/394|[from] item: Leftovers
|turn|18
|
|switch|p1a: Gallade|Gallade-Mega, M|163\/277 tox
|move|p2a: Penis snake|Mirror Coat|p1a: Gallade
|-fail|p1a: Gallade
|
|-heal|p2a: Penis snake|290\/394|[from] item: Leftovers
|-damage|p1a: Gallade|146\/277 tox|[from] psn
|turn|19
|
|switch|p1a: Rotom-Heat|Rotom-Heat|241\/241
|move|p2a: Penis snake|Scald|p1a: Rotom-Heat
|-supereffective|p1a: Rotom-Heat
|-damage|p1a: Rotom-Heat|73\/241
|
|-heal|p1a: Rotom-Heat|88\/241|[from] item: Leftovers
|-heal|p2a: Penis snake|314\/394|[from] item: Leftovers
|turn|20
|
|move|p1a: Rotom-Heat|Volt Switch|p2a: Penis snake
|-supereffective|p2a: Penis snake
|-damage|p2a: Penis snake|170\/394
|
|switch|p1a: Gallade|Gallade-Mega, M|146\/277 tox
|move|p2a: Penis snake|Mirror Coat|p1a: Gallade
|-damage|p1a: Gallade|0 fnt
|faint|p1a: Gallade
|
|-heal|p2a: Penis snake|194\/394|[from] item: Leftovers
|
|switch|p1a: Zygarde|Zygarde|358\/358
|-ability|p1a: Zygarde|Aura Break
|turn|21
|
|switch|p2a: MaisMeurtBordel|Tangrowth, F|404\/404
|-damage|p2a: MaisMeurtBordel|354\/404|[from] Stealth Rock
|move|p1a: Zygarde|Dragon Dance|p1a: Zygarde
|-boost|p1a: Zygarde|atk|1
|-boost|p1a: Zygarde|spe|1
|
|turn|22
|
|move|p1a: Zygarde|Outrage|p2a: MaisMeurtBordel
|-damage|p2a: MaisMeurtBordel|186\/404
|move|p2a: MaisMeurtBordel|Toxic|p1a: Zygarde|[miss]
|-miss|p2a: MaisMeurtBordel|p1a: Zygarde
|
|turn|23
|
|move|p1a: Zygarde|Outrage|p2a: MaisMeurtBordel
|-damage|p2a: MaisMeurtBordel|17\/404
|move|p2a: MaisMeurtBordel|Leech Seed|p1a: Zygarde
|-start|p1a: Zygarde|move: Leech Seed
|
|-damage|p1a: Zygarde|314\/358|[from] Leech Seed|[of] p2a: MaisMeurtBordel
|-heal|p2a: MaisMeurtBordel|61\/404|[silent]
|turn|24
|
|switch|p2a: Choppa|Jirachi|404\/404
|-damage|p2a: Choppa|379\/404|[from] Stealth Rock
|move|p1a: Zygarde|Outrage|p2a: Choppa
|-resisted|p2a: Choppa
|-damage|p2a: Choppa|220\/404
|
|-end|p1a: Zygarde|rampage
|-start|p1a: Zygarde|confusion
|-heal|p2a: Choppa|245\/404|[from] item: Leftovers
|-damage|p1a: Zygarde|270\/358|[from] Leech Seed|[of] p2a: Choppa
|-heal|p2a: Choppa|289\/404|[silent]
|-enditem|p1a: Zygarde|Lum Berry|[eat]
|-end|p1a: Zygarde|confusion
|turn|25
|
|switch|p1a: Rotom-Heat|Rotom-Heat|88\/241
|switch|p2a: MaisMeurtBordel|Tangrowth, F|195\/404
|-damage|p2a: MaisMeurtBordel|145\/404|[from] Stealth Rock
|
|-heal|p1a: Rotom-Heat|103\/241|[from] item: Leftovers
|turn|26
|
|switch|p2a: Loreal|Ampharos-Mega, F, shiny|384\/384 slp
|-damage|p2a: Loreal|336\/384 slp|[from] Stealth Rock
|-ability|p2a: Loreal|Mold Breaker
|move|p1a: Rotom-Heat|Volt Switch|p2a: Loreal
|-resisted|p2a: Loreal
|-damage|p2a: Loreal|310\/384 slp
|
|switch|p1a: Nidoqueen|Nidoqueen, F|287\/366
|
|turn|27
|
|move|p1a: Nidoqueen|Sludge Wave|p2a: Loreal
|-damage|p2a: Loreal|141\/384 slp
|cant|p2a: Loreal|slp
|move|p2a: Loreal|Sleep Talk|p2a: Loreal
|move|p2a: Loreal|Dragon Pulse|p1a: Nidoqueen|[from]Sleep Talk
|-damage|p1a: Nidoqueen|124\/366
|
|turn|28
|
|move|p1a: Nidoqueen|Sludge Wave|p2a: Loreal
|-damage|p2a: Loreal|0 fnt
|faint|p2a: Loreal
|
|
|switch|p2a: Penis snake|Milotic, M|194\/394
|-damage|p2a: Penis snake|145\/394|[from] Stealth Rock
|turn|29
|
|switch|p1a: Rotom-Heat|Rotom-Heat|103\/241
|move|p2a: Penis snake|Recover|p2a: Penis snake
|-heal|p2a: Penis snake|342\/394
|
|-heal|p1a: Rotom-Heat|118\/241|[from] item: Leftovers
|-heal|p2a: Penis snake|366\/394|[from] item: Leftovers
|turn|30
|
|move|p1a: Rotom-Heat|Will-O-Wisp|p2a: Penis snake
|-status|p2a: Penis snake|brn
|move|p2a: Penis snake|Scald|p1a: Rotom-Heat
|-crit|p1a: Rotom-Heat
|-supereffective|p1a: Rotom-Heat
|-damage|p1a: Rotom-Heat|0 fnt
|faint|p1a: Rotom-Heat
|
|-heal|p2a: Penis snake|390\/394 brn|[from] item: Leftovers
|-damage|p2a: Penis snake|341\/394 brn|[from] brn
|
|switch|p1a: Zygarde|Zygarde|270\/358
|-ability|p1a: Zygarde|Aura Break
|turn|31
|
|move|p1a: Zygarde|Dragon Dance|p1a: Zygarde
|-boost|p1a: Zygarde|atk|1
|-boost|p1a: Zygarde|spe|1
|move|p2a: Penis snake|Toxic|p1a: Zygarde
|-status|p1a: Zygarde|tox
|
|-heal|p2a: Penis snake|365\/394 brn|[from] item: Leftovers
|-damage|p1a: Zygarde|248\/358 tox|[from] psn
|-damage|p2a: Penis snake|316\/394 brn|[from] brn
|turn|32
|
|move|p1a: Zygarde|Dragon Dance|p1a: Zygarde
|-boost|p1a: Zygarde|atk|1
|-boost|p1a: Zygarde|spe|1
|move|p2a: Penis snake|Scald|p1a: Zygarde
|-damage|p1a: Zygarde|152\/358 tox
|
|-heal|p2a: Penis snake|340\/394 brn|[from] item: Leftovers
|-damage|p1a: Zygarde|108\/358 tox|[from] psn
|-damage|p2a: Penis snake|291\/394 brn|[from] brn
|turn|33
|
|move|p1a: Zygarde|Earthquake|p2a: Penis snake
|-damage|p2a: Penis snake|38\/394 brn
|move|p2a: Penis snake|Recover|p2a: Penis snake
|-heal|p2a: Penis snake|235\/394 brn
|
|-heal|p2a: Penis snake|259\/394 brn|[from] item: Leftovers
|-damage|p1a: Zygarde|42\/358 tox|[from] psn
|-damage|p2a: Penis snake|210\/394 brn|[from] brn
|turn|34
|
|switch|p1a: Jirachi|Jirachi|260\/341
|switch|p2a: Choppa|Jirachi|289\/404
|-damage|p2a: Choppa|264\/404|[from] Stealth Rock
|
|-heal|p2a: Choppa|289\/404|[from] item: Leftovers
|turn|35
|
|move|p1a: Jirachi|Healing Wish|p1a: Jirachi
|faint|p1a: Jirachi
|move|p2a: Choppa|Thunder Wave|p1: Jirachi|[notarget]
|-notarget
|
|-heal|p2a: Choppa|314\/404|[from] item: Leftovers
|
|switch|p1a: Zygarde|Zygarde|42\/358 tox
|-heal|p1a: Zygarde|358\/358|[from] move: Healing Wish
|-ability|p1a: Zygarde|Aura Break
|turn|36
|
|switch|p2a: MaisMeurtBordel|Tangrowth, F|279\/404
|-damage|p2a: MaisMeurtBordel|229\/404|[from] Stealth Rock
|move|p1a: Zygarde|Dragon Dance|p1a: Zygarde
|-boost|p1a: Zygarde|atk|1
|-boost|p1a: Zygarde|spe|1
|
|turn|37
|
|move|p1a: Zygarde|Outrage|p2a: MaisMeurtBordel
|-damage|p2a: MaisMeurtBordel|37\/404
|move|p2a: MaisMeurtBordel|Toxic|p1a: Zygarde
|-status|p1a: Zygarde|tox
|
|-damage|p1a: Zygarde|336\/358 tox|[from] psn
|turn|38
|
|switch|p2a: Choppa|Jirachi|314\/404
|-damage|p2a: Choppa|289\/404|[from] Stealth Rock
|move|p1a: Zygarde|Outrage|p2a: Choppa
|-resisted|p2a: Choppa
|-damage|p2a: Choppa|145\/404
|
|-heal|p2a: Choppa|170\/404|[from] item: Leftovers
|-damage|p1a: Zygarde|292\/358 tox|[from] psn
|turn|39
|
|move|p1a: Zygarde|Outrage|p2a: Choppa
|-resisted|p2a: Choppa
|-damage|p2a: Choppa|21\/404
|move|p2a: Choppa|Iron Head|p1a: Zygarde
|-damage|p1a: Zygarde|207\/358 tox
|
|-end|p1a: Zygarde|rampage
|-start|p1a: Zygarde|confusion
|-heal|p2a: Choppa|46\/404|[from] item: Leftovers
|-damage|p1a: Zygarde|141\/358 tox|[from] psn
|turn|40
|
|-activate|p1a: Zygarde|confusion
|move|p1a: Zygarde|Earthquake|p2a: Choppa
|-supereffective|p2a: Choppa
|-damage|p2a: Choppa|0 fnt
|faint|p2a: Choppa
|
|-damage|p1a: Zygarde|53\/358 tox|[from] psn
|
|switch|p2a: MaisMeurtBordel|Tangrowth, F|171\/404
|-damage|p2a: MaisMeurtBordel|121\/404|[from] Stealth Rock
|turn|41
|
|-activate|p1a: Zygarde|confusion
|-damage|p1a: Zygarde|0 fnt|[from] confusion
|faint|p1a: Zygarde
|move|p2a: MaisMeurtBordel|Giga Drain|p1: Zygarde|[notarget]
|-notarget
|
|
|switch|p1a: Nidoqueen|Nidoqueen, F|124\/366
|turn|42
|
|move|p1a: Nidoqueen|Sludge Wave|p2a: MaisMeurtBordel
|-supereffective|p2a: MaisMeurtBordel
|-damage|p2a: MaisMeurtBordel|0 fnt
|faint|p2a: MaisMeurtBordel
|
|
|switch|p2a: Eldemenageur|Toxicroak, M|307\/307
|-damage|p2a: Eldemenageur|288\/307|[from] Stealth Rock
|turn|43
|
|move|p2a: Eldemenageur|Sucker Punch|p1a: Nidoqueen
|-damage|p1a: Nidoqueen|0 fnt
|-damage|p2a: Eldemenageur|258\/307|[from] item: Life Orb
|faint|p1a: Nidoqueen
|
|win|mliok
|raw|Ladder updating...
|raw|Fat Lenny's rating: 1451 &rarr; <strong>1434<\/strong><br \/>(-17 for losing)
|raw|mliok's rating: 1505 &rarr; <strong>1522<\/strong><br \/>(+17 for winning)