|join|The Clean Bandit
|join|mliok
|player|p1|The Clean Bandit|252
|player|p2|mliok|266
|gametype|singles
|gen|6
|tier|UU
|rated
|rule|Sleep Clause Mod: Limit one foe put to sleep
|rule|Species Clause: Limit one of each PokÃ©mon
|rule|OHKO Clause: OHKO moves are banned
|rule|Moody Clause: Moody is banned
|rule|Evasion Moves Clause: Evasion moves are banned
|rule|Endless Battle Clause: Forcing endless battles is banned
|rule|HP Percentage Mod: HP is shown in percentages
|clearpoke
|poke|p1|Sharpedo, F
|poke|p1|Zygarde
|poke|p1|Jirachi
|poke|p1|Suicune
|poke|p1|Altaria, M
|poke|p1|Gligar, F
|poke|p2|Ampharos, F
|poke|p2|Jirachi
|poke|p2|Milotic, M
|poke|p2|Tangrowth, M
|poke|p2|Crobat, M
|poke|p2|Toxicroak, F
|rule|Swagger Clause: Swagger is banned
|rule|Baton Pass Clause: Limit one PokÃ©mon knowing Baton Pass
|teampreview
|
|start
|switch|p1a: Jirachi|Jirachi|341\/341
|switch|p2a: Milotic|Milotic, M|393\/393
|turn|1
|join|The DragonKnight
|
|switch|p2a: Ampharos|Ampharos, F|383\/383
|move|p1a: Jirachi|Grass Knot|p2a: Ampharos
|-damage|p2a: Ampharos|293\/383
|
|turn|2
|
|detailschange|p2a: Ampharos|Ampharos-Mega, F
|message|Ampharos has Mega Evolved into Mega Ampharos!
|-ability|p2a: Ampharos|Mold Breaker
|move|p1a: Jirachi|Psychic|p2a: Ampharos
|-damage|p2a: Ampharos|167\/383
|move|p2a: Ampharos|Dragon Pulse|p1a: Jirachi
|-resisted|p1a: Jirachi
|-damage|p1a: Jirachi|260\/341
|
|-heal|p1a: Jirachi|281\/341|[from] item: Leftovers
|turn|3
|
|move|p1a: Jirachi|Stealth Rock|p2a: Ampharos
|-sidestart|p2: mliok|move: Stealth Rock
|move|p2a: Ampharos|Rest|p2a: Ampharos
|-status|p2a: Ampharos|slp
|-heal|p2a: Ampharos|383\/383 slp|[silent]
|-status|p2a: Ampharos|slp|[from] move: Rest
|
|-heal|p1a: Jirachi|302\/341|[from] item: Leftovers
|turn|4
|
|move|p1a: Jirachi|Psychic|p2a: Ampharos
|-damage|p2a: Ampharos|259\/383 slp
|cant|p2a: Ampharos|slp
|move|p2a: Ampharos|Sleep Talk|p2a: Ampharos
|move|p2a: Ampharos|Dragon Pulse|p1a: Jirachi|[from]Sleep Talk
|-resisted|p1a: Jirachi
|-damage|p1a: Jirachi|230\/341
|
|-heal|p1a: Jirachi|251\/341|[from] item: Leftovers
|turn|5
|
|move|p1a: Jirachi|Psychic|p2a: Ampharos
|-damage|p2a: Ampharos|136\/383 slp
|cant|p2a: Ampharos|slp
|move|p2a: Ampharos|Sleep Talk|p2a: Ampharos
|move|p2a: Ampharos|Rest|p2a: Ampharos|[from]Sleep Talk
|-fail|p2a: Ampharos
|
|-heal|p1a: Jirachi|272\/341|[from] item: Leftovers
|turn|6
|
|switch|p1a: Zygarde|Zygarde|359\/359
|-ability|p1a: Zygarde|Aura Break
|-curestatus|p2a: Ampharos|slp
|move|p2a: Ampharos|Rest|p2a: Ampharos
|-status|p2a: Ampharos|slp
|-heal|p2a: Ampharos|383\/383 slp|[silent]
|-status|p2a: Ampharos|slp|[from] move: Rest
|
|turn|7
|
|switch|p1a: Jirachi|Jirachi|272\/341
|switch|p2a: Tangrowth|Tangrowth, M|403\/403
|-damage|p2a: Tangrowth|353\/403|[from] Stealth Rock
|
|-heal|p1a: Jirachi|293\/341|[from] item: Leftovers
|turn|8
|join|Dallaren
|
|move|p1a: Jirachi|Psychic|p2a: Tangrowth
|-damage|p2a: Tangrowth|107\/403
|-unboost|p2a: Tangrowth|spd|1
|move|p2a: Tangrowth|Knock Off|p1a: Jirachi
|-supereffective|p1a: Jirachi
|-damage|p1a: Jirachi|127\/341
|-enditem|p1a: Jirachi|Leftovers|[from] move: Knock Off|[of] p2a: Tangrowth
|
|turn|9
|
|switch|p2a: Milotic|Milotic, M|393\/393
|-damage|p2a: Milotic|344\/393|[from] Stealth Rock
|move|p1a: Jirachi|Psychic|p2a: Milotic
|-damage|p2a: Milotic|263\/393
|
|-heal|p2a: Milotic|287\/393|[from] item: Leftovers
|turn|10
|join|VoD Lochie
|
|move|p1a: Jirachi|Grass Knot|p2a: Milotic
|-supereffective|p2a: Milotic
|-damage|p2a: Milotic|153\/393
|move|p2a: Milotic|Mirror Coat|p1a: Jirachi
|-damage|p1a: Jirachi|0 fnt
|faint|p1a: Jirachi
|
|-heal|p2a: Milotic|177\/393|[from] item: Leftovers
|
|switch|p1a: Altaria|Altaria, M|291\/291
|turn|11
|
|switch|p2a: Jirachi|Jirachi|404\/404
|-damage|p2a: Jirachi|379\/404|[from] Stealth Rock
|detailschange|p1a: Altaria|Altaria-Mega, M
|message|Altaria has Mega Evolved into Mega Altaria!
|move|p1a: Altaria|Return|p2a: Jirachi
|-resisted|p2a: Jirachi
|-damage|p2a: Jirachi|262\/404
|
|-heal|p2a: Jirachi|287\/404|[from] item: Leftovers
|turn|12
|
|move|p1a: Altaria|Earthquake|p2a: Jirachi
|-supereffective|p2a: Jirachi
|-damage|p2a: Jirachi|67\/404
|move|p2a: Jirachi|Thunder Wave|p1a: Altaria
|-status|p1a: Altaria|par
|
|-heal|p2a: Jirachi|92\/404|[from] item: Leftovers
|turn|13
|
|switch|p1a: Gligar|Gligar, F|333\/333
|move|p2a: Jirachi|Iron Head|p1a: Gligar
|-damage|p1a: Gligar|282\/333
|
|-heal|p2a: Jirachi|117\/404|[from] item: Leftovers
|turn|14
|
|switch|p2a: Crobat|Crobat, M|373\/373
|-damage|p2a: Crobat|280\/373|[from] Stealth Rock
|move|p1a: Gligar|Swords Dance|p1a: Gligar
|-boost|p1a: Gligar|atk|2
|
|-heal|p2a: Crobat|303\/373|[from] item: Black Sludge
|turn|15
|
|move|p2a: Crobat|Defog|p1a: Gligar
|-unboost|p1a: Gligar|evasion|1
|-sideend|p2: mliok|Stealth Rock|[from] move: Defog|[of] p2a: Crobat
|move|p1a: Gligar|Baton Pass|p1a: Gligar
|
|switch|p1a: Zygarde|Zygarde|359\/359
|-ability|p1a: Zygarde|Aura Break
|
|-heal|p2a: Crobat|326\/373|[from] item: Black Sludge
|turn|16
|join|Prankster
|
|move|p2a: Crobat|Toxic|p1a: Zygarde
|-status|p1a: Zygarde|tox
|move|p1a: Zygarde|Dragon Dance|p1a: Zygarde
|-boost|p1a: Zygarde|atk|1
|-boost|p1a: Zygarde|spe|1
|
|-heal|p2a: Crobat|349\/373|[from] item: Black Sludge
|-damage|p1a: Zygarde|337\/359 tox|[from] psn
|turn|17
|
|switch|p2a: Tangrowth|Tangrowth, M|241\/403
|move|p1a: Zygarde|Extreme Speed|p2a: Tangrowth
|-damage|p2a: Tangrowth|64\/403
|-damage|p1a: Zygarde|278\/359 tox|[from] item: Rocky Helmet|[of] p2a: Tangrowth
|-damage|p1a: Zygarde|243\/359 tox|[from] item: Life Orb
|
|-damage|p1a: Zygarde|199\/359 tox|[from] psn
|turn|18
|
|switch|p2a: Crobat|Crobat, M|349\/373
|move|p1a: Zygarde|Earthquake|p2a: Crobat
|-immune|p2a: Crobat|[msg]
|
|-heal|p2a: Crobat|372\/373|[from] item: Black Sludge
|-damage|p1a: Zygarde|133\/359 tox|[from] psn
|turn|19
|
|move|p1a: Zygarde|Outrage|p2a: Crobat
|-damage|p2a: Crobat|0 fnt
|-damage|p1a: Zygarde|98\/359 tox|[from] item: Life Orb
|faint|p2a: Crobat
|
|-damage|p1a: Zygarde|10\/359 tox|[from] psn
|
|switch|p2a: Toxicroak|Toxicroak, F|307\/307
|turn|20
|
|move|p2a: Toxicroak|Sucker Punch|p1a: Zygarde
|-damage|p1a: Zygarde|0 fnt
|-damage|p2a: Toxicroak|277\/307|[from] item: Life Orb
|faint|p1a: Zygarde
|
|
|switch|p1a: Gligar|Gligar, F|282\/333
|turn|21
|
|switch|p2a: Tangrowth|Tangrowth, M|198\/403
|move|p1a: Gligar|Earthquake|p2a: Tangrowth
|-crit|p2a: Tangrowth
|-resisted|p2a: Tangrowth
|-damage|p2a: Tangrowth|155\/403
|
|turn|22
|
|switch|p1a: Altaria|Altaria-Mega, M|291\/291 par
|move|p2a: Tangrowth|Giga Drain|p1a: Altaria
|-resisted|p1a: Altaria
|-damage|p1a: Altaria|241\/291 par
|-heal|p2a: Tangrowth|180\/403|[from] drain|[of] p1a: Altaria
|
|turn|23
|
|switch|p2a: Milotic|Milotic, M|177\/393
|cant|p1a: Altaria|par
|
|-heal|p2a: Milotic|201\/393|[from] item: Leftovers
|turn|24
|
|move|p2a: Milotic|Recover|p2a: Milotic
|-heal|p2a: Milotic|393\/393
|move|p1a: Altaria|Dragon Dance|p1a: Altaria
|-boost|p1a: Altaria|atk|1
|-boost|p1a: Altaria|spe|1
|
|turn|25
|
|switch|p2a: Tangrowth|Tangrowth, M|314\/403
|move|p1a: Altaria|Return|p2a: Tangrowth
|-damage|p2a: Tangrowth|103\/403
|-damage|p1a: Altaria|193\/291 par|[from] item: Rocky Helmet|[of] p2a: Tangrowth
|
|turn|26
|
|switch|p2a: Milotic|Milotic, M|393\/393
|cant|p1a: Altaria|par
|
|turn|27
|
|switch|p2a: Tangrowth|Tangrowth, M|237\/403
|move|p1a: Altaria|Return|p2a: Tangrowth
|-damage|p2a: Tangrowth|15\/403
|-damage|p1a: Altaria|145\/291 par|[from] item: Rocky Helmet|[of] p2a: Tangrowth
|
|turn|28
|
|switch|p2a: Milotic|Milotic, M|393\/393
|move|p1a: Altaria|Return|p2a: Milotic
|-damage|p2a: Milotic|0 fnt
|faint|p2a: Milotic
|
|
|switch|p2a: Jirachi|Jirachi|117\/404
|turn|29
|
|switch|p1a: Sharpedo|Sharpedo, F|281\/281
|move|p2a: Jirachi|Iron Head|p1a: Sharpedo
|-crit|p1a: Sharpedo
|-resisted|p1a: Sharpedo
|-damage|p1a: Sharpedo|126\/281
|
|-heal|p2a: Jirachi|142\/404|[from] item: Leftovers
|turn|30
|
|switch|p2a: Tangrowth|Tangrowth, M|149\/403
|move|p1a: Sharpedo|Crunch|p2a: Tangrowth
|-damage|p2a: Tangrowth|32\/403
|-damage|p1a: Sharpedo|80\/281|[from] item: Rocky Helmet|[of] p2a: Tangrowth
|-damage|p1a: Sharpedo|52\/281|[from] item: Life Orb
|
|-boost|p1a: Sharpedo|spe|1|[from] ability: Speed Boost
|turn|31
|
|switch|p2a: Jirachi|Jirachi|142\/404
|move|p1a: Sharpedo|Crunch|p2a: Jirachi
|-supereffective|p2a: Jirachi
|-damage|p2a: Jirachi|0 fnt
|-damage|p1a: Sharpedo|24\/281|[from] item: Life Orb
|faint|p2a: Jirachi
|
|-boost|p1a: Sharpedo|spe|1|[from] ability: Speed Boost
|
|switch|p2a: Toxicroak|Toxicroak, F|277\/307
|turn|32
|
|move|p2a: Toxicroak|Sucker Punch|p1a: Sharpedo
|-resisted|p1a: Sharpedo
|-damage|p1a: Sharpedo|0 fnt
|-damage|p2a: Toxicroak|247\/307|[from] item: Life Orb
|faint|p1a: Sharpedo
|
|
|switch|p1a: Gligar|Gligar, F|282\/333
|turn|33
|
|switch|p2a: Tangrowth|Tangrowth, M|166\/403
|move|p1a: Gligar|Earthquake|p2a: Tangrowth
|-resisted|p2a: Tangrowth
|-damage|p2a: Tangrowth|136\/403
|
|turn|34
|
|switch|p1a: Altaria|Altaria-Mega, M|145\/291 par
|move|p2a: Tangrowth|Leech Seed|p1a: Altaria
|-start|p1a: Altaria|move: Leech Seed
|
|-damage|p1a: Altaria|109\/291 par|[from] Leech Seed|[of] p2a: Tangrowth
|-heal|p2a: Tangrowth|172\/403|[silent]
|turn|35
|
|move|p2a: Tangrowth|Giga Drain|p1a: Altaria
|-crit|p1a: Altaria
|-resisted|p1a: Altaria
|-damage|p1a: Altaria|42\/291 par
|-heal|p2a: Tangrowth|206\/403|[from] drain|[of] p1a: Altaria
|move|p1a: Altaria|Roost|p1a: Altaria
|-heal|p1a: Altaria|188\/291 par
|
|-damage|p1a: Altaria|152\/291 par|[from] Leech Seed|[of] p2a: Tangrowth
|-heal|p2a: Tangrowth|242\/403|[silent]
|turn|36
|
|switch|p2a: Toxicroak|Toxicroak, F|247\/307
|move|p1a: Altaria|Roost|p1a: Altaria
|-heal|p1a: Altaria|291\/291 par
|
|-damage|p1a: Altaria|255\/291 par|[from] Leech Seed|[of] p2a: Toxicroak
|-heal|p2a: Toxicroak|283\/307|[silent]
|turn|37
|
|switch|p1a: Gligar|Gligar, F|282\/333
|move|p2a: Toxicroak|Gunk Shot|p1a: Gligar
|-resisted|p1a: Gligar
|-damage|p1a: Gligar|201\/333
|-damage|p2a: Toxicroak|253\/307|[from] item: Life Orb
|
|turn|38
|
|switch|p2a: Tangrowth|Tangrowth, M|376\/403
|move|p1a: Gligar|Swords Dance|p1a: Gligar
|-boost|p1a: Gligar|atk|2
|
|turn|39
|join|Wruce Bayne
|
|switch|p2a: Toxicroak|Toxicroak, F|253\/307
|move|p1a: Gligar|Baton Pass|p1a: Gligar
|
|switch|p1a: Altaria|Altaria-Mega, M|255\/291 par
|
|turn|40
|
|switch|p1a: Gligar|Gligar, F|201\/333
|move|p2a: Toxicroak|Gunk Shot|p1a: Gligar
|-resisted|p1a: Gligar
|-damage|p1a: Gligar|123\/333
|-damage|p2a: Toxicroak|223\/307|[from] item: Life Orb
|
|turn|41
|
|switch|p2a: Tangrowth|Tangrowth, M|403\/403
|move|p1a: Gligar|Roost|p1a: Gligar
|-heal|p1a: Gligar|290\/333
|
|turn|42
|
|switch|p1a: Altaria|Altaria-Mega, M|255\/291 par
|move|p2a: Tangrowth|Knock Off|p1a: Altaria
|-resisted|p1a: Altaria
|-damage|p1a: Altaria|231\/291 par
|
|turn|43
|
|move|p2a: Tangrowth|Leech Seed|p1a: Altaria
|-start|p1a: Altaria|move: Leech Seed
|cant|p1a: Altaria|par
|
|-damage|p1a: Altaria|195\/291 par|[from] Leech Seed|[of] p2a: Tangrowth
|turn|44
|
|move|p2a: Tangrowth|Giga Drain|p1a: Altaria
|-resisted|p1a: Altaria
|-damage|p1a: Altaria|147\/291 par
|move|p1a: Altaria|Roost|p1a: Altaria
|-heal|p1a: Altaria|291\/291 par
|
|-damage|p1a: Altaria|255\/291 par|[from] Leech Seed|[of] p2a: Tangrowth
|turn|45
|
|switch|p2a: Toxicroak|Toxicroak, F|223\/307
|move|p1a: Altaria|Dragon Dance|p1a: Altaria
|-boost|p1a: Altaria|atk|1
|-boost|p1a: Altaria|spe|1
|
|-damage|p1a: Altaria|219\/291 par|[from] Leech Seed|[of] p2a: Toxicroak
|-heal|p2a: Toxicroak|259\/307|[silent]
|turn|46
|
|switch|p2a: Tangrowth|Tangrowth, M|403\/403
|switch|p1a: Gligar|Gligar, F|290\/333
|
|turn|47
|
|switch|p1a: Altaria|Altaria-Mega, M|219\/291 par
|move|p2a: Tangrowth|Leech Seed|p1a: Altaria
|-start|p1a: Altaria|move: Leech Seed
|
|-damage|p1a: Altaria|183\/291 par|[from] Leech Seed|[of] p2a: Tangrowth
|turn|48
|
|move|p2a: Tangrowth|Leech Seed|p1a: Altaria
|-fail|p1a: Altaria
|cant|p1a: Altaria|par
|
|-damage|p1a: Altaria|147\/291 par|[from] Leech Seed|[of] p2a: Tangrowth
|turn|49
|
|move|p2a: Tangrowth|Giga Drain|p1a: Altaria
|-resisted|p1a: Altaria
|-damage|p1a: Altaria|101\/291 par
|move|p1a: Altaria|Roost|p1a: Altaria
|-heal|p1a: Altaria|247\/291 par
|
|-damage|p1a: Altaria|211\/291 par|[from] Leech Seed|[of] p2a: Tangrowth
|turn|50
|
|switch|p1a: Gligar|Gligar, F|290\/333
|move|p2a: Tangrowth|Giga Drain|p1a: Gligar
|-damage|p1a: Gligar|224\/333
|
|turn|51
|
|switch|p1a: Altaria|Altaria-Mega, M|211\/291 par
|move|p2a: Tangrowth|Leech Seed|p1a: Altaria
|-start|p1a: Altaria|move: Leech Seed
|
|-damage|p1a: Altaria|175\/291 par|[from] Leech Seed|[of] p2a: Tangrowth
|turn|52
|
|move|p2a: Tangrowth|Giga Drain|p1a: Altaria
|-resisted|p1a: Altaria
|-damage|p1a: Altaria|128\/291 par
|cant|p1a: Altaria|par
|
|-damage|p1a: Altaria|92\/291 par|[from] Leech Seed|[of] p2a: Tangrowth
|turn|53
|
|move|p2a: Tangrowth|Giga Drain|p1a: Altaria
|-resisted|p1a: Altaria
|-damage|p1a: Altaria|44\/291 par
|cant|p1a: Altaria|par
|
|-damage|p1a: Altaria|8\/291 par|[from] Leech Seed|[of] p2a: Tangrowth
|turn|54
|
|switch|p1a: Suicune|Suicune|404\/404
|-ability|p1a: Suicune|Pressure
|move|p2a: Tangrowth|Giga Drain|p1a: Suicune
|-supereffective|p1a: Suicune
|-damage|p1a: Suicune|246\/404
|
|-heal|p1a: Suicune|271\/404|[from] item: Leftovers
|turn|55
|
|switch|p2a: Toxicroak|Toxicroak, F|259\/307
|move|p1a: Suicune|Substitute|p1a: Suicune
|-start|p1a: Suicune|Substitute
|-damage|p1a: Suicune|170\/404
|
|-heal|p1a: Suicune|195\/404|[from] item: Leftovers
|turn|56
|
|move|p2a: Toxicroak|Drain Punch|p1a: Suicune
|-end|p1a: Suicune|Substitute
|-heal|p2a: Toxicroak|307\/307|[from] drain|[of] p1a: Suicune
|-damage|p2a: Toxicroak|277\/307|[from] item: Life Orb
|move|p1a: Suicune|Calm Mind|p1a: Suicune
|-boost|p1a: Suicune|spa|1
|-boost|p1a: Suicune|spd|1
|
|-heal|p1a: Suicune|220\/404|[from] item: Leftovers
|turn|57
|
|move|p2a: Toxicroak|Gunk Shot|p1a: Suicune|[miss]
|-miss|p2a: Toxicroak|p1a: Suicune
|move|p1a: Suicune|Roar|p2a: Toxicroak
|drag|p2a: Tangrowth|Tangrowth, M|403\/403
|
|-heal|p1a: Suicune|245\/404|[from] item: Leftovers
|turn|58
|
|move|p1a: Suicune|Calm Mind|p1a: Suicune
|-boost|p1a: Suicune|spa|1
|-boost|p1a: Suicune|spd|1
|move|p2a: Tangrowth|Leech Seed|p1a: Suicune
|-start|p1a: Suicune|move: Leech Seed
|
|-heal|p1a: Suicune|270\/404|[from] item: Leftovers
|-damage|p1a: Suicune|220\/404|[from] Leech Seed|[of] p2a: Tangrowth
|turn|59
|
|switch|p1a: Gligar|Gligar, F|224\/333
|switch|p2a: Toxicroak|Toxicroak, F|277\/307
|
|turn|60
|
|switch|p2a: Tangrowth|Tangrowth, M|403\/403
|move|p1a: Gligar|Swords Dance|p1a: Gligar
|-boost|p1a: Gligar|atk|2
|
|turn|61
|
|move|p1a: Gligar|Swords Dance|p1a: Gligar
|-boost|p1a: Gligar|atk|2
|move|p2a: Tangrowth|Leech Seed|p1a: Gligar
|-start|p1a: Gligar|move: Leech Seed
|
|-damage|p1a: Gligar|183\/333|[from] Leech Seed|[of] p2a: Tangrowth
|turn|62
|
|move|p1a: Gligar|Swords Dance|p1a: Gligar
|-boost|p1a: Gligar|atk|2
|move|p2a: Tangrowth|Giga Drain|p1a: Gligar
|-damage|p1a: Gligar|116\/333
|
|-damage|p1a: Gligar|75\/333|[from] Leech Seed|[of] p2a: Tangrowth
|turn|63
|
|move|p1a: Gligar|Roost|p1a: Gligar
|-heal|p1a: Gligar|242\/333
|move|p2a: Tangrowth|Giga Drain|p1a: Gligar
|-crit|p1a: Gligar
|-supereffective|p1a: Gligar
|-damage|p1a: Gligar|54\/333
|
|-damage|p1a: Gligar|13\/333|[from] Leech Seed|[of] p2a: Tangrowth
|turn|64
|
|move|p1a: Gligar|Roost|p1a: Gligar
|-heal|p1a: Gligar|180\/333
|move|p2a: Tangrowth|Knock Off|p1a: Gligar
|-damage|p1a: Gligar|132\/333
|-enditem|p1a: Gligar|Eviolite|[from] move: Knock Off|[of] p2a: Tangrowth
|
|-damage|p1a: Gligar|91\/333|[from] Leech Seed|[of] p2a: Tangrowth
|turn|65
|-message|The Clean Bandit forfeited.
|
|win|mliok
|raw|Ladder updating...
|leave|The Clean Bandit
|player|p1
|raw|The Clean Bandit's rating: 1617 &rarr; <strong>1590<\/strong><br \/>(-27 for losing)
|raw|mliok's rating: 1482 &rarr; <strong>1510<\/strong><br \/>(+28 for winning)
|leave|Wruce Bayne