|join|notr0ady
|join|Mliok
|player|p1|notr0ady|142
|player|p2|Mliok|2
|gametype|singles
|gen|6
|tier|UU
|rated
|rule|Sleep Clause Mod: Limit one foe put to sleep
|rule|Species Clause: Limit one of each PokÃ©mon
|rule|OHKO Clause: OHKO moves are banned
|rule|Moody Clause: Moody is banned
|rule|Evasion Moves Clause: Evasion moves are banned
|rule|Endless Battle Clause: Forcing endless battles is banned
|rule|HP Percentage Mod: HP is shown in percentages
|clearpoke
|poke|p1|Gallade, M
|poke|p1|Bronzong
|poke|p1|Kingdra, M
|poke|p1|Entei, shiny
|poke|p1|Crobat, M
|poke|p1|Raikou
|poke|p2|Sceptile, M
|poke|p2|Empoleon, M
|poke|p2|Chandelure, M
|poke|p2|Florges, F
|poke|p2|Hippowdon, M
|poke|p2|Haxorus, F
|rule|Swagger Clause: Swagger is banned
|rule|Baton Pass Clause: Limit one PokÃ©mon knowing Baton Pass
|teampreview
|c|ânotr0ady|gl
|join|YeLLoW SKaRMoRY
|leave|YeLLoW SKaRMoRY
|c|ânotr0ady|holy shit im so hippo weak
|
|start
|switch|p1a: Kingdra|Kingdra, M|291\/291
|switch|p2a: Hippowdon|Hippowdon, M|420\/420
|-weather|Sandstorm
|turn|1
|
|switch|p1a: Gallade|Gallade, M|277\/277
|switch|p2a: Empoleon|Empoleon, M|372\/372
|
|-weather|Sandstorm|[upkeep]
|-damage|p1a: Gallade|260\/277|[from] sandstorm
|turn|2
|
|switch|p2a: Hippowdon|Hippowdon, M|420\/420
|detailschange|p1a: Gallade|Gallade-Mega, M
|message|Gallade has Mega Evolved into Mega Gallade!
|move|p1a: Gallade|Knock Off|p2a: Hippowdon
|-damage|p2a: Hippowdon|336\/420
|-enditem|p2a: Hippowdon|Leftovers|[from] move: Knock Off|[of] p1a: Gallade
|
|-weather|Sandstorm|[upkeep]
|-damage|p1a: Gallade|243\/277|[from] sandstorm
|turn|3
|
|move|p1a: Gallade|Swords Dance|p1a: Gallade
|-boost|p1a: Gallade|atk|2
|move|p2a: Hippowdon|Earthquake|p1a: Gallade
|-damage|p1a: Gallade|113\/277
|
|-weather|Sandstorm|[upkeep]
|-damage|p1a: Gallade|96\/277|[from] sandstorm
|turn|4
|
|move|p1a: Gallade|Close Combat|p2a: Hippowdon
|-damage|p2a: Hippowdon|32\/420
|-unboost|p1a: Gallade|def|1
|-unboost|p1a: Gallade|spd|1
|move|p2a: Hippowdon|Earthquake|p1a: Gallade
|-damage|p1a: Gallade|0 fnt
|faint|p1a: Gallade
|
|-weather|Sandstorm|[upkeep]
|c|ânotr0ady|it fucking ,lived
|c|ânotr0ady|jesus christ
|
|switch|p1a: Crobat|Crobat, M|374\/374
|turn|5
|
|switch|p2a: Empoleon|Empoleon, M|372\/372
|move|p1a: Crobat|Brave Bird|p2a: Empoleon
|-resisted|p2a: Empoleon
|-damage|p2a: Empoleon|300\/372
|-damage|p1a: Crobat|350\/374|[from] recoil|[of] p2a: Empoleon
|
|-weather|none
|-heal|p2a: Empoleon|323\/372|[from] item: Leftovers
|turn|6
|
|move|p1a: Crobat|U-turn|p2a: Empoleon
|-resisted|p2a: Empoleon
|-damage|p2a: Empoleon|293\/372
|
|switch|p1a: Raikou|Raikou|322\/322
|-ability|p1a: Raikou|Pressure
|move|p2a: Empoleon|Ice Beam|p1a: Raikou
|-damage|p1a: Raikou|247\/322
|
|-heal|p2a: Empoleon|316\/372|[from] item: Leftovers
|turn|7
|
|switch|p2a: Florges|Florges, F|360\/360
|move|p1a: Raikou|Shadow Ball|p2a: Florges
|-damage|p2a: Florges|286\/360
|
|-heal|p2a: Florges|308\/360|[from] item: Leftovers
|turn|8
|
|switch|p1a: Bronzong|Bronzong|338\/338
|move|p2a: Florges|Moonblast|p1a: Bronzong
|-resisted|p1a: Bronzong
|-damage|p1a: Bronzong|300\/338
|
|-heal|p2a: Florges|330\/360|[from] item: Leftovers
|-heal|p1a: Bronzong|321\/338|[from] item: Leftovers
|turn|9
|
|switch|p2a: Hippowdon|Hippowdon, M|32\/420
|-weather|Sandstorm
|move|p1a: Bronzong|Gyro Ball|p2a: Hippowdon
|-damage|p2a: Hippowdon|0 fnt
|faint|p2a: Hippowdon
|
|-weather|Sandstorm|[upkeep]
|-heal|p1a: Bronzong|338\/338|[from] item: Leftovers
|
|switch|p2a: Haxorus|Haxorus, F|302\/302
|-ability|p2a: Haxorus|Mold Breaker
|turn|10
|
|move|p2a: Haxorus|Earthquake|p1a: Bronzong
|-supereffective|p1a: Bronzong
|-damage|p1a: Bronzong|49\/338
|-damage|p2a: Haxorus|272\/302|[from] item: Life Orb
|move|p1a: Bronzong|Gyro Ball|p2a: Haxorus
|-damage|p2a: Haxorus|130\/302
|
|-weather|Sandstorm|[upkeep]
|-damage|p2a: Haxorus|112\/302|[from] sandstorm
|-heal|p1a: Bronzong|70\/338|[from] item: Leftovers
|turn|11
|
|switch|p1a: Crobat|Crobat, M|350\/374
|move|p2a: Haxorus|Dragon Claw|p1a: Crobat
|-damage|p1a: Crobat|111\/374
|-damage|p2a: Haxorus|82\/302|[from] item: Life Orb
|
|-weather|Sandstorm|[upkeep]
|-damage|p1a: Crobat|88\/374|[from] sandstorm
|-damage|p2a: Haxorus|64\/302|[from] sandstorm
|turn|12
|
|switch|p2a: Empoleon|Empoleon, M|316\/372
|move|p1a: Crobat|Brave Bird|p2a: Empoleon
|-resisted|p2a: Empoleon
|-damage|p2a: Empoleon|235\/372
|-damage|p1a: Crobat|61\/374|[from] recoil|[of] p2a: Empoleon
|
|-weather|Sandstorm|[upkeep]
|-damage|p1a: Crobat|38\/374|[from] sandstorm
|-heal|p2a: Empoleon|258\/372|[from] item: Leftovers
|turn|13
|
|move|p1a: Crobat|U-turn|p2a: Empoleon
|-resisted|p2a: Empoleon
|-damage|p2a: Empoleon|228\/372
|
|switch|p1a: Raikou|Raikou|247\/322
|-ability|p1a: Raikou|Pressure
|move|p2a: Empoleon|Scald|p1a: Raikou
|-damage|p1a: Raikou|151\/322
|
|-weather|none
|-heal|p2a: Empoleon|251\/372|[from] item: Leftovers
|turn|14
|
|switch|p2a: Sceptile|Sceptile, M|282\/282
|move|p1a: Raikou|Volt Switch|p2a: Sceptile
|-resisted|p2a: Sceptile
|-damage|p2a: Sceptile|183\/282
|
|switch|p1a: Crobat|Crobat, M|38\/374
|
|turn|15
|
|detailschange|p2a: Sceptile|Sceptile-Mega, M
|message|Sceptile has Mega Evolved into Mega Sceptile!
|move|p1a: Crobat|U-turn|p2a: Sceptile
|-supereffective|p2a: Sceptile
|-damage|p2a: Sceptile|39\/282
|
|switch|p1a: Bronzong|Bronzong|70\/338
|move|p2a: Sceptile|Dragon Pulse|p1a: Bronzong
|-resisted|p1a: Bronzong
|-damage|p1a: Bronzong|12\/338
|
|-heal|p1a: Bronzong|33\/338|[from] item: Leftovers
|turn|16
|
|move|p2a: Sceptile|Dragon Pulse|p1a: Bronzong
|-resisted|p1a: Bronzong
|-damage|p1a: Bronzong|0 fnt
|faint|p1a: Bronzong
|
|
|switch|p1a: Crobat|Crobat, M|38\/374
|turn|17
|
|move|p2a: Sceptile|Dragon Pulse|p1a: Crobat
|-damage|p1a: Crobat|0 fnt
|faint|p1a: Crobat
|
|
|switch|p1a: Entei|Entei, shiny|372\/372
|-ability|p1a: Entei|Pressure
|turn|18
|
|switch|p2a: Chandelure|Chandelure, M|324\/324
|move|p1a: Entei|Stone Edge|p2a: Chandelure
|-supereffective|p2a: Chandelure
|-damage|p2a: Chandelure|0 fnt
|faint|p2a: Chandelure
|
|
|switch|p2a: Empoleon|Empoleon, M|251\/372
|turn|19
|
|switch|p1a: Kingdra|Kingdra, M|291\/291
|move|p2a: Empoleon|Scald|p1a: Kingdra
|-resisted|p1a: Kingdra
|-damage|p1a: Kingdra|265\/291
|
|-heal|p2a: Empoleon|274\/372|[from] item: Leftovers
|turn|20
|
|move|p1a: Kingdra|Agility|p1a: Kingdra
|-boost|p1a: Kingdra|spe|2
|move|p2a: Empoleon|Toxic|p1a: Kingdra
|-status|p1a: Kingdra|tox
|
|-heal|p2a: Empoleon|297\/372|[from] item: Leftovers
|-damage|p1a: Kingdra|247\/291 tox|[from] psn
|turn|21
|
|switch|p2a: Florges|Florges, F|330\/360
|move|p1a: Kingdra|Focus Energy|p1a: Kingdra
|-start|p1a: Kingdra|move: Focus Energy
|
|-heal|p2a: Florges|352\/360|[from] item: Leftovers
|-damage|p1a: Kingdra|211\/291 tox|[from] psn
|turn|22
|
|move|p1a: Kingdra|Hydro Pump|p2a: Florges|[miss]
|-miss|p1a: Kingdra|p2a: Florges
|move|p2a: Florges|Wish|p2a: Florges
|
|-heal|p2a: Florges|360\/360|[from] item: Leftovers
|-damage|p1a: Kingdra|157\/291 tox|[from] psn
|turn|23
|
|switch|p2a: Empoleon|Empoleon, M|297\/372
|move|p1a: Kingdra|Draco Meteor|p2a: Empoleon
|-crit|p2a: Empoleon
|-resisted|p2a: Empoleon
|-damage|p2a: Empoleon|123\/372
|-unboost|p1a: Kingdra|spa|2
|
|-heal|p2a: Empoleon|303\/372|[from] move: Wish|[wisher] Florges
|-heal|p2a: Empoleon|326\/372|[from] item: Leftovers
|-damage|p1a: Kingdra|85\/291 tox|[from] psn
|turn|24
|
|switch|p2a: Florges|Florges, F|360\/360
|move|p1a: Kingdra|Hydro Pump|p2a: Florges
|-crit|p2a: Florges
|-damage|p2a: Florges|153\/360
|
|-heal|p2a: Florges|175\/360|[from] item: Leftovers
|-damage|p1a: Kingdra|0 fnt|[from] psn
|faint|p1a: Kingdra
|
|switch|p1a: Entei|Entei, shiny|372\/372
|-ability|p1a: Entei|Pressure
|turn|25
|
|move|p2a: Florges|Protect|p2a: Florges
|-singleturn|p2a: Florges|Protect
|move|p1a: Entei|Sacred Fire|p2a: Florges
|-activate|p2a: Florges|Protect
|
|-heal|p2a: Florges|197\/360|[from] item: Leftovers
|turn|26
|
|switch|p2a: Haxorus|Haxorus, F|64\/302
|-ability|p2a: Haxorus|Mold Breaker
|move|p1a: Entei|Sacred Fire|p2a: Haxorus
|-resisted|p2a: Haxorus
|-damage|p2a: Haxorus|0 fnt
|faint|p2a: Haxorus
|
|
|switch|p2a: Empoleon|Empoleon, M|326\/372
|turn|27
|
|switch|p1a: Raikou|Raikou|151\/322
|-ability|p1a: Raikou|Pressure
|move|p2a: Empoleon|Scald|p1a: Raikou
|-damage|p1a: Raikou|48\/322
|
|-heal|p2a: Empoleon|349\/372|[from] item: Leftovers
|turn|28
|
|switch|p2a: Florges|Florges, F|197\/360
|move|p1a: Raikou|Shadow Ball|p2a: Florges
|-damage|p2a: Florges|131\/360
|
|-heal|p2a: Florges|153\/360|[from] item: Leftovers
|turn|29
|
|move|p1a: Raikou|Shadow Ball|p2a: Florges
|-damage|p2a: Florges|87\/360
|move|p2a: Florges|Wish|p2a: Florges
|
|-heal|p2a: Florges|109\/360|[from] item: Leftovers
|turn|30
|
|move|p1a: Raikou|Shadow Ball|p2a: Florges
|-damage|p2a: Florges|42\/360
|move|p2a: Florges|Moonblast|p1a: Raikou
|-damage|p1a: Raikou|0 fnt
|faint|p1a: Raikou
|
|-heal|p2a: Florges|222\/360|[from] move: Wish|[wisher] Florges
|-heal|p2a: Florges|244\/360|[from] item: Leftovers
|
|switch|p1a: Entei|Entei, shiny|372\/372
|-ability|p1a: Entei|Pressure
|turn|31
|
|move|p2a: Florges|Protect|p2a: Florges
|-singleturn|p2a: Florges|Protect
|move|p1a: Entei|Flare Blitz|p2a: Florges
|-activate|p2a: Florges|Protect
|
|-heal|p2a: Florges|266\/360|[from] item: Leftovers
|turn|32
|
|move|p1a: Entei|Flare Blitz|p2a: Florges
|-crit|p2a: Florges
|-damage|p2a: Florges|0 fnt
|-damage|p1a: Entei|284\/372|[from] recoil|[of] p2a: Florges
|faint|p2a: Florges
|
|
|switch|p2a: Sceptile|Sceptile-Mega, M|39\/282
|turn|33
|
|move|p2a: Sceptile|Dragon Pulse|p1a: Entei
|-damage|p1a: Entei|91\/372
|move|p1a: Entei|Flare Blitz|p2a: Sceptile
|-damage|p2a: Sceptile|0 fnt
|-damage|p1a: Entei|78\/372|[from] recoil|[of] p2a: Sceptile
|faint|p2a: Sceptile
|
|
|switch|p2a: Empoleon|Empoleon, M|349\/372
|turn|34
|
|move|p1a: Entei|Flare Blitz|p2a: Empoleon
|-damage|p2a: Empoleon|0 fnt
|-damage|p1a: Entei|0 fnt|[from] recoil|[of] p2a: Empoleon
|faint|p2a: Empoleon
|faint|p1a: Entei
|
|win|notr0ady
|raw|Ladder updating...
|c|ânotr0ady|gg
|leave|Mliok
|player|p2
|raw|notr0ady's rating: 1246 &rarr; <strong>1263<\/strong><br \/>(+17 for winning)
|raw|Mliok's rating: 1135 &rarr; <strong>1118<\/strong><br \/>(-17 for losing)