|join|mliok
|join|bibmust
|player|p1|mliok|169
|player|p2|bibmust|200
|gametype|singles
|gen|6
|tier|UU
|rated
|rule|Sleep Clause Mod: Limit one foe put to sleep
|rule|Species Clause: Limit one of each PokÃ©mon
|rule|OHKO Clause: OHKO moves are banned
|rule|Moody Clause: Moody is banned
|rule|Evasion Moves Clause: Evasion moves are banned
|rule|Endless Battle Clause: Forcing endless battles is banned
|rule|HP Percentage Mod: HP is shown in percentages
|clearpoke
|poke|p1|Tangrowth, F
|poke|p1|Milotic, M
|poke|p1|Toxicroak, M
|poke|p1|Bronzong
|poke|p1|Crobat, M
|poke|p1|Ampharos, F, shiny
|poke|p2|Steelix, M, shiny
|poke|p2|Arcanine, M, shiny
|poke|p2|Blastoise, M
|poke|p2|Espeon, F
|poke|p2|Honchkrow, F, shiny
|poke|p2|Aerodactyl, F
|rule|Swagger Clause: Swagger is banned
|rule|Baton Pass Clause: Limit one PokÃ©mon knowing Baton Pass
|teampreview
|
|start
|switch|p1a: Milotic|Milotic, M|394\/394
|switch|p2a: Lead|Aerodactyl, F|301\/301
|-ability|p2a: Lead|Unnerve|p1: mliok
|turn|1
|
|move|p2a: Lead|Stealth Rock|p1a: Milotic
|-sidestart|p1: mliok|move: Stealth Rock
|move|p1a: Milotic|Scald|p2a: Lead
|-supereffective|p2a: Lead
|-damage|p2a: Lead|53\/301
|
|turn|2
|
|move|p2a: Lead|Rock Slide|p1a: Milotic
|-damage|p1a: Milotic|246\/394
|cant|p1a: Milotic|flinch
|
|-heal|p1a: Milotic|270\/394|[from] item: Leftovers
|turn|3
|
|move|p2a: Lead|Taunt|p1a: Milotic
|-start|p1a: Milotic|move: Taunt
|cant|p1a: Milotic|move: Taunt|Recover
|
|-heal|p1a: Milotic|294\/394|[from] item: Leftovers
|turn|4
|
|move|p2a: Lead|Rock Slide|p1a: Milotic
|-miss|p2a: Lead|p1a: Milotic
|move|p1a: Milotic|Scald|p2a: Lead
|-supereffective|p2a: Lead
|-damage|p2a: Lead|0 fnt
|faint|p2a: Lead
|
|-heal|p1a: Milotic|318\/394|[from] item: Leftovers
|
|switch|p2a: Choppy|Espeon, F|272\/272
|turn|5
|
|move|p2a: Choppy|Grass Knot|p1a: Milotic
|-supereffective|p1a: Milotic
|-damage|p1a: Milotic|126\/394
|-damage|p2a: Choppy|245\/272|[from] item: Life Orb
|move|p1a: Milotic|Scald|p2a: Choppy
|-damage|p2a: Choppy|149\/272
|-status|p2a: Choppy|brn
|
|-heal|p1a: Milotic|150\/394|[from] item: Leftovers
|-damage|p2a: Choppy|115\/272 brn|[from] brn
|-end|p1a: Milotic|move: Taunt
|turn|6
|
|switch|p1a: Crobat|Crobat, M|373\/373
|-damage|p1a: Crobat|280\/373|[from] Stealth Rock
|move|p2a: Choppy|Psyshock|p1a: Crobat
|-crit|p1a: Crobat
|-supereffective|p1a: Crobat
|-damage|p1a: Crobat|0 fnt
|-damage|p2a: Choppy|88\/272 brn|[from] item: Life Orb
|faint|p1a: Crobat
|
|-damage|p2a: Choppy|54\/272 brn|[from] brn
|
|switch|p1a: Toxicroak|Toxicroak, M|307\/307
|-damage|p1a: Toxicroak|288\/307|[from] Stealth Rock
|turn|7
|
|switch|p2a: Bullet|Steelix, M, shiny|345\/345
|move|p1a: Toxicroak|Substitute|p1a: Toxicroak
|-start|p1a: Toxicroak|Substitute
|-damage|p1a: Toxicroak|212\/307
|
|turn|8
|
|detailschange|p2a: Bullet|Steelix-Mega, M, shiny
|message|Steelix has Mega Evolved into Mega Steelix!
|move|p1a: Toxicroak|Drain Punch|p2a: Bullet
|-crit|p2a: Bullet
|-supereffective|p2a: Bullet
|-damage|p2a: Bullet|158\/345
|-heal|p1a: Toxicroak|306\/307|[from] drain|[of] p2a: Bullet
|-damage|p1a: Toxicroak|276\/307|[from] item: Life Orb
|move|p2a: Bullet|Earthquake|p1a: Toxicroak
|-supereffective|p1a: Toxicroak
|-end|p1a: Toxicroak|Substitute
|
|turn|9
|
|switch|p1a: Tangrowth|Tangrowth, F|404\/404
|-damage|p1a: Tangrowth|354\/404|[from] Stealth Rock
|move|p2a: Bullet|Earthquake|p1a: Tangrowth
|-resisted|p1a: Tangrowth
|-damage|p1a: Tangrowth|306\/404
|
|turn|10
|
|switch|p2a: Choppy|Espeon, F|54\/272 brn
|move|p1a: Tangrowth|Knock Off|p2a: Choppy
|-supereffective|p2a: Choppy
|-damage|p2a: Choppy|0 fnt
|-enditem|p2a: Choppy|Life Orb|[from] move: Knock Off|[of] p1a: Tangrowth
|faint|p2a: Choppy
|
|
|switch|p2a: Trigger|Arcanine, M, shiny|321\/321
|turn|11
|
|switch|p1a: Ampharos|Ampharos, F, shiny|384\/384
|-damage|p1a: Ampharos|336\/384|[from] Stealth Rock
|move|p2a: Trigger|Flare Blitz|p1a: Ampharos
|-damage|p1a: Ampharos|96\/384
|-damage|p2a: Trigger|242\/321|[from] recoil|[of] p1a: Ampharos
|
|turn|12
|
|detailschange|p1a: Ampharos|Ampharos-Mega, F, shiny
|message|Ampharos has Mega Evolved into Mega Ampharos!
|-ability|p1a: Ampharos|Mold Breaker
|move|p2a: Trigger|Flare Blitz|p1a: Ampharos
|-resisted|p1a: Ampharos
|-damage|p1a: Ampharos|0 fnt
|-damage|p2a: Trigger|210\/321|[from] recoil|[of] p1a: Ampharos
|faint|p1a: Ampharos
|
|
|switch|p1a: Tangrowth|Tangrowth, F|404\/404
|-damage|p1a: Tangrowth|354\/404|[from] Stealth Rock
|turn|13
|
|move|p2a: Trigger|Flare Blitz|p1a: Tangrowth
|-supereffective|p1a: Tangrowth
|-damage|p1a: Tangrowth|10\/404
|-damage|p2a: Trigger|157\/321|[from] item: Rocky Helmet|[of] p1a: Tangrowth
|-damage|p2a: Trigger|43\/321|[from] recoil|[of] p1a: Tangrowth
|move|p1a: Tangrowth|Knock Off|p2a: Trigger
|-damage|p2a: Trigger|0 fnt
|-enditem|p2a: Trigger|Choice Band|[from] move: Knock Off|[of] p1a: Tangrowth
|faint|p2a: Trigger
|
|
|switch|p2a: Pink H|Honchkrow, F, shiny|341\/341
|turn|14
|
|switch|p1a: Milotic|Milotic, M|150\/394
|-damage|p1a: Milotic|101\/394|[from] Stealth Rock
|move|p2a: Pink H|Air Cutter|p1a: Milotic
|-crit|p1a: Milotic
|-damage|p1a: Milotic|17\/394
|
|-heal|p1a: Milotic|41\/394|[from] item: Leftovers
|turn|15
|
|move|p2a: Pink H|Air Cutter|p1a: Milotic
|-crit|p1a: Milotic
|-damage|p1a: Milotic|0 fnt
|faint|p1a: Milotic
|
|
|switch|p1a: Bronzong|Bronzong|338\/338
|-damage|p1a: Bronzong|317\/338|[from] Stealth Rock
|turn|16
|
|move|p2a: Pink H|Heat Wave|p1a: Bronzong
|-crit|p1a: Bronzong
|-supereffective|p1a: Bronzong
|-damage|p1a: Bronzong|127\/338
|move|p1a: Bronzong|Trick|p2a: Pink H
|-activate|p1a: Bronzong|move: Trick|[of] p2a: Pink H
|-item|p2a: Pink H|Choice Band|[from] move: Trick
|-item|p1a: Bronzong|Scope Lens|[from] move: Trick
|
|turn|17
|
|move|p2a: Pink H|Heat Wave|p1a: Bronzong
|-supereffective|p1a: Bronzong
|-damage|p1a: Bronzong|0 fnt
|faint|p1a: Bronzong
|
|
|switch|p1a: Toxicroak|Toxicroak, M|276\/307
|-damage|p1a: Toxicroak|257\/307|[from] Stealth Rock
|turn|18
|
|move|p1a: Toxicroak|Drain Punch|p2a: Pink H
|-damage|p2a: Pink H|47\/341
|-heal|p1a: Toxicroak|307\/307|[from] drain|[of] p2a: Pink H
|-damage|p1a: Toxicroak|277\/307|[from] item: Life Orb
|move|p2a: Pink H|Heat Wave|p1a: Toxicroak
|-miss|p2a: Pink H|p1a: Toxicroak
|
|turn|19
|
|move|p1a: Toxicroak|Substitute|p1a: Toxicroak
|-start|p1a: Toxicroak|Substitute
|-damage|p1a: Toxicroak|201\/307
|move|p2a: Pink H|Heat Wave|p1a: Toxicroak
|-end|p1a: Toxicroak|Substitute
|
|turn|20
|
|move|p1a: Toxicroak|Substitute|p1a: Toxicroak
|-start|p1a: Toxicroak|Substitute
|-damage|p1a: Toxicroak|125\/307
|move|p2a: Pink H|Heat Wave|p1a: Toxicroak
|-end|p1a: Toxicroak|Substitute
|
|turn|21
|
|move|p1a: Toxicroak|Substitute|p1a: Toxicroak
|-start|p1a: Toxicroak|Substitute
|-damage|p1a: Toxicroak|49\/307
|move|p2a: Pink H|Heat Wave|p1a: Toxicroak
|-end|p1a: Toxicroak|Substitute
|
|turn|22
|
|move|p1a: Toxicroak|Drain Punch|p2a: Pink H
|-damage|p2a: Pink H|0 fnt
|-heal|p1a: Toxicroak|73\/307|[from] drain|[of] p2a: Pink H
|-damage|p1a: Toxicroak|43\/307|[from] item: Life Orb
|faint|p2a: Pink H
|
|
|switch|p2a: Bullet|Steelix-Mega, M, shiny|158\/345
|turn|23
|
|switch|p1a: Tangrowth|Tangrowth, F|144\/404
|-damage|p1a: Tangrowth|94\/404|[from] Stealth Rock
|move|p2a: Bullet|Iron Head|p1a: Tangrowth
|-damage|p1a: Tangrowth|21\/404
|-damage|p2a: Bullet|101\/345|[from] item: Rocky Helmet|[of] p1a: Tangrowth
|
|turn|24
|
|move|p1a: Tangrowth|Giga Drain|p2a: Bullet
|-damage|p2a: Bullet|2\/345
|-heal|p1a: Tangrowth|71\/404|[from] drain|[of] p2a: Bullet
|move|p2a: Bullet|Iron Head|p1a: Tangrowth
|-damage|p1a: Tangrowth|0 fnt
|-damage|p2a: Bullet|0 fnt|[from] item: Rocky Helmet|[of] p1a: Tangrowth
|faint|p2a: Bullet
|faint|p1a: Tangrowth
|
|
|switch|p1a: Toxicroak|Toxicroak, M|43\/307
|switch|p2a: Big B|Blastoise, M|357\/357
|-damage|p1a: Toxicroak|24\/307|[from] Stealth Rock
|turn|25
|
|move|p1a: Toxicroak|Drain Punch|p2a: Big B
|-damage|p2a: Big B|196\/357
|-heal|p1a: Toxicroak|105\/307|[from] drain|[of] p2a: Big B
|-damage|p1a: Toxicroak|75\/307|[from] item: Life Orb
|move|p2a: Big B|Ice Beam|p1a: Toxicroak
|-damage|p1a: Toxicroak|0 fnt
|faint|p1a: Toxicroak
|
|win|bibmust
|raw|Ladder updating...
|c|âbibmust|gg
|raw|mliok's rating: 1301 &rarr; <strong>1275<\/strong><br \/>(-26 for losing)
|raw|bibmust's rating: 1196 &rarr; <strong>1229<\/strong><br \/>(+33 for winning)
|leave|mliok
|player|p1