|join|mliok
|join|Elijah_Mikaelson
|player|p1|mliok|2
|player|p2|Elijah_Mikaelson|266
|gametype|singles
|gen|6
|tier|UU
|rated
|rule|Sleep Clause Mod: Limit one foe put to sleep
|rule|Species Clause: Limit one of each PokÃ©mon
|rule|OHKO Clause: OHKO moves are banned
|rule|Moody Clause: Moody is banned
|rule|Evasion Moves Clause: Evasion moves are banned
|rule|Endless Battle Clause: Forcing endless battles is banned
|rule|HP Percentage Mod: HP is shown in percentages
|clearpoke
|poke|p1|Tangrowth, F
|poke|p1|Milotic, M
|poke|p1|Toxicroak, M
|poke|p1|Jirachi
|poke|p1|Crobat, M
|poke|p1|Ampharos, F, shiny
|poke|p2|Ampharos, F
|poke|p2|Alomomola, M
|poke|p2|Claydol
|poke|p2|Nidoking, M
|poke|p2|Cobalion
|poke|p2|Froslass, F
|rule|Swagger Clause: Swagger is banned
|rule|Baton Pass Clause: Limit one PokÃ©mon knowing Baton Pass
|teampreview
|c|âmliok|gl
|c|âElijah_Mikaelson|=
|
|start
|switch|p1a: Loreal|Ampharos, F, shiny|384\/384
|switch|p2a: Nidoking|Nidoking, M|304\/304
|turn|1
|
|switch|p1a: Penis snake|Milotic, M|394\/394
|move|p2a: Nidoking|Sludge Wave|p1a: Penis snake
|-damage|p1a: Penis snake|256\/394
|
|-heal|p1a: Penis snake|280\/394|[from] item: Leftovers
|turn|2
|
|switch|p2a: Ampharos|Ampharos, F|321\/321
|move|p1a: Penis snake|Scald|p2a: Ampharos
|-damage|p2a: Ampharos|215\/321
|-status|p2a: Ampharos|brn
|
|-heal|p1a: Penis snake|304\/394|[from] item: Leftovers
|-damage|p2a: Ampharos|175\/321 brn|[from] brn
|turn|3
|
|detailschange|p2a: Ampharos|Ampharos-Mega, F
|message|Ampharos has Mega Evolved into Mega Ampharos!
|-ability|p2a: Ampharos|Mold Breaker
|move|p2a: Ampharos|Heal Bell|p2a: Ampharos
|-cureteam|p2a: Ampharos|[from] move: HealBell
|move|p1a: Penis snake|Mirror Coat|p2a: Ampharos
|-fail|p2a: Ampharos
|
|-heal|p1a: Penis snake|328\/394|[from] item: Leftovers
|turn|4
|
|switch|p2a: Alomomola|Alomomola, M|472\/472
|move|p1a: Penis snake|Recover|p1a: Penis snake
|-heal|p1a: Penis snake|394\/394
|
|turn|5
|
|move|p1a: Penis snake|Toxic|p2a: Alomomola
|-status|p2a: Alomomola|tox
|move|p2a: Alomomola|Toxic|p1a: Penis snake
|-status|p1a: Penis snake|tox
|
|-damage|p1a: Penis snake|370\/394 tox|[from] psn
|-damage|p2a: Alomomola|443\/472 tox|[from] psn
|turn|6
|
|switch|p1a: Eldemenageur|Toxicroak, M|307\/307
|move|p2a: Alomomola|Wish|p2a: Alomomola
|
|-heal|p2a: Alomomola|472\/472 tox|[from] item: Leftovers
|-damage|p2a: Alomomola|414\/472 tox|[from] psn
|turn|7
|
|switch|p2a: Nidoking|Nidoking, M|304\/304
|move|p1a: Eldemenageur|Gunk Shot|p2a: Nidoking
|-resisted|p2a: Nidoking
|-damage|p2a: Nidoking|221\/304
|-damage|p1a: Eldemenageur|277\/307|[from] item: Life Orb
|
|-heal|p2a: Nidoking|304\/304|[from] move: Wish|[wisher] Alomomola
|turn|8
|
|switch|p1a: Penis snake|Milotic, M|370\/394 tox
|move|p2a: Nidoking|Flamethrower|p1a: Penis snake
|-resisted|p1a: Penis snake
|-damage|p1a: Penis snake|330\/394 tox
|
|-heal|p1a: Penis snake|354\/394 tox|[from] item: Leftovers
|-damage|p1a: Penis snake|330\/394 tox|[from] psn
|turn|9
|
|switch|p2a: Ampharos|Ampharos-Mega, F|175\/321
|-ability|p2a: Ampharos|Mold Breaker
|move|p1a: Penis snake|Scald|p2a: Ampharos
|-resisted|p2a: Ampharos
|-damage|p2a: Ampharos|130\/321
|
|-heal|p1a: Penis snake|354\/394 tox|[from] item: Leftovers
|-damage|p1a: Penis snake|306\/394 tox|[from] psn
|turn|10
|
|move|p2a: Ampharos|Thunderbolt|p1a: Penis snake
|-supereffective|p1a: Penis snake
|-damage|p1a: Penis snake|54\/394 tox
|move|p1a: Penis snake|Mirror Coat|p2a: Ampharos
|-damage|p2a: Ampharos|0 fnt
|faint|p2a: Ampharos
|
|-heal|p1a: Penis snake|78\/394 tox|[from] item: Leftovers
|-damage|p1a: Penis snake|6\/394 tox|[from] psn
|
|switch|p2a: Froslass|Froslass, F|281\/281
|turn|11
|
|move|p2a: Froslass|Shadow Ball|p1a: Penis snake
|-crit|p1a: Penis snake
|-damage|p1a: Penis snake|0 fnt
|-damage|p2a: Froslass|253\/281|[from] item: Life Orb
|faint|p1a: Penis snake
|
|
|switch|p1a: Eldemenageur|Toxicroak, M|277\/307
|turn|12
|
|move|p2a: Froslass|Spikes|p1a: Eldemenageur
|-sidestart|p1: mliok|Spikes
|move|p1a: Eldemenageur|Substitute|p1a: Eldemenageur
|-start|p1a: Eldemenageur|Substitute
|-damage|p1a: Eldemenageur|201\/307
|
|turn|13
|
|move|p1a: Eldemenageur|Sucker Punch|p2a: Froslass
|-supereffective|p2a: Froslass
|-damage|p2a: Froslass|0 fnt
|-start|p1a: Eldemenageur|Disable|Sucker Punch
|-damage|p1a: Eldemenageur|171\/307|[from] item: Life Orb
|faint|p2a: Froslass
|
|
|switch|p2a: Claydol|Claydol|324\/324
|turn|14
|
|move|p2a: Claydol|Earthquake|p1a: Eldemenageur
|-supereffective|p1a: Eldemenageur
|-end|p1a: Eldemenageur|Substitute
|move|p1a: Eldemenageur|Gunk Shot|p2a: Claydol
|-resisted|p2a: Claydol
|-damage|p2a: Claydol|238\/324
|-damage|p1a: Eldemenageur|141\/307|[from] item: Life Orb
|
|turn|15
|
|switch|p2a: Nidoking|Nidoking, M|304\/304
|switch|p1a: MaisMeurtBordel|Tangrowth, F|404\/404
|-damage|p1a: MaisMeurtBordel|354\/404|[from] Spikes
|
|turn|16
|
|switch|p1a: Choppa|Jirachi|404\/404
|-damage|p1a: Choppa|354\/404|[from] Spikes
|move|p2a: Nidoking|Sludge Wave|p1a: Choppa
|-immune|p1a: Choppa|[msg]
|
|-heal|p1a: Choppa|379\/404|[from] item: Leftovers
|turn|17
|
|move|p2a: Nidoking|Flamethrower|p1a: Choppa
|-supereffective|p1a: Choppa
|-damage|p1a: Choppa|189\/404
|move|p1a: Choppa|Iron Head|p2a: Nidoking
|-damage|p2a: Nidoking|186\/304
|
|-heal|p1a: Choppa|214\/404|[from] item: Leftovers
|turn|18
|
|switch|p1a: Penetrateur|Crobat, M|373\/373
|move|p2a: Nidoking|Earth Power|p1a: Penetrateur
|-immune|p1a: Penetrateur|[msg]
|
|turn|19
|
|switch|p2a: Alomomola|Alomomola, M|472\/472 tox
|move|p1a: Penetrateur|Brave Bird|p2a: Alomomola
|-damage|p2a: Alomomola|369\/472 tox
|-damage|p1a: Penetrateur|339\/373|[from] recoil|[of] p2a: Alomomola
|
|-heal|p1a: Penetrateur|362\/373|[from] item: Black Sludge
|-heal|p2a: Alomomola|398\/472 tox|[from] item: Leftovers
|-damage|p2a: Alomomola|369\/472 tox|[from] psn
|turn|20
|
|move|p1a: Penetrateur|Defog|p2a: Alomomola
|-unboost|p2a: Alomomola|evasion|1
|-sideend|p1: mliok|Spikes|[from] move: Defog|[of] p1a: Penetrateur
|move|p2a: Alomomola|Wish|p2a: Alomomola
|
|-heal|p1a: Penetrateur|373\/373|[from] item: Black Sludge
|-heal|p2a: Alomomola|398\/472 tox|[from] item: Leftovers
|-damage|p2a: Alomomola|340\/472 tox|[from] psn
|turn|21
|
|switch|p2a: Claydol|Claydol|238\/324
|move|p1a: Penetrateur|Brave Bird|p2a: Claydol
|-damage|p2a: Claydol|151\/324
|-damage|p1a: Penetrateur|344\/373|[from] recoil|[of] p2a: Claydol
|
|-heal|p2a: Claydol|324\/324|[from] move: Wish|[wisher] Alomomola
|-heal|p1a: Penetrateur|367\/373|[from] item: Black Sludge
|turn|22
|
|switch|p1a: MaisMeurtBordel|Tangrowth, F|404\/404
|move|p2a: Claydol|Trick|p1a: MaisMeurtBordel
|-activate|p2a: Claydol|move: Trick|[of] p1a: MaisMeurtBordel
|-item|p1a: MaisMeurtBordel|Choice Scarf|[from] move: Trick
|-item|p2a: Claydol|Rocky Helmet|[from] move: Trick
|
|turn|23
|
|move|p2a: Claydol|Stealth Rock|p1a: MaisMeurtBordel
|-sidestart|p1: mliok|move: Stealth Rock
|move|p1a: MaisMeurtBordel|Sleep Powder|p2a: Claydol
|-status|p2a: Claydol|slp
|
|turn|24
|
|switch|p1a: Penetrateur|Crobat, M|367\/373
|-damage|p1a: Penetrateur|274\/373|[from] Stealth Rock
|cant|p2a: Claydol|slp
|
|-heal|p1a: Penetrateur|297\/373|[from] item: Black Sludge
|turn|25
|
|move|p1a: Penetrateur|Defog|p2a: Claydol
|-unboost|p2a: Claydol|evasion|1
|-sideend|p1: mliok|Stealth Rock|[from] move: Defog|[of] p1a: Penetrateur
|cant|p2a: Claydol|slp
|
|-heal|p1a: Penetrateur|320\/373|[from] item: Black Sludge
|turn|26
|
|switch|p1a: MaisMeurtBordel|Tangrowth, F|404\/404
|cant|p2a: Claydol|slp
|
|turn|27
|
|-curestatus|p2a: Claydol|slp
|move|p2a: Claydol|Stealth Rock|p1a: MaisMeurtBordel
|-sidestart|p1: mliok|move: Stealth Rock
|move|p1a: MaisMeurtBordel|Giga Drain|p2a: Claydol
|-supereffective|p2a: Claydol
|-damage|p2a: Claydol|156\/324
|
|turn|28
|
|switch|p2a: Cobalion|Cobalion|324\/324
|move|p1a: MaisMeurtBordel|Giga Drain|p2a: Cobalion
|-resisted|p2a: Cobalion
|-damage|p2a: Cobalion|267\/324
|
|-heal|p2a: Cobalion|287\/324|[from] item: Leftovers
|turn|29
|
|switch|p1a: Choppa|Jirachi|214\/404
|-damage|p1a: Choppa|189\/404|[from] Stealth Rock
|move|p2a: Cobalion|Swords Dance|p2a: Cobalion
|-boost|p2a: Cobalion|atk|2
|
|-heal|p2a: Cobalion|307\/324|[from] item: Leftovers
|-heal|p1a: Choppa|214\/404|[from] item: Leftovers
|turn|30
|c|âmliok|gg
|
|move|p2a: Cobalion|Substitute|p2a: Cobalion
|-start|p2a: Cobalion|Substitute
|-damage|p2a: Cobalion|226\/324
|move|p1a: Choppa|Thunder Wave|p2a: Cobalion
|
|-heal|p2a: Cobalion|246\/324|[from] item: Leftovers
|-heal|p1a: Choppa|239\/404|[from] item: Leftovers
|turn|31
|
|move|p2a: Cobalion|Swords Dance|p2a: Cobalion
|-boost|p2a: Cobalion|atk|2
|move|p1a: Choppa|Iron Head|p2a: Cobalion
|-resisted|p2a: Cobalion
|-activate|p2a: Cobalion|Substitute|[damage]
|
|-heal|p2a: Cobalion|266\/324|[from] item: Leftovers
|-heal|p1a: Choppa|264\/404|[from] item: Leftovers
|turn|32
|
|move|p2a: Cobalion|Close Combat|p1a: Choppa
|-damage|p1a: Choppa|0 fnt
|-unboost|p2a: Cobalion|def|1
|-unboost|p2a: Cobalion|spd|1
|faint|p1a: Choppa
|
|-heal|p2a: Cobalion|286\/324|[from] item: Leftovers
|
|switch|p1a: Loreal|Ampharos, F, shiny|384\/384
|-damage|p1a: Loreal|336\/384|[from] Stealth Rock
|turn|33
|
|detailschange|p1a: Loreal|Ampharos-Mega, F, shiny
|message|Ampharos has Mega Evolved into Mega Ampharos!
|-ability|p1a: Loreal|Mold Breaker
|move|p2a: Cobalion|Iron Head|p1a: Loreal
|-resisted|p1a: Loreal
|-damage|p1a: Loreal|218\/384
|move|p1a: Loreal|Volt Switch|p2a: Cobalion
|-end|p2a: Cobalion|Substitute
|
|switch|p1a: Eldemenageur|Toxicroak, M|141\/307
|-damage|p1a: Eldemenageur|122\/307|[from] Stealth Rock
|
|-heal|p2a: Cobalion|306\/324|[from] item: Leftovers
|turn|34
|
|move|p2a: Cobalion|Iron Head|p1a: Eldemenageur
|-crit|p1a: Eldemenageur
|-damage|p1a: Eldemenageur|0 fnt
|faint|p1a: Eldemenageur
|
|-heal|p2a: Cobalion|324\/324|[from] item: Leftovers
|-message|mliok forfeited.
|
|win|Elijah_Mikaelson
|raw|Ladder updating...
|raw|mliok's rating: 1514 &rarr; <strong>1486<\/strong><br \/>(-28 for losing)
|raw|Elijah_Mikaelson's rating: 1379 &rarr; <strong>1406<\/strong><br \/>(+27 for winning)
|leave|mliok
|player|p1