|join|mliok
|join|woooops
|player|p1|mliok|1
|player|p2|woooops|184
|gametype|singles
|gen|6
|tier|UU
|rated
|rule|Sleep Clause Mod: Limit one foe put to sleep
|rule|Species Clause: Limit one of each PokÃ©mon
|rule|OHKO Clause: OHKO moves are banned
|rule|Moody Clause: Moody is banned
|rule|Evasion Moves Clause: Evasion moves are banned
|rule|Endless Battle Clause: Forcing endless battles is banned
|rule|HP Percentage Mod: HP is shown in percentages
|clearpoke
|poke|p1|Tangrowth, F
|poke|p1|Milotic, M
|poke|p1|Toxicroak, M
|poke|p1|Jirachi
|poke|p1|Crobat, M
|poke|p1|Ampharos, F, shiny
|poke|p2|Toxicroak, F
|poke|p2|Donphan, M
|poke|p2|Florges, F
|poke|p2|Gourgeist-*, F
|poke|p2|Rotom-Heat
|poke|p2|Snorlax, F
|rule|Swagger Clause: Swagger is banned
|rule|Baton Pass Clause: Limit one PokÃ©mon knowing Baton Pass
|teampreview
|c|âmliok|gl
|c|âwoooops|you too
|
|start
|switch|p1a: Loreal|Ampharos, F, shiny|384\/384
|switch|p2a: Rotom-Heat|Rotom-Heat|241\/241
|turn|1
|
|detailschange|p1a: Loreal|Ampharos-Mega, F, shiny
|message|Ampharos has Mega Evolved into Mega Ampharos!
|-ability|p1a: Loreal|Mold Breaker
|move|p2a: Rotom-Heat|Volt Switch|p1a: Loreal
|-crit|p1a: Loreal
|-resisted|p1a: Loreal
|-damage|p1a: Loreal|350\/384
|
|switch|p2a: Florges|Florges, F|330\/330
|move|p1a: Loreal|Dragon Pulse|p2a: Florges
|-immune|p2a: Florges|[msg]
|
|turn|2
|
|switch|p2a: Rotom-Heat|Rotom-Heat|241\/241
|switch|p1a: Choppa|Jirachi|404\/404
|
|turn|3
|
|switch|p1a: Loreal|Ampharos-Mega, F, shiny|350\/384
|-ability|p1a: Loreal|Mold Breaker
|move|p2a: Rotom-Heat|Will-O-Wisp|p1a: Loreal
|-status|p1a: Loreal|brn
|
|-damage|p1a: Loreal|302\/384 brn|[from] brn
|turn|4
|
|switch|p2a: Florges|Florges, F|330\/330
|move|p1a: Loreal|Dragon Pulse|p2a: Florges
|-immune|p2a: Florges|[msg]
|
|-damage|p1a: Loreal|254\/384 brn|[from] brn
|turn|5
|
|switch|p1a: Choppa|Jirachi|404\/404
|move|p2a: Florges|Moonblast|p1a: Choppa
|-resisted|p1a: Choppa
|-damage|p1a: Choppa|352\/404
|-unboost|p1a: Choppa|spa|1
|
|-heal|p1a: Choppa|377\/404|[from] item: Leftovers
|turn|6
|
|switch|p2a: Rotom-Heat|Rotom-Heat|241\/241
|move|p1a: Choppa|Stealth Rock|p2a: Rotom-Heat
|-sidestart|p2: woooops|move: Stealth Rock
|
|-heal|p1a: Choppa|402\/404|[from] item: Leftovers
|turn|7
|
|switch|p1a: Loreal|Ampharos-Mega, F, shiny|254\/384 brn
|-ability|p1a: Loreal|Mold Breaker
|move|p2a: Rotom-Heat|Volt Switch|p1a: Loreal
|-resisted|p1a: Loreal
|-damage|p1a: Loreal|232\/384 brn
|
|switch|p2a: Donphan|Donphan, M|384\/384
|-damage|p2a: Donphan|360\/384|[from] Stealth Rock
|
|-heal|p2a: Donphan|384\/384|[from] item: Leftovers
|-damage|p1a: Loreal|184\/384 brn|[from] brn
|turn|8
|
|move|p2a: Donphan|Earthquake|p1a: Loreal
|-supereffective|p1a: Loreal
|-damage|p1a: Loreal|0 fnt
|faint|p1a: Loreal
|
|
|switch|p1a: MaisMeurtBordel|Tangrowth, F|404\/404
|turn|9
|
|switch|p2a: Superrrr|Gourgeist-Super, F|374\/374
|-damage|p2a: Superrrr|328\/374|[from] Stealth Rock
|-item|p1a: MaisMeurtBordel|Rocky Helmet|[from] ability: Frisk|[of] p2a: Superrrr|[identify]
|move|p1a: MaisMeurtBordel|Knock Off|p2a: Superrrr
|-supereffective|p2a: Superrrr
|-damage|p2a: Superrrr|192\/374
|-enditem|p2a: Superrrr|Leftovers|[from] move: Knock Off|[of] p1a: MaisMeurtBordel
|
|turn|10
|
|move|p2a: Superrrr|Will-O-Wisp|p1a: MaisMeurtBordel
|-status|p1a: MaisMeurtBordel|brn
|move|p1a: MaisMeurtBordel|Toxic|p2a: Superrrr
|-status|p2a: Superrrr|tox
|
|-damage|p2a: Superrrr|169\/374 tox|[from] psn
|-damage|p1a: MaisMeurtBordel|354\/404 brn|[from] brn
|turn|11
|
|switch|p2a: Rotom-Heat|Rotom-Heat|241\/241
|-damage|p2a: Rotom-Heat|181\/241|[from] Stealth Rock
|move|p1a: MaisMeurtBordel|Sleep Powder|p2a: Rotom-Heat
|-status|p2a: Rotom-Heat|slp
|
|-damage|p1a: MaisMeurtBordel|304\/404 brn|[from] brn
|turn|12
|
|switch|p1a: Eldemenageur|Toxicroak, M|307\/307
|cant|p2a: Rotom-Heat|slp
|
|turn|13
|
|switch|p2a: Donphan|Donphan, M|384\/384
|-damage|p2a: Donphan|360\/384|[from] Stealth Rock
|move|p1a: Eldemenageur|Gunk Shot|p2a: Donphan
|-resisted|p2a: Donphan
|-damage|p2a: Donphan|279\/384
|-status|p2a: Donphan|psn
|-damage|p1a: Eldemenageur|277\/307|[from] item: Life Orb
|
|-heal|p2a: Donphan|303\/384 psn|[from] item: Leftovers
|-damage|p2a: Donphan|255\/384 psn|[from] psn
|turn|14
|
|switch|p1a: Penetrateur|Crobat, M|373\/373
|move|p2a: Donphan|Rapid Spin|p1a: Penetrateur
|-damage|p1a: Penetrateur|348\/373
|-sideend|p2: woooops|Stealth Rock|[from] move: Rapid Spin|[of] p2a: Donphan
|
|-heal|p1a: Penetrateur|371\/373|[from] item: Black Sludge
|-heal|p2a: Donphan|279\/384 psn|[from] item: Leftovers
|-damage|p2a: Donphan|231\/384 psn|[from] psn
|turn|15
|
|move|p1a: Penetrateur|Brave Bird|p2a: Donphan
|-damage|p2a: Donphan|146\/384 psn
|-damage|p1a: Penetrateur|343\/373|[from] recoil|[of] p2a: Donphan
|move|p2a: Donphan|Knock Off|p1a: Penetrateur
|-damage|p1a: Penetrateur|231\/373
|-enditem|p1a: Penetrateur|Black Sludge|[from] move: Knock Off|[of] p2a: Donphan
|
|-heal|p2a: Donphan|170\/384 psn|[from] item: Leftovers
|-damage|p2a: Donphan|122\/384 psn|[from] psn
|turn|16
|
|move|p1a: Penetrateur|Brave Bird|p2a: Donphan
|-damage|p2a: Donphan|40\/384 psn
|-damage|p1a: Penetrateur|204\/373|[from] recoil|[of] p2a: Donphan
|move|p2a: Donphan|Stealth Rock|p1a: Penetrateur
|-sidestart|p1: mliok|move: Stealth Rock
|
|-heal|p2a: Donphan|64\/384 psn|[from] item: Leftovers
|-damage|p2a: Donphan|16\/384 psn|[from] psn
|turn|17
|
|move|p1a: Penetrateur|Defog|p2a: Donphan
|-unboost|p2a: Donphan|evasion|1
|-sideend|p1: mliok|Stealth Rock|[from] move: Defog|[of] p1a: Penetrateur
|move|p2a: Donphan|Stealth Rock|p1a: Penetrateur
|-sidestart|p1: mliok|move: Stealth Rock
|
|-heal|p2a: Donphan|40\/384 psn|[from] item: Leftovers
|-damage|p2a: Donphan|0 fnt|[from] psn
|faint|p2a: Donphan
|
|switch|p2a: Florges|Florges, F|330\/330
|turn|18
|
|switch|p1a: Eldemenageur|Toxicroak, M|277\/307
|-damage|p1a: Eldemenageur|258\/307|[from] Stealth Rock
|move|p2a: Florges|Psychic|p1a: Eldemenageur
|-supereffective|p1a: Eldemenageur
|-damage|p1a: Eldemenageur|0 fnt
|faint|p1a: Eldemenageur
|
|
|switch|p1a: Choppa|Jirachi|402\/404
|-damage|p1a: Choppa|377\/404|[from] Stealth Rock
|turn|19
|c|âwoooops|predicting?
|
|switch|p2a: Rotom-Heat|Rotom-Heat|181\/241 slp
|move|p1a: Choppa|Iron Head|p2a: Rotom-Heat
|-resisted|p2a: Rotom-Heat
|-damage|p2a: Rotom-Heat|159\/241 slp
|
|-heal|p1a: Choppa|402\/404|[from] item: Leftovers
|turn|20
|
|switch|p1a: Penis snake|Milotic, M|394\/394
|-damage|p1a: Penis snake|345\/394|[from] Stealth Rock
|cant|p2a: Rotom-Heat|slp
|
|-heal|p1a: Penis snake|369\/394|[from] item: Leftovers
|turn|21
|
|switch|p2a: likes it wet|Toxicroak, F|308\/308
|switch|p1a: Penetrateur|Crobat, M|204\/373
|-damage|p1a: Penetrateur|111\/373|[from] Stealth Rock
|
|turn|22
|
|switch|p2a: Rotom-Heat|Rotom-Heat|159\/241 slp
|move|p1a: Penetrateur|Roost|p1a: Penetrateur
|-heal|p1a: Penetrateur|298\/373
|
|turn|23
|
|cant|p2a: Rotom-Heat|slp
|move|p1a: Penetrateur|Defog|p2a: Rotom-Heat
|-unboost|p2a: Rotom-Heat|evasion|1
|-sideend|p1: mliok|Stealth Rock|[from] move: Defog|[of] p1a: Penetrateur
|
|turn|24
|c|âwoooops|oh nvm
|
|switch|p1a: Penis snake|Milotic, M|369\/394
|-curestatus|p2a: Rotom-Heat|slp
|move|p2a: Rotom-Heat|Volt Switch|p1a: Penis snake
|-supereffective|p1a: Penis snake
|-damage|p1a: Penis snake|225\/394
|
|switch|p2a: Snorlax|Snorlax, F|524\/524
|
|-heal|p1a: Penis snake|249\/394|[from] item: Leftovers
|turn|25
|
|switch|p1a: MaisMeurtBordel|Tangrowth, F|404\/404 brn
|move|p2a: Snorlax|Curse|p2a: Snorlax
|-boost|p2a: Snorlax|atk|1
|-boost|p2a: Snorlax|def|1
|-unboost|p2a: Snorlax|spe|1
|
|-damage|p1a: MaisMeurtBordel|354\/404 brn|[from] brn
|turn|26
|
|move|p1a: MaisMeurtBordel|Knock Off|p2a: Snorlax
|-damage|p2a: Snorlax|483\/524
|-enditem|p2a: Snorlax|Leftovers|[from] move: Knock Off|[of] p1a: MaisMeurtBordel
|move|p2a: Snorlax|Curse|p2a: Snorlax
|-boost|p2a: Snorlax|atk|1
|-boost|p2a: Snorlax|def|1
|-unboost|p2a: Snorlax|spe|1
|
|-damage|p1a: MaisMeurtBordel|304\/404 brn|[from] brn
|turn|27
|
|move|p1a: MaisMeurtBordel|Sleep Powder|p2a: Snorlax
|-status|p2a: Snorlax|slp
|cant|p2a: Snorlax|slp
|
|-damage|p1a: MaisMeurtBordel|254\/404 brn|[from] brn
|turn|28
|
|switch|p1a: Choppa|Jirachi|402\/404
|cant|p2a: Snorlax|slp
|move|p2a: Snorlax|Sleep Talk|p2a: Snorlax
|move|p2a: Snorlax|Rest|p2a: Snorlax|[from]Sleep Talk
|-fail|p2a: Snorlax
|
|-heal|p1a: Choppa|404\/404|[from] item: Leftovers
|turn|29
|
|move|p1a: Choppa|Stealth Rock|p2a: Snorlax
|-sidestart|p2: woooops|move: Stealth Rock
|cant|p2a: Snorlax|slp
|move|p2a: Snorlax|Sleep Talk|p2a: Snorlax
|move|p2a: Snorlax|Body Slam|p1a: Choppa|[from]Sleep Talk
|-resisted|p1a: Choppa
|-damage|p1a: Choppa|303\/404
|
|-heal|p1a: Choppa|328\/404|[from] item: Leftovers
|turn|30
|
|move|p1a: Choppa|Iron Head|p2a: Snorlax
|-damage|p2a: Snorlax|413\/524 slp
|-curestatus|p2a: Snorlax|slp
|cant|p2a: Snorlax|flinch
|
|-heal|p1a: Choppa|353\/404|[from] item: Leftovers
|turn|31
|
|move|p1a: Choppa|Iron Head|p2a: Snorlax
|-damage|p2a: Snorlax|343\/524
|move|p2a: Snorlax|Body Slam|p1a: Choppa
|-crit|p1a: Choppa
|-resisted|p1a: Choppa
|-damage|p1a: Choppa|200\/404
|
|-heal|p1a: Choppa|225\/404|[from] item: Leftovers
|turn|32
|
|move|p1a: Choppa|Thunder Wave|p2a: Snorlax
|-status|p2a: Snorlax|par
|move|p2a: Snorlax|Curse|p2a: Snorlax
|-boost|p2a: Snorlax|atk|1
|-boost|p2a: Snorlax|def|1
|-unboost|p2a: Snorlax|spe|1
|
|-heal|p1a: Choppa|250\/404|[from] item: Leftovers
|turn|33
|
|move|p1a: Choppa|Iron Head|p2a: Snorlax
|-damage|p2a: Snorlax|285\/524 par
|cant|p2a: Snorlax|par
|
|-heal|p1a: Choppa|275\/404|[from] item: Leftovers
|turn|34
|
|move|p1a: Choppa|Iron Head|p2a: Snorlax
|-damage|p2a: Snorlax|234\/524 par
|cant|p2a: Snorlax|flinch
|
|-heal|p1a: Choppa|300\/404|[from] item: Leftovers
|turn|35
|
|move|p1a: Choppa|Iron Head|p2a: Snorlax
|-crit|p2a: Snorlax
|-damage|p2a: Snorlax|44\/524 par
|move|p2a: Snorlax|Rest|p2a: Snorlax
|-status|p2a: Snorlax|slp
|-heal|p2a: Snorlax|524\/524 slp|[silent]
|-status|p2a: Snorlax|slp|[from] move: Rest
|
|-heal|p1a: Choppa|325\/404|[from] item: Leftovers
|turn|36
|
|switch|p2a: Rotom-Heat|Rotom-Heat|159\/241
|-damage|p2a: Rotom-Heat|99\/241|[from] Stealth Rock
|move|p1a: Choppa|Iron Head|p2a: Rotom-Heat
|-resisted|p2a: Rotom-Heat
|-damage|p2a: Rotom-Heat|78\/241
|
|-heal|p1a: Choppa|350\/404|[from] item: Leftovers
|turn|37
|
|switch|p1a: Penis snake|Milotic, M|249\/394
|move|p2a: Rotom-Heat|Trick|p1a: Penis snake
|-activate|p2a: Rotom-Heat|move: Trick|[of] p1a: Penis snake
|-item|p1a: Penis snake|Choice Scarf|[from] move: Trick
|-item|p2a: Rotom-Heat|Leftovers|[from] move: Trick
|
|-heal|p2a: Rotom-Heat|93\/241|[from] item: Leftovers
|turn|38
|
|move|p2a: Rotom-Heat|Volt Switch|p1a: Penis snake
|-supereffective|p1a: Penis snake
|-damage|p1a: Penis snake|117\/394
|
|switch|p2a: likes it wet|Toxicroak, F|308\/308
|-damage|p2a: likes it wet|289\/308|[from] Stealth Rock
|move|p1a: Penis snake|Mirror Coat|p2a: likes it wet
|-damage|p2a: likes it wet|25\/308
|
|turn|39
|
|switch|p1a: MaisMeurtBordel|Tangrowth, F|388\/404 brn
|move|p2a: likes it wet|Drain Punch|p1a: MaisMeurtBordel
|-damage|p1a: MaisMeurtBordel|289\/404 brn
|-heal|p2a: likes it wet|75\/308|[from] drain|[of] p1a: MaisMeurtBordel
|-damage|p2a: likes it wet|24\/308|[from] item: Rocky Helmet|[of] p1a: MaisMeurtBordel
|-damage|p2a: likes it wet|0 fnt|[from] item: Life Orb
|faint|p2a: likes it wet
|
|-damage|p1a: MaisMeurtBordel|239\/404 brn|[from] brn
|
|switch|p2a: Florges|Florges, F|330\/330
|-damage|p2a: Florges|289\/330|[from] Stealth Rock
|turn|40
|
|move|p2a: Florges|Hidden Power|p1a: MaisMeurtBordel
|-supereffective|p1a: MaisMeurtBordel
|-damage|p1a: MaisMeurtBordel|1\/404 brn
|move|p1a: MaisMeurtBordel|Sleep Powder|p2a: Florges
|-status|p2a: Florges|slp
|
|-heal|p2a: Florges|309\/330 slp|[from] item: Leftovers
|-damage|p1a: MaisMeurtBordel|0 fnt|[from] brn
|faint|p1a: MaisMeurtBordel
|
|switch|p1a: Choppa|Jirachi|350\/404
|turn|41
|
|switch|p2a: Rotom-Heat|Rotom-Heat|93\/241
|-damage|p2a: Rotom-Heat|33\/241|[from] Stealth Rock
|move|p1a: Choppa|Iron Head|p2a: Rotom-Heat
|-resisted|p2a: Rotom-Heat
|-damage|p2a: Rotom-Heat|12\/241
|
|-heal|p2a: Rotom-Heat|27\/241|[from] item: Leftovers
|-heal|p1a: Choppa|375\/404|[from] item: Leftovers
|turn|42
|
|switch|p1a: Penis snake|Milotic, M|117\/394
|move|p2a: Rotom-Heat|Will-O-Wisp|p1a: Penis snake
|-status|p1a: Penis snake|brn
|
|-heal|p2a: Rotom-Heat|42\/241|[from] item: Leftovers
|-damage|p1a: Penis snake|68\/394 brn|[from] brn
|turn|43
|
|move|p2a: Rotom-Heat|Volt Switch|p1a: Penis snake
|-supereffective|p1a: Penis snake
|-damage|p1a: Penis snake|0 fnt
|faint|p1a: Penis snake
|
|switch|p2a: Florges|Florges, F|309\/330 slp
|-damage|p2a: Florges|268\/330 slp|[from] Stealth Rock
|
|-heal|p2a: Florges|288\/330 slp|[from] item: Leftovers
|
|switch|p1a: Penetrateur|Crobat, M|298\/373
|turn|44
|
|switch|p2a: Rotom-Heat|Rotom-Heat|42\/241
|-damage|p2a: Rotom-Heat|0 fnt|[from] Stealth Rock
|faint|p2a: Rotom-Heat
|move|p1a: Penetrateur|Brave Bird|p2: Rotom-Heat|[notarget]
|-notarget
|
|
|switch|p2a: Snorlax|Snorlax, F|524\/524 slp
|-damage|p2a: Snorlax|459\/524 slp|[from] Stealth Rock
|turn|45
|
|move|p1a: Penetrateur|Brave Bird|p2a: Snorlax
|-damage|p2a: Snorlax|275\/524 slp
|-damage|p1a: Penetrateur|237\/373|[from] recoil|[of] p2a: Snorlax
|cant|p2a: Snorlax|slp
|move|p2a: Snorlax|Sleep Talk|p2a: Snorlax
|move|p2a: Snorlax|Curse|p2a: Snorlax|[from]Sleep Talk
|-boost|p2a: Snorlax|atk|1
|-boost|p2a: Snorlax|def|1
|-unboost|p2a: Snorlax|spe|1
|
|turn|46
|
|move|p1a: Penetrateur|Brave Bird|p2a: Snorlax
|-damage|p2a: Snorlax|154\/524 slp
|-damage|p1a: Penetrateur|197\/373|[from] recoil|[of] p2a: Snorlax
|cant|p2a: Snorlax|slp
|move|p2a: Snorlax|Sleep Talk|p2a: Snorlax
|move|p2a: Snorlax|Body Slam|p1a: Penetrateur|[from]Sleep Talk
|-damage|p1a: Penetrateur|7\/373
|-status|p1a: Penetrateur|par
|
|turn|47
|
|move|p1a: Penetrateur|Brave Bird|p2a: Snorlax
|-damage|p2a: Snorlax|37\/524 slp
|-damage|p1a: Penetrateur|0 fnt|[from] recoil|[of] p2a: Snorlax
|faint|p1a: Penetrateur
|-curestatus|p2a: Snorlax|slp
|move|p2a: Snorlax|Rest|p2a: Snorlax
|-status|p2a: Snorlax|slp
|-heal|p2a: Snorlax|524\/524 slp|[silent]
|-status|p2a: Snorlax|slp|[from] move: Rest
|
|
|switch|p1a: Choppa|Jirachi|375\/404
|turn|48
|
|move|p1a: Choppa|Iron Head|p2a: Snorlax
|-damage|p2a: Snorlax|436\/524 slp
|cant|p2a: Snorlax|slp
|cant|p2a: Snorlax|flinch
|
|-heal|p1a: Choppa|400\/404|[from] item: Leftovers
|turn|49
|
|move|p1a: Choppa|Iron Head|p2a: Snorlax
|-damage|p2a: Snorlax|345\/524 slp
|cant|p2a: Snorlax|slp
|cant|p2a: Snorlax|flinch
|
|-heal|p1a: Choppa|404\/404|[from] item: Leftovers
|turn|50
|
|move|p1a: Choppa|Iron Head|p2a: Snorlax
|-damage|p2a: Snorlax|263\/524 slp
|-curestatus|p2a: Snorlax|slp
|cant|p2a: Snorlax|flinch
|
|turn|51
|
|switch|p2a: Superrrr|Gourgeist-Super, F|169\/374 tox
|-damage|p2a: Superrrr|123\/374 tox|[from] Stealth Rock
|-item|p1a: Choppa|Leftovers|[from] ability: Frisk|[of] p2a: Superrrr|[identify]
|move|p1a: Choppa|Thunder Wave|p2a: Superrrr
|-fail|p2a: Superrrr
|
|-damage|p2a: Superrrr|100\/374 tox|[from] psn
|turn|52
|
|move|p1a: Choppa|Iron Head|p2a: Superrrr
|-damage|p2a: Superrrr|13\/374 tox
|cant|p2a: Superrrr|flinch
|
|-damage|p2a: Superrrr|0 fnt|[from] psn
|faint|p2a: Superrrr
|c|âwoooops|nice bs hax
|
|switch|p2a: Snorlax|Snorlax, F|263\/524
|-damage|p2a: Snorlax|198\/524|[from] Stealth Rock
|turn|53
|
|move|p1a: Choppa|Iron Head|p2a: Snorlax
|-damage|p2a: Snorlax|57\/524
|move|p2a: Snorlax|Body Slam|p1a: Choppa
|-resisted|p1a: Choppa
|-damage|p1a: Choppa|348\/404
|
|-heal|p1a: Choppa|373\/404|[from] item: Leftovers
|turn|54
|
|move|p1a: Choppa|Iron Head|p2a: Snorlax
|-damage|p2a: Snorlax|0 fnt
|faint|p2a: Snorlax
|
|-heal|p1a: Choppa|398\/404|[from] item: Leftovers
|c|âwoooops|won off hax, grats
|
|switch|p2a: Florges|Florges, F|288\/330 slp
|-damage|p2a: Florges|247\/330 slp|[from] Stealth Rock
|turn|55
|
|move|p1a: Choppa|Iron Head|p2a: Florges
|-supereffective|p2a: Florges
|-damage|p2a: Florges|0 fnt
|faint|p2a: Florges
|
|win|mliok
|raw|Ladder updating...