|join|turnofflakeside
|join|Mliok
|player|p1|turnofflakeside|2
|player|p2|Mliok|169
|gametype|singles
|gen|6
|tier|UU
|rated
|rule|Sleep Clause Mod: Limit one foe put to sleep
|rule|Species Clause: Limit one of each PokÃ©mon
|rule|OHKO Clause: OHKO moves are banned
|rule|Moody Clause: Moody is banned
|rule|Evasion Moves Clause: Evasion moves are banned
|rule|Endless Battle Clause: Forcing endless battles is banned
|rule|HP Percentage Mod: HP is shown in percentages
|clearpoke
|poke|p1|Reuniclus, M
|poke|p1|Ampharos, F
|poke|p1|Cofagrigus, M
|poke|p1|Forretress, F
|poke|p1|Slowking, M
|poke|p1|Hariyama, M
|poke|p2|Mienshao, F
|poke|p2|Empoleon, M
|poke|p2|Chandelure, M
|poke|p2|Florges, F
|poke|p2|Hippowdon, F
|poke|p2|Noivern, F
|rule|Swagger Clause: Swagger is banned
|rule|Baton Pass Clause: Limit one PokÃ©mon knowing Baton Pass
|teampreview
|
|start
|switch|p1a: Cofagrigus|Cofagrigus, M|319\/319
|switch|p2a: Chandelure|Chandelure, M|324\/324
|turn|1
|
|switch|p2a: Empoleon|Empoleon, M|310\/310
|move|p1a: Cofagrigus|Trick Room|p1a: Cofagrigus
|-fieldstart|move: Trick Room|[of] p1a: Cofagrigus
|
|turn|2
|
|move|p1a: Cofagrigus|Nasty Plot|p1a: Cofagrigus
|-boost|p1a: Cofagrigus|spa|2
|move|p2a: Empoleon|Toxic|p1a: Cofagrigus
|-status|p1a: Cofagrigus|tox
|
|-damage|p1a: Cofagrigus|300\/319 tox|[from] psn
|turn|3
|
|move|p1a: Cofagrigus|Hidden Power|p2a: Empoleon
|-supereffective|p2a: Empoleon
|-damage|p2a: Empoleon|118\/310
|move|p2a: Empoleon|Scald|p1a: Cofagrigus
|-crit|p1a: Cofagrigus
|-damage|p1a: Cofagrigus|155\/319 tox
|
|-heal|p2a: Empoleon|137\/310|[from] item: Leftovers
|-damage|p1a: Cofagrigus|117\/319 tox|[from] psn
|turn|4
|c|âturnofflakeside|lol crit
|
|switch|p2a: Florges|Florges, F|360\/360
|move|p1a: Cofagrigus|Shadow Ball|p2a: Florges
|-damage|p2a: Florges|216\/360
|
|-heal|p2a: Florges|238\/360|[from] item: Leftovers
|-damage|p1a: Cofagrigus|60\/319 tox|[from] psn
|turn|5
|
|move|p2a: Florges|Protect|p2a: Florges
|-singleturn|p2a: Florges|Protect
|move|p1a: Cofagrigus|Shadow Ball|p2a: Florges
|-activate|p2a: Florges|Protect
|
|-heal|p2a: Florges|260\/360|[from] item: Leftovers
|-damage|p1a: Cofagrigus|0 fnt|[from] psn
|-fieldend|move: Trick Room
|faint|p1a: Cofagrigus
|
|switch|p1a: Reuniclus|Reuniclus, M|424\/424
|turn|6
|
|switch|p2a: Hippowdon|Hippowdon, F|420\/420
|-weather|Sandstorm
|move|p1a: Reuniclus|Calm Mind|p1a: Reuniclus
|-boost|p1a: Reuniclus|spa|1
|-boost|p1a: Reuniclus|spd|1
|
|-weather|Sandstorm|[upkeep]
|turn|7
|
|move|p2a: Hippowdon|Roar|p1a: Reuniclus
|drag|p1a: Forretress|Forretress, F|354\/354
|
|-weather|Sandstorm|[upkeep]
|turn|8
|
|switch|p2a: Chandelure|Chandelure, M|324\/324
|move|p1a: Forretress|Stealth Rock|p2a: Chandelure
|-sidestart|p2: Mliok|move: Stealth Rock
|
|-weather|Sandstorm|[upkeep]
|-damage|p2a: Chandelure|304\/324|[from] sandstorm
|-heal|p2a: Chandelure|324\/324|[from] item: Leftovers
|turn|9
|
|move|p2a: Chandelure|Shadow Ball|p1a: Forretress
|-damage|p1a: Forretress|162\/354
|move|p1a: Forretress|Spikes|p2a: Chandelure
|-sidestart|p2: Mliok|Spikes
|
|-weather|Sandstorm|[upkeep]
|-damage|p2a: Chandelure|304\/324|[from] sandstorm
|-heal|p2a: Chandelure|324\/324|[from] item: Leftovers
|-heal|p1a: Forretress|184\/354|[from] item: Leftovers
|turn|10
|
|move|p2a: Chandelure|Substitute|p2a: Chandelure
|-start|p2a: Chandelure|Substitute
|-damage|p2a: Chandelure|243\/324
|move|p1a: Forretress|Spikes|p2a: Chandelure
|-sidestart|p2: Mliok|Spikes
|
|-weather|none
|-heal|p2a: Chandelure|263\/324|[from] item: Leftovers
|-heal|p1a: Forretress|206\/354|[from] item: Leftovers
|turn|11
|
|move|p2a: Chandelure|Calm Mind|p2a: Chandelure
|-boost|p2a: Chandelure|spa|1
|-boost|p2a: Chandelure|spd|1
|move|p1a: Forretress|Spikes|p2a: Chandelure
|-sidestart|p2: Mliok|Spikes
|
|-heal|p2a: Chandelure|283\/324|[from] item: Leftovers
|-heal|p1a: Forretress|228\/354|[from] item: Leftovers
|turn|12
|
|move|p2a: Chandelure|Flamethrower|p1a: Forretress
|-supereffective|p1a: Forretress
|-damage|p1a: Forretress|0 fnt
|faint|p1a: Forretress
|
|-heal|p2a: Chandelure|303\/324|[from] item: Leftovers
|
|switch|p1a: Ampharos|Ampharos, F|384\/384
|turn|13
|
|detailschange|p1a: Ampharos|Ampharos-Mega, F
|message|Ampharos has Mega Evolved into Mega Ampharos!
|-ability|p1a: Ampharos|Mold Breaker
|move|p2a: Chandelure|Calm Mind|p2a: Chandelure
|-boost|p2a: Chandelure|spa|1
|-boost|p2a: Chandelure|spd|1
|move|p1a: Ampharos|Volt Switch|p2a: Chandelure
|-activate|p2a: Chandelure|Substitute|[damage]
|
|switch|p1a: Reuniclus|Reuniclus, M|424\/424
|
|-heal|p2a: Chandelure|323\/324|[from] item: Leftovers
|turn|14
|
|move|p2a: Chandelure|Shadow Ball|p1a: Reuniclus
|-supereffective|p1a: Reuniclus
|-damage|p1a: Reuniclus|0 fnt
|faint|p1a: Reuniclus
|
|-heal|p2a: Chandelure|324\/324|[from] item: Leftovers
|-message|turnofflakeside forfeited.
|
|win|Mliok
|raw|Ladder updating...
|leave|turnofflakeside
|player|p1
|raw|turnofflakeside's rating: 1219 &rarr; <strong>1195<\/strong><br \/>(-24 for losing)
|raw|Mliok's rating: 1239 &rarr; <strong>1263<\/strong><br \/>(+24 for winning)