|join|mliok
|join|Kim Jung Unfezant
|c|âmliok|gl
|player|p1|mliok|170
|player|p2|Kim Jung Unfezant|87
|gametype|singles
|gen|6
|tier|UU
|rated
|rule|Sleep Clause Mod: Limit one foe put to sleep
|rule|Species Clause: Limit one of each PokÃ©mon
|rule|OHKO Clause: OHKO moves are banned
|rule|Moody Clause: Moody is banned
|rule|Evasion Moves Clause: Evasion moves are banned
|rule|Endless Battle Clause: Forcing endless battles is banned
|rule|HP Percentage Mod: HP is shown in percentages
|clearpoke
|poke|p1|Tangrowth, F
|poke|p1|Milotic, M
|poke|p1|Toxicroak, M
|poke|p1|Jirachi
|poke|p1|Crobat, M
|poke|p1|Ampharos, F, shiny
|poke|p2|Whimsicott, M
|poke|p2|Jirachi
|poke|p2|Tentacruel, M
|poke|p2|Hydreigon, F
|poke|p2|Dugtrio, F
|poke|p2|Chandelure, M
|rule|Swagger Clause: Swagger is banned
|rule|Baton Pass Clause: Limit one PokÃ©mon knowing Baton Pass
|teampreview
|
|start
|switch|p1a: MaisMeurtBordel|Tangrowth, F|404\/404
|switch|p2a: Hydreigon|Hydreigon, F|325\/325
|turn|1
|
|switch|p1a: Penis snake|Milotic, M|394\/394
|move|p2a: Hydreigon|U-turn|p1a: Penis snake
|-damage|p1a: Penis snake|329\/394
|
|switch|p2a: Whimsicott|Whimsicott, M|262\/262
|
|-heal|p1a: Penis snake|353\/394|[from] item: Leftovers
|turn|2
|
|move|p2a: Whimsicott|Energy Ball|p1a: Penis snake
|-supereffective|p1a: Penis snake
|-damage|p1a: Penis snake|125\/394
|move|p1a: Penis snake|Toxic|p2a: Whimsicott
|-status|p2a: Whimsicott|tox
|
|-heal|p1a: Penis snake|149\/394|[from] item: Leftovers
|-damage|p2a: Whimsicott|246\/262 tox|[from] psn
|turn|3
|
|switch|p2a: Dugtrio|Dugtrio, F|211\/211
|switch|p1a: Penetrateur|Crobat, M|373\/373
|
|turn|4
|
|switch|p2a: Jirachi|Jirachi|371\/371
|move|p1a: Penetrateur|Brave Bird|p2a: Jirachi
|-resisted|p2a: Jirachi
|-damage|p2a: Jirachi|311\/371
|-damage|p1a: Penetrateur|353\/373|[from] recoil|[of] p2a: Jirachi
|
|-heal|p1a: Penetrateur|373\/373|[from] item: Black Sludge
|-heal|p2a: Jirachi|334\/371|[from] item: Leftovers
|turn|5
|
|switch|p1a: MaisMeurtBordel|Tangrowth, F|404\/404
|move|p2a: Jirachi|Stealth Rock|p1a: MaisMeurtBordel
|-sidestart|p1: mliok|move: Stealth Rock
|
|-heal|p2a: Jirachi|357\/371|[from] item: Leftovers
|turn|6
|
|move|p2a: Jirachi|U-turn|p1a: MaisMeurtBordel
|-supereffective|p1a: MaisMeurtBordel
|-damage|p1a: MaisMeurtBordel|318\/404
|-damage|p2a: Jirachi|296\/371|[from] item: Rocky Helmet|[of] p1a: MaisMeurtBordel
|
|switch|p2a: Whimsicott|Whimsicott, M|246\/262 tox
|move|p1a: MaisMeurtBordel|Knock Off|p2a: Whimsicott
|-resisted|p2a: Whimsicott
|-damage|p2a: Whimsicott|202\/262 tox
|-enditem|p2a: Whimsicott|Choice Specs|[from] move: Knock Off|[of] p1a: MaisMeurtBordel
|
|-damage|p2a: Whimsicott|186\/262 tox|[from] psn
|turn|7
|
|switch|p1a: Penetrateur|Crobat, M|373\/373
|-damage|p1a: Penetrateur|280\/373|[from] Stealth Rock
|move|p2a: Whimsicott|Psychic|p1a: Penetrateur
|-supereffective|p1a: Penetrateur
|-damage|p1a: Penetrateur|108\/373
|
|-heal|p1a: Penetrateur|131\/373|[from] item: Black Sludge
|-damage|p2a: Whimsicott|154\/262 tox|[from] psn
|turn|8
|
|switch|p2a: Jirachi|Jirachi|296\/371
|move|p1a: Penetrateur|Defog|p2a: Jirachi
|-unboost|p2a: Jirachi|evasion|1
|-sideend|p1: mliok|Stealth Rock|[from] move: Defog|[of] p1a: Penetrateur
|
|-heal|p1a: Penetrateur|154\/373|[from] item: Black Sludge
|-heal|p2a: Jirachi|319\/371|[from] item: Leftovers
|turn|9
|
|move|p1a: Penetrateur|Roost|p1a: Penetrateur
|-heal|p1a: Penetrateur|341\/373
|move|p2a: Jirachi|Stealth Rock|p1a: Penetrateur
|-sidestart|p1: mliok|move: Stealth Rock
|
|-heal|p1a: Penetrateur|364\/373|[from] item: Black Sludge
|-heal|p2a: Jirachi|342\/371|[from] item: Leftovers
|turn|10
|
|switch|p1a: Loreal|Ampharos, F, shiny|384\/384
|-damage|p1a: Loreal|336\/384|[from] Stealth Rock
|move|p2a: Jirachi|Iron Head|p1a: Loreal
|-resisted|p1a: Loreal
|-damage|p1a: Loreal|291\/384
|
|-heal|p2a: Jirachi|365\/371|[from] item: Leftovers
|turn|11
|
|detailschange|p1a: Loreal|Ampharos-Mega, F, shiny
|-mega|p1a: Loreal|Ampharos|Ampharosite
|-ability|p1a: Loreal|Mold Breaker
|move|p2a: Jirachi|U-turn|p1a: Loreal
|-damage|p1a: Loreal|250\/384
|
|switch|p2a: Dugtrio|Dugtrio, F|211\/211
|move|p1a: Loreal|Dragon Pulse|p2a: Dugtrio
|-damage|p2a: Dugtrio|0 fnt
|faint|p2a: Dugtrio
|
|
|switch|p2a: Hydreigon|Hydreigon, F|325\/325
|turn|12
|
|switch|p1a: Choppa|Jirachi|404\/404
|-damage|p1a: Choppa|379\/404|[from] Stealth Rock
|move|p2a: Hydreigon|Dark Pulse|p1a: Choppa
|-supereffective|p1a: Choppa
|-damage|p1a: Choppa|187\/404
|
|-heal|p1a: Choppa|212\/404|[from] item: Leftovers
|turn|13
|
|move|p2a: Hydreigon|Dark Pulse|p1a: Choppa
|-supereffective|p1a: Choppa
|-damage|p1a: Choppa|26\/404
|cant|p1a: Choppa|flinch
|
|-heal|p1a: Choppa|51\/404|[from] item: Leftovers
|turn|14
|c|âKim Jung Unfezant|lol
|c|âmliok|:(
|
|move|p2a: Hydreigon|Dark Pulse|p1a: Choppa
|-supereffective|p1a: Choppa
|-damage|p1a: Choppa|0 fnt
|faint|p1a: Choppa
|
|
|switch|p1a: Eldemenageur|Toxicroak, M|307\/307
|-damage|p1a: Eldemenageur|288\/307|[from] Stealth Rock
|turn|15
|
|switch|p2a: Jirachi|Jirachi|365\/371
|move|p1a: Eldemenageur|Substitute|p1a: Eldemenageur
|-start|p1a: Eldemenageur|Substitute
|-damage|p1a: Eldemenageur|212\/307
|
|-heal|p2a: Jirachi|371\/371|[from] item: Leftovers
|turn|16
|
|move|p1a: Eldemenageur|Sucker Punch|p2a: Jirachi
|-supereffective|p2a: Jirachi
|-damage|p2a: Jirachi|116\/371
|-damage|p1a: Eldemenageur|182\/307|[from] item: Life Orb
|move|p2a: Jirachi|Iron Head|p1a: Eldemenageur
|-end|p1a: Eldemenageur|Substitute
|
|-heal|p2a: Jirachi|139\/371|[from] item: Leftovers
|turn|17
|
|move|p2a: Jirachi|Iron Head|p1a: Eldemenageur
|-damage|p1a: Eldemenageur|31\/307
|cant|p1a: Eldemenageur|flinch
|
|-heal|p2a: Jirachi|162\/371|[from] item: Leftovers
|turn|18
|
|switch|p2a: Hydreigon|Hydreigon, F|325\/325
|move|p1a: Eldemenageur|Drain Punch|p2a: Hydreigon
|-supereffective|p2a: Hydreigon
|-damage|p2a: Hydreigon|0 fnt
|-heal|p1a: Eldemenageur|194\/307|[from] drain|[of] p2a: Hydreigon
|-damage|p1a: Eldemenageur|164\/307|[from] item: Life Orb
|faint|p2a: Hydreigon
|
|c|âKim Jung Unfezant|NO
|
|switch|p2a: Whimsicott|Whimsicott, M|154\/262 tox
|turn|19
|c|âKim Jung Unfezant|SHIT
|
|switch|p1a: Penis snake|Milotic, M|149\/394
|-damage|p1a: Penis snake|100\/394|[from] Stealth Rock
|move|p2a: Whimsicott|Psychic|p1a: Penis snake
|-crit|p1a: Penis snake
|-damage|p1a: Penis snake|31\/394
|
|-heal|p1a: Penis snake|55\/394|[from] item: Leftovers
|-damage|p2a: Whimsicott|138\/262 tox|[from] psn
|turn|20
|
|switch|p1a: Penetrateur|Crobat, M|364\/373
|-damage|p1a: Penetrateur|271\/373|[from] Stealth Rock
|move|p2a: Whimsicott|Energy Ball|p1a: Penetrateur
|-resisted|p1a: Penetrateur
|-damage|p1a: Penetrateur|240\/373
|
|-heal|p1a: Penetrateur|263\/373|[from] item: Black Sludge
|-damage|p2a: Whimsicott|106\/262 tox|[from] psn
|turn|21
|
|switch|p2a: Tentacruel|Tentacruel, M|361\/361
|move|p1a: Penetrateur|Brave Bird|p2a: Tentacruel
|-damage|p2a: Tentacruel|229\/361
|-damage|p1a: Penetrateur|219\/373|[from] recoil|[of] p2a: Tentacruel
|
|-heal|p1a: Penetrateur|242\/373|[from] item: Black Sludge
|-heal|p2a: Tentacruel|251\/361|[from] item: Black Sludge
|turn|22
|
|move|p1a: Penetrateur|Brave Bird|p2a: Tentacruel
|-damage|p2a: Tentacruel|121\/361
|-damage|p1a: Penetrateur|199\/373|[from] recoil|[of] p2a: Tentacruel
|move|p2a: Tentacruel|Knock Off|p1a: Penetrateur
|-damage|p1a: Penetrateur|134\/373
|-enditem|p1a: Penetrateur|Black Sludge|[from] move: Knock Off|[of] p2a: Tentacruel
|
|-heal|p2a: Tentacruel|143\/361|[from] item: Black Sludge
|turn|23
|
|move|p1a: Penetrateur|Brave Bird|p2a: Tentacruel
|-damage|p2a: Tentacruel|10\/361
|-damage|p1a: Penetrateur|90\/373|[from] recoil|[of] p2a: Tentacruel
|move|p2a: Tentacruel|Scald|p1a: Penetrateur
|-damage|p1a: Penetrateur|0 fnt
|faint|p1a: Penetrateur
|
|-heal|p2a: Tentacruel|32\/361|[from] item: Black Sludge
|
|switch|p1a: Loreal|Ampharos-Mega, F, shiny|250\/384
|-damage|p1a: Loreal|202\/384|[from] Stealth Rock
|-ability|p1a: Loreal|Mold Breaker
|turn|24
|
|switch|p1a: Eldemenageur|Toxicroak, M|164\/307
|-damage|p1a: Eldemenageur|145\/307|[from] Stealth Rock
|move|p2a: Tentacruel|Scald|p1a: Eldemenageur
|-heal|p1a: Eldemenageur|221\/307|[from] ability: Dry Skin|[of] p2a: Tentacruel
|
|-heal|p2a: Tentacruel|54\/361|[from] item: Black Sludge
|turn|25
|
|move|p1a: Eldemenageur|Substitute|p1a: Eldemenageur
|-start|p1a: Eldemenageur|Substitute
|-damage|p1a: Eldemenageur|145\/307
|move|p2a: Tentacruel|Knock Off|p1a: Eldemenageur
|-resisted|p1a: Eldemenageur
|-activate|p1a: Eldemenageur|Substitute|[damage]
|
|-heal|p2a: Tentacruel|76\/361|[from] item: Black Sludge
|turn|26
|
|switch|p2a: Chandelure|Chandelure, M|289\/289
|move|p1a: Eldemenageur|Gunk Shot|p2a: Chandelure
|-resisted|p2a: Chandelure
|-damage|p2a: Chandelure|137\/289
|-status|p2a: Chandelure|psn
|-damage|p1a: Eldemenageur|115\/307|[from] item: Life Orb
|
|-heal|p2a: Chandelure|155\/289 psn|[from] item: Leftovers
|-damage|p2a: Chandelure|119\/289 psn|[from] psn
|turn|27
|
|move|p1a: Eldemenageur|Sucker Punch|p2a: Chandelure
|-fail|p2a: Chandelure
|move|p2a: Chandelure|Substitute|p2a: Chandelure
|-start|p2a: Chandelure|Substitute
|-damage|p2a: Chandelure|47\/289 psn
|
|-heal|p2a: Chandelure|65\/289 psn|[from] item: Leftovers
|-damage|p2a: Chandelure|29\/289 psn|[from] psn
|turn|28
|c|âKim Jung Unfezant|That poison
|
|switch|p1a: Penis snake|Milotic, M|55\/394
|-damage|p1a: Penis snake|6\/394|[from] Stealth Rock
|move|p2a: Chandelure|Shadow Ball|p1a: Penis snake
|-damage|p1a: Penis snake|0 fnt
|faint|p1a: Penis snake
|
|-heal|p2a: Chandelure|47\/289 psn|[from] item: Leftovers
|-damage|p2a: Chandelure|11\/289 psn|[from] psn
|c|âKim Jung Unfezant|ruined a lot
|c|âKim Jung Unfezant|!data gunk shot
|c|~|\/data-move Gunk Shot

|c|âKim Jung Unfezant|sigh
|
|switch|p1a: Loreal|Ampharos-Mega, F, shiny|202\/384
|-damage|p1a: Loreal|154\/384|[from] Stealth Rock
|-ability|p1a: Loreal|Mold Breaker
|turn|29
|
|move|p2a: Chandelure|Shadow Ball|p1a: Loreal
|-damage|p1a: Loreal|31\/384
|move|p1a: Loreal|Rest|p1a: Loreal
|-status|p1a: Loreal|slp
|-heal|p1a: Loreal|384\/384 slp|[silent]
|-status|p1a: Loreal|slp|[from] move: Rest
|
|-heal|p2a: Chandelure|29\/289 psn|[from] item: Leftovers
|-damage|p2a: Chandelure|0 fnt|[from] psn
|faint|p2a: Chandelure
|
|switch|p2a: Whimsicott|Whimsicott, M|106\/262 tox
|turn|30
|
|move|p2a: Whimsicott|Moonblast|p1a: Loreal
|-supereffective|p1a: Loreal
|-damage|p1a: Loreal|172\/384 slp
|cant|p1a: Loreal|slp
|move|p1a: Loreal|Sleep Talk|p1a: Loreal
|move|p1a: Loreal|Dragon Pulse|p2a: Whimsicott|[from]Sleep Talk
|-immune|p2a: Whimsicott|[msg]
|
|-damage|p2a: Whimsicott|90\/262 tox|[from] psn
|turn|31
|
|move|p2a: Whimsicott|Moonblast|p1a: Loreal
|-supereffective|p1a: Loreal
|-damage|p1a: Loreal|0 fnt
|faint|p1a: Loreal
|
|-damage|p2a: Whimsicott|58\/262 tox|[from] psn
|
|switch|p1a: Eldemenageur|Toxicroak, M|115\/307
|-damage|p1a: Eldemenageur|96\/307|[from] Stealth Rock
|turn|32
|
|move|p1a: Eldemenageur|Sucker Punch|p2a: Whimsicott
|-resisted|p2a: Whimsicott
|-damage|p2a: Whimsicott|0 fnt
|-damage|p1a: Eldemenageur|66\/307|[from] item: Life Orb
|faint|p2a: Whimsicott
|
|
|switch|p2a: Jirachi|Jirachi|162\/371
|turn|33
|
|move|p2a: Jirachi|Stealth Rock|p1a: Eldemenageur
|-fail|p1a: Eldemenageur
|move|p1a: Eldemenageur|Drain Punch|p2a: Jirachi
|-damage|p2a: Jirachi|0 fnt
|-heal|p1a: Eldemenageur|147\/307|[from] drain|[of] p2a: Jirachi
|-damage|p1a: Eldemenageur|117\/307|[from] item: Life Orb
|faint|p2a: Jirachi
|
|-message|Kim Jung Unfezant forfeited.
|leave|Kim Jung Unfezant
|c|âmliok|:)
|
|win|mliok
|raw|Ladder updating...
|player|p2
|raw|mliok's rating: 1436 &rarr; <strong>1452<\/strong><br \/>(+16 for winning)
|raw|Kim Jung Unfezant's rating: 1371 &rarr; <strong>1354<\/strong><br \/>(-17 for losing)