|join|reachzero
|join|Yanmega Skrillex
|player|p1|reachzero|15
|player|p2|Yanmega Skrillex|37
|gametype|singles
|tier|UU
|rule|Sleep Clause Mod: Limit one foe put to sleep
|rule|Species Clause: Limit one of each Pokemon
|rule|OHKO Clause: OHKO moves are banned
|rule|Moody Clause: Moody is banned
|rule|Evasion Moves Clause: Evasion moves are banned
|rule|HP Percentage Mod: HP is reported as percentages
|rule|Evasion Abilities Clause: Evasion abilities are banned
|clearpoke
|poke|p1|Scrafty, M, shiny
|poke|p1|Zapdos
|poke|p1|Azumarill, F, shiny
|poke|p1|Amoonguss, M, shiny
|poke|p1|Snorlax, F
|poke|p1|Swampert, F
|poke|p2|Abomasnow, F
|poke|p2|Clefable, F
|poke|p2|Chandelure, F
|poke|p2|Walrein, F
|poke|p2|Blastoise, M
|poke|p2|Nidoqueen, F
|teampreview
|callback|decision
|join|Hulavuta
|chat|Yanmega Skrillex|Need to practice for tomorrow.
|
|start
|switch|p1a: Scrafty|Scrafty, M, shiny|334\/334
|switch|p2a: Frosty|Abomasnow, F|364\/364
|-weather|Hail|[from] ability: Snow Warning|[of] p2a: Frosty
|turn|1
|callback|decision
|join|phantom vortex
|
|move|p2a: Frosty|Leech Seed|p1a: Scrafty
|-start|p1a: Scrafty|move: Leech Seed
|move|p1a: Scrafty|Bulk Up|p1a: Scrafty
|-boost|p1a: Scrafty|atk|1
|-boost|p1a: Scrafty|def|1
|
|-weather|Hail|[upkeep]
|-damage|p1a: Scrafty|314\/334|[from] hail
|-heal|p1a: Scrafty|334\/334|[from] item: Leftovers
|-damage|p1a: Scrafty|293\/334|[from] Leech Seed|[of] p2a: Frosty
|turn|2
|callback|decision
|chat|phantom vortex|c'mon reach!
|join|Ms Chanandler Bong
|
|switch|p2a: Rawrr|Nidoqueen, F|384\/384
|move|p1a: Scrafty|Drain Punch|p2a: Rawrr
|-resisted|p2a: Rawrr
|-damage|p2a: Rawrr|332\/384
|-heal|p1a: Scrafty|319\/334|[from] drain|[of] p2a: Rawrr
|
|-weather|Hail|[upkeep]
|-damage|p2a: Rawrr|308\/384|[from] hail
|-damage|p1a: Scrafty|299\/334|[from] hail
|-heal|p2a: Rawrr|332\/384|[from] item: Leftovers
|-heal|p1a: Scrafty|319\/334|[from] item: Leftovers
|-damage|p1a: Scrafty|278\/334|[from] Leech Seed|[of] p2a: Rawrr
|-heal|p2a: Rawrr|373\/384|[silent]
|turn|3
|callback|decision
|
|move|p2a: Rawrr|Stealth Rock|p1a: Scrafty
|-sidestart|p1: reachzero|move: Stealth Rock
|move|p1a: Scrafty|Zen Headbutt|p2a: Rawrr
|-supereffective|p2a: Rawrr
|-damage|p2a: Rawrr|225\/384
|
|-weather|Hail|[upkeep]
|-damage|p2a: Rawrr|201\/384|[from] hail
|-damage|p1a: Scrafty|258\/334|[from] hail
|-heal|p2a: Rawrr|225\/384|[from] item: Leftovers
|-heal|p1a: Scrafty|278\/334|[from] item: Leftovers
|-damage|p1a: Scrafty|237\/334|[from] Leech Seed|[of] p2a: Rawrr
|-heal|p2a: Rawrr|266\/384|[silent]
|turn|4
|callback|decision
|
|move|p2a: Rawrr|Earth Power|p1a: Scrafty
|-damage|p1a: Scrafty|162\/334
|move|p1a: Scrafty|Crunch|p2a: Rawrr
|-damage|p2a: Rawrr|169\/384
|
|-weather|Hail|[upkeep]
|-damage|p2a: Rawrr|145\/384|[from] hail
|-damage|p1a: Scrafty|142\/334|[from] hail
|-heal|p2a: Rawrr|169\/384|[from] item: Leftovers
|-heal|p1a: Scrafty|162\/334|[from] item: Leftovers
|-damage|p1a: Scrafty|121\/334|[from] Leech Seed|[of] p2a: Rawrr
|-heal|p2a: Rawrr|210\/384|[silent]
|turn|5
|callback|decision
|
|switch|p1a: Snorlax|Snorlax, F|461\/461
|-damage|p1a: Snorlax|404\/461|[from] Stealth Rock
|move|p2a: Rawrr|Earth Power|p1a: Snorlax
|-damage|p1a: Snorlax|328\/461
|
|-weather|Hail|[upkeep]
|-damage|p2a: Rawrr|186\/384|[from] hail
|-damage|p1a: Snorlax|300\/461|[from] hail
|-heal|p2a: Rawrr|210\/384|[from] item: Leftovers
|-heal|p1a: Snorlax|328\/461|[from] item: Leftovers
|turn|6
|callback|decision
|
|switch|p2a: Blaster|Blastoise, M|362\/362
|move|p1a: Snorlax|Body Slam|p2a: Blaster
|-damage|p2a: Blaster|262\/362
|
|-weather|Hail|[upkeep]
|-damage|p2a: Blaster|240\/362|[from] hail
|-damage|p1a: Snorlax|300\/461|[from] hail
|-heal|p2a: Blaster|262\/362|[from] item: Leftovers
|-heal|p1a: Snorlax|328\/461|[from] item: Leftovers
|turn|7
|callback|decision
|
|move|p1a: Snorlax|Body Slam|p2a: Blaster
|-damage|p2a: Blaster|162\/362
|move|p2a: Blaster|Roar|p1a: Snorlax
|drag|p1a: Amoonguss|Amoonguss, M, shiny|432\/432
|-damage|p1a: Amoonguss|378\/432|[from] Stealth Rock
|
|-weather|Hail|[upkeep]
|-damage|p2a: Blaster|140\/362|[from] hail
|-damage|p1a: Amoonguss|351\/432|[from] hail
|-heal|p2a: Blaster|162\/362|[from] item: Leftovers
|-heal|p1a: Amoonguss|378\/432|[from] item: Leftovers
|turn|8
|callback|decision
|
|switch|p2a: Rawrr|Nidoqueen, F|210\/384
|move|p1a: Amoonguss|Spore|p2a: Rawrr
|-status|p2a: Rawrr|slp
|
|-weather|Hail|[upkeep]
|-damage|p2a: Rawrr|186\/384 slp|[from] hail
|-damage|p1a: Amoonguss|351\/432|[from] hail
|-heal|p2a: Rawrr|210\/384 slp|[from] item: Leftovers
|-heal|p1a: Amoonguss|378\/432|[from] item: Leftovers
|turn|9
|callback|decision
|
|switch|p2a: Fairy Princess|Clefable, F|394\/394
|move|p1a: Amoonguss|Stun Spore|p2a: Fairy Princess
|-status|p2a: Fairy Princess|par
|
|-weather|Hail|[upkeep]
|-damage|p1a: Amoonguss|351\/432|[from] hail
|-heal|p1a: Amoonguss|378\/432|[from] item: Leftovers
|turn|10
|callback|decision
|
|switch|p1a: Scrafty|Scrafty, M, shiny|121\/334
|-damage|p1a: Scrafty|101\/334|[from] Stealth Rock
|move|p2a: Fairy Princess|Knock Off|p1a: Scrafty
|-resisted|p1a: Scrafty
|-damage|p1a: Scrafty|99\/334
|-enditem|p1a: Scrafty|Leftovers|[from] move: Knock Off|[of] p2a: Fairy Princess
|
|-weather|Hail|[upkeep]
|-damage|p1a: Scrafty|79\/334|[from] hail
|turn|11
|callback|decision
|
|move|p1a: Scrafty|Crunch|p2a: Fairy Princess
|-damage|p2a: Fairy Princess|289\/394 par
|move|p2a: Fairy Princess|Seismic Toss|p1a: Scrafty
|-damage|p1a: Scrafty|0 fnt
|faint|p1a: Scrafty
|
|-weather|Hail|[upkeep]
|-heal|p2a: Fairy Princess|313\/394 par|[from] item: Leftovers
|callback|decision
|
|switch|p1a: Azumarill|Azumarill, F, shiny|374\/374
|-damage|p1a: Azumarill|328\/374|[from] Stealth Rock
|turn|12
|callback|decision
|
|move|p1a: Azumarill|Superpower|p2a: Fairy Princess
|-supereffective|p2a: Fairy Princess
|-damage|p2a: Fairy Princess|0 fnt
|-unboost|p1a: Azumarill|atk|1
|-unboost|p1a: Azumarill|def|1
|faint|p2a: Fairy Princess
|
|-weather|Hail|[upkeep]
|-damage|p1a: Azumarill|305\/374|[from] hail
|callback|decision
|
|switch|p2a: Halloween Costume|Chandelure, F|261\/261
|turn|13
|callback|decision
|
|switch|p1a: Snorlax|Snorlax, F|328\/461
|-damage|p1a: Snorlax|271\/461|[from] Stealth Rock
|move|p2a: Halloween Costume|Energy Ball|p1a: Snorlax
|-damage|p1a: Snorlax|142\/461
|
|-weather|Hail|[upkeep]
|-damage|p2a: Halloween Costume|245\/261|[from] hail
|-damage|p1a: Snorlax|114\/461|[from] hail
|-heal|p1a: Snorlax|142\/461|[from] item: Leftovers
|turn|14
|callback|decision
|
|move|p2a: Halloween Costume|Energy Ball|p1a: Snorlax
|-crit|p1a: Snorlax
|-damage|p1a: Snorlax|0 fnt
|faint|p1a: Snorlax
|
|-weather|Hail|[upkeep]
|-damage|p2a: Halloween Costume|229\/261|[from] hail
|callback|decision
|chat|Yanmega Skrillex|:\/
|chat|reachzero|I would like it known that I chose EQ
|
|switch|p1a: Zapdos|Zapdos|383\/383
|-damage|p1a: Zapdos|288\/383|[from] Stealth Rock
|-ability|p1a: Zapdos|Pressure
|turn|15
|callback|decision
|chat|Yanmega Skrillex|:c
|
|switch|p2a: Blaster|Blastoise, M|162\/362
|move|p1a: Zapdos|Drill Peck|p2a: Blaster
|-crit|p2a: Blaster
|-damage|p2a: Blaster|24\/362
|
|-weather|Hail|[upkeep]
|-damage|p1a: Zapdos|265\/383|[from] hail
|-damage|p2a: Blaster|2\/362|[from] hail
|-heal|p1a: Zapdos|288\/383|[from] item: Leftovers
|-heal|p2a: Blaster|24\/362|[from] item: Leftovers
|turn|16
|callback|decision
|
|move|p1a: Zapdos|Drill Peck|p2a: Blaster
|-damage|p2a: Blaster|0 fnt
|faint|p2a: Blaster
|
|-weather|Hail|[upkeep]
|-damage|p1a: Zapdos|265\/383|[from] hail
|-heal|p1a: Zapdos|288\/383|[from] item: Leftovers
|callback|decision
|
|switch|p2a: Halloween Costume|Chandelure, F|229\/261
|turn|17
|callback|decision
|
|move|p1a: Zapdos|Thunderbolt|p2a: Halloween Costume
|-damage|p2a: Halloween Costume|81\/261
|move|p2a: Halloween Costume|Shadow Ball|p1a: Zapdos
|-damage|p1a: Zapdos|0 fnt
|faint|p1a: Zapdos
|
|-weather|Hail|[upkeep]
|-damage|p2a: Halloween Costume|65\/261|[from] hail
|callback|decision
|
|switch|p1a: Azumarill|Azumarill, F, shiny|305\/374
|-damage|p1a: Azumarill|259\/374|[from] Stealth Rock
|turn|18
|callback|decision
|
|switch|p2a: Rawrr|Nidoqueen, F|210\/384 slp
|move|p1a: Azumarill|Aqua Jet|p2a: Rawrr
|-supereffective|p2a: Rawrr
|-damage|p2a: Rawrr|16\/384 slp
|
|-weather|Hail|[upkeep]
|-damage|p2a: Rawrr|0 fnt|[from] hail
|-damage|p1a: Azumarill|236\/374|[from] hail
|faint|p2a: Rawrr
|callback|decision
|
|switch|p2a: Frosty|Abomasnow, F|364\/364
|turn|19
|callback|decision
|
|switch|p1a: Amoonguss|Amoonguss, M, shiny|432\/432
|-damage|p1a: Amoonguss|378\/432|[from] Stealth Rock
|move|p2a: Frosty|Ice Shard|p1a: Amoonguss
|-supereffective|p1a: Amoonguss
|-damage|p1a: Amoonguss|268\/432
|
|-weather|Hail|[upkeep]
|-damage|p1a: Amoonguss|241\/432|[from] hail
|-heal|p1a: Amoonguss|268\/432|[from] item: Leftovers
|turn|20
|callback|decision
|join|lunasena
|chat|Yanmega Skrillex|Shoot i just realized how bad sacing that was
|
|move|p2a: Frosty|Ice Shard|p1a: Amoonguss
|-supereffective|p1a: Amoonguss
|-damage|p1a: Amoonguss|154\/432
|move|p1a: Amoonguss|Sludge Bomb|p2a: Frosty
|-supereffective|p2a: Frosty
|-damage|p2a: Frosty|166\/364
|
|-weather|Hail|[upkeep]
|-damage|p1a: Amoonguss|127\/432|[from] hail
|-heal|p2a: Frosty|188\/364|[from] item: Leftovers
|-heal|p1a: Amoonguss|154\/432|[from] item: Leftovers
|turn|21
|callback|decision
|
|move|p2a: Frosty|Protect|p2a: Frosty
|-singleturn|p2a: Frosty|Protect
|move|p1a: Amoonguss|Sludge Bomb|p2a: Frosty
|-activate|p2a: Frosty|Protect
|
|-weather|Hail|[upkeep]
|-damage|p1a: Amoonguss|127\/432|[from] hail
|-heal|p2a: Frosty|210\/364|[from] item: Leftovers
|-heal|p1a: Amoonguss|154\/432|[from] item: Leftovers
|turn|22
|callback|decision
|leave|phantom vortex
|
|move|p2a: Frosty|Ice Shard|p1a: Amoonguss
|-supereffective|p1a: Amoonguss
|-damage|p1a: Amoonguss|40\/432
|move|p1a: Amoonguss|Spore|p2a: Frosty
|-status|p2a: Frosty|slp
|
|-weather|Hail|[upkeep]
|-damage|p1a: Amoonguss|13\/432|[from] hail
|-heal|p2a: Frosty|232\/364 slp|[from] item: Leftovers
|-heal|p1a: Amoonguss|40\/432|[from] item: Leftovers
|turn|23
|callback|decision
|
|switch|p2a: Walrein|Walrein, F|419\/419
|move|p1a: Amoonguss|Stun Spore|p2a: Walrein
|-status|p2a: Walrein|par
|
|-weather|Hail|[upkeep]
|-damage|p1a: Amoonguss|13\/432|[from] hail
|-heal|p1a: Amoonguss|40\/432|[from] item: Leftovers
|turn|24
|callback|decision
|join|get cooked
|
|move|p1a: Amoonguss|Giga Drain|p2a: Walrein
|-supereffective|p2a: Walrein
|-damage|p2a: Walrein|299\/419 par
|-heal|p1a: Amoonguss|100\/432|[from] drain|[of] p2a: Walrein
|move|p2a: Walrein|Surf|p1a: Amoonguss
|-resisted|p1a: Amoonguss
|-damage|p1a: Amoonguss|37\/432
|
|-weather|Hail|[upkeep]
|-damage|p1a: Amoonguss|10\/432|[from] hail
|-heal|p2a: Walrein|325\/419 par|[from] ability: Ice Body
|-heal|p1a: Amoonguss|37\/432|[from] item: Leftovers
|-heal|p2a: Walrein|351\/419 par|[from] item: Leftovers
|turn|25
|callback|decision
|
|move|p1a: Amoonguss|Giga Drain|p2a: Walrein
|-supereffective|p2a: Walrein
|-damage|p2a: Walrein|225\/419 par
|-heal|p1a: Amoonguss|100\/432|[from] drain|[of] p2a: Walrein
|move|p2a: Walrein|Surf|p1a: Amoonguss
|-resisted|p1a: Amoonguss
|-damage|p1a: Amoonguss|33\/432
|
|-weather|Hail|[upkeep]
|-damage|p1a: Amoonguss|6\/432|[from] hail
|-heal|p2a: Walrein|251\/419 par|[from] ability: Ice Body
|-heal|p1a: Amoonguss|33\/432|[from] item: Leftovers
|-heal|p2a: Walrein|277\/419 par|[from] item: Leftovers
|turn|26
|callback|decision
|
|move|p2a: Walrein|Protect|p2a: Walrein
|-singleturn|p2a: Walrein|Protect
|move|p1a: Amoonguss|Giga Drain|p2a: Walrein
|-activate|p2a: Walrein|Protect
|
|-weather|Hail|[upkeep]
|-damage|p1a: Amoonguss|6\/432|[from] hail
|-heal|p2a: Walrein|303\/419 par|[from] ability: Ice Body
|-heal|p1a: Amoonguss|33\/432|[from] item: Leftovers
|-heal|p2a: Walrein|329\/419 par|[from] item: Leftovers
|turn|27
|callback|decision
|
|switch|p2a: Halloween Costume|Chandelure, F|65\/261
|move|p1a: Amoonguss|Giga Drain|p2a: Halloween Costume
|-resisted|p2a: Halloween Costume
|-damage|p2a: Halloween Costume|26\/261
|-heal|p1a: Amoonguss|53\/432|[from] drain|[of] p2a: Halloween Costume
|
|-weather|Hail|[upkeep]
|-damage|p2a: Halloween Costume|10\/261|[from] hail
|-damage|p1a: Amoonguss|26\/432|[from] hail
|-heal|p1a: Amoonguss|53\/432|[from] item: Leftovers
|turn|28
|callback|decision
|
|switch|p1a: Swampert|Swampert, F|404\/404
|-damage|p1a: Swampert|379\/404|[from] Stealth Rock
|move|p2a: Halloween Costume|Energy Ball|p1a: Swampert
|-supereffective|p1a: Swampert
|-damage|p1a: Swampert|0 fnt
|faint|p1a: Swampert
|
|-weather|Hail|[upkeep]
|-damage|p2a: Halloween Costume|0 fnt|[from] hail
|faint|p2a: Halloween Costume
|callback|decision
|
|switch|p1a: Azumarill|Azumarill, F, shiny|236\/374
|-damage|p1a: Azumarill|190\/374|[from] Stealth Rock
|switch|p2a: Walrein|Walrein, F|329\/419 par
|turn|29
|callback|decision
|
|move|p2a: Walrein|Protect|p2a: Walrein
|-singleturn|p2a: Walrein|Protect
|move|p1a: Azumarill|Superpower|p2a: Walrein
|-activate|p2a: Walrein|Protect
|
|-weather|Hail|[upkeep]
|-damage|p1a: Azumarill|167\/374|[from] hail
|-heal|p2a: Walrein|355\/419 par|[from] ability: Ice Body
|-heal|p2a: Walrein|381\/419 par|[from] item: Leftovers
|turn|30
|callback|decision
|
|switch|p2a: Frosty|Abomasnow, F|232\/364 slp
|move|p1a: Azumarill|Superpower|p2a: Frosty
|-supereffective|p2a: Frosty
|-damage|p2a: Frosty|0 fnt
|-unboost|p1a: Azumarill|atk|1
|-unboost|p1a: Azumarill|def|1
|faint|p2a: Frosty
|
|-weather|Hail|[upkeep]
|-damage|p1a: Azumarill|144\/374|[from] hail
|callback|decision
|
|switch|p2a: Walrein|Walrein, F|381\/419 par
|turn|31
|callback|decision
|
|move|p1a: Azumarill|Superpower|p2a: Walrein
|-supereffective|p2a: Walrein
|-damage|p2a: Walrein|9\/419 par
|-unboost|p1a: Azumarill|atk|1
|-unboost|p1a: Azumarill|def|1
|move|p2a: Walrein|Surf|p1a: Azumarill
|-resisted|p1a: Azumarill
|-damage|p1a: Azumarill|83\/374
|
|-weather|Hail|[upkeep]
|-damage|p1a: Azumarill|60\/374|[from] hail
|-heal|p2a: Walrein|35\/419 par|[from] ability: Ice Body
|-heal|p2a: Walrein|61\/419 par|[from] item: Leftovers
|turn|32
|callback|decision
|
|move|p2a: Walrein|Protect|p2a: Walrein
|-singleturn|p2a: Walrein|Protect
|move|p1a: Azumarill|Superpower|p2a: Walrein
|-activate|p2a: Walrein|Protect
|
|-weather|Hail|[upkeep]
|-damage|p1a: Azumarill|37\/374|[from] hail
|-heal|p2a: Walrein|87\/419 par|[from] ability: Ice Body
|-heal|p2a: Walrein|113\/419 par|[from] item: Leftovers
|turn|33
|callback|decision
|chat|Yanmega Skrillex|i choked that i think
|
|cant|p2a: Walrein|par
|move|p1a: Azumarill|Superpower|p2a: Walrein
|-supereffective|p2a: Walrein
|-damage|p2a: Walrein|0 fnt
|-unboost|p1a: Azumarill|atk|1
|-unboost|p1a: Azumarill|def|1
|faint|p2a: Walrein
|
|win|reachzero
|chat|Yanmega Skrillex|gg
|chat|reachzero|yup, gg
|leave|lunasena