|join|FLCL
|join|reachzero
|player|p1|FLCL|174
|player|p2|reachzero|15
|gametype|singles
|tier|UU
|rule|Sleep Clause Mod: Limit one foe put to sleep
|rule|Species Clause: Limit one of each Pokemon
|rule|OHKO Clause: OHKO moves are banned
|rule|Moody Clause: Moody is banned
|rule|Evasion Moves Clause: Evasion moves are banned
|rule|HP Percentage Mod: HP is reported as percentages
|rule|Evasion Abilities Clause: Evasion abilities are banned
|clearpoke
|poke|p1|Togekiss, F
|poke|p1|Umbreon, M
|poke|p1|Mew
|poke|p1|Rhyperior, F
|poke|p1|Empoleon, M
|poke|p1|Rotom
|poke|p2|Cresselia, F, shiny
|poke|p2|Umbreon, M, shiny
|poke|p2|Swampert, F, shiny
|poke|p2|Zapdos
|poke|p2|Kingdra, M, shiny
|poke|p2|Heracross, M, shiny
|teampreview
|callback|decision
|
|start
|switch|p1a: Empoleon|Empoleon, M|358\/358
|switch|p2a: Kingdra|Kingdra, M, shiny|292\/292
|turn|1
|callback|decision
|
|move|p2a: Kingdra|Hydro Pump|p1a: Empoleon
|-resisted|p1a: Empoleon
|-damage|p1a: Empoleon|228\/358
|move|p1a: Empoleon|Hydro Pump|p2a: Kingdra|[miss]
|-miss|p1a: Empoleon|p2a: Kingdra
|
|turn|2
|callback|decision
|
|switch|p2a: Swampert|Swampert, F, shiny|404\/404
|switch|p1a: Umbreon|Umbreon, M|394\/394
|
|turn|3
|callback|decision
|
|move|p1a: Umbreon|Foul Play|p2a: Swampert
|-damage|p2a: Swampert|313\/404
|move|p2a: Swampert|Stealth Rock|p1a: Umbreon
|-sidestart|p1: FLCL|move: Stealth Rock
|
|-heal|p2a: Swampert|338\/404|[from] item: Leftovers
|turn|4
|callback|decision
|
|move|p1a: Umbreon|Foul Play|p2a: Swampert
|-damage|p2a: Swampert|251\/404
|move|p2a: Swampert|Roar|p1a: Umbreon
|drag|p1a: Togekiss|Togekiss, F|374\/374
|-damage|p1a: Togekiss|281\/374|[from] Stealth Rock
|
|-heal|p1a: Togekiss|304\/374|[from] item: Leftovers
|-heal|p2a: Swampert|276\/404|[from] item: Leftovers
|turn|5
|callback|decision
|
|switch|p2a: Zapdos|Zapdos|382\/382
|-ability|p2a: Zapdos|Pressure
|move|p1a: Togekiss|Air Slash|p2a: Zapdos
|-resisted|p2a: Zapdos
|-damage|p2a: Zapdos|331\/382
|
|-heal|p2a: Zapdos|354\/382|[from] item: Leftovers
|-heal|p1a: Togekiss|327\/374|[from] item: Leftovers
|turn|6
|callback|decision
|
|switch|p2a: Heracross|Heracross, M, shiny|329\/329
|switch|p1a: Umbreon|Umbreon, M|394\/394
|-damage|p1a: Umbreon|345\/394|[from] Stealth Rock
|
|-heal|p1a: Umbreon|369\/394|[from] item: Leftovers
|turn|7
|callback|decision
|
|move|p1a: Umbreon|Protect|p1a: Umbreon
|-singleturn|p1a: Umbreon|Protect
|move|p2a: Heracross|Swords Dance|p2a: Heracross
|-boost|p2a: Heracross|atk|2
|
|-heal|p1a: Umbreon|393\/394|[from] item: Leftovers
|turn|8
|callback|decision
|
|switch|p1a: Rotom|Rotom|241\/241
|-damage|p1a: Rotom|211\/241|[from] Stealth Rock
|move|p2a: Heracross|Megahorn|p1a: Rotom
|-crit|p1a: Rotom
|-resisted|p1a: Rotom
|-damage|p1a: Rotom|0 fnt
|faint|p1a: Rotom
|
|callback|decision
|
|switch|p1a: Mew|Mew|341\/341
|-damage|p1a: Mew|299\/341|[from] Stealth Rock
|turn|9
|callback|decision
|
|switch|p1a: Togekiss|Togekiss, F|327\/374
|-damage|p1a: Togekiss|234\/374|[from] Stealth Rock
|switch|p2a: Umbreon|Umbreon, M, shiny|394\/394
|
|-heal|p1a: Togekiss|257\/374|[from] item: Leftovers
|turn|10
|callback|decision
|
|move|p1a: Togekiss|Roost|p1a: Togekiss
|-heal|p1a: Togekiss|374\/374
|move|p2a: Umbreon|Wish|p2a: Umbreon
|
|turn|11
|callback|decision
|
|switch|p2a: Zapdos|Zapdos|354\/382
|-ability|p2a: Zapdos|Pressure
|move|p1a: Togekiss|Baton Pass|p1a: Togekiss
|callback|decision
|
|switch|p1a: Rhyperior|Rhyperior, F|431\/431
|-damage|p1a: Rhyperior|405\/431|[from] Stealth Rock
|
|-heal|p2a: Zapdos|382\/382|[from] move: Wish|[wisher] Umbreon
|-heal|p1a: Rhyperior|431\/431|[from] item: Leftovers
|turn|12
|callback|decision
|
|switch|p2a: Cresselia|Cresselia, F, shiny|444\/444
|move|p1a: Rhyperior|Stealth Rock|p2a: Cresselia
|-sidestart|p2: reachzero|move: Stealth Rock
|
|turn|13
|callback|decision
|
|switch|p1a: Umbreon|Umbreon, M|393\/394
|-damage|p1a: Umbreon|344\/394|[from] Stealth Rock
|move|p2a: Cresselia|Ice Beam|p1a: Umbreon
|-damage|p1a: Umbreon|307\/394
|
|-heal|p1a: Umbreon|331\/394|[from] item: Leftovers
|turn|14
|callback|decision
|
|switch|p2a: Umbreon|Umbreon, M, shiny|394\/394
|-damage|p2a: Umbreon|345\/394|[from] Stealth Rock
|move|p1a: Umbreon|Foul Play|p2a: Umbreon
|-resisted|p2a: Umbreon
|-damage|p2a: Umbreon|312\/394
|
|-heal|p1a: Umbreon|355\/394|[from] item: Leftovers
|-heal|p2a: Umbreon|336\/394|[from] item: Leftovers
|turn|15
|callback|decision
|
|move|p1a: Umbreon|Wish|p1a: Umbreon
|move|p2a: Umbreon|Wish|p2a: Umbreon
|
|-heal|p1a: Umbreon|379\/394|[from] item: Leftovers
|-heal|p2a: Umbreon|360\/394|[from] item: Leftovers
|turn|16
|callback|decision
|
|switch|p1a: Empoleon|Empoleon, M|228\/358
|-damage|p1a: Empoleon|206\/358|[from] Stealth Rock
|switch|p2a: Heracross|Heracross, M, shiny|329\/329
|-damage|p2a: Heracross|288\/329|[from] Stealth Rock
|
|-heal|p2a: Heracross|329\/329|[from] move: Wish|[wisher] Umbreon
|-heal|p1a: Empoleon|358\/358|[from] move: Wish|[wisher] Umbreon
|turn|17
|callback|decision
|
|move|p2a: Heracross|Close Combat|p1a: Empoleon
|-supereffective|p1a: Empoleon
|-damage|p1a: Empoleon|0 fnt
|-unboost|p2a: Heracross|def|1
|-unboost|p2a: Heracross|spd|1
|faint|p1a: Empoleon
|
|callback|decision
|
|switch|p1a: Mew|Mew|299\/341
|-damage|p1a: Mew|257\/341|[from] Stealth Rock
|turn|18
|callback|decision
|
|switch|p2a: Umbreon|Umbreon, M, shiny|360\/394
|-damage|p2a: Umbreon|311\/394|[from] Stealth Rock
|move|p1a: Mew|Nasty Plot|p1a: Mew
|-boost|p1a: Mew|spa|2
|
|-heal|p1a: Mew|278\/341|[from] item: Leftovers
|-heal|p2a: Umbreon|335\/394|[from] item: Leftovers
|turn|19
|callback|decision
|
|move|p1a: Mew|Nasty Plot|p1a: Mew
|-boost|p1a: Mew|spa|2
|move|p2a: Umbreon|Wish|p2a: Umbreon
|
|-heal|p1a: Mew|299\/341|[from] item: Leftovers
|-heal|p2a: Umbreon|359\/394|[from] item: Leftovers
|turn|20
|callback|decision
|
|move|p1a: Mew|Nasty Plot|p1a: Mew
|-boost|p1a: Mew|spa|2
|move|p2a: Umbreon|Foul Play|p1a: Mew
|-supereffective|p1a: Mew
|-damage|p1a: Mew|135\/341
|
|-heal|p2a: Umbreon|394\/394|[from] move: Wish|[wisher] Umbreon
|-heal|p1a: Mew|156\/341|[from] item: Leftovers
|turn|21
|callback|decision
|
|move|p1a: Mew|Giga Drain|p2a: Umbreon
|-damage|p2a: Umbreon|209\/394
|-heal|p1a: Mew|249\/341|[from] drain|[of] p2a: Umbreon
|move|p2a: Umbreon|Foul Play|p1a: Mew
|-supereffective|p1a: Mew
|-damage|p1a: Mew|63\/341
|
|-heal|p1a: Mew|84\/341|[from] item: Leftovers
|-heal|p2a: Umbreon|233\/394|[from] item: Leftovers
|turn|22
|callback|decision
|
|move|p1a: Mew|Giga Drain|p2a: Umbreon
|-crit|p2a: Umbreon
|-damage|p2a: Umbreon|0 fnt
|-heal|p1a: Mew|201\/341|[from] drain|[of] p2a: Umbreon
|faint|p2a: Umbreon
|
|-heal|p1a: Mew|222\/341|[from] item: Leftovers
|callback|decision
|chat|FLCL|uh
|
|switch|p2a: Cresselia|Cresselia, F, shiny|444\/444
|-damage|p2a: Cresselia|389\/444|[from] Stealth Rock
|turn|23
|callback|decision
|chat|FLCL|sorry about that
|
|move|p1a: Mew|Giga Drain|p2a: Cresselia
|-damage|p2a: Cresselia|139\/444
|-heal|p1a: Mew|341\/341|[from] drain|[of] p2a: Cresselia
|move|p2a: Cresselia|Thunder Wave|p1a: Mew
|-status|p1a: Mew|par
|-status|p2a: Cresselia|par
|
|-heal|p2a: Cresselia|166\/444 par|[from] item: Leftovers
|turn|24
|callback|decision
|
|move|p1a: Mew|Flamethrower|p2a: Cresselia
|-damage|p2a: Cresselia|0 fnt
|faint|p2a: Cresselia
|
|callback|decision
|
|switch|p2a: Kingdra|Kingdra, M, shiny|292\/292
|-damage|p2a: Kingdra|256\/292|[from] Stealth Rock
|turn|25
|callback|decision
|
|move|p2a: Kingdra|Hydro Pump|p1a: Mew|[miss]
|-miss|p2a: Kingdra|p1a: Mew
|move|p1a: Mew|Psyshock|p2a: Kingdra
|-damage|p2a: Kingdra|0 fnt
|faint|p2a: Kingdra
|
|callback|decision
|
|switch|p2a: Zapdos|Zapdos|382\/382
|-damage|p2a: Zapdos|287\/382|[from] Stealth Rock
|-ability|p2a: Zapdos|Pressure
|turn|26
|callback|decision
|
|move|p2a: Zapdos|Substitute|p2a: Zapdos
|-start|p2a: Zapdos|Substitute
|-damage|p2a: Zapdos|192\/382
|move|p1a: Mew|Psyshock|p2a: Zapdos
|-crit|p2a: Zapdos
|-end|p2a: Zapdos|Substitute
|
|-heal|p2a: Zapdos|215\/382|[from] item: Leftovers
|turn|27
|callback|decision
|
|move|p2a: Zapdos|Substitute|p2a: Zapdos
|-start|p2a: Zapdos|Substitute
|-damage|p2a: Zapdos|120\/382
|move|p1a: Mew|Psyshock|p2a: Zapdos
|-end|p2a: Zapdos|Substitute
|
|-heal|p2a: Zapdos|143\/382|[from] item: Leftovers
|turn|28
|callback|decision
|
|move|p2a: Zapdos|Substitute|p2a: Zapdos
|-start|p2a: Zapdos|Substitute
|-damage|p2a: Zapdos|48\/382
|move|p1a: Mew|Psyshock|p2a: Zapdos
|-end|p2a: Zapdos|Substitute
|
|-heal|p2a: Zapdos|71\/382|[from] item: Leftovers
|turn|29
|callback|decision
|
|move|p2a: Zapdos|Thunderbolt|p1a: Mew
|-damage|p1a: Mew|187\/341 par
|move|p1a: Mew|Giga Drain|p2a: Zapdos
|-resisted|p2a: Zapdos
|-damage|p2a: Zapdos|0 fnt
|-heal|p1a: Mew|223\/341 par|[from] drain|[of] p2a: Zapdos
|faint|p2a: Zapdos
|
|-heal|p1a: Mew|244\/341 par|[from] item: Leftovers
|callback|decision
|
|switch|p2a: Heracross|Heracross, M, shiny|329\/329
|-damage|p2a: Heracross|288\/329|[from] Stealth Rock
|turn|30
|callback|decision
|
|move|p2a: Heracross|Megahorn|p1a: Mew
|-supereffective|p1a: Mew
|-damage|p1a: Mew|0 fnt
|faint|p1a: Mew
|
|-heal|p2a: Heracross|308\/329|[from] item: Leftovers
|callback|decision
|
|switch|p1a: Togekiss|Togekiss, F|374\/374
|-damage|p1a: Togekiss|281\/374|[from] Stealth Rock
|turn|31
|callback|decision
|
|switch|p2a: Swampert|Swampert, F, shiny|276\/404
|-damage|p2a: Swampert|251\/404|[from] Stealth Rock
|move|p1a: Togekiss|Air Slash|p2a: Swampert
|-crit|p2a: Swampert
|-damage|p2a: Swampert|40\/404
|
|-heal|p1a: Togekiss|304\/374|[from] item: Leftovers
|-heal|p2a: Swampert|65\/404|[from] item: Leftovers
|turn|32
|callback|decision
|
|move|p1a: Togekiss|Air Slash|p2a: Swampert
|-damage|p2a: Swampert|0 fnt
|faint|p2a: Swampert
|
|-heal|p1a: Togekiss|327\/374|[from] item: Leftovers
|callback|decision
|
|switch|p2a: Heracross|Heracross, M, shiny|308\/329
|-damage|p2a: Heracross|267\/329|[from] Stealth Rock
|turn|33
|callback|decision
|
|move|p2a: Heracross|Stone Edge|p1a: Togekiss
|-supereffective|p1a: Togekiss
|-damage|p1a: Togekiss|127\/374
|move|p1a: Togekiss|Air Slash|p2a: Heracross
|-supereffective|p2a: Heracross
|-damage|p2a: Heracross|0 fnt
|faint|p2a: Heracross
|
|win|FLCL
|chat|FLCL|sorry for the hax
|chat|FLCL|:(