|join|TPO3
|join|reachzero
|player|p1|TPO3|169
|player|p2|reachzero|15
|gametype|singles
|tier|UU
|rule|Sleep Clause Mod: Limit one foe put to sleep
|rule|Species Clause: Limit one of each Pokemon
|rule|OHKO Clause: OHKO moves are banned
|rule|Moody Clause: Moody is banned
|rule|Evasion Moves Clause: Evasion moves are banned
|rule|HP Percentage Mod: HP is reported as percentages
|rule|Evasion Abilities Clause: Evasion abilities are banned
|clearpoke
|poke|p1|Galvantula, F
|poke|p1|Kingdra, F
|poke|p1|Mienshao, F
|poke|p1|Crustle, M
|poke|p1|Chandelure, M
|poke|p1|Cinccino, M
|poke|p2|Zapdos
|poke|p2|Mew, shiny
|poke|p2|Suicune
|poke|p2|Froslass, F, shiny
|poke|p2|Nidoqueen, F
|poke|p2|Snorlax, M, shiny
|teampreview
|callback|decision
|
|start
|switch|p1a: Galvantula|Galvantula, F|281\/281
|switch|p2a: Mew|Mew, shiny|404\/404
|turn|1
|callback|decision
|
|switch|p1a: Mienshao|Mienshao, F|271\/271
|switch|p2a: Snorlax|Snorlax, M, shiny|461\/461
|
|turn|2
|callback|decision
|join|Dark Azelf
|
|move|p1a: Mienshao|U-turn|p2a: Snorlax
|-damage|p2a: Snorlax|348\/461
|callback|decision
|
|switch|p1a: Crustle|Crustle, M|281\/281
|move|p2a: Snorlax|Earthquake|p1a: Crustle
|-damage|p1a: Crustle|177\/281
|
|-heal|p2a: Snorlax|376\/461|[from] item: Leftovers
|turn|3
|callback|decision
|
|switch|p2a: Nidoqueen|Nidoqueen, F|363\/363
|move|p1a: Crustle|Stealth Rock|p2a: Nidoqueen
|-sidestart|p2: reachzero|move: Stealth Rock
|
|turn|4
|callback|decision
|
|switch|p1a: Kingdra|Kingdra, F|313\/313
|move|p2a: Nidoqueen|Earth Power|p1a: Kingdra
|-damage|p1a: Kingdra|93\/313
|
|turn|5
|callback|decision
|
|switch|p2a: Suicune|Suicune|404\/404
|-damage|p2a: Suicune|354\/404|[from] Stealth Rock
|-ability|p2a: Suicune|Pressure
|move|p1a: Kingdra|Draco Meteor|p2a: Suicune
|-damage|p2a: Suicune|77\/404
|-unboost|p1a: Kingdra|spa|2
|
|-heal|p2a: Suicune|102\/404|[from] item: Leftovers
|turn|6
|callback|decision
|
|move|p1a: Kingdra|Draco Meteor|p2a: Suicune
|-crit|p2a: Suicune
|-damage|p2a: Suicune|0 fnt
|-unboost|p1a: Kingdra|spa|2
|faint|p2a: Suicune
|
|callback|decision
|
|switch|p2a: Snorlax|Snorlax, M, shiny|376\/461
|-damage|p2a: Snorlax|319\/461|[from] Stealth Rock
|turn|7
|callback|decision
|chat|TPO3|relevant crit y\/n
|
|move|p2a: Snorlax|Pursuit|p1a: Kingdra|[from]Pursuit
|-crit|p1a: Kingdra
|-damage|p1a: Kingdra|0 fnt
|faint|p1a: Kingdra
|
|-heal|p2a: Snorlax|347\/461|[from] item: Leftovers
|callback|decision
|
|switch|p1a: Crustle|Crustle, M|177\/281
|turn|8
|callback|decision
|
|switch|p2a: Nidoqueen|Nidoqueen, F|363\/363
|-damage|p2a: Nidoqueen|341\/363|[from] Stealth Rock
|move|p1a: Crustle|Earthquake|p2a: Nidoqueen
|-supereffective|p2a: Nidoqueen
|-damage|p2a: Nidoqueen|93\/363
|
|turn|9
|callback|decision
|
|switch|p1a: Galvantula|Galvantula, F|281\/281
|move|p2a: Nidoqueen|Earth Power|p1a: Galvantula
|-damage|p1a: Galvantula|0 fnt
|faint|p1a: Galvantula
|
|callback|decision
|
|switch|p1a: Cinccino|Cinccino, M|291\/291
|turn|10
|callback|decision
|
|move|p1a: Cinccino|Bullet Seed|p2a: Nidoqueen
|-damage|p2a: Nidoqueen|57\/363
|-damage|p2a: Nidoqueen|24\/363
|-damage|p2a: Nidoqueen|0 fnt
|-hitcount|p2a: Nidoqueen|3
|-damage|p1a: Cinccino|262\/291|[from] item: Life Orb
|faint|p2a: Nidoqueen
|
|callback|decision
|
|switch|p2a: Mew|Mew, shiny|404\/404
|-damage|p2a: Mew|354\/404|[from] Stealth Rock
|turn|11
|callback|decision
|
|move|p1a: Cinccino|U-turn|p2a: Mew
|-supereffective|p2a: Mew
|-damage|p2a: Mew|194\/404
|-damage|p1a: Cinccino|233\/291|[from] item: Life Orb
|callback|decision
|
|switch|p1a: Chandelure|Chandelure, M|293\/293
|move|p2a: Mew|Will-O-Wisp|p1a: Chandelure
|-start|p1a: Chandelure|ability: Flash Fire
|
|-heal|p2a: Mew|219\/404|[from] item: Leftovers
|turn|12
|callback|decision
|
|switch|p2a: Snorlax|Snorlax, M, shiny|347\/461
|-damage|p2a: Snorlax|290\/461|[from] Stealth Rock
|switch|p1a: Crustle|Crustle, M|177\/281
|
|-heal|p2a: Snorlax|318\/461|[from] item: Leftovers
|turn|13
|callback|decision
|join|blackbone
|
|move|p1a: Crustle|Spikes|p2a: Snorlax
|-sidestart|p2: reachzero|Spikes
|move|p2a: Snorlax|Earthquake|p1a: Crustle
|-damage|p1a: Crustle|73\/281
|
|-heal|p2a: Snorlax|346\/461|[from] item: Leftovers
|turn|14
|callback|decision
|
|move|p1a: Crustle|Spikes|p2a: Snorlax
|-sidestart|p2: reachzero|Spikes
|move|p2a: Snorlax|Earthquake|p1a: Crustle
|-damage|p1a: Crustle|0 fnt
|faint|p1a: Crustle
|
|-heal|p2a: Snorlax|374\/461|[from] item: Leftovers
|callback|decision
|
|switch|p1a: Mienshao|Mienshao, F|271\/271
|turn|15
|callback|decision
|
|move|p1a: Mienshao|Stone Edge|p2a: Snorlax
|-damage|p2a: Snorlax|200\/461
|move|p2a: Snorlax|Body Slam|p1a: Mienshao
|-damage|p1a: Mienshao|34\/271
|
|-heal|p2a: Snorlax|228\/461|[from] item: Leftovers
|turn|16
|callback|decision
|
|move|p1a: Mienshao|Stone Edge|p2a: Snorlax|[miss]
|-miss|p1a: Mienshao|p2a: Snorlax
|move|p2a: Snorlax|Pursuit|p1a: Mienshao
|-resisted|p1a: Mienshao
|-damage|p1a: Mienshao|0 fnt
|faint|p1a: Mienshao
|
|-heal|p2a: Snorlax|256\/461|[from] item: Leftovers
|callback|decision
|
|switch|p1a: Cinccino|Cinccino, M|233\/291
|turn|17
|callback|decision
|
|move|p1a: Cinccino|Tail Slap|p2a: Snorlax
|-damage|p2a: Snorlax|186\/461
|-damage|p2a: Snorlax|122\/461
|-crit|p2a: Snorlax
|-damage|p2a: Snorlax|0 fnt
|-hitcount|p2a: Snorlax|3
|-damage|p1a: Cinccino|204\/291|[from] item: Life Orb
|faint|p2a: Snorlax
|
|callback|decision
|
|switch|p2a: Mew|Mew, shiny|219\/404
|-damage|p2a: Mew|169\/404|[from] Stealth Rock
|-damage|p2a: Mew|102\/404|[from] Spikes
|turn|18
|callback|decision
|
|move|p1a: Cinccino|Tail Slap|p2a: Mew
|-damage|p2a: Mew|57\/404
|-damage|p2a: Mew|14\/404
|-damage|p2a: Mew|0 fnt
|-hitcount|p2a: Mew|3
|-damage|p1a: Cinccino|175\/291|[from] item: Life Orb
|faint|p2a: Mew
|
|callback|decision
|
|switch|p2a: Zapdos|Zapdos|383\/383
|-damage|p2a: Zapdos|288\/383|[from] Stealth Rock
|-ability|p2a: Zapdos|Pressure
|turn|19
|callback|decision
|
|move|p1a: Cinccino|Rock Blast|p2a: Zapdos
|-supereffective|p2a: Zapdos
|-damage|p2a: Zapdos|226\/383
|-supereffective|p2a: Zapdos
|-damage|p2a: Zapdos|156\/383
|-supereffective|p2a: Zapdos
|-damage|p2a: Zapdos|86\/383
|-supereffective|p2a: Zapdos
|-damage|p2a: Zapdos|18\/383
|-supereffective|p2a: Zapdos
|-damage|p2a: Zapdos|0 fnt
|-hitcount|p2a: Zapdos|5
|-damage|p1a: Cinccino|146\/291|[from] item: Life Orb
|faint|p2a: Zapdos
|
|callback|decision
|
|switch|p2a: Froslass|Froslass, F, shiny|343\/343
|-damage|p2a: Froslass|286\/343|[from] Spikes
|-damage|p2a: Froslass|201\/343|[from] Stealth Rock
|turn|20
|callback|decision
|chat|reachzero|gg
|chat|TPO3|gg
|
|move|p1a: Cinccino|Rock Blast|p2a: Froslass
|-supereffective|p2a: Froslass
|-damage|p2a: Froslass|115\/343
|-supereffective|p2a: Froslass
|-damage|p2a: Froslass|37\/343
|-supereffective|p2a: Froslass
|-damage|p2a: Froslass|0 fnt
|-hitcount|p2a: Froslass|3
|-damage|p1a: Cinccino|117\/291|[from] item: Life Orb
|faint|p2a: Froslass
|
|win|TPO3