|join|kd24
|join|reachzero
|player|p1|kd24|1
|player|p2|reachzero|15
|gametype|singles
|tier|UU
|rule|Sleep Clause Mod: Limit one foe put to sleep
|rule|Species Clause: Limit one of each Pokemon
|rule|OHKO Clause: OHKO moves are banned
|rule|Moody Clause: Moody is banned
|rule|Evasion Moves Clause: Evasion moves are banned
|rule|HP Percentage Mod: HP is reported as percentages
|rule|Evasion Abilities Clause: Evasion abilities are banned
|clearpoke
|poke|p1|Weavile, M
|poke|p1|Shaymin
|poke|p1|Rhyperior, M
|poke|p1|Qwilfish, F
|poke|p1|Chandelure, F
|poke|p1|Snorlax, F
|poke|p2|Zapdos
|poke|p2|Mew, shiny
|poke|p2|Suicune
|poke|p2|Froslass, F, shiny
|poke|p2|Nidoqueen, F
|poke|p2|Snorlax, M, shiny
|teampreview
|callback|decision
|chat|kd24|this shit been shaky for me
|chat|kd24|gl
|chat|kd24|my mouse on the frit
|
|start
|switch|p1a: Weavile|Weavile, M|282\/282
|switch|p2a: Suicune|Suicune|404\/404
|-ability|p1a: Weavile|Pressure
|-ability|p2a: Suicune|Pressure
|turn|1
|callback|decision
|
|switch|p1a: Qwilfish|Qwilfish, F|334\/334
|-ability|p1a: Qwilfish|Intimidate|[of] p2a: Suicune
|-unboost|p2a: Suicune|atk|1
|move|p2a: Suicune|Scald|p1a: Qwilfish
|-resisted|p1a: Qwilfish
|-damage|p1a: Qwilfish|260\/334
|
|-heal|p1a: Qwilfish|280\/334|[from] item: Leftovers
|turn|2
|callback|decision
|chat|kd24|man look at u puttin the timer on me already
|
|switch|p2a: Froslass|Froslass, F, shiny|343\/343
|move|p1a: Qwilfish|Spikes|p2a: Froslass
|-sidestart|p2: reachzero|Spikes
|
|-heal|p1a: Qwilfish|300\/334|[from] item: Leftovers
|turn|3
|callback|decision
|
|switch|p1a: Weavile|Weavile, M|282\/282
|-ability|p1a: Weavile|Pressure
|move|p2a: Froslass|Spikes|p1a: Weavile
|-sidestart|p1: kd24|Spikes
|
|turn|4
|callback|decision
|
|switch|p2a: Suicune|Suicune|404\/404
|-damage|p2a: Suicune|354\/404|[from] Spikes
|-ability|p2a: Suicune|Pressure
|move|p1a: Weavile|Night Slash|p2a: Suicune
|-damage|p2a: Suicune|261\/404
|-damage|p1a: Weavile|254\/282|[from] item: Life Orb
|
|-heal|p2a: Suicune|286\/404|[from] item: Leftovers
|turn|5
|callback|decision
|
|switch|p1a: Qwilfish|Qwilfish, F|300\/334
|-damage|p1a: Qwilfish|259\/334|[from] Spikes
|-ability|p1a: Qwilfish|Intimidate|[of] p2a: Suicune
|-unboost|p2a: Suicune|atk|1
|move|p2a: Suicune|Scald|p1a: Qwilfish
|-resisted|p1a: Qwilfish
|-damage|p1a: Qwilfish|186\/334
|
|-heal|p2a: Suicune|311\/404|[from] item: Leftovers
|-heal|p1a: Qwilfish|206\/334|[from] item: Leftovers
|turn|6
|callback|decision
|
|switch|p2a: Nidoqueen|Nidoqueen, F|363\/363
|-damage|p2a: Nidoqueen|318\/363|[from] Spikes
|move|p1a: Qwilfish|Thunder Wave|p2a: Nidoqueen
|-immune|p2a: Nidoqueen|[msg]
|
|-heal|p1a: Qwilfish|226\/334|[from] item: Leftovers
|turn|7
|callback|decision
|
|move|p2a: Nidoqueen|Stealth Rock|p1a: Qwilfish
|-sidestart|p1: kd24|move: Stealth Rock
|move|p1a: Qwilfish|Spikes|p2a: Nidoqueen
|-sidestart|p2: reachzero|Spikes
|
|-heal|p1a: Qwilfish|246\/334|[from] item: Leftovers
|turn|8
|callback|decision
|
|switch|p1a: Shaymin|Shaymin|404\/404
|-damage|p1a: Shaymin|354\/404|[from] Stealth Rock
|-damage|p1a: Shaymin|304\/404|[from] Spikes
|move|p2a: Nidoqueen|Earth Power|p1a: Shaymin
|-resisted|p1a: Shaymin
|-damage|p1a: Shaymin|197\/404
|
|-heal|p1a: Shaymin|222\/404|[from] item: Leftovers
|turn|9
|callback|decision
|
|switch|p2a: Zapdos|Zapdos|383\/383
|-ability|p2a: Zapdos|Pressure
|move|p1a: Shaymin|Substitute|p1a: Shaymin
|-start|p1a: Shaymin|Substitute
|-damage|p1a: Shaymin|121\/404
|
|-heal|p1a: Shaymin|146\/404|[from] item: Leftovers
|turn|10
|callback|decision
|
|move|p2a: Zapdos|Hidden Power|p1a: Shaymin
|-supereffective|p1a: Shaymin
|-end|p1a: Shaymin|Substitute
|move|p1a: Shaymin|Leech Seed|p2a: Zapdos
|-start|p2a: Zapdos|move: Leech Seed
|
|-heal|p1a: Shaymin|171\/404|[from] item: Leftovers
|-damage|p2a: Zapdos|336\/383|[from] Leech Seed|[of] p1a: Shaymin
|-heal|p1a: Shaymin|218\/404|[silent]
|turn|11
|callback|decision
|join|cbt
|
|move|p2a: Zapdos|Hidden Power|p1a: Shaymin
|-supereffective|p1a: Shaymin
|-damage|p1a: Shaymin|8\/404
|move|p1a: Shaymin|Seed Flare|p2a: Zapdos
|-resisted|p2a: Zapdos
|-damage|p2a: Zapdos|249\/383
|
|-heal|p2a: Zapdos|272\/383|[from] item: Leftovers
|-heal|p1a: Shaymin|33\/404|[from] item: Leftovers
|-damage|p2a: Zapdos|225\/383|[from] Leech Seed|[of] p1a: Shaymin
|-heal|p1a: Shaymin|80\/404|[silent]
|turn|12
|callback|decision
|
|move|p2a: Zapdos|Hidden Power|p1a: Shaymin
|-supereffective|p1a: Shaymin
|-damage|p1a: Shaymin|0 fnt
|faint|p1a: Shaymin
|
|-heal|p2a: Zapdos|248\/383|[from] item: Leftovers
|callback|decision
|
|switch|p1a: Rhyperior|Rhyperior, M|434\/434
|-damage|p1a: Rhyperior|380\/434|[from] Spikes
|-damage|p1a: Rhyperior|353\/434|[from] Stealth Rock
|turn|13
|callback|decision
|
|switch|p2a: Suicune|Suicune|311\/404
|-damage|p2a: Suicune|244\/404|[from] Spikes
|-ability|p2a: Suicune|Pressure
|move|p1a: Rhyperior|Stealth Rock|p2a: Suicune
|-sidestart|p2: reachzero|move: Stealth Rock
|
|-heal|p2a: Suicune|269\/404|[from] item: Leftovers
|-heal|p1a: Rhyperior|380\/434|[from] item: Leftovers
|turn|14
|callback|decision
|
|switch|p1a: Qwilfish|Qwilfish, F|246\/334
|-damage|p1a: Qwilfish|205\/334|[from] Stealth Rock
|-damage|p1a: Qwilfish|164\/334|[from] Spikes
|-ability|p1a: Qwilfish|Intimidate|[of] p2a: Suicune
|-unboost|p2a: Suicune|atk|1
|move|p2a: Suicune|Roar|p1a: Qwilfish
|drag|p1a: Chandelure|Chandelure, F|324\/324
|-damage|p1a: Chandelure|243\/324|[from] Stealth Rock
|-damage|p1a: Chandelure|203\/324|[from] Spikes
|
|-heal|p2a: Suicune|294\/404|[from] item: Leftovers
|turn|15
|callback|decision
|join|Ziodyne
|
|switch|p2a: Snorlax|Snorlax, M, shiny|461\/461
|-damage|p2a: Snorlax|404\/461|[from] Stealth Rock
|-damage|p2a: Snorlax|328\/461|[from] Spikes
|switch|p1a: Qwilfish|Qwilfish, F|164\/334
|-damage|p1a: Qwilfish|123\/334|[from] Spikes
|-damage|p1a: Qwilfish|82\/334|[from] Stealth Rock
|-ability|p1a: Qwilfish|Intimidate|[of] p2a: Snorlax
|-unboost|p2a: Snorlax|atk|1
|
|-heal|p1a: Qwilfish|102\/334|[from] item: Leftovers
|-heal|p2a: Snorlax|356\/461|[from] item: Leftovers
|turn|16
|callback|decision
|leave|Ziodyne
|join|Ziodyne
|
|move|p1a: Qwilfish|Spikes|p2a: Snorlax
|-sidestart|p2: reachzero|Spikes
|move|p2a: Snorlax|Earthquake|p1a: Qwilfish
|-supereffective|p1a: Qwilfish
|-damage|p1a: Qwilfish|0 fnt
|faint|p1a: Qwilfish
|
|-heal|p2a: Snorlax|384\/461|[from] item: Leftovers
|callback|decision
|
|switch|p1a: Rhyperior|Rhyperior, M|380\/434
|-damage|p1a: Rhyperior|326\/434|[from] Spikes
|-damage|p1a: Rhyperior|299\/434|[from] Stealth Rock
|turn|17
|callback|decision
|
|switch|p2a: Zapdos|Zapdos|248\/383
|-damage|p2a: Zapdos|153\/383|[from] Stealth Rock
|-ability|p2a: Zapdos|Pressure
|move|p1a: Rhyperior|Earthquake|p2a: Zapdos
|-immune|p2a: Zapdos|[msg]
|
|-heal|p2a: Zapdos|176\/383|[from] item: Leftovers
|-heal|p1a: Rhyperior|326\/434|[from] item: Leftovers
|turn|18
|callback|decision
|
|move|p2a: Zapdos|Hidden Power|p1a: Rhyperior
|-resisted|p1a: Rhyperior
|-damage|p1a: Rhyperior|277\/434
|move|p1a: Rhyperior|Rock Blast|p2a: Zapdos
|-supereffective|p2a: Zapdos
|-damage|p2a: Zapdos|96\/383
|-supereffective|p2a: Zapdos
|-damage|p2a: Zapdos|16\/383
|-supereffective|p2a: Zapdos
|-damage|p2a: Zapdos|0 fnt
|-hitcount|p2a: Zapdos|3
|faint|p2a: Zapdos
|
|-heal|p1a: Rhyperior|304\/434|[from] item: Leftovers
|callback|decision
|
|switch|p2a: Nidoqueen|Nidoqueen, F|318\/363
|-damage|p2a: Nidoqueen|228\/363|[from] Spikes
|-damage|p2a: Nidoqueen|206\/363|[from] Stealth Rock
|turn|19
|callback|decision
|
|move|p2a: Nidoqueen|Earth Power|p1a: Rhyperior
|-crit|p1a: Rhyperior
|-supereffective|p1a: Rhyperior
|-damage|p1a: Rhyperior|0 fnt
|faint|p1a: Rhyperior
|
|callback|decision
|
|switch|p1a: Weavile|Weavile, M|254\/282
|-damage|p1a: Weavile|184\/282|[from] Stealth Rock
|-damage|p1a: Weavile|149\/282|[from] Spikes
|-ability|p1a: Weavile|Pressure
|turn|20
|callback|decision
|
|move|p1a: Weavile|Ice Punch|p2a: Nidoqueen
|-crit|p2a: Nidoqueen
|-supereffective|p2a: Nidoqueen
|-damage|p2a: Nidoqueen|0 fnt
|-damage|p1a: Weavile|121\/282|[from] item: Life Orb
|faint|p2a: Nidoqueen
|
|callback|decision
|
|switch|p2a: Suicune|Suicune|294\/404
|-damage|p2a: Suicune|193\/404|[from] Spikes
|-damage|p2a: Suicune|143\/404|[from] Stealth Rock
|-ability|p2a: Suicune|Pressure
|turn|21
|callback|decision
|
|move|p1a: Weavile|Night Slash|p2a: Suicune
|-damage|p2a: Suicune|40\/404
|-damage|p1a: Weavile|93\/282|[from] item: Life Orb
|move|p2a: Suicune|Roar|p1a: Weavile
|drag|p1a: Chandelure|Chandelure, F|203\/324
|-damage|p1a: Chandelure|122\/324|[from] Stealth Rock
|-damage|p1a: Chandelure|82\/324|[from] Spikes
|
|-heal|p2a: Suicune|65\/404|[from] item: Leftovers
|turn|22
|callback|decision
|
|move|p2a: Suicune|Rest|p2a: Suicune
|-status|p2a: Suicune|slp
|-heal|p2a: Suicune|404\/404 slp|[silent]
|-status|p2a: Suicune|slp|[from] move: Rest
|move|p1a: Chandelure|Energy Ball|p2a: Suicune
|-supereffective|p2a: Suicune
|-damage|p2a: Suicune|120\/404 slp
|-damage|p1a: Chandelure|50\/324|[from] item: Life Orb
|
|-heal|p2a: Suicune|145\/404 slp|[from] item: Leftovers
|turn|23
|callback|decision
|
|cant|p2a: Suicune|slp
|move|p2a: Suicune|Sleep Talk|p2a: Suicune
|move|p2a: Suicune|Roar|p1a: Chandelure|[from]Sleep Talk
|drag|p1a: Weavile|Weavile, M|93\/282
|-damage|p1a: Weavile|23\/282|[from] Stealth Rock
|-damage|p1a: Weavile|0 fnt|[from] Spikes
|faint|p1a: Weavile
|
|-heal|p2a: Suicune|170\/404 slp|[from] item: Leftovers
|callback|decision
|
|switch|p1a: Chandelure|Chandelure, F|50\/324
|-damage|p1a: Chandelure|0 fnt|[from] Stealth Rock
|faint|p1a: Chandelure
|callback|decision
|
|switch|p1a: Snorlax|Snorlax, F|480\/480
|-damage|p1a: Snorlax|420\/480|[from] Stealth Rock
|-damage|p1a: Snorlax|360\/480|[from] Spikes
|turn|24
|callback|decision
|
|switch|p2a: Mew|Mew, shiny|404\/404
|-damage|p2a: Mew|354\/404|[from] Stealth Rock
|-damage|p2a: Mew|253\/404|[from] Spikes
|move|p1a: Snorlax|Curse|p1a: Snorlax
|-boost|p1a: Snorlax|atk|1
|-boost|p1a: Snorlax|def|1
|-unboost|p1a: Snorlax|spe|1
|
|-heal|p2a: Mew|278\/404|[from] item: Leftovers
|-heal|p1a: Snorlax|390\/480|[from] item: Leftovers
|turn|25
|callback|decision
|
|move|p2a: Mew|Will-O-Wisp|p1a: Snorlax
|-status|p1a: Snorlax|brn
|move|p1a: Snorlax|Body Slam|p2a: Mew
|-damage|p2a: Mew|179\/404
|-status|p2a: Mew|par
|
|-heal|p1a: Snorlax|420\/480 brn|[from] item: Leftovers
|-heal|p2a: Mew|204\/404 par|[from] item: Leftovers
|-damage|p1a: Snorlax|360\/480 brn|[from] brn
|turn|26
|callback|decision
|
|move|p1a: Snorlax|Curse|p1a: Snorlax
|-boost|p1a: Snorlax|atk|1
|-boost|p1a: Snorlax|def|1
|-unboost|p1a: Snorlax|spe|1
|move|p2a: Mew|Taunt|p1a: Snorlax
|-start|p1a: Snorlax|move: Taunt
|
|-heal|p2a: Mew|229\/404 par|[from] item: Leftovers
|-heal|p1a: Snorlax|390\/480 brn|[from] item: Leftovers
|-damage|p1a: Snorlax|330\/480 brn|[from] brn
|turn|27
|callback|decision
|
|cant|p2a: Mew|par
|move|p1a: Snorlax|Body Slam|p2a: Mew
|-damage|p2a: Mew|96\/404 par
|
|-heal|p2a: Mew|121\/404 par|[from] item: Leftovers
|-heal|p1a: Snorlax|360\/480 brn|[from] item: Leftovers
|-damage|p1a: Snorlax|300\/480 brn|[from] brn
|turn|28
|callback|decision
|
|move|p2a: Mew|Roost|p2a: Mew
|-heal|p2a: Mew|323\/404 par
|move|p1a: Snorlax|Body Slam|p2a: Mew
|-damage|p2a: Mew|202\/404 par
|
|-heal|p2a: Mew|227\/404 par|[from] item: Leftovers
|-heal|p1a: Snorlax|330\/480 brn|[from] item: Leftovers
|-damage|p1a: Snorlax|270\/480 brn|[from] brn
|turn|29
|callback|decision
|
|move|p2a: Mew|Roost|p2a: Mew
|-heal|p2a: Mew|404\/404 par
|move|p1a: Snorlax|Body Slam|p2a: Mew
|-damage|p2a: Mew|289\/404 par
|
|-heal|p2a: Mew|314\/404 par|[from] item: Leftovers
|-heal|p1a: Snorlax|300\/480 brn|[from] item: Leftovers
|-damage|p1a: Snorlax|240\/480 brn|[from] brn
|-end|p1a: Snorlax|move: Taunt
|turn|30
|callback|decision
|
|move|p2a: Mew|Taunt|p1a: Snorlax
|-start|p1a: Snorlax|move: Taunt
|move|p1a: Snorlax|Body Slam|p2a: Mew
|-damage|p2a: Mew|193\/404 par
|
|-heal|p2a: Mew|218\/404 par|[from] item: Leftovers
|-heal|p1a: Snorlax|270\/480 brn|[from] item: Leftovers
|-damage|p1a: Snorlax|210\/480 brn|[from] brn
|turn|31
|callback|decision
|
|cant|p2a: Mew|par
|move|p1a: Snorlax|Body Slam|p2a: Mew
|-damage|p2a: Mew|97\/404 par
|
|-heal|p2a: Mew|122\/404 par|[from] item: Leftovers
|-heal|p1a: Snorlax|240\/480 brn|[from] item: Leftovers
|-damage|p1a: Snorlax|180\/480 brn|[from] brn
|turn|32
|callback|decision
|
|move|p2a: Mew|Roost|p2a: Mew
|-heal|p2a: Mew|324\/404 par
|move|p1a: Snorlax|Body Slam|p2a: Mew
|-damage|p2a: Mew|192\/404 par
|
|-heal|p2a: Mew|217\/404 par|[from] item: Leftovers
|-heal|p1a: Snorlax|210\/480 brn|[from] item: Leftovers
|-damage|p1a: Snorlax|150\/480 brn|[from] brn
|-end|p1a: Snorlax|move: Taunt
|turn|33
|callback|decision
|join|Numbahs8264
|chat|kd24|aight yo
|chat|kd24|ima go on my own terms
|chat|kd24|and kill that mew
|
|move|p2a: Mew|Taunt|p1a: Snorlax
|-start|p1a: Snorlax|move: Taunt
|move|p1a: Snorlax|Selfdestruct|p2a: Mew
|-damage|p2a: Mew|0 fnt
|faint|p2a: Mew
|faint|p1a: Snorlax
|
|win|reachzero
|chat|reachzero|gg
|chat|kd24|gg