|join|reachzero
|join|TPO3
|player|p1|reachzero|15
|player|p2|TPO3|169
|gametype|singles
|tier|UU
|rule|Sleep Clause Mod: Limit one foe put to sleep
|rule|Species Clause: Limit one of each Pokemon
|rule|OHKO Clause: OHKO moves are banned
|rule|Moody Clause: Moody is banned
|rule|Evasion Moves Clause: Evasion moves are banned
|rule|HP Percentage Mod: HP is reported as percentages
|rule|Evasion Abilities Clause: Evasion abilities are banned
|clearpoke
|poke|p1|Empoleon, M
|poke|p1|Crobat, M
|poke|p1|Suicune, shiny
|poke|p1|Umbreon, F, shiny
|poke|p1|Zapdos, shiny
|poke|p1|Nidoqueen, F
|poke|p2|Heracross, M
|poke|p2|Cofagrigus, M
|poke|p2|Shaymin
|poke|p2|Rhyperior, M
|poke|p2|Froslass, F
|poke|p2|Sharpedo, M
|teampreview
|callback|decision
|
|start
|switch|p1a: bat|Crobat, M|353\/353
|switch|p2a: Tali'Zorah|Froslass, F|281\/281
|turn|1
|callback|decision
|
|move|p1a: bat|Brave Bird|p2a: Tali'Zorah
|-damage|p2a: Tali'Zorah|64\/281
|-damage|p1a: bat|281\/353|[from] recoil|[of] p2a: Tali'Zorah
|move|p2a: Tali'Zorah|Ice Beam|p1a: bat
|-supereffective|p1a: bat
|-damage|p1a: bat|11\/353
|-status|p1a: bat|frz
|
|-heal|p1a: bat|33\/353 frz|[from] item: Black Sludge
|turn|2
|callback|decision
|chat|TPO3|<_<
|
|switch|p1a: cat|Umbreon, F, shiny|393\/393
|move|p2a: Tali'Zorah|Spikes|p1a: cat
|-sidestart|p1: reachzero|Spikes
|
|turn|3
|callback|decision
|
|move|p2a: Tali'Zorah|Spikes|p1a: cat
|-sidestart|p1: reachzero|Spikes
|move|p1a: cat|Heal Bell|p1a: cat
|-cureteam|p1a: cat|[from] move: HealBell
|
|turn|4
|callback|decision
|
|move|p2a: Tali'Zorah|Destiny Bond|p2a: Tali'Zorah
|-singlemove|p2a: Tali'Zorah|Destiny Bond
|move|p1a: cat|Foul Play|p2a: Tali'Zorah
|-supereffective|p2a: Tali'Zorah
|-damage|p2a: Tali'Zorah|0 fnt
|-start|p1a: cat|Disable|Foul Play
|faint|p2a: Tali'Zorah
|-activate|p2a: Tali'Zorah|Destiny Bond
|faint|p1a: cat
|
|callback|decision
|chat|TPO3|CLUTCH DISABLE
|
|switch|p2a: Mordin Solus|Shaymin|341\/341
|switch|p1a: penguin|Empoleon, M|310\/310
|-damage|p1a: penguin|259\/310|[from] Spikes
|turn|5
|callback|decision
|join|cbt
|
|move|p2a: Mordin Solus|Earth Power|p1a: penguin
|-supereffective|p1a: penguin
|-damage|p1a: penguin|11\/310
|-damage|p2a: Mordin Solus|307\/341|[from] item: Life Orb
|move|p1a: penguin|Ice Beam|p2a: Mordin Solus
|-supereffective|p2a: Mordin Solus
|-damage|p2a: Mordin Solus|0 fnt
|faint|p2a: Mordin Solus
|
|callback|decision
|join|Grounded
|
|switch|p2a: Thane Krios|Cofagrigus, M|320\/320
|turn|6
|callback|decision
|
|move|p1a: penguin|Ice Beam|p2a: Thane Krios
|-damage|p2a: Thane Krios|160\/320
|move|p2a: Thane Krios|Nasty Plot|p2a: Thane Krios
|-boost|p2a: Thane Krios|spa|2
|
|-heal|p2a: Thane Krios|180\/320|[from] item: Leftovers
|turn|7
|callback|decision
|
|move|p1a: penguin|Ice Beam|p2a: Thane Krios
|-damage|p2a: Thane Krios|22\/320
|move|p2a: Thane Krios|Trick Room|p2a: Thane Krios
|-fieldstart|move: Trick Room|[of] p2a: Thane Krios
|
|-heal|p2a: Thane Krios|42\/320|[from] item: Leftovers
|turn|8
|callback|decision
|
|move|p2a: Thane Krios|Shadow Ball|p1a: penguin
|-resisted|p1a: penguin
|-damage|p1a: penguin|0 fnt
|faint|p1a: penguin
|
|-heal|p2a: Thane Krios|62\/320|[from] item: Leftovers
|callback|decision
|
|switch|p1a: dog|Suicune, shiny|401\/401
|-damage|p1a: dog|335\/401|[from] Spikes
|-ability|p1a: dog|Pressure
|turn|9
|callback|decision
|
|move|p2a: Thane Krios|Shadow Ball|p1a: dog
|-damage|p1a: dog|116\/401
|move|p1a: dog|Scald|p2a: Thane Krios
|-damage|p2a: Thane Krios|0 fnt
|faint|p2a: Thane Krios
|
|-heal|p1a: dog|141\/401|[from] item: Leftovers
|callback|decision
|
|switch|p2a: Urdnot Grunt|Rhyperior, M|409\/409
|turn|10
|callback|decision
|join|Dark Azelf
|join|blackbone
|
|move|p2a: Urdnot Grunt|Earthquake|p1a: dog
|-damage|p1a: dog|9\/401
|move|p1a: dog|Scald|p2a: Urdnot Grunt
|-supereffective|p2a: Urdnot Grunt
|-damage|p2a: Urdnot Grunt|105\/409
|
|-heal|p2a: Urdnot Grunt|130\/409|[from] item: Leftovers
|-heal|p1a: dog|34\/401|[from] item: Leftovers
|turn|11
|callback|decision
|
|move|p2a: Urdnot Grunt|Rock Blast|p1a: dog
|-damage|p1a: dog|1\/401
|-damage|p1a: dog|0 fnt
|-hitcount|p1a: dog|2
|faint|p1a: dog
|
|-heal|p2a: Urdnot Grunt|155\/409|[from] item: Leftovers
|-fieldend|move: Trick Room
|callback|decision
|
|switch|p1a: rabbit|Nidoqueen, F|364\/364
|-damage|p1a: rabbit|304\/364|[from] Spikes
|turn|12
|callback|decision
|
|move|p1a: rabbit|Ice Beam|p2a: Urdnot Grunt
|-supereffective|p2a: Urdnot Grunt
|-damage|p2a: Urdnot Grunt|0 fnt
|faint|p2a: Urdnot Grunt
|
|callback|decision
|
|switch|p2a: Commander Shepard|Sharpedo, M|281\/281
|turn|13
|callback|decision
|
|switch|p1a: bat|Crobat, M|33\/353
|move|p2a: Commander Shepard|Waterfall|p1a: bat
|-damage|p1a: bat|0 fnt
|-damage|p2a: Commander Shepard|253\/281|[from] item: Life Orb
|faint|p1a: bat
|
|-boost|p2a: Commander Shepard|spe|1|[from] ability: Speed Boost
|callback|decision
|
|switch|p1a: bird|Zapdos, shiny|369\/369
|-ability|p1a: bird|Pressure
|turn|14
|callback|decision
|leave|Grounded
|chat|reachzero|either way, gg
|chat|TPO3|I think so yeah
|
|switch|p2a: Legion|Heracross, M|302\/302
|move|p1a: bird|Thunderbolt|p2a: Legion
|-damage|p2a: Legion|149\/302
|
|turn|15
|callback|decision
|
|switch|p2a: Commander Shepard|Sharpedo, M|253\/281
|switch|p1a: rabbit|Nidoqueen, F|304\/364
|-damage|p1a: rabbit|244\/364|[from] Spikes
|
|turn|16
|callback|decision
|
|move|p2a: Commander Shepard|Waterfall|p1a: rabbit
|-supereffective|p1a: rabbit
|-damage|p1a: rabbit|0 fnt
|-damage|p2a: Commander Shepard|225\/281|[from] item: Life Orb
|faint|p1a: rabbit
|
|-boost|p2a: Commander Shepard|spe|1|[from] ability: Speed Boost
|callback|decision
|
|switch|p1a: bird|Zapdos, shiny|369\/369
|-ability|p1a: bird|Pressure
|turn|17
|callback|decision
|
|move|p2a: Commander Shepard|Waterfall|p1a: bird
|-damage|p1a: bird|144\/369
|-damage|p2a: Commander Shepard|197\/281|[from] item: Life Orb
|move|p1a: bird|Thunderbolt|p2a: Commander Shepard
|-supereffective|p2a: Commander Shepard
|-damage|p2a: Commander Shepard|0 fnt
|faint|p2a: Commander Shepard
|
|-heal|p1a: bird|167\/369|[from] item: Leftovers
|callback|decision
|
|switch|p2a: Legion|Heracross, M|149\/302
|turn|18
|callback|decision
|
|move|p2a: Legion|Stone Edge|p1a: bird
|-supereffective|p1a: bird
|-damage|p1a: bird|0 fnt
|faint|p1a: bird
|-boost|p2a: Legion|atk|1|[from] ability: Moxie
|
|win|TPO3
|chat|TPO3|gg