|join|Psychotic
|join|reachzero
|player|p1|Psychotic|253
|player|p2|reachzero|15
|gametype|singles
|tier|UU
|rule|Sleep Clause: Limit one foe put to sleep
|rule|Species Clause: Limit one of each Pokemon
|rule|OHKO Clause: OHKO moves are banned
|rule|Moody Clause: Moody is banned
|rule|Evasion Moves Clause: Evasion moves are banned
|rule|Evasion Abilities Clause: Evasion abilities are banned
|clearpoke
|poke|p1|Bronzong
|poke|p1|Froslass, F
|poke|p1|Weavile, F
|poke|p1|Kingdra, M
|poke|p1|Chandelure, M
|poke|p1|Lilligant, F
|poke|p2|Mew, shiny
|poke|p2|Chandelure, F
|poke|p2|Amoonguss, M
|poke|p2|Snorlax, M
|poke|p2|Rhyperior, F
|poke|p2|Zapdos
|teampreview
|callback|decision
|join|Hyperbeem
|join|Meraxes
|join|Aurora
|
|start
|switch|p1a: Lilligant|Lilligant, F|281\/281
|switch|p2a: Chandelure|Chandelure, F|303\/303
|turn|1
|callback|decision
|chat|Hyperbeem|good matchup here
|join|WÎ¹shmaker
|chat|Psychotic|not a good lead matchup -_-
|leave|WÎ¹shmaker
|chat|Meraxes|and this is why you need snorlax
|chat|Hyperbeem|lol
|chat|Hyperbeem|go to your chandy
|chat|Hyperbeem|he won't shadow ball
|chat|Meraxes|i bet he has flame body
|chat|Psychotic|ok thanks for the advice
|chat|Meraxes|and gets 2hko'd
|chat|Hyperbeem|yup anytime
|chat|reachzero|I promise
|chat|reachzero|I will not shadow ball
|
|switch|p1a: Froslass|Froslass, F|282\/282
|move|p2a: Chandelure|Substitute|p2a: Chandelure
|-start|p2a: Chandelure|Substitute
|-damage|p2a: Chandelure|228\/303
|
|turn|2
|callback|decision
|chat|Hyperbeem|hp ghost
|join|DZW
|chat|Hyperbeem|rape 
|
|move|p1a: Froslass|Taunt|p2a: Chandelure
|-start|p2a: Chandelure|move: Taunt
|move|p2a: Chandelure|Shadow Ball|p1a: Froslass
|-supereffective|p1a: Froslass
|-enditem|p1a: Froslass|Focus Sash
|-damage|p1a: Froslass|1\/282
|-damage|p2a: Chandelure|198\/303|[from] item: Life Orb
|
|turn|3
|callback|decision
|chat|Meraxes|why would you taunt that is
|chat|Meraxes|very confusing
|
|switch|p2a: Rhyperior|Rhyperior, F|434\/434
|move|p1a: Froslass|Destiny Bond|p1a: Froslass
|-singlemove|p1a: Froslass|Destiny Bond
|
|turn|4
|callback|decision
|chat|Hyperbeem|taunt just for wisp?
|chat|Hyperbeem|o
|chat|Hyperbeem|that
|chat|Hyperbeem|nigga
|join|tbr
|
|move|p1a: Froslass|Taunt|p2a: Rhyperior
|-start|p2a: Rhyperior|move: Taunt
|move|p2a: Rhyperior|Earthquake|p1a: Froslass
|-damage|p1a: Froslass|0 fnt
|-start|p2a: Rhyperior|Disable|Earthquake
|faint|p1a: Froslass
|
|callback|decision
|
|switch|p1a: Lilligant|Lilligant, F|281\/281
|turn|5
|callback|decision
|
|switch|p2a: Mew|Mew, shiny|404\/404
|move|p1a: Lilligant|Sleep Powder|p2a: Mew
|-status|p2a: Mew|slp
|
|turn|6
|callback|decision
|
|switch|p1a: Kingdra|Kingdra, M|291\/291
|switch|p2a: Chandelure|Chandelure, F|198\/303
|
|turn|7
|callback|decision
|
|switch|p2a: Amoonguss|Amoonguss, M|432\/432
|move|p1a: Kingdra|Dragon Pulse|p2a: Amoonguss
|-damage|p2a: Amoonguss|161\/432
|
|-heal|p2a: Amoonguss|188\/432|[from] item: Leftovers
|turn|8
|callback|decision
|
|switch|p2a: Snorlax|Snorlax, M|461\/461
|move|p1a: Kingdra|Dragon Pulse|p2a: Snorlax
|-damage|p2a: Snorlax|293\/461
|
|turn|9
|callback|decision
|chat|Meraxes|oh wow
|chat|Meraxes|this will be fun
|
|move|p1a: Kingdra|Dragon Pulse|p2a: Snorlax
|-crit|p2a: Snorlax
|-damage|p2a: Snorlax|0 fnt
|faint|p2a: Snorlax
|
|callback|decision
|
|switch|p2a: Zapdos|Zapdos|383\/383
|-ability|p2a: Zapdos|Pressure
|turn|10
|callback|decision
|chat|Meraxes|i wonder if reach pursuited
|chat|Meraxes|doubt it
|chat|Meraxes|lol
|
|switch|p1a: Bronzong|Bronzong|338\/338
|move|p2a: Zapdos|Thunderbolt|p1a: Bronzong
|-damage|p1a: Bronzong|226\/338
|
|-heal|p1a: Bronzong|247\/338|[from] item: Leftovers
|turn|11
|callback|decision
|
|move|p2a: Zapdos|Substitute|p2a: Zapdos
|-start|p2a: Zapdos|Substitute
|-damage|p2a: Zapdos|288\/383
|move|p1a: Bronzong|Stealth Rock|p2a: Zapdos
|-sidestart|p2: reachzero|move: Stealth Rock
|
|-heal|p2a: Zapdos|311\/383|[from] item: Leftovers
|-heal|p1a: Bronzong|268\/338|[from] item: Leftovers
|turn|12
|callback|decision
|
|move|p2a: Zapdos|Thunderbolt|p1a: Bronzong
|-damage|p1a: Bronzong|159\/338
|move|p1a: Bronzong|Calm Mind|p1a: Bronzong
|-boost|p1a: Bronzong|spa|1
|-boost|p1a: Bronzong|spd|1
|
|-heal|p2a: Zapdos|334\/383|[from] item: Leftovers
|-heal|p1a: Bronzong|180\/338|[from] item: Leftovers
|turn|13
|callback|decision
|chat|Hyperbeem|lol
|
|move|p2a: Zapdos|Thunderbolt|p1a: Bronzong
|-damage|p1a: Bronzong|101\/338
|move|p1a: Bronzong|Psyshock|p2a: Zapdos
|-end|p2a: Zapdos|Substitute
|
|-heal|p2a: Zapdos|357\/383|[from] item: Leftovers
|-heal|p1a: Bronzong|122\/338|[from] item: Leftovers
|turn|14
|callback|decision
|
|switch|p2a: Rhyperior|Rhyperior, F|434\/434
|-damage|p2a: Rhyperior|407\/434|[from] Stealth Rock
|move|p1a: Bronzong|Psyshock|p2a: Rhyperior
|-damage|p2a: Rhyperior|320\/434
|
|-heal|p2a: Rhyperior|347\/434|[from] item: Leftovers
|-heal|p1a: Bronzong|143\/338|[from] item: Leftovers
|turn|15
|callback|decision
|
|move|p2a: Rhyperior|Stealth Rock|p1a: Bronzong
|-sidestart|p1: Psychotic|move: Stealth Rock
|move|p1a: Bronzong|Flash Cannon|p2a: Rhyperior
|-supereffective|p2a: Rhyperior
|-damage|p2a: Rhyperior|131\/434
|
|-heal|p2a: Rhyperior|158\/434|[from] item: Leftovers
|-heal|p1a: Bronzong|164\/338|[from] item: Leftovers
|turn|16
|callback|decision
|chat|Meraxes|ah damn
|chat|Hyperbeem|hurt
|chat|Meraxes|no grass knot
|
|move|p2a: Rhyperior|Megahorn|p1a: Bronzong
|-damage|p1a: Bronzong|79\/338
|move|p1a: Bronzong|Psyshock|p2a: Rhyperior
|-damage|p2a: Rhyperior|71\/434
|
|-heal|p2a: Rhyperior|98\/434|[from] item: Leftovers
|-heal|p1a: Bronzong|100\/338|[from] item: Leftovers
|turn|17
|callback|decision
|chat|Meraxes|??
|
|move|p2a: Rhyperior|Megahorn|p1a: Bronzong
|-damage|p1a: Bronzong|1\/338
|move|p1a: Bronzong|Psyshock|p2a: Rhyperior
|-damage|p2a: Rhyperior|10\/434
|
|-heal|p2a: Rhyperior|37\/434|[from] item: Leftovers
|-heal|p1a: Bronzong|22\/338|[from] item: Leftovers
|turn|18
|callback|decision
|
|move|p2a: Rhyperior|Megahorn|p1a: Bronzong
|-damage|p1a: Bronzong|0 fnt
|faint|p1a: Bronzong
|
|-heal|p2a: Rhyperior|64\/434|[from] item: Leftovers
|callback|decision
|chat|Hyperbeem|overpred
|chat|Psychotic|no
|chat|Psychotic|wel
|chat|Psychotic|ya
|chat|Psychotic|w\/e
|chat|Meraxes|there was 0 need to predict there tho
|chat|Meraxes|reach doesnt need perior lol
|
|switch|p1a: Kingdra|Kingdra, M|291\/291
|-damage|p1a: Kingdra|255\/291|[from] Stealth Rock
|turn|19
|callback|decision
|
|move|p1a: Kingdra|Dragon Pulse|p2a: Rhyperior
|-damage|p2a: Rhyperior|0 fnt
|faint|p2a: Rhyperior
|
|callback|decision
|chat|Meraxes|not at that HP
|
|switch|p2a: Amoonguss|Amoonguss, M|332\/432
|-damage|p2a: Amoonguss|278\/432|[from] Stealth Rock
|turn|20
|callback|decision
|chat|Meraxes|o man the pixels
|
|move|p1a: Kingdra|Dragon Pulse|p2a: Amoonguss
|-damage|p2a: Amoonguss|40\/432
|move|p2a: Amoonguss|Spore|p1a: Kingdra
|-status|p1a: Kingdra|slp
|
|-heal|p2a: Amoonguss|67\/432|[from] item: Leftovers
|turn|21
|callback|decision
|
|switch|p1a: Chandelure|Chandelure, M|261\/261
|-damage|p1a: Chandelure|196\/261|[from] Stealth Rock
|move|p2a: Amoonguss|Stun Spore|p1a: Chandelure
|-status|p1a: Chandelure|par
|
|-heal|p2a: Amoonguss|94\/432|[from] item: Leftovers
|turn|22
|callback|decision
|
|move|p2a: Amoonguss|Giga Drain|p1a: Chandelure
|-resisted|p1a: Chandelure
|-damage|p1a: Chandelure|157\/261 par
|-heal|p2a: Amoonguss|114\/432|[from] drain|[of] p1a: Chandelure
|cant|p1a: Chandelure|par
|
|-heal|p2a: Amoonguss|141\/432|[from] item: Leftovers
|turn|23
|callback|decision
|
|move|p2a: Amoonguss|Giga Drain|p1a: Chandelure
|-resisted|p1a: Chandelure
|-damage|p1a: Chandelure|118\/261 par
|-heal|p2a: Amoonguss|161\/432|[from] drain|[of] p1a: Chandelure
|cant|p1a: Chandelure|par
|
|-heal|p2a: Amoonguss|188\/432|[from] item: Leftovers
|turn|24
|callback|decision
|
|move|p2a: Amoonguss|Giga Drain|p1a: Chandelure
|-resisted|p1a: Chandelure
|-damage|p1a: Chandelure|76\/261 par
|-heal|p2a: Amoonguss|209\/432|[from] drain|[of] p1a: Chandelure
|move|p1a: Chandelure|Substitute|p1a: Chandelure
|-start|p1a: Chandelure|Substitute
|-damage|p1a: Chandelure|11\/261 par
|
|-heal|p2a: Amoonguss|236\/432|[from] item: Leftovers
|turn|25
|callback|decision
|
|move|p2a: Amoonguss|Giga Drain|p1a: Chandelure
|-crit|p1a: Chandelure
|-resisted|p1a: Chandelure
|-end|p1a: Chandelure|Substitute
|-heal|p2a: Amoonguss|269\/432|[from] drain|[of] p1a: Chandelure
|move|p1a: Chandelure|Pain Split|p2a: Amoonguss
|-sethp|p2a: Amoonguss|140\/432|p1a: Chandelure|140\/261 par|[from] move: Pain Split
|
|-heal|p2a: Amoonguss|167\/432|[from] item: Leftovers
|turn|26
|callback|decision
|
|move|p2a: Amoonguss|Giga Drain|p1a: Chandelure
|-resisted|p1a: Chandelure
|-damage|p1a: Chandelure|95\/261 par
|-heal|p2a: Amoonguss|190\/432|[from] drain|[of] p1a: Chandelure
|move|p1a: Chandelure|Substitute|p1a: Chandelure
|-start|p1a: Chandelure|Substitute
|-damage|p1a: Chandelure|30\/261 par
|
|-heal|p2a: Amoonguss|217\/432|[from] item: Leftovers
|turn|27
|callback|decision
|
|move|p2a: Amoonguss|Giga Drain|p1a: Chandelure
|-resisted|p1a: Chandelure
|-activate|p1a: Chandelure|Substitute|[damage]
|-heal|p2a: Amoonguss|238\/432|[from] drain|[of] p1a: Chandelure
|move|p1a: Chandelure|Fire Blast|p2a: Amoonguss
|-supereffective|p2a: Amoonguss
|-damage|p2a: Amoonguss|0 fnt
|-damage|p1a: Chandelure|4\/261 par|[from] item: Life Orb
|faint|p2a: Amoonguss
|
|callback|decision
|
|switch|p2a: Zapdos|Zapdos|357\/383
|-damage|p2a: Zapdos|262\/383|[from] Stealth Rock
|-ability|p2a: Zapdos|Pressure
|turn|28
|callback|decision
|
|move|p2a: Zapdos|Substitute|p2a: Zapdos
|-start|p2a: Zapdos|Substitute
|-damage|p2a: Zapdos|167\/383
|move|p1a: Chandelure|Shadow Ball|p2a: Zapdos
|-end|p2a: Zapdos|Substitute
|-damage|p1a: Chandelure|0 fnt|[from] item: Life Orb
|faint|p1a: Chandelure
|
|-heal|p2a: Zapdos|190\/383|[from] item: Leftovers
|callback|decision
|
|switch|p1a: Weavile|Weavile, F|282\/282
|-damage|p1a: Weavile|212\/282|[from] Stealth Rock
|-ability|p1a: Weavile|Pressure
|turn|29
|callback|decision
|chat|reachzero|ok
|chat|reachzero|does that have Ice Punch
|chat|reachzero|or only Ice Shard
|chat|reachzero|let us see
|chat|Psychotic|:3
|
|move|p1a: Weavile|Ice Punch|p2a: Zapdos
|-supereffective|p2a: Zapdos
|-damage|p2a: Zapdos|0 fnt
|faint|p2a: Zapdos
|
|callback|decision
|chat|reachzero|k.  gg
|
|switch|p2a: Chandelure|Chandelure, F|198\/303
|-damage|p2a: Chandelure|123\/303|[from] Stealth Rock
|turn|30
|callback|decision
|chat|Psychotic|gg
|join|EternalPrime
|
|move|p1a: Weavile|Night Slash|p2a: Chandelure
|-supereffective|p2a: Chandelure
|-damage|p2a: Chandelure|0 fnt
|faint|p2a: Chandelure
|
|callback|decision
|chat|reachzero|ooh
|chat|reachzero|Expert Belt?
|
|switch|p2a: Mew|Mew, shiny|404\/404 slp
|-damage|p2a: Mew|354\/404 slp|[from] Stealth Rock
|turn|31
|callback|decision
|chat|Meraxes|lum SD
|chat|Psychotic|sashed
|join|Ariana<3
|chat|Meraxes|no ice shard?
|chat|Meraxes|o sash
|chat|Psychotic|i keep it sashed for hera
|join|Hardwire
|chat|Psychotic|i can ice punch when the cc
|chat|Ariana<3|reachzero
|
|move|p1a: Weavile|Night Slash|p2a: Mew
|-supereffective|p2a: Mew
|-damage|p2a: Mew|100\/404 slp
|cant|p2a: Mew|slp
|
|-heal|p2a: Mew|125\/404 slp|[from] item: Leftovers
|turn|32
|callback|decision
|chat|Ariana<3|:(
|
|move|p1a: Weavile|Night Slash|p2a: Mew
|-crit|p2a: Mew
|-supereffective|p2a: Mew
|-damage|p2a: Mew|0 fnt
|faint|p2a: Mew
|
|win|Psychotic
|chat|Psychotic|gg
|leave|Psychotic
|player|p1
|leave|Ariana<3