|join|McMeghan
|join|reachzero
|player|p1|McMeghan|283
|player|p2|reachzero|15
|gametype|singles
|tier|UU
|rule|Sleep Clause: Limit one foe put to sleep
|rule|Species Clause: Limit one of each Pokemon
|rule|OHKO Clause: OHKO moves are banned
|rule|Moody Clause: Moody is banned
|rule|Evasion Moves Clause: Evasion moves are banned
|rule|Evasion Abilities Clause: Evasion abilities are banned
|clearpoke
|poke|p1|Venomoth, F
|poke|p1|Nidoqueen, F
|poke|p1|Empoleon, M
|poke|p1|Shaymin
|poke|p1|Slowbro, M
|poke|p1|Mienshao, F
|poke|p2|Shaymin, shiny
|poke|p2|Cofagrigus, F, shiny
|poke|p2|Rhyperior, F
|poke|p2|Snorlax, M
|poke|p2|Cresselia, F
|poke|p2|Togekiss, M
|teampreview
|callback|decision
|chat|McMeghan|gl HF
|
|start
|switch|p1a: Empoleon|Empoleon, M|309\/309
|switch|p2a: Snorlax|Snorlax, M|461\/461
|turn|1
|callback|decision
|
|move|p1a: Empoleon|Hydro Pump|p2a: Snorlax|[miss]
|-miss|p1a: Empoleon|p2a: Snorlax
|move|p2a: Snorlax|Earthquake|p1a: Empoleon
|-crit|p1a: Empoleon
|-supereffective|p1a: Empoleon
|-damage|p1a: Empoleon|0 fnt
|faint|p1a: Empoleon
|
|callback|decision
|chat|reachzero|oof
|
|switch|p1a: Venomoth|Venomoth, F|343\/343
|turn|2
|callback|decision
|
|move|p1a: Venomoth|Quiver Dance|p1a: Venomoth
|-boost|p1a: Venomoth|spa|1
|-boost|p1a: Venomoth|spd|1
|-boost|p1a: Venomoth|spe|1
|move|p2a: Snorlax|Body Slam|p1a: Venomoth
|-damage|p1a: Venomoth|111\/343
|
|-heal|p1a: Venomoth|132\/343|[from] item: Leftovers
|turn|3
|callback|decision
|
|move|p1a: Venomoth|Sleep Powder|p2a: Snorlax
|-status|p2a: Snorlax|slp
|cant|p2a: Snorlax|slp
|
|-heal|p1a: Venomoth|153\/343|[from] item: Leftovers
|turn|4
|callback|decision
|
|move|p1a: Venomoth|Baton Pass|p1a: Venomoth
|callback|decision
|
|switch|p1a: Novalis|Shaymin|342\/342
|-curestatus|p2a: Snorlax|slp
|move|p2a: Snorlax|Body Slam|p1a: Novalis
|-damage|p1a: Novalis|200\/342
|
|turn|5
|callback|decision
|
|move|p1a: Novalis|Seed Flare|p2a: Snorlax|[miss]
|-miss|p1a: Novalis|p2a: Snorlax
|move|p2a: Snorlax|Body Slam|p1a: Novalis
|-damage|p1a: Novalis|41\/342
|-status|p1a: Novalis|par
|
|turn|6
|callback|decision
|
|switch|p1a: Tobruk|Slowbro, M|393\/393
|move|p2a: Snorlax|Body Slam|p1a: Tobruk
|-damage|p1a: Tobruk|294\/393
|
|-heal|p1a: Tobruk|318\/393|[from] item: Leftovers
|turn|7
|callback|decision
|
|switch|p2a: Shaymin|Shaymin, shiny|361\/361
|switch|p1a: Morklon|Mienshao, F|272\/272
|
|turn|8
|callback|decision
|
|switch|p2a: Cresselia|Cresselia, F|444\/444
|move|p1a: Morklon|U-turn|p2a: Cresselia
|-supereffective|p2a: Cresselia
|-damage|p2a: Cresselia|346\/444
|callback|decision
|
|switch|p1a: Novalis|Shaymin|41\/342
|
|-heal|p2a: Cresselia|373\/444|[from] item: Leftovers
|turn|9
|callback|decision
|
|move|p1a: Novalis|Synthesis|p1a: Novalis
|-heal|p1a: Novalis|212\/342
|move|p2a: Cresselia|Ice Beam|p1a: Novalis
|-supereffective|p1a: Novalis
|-damage|p1a: Novalis|98\/342
|
|-heal|p2a: Cresselia|400\/444|[from] item: Leftovers
|turn|10
|callback|decision
|
|move|p1a: Novalis|Synthesis|p1a: Novalis
|-heal|p1a: Novalis|269\/342
|move|p2a: Cresselia|Thunder Wave|p1a: Novalis
|-status|p1a: Novalis|par
|
|-heal|p2a: Cresselia|427\/444|[from] item: Leftovers
|turn|11
|callback|decision
|
|switch|p2a: Togekiss|Togekiss, M|373\/373
|switch|p1a: Tobruk|Slowbro, M|393\/393
|
|turn|12
|callback|decision
|
|move|p2a: Togekiss|Nasty Plot|p2a: Togekiss
|-boost|p2a: Togekiss|spa|2
|move|p1a: Tobruk|Thunder Wave|p2a: Togekiss
|-status|p2a: Togekiss|par
|
|turn|13
|callback|decision
|
|switch|p1a: Nidoqueen|Nidoqueen, F|339\/339
|move|p2a: Togekiss|Heal Bell|p2a: Togekiss
|-cureteam|p2a: Togekiss|[from] move: HealBell
|
|turn|14
|callback|decision
|
|switch|p2a: Cresselia|Cresselia, F|427\/444
|move|p1a: Nidoqueen|Ice Beam|p2a: Cresselia
|-damage|p2a: Cresselia|318\/444
|
|-heal|p2a: Cresselia|345\/444|[from] item: Leftovers
|turn|15
|callback|decision
|
|switch|p1a: Tobruk|Slowbro, M|393\/393
|move|p2a: Cresselia|Psyshock|p1a: Tobruk
|-resisted|p1a: Tobruk
|-damage|p1a: Tobruk|369\/393
|
|-heal|p2a: Cresselia|372\/444|[from] item: Leftovers
|-heal|p1a: Tobruk|393\/393|[from] item: Leftovers
|turn|16
|callback|decision
|
|switch|p1a: Nidoqueen|Nidoqueen, F|339\/339
|move|p2a: Cresselia|Thunder Wave|p1a: Nidoqueen
|-immune|p1a: Nidoqueen|[msg]
|
|-heal|p2a: Cresselia|399\/444|[from] item: Leftovers
|turn|17
|callback|decision
|
|move|p1a: Nidoqueen|Stealth Rock|p2a: Cresselia
|-sidestart|p2: reachzero|move: Stealth Rock
|move|p2a: Cresselia|Psyshock|p1a: Nidoqueen
|-supereffective|p1a: Nidoqueen
|-damage|p1a: Nidoqueen|165\/339
|
|-heal|p2a: Cresselia|426\/444|[from] item: Leftovers
|turn|18
|callback|decision
|
|switch|p1a: Novalis|Shaymin|269\/342
|move|p2a: Cresselia|Thunder Wave|p1a: Novalis
|-status|p1a: Novalis|par
|
|-heal|p2a: Cresselia|444\/444|[from] item: Leftovers
|turn|19
|callback|decision
|
|switch|p2a: Togekiss|Togekiss, M|373\/373
|-damage|p2a: Togekiss|280\/373|[from] Stealth Rock
|switch|p1a: Tobruk|Slowbro, M|393\/393
|
|-heal|p2a: Togekiss|303\/373|[from] item: Leftovers
|turn|20
|callback|decision
|
|switch|p1a: Nidoqueen|Nidoqueen, F|165\/339
|move|p2a: Togekiss|Air Slash|p1a: Nidoqueen
|-damage|p1a: Nidoqueen|38\/339
|
|-heal|p2a: Togekiss|326\/373|[from] item: Leftovers
|turn|21
|callback|decision
|
|switch|p1a: Venomoth|Venomoth, F|153\/343
|switch|p2a: Cresselia|Cresselia, F|444\/444
|-damage|p2a: Cresselia|389\/444|[from] Stealth Rock
|
|-heal|p1a: Venomoth|174\/343|[from] item: Leftovers
|-heal|p2a: Cresselia|416\/444|[from] item: Leftovers
|turn|22
|callback|decision
|
|move|p1a: Venomoth|Sleep Powder|p2a: Cresselia
|-status|p2a: Cresselia|slp
|cant|p2a: Cresselia|slp
|
|-heal|p1a: Venomoth|195\/343|[from] item: Leftovers
|-heal|p2a: Cresselia|443\/444 slp|[from] item: Leftovers
|turn|23
|callback|decision
|
|switch|p2a: Snorlax|Snorlax, M|461\/461
|-damage|p2a: Snorlax|404\/461|[from] Stealth Rock
|move|p1a: Venomoth|Quiver Dance|p1a: Venomoth
|-boost|p1a: Venomoth|spa|1
|-boost|p1a: Venomoth|spd|1
|-boost|p1a: Venomoth|spe|1
|
|-heal|p1a: Venomoth|216\/343|[from] item: Leftovers
|-heal|p2a: Snorlax|432\/461|[from] item: Leftovers
|turn|24
|callback|decision
|
|move|p1a: Venomoth|Baton Pass|p1a: Venomoth
|callback|decision
|
|switch|p1a: Tobruk|Slowbro, M|393\/393
|move|p2a: Snorlax|Body Slam|p1a: Tobruk
|-damage|p1a: Tobruk|290\/393
|-status|p1a: Tobruk|par
|
|-heal|p2a: Snorlax|460\/461|[from] item: Leftovers
|-heal|p1a: Tobruk|314\/393 par|[from] item: Leftovers
|turn|25
|callback|decision
|
|switch|p2a: Shaymin|Shaymin, shiny|361\/361
|-damage|p2a: Shaymin|316\/361|[from] Stealth Rock
|move|p1a: Tobruk|Psyshock|p2a: Shaymin
|-damage|p2a: Shaymin|172\/361
|
|-heal|p2a: Shaymin|194\/361|[from] item: Leftovers
|-heal|p1a: Tobruk|338\/393 par|[from] item: Leftovers
|turn|26
|callback|decision
|
|move|p2a: Shaymin|Leech Seed|p1a: Tobruk
|-start|p1a: Tobruk|move: Leech Seed
|move|p1a: Tobruk|Psyshock|p2a: Shaymin
|-damage|p2a: Shaymin|62\/361
|
|-heal|p2a: Shaymin|84\/361|[from] item: Leftovers
|-heal|p1a: Tobruk|362\/393 par|[from] item: Leftovers
|-damage|p1a: Tobruk|313\/393 par|[from] Leech Seed|[of] p2a: Shaymin
|-heal|p2a: Shaymin|133\/361|[silent]
|turn|27
|callback|decision
|
|move|p2a: Shaymin|Substitute|p2a: Shaymin
|-start|p2a: Shaymin|Substitute
|-damage|p2a: Shaymin|43\/361
|move|p1a: Tobruk|Psyshock|p2a: Shaymin
|-end|p2a: Shaymin|Substitute
|
|-heal|p2a: Shaymin|65\/361|[from] item: Leftovers
|-heal|p1a: Tobruk|337\/393 par|[from] item: Leftovers
|-damage|p1a: Tobruk|288\/393 par|[from] Leech Seed|[of] p2a: Shaymin
|-heal|p2a: Shaymin|114\/361|[silent]
|turn|28
|callback|decision
|
|switch|p1a: Novalis|Shaymin|269\/342
|move|p2a: Shaymin|Seed Flare|p1a: Novalis|[miss]
|-miss|p2a: Shaymin|p1a: Novalis
|
|-heal|p2a: Shaymin|136\/361|[from] item: Leftovers
|turn|29
|callback|decision
|
|move|p1a: Novalis|Hidden Power|p2a: Shaymin
|-supereffective|p2a: Shaymin
|-damage|p2a: Shaymin|0 fnt
|-damage|p1a: Novalis|235\/342|[from] item: Life Orb
|faint|p2a: Shaymin
|
|callback|decision
|
|switch|p2a: Togekiss|Togekiss, M|326\/373
|-damage|p2a: Togekiss|233\/373|[from] Stealth Rock
|turn|30
|callback|decision
|
|move|p1a: Novalis|Hidden Power|p2a: Togekiss
|-supereffective|p2a: Togekiss
|-damage|p2a: Togekiss|61\/373
|-damage|p1a: Novalis|201\/342|[from] item: Life Orb
|move|p2a: Togekiss|Air Slash|p1a: Novalis
|-supereffective|p1a: Novalis
|-damage|p1a: Novalis|0 fnt
|faint|p1a: Novalis
|
|-heal|p2a: Togekiss|84\/373|[from] item: Leftovers
|callback|decision
|
|switch|p1a: Nidoqueen|Nidoqueen, F|38\/339
|turn|31
|callback|decision
|
|move|p1a: Nidoqueen|Ice Beam|p2a: Togekiss
|-supereffective|p2a: Togekiss
|-damage|p2a: Togekiss|0 fnt
|faint|p2a: Togekiss
|
|callback|decision
|
|switch|p2a: Snorlax|Snorlax, M|460\/461
|-damage|p2a: Snorlax|403\/461|[from] Stealth Rock
|turn|32
|callback|decision
|
|move|p2a: Snorlax|Pursuit|p1a: Nidoqueen|[from]Pursuit
|-damage|p1a: Nidoqueen|0 fnt
|faint|p1a: Nidoqueen
|
|-heal|p2a: Snorlax|431\/461|[from] item: Leftovers
|callback|decision
|
|switch|p1a: Morklon|Mienshao, F|272\/272
|turn|33
|callback|decision
|
|move|p1a: Morklon|U-turn|p2a: Snorlax
|-damage|p2a: Snorlax|320\/461
|callback|decision
|
|switch|p1a: Tobruk|Slowbro, M|393\/393 par
|move|p2a: Snorlax|Body Slam|p1a: Tobruk
|-damage|p1a: Tobruk|297\/393 par
|
|-heal|p2a: Snorlax|348\/461|[from] item: Leftovers
|-heal|p1a: Tobruk|321\/393 par|[from] item: Leftovers
|turn|34
|callback|decision
|
|switch|p1a: Morklon|Mienshao, F|272\/272
|move|p2a: Snorlax|Crunch|p1a: Morklon
|-resisted|p1a: Morklon
|-damage|p1a: Morklon|206\/272
|
|-heal|p2a: Snorlax|376\/461|[from] item: Leftovers
|turn|35
|callback|decision
|
|move|p1a: Morklon|U-turn|p2a: Snorlax
|-damage|p2a: Snorlax|253\/461
|callback|decision
|
|switch|p1a: Tobruk|Slowbro, M|393\/393 par
|move|p2a: Snorlax|Body Slam|p1a: Tobruk
|-damage|p1a: Tobruk|294\/393 par
|
|-heal|p2a: Snorlax|281\/461|[from] item: Leftovers
|-heal|p1a: Tobruk|318\/393 par|[from] item: Leftovers
|turn|36
|callback|decision
|
|move|p2a: Snorlax|Body Slam|p1a: Tobruk
|-crit|p1a: Tobruk
|-damage|p1a: Tobruk|111\/393 par
|move|p1a: Tobruk|Scald|p2a: Snorlax
|-damage|p2a: Snorlax|211\/461
|
|-heal|p2a: Snorlax|239\/461|[from] item: Leftovers
|-heal|p1a: Tobruk|135\/393 par|[from] item: Leftovers
|turn|37
|callback|decision
|
|switch|p1a: Morklon|Mienshao, F|272\/272
|move|p2a: Snorlax|Crunch|p1a: Morklon
|-resisted|p1a: Morklon
|-damage|p1a: Morklon|200\/272
|
|-heal|p2a: Snorlax|267\/461|[from] item: Leftovers
|turn|38
|callback|decision
|
|move|p1a: Morklon|U-turn|p2a: Snorlax
|-damage|p2a: Snorlax|157\/461
|callback|decision
|
|switch|p1a: Tobruk|Slowbro, M|266\/393 par
|move|p2a: Snorlax|Body Slam|p1a: Tobruk
|-damage|p1a: Tobruk|163\/393 par
|
|-heal|p2a: Snorlax|185\/461|[from] item: Leftovers
|-heal|p1a: Tobruk|187\/393 par|[from] item: Leftovers
|turn|39
|callback|decision
|
|move|p2a: Snorlax|Pursuit|p1a: Tobruk
|-supereffective|p1a: Tobruk
|-damage|p1a: Tobruk|123\/393 par
|move|p1a: Tobruk|Slack Off|p1a: Tobruk
|-heal|p1a: Tobruk|320\/393 par
|
|-heal|p2a: Snorlax|213\/461|[from] item: Leftovers
|-heal|p1a: Tobruk|344\/393 par|[from] item: Leftovers
|turn|40
|callback|decision
|
|move|p2a: Snorlax|Crunch|p1a: Tobruk
|-supereffective|p1a: Tobruk
|-damage|p1a: Tobruk|218\/393 par
|move|p1a: Tobruk|Scald|p2a: Snorlax
|-damage|p2a: Snorlax|143\/461
|-status|p2a: Snorlax|brn
|
|-heal|p2a: Snorlax|171\/461 brn|[from] item: Leftovers
|-heal|p1a: Tobruk|242\/393 par|[from] item: Leftovers
|-damage|p2a: Snorlax|114\/461 brn|[from] brn
|turn|41
|callback|decision
|
|move|p2a: Snorlax|Body Slam|p1a: Tobruk
|-damage|p1a: Tobruk|193\/393 par
|move|p1a: Tobruk|Slack Off|p1a: Tobruk
|-heal|p1a: Tobruk|390\/393 par
|
|-heal|p2a: Snorlax|142\/461 brn|[from] item: Leftovers
|-heal|p1a: Tobruk|393\/393 par|[from] item: Leftovers
|-damage|p2a: Snorlax|85\/461 brn|[from] brn
|turn|42
|callback|decision
|
|move|p2a: Snorlax|Body Slam|p1a: Tobruk
|-damage|p1a: Tobruk|336\/393 par
|move|p1a: Tobruk|Slack Off|p1a: Tobruk
|-heal|p1a: Tobruk|393\/393 par
|
|-heal|p2a: Snorlax|113\/461 brn|[from] item: Leftovers
|-damage|p2a: Snorlax|56\/461 brn|[from] brn
|turn|43
|callback|decision
|
|switch|p1a: Morklon|Mienshao, F|272\/272
|move|p2a: Snorlax|Body Slam|p1a: Morklon
|-damage|p1a: Morklon|152\/272
|
|-heal|p2a: Snorlax|84\/461 brn|[from] item: Leftovers
|-damage|p2a: Snorlax|27\/461 brn|[from] brn
|turn|44
|callback|decision
|
|move|p1a: Morklon|U-turn|p2a: Snorlax
|-damage|p2a: Snorlax|0 fnt
|faint|p2a: Snorlax
|callback|decision
|
|switch|p1a: Venomoth|Venomoth, F|216\/343
|
|-heal|p1a: Venomoth|237\/343|[from] item: Leftovers
|callback|decision
|
|switch|p2a: Rhyperior|Rhyperior, F|434\/434
|-damage|p2a: Rhyperior|407\/434|[from] Stealth Rock
|turn|45
|callback|decision
|
|switch|p1a: Tobruk|Slowbro, M|393\/393 par
|move|p2a: Rhyperior|Earthquake|p1a: Tobruk
|-damage|p1a: Tobruk|276\/393 par
|
|-heal|p2a: Rhyperior|434\/434|[from] item: Leftovers
|-heal|p1a: Tobruk|300\/393 par|[from] item: Leftovers
|turn|46
|callback|decision
|
|move|p2a: Rhyperior|Stealth Rock|p1a: Tobruk
|-sidestart|p1: McMeghan|move: Stealth Rock
|move|p1a: Tobruk|Scald|p2a: Rhyperior
|-supereffective|p2a: Rhyperior
|-damage|p2a: Rhyperior|98\/434
|
|-heal|p2a: Rhyperior|125\/434|[from] item: Leftovers
|-heal|p1a: Tobruk|324\/393 par|[from] item: Leftovers
|turn|47
|callback|decision
|
|move|p2a: Rhyperior|Megahorn|p1a: Tobruk
|-supereffective|p1a: Tobruk
|-damage|p1a: Tobruk|136\/393 par
|cant|p1a: Tobruk|par
|
|-heal|p2a: Rhyperior|152\/434|[from] item: Leftovers
|-heal|p1a: Tobruk|160\/393 par|[from] item: Leftovers
|turn|48
|callback|decision
|
|switch|p1a: Morklon|Mienshao, F|242\/272
|-damage|p1a: Morklon|225\/272|[from] Stealth Rock
|move|p2a: Rhyperior|Earthquake|p1a: Morklon
|-damage|p1a: Morklon|0 fnt
|faint|p1a: Morklon
|
|-heal|p2a: Rhyperior|179\/434|[from] item: Leftovers
|callback|decision
|
|switch|p1a: Tobruk|Slowbro, M|291\/393 par
|-damage|p1a: Tobruk|242\/393 par|[from] Stealth Rock
|turn|49
|callback|decision
|
|move|p2a: Rhyperior|Megahorn|p1a: Tobruk
|-supereffective|p1a: Tobruk
|-damage|p1a: Tobruk|58\/393 par
|cant|p1a: Tobruk|par
|
|-heal|p2a: Rhyperior|206\/434|[from] item: Leftovers
|-heal|p1a: Tobruk|82\/393 par|[from] item: Leftovers
|turn|50
|callback|decision
|
|move|p2a: Rhyperior|Earthquake|p1a: Tobruk
|-damage|p1a: Tobruk|0 fnt
|faint|p1a: Tobruk
|
|-heal|p2a: Rhyperior|233\/434|[from] item: Leftovers
|callback|decision
|
|switch|p1a: Venomoth|Venomoth, F|237\/343
|-damage|p1a: Venomoth|152\/343|[from] Stealth Rock
|turn|51
|callback|decision
|chat|reachzero|my Cofa
|chat|reachzero|is ChestoRest CM
|chat|McMeghan|did you have rest on snorlax?
|chat|reachzero|no
|chat|McMeghan|ah
|chat|McMeghan|too bad for me
|chat|McMeghan|whatever
|chat|reachzero|Lax is lefties four attacks
|chat|reachzero|sorry about that first turn crit
|chat|McMeghan|it's 2ko'd by spec leon right?
|chat|reachzero|Empoleon would have helped you a lot
|chat|reachzero|idk
|chat|reachzero|you'd have to calc
|chat|reachzero|0 HP, 252 SpD
|chat|McMeghan|whatever 
|chat|reachzero|Adamant
|
|move|p1a: Venomoth|Bug Buzz|p2a: Rhyperior
|-damage|p2a: Rhyperior|131\/434
|move|p2a: Rhyperior|Earthquake|p1a: Venomoth
|-damage|p1a: Venomoth|0 fnt
|faint|p1a: Venomoth
|
|win|reachzero
|leave|McMeghan
|player|p1