|join|reachzero
|join|Ace Emerald
|player|p1|reachzero|15
|player|p2|Ace Emerald|101
|gametype|singles
|tier|UU
|rule|Sleep Clause: Limit one foe put to sleep
|rule|Species Clause: Limit one of each Pokemon
|rule|OHKO Clause: OHKO moves are banned
|rule|Moody Clause: Moody is banned
|rule|Evasion Moves Clause: Evasion moves are banned
|rule|Evasion Abilities Clause: Evasion abilities are banned
|clearpoke
|poke|p1|Weavile, F, shiny
|poke|p1|Mienshao, F, shiny
|poke|p1|Snorlax, F
|poke|p1|Swampert, F, shiny
|poke|p1|Crobat, F
|poke|p1|Raikou
|poke|p2|Umbreon, M
|poke|p2|Victini
|poke|p2|Golurk
|poke|p2|Slowbro, F
|poke|p2|Azelf
|poke|p2|Flygon, M
|teampreview
|callback|decision
|join|We are PASCAL
|
|start
|switch|p1a: Mienshao|Mienshao, F, shiny|272\/272
|switch|p2a: Victini|Victini|341\/341
|turn|1
|callback|decision
|
|move|p1a: Mienshao|U-turn|p2a: Victini
|-damage|p2a: Victini|259\/341
|callback|decision
|
|switch|p1a: Snorlax|Snorlax, F|461\/461
|move|p2a: Victini|Psychic|p1a: Snorlax
|-damage|p1a: Snorlax|340\/461
|-unboost|p1a: Snorlax|spd|1
|-damage|p2a: Victini|225\/341|[from] item: Life Orb
|
|-heal|p1a: Snorlax|368\/461|[from] item: Leftovers
|turn|2
|callback|decision
|join|efwerfds
|
|move|p2a: Victini|Focus Blast|p1a: Snorlax
|-supereffective|p1a: Snorlax
|-damage|p1a: Snorlax|52\/461
|-damage|p2a: Victini|191\/341|[from] item: Life Orb
|move|p1a: Snorlax|Pursuit|p2a: Victini
|-supereffective|p2a: Victini
|-damage|p2a: Victini|103\/341
|
|-heal|p1a: Snorlax|80\/461|[from] item: Leftovers
|turn|3
|callback|decision
|
|move|p2a: Victini|Psychic|p1a: Snorlax
|-damage|p1a: Snorlax|0 fnt
|-damage|p2a: Victini|69\/341|[from] item: Life Orb
|faint|p1a: Snorlax
|
|callback|decision
|
|switch|p1a: Crobat|Crobat, F|337\/337
|turn|4
|callback|decision
|
|switch|p2a: Slowbro|Slowbro, F|394\/394
|move|p1a: Crobat|U-turn|p2a: Slowbro
|-supereffective|p2a: Slowbro
|-damage|p2a: Slowbro|308\/394
|callback|decision
|
|switch|p1a: Raikou|Raikou|322\/322
|-ability|p1a: Raikou|Pressure
|
|-heal|p2a: Slowbro|332\/394|[from] item: Leftovers
|turn|5
|callback|decision
|
|switch|p2a: Golurk|Golurk|382\/382
|move|p1a: Raikou|Volt Switch|p2a: Golurk
|-immune|p2a: Golurk|[msg]
|
|turn|6
|callback|decision
|join|Treiner Orenge
|
|move|p1a: Raikou|Hidden Power|p2a: Golurk
|-supereffective|p2a: Golurk
|-damage|p2a: Golurk|154\/382
|move|p2a: Golurk|Stealth Rock|p1a: Raikou
|-sidestart|p1: reachzero|move: Stealth Rock
|
|-heal|p2a: Golurk|177\/382|[from] item: Leftovers
|turn|7
|callback|decision
|
|switch|p2a: Umbreon|Umbreon, M|394\/394
|move|p1a: Raikou|Hidden Power|p2a: Umbreon
|-damage|p2a: Umbreon|351\/394
|
|-heal|p2a: Umbreon|375\/394|[from] item: Leftovers
|turn|8
|callback|decision
|
|move|p1a: Raikou|Volt Switch|p2a: Umbreon
|-damage|p2a: Umbreon|303\/394
|callback|decision
|
|switch|p1a: Swampert|Swampert, F, shiny|404\/404
|-damage|p1a: Swampert|379\/404|[from] Stealth Rock
|move|p2a: Umbreon|Foul Play|p1a: Swampert
|-damage|p1a: Swampert|288\/404
|
|-heal|p2a: Umbreon|327\/394|[from] item: Leftovers
|-heal|p1a: Swampert|313\/404|[from] item: Leftovers
|turn|9
|callback|decision
|
|switch|p2a: Victini|Victini|69\/341
|move|p1a: Swampert|Stealth Rock|p2a: Victini
|-sidestart|p2: Ace Emerald|move: Stealth Rock
|
|-heal|p1a: Swampert|338\/404|[from] item: Leftovers
|turn|10
|callback|decision
|
|move|p2a: Victini|Grass Knot|p1a: Swampert
|-supereffective|p1a: Swampert
|-damage|p1a: Swampert|0 fnt
|-damage|p2a: Victini|35\/341|[from] item: Life Orb
|faint|p1a: Swampert
|
|callback|decision
|join|RT.
|
|switch|p1a: Crobat|Crobat, F|337\/337
|-damage|p1a: Crobat|253\/337|[from] Stealth Rock
|turn|11
|callback|decision
|
|move|p1a: Crobat|U-turn|p2a: Victini
|-damage|p2a: Victini|0 fnt
|faint|p2a: Victini
|callback|decision
|
|switch|p1a: Weavile|Weavile, F, shiny|281\/281
|-damage|p1a: Weavile|211\/281|[from] Stealth Rock
|-ability|p1a: Weavile|Pressure
|
|callback|decision
|
|switch|p2a: Umbreon|Umbreon, M|327\/394
|-damage|p2a: Umbreon|278\/394|[from] Stealth Rock
|turn|12
|callback|decision
|
|move|p1a: Weavile|Swords Dance|p1a: Weavile
|-boost|p1a: Weavile|atk|2
|move|p2a: Umbreon|Foul Play|p1a: Weavile
|-resisted|p1a: Weavile
|-damage|p1a: Weavile|0 fnt
|faint|p1a: Weavile
|
|-heal|p2a: Umbreon|302\/394|[from] item: Leftovers
|callback|decision
|
|switch|p1a: Mienshao|Mienshao, F, shiny|272\/272
|-damage|p1a: Mienshao|255\/272|[from] Stealth Rock
|turn|13
|callback|decision
|
|move|p2a: Umbreon|Protect|p2a: Umbreon
|-singleturn|p2a: Umbreon|Protect
|move|p1a: Mienshao|U-turn|p2a: Umbreon
|-activate|p2a: Umbreon|Protect
|
|-heal|p2a: Umbreon|326\/394|[from] item: Leftovers
|turn|14
|callback|decision
|
|switch|p2a: Golurk|Golurk|177\/382
|-damage|p2a: Golurk|154\/382|[from] Stealth Rock
|move|p1a: Mienshao|U-turn|p2a: Golurk
|-resisted|p2a: Golurk
|-damage|p2a: Golurk|105\/382
|callback|decision
|
|switch|p1a: Crobat|Crobat, F|253\/337
|-damage|p1a: Crobat|169\/337|[from] Stealth Rock
|
|-heal|p1a: Crobat|190\/337|[from] item: Leftovers
|-heal|p2a: Golurk|128\/382|[from] item: Leftovers
|turn|15
|callback|decision
|
|move|p1a: Crobat|Brave Bird|p2a: Golurk
|-damage|p2a: Golurk|0 fnt
|-damage|p1a: Crobat|148\/337|[from] recoil|[of] p2a: Golurk
|faint|p2a: Golurk
|
|-heal|p1a: Crobat|169\/337|[from] item: Leftovers
|callback|decision
|
|switch|p2a: Azelf|Azelf|291\/291
|-damage|p2a: Azelf|255\/291|[from] Stealth Rock
|turn|16
|callback|decision
|
|move|p1a: Crobat|Brave Bird|p2a: Azelf
|-damage|p2a: Azelf|35\/291
|-damage|p1a: Crobat|96\/337|[from] recoil|[of] p2a: Azelf
|move|p2a: Azelf|Psyshock|p1a: Crobat
|-supereffective|p1a: Crobat
|-damage|p1a: Crobat|0 fnt
|-damage|p2a: Azelf|6\/291|[from] item: Life Orb
|faint|p1a: Crobat
|
|callback|decision
|
|switch|p1a: Mienshao|Mienshao, F, shiny|255\/272
|-damage|p1a: Mienshao|238\/272|[from] Stealth Rock
|turn|17
|callback|decision
|
|move|p1a: Mienshao|U-turn|p2a: Azelf
|-supereffective|p2a: Azelf
|-damage|p2a: Azelf|0 fnt
|faint|p2a: Azelf
|callback|decision
|
|switch|p1a: Raikou|Raikou|322\/322
|-damage|p1a: Raikou|282\/322|[from] Stealth Rock
|-ability|p1a: Raikou|Pressure
|
|callback|decision
|
|switch|p2a: Flygon|Flygon, M|301\/301
|-damage|p2a: Flygon|283\/301|[from] Stealth Rock
|turn|18
|callback|decision
|
|move|p2a: Flygon|Earthquake|p1a: Raikou
|-supereffective|p1a: Raikou
|-damage|p1a: Raikou|0 fnt
|faint|p1a: Raikou
|
|callback|decision
|
|switch|p1a: Mienshao|Mienshao, F, shiny|238\/272
|-damage|p1a: Mienshao|221\/272|[from] Stealth Rock
|turn|19
|callback|decision
|
|move|p1a: Mienshao|Hi Jump Kick|p2a: Flygon
|-damage|p2a: Flygon|0 fnt
|faint|p2a: Flygon
|
|callback|decision
|
|switch|p2a: Slowbro|Slowbro, F|394\/394
|-damage|p2a: Slowbro|345\/394|[from] Stealth Rock
|turn|20
|callback|decision
|chat|reachzero|gg
|chat|reachzero|it was dumb to SD
|chat|Ace Emerald|gg
|chat|reachzero|when that probably KOed Umbreon at that percentage
|chat|reachzero|with Low Kick
|
|move|p1a: Mienshao|Hi Jump Kick|p2a: Slowbro
|-resisted|p2a: Slowbro
|-damage|p2a: Slowbro|248\/394
|move|p2a: Slowbro|Scald|p1a: Mienshao
|-damage|p1a: Mienshao|71\/272
|
|-heal|p2a: Slowbro|272\/394|[from] item: Leftovers
|turn|21
|callback|decision
|
|move|p1a: Mienshao|Hi Jump Kick|p2a: Slowbro
|-resisted|p2a: Slowbro
|-damage|p2a: Slowbro|175\/394
|move|p2a: Slowbro|Scald|p1a: Mienshao
|-damage|p1a: Mienshao|0 fnt
|faint|p1a: Mienshao
|
|win|Ace Emerald