|join|Just Because
|join|reachzero
|player|p1|Just Because|153
|player|p2|reachzero|15
|gametype|singles
|tier|UU
|rule|Sleep Clause Mod: Limit one foe put to sleep
|rule|Species Clause: Limit one of each Pokemon
|rule|OHKO Clause: OHKO moves are banned
|rule|Moody Clause: Moody is banned
|rule|Evasion Moves Clause: Evasion moves are banned
|rule|HP Percentage Mod: HP is reported as percentages
|rule|Evasion Abilities Clause: Evasion abilities are banned
|clearpoke
|poke|p1|Rhyperior, M
|poke|p1|Cofagrigus, M
|poke|p1|Swampert, M
|poke|p1|Shaymin
|poke|p1|Togekiss, F
|poke|p1|Heracross, M
|poke|p2|Mew, shiny
|poke|p2|Lanturn, M, shiny
|poke|p2|Xatu, F, shiny
|poke|p2|Mienshao, F, shiny
|poke|p2|Gligar, F, shiny
|poke|p2|Darmanitan, F, shiny
|teampreview
|callback|decision
|join|Unthought Known
|
|start
|switch|p1a: Rhyperior|Rhyperior, M|381\/381
|switch|p2a: Xatu|Xatu, F, shiny|333\/333
|turn|1
|callback|decision
|
|move|p2a: Xatu|Giga Drain|p1a: Rhyperior
|-supereffective|p1a: Rhyperior
|-damage|p1a: Rhyperior|114\/381
|move|p1a: Rhyperior|Stone Edge|p2a: Xatu
|-supereffective|p2a: Xatu
|-damage|p2a: Xatu|0 fnt
|faint|p2a: Xatu
|
|callback|decision
|
|switch|p2a: Mienshao|Mienshao, F, shiny|271\/271
|turn|2
|callback|decision
|
|move|p2a: Mienshao|Hidden Power|p1a: Rhyperior
|-supereffective|p1a: Rhyperior
|-damage|p1a: Rhyperior|0 fnt
|-damage|p2a: Mienshao|244\/271|[from] item: Life Orb
|faint|p1a: Rhyperior
|
|callback|decision
|
|switch|p1a: Heracross|Heracross, M|301\/301
|turn|3
|callback|decision
|
|switch|p2a: Gligar|Gligar, F, shiny|334\/334
|move|p1a: Heracross|Close Combat|p2a: Gligar
|-resisted|p2a: Gligar
|-damage|p2a: Gligar|253\/334
|-unboost|p1a: Heracross|def|1
|-unboost|p1a: Heracross|spd|1
|
|turn|4
|callback|decision
|
|switch|p1a: Swampert|Swampert, M|401\/401
|move|p2a: Gligar|Stealth Rock|p1a: Swampert
|-sidestart|p1: Just Because|move: Stealth Rock
|
|turn|5
|callback|decision
|
|move|p2a: Gligar|U-turn|p1a: Swampert
|-damage|p1a: Swampert|370\/401
|callback|decision
|
|switch|p2a: Mew|Mew, shiny|342\/342
|move|p1a: Swampert|Stealth Rock|p2a: Mew
|-sidestart|p2: reachzero|move: Stealth Rock
|
|-heal|p1a: Swampert|395\/401|[from] item: Leftovers
|turn|6
|callback|decision
|
|move|p2a: Mew|Psyshock|p1a: Swampert
|-damage|p1a: Swampert|299\/401
|move|p1a: Swampert|Roar|p2a: Mew
|drag|p2a: Gligar|Gligar, F, shiny|253\/334
|-damage|p2a: Gligar|212\/334|[from] Stealth Rock
|
|-heal|p1a: Swampert|324\/401|[from] item: Leftovers
|turn|7
|callback|decision
|
|move|p2a: Gligar|Roost|p2a: Gligar
|-heal|p2a: Gligar|334\/334
|move|p1a: Swampert|Scald|p2a: Gligar
|-supereffective|p2a: Gligar
|-damage|p2a: Gligar|172\/334
|-status|p2a: Gligar|brn
|
|-heal|p1a: Swampert|349\/401|[from] item: Leftovers
|-damage|p2a: Gligar|131\/334 brn|[from] brn
|turn|8
|callback|decision
|
|move|p2a: Gligar|Roost|p2a: Gligar
|-heal|p2a: Gligar|298\/334 brn
|move|p1a: Swampert|Scald|p2a: Gligar
|-supereffective|p2a: Gligar
|-damage|p2a: Gligar|152\/334 brn
|
|-heal|p1a: Swampert|374\/401|[from] item: Leftovers
|-damage|p2a: Gligar|111\/334 brn|[from] brn
|turn|9
|callback|decision
|
|move|p2a: Gligar|U-turn|p1a: Swampert
|-damage|p1a: Swampert|356\/401
|callback|decision
|
|switch|p2a: Mew|Mew, shiny|342\/342
|-damage|p2a: Mew|300\/342|[from] Stealth Rock
|move|p1a: Swampert|Scald|p2a: Mew
|-damage|p2a: Mew|210\/342
|
|-heal|p1a: Swampert|381\/401|[from] item: Leftovers
|turn|10
|callback|decision
|
|move|p2a: Mew|Volt Switch|p1a: Swampert
|-immune|p1a: Swampert|[msg]
|move|p1a: Swampert|Roar|p2a: Mew
|drag|p2a: Darmanitan|Darmanitan, F, shiny|352\/352
|-damage|p2a: Darmanitan|264\/352|[from] Stealth Rock
|
|-heal|p1a: Swampert|401\/401|[from] item: Leftovers
|turn|11
|callback|decision
|
|move|p2a: Darmanitan|U-turn|p1a: Swampert
|-damage|p1a: Swampert|333\/401
|callback|decision
|
|switch|p2a: Mienshao|Mienshao, F, shiny|271\/271
|-damage|p2a: Mienshao|255\/271|[from] Stealth Rock
|move|p1a: Swampert|Earthquake|p2a: Mienshao
|-damage|p2a: Mienshao|75\/271
|
|-heal|p1a: Swampert|358\/401|[from] item: Leftovers
|turn|12
|callback|decision
|join|Vrai
|
|switch|p1a: Cofagrigus|Cofagrigus, M|319\/319
|-damage|p1a: Cofagrigus|280\/319|[from] Stealth Rock
|move|p2a: Mienshao|U-turn|p1a: Cofagrigus
|-crit|p1a: Cofagrigus
|-resisted|p1a: Cofagrigus
|-damage|p1a: Cofagrigus|201\/319
|-ability|p2a: Mienshao|Mummy|[from] Mummy
|-damage|p2a: Mienshao|48\/271|[from] item: Life Orb
|callback|decision
|
|switch|p2a: Lanturn|Lanturn, M, shiny|454\/454
|-damage|p2a: Lanturn|398\/454|[from] Stealth Rock
|
|-heal|p2a: Lanturn|426\/454|[from] item: Leftovers
|-heal|p1a: Cofagrigus|220\/319|[from] item: Leftovers
|turn|13
|callback|decision
|
|switch|p1a: Shaymin|Shaymin|341\/341
|-damage|p1a: Shaymin|299\/341|[from] Stealth Rock
|move|p2a: Lanturn|Ice Beam|p1a: Shaymin
|-supereffective|p1a: Shaymin
|-damage|p1a: Shaymin|175\/341
|-status|p1a: Shaymin|frz
|
|-heal|p2a: Lanturn|454\/454|[from] item: Leftovers
|turn|14
|callback|decision
|
|switch|p1a: Heracross|Heracross, M|301\/301
|-damage|p1a: Heracross|264\/301|[from] Stealth Rock
|move|p2a: Lanturn|Heal Bell|p2a: Lanturn
|-cureteam|p2a: Lanturn|[from] move: HealBell
|
|turn|15
|callback|decision
|
|move|p1a: Heracross|Close Combat|p2a: Lanturn
|-damage|p2a: Lanturn|0 fnt
|-unboost|p1a: Heracross|def|1
|-unboost|p1a: Heracross|spd|1
|faint|p2a: Lanturn
|
|callback|decision
|
|switch|p2a: Gligar|Gligar, F, shiny|111\/334
|-damage|p2a: Gligar|70\/334|[from] Stealth Rock
|turn|16
|callback|decision
|
|move|p1a: Heracross|Close Combat|p2a: Gligar
|-resisted|p2a: Gligar
|-damage|p2a: Gligar|1\/334
|-unboost|p1a: Heracross|def|1
|-unboost|p1a: Heracross|spd|1
|move|p2a: Gligar|Roost|p2a: Gligar
|-heal|p2a: Gligar|168\/334
|
|turn|17
|callback|decision
|
|switch|p1a: Shaymin|Shaymin|175\/341
|-damage|p1a: Shaymin|133\/341|[from] Stealth Rock
|move|p2a: Gligar|U-turn|p1a: Shaymin
|-supereffective|p1a: Shaymin
|-damage|p1a: Shaymin|49\/341
|callback|decision
|
|switch|p2a: Mienshao|Mienshao, F, shiny|48\/271
|-damage|p2a: Mienshao|32\/271|[from] Stealth Rock
|
|turn|18
|callback|decision
|
|move|p2a: Mienshao|Hidden Power|p1a: Shaymin
|-supereffective|p1a: Shaymin
|-damage|p1a: Shaymin|0 fnt
|-damage|p2a: Mienshao|5\/271|[from] item: Life Orb
|faint|p1a: Shaymin
|
|callback|decision
|
|switch|p1a: Cofagrigus|Cofagrigus, M|220\/319
|-damage|p1a: Cofagrigus|181\/319|[from] Stealth Rock
|turn|19
|callback|decision
|
|move|p2a: Mienshao|Stone Edge|p1a: Cofagrigus
|-crit|p1a: Cofagrigus
|-damage|p1a: Cofagrigus|0 fnt
|-damage|p2a: Mienshao|0 fnt|[from] item: Life Orb
|faint|p1a: Cofagrigus
|faint|p2a: Mienshao
|
|callback|decision
|
|switch|p2a: Mew|Mew, shiny|210\/342
|-damage|p2a: Mew|168\/342|[from] Stealth Rock
|switch|p1a: Swampert|Swampert, M|358\/401
|-damage|p1a: Swampert|333\/401|[from] Stealth Rock
|turn|20
|callback|decision
|
|move|p2a: Mew|Giga Drain|p1a: Swampert
|-supereffective|p1a: Swampert
|-damage|p1a: Swampert|1\/401
|-heal|p2a: Mew|334\/342|[from] drain|[of] p1a: Swampert
|move|p1a: Swampert|Earthquake|p2a: Mew
|-damage|p2a: Mew|195\/342
|
|-heal|p1a: Swampert|26\/401|[from] item: Leftovers
|turn|21
|callback|decision
|
|switch|p2a: Gligar|Gligar, F, shiny|168\/334
|-damage|p2a: Gligar|127\/334|[from] Stealth Rock
|move|p1a: Swampert|Earthquake|p2a: Gligar
|-immune|p2a: Gligar|[msg]
|
|-heal|p1a: Swampert|51\/401|[from] item: Leftovers
|turn|22
|callback|decision
|
|move|p2a: Gligar|U-turn|p1a: Swampert
|-damage|p1a: Swampert|19\/401
|callback|decision
|
|switch|p2a: Mew|Mew, shiny|195\/342
|-damage|p2a: Mew|153\/342|[from] Stealth Rock
|move|p1a: Swampert|Scald|p2a: Mew
|-damage|p2a: Mew|33\/342
|-status|p2a: Mew|brn
|-status|p1a: Swampert|brn
|
|-heal|p1a: Swampert|44\/401 brn|[from] item: Leftovers
|-damage|p2a: Mew|0 fnt|[from] brn
|-damage|p1a: Swampert|0 fnt|[from] brn
|faint|p2a: Mew
|faint|p1a: Swampert
|callback|decision
|
|switch|p2a: Darmanitan|Darmanitan, F, shiny|264\/352
|-damage|p2a: Darmanitan|176\/352|[from] Stealth Rock
|switch|p1a: Togekiss|Togekiss, F|373\/373
|-damage|p1a: Togekiss|280\/373|[from] Stealth Rock
|turn|23
|callback|decision
|
|move|p2a: Darmanitan|Flare Blitz|p1a: Togekiss
|-damage|p1a: Togekiss|73\/373
|-damage|p2a: Darmanitan|108\/352|[from] recoil|[of] p1a: Togekiss
|move|p1a: Togekiss|Roost|p1a: Togekiss
|-heal|p1a: Togekiss|260\/373
|
|-heal|p1a: Togekiss|283\/373|[from] item: Leftovers
|turn|24
|callback|decision
|chat|reachzero|gg
|chat|Just Because|gg
|
|move|p2a: Darmanitan|Flare Blitz|p1a: Togekiss
|-damage|p1a: Togekiss|73\/373
|-damage|p2a: Darmanitan|39\/352|[from] recoil|[of] p1a: Togekiss
|move|p1a: Togekiss|Roost|p1a: Togekiss
|-heal|p1a: Togekiss|260\/373
|
|-heal|p1a: Togekiss|283\/373|[from] item: Leftovers
|turn|25
|callback|decision
|
|switch|p1a: Heracross|Heracross, M|264\/301
|-damage|p1a: Heracross|227\/301|[from] Stealth Rock
|move|p2a: Darmanitan|Flare Blitz|p1a: Heracross
|-supereffective|p1a: Heracross
|-damage|p1a: Heracross|0 fnt
|-damage|p2a: Darmanitan|0 fnt|[from] recoil|[of] p1a: Heracross
|faint|p1a: Heracross
|faint|p2a: Darmanitan
|
|callback|decision
|
|switch|p2a: Gligar|Gligar, F, shiny|127\/334
|-damage|p2a: Gligar|86\/334|[from] Stealth Rock
|switch|p1a: Togekiss|Togekiss, F|283\/373
|-damage|p1a: Togekiss|190\/373|[from] Stealth Rock
|turn|26
|callback|decision
|
|move|p2a: Gligar|Roost|p2a: Gligar
|-heal|p2a: Gligar|253\/334
|move|p1a: Togekiss|Roost|p1a: Togekiss
|-heal|p1a: Togekiss|373\/373
|
|turn|27
|callback|decision
|chat|reachzero|losing Xatu actually really hurt
|chat|reachzero|I wish I had changed to GK
|
|move|p2a: Gligar|U-turn|p1a: Togekiss
|-resisted|p1a: Togekiss
|-damage|p1a: Togekiss|358\/373
|move|p1a: Togekiss|Nasty Plot|p1a: Togekiss
|-boost|p1a: Togekiss|spa|2
|
|-heal|p1a: Togekiss|373\/373|[from] item: Leftovers
|turn|28
|callback|decision
|
|move|p2a: Gligar|Earthquake|p1a: Togekiss
|-immune|p1a: Togekiss|[msg]
|move|p1a: Togekiss|Air Slash|p2a: Gligar
|-damage|p2a: Gligar|67\/334
|
|turn|29
|callback|decision
|
|move|p2a: Gligar|Roost|p2a: Gligar
|-heal|p2a: Gligar|234\/334
|move|p1a: Togekiss|Air Slash|p2a: Gligar
|-damage|p2a: Gligar|36\/334
|
|turn|30
|callback|decision
|
|move|p2a: Gligar|Roost|p2a: Gligar
|-heal|p2a: Gligar|203\/334
|move|p1a: Togekiss|Nasty Plot|p1a: Togekiss
|-boost|p1a: Togekiss|spa|2
|
|turn|31
|callback|decision
|
|move|p2a: Gligar|Roost|p2a: Gligar
|-heal|p2a: Gligar|334\/334
|move|p1a: Togekiss|Air Slash|p2a: Gligar
|-damage|p2a: Gligar|60\/334
|
|turn|32
|callback|decision
|
|move|p2a: Gligar|Roost|p2a: Gligar
|-heal|p2a: Gligar|227\/334
|move|p1a: Togekiss|Air Slash|p2a: Gligar
|-crit|p2a: Gligar
|-damage|p2a: Gligar|0 fnt
|faint|p2a: Gligar
|
|win|Just Because
|leave|Just Because
|player|p1