|join|reachzero
|join|jtmgfngfbdege
|player|p1|reachzero|15
|player|p2|jtmgfngfbdege|272
|gametype|singles
|gen|6
|tier|UU
|rated
|rule|Sleep Clause Mod: Limit one foe put to sleep
|rule|Species Clause: Limit one of each Pokemon
|rule|OHKO Clause: OHKO moves are banned
|rule|Moody Clause: Moody is banned
|rule|Evasion Moves Clause: Evasion moves are banned
|rule|Endless Battle Clause: Forcing endless battles is banned.
|rule|HP Percentage Mod: HP is reported as percentages
|clearpoke
|poke|p1|Aerodactyl, F
|poke|p1|Slowbro, F, shiny
|poke|p1|Nidoking, M, shiny
|poke|p1|Toxicroak, F, shiny
|poke|p1|Tangrowth, F, shiny
|poke|p1|Forretress, F
|poke|p2|Jirachi
|poke|p2|Flygon, F
|poke|p2|Rotom-Heat
|poke|p2|Mienshao, F
|poke|p2|Celebi
|poke|p2|Umbreon, F
|teampreview
|
|start
|switch|p1a: Nidoking|Nidoking, M, shiny|331\/331
|switch|p2a: Celebi|Celebi|341\/341
|turn|1
|
|move|p2a: Celebi|Baton Pass|p2a: Celebi
|
|switch|p2a: Flygon|Flygon, F|302\/302
|move|p1a: Nidoking|Sludge Wave|p2a: Flygon
|-resisted|p2a: Flygon
|-damage|p2a: Flygon|169\/302
|
|-heal|p2a: Flygon|187\/302|[from] item: Leftovers
|turn|2
|
|switch|p1a: Tangrowth|Tangrowth, F, shiny|404\/404
|move|p2a: Flygon|U-turn|p1a: Tangrowth
|-supereffective|p1a: Tangrowth
|-damage|p1a: Tangrowth|314\/404
|
|switch|p2a: Rotom-Heat|Rotom-Heat|304\/304
|
|turn|3
|
|move|p2a: Rotom-Heat|Overheat|p1a: Tangrowth
|-supereffective|p1a: Tangrowth
|-damage|p1a: Tangrowth|0 fnt
|-unboost|p2a: Rotom-Heat|spa|2
|faint|p1a: Tangrowth
|
|
|switch|p1a: Nidoking|Nidoking, M, shiny|331\/331
|turn|4
|
|switch|p2a: Umbreon|Umbreon, F|394\/394
|move|p1a: Nidoking|Stealth Rock|p2a: Umbreon
|-sidestart|p2: jtmgfngfbdege|move: Stealth Rock
|
|turn|5
|
|switch|p1a: Toxicroak|Toxicroak, F, shiny|370\/370
|move|p2a: Umbreon|Wish|p2a: Umbreon
|
|turn|6
|
|switch|p2a: Jirachi|Jirachi|341\/341
|-damage|p2a: Jirachi|320\/341|[from] Stealth Rock
|move|p1a: Toxicroak|Bulk Up|p1a: Toxicroak
|-boost|p1a: Toxicroak|atk|1
|-boost|p1a: Toxicroak|def|1
|
|-heal|p2a: Jirachi|341\/341|[from] move: Wish|[wisher] Umbreon
|turn|7
|
|switch|p1a: Forretress|Forretress, F|354\/354
|move|p2a: Jirachi|Zen Headbutt|p1a: Forretress
|-resisted|p1a: Forretress
|-damage|p1a: Forretress|312\/354
|
|-heal|p1a: Forretress|334\/354|[from] item: Leftovers
|turn|8
|
|switch|p2a: Rotom-Heat|Rotom-Heat|304\/304
|-damage|p2a: Rotom-Heat|228\/304|[from] Stealth Rock
|switch|p1a: Aerodactyl|Aerodactyl, F|335\/335
|-ability|p1a: Aerodactyl|Pressure
|
|-heal|p2a: Rotom-Heat|247\/304|[from] item: Leftovers
|turn|9
|
|switch|p1a: Nidoking|Nidoking, M, shiny|331\/331
|move|p2a: Rotom-Heat|Will-O-Wisp|p1a: Nidoking
|-status|p1a: Nidoking|brn
|
|-heal|p2a: Rotom-Heat|266\/304|[from] item: Leftovers
|-damage|p1a: Nidoking|290\/331 brn|[from] brn
|turn|10
|
|switch|p2a: Jirachi|Jirachi|341\/341
|-damage|p2a: Jirachi|320\/341|[from] Stealth Rock
|move|p1a: Nidoking|Sludge Wave|p2a: Jirachi
|-immune|p2a: Jirachi|[msg]
|
|-damage|p1a: Nidoking|249\/331 brn|[from] brn
|turn|11
|
|switch|p1a: Forretress|Forretress, F|334\/354
|move|p2a: Jirachi|U-turn|p1a: Forretress
|-resisted|p1a: Forretress
|-damage|p1a: Forretress|311\/354
|
|switch|p2a: Rotom-Heat|Rotom-Heat|266\/304
|-damage|p2a: Rotom-Heat|190\/304|[from] Stealth Rock
|
|-heal|p2a: Rotom-Heat|209\/304|[from] item: Leftovers
|-heal|p1a: Forretress|333\/354|[from] item: Leftovers
|turn|12
|
|switch|p1a: Slowbro|Slowbro, F, shiny|394\/394
|move|p2a: Rotom-Heat|Overheat|p1a: Slowbro
|-resisted|p1a: Slowbro
|-damage|p1a: Slowbro|299\/394
|-unboost|p2a: Rotom-Heat|spa|2
|
|-heal|p2a: Rotom-Heat|228\/304|[from] item: Leftovers
|-heal|p1a: Slowbro|323\/394|[from] item: Leftovers
|turn|13
|
|move|p2a: Rotom-Heat|Volt Switch|p1a: Slowbro
|-supereffective|p1a: Slowbro
|-damage|p1a: Slowbro|221\/394
|
|switch|p2a: Umbreon|Umbreon, F|394\/394
|-damage|p2a: Umbreon|345\/394|[from] Stealth Rock
|move|p1a: Slowbro|Scald|p2a: Umbreon
|-damage|p2a: Umbreon|282\/394
|
|-heal|p2a: Umbreon|306\/394|[from] item: Leftovers
|-heal|p1a: Slowbro|245\/394|[from] item: Leftovers
|turn|14
|
|switch|p1a: Toxicroak|Toxicroak, F, shiny|370\/370
|move|p2a: Umbreon|Wish|p2a: Umbreon
|
|-heal|p2a: Umbreon|330\/394|[from] item: Leftovers
|turn|15
|
|switch|p2a: Rotom-Heat|Rotom-Heat|228\/304
|-damage|p2a: Rotom-Heat|152\/304|[from] Stealth Rock
|move|p1a: Toxicroak|Knock Off|p2a: Rotom-Heat
|-damage|p2a: Rotom-Heat|95\/304
|-enditem|p2a: Rotom-Heat|Leftovers|[from] move: Knock Off|[of] p1a: Toxicroak
|
|-heal|p2a: Rotom-Heat|292\/304|[from] move: Wish|[wisher] Umbreon
|turn|16
|
|switch|p1a: Aerodactyl|Aerodactyl, F|335\/335
|-ability|p1a: Aerodactyl|Pressure
|move|p2a: Rotom-Heat|Will-O-Wisp|p1a: Aerodactyl
|-status|p1a: Aerodactyl|brn
|
|-damage|p1a: Aerodactyl|294\/335 brn|[from] brn
|turn|17
|
|detailschange|p1a: Aerodactyl|Aerodactyl-Mega, F
|message|Aerodactyl has Mega Evolved into Mega Aerodactyl!
|move|p1a: Aerodactyl|Aerial Ace|p2a: Rotom-Heat
|-resisted|p2a: Rotom-Heat
|-damage|p2a: Rotom-Heat|266\/304
|move|p2a: Rotom-Heat|Volt Switch|p1a: Aerodactyl
|-supereffective|p1a: Aerodactyl
|-damage|p1a: Aerodactyl|106\/335 brn
|
|switch|p2a: Jirachi|Jirachi|320\/341
|-damage|p2a: Jirachi|299\/341|[from] Stealth Rock
|
|-damage|p1a: Aerodactyl|65\/335 brn|[from] brn
|turn|18
|
|move|p2a: Jirachi|U-turn|p1a: Aerodactyl
|-crit|p1a: Aerodactyl
|-resisted|p1a: Aerodactyl
|-damage|p1a: Aerodactyl|8\/335 brn
|
|switch|p2a: Rotom-Heat|Rotom-Heat|266\/304
|-damage|p2a: Rotom-Heat|190\/304|[from] Stealth Rock
|move|p1a: Aerodactyl|Earthquake|p2a: Rotom-Heat
|-immune|p2a: Rotom-Heat|[msg]
|
|-damage|p1a: Aerodactyl|0 fnt|[from] brn
|faint|p1a: Aerodactyl
|
|switch|p1a: Nidoking|Nidoking, M, shiny|249\/331 brn
|turn|19
|
|move|p1a: Nidoking|Earth Power|p2a: Rotom-Heat
|-immune|p2a: Rotom-Heat|[msg]
|move|p2a: Rotom-Heat|Overheat|p1a: Nidoking
|-damage|p1a: Nidoking|50\/331 brn
|-unboost|p2a: Rotom-Heat|spa|2
|
|-damage|p1a: Nidoking|9\/331 brn|[from] brn
|turn|20
|
|switch|p2a: Jirachi|Jirachi|299\/341
|-damage|p2a: Jirachi|278\/341|[from] Stealth Rock
|move|p1a: Nidoking|Earth Power|p2a: Jirachi
|-supereffective|p2a: Jirachi
|-damage|p2a: Jirachi|0 fnt
|faint|p2a: Jirachi
|
|-damage|p1a: Nidoking|0 fnt|[from] brn
|faint|p1a: Nidoking
|
|switch|p2a: Rotom-Heat|Rotom-Heat|190\/304
|-damage|p2a: Rotom-Heat|114\/304|[from] Stealth Rock
|switch|p1a: Forretress|Forretress, F|333\/354
|turn|21
|
|move|p2a: Rotom-Heat|Overheat|p1a: Forretress
|-supereffective|p1a: Forretress
|-damage|p1a: Forretress|0 fnt
|-unboost|p2a: Rotom-Heat|spa|2
|faint|p1a: Forretress
|
|
|switch|p1a: Slowbro|Slowbro, F, shiny|376\/394
|turn|22
|
|move|p2a: Rotom-Heat|Volt Switch|p1a: Slowbro
|-supereffective|p1a: Slowbro
|-damage|p1a: Slowbro|272\/394
|
|switch|p2a: Umbreon|Umbreon, F|330\/394
|-damage|p2a: Umbreon|281\/394|[from] Stealth Rock
|move|p1a: Slowbro|Calm Mind|p1a: Slowbro
|-boost|p1a: Slowbro|spa|1
|-boost|p1a: Slowbro|spd|1
|
|-heal|p2a: Umbreon|305\/394|[from] item: Leftovers
|-heal|p1a: Slowbro|296\/394|[from] item: Leftovers
|turn|23
|
|move|p2a: Umbreon|Foul Play|p1a: Slowbro
|-supereffective|p1a: Slowbro
|-damage|p1a: Slowbro|180\/394
|move|p1a: Slowbro|Calm Mind|p1a: Slowbro
|-boost|p1a: Slowbro|spa|1
|-boost|p1a: Slowbro|spd|1
|
|-heal|p2a: Umbreon|329\/394|[from] item: Leftovers
|-heal|p1a: Slowbro|204\/394|[from] item: Leftovers
|turn|24
|
|switch|p2a: Mienshao|Mienshao, F|271\/271
|-damage|p2a: Mienshao|255\/271|[from] Stealth Rock
|move|p1a: Slowbro|Slack Off|p1a: Slowbro
|-heal|p1a: Slowbro|394\/394
|
|turn|25
|
|move|p2a: Mienshao|Knock Off|p1a: Slowbro
|-supereffective|p1a: Slowbro
|-damage|p1a: Slowbro|248\/394
|-enditem|p1a: Slowbro|Leftovers|[from] move: Knock Off|[of] p2a: Mienshao
|move|p1a: Slowbro|Psyshock|p2a: Mienshao
|-supereffective|p2a: Mienshao
|-damage|p2a: Mienshao|0 fnt
|faint|p2a: Mienshao
|
|
|switch|p2a: Rotom-Heat|Rotom-Heat|114\/304
|-damage|p2a: Rotom-Heat|38\/304|[from] Stealth Rock
|turn|26
|
|move|p2a: Rotom-Heat|Will-O-Wisp|p1a: Slowbro
|-status|p1a: Slowbro|brn
|move|p1a: Slowbro|Slack Off|p1a: Slowbro
|-heal|p1a: Slowbro|394\/394 brn
|
|-damage|p1a: Slowbro|345\/394 brn|[from] brn
|turn|27
|
|move|p2a: Rotom-Heat|Confuse Ray|p1a: Slowbro
|-start|p1a: Slowbro|confusion
|-activate|p1a: Slowbro|confusion
|-damage|p1a: Slowbro|336\/394 brn|[from] confusion
|
|-damage|p1a: Slowbro|287\/394 brn|[from] brn
|turn|28
|
|move|p2a: Rotom-Heat|Overheat|p1a: Slowbro
|-resisted|p1a: Slowbro
|-damage|p1a: Slowbro|236\/394 brn
|-unboost|p2a: Rotom-Heat|spa|2
|-end|p1a: Slowbro|confusion
|move|p1a: Slowbro|Slack Off|p1a: Slowbro
|-heal|p1a: Slowbro|394\/394 brn
|
|-damage|p1a: Slowbro|345\/394 brn|[from] brn
|turn|29
|
|move|p2a: Rotom-Heat|Confuse Ray|p1a: Slowbro
|-start|p1a: Slowbro|confusion
|-activate|p1a: Slowbro|confusion
|move|p1a: Slowbro|Scald|p2a: Rotom-Heat
|-supereffective|p2a: Rotom-Heat
|-damage|p2a: Rotom-Heat|0 fnt
|faint|p2a: Rotom-Heat
|
|-damage|p1a: Slowbro|296\/394 brn|[from] brn
|
|switch|p2a: Celebi|Celebi|341\/341
|-damage|p2a: Celebi|299\/341|[from] Stealth Rock
|turn|30
|
|move|p2a: Celebi|Swords Dance|p2a: Celebi
|-boost|p2a: Celebi|atk|2
|-activate|p1a: Slowbro|confusion
|move|p1a: Slowbro|Scald|p2a: Celebi
|-resisted|p2a: Celebi
|-damage|p2a: Celebi|201\/341
|
|-heal|p2a: Celebi|222\/341|[from] item: Leftovers
|-damage|p1a: Slowbro|247\/394 brn|[from] brn
|turn|31
|
|move|p2a: Celebi|Seed Bomb|p1a: Slowbro
|-supereffective|p1a: Slowbro
|-damage|p1a: Slowbro|0 fnt
|faint|p1a: Slowbro
|
|-heal|p2a: Celebi|243\/341|[from] item: Leftovers
|
|switch|p1a: Toxicroak|Toxicroak, F, shiny|370\/370
|turn|32
|
|move|p2a: Celebi|Baton Pass|p2a: Celebi
|
|switch|p2a: Flygon|Flygon, F|187\/302
|-damage|p2a: Flygon|169\/302|[from] Stealth Rock
|move|p1a: Toxicroak|Bulk Up|p1a: Toxicroak
|-boost|p1a: Toxicroak|atk|1
|-boost|p1a: Toxicroak|def|1
|
|-heal|p2a: Flygon|187\/302|[from] item: Leftovers
|turn|33
|
|move|p2a: Flygon|Earthquake|p1a: Toxicroak
|-supereffective|p1a: Toxicroak
|-damage|p1a: Toxicroak|0 fnt
|faint|p1a: Toxicroak
|
|win|jtmgfngfbdege
|raw|Ladder updating...
|raw|reachzero's rating: 1590 &rarr; <strong>1562<\/strong><br \/>(-28 for losing)
|raw|jtmgfngfbdege's rating: 1434 &rarr; <strong>1462<\/strong><br \/>(+28 for winning)
|chat|reachzero|gg
|chat|jtmgfngfbdege|gg
|leave|reachzero
|player|p1