|join|reachzero
|join|ImFgt
|player|p1|reachzero|15
|player|p2|ImFgt|146
|gametype|singles
|gen|6
|tier|UU
|rated
|clearpoke
|poke|p1|Nidoking, M, shiny
|poke|p1|Jirachi
|poke|p1|Florges, F, shiny
|poke|p1|Blastoise, F
|poke|p1|Chesnaught, M, shiny
|poke|p1|Darmanitan, F, shiny
|poke|p2|Venomoth, M
|poke|p2|Weavile, M
|poke|p2|Nidoqueen, F
|poke|p2|Blastoise, M
|poke|p2|Chandelure, F
|poke|p2|Azelf
|rule|Sleep Clause Mod: Limit one foe put to sleep
|rule|Species Clause: Limit one of each Pokemon
|rule|OHKO Clause: OHKO moves are banned
|rule|Moody Clause: Moody is banned
|rule|Evasion Moves Clause: Evasion moves are banned
|rule|Endless Battle Clause: Forcing endless battles is banned.
|rule|HP Percentage Mod: HP is reported as percentages
|teampreview
|
|start
|switch|p1a: Jirachi|Jirachi|404\/404
|switch|p2a: Blastoise|Blastoise, M|351\/351
|turn|1
|
|switch|p1a: Chesnaught|Chesnaught, M, shiny|380\/380
|-formechange|p2a: Blastoise|Blastoise-Mega
|message|Blastoise has Mega Evolved into Mega Blastoise!
|move|p2a: Blastoise|Hydro Pump|p1a: Chesnaught
|-resisted|p1a: Chesnaught
|-damage|p1a: Chesnaught|244\/380
|
|-heal|p1a: Chesnaught|267\/380|[from] item: Leftovers
|turn|2
|
|move|p1a: Chesnaught|Wood Hammer|p2a: Blastoise
|-supereffective|p2a: Blastoise
|-damage|p2a: Blastoise|79\/351
|-damage|p1a: Chesnaught|177\/380|[from] recoil|[of] p2a: Blastoise
|move|p2a: Blastoise|Ice Beam|p1a: Chesnaught
|-supereffective|p1a: Chesnaught
|-damage|p1a: Chesnaught|0 fnt
|faint|p1a: Chesnaught
|
|
|switch|p1a: Jirachi|Jirachi|404\/404
|turn|3
|
|switch|p2a: Chandelure|Chandelure, F|261\/261
|move|p1a: Jirachi|Thunderbolt|p2a: Chandelure
|-damage|p2a: Chandelure|184\/261
|-status|p2a: Chandelure|par
|
|turn|4
|
|switch|p1a: Florges|Florges, F, shiny|360\/360
|switch|p2a: Venomoth|Venomoth, M|343\/343
|
|turn|5
|
|switch|p1a: Nidoking|Nidoking, M, shiny|331\/331
|move|p2a: Venomoth|Quiver Dance|p2a: Venomoth
|-boost|p2a: Venomoth|spa|1
|-boost|p2a: Venomoth|spd|1
|-boost|p2a: Venomoth|spe|1
|
|turn|6
|
|move|p2a: Venomoth|Quiver Dance|p2a: Venomoth
|-boost|p2a: Venomoth|spa|1
|-boost|p2a: Venomoth|spd|1
|-boost|p2a: Venomoth|spe|1
|move|p1a: Nidoking|Earth Power|p2a: Venomoth
|-damage|p2a: Venomoth|197\/343
|
|-heal|p2a: Venomoth|218\/343|[from] item: Black Sludge
|turn|7
|
|move|p2a: Venomoth|Sleep Powder|p1a: Nidoking|[miss]
|-miss|p2a: Venomoth|p1a: Nidoking
|move|p1a: Nidoking|Sludge Wave|p2a: Venomoth
|-resisted|p2a: Venomoth
|-damage|p2a: Venomoth|137\/343
|
|-heal|p2a: Venomoth|158\/343|[from] item: Black Sludge
|turn|8
|
|move|p2a: Venomoth|Sleep Powder|p1a: Nidoking
|-status|p1a: Nidoking|slp
|cant|p1a: Nidoking|slp
|
|-heal|p2a: Venomoth|179\/343|[from] item: Black Sludge
|turn|9
|
|switch|p1a: Blastoise|Blastoise, F|362\/362
|move|p2a: Venomoth|Baton Pass|p2a: Venomoth
|
|switch|p2a: Nidoqueen|Nidoqueen, F|345\/345
|
|turn|10
|
|-formechange|p1a: Blastoise|Blastoise-Mega
|message|Blastoise has Mega Evolved into Mega Blastoise!
|move|p2a: Nidoqueen|Thunderbolt|p1a: Blastoise
|-supereffective|p1a: Blastoise
|-damage|p1a: Blastoise|0 fnt
|faint|p1a: Blastoise
|
|
|switch|p1a: Darmanitan|Darmanitan, F, shiny|351\/351
|turn|11
|
|move|p1a: Darmanitan|Flare Blitz|p2a: Nidoqueen
|-damage|p2a: Nidoqueen|39\/345
|-damage|p1a: Darmanitan|250\/351|[from] recoil|[of] p2a: Nidoqueen
|move|p2a: Nidoqueen|Earth Power|p1a: Darmanitan
|-supereffective|p1a: Darmanitan
|-damage|p1a: Darmanitan|0 fnt
|faint|p1a: Darmanitan
|
|
|switch|p1a: Florges|Florges, F, shiny|360\/360
|turn|12
|
|move|p2a: Nidoqueen|Sludge Wave|p1a: Florges
|-supereffective|p1a: Florges
|-damage|p1a: Florges|0 fnt
|faint|p1a: Florges
|
|
|switch|p1a: Jirachi|Jirachi|404\/404
|turn|13
|
|move|p2a: Nidoqueen|Earth Power|p1a: Jirachi
|-supereffective|p1a: Jirachi
|-damage|p1a: Jirachi|0 fnt
|faint|p1a: Jirachi
|
|
|switch|p1a: Nidoking|Nidoking, M, shiny|331\/331 slp
|turn|14
|
|move|p2a: Nidoqueen|Earth Power|p1a: Nidoking
|-supereffective|p1a: Nidoking
|-damage|p1a: Nidoking|0 fnt
|faint|p1a: Nidoking
|
|win|ImFgt
|raw|Ladder updating...
|raw|reachzero's rating: 1533 &rarr; <strong>1502<\/strong><br \/>(-31 for losing)
|raw|ImFgt's rating: 1318 &rarr; <strong>1349<\/strong><br \/>(+31 for winning)
|leave|reachzero
|player|p1