|join|PrinceSama
|join|reachzero
|player|p1|PrinceSama|170
|player|p2|reachzero|15
|gametype|singles
|gen|6
|tier|UU
|rated
|clearpoke
|poke|p1|Arcanine, M
|poke|p1|Donphan, M
|poke|p1|Slowbro, M
|poke|p1|Ambipom, F
|poke|p1|Mienshao, F
|poke|p1|Nidoking, M
|poke|p2|Slowbro, F, shiny
|poke|p2|Roserade, F, shiny
|poke|p2|Heracross, M
|poke|p2|Aggron, F, shiny
|poke|p2|Snorlax, F, shiny
|poke|p2|Zygarde, shiny
|rule|Sleep Clause Mod: Limit one foe put to sleep
|rule|Species Clause: Limit one of each Pokemon
|rule|OHKO Clause: OHKO moves are banned
|rule|Moody Clause: Moody is banned
|rule|Evasion Moves Clause: Evasion moves are banned
|rule|Endless Battle Clause: Forcing endless battles is banned.
|rule|HP Percentage Mod: HP is reported as percentages
|teampreview
|
|start
|switch|p1a: Mienshao|Mienshao, F|271\/271
|switch|p2a: Aggron|Aggron, F, shiny|344\/344
|turn|1
|
|switch|p2a: Slowbro|Slowbro, F, shiny|394\/394
|move|p1a: Mienshao|High Jump Kick|p2a: Slowbro
|-resisted|p2a: Slowbro
|-damage|p2a: Slowbro|297\/394
|-damage|p1a: Mienshao|244\/271|[from] item: Life Orb
|
|-heal|p2a: Slowbro|321\/394|[from] item: Leftovers
|turn|2
|
|move|p1a: Mienshao|Knock Off|p2a: Slowbro
|-supereffective|p2a: Slowbro
|-damage|p2a: Slowbro|126\/394
|-enditem|p2a: Slowbro|Leftovers|[from] move: Knock Off|[of] p1a: Mienshao
|-damage|p1a: Mienshao|217\/271|[from] item: Life Orb
|move|p2a: Slowbro|Scald|p1a: Mienshao
|-damage|p1a: Mienshao|78\/271
|
|turn|3
|
|switch|p2a: Roserade|Roserade, F, shiny|324\/324
|move|p1a: Mienshao|U-turn|p2a: Roserade
|-damage|p2a: Roserade|167\/324
|-damage|p1a: Mienshao|51\/271|[from] item: Life Orb
|
|switch|p1a: Ambipom|Ambipom, F|291\/291
|
|-heal|p2a: Roserade|187\/324|[from] item: Leftovers
|turn|4
|
|switch|p2a: Slowbro|Slowbro, F, shiny|257\/394
|move|p1a: Ambipom|Return|p2a: Slowbro
|-damage|p2a: Slowbro|124\/394
|-damage|p1a: Ambipom|262\/291|[from] item: Life Orb
|
|turn|5
|
|switch|p2a: Aggron|Aggron, F, shiny|344\/344
|move|p1a: Ambipom|Return|p2a: Aggron
|-resisted|p2a: Aggron
|-damage|p2a: Aggron|314\/344
|-damage|p1a: Ambipom|233\/291|[from] item: Life Orb
|
|turn|6
|
|-formechange|p2a: Aggron|Aggron-Mega
|message|Aggron has Mega Evolved into Mega Aggron!
|move|p1a: Ambipom|Low Kick|p2a: Aggron
|-supereffective|p2a: Aggron
|-damage|p2a: Aggron|201\/344
|-damage|p1a: Ambipom|204\/291|[from] item: Life Orb
|move|p2a: Aggron|Heavy Slam|p1a: Ambipom
|-damage|p1a: Ambipom|0 fnt
|faint|p1a: Ambipom
|
|
|switch|p1a: Nidoking|Nidoking, M|304\/304
|turn|7
|
|switch|p2a: Snorlax|Snorlax, F, shiny|461\/461
|move|p1a: Nidoking|Earth Power|p2a: Snorlax
|-damage|p2a: Snorlax|335\/461
|
|turn|8
|
|switch|p1a: Arcanine|Arcanine, M|384\/384
|-ability|p1a: Arcanine|Intimidate|[of] p2a: Snorlax
|-unboost|p2a: Snorlax|atk|1
|move|p2a: Snorlax|Body Slam|p1a: Arcanine
|-damage|p1a: Arcanine|305\/384
|
|-heal|p1a: Arcanine|329\/384|[from] item: Leftovers
|turn|9
|
|switch|p2a: Slowbro|Slowbro, F, shiny|255\/394
|move|p1a: Arcanine|Will-O-Wisp|p2a: Slowbro
|-status|p2a: Slowbro|brn
|
|-heal|p1a: Arcanine|353\/384|[from] item: Leftovers
|-damage|p2a: Slowbro|206\/394 brn|[from] brn
|turn|10
|
|switch|p1a: Slowbro|Slowbro, M|394\/394
|move|p2a: Slowbro|Scald|p1a: Slowbro
|-resisted|p1a: Slowbro
|-damage|p1a: Slowbro|356\/394
|
|-damage|p2a: Slowbro|157\/394 brn|[from] brn
|turn|11
|
|switch|p2a: Roserade|Roserade, F, shiny|187\/324
|move|p1a: Slowbro|Psyshock|p2a: Roserade
|-supereffective|p2a: Roserade
|-damage|p2a: Roserade|0 fnt
|faint|p2a: Roserade
|
|
|switch|p2a: Heracross|Heracross, M|302\/302
|turn|12
|
|switch|p1a: Arcanine|Arcanine, M|353\/384
|-ability|p1a: Arcanine|Intimidate|[of] p2a: Heracross
|-unboost|p2a: Heracross|atk|1
|move|p2a: Heracross|Knock Off|p1a: Arcanine
|-damage|p1a: Arcanine|287\/384
|-enditem|p1a: Arcanine|Leftovers|[from] move: Knock Off|[of] p2a: Heracross
|
|turn|13
|
|switch|p2a: Slowbro|Slowbro, F, shiny|288\/394 brn
|move|p1a: Arcanine|Will-O-Wisp|p2a: Slowbro
|-fail|p2a: Slowbro|brn
|
|-damage|p2a: Slowbro|239\/394 brn|[from] brn
|turn|14
|
|switch|p1a: Slowbro|Slowbro, M|394\/394
|move|p2a: Slowbro|Scald|p1a: Slowbro
|-resisted|p1a: Slowbro
|-damage|p1a: Slowbro|357\/394
|
|-damage|p2a: Slowbro|190\/394 brn|[from] brn
|turn|15
|
|move|p2a: Slowbro|Slack Off|p2a: Slowbro
|-heal|p2a: Slowbro|387\/394 brn
|move|p1a: Slowbro|Fire Blast|p2a: Slowbro
|-resisted|p2a: Slowbro
|-damage|p2a: Slowbro|329\/394 brn
|
|-damage|p2a: Slowbro|280\/394 brn|[from] brn
|turn|16
|
|move|p1a: Slowbro|Fire Blast|p2a: Slowbro
|-crit|p2a: Slowbro
|-resisted|p2a: Slowbro
|-damage|p2a: Slowbro|200\/394 brn
|move|p2a: Slowbro|Scald|p1a: Slowbro
|-resisted|p1a: Slowbro
|-damage|p1a: Slowbro|318\/394
|-status|p1a: Slowbro|brn
|
|-damage|p2a: Slowbro|151\/394 brn|[from] brn
|-damage|p1a: Slowbro|269\/394 brn|[from] brn
|turn|17
|
|switch|p1a: Mienshao|Mienshao, F|141\/271
|switch|p2a: Snorlax|Snorlax, F, shiny|335\/461
|
|turn|18
|
|switch|p2a: Slowbro|Slowbro, F, shiny|282\/394 brn
|move|p1a: Mienshao|High Jump Kick|p2a: Slowbro
|-resisted|p2a: Slowbro
|-damage|p2a: Slowbro|175\/394 brn
|-damage|p1a: Mienshao|114\/271|[from] item: Life Orb
|
|-damage|p2a: Slowbro|126\/394 brn|[from] brn
|turn|19
|
|move|p1a: Mienshao|U-turn|p2a: Slowbro
|-supereffective|p2a: Slowbro
|-damage|p2a: Slowbro|0 fnt
|-damage|p1a: Mienshao|87\/271|[from] item: Life Orb
|faint|p2a: Slowbro
|
|switch|p1a: Arcanine|Arcanine, M|287\/384
|
|
|switch|p2a: Zygarde|Zygarde, shiny|384\/384
|-ability|p2a: Zygarde|Aura Break
|turn|20
|
|switch|p1a: Donphan|Donphan, M|384\/384
|move|p2a: Zygarde|Coil|p2a: Zygarde
|-boost|p2a: Zygarde|atk|1
|-boost|p2a: Zygarde|def|1
|-boost|p2a: Zygarde|accuracy|1
|
|turn|21
|
|move|p1a: Donphan|Ice Shard|p2a: Zygarde
|-supereffective|p2a: Zygarde
|-damage|p2a: Zygarde|268\/384
|move|p2a: Zygarde|Earthquake|p1a: Donphan
|-damage|p1a: Donphan|164\/384
|
|-heal|p2a: Zygarde|292\/384|[from] item: Leftovers
|-heal|p1a: Donphan|188\/384|[from] item: Leftovers
|turn|22
|
|move|p1a: Donphan|Ice Shard|p2a: Zygarde
|-supereffective|p2a: Zygarde
|-damage|p2a: Zygarde|184\/384
|move|p2a: Zygarde|Earthquake|p1a: Donphan
|-damage|p1a: Donphan|0 fnt
|faint|p1a: Donphan
|
|-heal|p2a: Zygarde|208\/384|[from] item: Leftovers
|
|switch|p1a: Nidoking|Nidoking, M|304\/304
|turn|23
|
|switch|p2a: Snorlax|Snorlax, F, shiny|335\/461
|move|p1a: Nidoking|Ice Beam|p2a: Snorlax
|-damage|p2a: Snorlax|295\/461
|
|turn|24
|
|switch|p1a: Slowbro|Slowbro, M|394\/394 brn
|move|p2a: Snorlax|Earthquake|p1a: Slowbro
|-damage|p1a: Slowbro|302\/394 brn
|
|-damage|p1a: Slowbro|253\/394 brn|[from] brn
|turn|25
|
|switch|p2a: Heracross|Heracross, M|302\/302
|move|p1a: Slowbro|Psyshock|p2a: Heracross
|-crit|p2a: Heracross
|-supereffective|p2a: Heracross
|-damage|p2a: Heracross|0 fnt
|faint|p2a: Heracross
|
|-damage|p1a: Slowbro|204\/394 brn|[from] brn
|
|switch|p2a: Aggron|Aggron, F, shiny|201\/344
|-formechange|p2a: Aggron|Aggron-Mega
|turn|26
|
|switch|p1a: Arcanine|Arcanine, M|287\/384
|-ability|p1a: Arcanine|Intimidate|[of] p2a: Aggron
|-unboost|p2a: Aggron|atk|1
|move|p2a: Aggron|Stealth Rock|p1a: Arcanine
|-sidestart|p1: PrinceSama|move: Stealth Rock
|
|turn|27
|
|move|p1a: Arcanine|Will-O-Wisp|p2a: Aggron|[miss]
|-miss|p1a: Arcanine|p2a: Aggron
|move|p2a: Aggron|Earthquake|p1a: Arcanine
|-supereffective|p1a: Arcanine
|-damage|p1a: Arcanine|123\/384
|
|turn|28
|
|move|p1a: Arcanine|Will-O-Wisp|p2a: Aggron
|-status|p2a: Aggron|brn
|move|p2a: Aggron|Dragon Tail|p1a: Arcanine
|-damage|p1a: Arcanine|98\/384
|drag|p1a: Nidoking|Nidoking, M|304\/304
|-damage|p1a: Nidoking|285\/304|[from] Stealth Rock
|
|-damage|p2a: Aggron|158\/344 brn|[from] brn
|turn|29
|
|move|p1a: Nidoking|Earth Power|p2a: Aggron
|-supereffective|p2a: Aggron
|-damage|p2a: Aggron|0 fnt
|faint|p2a: Aggron
|
|
|switch|p2a: Snorlax|Snorlax, F, shiny|295\/461
|turn|30
|
|switch|p1a: Slowbro|Slowbro, M|335\/394 brn
|-damage|p1a: Slowbro|286\/394 brn|[from] Stealth Rock
|move|p2a: Snorlax|Earthquake|p1a: Slowbro
|-damage|p1a: Slowbro|206\/394 brn
|
|-damage|p1a: Slowbro|157\/394 brn|[from] brn
|turn|31
|
|move|p2a: Snorlax|Crunch|p1a: Slowbro
|-supereffective|p1a: Slowbro
|-damage|p1a: Slowbro|31\/394 brn
|move|p1a: Slowbro|Psyshock|p2a: Snorlax
|-damage|p2a: Snorlax|186\/461
|
|-damage|p1a: Slowbro|0 fnt|[from] brn
|faint|p1a: Slowbro
|
|switch|p1a: Mienshao|Mienshao, F|177\/271
|-damage|p1a: Mienshao|161\/271|[from] Stealth Rock
|turn|32
|
|move|p1a: Mienshao|High Jump Kick|p2a: Snorlax
|-supereffective|p2a: Snorlax
|-damage|p2a: Snorlax|0 fnt
|-damage|p1a: Mienshao|134\/271|[from] item: Life Orb
|faint|p2a: Snorlax
|
|
|switch|p2a: Zygarde|Zygarde, shiny|208\/384
|-ability|p2a: Zygarde|Aura Break
|turn|33
|
|move|p1a: Mienshao|High Jump Kick|p2a: Zygarde|[miss]
|-miss|p1a: Mienshao|p2a: Zygarde
|-damage|p1a: Mienshao|0 fnt|[from] highjumpkick
|faint|p1a: Mienshao
|move|p2a: Zygarde|Coil|p2a: Zygarde
|-boost|p2a: Zygarde|atk|1
|-boost|p2a: Zygarde|def|1
|-boost|p2a: Zygarde|accuracy|1
|
|-heal|p2a: Zygarde|232\/384|[from] item: Leftovers
|
|switch|p1a: Arcanine|Arcanine, M|98\/384
|-damage|p1a: Arcanine|2\/384|[from] Stealth Rock
|-ability|p1a: Arcanine|Intimidate|[of] p2a: Zygarde
|-unboost|p2a: Zygarde|atk|1
|turn|34
|
|move|p2a: Zygarde|Extreme Speed|p1a: Arcanine
|-crit|p1a: Arcanine
|-damage|p1a: Arcanine|0 fnt
|faint|p1a: Arcanine
|
|-heal|p2a: Zygarde|256\/384|[from] item: Leftovers
|
|switch|p1a: Nidoking|Nidoking, M|285\/304
|-damage|p1a: Nidoking|266\/304|[from] Stealth Rock
|turn|35
|
|move|p1a: Nidoking|Ice Beam|p2a: Zygarde
|-crit|p2a: Zygarde
|-supereffective|p2a: Zygarde
|-damage|p2a: Zygarde|0 fnt
|faint|p2a: Zygarde
|
|win|PrinceSama
|raw|Ladder updating...
|raw|PrinceSama's rating: 1188 &rarr; <strong>1219<\/strong><br \/>(+31 for winning)
|raw|reachzero's rating: 1271 &rarr; <strong>1240<\/strong><br \/>(-31 for losing)
|leave|reachzero
|player|p2