|join|Rising Swe
|join|reachzero
|player|p1|Rising Swe|266
|player|p2|reachzero|15
|gametype|singles
|gen|6
|tier|UU
|rated
|clearpoke
|poke|p1|Houndoom, F
|poke|p1|Snorlax, F
|poke|p1|Florges, F
|poke|p1|Forretress, F
|poke|p1|Mienshao, M
|poke|p1|Nidoking, M
|poke|p2|Nidoking, M, shiny
|poke|p2|Jirachi
|poke|p2|Florges, F, shiny
|poke|p2|Blastoise, F
|poke|p2|Chesnaught, F, shiny
|poke|p2|Darmanitan, M, shiny
|rule|Sleep Clause Mod: Limit one foe put to sleep
|rule|Species Clause: Limit one of each Pokemon
|rule|OHKO Clause: OHKO moves are banned
|rule|Moody Clause: Moody is banned
|rule|Evasion Moves Clause: Evasion moves are banned
|rule|Endless Battle Clause: Forcing endless battles is banned.
|rule|HP Percentage Mod: HP is reported as percentages
|teampreview
|
|start
|switch|p1a: Mienshao|Mienshao, M|271\/271
|switch|p2a: Darmanitan|Darmanitan, M, shiny|351\/351
|turn|1
|
|move|p1a: Mienshao|High Jump Kick|p2a: Darmanitan
|-damage|p2a: Darmanitan|0 fnt
|faint|p2a: Darmanitan
|
|
|switch|p2a: Nidoking|Nidoking, M, shiny|331\/331
|turn|2
|
|switch|p1a: Snorlax|Snorlax, F|461\/461
|move|p2a: Nidoking|Earth Power|p1a: Snorlax
|-damage|p1a: Snorlax|323\/461
|
|turn|3
|
|move|p1a: Snorlax|Pursuit|p2a: Nidoking|[from]Pursuit
|-damage|p2a: Nidoking|215\/331
|switch|p2a: Chesnaught|Chesnaught, F, shiny|380\/380
|
|turn|4
|join|nether world
|join|golurkk
|
|switch|p1a: Forretress|Forretress, F|354\/354
|move|p2a: Chesnaught|Spikes|p1a: Forretress
|-sidestart|p1: Rising Swe|Spikes
|
|turn|5
|
|switch|p2a: Jirachi|Jirachi|404\/404
|move|p1a: Forretress|Spikes|p2a: Jirachi
|-sidestart|p2: reachzero|Spikes
|
|turn|6
|join|puberty
|
|move|p2a: Jirachi|Substitute|p2a: Jirachi
|-start|p2a: Jirachi|Substitute
|-damage|p2a: Jirachi|303\/404
|move|p1a: Forretress|Volt Switch|p2a: Jirachi
|-activate|p2a: Jirachi|Substitute|[damage]
|
|switch|p1a: Mienshao|Mienshao, M|271\/271
|-damage|p1a: Mienshao|238\/271|[from] Spikes
|
|-heal|p2a: Jirachi|328\/404|[from] item: Leftovers
|turn|7
|
|move|p1a: Mienshao|U-turn|p2a: Jirachi
|-end|p2a: Jirachi|Substitute
|
|switch|p1a: Florges|Florges, F|360\/360
|-damage|p1a: Florges|315\/360|[from] Spikes
|move|p2a: Jirachi|Substitute|p2a: Jirachi
|-start|p2a: Jirachi|Substitute
|-damage|p2a: Jirachi|227\/404
|
|-heal|p2a: Jirachi|252\/404|[from] item: Leftovers
|-heal|p1a: Florges|337\/360|[from] item: Leftovers
|turn|8
|
|move|p2a: Jirachi|Calm Mind|p2a: Jirachi
|-boost|p2a: Jirachi|spa|1
|-boost|p2a: Jirachi|spd|1
|move|p1a: Florges|Moonblast|p2a: Jirachi
|-resisted|p2a: Jirachi
|-activate|p2a: Jirachi|Substitute|[damage]
|
|-heal|p2a: Jirachi|277\/404|[from] item: Leftovers
|-heal|p1a: Florges|359\/360|[from] item: Leftovers
|turn|9
|chat|puberty|switching florges into jirachi<
|chat|puberty|wat
|
|move|p2a: Jirachi|Calm Mind|p2a: Jirachi
|-boost|p2a: Jirachi|spa|1
|-boost|p2a: Jirachi|spd|1
|move|p1a: Florges|Moonblast|p2a: Jirachi
|-resisted|p2a: Jirachi
|-activate|p2a: Jirachi|Substitute|[damage]
|
|-heal|p2a: Jirachi|302\/404|[from] item: Leftovers
|-heal|p1a: Florges|360\/360|[from] item: Leftovers
|turn|10
|
|move|p2a: Jirachi|Calm Mind|p2a: Jirachi
|-boost|p2a: Jirachi|spa|1
|-boost|p2a: Jirachi|spd|1
|move|p1a: Florges|Moonblast|p2a: Jirachi
|-resisted|p2a: Jirachi
|-end|p2a: Jirachi|Substitute
|
|-heal|p2a: Jirachi|327\/404|[from] item: Leftovers
|turn|11
|
|switch|p1a: Snorlax|Snorlax, F|323\/461
|-damage|p1a: Snorlax|266\/461|[from] Spikes
|move|p2a: Jirachi|Substitute|p2a: Jirachi
|-start|p2a: Jirachi|Substitute
|-damage|p2a: Jirachi|226\/404
|
|-heal|p2a: Jirachi|251\/404|[from] item: Leftovers
|turn|12
|
|move|p2a: Jirachi|Psychic|p1a: Snorlax
|-damage|p1a: Snorlax|106\/461
|move|p1a: Snorlax|Earthquake|p2a: Jirachi
|-supereffective|p2a: Jirachi
|-end|p2a: Jirachi|Substitute
|
|-heal|p2a: Jirachi|276\/404|[from] item: Leftovers
|turn|13
|
|move|p2a: Jirachi|Psychic|p1a: Snorlax
|-damage|p1a: Snorlax|0 fnt
|faint|p1a: Snorlax
|
|-heal|p2a: Jirachi|301\/404|[from] item: Leftovers
|
|switch|p1a: Mienshao|Mienshao, M|271\/271
|-damage|p1a: Mienshao|238\/271|[from] Spikes
|turn|14
|
|switch|p2a: Florges|Florges, F, shiny|360\/360
|-damage|p2a: Florges|315\/360|[from] Spikes
|move|p1a: Mienshao|U-turn|p2a: Florges
|-resisted|p2a: Florges
|-damage|p2a: Florges|272\/360
|
|switch|p1a: Nidoking|Nidoking, M|304\/304
|-damage|p1a: Nidoking|266\/304|[from] Spikes
|
|-heal|p2a: Florges|294\/360|[from] item: Leftovers
|turn|15
|
|move|p1a: Nidoking|Substitute|p1a: Nidoking
|-start|p1a: Nidoking|Substitute
|-damage|p1a: Nidoking|190\/304
|move|p2a: Florges|Wish|p2a: Florges
|
|-heal|p2a: Florges|316\/360|[from] item: Leftovers
|turn|16
|
|move|p1a: Nidoking|Sludge Wave|p2a: Florges
|-supereffective|p2a: Florges
|-damage|p2a: Florges|51\/360
|move|p2a: Florges|Moonblast|p1a: Nidoking
|-resisted|p1a: Nidoking
|-activate|p1a: Nidoking|Substitute|[damage]
|
|-heal|p2a: Florges|231\/360|[from] move: Wish|[wisher] Florges
|-heal|p2a: Florges|253\/360|[from] item: Leftovers
|turn|17
|
|move|p2a: Florges|Protect|p2a: Florges
|-singleturn|p2a: Florges|Protect
|move|p1a: Nidoking|Sludge Wave|p2a: Florges
|-activate|p2a: Florges|Protect
|
|-heal|p2a: Florges|275\/360|[from] item: Leftovers
|turn|18
|
|move|p1a: Nidoking|Sludge Wave|p2a: Florges
|-supereffective|p2a: Florges
|-damage|p2a: Florges|0 fnt
|faint|p2a: Florges
|
|
|switch|p2a: Jirachi|Jirachi|301\/404
|-damage|p2a: Jirachi|251\/404|[from] Spikes
|turn|19
|
|move|p2a: Jirachi|Psychic|p1a: Nidoking
|-supereffective|p1a: Nidoking
|-end|p1a: Nidoking|Substitute
|move|p1a: Nidoking|Earth Power|p2a: Jirachi
|-supereffective|p2a: Jirachi
|-damage|p2a: Jirachi|0 fnt
|faint|p2a: Jirachi
|
|
|switch|p2a: Blastoise|Blastoise, F|362\/362
|-damage|p2a: Blastoise|317\/362|[from] Spikes
|turn|20
|
|-formechange|p2a: Blastoise|Blastoise-Mega
|message|Blastoise has Mega Evolved into Mega Blastoise!
|move|p1a: Nidoking|Sludge Wave|p2a: Blastoise
|-damage|p2a: Blastoise|129\/362
|move|p2a: Blastoise|Scald|p1a: Nidoking
|-supereffective|p1a: Nidoking
|-damage|p1a: Nidoking|0 fnt
|faint|p1a: Nidoking
|
|
|switch|p1a: Mienshao|Mienshao, M|271\/271
|-damage|p1a: Mienshao|238\/271|[from] Spikes
|turn|21
|
|move|p1a: Mienshao|High Jump Kick|p2a: Blastoise
|-damage|p2a: Blastoise|0 fnt
|faint|p2a: Blastoise
|
|
|switch|p2a: Nidoking|Nidoking, M, shiny|215\/331
|-damage|p2a: Nidoking|174\/331|[from] Spikes
|turn|22
|
|move|p1a: Mienshao|High Jump Kick|p2a: Nidoking
|-resisted|p2a: Nidoking
|-damage|p2a: Nidoking|37\/331
|move|p2a: Nidoking|Earth Power|p1a: Mienshao
|-crit|p1a: Mienshao
|-damage|p1a: Mienshao|0 fnt
|faint|p1a: Mienshao
|
|chat|reachzero|gg
|
|switch|p1a: Houndoom|Houndoom, F|292\/292
|-damage|p1a: Houndoom|256\/292|[from] Spikes
|turn|23
|chat|Rising Swe|gg
|chat|reachzero|I shouldn't have risked Darma so early
|
|-formechange|p1a: Houndoom|Houndoom-Mega
|message|Houndoom has Mega Evolved into Mega Houndoom!
|move|p1a: Houndoom|Flamethrower|p2a: Nidoking
|-damage|p2a: Nidoking|0 fnt
|faint|p2a: Nidoking
|
|
|switch|p2a: Chesnaught|Chesnaught, F, shiny|380\/380
|-damage|p2a: Chesnaught|333\/380|[from] Spikes
|turn|24
|
|move|p1a: Houndoom|Flamethrower|p2a: Chesnaught
|-supereffective|p2a: Chesnaught
|-damage|p2a: Chesnaught|0 fnt
|faint|p2a: Chesnaught
|
|win|Rising Swe
|raw|Ladder updating...
|raw|Rising Swe's rating: 1566 &rarr; <strong>1585<\/strong><br \/>(+19 for winning)
|raw|reachzero's rating: 1553 &rarr; <strong>1533<\/strong><br \/>(-20 for losing)