|join|reachzero
|join|NewGenious
|player|p1|reachzero|15
|player|p2|NewGenious|101
|gametype|singles
|gen|6
|tier|UU
|rated
|rule|Sleep Clause Mod: Limit one foe put to sleep
|rule|Species Clause: Limit one of each PokÃ©mon
|rule|OHKO Clause: OHKO moves are banned
|rule|Moody Clause: Moody is banned
|rule|Evasion Moves Clause: Evasion moves are banned
|rule|Endless Battle Clause: Forcing endless battles is banned
|rule|HP Percentage Mod: HP is shown in percentages
|clearpoke
|poke|p1|Suicune
|poke|p1|Celebi
|poke|p1|Aggron, M
|poke|p1|Togetic, M, shiny
|poke|p1|Rotom-Heat
|poke|p1|Zygarde
|poke|p2|Mr. Mime, F
|poke|p2|Swalot, F
|poke|p2|Blastoise, M
|poke|p2|Infernape, M
|poke|p2|Houndoom, M
|poke|p2|Snorlax, M
|rule|Swagger Clause: Swagger is banned
|rule|Baton Pass Clause: Limit one PokÃ©mon knowing Baton Pass
|teampreview
|
|start
|switch|p1a: Suicune|Suicune|404\/404
|switch|p2a: TakeMyHands|Mr. Mime, F|221\/221
|-ability|p1a: Suicune|Pressure
|turn|1
|
|switch|p1a: Aggron|Aggron, M|344\/344
|move|p2a: TakeMyHands|Trick|p1a: Aggron
|-fail|p1a: Aggron
|
|turn|2
|
|switch|p2a: Mephistofeles|Houndoom, M|291\/291
|detailschange|p1a: Aggron|Aggron-Mega, M
|message|Aggron has Mega Evolved into Mega Aggron!
|move|p1a: Aggron|Stealth Rock|p2a: Mephistofeles
|-sidestart|p2: NewGenious|move: Stealth Rock
|
|turn|3
|
|switch|p1a: Suicune|Suicune|404\/404
|-ability|p1a: Suicune|Pressure
|move|p2a: Mephistofeles|Destiny Bond|p2a: Mephistofeles
|-singlemove|p2a: Mephistofeles|Destiny Bond
|
|turn|4
|
|move|p2a: Mephistofeles|Taunt|p1a: Suicune
|-start|p1a: Suicune|move: Taunt
|move|p1a: Suicune|Scald|p2a: Mephistofeles
|-supereffective|p2a: Mephistofeles
|-damage|p2a: Mephistofeles|85\/291
|
|turn|5
|
|switch|p1a: Zygarde|Zygarde|384\/384
|-ability|p1a: Zygarde|Aura Break
|move|p2a: Mephistofeles|Destiny Bond|p2a: Mephistofeles
|-singlemove|p2a: Mephistofeles|Destiny Bond
|
|turn|6
|
|move|p2a: Mephistofeles|Flamethrower|p1a: Zygarde
|-resisted|p1a: Zygarde
|-damage|p1a: Zygarde|307\/384
|move|p1a: Zygarde|Dragon Dance|p1a: Zygarde
|-boost|p1a: Zygarde|atk|1
|-boost|p1a: Zygarde|spe|1
|
|-heal|p1a: Zygarde|331\/384|[from] item: Leftovers
|turn|7
|
|move|p1a: Zygarde|Earthquake|p2a: Mephistofeles
|-supereffective|p2a: Mephistofeles
|-damage|p2a: Mephistofeles|0 fnt
|faint|p2a: Mephistofeles
|
|-heal|p1a: Zygarde|355\/384|[from] item: Leftovers
|
|switch|p2a: TakeMyHands|Mr. Mime, F|221\/221
|-damage|p2a: TakeMyHands|194\/221|[from] Stealth Rock
|turn|8
|
|move|p2a: TakeMyHands|Dazzling Gleam|p1a: Zygarde
|-supereffective|p1a: Zygarde
|-damage|p1a: Zygarde|79\/384
|move|p1a: Zygarde|Earthquake|p2a: TakeMyHands
|-damage|p2a: TakeMyHands|0 fnt
|faint|p2a: TakeMyHands
|
|-heal|p1a: Zygarde|103\/384|[from] item: Leftovers
|
|switch|p2a: Tobias|Infernape, M|293\/293
|-damage|p2a: Tobias|257\/293|[from] Stealth Rock
|turn|9
|
|move|p2a: Tobias|Mach Punch|p1a: Zygarde
|-damage|p1a: Zygarde|13\/384
|-damage|p2a: Tobias|228\/293|[from] item: Life Orb
|move|p1a: Zygarde|Earthquake|p2a: Tobias
|-supereffective|p2a: Tobias
|-damage|p2a: Tobias|0 fnt
|faint|p2a: Tobias
|
|-heal|p1a: Zygarde|37\/384|[from] item: Leftovers
|-message|NewGenious forfeited.
|
|win|reachzero
|raw|Ladder updating...
|raw|reachzero's rating: 1407 &rarr; <strong>1432<\/strong><br \/>(+25 for winning)
|raw|NewGenious's rating: 1481 &rarr; <strong>1457<\/strong><br \/>(-24 for losing)
|leave|NewGenious
|player|p2