|join|reachzero
|join|AdamantChansey
|player|p1|reachzero|15
|player|p2|AdamantChansey|246
|gametype|singles
|gen|6
|tier|UU
|rated
|rule|Sleep Clause Mod: Limit one foe put to sleep
|rule|Species Clause: Limit one of each Pokemon
|rule|OHKO Clause: OHKO moves are banned
|rule|Moody Clause: Moody is banned
|rule|Evasion Moves Clause: Evasion moves are banned
|rule|Endless Battle Clause: Forcing endless battles is banned.
|rule|HP Percentage Mod: HP is reported as percentages
|clearpoke
|poke|p1|Nidoking, M, shiny
|poke|p1|Jirachi
|poke|p1|Florges, F, shiny
|poke|p1|Blastoise, F
|poke|p1|Chesnaught, M, shiny
|poke|p1|Darmanitan, M, shiny
|poke|p2|Whimsicott, M
|poke|p2|Azelf
|poke|p2|Spiritomb, F
|poke|p2|Arcanine, M
|poke|p2|Starmie
|poke|p2|Amoonguss, F
|teampreview
|
|start
|switch|p1a: Blastoise|Blastoise, F|362\/362
|switch|p2a: TurkishPizza|Azelf|291\/291
|turn|1
|
|-formechange|p1a: Blastoise|Blastoise-Mega
|message|Blastoise has Mega Evolved into Mega Blastoise!
|move|p2a: TurkishPizza|Stealth Rock|p1a: Blastoise
|-sidestart|p1: reachzero|move: Stealth Rock
|move|p1a: Blastoise|Dark Pulse|p2a: TurkishPizza
|-supereffective|p2a: TurkishPizza
|-enditem|p2a: TurkishPizza|Focus Sash
|-damage|p2a: TurkishPizza|1\/291
|
|turn|2
|
|move|p2a: TurkishPizza|Explosion|p1a: Blastoise
|-damage|p1a: Blastoise|169\/362
|faint|p2a: TurkishPizza
|move|p1a: Blastoise|Rapid Spin|p2: TurkishPizza|[notarget]
|-notarget
|
|
|switch|p2a: Can't Touch This|Spiritomb, F|304\/304
|-ability|p2a: Can't Touch This|Pressure
|turn|3
|
|switch|p1a: Nidoking|Nidoking, M, shiny|331\/331
|-damage|p1a: Nidoking|311\/331|[from] Stealth Rock
|move|p2a: Can't Touch This|Infestation|p1a: Nidoking
|-resisted|p1a: Nidoking
|-damage|p1a: Nidoking|303\/331
|-activate|p1a: Nidoking|move: Infestation|[of] p2a: Can't Touch This
|
|-damage|p1a: Nidoking|262\/331|[from] move: Infestation|[partiallytrapped]
|turn|4
|
|move|p1a: Nidoking|Stealth Rock|p2a: Can't Touch This
|-sidestart|p2: AdamantChansey|move: Stealth Rock
|move|p2a: Can't Touch This|Pain Split|p1a: Nidoking
|-sethp|p1a: Nidoking|283\/331|p2a: Can't Touch This|283\/304|[from] move: Pain Split
|
|-heal|p2a: Can't Touch This|302\/304|[from] item: Leftovers
|-damage|p1a: Nidoking|242\/331|[from] move: Infestation|[partiallytrapped]
|turn|5
|
|move|p1a: Nidoking|Earth Power|p2a: Can't Touch This
|-damage|p2a: Can't Touch This|153\/304
|move|p2a: Can't Touch This|Foul Play|p1a: Nidoking
|-damage|p1a: Nidoking|139\/331
|
|-heal|p2a: Can't Touch This|172\/304|[from] item: Leftovers
|-damage|p1a: Nidoking|98\/331|[from] move: Infestation|[partiallytrapped]
|turn|6
|
|move|p1a: Nidoking|Earth Power|p2a: Can't Touch This
|-damage|p2a: Can't Touch This|26\/304
|move|p2a: Can't Touch This|Foul Play|p1a: Nidoking
|-damage|p1a: Nidoking|0 fnt
|faint|p1a: Nidoking
|
|-heal|p2a: Can't Touch This|45\/304|[from] item: Leftovers
|
|switch|p1a: Chesnaught|Chesnaught, M, shiny|380\/380
|-damage|p1a: Chesnaught|357\/380|[from] Stealth Rock
|turn|7
|
|move|p1a: Chesnaught|Spikes|p2a: Can't Touch This
|-sidestart|p2: AdamantChansey|Spikes
|move|p2a: Can't Touch This|Pain Split|p1a: Chesnaught
|-sethp|p1a: Chesnaught|201\/380|p2a: Can't Touch This|201\/304|[from] move: Pain Split
|
|-heal|p1a: Chesnaught|224\/380|[from] item: Leftovers
|-heal|p2a: Can't Touch This|220\/304|[from] item: Leftovers
|turn|8
|
|move|p1a: Chesnaught|Leech Seed|p2a: Can't Touch This
|-start|p2a: Can't Touch This|move: Leech Seed
|move|p2a: Can't Touch This|Infestation|p1a: Chesnaught
|-damage|p1a: Chesnaught|207\/380
|-activate|p1a: Chesnaught|move: Infestation|[of] p2a: Can't Touch This
|
|-heal|p1a: Chesnaught|230\/380|[from] item: Leftovers
|-heal|p2a: Can't Touch This|239\/304|[from] item: Leftovers
|-damage|p2a: Can't Touch This|201\/304|[from] Leech Seed|[of] p1a: Chesnaught
|-heal|p1a: Chesnaught|268\/380|[silent]
|-damage|p1a: Chesnaught|221\/380|[from] move: Infestation|[partiallytrapped]
|turn|9
|
|move|p1a: Chesnaught|Spikes|p2a: Can't Touch This
|-sidestart|p2: AdamantChansey|Spikes
|move|p2a: Can't Touch This|Toxic|p1a: Chesnaught
|-status|p1a: Chesnaught|tox
|
|-heal|p1a: Chesnaught|244\/380 tox|[from] item: Leftovers
|-heal|p2a: Can't Touch This|220\/304|[from] item: Leftovers
|-damage|p2a: Can't Touch This|182\/304|[from] Leech Seed|[of] p1a: Chesnaught
|-heal|p1a: Chesnaught|282\/380 tox|[silent]
|-damage|p1a: Chesnaught|259\/380 tox|[from] psn
|-damage|p1a: Chesnaught|212\/380 tox|[from] move: Infestation|[partiallytrapped]
|turn|10
|
|move|p1a: Chesnaught|Spikes|p2a: Can't Touch This
|-sidestart|p2: AdamantChansey|Spikes
|move|p2a: Can't Touch This|Foul Play|p1a: Chesnaught
|-resisted|p1a: Chesnaught
|-damage|p1a: Chesnaught|168\/380 tox
|
|-heal|p1a: Chesnaught|191\/380 tox|[from] item: Leftovers
|-heal|p2a: Can't Touch This|201\/304|[from] item: Leftovers
|-damage|p2a: Can't Touch This|163\/304|[from] Leech Seed|[of] p1a: Chesnaught
|-heal|p1a: Chesnaught|229\/380 tox|[silent]
|-damage|p1a: Chesnaught|183\/380 tox|[from] psn
|-damage|p1a: Chesnaught|136\/380 tox|[from] move: Infestation|[partiallytrapped]
|turn|11
|
|move|p1a: Chesnaught|Wood Hammer|p2a: Can't Touch This
|-damage|p2a: Can't Touch This|33\/304
|-damage|p1a: Chesnaught|93\/380 tox|[from] recoil|[of] p2a: Can't Touch This
|move|p2a: Can't Touch This|Foul Play|p1a: Chesnaught
|-resisted|p1a: Chesnaught
|-damage|p1a: Chesnaught|51\/380 tox
|
|-heal|p1a: Chesnaught|74\/380 tox|[from] item: Leftovers
|-heal|p2a: Can't Touch This|52\/304|[from] item: Leftovers
|-damage|p2a: Can't Touch This|14\/304|[from] Leech Seed|[of] p1a: Chesnaught
|-heal|p1a: Chesnaught|112\/380 tox|[silent]
|-damage|p1a: Chesnaught|43\/380 tox|[from] psn
|-damage|p1a: Chesnaught|0 fnt|[from] move: Infestation|[partiallytrapped]
|faint|p1a: Chesnaught
|
|switch|p1a: Jirachi|Jirachi|404\/404
|-damage|p1a: Jirachi|379\/404|[from] Stealth Rock
|turn|12
|
|move|p1a: Jirachi|Substitute|p1a: Jirachi
|-start|p1a: Jirachi|Substitute
|-damage|p1a: Jirachi|278\/404
|move|p2a: Can't Touch This|Pain Split|p1a: Jirachi
|
|-heal|p1a: Jirachi|303\/404|[from] item: Leftovers
|-heal|p2a: Can't Touch This|33\/304|[from] item: Leftovers
|-damage|p2a: Can't Touch This|0 fnt|[from] Leech Seed|[of] p1a: Jirachi
|-heal|p1a: Jirachi|336\/404|[silent]
|faint|p2a: Can't Touch This
|
|switch|p2a: Cassxx|Starmie|261\/261
|-damage|p2a: Cassxx|229\/261|[from] Stealth Rock
|-damage|p2a: Cassxx|164\/261|[from] Spikes
|turn|13
|
|move|p2a: Cassxx|Rapid Spin|p1a: Jirachi
|-resisted|p1a: Jirachi
|-activate|p1a: Jirachi|Substitute|[damage]
|-sideend|p2: AdamantChansey|Spikes|[from] move: Rapid Spin|[of] p2a: Cassxx
|-sideend|p2: AdamantChansey|Stealth Rock|[from] move: Rapid Spin|[of] p2a: Cassxx
|move|p1a: Jirachi|Thunderbolt|p2a: Cassxx
|-supereffective|p2a: Cassxx
|-damage|p2a: Cassxx|2\/261
|
|-heal|p1a: Jirachi|361\/404|[from] item: Leftovers
|turn|14
|
|switch|p2a: ArK9|Arcanine, M|383\/383
|-activate|p1a: Jirachi|Substitute|ability: Intimidate|[of] p2a: ArK9
|move|p1a: Jirachi|Thunderbolt|p2a: ArK9
|-damage|p2a: ArK9|289\/383
|
|-heal|p1a: Jirachi|386\/404|[from] item: Leftovers
|turn|15
|
|move|p1a: Jirachi|Psychic|p2a: ArK9
|-damage|p2a: ArK9|151\/383
|-unboost|p2a: ArK9|spd|1
|move|p2a: ArK9|Flare Blitz|p1a: Jirachi
|-supereffective|p1a: Jirachi
|-end|p1a: Jirachi|Substitute
|-damage|p2a: ArK9|119\/383|[from] recoil|[of] p1a: Jirachi
|
|-heal|p1a: Jirachi|404\/404|[from] item: Leftovers
|turn|16
|
|switch|p2a: Scott|Whimsicott, M|323\/323
|move|p1a: Jirachi|Psychic|p2a: Scott
|-damage|p2a: Scott|176\/323
|
|-heal|p2a: Scott|196\/323|[from] item: Leftovers
|turn|17
|
|switch|p1a: Blastoise|Blastoise, F|169\/362
|-formechange|p1a: Blastoise|Blastoise-Mega
|-damage|p1a: Blastoise|124\/362|[from] Stealth Rock
|move|p2a: Scott|Leech Seed|p1a: Blastoise
|-start|p1a: Blastoise|move: Leech Seed
|
|-heal|p2a: Scott|216\/323|[from] item: Leftovers
|-damage|p1a: Blastoise|79\/362|[from] Leech Seed|[of] p2a: Scott
|-heal|p2a: Scott|261\/323|[silent]
|turn|18
|
|move|p2a: Scott|Giga Drain|p1a: Blastoise
|-supereffective|p1a: Blastoise
|-damage|p1a: Blastoise|0 fnt
|-heal|p2a: Scott|301\/323|[from] drain|[of] p1a: Blastoise
|faint|p1a: Blastoise
|
|-heal|p2a: Scott|321\/323|[from] item: Leftovers
|
|switch|p1a: Darmanitan|Darmanitan, M, shiny|351\/351
|-damage|p1a: Darmanitan|264\/351|[from] Stealth Rock
|turn|19
|
|switch|p2a: Spore|Amoonguss, F|432\/432
|move|p1a: Darmanitan|Fire Punch|p2a: Spore
|-supereffective|p2a: Spore
|-damage|p2a: Spore|112\/432
|
|-heal|p2a: Spore|139\/432|[from] item: Black Sludge
|turn|20
|
|move|p1a: Darmanitan|Fire Punch|p2a: Spore
|-supereffective|p2a: Spore
|-damage|p2a: Spore|0 fnt
|faint|p2a: Spore
|
|
|switch|p2a: Cassxx|Starmie|2\/261
|turn|21
|
|move|p2a: Cassxx|Scald|p1a: Darmanitan
|-supereffective|p1a: Darmanitan
|-damage|p1a: Darmanitan|0 fnt
|faint|p1a: Darmanitan
|
|
|switch|p1a: Florges|Florges, F, shiny|360\/360
|-damage|p1a: Florges|315\/360|[from] Stealth Rock
|turn|22
|
|move|p2a: Cassxx|Scald|p1a: Florges
|-damage|p1a: Florges|239\/360
|move|p1a: Florges|Moonblast|p2a: Cassxx
|-damage|p2a: Cassxx|0 fnt
|faint|p2a: Cassxx
|
|-heal|p1a: Florges|261\/360|[from] item: Leftovers
|
|switch|p2a: ArK9|Arcanine, M|119\/383
|-ability|p2a: ArK9|Intimidate|[of] p1a: Florges
|-unboost|p1a: Florges|atk|1
|turn|23
|
|move|p1a: Florges|Protect|p1a: Florges
|-singleturn|p1a: Florges|Protect
|move|p2a: ArK9|Morning Sun|p2a: ArK9
|-heal|p2a: ArK9|310\/383
|
|-heal|p1a: Florges|283\/360|[from] item: Leftovers
|turn|24
|
|move|p2a: ArK9|Flare Blitz|p1a: Florges
|-damage|p1a: Florges|105\/360
|-damage|p2a: ArK9|251\/383|[from] recoil|[of] p1a: Florges
|move|p1a: Florges|Wish|p1a: Florges
|
|-heal|p1a: Florges|127\/360|[from] item: Leftovers
|turn|25
|
|move|p1a: Florges|Protect|p1a: Florges
|-singleturn|p1a: Florges|Protect
|move|p2a: ArK9|Morning Sun|p2a: ArK9
|-heal|p2a: ArK9|383\/383
|
|-heal|p1a: Florges|307\/360|[from] move: Wish|[wisher] Florges
|-heal|p1a: Florges|329\/360|[from] item: Leftovers
|turn|26
|
|move|p2a: ArK9|Will-O-Wisp|p1a: Florges
|-status|p1a: Florges|brn
|move|p1a: Florges|Wish|p1a: Florges
|
|-heal|p1a: Florges|351\/360 brn|[from] item: Leftovers
|-damage|p1a: Florges|306\/360 brn|[from] brn
|turn|27
|
|move|p2a: ArK9|Flare Blitz|p1a: Florges
|-damage|p1a: Florges|102\/360 brn
|-damage|p2a: ArK9|316\/383|[from] recoil|[of] p1a: Florges
|move|p1a: Florges|Aromatherapy|p1a: Florges
|-cureteam|p1a: Florges|[from] move: Aromatherapy
|
|-heal|p1a: Florges|282\/360|[from] move: Wish|[wisher] Florges
|-heal|p1a: Florges|304\/360|[from] item: Leftovers
|turn|28
|
|move|p2a: ArK9|Flare Blitz|p1a: Florges
|-damage|p1a: Florges|100\/360
|-damage|p2a: ArK9|249\/383|[from] recoil|[of] p1a: Florges
|move|p1a: Florges|Wish|p1a: Florges
|
|-heal|p1a: Florges|122\/360|[from] item: Leftovers
|turn|29
|
|switch|p2a: Scott|Whimsicott, M|321\/323
|move|p1a: Florges|Protect|p1a: Florges
|-fail|p1a: Florges
|
|-heal|p1a: Florges|302\/360|[from] move: Wish|[wisher] Florges
|-heal|p2a: Scott|323\/323|[from] item: Leftovers
|-heal|p1a: Florges|324\/360|[from] item: Leftovers
|turn|30
|
|move|p2a: Scott|Substitute|p2a: Scott
|-start|p2a: Scott|Substitute
|-damage|p2a: Scott|243\/323
|move|p1a: Florges|Moonblast|p2a: Scott
|-end|p2a: Scott|Substitute
|
|-heal|p2a: Scott|263\/323|[from] item: Leftovers
|-heal|p1a: Florges|346\/360|[from] item: Leftovers
|turn|31
|
|switch|p1a: Jirachi|Jirachi|404\/404
|-damage|p1a: Jirachi|379\/404|[from] Stealth Rock
|move|p2a: Scott|Leech Seed|p1a: Jirachi
|-start|p1a: Jirachi|move: Leech Seed
|
|-heal|p1a: Jirachi|404\/404|[from] item: Leftovers
|-heal|p2a: Scott|283\/323|[from] item: Leftovers
|-damage|p1a: Jirachi|354\/404|[from] Leech Seed|[of] p2a: Scott
|-heal|p2a: Scott|323\/323|[silent]
|turn|32
|
|move|p2a: Scott|Substitute|p2a: Scott
|-start|p2a: Scott|Substitute
|-damage|p2a: Scott|243\/323
|move|p1a: Jirachi|Calm Mind|p1a: Jirachi
|-boost|p1a: Jirachi|spa|1
|-boost|p1a: Jirachi|spd|1
|
|-heal|p1a: Jirachi|379\/404|[from] item: Leftovers
|-heal|p2a: Scott|263\/323|[from] item: Leftovers
|-damage|p1a: Jirachi|329\/404|[from] Leech Seed|[of] p2a: Scott
|-heal|p2a: Scott|313\/323|[silent]
|turn|33
|
|move|p1a: Jirachi|Psychic|p2a: Scott
|-end|p2a: Scott|Substitute
|move|p2a: Scott|Moonblast|p1a: Jirachi
|-resisted|p1a: Jirachi
|-damage|p1a: Jirachi|290\/404
|
|-heal|p1a: Jirachi|315\/404|[from] item: Leftovers
|-heal|p2a: Scott|323\/323|[from] item: Leftovers
|-damage|p1a: Jirachi|265\/404|[from] Leech Seed|[of] p2a: Scott
|turn|34
|
|move|p2a: Scott|Substitute|p2a: Scott
|-start|p2a: Scott|Substitute
|-damage|p2a: Scott|243\/323
|move|p1a: Jirachi|Psychic|p2a: Scott
|-end|p2a: Scott|Substitute
|
|-heal|p1a: Jirachi|290\/404|[from] item: Leftovers
|-heal|p2a: Scott|263\/323|[from] item: Leftovers
|-damage|p1a: Jirachi|240\/404|[from] Leech Seed|[of] p2a: Scott
|-heal|p2a: Scott|313\/323|[silent]
|turn|35
|
|move|p2a: Scott|Substitute|p2a: Scott
|-start|p2a: Scott|Substitute
|-damage|p2a: Scott|233\/323
|move|p1a: Jirachi|Psychic|p2a: Scott
|-end|p2a: Scott|Substitute
|
|-heal|p1a: Jirachi|265\/404|[from] item: Leftovers
|-heal|p2a: Scott|253\/323|[from] item: Leftovers
|-damage|p1a: Jirachi|215\/404|[from] Leech Seed|[of] p2a: Scott
|-heal|p2a: Scott|303\/323|[silent]
|turn|36
|
|move|p2a: Scott|Substitute|p2a: Scott
|-start|p2a: Scott|Substitute
|-damage|p2a: Scott|223\/323
|move|p1a: Jirachi|Psychic|p2a: Scott
|-end|p2a: Scott|Substitute
|
|-heal|p1a: Jirachi|240\/404|[from] item: Leftovers
|-heal|p2a: Scott|243\/323|[from] item: Leftovers
|-damage|p1a: Jirachi|190\/404|[from] Leech Seed|[of] p2a: Scott
|-heal|p2a: Scott|293\/323|[silent]
|turn|37
|
|switch|p1a: Florges|Florges, F, shiny|346\/360
|-damage|p1a: Florges|301\/360|[from] Stealth Rock
|move|p2a: Scott|Substitute|p2a: Scott
|-start|p2a: Scott|Substitute
|-damage|p2a: Scott|213\/323
|
|-heal|p2a: Scott|233\/323|[from] item: Leftovers
|-heal|p1a: Florges|323\/360|[from] item: Leftovers
|turn|38
|
|switch|p2a: ArK9|Arcanine, M|249\/383
|-ability|p2a: ArK9|Intimidate|[of] p1a: Florges
|-unboost|p1a: Florges|atk|1
|move|p1a: Florges|Wish|p1a: Florges
|
|-heal|p1a: Florges|345\/360|[from] item: Leftovers
|turn|39
|
|move|p2a: ArK9|Flare Blitz|p1a: Florges
|-damage|p1a: Florges|167\/360
|-damage|p2a: ArK9|190\/383|[from] recoil|[of] p1a: Florges
|move|p1a: Florges|Moonblast|p2a: ArK9
|-resisted|p2a: ArK9
|-damage|p2a: ArK9|113\/383
|
|-heal|p1a: Florges|347\/360|[from] move: Wish|[wisher] Florges
|-heal|p1a: Florges|360\/360|[from] item: Leftovers
|turn|40
|
|move|p2a: ArK9|Morning Sun|p2a: ArK9
|-heal|p2a: ArK9|304\/383
|move|p1a: Florges|Wish|p1a: Florges
|
|turn|41
|
|move|p2a: ArK9|Flare Blitz|p1a: Florges
|-damage|p1a: Florges|156\/360
|-damage|p2a: ArK9|237\/383|[from] recoil|[of] p1a: Florges
|move|p1a: Florges|Moonblast|p2a: ArK9
|-resisted|p2a: ArK9
|-damage|p2a: ArK9|163\/383
|-unboost|p2a: ArK9|spa|1
|
|-heal|p1a: Florges|336\/360|[from] move: Wish|[wisher] Florges
|-heal|p1a: Florges|358\/360|[from] item: Leftovers
|turn|42
|
|move|p2a: ArK9|Flare Blitz|p1a: Florges
|-damage|p1a: Florges|160\/360
|-damage|p2a: ArK9|98\/383|[from] recoil|[of] p1a: Florges
|move|p1a: Florges|Moonblast|p2a: ArK9
|-resisted|p2a: ArK9
|-damage|p2a: ArK9|24\/383
|-unboost|p2a: ArK9|spa|1
|
|-heal|p1a: Florges|182\/360|[from] item: Leftovers
|turn|43
|
|move|p2a: ArK9|Flare Blitz|p1a: Florges
|-damage|p1a: Florges|0 fnt
|-damage|p2a: ArK9|0 fnt|[from] recoil|[of] p1a: Florges
|faint|p1a: Florges
|faint|p2a: ArK9
|
|
|switch|p1a: Jirachi|Jirachi|190\/404
|-damage|p1a: Jirachi|165\/404|[from] Stealth Rock
|switch|p2a: Scott|Whimsicott, M|233\/323
|turn|44
|
|move|p2a: Scott|Leech Seed|p1a: Jirachi
|-start|p1a: Jirachi|move: Leech Seed
|move|p1a: Jirachi|Psychic|p2a: Scott
|-damage|p2a: Scott|91\/323
|
|-heal|p1a: Jirachi|190\/404|[from] item: Leftovers
|-heal|p2a: Scott|111\/323|[from] item: Leftovers
|-damage|p1a: Jirachi|140\/404|[from] Leech Seed|[of] p2a: Scott
|-heal|p2a: Scott|161\/323|[silent]
|turn|45
|
|move|p2a: Scott|Substitute|p2a: Scott
|-start|p2a: Scott|Substitute
|-damage|p2a: Scott|81\/323
|move|p1a: Jirachi|Psychic|p2a: Scott
|-end|p2a: Scott|Substitute
|
|-heal|p1a: Jirachi|165\/404|[from] item: Leftovers
|-heal|p2a: Scott|101\/323|[from] item: Leftovers
|-damage|p1a: Jirachi|115\/404|[from] Leech Seed|[of] p2a: Scott
|-heal|p2a: Scott|151\/323|[silent]
|turn|46
|
|move|p2a: Scott|Substitute|p2a: Scott
|-start|p2a: Scott|Substitute
|-damage|p2a: Scott|71\/323
|move|p1a: Jirachi|Psychic|p2a: Scott
|-end|p2a: Scott|Substitute
|
|-heal|p1a: Jirachi|140\/404|[from] item: Leftovers
|-heal|p2a: Scott|91\/323|[from] item: Leftovers
|-damage|p1a: Jirachi|90\/404|[from] Leech Seed|[of] p2a: Scott
|-heal|p2a: Scott|141\/323|[silent]
|turn|47
|
|move|p2a: Scott|Substitute|p2a: Scott
|-start|p2a: Scott|Substitute
|-damage|p2a: Scott|61\/323
|move|p1a: Jirachi|Psychic|p2a: Scott
|-end|p2a: Scott|Substitute
|
|-heal|p1a: Jirachi|115\/404|[from] item: Leftovers
|-heal|p2a: Scott|81\/323|[from] item: Leftovers
|-damage|p1a: Jirachi|65\/404|[from] Leech Seed|[of] p2a: Scott
|-heal|p2a: Scott|131\/323|[silent]
|turn|48
|
|move|p2a: Scott|Substitute|p2a: Scott
|-start|p2a: Scott|Substitute
|-damage|p2a: Scott|51\/323
|move|p1a: Jirachi|Psychic|p2a: Scott
|-end|p2a: Scott|Substitute
|
|-heal|p1a: Jirachi|90\/404|[from] item: Leftovers
|-heal|p2a: Scott|71\/323|[from] item: Leftovers
|-damage|p1a: Jirachi|40\/404|[from] Leech Seed|[of] p2a: Scott
|-heal|p2a: Scott|121\/323|[silent]
|turn|49
|
|move|p2a: Scott|Substitute|p2a: Scott
|-start|p2a: Scott|Substitute
|-damage|p2a: Scott|41\/323
|move|p1a: Jirachi|Psychic|p2a: Scott
|-end|p2a: Scott|Substitute
|
|-heal|p1a: Jirachi|65\/404|[from] item: Leftovers
|-heal|p2a: Scott|61\/323|[from] item: Leftovers
|-damage|p1a: Jirachi|15\/404|[from] Leech Seed|[of] p2a: Scott
|-heal|p2a: Scott|111\/323|[silent]
|turn|50
|
|move|p2a: Scott|Substitute|p2a: Scott
|-start|p2a: Scott|Substitute
|-damage|p2a: Scott|31\/323
|move|p1a: Jirachi|Psychic|p2a: Scott
|-end|p2a: Scott|Substitute
|
|-heal|p1a: Jirachi|40\/404|[from] item: Leftovers
|-heal|p2a: Scott|51\/323|[from] item: Leftovers
|-damage|p1a: Jirachi|0 fnt|[from] Leech Seed|[of] p2a: Scott
|-heal|p2a: Scott|91\/323|[silent]
|faint|p1a: Jirachi
|
|win|AdamantChansey
|raw|Ladder updating...
|raw|reachzero's rating: 1507 &rarr; <strong>1482<\/strong><br \/>(-25 for losing)
|raw|AdamantChansey's rating: 1428 &rarr; <strong>1453<\/strong><br \/>(+25 for winning)
|chat|AdamantChansey|gg
|leave|reachzero
|player|p1