|join|reachzero
|join|PotatoSoup
|player|p1|reachzero|15
|player|p2|PotatoSoup|12
|gametype|singles
|gen|6
|tier|UU
|rated
|clearpoke
|poke|p1|Mew, shiny
|poke|p1|Ampharos, M, shiny
|poke|p1|Slowbro, F, shiny
|poke|p1|Zygarde, shiny
|poke|p1|Nidoqueen, F, shiny
|poke|p1|Florges, F
|poke|p2|Blastoise, M
|poke|p2|Hippowdon, F
|poke|p2|Zygarde
|poke|p2|Honchkrow, F
|poke|p2|Roserade, M
|poke|p2|Jolteon, M
|rule|Sleep Clause Mod: Limit one foe put to sleep
|rule|Species Clause: Limit one of each Pokemon
|rule|OHKO Clause: OHKO moves are banned
|rule|Moody Clause: Moody is banned
|rule|Evasion Moves Clause: Evasion moves are banned
|rule|Endless Battle Clause: Forcing endless battles is banned.
|rule|HP Percentage Mod: HP is reported as percentages
|teampreview
|
|start
|switch|p1a: Mew|Mew, shiny|404\/404
|switch|p2a: Hippowdon|Hippowdon, F|420\/420
|-weather|Sandstorm
|turn|1
|
|switch|p2a: Blastoise|Blastoise, M|361\/361
|move|p1a: Mew|Taunt|p2a: Blastoise
|-start|p2a: Blastoise|move: Taunt
|
|-weather|Sandstorm|[upkeep]
|-damage|p1a: Mew|379\/404|[from] sandstorm
|-damage|p2a: Blastoise|339\/361|[from] sandstorm
|-heal|p1a: Mew|404\/404|[from] item: Leftovers
|turn|2
|
|switch|p1a: Florges|Florges, F|360\/360
|-formechange|p2a: Blastoise|Blastoise-Mega
|message|Blastoise has Mega Evolved into Mega Blastoise!
|move|p2a: Blastoise|Dark Pulse|p1a: Florges
|-resisted|p1a: Florges
|-damage|p1a: Florges|309\/360
|
|-weather|Sandstorm|[upkeep]
|-damage|p2a: Blastoise|317\/361|[from] sandstorm
|-damage|p1a: Florges|287\/360|[from] sandstorm
|-heal|p1a: Florges|309\/360|[from] item: Leftovers
|turn|3
|
|switch|p2a: Roserade|Roserade, M|262\/262
|switch|p1a: Ampharos|Ampharos, M, shiny|384\/384
|
|-weather|Sandstorm|[upkeep]
|-damage|p2a: Roserade|246\/262|[from] sandstorm
|-damage|p1a: Ampharos|360\/384|[from] sandstorm
|-heal|p2a: Roserade|262\/262|[from] item: Black Sludge
|turn|4
|
|-formechange|p1a: Ampharos|Ampharos-Mega
|message|Ampharos has Mega Evolved into Mega Ampharos!
|-ability|p1a: Ampharos|Mold Breaker
|move|p2a: Roserade|Leech Seed|p1a: Ampharos
|-start|p1a: Ampharos|move: Leech Seed
|move|p1a: Ampharos|Dragon Pulse|p2a: Roserade
|-damage|p2a: Roserade|117\/262
|
|-weather|Sandstorm|[upkeep]
|-damage|p2a: Roserade|101\/262|[from] sandstorm
|-damage|p1a: Ampharos|336\/384|[from] sandstorm
|-heal|p2a: Roserade|117\/262|[from] item: Black Sludge
|-damage|p1a: Ampharos|288\/384|[from] Leech Seed|[of] p2a: Roserade
|-heal|p2a: Roserade|165\/262|[silent]
|turn|5
|
|move|p2a: Roserade|Substitute|p2a: Roserade
|-start|p2a: Roserade|Substitute
|-damage|p2a: Roserade|100\/262
|move|p1a: Ampharos|Dragon Pulse|p2a: Roserade
|-end|p2a: Roserade|Substitute
|
|-weather|none
|-heal|p2a: Roserade|116\/262|[from] item: Black Sludge
|-damage|p1a: Ampharos|240\/384|[from] Leech Seed|[of] p2a: Roserade
|-heal|p2a: Roserade|164\/262|[silent]
|turn|6
|
|move|p2a: Roserade|Substitute|p2a: Roserade
|-start|p2a: Roserade|Substitute
|-damage|p2a: Roserade|99\/262
|move|p1a: Ampharos|Dragon Pulse|p2a: Roserade
|-end|p2a: Roserade|Substitute
|
|-heal|p2a: Roserade|115\/262|[from] item: Black Sludge
|-damage|p1a: Ampharos|192\/384|[from] Leech Seed|[of] p2a: Roserade
|-heal|p2a: Roserade|163\/262|[silent]
|turn|7
|
|move|p2a: Roserade|Substitute|p2a: Roserade
|-start|p2a: Roserade|Substitute
|-damage|p2a: Roserade|98\/262
|move|p1a: Ampharos|Dragon Pulse|p2a: Roserade
|-end|p2a: Roserade|Substitute
|
|-heal|p2a: Roserade|114\/262|[from] item: Black Sludge
|-damage|p1a: Ampharos|144\/384|[from] Leech Seed|[of] p2a: Roserade
|-heal|p2a: Roserade|162\/262|[silent]
|turn|8
|
|move|p2a: Roserade|Substitute|p2a: Roserade
|-start|p2a: Roserade|Substitute
|-damage|p2a: Roserade|97\/262
|move|p1a: Ampharos|Rest|p1a: Ampharos
|-status|p1a: Ampharos|slp
|-heal|p1a: Ampharos|384\/384 slp|[silent]
|-status|p1a: Ampharos|slp|[from] move: Rest
|
|-heal|p2a: Roserade|113\/262|[from] item: Black Sludge
|-damage|p1a: Ampharos|336\/384 slp|[from] Leech Seed|[of] p2a: Roserade
|-heal|p2a: Roserade|161\/262|[silent]
|turn|9
|
|switch|p1a: Mew|Mew, shiny|404\/404
|move|p2a: Roserade|Sludge Bomb|p1a: Mew
|-damage|p1a: Mew|283\/404
|
|-heal|p2a: Roserade|177\/262|[from] item: Black Sludge
|-heal|p1a: Mew|308\/404|[from] item: Leftovers
|turn|10
|
|move|p2a: Roserade|Leech Seed|p1a: Mew
|-start|p1a: Mew|move: Leech Seed
|move|p1a: Mew|Taunt|p2a: Roserade
|-start|p2a: Roserade|move: Taunt
|
|-heal|p2a: Roserade|193\/262|[from] item: Black Sludge
|-heal|p1a: Mew|333\/404|[from] item: Leftovers
|-damage|p1a: Mew|283\/404|[from] Leech Seed|[of] p2a: Roserade
|-heal|p2a: Roserade|243\/262|[silent]
|turn|11
|
|switch|p1a: Ampharos|Ampharos, M, shiny|336\/384 slp
|-formechange|p1a: Ampharos|Ampharos-Mega
|-ability|p1a: Ampharos|Mold Breaker
|move|p2a: Roserade|Giga Drain|p1a: Ampharos
|-resisted|p1a: Ampharos
|-damage|p1a: Ampharos|286\/384 slp
|-heal|p2a: Roserade|262\/262|[from] drain|[of] p1a: Ampharos
|
|turn|12
|
|move|p2a: Roserade|Sludge Bomb|p1a: Ampharos
|-crit|p1a: Ampharos
|-damage|p1a: Ampharos|102\/384 slp
|cant|p1a: Ampharos|slp
|move|p1a: Ampharos|Sleep Talk|p1a: Ampharos
|move|p1a: Ampharos|Dragon Pulse|p2a: Roserade|[from]Sleep Talk
|-end|p2a: Roserade|Substitute
|
|turn|13
|
|move|p2a: Roserade|Sludge Bomb|p1a: Ampharos
|-crit|p1a: Ampharos
|-damage|p1a: Ampharos|0 fnt
|faint|p1a: Ampharos
|
|-end|p2a: Roserade|move: Taunt
|chat|PotatoSoup|wow
|
|switch|p1a: Zygarde|Zygarde, shiny|404\/404
|-ability|p1a: Zygarde|Aura Break
|turn|14
|
|move|p2a: Roserade|Leech Seed|p1a: Zygarde
|-start|p1a: Zygarde|move: Leech Seed
|move|p1a: Zygarde|Dragon Dance|p1a: Zygarde
|-boost|p1a: Zygarde|atk|1
|-boost|p1a: Zygarde|spe|1
|
|-damage|p1a: Zygarde|354\/404|[from] Leech Seed|[of] p2a: Roserade
|turn|15
|
|switch|p2a: Hippowdon|Hippowdon, F|420\/420
|-weather|Sandstorm
|move|p1a: Zygarde|Earthquake|p2a: Hippowdon
|-damage|p2a: Hippowdon|282\/420
|
|-weather|Sandstorm|[upkeep]
|-heal|p1a: Zygarde|379\/404|[from] item: Leftovers
|-heal|p2a: Hippowdon|308\/420|[from] item: Leftovers
|-damage|p1a: Zygarde|329\/404|[from] Leech Seed|[of] p2a: Hippowdon
|-heal|p2a: Hippowdon|358\/420|[silent]
|turn|16
|
|switch|p1a: Mew|Mew, shiny|283\/404
|move|p2a: Hippowdon|Stealth Rock|p1a: Mew
|-sidestart|p1: reachzero|move: Stealth Rock
|
|-weather|Sandstorm|[upkeep]
|-damage|p1a: Mew|258\/404|[from] sandstorm
|-heal|p1a: Mew|283\/404|[from] item: Leftovers
|-heal|p2a: Hippowdon|384\/420|[from] item: Leftovers
|turn|17
|
|switch|p2a: Roserade|Roserade, M|262\/262
|move|p1a: Mew|Will-O-Wisp|p2a: Roserade
|-status|p2a: Roserade|brn
|
|-weather|Sandstorm|[upkeep]
|-damage|p2a: Roserade|246\/262 brn|[from] sandstorm
|-damage|p1a: Mew|258\/404|[from] sandstorm
|-heal|p2a: Roserade|262\/262 brn|[from] item: Black Sludge
|-heal|p1a: Mew|283\/404|[from] item: Leftovers
|-damage|p2a: Roserade|230\/262 brn|[from] brn
|turn|18
|
|move|p2a: Roserade|Leech Seed|p1a: Mew
|-start|p1a: Mew|move: Leech Seed
|move|p1a: Mew|Knock Off|p2a: Roserade
|-damage|p2a: Roserade|115\/262 brn
|-enditem|p2a: Roserade|Black Sludge|[from] move: Knock Off|[of] p1a: Mew
|
|-weather|Sandstorm|[upkeep]
|-damage|p2a: Roserade|99\/262 brn|[from] sandstorm
|-damage|p1a: Mew|258\/404|[from] sandstorm
|-heal|p1a: Mew|283\/404|[from] item: Leftovers
|-damage|p1a: Mew|233\/404|[from] Leech Seed|[of] p2a: Roserade
|-heal|p2a: Roserade|149\/262 brn|[silent]
|-damage|p2a: Roserade|117\/262 brn|[from] brn
|turn|19
|
|move|p2a: Roserade|Giga Drain|p1a: Mew
|-crit|p1a: Mew
|-damage|p1a: Mew|83\/404
|-heal|p2a: Roserade|192\/262 brn|[from] drain|[of] p1a: Mew
|move|p1a: Mew|Knock Off|p2a: Roserade
|-damage|p2a: Roserade|124\/262 brn
|
|-weather|none
|-heal|p1a: Mew|108\/404|[from] item: Leftovers
|-damage|p1a: Mew|58\/404|[from] Leech Seed|[of] p2a: Roserade
|-heal|p2a: Roserade|174\/262 brn|[silent]
|-damage|p2a: Roserade|142\/262 brn|[from] brn
|turn|20
|
|switch|p1a: Zygarde|Zygarde, shiny|329\/404
|-damage|p1a: Zygarde|304\/404|[from] Stealth Rock
|-ability|p1a: Zygarde|Aura Break
|move|p2a: Roserade|Giga Drain|p1a: Zygarde
|-damage|p1a: Zygarde|175\/404
|-heal|p2a: Roserade|207\/262 brn|[from] drain|[of] p1a: Zygarde
|
|-heal|p1a: Zygarde|200\/404|[from] item: Leftovers
|-damage|p2a: Roserade|175\/262 brn|[from] brn
|turn|21
|
|switch|p2a: Hippowdon|Hippowdon, F|384\/420
|-weather|Sandstorm
|move|p1a: Zygarde|Earthquake|p2a: Hippowdon
|-damage|p2a: Hippowdon|290\/420
|
|-weather|Sandstorm|[upkeep]
|-heal|p1a: Zygarde|225\/404|[from] item: Leftovers
|-heal|p2a: Hippowdon|316\/420|[from] item: Leftovers
|turn|22
|
|move|p1a: Zygarde|Earthquake|p2a: Hippowdon
|-damage|p2a: Hippowdon|225\/420
|move|p2a: Hippowdon|Earthquake|p1a: Zygarde
|-damage|p1a: Zygarde|117\/404
|
|-weather|Sandstorm|[upkeep]
|-heal|p1a: Zygarde|142\/404|[from] item: Leftovers
|-heal|p2a: Hippowdon|251\/420|[from] item: Leftovers
|turn|23
|
|switch|p1a: Mew|Mew, shiny|58\/404
|-damage|p1a: Mew|8\/404|[from] Stealth Rock
|move|p2a: Hippowdon|Slack Off|p2a: Hippowdon
|-heal|p2a: Hippowdon|420\/420
|
|-weather|Sandstorm|[upkeep]
|-damage|p1a: Mew|0 fnt|[from] sandstorm
|faint|p1a: Mew
|
|switch|p1a: Nidoqueen|Nidoqueen, F, shiny|345\/345
|-damage|p1a: Nidoqueen|324\/345|[from] Stealth Rock
|turn|24
|
|move|p1a: Nidoqueen|Ice Beam|p2a: Hippowdon
|-crit|p2a: Hippowdon
|-supereffective|p2a: Hippowdon
|-damage|p2a: Hippowdon|0 fnt
|faint|p2a: Hippowdon
|
|-weather|Sandstorm|[upkeep]
|
|switch|p2a: Blastoise|Blastoise, M|317\/361
|-formechange|p2a: Blastoise|Blastoise-Mega
|turn|25
|
|switch|p1a: Florges|Florges, F|309\/360
|-damage|p1a: Florges|264\/360|[from] Stealth Rock
|move|p2a: Blastoise|Water Pulse|p1a: Florges
|-damage|p1a: Florges|144\/360
|
|-weather|none
|-heal|p1a: Florges|166\/360|[from] item: Leftovers
|turn|26
|
|switch|p2a: Roserade|Roserade, M|175\/262
|move|p1a: Florges|Wish|p1a: Florges
|
|-heal|p1a: Florges|188\/360|[from] item: Leftovers
|turn|27
|
|switch|p1a: Zygarde|Zygarde, shiny|142\/404
|-damage|p1a: Zygarde|117\/404|[from] Stealth Rock
|-ability|p1a: Zygarde|Aura Break
|move|p2a: Roserade|Substitute|p2a: Roserade
|-start|p2a: Roserade|Substitute
|-damage|p2a: Roserade|110\/262
|
|-heal|p1a: Zygarde|297\/404|[from] move: Wish|[wisher] Florges
|-heal|p1a: Zygarde|322\/404|[from] item: Leftovers
|turn|28
|
|move|p2a: Roserade|Leech Seed|p1a: Zygarde
|-start|p1a: Zygarde|move: Leech Seed
|move|p1a: Zygarde|Dragon Dance|p1a: Zygarde
|-boost|p1a: Zygarde|atk|1
|-boost|p1a: Zygarde|spe|1
|
|-heal|p1a: Zygarde|347\/404|[from] item: Leftovers
|-damage|p1a: Zygarde|297\/404|[from] Leech Seed|[of] p2a: Roserade
|-heal|p2a: Roserade|160\/262|[silent]
|turn|29
|
|move|p1a: Zygarde|Earthquake|p2a: Roserade
|-end|p2a: Roserade|Substitute
|move|p2a: Roserade|Giga Drain|p1a: Zygarde
|-damage|p1a: Zygarde|150\/404
|-heal|p2a: Roserade|234\/262|[from] drain|[of] p1a: Zygarde
|
|-heal|p1a: Zygarde|175\/404|[from] item: Leftovers
|-damage|p1a: Zygarde|125\/404|[from] Leech Seed|[of] p2a: Roserade
|-heal|p2a: Roserade|262\/262|[silent]
|turn|30
|
|move|p1a: Zygarde|Outrage|p2a: Roserade
|-damage|p2a: Roserade|0 fnt
|faint|p2a: Roserade
|
|-heal|p1a: Zygarde|150\/404|[from] item: Leftovers
|
|switch|p2a: Honchkrow|Honchkrow, F|341\/341
|turn|31
|
|move|p2a: Honchkrow|Sucker Punch|p1a: Zygarde
|-damage|p1a: Zygarde|0 fnt
|-damage|p2a: Honchkrow|307\/341|[from] item: Life Orb
|faint|p1a: Zygarde
|-boost|p2a: Honchkrow|atk|1|[from] ability: Moxie
|
|
|switch|p1a: Florges|Florges, F|188\/360
|-damage|p1a: Florges|143\/360|[from] Stealth Rock
|turn|32
|
|move|p2a: Honchkrow|Brave Bird|p1a: Florges
|-damage|p1a: Florges|0 fnt
|-damage|p2a: Honchkrow|260\/341|[from] recoil|[of] p1a: Florges
|-damage|p2a: Honchkrow|226\/341|[from] item: Life Orb
|faint|p1a: Florges
|-boost|p2a: Honchkrow|atk|1|[from] ability: Moxie
|
|
|switch|p1a: Nidoqueen|Nidoqueen, F, shiny|324\/345
|-damage|p1a: Nidoqueen|303\/345|[from] Stealth Rock
|turn|33
|
|move|p2a: Honchkrow|Brave Bird|p1a: Nidoqueen
|-damage|p1a: Nidoqueen|0 fnt
|-damage|p2a: Honchkrow|126\/341|[from] recoil|[of] p1a: Nidoqueen
|-damage|p2a: Honchkrow|92\/341|[from] item: Life Orb
|faint|p1a: Nidoqueen
|-boost|p2a: Honchkrow|atk|1|[from] ability: Moxie
|
|chat|PotatoSoup|gg
|
|switch|p1a: Slowbro|Slowbro, F, shiny|394\/394
|-damage|p1a: Slowbro|345\/394|[from] Stealth Rock
|turn|34
|
|move|p2a: Honchkrow|Brave Bird|p1a: Slowbro
|-damage|p1a: Slowbro|0 fnt
|-damage|p2a: Honchkrow|0 fnt|[from] recoil|[of] p1a: Slowbro
|faint|p1a: Slowbro
|faint|p2a: Honchkrow
|
|win|PotatoSoup
|raw|Ladder updating...
|raw|reachzero's rating: 1451 &rarr; <strong>1432<\/strong><br \/>(-19 for losing)
|raw|PotatoSoup's rating: 1457 &rarr; <strong>1477<\/strong><br \/>(+20 for winning)
|leave|reachzero
|player|p1