|join|reachzero
|join|HoodMickey
|player|p1|reachzero|15
|player|p2|HoodMickey|247
|gametype|singles
|gen|6
|tier|UU
|rated
|rule|Sleep Clause Mod: Limit one foe put to sleep
|rule|Species Clause: Limit one of each PokÃ©mon
|rule|OHKO Clause: OHKO moves are banned
|rule|Moody Clause: Moody is banned
|rule|Evasion Moves Clause: Evasion moves are banned
|rule|Endless Battle Clause: Forcing endless battles is banned
|rule|HP Percentage Mod: HP is shown in percentages
|clearpoke
|poke|p1|Suicune
|poke|p1|Celebi
|poke|p1|Aggron, M
|poke|p1|Togetic, M, shiny
|poke|p1|Rotom-Heat
|poke|p1|Zygarde
|poke|p2|Florges, F
|poke|p2|Houndoom, M
|poke|p2|Haxorus, M
|poke|p2|Jirachi
|poke|p2|Quagsire, F
|poke|p2|Forretress, M
|rule|Swagger Clause: Swagger is banned
|rule|Baton Pass Clause: Limit one PokÃ©mon knowing Baton Pass
|teampreview
|
|start
|switch|p1a: Rotom-Heat|Rotom-Heat|304\/304
|switch|p2a: Forretress|Forretress, M|354\/354
|turn|1
|
|switch|p2a: Florges|Florges, F|360\/360
|move|p1a: Rotom-Heat|Volt Switch|p2a: Florges
|-damage|p2a: Florges|300\/360
|
|switch|p1a: Aggron|Aggron, M|344\/344
|
|-heal|p2a: Florges|322\/360|[from] item: Leftovers
|turn|2
|
|switch|p2a: Forretress|Forretress, M|354\/354
|detailschange|p1a: Aggron|Aggron-Mega, M
|message|Aggron has Mega Evolved into Mega Aggron!
|move|p1a: Aggron|Heavy Slam|p2a: Forretress
|-resisted|p2a: Forretress
|-damage|p2a: Forretress|316\/354
|
|-heal|p2a: Forretress|338\/354|[from] item: Leftovers
|turn|3
|
|switch|p1a: Rotom-Heat|Rotom-Heat|304\/304
|move|p2a: Forretress|Stealth Rock|p1a: Rotom-Heat
|-sidestart|p1: reachzero|move: Stealth Rock
|
|-heal|p2a: Forretress|354\/354|[from] item: Leftovers
|turn|4
|
|switch|p2a: Quagsire|Quagsire, F|394\/394
|move|p1a: Rotom-Heat|Will-O-Wisp|p2a: Quagsire
|-status|p2a: Quagsire|brn
|
|-damage|p2a: Quagsire|345\/394 brn|[from] brn
|turn|5
|
|switch|p1a: Togetic|Togetic, M, shiny|314\/314
|-damage|p1a: Togetic|236\/314|[from] Stealth Rock
|move|p2a: Quagsire|Waterfall|p1a: Togetic
|-damage|p1a: Togetic|214\/314
|
|-heal|p2a: Quagsire|369\/394 brn|[from] item: Leftovers
|-damage|p2a: Quagsire|320\/394 brn|[from] brn
|turn|6
|
|move|p1a: Togetic|Defog|p2a: Quagsire
|-unboost|p2a: Quagsire|evasion|1
|-sideend|p1: reachzero|Stealth Rock|[from] move: Defog|[of] p1a: Togetic
|move|p2a: Quagsire|Toxic|p1a: Togetic
|-status|p1a: Togetic|tox
|
|-heal|p2a: Quagsire|344\/394 brn|[from] item: Leftovers
|-damage|p1a: Togetic|195\/314 tox|[from] psn
|-damage|p2a: Quagsire|295\/394 brn|[from] brn
|turn|7
|
|switch|p1a: Aggron|Aggron-Mega, M|344\/344
|move|p2a: Quagsire|Waterfall|p1a: Aggron
|-damage|p1a: Aggron|322\/344
|
|-heal|p2a: Quagsire|319\/394 brn|[from] item: Leftovers
|-damage|p2a: Quagsire|270\/394 brn|[from] brn
|turn|8
|
|switch|p1a: Rotom-Heat|Rotom-Heat|304\/304
|move|p2a: Quagsire|Recover|p2a: Quagsire
|-heal|p2a: Quagsire|394\/394 brn
|
|-damage|p2a: Quagsire|345\/394 brn|[from] brn
|turn|9
|
|switch|p1a: Celebi|Celebi|351\/351
|move|p2a: Quagsire|Waterfall|p1a: Celebi
|-resisted|p1a: Celebi
|-damage|p1a: Celebi|330\/351
|
|-heal|p2a: Quagsire|369\/394 brn|[from] item: Leftovers
|-damage|p2a: Quagsire|320\/394 brn|[from] brn
|turn|10
|
|switch|p1a: Aggron|Aggron-Mega, M|322\/344
|switch|p2a: Forretress|Forretress, M|354\/354
|
|turn|11
|
|move|p1a: Aggron|Stealth Rock|p2a: Forretress
|-sidestart|p2: HoodMickey|move: Stealth Rock
|move|p2a: Forretress|Stealth Rock|p1a: Aggron
|-sidestart|p1: reachzero|move: Stealth Rock
|
|turn|12
|
|move|p1a: Aggron|Earthquake|p2a: Forretress
|-damage|p2a: Forretress|287\/354
|move|p2a: Forretress|Toxic Spikes|p1a: Aggron
|-sidestart|p1: reachzero|move: Toxic Spikes
|
|-heal|p2a: Forretress|309\/354|[from] item: Leftovers
|turn|13
|
|switch|p1a: Togetic|Togetic, M, shiny|195\/314 tox
|-damage|p1a: Togetic|117\/314 tox|[from] Stealth Rock
|move|p2a: Forretress|Toxic Spikes|p1a: Togetic
|-sidestart|p1: reachzero|move: Toxic Spikes
|
|-heal|p2a: Forretress|331\/354|[from] item: Leftovers
|-damage|p1a: Togetic|98\/314 tox|[from] psn
|turn|14
|
|move|p2a: Forretress|Stealth Rock|p1a: Togetic
|-fail|p1a: Togetic
|move|p1a: Togetic|Defog|p2a: Forretress
|-unboost|p2a: Forretress|evasion|1
|-sideend|p2: HoodMickey|Stealth Rock|[from] move: Defog|[of] p2a: Forretress
|-sideend|p1: reachzero|Toxic Spikes|[from] move: Defog|[of] p1a: Togetic
|-sideend|p1: reachzero|Stealth Rock|[from] move: Defog|[of] p1a: Togetic
|
|-heal|p2a: Forretress|353\/354|[from] item: Leftovers
|-damage|p1a: Togetic|60\/314 tox|[from] psn
|turn|15
|
|switch|p1a: Zygarde|Zygarde|384\/384
|-ability|p1a: Zygarde|Aura Break
|move|p2a: Forretress|Stealth Rock|p1a: Zygarde
|-sidestart|p1: reachzero|move: Stealth Rock
|
|-heal|p2a: Forretress|354\/354|[from] item: Leftovers
|turn|16
|join|UniterFlash
|
|switch|p2a: Quagsire|Quagsire, F|320\/394 brn
|move|p1a: Zygarde|Dragon Dance|p1a: Zygarde
|-boost|p1a: Zygarde|atk|1
|-boost|p1a: Zygarde|spe|1
|
|-heal|p2a: Quagsire|344\/394 brn|[from] item: Leftovers
|-damage|p2a: Quagsire|295\/394 brn|[from] brn
|turn|17
|
|move|p1a: Zygarde|Earthquake|p2a: Quagsire
|-damage|p2a: Quagsire|168\/394 brn
|move|p2a: Quagsire|Toxic|p1a: Zygarde
|-status|p1a: Zygarde|tox
|-enditem|p1a: Zygarde|Lum Berry|[eat]
|-curestatus|p1a: Zygarde|tox
|
|-heal|p2a: Quagsire|192\/394 brn|[from] item: Leftovers
|-damage|p2a: Quagsire|143\/394 brn|[from] brn
|turn|18
|
|move|p1a: Zygarde|Earthquake|p2a: Quagsire
|-damage|p2a: Quagsire|16\/394 brn
|move|p2a: Quagsire|Recover|p2a: Quagsire
|-heal|p2a: Quagsire|213\/394 brn
|
|-heal|p2a: Quagsire|237\/394 brn|[from] item: Leftovers
|-damage|p2a: Quagsire|188\/394 brn|[from] brn
|turn|19
|
|move|p1a: Zygarde|Earthquake|p2a: Quagsire
|-crit|p2a: Quagsire
|-damage|p2a: Quagsire|0 fnt
|faint|p2a: Quagsire
|
|
|switch|p2a: Haxorus|Haxorus, M|294\/294
|-ability|p2a: Haxorus|Mold Breaker
|turn|20
|
|move|p1a: Zygarde|Outrage|p2a: Haxorus
|-supereffective|p2a: Haxorus
|-damage|p2a: Haxorus|0 fnt
|faint|p2a: Haxorus
|
|
|switch|p2a: Florges|Florges, F|322\/360
|turn|21
|
|move|p1a: Zygarde|Outrage|p2a: Florges
|-immune|p2a: Florges|[msg]
|move|p2a: Florges|Moonblast|p1a: Zygarde
|-supereffective|p1a: Zygarde
|-damage|p1a: Zygarde|124\/384
|
|-heal|p2a: Florges|344\/360|[from] item: Leftovers
|turn|22
|
|move|p1a: Zygarde|Earthquake|p2a: Florges
|-damage|p2a: Florges|37\/360
|move|p2a: Florges|Moonblast|p1a: Zygarde
|-supereffective|p1a: Zygarde
|-damage|p1a: Zygarde|0 fnt
|faint|p1a: Zygarde
|
|-heal|p2a: Florges|59\/360|[from] item: Leftovers
|
|switch|p1a: Rotom-Heat|Rotom-Heat|304\/304
|-damage|p1a: Rotom-Heat|228\/304|[from] Stealth Rock
|turn|23
|
|move|p2a: Florges|Protect|p2a: Florges
|-singleturn|p2a: Florges|Protect
|move|p1a: Rotom-Heat|Volt Switch|p2a: Florges
|-activate|p2a: Florges|Protect
|
|-heal|p1a: Rotom-Heat|247\/304|[from] item: Leftovers
|-heal|p2a: Florges|81\/360|[from] item: Leftovers
|turn|24
|
|move|p1a: Rotom-Heat|Overheat|p2a: Florges
|-damage|p2a: Florges|0 fnt
|-unboost|p1a: Rotom-Heat|spa|2
|faint|p2a: Florges
|
|-heal|p1a: Rotom-Heat|266\/304|[from] item: Leftovers
|
|switch|p2a: Houndoom|Houndoom, M|292\/292
|turn|25
|
|switch|p1a: Suicune|Suicune|404\/404
|-damage|p1a: Suicune|354\/404|[from] Stealth Rock
|-ability|p1a: Suicune|Pressure
|detailschange|p2a: Houndoom|Houndoom-Mega, M
|message|Houndoom has Mega Evolved into Mega Houndoom!
|move|p2a: Houndoom|Nasty Plot|p2a: Houndoom
|-boost|p2a: Houndoom|spa|2
|
|-heal|p1a: Suicune|379\/404|[from] item: Leftovers
|turn|26
|
|move|p2a: Houndoom|Dark Pulse|p1a: Suicune
|-damage|p1a: Suicune|90\/404
|move|p1a: Suicune|Scald|p2a: Houndoom
|-supereffective|p2a: Houndoom
|-damage|p2a: Houndoom|106\/292
|
|-heal|p1a: Suicune|115\/404|[from] item: Leftovers
|turn|27
|
|move|p2a: Houndoom|Dark Pulse|p1a: Suicune
|-damage|p1a: Suicune|0 fnt
|faint|p1a: Suicune
|
|c|âreachzero|gg
|
|switch|p1a: Rotom-Heat|Rotom-Heat|266\/304
|-damage|p1a: Rotom-Heat|190\/304|[from] Stealth Rock
|turn|28
|
|move|p2a: Houndoom|Dark Pulse|p1a: Rotom-Heat
|-damage|p1a: Rotom-Heat|0 fnt
|faint|p1a: Rotom-Heat
|
|c|âHoodMickey|gg
|
|switch|p1a: Aggron|Aggron-Mega, M|322\/344
|-damage|p1a: Aggron|301\/344|[from] Stealth Rock
|turn|29
|
|move|p2a: Houndoom|Flamethrower|p1a: Aggron
|-supereffective|p1a: Aggron
|-damage|p1a: Aggron|0 fnt
|faint|p1a: Aggron
|
|
|switch|p1a: Celebi|Celebi|330\/351
|-damage|p1a: Celebi|287\/351|[from] Stealth Rock
|turn|30
|c|âHoodMickey|Houndoom put in work
|c|âreachzero|indeed so
|
|move|p2a: Houndoom|Flamethrower|p1a: Celebi
|-supereffective|p1a: Celebi
|-damage|p1a: Celebi|0 fnt
|faint|p1a: Celebi
|
|c|âHoodMickey|good game kid
|c|âreachzero|serves me right for not having Hydreigon
|c|âHoodMickey|thanx for no flame
|c|âreachzero|um
|c|âreachzero|I really, really doubt
|c|âreachzero|you are older than I
|c|âHoodMickey|hydriengon is good
|c|âreachzero|lol
|
|switch|p1a: Togetic|Togetic, M, shiny|60\/314 tox
|-damage|p1a: Togetic|0 fnt|[from] Stealth Rock
|faint|p1a: Togetic
|
|win|HoodMickey
|raw|Ladder updating...
|c|âHoodMickey|im 16
|raw|reachzero's rating: 1432 &rarr; <strong>1405<\/strong><br \/>(-27 for losing)
|raw|HoodMickey's rating: 1308 &rarr; <strong>1335<\/strong><br \/>(+27 for winning)
|c|âreachzero|I'm 31
|c|âreachzero|you=kid
|c|âHoodMickey|31
|c|âHoodMickey|lol
|leave|reachzero
|player|p1
|leave|HoodMickey
|player|p2
|leave|UniterFlash