|join|reachzero
|join|Hargleblarg
|player|p1|reachzero|15
|player|p2|Hargleblarg|10
|gametype|singles
|gen|6
|tier|UU
|rated
|rule|Sleep Clause Mod: Limit one foe put to sleep
|rule|Species Clause: Limit one of each Pokemon
|rule|OHKO Clause: OHKO moves are banned
|rule|Moody Clause: Moody is banned
|rule|Evasion Moves Clause: Evasion moves are banned
|rule|Endless Battle Clause: Forcing endless battles is banned.
|rule|HP Percentage Mod: HP is reported as percentages
|clearpoke
|poke|p1|Aggron, M, shiny
|poke|p1|Mew, shiny
|poke|p1|Roserade, M, shiny
|poke|p1|Florges, F
|poke|p1|Suicune, shiny
|poke|p1|Arcanine, F, shiny
|poke|p2|Slurpuff, M
|poke|p2|Nidoqueen, F
|poke|p2|Murkrow, M
|poke|p2|Jolteon, M
|poke|p2|Weezing, M
|poke|p2|Vaporeon, F
|teampreview
|
|start
|switch|p1a: Mew|Mew, shiny|404\/404
|switch|p2a: Jolteon|Jolteon, M|272\/272
|turn|1
|
|move|p2a: Jolteon|Thunderbolt|p1a: Mew
|-damage|p1a: Mew|256\/404
|move|p1a: Mew|Knock Off|p2a: Jolteon
|-damage|p2a: Jolteon|157\/272
|-enditem|p2a: Jolteon|Choice Specs|[from] move: Knock Off|[of] p1a: Mew
|
|-heal|p1a: Mew|281\/404|[from] item: Leftovers
|turn|2
|
|move|p2a: Jolteon|Volt Switch|p1a: Mew
|-damage|p1a: Mew|191\/404
|
|switch|p2a: Murkrow|Murkrow, M|324\/324
|move|p1a: Mew|Soft-Boiled|p1a: Mew
|-heal|p1a: Mew|393\/404
|
|-heal|p1a: Mew|404\/404|[from] item: Leftovers
|turn|3
|
|switch|p1a: Arcanine|Arcanine, F, shiny|384\/384
|-ability|p1a: Arcanine|Intimidate|[of] p2a: Murkrow
|-unboost|p2a: Murkrow|atk|1
|move|p2a: Murkrow|Foul Play|p1a: Arcanine
|-damage|p1a: Arcanine|273\/384
|
|-heal|p1a: Arcanine|297\/384|[from] item: Leftovers
|turn|4
|
|move|p2a: Murkrow|Thunder Wave|p1a: Arcanine
|-status|p1a: Arcanine|par
|move|p1a: Arcanine|Flare Blitz|p2a: Murkrow
|-damage|p2a: Murkrow|182\/324
|-damage|p1a: Arcanine|250\/384 par|[from] recoil|[of] p2a: Murkrow
|-status|p2a: Murkrow|brn
|
|-heal|p1a: Arcanine|274\/384 par|[from] item: Leftovers
|-damage|p2a: Murkrow|142\/324 brn|[from] brn
|turn|5
|
|switch|p2a: Nidoqueen|Nidoqueen, F|384\/384
|move|p1a: Arcanine|Morning Sun|p1a: Arcanine
|-heal|p1a: Arcanine|384\/384 par
|
|turn|6
|
|switch|p1a: Mew|Mew, shiny|404\/404
|move|p2a: Nidoqueen|Stealth Rock|p1a: Mew
|-sidestart|p1: reachzero|move: Stealth Rock
|
|turn|7
|
|move|p1a: Mew|Defog|p2a: Nidoqueen
|-unboost|p2a: Nidoqueen|evasion|1
|-sideend|p1: reachzero|Stealth Rock|[from] move: Defog|[of] p1a: Mew
|move|p2a: Nidoqueen|Toxic|p1a: Mew
|-status|p1a: Mew|tox
|
|-damage|p1a: Mew|379\/404 tox|[from] psn
|turn|8
|
|move|p1a: Mew|Knock Off|p2a: Nidoqueen
|-damage|p2a: Nidoqueen|322\/384
|-enditem|p2a: Nidoqueen|Black Sludge|[from] move: Knock Off|[of] p1a: Mew
|move|p2a: Nidoqueen|Stealth Rock|p1a: Mew
|-sidestart|p1: reachzero|move: Stealth Rock
|
|-heal|p1a: Mew|404\/404 tox|[from] item: Leftovers
|-damage|p1a: Mew|354\/404 tox|[from] psn
|turn|9
|
|switch|p1a: Roserade|Roserade, M, shiny|324\/324
|-damage|p1a: Roserade|284\/324|[from] Stealth Rock
|move|p2a: Nidoqueen|Earthquake|p1a: Roserade
|-damage|p1a: Roserade|122\/324
|
|-heal|p1a: Roserade|142\/324|[from] item: Leftovers
|turn|10
|
|move|p1a: Roserade|Energy Ball|p2a: Nidoqueen
|-damage|p2a: Nidoqueen|145\/384
|move|p2a: Nidoqueen|Earthquake|p1a: Roserade
|-damage|p1a: Roserade|0 fnt
|faint|p1a: Roserade
|
|
|switch|p1a: Suicune|Suicune, shiny|404\/404
|-damage|p1a: Suicune|354\/404|[from] Stealth Rock
|-ability|p1a: Suicune|Pressure
|turn|11
|
|switch|p2a: Vaporeon|Vaporeon, F|464\/464
|move|p1a: Suicune|Scald|p2a: Vaporeon
|-immune|p2a: Vaporeon|[msg]
|
|-heal|p1a: Suicune|379\/404|[from] item: Leftovers
|turn|12
|
|switch|p1a: Aggron|Aggron, M, shiny|344\/344
|-damage|p1a: Aggron|323\/344|[from] Stealth Rock
|move|p2a: Vaporeon|Substitute|p2a: Vaporeon
|-start|p2a: Vaporeon|Substitute
|-damage|p2a: Vaporeon|348\/464
|
|turn|13
|
|-formechange|p1a: Aggron|Aggron-Mega
|message|Aggron has Mega Evolved into Mega Aggron!
|move|p2a: Vaporeon|Baton Pass|p2a: Vaporeon
|
|switch|p2a: Weezing|Weezing, M|334\/334
|move|p1a: Aggron|Stealth Rock|p2a: Weezing
|-sidestart|p2: Hargleblarg|move: Stealth Rock
|
|turn|14
|
|switch|p1a: Florges|Florges, F|360\/360
|-damage|p1a: Florges|315\/360|[from] Stealth Rock
|move|p2a: Weezing|Will-O-Wisp|p1a: Florges
|-status|p1a: Florges|brn
|
|-heal|p1a: Florges|337\/360 brn|[from] item: Leftovers
|-damage|p1a: Florges|292\/360 brn|[from] brn
|turn|15
|
|move|p1a: Florges|Aromatherapy|p1a: Florges
|-cureteam|p1a: Florges|[from] move: Aromatherapy
|move|p2a: Weezing|Sludge Bomb|p1a: Florges
|-supereffective|p1a: Florges
|-damage|p1a: Florges|176\/360
|-status|p1a: Florges|psn
|
|-heal|p1a: Florges|198\/360 psn|[from] item: Leftovers
|-damage|p1a: Florges|153\/360 psn|[from] psn
|turn|16
|
|switch|p1a: Mew|Mew, shiny|354\/404
|-damage|p1a: Mew|304\/404|[from] Stealth Rock
|move|p2a: Weezing|Sludge Bomb|p1a: Mew
|-damage|p1a: Mew|237\/404
|
|-heal|p1a: Mew|262\/404|[from] item: Leftovers
|turn|17
|
|move|p1a: Mew|Defog|p2a: Weezing
|-sideend|p2: Hargleblarg|Stealth Rock|[from] move: Defog|[of] p2a: Weezing
|-sideend|p1: reachzero|Stealth Rock|[from] move: Defog|[of] p1a: Mew
|move|p2a: Weezing|Sludge Bomb|p1a: Mew
|-damage|p1a: Mew|195\/404
|
|-heal|p1a: Mew|220\/404|[from] item: Leftovers
|turn|18
|
|switch|p1a: Arcanine|Arcanine, F, shiny|384\/384
|-activate|p2a: Weezing|Substitute|ability: Intimidate|[of] p1a: Arcanine
|move|p2a: Weezing|Sludge Bomb|p1a: Arcanine
|-damage|p1a: Arcanine|278\/384
|
|-heal|p1a: Arcanine|302\/384|[from] item: Leftovers
|turn|19
|
|move|p1a: Arcanine|Flare Blitz|p2a: Weezing
|-activate|p2a: Weezing|Substitute|[damage]
|-damage|p1a: Arcanine|271\/384|[from] recoil|[of] p2a: Weezing
|move|p2a: Weezing|Stockpile|p2a: Weezing
|-start|p2a: Weezing|stockpile1
|-boost|p2a: Weezing|def|1
|-boost|p2a: Weezing|spd|1
|
|-heal|p1a: Arcanine|295\/384|[from] item: Leftovers
|turn|20
|
|move|p2a: Weezing|Sludge Bomb|p1a: Arcanine
|-damage|p1a: Arcanine|187\/384
|-status|p1a: Arcanine|psn
|move|p1a: Arcanine|Roar|p2a: Weezing
|drag|p2a: Vaporeon|Vaporeon, F|348\/464
|
|-heal|p1a: Arcanine|211\/384 psn|[from] item: Leftovers
|-damage|p1a: Arcanine|163\/384 psn|[from] psn
|turn|21
|
|switch|p1a: Mew|Mew, shiny|220\/404
|move|p2a: Vaporeon|Baton Pass|p2a: Vaporeon
|
|switch|p2a: Nidoqueen|Nidoqueen, F|145\/384
|
|-heal|p1a: Mew|245\/404|[from] item: Leftovers
|turn|22
|
|move|p1a: Mew|Taunt|p2a: Nidoqueen
|-start|p2a: Nidoqueen|move: Taunt
|cant|p2a: Nidoqueen|move: Taunt|Toxic
|
|-heal|p1a: Mew|270\/404|[from] item: Leftovers
|turn|23
|
|switch|p2a: Slurpuff|Slurpuff, M|306\/306
|move|p1a: Mew|Knock Off|p2a: Slurpuff
|-resisted|p2a: Slurpuff
|-damage|p2a: Slurpuff|261\/306
|-enditem|p2a: Slurpuff|Sitrus Berry|[from] move: Knock Off|[of] p1a: Mew
|
|-heal|p1a: Mew|295\/404|[from] item: Leftovers
|turn|24
|
|move|p2a: Slurpuff|Thief|p1a: Mew
|-supereffective|p1a: Mew
|-damage|p1a: Mew|177\/404
|-item|p2a: Slurpuff|Leftovers|[from] move: Thief|[of] p1a: Mew
|move|p1a: Mew|Taunt|p2a: Slurpuff
|-start|p2a: Slurpuff|move: Taunt
|
|-heal|p2a: Slurpuff|280\/306|[from] item: Leftovers
|turn|25
|
|switch|p1a: Aggron|Aggron, M, shiny|323\/344
|-formechange|p1a: Aggron|Aggron-Mega
|move|p2a: Slurpuff|Play Rough|p1a: Aggron
|-resisted|p1a: Aggron
|-damage|p1a: Aggron|293\/344
|-unboost|p1a: Aggron|atk|1
|
|-heal|p2a: Slurpuff|299\/306|[from] item: Leftovers
|turn|26
|
|switch|p2a: Weezing|Weezing, M|334\/334
|move|p1a: Aggron|Stealth Rock|p2a: Weezing
|-sidestart|p2: Hargleblarg|move: Stealth Rock
|
|turn|27
|
|switch|p1a: Suicune|Suicune, shiny|379\/404
|-ability|p1a: Suicune|Pressure
|move|p2a: Weezing|Will-O-Wisp|p1a: Suicune
|-status|p1a: Suicune|brn
|
|-heal|p1a: Suicune|404\/404 brn|[from] item: Leftovers
|-damage|p1a: Suicune|354\/404 brn|[from] brn
|turn|28
|
|switch|p2a: Vaporeon|Vaporeon, F|348\/464
|-damage|p2a: Vaporeon|290\/464|[from] Stealth Rock
|move|p1a: Suicune|Calm Mind|p1a: Suicune
|-boost|p1a: Suicune|spa|1
|-boost|p1a: Suicune|spd|1
|
|-heal|p1a: Suicune|379\/404 brn|[from] item: Leftovers
|-damage|p1a: Suicune|329\/404 brn|[from] brn
|turn|29
|
|move|p1a: Suicune|Calm Mind|p1a: Suicune
|-boost|p1a: Suicune|spa|1
|-boost|p1a: Suicune|spd|1
|move|p2a: Vaporeon|Substitute|p2a: Vaporeon
|-start|p2a: Vaporeon|Substitute
|-damage|p2a: Vaporeon|174\/464
|
|-heal|p1a: Suicune|354\/404 brn|[from] item: Leftovers
|-damage|p1a: Suicune|304\/404 brn|[from] brn
|turn|30
|
|move|p1a: Suicune|Rest|p1a: Suicune
|-status|p1a: Suicune|slp
|-heal|p1a: Suicune|404\/404 slp|[silent]
|-status|p1a: Suicune|slp|[from] move: Rest
|move|p2a: Vaporeon|Wish|p2a: Vaporeon
|
|turn|31
|
|cant|p1a: Suicune|slp
|move|p1a: Suicune|Sleep Talk|p1a: Suicune
|move|p1a: Suicune|Rest|p1a: Suicune|[from]Sleep Talk
|-fail|p1a: Suicune
|move|p2a: Vaporeon|Scald|p1a: Suicune
|-resisted|p1a: Suicune
|-damage|p1a: Suicune|381\/404 slp
|
|-heal|p2a: Vaporeon|406\/464|[from] move: Wish|[wisher] Vaporeon
|-heal|p1a: Suicune|404\/404 slp|[from] item: Leftovers
|turn|32
|
|cant|p1a: Suicune|slp
|move|p1a: Suicune|Sleep Talk|p1a: Suicune
|move|p1a: Suicune|Calm Mind|p1a: Suicune|[from]Sleep Talk
|-boost|p1a: Suicune|spa|1
|-boost|p1a: Suicune|spd|1
|move|p2a: Vaporeon|Baton Pass|p2a: Vaporeon
|
|switch|p2a: Slurpuff|Slurpuff, M|299\/306
|-damage|p2a: Slurpuff|261\/306|[from] Stealth Rock
|
|-heal|p2a: Slurpuff|280\/306|[from] item: Leftovers
|turn|33
|
|move|p2a: Slurpuff|Belly Drum|p2a: Slurpuff
|-damage|p2a: Slurpuff|127\/306
|-setboost|p2a: Slurpuff|atk|6|[from] move: Belly Drum
|-curestatus|p1a: Suicune|slp
|move|p1a: Suicune|Scald|p2a: Slurpuff
|-end|p2a: Slurpuff|Substitute
|
|-heal|p2a: Slurpuff|146\/306|[from] item: Leftovers
|turn|34
|
|move|p2a: Slurpuff|Play Rough|p1a: Suicune
|-damage|p1a: Suicune|68\/404
|-unboost|p1a: Suicune|atk|1
|move|p1a: Suicune|Scald|p2a: Slurpuff
|-damage|p2a: Slurpuff|0 fnt
|faint|p2a: Slurpuff
|
|-heal|p1a: Suicune|93\/404|[from] item: Leftovers
|
|switch|p2a: Murkrow|Murkrow, M|142\/324 brn
|-damage|p2a: Murkrow|61\/324 brn|[from] Stealth Rock
|turn|35
|
|move|p2a: Murkrow|Haze|p2a: Murkrow
|-clearallboost
|move|p1a: Suicune|Rest|p1a: Suicune
|-status|p1a: Suicune|slp
|-heal|p1a: Suicune|404\/404 slp|[silent]
|-status|p1a: Suicune|slp|[from] move: Rest
|
|-damage|p2a: Murkrow|21\/324 brn|[from] brn
|turn|36
|
|switch|p2a: Jolteon|Jolteon, M|157\/272
|-damage|p2a: Jolteon|123\/272|[from] Stealth Rock
|cant|p1a: Suicune|slp
|move|p1a: Suicune|Sleep Talk|p1a: Suicune
|move|p1a: Suicune|Calm Mind|p1a: Suicune|[from]Sleep Talk
|-boost|p1a: Suicune|spa|1
|-boost|p1a: Suicune|spd|1
|
|turn|37
|
|switch|p1a: Mew|Mew, shiny|177\/404
|move|p2a: Jolteon|Thunderbolt|p1a: Mew
|-damage|p1a: Mew|78\/404
|
|turn|38
|
|move|p2a: Jolteon|Thunderbolt|p1a: Mew
|-damage|p1a: Mew|0 fnt
|faint|p1a: Mew
|
|
|switch|p1a: Aggron|Aggron, M, shiny|293\/344
|-formechange|p1a: Aggron|Aggron-Mega
|turn|39
|
|switch|p2a: Weezing|Weezing, M|334\/334
|-damage|p2a: Weezing|293\/334|[from] Stealth Rock
|move|p1a: Aggron|Dragon Tail|p2a: Weezing
|-damage|p2a: Weezing|248\/334
|drag|p2a: Vaporeon|Vaporeon, F|406\/464
|-damage|p2a: Vaporeon|348\/464|[from] Stealth Rock
|
|turn|40
|
|move|p2a: Vaporeon|Scald|p1a: Aggron
|-damage|p1a: Aggron|202\/344
|move|p1a: Aggron|Dragon Tail|p2a: Vaporeon
|-damage|p2a: Vaporeon|260\/464
|drag|p2a: Jolteon|Jolteon, M|123\/272
|-damage|p2a: Jolteon|89\/272|[from] Stealth Rock
|
|turn|41
|
|move|p2a: Jolteon|Thunderbolt|p1a: Aggron
|-damage|p1a: Aggron|78\/344
|move|p1a: Aggron|Earthquake|p2a: Jolteon
|-crit|p2a: Jolteon
|-supereffective|p2a: Jolteon
|-damage|p2a: Jolteon|0 fnt
|faint|p2a: Jolteon
|
|
|switch|p2a: Vaporeon|Vaporeon, F|260\/464
|-damage|p2a: Vaporeon|202\/464|[from] Stealth Rock
|turn|42
|
|switch|p1a: Florges|Florges, F|153\/360 psn
|move|p2a: Vaporeon|Scald|p1a: Florges
|-damage|p1a: Florges|93\/360 psn
|
|-heal|p1a: Florges|115\/360 psn|[from] item: Leftovers
|-damage|p1a: Florges|70\/360 psn|[from] psn
|turn|43
|
|move|p1a: Florges|Aromatherapy|p1a: Florges
|-cureteam|p1a: Florges|[from] move: Aromatherapy
|move|p2a: Vaporeon|Scald|p1a: Florges
|-damage|p1a: Florges|1\/360
|-status|p1a: Florges|brn
|
|-heal|p1a: Florges|23\/360 brn|[from] item: Leftovers
|-damage|p1a: Florges|0 fnt|[from] brn
|faint|p1a: Florges
|
|switch|p1a: Suicune|Suicune, shiny|404\/404
|-ability|p1a: Suicune|Pressure
|turn|44
|
|switch|p2a: Nidoqueen|Nidoqueen, F|145\/384
|-damage|p2a: Nidoqueen|121\/384|[from] Stealth Rock
|move|p1a: Suicune|Calm Mind|p1a: Suicune
|-boost|p1a: Suicune|spa|1
|-boost|p1a: Suicune|spd|1
|
|turn|45
|
|move|p1a: Suicune|Scald|p2a: Nidoqueen
|-supereffective|p2a: Nidoqueen
|-damage|p2a: Nidoqueen|0 fnt
|faint|p2a: Nidoqueen
|
|chat|Hargleblarg|gg
|
|switch|p2a: Weezing|Weezing, M|248\/334
|-damage|p2a: Weezing|207\/334|[from] Stealth Rock
|turn|46
|chat|reachzero|gg
|
|move|p1a: Suicune|Scald|p2a: Weezing
|-damage|p2a: Weezing|26\/334
|move|p2a: Weezing|Will-O-Wisp|p1a: Suicune
|-status|p1a: Suicune|brn
|
|-heal|p2a: Weezing|46\/334|[from] item: Black Sludge
|-damage|p1a: Suicune|354\/404 brn|[from] brn
|turn|47
|
|switch|p2a: Vaporeon|Vaporeon, F|202\/464
|-damage|p2a: Vaporeon|144\/464|[from] Stealth Rock
|move|p1a: Suicune|Scald|p2a: Vaporeon
|-heal|p2a: Vaporeon|260\/464|[from] ability: Water Absorb|[of] p1a: Suicune
|
|-heal|p1a: Suicune|379\/404 brn|[from] item: Leftovers
|-damage|p1a: Suicune|329\/404 brn|[from] brn
|turn|48
|chat|Hargleblarg|well, actually, no
|chat|Hargleblarg|suicune can't touch vaporeon
|
|move|p1a: Suicune|Calm Mind|p1a: Suicune
|-boost|p1a: Suicune|spa|1
|-boost|p1a: Suicune|spd|1
|move|p2a: Vaporeon|Wish|p2a: Vaporeon
|
|-heal|p1a: Suicune|354\/404 brn|[from] item: Leftovers
|-damage|p1a: Suicune|304\/404 brn|[from] brn
|turn|49
|chat|Hargleblarg|just reazlized that
|
|move|p1a: Suicune|Scald|p2a: Vaporeon
|-heal|p2a: Vaporeon|376\/464|[from] ability: Water Absorb|[of] p1a: Suicune
|move|p2a: Vaporeon|Substitute|p2a: Vaporeon
|-start|p2a: Vaporeon|Substitute
|-damage|p2a: Vaporeon|260\/464
|
|-heal|p2a: Vaporeon|464\/464|[from] move: Wish|[wisher] Vaporeon
|-heal|p1a: Suicune|329\/404 brn|[from] item: Leftovers
|-damage|p1a: Suicune|279\/404 brn|[from] brn
|turn|50
|
|move|p1a: Suicune|Scald|p2a: Vaporeon
|-immune|p2a: Vaporeon|[msg]
|move|p2a: Vaporeon|Wish|p2a: Vaporeon
|
|-heal|p1a: Suicune|304\/404 brn|[from] item: Leftovers
|-damage|p1a: Suicune|254\/404 brn|[from] brn
|turn|51
|
|move|p1a: Suicune|Scald|p2a: Vaporeon
|-immune|p2a: Vaporeon|[msg]
|move|p2a: Vaporeon|Baton Pass|p2a: Vaporeon
|
|switch|p2a: Weezing|Weezing, M|46\/334
|-damage|p2a: Weezing|5\/334|[from] Stealth Rock
|
|-heal|p2a: Weezing|237\/334|[from] move: Wish|[wisher] Vaporeon
|-heal|p1a: Suicune|279\/404 brn|[from] item: Leftovers
|-heal|p2a: Weezing|257\/334|[from] item: Black Sludge
|-damage|p1a: Suicune|229\/404 brn|[from] brn
|turn|52
|
|switch|p2a: Vaporeon|Vaporeon, F|464\/464
|-damage|p2a: Vaporeon|406\/464|[from] Stealth Rock
|move|p1a: Suicune|Calm Mind|p1a: Suicune
|-boost|p1a: Suicune|spa|1
|-boost|p1a: Suicune|spd|1
|
|-heal|p1a: Suicune|254\/404 brn|[from] item: Leftovers
|-damage|p1a: Suicune|204\/404 brn|[from] brn
|turn|53
|
|move|p1a: Suicune|Calm Mind|p1a: Suicune
|-boost|p1a: Suicune|spa|1
|-boost|p1a: Suicune|spd|1
|move|p2a: Vaporeon|Baton Pass|p2a: Vaporeon
|
|switch|p2a: Murkrow|Murkrow, M|21\/324 brn
|-damage|p2a: Murkrow|0 fnt|[from] Stealth Rock
|faint|p2a: Murkrow
|
|-heal|p1a: Suicune|229\/404 brn|[from] item: Leftovers
|-damage|p1a: Suicune|179\/404 brn|[from] brn
|
|switch|p2a: Vaporeon|Vaporeon, F|406\/464
|-damage|p2a: Vaporeon|348\/464|[from] Stealth Rock
|turn|54
|
|move|p1a: Suicune|Rest|p1a: Suicune
|-status|p1a: Suicune|slp
|-heal|p1a: Suicune|404\/404 slp|[silent]
|-status|p1a: Suicune|slp|[from] move: Rest
|move|p2a: Vaporeon|Baton Pass|p2a: Vaporeon
|
|switch|p2a: Weezing|Weezing, M|257\/334
|-damage|p2a: Weezing|216\/334|[from] Stealth Rock
|
|-heal|p2a: Weezing|236\/334|[from] item: Black Sludge
|turn|55
|
|cant|p1a: Suicune|slp
|move|p2a: Weezing|Stockpile|p2a: Weezing
|-start|p2a: Weezing|stockpile1
|-boost|p2a: Weezing|def|1
|-boost|p2a: Weezing|spd|1
|
|-heal|p2a: Weezing|256\/334|[from] item: Black Sludge
|turn|56
|
|cant|p1a: Suicune|slp
|move|p2a: Weezing|Stockpile|p2a: Weezing
|-start|p2a: Weezing|stockpile2
|-boost|p2a: Weezing|def|1
|-boost|p2a: Weezing|spd|1
|
|-heal|p2a: Weezing|276\/334|[from] item: Black Sludge
|turn|57
|
|-curestatus|p1a: Suicune|slp
|move|p1a: Suicune|Scald|p2a: Weezing
|-damage|p2a: Weezing|92\/334
|-status|p2a: Weezing|brn
|move|p2a: Weezing|Stockpile|p2a: Weezing
|-start|p2a: Weezing|stockpile3
|-boost|p2a: Weezing|def|1
|-boost|p2a: Weezing|spd|1
|
|-heal|p2a: Weezing|112\/334 brn|[from] item: Black Sludge
|-damage|p2a: Weezing|71\/334 brn|[from] brn
|turn|58
|
|switch|p2a: Vaporeon|Vaporeon, F|348\/464
|-damage|p2a: Vaporeon|290\/464|[from] Stealth Rock
|move|p1a: Suicune|Calm Mind|p1a: Suicune
|-boost|p1a: Suicune|spa|1
|-boost|p1a: Suicune|spd|1
|
|turn|59
|
|switch|p1a: Arcanine|Arcanine, F, shiny|163\/384
|-ability|p1a: Arcanine|Intimidate|[of] p2a: Vaporeon
|-unboost|p2a: Vaporeon|atk|1
|move|p2a: Vaporeon|Wish|p2a: Vaporeon
|
|-heal|p1a: Arcanine|187\/384|[from] item: Leftovers
|turn|60
|
|move|p2a: Vaporeon|Scald|p1a: Arcanine
|-supereffective|p1a: Arcanine
|-damage|p1a: Arcanine|0 fnt
|faint|p1a: Arcanine
|
|-heal|p2a: Vaporeon|464\/464|[from] move: Wish|[wisher] Vaporeon
|
|switch|p1a: Aggron|Aggron, M, shiny|78\/344
|-formechange|p1a: Aggron|Aggron-Mega
|turn|61
|
|move|p2a: Vaporeon|Scald|p1a: Aggron
|-damage|p1a: Aggron|0 fnt
|faint|p1a: Aggron
|
|
|switch|p1a: Suicune|Suicune, shiny|404\/404
|-ability|p1a: Suicune|Pressure
|turn|62
|
|move|p1a: Suicune|Calm Mind|p1a: Suicune
|-boost|p1a: Suicune|spa|1
|-boost|p1a: Suicune|spd|1
|move|p2a: Vaporeon|Wish|p2a: Vaporeon
|
|turn|63
|
|move|p1a: Suicune|Scald|p2a: Vaporeon
|-immune|p2a: Vaporeon|[msg]
|move|p2a: Vaporeon|Substitute|p2a: Vaporeon
|-start|p2a: Vaporeon|Substitute
|-damage|p2a: Vaporeon|348\/464
|
|-heal|p2a: Vaporeon|464\/464|[from] move: Wish|[wisher] Vaporeon
|turn|64
|
|move|p1a: Suicune|Calm Mind|p1a: Suicune
|-boost|p1a: Suicune|spa|1
|-boost|p1a: Suicune|spd|1
|move|p2a: Vaporeon|Wish|p2a: Vaporeon
|
|turn|65
|
|move|p1a: Suicune|Scald|p2a: Vaporeon
|-immune|p2a: Vaporeon|[msg]
|move|p2a: Vaporeon|Baton Pass|p2a: Vaporeon
|
|switch|p2a: Weezing|Weezing, M|71\/334 brn
|-damage|p2a: Weezing|30\/334 brn|[from] Stealth Rock
|
|-heal|p2a: Weezing|262\/334 brn|[from] move: Wish|[wisher] Vaporeon
|-heal|p2a: Weezing|282\/334 brn|[from] item: Black Sludge
|-damage|p2a: Weezing|241\/334 brn|[from] brn
|turn|66
|
|move|p1a: Suicune|Calm Mind|p1a: Suicune
|-boost|p1a: Suicune|spa|1
|-boost|p1a: Suicune|spd|1
|move|p2a: Weezing|Pain Split|p1a: Suicune
|-sethp|p1a: Suicune|322\/404|p2a: Weezing|322\/334 brn|[from] move: Pain Split
|
|-heal|p1a: Suicune|347\/404|[from] item: Leftovers
|-heal|p2a: Weezing|334\/334 brn|[from] item: Black Sludge
|-damage|p2a: Weezing|293\/334 brn|[from] brn
|turn|67
|
|move|p1a: Suicune|Calm Mind|p1a: Suicune
|-boost|p1a: Suicune|spa|1
|-boost|p1a: Suicune|spd|1
|move|p2a: Weezing|Will-O-Wisp|p1a: Suicune
|-status|p1a: Suicune|brn
|
|-heal|p1a: Suicune|372\/404 brn|[from] item: Leftovers
|-heal|p2a: Weezing|313\/334 brn|[from] item: Black Sludge
|-damage|p1a: Suicune|322\/404 brn|[from] brn
|-damage|p2a: Weezing|272\/334 brn|[from] brn
|turn|68
|
|move|p1a: Suicune|Rest|p1a: Suicune
|-status|p1a: Suicune|slp
|-heal|p1a: Suicune|404\/404 slp|[silent]
|-status|p1a: Suicune|slp|[from] move: Rest
|move|p2a: Weezing|Stockpile|p2a: Weezing
|-start|p2a: Weezing|stockpile1
|-boost|p2a: Weezing|def|1
|-boost|p2a: Weezing|spd|1
|
|-heal|p2a: Weezing|292\/334 brn|[from] item: Black Sludge
|-damage|p2a: Weezing|251\/334 brn|[from] brn
|turn|69
|
|cant|p1a: Suicune|slp
|move|p2a: Weezing|Stockpile|p2a: Weezing
|-start|p2a: Weezing|stockpile2
|-boost|p2a: Weezing|def|1
|-boost|p2a: Weezing|spd|1
|
|-heal|p2a: Weezing|271\/334 brn|[from] item: Black Sludge
|-damage|p2a: Weezing|230\/334 brn|[from] brn
|turn|70
|chat|Hargleblarg|this is a sort of anticlimactic end
|
|cant|p1a: Suicune|slp
|move|p1a: Suicune|Sleep Talk|p1a: Suicune
|move|p1a: Suicune|Scald|p2a: Weezing|[from]Sleep Talk
|-end|p2a: Weezing|Substitute
|move|p2a: Weezing|Stockpile|p2a: Weezing
|-start|p2a: Weezing|stockpile3
|-boost|p2a: Weezing|def|1
|-boost|p2a: Weezing|spd|1
|
|-heal|p2a: Weezing|250\/334 brn|[from] item: Black Sludge
|-damage|p2a: Weezing|209\/334 brn|[from] brn
|turn|71
|
|switch|p2a: Vaporeon|Vaporeon, F|464\/464
|-damage|p2a: Vaporeon|406\/464|[from] Stealth Rock
|-curestatus|p1a: Suicune|slp
|move|p1a: Suicune|Scald|p2a: Vaporeon
|-heal|p2a: Vaporeon|464\/464|[from] ability: Water Absorb|[of] p1a: Suicune
|
|turn|72
|
|move|p1a: Suicune|Calm Mind|p1a: Suicune
|-boost|p1a: Suicune|spa|1
|-boost|p1a: Suicune|spd|1
|move|p2a: Vaporeon|Substitute|p2a: Vaporeon
|-start|p2a: Vaporeon|Substitute
|-damage|p2a: Vaporeon|348\/464
|
|turn|73
|
|move|p1a: Suicune|Calm Mind|p1a: Suicune
|-boost|p1a: Suicune|spa|1
|-boost|p1a: Suicune|spd|1
|move|p2a: Vaporeon|Wish|p2a: Vaporeon
|
|turn|74
|chat|Hargleblarg|you are going to run out of pp first
|
|move|p1a: Suicune|Scald|p2a: Vaporeon
|-heal|p2a: Vaporeon|464\/464|[from] ability: Water Absorb|[of] p1a: Suicune
|move|p2a: Vaporeon|Baton Pass|p2a: Vaporeon
|chat|Hargleblarg|there is no avoiding this
|
|switch|p2a: Weezing|Weezing, M|209\/334 brn
|-damage|p2a: Weezing|168\/334 brn|[from] Stealth Rock
|
|-heal|p2a: Weezing|334\/334 brn|[from] move: Wish|[wisher] Vaporeon
|-damage|p2a: Weezing|293\/334 brn|[from] brn
|turn|75
|chat|reachzero|with two Pokemon, you are correct
|chat|reachzero|with just Vappy, I'd win..
|-message|reachzero forfeited.
|
|win|Hargleblarg
|raw|Ladder updating...
|leave|reachzero
|player|p1
|raw|reachzero's rating: 1504 &rarr; <strong>1478<\/strong><br \/>(-26 for losing)
|raw|Hargleblarg's rating: 1394 &rarr; <strong>1420<\/strong><br \/>(+26 for winning)