|join|reachzero
|join|The Blur
|player|p1|reachzero|15
|player|p2|The Blur|164
|gametype|singles
|gen|6
|tier|UU
|rated
|clearpoke
|poke|p1|Mew, shiny
|poke|p1|Ampharos, F, shiny
|poke|p1|Slowbro, F, shiny
|poke|p1|Zygarde, shiny
|poke|p1|Nidoqueen, F, shiny
|poke|p1|Florges, F
|poke|p2|Absol, F
|poke|p2|Celebi
|poke|p2|Victini
|poke|p2|Machamp, F
|poke|p2|Suicune
|poke|p2|Heracross, M
|rule|Sleep Clause Mod: Limit one foe put to sleep
|rule|Species Clause: Limit one of each Pokemon
|rule|OHKO Clause: OHKO moves are banned
|rule|Moody Clause: Moody is banned
|rule|Evasion Moves Clause: Evasion moves are banned
|rule|Endless Battle Clause: Forcing endless battles is banned.
|rule|HP Percentage Mod: HP is reported as percentages
|teampreview
|
|start
|switch|p1a: Slowbro|Slowbro, F, shiny|394\/394
|switch|p2a: Absol|Absol, F|272\/272
|turn|1
|
|switch|p1a: Ampharos|Ampharos, F, shiny|384\/384
|-formechange|p2a: Absol|Absol-Mega
|message|Absol has Mega Evolved into Mega Absol!
|move|p2a: Absol|Swords Dance|p2a: Absol
|-boost|p2a: Absol|atk|2
|
|turn|2
|
|-formechange|p1a: Ampharos|Ampharos-Mega
|message|Ampharos has Mega Evolved into Mega Ampharos!
|-ability|p1a: Ampharos|Mold Breaker
|move|p2a: Absol|Play Rough|p1a: Ampharos
|-supereffective|p1a: Ampharos
|-damage|p1a: Ampharos|0 fnt
|faint|p1a: Ampharos
|
|
|switch|p1a: Nidoqueen|Nidoqueen, F, shiny|345\/345
|turn|3
|
|move|p2a: Absol|Sucker Punch|p1a: Nidoqueen
|-crit|p1a: Nidoqueen
|-damage|p1a: Nidoqueen|0 fnt
|faint|p1a: Nidoqueen
|
|
|switch|p1a: Zygarde|Zygarde, shiny|404\/404
|-ability|p1a: Zygarde|Aura Break
|turn|4
|
|move|p2a: Absol|Play Rough|p1a: Zygarde
|-supereffective|p1a: Zygarde
|-damage|p1a: Zygarde|0 fnt
|faint|p1a: Zygarde
|
|
|switch|p1a: Mew|Mew, shiny|404\/404
|turn|5
|
|move|p2a: Absol|Sucker Punch|p1a: Mew
|-fail|p1a: Mew
|move|p1a: Mew|Will-O-Wisp|p2a: Absol
|move|p2a: Absol|Will-O-Wisp|p1a: Mew|[from]Magic Bounce
|-status|p1a: Mew|brn
|-status|p2a: Absol|brn
|
|-damage|p2a: Absol|238\/272 brn|[from] brn
|-damage|p1a: Mew|354\/404 brn|[from] brn
|turn|6
|
|switch|p1a: Florges|Florges, F|360\/360
|move|p2a: Absol|Swords Dance|p2a: Absol
|-boost|p2a: Absol|atk|2
|
|-damage|p2a: Absol|204\/272 brn|[from] brn
|turn|7
|
|move|p2a: Absol|Play Rough|p1a: Florges
|-damage|p1a: Florges|164\/360
|-unboost|p1a: Florges|atk|1
|move|p1a: Florges|Aromatherapy|p1a: Florges
|-cureteam|p1a: Florges|[from] move: Aromatherapy
|
|-heal|p1a: Florges|186\/360|[from] item: Leftovers
|-damage|p2a: Absol|170\/272 brn|[from] brn
|turn|8
|
|move|p1a: Florges|Protect|p1a: Florges
|-singleturn|p1a: Florges|Protect
|move|p2a: Absol|Play Rough|p1a: Florges
|-activate|p1a: Florges|Protect
|
|-heal|p1a: Florges|208\/360|[from] item: Leftovers
|-damage|p2a: Absol|136\/272 brn|[from] brn
|turn|9
|
|move|p2a: Absol|Play Rough|p1a: Florges
|-damage|p1a: Florges|20\/360
|move|p1a: Florges|Moonblast|p2a: Absol
|-supereffective|p2a: Absol
|-damage|p2a: Absol|0 fnt
|faint|p2a: Absol
|
|-heal|p1a: Florges|42\/360|[from] item: Leftovers
|
|switch|p2a: Heracross|Heracross, M|302\/302
|turn|10
|
|move|p1a: Florges|Protect|p1a: Florges
|-singleturn|p1a: Florges|Protect
|move|p2a: Heracross|Megahorn|p1a: Florges
|-activate|p1a: Florges|Protect
|
|-heal|p1a: Florges|64\/360|[from] item: Leftovers
|turn|11
|
|move|p2a: Heracross|Megahorn|p1a: Florges
|-resisted|p1a: Florges
|-damage|p1a: Florges|0 fnt
|faint|p1a: Florges
|-boost|p2a: Heracross|atk|1|[from] ability: Moxie
|
|
|switch|p1a: Mew|Mew, shiny|354\/404
|turn|12
|
|move|p2a: Heracross|Megahorn|p1a: Mew
|-supereffective|p1a: Mew
|-damage|p1a: Mew|0 fnt
|faint|p1a: Mew
|-boost|p2a: Heracross|atk|1|[from] ability: Moxie
|
|
|switch|p1a: Slowbro|Slowbro, F, shiny|394\/394
|turn|13
|
|move|p2a: Heracross|Megahorn|p1a: Slowbro
|-supereffective|p1a: Slowbro
|-damage|p1a: Slowbro|0 fnt
|faint|p1a: Slowbro
|-boost|p2a: Heracross|atk|1|[from] ability: Moxie
|
|win|The Blur
|raw|Ladder updating...
|raw|reachzero's rating: 1418 &rarr; <strong>1390<\/strong><br \/>(-28 for losing)
|raw|The Blur's rating: 1277 &rarr; <strong>1312<\/strong><br \/>(+35 for winning)
|leave|The Blur
|player|p2
|leave|reachzero
|player|p1