|join|reachzero
|join|dabigboys
|player|p1|reachzero|15
|player|p2|dabigboys|170
|gametype|singles
|gen|6
|tier|UU
|rated
|rule|Sleep Clause Mod: Limit one foe put to sleep
|rule|Species Clause: Limit one of each Pokemon
|rule|OHKO Clause: OHKO moves are banned
|rule|Moody Clause: Moody is banned
|rule|Evasion Moves Clause: Evasion moves are banned
|rule|Endless Battle Clause: Forcing endless battles is banned.
|rule|HP Percentage Mod: HP is reported as percentages
|clearpoke
|poke|p1|Sableye, M
|poke|p1|Jirachi, shiny
|poke|p1|Mew, shiny
|poke|p1|Slowbro, M, shiny
|poke|p1|Krookodile, M, shiny
|poke|p1|Rotom-Heat
|poke|p2|Banette, M, shiny
|poke|p2|Chesnaught, F, shiny
|poke|p2|Donphan, M
|poke|p2|Florges, F
|poke|p2|Entei, shiny
|poke|p2|Suicune, shiny
|teampreview
|join|Vandaglyon
|
|start
|switch|p1a: Sableye|Sableye, M|304\/304
|switch|p2a: Entei|Entei, shiny|372\/372
|-ability|p2a: Entei|Pressure
|turn|1
|
|switch|p1a: Rotom-Heat|Rotom-Heat|271\/271
|move|p2a: Entei|Sacred Fire|p1a: Rotom-Heat
|-resisted|p1a: Rotom-Heat
|-damage|p1a: Rotom-Heat|188\/271
|
|turn|2
|
|move|p2a: Entei|Extreme Speed|p1a: Rotom-Heat
|-damage|p1a: Rotom-Heat|103\/271
|move|p1a: Rotom-Heat|Trick|p2a: Entei
|-activate|p1a: Rotom-Heat|move: Trick|[of] p2a: Entei
|-item|p2a: Entei|Choice Specs|[from] move: Trick
|-item|p1a: Rotom-Heat|Leftovers|[from] move: Trick
|
|-heal|p1a: Rotom-Heat|119\/271|[from] item: Leftovers
|turn|3
|
|switch|p2a: Florges|Florges, F|360\/360
|switch|p1a: Slowbro|Slowbro, M, shiny|394\/394
|
|turn|4
|
|move|p2a: Florges|Toxic|p1a: Slowbro
|-status|p1a: Slowbro|tox
|move|p1a: Slowbro|Calm Mind|p1a: Slowbro
|-boost|p1a: Slowbro|spa|1
|-boost|p1a: Slowbro|spd|1
|
|-damage|p1a: Slowbro|370\/394 tox|[from] psn
|turn|5
|
|switch|p2a: Banette|Banette, M, shiny|332\/332
|-item|p1a: Slowbro|Leftovers|[from] ability: Frisk|[of] p2a: Banette|[identify]
|move|p1a: Slowbro|Scald|p2a: Banette
|-damage|p2a: Banette|125\/332
|-status|p2a: Banette|brn
|
|-heal|p1a: Slowbro|394\/394 tox|[from] item: Leftovers
|-damage|p2a: Banette|84\/332 brn|[from] brn
|-damage|p1a: Slowbro|346\/394 tox|[from] psn
|turn|6
|
|switch|p2a: Florges|Florges, F|360\/360
|move|p1a: Slowbro|Scald|p2a: Florges
|-damage|p2a: Florges|287\/360
|
|-heal|p2a: Florges|309\/360|[from] item: Leftovers
|-heal|p1a: Slowbro|370\/394 tox|[from] item: Leftovers
|-damage|p1a: Slowbro|298\/394 tox|[from] psn
|turn|7
|
|switch|p1a: Jirachi|Jirachi, shiny|404\/404
|move|p2a: Florges|Moonblast|p1a: Jirachi
|-resisted|p1a: Jirachi
|-damage|p1a: Jirachi|339\/404
|
|-heal|p1a: Jirachi|364\/404|[from] item: Leftovers
|-heal|p2a: Florges|331\/360|[from] item: Leftovers
|turn|8
|
|switch|p2a: Chesnaught|Chesnaught, F, shiny|380\/380
|move|p1a: Jirachi|Substitute|p1a: Jirachi
|-start|p1a: Jirachi|Substitute
|-damage|p1a: Jirachi|263\/404
|
|-heal|p1a: Jirachi|288\/404|[from] item: Leftovers
|turn|9
|
|switch|p2a: Suicune|Suicune, shiny|404\/404
|-ability|p2a: Suicune|Pressure
|move|p1a: Jirachi|Calm Mind|p1a: Jirachi
|-boost|p1a: Jirachi|spa|1
|-boost|p1a: Jirachi|spd|1
|
|-heal|p1a: Jirachi|313\/404|[from] item: Leftovers
|turn|10
|
|move|p1a: Jirachi|Thunderbolt|p2a: Suicune
|-supereffective|p2a: Suicune
|-damage|p2a: Suicune|198\/404
|-status|p2a: Suicune|par
|move|p2a: Suicune|Calm Mind|p2a: Suicune
|-boost|p2a: Suicune|spa|1
|-boost|p2a: Suicune|spd|1
|
|-heal|p1a: Jirachi|338\/404|[from] item: Leftovers
|-heal|p2a: Suicune|223\/404 par|[from] item: Leftovers
|turn|11
|
|move|p1a: Jirachi|Calm Mind|p1a: Jirachi
|-boost|p1a: Jirachi|spa|1
|-boost|p1a: Jirachi|spd|1
|move|p2a: Suicune|Scald|p1a: Jirachi
|-activate|p1a: Jirachi|Substitute|[damage]
|
|-heal|p1a: Jirachi|363\/404|[from] item: Leftovers
|-heal|p2a: Suicune|248\/404 par|[from] item: Leftovers
|turn|12
|
|switch|p2a: Donphan|Donphan, M|384\/384
|move|p1a: Jirachi|Thunderbolt|p2a: Donphan
|-immune|p2a: Donphan|[msg]
|
|-heal|p1a: Jirachi|388\/404|[from] item: Leftovers
|turn|13
|leave|Vandaglyon
|
|move|p1a: Jirachi|Psychic|p2a: Donphan
|-crit|p2a: Donphan
|-activate|p2a: Donphan|Sturdy
|-damage|p2a: Donphan|1\/384
|move|p2a: Donphan|Earthquake|p1a: Jirachi
|-supereffective|p1a: Jirachi
|-end|p1a: Jirachi|Substitute
|
|-heal|p1a: Jirachi|404\/404|[from] item: Leftovers
|-heal|p2a: Donphan|25\/384|[from] item: Leftovers
|turn|14
|
|move|p1a: Jirachi|Psychic|p2a: Donphan
|-damage|p2a: Donphan|0 fnt
|faint|p2a: Donphan
|
|
|switch|p2a: Entei|Entei, shiny|372\/372
|-ability|p2a: Entei|Pressure
|turn|15
|
|switch|p1a: Slowbro|Slowbro, M, shiny|394\/394 tox
|move|p2a: Entei|Sacred Fire|p1a: Slowbro|[miss]
|-miss|p2a: Entei|p1a: Slowbro
|
|-damage|p1a: Slowbro|370\/394 tox|[from] psn
|turn|16
|
|switch|p2a: Florges|Florges, F|331\/360
|switch|p1a: Sableye|Sableye, M|304\/304
|
|-heal|p2a: Florges|353\/360|[from] item: Leftovers
|turn|17
|
|move|p1a: Sableye|Taunt|p2a: Florges
|-start|p2a: Florges|move: Taunt
|move|p2a: Florges|Moonblast|p1a: Sableye
|-supereffective|p1a: Sableye
|-damage|p1a: Sableye|0 fnt
|faint|p1a: Sableye
|
|-heal|p2a: Florges|360\/360|[from] item: Leftovers
|
|switch|p1a: Mew|Mew, shiny|404\/404
|turn|18
|
|move|p1a: Mew|Stealth Rock|p2a: Florges
|-sidestart|p2: dabigboys|move: Stealth Rock
|move|p2a: Florges|Moonblast|p1a: Mew
|-damage|p1a: Mew|317\/404
|
|-heal|p1a: Mew|342\/404|[from] item: Leftovers
|turn|19
|
|switch|p1a: Jirachi|Jirachi, shiny|404\/404
|move|p2a: Florges|Moonblast|p1a: Jirachi
|-resisted|p1a: Jirachi
|-damage|p1a: Jirachi|341\/404
|-unboost|p1a: Jirachi|spa|1
|
|-heal|p1a: Jirachi|366\/404|[from] item: Leftovers
|-end|p2a: Florges|move: Taunt
|turn|20
|
|move|p1a: Jirachi|Calm Mind|p1a: Jirachi
|-boost|p1a: Jirachi|spa|1
|-boost|p1a: Jirachi|spd|1
|move|p2a: Florges|Aromatherapy|p2a: Florges
|-cureteam|p2a: Florges|[from] move: Aromatherapy
|
|-heal|p1a: Jirachi|391\/404|[from] item: Leftovers
|turn|21
|
|move|p1a: Jirachi|Substitute|p1a: Jirachi
|-start|p1a: Jirachi|Substitute
|-damage|p1a: Jirachi|290\/404
|move|p2a: Florges|Wish|p2a: Florges
|
|-heal|p1a: Jirachi|315\/404|[from] item: Leftovers
|turn|22
|
|switch|p2a: Entei|Entei, shiny|372\/372
|-damage|p2a: Entei|279\/372|[from] Stealth Rock
|-ability|p2a: Entei|Pressure
|move|p1a: Jirachi|Calm Mind|p1a: Jirachi
|-boost|p1a: Jirachi|spa|1
|-boost|p1a: Jirachi|spd|1
|
|-heal|p2a: Entei|372\/372|[from] move: Wish|[wisher] Florges
|-heal|p1a: Jirachi|340\/404|[from] item: Leftovers
|turn|23
|
|move|p1a: Jirachi|Psychic|p2a: Entei
|-damage|p2a: Entei|167\/372
|-unboost|p2a: Entei|spd|1
|move|p2a: Entei|Sacred Fire|p1a: Jirachi
|-supereffective|p1a: Jirachi
|-end|p1a: Jirachi|Substitute
|
|-heal|p1a: Jirachi|365\/404|[from] item: Leftovers
|turn|24
|
|switch|p1a: Slowbro|Slowbro, M, shiny|394\/394 tox
|move|p2a: Entei|Sacred Fire|p1a: Slowbro
|-resisted|p1a: Slowbro
|-damage|p1a: Slowbro|334\/394 tox
|
|-heal|p1a: Slowbro|358\/394 tox|[from] item: Leftovers
|-damage|p1a: Slowbro|334\/394 tox|[from] psn
|turn|25
|
|switch|p2a: Suicune|Suicune, shiny|248\/404
|-damage|p2a: Suicune|198\/404|[from] Stealth Rock
|-ability|p2a: Suicune|Pressure
|move|p1a: Slowbro|Scald|p2a: Suicune
|-resisted|p2a: Suicune
|-damage|p2a: Suicune|159\/404
|-status|p2a: Suicune|brn
|
|-heal|p2a: Suicune|184\/404 brn|[from] item: Leftovers
|-heal|p1a: Slowbro|358\/394 tox|[from] item: Leftovers
|-damage|p2a: Suicune|134\/404 brn|[from] brn
|-damage|p1a: Slowbro|310\/394 tox|[from] psn
|turn|26
|
|switch|p1a: Rotom-Heat|Rotom-Heat|119\/271
|move|p2a: Suicune|Rest|p2a: Suicune
|-status|p2a: Suicune|slp
|-heal|p2a: Suicune|404\/404 slp|[silent]
|-status|p2a: Suicune|slp|[from] move: Rest
|
|-heal|p1a: Rotom-Heat|135\/271|[from] item: Leftovers
|turn|27
|
|move|p1a: Rotom-Heat|Volt Switch|p2a: Suicune
|-supereffective|p2a: Suicune
|-damage|p2a: Suicune|180\/404 slp
|
|switch|p1a: Krookodile|Krookodile, M, shiny|335\/335
|cant|p2a: Suicune|slp
|move|p2a: Suicune|Sleep Talk|p2a: Suicune
|move|p2a: Suicune|Scald|p1a: Krookodile|[from]Sleep Talk
|-supereffective|p1a: Krookodile
|-damage|p1a: Krookodile|119\/335
|
|-heal|p2a: Suicune|205\/404 slp|[from] item: Leftovers
|turn|28
|
|move|p1a: Krookodile|Knock Off|p2a: Suicune
|-damage|p2a: Suicune|106\/404 slp
|-enditem|p2a: Suicune|Leftovers|[from] move: Knock Off|[of] p1a: Krookodile
|cant|p2a: Suicune|slp
|move|p2a: Suicune|Sleep Talk|p2a: Suicune
|move|p2a: Suicune|Scald|p1a: Krookodile|[from]Sleep Talk
|-supereffective|p1a: Krookodile
|-damage|p1a: Krookodile|0 fnt
|faint|p1a: Krookodile
|
|
|switch|p1a: Rotom-Heat|Rotom-Heat|135\/271
|turn|29
|
|move|p1a: Rotom-Heat|Volt Switch|p2a: Suicune
|-supereffective|p2a: Suicune
|-damage|p2a: Suicune|0 fnt
|faint|p2a: Suicune
|join|Ah Yueah
|
|switch|p1a: Mew|Mew, shiny|342\/404
|
|-heal|p1a: Mew|367\/404|[from] item: Leftovers
|
|switch|p2a: Florges|Florges, F|360\/360
|-damage|p2a: Florges|315\/360|[from] Stealth Rock
|turn|30
|
|switch|p1a: Jirachi|Jirachi, shiny|365\/404
|move|p2a: Florges|Wish|p2a: Florges
|
|-heal|p1a: Jirachi|390\/404|[from] item: Leftovers
|-heal|p2a: Florges|337\/360|[from] item: Leftovers
|turn|31
|
|switch|p2a: Entei|Entei, shiny|167\/372
|-damage|p2a: Entei|74\/372|[from] Stealth Rock
|-ability|p2a: Entei|Pressure
|move|p1a: Jirachi|Substitute|p1a: Jirachi
|-start|p1a: Jirachi|Substitute
|-damage|p1a: Jirachi|289\/404
|
|-heal|p2a: Entei|254\/372|[from] move: Wish|[wisher] Florges
|-heal|p1a: Jirachi|314\/404|[from] item: Leftovers
|turn|32
|
|move|p1a: Jirachi|Psychic|p2a: Entei
|-damage|p2a: Entei|95\/372
|move|p2a: Entei|Sacred Fire|p1a: Jirachi
|-crit|p1a: Jirachi
|-supereffective|p1a: Jirachi
|-end|p1a: Jirachi|Substitute
|
|-heal|p1a: Jirachi|339\/404|[from] item: Leftovers
|turn|33
|
|move|p1a: Jirachi|Psychic|p2a: Entei
|-damage|p2a: Entei|0 fnt
|faint|p2a: Entei
|
|-heal|p1a: Jirachi|364\/404|[from] item: Leftovers
|
|switch|p2a: Banette|Banette, M, shiny|84\/332
|-damage|p2a: Banette|43\/332|[from] Stealth Rock
|-item|p1a: Jirachi|Leftovers|[from] ability: Frisk|[of] p2a: Banette|[identify]
|turn|34
|
|switch|p1a: Rotom-Heat|Rotom-Heat|135\/271
|-formechange|p2a: Banette|Banette-Mega
|message|Banette has Mega Evolved into Mega Banette!
|move|p2a: Banette|Shadow Sneak|p1a: Rotom-Heat
|-damage|p1a: Rotom-Heat|48\/271
|
|-heal|p1a: Rotom-Heat|64\/271|[from] item: Leftovers
|turn|35
|
|move|p2a: Banette|Shadow Sneak|p1a: Rotom-Heat
|-damage|p1a: Rotom-Heat|0 fnt
|faint|p1a: Rotom-Heat
|
|
|switch|p1a: Mew|Mew, shiny|367\/404
|turn|36
|
|move|p2a: Banette|Protect|p2a: Banette
|-singleturn|p2a: Banette|Protect
|move|p1a: Mew|Psychic|p2a: Banette
|-activate|p2a: Banette|Protect
|
|-heal|p1a: Mew|392\/404|[from] item: Leftovers
|turn|37
|
|move|p2a: Banette|Destiny Bond|p2a: Banette
|-singlemove|p2a: Banette|Destiny Bond
|move|p1a: Mew|Psychic|p2a: Banette
|-damage|p2a: Banette|0 fnt
|faint|p2a: Banette
|-activate|p2a: Banette|Destiny Bond
|faint|p1a: Mew
|
|
|switch|p2a: Chesnaught|Chesnaught, F, shiny|380\/380
|-damage|p2a: Chesnaught|357\/380|[from] Stealth Rock
|switch|p1a: Slowbro|Slowbro, M, shiny|394\/394 tox
|turn|38
|
|move|p2a: Chesnaught|Spiky Shield|p2a: Chesnaught
|-singleturn|p2a: Chesnaught|move: Protect
|move|p1a: Slowbro|Psyshock|p2a: Chesnaught
|-activate|p2a: Chesnaught|move: Protect
|
|-heal|p2a: Chesnaught|380\/380|[from] item: Leftovers
|-damage|p1a: Slowbro|370\/394 tox|[from] psn
|turn|39
|
|move|p2a: Chesnaught|Leech Seed|p1a: Slowbro
|-start|p1a: Slowbro|move: Leech Seed
|move|p1a: Slowbro|Psyshock|p2a: Chesnaught
|-supereffective|p2a: Chesnaught
|-damage|p2a: Chesnaught|248\/380
|
|-heal|p2a: Chesnaught|271\/380|[from] item: Leftovers
|-heal|p1a: Slowbro|394\/394 tox|[from] item: Leftovers
|-damage|p1a: Slowbro|345\/394 tox|[from] Leech Seed|[of] p2a: Chesnaught
|-heal|p2a: Chesnaught|320\/380|[silent]
|-damage|p1a: Slowbro|297\/394 tox|[from] psn
|turn|40
|
|move|p2a: Chesnaught|Leech Seed|p1a: Slowbro
|-fail|p1a: Slowbro
|move|p1a: Slowbro|Psyshock|p2a: Chesnaught
|-supereffective|p2a: Chesnaught
|-damage|p2a: Chesnaught|200\/380
|
|-heal|p2a: Chesnaught|223\/380|[from] item: Leftovers
|-heal|p1a: Slowbro|321\/394 tox|[from] item: Leftovers
|-damage|p1a: Slowbro|272\/394 tox|[from] Leech Seed|[of] p2a: Chesnaught
|-heal|p2a: Chesnaught|272\/380|[silent]
|-damage|p1a: Slowbro|200\/394 tox|[from] psn
|turn|41
|
|move|p2a: Chesnaught|Leech Seed|p1a: Slowbro
|-fail|p1a: Slowbro
|move|p1a: Slowbro|Calm Mind|p1a: Slowbro
|-boost|p1a: Slowbro|spa|1
|-boost|p1a: Slowbro|spd|1
|
|-heal|p2a: Chesnaught|295\/380|[from] item: Leftovers
|-heal|p1a: Slowbro|224\/394 tox|[from] item: Leftovers
|-damage|p1a: Slowbro|175\/394 tox|[from] Leech Seed|[of] p2a: Chesnaught
|-heal|p2a: Chesnaught|344\/380|[silent]
|-damage|p1a: Slowbro|79\/394 tox|[from] psn
|turn|42
|
|move|p2a: Chesnaught|Seed Bomb|p1a: Slowbro
|-supereffective|p1a: Slowbro
|-damage|p1a: Slowbro|0 fnt
|faint|p1a: Slowbro
|
|-heal|p2a: Chesnaught|367\/380|[from] item: Leftovers
|
|switch|p1a: Jirachi|Jirachi, shiny|364\/404
|turn|43
|
|move|p1a: Jirachi|Substitute|p1a: Jirachi
|-start|p1a: Jirachi|Substitute
|-damage|p1a: Jirachi|263\/404
|move|p2a: Chesnaught|Taunt|p1a: Jirachi
|-start|p1a: Jirachi|move: Taunt
|
|-heal|p1a: Jirachi|288\/404|[from] item: Leftovers
|-heal|p2a: Chesnaught|380\/380|[from] item: Leftovers
|turn|44
|
|switch|p2a: Florges|Florges, F|337\/360
|-damage|p2a: Florges|292\/360|[from] Stealth Rock
|move|p1a: Jirachi|Psychic|p2a: Florges
|-damage|p2a: Florges|232\/360
|
|-heal|p1a: Jirachi|313\/404|[from] item: Leftovers
|-heal|p2a: Florges|254\/360|[from] item: Leftovers
|turn|45
|
|move|p1a: Jirachi|Thunderbolt|p2a: Florges
|-crit|p2a: Florges
|-damage|p2a: Florges|192\/360
|-status|p2a: Florges|par
|move|p2a: Florges|Wish|p2a: Florges
|
|-heal|p1a: Jirachi|338\/404|[from] item: Leftovers
|-heal|p2a: Florges|214\/360 par|[from] item: Leftovers
|turn|46
|join|AhaAhaAhaAhaAha
|
|move|p1a: Jirachi|Psychic|p2a: Florges
|-damage|p2a: Florges|156\/360 par
|move|p2a: Florges|Moonblast|p1a: Jirachi
|-resisted|p1a: Jirachi
|-activate|p1a: Jirachi|Substitute|[damage]
|
|-heal|p2a: Florges|336\/360 par|[from] move: Wish|[wisher] Florges
|-heal|p1a: Jirachi|363\/404|[from] item: Leftovers
|-heal|p2a: Florges|358\/360 par|[from] item: Leftovers
|-end|p1a: Jirachi|move: Taunt
|turn|47
|
|move|p1a: Jirachi|Calm Mind|p1a: Jirachi
|-boost|p1a: Jirachi|spa|1
|-boost|p1a: Jirachi|spd|1
|move|p2a: Florges|Moonblast|p1a: Jirachi
|-resisted|p1a: Jirachi
|-end|p1a: Jirachi|Substitute
|
|-heal|p1a: Jirachi|388\/404|[from] item: Leftovers
|-heal|p2a: Florges|360\/360 par|[from] item: Leftovers
|turn|48
|chat|dabigboys|gg
|
|move|p1a: Jirachi|Substitute|p1a: Jirachi
|-start|p1a: Jirachi|Substitute
|-damage|p1a: Jirachi|287\/404
|move|p2a: Florges|Moonblast|p1a: Jirachi
|-crit|p1a: Jirachi
|-resisted|p1a: Jirachi
|-activate|p1a: Jirachi|Substitute|[damage]
|
|-heal|p1a: Jirachi|312\/404|[from] item: Leftovers
|turn|49
|chat|reachzero|gg
|
|move|p1a: Jirachi|Calm Mind|p1a: Jirachi
|-boost|p1a: Jirachi|spa|1
|-boost|p1a: Jirachi|spd|1
|cant|p2a: Florges|par
|
|-heal|p1a: Jirachi|337\/404|[from] item: Leftovers
|turn|50
|
|move|p1a: Jirachi|Calm Mind|p1a: Jirachi
|-boost|p1a: Jirachi|spa|1
|-boost|p1a: Jirachi|spd|1
|move|p2a: Florges|Aromatherapy|p2a: Florges
|-cureteam|p2a: Florges|[from] move: Aromatherapy
|
|-heal|p1a: Jirachi|362\/404|[from] item: Leftovers
|turn|51
|
|move|p1a: Jirachi|Calm Mind|p1a: Jirachi
|-boost|p1a: Jirachi|spa|1
|-boost|p1a: Jirachi|spd|1
|move|p2a: Florges|Moonblast|p1a: Jirachi
|-resisted|p1a: Jirachi
|-end|p1a: Jirachi|Substitute
|
|-heal|p1a: Jirachi|387\/404|[from] item: Leftovers
|turn|52
|
|move|p1a: Jirachi|Substitute|p1a: Jirachi
|-start|p1a: Jirachi|Substitute
|-damage|p1a: Jirachi|286\/404
|move|p2a: Florges|Moonblast|p1a: Jirachi
|-resisted|p1a: Jirachi
|-activate|p1a: Jirachi|Substitute|[damage]
|
|-heal|p1a: Jirachi|311\/404|[from] item: Leftovers
|turn|53
|
|move|p1a: Jirachi|Calm Mind|p1a: Jirachi
|-boost|p1a: Jirachi|spa|1
|-boost|p1a: Jirachi|spd|1
|move|p2a: Florges|Moonblast|p1a: Jirachi
|-resisted|p1a: Jirachi
|-activate|p1a: Jirachi|Substitute|[damage]
|
|-heal|p1a: Jirachi|336\/404|[from] item: Leftovers
|turn|54
|
|move|p1a: Jirachi|Calm Mind|p1a: Jirachi
|-boost|p1a: Jirachi|spa|1
|-boost|p1a: Jirachi|spd|1
|move|p2a: Florges|Moonblast|p1a: Jirachi
|-resisted|p1a: Jirachi
|-activate|p1a: Jirachi|Substitute|[damage]
|
|-heal|p1a: Jirachi|361\/404|[from] item: Leftovers
|turn|55
|
|move|p1a: Jirachi|Thunderbolt|p2a: Florges
|-damage|p2a: Florges|196\/360
|move|p2a: Florges|Moonblast|p1a: Jirachi
|-resisted|p1a: Jirachi
|-activate|p1a: Jirachi|Substitute|[damage]
|
|-heal|p1a: Jirachi|386\/404|[from] item: Leftovers
|-heal|p2a: Florges|218\/360|[from] item: Leftovers
|turn|56
|
|move|p1a: Jirachi|Psychic|p2a: Florges
|-damage|p2a: Florges|0 fnt
|faint|p2a: Florges
|
|-heal|p1a: Jirachi|404\/404|[from] item: Leftovers
|
|switch|p2a: Chesnaught|Chesnaught, F, shiny|380\/380
|-damage|p2a: Chesnaught|357\/380|[from] Stealth Rock
|turn|57
|
|move|p1a: Jirachi|Psychic|p2a: Chesnaught
|-crit|p2a: Chesnaught
|-supereffective|p2a: Chesnaught
|-damage|p2a: Chesnaught|0 fnt
|faint|p2a: Chesnaught
|
|win|reachzero
|raw|Ladder updating...
|leave|reachzero
|raw|reachzero's rating: 1443 &rarr; <strong>1462<\/strong><br \/>(+19 for winning)
|raw|dabigboys's rating: 1427 &rarr; <strong>1408<\/strong><br \/>(-19 for losing)
|player|p1
|leave|dabigboys
|player|p2