|join|cp3mvp
|join|reachzero
|player|p1|cp3mvp|1
|player|p2|reachzero|15
|gametype|singles
|gen|6
|tier|UU
|rated
|rule|Sleep Clause Mod: Limit one foe put to sleep
|rule|Species Clause: Limit one of each PokÃ©mon
|rule|OHKO Clause: OHKO moves are banned
|rule|Moody Clause: Moody is banned
|rule|Evasion Moves Clause: Evasion moves are banned
|rule|Endless Battle Clause: Forcing endless battles is banned
|rule|HP Percentage Mod: HP is shown in percentages
|clearpoke
|poke|p1|Honchkrow, M
|poke|p1|Mienshao, M
|poke|p1|Milotic, F
|poke|p1|Ampharos, M
|poke|p1|Nidoking, M
|poke|p1|Forretress, F
|poke|p2|Darmanitan, F
|poke|p2|Suicune
|poke|p2|Chesnaught, M, shiny
|poke|p2|Donphan, F
|poke|p2|Umbreon, F, shiny
|poke|p2|Yanmega, M
|rule|Swagger Clause: Swagger is banned
|rule|Baton Pass Clause: Limit one PokÃ©mon knowing Baton Pass
|teampreview
|
|start
|switch|p1a: Mienshao|Mienshao, M|271\/271
|switch|p2a: Yanmega|Yanmega, M|313\/313
|turn|1
|
|move|p1a: Mienshao|Stone Edge|p2a: Yanmega
|-supereffective|p2a: Yanmega
|-damage|p2a: Yanmega|0 fnt
|faint|p2a: Yanmega
|
|
|switch|p2a: Darmanitan|Darmanitan, F|351\/351
|turn|2
|
|switch|p1a: Milotic|Milotic, F|394\/394
|move|p2a: Darmanitan|U-turn|p1a: Milotic
|-damage|p1a: Milotic|323\/394
|
|switch|p2a: Chesnaught|Chesnaught, M, shiny|380\/380
|
|-heal|p1a: Milotic|347\/394|[from] item: Leftovers
|turn|3
|
|switch|p1a: Forretress|Forretress, F|354\/354
|move|p2a: Chesnaught|Spikes|p1a: Forretress
|-sidestart|p1: cp3mvp|Spikes
|
|turn|4
|
|switch|p2a: Donphan|Donphan, F|384\/384
|move|p1a: Forretress|Stealth Rock|p2a: Donphan
|-sidestart|p2: reachzero|move: Stealth Rock
|
|turn|5
|
|move|p2a: Donphan|Rapid Spin|p1a: Forretress
|-resisted|p1a: Forretress
|-damage|p1a: Forretress|346\/354
|-sideend|p2: reachzero|Stealth Rock|[from] move: Rapid Spin|[of] p2a: Donphan
|move|p1a: Forretress|Rapid Spin|p2a: Donphan
|-damage|p2a: Donphan|372\/384
|-sideend|p1: cp3mvp|Spikes|[from] move: Rapid Spin|[of] p1a: Forretress
|
|-heal|p2a: Donphan|384\/384|[from] item: Leftovers
|-heal|p1a: Forretress|354\/354|[from] item: Leftovers
|turn|6
|
|switch|p1a: Milotic|Milotic, F|347\/394
|move|p2a: Donphan|Stealth Rock|p1a: Milotic
|-sidestart|p1: cp3mvp|move: Stealth Rock
|
|-heal|p1a: Milotic|371\/394|[from] item: Leftovers
|turn|7
|
|switch|p1a: Ampharos|Ampharos, M|357\/357
|-damage|p1a: Ampharos|313\/357|[from] Stealth Rock
|switch|p2a: Chesnaught|Chesnaught, M, shiny|380\/380
|
|turn|8
|
|detailschange|p1a: Ampharos|Ampharos-Mega, M
|message|Ampharos has Mega Evolved into Mega Ampharos!
|-ability|p1a: Ampharos|Mold Breaker
|move|p1a: Ampharos|Volt Switch|p2a: Chesnaught
|-resisted|p2a: Chesnaught
|-damage|p2a: Chesnaught|275\/380
|
|switch|p1a: Forretress|Forretress, F|354\/354
|-damage|p1a: Forretress|310\/354|[from] Stealth Rock
|move|p2a: Chesnaught|Hammer Arm|p1a: Forretress
|-damage|p1a: Forretress|237\/354
|-unboost|p2a: Chesnaught|spe|1
|
|-heal|p1a: Forretress|259\/354|[from] item: Leftovers
|-heal|p2a: Chesnaught|298\/380|[from] item: Leftovers
|turn|9
|
|switch|p2a: Donphan|Donphan, F|384\/384
|move|p1a: Forretress|Stealth Rock|p2a: Donphan
|-sidestart|p2: reachzero|move: Stealth Rock
|
|-heal|p1a: Forretress|281\/354|[from] item: Leftovers
|turn|10
|
|move|p2a: Donphan|Rapid Spin|p1a: Forretress
|-resisted|p1a: Forretress
|-damage|p1a: Forretress|274\/354
|-sideend|p2: reachzero|Stealth Rock|[from] move: Rapid Spin|[of] p2a: Donphan
|move|p1a: Forretress|Rapid Spin|p2a: Donphan
|-damage|p2a: Donphan|372\/384
|-sideend|p1: cp3mvp|Stealth Rock|[from] move: Rapid Spin|[of] p1a: Forretress
|
|-heal|p2a: Donphan|384\/384|[from] item: Leftovers
|-heal|p1a: Forretress|296\/354|[from] item: Leftovers
|turn|11
|
|move|p2a: Donphan|Stealth Rock|p1a: Forretress
|-sidestart|p1: cp3mvp|move: Stealth Rock
|move|p1a: Forretress|Stealth Rock|p2a: Donphan
|-sidestart|p2: reachzero|move: Stealth Rock
|
|-heal|p1a: Forretress|318\/354|[from] item: Leftovers
|turn|12
|
|move|p2a: Donphan|Rapid Spin|p1a: Forretress
|-resisted|p1a: Forretress
|-damage|p1a: Forretress|311\/354
|-sideend|p2: reachzero|Stealth Rock|[from] move: Rapid Spin|[of] p2a: Donphan
|move|p1a: Forretress|Rapid Spin|p2a: Donphan
|-damage|p2a: Donphan|372\/384
|-sideend|p1: cp3mvp|Stealth Rock|[from] move: Rapid Spin|[of] p1a: Forretress
|
|-heal|p2a: Donphan|384\/384|[from] item: Leftovers
|-heal|p1a: Forretress|333\/354|[from] item: Leftovers
|turn|13
|
|switch|p1a: Milotic|Milotic, F|371\/394
|move|p2a: Donphan|Stealth Rock|p1a: Milotic
|-sidestart|p1: cp3mvp|move: Stealth Rock
|
|-heal|p1a: Milotic|394\/394|[from] item: Leftovers
|turn|14
|
|switch|p2a: Suicune|Suicune|404\/404
|-ability|p2a: Suicune|Pressure
|move|p1a: Milotic|Ice Beam|p2a: Suicune
|-resisted|p2a: Suicune
|-damage|p2a: Suicune|370\/404
|
|-heal|p2a: Suicune|395\/404|[from] item: Leftovers
|turn|15
|
|switch|p1a: Ampharos|Ampharos-Mega, M|313\/357
|-damage|p1a: Ampharos|269\/357|[from] Stealth Rock
|-ability|p1a: Ampharos|Mold Breaker
|move|p2a: Suicune|Scald|p1a: Ampharos
|-crit|p1a: Ampharos
|-resisted|p1a: Ampharos
|-damage|p1a: Ampharos|211\/357
|-status|p1a: Ampharos|brn
|
|-heal|p2a: Suicune|404\/404|[from] item: Leftovers
|-damage|p1a: Ampharos|167\/357 brn|[from] brn
|turn|16
|
|switch|p2a: Umbreon|Umbreon, F, shiny|394\/394
|move|p1a: Ampharos|Volt Switch|p2a: Umbreon
|-crit|p2a: Umbreon
|-damage|p2a: Umbreon|238\/394
|
|switch|p1a: Forretress|Forretress, F|333\/354
|-damage|p1a: Forretress|289\/354|[from] Stealth Rock
|
|-heal|p2a: Umbreon|262\/394|[from] item: Leftovers
|-heal|p1a: Forretress|311\/354|[from] item: Leftovers
|turn|17
|
|switch|p2a: Donphan|Donphan, F|384\/384
|move|p1a: Forretress|Toxic Spikes|p2a: Donphan
|-sidestart|p2: reachzero|move: Toxic Spikes
|
|-heal|p1a: Forretress|333\/354|[from] item: Leftovers
|turn|18
|
|move|p2a: Donphan|Rapid Spin|p1a: Forretress
|-resisted|p1a: Forretress
|-damage|p1a: Forretress|326\/354
|-sideend|p2: reachzero|Toxic Spikes|[from] move: Rapid Spin|[of] p2a: Donphan
|move|p1a: Forretress|Rapid Spin|p2a: Donphan
|-damage|p2a: Donphan|373\/384
|-sideend|p1: cp3mvp|Stealth Rock|[from] move: Rapid Spin|[of] p1a: Forretress
|
|-heal|p2a: Donphan|384\/384|[from] item: Leftovers
|-heal|p1a: Forretress|348\/354|[from] item: Leftovers
|turn|19
|
|move|p2a: Donphan|Stealth Rock|p1a: Forretress
|-sidestart|p1: cp3mvp|move: Stealth Rock
|move|p1a: Forretress|Toxic Spikes|p2a: Donphan
|-sidestart|p2: reachzero|move: Toxic Spikes
|
|-heal|p1a: Forretress|354\/354|[from] item: Leftovers
|turn|20
|
|move|p2a: Donphan|Earthquake|p1a: Forretress
|-damage|p1a: Forretress|239\/354
|move|p1a: Forretress|Rapid Spin|p2a: Donphan
|-damage|p2a: Donphan|372\/384
|-sideend|p1: cp3mvp|Stealth Rock|[from] move: Rapid Spin|[of] p1a: Forretress
|
|-heal|p2a: Donphan|384\/384|[from] item: Leftovers
|-heal|p1a: Forretress|261\/354|[from] item: Leftovers
|turn|21
|
|move|p2a: Donphan|Rapid Spin|p1a: Forretress
|-resisted|p1a: Forretress
|-damage|p1a: Forretress|254\/354
|-sideend|p2: reachzero|Toxic Spikes|[from] move: Rapid Spin|[of] p2a: Donphan
|move|p1a: Forretress|Stealth Rock|p2a: Donphan
|-sidestart|p2: reachzero|move: Stealth Rock
|
|-heal|p1a: Forretress|276\/354|[from] item: Leftovers
|turn|22
|
|switch|p1a: Milotic|Milotic, F|394\/394
|move|p2a: Donphan|Rapid Spin|p1a: Milotic
|-damage|p1a: Milotic|373\/394
|-sideend|p2: reachzero|Stealth Rock|[from] move: Rapid Spin|[of] p2a: Donphan
|
|-heal|p1a: Milotic|394\/394|[from] item: Leftovers
|turn|23
|
|switch|p1a: Ampharos|Ampharos-Mega, M|167\/357 brn
|-ability|p1a: Ampharos|Mold Breaker
|switch|p2a: Suicune|Suicune|404\/404
|-ability|p2a: Suicune|Pressure
|
|-damage|p1a: Ampharos|123\/357 brn|[from] brn
|turn|24
|
|move|p2a: Suicune|Calm Mind|p2a: Suicune
|-boost|p2a: Suicune|spa|1
|-boost|p2a: Suicune|spd|1
|move|p1a: Ampharos|Volt Switch|p2a: Suicune
|-supereffective|p2a: Suicune
|-damage|p2a: Suicune|212\/404
|
|switch|p1a: Forretress|Forretress, F|276\/354
|
|-heal|p2a: Suicune|237\/404|[from] item: Leftovers
|-heal|p1a: Forretress|298\/354|[from] item: Leftovers
|turn|25
|
|move|p2a: Suicune|Scald|p1a: Forretress
|-damage|p1a: Forretress|112\/354
|move|p1a: Forretress|Stealth Rock|p2a: Suicune
|-sidestart|p2: reachzero|move: Stealth Rock
|
|-heal|p2a: Suicune|262\/404|[from] item: Leftovers
|-heal|p1a: Forretress|134\/354|[from] item: Leftovers
|turn|26
|
|move|p2a: Suicune|Scald|p1a: Forretress
|-damage|p1a: Forretress|0 fnt
|faint|p1a: Forretress
|
|-heal|p2a: Suicune|287\/404|[from] item: Leftovers
|
|switch|p1a: Ampharos|Ampharos-Mega, M|123\/357 brn
|-ability|p1a: Ampharos|Mold Breaker
|turn|27
|
|switch|p2a: Donphan|Donphan, F|384\/384
|-damage|p2a: Donphan|360\/384|[from] Stealth Rock
|move|p1a: Ampharos|Volt Switch|p2a: Donphan
|-immune|p2a: Donphan|[msg]
|
|-heal|p2a: Donphan|384\/384|[from] item: Leftovers
|-damage|p1a: Ampharos|79\/357 brn|[from] brn
|turn|28
|
|move|p1a: Ampharos|Dragon Pulse|p2a: Donphan
|-damage|p2a: Donphan|86\/384
|move|p2a: Donphan|Stealth Rock|p1a: Ampharos
|-sidestart|p1: cp3mvp|move: Stealth Rock
|
|-heal|p2a: Donphan|110\/384|[from] item: Leftovers
|-damage|p1a: Ampharos|35\/357 brn|[from] brn
|turn|29
|
|move|p1a: Ampharos|Dragon Pulse|p2a: Donphan
|-damage|p2a: Donphan|0 fnt
|faint|p2a: Donphan
|
|-damage|p1a: Ampharos|0 fnt|[from] brn
|faint|p1a: Ampharos
|
|switch|p1a: Mienshao|Mienshao, M|271\/271
|-damage|p1a: Mienshao|255\/271|[from] Stealth Rock
|switch|p2a: Suicune|Suicune|287\/404
|-damage|p2a: Suicune|237\/404|[from] Stealth Rock
|-ability|p2a: Suicune|Pressure
|turn|30
|
|move|p1a: Mienshao|High Jump Kick|p2a: Suicune
|-damage|p2a: Suicune|68\/404
|move|p2a: Suicune|Rest|p2a: Suicune
|-status|p2a: Suicune|slp
|-heal|p2a: Suicune|404\/404 slp|[silent]
|-status|p2a: Suicune|slp|[from] move: Rest
|
|turn|31
|
|move|p1a: Mienshao|High Jump Kick|p2a: Suicune
|-damage|p2a: Suicune|224\/404 slp
|cant|p2a: Suicune|slp
|move|p2a: Suicune|Sleep Talk|p2a: Suicune
|move|p2a: Suicune|Scald|p1a: Mienshao|[from]Sleep Talk
|-damage|p1a: Mienshao|131\/271
|
|-heal|p2a: Suicune|249\/404 slp|[from] item: Leftovers
|turn|32
|
|move|p1a: Mienshao|High Jump Kick|p2a: Suicune|[miss]
|-miss|p1a: Mienshao|p2a: Suicune
|-damage|p1a: Mienshao|0 fnt|[from] highjumpkick
|faint|p1a: Mienshao
|cant|p2a: Suicune|slp
|move|p2a: Suicune|Sleep Talk|p2a: Suicune
|move|p2a: Suicune|Calm Mind|p2a: Suicune|[from]Sleep Talk
|-boost|p2a: Suicune|spa|1
|-boost|p2a: Suicune|spd|1
|
|-heal|p2a: Suicune|274\/404 slp|[from] item: Leftovers
|c|âcp3mvp|.wow
|
|switch|p1a: Honchkrow|Honchkrow, M|341\/341
|-damage|p1a: Honchkrow|256\/341|[from] Stealth Rock
|turn|33
|
|move|p1a: Honchkrow|Brave Bird|p2a: Suicune
|-damage|p2a: Suicune|79\/404 slp
|-damage|p1a: Honchkrow|192\/341|[from] recoil|[of] p2a: Suicune
|-damage|p1a: Honchkrow|158\/341|[from] item: Life Orb
|-curestatus|p2a: Suicune|slp
|move|p2a: Suicune|Scald|p1a: Honchkrow
|-damage|p1a: Honchkrow|0 fnt
|faint|p1a: Honchkrow
|
|-heal|p2a: Suicune|104\/404|[from] item: Leftovers
|
|switch|p1a: Nidoking|Nidoking, M|303\/303
|-damage|p1a: Nidoking|285\/303|[from] Stealth Rock
|turn|34
|
|move|p1a: Nidoking|Sludge Wave|p2a: Suicune
|-damage|p2a: Suicune|0 fnt
|faint|p2a: Suicune
|
|
|switch|p2a: Umbreon|Umbreon, F, shiny|262\/394
|-damage|p2a: Umbreon|213\/394|[from] Stealth Rock
|turn|35
|
|move|p2a: Umbreon|Protect|p2a: Umbreon
|-singleturn|p2a: Umbreon|Protect
|move|p1a: Nidoking|Superpower|p2a: Umbreon
|-activate|p2a: Umbreon|Protect
|
|-heal|p2a: Umbreon|237\/394|[from] item: Leftovers
|turn|36
|
|move|p1a: Nidoking|Superpower|p2a: Umbreon
|-supereffective|p2a: Umbreon
|-damage|p2a: Umbreon|0 fnt
|-unboost|p1a: Nidoking|atk|1
|-unboost|p1a: Nidoking|def|1
|-damage|p1a: Nidoking|255\/303|[from] item: Life Orb
|faint|p2a: Umbreon
|
|
|switch|p2a: Darmanitan|Darmanitan, F|351\/351
|-damage|p2a: Darmanitan|264\/351|[from] Stealth Rock
|turn|37
|join|YEAR OF THE BLOO
|c|âcp3mvp|gets all hax
|c|âcp3mvp|still losses
|c|âcp3mvp|lzll
|
|move|p2a: Darmanitan|Flare Blitz|p1a: Nidoking
|-damage|p1a: Nidoking|0 fnt
|-damage|p2a: Darmanitan|180\/351|[from] recoil|[of] p1a: Nidoking
|faint|p1a: Nidoking
|
|
|switch|p1a: Milotic|Milotic, F|394\/394
|-damage|p1a: Milotic|345\/394|[from] Stealth Rock
|turn|38
|
|move|p2a: Darmanitan|Flare Blitz|p1a: Milotic
|-resisted|p1a: Milotic
|-damage|p1a: Milotic|223\/394
|-damage|p2a: Darmanitan|140\/351|[from] recoil|[of] p1a: Milotic
|move|p1a: Milotic|Scald|p2a: Darmanitan
|-supereffective|p2a: Darmanitan
|-damage|p2a: Darmanitan|0 fnt
|faint|p2a: Darmanitan
|
|-heal|p1a: Milotic|247\/394|[from] item: Leftovers
|
|switch|p2a: Chesnaught|Chesnaught, M, shiny|298\/380
|-damage|p2a: Chesnaught|275\/380|[from] Stealth Rock
|turn|39
|
|move|p1a: Milotic|Ice Beam|p2a: Chesnaught
|-supereffective|p2a: Chesnaught
|-damage|p2a: Chesnaught|99\/380
|move|p2a: Chesnaught|Wood Hammer|p1a: Milotic
|-supereffective|p1a: Milotic
|-damage|p1a: Milotic|0 fnt
|-damage|p2a: Chesnaught|17\/380|[from] recoil|[of] p1a: Milotic
|faint|p1a: Milotic
|
|win|reachzero
|raw|Ladder updating...
|raw|cp3mvp's rating: 1607 &rarr; <strong>1575<\/strong><br \/>(-32 for losing)
|raw|reachzero's rating: 1376 &rarr; <strong>1407<\/strong><br \/>(+31 for winning)
|c|âcp3mvp|wow
|leave|cp3mvp
|player|p1
|c|âreachzero|gg!
|leave|reachzero
|player|p2
|leave|YEAR OF THE BLOO
|join|YEAR OF THE BLOO
|join|cp3mvp
|c|âcp3mvp|;o
|leave|cp3mvp
|join|4trackboy