|join|TewMew
|join|reachzero
|player|p1|TewMew|43
|player|p2|reachzero|219
|gametype|singles
|gen|6
|tier|UU
|rated
|rule|Sleep Clause Mod: Limit one foe put to sleep
|rule|Species Clause: Limit one of each PokÃ©mon
|rule|OHKO Clause: OHKO moves are banned
|rule|Moody Clause: Moody is banned
|rule|Evasion Moves Clause: Evasion moves are banned
|rule|Endless Battle Clause: Forcing endless battles is banned
|rule|HP Percentage Mod: HP is shown in percentages
|clearpoke
|poke|p1|Escavalier, F
|poke|p1|Snorlax, M
|poke|p1|Alomomola, M
|poke|p1|Moltres
|poke|p1|Amoonguss, M
|poke|p1|Diancie
|poke|p2|Magneton
|poke|p2|Serperior, M
|poke|p2|Jirachi
|poke|p2|Mienshao, F, shiny
|poke|p2|Diancie
|poke|p2|Gligar, M, shiny
|rule|Swagger Clause: Swagger is banned
|rule|Baton Pass Clause: Limit one PokÃ©mon knowing Baton Pass
|teampreview
|
|start
|switch|p1a: Amoonguss|Amoonguss, M|429\/429
|switch|p2a: Magneton|Magneton|273\/273
|turn|1
|
|move|p2a: Magneton|Volt Switch|p1a: Amoonguss
|-resisted|p1a: Amoonguss
|-damage|p1a: Amoonguss|330\/429
|
|switch|p2a: Serperior|Serperior, M|297\/297
|move|p1a: Amoonguss|Spore|p2a: Serperior
|-fail|p2a: Serperior
|
|-heal|p1a: Amoonguss|356\/429|[from] item: Black Sludge
|turn|2
|
|move|p2a: Serperior|Glare|p1a: Amoonguss
|-status|p1a: Amoonguss|par
|move|p1a: Amoonguss|Clear Smog|p2a: Serperior
|-supereffective|p2a: Serperior
|-damage|p2a: Serperior|195\/297
|-clearboost|p2a: Serperior
|
|-heal|p2a: Serperior|213\/297|[from] item: Leftovers
|-heal|p1a: Amoonguss|382\/429 par|[from] item: Black Sludge
|turn|3
|
|switch|p2a: Jirachi|Jirachi|404\/404
|move|p1a: Amoonguss|Spore|p2a: Jirachi
|-status|p2a: Jirachi|slp
|
|-heal|p1a: Amoonguss|408\/429 par|[from] item: Black Sludge
|turn|4
|
|cant|p2a: Jirachi|slp
|move|p1a: Amoonguss|Foul Play|p2a: Jirachi
|-supereffective|p2a: Jirachi
|-damage|p2a: Jirachi|210\/404 slp
|
|-heal|p2a: Jirachi|235\/404 slp|[from] item: Leftovers
|-heal|p1a: Amoonguss|429\/429 par|[from] item: Black Sludge
|turn|5
|
|cant|p2a: Jirachi|slp
|move|p1a: Amoonguss|Foul Play|p2a: Jirachi
|-supereffective|p2a: Jirachi
|-damage|p2a: Jirachi|43\/404 slp
|
|-heal|p2a: Jirachi|68\/404 slp|[from] item: Leftovers
|turn|6
|
|cant|p2a: Jirachi|slp
|move|p1a: Amoonguss|Foul Play|p2a: Jirachi
|-supereffective|p2a: Jirachi
|-damage|p2a: Jirachi|0 fnt
|faint|p2a: Jirachi
|
|
|switch|p2a: Magneton|Magneton|273\/273
|turn|7
|
|move|p2a: Magneton|Flash Cannon|p1a: Amoonguss
|-damage|p1a: Amoonguss|182\/429 par
|move|p1a: Amoonguss|Spore|p2a: Magneton
|-status|p2a: Magneton|slp
|
|-heal|p1a: Amoonguss|208\/429 par|[from] item: Black Sludge
|turn|8
|
|switch|p1a: Moltres|Moltres|383\/383
|-ability|p1a: Moltres|Pressure
|cant|p2a: Magneton|slp
|
|turn|9
|
|switch|p2a: Gligar|Gligar, M, shiny|334\/334
|move|p1a: Moltres|Will-O-Wisp|p2a: Gligar
|-status|p2a: Gligar|brn
|
|-damage|p2a: Gligar|293\/334 brn|[from] brn
|turn|10
|
|move|p2a: Gligar|U-turn|p1a: Moltres
|-resisted|p1a: Moltres
|-damage|p1a: Moltres|378\/383
|
|switch|p2a: Diancie|Diancie|241\/241
|move|p1a: Moltres|Flamethrower|p2a: Diancie
|-resisted|p2a: Diancie
|-damage|p2a: Diancie|196\/241
|
|-heal|p1a: Moltres|383\/383|[from] item: Leftovers
|turn|11
|
|switch|p1a: Alomomola|Alomomola, M|533\/533
|detailschange|p2a: Diancie|Diancie-Mega
|-mega|p2a: Diancie|Diancie|Diancite
|move|p2a: Diancie|Diamond Storm|p1a: Alomomola
|-crit|p1a: Alomomola
|-damage|p1a: Alomomola|299\/533
|-boost|p2a: Diancie|def|1
|
|turn|12
|
|switch|p1a: Escavalier|Escavalier, F|343\/343
|move|p2a: Diancie|Moonblast|p1a: Escavalier
|-crit|p1a: Escavalier
|-resisted|p1a: Escavalier
|-damage|p1a: Escavalier|175\/343
|
|-heal|p1a: Escavalier|196\/343|[from] item: Leftovers
|turn|13
|
|switch|p2a: Magneton|Magneton|273\/273 slp
|move|p1a: Escavalier|Iron Head|p2a: Magneton
|-resisted|p2a: Magneton
|-damage|p2a: Magneton|229\/273 slp
|
|-heal|p1a: Escavalier|217\/343|[from] item: Leftovers
|turn|14
|
|cant|p2a: Magneton|slp
|move|p1a: Escavalier|Knock Off|p2a: Magneton
|-damage|p2a: Magneton|86\/273 slp
|-enditem|p2a: Magneton|Choice Specs|[from] move: Knock Off|[of] p1a: Escavalier
|
|-heal|p1a: Escavalier|238\/343|[from] item: Leftovers
|turn|15
|
|cant|p2a: Magneton|slp
|move|p1a: Escavalier|Knock Off|p2a: Magneton
|-damage|p2a: Magneton|0 fnt
|faint|p2a: Magneton
|
|-heal|p1a: Escavalier|259\/343|[from] item: Leftovers
|
|switch|p2a: Serperior|Serperior, M|213\/297
|turn|16
|
|switch|p1a: Moltres|Moltres|383\/383
|-ability|p1a: Moltres|Pressure
|move|p2a: Serperior|Glare|p1a: Moltres
|-status|p1a: Moltres|par
|
|-heal|p2a: Serperior|231\/297|[from] item: Leftovers
|turn|17
|
|switch|p2a: Gligar|Gligar, M, shiny|293\/334 brn
|move|p1a: Moltres|Flamethrower|p2a: Gligar
|-damage|p2a: Gligar|205\/334 brn
|
|-damage|p2a: Gligar|164\/334 brn|[from] brn
|turn|18
|
|move|p2a: Gligar|Earthquake|p1a: Moltres
|-immune|p1a: Moltres|[msg]
|cant|p1a: Moltres|par
|
|-damage|p2a: Gligar|123\/334 brn|[from] brn
|turn|19
|
|move|p2a: Gligar|Earthquake|p1a: Moltres
|-immune|p1a: Moltres|[msg]
|move|p1a: Moltres|Flamethrower|p2a: Gligar
|-damage|p2a: Gligar|26\/334 brn
|
|-damage|p2a: Gligar|0 fnt|[from] brn
|faint|p2a: Gligar
|
|switch|p2a: Diancie|Diancie-Mega|196\/241
|turn|20
|
|switch|p1a: Snorlax|Snorlax, M|493\/493
|move|p2a: Diancie|Diamond Storm|p1a: Snorlax
|-damage|p1a: Snorlax|288\/493
|-boost|p2a: Diancie|def|1
|
|-heal|p1a: Snorlax|318\/493|[from] item: Leftovers
|turn|21
|
|move|p2a: Diancie|Diamond Storm|p1a: Snorlax
|-damage|p1a: Snorlax|101\/493
|move|p1a: Snorlax|Frustration|p2a: Diancie
|-resisted|p2a: Diancie
|-damage|p2a: Diancie|151\/241
|
|-heal|p1a: Snorlax|131\/493|[from] item: Leftovers
|turn|22
|
|move|p2a: Diancie|Moonblast|p1a: Snorlax
|-damage|p1a: Snorlax|0 fnt
|faint|p1a: Snorlax
|
|
|switch|p1a: Escavalier|Escavalier, F|259\/343
|turn|23
|
|move|p2a: Diancie|Diamond Storm|p1a: Escavalier
|-damage|p1a: Escavalier|81\/343
|-boost|p2a: Diancie|def|1
|move|p1a: Escavalier|Iron Head|p2a: Diancie
|-supereffective|p2a: Diancie
|-damage|p2a: Diancie|0 fnt
|faint|p2a: Diancie
|
|-heal|p1a: Escavalier|102\/343|[from] item: Leftovers
|
|switch|p2a: Mienshao|Mienshao, F, shiny|272\/272
|turn|24
|
|move|p2a: Mienshao|Knock Off|p1a: Escavalier
|-damage|p1a: Escavalier|3\/343
|-enditem|p1a: Escavalier|Leftovers|[from] move: Knock Off|[of] p2a: Mienshao
|move|p1a: Escavalier|Iron Head|p2a: Mienshao
|-damage|p2a: Mienshao|38\/272
|
|turn|25
|
|move|p2a: Mienshao|Knock Off|p1a: Escavalier
|-damage|p1a: Escavalier|0 fnt
|faint|p1a: Escavalier
|
|
|switch|p1a: Diancie|Diancie|303\/303
|turn|26
|
|switch|p2a: Serperior|Serperior, M|231\/297
|move|p1a: Diancie|Moonblast|p2a: Serperior
|-damage|p2a: Serperior|116\/297
|
|-heal|p2a: Serperior|134\/297|[from] item: Leftovers
|turn|27
|
|switch|p1a: Moltres|Moltres|383\/383 par
|-ability|p1a: Moltres|Pressure
|move|p2a: Serperior|Leaf Storm|p1a: Moltres|[miss]
|-miss|p2a: Serperior|p1a: Moltres
|
|-heal|p2a: Serperior|152\/297|[from] item: Leftovers
|turn|28
|
|move|p2a: Serperior|Substitute|p2a: Serperior
|-start|p2a: Serperior|Substitute
|-damage|p2a: Serperior|78\/297
|move|p1a: Moltres|Flamethrower|p2a: Serperior
|-supereffective|p2a: Serperior
|-end|p2a: Serperior|Substitute
|
|-heal|p2a: Serperior|96\/297|[from] item: Leftovers
|turn|29
|
|move|p2a: Serperior|Substitute|p2a: Serperior
|-start|p2a: Serperior|Substitute
|-damage|p2a: Serperior|22\/297
|move|p1a: Moltres|Flamethrower|p2a: Serperior
|-supereffective|p2a: Serperior
|-end|p2a: Serperior|Substitute
|
|-heal|p2a: Serperior|40\/297|[from] item: Leftovers
|turn|30
|
|move|p2a: Serperior|Leaf Storm|p1a: Moltres
|-resisted|p1a: Moltres
|-damage|p1a: Moltres|351\/383 par
|-boost|p2a: Serperior|spa|2
|move|p1a: Moltres|Flamethrower|p2a: Serperior
|-supereffective|p2a: Serperior
|-damage|p2a: Serperior|0 fnt
|faint|p2a: Serperior
|
|-heal|p1a: Moltres|374\/383 par|[from] item: Leftovers
|
|switch|p2a: Mienshao|Mienshao, F, shiny|38\/272
|turn|31
|
|move|p2a: Mienshao|Stone Edge|p1a: Moltres|[miss]
|-miss|p2a: Mienshao|p1a: Moltres
|move|p1a: Moltres|Flamethrower|p2a: Mienshao
|-damage|p2a: Mienshao|0 fnt
|faint|p2a: Mienshao
|
|win|TewMew
|raw|Ladder updating...
|raw|TewMew's rating: 1781 &rarr; <strong>1791<\/strong><br \/>(+10 for winning)
|raw|reachzero's rating: 1583 &rarr; <strong>1573<\/strong><br \/>(-10 for losing)
|leave|TewMew
|player|p1