|join|reachzero
|join|stop the madness
|player|p1|reachzero|15
|player|p2|stop the madness|80
|gametype|singles
|tier|UU
|rated
|rule|Sleep Clause Mod: Limit one foe put to sleep
|rule|Species Clause: Limit one of each Pokemon
|rule|OHKO Clause: OHKO moves are banned
|rule|Moody Clause: Moody is banned
|rule|Evasion Moves Clause: Evasion moves are banned
|rule|HP Percentage Mod: HP is reported as percentages
|rule|Evasion Abilities Clause: Evasion abilities are banned
|clearpoke
|poke|p1|Crustle, F, shiny
|poke|p1|Chandelure, F
|poke|p1|Shaymin, shiny
|poke|p1|Slowbro, F, shiny
|poke|p1|Snorlax, M, shiny
|poke|p1|Zapdos, shiny
|poke|p2|Crobat, F
|poke|p2|Snorlax, F
|poke|p2|Empoleon, F
|poke|p2|Slowbro, F
|poke|p2|Rhyperior, M
|poke|p2|Virizion
|teampreview
|callback|decision
|chat|stop the madness|hello
|join|RT.
|
|start
|switch|p1a: Crustle|Crustle, F, shiny|344\/344
|switch|p2a: Crobat|Crobat, F|321\/321
|turn|1
|callback|decision
|
|move|p2a: Crobat|U-turn|p1a: Crustle
|-damage|p1a: Crustle|263\/344
|callback|decision
|join|Barba Atun
|
|switch|p2a: Empoleon|Empoleon, F|319\/319
|move|p1a: Crustle|Stone Edge|p2a: Empoleon
|-resisted|p2a: Empoleon
|-damage|p2a: Empoleon|232\/319
|
|turn|2
|callback|decision
|
|switch|p2a: Crobat|Crobat, F|321\/321
|switch|p1a: Shaymin|Shaymin, shiny|361\/361
|
|turn|3
|callback|decision
|
|switch|p1a: Zapdos|Zapdos, shiny|383\/383
|-ability|p1a: Zapdos|Pressure
|move|p2a: Crobat|U-turn|p1a: Zapdos
|-resisted|p1a: Zapdos
|-damage|p1a: Zapdos|330\/383
|callback|decision
|
|switch|p2a: Rhyperior|Rhyperior, M|433\/433
|
|-heal|p1a: Zapdos|353\/383|[from] item: Leftovers
|turn|4
|callback|decision
|join|PTJon7
|
|switch|p1a: Shaymin|Shaymin, shiny|361\/361
|move|p2a: Rhyperior|Stealth Rock|p1a: Shaymin
|-sidestart|p1: reachzero|move: Stealth Rock
|
|turn|5
|callback|decision
|chat|PTJon7|has the stream stopped?
|
|switch|p2a: Crobat|Crobat, F|321\/321
|move|p1a: Shaymin|Substitute|p1a: Shaymin
|-start|p1a: Shaymin|Substitute
|-damage|p1a: Shaymin|271\/361
|
|-heal|p1a: Shaymin|293\/361|[from] item: Leftovers
|turn|6
|callback|decision
|
|move|p2a: Crobat|U-turn|p1a: Shaymin
|-supereffective|p1a: Shaymin
|-end|p1a: Shaymin|Substitute
|callback|decision
|
|switch|p2a: Virizion|Virizion|324\/324
|move|p1a: Shaymin|Leech Seed|p2a: Virizion
|-immune|p2a: Virizion|[msg]
|
|-heal|p1a: Shaymin|315\/361|[from] item: Leftovers
|turn|7
|callback|decision
|
|move|p2a: Virizion|Swords Dance|p2a: Virizion
|-boost|p2a: Virizion|atk|2
|move|p1a: Shaymin|Psychic|p2a: Virizion
|-supereffective|p2a: Virizion
|-damage|p2a: Virizion|192\/324
|-unboost|p2a: Virizion|spd|1
|
|-heal|p1a: Shaymin|337\/361|[from] item: Leftovers
|turn|8
|callback|decision
|join|DMT
|
|move|p2a: Virizion|Close Combat|p1a: Shaymin
|-damage|p1a: Shaymin|25\/361
|-unboost|p2a: Virizion|def|1
|-unboost|p2a: Virizion|spd|1
|move|p1a: Shaymin|Psychic|p2a: Virizion
|-supereffective|p2a: Virizion
|-damage|p2a: Virizion|0 fnt
|faint|p2a: Virizion
|
|-heal|p1a: Shaymin|47\/361|[from] item: Leftovers
|callback|decision
|join|ScarfedGaryBusey
|
|switch|p2a: Crobat|Crobat, F|321\/321
|turn|9
|callback|decision
|
|move|p2a: Crobat|U-turn|p1a: Shaymin
|-supereffective|p1a: Shaymin
|-damage|p1a: Shaymin|0 fnt
|faint|p1a: Shaymin
|callback|decision
|
|switch|p2a: Empoleon|Empoleon, F|232\/319
|
|callback|decision
|
|switch|p1a: Chandelure|Chandelure, F|301\/301
|-damage|p1a: Chandelure|226\/301|[from] Stealth Rock
|turn|10
|callback|decision
|
|move|p1a: Chandelure|Hidden Power|p2a: Empoleon
|-supereffective|p2a: Empoleon
|-damage|p2a: Empoleon|0 fnt
|faint|p2a: Empoleon
|
|callback|decision
|
|switch|p2a: Slowbro|Slowbro, F|394\/394
|turn|11
|callback|decision
|
|switch|p1a: Slowbro|Slowbro, F, shiny|394\/394
|-damage|p1a: Slowbro|345\/394|[from] Stealth Rock
|move|p2a: Slowbro|Toxic|p1a: Slowbro
|-status|p1a: Slowbro|tox
|
|-damage|p1a: Slowbro|321\/394 tox|[from] psn
|turn|12
|callback|decision
|
|move|p2a: Slowbro|Scald|p1a: Slowbro
|-resisted|p1a: Slowbro
|-damage|p1a: Slowbro|263\/394 tox
|move|p1a: Slowbro|Signal Beam|p2a: Slowbro
|-supereffective|p2a: Slowbro
|-damage|p2a: Slowbro|88\/394
|
|-heal|p2a: Slowbro|112\/394|[from] item: Leftovers
|-damage|p1a: Slowbro|215\/394 tox|[from] psn
|turn|13
|callback|decision
|
|switch|p1a: Crustle|Crustle, F, shiny|263\/344
|-damage|p1a: Crustle|177\/344|[from] Stealth Rock
|switch|p2a: Crobat|Crobat, F|321\/321
|
|turn|14
|callback|decision
|
|move|p2a: Crobat|Brave Bird|p1a: Crustle
|-damage|p1a: Crustle|0 fnt
|-damage|p2a: Crobat|263\/321|[from] recoil|[of] p1a: Crustle
|faint|p1a: Crustle
|
|callback|decision
|leave|DMT
|
|switch|p1a: Slowbro|Slowbro, F, shiny|346\/394 tox
|-damage|p1a: Slowbro|297\/394 tox|[from] Stealth Rock
|turn|15
|callback|decision
|
|switch|p2a: Snorlax|Snorlax, F|461\/461
|move|p1a: Slowbro|Scald|p2a: Snorlax
|-damage|p2a: Snorlax|305\/461
|
|-heal|p2a: Snorlax|333\/461|[from] item: Leftovers
|-damage|p1a: Slowbro|273\/394 tox|[from] psn
|turn|16
|callback|decision
|
|move|p2a: Snorlax|Protect|p2a: Snorlax
|-singleturn|p2a: Snorlax|Protect
|move|p1a: Slowbro|Scald|p2a: Snorlax
|-activate|p2a: Snorlax|Protect
|
|-heal|p2a: Snorlax|361\/461|[from] item: Leftovers
|-damage|p1a: Slowbro|225\/394 tox|[from] psn
|turn|17
|callback|decision
|
|move|p2a: Snorlax|Pursuit|p1a: Slowbro
|-supereffective|p1a: Slowbro
|-damage|p1a: Slowbro|137\/394 tox
|move|p1a: Slowbro|Scald|p2a: Snorlax
|-damage|p2a: Snorlax|207\/461
|
|-heal|p2a: Snorlax|235\/461|[from] item: Leftovers
|-damage|p1a: Slowbro|65\/394 tox|[from] psn
|turn|18
|callback|decision
|
|move|p2a: Snorlax|Pursuit|p1a: Slowbro|[from]Pursuit
|-supereffective|p1a: Slowbro
|-damage|p1a: Slowbro|0 fnt
|faint|p1a: Slowbro
|
|-heal|p2a: Snorlax|263\/461|[from] item: Leftovers
|callback|decision
|
|switch|p1a: Snorlax|Snorlax, M, shiny|461\/461
|-damage|p1a: Snorlax|404\/461|[from] Stealth Rock
|turn|19
|callback|decision
|
|switch|p2a: Rhyperior|Rhyperior, M|433\/433
|move|p1a: Snorlax|Body Slam|p2a: Rhyperior
|-resisted|p2a: Rhyperior
|-damage|p2a: Rhyperior|372\/433
|
|-heal|p2a: Rhyperior|399\/433|[from] item: Leftovers
|-heal|p1a: Snorlax|432\/461|[from] item: Leftovers
|turn|20
|callback|decision
|
|move|p2a: Rhyperior|Earthquake|p1a: Snorlax
|-damage|p1a: Snorlax|198\/461
|move|p1a: Snorlax|Earthquake|p2a: Rhyperior
|-supereffective|p2a: Rhyperior
|-damage|p2a: Rhyperior|263\/433
|
|-heal|p2a: Rhyperior|290\/433|[from] item: Leftovers
|-heal|p1a: Snorlax|226\/461|[from] item: Leftovers
|turn|21
|callback|decision
|
|move|p2a: Rhyperior|Rock Blast|p1a: Snorlax|[miss]
|-miss|p2a: Rhyperior|p1a: Snorlax
|move|p1a: Snorlax|Earthquake|p2a: Rhyperior
|-supereffective|p2a: Rhyperior
|-damage|p2a: Rhyperior|155\/433
|
|-heal|p2a: Rhyperior|182\/433|[from] item: Leftovers
|-heal|p1a: Snorlax|254\/461|[from] item: Leftovers
|turn|22
|callback|decision
|leave|PTJon7
|
|switch|p2a: Crobat|Crobat, F|263\/321
|move|p1a: Snorlax|Earthquake|p2a: Crobat
|-immune|p2a: Crobat|[msg]
|
|-heal|p1a: Snorlax|282\/461|[from] item: Leftovers
|turn|23
|callback|decision
|
|move|p2a: Crobat|Brave Bird|p1a: Snorlax
|-damage|p1a: Snorlax|0 fnt
|-damage|p2a: Crobat|170\/321|[from] recoil|[of] p1a: Snorlax
|faint|p1a: Snorlax
|
|callback|decision
|chat|Barba Atun|cb?
|
|switch|p1a: Zapdos|Zapdos, shiny|353\/383
|-damage|p1a: Zapdos|258\/383|[from] Stealth Rock
|-ability|p1a: Zapdos|Pressure
|turn|24
|callback|decision
|chat|stop the madness|take a guess
|chat|Barba Atun|\/me explodes
|
|switch|p2a: Rhyperior|Rhyperior, M|182\/433
|switch|p1a: Chandelure|Chandelure, F|226\/301
|-damage|p1a: Chandelure|151\/301|[from] Stealth Rock
|
|-heal|p2a: Rhyperior|209\/433|[from] item: Leftovers
|turn|25
|callback|decision
|
|switch|p2a: Slowbro|Slowbro, F|243\/394
|move|p1a: Chandelure|Hidden Power|p2a: Slowbro
|-resisted|p2a: Slowbro
|-damage|p2a: Slowbro|149\/394
|
|-heal|p2a: Slowbro|173\/394|[from] item: Leftovers
|turn|26
|callback|decision
|join|Pokemazter
|leave|ScarfedGaryBusey
|chat|stop the madness|gg reach
|chat|reachzero|gg
|chat|Barba Atun|its obious that is scarf to oustspeed other crobats a_a
|chat|reachzero|this team is probably irredeemable
|chat|reachzero|I'll just junk it and start over
|chat|reachzero|lol
|
|move|p1a: Chandelure|Hidden Power|p2a: Slowbro
|-resisted|p2a: Slowbro
|-damage|p2a: Slowbro|84\/394
|move|p2a: Slowbro|Toxic|p1a: Chandelure
|-status|p1a: Chandelure|tox
|
|-heal|p2a: Slowbro|108\/394|[from] item: Leftovers
|-damage|p1a: Chandelure|133\/301 tox|[from] psn
|turn|27
|callback|decision
|chat|stop the madness|whats the zap set?
|chat|Pokemazter|put lefties on lax if you havent yet
|chat|Pokemazter|and see if that helps
|chat|reachzero|it has lefties
|chat|reachzero|lol
|
|move|p1a: Chandelure|Hidden Power|p2a: Slowbro
|-resisted|p2a: Slowbro
|-damage|p2a: Slowbro|20\/394
|move|p2a: Slowbro|Slack Off|p2a: Slowbro
|-heal|p2a: Slowbro|217\/394
|
|-heal|p2a: Slowbro|241\/394|[from] item: Leftovers
|-damage|p1a: Chandelure|97\/301 tox|[from] psn
|turn|28
|callback|decision
|
|switch|p1a: Zapdos|Zapdos, shiny|258\/383
|-damage|p1a: Zapdos|163\/383|[from] Stealth Rock
|-ability|p1a: Zapdos|Pressure
|move|p2a: Slowbro|Toxic|p1a: Zapdos
|-status|p1a: Zapdos|tox
|
|-heal|p1a: Zapdos|186\/383 tox|[from] item: Leftovers
|-heal|p2a: Slowbro|265\/394|[from] item: Leftovers
|-damage|p1a: Zapdos|163\/383 tox|[from] psn
|turn|29
|callback|decision
|chat|Pokemazter|oh I thought you said it was CB during the stream
|chat|reachzero|Zap is Tbolt\/HP Flying\/Roar\/Roost
|chat|Barba Atun|which stream ?
|chat|reachzero|I needed to get hazards down
|chat|reachzero|really badly
|chat|Barba Atun|claydol
|chat|stop the madness|this is moose btw
|
|switch|p2a: Rhyperior|Rhyperior, M|209\/433
|move|p1a: Zapdos|Hidden Power|p2a: Rhyperior
|-resisted|p2a: Rhyperior
|-damage|p2a: Rhyperior|153\/433
|
|-heal|p1a: Zapdos|186\/383 tox|[from] item: Leftovers
|-heal|p2a: Rhyperior|180\/433|[from] item: Leftovers
|-damage|p1a: Zapdos|140\/383 tox|[from] psn
|turn|30
|callback|decision
|
|move|p1a: Zapdos|Hidden Power|p2a: Rhyperior
|-resisted|p2a: Rhyperior
|-damage|p2a: Rhyperior|124\/433
|move|p2a: Rhyperior|Rock Blast|p1a: Zapdos
|-crit|p1a: Zapdos
|-supereffective|p1a: Zapdos
|-damage|p1a: Zapdos|0 fnt
|-hitcount|p1a: Zapdos|1
|faint|p1a: Zapdos
|
|-heal|p2a: Rhyperior|151\/433|[from] item: Leftovers
|callback|decision
|
|switch|p1a: Chandelure|Chandelure, F|97\/301 tox
|-damage|p1a: Chandelure|22\/301 tox|[from] Stealth Rock
|turn|31
|callback|decision
|leave|Barba Atun
|
|switch|p2a: Snorlax|Snorlax, F|263\/461
|move|p1a: Chandelure|Fire Blast|p2a: Snorlax
|-damage|p2a: Snorlax|119\/461
|
|-heal|p2a: Snorlax|147\/461|[from] item: Leftovers
|-damage|p1a: Chandelure|4\/301 tox|[from] psn
|turn|32
|callback|decision
|
|move|p1a: Chandelure|Fire Blast|p2a: Snorlax|[miss]
|-miss|p1a: Chandelure|p2a: Snorlax
|move|p2a: Snorlax|Pursuit|p1a: Chandelure
|-supereffective|p1a: Chandelure
|-damage|p1a: Chandelure|0 fnt
|faint|p1a: Chandelure
|
|win|stop the madness
|raw|Ladder updating...
|join|Lunaciel
|raw|reachzero's rating: 1821 &rarr; <strong>1814<\/strong><br \/>(-7 for losing)
|raw|stop the madness's rating: 1977 &rarr; <strong>1980<\/strong><br \/>(+3 for winning)
|leave|Lunaciel
|leave|reachzero
|player|p1