|join|JabbaTheGriffin
|join|reachzero
|player|p1|JabbaTheGriffin|101
|player|p2|reachzero|15
|gametype|singles
|tier|UU
|rule|Sleep Clause Mod: Limit one foe put to sleep
|rule|Species Clause: Limit one of each Pokemon
|rule|OHKO Clause: OHKO moves are banned
|rule|Moody Clause: Moody is banned
|rule|Evasion Moves Clause: Evasion moves are banned
|rule|HP Percentage Mod: HP is reported as percentages
|rule|Evasion Abilities Clause: Evasion abilities are banned
|clearpoke
|poke|p1|Meloetta
|poke|p1|Roserade, M
|poke|p1|Nidoking, M
|poke|p1|Blastoise, F
|poke|p1|Victini
|poke|p1|Gligar, M
|poke|p2|Mienshao, M, shiny
|poke|p2|Qwilfish, F
|poke|p2|Swampert, F, shiny
|poke|p2|Snorlax, M
|poke|p2|Zapdos
|poke|p2|Mew, shiny
|teampreview
|callback|decision
|
|start
|switch|p1a: Victini|Victini|341\/341
|switch|p2a: Mienshao|Mienshao, M, shiny|271\/271
|turn|1
|callback|decision
|
|move|p2a: Mienshao|U-turn|p1a: Victini
|-damage|p1a: Victini|241\/341
|-damage|p2a: Mienshao|244\/271|[from] item: Life Orb
|callback|decision
|
|switch|p2a: Snorlax|Snorlax, M|461\/461
|move|p1a: Victini|Zen Headbutt|p2a: Snorlax
|-damage|p2a: Snorlax|229\/461
|
|-heal|p2a: Snorlax|257\/461|[from] item: Leftovers
|turn|2
|callback|decision
|
|move|p1a: Victini|Zen Headbutt|p2a: Snorlax
|-crit|p2a: Snorlax
|-damage|p2a: Snorlax|0 fnt
|faint|p2a: Snorlax
|
|callback|decision
|chat|JabbaTheGriffin|:\/
|
|switch|p2a: Mienshao|Mienshao, M, shiny|271\/271
|turn|3
|callback|decision
|
|switch|p1a: Gligar|Gligar, M|334\/334
|move|p2a: Mienshao|Stone Edge|p1a: Gligar
|-damage|p1a: Gligar|268\/334
|-damage|p2a: Mienshao|244\/271|[from] item: Life Orb
|
|turn|4
|callback|decision
|join|Ernesto_1.3
|
|switch|p1a: Blastoise|Blastoise, F|362\/362
|move|p2a: Mienshao|Hidden Power|p1a: Blastoise
|-resisted|p1a: Blastoise
|-damage|p1a: Blastoise|328\/362
|-damage|p2a: Mienshao|217\/271|[from] item: Life Orb
|
|-heal|p1a: Blastoise|350\/362|[from] item: Leftovers
|turn|5
|callback|decision
|join|nooberboober
|chat|JabbaTheGriffin|oh whoops
|chat|JabbaTheGriffin|oh well
|chat|JabbaTheGriffin|don't have the right move
|
|move|p2a: Mienshao|Hi Jump Kick|p1a: Blastoise
|-damage|p1a: Blastoise|147\/362
|-damage|p2a: Mienshao|190\/271|[from] item: Life Orb
|move|p1a: Blastoise|Surf|p2a: Mienshao
|-damage|p2a: Mienshao|25\/271
|
|-heal|p1a: Blastoise|169\/362|[from] item: Leftovers
|turn|6
|callback|decision
|
|switch|p2a: Zapdos|Zapdos|341\/341
|-ability|p2a: Zapdos|Pressure
|move|p1a: Blastoise|Surf|p2a: Zapdos
|-damage|p2a: Zapdos|241\/341
|
|-heal|p2a: Zapdos|262\/341|[from] item: Leftovers
|-heal|p1a: Blastoise|191\/362|[from] item: Leftovers
|turn|7
|callback|decision
|
|switch|p1a: Roserade|Roserade, M|324\/324
|move|p2a: Zapdos|Hidden Power|p1a: Roserade
|-resisted|p1a: Roserade
|-damage|p1a: Roserade|311\/324
|
|-heal|p2a: Zapdos|283\/341|[from] item: Leftovers
|-heal|p1a: Roserade|324\/324|[from] item: Leftovers
|turn|8
|callback|decision
|
|move|p2a: Zapdos|Heat Wave|p1a: Roserade
|-supereffective|p1a: Roserade
|-damage|p1a: Roserade|162\/324
|-status|p1a: Roserade|brn
|move|p1a: Roserade|Spikes|p2a: Zapdos
|-sidestart|p2: reachzero|Spikes
|
|-heal|p2a: Zapdos|304\/341|[from] item: Leftovers
|-heal|p1a: Roserade|182\/324 brn|[from] item: Leftovers
|-damage|p1a: Roserade|142\/324 brn|[from] brn
|turn|9
|callback|decision
|
|move|p2a: Zapdos|Heat Wave|p1a: Roserade
|-supereffective|p1a: Roserade
|-damage|p1a: Roserade|0 fnt
|faint|p1a: Roserade
|
|-heal|p2a: Zapdos|325\/341|[from] item: Leftovers
|callback|decision
|
|switch|p1a: Gligar|Gligar, M|268\/334
|turn|10
|callback|decision
|
|switch|p2a: Qwilfish|Qwilfish, F|334\/334
|-damage|p2a: Qwilfish|293\/334|[from] Spikes
|-ability|p2a: Qwilfish|Intimidate|[of] p1a: Gligar
|-fail|p1a: Gligar|unboost|Attack|[from] ability: Hyper Cutter|[of] p1a: Gligar
|move|p1a: Gligar|Stealth Rock|p2a: Qwilfish
|-sidestart|p2: reachzero|move: Stealth Rock
|
|-heal|p2a: Qwilfish|313\/334|[from] item: Leftovers
|turn|11
|callback|decision
|chat|reachzero|lol
|chat|reachzero|not immunity
|chat|JabbaTheGriffin|aw yeah
|chat|JabbaTheGriffin|can't cut me
|
|move|p2a: Qwilfish|Waterfall|p1a: Gligar
|-supereffective|p1a: Gligar
|-damage|p1a: Gligar|188\/334
|move|p1a: Gligar|Earthquake|p2a: Qwilfish
|-supereffective|p2a: Qwilfish
|-damage|p2a: Qwilfish|125\/334
|
|-heal|p2a: Qwilfish|145\/334|[from] item: Leftovers
|turn|12
|callback|decision
|
|move|p2a: Qwilfish|Spikes|p1a: Gligar
|-sidestart|p1: JabbaTheGriffin|Spikes
|move|p1a: Gligar|Earthquake|p2a: Qwilfish
|-supereffective|p2a: Qwilfish
|-damage|p2a: Qwilfish|0 fnt
|faint|p2a: Qwilfish
|
|callback|decision
|
|switch|p2a: Mienshao|Mienshao, M, shiny|115\/271
|-damage|p2a: Mienshao|82\/271|[from] Spikes
|-damage|p2a: Mienshao|66\/271|[from] Stealth Rock
|turn|13
|callback|decision
|
|switch|p1a: Blastoise|Blastoise, F|191\/362
|-damage|p1a: Blastoise|146\/362|[from] Spikes
|move|p2a: Mienshao|Hidden Power|p1a: Blastoise
|-resisted|p1a: Blastoise
|-damage|p1a: Blastoise|116\/362
|-damage|p2a: Mienshao|39\/271|[from] item: Life Orb
|
|-heal|p1a: Blastoise|138\/362|[from] item: Leftovers
|turn|14
|callback|decision
|
|switch|p1a: Gligar|Gligar, M|188\/334
|move|p2a: Mienshao|Hi Jump Kick|p1a: Gligar|[miss]
|-miss|p2a: Mienshao|p1a: Gligar
|-damage|p2a: Mienshao|0 fnt|[from] hijumpkick
|faint|p2a: Mienshao
|
|callback|decision
|chat|reachzero|^ why I hate Mienshao
|
|switch|p2a: Swampert|Swampert, F, shiny|404\/404
|-damage|p2a: Swampert|354\/404|[from] Spikes
|-damage|p2a: Swampert|329\/404|[from] Stealth Rock
|turn|15
|callback|decision
|
|move|p1a: Gligar|U-turn|p2a: Swampert
|-damage|p2a: Swampert|294\/404
|callback|decision
|
|switch|p1a: Blastoise|Blastoise, F|138\/362
|-damage|p1a: Blastoise|93\/362|[from] Spikes
|move|p2a: Swampert|Scald|p1a: Blastoise
|-crit|p1a: Blastoise
|-resisted|p1a: Blastoise
|-damage|p1a: Blastoise|19\/362
|
|-heal|p1a: Blastoise|41\/362|[from] item: Leftovers
|-heal|p2a: Swampert|319\/404|[from] item: Leftovers
|turn|16
|callback|decision
|
|move|p1a: Blastoise|Surf|p2a: Swampert
|-damage|p2a: Swampert|169\/404
|move|p2a: Swampert|Earthquake|p1a: Blastoise
|-damage|p1a: Blastoise|0 fnt
|faint|p1a: Blastoise
|
|-heal|p2a: Swampert|194\/404|[from] item: Leftovers
|callback|decision
|
|switch|p1a: Meloetta|Meloetta|404\/404
|-damage|p1a: Meloetta|354\/404|[from] Spikes
|turn|17
|callback|decision
|
|move|p1a: Meloetta|Calm Mind|p1a: Meloetta
|-boost|p1a: Meloetta|spa|1
|-boost|p1a: Meloetta|spd|1
|move|p2a: Swampert|Stealth Rock|p1a: Meloetta
|-sidestart|p1: JabbaTheGriffin|move: Stealth Rock
|
|-heal|p1a: Meloetta|379\/404|[from] item: Leftovers
|-heal|p2a: Swampert|219\/404|[from] item: Leftovers
|turn|18
|callback|decision
|
|move|p1a: Meloetta|Psychic|p2a: Swampert
|-damage|p2a: Swampert|11\/404
|-unboost|p2a: Swampert|spd|1
|move|p2a: Swampert|Roar|p1a: Meloetta
|drag|p1a: Gligar|Gligar, M|188\/334
|-damage|p1a: Gligar|147\/334|[from] Stealth Rock
|
|-heal|p2a: Swampert|36\/404|[from] item: Leftovers
|turn|19
|callback|decision
|join|Teapot
|
|move|p1a: Gligar|U-turn|p2a: Swampert
|-damage|p2a: Swampert|4\/404
|callback|decision
|chat|Ernesto_1.3|lol
|
|switch|p1a: Meloetta|Meloetta|379\/404
|-damage|p1a: Meloetta|329\/404|[from] Spikes
|-damage|p1a: Meloetta|279\/404|[from] Stealth Rock
|move|p2a: Swampert|Scald|p1a: Meloetta
|-damage|p1a: Meloetta|183\/404
|
|-heal|p1a: Meloetta|208\/404|[from] item: Leftovers
|-heal|p2a: Swampert|29\/404|[from] item: Leftovers
|turn|20
|callback|decision
|chat|Teapot|what game is this
|chat|reachzero|a burn would have helped there
|chat|reachzero|a lot
|chat|reachzero|haha
|chat|Ernesto_1.3|Pokemon
|
|move|p1a: Meloetta|Psychic|p2a: Swampert
|-damage|p2a: Swampert|0 fnt
|faint|p2a: Swampert
|
|-heal|p1a: Meloetta|233\/404|[from] item: Leftovers
|callback|decision
|chat|Teapot|ty ernesto you're the best
|
|switch|p2a: Mew|Mew, shiny|404\/404
|-damage|p2a: Mew|354\/404|[from] Spikes
|-damage|p2a: Mew|304\/404|[from] Stealth Rock
|turn|21
|callback|decision
|chat|Ernesto_1.3|np
|
|move|p2a: Mew|Will-O-Wisp|p1a: Meloetta
|-status|p1a: Meloetta|brn
|move|p1a: Meloetta|Calm Mind|p1a: Meloetta
|-boost|p1a: Meloetta|spa|1
|-boost|p1a: Meloetta|spd|1
|
|-heal|p2a: Mew|329\/404|[from] item: Leftovers
|-heal|p1a: Meloetta|258\/404 brn|[from] item: Leftovers
|-damage|p1a: Meloetta|208\/404 brn|[from] brn
|turn|22
|callback|decision
|
|move|p2a: Mew|Taunt|p1a: Meloetta
|-start|p1a: Meloetta|move: Taunt
|move|p1a: Meloetta|Hyper Voice|p2a: Mew
|-damage|p2a: Mew|194\/404
|
|-heal|p2a: Mew|219\/404|[from] item: Leftovers
|-heal|p1a: Meloetta|233\/404 brn|[from] item: Leftovers
|-damage|p1a: Meloetta|183\/404 brn|[from] brn
|turn|23
|callback|decision
|
|switch|p1a: Victini|Victini|241\/341
|-damage|p1a: Victini|156\/341|[from] Stealth Rock
|-damage|p1a: Victini|114\/341|[from] Spikes
|move|p2a: Mew|Softboiled|p2a: Mew
|-heal|p2a: Mew|404\/404
|
|turn|24
|callback|decision
|
|move|p1a: Victini|V-create|p2a: Mew
|-damage|p2a: Mew|19\/404
|-unboost|p1a: Victini|def|1
|-unboost|p1a: Victini|spd|1
|-unboost|p1a: Victini|spe|1
|move|p2a: Mew|Psyshock|p1a: Victini
|-resisted|p1a: Victini
|-damage|p1a: Victini|40\/341
|
|-heal|p2a: Mew|44\/404|[from] item: Leftovers
|turn|25
|callback|decision
|
|move|p2a: Mew|Psyshock|p1a: Victini
|-resisted|p1a: Victini
|-damage|p1a: Victini|0 fnt
|faint|p1a: Victini
|
|-heal|p2a: Mew|69\/404|[from] item: Leftovers
|callback|decision
|
|switch|p1a: Nidoking|Nidoking, M|304\/304
|-damage|p1a: Nidoking|266\/304|[from] Spikes
|-damage|p1a: Nidoking|247\/304|[from] Stealth Rock
|turn|26
|callback|decision
|join|GET SHOOK
|
|move|p1a: Nidoking|Ice Beam|p2a: Mew
|-damage|p2a: Mew|0 fnt
|faint|p2a: Mew
|
|callback|decision
|
|switch|p2a: Zapdos|Zapdos|325\/341
|-damage|p2a: Zapdos|240\/341|[from] Stealth Rock
|-ability|p2a: Zapdos|Pressure
|turn|27
|callback|decision
|chat|reachzero|gg
|
|move|p1a: Nidoking|Ice Beam|p2a: Zapdos
|-supereffective|p2a: Zapdos
|-damage|p2a: Zapdos|10\/341
|move|p2a: Zapdos|Heat Wave|p1a: Nidoking
|-damage|p1a: Nidoking|93\/304
|
|-heal|p2a: Zapdos|31\/341|[from] item: Leftovers
|turn|28
|callback|decision
|chat|JabbaTheGriffin|gg
|
|move|p1a: Nidoking|Ice Beam|p2a: Zapdos
|-supereffective|p2a: Zapdos
|-damage|p2a: Zapdos|0 fnt
|faint|p2a: Zapdos
|
|win|JabbaTheGriffin
|leave|nooberboober
|leave|JabbaTheGriffin
|player|p1