|join|DisastrousFutility
|join|Alt0927
|player|p1|DisastrousFutility|248
|player|p2|Alt0927|3
|gametype|singles
|gen|6
|tier|OU
|rated
|clearpoke
|poke|p1|Manaphy
|poke|p1|Amoonguss, M
|poke|p1|Heatran, M
|poke|p1|Gothitelle, F
|poke|p1|Mandibuzz, F
|poke|p1|Lopunny, F
|poke|p2|Volcarona, F
|poke|p2|Rhyperior, F
|poke|p2|Tangrowth, F
|poke|p2|Latios, M
|poke|p2|Keldeo
|poke|p2|Gardevoir, F
|rule|Swagger Clause: Swagger is banned
|rule|Baton Pass Clause: Limit one PokÃ©mon knowing Baton Pass
|rule|Sleep Clause Mod: Limit one foe put to sleep
|rule|Species Clause: Limit one of each PokÃ©mon
|rule|OHKO Clause: OHKO moves are banned
|rule|Moody Clause: Moody is banned
|rule|Evasion Moves Clause: Evasion moves are banned
|rule|Endless Battle Clause: Forcing endless battles is banned
|rule|HP Percentage Mod: HP is shown in percentages
|teampreview
|
|start
|switch|p1a: Lopunny|Lopunny, F|271\/271
|switch|p2a: Rhyperior|Rhyperior, F|434\/434
|turn|1
|
|detailschange|p1a: Lopunny|Lopunny-Mega, F
|message|Lopunny has Mega Evolved into Mega Lopunny!
|move|p1a: Lopunny|Fake Out|p2a: Rhyperior
|-resisted|p2a: Rhyperior
|-damage|p2a: Rhyperior|410\/434
|cant|p2a: Rhyperior|flinch
|
|-heal|p2a: Rhyperior|434\/434|[from] item: Leftovers
|turn|2
|
|switch|p1a: Manaphy|Manaphy|403\/403
|move|p2a: Rhyperior|Earthquake|p1a: Manaphy
|-damage|p1a: Manaphy|280\/403
|
|-heal|p1a: Manaphy|305\/403|[from] item: Leftovers
|turn|3
|
|switch|p2a: Tangrowth|Tangrowth, F|403\/403
|move|p1a: Manaphy|Scald|p2a: Tangrowth
|-resisted|p2a: Tangrowth
|-damage|p2a: Tangrowth|370\/403
|
|-heal|p1a: Manaphy|330\/403|[from] item: Leftovers
|turn|4
|
|switch|p1a: Gothitelle|Gothitelle, F|301\/301
|move|p2a: Tangrowth|Earthquake|p1a: Gothitelle
|-damage|p1a: Gothitelle|213\/301
|
|turn|5
|
|move|p1a: Gothitelle|Trick|p2a: Tangrowth
|-activate|p1a: Gothitelle|move: Trick|[of] p2a: Tangrowth
|-item|p2a: Tangrowth|Choice Scarf|[from] move: Trick
|-item|p1a: Gothitelle|Assault Vest|[from] move: Trick
|move|p2a: Tangrowth|Earthquake|p1a: Gothitelle
|-damage|p1a: Gothitelle|132\/301
|
|turn|6
|
|switch|p1a: Krakatoa|Heatran, M|385\/385
|-item|p1a: Krakatoa|Air Balloon
|move|p2a: Tangrowth|Earthquake|p1a: Krakatoa
|-immune|p1a: Krakatoa|[msg]
|
|turn|7
|
|switch|p2a: Rhyperior|Rhyperior, F|434\/434
|move|p1a: Krakatoa|Toxic|p2a: Rhyperior
|-status|p2a: Rhyperior|tox
|
|-damage|p2a: Rhyperior|407\/434 tox|[from] psn
|turn|8
|
|move|p1a: Krakatoa|Taunt|p2a: Rhyperior
|-start|p2a: Rhyperior|move: Taunt
|cant|p2a: Rhyperior|move: Taunt|Stealth Rock
|
|-heal|p2a: Rhyperior|434\/434 tox|[from] item: Leftovers
|-damage|p2a: Rhyperior|380\/434 tox|[from] psn
|turn|9
|
|switch|p2a: Keldeo|Keldeo|323\/323
|move|p1a: Krakatoa|Stealth Rock|p2a: Keldeo
|-sidestart|p2: Alt0927|move: Stealth Rock
|
|turn|10
|
|switch|p2a: Latios|Latios, M|298\/298
|-damage|p2a: Latios|261\/298|[from] Stealth Rock
|switch|p1a: Grasloch|Amoonguss, M|432\/432
|
|turn|11
|
|switch|p1a: Mandibuzz|Mandibuzz, F|423\/423
|move|p2a: Latios|Defog|p1a: Mandibuzz
|-unboost|p1a: Mandibuzz|evasion|1
|-sideend|p2: Alt0927|Stealth Rock|[from] move: Defog|[of] p2a: Latios
|
|turn|12
|
|switch|p2a: Gardevoir|Gardevoir, F|277\/277
|-ability|p2a: Gardevoir|Overcoat|[from] ability: Trace|[of] p1a: Mandibuzz
|move|p1a: Mandibuzz|Foul Play|p2a: Gardevoir
|-damage|p2a: Gardevoir|180\/277
|
|turn|13
|
|switch|p1a: Grasloch|Amoonguss, M|432\/432
|detailschange|p2a: Gardevoir|Gardevoir-Mega, F
|message|Gardevoir has Mega Evolved into Mega Gardevoir!
|move|p2a: Gardevoir|Focus Blast|p1a: Grasloch|[miss]
|-miss|p2a: Gardevoir|p1a: Grasloch
|
|turn|14
|
|move|p2a: Gardevoir|Focus Blast|p1a: Grasloch|[miss]
|-miss|p2a: Gardevoir|p1a: Grasloch
|move|p1a: Grasloch|Spore|p2a: Gardevoir
|-status|p2a: Gardevoir|slp
|
|turn|15
|
|switch|p2a: Rhyperior|Rhyperior, F|380\/434 tox
|switch|p1a: Lopunny|Lopunny-Mega, F|271\/271
|
|-heal|p2a: Rhyperior|407\/434 tox|[from] item: Leftovers
|-damage|p2a: Rhyperior|380\/434 tox|[from] psn
|turn|16
|
|move|p1a: Lopunny|High Jump Kick|p2a: Rhyperior
|-supereffective|p2a: Rhyperior
|-damage|p2a: Rhyperior|136\/434 tox
|move|p2a: Rhyperior|Stealth Rock|p1a: Lopunny
|-sidestart|p1: DisastrousFutility|move: Stealth Rock
|
|-heal|p2a: Rhyperior|163\/434 tox|[from] item: Leftovers
|-damage|p2a: Rhyperior|109\/434 tox|[from] psn
|turn|17
|
|move|p1a: Lopunny|Ice Punch|p2a: Rhyperior
|-supereffective|p2a: Rhyperior
|-damage|p2a: Rhyperior|16\/434 tox
|move|p2a: Rhyperior|Earthquake|p1a: Lopunny
|-damage|p1a: Lopunny|100\/271
|
|-heal|p2a: Rhyperior|43\/434 tox|[from] item: Leftovers
|-damage|p2a: Rhyperior|0 fnt|[from] psn
|faint|p2a: Rhyperior
|c|âDisastrousFutility|.
|
|switch|p2a: Keldeo|Keldeo|323\/323
|turn|18
|c|âAlt0927|?
|c|âDisastrousFutility|idk why I'm surprised
|c|âDisastrousFutility|it's a rhyperior
|
|switch|p1a: Grasloch|Amoonguss, M|432\/432
|-damage|p1a: Grasloch|378\/432|[from] Stealth Rock
|move|p2a: Keldeo|Scald|p1a: Grasloch
|-resisted|p1a: Grasloch
|-damage|p1a: Grasloch|304\/432
|
|-heal|p1a: Grasloch|331\/432|[from] item: Black Sludge
|turn|19
|
|switch|p2a: Volcarona|Volcarona, F|373\/373
|switch|p1a: Krakatoa|Heatran, M|385\/385
|-damage|p1a: Krakatoa|337\/385|[from] Stealth Rock
|-item|p1a: Krakatoa|Air Balloon
|
|turn|20
|
|switch|p2a: Gardevoir|Gardevoir-Mega, F|180\/277 slp
|move|p1a: Krakatoa|Stealth Rock|p2a: Gardevoir
|-sidestart|p2: Alt0927|move: Stealth Rock
|
|turn|21
|
|cant|p2a: Gardevoir|slp
|move|p1a: Krakatoa|Fire Blast|p2a: Gardevoir
|-damage|p2a: Gardevoir|44\/277 slp
|
|turn|22
|
|cant|p2a: Gardevoir|slp
|move|p1a: Krakatoa|Fire Blast|p2a: Gardevoir
|-crit|p2a: Gardevoir
|-damage|p2a: Gardevoir|0 fnt
|faint|p2a: Gardevoir
|
|
|switch|p2a: Keldeo|Keldeo|323\/323
|-damage|p2a: Keldeo|303\/323|[from] Stealth Rock
|turn|23
|
|switch|p1a: Gothitelle|Gothitelle, F|132\/301
|-damage|p1a: Gothitelle|95\/301|[from] Stealth Rock
|move|p2a: Keldeo|Scald|p1a: Gothitelle
|-damage|p1a: Gothitelle|1\/301
|
|turn|24
|
|move|p2a: Keldeo|Scald|p1a: Gothitelle
|-damage|p1a: Gothitelle|0 fnt
|faint|p1a: Gothitelle
|
|c|âDisastrousFutility|k
|c|âDisastrousFutility|scarfed
|
|switch|p1a: Manaphy|Manaphy|330\/403
|-damage|p1a: Manaphy|280\/403|[from] Stealth Rock
|turn|25
|c|âAlt0927|you tricked your scarf
|
|switch|p2a: Tangrowth|Tangrowth, F|403\/403
|-damage|p2a: Tangrowth|353\/403|[from] Stealth Rock
|move|p1a: Manaphy|Rain Dance|p1a: Manaphy
|-weather|RainDance
|
|-weather|RainDance|[upkeep]
|-heal|p1a: Manaphy|305\/403|[from] item: Leftovers
|turn|26
|c|âDisastrousFutility|ik
|c|âDisastrousFutility|that's why I lived
|
|switch|p1a: Grasloch|Amoonguss, M|432\/432
|-damage|p1a: Grasloch|378\/432|[from] Stealth Rock
|move|p2a: Tangrowth|Leaf Storm|p1a: Grasloch
|-resisted|p1a: Grasloch
|-damage|p1a: Grasloch|333\/432
|-unboost|p2a: Tangrowth|spa|2
|
|-weather|RainDance|[upkeep]
|-heal|p1a: Grasloch|360\/432|[from] item: Black Sludge
|turn|27
|
|switch|p2a: Volcarona|Volcarona, F|373\/373
|-damage|p2a: Volcarona|187\/373|[from] Stealth Rock
|switch|p1a: Lopunny|Lopunny-Mega, F|100\/271
|-damage|p1a: Lopunny|84\/271|[from] Stealth Rock
|
|-weather|RainDance|[upkeep]
|-heal|p2a: Volcarona|210\/373|[from] item: Leftovers
|turn|28
|
|move|p1a: Lopunny|Return|p2a: Volcarona
|-damage|p2a: Volcarona|0 fnt
|faint|p2a: Volcarona
|
|-weather|RainDance|[upkeep]
|
|switch|p2a: Keldeo|Keldeo|303\/323
|-damage|p2a: Keldeo|283\/323|[from] Stealth Rock
|turn|29
|
|switch|p2a: Latios|Latios, M|261\/298
|-damage|p2a: Latios|224\/298|[from] Stealth Rock
|switch|p1a: Grasloch|Amoonguss, M|432\/432
|-damage|p1a: Grasloch|378\/432|[from] Stealth Rock
|
|-weather|none
|-heal|p1a: Grasloch|405\/432|[from] item: Black Sludge
|turn|30
|
|switch|p1a: Krakatoa|Heatran, M|337\/385
|-damage|p1a: Krakatoa|289\/385|[from] Stealth Rock
|-item|p1a: Krakatoa|Air Balloon
|move|p2a: Latios|Psyshock|p1a: Krakatoa
|-resisted|p1a: Krakatoa
|-damage|p1a: Krakatoa|203\/385
|-enditem|p1a: Krakatoa|Air Balloon
|-damage|p2a: Latios|195\/298|[from] item: Life Orb
|
|turn|31
|
|move|p2a: Latios|Earthquake|p1a: Krakatoa
|-supereffective|p1a: Krakatoa
|-damage|p1a: Krakatoa|0 fnt
|-damage|p2a: Latios|166\/298|[from] item: Life Orb
|faint|p1a: Krakatoa
|
|
|switch|p1a: Lopunny|Lopunny-Mega, F|84\/271
|-damage|p1a: Lopunny|68\/271|[from] Stealth Rock
|turn|32
|
|switch|p2a: Tangrowth|Tangrowth, F|403\/403
|-damage|p2a: Tangrowth|353\/403|[from] Stealth Rock
|move|p1a: Lopunny|Return|p2a: Tangrowth
|-damage|p2a: Tangrowth|193\/403
|
|turn|33
|c|âDisastrousFutility|all these heatran killers
|
|switch|p1a: Mandibuzz|Mandibuzz, F|423\/423
|-damage|p1a: Mandibuzz|318\/423|[from] Stealth Rock
|move|p2a: Tangrowth|Earthquake|p1a: Mandibuzz
|-immune|p1a: Mandibuzz|[msg]
|
|-heal|p1a: Mandibuzz|344\/423|[from] item: Leftovers
|turn|34
|
|switch|p1a: Grasloch|Amoonguss, M|432\/432
|-damage|p1a: Grasloch|378\/432|[from] Stealth Rock
|switch|p2a: Keldeo|Keldeo|283\/323
|-damage|p2a: Keldeo|263\/323|[from] Stealth Rock
|
|-heal|p1a: Grasloch|405\/432|[from] item: Black Sludge
|turn|35
|
|switch|p2a: Tangrowth|Tangrowth, F|327\/403
|-damage|p2a: Tangrowth|277\/403|[from] Stealth Rock
|move|p1a: Grasloch|Spore|p2a: Tangrowth
|-fail|p2a: Tangrowth
|
|-heal|p1a: Grasloch|432\/432|[from] item: Black Sludge
|turn|36
|
|switch|p2a: Latios|Latios, M|166\/298
|-damage|p2a: Latios|129\/298|[from] Stealth Rock
|move|p1a: Grasloch|Spore|p2a: Latios
|-status|p2a: Latios|slp
|
|turn|37
|
|switch|p1a: Lopunny|Lopunny-Mega, F|68\/271
|-damage|p1a: Lopunny|52\/271|[from] Stealth Rock
|cant|p2a: Latios|slp
|
|turn|38
|
|switch|p2a: Tangrowth|Tangrowth, F|403\/403
|-damage|p2a: Tangrowth|353\/403|[from] Stealth Rock
|move|p1a: Lopunny|Return|p2a: Tangrowth
|-damage|p2a: Tangrowth|196\/403
|
|turn|39
|
|move|p1a: Lopunny|Ice Punch|p2a: Tangrowth
|-supereffective|p2a: Tangrowth
|-damage|p2a: Tangrowth|48\/403
|move|p2a: Tangrowth|Hidden Power|p1a: Lopunny
|-damage|p1a: Lopunny|0 fnt
|faint|p1a: Lopunny
|
|
|switch|p1a: Manaphy|Manaphy|305\/403
|-damage|p1a: Manaphy|255\/403|[from] Stealth Rock
|turn|40
|
|switch|p2a: Keldeo|Keldeo|263\/323
|-damage|p2a: Keldeo|243\/323|[from] Stealth Rock
|move|p1a: Manaphy|Rain Dance|p1a: Manaphy
|-weather|RainDance
|
|-weather|RainDance|[upkeep]
|-heal|p1a: Manaphy|280\/403|[from] item: Leftovers
|turn|41
|
|move|p2a: Keldeo|Secret Sword|p1a: Manaphy
|-crit|p1a: Manaphy
|-damage|p1a: Manaphy|130\/403
|move|p1a: Manaphy|Tail Glow|p1a: Manaphy
|-boost|p1a: Manaphy|spa|3
|
|-weather|RainDance|[upkeep]
|-heal|p1a: Manaphy|155\/403|[from] item: Leftovers
|turn|42
|
|move|p2a: Keldeo|Secret Sword|p1a: Manaphy
|-damage|p1a: Manaphy|55\/403
|move|p1a: Manaphy|Rest|p1a: Manaphy
|-status|p1a: Manaphy|slp
|-heal|p1a: Manaphy|403\/403 slp|[silent]
|-status|p1a: Manaphy|slp|[from] move: Rest
|
|-weather|RainDance|[upkeep]
|-curestatus|p1a: Manaphy|slp
|turn|43
|
|move|p2a: Keldeo|Secret Sword|p1a: Manaphy
|-crit|p1a: Manaphy
|-damage|p1a: Manaphy|249\/403
|move|p1a: Manaphy|Tail Glow|p1a: Manaphy
|-boost|p1a: Manaphy|spa|3
|
|-weather|RainDance|[upkeep]
|-heal|p1a: Manaphy|274\/403|[from] item: Leftovers
|turn|44
|
|move|p2a: Keldeo|Secret Sword|p1a: Manaphy
|-crit|p1a: Manaphy
|-damage|p1a: Manaphy|97\/403
|move|p1a: Manaphy|Scald|p2a: Keldeo
|-resisted|p2a: Keldeo
|-damage|p2a: Keldeo|0 fnt
|faint|p2a: Keldeo
|
|-weather|none
|-heal|p1a: Manaphy|122\/403|[from] item: Leftovers
|
|switch|p2a: Latios|Latios, M|129\/298 slp
|-damage|p2a: Latios|92\/298 slp|[from] Stealth Rock
|turn|45
|
|cant|p2a: Latios|slp
|move|p1a: Manaphy|Scald|p2a: Latios
|-resisted|p2a: Latios
|-damage|p2a: Latios|0 fnt
|faint|p2a: Latios
|
|-heal|p1a: Manaphy|147\/403|[from] item: Leftovers
|-message|Alt0927 forfeited.
|
|win|DisastrousFutility
|raw|Ladder updating...
|leave|Alt0927
|player|p2