|join|Cosine180
|join|Alt0927
|player|p1|Cosine180|33
|player|p2|Alt0927|225
|gametype|singles
|gen|6
|tier|OU
|rated
|clearpoke
|poke|p1|Sableye, M
|poke|p1|Gliscor, F
|poke|p1|Clefable, F
|poke|p1|Gothitelle, M
|poke|p1|Tyranitar, M
|poke|p1|Tentacruel, M
|poke|p2|Absol, F
|poke|p2|Gothitelle, F
|poke|p2|Starmie
|poke|p2|Heatran, M
|poke|p2|Breloom, F
|poke|p2|Latios, M
|rule|Swagger Clause: Swagger is banned
|rule|Baton Pass Clause: Limit one PokÃ©mon knowing Baton Pass
|rule|Sleep Clause Mod: Limit one foe put to sleep
|rule|Species Clause: Limit one of each PokÃ©mon
|rule|OHKO Clause: OHKO moves are banned
|rule|Moody Clause: Moody is banned
|rule|Evasion Moves Clause: Evasion moves are banned
|rule|Endless Battle Clause: Forcing endless battles is banned
|rule|HP Percentage Mod: HP is shown in percentages
|teampreview
|
|start
|switch|p1a: Gliscor|Gliscor, F|354\/354
|switch|p2a: Heatran|Heatran, M|323\/323
|-item|p2a: Heatran|Air Balloon
|turn|1
|join|Hustlepuff
|
|switch|p1a: Tyranitar|Tyranitar, M|342\/342
|-weather|Sandstorm
|move|p2a: Heatran|Stealth Rock|p1a: Tyranitar
|-sidestart|p1: Cosine180|move: Stealth Rock
|
|-weather|Sandstorm|[upkeep]
|turn|2
|
|move|p1a: Tyranitar|Pursuit|p2a: Heatran
|-damage|p2a: Heatran|259\/323
|-enditem|p2a: Heatran|Air Balloon
|move|p2a: Heatran|Magma Storm|p1a: Tyranitar
|-resisted|p1a: Tyranitar
|-damage|p1a: Tyranitar|279\/342
|-activate|p1a: Tyranitar|move: Magma Storm|[of] p2a: Heatran
|
|-weather|Sandstorm|[upkeep]
|-damage|p1a: Tyranitar|237\/342|[from] move: Magma Storm|[partiallytrapped]
|turn|3
|
|move|p1a: Tyranitar|Pursuit|p2a: Heatran
|-damage|p2a: Heatran|183\/323
|move|p2a: Heatran|Earth Power|p1a: Tyranitar
|-supereffective|p1a: Tyranitar
|-damage|p1a: Tyranitar|91\/342
|-unboost|p1a: Tyranitar|spd|1
|
|-weather|Sandstorm|[upkeep]
|-damage|p1a: Tyranitar|49\/342|[from] move: Magma Storm|[partiallytrapped]
|turn|4
|
|move|p1a: Tyranitar|Pursuit|p2a: Heatran
|-damage|p2a: Heatran|108\/323
|move|p2a: Heatran|Earth Power|p1a: Tyranitar
|-supereffective|p1a: Tyranitar
|-damage|p1a: Tyranitar|0 fnt
|faint|p1a: Tyranitar
|
|-weather|Sandstorm|[upkeep]
|
|switch|p1a: Tentacruel|Tentacruel, M|363\/363
|-damage|p1a: Tentacruel|318\/363|[from] Stealth Rock
|turn|5
|
|switch|p2a: Gothitelle|Gothitelle, F|301\/301
|move|p1a: Tentacruel|Rapid Spin|p2a: Gothitelle
|-damage|p2a: Gothitelle|289\/301
|-sideend|p1: Cosine180|Stealth Rock|[from] move: Rapid Spin|[of] p1a: Tentacruel
|
|-weather|none
|-heal|p1a: Tentacruel|340\/363|[from] item: Black Sludge
|turn|6
|
|move|p2a: Gothitelle|Psyshock|p1a: Tentacruel
|-supereffective|p1a: Tentacruel
|-damage|p1a: Tentacruel|26\/363
|move|p1a: Tentacruel|Knock Off|p2a: Gothitelle
|-supereffective|p2a: Gothitelle
|-damage|p2a: Gothitelle|185\/301
|-enditem|p2a: Gothitelle|Choice Scarf|[from] move: Knock Off|[of] p1a: Tentacruel
|
|-heal|p1a: Tentacruel|48\/363|[from] item: Black Sludge
|turn|7
|
|move|p2a: Gothitelle|Psyshock|p1a: Tentacruel
|-supereffective|p1a: Tentacruel
|-damage|p1a: Tentacruel|0 fnt
|faint|p1a: Tentacruel
|
|
|switch|p1a: Gliscor|Gliscor, F|354\/354
|turn|8
|
|move|p2a: Gothitelle|Trick|p1a: Gliscor
|-activate|p2a: Gothitelle|move: Trick|[of] p1a: Gliscor
|-item|p2a: Gothitelle|Toxic Orb|[from] move: Trick
|move|p1a: Gliscor|Taunt|p2a: Gothitelle
|-start|p2a: Gothitelle|move: Taunt
|
|-status|p2a: Gothitelle|tox|[from] item: Toxic Orb
|turn|9
|
|switch|p2a: Starmie|Starmie|261\/261
|move|p1a: Gliscor|Earthquake|p2a: Starmie
|-crit|p2a: Starmie
|-damage|p2a: Starmie|74\/261
|
|turn|10
|
|switch|p1a: Clefable|Clefable, F|394\/394
|move|p2a: Starmie|Hydro Pump|p1a: Clefable
|-damage|p1a: Clefable|124\/394
|-damage|p2a: Starmie|48\/261|[from] item: Life Orb
|
|-heal|p1a: Clefable|148\/394|[from] item: Leftovers
|turn|11
|
|move|p2a: Starmie|Hydro Pump|p1a: Clefable
|-damage|p1a: Clefable|0 fnt
|-damage|p2a: Starmie|22\/261|[from] item: Life Orb
|faint|p1a: Clefable
|
|
|switch|p1a: Gliscor|Gliscor, F|354\/354
|turn|12
|
|move|p2a: Starmie|Hydro Pump|p1a: Gliscor
|-crit|p1a: Gliscor
|-supereffective|p1a: Gliscor
|-damage|p1a: Gliscor|0 fnt
|-damage|p2a: Starmie|0 fnt|[from] item: Life Orb
|faint|p1a: Gliscor
|faint|p2a: Starmie
|
|
|switch|p2a: Absol|Absol, F|271\/271
|switch|p1a: Gothitelle|Gothitelle, M|301\/301
|turn|13
|
|switch|p1a: Sableye|Sableye, M|304\/304
|detailschange|p2a: Absol|Absol-Mega, F
|message|Absol has Mega Evolved into Mega Absol!
|move|p2a: Absol|Sucker Punch|p1a: Sableye
|-fail|p1a: Sableye
|
|turn|14
|
|move|p1a: Sableye|Calm Mind|p1a: Sableye
|-boost|p1a: Sableye|spa|1
|-boost|p1a: Sableye|spd|1
|move|p2a: Absol|Play Rough|p1a: Sableye
|-supereffective|p1a: Sableye
|-damage|p1a: Sableye|112\/304
|
|turn|15
|-message|Cosine180 forfeited.
|
|win|Alt0927
|raw|Ladder updating...
|leave|Cosine180
|player|p1
|raw|Cosine180's rating: 1688 &rarr; <strong>1663<\/strong><br \/>(-25 for losing)
|raw|Alt0927's rating: 1599 &rarr; <strong>1624<\/strong><br \/>(+25 for winning)