|join|ReimannZ
|join|Alt0927
|player|p1|ReimannZ|102
|player|p2|Alt0927|189
|gametype|singles
|gen|6
|tier|OU
|rated
|clearpoke
|poke|p1|Heatran, M
|poke|p1|Alomomola, M
|poke|p1|Sableye, F
|poke|p1|Gourgeist-*, M
|poke|p1|Quagsire, M
|poke|p1|Jellicent, M
|poke|p2|Venusaur, F
|poke|p2|Mew
|poke|p2|Heatran, M
|poke|p2|Manaphy
|poke|p2|Weavile, M
|poke|p2|Empoleon, F
|rule|Swagger Clause: Swagger is banned
|rule|Baton Pass Clause: Limit one PokÃ©mon knowing Baton Pass
|rule|Sleep Clause Mod: Limit one foe put to sleep
|rule|Species Clause: Limit one of each PokÃ©mon
|rule|OHKO Clause: OHKO moves are banned
|rule|Moody Clause: Moody is banned
|rule|Evasion Moves Clause: Evasion moves are banned
|rule|Endless Battle Clause: Forcing endless battles is banned
|rule|HP Percentage Mod: HP is shown in percentages
|teampreview
|
|start
|switch|p1a: Sableye|Sableye, F|303\/303
|switch|p2a: Heatran|Heatran, M|330\/330
|turn|1
|
|detailschange|p1a: Sableye|Sableye-Mega, F
|-mega|p1a: Sableye|Sableye|Sablenite
|move|p1a: Sableye|Calm Mind|p1a: Sableye
|-boost|p1a: Sableye|spa|1
|-boost|p1a: Sableye|spd|1
|move|p2a: Heatran|Fire Blast|p1a: Sableye
|-damage|p1a: Sableye|204\/303
|
|turn|2
|
|move|p2a: Heatran|Fire Blast|p1a: Sableye
|-damage|p1a: Sableye|108\/303
|move|p1a: Sableye|Calm Mind|p1a: Sableye
|-boost|p1a: Sableye|spa|1
|-boost|p1a: Sableye|spd|1
|
|turn|3
|
|move|p2a: Heatran|Fire Blast|p1a: Sableye
|-damage|p1a: Sableye|30\/303
|move|p1a: Sableye|Recover|p1a: Sableye
|-heal|p1a: Sableye|182\/303
|
|turn|4
|
|switch|p2a: Empoleon|Empoleon, F|372\/372
|move|p1a: Sableye|Recover|p1a: Sableye
|-heal|p1a: Sableye|303\/303
|
|turn|5
|
|move|p2a: Empoleon|Scald|p1a: Sableye
|-damage|p1a: Sableye|264\/303
|move|p1a: Sableye|Will-O-Wisp|p2a: Empoleon
|-status|p2a: Empoleon|brn
|
|-damage|p2a: Empoleon|326\/372 brn|[from] brn
|turn|6
|
|move|p2a: Empoleon|Scald|p1a: Sableye
|-damage|p1a: Sableye|228\/303
|move|p1a: Sableye|Calm Mind|p1a: Sableye
|-boost|p1a: Sableye|spa|1
|-boost|p1a: Sableye|spd|1
|
|-heal|p2a: Empoleon|349\/372 brn|[from] item: Leftovers
|-damage|p2a: Empoleon|303\/372 brn|[from] brn
|turn|7
|
|move|p2a: Empoleon|Scald|p1a: Sableye
|-damage|p1a: Sableye|200\/303
|move|p1a: Sableye|Dark Pulse|p2a: Empoleon
|-damage|p2a: Empoleon|99\/372 brn
|
|-heal|p2a: Empoleon|122\/372 brn|[from] item: Leftovers
|-damage|p2a: Empoleon|76\/372 brn|[from] brn
|turn|8
|
|move|p2a: Empoleon|Scald|p1a: Sableye
|-crit|p1a: Sableye
|-damage|p1a: Sableye|34\/303
|-status|p1a: Sableye|brn
|move|p1a: Sableye|Dark Pulse|p2a: Empoleon
|-damage|p2a: Empoleon|0 fnt
|faint|p2a: Empoleon
|
|-damage|p1a: Sableye|0 fnt|[from] brn
|faint|p1a: Sableye
|
|switch|p2a: Mew|Mew|404\/404
|switch|p1a: Heatran|Heatran, M|385\/385
|turn|9
|
|move|p2a: Mew|Taunt|p1a: Heatran
|-start|p1a: Heatran|move: Taunt
|move|p1a: Heatran|Lava Plume|p2a: Mew
|-damage|p2a: Mew|310\/404
|-status|p2a: Mew|brn
|
|-heal|p2a: Mew|335\/404 brn|[from] item: Leftovers
|-damage|p2a: Mew|285\/404 brn|[from] brn
|turn|10
|
|move|p2a: Mew|Knock Off|p1a: Heatran
|-damage|p1a: Heatran|347\/385
|-enditem|p1a: Heatran|Leftovers|[from] move: Knock Off|[of] p2a: Mew
|move|p1a: Heatran|Earth Power|p2a: Mew
|-damage|p2a: Mew|214\/404 brn
|
|-heal|p2a: Mew|239\/404 brn|[from] item: Leftovers
|-damage|p2a: Mew|189\/404 brn|[from] brn
|turn|11
|
|move|p2a: Mew|Soft-Boiled|p2a: Mew
|-heal|p2a: Mew|391\/404 brn
|move|p1a: Heatran|Lava Plume|p2a: Mew
|-damage|p2a: Mew|286\/404 brn
|
|-heal|p2a: Mew|311\/404 brn|[from] item: Leftovers
|-damage|p2a: Mew|261\/404 brn|[from] brn
|-end|p1a: Heatran|move: Taunt
|turn|12
|
|switch|p2a: Manaphy|Manaphy|392\/392
|move|p1a: Heatran|Lava Plume|p2a: Manaphy
|-resisted|p2a: Manaphy
|-damage|p2a: Manaphy|328\/392
|
|-heal|p2a: Manaphy|352\/392|[from] item: Leftovers
|turn|13
|
|switch|p2a: Weavile|Weavile, M|279\/279
|-ability|p2a: Weavile|Pressure
|switch|p1a: Gourgeist-Super|Gourgeist-Super, M|374\/374
|-item|p2a: Weavile|Life Orb|[from] ability: Frisk|[of] p1a: Gourgeist-Super|[identify]
|
|turn|14
|
|switch|p2a: Heatran|Heatran, M|330\/330
|move|p1a: Gourgeist-Super|Will-O-Wisp|p2a: Heatran
|-start|p2a: Heatran|ability: Flash Fire
|
|turn|15
|
|switch|p1a: Jellicent|Jellicent, M|404\/404
|move|p2a: Heatran|Earth Power|p1a: Jellicent
|-damage|p1a: Jellicent|335\/404
|
|-heal|p1a: Jellicent|360\/404|[from] item: Leftovers
|turn|16
|
|switch|p2a: Weavile|Weavile, M|279\/279
|-ability|p2a: Weavile|Pressure
|move|p1a: Jellicent|Scald|p2a: Weavile
|-damage|p2a: Weavile|176\/279
|
|-heal|p1a: Jellicent|385\/404|[from] item: Leftovers
|turn|17
|
|move|p2a: Weavile|Pursuit|p1a: Jellicent|[from]Pursuit
|-supereffective|p1a: Jellicent
|-damage|p1a: Jellicent|0 fnt
|-damage|p2a: Weavile|149\/279|[from] item: Life Orb
|faint|p1a: Jellicent
|
|
|switch|p1a: Alomomola|Alomomola, M|533\/533
|turn|18
|
|switch|p2a: Manaphy|Manaphy|352\/392
|move|p1a: Alomomola|Scald|p2a: Manaphy
|-crit|p2a: Manaphy
|-resisted|p2a: Manaphy
|-damage|p2a: Manaphy|316\/392
|-status|p2a: Manaphy|brn
|
|-heal|p2a: Manaphy|340\/392 brn|[from] item: Leftovers
|-damage|p2a: Manaphy|291\/392 brn|[from] brn
|turn|19
|
|switch|p1a: Gourgeist-Super|Gourgeist-Super, M|374\/374
|-item|p2a: Manaphy|Leftovers|[from] ability: Frisk|[of] p1a: Gourgeist-Super|[identify]
|move|p2a: Manaphy|Tail Glow|p2a: Manaphy
|-boost|p2a: Manaphy|spa|3
|
|-heal|p2a: Manaphy|315\/392 brn|[from] item: Leftovers
|-damage|p2a: Manaphy|266\/392 brn|[from] brn
|turn|20
|
|move|p2a: Manaphy|Ice Beam|p1a: Gourgeist-Super
|-supereffective|p1a: Gourgeist-Super
|-damage|p1a: Gourgeist-Super|0 fnt
|faint|p1a: Gourgeist-Super
|
|-heal|p2a: Manaphy|290\/392 brn|[from] item: Leftovers
|-damage|p2a: Manaphy|241\/392 brn|[from] brn
|
|switch|p1a: Heatran|Heatran, M|347\/385
|turn|21
|
|move|p1a: Heatran|Protect|p1a: Heatran
|-singleturn|p1a: Heatran|Protect
|move|p2a: Manaphy|Rain Dance|p2a: Manaphy
|-weather|RainDance
|
|-weather|RainDance|[upkeep]
|-curestatus|p2a: Manaphy|brn
|-heal|p2a: Manaphy|265\/392|[from] item: Leftovers
|turn|22
|-message|ReimannZ forfeited.
|
|win|Alt0927
|raw|Ladder updating...
|leave|ReimannZ
|player|p1
|raw|ReimannZ's rating: 1457 &rarr; <strong>1437<\/strong><br \/>(-20 for losing)
|raw|Alt0927's rating: 1463 &rarr; <strong>1483<\/strong><br \/>(+20 for winning)