|join|Alt0927
|join|weze
|player|p1|Alt0927|3
|player|p2|weze|42
|gametype|singles
|gen|6
|tier|OU
|rated
|clearpoke
|poke|p1|Gardevoir, M
|poke|p1|Tornadus-Therian, M
|poke|p1|Landorus-Therian, M
|poke|p1|Greninja, M
|poke|p1|Latios, M
|poke|p1|Keldeo
|poke|p2|Tyranitar, F
|poke|p2|Skarmory, F
|poke|p2|Tentacruel, F
|poke|p2|Chansey, F
|poke|p2|Quagsire, F
|poke|p2|Sableye, F
|rule|Swagger Clause: Swagger is banned
|rule|Baton Pass Clause: Limit one PokÃ©mon knowing Baton Pass
|rule|Sleep Clause Mod: Limit one foe put to sleep
|rule|Species Clause: Limit one of each PokÃ©mon
|rule|OHKO Clause: OHKO moves are banned
|rule|Moody Clause: Moody is banned
|rule|Evasion Moves Clause: Evasion moves are banned
|rule|Endless Battle Clause: Forcing endless battles is banned
|rule|HP Percentage Mod: HP is shown in percentages
|teampreview
|
|start
|switch|p1a: Gardevoir|Gardevoir, M|277\/277
|switch|p2a: Tentacruel|Tentacruel, F|364\/364
|-ability|p1a: Gardevoir|Liquid Ooze|[from] ability: Trace|[of] p2a: Tentacruel
|turn|1
|
|switch|p2a: Tyranitar|Tyranitar, F|403\/403
|-weather|Sandstorm
|detailschange|p1a: Gardevoir|Gardevoir-Mega, M
|-mega|p1a: Gardevoir|Gardevoir|Gardevoirite
|move|p1a: Gardevoir|Hyper Voice|p2a: Tyranitar
|-supereffective|p2a: Tyranitar
|-damage|p2a: Tyranitar|247\/403
|
|-weather|Sandstorm|[upkeep]
|-damage|p1a: Gardevoir|260\/277|[from] sandstorm
|turn|2
|
|switch|p2a: Chansey|Chansey, F|703\/703
|move|p1a: Gardevoir|Focus Blast|p2a: Chansey|[miss]
|-miss|p1a: Gardevoir|p2a: Chansey
|
|-weather|Sandstorm|[upkeep]
|-damage|p1a: Gardevoir|243\/277|[from] sandstorm
|-damage|p2a: Chansey|660\/703|[from] sandstorm
|turn|3
|
|switch|p1a: Landorus-Therian|Landorus-Therian, M|337\/337
|-ability|p1a: Landorus-Therian|Intimidate|[of] p2a: Chansey
|-unboost|p2a: Chansey|atk|1
|move|p2a: Chansey|Wish|p2a: Chansey
|
|-weather|Sandstorm|[upkeep]
|-damage|p2a: Chansey|617\/703|[from] sandstorm
|turn|4
|
|switch|p2a: Skarmory|Skarmory, F|334\/334
|move|p1a: Landorus-Therian|Stealth Rock|p2a: Skarmory
|-sidestart|p2: weze|move: Stealth Rock
|
|-weather|Sandstorm|[upkeep]
|turn|5
|
|move|p1a: Landorus-Therian|Smack Down|p2a: Skarmory
|-damage|p2a: Skarmory|295\/334
|-start|p2a: Skarmory|Smack Down
|move|p2a: Skarmory|Stealth Rock|p1a: Landorus-Therian
|-sidestart|p1: Alt0927|move: Stealth Rock
|
|-weather|none
|turn|6
|
|switch|p2a: Quagsire|Quagsire, F|394\/394
|-damage|p2a: Quagsire|370\/394|[from] Stealth Rock
|move|p1a: Landorus-Therian|Earthquake|p2a: Quagsire
|-damage|p2a: Quagsire|150\/394
|
|-heal|p2a: Quagsire|174\/394|[from] item: Leftovers
|turn|7
|
|switch|p2a: Skarmory|Skarmory, F|295\/334
|-damage|p2a: Skarmory|254\/334|[from] Stealth Rock
|move|p1a: Landorus-Therian|Earthquake|p2a: Skarmory
|-immune|p2a: Skarmory|[msg]
|
|turn|8
|
|move|p1a: Landorus-Therian|Earthquake|p2a: Skarmory
|-immune|p2a: Skarmory|[msg]
|move|p2a: Skarmory|Whirlwind|p1a: Landorus-Therian
|drag|p1a: Tornadus-Therian|Tornadus-Therian, M|299\/299
|-damage|p1a: Tornadus-Therian|225\/299|[from] Stealth Rock
|
|turn|9
|
|switch|p2a: Chansey|Chansey, F|617\/703
|-damage|p2a: Chansey|530\/703|[from] Stealth Rock
|move|p1a: Tornadus-Therian|Heat Wave|p2a: Chansey
|-damage|p2a: Chansey|442\/703
|-damage|p1a: Tornadus-Therian|196\/299|[from] item: Life Orb
|
|turn|10
|
|move|p1a: Tornadus-Therian|Knock Off|p2a: Chansey
|-damage|p2a: Chansey|313\/703
|-enditem|p2a: Chansey|Eviolite|[from] move: Knock Off|[of] p1a: Tornadus-Therian
|-damage|p1a: Tornadus-Therian|167\/299|[from] item: Life Orb
|move|p2a: Chansey|Wish|p2a: Chansey
|
|turn|11
|
|move|p1a: Tornadus-Therian|Superpower|p2a: Chansey
|-supereffective|p2a: Chansey
|-damage|p2a: Chansey|0 fnt
|-unboost|p1a: Tornadus-Therian|atk|1
|-unboost|p1a: Tornadus-Therian|def|1
|-damage|p1a: Tornadus-Therian|138\/299|[from] item: Life Orb
|faint|p2a: Chansey
|
|
|switch|p2a: Tyranitar|Tyranitar, F|247\/403
|-damage|p2a: Tyranitar|197\/403|[from] Stealth Rock
|-weather|Sandstorm
|turn|12
|
|move|p1a: Tornadus-Therian|Superpower|p2a: Tyranitar
|-supereffective|p2a: Tyranitar
|-damage|p2a: Tyranitar|0 fnt
|-unboost|p1a: Tornadus-Therian|atk|1
|-unboost|p1a: Tornadus-Therian|def|1
|-damage|p1a: Tornadus-Therian|109\/299|[from] item: Life Orb
|faint|p2a: Tyranitar
|
|-weather|Sandstorm|[upkeep]
|-damage|p1a: Tornadus-Therian|91\/299|[from] sandstorm
|-message|weze forfeited.
|
|win|Alt0927
|raw|Ladder updating...
|leave|weze
|player|p2
|raw|Alt0927's rating: 1554 &rarr; <strong>1572<\/strong><br \/>(+18 for winning)
|raw|weze's rating: 1514 &rarr; <strong>1496<\/strong><br \/>(-18 for losing)