|join|back in my life
|join|Alt0927
|player|p1|back in my life|137
|player|p2|Alt0927|3
|gametype|singles
|gen|6
|tier|OU
|rated
|clearpoke
|poke|p1|Garchomp, F
|poke|p1|Bisharp, F
|poke|p1|Raikou
|poke|p1|Metagross
|poke|p1|Keldeo
|poke|p1|Landorus-Therian, M
|poke|p2|Gardevoir, M
|poke|p2|Tornadus-Therian, M
|poke|p2|Landorus-Therian, M
|poke|p2|Greninja, M
|poke|p2|Latios, M
|poke|p2|Keldeo
|rule|Swagger Clause: Swagger is banned
|rule|Baton Pass Clause: Limit one PokÃ©mon knowing Baton Pass
|rule|Sleep Clause Mod: Limit one foe put to sleep
|rule|Species Clause: Limit one of each PokÃ©mon
|rule|OHKO Clause: OHKO moves are banned
|rule|Moody Clause: Moody is banned
|rule|Evasion Moves Clause: Evasion moves are banned
|rule|Endless Battle Clause: Forcing endless battles is banned
|rule|HP Percentage Mod: HP is shown in percentages
|teampreview
|
|start
|switch|p1a: Garchomp|Garchomp, F|357\/357
|switch|p2a: Landorus-Therian|Landorus-Therian, M|337\/337
|-ability|p2a: Landorus-Therian|Intimidate|[of] p1a: Garchomp
|-unboost|p1a: Garchomp|atk|1
|turn|1
|
|move|p1a: Garchomp|Stealth Rock|p2a: Landorus-Therian
|-sidestart|p2: Alt0927|move: Stealth Rock
|move|p2a: Landorus-Therian|Stealth Rock|p1a: Garchomp
|-sidestart|p1: back in my life|move: Stealth Rock
|
|turn|2
|
|move|p1a: Garchomp|Fire Blast|p2a: Landorus-Therian
|-damage|p2a: Landorus-Therian|255\/337
|move|p2a: Landorus-Therian|Earthquake|p1a: Garchomp
|-crit|p1a: Garchomp
|-enditem|p1a: Garchomp|Focus Sash
|-damage|p1a: Garchomp|1\/357
|
|turn|3
|
|move|p1a: Garchomp|Outrage|p2a: Landorus-Therian
|-damage|p2a: Landorus-Therian|92\/337
|move|p2a: Landorus-Therian|Smack Down|p1a: Garchomp
|-resisted|p1a: Garchomp
|-damage|p1a: Garchomp|0 fnt
|faint|p1a: Garchomp
|
|
|switch|p1a: Raikou|Raikou|321\/321
|-damage|p1a: Raikou|281\/321|[from] Stealth Rock
|-ability|p1a: Raikou|Pressure
|turn|4
|
|move|p1a: Raikou|Shadow Ball|p2a: Landorus-Therian
|-damage|p2a: Landorus-Therian|0 fnt
|faint|p2a: Landorus-Therian
|
|
|switch|p2a: Latios|Latios, M|301\/301
|-damage|p2a: Latios|264\/301|[from] Stealth Rock
|turn|5
|
|move|p1a: Raikou|Volt Switch|p2a: Latios
|-resisted|p2a: Latios
|-damage|p2a: Latios|211\/301
|
|switch|p1a: Bisharp|Bisharp, F|271\/271
|-damage|p1a: Bisharp|255\/271|[from] Stealth Rock
|move|p2a: Latios|Draco Meteor|p1a: Bisharp
|-resisted|p1a: Bisharp
|-damage|p1a: Bisharp|56\/271
|-unboost|p2a: Latios|spa|2
|-damage|p2a: Latios|181\/301|[from] item: Life Orb
|
|turn|6
|
|move|p1a: Bisharp|Sucker Punch|p2a: Latios
|-supereffective|p2a: Latios
|-damage|p2a: Latios|0 fnt
|-damage|p1a: Bisharp|29\/271|[from] item: Life Orb
|faint|p2a: Latios
|
|
|switch|p2a: Keldeo|Keldeo|323\/323
|-damage|p2a: Keldeo|303\/323|[from] Stealth Rock
|turn|7
|
|move|p1a: Bisharp|Sucker Punch|p2a: Keldeo
|-crit|p2a: Keldeo
|-resisted|p2a: Keldeo
|-damage|p2a: Keldeo|146\/323
|-boost|p2a: Keldeo|atk|1|[from] ability: Justified
|-damage|p1a: Bisharp|2\/271|[from] item: Life Orb
|move|p2a: Keldeo|Secret Sword|p1a: Bisharp
|-supereffective|p1a: Bisharp
|-damage|p1a: Bisharp|0 fnt
|faint|p1a: Bisharp
|
|
|switch|p1a: Keldeo|Keldeo|323\/323
|-damage|p1a: Keldeo|303\/323|[from] Stealth Rock
|turn|8
|
|switch|p2a: Tornadus-Therian|Tornadus-Therian, M|299\/299
|-damage|p2a: Tornadus-Therian|225\/299|[from] Stealth Rock
|move|p1a: Keldeo|Secret Sword|p2a: Tornadus-Therian
|-resisted|p2a: Tornadus-Therian
|-damage|p2a: Tornadus-Therian|65\/299
|
|turn|9
|
|move|p2a: Tornadus-Therian|Superpower|p1a: Keldeo
|-damage|p1a: Keldeo|174\/323
|-unboost|p2a: Tornadus-Therian|atk|1
|-unboost|p2a: Tornadus-Therian|def|1
|-damage|p2a: Tornadus-Therian|36\/299|[from] item: Life Orb
|move|p1a: Keldeo|Secret Sword|p2a: Tornadus-Therian
|-crit|p2a: Tornadus-Therian
|-resisted|p2a: Tornadus-Therian
|-damage|p2a: Tornadus-Therian|0 fnt
|faint|p2a: Tornadus-Therian
|
|
|switch|p2a: Gardevoir|Gardevoir, M|277\/277
|-damage|p2a: Gardevoir|243\/277|[from] Stealth Rock
|-ability|p2a: Gardevoir|Justified|[from] ability: Trace|[of] p1a: Keldeo
|turn|10
|
|detailschange|p2a: Gardevoir|Gardevoir-Mega, M
|-mega|p2a: Gardevoir|Gardevoir|Gardevoirite
|move|p1a: Keldeo|Secret Sword|p2a: Gardevoir
|-resisted|p2a: Gardevoir
|-damage|p2a: Gardevoir|166\/277
|move|p2a: Gardevoir|Hyper Voice|p1a: Keldeo
|-crit|p1a: Keldeo
|-supereffective|p1a: Keldeo
|-damage|p1a: Keldeo|0 fnt
|faint|p1a: Keldeo
|
|
|switch|p1a: Landorus-Therian|Landorus-Therian, M|319\/319
|-damage|p1a: Landorus-Therian|280\/319|[from] Stealth Rock
|-ability|p1a: Landorus-Therian|Intimidate|[of] p2a: Gardevoir
|-unboost|p2a: Gardevoir|atk|1
|turn|11
|
|move|p1a: Landorus-Therian|Earthquake|p2a: Gardevoir
|-damage|p2a: Gardevoir|0 fnt
|faint|p2a: Gardevoir
|
|
|switch|p2a: Keldeo|Keldeo|146\/323
|-damage|p2a: Keldeo|126\/323|[from] Stealth Rock
|turn|12
|
|move|p2a: Keldeo|Hydro Pump|p1a: Landorus-Therian
|-supereffective|p1a: Landorus-Therian
|-damage|p1a: Landorus-Therian|0 fnt
|faint|p1a: Landorus-Therian
|
|
|switch|p1a: Metagross|Metagross|301\/301
|-damage|p1a: Metagross|283\/301|[from] Stealth Rock
|turn|13
|
|detailschange|p1a: Metagross|Metagross-Mega
|-mega|p1a: Metagross|Metagross|Metagrossite
|move|p2a: Keldeo|Hydro Pump|p1a: Metagross
|-damage|p1a: Metagross|117\/301
|move|p1a: Metagross|Earthquake|p2a: Keldeo
|-damage|p2a: Keldeo|0 fnt
|faint|p2a: Keldeo
|
|
|switch|p2a: Greninja|Greninja, M|285\/285
|-damage|p2a: Greninja|250\/285|[from] Stealth Rock
|turn|14
|
|move|p2a: Greninja|Dark Pulse|p1a: Metagross
|-start|p2a: Greninja|typechange|Dark|[from] Protean
|-supereffective|p1a: Metagross
|-damage|p1a: Metagross|0 fnt
|-damage|p2a: Greninja|222\/285|[from] item: Life Orb
|faint|p1a: Metagross
|
|
|switch|p1a: Raikou|Raikou|281\/321
|-damage|p1a: Raikou|241\/321|[from] Stealth Rock
|-ability|p1a: Raikou|Pressure
|turn|15
|
|move|p2a: Greninja|Gunk Shot|p1a: Raikou
|-start|p2a: Greninja|typechange|Poison|[from] Protean
|-damage|p1a: Raikou|0 fnt
|-damage|p2a: Greninja|194\/285|[from] item: Life Orb
|faint|p1a: Raikou
|
|win|Alt0927
|raw|Ladder updating...
|raw|back in my life's rating: 1742 &rarr; <strong>1710<\/strong><br \/>(-32 for losing)
|raw|Alt0927's rating: 1504 &rarr; <strong>1536<\/strong><br \/>(+32 for winning)
|leave|back in my life
|player|p1