|J|Spammernoob
|J|Exothermic Artemis
|player|p1|Spammernoob|3
|player|p2|Exothermic Artemis|164
|gametype|singles
|gen|6
|tier|Skillmons OU
|clearpoke
|poke|p1|Landorus, M
|poke|p1|Metagross
|poke|p1|Latios, M
|poke|p1|Keldeo
|poke|p1|Heatran, M
|poke|p1|Thundurus, M
|poke|p2|Durant, M
|poke|p2|Breloom, F
|poke|p2|Zygarde
|poke|p2|Aerodactyl, F
|poke|p2|Gengar, M
|poke|p2|Clefable, F
|rule|Sleep Clause Mod: Limit one foe put to sleep
|rule|Species Clause: Limit one of each PokÃ©mon
|rule|Endless Battle Clause: Forcing endless battles is banned
|rule|Exact HP Mod: exact HP is shown
|rule|Baton Pass Clause: Limit one PokÃ©mon knowing Baton Pass
|teampreview
|c|âExothermic Artemis|sorry, had a bug
|
|start
|switch|p1a: Metagross|Metagross|301\/301
|switch|p2a: Gengar|Gengar, M|262\/262
|turn|1
|J|Kasumi
|
|switch|p1a: Heatran|Heatran, M|333\/333
|-item|p1a: Heatran|Air Balloon
|move|p2a: Gengar|Hypnosis|p1a: Heatran
|-message|Spammernoob acquired 60 points in Sleep status [Total: 110]!
|-message|A secondary effect on Sleep status triggered! [-100 points]
|-status|p1a: Heatran|slp
|
|turn|2
|L|Kasumi
|
|move|p2a: Gengar|Substitute|p2a: Gengar
|-start|p2a: Gengar|Substitute
|-damage|p2a: Gengar|197\/262
|cant|p1a: Heatran|slp
|
|turn|3
|c|âSpammernoob|O_o
|
|move|p2a: Gengar|Focus Blast|p1a: Heatran
|-supereffective|p1a: Heatran
|-damage|p1a: Heatran|63\/333 slp
|-enditem|p1a: Heatran|Air Balloon
|-message|Spammernoob acquired 10 points in Special Defense debuff [Total: 60]!
|-damage|p2a: Gengar|171\/262|[from] item: Life Orb
|cant|p1a: Heatran|slp
|
|turn|4
|c|âExothermic Artemis|?
|
|move|p2a: Gengar|Shadow Ball|p1a: Heatran
|-damage|p1a: Heatran|0 fnt
|-damage|p2a: Gengar|145\/262|[from] item: Life Orb
|faint|p1a: Heatran
|
|c|âExothermic Artemis|Did you think the counter started at 0 and not 50 ?
|
|switch|p1a: Latios|Latios, M|301\/301
|turn|5
|c|âSpammernoob|I lost. D:
|c|âSpammernoob|RIP
|
|move|p1a: Latios|Psyshock|p2a: Gengar
|-supereffective|p2a: Gengar
|-end|p2a: Gengar|Substitute
|-damage|p1a: Latios|271\/301|[from] item: Life Orb
|move|p2a: Gengar|Shadow Ball|p1a: Latios
|-supereffective|p1a: Latios
|-damage|p1a: Latios|0 fnt
|-damage|p2a: Gengar|119\/262|[from] item: Life Orb
|faint|p1a: Latios
|
|
|switch|p1a: Thundurus|Thundurus, M|299\/299
|turn|6
|c|âExothermic Artemis|true that your team gets eaten so bad by gengar
|
|switch|p2a: Zygarde|Zygarde|420\/420
|-ability|p2a: Zygarde|Aura Break
|move|p1a: Thundurus|Thunderbolt|p2a: Zygarde
|-immune|p2a: Zygarde|[msg]
|
|turn|7
|
|move|p1a: Thundurus|Hidden Power|p2a: Zygarde
|-supereffective|p2a: Zygarde
|-damage|p2a: Zygarde|124\/420
|-damage|p1a: Thundurus|270\/299|[from] item: Life Orb
|move|p2a: Zygarde|Dragon Tail|p1a: Thundurus
|-damage|p1a: Thundurus|176\/299
|drag|p1a: Metagross|Metagross|301\/301
|
|-heal|p2a: Zygarde|150\/420|[from] item: Leftovers
|turn|8
|
|detailschange|p1a: Metagross|Metagross-Mega
|-mega|p1a: Metagross|Metagross|Metagrossite
|move|p1a: Metagross|Meteor Mash|p2a: Zygarde
|-damage|p2a: Zygarde|0 fnt
|-message|Spammernoob acquired 20 points in Attack boost [Total: 70]!
|faint|p2a: Zygarde
|
|c|âSpammernoob|How do Speed ties work?
|c|âSpammernoob|OH I see. lol
|c|âExothermic Artemis|The one with the least weight, i think
|c|âSpammernoob|More HP => Least weight => Height
|c|âExothermic Artemis|oh, k , i thought hp was going behind weight
|
|switch|p2a: Durant|Durant, M|257\/257
|turn|9
|
|switch|p1a: Keldeo|Keldeo|323\/323
|move|p2a: Durant|Crunch|p1a: Keldeo
|-resisted|p1a: Keldeo
|-damage|p1a: Keldeo|239\/323
|-boost|p1a: Keldeo|atk|1|[from] ability: Justified
|-message|Spammernoob acquired 20 points in Defense debuff [Total: 70]!
|-damage|p2a: Durant|232\/257|[from] item: Life Orb
|
|-heal|p1a: Keldeo|259\/323|[from] item: Leftovers
|turn|10
|c|âExothermic Artemis|argh
|c|âSpammernoob|SD-Aqua Jet >:D
|
|move|p2a: Durant|Superpower|p1a: Keldeo
|-damage|p1a: Keldeo|6\/323
|-unboost|p2a: Durant|atk|1
|-unboost|p2a: Durant|def|1
|-damage|p2a: Durant|207\/257|[from] item: Life Orb
|move|p1a: Keldeo|Scald|p2a: Durant
|-damage|p2a: Durant|0 fnt
|faint|p2a: Durant
|
|-heal|p1a: Keldeo|26\/323|[from] item: Leftovers
|c|âSpammernoob|And I know that Durant is hella fast
|c|âExothermic Artemis|oh damn
|c|âExothermic Artemis|real. :(
|
|switch|p2a: Breloom|Breloom, F|261\/261
|turn|11
|
|move|p2a: Breloom|Mach Punch|p1a: Keldeo
|-damage|p1a: Keldeo|0 fnt
|faint|p1a: Keldeo
|
|J|Oshony
|
|switch|p1a: Landorus|Landorus, M|319\/319
|turn|12
|
|move|p1a: Landorus|Psychic|p2a: Breloom
|-supereffective|p2a: Breloom
|-damage|p2a: Breloom|0 fnt
|faint|p2a: Breloom
|
|c|âSpammernoob|YES
|c|âSpammernoob|:#
|c|âSpammernoob|I can't believe this crap
|c|âExothermic Artemis|o
|c|âExothermic Artemis|i forgot this pokemon existed
|c|âExothermic Artemis|should've ticked on the not intimidate
|c|âSpammernoob|lol Lando-I?
|c|âExothermic Artemis|yeah :(
|c|âExothermic Artemis|Well , i lost
|
|switch|p2a: Aerodactyl|Aerodactyl, F|302\/302
|turn|13
|c|âExothermic Artemis|or so do i guess
|c|âExothermic Artemis|Metagross simply 6-0 my team
|
|detailschange|p2a: Aerodactyl|Aerodactyl-Mega, F
|-mega|p2a: Aerodactyl|Aerodactyl|Aerodactylite
|move|p2a: Aerodactyl|Aerial Ace|p1a: Landorus
|-damage|p1a: Landorus|66\/319
|move|p1a: Landorus|Hidden Power|p2a: Aerodactyl
|-supereffective|p2a: Aerodactyl
|-damage|p2a: Aerodactyl|107\/302
|-damage|p1a: Landorus|35\/319|[from] item: Life Orb
|
|turn|14
|c|âSpammernoob|There's a big difference between a Genie and a Cloud kitty
|
|move|p2a: Aerodactyl|Stone Edge|p1a: Landorus
|-damage|p1a: Landorus|0 fnt
|faint|p1a: Landorus
|
|
|switch|p1a: Metagross|Metagross-Mega|301\/301
|turn|15
|c|âExothermic Artemis|z
|c|âExothermic Artemis|i can't believe the most bulky thing and the one hitting the hardest in entire OU
|c|âExothermic Artemis|speed ties with gengar
|
|move|p2a: Aerodactyl|Earthquake|p1a: Metagross
|-supereffective|p1a: Metagross
|-damage|p1a: Metagross|95\/301
|move|p1a: Metagross|Meteor Mash|p2a: Aerodactyl
|-supereffective|p2a: Aerodactyl
|-damage|p2a: Aerodactyl|0 fnt
|-message|Spammernoob acquired 20 points in Attack boost [Total: 90]!
|faint|p2a: Aerodactyl
|
|c|âSpammernoob|Yup
|c|âSpammernoob|!dt Metagross-mega
|c|~|\/data-pokemon Metagross-Mega
|raw|<font size="1"><font color=#585858>Dex#:<\/font> 376&nbsp;|&ThickSpace;<font color=#585858>Height:<\/font> 2.5 m&nbsp;|&ThickSpace;<font color=#585858>Weight:<\/font> 942.9 kg <em>(120 BP)<\/em>&nbsp;|&ThickSpace;<font color=#585858>Dex Colour:<\/font> Blue&nbsp;|&ThickSpace;<font color=#585858>Egg Group(s):<\/font> Mineral&nbsp;|&ThickSpace;<font color=#585858><font color=#585858>Does Not Evolve<\/font><\/font><\/font>
|
|switch|p2a: Gengar|Gengar, M|119\/262
|turn|16
|
|move|p2a: Gengar|Shadow Ball|p1a: Metagross
|-supereffective|p1a: Metagross
|-damage|p1a: Metagross|0 fnt
|-damage|p2a: Gengar|93\/262|[from] item: Life Orb
|faint|p1a: Metagross
|
|
|switch|p1a: Thundurus|Thundurus, M|176\/299
|turn|17
|c|âExothermic Artemis|wat
|c|âSpammernoob|Dat EQ Damage. O_o
|c|âExothermic Artemis|It's the most HP .. LEFT ?!?
|c|âSpammernoob|Yeah
|
|move|p1a: Thundurus|Thunderbolt|p2a: Gengar
|-damage|p2a: Gengar|0 fnt
|-damage|p1a: Thundurus|147\/299|[from] item: Life Orb
|faint|p2a: Gengar
|
|c|âExothermic Artemis|:O
|
|switch|p2a: Clefable|Clefable, F|394\/394
|turn|18
|
|move|p1a: Thundurus|Thunderbolt|p2a: Clefable
|-damage|p2a: Clefable|155\/394
|-message|Exothermic Artemis acquired 10 points in Paralyze [Total: 60]!
|-damage|p1a: Thundurus|118\/299|[from] item: Life Orb
|move|p2a: Clefable|Calm Mind|p2a: Clefable
|-boost|p2a: Clefable|spa|1
|-boost|p2a: Clefable|spd|1
|
|-heal|p2a: Clefable|179\/394|[from] item: Leftovers
|turn|19
|c|âSpammernoob|I BELIEVE
|c|âSpammernoob|lol 0 damage
|
|move|p1a: Thundurus|Thunderbolt|p2a: Clefable
|-damage|p2a: Clefable|18\/394
|-message|Exothermic Artemis acquired 10 points in Paralyze [Total: 70]!
|-damage|p1a: Thundurus|89\/299|[from] item: Life Orb
|move|p2a: Clefable|Moonlight|p2a: Clefable
|-heal|p2a: Clefable|215\/394
|
|-heal|p2a: Clefable|239\/394|[from] item: Leftovers
|turn|20
|
|move|p1a: Thundurus|Thunder Wave|p2a: Clefable
|-status|p2a: Clefable|par
|move|p2a: Clefable|Moonlight|p2a: Clefable
|-heal|p2a: Clefable|394\/394 par
|
|turn|21
|c|âExothermic Artemis|the survival
|
|move|p1a: Thundurus|Thunderbolt|p2a: Clefable
|-damage|p2a: Clefable|233\/394 par
|-damage|p1a: Thundurus|60\/299|[from] item: Life Orb
|move|p2a: Clefable|Calm Mind|p2a: Clefable
|-boost|p2a: Clefable|spa|1
|-boost|p2a: Clefable|spd|1
|
|-heal|p2a: Clefable|257\/394 par|[from] item: Leftovers
|turn|22
|
|move|p1a: Thundurus|Thunderbolt|p2a: Clefable
|-damage|p2a: Clefable|136\/394 par
|-damage|p1a: Thundurus|31\/299|[from] item: Life Orb
|move|p2a: Clefable|Moonlight|p2a: Clefable
|-heal|p2a: Clefable|333\/394 par
|
|-heal|p2a: Clefable|357\/394 par|[from] item: Leftovers
|turn|23
|
|move|p1a: Thundurus|Thunderbolt|p2a: Clefable
|-damage|p2a: Clefable|236\/394 par
|-damage|p1a: Thundurus|2\/299|[from] item: Life Orb
|move|p2a: Clefable|Moonblast|p1a: Thundurus
|-damage|p1a: Thundurus|0 fnt
|faint|p1a: Thundurus
|
|win|Exothermic Artemis
|c|âSpammernoob|Wish I had Nasty Plot
|c|âExothermic Artemis|gg
|c|âSpammernoob|gg tho
|c|âExothermic Artemis|n
|c|âExothermic Artemis|i'm unaware
|c|âSpammernoob|Oh.
|c|âExothermic Artemis|coil
|c|âExothermic Artemis|hone claws
|c|âExothermic Artemis|all too scary
|c|âSpammernoob|That was pretty fun.
|c|âExothermic Artemis|Yeah
|c|âExothermic Artemis|wp
|c|âExothermic Artemis|The removal of parahax
|c|âSpammernoob|I just realized: Breloom's Dynamic Punch gets Technician
|c|âSpammernoob|O_o
|c|âExothermic Artemis|n
|c|âExothermic Artemis|they're fixing this
|c|âExothermic Artemis|idk if it's fixed yet
|c|âSpammernoob|Aw.
|c|âExothermic Artemis|but technician applies before the acc*pow to pow modification
|c|âExothermic Artemis|uh .. i guess
|c|âExothermic Artemis|that was the last subject on the thread
|c|âSpammernoob|OK
|c|âExothermic Artemis|well, cya, gn
|c|âSpammernoob|Bai