|join|Slowbroongus
|join|Spammernoob
|player|p1|Slowbroongus|291
|player|p2|Spammernoob|265
|gametype|singles
|gen|6
|tier|OU
|clearpoke
|poke|p1|Rotom-Wash
|poke|p1|Zapdos
|poke|p1|Eelektross, M, shiny
|poke|p1|Electivire, M
|poke|p1|Thundurus, M
|poke|p1|Clefable, M, shiny
|poke|p2|Greninja, M
|poke|p2|Tyranitar, F
|poke|p2|Bisharp, M
|poke|p2|Scizor, F
|poke|p2|Sableye, M
|poke|p2|Crawdaunt, M
|rule|Swagger Clause: Swagger is banned
|rule|Baton Pass Clause: Limit one PokÃ©mon knowing Baton Pass
|rule|Sleep Clause Mod: Limit one foe put to sleep
|rule|Species Clause: Limit one of each PokÃ©mon
|rule|OHKO Clause: OHKO moves are banned
|rule|Moody Clause: Moody is banned
|rule|Evasion Moves Clause: Evasion moves are banned
|rule|Endless Battle Clause: Forcing endless battles is banned
|rule|HP Percentage Mod: HP is shown in percentages
|teampreview
Slowbroongus made this room private.
|c|âSpammernoob|Yo
|c|âSlowbroongus|sup
|
|start
|switch|p1a: Washington|Rotom-Wash|303\/303
|switch|p2a: Tyranitar|Tyranitar, F|404\/404
|-weather|Sandstorm
|turn|1
|
|move|p1a: Washington|Thunder Wave|p2a: Tyranitar
|-status|p2a: Tyranitar|par
|cant|p2a: Tyranitar|par
|
|-weather|Sandstorm|[upkeep]
|-damage|p1a: Washington|285\/303|[from] sandstorm
|turn|2
|
|move|p1a: Washington|Hydro Pump|p2a: Tyranitar
|-supereffective|p2a: Tyranitar
|-damage|p2a: Tyranitar|216\/404 par
|move|p2a: Tyranitar|Stealth Rock|p1a: Washington
|-sidestart|p1: Slowbroongus|move: Stealth Rock
|
|-weather|Sandstorm|[upkeep]
|-damage|p1a: Washington|267\/303|[from] sandstorm
|-heal|p2a: Tyranitar|241\/404 par|[from] item: Leftovers
|turn|3
|c|âSpammernoob|Seems legit. lol
|
|move|p1a: Washington|Hydro Pump|p2a: Tyranitar
|-supereffective|p2a: Tyranitar
|-damage|p2a: Tyranitar|49\/404 par
|move|p2a: Tyranitar|Pursuit|p1a: Washington
|-damage|p1a: Washington|222\/303
|
|-weather|Sandstorm|[upkeep]
|-damage|p1a: Washington|204\/303|[from] sandstorm
|-heal|p2a: Tyranitar|74\/404 par|[from] item: Leftovers
|turn|4
|
|move|p1a: Washington|Hydro Pump|p2a: Tyranitar
|-supereffective|p2a: Tyranitar
|-damage|p2a: Tyranitar|0 fnt
|faint|p2a: Tyranitar
|
|-weather|Sandstorm|[upkeep]
|-damage|p1a: Washington|186\/303|[from] sandstorm
|
|switch|p2a: Scizor|Scizor, F|343\/343
|turn|5
|c|âSpammernoob|lol I BELIEVE
|
|move|p1a: Washington|Thunder Wave|p2a: Scizor
|-status|p2a: Scizor|par
|move|p2a: Scizor|U-turn|p1a: Washington
|-damage|p1a: Washington|41\/303
|c|âSlowbroongus|xD
|
|switch|p2a: Bisharp|Bisharp, M|271\/271
|
|-weather|none
|turn|6
|
|move|p2a: Bisharp|Knock Off|p1a: Washington
|-damage|p1a: Washington|0 fnt
|-enditem|p1a: Washington|Chesto Berry|[from] move: Knock Off|[of] p2a: Bisharp
|-damage|p2a: Bisharp|244\/271|[from] item: Life Orb
|faint|p1a: Washington
|
|c|âSpammernoob|brb. :[
|c|âSpammernoob|Gotta cook dinner. D:
|c|âSlowbroongus|k
|
|switch|p1a: Live Wire|Eelektross, M, shiny|374\/374
|-damage|p1a: Live Wire|328\/374|[from] Stealth Rock
|turn|7
|
|switch|p2a: Sableye|Sableye, M|304\/304
|move|p1a: Live Wire|Flamethrower|p2a: Sableye
|-damage|p2a: Sableye|149\/304
|
|turn|8
|
|detailschange|p2a: Sableye|Sableye-Mega, M
|message|Sableye has Mega Evolved into Mega Sableye!
|move|p2a: Sableye|Recover|p2a: Sableye
|-heal|p2a: Sableye|301\/304
|move|p1a: Live Wire|Volt Switch|p2a: Sableye
|-damage|p2a: Sableye|195\/304
|
|switch|p1a: T-Bird|Zapdos|383\/383
|-damage|p1a: T-Bird|288\/383|[from] Stealth Rock
|-ability|p1a: T-Bird|Pressure
|
|-heal|p1a: T-Bird|311\/383|[from] item: Leftovers
|turn|9
|
|move|p1a: T-Bird|Defog|p2a: Sableye
|move|p2a: Sableye|Defog|p1a: T-Bird|[from]Magic Bounce
|-unboost|p1a: T-Bird|evasion|1
|-sideend|p1: Slowbroongus|Stealth Rock|[from] move: Defog|[of] p1a: T-Bird
|move|p2a: Sableye|Will-O-Wisp|p1a: T-Bird
|-status|p1a: T-Bird|brn
|
|-heal|p1a: T-Bird|334\/383 brn|[from] item: Leftovers
|-damage|p1a: T-Bird|287\/383 brn|[from] brn
|turn|10
|
|switch|p1a: Ignignokt|Clefable, M, shiny|393\/393
|move|p2a: Sableye|Recover|p2a: Sableye
|-heal|p2a: Sableye|304\/304
|
|turn|11
|
|switch|p2a: Crawdaunt|Crawdaunt, M|267\/267
|move|p1a: Ignignokt|Flamethrower|p2a: Crawdaunt
|-resisted|p2a: Crawdaunt
|-damage|p2a: Crawdaunt|214\/267
|
|turn|12
|
|switch|p1a: Chewie|Electivire, M|291\/291
|move|p2a: Crawdaunt|Crabhammer|p1a: Chewie
|-damage|p1a: Chewie|0 fnt
|-damage|p2a: Crawdaunt|188\/267|[from] item: Life Orb
|faint|p1a: Chewie
|
|c|âSpammernoob|Swag. lol
|
|switch|p1a: T-Bird|Zapdos|287\/383 brn
|-ability|p1a: T-Bird|Pressure
|turn|13
|
|switch|p2a: Sableye|Sableye-Mega, M|304\/304
|move|p1a: T-Bird|Thunderbolt|p2a: Sableye
|-damage|p2a: Sableye|174\/304
|
|-heal|p1a: T-Bird|310\/383 brn|[from] item: Leftovers
|-damage|p1a: T-Bird|263\/383 brn|[from] brn
|turn|14
|
|switch|p2a: Scizor|Scizor, F|343\/343 par
|move|p1a: T-Bird|Roost|p1a: T-Bird
|-heal|p1a: T-Bird|383\/383 brn
|
|-damage|p1a: T-Bird|336\/383 brn|[from] brn
|turn|15
|
|move|p1a: T-Bird|Heat Wave|p2a: Scizor
|-miss|p1a: T-Bird|p2a: Scizor
|cant|p2a: Scizor|par
|
|-heal|p1a: T-Bird|359\/383 brn|[from] item: Leftovers
|-damage|p1a: T-Bird|312\/383 brn|[from] brn
|turn|16
|c|âSpammernoob|lol
|
|switch|p2a: Sableye|Sableye-Mega, M|174\/304
|move|p1a: T-Bird|Thunderbolt|p2a: Sableye
|-damage|p2a: Sableye|48\/304
|
|-heal|p1a: T-Bird|335\/383 brn|[from] item: Leftovers
|-damage|p1a: T-Bird|288\/383 brn|[from] brn
|turn|17
|
|move|p1a: T-Bird|Thunderbolt|p2a: Sableye
|-damage|p2a: Sableye|0 fnt
|faint|p2a: Sableye
|
|-heal|p1a: T-Bird|311\/383 brn|[from] item: Leftovers
|-damage|p1a: T-Bird|264\/383 brn|[from] brn
|
|switch|p2a: Greninja|Greninja, M|285\/285
|turn|18
|
|switch|p1a: Live Wire|Eelektross, M, shiny|328\/374
|move|p2a: Greninja|Ice Beam|p1a: Live Wire
|-start|p2a: Greninja|typechange|Ice|[from] Protean
|-damage|p1a: Live Wire|176\/374
|-damage|p2a: Greninja|257\/285|[from] item: Life Orb
|
|turn|19
|
|move|p2a: Greninja|Hydro Pump|p1a: Live Wire
|-start|p2a: Greninja|typechange|Water|[from] Protean
|-damage|p1a: Live Wire|0 fnt
|-damage|p2a: Greninja|229\/285|[from] item: Life Orb
|faint|p1a: Live Wire
|
|
|switch|p1a: Raiden|Thundurus, M|299\/299
|turn|20
|c|âSpammernoob|OK, doing better than before. :P
|
|move|p1a: Raiden|Thunder Wave|p2a: Greninja
|-status|p2a: Greninja|par
|cant|p2a: Greninja|par
|
|turn|21
|
|switch|p2a: Scizor|Scizor, F|343\/343 par
|move|p1a: Raiden|Superpower|p2a: Scizor
|-damage|p2a: Scizor|165\/343 par
|-unboost|p1a: Raiden|atk|1
|-unboost|p1a: Raiden|def|1
|-damage|p1a: Raiden|270\/299|[from] item: Life Orb
|
|turn|22
|c|âSpammernoob|OMG So done. lol
|c|âSlowbroongus| (ï»¿ Í¡Â° ÍÊ Í¡Â°)
|c|âSpammernoob|I would've killed it and won w\/ Bisharp. lol
|
|switch|p1a: Ignignokt|Clefable, M, shiny|393\/393
|move|p2a: Scizor|Knock Off|p1a: Ignignokt
|-crit|p1a: Ignignokt
|-resisted|p1a: Ignignokt
|-damage|p1a: Ignignokt|232\/393
|-enditem|p1a: Ignignokt|Leftovers|[from] move: Knock Off|[of] p2a: Scizor
|
|turn|23
|
|switch|p2a: Greninja|Greninja, M|229\/285 par
|move|p1a: Ignignokt|Moonblast|p2a: Greninja
|-supereffective|p2a: Greninja
|-damage|p2a: Greninja|0 fnt
|faint|p2a: Greninja
|
|
|switch|p2a: Crawdaunt|Crawdaunt, M|188\/267
|turn|24
|
|move|p2a: Crawdaunt|Crabhammer|p1a: Ignignokt
|-damage|p1a: Ignignokt|0 fnt
|-damage|p2a: Crawdaunt|162\/267|[from] item: Life Orb
|faint|p1a: Ignignokt
|
|
|switch|p1a: T-Bird|Zapdos|264\/383 brn
|-ability|p1a: T-Bird|Pressure
|turn|25
|
|move|p1a: T-Bird|Thunderbolt|p2a: Crawdaunt
|-supereffective|p2a: Crawdaunt
|-damage|p2a: Crawdaunt|0 fnt
|faint|p2a: Crawdaunt
|
|-heal|p1a: T-Bird|287\/383 brn|[from] item: Leftovers
|-damage|p1a: T-Bird|240\/383 brn|[from] brn
|
|switch|p2a: Bisharp|Bisharp, M|244\/271
|turn|26
|
|move|p1a: T-Bird|Roost|p1a: T-Bird
|-heal|p1a: T-Bird|383\/383 brn
|move|p2a: Bisharp|Knock Off|p1a: T-Bird
|-damage|p1a: T-Bird|179\/383 brn
|-enditem|p1a: T-Bird|Leftovers|[from] move: Knock Off|[of] p2a: Bisharp
|-damage|p2a: Bisharp|217\/271|[from] item: Life Orb
|
|-damage|p1a: T-Bird|132\/383 brn|[from] brn
|turn|27
|
|move|p2a: Bisharp|Sucker Punch|p1a: T-Bird
|-damage|p1a: T-Bird|0 fnt
|-damage|p2a: Bisharp|190\/271|[from] item: Life Orb
|faint|p1a: T-Bird
|
|c|âSpammernoob|Woot
|
|switch|p1a: Raiden|Thundurus, M|270\/299
|turn|28
|c|âSpammernoob|This is all down to hax. lol
|c|âSlowbroongus| (ï»¿ Í¡Â° ÍÊ Í¡Â°)
|c|âSpammernoob|Can you get paras on me
|c|âSpammernoob|Over and over
|c|âSpammernoob|lol
|c|âSlowbroongus|calc was wrong
|
|move|p2a: Bisharp|Sucker Punch|p1a: Raiden
|-damage|p1a: Raiden|13\/299
|-damage|p2a: Bisharp|163\/271|[from] item: Life Orb
|move|p1a: Raiden|Superpower|p2a: Bisharp
|-supereffective|p2a: Bisharp
|-damage|p2a: Bisharp|0 fnt
|-unboost|p1a: Raiden|atk|1
|-unboost|p1a: Raiden|def|1
|-damage|p1a: Raiden|0 fnt|[from] item: Life Orb
|faint|p2a: Bisharp
|faint|p1a: Raiden
|
|win|Spammernoob
|c|âSpammernoob|gg. :D
|c|âSpammernoob|WOOT
|c|âSlowbroongus|gg
|c|âSpammernoob|2 more badges
|c|âSpammernoob|;)
|c|âSlowbroongus| (ï»¿ Í¡Â° ÍÊ Í¡Â°)