|join|Spammernoob
|join|theawesomeafro
|player|p1|Spammernoob|265
|player|p2|theawesomeafro|150
|gametype|singles
|gen|6
|tier|OU
|clearpoke
|poke|p1|Greninja, M
|poke|p1|Latias, F
|poke|p1|Bisharp, F
|poke|p1|Metagross
|poke|p1|Weavile, F
|poke|p1|Tyranitar, F
|poke|p2|Venusaur, M
|poke|p2|Hawlucha, M
|poke|p2|Ditto
|poke|p2|Zoroark, M
|poke|p2|Cradily, M
|poke|p2|Flygon, M
|rule|Swagger Clause: Swagger is banned
|rule|Baton Pass Clause: Limit one PokÃ©mon knowing Baton Pass
|rule|Sleep Clause Mod: Limit one foe put to sleep
|rule|Species Clause: Limit one of each PokÃ©mon
|rule|OHKO Clause: OHKO moves are banned
|rule|Moody Clause: Moody is banned
|rule|Evasion Moves Clause: Evasion moves are banned
|rule|Endless Battle Clause: Forcing endless battles is banned
|rule|HP Percentage Mod: HP is shown in percentages
|teampreview
|
|start
|switch|p1a: Greninja|Greninja, M|285\/285
|switch|p2a: Venustoise|Venusaur, M|262\/262
|turn|1
|
|move|p2a: Venustoise|Protect|p2a: Venustoise
|-singleturn|p2a: Venustoise|Protect
|move|p1a: Greninja|Ice Beam|p2a: Venustoise
|-start|p1a: Greninja|typechange|Ice|[from] Protean
|-activate|p2a: Venustoise|Protect
|
|turn|2
|
|switch|p1a: Metagross|Metagross|301\/301
|switch|p2a: Anything you can d|Ditto|300\/300
|-transform|p2a: Anything you can d|p1a: Metagross
|
|turn|3
|
|detailschange|p1a: Metagross|Metagross-Mega
|message|Metagross has Mega Evolved into Mega Metagross!
|move|p2a: Anything you can d|Earthquake|p1a: Metagross
|-supereffective|p1a: Metagross
|-damage|p1a: Metagross|125\/301
|move|p1a: Metagross|Earthquake|p2a: Anything you can d
|-crit|p2a: Anything you can d
|-supereffective|p2a: Anything you can d
|-damage|p2a: Anything you can d|8\/300
|
|turn|4
|
|switch|p1a: Latias|Latias, F|319\/319
|move|p2a: Anything you can d|Earthquake|p1a: Latias
|-immune|p1a: Latias|[msg]
|
|turn|5
|
|switch|p2a: Venustoise|Venusaur, M|262\/262
|move|p1a: Latias|Psyshock|p2a: Venustoise
|-immune|p2a: Venustoise|[msg]
|
|turn|6
|
|move|p1a: Latias|Draco Meteor|p2a: Venustoise
|-enditem|p2a: Venustoise|Focus Sash
|replace|p2a: Surprise!|Zoroark, M|262\/262
|-damage|p2a: Surprise!|1\/262
|-unboost|p1a: Latias|spa|2
|-damage|p1a: Latias|288\/319|[from] item: Life Orb
|move|p2a: Surprise!|Grass Knot|p1a: Latias
|-resisted|p1a: Latias
|-damage|p1a: Latias|258\/319
|
|turn|7
|
|move|p1a: Latias|Draco Meteor|p2a: Surprise!
|-damage|p2a: Surprise!|0 fnt
|-unboost|p1a: Latias|spa|2
|-damage|p1a: Latias|227\/319|[from] item: Life Orb
|faint|p2a: Surprise!
|
|
|switch|p2a: MUCHA LUCHAAA|Hawlucha, M|298\/298
|turn|8
|
|move|p2a: MUCHA LUCHAAA|Sky Attack|p1a: Latias|[still]
|-prepare|p2a: MUCHA LUCHAAA|Sky Attack|p1a: Latias
|-enditem|p2a: MUCHA LUCHAAA|Power Herb
|-anim|p2a: MUCHA LUCHAAA|Sky Attack|p1a: Latias
|-damage|p1a: Latias|1\/319
|cant|p1a: Latias|flinch
|
|turn|9
|
|move|p2a: MUCHA LUCHAAA|Acrobatics|p1a: Latias
|-damage|p1a: Latias|0 fnt
|faint|p1a: Latias
|
|
|switch|p1a: Weavile|Weavile, F|281\/281
|turn|10
|
|move|p2a: MUCHA LUCHAAA|High Jump Kick|p1a: Weavile
|-supereffective|p1a: Weavile
|-enditem|p1a: Weavile|Focus Sash
|-damage|p1a: Weavile|1\/281
|move|p1a: Weavile|Icicle Crash|p2a: MUCHA LUCHAAA
|-supereffective|p2a: MUCHA LUCHAAA
|-damage|p2a: MUCHA LUCHAAA|0 fnt
|faint|p2a: MUCHA LUCHAAA
|
|
|switch|p2a: Venustoise|Venusaur, M|364\/364
|turn|11
|
|detailschange|p2a: Venustoise|Venusaur-Mega, M
|message|Venusaur has Mega Evolved into Mega Venusaur!
|move|p1a: Weavile|Icicle Crash|p2a: Venustoise
|-supereffective|p2a: Venustoise
|-damage|p2a: Venustoise|278\/364
|move|p2a: Venustoise|Leech Seed|p1a: Weavile
|-start|p1a: Weavile|move: Leech Seed
|
|-damage|p1a: Weavile|0 fnt|[from] Leech Seed|[of] p2a: Venustoise
|-heal|p2a: Venustoise|279\/364|[silent]
|faint|p1a: Weavile
|
|switch|p1a: Metagross|Metagross-Mega|125\/301
|turn|12
|
|switch|p2a: Anything you can d|Ditto|8\/300
|-transform|p2a: Anything you can d|p1a: Metagross
|move|p1a: Metagross|Zen Headbutt|p2a: Anything you can d
|-resisted|p2a: Anything you can d
|-damage|p2a: Anything you can d|0 fnt
|faint|p2a: Anything you can d
|
|
|switch|p2a: Not Garchomp|Flygon, M|302\/302
|turn|13
|
|switch|p1a: Tyranitar|Tyranitar, F|404\/404
|-weather|Sandstorm
|move|p2a: Not Garchomp|Earthquake|p1a: Tyranitar
|-supereffective|p1a: Tyranitar
|-damage|p1a: Tyranitar|186\/404
|
|-weather|Sandstorm|[upkeep]
|turn|14
|
|move|p2a: Not Garchomp|Earthquake|p1a: Tyranitar
|-supereffective|p1a: Tyranitar
|-damage|p1a: Tyranitar|0 fnt
|faint|p1a: Tyranitar
|
|-weather|Sandstorm|[upkeep]
|
|switch|p1a: Bisharp|Bisharp, F|271\/271
|turn|15
|
|switch|p2a: Venustoise|Venusaur-Mega, M|279\/364
|move|p1a: Bisharp|Sucker Punch|p2a: Venustoise
|-fail|p2a: Venustoise
|
|-weather|Sandstorm|[upkeep]
|-damage|p2a: Venustoise|257\/364|[from] sandstorm
|turn|16
|
|move|p1a: Bisharp|Knock Off|p2a: Venustoise
|-damage|p2a: Venustoise|154\/364
|-damage|p1a: Bisharp|244\/271|[from] item: Life Orb
|move|p2a: Venustoise|Leech Seed|p1a: Bisharp
|-start|p1a: Bisharp|move: Leech Seed
|
|-weather|Sandstorm|[upkeep]
|-damage|p2a: Venustoise|132\/364|[from] sandstorm
|-damage|p1a: Bisharp|211\/271|[from] Leech Seed|[of] p2a: Venustoise
|-heal|p2a: Venustoise|165\/364|[silent]
|turn|17
|
|switch|p1a: Metagross|Metagross-Mega|125\/301
|move|p2a: Venustoise|Synthesis|p2a: Venustoise
|-heal|p2a: Venustoise|256\/364
|
|-weather|none
|turn|18
|
|move|p1a: Metagross|Zen Headbutt|p2a: Venustoise
|-supereffective|p2a: Venustoise
|-damage|p2a: Venustoise|0 fnt
|faint|p2a: Venustoise
|
|
|switch|p2a: Not Garchomp|Flygon, M|302\/302
|turn|19
|
|move|p2a: Not Garchomp|Earthquake|p1a: Metagross
|-supereffective|p1a: Metagross
|-damage|p1a: Metagross|0 fnt
|faint|p1a: Metagross
|
|
|switch|p1a: Greninja|Greninja, M|285\/285
|turn|20
|
|switch|p2a: BLARGHLARGLE|Cradily, M|376\/376
|move|p1a: Greninja|Ice Beam|p2a: BLARGHLARGLE
|-start|p1a: Greninja|typechange|Ice|[from] Protean
|-supereffective|p2a: BLARGHLARGLE
|-damage|p2a: BLARGHLARGLE|124\/376
|-damage|p1a: Greninja|257\/285|[from] item: Life Orb
|
|-heal|p2a: BLARGHLARGLE|147\/376|[from] item: Leftovers
|turn|21
|c|âSpammernoob|Fak
|c|âSpammernoob|gg. :[
|
|move|p1a: Greninja|Ice Beam|p2a: BLARGHLARGLE
|-supereffective|p2a: BLARGHLARGLE
|-damage|p2a: BLARGHLARGLE|0 fnt
|-damage|p1a: Greninja|229\/285|[from] item: Life Orb
|faint|p2a: BLARGHLARGLE
|
Spammernoob made this room private.
|c|âtheawesomeafro|im not so sure
|
|switch|p2a: Not Garchomp|Flygon, M|302\/302
|turn|22
|
|move|p2a: Not Garchomp|Earthquake|p1a: Greninja
|-damage|p1a: Greninja|6\/285
|move|p1a: Greninja|Ice Beam|p2a: Not Garchomp
|-supereffective|p2a: Not Garchomp
|-damage|p2a: Not Garchomp|0 fnt
|-damage|p1a: Greninja|0 fnt|[from] item: Life Orb
|faint|p2a: Not Garchomp
|faint|p1a: Greninja
|
|win|Spammernoob
|c|âSpammernoob|gg. ;)