|join|Martsian
|join|Spammernoob
|player|p1|Martsian|2
|player|p2|Spammernoob|102
|gametype|singles
|gen|6
|tier|OU
|clearpoke
|poke|p1|Gardevoir, F
|poke|p1|Azumarill, F
|poke|p1|Klefki, F
|poke|p1|Togekiss, M
|poke|p1|Charizard, M
|poke|p1|Excadrill, M
|poke|p2|Sableye, M, shiny
|poke|p2|Scizor, F
|poke|p2|Tyranitar, F
|poke|p2|Bisharp, M, shiny
|poke|p2|Crawdaunt, F, shiny
|poke|p2|Greninja, M, shiny
|rule|Swagger Clause: Swagger is banned
|rule|Baton Pass Clause: Limit one PokÃ©mon knowing Baton Pass
|rule|Sleep Clause Mod: Limit one foe put to sleep
|rule|Species Clause: Limit one of each PokÃ©mon
|rule|OHKO Clause: OHKO moves are banned
|rule|Moody Clause: Moody is banned
|rule|Evasion Moves Clause: Evasion moves are banned
|rule|Endless Battle Clause: Forcing endless battles is banned
|rule|HP Percentage Mod: HP is shown in percentages
|teampreview
|c|âMartsian|gl hf
|c|âSpammernoob|D:
|
|start
|switch|p1a: Azumarill|Azumarill, F|403\/403
|switch|p2a: GOD-zilla|Tyranitar, F|404\/404
|-weather|Sandstorm
|turn|1
|
|move|p2a: GOD-zilla|Stealth Rock|p1a: Azumarill
|-sidestart|p1: Martsian|move: Stealth Rock
|move|p1a: Azumarill|Knock Off|p2a: GOD-zilla
|-resisted|p2a: GOD-zilla
|-damage|p2a: GOD-zilla|340\/404
|-enditem|p2a: GOD-zilla|Leftovers|[from] move: Knock Off|[of] p1a: Azumarill
|
|-weather|Sandstorm|[upkeep]
|-damage|p1a: Azumarill|378\/403|[from] sandstorm
|turn|2
|
|move|p2a: GOD-zilla|Fire Blast|p1a: Azumarill
|-resisted|p1a: Azumarill
|-damage|p1a: Azumarill|342\/403
|move|p1a: Azumarill|Waterfall|p2a: GOD-zilla
|-supereffective|p2a: GOD-zilla
|-damage|p2a: GOD-zilla|8\/404
|
|-weather|Sandstorm|[upkeep]
|-damage|p1a: Azumarill|317\/403|[from] sandstorm
|turn|3
|c|âSpammernoob|I BELIEVE
|c|âSpammernoob|Dang.
|
|move|p1a: Azumarill|Aqua Jet|p2a: GOD-zilla
|-supereffective|p2a: GOD-zilla
|-damage|p2a: GOD-zilla|0 fnt
|faint|p2a: GOD-zilla
|
|-weather|Sandstorm|[upkeep]
|-damage|p1a: Azumarill|292\/403|[from] sandstorm
|c|âSpammernoob|Hoping for Burn. xD
|
|switch|p2a: NoCounters|Greninja, M, shiny|285\/285
|turn|4
|
|switch|p2a: 1 Rupee! :|Sableye, M, shiny|304\/304
|switch|p1a: Klefki|Klefki, F|318\/318
|-damage|p1a: Klefki|299\/318|[from] Stealth Rock
|
|-weather|Sandstorm|[upkeep]
|-damage|p2a: 1 Rupee! :|285\/304|[from] sandstorm
|-heal|p1a: Klefki|318\/318|[from] item: Leftovers
|turn|5
|c|âMartsian|well...
|
|switch|p1a: Togekiss|Togekiss, M|374\/374
|-damage|p1a: Togekiss|281\/374|[from] Stealth Rock
|detailschange|p2a: 1 Rupee! :|Sableye-Mega, M, shiny
|message|Sableye has Mega Evolved into Mega Sableye!
|move|p2a: 1 Rupee! :|Will-O-Wisp|p1a: Togekiss
|-status|p1a: Togekiss|brn
|
|-weather|none
|-heal|p1a: Togekiss|304\/374 brn|[from] item: Leftovers
|-damage|p1a: Togekiss|258\/374 brn|[from] brn
|turn|6
|
|switch|p2a: Spammer #1|Bisharp, M, shiny|272\/272
|move|p1a: Togekiss|Defog|p2a: Spammer #1
|-unboost|p2a: Spammer #1|evasion|1
|-boost|p2a: Spammer #1|atk|2|[from] ability: Defiant
|-sideend|p1: Martsian|Stealth Rock|[from] move: Defog|[of] p1a: Togekiss
|
|-heal|p1a: Togekiss|281\/374 brn|[from] item: Leftovers
|-damage|p1a: Togekiss|235\/374 brn|[from] brn
|turn|7
|
|move|p2a: Spammer #1|Substitute|p2a: Spammer #1
|-start|p2a: Spammer #1|Substitute
|-damage|p2a: Spammer #1|204\/272
|move|p1a: Togekiss|Thunder Wave|p2a: Spammer #1
|
|-heal|p1a: Togekiss|258\/374 brn|[from] item: Leftovers
|-damage|p1a: Togekiss|212\/374 brn|[from] brn
|turn|8
|
|move|p2a: Spammer #1|Iron Head|p1a: Togekiss
|-supereffective|p1a: Togekiss
|-damage|p1a: Togekiss|0 fnt
|-damage|p2a: Spammer #1|177\/272|[from] item: Life Orb
|faint|p1a: Togekiss
|
|
|switch|p1a: Klefki|Klefki, F|318\/318
|turn|9
|
|move|p2a: Spammer #1|Iron Head|p1a: Klefki
|-damage|p1a: Klefki|28\/318
|-damage|p2a: Spammer #1|150\/272|[from] item: Life Orb
|cant|p1a: Klefki|flinch
|
|-heal|p1a: Klefki|47\/318|[from] item: Leftovers
|turn|10
|
|move|p1a: Klefki|Spikes|p2a: Spammer #1
|-sidestart|p2: Spammernoob|Spikes
|move|p2a: Spammer #1|Iron Head|p1a: Klefki
|-damage|p1a: Klefki|0 fnt
|-damage|p2a: Spammer #1|123\/272|[from] item: Life Orb
|faint|p1a: Klefki
|
|c|âSpammernoob|Did this legit happen? :3
|
|switch|p1a: Azumarill|Azumarill, F|292\/403
|turn|11
|c|âMartsian|come on man
|
|move|p1a: Azumarill|Aqua Jet|p2a: Spammer #1
|-end|p2a: Spammer #1|Substitute
|move|p2a: Spammer #1|Iron Head|p1a: Azumarill
|-damage|p1a: Azumarill|0 fnt
|-damage|p2a: Spammer #1|96\/272|[from] item: Life Orb
|faint|p1a: Azumarill
|
|c|âMartsian|gg
|c|âMartsian|told ya
|c|âSpammernoob|Yeah?
|c|âSpammernoob|This is Dark vs. Fairy
|c|âMartsian|yes
|c|âMartsian|y but my team sucks
|
|switch|p1a: Excadrill|Excadrill, M|361\/361
|-ability|p1a: Excadrill|Mold Breaker
|turn|12
|c|âSpammernoob|Where's the Scarf-Rotom we all know and love?
|
|move|p2a: Spammer #1|Sucker Punch|p1a: Excadrill
|-damage|p1a: Excadrill|0 fnt
|-damage|p2a: Spammer #1|69\/272|[from] item: Life Orb
|faint|p1a: Excadrill
|
|c|âSpammernoob|;-;
|
|switch|p1a: Charizard|Charizard, M|298\/298
|turn|13
|
|detailschange|p1a: Charizard|Charizard-Mega-Y, M
|message|Charizard has Mega Evolved into Mega Charizard!
|-weather|SunnyDay
|move|p2a: Spammer #1|Sucker Punch|p1a: Charizard
|-damage|p1a: Charizard|0 fnt
|-damage|p2a: Spammer #1|42\/272|[from] item: Life Orb
|faint|p1a: Charizard
|
|-weather|SunnyDay|[upkeep]
|
|switch|p1a: Gardevoir|Gardevoir, F|277\/277
|-ability|p1a: Gardevoir|Defiant|[from] ability: Trace|[of] p2a: Spammer #1
|turn|14
|c|âSpammernoob|Knew it was Y. :3
|c|âMartsian|told ya
|
|move|p2a: Spammer #1|Sucker Punch|p1a: Gardevoir
|-damage|p1a: Gardevoir|0 fnt
|-damage|p2a: Spammer #1|15\/272|[from] item: Life Orb
|faint|p1a: Gardevoir
|
|win|Spammernoob
|c|âSpammernoob|X reks Bisharp