|join|Endrew
|join|Spammernoob
|player|p1|Endrew|169
|player|p2|Spammernoob|266
|gametype|singles
|gen|6
|tier|OU
|clearpoke
|poke|p1|Breloom, M
|poke|p1|Tyranitar, F
|poke|p1|Zapdos
|poke|p1|Conkeldurr, F
|poke|p1|Excadrill, M
|poke|p1|Slowbro, F
|poke|p2|Greninja, M
|poke|p2|Latias, F
|poke|p2|Bisharp, M
|poke|p2|Metagross
|poke|p2|Crawdaunt, F
|poke|p2|Tyranitar, M
|rule|Swagger Clause: Swagger is banned
|rule|Baton Pass Clause: Limit one PokÃ©mon knowing Baton Pass
|rule|Sleep Clause Mod: Limit one foe put to sleep
|rule|Species Clause: Limit one of each PokÃ©mon
|rule|OHKO Clause: OHKO moves are banned
|rule|Moody Clause: Moody is banned
|rule|Evasion Moves Clause: Evasion moves are banned
|rule|Endless Battle Clause: Forcing endless battles is banned
|rule|HP Percentage Mod: HP is shown in percentages
|teampreview
|
|start
|switch|p1a: Excadrill|Excadrill, M|361\/361
|switch|p2a: Tyranitar|Tyranitar, M|404\/404
|-weather|Sandstorm
|turn|1
|
|move|p1a: Excadrill|Drill Run|p2a: Tyranitar
|-supereffective|p2a: Tyranitar
|-damage|p2a: Tyranitar|126\/404
|move|p2a: Tyranitar|Fire Blast|p1a: Excadrill
|-supereffective|p1a: Excadrill
|-damage|p1a: Excadrill|141\/361
|
|-weather|Sandstorm|[upkeep]
|turn|2
|
|move|p1a: Excadrill|Drill Run|p2a: Tyranitar
|-supereffective|p2a: Tyranitar
|-damage|p2a: Tyranitar|0 fnt
|faint|p2a: Tyranitar
|
|-weather|Sandstorm|[upkeep]
|
|switch|p2a: Crawdaunt|Crawdaunt, F|267\/267
|turn|3
|
|move|p2a: Crawdaunt|Aqua Jet|p1a: Excadrill
|-supereffective|p1a: Excadrill
|-damage|p1a: Excadrill|0 fnt
|-damage|p2a: Crawdaunt|223\/267|[from] item: Rocky Helmet|[of] p1a: Excadrill
|-damage|p2a: Crawdaunt|197\/267|[from] item: Life Orb
|faint|p1a: Excadrill
|
|-weather|Sandstorm|[upkeep]
|-damage|p2a: Crawdaunt|181\/267|[from] sandstorm
|
|switch|p1a: Breloom|Breloom, M|282\/282
|turn|4
|
|switch|p2a: Latias|Latias, F|319\/319
|move|p1a: Breloom|Sky Uppercut|p2a: Latias
|-resisted|p2a: Latias
|-damage|p2a: Latias|245\/319
|
|-weather|Sandstorm|[upkeep]
|-damage|p2a: Latias|226\/319|[from] sandstorm
|-damage|p1a: Breloom|265\/282|[from] sandstorm
|turn|5
|
|move|p2a: Latias|Psyshock|p1a: Breloom
|-crit|p1a: Breloom
|-supereffective|p1a: Breloom
|-damage|p1a: Breloom|0 fnt
|-damage|p2a: Latias|195\/319|[from] item: Life Orb
|faint|p1a: Breloom
|
|-weather|none
|
|switch|p1a: Tyranitar|Tyranitar, F|341\/341
|-weather|Sandstorm
|turn|6
|
|switch|p2a: Greninja|Greninja, M|285\/285
|detailschange|p1a: Tyranitar|Tyranitar-Mega, F
|message|Tyranitar has Mega Evolved into Mega Tyranitar!
|move|p1a: Tyranitar|Ice Beam|p2a: Greninja
|-crit|p2a: Greninja
|-resisted|p2a: Greninja
|-damage|p2a: Greninja|208\/285
|-status|p2a: Greninja|frz
|
|-weather|Sandstorm|[upkeep]
|-damage|p2a: Greninja|191\/285 frz|[from] sandstorm
|turn|7
|
|cant|p2a: Greninja|frz
|move|p1a: Tyranitar|Thunderbolt|p2a: Greninja
|-supereffective|p2a: Greninja
|-damage|p2a: Greninja|0 fnt
|faint|p2a: Greninja
|
|-weather|Sandstorm|[upkeep]
|
|switch|p2a: Metagross|Metagross|301\/301
|turn|8
|
|detailschange|p2a: Metagross|Metagross-Mega
|message|Metagross has Mega Evolved into Mega Metagross!
|move|p2a: Metagross|Meteor Mash|p1a: Tyranitar
|-supereffective|p1a: Tyranitar
|-damage|p1a: Tyranitar|35\/341
|move|p1a: Tyranitar|Flamethrower|p2a: Metagross
|-supereffective|p2a: Metagross
|-damage|p2a: Metagross|169\/301
|
|-weather|Sandstorm|[upkeep]
|turn|9
|
|move|p2a: Metagross|Earthquake|p1a: Tyranitar
|-supereffective|p1a: Tyranitar
|-damage|p1a: Tyranitar|0 fnt
|faint|p1a: Tyranitar
|
|-weather|Sandstorm|[upkeep]
|
|switch|p1a: Slowbro|Slowbro, F|352\/352
|turn|10
|
|switch|p2a: Crawdaunt|Crawdaunt, F|181\/267
|move|p1a: Slowbro|Earthquake|p2a: Crawdaunt
|-damage|p2a: Crawdaunt|104\/267
|
|-weather|none
|turn|11
|
|move|p2a: Crawdaunt|Knock Off|p1a: Slowbro
|-supereffective|p1a: Slowbro
|-damage|p1a: Slowbro|0 fnt
|-enditem|p1a: Slowbro|Icicle Plate|[from] move: Knock Off|[of] p2a: Crawdaunt
|-damage|p2a: Crawdaunt|78\/267|[from] item: Life Orb
|faint|p1a: Slowbro
|
|
|switch|p1a: Zapdos|Zapdos|321\/321
|-ability|p1a: Zapdos|Pressure
|turn|12
|
|move|p2a: Crawdaunt|Aqua Jet|p1a: Zapdos
|-damage|p1a: Zapdos|149\/321
|-damage|p2a: Crawdaunt|52\/267|[from] item: Life Orb
|move|p1a: Zapdos|Thunder|p2a: Crawdaunt|[miss]
|-miss|p1a: Zapdos|p2a: Crawdaunt
|
|turn|13
|c|âSpammernoob|^Hax. xD
|
|move|p2a: Crawdaunt|Aqua Jet|p1a: Zapdos
|-damage|p1a: Zapdos|0 fnt
|-damage|p2a: Crawdaunt|26\/267|[from] item: Life Orb
|faint|p1a: Zapdos
|
|c|âSpammernoob|Though why do you run Thunder Zapdos?
|c|âSpammernoob|gg xD
|
|switch|p1a: Conkeldurr|Conkeldurr, F|372\/372
|turn|14
|c|âSpammernoob|I have 2 things for Conk
|
|move|p2a: Crawdaunt|Aqua Jet|p1a: Conkeldurr
|-crit|p1a: Conkeldurr
|-damage|p1a: Conkeldurr|182\/372
|-damage|p2a: Crawdaunt|0 fnt|[from] item: Life Orb
|faint|p2a: Crawdaunt
|move|p1a: Conkeldurr|Fire Punch|p2: Crawdaunt|[notarget]
|-notarget
|
|
|switch|p2a: Latias|Latias, F|195\/319
|turn|15
|
|move|p2a: Latias|Psyshock|p1a: Conkeldurr
|-supereffective|p1a: Conkeldurr
|-damage|p1a: Conkeldurr|0 fnt
|-damage|p2a: Latias|164\/319|[from] item: Life Orb
|faint|p1a: Conkeldurr
|
|win|Spammernoob