|join|Slowbroongus
|join|Spammernoob
|player|p1|Slowbroongus|1
|player|p2|Spammernoob|101
|gametype|singles
|gen|6
|tier|OU
|clearpoke
|poke|p1|Greninja, M
|poke|p1|Rotom-Wash
|poke|p1|Gliscor, F
|poke|p1|Talonflame, F
|poke|p1|Lopunny, M
|poke|p1|Gastrodon, F
|poke|p2|Greninja, M
|poke|p2|Latias, F
|poke|p2|Bisharp, M
|poke|p2|Metagross
|poke|p2|Crawdaunt, F
|poke|p2|Tyranitar, M
|rule|Swagger Clause: Swagger is banned
|rule|Baton Pass Clause: Limit one PokÃ©mon knowing Baton Pass
|rule|Sleep Clause Mod: Limit one foe put to sleep
|rule|Species Clause: Limit one of each PokÃ©mon
|rule|OHKO Clause: OHKO moves are banned
|rule|Moody Clause: Moody is banned
|rule|Evasion Moves Clause: Evasion moves are banned
|rule|Endless Battle Clause: Forcing endless battles is banned
|rule|HP Percentage Mod: HP is shown in percentages
|teampreview
|c|âSlowbroongus| (ï»¿ Í¡Â° ÍÊ Í¡Â°)
|c|âSpammernoob|Lemme tell ya... I hate your team.
|c|âSlowbroongus|but why?
|
|start
|switch|p1a: Death|Lopunny, M|271\/271
|switch|p2a: Metagross|Metagross|301\/301
|turn|1
|
|detailschange|p1a: Death|Lopunny-Mega, M
|message|Lopunny has Mega Evolved into Mega Lopunny!
|detailschange|p2a: Metagross|Metagross-Mega
|message|Metagross has Mega Evolved into Mega Metagross!
|move|p1a: Death|Fake Out|p2a: Metagross
|-resisted|p2a: Metagross
|-damage|p2a: Metagross|276\/301
|cant|p2a: Metagross|flinch
|
|turn|2
|c|âSpammernoob|^This cancer
|
|switch|p1a: Buff Zubat|Gliscor, F|352\/352
|move|p2a: Metagross|Zen Headbutt|p1a: Buff Zubat
|-damage|p1a: Buff Zubat|189\/352
|
|-status|p1a: Buff Zubat|tox|[from] item: Toxic Orb
|turn|3
|
|switch|p2a: Latias|Latias, F|319\/319
|move|p1a: Buff Zubat|Protect|p1a: Buff Zubat
|-fail|p1a: Buff Zubat
|
|-heal|p1a: Buff Zubat|233\/352 tox|[from] ability: Poison Heal
|turn|4
|c|âSlowbroongus|I don't see the problem
|
|move|p1a: Buff Zubat|Protect|p1a: Buff Zubat
|-singleturn|p1a: Buff Zubat|Protect
|move|p2a: Latias|Draco Meteor|p1a: Buff Zubat
|-activate|p1a: Buff Zubat|Protect
|
|-heal|p1a: Buff Zubat|277\/352 tox|[from] ability: Poison Heal
|turn|5
|c|âSpammernoob|Lopunny breaks through all of my teams.
|
|switch|p1a: KFC|Talonflame, F|359\/359
|move|p2a: Latias|Draco Meteor|p1a: KFC
|-damage|p1a: KFC|145\/359
|-unboost|p2a: Latias|spa|2
|-damage|p2a: Latias|288\/319|[from] item: Life Orb
|
|-heal|p1a: KFC|167\/359|[from] item: Leftovers
|turn|6
|
|switch|p2a: Tyranitar|Tyranitar, M|404\/404
|-weather|Sandstorm
|move|p1a: KFC|Will-O-Wisp|p2a: Tyranitar
|-status|p2a: Tyranitar|brn
|
|-weather|Sandstorm|[upkeep]
|-damage|p1a: KFC|145\/359|[from] sandstorm
|-heal|p1a: KFC|167\/359|[from] item: Leftovers
|-damage|p2a: Tyranitar|354\/404 brn|[from] brn
|turn|7
|
|move|p1a: KFC|Roost|p1a: KFC
|-heal|p1a: KFC|347\/359
|move|p2a: Tyranitar|Stone Edge|p1a: KFC
|-supereffective|p1a: KFC
|-damage|p1a: KFC|161\/359
|
|-weather|Sandstorm|[upkeep]
|-damage|p1a: KFC|139\/359|[from] sandstorm
|-heal|p1a: KFC|161\/359|[from] item: Leftovers
|-damage|p2a: Tyranitar|304\/404 brn|[from] brn
|turn|8
|c|âSpammernoob|SpD Talon is evil. lol
|
|switch|p2a: Latias|Latias, F|288\/319
|move|p1a: KFC|Roost|p1a: KFC
|-heal|p1a: KFC|341\/359
|
|-weather|Sandstorm|[upkeep]
|-damage|p2a: Latias|269\/319|[from] sandstorm
|-damage|p1a: KFC|319\/359|[from] sandstorm
|-heal|p1a: KFC|341\/359|[from] item: Leftovers
|turn|9
|c|âSlowbroongus|it just wants to be loved
|
|move|p2a: Latias|Psyshock|p1a: KFC
|-damage|p1a: KFC|142\/359
|-damage|p2a: Latias|238\/319|[from] item: Life Orb
|move|p1a: KFC|Will-O-Wisp|p2a: Latias
|-status|p2a: Latias|brn
|
|-weather|Sandstorm|[upkeep]
|-damage|p2a: Latias|219\/319 brn|[from] sandstorm
|-damage|p1a: KFC|120\/359|[from] sandstorm
|-heal|p1a: KFC|142\/359|[from] item: Leftovers
|-damage|p2a: Latias|180\/319 brn|[from] brn
|turn|10
|
|move|p1a: KFC|Roost|p1a: KFC
|-heal|p1a: KFC|322\/359
|move|p2a: Latias|Psyshock|p1a: KFC
|-damage|p1a: KFC|110\/359
|-damage|p2a: Latias|149\/319 brn|[from] item: Life Orb
|
|-weather|none
|-heal|p1a: KFC|132\/359|[from] item: Leftovers
|-damage|p2a: Latias|110\/319 brn|[from] brn
|turn|11
|
|move|p1a: KFC|Brave Bird|p2a: Latias
|-damage|p2a: Latias|0 fnt
|-damage|p1a: KFC|96\/359|[from] recoil|[of] p2a: Latias
|faint|p2a: Latias
|
|-heal|p1a: KFC|118\/359|[from] item: Leftovers
|
|switch|p2a: Crawdaunt|Crawdaunt, F|267\/267
|turn|12
|c|âSlowbroongus|hm...
|c|âSlowbroongus|this thing never has safe switch-ins
|c|âSpammernoob|No switch-ins tho
|
|switch|p1a: Dirty Snail|Gastrodon, F|426\/426
|move|p2a: Crawdaunt|Aqua Jet|p1a: Dirty Snail
|-boost|p1a: Dirty Snail|spa|1|[from] ability: Storm Drain
|
|turn|13
|c|âSpammernoob|Crabhammer\/Knock Off
|
|switch|p2a: Greninja|Greninja, M|285\/285
|move|p1a: Dirty Snail|Earth Power|p2a: Greninja
|-damage|p2a: Greninja|78\/285
|
|turn|14
|
|move|p2a: Greninja|Grass Knot|p1a: Dirty Snail
|-start|p2a: Greninja|typechange|Grass|[from] Protean
|-supereffective|p1a: Dirty Snail
|-damage|p1a: Dirty Snail|0 fnt
|-damage|p2a: Greninja|50\/285|[from] item: Life Orb
|faint|p1a: Dirty Snail
|
|
|switch|p1a: KFC|Talonflame, F|118\/359
|turn|15
|c|âSpammernoob|So annoying trying to play with 1 hand. lol
|
|switch|p2a: Tyranitar|Tyranitar, M|304\/404 brn
|-weather|Sandstorm
|move|p1a: KFC|Brave Bird|p2a: Tyranitar
|-resisted|p2a: Tyranitar
|-damage|p2a: Tyranitar|262\/404 brn
|-damage|p1a: KFC|104\/359|[from] recoil|[of] p2a: Tyranitar
|
|-weather|Sandstorm|[upkeep]
|-damage|p1a: KFC|82\/359|[from] sandstorm
|-heal|p1a: KFC|104\/359|[from] item: Leftovers
|-damage|p2a: Tyranitar|212\/404 brn|[from] brn
|turn|16
|
|move|p1a: KFC|Roost|p1a: KFC
|-heal|p1a: KFC|284\/359
|move|p2a: Tyranitar|Stone Edge|p1a: KFC|[miss]
|-miss|p2a: Tyranitar|p1a: KFC
|
|-weather|Sandstorm|[upkeep]
|-damage|p1a: KFC|262\/359|[from] sandstorm
|-heal|p1a: KFC|284\/359|[from] item: Leftovers
|-damage|p2a: Tyranitar|162\/404 brn|[from] brn
|turn|17
|
|switch|p1a: Buff Zubat|Gliscor, F|277\/352 tox
|move|p2a: Tyranitar|Stone Edge|p1a: Buff Zubat
|-damage|p1a: Buff Zubat|226\/352 tox
|
|-weather|Sandstorm|[upkeep]
|-heal|p1a: Buff Zubat|270\/352 tox|[from] ability: Poison Heal
|-damage|p2a: Tyranitar|112\/404 brn|[from] brn
|turn|18
|
|move|p1a: Buff Zubat|Substitute|p1a: Buff Zubat
|-start|p1a: Buff Zubat|Substitute
|-damage|p1a: Buff Zubat|182\/352 tox
|move|p2a: Tyranitar|Ice Beam|p1a: Buff Zubat
|-supereffective|p1a: Buff Zubat
|-end|p1a: Buff Zubat|Substitute
|
|-weather|Sandstorm|[upkeep]
|-heal|p1a: Buff Zubat|226\/352 tox|[from] ability: Poison Heal
|-damage|p2a: Tyranitar|62\/404 brn|[from] brn
|turn|19
|c|âSpammernoob|How about no? :3
|
|move|p1a: Buff Zubat|Earthquake|p2a: Tyranitar
|-crit|p2a: Tyranitar
|-supereffective|p2a: Tyranitar
|-damage|p2a: Tyranitar|0 fnt
|faint|p2a: Tyranitar
|
|-weather|none
|-heal|p1a: Buff Zubat|270\/352 tox|[from] ability: Poison Heal
|
|switch|p2a: Greninja|Greninja, M|50\/285
|turn|20
|
|move|p1a: Buff Zubat|Protect|p1a: Buff Zubat
|-singleturn|p1a: Buff Zubat|Protect
|move|p2a: Greninja|Ice Beam|p1a: Buff Zubat
|-start|p2a: Greninja|typechange|Ice|[from] Protean
|-activate|p1a: Buff Zubat|Protect
|
|-heal|p1a: Buff Zubat|314\/352 tox|[from] ability: Poison Heal
|turn|21
|c|âSlowbroongus|how about I outspeed
|c|âSlowbroongus| (ï»¿ Í¡Â° ÍÊ Í¡Â°)
|
|switch|p1a: Hanzo|Greninja, M|285\/285
|move|p2a: Greninja|Ice Beam|p1a: Hanzo
|-resisted|p1a: Hanzo
|-damage|p1a: Hanzo|145\/285
|-damage|p2a: Greninja|22\/285|[from] item: Life Orb
|
|turn|22
|
|move|p1a: Hanzo|Grass Knot|p2a: Greninja
|-start|p1a: Hanzo|typechange|Grass|[from] Protean
|-damage|p2a: Greninja|0 fnt
|-damage|p1a: Hanzo|117\/285|[from] item: Life Orb
|faint|p2a: Greninja
|
|
|switch|p2a: Bisharp|Bisharp, M|271\/271
|turn|23
|c|âSpammernoob|lol I lose.
|c|âSlowbroongus|I wouldn't say that
|
|switch|p1a: Buff Zubat|Gliscor, F|314\/352 tox
|move|p2a: Bisharp|Knock Off|p1a: Buff Zubat
|-damage|p1a: Buff Zubat|141\/352 tox
|-enditem|p1a: Buff Zubat|Toxic Orb|[from] move: Knock Off|[of] p2a: Bisharp
|-damage|p2a: Bisharp|244\/271|[from] item: Life Orb
|
|-heal|p1a: Buff Zubat|185\/352 tox|[from] ability: Poison Heal
|turn|24
|c|âSpammernoob|Scrotom-W tho
|
|switch|p2a: Crawdaunt|Crawdaunt, F|267\/267
|move|p1a: Buff Zubat|Earthquake|p2a: Crawdaunt
|-damage|p2a: Crawdaunt|146\/267
|
|-heal|p1a: Buff Zubat|229\/352 tox|[from] ability: Poison Heal
|turn|25
|c|âSlowbroongus|I thought you were SD
|
|switch|p1a: Hanzo|Greninja, M|117\/285
|move|p2a: Crawdaunt|Crabhammer|p1a: Hanzo
|-resisted|p1a: Hanzo
|-damage|p1a: Hanzo|0 fnt
|-damage|p2a: Crawdaunt|120\/267|[from] item: Life Orb
|faint|p1a: Hanzo
|
|c|âSpammernoob|Nah, Low Kick now
|c|âSlowbroongus|thank Glob
|
|switch|p1a: Washington|Rotom-Wash|303\/303
|turn|26
|
|move|p1a: Washington|Volt Switch|p2a: Crawdaunt
|-supereffective|p2a: Crawdaunt
|-damage|p2a: Crawdaunt|0 fnt
|faint|p2a: Crawdaunt
|
|switch|p1a: Buff Zubat|Gliscor, F|229\/352 tox
|
|-heal|p1a: Buff Zubat|273\/352 tox|[from] ability: Poison Heal
|c|âSpammernoob|I resign. lol
|c|âSlowbroongus|gg mate
|leave|Spammernoob
|player|p2
|join|Spammernoob
|player|p2|Spammernoob|101
|c|âSlowbroongus|gotta save the replays
|
|switch|p2a: Bisharp|Bisharp, M|244\/271
|turn|27
|
|move|p1a: Buff Zubat|Earthquake|p2a: Bisharp
|-supereffective|p2a: Bisharp
|-damage|p2a: Bisharp|8\/271
|move|p2a: Bisharp|Iron Head|p1a: Buff Zubat
|-damage|p1a: Buff Zubat|116\/352 tox
|-damage|p2a: Bisharp|0 fnt|[from] item: Life Orb
|faint|p2a: Bisharp
|
|-heal|p1a: Buff Zubat|160\/352 tox|[from] ability: Poison Heal
|
|switch|p2a: Metagross|Metagross-Mega|276\/301
|turn|28
|c|âSlowbroongus|forgot you still had that
|c|âSpammernoob|*reveals Hone Claws
|c|âSlowbroongus|O_O
|
|move|p2a: Metagross|Zen Headbutt|p1a: Buff Zubat
|-damage|p1a: Buff Zubat|15\/352 tox
|move|p1a: Buff Zubat|Earthquake|p2a: Metagross
|-supereffective|p2a: Metagross
|-damage|p2a: Metagross|124\/301
|
|-heal|p1a: Buff Zubat|59\/352 tox|[from] ability: Poison Heal
|turn|29
|c|âSpammernoob|*Gets flinch
|
|move|p1a: Buff Zubat|Protect|p1a: Buff Zubat
|-singleturn|p1a: Buff Zubat|Protect
|move|p2a: Metagross|Meteor Mash|p1a: Buff Zubat
|-activate|p1a: Buff Zubat|Protect
|
|-heal|p1a: Buff Zubat|103\/352 tox|[from] ability: Poison Heal
|turn|30
|
|move|p2a: Metagross|Meteor Mash|p1a: Buff Zubat
|-damage|p1a: Buff Zubat|0 fnt
|faint|p1a: Buff Zubat
|
|c|âSpammernoob|^Should've Meter-Mashed
|c|âSpammernoob|gg tho
|
|switch|p1a: Death|Lopunny-Mega, M|271\/271
|turn|31
|
|move|p1a: Death|Fake Out|p2a: Metagross
|-resisted|p2a: Metagross
|-damage|p2a: Metagross|100\/301
|cant|p2a: Metagross|flinch
|
|turn|32
|
|move|p1a: Death|Return|p2a: Metagross
|-resisted|p2a: Metagross
|-damage|p2a: Metagross|35\/301
|move|p2a: Metagross|Zen Headbutt|p1a: Death|[miss]
|-miss|p2a: Metagross|p1a: Death
|
|turn|33
|
|move|p2a: Metagross|Bullet Punch|p1a: Death
|-damage|p1a: Death|160\/271
|move|p1a: Death|Return|p2a: Metagross
|-resisted|p2a: Metagross
|-damage|p2a: Metagross|0 fnt
|faint|p2a: Metagross
|
|win|Slowbroongus
|c|âSpammernoob|Spare me. lol
|c|âSlowbroongus|xD
|c|âSpammernoob|I hate this team.
|c|âSlowbroongus|sorry mate
|c|âSpammernoob|I'll probably just use my 1-wildcard team
|c|âSlowbroongus|which one was that?
|c|âSlowbroongus|your old Gym team?