|join|RafaelH
|join|Spammernoob
|player|p1|RafaelH|17
|player|p2|Spammernoob|2
|gametype|singles
|gen|6
|tier|OU
|clearpoke
|poke|p1|Charizard, F
|poke|p1|Gliscor, F
|poke|p1|Clefable, F
|poke|p1|Tentacruel, M
|poke|p1|Cresselia, F
|poke|p1|Meloetta
|poke|p2|Greninja, F
|poke|p2|Latias, F
|poke|p2|Bisharp, M
|poke|p2|Metagross
|poke|p2|Crawdaunt, F
|poke|p2|Tyranitar, M
|rule|Swagger Clause: Swagger is banned
|rule|Baton Pass Clause: Limit one PokÃ©mon knowing Baton Pass
|rule|Sleep Clause Mod: Limit one foe put to sleep
|rule|Species Clause: Limit one of each PokÃ©mon
|rule|OHKO Clause: OHKO moves are banned
|rule|Moody Clause: Moody is banned
|rule|Evasion Moves Clause: Evasion moves are banned
|rule|Endless Battle Clause: Forcing endless battles is banned
|rule|HP Percentage Mod: HP is shown in percentages
|teampreview
|
|start
|switch|p1a: Meloetta|Meloetta|369\/369
|switch|p2a: Tyranitar|Tyranitar, M|404\/404
|-weather|Sandstorm
|turn|1
|
|move|p1a: Meloetta|Focus Blast|p2a: Tyranitar
|-supereffective|p2a: Tyranitar
|-damage|p2a: Tyranitar|124\/404
|-unboost|p2a: Tyranitar|spd|1
|move|p2a: Tyranitar|Pursuit|p1a: Meloetta
|-supereffective|p1a: Meloetta
|-damage|p1a: Meloetta|223\/369
|
|-weather|Sandstorm|[upkeep]
|-damage|p1a: Meloetta|200\/369|[from] sandstorm
|-heal|p1a: Meloetta|223\/369|[from] item: Leftovers
|turn|2
|
|switch|p2a: Latias|Latias, F|319\/319
|move|p1a: Meloetta|Focus Blast|p2a: Latias
|-resisted|p2a: Latias
|-damage|p2a: Latias|259\/319
|-unboost|p2a: Latias|spd|1
|
|-weather|Sandstorm|[upkeep]
|-damage|p2a: Latias|240\/319|[from] sandstorm
|-damage|p1a: Meloetta|200\/369|[from] sandstorm
|-heal|p1a: Meloetta|223\/369|[from] item: Leftovers
|turn|3
|
|move|p2a: Latias|Draco Meteor|p1a: Meloetta
|-damage|p1a: Meloetta|7\/369
|-unboost|p2a: Latias|spa|2
|-damage|p2a: Latias|209\/319|[from] item: Life Orb
|move|p1a: Meloetta|Shadow Ball|p2a: Latias
|-supereffective|p2a: Latias
|-damage|p2a: Latias|0 fnt
|faint|p2a: Latias
|
|-weather|Sandstorm|[upkeep]
|-damage|p1a: Meloetta|0 fnt|[from] sandstorm
|faint|p1a: Meloetta
|c|âSpammernoob|AV Meloetta. O.o
|c|âRafaelH|nahh, meloetta's just bulky in special def :3
|c|âSpammernoob|!dt meloetta
|c|~|\/data-pokemon Meloetta
|raw|<font size="1"><font color=#585858>Dex#:<\/font> 648&nbsp;|&ThickSpace;<font color=#585858>Height:<\/font> 0.6 m&nbsp;|&ThickSpace;<font color=#585858>Weight:<\/font> 6.5 kg <em>(20 BP)<\/em>&nbsp;|&ThickSpace;<font color=#585858>Dex Colour:<\/font> White&nbsp;|&ThickSpace;<font color=#585858>Egg Group(s):<\/font> Undiscovered&nbsp;|&ThickSpace;<font color=#585858><font color=#585858>Does Not Evolve<\/font><\/font><\/font>
|c|âSpammernoob|True
|
|switch|p1a: Gliscor|Gliscor, F|354\/354
|switch|p2a: Tyranitar|Tyranitar, M|124\/404
|turn|4
|
|move|p1a: Gliscor|Substitute|p1a: Gliscor
|-start|p1a: Gliscor|Substitute
|-damage|p1a: Gliscor|266\/354
|move|p2a: Tyranitar|Ice Beam|p1a: Gliscor
|-supereffective|p1a: Gliscor
|-end|p1a: Gliscor|Substitute
|
|-weather|Sandstorm|[upkeep]
|-status|p1a: Gliscor|tox|[from] item: Toxic Orb
|turn|5
|
|move|p1a: Gliscor|Earthquake|p2a: Tyranitar
|-supereffective|p2a: Tyranitar
|-damage|p2a: Tyranitar|0 fnt
|faint|p2a: Tyranitar
|
|-weather|none
|-heal|p1a: Gliscor|310\/354 tox|[from] ability: Poison Heal
|c|âSpammernoob|Surprise. lol
|
|switch|p2a: Greninja|Greninja, F|285\/285
|turn|6
|c|âRafaelH|aww this guy...
|
|switch|p2a: Crawdaunt|Crawdaunt, F|267\/267
|switch|p1a: Clefable|Clefable, F|393\/393
|
|turn|7
|
|move|p2a: Crawdaunt|Crabhammer|p1a: Clefable
|-damage|p1a: Clefable|130\/393
|-damage|p2a: Crawdaunt|241\/267|[from] item: Life Orb
|move|p1a: Clefable|Moonblast|p2a: Crawdaunt
|-supereffective|p2a: Crawdaunt
|-damage|p2a: Crawdaunt|0 fnt
|faint|p2a: Crawdaunt
|
|-heal|p1a: Clefable|154\/393|[from] item: Leftovers
|
|switch|p2a: Metagross|Metagross|301\/301
|turn|8
|c|âSpammernoob|^Much sac. ;-;
|
|switch|p1a: Cresselia|Cresselia, F|443\/443
|detailschange|p2a: Metagross|Metagross-Mega
|message|Metagross has Mega Evolved into Mega Metagross!
|move|p2a: Metagross|Meteor Mash|p1a: Cresselia
|-damage|p1a: Cresselia|274\/443
|
|-heal|p1a: Cresselia|301\/443|[from] item: Leftovers
|turn|9
|c|âSpammernoob|I'm playing so badly. lol
|c|âSpammernoob|I need sleep. ;-;
|
|move|p2a: Metagross|Meteor Mash|p1a: Cresselia
|-damage|p1a: Cresselia|153\/443
|move|p1a: Cresselia|Thunder Wave|p2a: Metagross
|-status|p2a: Metagross|par
|
|-heal|p1a: Cresselia|180\/443|[from] item: Leftovers
|turn|10
|
|switch|p1a: Charizard|Charizard, F|307\/307
|cant|p2a: Metagross|par
|
|turn|11
|c|âRafaelH|OHHH WHY DID I DO THAT
|
|detailschange|p1a: Charizard|Charizard-Mega-X, F
|message|Charizard has Mega Evolved into Mega Charizard!
|move|p1a: Charizard|Dragon Dance|p1a: Charizard
|-boost|p1a: Charizard|atk|1
|-boost|p1a: Charizard|spe|1
|cant|p2a: Metagross|par
|
|turn|12
|c|âSpammernoob|wtf
|c|âSpammernoob|I clcked EQ. lol
|c|âSpammernoob|That's gg
|
|move|p1a: Charizard|Earthquake|p2a: Metagross
|-supereffective|p2a: Metagross
|-damage|p2a: Metagross|43\/301 par
|move|p2a: Metagross|Earthquake|p1a: Charizard
|-crit|p1a: Charizard
|-supereffective|p1a: Charizard
|-damage|p1a: Charizard|0 fnt
|faint|p1a: Charizard
|
|c|âRafaelH|i wanted to burn you lol
|c|âSpammernoob|xD
|c|âRafaelH|awww
|
|switch|p1a: Gliscor|Gliscor, F|310\/354 tox
|turn|13
|c|âSpammernoob|That bulk
|
|move|p2a: Metagross|Bullet Punch|p1a: Gliscor
|-damage|p1a: Gliscor|241\/354 tox
|move|p1a: Gliscor|Substitute|p1a: Gliscor
|-start|p1a: Gliscor|Substitute
|-damage|p1a: Gliscor|153\/354 tox
|
|-heal|p1a: Gliscor|197\/354 tox|[from] ability: Poison Heal
|turn|14
|
|move|p1a: Gliscor|Protect|p1a: Gliscor
|-singleturn|p1a: Gliscor|Protect
|cant|p2a: Metagross|par
|
|-heal|p1a: Gliscor|241\/354 tox|[from] ability: Poison Heal
|turn|15
|
|move|p2a: Metagross|Bullet Punch|p1a: Gliscor
|-activate|p1a: Gliscor|Substitute|[damage]
|move|p1a: Gliscor|Earthquake|p2a: Metagross
|-supereffective|p2a: Metagross
|-damage|p2a: Metagross|0 fnt
|faint|p2a: Metagross
|
|-heal|p1a: Gliscor|285\/354 tox|[from] ability: Poison Heal
|
|switch|p2a: Bisharp|Bisharp, M|271\/271
|turn|16
|
|move|p1a: Gliscor|Earthquake|p2a: Bisharp
|-supereffective|p2a: Bisharp
|-damage|p2a: Bisharp|41\/271
|move|p2a: Bisharp|Iron Head|p1a: Gliscor
|-end|p1a: Gliscor|Substitute
|-damage|p2a: Bisharp|14\/271|[from] item: Life Orb
|
|-heal|p1a: Gliscor|329\/354 tox|[from] ability: Poison Heal
|turn|17
|
|move|p1a: Gliscor|Substitute|p1a: Gliscor
|-start|p1a: Gliscor|Substitute
|-damage|p1a: Gliscor|241\/354 tox
|move|p2a: Bisharp|Knock Off|p1a: Gliscor
|-end|p1a: Gliscor|Substitute
|-damage|p2a: Bisharp|0 fnt|[from] item: Life Orb
|faint|p2a: Bisharp
|
|-heal|p1a: Gliscor|285\/354 tox|[from] ability: Poison Heal
|c|âSpammernoob|What kind of hax is this. ;-;
|
|switch|p2a: Greninja|Greninja, F|285\/285
|turn|18
|
|move|p1a: Gliscor|Protect|p1a: Gliscor
|-singleturn|p1a: Gliscor|Protect
|move|p2a: Greninja|Ice Beam|p1a: Gliscor
|-start|p2a: Greninja|typechange|Ice|[from] Protean
|-activate|p1a: Gliscor|Protect
|
|-heal|p1a: Gliscor|329\/354 tox|[from] ability: Poison Heal
|turn|19
|c|âSpammernoob|I legit win if I get lucky vs. Tenta. lol
|
|switch|p1a: Tentacruel|Tentacruel, M|363\/363
|move|p2a: Greninja|Grass Knot|p1a: Tentacruel
|-start|p2a: Greninja|typechange|Grass|[from] Protean
|-damage|p1a: Tentacruel|223\/363
|-damage|p2a: Greninja|257\/285|[from] item: Life Orb
|
|-heal|p1a: Tentacruel|245\/363|[from] item: Black Sludge
|turn|20
|
|move|p2a: Greninja|Grass Knot|p1a: Tentacruel
|-crit|p1a: Tentacruel
|-damage|p1a: Tentacruel|42\/363
|-damage|p2a: Greninja|229\/285|[from] item: Life Orb
|move|p1a: Tentacruel|Scald|p2a: Greninja
|-resisted|p2a: Greninja
|-damage|p2a: Greninja|175\/285
|
|-heal|p1a: Tentacruel|64\/363|[from] item: Black Sludge
|turn|21
|c|âSpammernoob|^xD
|
|move|p2a: Greninja|Grass Knot|p1a: Tentacruel
|-damage|p1a: Tentacruel|0 fnt
|-damage|p2a: Greninja|147\/285|[from] item: Life Orb
|faint|p1a: Tentacruel
|
|c|âRafaelH|i hope it doesnt have gunk shot o_o
|
|switch|p1a: Clefable|Clefable, F|154\/393
|turn|22
|
|move|p1a: Clefable|Protect|p1a: Clefable
|-singleturn|p1a: Clefable|Protect
|move|p2a: Greninja|Ice Beam|p1a: Clefable
|-start|p2a: Greninja|typechange|Ice|[from] Protean
|-activate|p1a: Clefable|Protect
|
|-heal|p1a: Clefable|178\/393|[from] item: Leftovers
|turn|23
|c|âSpammernoob|I have it. lol
|
|move|p2a: Greninja|Gunk Shot|p1a: Clefable
|-start|p2a: Greninja|typechange|Poison|[from] Protean
|-supereffective|p1a: Clefable
|-damage|p1a: Clefable|0 fnt
|-damage|p2a: Greninja|119\/285|[from] item: Life Orb
|faint|p1a: Clefable
|
|c|âRafaelH|haha
|
|switch|p1a: Cresselia|Cresselia, F|180\/443
|turn|24
|c|âRafaelH|oh well, i might still lose this xD
|
|move|p2a: Greninja|Hydro Pump|p1a: Cresselia
|-start|p2a: Greninja|typechange|Water|[from] Protean
|-damage|p1a: Cresselia|16\/443
|-damage|p2a: Greninja|91\/285|[from] item: Life Orb
|move|p1a: Cresselia|Moonlight|p1a: Cresselia
|-heal|p1a: Cresselia|237\/443
|
|-heal|p1a: Cresselia|264\/443|[from] item: Leftovers
|turn|25
|c|âSpammernoob|OK, gg
|c|âSpammernoob|Cress 2 stronk
|
|move|p2a: Greninja|Hydro Pump|p1a: Cresselia
|-crit|p1a: Cresselia
|-damage|p1a: Cresselia|14\/443
|-damage|p2a: Greninja|63\/285|[from] item: Life Orb
|move|p1a: Cresselia|Moonlight|p1a: Cresselia
|-heal|p1a: Cresselia|235\/443
|
|-heal|p1a: Cresselia|262\/443|[from] item: Leftovers
|turn|26
|c|âSpammernoob|>.<
|c|âRafaelH|oooh damn that scared me xD
|
|move|p2a: Greninja|Hydro Pump|p1a: Cresselia
|-damage|p1a: Cresselia|83\/443
|-damage|p2a: Greninja|35\/285|[from] item: Life Orb
|move|p1a: Cresselia|Moonlight|p1a: Cresselia
|-heal|p1a: Cresselia|304\/443
|
|-heal|p1a: Cresselia|331\/443|[from] item: Leftovers
|turn|27
|c|âSpammernoob|gg
|
|move|p2a: Greninja|Ice Beam|p1a: Cresselia
|-start|p2a: Greninja|typechange|Ice|[from] Protean
|-damage|p1a: Cresselia|191\/443
|-damage|p2a: Greninja|7\/285|[from] item: Life Orb
|move|p1a: Cresselia|Psychic|p2a: Greninja
|-damage|p2a: Greninja|0 fnt
|faint|p2a: Greninja
|
|win|RafaelH
|c|âRafaelH|gg :)
|c|âSpammernoob|If I had Dark Pulse. lol
|c|âRafaelH|Yeah I was scared lol thought you had it
|c|âRafaelH|bye, thanks for the battle :)