|join|Wiso Altred
|join|Spammernoob
|player|p1|Wiso Altred|164
|player|p2|Spammernoob|265
|gametype|singles
|gen|6
|tier|OU
|clearpoke
|poke|p1|Latias, F
|poke|p1|Kyurem-Black
|poke|p1|Salamence, M
|poke|p1|Kingdra, F
|poke|p1|Latios, M
|poke|p1|Zygarde
|poke|p2|Greninja, M
|poke|p2|Landorus-Therian, M
|poke|p2|Bisharp, M
|poke|p2|Scizor, M
|poke|p2|Sableye, M
|poke|p2|Crawdaunt, M
|rule|Swagger Clause: Swagger is banned
|rule|Baton Pass Clause: Limit one PokÃ©mon knowing Baton Pass
|rule|Sleep Clause Mod: Limit one foe put to sleep
|rule|Species Clause: Limit one of each PokÃ©mon
|rule|OHKO Clause: OHKO moves are banned
|rule|Moody Clause: Moody is banned
|rule|Evasion Moves Clause: Evasion moves are banned
|rule|Endless Battle Clause: Forcing endless battles is banned
|rule|HP Percentage Mod: HP is shown in percentages
|teampreview
|c|âSpammernoob|Didn't change the team too much. :]
|c|âWiso Altred|make this room private
|
|start
|switch|p1a: Zygarde|Zygarde|358\/358
|switch|p2a: Bisharp|Bisharp, M|271\/271
|-ability|p1a: Zygarde|Aura Break
|turn|1
|
|switch|p2a: Landorus-Therian|Landorus-Therian, M|319\/319
|-ability|p2a: Landorus-Therian|Intimidate|[of] p1a: Zygarde
|-unboost|p1a: Zygarde|atk|1
|move|p1a: Zygarde|Earthquake|p2a: Landorus-Therian
|-immune|p2a: Landorus-Therian|[msg]
|
|turn|2
|join|Satix
|join|Darkest Ninja
|leave|Darkest Ninja
|join|Darkest Ninja
|c|âSpammernoob|lol Hai
Spammernoob made this room private.
|c| Darkest Ninja|xD
|c| Satix|hey
|c|âSpammernoob|plz Go away now
|c| Satix|is this a gym match
|c| Darkest Ninja|Really?
|c|âSpammernoob|Derp
|c| Darkest Ninja|God..
|c|âSpammernoob|Yeh
|c| Darkest Ninja|bye
|leave|Darkest Ninja
|c|âSpammernoob|:[
|c| Satix|i'll stay since i'm not challenging league
|c| Satix|but wiso why are you challenging with monotype
|c|âSpammernoob|I keep forgetting. xD
|c|âSpammernoob|This is his team. lol
|c|âSpammernoob|I challenged w\/ my Cym team. xD
|c|âWiso Altred|oh me
|c|âSpammernoob|Got 4 badges so far. >_>
|c| Satix|oh so this isn't a gym battle then?
|c|âWiso Altred|it is
|c|âSpammernoob|It is a Gym Battle
|c|âSpammernoob|lol
|c|âWiso Altred|not
|c|âWiso Altred|appearntly 
|c|âWiso Altred|spammer what did u just do
|c|âSpammernoob|Wut
|c|âWiso Altred|oh good
|
|switch|p1a: Latias|Latias, F|301\/301
|move|p2a: Landorus-Therian|U-turn|p1a: Latias
|-supereffective|p1a: Latias
|-damage|p1a: Latias|135\/301
|c|âSpammernoob|Did the battle break?
|
|switch|p2a: Greninja|Greninja, M|285\/285
|
|turn|3
|c|âSpammernoob|lel derp
|c|âSpammernoob|inb4 Scarf-Latias. xD
|
|detailschange|p1a: Latias|Latias-Mega, F
|message|Latias has Mega Evolved into Mega Latias!
|move|p2a: Greninja|Ice Beam|p1a: Latias
|-start|p2a: Greninja|typechange|Ice|[from] Protean
|-supereffective|p1a: Latias
|-damage|p1a: Latias|0 fnt
|-damage|p2a: Greninja|257\/285|[from] item: Life Orb
|faint|p1a: Latias
|
|
|switch|p1a: Zygarde|Zygarde|358\/358
|-ability|p1a: Zygarde|Aura Break
|turn|4
|
|move|p2a: Greninja|Ice Beam|p1a: Zygarde
|-supereffective|p1a: Zygarde
|-enditem|p1a: Zygarde|Focus Sash
|-damage|p1a: Zygarde|1\/358
|-damage|p2a: Greninja|229\/285|[from] item: Life Orb
|move|p1a: Zygarde|Earthquake|p2a: Greninja
|-damage|p2a: Greninja|0 fnt
|faint|p2a: Greninja
|
|c|âSpammernoob|OMG lol
|
|switch|p2a: Landorus-Therian|Landorus-Therian, M|319\/319
|-ability|p2a: Landorus-Therian|Intimidate|[of] p1a: Zygarde
|-unboost|p1a: Zygarde|atk|1
|turn|5
|
|move|p1a: Zygarde|Extreme Speed|p2a: Landorus-Therian
|-damage|p2a: Landorus-Therian|258\/319
|move|p2a: Landorus-Therian|U-turn|p1a: Zygarde
|-crit|p1a: Zygarde
|-damage|p1a: Zygarde|0 fnt
|faint|p1a: Zygarde
|c|âSpammernoob|Sash-Zygard
|
|switch|p2a: Scizor|Scizor, M|343\/343
|
|c|âSpammernoob|Pretty legit, lol
|c|âWiso Altred|im not fitghitng in my top form im in another battle i guess ill have too wait anther week
|
|switch|p1a: Kingdra|Kingdra, F|291\/291
|turn|6
|c|âSpammernoob|D:
|c| Satix|spammer check skype
|
|move|p1a: Kingdra|Hidden Power|p2a: Scizor
|-crit|p2a: Scizor
|-supereffective|p2a: Scizor
|-damage|p2a: Scizor|0 fnt
|faint|p2a: Scizor
|
|c|âWiso Altred|..
|
|switch|p2a: Crawdaunt|Crawdaunt, M|267\/267
|turn|7
|c|âSpammernoob|Not expected. xD
|c|âSpammernoob|Derp
|
|move|p1a: Kingdra|Surf|p2a: Crawdaunt
|-resisted|p2a: Crawdaunt
|-damage|p2a: Crawdaunt|155\/267
|move|p2a: Crawdaunt|Knock Off|p1a: Kingdra
|-damage|p1a: Kingdra|0 fnt
|-enditem|p1a: Kingdra|Leftovers|[from] move: Knock Off|[of] p2a: Crawdaunt
|-damage|p2a: Crawdaunt|129\/267|[from] item: Life Orb
|faint|p1a: Kingdra
|
|
|switch|p1a: Latios|Latios, M|302\/302
|turn|8
|
|switch|p2a: Bisharp|Bisharp, M|271\/271
|move|p1a: Latios|Draco Meteor|p2a: Bisharp|[miss]
|-miss|p1a: Latios|p2a: Bisharp
|
|turn|9
|c|âSpammernoob|HP Fire Rain Kingdra. :[
|
|switch|p1a: Kyurem-Black|Kyurem-Black|454\/454
|-ability|p1a: Kyurem-Black|Teravolt
|move|p2a: Bisharp|Swords Dance|p2a: Bisharp
|-boost|p2a: Bisharp|atk|2
|
|turn|10
|
|move|p2a: Bisharp|Sucker Punch|p1a: Kyurem-Black
|-damage|p1a: Kyurem-Black|90\/454
|-damage|p2a: Bisharp|244\/271|[from] item: Life Orb
|move|p1a: Kyurem-Black|Fusion Bolt|p2a: Bisharp
|-damage|p2a: Bisharp|19\/271
|
|turn|11
|
|move|p2a: Bisharp|Sucker Punch|p1a: Kyurem-Black
|-damage|p1a: Kyurem-Black|0 fnt
|-damage|p2a: Bisharp|0 fnt|[from] item: Life Orb
|faint|p1a: Kyurem-Black
|faint|p2a: Bisharp
|
|
|switch|p1a: Latios|Latios, M|302\/302
|switch|p2a: Landorus-Therian|Landorus-Therian, M|258\/319
|-ability|p2a: Landorus-Therian|Intimidate|[of] p1a: Latios
|-unboost|p1a: Latios|atk|1
|turn|12
|c|âWiso Altred|gg
|
|move|p1a: Latios|Ice Beam|p2a: Landorus-Therian
|-supereffective|p2a: Landorus-Therian
|-damage|p2a: Landorus-Therian|0 fnt
|faint|p2a: Landorus-Therian
|
|
|switch|p2a: Sableye|Sableye, M|304\/304
|turn|13
|
|move|p2a: Sableye|Calm Mind|p2a: Sableye
|-boost|p2a: Sableye|spa|1
|-boost|p2a: Sableye|spd|1
|move|p1a: Latios|Ice Beam|p2a: Sableye
|-damage|p2a: Sableye|208\/304
|
|turn|14
|
|switch|p1a: Salamence|Salamence, M|331\/331
|move|p2a: Sableye|Calm Mind|p2a: Sableye
|-boost|p2a: Sableye|spa|1
|-boost|p2a: Sableye|spd|1
|
|turn|15
|c|âSpammernoob|lol
|c|âSpammernoob|^Why I didn't Mega, lol
|
|detailschange|p2a: Sableye|Sableye-Mega, M
|message|Sableye has Mega Evolved into Mega Sableye!
|move|p2a: Sableye|Will-O-Wisp|p1a: Salamence
|-status|p1a: Salamence|brn
|move|p1a: Salamence|Outrage|p2a: Sableye
|-damage|p2a: Sableye|135\/304
|
|-damage|p1a: Salamence|290\/331 brn|[from] brn
|turn|16
|
|move|p1a: Salamence|Outrage|p2a: Sableye
|-crit|p2a: Sableye
|-damage|p2a: Sableye|29\/304
|move|p2a: Sableye|Recover|p2a: Sableye
|-heal|p2a: Sableye|181\/304
|
|-end|p1a: Salamence|rampage
|-start|p1a: Salamence|confusion
|-damage|p1a: Salamence|249\/331 brn|[from] brn
|turn|17
|c|âSpammernoob|No crit from Latios => gg
|
|switch|p1a: Latios|Latios, M|302\/302
|move|p2a: Sableye|Recover|p2a: Sableye
|-heal|p2a: Sableye|304\/304
|
|turn|18
|
|move|p1a: Latios|Draco Meteor|p2a: Sableye
|-crit|p2a: Sableye
|-damage|p2a: Sableye|6\/304
|-unboost|p1a: Latios|spa|2
|move|p2a: Sableye|Shadow Ball|p1a: Latios
|-supereffective|p1a: Latios
|-damage|p1a: Latios|0 fnt
|faint|p1a: Latios
|
|c|âWiso Altred|WHAT
|c|âSpammernoob|lol FAK
|
|switch|p1a: Salamence|Salamence, M|249\/331 brn
|turn|19
|
|move|p1a: Salamence|Outrage|p2a: Sableye
|-damage|p2a: Sableye|0 fnt
|faint|p2a: Sableye
|-boost|p1a: Salamence|atk|1|[from] ability: Moxie
|
|-damage|p1a: Salamence|208\/331 brn|[from] brn
|c|âSpammernoob|gg D:
|
|switch|p2a: Crawdaunt|Crawdaunt, M|129\/267
|turn|20
|
|move|p1a: Salamence|Outrage|p2a: Crawdaunt
|-damage|p2a: Crawdaunt|0 fnt
|faint|p2a: Crawdaunt
|-boost|p1a: Salamence|atk|1|[from] ability: Moxie
|
|win|Wiso Altred
|c|âWiso Altred|id id it
|c|âWiso Altred|OMG TY SPAMMER
|c|âWiso Altred|gg
|c|âSpammernoob|Though Satix told me not to give ya the badge. >_>
|c| Satix|no badge, sorry. you won because of a critical hit :\/
|c|âWiso Altred|WHAT
|c|âWiso Altred|fine
|c| Satix|he outplayed you and otherwise would have won
|c|âWiso Altred|true
|c|âWiso Altred|do i have to wait another week?
|c| Satix|up to spammer
|c|âWiso Altred|well spammer?
|c|âSpammernoob|We can fite after I play Bloom. :P
|c|âWiso Altred|kay
|leave|Wiso Altred
|player|p1
|leave|Satix