|join|Spammernoob
|join|guimartgon
|player|p1|Spammernoob|2
|player|p2|guimartgon|201
|gametype|singles
|gen|6
|tier|OU
|clearpoke
|poke|p1|Greninja, M
|poke|p1|Tyranitar, M
|poke|p1|Bisharp, F
|poke|p1|Scizor, F
|poke|p1|Sableye, M
|poke|p1|Crawdaunt, F
|poke|p2|Slowbro, M
|poke|p2|Greninja, F
|poke|p2|Scizor, M
|poke|p2|Rotom-Wash
|poke|p2|Garchomp, M
|poke|p2|Keldeo
|rule|Swagger Clause: Swagger is banned
|rule|Baton Pass Clause: Limit one PokÃ©mon knowing Baton Pass
|rule|Sleep Clause Mod: Limit one foe put to sleep
|rule|Species Clause: Limit one of each PokÃ©mon
|rule|OHKO Clause: OHKO moves are banned
|rule|Moody Clause: Moody is banned
|rule|Evasion Moves Clause: Evasion moves are banned
|rule|Endless Battle Clause: Forcing endless battles is banned
|rule|HP Percentage Mod: HP is shown in percentages
|teampreview
Spammernoob made this room private.
|c|âSpammernoob|lol Imma use mah Gym team
|c|âguimartgon|wait wut
|c|âguimartgon|lol
|c|âSpammernoob|My first iteration too
|c|âguimartgon|are we forces to use our gym teams?
|c|âSpammernoob|No
|c|âguimartgon|for challenges? 
|c|âguimartgon|oh ok
|c|âguimartgon|1st game in quite a while let's see how it goes
|c|âguimartgon|oh crap, MSableye
|c|âguimartgon|GG WP
|
|start
|switch|p1a: Greninja|Greninja, M|285\/285
|switch|p2a: Garchomp|Garchomp, M|357\/357
|turn|1
|c|âSpammernoob|xD
|c|âguimartgon|them 0 counters
|
|switch|p2a: Rotom-Wash|Rotom-Wash|303\/303
|move|p1a: Greninja|Ice Beam|p2a: Rotom-Wash
|-start|p1a: Greninja|typechange|Ice|[from] Protean
|-resisted|p2a: Rotom-Wash
|-damage|p2a: Rotom-Wash|217\/303
|-damage|p1a: Greninja|257\/285|[from] item: Life Orb
|
|-heal|p2a: Rotom-Wash|235\/303|[from] item: Leftovers
|turn|2
|
|switch|p1a: Tyranitar|Tyranitar, M|404\/404
|-weather|Sandstorm
|move|p2a: Rotom-Wash|Volt Switch|p1a: Tyranitar
|-damage|p1a: Tyranitar|341\/404
|
|switch|p2a: Garchomp|Garchomp, M|357\/357
|
|-weather|Sandstorm|[upkeep]
|-heal|p1a: Tyranitar|366\/404|[from] item: Leftovers
|turn|3
|
|move|p2a: Garchomp|Stealth Rock|p1a: Tyranitar
|-sidestart|p1: Spammernoob|move: Stealth Rock
|move|p1a: Tyranitar|Ice Beam|p2a: Garchomp
|-supereffective|p2a: Garchomp
|-damage|p2a: Garchomp|0 fnt
|faint|p2a: Garchomp
|
|-weather|Sandstorm|[upkeep]
|-heal|p1a: Tyranitar|391\/404|[from] item: Leftovers
|c|âSpammernoob|xD
|c|âguimartgon|oh swag plays
|c|âguimartgon|ku2 on ice beam t-tar really solid
|c|âguimartgon|used it on my heraX team
|
|switch|p2a: Scizor|Scizor, M|343\/343
|turn|4
|
|move|p2a: Scizor|U-turn|p1a: Tyranitar
|-supereffective|p1a: Tyranitar
|-damage|p1a: Tyranitar|83\/404
|
|switch|p2a: Keldeo|Keldeo|323\/323
|move|p1a: Tyranitar|Fire Blast|p2a: Keldeo
|-resisted|p2a: Keldeo
|-damage|p2a: Keldeo|273\/323
|
|-weather|Sandstorm|[upkeep]
|-damage|p2a: Keldeo|253\/323|[from] sandstorm
|-heal|p1a: Tyranitar|108\/404|[from] item: Leftovers
|turn|5
|c|âSpammernoob|Dang. lol
|
|move|p2a: Keldeo|Hydro Pump|p1a: Tyranitar
|-supereffective|p1a: Tyranitar
|-damage|p1a: Tyranitar|0 fnt
|faint|p1a: Tyranitar
|
|-weather|Sandstorm|[upkeep]
|-damage|p2a: Keldeo|233\/323|[from] sandstorm
|c|âguimartgon|*totally not banded*
|
|switch|p1a: Greninja|Greninja, M|257\/285
|-damage|p1a: Greninja|222\/285|[from] Stealth Rock
|turn|6
|c|âguimartgon|yay sack time
|
|switch|p2a: Scizor|Scizor, M|343\/343
|move|p1a: Greninja|Grass Knot|p2a: Scizor
|-start|p1a: Greninja|typechange|Grass|[from] Protean
|-resisted|p2a: Scizor
|-damage|p2a: Scizor|281\/343
|-damage|p1a: Greninja|194\/285|[from] item: Life Orb
|
|-weather|none
|turn|7
|
|switch|p1a: Scizor|Scizor, F|343\/343
|-damage|p1a: Scizor|301\/343|[from] Stealth Rock
|move|p2a: Scizor|Bullet Punch|p1a: Scizor
|-resisted|p1a: Scizor
|-damage|p1a: Scizor|208\/343
|
|turn|8
|c|âSpammernoob|lol
|c|âSpammernoob|Sac time?
|c|âSpammernoob|<3
|c|âguimartgon|sac*
|c|âguimartgon|yay coin flip time
|
|move|p2a: Scizor|Bullet Punch|p1a: Scizor
|-resisted|p1a: Scizor
|-damage|p1a: Scizor|112\/343
|move|p1a: Scizor|U-turn|p2a: Scizor
|-resisted|p2a: Scizor
|-damage|p2a: Scizor|180\/343
|c|âguimartgon|*totally not banded either*
|
|switch|p1a: Bisharp|Bisharp, F|271\/271
|-damage|p1a: Bisharp|255\/271|[from] Stealth Rock
|
|turn|9
|c|âguimartgon|yay everyone's favorite sac time #2
|c|âguimartgon|that ice beam ko really setted me back, nice Gym team
|c|âSpammernoob|Keldeo?
|c|âguimartgon|need specs
|c|âguimartgon|cuz CM op
|
|switch|p2a: Rotom-Wash|Rotom-Wash|235\/303
|move|p1a: Bisharp|Knock Off|p2a: Rotom-Wash
|-damage|p2a: Rotom-Wash|58\/303
|-enditem|p2a: Rotom-Wash|Leftovers|[from] move: Knock Off|[of] p1a: Bisharp
|-damage|p1a: Bisharp|228\/271|[from] item: Life Orb
|
|turn|10
|
|move|p1a: Bisharp|Knock Off|p2a: Rotom-Wash
|-damage|p2a: Rotom-Wash|0 fnt
|-damage|p1a: Bisharp|201\/271|[from] item: Life Orb
|faint|p2a: Rotom-Wash
|
|c|âSpammernoob|OMG lol
|
|switch|p2a: Keldeo|Keldeo|233\/323
|turn|11
|
|move|p1a: Bisharp|Sucker Punch|p2a: Keldeo
|-resisted|p2a: Keldeo
|-damage|p2a: Keldeo|126\/323
|-boost|p2a: Keldeo|atk|1|[from] ability: Justified
|-damage|p1a: Bisharp|174\/271|[from] item: Life Orb
|move|p2a: Keldeo|Hydro Pump|p1a: Bisharp
|-damage|p1a: Bisharp|0 fnt
|faint|p1a: Bisharp
|
|c|âguimartgon|yay that attack boost
|c|âSpammernoob|^Not a good play probably
|c|âguimartgon|*sudden aqua jet expert belt*
|c|âSpammernoob|For me
|
|switch|p1a: Greninja|Greninja, M|194\/285
|-damage|p1a: Greninja|159\/285|[from] Stealth Rock
|turn|12
|
|switch|p2a: Greninja|Greninja, F|285\/285
|move|p1a: Greninja|Grass Knot|p2a: Greninja
|-start|p1a: Greninja|typechange|Grass|[from] Protean
|-supereffective|p2a: Greninja
|-damage|p2a: Greninja|0 fnt
|-damage|p1a: Greninja|131\/285|[from] item: Life Orb
|faint|p2a: Greninja
|
|c|âguimartgon|speed tie time?
|c|âguimartgon|oh nvm
|c|âguimartgon|that thing kos
|c|âguimartgon|woops
|
|switch|p2a: Scizor|Scizor, M|180\/343
|turn|13
|
|switch|p1a: Crawdaunt|Crawdaunt, F|267\/267
|-damage|p1a: Crawdaunt|234\/267|[from] Stealth Rock
|move|p2a: Scizor|Bullet Punch|p1a: Crawdaunt
|-resisted|p1a: Crawdaunt
|-damage|p1a: Crawdaunt|142\/267
|
|turn|14
|c|âSpammernoob|lol
|
|switch|p2a: CheapBro|Slowbro, M|393\/393
|move|p1a: Crawdaunt|Knock Off|p2a: CheapBro
|-supereffective|p2a: CheapBro
|-damage|p2a: CheapBro|112\/393
|-damage|p1a: Crawdaunt|116\/267|[from] item: Life Orb
|
|turn|15
|c|âSpammernoob|The game of sacs
|
|detailschange|p2a: CheapBro|Slowbro-Mega, M
|message|Slowbro has Mega Evolved into Mega Slowbro!
|move|p1a: Crawdaunt|Knock Off|p2a: CheapBro
|-supereffective|p2a: CheapBro
|-damage|p2a: CheapBro|0 fnt
|-damage|p1a: Crawdaunt|90\/267|[from] item: Life Orb
|faint|p2a: CheapBro
|
|c|âSpammernoob|^
|c|âguimartgon|too many dark types lmao
|c|âSpammernoob|2 stronk
|c|âguimartgon|4me
|
|switch|p2a: Scizor|Scizor, M|180\/343
|turn|16
|
|move|p1a: Crawdaunt|Aqua Jet|p2a: Scizor
|-damage|p2a: Scizor|42\/343
|-damage|p1a: Crawdaunt|64\/267|[from] item: Life Orb
|move|p2a: Scizor|Bullet Punch|p1a: Crawdaunt
|-resisted|p1a: Crawdaunt
|-damage|p1a: Crawdaunt|0 fnt
|faint|p1a: Crawdaunt
|
|c|âguimartgon|I think I can yeah
|
|switch|p1a: Scizor|Scizor, F|112\/343
|-damage|p1a: Scizor|70\/343|[from] Stealth Rock
|turn|17
|c|âguimartgon|lmao I need help in team building
|
|move|p2a: Scizor|Bullet Punch|p1a: Scizor
|-resisted|p1a: Scizor
|-damage|p1a: Scizor|0 fnt
|faint|p1a: Scizor
|
|
|switch|p1a: Sableye|Sableye, M|304\/304
|-damage|p1a: Sableye|266\/304|[from] Stealth Rock
|turn|18
|
|switch|p2a: Keldeo|Keldeo|126\/323
|detailschange|p1a: Sableye|Sableye-Mega, M
|message|Sableye has Mega Evolved into Mega Sableye!
|move|p1a: Sableye|Will-O-Wisp|p2a: Keldeo
|-status|p2a: Keldeo|brn
|
|-damage|p2a: Keldeo|86\/323 brn|[from] brn
|turn|19
|
|move|p2a: Keldeo|Hydro Pump|p1a: Sableye|[miss]
|-miss|p2a: Keldeo|p1a: Sableye
|move|p1a: Sableye|Recover|p1a: Sableye
|-heal|p1a: Sableye|304\/304
|
|-damage|p2a: Keldeo|46\/323 brn|[from] brn
|turn|20
|c|âguimartgon|yay
|c|âSpammernoob|D:
|c|âguimartgon|lmao no worries
|
|move|p2a: Keldeo|Hydro Pump|p1a: Sableye
|-damage|p1a: Sableye|43\/304
|move|p1a: Sableye|Calm Mind|p1a: Sableye
|-boost|p1a: Sableye|spa|1
|-boost|p1a: Sableye|spd|1
|
|-damage|p2a: Keldeo|6\/323 brn|[from] brn
|turn|21
|
|move|p2a: Keldeo|Hydro Pump|p1a: Sableye
|-damage|p1a: Sableye|0 fnt
|faint|p1a: Sableye
|
|-damage|p2a: Keldeo|0 fnt|[from] brn
|faint|p2a: Keldeo
|c|âguimartgon|hit yus
|c|âSpammernoob|OMG NO
|c|âguimartgon|damage roll?
|
|switch|p1a: Greninja|Greninja, M|131\/285
|switch|p2a: Scizor|Scizor, M|42\/343
|-damage|p1a: Greninja|96\/285|[from] Stealth Rock
|turn|22
|
|move|p2a: Scizor|Bullet Punch|p1a: Greninja
|-resisted|p1a: Greninja
|-damage|p1a: Greninja|0 fnt
|faint|p1a: Greninja
|
|win|guimartgon
|c|âguimartgon|I think you take it
|c|âguimartgon|YUS
|c|âguimartgon|clutch
|c|âSpammernoob|;-;
|c|âSpammernoob|FAK
|c|âSpammernoob|So close
|c|âguimartgon|GG
|c|âguimartgon|yeah
|c|âguimartgon|was that a roll?
|c|âSpammernoob|I threw when I sac'd Scizor lol
|c|âguimartgon|I'm just straight up adamant max
|c|âguimartgon|you can run a calc if you want to
|c|âguimartgon|btw that satix salt lmao
|c|âSpammernoob|CB?
|c|âguimartgon|yeah
|c|âSpammernoob|252+ Atk Choice Band Technician Scizor Bullet Punch vs. 4 HP \/ 0 Def Greninja: 112-132 (39.1 - 46.1%) -- guaranteed 3HKO
|c|âSpammernoob|;-;
|c|âSpammernoob|I almost won. ;-;
|c|âguimartgon|oh so it wosn't a roll then
|c|âSpammernoob|I'm so sad. D:
|c|âguimartgon|yeah so close
|c|âguimartgon|maybe next time
|c|âguimartgon|MUAHAHAHA
|c|âSpammernoob|Dat speed tie. lol
|c|âguimartgon|that scizor tho
|c|âguimartgon|yeah
|c|âSpammernoob|So done with Pokemon
|c|âSpammernoob|*ragequits
|c|âguimartgon|well I'm running 4 speed EVs i dunno about you
|c|âguimartgon|*throws laptop*
|c|âSpammernoob|I think I am too.
|c|âguimartgon|solid
|c|âSpammernoob|Wait crap
|c|âSpammernoob|I submitted the set w\/ more than that. lol
|c|âSpammernoob|>.<
|c|âSpammernoob|My normal set is 104 Speed.
|c|âSpammernoob|I just ported it over to this computer. ;-;
|c|âSpammernoob|And I f*cked up the EVs
|c|âSpammernoob|lol
|c|âguimartgon|lol you could've won
|c|âguimartgon|welp GG lmao
|c|âguimartgon|want the medal?
|c|âguimartgon|cuz you would've won
|c|âguimartgon|since I only hit that scizor with my owns BP
|c|âSpammernoob|Sure, I dunno. lol
|c|âSpammernoob|We can rematch with fixed EVs
|c|âSpammernoob|;-;