|join|Slowbroongus
|join|Spammernoob
|player|p1|Slowbroongus|291
|player|p2|Spammernoob|161
|gametype|singles
|gen|6
|tier|OU
|clearpoke
|poke|p1|Rotom-Wash
|poke|p1|Zapdos
|poke|p1|Eelektross, M, shiny
|poke|p1|Electivire, M
|poke|p1|Thundurus, M
|poke|p1|Clefable, M, shiny
|poke|p2|Sableye, M
|poke|p2|Excadrill, F
|poke|p2|Honchkrow, F
|poke|p2|Bisharp, F
|poke|p2|Crawdaunt, F
|poke|p2|Greninja, M
|rule|Swagger Clause: Swagger is banned
|rule|Baton Pass Clause: Limit one PokÃ©mon knowing Baton Pass
|rule|Sleep Clause Mod: Limit one foe put to sleep
|rule|Species Clause: Limit one of each PokÃ©mon
|rule|OHKO Clause: OHKO moves are banned
|rule|Moody Clause: Moody is banned
|rule|Evasion Moves Clause: Evasion moves are banned
|rule|Endless Battle Clause: Forcing endless battles is banned
|rule|HP Percentage Mod: HP is shown in percentages
|teampreview
|c|âSpammernoob|If I win, I'll be so done
|c|âSlowbroongus|so will I
|c|âSlowbroongus|xD
|
|start
|switch|p1a: Washington|Rotom-Wash|303\/303
|switch|p2a: Crawdaunt|Crawdaunt, F|267\/267
|turn|1
|
|move|p1a: Washington|Volt Switch|p2a: Crawdaunt
|-supereffective|p2a: Crawdaunt
|-damage|p2a: Crawdaunt|0 fnt
|faint|p2a: Crawdaunt
|c|âSpammernoob|lol I have nothing for Rotom
|
|switch|p1a: T-Bird|Zapdos|383\/383
|-ability|p1a: T-Bird|Pressure
|
|c|âSpammernoob|Craw was a horrible lead
|c|âSlowbroongus|Exca dude
|
|switch|p2a: Greninja|Greninja, M|285\/285
|turn|2
|
|move|p2a: Greninja|Ice Beam|p1a: T-Bird
|-start|p2a: Greninja|typechange|Ice|[from] Protean
|-supereffective|p1a: T-Bird
|-damage|p1a: T-Bird|0 fnt
|-damage|p2a: Greninja|257\/285|[from] item: Life Orb
|faint|p1a: T-Bird
|
|c|âSlowbroongus|that OHKOS?
|c|âSpammernoob|Hydro Pump or Will-o, dude
|c|âSlowbroongus|damn
|c|âSlowbroongus|your exca outspeeds rotom
|c|âSpammernoob|Greninja is OP
|c|âSlowbroongus|assault vest tanks a hydro
|c|âSpammernoob|Yeah, but 'm switching it in.
|c|âSpammernoob|And you have 2 immunities
|c|âSpammernoob|lol I'm Scarf
|c|âSpammernoob|^Spoilers
|c|âSpammernoob|And Will-o still hurts
|
|switch|p1a: Live Wire|Eelektross, M, shiny|374\/374
|turn|3
|c|âSlowbroongus|xD
|
|switch|p2a: Excadrill|Excadrill, F|362\/362
|-ability|p2a: Excadrill|Mold Breaker
|move|p1a: Live Wire|Volt Switch|p2a: Excadrill
|-immune|p2a: Excadrill|[msg]
|
|turn|4
|
|switch|p1a: Raiden|Thundurus, M|299\/299
|move|p2a: Excadrill|Rock Slide|p1a: Raiden
|-miss|p2a: Excadrill|p1a: Raiden
|
|turn|5
|c|âSpammernoob|*sigh
|c|âSlowbroongus|bruh
|c|âSlowbroongus|your pokes hate you
|c|âSpammernoob|Max happiness. lol
|
|switch|p1a: Washington|Rotom-Wash|303\/303
|move|p2a: Excadrill|Rock Slide|p1a: Washington
|-damage|p1a: Washington|242\/303
|
|turn|6
|
|switch|p2a: Sableye|Sableye, M|304\/304
|move|p1a: Washington|Thunder Wave|p2a: Sableye
|-status|p2a: Sableye|par
|
|turn|7
|
|detailschange|p2a: Sableye|Sableye-Mega, M
|message|Sableye has Mega Evolved into Mega Sableye!
|move|p2a: Sableye|Recover|p2a: Sableye
|-fail|p2a: Sableye
|move|p1a: Washington|Volt Switch|p2a: Sableye
|-crit|p2a: Sableye
|-damage|p2a: Sableye|178\/304 par
|c|âSpammernoob|Oops
|
|switch|p1a: Ignignokt|Clefable, M, shiny|393\/393
|
|turn|8
|c|âSpammernoob|Forgot about Prankster
|c|âSpammernoob|xD
|
|switch|p2a: Excadrill|Excadrill, F|362\/362
|-ability|p2a: Excadrill|Mold Breaker
|move|p1a: Ignignokt|Flamethrower|p2a: Excadrill
|-supereffective|p2a: Excadrill
|-damage|p2a: Excadrill|170\/362
|
|turn|9
|
|switch|p1a: Washington|Rotom-Wash|242\/303
|move|p2a: Excadrill|Iron Head|p1a: Washington
|-resisted|p1a: Washington
|-damage|p1a: Washington|218\/303
|
|turn|10
|c|âSpammernoob|#mindgames
|c|âSpammernoob|that I lost, lol
|c|âSlowbroongus|the best
|c|âSlowbroongus|not quite mate
|c|âSpammernoob|Imma change it to AV now
|c|âSlowbroongus|you still have a chance
|c|âSlowbroongus|good idea
|
|switch|p2a: Sableye|Sableye-Mega, M|178\/304 par
|move|p1a: Washington|Thunder Wave|p2a: Sableye
|move|p2a: Sableye|Thunder Wave|p1a: Washington|[from]Magic Bounce
|-fail|p1a: Washington
|
|turn|11
|c|âSlowbroongus|well that was supposed to be a volt switch
|c|âSpammernoob|xD
|c|âSlowbroongus|oh well
|
|move|p1a: Washington|Volt Switch|p2a: Sableye
|-damage|p2a: Sableye|103\/304 par
|
|switch|p1a: Ignignokt|Clefable, M, shiny|393\/393
|move|p2a: Sableye|Shadow Ball|p1a: Ignignokt
|-damage|p1a: Ignignokt|326\/393
|
|-heal|p1a: Ignignokt|350\/393|[from] item: Leftovers
|turn|12
|c|âSpammernoob|Wonder what I should use EV wise
|
|move|p1a: Ignignokt|Moonblast|p2a: Sableye
|-supereffective|p2a: Sableye
|-damage|p2a: Sableye|0 fnt
|faint|p2a: Sableye
|
|-heal|p1a: Ignignokt|374\/393|[from] item: Leftovers
|c|âSpammernoob|Enough to outspeed Heatran|
|
|switch|p2a: Greninja|Greninja, M|257\/285
|turn|13
|
|switch|p1a: Raiden|Thundurus, M|299\/299
|move|p2a: Greninja|Gunk Shot|p1a: Raiden
|-start|p2a: Greninja|typechange|Poison|[from] Protean
|-damage|p1a: Raiden|42\/299
|-status|p1a: Raiden|psn
|-damage|p2a: Greninja|229\/285|[from] item: Life Orb
|
|-damage|p1a: Raiden|5\/299 psn|[from] psn
|turn|14
|
|move|p2a: Greninja|Ice Beam|p1a: Raiden
|-start|p2a: Greninja|typechange|Ice|[from] Protean
|-crit|p1a: Raiden
|-supereffective|p1a: Raiden
|-damage|p1a: Raiden|0 fnt
|-damage|p2a: Greninja|201\/285|[from] item: Life Orb
|faint|p1a: Raiden
|
|c|âSpammernoob|OMG what did you use|
|c|âSlowbroongus|like I said in your gym battle
|c|âSlowbroongus|my sets are not ordinary
|c|âSlowbroongus|and I predicted you to switch predicting the T-Wave
|c|âSpammernoob|Yeah, and I predicted you to do that
|c|âSlowbroongus|because I would have died to poison next turn regardless
|
|switch|p1a: Live Wire|Eelektross, M, shiny|374\/374
|turn|15
|c|âSpammernoob|Because I knew that I could switch to Exca
|c|âSlowbroongus|mind games
|c|âSlowbroongus|xD
|
|switch|p2a: Bisharp|Bisharp, F|272\/272
|move|p1a: Live Wire|Giga Drain|p2a: Bisharp
|-resisted|p2a: Bisharp
|-damage|p2a: Bisharp|220\/272
|
|turn|16
|c|âSpammernoob|Ice Beam was my best play since Exca's my wincon
|c|âSlowbroongus|true
|
|move|p2a: Bisharp|Swords Dance|p2a: Bisharp
|-boost|p2a: Bisharp|atk|2
|move|p1a: Live Wire|Flamethrower|p2a: Bisharp
|-supereffective|p2a: Bisharp
|-damage|p2a: Bisharp|0 fnt
|faint|p2a: Bisharp
|
|c|âSpammernoob|NO!
|c|âSpammernoob|D:
|
|switch|p2a: Excadrill|Excadrill, F|170\/362
|-ability|p2a: Excadrill|Mold Breaker
|turn|17
|c|âSpammernoob|Hoping to SD and then sweep
|c|âSlowbroongus|ha, nah
|
|switch|p1a: Washington|Rotom-Wash|218\/303
|move|p2a: Excadrill|Earthquake|p1a: Washington
|-supereffective|p1a: Washington
|-damage|p1a: Washington|0 fnt
|faint|p1a: Washington
|
|
|switch|p1a: Ignignokt|Clefable, M, shiny|374\/393
|turn|18
|
|move|p2a: Excadrill|Earthquake|p1a: Ignignokt
|-damage|p1a: Ignignokt|188\/393
|move|p1a: Ignignokt|Moonblast|p2a: Excadrill
|-resisted|p2a: Excadrill
|-damage|p2a: Excadrill|90\/362
|
|-heal|p1a: Ignignokt|212\/393|[from] item: Leftovers
|turn|19
|c|âSpammernoob|I'm still scared of a Scarf-E-vire
|
|switch|p2a: Greninja|Greninja, M|201\/285
|move|p1a: Ignignokt|Soft-Boiled|p1a: Ignignokt
|-heal|p1a: Ignignokt|393\/393
|
|turn|20
|c|âSlowbroongus|heheheâ¦.
|
|move|p2a: Greninja|Gunk Shot|p1a: Ignignokt
|-start|p2a: Greninja|typechange|Poison|[from] Protean
|-supereffective|p1a: Ignignokt
|-damage|p1a: Ignignokt|19\/393
|-status|p1a: Ignignokt|psn
|-damage|p2a: Greninja|173\/285|[from] item: Life Orb
|move|p1a: Ignignokt|Moonblast|p2a: Greninja
|-resisted|p2a: Greninja
|-damage|p2a: Greninja|99\/285
|
|-heal|p1a: Ignignokt|43\/393 psn|[from] item: Leftovers
|turn|21
|
|move|p2a: Greninja|Grass Knot|p1a: Ignignokt
|-start|p2a: Greninja|typechange|Grass|[from] Protean
|-damage|p1a: Ignignokt|0 fnt
|-damage|p2a: Greninja|71\/285|[from] item: Life Orb
|faint|p1a: Ignignokt
|
|
|switch|p1a: Chewie|Electivire, M|291\/291
|turn|22
|
|move|p2a: Greninja|Hydro Pump|p1a: Chewie
|-start|p2a: Greninja|typechange|Water|[from] Protean
|-damage|p1a: Chewie|52\/291
|-damage|p2a: Greninja|43\/285|[from] item: Life Orb
|move|p1a: Chewie|Earthquake|p2a: Greninja
|-damage|p2a: Greninja|0 fnt
|-damage|p1a: Chewie|23\/291|[from] item: Life Orb
|faint|p2a: Greninja
|
|
|switch|p2a: Excadrill|Excadrill, F|90\/362
|-ability|p2a: Excadrill|Mold Breaker
|turn|23
|c|âSlowbroongus|gg mate
|
|move|p2a: Excadrill|Earthquake|p1a: Chewie
|-crit|p1a: Chewie
|-supereffective|p1a: Chewie
|-damage|p1a: Chewie|0 fnt
|faint|p1a: Chewie
|
|c|âSpammernoob|These sets are so standard... JK lol
|
|switch|p1a: Live Wire|Eelektross, M, shiny|374\/374
|turn|24
|c|âSpammernoob|gg though
|
|move|p2a: Excadrill|Earthquake|p1a: Live Wire
|-supereffective|p1a: Live Wire
|-damage|p1a: Live Wire|0 fnt
|faint|p1a: Live Wire
|
|win|Spammernoob
|c|âSlowbroongus|now about my thundurus
|c|âSlowbroongus|itâs physical
|c|âSlowbroongus|with Super Power
|c|âSlowbroongus|(ï»¿ Í¡Â° ÍÊ Í¡Â°)
|c|âSpammernoob|Oh... that's what you used... lol
|c|âSpammernoob|Last battle, I could;ve won then. xD
|c|âSlowbroongus|not exactly
|c|âSpammernoob|Why not?
|c|âSlowbroongus|it still has t-wave and prankster
|c|âSpammernoob|I know... Sableye can easily set up on it tho
|c|âSlowbroongus|gah. LV wonât load for me for some reason
|c|âSpammernoob|D: