|join|CheckersGOD
|join|Spammernoob
|player|p1|CheckersGOD|33
|player|p2|Spammernoob|292
|gametype|singles
|gen|6
|tier|OU
|rated
|clearpoke
|poke|p1|Sableye, F, shiny
|poke|p1|Jirachi
|poke|p1|Latios, M
|poke|p1|Heatran, M
|poke|p1|Landorus-Therian, M
|poke|p1|Rotom-Wash
|poke|p2|Sableye, F
|poke|p2|Excadrill, F
|poke|p2|Honchkrow, M
|poke|p2|Bisharp, F
|poke|p2|Crawdaunt, M
|poke|p2|Greninja, M
|rule|Swagger Clause: Swagger is banned
|rule|Baton Pass Clause: Limit one PokÃ©mon knowing Baton Pass
|rule|Sleep Clause Mod: Limit one foe put to sleep
|rule|Species Clause: Limit one of each PokÃ©mon
|rule|OHKO Clause: OHKO moves are banned
|rule|Moody Clause: Moody is banned
|rule|Evasion Moves Clause: Evasion moves are banned
|rule|Endless Battle Clause: Forcing endless battles is banned
|rule|HP Percentage Mod: HP is shown in percentages
|teampreview
|c|âSpammernoob|Prepare for Hyper Offense
|
|start
|switch|p1a: Landorus-Therian|Landorus-Therian, M|319\/319
|switch|p2a: Sableye|Sableye, F|304\/304
|-ability|p1a: Landorus-Therian|Intimidate|[of] p2a: Sableye
|-unboost|p2a: Sableye|atk|1
|turn|1
|
|switch|p1a: Heatran|Heatran, M|386\/386
|move|p2a: Sableye|Will-O-Wisp|p1a: Heatran
|-start|p1a: Heatran|ability: Flash Fire
|
|turn|2
|
|detailschange|p2a: Sableye|Sableye-Mega, F
|message|Sableye has Mega Evolved into Mega Sableye!
|move|p2a: Sableye|Calm Mind|p2a: Sableye
|-boost|p2a: Sableye|spa|1
|-boost|p2a: Sableye|spd|1
|move|p1a: Heatran|Lava Plume|p2a: Sableye
|-damage|p2a: Sableye|192\/304
|
|turn|3
|
|move|p1a: Heatran|Lava Plume|p2a: Sableye
|-damage|p2a: Sableye|80\/304
|move|p2a: Sableye|Recover|p2a: Sableye
|-heal|p2a: Sableye|232\/304
|
|turn|4
|
|move|p1a: Heatran|Lava Plume|p2a: Sableye
|-damage|p2a: Sableye|129\/304
|-status|p2a: Sableye|brn
|move|p2a: Sableye|Calm Mind|p2a: Sableye
|-boost|p2a: Sableye|spa|1
|-boost|p2a: Sableye|spd|1
|
|-damage|p2a: Sableye|91\/304 brn|[from] brn
|turn|5
|
|move|p1a: Heatran|Lava Plume|p2a: Sableye
|-damage|p2a: Sableye|9\/304 brn
|move|p2a: Sableye|Recover|p2a: Sableye
|-heal|p2a: Sableye|161\/304 brn
|
|-damage|p2a: Sableye|123\/304 brn|[from] brn
|turn|6
|
|move|p1a: Heatran|Lava Plume|p2a: Sableye
|-damage|p2a: Sableye|41\/304 brn
|move|p2a: Sableye|Shadow Ball|p1a: Heatran
|-damage|p1a: Heatran|277\/386
|
|-heal|p1a: Heatran|301\/386|[from] item: Leftovers
|-damage|p2a: Sableye|3\/304 brn|[from] brn
|turn|7
|c|âSpammernoob|So much for putting in work. D:
|
|move|p1a: Heatran|Lava Plume|p2a: Sableye
|-damage|p2a: Sableye|0 fnt
|faint|p2a: Sableye
|
|-heal|p1a: Heatran|325\/386|[from] item: Leftovers
|
|switch|p2a: Crawdaunt|Crawdaunt, M|267\/267
|turn|8
|
|switch|p1a: Rotom-Wash|Rotom-Wash|303\/303
|move|p2a: Crawdaunt|Crabhammer|p1a: Rotom-Wash|[miss]
|-miss|p2a: Crawdaunt|p1a: Rotom-Wash
|
|turn|9
|c|âCheckersGOD|that swift avoid tho
|
|move|p2a: Crawdaunt|Knock Off|p1a: Rotom-Wash
|-damage|p1a: Rotom-Wash|43\/303
|-enditem|p1a: Rotom-Wash|Leftovers|[from] move: Knock Off|[of] p2a: Crawdaunt
|-damage|p2a: Crawdaunt|241\/267|[from] item: Life Orb
|move|p1a: Rotom-Wash|Will-O-Wisp|p2a: Crawdaunt
|-status|p2a: Crawdaunt|brn
|
|-damage|p2a: Crawdaunt|208\/267 brn|[from] brn
|turn|10
|c|âSpammernoob|ikr
|
|move|p2a: Crawdaunt|Knock Off|p1a: Rotom-Wash
|-damage|p1a: Rotom-Wash|0 fnt
|-damage|p2a: Crawdaunt|182\/267 brn|[from] item: Life Orb
|faint|p1a: Rotom-Wash
|
|-damage|p2a: Crawdaunt|149\/267 brn|[from] brn
|c|âSpammernoob|It mattered a ton too
|
|switch|p1a: Sableye|Sableye, F, shiny|304\/304
|turn|11
|
|detailschange|p1a: Sableye|Sableye-Mega, F, shiny
|message|Sableye has Mega Evolved into Mega Sableye!
|move|p1a: Sableye|Calm Mind|p1a: Sableye
|-boost|p1a: Sableye|spa|1
|-boost|p1a: Sableye|spd|1
|move|p2a: Crawdaunt|Crabhammer|p1a: Sableye
|-damage|p1a: Sableye|203\/304
|-damage|p2a: Crawdaunt|123\/267 brn|[from] item: Life Orb
|
|-damage|p2a: Crawdaunt|90\/267 brn|[from] brn
|turn|12
|
|move|p2a: Crawdaunt|Swords Dance|p2a: Crawdaunt
|-boost|p2a: Crawdaunt|atk|2
|move|p1a: Sableye|Recover|p1a: Sableye
|-heal|p1a: Sableye|304\/304
|
|-damage|p2a: Crawdaunt|57\/267 brn|[from] brn
|turn|13
|
|move|p2a: Crawdaunt|Crabhammer|p1a: Sableye
|-damage|p1a: Sableye|114\/304
|-damage|p2a: Crawdaunt|31\/267 brn|[from] item: Life Orb
|move|p1a: Sableye|Dark Pulse|p2a: Crawdaunt
|-resisted|p2a: Crawdaunt
|-damage|p2a: Crawdaunt|0 fnt
|faint|p2a: Crawdaunt
|
|c|âSpammernoob|This'll do a ton
|
|switch|p2a: Honchkrow|Honchkrow, M|341\/341
|turn|14
|
|switch|p1a: Heatran|Heatran, M|325\/386
|move|p2a: Honchkrow|Brave Bird|p1a: Heatran
|-resisted|p1a: Heatran
|-damage|p1a: Heatran|204\/386
|-damage|p2a: Honchkrow|301\/341|[from] recoil|[of] p1a: Heatran
|-damage|p2a: Honchkrow|267\/341|[from] item: Life Orb
|
|-heal|p1a: Heatran|228\/386|[from] item: Leftovers
|turn|15
|
|move|p2a: Honchkrow|Sucker Punch|p1a: Heatran
|-fail|p1a: Heatran
|move|p1a: Heatran|Stealth Rock|p2a: Honchkrow
|-sidestart|p2: Spammernoob|move: Stealth Rock
|
|-heal|p1a: Heatran|252\/386|[from] item: Leftovers
|turn|16
|
|move|p2a: Honchkrow|Brave Bird|p1a: Heatran
|-resisted|p1a: Heatran
|-damage|p1a: Heatran|123\/386
|-damage|p2a: Honchkrow|224\/341|[from] recoil|[of] p1a: Heatran
|-damage|p2a: Honchkrow|190\/341|[from] item: Life Orb
|move|p1a: Heatran|Toxic|p2a: Honchkrow|[miss]
|-miss|p1a: Heatran|p2a: Honchkrow
|
|-heal|p1a: Heatran|147\/386|[from] item: Leftovers
|turn|17
|
|move|p2a: Honchkrow|Brave Bird|p1a: Heatran
|-resisted|p1a: Heatran
|-damage|p1a: Heatran|26\/386
|-damage|p2a: Honchkrow|150\/341|[from] recoil|[of] p1a: Heatran
|-damage|p2a: Honchkrow|116\/341|[from] item: Life Orb
|move|p1a: Heatran|Lava Plume|p2a: Honchkrow
|-damage|p2a: Honchkrow|0 fnt
|faint|p2a: Honchkrow
|
|-heal|p1a: Heatran|50\/386|[from] item: Leftovers
|c|âSpammernoob|OMG Much misplay. D:
|
|switch|p2a: Bisharp|Bisharp, F|272\/272
|-damage|p2a: Bisharp|255\/272|[from] Stealth Rock
|turn|18
|
|move|p1a: Heatran|Protect|p1a: Heatran
|-singleturn|p1a: Heatran|Protect
|move|p2a: Bisharp|Knock Off|p1a: Heatran
|-activate|p1a: Heatran|Protect
|
|-heal|p1a: Heatran|74\/386|[from] item: Leftovers
|turn|19
|
|move|p2a: Bisharp|Knock Off|p1a: Heatran
|-damage|p1a: Heatran|0 fnt
|-enditem|p1a: Heatran|Leftovers|[from] move: Knock Off|[of] p2a: Bisharp
|-damage|p2a: Bisharp|228\/272|[from] item: Life Orb
|faint|p1a: Heatran
|
|
|switch|p1a: Landorus-Therian|Landorus-Therian, M|319\/319
|-ability|p1a: Landorus-Therian|Intimidate|[of] p2a: Bisharp
|-unboost|p2a: Bisharp|atk|1
|-boost|p2a: Bisharp|atk|2|[from] ability: Defiant
|turn|20
|
|move|p2a: Bisharp|Sucker Punch|p1a: Landorus-Therian
|-damage|p1a: Landorus-Therian|0 fnt
|-damage|p2a: Bisharp|201\/272|[from] item: Life Orb
|faint|p1a: Landorus-Therian
|
|c|âSpammernoob|lol Thanks for the +1
|c|âCheckersGOD|gg
|c|âSpammernoob|Yeh.
|c|âCheckersGOD|i had to nothing else could hit it
|
|switch|p1a: Jirachi|Jirachi|404\/404
|turn|21
|
|move|p2a: Bisharp|Sucker Punch|p1a: Jirachi
|-supereffective|p1a: Jirachi
|-damage|p1a: Jirachi|0 fnt
|-damage|p2a: Bisharp|174\/272|[from] item: Life Orb
|faint|p1a: Jirachi
|
|-message|CheckersGOD forfeited.
|
|win|Spammernoob
|raw|Ladder updating...
|leave|CheckersGOD
|player|p1
|raw|CheckersGOD's rating: 1341 &rarr; <strong>1323<\/strong><br \/>(-18 for losing)
|raw|Spammernoob's rating: 1374 &rarr; <strong>1392<\/strong><br \/>(+18 for winning)