|join|kanon96
|join|Spammernoob
|player|p1|kanon96|80
|player|p2|Spammernoob|170
|gametype|singles
|gen|6
|tier|OU
|rated
|clearpoke
|poke|p1|Charizard, M
|poke|p1|Keldeo-Resolute
|poke|p1|Mamoswine, M
|poke|p1|Bisharp, F
|poke|p1|Excadrill, M
|poke|p1|Mew
|poke|p2|Latias, F
|poke|p2|Breloom, F
|poke|p2|Heatran, F
|poke|p2|Gyarados, M, shiny
|poke|p2|Greninja, M, shiny
|poke|p2|Bisharp, M, shiny
|rule|Swagger Clause: Swagger is banned
|rule|Baton Pass Clause: Limit one PokÃ©mon knowing Baton Pass
|rule|Sleep Clause Mod: Limit one foe put to sleep
|rule|Species Clause: Limit one of each PokÃ©mon
|rule|OHKO Clause: OHKO moves are banned
|rule|Moody Clause: Moody is banned
|rule|Evasion Moves Clause: Evasion moves are banned
|rule|Endless Battle Clause: Forcing endless battles is banned
|rule|HP Percentage Mod: HP is shown in percentages
|teampreview
|
|start
|switch|p1a: Mew|Mew|404\/404
|switch|p2a: Breloominati|Breloom, F|262\/262
|turn|1
|
|switch|p2a: U Mad bro|Heatran, F|386\/386
|move|p1a: Mew|Taunt|p2a: U Mad bro
|-start|p2a: U Mad bro|move: Taunt
|
|turn|2
|
|move|p1a: Mew|Knock Off|p2a: U Mad bro
|-damage|p2a: U Mad bro|313\/386
|-enditem|p2a: U Mad bro|Leftovers|[from] move: Knock Off|[of] p1a: Mew
|move|p2a: U Mad bro|Lava Plume|p1a: Mew
|-damage|p1a: Mew|293\/404
|
|-heal|p1a: Mew|318\/404|[from] item: Leftovers
|turn|3
|c|âSpammernoob|:[
|
|switch|p1a: Keldeo-Resolute|Keldeo-Resolute|323\/323
|switch|p2a: Mizuhime|Gyarados, M, shiny|332\/332
|-ability|p2a: Mizuhime|Intimidate|[of] p1a: Keldeo-Resolute
|-unboost|p1a: Keldeo-Resolute|atk|1
|
|turn|4
|
|move|p1a: Keldeo-Resolute|Icy Wind|p2a: Mizuhime
|-damage|p2a: Mizuhime|226\/332
|-unboost|p2a: Mizuhime|spe|1
|move|p2a: Mizuhime|Dragon Dance|p2a: Mizuhime
|-boost|p2a: Mizuhime|atk|1
|-boost|p2a: Mizuhime|spe|1
|
|turn|5
|
|move|p1a: Keldeo-Resolute|Icy Wind|p2a: Mizuhime
|-damage|p2a: Mizuhime|127\/332
|-unboost|p2a: Mizuhime|spe|1
|move|p2a: Mizuhime|Dragon Dance|p2a: Mizuhime
|-boost|p2a: Mizuhime|atk|1
|-boost|p2a: Mizuhime|spe|1
|
|turn|6
|
|detailschange|p2a: Mizuhime|Gyarados-Mega, M, shiny
|message|Gyarados has Mega Evolved into Mega Gyarados!
|-ability|p2a: Mizuhime|Mold Breaker
|move|p1a: Keldeo-Resolute|Icy Wind|p2a: Mizuhime
|-resisted|p2a: Mizuhime
|-damage|p2a: Mizuhime|88\/332
|-unboost|p2a: Mizuhime|spe|1
|move|p2a: Mizuhime|Earthquake|p1a: Keldeo-Resolute
|-damage|p1a: Keldeo-Resolute|0 fnt
|faint|p1a: Keldeo-Resolute
|
|c|âSpammernoob|I misplayed so hard there. lol
|
|switch|p1a: Mew|Mew|318\/404
|turn|7
|
|move|p1a: Mew|Will-O-Wisp|p2a: Mizuhime
|-status|p2a: Mizuhime|brn
|move|p2a: Mizuhime|Crunch|p1a: Mew
|-supereffective|p1a: Mew
|-damage|p1a: Mew|10\/404
|-unboost|p1a: Mew|def|1
|
|-heal|p1a: Mew|35\/404|[from] item: Leftovers
|-damage|p2a: Mizuhime|47\/332 brn|[from] brn
|turn|8
|
|switch|p1a: Bisharp|Bisharp, F|272\/272
|move|p2a: Mizuhime|Crunch|p1a: Bisharp
|-resisted|p1a: Bisharp
|-damage|p1a: Bisharp|180\/272
|
|-damage|p2a: Mizuhime|6\/332 brn|[from] brn
|turn|9
|
|move|p1a: Bisharp|Sucker Punch|p2a: Mizuhime
|-crit|p2a: Mizuhime
|-resisted|p2a: Mizuhime
|-damage|p2a: Mizuhime|0 fnt
|faint|p2a: Mizuhime
|
|
|switch|p2a: Breloominati|Breloom, F|262\/262
|turn|10
|
|switch|p1a: Mew|Mew|35\/404
|move|p2a: Breloominati|Spore|p1a: Mew
|-status|p1a: Mew|slp
|
|-heal|p1a: Mew|60\/404 slp|[from] item: Leftovers
|turn|11
|
|switch|p1a: Charizard|Charizard, M|297\/297
|move|p2a: Breloominati|Rock Tomb|p1a: Charizard
|-supereffective|p1a: Charizard
|-damage|p1a: Charizard|0 fnt
|faint|p1a: Charizard
|
|c|âSpammernoob|xD
|
|switch|p1a: Mamoswine|Mamoswine, M|361\/361
|turn|12
|
|move|p1a: Mamoswine|Ice Shard|p2a: Breloominati
|-supereffective|p2a: Breloominati
|-damage|p2a: Breloominati|58\/262
|move|p2a: Breloominati|Bullet Seed|p1a: Mamoswine
|-supereffective|p1a: Mamoswine
|-damage|p1a: Mamoswine|209\/361
|-supereffective|p1a: Mamoswine
|-damage|p1a: Mamoswine|45\/361
|-hitcount|p1a: Mamoswine|2
|
|turn|13
|
|switch|p2a: Grenigga|Greninja, M, shiny|285\/285
|move|p1a: Mamoswine|Ice Shard|p2a: Grenigga
|-resisted|p2a: Grenigga
|-damage|p2a: Grenigga|225\/285
|
|turn|14
|
|switch|p1a: Mew|Mew|60\/404 slp
|move|p2a: Grenigga|Ice Beam|p1a: Mew
|-start|p2a: Grenigga|typechange|Ice|[from] Protean
|-damage|p1a: Mew|0 fnt
|-damage|p2a: Grenigga|197\/285|[from] item: Life Orb
|faint|p1a: Mew
|
|c|âSpammernoob|Crap
|
|switch|p1a: Bisharp|Bisharp, F|180\/272
|turn|15
|c|âSpammernoob|Friggin' Showdown lag. :[
|
|switch|p2a: U Mad bro|Heatran, F|313\/386
|move|p1a: Bisharp|Sucker Punch|p2a: U Mad bro
|-fail|p2a: U Mad bro
|
|turn|16
|
|move|p1a: Bisharp|Knock Off|p2a: U Mad bro
|-damage|p2a: U Mad bro|162\/386
|move|p2a: U Mad bro|Lava Plume|p1a: Bisharp
|-supereffective|p1a: Bisharp
|-damage|p1a: Bisharp|0 fnt
|faint|p1a: Bisharp
|
|-message|kanon96 forfeited.
|
|win|Spammernoob
|raw|Ladder updating...
|leave|kanon96
|player|p1