|join|armaz8
|join|Spammernoob
|player|p1|armaz8|265
|player|p2|Spammernoob|292
|gametype|singles
|gen|6
|tier|OU
|rated
|clearpoke
|poke|p1|Ferrothorn, F
|poke|p1|Greninja, F
|poke|p1|Azumarill, F
|poke|p1|Slowbro, F
|poke|p1|Scizor, F
|poke|p1|Conkeldurr, F
|poke|p2|Sableye, F
|poke|p2|Keldeo-Resolute
|poke|p2|Honchkrow, M
|poke|p2|Bisharp, M
|poke|p2|Tyranitar, M
|poke|p2|Greninja, M
|rule|Swagger Clause: Swagger is banned
|rule|Baton Pass Clause: Limit one PokÃ©mon knowing Baton Pass
|rule|Sleep Clause Mod: Limit one foe put to sleep
|rule|Species Clause: Limit one of each PokÃ©mon
|rule|OHKO Clause: OHKO moves are banned
|rule|Moody Clause: Moody is banned
|rule|Evasion Moves Clause: Evasion moves are banned
|rule|Endless Battle Clause: Forcing endless battles is banned
|rule|HP Percentage Mod: HP is shown in percentages
|teampreview
|
|start
|switch|p1a: Ferrothorn|Ferrothorn, F|352\/352
|switch|p2a: Honchkrow|Honchkrow, M|341\/341
|turn|1
|
|move|p2a: Honchkrow|Heat Wave|p1a: Ferrothorn
|-supereffective|p1a: Ferrothorn
|-damage|p1a: Ferrothorn|0 fnt
|-damage|p2a: Honchkrow|307\/341|[from] item: Life Orb
|faint|p1a: Ferrothorn
|-boost|p2a: Honchkrow|atk|1|[from] ability: Moxie
|
|
|switch|p1a: Greninja|Greninja, F|285\/285
|turn|2
|c|âSpammernoob|lol
|
|switch|p2a: Tyranitar|Tyranitar, M|403\/403
|-weather|Sandstorm
|move|p1a: Greninja|Ice Beam|p2a: Tyranitar
|-start|p1a: Greninja|typechange|Ice|[from] Protean
|-damage|p2a: Tyranitar|346\/403
|
|-weather|Sandstorm|[upkeep]
|-damage|p1a: Greninja|268\/285|[from] sandstorm
|turn|3
|c|âarmaz8|oh well
|
|move|p1a: Greninja|U-turn|p2a: Tyranitar
|-start|p1a: Greninja|typechange|Bug|[from] Protean
|-supereffective|p2a: Tyranitar
|-damage|p2a: Tyranitar|232\/403
|
|move|p2a: Tyranitar|Pursuit|p1a: Greninja|[from]Pursuit
|-damage|p1a: Greninja|73\/285
|switch|p1a: Conkeldurr|Conkeldurr, F|414\/414
|
|-weather|Sandstorm|[upkeep]
|-damage|p1a: Conkeldurr|389\/414|[from] sandstorm
|turn|4
|
|switch|p2a: Sableye|Sableye, F|304\/304
|move|p1a: Conkeldurr|Knock Off|p2a: Sableye
|-damage|p2a: Sableye|230\/304
|
|-weather|Sandstorm|[upkeep]
|-damage|p2a: Sableye|211\/304|[from] sandstorm
|-damage|p1a: Conkeldurr|364\/414|[from] sandstorm
|turn|5
|
|move|p2a: Sableye|Recover|p2a: Sableye
|-heal|p2a: Sableye|304\/304
|move|p1a: Conkeldurr|Ice Punch|p2a: Sableye
|-damage|p2a: Sableye|208\/304
|
|-weather|Sandstorm|[upkeep]
|-damage|p2a: Sableye|189\/304|[from] sandstorm
|-damage|p1a: Conkeldurr|339\/414|[from] sandstorm
|turn|6
|
|detailschange|p2a: Sableye|Sableye-Mega, F
|message|Sableye has Mega Evolved into Mega Sableye!
|move|p2a: Sableye|Calm Mind|p2a: Sableye
|-boost|p2a: Sableye|spa|1
|-boost|p2a: Sableye|spd|1
|move|p1a: Conkeldurr|Ice Punch|p2a: Sableye
|-damage|p2a: Sableye|122\/304
|-status|p2a: Sableye|frz
|
|-weather|none
|turn|7
|c|âSpammernoob|Seems legit.
|c|âarmaz8|eek
|
|move|p1a: Conkeldurr|Ice Punch|p2a: Sableye
|-damage|p2a: Sableye|58\/304 frz
|cant|p2a: Sableye|frz
|
|turn|8
|
|move|p1a: Conkeldurr|Ice Punch|p2a: Sableye
|-damage|p2a: Sableye|0 fnt
|faint|p2a: Sableye
|
|
|switch|p2a: Honchkrow|Honchkrow, M|307\/341
|turn|9
|
|switch|p1a: Greninja|Greninja, F|73\/285
|move|p2a: Honchkrow|Brave Bird|p1a: Greninja
|-damage|p1a: Greninja|0 fnt
|-damage|p2a: Honchkrow|283\/341|[from] recoil|[of] p1a: Greninja
|-damage|p2a: Honchkrow|249\/341|[from] item: Life Orb
|faint|p1a: Greninja
|-boost|p2a: Honchkrow|atk|1|[from] ability: Moxie
|
|
|switch|p1a: Azumarill|Azumarill, F|404\/404
|turn|10
|
|move|p1a: Azumarill|Aqua Jet|p2a: Honchkrow
|-crit|p2a: Honchkrow
|-damage|p2a: Honchkrow|18\/341
|move|p2a: Honchkrow|Brave Bird|p1a: Azumarill
|-damage|p1a: Azumarill|0 fnt
|-damage|p2a: Honchkrow|0 fnt|[from] recoil|[of] p1a: Azumarill
|faint|p1a: Azumarill
|faint|p2a: Honchkrow
|
|
|switch|p2a: Greninja|Greninja, M|285\/285
|switch|p1a: Conkeldurr|Conkeldurr, F|339\/414
|turn|11
|
|switch|p2a: Tyranitar|Tyranitar, M|232\/403
|-weather|Sandstorm
|switch|p1a: Slowbro|Slowbro, F|394\/394
|
|-weather|Sandstorm|[upkeep]
|-damage|p1a: Slowbro|370\/394|[from] sandstorm
|turn|12
|
|detailschange|p1a: Slowbro|Slowbro-Mega, F
|message|Slowbro has Mega Evolved into Mega Slowbro!
|move|p2a: Tyranitar|Pursuit|p1a: Slowbro
|-supereffective|p1a: Slowbro
|-damage|p1a: Slowbro|316\/394
|move|p1a: Slowbro|Scald|p2a: Tyranitar
|-supereffective|p2a: Tyranitar
|-damage|p2a: Tyranitar|134\/403
|-status|p2a: Tyranitar|brn
|
|-weather|Sandstorm|[upkeep]
|-damage|p1a: Slowbro|292\/394|[from] sandstorm
|-damage|p2a: Tyranitar|84\/403 brn|[from] brn
|turn|13
|
|move|p2a: Tyranitar|Pursuit|p1a: Slowbro
|-supereffective|p1a: Slowbro
|-damage|p1a: Slowbro|262\/394
|move|p1a: Slowbro|Calm Mind|p1a: Slowbro
|-boost|p1a: Slowbro|spa|1
|-boost|p1a: Slowbro|spd|1
|
|-weather|Sandstorm|[upkeep]
|-damage|p1a: Slowbro|238\/394|[from] sandstorm
|-damage|p2a: Tyranitar|34\/403 brn|[from] brn
|turn|14
|
|move|p2a: Tyranitar|Pursuit|p1a: Slowbro
|-supereffective|p1a: Slowbro
|-damage|p1a: Slowbro|206\/394
|move|p1a: Slowbro|Slack Off|p1a: Slowbro
|-heal|p1a: Slowbro|394\/394
|
|-weather|Sandstorm|[upkeep]
|-damage|p1a: Slowbro|370\/394|[from] sandstorm
|-damage|p2a: Tyranitar|0 fnt|[from] brn
|faint|p2a: Tyranitar
|
|switch|p2a: Greninja|Greninja, M|285\/285
|turn|15
|
|move|p2a: Greninja|Grass Knot|p1a: Slowbro
|-start|p2a: Greninja|typechange|Grass|[from] Protean
|-supereffective|p1a: Slowbro
|-damage|p1a: Slowbro|42\/394
|-damage|p2a: Greninja|257\/285|[from] item: Life Orb
|move|p1a: Slowbro|Scald|p2a: Greninja
|-resisted|p2a: Greninja
|-damage|p2a: Greninja|139\/285
|
|-weather|none
|turn|16
|
|move|p2a: Greninja|Hydro Pump|p1a: Slowbro
|-start|p2a: Greninja|typechange|Water|[from] Protean
|-resisted|p1a: Slowbro
|-damage|p1a: Slowbro|0 fnt
|-damage|p2a: Greninja|111\/285|[from] item: Life Orb
|faint|p1a: Slowbro
|
|
|switch|p1a: Conkeldurr|Conkeldurr, F|339\/414
|turn|17
|
|move|p2a: Greninja|Hydro Pump|p1a: Conkeldurr
|-damage|p1a: Conkeldurr|35\/414
|-damage|p2a: Greninja|83\/285|[from] item: Life Orb
|move|p1a: Conkeldurr|Drain Punch|p2a: Greninja
|-crit|p2a: Greninja
|-damage|p2a: Greninja|0 fnt
|-heal|p1a: Conkeldurr|77\/414|[from] drain|[of] p2a: Greninja
|faint|p2a: Greninja
|
|
|switch|p2a: Bisharp|Bisharp, M|272\/272
|turn|18
|
|move|p2a: Bisharp|Sucker Punch|p1a: Conkeldurr
|-resisted|p1a: Conkeldurr
|-damage|p1a: Conkeldurr|0 fnt
|-damage|p2a: Bisharp|245\/272|[from] item: Life Orb
|faint|p1a: Conkeldurr
|
|
|switch|p1a: Scizor|Scizor, F|344\/344
|turn|19
|
|move|p2a: Bisharp|Knock Off|p1a: Scizor
|-damage|p1a: Scizor|120\/344
|-enditem|p1a: Scizor|Lum Berry|[from] move: Knock Off|[of] p2a: Bisharp
|-damage|p2a: Bisharp|218\/272|[from] item: Life Orb
|move|p1a: Scizor|Swords Dance|p1a: Scizor
|-boost|p1a: Scizor|atk|2
|
|turn|20
|
|move|p2a: Bisharp|Knock Off|p1a: Scizor
|-damage|p1a: Scizor|0 fnt
|-damage|p2a: Bisharp|191\/272|[from] item: Life Orb
|faint|p1a: Scizor
|
|win|Spammernoob
|raw|Ladder updating...
|c|âSpammernoob|gg
|c|âarmaz8|gg
|raw|armaz8's rating: 1423 &rarr; <strong>1401<\/strong><br \/>(-22 for losing)
|raw|Spammernoob's rating: 1391 &rarr; <strong>1413<\/strong><br \/>(+22 for winning)
|leave|armaz8
|player|p1