|join|Spammernoob
|join|Slowbroongus
|player|p1|Spammernoob|161
|player|p2|Slowbroongus|291
|gametype|singles
|gen|6
|tier|OU
|clearpoke
|poke|p1|Sableye, F
|poke|p1|Scizor, F
|poke|p1|Tyranitar, F
|poke|p1|Bisharp, M
|poke|p1|Crawdaunt, M
|poke|p1|Greninja, M
|poke|p2|Rotom-Wash
|poke|p2|Zapdos
|poke|p2|Eelektross, M, shiny
|poke|p2|Electivire, M
|poke|p2|Thundurus, M
|poke|p2|Clefable, M, shiny
|rule|Swagger Clause: Swagger is banned
|rule|Baton Pass Clause: Limit one PokÃ©mon knowing Baton Pass
|rule|Sleep Clause Mod: Limit one foe put to sleep
|rule|Species Clause: Limit one of each PokÃ©mon
|rule|OHKO Clause: OHKO moves are banned
|rule|Moody Clause: Moody is banned
|rule|Evasion Moves Clause: Evasion moves are banned
|rule|Endless Battle Clause: Forcing endless battles is banned
|rule|HP Percentage Mod: HP is shown in percentages
|teampreview
|c|âSpammernoob|Surprise! lol
|c|âSlowbroongus|you fiend!
|c|âSpammernoob|I see you added a M-Sableye counter|
|c|âSlowbroongus|yesâ¦it was necessary
|c|âSlowbroongus|xD
|
|start
|switch|p1a: Tyranitar|Tyranitar, F|404\/404
|switch|p2a: Washington|Rotom-Wash|303\/303
|-weather|Sandstorm
|turn|1
|
|move|p2a: Washington|Thunder Wave|p1a: Tyranitar
|-status|p1a: Tyranitar|par
|move|p1a: Tyranitar|Stealth Rock|p2a: Washington
|-sidestart|p2: Slowbroongus|move: Stealth Rock
|
|-weather|Sandstorm|[upkeep]
|-damage|p2a: Washington|285\/303|[from] sandstorm
|turn|2
|
|move|p2a: Washington|Hydro Pump|p1a: Tyranitar
|-supereffective|p1a: Tyranitar
|-damage|p1a: Tyranitar|260\/404 par
|move|p1a: Tyranitar|Pursuit|p2a: Washington
|-damage|p2a: Washington|246\/303
|
|-weather|Sandstorm|[upkeep]
|-damage|p2a: Washington|228\/303|[from] sandstorm
|-heal|p1a: Tyranitar|285\/404 par|[from] item: Leftovers
|turn|3
|
|move|p2a: Washington|Thunder Wave|p1a: Tyranitar
|-fail|p1a: Tyranitar|par
|move|p1a: Tyranitar|Pursuit|p2a: Washington
|-damage|p2a: Washington|189\/303
|
|-weather|Sandstorm|[upkeep]
|-damage|p2a: Washington|171\/303|[from] sandstorm
|-heal|p1a: Tyranitar|310\/404 par|[from] item: Leftovers
|turn|4
|c|âSpammernoob|Lemme real quick put some chip damage on this thing
|
|move|p2a: Washington|Hydro Pump|p1a: Tyranitar
|-supereffective|p1a: Tyranitar
|-damage|p1a: Tyranitar|164\/404 par
|move|p1a: Tyranitar|Pursuit|p2a: Washington
|-damage|p2a: Washington|128\/303
|
|-weather|Sandstorm|[upkeep]
|-damage|p2a: Washington|110\/303|[from] sandstorm
|-heal|p1a: Tyranitar|189\/404 par|[from] item: Leftovers
|turn|5
|
|move|p2a: Washington|Rest|p2a: Washington
|-status|p2a: Washington|slp
|-heal|p2a: Washington|303\/303 slp|[silent]
|-status|p2a: Washington|slp|[from] move: Rest
|-enditem|p2a: Washington|Chesto Berry|[eat]
|-curestatus|p2a: Washington|slp
|move|p1a: Tyranitar|Pursuit|p2a: Washington
|-damage|p2a: Washington|264\/303
|
|-weather|none
|-heal|p1a: Tyranitar|214\/404 par|[from] item: Leftovers
|turn|6
|
|switch|p1a: Scizor|Scizor, F|344\/344
|move|p2a: Washington|Hydro Pump|p1a: Scizor
|-damage|p1a: Scizor|169\/344
|
|turn|7
|
|switch|p1a: Tyranitar|Tyranitar, F|214\/404 par
|-weather|Sandstorm
|move|p2a: Washington|Hydro Pump|p1a: Tyranitar
|-supereffective|p1a: Tyranitar
|-damage|p1a: Tyranitar|76\/404 par
|
|-weather|Sandstorm|[upkeep]
|-damage|p2a: Washington|246\/303|[from] sandstorm
|-heal|p1a: Tyranitar|101\/404 par|[from] item: Leftovers
|turn|8
|
|move|p2a: Washington|Hydro Pump|p1a: Tyranitar|[miss]
|-miss|p2a: Washington|p1a: Tyranitar
|cant|p1a: Tyranitar|par
|
|-weather|Sandstorm|[upkeep]
|-damage|p2a: Washington|228\/303|[from] sandstorm
|-heal|p1a: Tyranitar|126\/404 par|[from] item: Leftovers
|turn|9
|
|move|p2a: Washington|Hydro Pump|p1a: Tyranitar
|-supereffective|p1a: Tyranitar
|-damage|p1a: Tyranitar|0 fnt
|faint|p1a: Tyranitar
|
|-weather|Sandstorm|[upkeep]
|-damage|p2a: Washington|210\/303|[from] sandstorm
|
|switch|p1a: Sableye|Sableye, F|304\/304
|turn|10
|
|detailschange|p1a: Sableye|Sableye-Mega, F
|message|Sableye has Mega Evolved into Mega Sableye!
|move|p2a: Washington|Volt Switch|p1a: Sableye
|-damage|p1a: Sableye|226\/304
|
|switch|p2a: Ignignokt|Clefable, M, shiny|393\/393
|move|p1a: Sableye|Shadow Ball|p2a: Ignignokt
|-damage|p2a: Ignignokt|317\/393
|
|-weather|Sandstorm|[upkeep]
|-damage|p1a: Sableye|207\/304|[from] sandstorm
|-heal|p2a: Ignignokt|341\/393|[from] item: Leftovers
|turn|11
|
|switch|p1a: Bisharp|Bisharp, M|272\/272
|move|p2a: Ignignokt|Flamethrower|p1a: Bisharp
|-supereffective|p1a: Bisharp
|-damage|p1a: Bisharp|80\/272
|
|-weather|none
|-heal|p2a: Ignignokt|365\/393|[from] item: Leftovers
|turn|12
|c|âSpammernoob|This was middle ground. lol
|c|âSpammernoob|Didn't want to sac Greninja to a Moonblast.
|c|âSlowbroongus|I knew you valued your frog too much
|c|âSlowbroongus|the question is thoâ¦SD or Sub
|c|âSpammernoob|lol
|c|âSpammernoob|Both
|c|âSlowbroongus|(ï»¿ Í¡Â° ÍÊ Í¡Â°)
|
|switch|p2a: Washington|Rotom-Wash|210\/303
|-damage|p2a: Washington|173\/303|[from] Stealth Rock
|move|p1a: Bisharp|Iron Head|p2a: Washington
|-resisted|p2a: Washington
|-damage|p2a: Washington|141\/303
|-damage|p1a: Bisharp|53\/272|[from] item: Life Orb
|
|turn|13
|c|âSpammernoob|It'd kinda be pointless to Sub, lol
|c|âSlowbroongus|nah dude, 20hp subs are the way of the future
|c|âSpammernoob|I think I lost this game.
|
|move|p1a: Bisharp|Knock Off|p2a: Washington
|-damage|p2a: Washington|16\/303
|-damage|p1a: Bisharp|26\/272|[from] item: Life Orb
|move|p2a: Washington|Thunder Wave|p1a: Bisharp
|-status|p1a: Bisharp|par
|
|turn|14
|
|switch|p1a: Sableye|Sableye-Mega, F|207\/304
|move|p2a: Washington|Volt Switch|p1a: Sableye
|-damage|p1a: Sableye|134\/304
|c|âSpammernoob|Oh fak
|
|switch|p2a: Ignignokt|Clefable, M, shiny|365\/393
|
|-heal|p2a: Ignignokt|389\/393|[from] item: Leftovers
|turn|15
|
|switch|p1a: Bisharp|Bisharp, M|26\/272 par
|move|p2a: Ignignokt|Moonblast|p1a: Bisharp
|-damage|p1a: Bisharp|0 fnt
|faint|p1a: Bisharp
|
|-heal|p2a: Ignignokt|393\/393|[from] item: Leftovers
|c|âSlowbroongus|damnit. I canât get a badge from this
|c|âSlowbroongus|xD
|
|switch|p1a: Scizor|Scizor, F|169\/344
|turn|16
|
|switch|p2a: Washington|Rotom-Wash|16\/303
|-damage|p2a: Washington|0 fnt|[from] Stealth Rock
|faint|p2a: Washington
|move|p1a: Scizor|Bullet Punch|p2: Washington|[notarget]
|-notarget
|
|
|switch|p2a: T-Bird|Zapdos|383\/383
|-damage|p2a: T-Bird|288\/383|[from] Stealth Rock
|-ability|p2a: T-Bird|Pressure
|turn|17
|
|move|p1a: Scizor|Bullet Punch|p2a: T-Bird
|-resisted|p2a: T-Bird
|-damage|p2a: T-Bird|217\/383
|move|p2a: T-Bird|Defog|p1a: Scizor
|-unboost|p1a: Scizor|evasion|1
|-sideend|p2: Slowbroongus|Stealth Rock|[from] move: Defog|[of] p2a: T-Bird
|
|-heal|p2a: T-Bird|240\/383|[from] item: Leftovers
|turn|18
|
|move|p1a: Scizor|Bullet Punch|p2a: T-Bird
|-resisted|p2a: T-Bird
|-damage|p2a: T-Bird|164\/383
|move|p2a: T-Bird|Roost|p2a: T-Bird
|-heal|p2a: T-Bird|356\/383
|
|-heal|p2a: T-Bird|379\/383|[from] item: Leftovers
|turn|19
|
|move|p1a: Scizor|Bullet Punch|p2a: T-Bird
|-resisted|p2a: T-Bird
|-damage|p2a: T-Bird|306\/383
|move|p2a: T-Bird|Heat Wave|p1a: Scizor
|-supereffective|p1a: Scizor
|-damage|p1a: Scizor|0 fnt
|faint|p1a: Scizor
|
|-heal|p2a: T-Bird|329\/383|[from] item: Leftovers
|
|switch|p1a: Greninja|Greninja, M|285\/285
|turn|20
|
|switch|p2a: Live Wire|Eelektross, M, shiny|374\/374
|move|p1a: Greninja|Ice Beam|p2a: Live Wire
|-start|p1a: Greninja|typechange|Ice|[from] Protean
|-crit|p2a: Live Wire
|-damage|p2a: Live Wire|152\/374
|-damage|p1a: Greninja|257\/285|[from] item: Life Orb
|
|turn|21
|c|âSpammernoob|If I stilll win... lol
|c|âSlowbroongus|definitely possible
|c|âSpammernoob|Yeah
|c|âSlowbroongus|Greninja is dangerous
|c|âSpammernoob|I just neede to play this right
|
|move|p1a: Greninja|Hydro Pump|p2a: Live Wire|[miss]
|-start|p1a: Greninja|typechange|Water|[from] Protean
|-miss|p1a: Greninja|p2a: Live Wire
|move|p2a: Live Wire|Volt Switch|p1a: Greninja
|-supereffective|p1a: Greninja
|-damage|p1a: Greninja|0 fnt
|faint|p1a: Greninja
|c|âSpammernoob|Nope. lol
|c|âSpammernoob|That was huge
|c|âSlowbroongus|Iâm sorry dude
|c|âSlowbroongus|: \/
|c|âSpammernoob|Yeah, I lost. D:
|c|âSpammernoob|gg
|c|âSlowbroongus|gg
|c|âSpammernoob|Thundurus wins the game for ya
|c|âSlowbroongus|yeah...
|c|âSpammernoob|I misplayed pretty hard, but tbh, I had nothing for rotom-W
|c|âSpammernoob|esp. That Rest. D:
|c|âSlowbroongus|ha, yeah
|c|âSlowbroongus|Rest Rotom is awesome
|c|âSpammernoob|Should've put more offensive pressure on Clef
|c|âSpammernoob|And should've played more aggressively vs. Zap
|c|âSlowbroongus|no way I was letting Ignignokt die, while that THING was still alive
|c|âSlowbroongus|yeah, Knock off\/SD would have been helpful agains Zapdos if you had them.
|c|âSpammernoob|tbh, I had a chance vs. your team if I hadn't missed. lol
|c|âSpammernoob|As long as I won a 50\/50 vs. Thundurus.
|c|âSlowbroongus|did you have priority on Greninja?
|c|âSpammernoob|Why|
|c|âSpammernoob|Scarf-E-vire|
|c|âSlowbroongus|because my sets arenât exactly normal
|c|âSpammernoob|Oh. lol
|c|âSpammernoob|Scarf-Thundy. D:
|c|âSlowbroongus|Iâll tell you on Skype
|c|âSpammernoob|I'm not even on Skype.
|c|âSpammernoob|Much fun though. I'll challenge ya next week then|
|c|âSlowbroongus|figured. I messaged you awhile back to see if you wanted to have your battle earlier
|c|âSpammernoob|Oh, I'm at school atm.
|c|âSlowbroongus|sure mate. good game
|c|âSlowbroongus|oh
|c|âSlowbroongus|xD
|c|âSpammernoob|Next week is sunday, right|
|c|âSpammernoob|Or next Firday. lol
|c|âSlowbroongus|yep
|c|âSpammernoob|Which one|
|c|âSpammernoob|And how was your battle vs. Martsian|
|c|âSlowbroongus|oh, you can send your Challenge on Friday
|c|âSpammernoob|D:
|c|âSpammernoob|\/me is sad
|c|âSlowbroongus|sorry mate. I canât deal with a flood. week delay helps cut down on the flow, feel me?
|c|âSpammernoob|Yeh.
|c|âSlowbroongus|and I had a great battle with Martsian
|c|âSpammernoob|Whenever we play, one of us gets haxed. lol
|c|âSpammernoob|Wanna just play a game for fun|
|c|âSlowbroongus|unfortunately I miscalcâd and lost. he was using some interesting sets
|c|âSlowbroongus|sure dude
|c|âSpammernoob|Yup.
|c|âSlowbroongus|rand?
|c|âSpammernoob|I'm on tilt atm. D:
|c|âSpammernoob|Imma forfeit now.
|leave|Spammernoob
|player|p1
|-message|Player 1 lost due to inactivity.
|
|win|Slowbroongus