|join|Waterr
|join|Spammernoob
|player|p1|Waterr|130
|player|p2|Spammernoob|3
|gametype|singles
|gen|6
|tier|OU
|rated
|clearpoke
|poke|p1|Metagross
|poke|p1|Azumarill, M
|poke|p1|Serperior, F, shiny
|poke|p1|Excadrill, M
|poke|p1|Venomoth, M, shiny
|poke|p1|Nidoking, M
|poke|p2|Landorus, M
|poke|p2|Metagross
|poke|p2|Latios, M
|poke|p2|Keldeo
|poke|p2|Heatran, F
|poke|p2|Thundurus, M
|rule|Swagger Clause: Swagger is banned
|rule|Baton Pass Clause: Limit one PokÃ©mon knowing Baton Pass
|rule|Sleep Clause Mod: Limit one foe put to sleep
|rule|Species Clause: Limit one of each PokÃ©mon
|rule|OHKO Clause: OHKO moves are banned
|rule|Moody Clause: Moody is banned
|rule|Evasion Moves Clause: Evasion moves are banned
|rule|Endless Battle Clause: Forcing endless battles is banned
|rule|HP Percentage Mod: HP is shown in percentages
|teampreview
|
|start
|switch|p1a: Metagross|Metagross|301\/301
|switch|p2a: Heatran|Heatran, F|333\/333
|-item|p2a: Heatran|Air Balloon
|turn|1
|
|detailschange|p1a: Metagross|Metagross-Mega
|-mega|p1a: Metagross|Metagross|Metagrossite
|move|p1a: Metagross|Hammer Arm|p2a: Heatran
|-supereffective|p2a: Heatran
|-damage|p2a: Heatran|33\/333
|-enditem|p2a: Heatran|Air Balloon
|-unboost|p1a: Metagross|spe|1
|move|p2a: Heatran|Will-O-Wisp|p1a: Metagross
|-status|p1a: Metagross|brn
|
|-damage|p1a: Metagross|264\/301 brn|[from] brn
|turn|2
|
|switch|p2a: Landorus|Landorus, M|319\/319
|move|p1a: Metagross|Bullet Punch|p2a: Landorus
|-damage|p2a: Landorus|261\/319
|
|-damage|p1a: Metagross|227\/301 brn|[from] brn
|turn|3
|
|move|p2a: Landorus|Earth Power|p1a: Metagross
|-supereffective|p1a: Metagross
|-damage|p1a: Metagross|0 fnt
|faint|p1a: Metagross
|
|
|switch|p1a: Serperior|Serperior, F, shiny|291\/291
|turn|4
|
|switch|p2a: Heatran|Heatran, F|33\/333
|move|p1a: Serperior|Leaf Storm|p2a: Heatran
|-resisted|p2a: Heatran
|-damage|p2a: Heatran|0 fnt
|-boost|p1a: Serperior|spa|2
|faint|p2a: Heatran
|
|
|switch|p2a: Thundurus|Thundurus, M|299\/299
|turn|5
|c|âSpammernoob|OK. lol
|
|move|p2a: Thundurus|Thunder Wave|p1a: Serperior
|-status|p1a: Serperior|par
|cant|p1a: Serperior|par
|
|turn|6
|c|âSpammernoob|It's a scary as f*ck nuke
|
|move|p2a: Thundurus|Hidden Power|p1a: Serperior
|-crit|p1a: Serperior
|-supereffective|p1a: Serperior
|-damage|p1a: Serperior|96\/291 par
|-damage|p2a: Thundurus|270\/299|[from] item: Life Orb
|move|p1a: Serperior|Leaf Storm|p2a: Thundurus
|-resisted|p2a: Thundurus
|-damage|p2a: Thundurus|72\/299
|-boost|p1a: Serperior|spa|2
|
|turn|7
|
|move|p2a: Thundurus|Hidden Power|p1a: Serperior
|-supereffective|p1a: Serperior
|-damage|p1a: Serperior|0 fnt
|-damage|p2a: Thundurus|43\/299|[from] item: Life Orb
|faint|p1a: Serperior
|
|
|switch|p1a: Venomoth|Venomoth, M, shiny|343\/343
|turn|8
|
|move|p2a: Thundurus|Thunderbolt|p1a: Venomoth
|-damage|p1a: Venomoth|70\/343
|-damage|p2a: Thundurus|14\/299|[from] item: Life Orb
|move|p1a: Venomoth|Substitute|p1a: Venomoth
|-fail|p1a: Venomoth|move: Substitute|[weak]
|
|-heal|p1a: Venomoth|91\/343|[from] item: Black Sludge
|turn|9
|
|move|p2a: Thundurus|Thunderbolt|p1a: Venomoth
|-damage|p1a: Venomoth|0 fnt
|-damage|p2a: Thundurus|0 fnt|[from] item: Life Orb
|faint|p1a: Venomoth
|faint|p2a: Thundurus
|
|c|âWaterr|well fuck
|
|switch|p2a: Landorus|Landorus, M|261\/319
|switch|p1a: Azumarill|Azumarill, M|364\/364
|turn|10
|
|switch|p2a: Latios|Latios, M|301\/301
|move|p1a: Azumarill|Belly Drum|p1a: Azumarill
|-damage|p1a: Azumarill|182\/364
|-setboost|p1a: Azumarill|atk|6|[from] move: Belly Drum
|-enditem|p1a: Azumarill|Sitrus Berry|[eat]
|-heal|p1a: Azumarill|273\/364|[from] item: Sitrus Berry
|
|turn|11
|c|âSpammernoob|o-o
|
|move|p2a: Latios|Psyshock|p1a: Azumarill
|-damage|p1a: Azumarill|57\/364
|-damage|p2a: Latios|271\/301|[from] item: Life Orb
|move|p1a: Azumarill|Play Rough|p2a: Latios
|-supereffective|p2a: Latios
|-damage|p2a: Latios|0 fnt
|faint|p2a: Latios
|
|
|switch|p2a: Keldeo|Keldeo|323\/323
|turn|12
|
|move|p1a: Azumarill|Aqua Jet|p2a: Keldeo
|-resisted|p2a: Keldeo
|-damage|p2a: Keldeo|131\/323
|move|p2a: Keldeo|Scald|p1a: Azumarill
|-resisted|p1a: Azumarill
|-damage|p1a: Azumarill|0 fnt
|faint|p1a: Azumarill
|
|-heal|p2a: Keldeo|151\/323|[from] item: Leftovers
|c|âSpammernoob|Well this sucks
|
|switch|p1a: NidoSweg|Nidoking, M|304\/304
|turn|13
|
|move|p2a: Keldeo|Scald|p1a: NidoSweg
|-supereffective|p1a: NidoSweg
|-damage|p1a: NidoSweg|0 fnt
|faint|p1a: NidoSweg
|
|-heal|p2a: Keldeo|171\/323|[from] item: Leftovers
|c|âWaterr|correct it suks for me
|c|âSpammernoob|gg.
|
|switch|p1a: Excadrill|Excadrill, M|361\/361
|-ability|p1a: Excadrill|Mold Breaker
|turn|14
|c|âWaterr|gg
|
|move|p1a: Excadrill|Earthquake|p2a: Keldeo
|-damage|p2a: Keldeo|0 fnt
|faint|p2a: Keldeo
|
|-message|Waterr forfeited.
|
|win|Spammernoob
|raw|Ladder updating...
|leave|Waterr
|player|p1