|join|senegal
|join|anger management
|player|p1|senegal|170
|player|p2|anger management|77
|gametype|singles
|gen|5
|tier|[Gen 5] UU
|rule|Sleep Clause Mod: Limit one foe put to sleep
|rule|Species Clause: Limit one of each PokÃ©mon
|rule|OHKO Clause: OHKO moves are banned
|rule|Moody Clause: Moody is banned
|rule|Evasion Moves Clause: Evasion moves are banned
|rule|Endless Battle Clause: Forcing endless battles is banned
|rule|HP Percentage Mod: HP is reported as percentages
|rule|Evasion Abilities Clause: Evasion abilities are banned
|clearpoke
|poke|p1|Tornadus, M
|poke|p1|Azelf
|poke|p1|Virizion
|poke|p1|Rotom-Heat
|poke|p1|Qwilfish, F
|poke|p1|Sableye, F
|poke|p2|Suicune
|poke|p2|Mienshao, F
|poke|p2|Weavile, M
|poke|p2|Mew
|poke|p2|Heracross, F
|poke|p2|Golurk
|teampreview
|
|start
|switch|p1a: Azelf|Azelf|291\/291
|switch|p2a: Mienshao|Mienshao, F|271\/271
|turn|1
|join|Blame truth kkek
|join|Dudeman130498
|join|So Dynamic
|
|switch|p1a: Qwilfish|Qwilfish, F|334\/334
|-ability|p1a: Qwilfish|Intimidate|[of] p2a: Mienshao
|-unboost|p2a: Mienshao|atk|1
|move|p2a: Mienshao|U-turn|p1a: Qwilfish
|-resisted|p1a: Qwilfish
|-damage|p1a: Qwilfish|312\/334
|
|switch|p2a: Mew|Mew|401\/401
|
|-heal|p1a: Qwilfish|332\/334|[from] item: Black Sludge
|turn|2
|
|switch|p1a: Azelf|Azelf|291\/291
|move|p2a: Mew|Psyshock|p1a: Azelf
|-resisted|p1a: Azelf
|-damage|p1a: Azelf|219\/291
|
|turn|3
|
|move|p1a: Azelf|Stealth Rock|p2a: Mew
|-sidestart|p2: anger management|move: Stealth Rock
|move|p2a: Mew|Fire Blast|p1a: Azelf
|-crit|p1a: Azelf
|-damage|p1a: Azelf|0 fnt
|faint|p1a: Azelf
|
|
|switch|p1a: Sableye|Sableye, F|304\/304
|turn|4
|
|switch|p2a: Heracross|Heracross, F|311\/311
|-damage|p2a: Heracross|273\/311|[from] Stealth Rock
|move|p1a: Sableye|Taunt|p2a: Heracross
|-start|p2a: Heracross|move: Taunt
|
|turn|5
|
|switch|p1a: Qwilfish|Qwilfish, F|332\/334
|-ability|p1a: Qwilfish|Intimidate|[of] p2a: Heracross
|-unboost|p2a: Heracross|atk|1
|move|p2a: Heracross|Earthquake|p1a: Qwilfish
|-supereffective|p1a: Qwilfish
|-damage|p1a: Qwilfish|104\/334
|
|-heal|p1a: Qwilfish|124\/334|[from] item: Black Sludge
|turn|6
|
|switch|p2a: Mew|Mew|401\/401
|-damage|p2a: Mew|351\/401|[from] Stealth Rock
|switch|p1a: Tornadus|Tornadus, M|299\/299
|
|-heal|p2a: Mew|376\/401|[from] item: Leftovers
|turn|7
|join|ULT Limitless
|
|move|p1a: Tornadus|Acrobatics|p2a: Mew
|-enditem|p1a: Tornadus|Flying Gem|[from] gem|[move] Acrobatics
|-damage|p2a: Mew|99\/401
|move|p2a: Mew|Psyshock|p1a: Tornadus
|-damage|p1a: Tornadus|157\/299
|
|-heal|p2a: Mew|124\/401|[from] item: Leftovers
|turn|8
|chat|ULT Limitless|golurk
|chat|ULT Limitless|cool
|
|move|p1a: Tornadus|Acrobatics|p2a: Mew
|-damage|p2a: Mew|0 fnt
|faint|p2a: Mew
|
|
|switch|p2a: Golurk|Golurk|382\/382
|-damage|p2a: Golurk|359\/382|[from] Stealth Rock
|turn|9
|leave|Blame truth kkek
|
|move|p1a: Tornadus|Acrobatics|p2a: Golurk
|-damage|p2a: Golurk|127\/382
|move|p2a: Golurk|Stealth Rock|p1a: Tornadus
|-sidestart|p1: senegal|move: Stealth Rock
|
|-heal|p2a: Golurk|150\/382|[from] item: Leftovers
|turn|10
|leave|ULT Limitless
|
|switch|p2a: Suicune|Suicune|401\/401
|-damage|p2a: Suicune|351\/401|[from] Stealth Rock
|-ability|p2a: Suicune|Pressure
|move|p1a: Tornadus|Acrobatics|p2a: Suicune
|-damage|p2a: Suicune|234\/401
|
|-heal|p2a: Suicune|259\/401|[from] item: Leftovers
|turn|11
|
|switch|p1a: Virizion|Virizion|323\/323
|-damage|p1a: Virizion|303\/323|[from] Stealth Rock
|move|p2a: Suicune|Scald|p1a: Virizion
|-resisted|p1a: Virizion
|-damage|p1a: Virizion|267\/323
|
|-heal|p1a: Virizion|287\/323|[from] item: Leftovers
|-heal|p2a: Suicune|284\/401|[from] item: Leftovers
|turn|12
|
|switch|p2a: Mienshao|Mienshao, F|271\/271
|-damage|p2a: Mienshao|255\/271|[from] Stealth Rock
|move|p1a: Virizion|Giga Drain|p2a: Mienshao
|-damage|p2a: Mienshao|104\/271
|-heal|p1a: Virizion|323\/323|[from] drain|[of] p2a: Mienshao
|
|turn|13
|
|switch|p1a: Qwilfish|Qwilfish, F|124\/334
|-damage|p1a: Qwilfish|83\/334|[from] Stealth Rock
|-ability|p1a: Qwilfish|Intimidate|[of] p2a: Mienshao
|-unboost|p2a: Mienshao|atk|1
|move|p2a: Mienshao|Aerial Ace|p1a: Qwilfish
|-damage|p1a: Qwilfish|41\/334
|
|-heal|p1a: Qwilfish|61\/334|[from] item: Black Sludge
|turn|14
|
|switch|p2a: Weavile|Weavile, M|301\/301
|-damage|p2a: Weavile|226\/301|[from] Stealth Rock
|-ability|p2a: Weavile|Pressure
|move|p1a: Qwilfish|Spikes|p2a: Weavile
|-sidestart|p2: anger management|Spikes
|
|-heal|p1a: Qwilfish|81\/334|[from] item: Black Sludge
|turn|15
|
|move|p2a: Weavile|Night Slash|p1a: Qwilfish
|-crit|p1a: Qwilfish
|-damage|p1a: Qwilfish|0 fnt
|-damage|p2a: Weavile|196\/301|[from] item: Life Orb
|faint|p1a: Qwilfish
|
|
|switch|p1a: Sableye|Sableye, F|304\/304
|-damage|p1a: Sableye|266\/304|[from] Stealth Rock
|turn|16
|
|switch|p2a: Golurk|Golurk|150\/382
|-damage|p2a: Golurk|103\/382|[from] Spikes
|-damage|p2a: Golurk|80\/382|[from] Stealth Rock
|move|p1a: Sableye|Will-O-Wisp|p2a: Golurk
|-status|p2a: Golurk|brn
|
|-heal|p2a: Golurk|103\/382 brn|[from] item: Leftovers
|-heal|p1a: Sableye|285\/304|[from] item: Leftovers
|-damage|p2a: Golurk|56\/382 brn|[from] brn
|turn|17
|join|anti-test
|leave|anti-test
|
|move|p2a: Golurk|Fire Punch|p1a: Sableye
|-crit|p1a: Sableye
|-damage|p1a: Sableye|135\/304
|move|p1a: Sableye|Foul Play|p2a: Golurk
|-supereffective|p2a: Golurk
|-damage|p2a: Golurk|0 fnt
|faint|p2a: Golurk
|
|-heal|p1a: Sableye|154\/304|[from] item: Leftovers
|
|switch|p2a: Heracross|Heracross, F|273\/311
|-damage|p2a: Heracross|235\/311|[from] Spikes
|-damage|p2a: Heracross|197\/311|[from] Stealth Rock
|turn|18
|
|move|p1a: Sableye|Will-O-Wisp|p2a: Heracross
|-status|p2a: Heracross|brn
|move|p2a: Heracross|Megahorn|p1a: Sableye
|-damage|p1a: Sableye|0 fnt
|faint|p1a: Sableye
|
|-damage|p2a: Heracross|159\/311 brn|[from] brn
|
|switch|p1a: Tornadus|Tornadus, M|157\/299
|-damage|p1a: Tornadus|83\/299|[from] Stealth Rock
|turn|19
|
|move|p1a: Tornadus|Acrobatics|p2a: Heracross
|-supereffective|p2a: Heracross
|-damage|p2a: Heracross|0 fnt
|faint|p2a: Heracross
|
|join|watfor
|
|switch|p2a: Weavile|Weavile, M|196\/301
|-damage|p2a: Weavile|159\/301|[from] Spikes
|-damage|p2a: Weavile|84\/301|[from] Stealth Rock
|-ability|p2a: Weavile|Pressure
|turn|20
|
|switch|p1a: Rotom-Heat|Rotom-Heat|304\/304
|-damage|p1a: Rotom-Heat|228\/304|[from] Stealth Rock
|move|p2a: Weavile|Ice Shard|p1a: Rotom-Heat
|-resisted|p1a: Rotom-Heat
|-damage|p1a: Rotom-Heat|184\/304
|-damage|p2a: Weavile|54\/301|[from] item: Life Orb
|
|turn|21
|
|move|p2a: Weavile|Night Slash|p1a: Rotom-Heat
|-damage|p1a: Rotom-Heat|46\/304
|-damage|p2a: Weavile|24\/301|[from] item: Life Orb
|move|p1a: Rotom-Heat|Volt Switch|p2a: Weavile
|-damage|p2a: Weavile|0 fnt
|faint|p2a: Weavile
|
|switch|p1a: Virizion|Virizion|323\/323
|-damage|p1a: Virizion|303\/323|[from] Stealth Rock
|
|-heal|p1a: Virizion|323\/323|[from] item: Leftovers
|
|switch|p2a: Mienshao|Mienshao, F|104\/271
|-damage|p2a: Mienshao|88\/271|[from] Stealth Rock
|-damage|p2a: Mienshao|55\/271|[from] Spikes
|turn|22
|chat|tfw ult|quick atk
|
|switch|p1a: Rotom-Heat|Rotom-Heat|46\/304
|-damage|p1a: Rotom-Heat|0 fnt|[from] Stealth Rock
|faint|p1a: Rotom-Heat
|move|p2a: Mienshao|Aerial Ace|p1: Rotom-Heat|[notarget]
|-notarget
|
|
|switch|p1a: Tornadus|Tornadus, M|83\/299
|-damage|p1a: Tornadus|9\/299|[from] Stealth Rock
|turn|23
|chat|anger management|tail wind
|
|move|p2a: Mienshao|Aerial Ace|p1a: Tornadus
|-damage|p1a: Tornadus|0 fnt
|faint|p1a: Tornadus
|
|leave|senegal
|player|p1
|chat|tfw ult|.
|chat|anger management|or not
|leave|So Dynamic
|chat|anger management|lol
|join|senegal
|player|p1|senegal|170
|-message|senegal forfeited.
|
|win|anger management
|leave|senegal
|player|p1
|leave|anger management
|player|p2
|leave|tfw ult