|join|aqbf
|join|ANGER MANAGEMENT
|player|p1|aqbf|4
|player|p2|ANGER MANAGEMENT|123
|gametype|singles
|gen|5
|tier|[Gen 5] UU
|rule|Sleep Clause Mod: Limit one foe put to sleep
|rule|Species Clause: Limit one of each PokÃ©mon
|rule|OHKO Clause: OHKO moves are banned
|rule|Moody Clause: Moody is banned
|rule|Evasion Moves Clause: Evasion moves are banned
|rule|Endless Battle Clause: Forcing endless battles is banned
|rule|HP Percentage Mod: HP is shown in percentages
|rule|Evasion Abilities Clause: Evasion abilities are banned
|clearpoke
|poke|p1|Mew
|poke|p1|Darmanitan, M
|poke|p1|Lanturn, M
|poke|p1|Xatu, M
|poke|p1|Mienshao, M
|poke|p1|Gligar, F
|poke|p2|Togekiss, M
|poke|p2|Snorlax, F
|poke|p2|Machamp, M
|poke|p2|Nidoqueen, F, shiny
|poke|p2|Druddigon, F
|poke|p2|Liepard, M
|teampreview
|join|kyla-kylls
|join|LessThanThreeMan
|join|r0ady
|c|âaqbf|I literally just stole this team
|join|ToppleTropple
|c|âaqbf|so I haven't used it much myself
|
|start
|switch|p1a: Mienshao|Mienshao, M|272\/272
|switch|p2a: Druddigon|Druddigon, F|358\/358
|turn|1
|c| LessThanThreeMan|of course that is the team you stole kek
|c| ToppleTropple|lol
|join|blisscock
|
|move|p1a: Mienshao|Fake Out|p2a: Druddigon
|-crit|p2a: Druddigon
|-damage|p2a: Druddigon|255\/358
|-damage|p1a: Mienshao|238\/272|[from] ability: Rough Skin|[of] p2a: Druddigon
|-damage|p1a: Mienshao|193\/272|[from] item: Rocky Helmet|[of] p2a: Druddigon
|-damage|p1a: Mienshao|166\/272|[from] item: Life Orb
|cant|p2a: Druddigon|flinch
|
|turn|2
|c| LessThanThreeMan|:^]
|c|âaqbf|that residual damage
|
|move|p1a: Mienshao|High Jump Kick|p2a: Druddigon|[miss]
|-miss|p1a: Mienshao|p2a: Druddigon
|-damage|p1a: Mienshao|30\/272|[from] highjumpkick
|move|p2a: Druddigon|Dragon Tail|p1a: Mienshao
|-damage|p1a: Mienshao|0 fnt
|faint|p1a: Mienshao
|
|c| ToppleTropple|drud was UU in gen 5?
|join|sniperaim
|c|âANGER MANAGEMENT|drud was ru
|c| ToppleTropple|oh
|c| ToppleTropple|drud is op
|
|switch|p1a: Gligar|Gligar, F|334\/334
|turn|3
|c| ToppleTropple|ban from ru
|
|move|p1a: Gligar|Earthquake|p2a: Druddigon
|-damage|p2a: Druddigon|176\/358
|move|p2a: Druddigon|Glare|p1a: Gligar
|-status|p1a: Gligar|par
|
|turn|4
|c| ToppleTropple|:I
|
|move|p2a: Druddigon|Rest|p2a: Druddigon
|-status|p2a: Druddigon|slp
|-heal|p2a: Druddigon|358\/358 slp|[silent]
|-status|p2a: Druddigon|slp|[from] move: Rest
|move|p1a: Gligar|Stealth Rock|p2a: Druddigon
|-sidestart|p2: ANGER MANAGEMENT|move: Stealth Rock
|
|turn|5
|
|cant|p2a: Druddigon|slp
|move|p2a: Druddigon|Sleep Talk|p2a: Druddigon
|move|p2a: Druddigon|Dragon Tail|p1a: Gligar|[from]Sleep Talk
|-damage|p1a: Gligar|298\/334 par
|drag|p1a: Mew|Mew|342\/342
|
|turn|6
|join|JonathanW21
|
|switch|p2a: Nidoqueen|Nidoqueen, F, shiny|353\/353
|-damage|p2a: Nidoqueen|331\/353|[from] Stealth Rock
|move|p1a: Mew|U-turn|p2a: Nidoqueen
|-resisted|p2a: Nidoqueen
|-damage|p2a: Nidoqueen|305\/353
|
|switch|p1a: Lanturn|Lanturn, M|454\/454
|
|turn|7
|
|move|p2a: Nidoqueen|Stealth Rock|p1a: Lanturn
|-sidestart|p1: aqbf|move: Stealth Rock
|move|p1a: Lanturn|Scald|p2a: Nidoqueen
|-supereffective|p2a: Nidoqueen
|-damage|p2a: Nidoqueen|129\/353
|
|turn|8
|
|move|p2a: Nidoqueen|Earth Power|p1a: Lanturn
|-supereffective|p1a: Lanturn
|-damage|p1a: Lanturn|116\/454
|move|p1a: Lanturn|Scald|p2a: Nidoqueen
|-supereffective|p2a: Nidoqueen
|-damage|p2a: Nidoqueen|0 fnt
|faint|p2a: Nidoqueen
|
|-heal|p1a: Lanturn|144\/454|[from] item: Leftovers
|c|âaqbf|oh wait no defog gen 5
|
|switch|p2a: Snorlax|Snorlax, F|497\/497
|-damage|p2a: Snorlax|435\/497|[from] Stealth Rock
|turn|9
|c|âaqbf|so I should have switched to Xatu if I had predicted rocks
|
|move|p1a: Lanturn|Heal Bell|p1a: Lanturn
|-cureteam|p1a: Lanturn|[from] move: HealBell
|move|p2a: Snorlax|Curse|p2a: Snorlax
|-boost|p2a: Snorlax|atk|1
|-boost|p2a: Snorlax|def|1
|-unboost|p2a: Snorlax|spe|1
|
|-heal|p1a: Lanturn|172\/454|[from] item: Leftovers
|-heal|p2a: Snorlax|466\/497|[from] item: Leftovers
|turn|10
|
|move|p1a: Lanturn|Toxic|p2a: Snorlax
|-status|p2a: Snorlax|tox
|move|p2a: Snorlax|Body Slam|p1a: Lanturn
|-damage|p1a: Lanturn|0 fnt
|faint|p1a: Lanturn
|
|-heal|p2a: Snorlax|497\/497 tox|[from] item: Leftovers
|-damage|p2a: Snorlax|466\/497 tox|[from] psn
|join|xMarth
|
|switch|p1a: Mew|Mew|342\/342
|-damage|p1a: Mew|300\/342|[from] Stealth Rock
|turn|11
|c| xMarth|was this the smallest tour ever?
|join|LisannaDragneel
|
|move|p1a: Mew|Trick|p2a: Snorlax
|-activate|p1a: Mew|move: Trick|[of] p2a: Snorlax
|-item|p2a: Snorlax|Choice Scarf|[from] move: Trick
|-item|p1a: Mew|Leftovers|[from] move: Trick
|move|p2a: Snorlax|Body Slam|p1a: Mew
|-damage|p1a: Mew|132\/342
|-status|p1a: Mew|par
|
|-heal|p1a: Mew|153\/342 par|[from] item: Leftovers
|-damage|p2a: Snorlax|404\/497 tox|[from] psn
|turn|12
|c|âANGER MANAGEMENT|yeah
|c| r0ady|watching theheatedmo stream and this :)
|
|switch|p1a: Gligar|Gligar, F|298\/334
|-damage|p1a: Gligar|257\/334|[from] Stealth Rock
|move|p2a: Snorlax|Body Slam|p1a: Gligar
|-damage|p1a: Gligar|185\/334
|
|-damage|p2a: Snorlax|311\/497 tox|[from] psn
|turn|13
|c|âaqbf|I've like played three gen 5 uu games so I don't think I'm playing very well
|
|move|p1a: Gligar|Roost|p1a: Gligar
|-heal|p1a: Gligar|334\/334
|move|p2a: Snorlax|Body Slam|p1a: Gligar
|-damage|p1a: Gligar|259\/334
|-status|p1a: Gligar|par
|
|-damage|p2a: Snorlax|187\/497 tox|[from] psn
|turn|14
|
|move|p2a: Snorlax|Body Slam|p1a: Gligar
|-damage|p1a: Gligar|178\/334 par
|cant|p1a: Gligar|par
|
|-damage|p2a: Snorlax|32\/497 tox|[from] psn
|turn|15
|join|bspbattle24
|
|move|p2a: Snorlax|Body Slam|p1a: Gligar
|-damage|p1a: Gligar|106\/334 par
|move|p1a: Gligar|Roost|p1a: Gligar
|-heal|p1a: Gligar|273\/334 par
|
|-damage|p2a: Snorlax|0 fnt|[from] psn
|faint|p2a: Snorlax
|leave|bspbattle24
|
|switch|p2a: Machamp|Machamp, M|384\/384
|-damage|p2a: Machamp|360\/384|[from] Stealth Rock
|turn|16
|
|move|p2a: Machamp|Substitute|p2a: Machamp
|-start|p2a: Machamp|Substitute
|-damage|p2a: Machamp|264\/384
|move|p1a: Gligar|U-turn|p2a: Machamp
|-resisted|p2a: Machamp
|-activate|p2a: Machamp|Substitute|[damage]
|
|switch|p1a: Darmanitan|Darmanitan, M|352\/352
|-damage|p1a: Darmanitan|264\/352|[from] Stealth Rock
|
|-heal|p2a: Machamp|288\/384|[from] item: Leftovers
|turn|17
|
|move|p1a: Darmanitan|U-turn|p2a: Machamp
|-resisted|p2a: Machamp
|-activate|p2a: Machamp|Substitute|[damage]
|
|switch|p1a: Mew|Mew|153\/342 par
|-damage|p1a: Mew|111\/342 par|[from] Stealth Rock
|move|p2a: Machamp|Substitute|p2a: Machamp
|-fail|p2a: Machamp|move: Substitute
|
|-heal|p2a: Machamp|312\/384|[from] item: Leftovers
|-heal|p1a: Mew|132\/342 par|[from] item: Leftovers
|turn|18
|
|move|p2a: Machamp|Dynamic Punch|p1a: Mew
|-resisted|p1a: Mew
|-damage|p1a: Mew|36\/342 par
|-start|p1a: Mew|confusion
|-activate|p1a: Mew|confusion
|-damage|p1a: Mew|5\/342 par|[from] confusion
|
|-heal|p2a: Machamp|336\/384|[from] item: Leftovers
|-heal|p1a: Mew|26\/342 par|[from] item: Leftovers
|turn|19
|c|âaqbf|mew not stronk enough to pull through the parafusion
|
|move|p2a: Machamp|Stone Edge|p1a: Mew
|-damage|p1a: Mew|0 fnt
|faint|p1a: Mew
|
|-heal|p2a: Machamp|360\/384|[from] item: Leftovers
|
|switch|p1a: Xatu|Xatu, M|334\/334
|-damage|p1a: Xatu|251\/334|[from] Stealth Rock
|turn|20
|
|move|p1a: Xatu|Night Shade|p2a: Machamp
|-end|p2a: Machamp|Substitute
|move|p2a: Machamp|Stone Edge|p1a: Xatu
|-supereffective|p1a: Xatu
|-damage|p1a: Xatu|19\/334
|
|-heal|p2a: Machamp|384\/384|[from] item: Leftovers
|turn|21
|c|âaqbf|oh I get your teams strategy now
|
|move|p1a: Xatu|Roost|p1a: Xatu
|-heal|p1a: Xatu|186\/334
|move|p2a: Machamp|Stone Edge|p1a: Xatu
|-damage|p1a: Xatu|78\/334
|
|turn|22
|
|switch|p2a: Togekiss|Togekiss, M|369\/369
|-damage|p2a: Togekiss|277\/369|[from] Stealth Rock
|move|p1a: Xatu|Night Shade|p2a: Togekiss
|-immune|p2a: Togekiss|[msg]
|
|-heal|p2a: Togekiss|300\/369|[from] item: Leftovers
|turn|23
|c|âaqbf|Oh yes
|
|move|p2a: Togekiss|Air Slash|p1a: Xatu
|-damage|p1a: Xatu|0 fnt
|faint|p1a: Xatu
|
|-heal|p2a: Togekiss|323\/369|[from] item: Leftovers
|c|âaqbf|that is not a fairy
|
|switch|p1a: Darmanitan|Darmanitan, M|264\/352
|-damage|p1a: Darmanitan|176\/352|[from] Stealth Rock
|turn|24
|
|switch|p2a: Druddigon|Druddigon, F|358\/358 slp
|-damage|p2a: Druddigon|314\/358 slp|[from] Stealth Rock
|move|p1a: Darmanitan|Flare Blitz|p2a: Druddigon
|-resisted|p2a: Druddigon
|-damage|p2a: Druddigon|193\/358 slp
|-damage|p1a: Darmanitan|132\/352|[from] ability: Rough Skin|[of] p2a: Druddigon
|-damage|p1a: Darmanitan|74\/352|[from] item: Rocky Helmet|[of] p2a: Druddigon
|-damage|p1a: Darmanitan|34\/352|[from] recoil|[of] p2a: Druddigon
|
|turn|25
|c|âaqbf|eh gg
|leave|blisscock
|c|âANGER MANAGEMENT|gg
|
|move|p1a: Darmanitan|Flare Blitz|p2a: Druddigon
|-resisted|p2a: Druddigon
|-damage|p2a: Druddigon|72\/358 slp
|-damage|p1a: Darmanitan|0 fnt|[from] ability: Rough Skin|[of] p2a: Druddigon
|faint|p1a: Darmanitan
|cant|p2a: Druddigon|slp
|move|p2a: Druddigon|Sleep Talk|p2a: Druddigon
|move|p2a: Druddigon|Rest|p2a: Druddigon|[from]Sleep Talk
|-fail|p2a: Druddigon
|
|leave|r0ady
|c|âaqbf|back to gen 6
|
|switch|p1a: Gligar|Gligar, F|273\/334 par
|-damage|p1a: Gligar|232\/334 par|[from] Stealth Rock
|turn|26
|
|switch|p2a: Togekiss|Togekiss, M|323\/369
|-damage|p2a: Togekiss|231\/369|[from] Stealth Rock
|cant|p1a: Gligar|par
|
|-heal|p2a: Togekiss|254\/369|[from] item: Leftovers
|turn|27
|
|move|p2a: Togekiss|Nasty Plot|p2a: Togekiss
|-boost|p2a: Togekiss|spa|2
|move|p1a: Gligar|U-turn|p2a: Togekiss
|-resisted|p2a: Togekiss
|-damage|p2a: Togekiss|238\/369
|
|-heal|p2a: Togekiss|261\/369|[from] item: Leftovers
|turn|28
|
|move|p2a: Togekiss|Air Slash|p1a: Gligar
|-damage|p1a: Gligar|39\/334 par
|cant|p1a: Gligar|flinch
|
|-heal|p2a: Togekiss|284\/369|[from] item: Leftovers
|turn|29
|c|âaqbf|such parafusion
|c|âaqbf|such paraflinch
|leave|sniperaim
|
|move|p2a: Togekiss|Air Slash|p1a: Gligar
|-damage|p1a: Gligar|0 fnt
|faint|p1a: Gligar
|
|win|ANGER MANAGEMENT
|leave|ANGER MANAGEMENT
|player|p2
|leave|aqbf
|player|p1
|leave|xMarth
|leave|LessThanThreeMan
|leave|LisannaDragneel
|leave|ToppleTropple
|leave|kyla-kylls