|join|BANGER MANAGEMANT
|join|ANGER MANAGEMENT
|player|p1|BANGER MANAGEMANT|43
|player|p2|ANGER MANAGEMENT|123
|gametype|singles
|gen|5
|tier|[Gen 5] UU
|rule|Sleep Clause Mod: Limit one foe put to sleep
|rule|Species Clause: Limit one of each PokÃ©mon
|rule|OHKO Clause: OHKO moves are banned
|rule|Moody Clause: Moody is banned
|rule|Evasion Moves Clause: Evasion moves are banned
|rule|Endless Battle Clause: Forcing endless battles is banned
|rule|HP Percentage Mod: HP is shown in percentages
|rule|Evasion Abilities Clause: Evasion abilities are banned
|clearpoke
|poke|p1|Qwilfish, F
|poke|p1|Mew
|poke|p1|Mienshao, F
|poke|p1|Scrafty, M
|poke|p1|Cofagrigus, M
|poke|p1|Togekiss, F
|poke|p2|Shaymin
|poke|p2|Flygon, F
|poke|p2|Druddigon, F
|poke|p2|Bisharp, F
|poke|p2|Cofagrigus, M
|poke|p2|Swampert, F
|teampreview
|c|âBANGER MANAGEMANT|lag
|c|âANGER MANAGEMENT|ah
|c|âANGER MANAGEMENT|this one
|c|âBANGER MANAGEMANT|I like the team
|c|âBANGER MANAGEMANT|its actually not bad at all
|
|start
|switch|p1a: Qwilfish|Qwilfish, F|334\/334
|switch|p2a: Shaymin|Shaymin|341\/341
|-ability|p1a: Qwilfish|Intimidate|[of] p2a: Shaymin
|-unboost|p2a: Shaymin|atk|1
|turn|1
|join|dodmen
|
|switch|p1a: Togekiss|Togekiss, F|373\/373
|move|p2a: Shaymin|Seed Flare|p1a: Togekiss
|-resisted|p1a: Togekiss
|-damage|p1a: Togekiss|289\/373
|
|-heal|p1a: Togekiss|312\/373|[from] item: Leftovers
|turn|2
|
|move|p2a: Shaymin|Seed Flare|p1a: Togekiss
|-resisted|p1a: Togekiss
|-damage|p1a: Togekiss|216\/373
|-unboost|p1a: Togekiss|spd|2
|move|p1a: Togekiss|Air Slash|p2a: Shaymin
|-supereffective|p2a: Shaymin
|-damage|p2a: Shaymin|143\/341
|
|-heal|p1a: Togekiss|239\/373|[from] item: Leftovers
|turn|3
|
|switch|p1a: Mew|Mew|404\/404
|move|p2a: Shaymin|Seed Flare|p1a: Mew|[miss]
|-miss|p2a: Shaymin|p1a: Mew
|
|turn|4
|c|âBANGER MANAGEMANT|nb
|c|âANGER MANAGEMENT|bs
|
|move|p2a: Shaymin|Seed Flare|p1a: Mew
|-damage|p1a: Mew|175\/404
|move|p1a: Mew|Stealth Rock|p2a: Shaymin
|-sidestart|p2: ANGER MANAGEMENT|move: Stealth Rock
|
|-heal|p1a: Mew|200\/404|[from] item: Leftovers
|turn|5
|c|âBANGER MANAGEMANT|!dt seed flare
|c|~|\/data-move Seed Flare
|raw|<font size="1"><font color=#585858>Priority:<\/font> 0&nbsp;|&ThickSpace;<font color=#585858><font color=black>&#10003; Secondary effect<\/font><\/font>&nbsp;|&ThickSpace;<font color=#585858><font color=black>&#10003; Blocked by Protect<\/font><\/font>&nbsp;|&ThickSpace;<font color=#585858>Target:<\/font> One Adjacent Pokemon<\/font>
|
|move|p2a: Shaymin|Seed Flare|p1a: Mew
|-damage|p1a: Mew|0 fnt
|faint|p1a: Mew
|
|
|switch|p1a: Mienshao|Mienshao, F|271\/271
|turn|6
|join|MoxieInfinite
|
|switch|p2a: Druddigon|Druddigon, F|311\/311
|-damage|p2a: Druddigon|273\/311|[from] Stealth Rock
|move|p1a: Mienshao|U-turn|p2a: Druddigon
|-damage|p2a: Druddigon|183\/311
|-damage|p1a: Mienshao|238\/271|[from] ability: Rough Skin|[of] p2a: Druddigon
|
|switch|p1a: Togekiss|Togekiss, F|239\/373
|
|-heal|p1a: Togekiss|262\/373|[from] item: Leftovers
|turn|7
|c|âBANGER MANAGEMANT|r u speedy
|c|âBANGER MANAGEMANT|or n
|c|âANGER MANAGEMENT|y
|c|âBANGER MANAGEMANT|I am also speedy
|
|switch|p2a: Flygon|Flygon, F|301\/301
|-damage|p2a: Flygon|283\/301|[from] Stealth Rock
|move|p1a: Togekiss|Air Slash|p2a: Flygon
|-damage|p2a: Flygon|154\/301
|
|-heal|p1a: Togekiss|285\/373|[from] item: Leftovers
|turn|8
|c|âANGER MANAGEMENT|i'm using defog
|c|âANGER MANAGEMENT|gg
|c|âBANGER MANAGEMANT|gg
|
|switch|p1a: Qwilfish|Qwilfish, F|334\/334
|-ability|p1a: Qwilfish|Intimidate|[of] p2a: Flygon
|-unboost|p2a: Flygon|atk|1
|move|p2a: Flygon|U-turn|p1a: Qwilfish
|-resisted|p1a: Qwilfish
|-damage|p1a: Qwilfish|302\/334
|c| MoxieInfinite|why switch
|c|âBANGER MANAGEMANT|cuz he is cb
|c| MoxieInfinite|ur immune to both stabs,,,,,,,,,
|c|âBANGER MANAGEMANT|+ he knows im spdef
|c| MoxieInfinite|u stoopid
|c|âBANGER MANAGEMANT|u poopyhead
|
|switch|p2a: Swampert|Swampert, F|401\/401
|-damage|p2a: Swampert|376\/401|[from] Stealth Rock
|
|-heal|p1a: Qwilfish|322\/334|[from] item: Black Sludge
|-heal|p2a: Swampert|401\/401|[from] item: Leftovers
|turn|9
|c|âBANGER MANAGEMANT|fuck
|c|âBANGER MANAGEMANT|phrase filter
|
|move|p1a: Qwilfish|Taunt|p2a: Swampert
|-start|p2a: Swampert|move: Taunt
|cant|p2a: Swampert|move: Taunt|Stealth Rock
|
|-heal|p1a: Qwilfish|334\/334|[from] item: Black Sludge
|turn|10
|c|âANGER MANAGEMENT|fucking cocky fish
|
|switch|p1a: Togekiss|Togekiss, F|285\/373
|move|p2a: Swampert|Earthquake|p1a: Togekiss
|-immune|p1a: Togekiss|[msg]
|
|-heal|p1a: Togekiss|308\/373|[from] item: Leftovers
|turn|11
|
|move|p1a: Togekiss|Grass Knot|p2a: Swampert
|-supereffective|p2a: Swampert
|-damage|p2a: Swampert|53\/401
|move|p2a: Swampert|Scald|p1a: Togekiss
|-damage|p1a: Togekiss|226\/373
|
|-heal|p1a: Togekiss|249\/373|[from] item: Leftovers
|-heal|p2a: Swampert|78\/401|[from] item: Leftovers
|-end|p2a: Swampert|move: Taunt
|turn|12
|
|move|p1a: Togekiss|Air Slash|p2a: Swampert
|-damage|p2a: Swampert|0 fnt
|faint|p2a: Swampert
|
|-heal|p1a: Togekiss|272\/373|[from] item: Leftovers
|
|switch|p2a: Bisharp|Bisharp, F|289\/289
|-damage|p2a: Bisharp|271\/289|[from] Stealth Rock
|turn|13
|
|switch|p1a: Scrafty|Scrafty, M|329\/329
|move|p2a: Bisharp|Swords Dance|p2a: Bisharp
|-boost|p2a: Bisharp|atk|2
|
|turn|14
|
|move|p2a: Bisharp|Low Kick|p1a: Scrafty
|-supereffective|p1a: Scrafty
|-damage|p1a: Scrafty|0 fnt
|-damage|p2a: Bisharp|243\/289|[from] item: Life Orb
|faint|p1a: Scrafty
|
|c|âBANGER MANAGEMANT|do what u r supposed to do
|c|âBANGER MANAGEMANT|nvmd
|c|âANGER MANAGEMENT|ksh
|
|switch|p1a: Mienshao|Mienshao, F|238\/271
|turn|15
|c|âANGER MANAGEMENT|do I kill
|c|âBANGER MANAGEMANT|idk
|c|âBANGER MANAGEMANT|lemme calc
|c|âBANGER MANAGEMANT|its a roll
|
|move|p2a: Bisharp|Sucker Punch|p1a: Mienshao
|-resisted|p1a: Mienshao
|-damage|p1a: Mienshao|0 fnt
|-damage|p2a: Bisharp|215\/289|[from] item: Life Orb
|faint|p1a: Mienshao
|
|
|switch|p1a: Togekiss|Togekiss, F|272\/373
|turn|16
|c|âANGER MANAGEMENT|nah
|c|âBANGER MANAGEMANT|Sucker Punch: 77.49 - 91.51%
|c|âANGER MANAGEMENT|+2 252+ Atk Life Orb Bisharp Sucker Punch vs. 0 HP \/ 0 Def Mienshao: 273-322 (100.7 - 118.8%) -- guaranteed OHKO
|c|âBANGER MANAGEMANT|http:\/\/honko.byethost8.com\/manly_calc.html
|c|âANGER MANAGEMENT|unless this thing is dumb
|c|âBANGER MANAGEMANT|oh forgot lo
|c|âBANGER MANAGEMANT|lol
|
|move|p2a: Bisharp|Night Slash|p1a: Togekiss
|-damage|p1a: Togekiss|0 fnt
|-damage|p2a: Bisharp|187\/289|[from] item: Life Orb
|faint|p1a: Togekiss
|
|c|âBANGER MANAGEMANT|o
|c|âBANGER MANAGEMANT|how much speed do u run
|c|âANGER MANAGEMENT|ur bisharp weak!!!
|join|THEiTodd
|c|âBANGER MANAGEMANT|last time
|c|âANGER MANAGEMENT|220
|c|âBANGER MANAGEMANT|o
|c|âBANGER MANAGEMANT|lol
|c|âBANGER MANAGEMANT|it was a tie
|c| THEiTodd|anger>banger
|c|âBANGER MANAGEMANT|i run exactly the same amount of speed
|c|âANGER MANAGEMENT|;x
|
|switch|p1a: Qwilfish|Qwilfish, F|334\/334
|-ability|p1a: Qwilfish|Intimidate|[of] p2a: Bisharp
|-unboost|p2a: Bisharp|atk|1
|-boost|p2a: Bisharp|atk|2|[from] ability: Defiant
|turn|17
|c|âBANGER MANAGEMANT|this is again
|
|move|p2a: Bisharp|Night Slash|p1a: Qwilfish
|-damage|p1a: Qwilfish|0 fnt
|-damage|p2a: Bisharp|159\/289|[from] item: Life Orb
|faint|p1a: Qwilfish
|
|c|âBANGER MANAGEMANT|a tie
|c|âBANGER MANAGEMANT|lmoa
|
|switch|p1a: Cofagrigus|Cofagrigus, M|320\/320
|turn|18
|c|âBANGER MANAGEMANT|gg friend
|c|âANGER MANAGEMENT|gg
|
|move|p2a: Bisharp|Night Slash|p1a: Cofagrigus
|-crit|p1a: Cofagrigus
|-supereffective|p1a: Cofagrigus
|-damage|p1a: Cofagrigus|0 fnt
|-endability|p2a: Bisharp|defiant|[from] Mummy
|-ability|p2a: Bisharp|Mummy|[from] Mummy
|-damage|p2a: Bisharp|131\/289|[from] item: Life Orb
|faint|p1a: Cofagrigus
|
|win|ANGER MANAGEMENT