|join|ANGER MANAGEMENT
|join|tecado
|player|p1|ANGER MANAGEMENT|123
|player|p2|tecado|177
|gametype|singles
|gen|5
|tier|[Gen 5] UU
|rule|Sleep Clause Mod: Limit one foe put to sleep
|rule|Species Clause: Limit one of each PokÃ©mon
|rule|OHKO Clause: OHKO moves are banned
|rule|Moody Clause: Moody is banned
|rule|Evasion Moves Clause: Evasion moves are banned
|rule|Endless Battle Clause: Forcing endless battles is banned
|rule|HP Percentage Mod: HP is shown in percentages
|rule|Evasion Abilities Clause: Evasion abilities are banned
|clearpoke
|poke|p1|Zapdos
|poke|p1|Swampert, F
|poke|p1|Victini
|poke|p1|Flygon, F
|poke|p1|Cobalion
|poke|p1|Shaymin
|poke|p2|Xatu, M
|poke|p2|Blastoise, M
|poke|p2|Cacturne, F
|poke|p2|Arcanine, F
|poke|p2|Snorlax, M
|poke|p2|Golurk
|teampreview
|join|Duskt70
|leave|Duskt70
|
|start
|switch|p1a: Flygon|Flygon, F|301\/301
|switch|p2a: Katy Perry's Roar|Arcanine, F|381\/381
|-ability|p2a: Katy Perry's Roar|Intimidate|[of] p1a: Flygon
|-unboost|p1a: Flygon|atk|1
|turn|1
|
|switch|p1a: Victini|Victini|341\/341
|switch|p2a: Macklemore|Blastoise, M|327\/327
|
|turn|2
|
|move|p1a: Victini|U-turn|p2a: Macklemore
|-damage|p2a: Macklemore|222\/327
|
|switch|p1a: Shaymin|Shaymin|341\/341
|move|p2a: Macklemore|Hydro Pump|p1a: Shaymin
|-resisted|p1a: Shaymin
|-damage|p1a: Shaymin|200\/341
|
|turn|3
|
|switch|p2a: Katy Perry's Roar|Arcanine, F|381\/381
|-ability|p2a: Katy Perry's Roar|Intimidate|[of] p1a: Shaymin
|-unboost|p1a: Shaymin|atk|1
|move|p1a: Shaymin|Leech Seed|p2a: Katy Perry's Roar
|-start|p2a: Katy Perry's Roar|move: Leech Seed
|
|-damage|p2a: Katy Perry's Roar|334\/381|[from] Leech Seed|[of] p1a: Shaymin
|-heal|p1a: Shaymin|247\/341|[silent]
|turn|4
|join|BroingHop
|
|switch|p1a: Swampert|Swampert, F|401\/401
|move|p2a: Katy Perry's Roar|Will-O-Wisp|p1a: Swampert|[miss]
|-miss|p2a: Katy Perry's Roar|p1a: Swampert
|
|-heal|p2a: Katy Perry's Roar|357\/381|[from] item: Leftovers
|-damage|p2a: Katy Perry's Roar|310\/381|[from] Leech Seed|[of] p1a: Swampert
|turn|5
|c|âtecado|_(
|c|âANGER MANAGEMENT|75% acc in gen 5 :L
|join|Bob the Bro
|c|âtecado|I know mate, how did we survive back then?
|
|switch|p1a: Victini|Victini|341\/341
|move|p2a: Katy Perry's Roar|Will-O-Wisp|p1a: Victini|[miss]
|-miss|p2a: Katy Perry's Roar|p1a: Victini
|
|-heal|p2a: Katy Perry's Roar|333\/381|[from] item: Leftovers
|-damage|p2a: Katy Perry's Roar|286\/381|[from] Leech Seed|[of] p1a: Victini
|turn|6
|c| Bob the Bro|i fkn swear tini wasnt uu in gen 5
|
|move|p1a: Victini|U-turn|p2a: Katy Perry's Roar
|-resisted|p2a: Katy Perry's Roar
|-damage|p2a: Katy Perry's Roar|243\/381
|
|switch|p1a: Shaymin|Shaymin|247\/341
|move|p2a: Katy Perry's Roar|Morning Sun|p2a: Katy Perry's Roar
|-heal|p2a: Katy Perry's Roar|381\/381
|
|-damage|p2a: Katy Perry's Roar|334\/381|[from] Leech Seed|[of] p1a: Shaymin
|-heal|p1a: Shaymin|294\/341|[silent]
|turn|7
|leave|BroingHop
|
|switch|p1a: Victini|Victini|341\/341
|move|p2a: Katy Perry's Roar|Will-O-Wisp|p1a: Victini
|-fail|p1a: Victini
|
|-heal|p2a: Katy Perry's Roar|357\/381|[from] item: Leftovers
|-damage|p2a: Katy Perry's Roar|310\/381|[from] Leech Seed|[of] p1a: Victini
|turn|8
|
|move|p1a: Victini|Trick|p2a: Katy Perry's Roar
|-activate|p1a: Victini|move: Trick|[of] p2a: Katy Perry's Roar
|-item|p2a: Katy Perry's Roar|Choice Band|[from] move: Trick
|-item|p1a: Victini|Leftovers|[from] move: Trick
|move|p2a: Katy Perry's Roar|Flare Blitz|p1a: Victini
|-resisted|p1a: Victini
|-damage|p1a: Victini|232\/341
|-damage|p2a: Katy Perry's Roar|274\/381|[from] recoil|[of] p1a: Victini
|
|-heal|p1a: Victini|253\/341|[from] item: Leftovers
|-damage|p2a: Katy Perry's Roar|227\/381|[from] Leech Seed|[of] p1a: Victini
|-heal|p1a: Victini|300\/341|[silent]
|turn|9
|
|switch|p2a: Macklemore|Blastoise, M|222\/327
|move|p1a: Victini|U-turn|p2a: Macklemore
|-damage|p2a: Macklemore|141\/327
|
|switch|p1a: Flygon|Flygon, F|301\/301
|
|turn|10
|
|switch|p2a: PokProtector|Golurk|381\/381
|move|p1a: Flygon|Earthquake|p2a: PokProtector
|-damage|p2a: PokProtector|90\/381
|
|-heal|p2a: PokProtector|113\/381|[from] item: Leftovers
|turn|11
|
|move|p2a: PokProtector|Protect|p2a: PokProtector
|-singleturn|p2a: PokProtector|Protect
|move|p1a: Flygon|Earthquake|p2a: PokProtector
|-activate|p2a: PokProtector|Protect
|
|-heal|p2a: PokProtector|136\/381|[from] item: Leftovers
|turn|12
|join|Tipsy Russian
|
|switch|p2a: He Who Foresees|Xatu, M|271\/271
|move|p1a: Flygon|Earthquake|p2a: He Who Foresees
|-immune|p2a: He Who Foresees|[msg]
|
|turn|13
|c| Bob the Bro|gen 1 uu next pls
|c|âANGER MANAGEMENT|gen 2
|c|âtecado|^
|
|switch|p1a: Victini|Victini|300\/341
|move|p2a: He Who Foresees|Psyshock|p1a: Victini
|-resisted|p1a: Victini
|-damage|p1a: Victini|225\/341
|-damage|p2a: He Who Foresees|244\/271|[from] item: Life Orb
|
|-heal|p1a: Victini|246\/341|[from] item: Leftovers
|turn|14
|c| Bob the Bro|sick
|
|move|p2a: He Who Foresees|Roost|p2a: He Who Foresees
|-heal|p2a: He Who Foresees|271\/271
|move|p1a: Victini|Bolt Strike|p2a: He Who Foresees
|-damage|p2a: He Who Foresees|75\/271
|
|-heal|p1a: Victini|267\/341|[from] item: Leftovers
|turn|15
|c|âANGER MANAGEMENT|this animation sucks
|
|switch|p2a: Katy Perry's Roar|Arcanine, F|227\/381
|-ability|p2a: Katy Perry's Roar|Intimidate|[of] p1a: Victini
|-unboost|p1a: Victini|atk|1
|move|p1a: Victini|U-turn|p2a: Katy Perry's Roar
|-resisted|p2a: Katy Perry's Roar
|-damage|p2a: Katy Perry's Roar|204\/381
|leave|Tipsy Russian
|
|switch|p1a: Flygon|Flygon, F|301\/301
|
|turn|16
|
|switch|p2a: Femme Fatale|Cacturne, F|297\/297
|move|p1a: Flygon|Outrage|p2a: Femme Fatale
|-crit|p2a: Femme Fatale
|-damage|p2a: Femme Fatale|0 fnt
|faint|p2a: Femme Fatale
|
|
|switch|p2a: Katy Perry's Roar|Arcanine, F|204\/381
|-ability|p2a: Katy Perry's Roar|Intimidate|[of] p1a: Flygon
|-unboost|p1a: Flygon|atk|1
|turn|17
|
|move|p1a: Flygon|Outrage|p2a: Katy Perry's Roar
|-damage|p2a: Katy Perry's Roar|63\/381
|move|p2a: Katy Perry's Roar|Will-O-Wisp|p1a: Flygon
|-status|p1a: Flygon|brn
|
|-damage|p1a: Flygon|264\/301 brn|[from] brn
|turn|18
|
|switch|p2a: PokProtector|Golurk|136\/381
|move|p1a: Flygon|Outrage|p2a: PokProtector
|-damage|p2a: PokProtector|31\/381
|
|-end|p1a: Flygon|rampage
|-start|p1a: Flygon|confusion
|-heal|p2a: PokProtector|54\/381|[from] item: Leftovers
|-damage|p1a: Flygon|227\/301 brn|[from] brn
|turn|19
|
|-activate|p1a: Flygon|confusion
|move|p1a: Flygon|Outrage|p2a: PokProtector
|-damage|p2a: PokProtector|0 fnt
|faint|p2a: PokProtector
|
|-damage|p1a: Flygon|190\/301 brn|[from] brn
|
|switch|p2a: Macklemore|Blastoise, M|141\/327
|turn|20
|
|-activate|p1a: Flygon|confusion
|move|p1a: Flygon|Outrage|p2a: Macklemore
|-damage|p2a: Macklemore|57\/327
|move|p2a: Macklemore|Ice Beam|p1a: Flygon
|-supereffective|p1a: Flygon
|-damage|p1a: Flygon|0 fnt
|faint|p1a: Flygon
|
|
|switch|p1a: Cobalion|Cobalion|329\/329
|turn|21
|join|PaulK618
|
|switch|p2a: Katy Perry's Roar|Arcanine, F|63\/381
|-ability|p2a: Katy Perry's Roar|Intimidate|[of] p1a: Cobalion
|-unboost|p1a: Cobalion|atk|1
|move|p1a: Cobalion|Swords Dance|p1a: Cobalion
|-boost|p1a: Cobalion|atk|2
|
|turn|22
|
|move|p1a: Cobalion|Close Combat|p2a: Katy Perry's Roar
|-damage|p2a: Katy Perry's Roar|0 fnt
|-unboost|p1a: Cobalion|def|1
|-unboost|p1a: Cobalion|spd|1
|faint|p2a: Katy Perry's Roar
|
|
|switch|p2a: He Who Foresees|Xatu, M|75\/271
|turn|23
|
|move|p1a: Cobalion|Iron Head|p2a: He Who Foresees
|-damage|p2a: He Who Foresees|0 fnt
|faint|p2a: He Who Foresees
|
|
|switch|p2a: Macklemore|Blastoise, M|57\/327
|turn|24
|
|move|p1a: Cobalion|Close Combat|p2a: Macklemore
|-damage|p2a: Macklemore|0 fnt
|-unboost|p1a: Cobalion|def|1
|-unboost|p1a: Cobalion|spd|1
|faint|p2a: Macklemore
|
|
|switch|p2a: Stand By Me|Snorlax, M|461\/461
|turn|25
|
|move|p1a: Cobalion|Close Combat|p2a: Stand By Me
|-supereffective|p2a: Stand By Me
|-damage|p2a: Stand By Me|0 fnt
|-unboost|p1a: Cobalion|def|1
|-unboost|p1a: Cobalion|spd|1
|faint|p2a: Stand By Me
|
|win|ANGER MANAGEMENT
|c|âtecado|gg
|c|âANGER MANAGEMENT|gg
|leave|ANGER MANAGEMENT
|leave|tecado
|player|p1
|player|p2
|leave|Bob the Bro
|leave|PaulK618
|join|ANGER MANAGEMENT
|leave|ANGER MANAGEMENT
|join|called aquilla