|join|ANGER MANAGEMENT
|join|Ult Sasuke(Susanoo
|player|p1|ANGER MANAGEMENT|123
|player|p2|Ult Sasuke(Susanoo|167
|gametype|singles
|gen|6
|tier|UU
|rated
|rule|Sleep Clause Mod: Limit one foe put to sleep
|rule|Species Clause: Limit one of each PokÃ©mon
|rule|OHKO Clause: OHKO moves are banned
|rule|Moody Clause: Moody is banned
|rule|Evasion Moves Clause: Evasion moves are banned
|rule|Endless Battle Clause: Forcing endless battles is banned
|rule|HP Percentage Mod: HP is shown in percentages
|clearpoke
|poke|p1|Suicune
|poke|p1|Infernape, F
|poke|p1|Forretress, F
|poke|p1|Beedrill, M
|poke|p1|Florges, F
|poke|p1|Krookodile, F
|poke|p2|Hydreigon, M
|poke|p2|Umbreon, M, shiny
|poke|p2|Chesnaught, F
|poke|p2|Aerodactyl, M
|poke|p2|Tentacruel, F, shiny
|poke|p2|Arcanine, M
|rule|Swagger Clause: Swagger is banned
|rule|Baton Pass Clause: Limit one PokÃ©mon knowing Baton Pass
|teampreview
|
|start
|switch|p1a: Infernape|Infernape, F|293\/293
|switch|p2a: Hentai|Tentacruel, F, shiny|331\/331
|turn|1
|
|switch|p2a: Loyalty|Arcanine, M|383\/383
|-ability|p2a: Loyalty|Intimidate|[of] p1a: Infernape
|-unboost|p1a: Infernape|atk|1
|move|p1a: Infernape|U-turn|p2a: Loyalty
|-resisted|p2a: Loyalty
|-damage|p2a: Loyalty|365\/383
|-damage|p1a: Infernape|245\/293|[from] item: Rocky Helmet|[of] p2a: Loyalty
|
|switch|p1a: Suicune|Suicune|404\/404
|-ability|p1a: Suicune|Pressure
|
|turn|2
|
|switch|p2a: Chesnaught|Chesnaught, F|380\/380
|move|p1a: Suicune|Substitute|p1a: Suicune
|-start|p1a: Suicune|Substitute
|-damage|p1a: Suicune|303\/404
|
|-heal|p1a: Suicune|328\/404|[from] item: Leftovers
|turn|3
|
|move|p1a: Suicune|Ice Beam|p2a: Chesnaught
|-supereffective|p2a: Chesnaught
|-damage|p2a: Chesnaught|214\/380
|move|p2a: Chesnaught|Drain Punch|p1a: Suicune
|-end|p1a: Suicune|Substitute
|-heal|p2a: Chesnaught|265\/380|[from] drain|[of] p1a: Suicune
|
|-heal|p1a: Suicune|353\/404|[from] item: Leftovers
|-heal|p2a: Chesnaught|288\/380|[from] item: Leftovers
|turn|4
|
|move|p1a: Suicune|Substitute|p1a: Suicune
|-start|p1a: Suicune|Substitute
|-damage|p1a: Suicune|252\/404
|move|p2a: Chesnaught|Drain Punch|p1a: Suicune
|-activate|p1a: Suicune|Substitute|[damage]
|-heal|p2a: Chesnaught|335\/380|[from] drain|[of] p1a: Suicune
|
|-heal|p1a: Suicune|277\/404|[from] item: Leftovers
|-heal|p2a: Chesnaught|358\/380|[from] item: Leftovers
|turn|5
|
|move|p1a: Suicune|Ice Beam|p2a: Chesnaught
|-supereffective|p2a: Chesnaught
|-damage|p2a: Chesnaught|184\/380
|move|p2a: Chesnaught|Drain Punch|p1a: Suicune
|-end|p1a: Suicune|Substitute
|-heal|p2a: Chesnaught|188\/380|[from] drain|[of] p1a: Suicune
|
|-heal|p1a: Suicune|302\/404|[from] item: Leftovers
|-heal|p2a: Chesnaught|211\/380|[from] item: Leftovers
|turn|6
|
|switch|p1a: Beedrill|Beedrill, M|271\/271
|move|p2a: Chesnaught|Drain Punch|p1a: Beedrill
|-resisted|p1a: Beedrill
|-damage|p1a: Beedrill|215\/271
|-heal|p2a: Chesnaught|239\/380|[from] drain|[of] p1a: Beedrill
|
|-heal|p2a: Chesnaught|262\/380|[from] item: Leftovers
|turn|7
|
|switch|p2a: Loyalty|Arcanine, M|365\/383
|-ability|p2a: Loyalty|Intimidate|[of] p1a: Beedrill
|-unboost|p1a: Beedrill|atk|1
|detailschange|p1a: Beedrill|Beedrill-Mega, M
|-mega|p1a: Beedrill|Beedrill|Beedrillite
|move|p1a: Beedrill|Toxic Spikes|p2a: Loyalty
|-sidestart|p2: Ult Sasuke(Susanoo|move: Toxic Spikes
|
|turn|8
|
|switch|p1a: Infernape|Infernape, F|245\/293
|move|p2a: Loyalty|Will-O-Wisp|p1a: Infernape
|-fail|p1a: Infernape
|
|turn|9
|
|move|p2a: Loyalty|Extreme Speed|p1a: Infernape
|-damage|p1a: Infernape|150\/293
|move|p1a: Infernape|U-turn|p2a: Loyalty
|-resisted|p2a: Loyalty
|-damage|p2a: Loyalty|337\/383
|-damage|p1a: Infernape|102\/293|[from] item: Rocky Helmet|[of] p2a: Loyalty
|
|switch|p1a: Krookodile|Krookodile, F|331\/331
|-ability|p1a: Krookodile|Intimidate|[of] p2a: Loyalty
|-unboost|p2a: Loyalty|atk|1
|
|turn|10
|
|move|p1a: Krookodile|Pursuit|p2a: Loyalty|[from]Pursuit
|-damage|p2a: Loyalty|198\/383
|-damage|p1a: Krookodile|276\/331|[from] item: Rocky Helmet|[of] p2a: Loyalty
|switch|p2a: Chesnaught|Chesnaught, F|262\/380
|-status|p2a: Chesnaught|psn
|
|-heal|p2a: Chesnaught|285\/380 psn|[from] item: Leftovers
|-damage|p2a: Chesnaught|238\/380 psn|[from] psn
|turn|11
|
|switch|p1a: Forretress|Forretress, F|354\/354
|move|p2a: Chesnaught|Leech Seed|p1a: Forretress
|-start|p1a: Forretress|move: Leech Seed
|
|-heal|p2a: Chesnaught|261\/380 psn|[from] item: Leftovers
|-damage|p1a: Forretress|310\/354|[from] Leech Seed|[of] p2a: Chesnaught
|-heal|p2a: Chesnaught|305\/380 psn|[silent]
|-damage|p2a: Chesnaught|258\/380 psn|[from] psn
|turn|12
|
|switch|p2a: Loyalty|Arcanine, M|198\/383
|-status|p2a: Loyalty|psn
|-ability|p2a: Loyalty|Intimidate|[of] p1a: Forretress
|-unboost|p1a: Forretress|atk|1
|switch|p1a: Suicune|Suicune|302\/404
|-ability|p1a: Suicune|Pressure
|
|-heal|p1a: Suicune|327\/404|[from] item: Leftovers
|-damage|p2a: Loyalty|151\/383 psn|[from] psn
|turn|13
|
|switch|p2a: Nightseeker|Umbreon, M, shiny|394\/394
|-status|p2a: Nightseeker|psn
|move|p1a: Suicune|Scald|p2a: Nightseeker
|-damage|p2a: Nightseeker|339\/394 psn
|
|-heal|p1a: Suicune|352\/404|[from] item: Leftovers
|-heal|p2a: Nightseeker|363\/394 psn|[from] item: Leftovers
|-damage|p2a: Nightseeker|314\/394 psn|[from] psn
|turn|14
|
|move|p1a: Suicune|Substitute|p1a: Suicune
|-start|p1a: Suicune|Substitute
|-damage|p1a: Suicune|251\/404
|move|p2a: Nightseeker|Heal Bell|p2a: Nightseeker
|-cureteam|p2a: Nightseeker|[from] move: HealBell
|
|-heal|p1a: Suicune|276\/404|[from] item: Leftovers
|-heal|p2a: Nightseeker|338\/394|[from] item: Leftovers
|turn|15
|
|move|p1a: Suicune|Calm Mind|p1a: Suicune
|-boost|p1a: Suicune|spa|1
|-boost|p1a: Suicune|spd|1
|move|p2a: Nightseeker|Foul Play|p1a: Suicune
|-activate|p1a: Suicune|Substitute|[damage]
|
|-heal|p1a: Suicune|301\/404|[from] item: Leftovers
|-heal|p2a: Nightseeker|362\/394|[from] item: Leftovers
|turn|16
|
|move|p1a: Suicune|Calm Mind|p1a: Suicune
|-boost|p1a: Suicune|spa|1
|-boost|p1a: Suicune|spd|1
|move|p2a: Nightseeker|Foul Play|p1a: Suicune
|-end|p1a: Suicune|Substitute
|
|-heal|p1a: Suicune|326\/404|[from] item: Leftovers
|-heal|p2a: Nightseeker|386\/394|[from] item: Leftovers
|turn|17
|join|kingenvoy
|
|move|p1a: Suicune|Substitute|p1a: Suicune
|-start|p1a: Suicune|Substitute
|-damage|p1a: Suicune|225\/404
|move|p2a: Nightseeker|Foul Play|p1a: Suicune
|-activate|p1a: Suicune|Substitute|[damage]
|
|-heal|p1a: Suicune|250\/404|[from] item: Leftovers
|-heal|p2a: Nightseeker|394\/394|[from] item: Leftovers
|turn|18
|
|move|p1a: Suicune|Calm Mind|p1a: Suicune
|-boost|p1a: Suicune|spa|1
|-boost|p1a: Suicune|spd|1
|move|p2a: Nightseeker|Foul Play|p1a: Suicune
|-end|p1a: Suicune|Substitute
|
|-heal|p1a: Suicune|275\/404|[from] item: Leftovers
|turn|19
|
|move|p1a: Suicune|Substitute|p1a: Suicune
|-start|p1a: Suicune|Substitute
|-damage|p1a: Suicune|174\/404
|move|p2a: Nightseeker|Foul Play|p1a: Suicune
|-activate|p1a: Suicune|Substitute|[damage]
|
|-heal|p1a: Suicune|199\/404|[from] item: Leftovers
|turn|20
|
|move|p1a: Suicune|Calm Mind|p1a: Suicune
|-boost|p1a: Suicune|spa|1
|-boost|p1a: Suicune|spd|1
|move|p2a: Nightseeker|Foul Play|p1a: Suicune
|-end|p1a: Suicune|Substitute
|
|-heal|p1a: Suicune|224\/404|[from] item: Leftovers
|turn|21
|
|move|p1a: Suicune|Substitute|p1a: Suicune
|-start|p1a: Suicune|Substitute
|-damage|p1a: Suicune|123\/404
|move|p2a: Nightseeker|Foul Play|p1a: Suicune
|-activate|p1a: Suicune|Substitute|[damage]
|
|-heal|p1a: Suicune|148\/404|[from] item: Leftovers
|turn|22
|
|move|p1a: Suicune|Ice Beam|p2a: Nightseeker
|-damage|p2a: Nightseeker|283\/394
|move|p2a: Nightseeker|Foul Play|p1a: Suicune
|-end|p1a: Suicune|Substitute
|
|-heal|p1a: Suicune|173\/404|[from] item: Leftovers
|-heal|p2a: Nightseeker|307\/394|[from] item: Leftovers
|turn|23
|
|move|p1a: Suicune|Ice Beam|p2a: Nightseeker
|-damage|p2a: Nightseeker|184\/394
|move|p2a: Nightseeker|Foul Play|p1a: Suicune
|-damage|p1a: Suicune|115\/404
|
|-heal|p1a: Suicune|140\/404|[from] item: Leftovers
|-heal|p2a: Nightseeker|208\/394|[from] item: Leftovers
|turn|24
|
|move|p1a: Suicune|Scald|p2a: Nightseeker
|-damage|p2a: Nightseeker|48\/394
|move|p2a: Nightseeker|Foul Play|p1a: Suicune
|-damage|p1a: Suicune|85\/404
|
|-heal|p1a: Suicune|110\/404|[from] item: Leftovers
|-heal|p2a: Nightseeker|72\/394|[from] item: Leftovers
|turn|25
|
|move|p1a: Suicune|Scald|p2a: Nightseeker
|-damage|p2a: Nightseeker|0 fnt
|faint|p2a: Nightseeker
|
|-heal|p1a: Suicune|135\/404|[from] item: Leftovers
|
|switch|p2a: Ludger|Aerodactyl, M|301\/301
|turn|26
|
|switch|p1a: Krookodile|Krookodile, F|276\/331
|-ability|p1a: Krookodile|Intimidate|[of] p2a: Ludger
|-unboost|p2a: Ludger|atk|1
|detailschange|p2a: Ludger|Aerodactyl-Mega, M
|-mega|p2a: Ludger|Aerodactyl|Aerodactylite
|move|p2a: Ludger|Aerial Ace|p1a: Krookodile
|-damage|p1a: Krookodile|162\/331
|
|turn|27
|
|switch|p2a: Hentai|Tentacruel, F, shiny|331\/331
|-sideend|p2: Ult Sasuke(Susanoo|move: Toxic Spikes|[of] p2a: Hentai
|move|p1a: Krookodile|Knock Off|p2a: Hentai
|-damage|p2a: Hentai|57\/331
|-enditem|p2a: Hentai|Assault Vest|[from] move: Knock Off|[of] p1a: Krookodile
|
|turn|28
|
|move|p1a: Krookodile|Pursuit|p2a: Hentai|[from]Pursuit
|-damage|p2a: Hentai|0 fnt
|faint|p2a: Hentai
|
|
|switch|p2a: Shadow|Hydreigon, M|360\/360
|turn|29
|
|switch|p1a: Florges|Florges, F|360\/360
|move|p2a: Shadow|Flash Cannon|p1a: Florges
|-supereffective|p1a: Florges
|-damage|p1a: Florges|246\/360
|
|-heal|p1a: Florges|268\/360|[from] item: Leftovers
|turn|30
|
|switch|p2a: Loyalty|Arcanine, M|151\/383
|-ability|p2a: Loyalty|Intimidate|[of] p1a: Florges
|-unboost|p1a: Florges|atk|1
|move|p1a: Florges|Wish|p1a: Florges
|
|-heal|p1a: Florges|290\/360|[from] item: Leftovers
|turn|31
|
|switch|p1a: Suicune|Suicune|135\/404
|-ability|p1a: Suicune|Pressure
|move|p2a: Loyalty|Will-O-Wisp|p1a: Suicune
|-status|p1a: Suicune|brn
|
|-heal|p1a: Suicune|315\/404 brn|[from] move: Wish|[wisher] Florges
|-heal|p1a: Suicune|340\/404 brn|[from] item: Leftovers
|-damage|p1a: Suicune|290\/404 brn|[from] brn
|turn|32
|
|switch|p1a: Florges|Florges, F|290\/360
|move|p2a: Loyalty|Morning Sun|p2a: Loyalty
|-heal|p2a: Loyalty|342\/383
|
|-heal|p1a: Florges|312\/360|[from] item: Leftovers
|turn|33
|
|move|p2a: Loyalty|Flare Blitz|p1a: Florges
|-damage|p1a: Florges|147\/360
|-status|p1a: Florges|brn
|-damage|p2a: Loyalty|288\/383|[from] recoil|[of] p1a: Florges
|move|p1a: Florges|Wish|p1a: Florges
|
|-heal|p1a: Florges|169\/360 brn|[from] item: Leftovers
|-damage|p1a: Florges|124\/360 brn|[from] brn
|turn|34
|join|Bob the Bro
|join|trevor ellis
|
|move|p1a: Florges|Protect|p1a: Florges
|-singleturn|p1a: Florges|Protect
|move|p2a: Loyalty|Flare Blitz|p1a: Florges
|-activate|p1a: Florges|Protect
|
|-heal|p1a: Florges|304\/360 brn|[from] move: Wish|[wisher] Florges
|-heal|p1a: Florges|326\/360 brn|[from] item: Leftovers
|-damage|p1a: Florges|281\/360 brn|[from] brn
|turn|35
|c| Bob the Bro|rip 1-1
|c| trevor ellis|baking soda
|c| trevor ellis|i got baking soda
|c|âANGER MANAGEMENT|lol I stopped caring about the rank
|leave|trevor ellis
|
|move|p2a: Loyalty|Morning Sun|p2a: Loyalty
|-heal|p2a: Loyalty|383\/383
|move|p1a: Florges|Aromatherapy|p1a: Florges
|-cureteam|p1a: Florges|[from] move: Aromatherapy
|
|-heal|p1a: Florges|303\/360|[from] item: Leftovers
|turn|36
|
|move|p1a: Florges|Protect|p1a: Florges
|-singleturn|p1a: Florges|Protect
|move|p2a: Loyalty|Will-O-Wisp|p1a: Florges
|-activate|p1a: Florges|Protect
|
|-heal|p1a: Florges|325\/360|[from] item: Leftovers
|turn|37
|
|switch|p2a: Ludger|Aerodactyl-Mega, M|301\/301
|move|p1a: Florges|Wish|p1a: Florges
|
|-heal|p1a: Florges|347\/360|[from] item: Leftovers
|turn|38
|
|switch|p1a: Krookodile|Krookodile, F|162\/331
|-ability|p1a: Krookodile|Intimidate|[of] p2a: Ludger
|-unboost|p2a: Ludger|atk|1
|move|p2a: Ludger|Aerial Ace|p1a: Krookodile
|-damage|p1a: Krookodile|50\/331
|
|-heal|p1a: Krookodile|230\/331|[from] move: Wish|[wisher] Florges
|turn|39
|c| Bob the Bro|wait
|c| Bob the Bro|you're playing something other than offense
|c|âANGER MANAGEMENT|balance
|c| Bob the Bro|am i high
|
|switch|p2a: Loyalty|Arcanine, M|383\/383
|-ability|p2a: Loyalty|Intimidate|[of] p1a: Krookodile
|-unboost|p1a: Krookodile|atk|1
|switch|p1a: Forretress|Forretress, F|310\/354
|
|-heal|p1a: Forretress|332\/354|[from] item: Leftovers
|turn|40
|c|âANGER MANAGEMENT|you are
|join|Gay Bear Sex
|
|switch|p1a: Florges|Florges, F|347\/360
|move|p2a: Loyalty|Will-O-Wisp|p1a: Florges
|-status|p1a: Florges|brn
|
|-heal|p1a: Florges|360\/360 brn|[from] item: Leftovers
|-damage|p1a: Florges|315\/360 brn|[from] brn
|turn|41
|join|IheartMagikarp
|c|âANGER MANAGEMENT|man arcanine is such a bitchass mon
|join|Naruto(sage)
|c| Bob the Bro|play stall imo
|c|âANGER MANAGEMENT|no that takes too long
|c| Bob the Bro|you have cune mfw
|c|âANGER MANAGEMENT|this is taking long enough
|join|Ajna
|
|move|p2a: Loyalty|Flare Blitz|p1a: Florges
|-damage|p1a: Florges|158\/360 brn
|-damage|p2a: Loyalty|331\/383|[from] recoil|[of] p1a: Florges
|move|p1a: Florges|Wish|p1a: Florges
|
|-heal|p1a: Florges|180\/360 brn|[from] item: Leftovers
|-damage|p1a: Florges|135\/360 brn|[from] brn
|turn|42
|leave|Naruto(sage)
|c|âANGER MANAGEMENT|does ape survive
|join|Naruto(sage)
|
|switch|p2a: Ludger|Aerodactyl-Mega, M|301\/301
|switch|p1a: Krookodile|Krookodile, F|230\/331
|-ability|p1a: Krookodile|Intimidate|[of] p2a: Ludger
|-unboost|p2a: Ludger|atk|1
|
|-heal|p1a: Krookodile|331\/331|[from] move: Wish|[wisher] Florges
|turn|43
|c| Bob the Bro|no
|
|switch|p2a: Chesnaught|Chesnaught, F|258\/380
|move|p1a: Krookodile|Knock Off|p2a: Chesnaught
|-resisted|p2a: Chesnaught
|-damage|p2a: Chesnaught|185\/380
|-enditem|p2a: Chesnaught|Leftovers|[from] move: Knock Off|[of] p1a: Krookodile
|
|turn|44
|c| Bob the Bro|am im rank 3 with an HO team
|c| Bob the Bro|you proud
|c| Bob the Bro|?
|c|âANGER MANAGEMENT|yes but
|c|âANGER MANAGEMENT|you probably caved and used stall
|join|trevor ellis
|c|âANGER MANAGEMENT|for a spell
|c| Ajna|he outskills all his opponents
|c| Bob the Bro|no i didnt
|c| Ajna|with crits
|c| Ajna|:]
|
|switch|p1a: Forretress|Forretress, F|332\/354
|move|p2a: Chesnaught|Drain Punch|p1a: Forretress
|-damage|p1a: Forretress|257\/354
|-heal|p2a: Chesnaught|223\/380|[from] drain|[of] p1a: Forretress
|
|-heal|p1a: Forretress|279\/354|[from] item: Leftovers
|turn|45
|leave|Naruto(sage)
|c| Bob the Bro|never played stall on that alt
|c| Bob the Bro|git gud
|
|move|p2a: Chesnaught|Leech Seed|p1a: Forretress
|-start|p1a: Forretress|move: Leech Seed
|move|p1a: Forretress|Stealth Rock|p2a: Chesnaught
|-sidestart|p2: Ult Sasuke(Susanoo|move: Stealth Rock
|
|-heal|p1a: Forretress|301\/354|[from] item: Leftovers
|-damage|p1a: Forretress|257\/354|[from] Leech Seed|[of] p2a: Chesnaught
|-heal|p2a: Chesnaught|267\/380|[silent]
|turn|46
|join|Naruto(sage)
|
|switch|p1a: Beedrill|Beedrill-Mega, M|215\/271
|move|p2a: Chesnaught|Spikes|p1a: Beedrill
|-sidestart|p1: ANGER MANAGEMENT|Spikes
|
|turn|47
|c| trevor ellis|bob that was all s-rank and a rank mons u fuck
|c| Bob the Bro|ofc
|c| trevor ellis|git gud
|join|Shit User
|
|switch|p2a: Loyalty|Arcanine, M|331\/383
|-damage|p2a: Loyalty|236\/383|[from] Stealth Rock
|-ability|p2a: Loyalty|Intimidate|[of] p1a: Beedrill
|-unboost|p1a: Beedrill|atk|1
|move|p1a: Beedrill|Poison Jab|p2a: Loyalty
|-damage|p2a: Loyalty|124\/383
|-damage|p1a: Beedrill|170\/271|[from] item: Rocky Helmet|[of] p2a: Loyalty
|
|turn|48
|c| Bob the Bro|i built it without putting any thought into it
|c| Bob the Bro|so it is gud
|c| trevor ellis|that was a roll
|c| Bob the Bro|that did nothing
|c| trevor ellis|go for it
|c| Bob the Bro|mfw
|
|move|p1a: Beedrill|Toxic Spikes|p2a: Loyalty
|-sidestart|p2: Ult Sasuke(Susanoo|move: Toxic Spikes
|move|p2a: Loyalty|Morning Sun|p2a: Loyalty
|-heal|p2a: Loyalty|315\/383
|
|turn|49
|join|Luna's test alt
|c| Shit User|kek
|c| Bob the Bro|sick
|
|move|p1a: Beedrill|Poison Jab|p2a: Loyalty
|-damage|p2a: Loyalty|199\/383
|-damage|p1a: Beedrill|125\/271|[from] item: Rocky Helmet|[of] p2a: Loyalty
|move|p2a: Loyalty|Flare Blitz|p1a: Beedrill
|-supereffective|p1a: Beedrill
|-damage|p1a: Beedrill|0 fnt
|-damage|p2a: Loyalty|158\/383|[from] recoil|[of] p1a: Beedrill
|faint|p1a: Beedrill
|
|
|switch|p1a: Krookodile|Krookodile, F|331\/331
|-damage|p1a: Krookodile|290\/331|[from] Spikes
|-ability|p1a: Krookodile|Intimidate|[of] p2a: Loyalty
|-unboost|p2a: Loyalty|atk|1
|turn|50
|c| Bob the Bro|be real and pursuit
|c| Shit User|do u have aerial ace
|c|âANGER MANAGEMENT|nah this guy
|c| Shit User|it 2hkos chesnaught
|c| Bob the Bro|hp flying
|c|âANGER MANAGEMENT|is catching on to me
|join|GGBud
|
|move|p1a: Krookodile|Knock Off|p2a: Loyalty
|-damage|p2a: Loyalty|0 fnt
|-damage|p1a: Krookodile|235\/331|[from] item: Rocky Helmet|[of] p2a: Loyalty
|-enditem|p2a: Loyalty|Rocky Helmet|[from] move: Knock Off|[of] p1a: Krookodile
|faint|p2a: Loyalty
|
|leave|Naruto(sage)
|c| Shit User|aerial ace donks with band
|join|Naruto(sage)
|leave|GGBud
|leave|trevor ellis
|
|switch|p2a: Ludger|Aerodactyl-Mega, M|301\/301
|-damage|p2a: Ludger|226\/301|[from] Stealth Rock
|turn|51
|c| Bob the Bro|what does HO have for crocune
|
|switch|p1a: Florges|Florges, F|135\/360 brn
|-damage|p1a: Florges|90\/360 brn|[from] Spikes
|move|p2a: Ludger|Aerial Ace|p1a: Florges
|-damage|p1a: Florges|0 fnt
|faint|p1a: Florges
|
|c| Bob the Bro|other than band chesnaught
|c| Bob the Bro|that was shit for everything else but cune
|c| Ajna|shaymin?
|
|switch|p1a: Krookodile|Krookodile, F|235\/331
|-damage|p1a: Krookodile|194\/331|[from] Spikes
|-ability|p1a: Krookodile|Intimidate|[of] p2a: Ludger
|-unboost|p2a: Ludger|atk|1
|turn|52
|c|âANGER MANAGEMENT|HO has TR Slowking
|c|âANGER MANAGEMENT|:]
|c| Bob the Bro|seed flare gets pp stall'd ez
|c| Shit User|âANGER MANAGEMENT: :]
|c| Shit User|wtf since when does am smile
|
|move|p1a: Krookodile|Pursuit|p2a: Ludger|[from]Pursuit
|-damage|p2a: Ludger|45\/301
|switch|p2a: Shadow|Hydreigon, M|360\/360
|-damage|p2a: Shadow|315\/360|[from] Stealth Rock
|
|turn|53
|c|âANGER MANAGEMENT|I don't much
|c|âANGER MANAGEMENT|hardly anything to smile about
|c| Ajna|it 2hkoes though
|c| Ajna|even at plus 2
|
|move|p2a: Shadow|Draco Meteor|p1a: Krookodile
|-damage|p1a: Krookodile|0 fnt
|-unboost|p2a: Shadow|spa|2
|faint|p1a: Krookodile
|
|leave|Naruto(sage)
|c| Shit User|u can smile cos ur gna ho hvn wen u die
|c| Shit User|:]]
|
|switch|p1a: Forretress|Forretress, F|257\/354
|-damage|p1a: Forretress|213\/354|[from] Spikes
|turn|54
|c| Bob the Bro|fkn english pls
|c| Shit User|go heaven r u dumb
|
|switch|p2a: Ludger|Aerodactyl-Mega, M|45\/301
|-damage|p2a: Ludger|0 fnt|[from] Stealth Rock
|faint|p2a: Ludger
|move|p1a: Forretress|Rapid Spin|p2: Ludger|[notarget]
|-notarget
|
|-heal|p1a: Forretress|235\/354|[from] item: Leftovers
|c| Bob the Bro|yolo
|join|Naruto(sage)
|c|âANGER MANAGEMENT|tbh
|
|switch|p2a: Chesnaught|Chesnaught, F|267\/380
|-status|p2a: Chesnaught|psn
|-damage|p2a: Chesnaught|244\/380 psn|[from] Stealth Rock
|turn|55
|c|âANGER MANAGEMENT|I should have just gone cune
|c|âANGER MANAGEMENT|and he should have gone hydra
|join|boom bye yeah
|c| Bob the Bro|no tiers
|
|move|p2a: Chesnaught|Leech Seed|p1a: Forretress
|-start|p1a: Forretress|move: Leech Seed
|move|p1a: Forretress|Rapid Spin|p2a: Chesnaught
|-damage|p2a: Chesnaught|232\/380 psn
|-end|p1a: Forretress|Leech Seed|[from] move: Rapid Spin|[of] p1a: Forretress
|-sideend|p1: ANGER MANAGEMENT|Spikes|[from] move: Rapid Spin|[of] p1a: Forretress
|
|-heal|p1a: Forretress|257\/354|[from] item: Leftovers
|-damage|p2a: Chesnaught|185\/380 psn|[from] psn
|turn|56
|
|move|p2a: Chesnaught|Drain Punch|p1a: Forretress
|-damage|p1a: Forretress|185\/354
|-heal|p2a: Chesnaught|221\/380 psn|[from] drain|[of] p1a: Forretress
|move|p1a: Forretress|Gyro Ball|p2a: Chesnaught
|-immune|p2a: Chesnaught|[msg]|[from] Bulletproof
|
|-heal|p1a: Forretress|207\/354|[from] item: Leftovers
|-damage|p2a: Chesnaught|174\/380 psn|[from] psn
|turn|57
|c| Shit User|kek
|c| Bob the Bro|sick
|c|âANGER MANAGEMENT|lol
|
|move|p2a: Chesnaught|Drain Punch|p1a: Forretress
|-damage|p1a: Forretress|126\/354
|-heal|p2a: Chesnaught|215\/380 psn|[from] drain|[of] p1a: Forretress
|move|p1a: Forretress|Rapid Spin|p2a: Chesnaught
|-crit|p2a: Chesnaught
|-damage|p2a: Chesnaught|198\/380 psn
|
|-heal|p1a: Forretress|148\/354|[from] item: Leftovers
|-damage|p2a: Chesnaught|151\/380 psn|[from] psn
|turn|58
|c| Ajna|bop
|
|move|p2a: Chesnaught|Drain Punch|p1a: Forretress
|-damage|p1a: Forretress|76\/354
|-heal|p2a: Chesnaught|187\/380 psn|[from] drain|[of] p1a: Forretress
|move|p1a: Forretress|Rapid Spin|p2a: Chesnaught
|-damage|p2a: Chesnaught|177\/380 psn
|
|-heal|p1a: Forretress|98\/354|[from] item: Leftovers
|-damage|p2a: Chesnaught|130\/380 psn|[from] psn
|turn|59
|c| Bob the Bro|just volt switch and finish it
|
|move|p2a: Chesnaught|Drain Punch|p1a: Forretress
|-damage|p1a: Forretress|26\/354
|-heal|p2a: Chesnaught|166\/380 psn|[from] drain|[of] p1a: Forretress
|move|p1a: Forretress|Rapid Spin|p2a: Chesnaught
|-damage|p2a: Chesnaught|155\/380 psn
|
|-heal|p1a: Forretress|48\/354|[from] item: Leftovers
|-damage|p2a: Chesnaught|108\/380 psn|[from] psn
|turn|60
|c| Shit User|nah he spikes
|c|âANGER MANAGEMENT|don't have it
|c| Shit User|soon enough
|c| Shit User|wot
|c| Shit User|what kind of forrey
|c| Bob the Bro|wot
|
|move|p2a: Chesnaught|Drain Punch|p1a: Forretress
|-damage|p1a: Forretress|0 fnt
|-heal|p2a: Chesnaught|132\/380 psn|[from] drain|[of] p1a: Forretress
|faint|p1a: Forretress
|
|-damage|p2a: Chesnaught|85\/380 psn|[from] psn
|c| Shit User|doesnt run vs
|c| Shit User|wtf
|c| Bob the Bro|wtf
|
|switch|p1a: Suicune|Suicune|290\/404
|-ability|p1a: Suicune|Pressure
|turn|61
|c|âANGER MANAGEMENT|should I sub
|c| Ajna|y
|c| Bob the Bro|ofc
|c| Ajna|e
|c| Shit User|y
|c| Ajna|z
|c| Shit User|e
|c| Shit User|z
|c| Bob the Bro|what reason do you have to not sub
|
|move|p1a: Suicune|Substitute|p1a: Suicune
|-start|p1a: Suicune|Substitute
|-damage|p1a: Suicune|189\/404
|move|p2a: Chesnaught|Drain Punch|p1a: Suicune
|-activate|p1a: Suicune|Substitute|[damage]
|-heal|p2a: Chesnaught|130\/380 psn|[from] drain|[of] p1a: Suicune
|
|-heal|p1a: Suicune|214\/404|[from] item: Leftovers
|-damage|p2a: Chesnaught|83\/380 psn|[from] psn
|turn|62
|c| Shit User|nice crit
|join|Duskt70
|c| Ajna|he didnt wanna be tickled
|
|move|p1a: Suicune|Ice Beam|p2a: Chesnaught
|-supereffective|p2a: Chesnaught
|-damage|p2a: Chesnaught|0 fnt
|faint|p2a: Chesnaught
|
|-heal|p1a: Suicune|239\/404|[from] item: Leftovers
|c| Ajna|by dp
|c| Shit User|'tickled'
|join|I3Magikarp
|c| Shit User|r u scarf infern
|c| Shit User|btw
|c|âANGER MANAGEMENT|yep
|
|switch|p2a: Shadow|Hydreigon, M|315\/360
|-damage|p2a: Shadow|270\/360|[from] Stealth Rock
|turn|63
|c| Bob the Bro|touched inappropriately
|c| Ajna|rof
|c| Shit User|i did that to ur son
|c| Ajna|lmao
|c| Bob the Bro|i did that to ur mum
|c| Shit User|>implying bob the bro could get laid
|c| Shit User|wtf was that pa
|c| Shit User|par
|c| Bob the Bro|????????????????\/
|
|move|p2a: Shadow|Dark Pulse|p1a: Suicune
|-crit|p1a: Suicune
|-end|p1a: Suicune|Substitute
|move|p1a: Suicune|Calm Mind|p1a: Suicune
|-boost|p1a: Suicune|spa|1
|-boost|p1a: Suicune|spd|1
|
|-heal|p1a: Suicune|264\/404|[from] item: Leftovers
|turn|64
|c| Bob the Bro|am's avatar has its legs opened
|c| Bob the Bro|for me to touch inappropriately
|c| Shit User|i can see the bulge
|c|âANGER MANAGEMENT|.-.
|
|move|p2a: Shadow|Dark Pulse|p1a: Suicune
|-damage|p1a: Suicune|171\/404
|move|p1a: Suicune|Calm Mind|p1a: Suicune
|-boost|p1a: Suicune|spa|1
|-boost|p1a: Suicune|spd|1
|
|-heal|p1a: Suicune|196\/404|[from] item: Leftovers
|turn|65
|c|âANGER MANAGEMENT|no gays pls
|c| Ajna|what bulge? amirite?
|c| Shit User|more calm minds are needed
|c| Bob the Bro|crit flinch
|
|move|p2a: Shadow|Dark Pulse|p1a: Suicune
|-damage|p1a: Suicune|133\/404
|cant|p1a: Suicune|flinch
|
|-heal|p1a: Suicune|158\/404|[from] item: Leftovers
|turn|66
|
|move|p2a: Shadow|Dark Pulse|p1a: Suicune
|-damage|p1a: Suicune|86\/404
|move|p1a: Suicune|Calm Mind|p1a: Suicune
|-boost|p1a: Suicune|spa|1
|-boost|p1a: Suicune|spd|1
|
|-heal|p1a: Suicune|111\/404|[from] item: Leftovers
|turn|67
|
|move|p2a: Shadow|Dark Pulse|p1a: Suicune
|-damage|p1a: Suicune|54\/404
|move|p1a: Suicune|Calm Mind|p1a: Suicune
|-boost|p1a: Suicune|spa|1
|-boost|p1a: Suicune|spd|1
|
|-heal|p1a: Suicune|79\/404|[from] item: Leftovers
|turn|68
|c| Bob the Bro|reveal tailwind drei
|c| boom bye yeah|u need more garbodor anger
|
|move|p2a: Shadow|Dark Pulse|p1a: Suicune
|-damage|p1a: Suicune|34\/404
|move|p1a: Suicune|Calm Mind|p1a: Suicune
|-boost|p1a: Suicune|spa|1
|-boost|p1a: Suicune|spd|1
|
|-heal|p1a: Suicune|59\/404|[from] item: Leftovers
|turn|69
|c| Bob the Bro|and get fk'd
|c|âANGER MANAGEMENT|lol I would cry
|
|move|p2a: Shadow|Dark Pulse|p1a: Suicune
|-damage|p1a: Suicune|20\/404
|move|p1a: Suicune|Scald|p2a: Shadow
|-resisted|p2a: Shadow
|-damage|p2a: Shadow|107\/360
|
|-heal|p1a: Suicune|45\/404|[from] item: Leftovers
|turn|70
|c| Shit User|what if hes like
|c| Shit User|brightpowder
|
|move|p2a: Shadow|Dark Pulse|p1a: Suicune
|-damage|p1a: Suicune|6\/404
|cant|p1a: Suicune|flinch
|
|-heal|p1a: Suicune|31\/404|[from] item: Leftovers
|turn|71
|c| boom bye yeah|what if
|c| boom bye yeah|this happens
|
|move|p2a: Shadow|Dark Pulse|p1a: Suicune
|-damage|p1a: Suicune|0 fnt
|faint|p1a: Suicune
|
|
|switch|p1a: Infernape|Infernape, F|102\/293
|turn|72
|c|âANGER MANAGEMENT|does flare blitz kill
|c| Shit User|dont u remember he knocked off ur scarf
|c|âANGER MANAGEMENT|im not in blaze range
|c| Ajna|y
|c| Shit User|yes it kills
|c| Shit User|go for it
|c| Shit User|if u have balls
|c| Bob the Bro|go for it
|c| Shit User|its probably a roll
|c| Bob the Bro|fgt
|c| Shit User|do it
|
|move|p1a: Infernape|Flare Blitz|p2a: Shadow
|-resisted|p2a: Shadow
|-damage|p2a: Shadow|9\/360
|-damage|p1a: Infernape|70\/293|[from] recoil|[of] p2a: Shadow
|move|p2a: Shadow|Dark Pulse|p1a: Infernape
|-resisted|p1a: Infernape
|-damage|p1a: Infernape|0 fnt
|faint|p1a: Infernape
|
|win|Ult Sasuke(Susanoo
|raw|Ladder updating...
|raw|ANGER MANAGEMENT's rating: 1391 &rarr; <strong>1365<\/strong><br \/>(-26 for losing)
|raw|Ult Sasuke(Susanoo's rating: 1294 &rarr; <strong>1326<\/strong><br \/>(+32 for winning)
|c| boom bye yeah|RIP
|c| Bob the Bro|rekt
|c|âANGER MANAGEMENT|lol
|c|âANGER MANAGEMENT|gg
|c| Shit User|kek
|leave|ANGER MANAGEMENT
|c| Shit User|LOL
|c|âUlt Sasuke(Susanoo|gg
|c| Shit User|still has
|c| Shit User|balls
|player|p1
|c| Bob the Bro|sick choke
|leave|Shit User