|join|ANGER MANAGEMENT
|join|Professional05
|player|p1|ANGER MANAGEMENT|123
|player|p2|Professional05|293
|gametype|singles
|gen|6
|tier|UU
|rated
|rule|Sleep Clause Mod: Limit one foe put to sleep
|rule|Species Clause: Limit one of each Pokemon
|rule|OHKO Clause: OHKO moves are banned
|rule|Moody Clause: Moody is banned
|rule|Evasion Moves Clause: Evasion moves are banned
|rule|Endless Battle Clause: Forcing endless battles is banned
|rule|HP Percentage Mod: HP is reported as percentages
|clearpoke
|poke|p1|Suicune
|poke|p1|Jirachi
|poke|p1|Flygon, F
|poke|p1|Florges, F
|poke|p1|Mew
|poke|p1|Scrafty, F
|poke|p2|Tornadus-Therian, M
|poke|p2|Infernape, M
|poke|p2|Ampharos, M
|poke|p2|Empoleon, M
|poke|p2|Fletchinder, M
|poke|p2|Florges, F
|rule|Swagger Clause: Swagger is banned
|rule|Baton Pass Clause: Limit 3 pokemon knowing Baton Pass
|teampreview
|chat|Professional05|.
|chat|Professional05|sup
|chat|ANGER MANAGEMENT|oh I forgot that thing was live
|chat|ANGER MANAGEMENT|I wouldn't have laddered otherwise
|chat|Professional05|lol
|
|start
|switch|p1a: Suicune|Suicune|401\/401
|switch|p2a: Tornadus-Therian|Tornadus-Therian, M|299\/299
|-ability|p1a: Suicune|Pressure
|turn|1
|
|move|p2a: Tornadus-Therian|Knock Off|p1a: Suicune
|-damage|p1a: Suicune|332\/401
|-enditem|p1a: Suicune|Leftovers|[from] move: Knock Off|[of] p2a: Tornadus-Therian
|move|p1a: Suicune|Scald|p2a: Tornadus-Therian
|-damage|p2a: Tornadus-Therian|206\/299
|
|turn|2
|
|switch|p2a: Ampharos|Ampharos, M|383\/383
|move|p1a: Suicune|Calm Mind|p1a: Suicune
|-boost|p1a: Suicune|spa|1
|-boost|p1a: Suicune|spd|1
|
|turn|3
|
|switch|p1a: Flygon|Flygon, F|301\/301
|detailschange|p2a: Ampharos|Ampharos-Mega, M
|message|Ampharos has Mega Evolved into Mega Ampharos!
|-ability|p2a: Ampharos|Mold Breaker
|move|p2a: Ampharos|Volt Switch|p1a: Flygon
|-immune|p1a: Flygon|[msg]
|
|turn|4
|
|switch|p2a: Florges|Florges, F|360\/360
|move|p1a: Flygon|U-turn|p2a: Florges
|-resisted|p2a: Florges
|-damage|p2a: Florges|321\/360
|
|switch|p1a: Downpayment|Jirachi|361\/361
|
|turn|5
|
|switch|p2a: Ampharos|Ampharos-Mega, M|383\/383
|-ability|p2a: Ampharos|Mold Breaker
|move|p1a: Downpayment|Stealth Rock|p2a: Ampharos
|-sidestart|p2: Professional05|move: Stealth Rock
|
|turn|6
|
|switch|p2a: Empoleon|Empoleon, M|336\/336
|-damage|p2a: Empoleon|315\/336|[from] Stealth Rock
|-item|p2a: Empoleon|Air Balloon
|move|p1a: Downpayment|Toxic|p2a: Empoleon
|-fail|p2a: Empoleon
|
|turn|7
|
|move|p1a: Downpayment|Iron Head|p2a: Empoleon
|-resisted|p2a: Empoleon
|-damage|p2a: Empoleon|290\/336
|-enditem|p2a: Empoleon|Air Balloon
|move|p2a: Empoleon|Defog|p1a: Downpayment
|-unboost|p1a: Downpayment|evasion|1
|-sideend|p2: Professional05|Stealth Rock|[from] move: Defog|[of] p2a: Empoleon
|
|turn|8
|
|move|p1a: Downpayment|Stealth Rock|p2a: Empoleon
|-sidestart|p2: Professional05|move: Stealth Rock
|move|p2a: Empoleon|Scald|p1a: Downpayment
|-damage|p1a: Downpayment|208\/361
|
|-heal|p1a: Downpayment|230\/361|[from] item: Leftovers
|turn|9
|
|move|p1a: Downpayment|Fire Punch|p2a: Empoleon
|-damage|p2a: Empoleon|227\/336
|move|p2a: Empoleon|Scald|p1a: Downpayment
|-damage|p1a: Downpayment|80\/361
|-status|p1a: Downpayment|brn
|
|-heal|p1a: Downpayment|102\/361 brn|[from] item: Leftovers
|-damage|p1a: Downpayment|57\/361 brn|[from] brn
|turn|10
|
|switch|p1a: Mew|Mew|401\/401
|move|p2a: Empoleon|Defog|p1a: Mew
|-unboost|p1a: Mew|evasion|1
|-sideend|p2: Professional05|Stealth Rock|[from] move: Defog|[of] p2a: Empoleon
|
|turn|11
|
|switch|p2a: Tornadus-Therian|Tornadus-Therian, M|299\/299
|move|p1a: Mew|Knock Off|p2a: Tornadus-Therian
|-damage|p2a: Tornadus-Therian|237\/299
|
|turn|12
|
|switch|p1a: Suicune|Suicune|332\/401
|-ability|p1a: Suicune|Pressure
|move|p2a: Tornadus-Therian|Knock Off|p1a: Suicune
|-damage|p1a: Suicune|285\/401
|
|turn|13
|
|switch|p2a: Ampharos|Ampharos-Mega, M|383\/383
|-ability|p2a: Ampharos|Mold Breaker
|move|p1a: Suicune|Scald|p2a: Ampharos
|-resisted|p2a: Ampharos
|-damage|p2a: Ampharos|346\/383
|
|turn|14
|
|switch|p1a: Florges|Florges, F|360\/360
|move|p2a: Ampharos|Volt Switch|p1a: Florges
|-damage|p1a: Florges|276\/360
|
|switch|p2a: Fletchinder|Fletchinder, M|265\/265
|
|-heal|p1a: Florges|298\/360|[from] item: Leftovers
|turn|15
|-message|ANGER MANAGEMENT forfeited.
|
|win|Professional05
|raw|Ladder updating...
|leave|ANGER MANAGEMENT
|player|p1
|raw|ANGER MANAGEMENT's rating: 1656 &rarr; <strong>1629<\/strong><br \/>(-27 for losing)
|raw|Professional05's rating: 1524 &rarr; <strong>1551<\/strong><br \/>(+27 for winning)
|leave|Professional05
|player|p2