|join|ANGER MANAGEMENT
|join|klos
|player|p1|ANGER MANAGEMENT|123
|player|p2|klos|102
|gametype|singles
|gen|6
|tier|UU
|rule|Sleep Clause Mod: Limit one foe put to sleep
|rule|Species Clause: Limit one of each PokÃ©mon
|rule|OHKO Clause: OHKO moves are banned
|rule|Moody Clause: Moody is banned
|rule|Evasion Moves Clause: Evasion moves are banned
|rule|Endless Battle Clause: Forcing endless battles is banned
|rule|HP Percentage Mod: HP is shown in percentages
|clearpoke
|poke|p1|Slowking, M
|poke|p1|Lopunny, F
|poke|p1|Zygarde
|poke|p1|Tornadus, M, shiny
|poke|p1|Azelf, shiny
|poke|p1|Fletchinder, F
|poke|p2|Gallade, M
|poke|p2|Yanmega, M
|poke|p2|Magneton
|poke|p2|Darmanitan, F
|poke|p2|Tentacruel, F
|poke|p2|Gligar, M
|rule|Swagger Clause: Swagger is banned
|rule|Baton Pass Clause: Limit one PokÃ©mon knowing Baton Pass
|teampreview
|join|Nappi Boi
|c|âklos|hf
|c|âANGER MANAGEMENT|ty u2
|
|start
|switch|p1a: Dudeman130498|Azelf, shiny|291\/291
|switch|p2a: Flare Blitz|Darmanitan, F|351\/351
|turn|1
|
|move|p2a: Flare Blitz|U-turn|p1a: Dudeman130498
|-supereffective|p1a: Dudeman130498
|-damage|p1a: Dudeman130498|51\/291
|join|FlederMau5
|
|switch|p2a: Magneton|Magneton|242\/242
|move|p1a: Dudeman130498|Taunt|p2a: Magneton
|-start|p2a: Magneton|move: Taunt
|
|turn|2
|c|âANGER MANAGEMENT|eh
|c|âANGER MANAGEMENT|misclick
|c|âklos|ik that feel
|c|âANGER MANAGEMENT|ty knock off and taunt being both dark
|
|move|p1a: Dudeman130498|Stealth Rock|p2a: Magneton
|-sidestart|p2: klos|move: Stealth Rock
|move|p2a: Magneton|Volt Switch|p1a: Dudeman130498
|-damage|p1a: Dudeman130498|0 fnt
|faint|p1a: Dudeman130498
|
|switch|p2a: Gal|Gallade, M|278\/278
|-damage|p2a: Gal|261\/278|[from] Stealth Rock
|
|
|switch|p1a: Technosis|Tornadus, M, shiny|299\/299
|turn|3
|join|BurstStream
|
|detailschange|p2a: Gal|Gallade-Mega, M
|message|Gallade has Mega Evolved into Mega Gallade!
|move|p1a: Technosis|Acrobatics|p2a: Gal
|-crit|p2a: Gal
|-supereffective|p2a: Gal
|-damage|p2a: Gal|0 fnt
|faint|p2a: Gal
|
|c| BurstStream|Get
|c| BurstStream|rekt
|c|âklos|he's fast
|
|switch|p2a: Magneton|Magneton|242\/242
|-damage|p2a: Magneton|227\/242|[from] Stealth Rock
|turn|4
|c| BurstStream|tornadus outspeed Galald post mega
|c| BurstStream|regardeless
|join|dodmen
|c| BurstStream|Also Tornadus Fletchinder core
|
|move|p1a: Technosis|Knock Off|p2a: Magneton
|-damage|p2a: Magneton|123\/242
|-enditem|p2a: Magneton|Choice Specs|[from] move: Knock Off|[of] p1a: Technosis
|move|p2a: Magneton|Flash Cannon|p1a: Technosis
|-damage|p1a: Technosis|100\/299
|
|turn|5
|c|âklos|yea i dt too late
|
|switch|p1a: xMarth|Zygarde|359\/359
|-ability|p1a: xMarth|Aura Break
|move|p2a: Magneton|Flash Cannon|p1a: xMarth
|-damage|p1a: xMarth|166\/359
|
|turn|6
|c| BurstStream|not a switch in
|
|switch|p2a: Gligar|Gligar, M|333\/333
|-damage|p2a: Gligar|292\/333|[from] Stealth Rock
|move|p1a: xMarth|Earthquake|p2a: Gligar
|-immune|p2a: Gligar|[msg]
|
|turn|7
|
|move|p1a: xMarth|Dragon Dance|p1a: xMarth
|-boost|p1a: xMarth|atk|1
|-boost|p1a: xMarth|spe|1
|move|p2a: Gligar|Defog|p1a: xMarth
|-unboost|p1a: xMarth|evasion|1
|-sideend|p2: klos|Stealth Rock|[from] move: Defog|[of] p2a: Gligar
|
|turn|8
|
|move|p1a: xMarth|Dragon Dance|p1a: xMarth
|-boost|p1a: xMarth|atk|1
|-boost|p1a: xMarth|spe|1
|move|p2a: Gligar|Earthquake|p1a: xMarth
|-damage|p1a: xMarth|88\/359
|
|turn|9
|
|move|p1a: xMarth|Outrage|p2a: Gligar
|-damage|p2a: Gligar|15\/333
|-damage|p1a: xMarth|53\/359|[from] item: Life Orb
|move|p2a: Gligar|Earthquake|p1a: xMarth
|-damage|p1a: xMarth|0 fnt
|faint|p1a: xMarth
|
|c|âklos|dont u ever met
|c|âklos|gligar
|
|switch|p1a: King UU|Slowking, M|394\/394
|turn|10
|c| BurstStream|Gligar pulling through
|
|move|p2a: Gligar|Stealth Rock|p1a: King UU
|-sidestart|p1: ANGER MANAGEMENT|move: Stealth Rock
|move|p1a: King UU|Nasty Plot|p1a: King UU
|-boost|p1a: King UU|spa|2
|
|turn|11
|c| BurstStream|give this dude a nickname
|c| BurstStream|he deserves it
|
|move|p2a: Gligar|Earthquake|p1a: King UU
|-damage|p1a: King UU|285\/394
|move|p1a: King UU|Trick Room|p1a: King UU
|-fieldstart|move: Trick Room|[of] p1a: King UU
|
|-heal|p1a: King UU|309\/394|[from] item: Leftovers
|turn|12
|
|move|p1a: King UU|Scald|p2a: Gligar
|-supereffective|p2a: Gligar
|-damage|p2a: Gligar|0 fnt
|faint|p2a: Gligar
|
|-heal|p1a: King UU|333\/394|[from] item: Leftovers
|c| Nappi Boi|oh lawd
|c| dodmen|in
|
|switch|p2a: Tentacruel|Tentacruel, F|364\/364
|turn|13
|
|move|p1a: King UU|Psyshock|p2a: Tentacruel
|-supereffective|p2a: Tentacruel
|-damage|p2a: Tentacruel|0 fnt
|faint|p2a: Tentacruel
|
|-heal|p1a: King UU|357\/394|[from] item: Leftovers
|
|switch|p2a: Magneton|Magneton|123\/242
|turn|14
|c| Nappi Boi|YOPPER TIME
|
|move|p1a: King UU|Scald|p2a: Magneton
|-crit|p2a: Magneton
|-damage|p2a: Magneton|0 fnt
|faint|p2a: Magneton
|
|-heal|p1a: King UU|381\/394|[from] item: Leftovers
|c| BurstStream|Also not Colburr Berry
|c| dodmen|this is so damn good vs offense
|c| BurstStream|you dispoint me
|
|switch|p2a: Flare Blitz|Darmanitan, F|351\/351
|turn|15
|c|âklos|yea
|c|âANGER MANAGEMENT|yeah tr king is cool
|c|âklos|completely anti meta
|c|âANGER MANAGEMENT|shame about hydra thou
|
|move|p1a: King UU|Scald|p2a: Flare Blitz
|-supereffective|p2a: Flare Blitz
|-damage|p2a: Flare Blitz|0 fnt
|faint|p2a: Flare Blitz
|
|-heal|p1a: King UU|394\/394|[from] item: Leftovers
|-fieldend|move: Trick Room
|c| dodmen|ye
|c| BurstStream|Hydreigon is Hydreigon
|
|switch|p2a: Mega|Yanmega, M|314\/314
|turn|16
|c| BurstStream|it tends to ruin the fun
|
|move|p2a: Mega|Bug Buzz|p1a: King UU
|-supereffective|p1a: King UU
|-damage|p1a: King UU|0 fnt
|-damage|p2a: Mega|283\/314|[from] item: Life Orb
|faint|p1a: King UU
|
|-boost|p2a: Mega|spe|1|[from] ability: Speed Boost
|c| dodmen|just takin out four mons np
|c| BurstStream|for basically 99%
|c|âklos|gg
|
|switch|p1a: DMT|Lopunny, F|271\/271
|-damage|p1a: DMT|238\/271|[from] Stealth Rock
|turn|17
|c| BurstStream|of the Set sweepers
|c|âANGER MANAGEMENT|gg
|c| BurstStream|being fair
|
|detailschange|p1a: DMT|Lopunny-Mega, F
|message|Lopunny has Mega Evolved into Mega Lopunny!
|move|p2a: Mega|Protect|p2a: Mega
|-singleturn|p2a: Mega|Protect
|move|p1a: DMT|Frustration|p2a: Mega
|-activate|p2a: Mega|Protect
|
|-boost|p2a: Mega|spe|1|[from] ability: Speed Boost
|turn|18
|
|move|p2a: Mega|Air Slash|p1a: DMT
|-supereffective|p1a: DMT
|-damage|p1a: DMT|0 fnt
|-damage|p2a: Mega|252\/314|[from] item: Life Orb
|faint|p1a: DMT
|
|-boost|p2a: Mega|spe|1|[from] ability: Speed Boost
|c|âklos|gotta say
|
|switch|p1a: sniperaim|Fletchinder, F|291\/291
|-damage|p1a: sniperaim|146\/291|[from] Stealth Rock
|turn|19
|c| BurstStream|now Anger prove
|c|âklos|ill be a pleasure get rekd by fletch
|c| BurstStream|that you forgot changing fletchs ability
|c| BurstStream|and you lose
|
|move|p1a: sniperaim|Acrobatics|p2a: Mega
|-supereffective|p2a: Mega
|-damage|p2a: Mega|0 fnt
|faint|p2a: Mega
|
|win|ANGER MANAGEMENT
|c| BurstStream|nope
|c| Nappi Boi|and game