|join|ANGER MANAGEMENT
|join|jigglenette
|player|p1|ANGER MANAGEMENT|123
|player|p2|jigglenette|21
|gametype|singles
|gen|6
|tier|UU
|rated
|rule|Sleep Clause Mod: Limit one foe put to sleep
|rule|Species Clause: Limit one of each PokÃ©mon
|rule|OHKO Clause: OHKO moves are banned
|rule|Moody Clause: Moody is banned
|rule|Evasion Moves Clause: Evasion moves are banned
|rule|Endless Battle Clause: Forcing endless battles is banned
|rule|HP Percentage Mod: HP is shown in percentages
|clearpoke
|poke|p1|Suicune
|poke|p1|Raikou
|poke|p1|Florges, F
|poke|p1|Swampert, F
|poke|p1|Flygon, F
|poke|p1|Jirachi, shiny
|poke|p2|Banette, M
|poke|p2|Lucario, F
|poke|p2|Gligar, F
|poke|p2|Virizion
|poke|p2|Blissey, F
|poke|p2|Meloetta
|rule|Swagger Clause: Swagger is banned
|rule|Baton Pass Clause: Limit one PokÃ©mon knowing Baton Pass
|teampreview
|
|start
|switch|p1a: Flygon|Flygon, F|301\/301
|switch|p2a: Gligar|Gligar, F|333\/333
|turn|1
|
|move|p1a: Flygon|U-turn|p2a: Gligar
|-resisted|p2a: Gligar
|-damage|p2a: Gligar|315\/333
|
|switch|p1a: Swampert|Swampert, F|401\/401
|move|p2a: Gligar|U-turn|p1a: Swampert
|-damage|p1a: Swampert|366\/401
|
|switch|p2a: Virizion|Virizion|324\/324
|
|-heal|p1a: Swampert|391\/401|[from] item: Leftovers
|turn|2
|
|switch|p1a: Florges|Florges, F|360\/360
|move|p2a: Virizion|Close Combat|p1a: Florges
|-resisted|p1a: Florges
|-damage|p1a: Florges|259\/360
|-unboost|p2a: Virizion|def|1
|-unboost|p2a: Virizion|spd|1
|-damage|p2a: Virizion|292\/324|[from] item: Life Orb
|
|-heal|p1a: Florges|281\/360|[from] item: Leftovers
|turn|3
|
|switch|p2a: Meloetta|Meloetta|404\/404
|move|p1a: Florges|Moonblast|p2a: Meloetta
|-damage|p2a: Meloetta|295\/404
|
|-heal|p2a: Meloetta|320\/404|[from] item: Leftovers
|-heal|p1a: Florges|303\/360|[from] item: Leftovers
|turn|4
|
|switch|p1a: Flygon|Flygon, F|301\/301
|move|p2a: Meloetta|Psyshock|p1a: Flygon
|-damage|p1a: Flygon|165\/301
|
|-heal|p2a: Meloetta|345\/404|[from] item: Leftovers
|turn|5
|
|switch|p2a: Gligar|Gligar, F|315\/333
|move|p1a: Flygon|U-turn|p2a: Gligar
|-resisted|p2a: Gligar
|-damage|p2a: Gligar|296\/333
|
|switch|p1a: Suicune|Suicune|401\/401
|-ability|p1a: Suicune|Pressure
|
|turn|6
|
|move|p1a: Suicune|Scald|p2a: Gligar
|-supereffective|p2a: Gligar
|-damage|p2a: Gligar|152\/333
|move|p2a: Gligar|U-turn|p1a: Suicune
|-damage|p1a: Suicune|362\/401
|
|switch|p2a: Meloetta|Meloetta|345\/404
|
|-heal|p1a: Suicune|387\/401|[from] item: Leftovers
|-heal|p2a: Meloetta|370\/404|[from] item: Leftovers
|turn|7
|
|switch|p1a: Jirachi|Jirachi, shiny|341\/341
|move|p2a: Meloetta|Substitute|p2a: Meloetta
|-start|p2a: Meloetta|Substitute
|-damage|p2a: Meloetta|269\/404
|
|-heal|p2a: Meloetta|294\/404|[from] item: Leftovers
|turn|8
|join|Super Mario Kek
|
|move|p1a: Jirachi|Calm Mind|p1a: Jirachi
|-boost|p1a: Jirachi|spa|1
|-boost|p1a: Jirachi|spd|1
|move|p2a: Meloetta|Dazzling Gleam|p1a: Jirachi
|-resisted|p1a: Jirachi
|-damage|p1a: Jirachi|314\/341
|
|-heal|p1a: Jirachi|335\/341|[from] item: Leftovers
|-heal|p2a: Meloetta|319\/404|[from] item: Leftovers
|turn|9
|
|move|p1a: Jirachi|Substitute|p1a: Jirachi
|-start|p1a: Jirachi|Substitute
|-damage|p1a: Jirachi|250\/341
|move|p2a: Meloetta|Calm Mind|p2a: Meloetta
|-boost|p2a: Meloetta|spa|1
|-boost|p2a: Meloetta|spd|1
|
|-heal|p1a: Jirachi|271\/341|[from] item: Leftovers
|-heal|p2a: Meloetta|344\/404|[from] item: Leftovers
|turn|10
|
|switch|p2a: Blissey|Blissey, F|652\/652
|move|p1a: Jirachi|Calm Mind|p1a: Jirachi
|-boost|p1a: Jirachi|spa|1
|-boost|p1a: Jirachi|spd|1
|
|-heal|p1a: Jirachi|292\/341|[from] item: Leftovers
|turn|11
|
|move|p1a: Jirachi|Psyshock|p2a: Blissey
|-damage|p2a: Blissey|196\/652
|move|p2a: Blissey|Seismic Toss|p1a: Jirachi
|-end|p1a: Jirachi|Substitute
|
|-heal|p1a: Jirachi|313\/341|[from] item: Leftovers
|-heal|p2a: Blissey|236\/652|[from] item: Leftovers
|turn|12
|
|move|p1a: Jirachi|Psyshock|p2a: Blissey
|-damage|p2a: Blissey|0 fnt
|faint|p2a: Blissey
|
|-heal|p1a: Jirachi|334\/341|[from] item: Leftovers
|
|switch|p2a: Banette|Banette, M|271\/271
|-item|p1a: Jirachi|Leftovers|[from] ability: Frisk|[of] p2a: Banette|[identify]
|turn|13
|
|detailschange|p2a: Banette|Banette-Mega, M
|message|Banette has Mega Evolved into Mega Banette!
|move|p2a: Banette|Shadow Sneak|p1a: Jirachi
|-crit|p1a: Jirachi
|-supereffective|p1a: Jirachi
|-damage|p1a: Jirachi|58\/341
|move|p1a: Jirachi|Psyshock|p2a: Banette
|-crit|p2a: Banette
|-damage|p2a: Banette|0 fnt
|faint|p2a: Banette
|
|-heal|p1a: Jirachi|79\/341|[from] item: Leftovers
|c| Super Mario Kek|well
|c| Super Mario Kek|like a d bond kek
|
|switch|p2a: Virizion|Virizion|292\/324
|turn|14
|
|switch|p1a: Swampert|Swampert, F|391\/401
|move|p2a: Virizion|Close Combat|p1a: Swampert
|-damage|p1a: Swampert|230\/401
|-unboost|p2a: Virizion|def|1
|-unboost|p2a: Virizion|spd|1
|-damage|p2a: Virizion|260\/324|[from] item: Life Orb
|
|-heal|p1a: Swampert|255\/401|[from] item: Leftovers
|turn|15
|
|move|p2a: Virizion|Leaf Blade|p1a: Swampert
|-supereffective|p1a: Swampert
|-damage|p1a: Swampert|0 fnt
|-damage|p2a: Virizion|228\/324|[from] item: Life Orb
|faint|p1a: Swampert
|
|
|switch|p1a: Flygon|Flygon, F|165\/301
|turn|16
|
|switch|p2a: Gligar|Gligar, F|152\/333
|move|p1a: Flygon|U-turn|p2a: Gligar
|-resisted|p2a: Gligar
|-damage|p2a: Gligar|134\/333
|
|switch|p1a: Raikou|Raikou|364\/364
|-ability|p1a: Raikou|Pressure
|
|turn|17
|
|move|p1a: Raikou|Calm Mind|p1a: Raikou
|-boost|p1a: Raikou|spa|1
|-boost|p1a: Raikou|spd|1
|move|p2a: Gligar|U-turn|p1a: Raikou
|-damage|p1a: Raikou|308\/364
|c|âjigglenette|sorry, back
|
|switch|p2a: Meloetta|Meloetta|344\/404
|
|-heal|p2a: Meloetta|369\/404|[from] item: Leftovers
|turn|18
|
|move|p1a: Raikou|Thunderbolt|p2a: Meloetta
|-damage|p2a: Meloetta|209\/404
|move|p2a: Meloetta|Calm Mind|p2a: Meloetta
|-boost|p2a: Meloetta|spa|1
|-boost|p2a: Meloetta|spd|1
|
|-heal|p2a: Meloetta|234\/404|[from] item: Leftovers
|turn|19
|
|move|p1a: Raikou|Thunderbolt|p2a: Meloetta
|-damage|p2a: Meloetta|132\/404
|move|p2a: Meloetta|Psyshock|p1a: Raikou
|-damage|p1a: Raikou|104\/364
|
|-heal|p2a: Meloetta|157\/404|[from] item: Leftovers
|turn|20
|
|move|p1a: Raikou|Thunderbolt|p2a: Meloetta
|-damage|p2a: Meloetta|55\/404
|move|p2a: Meloetta|Psyshock|p1a: Raikou
|-damage|p1a: Raikou|0 fnt
|faint|p1a: Raikou
|
|-heal|p2a: Meloetta|80\/404|[from] item: Leftovers
|
|switch|p1a: Flygon|Flygon, F|165\/301
|turn|21
|
|switch|p2a: Gligar|Gligar, F|134\/333
|move|p1a: Flygon|U-turn|p2a: Gligar
|-resisted|p2a: Gligar
|-damage|p2a: Gligar|115\/333
|
|switch|p1a: Suicune|Suicune|387\/401
|-ability|p1a: Suicune|Pressure
|
|-heal|p1a: Suicune|401\/401|[from] item: Leftovers
|turn|22
|
|move|p1a: Suicune|Scald|p2a: Gligar
|-supereffective|p2a: Gligar
|-damage|p2a: Gligar|0 fnt
|faint|p2a: Gligar
|
|
|switch|p2a: Virizion|Virizion|228\/324
|turn|23
|
|switch|p1a: Florges|Florges, F|303\/360
|move|p2a: Virizion|Leaf Blade|p1a: Florges
|-damage|p1a: Florges|122\/360
|-damage|p2a: Virizion|196\/324|[from] item: Life Orb
|
|-heal|p1a: Florges|144\/360|[from] item: Leftovers
|turn|24
|
|move|p2a: Virizion|Leaf Blade|p1a: Florges
|-damage|p1a: Florges|0 fnt
|-damage|p2a: Virizion|164\/324|[from] item: Life Orb
|faint|p1a: Florges
|
|
|switch|p1a: Flygon|Flygon, F|165\/301
|turn|25
|
|switch|p2a: Meloetta|Meloetta|80\/404
|move|p1a: Flygon|U-turn|p2a: Meloetta
|-crit|p2a: Meloetta
|-supereffective|p2a: Meloetta
|-damage|p2a: Meloetta|0 fnt
|faint|p2a: Meloetta
|
|switch|p1a: Jirachi|Jirachi, shiny|79\/341
|
|-heal|p1a: Jirachi|100\/341|[from] item: Leftovers
|
|switch|p2a: Virizion|Virizion|164\/324
|turn|26
|
|move|p2a: Virizion|Hidden Power|p1a: Jirachi
|-supereffective|p1a: Jirachi
|-damage|p1a: Jirachi|1\/341
|-damage|p2a: Virizion|132\/324|[from] item: Life Orb
|move|p1a: Jirachi|Psyshock|p2a: Virizion
|-supereffective|p2a: Virizion
|-damage|p2a: Virizion|0 fnt
|faint|p2a: Virizion
|
|-heal|p1a: Jirachi|22\/341|[from] item: Leftovers
|c|âjigglenette|nuuu lol
|c|âjigglenette|the lure
|
|switch|p2a: Lucario|Lucario, F|281\/281
|turn|27
|
|move|p1a: Jirachi|Psyshock|p2a: Lucario
|-damage|p2a: Lucario|125\/281
|move|p2a: Lucario|Swords Dance|p2a: Lucario
|-boost|p2a: Lucario|atk|2
|
|-heal|p1a: Jirachi|43\/341|[from] item: Leftovers
|turn|28
|
|move|p2a: Lucario|Extreme Speed|p1a: Jirachi
|-crit|p1a: Jirachi
|-resisted|p1a: Jirachi
|-damage|p1a: Jirachi|0 fnt
|-damage|p2a: Lucario|97\/281|[from] item: Life Orb
|faint|p1a: Jirachi
|
|
|switch|p1a: Flygon|Flygon, F|165\/301
|turn|29
|
|move|p2a: Lucario|Extreme Speed|p1a: Flygon
|-damage|p1a: Flygon|0 fnt
|-damage|p2a: Lucario|69\/281|[from] item: Life Orb
|faint|p1a: Flygon
|
|
|switch|p1a: Suicune|Suicune|401\/401
|-ability|p1a: Suicune|Pressure
|turn|30
|
|move|p1a: Suicune|Scald|p2a: Lucario
|-damage|p2a: Lucario|0 fnt
|faint|p2a: Lucario
|
|win|ANGER MANAGEMENT
|raw|Ladder updating...
|raw|ANGER MANAGEMENT's rating: 1631 &rarr; <strong>1644<\/strong><br \/>(+13 for winning)
|raw|jigglenette's rating: 1505 &rarr; <strong>1492<\/strong><br \/>(-13 for losing)
|c|âjigglenette|gg
|c|âANGER MANAGEMENT|gg