|join|Stab of winter
|join|ANGER MANAGEMENT
|player|p1|Stab of winter|266
|player|p2|ANGER MANAGEMENT|123
|gametype|singles
|gen|6
|tier|UU
|rated
|rule|Sleep Clause Mod: Limit one foe put to sleep
|rule|Species Clause: Limit one of each PokÃ©mon
|rule|OHKO Clause: OHKO moves are banned
|rule|Moody Clause: Moody is banned
|rule|Evasion Moves Clause: Evasion moves are banned
|rule|Endless Battle Clause: Forcing endless battles is banned
|rule|HP Percentage Mod: HP is reported as percentages
|clearpoke
|poke|p1|Milotic, F
|poke|p1|Roserade, M
|poke|p1|Aggron, M
|poke|p1|Cloyster, M
|poke|p1|Nidoking, M
|poke|p1|Rotom-Heat
|poke|p2|Chandelure, F
|poke|p2|Scrafty, F
|poke|p2|Swampert, M
|poke|p2|Florges, F
|poke|p2|Flygon, F
|poke|p2|Suicune
|rule|Swagger Clause: Swagger is banned
|rule|Baton Pass Clause: Limit one PokÃ©mon knowing Baton Pass
|teampreview
|
|start
|switch|p1a: Milotic|Milotic, F|394\/394
|switch|p2a: Scrafty|Scrafty, F|334\/334
|turn|1
|
|move|p1a: Milotic|Scald|p2a: Scrafty
|-damage|p2a: Scrafty|241\/334
|move|p2a: Scrafty|Bulk Up|p2a: Scrafty
|-boost|p2a: Scrafty|atk|1
|-boost|p2a: Scrafty|def|1
|
|-heal|p2a: Scrafty|261\/334|[from] item: Leftovers
|turn|2
|
|switch|p1a: Rotom-Heat|Rotom-Heat|304\/304
|move|p2a: Scrafty|Knock Off|p1a: Rotom-Heat
|-damage|p1a: Rotom-Heat|147\/304
|-enditem|p1a: Rotom-Heat|Leftovers|[from] move: Knock Off|[of] p2a: Scrafty
|
|-heal|p2a: Scrafty|281\/334|[from] item: Leftovers
|turn|3
|
|move|p1a: Rotom-Heat|Will-O-Wisp|p2a: Scrafty
|-status|p2a: Scrafty|brn
|move|p2a: Scrafty|Bulk Up|p2a: Scrafty
|-boost|p2a: Scrafty|atk|1
|-boost|p2a: Scrafty|def|1
|
|-heal|p2a: Scrafty|301\/334 brn|[from] item: Leftovers
|-damage|p2a: Scrafty|260\/334 brn|[from] brn
|turn|4
|
|move|p1a: Rotom-Heat|Volt Switch|p2a: Scrafty
|-damage|p2a: Scrafty|170\/334 brn
|
|switch|p1a: Nidoking|Nidoking, M|304\/304
|move|p2a: Scrafty|Drain Punch|p1a: Nidoking
|-resisted|p1a: Nidoking
|-damage|p1a: Nidoking|247\/304
|-heal|p2a: Scrafty|199\/334 brn|[from] drain|[of] p1a: Nidoking
|
|-heal|p2a: Scrafty|219\/334 brn|[from] item: Leftovers
|-damage|p2a: Scrafty|178\/334 brn|[from] brn
|turn|5
|
|switch|p2a: Flygon|Flygon, F|301\/301
|move|p1a: Nidoking|Earth Power|p2a: Flygon
|-immune|p2a: Flygon|[msg]
|
|turn|6
|
|switch|p1a: Milotic|Milotic, F|394\/394
|move|p2a: Flygon|Earthquake|p1a: Milotic
|-damage|p1a: Milotic|222\/394
|
|-heal|p1a: Milotic|246\/394|[from] item: Leftovers
|turn|7
|
|switch|p2a: Scrafty|Scrafty, F|178\/334 brn
|move|p1a: Milotic|Recover|p1a: Milotic
|-heal|p1a: Milotic|394\/394
|
|-activate|p2a: Scrafty|ability: Shed Skin
|-curestatus|p2a: Scrafty|brn|[from] ability: Shed Skin
|-heal|p2a: Scrafty|198\/334|[from] item: Leftovers
|turn|8
|
|switch|p1a: Rotom-Heat|Rotom-Heat|147\/304
|move|p2a: Scrafty|Drain Punch|p1a: Rotom-Heat
|-damage|p1a: Rotom-Heat|66\/304
|-heal|p2a: Scrafty|239\/334|[from] drain|[of] p1a: Rotom-Heat
|
|-heal|p2a: Scrafty|259\/334|[from] item: Leftovers
|turn|9
|
|move|p1a: Rotom-Heat|Pain Split|p2a: Scrafty
|-sethp|p2a: Scrafty|162\/334|p1a: Rotom-Heat|162\/304|[from] move: Pain Split
|move|p2a: Scrafty|Bulk Up|p2a: Scrafty
|-boost|p2a: Scrafty|atk|1
|-boost|p2a: Scrafty|def|1
|
|-heal|p2a: Scrafty|182\/334|[from] item: Leftovers
|turn|10
|
|move|p1a: Rotom-Heat|Overheat|p2a: Scrafty
|-damage|p2a: Scrafty|26\/334
|-unboost|p1a: Rotom-Heat|spa|2
|move|p2a: Scrafty|Drain Punch|p1a: Rotom-Heat
|-damage|p1a: Rotom-Heat|33\/304
|-heal|p2a: Scrafty|91\/334|[from] drain|[of] p1a: Rotom-Heat
|
|-heal|p2a: Scrafty|111\/334|[from] item: Leftovers
|turn|11
|
|move|p1a: Rotom-Heat|Volt Switch|p2a: Scrafty
|-damage|p2a: Scrafty|68\/334
|
|switch|p1a: Nidoking|Nidoking, M|247\/304
|move|p2a: Scrafty|Rest|p2a: Scrafty
|-status|p2a: Scrafty|slp
|-heal|p2a: Scrafty|334\/334 slp|[silent]
|-status|p2a: Scrafty|slp|[from] move: Rest
|
|-activate|p2a: Scrafty|ability: Shed Skin
|-curestatus|p2a: Scrafty|slp|[from] ability: Shed Skin
|turn|12
|
|move|p1a: Nidoking|Sludge Wave|p2a: Scrafty
|-damage|p2a: Scrafty|201\/334
|move|p2a: Scrafty|Knock Off|p1a: Nidoking
|-damage|p1a: Nidoking|0 fnt
|-enditem|p1a: Nidoking|Choice Scarf|[from] move: Knock Off|[of] p2a: Scrafty
|faint|p1a: Nidoking
|
|-heal|p2a: Scrafty|221\/334|[from] item: Leftovers
|
|switch|p1a: Rotom-Heat|Rotom-Heat|33\/304
|turn|13
|
|move|p1a: Rotom-Heat|Overheat|p2a: Scrafty
|-damage|p2a: Scrafty|53\/334
|-unboost|p1a: Rotom-Heat|spa|2
|move|p2a: Scrafty|Drain Punch|p1a: Rotom-Heat
|-damage|p1a: Rotom-Heat|0 fnt
|-heal|p2a: Scrafty|70\/334|[from] drain|[of] p1a: Rotom-Heat
|faint|p1a: Rotom-Heat
|
|-heal|p2a: Scrafty|90\/334|[from] item: Leftovers
|
|switch|p1a: Cloyster|Cloyster, M|242\/242
|turn|14
|
|switch|p2a: Suicune|Suicune|401\/401
|-ability|p2a: Suicune|Pressure
|move|p1a: Cloyster|Icicle Spear|p2a: Suicune
|-resisted|p2a: Suicune
|-damage|p2a: Suicune|388\/401
|-resisted|p2a: Suicune
|-damage|p2a: Suicune|375\/401
|-resisted|p2a: Suicune
|-damage|p2a: Suicune|363\/401
|-resisted|p2a: Suicune
|-damage|p2a: Suicune|351\/401
|-resisted|p2a: Suicune
|-damage|p2a: Suicune|338\/401
|-hitcount|p2a: Suicune|5
|
|-heal|p2a: Suicune|363\/401|[from] item: Leftovers
|turn|15
|
|switch|p1a: Roserade|Roserade, M|324\/324
|move|p2a: Suicune|Scald|p1a: Roserade
|-resisted|p1a: Roserade
|-damage|p1a: Roserade|294\/324
|-status|p1a: Roserade|brn
|
|-heal|p2a: Suicune|388\/401|[from] item: Leftovers
|-heal|p1a: Roserade|314\/324 brn|[from] item: Black Sludge
|-damage|p1a: Roserade|274\/324 brn|[from] brn
|turn|16
|
|switch|p2a: Chandelure|Chandelure, F|285\/285
|move|p1a: Roserade|Spikes|p2a: Chandelure
|-sidestart|p2: ANGER MANAGEMENT|Spikes
|
|-heal|p1a: Roserade|294\/324 brn|[from] item: Black Sludge
|-damage|p1a: Roserade|254\/324 brn|[from] brn
|turn|17
|
|switch|p1a: Milotic|Milotic, F|394\/394
|move|p2a: Chandelure|Calm Mind|p2a: Chandelure
|-boost|p2a: Chandelure|spa|1
|-boost|p2a: Chandelure|spd|1
|
|turn|18
|
|move|p2a: Chandelure|Shadow Ball|p1a: Milotic
|-damage|p1a: Milotic|213\/394
|move|p1a: Milotic|Scald|p2a: Chandelure
|-supereffective|p2a: Chandelure
|-damage|p2a: Chandelure|91\/285
|
|-heal|p2a: Chandelure|108\/285|[from] item: Leftovers
|-heal|p1a: Milotic|237\/394|[from] item: Leftovers
|turn|19
|
|switch|p2a: Florges|Florges, F|360\/360
|-damage|p2a: Florges|315\/360|[from] Spikes
|move|p1a: Milotic|Recover|p1a: Milotic
|-heal|p1a: Milotic|394\/394
|
|-heal|p2a: Florges|337\/360|[from] item: Leftovers
|turn|20
|
|switch|p1a: Aggron|Aggron, M|344\/344
|move|p2a: Florges|Wish|p2a: Florges
|
|-heal|p2a: Florges|359\/360|[from] item: Leftovers
|turn|21
|join|kapiraven
|leave|kapiraven
|
|switch|p2a: Swampert|Swampert, M|401\/401
|-damage|p2a: Swampert|351\/401|[from] Spikes
|detailschange|p1a: Aggron|Aggron-Mega, M
|message|Aggron has Mega Evolved into Mega Aggron!
|move|p1a: Aggron|Heavy Slam|p2a: Swampert
|-resisted|p2a: Swampert
|-damage|p2a: Swampert|270\/401
|
|-heal|p2a: Swampert|401\/401|[from] move: Wish|[wisher] Florges
|turn|22
|
|move|p2a: Swampert|Earthquake|p1a: Aggron
|-supereffective|p1a: Aggron
|-damage|p1a: Aggron|245\/344
|move|p1a: Aggron|Stealth Rock|p2a: Swampert
|-sidestart|p2: ANGER MANAGEMENT|move: Stealth Rock
|
|turn|23
|
|switch|p1a: Roserade|Roserade, M|254\/324
|move|p2a: Swampert|Scald|p1a: Roserade
|-resisted|p1a: Roserade
|-damage|p1a: Roserade|224\/324
|
|-heal|p1a: Roserade|244\/324|[from] item: Black Sludge
|turn|24
|
|switch|p2a: Flygon|Flygon, F|301\/301
|-damage|p2a: Flygon|283\/301|[from] Stealth Rock
|move|p1a: Roserade|Giga Drain|p2a: Flygon
|-damage|p2a: Flygon|165\/301
|-heal|p1a: Roserade|303\/324|[from] drain|[of] p2a: Flygon
|
|-heal|p1a: Roserade|323\/324|[from] item: Black Sludge
|turn|25
|
|move|p2a: Flygon|Defog|p1a: Roserade
|-unboost|p1a: Roserade|evasion|1
|-sideend|p2: ANGER MANAGEMENT|Spikes|[from] move: Defog|[of] p2a: Flygon
|-sideend|p2: ANGER MANAGEMENT|Stealth Rock|[from] move: Defog|[of] p2a: Flygon
|move|p1a: Roserade|Giga Drain|p2a: Flygon
|-damage|p2a: Flygon|32\/301
|-heal|p1a: Roserade|324\/324|[from] drain|[of] p2a: Flygon
|
|turn|26
|
|switch|p2a: Chandelure|Chandelure, F|108\/285
|move|p1a: Roserade|Spikes|p2a: Chandelure
|-sidestart|p2: ANGER MANAGEMENT|Spikes
|
|-heal|p2a: Chandelure|125\/285|[from] item: Leftovers
|turn|27
|
|switch|p1a: Milotic|Milotic, F|394\/394
|move|p2a: Chandelure|Shadow Ball|p1a: Milotic
|-damage|p1a: Milotic|271\/394
|-unboost|p1a: Milotic|spd|1
|-boost|p1a: Milotic|spa|2|[from] ability: Competitive
|
|-heal|p2a: Chandelure|142\/285|[from] item: Leftovers
|-heal|p1a: Milotic|295\/394|[from] item: Leftovers
|turn|28
|
|move|p2a: Chandelure|Shadow Ball|p1a: Milotic
|-damage|p1a: Milotic|124\/394
|move|p1a: Milotic|Scald|p2a: Chandelure
|-supereffective|p2a: Chandelure
|-damage|p2a: Chandelure|0 fnt
|faint|p2a: Chandelure
|
|-heal|p1a: Milotic|148\/394|[from] item: Leftovers
|
|switch|p2a: Florges|Florges, F|359\/360
|-damage|p2a: Florges|314\/360|[from] Spikes
|turn|29
|
|move|p1a: Milotic|Recover|p1a: Milotic
|-heal|p1a: Milotic|345\/394
|move|p2a: Florges|Moonblast|p1a: Milotic
|-damage|p1a: Milotic|179\/394
|-unboost|p1a: Milotic|spa|1
|-boost|p1a: Milotic|spa|2|[from] ability: Competitive
|
|-heal|p1a: Milotic|203\/394|[from] item: Leftovers
|-heal|p2a: Florges|336\/360|[from] item: Leftovers
|turn|30
|
|move|p1a: Milotic|Recover|p1a: Milotic
|-heal|p1a: Milotic|394\/394
|move|p2a: Florges|Moonblast|p1a: Milotic
|-damage|p1a: Milotic|246\/394
|
|-heal|p1a: Milotic|270\/394|[from] item: Leftovers
|-heal|p2a: Florges|358\/360|[from] item: Leftovers
|turn|31
|
|move|p1a: Milotic|Scald|p2a: Florges
|-damage|p2a: Florges|153\/360
|-status|p2a: Florges|brn
|move|p2a: Florges|Moonblast|p1a: Milotic
|-damage|p1a: Milotic|111\/394
|
|-heal|p1a: Milotic|135\/394|[from] item: Leftovers
|-heal|p2a: Florges|175\/360 brn|[from] item: Leftovers
|-damage|p2a: Florges|130\/360 brn|[from] brn
|turn|32
|
|move|p1a: Milotic|Recover|p1a: Milotic
|-heal|p1a: Milotic|332\/394
|move|p2a: Florges|Wish|p2a: Florges
|
|-heal|p1a: Milotic|356\/394|[from] item: Leftovers
|-heal|p2a: Florges|152\/360 brn|[from] item: Leftovers
|-damage|p2a: Florges|107\/360 brn|[from] brn
|turn|33
|
|switch|p2a: Suicune|Suicune|388\/401
|-damage|p2a: Suicune|338\/401|[from] Spikes
|-ability|p2a: Suicune|Pressure
|move|p1a: Milotic|Scald|p2a: Suicune
|-resisted|p2a: Suicune
|-damage|p2a: Suicune|212\/401
|-status|p2a: Suicune|brn
|
|-heal|p2a: Suicune|392\/401 brn|[from] move: Wish|[wisher] Florges
|-heal|p2a: Suicune|401\/401 brn|[from] item: Leftovers
|-heal|p1a: Milotic|380\/394|[from] item: Leftovers
|-damage|p2a: Suicune|351\/401 brn|[from] brn
|turn|34
|join|ah yueah
|chat|ah yueah|dayum thats competitive milotic
|
|move|p2a: Suicune|Scald|p1a: Milotic
|-resisted|p1a: Milotic
|-damage|p1a: Milotic|326\/394
|-status|p1a: Milotic|brn
|move|p1a: Milotic|Hidden Power|p2a: Suicune
|-supereffective|p2a: Suicune
|-damage|p2a: Suicune|91\/401 brn
|
|-heal|p2a: Suicune|116\/401 brn|[from] item: Leftovers
|-heal|p1a: Milotic|350\/394 brn|[from] item: Leftovers
|-damage|p2a: Suicune|66\/401 brn|[from] brn
|-damage|p1a: Milotic|301\/394 brn|[from] brn
|turn|35
|
|move|p2a: Suicune|Rest|p2a: Suicune
|-status|p2a: Suicune|slp
|-heal|p2a: Suicune|401\/401 slp|[silent]
|-status|p2a: Suicune|slp|[from] move: Rest
|move|p1a: Milotic|Recover|p1a: Milotic
|-heal|p1a: Milotic|394\/394 brn
|
|-damage|p1a: Milotic|345\/394 brn|[from] brn
|turn|36
|
|cant|p2a: Suicune|slp
|move|p1a: Milotic|Hidden Power|p2a: Suicune
|-crit|p2a: Suicune
|-supereffective|p2a: Suicune
|-damage|p2a: Suicune|0 fnt
|faint|p2a: Suicune
|
|-heal|p1a: Milotic|369\/394 brn|[from] item: Leftovers
|-damage|p1a: Milotic|320\/394 brn|[from] brn
|
|switch|p2a: Flygon|Flygon, F|32\/301
|turn|37
|
|move|p2a: Flygon|U-turn|p1a: Milotic
|-damage|p1a: Milotic|247\/394 brn
|
|switch|p2a: Scrafty|Scrafty, F|90\/334
|-damage|p2a: Scrafty|49\/334|[from] Spikes
|move|p1a: Milotic|Scald|p2a: Scrafty
|-damage|p2a: Scrafty|0 fnt
|faint|p2a: Scrafty
|
|-heal|p1a: Milotic|271\/394 brn|[from] item: Leftovers
|-damage|p1a: Milotic|222\/394 brn|[from] brn
|
|switch|p2a: Flygon|Flygon, F|32\/301
|turn|38
|
|move|p2a: Flygon|Outrage|p1a: Milotic
|-damage|p1a: Milotic|11\/394 brn
|move|p1a: Milotic|Scald|p2a: Flygon
|-damage|p2a: Flygon|0 fnt
|faint|p2a: Flygon
|
|-heal|p1a: Milotic|35\/394 brn|[from] item: Leftovers
|-damage|p1a: Milotic|0 fnt|[from] brn
|faint|p1a: Milotic
|-message|ANGER MANAGEMENT forfeited.
|
|win|Stab of winter
|raw|Ladder updating...
|leave|ANGER MANAGEMENT
|player|p2
|raw|Stab of winter's rating: 1740 &rarr; <strong>1757<\/strong><br \/>(+17 for winning)
|raw|ANGER MANAGEMENT's rating: 1698 &rarr; <strong>1680<\/strong><br \/>(-18 for losing)
|leave|ah yueah