|join|Fat Lenny
|join|ANGER MANAGEMENT
|player|p1|Fat Lenny|224
|player|p2|ANGER MANAGEMENT|123
|gametype|singles
|gen|6
|tier|UU
|rated
|rule|Sleep Clause Mod: Limit one foe put to sleep
|rule|Species Clause: Limit one of each PokÃ©mon
|rule|OHKO Clause: OHKO moves are banned
|rule|Moody Clause: Moody is banned
|rule|Evasion Moves Clause: Evasion moves are banned
|rule|Endless Battle Clause: Forcing endless battles is banned
|rule|HP Percentage Mod: HP is shown in percentages
|clearpoke
|poke|p1|Haxorus, M
|poke|p1|Hydreigon, M
|poke|p1|Nidoqueen, F
|poke|p1|Lucario, F
|poke|p1|Aerodactyl, M
|poke|p1|Victini
|poke|p2|Florges, F
|poke|p2|Flygon, M
|poke|p2|Suicune
|poke|p2|Escavalier, F
|poke|p2|Swampert, M
|poke|p2|Raikou
|rule|Swagger Clause: Swagger is banned
|rule|Baton Pass Clause: Limit one PokÃ©mon knowing Baton Pass
|teampreview
|c|âFat Lenny|yo 
|c|âANGER MANAGEMENT|hi
|join|Zinroi
|
|start
|switch|p1a: Aerodactyl|Aerodactyl, M|321\/321
|switch|p2a: Suicune|Suicune|401\/401
|-ability|p2a: Suicune|Pressure
|turn|1
|leave|Zinroi
|
|switch|p1a: Haxorus|Haxorus, M|293\/293
|-ability|p1a: Haxorus|Mold Breaker
|move|p2a: Suicune|Scald|p1a: Haxorus
|-resisted|p1a: Haxorus
|-damage|p1a: Haxorus|232\/293
|-status|p1a: Haxorus|brn
|-enditem|p1a: Haxorus|Lum Berry|[eat]
|-curestatus|p1a: Haxorus|brn
|
|turn|2
|
|switch|p2a: Escavalier|Escavalier, F|341\/341
|move|p1a: Haxorus|Swords Dance|p1a: Haxorus
|-boost|p1a: Haxorus|atk|2
|
|turn|3
|
|move|p1a: Haxorus|Earthquake|p2a: Escavalier
|-damage|p2a: Escavalier|77\/341
|move|p2a: Escavalier|Megahorn|p1a: Haxorus|[miss]
|-miss|p2a: Escavalier|p1a: Haxorus
|
|-heal|p2a: Escavalier|98\/341|[from] item: Leftovers
|turn|4
|
|move|p1a: Haxorus|Earthquake|p2a: Escavalier
|-damage|p2a: Escavalier|0 fnt
|faint|p2a: Escavalier
|
|c|âFat Lenny|sry
|
|switch|p2a: Florges|Florges, F|360\/360
|turn|5
|
|move|p1a: Haxorus|Earthquake|p2a: Florges
|-damage|p2a: Florges|80\/360
|move|p2a: Florges|Moonblast|p1a: Haxorus
|-supereffective|p1a: Haxorus
|-damage|p1a: Haxorus|0 fnt
|faint|p1a: Haxorus
|
|-heal|p2a: Florges|102\/360|[from] item: Leftovers
|
|switch|p1a: Nidoqueen|Nidoqueen, F|366\/366
|turn|6
|
|move|p1a: Nidoqueen|Stealth Rock|p2a: Florges
|-sidestart|p2: ANGER MANAGEMENT|move: Stealth Rock
|move|p2a: Florges|Wish|p2a: Florges
|
|-heal|p2a: Florges|124\/360|[from] item: Leftovers
|turn|7
|
|switch|p2a: Swampert|Swampert, M|401\/401
|-damage|p2a: Swampert|376\/401|[from] Stealth Rock
|move|p1a: Nidoqueen|Sludge Wave|p2a: Swampert
|-resisted|p2a: Swampert
|-damage|p2a: Swampert|264\/401
|
|-heal|p2a: Swampert|401\/401|[from] move: Wish|[wisher] Florges
|turn|8
|
|move|p1a: Nidoqueen|Earth Power|p2a: Swampert
|-damage|p2a: Swampert|163\/401
|move|p2a: Swampert|Stealth Rock|p1a: Nidoqueen
|-sidestart|p1: Fat Lenny|move: Stealth Rock
|
|-heal|p2a: Swampert|188\/401|[from] item: Leftovers
|turn|9
|join|sniperaim
|
|switch|p2a: Florges|Florges, F|124\/360
|-damage|p2a: Florges|79\/360|[from] Stealth Rock
|move|p1a: Nidoqueen|Ice Beam|p2a: Florges
|-damage|p2a: Florges|0 fnt
|faint|p2a: Florges
|
|
|switch|p2a: Suicune|Suicune|401\/401
|-damage|p2a: Suicune|351\/401|[from] Stealth Rock
|-ability|p2a: Suicune|Pressure
|turn|10
|
|move|p2a: Suicune|Calm Mind|p2a: Suicune
|-boost|p2a: Suicune|spa|1
|-boost|p2a: Suicune|spd|1
|move|p1a: Nidoqueen|Sludge Wave|p2a: Suicune
|-damage|p2a: Suicune|213\/401
|
|-heal|p2a: Suicune|238\/401|[from] item: Leftovers
|turn|11
|
|move|p2a: Suicune|Scald|p1a: Nidoqueen
|-supereffective|p1a: Nidoqueen
|-damage|p1a: Nidoqueen|70\/366
|move|p1a: Nidoqueen|Sludge Wave|p2a: Suicune
|-damage|p2a: Suicune|117\/401
|
|-heal|p2a: Suicune|142\/401|[from] item: Leftovers
|turn|12
|
|move|p2a: Suicune|Calm Mind|p2a: Suicune
|-boost|p2a: Suicune|spa|1
|-boost|p2a: Suicune|spd|1
|move|p1a: Nidoqueen|Sludge Wave|p2a: Suicune
|-damage|p2a: Suicune|41\/401
|
|-heal|p2a: Suicune|66\/401|[from] item: Leftovers
|turn|13
|
|move|p2a: Suicune|Rest|p2a: Suicune
|-status|p2a: Suicune|slp
|-heal|p2a: Suicune|401\/401 slp|[silent]
|-status|p2a: Suicune|slp|[from] move: Rest
|move|p1a: Nidoqueen|Sludge Wave|p2a: Suicune
|-damage|p2a: Suicune|296\/401 slp
|
|-heal|p2a: Suicune|321\/401 slp|[from] item: Leftovers
|turn|14
|
|cant|p2a: Suicune|slp
|move|p2a: Suicune|Sleep Talk|p2a: Suicune
|move|p2a: Suicune|Rest|p2a: Suicune|[from]Sleep Talk
|-fail|p2a: Suicune
|move|p1a: Nidoqueen|Sludge Wave|p2a: Suicune
|-damage|p2a: Suicune|224\/401 slp
|
|-heal|p2a: Suicune|249\/401 slp|[from] item: Leftovers
|turn|15
|
|cant|p2a: Suicune|slp
|move|p2a: Suicune|Sleep Talk|p2a: Suicune
|move|p2a: Suicune|Rest|p2a: Suicune|[from]Sleep Talk
|-fail|p2a: Suicune
|move|p1a: Nidoqueen|Sludge Wave|p2a: Suicune
|-damage|p2a: Suicune|150\/401 slp
|
|-heal|p2a: Suicune|175\/401 slp|[from] item: Leftovers
|turn|16
|join|Dudeman130498
|
|-curestatus|p2a: Suicune|slp
|move|p2a: Suicune|Scald|p1a: Nidoqueen
|-supereffective|p1a: Nidoqueen
|-damage|p1a: Nidoqueen|0 fnt
|faint|p1a: Nidoqueen
|
|-heal|p2a: Suicune|200\/401|[from] item: Leftovers
|
|switch|p1a: Victini|Victini|341\/341
|-damage|p1a: Victini|256\/341|[from] Stealth Rock
|turn|17
|
|switch|p2a: Flygon|Flygon, M|301\/301
|-damage|p2a: Flygon|283\/301|[from] Stealth Rock
|move|p1a: Victini|Bolt Strike|p2a: Flygon
|-immune|p2a: Flygon|[msg]
|
|turn|18
|
|switch|p1a: Aerodactyl|Aerodactyl, M|321\/321
|-damage|p1a: Aerodactyl|241\/321|[from] Stealth Rock
|move|p2a: Flygon|U-turn|p1a: Aerodactyl
|-resisted|p1a: Aerodactyl
|-damage|p1a: Aerodactyl|196\/321
|
|switch|p2a: Swampert|Swampert, M|188\/401
|-damage|p2a: Swampert|163\/401|[from] Stealth Rock
|
|-heal|p2a: Swampert|188\/401|[from] item: Leftovers
|turn|19
|
|detailschange|p1a: Aerodactyl|Aerodactyl-Mega, M
|message|Aerodactyl has Mega Evolved into Mega Aerodactyl!
|move|p1a: Aerodactyl|Aqua Tail|p2a: Swampert
|-damage|p2a: Swampert|60\/401
|move|p2a: Swampert|Scald|p1a: Aerodactyl
|-supereffective|p1a: Aerodactyl
|-damage|p1a: Aerodactyl|0 fnt
|faint|p1a: Aerodactyl
|
|-heal|p2a: Swampert|85\/401|[from] item: Leftovers
|
|switch|p1a: Hydreigon|Hydreigon, M|325\/325
|-damage|p1a: Hydreigon|285\/325|[from] Stealth Rock
|turn|20
|
|move|p1a: Hydreigon|Dark Pulse|p2a: Swampert
|-damage|p2a: Swampert|0 fnt
|faint|p2a: Swampert
|
|
|switch|p2a: Raikou|Raikou|364\/364
|-damage|p2a: Raikou|319\/364|[from] Stealth Rock
|-ability|p2a: Raikou|Pressure
|turn|21
|
|move|p1a: Hydreigon|Dark Pulse|p2a: Raikou
|-damage|p2a: Raikou|175\/364
|move|p2a: Raikou|Calm Mind|p2a: Raikou
|-boost|p2a: Raikou|spa|1
|-boost|p2a: Raikou|spd|1
|
|turn|22
|
|move|p1a: Hydreigon|Dark Pulse|p2a: Raikou
|-damage|p2a: Raikou|75\/364
|move|p2a: Raikou|Rest|p2a: Raikou
|-status|p2a: Raikou|slp
|-heal|p2a: Raikou|364\/364 slp|[silent]
|-status|p2a: Raikou|slp|[from] move: Rest
|-enditem|p2a: Raikou|Chesto Berry|[eat]
|-curestatus|p2a: Raikou|slp
|
|turn|23
|
|move|p1a: Hydreigon|Dark Pulse|p2a: Raikou
|-damage|p2a: Raikou|265\/364
|move|p2a: Raikou|Hidden Power|p1a: Hydreigon
|-supereffective|p1a: Hydreigon
|-damage|p1a: Hydreigon|75\/325
|
|turn|24
|
|move|p1a: Hydreigon|Dark Pulse|p2a: Raikou
|-damage|p2a: Raikou|172\/364
|move|p2a: Raikou|Thunderbolt|p1a: Hydreigon
|-resisted|p1a: Hydreigon
|-damage|p1a: Hydreigon|0 fnt
|faint|p1a: Hydreigon
|
|c|âFat Lenny|gg wp
|c|âANGER MANAGEMENT|gg
|
|switch|p1a: Victini|Victini|256\/341
|-damage|p1a: Victini|171\/341|[from] Stealth Rock
|turn|25
|
|move|p2a: Raikou|Thunderbolt|p1a: Victini
|-damage|p1a: Victini|0 fnt
|faint|p1a: Victini
|
|
|switch|p1a: Lucario|Lucario, F|281\/281
|-damage|p1a: Lucario|273\/281|[from] Stealth Rock
|turn|26
|
|move|p2a: Raikou|Thunderbolt|p1a: Lucario
|-damage|p1a: Lucario|0 fnt
|faint|p1a: Lucario
|
|win|ANGER MANAGEMENT
|raw|Ladder updating...
|raw|Fat Lenny's rating: 1671 &rarr; <strong>1652<\/strong><br \/>(-19 for losing)
|raw|ANGER MANAGEMENT's rating: 1688 &rarr; <strong>1707<\/strong><br \/>(+19 for winning)
|leave|ANGER MANAGEMENT
|player|p2
|leave|sniperaim
|leave|Fat Lenny
|player|p1
|leave|Dudeman130498
|join|No Harness