|join|ANGER MANAGEMENT
|join|Sinistra
|player|p1|ANGER MANAGEMENT|123
|player|p2|Sinistra|292
|gametype|singles
|gen|6
|tier|UU
|rated
|rule|Sleep Clause Mod: Limit one foe put to sleep
|rule|Species Clause: Limit one of each PokÃ©mon
|rule|OHKO Clause: OHKO moves are banned
|rule|Moody Clause: Moody is banned
|rule|Evasion Moves Clause: Evasion moves are banned
|rule|Endless Battle Clause: Forcing endless battles is banned
|rule|HP Percentage Mod: HP is shown in percentages
|clearpoke
|poke|p1|Haxorus, M
|poke|p1|Lucario, F
|poke|p1|Nidoqueen, F
|poke|p1|Tornadus, M, shiny
|poke|p1|Azelf, shiny
|poke|p1|Absol, M
|poke|p2|Entei, shiny
|poke|p2|Hydreigon, F
|poke|p2|Virizion
|poke|p2|Braviary, M
|poke|p2|Tentacruel, F
|poke|p2|Mightyena, M
|rule|Swagger Clause: Swagger is banned
|rule|Baton Pass Clause: Limit one PokÃ©mon knowing Baton Pass
|teampreview
|
|start
|switch|p1a: Dudeman130498|Azelf, shiny|291\/291
|switch|p2a: House Arryn|Braviary, M|404\/404
|turn|1
|
|move|p1a: Dudeman130498|Stealth Rock|p2a: House Arryn
|-sidestart|p2: Sinistra|move: Stealth Rock
|move|p2a: House Arryn|U-turn|p1a: Dudeman130498
|-supereffective|p1a: Dudeman130498
|-enditem|p1a: Dudeman130498|Focus Sash
|-damage|p1a: Dudeman130498|1\/291
|join|uberpie
|join|Dutch Luck
|
|switch|p2a: House Targaryen|Hydreigon, F|325\/325
|-damage|p2a: House Targaryen|285\/325|[from] Stealth Rock
|
|turn|2
|
|move|p2a: House Targaryen|Dark Pulse|p1a: Dudeman130498
|-crit|p1a: Dudeman130498
|-supereffective|p1a: Dudeman130498
|-damage|p1a: Dudeman130498|0 fnt
|faint|p1a: Dudeman130498
|
|join|Dudeman130498
|
|switch|p1a: ANGER MANAGEMENT|Tornadus, M, shiny|299\/299
|turn|3
|join|u shud gitgud
|c|âSinistra|you just got koed dudeman
|c| Dudeman130498|o
|c|âSinistra|and why are so many people joining
|
|move|p2a: House Targaryen|Dark Pulse|p1a: ANGER MANAGEMENT
|-crit|p1a: ANGER MANAGEMENT
|-damage|p1a: ANGER MANAGEMENT|67\/299
|move|p1a: ANGER MANAGEMENT|Knock Off|p2a: House Targaryen
|-resisted|p2a: House Targaryen
|-damage|p2a: House Targaryen|222\/325
|-enditem|p2a: House Targaryen|Choice Scarf|[from] move: Knock Off|[of] p1a: ANGER MANAGEMENT
|
|turn|4
|
|switch|p2a: House Greyjoy|Tentacruel, F|363\/363
|-damage|p2a: House Greyjoy|318\/363|[from] Stealth Rock
|move|p1a: ANGER MANAGEMENT|Acrobatics|p2a: House Greyjoy
|-damage|p2a: House Greyjoy|135\/363
|
|-heal|p2a: House Greyjoy|157\/363|[from] item: Black Sludge
|turn|5
|c| uberpie|we want to see dumbplays
|
|move|p1a: ANGER MANAGEMENT|Acrobatics|p2a: House Greyjoy
|-damage|p2a: House Greyjoy|0 fnt
|faint|p2a: House Greyjoy
|
|
|switch|p2a: House Lannister|Entei, shiny|434\/434
|-damage|p2a: House Lannister|326\/434|[from] Stealth Rock
|-ability|p2a: House Lannister|Pressure
|turn|6
|
|switch|p1a: King UU|Nidoqueen, F|351\/351
|move|p2a: House Lannister|Extreme Speed|p1a: King UU
|-damage|p1a: King UU|239\/351
|
|-heal|p2a: House Lannister|353\/434|[from] item: Leftovers
|turn|7
|
|move|p2a: House Lannister|Sacred Fire|p1a: King UU
|-crit|p1a: King UU
|-damage|p1a: King UU|0 fnt
|faint|p1a: King UU
|
|-heal|p2a: House Lannister|380\/434|[from] item: Leftovers
|c| Dudeman130498|epilk
|
|switch|p1a: xMarth|Haxorus, M|307\/307
|-ability|p1a: xMarth|Mold Breaker
|turn|8
|
|move|p1a: xMarth|Dragon Dance|p1a: xMarth
|-boost|p1a: xMarth|atk|1
|-boost|p1a: xMarth|spe|1
|move|p2a: House Lannister|Will-O-Wisp|p1a: xMarth
|-status|p1a: xMarth|brn
|-enditem|p1a: xMarth|Lum Berry|[eat]
|-curestatus|p1a: xMarth|brn
|
|-heal|p2a: House Lannister|407\/434|[from] item: Leftovers
|turn|9
|
|switch|p2a: House Stark|Mightyena, M|344\/344
|-damage|p2a: House Stark|301\/344|[from] Stealth Rock
|-ability|p2a: House Stark|Intimidate|[of] p1a: xMarth
|-unboost|p1a: xMarth|atk|1
|move|p1a: xMarth|Earthquake|p2a: House Stark
|-damage|p2a: House Stark|177\/344
|
|-heal|p2a: House Stark|198\/344|[from] item: Leftovers
|turn|10
|c| Dudeman130498|strong play rough
|c| Dudeman130498|inc
|
|switch|p1a: ahyueah|Lucario, F|289\/289
|move|p2a: House Stark|Super Fang|p1a: ahyueah
|-damage|p1a: ahyueah|145\/289
|
|-heal|p2a: House Stark|219\/344|[from] item: Leftovers
|turn|11
|c| uberpie|interesting
|
|switch|p2a: House Arryn|Braviary, M|404\/404
|-damage|p2a: House Arryn|303\/404|[from] Stealth Rock
|move|p1a: ahyueah|Aura Sphere|p2a: House Arryn
|-damage|p2a: House Arryn|85\/404
|-damage|p1a: ahyueah|117\/289|[from] item: Life Orb
|
|turn|12
|
|move|p1a: ahyueah|Vacuum Wave|p2a: House Arryn
|-damage|p2a: House Arryn|0 fnt
|-damage|p1a: ahyueah|89\/289|[from] item: Life Orb
|faint|p2a: House Arryn
|
|
|switch|p2a: House Baratheon|Virizion|324\/324
|-damage|p2a: House Baratheon|304\/324|[from] Stealth Rock
|turn|13
|
|move|p2a: House Baratheon|Close Combat|p1a: ahyueah
|-supereffective|p1a: ahyueah
|-damage|p1a: ahyueah|0 fnt
|-unboost|p2a: House Baratheon|def|1
|-unboost|p2a: House Baratheon|spd|1
|faint|p1a: ahyueah
|
|
|switch|p1a: ANGER MANAGEMENT|Tornadus, M, shiny|67\/299
|turn|14
|
|move|p2a: House Baratheon|Close Combat|p1a: ANGER MANAGEMENT
|-resisted|p1a: ANGER MANAGEMENT
|-damage|p1a: ANGER MANAGEMENT|0 fnt
|-unboost|p2a: House Baratheon|def|1
|-unboost|p2a: House Baratheon|spd|1
|faint|p1a: ANGER MANAGEMENT
|
|join|Tipsy Russian
|c| Dudeman130498|mfw
|
|switch|p1a: xMarth|Haxorus, M|307\/307
|-ability|p1a: xMarth|Mold Breaker
|turn|15
|c|âANGER MANAGEMENT|my bad
|c| Dudeman130498|is that scarfed
|c| Dudeman130498|tf
|c|âSinistra|ya
|c|âANGER MANAGEMENT|it is
|
|move|p2a: House Baratheon|Close Combat|p1a: xMarth
|-damage|p1a: xMarth|127\/307
|-unboost|p2a: House Baratheon|def|1
|-unboost|p2a: House Baratheon|spd|1
|move|p1a: xMarth|Outrage|p2a: House Baratheon
|-damage|p2a: House Baratheon|0 fnt
|faint|p2a: House Baratheon
|
|
|switch|p2a: House Stark|Mightyena, M|219\/344
|-damage|p2a: House Stark|176\/344|[from] Stealth Rock
|-ability|p2a: House Stark|Intimidate|[of] p1a: xMarth
|-unboost|p1a: xMarth|atk|1
|turn|16
|
|move|p1a: xMarth|Outrage|p2a: House Stark
|-damage|p2a: House Stark|32\/344
|move|p2a: House Stark|Counter|p1a: xMarth
|-damage|p1a: xMarth|0 fnt
|faint|p1a: xMarth
|
|-heal|p2a: House Stark|53\/344|[from] item: Leftovers
|c| u shud gitgud|bulky
|c|âSinistra|too many >90 scarfed mons
|c| u shud gitgud|af
|
|switch|p1a: Kitten Milk|Absol, M|281\/281
|turn|17
|c| Dudeman130498|no fear
|c| u shud gitgud|is that actually
|c| u shud gitgud|70\/70
|
|detailschange|p1a: Kitten Milk|Absol-Mega, M
|message|Absol has Mega Evolved into Mega Absol!
|move|p1a: Kitten Milk|Swords Dance|p1a: Kitten Milk
|-boost|p1a: Kitten Milk|atk|2
|move|p2a: House Stark|Super Fang|p1a: Kitten Milk
|-damage|p1a: Kitten Milk|141\/281
|
|-heal|p2a: House Stark|74\/344|[from] item: Leftovers
|turn|18
|c| u shud gitgud|???
|c| Dudeman130498|reveal the wish
|
|move|p1a: Kitten Milk|Sucker Punch|p2a: House Stark
|-resisted|p2a: House Stark
|-damage|p2a: House Stark|0 fnt
|faint|p2a: House Stark
|
|
|switch|p2a: House Lannister|Entei, shiny|407\/434
|-damage|p2a: House Lannister|299\/434|[from] Stealth Rock
|-ability|p2a: House Lannister|Pressure
|turn|19
|
|move|p2a: House Lannister|Extreme Speed|p1a: Kitten Milk
|-damage|p1a: Kitten Milk|0 fnt
|faint|p1a: Kitten Milk
|
|win|Sinistra
|raw|Ladder updating...
|raw|ANGER MANAGEMENT's rating: 1619 &rarr; <strong>1590<\/strong><br \/>(-29 for losing)
|raw|Sinistra's rating: 1443 &rarr; <strong>1473<\/strong><br \/>(+30 for winning)
|leave|ANGER MANAGEMENT
|player|p1
|leave|Tipsy Russian
|leave|Dudeman130498
|leave|Dutch Luck
|leave|u shud gitgud