|join|ANGER MANAGEMENT
|join|jigglenette
|player|p1|ANGER MANAGEMENT|123
|player|p2|jigglenette|21
|gametype|singles
|gen|6
|tier|UU
|rated
|rule|Sleep Clause Mod: Limit one foe put to sleep
|rule|Species Clause: Limit one of each PokÃ©mon
|rule|OHKO Clause: OHKO moves are banned
|rule|Moody Clause: Moody is banned
|rule|Evasion Moves Clause: Evasion moves are banned
|rule|Endless Battle Clause: Forcing endless battles is banned
|rule|HP Percentage Mod: HP is shown in percentages
|clearpoke
|poke|p1|Haxorus, M
|poke|p1|Lucario, M
|poke|p1|Nidoqueen, F
|poke|p1|Tornadus, M, shiny
|poke|p1|Azelf, shiny
|poke|p1|Absol, M
|poke|p2|Banette, F
|poke|p2|Lucario, F
|poke|p2|Gligar, F
|poke|p2|Virizion
|poke|p2|Blissey, F
|poke|p2|Meloetta
|rule|Swagger Clause: Swagger is banned
|rule|Baton Pass Clause: Limit one PokÃ©mon knowing Baton Pass
|teampreview
|
|start
|switch|p1a: Dudeman130498|Azelf, shiny|291\/291
|switch|p2a: Banette|Banette, F|271\/271
|-item|p1a: Dudeman130498|Focus Sash|[from] ability: Frisk|[of] p2a: Banette|[identify]
|turn|1
|
|detailschange|p2a: Banette|Banette-Mega, F
|message|Banette has Mega Evolved into Mega Banette!
|move|p2a: Banette|Shadow Sneak|p1a: Dudeman130498
|-supereffective|p1a: Dudeman130498
|-damage|p1a: Dudeman130498|31\/291
|move|p1a: Dudeman130498|Stealth Rock|p2a: Banette
|-sidestart|p2: jigglenette|move: Stealth Rock
|
|turn|2
|
|move|p2a: Banette|Shadow Sneak|p1a: Dudeman130498
|-supereffective|p1a: Dudeman130498
|-damage|p1a: Dudeman130498|0 fnt
|faint|p1a: Dudeman130498
|
|
|switch|p1a: Kitten Milk|Absol, M|281\/281
|turn|3
|
|detailschange|p1a: Kitten Milk|Absol-Mega, M
|message|Absol has Mega Evolved into Mega Absol!
|move|p2a: Banette|Substitute|p2a: Banette
|-start|p2a: Banette|Substitute
|-damage|p2a: Banette|204\/271
|move|p1a: Kitten Milk|Swords Dance|p1a: Kitten Milk
|-boost|p1a: Kitten Milk|atk|2
|
|turn|4
|
|move|p1a: Kitten Milk|Knock Off|p2a: Banette
|-supereffective|p2a: Banette
|-end|p2a: Banette|Substitute
|move|p2a: Banette|Gunk Shot|p1a: Kitten Milk
|-damage|p1a: Kitten Milk|12\/281
|
|turn|5
|
|move|p1a: Kitten Milk|Sucker Punch|p2a: Banette
|-fail|p2a: Banette
|move|p2a: Banette|Substitute|p2a: Banette
|-start|p2a: Banette|Substitute
|-damage|p2a: Banette|137\/271
|
|turn|6
|
|move|p1a: Kitten Milk|Sucker Punch|p2a: Banette
|-supereffective|p2a: Banette
|-end|p2a: Banette|Substitute
|move|p2a: Banette|Shadow Sneak|p1a: Kitten Milk
|-resisted|p1a: Kitten Milk
|-damage|p1a: Kitten Milk|0 fnt
|faint|p1a: Kitten Milk
|
|
|switch|p1a: King UU|Nidoqueen, F|351\/351
|turn|7
|
|switch|p2a: Blissey|Blissey, F|652\/652
|-damage|p2a: Blissey|571\/652|[from] Stealth Rock
|move|p1a: King UU|Earth Power|p2a: Blissey
|-damage|p2a: Blissey|445\/652
|
|-heal|p2a: Blissey|485\/652|[from] item: Leftovers
|turn|8
|
|move|p1a: King UU|Taunt|p2a: Blissey
|-start|p2a: Blissey|move: Taunt
|move|p2a: Blissey|Seismic Toss|p1a: King UU
|-damage|p1a: King UU|251\/351
|
|-heal|p2a: Blissey|525\/652|[from] item: Leftovers
|turn|9
|
|switch|p2a: Meloetta|Meloetta|404\/404
|-damage|p2a: Meloetta|354\/404|[from] Stealth Rock
|move|p1a: King UU|Sludge Wave|p2a: Meloetta
|-damage|p2a: Meloetta|163\/404
|
|-heal|p2a: Meloetta|188\/404|[from] item: Leftovers
|turn|10
|
|move|p2a: Meloetta|Psyshock|p1a: King UU
|-supereffective|p1a: King UU
|-damage|p1a: King UU|11\/351
|move|p1a: King UU|Sludge Wave|p2a: Meloetta
|-damage|p2a: Meloetta|15\/404
|
|-heal|p2a: Meloetta|40\/404|[from] item: Leftovers
|turn|11
|
|move|p2a: Meloetta|Psyshock|p1a: King UU
|-crit|p1a: King UU
|-supereffective|p1a: King UU
|-damage|p1a: King UU|0 fnt
|faint|p1a: King UU
|
|-heal|p2a: Meloetta|65\/404|[from] item: Leftovers
|
|switch|p1a: ANGER MANAGEMENT|Tornadus, M, shiny|299\/299
|turn|12
|
|move|p1a: ANGER MANAGEMENT|Acrobatics|p2a: Meloetta
|-damage|p2a: Meloetta|0 fnt
|faint|p2a: Meloetta
|
|
|switch|p2a: Gligar|Gligar, F|333\/333
|-damage|p2a: Gligar|292\/333|[from] Stealth Rock
|turn|13
|
|move|p1a: ANGER MANAGEMENT|Taunt|p2a: Gligar
|-start|p2a: Gligar|move: Taunt
|move|p2a: Gligar|U-turn|p1a: ANGER MANAGEMENT
|-resisted|p1a: ANGER MANAGEMENT
|-damage|p1a: ANGER MANAGEMENT|267\/299
|
|switch|p2a: Lucario|Lucario, F|281\/281
|-damage|p2a: Lucario|273\/281|[from] Stealth Rock
|
|turn|14
|
|switch|p2a: Gligar|Gligar, F|292\/333
|-damage|p2a: Gligar|251\/333|[from] Stealth Rock
|move|p1a: ANGER MANAGEMENT|Acrobatics|p2a: Gligar
|-crit|p2a: Gligar
|-damage|p2a: Gligar|124\/333
|
|turn|15
|
|move|p1a: ANGER MANAGEMENT|Taunt|p2a: Gligar
|-start|p2a: Gligar|move: Taunt
|cant|p2a: Gligar|move: Taunt|Roost
|
|turn|16
|
|move|p1a: ANGER MANAGEMENT|Acrobatics|p2a: Gligar
|-damage|p2a: Gligar|36\/333
|move|p2a: Gligar|U-turn|p1a: ANGER MANAGEMENT
|-resisted|p1a: ANGER MANAGEMENT
|-damage|p1a: ANGER MANAGEMENT|239\/299
|
|switch|p2a: Blissey|Blissey, F|525\/652
|-damage|p2a: Blissey|444\/652|[from] Stealth Rock
|
|-heal|p2a: Blissey|484\/652|[from] item: Leftovers
|turn|17
|
|move|p1a: ANGER MANAGEMENT|Knock Off|p2a: Blissey
|-damage|p2a: Blissey|283\/652
|-enditem|p2a: Blissey|Leftovers|[from] move: Knock Off|[of] p1a: ANGER MANAGEMENT
|move|p2a: Blissey|Seismic Toss|p1a: ANGER MANAGEMENT
|-damage|p1a: ANGER MANAGEMENT|139\/299
|
|turn|18
|
|move|p1a: ANGER MANAGEMENT|Taunt|p2a: Blissey
|-start|p2a: Blissey|move: Taunt
|move|p2a: Blissey|Seismic Toss|p1a: ANGER MANAGEMENT
|-damage|p1a: ANGER MANAGEMENT|39\/299
|
|turn|19
|
|move|p1a: ANGER MANAGEMENT|Tailwind|p1a: ANGER MANAGEMENT
|-sidestart|p1: ANGER MANAGEMENT|move: Tailwind
|move|p2a: Blissey|Seismic Toss|p1a: ANGER MANAGEMENT
|-damage|p1a: ANGER MANAGEMENT|0 fnt
|faint|p1a: ANGER MANAGEMENT
|
|
|switch|p1a: xMarth|Haxorus, M|307\/307
|-ability|p1a: xMarth|Mold Breaker
|turn|20
|
|move|p1a: xMarth|Dragon Dance|p1a: xMarth
|-boost|p1a: xMarth|atk|1
|-boost|p1a: xMarth|spe|1
|move|p2a: Blissey|Seismic Toss|p1a: xMarth
|-damage|p1a: xMarth|207\/307
|
|-end|p2a: Blissey|move: Taunt
|turn|21
|
|move|p1a: xMarth|Earthquake|p2a: Blissey
|-damage|p2a: Blissey|0 fnt
|faint|p2a: Blissey
|
|
|switch|p2a: Lucario|Lucario, F|273\/281
|-damage|p2a: Lucario|265\/281|[from] Stealth Rock
|turn|22
|
|move|p2a: Lucario|Extreme Speed|p1a: xMarth
|-damage|p1a: xMarth|86\/307
|-damage|p2a: Lucario|237\/281|[from] item: Life Orb
|move|p1a: xMarth|Earthquake|p2a: Lucario
|-supereffective|p2a: Lucario
|-damage|p2a: Lucario|0 fnt
|faint|p2a: Lucario
|
|-sideend|p1: ANGER MANAGEMENT|move: Tailwind
|
|switch|p2a: Banette|Banette-Mega, F|137\/271
|-damage|p2a: Banette|104\/271|[from] Stealth Rock
|turn|23
|
|move|p2a: Banette|Shadow Sneak|p1a: xMarth
|-damage|p1a: xMarth|0 fnt
|faint|p1a: xMarth
|
|
|switch|p1a: ahyueah|Lucario, M|289\/289
|turn|24
|
|move|p2a: Banette|Shadow Sneak|p1a: ahyueah
|-damage|p1a: ahyueah|156\/289
|move|p1a: ahyueah|Nasty Plot|p1a: ahyueah
|-boost|p1a: ahyueah|spa|2
|
|turn|25
|
|move|p2a: Banette|Shadow Sneak|p1a: ahyueah
|-damage|p1a: ahyueah|23\/289
|move|p1a: ahyueah|Flash Cannon|p2a: Banette
|-damage|p2a: Banette|0 fnt
|-damage|p1a: ahyueah|0 fnt|[from] item: Life Orb
|faint|p2a: Banette
|faint|p1a: ahyueah
|
|win|jigglenette
|raw|Ladder updating...
|raw|ANGER MANAGEMENT's rating: 1610 &rarr; <strong>1581<\/strong><br \/>(-29 for losing)
|raw|jigglenette's rating: 1443 &rarr; <strong>1472<\/strong><br \/>(+29 for winning)
|leave|ANGER MANAGEMENT
|player|p1
|c|âjigglenette|gg