|join|ANGER MANAGEMENT
|join|abusive af
|player|p1|ANGER MANAGEMENT|123
|player|p2|abusive af|62
|gametype|singles
|gen|6
|tier|UU
|rated
|rule|Sleep Clause Mod: Limit one foe put to sleep
|rule|Species Clause: Limit one of each PokÃ©mon
|rule|OHKO Clause: OHKO moves are banned
|rule|Moody Clause: Moody is banned
|rule|Evasion Moves Clause: Evasion moves are banned
|rule|Endless Battle Clause: Forcing endless battles is banned
|rule|HP Percentage Mod: HP is shown in percentages
|clearpoke
|poke|p1|Florges, F
|poke|p1|Flygon, F
|poke|p1|Suicune
|poke|p1|Victini
|poke|p1|Swampert, F
|poke|p1|Magneton, shiny
|poke|p2|Azelf
|poke|p2|Lucario, F
|poke|p2|Absol, F
|poke|p2|Crobat, F
|poke|p2|Whimsicott, F
|poke|p2|Haxorus, F, shiny
|rule|Swagger Clause: Swagger is banned
|rule|Baton Pass Clause: Limit one PokÃ©mon knowing Baton Pass
|teampreview
|
|start
|switch|p1a: Flygon|Flygon, F|301\/301
|switch|p2a: Azelf|Azelf|292\/292
|turn|1
|
|move|p1a: Flygon|U-turn|p2a: Azelf
|-supereffective|p2a: Azelf
|-damage|p2a: Azelf|100\/292
|
|switch|p1a: Magneton|Magneton, shiny|242\/242
|move|p2a: Azelf|Stealth Rock|p1a: Magneton
|-sidestart|p1: ANGER MANAGEMENT|move: Stealth Rock
|
|turn|2
|c|âabusive af|you and ur scarf defog flygon
|
|move|p2a: Azelf|Knock Off|p1a: Magneton
|-damage|p1a: Magneton|129\/242
|-enditem|p1a: Magneton|Choice Scarf|[from] move: Knock Off|[of] p2a: Azelf
|move|p1a: Magneton|Volt Switch|p2a: Azelf
|-damage|p2a: Azelf|0 fnt
|faint|p2a: Azelf
|
|switch|p1a: Flygon|Flygon, F|301\/301
|-damage|p1a: Flygon|283\/301|[from] Stealth Rock
|
|
|switch|p2a: Whimsicott|Whimsicott, F|262\/262
|turn|3
|
|move|p1a: Flygon|U-turn|p2a: Whimsicott
|-damage|p2a: Whimsicott|188\/262
|
|switch|p1a: Magneton|Magneton, shiny|129\/242
|-damage|p1a: Magneton|114\/242|[from] Stealth Rock
|move|p2a: Whimsicott|Moonblast|p1a: Magneton
|-resisted|p1a: Magneton
|-damage|p1a: Magneton|19\/242
|-unboost|p1a: Magneton|spa|1
|-damage|p2a: Whimsicott|162\/262|[from] item: Life Orb
|
|turn|4
|
|move|p2a: Whimsicott|Moonblast|p1a: Magneton
|-resisted|p1a: Magneton
|-damage|p1a: Magneton|0 fnt
|-damage|p2a: Whimsicott|136\/262|[from] item: Life Orb
|faint|p1a: Magneton
|
|
|switch|p1a: Florges|Florges, F|360\/360
|-damage|p1a: Florges|315\/360|[from] Stealth Rock
|turn|5
|
|switch|p2a: Crobat|Crobat, F|325\/325
|move|p1a: Florges|Moonblast|p2a: Crobat
|-resisted|p2a: Crobat
|-damage|p2a: Crobat|248\/325
|-unboost|p2a: Crobat|spa|1
|
|-heal|p1a: Florges|337\/360|[from] item: Leftovers
|turn|6
|
|move|p1a: Florges|Protect|p1a: Florges
|-singleturn|p1a: Florges|Protect
|move|p2a: Crobat|Brave Bird|p1a: Florges
|-activate|p1a: Florges|Protect
|
|-heal|p1a: Florges|359\/360|[from] item: Leftovers
|turn|7
|
|move|p2a: Crobat|Brave Bird|p1a: Florges
|-damage|p1a: Florges|137\/360
|-damage|p2a: Crobat|175\/325|[from] recoil|[of] p1a: Florges
|move|p1a: Florges|Wish|p1a: Florges
|
|-heal|p1a: Florges|159\/360|[from] item: Leftovers
|turn|8
|
|move|p1a: Florges|Protect|p1a: Florges
|-singleturn|p1a: Florges|Protect
|move|p2a: Crobat|Roost|p2a: Crobat
|-heal|p2a: Crobat|325\/325
|
|-heal|p1a: Florges|339\/360|[from] move: Wish|[wisher] Florges
|-heal|p1a: Florges|360\/360|[from] item: Leftovers
|turn|9
|
|move|p2a: Crobat|Brave Bird|p1a: Florges
|-damage|p1a: Florges|152\/360
|-damage|p2a: Crobat|256\/325|[from] recoil|[of] p1a: Florges
|move|p1a: Florges|Wish|p1a: Florges
|
|-heal|p1a: Florges|174\/360|[from] item: Leftovers
|turn|10
|
|move|p1a: Florges|Protect|p1a: Florges
|-singleturn|p1a: Florges|Protect
|move|p2a: Crobat|Brave Bird|p1a: Florges
|-activate|p1a: Florges|Protect
|
|-heal|p1a: Florges|354\/360|[from] move: Wish|[wisher] Florges
|-heal|p1a: Florges|360\/360|[from] item: Leftovers
|turn|11
|
|move|p2a: Crobat|Brave Bird|p1a: Florges
|-damage|p1a: Florges|146\/360
|-damage|p2a: Crobat|185\/325|[from] recoil|[of] p1a: Florges
|move|p1a: Florges|Wish|p1a: Florges
|
|-heal|p1a: Florges|168\/360|[from] item: Leftovers
|turn|12
|
|move|p1a: Florges|Protect|p1a: Florges
|-singleturn|p1a: Florges|Protect
|move|p2a: Crobat|Brave Bird|p1a: Florges
|-activate|p1a: Florges|Protect
|
|-heal|p1a: Florges|348\/360|[from] move: Wish|[wisher] Florges
|-heal|p1a: Florges|360\/360|[from] item: Leftovers
|turn|13
|
|switch|p1a: Swampert|Swampert, F|401\/401
|-damage|p1a: Swampert|376\/401|[from] Stealth Rock
|move|p2a: Crobat|Roost|p2a: Crobat
|-heal|p2a: Crobat|325\/325
|
|-heal|p1a: Swampert|401\/401|[from] item: Leftovers
|turn|14
|
|move|p2a: Crobat|Brave Bird|p1a: Swampert
|-damage|p1a: Swampert|233\/401
|-damage|p2a: Crobat|270\/325|[from] recoil|[of] p1a: Swampert
|move|p1a: Swampert|Stealth Rock|p2a: Crobat
|-sidestart|p2: abusive af|move: Stealth Rock
|
|-heal|p1a: Swampert|258\/401|[from] item: Leftovers
|turn|15
|
|move|p2a: Crobat|Brave Bird|p1a: Swampert
|-damage|p1a: Swampert|92\/401
|-damage|p2a: Crobat|215\/325|[from] recoil|[of] p1a: Swampert
|move|p1a: Swampert|Scald|p2a: Crobat
|-damage|p2a: Crobat|64\/325
|
|-heal|p1a: Swampert|117\/401|[from] item: Leftovers
|turn|16
|
|move|p2a: Crobat|Brave Bird|p1a: Swampert
|-damage|p1a: Swampert|0 fnt
|-damage|p2a: Crobat|25\/325|[from] recoil|[of] p1a: Swampert
|faint|p1a: Swampert
|
|
|switch|p1a: Flygon|Flygon, F|283\/301
|-damage|p1a: Flygon|265\/301|[from] Stealth Rock
|turn|17
|
|move|p1a: Flygon|U-turn|p2a: Crobat
|-resisted|p2a: Crobat
|-damage|p2a: Crobat|5\/325
|
|switch|p1a: Suicune|Suicune|401\/401
|-damage|p1a: Suicune|351\/401|[from] Stealth Rock
|-ability|p1a: Suicune|Pressure
|move|p2a: Crobat|Roost|p2a: Crobat
|-heal|p2a: Crobat|168\/325
|
|-heal|p1a: Suicune|376\/401|[from] item: Leftovers
|turn|18
|
|switch|p2a: Haxorus|Haxorus, F, shiny|302\/302
|-damage|p2a: Haxorus|265\/302|[from] Stealth Rock
|-ability|p2a: Haxorus|Mold Breaker
|move|p1a: Suicune|Scald|p2a: Haxorus
|-resisted|p2a: Haxorus
|-damage|p2a: Haxorus|205\/302
|
|-heal|p1a: Suicune|401\/401|[from] item: Leftovers
|turn|19
|
|switch|p1a: Flygon|Flygon, F|265\/301
|-damage|p1a: Flygon|247\/301|[from] Stealth Rock
|move|p2a: Haxorus|Swords Dance|p2a: Haxorus
|-boost|p2a: Haxorus|atk|2
|
|turn|20
|c|âabusive af|oof
|c|âabusive af|so risky
|
|move|p1a: Flygon|Earthquake|p2a: Haxorus
|-damage|p2a: Haxorus|43\/302
|move|p2a: Haxorus|Earthquake|p1a: Flygon
|-damage|p1a: Flygon|0 fnt
|faint|p1a: Flygon
|
|
|switch|p1a: Suicune|Suicune|401\/401
|-damage|p1a: Suicune|351\/401|[from] Stealth Rock
|-ability|p1a: Suicune|Pressure
|turn|21
|
|move|p2a: Haxorus|Outrage|p1a: Suicune
|-damage|p1a: Suicune|0 fnt
|faint|p1a: Suicune
|
|
|switch|p1a: Florges|Florges, F|360\/360
|-damage|p1a: Florges|315\/360|[from] Stealth Rock
|turn|22
|
|move|p2a: Haxorus|Outrage|p1a: Florges
|-immune|p1a: Florges|[msg]
|move|p1a: Florges|Moonblast|p2a: Haxorus
|-supereffective|p2a: Haxorus
|-damage|p2a: Haxorus|0 fnt
|faint|p2a: Haxorus
|
|-heal|p1a: Florges|337\/360|[from] item: Leftovers
|
|switch|p2a: Crobat|Crobat, F|168\/325
|-damage|p2a: Crobat|87\/325|[from] Stealth Rock
|turn|23
|-message|ANGER MANAGEMENT forfeited.
|
|win|abusive af
|raw|Ladder updating...
|leave|ANGER MANAGEMENT
|player|p1
|raw|ANGER MANAGEMENT's rating: 1653 &rarr; <strong>1624<\/strong><br \/>(-29 for losing)
|raw|abusive af's rating: 1481 &rarr; <strong>1510<\/strong><br \/>(+29 for winning)