|join|zongthedong
|join|ANGER MANAGEMENT
|player|p1|zongthedong|1
|player|p2|ANGER MANAGEMENT|123
|gametype|singles
|gen|6
|tier|UU
|rated
|rule|Sleep Clause Mod: Limit one foe put to sleep
|rule|Species Clause: Limit one of each PokÃ©mon
|rule|OHKO Clause: OHKO moves are banned
|rule|Moody Clause: Moody is banned
|rule|Evasion Moves Clause: Evasion moves are banned
|rule|Endless Battle Clause: Forcing endless battles is banned
|rule|HP Percentage Mod: HP is shown in percentages
|clearpoke
|poke|p1|Lucario, F
|poke|p1|Nidoqueen, F
|poke|p1|Hydreigon, M
|poke|p1|Suicune, shiny
|poke|p1|Jirachi
|poke|p1|Aerodactyl, F
|poke|p2|Cacturne, M
|poke|p2|Cloyster, F
|poke|p2|Infernape, M
|poke|p2|Fletchinder, F
|poke|p2|Azelf, shiny
|poke|p2|Blastoise, F
|rule|Swagger Clause: Swagger is banned
|rule|Baton Pass Clause: Limit one PokÃ©mon knowing Baton Pass
|teampreview
|join|SmashBrosBrawl
|
|start
|switch|p1a: Aerodactyl|Aerodactyl, F|301\/301
|switch|p2a: Azelf|Azelf, shiny|291\/291
|-ability|p1a: Aerodactyl|Pressure
|turn|1
|join|BenzMafia
|
|detailschange|p1a: Aerodactyl|Aerodactyl-Mega, F
|message|Aerodactyl has Mega Evolved into Mega Aerodactyl!
|move|p1a: Aerodactyl|Pursuit|p2a: Azelf
|-supereffective|p2a: Azelf
|-damage|p2a: Azelf|109\/291
|move|p2a: Azelf|Stealth Rock|p1a: Aerodactyl
|-sidestart|p1: zongthedong|move: Stealth Rock
|
|turn|2
|
|move|p1a: Aerodactyl|Pursuit|p2a: Azelf|[from]Pursuit
|-supereffective|p2a: Azelf
|-damage|p2a: Azelf|0 fnt
|faint|p2a: Azelf
|
|
|switch|p2a: Blastoise|Blastoise, F|362\/362
|turn|3
|
|switch|p1a: Suicune|Suicune, shiny|404\/404
|-damage|p1a: Suicune|354\/404|[from] Stealth Rock
|-ability|p1a: Suicune|Pressure
|detailschange|p2a: Blastoise|Blastoise-Mega, F
|message|Blastoise has Mega Evolved into Mega Blastoise!
|move|p2a: Blastoise|Dragon Pulse|p1a: Suicune
|-damage|p1a: Suicune|207\/404
|
|-heal|p1a: Suicune|232\/404|[from] item: Leftovers
|turn|4
|join|ShootingStarmie
|c|+SmashBrosBrawl|>shootingsparty
|
|move|p1a: Suicune|Calm Mind|p1a: Suicune
|-boost|p1a: Suicune|spa|1
|-boost|p1a: Suicune|spd|1
|move|p2a: Blastoise|Dragon Pulse|p1a: Suicune
|-damage|p1a: Suicune|147\/404
|
|-heal|p1a: Suicune|172\/404|[from] item: Leftovers
|turn|5
|
|switch|p2a: Cacturne|Cacturne, M|281\/281
|move|p1a: Suicune|Substitute|p1a: Suicune
|-start|p1a: Suicune|Substitute
|-damage|p1a: Suicune|71\/404
|
|-heal|p1a: Suicune|96\/404|[from] item: Leftovers
|turn|6
|c|+ShootingStarmie|i came here to tell u guys sbb sux
|c|+SmashBrosBrawl|n
|
|move|p2a: Cacturne|Sucker Punch|p1a: Suicune
|-end|p1a: Suicune|Substitute
|-damage|p2a: Cacturne|253\/281|[from] item: Life Orb
|move|p1a: Suicune|Ice Beam|p2a: Cacturne
|-supereffective|p2a: Cacturne
|-damage|p2a: Cacturne|0 fnt
|faint|p2a: Cacturne
|
|-heal|p1a: Suicune|121\/404|[from] item: Leftovers
|c|+SmashBrosBrawl|begone
|c|+ShootingStarmie|now i flee
|leave|ShootingStarmie
|
|switch|p2a: Infernape|Infernape, M|293\/293
|turn|7
|
|switch|p1a: Nidoqueen|Nidoqueen, F|383\/383
|-damage|p1a: Nidoqueen|360\/383|[from] Stealth Rock
|move|p2a: Infernape|Close Combat|p1a: Nidoqueen
|-resisted|p1a: Nidoqueen
|-damage|p1a: Nidoqueen|285\/383
|-unboost|p2a: Infernape|def|1
|-unboost|p2a: Infernape|spd|1
|
|-heal|p1a: Nidoqueen|308\/383|[from] item: Black Sludge
|turn|8
|
|switch|p2a: Blastoise|Blastoise-Mega, F|362\/362
|move|p1a: Nidoqueen|Stealth Rock|p2a: Blastoise
|-sidestart|p2: ANGER MANAGEMENT|move: Stealth Rock
|
|-heal|p1a: Nidoqueen|331\/383|[from] item: Black Sludge
|turn|9
|
|move|p2a: Blastoise|Rapid Spin|p1a: Nidoqueen
|-damage|p1a: Nidoqueen|320\/383
|-sideend|p2: ANGER MANAGEMENT|Stealth Rock|[from] move: Rapid Spin|[of] p2a: Blastoise
|move|p1a: Nidoqueen|Earthquake|p2a: Blastoise
|-damage|p2a: Blastoise|265\/362
|
|-heal|p1a: Nidoqueen|343\/383|[from] item: Black Sludge
|turn|10
|c|+SmashBrosBrawl|lol
|
|switch|p1a: Suicune|Suicune, shiny|121\/404
|-damage|p1a: Suicune|71\/404|[from] Stealth Rock
|-ability|p1a: Suicune|Pressure
|move|p2a: Blastoise|Scald|p1a: Suicune
|-resisted|p1a: Suicune
|-damage|p1a: Suicune|8\/404
|
|-heal|p1a: Suicune|33\/404|[from] item: Leftovers
|turn|11
|
|move|p1a: Suicune|Scald|p2a: Blastoise
|-resisted|p2a: Blastoise
|-damage|p2a: Blastoise|218\/362
|move|p2a: Blastoise|Scald|p1a: Suicune
|-resisted|p1a: Suicune
|-damage|p1a: Suicune|0 fnt
|faint|p1a: Suicune
|
|
|switch|p1a: Hydreigon|Hydreigon, M|325\/325
|-damage|p1a: Hydreigon|285\/325|[from] Stealth Rock
|turn|12
|
|move|p1a: Hydreigon|Draco Meteor|p2a: Blastoise
|-damage|p2a: Blastoise|0 fnt
|-unboost|p1a: Hydreigon|spa|2
|-damage|p1a: Hydreigon|253\/325|[from] item: Life Orb
|faint|p2a: Blastoise
|
|
|switch|p2a: Infernape|Infernape, M|293\/293
|turn|13
|
|move|p2a: Infernape|U-turn|p1a: Hydreigon
|-supereffective|p1a: Hydreigon
|-damage|p1a: Hydreigon|63\/325
|
|switch|p2a: Fletchinder|Fletchinder, F|291\/291
|move|p1a: Hydreigon|Roost|p1a: Hydreigon
|-heal|p1a: Hydreigon|226\/325
|
|turn|14
|
|switch|p1a: Aerodactyl|Aerodactyl-Mega, F|301\/301
|-damage|p1a: Aerodactyl|226\/301|[from] Stealth Rock
|move|p2a: Fletchinder|Swords Dance|p2a: Fletchinder
|-boost|p2a: Fletchinder|atk|2
|
|turn|15
|
|move|p2a: Fletchinder|Acrobatics|p1a: Aerodactyl
|-resisted|p1a: Aerodactyl
|-damage|p1a: Aerodactyl|49\/301
|move|p1a: Aerodactyl|Stone Edge|p2a: Fletchinder
|-supereffective|p2a: Fletchinder
|-damage|p2a: Fletchinder|0 fnt
|faint|p2a: Fletchinder
|
|c|âzongthedong|man that does a lot
|join|TheSkillZ 4
|
|switch|p2a: Infernape|Infernape, M|293\/293
|turn|16
|
|move|p2a: Infernape|Close Combat|p1a: Aerodactyl
|-damage|p1a: Aerodactyl|0 fnt
|-unboost|p2a: Infernape|def|1
|-unboost|p2a: Infernape|spd|1
|faint|p1a: Aerodactyl
|
|
|switch|p1a: Nidoqueen|Nidoqueen, F|343\/383
|-damage|p1a: Nidoqueen|320\/383|[from] Stealth Rock
|turn|17
|
|switch|p2a: Cloyster|Cloyster, F|241\/241
|move|p1a: Nidoqueen|Toxic Spikes|p2a: Cloyster
|-sidestart|p2: ANGER MANAGEMENT|move: Toxic Spikes
|
|-heal|p1a: Nidoqueen|343\/383|[from] item: Black Sludge
|turn|18
|leave|TheSkillZ 4
|
|switch|p1a: Jirachi|Jirachi|344\/344
|-damage|p1a: Jirachi|323\/344|[from] Stealth Rock
|move|p2a: Cloyster|Shell Smash|p2a: Cloyster
|-boost|p2a: Cloyster|atk|2
|-boost|p2a: Cloyster|spa|2
|-boost|p2a: Cloyster|spe|2
|-unboost|p2a: Cloyster|def|1
|-unboost|p2a: Cloyster|spd|1
|
|turn|19
|c|+SmashBrosBrawl|u better be sash
|c|âANGER MANAGEMENT|nop
|
|move|p2a: Cloyster|Icicle Spear|p1a: Jirachi
|-resisted|p1a: Jirachi
|-damage|p1a: Jirachi|287\/344
|-resisted|p1a: Jirachi
|-damage|p1a: Jirachi|251\/344
|-resisted|p1a: Jirachi
|-damage|p1a: Jirachi|215\/344
|-resisted|p1a: Jirachi
|-damage|p1a: Jirachi|178\/344
|-resisted|p1a: Jirachi
|-damage|p1a: Jirachi|140\/344
|-hitcount|p1a: Jirachi|5
|cant|p1a: Jirachi|flinch
|
|turn|20
|c|+SmashBrosBrawl|o
|
|move|p2a: Cloyster|Icicle Spear|p1a: Jirachi
|-resisted|p1a: Jirachi
|-damage|p1a: Jirachi|104\/344
|-resisted|p1a: Jirachi
|-damage|p1a: Jirachi|71\/344
|-resisted|p1a: Jirachi
|-damage|p1a: Jirachi|37\/344
|-crit|p1a: Jirachi
|-resisted|p1a: Jirachi
|-damage|p1a: Jirachi|0 fnt
|-hitcount|p1a: Jirachi|4
|faint|p1a: Jirachi
|
|c|+SmashBrosBrawl|the rock
|
|switch|p1a: Lucario|Lucario, F|281\/281
|-damage|p1a: Lucario|273\/281|[from] Stealth Rock
|turn|21
|
|move|p1a: Lucario|Vacuum Wave|p2a: Cloyster
|-supereffective|p2a: Cloyster
|-damage|p2a: Cloyster|0 fnt
|-damage|p1a: Lucario|245\/281|[from] item: Life Orb
|faint|p2a: Cloyster
|
|c|+SmashBrosBrawl|welp
|
|switch|p2a: Infernape|Infernape, M|293\/293
|-status|p2a: Infernape|psn
|turn|22
|
|move|p1a: Lucario|Vacuum Wave|p2a: Infernape
|-crit|p2a: Infernape
|-damage|p2a: Infernape|116\/293 psn
|-damage|p1a: Lucario|217\/281|[from] item: Life Orb
|move|p2a: Infernape|Flare Blitz|p1a: Lucario
|-supereffective|p1a: Lucario
|-damage|p1a: Lucario|0 fnt
|-damage|p2a: Infernape|44\/293 psn|[from] recoil|[of] p1a: Lucario
|faint|p1a: Lucario
|
|-damage|p2a: Infernape|8\/293 psn|[from] psn
|c|âzongthedong|g_g
|
|switch|p1a: Hydreigon|Hydreigon, M|226\/325
|-damage|p1a: Hydreigon|186\/325|[from] Stealth Rock
|turn|23
|c|âANGER MANAGEMENT|not at all
|c|âANGER MANAGEMENT|crit mattured
|c|âzongthedong|lol o rly
|c|âzongthedong|im p sure you die to recoil
|
|move|p2a: Infernape|Flare Blitz|p1a: Hydreigon
|-resisted|p1a: Hydreigon
|-damage|p1a: Hydreigon|17\/325
|-damage|p2a: Infernape|0 fnt|[from] recoil|[of] p1a: Hydreigon
|faint|p2a: Infernape
|
|win|zongthedong
|raw|Ladder updating...
|c|+SmashBrosBrawl|earthquake
|raw|zongthedong's rating: 1710 &rarr; <strong>1721<\/strong><br \/>(+11 for winning)
|raw|ANGER MANAGEMENT's rating: 1554 &rarr; <strong>1542<\/strong><br \/>(-12 for losing)
|c|+SmashBrosBrawl|queen
|leave|ANGER MANAGEMENT
|player|p2
|leave|SmashBrosBrawl
|c|âzongthedong|what a salty poopyhead
|c|âzongthedong|god damn
|leave|BenzMafia