|join|ANGER MANAGEMENT
|join|stuu
|player|p1|ANGER MANAGEMENT|123
|player|p2|stuu|110
|gametype|singles
|gen|6
|tier|UU
|rated
|rule|Sleep Clause Mod: Limit one foe put to sleep
|rule|Species Clause: Limit one of each Pokemon
|rule|OHKO Clause: OHKO moves are banned
|rule|Moody Clause: Moody is banned
|rule|Evasion Moves Clause: Evasion moves are banned
|rule|Endless Battle Clause: Forcing endless battles is banned.
|rule|HP Percentage Mod: HP is reported as percentages
|clearpoke
|poke|p1|Chandelure, M
|poke|p1|Heracross, F
|poke|p1|Swampert, M
|poke|p1|Florges, F
|poke|p1|Flygon, F
|poke|p1|Jirachi, shiny
|poke|p2|Hydreigon, F, shiny
|poke|p2|Nidoking, M
|poke|p2|Florges, F
|poke|p2|Aggron, F
|poke|p2|Starmie, shiny
|poke|p2|Heracross, M
|teampreview
|
|start
|switch|p1a: Flygon|Flygon, F|301\/301
|switch|p2a: Heracross|Heracross, M|301\/301
|turn|1
|
|move|p1a: Flygon|U-turn|p2a: Heracross
|-resisted|p2a: Heracross
|-damage|p2a: Heracross|256\/301
|
|switch|p1a: Heracross|Heracross, F|321\/321
|move|p2a: Heracross|Knock Off|p1a: Heracross
|-crit|p1a: Heracross
|-resisted|p1a: Heracross
|-damage|p1a: Heracross|154\/321
|-enditem|p1a: Heracross|Leftovers|[from] move: Knock Off|[of] p2a: Heracross
|
|turn|2
|
|switch|p2a: Florges|Florges, F|360\/360
|move|p1a: Heracross|Knock Off|p2a: Florges
|-resisted|p2a: Florges
|-damage|p2a: Florges|302\/360
|-enditem|p2a: Florges|Leftovers|[from] move: Knock Off|[of] p1a: Heracross
|
|turn|3
|
|switch|p1a: Swampert|Swampert, M|401\/401
|switch|p2a: Hydreigon|Hydreigon, F, shiny|325\/325
|
|turn|4
|
|switch|p1a: Heracross|Heracross, F|154\/321
|move|p2a: Hydreigon|Dark Pulse|p1a: Heracross
|-crit|p1a: Heracross
|-resisted|p1a: Heracross
|-damage|p1a: Heracross|39\/321
|
|turn|5
|chat|stuu|dam sorry dude
|
|switch|p1a: Florges|Florges, F|360\/360
|move|p2a: Hydreigon|Dark Pulse|p1a: Florges
|-resisted|p1a: Florges
|-damage|p1a: Florges|317\/360
|
|-heal|p1a: Florges|339\/360|[from] item: Leftovers
|turn|6
|
|switch|p2a: Nidoking|Nidoking, M|303\/303
|switch|p1a: Swampert|Swampert, M|401\/401
|
|turn|7
|
|switch|p2a: Hydreigon|Hydreigon, F, shiny|325\/325
|move|p1a: Swampert|Stealth Rock|p2a: Hydreigon
|-sidestart|p2: stuu|move: Stealth Rock
|
|turn|8
|
|switch|p1a: Heracross|Heracross, F|39\/321
|move|p2a: Hydreigon|U-turn|p1a: Heracross
|-resisted|p1a: Heracross
|-damage|p1a: Heracross|1\/321
|
|switch|p2a: Starmie|Starmie, shiny|261\/261
|-damage|p2a: Starmie|229\/261|[from] Stealth Rock
|
|-heal|p2a: Starmie|245\/261|[from] item: Leftovers
|turn|9
|
|switch|p1a: Flygon|Flygon, F|301\/301
|move|p2a: Starmie|Rapid Spin|p1a: Flygon
|-damage|p1a: Flygon|288\/301
|-sideend|p2: stuu|Stealth Rock|[from] move: Rapid Spin|[of] p2a: Starmie
|
|-heal|p2a: Starmie|261\/261|[from] item: Leftovers
|turn|10
|
|switch|p2a: Heracross|Heracross, M|256\/301
|move|p1a: Flygon|U-turn|p2a: Heracross
|-crit|p2a: Heracross
|-resisted|p2a: Heracross
|-damage|p2a: Heracross|189\/301
|chat|stuu|lol
|
|switch|p1a: Jirachi|Jirachi, shiny|341\/341
|
|turn|11
|
|switch|p1a: Heracross|Heracross, F|1\/321
|move|p2a: Heracross|Knock Off|p1a: Heracross
|-resisted|p1a: Heracross
|-damage|p1a: Heracross|0 fnt
|faint|p1a: Heracross
|
|
|switch|p1a: Flygon|Flygon, F|288\/301
|turn|12
|
|switch|p2a: Florges|Florges, F|302\/360
|move|p1a: Flygon|U-turn|p2a: Florges
|-resisted|p2a: Florges
|-damage|p2a: Florges|271\/360
|
|switch|p1a: Chandelure|Chandelure, M|285\/285
|
|turn|13
|
|switch|p2a: Hydreigon|Hydreigon, F, shiny|325\/325
|move|p1a: Chandelure|Substitute|p1a: Chandelure
|-start|p1a: Chandelure|Substitute
|-damage|p1a: Chandelure|214\/285
|
|-heal|p1a: Chandelure|231\/285|[from] item: Leftovers
|turn|14
|
|move|p2a: Hydreigon|Dark Pulse|p1a: Chandelure
|-supereffective|p1a: Chandelure
|-end|p1a: Chandelure|Substitute
|move|p1a: Chandelure|Flamethrower|p2a: Hydreigon
|-resisted|p2a: Hydreigon
|-damage|p2a: Hydreigon|229\/325
|
|-heal|p1a: Chandelure|248\/285|[from] item: Leftovers
|turn|15
|
|switch|p1a: Swampert|Swampert, M|401\/401
|move|p2a: Hydreigon|Dark Pulse|p1a: Swampert
|-damage|p1a: Swampert|260\/401
|
|-heal|p1a: Swampert|285\/401|[from] item: Leftovers
|turn|16
|
|switch|p1a: Florges|Florges, F|339\/360
|move|p2a: Hydreigon|Dark Pulse|p1a: Florges
|-resisted|p1a: Florges
|-damage|p1a: Florges|294\/360
|
|-heal|p1a: Florges|316\/360|[from] item: Leftovers
|turn|17
|
|move|p2a: Hydreigon|Dark Pulse|p1a: Florges
|-resisted|p1a: Florges
|-damage|p1a: Florges|271\/360
|move|p1a: Florges|Wish|p1a: Florges
|
|-heal|p1a: Florges|293\/360|[from] item: Leftovers
|turn|18
|
|switch|p2a: Aggron|Aggron, F|344\/344
|switch|p1a: Swampert|Swampert, M|285\/401
|
|-heal|p1a: Swampert|401\/401|[from] move: Wish|[wisher] Florges
|turn|19
|
|switch|p2a: Heracross|Heracross, M|189\/301
|move|p1a: Swampert|Scald|p2a: Heracross
|-damage|p2a: Heracross|98\/301
|
|turn|20
|
|switch|p1a: Florges|Florges, F|293\/360
|move|p2a: Heracross|Close Combat|p1a: Florges
|-crit|p1a: Florges
|-resisted|p1a: Florges
|-damage|p1a: Florges|29\/360
|-unboost|p2a: Heracross|def|1
|-unboost|p2a: Heracross|spd|1
|
|-heal|p1a: Florges|51\/360|[from] item: Leftovers
|turn|21
|chat|ANGER MANAGEMENT|yeah
|chat|ANGER MANAGEMENT|theres only so much bullshit
|chat|ANGER MANAGEMENT|i can take
|
|move|p1a: Florges|Protect|p1a: Florges
|-singleturn|p1a: Florges|Protect
|move|p2a: Heracross|Close Combat|p1a: Florges
|-activate|p1a: Florges|Protect
|
|-heal|p1a: Florges|73\/360|[from] item: Leftovers
|turn|22
|
|switch|p2a: Starmie|Starmie, shiny|261\/261
|switch|p1a: Chandelure|Chandelure, M|248\/285
|
|-heal|p1a: Chandelure|265\/285|[from] item: Leftovers
|turn|23
|
|move|p2a: Starmie|Hydro Pump|p1a: Chandelure
|-supereffective|p1a: Chandelure
|-damage|p1a: Chandelure|0 fnt
|faint|p1a: Chandelure
|
|
|switch|p1a: Flygon|Flygon, F|288\/301
|turn|24
|
|move|p1a: Flygon|U-turn|p2a: Starmie
|-supereffective|p2a: Starmie
|-damage|p2a: Starmie|103\/261
|
|switch|p1a: Florges|Florges, F|73\/360
|move|p2a: Starmie|Recover|p2a: Starmie
|-heal|p2a: Starmie|234\/261
|
|-heal|p2a: Starmie|250\/261|[from] item: Leftovers
|-heal|p1a: Florges|95\/360|[from] item: Leftovers
|turn|25
|
|move|p1a: Florges|Protect|p1a: Florges
|-singleturn|p1a: Florges|Protect
|move|p2a: Starmie|Hydro Pump|p1a: Florges
|-activate|p1a: Florges|Protect
|
|-heal|p2a: Starmie|261\/261|[from] item: Leftovers
|-heal|p1a: Florges|117\/360|[from] item: Leftovers
|turn|26
|
|move|p2a: Starmie|Hydro Pump|p1a: Florges
|-damage|p1a: Florges|15\/360
|move|p1a: Florges|Wish|p1a: Florges
|
|-heal|p1a: Florges|37\/360|[from] item: Leftovers
|turn|27
|chat|stuu|well shit on my dick
|join|watfor
|
|switch|p2a: Aggron|Aggron, F|344\/344
|move|p1a: Florges|Protect|p1a: Florges
|-fail|p1a: Florges
|
|-heal|p1a: Florges|217\/360|[from] move: Wish|[wisher] Florges
|-heal|p1a: Florges|239\/360|[from] item: Leftovers
|turn|28
|
|switch|p1a: Swampert|Swampert, M|401\/401
|detailschange|p2a: Aggron|Aggron-Mega, F
|message|Aggron has Mega Evolved into Mega Aggron!
|move|p2a: Aggron|Dragon Tail|p1a: Swampert
|-crit|p1a: Swampert
|-damage|p1a: Swampert|308\/401
|drag|p1a: Flygon|Flygon, F|288\/301
|
|turn|29
|chat|ANGER MANAGEMENT|more crits pls
|
|move|p1a: Flygon|U-turn|p2a: Aggron
|-resisted|p2a: Aggron
|-damage|p2a: Aggron|326\/344
|
|switch|p1a: Swampert|Swampert, M|308\/401
|move|p2a: Aggron|Heavy Slam|p1a: Swampert
|-resisted|p1a: Swampert
|-damage|p1a: Swampert|223\/401
|
|-heal|p1a: Swampert|248\/401|[from] item: Leftovers
|turn|30
|
|move|p1a: Swampert|Stealth Rock|p2a: Aggron
|-sidestart|p2: stuu|move: Stealth Rock
|move|p2a: Aggron|Dragon Tail|p1a: Swampert
|-damage|p1a: Swampert|184\/401
|drag|p1a: Flygon|Flygon, F|288\/301
|
|turn|31
|
|move|p1a: Flygon|Earthquake|p2a: Aggron
|-supereffective|p2a: Aggron
|-damage|p2a: Aggron|227\/344
|move|p2a: Aggron|Dragon Tail|p1a: Flygon
|-supereffective|p1a: Flygon
|-damage|p1a: Flygon|106\/301
|drag|p1a: Florges|Florges, F|239\/360
|
|-heal|p1a: Florges|261\/360|[from] item: Leftovers
|turn|32
|
|move|p1a: Florges|Moonblast|p2a: Aggron
|-resisted|p2a: Aggron
|-damage|p2a: Aggron|158\/344
|move|p2a: Aggron|Earthquake|p1a: Florges
|-damage|p1a: Florges|116\/360
|
|-heal|p1a: Florges|138\/360|[from] item: Leftovers
|turn|33
|
|switch|p1a: Swampert|Swampert, M|184\/401
|move|p2a: Aggron|Heavy Slam|p1a: Swampert
|-resisted|p1a: Swampert
|-damage|p1a: Swampert|100\/401
|
|-heal|p1a: Swampert|125\/401|[from] item: Leftovers
|turn|34
|
|move|p1a: Swampert|Scald|p2a: Aggron
|-damage|p2a: Aggron|14\/344
|move|p2a: Aggron|Dragon Tail|p1a: Swampert
|-damage|p1a: Swampert|56\/401
|drag|p1a: Flygon|Flygon, F|106\/301
|
|turn|35
|
|move|p1a: Flygon|Earthquake|p2a: Aggron
|-supereffective|p2a: Aggron
|-damage|p2a: Aggron|0 fnt
|faint|p2a: Aggron
|
|
|switch|p2a: Starmie|Starmie, shiny|261\/261
|-damage|p2a: Starmie|229\/261|[from] Stealth Rock
|turn|36
|
|move|p1a: Flygon|Earthquake|p2a: Starmie
|-damage|p2a: Starmie|64\/261
|move|p2a: Starmie|Hydro Pump|p1a: Flygon
|-damage|p1a: Flygon|0 fnt
|faint|p1a: Flygon
|
|-heal|p2a: Starmie|80\/261|[from] item: Leftovers
|
|switch|p1a: Florges|Florges, F|138\/360
|turn|37
|
|move|p2a: Starmie|Recover|p2a: Starmie
|-heal|p2a: Starmie|211\/261
|move|p1a: Florges|Wish|p1a: Florges
|
|-heal|p2a: Starmie|227\/261|[from] item: Leftovers
|-heal|p1a: Florges|160\/360|[from] item: Leftovers
|turn|38
|
|move|p2a: Starmie|Hydro Pump|p1a: Florges
|-damage|p1a: Florges|54\/360
|move|p1a: Florges|Moonblast|p2a: Starmie
|-damage|p2a: Starmie|94\/261
|
|-heal|p1a: Florges|234\/360|[from] move: Wish|[wisher] Florges
|-heal|p2a: Starmie|110\/261|[from] item: Leftovers
|-heal|p1a: Florges|256\/360|[from] item: Leftovers
|turn|39
|
|switch|p2a: Nidoking|Nidoking, M|303\/303
|-damage|p2a: Nidoking|285\/303|[from] Stealth Rock
|move|p1a: Florges|Moonblast|p2a: Nidoking
|-resisted|p2a: Nidoking
|-damage|p2a: Nidoking|205\/303
|
|-heal|p1a: Florges|278\/360|[from] item: Leftovers
|turn|40
|
|switch|p1a: Swampert|Swampert, M|56\/401
|move|p2a: Nidoking|Sludge Wave|p1a: Swampert
|-resisted|p1a: Swampert
|-damage|p1a: Swampert|0 fnt
|faint|p1a: Swampert
|
|
|switch|p1a: Jirachi|Jirachi, shiny|341\/341
|turn|41
|
|switch|p2a: Heracross|Heracross, M|98\/301
|-damage|p2a: Heracross|61\/301|[from] Stealth Rock
|move|p1a: Jirachi|Psyshock|p2a: Heracross
|-supereffective|p2a: Heracross
|-damage|p2a: Heracross|0 fnt
|faint|p2a: Heracross
|
|
|switch|p2a: Hydreigon|Hydreigon, F, shiny|229\/325
|-damage|p2a: Hydreigon|189\/325|[from] Stealth Rock
|turn|42
|
|switch|p1a: Florges|Florges, F|278\/360
|move|p2a: Hydreigon|U-turn|p1a: Florges
|-resisted|p1a: Florges
|-damage|p1a: Florges|249\/360
|
|switch|p2a: Nidoking|Nidoking, M|205\/303
|-damage|p2a: Nidoking|187\/303|[from] Stealth Rock
|
|-heal|p1a: Florges|271\/360|[from] item: Leftovers
|turn|43
|
|move|p1a: Florges|Protect|p1a: Florges
|-singleturn|p1a: Florges|Protect
|move|p2a: Nidoking|Earth Power|p1a: Florges
|-activate|p1a: Florges|Protect
|
|-heal|p1a: Florges|293\/360|[from] item: Leftovers
|turn|44
|
|move|p2a: Nidoking|Sludge Wave|p1a: Florges
|-supereffective|p1a: Florges
|-damage|p1a: Florges|28\/360
|move|p1a: Florges|Moonblast|p2a: Nidoking
|-resisted|p2a: Nidoking
|-damage|p2a: Nidoking|109\/303
|-unboost|p2a: Nidoking|spa|1
|
|-heal|p1a: Florges|50\/360|[from] item: Leftovers
|turn|45
|
|move|p1a: Florges|Protect|p1a: Florges
|-singleturn|p1a: Florges|Protect
|move|p2a: Nidoking|Earth Power|p1a: Florges
|-activate|p1a: Florges|Protect
|
|-heal|p1a: Florges|72\/360|[from] item: Leftovers
|turn|46
|
|move|p2a: Nidoking|Sludge Wave|p1a: Florges
|-supereffective|p1a: Florges
|-damage|p1a: Florges|0 fnt
|faint|p1a: Florges
|
|
|switch|p1a: Jirachi|Jirachi, shiny|341\/341
|turn|47
|
|switch|p2a: Florges|Florges, F|271\/360
|-damage|p2a: Florges|226\/360|[from] Stealth Rock
|move|p1a: Jirachi|Psyshock|p2a: Florges
|-damage|p2a: Florges|115\/360
|
|turn|48
|
|move|p1a: Jirachi|Calm Mind|p1a: Jirachi
|-boost|p1a: Jirachi|spa|1
|-boost|p1a: Jirachi|spd|1
|move|p2a: Florges|Wish|p2a: Florges
|
|turn|49
|
|switch|p2a: Hydreigon|Hydreigon, F, shiny|189\/325
|-damage|p2a: Hydreigon|149\/325|[from] Stealth Rock
|move|p1a: Jirachi|Calm Mind|p1a: Jirachi
|-boost|p1a: Jirachi|spa|1
|-boost|p1a: Jirachi|spd|1
|
|-heal|p2a: Hydreigon|325\/325|[from] move: Wish|[wisher] Florges
|turn|50
|
|move|p2a: Hydreigon|Dark Pulse|p1a: Jirachi
|-supereffective|p1a: Jirachi
|-damage|p1a: Jirachi|195\/341
|move|p1a: Jirachi|Dazzling Gleam|p2a: Hydreigon
|-supereffective|p2a: Hydreigon
|-damage|p2a: Hydreigon|0 fnt
|faint|p2a: Hydreigon
|
|chat|stuu|oml
|chat|stuu|no :(
|
|switch|p2a: Nidoking|Nidoking, M|109\/303
|-damage|p2a: Nidoking|91\/303|[from] Stealth Rock
|turn|51
|
|move|p1a: Jirachi|Psyshock|p2a: Nidoking
|-crit|p2a: Nidoking
|-supereffective|p2a: Nidoking
|-damage|p2a: Nidoking|0 fnt
|faint|p2a: Nidoking
|
|
|switch|p2a: Starmie|Starmie, shiny|110\/261
|-damage|p2a: Starmie|78\/261|[from] Stealth Rock
|turn|52
|
|move|p2a: Starmie|Hydro Pump|p1a: Jirachi
|-damage|p1a: Jirachi|110\/341
|move|p1a: Jirachi|Shadow Ball|p2a: Starmie
|-supereffective|p2a: Starmie
|-damage|p2a: Starmie|0 fnt
|faint|p2a: Starmie
|
|chat|watfor|nice comeback, AM :]
|chat|stuu|:@@@@@@@@@@@@@@@@
|
|switch|p2a: Florges|Florges, F|115\/360
|-damage|p2a: Florges|70\/360|[from] Stealth Rock
|turn|53
|chat|ANGER MANAGEMENT|ty
|chat|stuu|motherfuck
|chat|stuu|just didnt want to risk the hard switch to hydra
|chat|watfor|don't swear :[
|chat|stuu|i had this game :::'(
|chat|stuu|gg
|chat|ANGER MANAGEMENT|gg
|
|move|p1a: Jirachi|Psyshock|p2a: Florges
|-damage|p2a: Florges|0 fnt
|faint|p2a: Florges
|
|win|ANGER MANAGEMENT
|raw|Ladder updating...
|raw|ANGER MANAGEMENT's rating: 1743 &rarr; <strong>1750<\/strong><br \/>(+7 for winning)
|raw|stuu's rating: 1464 &rarr; <strong>1457<\/strong><br \/>(-7 for losing)
|leave|ANGER MANAGEMENT
|player|p1
|leave|watfor