|join|ANGER MANAGEMENT
|join|Employee Shinra
|player|p1|ANGER MANAGEMENT|123
|player|p2|Employee Shinra|3
|gametype|singles
|gen|6
|tier|UU
|rated
|rule|Sleep Clause Mod: Limit one foe put to sleep
|rule|Species Clause: Limit one of each Pokemon
|rule|OHKO Clause: OHKO moves are banned
|rule|Moody Clause: Moody is banned
|rule|Evasion Moves Clause: Evasion moves are banned
|rule|Endless Battle Clause: Forcing endless battles is banned
|rule|HP Percentage Mod: HP is reported as percentages
|clearpoke
|poke|p1|Lucario, F
|poke|p1|Florges, F
|poke|p1|Suicune
|poke|p1|Flygon, M
|poke|p1|Scrafty, F
|poke|p1|Swampert, F
|poke|p2|Dugtrio, M
|poke|p2|Froslass, F
|poke|p2|Aerodactyl, M
|poke|p2|Shaymin
|poke|p2|Toxicroak, F
|poke|p2|Rotom-Heat
|rule|Baton Pass Clause: Limit 3 pokemon knowing Baton Pass
|teampreview
|
|start
|switch|p1a: Flygon|Flygon, M|301\/301
|switch|p2a: Not Mega|Aerodactyl, M|302\/302
|-ability|p2a: Not Mega|Pressure
|turn|1
|
|detailschange|p2a: Not Mega|Aerodactyl-Mega, M
|message|Aerodactyl has Mega Evolved into Mega Aerodactyl!
|move|p1a: Flygon|U-turn|p2a: Not Mega
|-resisted|p2a: Not Mega
|-damage|p2a: Not Mega|259\/302
|
|switch|p1a: Swampert|Swampert, F|401\/401
|move|p2a: Not Mega|Aerial Ace|p1a: Swampert
|-damage|p1a: Swampert|283\/401
|
|-heal|p1a: Swampert|308\/401|[from] item: Leftovers
|turn|2
|
|switch|p2a: 'Lil Flower|Shaymin|341\/341
|move|p1a: Swampert|Scald|p2a: 'Lil Flower
|-resisted|p2a: 'Lil Flower
|-damage|p2a: 'Lil Flower|298\/341
|-status|p2a: 'Lil Flower|brn
|
|-heal|p1a: Swampert|333\/401|[from] item: Leftovers
|-damage|p2a: 'Lil Flower|256\/341 brn|[from] brn
|turn|3
|
|switch|p2a: Guardian|Toxicroak, F|308\/308
|switch|p1a: Florges|Florges, F|360\/360
|
|turn|4
|
|move|p2a: Guardian|Gunk Shot|p1a: Florges
|-supereffective|p1a: Florges
|-damage|p1a: Florges|0 fnt
|-damage|p2a: Guardian|278\/308|[from] item: Life Orb
|faint|p1a: Florges
|
|
|switch|p1a: Swampert|Swampert, F|333\/401
|turn|5
|
|switch|p2a: 'Lil Flower|Shaymin|256\/341
|move|p1a: Swampert|Stealth Rock|p2a: 'Lil Flower
|-sidestart|p2: Employee Shinra|move: Stealth Rock
|
|-heal|p1a: Swampert|358\/401|[from] item: Leftovers
|turn|6
|
|switch|p1a: Flygon|Flygon, M|301\/301
|move|p2a: 'Lil Flower|Seed Flare|p1a: Flygon
|-damage|p1a: Flygon|23\/301
|-unboost|p1a: Flygon|spd|2
|-damage|p2a: 'Lil Flower|222\/341|[from] item: Life Orb
|
|turn|7
|
|switch|p2a: Pixie|Froslass, F|344\/344
|-damage|p2a: Pixie|258\/344|[from] Stealth Rock
|move|p1a: Flygon|U-turn|p2a: Pixie
|-resisted|p2a: Pixie
|-damage|p2a: Pixie|211\/344
|
|switch|p1a: Lucario|Lucario, F|281\/281
|
|turn|8
|
|move|p1a: Lucario|Bullet Punch|p2a: Pixie
|-supereffective|p2a: Pixie
|-damage|p2a: Pixie|0 fnt
|-damage|p1a: Lucario|253\/281|[from] item: Life Orb
|faint|p2a: Pixie
|
|
|switch|p2a: Guardian|Toxicroak, F|278\/308
|-damage|p2a: Guardian|259\/308|[from] Stealth Rock
|turn|9
|
|switch|p1a: Swampert|Swampert, F|358\/401
|move|p2a: Guardian|Drain Punch|p1a: Swampert
|-damage|p1a: Swampert|214\/401
|-heal|p2a: Guardian|308\/308|[from] drain|[of] p1a: Swampert
|-damage|p2a: Guardian|278\/308|[from] item: Life Orb
|
|-heal|p1a: Swampert|239\/401|[from] item: Leftovers
|turn|10
|
|switch|p2a: 'Lil Flower|Shaymin|222\/341
|-damage|p2a: 'Lil Flower|180\/341|[from] Stealth Rock
|move|p1a: Swampert|Roar|p2a: 'Lil Flower
|drag|p2a: Guardian|Toxicroak, F|278\/308
|-damage|p2a: Guardian|259\/308|[from] Stealth Rock
|
|-heal|p1a: Swampert|264\/401|[from] item: Leftovers
|turn|11
|
|switch|p2a: 'Lil Flower|Shaymin|180\/341
|-damage|p2a: 'Lil Flower|138\/341|[from] Stealth Rock
|move|p1a: Swampert|Roar|p2a: 'Lil Flower
|drag|p2a: Not Mega|Aerodactyl-Mega, M|259\/302
|-damage|p2a: Not Mega|184\/302|[from] Stealth Rock
|
|-heal|p1a: Swampert|289\/401|[from] item: Leftovers
|turn|12
|
|move|p2a: Not Mega|Defog|p1a: Swampert
|-unboost|p1a: Swampert|evasion|1
|-sideend|p2: Employee Shinra|Stealth Rock|[from] move: Defog|[of] p2a: Not Mega
|move|p1a: Swampert|Scald|p2a: Not Mega
|-supereffective|p2a: Not Mega
|-damage|p2a: Not Mega|4\/302
|-status|p2a: Not Mega|brn
|
|-heal|p1a: Swampert|314\/401|[from] item: Leftovers
|-damage|p2a: Not Mega|0 fnt|[from] brn
|faint|p2a: Not Mega
|
|switch|p2a: 'Lil Flower|Shaymin|138\/341
|turn|13
|
|switch|p1a: Scrafty|Scrafty, F|334\/334
|move|p2a: 'Lil Flower|Seed Flare|p1a: Scrafty
|-damage|p1a: Scrafty|139\/334
|-unboost|p1a: Scrafty|spd|2
|-damage|p2a: 'Lil Flower|104\/341|[from] item: Life Orb
|
|-heal|p1a: Scrafty|159\/334|[from] item: Leftovers
|turn|14
|
|move|p2a: 'Lil Flower|Air Slash|p1a: Scrafty
|-supereffective|p1a: Scrafty
|-damage|p1a: Scrafty|0 fnt
|-damage|p2a: 'Lil Flower|70\/341|[from] item: Life Orb
|faint|p1a: Scrafty
|
|
|switch|p1a: Flygon|Flygon, M|23\/301
|turn|15
|
|switch|p2a: TunnelVision|Dugtrio, M|211\/211
|move|p1a: Flygon|Outrage|p2a: TunnelVision
|-enditem|p2a: TunnelVision|Focus Sash
|-damage|p2a: TunnelVision|1\/211
|
|turn|16
|
|move|p2a: TunnelVision|Sucker Punch|p1a: Flygon
|-damage|p1a: Flygon|0 fnt
|faint|p1a: Flygon
|
|
|switch|p1a: Swampert|Swampert, F|314\/401
|turn|17
|
|move|p2a: TunnelVision|Reversal|p1a: Swampert
|-damage|p1a: Swampert|177\/401
|move|p1a: Swampert|Stealth Rock|p2a: TunnelVision
|-sidestart|p2: Employee Shinra|move: Stealth Rock
|
|-heal|p1a: Swampert|202\/401|[from] item: Leftovers
|turn|18
|
|move|p2a: TunnelVision|Reversal|p1a: Swampert
|-damage|p1a: Swampert|76\/401
|move|p1a: Swampert|Roar|p2a: TunnelVision
|drag|p2a: Guardian|Toxicroak, F|259\/308
|-damage|p2a: Guardian|240\/308|[from] Stealth Rock
|
|-heal|p1a: Swampert|101\/401|[from] item: Leftovers
|turn|19
|
|move|p2a: Guardian|Drain Punch|p1a: Swampert
|-crit|p1a: Swampert
|-damage|p1a: Swampert|0 fnt
|-heal|p2a: Guardian|291\/308|[from] drain|[of] p1a: Swampert
|-damage|p2a: Guardian|261\/308|[from] item: Life Orb
|faint|p1a: Swampert
|
|
|switch|p1a: Lucario|Lucario, F|253\/281
|turn|20
|
|move|p1a: Lucario|Extreme Speed|p2a: Guardian
|-damage|p2a: Guardian|92\/308
|-damage|p1a: Lucario|225\/281|[from] item: Life Orb
|move|p2a: Guardian|Drain Punch|p1a: Lucario
|-supereffective|p1a: Lucario
|-damage|p1a: Lucario|0 fnt
|-heal|p2a: Guardian|205\/308|[from] drain|[of] p1a: Lucario
|-damage|p2a: Guardian|175\/308|[from] item: Life Orb
|faint|p1a: Lucario
|
|-message|ANGER MANAGEMENT forfeited.
|
|win|Employee Shinra
|raw|Ladder updating...
|leave|ANGER MANAGEMENT
|player|p1
|raw|ANGER MANAGEMENT's rating: 1602 &rarr; <strong>1574<\/strong><br \/>(-28 for losing)
|raw|Employee Shinra's rating: 1444 &rarr; <strong>1473<\/strong><br \/>(+29 for winning)