|join|LTI Meru
|join|ANGER MANAGEMENT
|player|p1|LTI Meru|184
|player|p2|ANGER MANAGEMENT|123
|gametype|singles
|gen|6
|tier|UU
|rated
|rule|Sleep Clause Mod: Limit one foe put to sleep
|rule|Species Clause: Limit one of each Pokemon
|rule|OHKO Clause: OHKO moves are banned
|rule|Moody Clause: Moody is banned
|rule|Evasion Moves Clause: Evasion moves are banned
|rule|Endless Battle Clause: Forcing endless battles is banned.
|rule|HP Percentage Mod: HP is reported as percentages
|clearpoke
|poke|p1|Cobalion
|poke|p1|Hydreigon, M
|poke|p1|Jynx, F
|poke|p1|Entei, shiny
|poke|p1|Blastoise, M
|poke|p1|Shaymin
|poke|p2|Sigilyph, F
|poke|p2|Hippowdon, M
|poke|p2|Stoutland, M
|poke|p2|Florges, F
|poke|p2|Cryogonal
|poke|p2|Alomomola, F
|teampreview
|
|start
|switch|p1a: Shaymin|Shaymin|341\/341
|switch|p2a: Cryogonal|Cryogonal|343\/343
|turn|1
|
|switch|p1a: Jynx|Jynx, F|271\/271
|move|p2a: Cryogonal|Freeze-Dry|p1a: Jynx
|-resisted|p1a: Jynx
|-damage|p1a: Jynx|228\/271
|
|turn|2
|
|switch|p2a: Alomomola|Alomomola, F|497\/497
|move|p1a: Jynx|Nasty Plot|p1a: Jynx
|-boost|p1a: Jynx|spa|2
|
|turn|3
|
|switch|p2a: Hippowdon|Hippowdon, M|420\/420
|-weather|Sandstorm
|move|p1a: Jynx|Lovely Kiss|p2a: Hippowdon
|-status|p2a: Hippowdon|slp
|
|-weather|Sandstorm|[upkeep]
|-damage|p1a: Jynx|212\/271|[from] sandstorm
|turn|4
|
|switch|p2a: Cryogonal|Cryogonal|343\/343
|move|p1a: Jynx|Psyshock|p2a: Cryogonal
|-damage|p2a: Cryogonal|0 fnt
|-damage|p1a: Jynx|185\/271|[from] item: Life Orb
|faint|p2a: Cryogonal
|
|-weather|Sandstorm|[upkeep]
|-damage|p1a: Jynx|169\/271|[from] sandstorm
|
|switch|p2a: Dog|Stoutland, M|311\/311
|turn|5
|
|move|p2a: Dog|Pursuit|p1a: Jynx|[from]Pursuit
|-supereffective|p1a: Jynx
|-damage|p1a: Jynx|0 fnt
|faint|p1a: Jynx
|
|-weather|Sandstorm|[upkeep]
|
|switch|p1a: Cobalion|Cobalion|363\/363
|turn|6
|
|switch|p2a: Hippowdon|Hippowdon, M|420\/420 slp
|move|p1a: Cobalion|Stealth Rock|p2a: Hippowdon
|-sidestart|p2: ANGER MANAGEMENT|move: Stealth Rock
|
|-weather|Sandstorm|[upkeep]
|turn|7
|
|switch|p1a: Shaymin|Shaymin|341\/341
|cant|p2a: Hippowdon|slp
|
|-weather|Sandstorm|[upkeep]
|-damage|p1a: Shaymin|320\/341|[from] sandstorm
|turn|8
|
|switch|p2a: Sigilyph|Sigilyph, F|311\/311
|move|p1a: Shaymin|Seed Flare|p2a: Sigilyph
|-resisted|p2a: Sigilyph
|-damage|p2a: Sigilyph|167\/311
|-unboost|p2a: Sigilyph|spd|2
|-damage|p1a: Shaymin|286\/341|[from] item: Life Orb
|
|-weather|Sandstorm|[upkeep]
|-damage|p1a: Shaymin|265\/341|[from] sandstorm
|turn|9
|
|switch|p2a: Florges|Florges, F|360\/360
|-damage|p2a: Florges|315\/360|[from] Stealth Rock
|move|p1a: Shaymin|Seed Flare|p2a: Florges
|-damage|p2a: Florges|163\/360
|-unboost|p2a: Florges|spd|2
|-damage|p1a: Shaymin|231\/341|[from] item: Life Orb
|
|-weather|Sandstorm|[upkeep]
|-damage|p1a: Shaymin|210\/341|[from] sandstorm
|-damage|p2a: Florges|141\/360|[from] sandstorm
|-heal|p2a: Florges|163\/360|[from] item: Leftovers
|turn|10
|chat|LTI Meru|lel
|
|move|p2a: Florges|Protect|p2a: Florges
|-singleturn|p2a: Florges|Protect
|move|p1a: Shaymin|Seed Flare|p2a: Florges
|-activate|p2a: Florges|Protect
|
|-weather|none
|-heal|p2a: Florges|185\/360|[from] item: Leftovers
|turn|11
|chat|LTI Meru|sac something plz
|
|switch|p2a: Sigilyph|Sigilyph, F|167\/311
|move|p1a: Shaymin|Seed Flare|p2a: Sigilyph|[miss]
|-miss|p1a: Shaymin|p2a: Sigilyph
|
|turn|12
|
|switch|p1a: Entei|Entei, shiny|371\/371
|-ability|p1a: Entei|Pressure
|move|p2a: Sigilyph|Roost|p2a: Sigilyph
|-heal|p2a: Sigilyph|311\/311
|
|turn|13
|
|switch|p2a: Alomomola|Alomomola, F|497\/497
|-damage|p2a: Alomomola|435\/497|[from] Stealth Rock
|move|p1a: Entei|Sacred Fire|p2a: Alomomola
|-resisted|p2a: Alomomola
|-damage|p2a: Alomomola|318\/497
|
|-heal|p2a: Alomomola|349\/497|[from] item: Leftovers
|turn|14
|
|switch|p1a: Cobalion|Cobalion|363\/363
|move|p2a: Alomomola|Knock Off|p1a: Cobalion
|-crit|p1a: Cobalion
|-resisted|p1a: Cobalion
|-damage|p1a: Cobalion|325\/363
|-boost|p1a: Cobalion|atk|1|[from] ability: Justified
|-damage|p2a: Alomomola|267\/497|[from] item: Rocky Helmet|[of] p1a: Cobalion
|-enditem|p1a: Cobalion|Rocky Helmet|[from] move: Knock Off|[of] p2a: Alomomola
|
|-heal|p2a: Alomomola|298\/497|[from] item: Leftovers
|turn|15
|
|move|p1a: Cobalion|Taunt|p2a: Alomomola
|-start|p2a: Alomomola|move: Taunt
|cant|p2a: Alomomola|move: Taunt|Wish
|
|-heal|p2a: Alomomola|329\/497|[from] item: Leftovers
|turn|16
|
|switch|p2a: Sigilyph|Sigilyph, F|311\/311
|move|p1a: Cobalion|Iron Head|p2a: Sigilyph
|-damage|p2a: Sigilyph|139\/311
|
|turn|17
|join|watfor
|
|switch|p2a: Hippowdon|Hippowdon, M|420\/420 slp
|-damage|p2a: Hippowdon|394\/420 slp|[from] Stealth Rock
|-weather|Sandstorm
|move|p1a: Cobalion|Iron Head|p2a: Hippowdon
|-damage|p2a: Hippowdon|304\/420 slp
|
|-weather|Sandstorm|[upkeep]
|turn|18
|
|switch|p1a: Blastoise|Blastoise, M|362\/362
|cant|p2a: Hippowdon|slp
|
|-weather|Sandstorm|[upkeep]
|-damage|p1a: Blastoise|340\/362|[from] sandstorm
|turn|19
|
|switch|p2a: Alomomola|Alomomola, F|494\/497
|-damage|p2a: Alomomola|432\/497|[from] Stealth Rock
|detailschange|p1a: Blastoise|Blastoise-Mega, M
|message|Blastoise has Mega Evolved into Mega Blastoise!
|move|p1a: Blastoise|Scald|p2a: Alomomola
|-resisted|p2a: Alomomola
|-damage|p2a: Alomomola|319\/497
|
|-weather|Sandstorm|[upkeep]
|-damage|p1a: Blastoise|318\/362|[from] sandstorm
|-damage|p2a: Alomomola|288\/497|[from] sandstorm
|-heal|p2a: Alomomola|319\/497|[from] item: Leftovers
|turn|20
|
|move|p1a: Blastoise|Scald|p2a: Alomomola
|-resisted|p2a: Alomomola
|-damage|p2a: Alomomola|197\/497
|move|p2a: Alomomola|Wish|p2a: Alomomola
|
|-weather|Sandstorm|[upkeep]
|-damage|p1a: Blastoise|296\/362|[from] sandstorm
|-damage|p2a: Alomomola|166\/497|[from] sandstorm
|-heal|p2a: Alomomola|197\/497|[from] item: Leftovers
|turn|21
|
|switch|p2a: Florges|Florges, F|185\/360
|-damage|p2a: Florges|140\/360|[from] Stealth Rock
|move|p1a: Blastoise|Scald|p2a: Florges
|-damage|p2a: Florges|40\/360
|-status|p2a: Florges|brn
|
|-weather|Sandstorm|[upkeep]
|-damage|p1a: Blastoise|274\/362|[from] sandstorm
|-damage|p2a: Florges|18\/360 brn|[from] sandstorm
|-heal|p2a: Florges|266\/360 brn|[from] move: Wish|[wisher] Alomomola
|-heal|p2a: Florges|288\/360 brn|[from] item: Leftovers
|-damage|p2a: Florges|243\/360 brn|[from] brn
|turn|22
|
|switch|p1a: Entei|Entei, shiny|371\/371
|-ability|p1a: Entei|Pressure
|move|p2a: Florges|Aromatherapy|p2a: Florges
|-cureteam|p2a: Florges|[from] move: Aromatherapy
|
|-weather|Sandstorm|[upkeep]
|-damage|p1a: Entei|348\/371|[from] sandstorm
|-damage|p2a: Florges|221\/360|[from] sandstorm
|-heal|p2a: Florges|243\/360|[from] item: Leftovers
|turn|23
|
|move|p2a: Florges|Protect|p2a: Florges
|-singleturn|p2a: Florges|Protect
|move|p1a: Entei|Sacred Fire|p2a: Florges
|-activate|p2a: Florges|Protect
|
|-weather|Sandstorm|[upkeep]
|-damage|p1a: Entei|325\/371|[from] sandstorm
|-damage|p2a: Florges|221\/360|[from] sandstorm
|-heal|p2a: Florges|243\/360|[from] item: Leftovers
|turn|24
|
|switch|p2a: Alomomola|Alomomola, F|362\/497
|-damage|p2a: Alomomola|300\/497|[from] Stealth Rock
|move|p1a: Entei|Sacred Fire|p2a: Alomomola
|-crit|p2a: Alomomola
|-resisted|p2a: Alomomola
|-damage|p2a: Alomomola|124\/497
|
|-weather|none
|-heal|p2a: Alomomola|155\/497|[from] item: Leftovers
|turn|25
|
|switch|p1a: Shaymin|Shaymin|210\/341
|move|p2a: Alomomola|Wish|p2a: Alomomola
|
|-heal|p2a: Alomomola|186\/497|[from] item: Leftovers
|turn|26
|
|switch|p2a: Florges|Florges, F|243\/360
|-damage|p2a: Florges|198\/360|[from] Stealth Rock
|move|p1a: Shaymin|Seed Flare|p2a: Florges
|-damage|p2a: Florges|50\/360
|-damage|p1a: Shaymin|176\/341|[from] item: Life Orb
|
|-heal|p2a: Florges|298\/360|[from] move: Wish|[wisher] Alomomola
|-heal|p2a: Florges|320\/360|[from] item: Leftovers
|turn|27
|chat|LTI Meru|wow thiss is gay :(
|chat|watfor|double wishers
|chat|watfor|:D
|
|move|p1a: Shaymin|Seed Flare|p2a: Florges|[miss]
|-miss|p1a: Shaymin|p2a: Florges
|move|p2a: Florges|Moonblast|p1a: Shaymin
|-damage|p1a: Shaymin|61\/341
|
|-heal|p2a: Florges|342\/360|[from] item: Leftovers
|turn|28
|
|move|p1a: Shaymin|Synthesis|p1a: Shaymin
|-heal|p1a: Shaymin|231\/341
|move|p2a: Florges|Moonblast|p1a: Shaymin
|-damage|p1a: Shaymin|101\/341
|
|-heal|p2a: Florges|360\/360|[from] item: Leftovers
|turn|29
|
|move|p1a: Shaymin|Synthesis|p1a: Shaymin
|-heal|p1a: Shaymin|271\/341
|move|p2a: Florges|Moonblast|p1a: Shaymin
|-damage|p1a: Shaymin|151\/341
|
|turn|30
|chat|LTI Meru|dum cuz my stallbreaker is pursuit weak
|
|move|p1a: Shaymin|Synthesis|p1a: Shaymin
|-heal|p1a: Shaymin|321\/341
|move|p2a: Florges|Moonblast|p1a: Shaymin
|-damage|p1a: Shaymin|207\/341
|
|turn|31
|
|switch|p1a: Entei|Entei, shiny|325\/371
|-ability|p1a: Entei|Pressure
|move|p2a: Florges|Moonblast|p1a: Entei
|-resisted|p1a: Entei
|-damage|p1a: Entei|250\/371
|-unboost|p1a: Entei|spa|1
|
|turn|32
|
|move|p2a: Florges|Protect|p2a: Florges
|-singleturn|p2a: Florges|Protect
|move|p1a: Entei|Iron Head|p2a: Florges
|-activate|p2a: Florges|Protect
|
|turn|33
|
|switch|p2a: Alomomola|Alomomola, F|351\/497
|-damage|p2a: Alomomola|289\/497|[from] Stealth Rock
|move|p1a: Entei|Iron Head|p2a: Alomomola
|-resisted|p2a: Alomomola
|-damage|p2a: Alomomola|225\/497
|
|-heal|p2a: Alomomola|256\/497|[from] item: Leftovers
|turn|34
|
|switch|p1a: Cobalion|Cobalion|325\/363
|move|p2a: Alomomola|Wish|p2a: Alomomola
|
|-heal|p2a: Alomomola|287\/497|[from] item: Leftovers
|turn|35
|
|switch|p2a: Hippowdon|Hippowdon, M|304\/420
|-damage|p2a: Hippowdon|278\/420|[from] Stealth Rock
|-weather|Sandstorm
|move|p1a: Cobalion|Taunt|p2a: Hippowdon
|-start|p2a: Hippowdon|move: Taunt
|
|-weather|Sandstorm|[upkeep]
|-heal|p2a: Hippowdon|420\/420|[from] move: Wish|[wisher] Alomomola
|turn|36
|
|switch|p1a: Blastoise|Blastoise-Mega, M|274\/362
|switch|p2a: Dog|Stoutland, M|311\/311
|-damage|p2a: Dog|273\/311|[from] Stealth Rock
|
|-weather|Sandstorm|[upkeep]
|-damage|p1a: Blastoise|252\/362|[from] sandstorm
|turn|37
|
|switch|p2a: Florges|Florges, F|360\/360
|-damage|p2a: Florges|315\/360|[from] Stealth Rock
|move|p1a: Blastoise|Scald|p2a: Florges
|-damage|p2a: Florges|213\/360
|
|-weather|Sandstorm|[upkeep]
|-damage|p1a: Blastoise|230\/362|[from] sandstorm
|-damage|p2a: Florges|191\/360|[from] sandstorm
|-heal|p2a: Florges|213\/360|[from] item: Leftovers
|turn|38
|
|switch|p1a: Entei|Entei, shiny|250\/371
|-ability|p1a: Entei|Pressure
|move|p2a: Florges|Wish|p2a: Florges
|
|-weather|Sandstorm|[upkeep]
|-damage|p1a: Entei|227\/371|[from] sandstorm
|-damage|p2a: Florges|191\/360|[from] sandstorm
|-heal|p2a: Florges|213\/360|[from] item: Leftovers
|turn|39
|chat|LTI Meru|>_>
|
|move|p2a: Florges|Protect|p2a: Florges
|-singleturn|p2a: Florges|Protect
|move|p1a: Entei|Sacred Fire|p2a: Florges
|-activate|p2a: Florges|Protect
|
|-weather|Sandstorm|[upkeep]
|-damage|p1a: Entei|204\/371|[from] sandstorm
|-damage|p2a: Florges|191\/360|[from] sandstorm
|-heal|p2a: Florges|360\/360|[from] move: Wish|[wisher] Florges
|turn|40
|
|switch|p2a: Alomomola|Alomomola, F|452\/497
|-damage|p2a: Alomomola|390\/497|[from] Stealth Rock
|move|p1a: Entei|Sacred Fire|p2a: Alomomola
|-resisted|p2a: Alomomola
|-damage|p2a: Alomomola|286\/497
|
|-weather|Sandstorm|[upkeep]
|-damage|p1a: Entei|181\/371|[from] sandstorm
|-damage|p2a: Alomomola|255\/497|[from] sandstorm
|-heal|p2a: Alomomola|286\/497|[from] item: Leftovers
|turn|41
|chat|LTI Meru|why isnt this shit burning
|
|move|p1a: Entei|Sacred Fire|p2a: Alomomola
|-resisted|p2a: Alomomola
|-damage|p2a: Alomomola|168\/497
|move|p2a: Alomomola|Wish|p2a: Alomomola
|
|-weather|Sandstorm|[upkeep]
|-damage|p1a: Entei|158\/371|[from] sandstorm
|-damage|p2a: Alomomola|137\/497|[from] sandstorm
|-heal|p2a: Alomomola|168\/497|[from] item: Leftovers
|turn|42
|
|move|p1a: Entei|Sacred Fire|p2a: Alomomola
|-resisted|p2a: Alomomola
|-damage|p2a: Alomomola|60\/497
|move|p2a: Alomomola|Toxic|p1a: Entei
|-status|p1a: Entei|tox
|
|-weather|none
|-heal|p2a: Alomomola|308\/497|[from] move: Wish|[wisher] Alomomola
|-heal|p2a: Alomomola|339\/497|[from] item: Leftovers
|-damage|p1a: Entei|135\/371 tox|[from] psn
|turn|43
|chat|LTI Meru|@_@
|chat|LTI Meru|ffs
|-message|LTI Meru forfeited.
|
|win|ANGER MANAGEMENT
|raw|Ladder updating...
|raw|LTI Meru's rating: 1674 &rarr; <strong>1656<\/strong><br \/>(-18 for losing)
|raw|ANGER MANAGEMENT's rating: 1716 &rarr; <strong>1734<\/strong><br \/>(+18 for winning)
|leave|LTI Meru
|player|p1