|join|ANGER MANAGEMENT
|join|Juice Weasel
|player|p1|ANGER MANAGEMENT|123
|player|p2|Juice Weasel|154
|gametype|singles
|gen|6
|tier|UU
|rated
|rule|Sleep Clause Mod: Limit one foe put to sleep
|rule|Species Clause: Limit one of each Pokemon
|rule|OHKO Clause: OHKO moves are banned
|rule|Moody Clause: Moody is banned
|rule|Evasion Moves Clause: Evasion moves are banned
|rule|Endless Battle Clause: Forcing endless battles is banned.
|rule|HP Percentage Mod: HP is reported as percentages
|clearpoke
|poke|p1|Florges, F
|poke|p1|Crobat, M
|poke|p1|Sableye, M
|poke|p1|Swampert, M
|poke|p1|Flygon, F
|poke|p1|Jirachi, shiny
|poke|p2|Slowbro, M
|poke|p2|Florges, F
|poke|p2|Roserade, M
|poke|p2|Escavalier, M
|poke|p2|Aerodactyl, M, shiny
|poke|p2|Hippowdon, M
|teampreview
|
|start
|switch|p1a: Sableye|Sableye, M|304\/304
|switch|p2a: Freya|Florges, F|360\/360
|turn|1
|
|switch|p2a: Highgarden|Roserade, M|261\/261
|switch|p1a: Crobat|Crobat, M|355\/355
|
|turn|2
|
|switch|p2a: Hungry Hungry|Hippowdon, M|417\/417
|-weather|Sandstorm
|move|p1a: Crobat|Super Fang|p2a: Hungry Hungry
|-damage|p2a: Hungry Hungry|209\/417
|
|-weather|Sandstorm|[upkeep]
|-damage|p1a: Crobat|333\/355|[from] sandstorm
|-heal|p1a: Crobat|355\/355|[from] item: Black Sludge
|-heal|p2a: Hungry Hungry|235\/417|[from] item: Leftovers
|turn|3
|
|move|p1a: Crobat|Taunt|p2a: Hungry Hungry
|-start|p2a: Hungry Hungry|move: Taunt
|cant|p2a: Hungry Hungry|move: Taunt|Stealth Rock
|
|-weather|Sandstorm|[upkeep]
|-damage|p1a: Crobat|333\/355|[from] sandstorm
|-heal|p1a: Crobat|355\/355|[from] item: Black Sludge
|-heal|p2a: Hungry Hungry|261\/417|[from] item: Leftovers
|turn|4
|
|switch|p2a: Short Bus|Slowbro, M|393\/393
|move|p1a: Crobat|Super Fang|p2a: Short Bus
|-damage|p2a: Short Bus|197\/393
|
|-weather|Sandstorm|[upkeep]
|-damage|p1a: Crobat|333\/355|[from] sandstorm
|-damage|p2a: Short Bus|173\/393|[from] sandstorm
|-heal|p1a: Crobat|355\/355|[from] item: Black Sludge
|-heal|p2a: Short Bus|197\/393|[from] item: Leftovers
|turn|5
|
|switch|p1a: Swampert|Swampert, M|401\/401
|move|p2a: Short Bus|Scald|p1a: Swampert
|-damage|p1a: Swampert|292\/401
|
|-weather|Sandstorm|[upkeep]
|-damage|p2a: Short Bus|173\/393|[from] sandstorm
|-heal|p1a: Swampert|317\/401|[from] item: Leftovers
|-heal|p2a: Short Bus|197\/393|[from] item: Leftovers
|turn|6
|
|move|p1a: Swampert|Stealth Rock|p2a: Short Bus
|-sidestart|p2: Juice Weasel|move: Stealth Rock
|move|p2a: Short Bus|Scald|p1a: Swampert
|-crit|p1a: Swampert
|-damage|p1a: Swampert|169\/401
|
|-weather|none
|-heal|p1a: Swampert|194\/401|[from] item: Leftovers
|-heal|p2a: Short Bus|221\/393|[from] item: Leftovers
|turn|7
|
|switch|p1a: Sableye|Sableye, M|304\/304
|move|p2a: Short Bus|Scald|p1a: Sableye
|-damage|p1a: Sableye|201\/304
|
|-heal|p1a: Sableye|220\/304|[from] item: Leftovers
|-heal|p2a: Short Bus|245\/393|[from] item: Leftovers
|turn|8
|
|switch|p2a: Freya|Florges, F|360\/360
|-damage|p2a: Freya|315\/360|[from] Stealth Rock
|move|p1a: Sableye|Knock Off|p2a: Freya
|-resisted|p2a: Freya
|-damage|p2a: Freya|270\/360
|-enditem|p2a: Freya|Leftovers|[from] move: Knock Off|[of] p1a: Sableye
|
|-heal|p1a: Sableye|239\/304|[from] item: Leftovers
|turn|9
|
|switch|p1a: Jirachi|Jirachi, shiny|341\/341
|move|p2a: Freya|Moonblast|p1a: Jirachi
|-resisted|p1a: Jirachi
|-damage|p1a: Jirachi|276\/341
|
|turn|10
|
|move|p2a: Freya|Protect|p2a: Freya
|-singleturn|p2a: Freya|Protect
|move|p1a: Jirachi|Shadow Ball|p2a: Freya
|-activate|p2a: Freya|Protect
|
|turn|11
|
|move|p1a: Jirachi|Calm Mind|p1a: Jirachi
|-boost|p1a: Jirachi|spa|1
|-boost|p1a: Jirachi|spd|1
|move|p2a: Freya|Moonblast|p1a: Jirachi
|-resisted|p1a: Jirachi
|-damage|p1a: Jirachi|234\/341
|
|turn|12
|
|switch|p2a: KnightsOftheRound|Escavalier, M|343\/343
|-damage|p2a: KnightsOftheRound|301\/343|[from] Stealth Rock
|move|p1a: Jirachi|Shadow Ball|p2a: KnightsOftheRound
|-damage|p2a: KnightsOftheRound|207\/343
|
|-heal|p2a: KnightsOftheRound|228\/343|[from] item: Leftovers
|turn|13
|
|switch|p1a: Crobat|Crobat, M|355\/355
|move|p2a: KnightsOftheRound|Megahorn|p1a: Crobat
|-crit|p1a: Crobat
|-resisted|p1a: Crobat
|-damage|p1a: Crobat|274\/355
|
|-heal|p1a: Crobat|296\/355|[from] item: Black Sludge
|-heal|p2a: KnightsOftheRound|249\/343|[from] item: Leftovers
|turn|14
|
|switch|p2a: Short Bus|Slowbro, M|376\/393
|-damage|p2a: Short Bus|327\/393|[from] Stealth Rock
|move|p1a: Crobat|Super Fang|p2a: Short Bus
|-damage|p2a: Short Bus|164\/393
|
|-heal|p1a: Crobat|318\/355|[from] item: Black Sludge
|-heal|p2a: Short Bus|188\/393|[from] item: Leftovers
|turn|15
|
|move|p1a: Crobat|Super Fang|p2a: Short Bus|[miss]
|-miss|p1a: Crobat|p2a: Short Bus
|move|p2a: Short Bus|Scald|p1a: Crobat
|-damage|p1a: Crobat|216\/355
|
|-heal|p1a: Crobat|238\/355|[from] item: Black Sludge
|-heal|p2a: Short Bus|212\/393|[from] item: Leftovers
|turn|16
|
|switch|p1a: Sableye|Sableye, M|239\/304
|move|p2a: Short Bus|Scald|p1a: Sableye
|-damage|p1a: Sableye|143\/304
|-status|p1a: Sableye|brn
|
|-heal|p1a: Sableye|162\/304 brn|[from] item: Leftovers
|-heal|p2a: Short Bus|236\/393|[from] item: Leftovers
|-damage|p1a: Sableye|124\/304 brn|[from] brn
|turn|17
|
|switch|p2a: Freya|Florges, F|270\/360
|-damage|p2a: Freya|225\/360|[from] Stealth Rock
|move|p1a: Sableye|Taunt|p2a: Freya
|-start|p2a: Freya|move: Taunt
|
|-heal|p1a: Sableye|143\/304 brn|[from] item: Leftovers
|-damage|p1a: Sableye|105\/304 brn|[from] brn
|turn|18
|
|switch|p1a: Florges|Florges, F|360\/360
|move|p2a: Freya|Moonblast|p1a: Florges
|-damage|p1a: Florges|287\/360
|
|-heal|p1a: Florges|309\/360|[from] item: Leftovers
|turn|19
|
|switch|p2a: KnightsOftheRound|Escavalier, M|249\/343
|-damage|p2a: KnightsOftheRound|207\/343|[from] Stealth Rock
|move|p1a: Florges|Wish|p1a: Florges
|
|-heal|p1a: Florges|331\/360|[from] item: Leftovers
|-heal|p2a: KnightsOftheRound|228\/343|[from] item: Leftovers
|turn|20
|
|switch|p1a: Swampert|Swampert, M|194\/401
|move|p2a: KnightsOftheRound|Megahorn|p1a: Swampert
|-damage|p1a: Swampert|58\/401
|
|-heal|p1a: Swampert|238\/401|[from] move: Wish|[wisher] Florges
|-heal|p1a: Swampert|263\/401|[from] item: Leftovers
|-heal|p2a: KnightsOftheRound|249\/343|[from] item: Leftovers
|turn|21
|
|move|p1a: Swampert|Earthquake|p2a: KnightsOftheRound
|-damage|p2a: KnightsOftheRound|128\/343
|move|p2a: KnightsOftheRound|Megahorn|p1a: Swampert
|-damage|p1a: Swampert|115\/401
|
|-heal|p1a: Swampert|140\/401|[from] item: Leftovers
|-heal|p2a: KnightsOftheRound|149\/343|[from] item: Leftovers
|turn|22
|
|move|p1a: Swampert|Scald|p2a: KnightsOftheRound
|-damage|p2a: KnightsOftheRound|89\/343
|move|p2a: KnightsOftheRound|Rest|p2a: KnightsOftheRound
|-status|p2a: KnightsOftheRound|slp
|-heal|p2a: KnightsOftheRound|343\/343 slp|[silent]
|-status|p2a: KnightsOftheRound|slp|[from] move: Rest
|
|-heal|p1a: Swampert|165\/401|[from] item: Leftovers
|turn|23
|
|move|p1a: Swampert|Earthquake|p2a: KnightsOftheRound
|-damage|p2a: KnightsOftheRound|231\/343 slp
|cant|p2a: KnightsOftheRound|slp
|move|p2a: KnightsOftheRound|Sleep Talk|p2a: KnightsOftheRound
|move|p2a: KnightsOftheRound|Rest|p2a: KnightsOftheRound|[from]Sleep Talk
|-fail|p2a: KnightsOftheRound
|
|-heal|p1a: Swampert|190\/401|[from] item: Leftovers
|-heal|p2a: KnightsOftheRound|252\/343 slp|[from] item: Leftovers
|turn|24
|
|switch|p1a: Crobat|Crobat, M|238\/355
|cant|p2a: KnightsOftheRound|slp
|move|p2a: KnightsOftheRound|Sleep Talk|p2a: KnightsOftheRound
|move|p2a: KnightsOftheRound|Iron Head|p1a: Crobat|[from]Sleep Talk
|-damage|p1a: Crobat|82\/355
|
|-heal|p1a: Crobat|104\/355|[from] item: Black Sludge
|-heal|p2a: KnightsOftheRound|273\/343 slp|[from] item: Leftovers
|turn|25
|
|move|p1a: Crobat|Roost|p1a: Crobat
|-heal|p1a: Crobat|282\/355
|-curestatus|p2a: KnightsOftheRound|slp
|move|p2a: KnightsOftheRound|Iron Head|p1a: Crobat
|-damage|p1a: Crobat|131\/355
|
|-heal|p1a: Crobat|153\/355|[from] item: Black Sludge
|-heal|p2a: KnightsOftheRound|294\/343|[from] item: Leftovers
|turn|26
|
|move|p1a: Crobat|Roost|p1a: Crobat
|-heal|p1a: Crobat|331\/355
|move|p2a: KnightsOftheRound|Iron Head|p1a: Crobat
|-damage|p1a: Crobat|186\/355
|
|-heal|p1a: Crobat|208\/355|[from] item: Black Sludge
|-heal|p2a: KnightsOftheRound|315\/343|[from] item: Leftovers
|turn|27
|
|move|p1a: Crobat|Super Fang|p2a: KnightsOftheRound
|-damage|p2a: KnightsOftheRound|158\/343
|move|p2a: KnightsOftheRound|Iron Head|p1a: Crobat
|-damage|p1a: Crobat|57\/355
|
|-heal|p1a: Crobat|79\/355|[from] item: Black Sludge
|-heal|p2a: KnightsOftheRound|179\/343|[from] item: Leftovers
|turn|28
|
|move|p1a: Crobat|Roost|p1a: Crobat
|-heal|p1a: Crobat|257\/355
|move|p2a: KnightsOftheRound|Iron Head|p1a: Crobat
|-damage|p1a: Crobat|103\/355
|
|-heal|p1a: Crobat|125\/355|[from] item: Black Sludge
|-heal|p2a: KnightsOftheRound|200\/343|[from] item: Leftovers
|turn|29
|
|move|p1a: Crobat|Roost|p1a: Crobat
|-heal|p1a: Crobat|303\/355
|move|p2a: KnightsOftheRound|Iron Head|p1a: Crobat
|-damage|p1a: Crobat|150\/355
|
|-heal|p1a: Crobat|172\/355|[from] item: Black Sludge
|-heal|p2a: KnightsOftheRound|221\/343|[from] item: Leftovers
|turn|30
|
|move|p1a: Crobat|Taunt|p2a: KnightsOftheRound
|-start|p2a: KnightsOftheRound|move: Taunt
|move|p2a: KnightsOftheRound|Iron Head|p1a: Crobat
|-damage|p1a: Crobat|27\/355
|
|-heal|p1a: Crobat|49\/355|[from] item: Black Sludge
|-heal|p2a: KnightsOftheRound|242\/343|[from] item: Leftovers
|turn|31
|
|move|p1a: Crobat|Roost|p1a: Crobat
|-heal|p1a: Crobat|227\/355
|move|p2a: KnightsOftheRound|Iron Head|p1a: Crobat
|-damage|p1a: Crobat|71\/355
|
|-heal|p1a: Crobat|93\/355|[from] item: Black Sludge
|-heal|p2a: KnightsOftheRound|263\/343|[from] item: Leftovers
|turn|32
|
|move|p1a: Crobat|Roost|p1a: Crobat
|-heal|p1a: Crobat|271\/355
|move|p2a: KnightsOftheRound|Iron Head|p1a: Crobat
|-damage|p1a: Crobat|132\/355
|
|-heal|p1a: Crobat|154\/355|[from] item: Black Sludge
|-heal|p2a: KnightsOftheRound|284\/343|[from] item: Leftovers
|-end|p2a: KnightsOftheRound|move: Taunt
|turn|33
|
|switch|p2a: Short Bus|Slowbro, M|367\/393
|-damage|p2a: Short Bus|318\/393|[from] Stealth Rock
|move|p1a: Crobat|Roost|p1a: Crobat
|-heal|p1a: Crobat|332\/355
|
|-heal|p1a: Crobat|354\/355|[from] item: Black Sludge
|-heal|p2a: Short Bus|342\/393|[from] item: Leftovers
|turn|34
|
|switch|p1a: Florges|Florges, F|331\/360
|move|p2a: Short Bus|Psyshock|p1a: Florges
|-damage|p1a: Florges|235\/360
|
|-heal|p1a: Florges|257\/360|[from] item: Leftovers
|-heal|p2a: Short Bus|366\/393|[from] item: Leftovers
|turn|35
|
|move|p1a: Florges|Aromatherapy|p1a: Florges
|-cureteam|p1a: Florges|[from] move: Aromatherapy
|move|p2a: Short Bus|Calm Mind|p2a: Short Bus
|-boost|p2a: Short Bus|spa|1
|-boost|p2a: Short Bus|spd|1
|
|-heal|p1a: Florges|279\/360|[from] item: Leftovers
|-heal|p2a: Short Bus|390\/393|[from] item: Leftovers
|turn|36
|
|move|p1a: Florges|Wish|p1a: Florges
|move|p2a: Short Bus|Scald|p1a: Florges
|-damage|p1a: Florges|189\/360
|
|-heal|p1a: Florges|211\/360|[from] item: Leftovers
|-heal|p2a: Short Bus|393\/393|[from] item: Leftovers
|turn|37
|
|switch|p1a: Swampert|Swampert, M|190\/401
|move|p2a: Short Bus|Scald|p1a: Swampert
|-damage|p1a: Swampert|33\/401
|-status|p1a: Swampert|brn
|
|-heal|p1a: Swampert|213\/401 brn|[from] move: Wish|[wisher] Florges
|-heal|p1a: Swampert|238\/401 brn|[from] item: Leftovers
|-damage|p1a: Swampert|188\/401 brn|[from] brn
|turn|38
|
|move|p2a: Short Bus|Scald|p1a: Swampert
|-crit|p1a: Swampert
|-damage|p1a: Swampert|0 fnt
|faint|p1a: Swampert
|
|
|switch|p1a: Jirachi|Jirachi, shiny|234\/341
|turn|39
|
|move|p1a: Jirachi|Calm Mind|p1a: Jirachi
|-boost|p1a: Jirachi|spa|1
|-boost|p1a: Jirachi|spd|1
|move|p2a: Short Bus|Scald|p1a: Jirachi
|-damage|p1a: Jirachi|141\/341
|-status|p1a: Jirachi|brn
|
|-damage|p1a: Jirachi|99\/341 brn|[from] brn
|turn|40
|
|move|p1a: Jirachi|Shadow Ball|p2a: Short Bus
|-supereffective|p2a: Short Bus
|-damage|p2a: Short Bus|153\/393
|move|p2a: Short Bus|Scald|p1a: Jirachi
|-damage|p1a: Jirachi|0 fnt
|faint|p1a: Jirachi
|
|-heal|p2a: Short Bus|177\/393|[from] item: Leftovers
|
|switch|p1a: Sableye|Sableye, M|105\/304
|turn|41
|
|switch|p2a: Freya|Florges, F|225\/360
|-damage|p2a: Freya|180\/360|[from] Stealth Rock
|move|p1a: Sableye|Recover|p1a: Sableye
|-heal|p1a: Sableye|257\/304
|
|-heal|p1a: Sableye|276\/304|[from] item: Leftovers
|turn|42
|
|move|p1a: Sableye|Taunt|p2a: Freya
|-start|p2a: Freya|move: Taunt
|cant|p2a: Freya|move: Taunt|Wish
|
|-heal|p1a: Sableye|295\/304|[from] item: Leftovers
|turn|43
|
|switch|p1a: Crobat|Crobat, M|354\/355
|move|p2a: Freya|Moonblast|p1a: Crobat
|-resisted|p1a: Crobat
|-damage|p1a: Crobat|285\/355
|
|-heal|p1a: Crobat|307\/355|[from] item: Black Sludge
|turn|44
|
|switch|p1a: Sableye|Sableye, M|295\/304
|switch|p2a: Short Bus|Slowbro, M|308\/393
|-damage|p2a: Short Bus|259\/393|[from] Stealth Rock
|
|-heal|p1a: Sableye|304\/304|[from] item: Leftovers
|-heal|p2a: Short Bus|283\/393|[from] item: Leftovers
|turn|45
|
|switch|p2a: Highgarden|Roserade, M|261\/261
|-damage|p2a: Highgarden|229\/261|[from] Stealth Rock
|move|p1a: Sableye|Will-O-Wisp|p2a: Highgarden
|-status|p2a: Highgarden|brn
|
|-damage|p2a: Highgarden|197\/261 brn|[from] brn
|turn|46
|
|switch|p1a: Flygon|Flygon, F|301\/301
|move|p2a: Highgarden|Sleep Powder|p1a: Flygon
|-status|p1a: Flygon|slp
|
|-damage|p2a: Highgarden|165\/261 brn|[from] brn
|turn|47
|
|switch|p1a: Crobat|Crobat, M|307\/355
|switch|p2a: Petrie|Aerodactyl, M, shiny|361\/361
|-damage|p2a: Petrie|271\/361|[from] Stealth Rock
|
|-heal|p1a: Crobat|329\/355|[from] item: Black Sludge
|turn|48
|
|switch|p1a: Sableye|Sableye, M|304\/304
|detailschange|p2a: Petrie|Aerodactyl-Mega, M, shiny
|message|Aerodactyl has Mega Evolved into Mega Aerodactyl!
|move|p2a: Petrie|Aerial Ace|p1a: Sableye
|-damage|p1a: Sableye|160\/304
|
|-heal|p1a: Sableye|179\/304|[from] item: Leftovers
|turn|49
|
|move|p1a: Sableye|Will-O-Wisp|p2a: Petrie
|-status|p2a: Petrie|brn
|move|p2a: Petrie|Defog|p1a: Sableye
|-unboost|p1a: Sableye|evasion|1
|-sideend|p2: Juice Weasel|Stealth Rock|[from] move: Defog|[of] p2a: Petrie
|
|-heal|p1a: Sableye|198\/304|[from] item: Leftovers
|-damage|p2a: Petrie|226\/361 brn|[from] brn
|turn|50
|
|switch|p2a: Highgarden|Roserade, M|165\/261
|move|p1a: Sableye|Will-O-Wisp|p2a: Highgarden
|-status|p2a: Highgarden|brn
|
|-heal|p1a: Sableye|217\/304|[from] item: Leftovers
|-damage|p2a: Highgarden|133\/261 brn|[from] brn
|turn|51
|
|switch|p2a: Short Bus|Slowbro, M|393\/393
|switch|p1a: Crobat|Crobat, M|329\/355
|
|-heal|p1a: Crobat|351\/355|[from] item: Black Sludge
|turn|52
|
|move|p1a: Crobat|Taunt|p2a: Short Bus
|-start|p2a: Short Bus|move: Taunt
|move|p2a: Short Bus|Scald|p1a: Crobat
|-damage|p1a: Crobat|239\/355
|
|-heal|p1a: Crobat|261\/355|[from] item: Black Sludge
|turn|53
|
|move|p1a: Crobat|Super Fang|p2a: Short Bus
|-damage|p2a: Short Bus|197\/393
|move|p2a: Short Bus|Scald|p1a: Crobat
|-damage|p1a: Crobat|150\/355
|
|-heal|p1a: Crobat|172\/355|[from] item: Black Sludge
|-heal|p2a: Short Bus|221\/393|[from] item: Leftovers
|turn|54
|
|switch|p1a: Sableye|Sableye, M|217\/304
|move|p2a: Short Bus|Psyshock|p1a: Sableye
|-immune|p1a: Sableye|[msg]
|
|-heal|p1a: Sableye|236\/304|[from] item: Leftovers
|-heal|p2a: Short Bus|245\/393|[from] item: Leftovers
|-end|p2a: Short Bus|move: Taunt
|turn|55
|
|switch|p2a: Freya|Florges, F|180\/360
|move|p1a: Sableye|Will-O-Wisp|p2a: Freya
|-status|p2a: Freya|brn
|
|-heal|p1a: Sableye|255\/304|[from] item: Leftovers
|-damage|p2a: Freya|135\/360 brn|[from] brn
|turn|56
|
|switch|p1a: Crobat|Crobat, M|172\/355
|move|p2a: Freya|Moonblast|p1a: Crobat
|-resisted|p1a: Crobat
|-damage|p1a: Crobat|99\/355
|
|-heal|p1a: Crobat|121\/355|[from] item: Black Sludge
|-damage|p2a: Freya|90\/360 brn|[from] brn
|turn|57
|
|move|p1a: Crobat|Taunt|p2a: Freya
|-start|p2a: Freya|move: Taunt
|cant|p2a: Freya|move: Taunt|Aromatherapy
|
|-heal|p1a: Crobat|143\/355|[from] item: Black Sludge
|-damage|p2a: Freya|45\/360 brn|[from] brn
|turn|58
|
|switch|p2a: Short Bus|Slowbro, M|376\/393
|move|p1a: Crobat|Roost|p1a: Crobat
|-heal|p1a: Crobat|321\/355
|
|-heal|p1a: Crobat|343\/355|[from] item: Black Sludge
|-heal|p2a: Short Bus|393\/393|[from] item: Leftovers
|turn|59
|
|move|p1a: Crobat|Taunt|p2a: Short Bus
|-start|p2a: Short Bus|move: Taunt
|move|p2a: Short Bus|Psyshock|p1a: Crobat
|-supereffective|p1a: Crobat
|-damage|p1a: Crobat|137\/355
|
|-heal|p1a: Crobat|159\/355|[from] item: Black Sludge
|turn|60
|
|move|p1a: Crobat|Roost|p1a: Crobat
|-heal|p1a: Crobat|337\/355
|move|p2a: Short Bus|Scald|p1a: Crobat
|-damage|p1a: Crobat|234\/355
|
|-heal|p1a: Crobat|256\/355|[from] item: Black Sludge
|turn|61
|
|switch|p1a: Sableye|Sableye, M|255\/304
|move|p2a: Short Bus|Scald|p1a: Sableye
|-damage|p1a: Sableye|156\/304
|
|-heal|p1a: Sableye|175\/304|[from] item: Leftovers
|-end|p2a: Short Bus|move: Taunt
|turn|62
|join|slow testing
|
|move|p1a: Sableye|Knock Off|p2a: Short Bus
|-supereffective|p2a: Short Bus
|-damage|p2a: Short Bus|277\/393
|-enditem|p2a: Short Bus|Leftovers|[from] move: Knock Off|[of] p1a: Sableye
|move|p2a: Short Bus|Scald|p1a: Sableye
|-damage|p1a: Sableye|82\/304
|
|-heal|p1a: Sableye|101\/304|[from] item: Leftovers
|turn|63
|
|move|p1a: Sableye|Taunt|p2a: Short Bus
|-start|p2a: Short Bus|move: Taunt
|move|p2a: Short Bus|Scald|p1a: Sableye
|-damage|p1a: Sableye|1\/304
|
|-heal|p1a: Sableye|20\/304|[from] item: Leftovers
|turn|64
|
|move|p1a: Sableye|Recover|p1a: Sableye
|-heal|p1a: Sableye|172\/304
|move|p2a: Short Bus|Scald|p1a: Sableye
|-damage|p1a: Sableye|72\/304
|
|-heal|p1a: Sableye|91\/304|[from] item: Leftovers
|turn|65
|
|move|p1a: Sableye|Recover|p1a: Sableye
|-heal|p1a: Sableye|243\/304
|move|p2a: Short Bus|Scald|p1a: Sableye
|-damage|p1a: Sableye|141\/304
|
|-heal|p1a: Sableye|160\/304|[from] item: Leftovers
|-end|p2a: Short Bus|move: Taunt
|turn|66
|chat|slow testing|wow
|
|move|p1a: Sableye|Will-O-Wisp|p2a: Short Bus
|-status|p2a: Short Bus|brn
|move|p2a: Short Bus|Scald|p1a: Sableye
|-damage|p1a: Sableye|55\/304
|
|-heal|p1a: Sableye|74\/304|[from] item: Leftovers
|-damage|p2a: Short Bus|228\/393 brn|[from] brn
|turn|67
|chat|Juice Weasel|ikr
|
|move|p1a: Sableye|Recover|p1a: Sableye
|-heal|p1a: Sableye|226\/304
|move|p2a: Short Bus|Scald|p1a: Sableye
|-damage|p1a: Sableye|126\/304
|-status|p1a: Sableye|brn
|
|-heal|p1a: Sableye|145\/304 brn|[from] item: Leftovers
|-damage|p1a: Sableye|107\/304 brn|[from] brn
|-damage|p2a: Short Bus|179\/393 brn|[from] brn
|turn|68
|chat|slow testing|water veil sableye
|chat|slow testing|not anymore :\
|join|I'm Bi...sharp
|
|switch|p2a: KnightsOftheRound|Escavalier, M|284\/343
|move|p1a: Sableye|Recover|p1a: Sableye
|-heal|p1a: Sableye|259\/304 brn
|
|-heal|p1a: Sableye|278\/304 brn|[from] item: Leftovers
|-heal|p2a: KnightsOftheRound|305\/343|[from] item: Leftovers
|-damage|p1a: Sableye|240\/304 brn|[from] brn
|turn|69
|
|move|p1a: Sableye|Will-O-Wisp|p2a: KnightsOftheRound
|-status|p2a: KnightsOftheRound|brn
|move|p2a: KnightsOftheRound|Rest|p2a: KnightsOftheRound
|-status|p2a: KnightsOftheRound|slp
|-heal|p2a: KnightsOftheRound|343\/343 slp|[silent]
|-status|p2a: KnightsOftheRound|slp|[from] move: Rest
|
|-heal|p1a: Sableye|259\/304 brn|[from] item: Leftovers
|-damage|p1a: Sableye|221\/304 brn|[from] brn
|turn|70
|
|move|p1a: Sableye|Taunt|p2a: KnightsOftheRound
|-start|p2a: KnightsOftheRound|move: Taunt
|cant|p2a: KnightsOftheRound|slp
|cant|p2a: KnightsOftheRound|move: Taunt|Sleep Talk
|
|-heal|p1a: Sableye|240\/304 brn|[from] item: Leftovers
|-damage|p1a: Sableye|202\/304 brn|[from] brn
|turn|71
|
|move|p1a: Sableye|Knock Off|p2a: KnightsOftheRound
|-damage|p2a: KnightsOftheRound|301\/343 slp
|-enditem|p2a: KnightsOftheRound|Leftovers|[from] move: Knock Off|[of] p1a: Sableye
|cant|p2a: KnightsOftheRound|slp
|
|-heal|p1a: Sableye|221\/304 brn|[from] item: Leftovers
|-damage|p1a: Sableye|183\/304 brn|[from] brn
|turn|72
|
|move|p1a: Sableye|Recover|p1a: Sableye
|-heal|p1a: Sableye|304\/304 brn
|-curestatus|p2a: KnightsOftheRound|slp
|move|p2a: KnightsOftheRound|Iron Head|p1a: Sableye
|-damage|p1a: Sableye|151\/304 brn
|
|-heal|p1a: Sableye|170\/304 brn|[from] item: Leftovers
|-damage|p1a: Sableye|132\/304 brn|[from] brn
|-end|p2a: KnightsOftheRound|move: Taunt
|turn|73
|
|move|p1a: Sableye|Will-O-Wisp|p2a: KnightsOftheRound
|-status|p2a: KnightsOftheRound|brn
|move|p2a: KnightsOftheRound|Megahorn|p1a: Sableye
|-damage|p1a: Sableye|20\/304 brn
|
|-heal|p1a: Sableye|39\/304 brn|[from] item: Leftovers
|-damage|p1a: Sableye|1\/304 brn|[from] brn
|-damage|p2a: KnightsOftheRound|259\/343 brn|[from] brn
|turn|74
|
|move|p1a: Sableye|Taunt|p2a: KnightsOftheRound
|-start|p2a: KnightsOftheRound|move: Taunt
|cant|p2a: KnightsOftheRound|move: Taunt|Rest
|
|-heal|p1a: Sableye|20\/304 brn|[from] item: Leftovers
|-damage|p1a: Sableye|0 fnt|[from] brn
|-damage|p2a: KnightsOftheRound|217\/343 brn|[from] brn
|faint|p1a: Sableye
|
|switch|p1a: Crobat|Crobat, M|256\/355
|turn|75
|
|switch|p2a: Short Bus|Slowbro, M|310\/393 brn
|move|p1a: Crobat|Super Fang|p2a: Short Bus
|-damage|p2a: Short Bus|155\/393 brn
|
|-heal|p1a: Crobat|278\/355|[from] item: Black Sludge
|-damage|p2a: Short Bus|106\/393 brn|[from] brn
|turn|76
|leave|I'm Bi...sharp
|
|switch|p2a: Freya|Florges, F|45\/360 brn
|move|p1a: Crobat|Brave Bird|p2a: Freya
|-damage|p2a: Freya|0 fnt
|-damage|p1a: Crobat|263\/355|[from] recoil|[of] p2a: Freya
|faint|p2a: Freya
|
|-heal|p1a: Crobat|285\/355|[from] item: Black Sludge
|
|switch|p2a: Short Bus|Slowbro, M|237\/393 brn
|turn|77
|
|switch|p2a: Petrie|Aerodactyl-Mega, M, shiny|226\/361 brn
|move|p1a: Crobat|Taunt|p2a: Petrie
|-start|p2a: Petrie|move: Taunt
|
|-heal|p1a: Crobat|307\/355|[from] item: Black Sludge
|-damage|p2a: Petrie|181\/361 brn|[from] brn
|turn|78
|
|move|p1a: Crobat|Roost|p1a: Crobat
|-heal|p1a: Crobat|355\/355
|move|p2a: Petrie|Aerial Ace|p1a: Crobat
|-damage|p1a: Crobat|286\/355
|
|-heal|p1a: Crobat|308\/355|[from] item: Black Sludge
|-damage|p2a: Petrie|136\/361 brn|[from] brn
|turn|79
|
|move|p1a: Crobat|Brave Bird|p2a: Petrie
|-resisted|p2a: Petrie
|-damage|p2a: Petrie|70\/361 brn
|-damage|p1a: Crobat|286\/355|[from] recoil|[of] p2a: Petrie
|move|p2a: Petrie|Aerial Ace|p1a: Crobat
|-damage|p1a: Crobat|208\/355
|
|-heal|p1a: Crobat|230\/355|[from] item: Black Sludge
|-damage|p2a: Petrie|25\/361 brn|[from] brn
|turn|80
|
|move|p1a: Crobat|Roost|p1a: Crobat
|-heal|p1a: Crobat|355\/355
|move|p2a: Petrie|Aerial Ace|p1a: Crobat
|-damage|p1a: Crobat|286\/355
|
|-heal|p1a: Crobat|308\/355|[from] item: Black Sludge
|-damage|p2a: Petrie|0 fnt|[from] brn
|faint|p2a: Petrie
|
|switch|p2a: Short Bus|Slowbro, M|368\/393 brn
|turn|81
|
|move|p1a: Crobat|Super Fang|p2a: Short Bus
|-damage|p2a: Short Bus|184\/393 brn
|move|p2a: Short Bus|Psyshock|p1a: Crobat
|-supereffective|p1a: Crobat
|-damage|p1a: Crobat|78\/355
|
|-heal|p1a: Crobat|100\/355|[from] item: Black Sludge
|-damage|p2a: Short Bus|135\/393 brn|[from] brn
|turn|82
|
|move|p1a: Crobat|Roost|p1a: Crobat
|-heal|p1a: Crobat|278\/355
|move|p2a: Short Bus|Slack Off|p2a: Short Bus
|-heal|p2a: Short Bus|332\/393 brn
|
|-heal|p1a: Crobat|300\/355|[from] item: Black Sludge
|-damage|p2a: Short Bus|283\/393 brn|[from] brn
|turn|83
|
|switch|p1a: Florges|Florges, F|211\/360
|move|p2a: Short Bus|Psyshock|p1a: Florges
|-crit|p1a: Florges
|-damage|p1a: Florges|70\/360
|
|-heal|p1a: Florges|92\/360|[from] item: Leftovers
|-damage|p2a: Short Bus|234\/393 brn|[from] brn
|turn|84
|
|switch|p1a: Crobat|Crobat, M|300\/355
|move|p2a: Short Bus|Calm Mind|p2a: Short Bus
|-boost|p2a: Short Bus|spa|1
|-boost|p2a: Short Bus|spd|1
|
|-heal|p1a: Crobat|322\/355|[from] item: Black Sludge
|-damage|p2a: Short Bus|185\/393 brn|[from] brn
|turn|85
|
|move|p1a: Crobat|Taunt|p2a: Short Bus
|-start|p2a: Short Bus|move: Taunt
|move|p2a: Short Bus|Psyshock|p1a: Crobat
|-supereffective|p1a: Crobat
|-damage|p1a: Crobat|0 fnt
|faint|p1a: Crobat
|
|-damage|p2a: Short Bus|136\/393 brn|[from] brn
|
|switch|p1a: Florges|Florges, F|92\/360
|turn|86
|
|switch|p2a: KnightsOftheRound|Escavalier, M|217\/343 brn
|move|p1a: Florges|Aromatherapy|p1a: Florges
|-cureteam|p1a: Florges|[from] move: Aromatherapy
|
|-heal|p1a: Florges|114\/360|[from] item: Leftovers
|-damage|p2a: KnightsOftheRound|175\/343 brn|[from] brn
|turn|87
|
|switch|p1a: Flygon|Flygon, F|301\/301
|move|p2a: KnightsOftheRound|Rest|p2a: KnightsOftheRound
|-status|p2a: KnightsOftheRound|slp
|-heal|p2a: KnightsOftheRound|343\/343 slp|[silent]
|-status|p2a: KnightsOftheRound|slp|[from] move: Rest
|
|turn|88
|
|switch|p2a: Hungry Hungry|Hippowdon, M|261\/417
|-weather|Sandstorm
|move|p1a: Flygon|Earthquake|p2a: Hungry Hungry
|-damage|p2a: Hungry Hungry|123\/417
|
|-weather|Sandstorm|[upkeep]
|-heal|p2a: Hungry Hungry|149\/417|[from] item: Leftovers
|turn|89
|
|move|p1a: Flygon|Earthquake|p2a: Hungry Hungry
|-damage|p2a: Hungry Hungry|23\/417
|move|p2a: Hungry Hungry|Slack Off|p2a: Hungry Hungry
|-heal|p2a: Hungry Hungry|232\/417
|
|-weather|Sandstorm|[upkeep]
|-heal|p2a: Hungry Hungry|258\/417|[from] item: Leftovers
|turn|90
|-message|ANGER MANAGEMENT forfeited.
|
|win|Juice Weasel
|raw|Ladder updating...
|raw|ANGER MANAGEMENT's rating: 1758 &rarr; <strong>1725<\/strong><br \/>(-33 for losing)
|raw|Juice Weasel's rating: 1501 &rarr; <strong>1533<\/strong><br \/>(+32 for winning)
|leave|ANGER MANAGEMENT
|player|p1
|chat|Juice Weasel|hazaa!
|chat|Juice Weasel|didnt you make this team slow testing>
|chat|Juice Weasel|*?