|join|JordTheNord
|join|ANGER MANAGEMENT
|player|p1|JordTheNord|170
|player|p2|ANGER MANAGEMENT|123
|gametype|singles
|gen|6
|tier|UU
|rated
|rule|Sleep Clause Mod: Limit one foe put to sleep
|rule|Species Clause: Limit one of each PokÃ©mon
|rule|OHKO Clause: OHKO moves are banned
|rule|Moody Clause: Moody is banned
|rule|Evasion Moves Clause: Evasion moves are banned
|rule|Endless Battle Clause: Forcing endless battles is banned
|rule|HP Percentage Mod: HP is shown in percentages
|clearpoke
|poke|p1|Snorlax, F
|poke|p1|Roserade, F
|poke|p1|Swampert, M
|poke|p1|Kyurem
|poke|p1|Umbreon, M
|poke|p1|Ampharos, F
|poke|p2|Suicune
|poke|p2|Infernape, M
|poke|p2|Forretress, F
|poke|p2|Abomasnow, M
|poke|p2|Florges, F
|poke|p2|Goodra, F
|rule|Swagger Clause: Swagger is banned
|rule|Baton Pass Clause: Limit one PokÃ©mon knowing Baton Pass
|teampreview
|
|start
|switch|p1a: Ampharos|Ampharos, F|321\/321
|switch|p2a: Abomasnow|Abomasnow, M|321\/321
|turn|1
|
|detailschange|p2a: Abomasnow|Abomasnow-Mega, M
|-mega|p2a: Abomasnow|Abomasnow|Abomasite
|-weather|Hail
|detailschange|p1a: Ampharos|Ampharos-Mega, F
|-mega|p1a: Ampharos|Ampharos|Ampharosite
|-ability|p1a: Ampharos|Mold Breaker
|move|p2a: Abomasnow|Swords Dance|p2a: Abomasnow
|-boost|p2a: Abomasnow|atk|2
|move|p1a: Ampharos|Dragon Pulse|p2a: Abomasnow
|-damage|p2a: Abomasnow|122\/321
|
|-weather|Hail|[upkeep]
|-damage|p1a: Ampharos|301\/321|[from] hail
|turn|2
|
|switch|p1a: Umbreon|Umbreon, M|394\/394
|move|p2a: Abomasnow|Earthquake|p1a: Umbreon
|-damage|p1a: Umbreon|225\/394
|
|-weather|Hail|[upkeep]
|-damage|p1a: Umbreon|201\/394|[from] hail
|-heal|p1a: Umbreon|225\/394|[from] item: Leftovers
|turn|3
|
|switch|p2a: Forretress|Forretress, F|354\/354
|move|p1a: Umbreon|Foul Play|p2a: Forretress
|-damage|p2a: Forretress|287\/354
|
|-weather|Hail|[upkeep]
|-damage|p1a: Umbreon|201\/394|[from] hail
|-damage|p2a: Forretress|265\/354|[from] hail
|-heal|p1a: Umbreon|225\/394|[from] item: Leftovers
|-heal|p2a: Forretress|287\/354|[from] item: Leftovers
|turn|4
|join|OGWanka
|
|move|p1a: Umbreon|Curse|p1a: Umbreon
|-boost|p1a: Umbreon|atk|1
|-boost|p1a: Umbreon|def|1
|-unboost|p1a: Umbreon|spe|1
|move|p2a: Forretress|Stealth Rock|p1a: Umbreon
|-sidestart|p1: JordTheNord|move: Stealth Rock
|
|-weather|Hail|[upkeep]
|-damage|p1a: Umbreon|201\/394|[from] hail
|-damage|p2a: Forretress|265\/354|[from] hail
|-heal|p1a: Umbreon|225\/394|[from] item: Leftovers
|-heal|p2a: Forretress|287\/354|[from] item: Leftovers
|turn|5
|
|switch|p2a: Goodra|Goodra, F|384\/384
|move|p1a: Umbreon|Curse|p1a: Umbreon
|-boost|p1a: Umbreon|atk|1
|-boost|p1a: Umbreon|def|1
|-unboost|p1a: Umbreon|spe|1
|
|-weather|none
|-heal|p1a: Umbreon|249\/394|[from] item: Leftovers
|turn|6
|
|move|p1a: Umbreon|Baton Pass|p1a: Umbreon
|
|switch|p1a: Snorlax|Snorlax, F|524\/524
|-damage|p1a: Snorlax|459\/524|[from] Stealth Rock
|move|p2a: Goodra|Dragon Tail|p1a: Snorlax
|-damage|p1a: Snorlax|416\/524
|drag|p1a: Swampert|Swampert, M|404\/404
|-damage|p1a: Swampert|379\/404|[from] Stealth Rock
|
|-heal|p1a: Swampert|404\/404|[from] item: Leftovers
|turn|7
|
|switch|p2a: Abomasnow|Abomasnow-Mega, M|122\/321
|-weather|Hail
|move|p1a: Swampert|Yawn|p2a: Abomasnow
|-start|p2a: Abomasnow|move: Yawn|[of] p1a: Swampert
|
|-weather|Hail|[upkeep]
|-damage|p1a: Swampert|379\/404|[from] hail
|-heal|p1a: Swampert|404\/404|[from] item: Leftovers
|turn|8
|
|switch|p2a: Goodra|Goodra, F|384\/384
|move|p1a: Swampert|Protect|p1a: Swampert
|-fail|p1a: Swampert
|
|-weather|Hail|[upkeep]
|-damage|p2a: Goodra|360\/384|[from] hail
|-damage|p1a: Swampert|379\/404|[from] hail
|-heal|p2a: Goodra|384\/384|[from] item: Leftovers
|-heal|p1a: Swampert|404\/404|[from] item: Leftovers
|turn|9
|
|move|p2a: Goodra|Curse|p2a: Goodra
|-boost|p2a: Goodra|atk|1
|-boost|p2a: Goodra|def|1
|-unboost|p2a: Goodra|spe|1
|move|p1a: Swampert|Earthquake|p2a: Goodra
|-damage|p2a: Goodra|248\/384
|
|-weather|Hail|[upkeep]
|-damage|p1a: Swampert|379\/404|[from] hail
|-damage|p2a: Goodra|224\/384|[from] hail
|-heal|p1a: Swampert|404\/404|[from] item: Leftovers
|-heal|p2a: Goodra|248\/384|[from] item: Leftovers
|turn|10
|join|SmashBrosBrawl
|c|+SmashBrosBrawl|ure dead to me
|
|move|p1a: Swampert|Yawn|p2a: Goodra
|-start|p2a: Goodra|move: Yawn|[of] p1a: Swampert
|move|p2a: Goodra|Curse|p2a: Goodra
|-boost|p2a: Goodra|atk|1
|-boost|p2a: Goodra|def|1
|-unboost|p2a: Goodra|spe|1
|
|-weather|Hail|[upkeep]
|-damage|p1a: Swampert|379\/404|[from] hail
|-damage|p2a: Goodra|224\/384|[from] hail
|-heal|p1a: Swampert|404\/404|[from] item: Leftovers
|-heal|p2a: Goodra|248\/384|[from] item: Leftovers
|turn|11
|c|âJordTheNord|um thanks bro
|
|move|p1a: Swampert|Earthquake|p2a: Goodra
|-damage|p2a: Goodra|152\/384
|move|p2a: Goodra|Rest|p2a: Goodra
|-status|p2a: Goodra|slp
|-heal|p2a: Goodra|384\/384 slp|[silent]
|-status|p2a: Goodra|slp|[from] move: Rest
|
|-weather|none
|turn|12
|join|Samsung2310
|
|switch|p1a: Kyurem|Kyurem|454\/454
|-damage|p1a: Kyurem|341\/454|[from] Stealth Rock
|-ability|p1a: Kyurem|Pressure
|cant|p2a: Goodra|slp
|move|p2a: Goodra|Sleep Talk|p2a: Goodra
|move|p2a: Goodra|Curse|p2a: Goodra|[from]Sleep Talk
|-boost|p2a: Goodra|atk|1
|-boost|p2a: Goodra|def|1
|-unboost|p2a: Goodra|spe|1
|
|-heal|p1a: Kyurem|369\/454|[from] item: Leftovers
|turn|13
|join|IheartMagikarp
|
|move|p1a: Kyurem|Ice Beam|p2a: Goodra
|-supereffective|p2a: Goodra
|-damage|p2a: Goodra|178\/384 slp
|cant|p2a: Goodra|slp
|move|p2a: Goodra|Sleep Talk|p2a: Goodra
|move|p2a: Goodra|Rest|p2a: Goodra|[from]Sleep Talk
|-fail|p2a: Goodra
|
|-heal|p1a: Kyurem|397\/454|[from] item: Leftovers
|-heal|p2a: Goodra|202\/384 slp|[from] item: Leftovers
|turn|14
|
|switch|p2a: Suicune|Suicune|404\/404
|-ability|p2a: Suicune|Pressure
|move|p1a: Kyurem|Draco Meteor|p2a: Suicune
|-damage|p2a: Suicune|190\/404
|-unboost|p1a: Kyurem|spa|2
|
|-heal|p2a: Suicune|215\/404|[from] item: Leftovers
|-heal|p1a: Kyurem|425\/454|[from] item: Leftovers
|turn|15
|join|PaulK618
|
|switch|p2a: Infernape|Infernape, M|293\/293
|switch|p1a: Roserade|Roserade, F|323\/323
|-damage|p1a: Roserade|283\/323|[from] Stealth Rock
|
|-heal|p1a: Roserade|303\/323|[from] item: Leftovers
|turn|16
|c|âJordTheNord|damn we go a lot of viewers lol
|
|move|p1a: Roserade|Protect|p1a: Roserade
|-singleturn|p1a: Roserade|Protect
|move|p2a: Infernape|Flare Blitz|p1a: Roserade
|-activate|p1a: Roserade|Protect
|
|-heal|p1a: Roserade|323\/323|[from] item: Leftovers
|turn|17
|c| IheartMagikarp|we're actually just one guy switching accounts.
|c| IheartMagikarp|a lot
|c|âJordTheNord|oh lol
|
|switch|p2a: Florges|Florges, F|360\/360
|switch|p1a: Swampert|Swampert, M|404\/404
|-damage|p1a: Swampert|379\/404|[from] Stealth Rock
|
|-heal|p1a: Swampert|404\/404|[from] item: Leftovers
|turn|18
|
|move|p1a: Swampert|Protect|p1a: Swampert
|-singleturn|p1a: Swampert|Protect
|move|p2a: Florges|Wish|p2a: Florges
|
|turn|19
|
|switch|p2a: Abomasnow|Abomasnow-Mega, M|122\/321
|-weather|Hail
|move|p1a: Swampert|Earthquake|p2a: Abomasnow
|-resisted|p2a: Abomasnow
|-damage|p2a: Abomasnow|33\/321
|
|-weather|Hail|[upkeep]
|-damage|p1a: Swampert|379\/404|[from] hail
|-heal|p2a: Abomasnow|213\/321|[from] move: Wish|[wisher] Florges
|-heal|p1a: Swampert|404\/404|[from] item: Leftovers
|turn|20
|join|dodmen
|
|move|p1a: Swampert|Protect|p1a: Swampert
|-singleturn|p1a: Swampert|Protect
|move|p2a: Abomasnow|Wood Hammer|p1a: Swampert
|-activate|p1a: Swampert|Protect
|
|-weather|Hail|[upkeep]
|-damage|p1a: Swampert|379\/404|[from] hail
|-heal|p1a: Swampert|404\/404|[from] item: Leftovers
|turn|21
|
|move|p2a: Abomasnow|Swords Dance|p2a: Abomasnow
|-boost|p2a: Abomasnow|atk|2
|move|p1a: Swampert|Yawn|p2a: Abomasnow
|-start|p2a: Abomasnow|move: Yawn|[of] p1a: Swampert
|
|-weather|Hail|[upkeep]
|-damage|p1a: Swampert|379\/404|[from] hail
|-heal|p1a: Swampert|404\/404|[from] item: Leftovers
|turn|22
|c| IheartMagikarp|predicted
|
|switch|p2a: Forretress|Forretress, F|287\/354
|move|p1a: Swampert|Earthquake|p2a: Forretress
|-damage|p2a: Forretress|160\/354
|
|-weather|Hail|[upkeep]
|-damage|p1a: Swampert|379\/404|[from] hail
|-damage|p2a: Forretress|138\/354|[from] hail
|-heal|p1a: Swampert|404\/404|[from] item: Leftovers
|-heal|p2a: Forretress|160\/354|[from] item: Leftovers
|turn|23
|c|âJordTheNord|yep
|
|move|p1a: Swampert|Waterfall|p2a: Forretress
|-damage|p2a: Forretress|52\/354
|move|p2a: Forretress|Toxic|p1a: Swampert
|-status|p1a: Swampert|tox
|
|-weather|none
|-heal|p2a: Forretress|74\/354|[from] item: Leftovers
|-damage|p1a: Swampert|379\/404 tox|[from] psn
|turn|24
|
|switch|p1a: Ampharos|Ampharos-Mega, F|301\/321
|-damage|p1a: Ampharos|261\/321|[from] Stealth Rock
|-ability|p1a: Ampharos|Mold Breaker
|switch|p2a: Abomasnow|Abomasnow-Mega, M|213\/321
|-weather|Hail
|
|-weather|Hail|[upkeep]
|-damage|p1a: Ampharos|241\/321|[from] hail
|turn|25
|
|switch|p1a: Umbreon|Umbreon, M|249\/394
|-damage|p1a: Umbreon|200\/394|[from] Stealth Rock
|move|p2a: Abomasnow|Earthquake|p1a: Umbreon
|-damage|p1a: Umbreon|112\/394
|
|-weather|Hail|[upkeep]
|-damage|p1a: Umbreon|88\/394|[from] hail
|-heal|p1a: Umbreon|112\/394|[from] item: Leftovers
|turn|26
|leave|OGWanka
|
|move|p1a: Umbreon|Moonlight|p1a: Umbreon
|-heal|p1a: Umbreon|210\/394
|move|p2a: Abomasnow|Wood Hammer|p1a: Umbreon
|-damage|p1a: Umbreon|63\/394
|-damage|p2a: Abomasnow|164\/321|[from] recoil|[of] p1a: Umbreon
|
|-weather|Hail|[upkeep]
|-damage|p1a: Umbreon|39\/394|[from] hail
|-heal|p1a: Umbreon|63\/394|[from] item: Leftovers
|turn|27
|join|Ajna
|leave|Ajna
|
|move|p2a: Abomasnow|Ice Shard|p1a: Umbreon
|-damage|p1a: Umbreon|12\/394
|move|p1a: Umbreon|Moonlight|p1a: Umbreon
|-heal|p1a: Umbreon|110\/394
|
|-weather|Hail|[upkeep]
|-damage|p1a: Umbreon|86\/394|[from] hail
|-heal|p1a: Umbreon|110\/394|[from] item: Leftovers
|turn|28
|
|switch|p2a: Infernape|Infernape, M|293\/293
|move|p1a: Umbreon|Foul Play|p2a: Infernape
|-resisted|p2a: Infernape
|-damage|p2a: Infernape|204\/293
|
|-weather|none
|-heal|p1a: Umbreon|134\/394|[from] item: Leftovers
|turn|29
|join|Meowiekins
|leave|Meowiekins
|
|switch|p1a: Swampert|Swampert, M|379\/404 tox
|-damage|p1a: Swampert|354\/404 tox|[from] Stealth Rock
|move|p2a: Infernape|Close Combat|p1a: Swampert
|-damage|p1a: Swampert|146\/404 tox
|-unboost|p2a: Infernape|def|1
|-unboost|p2a: Infernape|spd|1
|
|-heal|p1a: Swampert|171\/404 tox|[from] item: Leftovers
|-damage|p1a: Swampert|146\/404 tox|[from] psn
|turn|30
|c|âANGER MANAGEMENT|very good switch ins
|leave|dodmen
|c|âJordTheNord|yes but it looks like we're gonna have our first ko
|join|off dick
|
|move|p2a: Infernape|Close Combat|p1a: Swampert
|-damage|p1a: Swampert|0 fnt
|-unboost|p2a: Infernape|def|1
|-unboost|p2a: Infernape|spd|1
|faint|p1a: Swampert
|
|
|switch|p1a: Kyurem|Kyurem|425\/454
|-damage|p1a: Kyurem|312\/454|[from] Stealth Rock
|-ability|p1a: Kyurem|Pressure
|turn|31
|
|move|p1a: Kyurem|Protect|p1a: Kyurem
|-singleturn|p1a: Kyurem|Protect
|move|p2a: Infernape|Close Combat|p1a: Kyurem
|-activate|p1a: Kyurem|Protect
|
|-heal|p1a: Kyurem|340\/454|[from] item: Leftovers
|turn|32
|leave|off dick
|
|move|p2a: Infernape|Close Combat|p1a: Kyurem
|-supereffective|p1a: Kyurem
|-damage|p1a: Kyurem|0 fnt
|-unboost|p2a: Infernape|def|1
|-unboost|p2a: Infernape|spd|1
|faint|p1a: Kyurem
|
|c|âJordTheNord|i need a fighting wall
|
|switch|p1a: Ampharos|Ampharos-Mega, F|241\/321
|-damage|p1a: Ampharos|201\/321|[from] Stealth Rock
|-ability|p1a: Ampharos|Mold Breaker
|turn|33
|
|switch|p2a: Florges|Florges, F|360\/360
|move|p1a: Ampharos|Discharge|p2a: Florges
|-damage|p2a: Florges|240\/360
|
|-heal|p2a: Florges|262\/360|[from] item: Leftovers
|turn|34
|
|move|p1a: Ampharos|Agility|p1a: Ampharos
|-boost|p1a: Ampharos|spe|2
|move|p2a: Florges|Wish|p2a: Florges
|
|-heal|p2a: Florges|284\/360|[from] item: Leftovers
|turn|35
|
|move|p1a: Ampharos|Discharge|p2a: Florges
|-damage|p2a: Florges|164\/360
|-status|p2a: Florges|par
|move|p2a: Florges|Moonblast|p1a: Ampharos
|-supereffective|p1a: Ampharos
|-damage|p1a: Ampharos|0 fnt
|faint|p1a: Ampharos
|
|-heal|p2a: Florges|344\/360 par|[from] move: Wish|[wisher] Florges
|-heal|p2a: Florges|360\/360 par|[from] item: Leftovers
|c|âJordTheNord|well that was my only chance gg
|-message|JordTheNord forfeited.
|leave|JordTheNord
|
|win|ANGER MANAGEMENT
|raw|Ladder updating...
|player|p1
|raw|JordTheNord's rating: 1330 &rarr; <strong>1306<\/strong><br \/>(-24 for losing)
|raw|ANGER MANAGEMENT's rating: 1255 &rarr; <strong>1286<\/strong><br \/>(+31 for winning)