|join|dodmen
|join|ANGER MANAGEMENT
|player|p1|dodmen|171
|player|p2|ANGER MANAGEMENT|123
|gametype|singles
|gen|6
|tier|UU
|rated
|rule|Sleep Clause Mod: Limit one foe put to sleep
|rule|Species Clause: Limit one of each PokÃ©mon
|rule|OHKO Clause: OHKO moves are banned
|rule|Moody Clause: Moody is banned
|rule|Evasion Moves Clause: Evasion moves are banned
|rule|Endless Battle Clause: Forcing endless battles is banned
|rule|HP Percentage Mod: HP is reported as percentages
|clearpoke
|poke|p1|Victini
|poke|p1|Ampharos, M
|poke|p1|Honchkrow, M
|poke|p1|Forretress, F
|poke|p1|Slowbro, F
|poke|p1|Blissey, F
|poke|p2|Ludicolo, F
|poke|p2|Tornadus, M
|poke|p2|Lucario, M
|poke|p2|Forretress, F
|poke|p2|Kabutops, F
|poke|p2|Sableye, F
|rule|Swagger Clause: Swagger is banned
|rule|Baton Pass Clause: Limit three PokÃ©mon knowing Baton Pass
|teampreview
|chat|dodmen|maan
|join|blitzfiend
|
|start
|switch|p1a: Ampharos|Ampharos, M|353\/353
|switch|p2a: Forretress|Forretress, F|291\/291
|turn|1
|
|detailschange|p1a: Ampharos|Ampharos-Mega, M
|message|Ampharos has Mega Evolved into Mega Ampharos!
|-ability|p1a: Ampharos|Mold Breaker
|move|p2a: Forretress|Stealth Rock|p1a: Ampharos
|-sidestart|p1: dodmen|move: Stealth Rock
|move|p1a: Ampharos|Thunderbolt|p2a: Forretress
|-damage|p2a: Forretress|0 fnt
|faint|p2a: Forretress
|
|
|switch|p2a: Ludicolo|Ludicolo, F|301\/301
|turn|2
|
|move|p2a: Ludicolo|Ice Punch|p1a: Ampharos
|-supereffective|p1a: Ampharos
|-damage|p1a: Ampharos|176\/353
|-damage|p2a: Ludicolo|271\/301|[from] item: Life Orb
|move|p1a: Ampharos|Volt Switch|p2a: Ludicolo
|-damage|p2a: Ludicolo|106\/301
|
|switch|p1a: Forretress|Forretress, F|354\/354
|-damage|p1a: Forretress|310\/354|[from] Stealth Rock
|
|-heal|p1a: Forretress|332\/354|[from] item: Leftovers
|turn|3
|
|move|p2a: Ludicolo|Waterfall|p1a: Forretress
|-damage|p1a: Forretress|261\/354
|-damage|p2a: Ludicolo|76\/301|[from] item: Life Orb
|move|p1a: Forretress|Stealth Rock|p2a: Ludicolo
|-sidestart|p2: ANGER MANAGEMENT|move: Stealth Rock
|
|-heal|p1a: Forretress|283\/354|[from] item: Leftovers
|turn|4
|
|switch|p2a: Sableye|Sableye, F|304\/304
|-damage|p2a: Sableye|266\/304|[from] Stealth Rock
|move|p1a: Forretress|Rapid Spin|p2a: Sableye
|-immune|p2a: Sableye|[msg]
|
|-heal|p1a: Forretress|305\/354|[from] item: Leftovers
|turn|5
|chat|dodmen|ihu
|chat|ANGER MANAGEMENT|lol
|chat|ANGER MANAGEMENT|i lose anyway
|
|move|p2a: Sableye|Knock Off|p1a: Forretress
|-damage|p1a: Forretress|248\/354
|-enditem|p1a: Forretress|Leftovers|[from] move: Knock Off|[of] p2a: Sableye
|move|p1a: Forretress|Volt Switch|p2a: Sableye
|-damage|p2a: Sableye|226\/304
|
|switch|p1a: Victini|Victini|341\/341
|-damage|p1a: Victini|256\/341|[from] Stealth Rock
|
|turn|6
|
|move|p2a: Sableye|Rain Dance|p2a: Sableye
|-weather|RainDance
|move|p1a: Victini|V-create|p2a: Sableye
|-damage|p2a: Sableye|0 fnt
|-unboost|p1a: Victini|def|1
|-unboost|p1a: Victini|spd|1
|-unboost|p1a: Victini|spe|1
|faint|p2a: Sableye
|
|-weather|RainDance|[upkeep]
|
|switch|p2a: Kabutops|Kabutops, F|261\/261
|-damage|p2a: Kabutops|229\/261|[from] Stealth Rock
|turn|7
|chat|dodmen|do you lose
|
|switch|p1a: Slowbro|Slowbro, F|394\/394
|-damage|p1a: Slowbro|345\/394|[from] Stealth Rock
|move|p2a: Kabutops|Swords Dance|p2a: Kabutops
|-boost|p2a: Kabutops|atk|2
|
|-weather|RainDance|[upkeep]
|turn|8
|
|move|p2a: Kabutops|Stone Edge|p1a: Slowbro
|-damage|p1a: Slowbro|4\/394
|-damage|p2a: Kabutops|203\/261|[from] item: Life Orb
|move|p1a: Slowbro|Scald|p2a: Kabutops
|-damage|p2a: Kabutops|2\/261
|
|-weather|RainDance|[upkeep]
|turn|9
|
|move|p2a: Kabutops|Waterfall|p1a: Slowbro
|-resisted|p1a: Slowbro
|-damage|p1a: Slowbro|0 fnt
|-damage|p2a: Kabutops|0 fnt|[from] item: Rocky Helmet|[of] p1a: Slowbro
|faint|p1a: Slowbro
|faint|p2a: Kabutops
|
|-weather|RainDance|[upkeep]
|
|switch|p2a: Lucario|Lucario, M|281\/281
|-damage|p2a: Lucario|273\/281|[from] Stealth Rock
|switch|p1a: Honchkrow|Honchkrow, M|341\/341
|-damage|p1a: Honchkrow|256\/341|[from] Stealth Rock
|turn|10
|join|lrre
|join|so dynamic
|
|switch|p2a: Tornadus|Tornadus, M|299\/299
|-damage|p2a: Tornadus|225\/299|[from] Stealth Rock
|move|p1a: Honchkrow|Superpower|p2a: Tornadus
|-resisted|p2a: Tornadus
|-damage|p2a: Tornadus|136\/299
|-unboost|p1a: Honchkrow|atk|1
|-unboost|p1a: Honchkrow|def|1
|
|-weather|RainDance|[upkeep]
|turn|11
|
|switch|p1a: Blissey|Blissey, F|714\/714
|-damage|p1a: Blissey|625\/714|[from] Stealth Rock
|move|p2a: Tornadus|Hurricane|p1a: Blissey
|-crit|p1a: Blissey
|-damage|p1a: Blissey|393\/714
|
|-weather|RainDance|[upkeep]
|-heal|p1a: Blissey|437\/714|[from] item: Leftovers
|turn|12
|chat|so dynamic|anger management, were u the one who used sd qwilfish in rain?
|chat|so dynamic|once
|chat|ANGER MANAGEMENT|yeah
|chat|lrre|ew
|
|move|p2a: Tornadus|Taunt|p1a: Blissey
|-start|p1a: Blissey|move: Taunt
|move|p1a: Blissey|Seismic Toss|p2a: Tornadus
|-damage|p2a: Tornadus|36\/299
|
|-weather|RainDance|[upkeep]
|-heal|p1a: Blissey|481\/714|[from] item: Leftovers
|turn|13
|chat|so dynamic|how good is it?
|chat|lrre|still find it hard to believe people are using blissey
|chat|ANGER MANAGEMENT|it was ok
|chat|lrre|in a meta filled with psyshock\/ everyone running mixed
|chat|ANGER MANAGEMENT|it could bait and kill slowbro with boom
|
|move|p2a: Tornadus|Knock Off|p1a: Blissey
|-damage|p1a: Blissey|318\/714
|-enditem|p1a: Blissey|Leftovers|[from] move: Knock Off|[of] p2a: Tornadus
|move|p1a: Blissey|Seismic Toss|p2a: Tornadus
|-damage|p2a: Tornadus|0 fnt
|faint|p2a: Tornadus
|
|-weather|none
|chat|dodmen|what about just dbond
|chat|so dynamic|is it worth mentioning in the teambuilder thread lochie made
|chat|ANGER MANAGEMENT|i forgot it even got that
|
|switch|p2a: Lucario|Lucario, M|273\/281
|-damage|p2a: Lucario|265\/281|[from] Stealth Rock
|turn|14
|chat|dodmen|i lose here lol
|chat|ANGER MANAGEMENT|uh this was back in the meta before chansey and friends
|chat|so dynamic|cause im gonna do a qwilfish analysis
|chat|so dynamic|o
|chat|ANGER MANAGEMENT|*blissey
|chat|ANGER MANAGEMENT|so ikd
|
|move|p2a: Lucario|Swords Dance|p2a: Lucario
|-boost|p2a: Lucario|atk|2
|move|p1a: Blissey|Seismic Toss|p2a: Lucario
|-damage|p2a: Lucario|165\/281
|
|-end|p1a: Blissey|move: Taunt
|turn|15
|
|move|p2a: Lucario|Extreme Speed|p1a: Blissey
|-damage|p1a: Blissey|0 fnt
|-damage|p2a: Lucario|137\/281|[from] item: Life Orb
|faint|p1a: Blissey
|
|
|switch|p1a: Victini|Victini|256\/341
|-damage|p1a: Victini|171\/341|[from] Stealth Rock
|turn|16
|
|switch|p1a: Forretress|Forretress, F|248\/354
|-damage|p1a: Forretress|204\/354|[from] Stealth Rock
|move|p2a: Lucario|Extreme Speed|p1a: Forretress
|-resisted|p1a: Forretress
|-damage|p1a: Forretress|135\/354
|-damage|p2a: Lucario|109\/281|[from] item: Life Orb
|
|turn|17
|chat|dodmen|:[
|chat|lrre|lol what
|join|Shit User
|chat|lrre|would've taken i think 69% or so and lived
|chat|Shit User|and they say luc is fine
|
|switch|p1a: Ampharos|Ampharos-Mega, M|176\/353
|-damage|p1a: Ampharos|132\/353|[from] Stealth Rock
|-ability|p1a: Ampharos|Mold Breaker
|move|p2a: Lucario|Close Combat|p1a: Ampharos
|-damage|p1a: Ampharos|0 fnt
|-unboost|p2a: Lucario|def|1
|-unboost|p2a: Lucario|spd|1
|-damage|p2a: Lucario|81\/281|[from] item: Life Orb
|faint|p1a: Ampharos
|
|chat|Shit User|not broken at all
|chat|ANGER MANAGEMENT|i still believe
|
|switch|p1a: Honchkrow|Honchkrow, M|256\/341
|-damage|p1a: Honchkrow|171\/341|[from] Stealth Rock
|turn|18
|chat|ANGER MANAGEMENT|lucario is broke
|chat|dodmen|i agree
|chat|Shit User|it is
|chat|dodmen|look atthis this
|chat|lrre|it's not
|chat|dodmen|shit*
|chat|lrre|too sow
|chat|Shit User|are you stupid lrre
|
|switch|p1a: Forretress|Forretress, F|135\/354
|-damage|p1a: Forretress|91\/354|[from] Stealth Rock
|move|p2a: Lucario|Extreme Speed|p1a: Forretress
|-resisted|p1a: Forretress
|-damage|p1a: Forretress|17\/354
|-damage|p2a: Lucario|53\/281|[from] item: Life Orb
|
|turn|19
|chat|Shit User|heard of espeed
|chat|lrre|yes.
|chat|ANGER MANAGEMENT|lol i was gonna
|chat|ANGER MANAGEMENT|cc
|c|âdodmen|!learn ludicolo, aqua jet
|raw|<div class="infobox">Ludicolo <span class="message-learn-cannotlearn">can't<\/span> learn Aqua Jet<\/div>
|
|move|p2a: Lucario|Extreme Speed|p1a: Forretress
|-resisted|p1a: Forretress
|-damage|p1a: Forretress|0 fnt
|-damage|p2a: Lucario|25\/281|[from] item: Life Orb
|faint|p1a: Forretress
|
|chat|dodmen|i was gonna
|chat|dodmen|stay in
|chat|lrre|ye espeed koing everything from full hp
|chat|dodmen|:]
|
|switch|p1a: Honchkrow|Honchkrow, M|171\/341
|-damage|p1a: Honchkrow|86\/341|[from] Stealth Rock
|turn|20
|chat|Shit User|was that the answer to the first or second question
|chat|lrre|sure
|
|move|p1a: Honchkrow|Pursuit|p2a: Lucario|[from]Pursuit
|-resisted|p2a: Lucario
|-damage|p2a: Lucario|0 fnt
|faint|p2a: Lucario
|-boost|p1a: Honchkrow|atk|1|[from] ability: Moxie
|
|chat|dodmen|shrekt
|
|switch|p2a: Ludicolo|Ludicolo, F|76\/301
|-damage|p2a: Ludicolo|39\/301|[from] Stealth Rock
|turn|21
|chat|dodmen|:]]]]]]]]]]]]
|chat|Shit User|scarf lol?
|chat|ANGER MANAGEMENT|gg
|chat|dodmen|good play though
|chat|dodmen|gg
|
|move|p1a: Honchkrow|Pursuit|p2a: Ludicolo
|-damage|p2a: Ludicolo|0 fnt
|faint|p2a: Ludicolo
|-boost|p1a: Honchkrow|atk|1|[from] ability: Moxie
|
|win|dodmen
|raw|Ladder updating...
|raw|dodmen's rating: 1618 &rarr; <strong>1636<\/strong><br \/>(+18 for winning)
|raw|ANGER MANAGEMENT's rating: 1588 &rarr; <strong>1570<\/strong><br \/>(-18 for losing)
|chat|dodmen|man
|leave|ANGER MANAGEMENT
|player|p2
|chat|dodmen|i pulled that one out of my ass
|leave|blitzfiend
|leave|lrre
|chat|Shit User|good doubles
|leave|Shit User
|leave|dodmen
|player|p1