|join|ANGER MANAGEMENT
|join|slow testing
|player|p1|ANGER MANAGEMENT|123
|player|p2|slow testing|284
|gametype|singles
|gen|6
|tier|UU
|rated
|rule|Sleep Clause Mod: Limit one foe put to sleep
|rule|Species Clause: Limit one of each Pokemon
|rule|OHKO Clause: OHKO moves are banned
|rule|Moody Clause: Moody is banned
|rule|Evasion Moves Clause: Evasion moves are banned
|rule|Endless Battle Clause: Forcing endless battles is banned.
|rule|HP Percentage Mod: HP is reported as percentages
|clearpoke
|poke|p1|Toxicroak, F
|poke|p1|Alakazam, F
|poke|p1|Aerodactyl, F
|poke|p1|Dugtrio, F
|poke|p1|Sableye, M
|poke|p1|Fletchinder, M
|poke|p2|Volcarona, F
|poke|p2|Slowbro, F
|poke|p2|Blissey, F
|poke|p2|Nidoqueen, F
|poke|p2|Aerodactyl, M
|poke|p2|Aromatisse, M
|teampreview
|join|Negger Mein
|chat|ANGER MANAGEMENT|too much pink
|chat|Negger Mein|fag
|chat|slow testing|ngl that looks like a counterteam
|chat|slow testing|lol
|chat|Negger Mein|every bad matchup is a ct
|chat|Negger Mein|nigger
|
|start
|switch|p1a: Aerodactyl|Aerodactyl, F|301\/301
|switch|p2a: Slowbro|Slowbro, F|391\/391
|-ability|p1a: Aerodactyl|Unnerve|p2: slow testing
|turn|1
|chat|slow testing|nigga I ain't no nigger
|
|move|p1a: Aerodactyl|Taunt|p2a: Slowbro
|-start|p2a: Slowbro|move: Taunt
|cant|p2a: Slowbro|move: Taunt|Calm Mind
|
|turn|2
|
|move|p1a: Aerodactyl|Stealth Rock|p2a: Slowbro
|-sidestart|p2: slow testing|move: Stealth Rock
|move|p2a: Slowbro|Scald|p1a: Aerodactyl
|-supereffective|p1a: Aerodactyl
|-damage|p1a: Aerodactyl|73\/301
|
|turn|3
|
|switch|p1a: Sableye|Sableye, M|304\/304
|move|p2a: Slowbro|Scald|p1a: Sableye
|-crit|p1a: Sableye
|-damage|p1a: Sableye|157\/304
|
|-heal|p1a: Sableye|176\/304|[from] item: Leftovers
|-end|p2a: Slowbro|move: Taunt
|turn|4
|
|switch|p2a: Aromatisse|Aromatisse, M|405\/405
|-damage|p2a: Aromatisse|355\/405|[from] Stealth Rock
|move|p1a: Sableye|Knock Off|p2a: Aromatisse
|-resisted|p2a: Aromatisse
|-damage|p2a: Aromatisse|317\/405
|-enditem|p2a: Aromatisse|Leftovers|[from] move: Knock Off|[of] p1a: Sableye
|
|-heal|p1a: Sableye|195\/304|[from] item: Leftovers
|turn|5
|
|switch|p1a: Aerodactyl|Aerodactyl, F|73\/301
|-ability|p1a: Aerodactyl|Unnerve|p2: slow testing
|move|p2a: Aromatisse|Moonblast|p1a: Aerodactyl
|-damage|p1a: Aerodactyl|0 fnt
|faint|p1a: Aerodactyl
|
|chat|Negger Mein|nigger confirmed
|
|switch|p1a: Alakazam|Alakazam, F|251\/251
|turn|6
|chat|slow testing|I'm as white as it gets
|
|switch|p2a: Blissey|Blissey, F|713\/713
|-damage|p2a: Blissey|624\/713|[from] Stealth Rock
|detailschange|p1a: Alakazam|Alakazam-Mega, F
|message|Alakazam has Mega Evolved into Mega Alakazam!
|-ability|p1a: Alakazam|Natural Cure|[from] ability: Trace|[of] p2a: Blissey
|move|p1a: Alakazam|Calm Mind|p1a: Alakazam
|-boost|p1a: Alakazam|spa|1
|-boost|p1a: Alakazam|spd|1
|
|-heal|p2a: Blissey|668\/713|[from] item: Leftovers
|turn|7
|
|move|p1a: Alakazam|Psyshock|p2a: Blissey
|-damage|p2a: Blissey|110\/713
|move|p2a: Blissey|Thunder Wave|p1a: Alakazam
|-status|p1a: Alakazam|par
|
|-heal|p2a: Blissey|154\/713|[from] item: Leftovers
|turn|8
|chat|Negger Mein|its fine
|chat|Negger Mein|natural cure is here
|chat|ANGER MANAGEMENT|pls tell the council
|chat|ANGER MANAGEMENT|to hurry up and ban this fucker
|chat|slow testing|I'm the council
|chat|slow testing|next week don't worry
|chat|ANGER MANAGEMENT|I know lol
|chat|slow testing|oh
|chat|slow testing|who told you
|chat|slow testing|lol
|chat|Negger Mein|u can tell
|chat|Negger Mein|by how shit u r
|chat|ANGER MANAGEMENT|limitless a while back
|chat|slow testing|oh
|chat|slow testing|fuck him then
|chat|slow testing|:P
|
|move|p2a: Blissey|Seismic Toss|p1a: Alakazam
|-damage|p1a: Alakazam|151\/251 par
|move|p1a: Alakazam|Psyshock|p2a: Blissey
|-damage|p2a: Blissey|0 fnt
|faint|p2a: Blissey
|
|
|switch|p2a: Aerodactyl|Aerodactyl, M|331\/331
|-damage|p2a: Aerodactyl|249\/331|[from] Stealth Rock
|-ability|p2a: Aerodactyl|Pressure
|turn|9
|
|switch|p1a: Sableye|Sableye, M|195\/304
|detailschange|p2a: Aerodactyl|Aerodactyl-Mega, M
|message|Aerodactyl has Mega Evolved into Mega Aerodactyl!
|move|p2a: Aerodactyl|Aerial Ace|p1a: Sableye
|-damage|p1a: Sableye|35\/304
|
|-heal|p1a: Sableye|54\/304|[from] item: Leftovers
|turn|10
|
|move|p1a: Sableye|Will-O-Wisp|p2a: Aerodactyl
|-status|p2a: Aerodactyl|brn
|move|p2a: Aerodactyl|Defog|p1a: Sableye
|-unboost|p1a: Sableye|evasion|1
|-sideend|p2: slow testing|Stealth Rock|[from] move: Defog|[of] p2a: Aerodactyl
|
|-heal|p1a: Sableye|73\/304|[from] item: Leftovers
|-damage|p2a: Aerodactyl|208\/331 brn|[from] brn
|turn|11
|
|switch|p2a: Aromatisse|Aromatisse, M|317\/405
|move|p1a: Sableye|Taunt|p2a: Aromatisse
|-fail|p2a: Aromatisse
|
|-heal|p1a: Sableye|92\/304|[from] item: Leftovers
|turn|12
|
|switch|p1a: Toxicroak|Toxicroak, F|309\/309
|move|p2a: Aromatisse|Aromatherapy|p2a: Aromatisse
|-cureteam|p2a: Aromatisse|[from] move: Aromatherapy
|
|turn|13
|
|switch|p2a: Nidoqueen|Nidoqueen, F|330\/330
|move|p1a: Toxicroak|Swords Dance|p1a: Toxicroak
|-boost|p1a: Toxicroak|atk|2
|
|turn|14
|
|move|p1a: Toxicroak|Sucker Punch|p2a: Nidoqueen
|-fail|p2a: Nidoqueen
|move|p2a: Nidoqueen|Toxic Spikes|p1a: Toxicroak
|-sidestart|p1: ANGER MANAGEMENT|move: Toxic Spikes
|
|turn|15
|
|switch|p1a: Sableye|Sableye, M|92\/304
|-status|p1a: Sableye|psn
|move|p2a: Nidoqueen|Earth Power|p1a: Sableye
|-damage|p1a: Sableye|0 fnt
|faint|p1a: Sableye
|
|chat|ANGER MANAGEMENT|ok
|chat|ANGER MANAGEMENT|lets see
|
|switch|p1a: Stockholm Syndrome|Dugtrio, F|211\/211
|-status|p1a: Stockholm Syndrome|psn
|turn|16
|chat|slow testing|it does KO
|chat|ANGER MANAGEMENT|if adamant was worth it
|chat|slow testing|don't worry
|chat|slow testing|I'm 220 speed
|
|move|p1a: Stockholm Syndrome|Earthquake|p2a: Nidoqueen
|-supereffective|p2a: Nidoqueen
|-damage|p2a: Nidoqueen|0 fnt
|faint|p2a: Nidoqueen
|
|-damage|p1a: Stockholm Syndrome|185\/211 psn|[from] psn
|
|switch|p2a: Aerodactyl|Aerodactyl-Mega, M|208\/331
|turn|17
|chat|ANGER MANAGEMENT|oh yeah you run fast queen
|chat|ANGER MANAGEMENT|fsr
|chat|slow testing|not for some reason
|chat|ANGER MANAGEMENT|most dudes settle for like
|chat|ANGER MANAGEMENT|210
|chat|slow testing|for all min spe base 100s
|chat|slow testing|that's enough of a reason if you ask me
|
|switch|p1a: Toxicroak|Toxicroak, F|309\/309
|-sideend|p1: ANGER MANAGEMENT|move: Toxic Spikes|[of] p1a: Toxicroak
|move|p2a: Aerodactyl|Aerial Ace|p1a: Toxicroak
|-supereffective|p1a: Toxicroak
|-damage|p1a: Toxicroak|0 fnt
|faint|p1a: Toxicroak
|
|chat|slow testing|ah you got me there
|chat|slow testing|:P
|
|switch|p1a: Fletchinder|Fletchinder, M|291\/291
|turn|18
|chat|Negger Mein|.
|chat|Negger Mein|can this get
|chat|Negger Mein|any gayer?
|chat|ANGER MANAGEMENT|yeah
|chat|Negger Mein|why did u go to that
|chat|ANGER MANAGEMENT|you
|chat|ANGER MANAGEMENT|i've p. much lost
|
|move|p1a: Fletchinder|Tailwind|p1a: Fletchinder
|-sidestart|p1: ANGER MANAGEMENT|move: Tailwind
|move|p2a: Aerodactyl|Aqua Tail|p1a: Fletchinder
|-supereffective|p1a: Fletchinder
|-damage|p1a: Fletchinder|0 fnt
|faint|p1a: Fletchinder
|
|
|switch|p1a: Alakazam|Alakazam-Mega, F|151\/251
|-ability|p1a: Alakazam|Tough Claws|[from] ability: Trace|[of] p2a: Aerodactyl
|turn|19
|chat|slow testing|hmm
|chat|slow testing|let's see if I can tank this
|
|move|p1a: Alakazam|Psyshock|p2a: Aerodactyl
|-damage|p2a: Aerodactyl|0 fnt
|faint|p2a: Aerodactyl
|
|chat|ANGER MANAGEMENT|you can
|chat|ANGER MANAGEMENT|or
|chat|slow testing|:\
|
|switch|p2a: Volcarona|Volcarona, F|373\/373
|turn|20
|chat|Negger Mein|niggers
|
|switch|p1a: Stockholm Syndrome|Dugtrio, F|185\/211 psn
|move|p2a: Volcarona|Bug Buzz|p1a: Stockholm Syndrome
|-damage|p1a: Stockholm Syndrome|2\/211 psn
|
|-damage|p1a: Stockholm Syndrome|0 fnt|[from] psn
|faint|p1a: Stockholm Syndrome
|chat|slow testing|counter
|chat|slow testing|gg
|chat|ANGER MANAGEMENT|FUKKKKKKK
|chat|ANGER MANAGEMENT|gg
|
|switch|p1a: Alakazam|Alakazam-Mega, F|151\/251
|-ability|p1a: Alakazam|Flame Body|[from] ability: Trace|[of] p2a: Volcarona
|turn|21
|join|Brutz
|leave|Negger Mein
|chat|slow testing|I once was fucker over by a flame body zam
|chat|Negger Mein|this guy is a fggot
|chat|slow testing|lol
|
|move|p1a: Alakazam|Psyshock|p2a: Volcarona
|-crit|p2a: Volcarona
|-damage|p2a: Volcarona|34\/373
|move|p2a: Volcarona|Bug Buzz|p1a: Alakazam
|-supereffective|p1a: Alakazam
|-damage|p1a: Alakazam|0 fnt
|faint|p1a: Alakazam
|
|win|slow testing
|raw|Ladder updating...
|raw|ANGER MANAGEMENT's rating: 1647 &rarr; <strong>1622<\/strong><br \/>(-25 for losing)
|raw|slow testing's rating: 1559 &rarr; <strong>1584<\/strong><br \/>(+25 for winning)
|chat|ANGER MANAGEMENT|o
|chat|ANGER MANAGEMENT|nice crit
|chat|slow testing|y
|leave|ANGER MANAGEMENT
|player|p1