|join|ANGER MANAGEMENT
|join|EliteMaster975
|player|p1|ANGER MANAGEMENT|123
|player|p2|EliteMaster975|1
|gametype|singles
|gen|6
|tier|UU
|rated
|rule|Sleep Clause Mod: Limit one foe put to sleep
|rule|Species Clause: Limit one of each PokÃ©mon
|rule|OHKO Clause: OHKO moves are banned
|rule|Moody Clause: Moody is banned
|rule|Evasion Moves Clause: Evasion moves are banned
|rule|Endless Battle Clause: Forcing endless battles is banned
|rule|HP Percentage Mod: HP is shown in percentages
|clearpoke
|poke|p1|Suicune
|poke|p1|Infernape, M
|poke|p1|Forretress, M
|poke|p1|Beedrill, F
|poke|p1|Florges, F
|poke|p1|Krookodile, M
|poke|p2|Kingdra, M
|poke|p2|Infernape, F
|poke|p2|Celebi
|poke|p2|Forretress, M
|poke|p2|Crobat, M
|poke|p2|Rhyperior, F
|rule|Swagger Clause: Swagger is banned
|rule|Baton Pass Clause: Limit one PokÃ©mon knowing Baton Pass
|teampreview
|
|start
|switch|p1a: Krookodile|Krookodile, M|331\/331
|switch|p2a: Rhyperior|Rhyperior, F|404\/404
|-ability|p1a: Krookodile|Intimidate|[of] p2a: Rhyperior
|-unboost|p2a: Rhyperior|atk|1
|turn|1
|
|move|p1a: Krookodile|Taunt|p2a: Rhyperior
|-start|p2a: Rhyperior|move: Taunt
|move|p2a: Rhyperior|Megahorn|p1a: Krookodile
|-supereffective|p1a: Krookodile
|-damage|p1a: Krookodile|85\/331
|
|turn|2
|
|switch|p1a: Forretress|Forretress, M|354\/354
|move|p2a: Rhyperior|Earthquake|p1a: Forretress
|-damage|p1a: Forretress|260\/354
|
|-heal|p1a: Forretress|282\/354|[from] item: Leftovers
|turn|3
|
|switch|p2a: Infernape|Infernape, F|294\/294
|move|p1a: Forretress|Stealth Rock|p2a: Infernape
|-sidestart|p2: EliteMaster975|move: Stealth Rock
|
|-heal|p1a: Forretress|304\/354|[from] item: Leftovers
|turn|4
|join|BOOM BYE YEAH
|
|switch|p1a: Florges|Florges, F|360\/360
|move|p2a: Infernape|Close Combat|p1a: Florges
|-resisted|p1a: Florges
|-damage|p1a: Florges|227\/360
|-unboost|p2a: Infernape|def|1
|-unboost|p2a: Infernape|spd|1
|-damage|p2a: Infernape|265\/294|[from] item: Life Orb
|
|-heal|p1a: Florges|249\/360|[from] item: Leftovers
|turn|5
|
|switch|p2a: Forretress|Forretress, M|354\/354
|-damage|p2a: Forretress|310\/354|[from] Stealth Rock
|switch|p1a: Suicune|Suicune|404\/404
|-ability|p1a: Suicune|Pressure
|
|-heal|p2a: Forretress|332\/354|[from] item: Leftovers
|turn|6
|join|Seergii
|
|move|p1a: Suicune|Substitute|p1a: Suicune
|-start|p1a: Suicune|Substitute
|-damage|p1a: Suicune|303\/404
|move|p2a: Forretress|Rapid Spin|p1a: Suicune
|-activate|p1a: Suicune|Substitute|[damage]
|-sideend|p2: EliteMaster975|Stealth Rock|[from] move: Rapid Spin|[of] p2a: Forretress
|
|-heal|p1a: Suicune|328\/404|[from] item: Leftovers
|-heal|p2a: Forretress|354\/354|[from] item: Leftovers
|turn|7
|
|move|p1a: Suicune|Calm Mind|p1a: Suicune
|-boost|p1a: Suicune|spa|1
|-boost|p1a: Suicune|spd|1
|move|p2a: Forretress|Stealth Rock|p1a: Suicune
|-sidestart|p1: ANGER MANAGEMENT|move: Stealth Rock
|
|-heal|p1a: Suicune|353\/404|[from] item: Leftovers
|turn|8
|
|switch|p2a: Kingdra|Kingdra, M|291\/291
|move|p1a: Suicune|Calm Mind|p1a: Suicune
|-boost|p1a: Suicune|spa|1
|-boost|p1a: Suicune|spd|1
|
|-heal|p1a: Suicune|378\/404|[from] item: Leftovers
|turn|9
|
|move|p2a: Kingdra|Focus Energy|p2a: Kingdra
|-start|p2a: Kingdra|move: Focus Energy
|move|p1a: Suicune|Ice Beam|p2a: Kingdra
|-damage|p2a: Kingdra|156\/291
|
|-heal|p1a: Suicune|403\/404|[from] item: Leftovers
|turn|10
|
|move|p2a: Kingdra|Draco Meteor|p1a: Suicune
|-crit|p1a: Suicune
|-end|p1a: Suicune|Substitute
|-unboost|p2a: Kingdra|spa|2
|move|p1a: Suicune|Scald|p2a: Kingdra
|-resisted|p2a: Kingdra
|-damage|p2a: Kingdra|114\/291
|-status|p2a: Kingdra|brn
|
|-heal|p1a: Suicune|404\/404|[from] item: Leftovers
|-damage|p2a: Kingdra|78\/291 brn|[from] brn
|turn|11
|
|switch|p1a: Krookodile|Krookodile, M|85\/331
|-damage|p1a: Krookodile|65\/331|[from] Stealth Rock
|-ability|p1a: Krookodile|Intimidate|[of] p2a: Kingdra
|-unboost|p2a: Kingdra|atk|1
|move|p2a: Kingdra|Waterfall|p1a: Krookodile
|-crit|p1a: Krookodile
|-supereffective|p1a: Krookodile
|-damage|p1a: Krookodile|0 fnt
|faint|p1a: Krookodile
|
|-damage|p2a: Kingdra|42\/291 brn|[from] brn
|
|switch|p1a: Infernape|Infernape, M|293\/293
|-damage|p1a: Infernape|257\/293|[from] Stealth Rock
|turn|12
|
|switch|p2a: Crobat|Crobat, M|311\/311
|move|p1a: Infernape|U-turn|p2a: Crobat
|-resisted|p2a: Crobat
|-damage|p2a: Crobat|291\/311
|
|switch|p1a: Forretress|Forretress, M|304\/354
|-damage|p1a: Forretress|260\/354|[from] Stealth Rock
|
|-heal|p1a: Forretress|282\/354|[from] item: Leftovers
|turn|13
|
|move|p2a: Crobat|U-turn|p1a: Forretress
|-resisted|p1a: Forretress
|-damage|p1a: Forretress|251\/354
|
|switch|p2a: Infernape|Infernape, F|265\/294
|move|p1a: Forretress|Rapid Spin|p2a: Infernape
|-damage|p2a: Infernape|244\/294
|-sideend|p1: ANGER MANAGEMENT|Stealth Rock|[from] move: Rapid Spin|[of] p1a: Forretress
|
|-heal|p1a: Forretress|273\/354|[from] item: Leftovers
|turn|14
|
|move|p2a: Infernape|Close Combat|p1a: Forretress
|-damage|p1a: Forretress|120\/354
|-unboost|p2a: Infernape|def|1
|-unboost|p2a: Infernape|spd|1
|-damage|p2a: Infernape|215\/294|[from] item: Life Orb
|move|p1a: Forretress|Stealth Rock|p2a: Infernape
|-sidestart|p2: EliteMaster975|move: Stealth Rock
|
|-heal|p1a: Forretress|142\/354|[from] item: Leftovers
|turn|15
|
|switch|p1a: Florges|Florges, F|249\/360
|move|p2a: Infernape|Swords Dance|p2a: Infernape
|-boost|p2a: Infernape|atk|2
|
|-heal|p1a: Florges|271\/360|[from] item: Leftovers
|turn|16
|
|move|p2a: Infernape|Flare Blitz|p1a: Florges
|-crit|p1a: Florges
|-damage|p1a: Florges|0 fnt
|-damage|p2a: Infernape|126\/294|[from] recoil|[of] p1a: Florges
|-damage|p2a: Infernape|97\/294|[from] item: Life Orb
|faint|p1a: Florges
|
|
|switch|p1a: Infernape|Infernape, M|257\/293
|turn|17
|
|switch|p2a: Crobat|Crobat, M|291\/311
|-damage|p2a: Crobat|214\/311|[from] Stealth Rock
|move|p1a: Infernape|Flare Blitz|p2a: Crobat
|-damage|p2a: Crobat|0 fnt
|-damage|p1a: Infernape|186\/293|[from] recoil|[of] p2a: Crobat
|faint|p2a: Crobat
|
|
|switch|p2a: Rhyperior|Rhyperior, F|404\/404
|-damage|p2a: Rhyperior|379\/404|[from] Stealth Rock
|turn|18
|
|switch|p1a: Forretress|Forretress, M|142\/354
|move|p2a: Rhyperior|Earthquake|p1a: Forretress
|-damage|p1a: Forretress|0 fnt
|faint|p1a: Forretress
|
|
|switch|p1a: Beedrill|Beedrill, F|271\/271
|turn|19
|
|detailschange|p1a: Beedrill|Beedrill-Mega, F
|-mega|p1a: Beedrill|Beedrill|Beedrillite
|move|p1a: Beedrill|U-turn|p2a: Rhyperior
|-damage|p2a: Rhyperior|233\/404
|
|switch|p1a: Suicune|Suicune|404\/404
|-ability|p1a: Suicune|Pressure
|move|p2a: Rhyperior|Earthquake|p1a: Suicune
|-damage|p1a: Suicune|221\/404
|
|-heal|p1a: Suicune|246\/404|[from] item: Leftovers
|turn|20
|
|move|p1a: Suicune|Substitute|p1a: Suicune
|-start|p1a: Suicune|Substitute
|-damage|p1a: Suicune|145\/404
|move|p2a: Rhyperior|Earthquake|p1a: Suicune
|-end|p1a: Suicune|Substitute
|
|-heal|p1a: Suicune|170\/404|[from] item: Leftovers
|turn|21
|
|move|p1a: Suicune|Scald|p2a: Rhyperior
|-supereffective|p2a: Rhyperior
|-damage|p2a: Rhyperior|0 fnt
|faint|p2a: Rhyperior
|
|-heal|p1a: Suicune|195\/404|[from] item: Leftovers
|
|switch|p2a: Celebi|Celebi|404\/404
|-damage|p2a: Celebi|354\/404|[from] Stealth Rock
|turn|22
|
|move|p1a: Suicune|Ice Beam|p2a: Celebi
|-supereffective|p2a: Celebi
|-damage|p2a: Celebi|248\/404
|move|p2a: Celebi|Psychic|p1a: Suicune
|-damage|p1a: Suicune|108\/404
|
|-heal|p1a: Suicune|133\/404|[from] item: Leftovers
|-heal|p2a: Celebi|273\/404|[from] item: Leftovers
|turn|23
|
|move|p1a: Suicune|Substitute|p1a: Suicune
|-start|p1a: Suicune|Substitute
|-damage|p1a: Suicune|32\/404
|move|p2a: Celebi|Giga Drain|p1a: Suicune
|-supereffective|p1a: Suicune
|-end|p1a: Suicune|Substitute
|-heal|p2a: Celebi|324\/404|[from] drain|[of] p1a: Suicune
|
|-heal|p1a: Suicune|57\/404|[from] item: Leftovers
|-heal|p2a: Celebi|349\/404|[from] item: Leftovers
|turn|24
|
|move|p1a: Suicune|Ice Beam|p2a: Celebi
|-supereffective|p2a: Celebi
|-damage|p2a: Celebi|249\/404
|move|p2a: Celebi|Psychic|p1a: Suicune
|-damage|p1a: Suicune|0 fnt
|faint|p1a: Suicune
|
|-heal|p2a: Celebi|274\/404|[from] item: Leftovers
|
|switch|p1a: Beedrill|Beedrill-Mega, F|271\/271
|turn|25
|
|move|p1a: Beedrill|U-turn|p2a: Celebi
|-supereffective|p2a: Celebi
|-damage|p2a: Celebi|0 fnt
|faint|p2a: Celebi
|
|switch|p1a: Infernape|Infernape, M|186\/293
|
|
|switch|p2a: Infernape|Infernape, F|97\/294
|-damage|p2a: Infernape|61\/294|[from] Stealth Rock
|turn|26
|
|move|p2a: Infernape|Mach Punch|p1a: Infernape
|-damage|p1a: Infernape|53\/293
|-damage|p2a: Infernape|32\/294|[from] item: Life Orb
|move|p1a: Infernape|Flare Blitz|p2a: Infernape
|-resisted|p2a: Infernape
|-damage|p2a: Infernape|0 fnt
|-damage|p1a: Infernape|42\/293|[from] recoil|[of] p2a: Infernape
|faint|p2a: Infernape
|
|
|switch|p2a: Kingdra|Kingdra, M|42\/291 brn
|-damage|p2a: Kingdra|6\/291 brn|[from] Stealth Rock
|turn|27
|
|move|p1a: Infernape|Flare Blitz|p2a: Kingdra
|-resisted|p2a: Kingdra
|-damage|p2a: Kingdra|0 fnt
|-damage|p1a: Infernape|40\/293|[from] recoil|[of] p2a: Kingdra
|faint|p2a: Kingdra
|
|
|switch|p2a: Forretress|Forretress, M|354\/354
|-damage|p2a: Forretress|310\/354|[from] Stealth Rock
|turn|28
|
|move|p1a: Infernape|Flare Blitz|p2a: Forretress
|-supereffective|p2a: Forretress
|-damage|p2a: Forretress|0 fnt
|-damage|p1a: Infernape|0 fnt|[from] recoil|[of] p2a: Forretress
|faint|p2a: Forretress
|faint|p1a: Infernape
|
|win|ANGER MANAGEMENT
|raw|Ladder updating...
|raw|ANGER MANAGEMENT's rating: 1458 &rarr; <strong>1471<\/strong><br \/>(+13 for winning)
|raw|EliteMaster975's rating: 1322 &rarr; <strong>1309<\/strong><br \/>(-13 for losing)
|leave|EliteMaster975
|player|p2