|join|ANGER MANAGEMENT
|join|dudman
|player|p1|ANGER MANAGEMENT|123
|player|p2|dudman|171
|gametype|singles
|gen|6
|tier|UU
|rated
|rule|Sleep Clause Mod: Limit one foe put to sleep
|rule|Species Clause: Limit one of each PokÃ©mon
|rule|OHKO Clause: OHKO moves are banned
|rule|Moody Clause: Moody is banned
|rule|Evasion Moves Clause: Evasion moves are banned
|rule|Endless Battle Clause: Forcing endless battles is banned
|rule|HP Percentage Mod: HP is shown in percentages
|clearpoke
|poke|p1|Florges, F
|poke|p1|Flygon, F
|poke|p1|Suicune
|poke|p1|Raikou
|poke|p1|Swampert, M
|poke|p1|Victini
|poke|p2|Roserade, M
|poke|p2|Krookodile, F
|poke|p2|Infernape, F
|poke|p2|Lucario, F
|poke|p2|Blastoise, F
|poke|p2|Sableye, F
|rule|Swagger Clause: Swagger is banned
|rule|Baton Pass Clause: Limit one PokÃ©mon knowing Baton Pass
|teampreview
|c|âdudman|o no tini shit
|
|start
|switch|p1a: Flygon|Flygon, F|301\/301
|switch|p2a: Krookodile|Krookodile, F|394\/394
|-ability|p2a: Krookodile|Intimidate|[of] p1a: Flygon
|-unboost|p1a: Flygon|atk|1
|turn|1
|
|move|p1a: Flygon|U-turn|p2a: Krookodile
|-supereffective|p2a: Krookodile
|-damage|p2a: Krookodile|274\/394
|
|switch|p1a: Swampert|Swampert, M|401\/401
|move|p2a: Krookodile|Stealth Rock|p1a: Swampert
|-sidestart|p1: ANGER MANAGEMENT|move: Stealth Rock
|
|-heal|p2a: Krookodile|298\/394|[from] item: Leftovers
|turn|2
|
|switch|p2a: Blastoise|Blastoise, F|326\/326
|move|p1a: Swampert|Earthquake|p2a: Blastoise
|-damage|p2a: Blastoise|184\/326
|
|turn|3
|
|switch|p2a: Roserade|Roserade, M|261\/261
|move|p1a: Swampert|Earthquake|p2a: Roserade
|-damage|p2a: Roserade|69\/261
|
|-heal|p2a: Roserade|85\/261|[from] item: Black Sludge
|turn|4
|
|switch|p1a: Flygon|Flygon, F|301\/301
|-damage|p1a: Flygon|283\/301|[from] Stealth Rock
|move|p2a: Roserade|Giga Drain|p1a: Flygon
|-damage|p1a: Flygon|132\/301
|-heal|p2a: Roserade|161\/261|[from] drain|[of] p1a: Flygon
|
|-heal|p2a: Roserade|177\/261|[from] item: Black Sludge
|turn|5
|
|switch|p2a: Krookodile|Krookodile, F|298\/394
|-ability|p2a: Krookodile|Intimidate|[of] p1a: Flygon
|-unboost|p1a: Flygon|atk|1
|move|p1a: Flygon|Earthquake|p2a: Krookodile
|-damage|p2a: Krookodile|175\/394
|
|-heal|p2a: Krookodile|199\/394|[from] item: Leftovers
|turn|6
|
|move|p1a: Flygon|Earthquake|p2a: Krookodile
|-damage|p2a: Krookodile|73\/394
|move|p2a: Krookodile|Knock Off|p1a: Flygon
|-damage|p1a: Flygon|0 fnt
|-enditem|p1a: Flygon|Choice Scarf|[from] move: Knock Off|[of] p2a: Krookodile
|faint|p1a: Flygon
|
|-heal|p2a: Krookodile|97\/394|[from] item: Leftovers
|
|switch|p1a: Raikou|Raikou|364\/364
|-damage|p1a: Raikou|319\/364|[from] Stealth Rock
|-ability|p1a: Raikou|Pressure
|turn|7
|
|switch|p2a: Sableye|Sableye, F|304\/304
|move|p1a: Raikou|Hidden Power|p2a: Sableye
|-damage|p2a: Sableye|250\/304
|
|-heal|p2a: Sableye|269\/304|[from] item: Leftovers
|turn|8
|
|move|p1a: Raikou|Calm Mind|p1a: Raikou
|-boost|p1a: Raikou|spa|1
|-boost|p1a: Raikou|spd|1
|move|p2a: Sableye|Knock Off|p1a: Raikou
|-damage|p1a: Raikou|198\/364
|-enditem|p1a: Raikou|Chesto Berry|[from] move: Knock Off|[of] p2a: Sableye
|
|-heal|p2a: Sableye|288\/304|[from] item: Leftovers
|turn|9
|
|move|p2a: Sableye|Will-O-Wisp|p1a: Raikou
|-status|p1a: Raikou|brn
|move|p1a: Raikou|Thunderbolt|p2a: Sableye
|-damage|p2a: Sableye|110\/304
|
|-heal|p2a: Sableye|129\/304|[from] item: Leftovers
|-damage|p1a: Raikou|153\/364 brn|[from] brn
|turn|10
|
|move|p2a: Sableye|Taunt|p1a: Raikou
|-start|p1a: Raikou|move: Taunt
|cant|p1a: Raikou|move: Taunt|Calm Mind
|
|-heal|p2a: Sableye|148\/304|[from] item: Leftovers
|-damage|p1a: Raikou|108\/364 brn|[from] brn
|turn|11
|
|move|p2a: Sableye|Recover|p2a: Sableye
|-heal|p2a: Sableye|300\/304
|move|p1a: Raikou|Thunderbolt|p2a: Sableye
|-damage|p2a: Sableye|111\/304
|
|-heal|p2a: Sableye|130\/304|[from] item: Leftovers
|-damage|p1a: Raikou|63\/364 brn|[from] brn
|turn|12
|
|move|p2a: Sableye|Recover|p2a: Sableye
|-heal|p2a: Sableye|282\/304
|move|p1a: Raikou|Thunderbolt|p2a: Sableye
|-damage|p2a: Sableye|101\/304
|
|-heal|p2a: Sableye|120\/304|[from] item: Leftovers
|-damage|p1a: Raikou|18\/364 brn|[from] brn
|-end|p1a: Raikou|move: Taunt
|turn|13
|
|move|p2a: Sableye|Taunt|p1a: Raikou
|-start|p1a: Raikou|move: Taunt
|move|p1a: Raikou|Thunderbolt|p2a: Sableye
|-damage|p2a: Sableye|0 fnt
|faint|p2a: Sableye
|
|-damage|p1a: Raikou|0 fnt|[from] brn
|faint|p1a: Raikou
|
|switch|p2a: Infernape|Infernape, F|293\/293
|switch|p1a: Victini|Victini|341\/341
|-damage|p1a: Victini|256\/341|[from] Stealth Rock
|turn|14
|
|move|p2a: Infernape|Earthquake|p1a: Victini
|-supereffective|p1a: Victini
|-damage|p1a: Victini|0 fnt
|faint|p1a: Victini
|
|c|âdudman|ayy
|
|switch|p1a: Swampert|Swampert, M|401\/401
|-damage|p1a: Swampert|376\/401|[from] Stealth Rock
|turn|15
|
|switch|p2a: Blastoise|Blastoise, F|184\/326
|move|p1a: Swampert|Earthquake|p2a: Blastoise
|-damage|p2a: Blastoise|57\/326
|
|-heal|p1a: Swampert|401\/401|[from] item: Leftovers
|turn|16
|
|detailschange|p2a: Blastoise|Blastoise-Mega, F
|message|Blastoise has Mega Evolved into Mega Blastoise!
|move|p2a: Blastoise|Hydro Pump|p1a: Swampert
|-damage|p1a: Swampert|163\/401
|move|p1a: Swampert|Earthquake|p2a: Blastoise
|-damage|p2a: Blastoise|0 fnt
|faint|p2a: Blastoise
|
|-heal|p1a: Swampert|188\/401|[from] item: Leftovers
|
|switch|p2a: Roserade|Roserade, M|177\/261
|turn|17
|-message|ANGER MANAGEMENT forfeited.
|
|win|dudman
|raw|Ladder updating...
|leave|ANGER MANAGEMENT
|player|p1
|raw|ANGER MANAGEMENT's rating: 1633 &rarr; <strong>1614<\/strong><br \/>(-19 for losing)
|raw|dudman's rating: 1643 &rarr; <strong>1662<\/strong><br \/>(+19 for winning)