|join|ANGER MANAGEMENT
|join|r0ady
|join|Doctor Ciel
|join|Nappi Boi
|player|p1|ANGER MANAGEMENT|123
|player|p2|r0ady|165
|gametype|singles
|gen|6
|tier|UU
|rule|Sleep Clause Mod: Limit one foe put to sleep
|rule|Species Clause: Limit one of each PokÃ©mon
|rule|OHKO Clause: OHKO moves are banned
|rule|Moody Clause: Moody is banned
|rule|Evasion Moves Clause: Evasion moves are banned
|rule|Endless Battle Clause: Forcing endless battles is banned
|rule|HP Percentage Mod: HP is shown in percentages
|clearpoke
|poke|p1|Slowking, M
|poke|p1|Lopunny, F
|poke|p1|Zygarde
|poke|p1|Tornadus, M, shiny
|poke|p1|Azelf, shiny
|poke|p1|Fletchinder, F
|poke|p2|Absol, M
|poke|p2|Machamp, F
|poke|p2|Yanmega, F
|poke|p2|Swampert, M
|poke|p2|Jirachi
|poke|p2|Starmie
|rule|Swagger Clause: Swagger is banned
|rule|Baton Pass Clause: Limit one PokÃ©mon knowing Baton Pass
|teampreview
|join|SmashBrosBrawl
|join|4FS
|join|Eren Swaeger
|join|Mike Hunts
|join|Stupidity is bad
|leave|Eren Swaeger
|c|âr0ady|your team
|c|âr0ady|looks so scary
|c|âr0ady|lmao
|leave|SmashBrosBrawl
|join|BurstStream
|c|âANGER MANAGEMENT|they're all cuties
|
|start
|switch|p1a: DMT|Lopunny, F|271\/271
|switch|p2a: Not hax|Jirachi|341\/341
|turn|1
|c| 4FS|ikr, quivering over here tbh
|join|Tom's Harry Dick
|c| BurstStream|Also I gotta congratulate you both gusy
|c| BurstStream|your teams are cool as fuck
|c|âr0ady|linda
|
|move|p2a: Not hax|U-turn|p1a: DMT
|-damage|p1a: DMT|195\/271
|c| BurstStream|although it has some nasty stupid standart shit
|
|switch|p2a: Team Player|Swampert, M|404\/404
|move|p1a: DMT|Substitute|p1a: DMT
|-start|p1a: DMT|Substitute
|-damage|p1a: DMT|128\/271
|
|turn|2
|
|detailschange|p1a: DMT|Lopunny-Mega, F
|message|Lopunny has Mega Evolved into Mega Lopunny!
|move|p1a: DMT|High Jump Kick|p2a: Team Player
|-damage|p2a: Team Player|223\/404
|move|p2a: Team Player|Roar|p1a: DMT
|drag|p1a: xMarth|Zygarde|405\/405
|-ability|p1a: xMarth|Aura Break
|
|-heal|p2a: Team Player|248\/404|[from] item: Leftovers
|turn|3
|
|switch|p1a: Dudeman130498|Azelf, shiny|291\/291
|move|p2a: Team Player|Stealth Rock|p1a: Dudeman130498
|-sidestart|p1: ANGER MANAGEMENT|move: Stealth Rock
|
|-heal|p2a: Team Player|273\/404|[from] item: Leftovers
|turn|4
|
|switch|p2a: Not hax|Jirachi|341\/341
|move|p1a: Dudeman130498|Stealth Rock|p2a: Not hax
|-sidestart|p2: r0ady|move: Stealth Rock
|
|turn|5
|
|move|p2a: Not hax|U-turn|p1a: Dudeman130498
|-supereffective|p1a: Dudeman130498
|-damage|p1a: Dudeman130498|121\/291
|
|switch|p2a: Team Player|Swampert, M|273\/404
|-damage|p2a: Team Player|248\/404|[from] Stealth Rock
|move|p1a: Dudeman130498|Knock Off|p2a: Team Player
|-damage|p2a: Team Player|165\/404
|-enditem|p2a: Team Player|Leftovers|[from] move: Knock Off|[of] p1a: Dudeman130498
|
|turn|6
|
|move|p1a: Dudeman130498|Taunt|p2a: Team Player
|-start|p2a: Team Player|move: Taunt
|move|p2a: Team Player|Scald|p1a: Dudeman130498
|-damage|p1a: Dudeman130498|19\/291
|
|turn|7
|
|move|p1a: Dudeman130498|Knock Off|p2a: Team Player
|-damage|p2a: Team Player|109\/404
|move|p2a: Team Player|Scald|p1a: Dudeman130498
|-damage|p1a: Dudeman130498|0 fnt
|faint|p1a: Dudeman130498
|
|
|switch|p1a: xMarth|Zygarde|405\/405
|-damage|p1a: xMarth|380\/405|[from] Stealth Rock
|-ability|p1a: xMarth|Aura Break
|turn|8
|join|Donphantastic
|
|move|p1a: xMarth|Substitute|p1a: xMarth
|-start|p1a: xMarth|Substitute
|-damage|p1a: xMarth|279\/405
|move|p2a: Team Player|Earthquake|p1a: xMarth
|-end|p1a: xMarth|Substitute
|
|-heal|p1a: xMarth|304\/405|[from] item: Leftovers
|-end|p2a: Team Player|move: Taunt
|turn|9
|
|move|p1a: xMarth|Earthquake|p2a: Team Player
|-damage|p2a: Team Player|25\/404
|move|p2a: Team Player|Roar|p1a: xMarth
|drag|p1a: King UU|Slowking, M|394\/394
|-damage|p1a: King UU|345\/394|[from] Stealth Rock
|
|-heal|p1a: King UU|369\/394|[from] item: Leftovers
|turn|10
|join|100CASH
|leave|100CASH
|join|BenzMafia
|join|FlederMau5
|
|move|p2a: Team Player|Earthquake|p1a: King UU
|-damage|p1a: King UU|218\/394
|move|p1a: King UU|Trick Room|p1a: King UU
|-fieldstart|move: Trick Room|[of] p1a: King UU
|
|-heal|p1a: King UU|242\/394|[from] item: Leftovers
|turn|11
|join|100CASH
|c|âr0ady|FUCK
|c|âr0ady|god won
|c| BurstStream|Also Anger wasnt your Zygarde
|c| BurstStream|DD
|c| BurstStream|lol
|leave|100CASH
|c|âr0ady|wait no
|c|âANGER MANAGEMENT|no
|c|âr0ady|zygarde
|join|poonHunter (DD)
|c|âANGER MANAGEMENT|you're mistaken
|
|move|p1a: King UU|Scald|p2a: Team Player
|-damage|p2a: Team Player|0 fnt
|faint|p2a: Team Player
|
|-heal|p1a: King UU|266\/394|[from] item: Leftovers
|c| Donphantastic|nastyking
|c| Donphantastic|pls be nasty king
|c| BurstStream|IMB4 Anger got angry
|
|switch|p2a: Unlucky|Absol, M|271\/271
|-damage|p2a: Unlucky|238\/271|[from] Stealth Rock
|turn|12
|c| BurstStream|at +2 Zyggy not killing Gligar
|
|switch|p1a: xMarth|Zygarde|304\/405
|-damage|p1a: xMarth|279\/405|[from] Stealth Rock
|-ability|p1a: xMarth|Aura Break
|detailschange|p2a: Unlucky|Absol-Mega, M
|message|Absol has Mega Evolved into Mega Absol!
|move|p2a: Unlucky|Play Rough|p1a: xMarth
|-supereffective|p1a: xMarth
|-damage|p1a: xMarth|63\/405
|
|-heal|p1a: xMarth|88\/405|[from] item: Leftovers
|turn|13
|c| BurstStream|and changed to SubCoil
|join|dodmen
|
|move|p1a: xMarth|Coil|p1a: xMarth
|-boost|p1a: xMarth|atk|1
|-boost|p1a: xMarth|def|1
|-boost|p1a: xMarth|accuracy|1
|move|p2a: Unlucky|Knock Off|p1a: xMarth
|-damage|p1a: xMarth|0 fnt
|-enditem|p1a: xMarth|Leftovers|[from] move: Knock Off|[of] p2a: Unlucky
|faint|p1a: xMarth
|
|
|switch|p1a: Technosis|Tornadus, M, shiny|299\/299
|-damage|p1a: Technosis|225\/299|[from] Stealth Rock
|turn|14
|c| Tom's Harry Dick|predicted
|
|switch|p2a: Not hax|Jirachi|341\/341
|-damage|p2a: Not hax|320\/341|[from] Stealth Rock
|move|p1a: Technosis|Acrobatics|p2a: Not hax
|-resisted|p2a: Not hax
|-damage|p2a: Not hax|231\/341
|
|-fieldend|move: Trick Room
|turn|15
|c| BurstStream|Nice Lack of switch ins
|c| BurstStream|to Mega Sol
|
|move|p1a: Technosis|Tailwind|p1a: Technosis
|-sidestart|p1: ANGER MANAGEMENT|move: Tailwind
|move|p2a: Not hax|Iron Head|p1a: Technosis
|-damage|p1a: Technosis|63\/299
|
|turn|16
|c| BurstStream|Also Tailwind+Trick Room
|
|move|p1a: Technosis|Knock Off|p2a: Not hax
|-supereffective|p2a: Not hax
|-damage|p2a: Not hax|27\/341
|-enditem|p2a: Not hax|Choice Scarf|[from] move: Knock Off|[of] p1a: Technosis
|move|p2a: Not hax|Iron Head|p1a: Technosis
|-damage|p1a: Technosis|0 fnt
|faint|p1a: Technosis
|
|c| BurstStream|when speed Controll
|c| BurstStream|is not enough
|
|switch|p1a: DMT|Lopunny-Mega, F|128\/271
|-damage|p1a: DMT|112\/271|[from] Stealth Rock
|turn|17
|join|100CASH
|
|move|p1a: DMT|Frustration|p2a: Not hax
|-resisted|p2a: Not hax
|-damage|p2a: Not hax|0 fnt
|faint|p2a: Not hax
|
|join|Frickett
|leave|100CASH
|c|âr0ady|does hjk ohko champ?
|c| dodmen|find out :}
|c| FlederMau5|^
|c| Tom's Harry Dick|i don't think so
|
|switch|p2a: Switch in"|Machamp, F|343\/343
|-damage|p2a: Switch in"|322\/343|[from] Stealth Rock
|turn|18
|c| BurstStream|252 Atk Lopunny High Jump Kick vs. 0 HP \/ 0 Def Machamp: 264-312 (82.2 - 97.1%) -- guaranteed 2HKO
|c| BurstStream|Spoilers
|c| Donphantastic|it can ko
|
|move|p1a: DMT|High Jump Kick|p2a: Switch in"
|-damage|p2a: Switch in"|24\/343
|move|p2a: Switch in"|Close Combat|p1a: DMT
|-supereffective|p1a: DMT
|-damage|p1a: DMT|0 fnt
|-unboost|p2a: Switch in"|def|1
|-unboost|p2a: Switch in"|spd|1
|faint|p1a: DMT
|
|-sideend|p1: ANGER MANAGEMENT|move: Tailwind
|c| Donphantastic|and the mid roll
|
|switch|p1a: King UU|Slowking, M|394\/394
|-damage|p1a: King UU|345\/394|[from] Stealth Rock
|turn|19
|c| Donphantastic|does linda win?
|
|move|p2a: Switch in"|Close Combat|p1a: King UU
|-resisted|p1a: King UU
|-damage|p1a: King UU|145\/394
|-unboost|p2a: Switch in"|def|1
|-unboost|p2a: Switch in"|spd|1
|move|p1a: King UU|Trick Room|p1a: King UU
|-fieldstart|move: Trick Room|[of] p1a: King UU
|
|-heal|p1a: King UU|169\/394|[from] item: Leftovers
|turn|20
|c| dodmen|jesus
|join|VividLatias
|c|âr0ady|band champ
|
|move|p1a: King UU|Scald|p2a: Switch in"
|-damage|p2a: Switch in"|0 fnt
|faint|p2a: Switch in"
|
|-heal|p1a: King UU|193\/394|[from] item: Leftovers
|c|âr0ady|doesnt fuck around
|c| Donphantastic|tis tru
|
|switch|p2a: Lefties|Starmie|261\/261
|-damage|p2a: Lefties|229\/261|[from] Stealth Rock
|turn|21
|c|âANGER MANAGEMENT|all this has is hp invest
|c|âANGER MANAGEMENT|not all that
|c| Stupidity is bad|Â¯\_(ã)_\/Â¯
|c| BurstStream|Also Dudeman unlike him
|
|move|p1a: King UU|Scald|p2a: Lefties
|-resisted|p2a: Lefties
|-damage|p2a: Lefties|154\/261
|-status|p2a: Lefties|brn
|move|p2a: Lefties|Hydro Pump|p1a: King UU
|-resisted|p1a: King UU
|-damage|p1a: King UU|93\/394
|-damage|p2a: Lefties|128\/261 brn|[from] item: Life Orb
|
|-heal|p1a: King UU|117\/394|[from] item: Leftovers
|-damage|p2a: Lefties|96\/261 brn|[from] brn
|turn|22
|c| BurstStream|he didn`t fall for the greed and seted a up NP
|join|so dynamic
|c| dodmen|ye i tend to do that
|c| dodmen|oof that analytic
|
|move|p1a: King UU|Psyshock|p2a: Lefties
|-resisted|p2a: Lefties
|-damage|p2a: Lefties|18\/261 brn
|move|p2a: Lefties|Hydro Pump|p1a: King UU
|-resisted|p1a: King UU
|-damage|p1a: King UU|27\/394
|-damage|p2a: Lefties|0 fnt|[from] item: Life Orb
|faint|p2a: Lefties
|
|-heal|p1a: King UU|51\/394|[from] item: Leftovers
|
|switch|p2a: Unlucky|Absol-Mega, M|238\/271
|-damage|p2a: Unlucky|205\/271|[from] Stealth Rock
|turn|23
|
|move|p2a: Unlucky|Sucker Punch|p1a: King UU
|-supereffective|p1a: King UU
|-damage|p1a: King UU|0 fnt
|faint|p1a: King UU
|
|-fieldend|move: Trick Room
|
|switch|p1a: sniperaim|Fletchinder, F|291\/291
|-damage|p1a: sniperaim|146\/291|[from] Stealth Rock
|turn|24
|c|âr0ady|sucker mind games :)))))
|
|move|p2a: Unlucky|Sucker Punch|p1a: sniperaim
|-fail|p1a: sniperaim
|move|p1a: sniperaim|Roost|p1a: sniperaim
|-heal|p1a: sniperaim|291\/291
|
|turn|25
|c| Donphantastic|mindgames happen here
|c| dodmen|ep
|c| dodmen|ic
|c| dodmen|xD
|c| BurstStream|Also it would be funny
|c|âr0ady|oh
|c|âr0ady|or you can do the dumb thing
|c| dodmen|.
|c| dodmen|.
|c|âr0ady|and roost first turn
|c| dodmen|.
|
|move|p2a: Unlucky|Sucker Punch|p1a: sniperaim
|-damage|p1a: sniperaim|17\/291
|move|p1a: sniperaim|Acrobatics|p2a: Unlucky
|-damage|p2a: Unlucky|0 fnt
|faint|p2a: Unlucky
|
|c| poonHunter (DD)|g
|c| Donphantastic|oooof
|c|âr0ady|gg
|c| poonHunter (DD)|g
|
|switch|p2a: GOD|Yanmega, F|314\/314
|-damage|p2a: GOD|157\/314|[from] Stealth Rock
|turn|26
|c| Donphantastic|stronk
|c| BurstStream|LINDA IS INDA
|c| dodmen|it's not dumb if it won him the game :]]]]]]]]]]]]]]]]]]]]
|
|move|p1a: sniperaim|Acrobatics|p2a: GOD
|-supereffective|p2a: GOD
|-damage|p2a: GOD|0 fnt
|faint|p2a: GOD
|
|win|ANGER MANAGEMENT
|c| Donphantastic|:]]]]]]]]]]]
|c|âANGER MANAGEMENT|gg
|c|âr0ady|this is true
|c| BurstStream|Also R0ady