|join|dodmen
|join|ANGER MANAGEMENT
|player|p1|dodmen|171
|player|p2|ANGER MANAGEMENT|123
|gametype|singles
|gen|6
|tier|UU
|rated
|rule|Sleep Clause Mod: Limit one foe put to sleep
|rule|Species Clause: Limit one of each PokÃ©mon
|rule|OHKO Clause: OHKO moves are banned
|rule|Moody Clause: Moody is banned
|rule|Evasion Moves Clause: Evasion moves are banned
|rule|Endless Battle Clause: Forcing endless battles is banned
|rule|HP Percentage Mod: HP is reported as percentages
|clearpoke
|poke|p1|Victini
|poke|p1|Ampharos, F
|poke|p1|Honchkrow, M
|poke|p1|Forretress, M
|poke|p1|Slowbro, M
|poke|p1|Blissey, F
|poke|p2|Suicune
|poke|p2|Cobalion
|poke|p2|Flygon, F
|poke|p2|Florges, F
|poke|p2|Mew
|poke|p2|Scrafty, M
|rule|Swagger Clause: Swagger is banned
|rule|Baton Pass Clause: Limit three PokÃ©mon knowing Baton Pass
|teampreview
|chat|dodmen|o hi
|chat|ANGER MANAGEMENT|sup
|
|start
|switch|p1a: Forretress|Forretress, M|354\/354
|switch|p2a: Suicune|Suicune|401\/401
|-ability|p2a: Suicune|Pressure
|turn|1
|
|move|p2a: Suicune|Scald|p1a: Forretress
|-damage|p1a: Forretress|225\/354
|-status|p1a: Forretress|brn
|move|p1a: Forretress|Stealth Rock|p2a: Suicune
|-sidestart|p2: ANGER MANAGEMENT|move: Stealth Rock
|
|-heal|p1a: Forretress|247\/354 brn|[from] item: Leftovers
|-damage|p1a: Forretress|203\/354 brn|[from] brn
|turn|2
|
|switch|p1a: Ampharos|Ampharos, F|353\/353
|move|p2a: Suicune|Scald|p1a: Ampharos
|-damage|p1a: Ampharos|259\/353
|
|turn|3
|
|switch|p2a: Florges|Florges, F|360\/360
|-damage|p2a: Florges|315\/360|[from] Stealth Rock
|detailschange|p1a: Ampharos|Ampharos-Mega, F
|message|Ampharos has Mega Evolved into Mega Ampharos!
|-ability|p1a: Ampharos|Mold Breaker
|move|p1a: Ampharos|Volt Switch|p2a: Florges
|-damage|p2a: Florges|222\/360
|
|switch|p1a: Blissey|Blissey, F|714\/714
|
|-heal|p2a: Florges|244\/360|[from] item: Leftovers
|turn|4
|
|switch|p2a: Mew|Mew|401\/401
|-damage|p2a: Mew|351\/401|[from] Stealth Rock
|switch|p1a: Victini|Victini|341\/341
|
|-heal|p2a: Mew|376\/401|[from] item: Leftovers
|turn|5
|
|switch|p2a: Cobalion|Cobalion|386\/386
|-damage|p2a: Cobalion|374\/386|[from] Stealth Rock
|move|p1a: Victini|U-turn|p2a: Cobalion
|-resisted|p2a: Cobalion
|-damage|p2a: Cobalion|353\/386
|chat|dodmen|rel
|chat|ANGER MANAGEMENT|lol
|
|switch|p1a: Ampharos|Ampharos-Mega, F|259\/353
|-ability|p1a: Ampharos|Mold Breaker
|
|-heal|p2a: Cobalion|377\/386|[from] item: Leftovers
|turn|6
|
|move|p2a: Cobalion|Stealth Rock|p1a: Ampharos
|-sidestart|p1: dodmen|move: Stealth Rock
|move|p1a: Ampharos|Volt Switch|p2a: Cobalion
|-damage|p2a: Cobalion|176\/386
|
|switch|p1a: Honchkrow|Honchkrow, M|341\/341
|-damage|p1a: Honchkrow|256\/341|[from] Stealth Rock
|
|-heal|p2a: Cobalion|200\/386|[from] item: Leftovers
|turn|7
|
|switch|p2a: Suicune|Suicune|401\/401
|-damage|p2a: Suicune|351\/401|[from] Stealth Rock
|-ability|p2a: Suicune|Pressure
|move|p1a: Honchkrow|Brave Bird|p2a: Suicune
|-damage|p2a: Suicune|203\/401
|-damage|p1a: Honchkrow|207\/341|[from] recoil|[of] p2a: Suicune
|
|-heal|p2a: Suicune|228\/401|[from] item: Leftovers
|turn|8
|
|move|p1a: Honchkrow|Brave Bird|p2a: Suicune
|-damage|p2a: Suicune|78\/401
|-damage|p1a: Honchkrow|157\/341|[from] recoil|[of] p2a: Suicune
|move|p2a: Suicune|Roar|p1a: Honchkrow
|drag|p1a: Ampharos|Ampharos-Mega, F|259\/353
|-damage|p1a: Ampharos|215\/353|[from] Stealth Rock
|-ability|p1a: Ampharos|Mold Breaker
|
|-heal|p2a: Suicune|103\/401|[from] item: Leftovers
|turn|9
|chat|ANGER MANAGEMENT|fock
|chat|dodmen|kek
|
|switch|p2a: Scrafty|Scrafty, M|334\/334
|-damage|p2a: Scrafty|314\/334|[from] Stealth Rock
|move|p1a: Ampharos|Volt Switch|p2a: Scrafty
|-damage|p2a: Scrafty|191\/334
|
|switch|p1a: Victini|Victini|341\/341
|-damage|p1a: Victini|256\/341|[from] Stealth Rock
|
|-heal|p2a: Scrafty|211\/334|[from] item: Leftovers
|turn|10
|
|switch|p2a: Flygon|Flygon, F|301\/301
|-damage|p2a: Flygon|283\/301|[from] Stealth Rock
|move|p1a: Victini|V-create|p2a: Flygon
|-resisted|p2a: Flygon
|-damage|p2a: Flygon|55\/301
|-unboost|p1a: Victini|def|1
|-unboost|p1a: Victini|spd|1
|-unboost|p1a: Victini|spe|1
|
|turn|11
|
|switch|p1a: Slowbro|Slowbro, M|394\/394
|-damage|p1a: Slowbro|345\/394|[from] Stealth Rock
|move|p2a: Flygon|Earthquake|p1a: Slowbro
|-damage|p1a: Slowbro|251\/394
|
|turn|12
|
|switch|p2a: Mew|Mew|376\/401
|-damage|p2a: Mew|326\/401|[from] Stealth Rock
|switch|p1a: Honchkrow|Honchkrow, M|157\/341
|-damage|p1a: Honchkrow|72\/341|[from] Stealth Rock
|
|-heal|p2a: Mew|351\/401|[from] item: Leftovers
|turn|13
|
|move|p1a: Honchkrow|Brave Bird|p2a: Mew
|-damage|p2a: Mew|146\/401
|-damage|p1a: Honchkrow|4\/341|[from] recoil|[of] p2a: Mew
|move|p2a: Mew|Will-O-Wisp|p1a: Honchkrow
|-status|p1a: Honchkrow|brn
|
|-heal|p2a: Mew|171\/401|[from] item: Leftovers
|-damage|p1a: Honchkrow|0 fnt|[from] brn
|faint|p1a: Honchkrow
|
|switch|p1a: Victini|Victini|256\/341
|-damage|p1a: Victini|171\/341|[from] Stealth Rock
|turn|14
|
|switch|p2a: Florges|Florges, F|244\/360
|-damage|p2a: Florges|199\/360|[from] Stealth Rock
|move|p1a: Victini|V-create|p2a: Florges
|-crit|p2a: Florges
|-damage|p2a: Florges|0 fnt
|-unboost|p1a: Victini|def|1
|-unboost|p1a: Victini|spd|1
|-unboost|p1a: Victini|spe|1
|faint|p2a: Florges
|
|
|switch|p2a: Mew|Mew|171\/401
|-damage|p2a: Mew|121\/401|[from] Stealth Rock
|turn|15
|
|switch|p1a: Blissey|Blissey, F|714\/714
|-damage|p1a: Blissey|625\/714|[from] Stealth Rock
|move|p2a: Mew|Knock Off|p1a: Blissey
|-damage|p1a: Blissey|479\/714
|-enditem|p1a: Blissey|Leftovers|[from] move: Knock Off|[of] p2a: Mew
|
|-heal|p2a: Mew|146\/401|[from] item: Leftovers
|turn|16
|
|move|p2a: Mew|Taunt|p1a: Blissey
|-start|p1a: Blissey|move: Taunt
|cant|p1a: Blissey|move: Taunt|Wish
|
|-heal|p2a: Mew|171\/401|[from] item: Leftovers
|turn|17
|
|move|p2a: Mew|Knock Off|p1a: Blissey
|-damage|p1a: Blissey|390\/714
|move|p1a: Blissey|Seismic Toss|p2a: Mew
|-damage|p2a: Mew|71\/401
|
|-heal|p2a: Mew|96\/401|[from] item: Leftovers
|turn|18
|
|switch|p1a: Victini|Victini|171\/341
|-damage|p1a: Victini|86\/341|[from] Stealth Rock
|move|p2a: Mew|Soft-Boiled|p2a: Mew
|-heal|p2a: Mew|297\/401
|
|-heal|p2a: Mew|322\/401|[from] item: Leftovers
|turn|19
|chat|ANGER MANAGEMENT|i'm not real enough
|chat|dodmen|kek
|chat|ANGER MANAGEMENT|to knock off twice
|
|switch|p2a: Suicune|Suicune|103\/401
|-damage|p2a: Suicune|53\/401|[from] Stealth Rock
|-ability|p2a: Suicune|Pressure
|move|p1a: Victini|V-create|p2a: Suicune
|-resisted|p2a: Suicune
|-damage|p2a: Suicune|0 fnt
|-unboost|p1a: Victini|def|1
|-unboost|p1a: Victini|spd|1
|-unboost|p1a: Victini|spe|1
|faint|p2a: Suicune
|
|chat|dodmen|so now that it doesn't matter
|
|switch|p2a: Mew|Mew|322\/401
|-damage|p2a: Mew|272\/401|[from] Stealth Rock
|turn|20
|chat|dodmen|oh
|chat|dodmen|nvm lol
|join|so dynamic
|
|switch|p1a: Ampharos|Ampharos-Mega, F|215\/353
|-damage|p1a: Ampharos|171\/353|[from] Stealth Rock
|-ability|p1a: Ampharos|Mold Breaker
|move|p2a: Mew|Knock Off|p1a: Ampharos
|-damage|p1a: Ampharos|123\/353
|
|-heal|p2a: Mew|297\/401|[from] item: Leftovers
|turn|21
|
|move|p2a: Mew|Will-O-Wisp|p1a: Ampharos
|-status|p1a: Ampharos|brn
|move|p1a: Ampharos|Volt Switch|p2a: Mew
|-damage|p2a: Mew|170\/401
|
|switch|p1a: Forretress|Forretress, M|203\/354 brn
|-damage|p1a: Forretress|159\/354 brn|[from] Stealth Rock
|
|-heal|p2a: Mew|195\/401|[from] item: Leftovers
|-heal|p1a: Forretress|181\/354 brn|[from] item: Leftovers
|-damage|p1a: Forretress|137\/354 brn|[from] brn
|turn|22
|
|move|p2a: Mew|Knock Off|p1a: Forretress
|-damage|p1a: Forretress|96\/354 brn
|-enditem|p1a: Forretress|Leftovers|[from] move: Knock Off|[of] p2a: Mew
|move|p1a: Forretress|Rapid Spin|p2a: Mew
|-damage|p2a: Mew|187\/401
|-sideend|p1: dodmen|Stealth Rock|[from] move: Rapid Spin|[of] p1a: Forretress
|
|-heal|p2a: Mew|212\/401|[from] item: Leftovers
|-damage|p1a: Forretress|52\/354 brn|[from] brn
|turn|23
|
|move|p2a: Mew|Taunt|p1a: Forretress
|-start|p1a: Forretress|move: Taunt
|move|p1a: Forretress|Volt Switch|p2a: Mew
|-damage|p2a: Mew|186\/401
|
|switch|p1a: Victini|Victini|86\/341
|
|-heal|p2a: Mew|211\/401|[from] item: Leftovers
|turn|24
|
|switch|p2a: Flygon|Flygon, F|55\/301
|-damage|p2a: Flygon|37\/301|[from] Stealth Rock
|move|p1a: Victini|V-create|p2a: Flygon
|-resisted|p2a: Flygon
|-damage|p2a: Flygon|0 fnt
|-unboost|p1a: Victini|def|1
|-unboost|p1a: Victini|spd|1
|-unboost|p1a: Victini|spe|1
|faint|p2a: Flygon
|
|chat|dodmen|i need
|chat|dodmen|to u-turn
|chat|dodmen|more
|
|switch|p2a: Cobalion|Cobalion|200\/386
|-damage|p2a: Cobalion|188\/386|[from] Stealth Rock
|turn|25
|chat|ANGER MANAGEMENT|hmm
|chat|dodmen|50\/50
|
|switch|p1a: Slowbro|Slowbro, M|382\/394
|move|p2a: Cobalion|Close Combat|p1a: Slowbro
|-resisted|p1a: Slowbro
|-damage|p1a: Slowbro|336\/394
|-damage|p2a: Cobalion|124\/386|[from] item: Rocky Helmet|[of] p1a: Slowbro
|-unboost|p2a: Cobalion|def|1
|-unboost|p2a: Cobalion|spd|1
|
|-heal|p2a: Cobalion|148\/386|[from] item: Leftovers
|turn|26
|chat|ANGER MANAGEMENT|dam
|
|move|p2a: Cobalion|Stealth Rock|p1a: Slowbro
|-sidestart|p1: dodmen|move: Stealth Rock
|move|p1a: Slowbro|Scald|p2a: Cobalion
|-damage|p2a: Cobalion|0 fnt
|faint|p2a: Cobalion
|
|
|switch|p2a: Mew|Mew|211\/401
|-damage|p2a: Mew|161\/401|[from] Stealth Rock
|turn|27
|
|move|p2a: Mew|Taunt|p1a: Slowbro
|-start|p1a: Slowbro|move: Taunt
|move|p1a: Slowbro|Scald|p2a: Mew
|-crit|p2a: Mew
|-damage|p2a: Mew|58\/401
|
|-heal|p2a: Mew|83\/401|[from] item: Leftovers
|turn|28
|chat|dodmen|knock off here
|chat|dodmen|:^)
|chat|ANGER MANAGEMENT|:[
|
|move|p2a: Mew|Soft-Boiled|p2a: Mew
|-heal|p2a: Mew|284\/401
|move|p1a: Slowbro|Scald|p2a: Mew
|-damage|p2a: Mew|212\/401
|-status|p2a: Mew|brn
|-status|p1a: Slowbro|brn
|
|-heal|p2a: Mew|237\/401 brn|[from] item: Leftovers
|-damage|p2a: Mew|187\/401 brn|[from] brn
|-damage|p1a: Slowbro|287\/394 brn|[from] brn
|turn|29
|
|move|p2a: Mew|Soft-Boiled|p2a: Mew
|-heal|p2a: Mew|388\/401 brn
|move|p1a: Slowbro|Scald|p2a: Mew
|-damage|p2a: Mew|315\/401 brn
|
|-heal|p2a: Mew|340\/401 brn|[from] item: Leftovers
|-damage|p2a: Mew|290\/401 brn|[from] brn
|-damage|p1a: Slowbro|238\/394 brn|[from] brn
|-end|p1a: Slowbro|move: Taunt
|turn|30
|
|switch|p1a: Forretress|Forretress, M|52\/354 brn
|-damage|p1a: Forretress|8\/354 brn|[from] Stealth Rock
|move|p2a: Mew|Knock Off|p1a: Forretress
|-damage|p1a: Forretress|0 fnt
|faint|p1a: Forretress
|
|-heal|p2a: Mew|315\/401 brn|[from] item: Leftovers
|-damage|p2a: Mew|265\/401 brn|[from] brn
|
|switch|p1a: Blissey|Blissey, F|390\/714
|-damage|p1a: Blissey|301\/714|[from] Stealth Rock
|turn|31
|
|move|p2a: Mew|Taunt|p1a: Blissey
|-start|p1a: Blissey|move: Taunt
|move|p1a: Blissey|Seismic Toss|p2a: Mew
|-damage|p2a: Mew|165\/401 brn
|
|-heal|p2a: Mew|190\/401 brn|[from] item: Leftovers
|-damage|p2a: Mew|140\/401 brn|[from] brn
|turn|32
|join|EyanZ
|
|move|p2a: Mew|Soft-Boiled|p2a: Mew
|-heal|p2a: Mew|341\/401 brn
|move|p1a: Blissey|Seismic Toss|p2a: Mew
|-damage|p2a: Mew|241\/401 brn
|
|-heal|p2a: Mew|266\/401 brn|[from] item: Leftovers
|-damage|p2a: Mew|216\/401 brn|[from] brn
|turn|33
|chat|dodmen|fff
|
|move|p2a: Mew|Knock Off|p1a: Blissey
|-damage|p1a: Blissey|256\/714
|move|p1a: Blissey|Seismic Toss|p2a: Mew
|-damage|p2a: Mew|116\/401 brn
|
|-heal|p2a: Mew|141\/401 brn|[from] item: Leftovers
|-damage|p2a: Mew|91\/401 brn|[from] brn
|-end|p1a: Blissey|move: Taunt
|turn|34
|
|move|p2a: Mew|Taunt|p1a: Blissey
|-start|p1a: Blissey|move: Taunt
|cant|p1a: Blissey|move: Taunt|Wish
|
|-heal|p2a: Mew|116\/401 brn|[from] item: Leftovers
|-damage|p2a: Mew|66\/401 brn|[from] brn
|turn|35
|chat|dodmen|rel
|chat|ANGER MANAGEMENT|:x
|
|switch|p1a: Ampharos|Ampharos-Mega, F|123\/353 brn
|-damage|p1a: Ampharos|79\/353 brn|[from] Stealth Rock
|-ability|p1a: Ampharos|Mold Breaker
|move|p2a: Mew|Soft-Boiled|p2a: Mew
|-heal|p2a: Mew|267\/401 brn
|
|-heal|p2a: Mew|292\/401 brn|[from] item: Leftovers
|-damage|p2a: Mew|242\/401 brn|[from] brn
|-damage|p1a: Ampharos|35\/353 brn|[from] brn
|turn|36
|
|move|p2a: Mew|Knock Off|p1a: Ampharos
|-damage|p1a: Ampharos|12\/353 brn
|move|p1a: Ampharos|Thunderbolt|p2a: Mew
|-damage|p2a: Mew|97\/401 brn
|
|-heal|p2a: Mew|122\/401 brn|[from] item: Leftovers
|-damage|p2a: Mew|72\/401 brn|[from] brn
|-damage|p1a: Ampharos|0 fnt|[from] brn
|faint|p1a: Ampharos
|
|switch|p1a: Victini|Victini|86\/341
|-damage|p1a: Victini|1\/341|[from] Stealth Rock
|turn|37
|chat|ANGER MANAGEMENT|ah gg
|
|move|p1a: Victini|V-create|p2a: Mew
|-crit|p2a: Mew
|-damage|p2a: Mew|0 fnt
|-unboost|p1a: Victini|def|1
|-unboost|p1a: Victini|spd|1
|-unboost|p1a: Victini|spe|1
|faint|p2a: Mew
|
|chat|dodmen|gg fren
|
|switch|p2a: Scrafty|Scrafty, M|211\/334
|-damage|p2a: Scrafty|191\/334|[from] Stealth Rock
|turn|38
|
|move|p1a: Victini|V-create|p2a: Scrafty
|-damage|p2a: Scrafty|0 fnt
|-unboost|p1a: Victini|def|1
|-unboost|p1a: Victini|spd|1
|-unboost|p1a: Victini|spe|1
|faint|p2a: Scrafty
|
|win|dodmen
|raw|Ladder updating...
|raw|dodmen's rating: 1553 &rarr; <strong>1578<\/strong><br \/>(+25 for winning)
|raw|ANGER MANAGEMENT's rating: 1645 &rarr; <strong>1620<\/strong><br \/>(-25 for losing)
|leave|ANGER MANAGEMENT
|player|p2
|leave|dodmen
|player|p1
|leave|EyanZ
|join|dodmen