|join|FlareBlitz
|join|ANGER MANAGEMENT
|player|p1|FlareBlitz|265
|player|p2|ANGER MANAGEMENT|123
|gametype|singles
|gen|6
|tier|UU
|rated
|rule|Sleep Clause Mod: Limit one foe put to sleep
|rule|Species Clause: Limit one of each PokÃ©mon
|rule|OHKO Clause: OHKO moves are banned
|rule|Moody Clause: Moody is banned
|rule|Evasion Moves Clause: Evasion moves are banned
|rule|Endless Battle Clause: Forcing endless battles is banned
|rule|HP Percentage Mod: HP is reported as percentages
|clearpoke
|poke|p1|Chandelure, F
|poke|p1|Heracross, F
|poke|p1|Ampharos, M
|poke|p1|Tornadus-Therian, M
|poke|p1|Jirachi
|poke|p1|Barbaracle, F
|poke|p2|Reuniclus, M
|poke|p2|Flygon, M
|poke|p2|Lucario, M
|poke|p2|Swampert, M
|poke|p2|Florges, F
|poke|p2|Toxicroak, M
|rule|Swagger Clause: Swagger is banned
|rule|Baton Pass Clause: Limit three PokÃ©mon knowing Baton Pass
|teampreview
|
|start
|switch|p1a: Heracross|Heracross, F|329\/329
|switch|p2a: Swampert|Swampert, M|401\/401
|turn|1
|
|move|p1a: Heracross|Close Combat|p2a: Swampert
|-damage|p2a: Swampert|128\/401
|-unboost|p1a: Heracross|def|1
|-unboost|p1a: Heracross|spd|1
|move|p2a: Swampert|Stealth Rock|p1a: Heracross
|-sidestart|p1: FlareBlitz|move: Stealth Rock
|
|-heal|p2a: Swampert|153\/401|[from] item: Leftovers
|turn|2
|join|Kushalos
|
|switch|p1a: Jirachi|Jirachi|401\/401
|-damage|p1a: Jirachi|376\/401|[from] Stealth Rock
|switch|p2a: Florges|Florges, F|360\/360
|
|-heal|p1a: Jirachi|401\/401|[from] item: Leftovers
|turn|3
|
|switch|p2a: Reuniclus|Reuniclus, M|421\/421
|move|p1a: Jirachi|Stealth Rock|p2a: Reuniclus
|-sidestart|p2: ANGER MANAGEMENT|move: Stealth Rock
|
|turn|4
|
|move|p1a: Jirachi|Iron Head|p2a: Reuniclus
|-damage|p2a: Reuniclus|340\/421
|move|p2a: Reuniclus|Shadow Ball|p1a: Jirachi
|-supereffective|p1a: Jirachi
|-damage|p1a: Jirachi|196\/401
|
|-heal|p1a: Jirachi|221\/401|[from] item: Leftovers
|turn|5
|
|switch|p1a: Heracross|Heracross, F|329\/329
|-damage|p1a: Heracross|288\/329|[from] Stealth Rock
|move|p2a: Reuniclus|Shadow Ball|p1a: Heracross
|-damage|p1a: Heracross|175\/329
|-unboost|p1a: Heracross|spd|1
|
|turn|6
|join|yueah ah
|
|switch|p2a: Toxicroak|Toxicroak, M|345\/345
|-damage|p2a: Toxicroak|324\/345|[from] Stealth Rock
|move|p1a: Heracross|Megahorn|p2a: Toxicroak
|-resisted|p2a: Toxicroak
|-damage|p2a: Toxicroak|201\/345
|
|turn|7
|
|switch|p1a: Ampharos|Ampharos, M|383\/383
|-damage|p1a: Ampharos|336\/383|[from] Stealth Rock
|move|p2a: Toxicroak|Knock Off|p1a: Ampharos
|-damage|p1a: Ampharos|263\/383
|-status|p2a: Toxicroak|par
|-damage|p2a: Toxicroak|167\/345 par|[from] item: Life Orb
|
|turn|8
|
|detailschange|p1a: Ampharos|Ampharos-Mega, M
|message|Ampharos has Mega Evolved into Mega Ampharos!
|-ability|p1a: Ampharos|Mold Breaker
|move|p1a: Ampharos|Thunderbolt|p2a: Toxicroak
|-damage|p2a: Toxicroak|0 fnt
|faint|p2a: Toxicroak
|
|chat|yueah ah|anger
|chat|yueah ah|shrek this nerd
|
|switch|p2a: Swampert|Swampert, M|153\/401
|-damage|p2a: Swampert|128\/401|[from] Stealth Rock
|turn|9
|
|switch|p1a: Heracross|Heracross, F|175\/329
|-damage|p1a: Heracross|134\/329|[from] Stealth Rock
|move|p2a: Swampert|Earthquake|p1a: Heracross
|-resisted|p1a: Heracross
|-damage|p1a: Heracross|53\/329
|
|-heal|p2a: Swampert|153\/401|[from] item: Leftovers
|turn|10
|
|switch|p2a: Reuniclus|Reuniclus, M|340\/421
|move|p1a: Heracross|Knock Off|p2a: Reuniclus
|-supereffective|p2a: Reuniclus
|-damage|p2a: Reuniclus|6\/421
|-enditem|p2a: Reuniclus|Life Orb|[from] move: Knock Off|[of] p1a: Heracross
|
|turn|11
|
|move|p1a: Heracross|Knock Off|p2a: Reuniclus
|-supereffective|p2a: Reuniclus
|-damage|p2a: Reuniclus|0 fnt
|faint|p2a: Reuniclus
|
|
|switch|p2a: Flygon|Flygon, M|301\/301
|-damage|p2a: Flygon|283\/301|[from] Stealth Rock
|turn|12
|
|switch|p1a: Ampharos|Ampharos-Mega, M|263\/383
|-damage|p1a: Ampharos|216\/383|[from] Stealth Rock
|-ability|p1a: Ampharos|Mold Breaker
|move|p2a: Flygon|U-turn|p1a: Ampharos
|-damage|p1a: Ampharos|169\/383
|
|switch|p2a: Lucario|Lucario, M|281\/281
|-damage|p2a: Lucario|273\/281|[from] Stealth Rock
|
|turn|13
|
|move|p2a: Lucario|Close Combat|p1a: Ampharos
|-damage|p1a: Ampharos|0 fnt
|-unboost|p2a: Lucario|def|1
|-unboost|p2a: Lucario|spd|1
|-damage|p2a: Lucario|245\/281|[from] item: Life Orb
|faint|p1a: Ampharos
|
|
|switch|p1a: Tornadus-Therian|Tornadus-Therian, M|299\/299
|-damage|p1a: Tornadus-Therian|225\/299|[from] Stealth Rock
|turn|14
|
|switch|p2a: Swampert|Swampert, M|153\/401
|-damage|p2a: Swampert|128\/401|[from] Stealth Rock
|move|p1a: Tornadus-Therian|Bulk Up|p1a: Tornadus-Therian
|-boost|p1a: Tornadus-Therian|atk|1
|-boost|p1a: Tornadus-Therian|def|1
|
|-heal|p2a: Swampert|153\/401|[from] item: Leftovers
|turn|15
|
|move|p1a: Tornadus-Therian|Acrobatics|p2a: Swampert
|-damage|p2a: Swampert|0 fnt
|faint|p2a: Swampert
|
|
|switch|p2a: Florges|Florges, F|360\/360
|-damage|p2a: Florges|315\/360|[from] Stealth Rock
|turn|16
|
|move|p1a: Tornadus-Therian|Acrobatics|p2a: Florges
|-damage|p2a: Florges|53\/360
|move|p2a: Florges|Moonblast|p1a: Tornadus-Therian
|-damage|p1a: Tornadus-Therian|87\/299
|-unboost|p1a: Tornadus-Therian|spa|1
|
|-heal|p2a: Florges|75\/360|[from] item: Leftovers
|turn|17
|chat|Kushalos|o bulk up torn
|chat|Kushalos|havent seen that
|
|move|p1a: Tornadus-Therian|Acrobatics|p2a: Florges
|-damage|p2a: Florges|0 fnt
|faint|p2a: Florges
|
|chat|yueah ah|anger a shit
|
|switch|p2a: Lucario|Lucario, M|245\/281
|-damage|p2a: Lucario|237\/281|[from] Stealth Rock
|turn|18
|
|move|p1a: Tornadus-Therian|Acrobatics|p2a: Lucario
|-damage|p2a: Lucario|0 fnt
|faint|p2a: Lucario
|
|
|switch|p2a: Flygon|Flygon, M|283\/301
|-damage|p2a: Flygon|265\/301|[from] Stealth Rock
|turn|19
|
|move|p2a: Flygon|Outrage|p1a: Tornadus-Therian
|-damage|p1a: Tornadus-Therian|0 fnt
|faint|p1a: Tornadus-Therian
|
|-message|ANGER MANAGEMENT forfeited.
|
|win|FlareBlitz
|raw|Ladder updating...
|leave|ANGER MANAGEMENT
|player|p2
|raw|FlareBlitz's rating: 1764 &rarr; <strong>1774<\/strong><br \/>(+10 for winning)
|raw|ANGER MANAGEMENT's rating: 1586 &rarr; <strong>1576<\/strong><br \/>(-10 for losing)
|leave|yueah ah
|leave|Kushalos
|join|Kushalos
|leave|Kushalos
|leave|FlareBlitz
|player|p1