|join|ANGER MANAGEMENT
|join|FlyingWontons
|player|p1|ANGER MANAGEMENT|123
|player|p2|FlyingWontons|29
|gametype|singles
|gen|6
|tier|UU
|rated
|rule|Sleep Clause Mod: Limit one foe put to sleep
|rule|Species Clause: Limit one of each PokÃ©mon
|rule|OHKO Clause: OHKO moves are banned
|rule|Moody Clause: Moody is banned
|rule|Evasion Moves Clause: Evasion moves are banned
|rule|Endless Battle Clause: Forcing endless battles is banned
|rule|HP Percentage Mod: HP is shown in percentages
|clearpoke
|poke|p1|Haxorus, F
|poke|p1|Lucario, M
|poke|p1|Victini
|poke|p1|Crobat, F
|poke|p1|Azelf, shiny
|poke|p1|Absol, F
|poke|p2|Azelf
|poke|p2|Tornadus, M
|poke|p2|Ferroseed, F
|poke|p2|Raikou, shiny
|poke|p2|Kingdra, F
|poke|p2|Dugtrio, M
|rule|Swagger Clause: Swagger is banned
|rule|Baton Pass Clause: Limit one PokÃ©mon knowing Baton Pass
|teampreview
|
|start
|switch|p1a: Absol|Absol, F|281\/281
|switch|p2a: Azelf|Azelf|292\/292
|turn|1
|
|detailschange|p1a: Absol|Absol-Mega, F
|message|Absol has Mega Evolved into Mega Absol!
|move|p1a: Absol|Sucker Punch|p2a: Azelf
|-fail|p2a: Azelf
|move|p2a: Azelf|Rain Dance|p2a: Azelf
|-weather|RainDance
|
|-weather|RainDance|[upkeep]
|turn|2
|
|move|p2a: Azelf|Explosion|p1a: Absol
|-damage|p1a: Absol|0 fnt
|faint|p2a: Azelf
|faint|p1a: Absol
|
|-weather|RainDance|[upkeep]
|
|switch|p1a: Azelf|Azelf, shiny|291\/291
|switch|p2a: Kingdra|Kingdra, F|291\/291
|turn|3
|join|fruit loop soup
|
|move|p2a: Kingdra|Scald|p1a: Azelf
|-enditem|p1a: Azelf|Focus Sash
|-damage|p1a: Azelf|1\/291
|-status|p1a: Azelf|brn
|move|p1a: Azelf|Explosion|p2a: Kingdra
|-damage|p2a: Kingdra|0 fnt
|faint|p1a: Azelf
|faint|p2a: Kingdra
|
|-weather|RainDance|[upkeep]
|leave|fruit loop soup
|c|âFlyingWontons|omg
|c|âANGER MANAGEMENT|lol
|c|âFlyingWontons|lol
|c|âANGER MANAGEMENT|is that a bug or something
|c|âANGER MANAGEMENT|that shouldn't have ko'd
|c|âFlyingWontons|what
|c|âFlyingWontons|ehhh i think it does
|c|âFlyingWontons|youre running max attack arent you
|c|âANGER MANAGEMENT|yeah
|
|switch|p2a: Raikou|Raikou, shiny|321\/321
|switch|p1a: Haxorus|Haxorus, F|307\/307
|-ability|p2a: Raikou|Pressure
|-ability|p1a: Haxorus|Mold Breaker
|turn|4
|c|âANGER MANAGEMENT|252 Atk burned Azelf Explosion vs. 64 HP \/ 0 Def Kingdra: 138-163 (44.9 - 53%) -- 30.5% chance to 2HKO
|
|move|p2a: Raikou|Volt Switch|p1a: Haxorus
|-resisted|p1a: Haxorus
|-damage|p1a: Haxorus|182\/307
|c|âFlyingWontons|o yea you were burned
|c|âFlyingWontons|hmm wtf
|c|âFlyingWontons|i run no hp though
|
|switch|p2a: Ferroseed|Ferroseed, F|292\/292
|move|p1a: Haxorus|Dragon Dance|p1a: Haxorus
|-boost|p1a: Haxorus|atk|1
|-boost|p1a: Haxorus|spe|1
|
|-weather|RainDance|[upkeep]
|turn|5
|
|move|p1a: Haxorus|Swords Dance|p1a: Haxorus
|-boost|p1a: Haxorus|atk|2
|move|p2a: Ferroseed|Thunder Wave|p1a: Haxorus
|-status|p1a: Haxorus|par
|-enditem|p1a: Haxorus|Lum Berry|[eat]
|-curestatus|p1a: Haxorus|par
|
|-weather|none
|turn|6
|
|move|p1a: Haxorus|Earthquake|p2a: Ferroseed
|-damage|p2a: Ferroseed|104\/292
|move|p2a: Ferroseed|Thunder Wave|p1a: Haxorus
|-status|p1a: Haxorus|par
|
|turn|7
|c|âFlyingWontons|o snap
|
|cant|p1a: Haxorus|par
|move|p2a: Ferroseed|Spikes|p1a: Haxorus
|-sidestart|p1: ANGER MANAGEMENT|Spikes
|
|turn|8
|
|move|p1a: Haxorus|Outrage|p2a: Ferroseed
|-resisted|p2a: Ferroseed
|-damage|p2a: Ferroseed|0 fnt
|-damage|p1a: Haxorus|144\/307 par|[from] ability: Iron Barbs|[of] p2a: Ferroseed
|faint|p2a: Ferroseed
|
|
|switch|p2a: Raikou|Raikou, shiny|321\/321
|-ability|p2a: Raikou|Pressure
|turn|9
|
|move|p2a: Raikou|Hidden Power|p1a: Haxorus
|-supereffective|p1a: Haxorus
|-damage|p1a: Haxorus|0 fnt
|faint|p1a: Haxorus
|
|
|switch|p1a: Victini|Victini|399\/399
|-damage|p1a: Victini|350\/399|[from] Spikes
|turn|10
|
|move|p2a: Raikou|Hidden Power|p1a: Victini
|-resisted|p1a: Victini
|-damage|p1a: Victini|296\/399
|move|p1a: Victini|Trick Room|p1a: Victini
|-fieldstart|move: Trick Room|[of] p1a: Victini
|
|turn|11
|
|move|p1a: Victini|V-create|p2a: Raikou
|-damage|p2a: Raikou|0 fnt
|-unboost|p1a: Victini|def|1
|-unboost|p1a: Victini|spd|1
|-unboost|p1a: Victini|spe|1
|faint|p2a: Raikou
|
|c|âFlyingWontons|O.o
|
|switch|p2a: Dugtrio|Dugtrio, M|212\/212
|turn|12
|
|move|p2a: Dugtrio|Sucker Punch|p1a: Victini
|-supereffective|p1a: Victini
|-damage|p1a: Victini|5\/399
|-damage|p2a: Dugtrio|191\/212|[from] item: Life Orb
|move|p1a: Victini|V-create|p2a: Dugtrio
|-damage|p2a: Dugtrio|0 fnt
|-unboost|p1a: Victini|def|1
|-unboost|p1a: Victini|spd|1
|-unboost|p1a: Victini|spe|1
|faint|p2a: Dugtrio
|
|
|switch|p2a: Tornadus|Tornadus, M|299\/299
|turn|13
|
|move|p2a: Tornadus|Rain Dance|p2a: Tornadus
|-weather|RainDance
|move|p1a: Victini|V-create|p2a: Tornadus
|-damage|p2a: Tornadus|67\/299
|-unboost|p1a: Victini|def|1
|-unboost|p1a: Victini|spd|1
|-unboost|p1a: Victini|spe|1
|
|-weather|RainDance|[upkeep]
|turn|14
|
|move|p1a: Victini|V-create|p2a: Tornadus
|-damage|p2a: Tornadus|0 fnt
|-unboost|p1a: Victini|def|1
|-unboost|p1a: Victini|spd|1
|-unboost|p1a: Victini|spe|1
|faint|p2a: Tornadus
|
|win|ANGER MANAGEMENT
|raw|Ladder updating...
|raw|ANGER MANAGEMENT's rating: 1606 &rarr; <strong>1618<\/strong><br \/>(+12 for winning)
|raw|FlyingWontons's rating: 1451 &rarr; <strong>1439<\/strong><br \/>(-12 for losing)
|c|âFlyingWontons|ah fack
|leave|ANGER MANAGEMENT
|player|p1
|leave|FlyingWontons
|player|p2
|join|ANGER MANAGEMENT