|join|WraithMC
|join|ANGER MANAGEMENT
|player|p1|WraithMC|52
|player|p2|ANGER MANAGEMENT|123
|gametype|singles
|gen|6
|tier|UU
|rated
|rule|Sleep Clause Mod: Limit one foe put to sleep
|rule|Species Clause: Limit one of each PokÃ©mon
|rule|OHKO Clause: OHKO moves are banned
|rule|Moody Clause: Moody is banned
|rule|Evasion Moves Clause: Evasion moves are banned
|rule|Endless Battle Clause: Forcing endless battles is banned
|rule|HP Percentage Mod: HP is shown in percentages
|clearpoke
|poke|p1|Galvantula, F
|poke|p1|Zygarde
|poke|p1|Darmanitan, M
|poke|p1|Empoleon, F
|poke|p1|Mienshao, F
|poke|p1|Pidgeot, M
|poke|p2|Suicune
|poke|p2|Infernape, F
|poke|p2|Forretress, M
|poke|p2|Abomasnow, M
|poke|p2|Florges, F
|poke|p2|Goodra, M
|rule|Swagger Clause: Swagger is banned
|rule|Baton Pass Clause: Limit one PokÃ©mon knowing Baton Pass
|teampreview
|
|start
|switch|p1a: Galvantula|Galvantula, F|281\/281
|switch|p2a: Infernape|Infernape, F|293\/293
|turn|1
|
|move|p2a: Infernape|U-turn|p1a: Galvantula
|-damage|p1a: Galvantula|170\/281
|
|switch|p2a: Abomasnow|Abomasnow, M|321\/321
|move|p1a: Galvantula|Thunder|p2a: Abomasnow
|-resisted|p2a: Abomasnow
|-damage|p2a: Abomasnow|225\/321
|-status|p2a: Abomasnow|par
|
|turn|2
|
|move|p1a: Galvantula|Bug Buzz|p2a: Abomasnow
|-immune|p2a: Abomasnow|[msg]
|move|p2a: Abomasnow|Swords Dance|p2a: Abomasnow
|-boost|p2a: Abomasnow|atk|2
|
|turn|3
|c|âWraithMC|what in the world???
|
|detailschange|p2a: Abomasnow|Abomasnow-Mega, M
|-mega|p2a: Abomasnow|Abomasnow|Abomasite
|-weather|Hail
|move|p2a: Abomasnow|Ice Shard|p1a: Galvantula
|-damage|p1a: Galvantula|0 fnt
|faint|p1a: Galvantula
|
|-weather|Hail|[upkeep]
|
|switch|p1a: Darmanitan|Darmanitan, M|413\/413
|turn|4
|
|switch|p2a: Suicune|Suicune|404\/404
|-ability|p2a: Suicune|Pressure
|move|p1a: Darmanitan|Flare Blitz|p2a: Suicune
|-resisted|p2a: Suicune
|-damage|p2a: Suicune|194\/404
|-damage|p1a: Darmanitan|344\/413|[from] recoil|[of] p2a: Suicune
|
|-weather|Hail|[upkeep]
|-damage|p2a: Suicune|169\/404|[from] hail
|-damage|p1a: Darmanitan|319\/413|[from] hail
|-heal|p2a: Suicune|194\/404|[from] item: Leftovers
|turn|5
|
|move|p2a: Suicune|Scald|p1a: Darmanitan
|-supereffective|p1a: Darmanitan
|-damage|p1a: Darmanitan|49\/413
|move|p1a: Darmanitan|Flare Blitz|p2a: Suicune
|-resisted|p2a: Suicune
|-damage|p2a: Suicune|0 fnt
|-damage|p1a: Darmanitan|0 fnt|[from] recoil|[of] p2a: Suicune
|faint|p2a: Suicune
|faint|p1a: Darmanitan
|
|-weather|Hail|[upkeep]
|
|switch|p2a: Infernape|Infernape, F|293\/293
|switch|p1a: Mienshao|Mienshao, F|271\/271
|turn|6
|
|switch|p2a: Florges|Florges, F|360\/360
|move|p1a: Mienshao|Knock Off|p2a: Florges
|-resisted|p2a: Florges
|-damage|p2a: Florges|285\/360
|-enditem|p2a: Florges|Leftovers|[from] move: Knock Off|[of] p1a: Mienshao
|-damage|p1a: Mienshao|244\/271|[from] item: Life Orb
|
|-weather|Hail|[upkeep]
|-damage|p1a: Mienshao|228\/271|[from] hail
|-damage|p2a: Florges|263\/360|[from] hail
|turn|7
|
|switch|p1a: Empoleon|Empoleon, F|371\/371
|move|p2a: Florges|Aromatherapy|p2a: Florges
|-cureteam|p2a: Florges|[from] move: Aromatherapy
|
|-weather|none
|turn|8
|
|switch|p2a: Abomasnow|Abomasnow-Mega, M|225\/321
|-weather|Hail
|move|p1a: Empoleon|Flash Cannon|p2a: Abomasnow
|-supereffective|p2a: Abomasnow
|-damage|p2a: Abomasnow|0 fnt
|faint|p2a: Abomasnow
|
|-weather|Hail|[upkeep]
|-damage|p1a: Empoleon|348\/371|[from] hail
|
|switch|p2a: Infernape|Infernape, F|293\/293
|turn|9
|
|switch|p1a: Zygarde|Zygarde|419\/419
|-ability|p1a: Zygarde|Aura Break
|move|p2a: Infernape|Close Combat|p1a: Zygarde
|-damage|p1a: Zygarde|275\/419
|-unboost|p2a: Infernape|def|1
|-unboost|p2a: Infernape|spd|1
|
|-weather|Hail|[upkeep]
|-damage|p2a: Infernape|275\/293|[from] hail
|-damage|p1a: Zygarde|249\/419|[from] hail
|-heal|p1a: Zygarde|275\/419|[from] item: Leftovers
|turn|10
|
|move|p2a: Infernape|Close Combat|p1a: Zygarde
|-damage|p1a: Zygarde|127\/419
|-unboost|p2a: Infernape|def|1
|-unboost|p2a: Infernape|spd|1
|move|p1a: Zygarde|Earthquake|p2a: Infernape
|-supereffective|p2a: Infernape
|-damage|p2a: Infernape|0 fnt
|faint|p2a: Infernape
|
|-weather|Hail|[upkeep]
|-damage|p1a: Zygarde|101\/419|[from] hail
|-heal|p1a: Zygarde|127\/419|[from] item: Leftovers
|
|switch|p2a: Forretress|Forretress, M|354\/354
|turn|11
|
|move|p1a: Zygarde|Coil|p1a: Zygarde
|-boost|p1a: Zygarde|atk|1
|-boost|p1a: Zygarde|def|1
|-boost|p1a: Zygarde|accuracy|1
|move|p2a: Forretress|Toxic|p1a: Zygarde|[miss]
|-miss|p2a: Forretress|p1a: Zygarde
|
|-weather|Hail|[upkeep]
|-damage|p1a: Zygarde|101\/419|[from] hail
|-damage|p2a: Forretress|332\/354|[from] hail
|-heal|p1a: Zygarde|127\/419|[from] item: Leftovers
|-heal|p2a: Forretress|354\/354|[from] item: Leftovers
|turn|12
|
|move|p1a: Zygarde|Earthquake|p2a: Forretress
|-damage|p2a: Forretress|170\/354
|move|p2a: Forretress|Toxic|p1a: Zygarde|[miss]
|-miss|p2a: Forretress|p1a: Zygarde
|
|-weather|none
|-heal|p1a: Zygarde|153\/419|[from] item: Leftovers
|-heal|p2a: Forretress|192\/354|[from] item: Leftovers
|turn|13
|join|Tipsy Russian
|
|switch|p2a: Florges|Florges, F|263\/360
|move|p1a: Zygarde|Substitute|p1a: Zygarde
|-start|p1a: Zygarde|Substitute
|-damage|p1a: Zygarde|49\/419
|
|-heal|p1a: Zygarde|75\/419|[from] item: Leftovers
|turn|14
|
|move|p1a: Zygarde|Earthquake|p2a: Florges
|-damage|p2a: Florges|31\/360
|move|p2a: Florges|Moonblast|p1a: Zygarde
|-supereffective|p1a: Zygarde
|-end|p1a: Zygarde|Substitute
|
|-heal|p1a: Zygarde|101\/419|[from] item: Leftovers
|turn|15
|c|âANGER MANAGEMENT|well deserved win imo
|-message|ANGER MANAGEMENT forfeited.
|leave|ANGER MANAGEMENT
|
|win|WraithMC
|raw|Ladder updating...
|player|p2
|raw|WraithMC's rating: 1352 &rarr; <strong>1367<\/strong><br \/>(+15 for winning)
|raw|ANGER MANAGEMENT's rating: 1275 &rarr; <strong>1255<\/strong><br \/>(-20 for losing)
|leave|Tipsy Russian