|join|Backwardzsnuggie
|join|anger management
|player|p1|Backwardzsnuggie|168
|player|p2|anger management|86
|gametype|singles
|gen|6
|tier|UU
|rule|Sleep Clause Mod: Limit one foe put to sleep
|rule|Species Clause: Limit one of each PokÃ©mon
|rule|OHKO Clause: OHKO moves are banned
|rule|Moody Clause: Moody is banned
|rule|Evasion Moves Clause: Evasion moves are banned
|rule|Endless Battle Clause: Forcing endless battles is banned
|rule|HP Percentage Mod: HP is shown in percentages
|clearpoke
|poke|p1|Celebi
|poke|p1|Exploud, F
|poke|p1|Alomomola, F
|poke|p1|Donphan, F
|poke|p1|Hydreigon, F
|poke|p1|Florges, F
|poke|p2|Florges, F
|poke|p2|Flygon, M
|poke|p2|Suicune
|poke|p2|Raikou
|poke|p2|Swampert, F
|poke|p2|Reuniclus, M
|rule|Swagger Clause: Swagger is banned
|rule|Baton Pass Clause: Limit one PokÃ©mon knowing Baton Pass
|teampreview
|join|DaGoldBrick
|c|âBackwardzsnuggie|Good luck!
|c|âanger management|ty
|join|PU randomness
|
|start
|switch|p1a: Alomomola|Alomomola, F|534\/534
|switch|p2a: Florges|Florges, F|360\/360
|turn|1
|
|move|p2a: Florges|Protect|p2a: Florges
|-singleturn|p2a: Florges|Protect
|move|p1a: Alomomola|Knock Off|p2a: Florges
|-activate|p2a: Florges|Protect
|
|turn|2
|join|ok ppl
|c| ok ppl|DOO DOO DOO DOO 
|c| ok ppl|DOO DOO DOO DOO
|leave|PU randomness
|
|switch|p2a: Suicune|Suicune|401\/401
|-ability|p2a: Suicune|Pressure
|move|p1a: Alomomola|Knock Off|p2a: Suicune
|-damage|p2a: Suicune|356\/401
|-enditem|p2a: Suicune|Leftovers|[from] move: Knock Off|[of] p1a: Alomomola
|
|turn|3
|
|switch|p2a: Reuniclus|Reuniclus, M|422\/422
|switch|p1a: Celebi|Celebi|404\/404
|
|turn|4
|
|move|p1a: Celebi|Nasty Plot|p1a: Celebi
|-boost|p1a: Celebi|spa|2
|move|p2a: Reuniclus|Signal Beam|p1a: Celebi
|-supereffective|p1a: Celebi
|-damage|p1a: Celebi|102\/404
|
|-heal|p1a: Celebi|127\/404|[from] item: Leftovers
|turn|5
|
|move|p1a: Celebi|Baton Pass|p1a: Celebi
|
|switch|p1a: Exploud|Exploud, F|349\/349
|move|p2a: Reuniclus|Signal Beam|p1a: Exploud
|-damage|p1a: Exploud|218\/349
|
|turn|6
|
|switch|p2a: Suicune|Suicune|356\/401
|-ability|p2a: Suicune|Pressure
|move|p1a: Exploud|Boomburst|p2a: Suicune
|-damage|p2a: Suicune|40\/401
|
|turn|7
|c|âBackwardzsnuggie|This can't end well
|
|move|p1a: Exploud|Boomburst|p2a: Suicune
|-damage|p2a: Suicune|0 fnt
|faint|p2a: Suicune
|
|
|switch|p2a: Flygon|Flygon, M|301\/301
|turn|8
|
|switch|p1a: Alomomola|Alomomola, F|534\/534
|move|p2a: Flygon|Outrage|p1a: Alomomola
|-damage|p1a: Alomomola|398\/534
|-damage|p2a: Flygon|251\/301|[from] item: Rocky Helmet|[of] p1a: Alomomola
|
|turn|9
|
|move|p2a: Flygon|Outrage|p1a: Alomomola
|-damage|p1a: Alomomola|239\/534
|-damage|p2a: Flygon|201\/301|[from] item: Rocky Helmet|[of] p1a: Alomomola
|move|p1a: Alomomola|Knock Off|p2a: Flygon
|-damage|p2a: Flygon|135\/301
|-enditem|p2a: Flygon|Choice Scarf|[from] move: Knock Off|[of] p1a: Alomomola
|
|turn|10
|
|move|p2a: Flygon|Outrage|p1a: Alomomola
|-damage|p1a: Alomomola|95\/534
|-damage|p2a: Flygon|85\/301|[from] item: Rocky Helmet|[of] p1a: Alomomola
|move|p1a: Alomomola|Wish|p1a: Alomomola
|
|-end|p2a: Flygon|rampage
|-start|p2a: Flygon|confusion
|turn|11
|
|switch|p2a: Swampert|Swampert, F|401\/401
|move|p1a: Alomomola|Protect|p1a: Alomomola
|-fail|p1a: Alomomola
|
|-heal|p1a: Alomomola|362\/534|[from] move: Wish|[wisher] Alomomola
|turn|12
|
|switch|p1a: Celebi|Celebi|127\/404
|move|p2a: Swampert|Stealth Rock|p1a: Celebi
|-sidestart|p1: Backwardzsnuggie|move: Stealth Rock
|
|-heal|p1a: Celebi|152\/404|[from] item: Leftovers
|turn|13
|
|switch|p2a: Raikou|Raikou|364\/364
|-ability|p2a: Raikou|Pressure
|move|p1a: Celebi|Recover|p1a: Celebi
|-heal|p1a: Celebi|354\/404
|
|-heal|p1a: Celebi|379\/404|[from] item: Leftovers
|turn|14
|
|switch|p1a: Donphan|Donphan, F|364\/364
|-damage|p1a: Donphan|342\/364|[from] Stealth Rock
|move|p2a: Raikou|Calm Mind|p2a: Raikou
|-boost|p2a: Raikou|spa|1
|-boost|p2a: Raikou|spd|1
|
|turn|15
|
|switch|p2a: Swampert|Swampert, F|401\/401
|move|p1a: Donphan|Knock Off|p2a: Swampert
|-damage|p2a: Swampert|300\/401
|-enditem|p2a: Swampert|Leftovers|[from] move: Knock Off|[of] p1a: Donphan
|
|turn|16
|
|switch|p1a: Alomomola|Alomomola, F|534\/534
|-damage|p1a: Alomomola|468\/534|[from] Stealth Rock
|move|p2a: Swampert|Roar|p1a: Alomomola
|drag|p1a: Donphan|Donphan, F|342\/364
|-damage|p1a: Donphan|320\/364|[from] Stealth Rock
|
|turn|17
|
|move|p1a: Donphan|Rapid Spin|p2a: Swampert
|-damage|p2a: Swampert|279\/401
|-sideend|p1: Backwardzsnuggie|Stealth Rock|[from] move: Rapid Spin|[of] p1a: Donphan
|move|p2a: Swampert|Scald|p1a: Donphan
|-supereffective|p1a: Donphan
|-damage|p1a: Donphan|138\/364
|
|turn|18
|
|switch|p1a: Celebi|Celebi|379\/404
|move|p2a: Swampert|Stealth Rock|p1a: Celebi
|-sidestart|p1: Backwardzsnuggie|move: Stealth Rock
|
|-heal|p1a: Celebi|404\/404|[from] item: Leftovers
|turn|19
|
|move|p1a: Celebi|Nasty Plot|p1a: Celebi
|-boost|p1a: Celebi|spa|2
|move|p2a: Swampert|Roar|p1a: Celebi
|drag|p1a: Donphan|Donphan, F|138\/364
|-damage|p1a: Donphan|116\/364|[from] Stealth Rock
|
|turn|20
|
|switch|p1a: Celebi|Celebi|404\/404
|-damage|p1a: Celebi|354\/404|[from] Stealth Rock
|move|p2a: Swampert|Scald|p1a: Celebi
|-resisted|p1a: Celebi
|-damage|p1a: Celebi|323\/404
|
|-heal|p1a: Celebi|348\/404|[from] item: Leftovers
|turn|21
|
|switch|p2a: Reuniclus|Reuniclus, M|422\/422
|move|p1a: Celebi|Giga Drain|p2a: Reuniclus
|-damage|p2a: Reuniclus|328\/422
|-heal|p1a: Celebi|395\/404|[from] drain|[of] p2a: Reuniclus
|
|-heal|p1a: Celebi|404\/404|[from] item: Leftovers
|turn|22
|
|move|p1a: Celebi|Nasty Plot|p1a: Celebi
|-boost|p1a: Celebi|spa|2
|move|p2a: Reuniclus|Calm Mind|p2a: Reuniclus
|-boost|p2a: Reuniclus|spa|1
|-boost|p2a: Reuniclus|spd|1
|
|turn|23
|
|move|p1a: Celebi|Baton Pass|p1a: Celebi
|
|switch|p1a: Florges|Florges, F|360\/360
|-damage|p1a: Florges|315\/360|[from] Stealth Rock
|move|p2a: Reuniclus|Signal Beam|p1a: Florges
|-resisted|p1a: Florges
|-damage|p1a: Florges|268\/360
|
|-heal|p1a: Florges|290\/360|[from] item: Leftovers
|turn|24
|
|move|p1a: Florges|Moonblast|p2a: Reuniclus
|-damage|p2a: Reuniclus|124\/422
|move|p2a: Reuniclus|Recover|p2a: Reuniclus
|-heal|p2a: Reuniclus|335\/422
|
|-heal|p1a: Florges|312\/360|[from] item: Leftovers
|turn|25
|
|move|p1a: Florges|Moonblast|p2a: Reuniclus
|-damage|p2a: Reuniclus|161\/422
|-unboost|p2a: Reuniclus|spa|1
|move|p2a: Reuniclus|Recover|p2a: Reuniclus
|-heal|p2a: Reuniclus|372\/422
|
|-heal|p1a: Florges|334\/360|[from] item: Leftovers
|turn|26
|
|move|p1a: Florges|Moonblast|p2a: Reuniclus
|-damage|p2a: Reuniclus|179\/422
|move|p2a: Reuniclus|Calm Mind|p2a: Reuniclus
|-boost|p2a: Reuniclus|spa|1
|-boost|p2a: Reuniclus|spd|1
|
|-heal|p1a: Florges|356\/360|[from] item: Leftovers
|turn|27
|c|âBackwardzsnuggie|That min max
|c|âBackwardzsnuggie|CRIT GO
|
|move|p1a: Florges|Moonblast|p2a: Reuniclus
|-damage|p2a: Reuniclus|26\/422
|move|p2a: Reuniclus|Recover|p2a: Reuniclus
|-heal|p2a: Reuniclus|237\/422
|
|-heal|p1a: Florges|360\/360|[from] item: Leftovers
|turn|28
|
|move|p1a: Florges|Moonblast|p2a: Reuniclus
|-crit|p2a: Reuniclus
|-damage|p2a: Reuniclus|0 fnt
|faint|p2a: Reuniclus
|
|
|switch|p2a: Raikou|Raikou|364\/364
|-ability|p2a: Raikou|Pressure
|turn|29
|c|âBackwardzsnuggie|Yaaasss
|
|move|p2a: Raikou|Calm Mind|p2a: Raikou
|-boost|p2a: Raikou|spa|1
|-boost|p2a: Raikou|spd|1
|move|p1a: Florges|Moonblast|p2a: Raikou
|-damage|p2a: Raikou|199\/364
|
|turn|30
|
|move|p2a: Raikou|Calm Mind|p2a: Raikou
|-boost|p2a: Raikou|spa|1
|-boost|p2a: Raikou|spd|1
|move|p1a: Florges|Moonblast|p2a: Raikou
|-crit|p2a: Raikou
|-damage|p2a: Raikou|0 fnt
|faint|p2a: Raikou
|
|c|âBackwardzsnuggie|The hax is real
|c|âanger management|welp
|-message|anger management forfeited.
|
|win|Backwardzsnuggie
|leave|anger management
|player|p2