|join|anchor management
|join|OUAREABYSMAL
|player|p1|anchor management|271
|player|p2|OUAREABYSMAL|125
|gametype|singles
|gen|6
|tier|UU
|rated
|rule|Sleep Clause Mod: Limit one foe put to sleep
|rule|Species Clause: Limit one of each PokÃ©mon
|rule|OHKO Clause: OHKO moves are banned
|rule|Moody Clause: Moody is banned
|rule|Evasion Moves Clause: Evasion moves are banned
|rule|Endless Battle Clause: Forcing endless battles is banned
|rule|HP Percentage Mod: HP is shown in percentages
|clearpoke
|poke|p1|Lucario, F
|poke|p1|Crobat, F
|poke|p1|Shaymin
|poke|p1|Azelf
|poke|p1|Haxorus, M
|poke|p1|Victini
|poke|p2|Victini, shiny
|poke|p2|Florges, F, shiny
|poke|p2|Mew, shiny
|poke|p2|Ampharos, F, shiny
|poke|p2|Forretress, F, shiny
|poke|p2|Hydreigon, F, shiny
|rule|Swagger Clause: Swagger is banned
|rule|Baton Pass Clause: Limit one PokÃ©mon knowing Baton Pass
|teampreview
|
|start
|switch|p1a: Azelf|Azelf|291\/291
|switch|p2a: Ampharos|Ampharos, F, shiny|383\/383
|turn|1
|
|detailschange|p2a: Ampharos|Ampharos-Mega, F, shiny
|message|Ampharos has Mega Evolved into Mega Ampharos!
|-ability|p2a: Ampharos|Mold Breaker
|move|p1a: Azelf|Stealth Rock|p2a: Ampharos
|-sidestart|p2: OUAREABYSMAL|move: Stealth Rock
|move|p2a: Ampharos|Volt Switch|p1a: Azelf
|-damage|p1a: Azelf|111\/291
|
|switch|p2a: Mew|Mew, shiny|403\/403
|-damage|p2a: Mew|353\/403|[from] Stealth Rock
|
|-heal|p2a: Mew|378\/403|[from] item: Leftovers
|turn|2
|
|move|p1a: Azelf|Taunt|p2a: Mew
|-start|p2a: Mew|move: Taunt
|move|p2a: Mew|Knock Off|p1a: Azelf
|-crit|p1a: Azelf
|-supereffective|p1a: Azelf
|-damage|p1a: Azelf|0 fnt
|-enditem|p1a: Azelf|Focus Sash|[from] move: Knock Off|[of] p2a: Mew
|faint|p1a: Azelf
|
|-heal|p2a: Mew|403\/403|[from] item: Leftovers
|
|switch|p1a: Victini|Victini|341\/341
|turn|3
|
|switch|p2a: Ampharos|Ampharos-Mega, F, shiny|383\/383
|-damage|p2a: Ampharos|336\/383|[from] Stealth Rock
|-ability|p2a: Ampharos|Mold Breaker
|move|p1a: Victini|U-turn|p2a: Ampharos
|-damage|p2a: Ampharos|252\/383
|
|switch|p1a: Haxorus|Haxorus, M|307\/307
|-ability|p1a: Haxorus|Mold Breaker
|
|turn|4
|
|switch|p1a: Victini|Victini|341\/341
|switch|p2a: Forretress|Forretress, F, shiny|353\/353
|-damage|p2a: Forretress|309\/353|[from] Stealth Rock
|
|-heal|p2a: Forretress|331\/353|[from] item: Leftovers
|turn|5
|
|switch|p2a: Hydreigon|Hydreigon, F, shiny|325\/325
|-damage|p2a: Hydreigon|285\/325|[from] Stealth Rock
|move|p1a: Victini|V-create|p2a: Hydreigon
|-resisted|p2a: Hydreigon
|-damage|p2a: Hydreigon|55\/325
|-unboost|p1a: Victini|def|1
|-unboost|p1a: Victini|spd|1
|-unboost|p1a: Victini|spe|1
|
|turn|6
|
|switch|p1a: Crobat|Crobat, F|331\/331
|move|p2a: Hydreigon|Roost|p2a: Hydreigon
|-heal|p2a: Hydreigon|218\/325
|
|turn|7
|raw|<div class="broadcast-blue"><b>today is Astâ°ââ®arA's birthday, type \/msg Astara and wish her happy birthday! <\/b><\/div>
|
|move|p1a: Crobat|U-turn|p2a: Hydreigon
|-supereffective|p2a: Hydreigon
|-damage|p2a: Hydreigon|0 fnt
|faint|p2a: Hydreigon
|
|switch|p1a: Victini|Victini|341\/341
|
|
|switch|p2a: Ampharos|Ampharos-Mega, F, shiny|252\/383
|-damage|p2a: Ampharos|205\/383|[from] Stealth Rock
|-ability|p2a: Ampharos|Mold Breaker
|turn|8
|
|move|p1a: Victini|U-turn|p2a: Ampharos
|-damage|p2a: Ampharos|118\/383
|
|switch|p1a: Shaymin|Shaymin|341\/341
|move|p2a: Ampharos|Rest|p2a: Ampharos
|-status|p2a: Ampharos|slp
|-heal|p2a: Ampharos|383\/383 slp|[silent]
|-status|p2a: Ampharos|slp|[from] move: Rest
|
|turn|9
|
|switch|p2a: Forretress|Forretress, F, shiny|331\/353
|-damage|p2a: Forretress|287\/353|[from] Stealth Rock
|move|p1a: Shaymin|Earth Power|p2a: Forretress
|-damage|p2a: Forretress|153\/353
|
|-heal|p2a: Forretress|175\/353|[from] item: Leftovers
|turn|10
|
|switch|p1a: Victini|Victini|341\/341
|move|p2a: Forretress|Rapid Spin|p1a: Victini
|-damage|p1a: Victini|325\/341
|-sideend|p2: OUAREABYSMAL|Stealth Rock|[from] move: Rapid Spin|[of] p2a: Forretress
|
|-heal|p2a: Forretress|197\/353|[from] item: Leftovers
|turn|11
|
|switch|p2a: Ampharos|Ampharos-Mega, F, shiny|383\/383 slp
|-ability|p2a: Ampharos|Mold Breaker
|move|p1a: Victini|V-create|p2a: Ampharos
|-resisted|p2a: Ampharos
|-damage|p2a: Ampharos|218\/383 slp
|-unboost|p1a: Victini|def|1
|-unboost|p1a: Victini|spd|1
|-unboost|p1a: Victini|spe|1
|
|turn|12
|
|move|p1a: Victini|V-create|p2a: Ampharos
|-resisted|p2a: Ampharos
|-damage|p2a: Ampharos|70\/383 slp
|-unboost|p1a: Victini|def|1
|-unboost|p1a: Victini|spd|1
|-unboost|p1a: Victini|spe|1
|cant|p2a: Ampharos|slp
|move|p2a: Ampharos|Sleep Talk|p2a: Ampharos
|move|p2a: Ampharos|Dragon Pulse|p1a: Victini|[from]Sleep Talk
|-damage|p1a: Victini|21\/341
|
|turn|13
|
|move|p1a: Victini|V-create|p2a: Ampharos
|-resisted|p2a: Ampharos
|-damage|p2a: Ampharos|0 fnt
|-unboost|p1a: Victini|def|1
|-unboost|p1a: Victini|spd|1
|-unboost|p1a: Victini|spe|1
|faint|p2a: Ampharos
|
|
|switch|p2a: Victini|Victini, shiny|341\/341
|turn|14
|
|switch|p1a: Haxorus|Haxorus, M|307\/307
|-ability|p1a: Haxorus|Mold Breaker
|move|p2a: Victini|V-create|p1a: Haxorus
|-resisted|p1a: Haxorus
|-damage|p1a: Haxorus|61\/307
|-unboost|p2a: Victini|def|1
|-unboost|p2a: Victini|spd|1
|-unboost|p2a: Victini|spe|1
|
|turn|15
|
|switch|p2a: Florges|Florges, F, shiny|359\/359
|move|p1a: Haxorus|Earthquake|p2a: Florges
|-damage|p2a: Florges|235\/359
|
|-heal|p2a: Florges|257\/359|[from] item: Leftovers
|turn|16
|join|Ultra Possum
|
|move|p1a: Haxorus|Swords Dance|p1a: Haxorus
|-boost|p1a: Haxorus|atk|2
|move|p2a: Florges|Moonblast|p1a: Haxorus
|-supereffective|p1a: Haxorus
|-damage|p1a: Haxorus|0 fnt
|faint|p1a: Haxorus
|
|-heal|p2a: Florges|279\/359|[from] item: Leftovers
|chat|OUAREABYSMAL|DONT EVEN HAVE THE ARROGANCE TO TRY THAT
|
|switch|p1a: Shaymin|Shaymin|341\/341
|turn|17
|chat|OUAREABYSMAL|AGAINST THE GREATEST SUPERIOR SKILFUL IMMORTAL ALMIGHTY GOD ON EARTH
|chat|OUAREABYSMAL|YOU WORTHLESS WEAK PITIFUL PATHETIC SHAMEFUL CHEAP SCRUB
|
|move|p2a: Florges|Protect|p2a: Florges
|-singleturn|p2a: Florges|Protect
|move|p1a: Shaymin|Healing Wish|p1a: Shaymin
|faint|p1a: Shaymin
|
|-heal|p2a: Florges|301\/359|[from] item: Leftovers
|
|switch|p1a: Victini|Victini|21\/341
|-heal|p1a: Victini|341\/341|[from] move: Healing Wish
|turn|18
|
|switch|p2a: Forretress|Forretress, F, shiny|197\/353
|move|p1a: Victini|V-create|p2a: Forretress
|-supereffective|p2a: Forretress
|-damage|p2a: Forretress|0 fnt
|-unboost|p1a: Victini|def|1
|-unboost|p1a: Victini|spd|1
|-unboost|p1a: Victini|spe|1
|faint|p2a: Forretress
|
|
|switch|p2a: Victini|Victini, shiny|341\/341
|turn|19
|
|switch|p1a: Lucario|Lucario, F|281\/281
|move|p2a: Victini|U-turn|p1a: Lucario
|-resisted|p1a: Lucario
|-damage|p1a: Lucario|246\/281
|
|switch|p2a: Mew|Mew, shiny|403\/403
|
|turn|20
|
|switch|p1a: Victini|Victini|341\/341
|move|p2a: Mew|Will-O-Wisp|p1a: Victini
|-fail|p1a: Victini
|
|turn|21
|
|move|p1a: Victini|V-create|p2a: Mew
|-damage|p2a: Mew|0 fnt
|-unboost|p1a: Victini|def|1
|-unboost|p1a: Victini|spd|1
|-unboost|p1a: Victini|spe|1
|faint|p2a: Mew
|
|
|switch|p2a: Victini|Victini, shiny|341\/341
|turn|22
|
|switch|p1a: Lucario|Lucario, F|246\/281
|move|p2a: Victini|V-create|p1a: Lucario
|-supereffective|p1a: Lucario
|-damage|p1a: Lucario|0 fnt
|-unboost|p2a: Victini|def|1
|-unboost|p2a: Victini|spd|1
|-unboost|p2a: Victini|spe|1
|faint|p1a: Lucario
|
|
|switch|p1a: Victini|Victini|341\/341
|turn|23
|
|switch|p2a: Florges|Florges, F, shiny|301\/359
|move|p1a: Victini|Bolt Strike|p2a: Florges
|-damage|p2a: Florges|81\/359
|-status|p2a: Florges|par
|
|-heal|p2a: Florges|103\/359 par|[from] item: Leftovers
|turn|24
|
|move|p2a: Florges|Protect|p2a: Florges
|-singleturn|p2a: Florges|Protect
|move|p1a: Victini|Bolt Strike|p2a: Florges
|-activate|p2a: Florges|Protect
|
|-heal|p2a: Florges|125\/359 par|[from] item: Leftovers
|turn|25
|
|move|p1a: Victini|Bolt Strike|p2a: Florges
|-damage|p2a: Florges|0 fnt
|faint|p2a: Florges
|
|
|switch|p2a: Victini|Victini, shiny|341\/341
|turn|26
|
|move|p1a: Victini|Bolt Strike|p2a: Victini
|-damage|p2a: Victini|131\/341
|move|p2a: Victini|V-create|p1a: Victini
|-resisted|p1a: Victini
|-damage|p1a: Victini|113\/341
|-unboost|p2a: Victini|def|1
|-unboost|p2a: Victini|spd|1
|-unboost|p2a: Victini|spe|1
|
|turn|27
|-message|OUAREABYSMAL forfeited.
|
|win|anchor management
|raw|Ladder updating...
|leave|OUAREABYSMAL
|player|p2
|raw|anchor management's rating: 1599 &rarr; <strong>1619<\/strong><br \/>(+20 for winning)
|raw|OUAREABYSMAL's rating: 1606 &rarr; <strong>1585<\/strong><br \/>(-21 for losing)
|leave|anchor management
|player|p1
|join|ANGER MANAGEMENT