|join|ANGER MANAGEMENT
|join|MisterRaven
|player|p1|ANGER MANAGEMENT|123
|player|p2|MisterRaven|184
|gametype|singles
|gen|6
|tier|UU
|rated
|rule|Sleep Clause Mod: Limit one foe put to sleep
|rule|Species Clause: Limit one of each PokÃ©mon
|rule|OHKO Clause: OHKO moves are banned
|rule|Moody Clause: Moody is banned
|rule|Evasion Moves Clause: Evasion moves are banned
|rule|Endless Battle Clause: Forcing endless battles is banned
|rule|HP Percentage Mod: HP is shown in percentages
|clearpoke
|poke|p1|Suicune
|poke|p1|Yanmega, F, shiny
|poke|p1|Jirachi, shiny
|poke|p1|Togetic, M
|poke|p1|Donphan, M
|poke|p1|Diancie, shiny
|poke|p2|Diancie
|poke|p2|Shaymin, shiny
|poke|p2|Mismagius, F
|poke|p2|Cresselia, F
|poke|p2|Tentacruel, M
|poke|p2|Honchkrow, M
|rule|Swagger Clause: Swagger is banned
|rule|Baton Pass Clause: Limit one PokÃ©mon knowing Baton Pass
|teampreview
|
|start
|switch|p1a: Schweinsteiger|Donphan, M|382\/382
|switch|p2a: Constellations|Tentacruel, M|352\/352
|turn|1
|
|switch|p2a: Cresselia|Cresselia, F|432\/432
|move|p1a: Schweinsteiger|Earthquake|p2a: Cresselia
|-immune|p2a: Cresselia|[msg]
|
|turn|2
|
|move|p2a: Cresselia|Psychic|p1a: Schweinsteiger
|-damage|p1a: Schweinsteiger|237\/382
|move|p1a: Schweinsteiger|Knock Off|p2a: Cresselia
|-supereffective|p2a: Cresselia
|-damage|p2a: Cresselia|270\/432
|-enditem|p2a: Cresselia|Leftovers|[from] move: Knock Off|[of] p1a: Schweinsteiger
|
|-heal|p1a: Schweinsteiger|260\/382|[from] item: Leftovers
|turn|3
|
|move|p2a: Cresselia|Thunder Wave|p1a: Schweinsteiger
|-immune|p1a: Schweinsteiger|[msg]
|move|p1a: Schweinsteiger|Stealth Rock|p2a: Cresselia
|-sidestart|p2: MisterRaven|move: Stealth Rock
|
|-heal|p1a: Schweinsteiger|283\/382|[from] item: Leftovers
|turn|4
|
|switch|p1a: Bravely Default|Togetic, M|313\/313
|move|p2a: Cresselia|Psychic|p1a: Bravely Default
|-damage|p1a: Bravely Default|264\/313
|
|turn|5
|
|move|p1a: Bravely Default|Magic Coat|p1a: Bravely Default
|-singleturn|p1a: Bravely Default|move: Magic Coat
|move|p2a: Cresselia|Thunder Wave|p1a: Bravely Default
|move|p1a: Bravely Default|Thunder Wave|p2a: Cresselia|[from]Magic Coat
|-status|p2a: Cresselia|par
|
|turn|6
|
|move|p1a: Bravely Default|Nasty Plot|p1a: Bravely Default
|-boost|p1a: Bravely Default|spa|2
|move|p2a: Cresselia|Thunder Wave|p1a: Bravely Default
|-status|p1a: Bravely Default|par
|
|turn|7
|
|switch|p2a: Murderer|Honchkrow, M|341\/341
|-damage|p2a: Murderer|256\/341|[from] Stealth Rock
|move|p1a: Bravely Default|Nasty Plot|p1a: Bravely Default
|-boost|p1a: Bravely Default|spa|2
|
|turn|8
|
|move|p2a: Murderer|Brave Bird|p1a: Bravely Default
|-damage|p1a: Bravely Default|64\/313 par
|-damage|p2a: Murderer|190\/341|[from] recoil|[of] p1a: Bravely Default
|-damage|p2a: Murderer|156\/341|[from] item: Life Orb
|move|p1a: Bravely Default|Baton Pass|p1a: Bravely Default
|
|switch|p1a: so pretty|Diancie, shiny|280\/280
|
|turn|9
|
|detailschange|p1a: so pretty|Diancie-Mega, shiny
|-mega|p1a: so pretty|Diancie|Diancite
|move|p2a: Murderer|Superpower|p1a: so pretty
|-damage|p1a: so pretty|107\/280
|-unboost|p2a: Murderer|atk|1
|-unboost|p2a: Murderer|def|1
|-damage|p2a: Murderer|122\/341|[from] item: Life Orb
|move|p1a: so pretty|Rock Polish|p1a: so pretty
|-boost|p1a: so pretty|spe|2
|
|turn|10
|
|move|p2a: Murderer|Sucker Punch|p1a: so pretty
|-resisted|p1a: so pretty
|-damage|p1a: so pretty|56\/280
|-damage|p2a: Murderer|88\/341|[from] item: Life Orb
|move|p1a: so pretty|Moonblast|p2a: Murderer
|-crit|p2a: Murderer
|-supereffective|p2a: Murderer
|-damage|p2a: Murderer|0 fnt
|faint|p2a: Murderer
|
|
|switch|p2a: MsTrunchbull|Mismagius, F|304\/304
|-damage|p2a: MsTrunchbull|266\/304|[from] Stealth Rock
|turn|11
|
|move|p1a: so pretty|Psyshock|p2a: MsTrunchbull
|-damage|p2a: MsTrunchbull|0 fnt
|faint|p2a: MsTrunchbull
|
|
|switch|p2a: HotaruTakegawa|Diancie|303\/303
|-damage|p2a: HotaruTakegawa|266\/303|[from] Stealth Rock
|turn|12
|
|move|p1a: so pretty|Earth Power|p2a: HotaruTakegawa
|-supereffective|p2a: HotaruTakegawa
|-damage|p2a: HotaruTakegawa|0 fnt
|faint|p2a: HotaruTakegawa
|
|-message|MisterRaven forfeited.
|
|win|ANGER MANAGEMENT
|raw|Ladder updating...
|leave|MisterRaven
|player|p2
|raw|ANGER MANAGEMENT's rating: 1531 &rarr; <strong>1541<\/strong><br \/>(+10 for winning)
|raw|MisterRaven's rating: 1333 &rarr; <strong>1323<\/strong><br \/>(-10 for losing)