|join|michael weston
|join|ANGER MANAGEMENT
|player|p1|michael weston|1
|player|p2|ANGER MANAGEMENT|123
|gametype|singles
|gen|6
|tier|UU
|rated
|rule|Sleep Clause Mod: Limit one foe put to sleep
|rule|Species Clause: Limit one of each PokÃ©mon
|rule|OHKO Clause: OHKO moves are banned
|rule|Moody Clause: Moody is banned
|rule|Evasion Moves Clause: Evasion moves are banned
|rule|Endless Battle Clause: Forcing endless battles is banned
|rule|HP Percentage Mod: HP is shown in percentages
|clearpoke
|poke|p1|Hydreigon, M
|poke|p1|Azelf
|poke|p1|Krookodile, M
|poke|p1|Banette, M
|poke|p1|Roserade, M
|poke|p1|Toxicroak, M
|poke|p2|Suicune
|poke|p2|Yanmega, F, shiny
|poke|p2|Jirachi, shiny
|poke|p2|Togetic, F
|poke|p2|Donphan, M
|poke|p2|Diancie, shiny
|rule|Swagger Clause: Swagger is banned
|rule|Baton Pass Clause: Limit one PokÃ©mon knowing Baton Pass
|teampreview
|
|start
|switch|p1a: Banette|Banette, M|332\/332
|switch|p2a: so pretty|Diancie, shiny|280\/280
|-item|p2a: so pretty|Diancite|[from] ability: Frisk|[of] p1a: Banette|[identify]
|turn|1
|c|âmichael weston|mega d needs to get rebanned
|
|detailschange|p1a: Banette|Banette-Mega, M
|-mega|p1a: Banette|Banette|Banettite
|detailschange|p2a: so pretty|Diancie-Mega, shiny
|-mega|p2a: so pretty|Diancie|Diancite
|move|p1a: Banette|Destiny Bond|p1a: Banette
|-singlemove|p1a: Banette|Destiny Bond
|move|p2a: so pretty|Moonblast|p1a: Banette
|-damage|p1a: Banette|64\/332
|
|turn|2
|
|switch|p2a: Schweinsteiger|Donphan, M|382\/382
|move|p1a: Banette|Destiny Bond|p1a: Banette
|-singlemove|p1a: Banette|Destiny Bond
|
|turn|3
|
|switch|p1a: Krookodile|Krookodile, M|394\/394
|-ability|p1a: Krookodile|Intimidate|[of] p2a: Schweinsteiger
|-unboost|p2a: Schweinsteiger|atk|1
|switch|p2a: so pretty|Diancie-Mega, shiny|280\/280
|
|turn|4
|
|switch|p2a: Bravely Default|Togetic, F|313\/313
|move|p1a: Krookodile|Earthquake|p2a: Bravely Default
|-immune|p2a: Bravely Default|[msg]
|
|turn|5
|
|move|p1a: Krookodile|Knock Off|p2a: Bravely Default
|-resisted|p2a: Bravely Default
|-damage|p2a: Bravely Default|264\/313
|-enditem|p2a: Bravely Default|Eviolite|[from] move: Knock Off|[of] p1a: Krookodile
|move|p2a: Bravely Default|Baton Pass|p2a: Bravely Default
|
|switch|p2a: Schweinsteiger|Donphan, M|382\/382
|
|turn|6
|
|move|p1a: Krookodile|Knock Off|p2a: Schweinsteiger
|-damage|p2a: Schweinsteiger|253\/382
|-enditem|p2a: Schweinsteiger|Leftovers|[from] move: Knock Off|[of] p1a: Krookodile
|move|p2a: Schweinsteiger|Stealth Rock|p1a: Krookodile
|-sidestart|p1: michael weston|move: Stealth Rock
|
|turn|7
|
|switch|p2a: Bravely Default|Togetic, F|264\/313
|move|p1a: Krookodile|Earthquake|p2a: Bravely Default
|-immune|p2a: Bravely Default|[msg]
|
|turn|8
|
|move|p1a: Krookodile|Stealth Rock|p2a: Bravely Default
|-sidestart|p2: ANGER MANAGEMENT|move: Stealth Rock
|move|p2a: Bravely Default|Nasty Plot|p2a: Bravely Default
|-boost|p2a: Bravely Default|spa|2
|
|turn|9
|
|switch|p1a: Roserade|Roserade, M|324\/324
|-damage|p1a: Roserade|284\/324|[from] Stealth Rock
|move|p2a: Bravely Default|Baton Pass|p2a: Bravely Default
|
|switch|p2a: Helicopter|Yanmega, F, shiny|313\/313
|-damage|p2a: Helicopter|157\/313|[from] Stealth Rock
|
|-heal|p1a: Roserade|304\/324|[from] item: Black Sludge
|turn|10
|
|move|p1a: Roserade|Sludge Bomb|p2a: Helicopter
|-damage|p2a: Helicopter|0 fnt
|faint|p2a: Helicopter
|
|-heal|p1a: Roserade|324\/324|[from] item: Black Sludge
|
|switch|p2a: Jirachi|Jirachi, shiny|341\/341
|-damage|p2a: Jirachi|320\/341|[from] Stealth Rock
|turn|11
|
|move|p2a: Jirachi|U-turn|p1a: Roserade
|-damage|p1a: Roserade|224\/324
|
|switch|p2a: so pretty|Diancie-Mega, shiny|280\/280
|-damage|p2a: so pretty|245\/280|[from] Stealth Rock
|move|p1a: Roserade|Spikes|p2a: so pretty
|move|p2a: so pretty|Spikes|p1a: Roserade|[from]Magic Bounce
|-sidestart|p1: michael weston|Spikes
|
|-heal|p1a: Roserade|244\/324|[from] item: Black Sludge
|turn|12
|
|switch|p2a: Jirachi|Jirachi, shiny|320\/341
|-damage|p2a: Jirachi|299\/341|[from] Stealth Rock
|move|p1a: Roserade|Sludge Bomb|p2a: Jirachi
|-immune|p2a: Jirachi|[msg]
|
|-heal|p1a: Roserade|264\/324|[from] item: Black Sludge
|turn|13
|
|move|p2a: Jirachi|Iron Head|p1a: Roserade
|-damage|p1a: Roserade|83\/324
|cant|p1a: Roserade|flinch
|
|-heal|p1a: Roserade|103\/324|[from] item: Black Sludge
|turn|14
|
|switch|p1a: Krookodile|Krookodile, M|394\/394
|-damage|p1a: Krookodile|370\/394|[from] Stealth Rock
|-damage|p1a: Krookodile|321\/394|[from] Spikes
|-ability|p1a: Krookodile|Intimidate|[of] p2a: Jirachi
|-unboost|p2a: Jirachi|atk|1
|move|p2a: Jirachi|Iron Head|p1a: Krookodile
|-damage|p1a: Krookodile|246\/394
|
|-heal|p1a: Krookodile|270\/394|[from] item: Leftovers
|turn|15
|
|move|p1a: Krookodile|Pursuit|p2a: Jirachi|[from]Pursuit
|-supereffective|p2a: Jirachi
|-damage|p2a: Jirachi|59\/341
|switch|p2a: Bravely Default|Togetic, F|264\/313
|-damage|p2a: Bravely Default|186\/313|[from] Stealth Rock
|
|-heal|p1a: Krookodile|294\/394|[from] item: Leftovers
|turn|16
|
|switch|p1a: Toxicroak|Toxicroak, M|316\/316
|-damage|p1a: Toxicroak|297\/316|[from] Stealth Rock
|-damage|p1a: Toxicroak|258\/316|[from] Spikes
|move|p2a: Bravely Default|Baton Pass|p2a: Bravely Default
|
|switch|p2a: Schweinsteiger|Donphan, M|253\/382
|-damage|p2a: Schweinsteiger|230\/382|[from] Stealth Rock
|
|-heal|p1a: Toxicroak|277\/316|[from] item: Black Sludge
|turn|17
|
|switch|p1a: Krookodile|Krookodile, M|294\/394
|-damage|p1a: Krookodile|245\/394|[from] Spikes
|-damage|p1a: Krookodile|221\/394|[from] Stealth Rock
|-ability|p1a: Krookodile|Intimidate|[of] p2a: Schweinsteiger
|-unboost|p2a: Schweinsteiger|atk|1
|move|p2a: Schweinsteiger|Rapid Spin|p1a: Krookodile
|-damage|p1a: Krookodile|208\/394
|-sideend|p2: ANGER MANAGEMENT|Stealth Rock|[from] move: Rapid Spin|[of] p2a: Schweinsteiger
|
|-heal|p1a: Krookodile|232\/394|[from] item: Leftovers
|turn|18
|
|move|p1a: Krookodile|Earthquake|p2a: Schweinsteiger
|-damage|p2a: Schweinsteiger|110\/382
|move|p2a: Schweinsteiger|Knock Off|p1a: Krookodile
|-resisted|p1a: Krookodile
|-damage|p1a: Krookodile|197\/394
|-enditem|p1a: Krookodile|Leftovers|[from] move: Knock Off|[of] p2a: Schweinsteiger
|
|turn|19
|
|move|p1a: Krookodile|Stealth Rock|p2a: Schweinsteiger
|-sidestart|p2: ANGER MANAGEMENT|move: Stealth Rock
|move|p2a: Schweinsteiger|Rapid Spin|p1a: Krookodile
|-damage|p1a: Krookodile|184\/394
|-sideend|p2: ANGER MANAGEMENT|Stealth Rock|[from] move: Rapid Spin|[of] p2a: Schweinsteiger
|
|turn|20
|
|move|p1a: Krookodile|Stealth Rock|p2a: Schweinsteiger
|-sidestart|p2: ANGER MANAGEMENT|move: Stealth Rock
|move|p2a: Schweinsteiger|Rapid Spin|p1a: Krookodile
|-damage|p1a: Krookodile|169\/394
|-sideend|p2: ANGER MANAGEMENT|Stealth Rock|[from] move: Rapid Spin|[of] p2a: Schweinsteiger
|
|turn|21
|
|switch|p1a: Hydreigon|Hydreigon, M|325\/325
|-damage|p1a: Hydreigon|285\/325|[from] Stealth Rock
|move|p2a: Schweinsteiger|Rapid Spin|p1a: Hydreigon
|-damage|p1a: Hydreigon|268\/325
|
|turn|22
|
|move|p1a: Hydreigon|U-turn|p2a: Schweinsteiger
|-damage|p2a: Schweinsteiger|59\/382
|
|switch|p1a: Krookodile|Krookodile, M|169\/394
|-damage|p1a: Krookodile|145\/394|[from] Stealth Rock
|-damage|p1a: Krookodile|96\/394|[from] Spikes
|-ability|p1a: Krookodile|Intimidate|[of] p2a: Schweinsteiger
|-unboost|p2a: Schweinsteiger|atk|1
|move|p2a: Schweinsteiger|Earthquake|p1a: Krookodile
|-damage|p1a: Krookodile|14\/394
|
|turn|23
|
|move|p1a: Krookodile|Pursuit|p2a: Schweinsteiger
|-damage|p2a: Schweinsteiger|10\/382
|move|p2a: Schweinsteiger|Rapid Spin|p1a: Krookodile
|-damage|p1a: Krookodile|2\/394
|
|turn|24
|
|move|p1a: Krookodile|Pursuit|p2a: Schweinsteiger
|-damage|p2a: Schweinsteiger|0 fnt
|faint|p2a: Schweinsteiger
|
|
|switch|p2a: Jirachi|Jirachi, shiny|59\/341
|turn|25
|
|move|p2a: Jirachi|Iron Head|p1a: Krookodile
|-damage|p1a: Krookodile|0 fnt
|faint|p1a: Krookodile
|
|
|switch|p1a: Toxicroak|Toxicroak, M|277\/316
|-damage|p1a: Toxicroak|258\/316|[from] Stealth Rock
|-damage|p1a: Toxicroak|219\/316|[from] Spikes
|turn|26
|
|switch|p2a: so pretty|Diancie-Mega, shiny|245\/280
|move|p1a: Toxicroak|Gunk Shot|p2a: so pretty
|-damage|p2a: so pretty|50\/280
|
|-heal|p1a: Toxicroak|238\/316|[from] item: Black Sludge
|turn|27
|
|switch|p1a: Roserade|Roserade, M|103\/324
|-damage|p1a: Roserade|63\/324|[from] Stealth Rock
|-damage|p1a: Roserade|23\/324|[from] Spikes
|move|p2a: so pretty|Psyshock|p1a: Roserade
|-supereffective|p1a: Roserade
|-damage|p1a: Roserade|0 fnt
|faint|p1a: Roserade
|
|
|switch|p1a: Azelf|Azelf|291\/291
|-damage|p1a: Azelf|255\/291|[from] Stealth Rock
|turn|28
|
|switch|p2a: Bravely Default|Togetic, F|186\/313
|move|p1a: Azelf|Psychic|p2a: Bravely Default
|-damage|p2a: Bravely Default|80\/313
|
|turn|29
|
|move|p1a: Azelf|Psychic|p2a: Bravely Default
|-damage|p2a: Bravely Default|0 fnt
|faint|p2a: Bravely Default
|
|
|switch|p2a: Jirachi|Jirachi, shiny|59\/341
|turn|30
|
|switch|p1a: Banette|Banette-Mega, M|64\/332
|-damage|p1a: Banette|23\/332|[from] Spikes
|-damage|p1a: Banette|0 fnt|[from] Stealth Rock
|faint|p1a: Banette
|move|p2a: Jirachi|Healing Wish|p2a: Jirachi
|faint|p2a: Jirachi
|
|
|switch|p1a: Hydreigon|Hydreigon, M|268\/325
|switch|p2a: so pretty|Diancie-Mega, shiny|50\/280
|-damage|p1a: Hydreigon|228\/325|[from] Stealth Rock
|-heal|p2a: so pretty|280\/280|[from] move: Healing Wish
|turn|31
|
|switch|p2a: Suicune|Suicune|404\/404
|-ability|p2a: Suicune|Pressure
|move|p1a: Hydreigon|Earth Power|p2a: Suicune
|-damage|p2a: Suicune|310\/404
|
|-heal|p2a: Suicune|335\/404|[from] item: Leftovers
|turn|32
|
|move|p1a: Hydreigon|Earth Power|p2a: Suicune
|-damage|p2a: Suicune|245\/404
|move|p2a: Suicune|Ice Beam|p1a: Hydreigon
|-supereffective|p1a: Hydreigon
|-damage|p1a: Hydreigon|70\/325
|
|-heal|p2a: Suicune|270\/404|[from] item: Leftovers
|turn|33
|
|switch|p1a: Azelf|Azelf|255\/291
|-damage|p1a: Azelf|219\/291|[from] Stealth Rock
|move|p2a: Suicune|Calm Mind|p2a: Suicune
|-boost|p2a: Suicune|spa|1
|-boost|p2a: Suicune|spd|1
|
|-heal|p2a: Suicune|295\/404|[from] item: Leftovers
|turn|34
|
|move|p1a: Azelf|Trick|p2a: Suicune
|-activate|p1a: Azelf|move: Trick|[of] p2a: Suicune
|-item|p2a: Suicune|Choice Scarf|[from] move: Trick
|-item|p1a: Azelf|Leftovers|[from] move: Trick
|move|p2a: Suicune|Scald|p1a: Azelf
|-damage|p1a: Azelf|18\/291
|-status|p1a: Azelf|brn
|
|-heal|p1a: Azelf|36\/291 brn|[from] item: Leftovers
|-damage|p1a: Azelf|0 fnt|[from] brn
|faint|p1a: Azelf
|
|switch|p1a: Toxicroak|Toxicroak, M|238\/316
|-damage|p1a: Toxicroak|219\/316|[from] Stealth Rock
|-damage|p1a: Toxicroak|180\/316|[from] Spikes
|turn|35
|
|switch|p2a: so pretty|Diancie-Mega, shiny|280\/280
|move|p1a: Toxicroak|Gunk Shot|p2a: so pretty
|-damage|p2a: so pretty|90\/280
|
|-heal|p1a: Toxicroak|199\/316|[from] item: Black Sludge
|turn|36
|
|move|p2a: so pretty|Moonblast|p1a: Toxicroak
|-damage|p1a: Toxicroak|0 fnt
|faint|p1a: Toxicroak
|
|
|switch|p1a: Hydreigon|Hydreigon, M|70\/325
|-damage|p1a: Hydreigon|30\/325|[from] Stealth Rock
|turn|37
|
|move|p1a: Hydreigon|Dark Pulse|p2a: so pretty
|-resisted|p2a: so pretty
|-damage|p2a: so pretty|24\/280
|move|p2a: so pretty|Moonblast|p1a: Hydreigon
|-supereffective|p1a: Hydreigon
|-damage|p1a: Hydreigon|0 fnt
|faint|p1a: Hydreigon
|
|win|ANGER MANAGEMENT
|raw|Ladder updating...
|raw|michael weston's rating: 1420 &rarr; <strong>1406<\/strong><br \/>(-14 for losing)
|raw|ANGER MANAGEMENT's rating: 1541 &rarr; <strong>1554<\/strong><br \/>(+13 for winning)
|leave|ANGER MANAGEMENT
|player|p2
|leave|michael weston
|player|p1
|join|ANGER MANAGEMENT