|join|Altestadores
|join|Tom0410
|player|p1|Altestadores|286
|player|p2|Tom0410|80
|gametype|singles
|gen|5
|tier|[Gen 5] OU
|rule|Evasion Abilities Clause: Evasion abilities are banned
|clearpoke
|poke|p1|Hippowdon, M
|poke|p1|Skarmory, M
|poke|p1|Celebi
|poke|p1|Jirachi
|poke|p1|Kingdra, M
|poke|p1|Stoutland, M
|poke|p2|Keldeo
|poke|p2|Tyranitar, M
|poke|p2|Terrakion
|poke|p2|Skarmory, F
|poke|p2|Latias, F
|poke|p2|Scizor, M
|rule|Sleep Clause Mod: Limit one foe put to sleep
|rule|Species Clause: Limit one of each PokÃ©mon
|rule|OHKO Clause: OHKO moves are banned
|rule|Moody Clause: Moody is banned
|rule|Evasion Moves Clause: Evasion moves are banned
|rule|Endless Battle Clause: Forcing endless battles is banned
|rule|HP Percentage Mod: HP is shown in percentages
|teampreview
|c|âTom0410|gl
|
|start
|switch|p1a: Celebi|Celebi|341\/341
|switch|p2a: Skarmory|Skarmory, F|272\/272
|turn|1
|
|switch|p1a: Kingdra|Kingdra, M|291\/291
|move|p2a: Skarmory|Stealth Rock|p1a: Kingdra
|-sidestart|p1: Altestadores|move: Stealth Rock
|
|turn|2
|
|move|p1a: Kingdra|Ice Beam|p2a: Skarmory
|-damage|p2a: Skarmory|65\/272
|move|p2a: Skarmory|Spikes|p1a: Kingdra
|-sidestart|p1: Altestadores|Spikes
|
|turn|3
|-enditem|p2a: Skarmory|Custap Berry|[eat]
|-activate|p2a: Skarmory|Custap Berry
|
|move|p2a: Skarmory|Spikes|p1a: Kingdra
|-sidestart|p1: Altestadores|Spikes
|move|p1a: Kingdra|Ice Beam|p2a: Skarmory
|-damage|p2a: Skarmory|0 fnt
|faint|p2a: Skarmory
|
|
|switch|p2a: Terrakion|Terrakion|323\/323
|turn|4
|
|switch|p1a: Skarmory|Skarmory, M|334\/334
|-damage|p1a: Skarmory|293\/334|[from] Stealth Rock
|move|p2a: Terrakion|Close Combat|p1a: Skarmory
|-damage|p1a: Skarmory|109\/334
|-unboost|p2a: Terrakion|def|1
|-unboost|p2a: Terrakion|spd|1
|
|-heal|p1a: Skarmory|129\/334|[from] item: Leftovers
|turn|5
|
|move|p2a: Terrakion|Close Combat|p1a: Skarmory
|-crit|p1a: Skarmory
|-damage|p1a: Skarmory|0 fnt
|-unboost|p2a: Terrakion|def|1
|-unboost|p2a: Terrakion|spd|1
|faint|p1a: Skarmory
|
|
|switch|p1a: Hippowdon|Hippowdon, M|420\/420
|-damage|p1a: Hippowdon|394\/420|[from] Stealth Rock
|-damage|p1a: Hippowdon|324\/420|[from] Spikes
|-weather|Sandstorm|[from] ability: Sand Stream|[of] p1a: Hippowdon
|turn|6
|
|switch|p2a: Keldeo|Keldeo|323\/323
|move|p1a: Hippowdon|Toxic|p2a: Keldeo
|-status|p2a: Keldeo|tox
|
|-weather|Sandstorm|[upkeep]
|-damage|p2a: Keldeo|303\/323 tox|[from] sandstorm
|-heal|p1a: Hippowdon|350\/420|[from] item: Leftovers
|-damage|p2a: Keldeo|283\/323 tox|[from] psn
|turn|7
|
|move|p2a: Keldeo|Hydro Pump|p1a: Hippowdon
|-supereffective|p1a: Hippowdon
|-damage|p1a: Hippowdon|0 fnt
|faint|p1a: Hippowdon
|
|-weather|Sandstorm|[upkeep]
|-damage|p2a: Keldeo|263\/323 tox|[from] sandstorm
|-damage|p2a: Keldeo|223\/323 tox|[from] psn
|
|switch|p1a: Celebi|Celebi|341\/341
|-damage|p1a: Celebi|299\/341|[from] Stealth Rock
|-damage|p1a: Celebi|243\/341|[from] Spikes
|turn|8
|
|switch|p2a: Tyranitar|Tyranitar, M|342\/342
|move|p1a: Celebi|Giga Drain|p2a: Tyranitar
|-supereffective|p2a: Tyranitar
|-damage|p2a: Tyranitar|180\/342
|-heal|p1a: Celebi|324\/341|[from] drain|[of] p2a: Tyranitar
|
|-weather|Sandstorm|[upkeep]
|-damage|p1a: Celebi|303\/341|[from] sandstorm
|-heal|p1a: Celebi|324\/341|[from] item: Leftovers
|turn|9
|
|switch|p1a: Jirachi|Jirachi|355\/355
|-damage|p1a: Jirachi|333\/355|[from] Stealth Rock
|-damage|p1a: Jirachi|274\/355|[from] Spikes
|move|p2a: Tyranitar|Crunch|p1a: Jirachi
|-crit|p1a: Jirachi
|-damage|p1a: Jirachi|0 fnt
|faint|p1a: Jirachi
|
|-weather|Sandstorm|[upkeep]
|
|switch|p1a: Kingdra|Kingdra, M|291\/291
|-damage|p1a: Kingdra|255\/291|[from] Stealth Rock
|-damage|p1a: Kingdra|207\/291|[from] Spikes
|turn|10
|
|switch|p2a: Latias|Latias, F|319\/319
|move|p1a: Kingdra|Hydro Pump|p2a: Latias
|-resisted|p2a: Latias
|-damage|p2a: Latias|214\/319
|
|-weather|Sandstorm|[upkeep]
|-damage|p2a: Latias|195\/319|[from] sandstorm
|-damage|p1a: Kingdra|189\/291|[from] sandstorm
|turn|11
|
|move|p2a: Latias|Draco Meteor|p1a: Kingdra
|-supereffective|p1a: Kingdra
|-damage|p1a: Kingdra|0 fnt
|-unboost|p2a: Latias|spa|2
|-damage|p2a: Latias|164\/319|[from] item: Life Orb
|faint|p1a: Kingdra
|
|-weather|Sandstorm|[upkeep]
|-damage|p2a: Latias|145\/319|[from] sandstorm
|
|switch|p1a: Celebi|Celebi|324\/341
|-damage|p1a: Celebi|282\/341|[from] Stealth Rock
|-damage|p1a: Celebi|226\/341|[from] Spikes
|turn|12
|
|switch|p2a: Tyranitar|Tyranitar, M|180\/342
|move|p1a: Celebi|Nasty Plot|p1a: Celebi
|-boost|p1a: Celebi|spa|2
|
|-weather|Sandstorm|[upkeep]
|-damage|p1a: Celebi|205\/341|[from] sandstorm
|-heal|p1a: Celebi|226\/341|[from] item: Leftovers
|turn|13
|
|move|p2a: Tyranitar|Crunch|p1a: Celebi
|-supereffective|p1a: Celebi
|-damage|p1a: Celebi|0 fnt
|faint|p1a: Celebi
|
|-weather|Sandstorm|[upkeep]
|
|switch|p1a: Stoutland|Stoutland, M|311\/311
|-damage|p1a: Stoutland|273\/311|[from] Stealth Rock
|-damage|p1a: Stoutland|222\/311|[from] Spikes
|turn|14
|
|move|p1a: Stoutland|Superpower|p2a: Tyranitar
|-supereffective|p2a: Tyranitar
|-damage|p2a: Tyranitar|0 fnt
|-unboost|p1a: Stoutland|atk|1
|-unboost|p1a: Stoutland|def|1
|faint|p2a: Tyranitar
|
|-weather|Sandstorm|[upkeep]
|
|switch|p2a: Terrakion|Terrakion|323\/323
|turn|15
|
|move|p2a: Terrakion|Quick Attack|p1a: Stoutland
|-damage|p1a: Stoutland|99\/311
|move|p1a: Stoutland|Superpower|p2a: Terrakion
|-supereffective|p2a: Terrakion
|-damage|p2a: Terrakion|39\/323
|-unboost|p1a: Stoutland|atk|1
|-unboost|p1a: Stoutland|def|1
|
|-weather|Sandstorm|[upkeep]
|turn|16
|c|âTom0410|gg
|
|move|p2a: Terrakion|Quick Attack|p1a: Stoutland
|-damage|p1a: Stoutland|0 fnt
|faint|p1a: Stoutland
|
|win|Tom0410
|leave|Altestadores
|player|p1