|join|Altestadores
|join|Moonclawz
|player|p1|Altestadores|286
|player|p2|Moonclawz|99
|gametype|singles
|gen|5
|tier|[Gen 5] OU
|rule|Evasion Abilities Clause: Evasion abilities are banned
|clearpoke
|poke|p1|Tyranitar, M
|poke|p1|Landorus-Therian, M
|poke|p1|Mew
|poke|p1|Ferrothorn, M
|poke|p1|Starmie
|poke|p1|Volcarona, M
|poke|p2|Skarmory, F
|poke|p2|Abomasnow, F
|poke|p2|Blissey, F
|poke|p2|Tentacruel, M
|poke|p2|Jirachi
|poke|p2|Landorus-Therian, M
|rule|Sleep Clause Mod: Limit one foe put to sleep
|rule|Species Clause: Limit one of each PokÃ©mon
|rule|OHKO Clause: OHKO moves are banned
|rule|Moody Clause: Moody is banned
|rule|Evasion Moves Clause: Evasion moves are banned
|rule|Endless Battle Clause: Forcing endless battles is banned
|rule|HP Percentage Mod: HP is shown in percentages
|teampreview
|c|âAltestadores|hf
|c|âMoonclawz|gl hf :]
|
|start
|switch|p1a: Mew|Mew|397\/397
|switch|p2a: Ground|Landorus-Therian, M|381\/381
|-ability|p2a: Ground|Intimidate|[of] p1a: Mew
|-unboost|p1a: Mew|atk|1
|turn|1
|
|switch|p2a: Healer|Blissey, F|652\/652
|move|p1a: Mew|Ice Beam|p2a: Healer
|-damage|p2a: Healer|610\/652
|
|-heal|p2a: Healer|650\/652|[from] item: Leftovers
|turn|2
|
|switch|p2a: Sludge|Tentacruel, M|363\/363
|move|p1a: Mew|Taunt|p2a: Sludge
|-start|p2a: Sludge|move: Taunt
|
|turn|3
|
|move|p1a: Mew|Will-O-Wisp|p2a: Sludge
|-status|p2a: Sludge|brn
|move|p2a: Sludge|Scald|p1a: Mew
|-damage|p1a: Mew|324\/397
|
|-heal|p1a: Mew|348\/397|[from] item: Leftovers
|-damage|p2a: Sludge|318\/363 brn|[from] brn
|turn|4
|
|switch|p1a: Tyranitar|Tyranitar, M|404\/404
|-weather|Sandstorm|[from] ability: Sand Stream|[of] p1a: Tyranitar
|move|p2a: Sludge|Scald|p1a: Tyranitar
|-supereffective|p1a: Tyranitar
|-damage|p1a: Tyranitar|332\/404
|
|-weather|Sandstorm|[upkeep]
|-damage|p2a: Sludge|296\/363 brn|[from] sandstorm
|-heal|p2a: Sludge|318\/363 brn|[from] item: Black Sludge
|-heal|p1a: Tyranitar|357\/404|[from] item: Leftovers
|-damage|p2a: Sludge|273\/363 brn|[from] brn
|turn|5
|join|skysoki
|
|move|p1a: Tyranitar|Pursuit|p2a: Sludge|[from]Pursuit
|-damage|p2a: Sludge|149\/363 brn
|switch|p2a: Ground|Landorus-Therian, M|381\/381
|-ability|p2a: Ground|Intimidate|[of] p1a: Tyranitar
|-unboost|p1a: Tyranitar|atk|1
|
|-weather|Sandstorm|[upkeep]
|-heal|p1a: Tyranitar|382\/404|[from] item: Leftovers
|turn|6
|
|move|p2a: Ground|Earthquake|p1a: Tyranitar
|-supereffective|p1a: Tyranitar
|-damage|p1a: Tyranitar|106\/404
|move|p1a: Tyranitar|Ice Beam|p2a: Ground
|-supereffective|p2a: Ground
|-damage|p2a: Ground|61\/381
|
|-weather|Sandstorm|[upkeep]
|-heal|p2a: Ground|84\/381|[from] item: Leftovers
|-heal|p1a: Tyranitar|131\/404|[from] item: Leftovers
|turn|7
|
|switch|p1a: Ferrothorn|Ferrothorn, M|352\/352
|move|p2a: Ground|Stealth Rock|p1a: Ferrothorn
|-sidestart|p1: Altestadores|move: Stealth Rock
|
|-weather|Sandstorm|[upkeep]
|-heal|p2a: Ground|107\/381|[from] item: Leftovers
|turn|8
|
|switch|p2a: Steel|Skarmory, F|333\/333
|move|p1a: Ferrothorn|Gyro Ball|p2a: Steel
|-resisted|p2a: Steel
|-damage|p2a: Steel|297\/333
|
|-weather|Sandstorm|[upkeep]
|-heal|p2a: Steel|317\/333|[from] item: Leftovers
|turn|9
|
|switch|p2a: Weather Forecast|Abomasnow, F|383\/383
|-weather|Hail|[from] ability: Snow Warning|[of] p2a: Weather Forecast
|switch|p1a: Starmie|Starmie|320\/320
|-damage|p1a: Starmie|280\/320|[from] Stealth Rock
|
|-weather|Hail|[upkeep]
|-damage|p1a: Starmie|260\/320|[from] hail
|-heal|p1a: Starmie|280\/320|[from] item: Leftovers
|turn|10
|
|switch|p1a: Ferrothorn|Ferrothorn, M|352\/352
|-damage|p1a: Ferrothorn|330\/352|[from] Stealth Rock
|move|p2a: Weather Forecast|Wood Hammer|p1a: Ferrothorn
|-resisted|p1a: Ferrothorn
|-damage|p1a: Ferrothorn|306\/352
|-damage|p2a: Weather Forecast|336\/383|[from] ability: Iron Barbs|[of] p1a: Ferrothorn
|-damage|p2a: Weather Forecast|328\/383|[from] recoil|[of] p1a: Ferrothorn
|
|-weather|Hail|[upkeep]
|-damage|p1a: Ferrothorn|284\/352|[from] hail
|-heal|p2a: Weather Forecast|351\/383|[from] item: Leftovers
|-heal|p1a: Ferrothorn|306\/352|[from] item: Leftovers
|turn|11
|
|switch|p2a: Steel|Skarmory, F|317\/333
|switch|p1a: Mew|Mew|348\/397
|-damage|p1a: Mew|299\/397|[from] Stealth Rock
|
|-weather|Hail|[upkeep]
|-damage|p1a: Mew|275\/397|[from] hail
|-damage|p2a: Steel|297\/333|[from] hail
|-heal|p1a: Mew|299\/397|[from] item: Leftovers
|-heal|p2a: Steel|317\/333|[from] item: Leftovers
|turn|12
|
|switch|p2a: Healer|Blissey, F|650\/652
|move|p1a: Mew|Taunt|p2a: Healer
|-start|p2a: Healer|move: Taunt
|
|-weather|Hail|[upkeep]
|-damage|p1a: Mew|275\/397|[from] hail
|-damage|p2a: Healer|610\/652|[from] hail
|-heal|p1a: Mew|299\/397|[from] item: Leftovers
|-heal|p2a: Healer|650\/652|[from] item: Leftovers
|turn|13
|
|move|p1a: Mew|Will-O-Wisp|p2a: Healer|[miss]
|-miss|p1a: Mew|p2a: Healer
|move|p2a: Healer|Seismic Toss|p1a: Mew
|-damage|p1a: Mew|199\/397
|
|-weather|Hail|[upkeep]
|-damage|p1a: Mew|175\/397|[from] hail
|-damage|p2a: Healer|610\/652|[from] hail
|-heal|p1a: Mew|199\/397|[from] item: Leftovers
|-heal|p2a: Healer|650\/652|[from] item: Leftovers
|turn|14
|
|switch|p2a: Wishmaker|Jirachi|404\/404
|move|p1a: Mew|Will-O-Wisp|p2a: Wishmaker
|-status|p2a: Wishmaker|brn
|
|-weather|Hail|[upkeep]
|-damage|p1a: Mew|175\/397|[from] hail
|-damage|p2a: Wishmaker|379\/404 brn|[from] hail
|-heal|p1a: Mew|199\/397|[from] item: Leftovers
|-heal|p2a: Wishmaker|404\/404 brn|[from] item: Leftovers
|-damage|p2a: Wishmaker|354\/404 brn|[from] brn
|turn|15
|
|switch|p1a: Ferrothorn|Ferrothorn, M|306\/352
|-damage|p1a: Ferrothorn|284\/352|[from] Stealth Rock
|move|p2a: Wishmaker|Body Slam|p1a: Ferrothorn
|-resisted|p1a: Ferrothorn
|-damage|p1a: Ferrothorn|273\/352
|-damage|p2a: Wishmaker|304\/404 brn|[from] ability: Iron Barbs|[of] p1a: Ferrothorn
|
|-weather|Hail|[upkeep]
|-damage|p2a: Wishmaker|279\/404 brn|[from] hail
|-damage|p1a: Ferrothorn|251\/352|[from] hail
|-heal|p2a: Wishmaker|304\/404 brn|[from] item: Leftovers
|-heal|p1a: Ferrothorn|273\/352|[from] item: Leftovers
|-damage|p2a: Wishmaker|254\/404 brn|[from] brn
|turn|16
|
|switch|p2a: Steel|Skarmory, F|317\/333
|move|p1a: Ferrothorn|Spikes|p2a: Steel
|-sidestart|p2: Moonclawz|Spikes
|
|-weather|Hail|[upkeep]
|-damage|p2a: Steel|297\/333|[from] hail
|-damage|p1a: Ferrothorn|251\/352|[from] hail
|-heal|p2a: Steel|317\/333|[from] item: Leftovers
|-heal|p1a: Ferrothorn|273\/352|[from] item: Leftovers
|turn|17
|
|switch|p1a: Starmie|Starmie|280\/320
|-damage|p1a: Starmie|240\/320|[from] Stealth Rock
|move|p2a: Steel|Spikes|p1a: Starmie
|-sidestart|p1: Altestadores|Spikes
|
|-weather|Hail|[upkeep]
|-damage|p1a: Starmie|220\/320|[from] hail
|-damage|p2a: Steel|297\/333|[from] hail
|-heal|p1a: Starmie|240\/320|[from] item: Leftovers
|-heal|p2a: Steel|317\/333|[from] item: Leftovers
|turn|18
|
|move|p1a: Starmie|Rapid Spin|p2a: Steel
|-resisted|p2a: Steel
|-damage|p2a: Steel|314\/333
|-sideend|p1: Altestadores|Spikes|[from] move: Rapid Spin|[of] p1a: Starmie
|-sideend|p1: Altestadores|Stealth Rock|[from] move: Rapid Spin|[of] p1a: Starmie
|move|p2a: Steel|Spikes|p1a: Starmie
|-sidestart|p1: Altestadores|Spikes
|
|-weather|Hail|[upkeep]
|-damage|p1a: Starmie|220\/320|[from] hail
|-damage|p2a: Steel|294\/333|[from] hail
|-heal|p1a: Starmie|240\/320|[from] item: Leftovers
|-heal|p2a: Steel|314\/333|[from] item: Leftovers
|turn|19
|
|switch|p2a: Weather Forecast|Abomasnow, F|351\/383
|-damage|p2a: Weather Forecast|304\/383|[from] Spikes
|move|p1a: Starmie|Scald|p2a: Weather Forecast
|-resisted|p2a: Weather Forecast
|-damage|p2a: Weather Forecast|262\/383
|-status|p2a: Weather Forecast|brn
|
|-weather|Hail|[upkeep]
|-damage|p1a: Starmie|220\/320|[from] hail
|-heal|p1a: Starmie|240\/320|[from] item: Leftovers
|-heal|p2a: Weather Forecast|285\/383 brn|[from] item: Leftovers
|-damage|p2a: Weather Forecast|238\/383 brn|[from] brn
|turn|20
|leave|skysoki
|
|switch|p2a: Ground|Landorus-Therian, M|107\/381
|-ability|p2a: Ground|Intimidate|[of] p1a: Starmie
|-unboost|p1a: Starmie|atk|1
|move|p1a: Starmie|Reflect Type|p2a: Ground
|-start|p1a: Starmie|typechange|[from] move: Reflect Type|[of] p2a: Ground
|
|-weather|Hail|[upkeep]
|-damage|p1a: Starmie|220\/320|[from] hail
|-damage|p2a: Ground|84\/381|[from] hail
|-heal|p1a: Starmie|240\/320|[from] item: Leftovers
|-heal|p2a: Ground|107\/381|[from] item: Leftovers
|turn|21
|
|switch|p2a: Weather Forecast|Abomasnow, F|238\/383 brn
|-damage|p2a: Weather Forecast|191\/383 brn|[from] Spikes
|move|p1a: Starmie|Scald|p2a: Weather Forecast
|-resisted|p2a: Weather Forecast
|-damage|p2a: Weather Forecast|162\/383 brn
|
|-weather|Hail|[upkeep]
|-damage|p1a: Starmie|220\/320|[from] hail
|-heal|p1a: Starmie|240\/320|[from] item: Leftovers
|-heal|p2a: Weather Forecast|185\/383 brn|[from] item: Leftovers
|-damage|p2a: Weather Forecast|138\/383 brn|[from] brn
|turn|22
|
|switch|p1a: Ferrothorn|Ferrothorn, M|273\/352
|-damage|p1a: Ferrothorn|229\/352|[from] Spikes
|switch|p2a: Ground|Landorus-Therian, M|107\/381
|-ability|p2a: Ground|Intimidate|[of] p1a: Ferrothorn
|-unboost|p1a: Ferrothorn|atk|1
|
|-weather|Hail|[upkeep]
|-damage|p2a: Ground|84\/381|[from] hail
|-damage|p1a: Ferrothorn|207\/352|[from] hail
|-heal|p2a: Ground|107\/381|[from] item: Leftovers
|-heal|p1a: Ferrothorn|229\/352|[from] item: Leftovers
|turn|23
|
|move|p2a: Ground|Stealth Rock|p1a: Ferrothorn
|-sidestart|p1: Altestadores|move: Stealth Rock
|move|p1a: Ferrothorn|Leech Seed|p2a: Ground
|-start|p2a: Ground|move: Leech Seed
|
|-weather|Hail|[upkeep]
|-damage|p2a: Ground|84\/381|[from] hail
|-damage|p1a: Ferrothorn|207\/352|[from] hail
|-heal|p2a: Ground|107\/381|[from] item: Leftovers
|-heal|p1a: Ferrothorn|229\/352|[from] item: Leftovers
|-damage|p2a: Ground|60\/381|[from] Leech Seed|[of] p1a: Ferrothorn
|-heal|p1a: Ferrothorn|276\/352|[silent]
|turn|24
|
|switch|p2a: Steel|Skarmory, F|314\/333
|move|p1a: Ferrothorn|Spikes|p2a: Steel
|-sidestart|p2: Moonclawz|Spikes
|
|-weather|Hail|[upkeep]
|-damage|p2a: Steel|294\/333|[from] hail
|-damage|p1a: Ferrothorn|254\/352|[from] hail
|-heal|p2a: Steel|314\/333|[from] item: Leftovers
|-heal|p1a: Ferrothorn|276\/352|[from] item: Leftovers
|turn|25
|
|move|p1a: Ferrothorn|Leech Seed|p2a: Steel
|-start|p2a: Steel|move: Leech Seed
|move|p2a: Steel|Whirlwind|p1a: Ferrothorn
|drag|p1a: Tyranitar|Tyranitar, M|131\/404
|-damage|p1a: Tyranitar|81\/404|[from] Stealth Rock
|-damage|p1a: Tyranitar|31\/404|[from] Spikes
|-weather|Sandstorm|[from] ability: Sand Stream|[of] p1a: Tyranitar
|
|-weather|Sandstorm|[upkeep]
|-heal|p2a: Steel|333\/333|[from] item: Leftovers
|-heal|p1a: Tyranitar|56\/404|[from] item: Leftovers
|-damage|p2a: Steel|292\/333|[from] Leech Seed|[of] p1a: Tyranitar
|-heal|p1a: Tyranitar|97\/404|[silent]
|turn|26
|
|switch|p2a: Healer|Blissey, F|650\/652
|-damage|p2a: Healer|542\/652|[from] Spikes
|move|p1a: Tyranitar|Stealth Rock|p2a: Healer
|-sidestart|p2: Moonclawz|move: Stealth Rock
|
|-weather|Sandstorm|[upkeep]
|-damage|p2a: Healer|502\/652|[from] sandstorm
|-heal|p2a: Healer|542\/652|[from] item: Leftovers
|-heal|p1a: Tyranitar|122\/404|[from] item: Leftovers
|turn|27
|
|switch|p1a: Ferrothorn|Ferrothorn, M|276\/352
|-damage|p1a: Ferrothorn|232\/352|[from] Spikes
|-damage|p1a: Ferrothorn|210\/352|[from] Stealth Rock
|move|p2a: Healer|Wish|p2a: Healer
|
|-weather|Sandstorm|[upkeep]
|-damage|p2a: Healer|502\/652|[from] sandstorm
|-heal|p2a: Healer|542\/652|[from] item: Leftovers
|-heal|p1a: Ferrothorn|232\/352|[from] item: Leftovers
|turn|28
|
|switch|p2a: Sludge|Tentacruel, M|149\/363 brn
|-damage|p2a: Sludge|104\/363 brn|[from] Stealth Rock
|-damage|p2a: Sludge|44\/363 brn|[from] Spikes
|move|p1a: Ferrothorn|Gyro Ball|p2a: Sludge
|-resisted|p2a: Sludge
|-damage|p2a: Sludge|0 fnt
|faint|p2a: Sludge
|
|-weather|Sandstorm|[upkeep]
|-heal|p1a: Ferrothorn|254\/352|[from] item: Leftovers
|
|switch|p2a: Steel|Skarmory, F|292\/333
|-damage|p2a: Steel|251\/333|[from] Stealth Rock
|turn|29
|
|move|p1a: Ferrothorn|Leech Seed|p2a: Steel
|-start|p2a: Steel|move: Leech Seed
|move|p2a: Steel|Whirlwind|p1a: Ferrothorn
|drag|p1a: Starmie|Starmie|240\/320
|-damage|p1a: Starmie|200\/320|[from] Spikes
|-damage|p1a: Starmie|160\/320|[from] Stealth Rock
|
|-weather|Sandstorm|[upkeep]
|-damage|p1a: Starmie|140\/320|[from] sandstorm
|-heal|p1a: Starmie|160\/320|[from] item: Leftovers
|-heal|p2a: Steel|271\/333|[from] item: Leftovers
|-damage|p2a: Steel|230\/333|[from] Leech Seed|[of] p1a: Starmie
|-heal|p1a: Starmie|201\/320|[silent]
|turn|30
|join|Soldy Smoke
|c|âMoonclawz|gg
|c|âMoonclawz|i don't really want to play this out
|join|Sexy Brujo
|join|oxis
|c|âMoonclawz|and you have the win anyways
|c|âAltestadores|i dont think you can win tbh
|c|âMoonclawz|yeah
|c|âMoonclawz|mew is pretty difficult to face
|-message|Moonclawz forfeited.
|join|JSMdu974
|join|NicoDragonite
|leave|JSMdu974
|join|skysoki
|c|âAltestadores|yh, not a "stallbreaker" for nothing n_n
|
|win|Altestadores
|leave|NicoDragonite
|leave|oxis
|leave|skysoki
|join|patrick2054
|leave|Moonclawz
|leave|patrick2054
|player|p2
|leave|Altestadores
|join|Kaideos
|join|SuperSmoke
|leave|Kaideos
|player|p1