|join|aj112354
|join|Altestadores
|player|p1|aj112354|61
|player|p2|Altestadores|286
|gametype|singles
|gen|6
|tier|OU
|clearpoke
|poke|p1|Altaria, F
|poke|p1|Ferrothorn, M
|poke|p1|Victini
|poke|p1|Tentacruel, F
|poke|p1|Landorus-Therian, M
|poke|p1|Thundurus, M
|poke|p2|Garchomp, M
|poke|p2|Bisharp, M, shiny
|poke|p2|Azumarill, M
|poke|p2|Manectric, M
|poke|p2|Landorus-Therian, M
|poke|p2|Hawlucha, M
|rule|Swagger Clause: Swagger is banned
|rule|Baton Pass Clause: Limit one PokÃ©mon knowing Baton Pass
|rule|Sleep Clause Mod: Limit one foe put to sleep
|rule|Species Clause: Limit one of each PokÃ©mon
|rule|OHKO Clause: OHKO moves are banned
|rule|Moody Clause: Moody is banned
|rule|Evasion Moves Clause: Evasion moves are banned
|rule|Endless Battle Clause: Forcing endless battles is banned
|rule|HP Percentage Mod: HP is shown in percentages
|teampreview
|join|gyarad0site
|join|bucador
|join|mikko1
|join|Kravein
|join|jeffrawr
|join|EternusDraco
|join|dracollooooss
|join|Lycon
|join|Crieme Sorciere
|join|claudioo2
|join|Frickett
|join|Zarach
|join|Jeevs
|join|Omegasization
|c|âaj112354|glhf
|join|Monsey
|c| Jeevs|omgg theres a victini
|join|fgtsaurus
|c| Kravein|thats alot of people lol no pressure
|join|KeepoKappaKeepo
|join|Ferocca
|c| Jeevs|k cheering for you nbd
|join|ElliotNaitorei
|join|chumped
|c|âaj112354|lol non at all
|join|EHJ
|c|âAltestadores|hf
|join|Dynaras
|c| Jeevs|its so cute and cuddly and shit
|
|start
|switch|p1a: Victini|Victini|341\/341
|switch|p2a: Garchomp|Garchomp, M|361\/361
|turn|1
|c| Kravein|damn and more just keep coming lol
|join|SamuraiSneasel
|c| Kravein|quake
|c| bucador|hahaa
|
|switch|p1a: Ferrothorn|Ferrothorn, M|352\/352
|move|p2a: Garchomp|Stealth Rock|p1a: Ferrothorn
|-sidestart|p1: aj112354|move: Stealth Rock
|
|turn|2
|
|move|p1a: Ferrothorn|Protect|p1a: Ferrothorn
|-singleturn|p1a: Ferrothorn|Protect
|move|p2a: Garchomp|Swords Dance|p2a: Garchomp
|-boost|p2a: Garchomp|atk|2
|
|turn|3
|join|charlieswerve
|c| Kravein|nice
|c| SamuraiSneasel|ooh shit
|c|âaj112354|ugh
|join|TheAlmightyy
|
|move|p2a: Garchomp|Earthquake|p1a: Ferrothorn
|-damage|p1a: Ferrothorn|118\/352
|move|p1a: Ferrothorn|Leech Seed|p2a: Garchomp
|-start|p2a: Garchomp|move: Leech Seed
|
|-damage|p2a: Garchomp|316\/361|[from] Leech Seed|[of] p1a: Ferrothorn
|-heal|p1a: Ferrothorn|163\/352|[silent]
|turn|4
|join|Louisxd
|c|âaj112354|I WONT GO DOWN EASY
|c| SamuraiSneasel|the turn 2 plays
|
|move|p1a: Ferrothorn|Protect|p1a: Ferrothorn
|-singleturn|p1a: Ferrothorn|Protect
|move|p2a: Garchomp|Outrage|p1a: Ferrothorn
|-activate|p1a: Ferrothorn|Protect
|
|-damage|p2a: Garchomp|271\/361|[from] Leech Seed|[of] p1a: Ferrothorn
|-heal|p1a: Ferrothorn|208\/352|[silent]
|turn|5
|join|epicjelly1
|c| Jeevs|thats what she said:o
|c| Kravein|shouldve swords again lol
|join|DarkenLight
|join|Pyrogon
|
|move|p2a: Garchomp|Swords Dance|p2a: Garchomp
|-boost|p2a: Garchomp|atk|2
|move|p1a: Ferrothorn|Stealth Rock|p2a: Garchomp
|-sidestart|p2: Altestadores|move: Stealth Rock
|
|-damage|p2a: Garchomp|226\/361|[from] Leech Seed|[of] p1a: Ferrothorn
|-heal|p1a: Ferrothorn|253\/352|[silent]
|turn|6
|join|StrengthOfHeart
|c| Kravein|hes gonna prot every 2
|c| claudioo2|It was an easy predict
|
|move|p1a: Ferrothorn|Protect|p1a: Ferrothorn
|-singleturn|p1a: Ferrothorn|Protect
|move|p2a: Garchomp|Earthquake|p1a: Ferrothorn
|-activate|p1a: Ferrothorn|Protect
|
|-damage|p2a: Garchomp|181\/361|[from] Leech Seed|[of] p1a: Ferrothorn
|-heal|p1a: Ferrothorn|298\/352|[silent]
|turn|7
|join|IhaveCaids
|
|move|p1a: Ferrothorn|Protect|p1a: Ferrothorn
|-singleturn|p1a: Ferrothorn|Protect
|move|p2a: Garchomp|Earthquake|p1a: Ferrothorn
|-activate|p1a: Ferrothorn|Protect
|
|-damage|p2a: Garchomp|136\/361|[from] Leech Seed|[of] p1a: Ferrothorn
|-heal|p1a: Ferrothorn|343\/352|[silent]
|turn|8
|join|Arcanine is Regal
|c| Jeevs|lol
|join|Mollete
|c| Kravein|lol wtf
|
|move|p2a: Garchomp|Earthquake|p1a: Ferrothorn
|-damage|p1a: Ferrothorn|15\/352
|move|p1a: Ferrothorn|Gyro Ball|p2a: Garchomp
|-damage|p2a: Garchomp|0 fnt
|-damage|p1a: Ferrothorn|0 fnt|[from] ability: Rough Skin|[of] p2a: Garchomp
|faint|p1a: Ferrothorn
|faint|p2a: Garchomp
|
|c| Arcanine is Regal|wait wait wait
|c| Arcanine is Regal|I just realized
|c| Arcanine is Regal|you have altaria\/tentacruel\/ferrothorn   and no heatran
|join|QKIC
|c|âaj112354|okay both rock setters down
|c| Arcanine is Regal|mind=blown
|join|ollopa
|join|Wolffy001
|c| Lycon|rapid spin exists
|c| SamuraiSneasel|not for alt
|
|switch|p1a: Tentacruel|Tentacruel, F|364\/364
|switch|p2a: Bisharp|Bisharp, M, shiny|291\/291
|-damage|p1a: Tentacruel|319\/364|[from] Stealth Rock
|-damage|p2a: Bisharp|273\/291|[from] Stealth Rock
|turn|9
|c| Kravein|cruel still in
|c| StrengthOfHeart|hawlucha!! :)
|c| SamuraiSneasel|(unless I'm forgetting something
|join|Starmaster
|
|move|p1a: Tentacruel|Scald|p2a: Bisharp
|-damage|p2a: Bisharp|161\/291
|move|p2a: Bisharp|Swords Dance|p2a: Bisharp
|-boost|p2a: Bisharp|atk|2
|
|-heal|p1a: Tentacruel|341\/364|[from] item: Black Sludge
|turn|10
|c| claudioo2|Can hawlucha learn defog?
|
|move|p1a: Tentacruel|Scald|p2a: Bisharp
|-crit|p2a: Bisharp
|-damage|p2a: Bisharp|5\/291
|move|p2a: Bisharp|Knock Off|p1a: Tentacruel
|-damage|p1a: Tentacruel|4\/364
|-enditem|p1a: Tentacruel|Black Sludge|[from] move: Knock Off|[of] p2a: Bisharp
|
|turn|11
|c| gyarad0site|sweep ?
|join|fbevvs
|c| Kravein|uh oh gme
|c| Jeevs|. lol
|c| Kravein|game lol
|
|move|p2a: Bisharp|Sucker Punch|p1a: Tentacruel
|-damage|p1a: Tentacruel|0 fnt
|faint|p1a: Tentacruel
|
|join|alex32
|c| Arcanine is Regal|use wish here
|c| SamuraiSneasel|hawlucha doesn't get defog
|
|switch|p1a: Puff'D|Altaria, F|292\/292
|-damage|p1a: Puff'D|219\/292|[from] Stealth Rock
|turn|12
|c| claudioo2|Thanks
|join|carrying yoloq
|c| Kravein|gg lol
|c| Jeevs|#herewegoyall
|c|âaj112354|should have rapid spin
|
|detailschange|p1a: Puff'D|Altaria-Mega, F
|message|Altaria has Mega Evolved into Mega Altaria!
|move|p2a: Bisharp|Sucker Punch|p1a: Puff'D
|-resisted|p1a: Puff'D
|-damage|p1a: Puff'D|72\/292
|move|p1a: Puff'D|Return|p2a: Bisharp
|-damage|p2a: Bisharp|0 fnt
|faint|p2a: Bisharp
|
|c| Starmaster|lol
|c| SamuraiSneasel|you can do \/learn [pokemon], [move]
|c| Kravein|lol what
|
|switch|p2a: Manectric|Manectric, M|281\/281
|-damage|p2a: Manectric|246\/281|[from] Stealth Rock
|turn|13
|c| Starmaster|altaria outspeeds
|c| Starmaster|sharp
|c| Starmaster|:\/
|c| SamuraiSneasel|hail the puff
|c| Kravein|nice
|
|detailschange|p2a: Manectric|Manectric-Mega, M
|message|Manectric has Mega Evolved into Mega Manectric!
|-ability|p2a: Manectric|Intimidate|[of] p1a: Puff'D
|-unboost|p1a: Puff'D|atk|1
|move|p2a: Manectric|Hidden Power|p1a: Puff'D
|-supereffective|p1a: Puff'D
|-damage|p1a: Puff'D|0 fnt
|faint|p1a: Puff'D
|
|c| Starmaster|tbh victini
|c| Starmaster|can do work
|c| StrengthOfHeart|too much offense
|c| Starmaster|if scarf
|c| Starmaster|just click vcreate
|c| Crieme Sorciere|ferro had rocks tho
|c| Starmaster|a couple times
|leave|Wolffy001
|c| Arcanine is Regal|azu just wins
|join|Auu
|c| claudioo2|Honestly, if manectric goes down thundurus can sweep
|c| claudioo2|If nasty plot
|c| DarkenLight|https:\/\/www.youtube.com\/watch?v=1zH7msbzl4E
|
|switch|p1a: Victini|Victini|341\/341
|-damage|p1a: Victini|256\/341|[from] Stealth Rock
|turn|14
|c| Auu|but what if nasty plot isnt kill O.O
|c|âaj112354|but what if a lot of things dont kill
|c| fbevvs|lol
|join|Loser Best Fit
|
|switch|p2a: Azumarill|Azumarill, M|399\/399
|-damage|p2a: Azumarill|350\/399|[from] Stealth Rock
|move|p1a: Victini|U-turn|p2a: Azumarill
|-resisted|p2a: Azumarill
|-damage|p2a: Azumarill|285\/399
|join|Rates
|
|switch|p1a: Thug-Nasty|Thundurus, M|300\/300
|-damage|p1a: Thug-Nasty|225\/300|[from] Stealth Rock
|
|turn|15
|c| Jeevs|inb4 agility thundy
|c| Crieme Sorciere|lol
|c| Auu|lol.
|c| Kravein|swap lol
|c| Kravein|azu swap
|join|AdityaKhuntia
|c|âaj112354|better swap ;p
|c| claudioo2|If aj predict well he can have game here
|c| fbevvs|no he can't
|
|switch|p2a: Manectric|Manectric-Mega, M|246\/281
|-damage|p2a: Manectric|211\/281|[from] Stealth Rock
|-ability|p2a: Manectric|Intimidate|[of] p1a: Thug-Nasty
|-unboost|p1a: Thug-Nasty|atk|1
|move|p1a: Thug-Nasty|Thunderbolt|p2a: Manectric
|-resisted|p2a: Manectric
|-damage|p2a: Manectric|98\/281
|-damage|p1a: Thug-Nasty|195\/300|[from] item: Life Orb
|
|turn|16
|c| Kravein|manec swap lol
|c| gyarad0site|dayumn
|c| Arcanine is Regal|nah this game belong to alt
|c| Auu|still did alot
|c| Kravein|i called it lol
|join|CharYRoxs
|c| SamuraiSneasel|but mane outspeeds and kills with HP Ice
|join|GrizzleGround
|c| SamuraiSneasel|(I think it kills, anyways)
|
|move|p2a: Manectric|Hidden Power|p1a: Thug-Nasty
|-supereffective|p1a: Thug-Nasty
|-damage|p1a: Thug-Nasty|3\/300
|move|p1a: Thug-Nasty|Thunderbolt|p2a: Manectric
|-resisted|p2a: Manectric
|-damage|p2a: Manectric|0 fnt
|-damage|p1a: Thug-Nasty|0 fnt|[from] item: Life Orb
|faint|p2a: Manectric
|faint|p1a: Thug-Nasty
|
|leave|CharYRoxs
|c|âaj112354|lol
|c| SamuraiSneasel|jesus
|c| Omegasization|daaaamn
|c| Kravein|DAMN
|c| Auu|1% LOL
|c| Mollete|oO
|join|CharYRoxs
|c| Omegasization|such balk
|c| DarkenLight|https:\/\/www.youtube.com\/watch?v=1zH7msbzl4E
|c| claudioo2|gg
|join|thespiritinthesky
|c| StrengthOfHeart|shocker
|join|Gros orteil
|c|âaj112354|who areyou talking to?
|c| KeepoKappaKeepo|balk
|c| Auu|now azu sweeps
|
|switch|p1a: O'G|Landorus-Therian, M|320\/320
|switch|p2a: Landorus-Therian|Landorus-Therian, M|325\/325
|-damage|p1a: O'G|280\/320|[from] Stealth Rock
|-ability|p1a: O'G|Intimidate|[of] p2a: Landorus-Therian
|-unboost|p2a: Landorus-Therian|atk|1
|-damage|p2a: Landorus-Therian|285\/325|[from] Stealth Rock
|-ability|p2a: Landorus-Therian|Intimidate|[of] p1a: O'G
|-unboost|p1a: O'G|atk|1
|turn|17
|c| Arcanine is Regal|he cant switchout
|c| Arcanine is Regal|cuz then azu coulda just aj'd for the kil
|c| Kravein|lol
|
|move|p1a: O'G|Rock Slide|p2a: Landorus-Therian
|-miss|p1a: O'G|p2a: Landorus-Therian
|move|p2a: Landorus-Therian|U-turn|p1a: O'G
|-resisted|p1a: O'G
|-damage|p1a: O'G|245\/320
|c|âaj112354|lol
|c| Auu|lol.
|
|switch|p2a: Hawlucha|Hawlucha, M|300\/300
|-damage|p2a: Hawlucha|263\/300|[from] Stealth Rock
|
|turn|18
|c| TheAlmightyy|bb aj
|c| Jeevs|do you even rockslide!!
|c|âaj112354|FLINCH GO
|
|move|p1a: O'G|Rock Slide|p2a: Hawlucha
|-damage|p2a: Hawlucha|187\/300
|move|p2a: Hawlucha|Substitute|p2a: Hawlucha
|-start|p2a: Hawlucha|Substitute
|-damage|p2a: Hawlucha|112\/300
|-enditem|p2a: Hawlucha|Sitrus Berry|[eat]
|-heal|p2a: Hawlucha|187\/300|[from] item: Sitrus Berry
|
|turn|19
|c| Jeevs|gg
|join|Elite God
|c| Auu|did nothing
|join|Specs Jesus
|c| StrengthOfHeart|ruhroh
|c|âaj112354|YOU FAILED ME
|c|âaj112354|XD gg
|
|move|p2a: Hawlucha|Acrobatics|p1a: O'G
|-damage|p1a: O'G|52\/320
|move|p1a: O'G|Rock Slide|p2a: Hawlucha
|-end|p2a: Hawlucha|Substitute
|
|turn|20
|leave|charlieswerve
|
|move|p2a: Hawlucha|Acrobatics|p1a: O'G
|-damage|p1a: O'G|0 fnt
|faint|p1a: O'G
|
|join|charlieswerve
|c| Auu|hawlucha new meta
|
|switch|p1a: Victini|Victini|256\/341
|-damage|p1a: Victini|171\/341|[from] Stealth Rock
|turn|21
|
|move|p2a: Hawlucha|Acrobatics|p1a: Victini
|-damage|p1a: Victini|0 fnt
|faint|p1a: Victini
|
|win|Altestadores
|c| Kravein|i cant believe that only did %25
|leave|fbevvs
|leave|thespiritinthesky
|c|âaj112354|gg
|leave|TheAlmightyy
|leave|Lycon
|c| StrengthOfHeart|gg
|leave|mikko1
|c| Kravein|gg
|leave|Zarach
|leave|StrengthOfHeart
|c|âAltestadores|gg
|leave|Mollete
|c| Arcanine is Regal|-1 unstab neutral hit
|leave|bucador
|leave|gyarad0site
|leave|Kravein
|leave|Loser Best Fit
|leave|Monsey
|leave|AdityaKhuntia
|leave|Arcanine is Regal
|leave|Altestadores
|player|p2
|leave|Frickett
|leave|SamuraiSneasel
|leave|Pyrogon
|leave|Crieme Sorciere
|leave|GrizzleGround
|leave|Gros orteil
|leave|Ferocca