|join|Disorient5
|join|Altestadores
|player|p1|Disorient5|146
|player|p2|Altestadores|286
|gametype|singles
|gen|6
|tier|OU
|clearpoke
|poke|p1|Metagross
|poke|p1|Greninja, F, shiny
|poke|p1|Rotom-Wash
|poke|p1|Landorus-Therian, M
|poke|p1|Latios, M
|poke|p1|Garchomp, M
|poke|p2|Tyranitar, M
|poke|p2|Terrakion
|poke|p2|Raikou
|poke|p2|Skarmory, M
|poke|p2|Amoonguss, M
|poke|p2|Charizard, M
|rule|Swagger Clause: Swagger is banned
|rule|Baton Pass Clause: Limit one PokÃ©mon knowing Baton Pass
|rule|Sleep Clause Mod: Limit one foe put to sleep
|rule|Species Clause: Limit one of each PokÃ©mon
|rule|OHKO Clause: OHKO moves are banned
|rule|Moody Clause: Moody is banned
|rule|Evasion Moves Clause: Evasion moves are banned
|rule|Endless Battle Clause: Forcing endless battles is banned
|rule|HP Percentage Mod: HP is shown in percentages
|teampreview
|join|Ferocca
|join|Furlow
|
|start
|switch|p1a: Rotom-Wash|Rotom-Wash|304\/304
|switch|p2a: Skarmory|Skarmory, M|334\/334
|turn|1
|
|switch|p2a: Raikou|Raikou|322\/322
|-ability|p2a: Raikou|Pressure
|move|p1a: Rotom-Wash|Volt Switch|p2a: Raikou
|-resisted|p2a: Raikou
|-damage|p2a: Raikou|292\/322
|
|switch|p1a: Landorus-Therian|Landorus-Therian, M|319\/319
|-ability|p1a: Landorus-Therian|Intimidate|[of] p2a: Raikou
|-unboost|p2a: Raikou|atk|1
|
|turn|2
|
|switch|p2a: Amoonguss|Amoonguss, M|432\/432
|move|p1a: Landorus-Therian|U-turn|p2a: Amoonguss
|-damage|p2a: Amoonguss|346\/432
|
|switch|p1a: Latios|Latios, M|299\/299
|
|-heal|p2a: Amoonguss|373\/432|[from] item: Black Sludge
|turn|3
|join|AdityaKhuntia
|
|switch|p1a: Metagross|Metagross|301\/301
|switch|p2a: Tyranitar|Tyranitar, M|342\/342
|-weather|Sandstorm
|
|-weather|Sandstorm|[upkeep]
|turn|4
|join|pkpwoopwe
|
|detailschange|p1a: Metagross|Metagross-Mega
|message|Metagross has Mega Evolved into Mega Metagross!
|move|p2a: Tyranitar|Crunch|p1a: Metagross
|-supereffective|p1a: Metagross
|-damage|p1a: Metagross|83\/301
|-unboost|p1a: Metagross|def|1
|move|p1a: Metagross|Hammer Arm|p2a: Tyranitar
|-supereffective|p2a: Tyranitar
|-damage|p2a: Tyranitar|0 fnt
|-unboost|p1a: Metagross|spe|1
|faint|p2a: Tyranitar
|
|-weather|Sandstorm|[upkeep]
|
|switch|p2a: Charizard|Charizard, M|307\/307
|turn|5
|join|Exiline
|c| AdityaKhuntia|No earthquake
|join|Mollete
|join|Ly0k0
|
|detailschange|p2a: Charizard|Charizard-Mega-Y, M
|message|Charizard has Mega Evolved into Mega Charizard!
|-weather|SunnyDay
|move|p2a: Charizard|Fire Blast|p1a: Metagross
|-supereffective|p1a: Metagross
|-damage|p1a: Metagross|0 fnt
|faint|p1a: Metagross
|
|-weather|SunnyDay|[upkeep]
|join|Necrolite
|
|switch|p1a: Latios|Latios, M|299\/299
|turn|6
|leave|Mollete
|
|switch|p2a: Raikou|Raikou|292\/322
|-ability|p2a: Raikou|Pressure
|move|p1a: Latios|Calm Mind|p1a: Latios
|-boost|p1a: Latios|spa|1
|-boost|p1a: Latios|spd|1
|
|-weather|SunnyDay|[upkeep]
|turn|7
|c| Exiline|wow CM tios
|
|move|p2a: Raikou|Volt Switch|p1a: Latios
|-resisted|p1a: Latios
|-damage|p1a: Latios|261\/299
|
|switch|p2a: Skarmory|Skarmory, M|334\/334
|move|p1a: Latios|Psyshock|p2a: Skarmory
|-resisted|p2a: Skarmory
|-damage|p2a: Skarmory|260\/334
|-damage|p1a: Latios|232\/299|[from] item: Life Orb
|
|-weather|SunnyDay|[upkeep]
|turn|8
|join|Mollete
|
|move|p1a: Latios|Hidden Power|p2a: Skarmory
|-supereffective|p2a: Skarmory
|-damage|p2a: Skarmory|0 fnt
|-damage|p1a: Latios|203\/299|[from] item: Life Orb
|faint|p2a: Skarmory
|
|-weather|SunnyDay|[upkeep]
|
|switch|p2a: Terrakion|Terrakion|323\/323
|turn|9
|
|switch|p1a: Landorus-Therian|Landorus-Therian, M|319\/319
|-ability|p1a: Landorus-Therian|Intimidate|[of] p2a: Terrakion
|-unboost|p2a: Terrakion|atk|1
|move|p2a: Terrakion|X-Scissor|p1a: Landorus-Therian
|-resisted|p1a: Landorus-Therian
|-damage|p1a: Landorus-Therian|287\/319
|
|-weather|none
|turn|10
|
|switch|p2a: Amoonguss|Amoonguss, M|432\/432
|move|p1a: Landorus-Therian|U-turn|p2a: Amoonguss
|-damage|p2a: Amoonguss|351\/432
|
|switch|p1a: Latios|Latios, M|203\/299
|
|-heal|p2a: Amoonguss|378\/432|[from] item: Black Sludge
|turn|11
|
|switch|p2a: Raikou|Raikou|292\/322
|-ability|p2a: Raikou|Pressure
|move|p1a: Latios|Psyshock|p2a: Raikou
|-damage|p2a: Raikou|72\/322
|-damage|p1a: Latios|174\/299|[from] item: Life Orb
|
|turn|12
|leave|Furlow
|
|switch|p1a: Rotom-Wash|Rotom-Wash|304\/304
|move|p2a: Raikou|Hidden Power|p1a: Rotom-Wash
|-resisted|p1a: Rotom-Wash
|-damage|p1a: Rotom-Wash|277\/304
|
|-heal|p1a: Rotom-Wash|296\/304|[from] item: Leftovers
|turn|13
|
|move|p2a: Raikou|Volt Switch|p1a: Rotom-Wash
|-crit|p1a: Rotom-Wash
|-damage|p1a: Rotom-Wash|140\/304
|
|switch|p2a: Amoonguss|Amoonguss, M|432\/432
|move|p1a: Rotom-Wash|Volt Switch|p2a: Amoonguss
|-resisted|p2a: Amoonguss
|-damage|p2a: Amoonguss|377\/432
|
|switch|p1a: Latios|Latios, M|174\/299
|
|-heal|p2a: Amoonguss|404\/432|[from] item: Black Sludge
|turn|14
|
|move|p1a: Latios|Psyshock|p2a: Amoonguss
|-supereffective|p2a: Amoonguss
|-damage|p2a: Amoonguss|58\/432
|-damage|p1a: Latios|145\/299|[from] item: Life Orb
|move|p2a: Amoonguss|Spore|p1a: Latios
|-status|p1a: Latios|slp
|
|-heal|p2a: Amoonguss|85\/432|[from] item: Black Sludge
|turn|15
|
|cant|p1a: Latios|slp
|move|p2a: Amoonguss|Giga Drain|p1a: Latios
|-resisted|p1a: Latios
|-damage|p1a: Latios|109\/299 slp
|-heal|p2a: Amoonguss|103\/432|[from] drain|[of] p1a: Latios
|
|-heal|p2a: Amoonguss|130\/432|[from] item: Black Sludge
|turn|16
|leave|Mollete
|
|cant|p1a: Latios|slp
|move|p2a: Amoonguss|Clear Smog|p1a: Latios
|-damage|p1a: Latios|58\/299 slp
|-clearboost|p1a: Latios
|
|-heal|p2a: Amoonguss|157\/432|[from] item: Black Sludge
|turn|17
|
|-curestatus|p1a: Latios|slp
|move|p1a: Latios|Psyshock|p2a: Amoonguss
|-supereffective|p2a: Amoonguss
|-damage|p2a: Amoonguss|0 fnt
|-damage|p1a: Latios|29\/299|[from] item: Life Orb
|faint|p2a: Amoonguss
|
|
|switch|p2a: Raikou|Raikou|72\/322
|-ability|p2a: Raikou|Pressure
|turn|18
|
|switch|p1a: Rotom-Wash|Rotom-Wash|140\/304
|move|p2a: Raikou|Hidden Power|p1a: Rotom-Wash
|-resisted|p1a: Rotom-Wash
|-damage|p1a: Rotom-Wash|113\/304
|
|-heal|p1a: Rotom-Wash|132\/304|[from] item: Leftovers
|turn|19
|
|move|p2a: Raikou|Thunderbolt|p1a: Rotom-Wash
|-damage|p1a: Rotom-Wash|0 fnt
|faint|p1a: Rotom-Wash
|
|
|switch|p1a: Greninja|Greninja, F, shiny|285\/285
|turn|20
|
|move|p1a: Greninja|U-turn|p2a: Raikou
|-start|p1a: Greninja|typechange|Bug|[from] Protean
|-damage|p2a: Raikou|0 fnt
|-damage|p1a: Greninja|257\/285|[from] item: Life Orb
|faint|p2a: Raikou
|
|switch|p1a: Landorus-Therian|Landorus-Therian, M|287\/319
|
|
|switch|p2a: Charizard|Charizard-Mega-Y, M|307\/307
|-weather|SunnyDay
|turn|21
|join|dkcool
|
|move|p1a: Landorus-Therian|Stone Edge|p2a: Charizard
|-supereffective|p2a: Charizard
|-damage|p2a: Charizard|0 fnt
|faint|p2a: Charizard
|
|-weather|SunnyDay|[upkeep]
|
|switch|p2a: Terrakion|Terrakion|323\/323
|turn|22
|c|âAltestadores|seems to be outdated shit
|
|switch|p1a: Latios|Latios, M|29\/299
|move|p2a: Terrakion|Stone Edge|p1a: Latios
|-damage|p1a: Latios|0 fnt
|faint|p1a: Latios
|
|-weather|SunnyDay|[upkeep]
|join|Mollete
|
|switch|p1a: Landorus-Therian|Landorus-Therian, M|287\/319
|-ability|p1a: Landorus-Therian|Intimidate|[of] p2a: Terrakion
|-unboost|p2a: Terrakion|atk|1
|turn|23
|
|move|p2a: Terrakion|Stone Edge|p1a: Landorus-Therian
|-damage|p1a: Landorus-Therian|161\/319
|move|p1a: Landorus-Therian|Earthquake|p2a: Terrakion
|-supereffective|p2a: Terrakion
|-damage|p2a: Terrakion|0 fnt
|faint|p2a: Terrakion
|
|win|Disorient5
|c|âDisorient5|Gg
|leave|Exiline