|join|Reverb
|join|Altestadores
|player|p1|Reverb|#reverb
|player|p2|Altestadores|39
|gametype|singles
|gen|6
|tier|OU
|rated
|clearpoke
|poke|p1|Skarmory, F
|poke|p1|Chansey, F
|poke|p1|Sableye, F
|poke|p1|Quagsire, F
|poke|p1|Cresselia, F
|poke|p1|Gothitelle, M
|poke|p2|Garchomp, M
|poke|p2|Bisharp, M, shiny
|poke|p2|Gengar, M
|poke|p2|Landorus-Therian, M
|poke|p2|Serperior, M
|poke|p2|Scizor, M
|rule|Swagger Clause: Swagger is banned
|rule|Baton Pass Clause: Limit one PokÃ©mon knowing Baton Pass
|rule|Sleep Clause Mod: Limit one foe put to sleep
|rule|Species Clause: Limit one of each PokÃ©mon
|rule|OHKO Clause: OHKO moves are banned
|rule|Moody Clause: Moody is banned
|rule|Evasion Moves Clause: Evasion moves are banned
|rule|Endless Battle Clause: Forcing endless battles is banned
|rule|HP Percentage Mod: HP is shown in percentages
|teampreview
|join|CleanerThanRotom-W
|join|Cosine180
|leave|CleanerThanRotom-W
|join|anchorage
|join|Swallowed Up
|join|Hashtag Hungryâ¥
|c| Cosine180|ah finally someone has a serperior
|c| Cosine180|vs this
|c|âAltestadores|ah
|c|âAltestadores|finally
|c|âAltestadores|i met
|c|âAltestadores|the guy
|
|start
|switch|p1a: Sableye|Sableye, F|304\/304
|switch|p2a: Garchomp|Garchomp, M|361\/361
|turn|1
|c|âAltestadores|i had no clue
|join|Ebinola
|c|âAltestadores|who he was
|c|âAltestadores|when i saw
|c|âAltestadores|the potw
|c|âAltestadores|thread
|c|âReverb|lol
|
|detailschange|p1a: Sableye|Sableye-Mega, F
|-mega|p1a: Sableye|Sableye|Sablenite
|move|p1a: Sableye|Will-O-Wisp|p2a: Garchomp
|-status|p2a: Garchomp|brn
|move|p2a: Garchomp|Swords Dance|p2a: Garchomp
|-boost|p2a: Garchomp|atk|2
|
|-damage|p2a: Garchomp|316\/361 brn|[from] brn
|turn|2
|
|move|p2a: Garchomp|Swords Dance|p2a: Garchomp
|-boost|p2a: Garchomp|atk|2
|move|p1a: Sableye|Snarl|p2a: Garchomp
|-damage|p2a: Garchomp|246\/361 brn
|-unboost|p2a: Garchomp|spa|1
|
|-damage|p2a: Garchomp|201\/361 brn|[from] brn
|turn|3
|
|switch|p1a: Skarmory|Skarmory, F|334\/334
|move|p2a: Garchomp|Earthquake|p1a: Skarmory
|-immune|p1a: Skarmory|[msg]
|
|-damage|p2a: Garchomp|156\/361 brn|[from] brn
|turn|4
|
|switch|p1a: Sableye|Sableye-Mega, F|304\/304
|move|p2a: Garchomp|Swords Dance|p2a: Garchomp
|-boost|p2a: Garchomp|atk|2
|
|-damage|p2a: Garchomp|111\/361 brn|[from] brn
|turn|5
|
|move|p2a: Garchomp|Stealth Rock|p1a: Sableye
|move|p1a: Sableye|Stealth Rock|p2a: Garchomp|[from]Magic Bounce
|-sidestart|p2: Altestadores|move: Stealth Rock
|move|p1a: Sableye|Recover|p1a: Sableye
|-fail|p1a: Sableye
|
|-damage|p2a: Garchomp|66\/361 brn|[from] brn
|turn|6
|
|move|p2a: Garchomp|Earthquake|p1a: Sableye
|-damage|p1a: Sableye|54\/304
|move|p1a: Sableye|Recover|p1a: Sableye
|-heal|p1a: Sableye|206\/304
|
|-damage|p2a: Garchomp|21\/361 brn|[from] brn
|turn|7
|c| Ebinola|there are people
|c| Ebinola|who legitimately think
|c| Ebinola|that serperior is viable in ou
|
|move|p2a: Garchomp|Stealth Rock|p1a: Sableye
|move|p1a: Sableye|Stealth Rock|p2a: Garchomp|[from]Magic Bounce
|-fail|p2a: Garchomp
|move|p1a: Sableye|Recover|p1a: Sableye
|-heal|p1a: Sableye|304\/304
|
|-damage|p2a: Garchomp|0 fnt|[from] brn
|faint|p2a: Garchomp
|join|Bloodz
|c|âReverb|it has a niche
|
|switch|p2a: Serperior|Serperior, M|291\/291
|-damage|p2a: Serperior|255\/291|[from] Stealth Rock
|turn|8
|
|switch|p1a: Gothitelle|Gothitelle, M|301\/301
|move|p2a: Serperior|Leaf Storm|p1a: Gothitelle
|-damage|p1a: Gothitelle|150\/301
|-boost|p2a: Serperior|spa|2
|
|turn|9
|
|move|p1a: Gothitelle|Trick|p2a: Serperior
|-activate|p1a: Gothitelle|move: Trick|[of] p2a: Serperior
|-item|p2a: Serperior|Choice Scarf|[from] move: Trick
|-item|p1a: Gothitelle|Meadow Plate|[from] move: Trick
|move|p2a: Serperior|Leaf Storm|p1a: Gothitelle
|-damage|p1a: Gothitelle|0 fnt
|-boost|p2a: Serperior|spa|2
|faint|p1a: Gothitelle
|
|
|switch|p1a: Chansey|Chansey, F|642\/642
|turn|10
|
|move|p2a: Serperior|Leaf Storm|p1a: Chansey
|-damage|p1a: Chansey|399\/642
|-boost|p2a: Serperior|spa|2
|move|p1a: Chansey|Soft-Boiled|p1a: Chansey
|-heal|p1a: Chansey|642\/642
|
|turn|11
|
|move|p2a: Serperior|Leaf Storm|p1a: Chansey
|-damage|p1a: Chansey|326\/642
|move|p1a: Chansey|Soft-Boiled|p1a: Chansey
|-heal|p1a: Chansey|642\/642
|
|turn|12
|
|switch|p2a: Bisharp|Bisharp, M, shiny|291\/291
|-damage|p2a: Bisharp|273\/291|[from] Stealth Rock
|move|p1a: Chansey|Soft-Boiled|p1a: Chansey
|-fail|p1a: Chansey
|
|turn|13
|join|Alvadora
|
|switch|p1a: Skarmory|Skarmory, F|334\/334
|move|p2a: Bisharp|Knock Off|p1a: Skarmory
|-damage|p1a: Skarmory|225\/334
|-enditem|p1a: Skarmory|Shed Shell|[from] move: Knock Off|[of] p2a: Bisharp
|
|turn|14
|
|move|p2a: Bisharp|Swords Dance|p2a: Bisharp
|-boost|p2a: Bisharp|atk|2
|move|p1a: Skarmory|Spikes|p2a: Bisharp
|-sidestart|p2: Altestadores|Spikes
|
|turn|15
|
|switch|p1a: Quagsire|Quagsire, F|394\/394
|move|p2a: Bisharp|Knock Off|p1a: Quagsire
|-damage|p1a: Quagsire|228\/394
|-enditem|p1a: Quagsire|Leftovers|[from] move: Knock Off|[of] p2a: Bisharp
|
|turn|16
|
|move|p2a: Bisharp|Iron Head|p1a: Quagsire
|-resisted|p1a: Quagsire
|-damage|p1a: Quagsire|156\/394
|move|p1a: Quagsire|Recover|p1a: Quagsire
|-heal|p1a: Quagsire|353\/394
|
|turn|17
|
|move|p2a: Bisharp|Iron Head|p1a: Quagsire
|-resisted|p1a: Quagsire
|-damage|p1a: Quagsire|289\/394
|move|p1a: Quagsire|Earthquake|p2a: Bisharp
|-supereffective|p2a: Bisharp
|-damage|p2a: Bisharp|67\/291
|
|turn|18
|
|move|p2a: Bisharp|Iron Head|p1a: Quagsire
|-resisted|p1a: Quagsire
|-damage|p1a: Quagsire|225\/394
|move|p1a: Quagsire|Recover|p1a: Quagsire
|-heal|p1a: Quagsire|394\/394
|
|turn|19
|
|move|p2a: Bisharp|Knock Off|p1a: Quagsire
|-damage|p1a: Quagsire|280\/394
|move|p1a: Quagsire|Earthquake|p2a: Bisharp
|-supereffective|p2a: Bisharp
|-damage|p2a: Bisharp|0 fnt
|faint|p2a: Bisharp
|
|
|switch|p2a: Gengar|Gengar, M|261\/261
|-damage|p2a: Gengar|229\/261|[from] Stealth Rock
|turn|20
|
|switch|p1a: Sableye|Sableye-Mega, F|304\/304
|move|p2a: Gengar|Focus Blast|p1a: Sableye
|-immune|p1a: Sableye|[msg]
|
|turn|21
|
|move|p2a: Gengar|Shadow Ball|p1a: Sableye
|-damage|p1a: Sableye|125\/304
|-damage|p2a: Gengar|203\/261|[from] item: Life Orb
|move|p1a: Sableye|Snarl|p2a: Gengar
|-supereffective|p2a: Gengar
|-damage|p2a: Gengar|65\/261
|-unboost|p2a: Gengar|spa|1
|
|turn|22
|
|switch|p2a: Scizor|Scizor, M|291\/291
|-damage|p2a: Scizor|255\/291|[from] Spikes
|-damage|p2a: Scizor|219\/291|[from] Stealth Rock
|move|p1a: Sableye|Recover|p1a: Sableye
|-heal|p1a: Sableye|277\/304
|
|turn|23
|
|switch|p1a: Skarmory|Skarmory, F|225\/334
|detailschange|p2a: Scizor|Scizor-Mega, M
|-mega|p2a: Scizor|Scizor|Scizorite
|move|p2a: Scizor|Bug Bite|p1a: Skarmory
|-resisted|p1a: Skarmory
|-damage|p1a: Skarmory|194\/334
|
|turn|24
|
|move|p2a: Scizor|Swords Dance|p2a: Scizor
|-boost|p2a: Scizor|atk|2
|move|p1a: Skarmory|Roost|p1a: Skarmory
|-heal|p1a: Skarmory|334\/334
|
|turn|25
|
|move|p2a: Scizor|Bug Bite|p1a: Skarmory
|-resisted|p1a: Skarmory
|-damage|p1a: Skarmory|270\/334
|move|p1a: Skarmory|Spikes|p2a: Scizor
|-sidestart|p2: Altestadores|Spikes
|
|turn|26
|
|move|p2a: Scizor|Superpower|p1a: Skarmory
|-damage|p1a: Skarmory|63\/334
|-unboost|p2a: Scizor|atk|1
|-unboost|p2a: Scizor|def|1
|move|p1a: Skarmory|Roost|p1a: Skarmory
|-heal|p1a: Skarmory|230\/334
|
|turn|27
|
|move|p2a: Scizor|Swords Dance|p2a: Scizor
|-boost|p2a: Scizor|atk|2
|move|p1a: Skarmory|Roost|p1a: Skarmory
|-heal|p1a: Skarmory|334\/334
|
|turn|28
|
|move|p2a: Scizor|Superpower|p1a: Skarmory
|-crit|p1a: Skarmory
|-activate|p1a: Skarmory|Sturdy
|-damage|p1a: Skarmory|1\/334
|-unboost|p2a: Scizor|atk|1
|-unboost|p2a: Scizor|def|1
|move|p1a: Skarmory|Counter|p2a: Scizor
|-damage|p2a: Scizor|0 fnt
|faint|p2a: Scizor
|
|
|switch|p2a: Gengar|Gengar, M|65\/261
|-damage|p2a: Gengar|33\/261|[from] Stealth Rock
|turn|29
|
|move|p2a: Gengar|Shadow Ball|p1a: Skarmory
|-damage|p1a: Skarmory|0 fnt
|-damage|p2a: Gengar|7\/261|[from] item: Life Orb
|faint|p1a: Skarmory
|
|
|switch|p1a: Sableye|Sableye-Mega, F|277\/304
|turn|30
|
|move|p2a: Gengar|Sludge Wave|p1a: Sableye
|-resisted|p1a: Sableye
|-damage|p1a: Sableye|183\/304
|-damage|p2a: Gengar|0 fnt|[from] item: Life Orb
|faint|p2a: Gengar
|move|p1a: Sableye|Recover|p1a: Sableye
|-heal|p1a: Sableye|304\/304
|
|c|âAltestadores|i have nothing
|c|âAltestadores|to deal with stall
|c|âAltestadores|welp
|-message|Altestadores forfeited.
|
|win|Reverb
|raw|Ladder updating...
|leave|Altestadores
|player|p2
|raw|Reverb's rating: 1714 &rarr; <strong>1727<\/strong><br \/>(+13 for winning)
|raw|Altestadores's rating: 1586 &rarr; <strong>1573<\/strong><br \/>(-13 for losing)
|leave|Reverb
|player|p1
|leave|anchorage
|join|RagnarFR
|leave|RagnarFR
|join|Roi Venin BahaWin
|leave|Roi Venin BahaWin