|join|Altestadores
|join|Jawknee
|player|p1|Altestadores|286
|player|p2|Jawknee|100
|gametype|singles
|gen|6
|tier|OU (suspect test)
|rated
|clearpoke
|poke|p1|Garchomp, M
|poke|p1|Bisharp, M, shiny
|poke|p1|Azumarill, M
|poke|p1|Manectric, M
|poke|p1|Landorus-Therian, M
|poke|p1|Hawlucha, M
|poke|p2|Hitmonlee, M
|poke|p2|Ferrothorn, M
|poke|p2|Altaria, F
|poke|p2|Gyarados, F, shiny
|poke|p2|Crawdaunt, M
|poke|p2|Excadrill, F
|rule|Swagger Clause: Swagger is banned
|rule|Baton Pass Clause: Limit one PokÃ©mon knowing Baton Pass
|rule|Sleep Clause Mod: Limit one foe put to sleep
|rule|Species Clause: Limit one of each PokÃ©mon
|rule|OHKO Clause: OHKO moves are banned
|rule|Moody Clause: Moody is banned
|rule|Evasion Moves Clause: Evasion moves are banned
|rule|Endless Battle Clause: Forcing endless battles is banned
|rule|HP Percentage Mod: HP is shown in percentages
|teampreview
|
|start
|switch|p1a: Garchomp|Garchomp, M|361\/361
|switch|p2a: Ferrothorn|Ferrothorn, M|352\/352
|turn|1
|
|move|p1a: Garchomp|Swords Dance|p1a: Garchomp
|-boost|p1a: Garchomp|atk|2
|move|p2a: Ferrothorn|Stealth Rock|p1a: Garchomp
|-sidestart|p1: Altestadores|move: Stealth Rock
|
|turn|2
|
|move|p1a: Garchomp|Earthquake|p2a: Ferrothorn
|-damage|p2a: Ferrothorn|96\/352
|move|p2a: Ferrothorn|Leech Seed|p1a: Garchomp
|-start|p1a: Garchomp|move: Leech Seed
|
|-damage|p1a: Garchomp|316\/361|[from] Leech Seed|[of] p2a: Ferrothorn
|-heal|p2a: Ferrothorn|141\/352|[silent]
|turn|3
|
|switch|p2a: Gyarados|Gyarados, F, shiny|359\/359
|-ability|p2a: Gyarados|Intimidate|[of] p1a: Garchomp
|-unboost|p1a: Garchomp|atk|1
|move|p1a: Garchomp|Stealth Rock|p2a: Gyarados
|-sidestart|p2: Jawknee|move: Stealth Rock
|
|-damage|p1a: Garchomp|271\/361|[from] Leech Seed|[of] p2a: Gyarados
|turn|4
|
|switch|p2a: Ferrothorn|Ferrothorn, M|141\/352
|-damage|p2a: Ferrothorn|119\/352|[from] Stealth Rock
|move|p1a: Garchomp|Outrage|p2a: Ferrothorn
|-resisted|p2a: Ferrothorn
|-damage|p2a: Ferrothorn|12\/352
|-damage|p1a: Garchomp|226\/361|[from] ability: Iron Barbs|[of] p2a: Ferrothorn
|-damage|p1a: Garchomp|166\/361|[from] item: Rocky Helmet|[of] p2a: Ferrothorn
|
|-damage|p1a: Garchomp|121\/361|[from] Leech Seed|[of] p2a: Ferrothorn
|-heal|p2a: Ferrothorn|57\/352|[silent]
|turn|5
|
|move|p1a: Garchomp|Outrage|p2a: Ferrothorn
|-resisted|p2a: Ferrothorn
|-damage|p2a: Ferrothorn|0 fnt
|-damage|p1a: Garchomp|76\/361|[from] ability: Iron Barbs|[of] p2a: Ferrothorn
|-damage|p1a: Garchomp|16\/361|[from] item: Rocky Helmet|[of] p2a: Ferrothorn
|faint|p2a: Ferrothorn
|
|
|switch|p2a: Ms. Butter Worth|Altaria, F|307\/307
|-damage|p2a: Ms. Butter Worth|231\/307|[from] Stealth Rock
|turn|6
|
|detailschange|p2a: Ms. Butter Worth|Altaria-Mega, F
|-mega|p2a: Ms. Butter Worth|Altaria|Altarianite
|move|p1a: Garchomp|Outrage|p2a: Ms. Butter Worth
|-immune|p2a: Ms. Butter Worth|[msg]
|move|p2a: Ms. Butter Worth|Dragon Dance|p2a: Ms. Butter Worth
|-boost|p2a: Ms. Butter Worth|atk|1
|-boost|p2a: Ms. Butter Worth|spe|1
|
|-end|p1a: Garchomp|rampage
|-start|p1a: Garchomp|confusion
|-damage|p1a: Garchomp|0 fnt|[from] Leech Seed|[of] p2a: Ms. Butter Worth
|-heal|p2a: Ms. Butter Worth|247\/307|[silent]
|faint|p1a: Garchomp
|
|switch|p1a: Azumarill|Azumarill, M|399\/399
|-damage|p1a: Azumarill|350\/399|[from] Stealth Rock
|turn|7
|
|move|p2a: Ms. Butter Worth|Return|p1a: Azumarill
|-damage|p1a: Azumarill|0 fnt
|faint|p1a: Azumarill
|
|
|switch|p1a: Landorus-Therian|Landorus-Therian, M|325\/325
|-damage|p1a: Landorus-Therian|285\/325|[from] Stealth Rock
|-ability|p1a: Landorus-Therian|Intimidate|[of] p2a: Ms. Butter Worth
|-unboost|p2a: Ms. Butter Worth|atk|1
|turn|8
|
|move|p1a: Landorus-Therian|Earthquake|p2a: Ms. Butter Worth
|-damage|p2a: Ms. Butter Worth|70\/307
|move|p2a: Ms. Butter Worth|Dragon Dance|p2a: Ms. Butter Worth
|-boost|p2a: Ms. Butter Worth|atk|1
|-boost|p2a: Ms. Butter Worth|spe|1
|
|turn|9
|
|move|p2a: Ms. Butter Worth|Return|p1a: Landorus-Therian
|-damage|p1a: Landorus-Therian|0 fnt
|faint|p1a: Landorus-Therian
|
|
|switch|p1a: Manectric|Manectric, M|281\/281
|-damage|p1a: Manectric|246\/281|[from] Stealth Rock
|turn|10
|
|detailschange|p1a: Manectric|Manectric-Mega, M
|-mega|p1a: Manectric|Manectric|Manectite
|-ability|p1a: Manectric|Intimidate|[of] p2a: Ms. Butter Worth
|-unboost|p2a: Ms. Butter Worth|atk|1
|move|p2a: Ms. Butter Worth|Earthquake|p1a: Manectric
|-supereffective|p1a: Manectric
|-damage|p1a: Manectric|0 fnt
|faint|p1a: Manectric
|
|
|switch|p1a: Bisharp|Bisharp, M, shiny|291\/291
|-damage|p1a: Bisharp|273\/291|[from] Stealth Rock
|turn|11
|
|move|p2a: Ms. Butter Worth|Earthquake|p1a: Bisharp
|-supereffective|p1a: Bisharp
|-damage|p1a: Bisharp|63\/291
|move|p1a: Bisharp|Iron Head|p2a: Ms. Butter Worth
|-supereffective|p2a: Ms. Butter Worth
|-damage|p2a: Ms. Butter Worth|0 fnt
|faint|p2a: Ms. Butter Worth
|
|
|switch|p2a: Hitmonlee|Hitmonlee, M|242\/242
|-damage|p2a: Hitmonlee|227\/242|[from] Stealth Rock
|turn|12
|
|move|p2a: Hitmonlee|Fake Out|p1a: Bisharp
|-enditem|p2a: Hitmonlee|Normal Gem|[from] gem|[move] Fake Out
|-resisted|p1a: Bisharp
|-damage|p1a: Bisharp|32\/291
|cant|p1a: Bisharp|flinch
|
|turn|13
|
|move|p2a: Hitmonlee|Earthquake|p1a: Bisharp
|-supereffective|p1a: Bisharp
|-damage|p1a: Bisharp|0 fnt
|faint|p1a: Bisharp
|
|
|switch|p1a: Hawlucha|Hawlucha, M|300\/300
|-damage|p1a: Hawlucha|263\/300|[from] Stealth Rock
|turn|14
|
|move|p2a: Hitmonlee|Blaze Kick|p1a: Hawlucha
|-damage|p1a: Hawlucha|127\/300
|-enditem|p1a: Hawlucha|Sitrus Berry|[eat]
|-heal|p1a: Hawlucha|202\/300|[from] item: Sitrus Berry
|move|p1a: Hawlucha|Swords Dance|p1a: Hawlucha
|-boost|p1a: Hawlucha|atk|2
|
|turn|15
|
|move|p1a: Hawlucha|Acrobatics|p2a: Hitmonlee
|-supereffective|p2a: Hitmonlee
|-damage|p2a: Hitmonlee|0 fnt
|faint|p2a: Hitmonlee
|
|
|switch|p2a: Gyarados|Gyarados, F, shiny|359\/359
|-damage|p2a: Gyarados|270\/359|[from] Stealth Rock
|-ability|p2a: Gyarados|Intimidate|[of] p1a: Hawlucha
|-unboost|p1a: Hawlucha|atk|1
|turn|16
|
|move|p1a: Hawlucha|Acrobatics|p2a: Gyarados
|-damage|p2a: Gyarados|0 fnt
|faint|p2a: Gyarados
|
|
|switch|p2a: Excadrill|Excadrill, F|424\/424
|-damage|p2a: Excadrill|411\/424|[from] Stealth Rock
|-ability|p2a: Excadrill|Mold Breaker
|turn|17
|
|move|p1a: Hawlucha|High Jump Kick|p2a: Excadrill
|-supereffective|p2a: Excadrill
|-damage|p2a: Excadrill|0 fnt
|faint|p2a: Excadrill
|
|
|switch|p2a: Crawdaunt|Crawdaunt, M|268\/268
|-damage|p2a: Crawdaunt|235\/268|[from] Stealth Rock
|turn|18
|
|move|p2a: Crawdaunt|Aqua Jet|p1a: Hawlucha
|-damage|p1a: Hawlucha|82\/300
|move|p1a: Hawlucha|Acrobatics|p2a: Crawdaunt
|-damage|p2a: Crawdaunt|0 fnt
|faint|p2a: Crawdaunt
|
|win|Altestadores
|raw|Ladder updating...
|raw|Altestadores's rating: 1323 &rarr; <strong>1340<\/strong><br \/>(+17 for winning)
|raw|Jawknee's rating: 1264 &rarr; <strong>1243<\/strong><br \/>(-21 for losing)
|c|âJawknee|gg
|c|âAltestadores|amazing
|leave|Jawknee
|player|p2
|c|âAltestadores|gg