|join|Stiviou95
|join|Altestadores
|player|p1|Stiviou95|212
|player|p2|Altestadores|286
|gametype|singles
|gen|6
|tier|OU (suspect test)
|rated
|clearpoke
|poke|p1|Talonflame, F
|poke|p1|Gengar, M
|poke|p1|Heatran, F
|poke|p1|Metagross
|poke|p1|Garchomp, F
|poke|p1|Keldeo-Resolute, shiny
|poke|p2|Garchomp, M
|poke|p2|Bisharp, M, shiny
|poke|p2|Azumarill, M
|poke|p2|Manectric, M
|poke|p2|Landorus-Therian, M
|poke|p2|Hawlucha, M
|rule|Swagger Clause: Swagger is banned
|rule|Baton Pass Clause: Limit one PokÃ©mon knowing Baton Pass
|rule|Sleep Clause Mod: Limit one foe put to sleep
|rule|Species Clause: Limit one of each PokÃ©mon
|rule|OHKO Clause: OHKO moves are banned
|rule|Moody Clause: Moody is banned
|rule|Evasion Moves Clause: Evasion moves are banned
|rule|Endless Battle Clause: Forcing endless battles is banned
|rule|HP Percentage Mod: HP is shown in percentages
|teampreview
|
|start
|switch|p1a: Garchomp|Garchomp, F|358\/358
|switch|p2a: Garchomp|Garchomp, M|361\/361
|turn|1
|
|move|p1a: Garchomp|Outrage|p2a: Garchomp
|-supereffective|p2a: Garchomp
|-enditem|p2a: Garchomp|Focus Sash
|-damage|p2a: Garchomp|1\/361
|-damage|p1a: Garchomp|314\/358|[from] ability: Rough Skin|[of] p2a: Garchomp
|move|p2a: Garchomp|Stealth Rock|p1a: Garchomp
|-sidestart|p1: Stiviou95|move: Stealth Rock
|
|turn|2
|
|switch|p2a: Azumarill|Azumarill, M|371\/371
|move|p1a: Garchomp|Outrage|p2a: Azumarill
|-immune|p2a: Azumarill|[msg]
|
|-end|p1a: Garchomp|rampage
|-start|p1a: Garchomp|confusion
|-enditem|p1a: Garchomp|Lum Berry|[eat]
|-end|p1a: Garchomp|confusion
|turn|3
|
|move|p1a: Garchomp|Stealth Rock|p2a: Azumarill
|-sidestart|p2: Altestadores|move: Stealth Rock
|move|p2a: Azumarill|Play Rough|p1a: Garchomp
|-supereffective|p1a: Garchomp
|-damage|p1a: Garchomp|0 fnt
|-damage|p2a: Azumarill|325\/371|[from] ability: Rough Skin|[of] p1a: Garchomp
|faint|p1a: Garchomp
|
|
|switch|p1a: Gengar|Gengar, M|262\/262
|-damage|p1a: Gengar|230\/262|[from] Stealth Rock
|turn|4
|
|move|p1a: Gengar|Will-O-Wisp|p2a: Azumarill
|-status|p2a: Azumarill|brn
|move|p2a: Azumarill|Waterfall|p1a: Gengar
|-damage|p1a: Gengar|103\/262
|
|-damage|p2a: Azumarill|279\/371 brn|[from] brn
|turn|5
|
|move|p1a: Gengar|Giga Drain|p2a: Azumarill
|-supereffective|p2a: Azumarill
|-damage|p2a: Azumarill|110\/371 brn
|-heal|p1a: Gengar|188\/262|[from] drain|[of] p2a: Azumarill
|-damage|p1a: Gengar|162\/262|[from] item: Life Orb
|move|p2a: Azumarill|Waterfall|p1a: Gengar
|-damage|p1a: Gengar|42\/262
|
|-damage|p2a: Azumarill|64\/371 brn|[from] brn
|turn|6
|
|move|p2a: Azumarill|Aqua Jet|p1a: Gengar
|-damage|p1a: Gengar|0 fnt
|faint|p1a: Gengar
|
|-damage|p2a: Azumarill|18\/371 brn|[from] brn
|
|switch|p1a: Keldeo-Resolute|Keldeo-Resolute, shiny|323\/323
|-damage|p1a: Keldeo-Resolute|303\/323|[from] Stealth Rock
|turn|7
|
|move|p1a: Keldeo-Resolute|Scald|p2a: Azumarill
|-resisted|p2a: Azumarill
|-damage|p2a: Azumarill|0 fnt
|faint|p2a: Azumarill
|
|
|switch|p2a: Landorus-Therian|Landorus-Therian, M|325\/325
|-damage|p2a: Landorus-Therian|285\/325|[from] Stealth Rock
|-ability|p2a: Landorus-Therian|Intimidate|[of] p1a: Keldeo-Resolute
|-unboost|p1a: Keldeo-Resolute|atk|1
|turn|8
|
|move|p2a: Landorus-Therian|U-turn|p1a: Keldeo-Resolute
|-crit|p1a: Keldeo-Resolute
|-resisted|p1a: Keldeo-Resolute
|-damage|p1a: Keldeo-Resolute|231\/323
|
|switch|p2a: Garchomp|Garchomp, M|1\/361
|-damage|p2a: Garchomp|0 fnt|[from] Stealth Rock
|faint|p2a: Garchomp
|move|p1a: Keldeo-Resolute|Scald|p2: Garchomp|[notarget]
|-notarget
|
|
|switch|p2a: Landorus-Therian|Landorus-Therian, M|285\/325
|-damage|p2a: Landorus-Therian|245\/325|[from] Stealth Rock
|-ability|p2a: Landorus-Therian|Intimidate|[of] p1a: Keldeo-Resolute
|-unboost|p1a: Keldeo-Resolute|atk|1
|turn|9
|
|move|p2a: Landorus-Therian|U-turn|p1a: Keldeo-Resolute
|-resisted|p1a: Keldeo-Resolute
|-damage|p1a: Keldeo-Resolute|182\/323
|
|switch|p2a: Bisharp|Bisharp, M, shiny|291\/291
|-damage|p2a: Bisharp|273\/291|[from] Stealth Rock
|move|p1a: Keldeo-Resolute|Scald|p2a: Bisharp
|-damage|p2a: Bisharp|5\/291
|-status|p2a: Bisharp|brn
|-enditem|p2a: Bisharp|Lum Berry|[eat]
|-curestatus|p2a: Bisharp|brn
|
|turn|10
|
|move|p2a: Bisharp|Sucker Punch|p1a: Keldeo-Resolute
|-resisted|p1a: Keldeo-Resolute
|-damage|p1a: Keldeo-Resolute|106\/323
|-boost|p1a: Keldeo-Resolute|atk|1|[from] ability: Justified
|move|p1a: Keldeo-Resolute|Scald|p2a: Bisharp
|-damage|p2a: Bisharp|0 fnt
|faint|p2a: Bisharp
|
|
|switch|p2a: Landorus-Therian|Landorus-Therian, M|245\/325
|-damage|p2a: Landorus-Therian|205\/325|[from] Stealth Rock
|-ability|p2a: Landorus-Therian|Intimidate|[of] p1a: Keldeo-Resolute
|-unboost|p1a: Keldeo-Resolute|atk|1
|turn|11
|
|switch|p1a: Heatran|Heatran, F|324\/324
|-damage|p1a: Heatran|284\/324|[from] Stealth Rock
|-item|p1a: Heatran|Air Balloon
|move|p2a: Landorus-Therian|Earthquake|p1a: Heatran
|-immune|p1a: Heatran|[msg]
|
|turn|12
|
|switch|p2a: Hawlucha|Hawlucha, M|300\/300
|-damage|p2a: Hawlucha|263\/300|[from] Stealth Rock
|move|p1a: Heatran|Lava Plume|p2a: Hawlucha
|-crit|p2a: Hawlucha
|-damage|p2a: Hawlucha|0 fnt
|faint|p2a: Hawlucha
|
|c|âAltestadores|nice 1
|join|SuperSmoke
|
|switch|p2a: Manectric|Manectric, M|281\/281
|-damage|p2a: Manectric|246\/281|[from] Stealth Rock
|turn|13
|join|El-Soldier
|
|detailschange|p2a: Manectric|Manectric-Mega, M
|-mega|p2a: Manectric|Manectric|Manectite
|-ability|p2a: Manectric|Intimidate|[of] p1a: Heatran
|-unboost|p1a: Heatran|atk|1
|move|p2a: Manectric|Volt Switch|p1a: Heatran
|-damage|p1a: Heatran|166\/324
|-enditem|p1a: Heatran|Air Balloon
|
|switch|p2a: Landorus-Therian|Landorus-Therian, M|205\/325
|-damage|p2a: Landorus-Therian|165\/325|[from] Stealth Rock
|-ability|p2a: Landorus-Therian|Intimidate|[of] p1a: Heatran
|-unboost|p1a: Heatran|atk|1
|move|p1a: Heatran|Lava Plume|p2a: Landorus-Therian
|-damage|p2a: Landorus-Therian|0 fnt
|faint|p2a: Landorus-Therian
|
|
|switch|p2a: Manectric|Manectric-Mega, M|246\/281
|-damage|p2a: Manectric|211\/281|[from] Stealth Rock
|-ability|p2a: Manectric|Intimidate|[of] p1a: Heatran
|-unboost|p1a: Heatran|atk|1
|turn|14
|c|âStiviou95|love heatran <3
|
|move|p2a: Manectric|Thunderbolt|p1a: Heatran
|-damage|p1a: Heatran|0 fnt
|faint|p1a: Heatran
|
|c|âAltestadores|fuck you
|
|switch|p1a: Metagross|Metagross|302\/302
|-damage|p1a: Metagross|284\/302|[from] Stealth Rock
|turn|15
|c|âStiviou95|LOOL
|
|move|p2a: Manectric|Overheat|p1a: Metagross
|-supereffective|p1a: Metagross
|-damage|p1a: Metagross|0 fnt
|-unboost|p2a: Manectric|spa|2
|faint|p1a: Metagross
|
|
|switch|p1a: Talonflame|Talonflame, F|360\/360
|-damage|p1a: Talonflame|180\/360|[from] Stealth Rock
|turn|16
|
|move|p1a: Talonflame|Brave Bird|p2a: Manectric
|-resisted|p2a: Manectric
|-damage|p2a: Manectric|54\/281
|-damage|p1a: Talonflame|128\/360|[from] recoil|[of] p2a: Manectric
|move|p2a: Manectric|Thunderbolt|p1a: Talonflame
|-supereffective|p1a: Talonflame
|-damage|p1a: Talonflame|0 fnt
|faint|p1a: Talonflame
|
|
|switch|p1a: Keldeo-Resolute|Keldeo-Resolute, shiny|106\/323
|-damage|p1a: Keldeo-Resolute|86\/323|[from] Stealth Rock
|turn|17
|
|move|p2a: Manectric|Thunderbolt|p1a: Keldeo-Resolute
|-supereffective|p1a: Keldeo-Resolute
|-damage|p1a: Keldeo-Resolute|0 fnt
|faint|p1a: Keldeo-Resolute
|
|win|Altestadores
|raw|Ladder updating...
|c|âAltestadores|LOVE MANECTRIC
|raw|Stiviou95's rating: 1272 &rarr; <strong>1252<\/strong><br \/>(-20 for losing)
|raw|Altestadores's rating: 1344 &rarr; <strong>1360<\/strong><br \/>(+16 for winning)
|c|âStiviou95|GG
|leave|Altestadores
|player|p2
|join|Altestadores