|inactive|Battle timer is ON: inactive players will automatically lose when time's up.
|J|namehtmas
|J|Altestadores
|player|p1|namehtmas|167
|player|p2|Altestadores|286
|gametype|singles
|gen|6
|tier|OU
|clearpoke
|poke|p1|Altaria, F
|poke|p1|Jirachi
|poke|p1|Talonflame, M
|poke|p1|Latias, F
|poke|p1|Hippowdon, M
|poke|p1|Keldeo
|poke|p2|Garchomp, M
|poke|p2|Bisharp, M, shiny
|poke|p2|Azumarill, M
|poke|p2|Landorus-Therian, M
|poke|p2|Manectric, M
|poke|p2|Hawlucha, M
|rule|Swagger Clause: Swagger is banned
|rule|Baton Pass Clause: Limit one PokÃ©mon knowing Baton Pass
|rule|Sleep Clause Mod: Limit one foe put to sleep
|rule|Species Clause: Limit one of each PokÃ©mon
|rule|OHKO Clause: OHKO moves are banned
|rule|Moody Clause: Moody is banned
|rule|Evasion Moves Clause: Evasion moves are banned
|rule|Endless Battle Clause: Forcing endless battles is banned
|rule|HP Percentage Mod: HP is shown in percentages
|teampreview
|J|Finchinator
|J|ULT Toenail
|J|Imanalt
|J|majaspic22
|J|le fauci
|c|âAltestadores|hf
|J|Extinct
|J|Moony
|J|Lockheeed
|J|Maverrr
|J|Goddess Martel
|J|craing ;_;
|J|Vohlt
|c|+Finchinator|sam dont lose
|J|Cienight
|
|start
|switch|p1a: Hippowdon|Hippowdon, M|420\/420
|switch|p2a: Garchomp|Garchomp, M|361\/361
|turn|1
|
|move|p2a: Garchomp|Stealth Rock|p1a: Hippowdon
|-sidestart|p1: namehtmas|move: Stealth Rock
|move|p1a: Hippowdon|Stealth Rock|p2a: Garchomp
|-sidestart|p2: Altestadores|move: Stealth Rock
|
|turn|2
|
|move|p2a: Garchomp|Swords Dance|p2a: Garchomp
|-boost|p2a: Garchomp|atk|2
|move|p1a: Hippowdon|Whirlwind|p2a: Garchomp
|drag|p2a: Azumarill|Azumarill, M|399\/399
|-damage|p2a: Azumarill|350\/399|[from] Stealth Rock
|
|turn|3
|J|iMeridian
|L|Imanalt
|J|Noriya
|c| Noriya|ost?
|c|âAltestadores|y
|L|Extinct
|
|switch|p1a: Jirachi|Jirachi|404\/404
|-damage|p1a: Jirachi|379\/404|[from] Stealth Rock
|move|p2a: Azumarill|Waterfall|p1a: Jirachi
|-damage|p1a: Jirachi|217\/404
|
|-heal|p1a: Jirachi|242\/404|[from] item: Leftovers
|turn|4
|
|switch|p2a: Bisharp|Bisharp, M, shiny|291\/291
|-damage|p2a: Bisharp|273\/291|[from] Stealth Rock
|move|p1a: Jirachi|Iron Head|p2a: Bisharp
|-crit|p2a: Bisharp
|-resisted|p2a: Bisharp
|-damage|p2a: Bisharp|198\/291
|
|-heal|p1a: Jirachi|267\/404|[from] item: Leftovers
|turn|5
|
|move|p1a: Jirachi|Substitute|p1a: Jirachi
|-start|p1a: Jirachi|Substitute
|-damage|p1a: Jirachi|166\/404
|move|p2a: Bisharp|Knock Off|p1a: Jirachi
|-supereffective|p1a: Jirachi
|-end|p1a: Jirachi|Substitute
|
|-heal|p1a: Jirachi|191\/404|[from] item: Leftovers
|turn|6
|
|move|p1a: Jirachi|Fire Punch|p2a: Bisharp
|-supereffective|p2a: Bisharp
|-damage|p2a: Bisharp|88\/291
|move|p2a: Bisharp|Knock Off|p1a: Jirachi
|-supereffective|p1a: Jirachi
|-damage|p1a: Jirachi|0 fnt
|-enditem|p1a: Jirachi|Leftovers|[from] move: Knock Off|[of] p2a: Bisharp
|faint|p1a: Jirachi
|
|
|switch|p1a: Keldeo|Keldeo|323\/323
|-damage|p1a: Keldeo|303\/323|[from] Stealth Rock
|turn|7
|J|skysoki
|J|Ginku
|L|Ginku
|J|Leftiez
|
|switch|p2a: Garchomp|Garchomp, M|361\/361
|-damage|p2a: Garchomp|339\/361|[from] Stealth Rock
|move|p1a: Keldeo|Scald|p2a: Garchomp
|-damage|p2a: Garchomp|113\/361
|
|turn|8
|
|move|p1a: Keldeo|Scald|p2a: Garchomp
|-damage|p2a: Garchomp|0 fnt
|faint|p2a: Garchomp
|
|
|switch|p2a: Azumarill|Azumarill, M|350\/399
|-damage|p2a: Azumarill|301\/399|[from] Stealth Rock
|turn|9
|
|switch|p1a: Hippowdon|Hippowdon, M|420\/420
|-damage|p1a: Hippowdon|394\/420|[from] Stealth Rock
|move|p2a: Azumarill|Play Rough|p1a: Hippowdon
|-damage|p1a: Hippowdon|261\/420
|
|-heal|p1a: Hippowdon|287\/420|[from] item: Leftovers
|turn|10
|
|move|p2a: Azumarill|Waterfall|p1a: Hippowdon
|-supereffective|p1a: Hippowdon
|-damage|p1a: Hippowdon|59\/420
|move|p1a: Hippowdon|Earthquake|p2a: Azumarill
|-damage|p2a: Azumarill|138\/399
|
|-heal|p1a: Hippowdon|85\/420|[from] item: Leftovers
|turn|11
|
|move|p2a: Azumarill|Play Rough|p1a: Hippowdon
|-damage|p1a: Hippowdon|0 fnt
|faint|p1a: Hippowdon
|
|
|switch|p1a: Altaria|Altaria, F|317\/317
|-damage|p1a: Altaria|238\/317|[from] Stealth Rock
|turn|12
|J|Tesung
|
|switch|p2a: Landorus-Therian|Landorus-Therian, M|325\/325
|-damage|p2a: Landorus-Therian|285\/325|[from] Stealth Rock
|-ability|p2a: Landorus-Therian|Intimidate|[of] p1a: Altaria
|-unboost|p1a: Altaria|atk|1
|detailschange|p1a: Altaria|Altaria-Mega, F
|-mega|p1a: Altaria|Altaria|Altarianite
|move|p1a: Altaria|Hyper Voice|p2a: Landorus-Therian
|-damage|p2a: Landorus-Therian|53\/325
|
|turn|13
|J|Ginku
|L|Cienight
|J|iris
|
|move|p2a: Landorus-Therian|Earthquake|p1a: Altaria
|-damage|p1a: Altaria|48\/317
|move|p1a: Altaria|Roost|p1a: Altaria
|-heal|p1a: Altaria|207\/317
|
|turn|14
|J|IIID
|J|elastico
|
|switch|p2a: Bisharp|Bisharp, M, shiny|88\/291
|-damage|p2a: Bisharp|70\/291|[from] Stealth Rock
|switch|p1a: Latias|Latias, F|301\/301
|-damage|p1a: Latias|264\/301|[from] Stealth Rock
|
|turn|15
|
|move|p1a: Latias|Draco Meteor|p2a: Bisharp
|-resisted|p2a: Bisharp
|-damage|p2a: Bisharp|0 fnt
|-unboost|p1a: Latias|spa|2
|-damage|p1a: Latias|234\/301|[from] item: Life Orb
|faint|p2a: Bisharp
|
|J|silverbackkap
|J|Inflikted
|
|switch|p2a: Azumarill|Azumarill, M|138\/399
|-damage|p2a: Azumarill|89\/399|[from] Stealth Rock
|turn|16
|J|Soulgazer
|
|move|p1a: Latias|Psyshock|p2a: Azumarill
|-damage|p2a: Azumarill|0 fnt
|-damage|p1a: Latias|204\/301|[from] item: Life Orb
|faint|p2a: Azumarill
|
|
|switch|p2a: Hawlucha|Hawlucha, M|300\/300
|-damage|p2a: Hawlucha|263\/300|[from] Stealth Rock
|turn|17
|
|move|p1a: Latias|Psyshock|p2a: Hawlucha
|-supereffective|p2a: Hawlucha
|-damage|p2a: Hawlucha|37\/300
|-damage|p1a: Latias|174\/301|[from] item: Life Orb
|-enditem|p2a: Hawlucha|Sitrus Berry|[eat]
|-heal|p2a: Hawlucha|112\/300|[from] item: Sitrus Berry
|move|p2a: Hawlucha|Substitute|p2a: Hawlucha
|-start|p2a: Hawlucha|Substitute
|-damage|p2a: Hawlucha|37\/300
|
|turn|18
|
|move|p2a: Hawlucha|Acrobatics|p1a: Latias
|-damage|p1a: Latias|0 fnt
|faint|p1a: Latias
|
|J|dadoux
|c|+Finchinator|sam u dun goofd
|
|switch|p1a: Altaria|Altaria-Mega, F|207\/317
|-damage|p1a: Altaria|168\/317|[from] Stealth Rock
|turn|19
|L|dadoux
|c|ânamehtmas|i never goof
|
|move|p2a: Hawlucha|Acrobatics|p1a: Altaria
|-damage|p1a: Altaria|11\/317
|move|p1a: Altaria|Hyper Voice|p2a: Hawlucha
|-supereffective|p2a: Hawlucha
|-damage|p2a: Hawlucha|0 fnt
|faint|p2a: Hawlucha
|
|c|+Finchinator|u dun goofd
|c|+Finchinator|LOL
|c|+Finchinator|or not
|c|+Ginku|got him
|J|El-Soldier
|
|switch|p2a: Manectric|Manectric, M|281\/281
|-damage|p2a: Manectric|246\/281|[from] Stealth Rock
|turn|20
|c|ânamehtmas|i mean i still lose to megaman i think barring a crit lol
|
|detailschange|p2a: Manectric|Manectric-Mega, M
|-mega|p2a: Manectric|Manectric|Manectite
|-ability|p2a: Manectric|Intimidate|[of] p1a: Altaria
|-unboost|p1a: Altaria|atk|1
|move|p2a: Manectric|Hidden Power|p1a: Altaria
|-crit|p1a: Altaria
|-supereffective|p1a: Altaria
|-damage|p1a: Altaria|0 fnt
|faint|p1a: Altaria
|
|J|McMeghan
|J|Cnorth26
|J|boudouche
|c|+Finchinator|are you
|J|Chirac
|J|Orch
|J|MoxieInfinite
|J|MetalGro$$
|c|+Finchinator|feeling lucky today.
|L|MoxieInfinite
|J|WECAMEASROMANS
|
|switch|p1a: Talonflame|Talonflame, M|297\/297
|-damage|p1a: Talonflame|149\/297|[from] Stealth Rock
|turn|21
|c|ânamehtmas|yes
|c|+Finchinator|critter.
|L|WECAMEASROMANS
|
|move|p1a: Talonflame|Brave Bird|p2a: Manectric
|-resisted|p2a: Manectric
|-damage|p2a: Manectric|113\/281
|-damage|p1a: Talonflame|105\/297|[from] recoil|[of] p2a: Manectric
|move|p2a: Manectric|Thunderbolt|p1a: Talonflame
|-supereffective|p1a: Talonflame
|-damage|p1a: Talonflame|0 fnt
|faint|p1a: Talonflame
|
|c|+Finchinator|lol 0
|c|ânamehtmas|wow finch u suk
|
|switch|p1a: Keldeo|Keldeo|303\/323
|-damage|p1a: Keldeo|283\/323|[from] Stealth Rock
|turn|22
|c|+Vohlt|scarf deo ?_?
|J|Son of Zeusss
|
|move|p2a: Manectric|Thunderbolt|p1a: Keldeo
|-supereffective|p1a: Keldeo
|-damage|p1a: Keldeo|0 fnt
|faint|p1a: Keldeo
|
|win|Altestadores
|c|+MetalGro$$|whats score?
|c|+Vohlt|k
|c|ânamehtmas|G_G
|c|+Finchinator|1-1 or 0-2
|c|+Vohlt|2-0
|c|âAltestadores|gg man
|c|+Vohlt|gg
|c|+Finchinator|bop
|L|Finchinator
|L|iMeridian
|L|El-Soldier
|J|JabbaTheGriffin
|L|boudouche
|c|+MetalGro$$|rip
|L|Vohlt
|L|Noriya
|L|majaspic22
|L|Chirac
|J|Noriya
|J|Laga
|L|iris
|L|Noriya
|L|craing ;_;
|L|Laga
|L|skysoki
|L|Soulgazer
|L|MetalGro$$