|join|Brock's Blue Balls
|join|SergioYo
|player|p1|Brock's Blue Balls|154
|player|p2|SergioYo|45
|gametype|singles
|gen|6
|tier|UU
|rated
|rule|Sleep Clause Mod: Limit one foe put to sleep
|rule|Species Clause: Limit one of each PokÃ©mon
|rule|OHKO Clause: OHKO moves are banned
|rule|Moody Clause: Moody is banned
|rule|Evasion Moves Clause: Evasion moves are banned
|rule|Endless Battle Clause: Forcing endless battles is banned
|rule|HP Percentage Mod: HP is reported as percentages
|clearpoke
|poke|p1|Doublade, F, shiny
|poke|p1|Granbull, M
|poke|p1|Blissey, F
|poke|p1|Houndoom, M
|poke|p1|Tentacruel, M
|poke|p1|Rotom-Mow
|poke|p2|Victini
|poke|p2|Heracross, M
|poke|p2|Volcarona, M
|poke|p2|Amoonguss, F
|poke|p2|Donphan, F
|poke|p2|Hydreigon, M
|rule|Swagger Clause: Swagger is banned
|rule|Baton Pass Clause: Limit one PokÃ©mon knowing Baton Pass
|teampreview
|
|start
|switch|p1a: Landing Strip?|Rotom-Mow|241\/241
|switch|p2a: Volcarona|Volcarona, M|312\/312
|turn|1
|
|move|p1a: Landing Strip?|Volt Switch|p2a: Volcarona
|-damage|p2a: Volcarona|213\/312
|
|switch|p1a: Teen Mom|Blissey, F|651\/651
|move|p2a: Volcarona|Fiery Dance|p1a: Teen Mom
|-crit|p1a: Teen Mom
|-damage|p1a: Teen Mom|483\/651
|
|-heal|p1a: Teen Mom|523\/651|[from] item: Leftovers
|turn|2
|
|switch|p2a: Heracross|Heracross, M|302\/302
|move|p1a: Teen Mom|Toxic|p2a: Heracross
|-status|p2a: Heracross|tox
|
|-heal|p1a: Teen Mom|563\/651|[from] item: Leftovers
|-damage|p2a: Heracross|284\/302 tox|[from] psn
|turn|3
|
|switch|p1a: Boodro|Granbull, M|377\/377
|-ability|p1a: Boodro|Intimidate|[of] p2a: Heracross
|-unboost|p2a: Heracross|atk|1
|move|p2a: Heracross|Knock Off|p1a: Boodro
|-resisted|p1a: Boodro
|-damage|p1a: Boodro|347\/377
|-enditem|p1a: Boodro|Leftovers|[from] move: Knock Off|[of] p2a: Heracross
|
|-damage|p2a: Heracross|248\/302 tox|[from] psn
|turn|4
|
|switch|p2a: Donphan|Donphan, F|384\/384
|switch|p1a: Landing Strip?|Rotom-Mow|241\/241
|
|turn|5
|
|switch|p2a: Amoonguss|Amoonguss, F|432\/432
|move|p1a: Landing Strip?|Trick|p2a: Amoonguss
|-activate|p1a: Landing Strip?|move: Trick|[of] p2a: Amoonguss
|-item|p2a: Amoonguss|Choice Scarf|[from] move: Trick
|-item|p1a: Landing Strip?|Black Sludge|[from] move: Trick
|
|-damage|p1a: Landing Strip?|211\/241|[from] item: Black Sludge
|turn|6
|
|move|p1a: Landing Strip?|Volt Switch|p2a: Amoonguss
|-resisted|p2a: Amoonguss
|-damage|p2a: Amoonguss|391\/432
|
|switch|p1a: Teen Mom|Blissey, F|563\/651
|move|p2a: Amoonguss|Spore|p1a: Teen Mom
|-status|p1a: Teen Mom|slp
|
|-heal|p1a: Teen Mom|603\/651 slp|[from] item: Leftovers
|turn|7
|
|switch|p1a: Kraken|Tentacruel, M|361\/361
|switch|p2a: Volcarona|Volcarona, M|213\/312
|
|turn|8
|
|move|p2a: Volcarona|Quiver Dance|p2a: Volcarona
|-boost|p2a: Volcarona|spa|1
|-boost|p2a: Volcarona|spd|1
|-boost|p2a: Volcarona|spe|1
|move|p1a: Kraken|Scald|p2a: Volcarona
|-crit|p2a: Volcarona
|-supereffective|p2a: Volcarona
|-damage|p2a: Volcarona|0 fnt
|faint|p2a: Volcarona
|
|
|switch|p2a: Heracross|Heracross, M|248\/302 tox
|turn|9
|
|switch|p1a: Boodro|Granbull, M|347\/377
|-ability|p1a: Boodro|Intimidate|[of] p2a: Heracross
|-unboost|p2a: Heracross|atk|1
|move|p2a: Heracross|Earthquake|p1a: Boodro
|-damage|p1a: Boodro|282\/377
|
|-damage|p2a: Heracross|230\/302 tox|[from] psn
|turn|10
|
|switch|p2a: Hydreigon|Hydreigon, M|325\/325
|switch|p1a: Kraken|Tentacruel, M|361\/361
|
|turn|11
|
|move|p1a: Kraken|Protect|p1a: Kraken
|-singleturn|p1a: Kraken|Protect
|move|p2a: Hydreigon|Superpower|p1a: Kraken
|-activate|p1a: Kraken|Protect
|
|turn|12
|
|move|p2a: Hydreigon|Dark Pulse|p1a: Kraken
|-damage|p1a: Kraken|208\/361
|-damage|p2a: Hydreigon|293\/325|[from] item: Life Orb
|move|p1a: Kraken|Scald|p2a: Hydreigon
|-resisted|p2a: Hydreigon
|-damage|p2a: Hydreigon|248\/325
|
|-heal|p1a: Kraken|230\/361|[from] item: Leftovers
|turn|13
|
|move|p1a: Kraken|Protect|p1a: Kraken
|-singleturn|p1a: Kraken|Protect
|move|p2a: Hydreigon|Superpower|p1a: Kraken
|-activate|p1a: Kraken|Protect
|
|-heal|p1a: Kraken|252\/361|[from] item: Leftovers
|turn|14
|
|switch|p1a: Boodro|Granbull, M|282\/377
|-ability|p1a: Boodro|Intimidate|[of] p2a: Hydreigon
|-unboost|p2a: Hydreigon|atk|1
|move|p2a: Hydreigon|Draco Meteor|p1a: Boodro
|-immune|p1a: Boodro|[msg]
|
|turn|15
|
|move|p2a: Hydreigon|Fire Blast|p1a: Boodro|[miss]
|-miss|p2a: Hydreigon|p1a: Boodro
|move|p1a: Boodro|Play Rough|p2a: Hydreigon
|-supereffective|p2a: Hydreigon
|-damage|p2a: Hydreigon|0 fnt
|faint|p2a: Hydreigon
|
|
|switch|p2a: Victini|Victini|341\/341
|turn|16
|
|switch|p1a: Cerberus|Houndoom, M|291\/291
|move|p2a: Victini|V-create|p1a: Cerberus
|-start|p1a: Cerberus|ability: Flash Fire
|
|turn|17
|
|switch|p2a: Donphan|Donphan, F|384\/384
|move|p1a: Cerberus|Fire Blast|p2a: Donphan
|-damage|p2a: Donphan|5\/384
|
|-heal|p2a: Donphan|29\/384|[from] item: Leftovers
|turn|18
|-message|SergioYo forfeited.
|
|win|Brock's Blue Balls
|raw|Ladder updating...
|leave|SergioYo
|player|p2
|raw|Brock&apos;s Blue Balls's rating: 1545 &rarr; <strong>1562<\/strong><br \/>(+17 for winning)
|raw|SergioYo's rating: 1493 &rarr; <strong>1476<\/strong><br \/>(-17 for losing)