|join|Brock's Blue Balls
|join|HeteroAPM
|player|p1|Brock's Blue Balls|154
|player|p2|HeteroAPM|170
|gametype|singles
|gen|6
|tier|UU
|rated
|rule|Sleep Clause Mod: Limit one foe put to sleep
|rule|Species Clause: Limit one of each Pokemon
|rule|OHKO Clause: OHKO moves are banned
|rule|Moody Clause: Moody is banned
|rule|Evasion Moves Clause: Evasion moves are banned
|rule|Endless Battle Clause: Forcing endless battles is banned
|rule|HP Percentage Mod: HP is reported as percentages
|clearpoke
|poke|p1|Nidoqueen, F
|poke|p1|Mew
|poke|p1|Slowbro, M
|poke|p1|Sableye, M
|poke|p1|Dugtrio, F
|poke|p1|Florges, F
|poke|p2|Sableye, M
|poke|p2|Carbink
|poke|p2|Alomomola, F
|poke|p2|Nidoqueen, F
|poke|p2|Ampharos, M, shiny
|poke|p2|Starmie
|rule|Baton Pass Clause: Limit 3 pokemon knowing Baton Pass
|teampreview
|
|start
|switch|p1a: Sableye|Sableye, M|302\/302
|switch|p2a: Sableye|Sableye, M|304\/304
|turn|1
|
|switch|p2a: Starmie|Starmie|261\/261
|move|p1a: Sableye|Taunt|p2a: Starmie
|-start|p2a: Starmie|move: Taunt
|
|turn|2
|
|move|p2a: Starmie|Scald|p1a: Sableye
|-damage|p1a: Sableye|145\/302
|-damage|p2a: Starmie|235\/261|[from] item: Life Orb
|move|p1a: Sableye|Knock Off|p2a: Starmie
|-supereffective|p2a: Starmie
|-damage|p2a: Starmie|19\/261
|-enditem|p2a: Starmie|Life Orb|[from] move: Knock Off|[of] p1a: Sableye
|
|-heal|p1a: Sableye|163\/302|[from] item: Leftovers
|turn|3
|
|move|p2a: Starmie|Scald|p1a: Sableye
|-damage|p1a: Sableye|43\/302
|move|p1a: Sableye|Knock Off|p2a: Starmie
|-supereffective|p2a: Starmie
|-damage|p2a: Starmie|0 fnt
|faint|p2a: Starmie
|
|-heal|p1a: Sableye|61\/302|[from] item: Leftovers
|
|switch|p2a: Ampharos|Ampharos, M, shiny|322\/322
|turn|4
|
|switch|p1a: Florges|Florges, F|360\/360
|detailschange|p2a: Ampharos|Ampharos-Mega, M, shiny
|message|Ampharos has Mega Evolved into Mega Ampharos!
|-ability|p2a: Ampharos|Mold Breaker
|move|p2a: Ampharos|Dragon Pulse|p1a: Florges
|-immune|p1a: Florges|[msg]
|
|turn|5
|
|move|p2a: Ampharos|Volt Switch|p1a: Florges
|-damage|p1a: Florges|267\/360
|
|switch|p2a: Nidoqueen|Nidoqueen, F|321\/321
|move|p1a: Florges|Moonblast|p2a: Nidoqueen
|-resisted|p2a: Nidoqueen
|-damage|p2a: Nidoqueen|252\/321
|
|-heal|p1a: Florges|289\/360|[from] item: Leftovers
|turn|6
|
|switch|p1a: Mew|Mew|404\/404
|move|p2a: Nidoqueen|Toxic Spikes|p1a: Mew
|-sidestart|p1: Brock's Blue Balls|move: Toxic Spikes
|
|turn|7
|
|switch|p2a: Sableye|Sableye, M|304\/304
|move|p1a: Mew|Will-O-Wisp|p2a: Sableye
|-status|p2a: Sableye|brn
|
|-damage|p2a: Sableye|266\/304 brn|[from] brn
|turn|8
|
|move|p2a: Sableye|Will-O-Wisp|p1a: Mew
|-status|p1a: Mew|brn
|move|p1a: Mew|Knock Off|p2a: Sableye
|-damage|p2a: Sableye|219\/304 brn
|-enditem|p2a: Sableye|Leftovers|[from] move: Knock Off|[of] p1a: Mew
|
|-damage|p1a: Mew|354\/404 brn|[from] brn
|-damage|p2a: Sableye|181\/304 brn|[from] brn
|turn|9
|
|switch|p1a: Nidoqueen|Nidoqueen, F|384\/384
|-sideend|p1: Brock's Blue Balls|move: Toxic Spikes|[of] p1a: Nidoqueen
|move|p2a: Sableye|Knock Off|p1a: Nidoqueen
|-damage|p1a: Nidoqueen|344\/384
|-enditem|p1a: Nidoqueen|Leftovers|[from] move: Knock Off|[of] p2a: Sableye
|
|-damage|p2a: Sableye|143\/304 brn|[from] brn
|turn|10
|
|move|p2a: Sableye|Recover|p2a: Sableye
|-heal|p2a: Sableye|295\/304 brn
|move|p1a: Nidoqueen|Stealth Rock|p2a: Sableye
|-sidestart|p2: HeteroAPM|move: Stealth Rock
|
|-damage|p2a: Sableye|257\/304 brn|[from] brn
|turn|11
|
|move|p2a: Sableye|Will-O-Wisp|p1a: Nidoqueen
|-status|p1a: Nidoqueen|brn
|move|p1a: Nidoqueen|Earth Power|p2a: Sableye
|-damage|p2a: Sableye|137\/304 brn
|
|-damage|p1a: Nidoqueen|296\/384 brn|[from] brn
|-damage|p2a: Sableye|99\/304 brn|[from] brn
|turn|12
|
|switch|p1a: Sableye|Sableye, M|61\/302
|move|p2a: Sableye|Recover|p2a: Sableye
|-heal|p2a: Sableye|251\/304 brn
|
|-heal|p1a: Sableye|79\/302|[from] item: Leftovers
|-damage|p2a: Sableye|213\/304 brn|[from] brn
|turn|13
|
|move|p1a: Sableye|Recover|p1a: Sableye
|-heal|p1a: Sableye|230\/302
|move|p2a: Sableye|Will-O-Wisp|p1a: Sableye
|-status|p1a: Sableye|brn
|
|-heal|p1a: Sableye|248\/302 brn|[from] item: Leftovers
|-damage|p1a: Sableye|211\/302 brn|[from] brn
|-damage|p2a: Sableye|175\/304 brn|[from] brn
|turn|14
|
|switch|p2a: Nidoqueen|Nidoqueen, F|252\/321
|-damage|p2a: Nidoqueen|232\/321|[from] Stealth Rock
|move|p1a: Sableye|Taunt|p2a: Nidoqueen
|-start|p2a: Nidoqueen|move: Taunt
|
|-heal|p1a: Sableye|229\/302 brn|[from] item: Leftovers
|-damage|p1a: Sableye|192\/302 brn|[from] brn
|turn|15
|
|switch|p1a: Mew|Mew|354\/404 brn
|move|p2a: Nidoqueen|Earth Power|p1a: Mew
|-damage|p1a: Mew|212\/404 brn
|
|-heal|p1a: Mew|237\/404 brn|[from] item: Leftovers
|-damage|p1a: Mew|187\/404 brn|[from] brn
|turn|16
|
|move|p2a: Nidoqueen|Sludge Wave|p1a: Mew
|-damage|p1a: Mew|18\/404 brn
|move|p1a: Mew|Will-O-Wisp|p2a: Nidoqueen
|-status|p2a: Nidoqueen|brn
|
|-heal|p1a: Mew|43\/404 brn|[from] item: Leftovers
|-damage|p2a: Nidoqueen|192\/321 brn|[from] brn
|-damage|p1a: Mew|0 fnt|[from] brn
|faint|p1a: Mew
|
|switch|p1a: Dugtrio|Dugtrio, F|212\/212
|turn|17
|
|move|p1a: Dugtrio|Earthquake|p2a: Nidoqueen
|-supereffective|p2a: Nidoqueen
|-damage|p2a: Nidoqueen|0 fnt
|faint|p2a: Nidoqueen
|
|
|switch|p2a: Alomomola|Alomomola, F|534\/534
|-damage|p2a: Alomomola|468\/534|[from] Stealth Rock
|turn|18
|
|switch|p1a: Florges|Florges, F|289\/360
|move|p2a: Alomomola|Toxic|p1a: Florges
|-status|p1a: Florges|tox
|
|-heal|p1a: Florges|311\/360 tox|[from] item: Leftovers
|-heal|p2a: Alomomola|501\/534|[from] item: Leftovers
|-damage|p1a: Florges|289\/360 tox|[from] psn
|turn|19
|
|switch|p2a: Ed|Carbink|304\/304
|-damage|p2a: Ed|266\/304|[from] Stealth Rock
|move|p1a: Florges|Aromatherapy|p1a: Florges
|-cureteam|p1a: Florges|[from] move: Aromatherapy
|
|-heal|p1a: Florges|311\/360|[from] item: Leftovers
|-heal|p2a: Ed|285\/304|[from] item: Leftovers
|turn|20
|
|switch|p1a: Dugtrio|Dugtrio, F|212\/212
|move|p2a: Ed|Stealth Rock|p1a: Dugtrio
|-sidestart|p1: Brock's Blue Balls|move: Stealth Rock
|
|-heal|p2a: Ed|304\/304|[from] item: Leftovers
|turn|21
|
|move|p1a: Dugtrio|Earthquake|p2a: Ed
|-supereffective|p2a: Ed
|-damage|p2a: Ed|28\/304
|move|p2a: Ed|Moonblast|p1a: Dugtrio
|-damage|p1a: Dugtrio|118\/212
|
|-heal|p2a: Ed|47\/304|[from] item: Leftovers
|turn|22
|
|move|p1a: Dugtrio|Earthquake|p2a: Ed
|-supereffective|p2a: Ed
|-damage|p2a: Ed|0 fnt
|faint|p2a: Ed
|
|
|switch|p2a: Alomomola|Alomomola, F|534\/534
|-damage|p2a: Alomomola|468\/534|[from] Stealth Rock
|turn|23
|
|switch|p1a: Florges|Florges, F|311\/360
|-damage|p1a: Florges|266\/360|[from] Stealth Rock
|move|p2a: Alomomola|Toxic|p1a: Florges
|-status|p1a: Florges|tox
|
|-heal|p1a: Florges|288\/360 tox|[from] item: Leftovers
|-heal|p2a: Alomomola|501\/534|[from] item: Leftovers
|-damage|p1a: Florges|266\/360 tox|[from] psn
|turn|24
|
|move|p1a: Florges|Moonblast|p2a: Alomomola
|-damage|p2a: Alomomola|278\/534
|move|p2a: Alomomola|Scald|p1a: Florges
|-damage|p1a: Florges|238\/360 tox
|
|-heal|p1a: Florges|260\/360 tox|[from] item: Leftovers
|-heal|p2a: Alomomola|311\/534|[from] item: Leftovers
|-damage|p1a: Florges|216\/360 tox|[from] psn
|turn|25
|
|switch|p1a: Sableye|Sableye, M|192\/302
|-damage|p1a: Sableye|155\/302|[from] Stealth Rock
|move|p2a: Alomomola|Wish|p2a: Alomomola
|
|-heal|p2a: Alomomola|344\/534|[from] item: Leftovers
|-heal|p1a: Sableye|173\/302|[from] item: Leftovers
|turn|26
|
|move|p1a: Sableye|Taunt|p2a: Alomomola
|-start|p2a: Alomomola|move: Taunt
|move|p2a: Alomomola|Scald|p1a: Sableye
|-damage|p1a: Sableye|125\/302
|
|-heal|p2a: Alomomola|534\/534|[from] move: Wish|[wisher] Alomomola
|-heal|p1a: Sableye|143\/302|[from] item: Leftovers
|turn|27
|
|move|p2a: Alomomola|Scald|p1a: Sableye
|-damage|p1a: Sableye|97\/302
|move|p1a: Sableye|Knock Off|p2a: Alomomola
|-damage|p2a: Alomomola|462\/534
|-enditem|p2a: Alomomola|Leftovers|[from] move: Knock Off|[of] p1a: Sableye
|
|-heal|p1a: Sableye|115\/302|[from] item: Leftovers
|turn|28
|
|move|p1a: Sableye|Will-O-Wisp|p2a: Alomomola
|-status|p2a: Alomomola|brn
|move|p2a: Alomomola|Scald|p1a: Sableye
|-crit|p1a: Sableye
|-damage|p1a: Sableye|51\/302
|-status|p1a: Sableye|brn
|
|-heal|p1a: Sableye|69\/302 brn|[from] item: Leftovers
|-damage|p2a: Alomomola|396\/534 brn|[from] brn
|-damage|p1a: Sableye|32\/302 brn|[from] brn
|-end|p2a: Alomomola|move: Taunt
|turn|29
|
|move|p1a: Sableye|Recover|p1a: Sableye
|-heal|p1a: Sableye|183\/302 brn
|move|p2a: Alomomola|Wish|p2a: Alomomola
|
|-heal|p1a: Sableye|201\/302 brn|[from] item: Leftovers
|-damage|p2a: Alomomola|330\/534 brn|[from] brn
|-damage|p1a: Sableye|164\/302 brn|[from] brn
|turn|30
|
|switch|p2a: Sableye|Sableye, M|175\/304 brn
|-damage|p2a: Sableye|137\/304 brn|[from] Stealth Rock
|move|p1a: Sableye|Recover|p1a: Sableye
|-heal|p1a: Sableye|302\/302 brn
|
|-heal|p2a: Sableye|304\/304 brn|[from] move: Wish|[wisher] Alomomola
|-damage|p1a: Sableye|265\/302 brn|[from] brn
|-damage|p2a: Sableye|266\/304 brn|[from] brn
|turn|31
|
|move|p1a: Sableye|Taunt|p2a: Sableye
|-start|p2a: Sableye|move: Taunt
|move|p2a: Sableye|Knock Off|p1a: Sableye
|-damage|p1a: Sableye|204\/302 brn
|-enditem|p1a: Sableye|Leftovers|[from] move: Knock Off|[of] p2a: Sableye
|
|-damage|p1a: Sableye|167\/302 brn|[from] brn
|-damage|p2a: Sableye|228\/304 brn|[from] brn
|turn|32
|
|move|p1a: Sableye|Knock Off|p2a: Sableye
|-damage|p2a: Sableye|189\/304 brn
|move|p2a: Sableye|Knock Off|p1a: Sableye
|-damage|p1a: Sableye|125\/302 brn
|
|-damage|p1a: Sableye|88\/302 brn|[from] brn
|-damage|p2a: Sableye|151\/304 brn|[from] brn
|turn|33
|
|switch|p2a: Alomomola|Alomomola, F|508\/534 brn
|-damage|p2a: Alomomola|442\/534 brn|[from] Stealth Rock
|move|p1a: Sableye|Recover|p1a: Sableye
|-heal|p1a: Sableye|239\/302 brn
|
|-damage|p2a: Alomomola|376\/534 brn|[from] brn
|-damage|p1a: Sableye|202\/302 brn|[from] brn
|turn|34
|
|move|p1a: Sableye|Taunt|p2a: Alomomola
|-start|p2a: Alomomola|move: Taunt
|move|p2a: Alomomola|Scald|p1a: Sableye
|-damage|p1a: Sableye|153\/302 brn
|
|-damage|p2a: Alomomola|310\/534 brn|[from] brn
|-damage|p1a: Sableye|116\/302 brn|[from] brn
|turn|35
|
|switch|p2a: Ampharos|Ampharos-Mega, M, shiny|322\/322
|-damage|p2a: Ampharos|282\/322|[from] Stealth Rock
|-ability|p2a: Ampharos|Mold Breaker
|move|p1a: Sableye|Recover|p1a: Sableye
|-heal|p1a: Sableye|267\/302 brn
|
|-damage|p1a: Sableye|230\/302 brn|[from] brn
|turn|36
|
|switch|p1a: Florges|Florges, F|216\/360 tox
|-damage|p1a: Florges|171\/360 tox|[from] Stealth Rock
|move|p2a: Ampharos|Agility|p2a: Ampharos
|-boost|p2a: Ampharos|spe|2
|
|-heal|p1a: Florges|193\/360 tox|[from] item: Leftovers
|-damage|p1a: Florges|171\/360 tox|[from] psn
|turn|37
|
|move|p2a: Ampharos|Volt Switch|p1a: Florges
|-damage|p1a: Florges|75\/360 tox
|
|switch|p2a: Alomomola|Alomomola, F|488\/534 brn
|-damage|p2a: Alomomola|422\/534 brn|[from] Stealth Rock
|move|p1a: Florges|Moonblast|p2a: Alomomola
|-crit|p2a: Alomomola
|-damage|p2a: Alomomola|79\/534 brn
|
|-heal|p1a: Florges|97\/360 tox|[from] item: Leftovers
|-damage|p1a: Florges|53\/360 tox|[from] psn
|-damage|p2a: Alomomola|13\/534 brn|[from] brn
|turn|38
|
|move|p1a: Florges|Moonblast|p2a: Alomomola
|-damage|p2a: Alomomola|0 fnt
|faint|p2a: Alomomola
|
|-heal|p1a: Florges|75\/360 tox|[from] item: Leftovers
|-damage|p1a: Florges|9\/360 tox|[from] psn
|
|switch|p2a: Sableye|Sableye, M|151\/304 brn
|-damage|p2a: Sableye|113\/304 brn|[from] Stealth Rock
|turn|39
|
|move|p2a: Sableye|Recover|p2a: Sableye
|-heal|p2a: Sableye|265\/304 brn
|move|p1a: Florges|Moonblast|p2a: Sableye
|-supereffective|p2a: Sableye
|-damage|p2a: Sableye|35\/304 brn
|
|-heal|p1a: Florges|31\/360 tox|[from] item: Leftovers
|-damage|p1a: Florges|0 fnt|[from] psn
|-damage|p2a: Sableye|0 fnt|[from] brn
|faint|p1a: Florges
|faint|p2a: Sableye
|-message|HeteroAPM forfeited.
|
|win|Brock's Blue Balls
|raw|Ladder updating...
|leave|HeteroAPM
|player|p2
|raw|Brock&apos;s Blue Balls's rating: 1498 &rarr; <strong>1521<\/strong><br \/>(+23 for winning)
|raw|HeteroAPM's rating: 1548 &rarr; <strong>1525<\/strong><br \/>(-23 for losing)