|join|so dynamic
|join|Brock's Blue Balls
|player|p1|so dynamic|265
|player|p2|Brock's Blue Balls|154
|gametype|singles
|gen|6
|tier|UU
|rated
|rule|Sleep Clause Mod: Limit one foe put to sleep
|rule|Species Clause: Limit one of each PokÃ©mon
|rule|OHKO Clause: OHKO moves are banned
|rule|Moody Clause: Moody is banned
|rule|Evasion Moves Clause: Evasion moves are banned
|rule|Endless Battle Clause: Forcing endless battles is banned
|rule|HP Percentage Mod: HP is shown in percentages
|clearpoke
|poke|p1|Vaporeon, M
|poke|p1|Celebi
|poke|p1|Infernape, F
|poke|p1|Granbull, M
|poke|p1|Aerodactyl, M
|poke|p1|Nidoqueen, F
|poke|p2|Jellicent, M
|poke|p2|Zygarde
|poke|p2|Aggron, F
|poke|p2|Blissey, F
|poke|p2|Forretress, M, shiny
|poke|p2|Aromatisse, F
|rule|Swagger Clause: Swagger is banned
|rule|Baton Pass Clause: Limit one PokÃ©mon knowing Baton Pass
|teampreview
|c|âso dynamic|gl hf
|c|âBrock's Blue Balls|u2
|c|âso dynamic|o
|c|âso dynamic|its
|c|âso dynamic|this team
|
|start
|switch|p1a: Nidoqueen|Nidoqueen, F|353\/353
|switch|p2a: Pringles|Jellicent, M|403\/403
|turn|1
|
|switch|p1a: Vaporeon|Vaporeon, M|451\/451
|move|p2a: Pringles|Scald|p1a: Vaporeon
|-immune|p1a: Vaporeon|[msg]
|
|turn|2
|
|move|p2a: Pringles|Will-O-Wisp|p1a: Vaporeon
|-status|p1a: Vaporeon|brn
|move|p1a: Vaporeon|Baton Pass|p1a: Vaporeon
|join|4FS
|
|switch|p1a: Celebi|Celebi|341\/341
|
|turn|3
|
|switch|p1a: Nidoqueen|Nidoqueen, F|353\/353
|switch|p2a: Aggron|Aggron, F|344\/344
|
|turn|4
|join|aVeryBraveBird
|
|detailschange|p2a: Aggron|Aggron-Mega, F
|message|Aggron has Mega Evolved into Mega Aggron!
|move|p1a: Nidoqueen|Stealth Rock|p2a: Aggron
|-sidestart|p2: Brock's Blue Balls|move: Stealth Rock
|move|p2a: Aggron|Stealth Rock|p1a: Nidoqueen
|-sidestart|p1: so dynamic|move: Stealth Rock
|
|turn|5
|
|move|p1a: Nidoqueen|Earth Power|p2a: Aggron
|-supereffective|p2a: Aggron
|-damage|p2a: Aggron|96\/344
|move|p2a: Aggron|Metal Burst|p1a: Nidoqueen
|-damage|p1a: Nidoqueen|0 fnt
|faint|p1a: Nidoqueen
|
|
|switch|p1a: Infernape|Infernape, F|293\/293
|-damage|p1a: Infernape|257\/293|[from] Stealth Rock
|turn|6
|
|switch|p2a: Pringles|Jellicent, M|403\/403
|-damage|p2a: Pringles|353\/403|[from] Stealth Rock
|move|p1a: Infernape|Nasty Plot|p1a: Infernape
|-boost|p1a: Infernape|spa|2
|
|-heal|p2a: Pringles|378\/403|[from] item: Leftovers
|turn|7
|
|move|p1a: Infernape|Grass Knot|p2a: Pringles
|-supereffective|p2a: Pringles
|-damage|p2a: Pringles|0 fnt
|-damage|p1a: Infernape|228\/293|[from] item: Life Orb
|faint|p2a: Pringles
|
|
|switch|p2a: Terramorphous|Zygarde|404\/404
|-damage|p2a: Terramorphous|379\/404|[from] Stealth Rock
|-ability|p2a: Terramorphous|Aura Break
|turn|8
|
|switch|p1a: Granbull|Granbull, M|384\/384
|-damage|p1a: Granbull|336\/384|[from] Stealth Rock
|-ability|p1a: Granbull|Intimidate|[of] p2a: Terramorphous
|-unboost|p2a: Terramorphous|atk|1
|move|p2a: Terramorphous|Earthquake|p1a: Granbull
|-damage|p1a: Granbull|261\/384
|
|-heal|p2a: Terramorphous|404\/404|[from] item: Leftovers
|-heal|p1a: Granbull|285\/384|[from] item: Leftovers
|turn|9
|
|switch|p2a: Walnut|Forretress, M, shiny|312\/312
|-damage|p2a: Walnut|273\/312|[from] Stealth Rock
|move|p1a: Granbull|Play Rough|p2a: Walnut
|-resisted|p2a: Walnut
|-damage|p2a: Walnut|232\/312
|
|-heal|p2a: Walnut|251\/312|[from] item: Leftovers
|-heal|p1a: Granbull|309\/384|[from] item: Leftovers
|turn|10
|
|switch|p1a: Infernape|Infernape, F|228\/293
|-damage|p1a: Infernape|192\/293|[from] Stealth Rock
|move|p2a: Walnut|Rapid Spin|p1a: Infernape
|-damage|p1a: Infernape|172\/293
|-sideend|p2: Brock's Blue Balls|Stealth Rock|[from] move: Rapid Spin|[of] p2a: Walnut
|
|-heal|p2a: Walnut|270\/312|[from] item: Leftovers
|turn|11
|
|move|p1a: Infernape|Fire Blast|p2a: Walnut
|-supereffective|p2a: Walnut
|-damage|p2a: Walnut|0 fnt
|-damage|p1a: Infernape|143\/293|[from] item: Life Orb
|faint|p2a: Walnut
|
|
|switch|p2a: Terramorphous|Zygarde|404\/404
|-ability|p2a: Terramorphous|Aura Break
|turn|12
|
|switch|p1a: Granbull|Granbull, M|309\/384
|-damage|p1a: Granbull|261\/384|[from] Stealth Rock
|-ability|p1a: Granbull|Intimidate|[of] p2a: Terramorphous
|-unboost|p2a: Terramorphous|atk|1
|move|p2a: Terramorphous|Earthquake|p1a: Granbull
|-damage|p1a: Granbull|195\/384
|
|-heal|p1a: Granbull|219\/384|[from] item: Leftovers
|turn|13
|
|switch|p2a: Gooch|Aromatisse, F|405\/405
|move|p1a: Granbull|Heal Bell|p1a: Granbull
|-cureteam|p1a: Granbull|[from] move: HealBell
|
|-heal|p1a: Granbull|243\/384|[from] item: Leftovers
|turn|14
|
|move|p1a: Granbull|Play Rough|p2a: Gooch
|-damage|p2a: Gooch|287\/405
|move|p2a: Gooch|Wish|p2a: Gooch
|
|-heal|p1a: Granbull|267\/384|[from] item: Leftovers
|-heal|p2a: Gooch|312\/405|[from] item: Leftovers
|turn|15
|
|move|p2a: Gooch|Moonblast|p1a: Granbull
|-damage|p1a: Granbull|98\/384
|-unboost|p1a: Granbull|spa|1
|move|p1a: Granbull|Roar|p2a: Gooch
|drag|p2a: Terramorphous|Zygarde|404\/404
|-ability|p2a: Terramorphous|Aura Break
|
|-heal|p1a: Granbull|122\/384|[from] item: Leftovers
|turn|16
|
|switch|p2a: Gooch|Aromatisse, F|312\/405
|move|p1a: Granbull|Play Rough|p2a: Gooch
|-damage|p2a: Gooch|194\/405
|
|-heal|p1a: Granbull|146\/384|[from] item: Leftovers
|-heal|p2a: Gooch|219\/405|[from] item: Leftovers
|turn|17
|
|switch|p1a: Vaporeon|Vaporeon, M|451\/451
|-damage|p1a: Vaporeon|395\/451|[from] Stealth Rock
|move|p2a: Gooch|Moonblast|p1a: Vaporeon
|-damage|p1a: Vaporeon|298\/451
|
|-heal|p1a: Vaporeon|326\/451|[from] item: Leftovers
|-heal|p2a: Gooch|244\/405|[from] item: Leftovers
|turn|18
|
|move|p1a: Vaporeon|Wish|p1a: Vaporeon
|move|p2a: Gooch|Wish|p2a: Gooch
|
|-heal|p1a: Vaporeon|354\/451|[from] item: Leftovers
|-heal|p2a: Gooch|269\/405|[from] item: Leftovers
|turn|19
|
|switch|p2a: Terramorphous|Zygarde|404\/404
|-ability|p2a: Terramorphous|Aura Break
|move|p1a: Vaporeon|Scald|p2a: Terramorphous
|-damage|p2a: Terramorphous|314\/404
|-status|p2a: Terramorphous|brn
|
|-heal|p2a: Terramorphous|404\/404 brn|[from] move: Wish|[wisher] Gooch
|-heal|p1a: Vaporeon|451\/451|[from] move: Wish|[wisher] Vaporeon
|-damage|p2a: Terramorphous|354\/404 brn|[from] brn
|turn|20
|c|âBrock's Blue Balls|ofc
|c|âso dynamic|easy
|
|switch|p2a: Teen Mom|Blissey, F|714\/714
|move|p1a: Vaporeon|Wish|p1a: Vaporeon
|
|turn|21
|
|move|p1a: Vaporeon|Baton Pass|p1a: Vaporeon
|
|switch|p1a: Celebi|Celebi|341\/341
|-damage|p1a: Celebi|299\/341|[from] Stealth Rock
|move|p2a: Teen Mom|Wish|p2a: Teen Mom
|
|-heal|p1a: Celebi|341\/341|[from] move: Wish|[wisher] Vaporeon
|turn|22
|
|switch|p1a: Vaporeon|Vaporeon, M|451\/451
|-damage|p1a: Vaporeon|395\/451|[from] Stealth Rock
|switch|p2a: Aggron|Aggron-Mega, F|96\/344
|
|-heal|p2a: Aggron|344\/344|[from] move: Wish|[wisher] Teen Mom
|-heal|p1a: Vaporeon|423\/451|[from] item: Leftovers
|turn|23
|
|switch|p2a: Teen Mom|Blissey, F|714\/714
|move|p1a: Vaporeon|Wish|p1a: Vaporeon
|
|-heal|p1a: Vaporeon|451\/451|[from] item: Leftovers
|turn|24
|
|move|p1a: Vaporeon|Baton Pass|p1a: Vaporeon
|
|switch|p1a: Aerodactyl|Aerodactyl, M|321\/321
|-damage|p1a: Aerodactyl|241\/321|[from] Stealth Rock
|move|p2a: Teen Mom|Wish|p2a: Teen Mom
|
|-heal|p1a: Aerodactyl|321\/321|[from] move: Wish|[wisher] Vaporeon
|turn|25
|
|switch|p2a: Aggron|Aggron-Mega, F|344\/344
|detailschange|p1a: Aerodactyl|Aerodactyl-Mega, M
|message|Aerodactyl has Mega Evolved into Mega Aerodactyl!
|move|p1a: Aerodactyl|Defog|p2a: Aggron
|-unboost|p2a: Aggron|evasion|1
|-sideend|p1: so dynamic|Stealth Rock|[from] move: Defog|[of] p1a: Aerodactyl
|
|turn|26
|
|switch|p1a: Infernape|Infernape, F|143\/293
|move|p2a: Aggron|Stealth Rock|p1a: Infernape
|-sidestart|p1: so dynamic|move: Stealth Rock
|
|turn|27
|
|move|p1a: Infernape|Fire Blast|p2a: Aggron
|-supereffective|p2a: Aggron
|-damage|p2a: Aggron|75\/344
|-damage|p1a: Infernape|114\/293|[from] item: Life Orb
|move|p2a: Aggron|Metal Burst|p1a: Infernape
|-damage|p1a: Infernape|0 fnt
|faint|p1a: Infernape
|
|
|switch|p1a: Vaporeon|Vaporeon, M|451\/451
|-damage|p1a: Vaporeon|395\/451|[from] Stealth Rock
|turn|28
|
|switch|p2a: Teen Mom|Blissey, F|714\/714
|move|p1a: Vaporeon|Baton Pass|p1a: Vaporeon
|
|switch|p1a: Celebi|Celebi|341\/341
|-damage|p1a: Celebi|299\/341|[from] Stealth Rock
|
|-heal|p1a: Celebi|320\/341|[from] item: Leftovers
|turn|29
|
|move|p1a: Celebi|Swords Dance|p1a: Celebi
|-boost|p1a: Celebi|atk|2
|move|p2a: Teen Mom|Wish|p2a: Teen Mom
|
|-heal|p1a: Celebi|341\/341|[from] item: Leftovers
|turn|30
|
|switch|p2a: Aggron|Aggron-Mega, F|75\/344
|move|p1a: Celebi|Seed Bomb|p2a: Aggron
|-resisted|p2a: Aggron
|-damage|p2a: Aggron|18\/344
|
|-heal|p2a: Aggron|344\/344|[from] move: Wish|[wisher] Teen Mom
|turn|31
|
|switch|p1a: Vaporeon|Vaporeon, M|395\/451
|-damage|p1a: Vaporeon|339\/451|[from] Stealth Rock
|move|p2a: Aggron|Roar|p1a: Vaporeon
|drag|p1a: Celebi|Celebi|341\/341
|-damage|p1a: Celebi|299\/341|[from] Stealth Rock
|
|-heal|p1a: Celebi|320\/341|[from] item: Leftovers
|turn|32
|
|switch|p1a: Vaporeon|Vaporeon, M|339\/451
|-damage|p1a: Vaporeon|283\/451|[from] Stealth Rock
|move|p2a: Aggron|Roar|p1a: Vaporeon
|drag|p1a: Aerodactyl|Aerodactyl-Mega, M|321\/321
|-damage|p1a: Aerodactyl|241\/321|[from] Stealth Rock
|
|turn|33
|
|switch|p1a: Vaporeon|Vaporeon, M|283\/451
|-damage|p1a: Vaporeon|227\/451|[from] Stealth Rock
|move|p2a: Aggron|Roar|p1a: Vaporeon
|drag|p1a: Celebi|Celebi|320\/341
|-damage|p1a: Celebi|278\/341|[from] Stealth Rock
|
|-heal|p1a: Celebi|299\/341|[from] item: Leftovers
|turn|34
|
|move|p1a: Celebi|Seed Bomb|p2a: Aggron
|-resisted|p2a: Aggron
|-damage|p2a: Aggron|315\/344
|move|p2a: Aggron|Heavy Slam|p1a: Celebi
|-damage|p1a: Celebi|115\/341
|
|-heal|p1a: Celebi|136\/341|[from] item: Leftovers
|turn|35
|
|move|p1a: Celebi|Seed Bomb|p2a: Aggron
|-resisted|p2a: Aggron
|-damage|p2a: Aggron|288\/344
|move|p2a: Aggron|Heavy Slam|p1a: Celebi
|-damage|p1a: Celebi|0 fnt
|faint|p1a: Celebi
|
|-message|so dynamic forfeited.
|
|win|Brock's Blue Balls
|raw|Ladder updating...
|leave|so dynamic
|player|p1
|raw|so dynamic's rating: 1650 &rarr; <strong>1625<\/strong><br \/>(-25 for losing)
|raw|Brock&apos;s Blue Balls's rating: 1565 &rarr; <strong>1589<\/strong><br \/>(+24 for winning)