|join|Brock's Blue Balls
|join|Curiousmirror
|player|p1|Brock's Blue Balls|154
|player|p2|Curiousmirror|223
|gametype|singles
|gen|6
|tier|UU
|rated
|rule|Sleep Clause Mod: Limit one foe put to sleep
|rule|Species Clause: Limit one of each Pokemon
|rule|OHKO Clause: OHKO moves are banned
|rule|Moody Clause: Moody is banned
|rule|Evasion Moves Clause: Evasion moves are banned
|rule|Endless Battle Clause: Forcing endless battles is banned
|rule|HP Percentage Mod: HP is reported as percentages
|clearpoke
|poke|p1|Nidoqueen, F
|poke|p1|Mew
|poke|p1|Slowbro, F
|poke|p1|Sableye, M
|poke|p1|Dugtrio, F
|poke|p1|Florges, F
|poke|p2|Aerodactyl, F
|poke|p2|Nidoking, M
|poke|p2|Chesnaught, F
|poke|p2|Blissey, F
|poke|p2|Mew
|poke|p2|Victini
|rule|Baton Pass Clause: Limit 3 pokemon knowing Baton Pass
|teampreview
|join|Loulou42
|join|harath
|leave|Loulou42
|
|start
|switch|p1a: Sableye|Sableye, M|302\/302
|switch|p2a: Victini|Victini|341\/341
|turn|1
|
|switch|p1a: Slowbro|Slowbro, F|394\/394
|move|p2a: Victini|U-turn|p1a: Slowbro
|-supereffective|p1a: Slowbro
|-damage|p1a: Slowbro|292\/394
|-damage|p2a: Victini|285\/341|[from] item: Rocky Helmet|[of] p1a: Slowbro
|
|switch|p2a: Nidoking|Nidoking, M|304\/304
|
|turn|2
|
|switch|p1a: Mew|Mew|404\/404
|move|p2a: Nidoking|Earth Power|p1a: Mew
|-damage|p1a: Mew|231\/404
|
|-heal|p1a: Mew|256\/404|[from] item: Leftovers
|turn|3
|
|switch|p2a: Mew|Mew|404\/404
|move|p1a: Mew|Knock Off|p2a: Mew
|-crit|p2a: Mew
|-supereffective|p2a: Mew
|-damage|p2a: Mew|160\/404
|-enditem|p2a: Mew|Leftovers|[from] move: Knock Off|[of] p1a: Mew
|
|-heal|p1a: Mew|281\/404|[from] item: Leftovers
|turn|4
|
|switch|p1a: Sableye|Sableye, M|302\/302
|move|p2a: Mew|Knock Off|p1a: Sableye
|-damage|p1a: Sableye|211\/302
|-enditem|p1a: Sableye|Leftovers|[from] move: Knock Off|[of] p2a: Mew
|
|turn|5
|
|switch|p2a: Victini|Victini|285\/341
|move|p1a: Sableye|Taunt|p2a: Victini
|-start|p2a: Victini|move: Taunt
|
|turn|6
|
|switch|p1a: Slowbro|Slowbro, F|394\/394
|move|p2a: Victini|Bolt Strike|p1a: Slowbro
|-supereffective|p1a: Slowbro
|-damage|p1a: Slowbro|212\/394
|-damage|p2a: Victini|229\/341|[from] item: Rocky Helmet|[of] p1a: Slowbro
|
|turn|7
|
|switch|p2a: Blissey|Blissey, F|714\/714
|switch|p1a: Dugtrio|Dugtrio, F|212\/212
|
|turn|8
|
|move|p1a: Dugtrio|Earthquake|p2a: Blissey
|-damage|p2a: Blissey|348\/714
|move|p2a: Blissey|Seismic Toss|p1a: Dugtrio
|-damage|p1a: Dugtrio|112\/212
|
|-heal|p2a: Blissey|392\/714|[from] item: Leftovers
|turn|9
|
|move|p1a: Dugtrio|Earthquake|p2a: Blissey
|-damage|p2a: Blissey|19\/714
|move|p2a: Blissey|Wish|p2a: Blissey
|
|-heal|p2a: Blissey|63\/714|[from] item: Leftovers
|turn|10
|
|switch|p1a: Mew|Mew|281\/404
|move|p2a: Blissey|Seismic Toss|p1a: Mew
|-damage|p1a: Mew|181\/404
|
|-heal|p2a: Blissey|420\/714|[from] move: Wish|[wisher] Blissey
|-heal|p1a: Mew|206\/404|[from] item: Leftovers
|-heal|p2a: Blissey|464\/714|[from] item: Leftovers
|turn|11
|
|move|p1a: Mew|Knock Off|p2a: Blissey
|-damage|p2a: Blissey|331\/714
|-enditem|p2a: Blissey|Leftovers|[from] move: Knock Off|[of] p1a: Mew
|move|p2a: Blissey|Wish|p2a: Blissey
|
|-heal|p1a: Mew|231\/404|[from] item: Leftovers
|turn|12
|
|switch|p2a: Mew|Mew|160\/404
|move|p1a: Mew|Roost|p1a: Mew
|-heal|p1a: Mew|404\/404
|
|-heal|p2a: Mew|404\/404|[from] move: Wish|[wisher] Blissey
|turn|13
|
|move|p1a: Mew|Knock Off|p2a: Mew
|-supereffective|p2a: Mew
|-damage|p2a: Mew|292\/404
|move|p2a: Mew|Stealth Rock|p1a: Mew
|-sidestart|p1: Brock's Blue Balls|move: Stealth Rock
|
|turn|14
|
|move|p1a: Mew|Knock Off|p2a: Mew
|-supereffective|p2a: Mew
|-damage|p2a: Mew|196\/404
|move|p2a: Mew|Knock Off|p1a: Mew
|-supereffective|p1a: Mew
|-damage|p1a: Mew|256\/404
|-enditem|p1a: Mew|Leftovers|[from] move: Knock Off|[of] p2a: Mew
|
|turn|15
|
|move|p1a: Mew|Defog|p2a: Mew
|-unboost|p2a: Mew|evasion|1
|-sideend|p1: Brock's Blue Balls|Stealth Rock|[from] move: Defog|[of] p1a: Mew
|move|p2a: Mew|Knock Off|p1a: Mew
|-supereffective|p1a: Mew
|-damage|p1a: Mew|144\/404
|
|turn|16
|
|switch|p1a: Sableye|Sableye, M|211\/302
|move|p2a: Mew|Stealth Rock|p1a: Sableye
|-sidestart|p1: Brock's Blue Balls|move: Stealth Rock
|
|turn|17
|
|move|p2a: Mew|Knock Off|p1a: Sableye
|-damage|p1a: Sableye|140\/302
|move|p1a: Sableye|Knock Off|p2a: Mew
|-supereffective|p2a: Mew
|-damage|p2a: Mew|62\/404
|
|turn|18
|
|move|p1a: Sableye|Taunt|p2a: Mew
|-start|p2a: Mew|move: Taunt
|cant|p2a: Mew|move: Taunt|Roost
|
|turn|19
|
|move|p2a: Mew|Knock Off|p1a: Sableye
|-crit|p1a: Sableye
|-damage|p1a: Sableye|49\/302
|move|p1a: Sableye|Knock Off|p2a: Mew
|-supereffective|p2a: Mew
|-damage|p2a: Mew|0 fnt
|faint|p2a: Mew
|
|
|switch|p2a: Nidoking|Nidoking, M|304\/304
|turn|20
|
|move|p1a: Sableye|Recover|p1a: Sableye
|-heal|p1a: Sableye|200\/302
|move|p2a: Nidoking|Earth Power|p1a: Sableye
|-damage|p1a: Sableye|0 fnt
|faint|p1a: Sableye
|
|
|switch|p1a: Florges|Florges, F|360\/360
|-damage|p1a: Florges|315\/360|[from] Stealth Rock
|turn|21
|
|move|p2a: Nidoking|Sludge Bomb|p1a: Florges
|-supereffective|p1a: Florges
|-damage|p1a: Florges|47\/360
|move|p1a: Florges|Wish|p1a: Florges
|
|-heal|p1a: Florges|69\/360|[from] item: Leftovers
|turn|22
|
|move|p1a: Florges|Protect|p1a: Florges
|-singleturn|p1a: Florges|Protect
|move|p2a: Nidoking|Sludge Bomb|p1a: Florges
|-activate|p1a: Florges|Protect
|
|-heal|p1a: Florges|249\/360|[from] move: Wish|[wisher] Florges
|-heal|p1a: Florges|271\/360|[from] item: Leftovers
|turn|23
|
|move|p2a: Nidoking|Earth Power|p1a: Florges
|-damage|p1a: Florges|135\/360
|move|p1a: Florges|Wish|p1a: Florges
|
|-heal|p1a: Florges|157\/360|[from] item: Leftovers
|turn|24
|
|switch|p2a: Victini|Victini|229\/341
|move|p1a: Florges|Protect|p1a: Florges
|-fail|p1a: Florges
|
|-heal|p1a: Florges|337\/360|[from] move: Wish|[wisher] Florges
|-heal|p1a: Florges|359\/360|[from] item: Leftovers
|turn|25
|
|move|p1a: Florges|Protect|p1a: Florges
|-singleturn|p1a: Florges|Protect
|move|p2a: Victini|U-turn|p1a: Florges
|-activate|p1a: Florges|Protect
|
|-heal|p1a: Florges|360\/360|[from] item: Leftovers
|turn|26
|
|move|p2a: Victini|U-turn|p1a: Florges
|-resisted|p1a: Florges
|-damage|p1a: Florges|326\/360
|
|switch|p2a: Nidoking|Nidoking, M|304\/304
|move|p1a: Florges|Wish|p1a: Florges
|
|-heal|p1a: Florges|348\/360|[from] item: Leftovers
|turn|27
|
|move|p2a: Nidoking|Sludge Bomb|p1a: Florges
|-supereffective|p1a: Florges
|-damage|p1a: Florges|75\/360
|move|p1a: Florges|Moonblast|p2a: Nidoking
|-resisted|p2a: Nidoking
|-damage|p2a: Nidoking|220\/304
|
|-heal|p1a: Florges|255\/360|[from] move: Wish|[wisher] Florges
|-heal|p1a: Florges|277\/360|[from] item: Leftovers
|turn|28
|
|move|p2a: Nidoking|Sludge Bomb|p1a: Florges
|-supereffective|p1a: Florges
|-damage|p1a: Florges|27\/360
|move|p1a: Florges|Wish|p1a: Florges
|
|-heal|p1a: Florges|49\/360|[from] item: Leftovers
|turn|29
|
|move|p1a: Florges|Protect|p1a: Florges
|-singleturn|p1a: Florges|Protect
|move|p2a: Nidoking|Earth Power|p1a: Florges
|-activate|p1a: Florges|Protect
|
|-heal|p1a: Florges|229\/360|[from] move: Wish|[wisher] Florges
|-heal|p1a: Florges|251\/360|[from] item: Leftovers
|turn|30
|
|move|p2a: Nidoking|Sludge Bomb|p1a: Florges
|-supereffective|p1a: Florges
|-damage|p1a: Florges|0 fnt
|faint|p1a: Florges
|
|
|switch|p1a: Dugtrio|Dugtrio, F|112\/212
|-damage|p1a: Dugtrio|99\/212|[from] Stealth Rock
|turn|31
|
|move|p1a: Dugtrio|Earthquake|p2a: Nidoking
|-supereffective|p2a: Nidoking
|-damage|p2a: Nidoking|0 fnt
|faint|p2a: Nidoking
|
|
|switch|p2a: Aerodactyl|Aerodactyl, F|302\/302
|turn|32
|
|switch|p1a: Slowbro|Slowbro, F|343\/394
|-damage|p1a: Slowbro|294\/394|[from] Stealth Rock
|detailschange|p2a: Aerodactyl|Aerodactyl-Mega, F
|message|Aerodactyl has Mega Evolved into Mega Aerodactyl!
|move|p2a: Aerodactyl|Aerial Ace|p1a: Slowbro
|-crit|p1a: Slowbro
|-damage|p1a: Slowbro|141\/394
|-damage|p2a: Aerodactyl|252\/302|[from] item: Rocky Helmet|[of] p1a: Slowbro
|
|turn|33
|
|switch|p2a: Blissey|Blissey, F|331\/714
|move|p1a: Slowbro|Slack Off|p1a: Slowbro
|-heal|p1a: Slowbro|338\/394
|
|turn|34
|
|switch|p1a: Mew|Mew|144\/404
|-damage|p1a: Mew|94\/404|[from] Stealth Rock
|move|p2a: Blissey|Wish|p2a: Blissey
|
|turn|35
|
|move|p1a: Mew|Roost|p1a: Mew
|-heal|p1a: Mew|296\/404
|move|p2a: Blissey|Seismic Toss|p1a: Mew
|-damage|p1a: Mew|196\/404
|
|-heal|p2a: Blissey|688\/714|[from] move: Wish|[wisher] Blissey
|turn|36
|
|move|p1a: Mew|Defog|p2a: Blissey
|-unboost|p2a: Blissey|evasion|1
|-sideend|p1: Brock's Blue Balls|Stealth Rock|[from] move: Defog|[of] p1a: Mew
|move|p2a: Blissey|Wish|p2a: Blissey
|
|turn|37
|
|move|p1a: Mew|Knock Off|p2a: Blissey
|-damage|p2a: Blissey|593\/714
|move|p2a: Blissey|Seismic Toss|p1a: Mew
|-damage|p1a: Mew|96\/404
|
|-heal|p2a: Blissey|714\/714|[from] move: Wish|[wisher] Blissey
|turn|38
|
|move|p1a: Mew|Roost|p1a: Mew
|-heal|p1a: Mew|298\/404
|move|p2a: Blissey|Thunder Wave|p1a: Mew
|-status|p1a: Mew|par
|-status|p2a: Blissey|par
|
|turn|39
|
|move|p1a: Mew|Knock Off|p2a: Blissey
|-damage|p2a: Blissey|622\/714 par
|cant|p2a: Blissey|par
|
|turn|40
|
|switch|p1a: Nidoqueen|Nidoqueen, F|384\/384
|move|p2a: Blissey|Wish|p2a: Blissey
|
|turn|41
|
|move|p1a: Nidoqueen|Stealth Rock|p2a: Blissey
|-sidestart|p2: Curiousmirror|move: Stealth Rock
|move|p2a: Blissey|Heal Bell|p2a: Blissey
|-cureteam|p2a: Blissey|[from] move: HealBell
|
|-heal|p2a: Blissey|714\/714|[from] move: Wish|[wisher] Blissey
|turn|42
|
|move|p1a: Nidoqueen|Toxic Spikes|p2a: Blissey
|-sidestart|p2: Curiousmirror|move: Toxic Spikes
|move|p2a: Blissey|Seismic Toss|p1a: Nidoqueen
|-damage|p1a: Nidoqueen|284\/384
|
|-heal|p1a: Nidoqueen|308\/384|[from] item: Leftovers
|turn|43
|
|switch|p2a: Chesnaught|Chesnaught, F|380\/380
|-damage|p2a: Chesnaught|357\/380|[from] Stealth Rock
|-status|p2a: Chesnaught|psn
|move|p1a: Nidoqueen|Toxic Spikes|p2a: Chesnaught
|-sidestart|p2: Curiousmirror|move: Toxic Spikes
|
|-heal|p1a: Nidoqueen|332\/384|[from] item: Leftovers
|-heal|p2a: Chesnaught|380\/380 psn|[from] item: Leftovers
|-damage|p2a: Chesnaught|333\/380 psn|[from] psn
|turn|44
|
|move|p1a: Nidoqueen|Ice Beam|p2a: Chesnaught
|-supereffective|p2a: Chesnaught
|-damage|p2a: Chesnaught|139\/380 psn
|move|p2a: Chesnaught|Leech Seed|p1a: Nidoqueen
|-start|p1a: Nidoqueen|move: Leech Seed
|
|-heal|p1a: Nidoqueen|356\/384|[from] item: Leftovers
|-heal|p2a: Chesnaught|162\/380 psn|[from] item: Leftovers
|-damage|p1a: Nidoqueen|308\/384|[from] Leech Seed|[of] p2a: Chesnaught
|-heal|p2a: Chesnaught|210\/380 psn|[silent]
|-damage|p2a: Chesnaught|163\/380 psn|[from] psn
|turn|45
|
|move|p2a: Chesnaught|Spiky Shield|p2a: Chesnaught
|-singleturn|p2a: Chesnaught|move: Protect
|move|p1a: Nidoqueen|Ice Beam|p2a: Chesnaught
|-activate|p2a: Chesnaught|move: Protect
|
|-heal|p1a: Nidoqueen|332\/384|[from] item: Leftovers
|-heal|p2a: Chesnaught|186\/380 psn|[from] item: Leftovers
|-damage|p1a: Nidoqueen|284\/384|[from] Leech Seed|[of] p2a: Chesnaught
|-heal|p2a: Chesnaught|234\/380 psn|[silent]
|-damage|p2a: Chesnaught|187\/380 psn|[from] psn
|turn|46
|
|switch|p2a: Blissey|Blissey, F|714\/714
|-damage|p2a: Blissey|625\/714|[from] Stealth Rock
|-status|p2a: Blissey|tox
|move|p1a: Nidoqueen|Ice Beam|p2a: Blissey
|-damage|p2a: Blissey|564\/714 tox
|
|-heal|p1a: Nidoqueen|308\/384|[from] item: Leftovers
|-damage|p1a: Nidoqueen|260\/384|[from] Leech Seed|[of] p2a: Blissey
|-heal|p2a: Blissey|612\/714 tox|[silent]
|-damage|p2a: Blissey|568\/714 tox|[from] psn
|turn|47
|
|switch|p1a: Slowbro|Slowbro, F|394\/394
|move|p2a: Blissey|Heal Bell|p2a: Blissey
|-cureteam|p2a: Blissey|[from] move: HealBell
|
|turn|48
|
|move|p2a: Blissey|Thunder Wave|p1a: Slowbro
|-status|p1a: Slowbro|par
|move|p1a: Slowbro|Calm Mind|p1a: Slowbro
|-boost|p1a: Slowbro|spa|1
|-boost|p1a: Slowbro|spd|1
|
|turn|49
|
|move|p2a: Blissey|Seismic Toss|p1a: Slowbro
|-damage|p1a: Slowbro|294\/394 par
|-damage|p2a: Blissey|449\/714|[from] item: Rocky Helmet|[of] p1a: Slowbro
|move|p1a: Slowbro|Psyshock|p2a: Blissey
|-damage|p2a: Blissey|200\/714
|
|turn|50
|
|move|p2a: Blissey|Seismic Toss|p1a: Slowbro
|-damage|p1a: Slowbro|194\/394 par
|-damage|p2a: Blissey|81\/714|[from] item: Rocky Helmet|[of] p1a: Slowbro
|cant|p1a: Slowbro|par
|
|turn|51
|
|move|p2a: Blissey|Seismic Toss|p1a: Slowbro
|-damage|p1a: Slowbro|94\/394 par
|-damage|p2a: Blissey|0 fnt|[from] item: Rocky Helmet|[of] p1a: Slowbro
|faint|p2a: Blissey
|move|p1a: Slowbro|Slack Off|p1a: Slowbro
|-heal|p1a: Slowbro|291\/394 par
|
|
|switch|p2a: Aerodactyl|Aerodactyl-Mega, F|252\/302
|-damage|p2a: Aerodactyl|177\/302|[from] Stealth Rock
|turn|52
|
|move|p2a: Aerodactyl|Hone Claws|p2a: Aerodactyl
|-boost|p2a: Aerodactyl|atk|1
|-boost|p2a: Aerodactyl|accuracy|1
|move|p1a: Slowbro|Scald|p2a: Aerodactyl
|-supereffective|p2a: Aerodactyl
|-damage|p2a: Aerodactyl|0 fnt
|faint|p2a: Aerodactyl
|
|-message|Curiousmirror forfeited.
|
|win|Brock's Blue Balls
|raw|Ladder updating...
|raw|Brock&apos;s Blue Balls's rating: 1533 &rarr; <strong>1544<\/strong><br \/>(+11 for winning)
|raw|Curiousmirror's rating: 1364 &rarr; <strong>1353<\/strong><br \/>(-11 for losing)
|leave|Curiousmirror
|player|p2