|join|Brock's Blue Balls
|join|fdubwilli
|player|p1|Brock's Blue Balls|154
|player|p2|fdubwilli|126
|gametype|singles
|gen|6
|tier|UU
|rated
|rule|Sleep Clause Mod: Limit one foe put to sleep
|rule|Species Clause: Limit one of each PokÃ©mon
|rule|OHKO Clause: OHKO moves are banned
|rule|Moody Clause: Moody is banned
|rule|Evasion Moves Clause: Evasion moves are banned
|rule|Endless Battle Clause: Forcing endless battles is banned
|rule|HP Percentage Mod: HP is shown in percentages
|clearpoke
|poke|p1|Doublade, M, shiny
|poke|p1|Togekiss, M, shiny
|poke|p1|Blissey, F
|poke|p1|Houndoom, M
|poke|p1|Tentacruel, M
|poke|p1|Rotom-Mow
|poke|p2|Froslass, F
|poke|p2|Lucario, F
|poke|p2|Swampert, M
|poke|p2|Crobat, M
|poke|p2|Raikou
|poke|p2|Sableye, F
|rule|Swagger Clause: Swagger is banned
|rule|Baton Pass Clause: Limit one PokÃ©mon knowing Baton Pass
|teampreview
|
|start
|switch|p1a: Landing Strip?|Rotom-Mow|241\/241
|switch|p2a: Froslass|Froslass, F|281\/281
|turn|1
|
|switch|p2a: Raikou|Raikou|322\/322
|-ability|p2a: Raikou|Pressure
|move|p1a: Landing Strip?|Leaf Storm|p2a: Raikou
|-damage|p2a: Raikou|124\/322
|-unboost|p1a: Landing Strip?|spa|2
|
|turn|2
|
|switch|p2a: Crobat|Crobat, M|373\/373
|move|p1a: Landing Strip?|Leaf Storm|p2a: Crobat
|-resisted|p2a: Crobat
|-damage|p2a: Crobat|341\/373
|-unboost|p1a: Landing Strip?|spa|2
|
|-heal|p2a: Crobat|364\/373|[from] item: Black Sludge
|turn|3
|
|switch|p1a: Kraken|Tentacruel, M|361\/361
|move|p2a: Crobat|U-turn|p1a: Kraken
|-resisted|p1a: Kraken
|-damage|p1a: Kraken|336\/361
|
|switch|p2a: Raikou|Raikou|124\/322
|-ability|p2a: Raikou|Pressure
|
|-heal|p1a: Kraken|358\/361|[from] item: Leftovers
|turn|4
|
|move|p2a: Raikou|Volt Switch|p1a: Kraken
|-supereffective|p1a: Kraken
|-damage|p1a: Kraken|128\/361
|
|switch|p2a: Sableye|Sableye, F|304\/304
|move|p1a: Kraken|Toxic Spikes|p2a: Sableye
|-sidestart|p2: fdubwilli|move: Toxic Spikes
|
|-heal|p1a: Kraken|150\/361|[from] item: Leftovers
|turn|5
|
|move|p1a: Kraken|Protect|p1a: Kraken
|-singleturn|p1a: Kraken|Protect
|move|p2a: Sableye|Taunt|p1a: Kraken
|-activate|p1a: Kraken|Protect
|
|-heal|p1a: Kraken|172\/361|[from] item: Leftovers
|turn|6
|
|switch|p1a: Cerberus|Houndoom, M|291\/291
|move|p2a: Sableye|Knock Off|p1a: Cerberus
|-resisted|p1a: Cerberus
|-damage|p1a: Cerberus|237\/291
|
|turn|7
|
|switch|p2a: Swampert|Swampert, M|401\/401
|-status|p2a: Swampert|psn
|detailschange|p1a: Cerberus|Houndoom-Mega, M
|message|Houndoom has Mega Evolved into Mega Houndoom!
|move|p1a: Cerberus|Fire Blast|p2a: Swampert
|-resisted|p2a: Swampert
|-damage|p2a: Swampert|295\/401 psn
|
|-heal|p2a: Swampert|320\/401 psn|[from] item: Leftovers
|-damage|p2a: Swampert|270\/401 psn|[from] psn
|turn|8
|
|switch|p1a: Landing Strip?|Rotom-Mow|241\/241
|move|p2a: Swampert|Stealth Rock|p1a: Landing Strip?
|-sidestart|p1: Brock's Blue Balls|move: Stealth Rock
|
|-heal|p2a: Swampert|295\/401 psn|[from] item: Leftovers
|-damage|p2a: Swampert|245\/401 psn|[from] psn
|turn|9
|
|move|p1a: Landing Strip?|Volt Switch|p2a: Swampert
|-immune|p2a: Swampert|[msg]
|move|p2a: Swampert|Roar|p1a: Landing Strip?
|drag|p1a: Cerberus|Houndoom-Mega, M|237\/291
|-damage|p1a: Cerberus|165\/291|[from] Stealth Rock
|
|-heal|p2a: Swampert|270\/401 psn|[from] item: Leftovers
|-damage|p2a: Swampert|220\/401 psn|[from] psn
|turn|10
|
|switch|p1a: Landing Strip?|Rotom-Mow|241\/241
|-damage|p1a: Landing Strip?|211\/241|[from] Stealth Rock
|move|p2a: Swampert|Scald|p1a: Landing Strip?
|-resisted|p1a: Landing Strip?
|-damage|p1a: Landing Strip?|175\/241
|-status|p1a: Landing Strip?|brn
|
|-heal|p2a: Swampert|245\/401 psn|[from] item: Leftovers
|-damage|p1a: Landing Strip?|145\/241 brn|[from] brn
|-damage|p2a: Swampert|195\/401 psn|[from] psn
|turn|11
|
|switch|p2a: Crobat|Crobat, M|364\/373
|move|p1a: Landing Strip?|Leaf Storm|p2a: Crobat
|-resisted|p2a: Crobat
|-damage|p2a: Crobat|301\/373
|-unboost|p1a: Landing Strip?|spa|2
|
|-heal|p2a: Crobat|324\/373|[from] item: Black Sludge
|-damage|p1a: Landing Strip?|115\/241 brn|[from] brn
|turn|12
|
|switch|p1a: Venetia Shield|Doublade, M, shiny|309\/309
|-damage|p1a: Venetia Shield|290\/309|[from] Stealth Rock
|move|p2a: Crobat|U-turn|p1a: Venetia Shield
|-resisted|p1a: Venetia Shield
|-damage|p1a: Venetia Shield|283\/309
|
|switch|p2a: Sableye|Sableye, F|304\/304
|-status|p2a: Sableye|psn
|
|-damage|p2a: Sableye|266\/304 psn|[from] psn
|turn|13
|
|switch|p1a: Cerberus|Houndoom-Mega, M|165\/291
|-damage|p1a: Cerberus|93\/291|[from] Stealth Rock
|move|p2a: Sableye|Knock Off|p1a: Cerberus
|-resisted|p1a: Cerberus
|-damage|p1a: Cerberus|57\/291
|
|-heal|p2a: Sableye|285\/304 psn|[from] item: Leftovers
|-damage|p2a: Sableye|247\/304 psn|[from] psn
|turn|14
|
|switch|p2a: Swampert|Swampert, M|195\/401 psn
|move|p1a: Cerberus|Fire Blast|p2a: Swampert
|-resisted|p2a: Swampert
|-damage|p2a: Swampert|83\/401 psn
|
|-heal|p2a: Swampert|108\/401 psn|[from] item: Leftovers
|-damage|p2a: Swampert|58\/401 psn|[from] psn
|turn|15
|
|move|p1a: Cerberus|Dark Pulse|p2a: Swampert
|-damage|p2a: Swampert|0 fnt
|faint|p2a: Swampert
|
|
|switch|p2a: Crobat|Crobat, M|324\/373
|turn|16
|
|switch|p1a: Venetia Shield|Doublade, M, shiny|283\/309
|-damage|p1a: Venetia Shield|264\/309|[from] Stealth Rock
|move|p2a: Crobat|Brave Bird|p1a: Venetia Shield
|-resisted|p1a: Venetia Shield
|-damage|p1a: Venetia Shield|231\/309
|-damage|p2a: Crobat|313\/373|[from] recoil|[of] p1a: Venetia Shield
|
|-heal|p2a: Crobat|336\/373|[from] item: Black Sludge
|turn|17
|
|switch|p2a: Sableye|Sableye, F|247\/304 psn
|move|p1a: Venetia Shield|Iron Head|p2a: Sableye
|-damage|p2a: Sableye|55\/304 psn
|
|-heal|p2a: Sableye|74\/304 psn|[from] item: Leftovers
|-damage|p2a: Sableye|36\/304 psn|[from] psn
|turn|18
|
|switch|p1a: Scrambled|Togekiss, M, shiny|351\/351
|-damage|p1a: Scrambled|264\/351|[from] Stealth Rock
|move|p2a: Sableye|Will-O-Wisp|p1a: Scrambled
|-status|p1a: Scrambled|brn
|
|-heal|p1a: Scrambled|285\/351 brn|[from] item: Leftovers
|-heal|p2a: Sableye|55\/304 psn|[from] item: Leftovers
|-damage|p1a: Scrambled|242\/351 brn|[from] brn
|-damage|p2a: Sableye|17\/304 psn|[from] psn
|turn|19
|
|move|p2a: Sableye|Taunt|p1a: Scrambled
|-start|p1a: Scrambled|move: Taunt
|cant|p1a: Scrambled|move: Taunt|Nasty Plot
|
|-heal|p1a: Scrambled|263\/351 brn|[from] item: Leftovers
|-heal|p2a: Sableye|36\/304 psn|[from] item: Leftovers
|-damage|p1a: Scrambled|220\/351 brn|[from] brn
|-damage|p2a: Sableye|0 fnt|[from] psn
|faint|p2a: Sableye
|
|switch|p2a: Froslass|Froslass, F|281\/281
|-status|p2a: Froslass|psn
|turn|20
|
|move|p2a: Froslass|Spikes|p1a: Scrambled
|-sidestart|p1: Brock's Blue Balls|Spikes
|move|p1a: Scrambled|Air Slash|p2a: Froslass
|-crit|p2a: Froslass
|-damage|p2a: Froslass|64\/281 psn
|
|-heal|p1a: Scrambled|241\/351 brn|[from] item: Leftovers
|-damage|p2a: Froslass|29\/281 psn|[from] psn
|-damage|p1a: Scrambled|198\/351 brn|[from] brn
|turn|21
|
|switch|p1a: Teen Mom|Blissey, F|651\/651
|-damage|p1a: Teen Mom|570\/651|[from] Spikes
|-damage|p1a: Teen Mom|489\/651|[from] Stealth Rock
|move|p2a: Froslass|Spikes|p1a: Teen Mom
|-sidestart|p1: Brock's Blue Balls|Spikes
|
|-heal|p1a: Teen Mom|529\/651|[from] item: Leftovers
|-damage|p2a: Froslass|0 fnt|[from] psn
|faint|p2a: Froslass
|
|switch|p2a: Lucario|Lucario, F|281\/281
|turn|22
|
|switch|p1a: Cerberus|Houndoom-Mega, M|57\/291
|-damage|p1a: Cerberus|9\/291|[from] Spikes
|-damage|p1a: Cerberus|0 fnt|[from] Stealth Rock
|faint|p1a: Cerberus
|move|p2a: Lucario|Nasty Plot|p2a: Lucario
|-boost|p2a: Lucario|spa|2
|
|
|switch|p1a: Landing Strip?|Rotom-Mow|115\/241 brn
|-damage|p1a: Landing Strip?|85\/241 brn|[from] Stealth Rock
|turn|23
|
|move|p2a: Lucario|Vacuum Wave|p1a: Landing Strip?
|-damage|p1a: Landing Strip?|0 fnt
|-damage|p2a: Lucario|253\/281|[from] item: Life Orb
|faint|p1a: Landing Strip?
|
|
|switch|p1a: Teen Mom|Blissey, F|529\/651
|-damage|p1a: Teen Mom|448\/651|[from] Stealth Rock
|-damage|p1a: Teen Mom|340\/651|[from] Spikes
|turn|24
|
|move|p2a: Lucario|Aura Sphere|p1a: Teen Mom
|-supereffective|p1a: Teen Mom
|-damage|p1a: Teen Mom|0 fnt
|-damage|p2a: Lucario|225\/281|[from] item: Life Orb
|faint|p1a: Teen Mom
|
|
|switch|p1a: Venetia Shield|Doublade, M, shiny|231\/309
|-damage|p1a: Venetia Shield|212\/309|[from] Stealth Rock
|-damage|p1a: Venetia Shield|161\/309|[from] Spikes
|turn|25
|
|move|p2a: Lucario|Flash Cannon|p1a: Venetia Shield
|-resisted|p1a: Venetia Shield
|-damage|p1a: Venetia Shield|0 fnt
|-damage|p2a: Lucario|197\/281|[from] item: Life Orb
|faint|p1a: Venetia Shield
|
|
|switch|p1a: Kraken|Tentacruel, M|172\/361
|-damage|p1a: Kraken|127\/361|[from] Stealth Rock
|-damage|p1a: Kraken|67\/361|[from] Spikes
|turn|26
|c|âfdubwilli|gg
|c|âfdubwilli|luke is power
|
|move|p1a: Kraken|Protect|p1a: Kraken
|-singleturn|p1a: Kraken|Protect
|move|p2a: Lucario|Flash Cannon|p1a: Kraken
|-activate|p1a: Kraken|Protect
|
|-heal|p1a: Kraken|89\/361|[from] item: Leftovers
|turn|27
|
|move|p2a: Lucario|Flash Cannon|p1a: Kraken
|-resisted|p1a: Kraken
|-damage|p1a: Kraken|0 fnt
|-damage|p2a: Lucario|169\/281|[from] item: Life Orb
|faint|p1a: Kraken
|
|-message|Brock's Blue Balls forfeited.
|
|win|fdubwilli
|raw|Ladder updating...
|raw|Brock&apos;s Blue Balls's rating: 1603 &rarr; <strong>1575<\/strong><br \/>(-28 for losing)
|raw|fdubwilli's rating: 1456 &rarr; <strong>1484<\/strong><br \/>(+28 for winning)
|leave|Brock's Blue Balls
|player|p1