|join|Brock's Blue Balls
|join|Andysix
|player|p1|Brock's Blue Balls|154
|player|p2|Andysix|290
|gametype|singles
|gen|6
|tier|UU
|rated
|rule|Sleep Clause Mod: Limit one foe put to sleep
|rule|Species Clause: Limit one of each PokÃ©mon
|rule|OHKO Clause: OHKO moves are banned
|rule|Moody Clause: Moody is banned
|rule|Evasion Moves Clause: Evasion moves are banned
|rule|Endless Battle Clause: Forcing endless battles is banned
|rule|HP Percentage Mod: HP is reported as percentages
|clearpoke
|poke|p1|Doublade, M, shiny
|poke|p1|Granbull, M
|poke|p1|Blissey, F
|poke|p1|Houndoom, M
|poke|p1|Tentacruel, M
|poke|p1|Rotom-Mow
|poke|p2|Hippowdon, F
|poke|p2|Victini
|poke|p2|Honchkrow, F
|poke|p2|Nidoking, M
|poke|p2|Blastoise, F
|poke|p2|Blissey, F
|rule|Swagger Clause: Swagger is banned
|rule|Baton Pass Clause: Limit one PokÃ©mon knowing Baton Pass
|teampreview
|
|start
|switch|p1a: Landing Strip?|Rotom-Mow|241\/241
|switch|p2a: Blissey|Blissey, F|651\/651
|turn|1
|
|move|p2a: Blissey|Protect|p2a: Blissey
|-singleturn|p2a: Blissey|Protect
|move|p1a: Landing Strip?|Volt Switch|p2a: Blissey
|-activate|p2a: Blissey|Protect
|
|turn|2
|
|switch|p1a: Teen Mom|Blissey, F|651\/651
|switch|p2a: Nidoking|Nidoking, M|304\/304
|
|turn|3
|
|switch|p2a: Hippowdon|Hippowdon, F|400\/400
|-weather|Sandstorm
|move|p1a: Teen Mom|Stealth Rock|p2a: Hippowdon
|-sidestart|p2: Andysix|move: Stealth Rock
|
|-weather|Sandstorm|[upkeep]
|-damage|p1a: Teen Mom|611\/651|[from] sandstorm
|-heal|p1a: Teen Mom|651\/651|[from] item: Leftovers
|turn|4
|
|move|p1a: Teen Mom|Toxic|p2a: Hippowdon
|-status|p2a: Hippowdon|tox
|move|p2a: Hippowdon|Stealth Rock|p1a: Teen Mom
|-sidestart|p1: Brock's Blue Balls|move: Stealth Rock
|
|-weather|Sandstorm|[upkeep]
|-damage|p1a: Teen Mom|611\/651|[from] sandstorm
|-heal|p1a: Teen Mom|651\/651|[from] item: Leftovers
|-damage|p2a: Hippowdon|375\/400 tox|[from] psn
|turn|5
|
|switch|p2a: Victini|Victini|342\/342
|-damage|p2a: Victini|257\/342|[from] Stealth Rock
|move|p1a: Teen Mom|Toxic|p2a: Victini|[miss]
|-miss|p1a: Teen Mom|p2a: Victini
|
|-weather|Sandstorm|[upkeep]
|-damage|p2a: Victini|236\/342|[from] sandstorm
|-damage|p1a: Teen Mom|611\/651|[from] sandstorm
|-heal|p1a: Teen Mom|651\/651|[from] item: Leftovers
|turn|6
|
|switch|p1a: Kraken|Tentacruel, M|361\/361
|-damage|p1a: Kraken|316\/361|[from] Stealth Rock
|move|p2a: Victini|U-turn|p1a: Kraken
|-resisted|p1a: Kraken
|-damage|p1a: Kraken|264\/361
|
|switch|p2a: Blastoise|Blastoise, F|360\/360
|-damage|p2a: Blastoise|315\/360|[from] Stealth Rock
|
|-weather|Sandstorm|[upkeep]
|-damage|p1a: Kraken|242\/361|[from] sandstorm
|-damage|p2a: Blastoise|293\/360|[from] sandstorm
|-heal|p1a: Kraken|264\/361|[from] item: Leftovers
|turn|7
|
|detailschange|p2a: Blastoise|Blastoise-Mega, F
|message|Blastoise has Mega Evolved into Mega Blastoise!
|move|p1a: Kraken|Rapid Spin|p2a: Blastoise
|-damage|p2a: Blastoise|286\/360
|-sideend|p1: Brock's Blue Balls|Stealth Rock|[from] move: Rapid Spin|[of] p1a: Kraken
|move|p2a: Blastoise|Rapid Spin|p1a: Kraken
|-damage|p1a: Kraken|250\/361
|-sideend|p2: Andysix|Stealth Rock|[from] move: Rapid Spin|[of] p2a: Blastoise
|
|-weather|none
|-heal|p1a: Kraken|272\/361|[from] item: Leftovers
|turn|8
|
|switch|p1a: Teen Mom|Blissey, F|651\/651
|switch|p2a: Blissey|Blissey, F|651\/651
|
|turn|9
|
|move|p1a: Teen Mom|Stealth Rock|p2a: Blissey
|-sidestart|p2: Andysix|move: Stealth Rock
|move|p2a: Blissey|Heal Bell|p2a: Blissey
|-cureteam|p2a: Blissey|[from] move: HealBell
|
|turn|10
|
|move|p1a: Teen Mom|Toxic|p2a: Blissey
|-status|p2a: Blissey|tox
|move|p2a: Blissey|Wish|p2a: Blissey
|
|-damage|p2a: Blissey|611\/651 tox|[from] psn
|turn|11
|
|switch|p2a: Victini|Victini|236\/342
|-damage|p2a: Victini|151\/342|[from] Stealth Rock
|move|p1a: Teen Mom|Toxic|p2a: Victini
|-status|p2a: Victini|tox
|
|-heal|p2a: Victini|342\/342 tox|[from] move: Wish|[wisher] Blissey
|-damage|p2a: Victini|321\/342 tox|[from] psn
|turn|12
|
|switch|p1a: Cerberus|Houndoom, M|291\/291
|move|p2a: Victini|Bolt Strike|p1a: Cerberus
|-damage|p1a: Cerberus|0 fnt
|faint|p1a: Cerberus
|
|-damage|p2a: Victini|279\/342 tox|[from] psn
|
|switch|p1a: Landing Strip?|Rotom-Mow|241\/241
|turn|13
|
|switch|p2a: Nidoking|Nidoking, M|304\/304
|-damage|p2a: Nidoking|285\/304|[from] Stealth Rock
|move|p1a: Landing Strip?|Trick|p2a: Nidoking
|-activate|p1a: Landing Strip?|move: Trick|[of] p2a: Nidoking
|-item|p2a: Nidoking|Choice Scarf|[from] move: Trick
|-item|p1a: Landing Strip?|Life Orb|[from] move: Trick
|
|turn|14
|
|switch|p2a: Blastoise|Blastoise-Mega, F|286\/360
|-damage|p2a: Blastoise|241\/360|[from] Stealth Rock
|switch|p1a: Teen Mom|Blissey, F|651\/651
|
|turn|15
|
|move|p2a: Blastoise|Rapid Spin|p1a: Teen Mom
|-damage|p1a: Teen Mom|623\/651
|-sideend|p2: Andysix|Stealth Rock|[from] move: Rapid Spin|[of] p2a: Blastoise
|move|p1a: Teen Mom|Toxic|p2a: Blastoise
|-status|p2a: Blastoise|tox
|
|-heal|p1a: Teen Mom|651\/651|[from] item: Leftovers
|-damage|p2a: Blastoise|219\/360 tox|[from] psn
|turn|16
|
|switch|p2a: Blissey|Blissey, F|611\/651
|move|p1a: Teen Mom|Stealth Rock|p2a: Blissey
|-sidestart|p2: Andysix|move: Stealth Rock
|
|-heal|p2a: Blissey|651\/651|[from] item: Leftovers
|turn|17
|
|switch|p1a: Venetia Shield|Doublade, M, shiny|309\/309
|move|p2a: Blissey|Heal Bell|p2a: Blissey
|-cureteam|p2a: Blissey|[from] move: HealBell
|
|turn|18
|
|switch|p2a: Blastoise|Blastoise-Mega, F|219\/360
|-damage|p2a: Blastoise|174\/360|[from] Stealth Rock
|move|p1a: Venetia Shield|Swords Dance|p1a: Venetia Shield
|-boost|p1a: Venetia Shield|atk|2
|
|turn|19
|
|switch|p1a: Teen Mom|Blissey, F|651\/651
|move|p2a: Blastoise|Scald|p1a: Teen Mom
|-damage|p1a: Teen Mom|539\/651
|
|-heal|p1a: Teen Mom|579\/651|[from] item: Leftovers
|turn|20
|
|switch|p2a: Blissey|Blissey, F|651\/651
|-damage|p2a: Blissey|570\/651|[from] Stealth Rock
|move|p1a: Teen Mom|Seismic Toss|p2a: Blissey
|-damage|p2a: Blissey|470\/651
|
|-heal|p1a: Teen Mom|619\/651|[from] item: Leftovers
|-heal|p2a: Blissey|510\/651|[from] item: Leftovers
|turn|21
|
|switch|p1a: Venetia Shield|Doublade, M, shiny|309\/309
|move|p2a: Blissey|Wish|p2a: Blissey
|
|-heal|p2a: Blissey|550\/651|[from] item: Leftovers
|turn|22
|
|switch|p2a: Blastoise|Blastoise-Mega, F|174\/360
|-damage|p2a: Blastoise|129\/360|[from] Stealth Rock
|move|p1a: Venetia Shield|Shadow Claw|p2a: Blastoise
|-damage|p2a: Blastoise|21\/360
|
|-heal|p2a: Blastoise|346\/360|[from] move: Wish|[wisher] Blissey
|turn|23
|
|switch|p1a: Teen Mom|Blissey, F|619\/651
|move|p2a: Blastoise|Scald|p1a: Teen Mom
|-damage|p1a: Teen Mom|516\/651
|
|-heal|p1a: Teen Mom|556\/651|[from] item: Leftovers
|turn|24
|
|move|p2a: Blastoise|Rapid Spin|p1a: Teen Mom
|-damage|p1a: Teen Mom|528\/651
|-sideend|p2: Andysix|Stealth Rock|[from] move: Rapid Spin|[of] p2a: Blastoise
|move|p1a: Teen Mom|Toxic|p2a: Blastoise
|-status|p2a: Blastoise|tox
|
|-heal|p1a: Teen Mom|568\/651|[from] item: Leftovers
|-damage|p2a: Blastoise|324\/360 tox|[from] psn
|turn|25
|
|switch|p2a: Victini|Victini|279\/342
|move|p1a: Teen Mom|Stealth Rock|p2a: Victini
|-sidestart|p2: Andysix|move: Stealth Rock
|
|-heal|p1a: Teen Mom|608\/651|[from] item: Leftovers
|turn|26
|
|move|p2a: Victini|V-create|p1a: Teen Mom
|-damage|p1a: Teen Mom|0 fnt
|-unboost|p2a: Victini|def|1
|-unboost|p2a: Victini|spd|1
|-unboost|p2a: Victini|spe|1
|faint|p1a: Teen Mom
|
|
|switch|p1a: Venetia Shield|Doublade, M, shiny|309\/309
|turn|27
|
|switch|p2a: Hippowdon|Hippowdon, F|375\/400
|-damage|p2a: Hippowdon|350\/400|[from] Stealth Rock
|-weather|Sandstorm
|move|p1a: Venetia Shield|Swords Dance|p1a: Venetia Shield
|-boost|p1a: Venetia Shield|atk|2
|
|-weather|Sandstorm|[upkeep]
|-heal|p2a: Hippowdon|375\/400|[from] item: Leftovers
|turn|28
|
|move|p2a: Hippowdon|Earthquake|p1a: Venetia Shield
|-supereffective|p1a: Venetia Shield
|-damage|p1a: Venetia Shield|193\/309
|move|p1a: Venetia Shield|Iron Head|p2a: Hippowdon
|-damage|p2a: Hippowdon|149\/400
|
|-weather|Sandstorm|[upkeep]
|-heal|p2a: Hippowdon|174\/400|[from] item: Leftovers
|turn|29
|
|move|p2a: Hippowdon|Earthquake|p1a: Venetia Shield
|-supereffective|p1a: Venetia Shield
|-damage|p1a: Venetia Shield|77\/309
|move|p1a: Venetia Shield|Iron Head|p2a: Hippowdon
|-damage|p2a: Hippowdon|0 fnt
|faint|p2a: Hippowdon
|
|-weather|Sandstorm|[upkeep]
|
|switch|p2a: Honchkrow|Honchkrow, F|404\/404
|-damage|p2a: Honchkrow|303\/404|[from] Stealth Rock
|turn|30
|
|move|p2a: Honchkrow|Pursuit|p1a: Venetia Shield|[from]Pursuit
|-supereffective|p1a: Venetia Shield
|-damage|p1a: Venetia Shield|0 fnt
|-damage|p2a: Honchkrow|263\/404|[from] item: Life Orb
|faint|p1a: Venetia Shield
|-boost|p2a: Honchkrow|atk|1|[from] ability: Moxie
|
|-weather|Sandstorm|[upkeep]
|-damage|p2a: Honchkrow|238\/404|[from] sandstorm
|
|switch|p1a: Landing Strip?|Rotom-Mow|241\/241
|turn|31
|
|move|p2a: Honchkrow|Sucker Punch|p1a: Landing Strip?
|-fail|p1a: Landing Strip?
|move|p1a: Landing Strip?|Will-O-Wisp|p2a: Honchkrow
|-status|p2a: Honchkrow|brn
|
|-weather|none
|-damage|p2a: Honchkrow|188\/404 brn|[from] brn
|turn|32
|
|switch|p2a: Nidoking|Nidoking, M|285\/304
|-damage|p2a: Nidoking|266\/304|[from] Stealth Rock
|move|p1a: Landing Strip?|Volt Switch|p2a: Nidoking
|-immune|p2a: Nidoking|[msg]
|
|turn|33
|
|switch|p1a: Kraken|Tentacruel, M|272\/361
|move|p2a: Nidoking|Thunderbolt|p1a: Kraken
|-supereffective|p1a: Kraken
|-damage|p1a: Kraken|84\/361
|
|-heal|p1a: Kraken|106\/361|[from] item: Leftovers
|turn|34
|
|switch|p1a: Landing Strip?|Rotom-Mow|241\/241
|move|p2a: Nidoking|Thunderbolt|p1a: Landing Strip?
|-resisted|p1a: Landing Strip?
|-damage|p1a: Landing Strip?|217\/241
|
|turn|35
|
|move|p2a: Nidoking|Thunderbolt|p1a: Landing Strip?
|-resisted|p1a: Landing Strip?
|-damage|p1a: Landing Strip?|193\/241
|move|p1a: Landing Strip?|Leaf Storm|p2a: Nidoking
|-damage|p2a: Nidoking|0 fnt
|-unboost|p1a: Landing Strip?|spa|2
|-damage|p1a: Landing Strip?|169\/241|[from] item: Life Orb
|faint|p2a: Nidoking
|
|
|switch|p2a: Blastoise|Blastoise-Mega, F|324\/360 tox
|-damage|p2a: Blastoise|279\/360 tox|[from] Stealth Rock
|turn|36
|
|move|p1a: Landing Strip?|Volt Switch|p2a: Blastoise
|-supereffective|p2a: Blastoise
|-damage|p2a: Blastoise|154\/360 tox
|-damage|p1a: Landing Strip?|145\/241|[from] item: Life Orb
|
|switch|p1a: Kraken|Tentacruel, M|106\/361
|move|p2a: Blastoise|Rapid Spin|p1a: Kraken
|-damage|p1a: Kraken|91\/361
|-sideend|p2: Andysix|Stealth Rock|[from] move: Rapid Spin|[of] p2a: Blastoise
|
|-heal|p1a: Kraken|113\/361|[from] item: Leftovers
|-damage|p2a: Blastoise|132\/360 tox|[from] psn
|turn|37
|
|switch|p2a: Blissey|Blissey, F|550\/651
|move|p1a: Kraken|Toxic Spikes|p2a: Blissey
|-sidestart|p2: Andysix|move: Toxic Spikes
|
|-heal|p1a: Kraken|135\/361|[from] item: Leftovers
|-heal|p2a: Blissey|590\/651|[from] item: Leftovers
|turn|38
|
|move|p1a: Kraken|Toxic Spikes|p2a: Blissey
|-sidestart|p2: Andysix|move: Toxic Spikes
|move|p2a: Blissey|Heal Bell|p2a: Blissey
|-cureteam|p2a: Blissey|[from] move: HealBell
|
|-heal|p1a: Kraken|157\/361|[from] item: Leftovers
|-heal|p2a: Blissey|630\/651|[from] item: Leftovers
|turn|39
|
|switch|p1a: Landing Strip?|Rotom-Mow|145\/241
|move|p2a: Blissey|Wish|p2a: Blissey
|
|-heal|p2a: Blissey|651\/651|[from] item: Leftovers
|turn|40
|
|move|p1a: Landing Strip?|Volt Switch|p2a: Blissey
|-damage|p2a: Blissey|576\/651
|-damage|p1a: Landing Strip?|121\/241|[from] item: Life Orb
|
|switch|p1a: Boodro|Granbull, M|377\/377
|-ability|p1a: Boodro|Intimidate|[of] p2a: Blissey
|-unboost|p2a: Blissey|atk|1
|move|p2a: Blissey|Toxic|p1a: Boodro
|-status|p1a: Boodro|tox
|
|-heal|p2a: Blissey|651\/651|[from] move: Wish|[wisher] Blissey
|-damage|p1a: Boodro|354\/377 tox|[from] psn
|turn|41
|
|switch|p2a: Honchkrow|Honchkrow, F|188\/404
|move|p1a: Boodro|Play Rough|p2a: Honchkrow
|-supereffective|p2a: Honchkrow
|-damage|p2a: Honchkrow|0 fnt
|faint|p2a: Honchkrow
|
|-heal|p1a: Boodro|377\/377 tox|[from] item: Leftovers
|-damage|p1a: Boodro|331\/377 tox|[from] psn
|
|switch|p2a: Victini|Victini|279\/342
|-status|p2a: Victini|tox
|turn|42
|
|move|p2a: Victini|Bolt Strike|p1a: Boodro
|-damage|p1a: Boodro|170\/377 tox
|move|p1a: Boodro|Earthquake|p2a: Victini
|-supereffective|p2a: Victini
|-damage|p2a: Victini|97\/342 tox
|
|-heal|p1a: Boodro|193\/377 tox|[from] item: Leftovers
|-damage|p2a: Victini|76\/342 tox|[from] psn
|-damage|p1a: Boodro|124\/377 tox|[from] psn
|turn|43
|
|switch|p2a: Blissey|Blissey, F|651\/651
|-status|p2a: Blissey|tox
|switch|p1a: Landing Strip?|Rotom-Mow|121\/241
|
|-damage|p2a: Blissey|611\/651 tox|[from] psn
|turn|44
|
|move|p1a: Landing Strip?|Trick|p2a: Blissey
|-activate|p1a: Landing Strip?|move: Trick|[of] p2a: Blissey
|-item|p2a: Blissey|Life Orb|[from] move: Trick
|-item|p1a: Landing Strip?|Leftovers|[from] move: Trick
|move|p2a: Blissey|Wish|p2a: Blissey
|
|-heal|p1a: Landing Strip?|136\/241|[from] item: Leftovers
|-damage|p2a: Blissey|531\/651 tox|[from] psn
|turn|45
|
|move|p1a: Landing Strip?|Volt Switch|p2a: Blissey
|-damage|p2a: Blissey|470\/651 tox
|
|switch|p1a: Boodro|Granbull, M|124\/377 tox
|-ability|p1a: Boodro|Intimidate|[of] p2a: Blissey
|-unboost|p2a: Blissey|atk|1
|move|p2a: Blissey|Heal Bell|p2a: Blissey
|-cureteam|p2a: Blissey|[from] move: HealBell
|
|-heal|p2a: Blissey|651\/651|[from] move: Wish|[wisher] Blissey
|-heal|p1a: Boodro|147\/377 tox|[from] item: Leftovers
|-damage|p1a: Boodro|124\/377 tox|[from] psn
|turn|46
|
|move|p2a: Blissey|Protect|p2a: Blissey
|-singleturn|p2a: Blissey|Protect
|move|p1a: Boodro|Heal Bell|p1a: Boodro
|-cureteam|p1a: Boodro|[from] move: HealBell
|
|-heal|p1a: Boodro|147\/377|[from] item: Leftovers
|turn|47
|
|move|p2a: Blissey|Toxic|p1a: Boodro
|-status|p1a: Boodro|tox
|move|p1a: Boodro|Play Rough|p2a: Blissey
|-damage|p2a: Blissey|387\/651
|
|-heal|p1a: Boodro|170\/377 tox|[from] item: Leftovers
|-damage|p1a: Boodro|147\/377 tox|[from] psn
|turn|48
|
|move|p2a: Blissey|Wish|p2a: Blissey
|move|p1a: Boodro|Play Rough|p2a: Blissey
|-damage|p2a: Blissey|126\/651
|
|-heal|p1a: Boodro|170\/377 tox|[from] item: Leftovers
|-damage|p1a: Boodro|124\/377 tox|[from] psn
|turn|49
|
|move|p2a: Blissey|Protect|p2a: Blissey
|-singleturn|p2a: Blissey|Protect
|move|p1a: Boodro|Heal Bell|p1a: Boodro
|-cureteam|p1a: Boodro|[from] move: HealBell
|
|-heal|p2a: Blissey|451\/651|[from] move: Wish|[wisher] Blissey
|-heal|p1a: Boodro|147\/377|[from] item: Leftovers
|turn|50
|
|move|p2a: Blissey|Toxic|p1a: Boodro|[miss]
|-miss|p2a: Blissey|p1a: Boodro
|move|p1a: Boodro|Play Rough|p2a: Blissey
|-crit|p2a: Blissey
|-damage|p2a: Blissey|55\/651
|
|-heal|p1a: Boodro|170\/377|[from] item: Leftovers
|turn|51
|
|move|p2a: Blissey|Toxic|p1a: Boodro
|-status|p1a: Boodro|tox
|move|p1a: Boodro|Play Rough|p2a: Blissey
|-damage|p2a: Blissey|0 fnt
|faint|p2a: Blissey
|
|-heal|p1a: Boodro|193\/377 tox|[from] item: Leftovers
|-damage|p1a: Boodro|170\/377 tox|[from] psn
|
|switch|p2a: Victini|Victini|76\/342
|-status|p2a: Victini|tox
|turn|52
|
|move|p2a: Victini|V-create|p1a: Boodro
|-damage|p1a: Boodro|0 fnt
|-unboost|p2a: Victini|def|1
|-unboost|p2a: Victini|spd|1
|-unboost|p2a: Victini|spe|1
|faint|p1a: Boodro
|
|-damage|p2a: Victini|55\/342 tox|[from] psn
|
|switch|p1a: Landing Strip?|Rotom-Mow|136\/241
|turn|53
|
|switch|p2a: Blastoise|Blastoise-Mega, F|132\/360
|-status|p2a: Blastoise|tox
|move|p1a: Landing Strip?|Volt Switch|p2a: Blastoise
|-supereffective|p2a: Blastoise
|-damage|p2a: Blastoise|0 fnt
|faint|p2a: Blastoise
|
|switch|p1a: Kraken|Tentacruel, M|157\/361
|
|-heal|p1a: Kraken|179\/361|[from] item: Leftovers
|
|switch|p2a: Victini|Victini|55\/342 tox
|turn|54
|
|move|p1a: Kraken|Protect|p1a: Kraken
|-singleturn|p1a: Kraken|Protect
|move|p2a: Victini|Zen Headbutt|p1a: Kraken
|-activate|p1a: Kraken|Protect
|
|-heal|p1a: Kraken|201\/361|[from] item: Leftovers
|-damage|p2a: Victini|34\/342 tox|[from] psn
|turn|55
|chat|Andysix|Gg
|chat|Brock's Blue Balls|gg
|
|move|p1a: Kraken|Protect|p1a: Kraken
|-fail|p1a: Kraken
|move|p2a: Victini|Zen Headbutt|p1a: Kraken
|-supereffective|p1a: Kraken
|-damage|p1a: Kraken|0 fnt
|faint|p1a: Kraken
|
|-damage|p2a: Victini|0 fnt|[from] psn
|faint|p2a: Victini
|
|win|Brock's Blue Balls
|raw|Ladder updating...
|raw|Brock&apos;s Blue Balls's rating: 1517 &rarr; <strong>1534<\/strong><br \/>(+17 for winning)
|raw|Andysix's rating: 1457 &rarr; <strong>1440<\/strong><br \/>(-17 for losing)
|leave|Brock's Blue Balls
|player|p1