|join|JPAIN7
|join|Brock's Blue Balls
|player|p1|JPAIN7|101
|player|p2|Brock's Blue Balls|154
|gametype|singles
|gen|6
|tier|UU
|rated
|rule|Sleep Clause Mod: Limit one foe put to sleep
|rule|Species Clause: Limit one of each Pokemon
|rule|OHKO Clause: OHKO moves are banned
|rule|Moody Clause: Moody is banned
|rule|Evasion Moves Clause: Evasion moves are banned
|rule|Endless Battle Clause: Forcing endless battles is banned.
|rule|HP Percentage Mod: HP is reported as percentages
|clearpoke
|poke|p1|Florges, F
|poke|p1|Heracross, F
|poke|p1|Nidoking, M
|poke|p1|Blastoise, F
|poke|p1|Swampert, F
|poke|p1|Victini
|poke|p2|Granbull, M
|poke|p2|Hydreigon, F
|poke|p2|Jirachi
|poke|p2|Donphan, M
|poke|p2|Chandelure, M, shiny
|poke|p2|Heracross, M, shiny
|teampreview
|
|start
|switch|p1a: Nidoking|Nidoking, M|366\/366
|switch|p2a: Hydra|Hydreigon, F|325\/325
|turn|1
|
|move|p2a: Hydra|Flash Cannon|p1a: Nidoking
|-damage|p1a: Nidoking|181\/366
|move|p1a: Nidoking|Sludge Wave|p2a: Hydra
|-damage|p2a: Hydra|70\/325
|
|turn|2
|
|switch|p1a: Blastoise|Blastoise, F|362\/362
|move|p2a: Hydra|Flash Cannon|p1a: Blastoise
|-resisted|p1a: Blastoise
|-damage|p1a: Blastoise|287\/362
|
|turn|3
|
|switch|p2a: Mega Horny|Heracross, M, shiny|301\/301
|-formechange|p1a: Blastoise|Blastoise-Mega
|message|Blastoise has Mega Evolved into Mega Blastoise!
|move|p1a: Blastoise|Water Pulse|p2a: Mega Horny
|-damage|p2a: Mega Horny|124\/301
|
|turn|4
|
|move|p2a: Mega Horny|Close Combat|p1a: Blastoise
|-damage|p1a: Blastoise|100\/362
|-unboost|p2a: Mega Horny|def|1
|-unboost|p2a: Mega Horny|spd|1
|move|p1a: Blastoise|Water Pulse|p2a: Mega Horny
|-damage|p2a: Mega Horny|0 fnt
|faint|p2a: Mega Horny
|
|
|switch|p2a: Hydra|Hydreigon, F|70\/325
|turn|5
|
|move|p2a: Hydra|Dark Pulse|p1a: Blastoise
|-crit|p1a: Blastoise
|-damage|p1a: Blastoise|0 fnt
|faint|p1a: Blastoise
|
|
|switch|p1a: Heracross|Heracross, F|302\/302
|turn|6
|
|switch|p2a: Boodro|Granbull, M|384\/384
|-ability|p2a: Boodro|Intimidate|[of] p1a: Heracross
|-unboost|p1a: Heracross|atk|1
|move|p1a: Heracross|Stone Edge|p2a: Boodro|[miss]
|-miss|p1a: Heracross|p2a: Boodro
|
|turn|7
|
|switch|p1a: Swampert|Swampert, F|404\/404
|move|p2a: Boodro|Earthquake|p1a: Swampert
|-damage|p1a: Swampert|302\/404
|
|-heal|p1a: Swampert|327\/404|[from] item: Leftovers
|turn|8
|
|move|p2a: Boodro|Play Rough|p1a: Swampert
|-crit|p1a: Swampert
|-damage|p1a: Swampert|140\/404
|move|p1a: Swampert|Stealth Rock|p2a: Boodro
|-sidestart|p2: Brock's Blue Balls|move: Stealth Rock
|
|-heal|p1a: Swampert|165\/404|[from] item: Leftovers
|turn|9
|
|move|p2a: Boodro|Play Rough|p1a: Swampert
|-damage|p1a: Swampert|47\/404
|move|p1a: Swampert|Earthquake|p2a: Boodro
|-damage|p2a: Boodro|236\/384
|
|-heal|p2a: Boodro|260\/384|[from] item: Leftovers
|-heal|p1a: Swampert|72\/404|[from] item: Leftovers
|turn|10
|
|move|p2a: Boodro|Earthquake|p1a: Swampert
|-damage|p1a: Swampert|0 fnt
|faint|p1a: Swampert
|
|-heal|p2a: Boodro|284\/384|[from] item: Leftovers
|
|switch|p1a: Victini|Victini|341\/341
|turn|11
|
|switch|p2a: LumiÃ¨re|Chandelure, M, shiny|261\/261
|-damage|p2a: LumiÃ¨re|196\/261|[from] Stealth Rock
|move|p1a: Victini|V-create|p2a: LumiÃ¨re
|-start|p2a: LumiÃ¨re|ability: Flash Fire
|
|turn|12
|
|switch|p1a: Florges|Florges, F|360\/360
|move|p2a: LumiÃ¨re|Fire Blast|p1a: Florges
|-damage|p1a: Florges|82\/360
|-damage|p2a: LumiÃ¨re|170\/261|[from] item: Life Orb
|
|-heal|p1a: Florges|104\/360|[from] item: Leftovers
|turn|13
|
|move|p2a: LumiÃ¨re|Substitute|p2a: LumiÃ¨re
|-start|p2a: LumiÃ¨re|Substitute
|-damage|p2a: LumiÃ¨re|105\/261
|move|p1a: Florges|Moonblast|p2a: LumiÃ¨re
|-resisted|p2a: LumiÃ¨re
|-end|p2a: LumiÃ¨re|Substitute
|
|-heal|p1a: Florges|126\/360|[from] item: Leftovers
|turn|14
|
|move|p2a: LumiÃ¨re|Fire Blast|p1a: Florges
|-damage|p1a: Florges|0 fnt
|-damage|p2a: LumiÃ¨re|79\/261|[from] item: Life Orb
|faint|p1a: Florges
|
|
|switch|p1a: Heracross|Heracross, F|302\/302
|turn|15
|
|switch|p2a: Boodro|Granbull, M|284\/384
|-damage|p2a: Boodro|236\/384|[from] Stealth Rock
|-ability|p2a: Boodro|Intimidate|[of] p1a: Heracross
|-unboost|p1a: Heracross|atk|1
|move|p1a: Heracross|Earthquake|p2a: Boodro
|-damage|p2a: Boodro|132\/384
|
|-heal|p2a: Boodro|156\/384|[from] item: Leftovers
|turn|16
|
|switch|p1a: Nidoking|Nidoking, M|181\/366
|move|p2a: Boodro|Thunder Wave|p1a: Nidoking
|-immune|p1a: Nidoking|[msg]
|
|-heal|p2a: Boodro|180\/384|[from] item: Leftovers
|turn|17
|
|switch|p2a: Stardust|Jirachi|404\/404
|-damage|p2a: Stardust|379\/404|[from] Stealth Rock
|move|p1a: Nidoking|Sludge Wave|p2a: Stardust
|-immune|p2a: Stardust|[msg]
|
|-heal|p2a: Stardust|404\/404|[from] item: Leftovers
|turn|18
|
|move|p2a: Stardust|Body Slam|p1a: Nidoking
|-damage|p1a: Nidoking|104\/366
|-status|p1a: Nidoking|par
|cant|p1a: Nidoking|par
|
|turn|19
|
|move|p2a: Stardust|Iron Head|p1a: Nidoking
|-damage|p1a: Nidoking|0 fnt
|faint|p1a: Nidoking
|
|
|switch|p1a: Victini|Victini|341\/341
|turn|20
|
|move|p1a: Victini|Bolt Strike|p2a: Stardust
|-damage|p2a: Stardust|205\/404
|move|p2a: Stardust|Body Slam|p1a: Victini
|-damage|p1a: Victini|279\/341
|-status|p1a: Victini|par
|
|-heal|p2a: Stardust|230\/404|[from] item: Leftovers
|turn|21
|-message|JPAIN7 forfeited.
|
|win|Brock's Blue Balls
|raw|Ladder updating...
|raw|JPAIN7's rating: 1419 &rarr; <strong>1404<\/strong><br \/>(-15 for losing)
|raw|Brock&apos;s Blue Balls's rating: 1503 &rarr; <strong>1518<\/strong><br \/>(+15 for winning)
|leave|JPAIN7
|player|p1