|join|Brock's Blue Balls
|join|GladHeAteHer
|player|p1|Brock's Blue Balls|154
|player|p2|GladHeAteHer|2
|gametype|singles
|gen|6
|tier|UU
|rated
|rule|Sleep Clause Mod: Limit one foe put to sleep
|rule|Species Clause: Limit one of each Pokemon
|rule|OHKO Clause: OHKO moves are banned
|rule|Moody Clause: Moody is banned
|rule|Evasion Moves Clause: Evasion moves are banned
|rule|Endless Battle Clause: Forcing endless battles is banned.
|rule|HP Percentage Mod: HP is reported as percentages
|clearpoke
|poke|p1|Hippowdon, M
|poke|p1|Rhyperior, M
|poke|p1|Blastoise, M
|poke|p1|Stoutland, M
|poke|p1|Umbreon, F, shiny
|poke|p1|Venomoth, M
|poke|p2|Ampharos, M, shiny
|poke|p2|Tornadus, M, shiny
|poke|p2|Kingdra, M
|poke|p2|Kabutops, M
|poke|p2|Amoonguss, F, shiny
|poke|p2|Empoleon, M
|teampreview
|
|start
|switch|p1a: Bull Doozer|Rhyperior, M|433\/433
|switch|p2a: Empoleon|Empoleon, M|372\/372
|turn|1
|
|move|p2a: Empoleon|Rain Dance|p2a: Empoleon
|-weather|RainDance
|move|p1a: Bull Doozer|Earthquake|p2a: Empoleon
|-supereffective|p2a: Empoleon
|-damage|p2a: Empoleon|0 fnt
|faint|p2a: Empoleon
|
|-weather|RainDance|[upkeep]
|chat|GladHeAteHer|Thought you were gonna switch
|chat|GladHeAteHer|You have balls of steel
|
|switch|p2a: Kabutops|Kabutops, M|274\/274
|turn|2
|chat|Brock's Blue Balls|lol thanks. sometimes you just have to risk it for the biscuit
|
|switch|p1a: Bazooka Joe|Blastoise, M|361\/361
|move|p2a: Kabutops|Waterfall|p1a: Bazooka Joe
|-resisted|p1a: Bazooka Joe
|-damage|p1a: Bazooka Joe|219\/361
|-damage|p2a: Kabutops|247\/274|[from] item: Life Orb
|
|-weather|RainDance|[upkeep]
|turn|3
|
|-formechange|p1a: Bazooka Joe|Blastoise-Mega
|message|Blastoise has Mega Evolved into Mega Blastoise!
|move|p2a: Kabutops|Superpower|p1a: Bazooka Joe
|-damage|p1a: Bazooka Joe|72\/361
|-unboost|p2a: Kabutops|atk|1
|-unboost|p2a: Kabutops|def|1
|-damage|p2a: Kabutops|220\/274|[from] item: Life Orb
|move|p1a: Bazooka Joe|Aura Sphere|p2a: Kabutops
|-supereffective|p2a: Kabutops
|-damage|p2a: Kabutops|0 fnt
|faint|p2a: Kabutops
|
|-weather|RainDance|[upkeep]
|chat|GladHeAteHer|and that's also tanky
|
|switch|p2a: Tornadus|Tornadus, M, shiny|300\/300
|turn|4
|chat|Brock's Blue Balls|mega blastoise op
|
|move|p2a: Tornadus|Hurricane|p1a: Bazooka Joe
|-damage|p1a: Bazooka Joe|0 fnt
|faint|p1a: Bazooka Joe
|
|-weather|RainDance|[upkeep]
|chat|GladHeAteHer|I just switched him out for Ampharos
|chat|GladHeAteHer|Gives me a little extra variety on this rain team
|
|switch|p1a: Bull Doozer|Rhyperior, M|433\/433
|turn|5
|chat|Brock's Blue Balls|yeah its kind of funny to have a weather battle in uu lol
|
|switch|p2a: Kingdra|Kingdra, M|291\/291
|move|p1a: Bull Doozer|Rock Blast|p2a: Kingdra|[miss]
|-miss|p1a: Bull Doozer|p2a: Kingdra
|
|-weather|RainDance|[upkeep]
|turn|6
|chat|GladHeAteHer|Politoed is overrated tbh
|chat|Brock's Blue Balls|whew i thought you were going to have weather ball
|
|switch|p1a: Hungry Hungry|Hippowdon, M|420\/420
|-weather|Sandstorm
|move|p2a: Kingdra|Waterfall|p1a: Hungry Hungry
|-supereffective|p1a: Hungry Hungry
|-damage|p1a: Hungry Hungry|152\/420
|-damage|p2a: Kingdra|262\/291|[from] item: Life Orb
|
|-weather|Sandstorm|[upkeep]
|-damage|p2a: Kingdra|244\/291|[from] sandstorm
|turn|7
|
|move|p2a: Kingdra|Waterfall|p1a: Hungry Hungry
|-supereffective|p1a: Hungry Hungry
|-damage|p1a: Hungry Hungry|0 fnt
|-damage|p2a: Kingdra|215\/291|[from] item: Life Orb
|faint|p1a: Hungry Hungry
|
|-weather|Sandstorm|[upkeep]
|-damage|p2a: Kingdra|197\/291|[from] sandstorm
|chat|GladHeAteHer|And you just happen to have some great rain counters
|
|switch|p1a: Old Tobey|Stoutland, M|311\/311
|turn|8
|c|âGladHeAteHer|!stats "Stoutland"
|c|~|\/data-pokemon Stoutland

|chat|GladHeAteHer|Ooh, a sand team
|chat|Brock's Blue Balls|yep
|
|move|p1a: Old Tobey|Return|p2a: Kingdra
|-damage|p2a: Kingdra|0 fnt
|faint|p2a: Kingdra
|
|-weather|Sandstorm|[upkeep]
|
|switch|p2a: Amoonguss|Amoonguss, F, shiny|432\/432
|turn|9
|
|move|p1a: Old Tobey|Return|p2a: Amoonguss
|-damage|p2a: Amoonguss|59\/432
|-status|p1a: Old Tobey|par
|move|p2a: Amoonguss|Spore|p1a: Old Tobey
|-fail|p1a: Old Tobey
|
|-weather|Sandstorm|[upkeep]
|-damage|p2a: Amoonguss|32\/432|[from] sandstorm
|turn|10
|chat|GladHeAteHer|gah
|chat|Brock's Blue Balls|omg effect spore saved me
|
|move|p1a: Old Tobey|Return|p2a: Amoonguss
|-damage|p2a: Amoonguss|0 fnt
|faint|p2a: Amoonguss
|
|-weather|Sandstorm|[upkeep]
|
|switch|p2a: Tornadus|Tornadus, M, shiny|300\/300
|turn|11
|chat|GladHeAteHer|the irony
|chat|Brock's Blue Balls|did you forget to put regenerator?
|
|move|p2a: Tornadus|Focus Blast|p1a: Old Tobey|[miss]
|-miss|p2a: Tornadus|p1a: Old Tobey
|cant|p1a: Old Tobey|par
|
|-weather|Sandstorm|[upkeep]
|-damage|p2a: Tornadus|282\/300|[from] sandstorm
|turn|12
|chat|GladHeAteHer|Yeah, it was the default ability 
|chat|GladHeAteHer|Bleh
|
|move|p2a: Tornadus|Focus Blast|p1a: Old Tobey
|-supereffective|p1a: Old Tobey
|-damage|p1a: Old Tobey|0 fnt
|faint|p1a: Old Tobey
|
|-weather|Sandstorm|[upkeep]
|-damage|p2a: Tornadus|264\/300|[from] sandstorm
|
|switch|p1a: Bull Doozer|Rhyperior, M|433\/433
|turn|13
|
|move|p2a: Tornadus|Focus Blast|p1a: Bull Doozer
|-supereffective|p1a: Bull Doozer
|-damage|p1a: Bull Doozer|265\/433
|move|p1a: Bull Doozer|Rock Blast|p2a: Tornadus
|-supereffective|p2a: Tornadus
|-damage|p2a: Tornadus|142\/300
|-supereffective|p2a: Tornadus
|-damage|p2a: Tornadus|26\/300
|-hitcount|p2a: Tornadus|2
|
|-weather|none
|turn|14
|chat|GladHeAteHer|C'mon, focus miss...
|chat|GladHeAteHer|Assault vest?
|
|switch|p1a: Yvaine|Venomoth, M|281\/281
|move|p2a: Tornadus|Focus Blast|p1a: Yvaine
|-resisted|p1a: Yvaine
|-damage|p1a: Yvaine|211\/281
|
|-heal|p1a: Yvaine|228\/281|[from] item: Black Sludge
|turn|15
|chat|Brock's Blue Balls|damn that sucks sorry man
|chat|Brock's Blue Balls|yeah
|chat|GladHeAteHer|It's fine haha
|chat|Brock's Blue Balls|av plus sand = rhyperior god status
|chat|GladHeAteHer|Doesn't help that I'm choiced...
|chat|GladHeAteHer|Ooh, I might try a sand team next
|
|switch|p2a: Ampharos|Ampharos, M, shiny|384\/384
|move|p1a: Yvaine|Bug Buzz|p2a: Ampharos
|-damage|p2a: Ampharos|248\/384
|
|-heal|p1a: Yvaine|245\/281|[from] item: Black Sludge
|turn|16
|
|-formechange|p2a: Ampharos|Ampharos-Mega
|message|Ampharos has Mega Evolved into Mega Ampharos!
|-ability|p2a: Ampharos|Mold Breaker
|move|p1a: Yvaine|Quiver Dance|p1a: Yvaine
|-boost|p1a: Yvaine|spa|1
|-boost|p1a: Yvaine|spd|1
|-boost|p1a: Yvaine|spe|1
|move|p2a: Ampharos|Dragon Pulse|p1a: Yvaine
|-damage|p1a: Yvaine|79\/281
|
|-heal|p1a: Yvaine|96\/281|[from] item: Black Sludge
|turn|17
|chat|Brock's Blue Balls|it's real fun dude. stoutland is so underrated. i get so many sweeps with him
|
|move|p1a: Yvaine|Disable|p2a: Ampharos
|-start|p2a: Ampharos|Disable|Dragon Pulse
|cant|p2a: Ampharos|Disable|Dragon Pulse
|
|-heal|p1a: Yvaine|113\/281|[from] item: Black Sludge
|turn|18
|
|move|p1a: Yvaine|Bug Buzz|p2a: Ampharos
|-damage|p2a: Ampharos|62\/384
|move|p2a: Ampharos|Thunder|p1a: Yvaine
|-crit|p1a: Yvaine
|-damage|p1a: Yvaine|0 fnt
|faint|p1a: Yvaine
|
|
|switch|p1a: Luna|Umbreon, F, shiny|394\/394
|turn|19
|chat|GladHeAteHer|It's just basically a weaker excadrill, isn't it?
|chat|GladHeAteHer|My Swift Swim sweepers are kind of the same principle haha
|
|move|p1a: Luna|Foul Play|p2a: Ampharos
|-damage|p2a: Ampharos|0 fnt
|faint|p2a: Ampharos
|
|
|switch|p2a: Tornadus|Tornadus, M, shiny|26\/300
|turn|20
|
|move|p2a: Tornadus|Focus Blast|p1a: Luna
|-supereffective|p1a: Luna
|-damage|p1a: Luna|166\/394
|move|p1a: Luna|Foul Play|p2a: Tornadus
|-damage|p2a: Tornadus|0 fnt
|faint|p2a: Tornadus
|
|win|Brock's Blue Balls
|raw|Ladder updating...
|chat|Brock's Blue Balls|pretty much
|chat|GladHeAteHer|gg
|raw|Brock&apos;s Blue Balls's rating: 1562 &rarr; <strong>1573<\/strong><br \/>(+11 for winning)
|raw|GladHeAteHer's rating: 1394 &rarr; <strong>1383<\/strong><br \/>(-11 for losing)
|chat|Brock's Blue Balls|gg