|join|Brock's Blue Balls
|join|banton45
|player|p1|Brock's Blue Balls|154
|player|p2|banton45|2
|gametype|singles
|gen|6
|tier|UU
|rated
|rule|Sleep Clause Mod: Limit one foe put to sleep
|rule|Species Clause: Limit one of each Pokemon
|rule|OHKO Clause: OHKO moves are banned
|rule|Moody Clause: Moody is banned
|rule|Evasion Moves Clause: Evasion moves are banned
|rule|Endless Battle Clause: Forcing endless battles is banned.
|rule|HP Percentage Mod: HP is reported as percentages
|clearpoke
|poke|p1|Absol, M, shiny
|poke|p1|Chandelure, M, shiny
|poke|p1|Empoleon, M
|poke|p1|Noivern, F
|poke|p1|Krookodile, M
|poke|p1|Rotom-Heat
|poke|p2|Meloetta
|poke|p2|Celebi
|poke|p2|Suicune
|poke|p2|Durant, F
|poke|p2|Hydreigon, F
|poke|p2|Stunfisk, F
|teampreview
|join|Borak
|
|start
|switch|p1a: Dong Nose|Krookodile, M|331\/331
|switch|p2a: Durant|Durant, F|258\/258
|turn|1
|
|move|p2a: Durant|X-Scissor|p1a: Dong Nose
|-supereffective|p1a: Dong Nose
|-damage|p1a: Dong Nose|0 fnt
|faint|p1a: Dong Nose
|
|
|switch|p1a: Triton|Empoleon, M|371\/371
|turn|2
|
|switch|p2a: Celebi|Celebi|341\/341
|move|p1a: Triton|Stealth Rock|p2a: Celebi
|-sidestart|p2: banton45|move: Stealth Rock
|
|turn|3
|
|move|p2a: Celebi|Nasty Plot|p2a: Celebi
|-boost|p2a: Celebi|spa|2
|move|p1a: Triton|Roar|p2a: Celebi
|drag|p2a: Stunfisk|Stunfisk, F|422\/422
|-damage|p2a: Stunfisk|396\/422|[from] Stealth Rock
|
|-heal|p2a: Stunfisk|422\/422|[from] item: Leftovers
|turn|4
|
|switch|p2a: Celebi|Celebi|341\/341
|-damage|p2a: Celebi|299\/341|[from] Stealth Rock
|move|p1a: Triton|Scald|p2a: Celebi
|-resisted|p2a: Celebi
|-damage|p2a: Celebi|246\/341
|-status|p2a: Celebi|brn
|
|-damage|p2a: Celebi|204\/341 brn|[from] brn
|turn|5
|
|switch|p1a: ReadingRainbow|Noivern, F|311\/311
|move|p2a: Celebi|Trick|p1a: ReadingRainbow
|-activate|p2a: Celebi|move: Trick|[of] p1a: ReadingRainbow
|-item|p1a: ReadingRainbow|Choice Scarf|[from] move: Trick
|-item|p2a: Celebi|Life Orb|[from] move: Trick
|
|-damage|p2a: Celebi|162\/341 brn|[from] brn
|turn|6
|
|switch|p2a: Meloetta|Meloetta|404\/404
|-damage|p2a: Meloetta|354\/404|[from] Stealth Rock
|move|p1a: ReadingRainbow|Draco Meteor|p2a: Meloetta
|-damage|p2a: Meloetta|248\/404
|-unboost|p1a: ReadingRainbow|spa|2
|
|turn|7
|
|switch|p1a: Ez Bake|Rotom-Heat|303\/303
|move|p2a: Meloetta|Charge Beam|p1a: Ez Bake
|-resisted|p1a: Ez Bake
|-damage|p1a: Ez Bake|271\/303
|-boost|p2a: Meloetta|spa|1
|
|-heal|p1a: Ez Bake|289\/303|[from] item: Leftovers
|turn|8
|
|move|p2a: Meloetta|Psychic|p1a: Ez Bake
|-damage|p1a: Ez Bake|43\/303
|move|p1a: Ez Bake|Will-O-Wisp|p2a: Meloetta
|-status|p2a: Meloetta|brn
|
|-heal|p1a: Ez Bake|61\/303|[from] item: Leftovers
|-damage|p2a: Meloetta|198\/404 brn|[from] brn
|turn|9
|
|switch|p1a: Triton|Empoleon, M|371\/371
|move|p2a: Meloetta|Shadow Ball|p1a: Triton
|-damage|p1a: Triton|265\/371
|
|-heal|p1a: Triton|288\/371|[from] item: Leftovers
|-damage|p2a: Meloetta|148\/404 brn|[from] brn
|turn|10
|
|move|p2a: Meloetta|Knock Off|p1a: Triton
|-damage|p1a: Triton|253\/371
|-enditem|p1a: Triton|Leftovers|[from] move: Knock Off|[of] p2a: Meloetta
|move|p1a: Triton|Scald|p2a: Meloetta
|-damage|p2a: Meloetta|93\/404 brn
|
|-damage|p2a: Meloetta|43\/404 brn|[from] brn
|turn|11
|
|move|p2a: Meloetta|Shadow Ball|p1a: Triton
|-damage|p1a: Triton|144\/371
|move|p1a: Triton|Scald|p2a: Meloetta
|-damage|p2a: Meloetta|0 fnt
|faint|p2a: Meloetta
|
|
|switch|p2a: Hydreigon|Hydreigon, F|325\/325
|-damage|p2a: Hydreigon|285\/325|[from] Stealth Rock
|turn|12
|
|move|p2a: Hydreigon|Dark Pulse|p1a: Triton
|-damage|p1a: Triton|0 fnt
|faint|p1a: Triton
|
|
|switch|p1a: Red XIII|Absol, M, shiny|271\/271
|turn|13
|
|switch|p2a: Durant|Durant, F|258\/258
|-damage|p2a: Durant|226\/258|[from] Stealth Rock
|-formechange|p1a: Red XIII|Absol-Mega
|message|Absol has Mega Evolved into Mega Absol!
|move|p1a: Red XIII|Swords Dance|p1a: Red XIII
|-boost|p1a: Red XIII|atk|2
|
|turn|14
|
|move|p1a: Red XIII|Sucker Punch|p2a: Durant
|-fail|p2a: Durant
|move|p2a: Durant|Baton Pass|p2a: Durant
|
|switch|p2a: Suicune|Suicune|404\/404
|-damage|p2a: Suicune|354\/404|[from] Stealth Rock
|-ability|p2a: Suicune|Pressure
|
|-heal|p2a: Suicune|379\/404|[from] item: Leftovers
|turn|15
|
|move|p1a: Red XIII|Swords Dance|p1a: Red XIII
|-boost|p1a: Red XIII|atk|2
|move|p2a: Suicune|Scald|p1a: Red XIII
|-damage|p1a: Red XIII|133\/271
|
|-heal|p2a: Suicune|404\/404|[from] item: Leftovers
|turn|16
|
|move|p1a: Red XIII|Knock Off|p2a: Suicune
|-damage|p2a: Suicune|41\/404
|-enditem|p2a: Suicune|Leftovers|[from] move: Knock Off|[of] p1a: Red XIII
|move|p2a: Suicune|Scald|p1a: Red XIII
|-damage|p1a: Red XIII|6\/271
|
|turn|17
|
|switch|p2a: Stunfisk|Stunfisk, F|422\/422
|-damage|p2a: Stunfisk|396\/422|[from] Stealth Rock
|move|p1a: Red XIII|Knock Off|p2a: Stunfisk
|-crit|p2a: Stunfisk
|-damage|p2a: Stunfisk|0 fnt
|faint|p2a: Stunfisk
|
|
|switch|p2a: Hydreigon|Hydreigon, F|285\/325
|-damage|p2a: Hydreigon|245\/325|[from] Stealth Rock
|turn|18
|
|move|p1a: Red XIII|Superpower|p2a: Hydreigon
|-supereffective|p2a: Hydreigon
|-damage|p2a: Hydreigon|0 fnt
|-unboost|p1a: Red XIII|atk|1
|-unboost|p1a: Red XIII|def|1
|faint|p2a: Hydreigon
|
|
|switch|p2a: Suicune|Suicune|41\/404
|-damage|p2a: Suicune|0 fnt|[from] Stealth Rock
|faint|p2a: Suicune
|
|switch|p2a: Durant|Durant, F|226\/258
|-damage|p2a: Durant|194\/258|[from] Stealth Rock
|turn|19
|chat|Brock's Blue Balls|balalalalalalala
|
|move|p1a: Red XIII|Sucker Punch|p2a: Durant
|-damage|p2a: Durant|0 fnt
|faint|p2a: Durant
|
|
|switch|p2a: Celebi|Celebi|162\/341
|-damage|p2a: Celebi|120\/341|[from] Stealth Rock
|turn|20
|
|move|p1a: Red XIII|Knock Off|p2a: Celebi
|-crit|p2a: Celebi
|-supereffective|p2a: Celebi
|-damage|p2a: Celebi|0 fnt
|faint|p2a: Celebi
|
|win|Brock's Blue Balls
|raw|Ladder updating...
|raw|Brock&apos;s Blue Balls's rating: 1594 &rarr; <strong>1607<\/strong><br \/>(+13 for winning)
|raw|banton45's rating: 1467 &rarr; <strong>1454<\/strong><br \/>(-13 for losing)