|join|Xercez
|join|Brock's Blue Balls
|player|p1|Xercez|2
|player|p2|Brock's Blue Balls|154
|gametype|singles
|gen|6
|tier|UU
|rated
|rule|Sleep Clause Mod: Limit one foe put to sleep
|rule|Species Clause: Limit one of each Pokemon
|rule|OHKO Clause: OHKO moves are banned
|rule|Moody Clause: Moody is banned
|rule|Evasion Moves Clause: Evasion moves are banned
|rule|Endless Battle Clause: Forcing endless battles is banned.
|rule|HP Percentage Mod: HP is reported as percentages
|clearpoke
|poke|p1|Umbreon, M
|poke|p1|Blastoise, M
|poke|p1|Victini
|poke|p1|Galvantula, M
|poke|p1|Nidoking, M
|poke|p1|Chesnaught, F
|poke|p2|Granbull, M
|poke|p2|Hydreigon, F
|poke|p2|Jirachi
|poke|p2|Donphan, M
|poke|p2|Chandelure, M, shiny
|poke|p2|Heracross, M, shiny
|teampreview
|
|start
|switch|p1a: FrostBite|Galvantula, M|281\/281
|switch|p2a: Stardust|Jirachi|404\/404
|turn|1
|
|move|p1a: FrostBite|Thunder|p2a: Stardust
|-damage|p2a: Stardust|289\/404
|-status|p2a: Stardust|par
|cant|p2a: Stardust|par
|
|-heal|p2a: Stardust|314\/404 par|[from] item: Leftovers
|turn|2
|
|move|p1a: FrostBite|Sticky Web|p2a: Stardust
|-sidestart|p2: Brock's Blue Balls|move: Sticky Web
|move|p2a: Stardust|Body Slam|p1a: FrostBite
|-damage|p1a: FrostBite|177\/281
|
|-heal|p2a: Stardust|339\/404 par|[from] item: Leftovers
|turn|3
|
|switch|p1a: DRAG QUEEN|Nidoking, M|304\/304
|move|p2a: Stardust|Body Slam|p1a: DRAG QUEEN
|-damage|p1a: DRAG QUEEN|213\/304
|-status|p1a: DRAG QUEEN|par
|
|-heal|p2a: Stardust|364\/404 par|[from] item: Leftovers
|turn|4
|
|switch|p2a: Hydra|Hydreigon, F|325\/325
|cant|p1a: DRAG QUEEN|par
|
|turn|5
|
|switch|p1a: ASAP|Umbreon, M|394\/394
|move|p2a: Hydra|Draco Meteor|p1a: ASAP
|-damage|p1a: ASAP|187\/394
|-unboost|p2a: Hydra|spa|2
|
|-heal|p1a: ASAP|211\/394|[from] item: Leftovers
|turn|6
|
|switch|p2a: Boodro|Granbull, M|384\/384
|-activate|p2a: Boodro|move: Sticky Web
|-unboost|p2a: Boodro|spe|1
|-ability|p2a: Boodro|Intimidate|[of] p1a: ASAP
|-unboost|p1a: ASAP|atk|1
|move|p1a: ASAP|Heal Bell|p1a: ASAP
|-cureteam|p1a: ASAP|[from] move: HealBell
|
|-heal|p1a: ASAP|235\/394|[from] item: Leftovers
|turn|7
|
|move|p1a: ASAP|Protect|p1a: ASAP
|-singleturn|p1a: ASAP|Protect
|move|p2a: Boodro|Heal Bell|p2a: Boodro
|-cureteam|p2a: Boodro|[from] move: HealBell
|
|-heal|p1a: ASAP|259\/394|[from] item: Leftovers
|turn|8
|
|move|p1a: ASAP|Foul Play|p2a: Boodro
|-resisted|p2a: Boodro
|-damage|p2a: Boodro|276\/384
|move|p2a: Boodro|Play Rough|p1a: ASAP
|-supereffective|p1a: ASAP
|-damage|p1a: ASAP|0 fnt
|faint|p1a: ASAP
|
|-heal|p2a: Boodro|300\/384|[from] item: Leftovers
|
|switch|p1a: FrostBite|Galvantula, M|177\/281
|turn|9
|
|switch|p2a: Stardust|Jirachi|364\/404
|-activate|p2a: Stardust|move: Sticky Web
|-unboost|p2a: Stardust|spe|1
|move|p1a: FrostBite|Thunder|p2a: Stardust
|-damage|p2a: Stardust|253\/404
|-status|p2a: Stardust|par
|
|-heal|p2a: Stardust|278\/404 par|[from] item: Leftovers
|turn|10
|
|switch|p1a: DRAG QUEEN|Nidoking, M|213\/304
|move|p2a: Stardust|Body Slam|p1a: DRAG QUEEN
|-damage|p1a: DRAG QUEEN|133\/304
|-status|p1a: DRAG QUEEN|par
|
|-heal|p2a: Stardust|303\/404 par|[from] item: Leftovers
|turn|11
|
|move|p1a: DRAG QUEEN|Sludge Wave|p2a: Stardust
|-immune|p2a: Stardust|[msg]
|move|p2a: Stardust|Iron Head|p1a: DRAG QUEEN
|-damage|p1a: DRAG QUEEN|12\/304 par
|
|-heal|p2a: Stardust|328\/404 par|[from] item: Leftovers
|turn|12
|
|switch|p2a: Hydra|Hydreigon, F|325\/325
|cant|p1a: DRAG QUEEN|par
|
|turn|13
|
|move|p2a: Hydra|Dark Pulse|p1a: DRAG QUEEN
|-crit|p1a: DRAG QUEEN
|-damage|p1a: DRAG QUEEN|0 fnt
|faint|p1a: DRAG QUEEN
|
|
|switch|p1a: Nerf|Blastoise, M|362\/362
|turn|14
|
|-formechange|p1a: Nerf|Blastoise-Mega
|message|Blastoise has Mega Evolved into Mega Blastoise!
|move|p2a: Hydra|Dark Pulse|p1a: Nerf
|-crit|p1a: Nerf
|-damage|p1a: Nerf|55\/362
|move|p1a: Nerf|Aura Sphere|p2a: Hydra
|-supereffective|p2a: Hydra
|-damage|p2a: Hydra|0 fnt
|faint|p2a: Hydra
|
|
|switch|p2a: Mega Horny|Heracross, M, shiny|301\/301
|-activate|p2a: Mega Horny|move: Sticky Web
|-unboost|p2a: Mega Horny|spe|1
|turn|15
|
|switch|p1a: Biker Gang|Chesnaught, F|380\/380
|move|p2a: Mega Horny|Close Combat|p1a: Biker Gang
|-damage|p1a: Biker Gang|248\/380
|-unboost|p2a: Mega Horny|def|1
|-unboost|p2a: Mega Horny|spd|1
|
|-heal|p1a: Biker Gang|271\/380|[from] item: Leftovers
|turn|16
|
|switch|p2a: Rick Rollin|Donphan, M|384\/384
|-activate|p2a: Rick Rollin|move: Sticky Web
|-unboost|p2a: Rick Rollin|spe|1
|move|p1a: Biker Gang|Toxic|p2a: Rick Rollin
|-status|p2a: Rick Rollin|tox
|
|-heal|p1a: Biker Gang|294\/380|[from] item: Leftovers
|-damage|p2a: Rick Rollin|360\/384 tox|[from] psn
|turn|17
|
|move|p1a: Biker Gang|Spiky Shield|p1a: Biker Gang
|-singleturn|p1a: Biker Gang|move: Protect
|move|p2a: Rick Rollin|Stealth Rock|p1a: Biker Gang
|-sidestart|p1: Xercez|move: Stealth Rock
|
|-heal|p1a: Biker Gang|317\/380|[from] item: Leftovers
|-heal|p2a: Rick Rollin|384\/384 tox|[from] item: Leftovers
|-damage|p2a: Rick Rollin|336\/384 tox|[from] psn
|turn|18
|
|switch|p1a: Nerf|Blastoise, M|55\/362
|-formechange|p1a: Nerf|Blastoise-Mega
|-damage|p1a: Nerf|10\/362|[from] Stealth Rock
|move|p2a: Rick Rollin|Rapid Spin|p1a: Nerf
|-damage|p1a: Nerf|0 fnt
|-sideend|p2: Brock's Blue Balls|Sticky Web|[from] move: Rapid Spin|[of] p2a: Rick Rollin
|faint|p1a: Nerf
|
|-heal|p2a: Rick Rollin|360\/384 tox|[from] item: Leftovers
|-damage|p2a: Rick Rollin|288\/384 tox|[from] psn
|
|switch|p1a: FrostBite|Galvantula, M|177\/281
|-damage|p1a: FrostBite|107\/281|[from] Stealth Rock
|turn|19
|
|move|p1a: FrostBite|Giga Drain|p2a: Rick Rollin
|-supereffective|p2a: Rick Rollin
|-damage|p2a: Rick Rollin|78\/384 tox
|-heal|p1a: FrostBite|212\/281|[from] drain|[of] p2a: Rick Rollin
|move|p2a: Rick Rollin|Earthquake|p1a: FrostBite
|-damage|p1a: FrostBite|0 fnt
|faint|p1a: FrostBite
|
|-heal|p2a: Rick Rollin|102\/384 tox|[from] item: Leftovers
|-damage|p2a: Rick Rollin|6\/384 tox|[from] psn
|
|switch|p1a: Biker Gang|Chesnaught, F|317\/380
|-damage|p1a: Biker Gang|294\/380|[from] Stealth Rock
|turn|20
|
|switch|p2a: Boodro|Granbull, M|300\/384
|-ability|p2a: Boodro|Intimidate|[of] p1a: Biker Gang
|-unboost|p1a: Biker Gang|atk|1
|move|p1a: Biker Gang|Spikes|p2a: Boodro
|-sidestart|p2: Brock's Blue Balls|Spikes
|
|-heal|p1a: Biker Gang|317\/380|[from] item: Leftovers
|-heal|p2a: Boodro|324\/384|[from] item: Leftovers
|turn|21
|
|move|p1a: Biker Gang|Spikes|p2a: Boodro
|-sidestart|p2: Brock's Blue Balls|Spikes
|move|p2a: Boodro|Thunder Wave|p1a: Biker Gang
|-status|p1a: Biker Gang|par
|
|-heal|p2a: Boodro|348\/384|[from] item: Leftovers
|-heal|p1a: Biker Gang|340\/380 par|[from] item: Leftovers
|turn|22
|
|move|p2a: Boodro|Play Rough|p1a: Biker Gang
|-supereffective|p1a: Biker Gang
|-damage|p1a: Biker Gang|122\/380 par
|move|p1a: Biker Gang|Spikes|p2a: Boodro
|-sidestart|p2: Brock's Blue Balls|Spikes
|
|-heal|p2a: Boodro|372\/384|[from] item: Leftovers
|-heal|p1a: Biker Gang|145\/380 par|[from] item: Leftovers
|turn|23
|
|move|p1a: Biker Gang|Spiky Shield|p1a: Biker Gang
|-singleturn|p1a: Biker Gang|move: Protect
|move|p2a: Boodro|Heal Bell|p2a: Boodro
|-cureteam|p2a: Boodro|[from] move: HealBell
|
|-heal|p2a: Boodro|384\/384|[from] item: Leftovers
|-heal|p1a: Biker Gang|168\/380 par|[from] item: Leftovers
|turn|24
|
|move|p2a: Boodro|Play Rough|p1a: Biker Gang
|-supereffective|p1a: Biker Gang
|-damage|p1a: Biker Gang|0 fnt
|faint|p1a: Biker Gang
|
|
|switch|p1a: Mozilla|Victini|341\/341
|-damage|p1a: Mozilla|256\/341|[from] Stealth Rock
|turn|25
|
|move|p1a: Mozilla|Zen Headbutt|p2a: Boodro
|-damage|p2a: Boodro|156\/384
|move|p2a: Boodro|Thunder Wave|p1a: Mozilla
|-status|p1a: Mozilla|par
|
|-heal|p2a: Boodro|180\/384|[from] item: Leftovers
|turn|26
|
|move|p2a: Boodro|Earthquake|p1a: Mozilla
|-supereffective|p1a: Mozilla
|-damage|p1a: Mozilla|14\/341 par
|move|p1a: Mozilla|Zen Headbutt|p2a: Boodro
|-damage|p2a: Boodro|0 fnt
|faint|p2a: Boodro
|
|leave|Xercez
|player|p1
|-message|xercez lost due to inactivity.
|
|win|Brock's Blue Balls
|raw|Ladder updating...
|raw|Xercez's rating: 1506 &rarr; <strong>1487<\/strong><br \/>(-19 for losing)
|raw|Brock&apos;s Blue Balls's rating: 1518 &rarr; <strong>1538<\/strong><br \/>(+20 for winning)