|join|WWizard
|join|Brock's Blue Balls
|player|p1|WWizard|56
|player|p2|Brock's Blue Balls|154
|gametype|singles
|gen|6
|tier|UU
|rated
|rule|Sleep Clause Mod: Limit one foe put to sleep
|rule|Species Clause: Limit one of each PokÃ©mon
|rule|OHKO Clause: OHKO moves are banned
|rule|Moody Clause: Moody is banned
|rule|Evasion Moves Clause: Evasion moves are banned
|rule|Endless Battle Clause: Forcing endless battles is banned
|rule|HP Percentage Mod: HP is reported as percentages
|clearpoke
|poke|p1|Swampert, F
|poke|p1|Florges, F
|poke|p1|Forretress, M
|poke|p1|Chandelure, M
|poke|p1|Honchkrow, F
|poke|p1|Hydreigon, M
|poke|p2|Doublade, F, shiny
|poke|p2|Granbull, M
|poke|p2|Blissey, F
|poke|p2|Houndoom, M
|poke|p2|Tentacruel, M
|poke|p2|Rotom-Mow
|rule|Swagger Clause: Swagger is banned
|rule|Baton Pass Clause: Limit one PokÃ©mon knowing Baton Pass
|teampreview
|
|start
|switch|p1a: Swampert|Swampert, F|404\/404
|switch|p2a: Kraken|Tentacruel, M|361\/361
|turn|1
|
|move|p2a: Kraken|Toxic Spikes|p1a: Swampert
|-sidestart|p1: WWizard|move: Toxic Spikes
|move|p1a: Swampert|Earthquake|p2a: Kraken
|-supereffective|p2a: Kraken
|-damage|p2a: Kraken|131\/361
|
|-heal|p2a: Kraken|153\/361|[from] item: Leftovers
|turn|2
|
|switch|p2a: Landing Strip?|Rotom-Mow|241\/241
|move|p1a: Swampert|Stealth Rock|p2a: Landing Strip?
|-sidestart|p2: Brock's Blue Balls|move: Stealth Rock
|
|turn|3
|
|switch|p1a: Hydreigon|Hydreigon, M|326\/326
|move|p2a: Landing Strip?|Volt Switch|p1a: Hydreigon
|-resisted|p1a: Hydreigon
|-damage|p1a: Hydreigon|271\/326
|
|switch|p2a: Teen Mom|Blissey, F|651\/651
|-damage|p2a: Teen Mom|570\/651|[from] Stealth Rock
|
|-heal|p2a: Teen Mom|610\/651|[from] item: Leftovers
|turn|4
|
|move|p1a: Hydreigon|U-turn|p2a: Teen Mom
|-damage|p2a: Teen Mom|521\/651
|
|switch|p1a: Forretress|Forretress, M|354\/354
|move|p2a: Teen Mom|Stealth Rock|p1a: Forretress
|-sidestart|p1: WWizard|move: Stealth Rock
|
|-heal|p2a: Teen Mom|561\/651|[from] item: Leftovers
|turn|5
|
|switch|p2a: Landing Strip?|Rotom-Mow|241\/241
|-damage|p2a: Landing Strip?|211\/241|[from] Stealth Rock
|move|p1a: Forretress|Spikes|p2a: Landing Strip?
|-sidestart|p2: Brock's Blue Balls|Spikes
|
|turn|6
|
|switch|p1a: Hydreigon|Hydreigon, M|271\/326
|-damage|p1a: Hydreigon|231\/326|[from] Stealth Rock
|move|p2a: Landing Strip?|Volt Switch|p1a: Hydreigon
|-resisted|p1a: Hydreigon
|-damage|p1a: Hydreigon|171\/326
|
|switch|p2a: Kraken|Tentacruel, M|153\/361
|-damage|p2a: Kraken|108\/361|[from] Stealth Rock
|-damage|p2a: Kraken|63\/361|[from] Spikes
|
|-heal|p2a: Kraken|85\/361|[from] item: Leftovers
|turn|7
|
|move|p2a: Kraken|Protect|p2a: Kraken
|-singleturn|p2a: Kraken|Protect
|move|p1a: Hydreigon|Draco Meteor|p2a: Kraken
|-activate|p2a: Kraken|Protect
|
|-heal|p2a: Kraken|107\/361|[from] item: Leftovers
|turn|8
|
|move|p1a: Hydreigon|Draco Meteor|p2a: Kraken|[miss]
|-miss|p1a: Hydreigon|p2a: Kraken
|move|p2a: Kraken|Rapid Spin|p1a: Hydreigon
|-damage|p1a: Hydreigon|160\/326
|-sideend|p2: Brock's Blue Balls|Spikes|[from] move: Rapid Spin|[of] p2a: Kraken
|-sideend|p2: Brock's Blue Balls|Stealth Rock|[from] move: Rapid Spin|[of] p2a: Kraken
|
|-heal|p2a: Kraken|129\/361|[from] item: Leftovers
|turn|9
|
|switch|p1a: Swampert|Swampert, F|404\/404
|-status|p1a: Swampert|psn
|-damage|p1a: Swampert|379\/404 psn|[from] Stealth Rock
|move|p2a: Kraken|Protect|p2a: Kraken
|-fail|p2a: Kraken
|
|-heal|p2a: Kraken|151\/361|[from] item: Leftovers
|-heal|p1a: Swampert|404\/404 psn|[from] item: Leftovers
|-damage|p1a: Swampert|354\/404 psn|[from] psn
|turn|10
|
|move|p2a: Kraken|Protect|p2a: Kraken
|-singleturn|p2a: Kraken|Protect
|move|p1a: Swampert|Stealth Rock|p2a: Kraken
|-sidestart|p2: Brock's Blue Balls|move: Stealth Rock
|
|-heal|p2a: Kraken|173\/361|[from] item: Leftovers
|-heal|p1a: Swampert|379\/404 psn|[from] item: Leftovers
|-damage|p1a: Swampert|329\/404 psn|[from] psn
|turn|11
|
|move|p2a: Kraken|Rapid Spin|p1a: Swampert
|-damage|p1a: Swampert|321\/404 psn
|-sideend|p2: Brock's Blue Balls|Stealth Rock|[from] move: Rapid Spin|[of] p2a: Kraken
|move|p1a: Swampert|Earthquake|p2a: Kraken
|-supereffective|p2a: Kraken
|-damage|p2a: Kraken|0 fnt
|faint|p2a: Kraken
|
|-heal|p1a: Swampert|346\/404 psn|[from] item: Leftovers
|-damage|p1a: Swampert|296\/404 psn|[from] psn
|
|switch|p2a: Landing Strip?|Rotom-Mow|211\/241
|turn|12
|
|switch|p1a: Florges|Florges, F|360\/360
|-damage|p1a: Florges|315\/360|[from] Stealth Rock
|-status|p1a: Florges|psn
|move|p2a: Landing Strip?|Leaf Storm|p1a: Florges
|-damage|p1a: Florges|194\/360 psn
|-unboost|p2a: Landing Strip?|spa|2
|
|-heal|p1a: Florges|216\/360 psn|[from] item: Leftovers
|-damage|p1a: Florges|171\/360 psn|[from] psn
|turn|13
|
|switch|p2a: Cerberus|Houndoom, M|291\/291
|switch|p1a: Forretress|Forretress, M|354\/354
|-damage|p1a: Forretress|310\/354|[from] Stealth Rock
|
|-heal|p1a: Forretress|332\/354|[from] item: Leftovers
|turn|14
|
|switch|p1a: Swampert|Swampert, F|296\/404 psn
|-damage|p1a: Swampert|271\/404 psn|[from] Stealth Rock
|detailschange|p2a: Cerberus|Houndoom-Mega, M
|message|Houndoom has Mega Evolved into Mega Houndoom!
|move|p2a: Cerberus|Fire Blast|p1a: Swampert
|-resisted|p1a: Swampert
|-damage|p1a: Swampert|154\/404 psn
|
|-heal|p1a: Swampert|179\/404 psn|[from] item: Leftovers
|-damage|p1a: Swampert|129\/404 psn|[from] psn
|turn|15
|
|move|p2a: Cerberus|Dark Pulse|p1a: Swampert
|-damage|p1a: Swampert|0 fnt
|faint|p1a: Swampert
|
|
|switch|p1a: Hydreigon|Hydreigon, M|160\/326
|-damage|p1a: Hydreigon|120\/326|[from] Stealth Rock
|turn|16
|
|move|p1a: Hydreigon|Draco Meteor|p2a: Cerberus
|-damage|p2a: Cerberus|20\/291
|-unboost|p1a: Hydreigon|spa|2
|move|p2a: Cerberus|Dark Pulse|p1a: Hydreigon
|-resisted|p1a: Hydreigon
|-damage|p1a: Hydreigon|37\/326
|
|turn|17
|
|move|p2a: Cerberus|Sucker Punch|p1a: Hydreigon
|-crit|p1a: Hydreigon
|-resisted|p1a: Hydreigon
|-damage|p1a: Hydreigon|0 fnt
|faint|p1a: Hydreigon
|
|
|switch|p1a: Honchkrow|Honchkrow, F|342\/342
|-damage|p1a: Honchkrow|257\/342|[from] Stealth Rock
|turn|18
|
|switch|p2a: Boodro|Granbull, M|377\/377
|-ability|p2a: Boodro|Intimidate|[of] p1a: Honchkrow
|-unboost|p1a: Honchkrow|atk|1
|move|p1a: Honchkrow|Sucker Punch|p2a: Boodro
|-fail|p2a: Boodro
|
|turn|19
|
|switch|p1a: Forretress|Forretress, M|332\/354
|-damage|p1a: Forretress|288\/354|[from] Stealth Rock
|switch|p2a: Cerberus|Houndoom-Mega, M|20\/291
|
|-heal|p1a: Forretress|310\/354|[from] item: Leftovers
|turn|20
|
|switch|p1a: Florges|Florges, F|171\/360 psn
|-damage|p1a: Florges|126\/360 psn|[from] Stealth Rock
|move|p2a: Cerberus|Dark Pulse|p1a: Florges
|-resisted|p1a: Florges
|-damage|p1a: Florges|82\/360 psn
|
|-heal|p1a: Florges|104\/360 psn|[from] item: Leftovers
|-damage|p1a: Florges|59\/360 psn|[from] psn
|turn|21
|
|move|p2a: Cerberus|Fire Blast|p1a: Florges
|-damage|p1a: Florges|0 fnt
|faint|p1a: Florges
|
|
|switch|p1a: Honchkrow|Honchkrow, F|257\/342
|-damage|p1a: Honchkrow|172\/342|[from] Stealth Rock
|turn|22
|
|move|p2a: Cerberus|Fire Blast|p1a: Honchkrow
|-damage|p1a: Honchkrow|0 fnt
|faint|p1a: Honchkrow
|
|-message|WWizard forfeited.
|
|win|Brock's Blue Balls
|raw|Ladder updating...
|leave|WWizard
|player|p1
|raw|WWizard's rating: 1673 &rarr; <strong>1645<\/strong><br \/>(-28 for losing)
|raw|Brock&apos;s Blue Balls's rating: 1516 &rarr; <strong>1545<\/strong><br \/>(+29 for winning)