|join|Brock's Blue Balls
|join|Akayfortyseven
|player|p1|Brock's Blue Balls|154
|player|p2|Akayfortyseven|2
|gametype|singles
|gen|6
|tier|UU
|rated
|rule|Sleep Clause Mod: Limit one foe put to sleep
|rule|Species Clause: Limit one of each Pokemon
|rule|OHKO Clause: OHKO moves are banned
|rule|Moody Clause: Moody is banned
|rule|Evasion Moves Clause: Evasion moves are banned
|rule|Endless Battle Clause: Forcing endless battles is banned.
|rule|HP Percentage Mod: HP is reported as percentages
|clearpoke
|poke|p1|Gligar, M, shiny
|poke|p1|Snorlax, M
|poke|p1|Slowking, M
|poke|p1|Florges, F
|poke|p1|Roserade, M
|poke|p1|Sableye, F
|poke|p2|Florges, F
|poke|p2|Swampert, M
|poke|p2|Chesnaught, M
|poke|p2|Houndoom, M
|poke|p2|Crobat, F
|poke|p2|Jirachi
|teampreview
|
|start
|switch|p1a: Dilly Dally Ghost|Sableye, F|304\/304
|switch|p2a: Jirachi|Jirachi|342\/342
|turn|1
|
|move|p2a: Jirachi|Stealth Rock|p1a: Dilly Dally Ghost
|-sidestart|p1: Brock's Blue Balls|move: Stealth Rock
|move|p1a: Dilly Dally Ghost|Knock Off|p2a: Jirachi
|-supereffective|p2a: Jirachi
|-damage|p2a: Jirachi|168\/342
|-enditem|p2a: Jirachi|Life Orb|[from] move: Knock Off|[of] p1a: Dilly Dally Ghost
|
|turn|2
|
|move|p2a: Jirachi|Iron Head|p1a: Dilly Dally Ghost
|-damage|p1a: Dilly Dally Ghost|154\/304
|cant|p1a: Dilly Dally Ghost|flinch
|
|-heal|p1a: Dilly Dally Ghost|173\/304|[from] item: Leftovers
|turn|3
|
|switch|p1a: Longtooth|Slowking, M|394\/394
|-damage|p1a: Longtooth|345\/394|[from] Stealth Rock
|move|p2a: Jirachi|Iron Head|p1a: Longtooth
|-resisted|p1a: Longtooth
|-damage|p1a: Longtooth|294\/394
|
|turn|4
|
|switch|p2a: Chesnaught|Chesnaught, M|351\/351
|move|p1a: Longtooth|Scald|p2a: Chesnaught
|-resisted|p2a: Chesnaught
|-damage|p2a: Chesnaught|291\/351
|
|-heal|p2a: Chesnaught|312\/351|[from] item: Leftovers
|turn|5
|
|switch|p1a: Dilly Dally Ghost|Sableye, F|173\/304
|-damage|p1a: Dilly Dally Ghost|135\/304|[from] Stealth Rock
|move|p2a: Chesnaught|Hammer Arm|p1a: Dilly Dally Ghost
|-immune|p1a: Dilly Dally Ghost|[msg]
|
|-heal|p2a: Chesnaught|333\/351|[from] item: Leftovers
|-heal|p1a: Dilly Dally Ghost|154\/304|[from] item: Leftovers
|turn|6
|
|switch|p2a: Jirachi|Jirachi|168\/342
|move|p1a: Dilly Dally Ghost|Taunt|p2a: Jirachi
|-start|p2a: Jirachi|move: Taunt
|
|-heal|p1a: Dilly Dally Ghost|173\/304|[from] item: Leftovers
|turn|7
|
|move|p1a: Dilly Dally Ghost|Will-O-Wisp|p2a: Jirachi
|-status|p2a: Jirachi|brn
|move|p2a: Jirachi|Iron Head|p1a: Dilly Dally Ghost
|-damage|p1a: Dilly Dally Ghost|104\/304
|
|-heal|p1a: Dilly Dally Ghost|123\/304|[from] item: Leftovers
|-damage|p2a: Jirachi|126\/342 brn|[from] brn
|turn|8
|
|move|p1a: Dilly Dally Ghost|Recover|p1a: Dilly Dally Ghost
|-heal|p1a: Dilly Dally Ghost|275\/304
|move|p2a: Jirachi|Iron Head|p1a: Dilly Dally Ghost
|-damage|p1a: Dilly Dally Ghost|194\/304
|
|-heal|p1a: Dilly Dally Ghost|213\/304|[from] item: Leftovers
|-damage|p2a: Jirachi|84\/342 brn|[from] brn
|turn|9
|
|move|p2a: Jirachi|Iron Head|p1a: Dilly Dally Ghost
|-damage|p1a: Dilly Dally Ghost|132\/304
|cant|p1a: Dilly Dally Ghost|flinch
|
|-heal|p1a: Dilly Dally Ghost|151\/304|[from] item: Leftovers
|-damage|p2a: Jirachi|42\/342 brn|[from] brn
|-end|p2a: Jirachi|move: Taunt
|turn|10
|
|move|p1a: Dilly Dally Ghost|Recover|p1a: Dilly Dally Ghost
|-heal|p1a: Dilly Dally Ghost|303\/304
|move|p2a: Jirachi|Iron Head|p1a: Dilly Dally Ghost
|-damage|p1a: Dilly Dally Ghost|233\/304
|
|-heal|p1a: Dilly Dally Ghost|252\/304|[from] item: Leftovers
|-damage|p2a: Jirachi|0 fnt|[from] brn
|faint|p2a: Jirachi
|
|switch|p2a: Houndoom|Houndoom, M|291\/291
|turn|11
|
|move|p1a: Dilly Dally Ghost|Taunt|p2a: Houndoom
|-start|p2a: Houndoom|move: Taunt
|move|p2a: Houndoom|Dark Pulse|p1a: Dilly Dally Ghost
|-damage|p1a: Dilly Dally Ghost|123\/304
|
|-heal|p1a: Dilly Dally Ghost|142\/304|[from] item: Leftovers
|turn|12
|
|switch|p1a: Freya|Florges, F|360\/360
|-damage|p1a: Freya|315\/360|[from] Stealth Rock
|move|p2a: Houndoom|Dark Pulse|p1a: Freya
|-resisted|p1a: Freya
|-damage|p1a: Freya|270\/360
|
|-heal|p1a: Freya|292\/360|[from] item: Leftovers
|turn|13
|
|switch|p2a: Crobat|Crobat, F|374\/374
|move|p1a: Freya|Wish|p1a: Freya
|
|-heal|p1a: Freya|314\/360|[from] item: Leftovers
|turn|14
|
|switch|p1a: Longtooth|Slowking, M|394\/394
|-damage|p1a: Longtooth|345\/394|[from] Stealth Rock
|move|p2a: Crobat|Brave Bird|p1a: Longtooth
|-damage|p1a: Longtooth|231\/394
|-damage|p2a: Crobat|336\/374|[from] recoil|[of] p1a: Longtooth
|
|-heal|p1a: Longtooth|394\/394|[from] move: Wish|[wisher] Freya
|-heal|p2a: Crobat|359\/374|[from] item: Leftovers
|turn|15
|
|switch|p2a: Florges|Florges, F|298\/298
|move|p1a: Longtooth|Scald|p2a: Florges
|-damage|p2a: Florges|234\/298
|
|turn|16
|
|move|p2a: Florges|Moonblast|p1a: Longtooth
|-damage|p1a: Longtooth|243\/394
|move|p1a: Longtooth|Psyshock|p2a: Florges
|-damage|p2a: Florges|104\/298
|
|turn|17
|
|move|p2a: Florges|Moonblast|p1a: Longtooth
|-damage|p1a: Longtooth|80\/394
|move|p1a: Longtooth|Psyshock|p2a: Florges
|-damage|p2a: Florges|0 fnt
|faint|p2a: Florges
|
|
|switch|p2a: Crobat|Crobat, F|359\/374
|turn|18
|
|switch|p1a: Rakk Man|Gligar, M, shiny|334\/334
|-damage|p1a: Rakk Man|293\/334|[from] Stealth Rock
|move|p2a: Crobat|Brave Bird|p1a: Rakk Man
|-damage|p1a: Rakk Man|227\/334
|-damage|p2a: Crobat|337\/374|[from] recoil|[of] p1a: Rakk Man
|
|-heal|p2a: Crobat|360\/374|[from] item: Leftovers
|turn|19
|
|switch|p2a: Swampert|Swampert, M|404\/404
|move|p1a: Rakk Man|Toxic|p2a: Swampert
|-status|p2a: Swampert|tox
|
|-damage|p2a: Swampert|379\/404 tox|[from] psn
|turn|20
|
|switch|p1a: Highgarden|Roserade, M|324\/324
|-damage|p1a: Highgarden|284\/324|[from] Stealth Rock
|move|p2a: Swampert|Roar|p1a: Highgarden
|drag|p1a: Rakk Man|Gligar, M, shiny|227\/334
|-damage|p1a: Rakk Man|186\/334|[from] Stealth Rock
|
|-heal|p2a: Swampert|404\/404 tox|[from] item: Leftovers
|-damage|p2a: Swampert|354\/404 tox|[from] psn
|turn|21
|
|move|p1a: Rakk Man|Roost|p1a: Rakk Man
|-heal|p1a: Rakk Man|334\/334
|move|p2a: Swampert|Yawn|p1a: Rakk Man
|-start|p1a: Rakk Man|move: Yawn|[of] p2a: Swampert
|
|-heal|p2a: Swampert|379\/404 tox|[from] item: Leftovers
|-damage|p2a: Swampert|304\/404 tox|[from] psn
|turn|22
|
|switch|p1a: Highgarden|Roserade, M|284\/324
|-damage|p1a: Highgarden|244\/324|[from] Stealth Rock
|move|p2a: Swampert|Earthquake|p1a: Highgarden
|-damage|p1a: Highgarden|64\/324
|
|-heal|p1a: Highgarden|84\/324|[from] item: Black Sludge
|-heal|p2a: Swampert|329\/404 tox|[from] item: Leftovers
|-damage|p2a: Swampert|229\/404 tox|[from] psn
|turn|23
|
|switch|p2a: Chesnaught|Chesnaught, M|333\/351
|move|p1a: Highgarden|Giga Drain|p2a: Chesnaught
|-resisted|p2a: Chesnaught
|-damage|p2a: Chesnaught|261\/351
|-heal|p1a: Highgarden|120\/324|[from] drain|[of] p2a: Chesnaught
|
|-heal|p1a: Highgarden|140\/324|[from] item: Black Sludge
|-heal|p2a: Chesnaught|282\/351|[from] item: Leftovers
|turn|24
|
|switch|p1a: Dilly Dally Ghost|Sableye, F|142\/304
|-damage|p1a: Dilly Dally Ghost|104\/304|[from] Stealth Rock
|move|p2a: Chesnaught|Wood Hammer|p1a: Dilly Dally Ghost
|-damage|p1a: Dilly Dally Ghost|0 fnt
|-damage|p2a: Chesnaught|248\/351|[from] recoil|[of] p1a: Dilly Dally Ghost
|faint|p1a: Dilly Dally Ghost
|
|-heal|p2a: Chesnaught|269\/351|[from] item: Leftovers
|
|switch|p1a: Freya|Florges, F|314\/360
|-damage|p1a: Freya|269\/360|[from] Stealth Rock
|turn|25
|
|move|p2a: Chesnaught|Wood Hammer|p1a: Freya
|-damage|p1a: Freya|76\/360
|-damage|p2a: Chesnaught|205\/351|[from] recoil|[of] p1a: Freya
|move|p1a: Freya|Moonblast|p2a: Chesnaught
|-crit|p2a: Chesnaught
|-supereffective|p2a: Chesnaught
|-damage|p2a: Chesnaught|0 fnt
|faint|p2a: Chesnaught
|
|-heal|p1a: Freya|98\/360|[from] item: Leftovers
|
|switch|p2a: Houndoom|Houndoom, M|291\/291
|turn|26
|
|move|p2a: Houndoom|Flamethrower|p1a: Freya
|-crit|p1a: Freya
|-damage|p1a: Freya|0 fnt
|faint|p1a: Freya
|
|
|switch|p1a: Swolelax|Snorlax, M|524\/524
|-damage|p1a: Swolelax|459\/524|[from] Stealth Rock
|turn|27
|
|switch|p2a: Swampert|Swampert, M|229\/404 tox
|move|p1a: Swolelax|Frustration|p2a: Swampert
|-damage|p2a: Swampert|120\/404 tox
|
|-heal|p2a: Swampert|145\/404 tox|[from] item: Leftovers
|-heal|p1a: Swolelax|491\/524|[from] item: Leftovers
|-damage|p2a: Swampert|120\/404 tox|[from] psn
|turn|28
|
|move|p1a: Swolelax|Frustration|p2a: Swampert
|-damage|p2a: Swampert|14\/404 tox
|move|p2a: Swampert|Roar|p1a: Swolelax
|drag|p1a: Highgarden|Roserade, M|140\/324
|-damage|p1a: Highgarden|100\/324|[from] Stealth Rock
|
|-heal|p1a: Highgarden|120\/324|[from] item: Black Sludge
|-heal|p2a: Swampert|39\/404 tox|[from] item: Leftovers
|-damage|p2a: Swampert|0 fnt|[from] psn
|faint|p2a: Swampert
|
|switch|p2a: Crobat|Crobat, F|360\/374
|turn|29
|
|switch|p1a: Rakk Man|Gligar, M, shiny|334\/334
|-damage|p1a: Rakk Man|293\/334|[from] Stealth Rock
|move|p2a: Crobat|Brave Bird|p1a: Rakk Man
|-damage|p1a: Rakk Man|230\/334
|-damage|p2a: Crobat|339\/374|[from] recoil|[of] p1a: Rakk Man
|
|-heal|p2a: Crobat|362\/374|[from] item: Leftovers
|turn|30
|
|move|p2a: Crobat|Brave Bird|p1a: Rakk Man
|-damage|p1a: Rakk Man|167\/334
|-damage|p2a: Crobat|341\/374|[from] recoil|[of] p1a: Rakk Man
|move|p1a: Rakk Man|Earthquake|p2a: Crobat
|-immune|p2a: Crobat|[msg]
|
|-heal|p2a: Crobat|364\/374|[from] item: Leftovers
|turn|31
|
|move|p2a: Crobat|Brave Bird|p1a: Rakk Man
|-damage|p1a: Rakk Man|106\/334
|-damage|p2a: Crobat|344\/374|[from] recoil|[of] p1a: Rakk Man
|move|p1a: Rakk Man|Roost|p1a: Rakk Man
|-heal|p1a: Rakk Man|273\/334
|
|-heal|p2a: Crobat|367\/374|[from] item: Leftovers
|turn|32
|
|move|p2a: Crobat|Brave Bird|p1a: Rakk Man
|-damage|p1a: Rakk Man|207\/334
|-damage|p2a: Crobat|345\/374|[from] recoil|[of] p1a: Rakk Man
|move|p1a: Rakk Man|Stealth Rock|p2a: Crobat
|-sidestart|p2: Akayfortyseven|move: Stealth Rock
|
|-heal|p2a: Crobat|368\/374|[from] item: Leftovers
|turn|33
|
|move|p2a: Crobat|Brave Bird|p1a: Rakk Man
|-damage|p1a: Rakk Man|143\/334
|-damage|p2a: Crobat|347\/374|[from] recoil|[of] p1a: Rakk Man
|move|p1a: Rakk Man|Roost|p1a: Rakk Man
|-heal|p1a: Rakk Man|310\/334
|
|-heal|p2a: Crobat|370\/374|[from] item: Leftovers
|turn|34
|
|move|p2a: Crobat|Brave Bird|p1a: Rakk Man
|-crit|p1a: Rakk Man
|-damage|p1a: Rakk Man|219\/334
|-damage|p2a: Crobat|340\/374|[from] recoil|[of] p1a: Rakk Man
|move|p1a: Rakk Man|Earthquake|p2a: Crobat
|-immune|p2a: Crobat|[msg]
|
|-heal|p2a: Crobat|363\/374|[from] item: Leftovers
|turn|35
|
|move|p2a: Crobat|Brave Bird|p1a: Rakk Man
|-damage|p1a: Rakk Man|159\/334
|-damage|p2a: Crobat|343\/374|[from] recoil|[of] p1a: Rakk Man
|move|p1a: Rakk Man|Roost|p1a: Rakk Man
|-heal|p1a: Rakk Man|326\/334
|
|-heal|p2a: Crobat|366\/374|[from] item: Leftovers
|turn|36
|
|switch|p1a: Highgarden|Roserade, M|120\/324
|-damage|p1a: Highgarden|80\/324|[from] Stealth Rock
|move|p2a: Crobat|Defog|p1a: Highgarden
|-unboost|p1a: Highgarden|evasion|1
|-sideend|p1: Brock's Blue Balls|Stealth Rock|[from] move: Defog|[of] p1a: Highgarden
|-sideend|p2: Akayfortyseven|Stealth Rock|[from] move: Defog|[of] p2a: Crobat
|
|-heal|p2a: Crobat|374\/374|[from] item: Leftovers
|-heal|p1a: Highgarden|100\/324|[from] item: Black Sludge
|turn|37
|
|move|p2a: Crobat|Brave Bird|p1a: Highgarden
|-supereffective|p1a: Highgarden
|-damage|p1a: Highgarden|0 fnt
|-damage|p2a: Crobat|341\/374|[from] recoil|[of] p1a: Highgarden
|faint|p1a: Highgarden
|
|-heal|p2a: Crobat|364\/374|[from] item: Leftovers
|
|switch|p1a: Longtooth|Slowking, M|211\/394
|turn|38
|
|move|p2a: Crobat|Brave Bird|p1a: Longtooth
|-damage|p1a: Longtooth|105\/394
|-damage|p2a: Crobat|329\/374|[from] recoil|[of] p1a: Longtooth
|move|p1a: Longtooth|Scald|p2a: Crobat
|-damage|p2a: Crobat|206\/374
|
|-heal|p2a: Crobat|229\/374|[from] item: Leftovers
|turn|39
|
|switch|p1a: Rakk Man|Gligar, M, shiny|326\/334
|move|p2a: Crobat|Brave Bird|p1a: Rakk Man
|-damage|p1a: Rakk Man|263\/334
|-damage|p2a: Crobat|208\/374|[from] recoil|[of] p1a: Rakk Man
|
|-heal|p2a: Crobat|231\/374|[from] item: Leftovers
|turn|40
|
|move|p2a: Crobat|Brave Bird|p1a: Rakk Man
|-damage|p1a: Rakk Man|202\/334
|-damage|p2a: Crobat|211\/374|[from] recoil|[of] p1a: Rakk Man
|move|p1a: Rakk Man|Earthquake|p2a: Crobat
|-immune|p2a: Crobat|[msg]
|
|-heal|p2a: Crobat|234\/374|[from] item: Leftovers
|turn|41
|
|move|p2a: Crobat|Brave Bird|p1a: Rakk Man
|-damage|p1a: Rakk Man|138\/334
|-damage|p2a: Crobat|213\/374|[from] recoil|[of] p1a: Rakk Man
|move|p1a: Rakk Man|Stealth Rock|p2a: Crobat
|-sidestart|p2: Akayfortyseven|move: Stealth Rock
|
|-heal|p2a: Crobat|236\/374|[from] item: Leftovers
|turn|42
|
|move|p2a: Crobat|Brave Bird|p1a: Rakk Man
|-damage|p1a: Rakk Man|77\/334
|-damage|p2a: Crobat|216\/374|[from] recoil|[of] p1a: Rakk Man
|move|p1a: Rakk Man|Roost|p1a: Rakk Man
|-heal|p1a: Rakk Man|244\/334
|
|-heal|p2a: Crobat|239\/374|[from] item: Leftovers
|turn|43
|
|move|p2a: Crobat|Defog|p1a: Rakk Man
|-unboost|p1a: Rakk Man|evasion|1
|-sideend|p2: Akayfortyseven|Stealth Rock|[from] move: Defog|[of] p2a: Crobat
|move|p1a: Rakk Man|Stealth Rock|p2a: Crobat
|-sidestart|p2: Akayfortyseven|move: Stealth Rock
|
|-heal|p2a: Crobat|262\/374|[from] item: Leftovers
|turn|44
|
|switch|p1a: Longtooth|Slowking, M|236\/394
|move|p2a: Crobat|Defog|p1a: Longtooth
|-unboost|p1a: Longtooth|evasion|1
|-sideend|p2: Akayfortyseven|Stealth Rock|[from] move: Defog|[of] p2a: Crobat
|
|-heal|p2a: Crobat|285\/374|[from] item: Leftovers
|turn|45
|
|move|p2a: Crobat|Cross Poison|p1a: Longtooth
|-crit|p1a: Longtooth
|-damage|p1a: Longtooth|140\/394
|move|p1a: Longtooth|Psyshock|p2a: Crobat
|-supereffective|p2a: Crobat
|-damage|p2a: Crobat|57\/374
|
|-heal|p2a: Crobat|80\/374|[from] item: Leftovers
|turn|46
|
|move|p2a: Crobat|Roost|p2a: Crobat
|-heal|p2a: Crobat|267\/374
|move|p1a: Longtooth|Scald|p2a: Crobat
|-damage|p2a: Crobat|159\/374
|-status|p2a: Crobat|brn
|
|-heal|p2a: Crobat|182\/374 brn|[from] item: Leftovers
|-damage|p2a: Crobat|136\/374 brn|[from] brn
|turn|47
|-message|Akayfortyseven forfeited.
|
|win|Brock's Blue Balls
|raw|Ladder updating...
|leave|Akayfortyseven
|player|p2
|raw|Brock&apos;s Blue Balls's rating: 1598 &rarr; <strong>1604<\/strong><br \/>(+6 for winning)
|raw|Akayfortyseven's rating: 1323 &rarr; <strong>1316<\/strong><br \/>(-7 for losing)