|join|Brock's Blue Balls
|join|Happee
|player|p1|Brock's Blue Balls|154
|player|p2|Happee|97
|gametype|singles
|gen|6
|tier|UU
|rated
|rule|Sleep Clause Mod: Limit one foe put to sleep
|rule|Species Clause: Limit one of each PokÃ©mon
|rule|OHKO Clause: OHKO moves are banned
|rule|Moody Clause: Moody is banned
|rule|Evasion Moves Clause: Evasion moves are banned
|rule|Endless Battle Clause: Forcing endless battles is banned
|rule|HP Percentage Mod: HP is shown in percentages
|clearpoke
|poke|p1|Doublade, M, shiny
|poke|p1|Togekiss, M, shiny
|poke|p1|Blissey, F
|poke|p1|Houndoom, M
|poke|p1|Tentacruel, M
|poke|p1|Rotom-Mow
|poke|p2|Clawitzer, M
|poke|p2|Victini
|poke|p2|Crobat, F
|poke|p2|Forretress, M
|poke|p2|Hydreigon, M
|poke|p2|Jolteon, F
|rule|Swagger Clause: Swagger is banned
|rule|Baton Pass Clause: Limit one PokÃ©mon knowing Baton Pass
|teampreview
|
|start
|switch|p1a: Kraken|Tentacruel, M|361\/361
|switch|p2a: Jolteon|Jolteon, F|272\/272
|turn|1
|
|move|p1a: Kraken|Protect|p1a: Kraken
|-singleturn|p1a: Kraken|Protect
|move|p2a: Jolteon|Volt Switch|p1a: Kraken
|-activate|p1a: Kraken|Protect
|
|turn|2
|
|switch|p1a: Teen Mom|Blissey, F|651\/651
|move|p2a: Jolteon|Volt Switch|p1a: Teen Mom
|-damage|p1a: Teen Mom|572\/651
|
|switch|p2a: Forretress|Forretress, M|354\/354
|
|-heal|p1a: Teen Mom|612\/651|[from] item: Leftovers
|turn|3
|
|move|p1a: Teen Mom|Stealth Rock|p2a: Forretress
|-sidestart|p2: Happee|move: Stealth Rock
|move|p2a: Forretress|Stealth Rock|p1a: Teen Mom
|-sidestart|p1: Brock's Blue Balls|move: Stealth Rock
|
|-heal|p1a: Teen Mom|651\/651|[from] item: Leftovers
|turn|4
|
|move|p1a: Teen Mom|Seismic Toss|p2a: Forretress
|-damage|p2a: Forretress|254\/354
|move|p2a: Forretress|Volt Switch|p1a: Teen Mom
|-damage|p1a: Teen Mom|627\/651
|
|switch|p2a: Victini|Victini|341\/341
|-damage|p2a: Victini|256\/341|[from] Stealth Rock
|
|-heal|p1a: Teen Mom|651\/651|[from] item: Leftovers
|turn|5
|
|switch|p1a: Kraken|Tentacruel, M|361\/361
|-damage|p1a: Kraken|316\/361|[from] Stealth Rock
|move|p2a: Victini|U-turn|p1a: Kraken
|-resisted|p1a: Kraken
|-damage|p1a: Kraken|268\/361
|
|switch|p2a: Jolteon|Jolteon, F|272\/272
|-damage|p2a: Jolteon|238\/272|[from] Stealth Rock
|
|-heal|p1a: Kraken|290\/361|[from] item: Leftovers
|turn|6
|
|move|p1a: Kraken|Protect|p1a: Kraken
|-singleturn|p1a: Kraken|Protect
|move|p2a: Jolteon|Volt Switch|p1a: Kraken
|-activate|p1a: Kraken|Protect
|
|-heal|p1a: Kraken|312\/361|[from] item: Leftovers
|turn|7
|
|move|p2a: Jolteon|Volt Switch|p1a: Kraken
|-supereffective|p1a: Kraken
|-damage|p1a: Kraken|118\/361
|
|switch|p2a: Forretress|Forretress, M|254\/354
|-damage|p2a: Forretress|210\/354|[from] Stealth Rock
|move|p1a: Kraken|Rapid Spin|p2a: Forretress
|-crit|p2a: Forretress
|-resisted|p2a: Forretress
|-damage|p2a: Forretress|206\/354
|-sideend|p1: Brock's Blue Balls|Stealth Rock|[from] move: Rapid Spin|[of] p1a: Kraken
|
|-heal|p1a: Kraken|140\/361|[from] item: Leftovers
|-heal|p2a: Forretress|228\/354|[from] item: Leftovers
|turn|8
|
|move|p1a: Kraken|Scald|p2a: Forretress
|-damage|p2a: Forretress|105\/354
|move|p2a: Forretress|Rapid Spin|p1a: Kraken
|-damage|p1a: Kraken|125\/361
|-sideend|p2: Happee|Stealth Rock|[from] move: Rapid Spin|[of] p2a: Forretress
|
|-heal|p1a: Kraken|147\/361|[from] item: Leftovers
|-heal|p2a: Forretress|127\/354|[from] item: Leftovers
|turn|9
|
|move|p1a: Kraken|Scald|p2a: Forretress
|-damage|p2a: Forretress|18\/354
|-status|p2a: Forretress|brn
|move|p2a: Forretress|Stealth Rock|p1a: Kraken
|-sidestart|p1: Brock's Blue Balls|move: Stealth Rock
|
|-heal|p1a: Kraken|169\/361|[from] item: Leftovers
|-heal|p2a: Forretress|40\/354 brn|[from] item: Leftovers
|-damage|p2a: Forretress|0 fnt|[from] brn
|faint|p2a: Forretress
|leave|Happee
|player|p2
|join|Happee
|player|p2|Happee|97
|c|âHappee|sorry ;-;
|c|âBrock's Blue Balls|it's k
|
|switch|p2a: Crobat|Crobat, F|324\/324
|turn|10
|
|move|p1a: Kraken|Protect|p1a: Kraken
|-singleturn|p1a: Kraken|Protect
|move|p2a: Crobat|Brave Bird|p1a: Kraken
|-activate|p1a: Kraken|Protect
|
|-heal|p1a: Kraken|191\/361|[from] item: Leftovers
|turn|11
|
|switch|p2a: Victini|Victini|256\/341
|move|p1a: Kraken|Rapid Spin|p2a: Victini
|-crit|p2a: Victini
|-damage|p2a: Victini|242\/341
|-sideend|p1: Brock's Blue Balls|Stealth Rock|[from] move: Rapid Spin|[of] p1a: Kraken
|
|-heal|p1a: Kraken|213\/361|[from] item: Leftovers
|turn|12
|
|move|p1a: Kraken|Protect|p1a: Kraken
|-singleturn|p1a: Kraken|Protect
|move|p2a: Victini|Bolt Strike|p1a: Kraken
|-activate|p1a: Kraken|Protect
|
|-heal|p1a: Kraken|235\/361|[from] item: Leftovers
|turn|13
|
|switch|p1a: Landing Strip?|Rotom-Mow|241\/241
|move|p2a: Victini|Bolt Strike|p1a: Landing Strip?
|-resisted|p1a: Landing Strip?
|-damage|p1a: Landing Strip?|199\/241
|
|turn|14
|
|switch|p2a: Hydreigon|Hydreigon, M|325\/325
|move|p1a: Landing Strip?|Leaf Storm|p2a: Hydreigon
|-resisted|p2a: Hydreigon
|-damage|p2a: Hydreigon|199\/325
|-unboost|p1a: Landing Strip?|spa|2
|
|turn|15
|
|switch|p1a: Teen Mom|Blissey, F|651\/651
|move|p2a: Hydreigon|Dark Pulse|p1a: Teen Mom
|-damage|p1a: Teen Mom|529\/651
|-damage|p2a: Hydreigon|167\/325|[from] item: Life Orb
|
|-heal|p1a: Teen Mom|569\/651|[from] item: Leftovers
|turn|16
|
|move|p2a: Hydreigon|Superpower|p1a: Teen Mom
|-supereffective|p1a: Teen Mom
|-damage|p1a: Teen Mom|124\/651
|-unboost|p2a: Hydreigon|atk|1
|-unboost|p2a: Hydreigon|def|1
|-damage|p2a: Hydreigon|135\/325|[from] item: Life Orb
|move|p1a: Teen Mom|Stealth Rock|p2a: Hydreigon
|-sidestart|p2: Happee|move: Stealth Rock
|
|-heal|p1a: Teen Mom|164\/651|[from] item: Leftovers
|turn|17
|
|switch|p1a: Scrambled|Togekiss, M, shiny|351\/351
|move|p2a: Hydreigon|U-turn|p1a: Scrambled
|-resisted|p1a: Scrambled
|-damage|p1a: Scrambled|342\/351
|-damage|p2a: Hydreigon|103\/325|[from] item: Life Orb
|
|switch|p2a: Jolteon|Jolteon, F|238\/272
|-damage|p2a: Jolteon|204\/272|[from] Stealth Rock
|
|-heal|p1a: Scrambled|351\/351|[from] item: Leftovers
|turn|18
|
|switch|p1a: Landing Strip?|Rotom-Mow|199\/241
|move|p2a: Jolteon|Volt Switch|p1a: Landing Strip?
|-crit|p1a: Landing Strip?
|-resisted|p1a: Landing Strip?
|-damage|p1a: Landing Strip?|158\/241
|
|switch|p2a: Crobat|Crobat, F|324\/324
|-damage|p2a: Crobat|243\/324|[from] Stealth Rock
|
|turn|19
|
|switch|p2a: Jolteon|Jolteon, F|204\/272
|-damage|p2a: Jolteon|170\/272|[from] Stealth Rock
|move|p1a: Landing Strip?|Will-O-Wisp|p2a: Jolteon
|-status|p2a: Jolteon|brn
|
|-damage|p2a: Jolteon|136\/272 brn|[from] brn
|turn|20
|
|move|p2a: Jolteon|Thunderbolt|p1a: Landing Strip?
|-resisted|p1a: Landing Strip?
|-damage|p1a: Landing Strip?|122\/241
|move|p1a: Landing Strip?|Will-O-Wisp|p2a: Jolteon
|-fail|p2a: Jolteon|brn
|
|-damage|p2a: Jolteon|102\/272 brn|[from] brn
|turn|21
|
|switch|p2a: Crobat|Crobat, F|243\/324
|-damage|p2a: Crobat|162\/324|[from] Stealth Rock
|switch|p1a: Teen Mom|Blissey, F|164\/651
|
|-heal|p1a: Teen Mom|204\/651|[from] item: Leftovers
|turn|22
|
|switch|p1a: Venetia Shield|Doublade, M, shiny|309\/309
|move|p2a: Crobat|Roost|p2a: Crobat
|-heal|p2a: Crobat|324\/324
|
|turn|23
|
|switch|p2a: Clawitzer|Clawitzer, M|346\/346
|-damage|p2a: Clawitzer|303\/346|[from] Stealth Rock
|move|p1a: Venetia Shield|Iron Head|p2a: Clawitzer
|-resisted|p2a: Clawitzer
|-damage|p2a: Clawitzer|229\/346
|
|turn|24
|
|switch|p1a: Scrambled|Togekiss, M, shiny|351\/351
|move|p2a: Clawitzer|Dark Pulse|p1a: Scrambled
|-resisted|p1a: Scrambled
|-damage|p1a: Scrambled|280\/351
|
|-heal|p1a: Scrambled|301\/351|[from] item: Leftovers
|turn|25
|
|move|p1a: Scrambled|Air Slash|p2a: Clawitzer
|-damage|p2a: Clawitzer|150\/346
|cant|p2a: Clawitzer|flinch
|
|-heal|p1a: Scrambled|322\/351|[from] item: Leftovers
|turn|26
|
|move|p1a: Scrambled|Air Slash|p2a: Clawitzer
|-damage|p2a: Clawitzer|77\/346
|cant|p2a: Clawitzer|flinch
|
|-heal|p1a: Scrambled|343\/351|[from] item: Leftovers
|turn|27
|
|move|p1a: Scrambled|Air Slash|p2a: Clawitzer
|-damage|p2a: Clawitzer|2\/346
|cant|p2a: Clawitzer|flinch
|
|-heal|p1a: Scrambled|351\/351|[from] item: Leftovers
|turn|28
|
|move|p1a: Scrambled|Air Slash|p2a: Clawitzer
|-crit|p2a: Clawitzer
|-damage|p2a: Clawitzer|0 fnt
|faint|p2a: Clawitzer
|
|
|switch|p2a: Victini|Victini|242\/341
|-damage|p2a: Victini|157\/341|[from] Stealth Rock
|turn|29
|c|âBrock's Blue Balls|that is why i hate togekiss...
|c|âHappee|lol
|
|move|p2a: Victini|V-create|p1a: Scrambled
|-damage|p1a: Scrambled|53\/351
|-unboost|p2a: Victini|def|1
|-unboost|p2a: Victini|spd|1
|-unboost|p2a: Victini|spe|1
|move|p1a: Scrambled|Roost|p1a: Scrambled
|-heal|p1a: Scrambled|229\/351
|
|-heal|p1a: Scrambled|250\/351|[from] item: Leftovers
|turn|30
|
|switch|p1a: Cerberus|Houndoom, M|291\/291
|switch|p2a: Crobat|Crobat, F|324\/324
|-damage|p2a: Crobat|243\/324|[from] Stealth Rock
|
|turn|31
|
|switch|p1a: Venetia Shield|Doublade, M, shiny|309\/309
|move|p2a: Crobat|Brave Bird|p1a: Venetia Shield
|-resisted|p1a: Venetia Shield
|-damage|p1a: Venetia Shield|252\/309
|-damage|p2a: Crobat|224\/324|[from] recoil|[of] p1a: Venetia Shield
|
|turn|32
|
|switch|p2a: Jolteon|Jolteon, F|102\/272 brn
|-damage|p2a: Jolteon|68\/272 brn|[from] Stealth Rock
|move|p1a: Venetia Shield|Iron Head|p2a: Jolteon
|-resisted|p2a: Jolteon
|-damage|p2a: Jolteon|0 fnt
|faint|p2a: Jolteon
|
|
|switch|p2a: Hydreigon|Hydreigon, M|103\/325
|-damage|p2a: Hydreigon|63\/325|[from] Stealth Rock
|turn|33
|
|switch|p1a: Scrambled|Togekiss, M, shiny|250\/351
|move|p2a: Hydreigon|Dark Pulse|p1a: Scrambled
|-resisted|p1a: Scrambled
|-damage|p1a: Scrambled|176\/351
|-damage|p2a: Hydreigon|31\/325|[from] item: Life Orb
|
|-heal|p1a: Scrambled|197\/351|[from] item: Leftovers
|turn|34
|
|move|p2a: Hydreigon|Dark Pulse|p1a: Scrambled
|-resisted|p1a: Scrambled
|-damage|p1a: Scrambled|119\/351
|-damage|p2a: Hydreigon|0 fnt|[from] item: Life Orb
|faint|p2a: Hydreigon
|cant|p1a: Scrambled|flinch
|
|-heal|p1a: Scrambled|140\/351|[from] item: Leftovers
|
|switch|p2a: Victini|Victini|157\/341
|-damage|p2a: Victini|72\/341|[from] Stealth Rock
|turn|35
|
|switch|p1a: Landing Strip?|Rotom-Mow|122\/241
|move|p2a: Victini|Bolt Strike|p1a: Landing Strip?
|-resisted|p1a: Landing Strip?
|-damage|p1a: Landing Strip?|77\/241
|
|turn|36
|
|move|p1a: Landing Strip?|Volt Switch|p2a: Victini
|-damage|p2a: Victini|0 fnt
|faint|p2a: Victini
|
|switch|p1a: Venetia Shield|Doublade, M, shiny|252\/309
|
|
|switch|p2a: Crobat|Crobat, F|224\/324
|-damage|p2a: Crobat|143\/324|[from] Stealth Rock
|turn|37
|
|move|p2a: Crobat|Brave Bird|p1a: Venetia Shield
|-resisted|p1a: Venetia Shield
|-damage|p1a: Venetia Shield|198\/309
|-damage|p2a: Crobat|125\/324|[from] recoil|[of] p1a: Venetia Shield
|move|p1a: Venetia Shield|Iron Head|p2a: Crobat
|-damage|p2a: Crobat|0 fnt
|faint|p2a: Crobat
|
|win|Brock's Blue Balls
|raw|Ladder updating...
|raw|Brock&apos;s Blue Balls's rating: 1608 &rarr; <strong>1620<\/strong><br \/>(+12 for winning)
|raw|Happee's rating: 1469 &rarr; <strong>1456<\/strong><br \/>(-13 for losing)
|c|âHappee|gg
|c|âBrock's Blue Balls|gg
|leave|Happee
|player|p2