|join|zachstache
|join|Brock's Blue Balls
|player|p1|zachstache|102
|player|p2|Brock's Blue Balls|154
|gametype|singles
|gen|6
|tier|UU
|rated
|rule|Sleep Clause Mod: Limit one foe put to sleep
|rule|Species Clause: Limit one of each Pokemon
|rule|OHKO Clause: OHKO moves are banned
|rule|Moody Clause: Moody is banned
|rule|Evasion Moves Clause: Evasion moves are banned
|rule|Endless Battle Clause: Forcing endless battles is banned
|rule|HP Percentage Mod: HP is reported as percentages
|clearpoke
|poke|p1|Alakazam, M
|poke|p1|Hydreigon, M, shiny
|poke|p1|Blissey, F
|poke|p1|Slowbro, M
|poke|p1|Lucario, M
|poke|p1|Flygon, F
|poke|p2|Froslass, F
|poke|p2|Hydreigon, F
|poke|p2|Crobat, M
|poke|p2|Lucario, M
|poke|p2|Swampert, F
|poke|p2|Sableye, M
|rule|Baton Pass Clause: Limit 3 pokemon knowing Baton Pass
|teampreview
|
|start
|switch|p1a: Alakazam|Alakazam, M|252\/252
|switch|p2a: Frostitute|Froslass, F|281\/281
|turn|1
|
|move|p1a: Alakazam|Shadow Ball|p2a: Frostitute
|-supereffective|p2a: Frostitute
|-damage|p2a: Frostitute|9\/281
|move|p2a: Frostitute|Icy Wind|p1a: Alakazam
|-damage|p1a: Alakazam|177\/252
|-unboost|p1a: Alakazam|spe|1
|
|turn|2
|
|move|p2a: Frostitute|Spikes|p1a: Alakazam
|-sidestart|p1: zachstache|Spikes
|move|p1a: Alakazam|Shadow Ball|p2a: Frostitute
|-supereffective|p2a: Frostitute
|-damage|p2a: Frostitute|0 fnt
|faint|p2a: Frostitute
|
|
|switch|p2a: Hydreigon|Hydreigon, F|325\/325
|turn|3
|
|switch|p1a: Blissey|Blissey, F|714\/714
|-damage|p1a: Blissey|625\/714|[from] Spikes
|move|p2a: Hydreigon|Dark Pulse|p1a: Blissey
|-damage|p1a: Blissey|522\/714
|-damage|p2a: Hydreigon|293\/325|[from] item: Life Orb
|
|-heal|p1a: Blissey|566\/714|[from] item: Leftovers
|turn|4
|
|move|p2a: Hydreigon|Superpower|p1a: Blissey
|-supereffective|p1a: Blissey
|-damage|p1a: Blissey|0 fnt
|-unboost|p2a: Hydreigon|atk|1
|-unboost|p2a: Hydreigon|def|1
|-damage|p2a: Hydreigon|261\/325|[from] item: Life Orb
|faint|p1a: Blissey
|
|
|switch|p1a: Flygon|Flygon, F|301\/301
|turn|5
|
|switch|p2a: Swampert|Swampert, F|404\/404
|move|p1a: Flygon|Outrage|p2a: Swampert
|-damage|p2a: Swampert|271\/404
|
|-heal|p2a: Swampert|296\/404|[from] item: Leftovers
|turn|6
|
|move|p1a: Flygon|Outrage|p2a: Swampert
|-damage|p2a: Swampert|149\/404
|move|p2a: Swampert|Stealth Rock|p1a: Flygon
|-sidestart|p1: zachstache|move: Stealth Rock
|
|-heal|p2a: Swampert|174\/404|[from] item: Leftovers
|turn|7
|
|move|p1a: Flygon|Outrage|p2a: Swampert
|-damage|p2a: Swampert|36\/404
|move|p2a: Swampert|Scald|p1a: Flygon
|-damage|p1a: Flygon|177\/301
|
|-end|p1a: Flygon|rampage
|-start|p1a: Flygon|confusion
|-heal|p2a: Swampert|61\/404|[from] item: Leftovers
|turn|8
|
|switch|p1a: Slowbro|Slowbro, M|394\/394
|-damage|p1a: Slowbro|345\/394|[from] Stealth Rock
|-damage|p1a: Slowbro|296\/394|[from] Spikes
|move|p2a: Swampert|Roar|p1a: Slowbro
|drag|p1a: Flygon|Flygon, F|177\/301
|-damage|p1a: Flygon|159\/301|[from] Stealth Rock
|
|-heal|p2a: Swampert|86\/404|[from] item: Leftovers
|turn|9
|
|move|p1a: Flygon|Outrage|p2a: Swampert
|-damage|p2a: Swampert|0 fnt
|faint|p2a: Swampert
|
|
|switch|p2a: Yahtzee|Lucario, M|281\/281
|turn|10
|
|move|p1a: Flygon|Outrage|p2a: Yahtzee
|-resisted|p2a: Yahtzee
|-damage|p2a: Yahtzee|161\/281
|move|p2a: Yahtzee|Swords Dance|p2a: Yahtzee
|-boost|p2a: Yahtzee|atk|2
|
|-end|p1a: Flygon|rampage
|-start|p1a: Flygon|confusion
|turn|11
|
|move|p2a: Yahtzee|Extreme Speed|p1a: Flygon
|-damage|p1a: Flygon|0 fnt
|-damage|p2a: Yahtzee|133\/281|[from] item: Life Orb
|faint|p1a: Flygon
|
|
|switch|p1a: Slowbro|Slowbro, M|394\/394
|-damage|p1a: Slowbro|345\/394|[from] Spikes
|-damage|p1a: Slowbro|296\/394|[from] Stealth Rock
|turn|12
|
|move|p2a: Yahtzee|Crunch|p1a: Slowbro
|-supereffective|p1a: Slowbro
|-damage|p1a: Slowbro|0 fnt
|-damage|p2a: Yahtzee|105\/281|[from] item: Life Orb
|faint|p1a: Slowbro
|
|
|switch|p1a: Hydreigon|Hydreigon, M, shiny|325\/325
|-damage|p1a: Hydreigon|285\/325|[from] Stealth Rock
|turn|13
|
|move|p2a: Yahtzee|Extreme Speed|p1a: Hydreigon
|-damage|p1a: Hydreigon|0 fnt
|-damage|p2a: Yahtzee|77\/281|[from] item: Life Orb
|faint|p1a: Hydreigon
|
|
|switch|p1a: Alakazam|Alakazam, M|177\/252
|turn|14
|
|move|p2a: Yahtzee|Extreme Speed|p1a: Alakazam
|-damage|p1a: Alakazam|0 fnt
|-damage|p2a: Yahtzee|49\/281|[from] item: Life Orb
|faint|p1a: Alakazam
|
|
|switch|p1a: Lucario|Lucario, M|281\/281
|-damage|p1a: Lucario|273\/281|[from] Stealth Rock
|-damage|p1a: Lucario|238\/281|[from] Spikes
|turn|15
|
|move|p2a: Yahtzee|Extreme Speed|p1a: Lucario
|-resisted|p1a: Lucario
|-damage|p1a: Lucario|70\/281
|-damage|p2a: Yahtzee|21\/281|[from] item: Life Orb
|move|p1a: Lucario|Bullet Punch|p2a: Yahtzee
|-resisted|p2a: Yahtzee
|-damage|p2a: Yahtzee|0 fnt
|-damage|p1a: Lucario|42\/281|[from] item: Life Orb
|faint|p2a: Yahtzee
|
|
|switch|p2a: Crobat|Crobat, M|325\/325
|turn|16
|
|move|p2a: Crobat|Brave Bird|p1a: Lucario
|-crit|p1a: Lucario
|-damage|p1a: Lucario|0 fnt
|-damage|p2a: Crobat|311\/325|[from] recoil|[of] p1a: Lucario
|faint|p1a: Lucario
|
|win|Brock's Blue Balls
|raw|Ladder updating...
|raw|zachstache's rating: 1358 &rarr; <strong>1349<\/strong><br \/>(-9 for losing)
|raw|Brock&apos;s Blue Balls's rating: 1561 &rarr; <strong>1570<\/strong><br \/>(+9 for winning)
|leave|zachstache
|player|p1