|join|Brock's Blue Balls
|join|eaten by vultures
|player|p1|Brock's Blue Balls|154
|player|p2|eaten by vultures|167
|gametype|singles
|gen|6
|tier|UU
|rated
|rule|Sleep Clause Mod: Limit one foe put to sleep
|rule|Species Clause: Limit one of each Pokemon
|rule|OHKO Clause: OHKO moves are banned
|rule|Moody Clause: Moody is banned
|rule|Evasion Moves Clause: Evasion moves are banned
|rule|Endless Battle Clause: Forcing endless battles is banned.
|rule|HP Percentage Mod: HP is reported as percentages
|clearpoke
|poke|p1|Granbull, M
|poke|p1|Hydreigon, F
|poke|p1|Jirachi
|poke|p1|Donphan, M
|poke|p1|Chandelure, M, shiny
|poke|p1|Heracross, M, shiny
|poke|p2|Miltank, F
|poke|p2|Zoroark, F
|poke|p2|Venomoth, F
|poke|p2|Flygon, F
|poke|p2|Toxicroak, M
|poke|p2|Swampert, F
|teampreview
|
|start
|switch|p1a: Stardust|Jirachi|404\/404
|switch|p2a: Bug Spray|Flygon, F|301\/301
|turn|1
|
|move|p2a: Bug Spray|Earthquake|p1a: Stardust
|-supereffective|p1a: Stardust
|-damage|p1a: Stardust|116\/404
|move|p1a: Stardust|Body Slam|p2a: Bug Spray
|-damage|p2a: Bug Spray|223\/301
|-status|p2a: Bug Spray|par
|
|-heal|p1a: Stardust|141\/404|[from] item: Leftovers
|turn|2
|
|switch|p2a: Swampert|Swampert, F|401\/401
|move|p1a: Stardust|U-turn|p2a: Swampert
|-damage|p2a: Swampert|357\/401
|
|switch|p1a: Hydra|Hydreigon, F|325\/325
|
|-heal|p2a: Swampert|382\/401|[from] item: Leftovers
|turn|3
|
|move|p1a: Hydra|Draco Meteor|p2a: Swampert
|-damage|p2a: Swampert|0 fnt
|-unboost|p1a: Hydra|spa|2
|faint|p2a: Swampert
|
|
|switch|p2a: Serious Team|Miltank, F|394\/394
|turn|4
|join|StealingIsWinning
|
|switch|p1a: Stardust|Jirachi|141\/404
|move|p2a: Serious Team|Heal Bell|p2a: Serious Team
|-cureteam|p2a: Serious Team|[from] move: HealBell
|
|-heal|p1a: Stardust|166\/404|[from] item: Leftovers
|turn|5
|
|switch|p2a: stealth rock?|Toxicroak, M|353\/353
|move|p1a: Stardust|Wish|p1a: Stardust
|
|-heal|p1a: Stardust|191\/404|[from] item: Leftovers
|turn|6
|
|move|p2a: stealth rock?|Swords Dance|p2a: stealth rock?
|-boost|p2a: stealth rock?|atk|2
|move|p1a: Stardust|Body Slam|p2a: stealth rock?
|-damage|p2a: stealth rock?|262\/353
|-status|p2a: stealth rock?|par
|
|-heal|p1a: Stardust|393\/404|[from] move: Wish|[wisher] Stardust
|-heal|p1a: Stardust|404\/404|[from] item: Leftovers
|turn|7
|
|switch|p1a: Boodro|Granbull, M|384\/384
|-ability|p1a: Boodro|Intimidate|[of] p2a: stealth rock?
|-unboost|p2a: stealth rock?|atk|1
|cant|p2a: stealth rock?|par
|
|turn|8
|
|switch|p2a: Serious Team|Miltank, F|394\/394
|move|p1a: Boodro|Earthquake|p2a: Serious Team
|-damage|p2a: Serious Team|307\/394
|
|-heal|p2a: Serious Team|331\/394|[from] item: Leftovers
|turn|9
|
|switch|p1a: Hydra|Hydreigon, F|325\/325
|move|p2a: Serious Team|Heal Bell|p2a: Serious Team
|-cureteam|p2a: Serious Team|[from] move: HealBell
|
|-heal|p2a: Serious Team|355\/394|[from] item: Leftovers
|turn|10
|leave|StealingIsWinning
|
|move|p1a: Hydra|Draco Meteor|p2a: Serious Team
|-damage|p2a: Serious Team|0 fnt
|-unboost|p1a: Hydra|spa|2
|faint|p2a: Serious Team
|
|
|switch|p2a: stealth rock?|Toxicroak, M|261\/261
|turn|11
|
|switch|p1a: Rick Rollin|Donphan, M|384\/384
|move|p2a: stealth rock?|Knock Off|p1a: Rick Rollin
|-damage|p1a: Rick Rollin|215\/384
|-enditem|p1a: Rick Rollin|Leftovers|[from] move: Knock Off|[of] p2a: stealth rock?
|
|turn|12
|
|move|p2a: stealth rock?|Knock Off|p1a: Rick Rollin
|-damage|p1a: Rick Rollin|109\/384
|move|p1a: Rick Rollin|Stealth Rock|p2a: stealth rock?
|-sidestart|p2: eaten by vultures|move: Stealth Rock
|
|turn|13
|
|move|p2a: stealth rock?|Knock Off|p1a: Rick Rollin
|-damage|p1a: Rick Rollin|0 fnt
|faint|p1a: Rick Rollin
|
|
|switch|p1a: Hydra|Hydreigon, F|325\/325
|turn|14
|
|move|p2a: stealth rock?|Knock Off|p1a: Hydra
|-resisted|p1a: Hydra
|-damage|p1a: Hydra|184\/325
|-enditem|p1a: Hydra|Choice Specs|[from] move: Knock Off|[of] p2a: stealth rock?
|move|p1a: Hydra|Draco Meteor|p2a: stealth rock?
|replace|p2a: Zoroark|Zoroark, F|261\/261
|-damage|p2a: Zoroark|0 fnt
|-unboost|p1a: Hydra|spa|2
|faint|p2a: Zoroark
|
|
|switch|p2a: Bug Spray|Flygon, F|223\/301
|-damage|p2a: Bug Spray|205\/301|[from] Stealth Rock
|turn|15
|
|switch|p1a: Boodro|Granbull, M|384\/384
|-ability|p1a: Boodro|Intimidate|[of] p2a: Bug Spray
|-unboost|p2a: Bug Spray|atk|1
|move|p2a: Bug Spray|U-turn|p1a: Boodro
|-resisted|p1a: Boodro
|-damage|p1a: Boodro|355\/384
|
|switch|p2a: stealth rock?|Toxicroak, M|262\/353
|-damage|p2a: stealth rock?|240\/353|[from] Stealth Rock
|
|-heal|p1a: Boodro|379\/384|[from] item: Leftovers
|turn|16
|
|move|p2a: stealth rock?|Gunk Shot|p1a: Boodro
|-crit|p1a: Boodro
|-supereffective|p1a: Boodro
|-damage|p1a: Boodro|0 fnt
|-damage|p2a: stealth rock?|205\/353|[from] item: Life Orb
|faint|p1a: Boodro
|
|
|switch|p1a: LumiÃ¨re|Chandelure, M, shiny|261\/261
|turn|17
|
|move|p2a: stealth rock?|Sucker Punch|p1a: LumiÃ¨re
|-fail|p1a: LumiÃ¨re
|move|p1a: LumiÃ¨re|Substitute|p1a: LumiÃ¨re
|-start|p1a: LumiÃ¨re|Substitute
|-damage|p1a: LumiÃ¨re|196\/261
|
|turn|18
|
|move|p2a: stealth rock?|Sucker Punch|p1a: LumiÃ¨re
|-supereffective|p1a: LumiÃ¨re
|-end|p1a: LumiÃ¨re|Substitute
|-damage|p2a: stealth rock?|170\/353|[from] item: Life Orb
|move|p1a: LumiÃ¨re|Shadow Ball|p2a: stealth rock?
|-damage|p2a: stealth rock?|0 fnt
|-damage|p1a: LumiÃ¨re|170\/261|[from] item: Life Orb
|faint|p2a: stealth rock?
|
|
|switch|p2a: STEALTH ROCK|Venomoth, F|289\/289
|-damage|p2a: STEALTH ROCK|217\/289|[from] Stealth Rock
|turn|19
|
|move|p1a: LumiÃ¨re|Fire Blast|p2a: STEALTH ROCK
|-supereffective|p2a: STEALTH ROCK
|-damage|p2a: STEALTH ROCK|0 fnt
|-damage|p1a: LumiÃ¨re|144\/261|[from] item: Life Orb
|faint|p2a: STEALTH ROCK
|
|
|switch|p2a: Bug Spray|Flygon, F|205\/301
|-damage|p2a: Bug Spray|187\/301|[from] Stealth Rock
|turn|20
|
|move|p2a: Bug Spray|Outrage|p1a: LumiÃ¨re
|-damage|p1a: LumiÃ¨re|0 fnt
|faint|p1a: LumiÃ¨re
|
|-message|eaten by vultures forfeited.
|
|win|Brock's Blue Balls
|raw|Ladder updating...
|leave|eaten by vultures
|player|p2
|raw|Ladder (probably) updated, but score could not be retrieved (timeout).
|raw|Ladder (probably) updated, but score could not be retrieved (Error: socket hang up).