|join|Brock's Blue Balls
|join|Reconcilliness
|player|p1|Brock's Blue Balls|154
|player|p2|Reconcilliness|130
|gametype|singles
|gen|6
|tier|UU
|rated
|rule|Sleep Clause Mod: Limit one foe put to sleep
|rule|Species Clause: Limit one of each PokÃ©mon
|rule|OHKO Clause: OHKO moves are banned
|rule|Moody Clause: Moody is banned
|rule|Evasion Moves Clause: Evasion moves are banned
|rule|Endless Battle Clause: Forcing endless battles is banned
|rule|HP Percentage Mod: HP is shown in percentages
|clearpoke
|poke|p1|Jellicent, M
|poke|p1|Zygarde
|poke|p1|Aggron, M
|poke|p1|Blissey, F
|poke|p1|Forretress, M, shiny
|poke|p1|Aromatisse, F
|poke|p2|Haxorus, M
|poke|p2|Darmanitan, M
|poke|p2|Slowking, F
|poke|p2|Honchkrow, M
|poke|p2|Arcanine, F
|poke|p2|Espeon, F
|rule|Swagger Clause: Swagger is banned
|rule|Baton Pass Clause: Limit one PokÃ©mon knowing Baton Pass
|teampreview
|
|start
|switch|p1a: Aggron|Aggron, M|344\/344
|switch|p2a: Espeon|Espeon, F|272\/272
|turn|1
|
|detailschange|p1a: Aggron|Aggron-Mega, M
|message|Aggron has Mega Evolved into Mega Aggron!
|move|p2a: Espeon|Future Sight|p1a: Aggron
|-start|p2a: Espeon|move: Future Sight
|move|p1a: Aggron|Heavy Slam|p2a: Espeon
|-damage|p2a: Espeon|10\/272
|
|turn|2
|
|switch|p2a: Arcanine|Arcanine, F|384\/384
|-ability|p2a: Arcanine|Intimidate|[of] p1a: Aggron
|-unboost|p1a: Aggron|atk|1
|move|p1a: Aggron|Heavy Slam|p2a: Arcanine
|-resisted|p2a: Arcanine
|-damage|p2a: Arcanine|353\/384
|
|-heal|p2a: Arcanine|377\/384|[from] item: Leftovers
|turn|3
|
|move|p2a: Arcanine|Will-O-Wisp|p1a: Aggron
|-status|p1a: Aggron|brn
|move|p1a: Aggron|Stealth Rock|p2a: Arcanine
|-sidestart|p2: Reconcilliness|move: Stealth Rock
|
|-message|Future Sight hit! (placeholder)
|-resisted|p1a: Aggron
|-damage|p1a: Aggron|223\/344 brn
|-heal|p2a: Arcanine|384\/384|[from] item: Leftovers
|-damage|p1a: Aggron|180\/344 brn|[from] brn
|turn|4
|
|switch|p1a: Pringles|Jellicent, M|403\/403
|move|p2a: Arcanine|Flare Blitz|p1a: Pringles
|-resisted|p1a: Pringles
|-damage|p1a: Pringles|327\/403
|-damage|p2a: Arcanine|359\/384|[from] recoil|[of] p1a: Pringles
|
|-heal|p2a: Arcanine|383\/384|[from] item: Leftovers
|-heal|p1a: Pringles|352\/403|[from] item: Leftovers
|turn|5
|
|switch|p2a: Slowking|Slowking, F|393\/393
|-damage|p2a: Slowking|344\/393|[from] Stealth Rock
|move|p1a: Pringles|Scald|p2a: Slowking
|-resisted|p2a: Slowking
|-damage|p2a: Slowking|320\/393
|
|-heal|p1a: Pringles|377\/403|[from] item: Leftovers
|turn|6
|
|move|p1a: Pringles|Taunt|p2a: Slowking
|-start|p2a: Slowking|move: Taunt
|move|p2a: Slowking|Fire Blast|p1a: Pringles
|-resisted|p1a: Pringles
|-damage|p1a: Pringles|322\/403
|
|-heal|p1a: Pringles|347\/403|[from] item: Leftovers
|turn|7
|
|move|p1a: Pringles|Will-O-Wisp|p2a: Slowking|[miss]
|-miss|p1a: Pringles|p2a: Slowking
|move|p2a: Slowking|Dragon Tail|p1a: Pringles
|-damage|p1a: Pringles|317\/403
|drag|p1a: Aggron|Aggron-Mega, M|180\/344 brn
|
|-damage|p1a: Aggron|137\/344 brn|[from] brn
|turn|8
|
|switch|p1a: Teen Mom|Blissey, F|714\/714
|move|p2a: Slowking|Fire Blast|p1a: Teen Mom
|-damage|p1a: Teen Mom|625\/714
|
|-heal|p1a: Teen Mom|669\/714|[from] item: Leftovers
|-end|p2a: Slowking|move: Taunt
|turn|9
|
|move|p1a: Teen Mom|Seismic Toss|p2a: Slowking
|-damage|p2a: Slowking|220\/393
|move|p2a: Slowking|Psyshock|p1a: Teen Mom
|-damage|p1a: Teen Mom|452\/714
|
|-heal|p1a: Teen Mom|496\/714|[from] item: Leftovers
|turn|10
|
|move|p1a: Teen Mom|Wish|p1a: Teen Mom
|move|p2a: Slowking|Psyshock|p1a: Teen Mom
|-damage|p1a: Teen Mom|271\/714
|
|-heal|p1a: Teen Mom|315\/714|[from] item: Leftovers
|turn|11
|
|switch|p2a: Arcanine|Arcanine, F|383\/384
|-damage|p2a: Arcanine|287\/384|[from] Stealth Rock
|-ability|p2a: Arcanine|Intimidate|[of] p1a: Teen Mom
|-unboost|p1a: Teen Mom|atk|1
|move|p1a: Teen Mom|Seismic Toss|p2a: Arcanine
|-damage|p2a: Arcanine|187\/384
|
|-heal|p1a: Teen Mom|672\/714|[from] move: Wish|[wisher] Teen Mom
|-heal|p2a: Arcanine|211\/384|[from] item: Leftovers
|-heal|p1a: Teen Mom|714\/714|[from] item: Leftovers
|turn|12
|
|move|p1a: Teen Mom|Protect|p1a: Teen Mom
|-singleturn|p1a: Teen Mom|Protect
|move|p2a: Arcanine|Morning Sun|p2a: Arcanine
|-heal|p2a: Arcanine|384\/384
|
|turn|13
|
|move|p2a: Arcanine|Will-O-Wisp|p1a: Teen Mom
|-status|p1a: Teen Mom|brn
|move|p1a: Teen Mom|Wish|p1a: Teen Mom
|
|-damage|p1a: Teen Mom|625\/714 brn|[from] brn
|turn|14
|
|move|p2a: Arcanine|Flare Blitz|p1a: Teen Mom
|-damage|p1a: Teen Mom|295\/714 brn
|-damage|p2a: Arcanine|275\/384|[from] recoil|[of] p1a: Teen Mom
|move|p1a: Teen Mom|Counter|p2a: Arcanine
|-damage|p2a: Arcanine|0 fnt
|faint|p2a: Arcanine
|
|-heal|p1a: Teen Mom|652\/714 brn|[from] move: Wish|[wisher] Teen Mom
|-heal|p1a: Teen Mom|696\/714 brn|[from] item: Leftovers
|-damage|p1a: Teen Mom|607\/714 brn|[from] brn
|c|âReconcilliness|well then
|c|âBrock's Blue Balls|:D
|
|switch|p2a: Haxorus|Haxorus, M|294\/294
|-damage|p2a: Haxorus|258\/294|[from] Stealth Rock
|-ability|p2a: Haxorus|Mold Breaker
|turn|15
|
|switch|p1a: Gooch|Aromatisse, F|405\/405
|move|p2a: Haxorus|Poison Jab|p1a: Gooch
|-supereffective|p1a: Gooch
|-damage|p1a: Gooch|93\/405
|
|-heal|p1a: Gooch|118\/405|[from] item: Leftovers
|turn|16
|
|switch|p2a: Darmanitan|Darmanitan, M|351\/351
|-damage|p2a: Darmanitan|264\/351|[from] Stealth Rock
|move|p1a: Gooch|Moonblast|p2a: Darmanitan
|-resisted|p2a: Darmanitan
|-damage|p2a: Darmanitan|179\/351
|
|-heal|p1a: Gooch|143\/405|[from] item: Leftovers
|turn|17
|
|move|p1a: Gooch|Protect|p1a: Gooch
|-singleturn|p1a: Gooch|Protect
|move|p2a: Darmanitan|Flare Blitz|p1a: Gooch
|-activate|p1a: Gooch|Protect
|
|-heal|p1a: Gooch|168\/405|[from] item: Leftovers
|turn|18
|
|switch|p1a: Aggron|Aggron-Mega, M|137\/344 brn
|move|p2a: Darmanitan|Flare Blitz|p1a: Aggron
|-supereffective|p1a: Aggron
|-damage|p1a: Aggron|0 fnt
|-damage|p2a: Darmanitan|134\/351|[from] recoil|[of] p1a: Aggron
|faint|p1a: Aggron
|
|
|switch|p1a: Pringles|Jellicent, M|317\/403
|turn|19
|
|switch|p2a: Espeon|Espeon, F|10\/272
|-damage|p2a: Espeon|0 fnt|[from] Stealth Rock
|faint|p2a: Espeon
|move|p1a: Pringles|Scald|p2: Espeon|[notarget]
|-notarget
|
|-heal|p1a: Pringles|342\/403|[from] item: Leftovers
|
|switch|p2a: Honchkrow|Honchkrow, M|362\/362
|-damage|p2a: Honchkrow|272\/362|[from] Stealth Rock
|turn|20
|
|move|p2a: Honchkrow|Sucker Punch|p1a: Pringles
|-fail|p1a: Pringles
|move|p1a: Pringles|Will-O-Wisp|p2a: Honchkrow
|-status|p2a: Honchkrow|brn
|
|-heal|p1a: Pringles|367\/403|[from] item: Leftovers
|-damage|p2a: Honchkrow|227\/362 brn|[from] brn
|turn|21
|
|move|p2a: Honchkrow|Roost|p2a: Honchkrow
|-heal|p2a: Honchkrow|362\/362 brn
|move|p1a: Pringles|Scald|p2a: Honchkrow
|-damage|p2a: Honchkrow|245\/362 brn
|
|-heal|p1a: Pringles|392\/403|[from] item: Leftovers
|-damage|p2a: Honchkrow|200\/362 brn|[from] brn
|turn|22
|
|move|p2a: Honchkrow|Roost|p2a: Honchkrow
|-heal|p2a: Honchkrow|362\/362 brn
|move|p1a: Pringles|Taunt|p2a: Honchkrow
|-start|p2a: Honchkrow|move: Taunt
|
|-heal|p1a: Pringles|403\/403|[from] item: Leftovers
|-damage|p2a: Honchkrow|317\/362 brn|[from] brn
|turn|23
|
|move|p2a: Honchkrow|Sucker Punch|p1a: Pringles
|-fail|p1a: Pringles
|move|p1a: Pringles|Will-O-Wisp|p2a: Honchkrow
|-fail|p2a: Honchkrow|brn
|
|-damage|p2a: Honchkrow|272\/362 brn|[from] brn
|turn|24
|
|switch|p2a: Slowking|Slowking, F|351\/393
|-damage|p2a: Slowking|302\/393|[from] Stealth Rock
|move|p1a: Pringles|Scald|p2a: Slowking
|-resisted|p2a: Slowking
|-damage|p2a: Slowking|276\/393
|
|turn|25
|
|move|p1a: Pringles|Will-O-Wisp|p2a: Slowking
|-status|p2a: Slowking|brn
|move|p2a: Slowking|Psyshock|p1a: Pringles
|-damage|p1a: Pringles|282\/403
|
|-heal|p1a: Pringles|307\/403|[from] item: Leftovers
|-damage|p2a: Slowking|227\/393 brn|[from] brn
|turn|26
|
|move|p1a: Pringles|Scald|p2a: Slowking
|-resisted|p2a: Slowking
|-damage|p2a: Slowking|201\/393 brn
|move|p2a: Slowking|Dragon Tail|p1a: Pringles
|-damage|p1a: Pringles|289\/403
|drag|p1a: Walnut|Forretress, M, shiny|312\/312
|
|-damage|p2a: Slowking|152\/393 brn|[from] brn
|turn|27
|
|switch|p1a: Teen Mom|Blissey, F|607\/714
|move|p2a: Slowking|Fire Blast|p1a: Teen Mom|[miss]
|-miss|p2a: Slowking|p1a: Teen Mom
|
|-heal|p1a: Teen Mom|651\/714|[from] item: Leftovers
|-damage|p2a: Slowking|103\/393 brn|[from] brn
|turn|28
|
|switch|p2a: Honchkrow|Honchkrow, M|272\/362 brn
|-damage|p2a: Honchkrow|182\/362 brn|[from] Stealth Rock
|move|p1a: Teen Mom|Seismic Toss|p2a: Honchkrow
|-damage|p2a: Honchkrow|82\/362 brn
|
|-heal|p1a: Teen Mom|695\/714|[from] item: Leftovers
|-damage|p2a: Honchkrow|37\/362 brn|[from] brn
|turn|29
|
|move|p2a: Honchkrow|Roost|p2a: Honchkrow
|-heal|p2a: Honchkrow|218\/362 brn
|move|p1a: Teen Mom|Seismic Toss|p2a: Honchkrow
|-damage|p2a: Honchkrow|118\/362 brn
|
|-heal|p1a: Teen Mom|714\/714|[from] item: Leftovers
|-damage|p2a: Honchkrow|73\/362 brn|[from] brn
|turn|30
|
|move|p2a: Honchkrow|Superpower|p1a: Teen Mom
|-supereffective|p1a: Teen Mom
|-damage|p1a: Teen Mom|423\/714
|-unboost|p2a: Honchkrow|atk|1
|-unboost|p2a: Honchkrow|def|1
|-damage|p2a: Honchkrow|37\/362 brn|[from] item: Life Orb
|move|p1a: Teen Mom|Seismic Toss|p2a: Honchkrow
|-damage|p2a: Honchkrow|0 fnt
|faint|p2a: Honchkrow
|
|-heal|p1a: Teen Mom|467\/714|[from] item: Leftovers
|
|switch|p2a: Haxorus|Haxorus, M|258\/294
|-damage|p2a: Haxorus|222\/294|[from] Stealth Rock
|-ability|p2a: Haxorus|Mold Breaker
|turn|31
|
|switch|p1a: Gooch|Aromatisse, F|168\/405
|move|p2a: Haxorus|Outrage|p1a: Gooch
|-immune|p1a: Gooch|[msg]
|
|-heal|p1a: Gooch|193\/405|[from] item: Leftovers
|turn|32
|-message|Reconcilliness forfeited.
|
|win|Brock's Blue Balls
|raw|Ladder updating...
|leave|Reconcilliness
|player|p2
|raw|Brock&apos;s Blue Balls's rating: 1510 &rarr; <strong>1524<\/strong><br \/>(+14 for winning)
|raw|Reconcilliness's rating: 1406 &rarr; <strong>1392<\/strong><br \/>(-14 for losing)