|join|Brock's Blue Balls
|join|Mandex
|player|p1|Brock's Blue Balls|154
|player|p2|Mandex|283
|gametype|singles
|gen|6
|tier|UU
|rated
|rule|Sleep Clause Mod: Limit one foe put to sleep
|rule|Species Clause: Limit one of each Pokemon
|rule|OHKO Clause: OHKO moves are banned
|rule|Moody Clause: Moody is banned
|rule|Evasion Moves Clause: Evasion moves are banned
|rule|Endless Battle Clause: Forcing endless battles is banned
|rule|HP Percentage Mod: HP is reported as percentages
|clearpoke
|poke|p1|Nidoqueen, F
|poke|p1|Mew
|poke|p1|Slowbro, M
|poke|p1|Sableye, M
|poke|p1|Dugtrio, F
|poke|p1|Florges, F
|poke|p2|Infernape, F
|poke|p2|Rhyperior, M
|poke|p2|Honchkrow, F
|poke|p2|Celebi
|poke|p2|Nidoking, M
|poke|p2|Empoleon, F
|rule|Baton Pass Clause: Limit 3 pokemon knowing Baton Pass
|teampreview
|
|start
|switch|p1a: Nidoqueen|Nidoqueen, F|384\/384
|switch|p2a: Infernape|Infernape, F|293\/293
|turn|1
|
|move|p2a: Infernape|U-turn|p1a: Nidoqueen
|-resisted|p1a: Nidoqueen
|-damage|p1a: Nidoqueen|353\/384
|
|switch|p2a: Empoleon|Empoleon, F|372\/372
|move|p1a: Nidoqueen|Stealth Rock|p2a: Empoleon
|-sidestart|p2: Mandex|move: Stealth Rock
|
|-heal|p1a: Nidoqueen|377\/384|[from] item: Leftovers
|turn|2
|
|move|p1a: Nidoqueen|Earth Power|p2a: Empoleon
|-supereffective|p2a: Empoleon
|-damage|p2a: Empoleon|138\/372
|move|p2a: Empoleon|Defog|p1a: Nidoqueen
|-unboost|p1a: Nidoqueen|evasion|1
|-sideend|p2: Mandex|Stealth Rock|[from] move: Defog|[of] p2a: Empoleon
|
|-heal|p1a: Nidoqueen|384\/384|[from] item: Leftovers
|-heal|p2a: Empoleon|161\/372|[from] item: Leftovers
|turn|3
|
|switch|p2a: Celebi|Celebi|404\/404
|move|p1a: Nidoqueen|Earth Power|p2a: Celebi
|-resisted|p2a: Celebi
|-damage|p2a: Celebi|358\/404
|
|-heal|p2a: Celebi|383\/404|[from] item: Leftovers
|turn|4
|
|move|p2a: Celebi|Giga Drain|p1a: Nidoqueen
|-damage|p1a: Nidoqueen|282\/384
|-heal|p2a: Celebi|404\/404|[from] drain|[of] p1a: Nidoqueen
|move|p1a: Nidoqueen|Stealth Rock|p2a: Celebi
|-sidestart|p2: Mandex|move: Stealth Rock
|
|-heal|p1a: Nidoqueen|306\/384|[from] item: Leftovers
|turn|5
|
|move|p2a: Celebi|Giga Drain|p1a: Nidoqueen
|-damage|p1a: Nidoqueen|212\/384
|move|p1a: Nidoqueen|Ice Beam|p2a: Celebi
|-supereffective|p2a: Celebi
|-damage|p2a: Celebi|294\/404
|
|-heal|p2a: Celebi|319\/404|[from] item: Leftovers
|-heal|p1a: Nidoqueen|236\/384|[from] item: Leftovers
|turn|6
|
|switch|p1a: Mew|Mew|404\/404
|move|p2a: Celebi|Giga Drain|p1a: Mew
|-damage|p1a: Mew|335\/404
|-heal|p2a: Celebi|354\/404|[from] drain|[of] p1a: Mew
|
|-heal|p2a: Celebi|379\/404|[from] item: Leftovers
|-heal|p1a: Mew|360\/404|[from] item: Leftovers
|turn|7
|
|move|p2a: Celebi|Thunder Wave|p1a: Mew
|-status|p1a: Mew|par
|-status|p2a: Celebi|par
|cant|p1a: Mew|par
|
|-heal|p1a: Mew|385\/404 par|[from] item: Leftovers
|-heal|p2a: Celebi|404\/404 par|[from] item: Leftovers
|turn|8
|
|move|p2a: Celebi|Baton Pass|p2a: Celebi
|
|switch|p2a: Empoleon|Empoleon, F|161\/372
|-damage|p2a: Empoleon|138\/372|[from] Stealth Rock
|cant|p1a: Mew|par
|
|-heal|p2a: Empoleon|161\/372|[from] item: Leftovers
|-heal|p1a: Mew|404\/404 par|[from] item: Leftovers
|turn|9
|
|move|p2a: Empoleon|Defog|p1a: Mew
|-unboost|p1a: Mew|evasion|1
|-sideend|p2: Mandex|Stealth Rock|[from] move: Defog|[of] p2a: Empoleon
|move|p1a: Mew|Will-O-Wisp|p2a: Empoleon
|-status|p2a: Empoleon|brn
|
|-heal|p2a: Empoleon|184\/372 brn|[from] item: Leftovers
|-damage|p2a: Empoleon|138\/372 brn|[from] brn
|turn|10
|
|move|p2a: Empoleon|Knock Off|p1a: Mew
|-supereffective|p1a: Mew
|-damage|p1a: Mew|332\/404 par
|-enditem|p1a: Mew|Leftovers|[from] move: Knock Off|[of] p2a: Empoleon
|cant|p1a: Mew|par
|
|-heal|p2a: Empoleon|161\/372 brn|[from] item: Leftovers
|-damage|p2a: Empoleon|115\/372 brn|[from] brn
|turn|11
|
|switch|p2a: Infernape|Infernape, F|293\/293
|move|p1a: Mew|Knock Off|p2a: Infernape
|-resisted|p2a: Infernape
|-damage|p2a: Infernape|243\/293
|-enditem|p2a: Infernape|Choice Scarf|[from] move: Knock Off|[of] p1a: Mew
|
|turn|12
|
|switch|p1a: Slowbro|Slowbro, M|394\/394
|move|p2a: Infernape|U-turn|p1a: Slowbro
|-supereffective|p1a: Slowbro
|-damage|p1a: Slowbro|302\/394
|-damage|p2a: Infernape|195\/293|[from] item: Rocky Helmet|[of] p1a: Slowbro
|
|switch|p2a: Celebi|Celebi|404\/404
|
|turn|13
|
|switch|p1a: Florges|Florges, F|360\/360
|move|p2a: Celebi|Giga Drain|p1a: Florges
|-damage|p1a: Florges|306\/360
|
|-heal|p1a: Florges|328\/360|[from] item: Leftovers
|turn|14
|
|move|p2a: Celebi|Baton Pass|p2a: Celebi
|
|switch|p2a: Nidoking|Nidoking, M|304\/304
|move|p1a: Florges|Aromatherapy|p1a: Florges
|-cureteam|p1a: Florges|[from] move: Aromatherapy
|
|-heal|p1a: Florges|350\/360|[from] item: Leftovers
|turn|15
|
|switch|p2a: Rhyperior|Rhyperior, M|434\/434
|switch|p1a: Mew|Mew|332\/404
|
|turn|16
|
|switch|p2a: Infernape|Infernape, F|195\/293
|move|p1a: Mew|Will-O-Wisp|p2a: Infernape|[miss]
|-miss|p1a: Mew|p2a: Infernape
|
|turn|17
|
|switch|p1a: Slowbro|Slowbro, M|394\/394
|move|p2a: Infernape|Flare Blitz|p1a: Slowbro
|-resisted|p1a: Slowbro
|-damage|p1a: Slowbro|328\/394
|-damage|p2a: Infernape|147\/293|[from] item: Rocky Helmet|[of] p1a: Slowbro
|-damage|p2a: Infernape|125\/293|[from] recoil|[of] p1a: Slowbro
|
|turn|18
|
|move|p2a: Infernape|U-turn|p1a: Slowbro
|-supereffective|p1a: Slowbro
|-damage|p1a: Slowbro|232\/394
|-damage|p2a: Infernape|77\/293|[from] item: Rocky Helmet|[of] p1a: Slowbro
|
|switch|p2a: Celebi|Celebi|404\/404
|move|p1a: Slowbro|Scald|p2a: Celebi
|-resisted|p2a: Celebi
|-damage|p2a: Celebi|372\/404
|
|-heal|p2a: Celebi|397\/404|[from] item: Leftovers
|turn|19
|
|switch|p1a: Florges|Florges, F|350\/360
|move|p2a: Celebi|Baton Pass|p2a: Celebi
|
|switch|p2a: Nidoking|Nidoking, M|304\/304
|
|-heal|p1a: Florges|360\/360|[from] item: Leftovers
|turn|20
|
|move|p1a: Florges|Protect|p1a: Florges
|-singleturn|p1a: Florges|Protect
|move|p2a: Nidoking|Sludge Wave|p1a: Florges
|-activate|p1a: Florges|Protect
|
|turn|21
|
|switch|p1a: Mew|Mew|332\/404
|move|p2a: Nidoking|Sludge Wave|p1a: Mew
|-damage|p1a: Mew|176\/404
|
|turn|22
|
|move|p2a: Nidoking|Earth Power|p1a: Mew
|-damage|p1a: Mew|28\/404
|move|p1a: Mew|Roost|p1a: Mew
|-heal|p1a: Mew|230\/404
|
|turn|23
|
|move|p2a: Nidoking|Sludge Wave|p1a: Mew
|-damage|p1a: Mew|61\/404
|move|p1a: Mew|Roost|p1a: Mew
|-heal|p1a: Mew|263\/404
|
|turn|24
|
|move|p2a: Nidoking|Earth Power|p1a: Mew
|-damage|p1a: Mew|106\/404
|move|p1a: Mew|Knock Off|p2a: Nidoking
|-damage|p2a: Nidoking|201\/304
|-enditem|p2a: Nidoking|Life Orb|[from] move: Knock Off|[of] p1a: Mew
|
|turn|25
|
|switch|p1a: Dugtrio|Dugtrio, F|212\/212
|move|p2a: Nidoking|Sludge Wave|p1a: Dugtrio
|-crit|p1a: Dugtrio
|-resisted|p1a: Dugtrio
|-damage|p1a: Dugtrio|43\/212
|
|turn|26
|
|move|p1a: Dugtrio|Earthquake|p2a: Nidoking
|-supereffective|p2a: Nidoking
|-damage|p2a: Nidoking|0 fnt
|faint|p2a: Nidoking
|
|
|switch|p2a: Honchkrow|Honchkrow, F|341\/341
|turn|27
|
|switch|p1a: Slowbro|Slowbro, M|363\/394
|move|p2a: Honchkrow|Brave Bird|p1a: Slowbro
|-damage|p1a: Slowbro|156\/394
|-damage|p2a: Honchkrow|285\/341|[from] item: Rocky Helmet|[of] p1a: Slowbro
|-damage|p2a: Honchkrow|217\/341|[from] recoil|[of] p1a: Slowbro
|-damage|p2a: Honchkrow|183\/341|[from] item: Life Orb
|
|turn|28
|
|switch|p1a: Mew|Mew|106\/404
|move|p2a: Honchkrow|Brave Bird|p1a: Mew
|-crit|p1a: Mew
|-damage|p1a: Mew|0 fnt
|-damage|p2a: Honchkrow|148\/341|[from] recoil|[of] p1a: Mew
|-damage|p2a: Honchkrow|114\/341|[from] item: Life Orb
|faint|p1a: Mew
|-boost|p2a: Honchkrow|atk|1|[from] ability: Moxie
|
|
|switch|p1a: Sableye|Sableye, M|302\/302
|turn|29
|
|switch|p2a: Infernape|Infernape, F|77\/293
|move|p1a: Sableye|Will-O-Wisp|p2a: Infernape
|-fail|p2a: Infernape
|
|turn|30
|
|switch|p2a: Celebi|Celebi|397\/404
|switch|p1a: Slowbro|Slowbro, M|287\/394
|
|-heal|p2a: Celebi|404\/404|[from] item: Leftovers
|turn|31
|
|switch|p1a: Sableye|Sableye, M|302\/302
|move|p2a: Celebi|Thunder Wave|p1a: Sableye
|-status|p1a: Sableye|par
|
|turn|32
|
|move|p2a: Celebi|Giga Drain|p1a: Sableye
|-damage|p1a: Sableye|212\/302 par
|cant|p1a: Sableye|par
|
|-heal|p1a: Sableye|230\/302 par|[from] item: Leftovers
|turn|33
|
|move|p2a: Celebi|Giga Drain|p1a: Sableye
|-damage|p1a: Sableye|142\/302 par
|cant|p1a: Sableye|par
|
|-heal|p1a: Sableye|160\/302 par|[from] item: Leftovers
|turn|34
|
|cant|p1a: Sableye|par
|move|p2a: Celebi|Giga Drain|p1a: Sableye
|-crit|p1a: Sableye
|-damage|p1a: Sableye|24\/302 par
|
|-heal|p1a: Sableye|42\/302 par|[from] item: Leftovers
|turn|35
|chat|Brock's Blue Balls|lol don't you just love the noobs who rely on parahax to do anything
|
|move|p1a: Sableye|Recover|p1a: Sableye
|-heal|p1a: Sableye|193\/302 par
|move|p2a: Celebi|Giga Drain|p1a: Sableye
|-damage|p1a: Sableye|105\/302 par
|
|-heal|p1a: Sableye|123\/302 par|[from] item: Leftovers
|turn|36
|
|cant|p1a: Sableye|par
|move|p2a: Celebi|Giga Drain|p1a: Sableye
|-crit|p1a: Sableye
|-damage|p1a: Sableye|3\/302 par
|
|-heal|p1a: Sableye|21\/302 par|[from] item: Leftovers
|turn|37
|
|move|p1a: Sableye|Recover|p1a: Sableye
|-heal|p1a: Sableye|172\/302 par
|move|p2a: Celebi|Giga Drain|p1a: Sableye
|-damage|p1a: Sableye|94\/302 par
|
|-heal|p1a: Sableye|112\/302 par|[from] item: Leftovers
|turn|38
|
|move|p1a: Sableye|Recover|p1a: Sableye
|-heal|p1a: Sableye|263\/302 par
|move|p2a: Celebi|Giga Drain|p1a: Sableye
|-damage|p1a: Sableye|178\/302 par
|
|-heal|p1a: Sableye|196\/302 par|[from] item: Leftovers
|turn|39
|
|move|p2a: Celebi|Recover|p2a: Celebi
|-fail|p2a: Celebi
|cant|p1a: Sableye|par
|
|-heal|p1a: Sableye|214\/302 par|[from] item: Leftovers
|turn|40
|
|move|p2a: Celebi|Baton Pass|p2a: Celebi
|
|switch|p2a: Infernape|Infernape, F|77\/293
|move|p1a: Sableye|Knock Off|p2a: Infernape
|-resisted|p2a: Infernape
|-damage|p2a: Infernape|34\/293
|
|-heal|p1a: Sableye|232\/302 par|[from] item: Leftovers
|turn|41
|
|switch|p2a: Celebi|Celebi|404\/404
|switch|p1a: Slowbro|Slowbro, M|394\/394
|
|turn|42
|
|switch|p1a: Florges|Florges, F|360\/360
|move|p2a: Celebi|Giga Drain|p1a: Florges
|-damage|p1a: Florges|309\/360
|
|-heal|p1a: Florges|331\/360|[from] item: Leftovers
|turn|43
|
|move|p2a: Celebi|Baton Pass|p2a: Celebi
|
|switch|p2a: Rhyperior|Rhyperior, M|434\/434
|move|p1a: Florges|Aromatherapy|p1a: Florges
|-cureteam|p1a: Florges|[from] move: Aromatherapy
|
|-heal|p1a: Florges|353\/360|[from] item: Leftovers
|turn|44
|
|move|p1a: Florges|Moonblast|p2a: Rhyperior
|-damage|p2a: Rhyperior|227\/434
|move|p2a: Rhyperior|Earthquake|p1a: Florges
|-damage|p1a: Florges|182\/360
|
|-heal|p1a: Florges|204\/360|[from] item: Leftovers
|-heal|p2a: Rhyperior|254\/434|[from] item: Leftovers
|turn|45
|
|move|p1a: Florges|Moonblast|p2a: Rhyperior
|-damage|p2a: Rhyperior|64\/434
|move|p2a: Rhyperior|Stealth Rock|p1a: Florges
|-sidestart|p1: Brock's Blue Balls|move: Stealth Rock
|
|-heal|p1a: Florges|226\/360|[from] item: Leftovers
|-heal|p2a: Rhyperior|91\/434|[from] item: Leftovers
|turn|46
|
|move|p1a: Florges|Moonblast|p2a: Rhyperior
|-damage|p2a: Rhyperior|0 fnt
|faint|p2a: Rhyperior
|
|-heal|p1a: Florges|248\/360|[from] item: Leftovers
|
|switch|p2a: Honchkrow|Honchkrow, F|114\/341
|turn|47
|
|switch|p1a: Slowbro|Slowbro, M|394\/394
|-damage|p1a: Slowbro|345\/394|[from] Stealth Rock
|move|p2a: Honchkrow|Roost|p2a: Honchkrow
|-heal|p2a: Honchkrow|285\/341
|
|turn|48
|
|switch|p2a: Empoleon|Empoleon, F|115\/372 brn
|move|p1a: Slowbro|Calm Mind|p1a: Slowbro
|-boost|p1a: Slowbro|spa|1
|-boost|p1a: Slowbro|spd|1
|
|-heal|p2a: Empoleon|138\/372 brn|[from] item: Leftovers
|-damage|p2a: Empoleon|92\/372 brn|[from] brn
|turn|49
|
|move|p2a: Empoleon|Knock Off|p1a: Slowbro
|-crit|p1a: Slowbro
|-supereffective|p1a: Slowbro
|-damage|p1a: Slowbro|279\/394
|-damage|p2a: Empoleon|30\/372 brn|[from] item: Rocky Helmet|[of] p1a: Slowbro
|-enditem|p1a: Slowbro|Rocky Helmet|[from] move: Knock Off|[of] p2a: Empoleon
|move|p1a: Slowbro|Psyshock|p2a: Empoleon
|-resisted|p2a: Empoleon
|-damage|p2a: Empoleon|0 fnt
|faint|p2a: Empoleon
|
|
|switch|p2a: Honchkrow|Honchkrow, F|285\/341
|turn|50
|
|move|p2a: Honchkrow|Sucker Punch|p1a: Slowbro
|-fail|p1a: Slowbro
|move|p1a: Slowbro|Slack Off|p1a: Slowbro
|-heal|p1a: Slowbro|394\/394
|
|turn|51
|
|move|p2a: Honchkrow|Sucker Punch|p1a: Slowbro
|-fail|p1a: Slowbro
|move|p1a: Slowbro|Calm Mind|p1a: Slowbro
|-boost|p1a: Slowbro|spa|1
|-boost|p1a: Slowbro|spd|1
|
|turn|52
|
|move|p2a: Honchkrow|Brave Bird|p1a: Slowbro
|-damage|p1a: Slowbro|198\/394
|-damage|p2a: Honchkrow|220\/341|[from] recoil|[of] p1a: Slowbro
|-damage|p2a: Honchkrow|186\/341|[from] item: Life Orb
|move|p1a: Slowbro|Scald|p2a: Honchkrow
|-damage|p2a: Honchkrow|0 fnt
|faint|p2a: Honchkrow
|
|leave|Mandex
|player|p2
|chat|Brock's Blue Balls|lol
|-message|mandex lost due to inactivity.
|
|win|Brock's Blue Balls
|raw|Ladder updating...
|raw|Brock&apos;s Blue Balls's rating: 1521 &rarr; <strong>1535<\/strong><br \/>(+14 for winning)
|raw|Mandex's rating: 1414 &rarr; <strong>1400<\/strong><br \/>(-14 for losing)