|join|Brock's Blue Balls
|join|ButtHax
|player|p1|Brock's Blue Balls|154
|player|p2|ButtHax|164
|gametype|singles
|gen|6
|tier|UU
|rated
|rule|Sleep Clause Mod: Limit one foe put to sleep
|rule|Species Clause: Limit one of each Pokemon
|rule|OHKO Clause: OHKO moves are banned
|rule|Moody Clause: Moody is banned
|rule|Evasion Moves Clause: Evasion moves are banned
|rule|Endless Battle Clause: Forcing endless battles is banned.
|rule|HP Percentage Mod: HP is reported as percentages
|clearpoke
|poke|p1|Granbull, M
|poke|p1|Hydreigon, F
|poke|p1|Jirachi
|poke|p1|Donphan, F
|poke|p1|Chandelure, M, shiny
|poke|p1|Heracross, M, shiny
|poke|p2|Victini
|poke|p2|Quagsire, M
|poke|p2|Florges, F, shiny
|poke|p2|Blastoise, M
|poke|p2|Porygon2
|poke|p2|Machamp, M
|teampreview
|
|start
|switch|p1a: Hydra|Hydreigon, F|325\/325
|switch|p2a: Icky Vicky|Victini|341\/341
|turn|1
|
|move|p2a: Icky Vicky|U-turn|p1a: Hydra
|-supereffective|p1a: Hydra
|-damage|p1a: Hydra|85\/325
|
|switch|p2a: Stay Classy|Florges, F, shiny|360\/360
|move|p1a: Hydra|Flash Cannon|p2a: Stay Classy
|-supereffective|p2a: Stay Classy
|-damage|p2a: Stay Classy|188\/360
|-unboost|p2a: Stay Classy|spd|1
|
|-heal|p2a: Stay Classy|210\/360|[from] item: Leftovers
|turn|2
|
|move|p2a: Stay Classy|Protect|p2a: Stay Classy
|-singleturn|p2a: Stay Classy|Protect
|move|p1a: Hydra|Flash Cannon|p2a: Stay Classy
|-activate|p2a: Stay Classy|Protect
|
|-heal|p2a: Stay Classy|232\/360|[from] item: Leftovers
|turn|3
|
|switch|p2a: Icky Vicky|Victini|341\/341
|move|p1a: Hydra|Flash Cannon|p2a: Icky Vicky
|-resisted|p2a: Icky Vicky
|-damage|p2a: Icky Vicky|271\/341
|
|turn|4
|
|switch|p1a: Boodro|Granbull, M|384\/384
|-ability|p1a: Boodro|Intimidate|[of] p2a: Icky Vicky
|-unboost|p2a: Icky Vicky|atk|1
|move|p2a: Icky Vicky|U-turn|p1a: Boodro
|-resisted|p1a: Boodro
|-damage|p1a: Boodro|339\/384
|c|âButtHax|!data Granbull
|c|~|\/data-pokemon Granbull

|
|switch|p2a: Cowabunga|Blastoise, M|355\/355
|
|-heal|p1a: Boodro|363\/384|[from] item: Leftovers
|turn|5
|
|switch|p1a: Hydra|Hydreigon, F|85\/325
|-formechange|p2a: Cowabunga|Blastoise-Mega
|message|Blastoise has Mega Evolved into Mega Blastoise!
|move|p2a: Cowabunga|Water Pulse|p1a: Hydra
|-resisted|p1a: Hydra
|-damage|p1a: Hydra|0 fnt
|faint|p1a: Hydra
|
|
|switch|p1a: Mega Horny|Heracross, M, shiny|301\/301
|turn|6
|
|switch|p2a: Quagmire|Quagsire, M|394\/394
|move|p1a: Mega Horny|Megahorn|p2a: Quagmire
|-damage|p2a: Quagmire|223\/394
|
|-heal|p2a: Quagmire|247\/394|[from] item: Leftovers
|turn|7
|c|âBrock's Blue Balls|!data marowak
|c|~|\/data-pokemon Marowak

|
|switch|p1a: Rick Rollin|Donphan, F|384\/384
|move|p2a: Quagmire|Protect|p2a: Quagmire
|-fail|p2a: Quagmire
|
|-heal|p2a: Quagmire|271\/394|[from] item: Leftovers
|turn|8
|
|switch|p2a: Cowabunga|Blastoise, M|355\/355
|-formechange|p2a: Cowabunga|Blastoise-Mega
|move|p1a: Rick Rollin|Stealth Rock|p2a: Cowabunga
|-sidestart|p2: ButtHax|move: Stealth Rock
|
|turn|9
|
|move|p2a: Cowabunga|Water Pulse|p1a: Rick Rollin
|-supereffective|p1a: Rick Rollin
|-activate|p1a: Rick Rollin|Sturdy
|-damage|p1a: Rick Rollin|1\/384
|move|p1a: Rick Rollin|Earthquake|p2a: Cowabunga
|-damage|p2a: Cowabunga|238\/355
|
|-heal|p1a: Rick Rollin|25\/384|[from] item: Leftovers
|turn|10
|
|move|p2a: Cowabunga|Water Pulse|p1a: Rick Rollin
|-crit|p1a: Rick Rollin
|-supereffective|p1a: Rick Rollin
|-damage|p1a: Rick Rollin|0 fnt
|faint|p1a: Rick Rollin
|
|
|switch|p1a: Stardust|Jirachi|404\/404
|turn|11
|
|move|p1a: Stardust|Body Slam|p2a: Cowabunga
|-damage|p2a: Cowabunga|179\/355
|-status|p2a: Cowabunga|par
|move|p2a: Cowabunga|Dark Pulse|p1a: Stardust
|-supereffective|p1a: Stardust
|-damage|p1a: Stardust|158\/404
|
|-heal|p1a: Stardust|183\/404|[from] item: Leftovers
|turn|12
|
|move|p1a: Stardust|U-turn|p2a: Cowabunga
|-damage|p2a: Cowabunga|131\/355 par
|
|switch|p1a: Mega Horny|Heracross, M, shiny|301\/301
|move|p2a: Cowabunga|Dark Pulse|p1a: Mega Horny
|-resisted|p1a: Mega Horny
|-damage|p1a: Mega Horny|220\/301
|
|turn|13
|
|move|p1a: Mega Horny|Close Combat|p2a: Cowabunga
|-damage|p2a: Cowabunga|0 fnt
|-unboost|p1a: Mega Horny|def|1
|-unboost|p1a: Mega Horny|spd|1
|faint|p2a: Cowabunga
|-boost|p1a: Mega Horny|atk|1|[from] ability: Moxie
|
|
|switch|p2a: Icky Vicky|Victini|271\/341
|-damage|p2a: Icky Vicky|186\/341|[from] Stealth Rock
|turn|14
|
|switch|p1a: LumiÃ¨re|Chandelure, M, shiny|261\/261
|move|p2a: Icky Vicky|Zen Headbutt|p1a: LumiÃ¨re
|-damage|p1a: LumiÃ¨re|72\/261
|
|turn|15
|
|switch|p2a: Stay Classy|Florges, F, shiny|232\/360
|-damage|p2a: Stay Classy|187\/360|[from] Stealth Rock
|switch|p1a: Boodro|Granbull, M|363\/384
|-ability|p1a: Boodro|Intimidate|[of] p2a: Stay Classy
|-unboost|p2a: Stay Classy|atk|1
|
|-heal|p2a: Stay Classy|209\/360|[from] item: Leftovers
|-heal|p1a: Boodro|384\/384|[from] item: Leftovers
|turn|16
|
|move|p2a: Stay Classy|Protect|p2a: Stay Classy
|-singleturn|p2a: Stay Classy|Protect
|move|p1a: Boodro|Play Rough|p2a: Stay Classy
|-activate|p2a: Stay Classy|Protect
|
|-heal|p2a: Stay Classy|231\/360|[from] item: Leftovers
|turn|17
|
|switch|p2a: Quagmire|Quagsire, M|271\/394
|-damage|p2a: Quagmire|247\/394|[from] Stealth Rock
|move|p1a: Boodro|Play Rough|p2a: Quagmire
|-damage|p2a: Quagmire|102\/394
|-unboost|p2a: Quagmire|atk|1
|
|-heal|p2a: Quagmire|126\/394|[from] item: Leftovers
|turn|18
|
|move|p2a: Quagmire|Protect|p2a: Quagmire
|-singleturn|p2a: Quagmire|Protect
|move|p1a: Boodro|Play Rough|p2a: Quagmire
|-activate|p2a: Quagmire|Protect
|
|-heal|p2a: Quagmire|150\/394|[from] item: Leftovers
|turn|19
|
|switch|p1a: LumiÃ¨re|Chandelure, M, shiny|72\/261
|move|p2a: Quagmire|Recover|p2a: Quagmire
|-heal|p2a: Quagmire|347\/394
|
|-heal|p2a: Quagmire|371\/394|[from] item: Leftovers
|turn|20
|
|move|p2a: Quagmire|Protect|p2a: Quagmire
|-singleturn|p2a: Quagmire|Protect
|move|p1a: LumiÃ¨re|Substitute|p1a: LumiÃ¨re
|-start|p1a: LumiÃ¨re|Substitute
|-damage|p1a: LumiÃ¨re|7\/261
|
|-heal|p2a: Quagmire|394\/394|[from] item: Leftovers
|turn|21
|
|switch|p2a: Quack|Porygon2|374\/374
|-damage|p2a: Quack|328\/374|[from] Stealth Rock
|move|p1a: LumiÃ¨re|Pain Split|p2a: Quack
|-sethp|p2a: Quack|167\/374|p1a: LumiÃ¨re|167\/261|[from] move: Pain Split
|
|turn|22
|
|move|p1a: LumiÃ¨re|Fire Blast|p2a: Quack
|-damage|p2a: Quack|0 fnt
|-damage|p1a: LumiÃ¨re|141\/261|[from] item: Life Orb
|faint|p2a: Quack
|
|
|switch|p2a: Stay Classy|Florges, F, shiny|231\/360
|-damage|p2a: Stay Classy|186\/360|[from] Stealth Rock
|turn|23
|chat|ButtHax|damn it's not the typical chandelure 
|
|move|p2a: Stay Classy|Protect|p2a: Stay Classy
|-singleturn|p2a: Stay Classy|Protect
|move|p1a: LumiÃ¨re|Fire Blast|p2a: Stay Classy
|-activate|p2a: Stay Classy|Protect
|
|-heal|p2a: Stay Classy|208\/360|[from] item: Leftovers
|turn|24
|
|move|p1a: LumiÃ¨re|Fire Blast|p2a: Stay Classy
|-damage|p2a: Stay Classy|74\/360
|-status|p2a: Stay Classy|brn
|-damage|p1a: LumiÃ¨re|115\/261|[from] item: Life Orb
|move|p2a: Stay Classy|Wish|p2a: Stay Classy
|
|-heal|p2a: Stay Classy|96\/360 brn|[from] item: Leftovers
|-damage|p2a: Stay Classy|51\/360 brn|[from] brn
|turn|25
|chat|Brock's Blue Balls|thats the idea :)
|
|switch|p1a: Stardust|Jirachi|183\/404
|move|p2a: Stay Classy|Protect|p2a: Stay Classy
|-fail|p2a: Stay Classy
|
|-heal|p2a: Stay Classy|231\/360 brn|[from] move: Wish|[wisher] Stay Classy
|-heal|p1a: Stardust|208\/404|[from] item: Leftovers
|-heal|p2a: Stay Classy|253\/360 brn|[from] item: Leftovers
|-damage|p2a: Stay Classy|208\/360 brn|[from] brn
|turn|26
|
|move|p1a: Stardust|Body Slam|p2a: Stay Classy
|-damage|p2a: Stay Classy|119\/360 brn
|move|p2a: Stay Classy|Aromatherapy|p2a: Stay Classy
|-cureteam|p2a: Stay Classy|[from] move: Aromatherapy
|
|-heal|p1a: Stardust|233\/404|[from] item: Leftovers
|-heal|p2a: Stay Classy|141\/360|[from] item: Leftovers
|turn|27
|
|move|p2a: Stay Classy|Protect|p2a: Stay Classy
|-singleturn|p2a: Stay Classy|Protect
|move|p1a: Stardust|Body Slam|p2a: Stay Classy
|-activate|p2a: Stay Classy|Protect
|
|-heal|p1a: Stardust|258\/404|[from] item: Leftovers
|-heal|p2a: Stay Classy|163\/360|[from] item: Leftovers
|turn|28
|
|move|p1a: Stardust|Body Slam|p2a: Stay Classy
|-damage|p2a: Stay Classy|65\/360
|move|p2a: Stay Classy|Wish|p2a: Stay Classy
|
|-heal|p1a: Stardust|283\/404|[from] item: Leftovers
|-heal|p2a: Stay Classy|87\/360|[from] item: Leftovers
|turn|29
|
|move|p2a: Stay Classy|Protect|p2a: Stay Classy
|-singleturn|p2a: Stay Classy|Protect
|move|p1a: Stardust|Wish|p1a: Stardust
|
|-heal|p2a: Stay Classy|267\/360|[from] move: Wish|[wisher] Stay Classy
|-heal|p1a: Stardust|308\/404|[from] item: Leftovers
|-heal|p2a: Stay Classy|289\/360|[from] item: Leftovers
|turn|30
|
|move|p1a: Stardust|Iron Head|p2a: Stay Classy
|-supereffective|p2a: Stay Classy
|-damage|p2a: Stay Classy|37\/360
|cant|p2a: Stay Classy|flinch
|
|-heal|p1a: Stardust|404\/404|[from] move: Wish|[wisher] Stardust
|-heal|p2a: Stay Classy|59\/360|[from] item: Leftovers
|turn|31
|
|switch|p2a: Mabro|Machamp, M|374\/374
|-damage|p2a: Mabro|351\/374|[from] Stealth Rock
|move|p1a: Stardust|Body Slam|p2a: Mabro
|-damage|p2a: Mabro|270\/374
|
|-heal|p2a: Mabro|293\/374|[from] item: Leftovers
|turn|32
|
|move|p1a: Stardust|U-turn|p2a: Mabro
|-resisted|p2a: Mabro
|-damage|p2a: Mabro|258\/374
|
|switch|p1a: Boodro|Granbull, M|384\/384
|-ability|p1a: Boodro|Intimidate|[of] p2a: Mabro
|-unboost|p2a: Mabro|atk|1
|move|p2a: Mabro|Substitute|p2a: Mabro
|-start|p2a: Mabro|Substitute
|-damage|p2a: Mabro|165\/374
|
|-heal|p2a: Mabro|188\/374|[from] item: Leftovers
|turn|33
|
|move|p2a: Mabro|Knock Off|p1a: Boodro
|-resisted|p1a: Boodro
|-damage|p1a: Boodro|331\/384
|-enditem|p1a: Boodro|Leftovers|[from] move: Knock Off|[of] p2a: Mabro
|move|p1a: Boodro|Earthquake|p2a: Mabro
|-end|p2a: Mabro|Substitute
|
|-heal|p2a: Mabro|211\/374|[from] item: Leftovers
|turn|34
|
|switch|p2a: Quagmire|Quagsire, M|394\/394
|-damage|p2a: Quagmire|370\/394|[from] Stealth Rock
|move|p1a: Boodro|Play Rough|p2a: Quagmire
|-damage|p2a: Quagmire|237\/394
|
|-heal|p2a: Quagmire|261\/394|[from] item: Leftovers
|turn|35
|
|switch|p1a: Stardust|Jirachi|404\/404
|move|p2a: Quagmire|Toxic|p1a: Stardust|[miss]
|-miss|p2a: Quagmire|p1a: Stardust
|
|-heal|p2a: Quagmire|285\/394|[from] item: Leftovers
|turn|36
|
|move|p2a: Quagmire|Protect|p2a: Quagmire
|-singleturn|p2a: Quagmire|Protect
|move|p1a: Stardust|Body Slam|p2a: Quagmire
|-activate|p2a: Quagmire|Protect
|
|-heal|p2a: Quagmire|309\/394|[from] item: Leftovers
|turn|37
|
|move|p1a: Stardust|Body Slam|p2a: Quagmire
|-crit|p2a: Quagmire
|-damage|p2a: Quagmire|233\/394
|-status|p2a: Quagmire|par
|move|p2a: Quagmire|Earthquake|p1a: Stardust
|-crit|p1a: Stardust
|-supereffective|p1a: Stardust
|-damage|p1a: Stardust|90\/404
|
|-heal|p1a: Stardust|115\/404|[from] item: Leftovers
|-heal|p2a: Quagmire|257\/394 par|[from] item: Leftovers
|turn|38
|
|switch|p1a: Boodro|Granbull, M|331\/384
|-ability|p1a: Boodro|Intimidate|[of] p2a: Quagmire
|-unboost|p2a: Quagmire|atk|1
|move|p2a: Quagmire|Earthquake|p1a: Boodro
|-damage|p1a: Boodro|249\/384
|
|-heal|p2a: Quagmire|281\/394 par|[from] item: Leftovers
|turn|39
|
|move|p1a: Boodro|Play Rough|p2a: Quagmire
|-damage|p2a: Quagmire|146\/394 par
|-unboost|p2a: Quagmire|atk|1
|cant|p2a: Quagmire|par
|
|-heal|p2a: Quagmire|170\/394 par|[from] item: Leftovers
|turn|40
|
|switch|p1a: LumiÃ¨re|Chandelure, M, shiny|115\/261
|move|p2a: Quagmire|Toxic|p1a: LumiÃ¨re
|-status|p1a: LumiÃ¨re|tox
|
|-heal|p2a: Quagmire|194\/394 par|[from] item: Leftovers
|-damage|p1a: LumiÃ¨re|99\/261 tox|[from] psn
|turn|41
|
|move|p2a: Quagmire|Protect|p2a: Quagmire
|-singleturn|p2a: Quagmire|Protect
|move|p1a: LumiÃ¨re|Shadow Ball|p2a: Quagmire
|-activate|p2a: Quagmire|Protect
|
|-heal|p2a: Quagmire|218\/394 par|[from] item: Leftovers
|-damage|p1a: LumiÃ¨re|67\/261 tox|[from] psn
|turn|42
|
|move|p1a: LumiÃ¨re|Shadow Ball|p2a: Quagmire
|-damage|p2a: Quagmire|0 fnt
|-damage|p1a: LumiÃ¨re|41\/261 tox|[from] item: Life Orb
|faint|p2a: Quagmire
|
|-damage|p1a: LumiÃ¨re|0 fnt|[from] psn
|faint|p1a: LumiÃ¨re
|
|switch|p2a: Icky Vicky|Victini|186\/341
|-damage|p2a: Icky Vicky|101\/341|[from] Stealth Rock
|switch|p1a: Boodro|Granbull, M|249\/384
|-ability|p1a: Boodro|Intimidate|[of] p2a: Icky Vicky
|-unboost|p2a: Icky Vicky|atk|1
|turn|43
|
|move|p2a: Icky Vicky|V-create|p1a: Boodro
|-damage|p1a: Boodro|0 fnt
|-unboost|p2a: Icky Vicky|def|1
|-unboost|p2a: Icky Vicky|spd|1
|-unboost|p2a: Icky Vicky|spe|1
|faint|p1a: Boodro
|
|
|switch|p1a: Mega Horny|Heracross, M, shiny|220\/301
|turn|44
|
|switch|p2a: Mabro|Machamp, M|211\/374
|-damage|p2a: Mabro|188\/374|[from] Stealth Rock
|move|p1a: Mega Horny|Earthquake|p2a: Mabro
|-damage|p2a: Mabro|41\/374
|
|-heal|p2a: Mabro|64\/374|[from] item: Leftovers
|turn|45
|
|move|p1a: Mega Horny|Earthquake|p2a: Mabro
|-damage|p2a: Mabro|0 fnt
|faint|p2a: Mabro
|-boost|p1a: Mega Horny|atk|1|[from] ability: Moxie
|
|
|switch|p2a: Icky Vicky|Victini|101\/341
|-damage|p2a: Icky Vicky|16\/341|[from] Stealth Rock
|turn|46
|
|switch|p1a: Stardust|Jirachi|115\/404
|move|p2a: Icky Vicky|V-create|p1a: Stardust
|-supereffective|p1a: Stardust
|-damage|p1a: Stardust|0 fnt
|-unboost|p2a: Icky Vicky|def|1
|-unboost|p2a: Icky Vicky|spd|1
|-unboost|p2a: Icky Vicky|spe|1
|faint|p1a: Stardust
|
|chat|ButtHax|good play
|chat|ButtHax|gg
|chat|Brock's Blue Balls|just in case you were scarfed...
|
|switch|p1a: Mega Horny|Heracross, M, shiny|220\/301
|turn|47
|
|move|p1a: Mega Horny|Earthquake|p2a: Icky Vicky
|-supereffective|p2a: Icky Vicky
|-damage|p2a: Icky Vicky|0 fnt
|faint|p2a: Icky Vicky
|-boost|p1a: Mega Horny|atk|1|[from] ability: Moxie
|
|chat|Brock's Blue Balls|gg
|
|switch|p2a: Stay Classy|Florges, F, shiny|59\/360
|-damage|p2a: Stay Classy|14\/360|[from] Stealth Rock
|turn|48
|
|move|p1a: Mega Horny|Earthquake|p2a: Stay Classy
|-damage|p2a: Stay Classy|0 fnt
|faint|p2a: Stay Classy
|-boost|p1a: Mega Horny|atk|1|[from] ability: Moxie
|
|win|Brock's Blue Balls
|raw|Ladder updating...
|raw|Ladder (probably) updated, but score could not be retrieved (timeout).
|raw|Ladder (probably) updated, but score could not be retrieved (Error: socket hang up).
|leave|ButtHax
|player|p2