|join|Brock's Blue Balls
|join|allswells
|player|p1|Brock's Blue Balls|154
|player|p2|allswells|101
|gametype|singles
|gen|6
|tier|UU
|rated
|rule|Sleep Clause Mod: Limit one foe put to sleep
|rule|Species Clause: Limit one of each Pokemon
|rule|OHKO Clause: OHKO moves are banned
|rule|Moody Clause: Moody is banned
|rule|Evasion Moves Clause: Evasion moves are banned
|rule|Endless Battle Clause: Forcing endless battles is banned.
|rule|HP Percentage Mod: HP is reported as percentages
|clearpoke
|poke|p1|Absol, M, shiny
|poke|p1|Chandelure, M, shiny
|poke|p1|Empoleon, M
|poke|p1|Noivern, F
|poke|p1|Krookodile, F
|poke|p1|Rotom-Heat
|poke|p2|Arcanine, F
|poke|p2|Jolteon, M
|poke|p2|Donphan, F
|poke|p2|Blastoise, M
|poke|p2|Gardevoir, M, shiny
|poke|p2|Mew
|teampreview
|
|start
|switch|p1a: Red XIII|Absol, M, shiny|271\/271
|switch|p2a: so fly like g6|Gardevoir, M, shiny|278\/278
|-ability|p2a: so fly like g6|Justified|[from] ability: Trace|[of] p1a: Red XIII
|turn|1
|
|switch|p1a: Triton|Empoleon, M|371\/371
|move|p2a: so fly like g6|Moonblast|p1a: Triton
|-resisted|p1a: Triton
|-damage|p1a: Triton|307\/371
|
|-heal|p1a: Triton|330\/371|[from] item: Leftovers
|turn|2
|
|switch|p2a: such launch|Blastoise, M|362\/362
|move|p1a: Triton|Scald|p2a: such launch
|-resisted|p2a: such launch
|-damage|p2a: such launch|311\/362
|-status|p2a: such launch|brn
|
|-heal|p1a: Triton|353\/371|[from] item: Leftovers
|-damage|p2a: such launch|266\/362 brn|[from] brn
|turn|3
|
|-formechange|p2a: such launch|Blastoise-Mega
|message|Blastoise has Mega Evolved into Mega Blastoise!
|move|p2a: such launch|Water Pulse|p1a: Triton
|-resisted|p1a: Triton
|-damage|p1a: Triton|285\/371
|move|p1a: Triton|Stealth Rock|p2a: such launch
|-sidestart|p2: allswells|move: Stealth Rock
|
|-heal|p1a: Triton|308\/371|[from] item: Leftovers
|-damage|p2a: such launch|221\/362 brn|[from] brn
|turn|4
|
|move|p2a: such launch|Aura Sphere|p1a: Triton
|-supereffective|p1a: Triton
|-damage|p1a: Triton|88\/371
|move|p1a: Triton|Scald|p2a: such launch
|-crit|p2a: such launch
|-resisted|p2a: such launch
|-damage|p2a: such launch|120\/362 brn
|
|-heal|p1a: Triton|111\/371|[from] item: Leftovers
|-damage|p2a: such launch|75\/362 brn|[from] brn
|turn|5
|
|switch|p1a: ReadingRainbow|Noivern, F|311\/311
|move|p2a: such launch|Dark Pulse|p1a: ReadingRainbow
|-damage|p1a: ReadingRainbow|128\/311
|
|-damage|p2a: such launch|30\/362 brn|[from] brn
|turn|6
|
|move|p1a: ReadingRainbow|Flamethrower|p2a: such launch
|-resisted|p2a: such launch
|-damage|p2a: such launch|0 fnt
|-damage|p1a: ReadingRainbow|97\/311|[from] item: Life Orb
|faint|p2a: such launch
|
|
|switch|p2a: so fly like g6|Gardevoir, M, shiny|278\/278
|-damage|p2a: so fly like g6|244\/278|[from] Stealth Rock
|-ability|p2a: so fly like g6|Infiltrator|[from] ability: Trace|[of] p1a: ReadingRainbow
|turn|7
|
|switch|p1a: Ez Bake|Rotom-Heat|303\/303
|move|p2a: so fly like g6|Trick|p1a: Ez Bake
|-activate|p2a: so fly like g6|move: Trick|[of] p1a: Ez Bake
|-item|p1a: Ez Bake|Choice Scarf|[from] move: Trick
|-item|p2a: so fly like g6|Leftovers|[from] move: Trick
|
|-heal|p2a: so fly like g6|261\/278|[from] item: Leftovers
|turn|8
|
|move|p1a: Ez Bake|Will-O-Wisp|p2a: so fly like g6
|-status|p2a: so fly like g6|brn
|move|p2a: so fly like g6|Psychic|p1a: Ez Bake
|-damage|p1a: Ez Bake|143\/303
|
|-heal|p2a: so fly like g6|278\/278 brn|[from] item: Leftovers
|-damage|p2a: so fly like g6|244\/278 brn|[from] brn
|turn|9
|
|switch|p1a: Dong Nose|Krookodile, F|331\/331
|move|p2a: so fly like g6|Moonblast|p1a: Dong Nose
|-supereffective|p1a: Dong Nose
|-damage|p1a: Dong Nose|0 fnt
|faint|p1a: Dong Nose
|
|-heal|p2a: so fly like g6|261\/278 brn|[from] item: Leftovers
|-damage|p2a: so fly like g6|227\/278 brn|[from] brn
|
|switch|p1a: LumiÃ¨re|Chandelure, M, shiny|261\/261
|turn|10
|
|move|p1a: LumiÃ¨re|Shadow Ball|p2a: so fly like g6
|-supereffective|p2a: so fly like g6
|-damage|p2a: so fly like g6|0 fnt
|-damage|p1a: LumiÃ¨re|235\/261|[from] item: Life Orb
|faint|p2a: so fly like g6
|
|
|switch|p2a: very wall|Donphan, F|383\/383
|-damage|p2a: very wall|360\/383|[from] Stealth Rock
|turn|11
|
|move|p1a: LumiÃ¨re|Fire Blast|p2a: very wall|[miss]
|-miss|p1a: LumiÃ¨re|p2a: very wall
|move|p2a: very wall|Earthquake|p1a: LumiÃ¨re
|-supereffective|p1a: LumiÃ¨re
|-damage|p1a: LumiÃ¨re|0 fnt
|faint|p1a: LumiÃ¨re
|
|-heal|p2a: very wall|383\/383|[from] item: Leftovers
|chat|allswells|Sorry :\/
|
|switch|p1a: Ez Bake|Rotom-Heat|143\/303
|turn|12
|
|switch|p2a: doge 1|Arcanine, F|321\/321
|-damage|p2a: doge 1|241\/321|[from] Stealth Rock
|-ability|p2a: doge 1|Intimidate|[of] p1a: Ez Bake
|-unboost|p1a: Ez Bake|atk|1
|move|p1a: Ez Bake|Will-O-Wisp|p2a: doge 1
|-fail|p2a: doge 1
|
|turn|13
|chat|Brock's Blue Balls|the sad thing is it killed....
|
|switch|p1a: Triton|Empoleon, M|111\/371
|move|p2a: doge 1|Wild Charge|p1a: Triton
|-supereffective|p1a: Triton
|-damage|p1a: Triton|0 fnt
|-damage|p2a: doge 1|213\/321|[from] recoil|[of] p1a: Triton
|-damage|p2a: doge 1|181\/321|[from] item: Life Orb
|faint|p1a: Triton
|
|
|switch|p1a: Ez Bake|Rotom-Heat|143\/303
|turn|14
|
|switch|p2a: doge 2 coming 4 u|Jolteon, M|272\/272
|-damage|p2a: doge 2 coming 4 u|238\/272|[from] Stealth Rock
|move|p1a: Ez Bake|Pain Split|p2a: doge 2 coming 4 u
|-sethp|p2a: doge 2 coming 4 u|190\/272|p1a: Ez Bake|190\/303|[from] move: Pain Split
|
|turn|15
|
|move|p2a: doge 2 coming 4 u|Synchronoise|p1a: Ez Bake
|-damage|p1a: Ez Bake|1\/303
|move|p1a: Ez Bake|Pain Split|p2a: doge 2 coming 4 u
|-sethp|p2a: doge 2 coming 4 u|95\/272|p1a: Ez Bake|95\/303|[from] move: Pain Split
|
|turn|16
|
|switch|p2a: what im gon do?|Mew|341\/341
|-damage|p2a: what im gon do?|299\/341|[from] Stealth Rock
|move|p1a: Ez Bake|Pain Split|p2a: what im gon do?
|-sethp|p2a: what im gon do?|197\/341|p1a: Ez Bake|197\/303|[from] move: Pain Split
|
|turn|17
|
|switch|p1a: ReadingRainbow|Noivern, F|97\/311
|move|p2a: what im gon do?|Nasty Plot|p2a: what im gon do?
|-boost|p2a: what im gon do?|spa|2
|
|turn|18
|
|move|p1a: ReadingRainbow|Draco Meteor|p2a: what im gon do?
|-damage|p2a: what im gon do?|0 fnt
|-unboost|p1a: ReadingRainbow|spa|2
|-damage|p1a: ReadingRainbow|66\/311|[from] item: Life Orb
|faint|p2a: what im gon do?
|
|
|switch|p2a: very wall|Donphan, F|383\/383
|-damage|p2a: very wall|360\/383|[from] Stealth Rock
|turn|19
|
|switch|p1a: Ez Bake|Rotom-Heat|197\/303
|switch|p2a: doge 1|Arcanine, F|181\/321
|-damage|p2a: doge 1|101\/321|[from] Stealth Rock
|-ability|p2a: doge 1|Intimidate|[of] p1a: Ez Bake
|-unboost|p1a: Ez Bake|atk|1
|
|turn|20
|
|move|p1a: Ez Bake|Overheat|p2a: doge 1
|-resisted|p2a: doge 1
|-damage|p2a: doge 1|0 fnt
|-unboost|p1a: Ez Bake|spa|2
|faint|p2a: doge 1
|
|
|switch|p2a: doge 2 coming 4 u|Jolteon, M|95\/272
|-damage|p2a: doge 2 coming 4 u|61\/272|[from] Stealth Rock
|turn|21
|
|move|p2a: doge 2 coming 4 u|Thunderbolt|p1a: Ez Bake
|-resisted|p1a: Ez Bake
|-damage|p1a: Ez Bake|85\/303
|move|p1a: Ez Bake|Overheat|p2a: doge 2 coming 4 u|[miss]
|-miss|p1a: Ez Bake|p2a: doge 2 coming 4 u
|
|turn|22
|chat|Brock's Blue Balls|unbelievable
|chat|allswells|Sorry :\/
|
|switch|p1a: ReadingRainbow|Noivern, F|66\/311
|move|p2a: doge 2 coming 4 u|Thunderbolt|p1a: ReadingRainbow
|-crit|p1a: ReadingRainbow
|-damage|p1a: ReadingRainbow|0 fnt
|faint|p1a: ReadingRainbow
|
|
|switch|p1a: Red XIII|Absol, M, shiny|271\/271
|turn|23
|
|-formechange|p1a: Red XIII|Absol-Mega
|message|Absol has Mega Evolved into Mega Absol!
|move|p1a: Red XIII|Sucker Punch|p2a: doge 2 coming 4 u
|-damage|p2a: doge 2 coming 4 u|0 fnt
|faint|p2a: doge 2 coming 4 u
|
|
|switch|p2a: very wall|Donphan, F|360\/383
|-damage|p2a: very wall|337\/383|[from] Stealth Rock
|turn|24
|
|switch|p1a: Ez Bake|Rotom-Heat|85\/303
|move|p2a: very wall|Counter|p1a: Ez Bake
|-fail|p1a: Ez Bake
|
|-heal|p2a: very wall|360\/383|[from] item: Leftovers
|turn|25
|chat|allswells|You won
|
|move|p2a: very wall|Ice Shard|p1a: Ez Bake
|-resisted|p1a: Ez Bake
|-damage|p1a: Ez Bake|67\/303
|move|p1a: Ez Bake|Pain Split|p2a: very wall
|-sethp|p2a: very wall|213\/383|p1a: Ez Bake|213\/303|[from] move: Pain Split
|
|-heal|p2a: very wall|236\/383|[from] item: Leftovers
|turn|26
|chat|allswells|I have nothing to hurt you
|chat|Brock's Blue Balls|gg
|
|switch|p1a: Red XIII|Absol, M, shiny|271\/271
|-formechange|p1a: Red XIII|Absol-Mega
|move|p2a: very wall|Earthquake|p1a: Red XIII
|-damage|p1a: Red XIII|0 fnt
|faint|p1a: Red XIII
|
|-heal|p2a: very wall|259\/383|[from] item: Leftovers
|
|switch|p1a: Ez Bake|Rotom-Heat|213\/303
|turn|27
|
|move|p2a: very wall|Ice Shard|p1a: Ez Bake
|-resisted|p1a: Ez Bake
|-damage|p1a: Ez Bake|195\/303
|move|p1a: Ez Bake|Will-O-Wisp|p2a: very wall
|-status|p2a: very wall|brn
|
|-heal|p2a: very wall|282\/383 brn|[from] item: Leftovers
|-damage|p2a: very wall|235\/383 brn|[from] brn
|turn|28
|
|move|p2a: very wall|Ice Shard|p1a: Ez Bake
|-resisted|p1a: Ez Bake
|-damage|p1a: Ez Bake|187\/303
|move|p1a: Ez Bake|Will-O-Wisp|p2a: very wall
|-fail|p2a: very wall|brn
|
|-heal|p2a: very wall|258\/383 brn|[from] item: Leftovers
|-damage|p2a: very wall|211\/383 brn|[from] brn
|turn|29
|chat|allswells|I'm not going to prolong this, haha
|chat|allswells|gg
|chat|Brock's Blue Balls|gg
|-message|allswells forfeited.
|
|win|Brock's Blue Balls
|raw|Ladder updating...
|leave|allswells
|player|p2
|raw|Brock&apos;s Blue Balls's rating: 1619 &rarr; <strong>1628<\/strong><br \/>(+9 for winning)
|raw|allswells's rating: 1390 &rarr; <strong>1382<\/strong><br \/>(-8 for losing)