|join|Brock's Blue Balls
|join|rvenojve
|player|p1|Brock's Blue Balls|154
|player|p2|rvenojve|101
|gametype|singles
|gen|6
|tier|UU
|rated
|rule|Sleep Clause Mod: Limit one foe put to sleep
|rule|Species Clause: Limit one of each Pokemon
|rule|OHKO Clause: OHKO moves are banned
|rule|Moody Clause: Moody is banned
|rule|Evasion Moves Clause: Evasion moves are banned
|rule|Endless Battle Clause: Forcing endless battles is banned.
|rule|HP Percentage Mod: HP is reported as percentages
|clearpoke
|poke|p1|Flygon, F
|poke|p1|Starmie
|poke|p1|Umbreon, F, shiny
|poke|p1|Qwilfish, M
|poke|p1|Jirachi
|poke|p1|Raikou, shiny
|poke|p2|Ampharos, F
|poke|p2|Darmanitan, M
|poke|p2|Honchkrow, F
|poke|p2|Slowbro, M
|poke|p2|Gardevoir, F
|poke|p2|Forretress, F
|teampreview
|
|start
|switch|p1a: Stay Fly|Flygon, F|301\/301
|switch|p2a: Forretress|Forretress, F|353\/353
|turn|1
|
|move|p1a: Stay Fly|Fire Blast|p2a: Forretress
|-supereffective|p2a: Forretress
|-activate|p2a: Forretress|Sturdy
|-damage|p2a: Forretress|1\/353
|-enditem|p2a: Forretress|Red Card|[of] p1a: Stay Fly
|drag|p1a: Starmie|Starmie|261\/261
|move|p2a: Forretress|Stealth Rock|p1a: Starmie
|-sidestart|p1: Brock's Blue Balls|move: Stealth Rock
|
|turn|2
|
|move|p1a: Starmie|Rapid Spin|p2a: Forretress
|-resisted|p2a: Forretress
|-damage|p2a: Forretress|0 fnt
|-sideend|p1: Brock's Blue Balls|Stealth Rock|[from] move: Rapid Spin|[of] p1a: Starmie
|-damage|p1a: Starmie|235\/261|[from] item: Life Orb
|faint|p2a: Forretress
|
|
|switch|p2a: Honchkrow|Honchkrow, F|341\/341
|turn|3
|
|move|p2a: Honchkrow|Pursuit|p1a: Starmie|[from]Pursuit
|-supereffective|p1a: Starmie
|-damage|p1a: Starmie|0 fnt
|faint|p1a: Starmie
|-boost|p2a: Honchkrow|atk|1|[from] ability: Moxie
|
|
|switch|p1a: Pucker Up|Qwilfish, M|334\/334
|-ability|p1a: Pucker Up|Intimidate|[of] p2a: Honchkrow
|-unboost|p2a: Honchkrow|atk|1
|turn|4
|
|switch|p2a: Ampharos|Ampharos, F|363\/363
|move|p1a: Pucker Up|Waterfall|p2a: Ampharos
|-damage|p2a: Ampharos|269\/363
|
|turn|5
|
|switch|p1a: Luna|Umbreon, F, shiny|394\/394
|detailschange|p2a: Ampharos|Ampharos-Mega, F
|message|Ampharos has Mega Evolved into Mega Ampharos!
|-ability|p2a: Ampharos|Mold Breaker
|move|p2a: Ampharos|Cotton Guard|p2a: Ampharos
|-boost|p2a: Ampharos|def|3
|
|turn|6
|
|move|p1a: Luna|Foul Play|p2a: Ampharos
|-damage|p2a: Ampharos|236\/363
|move|p2a: Ampharos|Discharge|p1a: Luna
|-damage|p1a: Luna|283\/394
|
|-heal|p1a: Luna|307\/394|[from] item: Leftovers
|turn|7
|
|move|p1a: Luna|Foul Play|p2a: Ampharos
|-damage|p2a: Ampharos|197\/363
|move|p2a: Ampharos|Discharge|p1a: Luna
|-damage|p1a: Luna|192\/394
|
|-heal|p1a: Luna|216\/394|[from] item: Leftovers
|turn|8
|
|move|p1a: Luna|Wish|p1a: Luna
|move|p2a: Ampharos|Discharge|p1a: Luna
|-damage|p1a: Luna|102\/394
|-status|p1a: Luna|par
|
|-heal|p1a: Luna|126\/394 par|[from] item: Leftovers
|turn|9
|
|switch|p2a: Gardevoir|Gardevoir, F|277\/277
|-ability|p2a: Gardevoir|Synchronize|[from] ability: Trace|[of] p1a: Luna
|cant|p1a: Luna|par
|
|-heal|p1a: Luna|323\/394 par|[from] move: Wish|[wisher] Luna
|-heal|p1a: Luna|347\/394 par|[from] item: Leftovers
|turn|10
|
|move|p2a: Gardevoir|Trick|p1a: Luna
|-activate|p2a: Gardevoir|move: Trick|[of] p1a: Luna
|-item|p1a: Luna|Choice Scarf|[from] move: Trick
|-item|p2a: Gardevoir|Leftovers|[from] move: Trick
|move|p1a: Luna|Heal Bell|p1a: Luna
|-cureteam|p1a: Luna|[from] move: HealBell
|
|turn|11
|
|switch|p2a: Darmanitan|Darmanitan, M|351\/351
|switch|p1a: Stardust|Jirachi|341\/341
|
|turn|12
|
|switch|p1a: Pucker Up|Qwilfish, M|334\/334
|-ability|p1a: Pucker Up|Intimidate|[of] p2a: Darmanitan
|-unboost|p2a: Darmanitan|atk|1
|move|p2a: Darmanitan|U-turn|p1a: Pucker Up
|-resisted|p1a: Pucker Up
|-damage|p1a: Pucker Up|296\/334
|-damage|p2a: Darmanitan|316\/351|[from] item: Life Orb
|
|switch|p2a: Ampharos|Ampharos-Mega, F|197\/363
|-ability|p2a: Ampharos|Mold Breaker
|
|-heal|p1a: Pucker Up|316\/334|[from] item: Black Sludge
|turn|13
|
|switch|p1a: Luna|Umbreon, F, shiny|347\/394
|move|p2a: Ampharos|Dragon Pulse|p1a: Luna
|-damage|p1a: Luna|224\/394
|
|turn|14
|
|move|p1a: Luna|Wish|p1a: Luna
|move|p2a: Ampharos|Discharge|p1a: Luna
|-damage|p1a: Luna|116\/394
|-status|p1a: Luna|par
|
|turn|15
|
|move|p2a: Ampharos|Volt Switch|p1a: Luna
|-damage|p1a: Luna|13\/394 par
|
|switch|p2a: Honchkrow|Honchkrow, F|341\/341
|move|p1a: Luna|Wish|p1a: Luna
|-fail|p1a: Luna
|
|-heal|p1a: Luna|210\/394 par|[from] move: Wish|[wisher] Luna
|turn|16
|
|switch|p1a: Pucker Up|Qwilfish, M|316\/334
|-ability|p1a: Pucker Up|Intimidate|[of] p2a: Honchkrow
|-unboost|p2a: Honchkrow|atk|1
|move|p2a: Honchkrow|Superpower|p1a: Pucker Up
|-resisted|p1a: Pucker Up
|-damage|p1a: Pucker Up|268\/334
|-unboost|p2a: Honchkrow|atk|1
|-unboost|p2a: Honchkrow|def|1
|
|-heal|p1a: Pucker Up|288\/334|[from] item: Black Sludge
|turn|17
|
|switch|p2a: Slowbro|Slowbro, M|393\/393
|move|p1a: Pucker Up|Spikes|p2a: Slowbro
|-sidestart|p2: rvenojve|Spikes
|
|-heal|p1a: Pucker Up|308\/334|[from] item: Black Sludge
|turn|18
|
|move|p1a: Pucker Up|Taunt|p2a: Slowbro
|-start|p2a: Slowbro|move: Taunt
|cant|p2a: Slowbro|move: Taunt|Calm Mind
|
|-heal|p1a: Pucker Up|328\/334|[from] item: Black Sludge
|turn|19
|
|switch|p2a: Ampharos|Ampharos-Mega, F|197\/363
|-damage|p2a: Ampharos|152\/363|[from] Spikes
|-ability|p2a: Ampharos|Mold Breaker
|move|p1a: Pucker Up|Spikes|p2a: Ampharos
|-sidestart|p2: rvenojve|Spikes
|
|-heal|p1a: Pucker Up|334\/334|[from] item: Black Sludge
|turn|20
|
|switch|p1a: Luna|Umbreon, F, shiny|210\/394 par
|move|p2a: Ampharos|Dragon Pulse|p1a: Luna
|-damage|p1a: Luna|90\/394 par
|
|turn|21
|
|move|p2a: Ampharos|Dragon Pulse|p1a: Luna
|-damage|p1a: Luna|0 fnt
|faint|p1a: Luna
|
|
|switch|p1a: Thundercat|Raikou, shiny|321\/321
|-ability|p1a: Thundercat|Pressure
|turn|22
|
|move|p1a: Thundercat|Hidden Power|p2a: Ampharos
|-supereffective|p2a: Ampharos
|-damage|p2a: Ampharos|34\/363
|move|p2a: Ampharos|Dragon Pulse|p1a: Thundercat
|-damage|p1a: Thundercat|107\/321
|
|-heal|p1a: Thundercat|127\/321|[from] item: Leftovers
|turn|23
|
|move|p1a: Thundercat|Thunderbolt|p2a: Ampharos
|-resisted|p2a: Ampharos
|-damage|p2a: Ampharos|1\/363
|move|p2a: Ampharos|Volt Switch|p1a: Thundercat
|-resisted|p1a: Thundercat
|-damage|p1a: Thundercat|43\/321
|
|switch|p2a: Honchkrow|Honchkrow, F|341\/341
|
|-heal|p1a: Thundercat|63\/321|[from] item: Leftovers
|turn|24
|
|move|p1a: Thundercat|Calm Mind|p1a: Thundercat
|-boost|p1a: Thundercat|spa|1
|-boost|p1a: Thundercat|spd|1
|move|p2a: Honchkrow|Pursuit|p1a: Thundercat
|-damage|p1a: Thundercat|0 fnt
|faint|p1a: Thundercat
|-boost|p2a: Honchkrow|atk|1|[from] ability: Moxie
|
|
|switch|p1a: Pucker Up|Qwilfish, M|334\/334
|-ability|p1a: Pucker Up|Intimidate|[of] p2a: Honchkrow
|-unboost|p2a: Honchkrow|atk|1
|turn|25
|
|move|p2a: Honchkrow|Drill Peck|p1a: Pucker Up
|-damage|p1a: Pucker Up|187\/334
|move|p1a: Pucker Up|Waterfall|p2a: Honchkrow
|-damage|p2a: Honchkrow|184\/341
|
|-heal|p1a: Pucker Up|207\/334|[from] item: Black Sludge
|turn|26
|
|move|p2a: Honchkrow|Drill Peck|p1a: Pucker Up
|-damage|p1a: Pucker Up|77\/334
|move|p1a: Pucker Up|Destiny Bond|p1a: Pucker Up
|-singlemove|p1a: Pucker Up|Destiny Bond
|
|-heal|p1a: Pucker Up|97\/334|[from] item: Black Sludge
|turn|27
|
|switch|p2a: Ampharos|Ampharos-Mega, F|1\/363
|-damage|p2a: Ampharos|0 fnt|[from] Spikes
|faint|p2a: Ampharos
|move|p1a: Pucker Up|Spikes|p2: Ampharos
|-sidestart|p2: rvenojve|Spikes
|
|-heal|p1a: Pucker Up|117\/334|[from] item: Black Sludge
|
|switch|p2a: Honchkrow|Honchkrow, F|184\/341
|turn|28
|
|move|p2a: Honchkrow|Pursuit|p1a: Pucker Up
|-damage|p1a: Pucker Up|41\/334
|move|p1a: Pucker Up|Destiny Bond|p1a: Pucker Up
|-singlemove|p1a: Pucker Up|Destiny Bond
|
|-heal|p1a: Pucker Up|61\/334|[from] item: Black Sludge
|turn|29
|
|move|p2a: Honchkrow|Sucker Punch|p1a: Pucker Up
|-damage|p1a: Pucker Up|0 fnt
|faint|p1a: Pucker Up
|-boost|p2a: Honchkrow|atk|1|[from] ability: Moxie
|-activate|p1a: Pucker Up|Destiny Bond
|faint|p2a: Honchkrow
|
|
|switch|p1a: Stardust|Jirachi|341\/341
|switch|p2a: Slowbro|Slowbro, M|393\/393
|-damage|p2a: Slowbro|295\/393|[from] Spikes
|turn|30
|
|move|p1a: Stardust|Energy Ball|p2a: Slowbro
|-supereffective|p2a: Slowbro
|-damage|p2a: Slowbro|45\/393
|move|p2a: Slowbro|Calm Mind|p2a: Slowbro
|-boost|p2a: Slowbro|spa|1
|-boost|p2a: Slowbro|spd|1
|
|-heal|p2a: Slowbro|69\/393|[from] item: Leftovers
|turn|31
|
|move|p1a: Stardust|Energy Ball|p2a: Slowbro
|-supereffective|p2a: Slowbro
|-damage|p2a: Slowbro|0 fnt
|faint|p2a: Slowbro
|
|
|switch|p2a: Darmanitan|Darmanitan, M|316\/351
|-damage|p2a: Darmanitan|229\/351|[from] Spikes
|turn|32
|
|switch|p1a: Stay Fly|Flygon, F|301\/301
|move|p2a: Darmanitan|Earthquake|p1a: Stay Fly
|-immune|p1a: Stay Fly|[msg]
|
|turn|33
|
|move|p1a: Stay Fly|Earthquake|p2a: Darmanitan
|-crit|p2a: Darmanitan
|-supereffective|p2a: Darmanitan
|-damage|p2a: Darmanitan|0 fnt
|faint|p2a: Darmanitan
|
|
|switch|p2a: Gardevoir|Gardevoir, F|277\/277
|-damage|p2a: Gardevoir|208\/277|[from] Spikes
|-ability|p2a: Gardevoir|Levitate|[from] ability: Trace|[of] p1a: Stay Fly
|turn|34
|
|switch|p1a: Stardust|Jirachi|341\/341
|move|p2a: Gardevoir|Trick|p1a: Stardust
|-activate|p2a: Gardevoir|move: Trick|[of] p1a: Stardust
|-item|p1a: Stardust|Leftovers|[from] move: Trick
|-item|p2a: Gardevoir|Expert Belt|[from] move: Trick
|
|turn|35
|
|move|p1a: Stardust|Iron Head|p2a: Gardevoir
|-supereffective|p2a: Gardevoir
|-damage|p2a: Gardevoir|0 fnt
|faint|p2a: Gardevoir
|
|win|Brock's Blue Balls
|raw|Ladder updating...
|raw|Brock&apos;s Blue Balls's rating: 1495 &rarr; <strong>1506<\/strong><br \/>(+11 for winning)
|raw|rvenojve's rating: 1338 &rarr; <strong>1326<\/strong><br \/>(-12 for losing)
|leave|rvenojve
|player|p2