|join|Brock's Blue Balls
|join|Jikom
|player|p1|Brock's Blue Balls|154
|player|p2|Jikom|101
|gametype|singles
|gen|6
|tier|UU
|rated
|rule|Sleep Clause Mod: Limit one foe put to sleep
|rule|Species Clause: Limit one of each Pokemon
|rule|OHKO Clause: OHKO moves are banned
|rule|Moody Clause: Moody is banned
|rule|Evasion Moves Clause: Evasion moves are banned
|rule|Endless Battle Clause: Forcing endless battles is banned.
|rule|HP Percentage Mod: HP is reported as percentages
|clearpoke
|poke|p1|Granbull, M
|poke|p1|Hydreigon, M
|poke|p1|Jirachi
|poke|p1|Donphan, M
|poke|p1|Chandelure, M, shiny
|poke|p1|Heracross, M, shiny
|poke|p2|Aggron, M
|poke|p2|Florges, F
|poke|p2|Qwilfish, F
|poke|p2|Kyurem
|poke|p2|Gastrodon, F
|poke|p2|Slowbro, F
|teampreview
|
|start
|switch|p1a: Hydra|Hydreigon, M|325\/325
|switch|p2a: Kyurem|Kyurem|412\/412
|-ability|p2a: Kyurem|Pressure
|turn|1
|
|switch|p2a: Florges|Florges, F|360\/360
|move|p1a: Hydra|Flash Cannon|p2a: Florges
|-supereffective|p2a: Florges
|-damage|p2a: Florges|134\/360
|
|-heal|p2a: Florges|156\/360|[from] item: Leftovers
|turn|2
|
|move|p2a: Florges|Protect|p2a: Florges
|-singleturn|p2a: Florges|Protect
|move|p1a: Hydra|Flash Cannon|p2a: Florges
|-activate|p2a: Florges|Protect
|
|-heal|p2a: Florges|178\/360|[from] item: Leftovers
|turn|3
|
|switch|p1a: Mega Horny|Heracross, M, shiny|301\/301
|switch|p2a: Gastrodon|Gastrodon, F|426\/426
|
|turn|4
|
|switch|p2a: Qwilfish|Qwilfish, F|334\/334
|-ability|p2a: Qwilfish|Intimidate|[of] p1a: Mega Horny
|-unboost|p1a: Mega Horny|atk|1
|move|p1a: Mega Horny|Knock Off|p2a: Qwilfish
|-damage|p2a: Qwilfish|269\/334
|-enditem|p2a: Qwilfish|Black Sludge|[from] move: Knock Off|[of] p1a: Mega Horny
|
|turn|5
|
|switch|p1a: Rick Rollin|Donphan, M|384\/384
|move|p2a: Qwilfish|Thunder Wave|p1a: Rick Rollin
|-immune|p1a: Rick Rollin|[msg]
|
|turn|6
|
|switch|p2a: Slowbro|Slowbro, F|394\/394
|move|p1a: Rick Rollin|Stealth Rock|p2a: Slowbro
|-sidestart|p2: Jikom|move: Stealth Rock
|
|turn|7
|
|switch|p1a: Hydra|Hydreigon, M|325\/325
|move|p2a: Slowbro|Scald|p1a: Hydra
|-resisted|p1a: Hydra
|-damage|p1a: Hydra|269\/325
|-status|p1a: Hydra|brn
|
|-damage|p1a: Hydra|229\/325 brn|[from] brn
|turn|8
|chat|Jikom|scald :(
|
|switch|p2a: Gastrodon|Gastrodon, F|426\/426
|-damage|p2a: Gastrodon|400\/426|[from] Stealth Rock
|move|p1a: Hydra|Dark Pulse|p2a: Gastrodon
|-damage|p2a: Gastrodon|201\/426
|
|-heal|p2a: Gastrodon|227\/426|[from] item: Leftovers
|-damage|p1a: Hydra|189\/325 brn|[from] brn
|turn|9
|
|switch|p1a: Boodro|Granbull, M|384\/384
|-ability|p1a: Boodro|Intimidate|[of] p2a: Gastrodon
|-unboost|p2a: Gastrodon|atk|1
|move|p2a: Gastrodon|Recover|p2a: Gastrodon
|-heal|p2a: Gastrodon|426\/426
|
|turn|10
|
|move|p1a: Boodro|Heal Bell|p1a: Boodro
|-cureteam|p1a: Boodro|[from] move: HealBell
|move|p2a: Gastrodon|Toxic|p1a: Boodro
|-status|p1a: Boodro|tox
|
|-damage|p1a: Boodro|360\/384 tox|[from] psn
|turn|11
|
|switch|p2a: Florges|Florges, F|178\/360
|-damage|p2a: Florges|133\/360|[from] Stealth Rock
|move|p1a: Boodro|Play Rough|p2a: Florges
|-damage|p2a: Florges|0 fnt
|faint|p2a: Florges
|
|-heal|p1a: Boodro|384\/384 tox|[from] item: Leftovers
|-damage|p1a: Boodro|336\/384 tox|[from] psn
|chat|Jikom|wtf?
|chat|Jikom|LOL that was unexpected af
|chat|Brock's Blue Balls|?
|
|switch|p2a: Qwilfish|Qwilfish, F|269\/334
|-damage|p2a: Qwilfish|228\/334|[from] Stealth Rock
|-ability|p2a: Qwilfish|Intimidate|[of] p1a: Boodro
|-unboost|p1a: Boodro|atk|1
|turn|12
|
|switch|p1a: Rick Rollin|Donphan, M|384\/384
|move|p2a: Qwilfish|Toxic Spikes|p1a: Rick Rollin
|-sidestart|p1: Brock's Blue Balls|move: Toxic Spikes
|
|turn|13
|
|switch|p2a: Slowbro|Slowbro, F|394\/394
|-damage|p2a: Slowbro|345\/394|[from] Stealth Rock
|move|p1a: Rick Rollin|Rapid Spin|p2a: Slowbro
|-damage|p2a: Slowbro|330\/394
|-sideend|p1: Brock's Blue Balls|Toxic Spikes|[from] move: Rapid Spin|[of] p1a: Rick Rollin
|
|-heal|p2a: Slowbro|354\/394|[from] item: Leftovers
|turn|14
|
|switch|p1a: Hydra|Hydreigon, M|189\/325
|move|p2a: Slowbro|Scald|p1a: Hydra
|-resisted|p1a: Hydra
|-damage|p1a: Hydra|138\/325
|
|-heal|p2a: Slowbro|378\/394|[from] item: Leftovers
|turn|15
|
|switch|p2a: Gastrodon|Gastrodon, F|426\/426
|-damage|p2a: Gastrodon|400\/426|[from] Stealth Rock
|move|p1a: Hydra|Draco Meteor|p2a: Gastrodon
|-damage|p2a: Gastrodon|114\/426
|-unboost|p1a: Hydra|spa|2
|
|-heal|p2a: Gastrodon|140\/426|[from] item: Leftovers
|turn|16
|
|move|p1a: Hydra|Draco Meteor|p2a: Gastrodon
|-damage|p2a: Gastrodon|0 fnt
|-unboost|p1a: Hydra|spa|2
|faint|p2a: Gastrodon
|
|
|switch|p2a: Kyurem|Kyurem|412\/412
|-damage|p2a: Kyurem|309\/412|[from] Stealth Rock
|-ability|p2a: Kyurem|Pressure
|turn|17
|
|switch|p1a: Stardust|Jirachi|404\/404
|move|p2a: Kyurem|Substitute|p2a: Kyurem
|-start|p2a: Kyurem|Substitute
|-damage|p2a: Kyurem|206\/412
|
|-heal|p2a: Kyurem|231\/412|[from] item: Leftovers
|turn|18
|
|move|p2a: Kyurem|Earth Power|p1a: Stardust
|-supereffective|p1a: Stardust
|-damage|p1a: Stardust|284\/404
|move|p1a: Stardust|Iron Head|p2a: Kyurem
|-supereffective|p2a: Kyurem
|-end|p2a: Kyurem|Substitute
|
|-heal|p2a: Kyurem|256\/412|[from] item: Leftovers
|-heal|p1a: Stardust|309\/404|[from] item: Leftovers
|turn|19
|
|switch|p2a: Slowbro|Slowbro, F|394\/394
|-damage|p2a: Slowbro|345\/394|[from] Stealth Rock
|move|p1a: Stardust|Iron Head|p2a: Slowbro
|-resisted|p2a: Slowbro
|-damage|p2a: Slowbro|315\/394
|
|-heal|p1a: Stardust|334\/404|[from] item: Leftovers
|-heal|p2a: Slowbro|339\/394|[from] item: Leftovers
|turn|20
|
|move|p1a: Stardust|U-turn|p2a: Slowbro
|-supereffective|p2a: Slowbro
|-damage|p2a: Slowbro|259\/394
|
|switch|p1a: Hydra|Hydreigon, M|138\/325
|move|p2a: Slowbro|Calm Mind|p2a: Slowbro
|-boost|p2a: Slowbro|spa|1
|-boost|p2a: Slowbro|spd|1
|
|-heal|p2a: Slowbro|283\/394|[from] item: Leftovers
|turn|21
|
|move|p1a: Hydra|Dark Pulse|p2a: Slowbro
|-supereffective|p2a: Slowbro
|-damage|p2a: Slowbro|0 fnt
|faint|p2a: Slowbro
|
|chat|Jikom|ffffffffff i totally forgot frickin hydra is allowed back
|chat|Brock's Blue Balls|hydreigon op
|chat|Jikom|gonna need to change my team a lil
|
|switch|p2a: Kyurem|Kyurem|256\/412
|-damage|p2a: Kyurem|153\/412|[from] Stealth Rock
|-ability|p2a: Kyurem|Pressure
|turn|22
|chat|Jikom|gg my core got broken :(
|chat|Brock's Blue Balls|gg
|
|switch|p1a: Stardust|Jirachi|334\/404
|move|p2a: Kyurem|Ice Beam|p1a: Stardust
|-resisted|p1a: Stardust
|-damage|p1a: Stardust|289\/404
|
|-heal|p2a: Kyurem|178\/412|[from] item: Leftovers
|-heal|p1a: Stardust|314\/404|[from] item: Leftovers
|turn|23
|-message|Jikom forfeited.
|
|win|Brock's Blue Balls
|raw|Ladder updating...
|leave|Jikom
|player|p2
|raw|Brock&apos;s Blue Balls's rating: 1462 &rarr; <strong>1475<\/strong><br \/>(+13 for winning)
|raw|Jikom's rating: 1346 &rarr; <strong>1332<\/strong><br \/>(-14 for losing)