|join|Brock's Blue Balls
|join|Have.
|player|p1|Brock's Blue Balls|154
|player|p2|Have.|102
|gametype|singles
|gen|6
|tier|UU
|rated
|rule|Sleep Clause Mod: Limit one foe put to sleep
|rule|Species Clause: Limit one of each Pokemon
|rule|OHKO Clause: OHKO moves are banned
|rule|Moody Clause: Moody is banned
|rule|Evasion Moves Clause: Evasion moves are banned
|rule|Endless Battle Clause: Forcing endless battles is banned.
|rule|HP Percentage Mod: HP is reported as percentages
|clearpoke
|poke|p1|Hydreigon, M
|poke|p1|Magnezone, shiny
|poke|p1|Florges, F
|poke|p1|Nidoqueen, F
|poke|p1|Victini, shiny
|poke|p1|Forretress, M, shiny
|poke|p2|Magnezone
|poke|p2|Victini
|poke|p2|Hydreigon, M
|poke|p2|Forretress, M
|poke|p2|Swampert, M
|poke|p2|Florges, F
|teampreview
|chat|Have.|He just wants to bust some nuts
|chat|Have.|lmao pretty much the same team
|chat|Brock's Blue Balls|lol true
|
|start
|switch|p1a: Hydra|Hydreigon, M|325\/325
|switch|p2a: Florges|Florges, F|359\/359
|turn|1
|
|switch|p2a: Victini|Victini|341\/341
|move|p1a: Hydra|U-turn|p2a: Victini
|-damage|p2a: Victini|288\/341
|
|switch|p1a: Old Tobey|Victini, shiny|341\/341
|
|turn|2
|
|move|p1a: Old Tobey|V-create|p2a: Victini
|-resisted|p2a: Victini
|-damage|p2a: Victini|76\/341
|-unboost|p1a: Old Tobey|def|1
|-unboost|p1a: Old Tobey|spd|1
|-unboost|p1a: Old Tobey|spe|1
|move|p2a: Victini|V-create|p1a: Old Tobey
|-resisted|p1a: Old Tobey
|-damage|p1a: Old Tobey|21\/341
|-unboost|p2a: Victini|def|1
|-unboost|p2a: Victini|spd|1
|-unboost|p2a: Victini|spe|1
|
|turn|3
|
|switch|p2a: Swampert|Swampert, M|404\/404
|move|p1a: Old Tobey|V-create|p2a: Swampert
|-resisted|p2a: Swampert
|-damage|p2a: Swampert|257\/404
|-unboost|p1a: Old Tobey|def|1
|-unboost|p1a: Old Tobey|spd|1
|-unboost|p1a: Old Tobey|spe|1
|
|-heal|p2a: Swampert|282\/404|[from] item: Leftovers
|turn|4
|
|switch|p1a: Walnut|Forretress, M, shiny|354\/354
|move|p2a: Swampert|Stealth Rock|p1a: Walnut
|-sidestart|p1: Brock's Blue Balls|move: Stealth Rock
|
|-heal|p2a: Swampert|307\/404|[from] item: Leftovers
|turn|5
|
|move|p2a: Swampert|Scald|p1a: Walnut
|-damage|p1a: Walnut|224\/354
|move|p1a: Walnut|Toxic|p2a: Swampert
|-status|p2a: Swampert|tox
|
|-heal|p2a: Swampert|332\/404 tox|[from] item: Leftovers
|-heal|p1a: Walnut|246\/354|[from] item: Leftovers
|-damage|p2a: Swampert|307\/404 tox|[from] psn
|turn|6
|
|move|p2a: Swampert|Scald|p1a: Walnut
|-damage|p1a: Walnut|123\/354
|-status|p1a: Walnut|brn
|move|p1a: Walnut|Rapid Spin|p2a: Swampert
|-damage|p2a: Swampert|301\/404 tox
|-sideend|p1: Brock's Blue Balls|Stealth Rock|[from] move: Rapid Spin|[of] p1a: Walnut
|
|-heal|p2a: Swampert|326\/404 tox|[from] item: Leftovers
|-heal|p1a: Walnut|145\/354 brn|[from] item: Leftovers
|-damage|p2a: Swampert|276\/404 tox|[from] psn
|-damage|p1a: Walnut|101\/354 brn|[from] brn
|turn|7
|
|move|p2a: Swampert|Stealth Rock|p1a: Walnut
|-sidestart|p1: Brock's Blue Balls|move: Stealth Rock
|move|p1a: Walnut|Spikes|p2a: Swampert
|-sidestart|p2: Have.|Spikes
|
|-heal|p2a: Swampert|301\/404 tox|[from] item: Leftovers
|-heal|p1a: Walnut|123\/354 brn|[from] item: Leftovers
|-damage|p2a: Swampert|226\/404 tox|[from] psn
|-damage|p1a: Walnut|79\/354 brn|[from] brn
|turn|8
|
|move|p2a: Swampert|Scald|p1a: Walnut
|-damage|p1a: Walnut|0 fnt
|faint|p1a: Walnut
|
|-heal|p2a: Swampert|251\/404 tox|[from] item: Leftovers
|-damage|p2a: Swampert|151\/404 tox|[from] psn
|
|switch|p1a: Athena|Nidoqueen, F|353\/353
|-damage|p1a: Athena|331\/353|[from] Stealth Rock
|turn|9
|
|move|p1a: Athena|Earth Power|p2a: Swampert
|-damage|p2a: Swampert|0 fnt
|faint|p2a: Swampert
|
|
|switch|p2a: Victini|Victini|76\/341
|-damage|p2a: Victini|34\/341|[from] Spikes
|turn|10
|
|switch|p1a: Old Tobey|Victini, shiny|21\/341
|-damage|p1a: Old Tobey|0 fnt|[from] Stealth Rock
|faint|p1a: Old Tobey
|move|p2a: Victini|V-create|p1: Old Tobey|[notarget]
|-notarget
|
|
|switch|p1a: Hydra|Hydreigon, M|325\/325
|-damage|p1a: Hydra|285\/325|[from] Stealth Rock
|turn|11
|
|switch|p2a: Forretress|Forretress, M|354\/354
|-damage|p2a: Forretress|310\/354|[from] Spikes
|move|p1a: Hydra|U-turn|p2a: Forretress
|-resisted|p2a: Forretress
|-damage|p2a: Forretress|290\/354
|
|switch|p1a: Athena|Nidoqueen, F|331\/353
|-damage|p1a: Athena|309\/353|[from] Stealth Rock
|
|-heal|p2a: Forretress|312\/354|[from] item: Leftovers
|turn|12
|
|switch|p2a: Hydreigon|Hydreigon, M|325\/325
|move|p1a: Athena|Ice Beam|p2a: Hydreigon
|-supereffective|p2a: Hydreigon
|-damage|p2a: Hydreigon|47\/325
|
|turn|13
|
|switch|p1a: Florges|Florges, F|360\/360
|-damage|p1a: Florges|315\/360|[from] Stealth Rock
|move|p2a: Hydreigon|Draco Meteor|p1a: Florges
|-immune|p1a: Florges|[msg]
|
|-heal|p1a: Florges|337\/360|[from] item: Leftovers
|turn|14
|
|switch|p2a: Forretress|Forretress, M|312\/354
|-damage|p2a: Forretress|268\/354|[from] Spikes
|move|p1a: Florges|Moonblast|p2a: Forretress
|-resisted|p2a: Forretress
|-damage|p2a: Forretress|206\/354
|
|-heal|p1a: Florges|359\/360|[from] item: Leftovers
|-heal|p2a: Forretress|228\/354|[from] item: Leftovers
|turn|15
|
|switch|p1a: Athena|Nidoqueen, F|309\/353
|-damage|p1a: Athena|287\/353|[from] Stealth Rock
|move|p2a: Forretress|Rapid Spin|p1a: Athena
|-damage|p1a: Athena|271\/353
|-sideend|p2: Have.|Spikes|[from] move: Rapid Spin|[of] p2a: Forretress
|
|-heal|p2a: Forretress|250\/354|[from] item: Leftovers
|turn|16
|
|move|p1a: Athena|Stealth Rock|p2a: Forretress
|-sidestart|p2: Have.|move: Stealth Rock
|move|p2a: Forretress|Spikes|p1a: Athena
|-sidestart|p1: Brock's Blue Balls|Spikes
|
|-heal|p2a: Forretress|272\/354|[from] item: Leftovers
|turn|17
|
|move|p1a: Athena|Earth Power|p2a: Forretress
|-damage|p2a: Forretress|80\/354
|move|p2a: Forretress|Rapid Spin|p1a: Athena
|-crit|p1a: Athena
|-damage|p1a: Athena|245\/353
|-sideend|p2: Have.|Stealth Rock|[from] move: Rapid Spin|[of] p2a: Forretress
|
|-heal|p2a: Forretress|102\/354|[from] item: Leftovers
|turn|18
|
|move|p1a: Athena|Earth Power|p2a: Forretress
|-damage|p2a: Forretress|0 fnt
|faint|p2a: Forretress
|
|
|switch|p2a: Victini|Victini|34\/341
|turn|19
|
|switch|p1a: Hydra|Hydreigon, M|285\/325
|-damage|p1a: Hydra|245\/325|[from] Stealth Rock
|move|p2a: Victini|V-create|p1a: Hydra
|-crit|p1a: Hydra
|-resisted|p1a: Hydra
|-damage|p1a: Hydra|0 fnt
|-unboost|p2a: Victini|def|1
|-unboost|p2a: Victini|spd|1
|-unboost|p2a: Victini|spe|1
|faint|p1a: Hydra
|
|chat|Brock's Blue Balls|ofc
|
|switch|p1a: Athena|Nidoqueen, F|245\/353
|-damage|p1a: Athena|223\/353|[from] Stealth Rock
|-damage|p1a: Athena|179\/353|[from] Spikes
|turn|20
|chat|Have.|adamant cb
|chat|Have.|BUT
|chat|Brock's Blue Balls|i would have lived
|chat|Have.|max 79%
|chat|Have.|so there was a good chance you'd live
|
|move|p1a: Athena|Sludge Wave|p2a: Victini
|-damage|p2a: Victini|0 fnt
|faint|p2a: Victini
|
|
|switch|p2a: Hydreigon|Hydreigon, M|47\/325
|turn|21
|
|switch|p1a: Florges|Florges, F|359\/360
|-damage|p1a: Florges|314\/360|[from] Stealth Rock
|-damage|p1a: Florges|269\/360|[from] Spikes
|move|p2a: Hydreigon|Draco Meteor|p1a: Florges
|-immune|p1a: Florges|[msg]
|
|-heal|p1a: Florges|291\/360|[from] item: Leftovers
|turn|22
|
|switch|p2a: Magnezone|Magnezone|312\/312
|switch|p1a: Athena|Nidoqueen, F|179\/353
|-damage|p1a: Athena|157\/353|[from] Stealth Rock
|-damage|p1a: Athena|113\/353|[from] Spikes
|
|turn|23
|
|switch|p2a: Florges|Florges, F|359\/359
|move|p1a: Athena|Earth Power|p2a: Florges
|-damage|p2a: Florges|213\/359
|
|-heal|p2a: Florges|235\/359|[from] item: Leftovers
|turn|24
|
|move|p1a: Athena|Sludge Wave|p2a: Florges
|-supereffective|p2a: Florges
|-damage|p2a: Florges|0 fnt
|faint|p2a: Florges
|
|
|switch|p2a: Hydreigon|Hydreigon, M|47\/325
|turn|25
|
|switch|p1a: Florges|Florges, F|291\/360
|-damage|p1a: Florges|246\/360|[from] Spikes
|-damage|p1a: Florges|201\/360|[from] Stealth Rock
|move|p2a: Hydreigon|Draco Meteor|p1a: Florges
|-immune|p1a: Florges|[msg]
|
|-heal|p1a: Florges|223\/360|[from] item: Leftovers
|turn|26
|chat|Brock's Blue Balls|nido kind of shits on your team
|
|switch|p2a: Magnezone|Magnezone|312\/312
|move|p1a: Florges|Wish|p1a: Florges
|
|-heal|p1a: Florges|245\/360|[from] item: Leftovers
|turn|27
|chat|Have.|Yours as well lol
|
|move|p1a: Florges|Protect|p1a: Florges
|-singleturn|p1a: Florges|Protect
|move|p2a: Magnezone|Flash Cannon|p1a: Florges
|-activate|p1a: Florges|Protect
|
|-heal|p1a: Florges|360\/360|[from] move: Wish|[wisher] Florges
|turn|28
|chat|Brock's Blue Balls|lol but nido handles nido much better than swampert
|
|switch|p1a: Chick Magnet|Magnezone, shiny|344\/344
|-damage|p1a: Chick Magnet|323\/344|[from] Stealth Rock
|-damage|p1a: Chick Magnet|280\/344|[from] Spikes
|move|p2a: Magnezone|Flash Cannon|p1a: Chick Magnet
|-resisted|p1a: Chick Magnet
|-damage|p1a: Chick Magnet|220\/344
|
|turn|29
|chat|Have.|I know
|
|move|p2a: Magnezone|Thunderbolt|p1a: Chick Magnet
|-resisted|p1a: Chick Magnet
|-damage|p1a: Chick Magnet|121\/344
|move|p1a: Chick Magnet|Thunderbolt|p2a: Magnezone
|-resisted|p2a: Magnezone
|-damage|p2a: Magnezone|184\/312
|
|turn|30
|chat|Brock's Blue Balls|specs zone or av?
|chat|Brock's Blue Balls|question answered lol
|
|move|p2a: Magnezone|Flash Cannon|p1a: Chick Magnet
|-resisted|p1a: Chick Magnet
|-damage|p1a: Chick Magnet|81\/344
|move|p1a: Chick Magnet|Thunderbolt|p2a: Magnezone
|-resisted|p2a: Magnezone
|-damage|p2a: Magnezone|63\/312
|
|turn|31
|chat|Have.|I lost
|chat|Have.|I actually lost a while ago
|chat|Have.|lol
|
|move|p2a: Magnezone|Thunderbolt|p1a: Chick Magnet
|-resisted|p1a: Chick Magnet
|-damage|p1a: Chick Magnet|0 fnt
|faint|p1a: Chick Magnet
|
|chat|Brock's Blue Balls|haha yeah i forced you into a corner tho.  to either lose victini or hydra
|chat|Have.|Should've given up Hydra
|chat|Brock's Blue Balls|always
|chat|Have.|Meh
|chat|Have.|It's all gravy baby
|
|switch|p1a: Athena|Nidoqueen, F|113\/353
|-damage|p1a: Athena|69\/353|[from] Spikes
|-damage|p1a: Athena|47\/353|[from] Stealth Rock
|turn|32
|
|move|p1a: Athena|Ice Beam|p2a: Magnezone
|-resisted|p2a: Magnezone
|-damage|p2a: Magnezone|14\/312
|move|p2a: Magnezone|Flash Cannon|p1a: Athena
|-damage|p1a: Athena|0 fnt
|faint|p1a: Athena
|
|chat|Have.|lol
|chat|Have.|I'd still have to get pretty lucky
|chat|Brock's Blue Balls|believe it or not if i had earth powered and you switched to hydra i might have lost
|
|switch|p1a: Florges|Florges, F|360\/360
|-damage|p1a: Florges|315\/360|[from] Spikes
|-damage|p1a: Florges|270\/360|[from] Stealth Rock
|turn|33
|
|move|p1a: Florges|Protect|p1a: Florges
|-singleturn|p1a: Florges|Protect
|move|p2a: Magnezone|Flash Cannon|p1a: Florges
|-activate|p1a: Florges|Protect
|
|-heal|p1a: Florges|292\/360|[from] item: Leftovers
|turn|34
|chat|Have.|Isn't Florges faster?
|chat|Brock's Blue Balls|not being a dick. just gaining life
|
|move|p2a: Magnezone|Flash Cannon|p1a: Florges
|-supereffective|p1a: Florges
|-damage|p1a: Florges|82\/360
|move|p1a: Florges|Moonblast|p2a: Magnezone
|-resisted|p2a: Magnezone
|-damage|p2a: Magnezone|0 fnt
|faint|p2a: Magnezone
|
|-heal|p1a: Florges|104\/360|[from] item: Leftovers
|chat|Have.|np
|chat|Brock's Blue Balls|yeah
|chat|Brock's Blue Balls| but somehow you outsped
|chat|Brock's Blue Balls|you run speed?
|
|switch|p2a: Hydreigon|Hydreigon, M|47\/325
|turn|35
|chat|Have.|Yeah, 132
|
|move|p1a: Florges|Protect|p1a: Florges
|-singleturn|p1a: Florges|Protect
|move|p2a: Hydreigon|Dark Pulse|p1a: Florges
|-activate|p1a: Florges|Protect
|
|-heal|p1a: Florges|126\/360|[from] item: Leftovers
|turn|36
|chat|Have.|gg
|chat|Have.|I still thought you'd be faster lol
|chat|Brock's Blue Balls|ah. gg. here comes the flinch
|chat|Brock's Blue Balls|sorry. calcing
|chat|Have.|Then it'd be a tie
|chat|Have.|np
|chat|Have.|Are you physically defensive?
|chat|Have.|not that it really matters
|chat|Brock's Blue Balls|yep
|
|move|p2a: Hydreigon|Dark Pulse|p1a: Florges
|-resisted|p1a: Florges
|-damage|p1a: Florges|62\/360
|-damage|p2a: Hydreigon|15\/325|[from] item: Life Orb
|move|p1a: Florges|Moonblast|p2a: Hydreigon
|-supereffective|p2a: Hydreigon
|-damage|p2a: Hydreigon|0 fnt
|faint|p2a: Hydreigon
|
|win|Brock's Blue Balls
|raw|Ladder updating...
|raw|Brock&apos;s Blue Balls's rating: 1577 &rarr; <strong>1591<\/strong><br \/>(+14 for winning)
|raw|Have.'s rating: 1485 &rarr; <strong>1470<\/strong><br \/>(-15 for losing)
|chat|Have.|gg
|chat|Brock's Blue Balls|gg