|join|kokoloko
|join|Brock's Blue Balls
|player|p1|kokoloko|169
|player|p2|Brock's Blue Balls|154
|gametype|singles
|gen|6
|tier|UU
|rated
|rule|Sleep Clause Mod: Limit one foe put to sleep
|rule|Species Clause: Limit one of each Pokemon
|rule|OHKO Clause: OHKO moves are banned
|rule|Moody Clause: Moody is banned
|rule|Evasion Moves Clause: Evasion moves are banned
|rule|Endless Battle Clause: Forcing endless battles is banned
|rule|HP Percentage Mod: HP is reported as percentages
|clearpoke
|poke|p1|Hydreigon, M, shiny
|poke|p1|Froslass, F, shiny
|poke|p1|Aerodactyl, F
|poke|p1|Sableye, F, shiny
|poke|p1|Lucario, F
|poke|p1|Crobat, F
|poke|p2|Nidoqueen, F
|poke|p2|Mew
|poke|p2|Slowbro, F
|poke|p2|Sableye, F
|poke|p2|Dugtrio, M
|poke|p2|Florges, F
|rule|Baton Pass Clause: Limit 3 pokemon knowing Baton Pass
|teampreview
|
|start
|switch|p1a: Froslass|Froslass, F, shiny|281\/281
|switch|p2a: Sableye|Sableye, F|302\/302
|turn|1
|
|switch|p1a: Hydreigon|Hydreigon, M, shiny|325\/325
|move|p2a: Sableye|Will-O-Wisp|p1a: Hydreigon
|-status|p1a: Hydreigon|brn
|
|-damage|p1a: Hydreigon|285\/325 brn|[from] brn
|turn|2
|
|move|p1a: Hydreigon|U-turn|p2a: Sableye
|-damage|p2a: Sableye|270\/302
|
|switch|p1a: Sableye|Sableye, F, shiny|303\/303
|move|p2a: Sableye|Knock Off|p1a: Sableye
|-damage|p1a: Sableye|194\/303
|-enditem|p1a: Sableye|Leftovers|[from] move: Knock Off|[of] p2a: Sableye
|
|-heal|p2a: Sableye|288\/302|[from] item: Leftovers
|turn|3
|
|switch|p2a: Nidoqueen|Nidoqueen, F|384\/384
|move|p1a: Sableye|Knock Off|p2a: Nidoqueen
|-damage|p2a: Nidoqueen|309\/384
|-enditem|p2a: Nidoqueen|Leftovers|[from] move: Knock Off|[of] p1a: Sableye
|
|turn|4
|
|switch|p1a: Froslass|Froslass, F, shiny|281\/281
|move|p2a: Nidoqueen|Earth Power|p1a: Froslass
|-damage|p1a: Froslass|124\/281
|
|turn|5
|
|switch|p2a: Sableye|Sableye, F|288\/302
|move|p1a: Froslass|Spikes|p2a: Sableye
|-sidestart|p2: Brock's Blue Balls|Spikes
|
|-heal|p2a: Sableye|302\/302|[from] item: Leftovers
|turn|6
|
|move|p1a: Froslass|Destiny Bond|p1a: Froslass
|-singlemove|p1a: Froslass|Destiny Bond
|move|p2a: Sableye|Knock Off|p1a: Froslass
|-supereffective|p1a: Froslass
|-damage|p1a: Froslass|0 fnt
|faint|p1a: Froslass
|-activate|p1a: Froslass|Destiny Bond
|faint|p2a: Sableye
|
|
|switch|p1a: Aerodactyl|Aerodactyl, F|363\/363
|switch|p2a: Mew|Mew|404\/404
|-damage|p2a: Mew|354\/404|[from] Spikes
|-ability|p1a: Aerodactyl|Pressure
|turn|7
|
|detailschange|p1a: Aerodactyl|Aerodactyl-Mega, F
|message|Aerodactyl has Mega Evolved into Mega Aerodactyl!
|move|p1a: Aerodactyl|Taunt|p2a: Mew
|-start|p2a: Mew|move: Taunt
|cant|p2a: Mew|move: Taunt|Defog
|
|-heal|p2a: Mew|379\/404|[from] item: Leftovers
|turn|8
|
|move|p1a: Aerodactyl|Stealth Rock|p2a: Mew
|-sidestart|p2: Brock's Blue Balls|move: Stealth Rock
|move|p2a: Mew|Knock Off|p1a: Aerodactyl
|-damage|p1a: Aerodactyl|313\/363
|
|-heal|p2a: Mew|404\/404|[from] item: Leftovers
|turn|9
|
|switch|p2a: Slowbro|Slowbro, F|394\/394
|-damage|p2a: Slowbro|345\/394|[from] Spikes
|-damage|p2a: Slowbro|296\/394|[from] Stealth Rock
|move|p1a: Aerodactyl|Aerial Ace|p2a: Slowbro
|-damage|p2a: Slowbro|217\/394
|-damage|p1a: Aerodactyl|253\/363|[from] item: Rocky Helmet|[of] p2a: Slowbro
|
|turn|10
|
|switch|p1a: Sableye|Sableye, F, shiny|194\/303
|move|p2a: Slowbro|Scald|p1a: Sableye
|-damage|p1a: Sableye|106\/303
|-status|p1a: Sableye|brn
|
|-damage|p1a: Sableye|69\/303 brn|[from] brn
|turn|11
|
|move|p1a: Sableye|Recover|p1a: Sableye
|-heal|p1a: Sableye|221\/303 brn
|move|p2a: Slowbro|Scald|p1a: Sableye
|-damage|p1a: Sableye|125\/303 brn
|
|-damage|p1a: Sableye|88\/303 brn|[from] brn
|turn|12
|
|move|p1a: Sableye|Knock Off|p2a: Slowbro
|-supereffective|p2a: Slowbro
|-damage|p2a: Slowbro|155\/394
|-damage|p1a: Sableye|38\/303 brn|[from] item: Rocky Helmet|[of] p2a: Slowbro
|-enditem|p2a: Slowbro|Rocky Helmet|[from] move: Knock Off|[of] p1a: Sableye
|move|p2a: Slowbro|Calm Mind|p2a: Slowbro
|-boost|p2a: Slowbro|spa|1
|-boost|p2a: Slowbro|spd|1
|
|-damage|p1a: Sableye|1\/303 brn|[from] brn
|turn|13
|
|move|p1a: Sableye|Will-O-Wisp|p2a: Slowbro
|-status|p2a: Slowbro|brn
|move|p2a: Slowbro|Slack Off|p2a: Slowbro
|-heal|p2a: Slowbro|352\/394 brn
|
|-damage|p1a: Sableye|0 fnt|[from] brn
|-damage|p2a: Slowbro|303\/394 brn|[from] brn
|faint|p1a: Sableye
|
|switch|p1a: Hydreigon|Hydreigon, M, shiny|285\/325 brn
|turn|14
|
|switch|p2a: Florges|Florges, F|360\/360
|-damage|p2a: Florges|315\/360|[from] Stealth Rock
|-damage|p2a: Florges|270\/360|[from] Spikes
|move|p1a: Hydreigon|Dark Pulse|p2a: Florges
|-resisted|p2a: Florges
|-damage|p2a: Florges|227\/360
|
|-heal|p2a: Florges|249\/360|[from] item: Leftovers
|-damage|p1a: Hydreigon|245\/325 brn|[from] brn
|turn|15
|
|switch|p1a: Crobat|Crobat, F|311\/311
|switch|p2a: Slowbro|Slowbro, F|394\/394 brn
|-damage|p2a: Slowbro|345\/394 brn|[from] Stealth Rock
|-damage|p2a: Slowbro|296\/394 brn|[from] Spikes
|
|-damage|p2a: Slowbro|247\/394 brn|[from] brn
|turn|16
|
|move|p1a: Crobat|Taunt|p2a: Slowbro
|-start|p2a: Slowbro|move: Taunt
|move|p2a: Slowbro|Scald|p1a: Crobat
|-damage|p1a: Crobat|200\/311
|-status|p1a: Crobat|brn
|
|-heal|p1a: Crobat|219\/311 brn|[from] item: Black Sludge
|-damage|p1a: Crobat|181\/311 brn|[from] brn
|-damage|p2a: Slowbro|198\/394 brn|[from] brn
|turn|17
|chat|Brock's Blue Balls|4 taunt users lol
|chat|kokoloko|yup lol
|chat|kokoloko|damn that burn
|chat|kokoloko|really sucks
|
|move|p1a: Crobat|U-turn|p2a: Slowbro
|-supereffective|p2a: Slowbro
|-damage|p2a: Slowbro|150\/394 brn
|
|switch|p1a: Hydreigon|Hydreigon, M, shiny|245\/325 brn
|move|p2a: Slowbro|Scald|p1a: Hydreigon
|-resisted|p1a: Hydreigon
|-damage|p1a: Hydreigon|196\/325 brn
|
|-damage|p1a: Hydreigon|156\/325 brn|[from] brn
|-damage|p2a: Slowbro|101\/394 brn|[from] brn
|turn|18
|chat|Brock's Blue Balls|tbh i thought i lost already when sableye went down
|
|switch|p2a: Florges|Florges, F|249\/360
|-damage|p2a: Florges|204\/360|[from] Spikes
|-damage|p2a: Florges|159\/360|[from] Stealth Rock
|move|p1a: Hydreigon|U-turn|p2a: Florges
|-resisted|p2a: Florges
|-damage|p2a: Florges|146\/360
|
|switch|p1a: Aerodactyl|Aerodactyl-Mega, F|253\/363
|
|-heal|p2a: Florges|168\/360|[from] item: Leftovers
|turn|19
|
|move|p1a: Aerodactyl|Taunt|p2a: Florges
|-start|p2a: Florges|move: Taunt
|move|p2a: Florges|Moonblast|p1a: Aerodactyl
|-damage|p1a: Aerodactyl|123\/363
|
|-heal|p2a: Florges|190\/360|[from] item: Leftovers
|turn|20
|
|switch|p2a: Slowbro|Slowbro, F|232\/394 brn
|-damage|p2a: Slowbro|183\/394 brn|[from] Stealth Rock
|-damage|p2a: Slowbro|134\/394 brn|[from] Spikes
|move|p1a: Aerodactyl|Roost|p1a: Aerodactyl
|-heal|p1a: Aerodactyl|305\/363
|
|-damage|p2a: Slowbro|85\/394 brn|[from] brn
|turn|21
|
|move|p1a: Aerodactyl|Taunt|p2a: Slowbro
|-start|p2a: Slowbro|move: Taunt
|move|p2a: Slowbro|Scald|p1a: Aerodactyl
|-supereffective|p1a: Aerodactyl
|-damage|p1a: Aerodactyl|99\/363
|
|-damage|p2a: Slowbro|36\/394 brn|[from] brn
|turn|22
|
|switch|p2a: Nidoqueen|Nidoqueen, F|309\/384
|-damage|p2a: Nidoqueen|285\/384|[from] Stealth Rock
|-damage|p2a: Nidoqueen|237\/384|[from] Spikes
|move|p1a: Aerodactyl|Aerial Ace|p2a: Nidoqueen
|-damage|p2a: Nidoqueen|128\/384
|
|turn|23
|
|move|p1a: Aerodactyl|Aerial Ace|p2a: Nidoqueen
|-damage|p2a: Nidoqueen|25\/384
|move|p2a: Nidoqueen|Ice Beam|p1a: Aerodactyl
|-supereffective|p1a: Aerodactyl
|-damage|p1a: Aerodactyl|0 fnt
|faint|p1a: Aerodactyl
|
|
|switch|p1a: Crobat|Crobat, F|181\/311 brn
|turn|24
|
|move|p1a: Crobat|Brave Bird|p2a: Nidoqueen
|-damage|p2a: Nidoqueen|0 fnt
|-damage|p1a: Crobat|173\/311 brn|[from] recoil|[of] p2a: Nidoqueen
|faint|p2a: Nidoqueen
|
|-heal|p1a: Crobat|192\/311 brn|[from] item: Black Sludge
|-damage|p1a: Crobat|154\/311 brn|[from] brn
|
|switch|p2a: Dugtrio|Dugtrio, M|212\/212
|-damage|p2a: Dugtrio|199\/212|[from] Stealth Rock
|-damage|p2a: Dugtrio|173\/212|[from] Spikes
|turn|25
|
|move|p1a: Crobat|U-turn|p2a: Dugtrio
|-crit|p2a: Dugtrio
|-damage|p2a: Dugtrio|92\/212
|
|switch|p1a: Hydreigon|Hydreigon, M, shiny|156\/325 brn
|move|p2a: Dugtrio|Aerial Ace|p1a: Hydreigon
|-damage|p1a: Hydreigon|68\/325 brn
|
|-damage|p1a: Hydreigon|28\/325 brn|[from] brn
|turn|26
|
|switch|p2a: Florges|Florges, F|190\/360
|-damage|p2a: Florges|145\/360|[from] Spikes
|-damage|p2a: Florges|100\/360|[from] Stealth Rock
|move|p1a: Hydreigon|Dark Pulse|p2a: Florges
|-resisted|p2a: Florges
|-damage|p2a: Florges|58\/360
|
|-heal|p2a: Florges|80\/360|[from] item: Leftovers
|-damage|p1a: Hydreigon|0 fnt|[from] brn
|faint|p1a: Hydreigon
|chat|kokoloko|hmm
|
|switch|p1a: Lucario|Lucario, F|281\/281
|turn|27
|
|move|p1a: Lucario|Swords Dance|p1a: Lucario
|-boost|p1a: Lucario|atk|2
|move|p2a: Florges|Moonblast|p1a: Lucario
|-damage|p1a: Lucario|127\/281
|
|-heal|p2a: Florges|102\/360|[from] item: Leftovers
|turn|28
|chat|kokoloko|ok good gg
|
|move|p1a: Lucario|Close Combat|p2a: Florges
|-resisted|p2a: Florges
|-damage|p2a: Florges|0 fnt
|-unboost|p1a: Lucario|def|1
|-unboost|p1a: Lucario|spd|1
|-damage|p1a: Lucario|99\/281|[from] item: Life Orb
|faint|p2a: Florges
|
|
|switch|p2a: Mew|Mew|404\/404
|-damage|p2a: Mew|354\/404|[from] Spikes
|-damage|p2a: Mew|304\/404|[from] Stealth Rock
|turn|29
|chat|Brock's Blue Balls|do you have crunch?
|
|move|p1a: Lucario|Crunch|p2a: Mew
|-supereffective|p2a: Mew
|-damage|p2a: Mew|0 fnt
|-damage|p1a: Lucario|71\/281|[from] item: Life Orb
|faint|p2a: Mew
|
|chat|kokoloko|yup
|chat|Brock's Blue Balls|ah ok i wouldve won if you didnt i think
|chat|kokoloko|ya 
|
|switch|p2a: Slowbro|Slowbro, F|167\/394 brn
|-damage|p2a: Slowbro|118\/394 brn|[from] Stealth Rock
|-damage|p2a: Slowbro|69\/394 brn|[from] Spikes
|turn|30
|
|move|p1a: Lucario|Crunch|p2a: Slowbro
|-supereffective|p2a: Slowbro
|-damage|p2a: Slowbro|0 fnt
|-damage|p1a: Lucario|43\/281|[from] item: Life Orb
|faint|p2a: Slowbro
|
|
|switch|p2a: Dugtrio|Dugtrio, M|92\/212
|-damage|p2a: Dugtrio|79\/212|[from] Stealth Rock
|-damage|p2a: Dugtrio|53\/212|[from] Spikes
|turn|31
|
|move|p1a: Lucario|Extreme Speed|p2a: Dugtrio
|-crit|p2a: Dugtrio
|-damage|p2a: Dugtrio|0 fnt
|-damage|p1a: Lucario|15\/281|[from] item: Life Orb
|faint|p2a: Dugtrio
|
|win|kokoloko
|raw|Ladder updating...
|raw|kokoloko's rating: 1708 &rarr; <strong>1718<\/strong><br \/>(+10 for winning)
|raw|Brock&apos;s Blue Balls's rating: 1524 &rarr; <strong>1513<\/strong><br \/>(-11 for losing)
|chat|Brock's Blue Balls|gg
|chat|kokoloko|gg