|join|Foop
|join|Brock's Blue Balls
|player|p1|Foop|224
|player|p2|Brock's Blue Balls|172
|gametype|singles
|gen|6
|tier|UU
|rated
|rule|Sleep Clause Mod: Limit one foe put to sleep
|rule|Species Clause: Limit one of each Pokemon
|rule|OHKO Clause: OHKO moves are banned
|rule|Moody Clause: Moody is banned
|rule|Evasion Moves Clause: Evasion moves are banned
|rule|Endless Battle Clause: Forcing endless battles is banned.
|rule|HP Percentage Mod: HP is reported as percentages
|clearpoke
|poke|p1|Heracross, M
|poke|p1|Hydreigon, F
|poke|p1|Nidoqueen, F
|poke|p1|Jirachi
|poke|p1|Aerodactyl, M
|poke|p1|Victini
|poke|p2|Absol, M, shiny
|poke|p2|Chandelure, M, shiny
|poke|p2|Empoleon, M
|poke|p2|Noivern, F
|poke|p2|Krookodile, M
|poke|p2|Rotom-Heat
|teampreview
|
|start
|switch|p1a: Hydreigon|Hydreigon, F|325\/325
|switch|p2a: Red XIII|Absol, M, shiny|271\/271
|turn|1
|
|switch|p2a: Triton|Empoleon, M|371\/371
|move|p1a: Hydreigon|U-turn|p2a: Triton
|-resisted|p2a: Triton
|-damage|p2a: Triton|340\/371
|
|switch|p1a: Heracross|Heracross, M|311\/311
|
|-heal|p2a: Triton|363\/371|[from] item: Leftovers
|turn|2
|
|move|p1a: Heracross|Close Combat|p2a: Triton
|-supereffective|p2a: Triton
|-damage|p2a: Triton|0 fnt
|-unboost|p1a: Heracross|def|1
|-unboost|p1a: Heracross|spd|1
|faint|p2a: Triton
|
|
|switch|p2a: ReadingRainbow|Noivern, F|311\/311
|turn|3
|
|switch|p1a: Jirachi|Jirachi|341\/341
|move|p2a: ReadingRainbow|Flamethrower|p1a: Jirachi
|-supereffective|p1a: Jirachi
|-damage|p1a: Jirachi|102\/341
|-damage|p2a: ReadingRainbow|280\/311|[from] item: Life Orb
|
|turn|4
|
|move|p2a: ReadingRainbow|Flamethrower|p1a: Jirachi
|-supereffective|p1a: Jirachi
|-damage|p1a: Jirachi|0 fnt
|-damage|p2a: ReadingRainbow|249\/311|[from] item: Life Orb
|faint|p1a: Jirachi
|
|
|switch|p1a: Nidoqueen|Nidoqueen, F|366\/366
|turn|5
|
|move|p2a: ReadingRainbow|Taunt|p1a: Nidoqueen
|-start|p1a: Nidoqueen|move: Taunt
|move|p1a: Nidoqueen|Ice Beam|p2a: ReadingRainbow
|-supereffective|p2a: ReadingRainbow
|-damage|p2a: ReadingRainbow|0 fnt
|faint|p2a: ReadingRainbow
|
|
|switch|p2a: Dong Nose|Krookodile, M|331\/331
|turn|6
|
|switch|p1a: Aerodactyl|Aerodactyl, M|331\/331
|move|p2a: Dong Nose|Stone Edge|p1a: Aerodactyl
|-supereffective|p1a: Aerodactyl
|-damage|p1a: Aerodactyl|9\/331
|
|turn|7
|
|switch|p1a: Hydreigon|Hydreigon, F|325\/325
|move|p2a: Dong Nose|Stone Edge|p1a: Hydreigon|[miss]
|-miss|p2a: Dong Nose|p1a: Hydreigon
|
|turn|8
|
|switch|p2a: Ez Bake|Rotom-Heat|303\/303
|move|p1a: Hydreigon|Draco Meteor|p2a: Ez Bake
|-damage|p2a: Ez Bake|66\/303
|-unboost|p1a: Hydreigon|spa|2
|
|-heal|p2a: Ez Bake|84\/303|[from] item: Leftovers
|turn|9
|
|move|p1a: Hydreigon|Draco Meteor|p2a: Ez Bake|[miss]
|-miss|p1a: Hydreigon|p2a: Ez Bake
|move|p2a: Ez Bake|Pain Split|p1a: Hydreigon
|-sethp|p1a: Hydreigon|204\/325|p2a: Ez Bake|204\/303|[from] move: Pain Split
|
|-heal|p2a: Ez Bake|222\/303|[from] item: Leftovers
|turn|10
|
|switch|p1a: Nidoqueen|Nidoqueen, F|366\/366
|move|p2a: Ez Bake|Volt Switch|p1a: Nidoqueen
|-immune|p1a: Nidoqueen|[msg]
|
|-heal|p2a: Ez Bake|240\/303|[from] item: Leftovers
|turn|11
|
|move|p2a: Ez Bake|Will-O-Wisp|p1a: Nidoqueen|[miss]
|-miss|p2a: Ez Bake|p1a: Nidoqueen
|move|p1a: Nidoqueen|Stealth Rock|p2a: Ez Bake
|-sidestart|p2: Brock's Blue Balls|move: Stealth Rock
|
|-heal|p2a: Ez Bake|258\/303|[from] item: Leftovers
|turn|12
|
|move|p2a: Ez Bake|Will-O-Wisp|p1a: Nidoqueen
|-status|p1a: Nidoqueen|brn
|move|p1a: Nidoqueen|Sludge Wave|p2a: Ez Bake
|-damage|p2a: Ez Bake|67\/303
|
|-heal|p2a: Ez Bake|85\/303|[from] item: Leftovers
|-damage|p1a: Nidoqueen|321\/366 brn|[from] brn
|turn|13
|
|switch|p1a: Hydreigon|Hydreigon, F|204\/325
|move|p2a: Ez Bake|Overheat|p1a: Hydreigon
|-resisted|p1a: Hydreigon
|-damage|p1a: Hydreigon|123\/325
|-unboost|p2a: Ez Bake|spa|2
|
|-heal|p2a: Ez Bake|103\/303|[from] item: Leftovers
|turn|14
|
|move|p1a: Hydreigon|Dark Pulse|p2a: Ez Bake
|-damage|p2a: Ez Bake|0 fnt
|faint|p2a: Ez Bake
|
|
|switch|p2a: Red XIII|Absol, M, shiny|271\/271
|-damage|p2a: Red XIII|238\/271|[from] Stealth Rock
|turn|15
|
|switch|p1a: Aerodactyl|Aerodactyl, M|9\/331
|-formechange|p2a: Red XIII|Absol-Mega
|message|Absol has Mega Evolved into Mega Absol!
|move|p2a: Red XIII|Swords Dance|p2a: Red XIII
|-boost|p2a: Red XIII|atk|2
|
|turn|16
|
|move|p2a: Red XIII|Sucker Punch|p1a: Aerodactyl
|-fail|p1a: Aerodactyl
|move|p1a: Aerodactyl|Roost|p1a: Aerodactyl
|-heal|p1a: Aerodactyl|175\/331
|
|turn|17
|
|-formechange|p1a: Aerodactyl|Aerodactyl-Mega
|message|Aerodactyl has Mega Evolved into Mega Aerodactyl!
|move|p1a: Aerodactyl|Roost|p1a: Aerodactyl
|-heal|p1a: Aerodactyl|331\/331
|move|p2a: Red XIII|Knock Off|p1a: Aerodactyl
|-damage|p1a: Aerodactyl|34\/331
|
|turn|18
|
|move|p2a: Red XIII|Sucker Punch|p1a: Aerodactyl
|-fail|p1a: Aerodactyl
|move|p1a: Aerodactyl|Roost|p1a: Aerodactyl
|-heal|p1a: Aerodactyl|200\/331
|
|turn|19
|
|move|p2a: Red XIII|Sucker Punch|p1a: Aerodactyl
|-damage|p1a: Aerodactyl|0 fnt
|faint|p1a: Aerodactyl
|
|
|switch|p1a: Heracross|Heracross, M|311\/311
|turn|20
|
|switch|p2a: LumiÃ¨re|Chandelure, M, shiny|261\/261
|-damage|p2a: LumiÃ¨re|196\/261|[from] Stealth Rock
|move|p1a: Heracross|Close Combat|p2a: LumiÃ¨re
|-immune|p2a: LumiÃ¨re|[msg]
|
|turn|21
|
|move|p2a: LumiÃ¨re|Fire Blast|p1a: Heracross
|-supereffective|p1a: Heracross
|-damage|p1a: Heracross|0 fnt
|-damage|p2a: LumiÃ¨re|170\/261|[from] item: Life Orb
|faint|p1a: Heracross
|
|
|switch|p1a: Hydreigon|Hydreigon, F|123\/325
|turn|22
|
|move|p1a: Hydreigon|Draco Meteor|p2a: LumiÃ¨re
|-damage|p2a: LumiÃ¨re|0 fnt
|-unboost|p1a: Hydreigon|spa|2
|faint|p2a: LumiÃ¨re
|
|chat|Foop|timid chandy
|
|switch|p2a: Dong Nose|Krookodile, M|331\/331
|-damage|p2a: Dong Nose|311\/331|[from] Stealth Rock
|turn|23
|
|switch|p1a: Victini|Victini|341\/341
|move|p2a: Dong Nose|Knock Off|p1a: Victini
|-supereffective|p1a: Victini
|-damage|p1a: Victini|33\/341
|-enditem|p1a: Victini|Choice Band|[from] move: Knock Off|[of] p2a: Dong Nose
|
|turn|24
|
|move|p2a: Dong Nose|Knock Off|p1a: Victini
|-supereffective|p1a: Victini
|-damage|p1a: Victini|0 fnt
|faint|p1a: Victini
|-boost|p2a: Dong Nose|atk|1|[from] ability: Moxie
|
|
|switch|p1a: Nidoqueen|Nidoqueen, F|321\/366 brn
|turn|25
|
|move|p2a: Dong Nose|Knock Off|p1a: Nidoqueen
|-damage|p1a: Nidoqueen|29\/366 brn
|-enditem|p1a: Nidoqueen|Life Orb|[from] move: Knock Off|[of] p2a: Dong Nose
|move|p1a: Nidoqueen|Ice Beam|p2a: Dong Nose
|-supereffective|p2a: Dong Nose
|-damage|p2a: Dong Nose|19\/331
|
|-damage|p1a: Nidoqueen|0 fnt|[from] brn
|faint|p1a: Nidoqueen
|
|switch|p1a: Hydreigon|Hydreigon, F|123\/325
|turn|26
|chat|Brock's Blue Balls|gg
|chat|Foop|gg
|
|move|p2a: Dong Nose|Knock Off|p1a: Hydreigon
|-crit|p1a: Hydreigon
|-resisted|p1a: Hydreigon
|-damage|p1a: Hydreigon|0 fnt
|faint|p1a: Hydreigon
|-boost|p2a: Dong Nose|atk|1|[from] ability: Moxie
|
|win|Brock's Blue Balls
|raw|Ladder updating...
|raw|Foop's rating: 1589 &rarr; <strong>1568<\/strong><br \/>(-21 for losing)
|raw|Brock&apos;s Blue Balls's rating: 1584 &rarr; <strong>1604<\/strong><br \/>(+20 for winning)