|join|Phantom R
|join|Brock's Blue Balls
|player|p1|Phantom R|149
|player|p2|Brock's Blue Balls|154
|gametype|singles
|gen|6
|tier|UU
|rated
|rule|Sleep Clause Mod: Limit one foe put to sleep
|rule|Species Clause: Limit one of each Pokemon
|rule|OHKO Clause: OHKO moves are banned
|rule|Moody Clause: Moody is banned
|rule|Evasion Moves Clause: Evasion moves are banned
|rule|Endless Battle Clause: Forcing endless battles is banned.
|rule|HP Percentage Mod: HP is reported as percentages
|clearpoke
|poke|p1|Aggron, M
|poke|p1|Mew
|poke|p1|Florges, F
|poke|p1|Blastoise, M
|poke|p1|Machamp, F
|poke|p1|Crobat, M
|poke|p2|Sableye, F
|poke|p2|Dugtrio, F
|poke|p2|Florges, F
|poke|p2|Nidoking, M
|poke|p2|Slowbro, M
|poke|p2|Crobat, M
|teampreview
|
|start
|switch|p1a: Crobat|Crobat, M|374\/374
|switch|p2a: Bloodsugar|Crobat, M|311\/311
|turn|1
|join|BHARATH_THEBEST
|
|move|p1a: Crobat|U-turn|p2a: Bloodsugar
|-resisted|p2a: Bloodsugar
|-damage|p2a: Bloodsugar|296\/311
|
|switch|p1a: Aggron|Aggron, M|344\/344
|move|p2a: Bloodsugar|Brave Bird|p1a: Aggron
|-resisted|p1a: Aggron
|-damage|p1a: Aggron|320\/344
|-damage|p2a: Bloodsugar|288\/311|[from] recoil|[of] p1a: Aggron
|
|-heal|p2a: Bloodsugar|307\/311|[from] item: Black Sludge
|turn|2
|
|detailschange|p1a: Aggron|Aggron-Mega, M
|message|Aggron has Mega Evolved into Mega Aggron!
|move|p2a: Bloodsugar|U-turn|p1a: Aggron
|-resisted|p1a: Aggron
|-damage|p1a: Aggron|304\/344
|
|switch|p2a: Short Bus|Slowbro, M|394\/394
|move|p1a: Aggron|Dragon Tail|p2a: Short Bus
|-damage|p2a: Short Bus|343\/394
|-damage|p1a: Aggron|247\/344|[from] item: Rocky Helmet|[of] p2a: Short Bus
|drag|p2a: Bloodsugar|Crobat, M|307\/311
|
|-heal|p2a: Bloodsugar|311\/311|[from] item: Black Sludge
|turn|3
|
|move|p2a: Bloodsugar|U-turn|p1a: Aggron
|-resisted|p1a: Aggron
|-damage|p1a: Aggron|232\/344
|
|switch|p2a: Short Bus|Slowbro, M|394\/394
|move|p1a: Aggron|Stealth Rock|p2a: Short Bus
|-sidestart|p2: Brock's Blue Balls|move: Stealth Rock
|
|turn|4
|
|switch|p1a: Mew|Mew|404\/404
|move|p2a: Short Bus|Scald|p1a: Mew
|-damage|p1a: Mew|340\/404
|-status|p1a: Mew|brn
|-status|p2a: Short Bus|brn
|
|-heal|p1a: Mew|365\/404 brn|[from] item: Leftovers
|-damage|p1a: Mew|315\/404 brn|[from] brn
|-damage|p2a: Short Bus|345\/394 brn|[from] brn
|turn|5
|
|switch|p2a: Dilly Dally Ghost|Sableye, F|301\/301
|-damage|p2a: Dilly Dally Ghost|264\/301|[from] Stealth Rock
|move|p1a: Mew|Knock Off|p2a: Dilly Dally Ghost
|-damage|p2a: Dilly Dally Ghost|213\/301
|-enditem|p2a: Dilly Dally Ghost|Leftovers|[from] move: Knock Off|[of] p1a: Mew
|
|-heal|p1a: Mew|340\/404 brn|[from] item: Leftovers
|-damage|p1a: Mew|290\/404 brn|[from] brn
|turn|6
|
|switch|p1a: Florges|Florges, F|360\/360
|move|p2a: Dilly Dally Ghost|Taunt|p1a: Florges
|-start|p1a: Florges|move: Taunt
|
|turn|7
|
|switch|p2a: Nidoking|Nidoking, M|303\/303
|-damage|p2a: Nidoking|285\/303|[from] Stealth Rock
|move|p1a: Florges|Moonblast|p2a: Nidoking
|-crit|p2a: Nidoking
|-resisted|p2a: Nidoking
|-damage|p2a: Nidoking|159\/303
|-unboost|p2a: Nidoking|spa|1
|
|turn|8
|chat|Brock's Blue Balls|crit drop. ok
|leave|BHARATH_THEBEST
|
|switch|p1a: Mew|Mew|290\/404 brn
|move|p2a: Nidoking|Sludge Wave|p1a: Mew
|-damage|p1a: Mew|181\/404 brn
|
|-heal|p1a: Mew|206\/404 brn|[from] item: Leftovers
|-damage|p1a: Mew|156\/404 brn|[from] brn
|turn|9
|chat|Phantom R|yeeeep, soz
|
|move|p2a: Nidoking|Megahorn|p1a: Mew
|-supereffective|p1a: Mew
|-damage|p1a: Mew|0 fnt
|-damage|p2a: Nidoking|129\/303|[from] item: Life Orb
|faint|p1a: Mew
|
|chat|Phantom R|ah mixed
|chat|Phantom R|nice
|
|switch|p1a: Blastoise|Blastoise, M|362\/362
|turn|10
|chat|Brock's Blue Balls|thanks
|
|switch|p2a: Freya|Florges, F|360\/360
|-damage|p2a: Freya|315\/360|[from] Stealth Rock
|move|p1a: Blastoise|Scald|p2a: Freya
|-damage|p2a: Freya|261\/360
|-status|p2a: Freya|brn
|
|-heal|p2a: Freya|283\/360 brn|[from] item: Leftovers
|-damage|p2a: Freya|238\/360 brn|[from] brn
|turn|11
|chat|Brock's Blue Balls|the things we have to do for mew
|chat|Brock's Blue Balls|lol so broken
|
|switch|p1a: Florges|Florges, F|360\/360
|move|p2a: Freya|Aromatherapy|p2a: Freya
|-cureteam|p2a: Freya|[from] move: Aromatherapy
|
|-heal|p2a: Freya|260\/360|[from] item: Leftovers
|turn|12
|chat|Phantom R|Should be tested for BL tbh
|
|switch|p2a: Bloodsugar|Crobat, M|311\/311
|-damage|p2a: Bloodsugar|234\/311|[from] Stealth Rock
|move|p1a: Florges|Wish|p1a: Florges
|
|-heal|p2a: Bloodsugar|253\/311|[from] item: Black Sludge
|turn|13
|chat|Brock's Blue Balls|truth
|chat|Phantom R|can literally play any role
|
|switch|p1a: Aggron|Aggron-Mega, M|232\/344
|move|p2a: Bloodsugar|Defog|p1a: Aggron
|-unboost|p1a: Aggron|evasion|1
|-sideend|p2: Brock's Blue Balls|Stealth Rock|[from] move: Defog|[of] p2a: Bloodsugar
|
|-heal|p1a: Aggron|344\/344|[from] move: Wish|[wisher] Florges
|-heal|p2a: Bloodsugar|272\/311|[from] item: Black Sludge
|turn|14
|chat|Brock's Blue Balls|and so hard to break
|
|move|p2a: Bloodsugar|U-turn|p1a: Aggron
|-resisted|p1a: Aggron
|-damage|p1a: Aggron|328\/344
|
|switch|p2a: Short Bus|Slowbro, M|394\/394
|move|p1a: Aggron|Heavy Slam|p2a: Short Bus
|-resisted|p2a: Short Bus
|-damage|p2a: Short Bus|316\/394
|-damage|p1a: Aggron|271\/344|[from] item: Rocky Helmet|[of] p2a: Short Bus
|
|turn|15
|chat|Phantom R|Still wondering how Doublade is still NU
|chat|Phantom R|I mean I get knock off is new meta
|chat|Phantom R|but ehh
|chat|Brock's Blue Balls|one of the best spin blockers i've been up against
|
|switch|p1a: Florges|Florges, F|360\/360
|move|p2a: Short Bus|Scald|p1a: Florges
|-crit|p1a: Florges
|-damage|p1a: Florges|290\/360
|
|-heal|p1a: Florges|312\/360|[from] item: Leftovers
|turn|16
|chat|Phantom R|Florges\/Doublade core is so lovely in this tier
|
|move|p1a: Florges|Toxic|p2a: Short Bus
|-status|p2a: Short Bus|tox
|move|p2a: Short Bus|Calm Mind|p2a: Short Bus
|-boost|p2a: Short Bus|spa|1
|-boost|p2a: Short Bus|spd|1
|
|-heal|p1a: Florges|334\/360|[from] item: Leftovers
|-damage|p2a: Short Bus|292\/394 tox|[from] psn
|turn|17
|chat|Brock's Blue Balls|i'll have to try that
|
|switch|p2a: Freya|Florges, F|260\/360
|move|p1a: Florges|Wish|p1a: Florges
|
|-heal|p2a: Freya|282\/360|[from] item: Leftovers
|-heal|p1a: Florges|356\/360|[from] item: Leftovers
|turn|18
|
|switch|p1a: Aggron|Aggron-Mega, M|271\/344
|move|p2a: Freya|Aromatherapy|p2a: Freya
|-cureteam|p2a: Freya|[from] move: Aromatherapy
|
|-heal|p1a: Aggron|344\/344|[from] move: Wish|[wisher] Florges
|-heal|p2a: Freya|304\/360|[from] item: Leftovers
|turn|19
|
|move|p2a: Freya|Wish|p2a: Freya
|move|p1a: Aggron|Stealth Rock|p2a: Freya
|-sidestart|p2: Brock's Blue Balls|move: Stealth Rock
|
|-heal|p2a: Freya|326\/360|[from] item: Leftovers
|turn|20
|chat|Phantom R|Trying out Aggron over blade, it's alright but at the same time it's meh
|
|switch|p2a: Short Bus|Slowbro, M|394\/394
|-damage|p2a: Short Bus|345\/394|[from] Stealth Rock
|move|p1a: Aggron|Heavy Slam|p2a: Short Bus
|-resisted|p2a: Short Bus
|-damage|p2a: Short Bus|261\/394
|-damage|p1a: Aggron|287\/344|[from] item: Rocky Helmet|[of] p2a: Short Bus
|
|-heal|p2a: Short Bus|394\/394|[from] move: Wish|[wisher] Freya
|turn|21
|chat|Brock's Blue Balls|yeah i've never had much luck with mega aggron
|
|switch|p1a: Florges|Florges, F|356\/360
|move|p2a: Short Bus|Scald|p1a: Florges
|-damage|p1a: Florges|304\/360
|-status|p1a: Florges|brn
|
|-heal|p1a: Florges|326\/360 brn|[from] item: Leftovers
|-damage|p1a: Florges|281\/360 brn|[from] brn
|turn|22
|chat|Phantom R|Prevented Honch sweeps for me but that's it
|
|switch|p2a: Freya|Florges, F|326\/360
|-damage|p2a: Freya|281\/360|[from] Stealth Rock
|move|p1a: Florges|Wish|p1a: Florges
|
|-heal|p1a: Florges|303\/360 brn|[from] item: Leftovers
|-heal|p2a: Freya|303\/360|[from] item: Leftovers
|-damage|p1a: Florges|258\/360 brn|[from] brn
|turn|23
|chat|Brock's Blue Balls|ehh but honch is easy to play around as is
|
|move|p1a: Florges|Aromatherapy|p1a: Florges
|-cureteam|p1a: Florges|[from] move: Aromatherapy
|move|p2a: Freya|Wish|p2a: Freya
|
|-heal|p1a: Florges|360\/360|[from] move: Wish|[wisher] Florges
|-heal|p2a: Freya|325\/360|[from] item: Leftovers
|turn|24
|chat|Phantom R|Truth
|chat|Brock's Blue Balls|ah so no protect. i see
|chat|Phantom R|mhm
|
|switch|p2a: Nidoking|Nidoking, M|129\/303
|-damage|p2a: Nidoking|111\/303|[from] Stealth Rock
|move|p1a: Florges|Toxic|p2a: Nidoking
|-fail|p2a: Nidoking
|
|-heal|p2a: Nidoking|291\/303|[from] move: Wish|[wisher] Freya
|turn|25
|chat|Brock's Blue Balls|that is a fine line you walk sir
|
|switch|p1a: Crobat|Crobat, M|374\/374
|move|p2a: Nidoking|Sludge Wave|p1a: Crobat
|-resisted|p1a: Crobat
|-damage|p1a: Crobat|245\/374
|
|-heal|p1a: Crobat|268\/374|[from] item: Black Sludge
|turn|26
|chat|Phantom R|Yeah wish protect is lovely and all but  needed more toxic on this team
|chat|Brock's Blue Balls|yeah that is good to have. but protect is so good for scouting choice pokes that want to come in on you. i'm looking at you, victini and darmanitan
|
|move|p1a: Crobat|Brave Bird|p2a: Nidoking
|-damage|p2a: Nidoking|134\/303
|-damage|p1a: Crobat|216\/374|[from] recoil|[of] p2a: Nidoking
|move|p2a: Nidoking|Ice Beam|p1a: Crobat
|-supereffective|p1a: Crobat
|-damage|p1a: Crobat|0 fnt
|faint|p1a: Crobat
|
|
|switch|p1a: Blastoise|Blastoise, M|362\/362
|turn|27
|
|switch|p2a: Freya|Florges, F|325\/360
|-damage|p2a: Freya|280\/360|[from] Stealth Rock
|move|p1a: Blastoise|Scald|p2a: Freya
|-damage|p2a: Freya|222\/360
|-status|p2a: Freya|brn
|
|-heal|p2a: Freya|244\/360 brn|[from] item: Leftovers
|-damage|p2a: Freya|199\/360 brn|[from] brn
|turn|28
|chat|Brock's Blue Balls|the burns are flowing today lol
|
|move|p1a: Blastoise|Scald|p2a: Freya
|-damage|p2a: Freya|136\/360 brn
|move|p2a: Freya|Aromatherapy|p2a: Freya
|-cureteam|p2a: Freya|[from] move: Aromatherapy
|
|-heal|p2a: Freya|158\/360|[from] item: Leftovers
|turn|29
|chat|Phantom R|Tini and Darmy get so annoying after seeing them for the hundredth time xD
|chat|Phantom R|I actually run counter on this thing for U-turns (think Counter chansey in ubers for Darmy and Tini)
|
|move|p1a: Blastoise|Scald|p2a: Freya
|-crit|p2a: Freya
|-damage|p2a: Freya|77\/360
|-status|p2a: Freya|brn
|move|p2a: Freya|Wish|p2a: Freya
|
|-heal|p2a: Freya|99\/360 brn|[from] item: Leftovers
|-damage|p2a: Freya|54\/360 brn|[from] brn
|turn|30
|
|switch|p1a: Machamp|Machamp, F|383\/383
|move|p2a: Freya|Protect|p2a: Freya
|-fail|p2a: Freya
|
|-heal|p2a: Freya|234\/360 brn|[from] move: Wish|[wisher] Freya
|-heal|p2a: Freya|256\/360 brn|[from] item: Leftovers
|-damage|p2a: Freya|211\/360 brn|[from] brn
|turn|31
|
|switch|p2a: Dilly Dally Ghost|Sableye, F|213\/301
|-damage|p2a: Dilly Dally Ghost|176\/301|[from] Stealth Rock
|switch|p1a: Florges|Florges, F|360\/360
|
|turn|32
|chat|Brock's Blue Balls|forreal. darmy is so much more scary to me. especially the life orb set that can bluff band
|chat|Brock's Blue Balls|ooh that's interesting. didnt even know stoise got counter
|
|switch|p2a: Bloodsugar|Crobat, M|272\/311
|-damage|p2a: Bloodsugar|195\/311|[from] Stealth Rock
|move|p1a: Florges|Moonblast|p2a: Bloodsugar
|-resisted|p2a: Bloodsugar
|-damage|p2a: Bloodsugar|123\/311
|
|-heal|p2a: Bloodsugar|142\/311|[from] item: Black Sludge
|turn|33
|chat|Phantom R|I've seen it paired up sunny day memento Whism, scary crap
|
|switch|p1a: Blastoise|Blastoise, M|362\/362
|move|p2a: Bloodsugar|Defog|p1a: Blastoise
|-unboost|p1a: Blastoise|evasion|1
|-sideend|p2: Brock's Blue Balls|Stealth Rock|[from] move: Defog|[of] p2a: Bloodsugar
|
|-heal|p2a: Bloodsugar|161\/311|[from] item: Black Sludge
|turn|34
|
|move|p2a: Bloodsugar|U-turn|p1a: Blastoise
|-crit|p1a: Blastoise
|-damage|p1a: Blastoise|292\/362
|
|switch|p2a: Dilly Dally Ghost|Sableye, F|176\/301
|move|p1a: Blastoise|Scald|p2a: Dilly Dally Ghost
|-damage|p2a: Dilly Dally Ghost|103\/301
|
|-heal|p1a: Blastoise|314\/362|[from] item: Leftovers
|turn|35
|
|move|p2a: Dilly Dally Ghost|Recover|p2a: Dilly Dally Ghost
|-heal|p2a: Dilly Dally Ghost|254\/301
|move|p1a: Blastoise|Dragon Tail|p2a: Dilly Dally Ghost
|-damage|p2a: Dilly Dally Ghost|214\/301
|drag|p2a: Nidoking|Nidoking, M|134\/303
|
|-heal|p1a: Blastoise|336\/362|[from] item: Leftovers
|turn|36
|
|switch|p2a: Short Bus|Slowbro, M|394\/394
|move|p1a: Blastoise|Scald|p2a: Short Bus
|-resisted|p2a: Short Bus
|-damage|p2a: Short Bus|342\/394
|-status|p2a: Short Bus|brn
|
|-heal|p1a: Blastoise|358\/362|[from] item: Leftovers
|-damage|p2a: Short Bus|293\/394 brn|[from] brn
|turn|37
|
|switch|p1a: Florges|Florges, F|360\/360
|move|p2a: Short Bus|Scald|p1a: Florges
|-damage|p1a: Florges|314\/360
|
|-heal|p1a: Florges|336\/360|[from] item: Leftovers
|-damage|p2a: Short Bus|244\/394 brn|[from] brn
|turn|38
|chat|Brock's Blue Balls|yikes that is scary
|
|move|p1a: Florges|Wish|p1a: Florges
|move|p2a: Short Bus|Calm Mind|p2a: Short Bus
|-boost|p2a: Short Bus|spa|1
|-boost|p2a: Short Bus|spd|1
|
|-heal|p1a: Florges|358\/360|[from] item: Leftovers
|-damage|p2a: Short Bus|195\/394 brn|[from] brn
|turn|39
|
|switch|p1a: Machamp|Machamp, F|383\/383
|move|p2a: Short Bus|Slack Off|p2a: Short Bus
|-heal|p2a: Short Bus|392\/394 brn
|
|-damage|p2a: Short Bus|343\/394 brn|[from] brn
|turn|40
|
|move|p1a: Machamp|Knock Off|p2a: Short Bus
|-supereffective|p2a: Short Bus
|-damage|p2a: Short Bus|157\/394 brn
|-damage|p1a: Machamp|320\/383|[from] item: Rocky Helmet|[of] p2a: Short Bus
|-enditem|p2a: Short Bus|Rocky Helmet|[from] move: Knock Off|[of] p1a: Machamp
|move|p2a: Short Bus|Psyshock|p1a: Machamp
|-supereffective|p1a: Machamp
|-damage|p1a: Machamp|0 fnt
|faint|p1a: Machamp
|
|-damage|p2a: Short Bus|108\/394 brn|[from] brn
|
|switch|p1a: Florges|Florges, F|358\/360
|turn|41
|chat|Brock's Blue Balls|were you av?
|
|switch|p2a: Bloodsugar|Crobat, M|161\/311
|move|p1a: Florges|Moonblast|p2a: Bloodsugar
|-resisted|p2a: Bloodsugar
|-damage|p2a: Bloodsugar|83\/311
|-unboost|p2a: Bloodsugar|spa|1
|
|-heal|p2a: Bloodsugar|102\/311|[from] item: Black Sludge
|-heal|p1a: Florges|360\/360|[from] item: Leftovers
|turn|42
|chat|Phantom R|Nah, sub leftes
|chat|Phantom R|plus Psy hits defense anyways
|
|move|p2a: Bloodsugar|Roost|p2a: Bloodsugar
|-heal|p2a: Bloodsugar|258\/311
|move|p1a: Florges|Moonblast|p2a: Bloodsugar
|-resisted|p2a: Bloodsugar
|-damage|p2a: Bloodsugar|188\/311
|
|-heal|p2a: Bloodsugar|207\/311|[from] item: Black Sludge
|turn|43
|chat|Brock's Blue Balls|yeah i know.i was just curious. i've seen a lot of lum lately
|
|switch|p1a: Aggron|Aggron-Mega, M|287\/344
|move|p2a: Bloodsugar|Brave Bird|p1a: Aggron
|-crit|p1a: Aggron
|-resisted|p1a: Aggron
|-damage|p1a: Aggron|227\/344
|-damage|p2a: Bloodsugar|187\/311|[from] recoil|[of] p1a: Aggron
|
|-heal|p2a: Bloodsugar|206\/311|[from] item: Black Sludge
|turn|44
|chat|Phantom R|Probably counter mew
|chat|Brock's Blue Balls|no doubt
|
|move|p2a: Bloodsugar|U-turn|p1a: Aggron
|-resisted|p1a: Aggron
|-damage|p1a: Aggron|212\/344
|
|switch|p2a: Short Bus|Slowbro, M|239\/394 brn
|move|p1a: Aggron|Heavy Slam|p2a: Short Bus
|-resisted|p2a: Short Bus
|-damage|p2a: Short Bus|152\/394 brn
|
|-damage|p2a: Short Bus|103\/394 brn|[from] brn
|turn|45
|
|switch|p2a: Dilly Dally Ghost|Sableye, F|214\/301
|move|p1a: Aggron|Earthquake|p2a: Dilly Dally Ghost
|-damage|p2a: Dilly Dally Ghost|44\/301
|
|turn|46
|
|move|p2a: Dilly Dally Ghost|Recover|p2a: Dilly Dally Ghost
|-heal|p2a: Dilly Dally Ghost|195\/301
|move|p1a: Aggron|Heavy Slam|p2a: Dilly Dally Ghost
|-damage|p2a: Dilly Dally Ghost|0 fnt
|faint|p2a: Dilly Dally Ghost
|
|
|switch|p2a: Nidoking|Nidoking, M|134\/303
|turn|47
|
|switch|p1a: Blastoise|Blastoise, M|358\/362
|move|p2a: Nidoking|Earth Power|p1a: Blastoise
|-crit|p1a: Blastoise
|-damage|p1a: Blastoise|49\/362
|
|-heal|p1a: Blastoise|71\/362|[from] item: Leftovers
|turn|48
|chat|Brock's Blue Balls|sry
|chat|Phantom R|No problem, revenge for all the burns xD
|
|move|p2a: Nidoking|Sludge Wave|p1a: Blastoise
|-damage|p1a: Blastoise|0 fnt
|faint|p1a: Blastoise
|
|
|switch|p1a: Florges|Florges, F|360\/360
|turn|49
|
|move|p2a: Nidoking|Sludge Wave|p1a: Florges
|-supereffective|p1a: Florges
|-damage|p1a: Florges|116\/360
|move|p1a: Florges|Moonblast|p2a: Nidoking
|-resisted|p2a: Nidoking
|-damage|p2a: Nidoking|46\/303
|
|-heal|p1a: Florges|138\/360|[from] item: Leftovers
|turn|50
|chat|Phantom R|and the crit drop
|chat|Brock's Blue Balls|lol
|chat|Phantom R|gg I believe
|
|move|p2a: Nidoking|Sludge Wave|p1a: Florges
|-supereffective|p1a: Florges
|-damage|p1a: Florges|0 fnt
|faint|p1a: Florges
|
|chat|Brock's Blue Balls|gg sir
|
|switch|p1a: Aggron|Aggron-Mega, M|212\/344
|turn|51
|
|move|p2a: Nidoking|Earth Power|p1a: Aggron
|-supereffective|p1a: Aggron
|-damage|p1a: Aggron|0 fnt
|faint|p1a: Aggron
|
|win|Brock's Blue Balls
|raw|Ladder updating...
|raw|Phantom R's rating: 1486 &rarr; <strong>1468<\/strong><br \/>(-18 for losing)
|raw|Brock&apos;s Blue Balls's rating: 1516 &rarr; <strong>1534<\/strong><br \/>(+18 for winning)
|chat|Phantom R|yep
|chat|Phantom R|gg
|chat|Brock's Blue Balls|nice sets man
|chat|Brock's Blue Balls|gg
|chat|Phantom R|thanks
|leave|Phantom R
|player|p1