|join|Brock's Blue Balls
|join|hades666
|player|p1|Brock's Blue Balls|154
|player|p2|hades666|102
|gametype|singles
|gen|6
|tier|UU
|rated
|rule|Sleep Clause Mod: Limit one foe put to sleep
|rule|Species Clause: Limit one of each Pokemon
|rule|OHKO Clause: OHKO moves are banned
|rule|Moody Clause: Moody is banned
|rule|Evasion Moves Clause: Evasion moves are banned
|rule|Endless Battle Clause: Forcing endless battles is banned.
|rule|HP Percentage Mod: HP is reported as percentages
|clearpoke
|poke|p1|Hydreigon, M
|poke|p1|Magnezone, shiny
|poke|p1|Florges, F
|poke|p1|Nidoqueen, F
|poke|p1|Victini, shiny
|poke|p1|Forretress, F, shiny
|poke|p2|Florges, F
|poke|p2|Blastoise, M
|poke|p2|Rhyperior, M
|poke|p2|Kyurem, shiny
|poke|p2|Mienshao, M
|poke|p2|Victini
|teampreview
|chat|Brock's Blue Balls|shiny kyurem looks cool
|
|start
|switch|p1a: Hydra|Hydreigon, M|325\/325
|switch|p2a: Victini|Victini|342\/342
|turn|1
|chat|hades666|yeah it does
|chat|hades666|wasnt that thing bl?
|
|move|p2a: Victini|U-turn|p1a: Hydra
|-supereffective|p1a: Hydra
|-damage|p1a: Hydra|163\/325
|
|switch|p2a: Florges|Florges, F|359\/359
|move|p1a: Hydra|U-turn|p2a: Florges
|-resisted|p2a: Florges
|-damage|p2a: Florges|333\/359
|chat|Brock's Blue Balls|yeah it moved down
|chat|hades666|why?
|chat|Brock's Blue Balls|testing it for uu i suppose
|
|switch|p1a: Chick Magnet|Magnezone, shiny|344\/344
|
|-heal|p2a: Florges|355\/359|[from] item: Leftovers
|turn|2
|
|move|p2a: Florges|Protect|p2a: Florges
|-singleturn|p2a: Florges|Protect
|move|p1a: Chick Magnet|Flash Cannon|p2a: Florges
|-activate|p2a: Florges|Protect
|
|-heal|p2a: Florges|359\/359|[from] item: Leftovers
|turn|3
|
|switch|p2a: Victini|Victini|342\/342
|move|p1a: Chick Magnet|Flash Cannon|p2a: Victini
|-resisted|p2a: Victini
|-damage|p2a: Victini|191\/342
|
|turn|4
|
|switch|p1a: Old Tobey|Victini, shiny|341\/341
|move|p2a: Victini|U-turn|p1a: Old Tobey
|-damage|p1a: Old Tobey|270\/341
|
|switch|p2a: Rhyperior|Rhyperior, M|430\/430
|
|turn|5
|
|move|p1a: Old Tobey|U-turn|p2a: Rhyperior
|-damage|p2a: Rhyperior|347\/430
|
|switch|p1a: Walnut|Forretress, F, shiny|354\/354
|move|p2a: Rhyperior|Earthquake|p1a: Walnut
|-damage|p1a: Walnut|257\/354
|
|-heal|p2a: Rhyperior|373\/430|[from] item: Leftovers
|-heal|p1a: Walnut|279\/354|[from] item: Leftovers
|turn|6
|
|move|p2a: Rhyperior|Earthquake|p1a: Walnut
|-damage|p1a: Walnut|179\/354
|move|p1a: Walnut|Toxic|p2a: Rhyperior
|-status|p2a: Rhyperior|tox
|
|-heal|p2a: Rhyperior|399\/430 tox|[from] item: Leftovers
|-heal|p1a: Walnut|201\/354|[from] item: Leftovers
|-damage|p2a: Rhyperior|373\/430 tox|[from] psn
|turn|7
|
|move|p2a: Rhyperior|Earthquake|p1a: Walnut
|-damage|p1a: Walnut|98\/354
|move|p1a: Walnut|Spikes|p2a: Rhyperior
|-sidestart|p2: hades666|Spikes
|
|-heal|p2a: Rhyperior|399\/430 tox|[from] item: Leftovers
|-heal|p1a: Walnut|120\/354|[from] item: Leftovers
|-damage|p2a: Rhyperior|347\/430 tox|[from] psn
|turn|8
|
|switch|p2a: Mienshao|Mienshao, M|271\/271
|-damage|p2a: Mienshao|238\/271|[from] Spikes
|switch|p1a: Hydra|Hydreigon, M|163\/325
|
|turn|9
|
|switch|p2a: Florges|Florges, F|359\/359
|-damage|p2a: Florges|315\/359|[from] Spikes
|move|p1a: Hydra|U-turn|p2a: Florges
|-resisted|p2a: Florges
|-damage|p2a: Florges|291\/359
|
|switch|p1a: Athena|Nidoqueen, F|353\/353
|
|-heal|p2a: Florges|313\/359|[from] item: Leftovers
|turn|10
|
|switch|p2a: Kyurem|Kyurem, shiny|392\/392
|-damage|p2a: Kyurem|343\/392|[from] Spikes
|-ability|p2a: Kyurem|Pressure
|move|p1a: Athena|Stealth Rock|p2a: Kyurem
|-sidestart|p2: hades666|move: Stealth Rock
|
|turn|11
|
|switch|p1a: Florges|Florges, F|360\/360
|move|p2a: Kyurem|Flash Cannon|p1a: Florges
|-supereffective|p1a: Florges
|-damage|p1a: Florges|132\/360
|
|-heal|p1a: Florges|154\/360|[from] item: Leftovers
|turn|12
|chat|hades666|yay
|
|switch|p2a: Blastoise|Blastoise, M|362\/362
|-damage|p2a: Blastoise|317\/362|[from] Spikes
|-damage|p2a: Blastoise|272\/362|[from] Stealth Rock
|switch|p1a: Chick Magnet|Magnezone, shiny|344\/344
|
|turn|13
|
|-formechange|p2a: Blastoise|Blastoise-Mega
|message|Blastoise has Mega Evolved into Mega Blastoise!
|move|p2a: Blastoise|Aura Sphere|p1a: Chick Magnet
|-supereffective|p1a: Chick Magnet
|-damage|p1a: Chick Magnet|72\/344
|move|p1a: Chick Magnet|Volt Switch|p2a: Blastoise
|-supereffective|p2a: Blastoise
|-damage|p2a: Blastoise|0 fnt
|faint|p2a: Blastoise
|chat|hades666|i cant believe it
|
|switch|p1a: Florges|Florges, F|154\/360
|
|-heal|p1a: Florges|176\/360|[from] item: Leftovers
|chat|hades666|im so dumb
|
|switch|p2a: Kyurem|Kyurem, shiny|343\/392
|-damage|p2a: Kyurem|245\/392|[from] Stealth Rock
|-damage|p2a: Kyurem|196\/392|[from] Spikes
|-ability|p2a: Kyurem|Pressure
|turn|14
|
|move|p1a: Florges|Protect|p1a: Florges
|-singleturn|p1a: Florges|Protect
|move|p2a: Kyurem|Ice Beam|p1a: Florges
|-activate|p1a: Florges|Protect
|
|-heal|p1a: Florges|198\/360|[from] item: Leftovers
|turn|15
|-message|hades666 forfeited.
|
|win|Brock's Blue Balls
|raw|Ladder updating...
|leave|hades666
|player|p2
|chat|Brock's Blue Balls|no spin for you ;)
|raw|Brock&apos;s Blue Balls's rating: 1579 &rarr; <strong>1589<\/strong><br \/>(+10 for winning)
|raw|hades666's rating: 1391 &rarr; <strong>1381<\/strong><br \/>(-10 for losing)