|join|ULT Bluwing
|join|Brock's Blue Balls
|player|p1|ULT Bluwing|99
|player|p2|Brock's Blue Balls|154
|gametype|singles
|gen|6
|tier|UU
|rated
|rule|Sleep Clause Mod: Limit one foe put to sleep
|rule|Species Clause: Limit one of each PokÃ©mon
|rule|OHKO Clause: OHKO moves are banned
|rule|Moody Clause: Moody is banned
|rule|Evasion Moves Clause: Evasion moves are banned
|rule|Endless Battle Clause: Forcing endless battles is banned
|rule|HP Percentage Mod: HP is shown in percentages
|clearpoke
|poke|p1|Froslass, F
|poke|p1|Sableye, M
|poke|p1|Swampert, M
|poke|p1|Lucario, M, shiny
|poke|p1|Jirachi
|poke|p1|Hydreigon, M
|poke|p2|Feraligatr, M
|poke|p2|Darmanitan, F
|poke|p2|Abomasnow, M, shiny
|poke|p2|Alomomola, F
|poke|p2|Gligar, F
|poke|p2|Blissey, F
|rule|Swagger Clause: Swagger is banned
|rule|Baton Pass Clause: Limit one PokÃ©mon knowing Baton Pass
|teampreview
|
|start
|switch|p1a: Froslass|Froslass, F|282\/282
|switch|p2a: Darmaniman|Darmanitan, F|351\/351
|turn|1
|
|move|p2a: Darmaniman|U-turn|p1a: Froslass
|-resisted|p1a: Froslass
|-damage|p1a: Froslass|226\/282
|
|switch|p2a: King K. Rool|Feraligatr, M|311\/311
|move|p1a: Froslass|Spikes|p2a: King K. Rool
|-sidestart|p2: Brock's Blue Balls|Spikes
|
|turn|2
|
|move|p1a: Froslass|Taunt|p2a: King K. Rool
|-start|p2a: King K. Rool|move: Taunt
|move|p2a: King K. Rool|Waterfall|p1a: Froslass
|-damage|p1a: Froslass|54\/282
|
|turn|3
|
|switch|p1a: Swampert|Swampert, M|404\/404
|move|p2a: King K. Rool|Aqua Jet|p1a: Swampert
|-damage|p1a: Swampert|350\/404
|
|-heal|p1a: Swampert|375\/404|[from] item: Leftovers
|turn|4
|
|switch|p2a: Gligar|Gligar, F|333\/333
|move|p1a: Swampert|Stealth Rock|p2a: Gligar
|-sidestart|p2: Brock's Blue Balls|move: Stealth Rock
|
|-heal|p1a: Swampert|400\/404|[from] item: Leftovers
|turn|5
|
|move|p2a: Gligar|Defog|p1a: Swampert
|-unboost|p1a: Swampert|evasion|1
|-sideend|p2: Brock's Blue Balls|Spikes|[from] move: Defog|[of] p2a: Gligar
|-sideend|p2: Brock's Blue Balls|Stealth Rock|[from] move: Defog|[of] p2a: Gligar
|move|p1a: Swampert|Scald|p2a: Gligar
|-supereffective|p2a: Gligar
|-damage|p2a: Gligar|183\/333
|-status|p2a: Gligar|brn
|
|-heal|p1a: Swampert|404\/404|[from] item: Leftovers
|-damage|p2a: Gligar|142\/333 brn|[from] brn
|turn|6
|
|move|p2a: Gligar|U-turn|p1a: Swampert
|-damage|p1a: Swampert|387\/404
|
|switch|p2a: Scrooge|Abomasnow, M, shiny|383\/383
|-weather|Hail
|move|p1a: Swampert|Stealth Rock|p2a: Scrooge
|-sidestart|p2: Brock's Blue Balls|move: Stealth Rock
|
|-weather|Hail|[upkeep]
|-damage|p1a: Swampert|362\/404|[from] hail
|-heal|p1a: Swampert|387\/404|[from] item: Leftovers
|turn|7
|
|switch|p1a: Jirachi|Jirachi|404\/404
|detailschange|p2a: Scrooge|Abomasnow-Mega, M, shiny
|message|Abomasnow has Mega Evolved into Mega Abomasnow!
|move|p2a: Scrooge|Earthquake|p1a: Jirachi
|-supereffective|p1a: Jirachi
|-damage|p1a: Jirachi|126\/404
|
|-weather|Hail|[upkeep]
|-damage|p1a: Jirachi|101\/404|[from] hail
|-heal|p1a: Jirachi|126\/404|[from] item: Leftovers
|turn|8
|chat|ULT Bluwing|i fuckin love maboma
|chat|ULT Bluwing|shiny is best :]
|chat|Brock's Blue Balls|ofc. so versatil
|chat|Brock's Blue Balls|versatile*
|chat|ULT Bluwing|it's fucking great
|
|switch|p2a: Clit|Alomomola, F|471\/471
|-damage|p2a: Clit|413\/471|[from] Stealth Rock
|move|p1a: Jirachi|Fire Punch|p2a: Clit
|-resisted|p2a: Clit
|-damage|p2a: Clit|385\/471
|-damage|p1a: Jirachi|59\/404|[from] item: Rocky Helmet|[of] p2a: Clit
|
|-weather|Hail|[upkeep]
|-damage|p1a: Jirachi|34\/404|[from] hail
|-damage|p2a: Clit|356\/471|[from] hail
|-heal|p1a: Jirachi|59\/404|[from] item: Leftovers
|turn|9
|chat|ULT Bluwing|lmao
|chat|ULT Bluwing|nickname
|
|move|p1a: Jirachi|Toxic|p2a: Clit
|-status|p2a: Clit|tox
|move|p2a: Clit|Scald|p1a: Jirachi
|-damage|p1a: Jirachi|13\/404
|
|-weather|Hail|[upkeep]
|-damage|p1a: Jirachi|0 fnt|[from] hail
|-damage|p2a: Clit|327\/471 tox|[from] hail
|-damage|p2a: Clit|298\/471 tox|[from] psn
|faint|p1a: Jirachi
|chat|Brock's Blue Balls|:P
|
|switch|p1a: Froslass|Froslass, F|54\/282
|turn|10
|
|move|p1a: Froslass|Spikes|p2a: Clit
|-sidestart|p2: Brock's Blue Balls|Spikes
|move|p2a: Clit|Scald|p1a: Froslass
|-damage|p1a: Froslass|0 fnt
|faint|p1a: Froslass
|
|-weather|none
|-damage|p2a: Clit|240\/471 tox|[from] psn
|
|switch|p1a: Lucario|Lucario, M, shiny|281\/281
|turn|11
|
|move|p1a: Lucario|Swords Dance|p1a: Lucario
|-boost|p1a: Lucario|atk|2
|move|p2a: Clit|Scald|p1a: Lucario
|-damage|p1a: Lucario|218\/281
|
|-damage|p2a: Clit|153\/471 tox|[from] psn
|turn|12
|
|move|p1a: Lucario|Close Combat|p2a: Clit
|-damage|p2a: Clit|0 fnt
|-damage|p1a: Lucario|172\/281|[from] item: Rocky Helmet|[of] p2a: Clit
|-unboost|p1a: Lucario|def|1
|-unboost|p1a: Lucario|spd|1
|-damage|p1a: Lucario|144\/281|[from] item: Life Orb
|faint|p2a: Clit
|
|
|switch|p2a: King K. Rool|Feraligatr, M|311\/311
|-damage|p2a: King K. Rool|273\/311|[from] Stealth Rock
|-damage|p2a: King K. Rool|235\/311|[from] Spikes
|turn|13
|
|switch|p1a: Swampert|Swampert, M|387\/404
|move|p2a: King K. Rool|Aqua Jet|p1a: Swampert
|-damage|p1a: Swampert|332\/404
|
|-heal|p1a: Swampert|357\/404|[from] item: Leftovers
|turn|14
|
|move|p2a: King K. Rool|Swords Dance|p2a: King K. Rool
|-boost|p2a: King K. Rool|atk|2
|move|p1a: Swampert|Roar|p2a: King K. Rool
|drag|p2a: Scrooge|Abomasnow-Mega, M, shiny|383\/383
|-damage|p2a: Scrooge|288\/383|[from] Stealth Rock
|-damage|p2a: Scrooge|241\/383|[from] Spikes
|-weather|Hail
|
|-weather|Hail|[upkeep]
|-damage|p1a: Swampert|332\/404|[from] hail
|-heal|p1a: Swampert|357\/404|[from] item: Leftovers
|turn|15
|
|switch|p1a: Sableye|Sableye, M|304\/304
|move|p2a: Scrooge|Seed Bomb|p1a: Sableye
|-damage|p1a: Sableye|102\/304
|
|-weather|Hail|[upkeep]
|-damage|p1a: Sableye|83\/304|[from] hail
|-heal|p1a: Sableye|102\/304|[from] item: Leftovers
|turn|16
|
|move|p1a: Sableye|Will-O-Wisp|p2a: Scrooge|[miss]
|-miss|p1a: Sableye|p2a: Scrooge
|move|p2a: Scrooge|Seed Bomb|p1a: Sableye
|-damage|p1a: Sableye|0 fnt
|faint|p1a: Sableye
|
|-weather|Hail|[upkeep]
|chat|ULT Bluwing|ouch
|
|switch|p1a: Lucario|Lucario, M, shiny|144\/281
|turn|17
|
|switch|p2a: Darmaniman|Darmanitan, F|351\/351
|-damage|p2a: Darmaniman|308\/351|[from] Spikes
|-damage|p2a: Darmaniman|221\/351|[from] Stealth Rock
|move|p1a: Lucario|Close Combat|p2a: Darmaniman
|-damage|p2a: Darmaniman|0 fnt
|-unboost|p1a: Lucario|def|1
|-unboost|p1a: Lucario|spd|1
|-damage|p1a: Lucario|116\/281|[from] item: Life Orb
|faint|p2a: Darmaniman
|
|-weather|Hail|[upkeep]
|-damage|p1a: Lucario|99\/281|[from] hail
|
|switch|p2a: Gligar|Gligar, F|142\/333 brn
|-damage|p2a: Gligar|101\/333 brn|[from] Stealth Rock
|turn|18
|
|move|p1a: Lucario|Crunch|p2a: Gligar
|-damage|p2a: Gligar|44\/333 brn
|-damage|p1a: Lucario|71\/281|[from] item: Life Orb
|move|p2a: Gligar|Defog|p1a: Lucario
|-unboost|p1a: Lucario|evasion|1
|-sideend|p2: Brock's Blue Balls|Spikes|[from] move: Defog|[of] p2a: Gligar
|-sideend|p2: Brock's Blue Balls|Stealth Rock|[from] move: Defog|[of] p2a: Gligar
|
|-weather|none
|-damage|p2a: Gligar|3\/333 brn|[from] brn
|turn|19
|
|move|p1a: Lucario|Crunch|p2a: Gligar
|-damage|p2a: Gligar|0 fnt
|-damage|p1a: Lucario|43\/281|[from] item: Life Orb
|faint|p2a: Gligar
|
|
|switch|p2a: King K. Rool|Feraligatr, M|235\/311
|turn|20
|chat|Brock's Blue Balls|i do have heal bell so idk how much burn miss mattered
|
|switch|p1a: Hydreigon|Hydreigon, M|325\/325
|move|p2a: King K. Rool|Aqua Jet|p1a: Hydreigon
|-resisted|p1a: Hydreigon
|-damage|p1a: Hydreigon|287\/325
|
|turn|21
|chat|ULT Bluwing|it's annoying because now it's bigger threath
|
|move|p1a: Hydreigon|U-turn|p2a: King K. Rool
|-damage|p2a: King K. Rool|188\/311
|chat|Brock's Blue Balls|sableye would have still died. but swampy's life would have been easier
|
|switch|p1a: Swampert|Swampert, M|357\/404
|move|p2a: King K. Rool|Return|p1a: Swampert
|-damage|p1a: Swampert|268\/404
|
|-heal|p1a: Swampert|293\/404|[from] item: Leftovers
|turn|22
|
|move|p2a: King K. Rool|Swords Dance|p2a: King K. Rool
|-boost|p2a: King K. Rool|atk|2
|move|p1a: Swampert|Earthquake|p2a: King K. Rool
|-damage|p2a: King K. Rool|58\/311
|
|-heal|p1a: Swampert|318\/404|[from] item: Leftovers
|turn|23
|
|move|p2a: King K. Rool|Waterfall|p1a: Swampert
|-damage|p1a: Swampert|2\/404
|move|p1a: Swampert|Earthquake|p2a: King K. Rool
|-crit|p2a: King K. Rool
|-damage|p2a: King K. Rool|0 fnt
|faint|p2a: King K. Rool
|
|-heal|p1a: Swampert|27\/404|[from] item: Leftovers
|
|switch|p2a: Scrooge|Abomasnow-Mega, M, shiny|241\/383
|-weather|Hail
|turn|24
|
|move|p1a: Swampert|Scald|p2a: Scrooge
|-resisted|p2a: Scrooge
|-damage|p2a: Scrooge|181\/383
|move|p2a: Scrooge|Swords Dance|p2a: Scrooge
|-boost|p2a: Scrooge|atk|2
|
|-weather|Hail|[upkeep]
|-damage|p1a: Swampert|2\/404|[from] hail
|-heal|p1a: Swampert|27\/404|[from] item: Leftovers
|turn|25
|
|move|p2a: Scrooge|Ice Shard|p1a: Swampert
|-damage|p1a: Swampert|0 fnt
|faint|p1a: Swampert
|
|-weather|Hail|[upkeep]
|
|switch|p1a: Hydreigon|Hydreigon, M|287\/325
|turn|26
|
|move|p2a: Scrooge|Ice Shard|p1a: Hydreigon
|-supereffective|p1a: Hydreigon
|-damage|p1a: Hydreigon|0 fnt
|faint|p1a: Hydreigon
|
|-weather|Hail|[upkeep]
|
|switch|p1a: Lucario|Lucario, M, shiny|43\/281
|turn|27
|
|move|p1a: Lucario|Extreme Speed|p2a: Scrooge
|-damage|p2a: Scrooge|74\/383
|-damage|p1a: Lucario|15\/281|[from] item: Life Orb
|move|p2a: Scrooge|Ice Shard|p1a: Lucario
|-resisted|p1a: Lucario
|-damage|p1a: Lucario|0 fnt
|faint|p1a: Lucario
|
|win|Brock's Blue Balls
|raw|Ladder updating...
|chat|Brock's Blue Balls|gg
|raw|ULT Bluwing's rating: 1730 &rarr; <strong>1699<\/strong><br \/>(-31 for losing)
|raw|Brock&apos;s Blue Balls's rating: 1519 &rarr; <strong>1550<\/strong><br \/>(+31 for winning)
|chat|ULT Bluwing|gg