|join|Brock's Blue Balls
|join|Waffle Legos
|player|p1|Brock's Blue Balls|154
|player|p2|Waffle Legos|2
|gametype|singles
|gen|6
|tier|UU
|rated
|rule|Sleep Clause Mod: Limit one foe put to sleep
|rule|Species Clause: Limit one of each Pokemon
|rule|OHKO Clause: OHKO moves are banned
|rule|Moody Clause: Moody is banned
|rule|Evasion Moves Clause: Evasion moves are banned
|rule|Endless Battle Clause: Forcing endless battles is banned
|rule|HP Percentage Mod: HP is reported as percentages
|clearpoke
|poke|p1|Nidoqueen, F
|poke|p1|Mew
|poke|p1|Slowbro, F
|poke|p1|Sableye, M
|poke|p1|Dugtrio, F
|poke|p1|Florges, F
|poke|p2|Victini
|poke|p2|Blissey, F
|poke|p2|Metagross
|poke|p2|Gligar, M
|poke|p2|Nidoking, M
|poke|p2|Blastoise, M
|rule|Baton Pass Clause: Limit 3 pokemon knowing Baton Pass
|teampreview
|
|start
|switch|p1a: Sableye|Sableye, M|302\/302
|switch|p2a: Gligar|Gligar, M|271\/271
|turn|1
|
|move|p2a: Gligar|Toxic|p1a: Sableye
|-status|p1a: Sableye|tox
|move|p1a: Sableye|Knock Off|p2a: Gligar
|-damage|p2a: Gligar|228\/271
|-enditem|p2a: Gligar|Eviolite|[from] move: Knock Off|[of] p1a: Sableye
|
|-damage|p1a: Sableye|284\/302 tox|[from] psn
|turn|2
|
|move|p1a: Sableye|Will-O-Wisp|p2a: Gligar
|-status|p2a: Gligar|brn
|move|p2a: Gligar|Stealth Rock|p1a: Sableye
|-sidestart|p1: Brock's Blue Balls|move: Stealth Rock
|
|-heal|p1a: Sableye|302\/302 tox|[from] item: Leftovers
|-damage|p2a: Gligar|195\/271 brn|[from] brn
|-damage|p1a: Sableye|266\/302 tox|[from] psn
|turn|3
|
|switch|p2a: Victini|Victini|341\/341
|move|p1a: Sableye|Knock Off|p2a: Victini
|-crit|p2a: Victini
|-supereffective|p2a: Victini
|-damage|p2a: Victini|81\/341
|-enditem|p2a: Victini|Choice Scarf|[from] move: Knock Off|[of] p1a: Sableye
|
|-heal|p1a: Sableye|284\/302 tox|[from] item: Leftovers
|-damage|p1a: Sableye|230\/302 tox|[from] psn
|turn|4
|
|switch|p1a: Slowbro|Slowbro, F|394\/394
|-damage|p1a: Slowbro|345\/394|[from] Stealth Rock
|move|p2a: Victini|V-create|p1a: Slowbro
|-resisted|p1a: Slowbro
|-damage|p1a: Slowbro|247\/394
|-damage|p2a: Victini|25\/341|[from] item: Rocky Helmet|[of] p1a: Slowbro
|-unboost|p2a: Victini|def|1
|-unboost|p2a: Victini|spd|1
|-unboost|p2a: Victini|spe|1
|
|turn|5
|
|move|p2a: Victini|Bolt Strike|p1a: Slowbro
|-supereffective|p1a: Slowbro
|-damage|p1a: Slowbro|69\/394
|-damage|p2a: Victini|0 fnt|[from] item: Rocky Helmet|[of] p1a: Slowbro
|faint|p2a: Victini
|move|p1a: Slowbro|Psyshock|p2: Victini|[notarget]
|-notarget
|
|
|switch|p2a: Nidoking|Nidoking, M|304\/304
|turn|6
|
|switch|p1a: Mew|Mew|404\/404
|-damage|p1a: Mew|354\/404|[from] Stealth Rock
|move|p2a: Nidoking|Sludge Wave|p1a: Mew
|-damage|p1a: Mew|201\/404
|
|-heal|p1a: Mew|226\/404|[from] item: Leftovers
|turn|7
|
|switch|p2a: Blastoise|Blastoise, M|362\/362
|move|p1a: Mew|Roost|p1a: Mew
|-heal|p1a: Mew|404\/404
|
|turn|8
|
|detailschange|p2a: Blastoise|Blastoise-Mega, M
|message|Blastoise has Mega Evolved into Mega Blastoise!
|move|p1a: Mew|Defog|p2a: Blastoise
|-unboost|p2a: Blastoise|evasion|1
|-sideend|p1: Brock's Blue Balls|Stealth Rock|[from] move: Defog|[of] p1a: Mew
|move|p2a: Blastoise|Dark Pulse|p1a: Mew
|-supereffective|p1a: Mew
|-damage|p1a: Mew|160\/404
|
|-heal|p1a: Mew|185\/404|[from] item: Leftovers
|turn|9
|
|switch|p1a: Florges|Florges, F|360\/360
|switch|p2a: Nidoking|Nidoking, M|304\/304
|
|turn|10
|
|switch|p1a: Dugtrio|Dugtrio, F|212\/212
|move|p2a: Nidoking|Sludge Wave|p1a: Dugtrio
|-resisted|p1a: Dugtrio
|-damage|p1a: Dugtrio|73\/212
|
|turn|11
|
|move|p1a: Dugtrio|Earthquake|p2a: Nidoking
|-supereffective|p2a: Nidoking
|-damage|p2a: Nidoking|0 fnt
|faint|p2a: Nidoking
|
|
|switch|p2a: Blastoise|Blastoise-Mega, M|362\/362
|turn|12
|
|move|p1a: Dugtrio|Earthquake|p2a: Blastoise
|-damage|p2a: Blastoise|197\/362
|move|p2a: Blastoise|Dark Pulse|p1a: Dugtrio
|-damage|p1a: Dugtrio|0 fnt
|faint|p1a: Dugtrio
|
|
|switch|p1a: Florges|Florges, F|360\/360
|turn|13
|
|switch|p2a: Gligar|Gligar, M|195\/271 brn
|move|p1a: Florges|Moonblast|p2a: Gligar
|-damage|p2a: Gligar|69\/271 brn
|
|-damage|p2a: Gligar|36\/271 brn|[from] brn
|turn|14
|
|move|p2a: Gligar|Stealth Rock|p1a: Florges
|-sidestart|p1: Brock's Blue Balls|move: Stealth Rock
|move|p1a: Florges|Moonblast|p2a: Gligar
|-damage|p2a: Gligar|0 fnt
|faint|p2a: Gligar
|
|
|switch|p2a: Metagross|Metagross|364\/364
|turn|15
|
|move|p1a: Florges|Protect|p1a: Florges
|-singleturn|p1a: Florges|Protect
|move|p2a: Metagross|Meteor Mash|p1a: Florges
|-activate|p1a: Florges|Protect
|
|turn|16
|
|switch|p1a: Slowbro|Slowbro, F|200\/394
|-damage|p1a: Slowbro|151\/394|[from] Stealth Rock
|move|p2a: Metagross|Earthquake|p1a: Slowbro
|-damage|p1a: Slowbro|65\/394
|
|turn|17
|
|switch|p1a: Sableye|Sableye, M|230\/302 tox
|-damage|p1a: Sableye|193\/302 tox|[from] Stealth Rock
|move|p2a: Metagross|Meteor Mash|p1a: Sableye|[miss]
|-miss|p2a: Metagross|p1a: Sableye
|
|-heal|p1a: Sableye|211\/302 tox|[from] item: Leftovers
|-damage|p1a: Sableye|193\/302 tox|[from] psn
|turn|18
|
|switch|p2a: Blastoise|Blastoise-Mega, M|197\/362
|move|p1a: Sableye|Will-O-Wisp|p2a: Blastoise
|-status|p2a: Blastoise|brn
|
|-heal|p1a: Sableye|211\/302 tox|[from] item: Leftovers
|-damage|p2a: Blastoise|152\/362 brn|[from] brn
|-damage|p1a: Sableye|175\/302 tox|[from] psn
|turn|19
|
|switch|p1a: Florges|Florges, F|360\/360
|-damage|p1a: Florges|315\/360|[from] Stealth Rock
|move|p2a: Blastoise|Water Pulse|p1a: Florges
|-damage|p1a: Florges|198\/360
|
|-heal|p1a: Florges|220\/360|[from] item: Leftovers
|-damage|p2a: Blastoise|107\/362 brn|[from] brn
|turn|20
|
|switch|p2a: Blissey|Blissey, F|714\/714
|move|p1a: Florges|Wish|p1a: Florges
|
|-heal|p1a: Florges|242\/360|[from] item: Leftovers
|turn|21
|
|switch|p1a: Slowbro|Slowbro, F|196\/394
|-damage|p1a: Slowbro|147\/394|[from] Stealth Rock
|move|p2a: Blissey|Wish|p2a: Blissey
|
|-heal|p1a: Slowbro|327\/394|[from] move: Wish|[wisher] Florges
|turn|22
|
|move|p2a: Blissey|Toxic|p1a: Slowbro
|-status|p1a: Slowbro|tox
|move|p1a: Slowbro|Psyshock|p2a: Blissey
|-damage|p2a: Blissey|540\/714
|
|-heal|p2a: Blissey|714\/714|[from] move: Wish|[wisher] Blissey
|-damage|p1a: Slowbro|303\/394 tox|[from] psn
|turn|23
|
|switch|p1a: Mew|Mew|185\/404
|-damage|p1a: Mew|135\/404|[from] Stealth Rock
|move|p2a: Blissey|Wish|p2a: Blissey
|
|-heal|p1a: Mew|160\/404|[from] item: Leftovers
|turn|24
|
|switch|p2a: Blastoise|Blastoise-Mega, M|107\/362 brn
|move|p1a: Mew|Defog|p2a: Blastoise
|-unboost|p2a: Blastoise|evasion|1
|-sideend|p1: Brock's Blue Balls|Stealth Rock|[from] move: Defog|[of] p1a: Mew
|
|-heal|p2a: Blastoise|362\/362 brn|[from] move: Wish|[wisher] Blissey
|-heal|p1a: Mew|185\/404|[from] item: Leftovers
|-damage|p2a: Blastoise|317\/362 brn|[from] brn
|turn|25
|
|switch|p1a: Florges|Florges, F|242\/360
|move|p2a: Blastoise|Water Pulse|p1a: Florges
|-damage|p1a: Florges|139\/360
|-start|p1a: Florges|confusion
|
|-heal|p1a: Florges|161\/360|[from] item: Leftovers
|-damage|p2a: Blastoise|272\/362 brn|[from] brn
|turn|26
|
|switch|p2a: Metagross|Metagross|364\/364
|switch|p1a: Slowbro|Slowbro, F|394\/394 tox
|
|-damage|p1a: Slowbro|370\/394 tox|[from] psn
|turn|27
|
|switch|p2a: Blissey|Blissey, F|714\/714
|move|p1a: Slowbro|Scald|p2a: Blissey
|-damage|p2a: Blissey|642\/714
|
|-heal|p2a: Blissey|686\/714|[from] item: Leftovers
|-damage|p1a: Slowbro|322\/394 tox|[from] psn
|turn|28
|
|switch|p1a: Nidoqueen|Nidoqueen, F|384\/384
|move|p2a: Blissey|Toxic|p1a: Nidoqueen
|-fail|p1a: Nidoqueen
|
|-heal|p2a: Blissey|714\/714|[from] item: Leftovers
|turn|29
|
|move|p1a: Nidoqueen|Stealth Rock|p2a: Blissey
|-sidestart|p2: Waffle Legos|move: Stealth Rock
|move|p2a: Blissey|Wish|p2a: Blissey
|
|turn|30
|
|move|p1a: Nidoqueen|Earth Power|p2a: Blissey
|-damage|p2a: Blissey|624\/714
|move|p2a: Blissey|Seismic Toss|p1a: Nidoqueen
|-damage|p1a: Nidoqueen|284\/384
|
|-heal|p2a: Blissey|714\/714|[from] move: Wish|[wisher] Blissey
|-heal|p1a: Nidoqueen|308\/384|[from] item: Leftovers
|turn|31
|
|move|p1a: Nidoqueen|Toxic Spikes|p2a: Blissey
|-sidestart|p2: Waffle Legos|move: Toxic Spikes
|move|p2a: Blissey|Seismic Toss|p1a: Nidoqueen
|-damage|p1a: Nidoqueen|208\/384
|
|-heal|p1a: Nidoqueen|232\/384|[from] item: Leftovers
|turn|32
|
|switch|p1a: Florges|Florges, F|161\/360
|move|p2a: Blissey|Seismic Toss|p1a: Florges
|-damage|p1a: Florges|61\/360
|
|-heal|p1a: Florges|83\/360|[from] item: Leftovers
|turn|33
|
|move|p1a: Florges|Protect|p1a: Florges
|-singleturn|p1a: Florges|Protect
|move|p2a: Blissey|Seismic Toss|p1a: Florges
|-activate|p1a: Florges|Protect
|
|-heal|p1a: Florges|105\/360|[from] item: Leftovers
|turn|34
|
|move|p1a: Florges|Wish|p1a: Florges
|move|p2a: Blissey|Toxic|p1a: Florges
|-status|p1a: Florges|tox
|
|-heal|p1a: Florges|127\/360 tox|[from] item: Leftovers
|-damage|p1a: Florges|105\/360 tox|[from] psn
|turn|35
|
|move|p1a: Florges|Aromatherapy|p1a: Florges
|-cureteam|p1a: Florges|[from] move: Aromatherapy
|move|p2a: Blissey|Wish|p2a: Blissey
|
|-heal|p1a: Florges|285\/360|[from] move: Wish|[wisher] Florges
|-heal|p1a: Florges|307\/360|[from] item: Leftovers
|turn|36
|
|move|p1a: Florges|Moonblast|p2a: Blissey
|-damage|p2a: Blissey|615\/714
|move|p2a: Blissey|Toxic|p1a: Florges
|-status|p1a: Florges|tox
|
|-heal|p2a: Blissey|714\/714|[from] move: Wish|[wisher] Blissey
|-heal|p1a: Florges|329\/360 tox|[from] item: Leftovers
|-damage|p1a: Florges|307\/360 tox|[from] psn
|turn|37
|
|switch|p1a: Sableye|Sableye, M|175\/302
|switch|p2a: Metagross|Metagross|364\/364
|-damage|p2a: Metagross|342\/364|[from] Stealth Rock
|
|-heal|p1a: Sableye|193\/302|[from] item: Leftovers
|turn|38
|
|switch|p2a: Blissey|Blissey, F|714\/714
|-damage|p2a: Blissey|625\/714|[from] Stealth Rock
|-status|p2a: Blissey|psn
|move|p1a: Sableye|Will-O-Wisp|p2a: Blissey|[miss]
|-miss|p1a: Sableye|p2a: Blissey
|
|-heal|p2a: Blissey|669\/714 psn|[from] item: Leftovers
|-heal|p1a: Sableye|211\/302|[from] item: Leftovers
|-damage|p2a: Blissey|580\/714 psn|[from] psn
|turn|39
|
|move|p1a: Sableye|Taunt|p2a: Blissey
|-start|p2a: Blissey|move: Taunt
|cant|p2a: Blissey|move: Taunt|Toxic
|
|-heal|p2a: Blissey|624\/714 psn|[from] item: Leftovers
|-heal|p1a: Sableye|229\/302|[from] item: Leftovers
|-damage|p2a: Blissey|535\/714 psn|[from] psn
|turn|40
|
|switch|p2a: Blastoise|Blastoise-Mega, M|272\/362 brn
|-damage|p2a: Blastoise|227\/362 brn|[from] Stealth Rock
|move|p1a: Sableye|Knock Off|p2a: Blastoise
|-damage|p2a: Blastoise|176\/362 brn
|
|-heal|p1a: Sableye|247\/302|[from] item: Leftovers
|-damage|p2a: Blastoise|131\/362 brn|[from] brn
|turn|41
|
|move|p2a: Blastoise|Rapid Spin|p1a: Sableye
|-immune|p1a: Sableye|[msg]
|move|p1a: Sableye|Knock Off|p2a: Blastoise
|-damage|p2a: Blastoise|77\/362 brn
|
|-heal|p1a: Sableye|265\/302|[from] item: Leftovers
|-damage|p2a: Blastoise|32\/362 brn|[from] brn
|turn|42
|-message|Waffle Legos forfeited.
|
|win|Brock's Blue Balls
|raw|Ladder updating...
|leave|Waffle Legos
|player|p2
|raw|Brock&apos;s Blue Balls's rating: 1491 &rarr; <strong>1501<\/strong><br \/>(+10 for winning)
|raw|Waffle Legos's rating: 1287 &rarr; <strong>1275<\/strong><br \/>(-12 for losing)