|join|LTI Kitten
|join|Brock's Blue Balls
|player|p1|LTI Kitten|39
|player|p2|Brock's Blue Balls|154
|gametype|singles
|gen|6
|tier|UU
|rated
|rule|Sleep Clause Mod: Limit one foe put to sleep
|rule|Species Clause: Limit one of each Pokemon
|rule|OHKO Clause: OHKO moves are banned
|rule|Moody Clause: Moody is banned
|rule|Evasion Moves Clause: Evasion moves are banned
|rule|Endless Battle Clause: Forcing endless battles is banned.
|rule|HP Percentage Mod: HP is reported as percentages
|clearpoke
|poke|p1|Froslass, F
|poke|p1|Celebi
|poke|p1|Sharpedo, F
|poke|p1|Tornadus, M
|poke|p1|Mienshao, M
|poke|p1|Victini
|poke|p2|Hydreigon, F
|poke|p2|Magnezone, shiny
|poke|p2|Florges, F
|poke|p2|Nidoqueen, F
|poke|p2|Victini, shiny
|poke|p2|Forretress, M, shiny
|teampreview
|
|start
|switch|p1a: Tornadus|Tornadus, M|299\/299
|switch|p2a: Hydra|Hydreigon, F|325\/325
|turn|1
|
|switch|p1a: Celebi|Celebi|404\/404
|move|p2a: Hydra|Dark Pulse|p1a: Celebi
|-supereffective|p1a: Celebi
|-damage|p1a: Celebi|200\/404
|-enditem|p1a: Celebi|Weakness Policy
|-boost|p1a: Celebi|atk|2|[from] item: Weakness Policy
|-boost|p1a: Celebi|spa|2|[from] item: Weakness Policy
|
|turn|2
|
|move|p2a: Hydra|Dark Pulse|p1a: Celebi
|-crit|p1a: Celebi
|-supereffective|p1a: Celebi
|-damage|p1a: Celebi|0 fnt
|faint|p1a: Celebi
|
|chat|LTI Kitten|fun
|chat|LTI Kitten|max damage then crit
|chat|LTI Kitten|just what i love
|
|switch|p1a: Mienshao|Mienshao, M|271\/271
|turn|3
|join|Dudeman130498
|
|switch|p2a: Walnut|Forretress, M, shiny|354\/354
|move|p1a: Mienshao|High Jump Kick|p2a: Walnut
|-damage|p2a: Walnut|143\/354
|
|-heal|p2a: Walnut|165\/354|[from] item: Leftovers
|turn|4
|join|DestÂ¡ny KEK
|
|move|p1a: Mienshao|High Jump Kick|p2a: Walnut
|-damage|p2a: Walnut|0 fnt
|faint|p2a: Walnut
|
|chat|DestÂ¡ny KEK|Lol that name
|
|switch|p2a: Athena|Nidoqueen, F|353\/353
|turn|5
|join|LTI Meru
|
|move|p1a: Mienshao|High Jump Kick|p2a: Athena
|-resisted|p2a: Athena
|-damage|p2a: Athena|120\/353
|move|p2a: Athena|Sludge Wave|p1a: Mienshao
|-damage|p1a: Mienshao|0 fnt
|faint|p1a: Mienshao
|
|
|switch|p1a: Froslass|Froslass, F|282\/282
|turn|6
|
|move|p1a: Froslass|Spikes|p2a: Athena
|-sidestart|p2: Brock's Blue Balls|Spikes
|move|p2a: Athena|Stealth Rock|p1a: Froslass
|-sidestart|p1: LTI Kitten|move: Stealth Rock
|
|turn|7
|
|move|p1a: Froslass|Ice Beam|p2a: Athena
|-supereffective|p2a: Athena
|-damage|p2a: Athena|0 fnt
|faint|p2a: Athena
|
|chat|LTI Meru|doesnt fighting resist poison
|chat|LTI Meru|wtf
|chat|Dudeman130498|n
|chat|Dudeman130498|other way
|chat|LTI Kitten|n
|chat|LTI Kitten|ground resists poison
|chat|LTI Meru|I know its other way but I thought it was both ways
|
|switch|p2a: Florges|Florges, F|360\/360
|-damage|p2a: Florges|315\/360|[from] Spikes
|turn|8
|chat|Dudeman130498|that's with fighting and buf
|chat|Dudeman130498|bug*
|chat|Dudeman130498|that it goes both ways
|chat|Brock's Blue Balls|and bisexuals
|chat|Dudeman130498|that too
|
|move|p1a: Froslass|Spikes|p2a: Florges
|-sidestart|p2: Brock's Blue Balls|Spikes
|move|p2a: Florges|Moonblast|p1a: Froslass
|-damage|p1a: Froslass|108\/282
|-start|p2a: Florges|Disable|Moonblast
|
|-heal|p2a: Florges|337\/360|[from] item: Leftovers
|turn|9
|chat|Dudeman130498|lol
|chat|DestÂ¡ny KEK|XD
|
|switch|p2a: Chick Magnet|Magnezone, shiny|344\/344
|-damage|p2a: Chick Magnet|287\/344|[from] Spikes
|move|p1a: Froslass|Ice Beam|p2a: Chick Magnet
|-resisted|p2a: Chick Magnet
|-damage|p2a: Chick Magnet|227\/344
|
|turn|10
|chat|Brock's Blue Balls|and destiny bond
|
|move|p1a: Froslass|Destiny Bond|p1a: Froslass
|-singlemove|p1a: Froslass|Destiny Bond
|move|p2a: Chick Magnet|Volt Switch|p1a: Froslass
|-damage|p1a: Froslass|0 fnt
|faint|p1a: Froslass
|-activate|p1a: Froslass|Destiny Bond
|faint|p2a: Chick Magnet
|
|
|switch|p2a: Hydra|Hydreigon, F|325\/325
|switch|p1a: Victini|Victini|341\/341
|-damage|p1a: Victini|256\/341|[from] Stealth Rock
|turn|11
|chat|DestÂ¡ny KEK|Does nobody expect that?
|
|move|p1a: Victini|V-create|p2a: Hydra
|-resisted|p2a: Hydra
|-damage|p2a: Hydra|171\/325
|-unboost|p1a: Victini|def|1
|-unboost|p1a: Victini|spd|1
|-unboost|p1a: Victini|spe|1
|move|p2a: Hydra|Dark Pulse|p1a: Victini
|-crit|p1a: Victini
|-supereffective|p1a: Victini
|-damage|p1a: Victini|0 fnt
|faint|p1a: Victini
|
|chat|Brock's Blue Balls|lol its the only set worth running
|chat|Brock's Blue Balls|just didnt need magnezone
|
|switch|p1a: Sharpedo|Sharpedo, F|281\/281
|-damage|p1a: Sharpedo|246\/281|[from] Stealth Rock
|turn|12
|
|move|p2a: Hydra|Dark Pulse|p1a: Sharpedo
|-resisted|p1a: Sharpedo
|-damage|p1a: Sharpedo|95\/281
|move|p1a: Sharpedo|Waterfall|p2a: Hydra
|-resisted|p2a: Hydra
|-damage|p2a: Hydra|68\/325
|-damage|p1a: Sharpedo|67\/281|[from] item: Life Orb
|
|-boost|p1a: Sharpedo|spe|1|[from] ability: Speed Boost
|turn|13
|
|move|p1a: Sharpedo|Protect|p1a: Sharpedo
|-singleturn|p1a: Sharpedo|Protect
|move|p2a: Hydra|Dark Pulse|p1a: Sharpedo
|-activate|p1a: Sharpedo|Protect
|
|-boost|p1a: Sharpedo|spe|1|[from] ability: Speed Boost
|turn|14
|
|move|p1a: Sharpedo|Waterfall|p2a: Hydra
|-resisted|p2a: Hydra
|-damage|p2a: Hydra|0 fnt
|-damage|p1a: Sharpedo|39\/281|[from] item: Life Orb
|faint|p2a: Hydra
|
|-boost|p1a: Sharpedo|spe|1|[from] ability: Speed Boost
|chat|DestÂ¡ny KEK|Okay, that makes sense 
|join|manitoba
|
|switch|p2a: Florges|Florges, F|337\/360
|-damage|p2a: Florges|277\/360|[from] Spikes
|turn|15
|
|move|p2a: Florges|Protect|p2a: Florges
|-singleturn|p2a: Florges|Protect
|move|p1a: Sharpedo|Waterfall|p2a: Florges
|-activate|p2a: Florges|Protect
|
|-heal|p2a: Florges|299\/360|[from] item: Leftovers
|-boost|p1a: Sharpedo|spe|1|[from] ability: Speed Boost
|turn|16
|
|move|p1a: Sharpedo|Waterfall|p2a: Florges
|-crit|p2a: Florges
|-damage|p2a: Florges|34\/360
|-damage|p1a: Sharpedo|11\/281|[from] item: Life Orb
|cant|p2a: Florges|flinch
|
|-heal|p2a: Florges|56\/360|[from] item: Leftovers
|-boost|p1a: Sharpedo|spe|1|[from] ability: Speed Boost
|turn|17
|chat|Brock's Blue Balls|theres your revenge crit
|chat|LTI Kitten|not_bad
|
|move|p2a: Florges|Protect|p2a: Florges
|-singleturn|p2a: Florges|Protect
|move|p1a: Sharpedo|Waterfall|p2a: Florges
|-activate|p2a: Florges|Protect
|
|-heal|p2a: Florges|78\/360|[from] item: Leftovers
|-boost|p1a: Sharpedo|spe|1|[from] ability: Speed Boost
|turn|18
|chat|DestÂ¡ny KEK|Lol
|
|move|p1a: Sharpedo|Waterfall|p2a: Florges
|-damage|p2a: Florges|0 fnt
|-damage|p1a: Sharpedo|0 fnt|[from] item: Life Orb
|faint|p2a: Florges
|faint|p1a: Sharpedo
|
|
|switch|p1a: Tornadus|Tornadus, M|299\/299
|-damage|p1a: Tornadus|225\/299|[from] Stealth Rock
|switch|p2a: Old Tobey|Victini, shiny|341\/341
|-damage|p2a: Old Tobey|285\/341|[from] Spikes
|turn|19
|
|move|p1a: Tornadus|Knock Off|p2a: Old Tobey
|-supereffective|p2a: Old Tobey
|-damage|p2a: Old Tobey|59\/341
|-enditem|p2a: Old Tobey|Choice Band|[from] move: Knock Off|[of] p1a: Tornadus
|move|p2a: Old Tobey|V-create|p1a: Tornadus
|-damage|p1a: Tornadus|0 fnt
|-unboost|p2a: Old Tobey|def|1
|-unboost|p2a: Old Tobey|spd|1
|-unboost|p2a: Old Tobey|spe|1
|faint|p1a: Tornadus
|
|win|Brock's Blue Balls
|raw|Ladder updating...
|raw|LTI Kitten's rating: 1642 &rarr; <strong>1617<\/strong><br \/>(-25 for losing)
|raw|Brock&apos;s Blue Balls's rating: 1546 &rarr; <strong>1572<\/strong><br \/>(+26 for winning)
|chat|LTI Kitten|my rating
|chat|Brock's Blue Balls|gg
|chat|LTI Kitten|fucked so much
|chat|LTI Kitten|tbh
|chat|LTI Kitten|i think i'm going to get rid of torn
|chat|DestÂ¡ny KEK|Get Honch
|chat|DestÂ¡ny KEK|:[
|chat|LTI Kitten|he's a nice gimmick but he's not really solid
|leave|manitoba
|chat|LTI Kitten|ya maybe honch idk