|join|Brock's Blue Balls
|join|JayHankEdLyon
|player|p1|Brock's Blue Balls|154
|player|p2|JayHankEdLyon|170
|gametype|singles
|gen|6
|tier|UU
|rated
|rule|Sleep Clause Mod: Limit one foe put to sleep
|rule|Species Clause: Limit one of each PokÃ©mon
|rule|OHKO Clause: OHKO moves are banned
|rule|Moody Clause: Moody is banned
|rule|Evasion Moves Clause: Evasion moves are banned
|rule|Endless Battle Clause: Forcing endless battles is banned
|rule|HP Percentage Mod: HP is shown in percentages
|clearpoke
|poke|p1|Feraligatr, M
|poke|p1|Darmanitan, M
|poke|p1|Abomasnow, M, shiny
|poke|p1|Alomomola, F
|poke|p1|Gligar, M
|poke|p1|Blissey, F
|poke|p2|Crobat, M
|poke|p2|Victini
|poke|p2|Forretress, M
|poke|p2|Blissey, F
|poke|p2|Sableye, M
|poke|p2|Alomomola, M
|rule|Swagger Clause: Swagger is banned
|rule|Baton Pass Clause: Limit one PokÃ©mon knowing Baton Pass
|teampreview
|
|start
|switch|p1a: Gligar|Gligar, M|333\/333
|switch|p2a: Churchill|Victini|341\/341
|turn|1
|
|move|p2a: Churchill|Trick|p1a: Gligar
|-activate|p2a: Churchill|move: Trick|[of] p1a: Gligar
|-item|p1a: Gligar|Choice Scarf|[from] move: Trick
|-item|p2a: Churchill|Eviolite|[from] move: Trick
|move|p1a: Gligar|U-turn|p2a: Churchill
|-damage|p2a: Churchill|300\/341
|
|switch|p1a: Clit|Alomomola, F|471\/471
|
|turn|2
|
|move|p2a: Churchill|Trick|p1a: Clit
|-activate|p2a: Churchill|move: Trick|[of] p1a: Clit
|-item|p1a: Clit|Eviolite|[from] move: Trick
|-item|p2a: Churchill|Rocky Helmet|[from] move: Trick
|move|p1a: Clit|Toxic|p2a: Churchill
|-status|p2a: Churchill|tox
|
|-damage|p2a: Churchill|279\/341 tox|[from] psn
|turn|3
|
|move|p2a: Churchill|U-turn|p1a: Clit
|-damage|p1a: Clit|411\/471
|
|switch|p2a: Eisenhower|Forretress, M|354\/354
|move|p1a: Clit|Wish|p1a: Clit
|
|turn|4
|chat|Brock's Blue Balls|don't you know scarf tini is bad
|
|move|p1a: Clit|Scald|p2a: Eisenhower
|-damage|p2a: Eisenhower|288\/354
|-status|p2a: Eisenhower|brn
|move|p2a: Eisenhower|Stealth Rock|p1a: Clit
|-sidestart|p1: Brock's Blue Balls|move: Stealth Rock
|
|-heal|p1a: Clit|471\/471|[from] move: Wish|[wisher] Clit
|-heal|p2a: Eisenhower|310\/354 brn|[from] item: Leftovers
|-damage|p2a: Eisenhower|266\/354 brn|[from] brn
|turn|5
|
|switch|p2a: Kipling|Crobat, M|353\/353
|move|p1a: Clit|Wish|p1a: Clit
|
|turn|6
|
|move|p2a: Kipling|U-turn|p1a: Clit
|-crit|p1a: Clit
|-damage|p1a: Clit|384\/471
|chat|JayHankEdLyon|Don't you know Scarf Gligar is bad?
|
|switch|p2a: Nightingale|Blissey, F|714\/714
|move|p1a: Clit|Scald|p2a: Nightingale
|-damage|p2a: Nightingale|677\/714
|
|-heal|p1a: Clit|471\/471|[from] move: Wish|[wisher] Clit
|-heal|p2a: Nightingale|714\/714|[from] item: Leftovers
|turn|7
|
|switch|p1a: Teen Mom|Blissey, F|651\/651
|-damage|p1a: Teen Mom|570\/651|[from] Stealth Rock
|move|p2a: Nightingale|Heal Bell|p2a: Nightingale
|-cureteam|p2a: Nightingale|[from] move: HealBell
|
|-heal|p1a: Teen Mom|610\/651|[from] item: Leftovers
|turn|8
|chat|Brock's Blue Balls|scarf gligar can still wall things. scarf tini just sucks
|
|switch|p2a: Kipling|Crobat, M|353\/353
|move|p1a: Teen Mom|Stealth Rock|p2a: Kipling
|-sidestart|p2: JayHankEdLyon|move: Stealth Rock
|
|-heal|p1a: Teen Mom|650\/651|[from] item: Leftovers
|turn|9
|
|move|p2a: Kipling|Taunt|p1a: Teen Mom
|-start|p1a: Teen Mom|move: Taunt
|cant|p1a: Teen Mom|move: Taunt|Soft-Boiled
|
|-heal|p1a: Teen Mom|651\/651|[from] item: Leftovers
|turn|10
|
|move|p2a: Kipling|Brave Bird|p1a: Teen Mom
|-damage|p1a: Teen Mom|392\/651
|-damage|p2a: Kipling|268\/353|[from] recoil|[of] p1a: Teen Mom
|move|p1a: Teen Mom|Seismic Toss|p2a: Kipling
|-damage|p2a: Kipling|168\/353
|
|-heal|p2a: Kipling|190\/353|[from] item: Black Sludge
|-heal|p1a: Teen Mom|432\/651|[from] item: Leftovers
|turn|11
|chat|JayHankEdLyon|Yeah, a wall with only one move and no eviolite
|chat|Brock's Blue Balls|whatever you say noob
|chat|JayHankEdLyon|lol
|
|switch|p1a: Clit|Alomomola, F|471\/471
|-damage|p1a: Clit|413\/471|[from] Stealth Rock
|move|p2a: Kipling|Roost|p2a: Kipling
|-heal|p2a: Kipling|353\/353
|
|turn|12
|
|move|p2a: Kipling|Taunt|p1a: Clit
|-start|p1a: Clit|move: Taunt
|move|p1a: Clit|Scald|p2a: Kipling
|-damage|p2a: Kipling|302\/353
|
|-heal|p2a: Kipling|324\/353|[from] item: Black Sludge
|turn|13
|
|move|p2a: Kipling|U-turn|p1a: Clit
|-damage|p1a: Clit|360\/471
|
|switch|p2a: Jarvik|Alomomola, M|534\/534
|-damage|p2a: Jarvik|468\/534|[from] Stealth Rock
|move|p1a: Clit|Scald|p2a: Jarvik
|-resisted|p2a: Jarvik
|-damage|p2a: Jarvik|427\/534
|
|turn|14
|chat|Brock's Blue Balls|you could accomplish the same thing with band tini except actually be able to kill things!
|
|switch|p1a: Teen Mom|Blissey, F|432\/651
|-damage|p1a: Teen Mom|351\/651|[from] Stealth Rock
|move|p2a: Jarvik|Toxic|p1a: Teen Mom
|-status|p1a: Teen Mom|tox
|
|-heal|p1a: Teen Mom|391\/651 tox|[from] item: Leftovers
|-damage|p1a: Teen Mom|351\/651 tox|[from] psn
|turn|15
|chat|JayHankEdLyon|I love being told how to build a team from a guy getting his ass kicked
|
|move|p2a: Jarvik|Knock Off|p1a: Teen Mom
|-damage|p1a: Teen Mom|234\/651 tox
|-enditem|p1a: Teen Mom|Leftovers|[from] move: Knock Off|[of] p2a: Jarvik
|move|p1a: Teen Mom|Soft-Boiled|p1a: Teen Mom
|-heal|p1a: Teen Mom|560\/651 tox
|
|-damage|p1a: Teen Mom|480\/651 tox|[from] psn
|turn|16
|chat|Brock's Blue Balls|how am i losing exactly? bc i was tricked? you have a lot to learn scrub
|chat|JayHankEdLyon|Oh honey
|
|move|p2a: Jarvik|Wish|p2a: Jarvik
|move|p1a: Teen Mom|Seismic Toss|p2a: Jarvik
|-damage|p2a: Jarvik|327\/534
|-damage|p1a: Teen Mom|372\/651 tox|[from] item: Rocky Helmet|[of] p2a: Jarvik
|
|-damage|p1a: Teen Mom|252\/651 tox|[from] psn
|turn|17
|chat|JayHankEdLyon|You keep telling yourself that, champ in the making
|
|move|p2a: Jarvik|Toxic|p1a: Teen Mom
|-fail|p1a: Teen Mom|tox
|move|p1a: Teen Mom|Soft-Boiled|p1a: Teen Mom
|-heal|p1a: Teen Mom|578\/651 tox
|
|-heal|p2a: Jarvik|534\/534|[from] move: Wish|[wisher] Jarvik
|-damage|p1a: Teen Mom|418\/651 tox|[from] psn
|turn|18
|
|move|p2a: Jarvik|Wish|p2a: Jarvik
|move|p1a: Teen Mom|Heal Bell|p1a: Teen Mom
|-cureteam|p1a: Teen Mom|[from] move: HealBell
|
|turn|19
|
|switch|p1a: Gligar|Gligar, M|333\/333
|-damage|p1a: Gligar|292\/333|[from] Stealth Rock
|move|p2a: Jarvik|Toxic|p1a: Gligar
|-status|p1a: Gligar|tox
|
|-damage|p1a: Gligar|272\/333 tox|[from] psn
|turn|20
|chat|JayHankEdLyon|lololol
|chat|JayHankEdLyon|Don't even have immunity on your gligar
|chat|JayHankEdLyon|lolololololol
|
|move|p1a: Gligar|Defog|p2a: Jarvik
|-unboost|p2a: Jarvik|evasion|1
|-sideend|p2: JayHankEdLyon|Stealth Rock|[from] move: Defog|[of] p2a: Jarvik
|-sideend|p1: Brock's Blue Balls|Stealth Rock|[from] move: Defog|[of] p1a: Gligar
|move|p2a: Jarvik|Wish|p2a: Jarvik
|
|-damage|p1a: Gligar|232\/333 tox|[from] psn
|turn|21
|chat|Brock's Blue Balls|lololol you don't even know the game well enough to know that you can't have defog and immunity. lololol
|chat|JayHankEdLyon|Defog is so shitty
|chat|Brock's Blue Balls|it kind of shits all over your spin blocking plan....
|
|switch|p1a: Scrooge|Abomasnow, M, shiny|383\/383
|-weather|Hail
|switch|p2a: Eisenhower|Forretress, M|266\/354
|
|-weather|Hail|[upkeep]
|-heal|p2a: Eisenhower|354\/354|[from] move: Wish|[wisher] Jarvik
|turn|22
|chat|JayHankEdLyon|I just got rid of your hazards without lifting a finger
|
|detailschange|p1a: Scrooge|Abomasnow-Mega, M, shiny
|message|Abomasnow has Mega Evolved into Mega Abomasnow!
|move|p1a: Scrooge|Swords Dance|p1a: Scrooge
|-boost|p1a: Scrooge|atk|2
|move|p2a: Eisenhower|Stealth Rock|p1a: Scrooge
|-sidestart|p1: Brock's Blue Balls|move: Stealth Rock
|
|-weather|Hail|[upkeep]
|turn|23
|
|move|p1a: Scrooge|Earthquake|p2a: Eisenhower
|-damage|p2a: Eisenhower|206\/354
|move|p2a: Eisenhower|Gyro Ball|p1a: Scrooge
|-supereffective|p1a: Scrooge
|-damage|p1a: Scrooge|317\/383
|
|-weather|Hail|[upkeep]
|-heal|p2a: Eisenhower|228\/354|[from] item: Leftovers
|turn|24
|
|switch|p2a: Kipling|Crobat, M|324\/353
|move|p1a: Scrooge|Earthquake|p2a: Kipling
|-immune|p2a: Kipling|[msg]
|
|-weather|Hail|[upkeep]
|-damage|p2a: Kipling|302\/353|[from] hail
|-heal|p2a: Kipling|324\/353|[from] item: Black Sludge
|turn|25
|
|switch|p2a: Jarvik|Alomomola, M|534\/534
|move|p1a: Scrooge|Ice Shard|p2a: Jarvik
|-resisted|p2a: Jarvik
|-damage|p2a: Jarvik|468\/534
|
|-weather|none
|turn|26
|
|move|p2a: Jarvik|Toxic|p1a: Scrooge
|-status|p1a: Scrooge|tox
|move|p1a: Scrooge|Seed Bomb|p2a: Jarvik
|-supereffective|p2a: Jarvik
|-damage|p2a: Jarvik|0 fnt
|faint|p2a: Jarvik
|
|-damage|p1a: Scrooge|294\/383 tox|[from] psn
|
|switch|p2a: Churchill|Victini|279\/341
|turn|27
|
|switch|p1a: Clit|Alomomola, F|471\/471
|-damage|p1a: Clit|413\/471|[from] Stealth Rock
|move|p2a: Churchill|V-create|p1a: Clit
|-resisted|p1a: Clit
|-damage|p1a: Clit|281\/471
|-unboost|p2a: Churchill|def|1
|-unboost|p2a: Churchill|spd|1
|-unboost|p2a: Churchill|spe|1
|
|turn|28
|
|move|p2a: Churchill|U-turn|p1a: Clit
|-damage|p1a: Clit|219\/471
|
|switch|p2a: Nightingale|Blissey, F|714\/714
|move|p1a: Clit|Wish|p1a: Clit
|
|turn|29
|
|switch|p1a: Teen Mom|Blissey, F|418\/651
|-damage|p1a: Teen Mom|337\/651|[from] Stealth Rock
|move|p2a: Nightingale|Wish|p2a: Nightingale
|
|-heal|p1a: Teen Mom|572\/651|[from] move: Wish|[wisher] Clit
|turn|30
|
|switch|p2a: Eisenhower|Forretress, M|228\/354
|move|p1a: Teen Mom|Heal Bell|p1a: Teen Mom
|-cureteam|p1a: Teen Mom|[from] move: HealBell
|
|-heal|p2a: Eisenhower|354\/354|[from] move: Wish|[wisher] Nightingale
|turn|31
|
|move|p1a: Teen Mom|Seismic Toss|p2a: Eisenhower
|-damage|p2a: Eisenhower|254\/354
|move|p2a: Eisenhower|Spikes|p1a: Teen Mom
|-sidestart|p1: Brock's Blue Balls|Spikes
|
|-heal|p2a: Eisenhower|276\/354|[from] item: Leftovers
|turn|32
|
|move|p1a: Teen Mom|Seismic Toss|p2a: Eisenhower
|-damage|p2a: Eisenhower|176\/354
|move|p2a: Eisenhower|Spikes|p1a: Teen Mom
|-sidestart|p1: Brock's Blue Balls|Spikes
|
|-heal|p2a: Eisenhower|198\/354|[from] item: Leftovers
|turn|33
|
|switch|p2a: Sableye|Sableye, M|303\/303
|move|p1a: Teen Mom|Seismic Toss|p2a: Sableye
|-immune|p2a: Sableye|[msg]
|
|turn|34
|
|switch|p1a: Darmaniman|Darmanitan, M|351\/351
|-damage|p1a: Darmaniman|264\/351|[from] Stealth Rock
|-damage|p1a: Darmaniman|206\/351|[from] Spikes
|move|p2a: Sableye|Taunt|p1a: Darmaniman
|-start|p1a: Darmaniman|move: Taunt
|
|turn|35
|
|switch|p2a: Churchill|Victini|279\/341
|move|p1a: Darmaniman|Flare Blitz|p2a: Churchill
|-resisted|p2a: Churchill
|-damage|p2a: Churchill|137\/341
|-damage|p1a: Darmaniman|148\/351|[from] item: Rocky Helmet|[of] p2a: Churchill
|-damage|p1a: Darmaniman|101\/351|[from] recoil|[of] p2a: Churchill
|
|turn|36
|
|move|p1a: Darmaniman|Flare Blitz|p2a: Churchill
|-resisted|p2a: Churchill
|-damage|p2a: Churchill|0 fnt
|-damage|p1a: Darmaniman|43\/351|[from] item: Rocky Helmet|[of] p2a: Churchill
|-damage|p1a: Darmaniman|0 fnt|[from] recoil|[of] p2a: Churchill
|faint|p2a: Churchill
|faint|p1a: Darmaniman
|
|chat|JayHankEdLyon|Good ole Rocky Helmet Victini
|
|switch|p2a: Kipling|Crobat, M|324\/353
|switch|p1a: Clit|Alomomola, F|376\/471
|-damage|p1a: Clit|298\/471|[from] Spikes
|-damage|p1a: Clit|240\/471|[from] Stealth Rock
|turn|37
|
|move|p2a: Kipling|Taunt|p1a: Clit
|-start|p1a: Clit|move: Taunt
|move|p1a: Clit|Scald|p2a: Kipling
|-damage|p2a: Kipling|266\/353
|-status|p2a: Kipling|brn
|
|-heal|p2a: Kipling|288\/353 brn|[from] item: Black Sludge
|-damage|p2a: Kipling|244\/353 brn|[from] brn
|turn|38
|
|switch|p1a: Gligar|Gligar, M|232\/333
|-damage|p1a: Gligar|191\/333|[from] Stealth Rock
|move|p2a: Kipling|U-turn|p1a: Gligar
|-resisted|p1a: Gligar
|-damage|p1a: Gligar|181\/333
|
|switch|p2a: Sableye|Sableye, M|303\/303
|
|turn|39
|
|move|p2a: Sableye|Taunt|p1a: Gligar
|-start|p1a: Gligar|move: Taunt
|move|p1a: Gligar|U-turn|p2a: Sableye
|-damage|p2a: Sableye|246\/303
|
|switch|p1a: King K. Rool|Feraligatr, M|311\/311
|-damage|p1a: King K. Rool|260\/311|[from] Spikes
|-damage|p1a: King K. Rool|222\/311|[from] Stealth Rock
|
|-heal|p2a: Sableye|264\/303|[from] item: Leftovers
|turn|40
|
|move|p2a: Sableye|Will-O-Wisp|p1a: King K. Rool
|-status|p1a: King K. Rool|brn
|-enditem|p1a: King K. Rool|Lum Berry|[eat]
|-curestatus|p1a: King K. Rool|brn
|move|p1a: King K. Rool|Waterfall|p2a: Sableye
|-damage|p2a: Sableye|93\/303
|
|-heal|p2a: Sableye|111\/303|[from] item: Leftovers
|turn|41
|
|move|p1a: King K. Rool|Aqua Jet|p2a: Sableye
|-damage|p2a: Sableye|26\/303
|move|p2a: Sableye|Will-O-Wisp|p1a: King K. Rool
|-status|p1a: King K. Rool|brn
|
|-heal|p2a: Sableye|44\/303|[from] item: Leftovers
|-damage|p1a: King K. Rool|184\/311 brn|[from] brn
|turn|42
|
|switch|p2a: Nightingale|Blissey, F|714\/714
|move|p1a: King K. Rool|Aqua Jet|p2a: Nightingale
|-damage|p2a: Nightingale|651\/714
|
|-heal|p2a: Nightingale|695\/714|[from] item: Leftovers
|-damage|p1a: King K. Rool|146\/311 brn|[from] brn
|turn|43
|
|switch|p1a: Scrooge|Abomasnow-Mega, M, shiny|294\/383
|-damage|p1a: Scrooge|231\/383|[from] Spikes
|-damage|p1a: Scrooge|136\/383|[from] Stealth Rock
|-weather|Hail
|move|p2a: Nightingale|Heal Bell|p2a: Nightingale
|-cureteam|p2a: Nightingale|[from] move: HealBell
|
|-weather|Hail|[upkeep]
|-damage|p2a: Nightingale|651\/714|[from] hail
|-heal|p2a: Nightingale|695\/714|[from] item: Leftovers
|turn|44
|
|move|p2a: Nightingale|Seismic Toss|p1a: Scrooge
|-damage|p1a: Scrooge|36\/383
|move|p1a: Scrooge|Swords Dance|p1a: Scrooge
|-boost|p1a: Scrooge|atk|2
|
|-weather|Hail|[upkeep]
|-damage|p2a: Nightingale|651\/714|[from] hail
|-heal|p2a: Nightingale|695\/714|[from] item: Leftovers
|turn|45
|
|move|p1a: Scrooge|Ice Shard|p2a: Nightingale
|-damage|p2a: Nightingale|409\/714
|move|p2a: Nightingale|Seismic Toss|p1a: Scrooge
|-damage|p1a: Scrooge|0 fnt
|faint|p1a: Scrooge
|
|-weather|Hail|[upkeep]
|-damage|p2a: Nightingale|365\/714|[from] hail
|-heal|p2a: Nightingale|409\/714|[from] item: Leftovers
|
|switch|p1a: Gligar|Gligar, M|181\/333
|-damage|p1a: Gligar|140\/333|[from] Stealth Rock
|turn|46
|
|switch|p2a: Eisenhower|Forretress, M|198\/354
|move|p1a: Gligar|Defog|p2a: Eisenhower
|-unboost|p2a: Eisenhower|evasion|1
|-sideend|p1: Brock's Blue Balls|Spikes|[from] move: Defog|[of] p1a: Gligar
|-sideend|p1: Brock's Blue Balls|Stealth Rock|[from] move: Defog|[of] p1a: Gligar
|
|-weather|Hail|[upkeep]
|-damage|p1a: Gligar|120\/333|[from] hail
|-heal|p2a: Eisenhower|220\/354|[from] item: Leftovers
|turn|47
|
|switch|p1a: Teen Mom|Blissey, F|572\/651
|move|p2a: Eisenhower|Stealth Rock|p1a: Teen Mom
|-sidestart|p1: Brock's Blue Balls|move: Stealth Rock
|
|-weather|none
|-heal|p2a: Eisenhower|242\/354|[from] item: Leftovers
|turn|48
|
|move|p1a: Teen Mom|Stealth Rock|p2a: Eisenhower
|-sidestart|p2: JayHankEdLyon|move: Stealth Rock
|move|p2a: Eisenhower|Spikes|p1a: Teen Mom
|-sidestart|p1: Brock's Blue Balls|Spikes
|
|-heal|p2a: Eisenhower|264\/354|[from] item: Leftovers
|turn|49
|
|move|p1a: Teen Mom|Seismic Toss|p2a: Eisenhower
|-damage|p2a: Eisenhower|164\/354
|move|p2a: Eisenhower|Rapid Spin|p1a: Teen Mom
|-damage|p1a: Teen Mom|544\/651
|-sideend|p2: JayHankEdLyon|Stealth Rock|[from] move: Rapid Spin|[of] p2a: Eisenhower
|
|-heal|p2a: Eisenhower|186\/354|[from] item: Leftovers
|turn|50
|
|switch|p2a: Kipling|Crobat, M|244\/353
|move|p1a: Teen Mom|Stealth Rock|p2a: Kipling
|-sidestart|p2: JayHankEdLyon|move: Stealth Rock
|
|-heal|p2a: Kipling|266\/353|[from] item: Black Sludge
|turn|51
|
|move|p2a: Kipling|Taunt|p1a: Teen Mom
|-start|p1a: Teen Mom|move: Taunt
|move|p1a: Teen Mom|Seismic Toss|p2a: Kipling
|-damage|p2a: Kipling|166\/353
|
|-heal|p2a: Kipling|188\/353|[from] item: Black Sludge
|turn|52
|
|move|p2a: Kipling|Roost|p2a: Kipling
|-heal|p2a: Kipling|353\/353
|move|p1a: Teen Mom|Seismic Toss|p2a: Kipling
|-damage|p2a: Kipling|253\/353
|
|-heal|p2a: Kipling|275\/353|[from] item: Black Sludge
|turn|53
|chat|JayHankEdLyon|So I'm gonna keep doing this for a while
|chat|JayHankEdLyon|until you run out of Seismic toss
|chat|JayHankEdLyon|fyi
|chat|JayHankEdLyon|Might wanna switch, bud
|
|move|p2a: Kipling|Roost|p2a: Kipling
|-heal|p2a: Kipling|353\/353
|move|p1a: Teen Mom|Seismic Toss|p2a: Kipling
|-damage|p2a: Kipling|253\/353
|
|-heal|p2a: Kipling|275\/353|[from] item: Black Sludge
|-end|p1a: Teen Mom|move: Taunt
|turn|54
|
|move|p2a: Kipling|Taunt|p1a: Teen Mom
|-start|p1a: Teen Mom|move: Taunt
|move|p1a: Teen Mom|Seismic Toss|p2a: Kipling
|-damage|p2a: Kipling|175\/353
|
|-heal|p2a: Kipling|197\/353|[from] item: Black Sludge
|turn|55
|
|switch|p1a: Clit|Alomomola, F|397\/471
|-damage|p1a: Clit|339\/471|[from] Stealth Rock
|-damage|p1a: Clit|281\/471|[from] Spikes
|move|p2a: Kipling|Brave Bird|p1a: Clit
|-crit|p1a: Clit
|-damage|p1a: Clit|68\/471
|-damage|p2a: Kipling|127\/353|[from] recoil|[of] p1a: Clit
|
|-heal|p2a: Kipling|149\/353|[from] item: Black Sludge
|turn|56
|
|switch|p1a: Teen Mom|Blissey, F|544\/651
|-damage|p1a: Teen Mom|463\/651|[from] Spikes
|-damage|p1a: Teen Mom|382\/651|[from] Stealth Rock
|move|p2a: Kipling|Brave Bird|p1a: Teen Mom
|-damage|p1a: Teen Mom|96\/651
|-damage|p2a: Kipling|55\/353|[from] recoil|[of] p1a: Teen Mom
|
|-heal|p2a: Kipling|77\/353|[from] item: Black Sludge
|turn|57
|
|move|p2a: Kipling|Brave Bird|p1a: Teen Mom
|-damage|p1a: Teen Mom|0 fnt
|-damage|p2a: Kipling|45\/353|[from] recoil|[of] p1a: Teen Mom
|faint|p1a: Teen Mom
|
|-heal|p2a: Kipling|67\/353|[from] item: Black Sludge
|
|switch|p1a: King K. Rool|Feraligatr, M|146\/311 brn
|-damage|p1a: King K. Rool|108\/311 brn|[from] Stealth Rock
|-damage|p1a: King K. Rool|70\/311 brn|[from] Spikes
|turn|58
|
|move|p1a: King K. Rool|Aqua Jet|p2a: Kipling
|-damage|p2a: Kipling|0 fnt
|faint|p2a: Kipling
|
|-damage|p1a: King K. Rool|32\/311 brn|[from] brn
|
|switch|p2a: Nightingale|Blissey, F|409\/714
|-damage|p2a: Nightingale|320\/714|[from] Stealth Rock
|turn|59
|
|switch|p1a: Gligar|Gligar, M|120\/333
|-damage|p1a: Gligar|79\/333|[from] Stealth Rock
|move|p2a: Nightingale|Protect|p2a: Nightingale
|-fail|p2a: Nightingale
|
|-heal|p2a: Nightingale|364\/714|[from] item: Leftovers
|turn|60
|
|move|p1a: Gligar|U-turn|p2a: Nightingale
|-damage|p2a: Nightingale|285\/714
|
|switch|p1a: Clit|Alomomola, F|225\/471
|-damage|p1a: Clit|167\/471|[from] Spikes
|-damage|p1a: Clit|109\/471|[from] Stealth Rock
|move|p2a: Nightingale|Seismic Toss|p1a: Clit
|-damage|p1a: Clit|9\/471
|
|-heal|p2a: Nightingale|329\/714|[from] item: Leftovers
|turn|61
|
|move|p1a: Clit|Healing Wish|p1a: Clit
|faint|p1a: Clit
|move|p2a: Nightingale|Seismic Toss|p1: Clit|[notarget]
|-notarget
|
|-heal|p2a: Nightingale|373\/714|[from] item: Leftovers
|
|switch|p1a: King K. Rool|Feraligatr, M|32\/311 brn
|-heal|p1a: King K. Rool|311\/311|[from] move: Healing Wish
|-damage|p1a: King K. Rool|273\/311|[from] Spikes
|-damage|p1a: King K. Rool|235\/311|[from] Stealth Rock
|turn|62
|
|move|p1a: King K. Rool|Swords Dance|p1a: King K. Rool
|-boost|p1a: King K. Rool|atk|2
|move|p2a: Nightingale|Wish|p2a: Nightingale
|
|-heal|p2a: Nightingale|417\/714|[from] item: Leftovers
|turn|63
|chat|JayHankEdLyon|Yay, your gimmick set won this time!
|chat|Brock's Blue Balls|get shrekt.
|
|switch|p2a: Eisenhower|Forretress, M|186\/354
|-damage|p2a: Eisenhower|142\/354|[from] Stealth Rock
|move|p1a: King K. Rool|Waterfall|p2a: Eisenhower
|-damage|p2a: Eisenhower|0 fnt
|faint|p2a: Eisenhower
|
|
|switch|p2a: Sableye|Sableye, M|44\/303
|-damage|p2a: Sableye|7\/303|[from] Stealth Rock
|turn|64
|
|move|p1a: King K. Rool|Aqua Jet|p2a: Sableye
|-damage|p2a: Sableye|0 fnt
|faint|p2a: Sableye
|
|
|switch|p2a: Nightingale|Blissey, F|417\/714
|-damage|p2a: Nightingale|328\/714|[from] Stealth Rock
|turn|65
|chat|JayHankEdLyon|Congrats
|chat|Brock's Blue Balls|i thought i was getting my ass kicked?
|chat|JayHankEdLyon|Still a massive tool, though
|chat|JayHankEdLyon|So in the game of life, I'm clearly the victor
|chat|Brock's Blue Balls|get gud scrub
|chat|JayHankEdLyon|Have fun being pathetic and actually seriously using words like "scrub" in a game, lol
|leave|JayHankEdLyon
|player|p2
|chat|Brock's Blue Balls|lol
|-message|jayhankedlyon lost due to inactivity.
|
|win|Brock's Blue Balls
|raw|Ladder updating...
|raw|Ladder (probably) updated, but score could not be retrieved (timeout).
|raw|Ladder (probably) updated, but score could not be retrieved (Error: socket hang up).