|join|DISCONNECTSFUCKME2
|join|Brock's Blue Balls
|player|p1|DISCONNECTSFUCKME2|125
|player|p2|Brock's Blue Balls|154
|gametype|singles
|gen|6
|tier|UU
|rated
|rule|Sleep Clause Mod: Limit one foe put to sleep
|rule|Species Clause: Limit one of each Pokemon
|rule|OHKO Clause: OHKO moves are banned
|rule|Moody Clause: Moody is banned
|rule|Evasion Moves Clause: Evasion moves are banned
|rule|Endless Battle Clause: Forcing endless battles is banned.
|rule|HP Percentage Mod: HP is reported as percentages
|clearpoke
|poke|p1|Victini, shiny
|poke|p1|Florges, F, shiny
|poke|p1|Mew, shiny
|poke|p1|Ampharos, F, shiny
|poke|p1|Forretress, F, shiny
|poke|p1|Hydreigon, F, shiny
|poke|p2|Sableye, F
|poke|p2|Dugtrio, F
|poke|p2|Florges, F
|poke|p2|Nidoking, M
|poke|p2|Slowbro, M
|poke|p2|Crobat, M
|teampreview
|
|start
|switch|p1a: Hydreigon|Hydreigon, F, shiny|325\/325
|switch|p2a: Bloodsugar|Crobat, M|311\/311
|turn|1
|
|switch|p2a: Freya|Florges, F|360\/360
|switch|p1a: Ampharos|Ampharos, F, shiny|383\/383
|
|turn|2
|
|switch|p1a: Victini|Victini, shiny|341\/341
|move|p2a: Freya|Moonblast|p1a: Victini
|-crit|p1a: Victini
|-resisted|p1a: Victini
|-damage|p1a: Victini|251\/341
|
|turn|3
|
|move|p2a: Freya|Protect|p2a: Freya
|-singleturn|p2a: Freya|Protect
|move|p1a: Victini|U-turn|p2a: Freya
|-activate|p2a: Freya|Protect
|
|turn|4
|
|move|p1a: Victini|U-turn|p2a: Freya
|-resisted|p2a: Freya
|-damage|p2a: Freya|304\/360
|
|switch|p1a: Forretress|Forretress, F, shiny|353\/353
|move|p2a: Freya|Moonblast|p1a: Forretress
|-resisted|p1a: Forretress
|-damage|p1a: Forretress|287\/353
|-unboost|p1a: Forretress|spa|1
|
|-heal|p2a: Freya|326\/360|[from] item: Leftovers
|-heal|p1a: Forretress|309\/353|[from] item: Leftovers
|turn|5
|
|switch|p2a: Bloodsugar|Crobat, M|311\/311
|move|p1a: Forretress|Stealth Rock|p2a: Bloodsugar
|-sidestart|p2: Brock's Blue Balls|move: Stealth Rock
|
|-heal|p1a: Forretress|331\/353|[from] item: Leftovers
|turn|6
|
|move|p2a: Bloodsugar|Defog|p1a: Forretress
|-unboost|p1a: Forretress|evasion|1
|-sideend|p2: Brock's Blue Balls|Stealth Rock|[from] move: Defog|[of] p2a: Bloodsugar
|move|p1a: Forretress|Gyro Ball|p2a: Bloodsugar
|-damage|p2a: Bloodsugar|134\/311
|
|-heal|p2a: Bloodsugar|153\/311|[from] item: Black Sludge
|-heal|p1a: Forretress|353\/353|[from] item: Leftovers
|turn|7
|
|move|p2a: Bloodsugar|Roost|p2a: Bloodsugar
|-heal|p2a: Bloodsugar|309\/311
|move|p1a: Forretress|Stealth Rock|p2a: Bloodsugar
|-sidestart|p2: Brock's Blue Balls|move: Stealth Rock
|
|-heal|p2a: Bloodsugar|311\/311|[from] item: Black Sludge
|turn|8
|
|move|p2a: Bloodsugar|Defog|p1a: Forretress
|-unboost|p1a: Forretress|evasion|1
|-sideend|p2: Brock's Blue Balls|Stealth Rock|[from] move: Defog|[of] p2a: Bloodsugar
|move|p1a: Forretress|Gyro Ball|p2a: Bloodsugar
|-damage|p2a: Bloodsugar|146\/311
|
|-heal|p2a: Bloodsugar|165\/311|[from] item: Black Sludge
|turn|9
|
|move|p2a: Bloodsugar|Roost|p2a: Bloodsugar
|-heal|p2a: Bloodsugar|311\/311
|move|p1a: Forretress|Volt Switch|p2a: Bloodsugar
|-damage|p2a: Bloodsugar|283\/311
|
|switch|p1a: Ampharos|Ampharos, F, shiny|383\/383
|
|-heal|p2a: Bloodsugar|302\/311|[from] item: Black Sludge
|turn|10
|
|detailschange|p1a: Ampharos|Ampharos-Mega, F, shiny
|message|Ampharos has Mega Evolved into Mega Ampharos!
|-ability|p1a: Ampharos|Mold Breaker
|move|p2a: Bloodsugar|U-turn|p1a: Ampharos
|-damage|p1a: Ampharos|340\/383
|
|switch|p2a: Freya|Florges, F|326\/360
|move|p1a: Ampharos|Dragon Pulse|p2a: Freya
|-immune|p2a: Freya|[msg]
|
|-heal|p2a: Freya|348\/360|[from] item: Leftovers
|turn|11
|
|switch|p1a: Victini|Victini, shiny|251\/341
|move|p2a: Freya|Moonblast|p1a: Victini
|-resisted|p1a: Victini
|-damage|p1a: Victini|185\/341
|
|-heal|p2a: Freya|360\/360|[from] item: Leftovers
|turn|12
|
|move|p2a: Freya|Protect|p2a: Freya
|-singleturn|p2a: Freya|Protect
|move|p1a: Victini|V-create|p2a: Freya
|-activate|p2a: Freya|Protect
|
|turn|13
|
|switch|p2a: Short Bus|Slowbro, M|394\/394
|move|p1a: Victini|V-create|p2a: Short Bus
|-resisted|p2a: Short Bus
|-damage|p2a: Short Bus|247\/394
|-damage|p1a: Victini|129\/341|[from] item: Rocky Helmet|[of] p2a: Short Bus
|-unboost|p1a: Victini|def|1
|-unboost|p1a: Victini|spd|1
|-unboost|p1a: Victini|spe|1
|
|turn|14
|
|switch|p1a: Hydreigon|Hydreigon, F, shiny|325\/325
|move|p2a: Short Bus|Scald|p1a: Hydreigon
|-resisted|p1a: Hydreigon
|-damage|p1a: Hydreigon|278\/325
|-status|p1a: Hydreigon|brn
|
|-damage|p1a: Hydreigon|238\/325 brn|[from] brn
|turn|15
|
|switch|p2a: Freya|Florges, F|360\/360
|move|p1a: Hydreigon|Flash Cannon|p2a: Freya
|-supereffective|p2a: Freya
|-damage|p2a: Freya|181\/360
|-damage|p1a: Hydreigon|206\/325 brn|[from] item: Life Orb
|
|-heal|p2a: Freya|203\/360|[from] item: Leftovers
|-damage|p1a: Hydreigon|166\/325 brn|[from] brn
|turn|16
|
|move|p1a: Hydreigon|Roost|p1a: Hydreigon
|-heal|p1a: Hydreigon|325\/325 brn
|move|p2a: Freya|Wish|p2a: Freya
|
|-heal|p2a: Freya|225\/360|[from] item: Leftovers
|-damage|p1a: Hydreigon|285\/325 brn|[from] brn
|turn|17
|
|switch|p1a: Forretress|Forretress, F, shiny|353\/353
|move|p2a: Freya|Moonblast|p1a: Forretress
|-resisted|p1a: Forretress
|-damage|p1a: Forretress|290\/353
|
|-heal|p2a: Freya|360\/360|[from] move: Wish|[wisher] Freya
|-heal|p1a: Forretress|312\/353|[from] item: Leftovers
|turn|18
|
|switch|p2a: Bloodsugar|Crobat, M|302\/311
|move|p1a: Forretress|Stealth Rock|p2a: Bloodsugar
|-sidestart|p2: Brock's Blue Balls|move: Stealth Rock
|
|-heal|p2a: Bloodsugar|311\/311|[from] item: Black Sludge
|-heal|p1a: Forretress|334\/353|[from] item: Leftovers
|turn|19
|
|move|p2a: Bloodsugar|Defog|p1a: Forretress
|-unboost|p1a: Forretress|evasion|1
|-sideend|p2: Brock's Blue Balls|Stealth Rock|[from] move: Defog|[of] p2a: Bloodsugar
|move|p1a: Forretress|Volt Switch|p2a: Bloodsugar
|-supereffective|p2a: Bloodsugar
|-damage|p2a: Bloodsugar|229\/311
|
|switch|p1a: Ampharos|Ampharos-Mega, F, shiny|340\/383
|-ability|p1a: Ampharos|Mold Breaker
|
|-heal|p2a: Bloodsugar|248\/311|[from] item: Black Sludge
|turn|20
|
|move|p2a: Bloodsugar|U-turn|p1a: Ampharos
|-damage|p1a: Ampharos|290\/383
|
|switch|p2a: Freya|Florges, F|360\/360
|move|p1a: Ampharos|Volt Switch|p2a: Freya
|-damage|p2a: Freya|273\/360
|
|switch|p1a: Mew|Mew, shiny|403\/403
|
|-heal|p2a: Freya|295\/360|[from] item: Leftovers
|turn|21
|
|switch|p2a: Dilly Dally Ghost|Sableye, F|301\/301
|move|p1a: Mew|Knock Off|p2a: Dilly Dally Ghost
|-damage|p2a: Dilly Dally Ghost|201\/301
|-enditem|p2a: Dilly Dally Ghost|Leftovers|[from] move: Knock Off|[of] p1a: Mew
|
|turn|22
|
|switch|p1a: Florges|Florges, F, shiny|359\/359
|move|p2a: Dilly Dally Ghost|Taunt|p1a: Florges
|-start|p1a: Florges|move: Taunt
|
|turn|23
|
|switch|p2a: Nidoking|Nidoking, M|303\/303
|move|p1a: Florges|Moonblast|p2a: Nidoking
|-resisted|p2a: Nidoking
|-damage|p2a: Nidoking|218\/303
|
|turn|24
|
|switch|p1a: Mew|Mew, shiny|403\/403
|move|p2a: Nidoking|Earth Power|p1a: Mew
|-damage|p1a: Mew|261\/403
|
|-heal|p1a: Mew|286\/403|[from] item: Leftovers
|turn|25
|
|move|p2a: Nidoking|Megahorn|p1a: Mew
|-crit|p1a: Mew
|-supereffective|p1a: Mew
|-damage|p1a: Mew|0 fnt
|-damage|p2a: Nidoking|188\/303|[from] item: Life Orb
|faint|p1a: Mew
|
|
|switch|p1a: Victini|Victini, shiny|129\/341
|turn|26
|
|switch|p2a: Short Bus|Slowbro, M|378\/394
|move|p1a: Victini|U-turn|p2a: Short Bus
|-supereffective|p2a: Short Bus
|-damage|p2a: Short Bus|220\/394
|-damage|p1a: Victini|73\/341|[from] item: Rocky Helmet|[of] p2a: Short Bus
|
|switch|p1a: Hydreigon|Hydreigon, F, shiny|285\/325 brn
|
|-damage|p1a: Hydreigon|245\/325 brn|[from] brn
|turn|27
|
|switch|p2a: Freya|Florges, F|295\/360
|move|p1a: Hydreigon|Dark Pulse|p2a: Freya
|-resisted|p2a: Freya
|-damage|p2a: Freya|237\/360
|-damage|p1a: Hydreigon|213\/325 brn|[from] item: Life Orb
|
|-heal|p2a: Freya|259\/360|[from] item: Leftovers
|-damage|p1a: Hydreigon|173\/325 brn|[from] brn
|turn|28
|
|switch|p1a: Florges|Florges, F, shiny|359\/359
|move|p2a: Freya|Wish|p2a: Freya
|
|-heal|p2a: Freya|281\/360|[from] item: Leftovers
|turn|29
|
|switch|p2a: Nidoking|Nidoking, M|188\/303
|move|p1a: Florges|Wish|p1a: Florges
|
|-heal|p2a: Nidoking|303\/303|[from] move: Wish|[wisher] Freya
|turn|30
|
|switch|p1a: Forretress|Forretress, F, shiny|334\/353
|move|p2a: Nidoking|Ice Beam|p1a: Forretress
|-resisted|p1a: Forretress
|-damage|p1a: Forretress|266\/353
|
|-heal|p1a: Forretress|353\/353|[from] move: Wish|[wisher] Florges
|turn|31
|
|move|p2a: Nidoking|Earth Power|p1a: Forretress
|-damage|p1a: Forretress|150\/353
|move|p1a: Forretress|Gyro Ball|p2a: Nidoking
|-damage|p2a: Nidoking|177\/303
|
|-heal|p1a: Forretress|172\/353|[from] item: Leftovers
|turn|32
|
|switch|p1a: Hydreigon|Hydreigon, F, shiny|173\/325 brn
|move|p2a: Nidoking|Ice Beam|p1a: Hydreigon
|-supereffective|p1a: Hydreigon
|-damage|p1a: Hydreigon|0 fnt
|faint|p1a: Hydreigon
|
|-message|DISCONNECTSFUCKME2 forfeited.
|
|win|Brock's Blue Balls
|raw|Ladder updating...
|leave|DISCONNECTSFUCKME2
|player|p1
|raw|DISCONNECTSFUCKME2's rating: 1426 &rarr; <strong>1411<\/strong><br \/>(-15 for losing)
|raw|Brock&apos;s Blue Balls's rating: 1516 &rarr; <strong>1531<\/strong><br \/>(+15 for winning)