|join|Brock's Blue Balls
|join|ULT Spook
|player|p1|Brock's Blue Balls|154
|player|p2|ULT Spook|46
|gametype|singles
|gen|6
|tier|UU
|rated
|rule|Sleep Clause Mod: Limit one foe put to sleep
|rule|Species Clause: Limit one of each PokÃ©mon
|rule|OHKO Clause: OHKO moves are banned
|rule|Moody Clause: Moody is banned
|rule|Evasion Moves Clause: Evasion moves are banned
|rule|Endless Battle Clause: Forcing endless battles is banned
|rule|HP Percentage Mod: HP is reported as percentages
|clearpoke
|poke|p1|Doublade, M, shiny
|poke|p1|Granbull, M
|poke|p1|Blissey, F
|poke|p1|Houndoom, M
|poke|p1|Tentacruel, M
|poke|p1|Rotom-Mow
|poke|p2|Slowbro, F, shiny
|poke|p2|Amoonguss, M
|poke|p2|Heracross, M
|poke|p2|Jirachi
|poke|p2|Crobat, F, shiny
|poke|p2|Hydreigon, F, shiny
|rule|Swagger Clause: Swagger is banned
|rule|Baton Pass Clause: Limit one PokÃ©mon knowing Baton Pass
|teampreview
|
|start
|switch|p1a: Teen Mom|Blissey, F|651\/651
|switch|p2a: Jirachi|Jirachi|404\/404
|turn|1
|
|move|p2a: Jirachi|Stealth Rock|p1a: Teen Mom
|-sidestart|p1: Brock's Blue Balls|move: Stealth Rock
|move|p1a: Teen Mom|Stealth Rock|p2a: Jirachi
|-sidestart|p2: ULT Spook|move: Stealth Rock
|
|turn|2
|
|move|p2a: Jirachi|Thunder Wave|p1a: Teen Mom
|-status|p1a: Teen Mom|par
|move|p1a: Teen Mom|Seismic Toss|p2a: Jirachi
|-damage|p2a: Jirachi|304\/404
|
|-heal|p2a: Jirachi|329\/404|[from] item: Leftovers
|turn|3
|
|switch|p1a: Landing Strip?|Rotom-Mow|241\/241
|-damage|p1a: Landing Strip?|211\/241|[from] Stealth Rock
|move|p2a: Jirachi|U-turn|p1a: Landing Strip?
|-supereffective|p1a: Landing Strip?
|-damage|p1a: Landing Strip?|87\/241
|
|switch|p2a: Hydreigon|Hydreigon, F, shiny|325\/325
|-damage|p2a: Hydreigon|285\/325|[from] Stealth Rock
|
|turn|4
|
|switch|p1a: Boodro|Granbull, M|377\/377
|-damage|p1a: Boodro|330\/377|[from] Stealth Rock
|-ability|p1a: Boodro|Intimidate|[of] p2a: Hydreigon
|-unboost|p2a: Hydreigon|atk|1
|move|p2a: Hydreigon|U-turn|p1a: Boodro
|-crit|p1a: Boodro
|-resisted|p1a: Boodro
|-damage|p1a: Boodro|295\/377
|
|switch|p2a: Amoonguss|Amoonguss, M|432\/432
|-damage|p2a: Amoonguss|378\/432|[from] Stealth Rock
|
|-heal|p1a: Boodro|318\/377|[from] item: Leftovers
|turn|5
|
|switch|p1a: Kraken|Tentacruel, M|361\/361
|-damage|p1a: Kraken|316\/361|[from] Stealth Rock
|switch|p2a: Heracross|Heracross, M|325\/325
|-damage|p2a: Heracross|285\/325|[from] Stealth Rock
|
|-heal|p2a: Heracross|305\/325|[from] item: Leftovers
|-heal|p1a: Kraken|338\/361|[from] item: Leftovers
|turn|6
|
|move|p2a: Heracross|Swords Dance|p2a: Heracross
|-boost|p2a: Heracross|atk|2
|move|p1a: Kraken|Scald|p2a: Heracross
|-damage|p2a: Heracross|220\/325
|-status|p2a: Heracross|brn
|
|-heal|p2a: Heracross|240\/325 brn|[from] item: Leftovers
|-heal|p1a: Kraken|360\/361|[from] item: Leftovers
|-damage|p2a: Heracross|200\/325 brn|[from] brn
|turn|7
|
|move|p1a: Kraken|Protect|p1a: Kraken
|-singleturn|p1a: Kraken|Protect
|move|p2a: Heracross|Knock Off|p1a: Kraken
|-activate|p1a: Kraken|Protect
|
|-heal|p2a: Heracross|220\/325 brn|[from] item: Leftovers
|-heal|p1a: Kraken|361\/361|[from] item: Leftovers
|-damage|p2a: Heracross|180\/325 brn|[from] brn
|turn|8
|
|switch|p1a: Boodro|Granbull, M|318\/377
|-damage|p1a: Boodro|271\/377|[from] Stealth Rock
|-ability|p1a: Boodro|Intimidate|[of] p2a: Heracross
|-unboost|p2a: Heracross|atk|1
|move|p2a: Heracross|Knock Off|p1a: Boodro
|-resisted|p1a: Boodro
|-damage|p1a: Boodro|148\/377
|-enditem|p1a: Boodro|Leftovers|[from] move: Knock Off|[of] p2a: Heracross
|
|-heal|p2a: Heracross|200\/325 brn|[from] item: Leftovers
|-damage|p2a: Heracross|160\/325 brn|[from] brn
|turn|9
|
|move|p2a: Heracross|Close Combat|p1a: Boodro
|-resisted|p1a: Boodro
|-damage|p1a: Boodro|0 fnt
|-unboost|p2a: Heracross|def|1
|-unboost|p2a: Heracross|spd|1
|faint|p1a: Boodro
|
|-heal|p2a: Heracross|180\/325 brn|[from] item: Leftovers
|-damage|p2a: Heracross|140\/325 brn|[from] brn
|
|switch|p1a: Landing Strip?|Rotom-Mow|87\/241
|-damage|p1a: Landing Strip?|57\/241|[from] Stealth Rock
|turn|10
|
|switch|p2a: Amoonguss|Amoonguss, M|432\/432
|-damage|p2a: Amoonguss|378\/432|[from] Stealth Rock
|move|p1a: Landing Strip?|Volt Switch|p2a: Amoonguss
|-resisted|p2a: Amoonguss
|-damage|p2a: Amoonguss|345\/432
|
|switch|p1a: Cerberus|Houndoom, M|291\/291
|-damage|p1a: Cerberus|219\/291|[from] Stealth Rock
|
|turn|11
|
|detailschange|p1a: Cerberus|Houndoom-Mega, M
|message|Houndoom has Mega Evolved into Mega Houndoom!
|move|p1a: Cerberus|Fire Blast|p2a: Amoonguss
|-supereffective|p2a: Amoonguss
|-damage|p2a: Amoonguss|79\/432
|move|p2a: Amoonguss|Sludge Bomb|p1a: Cerberus
|-damage|p1a: Cerberus|104\/291
|
|turn|12
|
|move|p1a: Cerberus|Dark Pulse|p2a: Amoonguss
|-damage|p2a: Amoonguss|0 fnt
|faint|p2a: Amoonguss
|
|
|switch|p2a: Hydreigon|Hydreigon, F, shiny|285\/325
|-damage|p2a: Hydreigon|245\/325|[from] Stealth Rock
|turn|13
|
|switch|p1a: Teen Mom|Blissey, F|651\/651
|-damage|p1a: Teen Mom|570\/651|[from] Stealth Rock
|move|p2a: Hydreigon|U-turn|p1a: Teen Mom
|-crit|p1a: Teen Mom
|-damage|p1a: Teen Mom|403\/651
|
|switch|p2a: Heracross|Heracross, M|140\/325 brn
|-damage|p2a: Heracross|100\/325 brn|[from] Stealth Rock
|
|-heal|p2a: Heracross|120\/325 brn|[from] item: Leftovers
|-heal|p1a: Teen Mom|443\/651|[from] item: Leftovers
|-damage|p2a: Heracross|80\/325 brn|[from] brn
|turn|14
|
|switch|p1a: Kraken|Tentacruel, M|361\/361
|-damage|p1a: Kraken|316\/361|[from] Stealth Rock
|move|p2a: Heracross|Knock Off|p1a: Kraken
|-damage|p1a: Kraken|131\/361
|-enditem|p1a: Kraken|Leftovers|[from] move: Knock Off|[of] p2a: Heracross
|
|-heal|p2a: Heracross|100\/325 brn|[from] item: Leftovers
|-damage|p2a: Heracross|60\/325 brn|[from] brn
|turn|15
|
|move|p2a: Heracross|Swords Dance|p2a: Heracross
|-boost|p2a: Heracross|atk|2
|move|p1a: Kraken|Rapid Spin|p2a: Heracross
|-damage|p2a: Heracross|49\/325 brn
|-sideend|p1: Brock's Blue Balls|Stealth Rock|[from] move: Rapid Spin|[of] p1a: Kraken
|
|-heal|p2a: Heracross|69\/325 brn|[from] item: Leftovers
|-damage|p2a: Heracross|29\/325 brn|[from] brn
|turn|16
|
|move|p1a: Kraken|Protect|p1a: Kraken
|-singleturn|p1a: Kraken|Protect
|move|p2a: Heracross|Knock Off|p1a: Kraken
|-activate|p1a: Kraken|Protect
|
|-heal|p2a: Heracross|49\/325 brn|[from] item: Leftovers
|-damage|p2a: Heracross|9\/325 brn|[from] brn
|turn|17
|
|move|p1a: Kraken|Protect|p1a: Kraken
|-fail|p1a: Kraken
|move|p2a: Heracross|Knock Off|p1a: Kraken
|-damage|p1a: Kraken|0 fnt
|faint|p1a: Kraken
|
|-heal|p2a: Heracross|29\/325 brn|[from] item: Leftovers
|-damage|p2a: Heracross|0 fnt|[from] brn
|faint|p2a: Heracross
|
|switch|p2a: Hydreigon|Hydreigon, F, shiny|245\/325
|-damage|p2a: Hydreigon|205\/325|[from] Stealth Rock
|switch|p1a: Cerberus|Houndoom-Mega, M|104\/291
|turn|18
|
|switch|p1a: Teen Mom|Blissey, F|443\/651
|move|p2a: Hydreigon|Dragon Pulse|p1a: Teen Mom
|-damage|p1a: Teen Mom|331\/651
|
|-heal|p1a: Teen Mom|371\/651|[from] item: Leftovers
|turn|19
|
|switch|p2a: Jirachi|Jirachi|329\/404
|-damage|p2a: Jirachi|304\/404|[from] Stealth Rock
|switch|p1a: Cerberus|Houndoom-Mega, M|104\/291
|
|-heal|p2a: Jirachi|329\/404|[from] item: Leftovers
|turn|20
|
|switch|p2a: Hydreigon|Hydreigon, F, shiny|205\/325
|-damage|p2a: Hydreigon|165\/325|[from] Stealth Rock
|move|p1a: Cerberus|Dark Pulse|p2a: Hydreigon
|-resisted|p2a: Hydreigon
|-damage|p2a: Hydreigon|74\/325
|
|turn|21
|
|switch|p1a: Teen Mom|Blissey, F|371\/651
|move|p2a: Hydreigon|U-turn|p1a: Teen Mom
|-damage|p1a: Teen Mom|261\/651
|
|switch|p2a: Jirachi|Jirachi|329\/404
|-damage|p2a: Jirachi|304\/404|[from] Stealth Rock
|
|-heal|p2a: Jirachi|329\/404|[from] item: Leftovers
|-heal|p1a: Teen Mom|301\/651|[from] item: Leftovers
|turn|22
|
|switch|p1a: Venetia Shield|Doublade, M, shiny|309\/309
|move|p2a: Jirachi|Stealth Rock|p1a: Venetia Shield
|-sidestart|p1: Brock's Blue Balls|move: Stealth Rock
|
|-heal|p2a: Jirachi|354\/404|[from] item: Leftovers
|turn|23
|
|move|p2a: Jirachi|Thunder Wave|p1a: Venetia Shield
|-status|p1a: Venetia Shield|par
|cant|p1a: Venetia Shield|par
|
|-heal|p2a: Jirachi|379\/404|[from] item: Leftovers
|turn|24
|
|move|p2a: Jirachi|Iron Head|p1a: Venetia Shield
|-resisted|p1a: Venetia Shield
|-damage|p1a: Venetia Shield|285\/309 par
|move|p1a: Venetia Shield|Swords Dance|p1a: Venetia Shield
|-boost|p1a: Venetia Shield|atk|2
|
|-heal|p2a: Jirachi|404\/404|[from] item: Leftovers
|turn|25
|chat|Brock's Blue Balls|ofc you would. no respect for chumps who use twave jirachi
|
|move|p1a: Venetia Shield|Shadow Sneak|p2a: Jirachi
|-supereffective|p2a: Jirachi
|-damage|p2a: Jirachi|108\/404
|move|p2a: Jirachi|Iron Head|p1a: Venetia Shield
|-resisted|p1a: Venetia Shield
|-damage|p1a: Venetia Shield|259\/309 par
|
|-heal|p2a: Jirachi|133\/404|[from] item: Leftovers
|turn|26
|-message|ULT Spook forfeited.
|
|win|Brock's Blue Balls
|raw|Ladder updating...
|leave|ULT Spook
|player|p2
|raw|Brock&apos;s Blue Balls's rating: 1574 &rarr; <strong>1582<\/strong><br \/>(+8 for winning)
|raw|ULT Spook's rating: 1340 &rarr; <strong>1331<\/strong><br \/>(-9 for losing)