|join|R_W_Test
|join|Brock's Blue Balls
|player|p1|R_W_Test|265
|player|p2|Brock's Blue Balls|154
|gametype|singles
|gen|6
|tier|UU
|rated
|rule|Sleep Clause Mod: Limit one foe put to sleep
|rule|Species Clause: Limit one of each Pokemon
|rule|OHKO Clause: OHKO moves are banned
|rule|Moody Clause: Moody is banned
|rule|Evasion Moves Clause: Evasion moves are banned
|rule|Endless Battle Clause: Forcing endless battles is banned.
|rule|HP Percentage Mod: HP is reported as percentages
|clearpoke
|poke|p1|Raikou
|poke|p1|Nidoqueen, F
|poke|p1|Aerodactyl, M
|poke|p1|Florges, F
|poke|p1|Victini
|poke|p1|Mienshao, F
|poke|p2|Sableye, M
|poke|p2|Dugtrio, M
|poke|p2|Florges, F
|poke|p2|Nidoking, M
|poke|p2|Slowbro, M
|poke|p2|Crobat, F
|teampreview
|
|start
|switch|p1a: Victini|Victini|341\/341
|switch|p2a: Dilly Dally Ghost|Sableye, M|301\/301
|turn|1
|
|switch|p2a: Short Bus|Slowbro, M|394\/394
|move|p1a: Victini|U-turn|p2a: Short Bus
|-supereffective|p2a: Short Bus
|-damage|p2a: Short Bus|254\/394
|-damage|p1a: Victini|285\/341|[from] item: Rocky Helmet|[of] p2a: Short Bus
|
|switch|p1a: Nidoqueen|Nidoqueen, F|353\/353
|
|turn|2
|
|switch|p2a: Dilly Dally Ghost|Sableye, M|301\/301
|move|p1a: Nidoqueen|Stealth Rock|p2a: Dilly Dally Ghost
|-sidestart|p2: Brock's Blue Balls|move: Stealth Rock
|
|turn|3
|
|move|p1a: Nidoqueen|Earth Power|p2a: Dilly Dally Ghost
|-damage|p2a: Dilly Dally Ghost|120\/301
|move|p2a: Dilly Dally Ghost|Knock Off|p1a: Nidoqueen
|-damage|p1a: Nidoqueen|259\/353
|-enditem|p1a: Nidoqueen|Life Orb|[from] move: Knock Off|[of] p2a: Dilly Dally Ghost
|
|-heal|p2a: Dilly Dally Ghost|138\/301|[from] item: Leftovers
|turn|4
|
|move|p2a: Dilly Dally Ghost|Recover|p2a: Dilly Dally Ghost
|-heal|p2a: Dilly Dally Ghost|289\/301
|move|p1a: Nidoqueen|Earth Power|p2a: Dilly Dally Ghost
|-damage|p2a: Dilly Dally Ghost|136\/301
|
|-heal|p2a: Dilly Dally Ghost|154\/301|[from] item: Leftovers
|turn|5
|
|switch|p1a: Victini|Victini|285\/341
|move|p2a: Dilly Dally Ghost|Recover|p2a: Dilly Dally Ghost
|-heal|p2a: Dilly Dally Ghost|301\/301
|
|turn|6
|
|switch|p2a: Short Bus|Slowbro, M|385\/394
|-damage|p2a: Short Bus|336\/394|[from] Stealth Rock
|move|p1a: Victini|Bolt Strike|p2a: Short Bus
|-supereffective|p2a: Short Bus
|-damage|p2a: Short Bus|78\/394
|-damage|p1a: Victini|229\/341|[from] item: Rocky Helmet|[of] p2a: Short Bus
|-status|p2a: Short Bus|par
|
|turn|7
|
|switch|p1a: Aerodactyl|Aerodactyl, M|329\/329
|-ability|p1a: Aerodactyl|Pressure
|switch|p2a: Nidoking|Nidoking, M|303\/303
|-damage|p2a: Nidoking|285\/303|[from] Stealth Rock
|
|turn|8
|
|detailschange|p1a: Aerodactyl|Aerodactyl-Mega, M
|message|Aerodactyl has Mega Evolved into Mega Aerodactyl!
|move|p1a: Aerodactyl|Aqua Tail|p2a: Nidoking
|-supereffective|p2a: Nidoking
|-damage|p2a: Nidoking|0 fnt
|faint|p2a: Nidoking
|
|
|switch|p2a: Short Bus|Slowbro, M|209\/394 par
|-damage|p2a: Short Bus|160\/394 par|[from] Stealth Rock
|turn|9
|
|switch|p2a: Freya|Florges, F|360\/360
|-damage|p2a: Freya|315\/360|[from] Stealth Rock
|move|p1a: Aerodactyl|Stone Edge|p2a: Freya
|-damage|p2a: Freya|147\/360
|
|-heal|p2a: Freya|169\/360|[from] item: Leftovers
|turn|10
|
|switch|p1a: Nidoqueen|Nidoqueen, F|259\/353
|move|p2a: Freya|Protect|p2a: Freya
|-fail|p2a: Freya
|
|-heal|p2a: Freya|191\/360|[from] item: Leftovers
|turn|11
|
|move|p2a: Freya|Protect|p2a: Freya
|-singleturn|p2a: Freya|Protect
|move|p1a: Nidoqueen|Sludge Wave|p2a: Freya
|-activate|p2a: Freya|Protect
|
|-heal|p2a: Freya|213\/360|[from] item: Leftovers
|turn|12
|
|switch|p1a: Victini|Victini|229\/341
|switch|p2a: Dilly Dally Ghost|Sableye, M|301\/301
|-damage|p2a: Dilly Dally Ghost|264\/301|[from] Stealth Rock
|
|-heal|p2a: Dilly Dally Ghost|282\/301|[from] item: Leftovers
|turn|13
|
|switch|p2a: Short Bus|Slowbro, M|291\/394 par
|-damage|p2a: Short Bus|242\/394 par|[from] Stealth Rock
|move|p1a: Victini|V-create|p2a: Short Bus
|-resisted|p2a: Short Bus
|-damage|p2a: Short Bus|108\/394 par
|-damage|p1a: Victini|173\/341|[from] item: Rocky Helmet|[of] p2a: Short Bus
|-unboost|p1a: Victini|def|1
|-unboost|p1a: Victini|spd|1
|-unboost|p1a: Victini|spe|1
|
|turn|14
|
|switch|p2a: Freya|Florges, F|213\/360
|-damage|p2a: Freya|168\/360|[from] Stealth Rock
|move|p1a: Victini|V-create|p2a: Freya
|-damage|p2a: Freya|0 fnt
|-unboost|p1a: Victini|def|1
|-unboost|p1a: Victini|spd|1
|-unboost|p1a: Victini|spe|1
|faint|p2a: Freya
|
|
|switch|p2a: Turd Ferguson|Dugtrio, M|211\/211
|-damage|p2a: Turd Ferguson|198\/211|[from] Stealth Rock
|turn|15
|
|move|p2a: Turd Ferguson|Earthquake|p1a: Victini
|-supereffective|p1a: Victini
|-damage|p1a: Victini|0 fnt
|faint|p1a: Victini
|
|
|switch|p1a: Mienshao|Mienshao, F|271\/271
|turn|16
|
|switch|p2a: Dilly Dally Ghost|Sableye, M|282\/301
|-damage|p2a: Dilly Dally Ghost|245\/301|[from] Stealth Rock
|move|p1a: Mienshao|U-turn|p2a: Dilly Dally Ghost
|-damage|p2a: Dilly Dally Ghost|147\/301
|
|switch|p1a: Raikou|Raikou|322\/322
|-ability|p1a: Raikou|Pressure
|
|-heal|p2a: Dilly Dally Ghost|165\/301|[from] item: Leftovers
|turn|17
|
|move|p2a: Dilly Dally Ghost|Taunt|p1a: Raikou
|-start|p1a: Raikou|move: Taunt
|cant|p1a: Raikou|move: Taunt|Substitute
|
|-heal|p2a: Dilly Dally Ghost|183\/301|[from] item: Leftovers
|turn|18
|
|switch|p1a: Florges|Florges, F|360\/360
|move|p2a: Dilly Dally Ghost|Will-O-Wisp|p1a: Florges
|-status|p1a: Florges|brn
|
|-heal|p2a: Dilly Dally Ghost|201\/301|[from] item: Leftovers
|-damage|p1a: Florges|315\/360 brn|[from] brn
|turn|19
|
|switch|p2a: Bloodsugar|Crobat, F|311\/311
|-damage|p2a: Bloodsugar|234\/311|[from] Stealth Rock
|move|p1a: Florges|Moonblast|p2a: Bloodsugar
|-crit|p2a: Bloodsugar
|-resisted|p2a: Bloodsugar
|-damage|p2a: Bloodsugar|128\/311
|
|-heal|p2a: Bloodsugar|147\/311|[from] item: Black Sludge
|-heal|p1a: Florges|337\/360 brn|[from] item: Leftovers
|-damage|p1a: Florges|292\/360 brn|[from] brn
|turn|20
|
|move|p2a: Bloodsugar|Defog|p1a: Florges
|-unboost|p1a: Florges|evasion|1
|-sideend|p2: Brock's Blue Balls|Stealth Rock|[from] move: Defog|[of] p2a: Bloodsugar
|move|p1a: Florges|Wish|p1a: Florges
|
|-heal|p2a: Bloodsugar|166\/311|[from] item: Black Sludge
|-heal|p1a: Florges|314\/360 brn|[from] item: Leftovers
|-damage|p1a: Florges|269\/360 brn|[from] brn
|turn|21
|
|switch|p1a: Nidoqueen|Nidoqueen, F|259\/353
|move|p2a: Bloodsugar|Brave Bird|p1a: Nidoqueen
|-damage|p1a: Nidoqueen|76\/353
|-damage|p2a: Bloodsugar|106\/311|[from] recoil|[of] p1a: Nidoqueen
|
|-heal|p1a: Nidoqueen|256\/353|[from] move: Wish|[wisher] Florges
|-heal|p2a: Bloodsugar|125\/311|[from] item: Black Sludge
|turn|22
|
|move|p2a: Bloodsugar|Brave Bird|p1a: Nidoqueen
|-damage|p1a: Nidoqueen|70\/353
|-damage|p2a: Bloodsugar|64\/311|[from] recoil|[of] p1a: Nidoqueen
|move|p1a: Nidoqueen|Earth Power|p2a: Bloodsugar
|-immune|p2a: Bloodsugar|[msg]
|
|-heal|p2a: Bloodsugar|83\/311|[from] item: Black Sludge
|turn|23
|
|move|p2a: Bloodsugar|Roost|p2a: Bloodsugar
|-heal|p2a: Bloodsugar|239\/311
|move|p1a: Nidoqueen|Ice Beam|p2a: Bloodsugar
|-damage|p2a: Bloodsugar|122\/311
|
|-heal|p2a: Bloodsugar|141\/311|[from] item: Black Sludge
|turn|24
|
|move|p2a: Bloodsugar|Brave Bird|p1a: Nidoqueen
|-damage|p1a: Nidoqueen|0 fnt
|-damage|p2a: Bloodsugar|118\/311|[from] recoil|[of] p1a: Nidoqueen
|faint|p1a: Nidoqueen
|
|-heal|p2a: Bloodsugar|137\/311|[from] item: Black Sludge
|
|switch|p1a: Raikou|Raikou|322\/322
|-ability|p1a: Raikou|Pressure
|turn|25
|
|move|p2a: Bloodsugar|U-turn|p1a: Raikou
|-damage|p1a: Raikou|232\/322
|
|switch|p2a: Turd Ferguson|Dugtrio, M|198\/211
|move|p1a: Raikou|Substitute|p1a: Raikou
|-start|p1a: Raikou|Substitute
|-damage|p1a: Raikou|152\/322
|
|-heal|p1a: Raikou|172\/322|[from] item: Leftovers
|turn|26
|
|move|p2a: Turd Ferguson|Earthquake|p1a: Raikou
|-supereffective|p1a: Raikou
|-end|p1a: Raikou|Substitute
|move|p1a: Raikou|Hidden Power|p2a: Turd Ferguson
|-supereffective|p2a: Turd Ferguson
|-damage|p2a: Turd Ferguson|22\/211
|
|-heal|p1a: Raikou|192\/322|[from] item: Leftovers
|turn|27
|
|move|p2a: Turd Ferguson|Earthquake|p1a: Raikou
|-supereffective|p1a: Raikou
|-damage|p1a: Raikou|0 fnt
|faint|p1a: Raikou
|
|
|switch|p1a: Mienshao|Mienshao, F|271\/271
|turn|28
|
|switch|p2a: Bloodsugar|Crobat, F|137\/311
|move|p1a: Mienshao|U-turn|p2a: Bloodsugar
|-resisted|p2a: Bloodsugar
|-damage|p2a: Bloodsugar|114\/311
|
|switch|p1a: Aerodactyl|Aerodactyl-Mega, M|329\/329
|
|-heal|p2a: Bloodsugar|133\/311|[from] item: Black Sludge
|turn|29
|
|switch|p2a: Short Bus|Slowbro, M|239\/394 par
|move|p1a: Aerodactyl|Stone Edge|p2a: Short Bus
|-damage|p2a: Short Bus|112\/394 par
|
|turn|30
|
|switch|p2a: Turd Ferguson|Dugtrio, M|22\/211
|move|p1a: Aerodactyl|Stone Edge|p2a: Turd Ferguson
|-resisted|p2a: Turd Ferguson
|-damage|p2a: Turd Ferguson|0 fnt
|faint|p2a: Turd Ferguson
|
|
|switch|p2a: Short Bus|Slowbro, M|243\/394 par
|turn|31
|
|move|p1a: Aerodactyl|Stone Edge|p2a: Short Bus|[miss]
|-miss|p1a: Aerodactyl|p2a: Short Bus
|move|p2a: Short Bus|Slack Off|p2a: Short Bus
|-heal|p2a: Short Bus|394\/394 par
|
|turn|32
|
|switch|p1a: Florges|Florges, F|269\/360 brn
|move|p2a: Short Bus|Scald|p1a: Florges
|-damage|p1a: Florges|205\/360 brn
|
|-heal|p1a: Florges|227\/360 brn|[from] item: Leftovers
|-damage|p1a: Florges|182\/360 brn|[from] brn
|turn|33
|
|move|p1a: Florges|Wish|p1a: Florges
|move|p2a: Short Bus|Calm Mind|p2a: Short Bus
|-boost|p2a: Short Bus|spa|1
|-boost|p2a: Short Bus|spd|1
|
|-heal|p1a: Florges|204\/360 brn|[from] item: Leftovers
|-damage|p1a: Florges|159\/360 brn|[from] brn
|turn|34
|-message|R_W_Test forfeited.
|
|win|Brock's Blue Balls
|raw|Ladder updating...
|raw|R_W_Test's rating: 1501 &rarr; <strong>1483<\/strong><br \/>(-18 for losing)
|raw|Brock&apos;s Blue Balls's rating: 1531 &rarr; <strong>1549<\/strong><br \/>(+18 for winning)
|leave|R_W_Test
|player|p1