|join|Brock's Blue Balls
|join|WideTomato
|player|p1|Brock's Blue Balls|154
|player|p2|WideTomato|101
|gametype|singles
|gen|6
|tier|UU
|rated
|rule|Sleep Clause Mod: Limit one foe put to sleep
|rule|Species Clause: Limit one of each PokÃ©mon
|rule|OHKO Clause: OHKO moves are banned
|rule|Moody Clause: Moody is banned
|rule|Evasion Moves Clause: Evasion moves are banned
|rule|Endless Battle Clause: Forcing endless battles is banned
|rule|HP Percentage Mod: HP is reported as percentages
|clearpoke
|poke|p1|Doublade, M, shiny
|poke|p1|Granbull, M
|poke|p1|Blissey, F
|poke|p1|Houndoom, M
|poke|p1|Tentacruel, M
|poke|p1|Rotom-Mow
|poke|p2|Lucario, F
|poke|p2|Ampharos, F
|poke|p2|Haxorus, F
|poke|p2|Victini
|poke|p2|Celebi
|poke|p2|Aerodactyl, F
|rule|Swagger Clause: Swagger is banned
|rule|Baton Pass Clause: Limit one PokÃ©mon knowing Baton Pass
|teampreview
|
|start
|switch|p1a: Teen Mom|Blissey, F|651\/651
|switch|p2a: FABULOUS|Aerodactyl, F|301\/301
|-ability|p2a: FABULOUS|Pressure
|turn|1
|
|move|p2a: FABULOUS|Taunt|p1a: Teen Mom
|-start|p1a: Teen Mom|move: Taunt
|cant|p1a: Teen Mom|move: Taunt|Stealth Rock
|
|turn|2
|
|switch|p1a: Boodro|Granbull, M|377\/377
|-ability|p1a: Boodro|Intimidate|[of] p2a: FABULOUS
|-unboost|p2a: FABULOUS|atk|1
|move|p2a: FABULOUS|Stealth Rock|p1a: Boodro
|-sidestart|p1: Brock's Blue Balls|move: Stealth Rock
|
|turn|3
|
|move|p2a: FABULOUS|Taunt|p1a: Boodro
|-start|p1a: Boodro|move: Taunt
|cant|p1a: Boodro|move: Taunt|Thunder Wave
|
|turn|4
|
|move|p2a: FABULOUS|Stone Edge|p1a: Boodro
|-damage|p1a: Boodro|295\/377
|move|p1a: Boodro|Earthquake|p2a: FABULOUS
|-immune|p2a: FABULOUS|[msg]
|
|-heal|p1a: Boodro|318\/377|[from] item: Leftovers
|turn|5
|
|move|p2a: FABULOUS|Stone Edge|p1a: Boodro
|-damage|p1a: Boodro|224\/377
|move|p1a: Boodro|Play Rough|p2a: FABULOUS
|-damage|p2a: FABULOUS|135\/301
|
|-heal|p1a: Boodro|247\/377|[from] item: Leftovers
|-end|p1a: Boodro|move: Taunt
|turn|6
|
|move|p2a: FABULOUS|Taunt|p1a: Boodro
|-start|p1a: Boodro|move: Taunt
|move|p1a: Boodro|Play Rough|p2a: FABULOUS
|-damage|p2a: FABULOUS|0 fnt
|faint|p2a: FABULOUS
|
|-heal|p1a: Boodro|270\/377|[from] item: Leftovers
|
|switch|p2a: FABULOUS|Victini|341\/341
|turn|7
|
|move|p2a: FABULOUS|V-create|p1a: Boodro
|-damage|p1a: Boodro|0 fnt
|-unboost|p2a: FABULOUS|def|1
|-unboost|p2a: FABULOUS|spd|1
|-unboost|p2a: FABULOUS|spe|1
|faint|p1a: Boodro
|
|
|switch|p1a: Kraken|Tentacruel, M|361\/361
|-damage|p1a: Kraken|316\/361|[from] Stealth Rock
|turn|8
|
|move|p1a: Kraken|Rapid Spin|p2a: FABULOUS
|-damage|p2a: FABULOUS|329\/341
|-sideend|p1: Brock's Blue Balls|Stealth Rock|[from] move: Rapid Spin|[of] p1a: Kraken
|move|p2a: FABULOUS|V-create|p1a: Kraken
|-resisted|p1a: Kraken
|-damage|p1a: Kraken|105\/361
|-unboost|p2a: FABULOUS|def|1
|-unboost|p2a: FABULOUS|spd|1
|-unboost|p2a: FABULOUS|spe|1
|
|-heal|p1a: Kraken|127\/361|[from] item: Leftovers
|turn|9
|
|switch|p2a: FABULOUS|Ampharos, F|372\/372
|move|p1a: Kraken|Scald|p2a: FABULOUS
|-damage|p2a: FABULOUS|279\/372
|
|-heal|p1a: Kraken|149\/361|[from] item: Leftovers
|turn|10
|
|detailschange|p2a: FABULOUS|Ampharos-Mega, F
|message|Ampharos has Mega Evolved into Mega Ampharos!
|-ability|p2a: FABULOUS|Mold Breaker
|move|p1a: Kraken|Toxic Spikes|p2a: FABULOUS
|-sidestart|p2: WideTomato|move: Toxic Spikes
|move|p2a: FABULOUS|Volt Switch|p1a: Kraken
|-crit|p1a: Kraken
|-supereffective|p1a: Kraken
|-damage|p1a: Kraken|0 fnt
|faint|p1a: Kraken
|
|switch|p2a: Celebi|Celebi|396\/396
|-status|p2a: Celebi|psn
|
|-damage|p2a: Celebi|347\/396 psn|[from] psn
|
|switch|p1a: Cerberus|Houndoom, M|291\/291
|turn|11
|
|move|p1a: Cerberus|Dark Pulse|p2a: Celebi
|-supereffective|p2a: Celebi
|-damage|p2a: Celebi|107\/396 psn
|move|p2a: Celebi|U-turn|p1a: Cerberus
|-damage|p1a: Cerberus|195\/291
|
|switch|p2a: FABULOUS|Haxorus, F|293\/293
|-status|p2a: FABULOUS|psn
|-ability|p2a: FABULOUS|Mold Breaker
|
|-damage|p2a: FABULOUS|257\/293 psn|[from] psn
|turn|12
|
|switch|p1a: Venetia Shield|Doublade, M, shiny|309\/309
|move|p2a: FABULOUS|Earthquake|p1a: Venetia Shield
|-supereffective|p1a: Venetia Shield
|-damage|p1a: Venetia Shield|193\/309
|
|-damage|p2a: FABULOUS|221\/293 psn|[from] psn
|turn|13
|
|move|p2a: FABULOUS|Earthquake|p1a: Venetia Shield
|-supereffective|p1a: Venetia Shield
|-damage|p1a: Venetia Shield|69\/309
|move|p1a: Venetia Shield|Shadow Claw|p2a: FABULOUS
|-damage|p2a: FABULOUS|79\/293 psn
|
|-damage|p2a: FABULOUS|43\/293 psn|[from] psn
|turn|14
|
|switch|p2a: Celebi|Celebi|107\/396
|-status|p2a: Celebi|psn
|move|p1a: Venetia Shield|Shadow Sneak|p2a: Celebi
|-supereffective|p2a: Celebi
|-damage|p2a: Celebi|0 fnt
|faint|p2a: Celebi
|
|
|switch|p2a: FABULOUS|Ampharos-Mega, F|279\/372
|-status|p2a: FABULOUS|psn
|-ability|p2a: FABULOUS|Mold Breaker
|turn|15
|
|switch|p1a: Teen Mom|Blissey, F|651\/651
|move|p2a: FABULOUS|Volt Switch|p1a: Teen Mom
|-damage|p1a: Teen Mom|542\/651
|
|switch|p2a: FABULOUS|Lucario, F|281\/281
|
|-heal|p1a: Teen Mom|582\/651|[from] item: Leftovers
|turn|16
|
|switch|p2a: FABULOUS|Ampharos-Mega, F|279\/372 psn
|-ability|p2a: FABULOUS|Mold Breaker
|switch|p1a: Venetia Shield|Doublade, M, shiny|69\/309
|
|-damage|p2a: FABULOUS|233\/372 psn|[from] psn
|turn|17
|
|switch|p1a: Teen Mom|Blissey, F|582\/651
|move|p2a: FABULOUS|Volt Switch|p1a: Teen Mom
|-damage|p1a: Teen Mom|467\/651
|
|switch|p2a: FABULOUS|Victini|329\/341
|-status|p2a: FABULOUS|psn
|
|-heal|p1a: Teen Mom|507\/651|[from] item: Leftovers
|-damage|p2a: FABULOUS|287\/341 psn|[from] psn
|turn|18
|
|switch|p1a: Cerberus|Houndoom, M|195\/291
|move|p2a: FABULOUS|V-create|p1a: Cerberus
|-start|p1a: Cerberus|ability: Flash Fire
|
|-damage|p2a: FABULOUS|245\/341 psn|[from] psn
|turn|19
|
|switch|p2a: FABULOUS|Ampharos-Mega, F|233\/372 psn
|-ability|p2a: FABULOUS|Mold Breaker
|move|p1a: Cerberus|Fire Blast|p2a: FABULOUS|[miss]
|-miss|p1a: Cerberus|p2a: FABULOUS
|
|-damage|p2a: FABULOUS|187\/372 psn|[from] psn
|turn|20
|
|switch|p1a: Teen Mom|Blissey, F|507\/651
|move|p2a: FABULOUS|Volt Switch|p1a: Teen Mom
|-damage|p1a: Teen Mom|408\/651
|
|switch|p2a: FABULOUS|Lucario, F|281\/281
|
|-heal|p1a: Teen Mom|448\/651|[from] item: Leftovers
|turn|21
|
|move|p2a: FABULOUS|Swords Dance|p2a: FABULOUS
|-boost|p2a: FABULOUS|atk|2
|move|p1a: Teen Mom|Seismic Toss|p2a: FABULOUS
|-damage|p2a: FABULOUS|181\/281
|
|-heal|p1a: Teen Mom|488\/651|[from] item: Leftovers
|turn|22
|
|move|p2a: FABULOUS|Bullet Punch|p1a: Teen Mom
|-damage|p1a: Teen Mom|133\/651
|-damage|p2a: FABULOUS|153\/281|[from] item: Life Orb
|move|p1a: Teen Mom|Stealth Rock|p2a: FABULOUS
|-sidestart|p2: WideTomato|move: Stealth Rock
|
|-heal|p1a: Teen Mom|173\/651|[from] item: Leftovers
|turn|23
|
|move|p2a: FABULOUS|Bullet Punch|p1a: Teen Mom
|-damage|p1a: Teen Mom|0 fnt
|-damage|p2a: FABULOUS|125\/281|[from] item: Life Orb
|faint|p1a: Teen Mom
|
|
|switch|p1a: Venetia Shield|Doublade, M, shiny|69\/309
|turn|24
|
|move|p2a: FABULOUS|Bullet Punch|p1a: Venetia Shield
|-resisted|p1a: Venetia Shield
|-damage|p1a: Venetia Shield|27\/309
|-damage|p2a: FABULOUS|97\/281|[from] item: Life Orb
|move|p1a: Venetia Shield|Shadow Sneak|p2a: FABULOUS
|-damage|p2a: FABULOUS|0 fnt
|faint|p2a: FABULOUS
|
|
|switch|p2a: FABULOUS|Ampharos-Mega, F|187\/372 psn
|-damage|p2a: FABULOUS|141\/372 psn|[from] Stealth Rock
|-ability|p2a: FABULOUS|Mold Breaker
|turn|25
|
|switch|p1a: Landing Strip?|Rotom-Mow|241\/241
|move|p2a: FABULOUS|Volt Switch|p1a: Landing Strip?
|-resisted|p1a: Landing Strip?
|-damage|p1a: Landing Strip?|201\/241
|
|switch|p2a: FABULOUS|Haxorus, F|43\/293 psn
|-damage|p2a: FABULOUS|7\/293 psn|[from] Stealth Rock
|-ability|p2a: FABULOUS|Mold Breaker
|
|-damage|p2a: FABULOUS|0 fnt|[from] psn
|faint|p2a: FABULOUS
|
|switch|p2a: FABULOUS|Victini|245\/341 psn
|-damage|p2a: FABULOUS|160\/341 psn|[from] Stealth Rock
|turn|26
|
|move|p1a: Landing Strip?|Volt Switch|p2a: FABULOUS
|-damage|p2a: FABULOUS|45\/341 psn
|
|switch|p1a: Venetia Shield|Doublade, M, shiny|27\/309
|move|p2a: FABULOUS|U-turn|p1a: Venetia Shield
|-resisted|p1a: Venetia Shield
|-damage|p1a: Venetia Shield|14\/309
|
|switch|p2a: FABULOUS|Ampharos-Mega, F|141\/372 psn
|-damage|p2a: FABULOUS|95\/372 psn|[from] Stealth Rock
|-ability|p2a: FABULOUS|Mold Breaker
|
|-damage|p2a: FABULOUS|49\/372 psn|[from] psn
|turn|27
|
|move|p1a: Venetia Shield|Shadow Sneak|p2a: FABULOUS
|-damage|p2a: FABULOUS|0 fnt
|faint|p2a: FABULOUS
|
|chat|Brock's Blue Balls|gg
|
|switch|p2a: FABULOUS|Victini|45\/341 psn
|-damage|p2a: FABULOUS|0 fnt|[from] Stealth Rock
|faint|p2a: FABULOUS
|
|win|Brock's Blue Balls
|raw|Ladder updating...
|raw|Brock&apos;s Blue Balls's rating: 1492 &rarr; <strong>1517<\/strong><br \/>(+25 for winning)
|raw|WideTomato's rating: 1587 &rarr; <strong>1562<\/strong><br \/>(-25 for losing)
|leave|WideTomato
|player|p2