|join|asdlkf
|join|Brock's Blue Balls
|player|p1|asdlkf|171
|player|p2|Brock's Blue Balls|154
|gametype|singles
|gen|6
|tier|UU
|rated
|rule|Sleep Clause Mod: Limit one foe put to sleep
|rule|Species Clause: Limit one of each PokÃ©mon
|rule|OHKO Clause: OHKO moves are banned
|rule|Moody Clause: Moody is banned
|rule|Evasion Moves Clause: Evasion moves are banned
|rule|Endless Battle Clause: Forcing endless battles is banned
|rule|HP Percentage Mod: HP is shown in percentages
|clearpoke
|poke|p1|Victini
|poke|p1|Krookodile, M
|poke|p1|Noivern, M
|poke|p1|Forretress, M
|poke|p1|Alomomola, F
|poke|p1|Blissey, F
|poke|p2|Feraligatr, M
|poke|p2|Darmanitan, M
|poke|p2|Abomasnow, M, shiny
|poke|p2|Alomomola, F
|poke|p2|Gligar, M
|poke|p2|Blissey, F
|rule|Swagger Clause: Swagger is banned
|rule|Baton Pass Clause: Limit one PokÃ©mon knowing Baton Pass
|teampreview
|
|start
|switch|p1a: Victini|Victini|341\/341
|switch|p2a: Gligar|Gligar, M|333\/333
|turn|1
|
|move|p1a: Victini|V-create|p2a: Gligar
|-damage|p2a: Gligar|150\/333
|-unboost|p1a: Victini|def|1
|-unboost|p1a: Victini|spd|1
|-unboost|p1a: Victini|spe|1
|move|p2a: Gligar|U-turn|p1a: Victini
|-damage|p1a: Victini|276\/341
|
|switch|p2a: King K. Rool|Feraligatr, M|311\/311
|
|turn|2
|
|switch|p2a: Scrooge|Abomasnow, M, shiny|383\/383
|-weather|Hail
|switch|p1a: Forretress|Forretress, M|354\/354
|
|-weather|Hail|[upkeep]
|-damage|p1a: Forretress|332\/354|[from] hail
|-heal|p1a: Forretress|354\/354|[from] item: Leftovers
|turn|3
|
|switch|p2a: Gligar|Gligar, M|150\/333
|move|p1a: Forretress|Stealth Rock|p2a: Gligar
|-sidestart|p2: Brock's Blue Balls|move: Stealth Rock
|
|-weather|Hail|[upkeep]
|-damage|p2a: Gligar|130\/333|[from] hail
|-damage|p1a: Forretress|332\/354|[from] hail
|-heal|p1a: Forretress|354\/354|[from] item: Leftovers
|turn|4
|
|switch|p1a: Victini|Victini|276\/341
|move|p2a: Gligar|Defog|p1a: Victini
|-unboost|p1a: Victini|evasion|1
|-sideend|p2: Brock's Blue Balls|Stealth Rock|[from] move: Defog|[of] p2a: Gligar
|
|-weather|Hail|[upkeep]
|-damage|p1a: Victini|255\/341|[from] hail
|-damage|p2a: Gligar|110\/333|[from] hail
|turn|5
|
|switch|p2a: Clit|Alomomola, F|471\/471
|move|p1a: Victini|U-turn|p2a: Clit
|-damage|p2a: Clit|377\/471
|-damage|p1a: Victini|199\/341|[from] item: Rocky Helmet|[of] p2a: Clit
|
|switch|p1a: Noivern|Noivern, M|311\/311
|
|-weather|Hail|[upkeep]
|-damage|p1a: Noivern|292\/311|[from] hail
|-damage|p2a: Clit|348\/471|[from] hail
|turn|6
|
|switch|p2a: Teen Mom|Blissey, F|651\/651
|move|p1a: Noivern|Switcheroo|p2a: Teen Mom
|-activate|p1a: Noivern|move: Trick|[of] p2a: Teen Mom
|-item|p2a: Teen Mom|Choice Specs|[from] Trick
|-item|p1a: Noivern|Leftovers|[from] Trick
|
|-weather|none
|-heal|p1a: Noivern|311\/311|[from] item: Leftovers
|turn|7
|
|switch|p1a: Forretress|Forretress, M|354\/354
|switch|p2a: Gligar|Gligar, M|110\/333
|
|turn|8
|
|move|p2a: Gligar|Roost|p2a: Gligar
|-heal|p2a: Gligar|277\/333
|move|p1a: Forretress|Stealth Rock|p2a: Gligar
|-sidestart|p2: Brock's Blue Balls|move: Stealth Rock
|
|turn|9
|chat|Brock's Blue Balls|dudman?
|
|switch|p1a: Krookodile|Krookodile, M|331\/331
|-ability|p1a: Krookodile|Intimidate|[of] p2a: Gligar
|-fail|p2a: Gligar|unboost|Attack|[from] ability: Hyper Cutter|[of] p2a: Gligar
|move|p2a: Gligar|Defog|p1a: Krookodile
|-unboost|p1a: Krookodile|evasion|1
|-sideend|p2: Brock's Blue Balls|Stealth Rock|[from] move: Defog|[of] p2a: Gligar
|
|turn|10
|chat|asdlkf|?
|chat|Brock's Blue Balls|i could have sworn i've seen him use this team
|chat|asdlkf|this is me
|chat|Brock's Blue Balls|oh lol
|chat|asdlkf|lol
|
|move|p1a: Krookodile|Knock Off|p2a: Gligar
|-damage|p2a: Gligar|157\/333
|-enditem|p2a: Gligar|Eviolite|[from] move: Knock Off|[of] p1a: Krookodile
|move|p2a: Gligar|U-turn|p1a: Krookodile
|-supereffective|p1a: Krookodile
|-damage|p1a: Krookodile|229\/331
|
|switch|p2a: Darmaniman|Darmanitan, M|351\/351
|
|turn|11
|
|switch|p1a: Forretress|Forretress, M|354\/354
|move|p2a: Darmaniman|U-turn|p1a: Forretress
|-resisted|p1a: Forretress
|-damage|p1a: Forretress|331\/354
|
|switch|p2a: Gligar|Gligar, M|157\/333
|
|-heal|p1a: Forretress|353\/354|[from] item: Leftovers
|turn|12
|
|move|p2a: Gligar|Roost|p2a: Gligar
|-heal|p2a: Gligar|324\/333
|move|p1a: Forretress|Stealth Rock|p2a: Gligar
|-sidestart|p2: Brock's Blue Balls|move: Stealth Rock
|
|-heal|p1a: Forretress|354\/354|[from] item: Leftovers
|turn|13
|
|move|p2a: Gligar|Defog|p1a: Forretress
|-unboost|p1a: Forretress|evasion|1
|-sideend|p2: Brock's Blue Balls|Stealth Rock|[from] move: Defog|[of] p2a: Gligar
|move|p1a: Forretress|Stealth Rock|p2a: Gligar
|-sidestart|p2: Brock's Blue Balls|move: Stealth Rock
|
|turn|14
|
|move|p2a: Gligar|Defog|p1a: Forretress
|-unboost|p1a: Forretress|evasion|1
|-sideend|p2: Brock's Blue Balls|Stealth Rock|[from] move: Defog|[of] p2a: Gligar
|move|p1a: Forretress|Volt Switch|p2a: Gligar
|-immune|p2a: Gligar|[msg]
|
|turn|15
|
|move|p2a: Gligar|Earthquake|p1a: Forretress
|-damage|p1a: Forretress|305\/354
|move|p1a: Forretress|Stealth Rock|p2a: Gligar
|-sidestart|p2: Brock's Blue Balls|move: Stealth Rock
|
|-heal|p1a: Forretress|327\/354|[from] item: Leftovers
|turn|16
|
|switch|p1a: Victini|Victini|199\/341
|move|p2a: Gligar|Earthquake|p1a: Victini
|-supereffective|p1a: Victini
|-damage|p1a: Victini|5\/341
|
|turn|17
|
|move|p1a: Victini|Trick|p2a: Gligar
|-activate|p1a: Victini|move: Trick|[of] p2a: Gligar
|-item|p2a: Gligar|Choice Band|[from] move: Trick
|move|p2a: Gligar|Defog|p1a: Victini
|-unboost|p1a: Victini|evasion|1
|-sideend|p2: Brock's Blue Balls|Stealth Rock|[from] move: Defog|[of] p2a: Gligar
|
|turn|18
|
|switch|p2a: Clit|Alomomola, F|471\/471
|move|p1a: Victini|Trick|p2a: Clit
|-activate|p1a: Victini|move: Trick|[of] p2a: Clit
|-item|p1a: Victini|Rocky Helmet|[from] move: Trick
|
|turn|19
|
|move|p1a: Victini|U-turn|p2a: Clit
|-damage|p2a: Clit|411\/471
|
|switch|p1a: Blissey|Blissey, F|714\/714
|move|p2a: Clit|Scald|p1a: Blissey
|-damage|p1a: Blissey|678\/714
|-status|p1a: Blissey|brn
|
|-heal|p1a: Blissey|714\/714 brn|[from] item: Leftovers
|-damage|p1a: Blissey|625\/714 brn|[from] brn
|turn|20
|chat|Brock's Blue Balls|wp
|chat|asdlkf|ty
|
|switch|p2a: Scrooge|Abomasnow, M, shiny|383\/383
|-weather|Hail
|move|p1a: Blissey|Toxic|p2a: Scrooge|[miss]
|-miss|p1a: Blissey|p2a: Scrooge
|
|-weather|Hail|[upkeep]
|-damage|p1a: Blissey|581\/714 brn|[from] hail
|-heal|p1a: Blissey|625\/714 brn|[from] item: Leftovers
|-damage|p1a: Blissey|536\/714 brn|[from] brn
|turn|21
|
|switch|p1a: Forretress|Forretress, M|327\/354
|detailschange|p2a: Scrooge|Abomasnow-Mega, M, shiny
|message|Abomasnow has Mega Evolved into Mega Abomasnow!
|move|p2a: Scrooge|Swords Dance|p2a: Scrooge
|-boost|p2a: Scrooge|atk|2
|
|-weather|Hail|[upkeep]
|-damage|p1a: Forretress|305\/354|[from] hail
|-heal|p1a: Forretress|327\/354|[from] item: Leftovers
|turn|22
|
|move|p2a: Scrooge|Earthquake|p1a: Forretress
|-damage|p1a: Forretress|181\/354
|move|p1a: Forretress|Volt Switch|p2a: Scrooge
|-resisted|p2a: Scrooge
|-damage|p2a: Scrooge|365\/383
|chat|asdlkf|yeah i always lose to this lol
|
|switch|p1a: Krookodile|Krookodile, M|229\/331
|-ability|p1a: Krookodile|Intimidate|[of] p2a: Scrooge
|-unboost|p2a: Scrooge|atk|1
|
|-weather|Hail|[upkeep]
|-damage|p1a: Krookodile|209\/331|[from] hail
|turn|23
|chat|Brock's Blue Balls|he's just so versatile
|
|move|p2a: Scrooge|Ice Shard|p1a: Krookodile
|-supereffective|p1a: Krookodile
|-damage|p1a: Krookodile|0 fnt
|faint|p1a: Krookodile
|
|-weather|Hail|[upkeep]
|chat|asdlkf|gg
|chat|Brock's Blue Balls|gg
|-message|asdlkf forfeited.
|
|win|Brock's Blue Balls
|raw|Ladder updating...
|leave|asdlkf
|player|p1
|raw|asdlkf's rating: 1578 &rarr; <strong>1558<\/strong><br \/>(-20 for losing)
|raw|Brock&apos;s Blue Balls's rating: 1571 &rarr; <strong>1592<\/strong><br \/>(+21 for winning)