|join|Brock's Blue Balls
|join|Hogback_fosh_men
|player|p1|Brock's Blue Balls|154
|player|p2|Hogback_fosh_men|170
|gametype|singles
|gen|6
|tier|UU
|rated
|rule|Sleep Clause Mod: Limit one foe put to sleep
|rule|Species Clause: Limit one of each Pokemon
|rule|OHKO Clause: OHKO moves are banned
|rule|Moody Clause: Moody is banned
|rule|Evasion Moves Clause: Evasion moves are banned
|rule|Endless Battle Clause: Forcing endless battles is banned.
|rule|HP Percentage Mod: HP is reported as percentages
|clearpoke
|poke|p1|Granbull, M
|poke|p1|Hydreigon, F
|poke|p1|Jirachi
|poke|p1|Donphan, M
|poke|p1|Chandelure, M, shiny
|poke|p1|Heracross, M, shiny
|poke|p2|Ampharos, F, shiny
|poke|p2|Empoleon, F
|poke|p2|Florges, F, shiny
|poke|p2|Arcanine, F
|poke|p2|Porygon-Z
|poke|p2|Shaymin, shiny
|teampreview
|
|start
|switch|p1a: Rick Rollin|Donphan, M|384\/384
|switch|p2a: Shaymin|Shaymin, shiny|342\/342
|turn|1
|
|switch|p1a: Stardust|Jirachi|404\/404
|move|p2a: Shaymin|Seed Flare|p1a: Stardust
|-resisted|p1a: Stardust
|-damage|p1a: Stardust|310\/404
|-unboost|p1a: Stardust|spd|2
|-damage|p2a: Shaymin|308\/342|[from] item: Life Orb
|
|-heal|p1a: Stardust|335\/404|[from] item: Leftovers
|turn|2
|
|switch|p1a: Hydra|Hydreigon, F|325\/325
|move|p2a: Shaymin|Earth Power|p1a: Hydra
|-immune|p1a: Hydra|[msg]
|
|turn|3
|
|switch|p2a: ULikemysmell?|Florges, F, shiny|360\/360
|move|p1a: Hydra|Flash Cannon|p2a: ULikemysmell?
|-supereffective|p2a: ULikemysmell?
|-damage|p2a: ULikemysmell?|160\/360
|
|-heal|p2a: ULikemysmell?|182\/360|[from] item: Leftovers
|turn|4
|
|switch|p2a: NotsoHappyfeet|Empoleon, F|365\/365
|move|p1a: Hydra|Flash Cannon|p2a: NotsoHappyfeet
|-resisted|p2a: NotsoHappyfeet
|-damage|p2a: NotsoHappyfeet|329\/365
|
|-heal|p2a: NotsoHappyfeet|351\/365|[from] item: Leftovers
|turn|5
|
|switch|p1a: Mega Horny|Heracross, M, shiny|301\/301
|move|p2a: NotsoHappyfeet|Stealth Rock|p1a: Mega Horny
|-sidestart|p1: Brock's Blue Balls|move: Stealth Rock
|
|-heal|p2a: NotsoHappyfeet|365\/365|[from] item: Leftovers
|turn|6
|
|switch|p2a: Arcanine|Arcanine, F|372\/372
|-ability|p2a: Arcanine|Intimidate|[of] p1a: Mega Horny
|-unboost|p1a: Mega Horny|atk|1
|move|p1a: Mega Horny|Earthquake|p2a: Arcanine
|-supereffective|p2a: Arcanine
|-damage|p2a: Arcanine|236\/372
|
|-heal|p2a: Arcanine|259\/372|[from] item: Leftovers
|turn|7
|
|switch|p1a: Rick Rollin|Donphan, M|384\/384
|-damage|p1a: Rick Rollin|360\/384|[from] Stealth Rock
|move|p2a: Arcanine|Snarl|p1a: Rick Rollin
|-damage|p1a: Rick Rollin|291\/384
|-unboost|p1a: Rick Rollin|spa|1
|
|-heal|p2a: Arcanine|282\/372|[from] item: Leftovers
|-heal|p1a: Rick Rollin|315\/384|[from] item: Leftovers
|turn|8
|
|move|p2a: Arcanine|Will-O-Wisp|p1a: Rick Rollin|[miss]
|-miss|p2a: Arcanine|p1a: Rick Rollin
|move|p1a: Rick Rollin|Rapid Spin|p2a: Arcanine
|-damage|p2a: Arcanine|263\/372
|-sideend|p1: Brock's Blue Balls|Stealth Rock|[from] move: Rapid Spin|[of] p1a: Rick Rollin
|
|-heal|p2a: Arcanine|286\/372|[from] item: Leftovers
|-heal|p1a: Rick Rollin|339\/384|[from] item: Leftovers
|turn|9
|
|switch|p1a: LumiÃ¨re|Chandelure, M, shiny|261\/261
|move|p2a: Arcanine|Will-O-Wisp|p1a: LumiÃ¨re
|-start|p1a: LumiÃ¨re|ability: Flash Fire
|
|-heal|p2a: Arcanine|309\/372|[from] item: Leftovers
|turn|10
|
|move|p1a: LumiÃ¨re|Substitute|p1a: LumiÃ¨re
|-start|p1a: LumiÃ¨re|Substitute
|-damage|p1a: LumiÃ¨re|196\/261
|move|p2a: Arcanine|Snarl|p1a: LumiÃ¨re
|-supereffective|p1a: LumiÃ¨re
|-damage|p1a: LumiÃ¨re|102\/261
|-unboost|p1a: LumiÃ¨re|spa|1
|
|-heal|p2a: Arcanine|332\/372|[from] item: Leftovers
|turn|11
|
|move|p1a: LumiÃ¨re|Shadow Ball|p2a: Arcanine
|-damage|p2a: Arcanine|184\/372
|-damage|p1a: LumiÃ¨re|76\/261|[from] item: Life Orb
|move|p2a: Arcanine|Snarl|p1a: LumiÃ¨re
|-supereffective|p1a: LumiÃ¨re
|-damage|p1a: LumiÃ¨re|0 fnt
|faint|p1a: LumiÃ¨re
|
|-heal|p2a: Arcanine|207\/372|[from] item: Leftovers
|
|switch|p1a: Hydra|Hydreigon, F|325\/325
|turn|12
|
|switch|p2a: NotsoHappyfeet|Empoleon, F|365\/365
|move|p1a: Hydra|Dark Pulse|p2a: NotsoHappyfeet
|-damage|p2a: NotsoHappyfeet|154\/365
|
|-heal|p2a: NotsoHappyfeet|176\/365|[from] item: Leftovers
|turn|13
|
|switch|p2a: ULikemysmell?|Florges, F, shiny|182\/360
|move|p1a: Hydra|Dark Pulse|p2a: ULikemysmell?
|-resisted|p2a: ULikemysmell?
|-damage|p2a: ULikemysmell?|99\/360
|
|-heal|p2a: ULikemysmell?|121\/360|[from] item: Leftovers
|turn|14
|
|switch|p1a: Stardust|Jirachi|335\/404
|move|p2a: ULikemysmell?|Wish|p2a: ULikemysmell?
|
|-heal|p1a: Stardust|360\/404|[from] item: Leftovers
|-heal|p2a: ULikemysmell?|143\/360|[from] item: Leftovers
|turn|15
|
|move|p2a: ULikemysmell?|Protect|p2a: ULikemysmell?
|-singleturn|p2a: ULikemysmell?|Protect
|move|p1a: Stardust|Iron Head|p2a: ULikemysmell?
|-activate|p2a: ULikemysmell?|Protect
|
|-heal|p2a: ULikemysmell?|323\/360|[from] move: Wish|[wisher] ULikemysmell?
|-heal|p1a: Stardust|385\/404|[from] item: Leftovers
|-heal|p2a: ULikemysmell?|345\/360|[from] item: Leftovers
|turn|16
|
|switch|p2a: Arcanine|Arcanine, F|207\/372
|-ability|p2a: Arcanine|Intimidate|[of] p1a: Stardust
|-unboost|p1a: Stardust|atk|1
|move|p1a: Stardust|Body Slam|p2a: Arcanine
|-damage|p2a: Arcanine|162\/372
|
|-heal|p1a: Stardust|404\/404|[from] item: Leftovers
|-heal|p2a: Arcanine|185\/372|[from] item: Leftovers
|turn|17
|
|move|p1a: Stardust|Body Slam|p2a: Arcanine
|-damage|p2a: Arcanine|146\/372
|-status|p2a: Arcanine|par
|move|p2a: Arcanine|Morning Sun|p2a: Arcanine
|-heal|p2a: Arcanine|332\/372 par
|
|-heal|p2a: Arcanine|355\/372 par|[from] item: Leftovers
|turn|18
|
|move|p1a: Stardust|U-turn|p2a: Arcanine
|-resisted|p2a: Arcanine
|-damage|p2a: Arcanine|337\/372 par
|
|switch|p1a: Boodro|Granbull, M|384\/384
|-ability|p1a: Boodro|Intimidate|[of] p2a: Arcanine
|-unboost|p2a: Arcanine|atk|1
|move|p2a: Arcanine|Will-O-Wisp|p1a: Boodro|[miss]
|-miss|p2a: Arcanine|p1a: Boodro
|
|-heal|p2a: Arcanine|360\/372 par|[from] item: Leftovers
|turn|19
|
|move|p1a: Boodro|Earthquake|p2a: Arcanine
|-supereffective|p2a: Arcanine
|-damage|p2a: Arcanine|120\/372 par
|move|p2a: Arcanine|Will-O-Wisp|p1a: Boodro
|-status|p1a: Boodro|brn
|
|-heal|p2a: Arcanine|143\/372 par|[from] item: Leftovers
|-damage|p1a: Boodro|336\/384 brn|[from] brn
|turn|20
|
|move|p1a: Boodro|Heal Bell|p1a: Boodro
|-cureteam|p1a: Boodro|[from] move: HealBell
|move|p2a: Arcanine|Morning Sun|p2a: Arcanine
|-heal|p2a: Arcanine|329\/372 par
|
|-heal|p1a: Boodro|360\/384|[from] item: Leftovers
|-heal|p2a: Arcanine|352\/372 par|[from] item: Leftovers
|turn|21
|
|switch|p2a: Shaymin|Shaymin, shiny|308\/342
|move|p1a: Boodro|Earthquake|p2a: Shaymin
|-resisted|p2a: Shaymin
|-damage|p2a: Shaymin|250\/342
|
|-heal|p1a: Boodro|384\/384|[from] item: Leftovers
|turn|22
|
|switch|p1a: Hydra|Hydreigon, F|325\/325
|move|p2a: Shaymin|Seed Flare|p1a: Hydra
|-resisted|p1a: Hydra
|-damage|p1a: Hydra|189\/325
|-damage|p2a: Shaymin|216\/342|[from] item: Life Orb
|
|turn|23
|
|switch|p2a: ULikemysmell?|Florges, F, shiny|345\/360
|move|p1a: Hydra|Dark Pulse|p2a: ULikemysmell?
|-resisted|p2a: ULikemysmell?
|-damage|p2a: ULikemysmell?|270\/360
|
|-heal|p2a: ULikemysmell?|292\/360|[from] item: Leftovers
|turn|24
|
|switch|p1a: Stardust|Jirachi|404\/404
|move|p2a: ULikemysmell?|Wish|p2a: ULikemysmell?
|
|-heal|p2a: ULikemysmell?|314\/360|[from] item: Leftovers
|turn|25
|
|switch|p2a: NotsoHappyfeet|Empoleon, F|176\/365
|move|p1a: Stardust|Iron Head|p2a: NotsoHappyfeet
|-resisted|p2a: NotsoHappyfeet
|-damage|p2a: NotsoHappyfeet|149\/365
|
|-heal|p2a: NotsoHappyfeet|329\/365|[from] move: Wish|[wisher] ULikemysmell?
|-heal|p2a: NotsoHappyfeet|351\/365|[from] item: Leftovers
|turn|26
|
|move|p1a: Stardust|Body Slam|p2a: NotsoHappyfeet
|-resisted|p2a: NotsoHappyfeet
|-damage|p2a: NotsoHappyfeet|317\/365
|-status|p2a: NotsoHappyfeet|par
|move|p2a: NotsoHappyfeet|Stealth Rock|p1a: Stardust
|-sidestart|p1: Brock's Blue Balls|move: Stealth Rock
|
|-heal|p2a: NotsoHappyfeet|339\/365 par|[from] item: Leftovers
|turn|27
|
|move|p1a: Stardust|U-turn|p2a: NotsoHappyfeet
|-resisted|p2a: NotsoHappyfeet
|-damage|p2a: NotsoHappyfeet|310\/365 par
|
|switch|p1a: Hydra|Hydreigon, F|189\/325
|-damage|p1a: Hydra|149\/325|[from] Stealth Rock
|cant|p2a: NotsoHappyfeet|par
|
|-heal|p2a: NotsoHappyfeet|332\/365 par|[from] item: Leftovers
|turn|28
|
|switch|p2a: ULikemysmell?|Florges, F, shiny|314\/360
|move|p1a: Hydra|Dark Pulse|p2a: ULikemysmell?
|-resisted|p2a: ULikemysmell?
|-damage|p2a: ULikemysmell?|231\/360
|
|-heal|p2a: ULikemysmell?|253\/360|[from] item: Leftovers
|turn|29
|
|switch|p1a: Stardust|Jirachi|404\/404
|-damage|p1a: Stardust|379\/404|[from] Stealth Rock
|move|p2a: ULikemysmell?|Moonblast|p1a: Stardust
|-resisted|p1a: Stardust
|-damage|p1a: Stardust|323\/404
|
|-heal|p1a: Stardust|348\/404|[from] item: Leftovers
|-heal|p2a: ULikemysmell?|275\/360|[from] item: Leftovers
|turn|30
|
|switch|p2a: NotsoHappyfeet|Empoleon, F|332\/365 par
|move|p1a: Stardust|Wish|p1a: Stardust
|
|-heal|p1a: Stardust|373\/404|[from] item: Leftovers
|-heal|p2a: NotsoHappyfeet|354\/365 par|[from] item: Leftovers
|turn|31
|
|move|p1a: Stardust|U-turn|p2a: NotsoHappyfeet
|-resisted|p2a: NotsoHappyfeet
|-damage|p2a: NotsoHappyfeet|323\/365 par
|
|switch|p1a: Hydra|Hydreigon, F|149\/325
|-damage|p1a: Hydra|109\/325|[from] Stealth Rock
|move|p2a: NotsoHappyfeet|Flash Cannon|p1a: Hydra
|-damage|p1a: Hydra|0 fnt
|faint|p1a: Hydra
|
|-heal|p2a: NotsoHappyfeet|345\/365 par|[from] item: Leftovers
|
|switch|p1a: Rick Rollin|Donphan, M|339\/384
|-damage|p1a: Rick Rollin|315\/384|[from] Stealth Rock
|turn|32
|
|switch|p2a: Shaymin|Shaymin, shiny|216\/342
|move|p1a: Rick Rollin|Earthquake|p2a: Shaymin
|-resisted|p2a: Shaymin
|-damage|p2a: Shaymin|144\/342
|
|-heal|p1a: Rick Rollin|339\/384|[from] item: Leftovers
|turn|33
|
|move|p2a: Shaymin|Leech Seed|p1a: Rick Rollin
|-start|p1a: Rick Rollin|move: Leech Seed
|move|p1a: Rick Rollin|Rapid Spin|p2a: Shaymin
|-damage|p2a: Shaymin|124\/342
|-end|p1a: Rick Rollin|Leech Seed|[from] move: Rapid Spin|[of] p1a: Rick Rollin
|-sideend|p1: Brock's Blue Balls|Stealth Rock|[from] move: Rapid Spin|[of] p1a: Rick Rollin
|
|-heal|p1a: Rick Rollin|363\/384|[from] item: Leftovers
|turn|34
|
|switch|p1a: Stardust|Jirachi|373\/404
|move|p2a: Shaymin|Seed Flare|p1a: Stardust
|-resisted|p1a: Stardust
|-damage|p1a: Stardust|287\/404
|-damage|p2a: Shaymin|90\/342|[from] item: Life Orb
|
|-heal|p1a: Stardust|312\/404|[from] item: Leftovers
|turn|35
|
|switch|p2a: NotsoHappyfeet|Empoleon, F|345\/365 par
|move|p1a: Stardust|U-turn|p2a: NotsoHappyfeet
|-resisted|p2a: NotsoHappyfeet
|-damage|p2a: NotsoHappyfeet|315\/365 par
|
|switch|p1a: Mega Horny|Heracross, M, shiny|301\/301
|
|-heal|p2a: NotsoHappyfeet|337\/365 par|[from] item: Leftovers
|turn|36
|
|switch|p2a: Arcanine|Arcanine, F|352\/372 par
|-ability|p2a: Arcanine|Intimidate|[of] p1a: Mega Horny
|-unboost|p1a: Mega Horny|atk|1
|move|p1a: Mega Horny|Earthquake|p2a: Arcanine
|-crit|p2a: Arcanine
|-supereffective|p2a: Arcanine
|-damage|p2a: Arcanine|46\/372 par
|
|-heal|p2a: Arcanine|69\/372 par|[from] item: Leftovers
|turn|37
|
|switch|p2a: Shaymin|Shaymin, shiny|90\/342
|move|p1a: Mega Horny|Earthquake|p2a: Shaymin
|-resisted|p2a: Shaymin
|-damage|p2a: Shaymin|51\/342
|
|turn|38
|
|switch|p1a: Stardust|Jirachi|312\/404
|move|p2a: Shaymin|Leech Seed|p1a: Stardust
|-start|p1a: Stardust|move: Leech Seed
|
|-heal|p1a: Stardust|337\/404|[from] item: Leftovers
|-damage|p1a: Stardust|287\/404|[from] Leech Seed|[of] p2a: Shaymin
|-heal|p2a: Shaymin|101\/342|[silent]
|turn|39
|
|switch|p2a: Arcanine|Arcanine, F|69\/372 par
|-ability|p2a: Arcanine|Intimidate|[of] p1a: Stardust
|-unboost|p1a: Stardust|atk|1
|move|p1a: Stardust|U-turn|p2a: Arcanine
|-resisted|p2a: Arcanine
|-damage|p2a: Arcanine|53\/372 par
|
|switch|p1a: Rick Rollin|Donphan, M|363\/384
|
|-heal|p1a: Rick Rollin|384\/384|[from] item: Leftovers
|-heal|p2a: Arcanine|76\/372 par|[from] item: Leftovers
|turn|40
|
|switch|p2a: Shaymin|Shaymin, shiny|101\/342
|move|p1a: Rick Rollin|Earthquake|p2a: Shaymin
|-resisted|p2a: Shaymin
|-damage|p2a: Shaymin|30\/342
|
|turn|41
|
|switch|p2a: Arcanine|Arcanine, F|76\/372 par
|-ability|p2a: Arcanine|Intimidate|[of] p1a: Rick Rollin
|-unboost|p1a: Rick Rollin|atk|1
|move|p1a: Rick Rollin|Ice Shard|p2a: Arcanine
|-resisted|p2a: Arcanine
|-damage|p2a: Arcanine|64\/372 par
|
|-heal|p2a: Arcanine|87\/372 par|[from] item: Leftovers
|turn|42
|
|switch|p2a: Shaymin|Shaymin, shiny|30\/342
|move|p1a: Rick Rollin|Earthquake|p2a: Shaymin
|-resisted|p2a: Shaymin
|-damage|p2a: Shaymin|0 fnt
|faint|p2a: Shaymin
|
|
|switch|p2a: Condom|Porygon-Z|312\/312
|-boost|p2a: Condom|spa|1|[from] ability: Download
|turn|43
|
|switch|p1a: Stardust|Jirachi|287\/404
|move|p2a: Condom|Dark Pulse|p1a: Stardust
|-supereffective|p1a: Stardust
|-damage|p1a: Stardust|69\/404
|
|-heal|p1a: Stardust|94\/404|[from] item: Leftovers
|turn|44
|
|switch|p1a: Mega Horny|Heracross, M, shiny|301\/301
|move|p2a: Condom|Dark Pulse|p1a: Mega Horny
|-resisted|p1a: Mega Horny
|-damage|p1a: Mega Horny|213\/301
|
|turn|45
|
|switch|p2a: Arcanine|Arcanine, F|87\/372 par
|-ability|p2a: Arcanine|Intimidate|[of] p1a: Mega Horny
|-unboost|p1a: Mega Horny|atk|1
|move|p1a: Mega Horny|Close Combat|p2a: Arcanine
|-damage|p2a: Arcanine|0 fnt
|-unboost|p1a: Mega Horny|def|1
|-unboost|p1a: Mega Horny|spd|1
|faint|p2a: Arcanine
|-boost|p1a: Mega Horny|atk|1|[from] ability: Moxie
|
|
|switch|p2a: ULikemysmell?|Florges, F, shiny|275\/360
|turn|46
|
|switch|p1a: Boodro|Granbull, M|384\/384
|-ability|p1a: Boodro|Intimidate|[of] p2a: ULikemysmell?
|-unboost|p2a: ULikemysmell?|atk|1
|move|p2a: ULikemysmell?|Moonblast|p1a: Boodro
|-damage|p1a: Boodro|164\/384
|
|-heal|p2a: ULikemysmell?|297\/360|[from] item: Leftovers
|-heal|p1a: Boodro|188\/384|[from] item: Leftovers
|turn|47
|
|move|p2a: ULikemysmell?|Moonblast|p1a: Boodro
|-damage|p1a: Boodro|0 fnt
|faint|p1a: Boodro
|
|-heal|p2a: ULikemysmell?|319\/360|[from] item: Leftovers
|
|switch|p1a: Stardust|Jirachi|94\/404
|turn|48
|
|switch|p2a: NotsoHappyfeet|Empoleon, F|337\/365 par
|move|p1a: Stardust|Wish|p1a: Stardust
|
|-heal|p1a: Stardust|119\/404|[from] item: Leftovers
|-heal|p2a: NotsoHappyfeet|359\/365 par|[from] item: Leftovers
|turn|49
|
|move|p1a: Stardust|Iron Head|p2a: NotsoHappyfeet
|-resisted|p2a: NotsoHappyfeet
|-damage|p2a: NotsoHappyfeet|334\/365 par
|cant|p2a: NotsoHappyfeet|flinch
|
|-heal|p1a: Stardust|321\/404|[from] move: Wish|[wisher] Stardust
|-heal|p1a: Stardust|346\/404|[from] item: Leftovers
|-heal|p2a: NotsoHappyfeet|356\/365 par|[from] item: Leftovers
|turn|50
|
|move|p1a: Stardust|U-turn|p2a: NotsoHappyfeet
|-resisted|p2a: NotsoHappyfeet
|-damage|p2a: NotsoHappyfeet|326\/365 par
|
|switch|p1a: Mega Horny|Heracross, M, shiny|213\/301
|move|p2a: NotsoHappyfeet|Stealth Rock|p1a: Mega Horny
|-sidestart|p1: Brock's Blue Balls|move: Stealth Rock
|
|-heal|p2a: NotsoHappyfeet|348\/365 par|[from] item: Leftovers
|turn|51
|
|switch|p2a: ULikemysmell?|Florges, F, shiny|319\/360
|move|p1a: Mega Horny|Close Combat|p2a: ULikemysmell?
|-resisted|p2a: ULikemysmell?
|-damage|p2a: ULikemysmell?|198\/360
|-unboost|p1a: Mega Horny|def|1
|-unboost|p1a: Mega Horny|spd|1
|
|-heal|p2a: ULikemysmell?|220\/360|[from] item: Leftovers
|turn|52
|
|switch|p1a: Stardust|Jirachi|346\/404
|-damage|p1a: Stardust|321\/404|[from] Stealth Rock
|move|p2a: ULikemysmell?|Wish|p2a: ULikemysmell?
|
|-heal|p1a: Stardust|346\/404|[from] item: Leftovers
|-heal|p2a: ULikemysmell?|242\/360|[from] item: Leftovers
|turn|53
|
|move|p2a: ULikemysmell?|Protect|p2a: ULikemysmell?
|-singleturn|p2a: ULikemysmell?|Protect
|move|p1a: Stardust|Iron Head|p2a: ULikemysmell?
|-activate|p2a: ULikemysmell?|Protect
|
|-heal|p2a: ULikemysmell?|360\/360|[from] move: Wish|[wisher] ULikemysmell?
|-heal|p1a: Stardust|371\/404|[from] item: Leftovers
|turn|54
|
|switch|p2a: NotsoHappyfeet|Empoleon, F|348\/365 par
|move|p1a: Stardust|U-turn|p2a: NotsoHappyfeet
|-resisted|p2a: NotsoHappyfeet
|-damage|p2a: NotsoHappyfeet|320\/365 par
|
|switch|p1a: Rick Rollin|Donphan, M|384\/384
|-damage|p1a: Rick Rollin|360\/384|[from] Stealth Rock
|
|-heal|p1a: Rick Rollin|384\/384|[from] item: Leftovers
|-heal|p2a: NotsoHappyfeet|342\/365 par|[from] item: Leftovers
|turn|55
|
|switch|p2a: Condom|Porygon-Z|312\/312
|-boost|p2a: Condom|spa|1|[from] ability: Download
|move|p1a: Rick Rollin|Earthquake|p2a: Condom
|-damage|p2a: Condom|132\/312
|
|turn|56
|
|move|p2a: Condom|Tri Attack|p1a: Rick Rollin
|-damage|p1a: Rick Rollin|30\/384
|move|p1a: Rick Rollin|Earthquake|p2a: Condom
|-damage|p2a: Condom|0 fnt
|faint|p2a: Condom
|
|-heal|p1a: Rick Rollin|54\/384|[from] item: Leftovers
|
|switch|p2a: ULikemysmell?|Florges, F, shiny|360\/360
|turn|57
|
|switch|p1a: Stardust|Jirachi|371\/404
|-damage|p1a: Stardust|346\/404|[from] Stealth Rock
|move|p2a: ULikemysmell?|Moonblast|p1a: Stardust
|-resisted|p1a: Stardust
|-damage|p1a: Stardust|295\/404
|-unboost|p1a: Stardust|spa|1
|
|-heal|p1a: Stardust|320\/404|[from] item: Leftovers
|turn|58
|
|switch|p2a: Amphy|Ampharos, F, shiny|384\/384
|move|p1a: Stardust|Wish|p1a: Stardust
|
|-heal|p1a: Stardust|345\/404|[from] item: Leftovers
|turn|59
|
|-formechange|p2a: Amphy|Ampharos-Mega
|message|Ampharos has Mega Evolved into Mega Ampharos!
|-ability|p2a: Amphy|Mold Breaker
|move|p1a: Stardust|Body Slam|p2a: Amphy
|-damage|p2a: Amphy|321\/384
|move|p2a: Amphy|Dragon Pulse|p1a: Stardust
|-resisted|p1a: Stardust
|-damage|p1a: Stardust|267\/404
|
|-heal|p1a: Stardust|404\/404|[from] move: Wish|[wisher] Stardust
|turn|60
|
|move|p1a: Stardust|Wish|p1a: Stardust
|move|p2a: Amphy|Thunderbolt|p1a: Stardust
|-damage|p1a: Stardust|262\/404
|
|-heal|p1a: Stardust|287\/404|[from] item: Leftovers
|turn|61
|
|move|p1a: Stardust|Body Slam|p2a: Amphy
|-damage|p2a: Amphy|252\/384
|move|p2a: Amphy|Dragon Pulse|p1a: Stardust
|-resisted|p1a: Stardust
|-damage|p1a: Stardust|218\/404
|
|-heal|p1a: Stardust|404\/404|[from] move: Wish|[wisher] Stardust
|turn|62
|
|move|p1a: Stardust|Body Slam|p2a: Amphy
|-damage|p2a: Amphy|182\/384
|move|p2a: Amphy|Volt Switch|p1a: Stardust
|-damage|p1a: Stardust|293\/404
|
|switch|p2a: NotsoHappyfeet|Empoleon, F|342\/365 par
|
|-heal|p1a: Stardust|318\/404|[from] item: Leftovers
|-heal|p2a: NotsoHappyfeet|364\/365 par|[from] item: Leftovers
|turn|63
|
|move|p1a: Stardust|Wish|p1a: Stardust
|move|p2a: NotsoHappyfeet|Scald|p1a: Stardust
|-crit|p1a: Stardust
|-damage|p1a: Stardust|155\/404
|
|-heal|p1a: Stardust|180\/404|[from] item: Leftovers
|-heal|p2a: NotsoHappyfeet|365\/365 par|[from] item: Leftovers
|turn|64
|
|move|p1a: Stardust|U-turn|p2a: NotsoHappyfeet
|-resisted|p2a: NotsoHappyfeet
|-damage|p2a: NotsoHappyfeet|336\/365 par
|
|switch|p1a: Mega Horny|Heracross, M, shiny|213\/301
|-damage|p1a: Mega Horny|176\/301|[from] Stealth Rock
|move|p2a: NotsoHappyfeet|Scald|p1a: Mega Horny
|-crit|p1a: Mega Horny
|-damage|p1a: Mega Horny|0 fnt
|faint|p1a: Mega Horny
|
|-heal|p2a: NotsoHappyfeet|358\/365 par|[from] item: Leftovers
|
|switch|p1a: Rick Rollin|Donphan, M|54\/384
|-damage|p1a: Rick Rollin|30\/384|[from] Stealth Rock
|turn|65
|chat|Brock's Blue Balls|you are quite the lucky bastard. what a timely crit
|
|switch|p2a: ULikemysmell?|Florges, F, shiny|360\/360
|move|p1a: Rick Rollin|Earthquake|p2a: ULikemysmell?
|-damage|p2a: ULikemysmell?|212\/360
|
|-heal|p2a: ULikemysmell?|234\/360|[from] item: Leftovers
|-heal|p1a: Rick Rollin|54\/384|[from] item: Leftovers
|turn|66
|chat|Hogback_fosh_men|lol yep
|
|move|p2a: ULikemysmell?|Moonblast|p1a: Rick Rollin
|-damage|p1a: Rick Rollin|0 fnt
|faint|p1a: Rick Rollin
|
|-heal|p2a: ULikemysmell?|256\/360|[from] item: Leftovers
|
|switch|p1a: Stardust|Jirachi|180\/404
|-damage|p1a: Stardust|155\/404|[from] Stealth Rock
|turn|67
|
|switch|p2a: NotsoHappyfeet|Empoleon, F|358\/365 par
|move|p1a: Stardust|Wish|p1a: Stardust
|
|-heal|p1a: Stardust|180\/404|[from] item: Leftovers
|-heal|p2a: NotsoHappyfeet|365\/365 par|[from] item: Leftovers
|turn|68
|
|move|p1a: Stardust|Iron Head|p2a: NotsoHappyfeet
|-resisted|p2a: NotsoHappyfeet
|-damage|p2a: NotsoHappyfeet|340\/365 par
|move|p2a: NotsoHappyfeet|Scald|p1a: Stardust
|-damage|p1a: Stardust|81\/404
|
|-heal|p1a: Stardust|283\/404|[from] move: Wish|[wisher] Stardust
|-heal|p1a: Stardust|308\/404|[from] item: Leftovers
|-heal|p2a: NotsoHappyfeet|362\/365 par|[from] item: Leftovers
|turn|69
|join|grantley1
|
|move|p1a: Stardust|Iron Head|p2a: NotsoHappyfeet
|-resisted|p2a: NotsoHappyfeet
|-damage|p2a: NotsoHappyfeet|336\/365 par
|cant|p2a: NotsoHappyfeet|par
|
|-heal|p1a: Stardust|333\/404|[from] item: Leftovers
|-heal|p2a: NotsoHappyfeet|358\/365 par|[from] item: Leftovers
|turn|70
|
|move|p1a: Stardust|Iron Head|p2a: NotsoHappyfeet
|-resisted|p2a: NotsoHappyfeet
|-damage|p2a: NotsoHappyfeet|331\/365 par
|cant|p2a: NotsoHappyfeet|flinch
|
|-heal|p1a: Stardust|358\/404|[from] item: Leftovers
|-heal|p2a: NotsoHappyfeet|353\/365 par|[from] item: Leftovers
|turn|71
|-message|Brock's Blue Balls forfeited.
|
|win|Hogback_fosh_men
|raw|Ladder updating...
|leave|Brock's Blue Balls
|player|p1