|join|destinyhero96
|join|Brock's Blue Balls
|player|p1|destinyhero96|102
|player|p2|Brock's Blue Balls|154
|gametype|singles
|gen|6
|tier|UU
|rated
|rule|Sleep Clause Mod: Limit one foe put to sleep
|rule|Species Clause: Limit one of each PokÃ©mon
|rule|OHKO Clause: OHKO moves are banned
|rule|Moody Clause: Moody is banned
|rule|Evasion Moves Clause: Evasion moves are banned
|rule|Endless Battle Clause: Forcing endless battles is banned
|rule|HP Percentage Mod: HP is shown in percentages
|clearpoke
|poke|p1|Donphan, F
|poke|p1|Medicham, M
|poke|p1|Vaporeon, M
|poke|p1|Umbreon, F
|poke|p1|Crobat, M
|poke|p1|Jellicent, M
|poke|p2|Swampert, M
|poke|p2|Alomomola, F
|poke|p2|Granbull, M
|poke|p2|Blissey, F
|poke|p2|Celebi
|poke|p2|Crobat, M
|rule|Swagger Clause: Swagger is banned
|rule|Baton Pass Clause: Limit one PokÃ©mon knowing Baton Pass
|teampreview
|join|RuiSil
|leave|RuiSil
|
|start
|switch|p1a: Jellicent|Jellicent, M|394\/394
|switch|p2a: Swampert|Swampert, M|404\/404
|turn|1
|
|detailschange|p2a: Swampert|Swampert-Mega, M
|-mega|p2a: Swampert|Swampert|Swampertite
|move|p1a: Jellicent|Taunt|p2a: Swampert
|-start|p2a: Swampert|move: Taunt
|move|p2a: Swampert|Earthquake|p1a: Jellicent
|-damage|p1a: Jellicent|165\/394
|
|-heal|p1a: Jellicent|189\/394|[from] item: Leftovers
|turn|2
|
|switch|p1a: Umbreon|Umbreon, F|393\/393
|move|p2a: Swampert|Earthquake|p1a: Umbreon
|-damage|p1a: Umbreon|282\/393
|
|-heal|p1a: Umbreon|306\/393|[from] item: Leftovers
|turn|3
|
|switch|p2a: Boodro|Granbull, M|383\/383
|-ability|p2a: Boodro|Intimidate|[of] p1a: Umbreon
|-unboost|p1a: Umbreon|atk|1
|move|p1a: Umbreon|Wish|p1a: Umbreon
|
|-heal|p1a: Umbreon|330\/393|[from] item: Leftovers
|turn|4
|
|switch|p1a: Donphan|Donphan, F|321\/321
|move|p2a: Boodro|Roar|p1a: Donphan
|drag|p1a: Jellicent|Jellicent, M|189\/394
|
|-heal|p1a: Jellicent|385\/394|[from] move: Wish|[wisher] Umbreon
|-heal|p1a: Jellicent|394\/394|[from] item: Leftovers
|turn|5
|
|switch|p2a: Celebi|Celebi|403\/403
|move|p1a: Jellicent|Will-O-Wisp|p2a: Celebi
|-status|p2a: Celebi|brn
|
|-damage|p2a: Celebi|353\/403 brn|[from] brn
|turn|6
|
|switch|p1a: Crobat|Crobat, M|374\/374
|move|p2a: Celebi|Stealth Rock|p1a: Crobat
|-sidestart|p1: destinyhero96|move: Stealth Rock
|
|-heal|p2a: Celebi|378\/403 brn|[from] item: Leftovers
|-damage|p2a: Celebi|328\/403 brn|[from] brn
|turn|7
|
|switch|p2a: Clit|Alomomola, F|533\/533
|move|p1a: Crobat|Defog|p2a: Clit
|-unboost|p2a: Clit|evasion|1
|-sideend|p1: destinyhero96|Stealth Rock|[from] move: Defog|[of] p1a: Crobat
|
|turn|8
|
|move|p1a: Crobat|Poison Fang|p2a: Clit
|-damage|p2a: Clit|485\/533
|-status|p2a: Clit|tox
|move|p2a: Clit|Toxic|p1a: Crobat
|-fail|p1a: Crobat
|
|-heal|p2a: Clit|518\/533 tox|[from] item: Leftovers
|-damage|p2a: Clit|485\/533 tox|[from] psn
|turn|9
|
|switch|p1a: Medicham|Medicham, M|261\/261
|move|p2a: Clit|Toxic|p1a: Medicham
|-status|p1a: Medicham|tox
|
|-heal|p2a: Clit|518\/533 tox|[from] item: Leftovers
|-damage|p1a: Medicham|245\/261 tox|[from] psn
|-damage|p2a: Clit|452\/533 tox|[from] psn
|turn|10
|
|switch|p1a: Donphan|Donphan, F|321\/321
|move|p2a: Clit|Wish|p2a: Clit
|
|-heal|p2a: Clit|485\/533 tox|[from] item: Leftovers
|-damage|p2a: Clit|386\/533 tox|[from] psn
|turn|11
|
|move|p2a: Clit|Scald|p1a: Donphan
|-supereffective|p1a: Donphan
|-damage|p1a: Donphan|249\/321
|-status|p1a: Donphan|brn
|move|p1a: Donphan|Knock Off|p2a: Clit
|-damage|p2a: Clit|340\/533 tox
|-enditem|p2a: Clit|Leftovers|[from] move: Knock Off|[of] p1a: Donphan
|
|-heal|p2a: Clit|533\/533 tox|[from] move: Wish|[wisher] Clit
|-damage|p2a: Clit|401\/533 tox|[from] psn
|-damage|p1a: Donphan|209\/321 brn|[from] brn
|turn|12
|
|switch|p2a: Crobat|Crobat, M|341\/341
|switch|p1a: Umbreon|Umbreon, F|330\/393
|
|-heal|p1a: Umbreon|354\/393|[from] item: Leftovers
|turn|13
|
|switch|p1a: Vaporeon|Vaporeon, M|463\/463
|move|p2a: Crobat|Brave Bird|p1a: Vaporeon
|-crit|p1a: Vaporeon
|-damage|p1a: Vaporeon|267\/463
|-damage|p2a: Crobat|276\/341|[from] recoil|[of] p1a: Vaporeon
|
|-heal|p2a: Crobat|297\/341|[from] item: Black Sludge
|-heal|p1a: Vaporeon|295\/463|[from] item: Leftovers
|turn|14
|
|switch|p2a: Celebi|Celebi|328\/403
|move|p1a: Vaporeon|Wish|p1a: Vaporeon
|
|-heal|p2a: Celebi|353\/403|[from] item: Leftovers
|-heal|p1a: Vaporeon|323\/463|[from] item: Leftovers
|turn|15
|
|move|p2a: Celebi|Stealth Rock|p1a: Vaporeon
|-sidestart|p1: destinyhero96|move: Stealth Rock
|move|p1a: Vaporeon|Scald|p2a: Celebi
|-resisted|p2a: Celebi
|-damage|p2a: Celebi|307\/403
|
|-heal|p1a: Vaporeon|463\/463|[from] move: Wish|[wisher] Vaporeon
|-heal|p2a: Celebi|332\/403|[from] item: Leftovers
|turn|16
|
|switch|p1a: Umbreon|Umbreon, F|354\/393
|-damage|p1a: Umbreon|305\/393|[from] Stealth Rock
|move|p2a: Celebi|Giga Drain|p1a: Umbreon
|-damage|p1a: Umbreon|238\/393
|-heal|p2a: Celebi|366\/403|[from] drain|[of] p1a: Umbreon
|
|-heal|p2a: Celebi|391\/403|[from] item: Leftovers
|-heal|p1a: Umbreon|262\/393|[from] item: Leftovers
|turn|17
|
|switch|p2a: Boodro|Granbull, M|383\/383
|-ability|p2a: Boodro|Intimidate|[of] p1a: Umbreon
|-unboost|p1a: Umbreon|atk|1
|move|p1a: Umbreon|Wish|p1a: Umbreon
|
|-heal|p1a: Umbreon|286\/393|[from] item: Leftovers
|turn|18
|
|move|p1a: Umbreon|Heal Bell|p1a: Umbreon
|-cureteam|p1a: Umbreon|[from] move: HealBell
|move|p2a: Boodro|Play Rough|p1a: Umbreon
|-supereffective|p1a: Umbreon
|-damage|p1a: Umbreon|116\/393
|
|-heal|p1a: Umbreon|312\/393|[from] move: Wish|[wisher] Umbreon
|-heal|p1a: Umbreon|336\/393|[from] item: Leftovers
|turn|19
|
|switch|p1a: Crobat|Crobat, M|374\/374
|-damage|p1a: Crobat|281\/374|[from] Stealth Rock
|move|p2a: Boodro|Play Rough|p1a: Crobat
|-resisted|p1a: Crobat
|-damage|p1a: Crobat|226\/374
|
|-heal|p1a: Crobat|249\/374|[from] item: Black Sludge
|turn|20
|
|switch|p2a: Swampert|Swampert-Mega, M|404\/404
|move|p1a: Crobat|Poison Fang|p2a: Swampert
|-resisted|p2a: Swampert
|-damage|p2a: Swampert|381\/404
|
|-heal|p1a: Crobat|272\/374|[from] item: Black Sludge
|turn|21
|
|move|p1a: Crobat|Poison Fang|p2a: Swampert
|-resisted|p2a: Swampert
|-damage|p2a: Swampert|355\/404
|move|p2a: Swampert|Scald|p1a: Crobat
|-damage|p1a: Crobat|172\/374
|
|-heal|p1a: Crobat|195\/374|[from] item: Black Sludge
|turn|22
|
|switch|p1a: Vaporeon|Vaporeon, M|463\/463
|-damage|p1a: Vaporeon|406\/463|[from] Stealth Rock
|move|p2a: Swampert|Earthquake|p1a: Vaporeon
|-damage|p1a: Vaporeon|232\/463
|
|-heal|p1a: Vaporeon|260\/463|[from] item: Leftovers
|turn|23
|
|switch|p2a: Blissey|Blissey, F|652\/652
|move|p1a: Vaporeon|Wish|p1a: Vaporeon
|
|-heal|p1a: Vaporeon|288\/463|[from] item: Leftovers
|turn|24
|
|move|p1a: Vaporeon|Baton Pass|p1a: Vaporeon
|
|switch|p1a: Medicham|Medicham, M|245\/261
|-damage|p1a: Medicham|229\/261|[from] Stealth Rock
|move|p2a: Blissey|Heal Bell|p2a: Blissey
|-cureteam|p2a: Blissey|[from] move: HealBell
|
|-heal|p1a: Medicham|261\/261|[from] move: Wish|[wisher] Vaporeon
|turn|25
|
|switch|p2a: Boodro|Granbull, M|383\/383
|-ability|p2a: Boodro|Intimidate|[of] p1a: Medicham
|-unboost|p1a: Medicham|atk|1
|detailschange|p1a: Medicham|Medicham-Mega, M
|-mega|p1a: Medicham|Medicham|Medichamite
|move|p1a: Medicham|Bulk Up|p1a: Medicham
|-boost|p1a: Medicham|atk|1
|-boost|p1a: Medicham|def|1
|
|turn|26
|
|move|p1a: Medicham|Bulk Up|p1a: Medicham
|-boost|p1a: Medicham|atk|1
|-boost|p1a: Medicham|def|1
|move|p2a: Boodro|Play Rough|p1a: Medicham
|-supereffective|p1a: Medicham
|-damage|p1a: Medicham|115\/261
|
|turn|27
|
|switch|p1a: Crobat|Crobat, M|195\/374
|-damage|p1a: Crobat|102\/374|[from] Stealth Rock
|move|p2a: Boodro|Roar|p1a: Crobat
|drag|p1a: Donphan|Donphan, F|209\/321
|-damage|p1a: Donphan|189\/321|[from] Stealth Rock
|
|turn|28
|
|switch|p2a: Swampert|Swampert-Mega, M|355\/404
|move|p1a: Donphan|Knock Off|p2a: Swampert
|-damage|p2a: Swampert|282\/404
|
|turn|29
|
|switch|p1a: Vaporeon|Vaporeon, M|288\/463
|-damage|p1a: Vaporeon|231\/463|[from] Stealth Rock
|move|p2a: Swampert|Earthquake|p1a: Vaporeon
|-damage|p1a: Vaporeon|74\/463
|
|-heal|p1a: Vaporeon|102\/463|[from] item: Leftovers
|turn|30
|
|move|p1a: Vaporeon|Protect|p1a: Vaporeon
|-singleturn|p1a: Vaporeon|Protect
|move|p2a: Swampert|Earthquake|p1a: Vaporeon
|-activate|p1a: Vaporeon|Protect
|
|-heal|p1a: Vaporeon|130\/463|[from] item: Leftovers
|turn|31
|
|switch|p1a: Umbreon|Umbreon, F|336\/393
|-damage|p1a: Umbreon|287\/393|[from] Stealth Rock
|move|p2a: Swampert|Earthquake|p1a: Umbreon
|-damage|p1a: Umbreon|170\/393
|
|-heal|p1a: Umbreon|194\/393|[from] item: Leftovers
|turn|32
|
|switch|p2a: Boodro|Granbull, M|383\/383
|-ability|p2a: Boodro|Intimidate|[of] p1a: Umbreon
|-unboost|p1a: Umbreon|atk|1
|move|p1a: Umbreon|Wish|p1a: Umbreon
|
|-heal|p1a: Umbreon|218\/393|[from] item: Leftovers
|turn|33
|
|switch|p1a: Jellicent|Jellicent, M|394\/394
|-damage|p1a: Jellicent|345\/394|[from] Stealth Rock
|move|p2a: Boodro|Play Rough|p1a: Jellicent
|-damage|p1a: Jellicent|170\/394
|-unboost|p1a: Jellicent|atk|1
|
|-heal|p1a: Jellicent|366\/394|[from] move: Wish|[wisher] Umbreon
|-heal|p1a: Jellicent|390\/394|[from] item: Leftovers
|turn|34
|
|switch|p2a: Celebi|Celebi|391\/403
|move|p1a: Jellicent|Will-O-Wisp|p2a: Celebi
|-status|p2a: Celebi|brn
|
|-heal|p2a: Celebi|403\/403 brn|[from] item: Leftovers
|-heal|p1a: Jellicent|394\/394|[from] item: Leftovers
|-damage|p2a: Celebi|353\/403 brn|[from] brn
|turn|35
|
|move|p2a: Celebi|Giga Drain|p1a: Jellicent
|-supereffective|p1a: Jellicent
|-damage|p1a: Jellicent|274\/394
|-heal|p2a: Celebi|403\/403 brn|[from] drain|[of] p1a: Jellicent
|move|p1a: Jellicent|Taunt|p2a: Celebi
|-start|p2a: Celebi|move: Taunt
|
|-heal|p1a: Jellicent|298\/394|[from] item: Leftovers
|-damage|p2a: Celebi|353\/403 brn|[from] brn
|turn|36
|
|move|p2a: Celebi|Giga Drain|p1a: Jellicent
|-supereffective|p1a: Jellicent
|-damage|p1a: Jellicent|178\/394
|-heal|p2a: Celebi|403\/403 brn|[from] drain|[of] p1a: Jellicent
|move|p1a: Jellicent|Scald|p2a: Celebi
|-resisted|p2a: Celebi
|-damage|p2a: Celebi|362\/403 brn
|
|-heal|p2a: Celebi|387\/403 brn|[from] item: Leftovers
|-heal|p1a: Jellicent|202\/394|[from] item: Leftovers
|-damage|p2a: Celebi|337\/403 brn|[from] brn
|turn|37
|
|switch|p1a: Umbreon|Umbreon, F|218\/393
|-damage|p1a: Umbreon|169\/393|[from] Stealth Rock
|move|p2a: Celebi|Giga Drain|p1a: Umbreon
|-damage|p1a: Umbreon|91\/393
|-heal|p2a: Celebi|376\/403 brn|[from] drain|[of] p1a: Umbreon
|
|-heal|p2a: Celebi|401\/403 brn|[from] item: Leftovers
|-heal|p1a: Umbreon|115\/393|[from] item: Leftovers
|-damage|p2a: Celebi|351\/403 brn|[from] brn
|turn|38
|
|switch|p2a: Boodro|Granbull, M|383\/383
|-ability|p2a: Boodro|Intimidate|[of] p1a: Umbreon
|-unboost|p1a: Umbreon|atk|1
|move|p1a: Umbreon|Wish|p1a: Umbreon
|
|-heal|p1a: Umbreon|139\/393|[from] item: Leftovers
|turn|39
|
|switch|p1a: Vaporeon|Vaporeon, M|130\/463
|-damage|p1a: Vaporeon|73\/463|[from] Stealth Rock
|move|p2a: Boodro|Roar|p1a: Vaporeon
|drag|p1a: Donphan|Donphan, F|189\/321
|-damage|p1a: Donphan|169\/321|[from] Stealth Rock
|
|-heal|p1a: Donphan|321\/321|[from] move: Wish|[wisher] Umbreon
|turn|40
|
|switch|p2a: Swampert|Swampert-Mega, M|282\/404
|move|p1a: Donphan|Rapid Spin|p2a: Swampert
|-damage|p2a: Swampert|260\/404
|-sideend|p1: destinyhero96|Stealth Rock|[from] move: Rapid Spin|[of] p1a: Donphan
|
|turn|41
|
|move|p2a: Swampert|Scald|p1a: Donphan
|-supereffective|p1a: Donphan
|-damage|p1a: Donphan|189\/321
|move|p1a: Donphan|Earthquake|p2a: Swampert
|-damage|p2a: Swampert|97\/404
|
|turn|42
|
|move|p2a: Swampert|Rest|p2a: Swampert
|-status|p2a: Swampert|slp
|-heal|p2a: Swampert|404\/404 slp|[silent]
|-status|p2a: Swampert|slp|[from] move: Rest
|move|p1a: Donphan|Earthquake|p2a: Swampert
|-damage|p2a: Swampert|242\/404 slp
|
|turn|43
|
|switch|p2a: Celebi|Celebi|351\/403
|switch|p1a: Vaporeon|Vaporeon, M|73\/463
|
|-heal|p2a: Celebi|376\/403|[from] item: Leftovers
|-heal|p1a: Vaporeon|101\/463|[from] item: Leftovers
|turn|44
|
|switch|p1a: Crobat|Crobat, M|102\/374
|move|p2a: Celebi|Giga Drain|p1a: Crobat
|-resisted|p1a: Crobat
|-damage|p1a: Crobat|75\/374
|-heal|p2a: Celebi|390\/403|[from] drain|[of] p1a: Crobat
|
|-heal|p1a: Crobat|98\/374|[from] item: Black Sludge
|-heal|p2a: Celebi|403\/403|[from] item: Leftovers
|turn|45
|
|move|p1a: Crobat|Roost|p1a: Crobat
|-heal|p1a: Crobat|285\/374
|move|p2a: Celebi|Stealth Rock|p1a: Crobat
|-sidestart|p1: destinyhero96|move: Stealth Rock
|
|-heal|p1a: Crobat|308\/374|[from] item: Black Sludge
|turn|46
|
|switch|p2a: Crobat|Crobat, M|297\/341
|move|p1a: Crobat|Poison Fang|p2a: Crobat
|-resisted|p2a: Crobat
|-damage|p2a: Crobat|264\/341
|
|-heal|p2a: Crobat|285\/341|[from] item: Black Sludge
|-heal|p1a: Crobat|331\/374|[from] item: Black Sludge
|turn|47
|
|move|p2a: Crobat|Brave Bird|p1a: Crobat
|-damage|p1a: Crobat|231\/374
|-damage|p2a: Crobat|252\/341|[from] recoil|[of] p1a: Crobat
|move|p1a: Crobat|Defog|p2a: Crobat
|-unboost|p2a: Crobat|evasion|1
|-sideend|p1: destinyhero96|Stealth Rock|[from] move: Defog|[of] p1a: Crobat
|
|-heal|p2a: Crobat|273\/341|[from] item: Black Sludge
|-heal|p1a: Crobat|254\/374|[from] item: Black Sludge
|turn|48
|
|switch|p1a: Jellicent|Jellicent, M|202\/394
|move|p2a: Crobat|Brave Bird|p1a: Jellicent
|-damage|p1a: Jellicent|40\/394
|-start|p2a: Crobat|Disable|Brave Bird
|-damage|p2a: Crobat|220\/341|[from] recoil|[of] p1a: Jellicent
|
|-heal|p2a: Crobat|241\/341|[from] item: Black Sludge
|-heal|p1a: Jellicent|64\/394|[from] item: Leftovers
|turn|49
|c|âBrock's Blue Balls|curesed body jellicent lol so bad
|
|switch|p2a: Celebi|Celebi|403\/403
|move|p1a: Jellicent|Recover|p1a: Jellicent
|-heal|p1a: Jellicent|261\/394
|
|-heal|p1a: Jellicent|285\/394|[from] item: Leftovers
|turn|50
|c|âdestinyhero96|why are u making personal attacks
|c|âdestinyhero96|this is just a game
|
|move|p2a: Celebi|Stealth Rock|p1a: Jellicent
|-sidestart|p1: destinyhero96|move: Stealth Rock
|move|p1a: Jellicent|Will-O-Wisp|p2a: Celebi
|-status|p2a: Celebi|brn
|
|-heal|p1a: Jellicent|309\/394|[from] item: Leftovers
|-damage|p2a: Celebi|353\/403 brn|[from] brn
|turn|51
|
|move|p2a: Celebi|Giga Drain|p1a: Jellicent
|-supereffective|p1a: Jellicent
|-damage|p1a: Jellicent|193\/394
|-heal|p2a: Celebi|403\/403 brn|[from] drain|[of] p1a: Jellicent
|-start|p2a: Celebi|Disable|Giga Drain
|move|p1a: Jellicent|Taunt|p2a: Celebi
|-start|p2a: Celebi|move: Taunt
|
|-heal|p1a: Jellicent|217\/394|[from] item: Leftovers
|-damage|p2a: Celebi|353\/403 brn|[from] brn
|turn|52
|
|switch|p2a: Swampert|Swampert-Mega, M|242\/404 slp
|switch|p1a: Vaporeon|Vaporeon, M|101\/463
|-damage|p1a: Vaporeon|44\/463|[from] Stealth Rock
|
|-heal|p1a: Vaporeon|72\/463|[from] item: Leftovers
|turn|53
|
|switch|p2a: Boodro|Granbull, M|383\/383
|-ability|p2a: Boodro|Intimidate|[of] p1a: Vaporeon
|-unboost|p1a: Vaporeon|atk|1
|move|p1a: Vaporeon|Wish|p1a: Vaporeon
|
|-heal|p1a: Vaporeon|100\/463|[from] item: Leftovers
|turn|54
|
|move|p1a: Vaporeon|Scald|p2a: Boodro
|-damage|p2a: Boodro|235\/383
|move|p2a: Boodro|Roar|p1a: Vaporeon
|drag|p1a: Jellicent|Jellicent, M|217\/394
|-damage|p1a: Jellicent|168\/394|[from] Stealth Rock
|
|-heal|p1a: Jellicent|394\/394|[from] move: Wish|[wisher] Vaporeon
|-heal|p2a: Boodro|258\/383|[from] item: Leftovers
|turn|55
|
|switch|p2a: Swampert|Swampert-Mega, M|242\/404 slp
|move|p1a: Jellicent|Scald|p2a: Swampert
|-damage|p2a: Swampert|185\/404 slp
|
|turn|56
|
|switch|p1a: Vaporeon|Vaporeon, M|100\/463
|-damage|p1a: Vaporeon|43\/463|[from] Stealth Rock
|cant|p2a: Swampert|slp
|move|p2a: Swampert|Sleep Talk|p2a: Swampert
|move|p2a: Swampert|Scald|p1a: Vaporeon|[from]Sleep Talk
|-heal|p1a: Vaporeon|158\/463|[from] ability: Water Absorb|[of] p2a: Swampert
|
|-heal|p1a: Vaporeon|186\/463|[from] item: Leftovers
|turn|57
|
|move|p1a: Vaporeon|Wish|p1a: Vaporeon
|cant|p2a: Swampert|slp
|move|p2a: Swampert|Sleep Talk|p2a: Swampert
|move|p2a: Swampert|Scald|p1a: Vaporeon|[from]Sleep Talk
|-heal|p1a: Vaporeon|301\/463|[from] ability: Water Absorb|[of] p2a: Swampert
|
|-heal|p1a: Vaporeon|329\/463|[from] item: Leftovers
|turn|58
|
|move|p1a: Vaporeon|Baton Pass|p1a: Vaporeon
|
|switch|p1a: Umbreon|Umbreon, F|139\/393
|-damage|p1a: Umbreon|90\/393|[from] Stealth Rock
|-curestatus|p2a: Swampert|slp
|move|p2a: Swampert|Earthquake|p1a: Umbreon
|-damage|p1a: Umbreon|0 fnt
|faint|p1a: Umbreon
|
|
|switch|p1a: Medicham|Medicham-Mega, M|115\/261
|-damage|p1a: Medicham|99\/261|[from] Stealth Rock
|turn|59
|
|switch|p2a: Boodro|Granbull, M|258\/383
|-ability|p2a: Boodro|Intimidate|[of] p1a: Medicham
|-unboost|p1a: Medicham|atk|1
|move|p1a: Medicham|Bulk Up|p1a: Medicham
|-boost|p1a: Medicham|atk|1
|-boost|p1a: Medicham|def|1
|
|-heal|p2a: Boodro|281\/383|[from] item: Leftovers
|turn|60
|
|move|p1a: Medicham|Zen Headbutt|p2a: Boodro
|-damage|p2a: Boodro|85\/383
|move|p2a: Boodro|Play Rough|p1a: Medicham
|-supereffective|p1a: Medicham
|-damage|p1a: Medicham|0 fnt
|faint|p1a: Medicham
|
|-heal|p2a: Boodro|108\/383|[from] item: Leftovers
|
|switch|p1a: Jellicent|Jellicent, M|394\/394
|-damage|p1a: Jellicent|345\/394|[from] Stealth Rock
|turn|61
|c|âBrock's Blue Balls|it's ogre
|-message|destinyhero96 forfeited.
|leave|destinyhero96
|c|âBrock's Blue Balls|SHREKT
|
|win|Brock's Blue Balls
|raw|Ladder updating...
|player|p1
|raw|destinyhero96's rating: 1670 &rarr; <strong>1643<\/strong><br \/>(-27 for losing)
|raw|Brock&apos;s Blue Balls's rating: 1531 &rarr; <strong>1559<\/strong><br \/>(+28 for winning)