|join|Brock's Blue Balls
|join|Big papa 12 inches
|player|p1|Brock's Blue Balls|154
|player|p2|Big papa 12 inches|76
|gametype|singles
|gen|6
|tier|UU
|rated
|rule|Sleep Clause Mod: Limit one foe put to sleep
|rule|Species Clause: Limit one of each PokÃ©mon
|rule|OHKO Clause: OHKO moves are banned
|rule|Moody Clause: Moody is banned
|rule|Evasion Moves Clause: Evasion moves are banned
|rule|Endless Battle Clause: Forcing endless battles is banned
|rule|HP Percentage Mod: HP is shown in percentages
|clearpoke
|poke|p1|Swampert, F
|poke|p1|Alomomola, M
|poke|p1|Granbull, M
|poke|p1|Blissey, F
|poke|p1|Celebi
|poke|p1|Crobat, F
|poke|p2|Yanmega, M
|poke|p2|Mismagius, M
|poke|p2|Absol, M
|poke|p2|Raikou
|poke|p2|Forretress, M, shiny
|poke|p2|Mienshao, M
|rule|Swagger Clause: Swagger is banned
|rule|Baton Pass Clause: Limit one PokÃ©mon knowing Baton Pass
|teampreview
|
|start
|switch|p1a: Swampert|Swampert, F|404\/404
|switch|p2a: Another Mienshao|Mienshao, M|271\/271
|turn|1
|
|detailschange|p1a: Swampert|Swampert-Mega, F
|-mega|p1a: Swampert|Swampert|Swampertite
|move|p2a: Another Mienshao|U-turn|p1a: Swampert
|-damage|p1a: Swampert|332\/404
|
|switch|p2a: Yan-meh|Yanmega, M|313\/313
|move|p1a: Swampert|Scald|p2a: Yan-meh
|-damage|p2a: Yan-meh|163\/313
|-status|p2a: Yan-meh|brn
|
|-damage|p2a: Yan-meh|124\/313 brn|[from] brn
|turn|2
|
|switch|p1a: Clit|Alomomola, M|533\/533
|move|p2a: Yan-meh|Giga Drain|p1a: Clit
|-supereffective|p1a: Clit
|-damage|p1a: Clit|123\/533
|-heal|p2a: Yan-meh|313\/313 brn|[from] drain|[of] p1a: Clit
|
|-heal|p1a: Clit|156\/533|[from] item: Leftovers
|-damage|p2a: Yan-meh|274\/313 brn|[from] brn
|-boost|p2a: Yan-meh|spe|1|[from] ability: Speed Boost
|turn|3
|
|switch|p2a: Absol|Absol, M|271\/271
|switch|p1a: Blissey|Blissey, F|652\/652
|
|turn|4
|
|switch|p1a: Boodro|Granbull, M|383\/383
|-ability|p1a: Boodro|Intimidate|[of] p2a: Absol
|-unboost|p2a: Absol|atk|1
|detailschange|p2a: Absol|Absol-Mega, M
|-mega|p2a: Absol|Absol|Absolite
|move|p2a: Absol|Knock Off|p1a: Boodro
|-crit|p1a: Boodro
|-resisted|p1a: Boodro
|-damage|p1a: Boodro|266\/383
|-enditem|p1a: Boodro|Leftovers|[from] move: Knock Off|[of] p2a: Absol
|
|turn|5
|
|switch|p2a: Gold Member|Forretress, M, shiny|353\/353
|move|p1a: Boodro|Play Rough|p2a: Gold Member
|-resisted|p2a: Gold Member
|-damage|p2a: Gold Member|320\/353
|-enditem|p2a: Gold Member|Red Card|[of] p1a: Boodro
|drag|p1a: Clit|Alomomola, M|333\/533
|
|-heal|p1a: Clit|366\/533|[from] item: Leftovers
|turn|6
|
|move|p1a: Clit|Scald|p2a: Gold Member
|-damage|p2a: Gold Member|244\/353
|move|p2a: Gold Member|Stealth Rock|p1a: Clit
|-sidestart|p1: Brock's Blue Balls|move: Stealth Rock
|
|-heal|p1a: Clit|399\/533|[from] item: Leftovers
|turn|7
|
|move|p1a: Clit|Wish|p1a: Clit
|move|p2a: Gold Member|Rapid Spin|p1a: Clit
|-damage|p1a: Clit|388\/533
|
|-heal|p1a: Clit|421\/533|[from] item: Leftovers
|turn|8
|
|move|p1a: Clit|Scald|p2a: Gold Member
|-damage|p2a: Gold Member|171\/353
|move|p2a: Gold Member|Spikes|p1a: Clit
|-sidestart|p1: Brock's Blue Balls|Spikes
|
|-heal|p1a: Clit|533\/533|[from] move: Wish|[wisher] Clit
|turn|9
|
|switch|p2a: Yan-meh|Yanmega, M|274\/313 brn
|move|p1a: Clit|Scald|p2a: Yan-meh
|-damage|p2a: Yan-meh|204\/313 brn
|
|-damage|p2a: Yan-meh|165\/313 brn|[from] brn
|turn|10
|
|move|p1a: Clit|Protect|p1a: Clit
|-singleturn|p1a: Clit|Protect
|move|p2a: Yan-meh|Giga Drain|p1a: Clit
|-activate|p1a: Clit|Protect
|
|-damage|p2a: Yan-meh|126\/313 brn|[from] brn
|-boost|p2a: Yan-meh|spe|1|[from] ability: Speed Boost
|turn|11
|
|switch|p2a: Absol|Absol-Mega, M|271\/271
|switch|p1a: Blissey|Blissey, F|652\/652
|-damage|p1a: Blissey|571\/652|[from] Spikes
|-damage|p1a: Blissey|490\/652|[from] Stealth Rock
|
|-heal|p1a: Blissey|530\/652|[from] item: Leftovers
|turn|12
|
|switch|p1a: Boodro|Granbull, M|266\/383
|-damage|p1a: Boodro|219\/383|[from] Stealth Rock
|-damage|p1a: Boodro|172\/383|[from] Spikes
|-ability|p1a: Boodro|Intimidate|[of] p2a: Absol
|-unboost|p2a: Absol|atk|1
|move|p2a: Absol|Play Rough|p1a: Boodro|[miss]
|-miss|p2a: Absol|p1a: Boodro
|
|turn|13
|
|switch|p2a: Gold Member|Forretress, M, shiny|171\/353
|move|p1a: Boodro|Play Rough|p2a: Gold Member
|-resisted|p2a: Gold Member
|-damage|p2a: Gold Member|136\/353
|
|turn|14
|
|move|p1a: Boodro|Overheat|p2a: Gold Member
|-supereffective|p2a: Gold Member
|-damage|p2a: Gold Member|0 fnt
|-unboost|p1a: Boodro|spa|2
|faint|p2a: Gold Member
|
|
|switch|p2a: Another Mienshao|Mienshao, M|271\/271
|turn|15
|
|switch|p1a: Clit|Alomomola, M|533\/533
|-damage|p1a: Clit|467\/533|[from] Spikes
|-damage|p1a: Clit|401\/533|[from] Stealth Rock
|move|p2a: Another Mienshao|Poison Jab|p1a: Clit
|-damage|p1a: Clit|328\/533
|-status|p1a: Clit|psn
|
|-heal|p1a: Clit|361\/533 psn|[from] item: Leftovers
|-damage|p1a: Clit|295\/533 psn|[from] psn
|turn|16
|
|switch|p2a: Raikou|Raikou|321\/321
|-ability|p2a: Raikou|Pressure
|move|p1a: Clit|Wish|p1a: Clit
|
|-heal|p1a: Clit|328\/533 psn|[from] item: Leftovers
|-damage|p1a: Clit|262\/533 psn|[from] psn
|turn|17
|
|switch|p2a: Yan-meh|Yanmega, M|126\/313 brn
|switch|p1a: Swampert|Swampert-Mega, F|332\/404
|-damage|p1a: Swampert|282\/404|[from] Spikes
|-damage|p1a: Swampert|257\/404|[from] Stealth Rock
|
|-heal|p1a: Swampert|404\/404|[from] move: Wish|[wisher] Clit
|-damage|p2a: Yan-meh|87\/313 brn|[from] brn
|turn|18
|
|switch|p1a: Blissey|Blissey, F|530\/652
|-damage|p1a: Blissey|449\/652|[from] Spikes
|-damage|p1a: Blissey|368\/652|[from] Stealth Rock
|move|p2a: Yan-meh|Giga Drain|p1a: Blissey
|-damage|p1a: Blissey|304\/652
|-heal|p2a: Yan-meh|119\/313 brn|[from] drain|[of] p1a: Blissey
|
|-heal|p1a: Blissey|344\/652|[from] item: Leftovers
|-damage|p2a: Yan-meh|80\/313 brn|[from] brn
|-boost|p2a: Yan-meh|spe|1|[from] ability: Speed Boost
|turn|19
|
|switch|p2a: Absol|Absol-Mega, M|271\/271
|move|p1a: Blissey|Soft-Boiled|p1a: Blissey
|-heal|p1a: Blissey|652\/652
|
|turn|20
|
|switch|p1a: Boodro|Granbull, M|172\/383
|-damage|p1a: Boodro|125\/383|[from] Stealth Rock
|-damage|p1a: Boodro|78\/383|[from] Spikes
|-ability|p1a: Boodro|Intimidate|[of] p2a: Absol
|-unboost|p2a: Absol|atk|1
|move|p2a: Absol|Swords Dance|p2a: Absol
|-boost|p2a: Absol|atk|2
|
|turn|21
|
|move|p2a: Absol|Play Rough|p1a: Boodro|[miss]
|-miss|p2a: Absol|p1a: Boodro
|move|p1a: Boodro|Rest|p1a: Boodro
|-status|p1a: Boodro|slp
|-heal|p1a: Boodro|383\/383 slp|[silent]
|-status|p1a: Boodro|slp|[from] move: Rest
|
|turn|22
|c|âBig papa 12 inches|lol wow
|c|âBig papa 12 inches|that's twice a 90 acc move missed
|
|switch|p1a: Crobat|Crobat, F|341\/341
|-damage|p1a: Crobat|256\/341|[from] Stealth Rock
|move|p2a: Absol|Swords Dance|p2a: Absol
|-boost|p2a: Absol|atk|2
|
|-heal|p1a: Crobat|277\/341|[from] item: Black Sludge
|turn|23
|
|move|p1a: Crobat|Haze|p1a: Crobat
|-clearallboost
|move|p2a: Absol|Knock Off|p1a: Crobat
|-damage|p1a: Crobat|33\/341
|-enditem|p1a: Crobat|Black Sludge|[from] move: Knock Off|[of] p2a: Absol
|
|turn|24
|
|move|p2a: Absol|Sucker Punch|p1a: Crobat
|-fail|p1a: Crobat
|move|p1a: Crobat|Roost|p1a: Crobat
|-heal|p1a: Crobat|204\/341
|
|turn|25
|
|switch|p2a: Raikou|Raikou|321\/321
|-ability|p2a: Raikou|Pressure
|move|p1a: Crobat|Defog|p2a: Raikou
|-unboost|p2a: Raikou|evasion|1
|-sideend|p1: Brock's Blue Balls|Spikes|[from] move: Defog|[of] p1a: Crobat
|-sideend|p1: Brock's Blue Balls|Stealth Rock|[from] move: Defog|[of] p1a: Crobat
|
|turn|26
|c|âBig papa 12 inches|your stall team is so fucking gay and I can't even catch one 90% accuracy move lol
|c|âBrock's Blue Balls|u mad bro?
|
|switch|p1a: Swampert|Swampert-Mega, F|404\/404
|move|p2a: Raikou|Calm Mind|p2a: Raikou
|-boost|p2a: Raikou|spa|1
|-boost|p2a: Raikou|spd|1
|
|turn|27
|c|âBig papa 12 inches|lol
|
|move|p2a: Raikou|Hidden Power|p1a: Swampert
|-damage|p1a: Swampert|342\/404
|move|p1a: Swampert|Earthquake|p2a: Raikou
|-supereffective|p2a: Raikou
|-damage|p2a: Raikou|0 fnt
|faint|p2a: Raikou
|
|c|âBrock's Blue Balls|lol big dammage
|c|âBig papa 12 inches|lol
|
|switch|p2a: Mr. Magius|Mismagius, M|261\/261
|turn|28
|
|switch|p1a: Blissey|Blissey, F|652\/652
|move|p2a: Mr. Magius|Substitute|p2a: Mr. Magius
|-start|p2a: Mr. Magius|Substitute
|-damage|p2a: Mr. Magius|196\/261
|
|-heal|p2a: Mr. Magius|212\/261|[from] item: Leftovers
|turn|29
|
|move|p2a: Mr. Magius|Nasty Plot|p2a: Mr. Magius
|-boost|p2a: Mr. Magius|spa|2
|move|p1a: Blissey|Heal Bell|p1a: Blissey
|-cureteam|p1a: Blissey|[from] move: HealBell
|
|-heal|p2a: Mr. Magius|228\/261|[from] item: Leftovers
|turn|30
|
|switch|p1a: Crobat|Crobat, F|204\/341
|move|p2a: Mr. Magius|Nasty Plot|p2a: Mr. Magius
|-boost|p2a: Mr. Magius|spa|2
|
|-heal|p2a: Mr. Magius|244\/261|[from] item: Leftovers
|turn|31
|
|move|p1a: Crobat|Haze|p1a: Crobat
|-clearallboost
|move|p2a: Mr. Magius|Shadow Ball|p1a: Crobat
|-damage|p1a: Crobat|81\/341
|-unboost|p1a: Crobat|spd|1
|
|-heal|p2a: Mr. Magius|260\/261|[from] item: Leftovers
|turn|32
|
|switch|p1a: Boodro|Granbull, M|383\/383
|-activate|p2a: Mr. Magius|Substitute|ability: Intimidate|[of] p1a: Boodro
|move|p2a: Mr. Magius|Shadow Ball|p1a: Boodro
|-damage|p1a: Boodro|197\/383
|
|-heal|p2a: Mr. Magius|261\/261|[from] item: Leftovers
|turn|33
|
|move|p2a: Mr. Magius|Nasty Plot|p2a: Mr. Magius
|-boost|p2a: Mr. Magius|spa|2
|move|p1a: Boodro|Roar|p2a: Mr. Magius
|drag|p2a: Absol|Absol-Mega, M|271\/271
|
|turn|34
|
|move|p2a: Absol|Play Rough|p1a: Boodro
|-damage|p1a: Boodro|88\/383
|move|p1a: Boodro|Play Rough|p2a: Absol
|-supereffective|p2a: Absol
|-damage|p2a: Absol|0 fnt
|faint|p2a: Absol
|
|
|switch|p2a: Mr. Magius|Mismagius, M|261\/261
|turn|35
|
|move|p2a: Mr. Magius|Shadow Ball|p1a: Boodro
|-damage|p1a: Boodro|0 fnt
|faint|p1a: Boodro
|
|
|switch|p1a: Swampert|Swampert-Mega, F|342\/404
|turn|36
|
|switch|p2a: Yan-meh|Yanmega, M|80\/313 brn
|move|p1a: Swampert|Scald|p2a: Yan-meh
|-damage|p2a: Yan-meh|0 fnt
|faint|p2a: Yan-meh
|
|
|switch|p2a: Another Mienshao|Mienshao, M|271\/271
|turn|37
|
|switch|p1a: Celebi|Celebi|403\/403
|move|p2a: Another Mienshao|Stone Edge|p1a: Celebi
|-damage|p1a: Celebi|315\/403
|
|-heal|p1a: Celebi|340\/403|[from] item: Leftovers
|turn|38
|
|switch|p2a: Mr. Magius|Mismagius, M|261\/261
|move|p1a: Celebi|Giga Drain|p2a: Mr. Magius
|-crit|p2a: Mr. Magius
|-damage|p2a: Mr. Magius|135\/261
|-heal|p1a: Celebi|403\/403|[from] drain|[of] p2a: Mr. Magius
|
|-heal|p2a: Mr. Magius|151\/261|[from] item: Leftovers
|turn|39
|c|âBig papa 12 inches|lol
|
|move|p2a: Mr. Magius|Shadow Ball|p1a: Celebi
|-supereffective|p1a: Celebi
|-damage|p1a: Celebi|149\/403
|-unboost|p1a: Celebi|spd|1
|move|p1a: Celebi|Giga Drain|p2a: Mr. Magius
|-damage|p2a: Mr. Magius|72\/261
|-heal|p1a: Celebi|189\/403|[from] drain|[of] p2a: Mr. Magius
|
|-heal|p2a: Mr. Magius|88\/261|[from] item: Leftovers
|-heal|p1a: Celebi|214\/403|[from] item: Leftovers
|turn|40
|
|move|p2a: Mr. Magius|Shadow Ball|p1a: Celebi
|-supereffective|p1a: Celebi
|-damage|p1a: Celebi|0 fnt
|faint|p1a: Celebi
|
|-heal|p2a: Mr. Magius|104\/261|[from] item: Leftovers
|
|switch|p1a: Crobat|Crobat, F|81\/341
|turn|41
|
|move|p1a: Crobat|Roost|p1a: Crobat
|-heal|p1a: Crobat|252\/341
|move|p2a: Mr. Magius|Shadow Ball|p1a: Crobat
|-damage|p1a: Crobat|144\/341
|-unboost|p1a: Crobat|spd|1
|
|-heal|p2a: Mr. Magius|120\/261|[from] item: Leftovers
|turn|42
|
|move|p1a: Crobat|Brave Bird|p2a: Mr. Magius
|-damage|p2a: Mr. Magius|0 fnt
|-damage|p1a: Crobat|104\/341|[from] recoil|[of] p2a: Mr. Magius
|faint|p2a: Mr. Magius
|
|c|âBrock's Blue Balls|lol you get a drop every time with shadow ball so you shouldnt bitch about hax
|
|switch|p2a: Another Mienshao|Mienshao, M|271\/271
|turn|43
|c|âBig papa 12 inches|lol
|c|âBig papa 12 inches|those mattered so much, o wait, no they didn't at all
|c|âBrock's Blue Balls|dont cry noob
|
|switch|p1a: Clit|Alomomola, M|439\/533
|move|p2a: Another Mienshao|High Jump Kick|p1a: Clit
|-damage|p1a: Clit|220\/533
|
|-heal|p1a: Clit|253\/533|[from] item: Leftovers
|turn|44
|c|âBig papa 12 inches|lol
|
|move|p1a: Clit|Protect|p1a: Clit
|-singleturn|p1a: Clit|Protect
|move|p2a: Another Mienshao|High Jump Kick|p1a: Clit
|-activate|p1a: Clit|Protect
|-damage|p2a: Another Mienshao|136\/271|[from] highjumpkick
|
|-heal|p1a: Clit|286\/533|[from] item: Leftovers
|turn|45
|c|âBrock's Blue Balls|ahh hes gonna time stall. how cute
|c|âBrock's Blue Balls|get shrekt
|-message|Big papa 12 inches lost due to inactivity.
|leave|Big papa 12 inches
|
|win|Brock's Blue Balls
|raw|Ladder updating...
|raw|Brock&apos;s Blue Balls's rating: 1499 &rarr; <strong>1513<\/strong><br \/>(+14 for winning)
|raw|Big papa 12 inches's rating: 1392 &rarr; <strong>1378<\/strong><br \/>(-14 for losing)
|player|p2