|join|MasterPpv
|join|Brock's Blue Balls
|player|p1|MasterPpv|2
|player|p2|Brock's Blue Balls|154
|gametype|singles
|gen|6
|tier|UU
|rated
|rule|Sleep Clause Mod: Limit one foe put to sleep
|rule|Species Clause: Limit one of each PokÃ©mon
|rule|OHKO Clause: OHKO moves are banned
|rule|Moody Clause: Moody is banned
|rule|Evasion Moves Clause: Evasion moves are banned
|rule|Endless Battle Clause: Forcing endless battles is banned
|rule|HP Percentage Mod: HP is shown in percentages
|clearpoke
|poke|p1|Mienshao, F
|poke|p1|Beedrill, M
|poke|p1|Suicune
|poke|p1|Chandelure, M
|poke|p1|Diancie
|poke|p1|Goodra, M
|poke|p2|Swampert, M
|poke|p2|Alomomola, F
|poke|p2|Granbull, M
|poke|p2|Blissey, F
|poke|p2|Celebi
|poke|p2|Crobat, M
|rule|Swagger Clause: Swagger is banned
|rule|Baton Pass Clause: Limit one PokÃ©mon knowing Baton Pass
|teampreview
|c|âMasterPpv|gl hf :)
|c|âBrock's Blue Balls|ty
|
|start
|switch|p1a: Goodra|Goodra, M|384\/384
|switch|p2a: Swampert|Swampert, M|404\/404
|turn|1
|
|switch|p2a: Celebi|Celebi|403\/403
|move|p1a: Goodra|Dragon Pulse|p2a: Celebi
|-damage|p2a: Celebi|262\/403
|
|-heal|p2a: Celebi|287\/403|[from] item: Leftovers
|turn|2
|
|move|p2a: Celebi|Stealth Rock|p1a: Goodra
|-sidestart|p1: MasterPpv|move: Stealth Rock
|move|p1a: Goodra|Ice Beam|p2a: Celebi
|-crit|p2a: Celebi
|-supereffective|p2a: Celebi
|-damage|p2a: Celebi|0 fnt
|faint|p2a: Celebi
|
|c|âMasterPpv|ahh sorry for the crit
|
|switch|p2a: Blissey|Blissey, F|652\/652
|turn|3
|c|âBrock's Blue Balls|happens
|
|switch|p1a: Diancie|Diancie|303\/303
|-damage|p1a: Diancie|266\/303|[from] Stealth Rock
|move|p2a: Blissey|Toxic|p1a: Diancie
|-status|p1a: Diancie|tox
|
|-heal|p1a: Diancie|284\/303 tox|[from] item: Leftovers
|-damage|p1a: Diancie|266\/303 tox|[from] psn
|turn|4
|
|move|p2a: Blissey|Seismic Toss|p1a: Diancie
|-damage|p1a: Diancie|166\/303 tox
|move|p1a: Diancie|Stealth Rock|p2a: Blissey
|-sidestart|p2: Brock's Blue Balls|move: Stealth Rock
|
|-heal|p1a: Diancie|184\/303 tox|[from] item: Leftovers
|-damage|p1a: Diancie|148\/303 tox|[from] psn
|turn|5
|
|move|p2a: Blissey|Seismic Toss|p1a: Diancie
|-damage|p1a: Diancie|48\/303 tox
|move|p1a: Diancie|Heal Bell|p1a: Diancie
|-cureteam|p1a: Diancie|[from] move: HealBell
|
|-heal|p1a: Diancie|66\/303|[from] item: Leftovers
|turn|6
|
|move|p2a: Blissey|Toxic|p1a: Diancie
|-status|p1a: Diancie|tox
|move|p1a: Diancie|Diamond Storm|p2a: Blissey
|-damage|p2a: Blissey|442\/652
|-boost|p1a: Diancie|def|1
|
|-heal|p2a: Blissey|482\/652|[from] item: Leftovers
|-heal|p1a: Diancie|84\/303 tox|[from] item: Leftovers
|-damage|p1a: Diancie|66\/303 tox|[from] psn
|turn|7
|
|move|p2a: Blissey|Seismic Toss|p1a: Diancie
|-damage|p1a: Diancie|0 fnt
|faint|p1a: Diancie
|
|-heal|p2a: Blissey|522\/652|[from] item: Leftovers
|
|switch|p1a: Beedrill|Beedrill, M|271\/271
|-damage|p1a: Beedrill|204\/271|[from] Stealth Rock
|turn|8
|
|switch|p2a: Clit|Alomomola, F|533\/533
|-damage|p2a: Clit|467\/533|[from] Stealth Rock
|detailschange|p1a: Beedrill|Beedrill-Mega, M
|-mega|p1a: Beedrill|Beedrill|Beedrillite
|move|p1a: Beedrill|Poison Jab|p2a: Clit
|-damage|p2a: Clit|283\/533
|-status|p2a: Clit|psn
|
|-heal|p2a: Clit|316\/533 psn|[from] item: Leftovers
|-damage|p2a: Clit|250\/533 psn|[from] psn
|turn|9
|
|move|p1a: Beedrill|U-turn|p2a: Clit
|-damage|p2a: Clit|102\/533 psn
|
|switch|p1a: Suicune|Suicune|404\/404
|-damage|p1a: Suicune|354\/404|[from] Stealth Rock
|-ability|p1a: Suicune|Pressure
|move|p2a: Clit|Scald|p1a: Suicune
|-resisted|p1a: Suicune
|-damage|p1a: Suicune|333\/404
|
|-heal|p1a: Suicune|358\/404|[from] item: Leftovers
|-heal|p2a: Clit|135\/533 psn|[from] item: Leftovers
|-damage|p2a: Clit|69\/533 psn|[from] psn
|turn|10
|
|switch|p2a: Crobat|Crobat, M|341\/341
|-damage|p2a: Crobat|256\/341|[from] Stealth Rock
|move|p1a: Suicune|Calm Mind|p1a: Suicune
|-boost|p1a: Suicune|spa|1
|-boost|p1a: Suicune|spd|1
|
|-heal|p2a: Crobat|277\/341|[from] item: Black Sludge
|-heal|p1a: Suicune|383\/404|[from] item: Leftovers
|turn|11
|
|move|p2a: Crobat|Haze|p2a: Crobat
|-clearallboost
|move|p1a: Suicune|Scald|p2a: Crobat
|-damage|p2a: Crobat|198\/341
|-status|p2a: Crobat|brn
|
|-heal|p2a: Crobat|219\/341 brn|[from] item: Black Sludge
|-heal|p1a: Suicune|404\/404|[from] item: Leftovers
|-damage|p2a: Crobat|177\/341 brn|[from] brn
|turn|12
|
|move|p2a: Crobat|Roost|p2a: Crobat
|-heal|p2a: Crobat|341\/341 brn
|move|p1a: Suicune|Calm Mind|p1a: Suicune
|-boost|p1a: Suicune|spa|1
|-boost|p1a: Suicune|spd|1
|
|-damage|p2a: Crobat|299\/341 brn|[from] brn
|turn|13
|
|move|p2a: Crobat|Haze|p2a: Crobat
|-clearallboost
|move|p1a: Suicune|Scald|p2a: Crobat
|-damage|p2a: Crobat|218\/341 brn
|
|-heal|p2a: Crobat|239\/341 brn|[from] item: Black Sludge
|-damage|p2a: Crobat|197\/341 brn|[from] brn
|turn|14
|
|move|p2a: Crobat|Defog|p1a: Suicune
|-unboost|p1a: Suicune|evasion|1
|-sideend|p1: MasterPpv|Stealth Rock|[from] move: Defog|[of] p1a: Suicune
|-sideend|p2: Brock's Blue Balls|Stealth Rock|[from] move: Defog|[of] p2a: Crobat
|move|p1a: Suicune|Calm Mind|p1a: Suicune
|-boost|p1a: Suicune|spa|1
|-boost|p1a: Suicune|spd|1
|
|-heal|p2a: Crobat|218\/341 brn|[from] item: Black Sludge
|-damage|p2a: Crobat|176\/341 brn|[from] brn
|turn|15
|
|move|p2a: Crobat|Haze|p2a: Crobat
|-clearallboost
|move|p1a: Suicune|Scald|p2a: Crobat
|-damage|p2a: Crobat|98\/341 brn
|
|-heal|p2a: Crobat|119\/341 brn|[from] item: Black Sludge
|-damage|p2a: Crobat|77\/341 brn|[from] brn
|turn|16
|
|move|p2a: Crobat|Roost|p2a: Crobat
|-heal|p2a: Crobat|248\/341 brn
|move|p1a: Suicune|Calm Mind|p1a: Suicune
|-boost|p1a: Suicune|spa|1
|-boost|p1a: Suicune|spd|1
|
|-heal|p2a: Crobat|269\/341 brn|[from] item: Black Sludge
|-damage|p2a: Crobat|227\/341 brn|[from] brn
|turn|17
|
|move|p2a: Crobat|Haze|p2a: Crobat
|-clearallboost
|move|p1a: Suicune|Calm Mind|p1a: Suicune
|-boost|p1a: Suicune|spa|1
|-boost|p1a: Suicune|spd|1
|
|-heal|p2a: Crobat|248\/341 brn|[from] item: Black Sludge
|-damage|p2a: Crobat|206\/341 brn|[from] brn
|turn|18
|
|move|p2a: Crobat|Haze|p2a: Crobat
|-clearallboost
|move|p1a: Suicune|Scald|p2a: Crobat
|-damage|p2a: Crobat|122\/341 brn
|
|-heal|p2a: Crobat|143\/341 brn|[from] item: Black Sludge
|-damage|p2a: Crobat|101\/341 brn|[from] brn
|turn|19
|
|move|p2a: Crobat|Roost|p2a: Crobat
|-heal|p2a: Crobat|272\/341 brn
|move|p1a: Suicune|Calm Mind|p1a: Suicune
|-boost|p1a: Suicune|spa|1
|-boost|p1a: Suicune|spd|1
|
|-heal|p2a: Crobat|293\/341 brn|[from] item: Black Sludge
|-damage|p2a: Crobat|251\/341 brn|[from] brn
|turn|20
|
|move|p2a: Crobat|Haze|p2a: Crobat
|-clearallboost
|move|p1a: Suicune|Calm Mind|p1a: Suicune
|-boost|p1a: Suicune|spa|1
|-boost|p1a: Suicune|spd|1
|
|-heal|p2a: Crobat|272\/341 brn|[from] item: Black Sludge
|-damage|p2a: Crobat|230\/341 brn|[from] brn
|turn|21
|
|switch|p2a: Blissey|Blissey, F|522\/652
|switch|p1a: Goodra|Goodra, M|384\/384
|
|-heal|p2a: Blissey|562\/652|[from] item: Leftovers
|turn|22
|
|switch|p1a: Beedrill|Beedrill-Mega, M|204\/271
|move|p2a: Blissey|Toxic|p1a: Beedrill|[miss]
|-miss|p2a: Blissey|p1a: Beedrill
|
|-heal|p2a: Blissey|602\/652|[from] item: Leftovers
|turn|23
|
|switch|p2a: Swampert|Swampert, M|404\/404
|move|p1a: Beedrill|Poison Jab|p2a: Swampert
|-resisted|p2a: Swampert
|-damage|p2a: Swampert|296\/404
|-status|p2a: Swampert|psn
|
|-damage|p2a: Swampert|246\/404 psn|[from] psn
|turn|24
|c|âMasterPpv|sorry for all the hax >_<
|c|âMasterPpv|do you not have heal bell or aromatherapy?
|
|detailschange|p2a: Swampert|Swampert-Mega, M
|-mega|p2a: Swampert|Swampert|Swampertite
|move|p1a: Beedrill|U-turn|p2a: Swampert
|-damage|p2a: Swampert|68\/404 psn
|
|switch|p1a: Suicune|Suicune|404\/404
|-ability|p1a: Suicune|Pressure
|move|p2a: Swampert|Rest|p2a: Swampert
|-status|p2a: Swampert|slp
|-heal|p2a: Swampert|404\/404 slp|[silent]
|-status|p2a: Swampert|slp|[from] move: Rest
|
|turn|25
|
|switch|p2a: Blissey|Blissey, F|602\/652
|move|p1a: Suicune|Calm Mind|p1a: Suicune
|-boost|p1a: Suicune|spa|1
|-boost|p1a: Suicune|spd|1
|
|-heal|p2a: Blissey|642\/652|[from] item: Leftovers
|turn|26
|
|switch|p1a: Mienshao|Mienshao, F|271\/271
|move|p2a: Blissey|Heal Bell|p2a: Blissey
|-cureteam|p2a: Blissey|[from] move: HealBell
|
|-heal|p2a: Blissey|652\/652|[from] item: Leftovers
|turn|27
|
|switch|p2a: Boodro|Granbull, M|383\/383
|-ability|p2a: Boodro|Intimidate|[of] p1a: Mienshao
|-unboost|p1a: Mienshao|atk|1
|move|p1a: Mienshao|Knock Off|p2a: Boodro
|-resisted|p2a: Boodro
|-damage|p2a: Boodro|343\/383
|-enditem|p2a: Boodro|Leftovers|[from] move: Knock Off|[of] p1a: Mienshao
|-damage|p1a: Mienshao|244\/271|[from] item: Life Orb
|
|turn|28
|
|switch|p1a: Suicune|Suicune|404\/404
|-ability|p1a: Suicune|Pressure
|move|p2a: Boodro|Play Rough|p1a: Suicune
|-damage|p1a: Suicune|326\/404
|
|-heal|p1a: Suicune|351\/404|[from] item: Leftovers
|turn|29
|
|move|p1a: Suicune|Scald|p2a: Boodro
|-damage|p2a: Boodro|214\/383
|move|p2a: Boodro|Roar|p1a: Suicune
|drag|p1a: Chandelure|Chandelure, M|261\/261
|
|turn|30
|
|switch|p2a: Swampert|Swampert-Mega, M|404\/404
|move|p1a: Chandelure|Flamethrower|p2a: Swampert
|-resisted|p2a: Swampert
|-damage|p2a: Swampert|309\/404
|
|turn|31
|
|switch|p1a: Suicune|Suicune|351\/404
|-ability|p1a: Suicune|Pressure
|move|p2a: Swampert|Earthquake|p1a: Suicune
|-damage|p1a: Suicune|248\/404
|
|-heal|p1a: Suicune|273\/404|[from] item: Leftovers
|turn|32
|
|move|p1a: Suicune|Calm Mind|p1a: Suicune
|-boost|p1a: Suicune|spa|1
|-boost|p1a: Suicune|spd|1
|move|p2a: Swampert|Earthquake|p1a: Suicune
|-damage|p1a: Suicune|159\/404
|
|-heal|p1a: Suicune|184\/404|[from] item: Leftovers
|turn|33
|
|switch|p2a: Crobat|Crobat, M|230\/341
|move|p1a: Suicune|Scald|p2a: Crobat
|-damage|p2a: Crobat|104\/341
|-status|p2a: Crobat|brn
|
|-heal|p2a: Crobat|125\/341 brn|[from] item: Black Sludge
|-heal|p1a: Suicune|209\/404|[from] item: Leftovers
|-damage|p2a: Crobat|83\/341 brn|[from] brn
|turn|34
|
|move|p2a: Crobat|Roost|p2a: Crobat
|-heal|p2a: Crobat|254\/341 brn
|move|p1a: Suicune|Scald|p2a: Crobat
|-damage|p2a: Crobat|136\/341 brn
|
|-heal|p2a: Crobat|157\/341 brn|[from] item: Black Sludge
|-heal|p1a: Suicune|234\/404|[from] item: Leftovers
|-damage|p2a: Crobat|115\/341 brn|[from] brn
|turn|35
|
|switch|p2a: Clit|Alomomola, F|246\/533
|move|p1a: Suicune|Calm Mind|p1a: Suicune
|-boost|p1a: Suicune|spa|1
|-boost|p1a: Suicune|spd|1
|
|-heal|p1a: Suicune|259\/404|[from] item: Leftovers
|-heal|p2a: Clit|279\/533|[from] item: Leftovers
|turn|36
|
|move|p1a: Suicune|Scald|p2a: Clit
|-resisted|p2a: Clit
|-damage|p2a: Clit|126\/533
|move|p2a: Clit|Toxic|p1a: Suicune
|-status|p1a: Suicune|tox
|
|-heal|p1a: Suicune|284\/404 tox|[from] item: Leftovers
|-heal|p2a: Clit|159\/533|[from] item: Leftovers
|-damage|p1a: Suicune|259\/404 tox|[from] psn
|turn|37
|
|switch|p2a: Blissey|Blissey, F|652\/652
|move|p1a: Suicune|Calm Mind|p1a: Suicune
|-boost|p1a: Suicune|spa|1
|-boost|p1a: Suicune|spd|1
|
|-heal|p1a: Suicune|284\/404 tox|[from] item: Leftovers
|-damage|p1a: Suicune|234\/404 tox|[from] psn
|turn|38
|
|move|p1a: Suicune|Scald|p2a: Blissey
|-damage|p2a: Blissey|505\/652
|move|p2a: Blissey|Heal Bell|p2a: Blissey
|-cureteam|p2a: Blissey|[from] move: HealBell
|
|-heal|p1a: Suicune|259\/404 tox|[from] item: Leftovers
|-heal|p2a: Blissey|545\/652|[from] item: Leftovers
|-damage|p1a: Suicune|184\/404 tox|[from] psn
|turn|39
|
|move|p1a: Suicune|Rest|p1a: Suicune
|-status|p1a: Suicune|slp
|-heal|p1a: Suicune|404\/404 slp|[silent]
|-status|p1a: Suicune|slp|[from] move: Rest
|move|p2a: Blissey|Seismic Toss|p1a: Suicune
|-damage|p1a: Suicune|304\/404 slp
|
|-heal|p1a: Suicune|329\/404 slp|[from] item: Leftovers
|-heal|p2a: Blissey|585\/652|[from] item: Leftovers
|turn|40
|
|switch|p2a: Clit|Alomomola, F|336\/533
|cant|p1a: Suicune|slp
|move|p1a: Suicune|Sleep Talk|p1a: Suicune
|move|p1a: Suicune|Scald|p2a: Clit|[from]Sleep Talk
|-resisted|p2a: Clit
|-damage|p2a: Clit|129\/533
|
|-heal|p1a: Suicune|354\/404 slp|[from] item: Leftovers
|-heal|p2a: Clit|162\/533|[from] item: Leftovers
|turn|41
|
|cant|p1a: Suicune|slp
|move|p1a: Suicune|Sleep Talk|p1a: Suicune
|move|p1a: Suicune|Calm Mind|p1a: Suicune|[from]Sleep Talk
|-boost|p1a: Suicune|spa|1
|-boost|p1a: Suicune|spd|1
|move|p2a: Clit|Wish|p2a: Clit
|
|-heal|p1a: Suicune|379\/404 slp|[from] item: Leftovers
|-heal|p2a: Clit|195\/533|[from] item: Leftovers
|turn|42
|
|switch|p2a: Blissey|Blissey, F|585\/652
|-curestatus|p1a: Suicune|slp
|move|p1a: Suicune|Scald|p2a: Blissey
|-damage|p2a: Blissey|426\/652
|
|-heal|p2a: Blissey|652\/652|[from] move: Wish|[wisher] Clit
|-heal|p1a: Suicune|404\/404|[from] item: Leftovers
|turn|43
|
|switch|p1a: Beedrill|Beedrill-Mega, M|204\/271
|move|p2a: Blissey|Toxic|p1a: Beedrill
|-fail|p1a: Beedrill
|
|turn|44
|
|switch|p2a: Swampert|Swampert-Mega, M|309\/404
|move|p1a: Beedrill|U-turn|p2a: Swampert
|-damage|p2a: Swampert|143\/404
|
|switch|p1a: Goodra|Goodra, M|384\/384
|
|turn|45
|
|move|p1a: Goodra|Dragon Pulse|p2a: Swampert
|-damage|p2a: Swampert|43\/404
|move|p2a: Swampert|Rest|p2a: Swampert
|-status|p2a: Swampert|slp
|-heal|p2a: Swampert|404\/404 slp|[silent]
|-status|p2a: Swampert|slp|[from] move: Rest
|
|turn|46
|
|switch|p1a: Beedrill|Beedrill-Mega, M|204\/271
|cant|p2a: Swampert|slp
|move|p2a: Swampert|Sleep Talk|p2a: Swampert
|move|p2a: Swampert|Earthquake|p1a: Beedrill|[from]Sleep Talk
|-damage|p1a: Beedrill|0 fnt
|faint|p1a: Beedrill
|
|
|switch|p1a: Chandelure|Chandelure, M|261\/261
|turn|47
|
|move|p1a: Chandelure|Energy Ball|p2a: Swampert
|-supereffective|p2a: Swampert
|-damage|p2a: Swampert|0 fnt
|faint|p2a: Swampert
|
|
|switch|p2a: Crobat|Crobat, M|115\/341
|turn|48
|
|switch|p1a: Suicune|Suicune|404\/404
|-ability|p1a: Suicune|Pressure
|move|p2a: Crobat|Roost|p2a: Crobat
|-heal|p2a: Crobat|286\/341
|
|-heal|p2a: Crobat|307\/341|[from] item: Black Sludge
|turn|49
|
|switch|p2a: Blissey|Blissey, F|652\/652
|move|p1a: Suicune|Scald|p2a: Blissey
|-damage|p2a: Blissey|597\/652
|-status|p2a: Blissey|brn
|
|-heal|p2a: Blissey|637\/652 brn|[from] item: Leftovers
|-damage|p2a: Blissey|556\/652 brn|[from] brn
|turn|50
|
|switch|p1a: Mienshao|Mienshao, F|271\/271
|move|p2a: Blissey|Toxic|p1a: Mienshao
|-status|p1a: Mienshao|tox
|
|-heal|p2a: Blissey|596\/652 brn|[from] item: Leftovers
|-damage|p1a: Mienshao|255\/271 tox|[from] psn
|-damage|p2a: Blissey|515\/652 brn|[from] brn
|turn|51
|
|switch|p2a: Clit|Alomomola, F|372\/533
|move|p1a: Mienshao|Fake Out|p2a: Clit
|-damage|p2a: Clit|323\/533
|-damage|p1a: Mienshao|228\/271 tox|[from] item: Life Orb
|
|-heal|p2a: Clit|356\/533|[from] item: Leftovers
|-damage|p1a: Mienshao|196\/271 tox|[from] psn
|turn|52
|
|move|p2a: Clit|Protect|p2a: Clit
|-singleturn|p2a: Clit|Protect
|move|p1a: Mienshao|Knock Off|p2a: Clit
|-activate|p2a: Clit|Protect
|
|-heal|p2a: Clit|389\/533|[from] item: Leftovers
|-damage|p1a: Mienshao|148\/271 tox|[from] psn
|turn|53
|
|switch|p1a: Goodra|Goodra, M|384\/384
|switch|p2a: Boodro|Granbull, M|214\/383
|-ability|p2a: Boodro|Intimidate|[of] p1a: Goodra
|-unboost|p1a: Goodra|atk|1
|
|turn|54
|
|switch|p1a: Suicune|Suicune|404\/404
|-ability|p1a: Suicune|Pressure
|switch|p2a: Blissey|Blissey, F|515\/652
|
|-heal|p2a: Blissey|555\/652|[from] item: Leftovers
|turn|55
|
|switch|p1a: Mienshao|Mienshao, F|238\/271 tox
|move|p2a: Blissey|Seismic Toss|p1a: Mienshao
|-damage|p1a: Mienshao|138\/271 tox
|
|-heal|p2a: Blissey|595\/652|[from] item: Leftovers
|-damage|p1a: Mienshao|122\/271 tox|[from] psn
|turn|56
|
|switch|p2a: Boodro|Granbull, M|214\/383
|-ability|p2a: Boodro|Intimidate|[of] p1a: Mienshao
|-unboost|p1a: Mienshao|atk|1
|move|p1a: Mienshao|Drain Punch|p2a: Boodro
|-resisted|p2a: Boodro
|-damage|p2a: Boodro|167\/383
|-heal|p1a: Mienshao|146\/271 tox|[from] drain|[of] p2a: Boodro
|-damage|p1a: Mienshao|119\/271 tox|[from] item: Life Orb
|
|-damage|p1a: Mienshao|87\/271 tox|[from] psn
|turn|57
|
|switch|p1a: Suicune|Suicune|404\/404
|-ability|p1a: Suicune|Pressure
|move|p2a: Boodro|Rest|p2a: Boodro
|-status|p2a: Boodro|slp
|-heal|p2a: Boodro|383\/383 slp|[silent]
|-status|p2a: Boodro|slp|[from] move: Rest
|
|turn|58
|
|switch|p1a: Mienshao|Mienshao, F|177\/271 tox
|switch|p2a: Blissey|Blissey, F|595\/652
|
|-heal|p2a: Blissey|635\/652|[from] item: Leftovers
|-damage|p1a: Mienshao|161\/271 tox|[from] psn
|turn|59
|
|switch|p2a: Boodro|Granbull, M|383\/383 slp
|-ability|p2a: Boodro|Intimidate|[of] p1a: Mienshao
|-unboost|p1a: Mienshao|atk|1
|move|p1a: Mienshao|Knock Off|p2a: Boodro
|-crit|p2a: Boodro
|-resisted|p2a: Boodro
|-damage|p2a: Boodro|321\/383 slp
|-damage|p1a: Mienshao|134\/271 tox|[from] item: Life Orb
|
|-damage|p1a: Mienshao|102\/271 tox|[from] psn
|turn|60
|
|switch|p1a: Goodra|Goodra, M|384\/384
|switch|p2a: Blissey|Blissey, F|635\/652
|
|-heal|p2a: Blissey|652\/652|[from] item: Leftovers
|turn|61
|
|switch|p1a: Mienshao|Mienshao, F|192\/271 tox
|move|p2a: Blissey|Seismic Toss|p1a: Mienshao
|-damage|p1a: Mienshao|92\/271 tox
|
|-damage|p1a: Mienshao|76\/271 tox|[from] psn
|turn|62
|
|switch|p1a: Suicune|Suicune|404\/404
|-ability|p1a: Suicune|Pressure
|switch|p2a: Crobat|Crobat, M|307\/341
|
|-heal|p2a: Crobat|328\/341|[from] item: Black Sludge
|turn|63
|
|switch|p2a: Blissey|Blissey, F|652\/652
|move|p1a: Suicune|Calm Mind|p1a: Suicune
|-boost|p1a: Suicune|spa|1
|-boost|p1a: Suicune|spd|1
|
|turn|64
|
|switch|p1a: Mienshao|Mienshao, F|166\/271 tox
|move|p2a: Blissey|Toxic|p1a: Mienshao|[miss]
|-miss|p2a: Blissey|p1a: Mienshao
|
|-damage|p1a: Mienshao|150\/271 tox|[from] psn
|turn|65
|
|switch|p1a: Chandelure|Chandelure, M|261\/261
|switch|p2a: Boodro|Granbull, M|321\/383 slp
|-ability|p2a: Boodro|Intimidate|[of] p1a: Chandelure
|-unboost|p1a: Chandelure|atk|1
|
|turn|66
|
|switch|p2a: Clit|Alomomola, F|533\/533
|move|p1a: Chandelure|Flamethrower|p2a: Clit
|-resisted|p2a: Clit
|-damage|p2a: Clit|282\/533
|
|-heal|p2a: Clit|315\/533|[from] item: Leftovers
|turn|67
|
|switch|p1a: Goodra|Goodra, M|384\/384
|move|p2a: Clit|Toxic|p1a: Goodra
|-status|p1a: Goodra|tox
|
|-heal|p2a: Clit|348\/533|[from] item: Leftovers
|-damage|p1a: Goodra|360\/384 tox|[from] psn
|turn|68
|
|switch|p1a: Mienshao|Mienshao, F|240\/271 tox
|move|p2a: Clit|Protect|p2a: Clit
|-fail|p2a: Clit
|
|-heal|p2a: Clit|381\/533|[from] item: Leftovers
|-damage|p1a: Mienshao|224\/271 tox|[from] psn
|turn|69
|
|switch|p1a: Goodra|Goodra, M|360\/384 tox
|move|p2a: Clit|Protect|p2a: Clit
|-fail|p2a: Clit
|
|-heal|p2a: Clit|414\/533|[from] item: Leftovers
|-damage|p1a: Goodra|336\/384 tox|[from] psn
|turn|70
|
|switch|p1a: Mienshao|Mienshao, F|271\/271 tox
|move|p2a: Clit|Protect|p2a: Clit
|-fail|p2a: Clit
|
|-heal|p2a: Clit|447\/533|[from] item: Leftovers
|-damage|p1a: Mienshao|255\/271 tox|[from] psn
|turn|71
|
|switch|p1a: Suicune|Suicune|404\/404
|-ability|p1a: Suicune|Pressure
|switch|p2a: Boodro|Granbull, M|321\/383 slp
|-ability|p2a: Boodro|Intimidate|[of] p1a: Suicune
|-unboost|p1a: Suicune|atk|1
|
|turn|72
|
|switch|p2a: Blissey|Blissey, F|652\/652
|move|p1a: Suicune|Scald|p2a: Blissey
|-damage|p2a: Blissey|600\/652
|
|-heal|p2a: Blissey|640\/652|[from] item: Leftovers
|turn|73
|
|switch|p1a: Mienshao|Mienshao, F|271\/271 tox
|move|p2a: Blissey|Seismic Toss|p1a: Mienshao
|-damage|p1a: Mienshao|171\/271 tox
|
|-heal|p2a: Blissey|652\/652|[from] item: Leftovers
|-damage|p1a: Mienshao|155\/271 tox|[from] psn
|turn|74
|
|switch|p1a: Suicune|Suicune|404\/404
|-ability|p1a: Suicune|Pressure
|switch|p2a: Boodro|Granbull, M|321\/383 slp
|-ability|p2a: Boodro|Intimidate|[of] p1a: Suicune
|-unboost|p1a: Suicune|atk|1
|
|turn|75
|
|switch|p1a: Mienshao|Mienshao, F|245\/271 tox
|switch|p2a: Blissey|Blissey, F|652\/652
|
|-damage|p1a: Mienshao|229\/271 tox|[from] psn
|turn|76
|
|switch|p2a: Boodro|Granbull, M|321\/383 slp
|-ability|p2a: Boodro|Intimidate|[of] p1a: Mienshao
|-unboost|p1a: Mienshao|atk|1
|move|p1a: Mienshao|Drain Punch|p2a: Boodro
|-resisted|p2a: Boodro
|-damage|p2a: Boodro|272\/383 slp
|-heal|p1a: Mienshao|254\/271 tox|[from] drain|[of] p2a: Boodro
|-damage|p1a: Mienshao|227\/271 tox|[from] item: Life Orb
|
|-damage|p1a: Mienshao|195\/271 tox|[from] psn
|turn|77
|
|switch|p1a: Suicune|Suicune|404\/404
|-ability|p1a: Suicune|Pressure
|cant|p2a: Boodro|slp
|
|turn|78
|
|switch|p2a: Blissey|Blissey, F|652\/652
|move|p1a: Suicune|Calm Mind|p1a: Suicune
|-boost|p1a: Suicune|spa|1
|-boost|p1a: Suicune|spd|1
|
|turn|79
|
|move|p1a: Suicune|Calm Mind|p1a: Suicune
|-boost|p1a: Suicune|spa|1
|-boost|p1a: Suicune|spd|1
|move|p2a: Blissey|Toxic|p1a: Suicune
|-status|p1a: Suicune|tox
|
|-damage|p1a: Suicune|379\/404 tox|[from] psn
|turn|80
|
|move|p1a: Suicune|Calm Mind|p1a: Suicune
|-boost|p1a: Suicune|spa|1
|-boost|p1a: Suicune|spd|1
|move|p2a: Blissey|Seismic Toss|p1a: Suicune
|-damage|p1a: Suicune|279\/404 tox
|
|-heal|p1a: Suicune|304\/404 tox|[from] item: Leftovers
|-damage|p1a: Suicune|254\/404 tox|[from] psn
|turn|81
|
|switch|p2a: Crobat|Crobat, M|328\/341
|move|p1a: Suicune|Scald|p2a: Crobat
|-damage|p2a: Crobat|123\/341
|-status|p2a: Crobat|brn
|
|-heal|p2a: Crobat|144\/341 brn|[from] item: Black Sludge
|-heal|p1a: Suicune|279\/404 tox|[from] item: Leftovers
|-damage|p2a: Crobat|102\/341 brn|[from] brn
|-damage|p1a: Suicune|204\/404 tox|[from] psn
|turn|82
|
|switch|p2a: Blissey|Blissey, F|652\/652
|move|p1a: Suicune|Rest|p1a: Suicune
|-status|p1a: Suicune|slp
|-heal|p1a: Suicune|404\/404 slp|[silent]
|-status|p1a: Suicune|slp|[from] move: Rest
|
|turn|83
|
|cant|p1a: Suicune|slp
|move|p1a: Suicune|Sleep Talk|p1a: Suicune
|move|p1a: Suicune|Calm Mind|p1a: Suicune|[from]Sleep Talk
|-boost|p1a: Suicune|spa|1
|-boost|p1a: Suicune|spd|1
|move|p2a: Blissey|Heal Bell|p2a: Blissey
|-cureteam|p2a: Blissey|[from] move: HealBell
|
|turn|84
|
|cant|p1a: Suicune|slp
|move|p1a: Suicune|Sleep Talk|p1a: Suicune
|move|p1a: Suicune|Scald|p2a: Blissey|[from]Sleep Talk
|-damage|p2a: Blissey|472\/652
|-status|p2a: Blissey|brn
|move|p2a: Blissey|Seismic Toss|p1a: Suicune
|-damage|p1a: Suicune|304\/404 slp
|
|-heal|p1a: Suicune|329\/404 slp|[from] item: Leftovers
|-heal|p2a: Blissey|512\/652 brn|[from] item: Leftovers
|-damage|p2a: Blissey|431\/652 brn|[from] brn
|turn|85
|
|-curestatus|p1a: Suicune|slp
|move|p1a: Suicune|Scald|p2a: Blissey
|-damage|p2a: Blissey|277\/652 brn
|move|p2a: Blissey|Toxic|p1a: Suicune
|-status|p1a: Suicune|tox
|
|-heal|p1a: Suicune|354\/404 tox|[from] item: Leftovers
|-heal|p2a: Blissey|317\/652 brn|[from] item: Leftovers
|-damage|p1a: Suicune|329\/404 tox|[from] psn
|-damage|p2a: Blissey|236\/652 brn|[from] brn
|turn|86
|
|move|p1a: Suicune|Scald|p2a: Blissey
|-damage|p2a: Blissey|59\/652 brn
|move|p2a: Blissey|Soft-Boiled|p2a: Blissey
|-heal|p2a: Blissey|385\/652 brn
|
|-heal|p1a: Suicune|354\/404 tox|[from] item: Leftovers
|-heal|p2a: Blissey|425\/652 brn|[from] item: Leftovers
|-damage|p1a: Suicune|304\/404 tox|[from] psn
|-damage|p2a: Blissey|344\/652 brn|[from] brn
|turn|87
|
|move|p1a: Suicune|Calm Mind|p1a: Suicune
|-boost|p1a: Suicune|spa|1
|-boost|p1a: Suicune|spd|1
|move|p2a: Blissey|Soft-Boiled|p2a: Blissey
|-heal|p2a: Blissey|652\/652 brn
|
|-heal|p1a: Suicune|329\/404 tox|[from] item: Leftovers
|-damage|p1a: Suicune|254\/404 tox|[from] psn
|-damage|p2a: Blissey|571\/652 brn|[from] brn
|turn|88
|
|move|p1a: Suicune|Rest|p1a: Suicune
|-status|p1a: Suicune|slp
|-heal|p1a: Suicune|404\/404 slp|[silent]
|-status|p1a: Suicune|slp|[from] move: Rest
|move|p2a: Blissey|Seismic Toss|p1a: Suicune
|-damage|p1a: Suicune|304\/404 slp
|
|-heal|p1a: Suicune|329\/404 slp|[from] item: Leftovers
|-heal|p2a: Blissey|611\/652 brn|[from] item: Leftovers
|-damage|p2a: Blissey|530\/652 brn|[from] brn
|turn|89
|
|switch|p2a: Clit|Alomomola, F|533\/533
|cant|p1a: Suicune|slp
|move|p1a: Suicune|Sleep Talk|p1a: Suicune
|move|p1a: Suicune|Rest|p1a: Suicune|[from]Sleep Talk
|-fail|p1a: Suicune
|
|-heal|p1a: Suicune|354\/404 slp|[from] item: Leftovers
|turn|90
|
|cant|p1a: Suicune|slp
|move|p1a: Suicune|Sleep Talk|p1a: Suicune
|move|p1a: Suicune|Calm Mind|p1a: Suicune|[from]Sleep Talk
|-boost|p1a: Suicune|spa|1
|-boost|p1a: Suicune|spd|1
|move|p2a: Clit|Wish|p2a: Clit
|
|-heal|p1a: Suicune|379\/404 slp|[from] item: Leftovers
|turn|91
|
|switch|p2a: Blissey|Blissey, F|530\/652
|-curestatus|p1a: Suicune|slp
|move|p1a: Suicune|Scald|p2a: Blissey
|-damage|p2a: Blissey|320\/652
|
|-heal|p2a: Blissey|586\/652|[from] move: Wish|[wisher] Clit
|-heal|p1a: Suicune|404\/404|[from] item: Leftovers
|-heal|p2a: Blissey|626\/652|[from] item: Leftovers
|turn|92
|
|move|p1a: Suicune|Scald|p2a: Blissey
|-damage|p2a: Blissey|416\/652
|move|p2a: Blissey|Toxic|p1a: Suicune
|-status|p1a: Suicune|tox
|
|-heal|p2a: Blissey|456\/652|[from] item: Leftovers
|-damage|p1a: Suicune|379\/404 tox|[from] psn
|turn|93
|
|switch|p2a: Clit|Alomomola, F|533\/533
|move|p1a: Suicune|Rest|p1a: Suicune
|-status|p1a: Suicune|slp
|-heal|p1a: Suicune|404\/404 slp|[silent]
|-status|p1a: Suicune|slp|[from] move: Rest
|
|turn|94
|
|cant|p1a: Suicune|slp
|move|p1a: Suicune|Sleep Talk|p1a: Suicune
|move|p1a: Suicune|Scald|p2a: Clit|[from]Sleep Talk
|-resisted|p2a: Clit
|-damage|p2a: Clit|224\/533
|move|p2a: Clit|Wish|p2a: Clit
|
|-heal|p2a: Clit|257\/533|[from] item: Leftovers
|turn|95
|
|switch|p2a: Crobat|Crobat, M|102\/341
|cant|p1a: Suicune|slp
|move|p1a: Suicune|Sleep Talk|p1a: Suicune
|move|p1a: Suicune|Scald|p2a: Crobat|[from]Sleep Talk
|-crit|p2a: Crobat
|-damage|p2a: Crobat|0 fnt
|faint|p2a: Crobat
|
|c|âBrock's Blue Balls|god you are so fucking lucky. its not like i had perish song on celebi. oh wait...
|
|switch|p2a: Blissey|Blissey, F|456\/652
|turn|96
|c|âMasterPpv|i'm seriously sorry dude
|c|âMasterPpv|i'm just making what i hope are the best plays in my situation
|
|-curestatus|p1a: Suicune|slp
|move|p1a: Suicune|Scald|p2a: Blissey
|-damage|p2a: Blissey|227\/652
|move|p2a: Blissey|Seismic Toss|p1a: Suicune
|-damage|p1a: Suicune|304\/404
|
|-heal|p1a: Suicune|329\/404|[from] item: Leftovers
|-heal|p2a: Blissey|267\/652|[from] item: Leftovers
|turn|97
|c|âBrock's Blue Balls|please any scrub can use crocune. it takes literally no skill
|
|move|p1a: Suicune|Scald|p2a: Blissey
|-damage|p2a: Blissey|50\/652
|move|p2a: Blissey|Soft-Boiled|p2a: Blissey
|-heal|p2a: Blissey|376\/652
|
|-heal|p1a: Suicune|354\/404|[from] item: Leftovers
|-heal|p2a: Blissey|416\/652|[from] item: Leftovers
|turn|98
|
|switch|p1a: Mienshao|Mienshao, F|271\/271 tox
|move|p2a: Blissey|Soft-Boiled|p2a: Blissey
|-heal|p2a: Blissey|652\/652
|
|-damage|p1a: Mienshao|255\/271 tox|[from] psn
|turn|99
|
|switch|p2a: Boodro|Granbull, M|272\/383
|-ability|p2a: Boodro|Intimidate|[of] p1a: Mienshao
|-unboost|p1a: Mienshao|atk|1
|move|p1a: Mienshao|Drain Punch|p2a: Boodro
|-resisted|p2a: Boodro
|-damage|p2a: Boodro|224\/383
|-heal|p1a: Mienshao|271\/271 tox|[from] drain|[of] p2a: Boodro
|-damage|p1a: Mienshao|244\/271 tox|[from] item: Life Orb
|
|-damage|p1a: Mienshao|212\/271 tox|[from] psn
|turn|100
|
|switch|p1a: Suicune|Suicune|354\/404
|-ability|p1a: Suicune|Pressure
|move|p2a: Boodro|Rest|p2a: Boodro
|-status|p2a: Boodro|slp
|-heal|p2a: Boodro|383\/383 slp|[silent]
|-status|p2a: Boodro|slp|[from] move: Rest
|
|-heal|p1a: Suicune|379\/404|[from] item: Leftovers
|turn|101
|
|switch|p1a: Mienshao|Mienshao, F|271\/271 tox
|cant|p2a: Boodro|slp
|
|-damage|p1a: Mienshao|255\/271 tox|[from] psn
|turn|102
|
|move|p1a: Mienshao|Rock Slide|p2a: Boodro
|-damage|p2a: Boodro|284\/383 slp
|-damage|p1a: Mienshao|228\/271 tox|[from] item: Life Orb
|cant|p2a: Boodro|slp
|
|-damage|p1a: Mienshao|196\/271 tox|[from] psn
|turn|103
|
|switch|p1a: Suicune|Suicune|379\/404
|-ability|p1a: Suicune|Pressure
|-curestatus|p2a: Boodro|slp
|move|p2a: Boodro|Play Rough|p1a: Suicune
|-damage|p1a: Suicune|294\/404
|
|-heal|p1a: Suicune|319\/404|[from] item: Leftovers
|turn|104
|
|switch|p2a: Clit|Alomomola, F|434\/533
|move|p1a: Suicune|Calm Mind|p1a: Suicune
|-boost|p1a: Suicune|spa|1
|-boost|p1a: Suicune|spd|1
|
|-heal|p1a: Suicune|344\/404|[from] item: Leftovers
|-heal|p2a: Clit|467\/533|[from] item: Leftovers
|turn|105
|
|switch|p1a: Goodra|Goodra, M|336\/384 tox
|move|p2a: Clit|Toxic|p1a: Goodra
|-fail|p1a: Goodra|tox
|
|-heal|p2a: Clit|500\/533|[from] item: Leftovers
|-damage|p1a: Goodra|312\/384 tox|[from] psn
|turn|106
|
|move|p1a: Goodra|Dragon Pulse|p2a: Clit
|-damage|p2a: Clit|218\/533
|move|p2a: Clit|Wish|p2a: Clit
|
|-heal|p2a: Clit|251\/533|[from] item: Leftovers
|-damage|p1a: Goodra|264\/384 tox|[from] psn
|turn|107
|
|switch|p1a: Chandelure|Chandelure, M|261\/261
|switch|p2a: Boodro|Granbull, M|284\/383
|-ability|p2a: Boodro|Intimidate|[of] p1a: Chandelure
|-unboost|p1a: Chandelure|atk|1
|
|-heal|p2a: Boodro|383\/383|[from] move: Wish|[wisher] Clit
|turn|108
|
|switch|p2a: Blissey|Blissey, F|652\/652
|move|p1a: Chandelure|Shadow Ball|p2a: Blissey
|-immune|p2a: Blissey|[msg]
|
|turn|109
|
|switch|p1a: Suicune|Suicune|344\/404
|-ability|p1a: Suicune|Pressure
|switch|p2a: Boodro|Granbull, M|383\/383
|-ability|p2a: Boodro|Intimidate|[of] p1a: Suicune
|-unboost|p1a: Suicune|atk|1
|
|-heal|p1a: Suicune|369\/404|[from] item: Leftovers
|turn|110
|
|switch|p1a: Goodra|Goodra, M|264\/384 tox
|switch|p2a: Blissey|Blissey, F|652\/652
|
|-damage|p1a: Goodra|240\/384 tox|[from] psn
|turn|111
|
|switch|p1a: Mienshao|Mienshao, F|271\/271 tox
|move|p2a: Blissey|Seismic Toss|p1a: Mienshao
|-damage|p1a: Mienshao|171\/271 tox
|
|-damage|p1a: Mienshao|155\/271 tox|[from] psn
|turn|112
|
|switch|p1a: Suicune|Suicune|369\/404
|-ability|p1a: Suicune|Pressure
|move|p2a: Blissey|Seismic Toss|p1a: Suicune
|-damage|p1a: Suicune|269\/404
|
|-heal|p1a: Suicune|294\/404|[from] item: Leftovers
|turn|113
|
|move|p1a: Suicune|Calm Mind|p1a: Suicune
|-boost|p1a: Suicune|spa|1
|-boost|p1a: Suicune|spd|1
|move|p2a: Blissey|Toxic|p1a: Suicune
|-status|p1a: Suicune|tox
|
|-heal|p1a: Suicune|319\/404 tox|[from] item: Leftovers
|-damage|p1a: Suicune|294\/404 tox|[from] psn
|turn|114
|
|switch|p2a: Clit|Alomomola, F|428\/533
|move|p1a: Suicune|Calm Mind|p1a: Suicune
|-boost|p1a: Suicune|spa|1
|-boost|p1a: Suicune|spd|1
|
|-heal|p1a: Suicune|319\/404 tox|[from] item: Leftovers
|-heal|p2a: Clit|461\/533|[from] item: Leftovers
|-damage|p1a: Suicune|269\/404 tox|[from] psn
|turn|115
|
|switch|p2a: Boodro|Granbull, M|383\/383
|-ability|p2a: Boodro|Intimidate|[of] p1a: Suicune
|-unboost|p1a: Suicune|atk|1
|move|p1a: Suicune|Calm Mind|p1a: Suicune
|-boost|p1a: Suicune|spa|1
|-boost|p1a: Suicune|spd|1
|
|-heal|p1a: Suicune|294\/404 tox|[from] item: Leftovers
|-damage|p1a: Suicune|219\/404 tox|[from] psn
|turn|116
|
|switch|p2a: Blissey|Blissey, F|652\/652
|move|p1a: Suicune|Rest|p1a: Suicune
|-status|p1a: Suicune|slp
|-heal|p1a: Suicune|404\/404 slp|[silent]
|-status|p1a: Suicune|slp|[from] move: Rest
|
|turn|117
|
|switch|p2a: Clit|Alomomola, F|533\/533
|cant|p1a: Suicune|slp
|move|p1a: Suicune|Sleep Talk|p1a: Suicune
|move|p1a: Suicune|Scald|p2a: Clit|[from]Sleep Talk
|-resisted|p2a: Clit
|-damage|p2a: Clit|348\/533
|
|-heal|p2a: Clit|381\/533|[from] item: Leftovers
|turn|118
|
|switch|p2a: Blissey|Blissey, F|652\/652
|cant|p1a: Suicune|slp
|move|p1a: Suicune|Sleep Talk|p1a: Suicune
|move|p1a: Suicune|Calm Mind|p1a: Suicune|[from]Sleep Talk
|-boost|p1a: Suicune|spa|1
|-boost|p1a: Suicune|spd|1
|
|turn|119
|
|switch|p2a: Clit|Alomomola, F|533\/533
|-curestatus|p1a: Suicune|slp
|move|p1a: Suicune|Calm Mind|p1a: Suicune
|-boost|p1a: Suicune|spa|1
|-boost|p1a: Suicune|spd|1
|
|turn|120
|
|switch|p2a: Blissey|Blissey, F|652\/652
|move|p1a: Suicune|Calm Mind|p1a: Suicune
|-boost|p1a: Suicune|spa|1
|-boost|p1a: Suicune|spd|1
|
|turn|121
|
|switch|p2a: Clit|Alomomola, F|533\/533
|move|p1a: Suicune|Scald|p2a: Clit
|-resisted|p2a: Clit
|-damage|p2a: Clit|227\/533
|
|-heal|p2a: Clit|260\/533|[from] item: Leftovers
|turn|122
|
|switch|p2a: Blissey|Blissey, F|652\/652
|move|p1a: Suicune|Scald|p2a: Blissey
|-damage|p2a: Blissey|412\/652
|
|-heal|p2a: Blissey|452\/652|[from] item: Leftovers
|turn|123
|
|switch|p1a: Goodra|Goodra, M|240\/384 tox
|switch|p2a: Clit|Alomomola, F|437\/533
|
|-heal|p2a: Clit|470\/533|[from] item: Leftovers
|-damage|p1a: Goodra|216\/384 tox|[from] psn
|turn|124
|
|move|p1a: Goodra|Sludge Bomb|p2a: Clit
|-damage|p2a: Clit|258\/533
|move|p2a: Clit|Wish|p2a: Clit
|
|-heal|p2a: Clit|291\/533|[from] item: Leftovers
|-damage|p1a: Goodra|168\/384 tox|[from] psn
|turn|125
|
|switch|p2a: Blissey|Blissey, F|452\/652
|move|p1a: Goodra|Sludge Bomb|p2a: Blissey
|-damage|p2a: Blissey|388\/652
|-status|p2a: Blissey|psn
|
|-heal|p2a: Blissey|652\/652 psn|[from] move: Wish|[wisher] Clit
|-damage|p1a: Goodra|96\/384 tox|[from] psn
|-damage|p2a: Blissey|571\/652 psn|[from] psn
|turn|126
|
|switch|p1a: Mienshao|Mienshao, F|245\/271 tox
|move|p2a: Blissey|Heal Bell|p2a: Blissey
|-cureteam|p2a: Blissey|[from] move: HealBell
|
|-heal|p2a: Blissey|611\/652|[from] item: Leftovers
|-damage|p1a: Mienshao|229\/271 tox|[from] psn
|turn|127
|
|switch|p1a: Chandelure|Chandelure, M|261\/261
|switch|p2a: Boodro|Granbull, M|383\/383
|-ability|p2a: Boodro|Intimidate|[of] p1a: Chandelure
|-unboost|p1a: Chandelure|atk|1
|
|turn|128
|
|switch|p2a: Blissey|Blissey, F|611\/652
|move|p1a: Chandelure|Flamethrower|p2a: Blissey
|-damage|p2a: Blissey|412\/652
|-status|p2a: Blissey|brn
|
|-heal|p2a: Blissey|452\/652 brn|[from] item: Leftovers
|-damage|p2a: Blissey|371\/652 brn|[from] brn
|turn|129
|
|move|p1a: Chandelure|Flamethrower|p2a: Blissey
|-damage|p2a: Blissey|182\/652 brn
|move|p2a: Blissey|Soft-Boiled|p2a: Blissey
|-heal|p2a: Blissey|508\/652 brn
|
|-heal|p2a: Blissey|548\/652 brn|[from] item: Leftovers
|-damage|p2a: Blissey|467\/652 brn|[from] brn
|turn|130
|
|switch|p1a: Mienshao|Mienshao, F|271\/271 tox
|move|p2a: Blissey|Toxic|p1a: Mienshao
|-fail|p1a: Mienshao|tox
|
|-heal|p2a: Blissey|507\/652 brn|[from] item: Leftovers
|-damage|p1a: Mienshao|255\/271 tox|[from] psn
|-damage|p2a: Blissey|426\/652 brn|[from] brn
|turn|131
|
|switch|p2a: Boodro|Granbull, M|383\/383
|-ability|p2a: Boodro|Intimidate|[of] p1a: Mienshao
|-unboost|p1a: Mienshao|atk|1
|move|p1a: Mienshao|Drain Punch|p2a: Boodro
|-resisted|p2a: Boodro
|-damage|p2a: Boodro|334\/383
|-heal|p1a: Mienshao|271\/271 tox|[from] drain|[of] p2a: Boodro
|-damage|p1a: Mienshao|244\/271 tox|[from] item: Life Orb
|
|-damage|p1a: Mienshao|212\/271 tox|[from] psn
|turn|132
|
|switch|p1a: Suicune|Suicune|404\/404
|-ability|p1a: Suicune|Pressure
|move|p2a: Boodro|Roar|p1a: Suicune
|drag|p1a: Goodra|Goodra, M|96\/384 tox
|
|-damage|p1a: Goodra|72\/384 tox|[from] psn
|turn|133
|
|switch|p2a: Blissey|Blissey, F|426\/652
|move|p1a: Goodra|Thunderbolt|p2a: Blissey
|-damage|p2a: Blissey|358\/652
|
|-heal|p2a: Blissey|398\/652|[from] item: Leftovers
|-damage|p1a: Goodra|24\/384 tox|[from] psn
|turn|134
|
|move|p1a: Goodra|Sludge Bomb|p2a: Blissey
|-damage|p2a: Blissey|326\/652
|move|p2a: Blissey|Soft-Boiled|p2a: Blissey
|-heal|p2a: Blissey|652\/652
|
|-damage|p1a: Goodra|0 fnt|[from] psn
|faint|p1a: Goodra
|
|switch|p1a: Mienshao|Mienshao, F|271\/271 tox
|turn|135
|
|switch|p1a: Chandelure|Chandelure, M|261\/261
|switch|p2a: Boodro|Granbull, M|334\/383
|-ability|p2a: Boodro|Intimidate|[of] p1a: Chandelure
|-unboost|p1a: Chandelure|atk|1
|
|turn|136
|
|switch|p1a: Mienshao|Mienshao, F|271\/271 tox
|switch|p2a: Blissey|Blissey, F|652\/652
|
|-damage|p1a: Mienshao|255\/271 tox|[from] psn
|turn|137
|
|switch|p1a: Suicune|Suicune|404\/404
|-ability|p1a: Suicune|Pressure
|switch|p2a: Boodro|Granbull, M|334\/383
|-ability|p2a: Boodro|Intimidate|[of] p1a: Suicune
|-unboost|p1a: Suicune|atk|1
|
|turn|138
|
|switch|p1a: Chandelure|Chandelure, M|261\/261
|switch|p2a: Clit|Alomomola, F|468\/533
|
|-heal|p2a: Clit|501\/533|[from] item: Leftovers
|turn|139
|
|move|p2a: Clit|Protect|p2a: Clit
|-singleturn|p2a: Clit|Protect
|move|p1a: Chandelure|Energy Ball|p2a: Clit
|-activate|p2a: Clit|Protect
|
|-heal|p2a: Clit|533\/533|[from] item: Leftovers
|turn|140
|
|switch|p2a: Blissey|Blissey, F|652\/652
|move|p1a: Chandelure|Energy Ball|p2a: Blissey
|-damage|p2a: Blissey|537\/652
|
|-heal|p2a: Blissey|577\/652|[from] item: Leftovers
|turn|141
|
|switch|p1a: Mienshao|Mienshao, F|271\/271 tox
|switch|p2a: Boodro|Granbull, M|334\/383
|-ability|p2a: Boodro|Intimidate|[of] p1a: Mienshao
|-unboost|p1a: Mienshao|atk|1
|
|-damage|p1a: Mienshao|255\/271 tox|[from] psn
|turn|142
|
|switch|p1a: Suicune|Suicune|404\/404
|-ability|p1a: Suicune|Pressure
|switch|p2a: Clit|Alomomola, F|533\/533
|
|turn|143
|
|move|p1a: Suicune|Calm Mind|p1a: Suicune
|-boost|p1a: Suicune|spa|1
|-boost|p1a: Suicune|spd|1
|move|p2a: Clit|Toxic|p1a: Suicune
|-status|p1a: Suicune|tox
|
|-damage|p1a: Suicune|379\/404 tox|[from] psn
|turn|144
|
|switch|p1a: Mienshao|Mienshao, F|271\/271 tox
|switch|p2a: Blissey|Blissey, F|577\/652
|
|-heal|p2a: Blissey|617\/652|[from] item: Leftovers
|-damage|p1a: Mienshao|255\/271 tox|[from] psn
|turn|145
|
|switch|p2a: Boodro|Granbull, M|334\/383
|-ability|p2a: Boodro|Intimidate|[of] p1a: Mienshao
|-unboost|p1a: Mienshao|atk|1
|move|p1a: Mienshao|Drain Punch|p2a: Boodro
|-resisted|p2a: Boodro
|-damage|p2a: Boodro|289\/383
|-heal|p1a: Mienshao|271\/271 tox|[from] drain|[of] p2a: Boodro
|-damage|p1a: Mienshao|244\/271 tox|[from] item: Life Orb
|
|-damage|p1a: Mienshao|212\/271 tox|[from] psn
|turn|146
|
|switch|p1a: Suicune|Suicune|379\/404 tox
|-ability|p1a: Suicune|Pressure
|switch|p2a: Blissey|Blissey, F|617\/652
|
|-heal|p1a: Suicune|404\/404 tox|[from] item: Leftovers
|-heal|p2a: Blissey|652\/652|[from] item: Leftovers
|-damage|p1a: Suicune|379\/404 tox|[from] psn
|turn|147
|
|switch|p2a: Clit|Alomomola, F|533\/533
|move|p1a: Suicune|Rest|p1a: Suicune
|-status|p1a: Suicune|slp
|-heal|p1a: Suicune|404\/404 slp|[silent]
|-status|p1a: Suicune|slp|[from] move: Rest
|
|turn|148
|
|switch|p1a: Chandelure|Chandelure, M|261\/261
|switch|p2a: Blissey|Blissey, F|652\/652
|
|turn|149
|
|switch|p1a: Suicune|Suicune|404\/404 slp
|-ability|p1a: Suicune|Pressure
|switch|p2a: Clit|Alomomola, F|533\/533
|
|turn|150
|
|switch|p1a: Mienshao|Mienshao, F|271\/271 tox
|switch|p2a: Blissey|Blissey, F|652\/652
|
|-damage|p1a: Mienshao|255\/271 tox|[from] psn
|turn|151
|
|switch|p2a: Boodro|Granbull, M|289\/383
|-ability|p2a: Boodro|Intimidate|[of] p1a: Mienshao
|-unboost|p1a: Mienshao|atk|1
|move|p1a: Mienshao|Rock Slide|p2a: Boodro
|-damage|p2a: Boodro|228\/383
|-damage|p1a: Mienshao|228\/271 tox|[from] item: Life Orb
|
|-damage|p1a: Mienshao|196\/271 tox|[from] psn
|turn|152
|
|switch|p1a: Suicune|Suicune|404\/404 slp
|-ability|p1a: Suicune|Pressure
|move|p2a: Boodro|Rest|p2a: Boodro
|-status|p2a: Boodro|slp
|-heal|p2a: Boodro|383\/383 slp|[silent]
|-status|p2a: Boodro|slp|[from] move: Rest
|
|turn|153
|
|switch|p1a: Chandelure|Chandelure, M|261\/261
|switch|p2a: Blissey|Blissey, F|652\/652
|
|turn|154
|
|switch|p1a: Mienshao|Mienshao, F|271\/271 tox
|switch|p2a: Clit|Alomomola, F|533\/533
|
|-damage|p1a: Mienshao|255\/271 tox|[from] psn
|turn|155
|
|switch|p2a: Boodro|Granbull, M|383\/383 slp
|-ability|p2a: Boodro|Intimidate|[of] p1a: Mienshao
|-unboost|p1a: Mienshao|atk|1
|move|p1a: Mienshao|Rock Slide|p2a: Boodro
|-damage|p2a: Boodro|318\/383 slp
|-damage|p1a: Mienshao|228\/271 tox|[from] item: Life Orb
|
|-damage|p1a: Mienshao|196\/271 tox|[from] psn
|turn|156
|
|switch|p1a: Chandelure|Chandelure, M|261\/261
|cant|p2a: Boodro|slp
|
|turn|157
|
|switch|p2a: Blissey|Blissey, F|652\/652
|move|p1a: Chandelure|Flamethrower|p2a: Blissey
|-damage|p2a: Blissey|457\/652
|
|-heal|p2a: Blissey|497\/652|[from] item: Leftovers
|turn|158
|
|switch|p2a: Clit|Alomomola, F|533\/533
|move|p1a: Chandelure|Flamethrower|p2a: Clit
|-resisted|p2a: Clit
|-damage|p2a: Clit|267\/533
|
|-heal|p2a: Clit|300\/533|[from] item: Leftovers
|turn|159
|
|switch|p2a: Blissey|Blissey, F|497\/652
|move|p1a: Chandelure|Flamethrower|p2a: Blissey
|-damage|p2a: Blissey|316\/652
|
|-heal|p2a: Blissey|356\/652|[from] item: Leftovers
|turn|160
|
|move|p1a: Chandelure|Flamethrower|p2a: Blissey
|-damage|p2a: Blissey|167\/652
|move|p2a: Blissey|Toxic|p1a: Chandelure
|-status|p1a: Chandelure|tox
|
|-heal|p2a: Blissey|207\/652|[from] item: Leftovers
|-damage|p1a: Chandelure|245\/261 tox|[from] psn
|turn|161
|
|switch|p1a: Mienshao|Mienshao, F|271\/271 tox
|move|p2a: Blissey|Soft-Boiled|p2a: Blissey
|-heal|p2a: Blissey|533\/652
|
|-heal|p2a: Blissey|573\/652|[from] item: Leftovers
|-damage|p1a: Mienshao|255\/271 tox|[from] psn
|turn|162
|
|switch|p1a: Chandelure|Chandelure, M|245\/261 tox
|switch|p2a: Boodro|Granbull, M|318\/383 slp
|-ability|p2a: Boodro|Intimidate|[of] p1a: Chandelure
|-unboost|p1a: Chandelure|atk|1
|
|-damage|p1a: Chandelure|229\/261 tox|[from] psn
|turn|163
|
|switch|p2a: Blissey|Blissey, F|573\/652
|move|p1a: Chandelure|Energy Ball|p2a: Blissey
|-damage|p2a: Blissey|455\/652
|
|-heal|p2a: Blissey|495\/652|[from] item: Leftovers
|-damage|p1a: Chandelure|197\/261 tox|[from] psn
|turn|164
|
|switch|p1a: Mienshao|Mienshao, F|271\/271 tox
|move|p2a: Blissey|Heal Bell|p2a: Blissey
|-cureteam|p2a: Blissey|[from] move: HealBell
|
|-heal|p2a: Blissey|535\/652|[from] item: Leftovers
|-damage|p1a: Mienshao|255\/271 tox|[from] psn
|turn|165
|
|switch|p1a: Suicune|Suicune|404\/404 slp
|-ability|p1a: Suicune|Pressure
|switch|p2a: Boodro|Granbull, M|318\/383
|-ability|p2a: Boodro|Intimidate|[of] p1a: Suicune
|-unboost|p1a: Suicune|atk|1
|
|turn|166
|
|switch|p2a: Clit|Alomomola, F|477\/533
|cant|p1a: Suicune|slp
|move|p1a: Suicune|Sleep Talk|p1a: Suicune
|move|p1a: Suicune|Calm Mind|p1a: Suicune|[from]Sleep Talk
|-boost|p1a: Suicune|spa|1
|-boost|p1a: Suicune|spd|1
|
|-heal|p2a: Clit|510\/533|[from] item: Leftovers
|turn|167
|
|switch|p2a: Blissey|Blissey, F|535\/652
|cant|p1a: Suicune|slp
|move|p1a: Suicune|Sleep Talk|p1a: Suicune
|move|p1a: Suicune|Scald|p2a: Blissey|[from]Sleep Talk
|-damage|p2a: Blissey|454\/652
|-status|p2a: Blissey|brn
|
|-heal|p2a: Blissey|494\/652 brn|[from] item: Leftovers
|-damage|p2a: Blissey|413\/652 brn|[from] brn
|turn|168
|
|switch|p1a: Mienshao|Mienshao, F|271\/271 tox
|switch|p2a: Clit|Alomomola, F|533\/533
|
|-damage|p1a: Mienshao|255\/271 tox|[from] psn
|turn|169
|
|move|p1a: Mienshao|Rock Slide|p2a: Clit
|-crit|p2a: Clit
|-damage|p2a: Clit|380\/533
|-damage|p1a: Mienshao|228\/271 tox|[from] item: Life Orb
|cant|p2a: Clit|flinch
|
|-heal|p2a: Clit|413\/533|[from] item: Leftovers
|-damage|p1a: Mienshao|196\/271 tox|[from] psn
|turn|170
|
|switch|p2a: Boodro|Granbull, M|318\/383
|-ability|p2a: Boodro|Intimidate|[of] p1a: Mienshao
|-unboost|p1a: Mienshao|atk|1
|move|p1a: Mienshao|Knock Off|p2a: Boodro
|-resisted|p2a: Boodro
|-damage|p2a: Boodro|288\/383
|-damage|p1a: Mienshao|169\/271 tox|[from] item: Life Orb
|
|-damage|p1a: Mienshao|121\/271 tox|[from] psn
|turn|171
|
|switch|p1a: Suicune|Suicune|404\/404 slp
|-ability|p1a: Suicune|Pressure
|switch|p2a: Blissey|Blissey, F|413\/652
|
|-heal|p2a: Blissey|453\/652|[from] item: Leftovers
|turn|172
|
|switch|p1a: Mienshao|Mienshao, F|211\/271 tox
|switch|p2a: Clit|Alomomola, F|533\/533
|
|-damage|p1a: Mienshao|195\/271 tox|[from] psn
|turn|173
|
|switch|p1a: Chandelure|Chandelure, M|197\/261 tox
|move|p2a: Clit|Protect|p2a: Clit
|-fail|p2a: Clit
|
|-damage|p1a: Chandelure|181\/261 tox|[from] psn
|turn|174
|
|switch|p1a: Mienshao|Mienshao, F|271\/271 tox
|move|p2a: Clit|Protect|p2a: Clit
|-fail|p2a: Clit
|
|-damage|p1a: Mienshao|255\/271 tox|[from] psn
|turn|175
|
|switch|p1a: Suicune|Suicune|404\/404 slp
|-ability|p1a: Suicune|Pressure
|switch|p2a: Boodro|Granbull, M|288\/383
|-ability|p2a: Boodro|Intimidate|[of] p1a: Suicune
|-unboost|p1a: Suicune|atk|1
|
|turn|176
|
|switch|p1a: Mienshao|Mienshao, F|271\/271 tox
|switch|p2a: Blissey|Blissey, F|453\/652
|
|-heal|p2a: Blissey|493\/652|[from] item: Leftovers
|-damage|p1a: Mienshao|255\/271 tox|[from] psn
|turn|177
|
|switch|p2a: Boodro|Granbull, M|288\/383
|-ability|p2a: Boodro|Intimidate|[of] p1a: Mienshao
|-unboost|p1a: Mienshao|atk|1
|move|p1a: Mienshao|Rock Slide|p2a: Boodro
|-damage|p2a: Boodro|228\/383
|-damage|p1a: Mienshao|228\/271 tox|[from] item: Life Orb
|
|-damage|p1a: Mienshao|196\/271 tox|[from] psn
|turn|178
|
|move|p1a: Mienshao|Rock Slide|p2a: Boodro
|-damage|p2a: Boodro|167\/383
|-damage|p1a: Mienshao|169\/271 tox|[from] item: Life Orb
|cant|p2a: Boodro|flinch
|
|-damage|p1a: Mienshao|121\/271 tox|[from] psn
|turn|179
|
|switch|p1a: Suicune|Suicune|404\/404 slp
|-ability|p1a: Suicune|Pressure
|move|p2a: Boodro|Rest|p2a: Boodro
|-status|p2a: Boodro|slp
|-heal|p2a: Boodro|383\/383 slp|[silent]
|-status|p2a: Boodro|slp|[from] move: Rest
|
|turn|180
|
|switch|p1a: Mienshao|Mienshao, F|211\/271 tox
|cant|p2a: Boodro|slp
|
|-damage|p1a: Mienshao|195\/271 tox|[from] psn
|turn|181
|
|move|p1a: Mienshao|Drain Punch|p2a: Boodro
|-resisted|p2a: Boodro
|-damage|p2a: Boodro|313\/383 slp
|-heal|p1a: Mienshao|230\/271 tox|[from] drain|[of] p2a: Boodro
|-damage|p1a: Mienshao|203\/271 tox|[from] item: Life Orb
|cant|p2a: Boodro|slp
|
|-damage|p1a: Mienshao|171\/271 tox|[from] psn
|turn|182
|
|switch|p1a: Suicune|Suicune|404\/404 slp
|-ability|p1a: Suicune|Pressure
|-curestatus|p2a: Boodro|slp
|move|p2a: Boodro|Roar|p1a: Suicune
|drag|p1a: Mienshao|Mienshao, F|261\/271 tox
|
|-damage|p1a: Mienshao|245\/271 tox|[from] psn
|turn|183
|
|switch|p1a: Suicune|Suicune|404\/404 slp
|-ability|p1a: Suicune|Pressure
|move|p2a: Boodro|Roar|p1a: Suicune
|drag|p1a: Mienshao|Mienshao, F|271\/271 tox
|
|-damage|p1a: Mienshao|255\/271 tox|[from] psn
|turn|184
|
|switch|p1a: Suicune|Suicune|404\/404 slp
|-ability|p1a: Suicune|Pressure
|move|p2a: Boodro|Play Rough|p1a: Suicune
|-damage|p1a: Suicune|319\/404 slp
|
|-heal|p1a: Suicune|344\/404 slp|[from] item: Leftovers
|turn|185
|
|switch|p2a: Blissey|Blissey, F|493\/652
|-curestatus|p1a: Suicune|slp
|move|p1a: Suicune|Rest|p1a: Suicune
|-status|p1a: Suicune|slp
|-heal|p1a: Suicune|404\/404 slp|[silent]
|-status|p1a: Suicune|slp|[from] move: Rest
|
|-heal|p2a: Blissey|533\/652|[from] item: Leftovers
|turn|186
|
|switch|p1a: Mienshao|Mienshao, F|271\/271 tox
|switch|p2a: Clit|Alomomola, F|533\/533
|
|-damage|p1a: Mienshao|255\/271 tox|[from] psn
|turn|187
|
|switch|p2a: Boodro|Granbull, M|313\/383
|-ability|p2a: Boodro|Intimidate|[of] p1a: Mienshao
|-unboost|p1a: Mienshao|atk|1
|move|p1a: Mienshao|Knock Off|p2a: Boodro
|-resisted|p2a: Boodro
|-damage|p2a: Boodro|286\/383
|-damage|p1a: Mienshao|228\/271 tox|[from] item: Life Orb
|
|-damage|p1a: Mienshao|196\/271 tox|[from] psn
|turn|188
|
|switch|p1a: Suicune|Suicune|404\/404 slp
|-ability|p1a: Suicune|Pressure
|move|p2a: Boodro|Roar|p1a: Suicune
|drag|p1a: Mienshao|Mienshao, F|271\/271 tox
|
|-damage|p1a: Mienshao|255\/271 tox|[from] psn
|turn|189
|
|move|p1a: Mienshao|Rock Slide|p2a: Boodro
|-damage|p2a: Boodro|189\/383
|-damage|p1a: Mienshao|228\/271 tox|[from] item: Life Orb
|move|p2a: Boodro|Roar|p1a: Mienshao
|drag|p1a: Suicune|Suicune|404\/404 slp
|-ability|p1a: Suicune|Pressure
|
|turn|190
|
|cant|p1a: Suicune|slp
|move|p1a: Suicune|Sleep Talk|p1a: Suicune
|move|p1a: Suicune|Calm Mind|p1a: Suicune|[from]Sleep Talk
|-boost|p1a: Suicune|spa|1
|-boost|p1a: Suicune|spd|1
|move|p2a: Boodro|Rest|p2a: Boodro
|-status|p2a: Boodro|slp
|-heal|p2a: Boodro|383\/383 slp|[silent]
|-status|p2a: Boodro|slp|[from] move: Rest
|
|turn|191
|
|cant|p1a: Suicune|slp
|move|p1a: Suicune|Sleep Talk|p1a: Suicune
|move|p1a: Suicune|Rest|p1a: Suicune|[from]Sleep Talk
|-fail|p1a: Suicune
|cant|p2a: Boodro|slp
|
|turn|192
|
|-curestatus|p1a: Suicune|slp
|move|p1a: Suicune|Calm Mind|p1a: Suicune
|-boost|p1a: Suicune|spa|1
|-boost|p1a: Suicune|spd|1
|cant|p2a: Boodro|slp
|
|turn|193
|
|switch|p2a: Blissey|Blissey, F|533\/652
|move|p1a: Suicune|Calm Mind|p1a: Suicune
|-boost|p1a: Suicune|spa|1
|-boost|p1a: Suicune|spd|1
|
|-heal|p2a: Blissey|573\/652|[from] item: Leftovers
|turn|194
|
|switch|p2a: Clit|Alomomola, F|533\/533
|move|p1a: Suicune|Calm Mind|p1a: Suicune
|-boost|p1a: Suicune|spa|1
|-boost|p1a: Suicune|spd|1
|
|turn|195
|
|switch|p2a: Boodro|Granbull, M|383\/383 slp
|-ability|p2a: Boodro|Intimidate|[of] p1a: Suicune
|-unboost|p1a: Suicune|atk|1
|move|p1a: Suicune|Calm Mind|p1a: Suicune
|-boost|p1a: Suicune|spa|1
|-boost|p1a: Suicune|spd|1
|
|turn|196
|
|switch|p2a: Blissey|Blissey, F|573\/652
|move|p1a: Suicune|Calm Mind|p1a: Suicune
|-boost|p1a: Suicune|spa|1
|-boost|p1a: Suicune|spd|1
|
|-heal|p2a: Blissey|613\/652|[from] item: Leftovers
|turn|197
|
|switch|p2a: Clit|Alomomola, F|533\/533
|move|p1a: Suicune|Scald|p2a: Clit
|-resisted|p2a: Clit
|-damage|p2a: Clit|221\/533
|
|-heal|p2a: Clit|254\/533|[from] item: Leftovers
|turn|198
|
|switch|p2a: Blissey|Blissey, F|613\/652
|move|p1a: Suicune|Scald|p2a: Blissey
|-damage|p2a: Blissey|397\/652
|
|-heal|p2a: Blissey|437\/652|[from] item: Leftovers
|turn|199
|
|switch|p2a: Clit|Alomomola, F|431\/533
|move|p1a: Suicune|Rest|p1a: Suicune
|-fail|p1a: Suicune
|
|-heal|p2a: Clit|464\/533|[from] item: Leftovers
|turn|200
|
|move|p1a: Suicune|Scald|p2a: Clit
|-resisted|p2a: Clit
|-damage|p2a: Clit|137\/533
|move|p2a: Clit|Wish|p2a: Clit
|
|-heal|p2a: Clit|170\/533|[from] item: Leftovers
|turn|201
|
|switch|p2a: Blissey|Blissey, F|437\/652
|move|p1a: Suicune|Rest|p1a: Suicune
|-fail|p1a: Suicune
|
|-heal|p2a: Blissey|652\/652|[from] move: Wish|[wisher] Clit
|turn|202
|
|switch|p2a: Clit|Alomomola, F|347\/533
|move|p1a: Suicune|Calm Mind|p1a: Suicune
|-fail|p1a: Suicune
|
|-heal|p2a: Clit|380\/533|[from] item: Leftovers
|turn|203
|
|switch|p2a: Blissey|Blissey, F|652\/652
|move|p1a: Suicune|Calm Mind|p1a: Suicune
|-fail|p1a: Suicune
|
|turn|204
|
|switch|p2a: Clit|Alomomola, F|533\/533
|move|p1a: Suicune|Rest|p1a: Suicune
|-fail|p1a: Suicune
|
|turn|205
|
|switch|p1a: Mienshao|Mienshao, F|271\/271 tox
|switch|p2a: Blissey|Blissey, F|652\/652
|
|-damage|p1a: Mienshao|255\/271 tox|[from] psn
|turn|206
|
|switch|p1a: Chandelure|Chandelure, M|181\/261 tox
|switch|p2a: Boodro|Granbull, M|383\/383 slp
|-ability|p2a: Boodro|Intimidate|[of] p1a: Chandelure
|-unboost|p1a: Chandelure|atk|1
|
|-damage|p1a: Chandelure|165\/261 tox|[from] psn
|turn|207
|
|switch|p2a: Blissey|Blissey, F|652\/652
|move|p1a: Chandelure|Flamethrower|p2a: Blissey
|-damage|p2a: Blissey|474\/652
|-status|p2a: Blissey|brn
|
|-heal|p2a: Blissey|514\/652 brn|[from] item: Leftovers
|-damage|p1a: Chandelure|133\/261 tox|[from] psn
|-damage|p2a: Blissey|433\/652 brn|[from] brn
|turn|208
|
|switch|p1a: Mienshao|Mienshao, F|271\/271 tox
|switch|p2a: Clit|Alomomola, F|533\/533
|
|-damage|p1a: Mienshao|255\/271 tox|[from] psn
|turn|209
|
|switch|p2a: Boodro|Granbull, M|383\/383 slp
|-ability|p2a: Boodro|Intimidate|[of] p1a: Mienshao
|-unboost|p1a: Mienshao|atk|1
|move|p1a: Mienshao|Knock Off|p2a: Boodro
|-resisted|p2a: Boodro
|-damage|p2a: Boodro|354\/383 slp
|-damage|p1a: Mienshao|228\/271 tox|[from] item: Life Orb
|
|-damage|p1a: Mienshao|196\/271 tox|[from] psn
|turn|210
|
|switch|p1a: Chandelure|Chandelure, M|133\/261 tox
|-curestatus|p2a: Boodro|slp
|move|p2a: Boodro|Play Rough|p1a: Chandelure
|-resisted|p1a: Chandelure
|-damage|p1a: Chandelure|70\/261 tox
|
|-damage|p1a: Chandelure|54\/261 tox|[from] psn
|turn|211
|
|switch|p2a: Blissey|Blissey, F|433\/652
|move|p1a: Chandelure|Flamethrower|p2a: Blissey
|-damage|p2a: Blissey|262\/652
|
|-heal|p2a: Blissey|302\/652|[from] item: Leftovers
|-damage|p1a: Chandelure|22\/261 tox|[from] psn
|turn|212
|
|move|p1a: Chandelure|Flamethrower|p2a: Blissey
|-damage|p2a: Blissey|109\/652
|move|p2a: Blissey|Soft-Boiled|p2a: Blissey
|-heal|p2a: Blissey|435\/652
|
|-heal|p2a: Blissey|475\/652|[from] item: Leftovers
|-damage|p1a: Chandelure|0 fnt|[from] psn
|faint|p1a: Chandelure
|
|switch|p1a: Mienshao|Mienshao, F|271\/271 tox
|turn|213
|
|switch|p2a: Boodro|Granbull, M|354\/383
|-ability|p2a: Boodro|Intimidate|[of] p1a: Mienshao
|-unboost|p1a: Mienshao|atk|1
|move|p1a: Mienshao|Rock Slide|p2a: Boodro
|-damage|p2a: Boodro|292\/383
|-damage|p1a: Mienshao|244\/271 tox|[from] item: Life Orb
|
|-damage|p1a: Mienshao|228\/271 tox|[from] psn
|turn|214
|
|switch|p2a: Clit|Alomomola, F|533\/533
|move|p1a: Mienshao|Rock Slide|p2a: Clit
|-damage|p2a: Clit|467\/533
|-damage|p1a: Mienshao|201\/271 tox|[from] item: Life Orb
|
|-heal|p2a: Clit|500\/533|[from] item: Leftovers
|-damage|p1a: Mienshao|169\/271 tox|[from] psn
|turn|215
|
|switch|p2a: Boodro|Granbull, M|292\/383
|-ability|p2a: Boodro|Intimidate|[of] p1a: Mienshao
|-unboost|p1a: Mienshao|atk|1
|move|p1a: Mienshao|Knock Off|p2a: Boodro
|-resisted|p2a: Boodro
|-damage|p2a: Boodro|270\/383
|-damage|p1a: Mienshao|142\/271 tox|[from] item: Life Orb
|
|-damage|p1a: Mienshao|94\/271 tox|[from] psn
|turn|216
|
|switch|p1a: Suicune|Suicune|404\/404
|-ability|p1a: Suicune|Pressure
|move|p2a: Boodro|Rest|p2a: Boodro
|-status|p2a: Boodro|slp
|-heal|p2a: Boodro|383\/383 slp|[silent]
|-status|p2a: Boodro|slp|[from] move: Rest
|
|turn|217
|
|switch|p1a: Mienshao|Mienshao, F|184\/271 tox
|switch|p2a: Blissey|Blissey, F|475\/652
|
|-heal|p2a: Blissey|515\/652|[from] item: Leftovers
|-damage|p1a: Mienshao|168\/271 tox|[from] psn
|turn|218
|
|switch|p1a: Suicune|Suicune|404\/404
|-ability|p1a: Suicune|Pressure
|switch|p2a: Boodro|Granbull, M|383\/383 slp
|-ability|p2a: Boodro|Intimidate|[of] p1a: Suicune
|-unboost|p1a: Suicune|atk|1
|
|turn|219
|
|switch|p1a: Mienshao|Mienshao, F|258\/271 tox
|cant|p2a: Boodro|slp
|
|-damage|p1a: Mienshao|242\/271 tox|[from] psn
|turn|220
|
|move|p1a: Mienshao|Rock Slide|p2a: Boodro
|-damage|p2a: Boodro|283\/383 slp
|-damage|p1a: Mienshao|215\/271 tox|[from] item: Life Orb
|cant|p2a: Boodro|slp
|
|-damage|p1a: Mienshao|183\/271 tox|[from] psn
|turn|221
|
|switch|p2a: Clit|Alomomola, F|533\/533
|move|p1a: Mienshao|Knock Off|p2a: Clit
|-damage|p2a: Clit|412\/533
|-enditem|p2a: Clit|Leftovers|[from] move: Knock Off|[of] p1a: Mienshao
|-damage|p1a: Mienshao|156\/271 tox|[from] item: Life Orb
|
|-damage|p1a: Mienshao|108\/271 tox|[from] psn
|turn|222
|
|switch|p1a: Suicune|Suicune|404\/404
|-ability|p1a: Suicune|Pressure
|switch|p2a: Blissey|Blissey, F|515\/652
|
|-heal|p2a: Blissey|555\/652|[from] item: Leftovers
|turn|223
|
|switch|p1a: Mienshao|Mienshao, F|198\/271 tox
|switch|p2a: Clit|Alomomola, F|533\/533
|
|-damage|p1a: Mienshao|182\/271 tox|[from] psn
|turn|224
|
|switch|p2a: Boodro|Granbull, M|283\/383 slp
|-ability|p2a: Boodro|Intimidate|[of] p1a: Mienshao
|-unboost|p1a: Mienshao|atk|1
|move|p1a: Mienshao|Drain Punch|p2a: Boodro
|-resisted|p2a: Boodro
|-damage|p2a: Boodro|230\/383 slp
|-heal|p1a: Mienshao|209\/271 tox|[from] drain|[of] p2a: Boodro
|-damage|p1a: Mienshao|182\/271 tox|[from] item: Life Orb
|
|-damage|p1a: Mienshao|150\/271 tox|[from] psn
|turn|225
|
|switch|p1a: Suicune|Suicune|404\/404
|-ability|p1a: Suicune|Pressure
|-curestatus|p2a: Boodro|slp
|move|p2a: Boodro|Rest|p2a: Boodro
|-status|p2a: Boodro|slp
|-heal|p2a: Boodro|383\/383 slp|[silent]
|-status|p2a: Boodro|slp|[from] move: Rest
|
|turn|226
|
|switch|p1a: Mienshao|Mienshao, F|240\/271 tox
|cant|p2a: Boodro|slp
|
|-damage|p1a: Mienshao|224\/271 tox|[from] psn
|turn|227
|
|move|p1a: Mienshao|Rock Slide|p2a: Boodro
|-damage|p2a: Boodro|280\/383 slp
|-damage|p1a: Mienshao|197\/271 tox|[from] item: Life Orb
|cant|p2a: Boodro|slp
|
|-damage|p1a: Mienshao|165\/271 tox|[from] psn
|turn|228
|
|switch|p1a: Suicune|Suicune|404\/404
|-ability|p1a: Suicune|Pressure
|-curestatus|p2a: Boodro|slp
|move|p2a: Boodro|Play Rough|p1a: Suicune
|-damage|p1a: Suicune|317\/404
|
|-heal|p1a: Suicune|342\/404|[from] item: Leftovers
|turn|229
|
|switch|p2a: Blissey|Blissey, F|555\/652
|move|p1a: Suicune|Rest|p1a: Suicune
|-status|p1a: Suicune|slp
|-heal|p1a: Suicune|404\/404 slp|[silent]
|-status|p1a: Suicune|slp|[from] move: Rest
|
|-heal|p2a: Blissey|595\/652|[from] item: Leftovers
|turn|230
|
|switch|p2a: Clit|Alomomola, F|533\/533
|cant|p1a: Suicune|slp
|
|turn|231
|
|switch|p2a: Blissey|Blissey, F|595\/652
|cant|p1a: Suicune|slp
|
|-heal|p2a: Blissey|635\/652|[from] item: Leftovers
|turn|232
|
|switch|p1a: Mienshao|Mienshao, F|255\/271 tox
|switch|p2a: Clit|Alomomola, F|533\/533
|
|-damage|p1a: Mienshao|239\/271 tox|[from] psn
|turn|233
|
|move|p1a: Mienshao|Fake Out|p2a: Clit
|-damage|p2a: Clit|482\/533
|-damage|p1a: Mienshao|212\/271 tox|[from] item: Life Orb
|cant|p2a: Clit|flinch
|
|-damage|p1a: Mienshao|180\/271 tox|[from] psn
|turn|234
|
|switch|p1a: Suicune|Suicune|404\/404 slp
|-ability|p1a: Suicune|Pressure
|move|p2a: Clit|Wish|p2a: Clit
|
|turn|235
|
|switch|p1a: Mienshao|Mienshao, F|270\/271 tox
|switch|p2a: Boodro|Granbull, M|280\/383
|-ability|p2a: Boodro|Intimidate|[of] p1a: Mienshao
|-unboost|p1a: Mienshao|atk|1
|
|-heal|p2a: Boodro|383\/383|[from] move: Wish|[wisher] Clit
|-damage|p1a: Mienshao|254\/271 tox|[from] psn
|turn|236
|
|switch|p1a: Suicune|Suicune|404\/404 slp
|-ability|p1a: Suicune|Pressure
|switch|p2a: Clit|Alomomola, F|533\/533
|
|turn|237
|
|switch|p1a: Mienshao|Mienshao, F|271\/271 tox
|switch|p2a: Blissey|Blissey, F|635\/652
|
|-heal|p2a: Blissey|652\/652|[from] item: Leftovers
|-damage|p1a: Mienshao|255\/271 tox|[from] psn
|turn|238
|
|switch|p1a: Suicune|Suicune|404\/404 slp
|-ability|p1a: Suicune|Pressure
|switch|p2a: Boodro|Granbull, M|383\/383
|-ability|p2a: Boodro|Intimidate|[of] p1a: Suicune
|-unboost|p1a: Suicune|atk|1
|
|turn|239
|
|switch|p2a: Blissey|Blissey, F|652\/652
|-curestatus|p1a: Suicune|slp
|move|p1a: Suicune|Rest|p1a: Suicune
|-fail|p1a: Suicune
|
|turn|240
|
|switch|p1a: Mienshao|Mienshao, F|271\/271 tox
|switch|p2a: Clit|Alomomola, F|533\/533
|
|-damage|p1a: Mienshao|255\/271 tox|[from] psn
|turn|241
|
|switch|p2a: Boodro|Granbull, M|383\/383
|-ability|p2a: Boodro|Intimidate|[of] p1a: Mienshao
|-unboost|p1a: Mienshao|atk|1
|move|p1a: Mienshao|Drain Punch|p2a: Boodro
|-resisted|p2a: Boodro
|-damage|p2a: Boodro|336\/383
|-heal|p1a: Mienshao|271\/271 tox|[from] drain|[of] p2a: Boodro
|-damage|p1a: Mienshao|244\/271 tox|[from] item: Life Orb
|
|-damage|p1a: Mienshao|212\/271 tox|[from] psn
|turn|242
|
|switch|p2a: Clit|Alomomola, F|533\/533
|move|p1a: Mienshao|Rock Slide|p2a: Clit
|-damage|p2a: Clit|472\/533
|-damage|p1a: Mienshao|185\/271 tox|[from] item: Life Orb
|
|-damage|p1a: Mienshao|137\/271 tox|[from] psn
|turn|243
|
|switch|p1a: Suicune|Suicune|404\/404
|-ability|p1a: Suicune|Pressure
|switch|p2a: Boodro|Granbull, M|336\/383
|-ability|p2a: Boodro|Intimidate|[of] p1a: Suicune
|-unboost|p1a: Suicune|atk|1
|
|turn|244
|
|switch|p1a: Mienshao|Mienshao, F|227\/271 tox
|switch|p2a: Clit|Alomomola, F|533\/533
|
|-damage|p1a: Mienshao|211\/271 tox|[from] psn
|turn|245
|
|switch|p1a: Suicune|Suicune|404\/404
|-ability|p1a: Suicune|Pressure
|switch|p2a: Boodro|Granbull, M|336\/383
|-ability|p2a: Boodro|Intimidate|[of] p1a: Suicune
|-unboost|p1a: Suicune|atk|1
|
|turn|246
|
|switch|p2a: Blissey|Blissey, F|652\/652
|move|p1a: Suicune|Rest|p1a: Suicune
|-fail|p1a: Suicune
|
|turn|247
|
|switch|p1a: Mienshao|Mienshao, F|271\/271 tox
|switch|p2a: Boodro|Granbull, M|336\/383
|-ability|p2a: Boodro|Intimidate|[of] p1a: Mienshao
|-unboost|p1a: Mienshao|atk|1
|
|-damage|p1a: Mienshao|255\/271 tox|[from] psn
|turn|248
|
|move|p1a: Mienshao|Rock Slide|p2a: Boodro
|-miss|p1a: Mienshao|p2a: Boodro
|move|p2a: Boodro|Play Rough|p1a: Mienshao|[miss]
|-miss|p2a: Boodro|p1a: Mienshao
|
|-damage|p1a: Mienshao|223\/271 tox|[from] psn
|turn|249
|
|switch|p1a: Suicune|Suicune|404\/404
|-ability|p1a: Suicune|Pressure
|switch|p2a: Clit|Alomomola, F|533\/533
|
|turn|250
|
|switch|p1a: Mienshao|Mienshao, F|271\/271 tox
|switch|p2a: Boodro|Granbull, M|336\/383
|-ability|p2a: Boodro|Intimidate|[of] p1a: Mienshao
|-unboost|p1a: Mienshao|atk|1
|
|-damage|p1a: Mienshao|255\/271 tox|[from] psn
|turn|251
|
|switch|p1a: Suicune|Suicune|404\/404
|-ability|p1a: Suicune|Pressure
|switch|p2a: Clit|Alomomola, F|533\/533
|
|turn|252
|
|switch|p1a: Mienshao|Mienshao, F|271\/271 tox
|switch|p2a: Boodro|Granbull, M|336\/383
|-ability|p2a: Boodro|Intimidate|[of] p1a: Mienshao
|-unboost|p1a: Mienshao|atk|1
|
|-damage|p1a: Mienshao|255\/271 tox|[from] psn
|turn|253
|
|switch|p1a: Suicune|Suicune|404\/404
|-ability|p1a: Suicune|Pressure
|switch|p2a: Clit|Alomomola, F|533\/533
|
|turn|254
|
|switch|p1a: Mienshao|Mienshao, F|271\/271 tox
|switch|p2a: Blissey|Blissey, F|652\/652
|
|-damage|p1a: Mienshao|255\/271 tox|[from] psn
|turn|255
|
|switch|p2a: Boodro|Granbull, M|336\/383
|-ability|p2a: Boodro|Intimidate|[of] p1a: Mienshao
|-unboost|p1a: Mienshao|atk|1
|move|p1a: Mienshao|Drain Punch|p2a: Boodro
|-resisted|p2a: Boodro
|-damage|p2a: Boodro|285\/383
|-heal|p1a: Mienshao|271\/271 tox|[from] drain|[of] p2a: Boodro
|-damage|p1a: Mienshao|244\/271 tox|[from] item: Life Orb
|
|-damage|p1a: Mienshao|212\/271 tox|[from] psn
|turn|256
|
|switch|p2a: Clit|Alomomola, F|533\/533
|move|p1a: Mienshao|Rock Slide|p2a: Clit
|-damage|p2a: Clit|468\/533
|-damage|p1a: Mienshao|185\/271 tox|[from] item: Life Orb
|
|-damage|p1a: Mienshao|137\/271 tox|[from] psn
|turn|257
|
|switch|p2a: Boodro|Granbull, M|285\/383
|-ability|p2a: Boodro|Intimidate|[of] p1a: Mienshao
|-unboost|p1a: Mienshao|atk|1
|move|p1a: Mienshao|Drain Punch|p2a: Boodro
|-resisted|p2a: Boodro
|-damage|p2a: Boodro|250\/383
|-heal|p1a: Mienshao|155\/271 tox|[from] drain|[of] p2a: Boodro
|-damage|p1a: Mienshao|128\/271 tox|[from] item: Life Orb
|
|-damage|p1a: Mienshao|64\/271 tox|[from] psn
|turn|258
|
|switch|p1a: Suicune|Suicune|404\/404
|-ability|p1a: Suicune|Pressure
|switch|p2a: Clit|Alomomola, F|533\/533
|
|turn|259
|
|switch|p1a: Mienshao|Mienshao, F|154\/271 tox
|switch|p2a: Blissey|Blissey, F|652\/652
|
|-damage|p1a: Mienshao|138\/271 tox|[from] psn
|turn|260
|
|switch|p1a: Suicune|Suicune|404\/404
|-ability|p1a: Suicune|Pressure
|switch|p2a: Boodro|Granbull, M|250\/383
|-ability|p2a: Boodro|Intimidate|[of] p1a: Suicune
|-unboost|p1a: Suicune|atk|1
|
|turn|261
|
|move|p1a: Suicune|Calm Mind|p1a: Suicune
|-boost|p1a: Suicune|spa|1
|-boost|p1a: Suicune|spd|1
|move|p2a: Boodro|Play Rough|p1a: Suicune|[miss]
|-miss|p2a: Boodro|p1a: Suicune
|
|turn|262
|
|switch|p1a: Mienshao|Mienshao, F|228\/271 tox
|switch|p2a: Clit|Alomomola, F|533\/533
|
|-damage|p1a: Mienshao|212\/271 tox|[from] psn
|turn|263
|
|move|p1a: Mienshao|Drain Punch|p2a: Clit
|-damage|p2a: Clit|397\/533
|-heal|p1a: Mienshao|271\/271 tox|[from] drain|[of] p2a: Clit
|-damage|p1a: Mienshao|244\/271 tox|[from] item: Life Orb
|move|p2a: Clit|Wish|p2a: Clit
|
|-damage|p1a: Mienshao|212\/271 tox|[from] psn
|turn|264
|
|switch|p2a: Boodro|Granbull, M|250\/383
|-ability|p2a: Boodro|Intimidate|[of] p1a: Mienshao
|-unboost|p1a: Mienshao|atk|1
|move|p1a: Mienshao|Knock Off|p2a: Boodro
|-resisted|p2a: Boodro
|-damage|p2a: Boodro|221\/383
|-damage|p1a: Mienshao|185\/271 tox|[from] item: Life Orb
|
|-heal|p2a: Boodro|383\/383|[from] move: Wish|[wisher] Clit
|-damage|p1a: Mienshao|137\/271 tox|[from] psn
|turn|265
|c|âBrock's Blue Balls|you see that you cant win right?
|
|switch|p1a: Suicune|Suicune|404\/404
|-ability|p1a: Suicune|Pressure
|switch|p2a: Clit|Alomomola, F|533\/533
|
|turn|266
|c|âMasterPpv|how much pp do you have left?
|c|âBrock's Blue Balls|a shit ton
|c|âMasterPpv|ah okay
|
|switch|p1a: Mienshao|Mienshao, F|227\/271 tox
|switch|p2a: Blissey|Blissey, F|652\/652
|
|-damage|p1a: Mienshao|211\/271 tox|[from] psn
|turn|267
|c|âMasterPpv|i have plenty on mienshao actually
|
|switch|p2a: Boodro|Granbull, M|383\/383
|-ability|p2a: Boodro|Intimidate|[of] p1a: Mienshao
|-unboost|p1a: Mienshao|atk|1
|move|p1a: Mienshao|Knock Off|p2a: Boodro
|-resisted|p2a: Boodro
|-damage|p2a: Boodro|353\/383
|-damage|p1a: Mienshao|184\/271 tox|[from] item: Life Orb
|
|-damage|p1a: Mienshao|152\/271 tox|[from] psn
|turn|268
|
|switch|p1a: Suicune|Suicune|404\/404
|-ability|p1a: Suicune|Pressure
|switch|p2a: Clit|Alomomola, F|533\/533
|
|turn|269
|
|switch|p1a: Mienshao|Mienshao, F|242\/271 tox
|switch|p2a: Boodro|Granbull, M|353\/383
|-ability|p2a: Boodro|Intimidate|[of] p1a: Mienshao
|-unboost|p1a: Mienshao|atk|1
|
|-damage|p1a: Mienshao|226\/271 tox|[from] psn
|turn|270
|
|switch|p1a: Suicune|Suicune|404\/404
|-ability|p1a: Suicune|Pressure
|move|p2a: Boodro|Roar|p1a: Suicune
|drag|p1a: Mienshao|Mienshao, F|271\/271 tox
|
|-damage|p1a: Mienshao|255\/271 tox|[from] psn
|turn|271
|
|switch|p2a: Clit|Alomomola, F|533\/533
|move|p1a: Mienshao|Rock Slide|p2a: Clit
|-crit|p2a: Clit
|-damage|p2a: Clit|395\/533
|-damage|p1a: Mienshao|228\/271 tox|[from] item: Life Orb
|
|-damage|p1a: Mienshao|196\/271 tox|[from] psn
|turn|272
|
|switch|p1a: Suicune|Suicune|404\/404
|-ability|p1a: Suicune|Pressure
|switch|p2a: Boodro|Granbull, M|353\/383
|-ability|p2a: Boodro|Intimidate|[of] p1a: Suicune
|-unboost|p1a: Suicune|atk|1
|
|turn|273
|
|switch|p2a: Blissey|Blissey, F|652\/652
|move|p1a: Suicune|Calm Mind|p1a: Suicune
|-boost|p1a: Suicune|spa|1
|-boost|p1a: Suicune|spd|1
|
|turn|274
|
|switch|p1a: Mienshao|Mienshao, F|271\/271 tox
|switch|p2a: Clit|Alomomola, F|533\/533
|
|-damage|p1a: Mienshao|255\/271 tox|[from] psn
|turn|275
|
|switch|p2a: Boodro|Granbull, M|353\/383
|-ability|p2a: Boodro|Intimidate|[of] p1a: Mienshao
|-unboost|p1a: Mienshao|atk|1
|move|p1a: Mienshao|Fake Out|p2a: Boodro
|-crit|p2a: Boodro
|-damage|p2a: Boodro|279\/383
|-damage|p1a: Mienshao|228\/271 tox|[from] item: Life Orb
|
|-damage|p1a: Mienshao|196\/271 tox|[from] psn
|turn|276
|c|âMasterPpv|seems like you're right here
|c|âMasterPpv|well fought
|
|switch|p1a: Suicune|Suicune|404\/404
|-ability|p1a: Suicune|Pressure
|switch|p2a: Clit|Alomomola, F|533\/533
|
|turn|277
|c|âBrock's Blue Balls|thanks you too
|c|âMasterPpv|gg
|c|âBrock's Blue Balls|gg
|-message|MasterPpv forfeited.
|
|win|Brock's Blue Balls
|raw|Ladder updating...
|leave|MasterPpv
|player|p1
|raw|MasterPpv's rating: 1370 &rarr; <strong>1339<\/strong><br \/>(-31 for losing)
|raw|Brock&apos;s Blue Balls's rating: 1161 &rarr; <strong>1199<\/strong><br \/>(+38 for winning)