|join|ForWeLiveToTest
|join|I ABR I
|player|p1|ForWeLiveToTest|149
|player|p2|I ABR I|290
|gametype|singles
|gen|6
|tier|ORAS OU
|rated
|rule|Sleep Clause Mod: Limit one foe put to sleep
|rule|Species Clause: Limit one of each PokÃ©mon
|rule|OHKO Clause: OHKO moves are banned
|rule|Moody Clause: Moody is banned
|rule|Evasion Moves Clause: Evasion moves are banned
|rule|Endless Battle Clause: Forcing endless battles is banned
|rule|HP Percentage Mod: HP is shown in percentages
|clearpoke
|poke|p1|Diancie
|poke|p1|Keldeo-Resolute
|poke|p1|Weavile, F
|poke|p1|Landorus-Therian, M
|poke|p1|Zapdos
|poke|p1|Ferrothorn, M
|poke|p2|Gallade, M, shiny
|poke|p2|Rotom-Wash
|poke|p2|Greninja, M
|poke|p2|Clefable, F
|poke|p2|Landorus-Therian, M
|poke|p2|Latios, M
|rule|Swagger Clause: Swagger is banned
|rule|Baton Pass Clause: Limit one PokÃ©mon knowing Baton Pass
|teampreview
|
|start
|switch|p1a: Landorus-Therian|Landorus-Therian, M|319\/319
|switch|p2a: Clefable|Clefable, F|394\/394
|-ability|p1a: Landorus-Therian|Intimidate|[of] p2a: Clefable
|-unboost|p2a: Clefable|atk|1
|turn|1
|
|move|p1a: Landorus-Therian|Earthquake|p2a: Clefable
|-damage|p2a: Clefable|205\/394
|move|p2a: Clefable|Stealth Rock|p1a: Landorus-Therian
|-sidestart|p1: ForWeLiveToTest|move: Stealth Rock
|
|-heal|p2a: Clefable|229\/394|[from] item: Leftovers
|turn|2
|
|switch|p1a: Ferrothorn|Ferrothorn, M|352\/352
|-damage|p1a: Ferrothorn|330\/352|[from] Stealth Rock
|switch|p2a: Rotom-Wash|Rotom-Wash|303\/303
|
|turn|3
|
|move|p2a: Rotom-Wash|Will-O-Wisp|p1a: Ferrothorn
|-status|p1a: Ferrothorn|brn
|move|p1a: Ferrothorn|Power Whip|p2a: Rotom-Wash
|-supereffective|p2a: Rotom-Wash
|-damage|p2a: Rotom-Wash|195\/303
|
|-heal|p2a: Rotom-Wash|213\/303|[from] item: Leftovers
|-damage|p1a: Ferrothorn|286\/352 brn|[from] brn
|turn|4
|
|move|p2a: Rotom-Wash|Volt Switch|p1a: Ferrothorn
|-resisted|p1a: Ferrothorn
|-damage|p1a: Ferrothorn|253\/352 brn
|
|switch|p2a: Gallade|Gallade, M, shiny|277\/277
|move|p1a: Ferrothorn|Leech Seed|p2a: Gallade
|-start|p2a: Gallade|move: Leech Seed
|
|-damage|p2a: Gallade|243\/277|[from] Leech Seed|[of] p1a: Ferrothorn
|-heal|p1a: Ferrothorn|287\/352 brn|[silent]
|-damage|p1a: Ferrothorn|243\/352 brn|[from] brn
|turn|5
|
|switch|p2a: Greninja|Greninja, M|285\/285
|switch|p1a: Landorus-Therian|Landorus-Therian, M|319\/319
|-damage|p1a: Landorus-Therian|280\/319|[from] Stealth Rock
|-ability|p1a: Landorus-Therian|Intimidate|[of] p2a: Greninja
|-unboost|p2a: Greninja|atk|1
|
|turn|6
|
|switch|p2a: Rotom-Wash|Rotom-Wash|213\/303
|move|p1a: Landorus-Therian|U-turn|p2a: Rotom-Wash
|-damage|p2a: Rotom-Wash|140\/303
|
|switch|p1a: Ferrothorn|Ferrothorn, M|243\/352 brn
|-damage|p1a: Ferrothorn|221\/352 brn|[from] Stealth Rock
|
|-heal|p2a: Rotom-Wash|158\/303|[from] item: Leftovers
|-damage|p1a: Ferrothorn|177\/352 brn|[from] brn
|turn|7
|
|move|p2a: Rotom-Wash|Volt Switch|p1a: Ferrothorn
|-resisted|p1a: Ferrothorn
|-damage|p1a: Ferrothorn|147\/352 brn
|
|switch|p2a: Gallade|Gallade, M, shiny|243\/277
|move|p1a: Ferrothorn|Stealth Rock|p2a: Gallade
|-sidestart|p2: I ABR I|move: Stealth Rock
|
|-damage|p1a: Ferrothorn|103\/352 brn|[from] brn
|turn|8
|
|detailschange|p2a: Gallade|Gallade-Mega, M, shiny
|message|Gallade has Mega Evolved into Mega Gallade!
|move|p2a: Gallade|Knock Off|p1a: Ferrothorn
|-damage|p1a: Ferrothorn|6\/352 brn
|-damage|p2a: Gallade|209\/277|[from] ability: Iron Barbs|[of] p1a: Ferrothorn
|-enditem|p1a: Ferrothorn|Shed Shell|[from] move: Knock Off|[of] p2a: Gallade
|move|p1a: Ferrothorn|Leech Seed|p2a: Gallade
|-start|p2a: Gallade|move: Leech Seed
|
|-damage|p2a: Gallade|175\/277|[from] Leech Seed|[of] p1a: Ferrothorn
|-heal|p1a: Ferrothorn|40\/352 brn|[silent]
|-damage|p1a: Ferrothorn|0 fnt|[from] brn
|faint|p1a: Ferrothorn
|
|switch|p1a: Diancie|Diancie|241\/241
|-damage|p1a: Diancie|211\/241|[from] Stealth Rock
|turn|9
|
|switch|p1a: Landorus-Therian|Landorus-Therian, M|280\/319
|-damage|p1a: Landorus-Therian|241\/319|[from] Stealth Rock
|-ability|p1a: Landorus-Therian|Intimidate|[of] p2a: Gallade
|-unboost|p2a: Gallade|atk|1
|move|p2a: Gallade|Close Combat|p1a: Landorus-Therian
|-resisted|p1a: Landorus-Therian
|-damage|p1a: Landorus-Therian|143\/319
|-unboost|p2a: Gallade|def|1
|-unboost|p2a: Gallade|spd|1
|
|-damage|p2a: Gallade|141\/277|[from] Leech Seed|[of] p1a: Landorus-Therian
|-heal|p1a: Landorus-Therian|177\/319|[silent]
|turn|10
|
|switch|p2a: Rotom-Wash|Rotom-Wash|158\/303
|-damage|p2a: Rotom-Wash|121\/303|[from] Stealth Rock
|move|p1a: Landorus-Therian|U-turn|p2a: Rotom-Wash
|-damage|p2a: Rotom-Wash|57\/303
|
|switch|p1a: Zapdos|Zapdos|384\/384
|-damage|p1a: Zapdos|288\/384|[from] Stealth Rock
|-ability|p1a: Zapdos|Pressure
|
|-heal|p1a: Zapdos|312\/384|[from] item: Leftovers
|-heal|p2a: Rotom-Wash|75\/303|[from] item: Leftovers
|turn|11
|
|move|p1a: Zapdos|Volt Switch|p2a: Rotom-Wash
|-damage|p2a: Rotom-Wash|0 fnt
|faint|p2a: Rotom-Wash
|
|switch|p1a: Landorus-Therian|Landorus-Therian, M|177\/319
|-damage|p1a: Landorus-Therian|138\/319|[from] Stealth Rock
|
|
|switch|p2a: Clefable|Clefable, F|229\/394
|turn|12
|
|move|p1a: Landorus-Therian|U-turn|p2a: Clefable
|-resisted|p2a: Clefable
|-damage|p2a: Clefable|185\/394
|
|switch|p1a: Diancie|Diancie|211\/241
|-damage|p1a: Diancie|181\/241|[from] Stealth Rock
|move|p2a: Clefable|Soft-Boiled|p2a: Clefable
|-heal|p2a: Clefable|382\/394
|
|-heal|p2a: Clefable|394\/394|[from] item: Leftovers
|turn|13
|
|detailschange|p1a: Diancie|Diancie-Mega
|message|Diancie has Mega Evolved into Mega Diancie!
|move|p1a: Diancie|Moonblast|p2a: Clefable
|-damage|p2a: Clefable|223\/394
|move|p2a: Clefable|Moonblast|p1a: Diancie
|-damage|p1a: Diancie|88\/241
|
|-heal|p2a: Clefable|247\/394|[from] item: Leftovers
|turn|14
|
|move|p1a: Diancie|Moonblast|p2a: Clefable
|-damage|p2a: Clefable|60\/394
|move|p2a: Clefable|Soft-Boiled|p2a: Clefable
|-heal|p2a: Clefable|257\/394
|
|-heal|p2a: Clefable|281\/394|[from] item: Leftovers
|turn|15
|
|move|p1a: Diancie|Diamond Storm|p2a: Clefable
|-damage|p2a: Clefable|115\/394
|move|p2a: Clefable|Soft-Boiled|p2a: Clefable
|-heal|p2a: Clefable|312\/394
|
|-heal|p2a: Clefable|336\/394|[from] item: Leftovers
|turn|16
|
|move|p1a: Diancie|Moonblast|p2a: Clefable
|-damage|p2a: Clefable|143\/394
|move|p2a: Clefable|Moonblast|p1a: Diancie
|-damage|p1a: Diancie|0 fnt
|faint|p1a: Diancie
|
|-heal|p2a: Clefable|167\/394|[from] item: Leftovers
|
|switch|p1a: Weavile|Weavile, F|281\/281
|-damage|p1a: Weavile|211\/281|[from] Stealth Rock
|-ability|p1a: Weavile|Pressure
|turn|17
|
|move|p1a: Weavile|Icicle Crash|p2a: Clefable
|-crit|p2a: Clefable
|-damage|p2a: Clefable|0 fnt
|-damage|p1a: Weavile|183\/281|[from] item: Life Orb
|faint|p2a: Clefable
|
|
|switch|p2a: Landorus-Therian|Landorus-Therian, M|319\/319
|-damage|p2a: Landorus-Therian|280\/319|[from] Stealth Rock
|-ability|p2a: Landorus-Therian|Intimidate|[of] p1a: Weavile
|-unboost|p1a: Weavile|atk|1
|turn|18
|
|switch|p1a: Landorus-Therian|Landorus-Therian, M|138\/319
|-damage|p1a: Landorus-Therian|99\/319|[from] Stealth Rock
|-ability|p1a: Landorus-Therian|Intimidate|[of] p2a: Landorus-Therian
|-unboost|p2a: Landorus-Therian|atk|1
|move|p2a: Landorus-Therian|U-turn|p1a: Landorus-Therian
|-resisted|p1a: Landorus-Therian
|-damage|p1a: Landorus-Therian|68\/319
|
|switch|p2a: Greninja|Greninja, M|285\/285
|-damage|p2a: Greninja|250\/285|[from] Stealth Rock
|
|turn|19
|
|move|p1a: Landorus-Therian|U-turn|p2a: Greninja
|-supereffective|p2a: Greninja
|-damage|p2a: Greninja|6\/285
|
|switch|p1a: Keldeo-Resolute|Keldeo-Resolute|323\/323
|-damage|p1a: Keldeo-Resolute|303\/323|[from] Stealth Rock
|move|p2a: Greninja|Gunk Shot|p1a: Keldeo-Resolute
|-start|p2a: Greninja|typechange|Poison|[from] Protean
|-damage|p1a: Keldeo-Resolute|128\/323
|-damage|p2a: Greninja|0 fnt|[from] item: Life Orb
|faint|p2a: Greninja
|
|-heal|p1a: Keldeo-Resolute|148\/323|[from] item: Leftovers
|
|switch|p2a: Gallade|Gallade-Mega, M, shiny|141\/277
|-damage|p2a: Gallade|124\/277|[from] Stealth Rock
|turn|20
|
|move|p2a: Gallade|Close Combat|p1a: Keldeo-Resolute
|-damage|p1a: Keldeo-Resolute|0 fnt
|-unboost|p2a: Gallade|def|1
|-unboost|p2a: Gallade|spd|1
|faint|p1a: Keldeo-Resolute
|
|
|switch|p1a: Landorus-Therian|Landorus-Therian, M|68\/319
|-damage|p1a: Landorus-Therian|29\/319|[from] Stealth Rock
|-ability|p1a: Landorus-Therian|Intimidate|[of] p2a: Gallade
|-unboost|p2a: Gallade|atk|1
|turn|21
|
|move|p1a: Landorus-Therian|U-turn|p2a: Gallade
|-crit|p2a: Gallade
|-damage|p2a: Gallade|0 fnt
|faint|p2a: Gallade
|c|âI ABR I|o
|
|switch|p1a: Zapdos|Zapdos|312\/384
|-damage|p1a: Zapdos|216\/384|[from] Stealth Rock
|-ability|p1a: Zapdos|Pressure
|
|-heal|p1a: Zapdos|240\/384|[from] item: Leftovers
|c|âI ABR I|dem crits
|
|switch|p2a: Latios|Latios, M|301\/301
|-damage|p2a: Latios|264\/301|[from] Stealth Rock
|turn|22
|
|move|p2a: Latios|Draco Meteor|p1a: Zapdos
|-damage|p1a: Zapdos|0 fnt
|-unboost|p2a: Latios|spa|2
|-damage|p2a: Latios|234\/301|[from] item: Life Orb
|faint|p1a: Zapdos
|
|
|switch|p1a: Weavile|Weavile, F|183\/281
|-damage|p1a: Weavile|113\/281|[from] Stealth Rock
|-ability|p1a: Weavile|Pressure
|turn|23
|
|move|p1a: Weavile|Knock Off|p2a: Latios
|-supereffective|p2a: Latios
|-damage|p2a: Latios|0 fnt
|-enditem|p2a: Latios|Life Orb|[from] move: Knock Off|[of] p1a: Weavile
|-damage|p1a: Weavile|85\/281|[from] item: Life Orb
|faint|p2a: Latios
|
|
|switch|p2a: Landorus-Therian|Landorus-Therian, M|280\/319
|-damage|p2a: Landorus-Therian|241\/319|[from] Stealth Rock
|-ability|p2a: Landorus-Therian|Intimidate|[of] p1a: Weavile
|-unboost|p1a: Weavile|atk|1
|turn|24
|
|switch|p1a: Landorus-Therian|Landorus-Therian, M|29\/319
|-damage|p1a: Landorus-Therian|0 fnt|[from] Stealth Rock
|faint|p1a: Landorus-Therian
|move|p2a: Landorus-Therian|Stone Edge|p1: Landorus-Therian|[notarget]
|-notarget
|
|
|switch|p1a: Weavile|Weavile, F|85\/281
|-damage|p1a: Weavile|15\/281|[from] Stealth Rock
|-ability|p1a: Weavile|Pressure
|turn|25
|c|âForWeLiveToTest|gg
|c|âI ABR I|gg
|
|move|p1a: Weavile|Ice Shard|p2a: Landorus-Therian
|-supereffective|p2a: Landorus-Therian
|-damage|p2a: Landorus-Therian|0 fnt
|-damage|p1a: Weavile|0 fnt|[from] item: Life Orb
|faint|p2a: Landorus-Therian
|faint|p1a: Weavile
|
|win|ForWeLiveToTest
|raw|Ladder updating...
|raw|ForWeLiveToTest's rating: 1619 &rarr; <strong>1633<\/strong><br \/>(+14 for winning)
|raw|I ABR I's rating: 1513 &rarr; <strong>1498<\/strong><br \/>(-15 for losing)
|leave|I ABR I
|player|p2