|join|I ABR I
|join|My jarls
|player|p1|I ABR I|290
|player|p2|My jarls|165
|gametype|singles
|gen|6
|tier|ORAS OU
|rated
|rule|Sleep Clause Mod: Limit one foe put to sleep
|rule|Species Clause: Limit one of each PokÃ©mon
|rule|OHKO Clause: OHKO moves are banned
|rule|Moody Clause: Moody is banned
|rule|Evasion Moves Clause: Evasion moves are banned
|rule|Endless Battle Clause: Forcing endless battles is banned
|rule|HP Percentage Mod: HP is shown in percentages
|clearpoke
|poke|p1|Lopunny, F
|poke|p1|Dragonite, M
|poke|p1|Bisharp, M
|poke|p1|Mew
|poke|p1|Greninja, M
|poke|p1|Talonflame, M
|poke|p2|Greninja, M, shiny
|poke|p2|Ferrothorn, M
|poke|p2|Bisharp, F
|poke|p2|Slowbro, M
|poke|p2|Landorus-Therian, M, shiny
|poke|p2|Magnezone, shiny
|rule|Swagger Clause: Swagger is banned
|rule|Baton Pass Clause: Limit one PokÃ©mon knowing Baton Pass
|teampreview
|
|start
|switch|p1a: Mew|Mew|341\/341
|switch|p2a: Greninja|Greninja, M, shiny|285\/285
|turn|1
|
|move|p2a: Greninja|Dark Pulse|p1a: Mew
|-start|p2a: Greninja|typechange|Dark|[from] Protean
|-supereffective|p1a: Mew
|-damage|p1a: Mew|34\/341
|-damage|p2a: Greninja|257\/285|[from] item: Life Orb
|-enditem|p1a: Mew|Salac Berry|[eat]
|-boost|p1a: Mew|spe|1|[from] item: Salac Berry
|move|p1a: Mew|Stealth Rock|p2a: Greninja
|-sidestart|p2: My jarls|move: Stealth Rock
|
|turn|2
|
|move|p1a: Mew|Explosion|p2a: Greninja
|-damage|p2a: Greninja|0 fnt
|faint|p1a: Mew
|faint|p2a: Greninja
|
|
|switch|p1a: Talonflame|Talonflame, M|319\/319
|switch|p2a: Landorus-Therian|Landorus-Therian, M, shiny|368\/368
|-damage|p2a: Landorus-Therian|322\/368|[from] Stealth Rock
|-ability|p2a: Landorus-Therian|Intimidate|[of] p1a: Talonflame
|-unboost|p1a: Talonflame|atk|1
|turn|3
|
|switch|p1a: Lopunny|Lopunny, F|271\/271
|move|p2a: Landorus-Therian|Stealth Rock|p1a: Lopunny
|-sidestart|p1: I ABR I|move: Stealth Rock
|
|-heal|p2a: Landorus-Therian|345\/368|[from] item: Leftovers
|turn|4
|
|switch|p2a: Slowbro|Slowbro, M|394\/394
|-damage|p2a: Slowbro|345\/394|[from] Stealth Rock
|detailschange|p1a: Lopunny|Lopunny-Mega, F
|message|Lopunny has Mega Evolved into Mega Lopunny!
|move|p1a: Lopunny|Substitute|p1a: Lopunny
|-start|p1a: Lopunny|Substitute
|-damage|p1a: Lopunny|204\/271
|
|turn|5
|
|detailschange|p2a: Slowbro|Slowbro-Mega, M
|message|Slowbro has Mega Evolved into Mega Slowbro!
|move|p1a: Lopunny|Return|p2a: Slowbro
|-damage|p2a: Slowbro|234\/394
|move|p2a: Slowbro|Iron Defense|p2a: Slowbro
|-boost|p2a: Slowbro|def|2
|
|turn|6
|
|move|p1a: Lopunny|Return|p2a: Slowbro
|-damage|p2a: Slowbro|177\/394
|move|p2a: Slowbro|Iron Defense|p2a: Slowbro
|-boost|p2a: Slowbro|def|2
|
|turn|7
|
|move|p1a: Lopunny|Return|p2a: Slowbro
|-damage|p2a: Slowbro|135\/394
|move|p2a: Slowbro|Calm Mind|p2a: Slowbro
|-boost|p2a: Slowbro|spa|1
|-boost|p2a: Slowbro|spd|1
|
|turn|8
|
|move|p1a: Lopunny|Return|p2a: Slowbro
|-damage|p2a: Slowbro|99\/394
|move|p2a: Slowbro|Rest|p2a: Slowbro
|-status|p2a: Slowbro|slp
|-heal|p2a: Slowbro|394\/394 slp|[silent]
|-status|p2a: Slowbro|slp|[from] move: Rest
|
|turn|9
|
|move|p1a: Lopunny|Return|p2a: Slowbro
|-damage|p2a: Slowbro|355\/394 slp
|cant|p2a: Slowbro|slp
|
|turn|10
|
|move|p1a: Lopunny|High Jump Kick|p2a: Slowbro
|-resisted|p2a: Slowbro
|-damage|p2a: Slowbro|333\/394 slp
|cant|p2a: Slowbro|slp
|
|turn|11
|
|move|p1a: Lopunny|High Jump Kick|p2a: Slowbro
|-resisted|p2a: Slowbro
|-damage|p2a: Slowbro|310\/394 slp
|-curestatus|p2a: Slowbro|slp
|move|p2a: Slowbro|Calm Mind|p2a: Slowbro
|-boost|p2a: Slowbro|spa|1
|-boost|p2a: Slowbro|spd|1
|
|turn|12
|
|move|p1a: Lopunny|High Jump Kick|p2a: Slowbro
|-resisted|p2a: Slowbro
|-damage|p2a: Slowbro|288\/394
|move|p2a: Slowbro|Calm Mind|p2a: Slowbro
|-boost|p2a: Slowbro|spa|1
|-boost|p2a: Slowbro|spd|1
|
|turn|13
|
|move|p1a: Lopunny|High Jump Kick|p2a: Slowbro|[miss]
|-miss|p1a: Lopunny|p2a: Slowbro
|-damage|p1a: Lopunny|69\/271|[from] highjumpkick
|move|p2a: Slowbro|Calm Mind|p2a: Slowbro
|-boost|p2a: Slowbro|spa|1
|-boost|p2a: Slowbro|spd|1
|
|turn|14
|
|move|p1a: Lopunny|Return|p2a: Slowbro
|-damage|p2a: Slowbro|248\/394
|move|p2a: Slowbro|Scald|p1a: Lopunny
|-end|p1a: Lopunny|Substitute
|
|turn|15
|
|move|p1a: Lopunny|Substitute|p1a: Lopunny
|-start|p1a: Lopunny|Substitute
|-damage|p1a: Lopunny|2\/271
|move|p2a: Slowbro|Scald|p1a: Lopunny
|-end|p1a: Lopunny|Substitute
|
|turn|16
|
|move|p1a: Lopunny|Endeavor|p2a: Slowbro
|-damage|p2a: Slowbro|2\/394
|move|p2a: Slowbro|Rest|p2a: Slowbro
|-status|p2a: Slowbro|slp
|-heal|p2a: Slowbro|394\/394 slp|[silent]
|-status|p2a: Slowbro|slp|[from] move: Rest
|
|turn|17
|
|move|p1a: Lopunny|Endeavor|p2a: Slowbro
|-damage|p2a: Slowbro|2\/394 slp
|cant|p2a: Slowbro|slp
|
|turn|18
|
|move|p1a: Lopunny|Return|p2a: Slowbro
|-damage|p2a: Slowbro|0 fnt
|faint|p2a: Slowbro
|
|
|switch|p2a: Bisharp|Bisharp, F|271\/271
|-damage|p2a: Bisharp|255\/271|[from] Stealth Rock
|turn|19
|
|move|p2a: Bisharp|Sucker Punch|p1a: Lopunny
|-resisted|p1a: Lopunny
|-damage|p1a: Lopunny|0 fnt
|faint|p1a: Lopunny
|
|c|âMy jarls|didn't see that coming
|
|switch|p1a: Greninja|Greninja, M|285\/285
|-damage|p1a: Greninja|250\/285|[from] Stealth Rock
|turn|20
|
|switch|p2a: Ferrothorn|Ferrothorn, M|352\/352
|-damage|p2a: Ferrothorn|330\/352|[from] Stealth Rock
|move|p1a: Greninja|Hydro Pump|p2a: Ferrothorn
|-start|p1a: Greninja|typechange|Water|[from] Protean
|-resisted|p2a: Ferrothorn
|-damage|p2a: Ferrothorn|238\/352
|-damage|p1a: Greninja|222\/285|[from] item: Life Orb
|
|-heal|p2a: Ferrothorn|260\/352|[from] item: Leftovers
|turn|21
|
|move|p1a: Greninja|Ice Beam|p2a: Ferrothorn
|-start|p1a: Greninja|typechange|Ice|[from] Protean
|-damage|p2a: Ferrothorn|114\/352
|-damage|p1a: Greninja|194\/285|[from] item: Life Orb
|move|p2a: Ferrothorn|Leech Seed|p1a: Greninja
|-start|p1a: Greninja|move: Leech Seed
|
|-heal|p2a: Ferrothorn|136\/352|[from] item: Leftovers
|-damage|p1a: Greninja|159\/285|[from] Leech Seed|[of] p2a: Ferrothorn
|-heal|p2a: Ferrothorn|171\/352|[silent]
|turn|22
|
|move|p1a: Greninja|Ice Beam|p2a: Ferrothorn
|-damage|p2a: Ferrothorn|22\/352
|-damage|p1a: Greninja|131\/285|[from] item: Life Orb
|move|p2a: Ferrothorn|Gyro Ball|p1a: Greninja
|-supereffective|p1a: Greninja
|-damage|p1a: Greninja|0 fnt
|faint|p1a: Greninja
|
|-heal|p2a: Ferrothorn|44\/352|[from] item: Leftovers
|
|switch|p1a: Talonflame|Talonflame, M|319\/319
|-damage|p1a: Talonflame|160\/319|[from] Stealth Rock
|turn|23
|
|move|p1a: Talonflame|Swords Dance|p1a: Talonflame
|-boost|p1a: Talonflame|atk|2
|move|p2a: Ferrothorn|Gyro Ball|p1a: Talonflame
|-resisted|p1a: Talonflame
|-damage|p1a: Talonflame|55\/319
|
|-heal|p2a: Ferrothorn|66\/352|[from] item: Leftovers
|turn|24
|
|move|p1a: Talonflame|Roost|p1a: Talonflame
|-heal|p1a: Talonflame|215\/319
|move|p2a: Ferrothorn|Leech Seed|p1a: Talonflame
|-start|p1a: Talonflame|move: Leech Seed
|
|-heal|p2a: Ferrothorn|88\/352|[from] item: Leftovers
|-damage|p1a: Talonflame|176\/319|[from] Leech Seed|[of] p2a: Ferrothorn
|-heal|p2a: Ferrothorn|127\/352|[silent]
|turn|25
|
|move|p1a: Talonflame|Swords Dance|p1a: Talonflame
|-boost|p1a: Talonflame|atk|2
|move|p2a: Ferrothorn|Gyro Ball|p1a: Talonflame
|-resisted|p1a: Talonflame
|-damage|p1a: Talonflame|71\/319
|
|-heal|p2a: Ferrothorn|149\/352|[from] item: Leftovers
|-damage|p1a: Talonflame|32\/319|[from] Leech Seed|[of] p2a: Ferrothorn
|-heal|p2a: Ferrothorn|188\/352|[silent]
|turn|26
|
|move|p1a: Talonflame|Roost|p1a: Talonflame
|-heal|p1a: Talonflame|192\/319
|move|p2a: Ferrothorn|Gyro Ball|p1a: Talonflame
|-resisted|p1a: Talonflame
|-damage|p1a: Talonflame|89\/319
|
|-heal|p2a: Ferrothorn|210\/352|[from] item: Leftovers
|-damage|p1a: Talonflame|50\/319|[from] Leech Seed|[of] p2a: Ferrothorn
|-heal|p2a: Ferrothorn|249\/352|[silent]
|turn|27
|
|move|p1a: Talonflame|Roost|p1a: Talonflame
|-heal|p1a: Talonflame|210\/319
|move|p2a: Ferrothorn|Gyro Ball|p1a: Talonflame
|-resisted|p1a: Talonflame
|-damage|p1a: Talonflame|99\/319
|
|-heal|p2a: Ferrothorn|271\/352|[from] item: Leftovers
|-damage|p1a: Talonflame|60\/319|[from] Leech Seed|[of] p2a: Ferrothorn
|-heal|p2a: Ferrothorn|310\/352|[silent]
|turn|28
|
|move|p1a: Talonflame|Roost|p1a: Talonflame
|-heal|p1a: Talonflame|220\/319
|move|p2a: Ferrothorn|Gyro Ball|p1a: Talonflame
|-resisted|p1a: Talonflame
|-damage|p1a: Talonflame|111\/319
|
|-heal|p2a: Ferrothorn|332\/352|[from] item: Leftovers
|-damage|p1a: Talonflame|72\/319|[from] Leech Seed|[of] p2a: Ferrothorn
|-heal|p2a: Ferrothorn|352\/352|[silent]
|turn|29
|
|move|p1a: Talonflame|Roost|p1a: Talonflame
|-heal|p1a: Talonflame|232\/319
|move|p2a: Ferrothorn|Gyro Ball|p1a: Talonflame
|-resisted|p1a: Talonflame
|-damage|p1a: Talonflame|125\/319
|
|-damage|p1a: Talonflame|86\/319|[from] Leech Seed|[of] p2a: Ferrothorn
|turn|30
|
|move|p1a: Talonflame|Roost|p1a: Talonflame
|-heal|p1a: Talonflame|246\/319
|move|p2a: Ferrothorn|Spikes|p1a: Talonflame
|-sidestart|p1: I ABR I|Spikes
|
|-damage|p1a: Talonflame|207\/319|[from] Leech Seed|[of] p2a: Ferrothorn
|turn|31
|
|move|p1a: Talonflame|Roost|p1a: Talonflame
|-heal|p1a: Talonflame|319\/319
|move|p2a: Ferrothorn|Spikes|p1a: Talonflame
|-sidestart|p1: I ABR I|Spikes
|
|-damage|p1a: Talonflame|280\/319|[from] Leech Seed|[of] p2a: Ferrothorn
|turn|32
|
|move|p2a: Ferrothorn|Protect|p2a: Ferrothorn
|-singleturn|p2a: Ferrothorn|Protect
|move|p1a: Talonflame|Swords Dance|p1a: Talonflame
|-boost|p1a: Talonflame|atk|2
|
|-damage|p1a: Talonflame|241\/319|[from] Leech Seed|[of] p2a: Ferrothorn
|turn|33
|
|move|p1a: Talonflame|Flare Blitz|p2a: Ferrothorn
|-supereffective|p2a: Ferrothorn
|-damage|p2a: Ferrothorn|0 fnt
|-damage|p1a: Talonflame|202\/319|[from] ability: Iron Barbs|[of] p2a: Ferrothorn
|-damage|p1a: Talonflame|86\/319|[from] recoil|[of] p2a: Ferrothorn
|faint|p2a: Ferrothorn
|
|
|switch|p2a: Bisharp|Bisharp, F|255\/271
|-damage|p2a: Bisharp|239\/271|[from] Stealth Rock
|turn|34
|
|move|p1a: Talonflame|Brave Bird|p2a: Bisharp
|-resisted|p2a: Bisharp
|-damage|p2a: Bisharp|0 fnt
|-damage|p1a: Talonflame|7\/319|[from] recoil|[of] p2a: Bisharp
|faint|p2a: Bisharp
|
|
|switch|p2a: Magnezone|Magnezone, shiny|281\/281
|-damage|p2a: Magnezone|264\/281|[from] Stealth Rock
|turn|35
|
|move|p1a: Talonflame|Brave Bird|p2a: Magnezone
|-resisted|p2a: Magnezone
|-damage|p2a: Magnezone|104\/281
|-damage|p1a: Talonflame|0 fnt|[from] recoil|[of] p2a: Magnezone
|faint|p1a: Talonflame
|move|p2a: Magnezone|Thunderbolt|p1: Talonflame|[notarget]
|-notarget
|
|
|switch|p1a: Bisharp|Bisharp, M|289\/289
|-damage|p1a: Bisharp|271\/289|[from] Stealth Rock
|-damage|p1a: Bisharp|223\/289|[from] Spikes
|turn|36
|
|move|p1a: Bisharp|Sucker Punch|p2a: Magnezone
|-crit|p2a: Magnezone
|-damage|p2a: Magnezone|0 fnt
|faint|p2a: Magnezone
|
|
|switch|p2a: Landorus-Therian|Landorus-Therian, M, shiny|345\/368
|-damage|p2a: Landorus-Therian|299\/368|[from] Stealth Rock
|-ability|p2a: Landorus-Therian|Intimidate|[of] p1a: Bisharp
|-unboost|p1a: Bisharp|atk|1
|-boost|p1a: Bisharp|atk|2|[from] ability: Defiant
|turn|37
|
|move|p1a: Bisharp|Sucker Punch|p2a: Landorus-Therian
|-damage|p2a: Landorus-Therian|0 fnt
|faint|p2a: Landorus-Therian
|
|win|I ABR I
|raw|Ladder updating...
|raw|I ABR I's rating: 1594 &rarr; <strong>1606<\/strong><br \/>(+12 for winning)
|raw|My jarls's rating: 1449 &rarr; <strong>1437<\/strong><br \/>(-12 for losing)
|c|âI ABR I|gg
|c|âMy jarls|gg