|join|lil manaphy
|join|I ABR I
|player|p1|lil manaphy|9
|player|p2|I ABR I|290
|gametype|singles
|gen|6
|tier|ORAS OU
|rated
|rule|Sleep Clause Mod: Limit one foe put to sleep
|rule|Species Clause: Limit one of each PokÃ©mon
|rule|OHKO Clause: OHKO moves are banned
|rule|Moody Clause: Moody is banned
|rule|Evasion Moves Clause: Evasion moves are banned
|rule|Endless Battle Clause: Forcing endless battles is banned
|rule|HP Percentage Mod: HP is shown in percentages
|clearpoke
|poke|p1|Sableye, M
|poke|p1|Tentacruel, F
|poke|p1|Chansey, F
|poke|p1|Rotom-Wash
|poke|p1|Landorus-Therian, M
|poke|p1|Greninja, M
|poke|p2|Lopunny, F
|poke|p2|Dragonite, M
|poke|p2|Bisharp, M
|poke|p2|Mew
|poke|p2|Greninja, M
|poke|p2|Talonflame, M
|rule|Swagger Clause: Swagger is banned
|rule|Baton Pass Clause: Limit one PokÃ©mon knowing Baton Pass
|teampreview
|
|start
|switch|p1a: Landorus-Therian|Landorus-Therian, M|382\/382
|switch|p2a: Mew|Mew|345\/345
|-ability|p1a: Landorus-Therian|Intimidate|[of] p2a: Mew
|-unboost|p2a: Mew|atk|1
|turn|1
|
|move|p2a: Mew|Stealth Rock|p1a: Landorus-Therian
|-sidestart|p1: lil manaphy|move: Stealth Rock
|move|p1a: Landorus-Therian|U-turn|p2a: Mew
|-crit|p2a: Mew
|-supereffective|p2a: Mew
|-damage|p2a: Mew|123\/345
|
|switch|p1a: Tentacruel|Tentacruel, F|361\/361
|-damage|p1a: Tentacruel|316\/361|[from] Stealth Rock
|
|-heal|p1a: Tentacruel|338\/361|[from] item: Black Sludge
|turn|2
|
|switch|p1a: Sableye|Sableye, M|304\/304
|-damage|p1a: Sableye|266\/304|[from] Stealth Rock
|move|p2a: Mew|Explosion|p1a: Sableye
|-immune|p1a: Sableye|[msg]
|faint|p2a: Mew
|
|c|âI ABR I|o yea uk my set
|
|switch|p2a: Talonflame|Talonflame, M|319\/319
|turn|3
|
|switch|p2a: Greninja|Greninja, M|285\/285
|switch|p1a: Rotom-Wash|Rotom-Wash|303\/303
|-damage|p1a: Rotom-Wash|266\/303|[from] Stealth Rock
|
|-heal|p1a: Rotom-Wash|284\/303|[from] item: Leftovers
|turn|4
|join|Alldaalts
|
|move|p2a: Greninja|Hidden Power|p1a: Rotom-Wash
|-start|p2a: Greninja|typechange|Grass|[from] Protean
|-supereffective|p1a: Rotom-Wash
|-damage|p1a: Rotom-Wash|42\/303
|-damage|p2a: Greninja|257\/285|[from] item: Life Orb
|move|p1a: Rotom-Wash|Volt Switch|p2a: Greninja
|-resisted|p2a: Greninja
|-damage|p2a: Greninja|198\/285
|
|switch|p1a: Tentacruel|Tentacruel, F|338\/361
|-damage|p1a: Tentacruel|293\/361|[from] Stealth Rock
|
|-heal|p1a: Tentacruel|315\/361|[from] item: Black Sludge
|turn|5
|c|âI ABR I|here it comes!
|
|move|p2a: Greninja|Hidden Power|p1a: Tentacruel
|-damage|p1a: Tentacruel|236\/361
|-damage|p2a: Greninja|170\/285|[from] item: Life Orb
|move|p1a: Tentacruel|Rapid Spin|p2a: Greninja
|-damage|p2a: Greninja|156\/285
|-sideend|p1: lil manaphy|Stealth Rock|[from] move: Rapid Spin|[of] p1a: Tentacruel
|
|-heal|p1a: Tentacruel|258\/361|[from] item: Black Sludge
|turn|6
|
|switch|p1a: Chansey|Chansey, F|704\/704
|move|p2a: Greninja|Gunk Shot|p1a: Chansey
|-start|p2a: Greninja|typechange|Poison|[from] Protean
|-damage|p1a: Chansey|453\/704
|-damage|p2a: Greninja|128\/285|[from] item: Life Orb
|
|turn|7
|
|switch|p2a: Lopunny|Lopunny, F|271\/271
|move|p1a: Chansey|Soft-Boiled|p1a: Chansey
|-heal|p1a: Chansey|704\/704
|
|turn|8
|
|switch|p1a: Landorus-Therian|Landorus-Therian, M|382\/382
|-ability|p1a: Landorus-Therian|Intimidate|[of] p2a: Lopunny
|-unboost|p2a: Lopunny|atk|1
|detailschange|p2a: Lopunny|Lopunny-Mega, F
|message|Lopunny has Mega Evolved into Mega Lopunny!
|move|p2a: Lopunny|Return|p1a: Landorus-Therian
|-damage|p1a: Landorus-Therian|280\/382
|
|-heal|p1a: Landorus-Therian|303\/382|[from] item: Leftovers
|turn|9
|
|move|p2a: Lopunny|Return|p1a: Landorus-Therian
|-damage|p1a: Landorus-Therian|212\/382
|move|p1a: Landorus-Therian|Stealth Rock|p2a: Lopunny
|-sidestart|p2: I ABR I|move: Stealth Rock
|
|-heal|p1a: Landorus-Therian|235\/382|[from] item: Leftovers
|turn|10
|
|move|p2a: Lopunny|Return|p1a: Landorus-Therian
|-damage|p1a: Landorus-Therian|132\/382
|move|p1a: Landorus-Therian|Earthquake|p2a: Lopunny
|-damage|p2a: Lopunny|91\/271
|
|-heal|p1a: Landorus-Therian|155\/382|[from] item: Leftovers
|turn|11
|
|move|p2a: Lopunny|Return|p1a: Landorus-Therian
|-damage|p1a: Landorus-Therian|52\/382
|move|p1a: Landorus-Therian|Earthquake|p2a: Lopunny
|-damage|p2a: Lopunny|0 fnt
|faint|p2a: Lopunny
|
|-heal|p1a: Landorus-Therian|75\/382|[from] item: Leftovers
|
|switch|p2a: Greninja|Greninja, M|128\/285
|-damage|p2a: Greninja|93\/285|[from] Stealth Rock
|turn|12
|
|switch|p1a: Tentacruel|Tentacruel, F|258\/361
|move|p2a: Greninja|Hidden Power|p1a: Tentacruel
|-start|p2a: Greninja|typechange|Grass|[from] Protean
|-damage|p1a: Tentacruel|176\/361
|-damage|p2a: Greninja|65\/285|[from] item: Life Orb
|
|-heal|p1a: Tentacruel|198\/361|[from] item: Black Sludge
|turn|13
|
|move|p2a: Greninja|Ice Beam|p1a: Tentacruel
|-start|p2a: Greninja|typechange|Ice|[from] Protean
|-resisted|p1a: Tentacruel
|-damage|p1a: Tentacruel|142\/361
|-damage|p2a: Greninja|37\/285|[from] item: Life Orb
|move|p1a: Tentacruel|Knock Off|p2a: Greninja
|-damage|p2a: Greninja|0 fnt
|-enditem|p2a: Greninja|Life Orb|[from] move: Knock Off|[of] p1a: Tentacruel
|faint|p2a: Greninja
|
|-heal|p1a: Tentacruel|164\/361|[from] item: Black Sludge
|
|switch|p2a: Dragonite|Dragonite, M|323\/323
|-damage|p2a: Dragonite|243\/323|[from] Stealth Rock
|turn|14
|
|move|p2a: Dragonite|Earthquake|p1a: Tentacruel
|-supereffective|p1a: Tentacruel
|-damage|p1a: Tentacruel|0 fnt
|faint|p1a: Tentacruel
|
|
|switch|p1a: Rotom-Wash|Rotom-Wash|42\/303
|turn|15
|
|move|p2a: Dragonite|Extreme Speed|p1a: Rotom-Wash
|-damage|p1a: Rotom-Wash|0 fnt
|faint|p1a: Rotom-Wash
|
|
|switch|p1a: Greninja|Greninja, M|285\/285
|turn|16
|
|switch|p2a: Bisharp|Bisharp, M|289\/289
|-damage|p2a: Bisharp|271\/289|[from] Stealth Rock
|move|p1a: Greninja|Ice Beam|p2a: Bisharp
|-start|p1a: Greninja|typechange|Ice|[from] Protean
|-crit|p2a: Bisharp
|-resisted|p2a: Bisharp
|-damage|p2a: Bisharp|112\/289
|-damage|p1a: Greninja|257\/285|[from] item: Life Orb
|
|turn|17
|
|move|p2a: Bisharp|Sucker Punch|p1a: Greninja
|-damage|p1a: Greninja|5\/285
|move|p1a: Greninja|Ice Beam|p2a: Bisharp
|-resisted|p2a: Bisharp
|-damage|p2a: Bisharp|3\/289
|-damage|p1a: Greninja|0 fnt|[from] item: Life Orb
|faint|p1a: Greninja
|
|
|switch|p1a: Sableye|Sableye, M|266\/304
|turn|18
|
|move|p1a: Sableye|Will-O-Wisp|p2a: Bisharp
|-status|p2a: Bisharp|brn
|move|p2a: Bisharp|Iron Head|p1a: Sableye
|-crit|p1a: Sableye
|-damage|p1a: Sableye|173\/304
|
|-damage|p2a: Bisharp|0 fnt|[from] brn
|faint|p2a: Bisharp
|
|switch|p2a: Talonflame|Talonflame, M|319\/319
|-damage|p2a: Talonflame|160\/319|[from] Stealth Rock
|turn|19
|
|detailschange|p1a: Sableye|Sableye-Mega, M
|message|Sableye has Mega Evolved into Mega Sableye!
|move|p2a: Talonflame|Swords Dance|p2a: Talonflame
|-boost|p2a: Talonflame|atk|2
|move|p1a: Sableye|Shadow Ball|p2a: Talonflame
|-damage|p2a: Talonflame|40\/319
|
|turn|20
|
|move|p2a: Talonflame|Roost|p2a: Talonflame
|-heal|p2a: Talonflame|200\/319
|move|p1a: Sableye|Shadow Ball|p2a: Talonflame
|-damage|p2a: Talonflame|82\/319
|
|turn|21
|
|move|p2a: Talonflame|Roost|p2a: Talonflame
|-heal|p2a: Talonflame|242\/319
|move|p1a: Sableye|Shadow Ball|p2a: Talonflame
|-damage|p2a: Talonflame|139\/319
|
|turn|22
|
|switch|p1a: Chansey|Chansey, F|704\/704
|move|p2a: Talonflame|Roost|p2a: Talonflame
|-heal|p2a: Talonflame|299\/319
|
|turn|23
|
|move|p2a: Talonflame|Swords Dance|p2a: Talonflame
|-boost|p2a: Talonflame|atk|2
|move|p1a: Chansey|Seismic Toss|p2a: Talonflame
|-damage|p2a: Talonflame|199\/319
|
|turn|24
|
|move|p2a: Talonflame|Swords Dance|p2a: Talonflame
|-boost|p2a: Talonflame|atk|2
|move|p1a: Chansey|Seismic Toss|p2a: Talonflame
|-damage|p2a: Talonflame|99\/319
|
|turn|25
|
|move|p2a: Talonflame|Roost|p2a: Talonflame
|-heal|p2a: Talonflame|259\/319
|move|p1a: Chansey|Seismic Toss|p2a: Talonflame
|-damage|p2a: Talonflame|159\/319
|
|turn|26
|
|move|p2a: Talonflame|Roost|p2a: Talonflame
|-heal|p2a: Talonflame|319\/319
|move|p1a: Chansey|Seismic Toss|p2a: Talonflame
|-damage|p2a: Talonflame|219\/319
|
|turn|27
|
|move|p2a: Talonflame|Swords Dance|p2a: Talonflame
|-fail|p2a: Talonflame
|move|p1a: Chansey|Seismic Toss|p2a: Talonflame
|-damage|p2a: Talonflame|119\/319
|
|turn|28
|
|move|p2a: Talonflame|Roost|p2a: Talonflame
|-heal|p2a: Talonflame|279\/319
|move|p1a: Chansey|Seismic Toss|p2a: Talonflame
|-damage|p2a: Talonflame|179\/319
|
|turn|29
|
|move|p2a: Talonflame|Roost|p2a: Talonflame
|-heal|p2a: Talonflame|319\/319
|move|p1a: Chansey|Seismic Toss|p2a: Talonflame
|-damage|p2a: Talonflame|219\/319
|
|turn|30
|
|move|p2a: Talonflame|Brave Bird|p1a: Chansey
|-damage|p1a: Chansey|0 fnt
|-damage|p2a: Talonflame|0 fnt|[from] recoil|[of] p1a: Chansey
|faint|p1a: Chansey
|faint|p2a: Talonflame
|
|c|âI ABR I|i hate how that works lol
|
|switch|p2a: Dragonite|Dragonite, M|243\/323
|-damage|p2a: Dragonite|163\/323|[from] Stealth Rock
|switch|p1a: Landorus-Therian|Landorus-Therian, M|75\/382
|-ability|p1a: Landorus-Therian|Intimidate|[of] p2a: Dragonite
|-unboost|p2a: Dragonite|atk|1
|turn|31
|
|move|p2a: Dragonite|Dragon Dance|p2a: Dragonite
|-boost|p2a: Dragonite|atk|1
|-boost|p2a: Dragonite|spe|1
|move|p1a: Landorus-Therian|Stone Edge|p2a: Dragonite|[miss]
|-miss|p1a: Landorus-Therian|p2a: Dragonite
|
|-heal|p1a: Landorus-Therian|98\/382|[from] item: Leftovers
|turn|32
|c|âI ABR I|miss
|c|âlil manaphy|can you not get lucky for once
|
|move|p2a: Dragonite|Outrage|p1a: Landorus-Therian
|-damage|p1a: Landorus-Therian|0 fnt
|faint|p1a: Landorus-Therian
|
|
|switch|p1a: Sableye|Sableye-Mega, M|173\/304
|turn|33
|
|move|p2a: Dragonite|Outrage|p1a: Sableye
|-damage|p1a: Sableye|14\/304
|move|p1a: Sableye|Recover|p1a: Sableye
|-heal|p1a: Sableye|166\/304
|
|-end|p2a: Dragonite|rampage
|-start|p2a: Dragonite|confusion
|-enditem|p2a: Dragonite|Lum Berry|[eat]
|-end|p2a: Dragonite|confusion
|turn|34
|c|âI ABR I|cmon
|c|âI ABR I|high roll
|
|move|p2a: Dragonite|Outrage|p1a: Sableye
|-damage|p1a: Sableye|16\/304
|move|p1a: Sableye|Recover|p1a: Sableye
|-heal|p1a: Sableye|168\/304
|
|turn|35
|
|move|p2a: Dragonite|Outrage|p1a: Sableye
|-damage|p1a: Sableye|9\/304
|move|p1a: Sableye|Recover|p1a: Sableye
|-heal|p1a: Sableye|161\/304
|
|turn|36
|c|âI ABR I|cmon
|c|âI ABR I|also where else did i get lucky
|
|move|p2a: Dragonite|Outrage|p1a: Sableye
|-damage|p1a: Sableye|17\/304
|move|p1a: Sableye|Recover|p1a: Sableye
|-heal|p1a: Sableye|169\/304
|
|-end|p2a: Dragonite|rampage
|-start|p2a: Dragonite|confusion
|turn|37
|c|âI ABR I|damn
|c|âI ABR I|fuck u dnite
|
|-activate|p2a: Dragonite|confusion
|move|p2a: Dragonite|Outrage|p1a: Sableye
|-damage|p1a: Sableye|19\/304
|move|p1a: Sableye|Recover|p1a: Sableye
|-heal|p1a: Sableye|171\/304
|
|turn|38
|
|-end|p2a: Dragonite|confusion
|move|p2a: Dragonite|Outrage|p1a: Sableye
|-damage|p1a: Sableye|24\/304
|move|p1a: Sableye|Recover|p1a: Sableye
|-heal|p1a: Sableye|176\/304
|
|-end|p2a: Dragonite|rampage
|-start|p2a: Dragonite|confusion
|turn|39
|
|-activate|p2a: Dragonite|confusion
|-damage|p2a: Dragonite|110\/323|[from] confusion
|move|p1a: Sableye|Recover|p1a: Sableye
|-heal|p1a: Sableye|304\/304
|
|turn|40
|
|-end|p2a: Dragonite|confusion
|move|p2a: Dragonite|Dragon Dance|p2a: Dragonite
|-boost|p2a: Dragonite|atk|1
|-boost|p2a: Dragonite|spe|1
|move|p1a: Sableye|Will-O-Wisp|p2a: Dragonite
|-status|p2a: Dragonite|brn
|
|-damage|p2a: Dragonite|70\/323 brn|[from] brn
|turn|41
|c|âlil manaphy|finally
|c|âlil manaphy|gg
|c|âI ABR I|gg
|
|move|p2a: Dragonite|Outrage|p1a: Sableye
|-damage|p1a: Sableye|201\/304
|move|p1a: Sableye|Shadow Ball|p2a: Dragonite
|-damage|p2a: Dragonite|0 fnt
|faint|p2a: Dragonite
|
|win|lil manaphy
|raw|Ladder updating...
|leave|I ABR I
|player|p2
|raw|Ladder (probably) updated, but score could not be retrieved (timeout).
|raw|Ladder (probably) updated, but score could not be retrieved (Error: socket hang up).