|join|lil manaphy
|join|I ABR I
|player|p1|lil manaphy|9
|player|p2|I ABR I|290
|gametype|singles
|gen|6
|tier|ORAS OU
|rule|Sleep Clause Mod: Limit one foe put to sleep
|rule|Species Clause: Limit one of each PokÃ©mon
|rule|OHKO Clause: OHKO moves are banned
|rule|Moody Clause: Moody is banned
|rule|Evasion Moves Clause: Evasion moves are banned
|rule|Endless Battle Clause: Forcing endless battles is banned
|rule|HP Percentage Mod: HP is shown in percentages
|clearpoke
|poke|p1|Sableye, F
|poke|p1|Tentacruel, M
|poke|p1|Chansey, F
|poke|p1|Rotom-Wash
|poke|p1|Landorus-Therian, M
|poke|p1|Greninja, M
|poke|p2|Lopunny, F
|poke|p2|Dragonite, M
|poke|p2|Bisharp, M
|poke|p2|Mew
|poke|p2|Greninja, M
|poke|p2|Talonflame, M
|rule|Swagger Clause: Swagger is banned
|rule|Baton Pass Clause: Limit one PokÃ©mon knowing Baton Pass
|teampreview
|c|âI ABR I|hmm
|c|âI ABR I|interesting
|c|âlil manaphy|this isnt even full stall
|c|âI ABR I|yea its not
|c|âlil manaphy|im just working with chans\/sabl\/tenta
|
|start
|switch|p1a: Landorus-Therian|Landorus-Therian, M|382\/382
|switch|p2a: Mew|Mew|345\/345
|-ability|p1a: Landorus-Therian|Intimidate|[of] p2a: Mew
|-unboost|p2a: Mew|atk|1
|turn|1
|
|move|p2a: Mew|Stealth Rock|p1a: Landorus-Therian
|-sidestart|p1: lil manaphy|move: Stealth Rock
|move|p1a: Landorus-Therian|U-turn|p2a: Mew
|-supereffective|p2a: Mew
|-damage|p2a: Mew|181\/345
|
|switch|p1a: Sableye|Sableye, F|304\/304
|-damage|p1a: Sableye|266\/304|[from] Stealth Rock
|
|turn|2
|
|switch|p2a: Talonflame|Talonflame, M|319\/319
|detailschange|p1a: Sableye|Sableye-Mega, F
|message|Sableye has Mega Evolved into Mega Sableye!
|move|p1a: Sableye|Shadow Ball|p2a: Talonflame
|-damage|p2a: Talonflame|199\/319
|
|turn|3
|
|move|p2a: Talonflame|Swords Dance|p2a: Talonflame
|-boost|p2a: Talonflame|atk|2
|move|p1a: Sableye|Recover|p1a: Sableye
|-heal|p1a: Sableye|304\/304
|
|turn|4
|
|switch|p1a: Rotom-Wash|Rotom-Wash|304\/304
|-damage|p1a: Rotom-Wash|266\/304|[from] Stealth Rock
|move|p2a: Talonflame|Swords Dance|p2a: Talonflame
|-boost|p2a: Talonflame|atk|2
|
|-heal|p1a: Rotom-Wash|285\/304|[from] item: Leftovers
|turn|5
|
|move|p2a: Talonflame|Brave Bird|p1a: Rotom-Wash
|-resisted|p1a: Rotom-Wash
|-damage|p1a: Rotom-Wash|88\/304
|-damage|p2a: Talonflame|134\/319|[from] recoil|[of] p1a: Rotom-Wash
|move|p1a: Rotom-Wash|Volt Switch|p2a: Talonflame
|-supereffective|p2a: Talonflame
|-damage|p2a: Talonflame|0 fnt
|faint|p2a: Talonflame
|
|switch|p1a: Landorus-Therian|Landorus-Therian, M|382\/382
|-damage|p1a: Landorus-Therian|335\/382|[from] Stealth Rock
|
|-heal|p1a: Landorus-Therian|358\/382|[from] item: Leftovers
|
|switch|p2a: Greninja|Greninja, M|285\/285
|turn|6
|
|switch|p2a: Mew|Mew|181\/345
|switch|p1a: Tentacruel|Tentacruel, M|364\/364
|-damage|p1a: Tentacruel|319\/364|[from] Stealth Rock
|
|-heal|p1a: Tentacruel|341\/364|[from] item: Black Sludge
|turn|7
|join|Gizmo $_$
|
|move|p2a: Mew|Explosion|p1a: Tentacruel
|-damage|p1a: Tentacruel|14\/364
|faint|p2a: Mew
|move|p1a: Tentacruel|Rapid Spin|p2: Mew|[notarget]
|-notarget
|
|-heal|p1a: Tentacruel|36\/364|[from] item: Black Sludge
|join|Ox the Fox
|c|âI ABR I|nice
|c| Gizmo $_$|where's the normal gem
|c|âI ABR I|n
|c|âI ABR I|salac
|
|switch|p2a: Lopunny|Lopunny, F|271\/271
|turn|8
|
|detailschange|p2a: Lopunny|Lopunny-Mega, F
|message|Lopunny has Mega Evolved into Mega Lopunny!
|move|p2a: Lopunny|Return|p1a: Tentacruel
|-damage|p1a: Tentacruel|0 fnt
|faint|p1a: Tentacruel
|
|
|switch|p1a: Landorus-Therian|Landorus-Therian, M|358\/382
|-damage|p1a: Landorus-Therian|311\/382|[from] Stealth Rock
|-ability|p1a: Landorus-Therian|Intimidate|[of] p2a: Lopunny
|-unboost|p2a: Lopunny|atk|1
|turn|9
|
|move|p2a: Lopunny|Substitute|p2a: Lopunny
|-start|p2a: Lopunny|Substitute
|-damage|p2a: Lopunny|204\/271
|move|p1a: Landorus-Therian|Earthquake|p2a: Lopunny
|-end|p2a: Lopunny|Substitute
|
|-heal|p1a: Landorus-Therian|334\/382|[from] item: Leftovers
|turn|10
|
|switch|p2a: Greninja|Greninja, M|285\/285
|move|p1a: Landorus-Therian|Stealth Rock|p2a: Greninja
|-sidestart|p2: I ABR I|move: Stealth Rock
|
|-heal|p1a: Landorus-Therian|357\/382|[from] item: Leftovers
|turn|11
|
|switch|p2a: Lopunny|Lopunny-Mega, F|204\/271
|-damage|p2a: Lopunny|188\/271|[from] Stealth Rock
|switch|p1a: Rotom-Wash|Rotom-Wash|88\/304
|-damage|p1a: Rotom-Wash|50\/304|[from] Stealth Rock
|
|-heal|p1a: Rotom-Wash|69\/304|[from] item: Leftovers
|turn|12
|
|switch|p1a: Landorus-Therian|Landorus-Therian, M|357\/382
|-damage|p1a: Landorus-Therian|310\/382|[from] Stealth Rock
|-ability|p1a: Landorus-Therian|Intimidate|[of] p2a: Lopunny
|-unboost|p2a: Lopunny|atk|1
|move|p2a: Lopunny|Return|p1a: Landorus-Therian
|-damage|p1a: Landorus-Therian|216\/382
|
|-heal|p1a: Landorus-Therian|239\/382|[from] item: Leftovers
|turn|13
|
|switch|p2a: Bisharp|Bisharp, M|289\/289
|-damage|p2a: Bisharp|271\/289|[from] Stealth Rock
|move|p1a: Landorus-Therian|Earthquake|p2a: Bisharp
|-crit|p2a: Bisharp
|-supereffective|p2a: Bisharp
|-damage|p2a: Bisharp|0 fnt
|faint|p2a: Bisharp
|
|-heal|p1a: Landorus-Therian|262\/382|[from] item: Leftovers
|
|switch|p2a: Greninja|Greninja, M|285\/285
|-damage|p2a: Greninja|250\/285|[from] Stealth Rock
|turn|14
|
|switch|p1a: Chansey|Chansey, F|704\/704
|-damage|p1a: Chansey|616\/704|[from] Stealth Rock
|move|p2a: Greninja|Ice Beam|p1a: Chansey
|-start|p2a: Greninja|typechange|Ice|[from] Protean
|-damage|p1a: Chansey|506\/704
|-damage|p2a: Greninja|222\/285|[from] item: Life Orb
|
|turn|15
|
|move|p2a: Greninja|Gunk Shot|p1a: Chansey
|-start|p2a: Greninja|typechange|Poison|[from] Protean
|-damage|p1a: Chansey|284\/704
|-damage|p2a: Greninja|194\/285|[from] item: Life Orb
|move|p1a: Chansey|Toxic|p2a: Greninja
|-fail|p2a: Greninja
|
|turn|16
|
|switch|p2a: Lopunny|Lopunny-Mega, F|188\/271
|-damage|p2a: Lopunny|172\/271|[from] Stealth Rock
|move|p1a: Chansey|Soft-Boiled|p1a: Chansey
|-heal|p1a: Chansey|636\/704
|
|turn|17
|
|switch|p1a: Landorus-Therian|Landorus-Therian, M|262\/382
|-damage|p1a: Landorus-Therian|215\/382|[from] Stealth Rock
|-ability|p1a: Landorus-Therian|Intimidate|[of] p2a: Lopunny
|-unboost|p2a: Lopunny|atk|1
|move|p2a: Lopunny|Substitute|p2a: Lopunny
|-start|p2a: Lopunny|Substitute
|-damage|p2a: Lopunny|105\/271
|
|-heal|p1a: Landorus-Therian|238\/382|[from] item: Leftovers
|turn|18
|
|move|p2a: Lopunny|Return|p1a: Landorus-Therian
|-damage|p1a: Landorus-Therian|147\/382
|move|p1a: Landorus-Therian|Earthquake|p2a: Lopunny
|-end|p2a: Lopunny|Substitute
|
|-heal|p1a: Landorus-Therian|170\/382|[from] item: Leftovers
|turn|19
|
|move|p2a: Lopunny|Substitute|p2a: Lopunny
|-start|p2a: Lopunny|Substitute
|-damage|p2a: Lopunny|38\/271
|move|p1a: Landorus-Therian|Earthquake|p2a: Lopunny
|-end|p2a: Lopunny|Substitute
|
|-heal|p1a: Landorus-Therian|193\/382|[from] item: Leftovers
|turn|20
|
|move|p2a: Lopunny|Endeavor|p1a: Landorus-Therian
|-damage|p1a: Landorus-Therian|38\/382
|move|p1a: Landorus-Therian|Earthquake|p2a: Lopunny
|-damage|p2a: Lopunny|0 fnt
|faint|p2a: Lopunny
|
|-heal|p1a: Landorus-Therian|61\/382|[from] item: Leftovers
|
|switch|p2a: Greninja|Greninja, M|194\/285
|-damage|p2a: Greninja|159\/285|[from] Stealth Rock
|turn|21
|
|switch|p1a: Rotom-Wash|Rotom-Wash|69\/304
|-damage|p1a: Rotom-Wash|31\/304|[from] Stealth Rock
|move|p2a: Greninja|Ice Beam|p1a: Rotom-Wash
|-start|p2a: Greninja|typechange|Ice|[from] Protean
|-resisted|p1a: Rotom-Wash
|-damage|p1a: Rotom-Wash|0 fnt
|-damage|p2a: Greninja|131\/285|[from] item: Life Orb
|faint|p1a: Rotom-Wash
|
|
|switch|p1a: Chansey|Chansey, F|636\/704
|-damage|p1a: Chansey|548\/704|[from] Stealth Rock
|turn|22
|
|move|p2a: Greninja|Gunk Shot|p1a: Chansey
|-start|p2a: Greninja|typechange|Poison|[from] Protean
|-damage|p1a: Chansey|305\/704
|-damage|p2a: Greninja|103\/285|[from] item: Life Orb
|move|p1a: Chansey|Seismic Toss|p2a: Greninja
|-damage|p2a: Greninja|3\/285
|
|turn|23
|
|move|p2a: Greninja|Gunk Shot|p1a: Chansey
|-damage|p1a: Chansey|75\/704
|-damage|p2a: Greninja|0 fnt|[from] item: Life Orb
|faint|p2a: Greninja
|move|p1a: Chansey|Soft-Boiled|p1a: Chansey
|-heal|p1a: Chansey|427\/704
|
|
|switch|p2a: Dragonite|Dragonite, M|323\/323
|-damage|p2a: Dragonite|243\/323|[from] Stealth Rock
|turn|24
|
|move|p2a: Dragonite|Dragon Dance|p2a: Dragonite
|-boost|p2a: Dragonite|atk|1
|-boost|p2a: Dragonite|spe|1
|move|p1a: Chansey|Toxic|p2a: Dragonite
|-status|p2a: Dragonite|tox
|-enditem|p2a: Dragonite|Lum Berry|[eat]
|-curestatus|p2a: Dragonite|tox
|
|turn|25
|
|move|p2a: Dragonite|Outrage|p1a: Chansey
|-damage|p1a: Chansey|0 fnt
|faint|p1a: Chansey
|
|
|switch|p1a: Landorus-Therian|Landorus-Therian, M|61\/382
|-damage|p1a: Landorus-Therian|14\/382|[from] Stealth Rock
|-ability|p1a: Landorus-Therian|Intimidate|[of] p2a: Dragonite
|-unboost|p2a: Dragonite|atk|1
|turn|26
|
|move|p2a: Dragonite|Outrage|p1a: Landorus-Therian
|-damage|p1a: Landorus-Therian|0 fnt
|faint|p1a: Landorus-Therian
|
|
|switch|p1a: Sableye|Sableye-Mega, F|304\/304
|-damage|p1a: Sableye|266\/304|[from] Stealth Rock
|turn|27
|
|move|p2a: Dragonite|Outrage|p1a: Sableye
|-damage|p1a: Sableye|115\/304
|move|p1a: Sableye|Will-O-Wisp|p2a: Dragonite
|-status|p2a: Dragonite|brn
|
|-end|p2a: Dragonite|rampage
|-start|p2a: Dragonite|confusion
|-damage|p2a: Dragonite|203\/323 brn|[from] brn
|turn|28
|c|âI ABR I|gg
|join|Too much swog
|
|-activate|p2a: Dragonite|confusion
|move|p2a: Dragonite|Dragon Dance|p2a: Dragonite
|-boost|p2a: Dragonite|atk|1
|-boost|p2a: Dragonite|spe|1
|move|p1a: Sableye|Recover|p1a: Sableye
|-heal|p1a: Sableye|267\/304
|
|-damage|p2a: Dragonite|163\/323 brn|[from] brn
|turn|29
|c|âlil manaphy|gg
|leave|Too much swog
|
|-activate|p2a: Dragonite|confusion
|move|p2a: Dragonite|Outrage|p1a: Sableye
|-damage|p1a: Sableye|162\/304
|move|p1a: Sableye|Recover|p1a: Sableye
|-heal|p1a: Sableye|304\/304
|
|-damage|p2a: Dragonite|123\/323 brn|[from] brn
|turn|30
|leave|I ABR I
|player|p2
|join|Voltage
|leave|Gizmo $_$
|leave|Voltage
|-message|Player 2 lost due to inactivity.
|
|win|lil manaphy
|leave|Ox the Fox