|join|I ABR I
|join|Dildo Delivery
|player|p1|I ABR I|290
|player|p2|Dildo Delivery|21
|gametype|singles
|gen|6
|tier|ORAS OU
|rated
|rule|Sleep Clause Mod: Limit one foe put to sleep
|rule|Species Clause: Limit one of each PokÃ©mon
|rule|OHKO Clause: OHKO moves are banned
|rule|Moody Clause: Moody is banned
|rule|Evasion Moves Clause: Evasion moves are banned
|rule|Endless Battle Clause: Forcing endless battles is banned
|rule|HP Percentage Mod: HP is shown in percentages
|clearpoke
|poke|p1|Lopunny, F
|poke|p1|Dragonite, M
|poke|p1|Bisharp, M
|poke|p1|Excadrill, M
|poke|p1|Greninja, M
|poke|p1|Talonflame, M
|poke|p2|Sableye, M
|poke|p2|Chansey, F
|poke|p2|Clefable, M
|poke|p2|Skarmory, F
|poke|p2|Cresselia, F
|poke|p2|Keldeo
|rule|Swagger Clause: Swagger is banned
|rule|Baton Pass Clause: Limit one PokÃ©mon knowing Baton Pass
|teampreview
|
|start
|switch|p1a: Lopunny|Lopunny, F|271\/271
|switch|p2a: Sableye|Sableye, M|304\/304
|turn|1
|join|iplaytennislol
|
|switch|p1a: Talonflame|Talonflame, M|319\/319
|switch|p2a: Cresselia|Cresselia, F|444\/444
|
|turn|2
|join|Dread Arceus
|c| iplaytennislol|\/me just got aids
|join|Squirrelll
|join|rekt.org
|leave|rekt.org
|join|The Goomy
|join|dash dot
|leave|The Goomy
|join|The Goomy
|join|QueenOfLuvdiscs
|
|switch|p1a: Excadrill|Excadrill, M|361\/361
|-ability|p1a: Excadrill|Mold Breaker
|move|p2a: Cresselia|Ice Beam|p1a: Excadrill
|-damage|p1a: Excadrill|284\/361
|
|turn|3
|c| iplaytennislol|defensive keldo y\/y
|
|move|p1a: Excadrill|Stealth Rock|p2a: Cresselia
|-sidestart|p2: Dildo Delivery|move: Stealth Rock
|move|p2a: Cresselia|Calm Mind|p2a: Cresselia
|-boost|p2a: Cresselia|spa|1
|-boost|p2a: Cresselia|spd|1
|
|turn|4
|
|switch|p1a: Bisharp|Bisharp, M|289\/289
|move|p2a: Cresselia|Ice Beam|p1a: Bisharp
|-resisted|p1a: Bisharp
|-damage|p1a: Bisharp|237\/289
|
|turn|5
|
|move|p1a: Bisharp|Pursuit|p2a: Cresselia|[from]Pursuit
|-supereffective|p2a: Cresselia
|-damage|p2a: Cresselia|190\/444
|switch|p2a: Skarmory|Skarmory, F|334\/334
|-damage|p2a: Skarmory|293\/334|[from] Stealth Rock
|
|turn|6
|c|âI ABR I|0
|join|rekt.org
|
|move|p1a: Bisharp|Knock Off|p2a: Skarmory
|-damage|p2a: Skarmory|163\/334
|-enditem|p2a: Skarmory|Shed Shell|[from] move: Knock Off|[of] p1a: Bisharp
|move|p2a: Skarmory|Stealth Rock|p1a: Bisharp
|-sidestart|p1: I ABR I|move: Stealth Rock
|
|turn|7
|c| Dread Arceus|hold up
|c| Squirrelll|wheres the hp fight cress?
|
|switch|p1a: Lopunny|Lopunny, F|271\/271
|-damage|p1a: Lopunny|238\/271|[from] Stealth Rock
|move|p2a: Skarmory|Whirlwind|p1a: Lopunny
|drag|p1a: Excadrill|Excadrill, M|284\/361
|-damage|p1a: Excadrill|273\/361|[from] Stealth Rock
|-ability|p1a: Excadrill|Mold Breaker
|
|turn|8
|c| Dread Arceus|you're playing dildo delivery
|c| Dread Arceus|...you're playing dildo delivery
|join|Kiyo
|
|move|p1a: Excadrill|Earthquake|p2a: Skarmory
|-immune|p2a: Skarmory|[msg]
|move|p2a: Skarmory|Roost|p2a: Skarmory
|-heal|p2a: Skarmory|330\/334
|
|turn|9
|c| iplaytennislol|lolol
|c| Dread Arceus|nice
|leave|dash dot
|c| iplaytennislol|kiyo
|c| Kiyo|tennis shouldnt u be training for nu
|c| iplaytennislol|join call horse
|c| iplaytennislol|-
|c| Kiyo|didnt u fucking listen
|
|move|p1a: Excadrill|Rapid Spin|p2a: Skarmory
|-resisted|p2a: Skarmory
|-damage|p2a: Skarmory|323\/334
|-sideend|p1: I ABR I|Stealth Rock|[from] move: Rapid Spin|[of] p1a: Excadrill
|move|p2a: Skarmory|Defog|p1a: Excadrill
|-unboost|p1a: Excadrill|evasion|1
|-sideend|p2: Dildo Delivery|Stealth Rock|[from] move: Defog|[of] p2a: Skarmory
|
|turn|10
|c| iplaytennislol|im #1 again
|c| Kiyo|didn't ask
|c| iplaytennislol|beytoch
|
|switch|p2a: Keldeo|Keldeo|323\/323
|move|p1a: Excadrill|Stealth Rock|p2a: Keldeo
|-sidestart|p2: Dildo Delivery|move: Stealth Rock
|
|turn|11
|c| Kiyo|act like i wont take it back
|c| Kiyo|right now
|c| iplaytennislol|-
|c| iplaytennislol|nigga pls
|leave|iplaytennislol
|
|move|p2a: Keldeo|Hydro Pump|p1a: Excadrill
|-supereffective|p1a: Excadrill
|-damage|p1a: Excadrill|0 fnt
|faint|p1a: Excadrill
|
|leave|Kiyo
|leave|rekt.org
|
|switch|p1a: Talonflame|Talonflame, M|319\/319
|turn|12
|join|iplaytennislol
|
|move|p1a: Talonflame|Swords Dance|p1a: Talonflame
|-boost|p1a: Talonflame|atk|2
|move|p2a: Keldeo|Hydro Pump|p1a: Talonflame
|-supereffective|p1a: Talonflame
|-damage|p1a: Talonflame|0 fnt
|faint|p1a: Talonflame
|
|leave|iplaytennislol
|
|switch|p1a: Dragonite|Dragonite, M|323\/323
|turn|13
|
|move|p2a: Keldeo|Icy Wind|p1a: Dragonite
|-supereffective|p1a: Dragonite
|-damage|p1a: Dragonite|199\/323
|-unboost|p1a: Dragonite|spe|1
|move|p1a: Dragonite|Dragon Dance|p1a: Dragonite
|-boost|p1a: Dragonite|atk|1
|-boost|p1a: Dragonite|spe|1
|
|turn|14
|
|move|p1a: Dragonite|Extreme Speed|p2a: Keldeo
|-damage|p2a: Keldeo|150\/323
|move|p2a: Keldeo|Icy Wind|p1a: Dragonite
|-crit|p1a: Dragonite
|-supereffective|p1a: Dragonite
|-damage|p1a: Dragonite|0 fnt
|faint|p1a: Dragonite
|
|-heal|p2a: Keldeo|170\/323|[from] item: Leftovers
|
|switch|p1a: Lopunny|Lopunny, F|238\/271
|turn|15
|
|switch|p2a: Skarmory|Skarmory, F|323\/334
|-damage|p2a: Skarmory|282\/334|[from] Stealth Rock
|detailschange|p1a: Lopunny|Lopunny-Mega, F
|message|Lopunny has Mega Evolved into Mega Lopunny!
|move|p1a: Lopunny|High Jump Kick|p2a: Skarmory
|-damage|p2a: Skarmory|134\/334
|
|turn|16
|join|Spuun
|
|move|p1a: Lopunny|High Jump Kick|p2a: Skarmory
|-damage|p2a: Skarmory|0 fnt
|faint|p2a: Skarmory
|
|
|switch|p2a: Clefable|Clefable, M|394\/394
|-damage|p2a: Clefable|345\/394|[from] Stealth Rock
|turn|17
|leave|Spuun
|join|Alvok
|
|move|p1a: Lopunny|Substitute|p1a: Lopunny
|-start|p1a: Lopunny|Substitute
|-damage|p1a: Lopunny|171\/271
|move|p2a: Clefable|Moonblast|p1a: Lopunny
|-supereffective|p1a: Lopunny
|-end|p1a: Lopunny|Substitute
|
|-heal|p2a: Clefable|369\/394|[from] item: Leftovers
|turn|18
|
|switch|p1a: Bisharp|Bisharp, M|237\/289
|move|p2a: Clefable|Moonblast|p1a: Bisharp
|-damage|p1a: Bisharp|90\/289
|
|-heal|p2a: Clefable|393\/394|[from] item: Leftovers
|turn|19
|
|switch|p2a: Keldeo|Keldeo|170\/323
|-damage|p2a: Keldeo|150\/323|[from] Stealth Rock
|move|p1a: Bisharp|Iron Head|p2a: Keldeo
|-resisted|p2a: Keldeo
|-damage|p2a: Keldeo|67\/323
|
|-heal|p2a: Keldeo|87\/323|[from] item: Leftovers
|turn|20
|
|move|p2a: Keldeo|Secret Sword|p1a: Bisharp
|-supereffective|p1a: Bisharp
|-damage|p1a: Bisharp|0 fnt
|faint|p1a: Bisharp
|
|-heal|p2a: Keldeo|107\/323|[from] item: Leftovers
|
|switch|p1a: Lopunny|Lopunny-Mega, F|171\/271
|turn|21
|
|move|p1a: Lopunny|Return|p2a: Keldeo
|-damage|p2a: Keldeo|0 fnt
|faint|p2a: Keldeo
|
|
|switch|p2a: Sableye|Sableye, M|304\/304
|-damage|p2a: Sableye|266\/304|[from] Stealth Rock
|turn|22
|
|switch|p1a: Greninja|Greninja, M|285\/285
|move|p2a: Sableye|Will-O-Wisp|p1a: Greninja
|-status|p1a: Greninja|brn
|
|-damage|p1a: Greninja|250\/285 brn|[from] brn
|turn|23
|
|switch|p1a: Lopunny|Lopunny-Mega, F|171\/271
|switch|p2a: Chansey|Chansey, F|642\/642
|-damage|p2a: Chansey|562\/642|[from] Stealth Rock
|
|turn|24
|c| Dread Arceus|tricky
|
|switch|p2a: Clefable|Clefable, M|393\/394
|-damage|p2a: Clefable|344\/394|[from] Stealth Rock
|move|p1a: Lopunny|Substitute|p1a: Lopunny
|-start|p1a: Lopunny|Substitute
|-damage|p1a: Lopunny|104\/271
|
|-heal|p2a: Clefable|368\/394|[from] item: Leftovers
|turn|25
|
|move|p1a: Lopunny|Endeavor|p2a: Clefable
|-damage|p2a: Clefable|104\/394
|move|p2a: Clefable|Moonblast|p1a: Lopunny
|-supereffective|p1a: Lopunny
|-end|p1a: Lopunny|Substitute
|
|-heal|p2a: Clefable|128\/394|[from] item: Leftovers
|turn|26
|c|âI ABR I|too ez
|
|move|p1a: Lopunny|Return|p2a: Clefable
|-damage|p2a: Clefable|0 fnt
|faint|p2a: Clefable
|
|c| Dread Arceus|lol
|
|switch|p2a: Sableye|Sableye, M|266\/304
|-damage|p2a: Sableye|228\/304|[from] Stealth Rock
|turn|27
|
|switch|p1a: Greninja|Greninja, M|250\/285 brn
|move|p2a: Sableye|Foul Play|p1a: Greninja
|-resisted|p1a: Greninja
|-damage|p1a: Greninja|189\/285 brn
|
|-damage|p1a: Greninja|154\/285 brn|[from] brn
|turn|28
|
|switch|p2a: Cresselia|Cresselia, F|190\/444
|-damage|p2a: Cresselia|135\/444|[from] Stealth Rock
|move|p1a: Greninja|Hydro Pump|p2a: Cresselia
|-start|p1a: Greninja|typechange|Water|[from] Protean
|-damage|p2a: Cresselia|0 fnt
|-damage|p1a: Greninja|126\/285 brn|[from] item: Life Orb
|faint|p2a: Cresselia
|
|-damage|p1a: Greninja|91\/285 brn|[from] brn
|
|switch|p2a: Chansey|Chansey, F|562\/642
|-damage|p2a: Chansey|482\/642|[from] Stealth Rock
|turn|29
|c|âI ABR I|didnt think itd be so close
|
|move|p1a: Greninja|Dark Pulse|p2a: Chansey
|-start|p1a: Greninja|typechange|Dark|[from] Protean
|-damage|p2a: Chansey|404\/642
|-damage|p1a: Greninja|63\/285 brn|[from] item: Life Orb
|move|p2a: Chansey|Seismic Toss|p1a: Greninja
|-damage|p1a: Greninja|0 fnt
|faint|p1a: Greninja
|
|
|switch|p1a: Lopunny|Lopunny-Mega, F|104\/271
|turn|30
|c|âDildo Delivery|idk, it depends on if you can ko a sableye while birned
|c|âDildo Delivery|*burned lol
|c|âI ABR I|i dont need to ohko it
|
|move|p1a: Lopunny|High Jump Kick|p2a: Chansey
|-supereffective|p2a: Chansey
|-damage|p2a: Chansey|0 fnt
|faint|p2a: Chansey
|
|
|switch|p2a: Sableye|Sableye, M|228\/304
|-damage|p2a: Sableye|190\/304|[from] Stealth Rock
|turn|31
|c|âI ABR I|from this range
|c|âI ABR I|i absolutely will
|c|âI ABR I|gg
|
|detailschange|p2a: Sableye|Sableye-Mega, M
|message|Sableye has Mega Evolved into Mega Sableye!
|move|p2a: Sableye|Will-O-Wisp|p1a: Lopunny
|-status|p1a: Lopunny|brn
|move|p1a: Lopunny|High Jump Kick|p2a: Sableye
|-supereffective|p2a: Sableye
|-damage|p2a: Sableye|40\/304
|
|-damage|p1a: Lopunny|71\/271 brn|[from] brn
|turn|32
|c| Dread Arceus|inb4 miss
|c|âDildo Delivery|gg
|c|âI ABR I|ite
|c|âI ABR I|imma calc
|c| Dread Arceus|dat trickery
|c|âI ABR I|return
|c|âDildo Delivery|return should be enough if you don't want to risk
|c|âI ABR I|lopunny actually does beat stall
|leave|The Goomy
|c|âDildo Delivery|Lopunny is a beast
|c|âDildo Delivery|I have to say
|
|move|p1a: Lopunny|Return|p2a: Sableye
|-damage|p2a: Sableye|0 fnt
|faint|p2a: Sableye
|
|win|I ABR I
|raw|Ladder updating...
|c|âDildo Delivery|although it kinda sucks against offense:(
|raw|I ABR I's rating: 1584 &rarr; <strong>1597<\/strong><br \/>(+13 for winning)
|raw|Dildo Delivery's rating: 1451 &rarr; <strong>1438<\/strong><br \/>(-13 for losing)
|c|âI ABR I|eh
|c|âI ABR I|its fast
|c|âI ABR I|so its good
|c| Dread Arceus|man
|c|âDildo Delivery|but still gg
|c| Dread Arceus|if honko wasn't such a lazy fuck...
|c|âI ABR I|yea gg
|c|âDildo Delivery|It takes time man
|leave|Dread Arceus
|c|âDildo Delivery|programming is hard shit
|c|âI ABR I|honko?
|join|Dread Arceus
|c|âDildo Delivery|the guy who made the calc
|c|âI ABR I|o
|c|âDildo Delivery|or girl
|c|âDildo Delivery|idk