|join|Master Shredder
|join|I ABR I
|player|p1|Master Shredder|76
|player|p2|I ABR I|290
|gametype|singles
|gen|6
|tier|ORAS OU
|rated
|rule|Sleep Clause Mod: Limit one foe put to sleep
|rule|Species Clause: Limit one of each PokÃ©mon
|rule|OHKO Clause: OHKO moves are banned
|rule|Moody Clause: Moody is banned
|rule|Evasion Moves Clause: Evasion moves are banned
|rule|Endless Battle Clause: Forcing endless battles is banned
|rule|HP Percentage Mod: HP is shown in percentages
|clearpoke
|poke|p1|Salamence, M
|poke|p1|Landorus-Therian, M
|poke|p1|Heatran, M
|poke|p1|Clefable, F
|poke|p1|Greninja, F
|poke|p1|Rotom-Wash
|poke|p2|Lopunny, F
|poke|p2|Dragonite, M
|poke|p2|Bisharp, M
|poke|p2|Mew
|poke|p2|Greninja, M
|poke|p2|Talonflame, M
|rule|Swagger Clause: Swagger is banned
|rule|Baton Pass Clause: Limit one PokÃ©mon knowing Baton Pass
|teampreview
|
|start
|switch|p1a: Salamence|Salamence, M|359\/359
|switch|p2a: Mew|Mew|345\/345
|-ability|p1a: Salamence|Intimidate|[of] p2a: Mew
|-unboost|p2a: Mew|atk|1
|turn|1
|
|detailschange|p1a: Salamence|Salamence-Mega, M
|message|Salamence has Mega Evolved into Mega Salamence!
|move|p2a: Mew|Taunt|p1a: Salamence
|-start|p1a: Salamence|move: Taunt
|cant|p1a: Salamence|move: Taunt|Dragon Dance
|
|turn|2
|
|switch|p1a: Heatran|Heatran, M|386\/386
|move|p2a: Mew|Stealth Rock|p1a: Heatran
|-sidestart|p1: Master Shredder|move: Stealth Rock
|
|turn|3
|
|move|p2a: Mew|Taunt|p1a: Heatran
|-start|p1a: Heatran|move: Taunt
|move|p1a: Heatran|Lava Plume|p2a: Mew
|-damage|p2a: Mew|224\/345
|
|turn|4
|
|switch|p2a: Lopunny|Lopunny, F|271\/271
|move|p1a: Heatran|Lava Plume|p2a: Lopunny
|-damage|p2a: Lopunny|153\/271
|-status|p2a: Lopunny|brn
|
|-damage|p2a: Lopunny|120\/271 brn|[from] brn
|turn|5
|join|Albyness
|
|switch|p1a: Clefable|Clefable, F|394\/394
|detailschange|p2a: Lopunny|Lopunny-Mega, F
|message|Lopunny has Mega Evolved into Mega Lopunny!
|move|p2a: Lopunny|Substitute|p2a: Lopunny
|-start|p2a: Lopunny|Substitute
|-damage|p2a: Lopunny|53\/271 brn
|
|-damage|p2a: Lopunny|20\/271 brn|[from] brn
|turn|6
|c|âI ABR I|misclicks...
|
|move|p2a: Lopunny|Endeavor|p1a: Clefable
|-damage|p1a: Clefable|20\/394
|move|p1a: Clefable|Calm Mind|p1a: Clefable
|-boost|p1a: Clefable|spa|1
|-boost|p1a: Clefable|spd|1
|
|-heal|p1a: Clefable|44\/394|[from] item: Leftovers
|-damage|p2a: Lopunny|0 fnt|[from] brn
|faint|p2a: Lopunny
|join|brokennAf
|c|âI ABR I|bop.
|join|mistaken
|join|lt7x starmaster
|c|âMaster Shredder|i didnt know that it could get endeavor
|c|âI ABR I|its an amazing move
|join|LT8A Ox
|
|switch|p2a: Greninja|Greninja, M|285\/285
|turn|7
|c|âMaster Shredder|interesting set but your chatter has no effect on me
|c|âI ABR I|lol
|c| lt7x starmaster|hp grass 
|
|move|p2a: Greninja|Ice Beam|p1a: Clefable
|-start|p2a: Greninja|typechange|Ice|[from] Protean
|-damage|p1a: Clefable|0 fnt
|-damage|p2a: Greninja|257\/285|[from] item: Life Orb
|faint|p1a: Clefable
|
|join|Squirrelll
|c| lt7x starmaster|z
|c| Albyness|dats a rape if no burn
|
|switch|p1a: Greninja|Greninja, F|285\/285
|-damage|p1a: Greninja|250\/285|[from] Stealth Rock
|turn|8
|c|âI ABR I|u want the tie?
|
|switch|p2a: Mew|Mew|224\/345
|move|p1a: Greninja|Hydro Pump|p2a: Mew
|-start|p1a: Greninja|typechange|Water|[from] Protean
|-damage|p2a: Mew|8\/345
|-damage|p1a: Greninja|222\/285|[from] item: Life Orb
|-enditem|p2a: Mew|Salac Berry|[eat]
|-boost|p2a: Mew|spe|1|[from] item: Salac Berry
|
|turn|9
|c|âI ABR I|oh
|join|Rekt.com
|c| lt7x starmaster|lmao wut
|c|âI ABR I|nb mew
|c| lt7x starmaster|the
|c| lt7x starmaster|fuck
|c|âI ABR I|?
|c|âI ABR I|what do u mean
|c| lt7x starmaster|its weird
|c| lt7x starmaster|oO
|
|move|p2a: Mew|Explosion|p1a: Greninja
|-damage|p1a: Greninja|0 fnt
|faint|p2a: Mew
|faint|p1a: Greninja
|
|c|âI ABR I|hahahahaha
|c|âMaster Shredder|:[
|c| Albyness|gotem
|c| lt7x starmaster|cool but
|c| Albyness|lmao
|c| lt7x starmaster|weird
|c|âI ABR I|i fucking love
|c|âMaster Shredder|whoa
|c|âI ABR I|this team
|c| Albyness|i was think he's go heatran
|c| Albyness|and fuck it up
|c|âI ABR I|either way
|join|jsoai33
|c|âI ABR I|taunt sr magic coat explo mew
|c|âI ABR I|with salac
|c|âI ABR I|is fucking based
|c|âI ABR I|also dude u have
|c|âI ABR I|4 hard talon checks
|c|âI ABR I|wtf
|c|âMaster Shredder|OH I wish I saw the Salac Berry
|c|âI ABR I|lol
|c| lt7x starmaster|wheres
|
|switch|p2a: Greninja|Greninja, M|257\/285
|switch|p1a: Rotom-Wash|Rotom-Wash|304\/304
|-damage|p1a: Rotom-Wash|266\/304|[from] Stealth Rock
|turn|10
|c| lt7x starmaster|the fourth
|c| lt7x starmaster|??
|c|âMaster Shredder|Im not paying attention to anything today
|c| lt7x starmaster|all i c
|
|move|p2a: Greninja|Grass Knot|p1a: Rotom-Wash
|-start|p2a: Greninja|typechange|Grass|[from] Protean
|-crit|p1a: Rotom-Wash
|-supereffective|p1a: Rotom-Wash
|-damage|p1a: Rotom-Wash|185\/304
|-damage|p2a: Greninja|229\/285|[from] item: Life Orb
|move|p1a: Rotom-Wash|Volt Switch|p2a: Greninja
|-resisted|p2a: Greninja
|-damage|p2a: Greninja|163\/285
|c| lt7x starmaster|is heatran lando talon
|c|âI ABR I|pls volt
|c|âI ABR I|nb
|c| lt7x starmaster|i mean
|c| lt7x starmaster|rotom
|
|switch|p1a: Heatran|Heatran, M|386\/386
|-damage|p1a: Heatran|338\/386|[from] Stealth Rock
|
|-heal|p1a: Heatran|362\/386|[from] item: Leftovers
|turn|11
|c|âI ABR I|mence?
|c|âI ABR I|mence eats up talon
|
|switch|p1a: Rotom-Wash|Rotom-Wash|185\/304
|-damage|p1a: Rotom-Wash|147\/304|[from] Stealth Rock
|move|p2a: Greninja|Hydro Pump|p1a: Rotom-Wash
|-start|p2a: Greninja|typechange|Water|[from] Protean
|-resisted|p1a: Rotom-Wash
|-damage|p1a: Rotom-Wash|68\/304
|-damage|p2a: Greninja|135\/285|[from] item: Life Orb
|
|-heal|p1a: Rotom-Wash|87\/304|[from] item: Leftovers
|turn|12
|c| lt7x starmaster|its 3hkod
|c| lt7x starmaster|by bb
|c| lt7x starmaster|thats not eating it up
|c|âI ABR I|it can roost too
|c|âI ABR I|and ohko
|c| Albyness|3hko is eating up is it  gets recovery
|
|move|p2a: Greninja|Gunk Shot|p1a: Rotom-Wash
|-start|p2a: Greninja|typechange|Poison|[from] Protean
|-damage|p1a: Rotom-Wash|0 fnt
|-damage|p2a: Greninja|107\/285|[from] item: Life Orb
|faint|p1a: Rotom-Wash
|
|c| Albyness|if*
|c|âI ABR I|legit this team is awesome
|
|switch|p1a: Salamence|Salamence-Mega, M|359\/359
|-damage|p1a: Salamence|270\/359|[from] Stealth Rock
|turn|13
|c|âI ABR I|such a proud creation
|c| lt7x starmaster|it can 2hko
|
|switch|p1a: Heatran|Heatran, M|362\/386
|-damage|p1a: Heatran|314\/386|[from] Stealth Rock
|move|p2a: Greninja|Ice Beam|p1a: Heatran
|-start|p2a: Greninja|typechange|Ice|[from] Protean
|-resisted|p1a: Heatran
|-damage|p1a: Heatran|280\/386
|-damage|p2a: Greninja|79\/285|[from] item: Life Orb
|
|-heal|p1a: Heatran|304\/386|[from] item: Leftovers
|turn|14
|c| lt7x starmaster|after rox
|c| lt7x starmaster|tho
|c| lt7x starmaster|WHATS THE POINT
|c|âI ABR I|dude ur helping talon
|c| lt7x starmaster|OF THAT PLAY
|c|âI ABR I|to help talon
|c|âMaster Shredder|his LO
|c| lt7x starmaster|ur wincon isnt
|c| lt7x starmaster|talon
|c|âMaster Shredder|what can I really do
|c| lt7x starmaster|,,
|c|âI ABR I|also
|c|âI ABR I|he is taking rocks damage
|
|move|p2a: Greninja|Hydro Pump|p1a: Heatran
|-start|p2a: Greninja|typechange|Water|[from] Protean
|-supereffective|p1a: Heatran
|-damage|p1a: Heatran|0 fnt
|-damage|p2a: Greninja|51\/285|[from] item: Life Orb
|faint|p1a: Heatran
|
|c|âI ABR I|so dnite wins
|c|âI ABR I|weakening mence helps
|c|âMaster Shredder|my mence isnt 252 speed
|c| lt7x starmaster|252 speed
|c| lt7x starmaster|doesnt outspeed
|c| lt7x starmaster|ninja
|c| lt7x starmaster|anywya
|c|âMaster Shredder|i know what im doing but I got thrown off my his innovation
|c|âMaster Shredder|great game
|c|âI ABR I|lol
|c|âI ABR I|ty
|
|switch|p1a: Landorus-Therian|Landorus-Therian, M|382\/382
|-damage|p1a: Landorus-Therian|335\/382|[from] Stealth Rock
|-ability|p1a: Landorus-Therian|Intimidate|[of] p2a: Greninja
|-unboost|p2a: Greninja|atk|1
|turn|15
|c| Rekt.com|Y not scarf lando
|c|âI ABR I|idc if he is
|c| Albyness|dat innovation
|c| Albyness|lmao
|c|âI ABR I|dude
|c|âI ABR I|its tru
|
|move|p2a: Greninja|Ice Beam|p1a: Landorus-Therian
|-start|p2a: Greninja|typechange|Ice|[from] Protean
|-supereffective|p1a: Landorus-Therian
|-damage|p1a: Landorus-Therian|0 fnt
|-damage|p2a: Greninja|23\/285|[from] item: Life Orb
|faint|p1a: Landorus-Therian
|
|leave|LT8A Ox
|c|âI ABR I|either way dnite wins
|c| Albyness|yea not sar
|
|switch|p1a: Salamence|Salamence-Mega, M|270\/359
|-damage|p1a: Salamence|181\/359|[from] Stealth Rock
|turn|16
|c| lt7x starmaster|ripinpiec3s
|c|âI ABR I|sets up on lando
|c| lt7x starmaster|rveal
|c| lt7x starmaster|salac
|
|move|p2a: Greninja|Ice Beam|p1a: Salamence
|-supereffective|p1a: Salamence
|-damage|p1a: Salamence|0 fnt
|-damage|p2a: Greninja|0 fnt|[from] item: Life Orb
|faint|p1a: Salamence
|faint|p2a: Greninja
|
|win|I ABR I
|raw|Ladder updating...
|c| lt7x starmaster|i mean
|c| lt7x starmaster|yache
|raw|Master Shredder's rating: 1480 &rarr; <strong>1466<\/strong><br \/>(-14 for losing)
|raw|I ABR I's rating: 1579 &rarr; <strong>1594<\/strong><br \/>(+15 for winning)
|c| lt7x starmaster|,,
|c| lt7x starmaster|rip
|leave|jsoai33
|leave|lt7x starmaster
|leave|Master Shredder
|player|p1
|leave|Albyness
|leave|Squirrelll