|join|Davon
|join|I ABR I
|player|p1|Davon|75
|player|p2|I ABR I|290
|gametype|singles
|gen|6
|tier|ORAS OU
|rated
|rule|Sleep Clause Mod: Limit one foe put to sleep
|rule|Species Clause: Limit one of each PokÃ©mon
|rule|OHKO Clause: OHKO moves are banned
|rule|Moody Clause: Moody is banned
|rule|Evasion Moves Clause: Evasion moves are banned
|rule|Endless Battle Clause: Forcing endless battles is banned
|rule|HP Percentage Mod: HP is shown in percentages
|clearpoke
|poke|p1|Suicune
|poke|p1|Sceptile, M
|poke|p1|Jirachi
|poke|p1|Zapdos
|poke|p1|Clefable, F
|poke|p1|Landorus-Therian, M
|poke|p2|Lopunny, F
|poke|p2|Dragonite, M
|poke|p2|Bisharp, M
|poke|p2|Excadrill, M
|poke|p2|Greninja, M
|poke|p2|Talonflame, M
|rule|Swagger Clause: Swagger is banned
|rule|Baton Pass Clause: Limit one PokÃ©mon knowing Baton Pass
|teampreview
|
|start
|switch|p1a: Sceptile|Sceptile, M|282\/282
|switch|p2a: Excadrill|Excadrill, M|361\/361
|-ability|p2a: Excadrill|Mold Breaker
|turn|1
|
|detailschange|p1a: Sceptile|Sceptile-Mega, M
|message|Sceptile has Mega Evolved into Mega Sceptile!
|move|p1a: Sceptile|Focus Blast|p2a: Excadrill
|-supereffective|p2a: Excadrill
|-enditem|p2a: Excadrill|Focus Sash
|-damage|p2a: Excadrill|1\/361
|move|p2a: Excadrill|Stealth Rock|p1a: Sceptile
|-sidestart|p1: Davon|move: Stealth Rock
|
|turn|2
|
|switch|p2a: Talonflame|Talonflame, M|319\/319
|move|p1a: Sceptile|Giga Drain|p2a: Talonflame
|-resisted|p2a: Talonflame
|-damage|p2a: Talonflame|269\/319
|
|turn|3
|
|switch|p1a: Zapdos|Zapdos|369\/369
|-damage|p1a: Zapdos|277\/369|[from] Stealth Rock
|-ability|p1a: Zapdos|Pressure
|move|p2a: Talonflame|Swords Dance|p2a: Talonflame
|-boost|p2a: Talonflame|atk|2
|
|-heal|p1a: Zapdos|300\/369|[from] item: Leftovers
|turn|4
|
|move|p2a: Talonflame|Flare Blitz|p1a: Zapdos
|-damage|p1a: Zapdos|47\/369
|-damage|p2a: Talonflame|186\/319|[from] recoil|[of] p1a: Zapdos
|move|p1a: Zapdos|Thunderbolt|p2a: Talonflame
|-supereffective|p2a: Talonflame
|-damage|p2a: Talonflame|0 fnt
|faint|p2a: Talonflame
|
|-heal|p1a: Zapdos|70\/369|[from] item: Leftovers
|
|switch|p2a: Lopunny|Lopunny, F|271\/271
|turn|5
|
|detailschange|p2a: Lopunny|Lopunny-Mega, F
|message|Lopunny has Mega Evolved into Mega Lopunny!
|move|p2a: Lopunny|Return|p1a: Zapdos
|-damage|p1a: Zapdos|0 fnt
|faint|p1a: Zapdos
|
|
|switch|p1a: Sceptile|Sceptile-Mega, M|282\/282
|-damage|p1a: Sceptile|247\/282|[from] Stealth Rock
|turn|6
|
|move|p1a: Sceptile|Focus Blast|p2a: Lopunny
|-supereffective|p2a: Lopunny
|-damage|p2a: Lopunny|0 fnt
|faint|p2a: Lopunny
|
|
|switch|p2a: Dragonite|Dragonite, M|323\/323
|turn|7
|
|move|p1a: Sceptile|Dragon Pulse|p2a: Dragonite
|-supereffective|p2a: Dragonite
|-damage|p2a: Dragonite|167\/323
|move|p2a: Dragonite|Dragon Dance|p2a: Dragonite
|-boost|p2a: Dragonite|atk|1
|-boost|p2a: Dragonite|spe|1
|
|turn|8
|
|switch|p1a: Clefable|Clefable, F|394\/394
|move|p2a: Dragonite|Extreme Speed|p1a: Clefable
|-damage|p1a: Clefable|218\/394
|
|-heal|p1a: Clefable|242\/394|[from] item: Leftovers
|turn|9
|
|move|p2a: Dragonite|Earthquake|p1a: Clefable
|-crit|p1a: Clefable
|-damage|p1a: Clefable|0 fnt
|faint|p1a: Clefable
|
|
|switch|p1a: Landorus-Therian|Landorus-Therian, M|337\/337
|-damage|p1a: Landorus-Therian|295\/337|[from] Stealth Rock
|-ability|p1a: Landorus-Therian|Intimidate|[of] p2a: Dragonite
|-unboost|p2a: Dragonite|atk|1
|turn|10
|
|move|p1a: Landorus-Therian|Stone Edge|p2a: Dragonite
|-supereffective|p2a: Dragonite
|-damage|p2a: Dragonite|0 fnt
|faint|p2a: Dragonite
|
|
|switch|p2a: Bisharp|Bisharp, M|289\/289
|turn|11
|
|move|p2a: Bisharp|Pursuit|p1a: Landorus-Therian|[from]Pursuit
|-damage|p1a: Landorus-Therian|106\/337
|switch|p1a: Jirachi|Jirachi|404\/404
|-damage|p1a: Jirachi|379\/404|[from] Stealth Rock
|
|-heal|p1a: Jirachi|404\/404|[from] item: Leftovers
|turn|12
|
|move|p1a: Jirachi|Substitute|p1a: Jirachi
|-start|p1a: Jirachi|Substitute
|-damage|p1a: Jirachi|303\/404
|move|p2a: Bisharp|Knock Off|p1a: Jirachi
|-supereffective|p1a: Jirachi
|-end|p1a: Jirachi|Substitute
|
|-heal|p1a: Jirachi|328\/404|[from] item: Leftovers
|turn|13
|
|move|p1a: Jirachi|Fire Punch|p2a: Bisharp
|-supereffective|p2a: Bisharp
|-damage|p2a: Bisharp|167\/289
|move|p2a: Bisharp|Knock Off|p1a: Jirachi
|-supereffective|p1a: Jirachi
|-damage|p1a: Jirachi|0 fnt
|-enditem|p1a: Jirachi|Leftovers|[from] move: Knock Off|[of] p2a: Bisharp
|faint|p1a: Jirachi
|
|
|switch|p1a: Suicune|Suicune|404\/404
|-damage|p1a: Suicune|354\/404|[from] Stealth Rock
|-ability|p1a: Suicune|Pressure
|turn|14
|
|switch|p2a: Greninja|Greninja, M|285\/285
|move|p1a: Suicune|Scald|p2a: Greninja
|-resisted|p2a: Greninja
|-damage|p2a: Greninja|229\/285
|
|-heal|p1a: Suicune|379\/404|[from] item: Leftovers
|turn|15
|
|move|p2a: Greninja|Grass Knot|p1a: Suicune
|-start|p2a: Greninja|typechange|Grass|[from] Protean
|-supereffective|p1a: Suicune
|-damage|p1a: Suicune|10\/404
|-damage|p2a: Greninja|201\/285|[from] item: Life Orb
|move|p1a: Suicune|Scald|p2a: Greninja
|-resisted|p2a: Greninja
|-damage|p2a: Greninja|147\/285
|
|-heal|p1a: Suicune|35\/404|[from] item: Leftovers
|turn|16
|
|move|p2a: Greninja|Dark Pulse|p1a: Suicune
|-start|p2a: Greninja|typechange|Dark|[from] Protean
|-damage|p1a: Suicune|0 fnt
|-damage|p2a: Greninja|119\/285|[from] item: Life Orb
|faint|p1a: Suicune
|
|
|switch|p1a: Landorus-Therian|Landorus-Therian, M|106\/337
|-damage|p1a: Landorus-Therian|64\/337|[from] Stealth Rock
|-ability|p1a: Landorus-Therian|Intimidate|[of] p2a: Greninja
|-unboost|p2a: Greninja|atk|1
|turn|17
|
|move|p1a: Landorus-Therian|Earthquake|p2a: Greninja
|-damage|p2a: Greninja|0 fnt
|faint|p2a: Greninja
|
|
|switch|p2a: Bisharp|Bisharp, M|167\/289
|turn|18
|
|move|p2a: Bisharp|Sucker Punch|p1a: Landorus-Therian
|-damage|p1a: Landorus-Therian|0 fnt
|faint|p1a: Landorus-Therian
|
|
|switch|p1a: Sceptile|Sceptile-Mega, M|247\/282
|-damage|p1a: Sceptile|212\/282|[from] Stealth Rock
|turn|19
|
|move|p2a: Bisharp|Sucker Punch|p1a: Sceptile
|-fail|p1a: Sceptile
|move|p1a: Sceptile|Substitute|p1a: Sceptile
|-start|p1a: Sceptile|Substitute
|-damage|p1a: Sceptile|142\/282
|
|turn|20
|c|âI ABR I|gg
|
|move|p2a: Bisharp|Sucker Punch|p1a: Sceptile
|-end|p1a: Sceptile|Substitute
|move|p1a: Sceptile|Focus Blast|p2a: Bisharp|[miss]
|-miss|p1a: Sceptile|p2a: Bisharp
|
|turn|21
|
|move|p1a: Sceptile|Focus Blast|p2a: Bisharp|[miss]
|-miss|p1a: Sceptile|p2a: Bisharp
|move|p2a: Bisharp|Iron Head|p1a: Sceptile
|-damage|p1a: Sceptile|0 fnt
|faint|p1a: Sceptile
|
|win|I ABR I
|raw|Ladder updating...
|raw|Davon's rating: 1536 &rarr; <strong>1517<\/strong><br \/>(-19 for losing)
|raw|I ABR I's rating: 1559 &rarr; <strong>1578<\/strong><br \/>(+19 for winning)
|c|âI ABR I|o
|c|âI ABR I|focus miss
|c|âI ABR I|at its finest
|leave|I ABR I
|player|p2