|join|pure indifference
|join|I ABR I
|player|p1|pure indifference|20
|player|p2|I ABR I|290
|gametype|singles
|gen|6
|tier|OU
|rated
|clearpoke
|poke|p1|Tornadus-Therian, M
|poke|p1|Dugtrio, F
|poke|p1|Latias, F
|poke|p1|Rotom-Wash
|poke|p1|Scizor, F
|poke|p1|Talonflame, M
|poke|p2|Victini
|poke|p2|Terrakion
|poke|p2|Latias, F
|poke|p2|Gyarados, M
|poke|p2|Raikou
|poke|p2|Azumarill, M
|rule|Swagger Clause: Swagger is banned
|rule|Baton Pass Clause: Limit one PokÃ©mon knowing Baton Pass
|rule|Sleep Clause Mod: Limit one foe put to sleep
|rule|Species Clause: Limit one of each PokÃ©mon
|rule|OHKO Clause: OHKO moves are banned
|rule|Moody Clause: Moody is banned
|rule|Evasion Moves Clause: Evasion moves are banned
|rule|Endless Battle Clause: Forcing endless battles is banned
|rule|HP Percentage Mod: HP is shown in percentages
|teampreview
|
|start
|switch|p1a: Dugtrio|Dugtrio, F|211\/211
|switch|p2a: Terrakion|Terrakion|323\/323
|turn|1
|
|move|p1a: Dugtrio|Earthquake|p2a: Terrakion
|-supereffective|p2a: Terrakion
|-enditem|p2a: Terrakion|Focus Sash
|-damage|p2a: Terrakion|1\/323
|move|p2a: Terrakion|Close Combat|p1a: Dugtrio
|-damage|p1a: Dugtrio|0 fnt
|-unboost|p2a: Terrakion|def|1
|-unboost|p2a: Terrakion|spd|1
|faint|p1a: Dugtrio
|
|
|switch|p1a: Tornadus-Therian|Tornadus-Therian, M|299\/299
|turn|2
|
|switch|p2a: Raikou|Raikou|329\/329
|-ability|p2a: Raikou|Pressure
|move|p1a: Tornadus-Therian|Knock Off|p2a: Raikou
|-damage|p2a: Raikou|222\/329
|-enditem|p2a: Raikou|Assault Vest|[from] move: Knock Off|[of] p1a: Tornadus-Therian
|
|turn|3
|
|move|p1a: Tornadus-Therian|U-turn|p2a: Raikou
|-crit|p2a: Raikou
|-damage|p2a: Raikou|118\/329
|
|switch|p1a: Latias|Latias, F|321\/321
|move|p2a: Raikou|Volt Switch|p1a: Latias
|-crit|p1a: Latias
|-resisted|p1a: Latias
|-damage|p1a: Latias|248\/321
|
|switch|p2a: Azumarill|Azumarill, M|355\/355
|
|turn|4
|
|switch|p1a: Rotom-Wash|Rotom-Wash|303\/303
|move|p2a: Azumarill|Knock Off|p1a: Rotom-Wash
|-damage|p1a: Rotom-Wash|160\/303
|-enditem|p1a: Rotom-Wash|Leftovers|[from] move: Knock Off|[of] p2a: Azumarill
|
|turn|5
|
|switch|p2a: Raikou|Raikou|118\/329
|-ability|p2a: Raikou|Pressure
|move|p1a: Rotom-Wash|Will-O-Wisp|p2a: Raikou
|-status|p2a: Raikou|brn
|
|-damage|p2a: Raikou|77\/329 brn|[from] brn
|turn|6
|
|move|p2a: Raikou|Thunderbolt|p1a: Rotom-Wash
|-damage|p1a: Rotom-Wash|31\/303
|move|p1a: Rotom-Wash|Volt Switch|p2a: Raikou
|-resisted|p2a: Raikou
|-damage|p2a: Raikou|32\/329 brn
|
|switch|p1a: Tornadus-Therian|Tornadus-Therian, M|299\/299
|
|-damage|p2a: Raikou|0 fnt|[from] brn
|faint|p2a: Raikou
|
|switch|p2a: Latias|Latias, F|319\/319
|turn|7
|
|move|p1a: Tornadus-Therian|Knock Off|p2a: Latias
|-supereffective|p2a: Latias
|-damage|p2a: Latias|161\/319
|-enditem|p2a: Latias|Life Orb|[from] move: Knock Off|[of] p1a: Tornadus-Therian
|move|p2a: Latias|Psyshock|p1a: Tornadus-Therian
|-damage|p1a: Tornadus-Therian|146\/299
|
|turn|8
|
|move|p1a: Tornadus-Therian|U-turn|p2a: Latias
|-supereffective|p2a: Latias
|-damage|p2a: Latias|27\/319
|
|switch|p1a: Scizor|Scizor, F|343\/343
|move|p2a: Latias|Draco Meteor|p1a: Scizor
|-resisted|p1a: Scizor
|-damage|p1a: Scizor|234\/343
|-unboost|p2a: Latias|spa|2
|
|turn|9
|
|detailschange|p1a: Scizor|Scizor-Mega, F
|message|Scizor has Mega Evolved into Mega Scizor!
|move|p2a: Latias|Healing Wish|p2a: Latias
|faint|p2a: Latias
|move|p1a: Scizor|U-turn|p2: Latias|[notarget]
|-notarget
|
|
|switch|p2a: Terrakion|Terrakion|1\/323
|-heal|p2a: Terrakion|323\/323|[from] move: Healing Wish
|turn|10
|
|move|p1a: Scizor|Bullet Punch|p2a: Terrakion
|-supereffective|p2a: Terrakion
|-damage|p2a: Terrakion|23\/323
|move|p2a: Terrakion|Stealth Rock|p1a: Scizor
|-sidestart|p1: pure indifference|move: Stealth Rock
|
|turn|11
|
|move|p2a: Terrakion|Close Combat|p1a: Scizor
|-damage|p1a: Scizor|68\/343
|-unboost|p2a: Terrakion|def|1
|-unboost|p2a: Terrakion|spd|1
|move|p1a: Scizor|U-turn|p2a: Terrakion
|-resisted|p2a: Terrakion
|-damage|p2a: Terrakion|0 fnt
|faint|p2a: Terrakion
|
|switch|p1a: Latias|Latias, F|248\/321
|-damage|p1a: Latias|208\/321|[from] Stealth Rock
|
|
|switch|p2a: Gyarados|Gyarados, M|331\/331
|-ability|p2a: Gyarados|Intimidate|[of] p1a: Latias
|-unboost|p1a: Latias|atk|1
|turn|12
|
|detailschange|p2a: Gyarados|Gyarados-Mega, M
|message|Gyarados has Mega Evolved into Mega Gyarados!
|-ability|p2a: Gyarados|Mold Breaker
|move|p1a: Latias|Draco Meteor|p2a: Gyarados
|-damage|p2a: Gyarados|135\/331
|-unboost|p1a: Latias|spa|2
|-damage|p1a: Latias|176\/321|[from] item: Life Orb
|move|p2a: Gyarados|Dragon Dance|p2a: Gyarados
|-boost|p2a: Gyarados|atk|1
|-boost|p2a: Gyarados|spe|1
|
|turn|13
|
|switch|p1a: Rotom-Wash|Rotom-Wash|31\/303
|-damage|p1a: Rotom-Wash|0 fnt|[from] Stealth Rock
|faint|p1a: Rotom-Wash
|move|p2a: Gyarados|Crunch|p1: Rotom-Wash|[notarget]
|-notarget
|
|
|switch|p1a: Scizor|Scizor-Mega, F|68\/343
|-damage|p1a: Scizor|26\/343|[from] Stealth Rock
|turn|14
|
|move|p1a: Scizor|Bullet Punch|p2a: Gyarados
|-resisted|p2a: Gyarados
|-damage|p2a: Gyarados|79\/331
|move|p2a: Gyarados|Crunch|p1a: Scizor
|-damage|p1a: Scizor|0 fnt
|faint|p1a: Scizor
|
|
|switch|p1a: Talonflame|Talonflame, M|359\/359
|-damage|p1a: Talonflame|180\/359|[from] Stealth Rock
|turn|15
|
|move|p1a: Talonflame|Brave Bird|p2a: Gyarados
|-damage|p2a: Gyarados|0 fnt
|-damage|p1a: Talonflame|154\/359|[from] recoil|[of] p2a: Gyarados
|faint|p2a: Gyarados
|
|-heal|p1a: Talonflame|176\/359|[from] item: Leftovers
|
|switch|p2a: Azumarill|Azumarill, M|355\/355
|turn|16
|
|move|p1a: Talonflame|Will-O-Wisp|p2a: Azumarill
|-status|p2a: Azumarill|brn
|move|p2a: Azumarill|Knock Off|p1a: Talonflame
|-damage|p1a: Talonflame|34\/359
|-enditem|p1a: Talonflame|Leftovers|[from] move: Knock Off|[of] p2a: Azumarill
|
|-damage|p2a: Azumarill|311\/355 brn|[from] brn
|turn|17
|
|move|p1a: Talonflame|Roost|p1a: Talonflame
|-heal|p1a: Talonflame|214\/359
|move|p2a: Azumarill|Knock Off|p1a: Talonflame
|-damage|p1a: Talonflame|118\/359
|
|-damage|p2a: Azumarill|267\/355 brn|[from] brn
|turn|18
|
|switch|p2a: Victini|Victini|341\/341
|move|p1a: Talonflame|Roost|p1a: Talonflame
|-heal|p1a: Talonflame|298\/359
|
|turn|19
|
|switch|p2a: Azumarill|Azumarill, M|267\/355 brn
|move|p1a: Talonflame|Roost|p1a: Talonflame
|-heal|p1a: Talonflame|359\/359
|
|-damage|p2a: Azumarill|223\/355 brn|[from] brn
|turn|20
|
|move|p1a: Talonflame|Bulk Up|p1a: Talonflame
|-boost|p1a: Talonflame|atk|1
|-boost|p1a: Talonflame|def|1
|move|p2a: Azumarill|Waterfall|p1a: Talonflame
|-supereffective|p1a: Talonflame
|-damage|p1a: Talonflame|137\/359
|
|-damage|p2a: Azumarill|179\/355 brn|[from] brn
|turn|21
|
|move|p1a: Talonflame|Brave Bird|p2a: Azumarill
|-damage|p2a: Azumarill|0 fnt
|-damage|p1a: Talonflame|78\/359|[from] recoil|[of] p2a: Azumarill
|faint|p2a: Azumarill
|
|
|switch|p2a: Victini|Victini|341\/341
|turn|22
|
|move|p1a: Talonflame|Brave Bird|p2a: Victini
|-damage|p2a: Victini|154\/341
|-damage|p1a: Talonflame|16\/359|[from] recoil|[of] p2a: Victini
|move|p2a: Victini|Glaciate|p1a: Talonflame
|-damage|p1a: Talonflame|0 fnt
|faint|p1a: Talonflame
|
|
|switch|p1a: Latias|Latias, F|176\/321
|-damage|p1a: Latias|136\/321|[from] Stealth Rock
|turn|23
|
|move|p1a: Latias|Draco Meteor|p2a: Victini
|-damage|p2a: Victini|0 fnt
|-unboost|p1a: Latias|spa|2
|-damage|p1a: Latias|104\/321|[from] item: Life Orb
|faint|p2a: Victini
|
|win|pure indifference
|raw|Ladder updating...