|join|I ABR I
|join|The TurtleLord
|player|p1|I ABR I|291
|player|p2|The TurtleLord|294
|gametype|singles
|gen|6
|tier|OU
|rated
|clearpoke
|poke|p1|Diggersby, M, shiny
|poke|p1|Scizor, M
|poke|p1|Latios, M
|poke|p1|Landorus, M
|poke|p1|Breloom, M
|poke|p1|Heatran, M
|poke|p2|Lopunny, F
|poke|p2|Gengar, M, shiny
|poke|p2|Ferrothorn, M
|poke|p2|Latios, M
|poke|p2|Slowbro, M
|poke|p2|Clefable, F
|rule|Swagger Clause: Swagger is banned
|rule|Baton Pass Clause: Limit one PokÃ©mon knowing Baton Pass
|rule|Sleep Clause Mod: Limit one foe put to sleep
|rule|Species Clause: Limit one of each PokÃ©mon
|rule|OHKO Clause: OHKO moves are banned
|rule|Moody Clause: Moody is banned
|rule|Evasion Moves Clause: Evasion moves are banned
|rule|Endless Battle Clause: Forcing endless battles is banned
|rule|HP Percentage Mod: HP is shown in percentages
|teampreview
|c|âThe TurtleLord|gl
|c|âI ABR I|u2
|
|start
|switch|p1a: Latios|Latios, M|301\/301
|switch|p2a: Lopunny|Lopunny, F|271\/271
|turn|1
|
|detailschange|p2a: Lopunny|Lopunny-Mega, F
|message|Lopunny has Mega Evolved into Mega Lopunny!
|move|p2a: Lopunny|Fake Out|p1a: Latios
|-damage|p1a: Latios|210\/301
|cant|p1a: Latios|flinch
|
|turn|2
|
|switch|p2a: Ferrothorn|Ferrothorn, M|351\/351
|move|p1a: Latios|Psyshock|p2a: Ferrothorn
|-resisted|p2a: Ferrothorn
|-damage|p2a: Ferrothorn|305\/351
|
|-heal|p2a: Ferrothorn|326\/351|[from] item: Leftovers
|turn|3
|
|switch|p1a: Heatran|Heatran, M|327\/327
|move|p2a: Ferrothorn|Stealth Rock|p1a: Heatran
|-sidestart|p1: I ABR I|move: Stealth Rock
|
|-heal|p2a: Ferrothorn|347\/351|[from] item: Leftovers
|turn|4
|
|switch|p2a: Latios|Latios, M|301\/301
|move|p1a: Heatran|Stealth Rock|p2a: Latios
|-sidestart|p2: The TurtleLord|move: Stealth Rock
|
|turn|5
|
|switch|p1a: Latios|Latios, M|210\/301
|-damage|p1a: Latios|173\/301|[from] Stealth Rock
|move|p2a: Latios|Surf|p1a: Latios
|-resisted|p1a: Latios
|-damage|p1a: Latios|105\/301
|-damage|p2a: Latios|271\/301|[from] item: Life Orb
|
|turn|6
|
|switch|p2a: Clefable|Clefable, F|394\/394
|move|p1a: Latios|Memento|p2a: Clefable
|-unboost|p2a: Clefable|atk|2
|-unboost|p2a: Clefable|spa|2
|faint|p1a: Latios
|
|join|Gizmoâ
|join|Dragonite VII
|join|Yuttt.ttttt
|
|switch|p1a: Scizor|Scizor, M|289\/289
|-damage|p1a: Scizor|253\/289|[from] Stealth Rock
|turn|7
|
|detailschange|p1a: Scizor|Scizor-Mega, M
|message|Scizor has Mega Evolved into Mega Scizor!
|move|p1a: Scizor|Swords Dance|p1a: Scizor
|-boost|p1a: Scizor|atk|2
|move|p2a: Clefable|Flamethrower|p1a: Scizor
|-supereffective|p1a: Scizor
|-damage|p1a: Scizor|66\/289
|
|turn|8
|
|switch|p2a: Slowbro|Slowbro, M|393\/393
|-damage|p2a: Slowbro|344\/393|[from] Stealth Rock
|move|p1a: Scizor|Bullet Punch|p2a: Slowbro
|-resisted|p2a: Slowbro
|-damage|p2a: Slowbro|253\/393
|-damage|p1a: Scizor|18\/289|[from] item: Rocky Helmet|[of] p2a: Slowbro
|
|turn|9
|c|âI ABR I|sigh
|
|move|p1a: Scizor|Bug Bite|p2a: Slowbro
|-supereffective|p2a: Slowbro
|-damage|p2a: Slowbro|0 fnt
|-damage|p1a: Scizor|0 fnt|[from] item: Rocky Helmet|[of] p2a: Slowbro
|faint|p1a: Scizor
|faint|p2a: Slowbro
|
|c| Gizmoâ|haha
|c| Gizmoâ|not even bad
|c| Dragonite VII|Ahaha
|c|âThe TurtleLord|lol
|c|âI ABR I|so many
|c|âI ABR I|fucking rocky helms
|c|âI ABR I|on this ladder
|leave|Yuttt.ttttt
|c| Dragonite VII|But for real tho
|c| Dragonite VII|if not for that, you literally just died
|
|switch|p2a: Lopunny|Lopunny-Mega, F|271\/271
|switch|p1a: Breloom|Breloom, M|261\/261
|-damage|p2a: Lopunny|255\/271|[from] Stealth Rock
|-damage|p1a: Breloom|245\/261|[from] Stealth Rock
|turn|10
|c| Dragonite VII|to scizor
|c|âI ABR I|rip
|c|âThe TurtleLord|yeah im really scizor weak
|
|move|p2a: Lopunny|Fake Out|p1a: Breloom
|-damage|p1a: Breloom|155\/261
|cant|p1a: Breloom|flinch
|
|turn|11
|c|âI ABR I|is that some
|c|âI ABR I|offensive clef btw
|c|âThe TurtleLord|lo
|c|âI ABR I|lol
|c|âThe TurtleLord|wanted to try it
|
|switch|p2a: Gengar|Gengar, M, shiny|261\/261
|-damage|p2a: Gengar|229\/261|[from] Stealth Rock
|move|p1a: Breloom|Rock Tomb|p2a: Gengar
|-crit|p2a: Gengar
|-damage|p2a: Gengar|2\/261
|-unboost|p2a: Gengar|spe|1
|
|turn|12
|c| Dragonite VII|nb
|c|âThe TurtleLord|rekt
|
|move|p1a: Breloom|Bullet Seed|p2a: Gengar
|-resisted|p2a: Gengar
|-damage|p2a: Gengar|0 fnt
|-hitcount|p2a: Gengar|1
|faint|p2a: Gengar
|
|join|Ox the Fox
|
|switch|p2a: Latios|Latios, M|271\/301
|-damage|p2a: Latios|234\/301|[from] Stealth Rock
|turn|13
|join|Yuttt.ttttt
|
|switch|p1a: Heatran|Heatran, M|327\/327
|-damage|p1a: Heatran|287\/327|[from] Stealth Rock
|move|p2a: Latios|Psyshock|p1a: Heatran
|-resisted|p1a: Heatran
|-damage|p1a: Heatran|197\/327
|-damage|p2a: Latios|204\/301|[from] item: Life Orb
|
|-heal|p1a: Heatran|217\/327|[from] item: Leftovers
|turn|14
|join|MoB Barley
|
|move|p2a: Latios|Surf|p1a: Heatran
|-supereffective|p1a: Heatran
|-damage|p1a: Heatran|0 fnt
|-damage|p2a: Latios|174\/301|[from] item: Life Orb
|faint|p1a: Heatran
|
|c|âI ABR I|o
|
|switch|p1a: Breloom|Breloom, M|155\/261
|-damage|p1a: Breloom|139\/261|[from] Stealth Rock
|turn|15
|c| Dragonite VII|does that tran have 0 spdef evs?
|
|move|p1a: Breloom|Mach Punch|p2a: Latios
|-resisted|p2a: Latios
|-damage|p2a: Latios|114\/301
|move|p2a: Latios|Roost|p2a: Latios
|-heal|p2a: Latios|265\/301
|
|turn|16
|c|âI ABR I|mhm
|c|âI ABR I|its offensive
|c|âI ABR I|o ffs
|
|move|p1a: Breloom|Mach Punch|p2a: Latios
|-resisted|p2a: Latios
|-damage|p2a: Latios|199\/301
|move|p2a: Latios|Psyshock|p1a: Breloom
|-supereffective|p1a: Breloom
|-damage|p1a: Breloom|0 fnt
|-damage|p2a: Latios|169\/301|[from] item: Life Orb
|faint|p1a: Breloom
|
|c| Dragonite VII|ah
|join|Secutor Alakazam
|
|switch|p1a: Landorus|Landorus, M|319\/319
|-damage|p1a: Landorus|280\/319|[from] Stealth Rock
|turn|17
|leave|Secutor Alakazam
|c|âI ABR I|rip
|
|move|p2a: Latios|Surf|p1a: Landorus
|-supereffective|p1a: Landorus
|-damage|p1a: Landorus|0 fnt
|-damage|p2a: Latios|139\/301|[from] item: Life Orb
|faint|p1a: Landorus
|
|
|switch|p1a: Diggersby|Diggersby, M, shiny|311\/311
|-damage|p1a: Diggersby|292\/311|[from] Stealth Rock
|turn|18
|c|âI ABR I|since u win anyways
|c|âI ABR I|can u go to ferrothorn after
|c|âI ABR I|i wanna see
|join|TestingFr33dom
|c|âI ABR I|how much eq does
|c|âThe TurtleLord|ok
|
|move|p1a: Diggersby|Quick Attack|p2a: Latios
|-damage|p2a: Latios|6\/301
|-damage|p1a: Diggersby|261\/311|[from] item: Life Orb
|move|p2a: Latios|Surf|p1a: Diggersby
|-supereffective|p1a: Diggersby
|-damage|p1a: Diggersby|0 fnt
|-damage|p2a: Latios|0 fnt|[from] item: Life Orb
|faint|p1a: Diggersby
|faint|p2a: Latios
|
|win|The TurtleLord
|raw|Ladder updating...
|c|âI ABR I|wut
|c|âI ABR I|weak shit
|c|âThe TurtleLord|lol
|raw|I ABR I's rating: 1636 &rarr; <strong>1614<\/strong><br \/>(-22 for losing)
|raw|The TurtleLord's rating: 1599 &rarr; <strong>1621<\/strong><br \/>(+22 for winning)
|c| Yuttt.ttttt|k
|c|âThe TurtleLord|didnt even kill
|leave|I ABR I
|player|p1
|c| Dragonite VII|Loling
|leave|Yuttt.ttttt
|leave|The TurtleLord
|player|p2
|leave|Dragonite VII
|leave|Ox the Fox
|leave|TestingFr33dom
|leave|MoB Barley
|leave|Gizmoâ
|join|The TurtleLord