|join|I ABR I
|join|lil manaphy
|player|p1|I ABR I|290
|player|p2|lil manaphy|8
|gametype|singles
|gen|6
|tier|OU
|clearpoke
|poke|p1|Excadrill, M
|poke|p1|Lopunny, F
|poke|p1|Gengar, M
|poke|p1|Bisharp, M
|poke|p1|Dragonite, M
|poke|p1|Greninja, M
|poke|p2|Lopunny, M
|poke|p2|Rotom-Wash
|poke|p2|Gothitelle, F
|poke|p2|Mandibuzz, F
|poke|p2|Heatran, F
|poke|p2|Celebi
|rule|Swagger Clause: Swagger is banned
|rule|Baton Pass Clause: Limit one PokÃ©mon knowing Baton Pass
|rule|Sleep Clause Mod: Limit one foe put to sleep
|rule|Species Clause: Limit one of each PokÃ©mon
|rule|OHKO Clause: OHKO moves are banned
|rule|Moody Clause: Moody is banned
|rule|Evasion Moves Clause: Evasion moves are banned
|rule|Endless Battle Clause: Forcing endless battles is banned
|rule|HP Percentage Mod: HP is shown in percentages
|teampreview
|
|start
|switch|p1a: Lopunny|Lopunny, F|271\/271
|switch|p2a: Lopunny|Lopunny, M|271\/271
|turn|1
|join|p0k3m3n
|
|detailschange|p1a: Lopunny|Lopunny-Mega, F
|message|Lopunny has Mega Evolved into Mega Lopunny!
|detailschange|p2a: Lopunny|Lopunny-Mega, M
|message|Lopunny has Mega Evolved into Mega Lopunny!
|move|p2a: Lopunny|Fake Out|p1a: Lopunny
|-damage|p1a: Lopunny|198\/271
|cant|p1a: Lopunny|flinch
|
|turn|2
|
|switch|p2a: Mandibuzz|Mandibuzz, F|424\/424
|move|p1a: Lopunny|High Jump Kick|p2a: Mandibuzz
|-damage|p2a: Mandibuzz|270\/424
|
|-heal|p2a: Mandibuzz|296\/424|[from] item: Leftovers
|turn|3
|
|switch|p1a: Excadrill|Excadrill, M|361\/361
|-ability|p1a: Excadrill|Mold Breaker
|move|p2a: Mandibuzz|Roost|p2a: Mandibuzz
|-heal|p2a: Mandibuzz|424\/424
|
|turn|4
|
|move|p1a: Excadrill|Stealth Rock|p2a: Mandibuzz
|-sidestart|p2: lil manaphy|move: Stealth Rock
|move|p2a: Mandibuzz|Foul Play|p1a: Excadrill
|-damage|p1a: Excadrill|78\/361
|
|turn|5
|join|Henry
|
|move|p1a: Excadrill|Iron Head|p2a: Mandibuzz
|-damage|p2a: Mandibuzz|321\/424
|move|p2a: Mandibuzz|Defog|p1a: Excadrill
|-unboost|p1a: Excadrill|evasion|1
|-sideend|p2: lil manaphy|Stealth Rock|[from] move: Defog|[of] p2a: Mandibuzz
|
|-heal|p2a: Mandibuzz|347\/424|[from] item: Leftovers
|turn|6
|
|move|p1a: Excadrill|Stealth Rock|p2a: Mandibuzz
|-sidestart|p2: lil manaphy|move: Stealth Rock
|move|p2a: Mandibuzz|Defog|p1a: Excadrill
|-unboost|p1a: Excadrill|evasion|1
|-sideend|p2: lil manaphy|Stealth Rock|[from] move: Defog|[of] p2a: Mandibuzz
|
|-heal|p2a: Mandibuzz|373\/424|[from] item: Leftovers
|turn|7
|
|move|p1a: Excadrill|Stealth Rock|p2a: Mandibuzz
|-sidestart|p2: lil manaphy|move: Stealth Rock
|move|p2a: Mandibuzz|Foul Play|p1a: Excadrill
|-damage|p1a: Excadrill|0 fnt
|faint|p1a: Excadrill
|
|-heal|p2a: Mandibuzz|399\/424|[from] item: Leftovers
|c| Henry|damn
|c| Henry|walled by mandi
|c|âI ABR I|n
|
|switch|p1a: Bisharp|Bisharp, M|271\/271
|turn|8
|
|move|p1a: Bisharp|Taunt|p2a: Mandibuzz
|-start|p2a: Mandibuzz|move: Taunt
|move|p2a: Mandibuzz|Foul Play|p1a: Bisharp
|-resisted|p1a: Bisharp
|-damage|p1a: Bisharp|187\/271
|
|-heal|p2a: Mandibuzz|424\/424|[from] item: Leftovers
|turn|9
|
|move|p1a: Bisharp|Iron Head|p2a: Mandibuzz
|-damage|p2a: Mandibuzz|288\/424
|-damage|p1a: Bisharp|160\/271|[from] item: Life Orb
|move|p2a: Mandibuzz|Foul Play|p1a: Bisharp
|-resisted|p1a: Bisharp
|-damage|p1a: Bisharp|79\/271
|
|-heal|p2a: Mandibuzz|314\/424|[from] item: Leftovers
|turn|10
|
|move|p1a: Bisharp|Iron Head|p2a: Mandibuzz
|-damage|p2a: Mandibuzz|185\/424
|-damage|p1a: Bisharp|52\/271|[from] item: Life Orb
|cant|p2a: Mandibuzz|flinch
|
|-heal|p2a: Mandibuzz|211\/424|[from] item: Leftovers
|-end|p2a: Mandibuzz|move: Taunt
|turn|11
|
|move|p1a: Bisharp|Taunt|p2a: Mandibuzz
|-start|p2a: Mandibuzz|move: Taunt
|move|p2a: Mandibuzz|Foul Play|p1a: Bisharp
|-resisted|p1a: Bisharp
|-damage|p1a: Bisharp|0 fnt
|faint|p1a: Bisharp
|
|-heal|p2a: Mandibuzz|237\/424|[from] item: Leftovers
|
|switch|p1a: Lopunny|Lopunny-Mega, F|198\/271
|turn|12
|
|move|p1a: Lopunny|Power-Up Punch|p2a: Mandibuzz
|-damage|p2a: Mandibuzz|183\/424
|-boost|p1a: Lopunny|atk|1
|move|p2a: Mandibuzz|Foul Play|p1a: Lopunny
|-resisted|p1a: Lopunny
|-damage|p1a: Lopunny|70\/271
|
|-heal|p2a: Mandibuzz|209\/424|[from] item: Leftovers
|turn|13
|
|move|p1a: Lopunny|High Jump Kick|p2a: Mandibuzz
|-damage|p2a: Mandibuzz|0 fnt
|faint|p2a: Mandibuzz
|
|
|switch|p2a: Lopunny|Lopunny-Mega, M|271\/271
|-damage|p2a: Lopunny|255\/271|[from] Stealth Rock
|turn|14
|c|âI ABR I|ye dis is bad
|
|move|p2a: Lopunny|Fake Out|p1a: Lopunny
|-damage|p1a: Lopunny|0 fnt
|faint|p1a: Lopunny
|
|
|switch|p1a: Dragonite|Dragonite, M|323\/323
|turn|15
|
|switch|p2a: Rotom-Wash|Rotom-Wash|303\/303
|-damage|p2a: Rotom-Wash|266\/303|[from] Stealth Rock
|move|p1a: Dragonite|Earthquake|p2a: Rotom-Wash
|-immune|p2a: Rotom-Wash|[msg]
|
|-heal|p2a: Rotom-Wash|284\/303|[from] item: Leftovers
|turn|16
|c|âI ABR I|the team is really bad
|
|switch|p1a: Gengar|Gengar, M|261\/261
|move|p2a: Rotom-Wash|Volt Switch|p1a: Gengar
|-crit|p1a: Gengar
|-damage|p1a: Gengar|107\/261
|join|The Goomy
|join|tomibello
|
|switch|p2a: Lopunny|Lopunny-Mega, M|255\/271
|-damage|p2a: Lopunny|239\/271|[from] Stealth Rock
|
|turn|17
|
|move|p2a: Lopunny|Fake Out|p1a: Gengar
|-damage|p1a: Gengar|0 fnt
|faint|p1a: Gengar
|
|
|switch|p1a: Dragonite|Dragonite, M|323\/323
|turn|18
|
|switch|p2a: Rotom-Wash|Rotom-Wash|284\/303
|-damage|p2a: Rotom-Wash|247\/303|[from] Stealth Rock
|move|p1a: Dragonite|Extreme Speed|p2a: Rotom-Wash
|-damage|p2a: Rotom-Wash|140\/303
|
|-heal|p2a: Rotom-Wash|158\/303|[from] item: Leftovers
|turn|19
|
|switch|p1a: Greninja|Greninja, M|285\/285
|move|p2a: Rotom-Wash|Volt Switch|p1a: Greninja
|-supereffective|p1a: Greninja
|-damage|p1a: Greninja|63\/285
|
|switch|p2a: Lopunny|Lopunny-Mega, M|239\/271
|-damage|p2a: Lopunny|223\/271|[from] Stealth Rock
|
|turn|20
|
|switch|p1a: Dragonite|Dragonite, M|323\/323
|move|p2a: Lopunny|Fake Out|p1a: Dragonite
|-damage|p1a: Dragonite|286\/323
|
|turn|21
|
|move|p1a: Dragonite|Extreme Speed|p2a: Lopunny
|-damage|p2a: Lopunny|41\/271
|move|p2a: Lopunny|Ice Punch|p1a: Dragonite
|-supereffective|p1a: Dragonite
|-damage|p1a: Dragonite|0 fnt
|faint|p1a: Dragonite
|
|
|switch|p1a: Greninja|Greninja, M|63\/285
|turn|22
|
|move|p2a: Lopunny|Return|p1a: Greninja
|-damage|p1a: Greninja|0 fnt
|faint|p1a: Greninja
|
|win|lil manaphy