|join|Reverend
|join|I ABR I
|player|p1|Reverend|135
|player|p2|I ABR I|290
|gametype|singles
|gen|6
|tier|OU
|rated
|clearpoke
|poke|p1|Lucario, F
|poke|p1|Diancie
|poke|p1|Rotom-Wash
|poke|p1|Ferrothorn, M
|poke|p1|Landorus-Therian, M
|poke|p1|Greninja, M
|poke|p2|Jirachi
|poke|p2|Politoed, M
|poke|p2|Terrakion
|poke|p2|Kingdra, M
|poke|p2|Seismitoad, M
|poke|p2|Altaria, M
|rule|Swagger Clause: Swagger is banned
|rule|Baton Pass Clause: Limit one PokÃ©mon knowing Baton Pass
|rule|Sleep Clause Mod: Limit one foe put to sleep
|rule|Species Clause: Limit one of each PokÃ©mon
|rule|OHKO Clause: OHKO moves are banned
|rule|Moody Clause: Moody is banned
|rule|Evasion Moves Clause: Evasion moves are banned
|rule|Endless Battle Clause: Forcing endless battles is banned
|rule|HP Percentage Mod: HP is shown in percentages
|teampreview
|join|daftmau5
|join|scotti
|
|start
|switch|p1a: Haile Selassie|Diancie|241\/241
|switch|p2a: Terrakion|Terrakion|323\/323
|turn|1
|
|detailschange|p1a: Haile Selassie|Diancie-Mega
|message|Diancie has Mega Evolved into Mega Diancie!
|move|p2a: Terrakion|Close Combat|p1a: Haile Selassie
|-damage|p1a: Haile Selassie|51\/241
|-unboost|p2a: Terrakion|def|1
|-unboost|p2a: Terrakion|spd|1
|move|p1a: Haile Selassie|Moonblast|p2a: Terrakion
|-supereffective|p2a: Terrakion
|-enditem|p2a: Terrakion|Focus Sash
|-damage|p2a: Terrakion|1\/323
|
|turn|2
|join|SeventyFive
|join|Witchfynde
|
|switch|p2a: Jirachi|Jirachi|351\/351
|move|p1a: Haile Selassie|Moonblast|p2a: Jirachi
|-crit|p2a: Jirachi
|-resisted|p2a: Jirachi
|-damage|p2a: Jirachi|181\/351
|-unboost|p2a: Jirachi|spa|1
|
|turn|3
|
|switch|p1a: Fox Mulder|Ferrothorn, M|352\/352
|move|p2a: Jirachi|U-turn|p1a: Fox Mulder
|-damage|p1a: Fox Mulder|299\/352
|-damage|p2a: Jirachi|138\/351|[from] ability: Iron Barbs|[of] p1a: Fox Mulder
|
|switch|p2a: Terrakion|Terrakion|1\/323
|
|-heal|p1a: Fox Mulder|321\/352|[from] item: Leftovers
|turn|4
|
|switch|p1a: kitty cat paws|Landorus-Therian, M|319\/319
|-ability|p1a: kitty cat paws|Intimidate|[of] p2a: Terrakion
|-unboost|p2a: Terrakion|atk|1
|move|p2a: Terrakion|Stealth Rock|p1a: kitty cat paws
|-sidestart|p1: Reverend|move: Stealth Rock
|
|turn|5
|
|move|p1a: kitty cat paws|U-turn|p2a: Terrakion
|-resisted|p2a: Terrakion
|-damage|p2a: Terrakion|0 fnt
|faint|p2a: Terrakion
|c| scotti|i am pretty sure i played reverends team
|c|âReverend|I didn't make it lmao
|join|ox the fox
|c| scotti|oh
|
|switch|p1a: Bad Wolf|Lucario, F|281\/281
|-damage|p1a: Bad Wolf|273\/281|[from] Stealth Rock
|
|
|switch|p2a: Politoed|Politoed, M|383\/383
|-weather|RainDance
|turn|6
|
|move|p1a: Bad Wolf|Close Combat|p2a: Politoed
|-damage|p2a: Politoed|28\/383
|-unboost|p1a: Bad Wolf|def|1
|-unboost|p1a: Bad Wolf|spd|1
|-damage|p1a: Bad Wolf|245\/281|[from] item: Life Orb
|move|p2a: Politoed|Scald|p1a: Bad Wolf
|-damage|p1a: Bad Wolf|0 fnt
|faint|p1a: Bad Wolf
|
|-weather|RainDance|[upkeep]
|c|âI ABR I|rain offense is so easy to win games with
|c|âI ABR I|and ho lee fuck
|
|switch|p1a: Fox Mulder|Ferrothorn, M|321\/352
|-damage|p1a: Fox Mulder|299\/352|[from] Stealth Rock
|turn|7
|
|move|p2a: Politoed|Rest|p2a: Politoed
|-status|p2a: Politoed|slp
|-heal|p2a: Politoed|383\/383 slp|[silent]
|-status|p2a: Politoed|slp|[from] move: Rest
|move|p1a: Fox Mulder|Stealth Rock|p2a: Politoed
|-sidestart|p2: I ABR I|move: Stealth Rock
|
|-weather|RainDance|[upkeep]
|-heal|p1a: Fox Mulder|321\/352|[from] item: Leftovers
|turn|8
|c|âI ABR I|ite good
|
|switch|p2a: Jirachi|Jirachi|138\/351
|-damage|p2a: Jirachi|117\/351|[from] Stealth Rock
|move|p1a: Fox Mulder|Spikes|p2a: Jirachi
|-sidestart|p2: I ABR I|Spikes
|
|-weather|RainDance|[upkeep]
|-heal|p1a: Fox Mulder|343\/352|[from] item: Leftovers
|turn|9
|
|switch|p1a: kitty cat paws|Landorus-Therian, M|319\/319
|-damage|p1a: kitty cat paws|280\/319|[from] Stealth Rock
|-ability|p1a: kitty cat paws|Intimidate|[of] p2a: Jirachi
|-unboost|p2a: Jirachi|atk|1
|move|p2a: Jirachi|Iron Head|p1a: kitty cat paws
|-damage|p1a: kitty cat paws|201\/319
|
|-weather|RainDance|[upkeep]
|turn|10
|
|move|p2a: Jirachi|Iron Head|p1a: kitty cat paws
|-damage|p1a: kitty cat paws|119\/319
|cant|p1a: kitty cat paws|flinch
|
|-weather|RainDance|[upkeep]
|turn|11
|c| daftmau5|why on earth did he switch
|c|âI ABR I|idk
|
|switch|p1a: Fox Mulder|Ferrothorn, M|343\/352
|-damage|p1a: Fox Mulder|321\/352|[from] Stealth Rock
|move|p2a: Jirachi|Iron Head|p1a: Fox Mulder
|-resisted|p1a: Fox Mulder
|-damage|p1a: Fox Mulder|291\/352
|-damage|p2a: Jirachi|74\/351|[from] ability: Iron Barbs|[of] p1a: Fox Mulder
|
|-weather|RainDance|[upkeep]
|-heal|p1a: Fox Mulder|313\/352|[from] item: Leftovers
|turn|12
|join|King Time Stall
|
|move|p2a: Jirachi|Iron Head|p1a: Fox Mulder
|-resisted|p1a: Fox Mulder
|-damage|p1a: Fox Mulder|285\/352
|-damage|p2a: Jirachi|31\/351|[from] ability: Iron Barbs|[of] p1a: Fox Mulder
|move|p1a: Fox Mulder|Leech Seed|p2a: Jirachi
|-start|p2a: Jirachi|move: Leech Seed
|
|-weather|RainDance|[upkeep]
|-heal|p1a: Fox Mulder|307\/352|[from] item: Leftovers
|-damage|p2a: Jirachi|0 fnt|[from] Leech Seed|[of] p1a: Fox Mulder
|-heal|p1a: Fox Mulder|338\/352|[silent]
|faint|p2a: Jirachi
|c|âI ABR I|im kinda sacking this thing
|c| King Time Stall|Fanboy
|
|switch|p2a: Seismitoad|Seismitoad, M|351\/351
|-damage|p2a: Seismitoad|308\/351|[from] Spikes
|-damage|p2a: Seismitoad|287\/351|[from] Stealth Rock
|turn|13
|c| King Time Stall|hello
|c|âI ABR I|ferro to rain :(
|
|switch|p1a: Alan Tudyk|Rotom-Wash|303\/303
|-damage|p1a: Alan Tudyk|266\/303|[from] Stealth Rock
|move|p2a: Seismitoad|Focus Blast|p1a: Alan Tudyk
|-damage|p1a: Alan Tudyk|117\/303
|-damage|p2a: Seismitoad|252\/351|[from] item: Life Orb
|
|-weather|none
|-heal|p1a: Alan Tudyk|135\/303|[from] item: Leftovers
|turn|14
|c| daftmau5|damn that 2hkos
|c| daftmau5|lol
|
|move|p2a: Seismitoad|Focus Blast|p1a: Alan Tudyk|[miss]
|-miss|p2a: Seismitoad|p1a: Alan Tudyk
|move|p1a: Alan Tudyk|Pain Split|p2a: Seismitoad
|-sethp|p2a: Seismitoad|193\/351|p1a: Alan Tudyk|193\/303|[from] move: Pain Split
|
|-heal|p1a: Alan Tudyk|211\/303|[from] item: Leftovers
|turn|15
|c| King Time Stall|Lol
|c|âI ABR I|not if u miss
|c|âReverend|ayy
|join|Gizmo
|c| King Time Stall|would happen
|
|switch|p2a: Politoed|Politoed, M|383\/383 slp
|-damage|p2a: Politoed|336\/383 slp|[from] Stealth Rock
|-damage|p2a: Politoed|289\/383 slp|[from] Spikes
|-weather|RainDance
|move|p1a: Alan Tudyk|Will-O-Wisp|p2a: Politoed
|-fail|p2a: Politoed
|
|-weather|RainDance|[upkeep]
|-heal|p1a: Alan Tudyk|229\/303|[from] item: Leftovers
|turn|16
|c|âReverend|haha
|
|switch|p2a: Seismitoad|Seismitoad, M|193\/351
|-damage|p2a: Seismitoad|150\/351|[from] Spikes
|-damage|p2a: Seismitoad|129\/351|[from] Stealth Rock
|move|p1a: Alan Tudyk|Will-O-Wisp|p2a: Seismitoad
|-status|p2a: Seismitoad|brn
|
|-weather|RainDance|[upkeep]
|-heal|p1a: Alan Tudyk|247\/303|[from] item: Leftovers
|-damage|p2a: Seismitoad|86\/351 brn|[from] brn
|turn|17
|c|âI ABR I|i actually got this dw
|join|pablochu
|
|move|p2a: Seismitoad|Knock Off|p1a: Alan Tudyk
|-damage|p1a: Alan Tudyk|218\/303
|-enditem|p1a: Alan Tudyk|Leftovers|[from] move: Knock Off|[of] p2a: Seismitoad
|-damage|p2a: Seismitoad|51\/351 brn|[from] item: Life Orb
|move|p1a: Alan Tudyk|Will-O-Wisp|p2a: Seismitoad
|-fail|p2a: Seismitoad|brn
|
|-weather|RainDance|[upkeep]
|-damage|p2a: Seismitoad|8\/351 brn|[from] brn
|turn|18
|c| King Time Stall|...
|
|move|p2a: Seismitoad|Surf|p1a: Alan Tudyk
|-resisted|p1a: Alan Tudyk
|-damage|p1a: Alan Tudyk|97\/303
|-damage|p2a: Seismitoad|0 fnt|[from] item: Life Orb
|faint|p2a: Seismitoad
|move|p1a: Alan Tudyk|Volt Switch|p2: Seismitoad|[notarget]
|-notarget
|
|-weather|RainDance|[upkeep]
|
|switch|p2a: Altaria|Altaria, M|301\/301
|-damage|p2a: Altaria|226\/301|[from] Stealth Rock
|turn|19
|
|move|p2a: Altaria|Dragon Dance|p2a: Altaria
|-boost|p2a: Altaria|atk|1
|-boost|p2a: Altaria|spe|1
|move|p1a: Alan Tudyk|Volt Switch|p2a: Altaria
|-damage|p2a: Altaria|138\/301
|
|switch|p1a: Fox Mulder|Ferrothorn, M|338\/352
|-damage|p1a: Fox Mulder|316\/352|[from] Stealth Rock
|
|-weather|RainDance|[upkeep]
|-heal|p1a: Fox Mulder|338\/352|[from] item: Leftovers
|turn|20
|
|detailschange|p2a: Altaria|Altaria-Mega, M
|message|Altaria has Mega Evolved into Mega Altaria!
|move|p2a: Altaria|Earthquake|p1a: Fox Mulder
|-damage|p1a: Fox Mulder|199\/352
|move|p1a: Fox Mulder|Gyro Ball|p2a: Altaria
|-supereffective|p2a: Altaria
|-damage|p2a: Altaria|0 fnt
|faint|p2a: Altaria
|
|-weather|RainDance|[upkeep]
|-heal|p1a: Fox Mulder|221\/352|[from] item: Leftovers
|leave|ox the fox
|c|âI ABR I|ite that was all i needed
|
|switch|p2a: Kingdra|Kingdra, M|301\/301
|-damage|p2a: Kingdra|264\/301|[from] Stealth Rock
|-damage|p2a: Kingdra|227\/301|[from] Spikes
|turn|21
|
|switch|p1a: Alan Tudyk|Rotom-Wash|97\/303
|-damage|p1a: Alan Tudyk|60\/303|[from] Stealth Rock
|move|p2a: Kingdra|Surf|p1a: Alan Tudyk
|-resisted|p1a: Alan Tudyk
|-damage|p1a: Alan Tudyk|0 fnt
|faint|p1a: Alan Tudyk
|
|-weather|RainDance|[upkeep]
|
|switch|p1a: RIP Side-B Cancel|Greninja, M|285\/285
|-damage|p1a: RIP Side-B Cancel|250\/285|[from] Stealth Rock
|turn|22
|c|âI ABR I|o yea it lives
|
|switch|p1a: Haile Selassie|Diancie-Mega|51\/241
|-damage|p1a: Haile Selassie|21\/241|[from] Stealth Rock
|move|p2a: Kingdra|Surf|p1a: Haile Selassie
|-crit|p1a: Haile Selassie
|-supereffective|p1a: Haile Selassie
|-damage|p1a: Haile Selassie|0 fnt
|faint|p1a: Haile Selassie
|
|-weather|none
|c|âReverend|nail it
|c|âReverend|nailed
|
|switch|p1a: RIP Side-B Cancel|Greninja, M|250\/285
|-damage|p1a: RIP Side-B Cancel|215\/285|[from] Stealth Rock
|turn|23
|
|switch|p2a: Politoed|Politoed, M|289\/383 slp
|-damage|p2a: Politoed|242\/383 slp|[from] Stealth Rock
|-damage|p2a: Politoed|195\/383 slp|[from] Spikes
|-weather|RainDance
|move|p1a: RIP Side-B Cancel|Gunk Shot|p2a: Politoed
|-start|p1a: RIP Side-B Cancel|typechange|Poison|[from] Protean
|-damage|p2a: Politoed|0 fnt
|-damage|p1a: RIP Side-B Cancel|187\/285|[from] item: Life Orb
|faint|p2a: Politoed
|
|-weather|RainDance|[upkeep]
|
|switch|p2a: Kingdra|Kingdra, M|227\/301
|-damage|p2a: Kingdra|190\/301|[from] Stealth Rock
|-damage|p2a: Kingdra|153\/301|[from] Spikes
|turn|24
|c| King Time Stall|gg
|c|âI ABR I|wait he is
|c| King Time Stall|\/\/
|c|âI ABR I|sr spikes leech gyro
|
|switch|p1a: kitty cat paws|Landorus-Therian, M|119\/319
|-damage|p1a: kitty cat paws|80\/319|[from] Stealth Rock
|-ability|p1a: kitty cat paws|Intimidate|[of] p2a: Kingdra
|-unboost|p2a: Kingdra|atk|1
|move|p2a: Kingdra|Surf|p1a: kitty cat paws
|-supereffective|p1a: kitty cat paws
|-damage|p1a: kitty cat paws|0 fnt
|faint|p1a: kitty cat paws
|
|-weather|RainDance|[upkeep]
|c|âI ABR I|dont even need to hydro
|c|âI ABR I|gg
|
|switch|p1a: Fox Mulder|Ferrothorn, M|221\/352
|-damage|p1a: Fox Mulder|199\/352|[from] Stealth Rock
|turn|25
|leave|King Time Stall
|
|move|p2a: Kingdra|Surf|p1a: Fox Mulder
|-resisted|p1a: Fox Mulder
|-damage|p1a: Fox Mulder|85\/352
|move|p1a: Fox Mulder|Leech Seed|p2a: Kingdra
|-start|p2a: Kingdra|move: Leech Seed
|
|-weather|RainDance|[upkeep]
|-heal|p1a: Fox Mulder|107\/352|[from] item: Leftovers
|-damage|p2a: Kingdra|116\/301|[from] Leech Seed|[of] p1a: Fox Mulder
|-heal|p1a: Fox Mulder|144\/352|[silent]
|turn|26
|
|move|p2a: Kingdra|Surf|p1a: Fox Mulder
|-resisted|p1a: Fox Mulder
|-damage|p1a: Fox Mulder|27\/352
|move|p1a: Fox Mulder|Gyro Ball|p2a: Kingdra
|-resisted|p2a: Kingdra
|-damage|p2a: Kingdra|30\/301
|
|-weather|RainDance|[upkeep]
|-heal|p1a: Fox Mulder|49\/352|[from] item: Leftovers
|-damage|p2a: Kingdra|0 fnt|[from] Leech Seed|[of] p1a: Fox Mulder
|-heal|p1a: Fox Mulder|79\/352|[silent]
|faint|p2a: Kingdra
|
|win|Reverend
|raw|Ladder updating...
|raw|Reverend's rating: 1444 &rarr; <strong>1463<\/strong><br \/>(+19 for winning)
|raw|I ABR I's rating: 1429 &rarr; <strong>1410<\/strong><br \/>(-19 for losing)
|c|âI ABR I|noooooo
|c|âI ABR I|too strong
|c|âReverend|c^:;
|c|âReverend|gg
|leave|I ABR I
|player|p2
|leave|pablochu
|join|ox the fox