|join|I ABR I
|join|jacksoras
|player|p1|I ABR I|290
|player|p2|jacksoras|44
|gametype|singles
|gen|6
|tier|OU
|clearpoke
|poke|p1|Gallade, M, shiny
|poke|p1|Rotom-Wash
|poke|p1|Greninja, M
|poke|p1|Clefable, F
|poke|p1|Landorus-Therian, M
|poke|p1|Latios, M
|poke|p2|Metagross
|poke|p2|Landorus, M
|poke|p2|Keldeo
|poke|p2|Bisharp, F
|poke|p2|Celebi
|poke|p2|Zapdos
|rule|Swagger Clause: Swagger is banned
|rule|Baton Pass Clause: Limit one PokÃ©mon knowing Baton Pass
|rule|Sleep Clause Mod: Limit one foe put to sleep
|rule|Species Clause: Limit one of each PokÃ©mon
|rule|OHKO Clause: OHKO moves are banned
|rule|Moody Clause: Moody is banned
|rule|Evasion Moves Clause: Evasion moves are banned
|rule|Endless Battle Clause: Forcing endless battles is banned
|rule|HP Percentage Mod: HP is shown in percentages
|teampreview
|join|mistaken
|join|Gizmo
|c| Gizmo|abr
|c|âjacksoras|if u lead gren i kry
|c|âI ABR I|yus?
|c| Gizmo|how many times have you said
|c| Gizmo|gallade is shit
|c| mistaken|abr team is so good
|c|âI ABR I|it is
|c|âI ABR I|but i knew he wouldnt use sab
|c|âI ABR I|in this kind of tour
|join|JustB1az3
|c|âI ABR I|ty mistaken
|c|âI ABR I|i never use it
|c|âI ABR I|ever
|
|start
|switch|p1a: Rotom-Wash|Rotom-Wash|303\/303
|switch|p2a: Landorus|Landorus, M|319\/319
|turn|1
|join|craing _;
|
|move|p2a: Landorus|Stealth Rock|p1a: Rotom-Wash
|-sidestart|p1: I ABR I|move: Stealth Rock
|move|p1a: Rotom-Wash|Will-O-Wisp|p2a: Landorus
|-status|p2a: Landorus|brn
|
|-damage|p2a: Landorus|280\/319 brn|[from] brn
|turn|2
|c| mistaken|i just look at team if it looks good = good
|
|move|p2a: Landorus|Psychic|p1a: Rotom-Wash
|-damage|p1a: Rotom-Wash|138\/303
|move|p1a: Rotom-Wash|Volt Switch|p2a: Landorus
|-immune|p2a: Landorus|[msg]
|
|-heal|p1a: Rotom-Wash|156\/303|[from] item: Leftovers
|-damage|p2a: Landorus|241\/319 brn|[from] brn
|turn|3
|join|lil manaphy
|c| mistaken|same process with choosing cars and girls
|
|switch|p2a: Bisharp|Bisharp, F|295\/295
|switch|p1a: Latios|Latios, M|301\/301
|-damage|p1a: Latios|264\/301|[from] Stealth Rock
|
|turn|4
|
|move|p1a: Latios|Defog|p2a: Bisharp
|-unboost|p2a: Bisharp|evasion|1
|-boost|p2a: Bisharp|atk|2|[from] ability: Defiant
|-sideend|p1: I ABR I|Stealth Rock|[from] move: Defog|[of] p1a: Latios
|move|p2a: Bisharp|Pursuit|p1a: Latios
|-crit|p1a: Latios
|-supereffective|p1a: Latios
|-damage|p1a: Latios|0 fnt
|faint|p1a: Latios
|
|
|switch|p1a: Gallade|Gallade, M, shiny|277\/277
|turn|5
|c|âI ABR I|u ready for this
|c|âjacksoras|inb4 sub
|c|âI ABR I|innov
|
|detailschange|p1a: Gallade|Gallade-Mega, M, shiny
|message|Gallade has Mega Evolved into Mega Gallade!
|move|p2a: Bisharp|Sucker Punch|p1a: Gallade
|-damage|p1a: Gallade|0 fnt
|faint|p1a: Gallade
|
|join|The Goomy
|c|âI ABR I|rip
|c|âjacksoras|lol
|
|switch|p1a: Greninja|Greninja, M|285\/285
|turn|6
|
|move|p2a: Bisharp|Sucker Punch|p1a: Greninja
|-resisted|p1a: Greninja
|-damage|p1a: Greninja|33\/285
|move|p1a: Greninja|Hidden Power|p2a: Bisharp
|-start|p1a: Greninja|typechange|Fire|[from] Protean
|-supereffective|p2a: Bisharp
|-damage|p2a: Bisharp|0 fnt
|-damage|p1a: Greninja|5\/285|[from] item: Life Orb
|faint|p2a: Bisharp
|
|join|LiveLoveLaugh
|c|âI ABR I|oh it lives
|c|âI ABR I|whoooops
|c| The Goomy|.
|
|switch|p2a: Celebi|Celebi|403\/403
|turn|7
|
|move|p1a: Greninja|Gunk Shot|p2a: Celebi
|-start|p1a: Greninja|typechange|Poison|[from] Protean
|-supereffective|p2a: Celebi
|-damage|p2a: Celebi|49\/403
|-damage|p1a: Greninja|0 fnt|[from] item: Life Orb
|faint|p1a: Greninja
|move|p2a: Celebi|Recover|p2a: Celebi
|-heal|p2a: Celebi|251\/403
|
|-heal|p2a: Celebi|276\/403|[from] item: Leftovers
|c|âjacksoras|.
|leave|LiveLoveLaugh
|
|switch|p1a: Landorus-Therian|Landorus-Therian, M|319\/319
|-ability|p1a: Landorus-Therian|Intimidate|[of] p2a: Celebi
|-unboost|p2a: Celebi|atk|1
|turn|8
|
|switch|p2a: Landorus|Landorus, M|241\/319 brn
|move|p1a: Landorus-Therian|U-turn|p2a: Landorus
|-resisted|p2a: Landorus
|-damage|p2a: Landorus|190\/319 brn
|
|switch|p1a: Clefable|Clefable, F|394\/394
|
|-damage|p2a: Landorus|151\/319 brn|[from] brn
|turn|9
|
|move|p2a: Landorus|Earth Power|p1a: Clefable
|-damage|p1a: Clefable|164\/394
|move|p1a: Clefable|Stealth Rock|p2a: Landorus
|-sidestart|p2: jacksoras|move: Stealth Rock
|
|-heal|p1a: Clefable|188\/394|[from] item: Leftovers
|-damage|p2a: Landorus|112\/319 brn|[from] brn
|turn|10
|c|âI ABR I|oy
|c|âI ABR I|thoight i was cm
|
|switch|p1a: Landorus-Therian|Landorus-Therian, M|319\/319
|-ability|p1a: Landorus-Therian|Intimidate|[of] p2a: Landorus
|-unboost|p2a: Landorus|atk|1
|move|p2a: Landorus|Psychic|p1a: Landorus-Therian
|-damage|p1a: Landorus-Therian|136\/319
|
|-damage|p2a: Landorus|73\/319 brn|[from] brn
|turn|11
|
|move|p1a: Landorus-Therian|U-turn|p2a: Landorus
|-resisted|p2a: Landorus
|-damage|p2a: Landorus|27\/319 brn
|
|switch|p1a: Rotom-Wash|Rotom-Wash|156\/303
|move|p2a: Landorus|Psychic|p1a: Rotom-Wash
|-damage|p1a: Rotom-Wash|4\/303
|
|-heal|p1a: Rotom-Wash|22\/303|[from] item: Leftovers
|-damage|p2a: Landorus|0 fnt|[from] brn
|faint|p2a: Landorus
|
|switch|p2a: Zapdos|Zapdos|383\/383
|-damage|p2a: Zapdos|288\/383|[from] Stealth Rock
|-ability|p2a: Zapdos|Pressure
|turn|12
|c|âI ABR I|trust me i got this
|c|âjacksoras|,
|
|switch|p1a: Landorus-Therian|Landorus-Therian, M|136\/319
|-ability|p1a: Landorus-Therian|Intimidate|[of] p2a: Zapdos
|-unboost|p2a: Zapdos|atk|1
|move|p2a: Zapdos|Volt Switch|p1a: Landorus-Therian
|-immune|p1a: Landorus-Therian|[msg]
|
|-heal|p2a: Zapdos|311\/383|[from] item: Leftovers
|turn|13
|
|move|p1a: Landorus-Therian|Explosion|p2a: Zapdos
|-damage|p2a: Zapdos|71\/383
|faint|p1a: Landorus-Therian
|move|p2a: Zapdos|Heat Wave|p1: Landorus-Therian|[notarget]
|-notarget
|
|-heal|p2a: Zapdos|94\/383|[from] item: Leftovers
|leave|lil manaphy
|
|switch|p1a: Clefable|Clefable, F|188\/394
|turn|14
|
|move|p2a: Zapdos|Volt Switch|p1a: Clefable
|-damage|p1a: Clefable|101\/394
|
|switch|p2a: Metagross|Metagross|341\/341
|-damage|p2a: Metagross|320\/341|[from] Stealth Rock
|move|p1a: Clefable|Healing Wish|p1a: Clefable
|faint|p1a: Clefable
|
|c|âI ABR I|bop
|
|switch|p1a: Rotom-Wash|Rotom-Wash|22\/303
|-heal|p1a: Rotom-Wash|303\/303|[from] move: Healing Wish
|turn|15
|c|âI ABR I|i 100% forgot sets
|
|detailschange|p2a: Metagross|Metagross-Mega
|message|Metagross has Mega Evolved into Mega Metagross!
|move|p1a: Rotom-Wash|Will-O-Wisp|p2a: Metagross
|-status|p2a: Metagross|brn
|move|p2a: Metagross|Zen Headbutt|p1a: Rotom-Wash
|-damage|p1a: Rotom-Wash|221\/303
|
|-heal|p1a: Rotom-Wash|239\/303|[from] item: Leftovers
|-damage|p2a: Metagross|278\/341 brn|[from] brn
|turn|16
|c| mistaken|inb4 the dq
|
|move|p2a: Metagross|Meteor Mash|p1a: Rotom-Wash
|-resisted|p1a: Rotom-Wash
|-damage|p1a: Rotom-Wash|216\/303
|move|p1a: Rotom-Wash|Hydro Pump|p2a: Metagross
|-damage|p2a: Metagross|145\/341 brn
|
|-heal|p1a: Rotom-Wash|234\/303|[from] item: Leftovers
|-damage|p2a: Metagross|103\/341 brn|[from] brn
|turn|17
|
|move|p2a: Metagross|Zen Headbutt|p1a: Rotom-Wash
|-damage|p1a: Rotom-Wash|156\/303
|move|p1a: Rotom-Wash|Hydro Pump|p2a: Metagross
|-damage|p2a: Metagross|0 fnt
|faint|p2a: Metagross
|
|-heal|p1a: Rotom-Wash|174\/303|[from] item: Leftovers
|
|switch|p2a: Celebi|Celebi|276\/403
|-damage|p2a: Celebi|226\/403|[from] Stealth Rock
|turn|18
|
|move|p2a: Celebi|Giga Drain|p1a: Rotom-Wash
|-supereffective|p1a: Rotom-Wash
|-damage|p1a: Rotom-Wash|0 fnt
|-heal|p2a: Celebi|313\/403|[from] drain|[of] p1a: Rotom-Wash
|faint|p1a: Rotom-Wash
|
|win|jacksoras
|c|âI ABR I|lol gg
|c|âjacksoras|gg
|leave|I ABR I
|player|p1