|join|I ABR I
|join|wish killer
|player|p1|I ABR I|291
|player|p2|wish killer|288
|gametype|singles
|gen|6
|tier|OU
|rated
|clearpoke
|poke|p1|Diggersby, M, shiny
|poke|p1|Scizor, M
|poke|p1|Latios, M
|poke|p1|Landorus, M
|poke|p1|Breloom, M
|poke|p1|Heatran, M
|poke|p2|Bisharp, M
|poke|p2|Venusaur, F
|poke|p2|Heatran, M
|poke|p2|Keldeo
|poke|p2|Chansey, F
|poke|p2|Skarmory, M
|rule|Swagger Clause: Swagger is banned
|rule|Baton Pass Clause: Limit one PokÃ©mon knowing Baton Pass
|rule|Sleep Clause Mod: Limit one foe put to sleep
|rule|Species Clause: Limit one of each PokÃ©mon
|rule|OHKO Clause: OHKO moves are banned
|rule|Moody Clause: Moody is banned
|rule|Evasion Moves Clause: Evasion moves are banned
|rule|Endless Battle Clause: Forcing endless battles is banned
|rule|HP Percentage Mod: HP is shown in percentages
|teampreview
|join|Dragonite VII
|
|start
|switch|p1a: Heatran|Heatran, M|327\/327
|switch|p2a: Keldeo|Keldeo|323\/323
|-item|p1a: Heatran|Air Balloon
|turn|1
|join|Gizmoâ
|c| Gizmoâ|wish killer
|join|SageModeMaster
|
|move|p2a: Keldeo|Scald|p1a: Heatran
|-supereffective|p1a: Heatran
|-damage|p1a: Heatran|73\/327
|-enditem|p1a: Heatran|Air Balloon
|move|p1a: Heatran|Stealth Rock|p2a: Keldeo
|-sidestart|p2: wish killer|move: Stealth Rock
|
|turn|2
|c| Gizmoâ|doesn't that team get boring
|
|switch|p1a: Latios|Latios, M|301\/301
|move|p2a: Keldeo|Scald|p1a: Latios
|-resisted|p1a: Latios
|-damage|p1a: Latios|241\/301
|
|turn|3
|c| Gizmoâ|and doesn't everyone ct you
|c| Gizmoâ|abr ct's you
|join|Kung Fu Pancham
|
|switch|p2a: Heatran|Heatran, M|340\/340
|-damage|p2a: Heatran|298\/340|[from] Stealth Rock
|-item|p2a: Heatran|Air Balloon
|move|p1a: Latios|Psychic|p2a: Heatran
|-resisted|p2a: Heatran
|-damage|p2a: Heatran|227\/340
|-enditem|p2a: Heatran|Air Balloon
|
|turn|4
|join|Ox the Fox
|
|switch|p1a: Heatran|Heatran, M|73\/327
|move|p2a: Heatran|Stealth Rock|p1a: Heatran
|-sidestart|p1: I ABR I|move: Stealth Rock
|
|turn|5
|c| Kung Fu Pancham|ox the box turned into ox the fox
|
|switch|p2a: Keldeo|Keldeo|323\/323
|-damage|p2a: Keldeo|303\/323|[from] Stealth Rock
|move|p1a: Heatran|Earth Power|p2a: Keldeo
|-damage|p2a: Keldeo|186\/323
|
|-heal|p2a: Keldeo|206\/323|[from] item: Leftovers
|turn|6
|join|warzoid
|join|TheObsessed
|c| Ox the Fox|no i didn't
|c| Ox the Fox|I'm both
|
|move|p2a: Keldeo|Scald|p1a: Heatran
|-crit|p1a: Heatran
|-supereffective|p1a: Heatran
|-damage|p1a: Heatran|0 fnt
|faint|p1a: Heatran
|
|-heal|p2a: Keldeo|226\/323|[from] item: Leftovers
|c| Kung Fu Pancham|its evolution i tells yah
|
|switch|p1a: Latios|Latios, M|241\/301
|-damage|p1a: Latios|204\/301|[from] Stealth Rock
|turn|7
|
|switch|p2a: Heatran|Heatran, M|227\/340
|-damage|p2a: Heatran|185\/340|[from] Stealth Rock
|move|p1a: Latios|Thunderbolt|p2a: Heatran
|-damage|p2a: Heatran|84\/340
|
|turn|8
|
|switch|p2a: Chansey|Chansey, F|684\/684
|-damage|p2a: Chansey|599\/684|[from] Stealth Rock
|move|p1a: Latios|Thunderbolt|p2a: Chansey
|-damage|p2a: Chansey|539\/684
|
|turn|9
|c| Ox the Fox|yah wish you're an amazing battler, if you make a new team u could be extremely good
|c| Kung Fu Pancham|why is this team so good
|
|switch|p1a: Diggersby|Diggersby, M, shiny|311\/311
|-damage|p1a: Diggersby|292\/311|[from] Stealth Rock
|move|p2a: Chansey|Seismic Toss|p1a: Diggersby
|-damage|p1a: Diggersby|192\/311
|
|turn|10
|
|switch|p2a: Skarmory|Skarmory, M|334\/334
|-damage|p2a: Skarmory|293\/334|[from] Stealth Rock
|move|p1a: Diggersby|Fire Punch|p2a: Skarmory
|-crit|p2a: Skarmory
|-supereffective|p2a: Skarmory
|-damage|p2a: Skarmory|12\/334
|-damage|p1a: Diggersby|141\/311|[from] item: Rocky Helmet|[of] p2a: Skarmory
|-status|p2a: Skarmory|brn
|-damage|p1a: Diggersby|110\/311|[from] item: Life Orb
|
|-damage|p2a: Skarmory|0 fnt|[from] brn
|faint|p2a: Skarmory
|c|âI ABR I|bop.
|
|switch|p2a: Bisharp|Bisharp, M|334\/334
|-damage|p2a: Bisharp|314\/334|[from] Stealth Rock
|turn|11
|c| Kung Fu Pancham|he likes his seme stall
|
|move|p1a: Diggersby|Quick Attack|p2a: Bisharp
|-resisted|p2a: Bisharp
|-damage|p2a: Bisharp|254\/334
|-damage|p1a: Diggersby|79\/311|[from] item: Life Orb
|move|p2a: Bisharp|Sucker Punch|p1a: Diggersby
|-fail|p1a: Diggersby
|
|-heal|p2a: Bisharp|274\/334|[from] item: Leftovers
|turn|12
|
|move|p2a: Bisharp|Sucker Punch|p1a: Diggersby
|-damage|p1a: Diggersby|0 fnt
|faint|p1a: Diggersby
|
|-heal|p2a: Bisharp|294\/334|[from] item: Leftovers
|
|switch|p1a: Breloom|Breloom, M|261\/261
|-damage|p1a: Breloom|245\/261|[from] Stealth Rock
|turn|13
|
|switch|p2a: Venusaur|Venusaur, F|364\/364
|-damage|p2a: Venusaur|319\/364|[from] Stealth Rock
|move|p1a: Breloom|Mach Punch|p2a: Venusaur
|-resisted|p2a: Venusaur
|-damage|p2a: Venusaur|272\/364
|
|turn|14
|
|detailschange|p2a: Venusaur|Venusaur-Mega, F
|message|Venusaur has Mega Evolved into Mega Venusaur!
|move|p1a: Breloom|Rock Tomb|p2a: Venusaur|[miss]
|-miss|p1a: Breloom|p2a: Venusaur
|move|p2a: Venusaur|Giga Drain|p1a: Breloom
|-resisted|p1a: Breloom
|-damage|p1a: Breloom|172\/261
|-heal|p2a: Venusaur|309\/364|[from] drain|[of] p1a: Breloom
|
|turn|15
|
|move|p1a: Breloom|Rock Tomb|p2a: Venusaur
|-damage|p2a: Venusaur|232\/364
|-unboost|p2a: Venusaur|spe|1
|move|p2a: Venusaur|Hidden Power|p1a: Breloom
|-supereffective|p1a: Breloom
|-damage|p1a: Breloom|12\/261
|
|turn|16
|
|move|p1a: Breloom|Rock Tomb|p2a: Venusaur
|-damage|p2a: Venusaur|161\/364
|-unboost|p2a: Venusaur|spe|1
|move|p2a: Venusaur|Synthesis|p2a: Venusaur
|-heal|p2a: Venusaur|343\/364
|
|turn|17
|
|move|p1a: Breloom|Rock Tomb|p2a: Venusaur
|-damage|p2a: Venusaur|272\/364
|-unboost|p2a: Venusaur|spe|1
|move|p2a: Venusaur|Giga Drain|p1a: Breloom
|-resisted|p1a: Breloom
|-damage|p1a: Breloom|0 fnt
|-heal|p2a: Venusaur|278\/364|[from] drain|[of] p1a: Breloom
|faint|p1a: Breloom
|
|join|Squirrelll
|c| Kung Fu Pancham|i would have doubled into latios
|
|switch|p1a: Landorus|Landorus, M|319\/319
|-damage|p1a: Landorus|280\/319|[from] Stealth Rock
|turn|18
|c|âI ABR I|w\/e
|
|switch|p2a: Heatran|Heatran, M|84\/340
|-damage|p2a: Heatran|42\/340|[from] Stealth Rock
|move|p1a: Landorus|Psychic|p2a: Heatran
|-resisted|p2a: Heatran
|-damage|p2a: Heatran|0 fnt
|faint|p2a: Heatran
|
|
|switch|p2a: Keldeo|Keldeo|226\/323
|-damage|p2a: Keldeo|206\/323|[from] Stealth Rock
|turn|19
|c| Ox the Fox|scarf lando go
|c|âI ABR I|nah its cool i got this
|
|move|p2a: Keldeo|Scald|p1a: Landorus
|-supereffective|p1a: Landorus
|-damage|p1a: Landorus|0 fnt
|faint|p1a: Landorus
|
|-heal|p2a: Keldeo|226\/323|[from] item: Leftovers
|
|switch|p1a: Latios|Latios, M|204\/301
|-damage|p1a: Latios|167\/301|[from] Stealth Rock
|turn|20
|
|switch|p2a: Bisharp|Bisharp, M|294\/334
|-damage|p2a: Bisharp|274\/334|[from] Stealth Rock
|move|p1a: Latios|Memento|p2a: Bisharp
|-unboost|p2a: Bisharp|atk|2
|-boost|p2a: Bisharp|atk|2|[from] ability: Defiant
|-unboost|p2a: Bisharp|spa|2
|-boost|p2a: Bisharp|atk|2|[from] ability: Defiant
|faint|p1a: Latios
|
|-heal|p2a: Bisharp|294\/334|[from] item: Leftovers
|c|âI ABR I|fuck
|c|âI ABR I|was hoping
|c| Dragonite VII|ahhhh
|c| Kung Fu Pancham|baka
|c| Ox the Fox|;_;
|c| Dragonite VII|destruction
|
|switch|p1a: Scizor|Scizor, M|289\/289
|-damage|p1a: Scizor|253\/289|[from] Stealth Rock
|turn|21
|
|detailschange|p1a: Scizor|Scizor-Mega, M
|message|Scizor has Mega Evolved into Mega Scizor!
|move|p1a: Scizor|Swords Dance|p1a: Scizor
|-boost|p1a: Scizor|atk|2
|move|p2a: Bisharp|Knock Off|p1a: Scizor
|-damage|p1a: Scizor|57\/289
|
|-heal|p2a: Bisharp|314\/334|[from] item: Leftovers
|turn|22
|c| Ox the Fox|scizor would have won
|c| Ox the Fox|had u spammed
|
|move|p1a: Scizor|Bullet Punch|p2a: Bisharp
|-resisted|p2a: Bisharp
|-damage|p2a: Bisharp|190\/334
|move|p2a: Bisharp|Knock Off|p1a: Scizor
|-damage|p1a: Scizor|0 fnt
|faint|p1a: Scizor
|
|win|wish killer
|raw|Ladder updating...
|raw|I ABR I's rating: 1664 &rarr; <strong>1646<\/strong><br \/>(-18 for losing)
|raw|wish killer's rating: 1705 &rarr; <strong>1723<\/strong><br \/>(+18 for winning)
|c| Kung Fu Pancham|wish killer