|join|I ABR I
|join|Trintirotulene
|player|p1|I ABR I|291
|player|p2|Trintirotulene|101
|gametype|singles
|gen|6
|tier|OU
|rated
|clearpoke
|poke|p1|Breloom, M
|poke|p1|Bisharp, M
|poke|p1|Diggersby, M, shiny
|poke|p1|Latias, F
|poke|p1|Pinsir, M
|poke|p1|Talonflame, M
|poke|p2|Tentacruel, F
|poke|p2|Krookodile, M
|poke|p2|Pidgeot, M
|poke|p2|Gligar, F
|poke|p2|Snorlax, F
|poke|p2|Cobalion
|rule|Swagger Clause: Swagger is banned
|rule|Baton Pass Clause: Limit one PokÃ©mon knowing Baton Pass
|rule|Sleep Clause Mod: Limit one foe put to sleep
|rule|Species Clause: Limit one of each PokÃ©mon
|rule|OHKO Clause: OHKO moves are banned
|rule|Moody Clause: Moody is banned
|rule|Evasion Moves Clause: Evasion moves are banned
|rule|Endless Battle Clause: Forcing endless battles is banned
|rule|HP Percentage Mod: HP is shown in percentages
|teampreview
|c|âTrintirotulene|fck
|c|âI ABR I|wrong tier?
|c|âTrintirotulene|yes
|c|âTrintirotulene|hm
|
|start
|switch|p1a: Breloom|Breloom, M|261\/261
|switch|p2a: Tentacruel|Tentacruel, F|363\/363
|turn|1
|
|move|p1a: Breloom|Spore|p2a: Tentacruel
|-status|p2a: Tentacruel|slp
|cant|p2a: Tentacruel|slp
|
|turn|2
|
|switch|p1a: Latias|Latias, F|319\/319
|switch|p2a: Gligar|Gligar, F|334\/334
|
|turn|3
|
|switch|p2a: Snorlax|Snorlax, F|462\/462
|move|p1a: Latias|Draco Meteor|p2a: Snorlax
|-damage|p2a: Snorlax|344\/462
|-unboost|p1a: Latias|spa|2
|-damage|p1a: Latias|288\/319|[from] item: Life Orb
|
|turn|4
|
|switch|p1a: Bisharp|Bisharp, M|271\/271
|move|p2a: Snorlax|Return|p1a: Bisharp
|-resisted|p1a: Bisharp
|-damage|p1a: Bisharp|184\/271
|
|turn|5
|
|switch|p2a: Cobalion|Cobalion|323\/323
|move|p1a: Bisharp|Stealth Rock|p2a: Cobalion
|-sidestart|p2: Trintirotulene|move: Stealth Rock
|
|turn|6
|
|switch|p1a: Talonflame|Talonflame, M|317\/317
|move|p2a: Cobalion|Volt Switch|p1a: Talonflame
|-crit|p1a: Talonflame
|-supereffective|p1a: Talonflame
|-damage|p1a: Talonflame|127\/317
|
|switch|p2a: Gligar|Gligar, F|334\/334
|-damage|p2a: Gligar|293\/334|[from] Stealth Rock
|
|turn|7
|
|move|p1a: Talonflame|Will-O-Wisp|p2a: Gligar
|-status|p2a: Gligar|brn
|move|p2a: Gligar|Stealth Rock|p1a: Talonflame
|-sidestart|p1: I ABR I|move: Stealth Rock
|
|-damage|p2a: Gligar|252\/334 brn|[from] brn
|turn|8
|
|move|p1a: Talonflame|Roost|p1a: Talonflame
|-heal|p1a: Talonflame|286\/317
|move|p2a: Gligar|U-turn|p1a: Talonflame
|-resisted|p1a: Talonflame
|-damage|p1a: Talonflame|272\/317
|
|switch|p2a: Cobalion|Cobalion|323\/323
|-damage|p2a: Cobalion|313\/323|[from] Stealth Rock
|
|turn|9
|
|move|p2a: Cobalion|Stone Edge|p1a: Talonflame
|-supereffective|p1a: Talonflame
|-damage|p1a: Talonflame|0 fnt
|faint|p1a: Talonflame
|
|
|switch|p1a: Latias|Latias, F|288\/319
|-damage|p1a: Latias|249\/319|[from] Stealth Rock
|turn|10
|
|switch|p2a: Snorlax|Snorlax, F|344\/462
|-damage|p2a: Snorlax|287\/462|[from] Stealth Rock
|move|p1a: Latias|Defog|p2a: Snorlax
|-unboost|p2a: Snorlax|evasion|1
|-sideend|p2: Trintirotulene|Stealth Rock|[from] move: Defog|[of] p2a: Snorlax
|-sideend|p1: I ABR I|Stealth Rock|[from] move: Defog|[of] p1a: Latias
|
|turn|11
|
|switch|p1a: Bisharp|Bisharp, M|184\/271
|move|p2a: Snorlax|Return|p1a: Bisharp
|-resisted|p1a: Bisharp
|-damage|p1a: Bisharp|88\/271
|
|turn|12
|
|switch|p2a: Gligar|Gligar, F|252\/334 brn
|move|p1a: Bisharp|Stealth Rock|p2a: Gligar
|-sidestart|p2: Trintirotulene|move: Stealth Rock
|
|-damage|p2a: Gligar|211\/334 brn|[from] brn
|turn|13
|
|move|p1a: Bisharp|Knock Off|p2a: Gligar
|-damage|p2a: Gligar|117\/334 brn
|-enditem|p2a: Gligar|Eviolite|[from] move: Knock Off|[of] p1a: Bisharp
|move|p2a: Gligar|Stealth Rock|p1a: Bisharp
|-sidestart|p1: I ABR I|move: Stealth Rock
|
|-damage|p2a: Gligar|76\/334 brn|[from] brn
|turn|14
|
|switch|p1a: Latias|Latias, F|249\/319
|-damage|p1a: Latias|210\/319|[from] Stealth Rock
|move|p2a: Gligar|Roost|p2a: Gligar
|-heal|p2a: Gligar|243\/334 brn
|
|-damage|p2a: Gligar|202\/334 brn|[from] brn
|turn|15
|
|switch|p2a: Krookodile|Krookodile, M|331\/331
|-damage|p2a: Krookodile|311\/331|[from] Stealth Rock
|-ability|p2a: Krookodile|Intimidate|[of] p1a: Latias
|-unboost|p1a: Latias|atk|1
|move|p1a: Latias|Defog|p2a: Krookodile
|-unboost|p2a: Krookodile|evasion|1
|-sideend|p2: Trintirotulene|Stealth Rock|[from] move: Defog|[of] p2a: Krookodile
|-sideend|p1: I ABR I|Stealth Rock|[from] move: Defog|[of] p1a: Latias
|
|turn|16
|
|switch|p2a: Snorlax|Snorlax, F|287\/462
|move|p1a: Latias|Draco Meteor|p2a: Snorlax
|-damage|p2a: Snorlax|162\/462
|-unboost|p1a: Latias|spa|2
|-damage|p1a: Latias|179\/319|[from] item: Life Orb
|
|turn|17
|
|move|p1a: Latias|Healing Wish|p1a: Latias
|faint|p1a: Latias
|move|p2a: Snorlax|Return|p1: Latias|[notarget]
|-notarget
|
|
|switch|p1a: Bisharp|Bisharp, M|88\/271
|-heal|p1a: Bisharp|271\/271|[from] move: Healing Wish
|turn|18
|
|switch|p2a: Gligar|Gligar, F|202\/334 brn
|move|p1a: Bisharp|Stealth Rock|p2a: Gligar
|-sidestart|p2: Trintirotulene|move: Stealth Rock
|
|-damage|p2a: Gligar|161\/334 brn|[from] brn
|turn|19
|
|switch|p1a: Diggersby|Diggersby, M, shiny|311\/311
|move|p2a: Gligar|Stealth Rock|p1a: Diggersby
|-sidestart|p1: I ABR I|move: Stealth Rock
|
|-damage|p2a: Gligar|120\/334 brn|[from] brn
|turn|20
|
|move|p1a: Diggersby|Return|p2a: Gligar
|-damage|p2a: Gligar|0 fnt
|faint|p2a: Gligar
|
|
|switch|p2a: Krookodile|Krookodile, M|311\/331
|-damage|p2a: Krookodile|291\/331|[from] Stealth Rock
|-ability|p2a: Krookodile|Intimidate|[of] p1a: Diggersby
|-unboost|p1a: Diggersby|atk|1
|turn|21
|
|move|p2a: Krookodile|Knock Off|p1a: Diggersby
|-damage|p1a: Diggersby|91\/311
|-enditem|p1a: Diggersby|Focus Sash|[from] move: Knock Off|[of] p2a: Krookodile
|move|p1a: Diggersby|Return|p2a: Krookodile
|-damage|p2a: Krookodile|114\/331
|
|turn|22
|
|move|p1a: Diggersby|Quick Attack|p2a: Krookodile
|-damage|p2a: Krookodile|44\/331
|move|p2a: Krookodile|Earthquake|p1a: Diggersby
|-damage|p1a: Diggersby|0 fnt
|faint|p1a: Diggersby
|
|
|switch|p1a: Breloom|Breloom, M|261\/261
|-damage|p1a: Breloom|245\/261|[from] Stealth Rock
|turn|23
|
|move|p1a: Breloom|Mach Punch|p2a: Krookodile
|-supereffective|p2a: Krookodile
|-damage|p2a: Krookodile|0 fnt
|faint|p2a: Krookodile
|
|-message|I ABR I forfeited.
|leave|I ABR I
|
|win|Trintirotulene
|raw|Ladder updating...
|player|p1
|raw|I ABR I's rating: 1604 &rarr; <strong>1584<\/strong><br \/>(-20 for losing)
|raw|Trintirotulene's rating: 1604 &rarr; <strong>1624<\/strong><br \/>(+20 for winning)