|join|jake5
|join|I ABR I
|player|p1|jake5|290
|player|p2|I ABR I|291
|gametype|singles
|gen|6
|tier|OU
|clearpoke
|poke|p1|Gengar, F, shiny
|poke|p1|Azelf, shiny
|poke|p1|Metagross, shiny
|poke|p1|Azumarill, F, shiny
|poke|p1|Landorus, M, shiny
|poke|p1|Magnezone, shiny
|poke|p2|Politoed, M
|poke|p2|Metagross
|poke|p2|Kabutops, M
|poke|p2|Kingdra, M
|poke|p2|Latias, F
|poke|p2|Garchomp, M
|rule|Swagger Clause: Swagger is banned
|rule|Baton Pass Clause: Limit one PokÃ©mon knowing Baton Pass
|rule|Sleep Clause Mod: Limit one foe put to sleep
|rule|Species Clause: Limit one of each PokÃ©mon
|rule|OHKO Clause: OHKO moves are banned
|rule|Moody Clause: Moody is banned
|rule|Evasion Moves Clause: Evasion moves are banned
|rule|Endless Battle Clause: Forcing endless battles is banned
|rule|HP Percentage Mod: HP is shown in percentages
|teampreview
|c|âjake5|eh rain gl
|join|Relic Stone
|join|Ox the Box
|c|âI ABR I|thatll be sad
|c|âI ABR I|if i lose
|c| Relic Stone|jake
|c|âI ABR I|lol
|c|âjake5|ikr
|c|âjake5|it'll be sad af
|c| Relic Stone|that the team u used vs me on the ladder..
|c|âjake5|k lol
|
|start
|switch|p1a: Azelf|Azelf, shiny|291\/291
|switch|p2a: Metagross|Metagross|301\/301
|turn|1
|
|detailschange|p2a: Metagross|Metagross-Mega
|-mega|p2a: Metagross|Metagross|Metagrossite
|move|p1a: Azelf|Stealth Rock|p2a: Metagross
|-sidestart|p2: I ABR I|move: Stealth Rock
|move|p2a: Metagross|Meteor Mash|p1a: Azelf
|-enditem|p1a: Azelf|Focus Sash
|-damage|p1a: Azelf|1\/291
|
|turn|2
|
|move|p1a: Azelf|Fire Blast|p2a: Metagross|[miss]
|-miss|p1a: Azelf|p2a: Metagross
|move|p2a: Metagross|Thunder Punch|p1a: Azelf
|-damage|p1a: Azelf|0 fnt
|faint|p1a: Azelf
|
|c|âjake5|gayy
|c|âI ABR I|use
|c|âI ABR I|flamethrower
|c|âjake5|well w\/e
|c|âI ABR I|its
|c|âI ABR I|superior
|
|switch|p1a: Gengar|Gengar, F, shiny|261\/261
|turn|3
|c|âjake5|n
|c| Ox the Box|flamethrower sucks lol
|c|âjake5|^
|join|Jefo
|c|âI ABR I|well
|c|âI ABR I|would he rather
|c|âI ABR I|tiny bit less damage all the time
|
|switch|p2a: Politoed|Politoed, M|383\/383
|-damage|p2a: Politoed|336\/383|[from] Stealth Rock
|-weather|RainDance
|move|p1a: Gengar|Shadow Ball|p2a: Politoed
|-damage|p2a: Politoed|194\/383
|-damage|p1a: Gengar|235\/261|[from] item: Life Orb
|
|-weather|RainDance|[upkeep]
|turn|4
|c|âI ABR I|or 0% sometimes
|c| Relic Stone|speed tie
|c|âI ABR I|wouldnt it b nice
|c|âI ABR I|if he could get damage there
|leave|Jefo
|c| Relic Stone|make metagross slower than base 100
|c| Relic Stone|;-;
|join|u got slowbro'ed
|
|move|p1a: Gengar|Sludge Wave|p2a: Politoed
|-crit|p2a: Politoed
|-damage|p2a: Politoed|0 fnt
|-damage|p1a: Gengar|209\/261|[from] item: Life Orb
|faint|p2a: Politoed
|
|-weather|RainDance|[upkeep]
|join|Cronenberg
|c|âI ABR I|,
|join|Gizmo
|c|âI ABR I|id rahter
|c|âI ABR I|rather
|join|CleanerThanRotom-W
|c|âI ABR I|u hit fire
|c|âI ABR I|and me have poli
|c|âI ABR I|sheesh
|join|i came from leddit
|c|âI ABR I|i used rest
|c| u got slowbro'ed|look
|c| Gizmo|i get you made offense
|c| u got slowbro'ed|joke4 with his signature team
|c| i came from leddit|welcome tele
|
|switch|p2a: Garchomp|Garchomp, M|357\/357
|-damage|p2a: Garchomp|335\/357|[from] Stealth Rock
|turn|5
|c| Gizmo|but why did you have to get 6-0'd by rain
|c|âI ABR I|what kinda
|c|âI ABR I|bs ha
|raw|<div class="broadcast-red"><b>Moderated chat was set to +!<\/b><br \/>Only users of rank + and higher can talk.<\/div>
|c|âI ABR I|hax
|c|âI ABR I|is that
|c|âjake5|voice anyone you want but that cunt
u got slowbro'ed was promoted to Room Voice by I ABR I.
|c|âI ABR I|i like tele
|c|+u got slowbro'ed|hi
Gizmo was promoted to Room Voice by I ABR I.
|c|+Gizmo|lmao
|c|âjake5|i don't
|
|move|p1a: Gengar|Shadow Ball|p2a: Garchomp
|-damage|p2a: Garchomp|131\/357
|-damage|p1a: Gengar|183\/261|[from] item: Life Orb
|move|p2a: Garchomp|Stealth Rock|p1a: Gengar
|-sidestart|p1: jake5|move: Stealth Rock
|
|-weather|RainDance|[upkeep]
|turn|6
|c|+Gizmo|Tele *-*
u got slowbro'ed was promoted to Room Voice by I ABR I.
|c|âI ABR I|he is
|c|âI ABR I|better than all of us
|c|+u got slowbro'ed|:^
|
|move|p1a: Gengar|Shadow Ball|p2a: Garchomp
|-damage|p2a: Garchomp|0 fnt
|-damage|p1a: Gengar|157\/261|[from] item: Life Orb
|faint|p2a: Garchomp
|
|-weather|RainDance|[upkeep]
|c|âjake5|he wishes
|c|âjake5|just play the game
|c|âjake5|fine voice him
|c|âjake5|just play the game
|c|âI ABR I|man thats so gay
|c|âI ABR I|u crit
|
|switch|p2a: Kingdra|Kingdra, M|291\/291
|-damage|p2a: Kingdra|255\/291|[from] Stealth Rock
|turn|7
|
|move|p2a: Kingdra|Waterfall|p1a: Gengar
|-damage|p1a: Gengar|0 fnt
|-damage|p2a: Kingdra|226\/291|[from] item: Life Orb
|faint|p1a: Gengar
|
|-weather|RainDance|[upkeep]
|c|âjake5|lol
|c|+Gizmo|inb4 abr loses to this team build with rain
|
|switch|p1a: Azumarill|Azumarill, F, shiny|401\/401
|-damage|p1a: Azumarill|351\/401|[from] Stealth Rock
|turn|8
|
|move|p2a: Kingdra|Hydro Pump|p1a: Azumarill
|-resisted|p1a: Azumarill
|-damage|p1a: Azumarill|208\/401
|-damage|p2a: Kingdra|197\/291|[from] item: Life Orb
|move|p1a: Azumarill|Play Rough|p2a: Kingdra
|-supereffective|p2a: Kingdra
|-damage|p2a: Kingdra|0 fnt
|faint|p2a: Kingdra
|
|-weather|RainDance|[upkeep]
|c|âjake5|that'll be embarrasing
|c|+Gizmo|ah
|leave|i came from leddit
|c|+Gizmo|nice av
|c|âjake5|LOL
|
|switch|p2a: Metagross|Metagross-Mega|301\/301
|-damage|p2a: Metagross|283\/301|[from] Stealth Rock
|turn|9
|c|âjake5|av azu is the only kinda azu for me
|c|+Gizmo|well
|c|+Gizmo|if you're scarf mag
|c|+Gizmo|and you just jet here
|
|move|p1a: Azumarill|Aqua Jet|p2a: Metagross
|-damage|p2a: Metagross|187\/301
|move|p2a: Metagross|Meteor Mash|p1a: Azumarill
|-damage|p1a: Azumarill|0 fnt
|-boost|p2a: Metagross|atk|1
|faint|p1a: Azumarill
|
|-weather|RainDance|[upkeep]
Relic Stone was promoted to Room Voice by jake5.
|c|âI ABR I|there we go
|
|switch|p1a: Magnezone|Magnezone, shiny|285\/285
|-damage|p1a: Magnezone|268\/285|[from] Stealth Rock
|turn|10
|c|âI ABR I|wouldnt it b nice
|
|move|p1a: Magnezone|Volt Switch|p2a: Metagross
|-damage|p2a: Metagross|63\/301
|c|âI ABR I|if i had rain to get up again
|
|switch|p1a: Landorus|Landorus, M, shiny|345\/345
|-damage|p1a: Landorus|302\/345|[from] Stealth Rock
|move|p2a: Metagross|Hammer Arm|p1a: Landorus
|-resisted|p1a: Landorus
|-damage|p1a: Landorus|160\/345
|-unboost|p2a: Metagross|spe|1
|
|-weather|none
|turn|11
|c|âjake5|ah niche im faster
|
|switch|p2a: Latias|Latias, F|319\/319
|-damage|p2a: Latias|280\/319|[from] Stealth Rock
|move|p1a: Landorus|Knock Off|p2a: Latias
|-supereffective|p2a: Latias
|-damage|p2a: Latias|17\/319
|-enditem|p2a: Latias|Life Orb|[from] move: Knock Off|[of] p1a: Landorus
|-damage|p1a: Landorus|126\/345|[from] item: Life Orb
|
|turn|12
|c|âjake5|reveal rain dance lati
|
|switch|p1a: Magnezone|Magnezone, shiny|268\/285
|-damage|p1a: Magnezone|251\/285|[from] Stealth Rock
|move|p2a: Latias|Healing Wish|p2a: Latias
|faint|p2a: Latias
|
|c|âI ABR I|why would i do such a thing
|c|âjake5|k
|
|switch|p2a: Metagross|Metagross-Mega|63\/301
|-heal|p2a: Metagross|301\/301|[from] move: Healing Wish
|-damage|p2a: Metagross|283\/301|[from] Stealth Rock
|turn|13
|leave|Relic Stone
|
|move|p1a: Magnezone|Volt Switch|p2a: Metagross
|-damage|p2a: Metagross|171\/301
|
|switch|p1a: Landorus|Landorus, M, shiny|126\/345
|-damage|p1a: Landorus|83\/345|[from] Stealth Rock
|move|p2a: Metagross|Hammer Arm|p1a: Landorus
|-resisted|p1a: Landorus
|-damage|p1a: Landorus|0 fnt
|-unboost|p2a: Metagross|spe|1
|faint|p1a: Landorus
|
|
|switch|p1a: Metagross|Metagross, shiny|301\/301
|-damage|p1a: Metagross|283\/301|[from] Stealth Rock
|turn|14
|c|âjake5|shiny gross>>normal gross
|join|Mistaken
|
|switch|p2a: Kabutops|Kabutops, M|261\/261
|-damage|p2a: Kabutops|229\/261|[from] Stealth Rock
|detailschange|p1a: Metagross|Metagross-Mega, shiny
|-mega|p1a: Metagross|Metagross|Metagrossite
|move|p1a: Metagross|Earthquake|p2a: Kabutops
|-supereffective|p2a: Kabutops
|-damage|p2a: Kabutops|0 fnt
|faint|p2a: Kabutops
|
|c|âI ABR I|non lucky n bad players < me
|c|+Gizmo|where was
|c|+Gizmo|the luck
|c|âI ABR I|he didnt crit poli
|c|âI ABR I|and i didnt rest
|
|switch|p2a: Metagross|Metagross-Mega|171\/301
|-damage|p2a: Metagross|153\/301|[from] Stealth Rock
|turn|15
|c|âI ABR I|ur right
|c|âjake5|i didnt miss fire blast
|c|âI ABR I|that didnt
|c|âI ABR I|matter
|c|âI ABR I|if i had rain
|c|âI ABR I|dont even compare the two
|c|âI ABR I|again, i had hwish
|leave|CleanerThanRotom-W
|
|move|p1a: Metagross|Earthquake|p2a: Metagross
|-supereffective|p2a: Metagross
|-damage|p2a: Metagross|0 fnt
|faint|p2a: Metagross
|
|win|jake5
|c|âjake5|k but its just embarassing you lost with a rain team
|leave|I ABR I
|leave|jake5
|player|p2
|player|p1
|leave|Gizmo