|join|InToDaPussi
|join|I ABR I
|player|p1|InToDaPussi|2
|player|p2|I ABR I|291
|gametype|singles
|gen|6
|tier|OU (suspect test)
|rated
|clearpoke
|poke|p1|Metagross
|poke|p1|Rotom-Wash
|poke|p1|Chansey, F
|poke|p1|Landorus, M
|poke|p1|Clefable, F
|poke|p1|Bisharp, F
|poke|p2|Politoed, M
|poke|p2|Keldeo
|poke|p2|Manectric, M
|poke|p2|Kabutops, M
|poke|p2|Tornadus-Therian, M
|poke|p2|Garchomp, M
|rule|Swagger Clause: Swagger is banned
|rule|Baton Pass Clause: Limit one PokÃ©mon knowing Baton Pass
|rule|Sleep Clause Mod: Limit one foe put to sleep
|rule|Species Clause: Limit one of each PokÃ©mon
|rule|OHKO Clause: OHKO moves are banned
|rule|Moody Clause: Moody is banned
|rule|Evasion Moves Clause: Evasion moves are banned
|rule|Endless Battle Clause: Forcing endless battles is banned
|rule|HP Percentage Mod: HP is shown in percentages
|teampreview
|
|start
|switch|p1a: Rotom-Wash|Rotom-Wash|304\/304
|switch|p2a: Garchomp|Garchomp, M|357\/357
|turn|1
|join|CleanerThanRotom-W
|
|move|p2a: Garchomp|Stealth Rock|p1a: Rotom-Wash
|-sidestart|p1: InToDaPussi|move: Stealth Rock
|move|p1a: Rotom-Wash|Will-O-Wisp|p2a: Garchomp
|-status|p2a: Garchomp|brn
|-enditem|p2a: Garchomp|Lum Berry|[eat]
|-curestatus|p2a: Garchomp|brn
|
|turn|2
|join|Ox the Banner
|
|move|p2a: Garchomp|Dragon Claw|p1a: Rotom-Wash
|-damage|p1a: Rotom-Wash|180\/304
|move|p1a: Rotom-Wash|Will-O-Wisp|p2a: Garchomp
|-status|p2a: Garchomp|brn
|
|-heal|p1a: Rotom-Wash|199\/304|[from] item: Leftovers
|-damage|p2a: Garchomp|313\/357 brn|[from] brn
|turn|3
|
|switch|p1a: Clefable|Clefable, F|394\/394
|move|p2a: Garchomp|Dragon Claw|p1a: Clefable
|-immune|p1a: Clefable|[msg]
|
|-damage|p2a: Garchomp|269\/357 brn|[from] brn
|turn|4
|
|switch|p2a: Politoed|Politoed, M|383\/383
|-weather|RainDance
|move|p1a: Clefable|Calm Mind|p1a: Clefable
|-boost|p1a: Clefable|spa|1
|-boost|p1a: Clefable|spd|1
|
|-weather|RainDance|[upkeep]
|turn|5
|
|move|p2a: Politoed|Encore|p1a: Clefable
|-start|p1a: Clefable|Encore
|move|p1a: Clefable|Calm Mind|p1a: Clefable
|-boost|p1a: Clefable|spa|1
|-boost|p1a: Clefable|spd|1
|
|-weather|RainDance|[upkeep]
|turn|6
|
|switch|p2a: Keldeo|Keldeo|323\/323
|move|p1a: Clefable|Calm Mind|p1a: Clefable
|-boost|p1a: Clefable|spa|1
|-boost|p1a: Clefable|spd|1
|
|-weather|RainDance|[upkeep]
|turn|7
|c|âI ABR I|lol ok then
|join|Omegasization
|
|move|p2a: Keldeo|Scald|p1a: Clefable
|-damage|p1a: Clefable|256\/394
|move|p1a: Clefable|Calm Mind|p1a: Clefable
|-boost|p1a: Clefable|spa|1
|-boost|p1a: Clefable|spd|1
|
|-weather|RainDance|[upkeep]
|-heal|p1a: Clefable|280\/394|[from] item: Leftovers
|-end|p1a: Clefable|Encore
|turn|8
|c| CleanerThanRotom-W|back into poli
|c| CleanerThanRotom-W|?
|c|âI ABR I|yea i have 1 turn
|c| CleanerThanRotom-W|what are u doing
|c|âI ABR I|or no
|c|âI ABR I|lol
|c| Ox the Banner|watch this win right here
|c|âI ABR I|i thought i had
|c|âI ABR I|1 more
|c| CleanerThanRotom-W|lmao
|c| CleanerThanRotom-W|because of ur misplay
|c| CleanerThanRotom-W|he wins
|c| CleanerThanRotom-W|haha
|c|âI ABR I|nah
|
|switch|p2a: Politoed|Politoed, M|383\/383
|move|p1a: Clefable|Calm Mind|p1a: Clefable
|-boost|p1a: Clefable|spa|1
|-boost|p1a: Clefable|spd|1
|
|-weather|RainDance|[upkeep]
|-heal|p1a: Clefable|304\/394|[from] item: Leftovers
|turn|9
|c|âI ABR I|ez win
|c| CleanerThanRotom-W|LOL
|c|âI ABR I|..
|c| CleanerThanRotom-W|wtf
|c| CleanerThanRotom-W|is he doing
|
|move|p2a: Politoed|Encore|p1a: Clefable
|-start|p1a: Clefable|Encore
|move|p1a: Clefable|Calm Mind|p1a: Clefable
|-boost|p1a: Clefable|spa|1
|-boost|p1a: Clefable|spd|1
|
|-weather|RainDance|[upkeep]
|-heal|p1a: Clefable|328\/394|[from] item: Leftovers
|turn|10
|c|âI ABR I|idk why he is stayin in
|c| CleanerThanRotom-W|scald
|
|switch|p2a: Kabutops|Kabutops, M|261\/261
|move|p1a: Clefable|Calm Mind|p1a: Clefable
|-fail|p1a: Clefable
|
|-weather|RainDance|[upkeep]
|-heal|p1a: Clefable|352\/394|[from] item: Leftovers
|turn|11
|c|âI ABR I|nah this works
|
|switch|p1a: Rotom-Wash|Rotom-Wash|199\/304
|-damage|p1a: Rotom-Wash|161\/304|[from] Stealth Rock
|move|p2a: Kabutops|Waterfall|p1a: Rotom-Wash
|-resisted|p1a: Rotom-Wash
|-damage|p1a: Rotom-Wash|32\/304
|-damage|p2a: Kabutops|235\/261|[from] item: Life Orb
|
|-weather|none
|-heal|p1a: Rotom-Wash|51\/304|[from] item: Leftovers
|turn|12
|c| Ox the Banner|u literally clicked moonblast
|c| Ox the Banner|and got 2 kills
|c| CleanerThanRotom-W|he doesnt like winning
|
|move|p2a: Kabutops|Waterfall|p1a: Rotom-Wash
|-resisted|p1a: Rotom-Wash
|-damage|p1a: Rotom-Wash|0 fnt
|-damage|p2a: Kabutops|209\/261|[from] item: Life Orb
|faint|p1a: Rotom-Wash
|
|c| Ox the Banner|tbh
|c|âI ABR I|idk why he stayed in the first time
|c| Ox the Banner|I think he might have won
|
|switch|p1a: Metagross|Metagross|364\/364
|-damage|p1a: Metagross|342\/364|[from] Stealth Rock
|turn|13
|c| Ox the Banner|if he moonblasted
|
|switch|p2a: Garchomp|Garchomp, M|269\/357 brn
|detailschange|p1a: Metagross|Metagross-Mega
|-mega|p1a: Metagross|Metagross|Metagrossite
|move|p1a: Metagross|Bullet Punch|p2a: Garchomp
|-crit|p2a: Garchomp
|-damage|p2a: Garchomp|97\/357 brn
|-damage|p1a: Metagross|297\/364|[from] ability: Rough Skin|[of] p2a: Garchomp
|
|-damage|p2a: Garchomp|53\/357 brn|[from] brn
|turn|14
|c| Ox the Banner|because nothing can kill after
|join|Alldaalts
|
|switch|p1a: Clefable|Clefable, F|352\/394
|move|p2a: Garchomp|Earthquake|p1a: Clefable
|-damage|p1a: Clefable|279\/394
|
|-heal|p1a: Clefable|303\/394|[from] item: Leftovers
|-damage|p2a: Garchomp|9\/357 brn|[from] brn
|turn|15
|
|switch|p2a: Politoed|Politoed, M|383\/383
|-weather|RainDance
|move|p1a: Clefable|Soft-Boiled|p1a: Clefable
|-heal|p1a: Clefable|394\/394
|
|-weather|RainDance|[upkeep]
|turn|16
|
|switch|p1a: Bisharp|Bisharp, F|271\/271
|-damage|p1a: Bisharp|255\/271|[from] Stealth Rock
|move|p2a: Politoed|Encore|p1a: Bisharp
|-fail|p1a: Bisharp
|
|-weather|RainDance|[upkeep]
|turn|17
|
|switch|p2a: Garchomp|Garchomp, M|9\/357 brn
|move|p1a: Bisharp|Knock Off|p2a: Garchomp
|-damage|p2a: Garchomp|0 fnt
|-damage|p1a: Bisharp|222\/271|[from] ability: Rough Skin|[of] p2a: Garchomp
|faint|p2a: Garchomp
|
|-weather|RainDance|[upkeep]
|
|switch|p2a: Keldeo|Keldeo|323\/323
|turn|18
|c|âI ABR I|this is based offense y\/n
|
|move|p1a: Bisharp|Knock Off|p2a: Keldeo
|-resisted|p2a: Keldeo
|-damage|p2a: Keldeo|228\/323
|-boost|p2a: Keldeo|atk|1|[from] ability: Justified
|-enditem|p2a: Keldeo|Choice Specs|[from] move: Knock Off|[of] p1a: Bisharp
|move|p2a: Keldeo|Scald|p1a: Bisharp
|-damage|p1a: Bisharp|0 fnt
|faint|p1a: Bisharp
|
|-weather|RainDance|[upkeep]
|
|switch|p1a: Landorus|Landorus, M|340\/340
|-damage|p1a: Landorus|298\/340|[from] Stealth Rock
|turn|19
|c|âI ABR I|scarf
|c|âI ABR I|is this scarf too
|c|âI ABR I|lol
|
|move|p2a: Keldeo|Scald|p1a: Landorus
|-supereffective|p1a: Landorus
|-damage|p1a: Landorus|0 fnt
|faint|p1a: Landorus
|
|-weather|RainDance|[upkeep]
|
|switch|p1a: Clefable|Clefable, F|394\/394
|turn|20
|
|move|p2a: Keldeo|Hydro Pump|p1a: Clefable|[miss]
|-miss|p2a: Keldeo|p1a: Clefable
|move|p1a: Clefable|Calm Mind|p1a: Clefable
|-boost|p1a: Clefable|spa|1
|-boost|p1a: Clefable|spd|1
|
|-weather|RainDance|[upkeep]
|turn|21
|c|âI ABR I|rip
|
|switch|p2a: Politoed|Politoed, M|383\/383
|move|p1a: Clefable|Moonblast|p2a: Politoed
|-damage|p2a: Politoed|253\/383
|-unboost|p2a: Politoed|spa|1
|
|-weather|RainDance|[upkeep]
|turn|22
|c| Ox the Banner|finally
|
|move|p2a: Politoed|Encore|p1a: Clefable
|-start|p1a: Clefable|Encore
|move|p1a: Clefable|Moonblast|p2a: Politoed
|-damage|p2a: Politoed|121\/383
|
|-weather|none
|turn|23
|c|âI ABR I|lol
|c| Ox the Banner|a good play
|c|âInToDaPussi|i just understood how encore works
|c|âI ABR I|dasj
|
|switch|p2a: Keldeo|Keldeo|228\/323
|move|p1a: Clefable|Moonblast|p2a: Keldeo
|-supereffective|p2a: Keldeo
|-damage|p2a: Keldeo|0 fnt
|faint|p2a: Keldeo
|
|
|switch|p2a: Kabutops|Kabutops, M|209\/261
|turn|24
|
|switch|p1a: Chansey|Chansey, F|703\/703
|-damage|p1a: Chansey|616\/703|[from] Stealth Rock
|move|p2a: Kabutops|Waterfall|p1a: Chansey
|-damage|p1a: Chansey|365\/703
|-damage|p2a: Kabutops|183\/261|[from] item: Life Orb
|
|turn|25
|
|switch|p2a: Tornadus-Therian|Tornadus-Therian, M|299\/299
|move|p1a: Chansey|Soft-Boiled|p1a: Chansey
|-heal|p1a: Chansey|703\/703
|
|turn|26
|
|move|p2a: Tornadus-Therian|Knock Off|p1a: Chansey
|-damage|p1a: Chansey|603\/703
|-enditem|p1a: Chansey|Eviolite|[from] move: Knock Off|[of] p2a: Tornadus-Therian
|move|p1a: Chansey|Thunder Wave|p2a: Tornadus-Therian
|-status|p2a: Tornadus-Therian|par
|
|turn|27
|
|move|p1a: Chansey|Stealth Rock|p2a: Tornadus-Therian
|-sidestart|p2: I ABR I|move: Stealth Rock
|move|p2a: Tornadus-Therian|Superpower|p1a: Chansey
|-supereffective|p1a: Chansey
|-damage|p1a: Chansey|241\/703
|-unboost|p2a: Tornadus-Therian|atk|1
|-unboost|p2a: Tornadus-Therian|def|1
|
|turn|28
|c|âI ABR I|lol
|c|âI ABR I|0
|
|switch|p2a: Politoed|Politoed, M|121\/383
|-damage|p2a: Politoed|74\/383|[from] Stealth Rock
|-weather|RainDance
|move|p1a: Chansey|Soft-Boiled|p1a: Chansey
|-heal|p1a: Chansey|593\/703
|
|-weather|RainDance|[upkeep]
|turn|29
|
|move|p2a: Politoed|Rest|p2a: Politoed
|-status|p2a: Politoed|slp
|-heal|p2a: Politoed|383\/383 slp|[silent]
|-status|p2a: Politoed|slp|[from] move: Rest
|move|p1a: Chansey|Seismic Toss|p2a: Politoed
|-damage|p2a: Politoed|283\/383 slp
|
|-weather|RainDance|[upkeep]
|turn|30
|
|switch|p2a: Manectric|Manectric, M|281\/281
|-damage|p2a: Manectric|246\/281|[from] Stealth Rock
|move|p1a: Chansey|Seismic Toss|p2a: Manectric
|-damage|p2a: Manectric|146\/281
|
|-weather|RainDance|[upkeep]
|turn|31
|
|detailschange|p2a: Manectric|Manectric-Mega, M
|-mega|p2a: Manectric|Manectric|Manectite
|-ability|p2a: Manectric|Intimidate|[of] p1a: Chansey
|-unboost|p1a: Chansey|atk|1
|move|p2a: Manectric|Volt Switch|p1a: Chansey
|-damage|p1a: Chansey|466\/703
|
|switch|p2a: Tornadus-Therian|Tornadus-Therian, M|299\/299 par
|-damage|p2a: Tornadus-Therian|225\/299 par|[from] Stealth Rock
|move|p1a: Chansey|Seismic Toss|p2a: Tornadus-Therian
|-damage|p2a: Tornadus-Therian|125\/299 par
|
|-weather|RainDance|[upkeep]
|turn|32
|
|move|p1a: Chansey|Soft-Boiled|p1a: Chansey
|-heal|p1a: Chansey|703\/703
|cant|p2a: Tornadus-Therian|par
|
|-weather|RainDance|[upkeep]
|turn|33
|c|âI ABR I|this is slowly killing me
|
|move|p1a: Chansey|Seismic Toss|p2a: Tornadus-Therian
|-damage|p2a: Tornadus-Therian|25\/299 par
|move|p2a: Tornadus-Therian|U-turn|p1a: Chansey
|-damage|p1a: Chansey|587\/703
|
|switch|p2a: Kabutops|Kabutops, M|183\/261
|-damage|p2a: Kabutops|151\/261|[from] Stealth Rock
|
|-weather|RainDance|[upkeep]
|turn|34
|
|move|p2a: Kabutops|Waterfall|p1a: Chansey
|-crit|p1a: Chansey
|-damage|p1a: Chansey|0 fnt
|-damage|p2a: Kabutops|125\/261|[from] item: Life Orb
|faint|p1a: Chansey
|
|-weather|RainDance|[upkeep]
|
|switch|p1a: Metagross|Metagross-Mega|297\/364
|-damage|p1a: Metagross|275\/364|[from] Stealth Rock
|turn|35
|
|switch|p2a: Tornadus-Therian|Tornadus-Therian, M|124\/299 par
|-damage|p2a: Tornadus-Therian|50\/299 par|[from] Stealth Rock
|move|p1a: Metagross|Bullet Punch|p2a: Tornadus-Therian
|-damage|p2a: Tornadus-Therian|0 fnt
|faint|p2a: Tornadus-Therian
|
|-weather|none
|
|switch|p2a: Manectric|Manectric-Mega, M|146\/281
|-damage|p2a: Manectric|111\/281|[from] Stealth Rock
|-ability|p2a: Manectric|Intimidate|[of] p1a: Metagross
|-unboost|p1a: Metagross|atk|1
|turn|36
|
|move|p2a: Manectric|Volt Switch|p1a: Metagross
|-damage|p1a: Metagross|148\/364
|
|switch|p2a: Politoed|Politoed, M|283\/383 slp
|-damage|p2a: Politoed|236\/383 slp|[from] Stealth Rock
|-weather|RainDance
|move|p1a: Metagross|Earthquake|p2a: Politoed
|-damage|p2a: Politoed|121\/383 slp
|
|-weather|RainDance|[upkeep]
|turn|37
|
|move|p1a: Metagross|Zen Headbutt|p2a: Politoed
|-damage|p2a: Politoed|0 fnt
|faint|p2a: Politoed
|
|-weather|RainDance|[upkeep]
|
|switch|p2a: Manectric|Manectric-Mega, M|111\/281
|-damage|p2a: Manectric|76\/281|[from] Stealth Rock
|-ability|p2a: Manectric|Intimidate|[of] p1a: Metagross
|-unboost|p1a: Metagross|atk|1
|turn|38
|join|SSB is better
|
|switch|p1a: Clefable|Clefable, F|394\/394
|move|p2a: Manectric|Thunderbolt|p1a: Clefable
|-damage|p1a: Clefable|225\/394
|-status|p1a: Clefable|par
|
|-weather|RainDance|[upkeep]
|-heal|p1a: Clefable|249\/394 par|[from] item: Leftovers
|turn|39
|c| SSB is better|kek
|
|move|p2a: Manectric|Volt Switch|p1a: Clefable
|-damage|p1a: Clefable|110\/394 par
|
|switch|p2a: Kabutops|Kabutops, M|125\/261
|-damage|p2a: Kabutops|93\/261|[from] Stealth Rock
|move|p1a: Clefable|Moonblast|p2a: Kabutops
|-damage|p2a: Kabutops|0 fnt
|faint|p2a: Kabutops
|
|-weather|RainDance|[upkeep]
|-heal|p1a: Clefable|134\/394 par|[from] item: Leftovers
|
|switch|p2a: Manectric|Manectric-Mega, M|76\/281
|-damage|p2a: Manectric|41\/281|[from] Stealth Rock
|-ability|p2a: Manectric|Intimidate|[of] p1a: Clefable
|-unboost|p1a: Clefable|atk|1
|turn|40
|c|âInToDaPussi|boy if i win you should bow down your head in shame
|
|move|p2a: Manectric|Thunderbolt|p1a: Clefable
|-damage|p1a: Clefable|0 fnt
|faint|p1a: Clefable
|
|-weather|RainDance|[upkeep]
|
|switch|p1a: Metagross|Metagross-Mega|148\/364
|-damage|p1a: Metagross|126\/364|[from] Stealth Rock
|turn|41
|c|âI ABR I|i dont expect u to use cm when i have an encore mon
|c|âI ABR I|sorry
|
|move|p1a: Metagross|Bullet Punch|p2a: Manectric
|-resisted|p2a: Manectric
|-damage|p2a: Manectric|0 fnt
|faint|p2a: Manectric
|
|win|InToDaPussi
|raw|Ladder updating...
|c|âInToDaPussi|Bow down your head
|raw|InToDaPussi's rating: 1336 &rarr; <strong>1354<\/strong><br \/>(+18 for winning)
|raw|I ABR I's rating: 1297 &rarr; <strong>1275<\/strong><br \/>(-22 for losing)
|leave|I ABR I