|join|I ABR I
|join|BedriddenDenzel
|player|p1|I ABR I|291
|player|p2|BedriddenDenzel|293
|gametype|singles
|gen|6
|tier|OU (suspect test)
|rated
|clearpoke
|poke|p1|Scizor, M
|poke|p1|Chansey, F
|poke|p1|Clefable, F
|poke|p1|Gliscor, M
|poke|p1|Slowbro, M
|poke|p1|Chesnaught, M
|poke|p2|Weavile, M
|poke|p2|Gothitelle, M
|poke|p2|Charizard, F
|poke|p2|Latios, M
|poke|p2|Garchomp, M
|poke|p2|Bisharp, F
|rule|Swagger Clause: Swagger is banned
|rule|Baton Pass Clause: Limit one PokÃ©mon knowing Baton Pass
|rule|Sleep Clause Mod: Limit one foe put to sleep
|rule|Species Clause: Limit one of each PokÃ©mon
|rule|OHKO Clause: OHKO moves are banned
|rule|Moody Clause: Moody is banned
|rule|Evasion Moves Clause: Evasion moves are banned
|rule|Endless Battle Clause: Forcing endless battles is banned
|rule|HP Percentage Mod: HP is shown in percentages
|teampreview
|
|start
|switch|p1a: Chansey|Chansey, F|703\/703
|switch|p2a: Gothitelle|Gothitelle, M|281\/281
|turn|1
|
|move|p2a: Gothitelle|Trick|p1a: Chansey
|-activate|p2a: Gothitelle|move: Trick|[of] p1a: Chansey
|-item|p1a: Chansey|Choice Specs|[from] move: Trick
|-item|p2a: Gothitelle|Eviolite|[from] move: Trick
|move|p1a: Chansey|Stealth Rock|p2a: Gothitelle
|-sidestart|p2: BedriddenDenzel|move: Stealth Rock
|
|turn|2
|
|move|p2a: Gothitelle|Psyshock|p1a: Chansey
|-damage|p1a: Chansey|447\/703
|move|p1a: Chansey|Stealth Rock|p2a: Gothitelle
|-fail|p2a: Gothitelle
|
|turn|3
|
|move|p2a: Gothitelle|Psyshock|p1a: Chansey
|-damage|p1a: Chansey|198\/703
|move|p1a: Chansey|Stealth Rock|p2a: Gothitelle
|-fail|p2a: Gothitelle
|
|turn|4
|
|move|p2a: Gothitelle|Psyshock|p1a: Chansey
|-damage|p1a: Chansey|0 fnt
|faint|p1a: Chansey
|
|join|Squirrelll
|c|âI ABR I|like
|c| Squirrelll|get raped abr
|c|âI ABR I|wtf
|c|âI ABR I|kind of aids meta
|c|âI ABR I|r we playing in
|c| Squirrelll|lol
|c|âI ABR I|this uncompetitive bs
|c|âI ABR I|is alloweed
|c|âI ABR I|allowed
|c| Squirrelll|good thing you dont need chansey
|c| Squirrelll|unless chary
|
|switch|p1a: Gliscor|Gliscor, M|352\/352
|turn|5
|c|âI ABR I|well
|c| Squirrelll|then rip
|c|âI ABR I|he will defog
|c|âI ABR I|and i cant get rocks now
|
|switch|p2a: Latios|Latios, M|301\/301
|-damage|p2a: Latios|264\/301|[from] Stealth Rock
|move|p1a: Gliscor|Taunt|p2a: Latios
|-start|p2a: Latios|move: Taunt
|
|-status|p1a: Gliscor|tox|[from] item: Toxic Orb
|turn|6
|
|move|p2a: Latios|Psyshock|p1a: Gliscor
|-damage|p1a: Gliscor|256\/352 tox
|move|p1a: Gliscor|Roost|p1a: Gliscor
|-heal|p1a: Gliscor|352\/352 tox
|
|turn|7
|c|âI ABR I|scarf lati?
|
|switch|p2a: Weavile|Weavile, M|282\/282
|-damage|p2a: Weavile|212\/282|[from] Stealth Rock
|-ability|p2a: Weavile|Pressure
|switch|p1a: Clefable|Clefable, F|393\/393
|
|turn|8
|c|âBedriddenDenzel|Yup.
|
|switch|p2a: Gothitelle|Gothitelle, M|281\/281
|-damage|p2a: Gothitelle|246\/281|[from] Stealth Rock
|switch|p1a: Scizor|Scizor, M|343\/343
|
|turn|9
|
|detailschange|p1a: Scizor|Scizor-Mega, M
|-mega|p1a: Scizor|Scizor|Scizorite
|move|p1a: Scizor|Bullet Punch|p2a: Gothitelle
|-damage|p2a: Gothitelle|140\/281
|move|p2a: Gothitelle|Trick|p1a: Scizor
|-fail|p1a: Scizor
|
|turn|10
|c|âI ABR I|,
|c|âI ABR I|,
|c|âI ABR I|,
|c|âI ABR I|,,
|c|âI ABR I|,,
|c|âI ABR I|,
|c|âI ABR I|,
|c|âBedriddenDenzel|Thought your Mega was Bro.
|c|âI ABR I|,
|
|move|p1a: Scizor|Bullet Punch|p2a: Gothitelle
|-damage|p2a: Gothitelle|43\/281
|move|p2a: Gothitelle|Thunderbolt|p1a: Scizor
|-damage|p1a: Scizor|277\/343
|
|turn|11
|
|switch|p2a: Garchomp|Garchomp, M|357\/357
|-damage|p2a: Garchomp|335\/357|[from] Stealth Rock
|move|p1a: Scizor|Roost|p1a: Scizor
|-heal|p1a: Scizor|343\/343
|
|turn|12
|c| Squirrelll|man he had a shit goth set too
|c| Squirrelll|coulda just stoss'ed
|c|âI ABR I|idk
|c| Squirrelll|didnt even beat chansey
|c|âI ABR I|i wanted rocks
|c|âI ABR I|does the work for me
|
|switch|p1a: Slowbro|Slowbro, M|393\/393
|move|p2a: Garchomp|Fire Blast|p1a: Slowbro|[miss]
|-miss|p2a: Garchomp|p1a: Slowbro
|
|turn|13
|
|switch|p2a: Gothitelle|Gothitelle, M|43\/281
|-damage|p2a: Gothitelle|8\/281|[from] Stealth Rock
|move|p1a: Slowbro|Scald|p2a: Gothitelle
|-damage|p2a: Gothitelle|0 fnt
|faint|p2a: Gothitelle
|
|
|switch|p2a: Latios|Latios, M|264\/301
|-damage|p2a: Latios|227\/301|[from] Stealth Rock
|turn|14
|
|switch|p1a: Scizor|Scizor-Mega, M|343\/343
|move|p2a: Latios|Defog|p1a: Scizor
|-unboost|p1a: Scizor|evasion|1
|-sideend|p2: BedriddenDenzel|Stealth Rock|[from] move: Defog|[of] p2a: Latios
|
|turn|15
|c|âI ABR I|normally id be able to get rocks back
|c|âI ABR I|but NOPE
|c|âI ABR I|who needs to check zard y anyways
|c|âI ABR I|if it is
|
|switch|p2a: Garchomp|Garchomp, M|335\/357
|switch|p1a: Slowbro|Slowbro, M|393\/393
|
|turn|16
|
|move|p2a: Garchomp|Stealth Rock|p1a: Slowbro
|-sidestart|p1: I ABR I|move: Stealth Rock
|move|p1a: Slowbro|Toxic|p2a: Garchomp
|-status|p2a: Garchomp|tox
|
|-damage|p2a: Garchomp|313\/357 tox|[from] psn
|turn|17
|
|switch|p2a: Bisharp|Bisharp, F|271\/271
|move|p1a: Slowbro|Toxic|p2a: Bisharp
|-fail|p2a: Bisharp
|
|turn|18
|
|switch|p1a: Chesnaught|Chesnaught, M|379\/379
|-damage|p1a: Chesnaught|356\/379|[from] Stealth Rock
|move|p2a: Bisharp|Swords Dance|p2a: Bisharp
|-boost|p2a: Bisharp|atk|2
|
|-heal|p1a: Chesnaught|379\/379|[from] item: Leftovers
|turn|19
|
|move|p2a: Bisharp|Iron Head|p1a: Chesnaught
|-damage|p1a: Chesnaught|196\/379
|move|p1a: Chesnaught|Drain Punch|p2a: Bisharp
|-supereffective|p2a: Bisharp
|-damage|p2a: Bisharp|0 fnt
|-heal|p1a: Chesnaught|332\/379|[from] drain|[of] p2a: Bisharp
|faint|p2a: Bisharp
|
|-heal|p1a: Chesnaught|355\/379|[from] item: Leftovers
|
|switch|p2a: Charizard|Charizard, F|315\/315
|turn|20
|
|move|p2a: Charizard|Dragon Dance|p2a: Charizard
|-boost|p2a: Charizard|atk|1
|-boost|p2a: Charizard|spe|1
|move|p1a: Chesnaught|Leech Seed|p2a: Charizard
|-start|p2a: Charizard|move: Leech Seed
|
|-heal|p1a: Chesnaught|378\/379|[from] item: Leftovers
|-damage|p2a: Charizard|276\/315|[from] Leech Seed|[of] p1a: Chesnaught
|-heal|p1a: Chesnaught|379\/379|[silent]
|turn|21
|
|switch|p1a: Slowbro|Slowbro, M|393\/393
|-damage|p1a: Slowbro|344\/393|[from] Stealth Rock
|move|p2a: Charizard|Dragon Dance|p2a: Charizard
|-boost|p2a: Charizard|atk|1
|-boost|p2a: Charizard|spe|1
|
|-heal|p1a: Slowbro|368\/393|[from] item: Leftovers
|-damage|p2a: Charizard|237\/315|[from] Leech Seed|[of] p1a: Slowbro
|-heal|p1a: Slowbro|393\/393|[silent]
|turn|22
|
|detailschange|p2a: Charizard|Charizard-Mega-X, F
|-mega|p2a: Charizard|Charizard|Charizardite X
|move|p2a: Charizard|Dragon Claw|p1a: Slowbro
|-crit|p1a: Slowbro
|-damage|p1a: Slowbro|0 fnt
|faint|p1a: Slowbro
|
|c|âI ABR I|LUCKY AND BAD
|c|âI ABR I|oml
|c|âI ABR I|be worse
|c|âI ABR I|i dare u
|c|âI ABR I|pls try
|
|switch|p1a: Clefable|Clefable, F|393\/393
|-damage|p1a: Clefable|344\/393|[from] Stealth Rock
|turn|23
|
|move|p1a: Clefable|Protect|p1a: Clefable
|-singleturn|p1a: Clefable|Protect
|move|p2a: Charizard|Flare Blitz|p1a: Clefable
|-activate|p1a: Clefable|Protect
|
|-heal|p1a: Clefable|368\/393|[from] item: Leftovers
|-damage|p2a: Charizard|198\/315|[from] Leech Seed|[of] p1a: Clefable
|-heal|p1a: Clefable|393\/393|[silent]
|turn|24
|
|move|p2a: Charizard|Flare Blitz|p1a: Clefable
|-damage|p1a: Clefable|149\/393
|-status|p1a: Clefable|brn
|-damage|p2a: Charizard|117\/315|[from] recoil|[of] p1a: Clefable
|move|p1a: Clefable|Wish|p1a: Clefable
|
|-heal|p1a: Clefable|173\/393 brn|[from] item: Leftovers
|-damage|p2a: Charizard|78\/315|[from] Leech Seed|[of] p1a: Clefable
|-heal|p1a: Clefable|212\/393 brn|[silent]
|-damage|p1a: Clefable|163\/393 brn|[from] brn
|turn|25
|c|âI ABR I|UR SO FUCKING BAD
|
|move|p2a: Charizard|Flare Blitz|p1a: Clefable
|-damage|p1a: Clefable|0 fnt
|-damage|p2a: Charizard|24\/315|[from] recoil|[of] p1a: Clefable
|faint|p1a: Clefable
|
|
|switch|p1a: Chesnaught|Chesnaught, M|379\/379
|-damage|p1a: Chesnaught|356\/379|[from] Stealth Rock
|turn|26
|join|Dragonite VII
|
|move|p2a: Charizard|Flare Blitz|p1a: Chesnaught
|-supereffective|p1a: Chesnaught
|-damage|p1a: Chesnaught|0 fnt
|-damage|p2a: Charizard|0 fnt|[from] recoil|[of] p1a: Chesnaught
|faint|p1a: Chesnaught
|faint|p2a: Charizard
|
|
|switch|p2a: Latios|Latios, M|227\/301
|switch|p1a: Scizor|Scizor-Mega, M|343\/343
|-damage|p1a: Scizor|301\/343|[from] Stealth Rock
|turn|27
|
|move|p2a: Latios|Draco Meteor|p1a: Scizor
|-resisted|p1a: Scizor
|-damage|p1a: Scizor|212\/343
|-unboost|p2a: Latios|spa|2
|move|p1a: Scizor|Defog|p2a: Latios
|-unboost|p2a: Latios|evasion|1
|-sideend|p1: I ABR I|Stealth Rock|[from] move: Defog|[of] p1a: Scizor
|
|turn|28
|
|switch|p2a: Garchomp|Garchomp, M|313\/357 tox
|move|p1a: Scizor|Roost|p1a: Scizor
|-heal|p1a: Scizor|343\/343
|
|-damage|p2a: Garchomp|291\/357 tox|[from] psn
|turn|29
|
|switch|p1a: Gliscor|Gliscor, M|352\/352 tox
|move|p2a: Garchomp|Stealth Rock|p1a: Gliscor
|-sidestart|p1: I ABR I|move: Stealth Rock
|
|-damage|p2a: Garchomp|247\/357 tox|[from] psn
|turn|30
|
|switch|p2a: Latios|Latios, M|227\/301
|move|p1a: Gliscor|Knock Off|p2a: Latios
|-supereffective|p2a: Latios
|-damage|p2a: Latios|63\/301
|-enditem|p2a: Latios|Choice Scarf|[from] move: Knock Off|[of] p1a: Gliscor
|
|turn|31
|
|switch|p1a: Scizor|Scizor-Mega, M|343\/343
|-damage|p1a: Scizor|301\/343|[from] Stealth Rock
|move|p2a: Latios|Thunderbolt|p1a: Scizor
|-damage|p1a: Scizor|215\/343
|
|turn|32
|
|switch|p2a: Garchomp|Garchomp, M|247\/357 tox
|move|p1a: Scizor|Roost|p1a: Scizor
|-heal|p1a: Scizor|343\/343
|
|-damage|p2a: Garchomp|225\/357 tox|[from] psn
|turn|33
|
|switch|p2a: Weavile|Weavile, M|212\/282
|-ability|p2a: Weavile|Pressure
|switch|p1a: Gliscor|Gliscor, M|352\/352 tox
|-damage|p1a: Gliscor|308\/352 tox|[from] Stealth Rock
|
|-heal|p1a: Gliscor|352\/352 tox|[from] ability: Poison Heal
|turn|34
|
|switch|p1a: Scizor|Scizor-Mega, M|343\/343
|-damage|p1a: Scizor|301\/343|[from] Stealth Rock
|move|p2a: Weavile|Low Kick|p1a: Scizor
|-damage|p1a: Scizor|187\/343
|-damage|p2a: Weavile|184\/282|[from] item: Life Orb
|
|turn|35
|c|âI ABR I|ah ur orb
|
|move|p2a: Weavile|Knock Off|p1a: Scizor
|-damage|p1a: Scizor|80\/343
|-damage|p2a: Weavile|156\/282|[from] item: Life Orb
|move|p1a: Scizor|Roost|p1a: Scizor
|-heal|p1a: Scizor|252\/343
|
|turn|36
|c|âI ABR I|even easier
|-message|BedriddenDenzel forfeited.
|leave|BedriddenDenzel
|
|win|I ABR I
|raw|Ladder updating...
|raw|I ABR I's rating: 1395 &rarr; <strong>1416<\/strong><br \/>(+21 for winning)
|raw|BedriddenDenzel's rating: 1413 &rarr; <strong>1392<\/strong><br \/>(-21 for losing)
|player|p2
|c|âI ABR I|piece of shit
|c| Dragonite VII|lol