|join|ira deorum
|join|nemar
|player|p1|ira deorum|101
|player|p2|nemar|122
|gametype|singles
|gen|6
|tier|UU
|rated
|rule|Sleep Clause Mod: Limit one foe put to sleep
|rule|Species Clause: Limit one of each PokÃ©mon
|rule|OHKO Clause: OHKO moves are banned
|rule|Moody Clause: Moody is banned
|rule|Evasion Moves Clause: Evasion moves are banned
|rule|Endless Battle Clause: Forcing endless battles is banned
|rule|HP Percentage Mod: HP is shown in percentages
|clearpoke
|poke|p1|Zygarde
|poke|p1|Shaymin
|poke|p1|Beedrill, M
|poke|p1|Vaporeon, M
|poke|p1|Forretress, F
|poke|p1|Infernape, F
|poke|p2|Florges, F
|poke|p2|Empoleon, F
|poke|p2|Flygon, M
|poke|p2|Weezing, M
|poke|p2|Chandelure, F
|poke|p2|Raikou
|rule|Swagger Clause: Swagger is banned
|rule|Baton Pass Clause: Limit one PokÃ©mon knowing Baton Pass
|teampreview
|
|start
|switch|p1a: Beedrill|Beedrill, M|271\/271
|switch|p2a: Charlie|Flygon, M|301\/301
|turn|1
|
|detailschange|p1a: Beedrill|Beedrill-Mega, M
|-mega|p1a: Beedrill|Beedrill|Beedrillite
|move|p1a: Beedrill|Protect|p1a: Beedrill
|-singleturn|p1a: Beedrill|Protect
|move|p2a: Charlie|Flamethrower|p1a: Beedrill
|-activate|p1a: Beedrill|Protect
|
|turn|2
|
|switch|p1a: Vaporeon|Vaporeon, M|451\/451
|move|p2a: Charlie|Flamethrower|p1a: Vaporeon
|-resisted|p1a: Vaporeon
|-damage|p1a: Vaporeon|424\/451
|
|-heal|p1a: Vaporeon|451\/451|[from] item: Leftovers
|turn|3
|
|switch|p2a: Sphenice|Empoleon, F|372\/372
|move|p1a: Vaporeon|Scald|p2a: Sphenice
|-resisted|p2a: Sphenice
|-damage|p2a: Sphenice|332\/372
|-status|p2a: Sphenice|brn
|
|-heal|p2a: Sphenice|355\/372 brn|[from] item: Leftovers
|-damage|p2a: Sphenice|309\/372 brn|[from] brn
|turn|4
|
|switch|p1a: Shaymin|Shaymin|341\/341
|move|p2a: Sphenice|Stealth Rock|p1a: Shaymin
|-sidestart|p1: ira deorum|move: Stealth Rock
|
|-heal|p2a: Sphenice|332\/372 brn|[from] item: Leftovers
|-damage|p2a: Sphenice|286\/372 brn|[from] brn
|turn|5
|
|switch|p2a: SoGood|Florges, F|360\/360
|move|p1a: Shaymin|Earth Power|p2a: SoGood
|-damage|p2a: SoGood|298\/360
|-damage|p1a: Shaymin|307\/341|[from] item: Life Orb
|
|-heal|p2a: SoGood|320\/360|[from] item: Leftovers
|turn|6
|
|switch|p1a: Forretress|Forretress, F|354\/354
|-damage|p1a: Forretress|310\/354|[from] Stealth Rock
|move|p2a: SoGood|Moonblast|p1a: Forretress
|-resisted|p1a: Forretress
|-damage|p1a: Forretress|200\/354
|-unboost|p1a: Forretress|spa|1
|
|-heal|p2a: SoGood|342\/360|[from] item: Leftovers
|-heal|p1a: Forretress|222\/354|[from] item: Leftovers
|turn|7
|
|switch|p2a: Charlie|Flygon, M|301\/301
|move|p1a: Forretress|Rapid Spin|p2a: Charlie
|-damage|p2a: Charlie|280\/301
|-sideend|p1: ira deorum|Stealth Rock|[from] move: Rapid Spin|[of] p1a: Forretress
|
|-heal|p1a: Forretress|244\/354|[from] item: Leftovers
|turn|8
|
|switch|p1a: Zygarde|Zygarde|407\/407
|-ability|p1a: Zygarde|Aura Break
|move|p2a: Charlie|U-turn|p1a: Zygarde
|-damage|p1a: Zygarde|352\/407
|
|switch|p2a: Raikou|Raikou|321\/321
|-ability|p2a: Raikou|Pressure
|
|-heal|p1a: Zygarde|377\/407|[from] item: Leftovers
|turn|9
|
|switch|p1a: Infernape|Infernape, F|293\/293
|move|p2a: Raikou|Hidden Power|p1a: Infernape
|-resisted|p1a: Infernape
|-damage|p1a: Infernape|248\/293
|
|turn|10
|
|move|p2a: Raikou|Volt Switch|p1a: Infernape
|-crit|p1a: Infernape
|-damage|p1a: Infernape|38\/293
|
|switch|p2a: SLC|Weezing, M|334\/334
|move|p1a: Infernape|Close Combat|p2a: SLC
|-crit|p2a: SLC
|-resisted|p2a: SLC
|-damage|p2a: SLC|196\/334
|-unboost|p1a: Infernape|def|1
|-unboost|p1a: Infernape|spd|1
|
|-heal|p2a: SLC|216\/334|[from] item: Black Sludge
|turn|11
|
|switch|p1a: Forretress|Forretress, F|244\/354
|move|p2a: SLC|Toxic Spikes|p1a: Forretress
|-sidestart|p1: ira deorum|move: Toxic Spikes
|
|-heal|p2a: SLC|236\/334|[from] item: Black Sludge
|-heal|p1a: Forretress|266\/354|[from] item: Leftovers
|turn|12
|
|switch|p2a: Charlie|Flygon, M|280\/301
|move|p1a: Forretress|Stealth Rock|p2a: Charlie
|-sidestart|p2: nemar|move: Stealth Rock
|
|-heal|p1a: Forretress|288\/354|[from] item: Leftovers
|turn|13
|
|move|p2a: Charlie|U-turn|p1a: Forretress
|-resisted|p1a: Forretress
|-damage|p1a: Forretress|268\/354
|
|switch|p2a: Raikou|Raikou|321\/321
|-damage|p2a: Raikou|281\/321|[from] Stealth Rock
|-ability|p2a: Raikou|Pressure
|move|p1a: Forretress|Rapid Spin|p2a: Raikou
|-crit|p2a: Raikou
|-damage|p2a: Raikou|250\/321
|-sideend|p1: ira deorum|Toxic Spikes|[from] move: Rapid Spin|[of] p1a: Forretress
|
|-heal|p1a: Forretress|290\/354|[from] item: Leftovers
|turn|14
|
|move|p2a: Raikou|Volt Switch|p1a: Forretress
|-damage|p1a: Forretress|128\/354
|
|switch|p2a: Charlie|Flygon, M|280\/301
|-damage|p2a: Charlie|262\/301|[from] Stealth Rock
|move|p1a: Forretress|Volt Switch|p2a: Charlie
|-immune|p2a: Charlie|[msg]
|
|-heal|p1a: Forretress|150\/354|[from] item: Leftovers
|turn|15
|
|move|p2a: Charlie|Flamethrower|p1a: Forretress
|-supereffective|p1a: Forretress
|-damage|p1a: Forretress|0 fnt
|faint|p1a: Forretress
|
|
|switch|p1a: Zygarde|Zygarde|377\/407
|-ability|p1a: Zygarde|Aura Break
|turn|16
|
|switch|p2a: Raikou|Raikou|250\/321
|-damage|p2a: Raikou|210\/321|[from] Stealth Rock
|-ability|p2a: Raikou|Pressure
|move|p1a: Zygarde|Substitute|p1a: Zygarde
|-start|p1a: Zygarde|Substitute
|-damage|p1a: Zygarde|276\/407
|
|-heal|p1a: Zygarde|301\/407|[from] item: Leftovers
|turn|17
|
|move|p2a: Raikou|Hidden Power|p1a: Zygarde
|-supereffective|p1a: Zygarde
|-end|p1a: Zygarde|Substitute
|move|p1a: Zygarde|Earthquake|p2a: Raikou
|-supereffective|p2a: Raikou
|-damage|p2a: Raikou|0 fnt
|faint|p2a: Raikou
|
|-heal|p1a: Zygarde|326\/407|[from] item: Leftovers
|
|switch|p2a: Charlie|Flygon, M|262\/301
|-damage|p2a: Charlie|244\/301|[from] Stealth Rock
|turn|18
|
|switch|p1a: Vaporeon|Vaporeon, M|451\/451
|move|p2a: Charlie|Outrage|p1a: Vaporeon
|-damage|p1a: Vaporeon|256\/451
|
|-heal|p1a: Vaporeon|284\/451|[from] item: Leftovers
|turn|19
|
|move|p2a: Charlie|Outrage|p1a: Vaporeon
|-damage|p1a: Vaporeon|91\/451
|move|p1a: Vaporeon|Wish|p1a: Vaporeon
|
|-heal|p1a: Vaporeon|119\/451|[from] item: Leftovers
|turn|20
|
|move|p1a: Vaporeon|Protect|p1a: Vaporeon
|-singleturn|p1a: Vaporeon|Protect
|move|p2a: Charlie|Outrage|p1a: Vaporeon
|-activate|p1a: Vaporeon|Protect
|
|-end|p2a: Charlie|rampage
|-start|p2a: Charlie|confusion
|-heal|p1a: Vaporeon|344\/451|[from] move: Wish|[wisher] Vaporeon
|-heal|p1a: Vaporeon|372\/451|[from] item: Leftovers
|turn|21
|
|switch|p2a: Sphenice|Empoleon, F|286\/372 brn
|-damage|p2a: Sphenice|263\/372 brn|[from] Stealth Rock
|move|p1a: Vaporeon|Wish|p1a: Vaporeon
|
|-heal|p1a: Vaporeon|400\/451|[from] item: Leftovers
|-heal|p2a: Sphenice|286\/372 brn|[from] item: Leftovers
|-damage|p2a: Sphenice|240\/372 brn|[from] brn
|turn|22
|
|switch|p1a: Shaymin|Shaymin|307\/341
|move|p2a: Sphenice|Roar|p1a: Shaymin
|drag|p1a: Vaporeon|Vaporeon, M|400\/451
|
|-heal|p1a: Vaporeon|451\/451|[from] move: Wish|[wisher] Vaporeon
|-heal|p2a: Sphenice|263\/372 brn|[from] item: Leftovers
|-damage|p2a: Sphenice|217\/372 brn|[from] brn
|turn|23
|
|move|p1a: Vaporeon|Wish|p1a: Vaporeon
|move|p2a: Sphenice|Defog|p1a: Vaporeon
|-unboost|p1a: Vaporeon|evasion|1
|-sideend|p2: nemar|Stealth Rock|[from] move: Defog|[of] p2a: Sphenice
|
|-heal|p2a: Sphenice|240\/372 brn|[from] item: Leftovers
|-damage|p2a: Sphenice|194\/372 brn|[from] brn
|turn|24
|
|move|p1a: Vaporeon|Scald|p2a: Sphenice
|-resisted|p2a: Sphenice
|-damage|p2a: Sphenice|153\/372 brn
|move|p2a: Sphenice|Stealth Rock|p1a: Vaporeon
|-sidestart|p1: ira deorum|move: Stealth Rock
|
|-heal|p2a: Sphenice|176\/372 brn|[from] item: Leftovers
|-damage|p2a: Sphenice|130\/372 brn|[from] brn
|turn|25
|
|switch|p2a: SoGood|Florges, F|342\/360
|move|p1a: Vaporeon|Wish|p1a: Vaporeon
|
|-heal|p2a: SoGood|360\/360|[from] item: Leftovers
|turn|26
|
|switch|p1a: Beedrill|Beedrill-Mega, M|271\/271
|-damage|p1a: Beedrill|204\/271|[from] Stealth Rock
|move|p2a: SoGood|Aromatherapy|p2a: SoGood
|-cureteam|p2a: SoGood|[from] move: Aromatherapy
|
|-heal|p1a: Beedrill|271\/271|[from] move: Wish|[wisher] Vaporeon
|turn|27
|
|switch|p2a: SLC|Weezing, M|236\/334
|move|p1a: Beedrill|U-turn|p2a: SLC
|-resisted|p2a: SLC
|-damage|p2a: SLC|173\/334
|
|switch|p1a: Shaymin|Shaymin|307\/341
|-damage|p1a: Shaymin|265\/341|[from] Stealth Rock
|
|-heal|p2a: SLC|193\/334|[from] item: Black Sludge
|turn|28
|
|switch|p2a: SoGood|Florges, F|360\/360
|move|p1a: Shaymin|Psychic|p2a: SoGood
|-damage|p2a: SoGood|294\/360
|-unboost|p2a: SoGood|spd|1
|-damage|p1a: Shaymin|231\/341|[from] item: Life Orb
|
|-heal|p2a: SoGood|316\/360|[from] item: Leftovers
|turn|29
|
|move|p1a: Shaymin|Seed Flare|p2a: SoGood
|-damage|p2a: SoGood|116\/360
|-unboost|p2a: SoGood|spd|2
|-damage|p1a: Shaymin|197\/341|[from] item: Life Orb
|move|p2a: SoGood|Wish|p2a: SoGood
|
|-heal|p2a: SoGood|138\/360|[from] item: Leftovers
|turn|30
|
|move|p2a: SoGood|Protect|p2a: SoGood
|-singleturn|p2a: SoGood|Protect
|move|p1a: Shaymin|Synthesis|p1a: Shaymin
|-heal|p1a: Shaymin|341\/341
|
|-heal|p2a: SoGood|318\/360|[from] move: Wish|[wisher] SoGood
|-heal|p2a: SoGood|340\/360|[from] item: Leftovers
|turn|31
|
|switch|p2a: Nemesis|Chandelure, F|261\/261
|move|p1a: Shaymin|Seed Flare|p2a: Nemesis
|-crit|p2a: Nemesis
|-resisted|p2a: Nemesis
|-damage|p2a: Nemesis|62\/261
|-damage|p1a: Shaymin|307\/341|[from] item: Life Orb
|
|turn|32
|
|move|p2a: Nemesis|Shadow Ball|p1a: Shaymin
|-damage|p1a: Shaymin|148\/341
|move|p1a: Shaymin|Seed Flare|p2a: Nemesis|[miss]
|-miss|p1a: Shaymin|p2a: Nemesis
|
|turn|33
|
|switch|p1a: Vaporeon|Vaporeon, M|451\/451
|-damage|p1a: Vaporeon|395\/451|[from] Stealth Rock
|move|p2a: Nemesis|Shadow Ball|p1a: Vaporeon
|-damage|p1a: Vaporeon|253\/451
|
|-heal|p1a: Vaporeon|281\/451|[from] item: Leftovers
|turn|34
|
|switch|p2a: SoGood|Florges, F|340\/360
|move|p1a: Vaporeon|Wish|p1a: Vaporeon
|
|-heal|p2a: SoGood|360\/360|[from] item: Leftovers
|-heal|p1a: Vaporeon|309\/451|[from] item: Leftovers
|turn|35
|
|switch|p1a: Shaymin|Shaymin|148\/341
|-damage|p1a: Shaymin|106\/341|[from] Stealth Rock
|move|p2a: SoGood|Wish|p2a: SoGood
|
|-heal|p1a: Shaymin|331\/341|[from] move: Wish|[wisher] Vaporeon
|turn|36
|
|switch|p1a: Vaporeon|Vaporeon, M|309\/451
|-damage|p1a: Vaporeon|253\/451|[from] Stealth Rock
|move|p2a: SoGood|Moonblast|p1a: Vaporeon
|-damage|p1a: Vaporeon|136\/451
|
|-heal|p1a: Vaporeon|164\/451|[from] item: Leftovers
|turn|37
|
|move|p2a: SoGood|Wish|p2a: SoGood
|move|p1a: Vaporeon|Wish|p1a: Vaporeon
|
|-heal|p1a: Vaporeon|192\/451|[from] item: Leftovers
|turn|38
|
|switch|p2a: Sphenice|Empoleon, F|130\/372
|move|p1a: Vaporeon|Scald|p2a: Sphenice
|-resisted|p2a: Sphenice
|-damage|p2a: Sphenice|87\/372
|
|-heal|p2a: Sphenice|267\/372|[from] move: Wish|[wisher] SoGood
|-heal|p1a: Vaporeon|417\/451|[from] move: Wish|[wisher] Vaporeon
|-heal|p1a: Vaporeon|445\/451|[from] item: Leftovers
|-heal|p2a: Sphenice|290\/372|[from] item: Leftovers
|turn|39
|
|move|p1a: Vaporeon|Scald|p2a: Sphenice
|-resisted|p2a: Sphenice
|-damage|p2a: Sphenice|248\/372
|move|p2a: Sphenice|Roar|p1a: Vaporeon
|drag|p1a: Infernape|Infernape, F|38\/293
|-damage|p1a: Infernape|2\/293|[from] Stealth Rock
|
|-heal|p2a: Sphenice|271\/372|[from] item: Leftovers
|turn|40
|c|ânemar|lol, dang
|
|switch|p2a: SLC|Weezing, M|193\/334
|move|p1a: Infernape|Dual Chop|p2a: SLC
|-damage|p2a: SLC|152\/334
|-damage|p2a: SLC|110\/334
|-hitcount|p2a: SLC|2
|
|-heal|p2a: SLC|130\/334|[from] item: Black Sludge
|turn|41
|
|move|p1a: Infernape|Dual Chop|p2a: SLC
|-damage|p2a: SLC|94\/334
|-damage|p2a: SLC|54\/334
|-hitcount|p2a: SLC|2
|move|p2a: SLC|Toxic Spikes|p1a: Infernape
|-sidestart|p1: ira deorum|move: Toxic Spikes
|
|-heal|p2a: SLC|74\/334|[from] item: Black Sludge
|turn|42
|
|move|p1a: Infernape|Dual Chop|p2a: SLC
|-damage|p2a: SLC|35\/334
|-damage|p2a: SLC|0 fnt
|-hitcount|p2a: SLC|2
|faint|p2a: SLC
|
|
|switch|p2a: Charlie|Flygon, M|244\/301
|turn|43
|
|move|p2a: Charlie|U-turn|p1a: Infernape
|-resisted|p1a: Infernape
|-damage|p1a: Infernape|0 fnt
|faint|p1a: Infernape
|
|switch|p2a: SoGood|Florges, F|360\/360
|
|
|switch|p1a: Beedrill|Beedrill-Mega, M|271\/271
|-sideend|p1: ira deorum|move: Toxic Spikes|[of] p1a: Beedrill
|-damage|p1a: Beedrill|204\/271|[from] Stealth Rock
|turn|44
|
|switch|p2a: Sphenice|Empoleon, F|271\/372
|move|p1a: Beedrill|Poison Jab|p2a: Sphenice
|-immune|p2a: Sphenice|[msg]
|
|-heal|p2a: Sphenice|294\/372|[from] item: Leftovers
|turn|45
|
|switch|p2a: Charlie|Flygon, M|244\/301
|move|p1a: Beedrill|Drill Run|p2a: Charlie
|-immune|p2a: Charlie|[msg]
|
|turn|46
|
|move|p1a: Beedrill|Protect|p1a: Beedrill
|-singleturn|p1a: Beedrill|Protect
|move|p2a: Charlie|Outrage|p1a: Beedrill
|-activate|p1a: Beedrill|Protect
|
|turn|47
|
|switch|p1a: Vaporeon|Vaporeon, M|445\/451
|-damage|p1a: Vaporeon|389\/451|[from] Stealth Rock
|move|p2a: Charlie|Outrage|p1a: Vaporeon
|-damage|p1a: Vaporeon|206\/451
|
|-heal|p1a: Vaporeon|234\/451|[from] item: Leftovers
|turn|48
|
|move|p2a: Charlie|Outrage|p1a: Vaporeon
|-crit|p1a: Vaporeon
|-damage|p1a: Vaporeon|0 fnt
|faint|p1a: Vaporeon
|
|
|switch|p1a: Shaymin|Shaymin|331\/341
|-damage|p1a: Shaymin|289\/341|[from] Stealth Rock
|turn|49
|
|move|p2a: Charlie|Outrage|p1a: Shaymin
|-damage|p1a: Shaymin|96\/341
|move|p1a: Shaymin|Seed Flare|p2a: Charlie
|-damage|p2a: Charlie|0 fnt
|-damage|p1a: Shaymin|62\/341|[from] item: Life Orb
|faint|p2a: Charlie
|
|
|switch|p2a: Nemesis|Chandelure, F|62\/261
|turn|50
|
|move|p2a: Nemesis|Shadow Ball|p1a: Shaymin
|-damage|p1a: Shaymin|0 fnt
|faint|p1a: Shaymin
|
|
|switch|p1a: Zygarde|Zygarde|326\/407
|-damage|p1a: Zygarde|301\/407|[from] Stealth Rock
|-ability|p1a: Zygarde|Aura Break
|turn|51
|
|move|p2a: Nemesis|Shadow Ball|p1a: Zygarde
|-crit|p1a: Zygarde
|-damage|p1a: Zygarde|121\/407
|move|p1a: Zygarde|Earthquake|p2a: Nemesis
|-supereffective|p2a: Nemesis
|-damage|p2a: Nemesis|0 fnt
|faint|p2a: Nemesis
|
|-heal|p1a: Zygarde|146\/407|[from] item: Leftovers
|
|switch|p2a: Sphenice|Empoleon, F|294\/372
|turn|52
|
|move|p1a: Zygarde|Earthquake|p2a: Sphenice
|-supereffective|p2a: Sphenice
|-damage|p2a: Sphenice|34\/372
|move|p2a: Sphenice|Roar|p1a: Zygarde
|drag|p1a: Beedrill|Beedrill-Mega, M|204\/271
|-damage|p1a: Beedrill|137\/271|[from] Stealth Rock
|
|-heal|p2a: Sphenice|57\/372|[from] item: Leftovers
|turn|53
|
|move|p1a: Beedrill|Drill Run|p2a: Sphenice|[miss]
|-miss|p1a: Beedrill|p2a: Sphenice
|move|p2a: Sphenice|Roar|p1a: Beedrill
|drag|p1a: Zygarde|Zygarde|146\/407
|-damage|p1a: Zygarde|121\/407|[from] Stealth Rock
|-ability|p1a: Zygarde|Aura Break
|
|-heal|p1a: Zygarde|146\/407|[from] item: Leftovers
|-heal|p2a: Sphenice|80\/372|[from] item: Leftovers
|turn|54
|
|move|p1a: Zygarde|Earthquake|p2a: Sphenice
|-supereffective|p2a: Sphenice
|-damage|p2a: Sphenice|0 fnt
|faint|p2a: Sphenice
|
|-heal|p1a: Zygarde|171\/407|[from] item: Leftovers
|
|switch|p2a: SoGood|Florges, F|360\/360
|turn|55
|
|move|p1a: Zygarde|Earthquake|p2a: SoGood
|-crit|p2a: SoGood
|-damage|p2a: SoGood|122\/360
|move|p2a: SoGood|Moonblast|p1a: Zygarde
|-supereffective|p1a: Zygarde
|-damage|p1a: Zygarde|0 fnt
|faint|p1a: Zygarde
|
|-heal|p2a: SoGood|144\/360|[from] item: Leftovers
|
|switch|p1a: Beedrill|Beedrill-Mega, M|137\/271
|-damage|p1a: Beedrill|70\/271|[from] Stealth Rock
|turn|56
|c|ânemar|close, gg
|
|move|p2a: SoGood|Protect|p2a: SoGood
|-singleturn|p2a: SoGood|Protect
|move|p1a: Beedrill|Poison Jab|p2a: SoGood
|-activate|p2a: SoGood|Protect
|
|-heal|p2a: SoGood|166\/360|[from] item: Leftovers
|turn|57
|
|move|p1a: Beedrill|Poison Jab|p2a: SoGood
|-supereffective|p2a: SoGood
|-damage|p2a: SoGood|0 fnt
|faint|p2a: SoGood
|
|win|ira deorum
|raw|Ladder updating...
|raw|ira deorum's rating: 1254 &rarr; <strong>1282<\/strong><br \/>(+28 for winning)
|raw|nemar's rating: 1302 &rarr; <strong>1279<\/strong><br \/>(-23 for losing)
|leave|ira deorum
|player|p1