|join|ira deorum
|join|Carelessskate88
|player|p1|ira deorum|101
|player|p2|Carelessskate88|110
|gametype|singles
|gen|6
|tier|UU
|rated
|rule|Sleep Clause Mod: Limit one foe put to sleep
|rule|Species Clause: Limit one of each PokÃ©mon
|rule|OHKO Clause: OHKO moves are banned
|rule|Moody Clause: Moody is banned
|rule|Evasion Moves Clause: Evasion moves are banned
|rule|Endless Battle Clause: Forcing endless battles is banned
|rule|HP Percentage Mod: HP is reported as percentages
|clearpoke
|poke|p1|Blastoise, M
|poke|p1|Victini, shiny
|poke|p1|Lucario, M
|poke|p1|Goodra, M
|poke|p1|Mew
|poke|p1|Galvantula, M
|poke|p2|Honchkrow, F
|poke|p2|Victini
|poke|p2|Lucario, F
|poke|p2|Alomomola, M
|poke|p2|Hydreigon, F
|poke|p2|Donphan, M
|rule|Swagger Clause: Swagger is banned
|rule|Baton Pass Clause: Limit one PokÃ©mon knowing Baton Pass
|teampreview
|chat|Carelessskate88|gl hf
|
|start
|switch|p1a: Victini|Victini, shiny|341\/341
|switch|p2a: Donphan|Donphan, M|384\/384
|turn|1
|
|move|p1a: Victini|U-turn|p2a: Donphan
|-damage|p2a: Donphan|322\/384
|
|switch|p1a: Blastoise|Blastoise, M|358\/358
|move|p2a: Donphan|Stealth Rock|p1a: Blastoise
|-sidestart|p1: ira deorum|move: Stealth Rock
|
|-heal|p2a: Donphan|346\/384|[from] item: Leftovers
|turn|2
|
|switch|p2a: Hydreigon|Hydreigon, F|381\/381
|detailschange|p1a: Blastoise|Blastoise-Mega, M
|message|Blastoise has Mega Evolved into Mega Blastoise!
|move|p1a: Blastoise|Rapid Spin|p2a: Hydreigon
|-damage|p2a: Hydreigon|361\/381
|-sideend|p1: ira deorum|Stealth Rock|[from] move: Rapid Spin|[of] p1a: Blastoise
|
|turn|3
|
|move|p2a: Hydreigon|Dark Pulse|p1a: Blastoise
|-damage|p1a: Blastoise|234\/358
|move|p1a: Blastoise|Ice Beam|p2a: Hydreigon
|-supereffective|p2a: Hydreigon
|-damage|p2a: Hydreigon|177\/381
|
|turn|4
|
|move|p2a: Hydreigon|Draco Meteor|p1a: Blastoise
|-damage|p1a: Blastoise|0 fnt
|-unboost|p2a: Hydreigon|spa|2
|faint|p1a: Blastoise
|
|
|switch|p1a: Goodra|Goodra, M|383\/383
|turn|5
|
|move|p2a: Hydreigon|Draco Meteor|p1a: Goodra|[miss]
|-miss|p2a: Hydreigon|p1a: Goodra
|move|p1a: Goodra|Dragon Tail|p2a: Hydreigon
|-supereffective|p2a: Hydreigon
|-damage|p2a: Hydreigon|19\/381
|drag|p2a: Donphan|Donphan, M|346\/384
|
|-heal|p2a: Donphan|370\/384|[from] item: Leftovers
|turn|6
|
|move|p1a: Goodra|Draco Meteor|p2a: Donphan
|-damage|p2a: Donphan|84\/384
|-unboost|p1a: Goodra|spa|2
|move|p2a: Donphan|Stealth Rock|p1a: Goodra
|-sidestart|p1: ira deorum|move: Stealth Rock
|
|-heal|p2a: Donphan|108\/384|[from] item: Leftovers
|turn|7
|
|switch|p2a: Alomomola|Alomomola, M|534\/534
|move|p1a: Goodra|Draco Meteor|p2a: Alomomola
|-damage|p2a: Alomomola|350\/534
|-unboost|p1a: Goodra|spa|2
|
|-heal|p2a: Alomomola|383\/534|[from] item: Leftovers
|turn|8
|
|switch|p1a: Mew|Mew|404\/404
|-damage|p1a: Mew|354\/404|[from] Stealth Rock
|move|p2a: Alomomola|Wish|p2a: Alomomola
|
|-heal|p1a: Mew|379\/404|[from] item: Leftovers
|-heal|p2a: Alomomola|416\/534|[from] item: Leftovers
|turn|9
|
|switch|p2a: Donphan|Donphan, M|108\/384
|move|p1a: Mew|Will-O-Wisp|p2a: Donphan
|-status|p2a: Donphan|brn
|
|-heal|p2a: Donphan|375\/384 brn|[from] move: Wish|[wisher] Alomomola
|-heal|p1a: Mew|404\/404|[from] item: Leftovers
|-heal|p2a: Donphan|384\/384 brn|[from] item: Leftovers
|-damage|p2a: Donphan|336\/384 brn|[from] brn
|turn|10
|
|switch|p2a: Alomomola|Alomomola, M|534\/534
|move|p1a: Mew|Stealth Rock|p2a: Alomomola
|-sidestart|p2: Carelessskate88|move: Stealth Rock
|
|turn|11
|
|move|p1a: Mew|Will-O-Wisp|p2a: Alomomola
|-status|p2a: Alomomola|brn
|move|p2a: Alomomola|Healing Wish|p2a: Alomomola
|faint|p2a: Alomomola
|
|
|switch|p2a: Hydreigon|Hydreigon, F|19\/381
|-heal|p2a: Hydreigon|381\/381|[from] move: Healing Wish
|-damage|p2a: Hydreigon|334\/381|[from] Stealth Rock
|turn|12
|
|switch|p1a: Lucario|Lucario, M|281\/281
|-damage|p1a: Lucario|273\/281|[from] Stealth Rock
|move|p2a: Hydreigon|Fire Blast|p1a: Lucario|[miss]
|-miss|p2a: Hydreigon|p1a: Lucario
|
|turn|13
|
|switch|p1a: Goodra|Goodra, M|383\/383
|-damage|p1a: Goodra|336\/383|[from] Stealth Rock
|switch|p2a: Donphan|Donphan, M|336\/384 brn
|-damage|p2a: Donphan|312\/384 brn|[from] Stealth Rock
|
|-heal|p2a: Donphan|336\/384 brn|[from] item: Leftovers
|-damage|p2a: Donphan|288\/384 brn|[from] brn
|turn|14
|
|move|p1a: Goodra|Draco Meteor|p2a: Donphan|[miss]
|-miss|p1a: Goodra|p2a: Donphan
|move|p2a: Donphan|Rapid Spin|p1a: Goodra
|-crit|p1a: Goodra
|-damage|p1a: Goodra|317\/383
|-unboost|p2a: Donphan|spe|1
|-sideend|p2: Carelessskate88|Stealth Rock|[from] move: Rapid Spin|[of] p2a: Donphan
|
|-heal|p2a: Donphan|312\/384 brn|[from] item: Leftovers
|-damage|p2a: Donphan|264\/384 brn|[from] brn
|turn|15
|
|move|p2a: Donphan|Ice Shard|p1a: Goodra
|-supereffective|p1a: Goodra
|-damage|p1a: Goodra|261\/383
|move|p1a: Goodra|Fire Blast|p2a: Donphan
|-damage|p2a: Donphan|96\/384 brn
|
|-heal|p2a: Donphan|120\/384 brn|[from] item: Leftovers
|-damage|p2a: Donphan|72\/384 brn|[from] brn
|turn|16
|
|move|p2a: Donphan|Ice Shard|p1a: Goodra
|-supereffective|p1a: Goodra
|-damage|p1a: Goodra|209\/383
|move|p1a: Goodra|Fire Blast|p2a: Donphan
|-damage|p2a: Donphan|0 fnt
|faint|p2a: Donphan
|
|
|switch|p2a: Honchkrow|Honchkrow, F|341\/341
|turn|17
|
|move|p2a: Honchkrow|Brave Bird|p1a: Goodra
|-damage|p1a: Goodra|0 fnt
|-unboost|p2a: Honchkrow|spe|1
|-damage|p2a: Honchkrow|272\/341|[from] recoil|[of] p1a: Goodra
|-damage|p2a: Honchkrow|238\/341|[from] item: Life Orb
|faint|p1a: Goodra
|-boost|p2a: Honchkrow|atk|1|[from] ability: Moxie
|
|
|switch|p1a: Mew|Mew|404\/404
|-damage|p1a: Mew|354\/404|[from] Stealth Rock
|turn|18
|
|switch|p2a: Victini|Victini|341\/341
|move|p1a: Mew|Will-O-Wisp|p2a: Victini
|-fail|p2a: Victini
|
|-heal|p1a: Mew|379\/404|[from] item: Leftovers
|turn|19
|
|move|p2a: Victini|V-create|p1a: Mew
|-damage|p1a: Mew|196\/404
|-unboost|p2a: Victini|def|1
|-unboost|p2a: Victini|spd|1
|-unboost|p2a: Victini|spe|1
|move|p1a: Mew|Stealth Rock|p2a: Victini
|-sidestart|p2: Carelessskate88|move: Stealth Rock
|
|-heal|p1a: Mew|221\/404|[from] item: Leftovers
|turn|20
|
|move|p1a: Mew|Soft-Boiled|p1a: Mew
|-heal|p1a: Mew|404\/404
|move|p2a: Victini|U-turn|p1a: Mew
|-crit|p1a: Mew
|-supereffective|p1a: Mew
|-damage|p1a: Mew|207\/404
|
|switch|p2a: Hydreigon|Hydreigon, F|334\/381
|-damage|p2a: Hydreigon|287\/381|[from] Stealth Rock
|
|-heal|p1a: Mew|232\/404|[from] item: Leftovers
|turn|21
|
|switch|p1a: Lucario|Lucario, M|273\/281
|-damage|p1a: Lucario|265\/281|[from] Stealth Rock
|move|p2a: Hydreigon|Dark Pulse|p1a: Lucario
|-resisted|p1a: Lucario
|-damage|p1a: Lucario|157\/281
|-boost|p1a: Lucario|atk|1|[from] ability: Justified
|
|turn|22
|
|move|p1a: Lucario|Extreme Speed|p2a: Hydreigon
|-damage|p2a: Hydreigon|63\/381
|-damage|p1a: Lucario|129\/281|[from] item: Life Orb
|move|p2a: Hydreigon|Dark Pulse|p1a: Lucario
|-resisted|p1a: Lucario
|-damage|p1a: Lucario|35\/281
|-boost|p1a: Lucario|atk|1|[from] ability: Justified
|
|turn|23
|
|move|p1a: Lucario|Extreme Speed|p2a: Hydreigon
|-damage|p2a: Hydreigon|0 fnt
|-damage|p1a: Lucario|7\/281|[from] item: Life Orb
|faint|p2a: Hydreigon
|
|
|switch|p2a: Lucario|Lucario, F|281\/281
|-damage|p2a: Lucario|273\/281|[from] Stealth Rock
|turn|24
|
|move|p1a: Lucario|Extreme Speed|p2a: Lucario
|-resisted|p2a: Lucario
|-damage|p2a: Lucario|99\/281
|-damage|p1a: Lucario|0 fnt|[from] item: Life Orb
|faint|p1a: Lucario
|move|p2a: Lucario|Vacuum Wave|p1: Lucario|[notarget]
|-notarget
|
|
|switch|p1a: Galvantula|Galvantula, M|281\/281
|-damage|p1a: Galvantula|211\/281|[from] Stealth Rock
|turn|25
|
|move|p1a: Galvantula|Thunder|p2a: Lucario
|-damage|p2a: Lucario|0 fnt
|faint|p2a: Lucario
|
|
|switch|p2a: Victini|Victini|341\/341
|-damage|p2a: Victini|256\/341|[from] Stealth Rock
|turn|26
|
|switch|p1a: Victini|Victini, shiny|341\/341
|-damage|p1a: Victini|256\/341|[from] Stealth Rock
|move|p2a: Victini|V-create|p1a: Victini
|-resisted|p1a: Victini
|-damage|p1a: Victini|115\/341
|-unboost|p2a: Victini|def|1
|-unboost|p2a: Victini|spd|1
|-unboost|p2a: Victini|spe|1
|
|turn|27
|
|move|p1a: Victini|Bolt Strike|p2a: Victini
|-damage|p2a: Victini|0 fnt
|faint|p2a: Victini
|
|
|switch|p2a: Honchkrow|Honchkrow, F|238\/341
|-damage|p2a: Honchkrow|153\/341|[from] Stealth Rock
|turn|28
|
|switch|p1a: Mew|Mew|232\/404
|-damage|p1a: Mew|182\/404|[from] Stealth Rock
|move|p2a: Honchkrow|Sucker Punch|p1a: Mew
|-fail|p1a: Mew
|
|-heal|p1a: Mew|207\/404|[from] item: Leftovers
|turn|29
|
|move|p2a: Honchkrow|Brave Bird|p1a: Mew
|-damage|p1a: Mew|0 fnt
|-damage|p2a: Honchkrow|85\/341|[from] recoil|[of] p1a: Mew
|-damage|p2a: Honchkrow|51\/341|[from] item: Life Orb
|faint|p1a: Mew
|-boost|p2a: Honchkrow|atk|1|[from] ability: Moxie
|
|
|switch|p1a: Galvantula|Galvantula, M|211\/281
|-damage|p1a: Galvantula|141\/281|[from] Stealth Rock
|turn|30
|
|move|p2a: Honchkrow|Sucker Punch|p1a: Galvantula
|-fail|p1a: Galvantula
|move|p1a: Galvantula|Sticky Web|p2a: Honchkrow
|-sidestart|p2: Carelessskate88|move: Sticky Web
|
|turn|31
|
|move|p2a: Honchkrow|Sucker Punch|p1a: Galvantula
|-fail|p1a: Galvantula
|move|p1a: Galvantula|Sticky Web|p2a: Honchkrow
|-fail|p2a: Honchkrow
|
|turn|32
|
|move|p2a: Honchkrow|Sucker Punch|p1a: Galvantula
|-damage|p1a: Galvantula|0 fnt
|-damage|p2a: Honchkrow|17\/341|[from] item: Life Orb
|faint|p1a: Galvantula
|-boost|p2a: Honchkrow|atk|1|[from] ability: Moxie
|
|
|switch|p1a: Victini|Victini, shiny|115\/341
|-damage|p1a: Victini|30\/341|[from] Stealth Rock
|turn|33
|
|move|p2a: Honchkrow|Sucker Punch|p1a: Victini
|-supereffective|p1a: Victini
|-damage|p1a: Victini|0 fnt
|-damage|p2a: Honchkrow|0 fnt|[from] item: Life Orb
|faint|p1a: Victini
|faint|p2a: Honchkrow
|
|win|Carelessskate88
|raw|Ladder updating...
|raw|ira deorum's rating: 1432 &rarr; <strong>1415<\/strong><br \/>(-17 for losing)
|raw|Carelessskate88's rating: 1484 &rarr; <strong>1501<\/strong><br \/>(+17 for winning)
|chat|Carelessskate88|gg
|leave|ira deorum
|player|p1