|join|Frizzle my nizzle
|join|ira deorum
|player|p1|Frizzle my nizzle|286
|player|p2|ira deorum|101
|gametype|singles
|gen|6
|tier|UU
|rated
|rule|Sleep Clause Mod: Limit one foe put to sleep
|rule|Species Clause: Limit one of each PokÃ©mon
|rule|OHKO Clause: OHKO moves are banned
|rule|Moody Clause: Moody is banned
|rule|Evasion Moves Clause: Evasion moves are banned
|rule|Endless Battle Clause: Forcing endless battles is banned
|rule|HP Percentage Mod: HP is shown in percentages
|clearpoke
|poke|p1|Seismitoad, M
|poke|p1|Cresselia, F
|poke|p1|Blissey, F
|poke|p1|Steelix, F
|poke|p1|Sigilyph, M
|poke|p1|Vullaby, F
|poke|p2|Shaymin
|poke|p2|Vaporeon, M
|poke|p2|Forretress, F
|poke|p2|Infernape, F
|poke|p2|Kingdra, F
|poke|p2|Ampharos, F
|rule|Swagger Clause: Swagger is banned
|rule|Baton Pass Clause: Limit one PokÃ©mon knowing Baton Pass
|teampreview
|
|start
|switch|p1a: Blissey|Blissey, F|665\/665
|switch|p2a: Infernape|Infernape, F|293\/293
|turn|1
|
|switch|p1a: Cresselia|Cresselia, F|444\/444
|move|p2a: Infernape|U-turn|p1a: Cresselia
|-supereffective|p1a: Cresselia
|-damage|p1a: Cresselia|304\/444
|
|switch|p2a: Kingdra|Kingdra, F|297\/297
|
|-heal|p1a: Cresselia|331\/444|[from] item: Leftovers
|turn|2
|
|move|p2a: Kingdra|Substitute|p2a: Kingdra
|-start|p2a: Kingdra|Substitute
|-damage|p2a: Kingdra|223\/297
|move|p1a: Cresselia|Moonblast|p2a: Kingdra
|-supereffective|p2a: Kingdra
|-end|p2a: Kingdra|Substitute
|
|-heal|p2a: Kingdra|241\/297|[from] item: Leftovers
|-heal|p1a: Cresselia|358\/444|[from] item: Leftovers
|turn|3
|
|switch|p2a: Vaporeon|Vaporeon, M|451\/451
|move|p1a: Cresselia|Moonblast|p2a: Vaporeon
|-damage|p2a: Vaporeon|396\/451
|-unboost|p2a: Vaporeon|spa|1
|
|-heal|p1a: Cresselia|385\/444|[from] item: Leftovers
|-heal|p2a: Vaporeon|424\/451|[from] item: Leftovers
|turn|4
|
|move|p1a: Cresselia|Calm Mind|p1a: Cresselia
|-boost|p1a: Cresselia|spa|1
|-boost|p1a: Cresselia|spd|1
|move|p2a: Vaporeon|Wish|p2a: Vaporeon
|
|-heal|p1a: Cresselia|412\/444|[from] item: Leftovers
|-heal|p2a: Vaporeon|451\/451|[from] item: Leftovers
|turn|5
|
|move|p1a: Cresselia|Calm Mind|p1a: Cresselia
|-boost|p1a: Cresselia|spa|1
|-boost|p1a: Cresselia|spd|1
|move|p2a: Vaporeon|Roar|p1a: Cresselia
|drag|p1a: Seismitoad|Seismitoad, M|405\/405
|
|turn|6
|
|move|p1a: Seismitoad|Knock Off|p2a: Vaporeon
|-damage|p2a: Vaporeon|366\/451
|-enditem|p2a: Vaporeon|Leftovers|[from] move: Knock Off|[of] p1a: Seismitoad
|move|p2a: Vaporeon|Wish|p2a: Vaporeon
|
|turn|7
|
|switch|p2a: Kingdra|Kingdra, F|241\/297
|move|p1a: Seismitoad|Stealth Rock|p2a: Kingdra
|-sidestart|p2: ira deorum|move: Stealth Rock
|
|-heal|p2a: Kingdra|297\/297|[from] move: Wish|[wisher] Vaporeon
|turn|8
|
|move|p2a: Kingdra|Substitute|p2a: Kingdra
|-start|p2a: Kingdra|Substitute
|-damage|p2a: Kingdra|223\/297
|move|p1a: Seismitoad|Earthquake|p2a: Kingdra
|-end|p2a: Kingdra|Substitute
|
|-heal|p2a: Kingdra|241\/297|[from] item: Leftovers
|turn|9
|
|move|p2a: Kingdra|Outrage|p1a: Seismitoad
|-damage|p1a: Seismitoad|237\/405
|move|p1a: Seismitoad|Knock Off|p2a: Kingdra
|-damage|p2a: Kingdra|160\/297
|-enditem|p2a: Kingdra|Leftovers|[from] move: Knock Off|[of] p1a: Seismitoad
|
|-heal|p1a: Seismitoad|262\/405|[from] item: Leftovers
|turn|10
|
|switch|p1a: Steelix|Steelix, F|306\/306
|move|p2a: Kingdra|Outrage|p1a: Steelix
|-resisted|p1a: Steelix
|-damage|p1a: Steelix|258\/306
|
|-end|p2a: Kingdra|rampage
|-start|p2a: Kingdra|confusion
|turn|11
|
|switch|p2a: Forretress|Forretress, F|354\/354
|-damage|p2a: Forretress|310\/354|[from] Stealth Rock
|detailschange|p1a: Steelix|Steelix-Mega, F
|-mega|p1a: Steelix|Steelix|Steelixite
|move|p1a: Steelix|Earthquake|p2a: Forretress
|-damage|p2a: Forretress|202\/354
|
|-heal|p2a: Forretress|224\/354|[from] item: Leftovers
|turn|12
|
|switch|p1a: Blissey|Blissey, F|665\/665
|move|p2a: Forretress|Stealth Rock|p1a: Blissey
|-sidestart|p1: Frizzle my nizzle|move: Stealth Rock
|
|-heal|p2a: Forretress|246\/354|[from] item: Leftovers
|turn|13
|
|move|p1a: Blissey|Seismic Toss|p2a: Forretress
|-damage|p2a: Forretress|146\/354
|move|p2a: Forretress|Rapid Spin|p1a: Blissey
|-damage|p1a: Blissey|640\/665
|-sideend|p2: ira deorum|Stealth Rock|[from] move: Rapid Spin|[of] p2a: Forretress
|
|-heal|p1a: Blissey|665\/665|[from] item: Leftovers
|-heal|p2a: Forretress|168\/354|[from] item: Leftovers
|turn|14
|
|move|p1a: Blissey|Copycat|p1a: Blissey
|move|p1a: Blissey|Rapid Spin|p2a: Forretress|[from]Copycat
|-resisted|p2a: Forretress
|-damage|p2a: Forretress|166\/354
|-sideend|p1: Frizzle my nizzle|Stealth Rock|[from] move: Rapid Spin|[of] p1a: Blissey
|move|p2a: Forretress|Volt Switch|p1a: Blissey
|-damage|p1a: Blissey|639\/665
|
|switch|p2a: Infernape|Infernape, F|293\/293
|
|-heal|p1a: Blissey|665\/665|[from] item: Leftovers
|turn|15
|
|switch|p1a: Cresselia|Cresselia, F|412\/444
|move|p2a: Infernape|Close Combat|p1a: Cresselia
|-resisted|p1a: Cresselia
|-damage|p1a: Cresselia|328\/444
|-unboost|p2a: Infernape|def|1
|-unboost|p2a: Infernape|spd|1
|
|-heal|p1a: Cresselia|355\/444|[from] item: Leftovers
|turn|16
|
|switch|p2a: Vaporeon|Vaporeon, M|366\/451
|move|p1a: Cresselia|Calm Mind|p1a: Cresselia
|-boost|p1a: Cresselia|spa|1
|-boost|p1a: Cresselia|spd|1
|
|-heal|p1a: Cresselia|382\/444|[from] item: Leftovers
|turn|17
|
|move|p1a: Cresselia|Moonblast|p2a: Vaporeon
|-damage|p2a: Vaporeon|287\/451
|move|p2a: Vaporeon|Wish|p2a: Vaporeon
|
|-heal|p1a: Cresselia|409\/444|[from] item: Leftovers
|turn|18
|
|move|p1a: Cresselia|Moonblast|p2a: Vaporeon
|-damage|p2a: Vaporeon|208\/451
|-unboost|p2a: Vaporeon|spa|1
|move|p2a: Vaporeon|Roar|p1a: Cresselia
|drag|p1a: Steelix|Steelix-Mega, F|258\/306
|
|-heal|p2a: Vaporeon|433\/451|[from] move: Wish|[wisher] Vaporeon
|turn|19
|
|move|p2a: Vaporeon|Scald|p1a: Steelix
|-supereffective|p1a: Steelix
|-damage|p1a: Steelix|142\/306
|-status|p1a: Steelix|brn
|move|p1a: Steelix|Earthquake|p2a: Vaporeon
|-damage|p2a: Vaporeon|325\/451
|
|-damage|p1a: Steelix|104\/306 brn|[from] brn
|turn|20
|
|move|p2a: Vaporeon|Wish|p2a: Vaporeon
|move|p1a: Steelix|Rest|p1a: Steelix
|-status|p1a: Steelix|slp
|-heal|p1a: Steelix|306\/306 slp|[silent]
|-status|p1a: Steelix|slp|[from] move: Rest
|
|turn|21
|
|switch|p2a: Forretress|Forretress, F|166\/354
|switch|p1a: Cresselia|Cresselia, F|409\/444
|
|-heal|p2a: Forretress|354\/354|[from] move: Wish|[wisher] Vaporeon
|-heal|p1a: Cresselia|436\/444|[from] item: Leftovers
|turn|22
|
|switch|p1a: Blissey|Blissey, F|665\/665
|switch|p2a: Vaporeon|Vaporeon, M|325\/451
|
|turn|23
|
|move|p2a: Vaporeon|Protect|p2a: Vaporeon
|-singleturn|p2a: Vaporeon|Protect
|move|p1a: Blissey|Seismic Toss|p2a: Vaporeon
|-activate|p2a: Vaporeon|Protect
|
|turn|24
|
|move|p2a: Vaporeon|Wish|p2a: Vaporeon
|move|p1a: Blissey|Seismic Toss|p2a: Vaporeon
|-damage|p2a: Vaporeon|225\/451
|
|turn|25
|
|move|p2a: Vaporeon|Protect|p2a: Vaporeon
|-singleturn|p2a: Vaporeon|Protect
|move|p1a: Blissey|Copycat|p1a: Blissey
|-fail|p1a: Blissey
|
|-heal|p2a: Vaporeon|450\/451|[from] move: Wish|[wisher] Vaporeon
|turn|26
|
|switch|p1a: Seismitoad|Seismitoad, M|262\/405
|move|p2a: Vaporeon|Wish|p2a: Vaporeon
|
|-heal|p1a: Seismitoad|287\/405|[from] item: Leftovers
|turn|27
|
|switch|p2a: Shaymin|Shaymin|341\/341
|move|p1a: Seismitoad|Knock Off|p2a: Shaymin
|-damage|p2a: Shaymin|267\/341
|-enditem|p2a: Shaymin|Life Orb|[from] move: Knock Off|[of] p1a: Seismitoad
|
|-heal|p2a: Shaymin|341\/341|[from] move: Wish|[wisher] Vaporeon
|-heal|p1a: Seismitoad|312\/405|[from] item: Leftovers
|turn|28
|
|switch|p1a: Steelix|Steelix-Mega, F|306\/306 slp
|move|p2a: Shaymin|Seed Flare|p1a: Steelix
|-damage|p1a: Steelix|168\/306 slp
|
|turn|29
|
|move|p2a: Shaymin|Earth Power|p1a: Steelix
|-supereffective|p1a: Steelix
|-damage|p1a: Steelix|12\/306 slp
|cant|p1a: Steelix|slp
|move|p1a: Steelix|Sleep Talk|p1a: Steelix
|move|p1a: Steelix|Earthquake|p2a: Shaymin|[from]Sleep Talk
|-resisted|p2a: Shaymin
|-damage|p2a: Shaymin|242\/341
|
|turn|30
|
|switch|p1a: Cresselia|Cresselia, F|436\/444
|move|p2a: Shaymin|Seed Flare|p1a: Cresselia
|-damage|p1a: Cresselia|291\/444
|
|-heal|p1a: Cresselia|318\/444|[from] item: Leftovers
|turn|31
|
|move|p2a: Shaymin|Seed Flare|p1a: Cresselia|[miss]
|-miss|p2a: Shaymin|p1a: Cresselia
|move|p1a: Cresselia|Calm Mind|p1a: Cresselia
|-boost|p1a: Cresselia|spa|1
|-boost|p1a: Cresselia|spd|1
|
|-heal|p1a: Cresselia|345\/444|[from] item: Leftovers
|turn|32
|
|switch|p2a: Vaporeon|Vaporeon, M|450\/451
|move|p1a: Cresselia|Calm Mind|p1a: Cresselia
|-boost|p1a: Cresselia|spa|1
|-boost|p1a: Cresselia|spd|1
|
|-heal|p1a: Cresselia|372\/444|[from] item: Leftovers
|turn|33
|
|move|p1a: Cresselia|Moonblast|p2a: Vaporeon
|-damage|p2a: Vaporeon|354\/451
|move|p2a: Vaporeon|Roar|p1a: Cresselia
|drag|p1a: Seismitoad|Seismitoad, M|312\/405
|
|-heal|p1a: Seismitoad|337\/405|[from] item: Leftovers
|turn|34
|
|switch|p1a: Blissey|Blissey, F|665\/665
|move|p2a: Vaporeon|Wish|p2a: Vaporeon
|
|turn|35
|
|switch|p2a: Kingdra|Kingdra, F|160\/297
|move|p1a: Blissey|Copycat|p1a: Blissey
|move|p1a: Blissey|Wish|p1a: Blissey|[from]Copycat
|
|-heal|p2a: Kingdra|297\/297|[from] move: Wish|[wisher] Vaporeon
|turn|36
|
|switch|p1a: Steelix|Steelix-Mega, F|12\/306 slp
|move|p2a: Kingdra|Waterfall|p1a: Steelix
|-supereffective|p1a: Steelix
|-damage|p1a: Steelix|0 fnt
|faint|p1a: Steelix
|
|
|switch|p1a: Cresselia|Cresselia, F|372\/444
|turn|37
|
|switch|p2a: Forretress|Forretress, F|354\/354
|switch|p1a: Sigilyph|Sigilyph, M|286\/286
|
|turn|38
|
|move|p1a: Sigilyph|Trick|p2a: Forretress
|-activate|p1a: Sigilyph|move: Trick|[of] p2a: Forretress
|-item|p2a: Forretress|Choice Scarf|[from] move: Trick
|-item|p1a: Sigilyph|Leftovers|[from] move: Trick
|move|p2a: Forretress|Stealth Rock|p1a: Sigilyph
|-sidestart|p1: Frizzle my nizzle|move: Stealth Rock
|
|turn|39
|
|switch|p1a: Seismitoad|Seismitoad, M|337\/405
|-damage|p1a: Seismitoad|312\/405|[from] Stealth Rock
|switch|p2a: Vaporeon|Vaporeon, M|354\/451
|
|-heal|p1a: Seismitoad|337\/405|[from] item: Leftovers
|turn|40
|
|move|p1a: Seismitoad|Stealth Rock|p2a: Vaporeon
|-sidestart|p2: ira deorum|move: Stealth Rock
|move|p2a: Vaporeon|Wish|p2a: Vaporeon
|
|-heal|p1a: Seismitoad|362\/405|[from] item: Leftovers
|turn|41
|
|switch|p2a: Shaymin|Shaymin|242\/341
|-damage|p2a: Shaymin|200\/341|[from] Stealth Rock
|move|p1a: Seismitoad|Earthquake|p2a: Shaymin
|-resisted|p2a: Shaymin
|-damage|p2a: Shaymin|143\/341
|
|-heal|p2a: Shaymin|341\/341|[from] move: Wish|[wisher] Vaporeon
|-heal|p1a: Seismitoad|387\/405|[from] item: Leftovers
|turn|42
|
|switch|p2a: Ampharos|Ampharos, F|354\/354
|-damage|p2a: Ampharos|310\/354|[from] Stealth Rock
|switch|p1a: Cresselia|Cresselia, F|372\/444
|-damage|p1a: Cresselia|317\/444|[from] Stealth Rock
|
|-heal|p1a: Cresselia|344\/444|[from] item: Leftovers
|turn|43
|
|detailschange|p2a: Ampharos|Ampharos-Mega, F
|-mega|p2a: Ampharos|Ampharos|Ampharosite
|-ability|p2a: Ampharos|Mold Breaker
|move|p1a: Cresselia|Calm Mind|p1a: Cresselia
|-boost|p1a: Cresselia|spa|1
|-boost|p1a: Cresselia|spd|1
|move|p2a: Ampharos|Volt Switch|p1a: Cresselia
|-damage|p1a: Cresselia|265\/444
|
|switch|p2a: Vaporeon|Vaporeon, M|354\/451
|-damage|p2a: Vaporeon|298\/451|[from] Stealth Rock
|
|-heal|p1a: Cresselia|292\/444|[from] item: Leftovers
|turn|44
|
|move|p1a: Cresselia|Psycho Shift|p2a: Vaporeon
|-fail|p2a: Vaporeon
|move|p2a: Vaporeon|Wish|p2a: Vaporeon
|
|-heal|p1a: Cresselia|319\/444|[from] item: Leftovers
|turn|45
|
|move|p1a: Cresselia|Moonblast|p2a: Vaporeon
|-damage|p2a: Vaporeon|216\/451
|move|p2a: Vaporeon|Roar|p1a: Cresselia
|drag|p1a: Sigilyph|Sigilyph, M|286\/286
|
|-heal|p2a: Vaporeon|441\/451|[from] move: Wish|[wisher] Vaporeon
|turn|46
|
|move|p1a: Sigilyph|Energy Ball|p2a: Vaporeon
|-supereffective|p2a: Vaporeon
|-damage|p2a: Vaporeon|275\/451
|-unboost|p2a: Vaporeon|spd|1
|move|p2a: Vaporeon|Scald|p1a: Sigilyph
|-damage|p1a: Sigilyph|171\/286
|
|-heal|p1a: Sigilyph|188\/286|[from] item: Leftovers
|turn|47
|
|move|p2a: Vaporeon|Protect|p2a: Vaporeon
|-singleturn|p2a: Vaporeon|Protect
|move|p1a: Sigilyph|Psyshock|p2a: Vaporeon
|-activate|p2a: Vaporeon|Protect
|
|-heal|p1a: Sigilyph|205\/286|[from] item: Leftovers
|turn|48
|
|switch|p2a: Kingdra|Kingdra, F|297\/297
|-damage|p2a: Kingdra|260\/297|[from] Stealth Rock
|move|p1a: Sigilyph|Air Slash|p2a: Kingdra
|-damage|p2a: Kingdra|133\/297
|
|-heal|p1a: Sigilyph|222\/286|[from] item: Leftovers
|turn|49
|
|move|p1a: Sigilyph|Psyshock|p2a: Kingdra
|-damage|p2a: Kingdra|13\/297
|move|p2a: Kingdra|Outrage|p1a: Sigilyph
|-damage|p1a: Sigilyph|12\/286
|
|-heal|p1a: Sigilyph|29\/286|[from] item: Leftovers
|turn|50
|
|move|p1a: Sigilyph|Energy Ball|p2a: Kingdra
|-damage|p2a: Kingdra|0 fnt
|faint|p2a: Kingdra
|
|-heal|p1a: Sigilyph|46\/286|[from] item: Leftovers
|
|switch|p2a: Infernape|Infernape, F|293\/293
|-damage|p2a: Infernape|257\/293|[from] Stealth Rock
|turn|51
|
|switch|p1a: Seismitoad|Seismitoad, M|387\/405
|-damage|p1a: Seismitoad|362\/405|[from] Stealth Rock
|move|p2a: Infernape|U-turn|p1a: Seismitoad
|-damage|p1a: Seismitoad|268\/405
|
|switch|p2a: Shaymin|Shaymin|341\/341
|-damage|p2a: Shaymin|299\/341|[from] Stealth Rock
|
|-heal|p1a: Seismitoad|293\/405|[from] item: Leftovers
|turn|52
|
|switch|p1a: Blissey|Blissey, F|665\/665
|-damage|p1a: Blissey|582\/665|[from] Stealth Rock
|move|p2a: Shaymin|Seed Flare|p1a: Blissey
|-damage|p1a: Blissey|458\/665
|
|-heal|p1a: Blissey|499\/665|[from] item: Leftovers
|turn|53
|
|switch|p2a: Forretress|Forretress, F|354\/354
|-damage|p2a: Forretress|310\/354|[from] Stealth Rock
|move|p1a: Blissey|Seismic Toss|p2a: Forretress
|-damage|p2a: Forretress|210\/354
|
|-heal|p1a: Blissey|540\/665|[from] item: Leftovers
|turn|54
|
|move|p1a: Blissey|Seismic Toss|p2a: Forretress
|-damage|p2a: Forretress|110\/354
|move|p2a: Forretress|Rapid Spin|p1a: Blissey
|-damage|p1a: Blissey|513\/665
|-sideend|p2: ira deorum|Stealth Rock|[from] move: Rapid Spin|[of] p2a: Forretress
|
|-heal|p1a: Blissey|554\/665|[from] item: Leftovers
|turn|55
|
|switch|p2a: Vaporeon|Vaporeon, M|275\/451
|move|p1a: Blissey|Copycat|p1a: Blissey
|move|p1a: Blissey|Rapid Spin|p2a: Vaporeon|[from]Copycat
|-damage|p2a: Vaporeon|269\/451
|-sideend|p1: Frizzle my nizzle|Stealth Rock|[from] move: Rapid Spin|[of] p1a: Blissey
|
|-heal|p1a: Blissey|595\/665|[from] item: Leftovers
|turn|56
|
|move|p2a: Vaporeon|Wish|p2a: Vaporeon
|move|p1a: Blissey|Seismic Toss|p2a: Vaporeon
|-damage|p2a: Vaporeon|169\/451
|
|-heal|p1a: Blissey|636\/665|[from] item: Leftovers
|turn|57
|
|move|p2a: Vaporeon|Scald|p1a: Blissey
|-damage|p1a: Blissey|564\/665
|move|p1a: Blissey|Copycat|p1a: Blissey
|move|p1a: Blissey|Scald|p2a: Vaporeon|[from]Copycat
|-heal|p2a: Vaporeon|281\/451|[from] ability: Water Absorb|[of] p1a: Blissey
|
|-heal|p2a: Vaporeon|451\/451|[from] move: Wish|[wisher] Vaporeon
|-heal|p1a: Blissey|605\/665|[from] item: Leftovers
|turn|58
|
|move|p1a: Blissey|Copycat|p1a: Blissey
|move|p1a: Blissey|Scald|p2a: Vaporeon|[from]Copycat
|-immune|p2a: Vaporeon|[msg]
|move|p2a: Vaporeon|Roar|p1a: Blissey
|drag|p1a: Cresselia|Cresselia, F|319\/444
|
|-heal|p1a: Cresselia|346\/444|[from] item: Leftovers
|turn|59
|
|move|p1a: Cresselia|Calm Mind|p1a: Cresselia
|-boost|p1a: Cresselia|spa|1
|-boost|p1a: Cresselia|spd|1
|move|p2a: Vaporeon|Roar|p1a: Cresselia
|drag|p1a: Vullaby|Vullaby, F|343\/343
|
|turn|60
|
|switch|p1a: Seismitoad|Seismitoad, M|293\/405
|move|p2a: Vaporeon|Scald|p1a: Seismitoad
|-heal|p1a: Seismitoad|394\/405|[from] ability: Water Absorb|[of] p2a: Vaporeon
|
|-heal|p1a: Seismitoad|405\/405|[from] item: Leftovers
|turn|61
|
|switch|p1a: Sigilyph|Sigilyph, M|46\/286
|move|p2a: Vaporeon|Wish|p2a: Vaporeon
|
|-heal|p1a: Sigilyph|63\/286|[from] item: Leftovers
|turn|62
|
|switch|p1a: Seismitoad|Seismitoad, M|405\/405
|move|p2a: Vaporeon|Scald|p1a: Seismitoad
|-immune|p1a: Seismitoad|[msg]
|
|turn|63
|
|move|p1a: Seismitoad|Stealth Rock|p2a: Vaporeon
|-sidestart|p2: ira deorum|move: Stealth Rock
|move|p2a: Vaporeon|Wish|p2a: Vaporeon
|
|turn|64
|
|switch|p2a: Forretress|Forretress, F|110\/354
|-damage|p2a: Forretress|66\/354|[from] Stealth Rock
|move|p1a: Seismitoad|Earthquake|p2a: Forretress
|-damage|p2a: Forretress|0 fnt
|faint|p2a: Forretress
|
|
|switch|p2a: Shaymin|Shaymin|299\/341
|-damage|p2a: Shaymin|257\/341|[from] Stealth Rock
|turn|65
|
|switch|p2a: Infernape|Infernape, F|257\/293
|-damage|p2a: Infernape|221\/293|[from] Stealth Rock
|switch|p1a: Blissey|Blissey, F|605\/665
|
|-heal|p1a: Blissey|646\/665|[from] item: Leftovers
|turn|66
|
|switch|p1a: Vullaby|Vullaby, F|343\/343
|move|p2a: Infernape|Close Combat|p1a: Vullaby
|-damage|p1a: Vullaby|169\/343
|-unboost|p2a: Infernape|def|1
|-unboost|p2a: Infernape|spd|1
|
|turn|67
|
|switch|p1a: Cresselia|Cresselia, F|346\/444
|move|p2a: Infernape|Close Combat|p1a: Cresselia
|-resisted|p1a: Cresselia
|-damage|p1a: Cresselia|259\/444
|-unboost|p2a: Infernape|def|1
|-unboost|p2a: Infernape|spd|1
|
|-heal|p1a: Cresselia|286\/444|[from] item: Leftovers
|turn|68
|
|switch|p2a: Ampharos|Ampharos-Mega, F|310\/354
|-damage|p2a: Ampharos|266\/354|[from] Stealth Rock
|-ability|p2a: Ampharos|Mold Breaker
|switch|p1a: Vullaby|Vullaby, F|169\/343
|
|turn|69
|
|switch|p1a: Seismitoad|Seismitoad, M|405\/405
|move|p2a: Ampharos|Dragon Pulse|p1a: Seismitoad
|-damage|p1a: Seismitoad|158\/405
|
|-heal|p1a: Seismitoad|183\/405|[from] item: Leftovers
|turn|70
|
|move|p1a: Seismitoad|Earthquake|p2a: Ampharos
|-supereffective|p2a: Ampharos
|-damage|p2a: Ampharos|38\/354
|move|p2a: Ampharos|Dragon Pulse|p1a: Seismitoad
|-damage|p1a: Seismitoad|0 fnt
|faint|p1a: Seismitoad
|
|
|switch|p1a: Sigilyph|Sigilyph, M|63\/286
|turn|71
|
|move|p1a: Sigilyph|Psyshock|p2a: Ampharos
|-damage|p2a: Ampharos|0 fnt
|faint|p2a: Ampharos
|
|-heal|p1a: Sigilyph|80\/286|[from] item: Leftovers
|
|switch|p2a: Vaporeon|Vaporeon, M|451\/451
|-damage|p2a: Vaporeon|395\/451|[from] Stealth Rock
|turn|72
|
|switch|p1a: Blissey|Blissey, F|646\/665
|move|p2a: Vaporeon|Scald|p1a: Blissey
|-damage|p1a: Blissey|576\/665
|
|-heal|p1a: Blissey|617\/665|[from] item: Leftovers
|turn|73
|
|move|p1a: Blissey|Seismic Toss|p2a: Vaporeon
|-damage|p2a: Vaporeon|295\/451
|move|p2a: Vaporeon|Roar|p1a: Blissey
|drag|p1a: Cresselia|Cresselia, F|286\/444
|
|-heal|p1a: Cresselia|313\/444|[from] item: Leftovers
|turn|74
|
|move|p1a: Cresselia|Moonlight|p1a: Cresselia
|-heal|p1a: Cresselia|444\/444
|move|p2a: Vaporeon|Scald|p1a: Cresselia
|-damage|p1a: Cresselia|363\/444
|
|-heal|p1a: Cresselia|390\/444|[from] item: Leftovers
|turn|75
|
|move|p1a: Cresselia|Moonblast|p2a: Vaporeon
|-damage|p2a: Vaporeon|246\/451
|move|p2a: Vaporeon|Wish|p2a: Vaporeon
|
|-heal|p1a: Cresselia|417\/444|[from] item: Leftovers
|turn|76
|
|move|p1a: Cresselia|Calm Mind|p1a: Cresselia
|-boost|p1a: Cresselia|spa|1
|-boost|p1a: Cresselia|spd|1
|move|p2a: Vaporeon|Scald|p1a: Cresselia
|-damage|p1a: Cresselia|363\/444
|-status|p1a: Cresselia|brn
|
|-heal|p2a: Vaporeon|451\/451|[from] move: Wish|[wisher] Vaporeon
|-heal|p1a: Cresselia|390\/444 brn|[from] item: Leftovers
|-damage|p1a: Cresselia|335\/444 brn|[from] brn
|turn|77
|
|switch|p2a: Infernape|Infernape, F|221\/293
|-damage|p2a: Infernape|185\/293|[from] Stealth Rock
|move|p1a: Cresselia|Psycho Shift|p2a: Infernape
|-fail|p2a: Infernape
|
|-heal|p1a: Cresselia|362\/444 brn|[from] item: Leftovers
|-damage|p1a: Cresselia|307\/444 brn|[from] brn
|turn|78
|
|move|p2a: Infernape|U-turn|p1a: Cresselia
|-supereffective|p1a: Cresselia
|-damage|p1a: Cresselia|167\/444 brn
|
|switch|p2a: Vaporeon|Vaporeon, M|451\/451
|-damage|p2a: Vaporeon|395\/451|[from] Stealth Rock
|move|p1a: Cresselia|Moonlight|p1a: Cresselia
|-heal|p1a: Cresselia|389\/444 brn
|
|-heal|p1a: Cresselia|416\/444 brn|[from] item: Leftovers
|-damage|p1a: Cresselia|361\/444 brn|[from] brn
|turn|79
|
|switch|p2a: Shaymin|Shaymin|257\/341
|-damage|p2a: Shaymin|215\/341|[from] Stealth Rock
|move|p1a: Cresselia|Psycho Shift|p2a: Shaymin
|-status|p2a: Shaymin|brn
|-curestatus|p1a: Cresselia|brn
|
|-heal|p1a: Cresselia|388\/444|[from] item: Leftovers
|-damage|p2a: Shaymin|173\/341 brn|[from] brn
|turn|80
|
|move|p2a: Shaymin|Synthesis|p2a: Shaymin
|-heal|p2a: Shaymin|341\/341 brn
|move|p1a: Cresselia|Moonblast|p2a: Shaymin
|-crit|p2a: Shaymin
|-damage|p2a: Shaymin|205\/341 brn
|-unboost|p2a: Shaymin|spa|1
|
|-heal|p1a: Cresselia|415\/444|[from] item: Leftovers
|-damage|p2a: Shaymin|163\/341 brn|[from] brn
|turn|81
|
|move|p2a: Shaymin|Synthesis|p2a: Shaymin
|-heal|p2a: Shaymin|333\/341 brn
|move|p1a: Cresselia|Calm Mind|p1a: Cresselia
|-boost|p1a: Cresselia|spa|1
|-boost|p1a: Cresselia|spd|1
|
|-heal|p1a: Cresselia|442\/444|[from] item: Leftovers
|-damage|p2a: Shaymin|291\/341 brn|[from] brn
|turn|82
|
|switch|p2a: Vaporeon|Vaporeon, M|395\/451
|-damage|p2a: Vaporeon|339\/451|[from] Stealth Rock
|move|p1a: Cresselia|Moonblast|p2a: Vaporeon
|-damage|p2a: Vaporeon|237\/451
|
|-heal|p1a: Cresselia|444\/444|[from] item: Leftovers
|turn|83
|
|move|p2a: Vaporeon|Protect|p2a: Vaporeon
|-singleturn|p2a: Vaporeon|Protect
|move|p1a: Cresselia|Moonblast|p2a: Vaporeon
|-activate|p2a: Vaporeon|Protect
|
|turn|84
|
|move|p1a: Cresselia|Moonblast|p2a: Vaporeon
|-crit|p2a: Vaporeon
|-damage|p2a: Vaporeon|87\/451
|move|p2a: Vaporeon|Roar|p1a: Cresselia
|drag|p1a: Blissey|Blissey, F|617\/665
|
|-heal|p1a: Blissey|658\/665|[from] item: Leftovers
|turn|85
|
|move|p2a: Vaporeon|Protect|p2a: Vaporeon
|-singleturn|p2a: Vaporeon|Protect
|move|p1a: Blissey|Seismic Toss|p2a: Vaporeon
|-activate|p2a: Vaporeon|Protect
|
|-heal|p1a: Blissey|665\/665|[from] item: Leftovers
|turn|86
|
|move|p2a: Vaporeon|Wish|p2a: Vaporeon
|move|p1a: Blissey|Seismic Toss|p2a: Vaporeon
|-damage|p2a: Vaporeon|0 fnt
|faint|p2a: Vaporeon
|
|
|switch|p2a: Infernape|Infernape, F|185\/293
|-damage|p2a: Infernape|149\/293|[from] Stealth Rock
|turn|87
|
|switch|p1a: Cresselia|Cresselia, F|444\/444
|move|p2a: Infernape|Fire Punch|p1a: Cresselia
|-damage|p1a: Cresselia|299\/444
|
|-heal|p2a: Infernape|293\/293|[from] move: Wish|[wisher] Vaporeon
|-heal|p1a: Cresselia|326\/444|[from] item: Leftovers
|turn|88
|
|move|p2a: Infernape|Fire Punch|p1a: Cresselia
|-damage|p1a: Cresselia|193\/444
|-status|p1a: Cresselia|brn
|move|p1a: Cresselia|Calm Mind|p1a: Cresselia
|-boost|p1a: Cresselia|spa|1
|-boost|p1a: Cresselia|spd|1
|
|-heal|p1a: Cresselia|220\/444 brn|[from] item: Leftovers
|-damage|p1a: Cresselia|165\/444 brn|[from] brn
|turn|89
|
|move|p2a: Infernape|Fire Punch|p1a: Cresselia
|-damage|p1a: Cresselia|35\/444 brn
|move|p1a: Cresselia|Moonlight|p1a: Cresselia
|-heal|p1a: Cresselia|257\/444 brn
|
|-heal|p1a: Cresselia|284\/444 brn|[from] item: Leftovers
|-damage|p1a: Cresselia|229\/444 brn|[from] brn
|turn|90
|
|move|p2a: Infernape|Fire Punch|p1a: Cresselia
|-damage|p1a: Cresselia|94\/444 brn
|move|p1a: Cresselia|Moonlight|p1a: Cresselia
|-heal|p1a: Cresselia|316\/444 brn
|
|-heal|p1a: Cresselia|343\/444 brn|[from] item: Leftovers
|-damage|p1a: Cresselia|288\/444 brn|[from] brn
|turn|91
|
|move|p2a: Infernape|Fire Punch|p1a: Cresselia
|-damage|p1a: Cresselia|156\/444 brn
|move|p1a: Cresselia|Calm Mind|p1a: Cresselia
|-boost|p1a: Cresselia|spa|1
|-boost|p1a: Cresselia|spd|1
|
|-heal|p1a: Cresselia|183\/444 brn|[from] item: Leftovers
|-damage|p1a: Cresselia|128\/444 brn|[from] brn
|turn|92
|
|move|p2a: Infernape|Fire Punch|p1a: Cresselia
|-damage|p1a: Cresselia|0 fnt
|faint|p1a: Cresselia
|
|
|switch|p1a: Vullaby|Vullaby, F|169\/343
|turn|93
|
|move|p2a: Infernape|Fire Punch|p1a: Vullaby
|-damage|p1a: Vullaby|34\/343
|move|p1a: Vullaby|Roost|p1a: Vullaby
|-heal|p1a: Vullaby|206\/343
|
|turn|94
|
|move|p2a: Infernape|Fire Punch|p1a: Vullaby
|-damage|p1a: Vullaby|73\/343
|move|p1a: Vullaby|Roost|p1a: Vullaby
|-heal|p1a: Vullaby|245\/343
|
|turn|95
|
|move|p2a: Infernape|Fire Punch|p1a: Vullaby
|-damage|p1a: Vullaby|121\/343
|move|p1a: Vullaby|Roost|p1a: Vullaby
|-heal|p1a: Vullaby|293\/343
|
|turn|96
|
|move|p2a: Infernape|Fire Punch|p1a: Vullaby
|-damage|p1a: Vullaby|148\/343
|move|p1a: Vullaby|Foul Play|p2a: Infernape
|-crit|p2a: Infernape
|-resisted|p2a: Infernape
|-damage|p2a: Infernape|152\/293
|
|turn|97
|
|move|p2a: Infernape|Fire Punch|p1a: Vullaby
|-damage|p1a: Vullaby|9\/343
|move|p1a: Vullaby|Roost|p1a: Vullaby
|-heal|p1a: Vullaby|181\/343
|
|turn|98
|
|move|p2a: Infernape|Fire Punch|p1a: Vullaby
|-damage|p1a: Vullaby|58\/343
|move|p1a: Vullaby|Roost|p1a: Vullaby
|-heal|p1a: Vullaby|230\/343
|
|turn|99
|
|switch|p2a: Shaymin|Shaymin|291\/341
|-damage|p2a: Shaymin|249\/341|[from] Stealth Rock
|move|p1a: Vullaby|Foul Play|p2a: Shaymin
|-damage|p2a: Shaymin|149\/341
|
|turn|100
|
|switch|p1a: Blissey|Blissey, F|665\/665
|move|p2a: Shaymin|Synthesis|p2a: Shaymin
|-heal|p2a: Shaymin|319\/341
|
|turn|101
|
|move|p2a: Shaymin|Seed Flare|p1a: Blissey
|-damage|p1a: Blissey|545\/665
|move|p1a: Blissey|Seismic Toss|p2a: Shaymin
|-damage|p2a: Shaymin|219\/341
|
|-heal|p1a: Blissey|586\/665|[from] item: Leftovers
|turn|102
|
|move|p2a: Shaymin|Seed Flare|p1a: Blissey
|-damage|p1a: Blissey|477\/665
|move|p1a: Blissey|Seismic Toss|p2a: Shaymin
|-damage|p2a: Shaymin|119\/341
|
|-heal|p1a: Blissey|518\/665|[from] item: Leftovers
|turn|103
|
|move|p2a: Shaymin|Seed Flare|p1a: Blissey
|-damage|p1a: Blissey|404\/665
|-unboost|p1a: Blissey|spd|2
|move|p1a: Blissey|Seismic Toss|p2a: Shaymin
|-damage|p2a: Shaymin|19\/341
|
|-heal|p1a: Blissey|445\/665|[from] item: Leftovers
|turn|104
|
|switch|p1a: Sigilyph|Sigilyph, M|80\/286
|move|p2a: Shaymin|Synthesis|p2a: Shaymin
|-heal|p2a: Shaymin|189\/341
|
|-heal|p1a: Sigilyph|97\/286|[from] item: Leftovers
|turn|105
|
|move|p2a: Shaymin|Seed Flare|p1a: Sigilyph
|-resisted|p1a: Sigilyph
|-damage|p1a: Sigilyph|0 fnt
|faint|p1a: Sigilyph
|
|
|switch|p1a: Blissey|Blissey, F|445\/665
|turn|106
|
|move|p2a: Shaymin|Psychic|p1a: Blissey
|-crit|p1a: Blissey
|-damage|p1a: Blissey|349\/665
|move|p1a: Blissey|Seismic Toss|p2a: Shaymin
|-damage|p2a: Shaymin|89\/341
|
|-heal|p1a: Blissey|390\/665|[from] item: Leftovers
|turn|107
|
|move|p2a: Shaymin|Synthesis|p2a: Shaymin
|-heal|p2a: Shaymin|259\/341
|move|p1a: Blissey|Seismic Toss|p2a: Shaymin
|-damage|p2a: Shaymin|159\/341
|
|-heal|p1a: Blissey|431\/665|[from] item: Leftovers
|turn|108
|
|move|p2a: Shaymin|Psychic|p1a: Blissey
|-damage|p1a: Blissey|374\/665
|move|p1a: Blissey|Seismic Toss|p2a: Shaymin
|-damage|p2a: Shaymin|59\/341
|
|-heal|p1a: Blissey|415\/665|[from] item: Leftovers
|turn|109
|
|move|p2a: Shaymin|Synthesis|p2a: Shaymin
|-heal|p2a: Shaymin|229\/341
|move|p1a: Blissey|Copycat|p1a: Blissey
|move|p1a: Blissey|Synthesis|p1a: Blissey|[from]Copycat
|-heal|p1a: Blissey|665\/665
|
|turn|110
|
|move|p2a: Shaymin|Psychic|p1a: Blissey
|-damage|p1a: Blissey|607\/665
|move|p1a: Blissey|Seismic Toss|p2a: Shaymin
|-damage|p2a: Shaymin|129\/341
|
|-heal|p1a: Blissey|648\/665|[from] item: Leftovers
|turn|111
|
|move|p2a: Shaymin|Synthesis|p2a: Shaymin
|-heal|p2a: Shaymin|299\/341
|move|p1a: Blissey|Seismic Toss|p2a: Shaymin
|-damage|p2a: Shaymin|199\/341
|
|-heal|p1a: Blissey|665\/665|[from] item: Leftovers
|turn|112
|
|move|p2a: Shaymin|Psychic|p1a: Blissey
|-damage|p1a: Blissey|609\/665
|move|p1a: Blissey|Seismic Toss|p2a: Shaymin
|-damage|p2a: Shaymin|99\/341
|
|-heal|p1a: Blissey|650\/665|[from] item: Leftovers
|turn|113
|
|move|p2a: Shaymin|Synthesis|p2a: Shaymin
|-heal|p2a: Shaymin|269\/341
|move|p1a: Blissey|Seismic Toss|p2a: Shaymin
|-damage|p2a: Shaymin|169\/341
|
|-heal|p1a: Blissey|665\/665|[from] item: Leftovers
|turn|114
|
|move|p2a: Shaymin|Psychic|p1a: Blissey
|-crit|p1a: Blissey
|-damage|p1a: Blissey|582\/665
|move|p1a: Blissey|Copycat|p1a: Blissey
|move|p1a: Blissey|Psychic|p2a: Shaymin|[from]Copycat
|-damage|p2a: Shaymin|112\/341
|
|-heal|p1a: Blissey|623\/665|[from] item: Leftovers
|turn|115
|
|move|p2a: Shaymin|Psychic|p1a: Blissey
|-damage|p1a: Blissey|564\/665
|move|p1a: Blissey|Copycat|p1a: Blissey
|move|p1a: Blissey|Psychic|p2a: Shaymin|[from]Copycat
|-damage|p2a: Shaymin|55\/341
|
|-heal|p1a: Blissey|605\/665|[from] item: Leftovers
|turn|116
|
|move|p2a: Shaymin|Psychic|p1a: Blissey
|-damage|p1a: Blissey|544\/665
|move|p1a: Blissey|Seismic Toss|p2a: Shaymin
|-damage|p2a: Shaymin|0 fnt
|faint|p2a: Shaymin
|
|-heal|p1a: Blissey|585\/665|[from] item: Leftovers
|
|switch|p2a: Infernape|Infernape, F|152\/293
|-damage|p2a: Infernape|116\/293|[from] Stealth Rock
|turn|117
|
|move|p2a: Infernape|Close Combat|p1a: Blissey
|-supereffective|p1a: Blissey
|-damage|p1a: Blissey|0 fnt
|-unboost|p2a: Infernape|def|1
|-unboost|p2a: Infernape|spd|1
|faint|p1a: Blissey
|
|
|switch|p1a: Vullaby|Vullaby, F|230\/343
|turn|118
|
|move|p2a: Infernape|Close Combat|p1a: Vullaby
|-damage|p1a: Vullaby|65\/343
|-unboost|p2a: Infernape|def|1
|-unboost|p2a: Infernape|spd|1
|move|p1a: Vullaby|Foul Play|p2a: Infernape
|-resisted|p2a: Infernape
|-damage|p2a: Infernape|0 fnt
|faint|p2a: Infernape
|
|win|Frizzle my nizzle
|raw|Ladder updating...
|raw|Frizzle my nizzle's rating: 1421 &rarr; <strong>1441<\/strong><br \/>(+20 for winning)
|raw|ira deorum's rating: 1420 &rarr; <strong>1400<\/strong><br \/>(-20 for losing)