|join|HiryuSan108
|join|ira deorum
|player|p1|HiryuSan108|148
|player|p2|ira deorum|101
|gametype|singles
|gen|6
|tier|UU
|rated
|rule|Sleep Clause Mod: Limit one foe put to sleep
|rule|Species Clause: Limit one of each PokÃ©mon
|rule|OHKO Clause: OHKO moves are banned
|rule|Moody Clause: Moody is banned
|rule|Evasion Moves Clause: Evasion moves are banned
|rule|Endless Battle Clause: Forcing endless battles is banned
|rule|HP Percentage Mod: HP is shown in percentages
|clearpoke
|poke|p1|Hydreigon, M
|poke|p1|Chandelure, M, shiny
|poke|p1|Beedrill, M, shiny
|poke|p1|Forretress, M, shiny
|poke|p1|Tentacruel, M, shiny
|poke|p1|Galvantula, M
|poke|p2|Shaymin
|poke|p2|Vaporeon, M
|poke|p2|Aerodactyl, M
|poke|p2|Jirachi
|poke|p2|Infernape, F
|poke|p2|Gligar, M
|rule|Swagger Clause: Swagger is banned
|rule|Baton Pass Clause: Limit one PokÃ©mon knowing Baton Pass
|teampreview
|
|start
|switch|p1a: Giga-Brilliant|Galvantula, M|281\/281
|switch|p2a: Jirachi|Jirachi|341\/341
|turn|1
|
|move|p2a: Jirachi|Iron Head|p1a: Giga-Brilliant
|-resisted|p1a: Giga-Brilliant
|-damage|p1a: Giga-Brilliant|197\/281
|move|p1a: Giga-Brilliant|Thunder Wave|p2a: Jirachi
|-status|p2a: Jirachi|par
|
|turn|2
|
|switch|p2a: Gligar|Gligar, M|334\/334
|move|p1a: Giga-Brilliant|Sticky Web|p2a: Gligar
|-sidestart|p2: ira deorum|move: Sticky Web
|
|turn|3
|
|switch|p1a: Squidward T-Balls|Tentacruel, M, shiny|363\/363
|move|p2a: Gligar|Earthquake|p1a: Squidward T-Balls
|-supereffective|p1a: Squidward T-Balls
|-damage|p1a: Squidward T-Balls|189\/363
|
|-heal|p1a: Squidward T-Balls|211\/363|[from] item: Black Sludge
|turn|4
|
|move|p1a: Squidward T-Balls|Scald|p2a: Gligar
|-supereffective|p2a: Gligar
|-damage|p2a: Gligar|188\/334
|-status|p2a: Gligar|brn
|move|p2a: Gligar|Defog|p1a: Squidward T-Balls
|-unboost|p1a: Squidward T-Balls|evasion|1
|-sideend|p2: ira deorum|Sticky Web|[from] move: Defog|[of] p2a: Gligar
|
|-heal|p1a: Squidward T-Balls|233\/363|[from] item: Black Sludge
|-damage|p2a: Gligar|147\/334 brn|[from] brn
|turn|5
|
|switch|p2a: Shaymin|Shaymin|341\/341
|move|p1a: Squidward T-Balls|Knock Off|p2a: Shaymin
|-damage|p2a: Shaymin|298\/341
|-enditem|p2a: Shaymin|Life Orb|[from] move: Knock Off|[of] p1a: Squidward T-Balls
|
|-heal|p1a: Squidward T-Balls|255\/363|[from] item: Black Sludge
|turn|6
|
|switch|p1a: Inferno|Chandelure, M, shiny|261\/261
|move|p2a: Shaymin|Seed Flare|p1a: Inferno|[miss]
|-miss|p2a: Shaymin|p1a: Inferno
|
|turn|7
|c|âHiryuSan108|Oh come on, that Jirachi stunt is one of the most obvious stunts in the book!
|
|move|p1a: Inferno|Flamethrower|p2a: Shaymin
|-supereffective|p2a: Shaymin
|-damage|p2a: Shaymin|0 fnt
|faint|p2a: Shaymin
|
|
|switch|p2a: Aerodactyl|Aerodactyl, M|301\/301
|-ability|p2a: Aerodactyl|Pressure
|turn|8
|c|âHiryuSan108|60% Flinch chance is tough to break, but explain to me how it couldn't be luck based.
|
|switch|p1a: Helios|Hydreigon, M|325\/325
|detailschange|p2a: Aerodactyl|Aerodactyl-Mega, M
|-mega|p2a: Aerodactyl|Aerodactyl|Aerodactylite
|move|p2a: Aerodactyl|Hone Claws|p2a: Aerodactyl
|-boost|p2a: Aerodactyl|atk|1
|-boost|p2a: Aerodactyl|accuracy|1
|
|turn|9
|c|âHiryuSan108|Don't rely on luck to win battles.
|
|move|p2a: Aerodactyl|Stone Edge|p1a: Helios
|-crit|p1a: Helios
|-damage|p1a: Helios|0 fnt
|faint|p1a: Helios
|
|
|switch|p1a: Goldd|Forretress, M, shiny|291\/291
|turn|10
|
|switch|p2a: Infernape|Infernape, F|293\/293
|move|p1a: Goldd|Gyro Ball|p2a: Infernape
|-resisted|p2a: Infernape
|-damage|p2a: Infernape|209\/293
|
|turn|11
|
|switch|p1a: Squidward T-Balls|Tentacruel, M, shiny|255\/363
|move|p2a: Infernape|Shadow Claw|p1a: Squidward T-Balls
|-damage|p1a: Squidward T-Balls|152\/363
|
|-heal|p1a: Squidward T-Balls|174\/363|[from] item: Black Sludge
|turn|12
|
|switch|p2a: Vaporeon|Vaporeon, M|451\/451
|move|p1a: Squidward T-Balls|Scald|p2a: Vaporeon
|-immune|p2a: Vaporeon|[msg]
|
|-heal|p1a: Squidward T-Balls|196\/363|[from] item: Black Sludge
|turn|13
|
|move|p1a: Squidward T-Balls|Knock Off|p2a: Vaporeon
|-damage|p2a: Vaporeon|403\/451
|-enditem|p2a: Vaporeon|Leftovers|[from] move: Knock Off|[of] p1a: Squidward T-Balls
|move|p2a: Vaporeon|Wish|p2a: Vaporeon
|
|-heal|p1a: Squidward T-Balls|218\/363|[from] item: Black Sludge
|turn|14
|
|switch|p1a: Giga-Brilliant|Galvantula, M|197\/281
|move|p2a: Vaporeon|Scald|p1a: Giga-Brilliant
|-damage|p1a: Giga-Brilliant|49\/281
|
|-heal|p2a: Vaporeon|451\/451|[from] move: Wish|[wisher] Vaporeon
|turn|15
|
|move|p1a: Giga-Brilliant|Thunder|p2a: Vaporeon
|-supereffective|p2a: Vaporeon
|-damage|p2a: Vaporeon|149\/451
|move|p2a: Vaporeon|Scald|p1a: Giga-Brilliant
|-damage|p1a: Giga-Brilliant|0 fnt
|faint|p1a: Giga-Brilliant
|
|
|switch|p1a: Inferno|Chandelure, M, shiny|261\/261
|turn|16
|
|switch|p2a: Jirachi|Jirachi|341\/341 par
|move|p1a: Inferno|Energy Ball|p2a: Jirachi
|-resisted|p2a: Jirachi
|-damage|p2a: Jirachi|286\/341 par
|
|turn|17
|
|switch|p1a: Squidward T-Balls|Tentacruel, M, shiny|218\/363
|move|p2a: Jirachi|Trick|p1a: Squidward T-Balls
|-activate|p2a: Jirachi|move: Trick|[of] p1a: Squidward T-Balls
|-item|p1a: Squidward T-Balls|Choice Scarf|[from] move: Trick
|-item|p2a: Jirachi|Black Sludge|[from] move: Trick
|
|-damage|p2a: Jirachi|244\/341 par|[from] item: Black Sludge
|turn|18
|
|move|p1a: Squidward T-Balls|Scald|p2a: Jirachi
|-damage|p2a: Jirachi|159\/341 par
|move|p2a: Jirachi|U-turn|p1a: Squidward T-Balls
|-resisted|p1a: Squidward T-Balls
|-damage|p1a: Squidward T-Balls|184\/363
|
|switch|p2a: Vaporeon|Vaporeon, M|149\/451
|
|turn|19
|
|switch|p1a: Goldd|Forretress, M, shiny|291\/291
|move|p2a: Vaporeon|Wish|p2a: Vaporeon
|
|turn|20
|
|move|p2a: Vaporeon|Scald|p1a: Goldd
|-crit|p1a: Goldd
|-damage|p1a: Goldd|134\/291
|move|p1a: Goldd|Volt Switch|p2a: Vaporeon
|-supereffective|p2a: Vaporeon
|-damage|p2a: Vaporeon|79\/451
|
|switch|p1a: Sting|Beedrill, M, shiny|271\/271
|
|-heal|p2a: Vaporeon|304\/451|[from] move: Wish|[wisher] Vaporeon
|turn|21
|
|switch|p2a: Jirachi|Jirachi|159\/341 par
|detailschange|p1a: Sting|Beedrill-Mega, M, shiny
|-mega|p1a: Sting|Beedrill|Beedrillite
|move|p1a: Sting|Protect|p1a: Sting
|-fail|p1a: Sting
|
|-damage|p2a: Jirachi|117\/341 par|[from] item: Black Sludge
|turn|22
|
|move|p1a: Sting|Drill Run|p2a: Jirachi
|-supereffective|p2a: Jirachi
|-damage|p2a: Jirachi|0 fnt
|faint|p2a: Jirachi
|
|
|switch|p2a: Aerodactyl|Aerodactyl-Mega, M|301\/301
|turn|23
|
|switch|p1a: Squidward T-Balls|Tentacruel, M, shiny|184\/363
|move|p2a: Aerodactyl|Stone Edge|p1a: Squidward T-Balls
|-damage|p1a: Squidward T-Balls|0 fnt
|faint|p1a: Squidward T-Balls
|
|
|switch|p1a: Inferno|Chandelure, M, shiny|261\/261
|turn|24
|c|âHiryuSan108|!dt Aerodactyl-Mega
|c|~|\/data-pokemon Aerodactyl-Mega
|raw|<font size="1"><font color=#585858>Dex#:<\/font> 142&nbsp;|&ThickSpace;<font color=#585858>Height:<\/font> 2.1 m&nbsp;|&ThickSpace;<font color=#585858>Weight:<\/font> 79 kg <em>(80 BP)<\/em>&nbsp;|&ThickSpace;<font color=#585858>Dex Colour:<\/font> Purple&nbsp;|&ThickSpace;<font color=#585858>Egg Group(s):<\/font> Flying&nbsp;|&ThickSpace;<font color=#585858><font color=#585858>Does Not Evolve<\/font><\/font><\/font>
|
|move|p1a: Inferno|Shadow Ball|p2a: Aerodactyl
|-damage|p2a: Aerodactyl|129\/301
|-unboost|p2a: Aerodactyl|spd|1
|move|p2a: Aerodactyl|Stone Edge|p1a: Inferno
|-supereffective|p1a: Inferno
|-damage|p1a: Inferno|0 fnt
|faint|p1a: Inferno
|
|
|switch|p1a: Goldd|Forretress, M, shiny|134\/291
|turn|25
|
|switch|p2a: Infernape|Infernape, F|209\/293
|move|p1a: Goldd|Volt Switch|p2a: Infernape
|-damage|p2a: Infernape|163\/293
|
|switch|p1a: Sting|Beedrill-Mega, M, shiny|271\/271
|
|turn|26
|
|switch|p2a: Gligar|Gligar, M|147\/334 brn
|move|p1a: Sting|Poison Jab|p2a: Gligar
|-crit|p2a: Gligar
|-resisted|p2a: Gligar
|-damage|p2a: Gligar|62\/334 brn
|
|-damage|p2a: Gligar|21\/334 brn|[from] brn
|turn|27
|
|move|p1a: Sting|U-turn|p2a: Gligar
|-resisted|p2a: Gligar
|-damage|p2a: Gligar|0 fnt
|faint|p2a: Gligar
|
|switch|p1a: Goldd|Forretress, M, shiny|134\/291
|
|-heal|p1a: Goldd|152\/291|[from] item: Leftovers
|
|switch|p2a: Vaporeon|Vaporeon, M|304\/451
|turn|28
|
|move|p2a: Vaporeon|Wish|p2a: Vaporeon
|move|p1a: Goldd|Stealth Rock|p2a: Vaporeon
|-sidestart|p2: ira deorum|move: Stealth Rock
|
|-heal|p1a: Goldd|170\/291|[from] item: Leftovers
|turn|29
|
|switch|p2a: Infernape|Infernape, F|163\/293
|-damage|p2a: Infernape|127\/293|[from] Stealth Rock
|move|p1a: Goldd|Volt Switch|p2a: Infernape
|-damage|p2a: Infernape|79\/293
|
|switch|p1a: Sting|Beedrill-Mega, M, shiny|271\/271
|
|-heal|p2a: Infernape|293\/293|[from] move: Wish|[wisher] Vaporeon
|turn|30
|c|âHiryuSan108|!dt Infernape
|c|~|\/data-pokemon Infernape
|raw|<font size="1"><font color=#585858>Dex#:<\/font> 392&nbsp;|&ThickSpace;<font color=#585858>Height:<\/font> 1.2 m&nbsp;|&ThickSpace;<font color=#585858>Weight:<\/font> 55 kg <em>(80 BP)<\/em>&nbsp;|&ThickSpace;<font color=#585858>Dex Colour:<\/font> Brown&nbsp;|&ThickSpace;<font color=#585858>Egg Group(s):<\/font> Field, Human-Like&nbsp;|&ThickSpace;<font color=#585858><font color=#585858>Does Not Evolve<\/font><\/font><\/font>
|
|move|p1a: Sting|Poison Jab|p2a: Infernape
|-damage|p2a: Infernape|0 fnt
|faint|p2a: Infernape
|
|
|switch|p2a: Vaporeon|Vaporeon, M|304\/451
|-damage|p2a: Vaporeon|248\/451|[from] Stealth Rock
|turn|31
|c|âHiryuSan108|!dt Vaporeon
|c|~|\/data-pokemon Vaporeon
|raw|<font size="1"><font color=#585858>Dex#:<\/font> 134&nbsp;|&ThickSpace;<font color=#585858>Height:<\/font> 1 m&nbsp;|&ThickSpace;<font color=#585858>Weight:<\/font> 29 kg <em>(60 BP)<\/em>&nbsp;|&ThickSpace;<font color=#585858>Dex Colour:<\/font> Blue&nbsp;|&ThickSpace;<font color=#585858>Egg Group(s):<\/font> Field&nbsp;|&ThickSpace;<font color=#585858><font color=#585858>Does Not Evolve<\/font><\/font><\/font>
|
|move|p1a: Sting|Poison Jab|p2a: Vaporeon
|-damage|p2a: Vaporeon|18\/451
|-status|p2a: Vaporeon|psn
|move|p2a: Vaporeon|Wish|p2a: Vaporeon
|
|-damage|p2a: Vaporeon|0 fnt|[from] psn
|faint|p2a: Vaporeon
|
|switch|p2a: Aerodactyl|Aerodactyl-Mega, M|129\/301
|-damage|p2a: Aerodactyl|54\/301|[from] Stealth Rock
|turn|32
|
|move|p2a: Aerodactyl|Aerial Ace|p1a: Sting
|-crit|p1a: Sting
|-supereffective|p1a: Sting
|-damage|p1a: Sting|0 fnt
|faint|p1a: Sting
|
|-heal|p2a: Aerodactyl|279\/301|[from] move: Wish|[wisher] Vaporeon
|
|switch|p1a: Goldd|Forretress, M, shiny|170\/291
|turn|33
|
|move|p2a: Aerodactyl|Stone Edge|p1a: Goldd
|-damage|p1a: Goldd|52\/291
|move|p1a: Goldd|Gyro Ball|p2a: Aerodactyl
|-supereffective|p2a: Aerodactyl
|-damage|p2a: Aerodactyl|0 fnt
|faint|p2a: Aerodactyl
|
|win|HiryuSan108
|raw|Ladder updating...
|c|âHiryuSan108|...Oh, now it's on, buddy!!! NOW IT'S ON!!! Come on, hit me with your best shot!! I dare ya!!!
|raw|HiryuSan108's rating: 1336 &rarr; <strong>1351<\/strong><br \/>(+15 for winning)
|raw|ira deorum's rating: 1252 &rarr; <strong>1233<\/strong><br \/>(-19 for losing)
|leave|ira deorum