|join|zoid's warhorse
|join|ira deorum
|player|p1|zoid's warhorse|188
|player|p2|ira deorum|101
|gametype|singles
|gen|6
|tier|UU
|rated
|rule|Sleep Clause Mod: Limit one foe put to sleep
|rule|Species Clause: Limit one of each PokÃ©mon
|rule|OHKO Clause: OHKO moves are banned
|rule|Moody Clause: Moody is banned
|rule|Evasion Moves Clause: Evasion moves are banned
|rule|Endless Battle Clause: Forcing endless battles is banned
|rule|HP Percentage Mod: HP is shown in percentages
|clearpoke
|poke|p1|Aerodactyl, F
|poke|p1|Azelf
|poke|p1|Dragalge, F
|poke|p1|Lucario, M
|poke|p1|Magneton
|poke|p1|Serperior, M
|poke|p2|Espeon, M
|poke|p2|Absol, F
|poke|p2|Arcanine, F
|poke|p2|Vaporeon, F
|poke|p2|Roserade, F
|poke|p2|Donphan, M
|rule|Swagger Clause: Swagger is banned
|rule|Baton Pass Clause: Limit one PokÃ©mon knowing Baton Pass
|teampreview
|
|start
|switch|p1a: Azelf|Azelf|291\/291
|switch|p2a: Arcanine|Arcanine, F|383\/383
|-ability|p2a: Arcanine|Intimidate|[of] p1a: Azelf
|-unboost|p1a: Azelf|atk|1
|turn|1
|
|move|p1a: Azelf|Knock Off|p2a: Arcanine
|-damage|p2a: Arcanine|316\/383
|-enditem|p2a: Arcanine|Leftovers|[from] move: Knock Off|[of] p1a: Azelf
|move|p2a: Arcanine|Crunch|p1a: Azelf
|-supereffective|p1a: Azelf
|-damage|p1a: Azelf|99\/291
|
|turn|2
|
|move|p1a: Azelf|Knock Off|p2a: Arcanine
|-damage|p2a: Arcanine|276\/383
|move|p2a: Arcanine|Flare Blitz|p1a: Azelf
|-crit|p1a: Azelf
|-damage|p1a: Azelf|0 fnt
|-damage|p2a: Arcanine|243\/383|[from] recoil|[of] p1a: Azelf
|faint|p1a: Azelf
|
|
|switch|p1a: Dragalge|Dragalge, F|283\/283
|turn|3
|
|switch|p2a: Vaporeon|Vaporeon, F|451\/451
|move|p1a: Dragalge|Sludge Wave|p2a: Vaporeon
|-damage|p2a: Vaporeon|175\/451
|
|-heal|p2a: Vaporeon|203\/451|[from] item: Leftovers
|turn|4
|
|move|p2a: Vaporeon|Protect|p2a: Vaporeon
|-singleturn|p2a: Vaporeon|Protect
|move|p1a: Dragalge|Sludge Wave|p2a: Vaporeon
|-activate|p2a: Vaporeon|Protect
|
|-heal|p2a: Vaporeon|231\/451|[from] item: Leftovers
|turn|5
|
|switch|p2a: Donphan|Donphan, M|364\/364
|move|p1a: Dragalge|Sludge Wave|p2a: Donphan
|-resisted|p2a: Donphan
|-damage|p2a: Donphan|222\/364
|
|turn|6
|
|switch|p1a: Serperior|Serperior, M|303\/303
|move|p2a: Donphan|Knock Off|p1a: Serperior
|-damage|p1a: Serperior|184\/303
|-enditem|p1a: Serperior|Lum Berry|[from] move: Knock Off|[of] p2a: Donphan
|
|turn|7
|
|switch|p1a: Aerodactyl|Aerodactyl, F|302\/302
|-ability|p1a: Aerodactyl|Unnerve|p2: ira deorum
|switch|p2a: Roserade|Roserade, F|261\/261
|
|turn|8
|
|detailschange|p1a: Aerodactyl|Aerodactyl-Mega, F
|-mega|p1a: Aerodactyl|Aerodactyl|Aerodactylite
|move|p1a: Aerodactyl|Aerial Ace|p2a: Roserade
|-supereffective|p2a: Roserade
|-damage|p2a: Roserade|0 fnt
|faint|p2a: Roserade
|
|
|switch|p2a: Vaporeon|Vaporeon, F|231\/451
|turn|9
|
|switch|p1a: Dragalge|Dragalge, F|283\/283
|move|p2a: Vaporeon|Wish|p2a: Vaporeon
|
|-heal|p2a: Vaporeon|259\/451|[from] item: Leftovers
|turn|10
|
|switch|p2a: Donphan|Donphan, M|222\/364
|move|p1a: Dragalge|Draco Meteor|p2a: Donphan
|-damage|p2a: Donphan|0 fnt
|-unboost|p1a: Dragalge|spa|2
|faint|p2a: Donphan
|
|
|switch|p2a: Espeon|Espeon, M|334\/334
|turn|11
|
|switch|p1a: Magneton|Magneton|303\/303
|move|p2a: Espeon|Reflect|p2a: Espeon
|-sidestart|p2: ira deorum|Reflect
|
|turn|12
|
|move|p2a: Espeon|Light Screen|p2a: Espeon
|-sidestart|p2: ira deorum|move: Light Screen
|move|p1a: Magneton|Volt Switch|p2a: Espeon
|-damage|p2a: Espeon|261\/334
|
|switch|p1a: Aerodactyl|Aerodactyl-Mega, F|302\/302
|
|turn|13
|
|move|p1a: Aerodactyl|Stone Edge|p2a: Espeon
|-damage|p2a: Espeon|132\/334
|move|p2a: Espeon|Psychic|p1a: Aerodactyl
|-damage|p1a: Aerodactyl|164\/302
|
|turn|14
|
|move|p1a: Aerodactyl|Stone Edge|p2a: Espeon
|-damage|p2a: Espeon|1\/334
|move|p2a: Espeon|Psychic|p1a: Aerodactyl
|-damage|p1a: Aerodactyl|34\/302
|
|turn|15
|
|move|p1a: Aerodactyl|Pursuit|p2a: Espeon
|-supereffective|p2a: Espeon
|-damage|p2a: Espeon|0 fnt
|faint|p2a: Espeon
|
|
|switch|p2a: Absol|Absol, F|271\/271
|turn|16
|
|detailschange|p2a: Absol|Absol-Mega, F
|-mega|p2a: Absol|Absol|Absolite
|move|p1a: Aerodactyl|Stone Edge|p2a: Absol
|-damage|p2a: Absol|135\/271
|move|p2a: Absol|Swords Dance|p2a: Absol
|-boost|p2a: Absol|atk|2
|
|turn|17
|
|move|p2a: Absol|Sucker Punch|p1a: Aerodactyl
|-damage|p1a: Aerodactyl|0 fnt
|faint|p1a: Aerodactyl
|
|
|switch|p1a: Lucario|Lucario, M|279\/279
|turn|18
|
|move|p2a: Absol|Play Rough|p1a: Lucario
|-damage|p1a: Lucario|0 fnt
|faint|p1a: Lucario
|
|-sideend|p2: ira deorum|Reflect
|
|switch|p1a: Magneton|Magneton|303\/303
|turn|19
|
|move|p2a: Absol|Knock Off|p1a: Magneton
|-damage|p1a: Magneton|21\/303
|-enditem|p1a: Magneton|Eviolite|[from] move: Knock Off|[of] p2a: Absol
|move|p1a: Magneton|Thunderbolt|p2a: Absol
|-damage|p2a: Absol|13\/271
|
|-sideend|p2: ira deorum|move: Light Screen
|turn|20
|
|move|p2a: Absol|Knock Off|p1a: Magneton
|-damage|p1a: Magneton|0 fnt
|faint|p1a: Magneton
|
|-message|zoid's warhorse forfeited.
|c|âzoid's warhorse|gg
|
|win|ira deorum
|raw|Ladder updating...
|raw|zoid&apos;s warhorse's rating: 1466 &rarr; <strong>1449<\/strong><br \/>(-17 for losing)
|raw|ira deorum's rating: 1509 &rarr; <strong>1526<\/strong><br \/>(+17 for winning)