|join|ira deorum
|join|Aggron
|c|âAggron|hf
|player|p1|ira deorum|101
|player|p2|Aggron|17
|gametype|singles
|gen|6
|tier|UU
|rated
|rule|Sleep Clause Mod: Limit one foe put to sleep
|rule|Species Clause: Limit one of each PokÃ©mon
|rule|OHKO Clause: OHKO moves are banned
|rule|Moody Clause: Moody is banned
|rule|Evasion Moves Clause: Evasion moves are banned
|rule|Endless Battle Clause: Forcing endless battles is banned
|rule|HP Percentage Mod: HP is shown in percentages
|clearpoke
|poke|p1|Espeon, M
|poke|p1|Absol, M
|poke|p1|Arcanine, M
|poke|p1|Vaporeon, M
|poke|p1|Crobat, F
|poke|p1|Celebi
|poke|p2|Darmanitan, M
|poke|p2|Roserade, F
|poke|p2|Blastoise, M
|poke|p2|Rhyperior, M
|poke|p2|Scrafty, M
|poke|p2|Crobat, M
|rule|Swagger Clause: Swagger is banned
|rule|Baton Pass Clause: Limit one PokÃ©mon knowing Baton Pass
|teampreview
|
|start
|switch|p1a: Arcanine|Arcanine, M|383\/383
|switch|p2a: Rhyperior|Rhyperior, M|432\/432
|-ability|p1a: Arcanine|Intimidate|[of] p2a: Rhyperior
|-unboost|p2a: Rhyperior|atk|1
|turn|1
|
|move|p1a: Arcanine|Will-O-Wisp|p2a: Rhyperior
|-status|p2a: Rhyperior|brn
|move|p2a: Rhyperior|Earthquake|p1a: Arcanine
|-supereffective|p1a: Arcanine
|-damage|p1a: Arcanine|281\/383
|
|-heal|p1a: Arcanine|304\/383|[from] item: Leftovers
|-damage|p2a: Rhyperior|378\/432 brn|[from] brn
|turn|2
|
|switch|p1a: Celebi|Celebi|396\/396
|switch|p2a: Scrafty|Scrafty, M|320\/320
|
|turn|3
|
|move|p1a: Celebi|U-turn|p2a: Scrafty
|-damage|p2a: Scrafty|275\/320
|
|switch|p1a: Absol|Absol, M|271\/271
|move|p2a: Scrafty|Knock Off|p1a: Absol
|-resisted|p1a: Absol
|-damage|p1a: Absol|214\/271
|-boost|p1a: Absol|atk|1|[from] ability: Justified
|
|-heal|p2a: Scrafty|295\/320|[from] item: Leftovers
|turn|4
|
|switch|p2a: Crobat|Crobat, M|353\/353
|detailschange|p1a: Absol|Absol-Mega, M
|-mega|p1a: Absol|Absol|Absolite
|move|p1a: Absol|Swords Dance|p1a: Absol
|-boost|p1a: Absol|atk|2
|
|turn|5
|
|move|p1a: Absol|Sucker Punch|p2a: Crobat
|-damage|p2a: Crobat|0 fnt
|faint|p2a: Crobat
|
|
|switch|p2a: Blastoise|Blastoise, M|361\/361
|turn|6
|
|detailschange|p2a: Blastoise|Blastoise-Mega, M
|-mega|p2a: Blastoise|Blastoise|Blastoisinite
|move|p1a: Absol|Sucker Punch|p2a: Blastoise
|-damage|p2a: Blastoise|9\/361
|move|p2a: Blastoise|Water Pulse|p1a: Absol
|-damage|p1a: Absol|0 fnt
|faint|p1a: Absol
|
|
|switch|p1a: Crobat|Crobat, F|373\/373
|turn|7
|
|move|p1a: Crobat|U-turn|p2a: Blastoise
|-damage|p2a: Blastoise|0 fnt
|faint|p2a: Blastoise
|
|switch|p1a: Espeon|Espeon, M|334\/334
|
|
|switch|p2a: Scrafty|Scrafty, M|295\/320
|turn|8
|
|move|p1a: Espeon|Reflect|p1a: Espeon
|-sidestart|p1: ira deorum|Reflect
|move|p2a: Scrafty|Knock Off|p1a: Espeon
|-supereffective|p1a: Espeon
|-damage|p1a: Espeon|180\/334
|-enditem|p1a: Espeon|Light Clay|[from] move: Knock Off|[of] p2a: Scrafty
|
|-heal|p2a: Scrafty|315\/320|[from] item: Leftovers
|turn|9
|
|move|p1a: Espeon|Light Screen|p1a: Espeon
|-sidestart|p1: ira deorum|move: Light Screen
|move|p2a: Scrafty|Bulk Up|p2a: Scrafty
|-boost|p2a: Scrafty|atk|1
|-boost|p2a: Scrafty|def|1
|
|-heal|p2a: Scrafty|320\/320|[from] item: Leftovers
|turn|10
|
|move|p1a: Espeon|Baton Pass|p1a: Espeon
|
|switch|p1a: Arcanine|Arcanine, M|304\/383
|-ability|p1a: Arcanine|Intimidate|[of] p2a: Scrafty
|-unboost|p2a: Scrafty|atk|1
|move|p2a: Scrafty|Knock Off|p1a: Arcanine
|-damage|p1a: Arcanine|259\/383
|-enditem|p1a: Arcanine|Leftovers|[from] move: Knock Off|[of] p2a: Scrafty
|
|turn|11
|
|move|p1a: Arcanine|Flare Blitz|p2a: Scrafty
|-damage|p2a: Scrafty|226\/320
|-status|p2a: Scrafty|brn
|-damage|p1a: Arcanine|228\/383|[from] recoil|[of] p2a: Scrafty
|move|p2a: Scrafty|Bulk Up|p2a: Scrafty
|-boost|p2a: Scrafty|atk|1
|-boost|p2a: Scrafty|def|1
|
|-activate|p2a: Scrafty|ability: Shed Skin
|-curestatus|p2a: Scrafty|brn
|-heal|p2a: Scrafty|246\/320|[from] item: Leftovers
|turn|12
|
|move|p1a: Arcanine|Will-O-Wisp|p2a: Scrafty
|-status|p2a: Scrafty|brn
|move|p2a: Scrafty|Knock Off|p1a: Arcanine
|-crit|p1a: Arcanine
|-damage|p1a: Arcanine|159\/383
|
|-heal|p2a: Scrafty|266\/320 brn|[from] item: Leftovers
|-damage|p2a: Scrafty|226\/320 brn|[from] brn
|turn|13
|
|move|p1a: Arcanine|Morning Sun|p1a: Arcanine
|-heal|p1a: Arcanine|350\/383
|move|p2a: Scrafty|Bulk Up|p2a: Scrafty
|-boost|p2a: Scrafty|atk|1
|-boost|p2a: Scrafty|def|1
|
|-heal|p2a: Scrafty|246\/320 brn|[from] item: Leftovers
|-damage|p2a: Scrafty|206\/320 brn|[from] brn
|-sideend|p1: ira deorum|move: Light Screen
|turn|14
|
|move|p1a: Arcanine|Flare Blitz|p2a: Scrafty
|-damage|p2a: Scrafty|157\/320 brn
|-damage|p1a: Arcanine|334\/383|[from] recoil|[of] p2a: Scrafty
|move|p2a: Scrafty|Bulk Up|p2a: Scrafty
|-boost|p2a: Scrafty|atk|1
|-boost|p2a: Scrafty|def|1
|
|-activate|p2a: Scrafty|ability: Shed Skin
|-curestatus|p2a: Scrafty|brn
|-heal|p2a: Scrafty|177\/320|[from] item: Leftovers
|turn|15
|
|move|p1a: Arcanine|Will-O-Wisp|p2a: Scrafty
|-status|p2a: Scrafty|brn
|move|p2a: Scrafty|Drain Punch|p1a: Arcanine
|-damage|p1a: Arcanine|295\/383
|-heal|p2a: Scrafty|197\/320 brn|[from] drain|[of] p1a: Arcanine
|
|-activate|p2a: Scrafty|ability: Shed Skin
|-curestatus|p2a: Scrafty|brn
|-heal|p2a: Scrafty|217\/320|[from] item: Leftovers
|-sideend|p1: ira deorum|Reflect
|turn|16
|
|move|p1a: Arcanine|Will-O-Wisp|p2a: Scrafty|[miss]
|-miss|p1a: Arcanine|p2a: Scrafty
|move|p2a: Scrafty|Knock Off|p1a: Arcanine
|-damage|p1a: Arcanine|151\/383
|
|-heal|p2a: Scrafty|237\/320|[from] item: Leftovers
|turn|17
|
|move|p1a: Arcanine|Will-O-Wisp|p2a: Scrafty
|-status|p2a: Scrafty|brn
|move|p2a: Scrafty|Bulk Up|p2a: Scrafty
|-boost|p2a: Scrafty|atk|1
|-boost|p2a: Scrafty|def|1
|
|-heal|p2a: Scrafty|257\/320 brn|[from] item: Leftovers
|-damage|p2a: Scrafty|217\/320 brn|[from] brn
|turn|18
|
|switch|p1a: Espeon|Espeon, M|180\/334
|move|p2a: Scrafty|Bulk Up|p2a: Scrafty
|-boost|p2a: Scrafty|atk|1
|-boost|p2a: Scrafty|def|1
|
|-heal|p2a: Scrafty|237\/320 brn|[from] item: Leftovers
|-damage|p2a: Scrafty|197\/320 brn|[from] brn
|turn|19
|
|move|p1a: Espeon|Reflect|p1a: Espeon
|-sidestart|p1: ira deorum|Reflect
|move|p2a: Scrafty|Knock Off|p1a: Espeon
|-supereffective|p1a: Espeon
|-damage|p1a: Espeon|12\/334
|
|-activate|p2a: Scrafty|ability: Shed Skin
|-curestatus|p2a: Scrafty|brn
|-heal|p2a: Scrafty|217\/320|[from] item: Leftovers
|turn|20
|
|move|p1a: Espeon|Baton Pass|p1a: Espeon
|
|switch|p1a: Vaporeon|Vaporeon, M|451\/451
|move|p2a: Scrafty|Drain Punch|p1a: Vaporeon
|-damage|p1a: Vaporeon|307\/451
|-heal|p2a: Scrafty|289\/320|[from] drain|[of] p1a: Vaporeon
|
|-heal|p1a: Vaporeon|335\/451|[from] item: Leftovers
|-heal|p2a: Scrafty|309\/320|[from] item: Leftovers
|turn|21
|
|move|p2a: Scrafty|Knock Off|p1a: Vaporeon
|-damage|p1a: Vaporeon|153\/451
|-enditem|p1a: Vaporeon|Leftovers|[from] move: Knock Off|[of] p2a: Scrafty
|move|p1a: Vaporeon|Roar|p2a: Scrafty
|drag|p2a: Darmanitan|Darmanitan, M|351\/351
|
|turn|22
|
|switch|p1a: Arcanine|Arcanine, M|151\/383
|-ability|p1a: Arcanine|Intimidate|[of] p2a: Darmanitan
|-unboost|p2a: Darmanitan|atk|1
|move|p2a: Darmanitan|U-turn|p1a: Arcanine
|-resisted|p1a: Arcanine
|-damage|p1a: Arcanine|140\/383
|
|switch|p2a: Rhyperior|Rhyperior, M|378\/432 brn
|
|-heal|p2a: Rhyperior|405\/432 brn|[from] item: Leftovers
|-damage|p2a: Rhyperior|351\/432 brn|[from] brn
|turn|23
|
|move|p1a: Arcanine|Morning Sun|p1a: Arcanine
|-heal|p1a: Arcanine|331\/383
|move|p2a: Rhyperior|Stealth Rock|p1a: Arcanine
|-sidestart|p1: ira deorum|move: Stealth Rock
|
|-heal|p2a: Rhyperior|378\/432 brn|[from] item: Leftovers
|-damage|p2a: Rhyperior|324\/432 brn|[from] brn
|-sideend|p1: ira deorum|Reflect
|turn|24
|
|move|p1a: Arcanine|Flare Blitz|p2a: Rhyperior
|-resisted|p2a: Rhyperior
|-damage|p2a: Rhyperior|265\/432 brn
|-damage|p1a: Arcanine|312\/383|[from] recoil|[of] p2a: Rhyperior
|move|p2a: Rhyperior|Stone Edge|p1a: Arcanine
|-supereffective|p1a: Arcanine
|-damage|p1a: Arcanine|174\/383
|
|-heal|p2a: Rhyperior|292\/432 brn|[from] item: Leftovers
|-damage|p2a: Rhyperior|238\/432 brn|[from] brn
|turn|25
|
|switch|p2a: Scrafty|Scrafty, M|309\/320
|move|p1a: Arcanine|Morning Sun|p1a: Arcanine
|-heal|p1a: Arcanine|365\/383
|
|-heal|p2a: Scrafty|320\/320|[from] item: Leftovers
|turn|26
|
|switch|p1a: Crobat|Crobat, F|373\/373
|-damage|p1a: Crobat|280\/373|[from] Stealth Rock
|move|p2a: Scrafty|Bulk Up|p2a: Scrafty
|-boost|p2a: Scrafty|atk|1
|-boost|p2a: Scrafty|def|1
|
|-heal|p1a: Crobat|303\/373|[from] item: Black Sludge
|turn|27
|
|move|p1a: Crobat|Brave Bird|p2a: Scrafty
|-supereffective|p2a: Scrafty
|-damage|p2a: Scrafty|158\/320
|-damage|p1a: Crobat|250\/373|[from] recoil|[of] p2a: Scrafty
|move|p2a: Scrafty|Bulk Up|p2a: Scrafty
|-boost|p2a: Scrafty|atk|1
|-boost|p2a: Scrafty|def|1
|
|-heal|p1a: Crobat|273\/373|[from] item: Black Sludge
|-heal|p2a: Scrafty|178\/320|[from] item: Leftovers
|turn|28
|
|move|p1a: Crobat|Taunt|p2a: Scrafty
|-start|p2a: Scrafty|move: Taunt
|move|p2a: Scrafty|Knock Off|p1a: Crobat
|-damage|p1a: Crobat|32\/373
|-enditem|p1a: Crobat|Black Sludge|[from] move: Knock Off|[of] p2a: Scrafty
|
|-heal|p2a: Scrafty|198\/320|[from] item: Leftovers
|turn|29
|
|move|p1a: Crobat|Brave Bird|p2a: Scrafty
|-supereffective|p2a: Scrafty
|-damage|p2a: Scrafty|84\/320
|-damage|p1a: Crobat|0 fnt|[from] recoil|[of] p2a: Scrafty
|faint|p1a: Crobat
|move|p2a: Scrafty|Knock Off|p1: Crobat|[notarget]
|-notarget
|
|-heal|p2a: Scrafty|104\/320|[from] item: Leftovers
|
|switch|p1a: Arcanine|Arcanine, M|365\/383
|-damage|p1a: Arcanine|270\/383|[from] Stealth Rock
|-ability|p1a: Arcanine|Intimidate|[of] p2a: Scrafty
|-unboost|p2a: Scrafty|atk|1
|turn|30
|
|move|p1a: Arcanine|Flare Blitz|p2a: Scrafty
|-damage|p2a: Scrafty|43\/320
|-damage|p1a: Arcanine|250\/383|[from] recoil|[of] p2a: Scrafty
|move|p2a: Scrafty|Drain Punch|p1a: Arcanine
|-damage|p1a: Arcanine|144\/383
|-heal|p2a: Scrafty|96\/320|[from] drain|[of] p1a: Arcanine
|
|-heal|p2a: Scrafty|116\/320|[from] item: Leftovers
|-end|p2a: Scrafty|move: Taunt
|turn|31
|c|âAggron|people have the gall to call scrafty bad
|
|move|p1a: Arcanine|Will-O-Wisp|p2a: Scrafty
|-status|p2a: Scrafty|brn
|move|p2a: Scrafty|Rest|p2a: Scrafty
|-status|p2a: Scrafty|slp
|-heal|p2a: Scrafty|320\/320 slp|[silent]
|-status|p2a: Scrafty|slp|[from] move: Rest
|
|turn|32
|
|switch|p1a: Vaporeon|Vaporeon, M|153\/451
|-damage|p1a: Vaporeon|97\/451|[from] Stealth Rock
|cant|p2a: Scrafty|slp
|
|turn|33
|
|move|p1a: Vaporeon|Wish|p1a: Vaporeon
|cant|p2a: Scrafty|slp
|
|-activate|p2a: Scrafty|ability: Shed Skin
|-curestatus|p2a: Scrafty|slp
|turn|34
|
|move|p2a: Scrafty|Bulk Up|p2a: Scrafty
|-boost|p2a: Scrafty|atk|1
|-boost|p2a: Scrafty|def|1
|move|p1a: Vaporeon|Roar|p2a: Scrafty
|drag|p2a: Rhyperior|Rhyperior, M|238\/432 brn
|
|-heal|p1a: Vaporeon|322\/451|[from] move: Wish|[wisher] Vaporeon
|-heal|p2a: Rhyperior|265\/432 brn|[from] item: Leftovers
|-damage|p2a: Rhyperior|211\/432 brn|[from] brn
|turn|35
|c|âAggron|well played
|
|switch|p2a: Roserade|Roserade, F|261\/261
|move|p1a: Vaporeon|Wish|p1a: Vaporeon
|
|turn|36
|
|switch|p1a: Arcanine|Arcanine, M|144\/383
|-damage|p1a: Arcanine|49\/383|[from] Stealth Rock
|-ability|p1a: Arcanine|Intimidate|[of] p2a: Roserade
|-unboost|p2a: Roserade|atk|1
|move|p2a: Roserade|Spikes|p1a: Arcanine
|-sidestart|p1: ira deorum|Spikes
|
|-heal|p1a: Arcanine|274\/383|[from] move: Wish|[wisher] Vaporeon
|turn|37
|c|âAggron|shit i canceled
|
|switch|p2a: Rhyperior|Rhyperior, M|211\/432 brn
|move|p1a: Arcanine|Flare Blitz|p2a: Rhyperior
|-resisted|p2a: Rhyperior
|-damage|p2a: Rhyperior|145\/432 brn
|-damage|p1a: Arcanine|252\/383|[from] recoil|[of] p2a: Rhyperior
|
|-heal|p2a: Rhyperior|172\/432 brn|[from] item: Leftovers
|-damage|p2a: Rhyperior|118\/432 brn|[from] brn
|turn|38
|
|move|p1a: Arcanine|Morning Sun|p1a: Arcanine
|-heal|p1a: Arcanine|383\/383
|move|p2a: Rhyperior|Earthquake|p1a: Arcanine
|-supereffective|p1a: Arcanine
|-damage|p1a: Arcanine|227\/383
|
|-heal|p2a: Rhyperior|145\/432 brn|[from] item: Leftovers
|-damage|p2a: Rhyperior|91\/432 brn|[from] brn
|turn|39
|
|switch|p1a: Celebi|Celebi|396\/396
|-damage|p1a: Celebi|347\/396|[from] Stealth Rock
|-damage|p1a: Celebi|298\/396|[from] Spikes
|move|p2a: Rhyperior|Earthquake|p1a: Celebi
|-resisted|p1a: Celebi
|-damage|p1a: Celebi|255\/396
|
|-heal|p1a: Celebi|279\/396|[from] item: Leftovers
|-heal|p2a: Rhyperior|118\/432 brn|[from] item: Leftovers
|-damage|p2a: Rhyperior|64\/432 brn|[from] brn
|turn|40
|
|switch|p2a: Roserade|Roserade, F|261\/261
|move|p1a: Celebi|Stealth Rock|p2a: Roserade
|-sidestart|p2: Aggron|move: Stealth Rock
|
|-heal|p1a: Celebi|303\/396|[from] item: Leftovers
|turn|41
|
|move|p2a: Roserade|Sludge Bomb|p1a: Celebi
|-supereffective|p1a: Celebi
|-damage|p1a: Celebi|20\/396
|-damage|p2a: Roserade|235\/261|[from] item: Life Orb
|move|p1a: Celebi|U-turn|p2a: Roserade
|-damage|p2a: Roserade|160\/261
|-message|ira deorum forfeited.
|leave|ira deorum
|
|win|Aggron
|raw|Ladder updating...
|player|p1