|join|Youth Lagoon
|join|Crash and Charm
|player|p1|Youth Lagoon|187
|player|p2|Crash and Charm|70
|gametype|singles
|gen|6
|tier|OU
|rated
|clearpoke
|poke|p1|Gallade, M
|poke|p1|Rotom-Wash
|poke|p1|Weavile, F
|poke|p1|Gliscor, M
|poke|p1|Ferrothorn, F
|poke|p1|Clefable, F
|poke|p2|Gyarados, F
|poke|p2|Breloom, F
|poke|p2|Ferrothorn, F
|poke|p2|Cinccino, F
|poke|p2|Skarmory, M
|poke|p2|Pinsir, F
|rule|Swagger Clause: Swagger is banned
|rule|Baton Pass Clause: Limit one PokÃ©mon knowing Baton Pass
|rule|Sleep Clause Mod: Limit one foe put to sleep
|rule|Species Clause: Limit one of each PokÃ©mon
|rule|OHKO Clause: OHKO moves are banned
|rule|Moody Clause: Moody is banned
|rule|Evasion Moves Clause: Evasion moves are banned
|rule|Endless Battle Clause: Forcing endless battles is banned
|rule|HP Percentage Mod: HP is shown in percentages
|teampreview
|
|start
|switch|p1a: Tige R. Toned|Ferrothorn, F|352\/352
|switch|p2a: Ferrothorn|Ferrothorn, F|352\/352
|turn|1
|
|move|p2a: Ferrothorn|Spikes|p1a: Tige R. Toned
|-sidestart|p1: Youth Lagoon|Spikes
|move|p1a: Tige R. Toned|Stealth Rock|p2a: Ferrothorn
|-sidestart|p2: Crash and Charm|move: Stealth Rock
|
|turn|2
|
|switch|p1a: Spike|Gliscor, M|354\/354
|move|p2a: Ferrothorn|Spikes|p1a: Spike
|-sidestart|p1: Youth Lagoon|Spikes
|
|-status|p1a: Spike|tox|[from] item: Toxic Orb
|turn|3
|
|move|p1a: Spike|Taunt|p2a: Ferrothorn
|-start|p2a: Ferrothorn|move: Taunt
|cant|p2a: Ferrothorn|move: Taunt|Leech Seed
|
|turn|4
|
|move|p1a: Spike|Toxic|p2a: Ferrothorn
|-fail|p2a: Ferrothorn
|move|p2a: Ferrothorn|Power Whip|p1a: Spike
|-damage|p1a: Spike|270\/354 tox
|
|-heal|p1a: Spike|314\/354 tox|[from] ability: Poison Heal
|turn|5
|
|move|p1a: Spike|Earthquake|p2a: Ferrothorn
|-damage|p2a: Ferrothorn|282\/352
|move|p2a: Ferrothorn|Power Whip|p1a: Spike
|-damage|p1a: Spike|226\/354 tox
|
|-heal|p1a: Spike|270\/354 tox|[from] ability: Poison Heal
|-end|p2a: Ferrothorn|move: Taunt
|turn|6
|
|move|p1a: Spike|Taunt|p2a: Ferrothorn
|-start|p2a: Ferrothorn|move: Taunt
|move|p2a: Ferrothorn|Power Whip|p1a: Spike
|-damage|p1a: Spike|183\/354 tox
|
|-heal|p1a: Spike|227\/354 tox|[from] ability: Poison Heal
|turn|7
|
|move|p1a: Spike|Roost|p1a: Spike
|-heal|p1a: Spike|354\/354 tox
|move|p2a: Ferrothorn|Power Whip|p1a: Spike|[miss]
|-miss|p2a: Ferrothorn|p1a: Spike
|
|turn|8
|
|move|p1a: Spike|Earthquake|p2a: Ferrothorn
|-damage|p2a: Ferrothorn|219\/352
|move|p2a: Ferrothorn|Power Whip|p1a: Spike|[miss]
|-miss|p2a: Ferrothorn|p1a: Spike
|
|-end|p2a: Ferrothorn|move: Taunt
|turn|9
|
|move|p1a: Spike|Taunt|p2a: Ferrothorn
|-start|p2a: Ferrothorn|move: Taunt
|move|p2a: Ferrothorn|Power Whip|p1a: Spike
|-damage|p1a: Spike|273\/354 tox
|
|-heal|p1a: Spike|317\/354 tox|[from] ability: Poison Heal
|turn|10
|
|move|p1a: Spike|Earthquake|p2a: Ferrothorn
|-damage|p2a: Ferrothorn|152\/352
|move|p2a: Ferrothorn|Power Whip|p1a: Spike
|-damage|p1a: Spike|232\/354 tox
|
|-heal|p1a: Spike|276\/354 tox|[from] ability: Poison Heal
|turn|11
|
|move|p1a: Spike|Earthquake|p2a: Ferrothorn
|-damage|p2a: Ferrothorn|86\/352
|move|p2a: Ferrothorn|Power Whip|p1a: Spike
|-damage|p1a: Spike|185\/354 tox
|
|-heal|p1a: Spike|229\/354 tox|[from] ability: Poison Heal
|-end|p2a: Ferrothorn|move: Taunt
|turn|12
|
|move|p1a: Spike|Taunt|p2a: Ferrothorn
|-start|p2a: Ferrothorn|move: Taunt
|move|p2a: Ferrothorn|Power Whip|p1a: Spike|[miss]
|-miss|p2a: Ferrothorn|p1a: Spike
|
|-heal|p1a: Spike|273\/354 tox|[from] ability: Poison Heal
|turn|13
|
|move|p1a: Spike|Toxic|p2a: Ferrothorn
|-fail|p2a: Ferrothorn
|move|p2a: Ferrothorn|Power Whip|p1a: Spike
|-damage|p1a: Spike|180\/354 tox
|
|-heal|p1a: Spike|224\/354 tox|[from] ability: Poison Heal
|turn|14
|
|move|p1a: Spike|Earthquake|p2a: Ferrothorn
|-damage|p2a: Ferrothorn|19\/352
|move|p2a: Ferrothorn|Power Whip|p1a: Spike
|-damage|p1a: Spike|134\/354 tox
|
|-heal|p1a: Spike|178\/354 tox|[from] ability: Poison Heal
|-end|p2a: Ferrothorn|move: Taunt
|turn|15
|
|move|p1a: Spike|Earthquake|p2a: Ferrothorn
|-damage|p2a: Ferrothorn|0 fnt
|faint|p2a: Ferrothorn
|
|-heal|p1a: Spike|222\/354 tox|[from] ability: Poison Heal
|
|switch|p2a: Skarmory|Skarmory, M|277\/277
|-damage|p2a: Skarmory|243\/277|[from] Stealth Rock
|turn|16
|
|move|p1a: Spike|Taunt|p2a: Skarmory
|-start|p2a: Skarmory|move: Taunt
|cant|p2a: Skarmory|move: Taunt|Stealth Rock
|
|-heal|p2a: Skarmory|260\/277|[from] item: Leftovers
|-heal|p1a: Spike|266\/354 tox|[from] ability: Poison Heal
|turn|17
|
|move|p1a: Spike|Toxic|p2a: Skarmory|[miss]
|-miss|p1a: Spike|p2a: Skarmory
|move|p2a: Skarmory|Brave Bird|p1a: Spike
|-damage|p1a: Spike|185\/354 tox
|-damage|p2a: Skarmory|233\/277|[from] recoil|[of] p1a: Spike
|
|-heal|p2a: Skarmory|250\/277|[from] item: Leftovers
|-heal|p1a: Spike|229\/354 tox|[from] ability: Poison Heal
|turn|18
|
|move|p1a: Spike|Roost|p1a: Spike
|-heal|p1a: Spike|354\/354 tox
|move|p2a: Skarmory|Brave Bird|p1a: Spike
|-damage|p1a: Spike|275\/354 tox
|-damage|p2a: Skarmory|224\/277|[from] recoil|[of] p1a: Spike
|
|-heal|p2a: Skarmory|241\/277|[from] item: Leftovers
|-heal|p1a: Spike|319\/354 tox|[from] ability: Poison Heal
|-end|p2a: Skarmory|move: Taunt
|turn|19
|
|switch|p2a: Cinccino|Cinccino, F|291\/291
|-damage|p2a: Cinccino|255\/291|[from] Stealth Rock
|move|p1a: Spike|Taunt|p2a: Cinccino
|-start|p2a: Cinccino|move: Taunt
|
|-heal|p1a: Spike|354\/354 tox|[from] ability: Poison Heal
|turn|20
|
|move|p2a: Cinccino|Rock Blast|p1a: Spike
|-damage|p1a: Spike|339\/354 tox
|-damage|p1a: Spike|322\/354 tox
|-damage|p1a: Spike|306\/354 tox
|-damage|p1a: Spike|289\/354 tox
|-damage|p1a: Spike|272\/354 tox
|-hitcount|p1a: Spike|5
|move|p1a: Spike|Toxic|p2a: Cinccino
|-status|p2a: Cinccino|tox
|
|-damage|p2a: Cinccino|237\/291 tox|[from] psn
|-heal|p1a: Spike|316\/354 tox|[from] ability: Poison Heal
|turn|21
|
|move|p2a: Cinccino|Bullet Seed|p1a: Spike
|-crit|p1a: Spike
|-damage|p1a: Spike|293\/354 tox
|-damage|p1a: Spike|276\/354 tox
|-damage|p1a: Spike|261\/354 tox
|-damage|p1a: Spike|245\/354 tox
|-damage|p1a: Spike|229\/354 tox
|-hitcount|p1a: Spike|5
|move|p1a: Spike|Earthquake|p2a: Cinccino
|-damage|p2a: Cinccino|66\/291 tox
|
|-damage|p2a: Cinccino|30\/291 tox|[from] psn
|-heal|p1a: Spike|273\/354 tox|[from] ability: Poison Heal
|turn|22
|
|move|p2a: Cinccino|Bullet Seed|p1a: Spike
|-damage|p1a: Spike|258\/354 tox
|-damage|p1a: Spike|241\/354 tox
|-damage|p1a: Spike|225\/354 tox
|-damage|p1a: Spike|209\/354 tox
|-damage|p1a: Spike|194\/354 tox
|-hitcount|p1a: Spike|5
|move|p1a: Spike|Roost|p1a: Spike
|-heal|p1a: Spike|354\/354 tox
|
|-damage|p2a: Cinccino|0 fnt|[from] psn
|faint|p2a: Cinccino
|
|switch|p2a: Gyarados|Gyarados, F|394\/394
|-damage|p2a: Gyarados|296\/394|[from] Stealth Rock
|-ability|p2a: Gyarados|Intimidate|[of] p1a: Spike
|-unboost|p1a: Spike|atk|1
|turn|23
|
|move|p1a: Spike|Toxic|p2a: Gyarados
|-status|p2a: Gyarados|tox
|move|p2a: Gyarados|Dragon Dance|p2a: Gyarados
|-boost|p2a: Gyarados|atk|1
|-boost|p2a: Gyarados|spe|1
|
|-damage|p2a: Gyarados|272\/394 tox|[from] psn
|turn|24
|
|switch|p1a: Tige R. Toned|Ferrothorn, F|352\/352
|-damage|p1a: Tige R. Toned|294\/352|[from] Spikes
|move|p2a: Gyarados|Dragon Dance|p2a: Gyarados
|-boost|p2a: Gyarados|atk|1
|-boost|p2a: Gyarados|spe|1
|
|-heal|p1a: Tige R. Toned|316\/352|[from] item: Leftovers
|-damage|p2a: Gyarados|224\/394 tox|[from] psn
|turn|25
|
|move|p2a: Gyarados|Waterfall|p1a: Tige R. Toned
|-resisted|p1a: Tige R. Toned
|-damage|p1a: Tige R. Toned|159\/352
|-damage|p2a: Gyarados|175\/394 tox|[from] ability: Iron Barbs|[of] p1a: Tige R. Toned
|-damage|p2a: Gyarados|136\/394 tox|[from] item: Life Orb
|move|p1a: Tige R. Toned|Leech Seed|p2a: Gyarados
|-start|p2a: Gyarados|move: Leech Seed
|
|-heal|p1a: Tige R. Toned|181\/352|[from] item: Leftovers
|-damage|p2a: Gyarados|87\/394 tox|[from] Leech Seed|[of] p1a: Tige R. Toned
|-heal|p1a: Tige R. Toned|230\/352|[silent]
|-damage|p2a: Gyarados|15\/394 tox|[from] psn
|turn|26
|
|move|p1a: Tige R. Toned|Protect|p1a: Tige R. Toned
|-singleturn|p1a: Tige R. Toned|Protect
|move|p2a: Gyarados|Waterfall|p1a: Tige R. Toned
|-activate|p1a: Tige R. Toned|Protect
|
|-heal|p1a: Tige R. Toned|252\/352|[from] item: Leftovers
|-damage|p2a: Gyarados|0 fnt|[from] Leech Seed|[of] p1a: Tige R. Toned
|-heal|p1a: Tige R. Toned|267\/352|[silent]
|faint|p2a: Gyarados
|
|switch|p2a: Pinsir|Pinsir, F|334\/334
|-damage|p2a: Pinsir|251\/334|[from] Stealth Rock
|-ability|p2a: Pinsir|Mold Breaker
|turn|27
|
|detailschange|p2a: Pinsir|Pinsir-Mega, F
|message|Pinsir has Mega Evolved into Mega Pinsir!
|move|p2a: Pinsir|Swords Dance|p2a: Pinsir
|-boost|p2a: Pinsir|atk|2
|move|p1a: Tige R. Toned|Gyro Ball|p2a: Pinsir
|-damage|p2a: Pinsir|119\/334
|
|-heal|p1a: Tige R. Toned|289\/352|[from] item: Leftovers
|turn|28
|
|move|p2a: Pinsir|Earthquake|p1a: Tige R. Toned
|-crit|p1a: Tige R. Toned
|-damage|p1a: Tige R. Toned|14\/352
|move|p1a: Tige R. Toned|Gyro Ball|p2a: Pinsir
|-damage|p2a: Pinsir|0 fnt
|faint|p2a: Pinsir
|
|-heal|p1a: Tige R. Toned|36\/352|[from] item: Leftovers
|
|switch|p2a: Skarmory|Skarmory, M|241\/277
|-damage|p2a: Skarmory|207\/277|[from] Stealth Rock
|turn|29
|
|switch|p1a: Eric|Rotom-Wash|288\/288
|move|p2a: Skarmory|Brave Bird|p1a: Eric
|-resisted|p1a: Eric
|-damage|p1a: Eric|234\/288
|-damage|p2a: Skarmory|189\/277|[from] recoil|[of] p1a: Eric
|
|-heal|p2a: Skarmory|206\/277|[from] item: Leftovers
|turn|30
|
|move|p1a: Eric|Volt Switch|p2a: Skarmory
|-supereffective|p2a: Skarmory
|-damage|p2a: Skarmory|0 fnt
|faint|p2a: Skarmory
|
|switch|p1a: Gallade|Gallade, M|277\/277
|-damage|p1a: Gallade|231\/277|[from] Spikes
|
|
|switch|p2a: Breloom|Breloom, F|261\/261
|-damage|p2a: Breloom|245\/261|[from] Stealth Rock
|turn|31
|
|detailschange|p1a: Gallade|Gallade-Mega, M
|message|Gallade has Mega Evolved into Mega Gallade!
|move|p1a: Gallade|Close Combat|p2a: Breloom
|-damage|p2a: Breloom|0 fnt
|-unboost|p1a: Gallade|def|1
|-unboost|p1a: Gallade|spd|1
|faint|p2a: Breloom
|
|win|Youth Lagoon
|raw|Ladder updating...
|c|âCrash and Charm|gg
|raw|Youth Lagoon's rating: 1180 &rarr; <strong>1198<\/strong><br \/>(+18 for winning)
|raw|Crash and Charm's rating: 1079 &rarr; <strong>1064<\/strong><br \/>(-15 for losing)