|join|Sexual-Pikachu
|join|Youth Lagoon
|player|p1|Sexual-Pikachu|78
|player|p2|Youth Lagoon|265
|gametype|singles
|gen|6
|tier|OU
|rated
|clearpoke
|poke|p1|Slowbro, F
|poke|p1|Clefable, M, shiny
|poke|p1|Landorus-Therian, M, shiny
|poke|p1|Ferrothorn, F, shiny
|poke|p1|Metagross, shiny
|poke|p1|Thundurus, M
|poke|p2|Starmie
|poke|p2|Bisharp, M
|poke|p2|Gliscor, F
|poke|p2|Ferrothorn, M
|poke|p2|Rotom-Heat
|poke|p2|Gardevoir, M
|rule|Swagger Clause: Swagger is banned
|rule|Baton Pass Clause: Limit one PokÃ©mon knowing Baton Pass
|rule|Sleep Clause Mod: Limit one foe put to sleep
|rule|Species Clause: Limit one of each PokÃ©mon
|rule|OHKO Clause: OHKO moves are banned
|rule|Moody Clause: Moody is banned
|rule|Evasion Moves Clause: Evasion moves are banned
|rule|Endless Battle Clause: Forcing endless battles is banned
|rule|HP Percentage Mod: HP is shown in percentages
|teampreview
|
|start
|switch|p1a: Ferrothorn|Ferrothorn, F, shiny|352\/352
|switch|p2a: Rotom-Heat|Rotom-Heat|241\/241
|turn|1
|
|switch|p1a: Clefable|Clefable, M, shiny|394\/394
|move|p2a: Rotom-Heat|Overheat|p1a: Clefable
|-damage|p1a: Clefable|216\/394
|-unboost|p2a: Rotom-Heat|spa|2
|
|turn|2
|
|switch|p2a: Starmie|Starmie|324\/324
|move|p1a: Clefable|Soft-Boiled|p1a: Clefable
|-heal|p1a: Clefable|394\/394
|
|turn|3
|
|switch|p2a: Rotom-Heat|Rotom-Heat|241\/241
|move|p1a: Clefable|Calm Mind|p1a: Clefable
|-boost|p1a: Clefable|spa|1
|-boost|p1a: Clefable|spd|1
|
|turn|4
|
|move|p2a: Rotom-Heat|Trick|p1a: Clefable
|-activate|p2a: Rotom-Heat|move: Trick|[of] p1a: Clefable
|-item|p1a: Clefable|Choice Scarf|[from] move: Trick
|-item|p2a: Rotom-Heat|Life Orb|[from] move: Trick
|move|p1a: Clefable|Calm Mind|p1a: Clefable
|-boost|p1a: Clefable|spa|1
|-boost|p1a: Clefable|spd|1
|
|turn|5
|
|move|p2a: Rotom-Heat|Volt Switch|p1a: Clefable
|-damage|p1a: Clefable|332\/394
|-damage|p2a: Rotom-Heat|217\/241|[from] item: Life Orb
|
|switch|p2a: Gardevoir|Gardevoir, M|278\/278
|-ability|p2a: Gardevoir|Magic Guard|[from] ability: Trace|[of] p1a: Clefable
|move|p1a: Clefable|Calm Mind|p1a: Clefable
|-boost|p1a: Clefable|spa|1
|-boost|p1a: Clefable|spd|1
|
|turn|6
|
|switch|p1a: Metagross|Metagross, shiny|301\/301
|detailschange|p2a: Gardevoir|Gardevoir-Mega, M
|-mega|p2a: Gardevoir|Gardevoir|Gardevoirite
|move|p2a: Gardevoir|Substitute|p2a: Gardevoir
|-start|p2a: Gardevoir|Substitute
|-damage|p2a: Gardevoir|209\/278
|
|turn|7
|
|detailschange|p1a: Metagross|Metagross-Mega, shiny
|-mega|p1a: Metagross|Metagross|Metagrossite
|move|p2a: Gardevoir|Hyper Voice|p1a: Metagross
|-resisted|p1a: Metagross
|-damage|p1a: Metagross|182\/301
|move|p1a: Metagross|Meteor Mash|p2a: Gardevoir
|-supereffective|p2a: Gardevoir
|-end|p2a: Gardevoir|Substitute
|
|turn|8
|
|switch|p2a: Rotom-Heat|Rotom-Heat|217\/241
|move|p1a: Metagross|Ice Punch|p2a: Rotom-Heat
|-resisted|p2a: Rotom-Heat
|-damage|p2a: Rotom-Heat|155\/241
|
|turn|9
|
|move|p1a: Metagross|Zen Headbutt|p2a: Rotom-Heat
|-damage|p2a: Rotom-Heat|0 fnt
|faint|p2a: Rotom-Heat
|
|
|switch|p2a: Ferrothorn|Ferrothorn, M|352\/352
|turn|10
|
|switch|p1a: Slowbro|Slowbro, F|394\/394
|move|p2a: Ferrothorn|Stealth Rock|p1a: Slowbro
|-sidestart|p1: Sexual-Pikachu|move: Stealth Rock
|
|turn|11
|
|switch|p2a: Starmie|Starmie|324\/324
|move|p1a: Slowbro|Fire Blast|p2a: Starmie
|-resisted|p2a: Starmie
|-damage|p2a: Starmie|273\/324
|
|-heal|p2a: Starmie|293\/324|[from] item: Leftovers
|turn|12
|
|switch|p2a: Gliscor|Gliscor, F|353\/353
|switch|p1a: Ferrothorn|Ferrothorn, F, shiny|352\/352
|-damage|p1a: Ferrothorn|330\/352|[from] Stealth Rock
|
|-heal|p1a: Ferrothorn|352\/352|[from] item: Leftovers
|-status|p2a: Gliscor|tox|[from] item: Toxic Orb
|turn|13
|
|move|p2a: Gliscor|Taunt|p1a: Ferrothorn
|-start|p1a: Ferrothorn|move: Taunt
|cant|p1a: Ferrothorn|move: Taunt|Stealth Rock
|
|turn|14
|
|switch|p1a: Slowbro|Slowbro, F|394\/394
|-damage|p1a: Slowbro|345\/394|[from] Stealth Rock
|move|p2a: Gliscor|Earthquake|p1a: Slowbro
|-damage|p1a: Slowbro|272\/394
|
|-heal|p1a: Slowbro|296\/394|[from] item: Leftovers
|turn|15
|
|move|p2a: Gliscor|Toxic|p1a: Slowbro
|-status|p1a: Slowbro|tox
|move|p1a: Slowbro|Scald|p2a: Gliscor
|-supereffective|p2a: Gliscor
|-damage|p2a: Gliscor|131\/353 tox
|
|-heal|p1a: Slowbro|320\/394 tox|[from] item: Leftovers
|-heal|p2a: Gliscor|175\/353 tox|[from] ability: Poison Heal
|-damage|p1a: Slowbro|296\/394 tox|[from] psn
|turn|16
|
|move|p2a: Gliscor|Roost|p2a: Gliscor
|-heal|p2a: Gliscor|352\/353 tox
|move|p1a: Slowbro|Scald|p2a: Gliscor
|-supereffective|p2a: Gliscor
|-damage|p2a: Gliscor|98\/353 tox
|
|-heal|p1a: Slowbro|320\/394 tox|[from] item: Leftovers
|-heal|p2a: Gliscor|142\/353 tox|[from] ability: Poison Heal
|-damage|p1a: Slowbro|272\/394 tox|[from] psn
|turn|17
|
|move|p2a: Gliscor|Roost|p2a: Gliscor
|-heal|p2a: Gliscor|319\/353 tox
|move|p1a: Slowbro|Scald|p2a: Gliscor
|-supereffective|p2a: Gliscor
|-damage|p2a: Gliscor|61\/353 tox
|
|-heal|p1a: Slowbro|296\/394 tox|[from] item: Leftovers
|-heal|p2a: Gliscor|105\/353 tox|[from] ability: Poison Heal
|-damage|p1a: Slowbro|224\/394 tox|[from] psn
|turn|18
|
|move|p2a: Gliscor|Roost|p2a: Gliscor
|-heal|p2a: Gliscor|282\/353 tox
|move|p1a: Slowbro|Scald|p2a: Gliscor
|-supereffective|p2a: Gliscor
|-damage|p2a: Gliscor|58\/353 tox
|
|-heal|p1a: Slowbro|248\/394 tox|[from] item: Leftovers
|-heal|p2a: Gliscor|102\/353 tox|[from] ability: Poison Heal
|-damage|p1a: Slowbro|152\/394 tox|[from] psn
|turn|19
|
|switch|p1a: Metagross|Metagross-Mega, shiny|182\/301
|-damage|p1a: Metagross|164\/301|[from] Stealth Rock
|move|p2a: Gliscor|Roost|p2a: Gliscor
|-heal|p2a: Gliscor|279\/353 tox
|
|-heal|p2a: Gliscor|323\/353 tox|[from] ability: Poison Heal
|turn|20
|
|switch|p2a: Ferrothorn|Ferrothorn, M|352\/352
|move|p1a: Metagross|Ice Punch|p2a: Ferrothorn
|-damage|p2a: Ferrothorn|259\/352
|-damage|p1a: Metagross|127\/301|[from] ability: Iron Barbs|[of] p2a: Ferrothorn
|
|-heal|p2a: Ferrothorn|281\/352|[from] item: Leftovers
|turn|21
|
|switch|p1a: Ferrothorn|Ferrothorn, F, shiny|352\/352
|-damage|p1a: Ferrothorn|330\/352|[from] Stealth Rock
|switch|p2a: Gliscor|Gliscor, F|323\/353 tox
|
|-heal|p1a: Ferrothorn|352\/352|[from] item: Leftovers
|-heal|p2a: Gliscor|353\/353 tox|[from] ability: Poison Heal
|turn|22
|
|switch|p1a: Clefable|Clefable, M, shiny|332\/394
|move|p2a: Gliscor|Taunt|p1a: Clefable
|-start|p1a: Clefable|move: Taunt
|
|turn|23
|
|move|p2a: Gliscor|Roost|p2a: Gliscor
|-fail|p2a: Gliscor
|move|p1a: Clefable|Flamethrower|p2a: Gliscor
|-damage|p2a: Gliscor|265\/353 tox
|
|-heal|p2a: Gliscor|309\/353 tox|[from] ability: Poison Heal
|turn|24
|
|move|p2a: Gliscor|Earthquake|p1a: Clefable
|-damage|p1a: Clefable|221\/394
|move|p1a: Clefable|Flamethrower|p2a: Gliscor
|-damage|p2a: Gliscor|223\/353 tox
|
|-heal|p2a: Gliscor|267\/353 tox|[from] ability: Poison Heal
|turn|25
|
|switch|p1a: Ferrothorn|Ferrothorn, F, shiny|352\/352
|-damage|p1a: Ferrothorn|330\/352|[from] Stealth Rock
|move|p2a: Gliscor|Toxic|p1a: Ferrothorn
|-fail|p1a: Ferrothorn
|
|-heal|p1a: Ferrothorn|352\/352|[from] item: Leftovers
|-heal|p2a: Gliscor|311\/353 tox|[from] ability: Poison Heal
|turn|26
|
|switch|p1a: Metagross|Metagross-Mega, shiny|127\/301
|-damage|p1a: Metagross|109\/301|[from] Stealth Rock
|move|p2a: Gliscor|Taunt|p1a: Metagross
|-start|p1a: Metagross|move: Taunt
|
|-heal|p2a: Gliscor|353\/353 tox|[from] ability: Poison Heal
|turn|27
|
|switch|p1a: Ferrothorn|Ferrothorn, F, shiny|352\/352
|-damage|p1a: Ferrothorn|330\/352|[from] Stealth Rock
|move|p2a: Gliscor|Roost|p2a: Gliscor
|-fail|p2a: Gliscor
|
|-heal|p1a: Ferrothorn|352\/352|[from] item: Leftovers
|turn|28
|
|switch|p1a: Metagross|Metagross-Mega, shiny|109\/301
|-damage|p1a: Metagross|91\/301|[from] Stealth Rock
|move|p2a: Gliscor|Taunt|p1a: Metagross
|-start|p1a: Metagross|move: Taunt
|
|turn|29
|
|move|p1a: Metagross|Ice Punch|p2a: Gliscor
|-supereffective|p2a: Gliscor
|-damage|p2a: Gliscor|0 fnt
|faint|p2a: Gliscor
|
|
|switch|p2a: Bisharp|Bisharp, M|272\/272
|turn|30
|
|switch|p1a: Ferrothorn|Ferrothorn, F, shiny|352\/352
|-damage|p1a: Ferrothorn|330\/352|[from] Stealth Rock
|move|p2a: Bisharp|Swords Dance|p2a: Bisharp
|-boost|p2a: Bisharp|atk|2
|
|-heal|p1a: Ferrothorn|352\/352|[from] item: Leftovers
|turn|31
|
|move|p2a: Bisharp|Swords Dance|p2a: Bisharp
|-boost|p2a: Bisharp|atk|2
|move|p1a: Ferrothorn|Thunder Wave|p2a: Bisharp
|-status|p2a: Bisharp|par
|
|turn|32
|
|cant|p2a: Bisharp|par
|move|p1a: Ferrothorn|Leech Seed|p2a: Bisharp
|-start|p2a: Bisharp|move: Leech Seed
|
|-damage|p2a: Bisharp|238\/272 par|[from] Leech Seed|[of] p1a: Ferrothorn
|turn|33
|c|âYouth Lagoon|isn't that what thundurus is for you fucking shit head
|
|move|p2a: Bisharp|Knock Off|p1a: Ferrothorn
|-damage|p1a: Ferrothorn|0 fnt
|-damage|p2a: Bisharp|204\/272 par|[from] ability: Iron Barbs|[of] p1a: Ferrothorn
|-enditem|p1a: Ferrothorn|Leftovers|[from] move: Knock Off|[of] p2a: Bisharp
|faint|p1a: Ferrothorn
|
|
|switch|p1a: Thundurus|Thundurus, M|299\/299
|-damage|p1a: Thundurus|225\/299|[from] Stealth Rock
|turn|34
|c|âYouth Lagoon|you're missing a rocky helmet
|c|âSexual-Pikachu|lol
|c|âSexual-Pikachu|you are making no sense little man
|
|move|p1a: Thundurus|Substitute|p1a: Thundurus
|-start|p1a: Thundurus|Substitute
|-damage|p1a: Thundurus|151\/299
|cant|p2a: Bisharp|par
|
|-heal|p1a: Thundurus|169\/299|[from] item: Leftovers
|-damage|p2a: Bisharp|170\/272 par|[from] Leech Seed|[of] p1a: Thundurus
|-heal|p1a: Thundurus|203\/299|[silent]
|turn|35
|
|move|p2a: Bisharp|Sucker Punch|p1a: Thundurus
|-crit|p1a: Thundurus
|-end|p1a: Thundurus|Substitute
|move|p1a: Thundurus|Thunderbolt|p2a: Bisharp
|-damage|p2a: Bisharp|0 fnt
|faint|p2a: Bisharp
|
|-heal|p1a: Thundurus|221\/299|[from] item: Leftovers
|
|switch|p2a: Ferrothorn|Ferrothorn, M|281\/352
|turn|36
|
|move|p1a: Thundurus|Substitute|p1a: Thundurus
|-start|p1a: Thundurus|Substitute
|-damage|p1a: Thundurus|147\/299
|move|p2a: Ferrothorn|Gyro Ball|p1a: Thundurus
|-resisted|p1a: Thundurus
|-end|p1a: Thundurus|Substitute
|
|-heal|p1a: Thundurus|165\/299|[from] item: Leftovers
|-heal|p2a: Ferrothorn|303\/352|[from] item: Leftovers
|turn|37
|
|switch|p1a: Slowbro|Slowbro, F|283\/394 tox
|-damage|p1a: Slowbro|234\/394 tox|[from] Stealth Rock
|move|p2a: Ferrothorn|Gyro Ball|p1a: Slowbro
|-resisted|p1a: Slowbro
|-damage|p1a: Slowbro|210\/394 tox
|
|-heal|p1a: Slowbro|234\/394 tox|[from] item: Leftovers
|-heal|p2a: Ferrothorn|325\/352|[from] item: Leftovers
|-damage|p1a: Slowbro|210\/394 tox|[from] psn
|turn|38
|
|switch|p2a: Starmie|Starmie|293\/324
|move|p1a: Slowbro|Slack Off|p1a: Slowbro
|-heal|p1a: Slowbro|394\/394 tox
|
|-heal|p2a: Starmie|313\/324|[from] item: Leftovers
|-damage|p1a: Slowbro|346\/394 tox|[from] psn
|turn|39
|
|move|p2a: Starmie|Scald|p1a: Slowbro
|-resisted|p1a: Slowbro
|-damage|p1a: Slowbro|289\/394 tox
|move|p1a: Slowbro|Thunder Wave|p2a: Starmie
|-status|p2a: Starmie|par
|
|-heal|p1a: Slowbro|313\/394 tox|[from] item: Leftovers
|-heal|p2a: Starmie|324\/324 par|[from] item: Leftovers
|-damage|p1a: Slowbro|241\/394 tox|[from] psn
|turn|40
|c|âYouth Lagoon|lmfao
|
|switch|p1a: Clefable|Clefable, M, shiny|221\/394
|move|p2a: Starmie|Scald|p1a: Clefable
|-damage|p1a: Clefable|134\/394
|
|turn|41
|
|switch|p2a: Gardevoir|Gardevoir-Mega, M|209\/278
|move|p1a: Clefable|Soft-Boiled|p1a: Clefable
|-heal|p1a: Clefable|331\/394
|
|turn|42
|
|switch|p1a: Slowbro|Slowbro, F|372\/394 tox
|-damage|p1a: Slowbro|323\/394 tox|[from] Stealth Rock
|move|p2a: Gardevoir|Hyper Voice|p1a: Slowbro
|-damage|p1a: Slowbro|37\/394 tox
|
|-heal|p1a: Slowbro|61\/394 tox|[from] item: Leftovers
|-damage|p1a: Slowbro|37\/394 tox|[from] psn
|turn|43
|
|move|p2a: Gardevoir|Substitute|p2a: Gardevoir
|-start|p2a: Gardevoir|Substitute
|-damage|p2a: Gardevoir|140\/278
|move|p1a: Slowbro|Thunder Wave|p2a: Gardevoir
|
|-heal|p1a: Slowbro|61\/394 tox|[from] item: Leftovers
|-damage|p1a: Slowbro|13\/394 tox|[from] psn
|turn|44
|
|move|p2a: Gardevoir|Hyper Voice|p1a: Slowbro
|-damage|p1a: Slowbro|0 fnt
|faint|p1a: Slowbro
|
|
|switch|p1a: Metagross|Metagross-Mega, shiny|91\/301
|-damage|p1a: Metagross|73\/301|[from] Stealth Rock
|turn|45
|
|move|p1a: Metagross|Meteor Mash|p2a: Gardevoir
|-supereffective|p2a: Gardevoir
|-end|p2a: Gardevoir|Substitute
|move|p2a: Gardevoir|Hyper Voice|p1a: Metagross
|-resisted|p1a: Metagross
|-damage|p1a: Metagross|0 fnt
|faint|p1a: Metagross
|
|
|switch|p1a: Thundurus|Thundurus, M|165\/299
|-damage|p1a: Thundurus|91\/299|[from] Stealth Rock
|turn|46
|
|switch|p2a: Ferrothorn|Ferrothorn, M|325\/352
|move|p1a: Thundurus|Thunder Wave|p2a: Ferrothorn
|-status|p2a: Ferrothorn|par
|
|-heal|p1a: Thundurus|109\/299|[from] item: Leftovers
|-heal|p2a: Ferrothorn|347\/352 par|[from] item: Leftovers
|turn|47
|c|âYouth Lagoon|i think you need more mons with t wave
|
|switch|p1a: Clefable|Clefable, M, shiny|331\/394
|move|p2a: Ferrothorn|Gyro Ball|p1a: Clefable
|-supereffective|p1a: Clefable
|-damage|p1a: Clefable|0 fnt
|faint|p1a: Clefable
|
|-heal|p2a: Ferrothorn|352\/352 par|[from] item: Leftovers
|-message|Sexual-Pikachu forfeited.
|
|win|Youth Lagoon
|raw|Ladder updating...
|leave|Sexual-Pikachu
|player|p1
|raw|Sexual-Pikachu's rating: 1545 &rarr; <strong>1521<\/strong><br \/>(-24 for losing)
|raw|Youth Lagoon's rating: 1476 &rarr; <strong>1500<\/strong><br \/>(+24 for winning)
|join|DOGE EBINEST