|join|ryzed
|join|Youth Lagoon
|player|p1|ryzed|165
|player|p2|Youth Lagoon|187
|gametype|singles
|gen|6
|tier|OU
|rated
|clearpoke
|poke|p1|Lopunny, F
|poke|p1|Skarmory, M
|poke|p1|Breloom, M
|poke|p1|Azumarill, M
|poke|p1|Bisharp, M
|poke|p1|Gengar, M
|poke|p2|Starmie
|poke|p2|Bisharp, M
|poke|p2|Gliscor, F
|poke|p2|Tyranitar, F
|poke|p2|Kyurem-Black
|poke|p2|Scizor, F
|rule|Swagger Clause: Swagger is banned
|rule|Baton Pass Clause: Limit one PokÃ©mon knowing Baton Pass
|rule|Sleep Clause Mod: Limit one foe put to sleep
|rule|Species Clause: Limit one of each PokÃ©mon
|rule|OHKO Clause: OHKO moves are banned
|rule|Moody Clause: Moody is banned
|rule|Evasion Moves Clause: Evasion moves are banned
|rule|Endless Battle Clause: Forcing endless battles is banned
|rule|HP Percentage Mod: HP is shown in percentages
|teampreview
|
|start
|switch|p1a: Breloom|Breloom, M|261\/261
|switch|p2a: Kyurem-Black|Kyurem-Black|406\/406
|-ability|p2a: Kyurem-Black|Teravolt
|turn|1
|
|move|p2a: Kyurem-Black|Substitute|p2a: Kyurem-Black
|-start|p2a: Kyurem-Black|Substitute
|-damage|p2a: Kyurem-Black|305\/406
|move|p1a: Breloom|Spore|p2a: Kyurem-Black
|
|-heal|p2a: Kyurem-Black|330\/406|[from] item: Leftovers
|turn|2
|
|move|p1a: Breloom|Mach Punch|p2a: Kyurem-Black
|-supereffective|p2a: Kyurem-Black
|-end|p2a: Kyurem-Black|Substitute
|move|p2a: Kyurem-Black|Ice Beam|p1a: Breloom
|-supereffective|p1a: Breloom
|-enditem|p1a: Breloom|Focus Sash
|-damage|p1a: Breloom|1\/261
|-status|p1a: Breloom|frz
|
|-heal|p2a: Kyurem-Black|355\/406|[from] item: Leftovers
|turn|3
|join|etaoi
|
|switch|p1a: Azumarill|Azumarill, M|360\/360
|move|p2a: Kyurem-Black|Substitute|p2a: Kyurem-Black
|-start|p2a: Kyurem-Black|Substitute
|-damage|p2a: Kyurem-Black|254\/406
|
|-heal|p2a: Kyurem-Black|279\/406|[from] item: Leftovers
|turn|4
|
|move|p2a: Kyurem-Black|Fusion Bolt|p1a: Azumarill
|-supereffective|p1a: Azumarill
|-damage|p1a: Azumarill|68\/360
|-enditem|p1a: Azumarill|Sitrus Berry|[eat]
|-heal|p1a: Azumarill|158\/360|[from] item: Sitrus Berry
|move|p1a: Azumarill|Play Rough|p2a: Kyurem-Black|[miss]
|-miss|p1a: Azumarill|p2a: Kyurem-Black
|
|-heal|p2a: Kyurem-Black|304\/406|[from] item: Leftovers
|turn|5
|join|inglorion
|c| etaoi|aaron
|-message|ryzed forfeited.
|
|win|Youth Lagoon
|raw|Ladder updating...
|c| etaoi|fuck
|leave|ryzed
|player|p1
|c| etaoi|turn
|raw|ryzed's rating: 1676 &rarr; <strong>1652<\/strong><br \/>(-24 for losing)
|raw|Youth Lagoon's rating: 1604 &rarr; <strong>1628<\/strong><br \/>(+24 for winning)
|c|âYouth Lagoon|ayyyyyyy
|c| etaoi|the hacks off
|c| etaoi|holy shit
|c|âYouth Lagoon|ok perfect game to go to sleep after