|join|JoffreyTheGreat
|join|ULT Socrates
|c|âULT Socrates|gl hf
|c|âJoffreyTheGreat|Same
|player|p1|JoffreyTheGreat|161
|player|p2|ULT Socrates|291
|gametype|singles
|gen|6
|tier|UU
|rated
|rule|Sleep Clause Mod: Limit one foe put to sleep
|rule|Species Clause: Limit one of each PokÃ©mon
|rule|OHKO Clause: OHKO moves are banned
|rule|Moody Clause: Moody is banned
|rule|Evasion Moves Clause: Evasion moves are banned
|rule|Endless Battle Clause: Forcing endless battles is banned
|rule|HP Percentage Mod: HP is shown in percentages
|clearpoke
|poke|p1|Lucario, F
|poke|p1|Dragalge, F
|poke|p1|Cresselia, F, shiny
|poke|p1|Quagsire, F, shiny
|poke|p1|Umbreon, F, shiny
|poke|p1|Forretress, F
|poke|p2|Yanmega, M
|poke|p2|Donphan, M
|poke|p2|Machamp, F
|poke|p2|Jirachi
|poke|p2|Vaporeon, F
|poke|p2|Infernape, F
|rule|Swagger Clause: Swagger is banned
|rule|Baton Pass Clause: Limit one PokÃ©mon knowing Baton Pass
|teampreview
|c|âJoffreyTheGreat|No timer btw
|c|âJoffreyTheGreat|Lag is real
|c|âULT Socrates|Sorry gotta win
|c|âULT Socrates|:(
|c|âJoffreyTheGreat|Wut?
|
|start
|switch|p1a: Dragy|Dragalge, F|334\/334
|switch|p2a: Infernape|Infernape, F|293\/293
|turn|1
|c|âULT Socrates|ULT
|c|âJoffreyTheGreat|You can win without timer
|
|move|p2a: Infernape|Stealth Rock|p1a: Dragy
|-sidestart|p1: JoffreyTheGreat|move: Stealth Rock
|move|p1a: Dragy|Sludge Wave|p2a: Infernape
|-damage|p2a: Infernape|87\/293
|
|turn|2
|c|âJoffreyTheGreat|Just turn the timer off, and if I take long time on me, turn it on
|
|move|p2a: Infernape|Endeavor|p1a: Dragy
|-damage|p1a: Dragy|87\/334
|move|p1a: Dragy|Scald|p2a: Infernape
|-supereffective|p2a: Infernape
|-damage|p2a: Infernape|0 fnt
|faint|p2a: Infernape
|
|-heal|p1a: Dragy|107\/334|[from] item: Black Sludge
|c|âJoffreyTheGreat|You can lose with timer aswell
|c|âULT Socrates|I know :D
|
|switch|p2a: Donphan|Donphan, M|351\/351
|turn|3
|
|switch|p1a: Umby|Umbreon, F, shiny|394\/394
|-damage|p1a: Umby|345\/394|[from] Stealth Rock
|move|p2a: Donphan|Earthquake|p1a: Umby
|-damage|p1a: Umby|171\/394
|
|-heal|p1a: Umby|195\/394|[from] item: Leftovers
|turn|4
|c|âULT Socrates|lets go Donphan :O
|c|âJoffreyTheGreat|Use rollout
|
|move|p1a: Umby|Protect|p1a: Umby
|-singleturn|p1a: Umby|Protect
|move|p2a: Donphan|Earthquake|p1a: Umby
|-activate|p1a: Umby|Protect
|
|-heal|p1a: Umby|219\/394|[from] item: Leftovers
|turn|5
|c|âJoffreyTheGreat|Donphan is great with rollout
|c|âJoffreyTheGreat|Pls ;)
|c|âULT Socrates|I will
|
|move|p1a: Umby|Wish|p1a: Umby
|move|p2a: Donphan|Earthquake|p1a: Umby
|-damage|p1a: Umby|38\/394
|
|-heal|p1a: Umby|62\/394|[from] item: Leftovers
|turn|6
|c|âJoffreyTheGreat|ULT = Underused ladder tournament?
|c|âULT Socrates|yeah
|
|switch|p2a: Machamp|Machamp, F|321\/321
|move|p1a: Umby|Protect|p1a: Umby
|-fail|p1a: Umby
|
|-heal|p1a: Umby|259\/394|[from] move: Wish|[wisher] Umby
|-heal|p1a: Umby|283\/394|[from] item: Leftovers
|turn|7
|
|switch|p1a: Cressy|Cresselia, F, shiny|444\/444
|-damage|p1a: Cressy|389\/444|[from] Stealth Rock
|move|p2a: Machamp|Dynamic Punch|p1a: Cressy
|-resisted|p1a: Cressy
|-damage|p1a: Cressy|301\/444
|-start|p1a: Cressy|confusion
|
|-heal|p1a: Cressy|328\/444|[from] item: Leftovers
|turn|8
|
|switch|p2a: Jirachi|Jirachi|341\/341
|-activate|p1a: Cressy|confusion
|-damage|p1a: Cressy|317\/444|[from] confusion
|
|-heal|p1a: Cressy|344\/444|[from] item: Leftovers
|turn|9
|
|switch|p1a: Forry|Forretress, F|354\/354
|-damage|p1a: Forry|310\/354|[from] Stealth Rock
|move|p2a: Jirachi|Trick|p1a: Forry
|-activate|p2a: Jirachi|move: Trick|[of] p1a: Forry
|-item|p1a: Forry|Choice Scarf|[from] move: Trick
|-item|p2a: Jirachi|Leftovers|[from] move: Trick
|
|turn|10
|
|move|p2a: Jirachi|U-turn|p1a: Forry
|-resisted|p1a: Forry
|-damage|p1a: Forry|289\/354
|
|switch|p2a: Donphan|Donphan, M|351\/351
|move|p1a: Forry|Rapid Spin|p2a: Donphan
|-damage|p2a: Donphan|337\/351
|-sideend|p1: JoffreyTheGreat|Stealth Rock|[from] move: Rapid Spin|[of] p1a: Forry
|
|turn|11
|
|switch|p1a: Quagy|Quagsire, F, shiny|394\/394
|move|p2a: Donphan|Earthquake|p1a: Quagy
|-damage|p1a: Quagy|234\/394
|
|-heal|p1a: Quagy|258\/394|[from] item: Leftovers
|turn|12
|
|switch|p2a: Vaporeon|Vaporeon, F|464\/464
|move|p1a: Quagy|Recover|p1a: Quagy
|-heal|p1a: Quagy|394\/394
|
|turn|13
|c|âJoffreyTheGreat|Hmm, that donphan
|
|move|p2a: Vaporeon|Scald|p1a: Quagy
|-damage|p1a: Quagy|252\/394
|-status|p1a: Quagy|brn
|move|p1a: Quagy|Toxic|p2a: Vaporeon
|-status|p2a: Vaporeon|tox
|
|-heal|p1a: Quagy|276\/394 brn|[from] item: Leftovers
|-damage|p2a: Vaporeon|435\/464 tox|[from] psn
|-damage|p1a: Quagy|227\/394 brn|[from] brn
|turn|14
|c|âJoffreyTheGreat|Spin-EQ-Iceshard and
|c|âJoffreyTheGreat|What
|c|âULT Socrates|rollout
|c|âJoffreyTheGreat|No, I know you dont use rollout xD
|
|switch|p1a: Umby|Umbreon, F, shiny|283\/394
|move|p2a: Vaporeon|Baton Pass|p2a: Vaporeon
|c|âJoffreyTheGreat|I guess maybe, hmm, poisonjab?
|
|switch|p2a: Yanmega|Yanmega, M|313\/313
|
|-heal|p1a: Umby|307\/394|[from] item: Leftovers
|turn|15
|
|move|p2a: Yanmega|Bug Buzz|p1a: Umby
|-supereffective|p1a: Umby
|-damage|p1a: Umby|42\/394
|-damage|p2a: Yanmega|282\/313|[from] item: Life Orb
|move|p1a: Umby|Wish|p1a: Umby
|
|-heal|p1a: Umby|66\/394|[from] item: Leftovers
|-boost|p2a: Yanmega|spe|1|[from] ability: Speed Boost
|turn|16
|
|move|p1a: Umby|Protect|p1a: Umby
|-singleturn|p1a: Umby|Protect
|move|p2a: Yanmega|Bug Buzz|p1a: Umby
|-activate|p1a: Umby|Protect
|
|-heal|p1a: Umby|263\/394|[from] move: Wish|[wisher] Umby
|-heal|p1a: Umby|287\/394|[from] item: Leftovers
|-boost|p2a: Yanmega|spe|1|[from] ability: Speed Boost
|turn|17
|c|âJoffreyTheGreat|Fuckin yanmega lol
|
|move|p2a: Yanmega|Bug Buzz|p1a: Umby
|-supereffective|p1a: Umby
|-damage|p1a: Umby|50\/394
|-damage|p2a: Yanmega|251\/313|[from] item: Life Orb
|move|p1a: Umby|Foul Play|p2a: Yanmega
|-damage|p2a: Yanmega|164\/313
|
|-heal|p1a: Umby|74\/394|[from] item: Leftovers
|-boost|p2a: Yanmega|spe|1|[from] ability: Speed Boost
|turn|18
|
|move|p2a: Yanmega|Bug Buzz|p1a: Umby
|-supereffective|p1a: Umby
|-damage|p1a: Umby|0 fnt
|-damage|p2a: Yanmega|133\/313|[from] item: Life Orb
|faint|p1a: Umby
|
|-boost|p2a: Yanmega|spe|1|[from] ability: Speed Boost
|c|âULT Socrates|it does kinda fuck your face off :D
|
|switch|p1a: Dragy|Dragalge, F|107\/334
|turn|19
|
|move|p2a: Yanmega|Air Slash|p1a: Dragy
|-damage|p1a: Dragy|0 fnt
|-damage|p2a: Yanmega|102\/313|[from] item: Life Orb
|faint|p1a: Dragy
|
|-boost|p2a: Yanmega|spe|1|[from] ability: Speed Boost
|
|switch|p1a: Lucy|Lucario, F|281\/281
|turn|20
|
|switch|p2a: Jirachi|Jirachi|341\/341
|move|p1a: Lucy|Swords Dance|p1a: Lucy
|-boost|p1a: Lucy|atk|2
|
|turn|21
|
|move|p2a: Jirachi|Zen Headbutt|p1a: Lucy
|-damage|p1a: Lucy|116\/281
|move|p1a: Lucy|Earthquake|p2a: Jirachi
|-supereffective|p2a: Jirachi
|-damage|p2a: Jirachi|0 fnt
|faint|p2a: Jirachi
|
|
|switch|p2a: Donphan|Donphan, M|337\/351
|turn|22
|
|move|p1a: Lucy|Close Combat|p2a: Donphan
|-damage|p2a: Donphan|0 fnt
|-unboost|p1a: Lucy|def|1
|-unboost|p1a: Lucy|spd|1
|faint|p2a: Donphan
|
|c|âULT Socrates|shit dude :O
|
|switch|p2a: Vaporeon|Vaporeon, F|435\/464 tox
|turn|23
|c|âJoffreyTheGreat|"It does kinda fuck your face off" ;)
|
|move|p1a: Lucy|Close Combat|p2a: Vaporeon
|-damage|p2a: Vaporeon|0 fnt
|-unboost|p1a: Lucy|def|1
|-unboost|p1a: Lucy|spd|1
|faint|p2a: Vaporeon
|
|c|âULT Socrates|it's not even LO
|
|switch|p2a: Machamp|Machamp, F|321\/321
|turn|24
|c|âJoffreyTheGreat|Lum berry- Inner focus- adamant
|c|âJoffreyTheGreat|Built to setup
|c|âULT Socrates|Inner focus
|c|âULT Socrates|damn
|
|move|p2a: Machamp|Bullet Punch|p1a: Lucy
|-resisted|p1a: Lucy
|-damage|p1a: Lucy|3\/281
|move|p1a: Lucy|Close Combat|p2a: Machamp
|-damage|p2a: Machamp|0 fnt
|-unboost|p1a: Lucy|def|1
|-unboost|p1a: Lucy|spd|1
|faint|p2a: Machamp
|
|c|âJoffreyTheGreat|Often, I setup on vaporeon's scald
|c|âULT Socrates|nooooooooo
|c|âULT Socrates|fuck dude
|c|âJoffreyTheGreat|gg
|c|âULT Socrates|gg
|
|switch|p2a: Yanmega|Yanmega, M|102\/313
|turn|25
|c|âJoffreyTheGreat|Gl in future laddering man :)
|c|âULT Socrates|thanjks
|c|âULT Socrates|* thanks
|
|move|p1a: Lucy|Extreme Speed|p2a: Yanmega
|-crit|p2a: Yanmega
|-damage|p2a: Yanmega|0 fnt
|faint|p2a: Yanmega
|
|win|JoffreyTheGreat
|raw|Ladder updating...
|raw|JoffreyTheGreat's rating: 1506 &rarr; <strong>1526<\/strong><br \/>(+20 for winning)
|raw|ULT Socrates's rating: 1506 &rarr; <strong>1486<\/strong><br \/>(-20 for losing)
|leave|ULT Socrates
|player|p2