|join|JoffreyTheGreat
|join|Heracrotest
|player|p1|JoffreyTheGreat|161
|player|p2|Heracrotest|201
|gametype|singles
|gen|6
|tier|UU
|rated
|rule|Sleep Clause Mod: Limit one foe put to sleep
|rule|Species Clause: Limit one of each PokÃ©mon
|rule|OHKO Clause: OHKO moves are banned
|rule|Moody Clause: Moody is banned
|rule|Evasion Moves Clause: Evasion moves are banned
|rule|Endless Battle Clause: Forcing endless battles is banned
|rule|HP Percentage Mod: HP is shown in percentages
|clearpoke
|poke|p1|Lucario, F
|poke|p1|Dragalge, F
|poke|p1|Cresselia, F, shiny
|poke|p1|Quagsire, M, shiny
|poke|p1|Umbreon, M, shiny
|poke|p1|Forretress, F
|poke|p2|Houndoom, M
|poke|p2|Toxicroak, F
|poke|p2|Gligar, M
|poke|p2|Milotic, M
|poke|p2|Forretress, F
|poke|p2|Shaymin
|rule|Swagger Clause: Swagger is banned
|rule|Baton Pass Clause: Limit one PokÃ©mon knowing Baton Pass
|teampreview
|
|start
|switch|p1a: Umby|Umbreon, M, shiny|394\/394
|switch|p2a: Houndoom|Houndoom, M|291\/291
|turn|1
|
|switch|p2a: Gligar|Gligar, M|333\/333
|move|p1a: Umby|Foul Play|p2a: Gligar
|-damage|p2a: Gligar|294\/333
|
|turn|2
|
|switch|p1a: Quagy|Quagsire, M, shiny|394\/394
|move|p2a: Gligar|Stealth Rock|p1a: Quagy
|-sidestart|p1: JoffreyTheGreat|move: Stealth Rock
|
|turn|3
|
|move|p2a: Gligar|U-turn|p1a: Quagy
|-damage|p1a: Quagy|360\/394
|
|switch|p2a: Shaymin|Shaymin|341\/341
|move|p1a: Quagy|Toxic|p2a: Shaymin
|-status|p2a: Shaymin|tox
|
|-heal|p1a: Quagy|384\/394|[from] item: Leftovers
|-damage|p2a: Shaymin|320\/341 tox|[from] psn
|turn|4
|
|switch|p1a: Dragy|Dragalge, F|334\/334
|-damage|p1a: Dragy|293\/334|[from] Stealth Rock
|move|p2a: Shaymin|Seed Flare|p1a: Dragy
|-resisted|p1a: Dragy
|-damage|p1a: Dragy|264\/334
|-unboost|p1a: Dragy|spd|2
|
|-heal|p1a: Dragy|284\/334|[from] item: Black Sludge
|-damage|p2a: Shaymin|278\/341 tox|[from] psn
|turn|5
|
|switch|p2a: Forretress|Forretress, F|354\/354
|move|p1a: Dragy|Scald|p2a: Forretress
|-damage|p2a: Forretress|287\/354
|
|-heal|p1a: Dragy|304\/334|[from] item: Black Sludge
|-heal|p2a: Forretress|309\/354|[from] item: Leftovers
|turn|6
|
|move|p1a: Dragy|Scald|p2a: Forretress
|-damage|p2a: Forretress|243\/354
|-status|p2a: Forretress|brn
|move|p2a: Forretress|Spikes|p1a: Dragy
|-sidestart|p1: JoffreyTheGreat|Spikes
|
|-heal|p1a: Dragy|324\/334|[from] item: Black Sludge
|-heal|p2a: Forretress|265\/354 brn|[from] item: Leftovers
|-damage|p2a: Forretress|221\/354 brn|[from] brn
|turn|7
|
|switch|p1a: Forry|Forretress, F|354\/354
|-damage|p1a: Forry|310\/354|[from] Spikes
|-damage|p1a: Forry|266\/354|[from] Stealth Rock
|move|p2a: Forretress|Volt Switch|p1a: Forry
|-damage|p1a: Forry|207\/354
|
|switch|p2a: Houndoom|Houndoom, M|291\/291
|
|-heal|p1a: Forry|229\/354|[from] item: Leftovers
|turn|8
|
|switch|p1a: Dragy|Dragalge, F|324\/334
|-damage|p1a: Dragy|283\/334|[from] Spikes
|-damage|p1a: Dragy|242\/334|[from] Stealth Rock
|detailschange|p2a: Houndoom|Houndoom-Mega, M
|-mega|p2a: Houndoom|Houndoom|Houndoominite
|move|p2a: Houndoom|Fire Blast|p1a: Dragy
|-resisted|p1a: Dragy
|-damage|p1a: Dragy|173\/334
|
|-heal|p1a: Dragy|193\/334|[from] item: Black Sludge
|turn|9
|
|switch|p2a: Shaymin|Shaymin|278\/341
|move|p1a: Dragy|Sludge Wave|p2a: Shaymin
|-supereffective|p2a: Shaymin
|-damage|p2a: Shaymin|0 fnt
|faint|p2a: Shaymin
|
|-heal|p1a: Dragy|213\/334|[from] item: Black Sludge
|
|switch|p2a: Milotic|Milotic, M|394\/394
|turn|10
|
|move|p2a: Milotic|Ice Beam|p1a: Dragy
|-supereffective|p1a: Dragy
|-damage|p1a: Dragy|123\/334
|move|p1a: Dragy|Sludge Wave|p2a: Milotic
|-damage|p2a: Milotic|300\/394
|
|-heal|p2a: Milotic|324\/394|[from] item: Leftovers
|-heal|p1a: Dragy|143\/334|[from] item: Black Sludge
|turn|11
|
|move|p1a: Dragy|Draco Meteor|p2a: Milotic
|-damage|p2a: Milotic|176\/394
|-unboost|p1a: Dragy|spa|2
|move|p2a: Milotic|Mirror Coat|p1a: Dragy
|-damage|p1a: Dragy|0 fnt
|faint|p1a: Dragy
|
|-heal|p2a: Milotic|200\/394|[from] item: Leftovers
|
|switch|p1a: Umby|Umbreon, M, shiny|394\/394
|-damage|p1a: Umby|345\/394|[from] Spikes
|-damage|p1a: Umby|296\/394|[from] Stealth Rock
|turn|12
|
|switch|p2a: Houndoom|Houndoom-Mega, M|291\/291
|move|p1a: Umby|Wish|p1a: Umby
|
|-heal|p1a: Umby|320\/394|[from] item: Leftovers
|turn|13
|
|move|p2a: Houndoom|Nasty Plot|p2a: Houndoom
|-boost|p2a: Houndoom|spa|2
|move|p1a: Umby|Foul Play|p2a: Houndoom
|-resisted|p2a: Houndoom
|-damage|p2a: Houndoom|241\/291
|
|-heal|p1a: Umby|394\/394|[from] move: Wish|[wisher] Umby
|turn|14
|
|move|p2a: Houndoom|Fire Blast|p1a: Umby
|-damage|p1a: Umby|135\/394
|move|p1a: Umby|Wish|p1a: Umby
|
|-heal|p1a: Umby|159\/394|[from] item: Leftovers
|turn|15
|
|switch|p1a: Quagy|Quagsire, M, shiny|384\/394
|-damage|p1a: Quagy|360\/394|[from] Stealth Rock
|-damage|p1a: Quagy|311\/394|[from] Spikes
|move|p2a: Houndoom|Fire Blast|p1a: Quagy
|-resisted|p1a: Quagy
|-damage|p1a: Quagy|152\/394
|-status|p1a: Quagy|brn
|
|-heal|p1a: Quagy|349\/394 brn|[from] move: Wish|[wisher] Umby
|-heal|p1a: Quagy|373\/394 brn|[from] item: Leftovers
|-damage|p1a: Quagy|324\/394 brn|[from] brn
|turn|16
|c|âJoffreyTheGreat|FUCKING BURN FUCK
|c|âJoffreyTheGreat|10 WHORE PERCENT
|c|âHeracrotest|lol
|
|move|p2a: Houndoom|Dark Pulse|p1a: Quagy
|-damage|p1a: Quagy|125\/394 brn
|move|p1a: Quagy|Toxic|p2a: Houndoom
|-status|p2a: Houndoom|tox
|
|-heal|p1a: Quagy|149\/394 brn|[from] item: Leftovers
|-damage|p2a: Houndoom|223\/291 tox|[from] psn
|-damage|p1a: Quagy|100\/394 brn|[from] brn
|turn|17
|
|move|p2a: Houndoom|Dark Pulse|p1a: Quagy
|-crit|p1a: Quagy
|-damage|p1a: Quagy|0 fnt
|faint|p1a: Quagy
|
|-damage|p2a: Houndoom|187\/291 tox|[from] psn
|
|switch|p1a: Umby|Umbreon, M, shiny|159\/394
|-damage|p1a: Umby|110\/394|[from] Stealth Rock
|-damage|p1a: Umby|61\/394|[from] Spikes
|turn|18
|
|move|p1a: Umby|Protect|p1a: Umby
|-singleturn|p1a: Umby|Protect
|move|p2a: Houndoom|Dark Pulse|p1a: Umby
|-activate|p1a: Umby|Protect
|
|-heal|p1a: Umby|85\/394|[from] item: Leftovers
|-damage|p2a: Houndoom|133\/291 tox|[from] psn
|turn|19
|
|move|p2a: Houndoom|Fire Blast|p1a: Umby
|-damage|p1a: Umby|0 fnt
|faint|p1a: Umby
|
|-damage|p2a: Houndoom|61\/291 tox|[from] psn
|
|switch|p1a: Forry|Forretress, F|229\/354
|-damage|p1a: Forry|185\/354|[from] Stealth Rock
|-damage|p1a: Forry|141\/354|[from] Spikes
|turn|20
|
|move|p2a: Houndoom|Dark Pulse|p1a: Forry
|-damage|p1a: Forry|0 fnt
|faint|p1a: Forry
|
|-damage|p2a: Houndoom|0 fnt|[from] psn
|faint|p2a: Houndoom
|
|switch|p2a: Gligar|Gligar, M|294\/333
|switch|p1a: Cressy|Cresselia, F, shiny|444\/444
|-damage|p1a: Cressy|389\/444|[from] Stealth Rock
|turn|21
|
|move|p1a: Cressy|Calm Mind|p1a: Cressy
|-boost|p1a: Cressy|spa|1
|-boost|p1a: Cressy|spd|1
|move|p2a: Gligar|U-turn|p1a: Cressy
|-supereffective|p1a: Cressy
|-damage|p1a: Cressy|335\/444
|c|âHeracrotest|oh shit
|
|switch|p2a: Toxicroak|Toxicroak, F|307\/307
|
|-heal|p1a: Cressy|362\/444|[from] item: Leftovers
|turn|22
|
|move|p2a: Toxicroak|Gunk Shot|p1a: Cressy
|-damage|p1a: Cressy|194\/444
|-damage|p2a: Toxicroak|277\/307|[from] item: Life Orb
|move|p1a: Cressy|Psyshock|p2a: Toxicroak
|-supereffective|p2a: Toxicroak
|-damage|p2a: Toxicroak|0 fnt
|faint|p2a: Toxicroak
|
|-heal|p1a: Cressy|221\/444|[from] item: Leftovers
|
|switch|p2a: Milotic|Milotic, M|200\/394
|turn|23
|c|âJoffreyTheGreat|Guess why I built the game to get rid of Shaymin and Mega-Houndoom ;)
|
|move|p1a: Cressy|Moonlight|p1a: Cressy
|-heal|p1a: Cressy|443\/444
|move|p2a: Milotic|Recover|p2a: Milotic
|-heal|p2a: Milotic|394\/394
|
|-heal|p1a: Cressy|444\/444|[from] item: Leftovers
|turn|24
|
|move|p1a: Cressy|Calm Mind|p1a: Cressy
|-boost|p1a: Cressy|spa|1
|-boost|p1a: Cressy|spd|1
|move|p2a: Milotic|Mirror Coat|p1a: Cressy
|-fail|p1a: Cressy
|
|turn|25
|c|âJoffreyTheGreat|Oh, man
|c|âJoffreyTheGreat|Sorry
|c|âJoffreyTheGreat|Mirror coat wont help you
|
|move|p1a: Cressy|Calm Mind|p1a: Cressy
|-boost|p1a: Cressy|spa|1
|-boost|p1a: Cressy|spd|1
|move|p2a: Milotic|Scald|p1a: Cressy
|-damage|p1a: Cressy|413\/444
|-status|p1a: Cressy|brn
|
|-heal|p1a: Cressy|440\/444 brn|[from] item: Leftovers
|-damage|p1a: Cressy|385\/444 brn|[from] brn
|turn|26
|c|âHeracrotest|ik
|
|switch|p2a: Forretress|Forretress, F|221\/354 brn
|move|p1a: Cressy|Calm Mind|p1a: Cressy
|-boost|p1a: Cressy|spa|1
|-boost|p1a: Cressy|spd|1
|
|-heal|p1a: Cressy|412\/444 brn|[from] item: Leftovers
|-heal|p2a: Forretress|243\/354 brn|[from] item: Leftovers
|-damage|p1a: Cressy|357\/444 brn|[from] brn
|-damage|p2a: Forretress|199\/354 brn|[from] brn
|turn|27
|
|move|p1a: Cressy|Moonblast|p2a: Forretress
|-resisted|p2a: Forretress
|-damage|p2a: Forretress|117\/354 brn
|-unboost|p2a: Forretress|spa|1
|move|p2a: Forretress|Volt Switch|p1a: Cressy
|-crit|p1a: Cressy
|-damage|p1a: Cressy|312\/444 brn
|
|switch|p2a: Milotic|Milotic, M|394\/394
|
|-heal|p1a: Cressy|339\/444 brn|[from] item: Leftovers
|-damage|p1a: Cressy|284\/444 brn|[from] brn
|turn|28
|
|move|p1a: Cressy|Psyshock|p2a: Milotic
|-damage|p2a: Milotic|160\/394
|move|p2a: Milotic|Mirror Coat|p1a: Cressy
|-damage|p1a: Cressy|0 fnt
|faint|p1a: Cressy
|
|-heal|p2a: Milotic|184\/394|[from] item: Leftovers
|c|âJoffreyTheGreat|What
|c|âJoffreyTheGreat|Mirror coat
|c|âJoffreyTheGreat|On psyshock?
|
|switch|p1a: Lucy|Lucario, F|281\/281
|-damage|p1a: Lucy|246\/281|[from] Spikes
|-damage|p1a: Lucy|238\/281|[from] Stealth Rock
|turn|29
|c|âHeracrotest|is still a special hit :]
|
|move|p1a: Lucy|Swords Dance|p1a: Lucy
|-boost|p1a: Lucy|atk|2
|move|p2a: Milotic|Scald|p1a: Lucy
|-damage|p1a: Lucy|105\/281
|-status|p1a: Lucy|brn
|-enditem|p1a: Lucy|Lum Berry|[eat]
|-curestatus|p1a: Lucy|brn
|
|-heal|p2a: Milotic|208\/394|[from] item: Leftovers
|turn|30
|c|âJoffreyTheGreat|Fuck
|c|âHeracrotest|even tho it hits in the physicall side
|c|âJoffreyTheGreat|Ahh
|c|âJoffreyTheGreat|shit
|c|âJoffreyTheGreat|guess you win then
|
|switch|p2a: Gligar|Gligar, M|294\/333
|move|p1a: Lucy|Close Combat|p2a: Gligar
|-resisted|p2a: Gligar
|-damage|p2a: Gligar|195\/333
|-unboost|p1a: Lucy|def|1
|-unboost|p1a: Lucy|spd|1
|
|turn|31
|c|âJoffreyTheGreat|Crit plz
|
|move|p1a: Lucy|Close Combat|p2a: Gligar
|-resisted|p2a: Gligar
|-damage|p2a: Gligar|100\/333
|-unboost|p1a: Lucy|def|1
|-unboost|p1a: Lucy|spd|1
|move|p2a: Gligar|Earthquake|p1a: Lucy
|-supereffective|p1a: Lucy
|-damage|p1a: Lucy|0 fnt
|faint|p1a: Lucy
|
|win|Heracrotest
|raw|Ladder updating...
|c|âHeracrotest|plz no
|raw|JoffreyTheGreat's rating: 1526 &rarr; <strong>1497<\/strong><br \/>(-29 for losing)
|raw|Heracrotest's rating: 1357 &rarr; <strong>1386<\/strong><br \/>(+29 for winning)
|c|âHeracrotest|gg buddy :]
|c|âJoffreyTheGreat|wouldnt matter lel
|c|âJoffreyTheGreat|gg
|leave|JoffreyTheGreat