|join|Fireice29
|join|Gnomski
|player|p1|Fireice29|265
|player|p2|Gnomski|282
|gametype|singles
|gen|6
|tier|UU
|rated
|rule|Sleep Clause Mod: Limit one foe put to sleep
|rule|Species Clause: Limit one of each PokÃ©mon
|rule|OHKO Clause: OHKO moves are banned
|rule|Moody Clause: Moody is banned
|rule|Evasion Moves Clause: Evasion moves are banned
|rule|Endless Battle Clause: Forcing endless battles is banned
|rule|HP Percentage Mod: HP is reported as percentages
|clearpoke
|poke|p1|Victini
|poke|p1|Krookodile, F
|poke|p1|Celebi
|poke|p1|Blastoise, F
|poke|p1|Florges, F
|poke|p1|Toxicroak, M
|poke|p2|Hydreigon, M
|poke|p2|Mienshao, F
|poke|p2|Roserade, F
|poke|p2|Swampert, M
|poke|p2|Honchkrow, M
|poke|p2|Starmie
|rule|Swagger Clause: Swagger is banned
|rule|Baton Pass Clause: Limit three PokÃ©mon knowing Baton Pass
|teampreview
|
|start
|switch|p1a: Celebi|Celebi|404\/404
|switch|p2a: Honchkrow|Honchkrow, M|341\/341
|turn|1
|
|move|p1a: Celebi|Thunder Wave|p2a: Honchkrow
|-status|p2a: Honchkrow|par
|cant|p2a: Honchkrow|par
|
|turn|2
|
|switch|p1a: Blastoise|Blastoise, F|352\/352
|move|p2a: Honchkrow|Brave Bird|p1a: Blastoise
|-damage|p1a: Blastoise|79\/352
|-damage|p2a: Honchkrow|251\/341 par|[from] recoil|[of] p1a: Blastoise
|-damage|p2a: Honchkrow|217\/341 par|[from] item: Life Orb
|
|turn|3
|
|switch|p1a: Krookodile|Krookodile, F|332\/332
|move|p2a: Honchkrow|Sucker Punch|p1a: Krookodile
|-fail|p1a: Krookodile
|
|turn|4
|
|switch|p2a: Swampert|Swampert, M|404\/404
|move|p1a: Krookodile|Knock Off|p2a: Swampert
|-damage|p2a: Swampert|227\/404
|-enditem|p2a: Swampert|Assault Vest|[from] move: Knock Off|[of] p1a: Krookodile
|
|turn|5
|
|switch|p1a: Florges|Florges, F|360\/360
|move|p2a: Swampert|Ice Punch|p1a: Florges
|-damage|p1a: Florges|282\/360
|
|-heal|p1a: Florges|304\/360|[from] item: Leftovers
|turn|6
|
|switch|p2a: Roserade|Roserade, F|322\/322
|move|p1a: Florges|Wish|p1a: Florges
|
|-heal|p1a: Florges|326\/360|[from] item: Leftovers
|turn|7
|
|switch|p1a: Victini|Victini|341\/341
|move|p2a: Roserade|Spikes|p1a: Victini
|-sidestart|p1: Fireice29|Spikes
|
|turn|8
|
|switch|p2a: Starmie|Starmie|261\/261
|move|p1a: Victini|Blue Flare|p2a: Starmie
|-resisted|p2a: Starmie
|-damage|p2a: Starmie|115\/261
|-damage|p1a: Victini|307\/341|[from] item: Life Orb
|
|turn|9
|
|switch|p1a: Celebi|Celebi|404\/404
|-damage|p1a: Celebi|354\/404|[from] Spikes
|move|p2a: Starmie|Scald|p1a: Celebi
|-resisted|p1a: Celebi
|-damage|p1a: Celebi|249\/404
|-status|p1a: Celebi|brn
|-damage|p2a: Starmie|89\/261|[from] item: Life Orb
|
|-heal|p1a: Celebi|274\/404 brn|[from] item: Leftovers
|-damage|p1a: Celebi|224\/404 brn|[from] brn
|turn|10
|
|move|p2a: Starmie|Ice Beam|p1a: Celebi
|-supereffective|p1a: Celebi
|-damage|p1a: Celebi|0 fnt
|-damage|p2a: Starmie|63\/261|[from] item: Life Orb
|faint|p1a: Celebi
|
|
|switch|p1a: Krookodile|Krookodile, F|332\/332
|-damage|p1a: Krookodile|291\/332|[from] Spikes
|turn|11
|
|move|p1a: Krookodile|Pursuit|p2a: Starmie
|-supereffective|p2a: Starmie
|-damage|p2a: Starmie|0 fnt
|faint|p2a: Starmie
|-boost|p1a: Krookodile|atk|1|[from] ability: Moxie
|
|
|switch|p2a: Mienshao|Mienshao, F|271\/271
|turn|12
|
|switch|p1a: Florges|Florges, F|326\/360
|-damage|p1a: Florges|281\/360|[from] Spikes
|move|p2a: Mienshao|High Jump Kick|p1a: Florges
|-resisted|p1a: Florges
|-damage|p1a: Florges|152\/360
|
|-heal|p1a: Florges|174\/360|[from] item: Leftovers
|turn|13
|
|switch|p2a: Roserade|Roserade, F|322\/322
|move|p1a: Florges|Wish|p1a: Florges
|
|-heal|p1a: Florges|196\/360|[from] item: Leftovers
|turn|14
|
|move|p1a: Florges|Protect|p1a: Florges
|-singleturn|p1a: Florges|Protect
|move|p2a: Roserade|Spikes|p1a: Florges
|-sidestart|p1: Fireice29|Spikes
|
|-heal|p1a: Florges|360\/360|[from] move: Wish|[wisher] Florges
|turn|15
|
|switch|p1a: Victini|Victini|307\/341
|-damage|p1a: Victini|251\/341|[from] Spikes
|move|p2a: Roserade|Spikes|p1a: Victini
|-sidestart|p1: Fireice29|Spikes
|
|turn|16
|
|move|p1a: Victini|Blue Flare|p2a: Roserade|[miss]
|-miss|p1a: Victini|p2a: Roserade
|move|p2a: Roserade|Giga Drain|p1a: Victini
|-resisted|p1a: Victini
|-damage|p1a: Victini|202\/341
|
|turn|17
|
|move|p1a: Victini|Blue Flare|p2a: Roserade
|-supereffective|p2a: Roserade
|-damage|p2a: Roserade|0 fnt
|-damage|p1a: Victini|168\/341|[from] item: Life Orb
|faint|p2a: Roserade
|
|
|switch|p2a: Honchkrow|Honchkrow, M|217\/341 par
|turn|18
|
|move|p1a: Victini|Blue Flare|p2a: Honchkrow
|-damage|p2a: Honchkrow|0 fnt
|-damage|p1a: Victini|134\/341|[from] item: Life Orb
|faint|p2a: Honchkrow
|
|
|switch|p2a: Mienshao|Mienshao, F|271\/271
|turn|19
|
|move|p2a: Mienshao|Poison Jab|p1a: Victini
|-damage|p1a: Victini|35\/341
|move|p1a: Victini|V-create|p2a: Mienshao
|-damage|p2a: Mienshao|0 fnt
|-unboost|p1a: Victini|def|1
|-unboost|p1a: Victini|spd|1
|-unboost|p1a: Victini|spe|1
|-damage|p1a: Victini|1\/341|[from] item: Life Orb
|faint|p2a: Mienshao
|
|-message|Gnomski forfeited.
|chat|Gnomski|faggot
|leave|Gnomski
|
|win|Fireice29
|raw|Ladder updating...
|player|p2
|raw|Fireice29's rating: 1459 &rarr; <strong>1476<\/strong><br \/>(+17 for winning)
|raw|Gnomski's rating: 1417 &rarr; <strong>1399<\/strong><br \/>(-18 for losing)