|join|Fireice29
|join|Haxxhatred
|player|p1|Fireice29|265
|player|p2|Haxxhatred|169
|gametype|singles
|gen|6
|tier|UU
|rated
|rule|Sleep Clause Mod: Limit one foe put to sleep
|rule|Species Clause: Limit one of each PokÃ©mon
|rule|OHKO Clause: OHKO moves are banned
|rule|Moody Clause: Moody is banned
|rule|Evasion Moves Clause: Evasion moves are banned
|rule|Endless Battle Clause: Forcing endless battles is banned
|rule|HP Percentage Mod: HP is reported as percentages
|clearpoke
|poke|p1|Victini
|poke|p1|Nidoqueen, F
|poke|p1|Blastoise, F
|poke|p1|Trevenant, F
|poke|p1|Umbreon, F
|poke|p1|Mienshao, M
|poke|p2|Chandelure, F
|poke|p2|Hydreigon, F
|poke|p2|Starmie
|poke|p2|Vanilluxe, M
|poke|p2|Krookodile, F
|poke|p2|Aggron, F
|rule|Swagger Clause: Swagger is banned
|rule|Baton Pass Clause: Limit three PokÃ©mon knowing Baton Pass
|teampreview
|
|start
|switch|p1a: Mienshao|Mienshao, M|271\/271
|switch|p2a: Krookodile|Krookodile, F|353\/353
|-ability|p2a: Krookodile|Intimidate|[of] p1a: Mienshao
|-unboost|p1a: Mienshao|atk|1
|turn|1
|
|move|p1a: Mienshao|U-turn|p2a: Krookodile
|-supereffective|p2a: Krookodile
|-damage|p2a: Krookodile|235\/353
|
|switch|p1a: Blastoise|Blastoise, F|362\/362
|move|p2a: Krookodile|Earthquake|p1a: Blastoise
|-damage|p1a: Blastoise|183\/362
|-damage|p2a: Krookodile|200\/353|[from] item: Life Orb
|
|turn|2
|
|switch|p2a: Hydreigon|Hydreigon, F|355\/355
|detailschange|p1a: Blastoise|Blastoise-Mega, F
|message|Blastoise has Mega Evolved into Mega Blastoise!
|move|p1a: Blastoise|Scald|p2a: Hydreigon
|-resisted|p2a: Hydreigon
|-damage|p2a: Hydreigon|292\/355
|-status|p2a: Hydreigon|brn
|
|-heal|p2a: Hydreigon|314\/355 brn|[from] item: Leftovers
|-damage|p2a: Hydreigon|270\/355 brn|[from] brn
|turn|3
|
|switch|p1a: Umbreon|Umbreon, F|394\/394
|move|p2a: Hydreigon|Dragon Pulse|p1a: Umbreon
|-damage|p1a: Umbreon|318\/394
|
|-heal|p2a: Hydreigon|292\/355 brn|[from] item: Leftovers
|-heal|p1a: Umbreon|342\/394|[from] item: Leftovers
|-damage|p2a: Hydreigon|248\/355 brn|[from] brn
|turn|4
|
|move|p2a: Hydreigon|Taunt|p1a: Umbreon
|-start|p1a: Umbreon|move: Taunt
|cant|p1a: Umbreon|move: Taunt|Wish
|
|-heal|p2a: Hydreigon|270\/355 brn|[from] item: Leftovers
|-heal|p1a: Umbreon|366\/394|[from] item: Leftovers
|-damage|p2a: Hydreigon|226\/355 brn|[from] brn
|turn|5
|
|move|p2a: Hydreigon|Dragon Pulse|p1a: Umbreon
|-damage|p1a: Umbreon|290\/394
|move|p1a: Umbreon|Foul Play|p2a: Hydreigon
|-resisted|p2a: Hydreigon
|-damage|p2a: Hydreigon|192\/355 brn
|
|-heal|p2a: Hydreigon|214\/355 brn|[from] item: Leftovers
|-heal|p1a: Umbreon|314\/394|[from] item: Leftovers
|-damage|p2a: Hydreigon|170\/355 brn|[from] brn
|turn|6
|
|switch|p1a: Mienshao|Mienshao, M|271\/271
|move|p2a: Hydreigon|Dragon Pulse|p1a: Mienshao
|-damage|p1a: Mienshao|61\/271
|
|-heal|p2a: Hydreigon|192\/355 brn|[from] item: Leftovers
|-damage|p2a: Hydreigon|148\/355 brn|[from] brn
|turn|7
|
|switch|p2a: Chandelure|Chandelure, F|315\/315
|move|p1a: Mienshao|U-turn|p2a: Chandelure
|-resisted|p2a: Chandelure
|-damage|p2a: Chandelure|292\/315
|
|switch|p1a: Umbreon|Umbreon, F|314\/394
|
|-heal|p1a: Umbreon|338\/394|[from] item: Leftovers
|turn|8
|
|move|p2a: Chandelure|Taunt|p1a: Umbreon
|-start|p1a: Umbreon|move: Taunt
|cant|p1a: Umbreon|move: Taunt|Wish
|
|-heal|p1a: Umbreon|362\/394|[from] item: Leftovers
|turn|9
|
|move|p2a: Chandelure|Fire Blast|p1a: Umbreon
|-crit|p1a: Umbreon
|-damage|p1a: Umbreon|88\/394
|-damage|p2a: Chandelure|261\/315|[from] item: Life Orb
|move|p1a: Umbreon|Foul Play|p2a: Chandelure
|-supereffective|p2a: Chandelure
|-damage|p2a: Chandelure|151\/315
|
|-heal|p1a: Umbreon|112\/394|[from] item: Leftovers
|turn|10
|
|move|p2a: Chandelure|Shadow Ball|p1a: Umbreon
|-resisted|p1a: Umbreon
|-damage|p1a: Umbreon|46\/394
|-damage|p2a: Chandelure|120\/315|[from] item: Life Orb
|move|p1a: Umbreon|Foul Play|p2a: Chandelure
|-supereffective|p2a: Chandelure
|-damage|p2a: Chandelure|18\/315
|
|-heal|p1a: Umbreon|70\/394|[from] item: Leftovers
|-end|p1a: Umbreon|move: Taunt
|turn|11
|
|switch|p2a: Hydreigon|Hydreigon, F|148\/355 brn
|move|p1a: Umbreon|Protect|p1a: Umbreon
|-fail|p1a: Umbreon
|
|-heal|p2a: Hydreigon|170\/355 brn|[from] item: Leftovers
|-heal|p1a: Umbreon|94\/394|[from] item: Leftovers
|-damage|p2a: Hydreigon|126\/355 brn|[from] brn
|turn|12
|
|move|p2a: Hydreigon|Roost|p2a: Hydreigon
|-heal|p2a: Hydreigon|304\/355 brn
|move|p1a: Umbreon|Wish|p1a: Umbreon
|
|-heal|p2a: Hydreigon|326\/355 brn|[from] item: Leftovers
|-heal|p1a: Umbreon|118\/394|[from] item: Leftovers
|-damage|p2a: Hydreigon|282\/355 brn|[from] brn
|turn|13
|
|move|p1a: Umbreon|Protect|p1a: Umbreon
|-singleturn|p1a: Umbreon|Protect
|move|p2a: Hydreigon|Dragon Pulse|p1a: Umbreon
|-activate|p1a: Umbreon|Protect
|
|-heal|p1a: Umbreon|315\/394|[from] move: Wish|[wisher] Umbreon
|-heal|p2a: Hydreigon|304\/355 brn|[from] item: Leftovers
|-heal|p1a: Umbreon|339\/394|[from] item: Leftovers
|-damage|p2a: Hydreigon|260\/355 brn|[from] brn
|turn|14
|
|switch|p1a: Mienshao|Mienshao, M|61\/271
|move|p2a: Hydreigon|Dragon Pulse|p1a: Mienshao
|-damage|p1a: Mienshao|0 fnt
|faint|p1a: Mienshao
|
|-heal|p2a: Hydreigon|282\/355 brn|[from] item: Leftovers
|-damage|p2a: Hydreigon|238\/355 brn|[from] brn
|
|switch|p1a: Nidoqueen|Nidoqueen, F|355\/355
|turn|15
|
|switch|p2a: Vanilluxe|Vanilluxe, M|302\/302
|move|p1a: Nidoqueen|Sludge Wave|p2a: Vanilluxe
|-damage|p2a: Vanilluxe|68\/302
|
|turn|16
|
|switch|p1a: Umbreon|Umbreon, F|339\/394
|move|p2a: Vanilluxe|Freeze-Dry|p1a: Umbreon
|-damage|p1a: Umbreon|249\/394
|-damage|p2a: Vanilluxe|38\/302|[from] item: Life Orb
|
|-heal|p1a: Umbreon|273\/394|[from] item: Leftovers
|turn|17
|
|move|p2a: Vanilluxe|Explosion|p1a: Umbreon
|-damage|p1a: Umbreon|0 fnt
|faint|p2a: Vanilluxe
|faint|p1a: Umbreon
|
|
|switch|p1a: Victini|Victini|341\/341
|switch|p2a: Krookodile|Krookodile, F|200\/353
|-ability|p2a: Krookodile|Intimidate|[of] p1a: Victini
|-unboost|p1a: Victini|atk|1
|turn|18
|
|move|p1a: Victini|Blue Flare|p2a: Krookodile
|-damage|p2a: Krookodile|0 fnt
|-damage|p1a: Victini|307\/341|[from] item: Life Orb
|faint|p2a: Krookodile
|
|
|switch|p2a: Hydreigon|Hydreigon, F|238\/355 brn
|turn|19
|
|switch|p1a: Blastoise|Blastoise-Mega, F|183\/362
|move|p2a: Hydreigon|Dragon Pulse|p1a: Blastoise
|-damage|p1a: Blastoise|72\/362
|
|-heal|p2a: Hydreigon|260\/355 brn|[from] item: Leftovers
|-damage|p2a: Hydreigon|216\/355 brn|[from] brn
|turn|20
|
|move|p2a: Hydreigon|Dark Pulse|p1a: Blastoise
|-damage|p1a: Blastoise|0 fnt
|faint|p1a: Blastoise
|
|-heal|p2a: Hydreigon|238\/355 brn|[from] item: Leftovers
|-damage|p2a: Hydreigon|194\/355 brn|[from] brn
|
|switch|p1a: Nidoqueen|Nidoqueen, F|355\/355
|turn|21
|
|move|p2a: Hydreigon|Roost|p2a: Hydreigon
|-heal|p2a: Hydreigon|355\/355 brn
|move|p1a: Nidoqueen|Sludge Wave|p2a: Hydreigon
|-damage|p2a: Hydreigon|125\/355 brn
|
|-heal|p2a: Hydreigon|147\/355 brn|[from] item: Leftovers
|-damage|p2a: Hydreigon|103\/355 brn|[from] brn
|turn|22
|-message|Fireice29 lost due to inactivity.
|
|win|Haxxhatred
|raw|Ladder updating...
|raw|Fireice29's rating: 1441 &rarr; <strong>1418<\/strong><br \/>(-23 for losing)
|raw|Haxxhatred's rating: 1388 &rarr; <strong>1411<\/strong><br \/>(+23 for winning)