|join|Fireice29
|join|Masterctrl HHTA
|player|p1|Fireice29|169
|player|p2|Masterctrl HHTA|262
|gametype|singles
|gen|6
|tier|UU
|rated
|rule|Sleep Clause Mod: Limit one foe put to sleep
|rule|Species Clause: Limit one of each PokÃ©mon
|rule|OHKO Clause: OHKO moves are banned
|rule|Moody Clause: Moody is banned
|rule|Evasion Moves Clause: Evasion moves are banned
|rule|Endless Battle Clause: Forcing endless battles is banned
|rule|HP Percentage Mod: HP is shown in percentages
|clearpoke
|poke|p1|Toxicroak, M
|poke|p1|Blastoise, M
|poke|p1|Whimsicott, M
|poke|p1|Jirachi
|poke|p1|Krookodile, M
|poke|p1|Chandelure, M
|poke|p2|Scrafty, F
|poke|p2|Entei, shiny
|poke|p2|Aerodactyl, F
|poke|p2|Vaporeon, M
|poke|p2|Galvantula, F
|poke|p2|Flygon, M
|rule|Swagger Clause: Swagger is banned
|rule|Baton Pass Clause: Limit one PokÃ©mon knowing Baton Pass
|teampreview
|c|âMasterctrl HHTA|gl hf
|c|âFireice29|gl 2 u 2
|
|start
|switch|p1a: Whimsicott|Whimsicott, M|261\/261
|switch|p2a: Galvantula|Galvantula, F|281\/281
|-ability|p2a: Galvantula|Unnerve|p1: Fireice29
|turn|1
|
|move|p1a: Whimsicott|Moonblast|p2a: Galvantula
|-damage|p2a: Galvantula|54\/281
|-damage|p1a: Whimsicott|235\/261|[from] item: Life Orb
|move|p2a: Galvantula|Sticky Web|p1a: Whimsicott
|-sidestart|p1: Fireice29|move: Sticky Web
|
|turn|2
|
|switch|p2a: Entei|Entei, shiny|371\/371
|-ability|p2a: Entei|Pressure
|move|p1a: Whimsicott|U-turn|p2a: Entei
|-resisted|p2a: Entei
|-damage|p2a: Entei|344\/371
|-damage|p1a: Whimsicott|209\/261|[from] item: Life Orb
|
|switch|p1a: Blastoise|Blastoise, M|313\/313
|-activate|p1a: Blastoise|move: Sticky Web
|-unboost|p1a: Blastoise|spe|1
|
|-heal|p2a: Entei|367\/371|[from] item: Leftovers
|turn|3
|
|detailschange|p1a: Blastoise|Blastoise-Mega, M
|-mega|p1a: Blastoise|Blastoise|Blastoisinite
|move|p2a: Entei|Sacred Fire|p1a: Blastoise
|-resisted|p1a: Blastoise
|-damage|p1a: Blastoise|233\/313
|-status|p1a: Blastoise|brn
|move|p1a: Blastoise|Water Pulse|p2a: Entei
|-crit|p2a: Entei
|-supereffective|p2a: Entei
|-damage|p2a: Entei|0 fnt
|faint|p2a: Entei
|
|-damage|p1a: Blastoise|194\/313 brn|[from] brn
|
|switch|p2a: Galvantula|Galvantula, F|54\/281
|-ability|p2a: Galvantula|Unnerve|p1: Fireice29
|turn|4
|
|switch|p1a: Whimsicott|Whimsicott, M|209\/261
|-activate|p1a: Whimsicott|move: Sticky Web
|-unboost|p1a: Whimsicott|spe|1
|move|p2a: Galvantula|Giga Drain|p1a: Whimsicott
|-resisted|p1a: Whimsicott
|-damage|p1a: Whimsicott|166\/261
|-heal|p2a: Galvantula|76\/281|[from] drain|[of] p1a: Whimsicott
|
|turn|5
|
|switch|p2a: Vaporeon|Vaporeon, M|463\/463
|move|p1a: Whimsicott|U-turn|p2a: Vaporeon
|-damage|p2a: Vaporeon|414\/463
|-damage|p1a: Whimsicott|140\/261|[from] item: Life Orb
|
|switch|p1a: Blastoise|Blastoise-Mega, M|194\/313 brn
|-activate|p1a: Blastoise|move: Sticky Web
|-unboost|p1a: Blastoise|spe|1
|
|-heal|p2a: Vaporeon|442\/463|[from] item: Leftovers
|-damage|p1a: Blastoise|155\/313 brn|[from] brn
|turn|6
|
|move|p2a: Vaporeon|Protect|p2a: Vaporeon
|-singleturn|p2a: Vaporeon|Protect
|move|p1a: Blastoise|Rapid Spin|p2a: Vaporeon
|-activate|p2a: Vaporeon|Protect
|
|-heal|p2a: Vaporeon|463\/463|[from] item: Leftovers
|-damage|p1a: Blastoise|116\/313 brn|[from] brn
|turn|7
|
|move|p2a: Vaporeon|Scald|p1a: Blastoise
|-resisted|p1a: Blastoise
|-damage|p1a: Blastoise|73\/313 brn
|move|p1a: Blastoise|Rapid Spin|p2a: Vaporeon
|-damage|p2a: Vaporeon|455\/463
|-sideend|p1: Fireice29|Sticky Web|[from] move: Rapid Spin|[of] p1a: Blastoise
|
|-heal|p2a: Vaporeon|463\/463|[from] item: Leftovers
|-damage|p1a: Blastoise|34\/313 brn|[from] brn
|turn|8
|
|switch|p1a: Toxicroak|Toxicroak, M|307\/307
|move|p2a: Vaporeon|Ice Beam|p1a: Toxicroak
|-damage|p1a: Toxicroak|202\/307
|
|turn|9
|
|move|p1a: Toxicroak|Drain Punch|p2a: Vaporeon
|-crit|p2a: Vaporeon
|-damage|p2a: Vaporeon|202\/463
|-heal|p1a: Toxicroak|307\/307|[from] drain|[of] p2a: Vaporeon
|-damage|p1a: Toxicroak|277\/307|[from] item: Life Orb
|move|p2a: Vaporeon|Ice Beam|p1a: Toxicroak
|-crit|p1a: Toxicroak
|-damage|p1a: Toxicroak|115\/307
|
|-heal|p2a: Vaporeon|230\/463|[from] item: Leftovers
|turn|10
|
|move|p1a: Toxicroak|Swords Dance|p1a: Toxicroak
|-boost|p1a: Toxicroak|atk|2
|move|p2a: Vaporeon|Wish|p2a: Vaporeon
|
|-heal|p2a: Vaporeon|258\/463|[from] item: Leftovers
|turn|11
|
|move|p2a: Vaporeon|Protect|p2a: Vaporeon
|-singleturn|p2a: Vaporeon|Protect
|move|p1a: Toxicroak|Drain Punch|p2a: Vaporeon
|-activate|p2a: Vaporeon|Protect
|
|-heal|p2a: Vaporeon|463\/463|[from] move: Wish|[wisher] Vaporeon
|turn|12
|
|move|p1a: Toxicroak|Drain Punch|p2a: Vaporeon
|-damage|p2a: Vaporeon|119\/463
|-heal|p1a: Toxicroak|287\/307|[from] drain|[of] p2a: Vaporeon
|-damage|p1a: Toxicroak|257\/307|[from] item: Life Orb
|move|p2a: Vaporeon|Ice Beam|p1a: Toxicroak
|-crit|p1a: Toxicroak
|-damage|p1a: Toxicroak|107\/307
|
|-heal|p2a: Vaporeon|147\/463|[from] item: Leftovers
|turn|13
|
|move|p2a: Vaporeon|Protect|p2a: Vaporeon
|-singleturn|p2a: Vaporeon|Protect
|move|p1a: Toxicroak|Drain Punch|p2a: Vaporeon
|-activate|p2a: Vaporeon|Protect
|
|-heal|p2a: Vaporeon|175\/463|[from] item: Leftovers
|turn|14
|
|switch|p2a: Aerodactyl|Aerodactyl, F|302\/302
|-ability|p2a: Aerodactyl|Pressure
|move|p1a: Toxicroak|Drain Punch|p2a: Aerodactyl
|-damage|p2a: Aerodactyl|0 fnt
|-heal|p1a: Toxicroak|258\/307|[from] drain|[of] p2a: Aerodactyl
|-damage|p1a: Toxicroak|228\/307|[from] item: Life Orb
|faint|p2a: Aerodactyl
|
|
|switch|p2a: Flygon|Flygon, M|301\/301
|turn|15
|
|move|p1a: Toxicroak|Sucker Punch|p2a: Flygon
|-crit|p2a: Flygon
|-damage|p2a: Flygon|0 fnt
|-damage|p1a: Toxicroak|198\/307|[from] item: Life Orb
|faint|p2a: Flygon
|
|
|switch|p2a: Vaporeon|Vaporeon, M|175\/463
|turn|16
|
|move|p2a: Vaporeon|Protect|p2a: Vaporeon
|-singleturn|p2a: Vaporeon|Protect
|move|p1a: Toxicroak|Drain Punch|p2a: Vaporeon
|-activate|p2a: Vaporeon|Protect
|
|-heal|p2a: Vaporeon|203\/463|[from] item: Leftovers
|turn|17
|
|move|p1a: Toxicroak|Drain Punch|p2a: Vaporeon
|-damage|p2a: Vaporeon|0 fnt
|-heal|p1a: Toxicroak|300\/307|[from] drain|[of] p2a: Vaporeon
|-damage|p1a: Toxicroak|270\/307|[from] item: Life Orb
|faint|p2a: Vaporeon
|
|
|switch|p2a: Galvantula|Galvantula, F|76\/281
|-ability|p2a: Galvantula|Unnerve|p1: Fireice29
|turn|18
|
|move|p2a: Galvantula|Volt Switch|p1a: Toxicroak
|-damage|p1a: Toxicroak|131\/307
|
|switch|p2a: Scrafty|Scrafty, F|334\/334
|move|p1a: Toxicroak|Drain Punch|p2a: Scrafty
|-supereffective|p2a: Scrafty
|-damage|p2a: Scrafty|0 fnt
|-heal|p1a: Toxicroak|298\/307|[from] drain|[of] p2a: Scrafty
|-damage|p1a: Toxicroak|268\/307|[from] item: Life Orb
|faint|p2a: Scrafty
|
|
|switch|p2a: Galvantula|Galvantula, F|76\/281
|-ability|p2a: Galvantula|Unnerve|p1: Fireice29
|turn|19
|
|move|p2a: Galvantula|Giga Drain|p1a: Toxicroak
|-resisted|p1a: Toxicroak
|-damage|p1a: Toxicroak|219\/307
|-heal|p2a: Galvantula|101\/281|[from] drain|[of] p1a: Toxicroak
|move|p1a: Toxicroak|Drain Punch|p2a: Galvantula
|-resisted|p2a: Galvantula
|-damage|p2a: Galvantula|0 fnt
|-heal|p1a: Toxicroak|270\/307|[from] drain|[of] p2a: Galvantula
|-damage|p1a: Toxicroak|240\/307|[from] item: Life Orb
|faint|p2a: Galvantula
|
|win|Fireice29
|raw|Ladder updating...
|raw|Fireice29's rating: 1505 &rarr; <strong>1516<\/strong><br \/>(+11 for winning)
|raw|Masterctrl HHTA's rating: 1339 &rarr; <strong>1328<\/strong><br \/>(-11 for losing)
|leave|Fireice29
|c|âMasterctrl HHTA|gg
|player|p1