|join|Fireice29
|join|Emblema de Fuego
|player|p1|Fireice29|2
|player|p2|Emblema de Fuego|265
|gametype|singles
|gen|6
|tier|UU
|rated
|rule|Sleep Clause Mod: Limit one foe put to sleep
|rule|Species Clause: Limit one of each PokÃ©mon
|rule|OHKO Clause: OHKO moves are banned
|rule|Moody Clause: Moody is banned
|rule|Evasion Moves Clause: Evasion moves are banned
|rule|Endless Battle Clause: Forcing endless battles is banned
|rule|HP Percentage Mod: HP is shown in percentages
|clearpoke
|poke|p1|Toxicroak, M
|poke|p1|Blastoise, M
|poke|p1|Whimsicott, F
|poke|p1|Jirachi
|poke|p1|Krookodile, M
|poke|p1|Chandelure, F
|poke|p2|Absol, F
|poke|p2|Fletchinder, F, shiny
|poke|p2|Donphan, M
|poke|p2|Uxie
|poke|p2|Raikou, shiny
|poke|p2|Poliwrath, F
|rule|Swagger Clause: Swagger is banned
|rule|Baton Pass Clause: Limit one PokÃ©mon knowing Baton Pass
|teampreview
|
|start
|switch|p1a: Krookodile|Krookodile, M|331\/331
|switch|p2a: Angela|Absol, F|271\/271
|-ability|p1a: Krookodile|Intimidate|[of] p2a: Angela
|-unboost|p2a: Angela|atk|1
|-ability|p2a: Angela|Pressure
|turn|1
|
|switch|p1a: Blastoise|Blastoise, M|313\/313
|detailschange|p2a: Angela|Absol-Mega, F
|-mega|p2a: Angela|Absol|Absolite
|move|p2a: Angela|Protect|p2a: Angela
|-fail|p2a: Angela
|
|turn|2
|
|switch|p2a: Uzzzi|Uxie|353\/353
|detailschange|p1a: Blastoise|Blastoise-Mega, M
|-mega|p1a: Blastoise|Blastoise|Blastoisinite
|move|p1a: Blastoise|Ice Beam|p2a: Uzzzi
|-damage|p2a: Uzzzi|272\/353
|
|-heal|p2a: Uzzzi|294\/353|[from] item: Leftovers
|turn|3
|
|move|p1a: Blastoise|Dark Pulse|p2a: Uzzzi
|-supereffective|p2a: Uzzzi
|-damage|p2a: Uzzzi|100\/353
|move|p2a: Uzzzi|Stealth Rock|p1a: Blastoise
|-sidestart|p1: Fireice29|move: Stealth Rock
|
|-heal|p2a: Uzzzi|122\/353|[from] item: Leftovers
|turn|4
|
|move|p1a: Blastoise|Rapid Spin|p2a: Uzzzi
|-crit|p2a: Uzzzi
|-damage|p2a: Uzzzi|105\/353
|-sideend|p1: Fireice29|Stealth Rock|[from] move: Rapid Spin|[of] p1a: Blastoise
|move|p2a: Uzzzi|U-turn|p1a: Blastoise
|-damage|p1a: Blastoise|279\/313
|
|switch|p2a: Musho|Raikou, shiny|321\/321
|-ability|p2a: Musho|Pressure
|
|turn|5
|
|switch|p1a: Krookodile|Krookodile, M|331\/331
|-ability|p1a: Krookodile|Intimidate|[of] p2a: Musho
|-unboost|p2a: Musho|atk|1
|move|p2a: Musho|Substitute|p2a: Musho
|-start|p2a: Musho|Substitute
|-damage|p2a: Musho|241\/321
|
|-heal|p2a: Musho|261\/321|[from] item: Leftovers
|turn|6
|
|move|p2a: Musho|Hidden Power|p1a: Krookodile
|-supereffective|p1a: Krookodile
|-damage|p1a: Krookodile|149\/331
|move|p1a: Krookodile|Knock Off|p2a: Musho
|-end|p2a: Musho|Substitute
|
|-heal|p2a: Musho|281\/321|[from] item: Leftovers
|turn|7
|
|move|p2a: Musho|Hidden Power|p1a: Krookodile
|-supereffective|p1a: Krookodile
|-damage|p1a: Krookodile|0 fnt
|faint|p1a: Krookodile
|
|-heal|p2a: Musho|301\/321|[from] item: Leftovers
|
|switch|p1a: Chandelure|Chandelure, F|261\/261
|turn|8
|
|switch|p2a: Angela|Absol-Mega, F|271\/271
|move|p1a: Chandelure|Shadow Ball|p2a: Angela
|-resisted|p2a: Angela
|-damage|p2a: Angela|72\/271
|
|turn|9
|
|switch|p1a: Toxicroak|Toxicroak, M|307\/307
|move|p2a: Angela|Sucker Punch|p1a: Toxicroak
|-fail|p1a: Toxicroak
|
|turn|10
|
|move|p1a: Toxicroak|Sucker Punch|p2a: Angela
|-fail|p2a: Angela
|move|p2a: Angela|Will-O-Wisp|p1a: Toxicroak
|-status|p1a: Toxicroak|brn
|
|-damage|p1a: Toxicroak|269\/307 brn|[from] brn
|turn|11
|
|switch|p2a: Uzzzi|Uxie|105\/353
|move|p1a: Toxicroak|Drain Punch|p2a: Uzzzi
|-resisted|p2a: Uzzzi
|-damage|p2a: Uzzzi|76\/353
|-heal|p1a: Toxicroak|284\/307 brn|[from] drain|[of] p2a: Uzzzi
|-damage|p1a: Toxicroak|254\/307 brn|[from] item: Life Orb
|
|-heal|p2a: Uzzzi|98\/353|[from] item: Leftovers
|-damage|p1a: Toxicroak|216\/307 brn|[from] brn
|turn|12
|
|move|p1a: Toxicroak|Gunk Shot|p2a: Uzzzi
|-damage|p2a: Uzzzi|0 fnt
|-damage|p1a: Toxicroak|186\/307 brn|[from] item: Life Orb
|faint|p2a: Uzzzi
|
|-damage|p1a: Toxicroak|148\/307 brn|[from] brn
|
|switch|p2a: Musho|Raikou, shiny|301\/321
|-ability|p2a: Musho|Pressure
|turn|13
|
|move|p2a: Musho|Substitute|p2a: Musho
|-start|p2a: Musho|Substitute
|-damage|p2a: Musho|221\/321
|move|p1a: Toxicroak|Drain Punch|p2a: Musho
|-end|p2a: Musho|Substitute
|-heal|p1a: Toxicroak|188\/307 brn|[from] drain|[of] p2a: Musho
|-damage|p1a: Toxicroak|158\/307 brn|[from] item: Life Orb
|
|-heal|p2a: Musho|241\/321|[from] item: Leftovers
|-damage|p1a: Toxicroak|120\/307 brn|[from] brn
|turn|14
|
|move|p2a: Musho|Calm Mind|p2a: Musho
|-boost|p2a: Musho|spa|1
|-boost|p2a: Musho|spd|1
|move|p1a: Toxicroak|Drain Punch|p2a: Musho
|-damage|p2a: Musho|136\/321
|-heal|p1a: Toxicroak|173\/307 brn|[from] drain|[of] p2a: Musho
|-damage|p1a: Toxicroak|143\/307 brn|[from] item: Life Orb
|
|-heal|p2a: Musho|156\/321|[from] item: Leftovers
|-damage|p1a: Toxicroak|105\/307 brn|[from] brn
|turn|15
|
|move|p1a: Toxicroak|Sucker Punch|p2a: Musho
|-damage|p2a: Musho|86\/321
|-damage|p1a: Toxicroak|75\/307 brn|[from] item: Life Orb
|move|p2a: Musho|Thunderbolt|p1a: Toxicroak
|-damage|p1a: Toxicroak|0 fnt
|faint|p1a: Toxicroak
|
|-heal|p2a: Musho|106\/321|[from] item: Leftovers
|
|switch|p1a: Jirachi|Jirachi|341\/341
|turn|16
|
|move|p1a: Jirachi|Iron Head|p2a: Musho
|-resisted|p2a: Musho
|-damage|p2a: Musho|24\/321
|cant|p2a: Musho|flinch
|
|-heal|p2a: Musho|44\/321|[from] item: Leftovers
|turn|17
|
|switch|p2a: Rodolfo|Donphan, M|383\/383
|move|p1a: Jirachi|Iron Head|p2a: Rodolfo
|-damage|p2a: Rodolfo|295\/383
|
|-heal|p2a: Rodolfo|318\/383|[from] item: Leftovers
|turn|18
|
|switch|p1a: Whimsicott|Whimsicott, F|261\/261
|move|p2a: Rodolfo|Earthquake|p1a: Whimsicott
|-resisted|p1a: Whimsicott
|-damage|p1a: Whimsicott|186\/261
|
|-heal|p2a: Rodolfo|341\/383|[from] item: Leftovers
|turn|19
|
|switch|p2a: 5|Fletchinder, F, shiny|327\/327
|move|p1a: Whimsicott|Giga Drain|p2a: 5
|-resisted|p2a: 5
|-damage|p2a: 5|280\/327
|-heal|p1a: Whimsicott|210\/261|[from] drain|[of] p2a: 5
|-damage|p1a: Whimsicott|184\/261|[from] item: Life Orb
|
|turn|20
|
|switch|p1a: Blastoise|Blastoise-Mega, M|279\/313
|move|p2a: 5|Acrobatics|p1a: Blastoise
|-damage|p1a: Blastoise|159\/313
|
|turn|21
|
|switch|p1a: Whimsicott|Whimsicott, F|184\/261
|switch|p2a: Cojonudo|Poliwrath, F|383\/383
|
|turn|22
|
|switch|p2a: 5|Fletchinder, F, shiny|280\/327
|move|p1a: Whimsicott|Moonblast|p2a: 5
|-resisted|p2a: 5
|-damage|p2a: 5|147\/327
|-damage|p1a: Whimsicott|158\/261|[from] item: Life Orb
|
|turn|23
|
|switch|p1a: Jirachi|Jirachi|341\/341
|move|p2a: 5|Roost|p2a: 5
|-heal|p2a: 5|311\/327
|
|turn|24
|
|move|p1a: Jirachi|U-turn|p2a: 5
|-resisted|p2a: 5
|-damage|p2a: 5|283\/327
|
|switch|p1a: Chandelure|Chandelure, F|261\/261
|move|p2a: 5|Will-O-Wisp|p1a: Chandelure
|-start|p1a: Chandelure|ability: Flash Fire
|
|turn|25
|
|switch|p2a: Musho|Raikou, shiny|44\/321
|-ability|p2a: Musho|Pressure
|move|p1a: Chandelure|Shadow Ball|p2a: Musho
|-damage|p2a: Musho|0 fnt
|faint|p2a: Musho
|
|
|switch|p2a: Angela|Absol-Mega, F|72\/271
|turn|26
|
|switch|p1a: Whimsicott|Whimsicott, F|158\/261
|move|p2a: Angela|Sucker Punch|p1a: Whimsicott
|-fail|p1a: Whimsicott
|
|turn|27
|
|switch|p2a: 5|Fletchinder, F, shiny|283\/327
|move|p1a: Whimsicott|U-turn|p2a: 5
|-resisted|p2a: 5
|-damage|p2a: 5|266\/327
|-damage|p1a: Whimsicott|132\/261|[from] item: Life Orb
|
|switch|p1a: Chandelure|Chandelure, F|261\/261
|
|turn|28
|
|switch|p2a: Rodolfo|Donphan, M|341\/383
|move|p1a: Chandelure|Shadow Ball|p2a: Rodolfo
|-damage|p2a: Rodolfo|28\/383
|
|-heal|p2a: Rodolfo|51\/383|[from] item: Leftovers
|turn|29
|leave|Fireice29
|join|Fireice29
|player|p1
|player|p1|Fireice29|2
|
|move|p2a: Rodolfo|Ice Shard|p1a: Chandelure
|-resisted|p1a: Chandelure
|-damage|p1a: Chandelure|240\/261
|move|p1a: Chandelure|Shadow Ball|p2a: Rodolfo
|-damage|p2a: Rodolfo|0 fnt
|faint|p2a: Rodolfo
|
|
|switch|p2a: Cojonudo|Poliwrath, F|383\/383
|turn|30
|
|move|p1a: Chandelure|Shadow Ball|p2a: Cojonudo
|-damage|p2a: Cojonudo|161\/383
|move|p2a: Cojonudo|Waterfall|p1a: Chandelure
|-supereffective|p1a: Chandelure
|-damage|p1a: Chandelure|58\/261
|
|-heal|p2a: Cojonudo|184\/383|[from] item: Leftovers
|turn|31
|-message|Emblema de Fuego lost due to inactivity.
|
|move|p1a: Chandelure|Shadow Ball|p2a: Cojonudo
|-damage|p2a: Cojonudo|0 fnt
|faint|p2a: Cojonudo
|
|c|âEmblema de Fuego|wtf?
|
|win|Fireice29
|raw|Ladder updating...
|raw|Fireice29's rating: 1561 &rarr; <strong>1580<\/strong><br \/>(+19 for winning)
|raw|Emblema de Fuego's rating: 1536 &rarr; <strong>1518<\/strong><br \/>(-18 for losing)
|c|âEmblema de Fuego|`peoiqwhfihenfpÃ§onq
|c|âEmblema de Fuego|shitt
|c|âFireice29|i'm pretty sure i had the game
|c|âEmblema de Fuego|fuckng timer
|c|âEmblema de Fuego|lol
|c|âFireice29|but that was BS
|c|âEmblema de Fuego|why?
|c|âEmblema de Fuego|naa
|c|âFireice29|healing wish jirachi
|c|âFireice29|blastoise 2 full
|c|âEmblema de Fuego|mmm i dont know
|c|âFireice29|would force u to somehow get plus 3
|c|âEmblema de Fuego|lol
|c|âEmblema de Fuego|yea yea
|c|âEmblema de Fuego|of curse
|c|âFireice29|on flec but that wasn't happening so yea