|join|Fireice29
|join|SunnyORAS
|player|p1|Fireice29|101
|player|p2|SunnyORAS|102
|gametype|singles
|gen|6
|tier|UU
|rated
|rule|Sleep Clause Mod: Limit one foe put to sleep
|rule|Species Clause: Limit one of each PokÃ©mon
|rule|OHKO Clause: OHKO moves are banned
|rule|Moody Clause: Moody is banned
|rule|Evasion Moves Clause: Evasion moves are banned
|rule|Endless Battle Clause: Forcing endless battles is banned
|rule|HP Percentage Mod: HP is shown in percentages
|clearpoke
|poke|p1|Toxicroak, F
|poke|p1|Blastoise, M
|poke|p1|Whimsicott, F
|poke|p1|Jirachi
|poke|p1|Krookodile, M
|poke|p1|Chandelure, M
|poke|p2|Hydreigon, M
|poke|p2|Machamp, M
|poke|p2|Shaymin
|poke|p2|Jirachi
|poke|p2|Swampert, F
|poke|p2|Alakazam, M
|rule|Swagger Clause: Swagger is banned
|rule|Baton Pass Clause: Limit one PokÃ©mon knowing Baton Pass
|teampreview
|c|âSunnyORAS|gl bro
|c|âFireice29|gl 2 u 2
|
|start
|switch|p1a: Jirachi|Jirachi|341\/341
|switch|p2a: Swampert|Swampert, F|401\/401
|turn|1
|
|move|p1a: Jirachi|U-turn|p2a: Swampert
|-damage|p2a: Swampert|345\/401
|
|switch|p1a: Whimsicott|Whimsicott, F|261\/261
|move|p2a: Swampert|Stealth Rock|p1a: Whimsicott
|-sidestart|p1: Fireice29|move: Stealth Rock
|
|-heal|p2a: Swampert|370\/401|[from] item: Leftovers
|turn|2
|
|move|p2a: Swampert|Protect|p2a: Swampert
|-singleturn|p2a: Swampert|Protect
|move|p1a: Whimsicott|U-turn|p2a: Swampert
|-activate|p2a: Swampert|Protect
|
|-heal|p2a: Swampert|395\/401|[from] item: Leftovers
|turn|3
|
|switch|p2a: Jirachi|Jirachi|341\/341
|move|p1a: Whimsicott|U-turn|p2a: Jirachi
|-damage|p2a: Jirachi|297\/341
|-damage|p1a: Whimsicott|235\/261|[from] item: Life Orb
|
|switch|p1a: Blastoise|Blastoise, M|313\/313
|-damage|p1a: Blastoise|274\/313|[from] Stealth Rock
|
|turn|4
|c|âSunnyORAS|thought so
|
|detailschange|p1a: Blastoise|Blastoise-Mega, M
|-mega|p1a: Blastoise|Blastoise|Blastoisinite
|move|p2a: Jirachi|U-turn|p1a: Blastoise
|-damage|p1a: Blastoise|212\/313
|
|switch|p2a: Machamp|Machamp, M|363\/363
|move|p1a: Blastoise|Rapid Spin|p2a: Machamp
|-damage|p2a: Machamp|344\/363
|-sideend|p1: Fireice29|Stealth Rock|[from] move: Rapid Spin|[of] p1a: Blastoise
|
|turn|5
|
|move|p1a: Blastoise|Water Pulse|p2a: Machamp
|-damage|p2a: Machamp|205\/363
|move|p2a: Machamp|Close Combat|p1a: Blastoise
|-damage|p1a: Blastoise|17\/313
|-unboost|p2a: Machamp|def|1
|-unboost|p2a: Machamp|spd|1
|
|turn|6
|
|switch|p1a: Toxicroak|Toxicroak, F|307\/307
|switch|p2a: Shaymin|Shaymin|341\/341
|
|turn|7
|c|âSunnyORAS|hey
|
|switch|p1a: Whimsicott|Whimsicott, F|235\/261
|move|p2a: Shaymin|Earth Power|p1a: Whimsicott
|-resisted|p1a: Whimsicott
|-damage|p1a: Whimsicott|158\/261
|-damage|p2a: Shaymin|307\/341|[from] item: Life Orb
|
|turn|8
|
|switch|p2a: Hydreigon|Hydreigon, M|325\/325
|move|p1a: Whimsicott|U-turn|p2a: Hydreigon
|-supereffective|p2a: Hydreigon
|-damage|p2a: Hydreigon|213\/325
|-damage|p1a: Whimsicott|132\/261|[from] item: Life Orb
|
|switch|p1a: Jirachi|Jirachi|341\/341
|
|turn|9
|
|switch|p2a: Swampert|Swampert, F|395\/401
|move|p1a: Jirachi|U-turn|p2a: Swampert
|-damage|p2a: Swampert|342\/401
|
|switch|p1a: Whimsicott|Whimsicott, F|132\/261
|
|-heal|p2a: Swampert|367\/401|[from] item: Leftovers
|turn|10
|
|move|p2a: Swampert|Protect|p2a: Swampert
|-singleturn|p2a: Swampert|Protect
|move|p1a: Whimsicott|Giga Drain|p2a: Swampert
|-activate|p2a: Swampert|Protect
|
|-heal|p2a: Swampert|392\/401|[from] item: Leftovers
|turn|11
|
|switch|p2a: Jirachi|Jirachi|297\/341
|move|p1a: Whimsicott|Giga Drain|p2a: Jirachi
|-resisted|p2a: Jirachi
|-damage|p2a: Jirachi|241\/341
|-heal|p1a: Whimsicott|160\/261|[from] drain|[of] p2a: Jirachi
|-damage|p1a: Whimsicott|134\/261|[from] item: Life Orb
|
|turn|12
|
|switch|p1a: Blastoise|Blastoise-Mega, M|17\/313
|move|p2a: Jirachi|U-turn|p1a: Blastoise
|-damage|p1a: Blastoise|0 fnt
|faint|p1a: Blastoise
|
|switch|p2a: Hydreigon|Hydreigon, M|213\/325
|
|
|switch|p1a: Whimsicott|Whimsicott, F|134\/261
|turn|13
|
|switch|p1a: Chandelure|Chandelure, M|261\/261
|move|p2a: Hydreigon|Fire Blast|p1a: Chandelure
|-start|p1a: Chandelure|ability: Flash Fire
|
|turn|14
|c|âSunnyORAS|-;;
|
|switch|p2a: Swampert|Swampert, F|392\/401
|switch|p1a: Whimsicott|Whimsicott, F|134\/261
|
|-heal|p2a: Swampert|401\/401|[from] item: Leftovers
|turn|15
|
|move|p2a: Swampert|Protect|p2a: Swampert
|-singleturn|p2a: Swampert|Protect
|move|p1a: Whimsicott|Giga Drain|p2a: Swampert
|-activate|p2a: Swampert|Protect
|
|turn|16
|
|switch|p2a: Jirachi|Jirachi|241\/341
|move|p1a: Whimsicott|Giga Drain|p2a: Jirachi
|-resisted|p2a: Jirachi
|-damage|p2a: Jirachi|180\/341
|-heal|p1a: Whimsicott|165\/261|[from] drain|[of] p2a: Jirachi
|-damage|p1a: Whimsicott|139\/261|[from] item: Life Orb
|
|turn|17
|
|switch|p1a: Jirachi|Jirachi|341\/341
|move|p2a: Jirachi|U-turn|p1a: Jirachi
|-damage|p1a: Jirachi|269\/341
|
|switch|p2a: Swampert|Swampert, F|401\/401
|
|turn|18
|c|âSunnyORAS|knew I'd get the matchup sooner or later
|
|switch|p1a: Whimsicott|Whimsicott, F|139\/261
|move|p2a: Swampert|Stealth Rock|p1a: Whimsicott
|-sidestart|p1: Fireice29|move: Stealth Rock
|
|turn|19
|
|switch|p2a: Jirachi|Jirachi|180\/341
|move|p1a: Whimsicott|Giga Drain|p2a: Jirachi
|-resisted|p2a: Jirachi
|-damage|p2a: Jirachi|118\/341
|-heal|p1a: Whimsicott|170\/261|[from] drain|[of] p2a: Jirachi
|-damage|p1a: Whimsicott|144\/261|[from] item: Life Orb
|
|turn|20
|
|switch|p1a: Jirachi|Jirachi|269\/341
|-damage|p1a: Jirachi|248\/341|[from] Stealth Rock
|move|p2a: Jirachi|U-turn|p1a: Jirachi
|-damage|p1a: Jirachi|182\/341
|
|switch|p2a: Swampert|Swampert, F|401\/401
|
|turn|21
|
|move|p1a: Jirachi|U-turn|p2a: Swampert
|-damage|p2a: Swampert|345\/401
|c|âSunnyORAS|hello mate
|c|âSunnyORAS|hey whismi obv switch
|
|switch|p1a: Whimsicott|Whimsicott, F|144\/261
|-damage|p1a: Whimsicott|112\/261|[from] Stealth Rock
|move|p2a: Swampert|Earthquake|p1a: Whimsicott
|-resisted|p1a: Whimsicott
|-damage|p1a: Whimsicott|42\/261
|
|-heal|p2a: Swampert|370\/401|[from] item: Leftovers
|turn|22
|c|âSunnyORAS|get rekt by EQ
|
|switch|p2a: Jirachi|Jirachi|118\/341
|move|p1a: Whimsicott|Giga Drain|p2a: Jirachi
|-resisted|p2a: Jirachi
|-damage|p2a: Jirachi|60\/341
|-heal|p1a: Whimsicott|71\/261|[from] drain|[of] p2a: Jirachi
|-damage|p1a: Whimsicott|45\/261|[from] item: Life Orb
|
|turn|23
|
|switch|p1a: Jirachi|Jirachi|182\/341
|-damage|p1a: Jirachi|161\/341|[from] Stealth Rock
|move|p2a: Jirachi|U-turn|p1a: Jirachi
|-damage|p1a: Jirachi|90\/341
|
|switch|p2a: Swampert|Swampert, F|370\/401
|
|-heal|p2a: Swampert|395\/401|[from] item: Leftovers
|turn|24
|c|âSunnyORAS|HEY JIRACHI
|
|move|p1a: Jirachi|U-turn|p2a: Swampert
|-damage|p2a: Swampert|343\/401
|
|switch|p1a: Krookodile|Krookodile, M|331\/331
|-damage|p1a: Krookodile|311\/331|[from] Stealth Rock
|-ability|p1a: Krookodile|Intimidate|[of] p2a: Swampert
|-unboost|p2a: Swampert|atk|1
|move|p2a: Swampert|Earthquake|p1a: Krookodile
|-damage|p1a: Krookodile|205\/331
|
|-heal|p2a: Swampert|368\/401|[from] item: Leftovers
|turn|25
|c|âSunnyORAS|buh bye whismi
|
|move|p1a: Krookodile|Knock Off|p2a: Swampert
|-damage|p2a: Swampert|229\/401
|-enditem|p2a: Swampert|Leftovers|[from] move: Knock Off|[of] p1a: Krookodile
|move|p2a: Swampert|Scald|p1a: Krookodile
|-supereffective|p1a: Krookodile
|-damage|p1a: Krookodile|0 fnt
|faint|p1a: Krookodile
|
|
|switch|p1a: Chandelure|Chandelure, M|261\/261
|-damage|p1a: Chandelure|196\/261|[from] Stealth Rock
|turn|26
|
|switch|p2a: Hydreigon|Hydreigon, M|213\/325
|move|p1a: Chandelure|Shadow Ball|p2a: Hydreigon
|-resisted|p2a: Hydreigon
|-damage|p2a: Hydreigon|86\/325
|-unboost|p2a: Hydreigon|spd|1
|
|turn|27
|
|move|p2a: Hydreigon|U-turn|p1a: Chandelure
|-resisted|p1a: Chandelure
|-damage|p1a: Chandelure|182\/261
|
|switch|p2a: Jirachi|Jirachi|60\/341
|move|p1a: Chandelure|Shadow Ball|p2a: Jirachi
|-supereffective|p2a: Jirachi
|-damage|p2a: Jirachi|0 fnt
|faint|p2a: Jirachi
|
|
|switch|p2a: Alakazam|Alakazam, M|252\/252
|turn|28
|
|move|p2a: Alakazam|Shadow Ball|p1a: Chandelure
|-supereffective|p1a: Chandelure
|-damage|p1a: Chandelure|0 fnt
|faint|p1a: Chandelure
|
|
|switch|p1a: Jirachi|Jirachi|90\/341
|-damage|p1a: Jirachi|69\/341|[from] Stealth Rock
|turn|29
|
|switch|p2a: Swampert|Swampert, F|229\/401
|move|p1a: Jirachi|U-turn|p2a: Swampert
|-damage|p2a: Swampert|170\/401
|
|switch|p1a: Whimsicott|Whimsicott, F|45\/261
|-damage|p1a: Whimsicott|13\/261|[from] Stealth Rock
|
|turn|30
|
|switch|p2a: Shaymin|Shaymin|307\/341
|move|p1a: Whimsicott|Moonblast|p2a: Shaymin
|-damage|p2a: Shaymin|165\/341
|-unboost|p2a: Shaymin|spa|1
|-damage|p1a: Whimsicott|0 fnt|[from] item: Life Orb
|faint|p1a: Whimsicott
|
|
|switch|p1a: Jirachi|Jirachi|69\/341
|-damage|p1a: Jirachi|48\/341|[from] Stealth Rock
|turn|31
|
|move|p1a: Jirachi|U-turn|p2a: Shaymin
|-supereffective|p2a: Shaymin
|-damage|p2a: Shaymin|33\/341
|
|switch|p1a: Toxicroak|Toxicroak, F|307\/307
|-damage|p1a: Toxicroak|288\/307|[from] Stealth Rock
|move|p2a: Shaymin|Earth Power|p1a: Toxicroak
|-supereffective|p1a: Toxicroak
|-damage|p1a: Toxicroak|70\/307
|-damage|p2a: Shaymin|0 fnt|[from] item: Life Orb
|faint|p2a: Shaymin
|
|
|switch|p2a: Hydreigon|Hydreigon, M|86\/325
|turn|32
|
|move|p1a: Toxicroak|Sucker Punch|p2a: Hydreigon
|-resisted|p2a: Hydreigon
|-damage|p2a: Hydreigon|16\/325
|-damage|p1a: Toxicroak|40\/307|[from] item: Life Orb
|move|p2a: Hydreigon|Dragon Pulse|p1a: Toxicroak
|-damage|p1a: Toxicroak|0 fnt
|faint|p1a: Toxicroak
|
|
|switch|p1a: Jirachi|Jirachi|48\/341
|-damage|p1a: Jirachi|27\/341|[from] Stealth Rock
|turn|33
|
|move|p1a: Jirachi|Iron Head|p2a: Hydreigon
|-damage|p2a: Hydreigon|0 fnt
|faint|p2a: Hydreigon
|
|
|switch|p2a: Machamp|Machamp, M|205\/363
|turn|34
|c|âSunnyORAS|ok bullet pawnch taim
|
|move|p2a: Machamp|Bullet Punch|p1a: Jirachi
|-resisted|p1a: Jirachi
|-damage|p1a: Jirachi|0 fnt
|faint|p1a: Jirachi
|
|win|SunnyORAS
|raw|Ladder updating...
|c|âSunnyORAS|g.g
|raw|Fireice29's rating: 1563 &rarr; <strong>1535<\/strong><br \/>(-28 for losing)
|raw|SunnyORAS's rating: 1413 &rarr; <strong>1442<\/strong><br \/>(+29 for winning)