|join|Jimmy The Jet
|join|I've joined
|player|p1|Jimmy The Jet|222
|player|p2|I've joined|1
|gametype|singles
|gen|6
|tier|UU
|rated
|rule|Sleep Clause Mod: Limit one foe put to sleep
|rule|Species Clause: Limit one of each PokÃ©mon
|rule|OHKO Clause: OHKO moves are banned
|rule|Moody Clause: Moody is banned
|rule|Evasion Moves Clause: Evasion moves are banned
|rule|Endless Battle Clause: Forcing endless battles is banned
|rule|HP Percentage Mod: HP is shown in percentages
|clearpoke
|poke|p1|Porygon-Z, shiny
|poke|p1|Darmanitan, F
|poke|p1|Shaymin, shiny
|poke|p1|Metagross
|poke|p1|Honchkrow, F
|poke|p1|Blastoise, F
|poke|p2|Darmanitan, M
|poke|p2|Sableye, M
|poke|p2|Suicune
|poke|p2|Hydreigon, M
|poke|p2|Lucario, M, shiny
|poke|p2|Crobat, M
|rule|Swagger Clause: Swagger is banned
|rule|Baton Pass Clause: Limit one PokÃ©mon knowing Baton Pass
|teampreview
|
|start
|switch|p1a: Blastoise|Blastoise, F|362\/362
|switch|p2a: vall breaker|Darmanitan, M|351\/351
|turn|1
|
|detailschange|p1a: Blastoise|Blastoise-Mega, F
|message|Blastoise has Mega Evolved into Mega Blastoise!
|move|p2a: vall breaker|U-turn|p1a: Blastoise
|-damage|p1a: Blastoise|281\/362
|
|switch|p2a: joey's favourite|Suicune|404\/404
|-ability|p2a: joey's favourite|Pressure
|move|p1a: Blastoise|Aura Sphere|p2a: joey's favourite
|-damage|p2a: joey's favourite|273\/404
|
|-heal|p2a: joey's favourite|298\/404|[from] item: Leftovers
|turn|2
|
|switch|p1a: Shaymin|Shaymin, shiny|404\/404
|move|p2a: joey's favourite|Scald|p1a: Shaymin
|-resisted|p1a: Shaymin
|-damage|p1a: Shaymin|358\/404
|
|-heal|p2a: joey's favourite|323\/404|[from] item: Leftovers
|turn|3
|
|switch|p2a: bat bean|Crobat, M|343\/343
|move|p1a: Shaymin|Seed Flare|p2a: bat bean
|-resisted|p2a: bat bean
|-damage|p2a: bat bean|272\/343
|-damage|p1a: Shaymin|318\/404|[from] item: Life Orb
|
|-heal|p2a: bat bean|293\/343|[from] item: Black Sludge
|turn|4
|
|switch|p1a: Metagross|Metagross|364\/364
|move|p2a: bat bean|U-turn|p1a: Metagross
|-damage|p1a: Metagross|315\/364
|
|switch|p2a: counters ?|Hydreigon, M|325\/325
|
|-heal|p1a: Metagross|337\/364|[from] item: Leftovers
|turn|5
|
|switch|p1a: Blastoise|Blastoise-Mega, F|281\/362
|move|p2a: counters ?|Dark Pulse|p1a: Blastoise
|-damage|p1a: Blastoise|121\/362
|-damage|p2a: counters ?|293\/325|[from] item: Life Orb
|
|turn|6
|
|move|p2a: counters ?|Dark Pulse|p1a: Blastoise
|-damage|p1a: Blastoise|0 fnt
|-damage|p2a: counters ?|261\/325|[from] item: Life Orb
|faint|p1a: Blastoise
|
|
|switch|p1a: Darmanitan|Darmanitan, F|351\/351
|turn|7
|
|switch|p2a: bat bean|Crobat, M|293\/343
|move|p1a: Darmanitan|Superpower|p2a: bat bean
|-resisted|p2a: bat bean
|-damage|p2a: bat bean|248\/343
|-unboost|p1a: Darmanitan|atk|1
|-unboost|p1a: Darmanitan|def|1
|
|-heal|p2a: bat bean|269\/343|[from] item: Black Sludge
|turn|8
|
|switch|p1a: Metagross|Metagross|337\/364
|move|p2a: bat bean|U-turn|p1a: Metagross
|-crit|p1a: Metagross
|-damage|p1a: Metagross|263\/364
|
|switch|p2a: counters ?|Hydreigon, M|261\/325
|
|-heal|p1a: Metagross|285\/364|[from] item: Leftovers
|turn|9
|
|switch|p1a: Honchkrow|Honchkrow, F|404\/404
|move|p2a: counters ?|Dark Pulse|p1a: Honchkrow
|-resisted|p1a: Honchkrow
|-damage|p1a: Honchkrow|255\/404
|-damage|p2a: counters ?|229\/325|[from] item: Life Orb
|
|-heal|p1a: Honchkrow|280\/404|[from] item: Leftovers
|turn|10
|
|move|p2a: counters ?|Draco Meteor|p1a: Honchkrow
|-damage|p1a: Honchkrow|0 fnt
|-unboost|p2a: counters ?|spa|2
|-damage|p2a: counters ?|197\/325|[from] item: Life Orb
|faint|p1a: Honchkrow
|
|
|switch|p1a: Porygon-Z|Porygon-Z, shiny|374\/374
|turn|11
|
|move|p2a: counters ?|Superpower|p1a: Porygon-Z
|-crit|p1a: Porygon-Z
|-supereffective|p1a: Porygon-Z
|-damage|p1a: Porygon-Z|0 fnt
|-unboost|p2a: counters ?|atk|1
|-unboost|p2a: counters ?|def|1
|-damage|p2a: counters ?|165\/325|[from] item: Life Orb
|faint|p1a: Porygon-Z
|
|-message|Jimmy The Jet forfeited.
|
|win|I've joined
|raw|Ladder updating...
|raw|Jimmy The Jet's rating: 1288 &rarr; <strong>1269<\/strong><br \/>(-19 for losing)
|raw|I&apos;ve joined's rating: 1366 &rarr; <strong>1381<\/strong><br \/>(+15 for winning)
|leave|Jimmy The Jet
|player|p1