|join|I've joined
|join|RaziiBoy
|player|p1|I've joined|8
|player|p2|RaziiBoy|293
|gametype|singles
|gen|6
|tier|UU
|rated
|rule|Sleep Clause Mod: Limit one foe put to sleep
|rule|Species Clause: Limit one of each PokÃ©mon
|rule|OHKO Clause: OHKO moves are banned
|rule|Moody Clause: Moody is banned
|rule|Evasion Moves Clause: Evasion moves are banned
|rule|Endless Battle Clause: Forcing endless battles is banned
|rule|HP Percentage Mod: HP is shown in percentages
|clearpoke
|poke|p1|Shaymin
|poke|p1|Blissey, F
|poke|p1|Hippowdon, F
|poke|p1|Entei, shiny
|poke|p1|Mienshao, F
|poke|p1|Blastoise, F
|poke|p2|Infernape, M
|poke|p2|Ampharos, F
|poke|p2|Donphan, F
|poke|p2|Vaporeon, M
|poke|p2|Honchkrow, M
|poke|p2|Yanmega, M
|rule|Swagger Clause: Swagger is banned
|rule|Baton Pass Clause: Limit one PokÃ©mon knowing Baton Pass
|teampreview
|
|start
|switch|p1a: mah girl|Mienshao, F|271\/271
|switch|p2a: Donphan|Donphan, F|384\/384
|turn|1
|
|move|p1a: mah girl|U-turn|p2a: Donphan
|-damage|p2a: Donphan|329\/384
|
|switch|p1a: mah girl|Blastoise, F|362\/362
|move|p2a: Donphan|Stealth Rock|p1a: mah girl
|-sidestart|p1: I've joined|move: Stealth Rock
|
|-heal|p2a: Donphan|353\/384|[from] item: Leftovers
|turn|2
|
|switch|p2a: Ampharos|Ampharos, F|354\/354
|detailschange|p1a: mah girl|Blastoise-Mega, F
|message|Blastoise has Mega Evolved into Mega Blastoise!
|move|p1a: mah girl|Rapid Spin|p2a: Ampharos
|-damage|p2a: Ampharos|337\/354
|-sideend|p1: I've joined|Stealth Rock|[from] move: Rapid Spin|[of] p1a: mah girl
|
|turn|3
|
|switch|p1a: mah girl|Blissey, F|714\/714
|detailschange|p2a: Ampharos|Ampharos-Mega, F
|message|Ampharos has Mega Evolved into Mega Ampharos!
|-ability|p2a: Ampharos|Mold Breaker
|move|p2a: Ampharos|Dragon Pulse|p1a: mah girl
|-damage|p1a: mah girl|588\/714
|
|-heal|p1a: mah girl|632\/714|[from] item: Leftovers
|turn|4
|
|switch|p2a: Infernape|Infernape, M|293\/293
|move|p1a: mah girl|Seismic Toss|p2a: Infernape
|-damage|p2a: Infernape|193\/293
|
|-heal|p1a: mah girl|676\/714|[from] item: Leftovers
|turn|5
|
|switch|p1a: mah girl|Hippowdon, F|420\/420
|-weather|Sandstorm
|move|p2a: Infernape|Nasty Plot|p2a: Infernape
|-boost|p2a: Infernape|spa|2
|
|-weather|Sandstorm|[upkeep]
|-damage|p2a: Infernape|175\/293|[from] sandstorm
|turn|6
|
|switch|p1a: mah girl|Blissey, F|676\/714
|move|p2a: Infernape|Grass Knot|p1a: mah girl
|-damage|p1a: mah girl|585\/714
|-damage|p2a: Infernape|146\/293|[from] item: Life Orb
|
|-weather|Sandstorm|[upkeep]
|-damage|p2a: Infernape|128\/293|[from] sandstorm
|-damage|p1a: mah girl|541\/714|[from] sandstorm
|-heal|p1a: mah girl|585\/714|[from] item: Leftovers
|turn|7
|
|switch|p2a: Donphan|Donphan, F|353\/384
|move|p1a: mah girl|Seismic Toss|p2a: Donphan
|-damage|p2a: Donphan|253\/384
|
|-weather|Sandstorm|[upkeep]
|-damage|p1a: mah girl|541\/714|[from] sandstorm
|-heal|p1a: mah girl|585\/714|[from] item: Leftovers
|-heal|p2a: Donphan|277\/384|[from] item: Leftovers
|turn|8
|
|switch|p1a: mah girl|Shaymin|341\/341
|move|p2a: Donphan|Knock Off|p1a: mah girl
|-damage|p1a: mah girl|247\/341
|-enditem|p1a: mah girl|Life Orb|[from] move: Knock Off|[of] p2a: Donphan
|
|-weather|Sandstorm|[upkeep]
|-damage|p1a: mah girl|226\/341|[from] sandstorm
|-heal|p2a: Donphan|301\/384|[from] item: Leftovers
|turn|9
|
|switch|p2a: Ampharos|Ampharos-Mega, F|337\/354
|-ability|p2a: Ampharos|Mold Breaker
|move|p1a: mah girl|Seed Flare|p2a: Ampharos|[miss]
|-miss|p1a: mah girl|p2a: Ampharos
|
|-weather|none
|turn|10
|
|move|p1a: mah girl|Earth Power|p2a: Ampharos
|-supereffective|p2a: Ampharos
|-damage|p2a: Ampharos|179\/354
|move|p2a: Ampharos|Focus Blast|p1a: mah girl
|-damage|p1a: mah girl|24\/341
|-unboost|p1a: mah girl|spd|1
|
|turn|11
|
|switch|p1a: mah girl|Blissey, F|585\/714
|switch|p2a: Yanmega|Yanmega, M|313\/313
|
|-heal|p1a: mah girl|629\/714|[from] item: Leftovers
|turn|12
|
|move|p2a: Yanmega|U-turn|p1a: mah girl
|-damage|p1a: mah girl|347\/714
|
|switch|p2a: Donphan|Donphan, F|301\/384
|move|p1a: mah girl|Wish|p1a: mah girl
|
|-heal|p1a: mah girl|391\/714|[from] item: Leftovers
|-heal|p2a: Donphan|325\/384|[from] item: Leftovers
|turn|13
|
|move|p1a: mah girl|Protect|p1a: mah girl
|-singleturn|p1a: mah girl|Protect
|move|p2a: Donphan|Stealth Rock|p1a: mah girl
|-sidestart|p1: I've joined|move: Stealth Rock
|
|-heal|p1a: mah girl|714\/714|[from] move: Wish|[wisher] mah girl
|-heal|p2a: Donphan|349\/384|[from] item: Leftovers
|turn|14
|
|switch|p1a: mah girl|Blastoise-Mega, F|362\/362
|-damage|p1a: mah girl|317\/362|[from] Stealth Rock
|move|p2a: Donphan|Knock Off|p1a: mah girl
|-damage|p1a: mah girl|267\/362
|
|-heal|p2a: Donphan|373\/384|[from] item: Leftovers
|turn|15
|
|switch|p2a: Vaporeon|Vaporeon, M|464\/464
|move|p1a: mah girl|Dark Pulse|p2a: Vaporeon
|-damage|p2a: Vaporeon|340\/464
|
|-heal|p2a: Vaporeon|369\/464|[from] item: Leftovers
|turn|16
|
|switch|p1a: mah girl|Blissey, F|714\/714
|-damage|p1a: mah girl|625\/714|[from] Stealth Rock
|move|p2a: Vaporeon|Toxic|p1a: mah girl
|-status|p1a: mah girl|tox
|
|-heal|p2a: Vaporeon|398\/464|[from] item: Leftovers
|-heal|p1a: mah girl|669\/714 tox|[from] item: Leftovers
|-damage|p1a: mah girl|625\/714 tox|[from] psn
|turn|17
|
|move|p2a: Vaporeon|Wish|p2a: Vaporeon
|move|p1a: mah girl|Wish|p1a: mah girl
|
|-heal|p2a: Vaporeon|427\/464|[from] item: Leftovers
|-heal|p1a: mah girl|669\/714 tox|[from] item: Leftovers
|-damage|p1a: mah girl|581\/714 tox|[from] psn
|turn|18
|
|switch|p2a: Infernape|Infernape, M|128\/293
|switch|p1a: mah girl|Blastoise-Mega, F|267\/362
|-damage|p1a: mah girl|222\/362|[from] Stealth Rock
|
|-heal|p1a: mah girl|362\/362|[from] move: Wish|[wisher] mah girl
|-heal|p2a: Infernape|293\/293|[from] move: Wish|[wisher] Vaporeon
|turn|19
|
|switch|p2a: Ampharos|Ampharos-Mega, F|179\/354
|-ability|p2a: Ampharos|Mold Breaker
|move|p1a: mah girl|Scald|p2a: Ampharos
|-resisted|p2a: Ampharos
|-damage|p2a: Ampharos|102\/354
|
|turn|20
|
|move|p1a: mah girl|Dark Pulse|p2a: Ampharos
|-damage|p2a: Ampharos|0 fnt
|faint|p2a: Ampharos
|
|
|switch|p2a: Vaporeon|Vaporeon, M|427\/464
|turn|21
|
|switch|p1a: mah girl|Blissey, F|581\/714
|-damage|p1a: mah girl|492\/714|[from] Stealth Rock
|move|p2a: Vaporeon|Toxic|p1a: mah girl
|-status|p1a: mah girl|tox
|
|-heal|p2a: Vaporeon|456\/464|[from] item: Leftovers
|-heal|p1a: mah girl|536\/714 tox|[from] item: Leftovers
|-damage|p1a: mah girl|492\/714 tox|[from] psn
|turn|22
|
|switch|p2a: Honchkrow|Honchkrow, M|341\/341
|move|p1a: mah girl|Wish|p1a: mah girl
|
|-heal|p1a: mah girl|536\/714 tox|[from] item: Leftovers
|-damage|p1a: mah girl|448\/714 tox|[from] psn
|turn|23
|
|switch|p1a: mah girl|Hippowdon, F|420\/420
|-damage|p1a: mah girl|394\/420|[from] Stealth Rock
|-weather|Sandstorm
|move|p2a: Honchkrow|Brave Bird|p1a: mah girl
|-damage|p1a: mah girl|264\/420
|-damage|p2a: Honchkrow|298\/341|[from] recoil|[of] p1a: mah girl
|
|-weather|Sandstorm|[upkeep]
|-damage|p2a: Honchkrow|277\/341|[from] sandstorm
|-heal|p1a: mah girl|420\/420|[from] move: Wish|[wisher] mah girl
|turn|24
|
|switch|p2a: Donphan|Donphan, F|373\/384
|move|p1a: mah girl|Stealth Rock|p2a: Donphan
|-sidestart|p2: RaziiBoy|move: Stealth Rock
|
|-weather|Sandstorm|[upkeep]
|-heal|p2a: Donphan|384\/384|[from] item: Leftovers
|turn|25
|
|move|p2a: Donphan|Rapid Spin|p1a: mah girl
|-damage|p1a: mah girl|408\/420
|-sideend|p2: RaziiBoy|Stealth Rock|[from] move: Rapid Spin|[of] p2a: Donphan
|move|p1a: mah girl|Earthquake|p2a: Donphan
|-damage|p2a: Donphan|294\/384
|
|-weather|Sandstorm|[upkeep]
|-heal|p2a: Donphan|318\/384|[from] item: Leftovers
|-heal|p1a: mah girl|420\/420|[from] item: Leftovers
|turn|26
|
|switch|p1a: mah girl|Blastoise-Mega, F|362\/362
|-damage|p1a: mah girl|317\/362|[from] Stealth Rock
|move|p2a: Donphan|Knock Off|p1a: mah girl
|-damage|p1a: mah girl|264\/362
|
|-weather|Sandstorm|[upkeep]
|-damage|p1a: mah girl|242\/362|[from] sandstorm
|-heal|p2a: Donphan|342\/384|[from] item: Leftovers
|turn|27
|
|switch|p2a: Vaporeon|Vaporeon, M|456\/464
|move|p1a: mah girl|Rapid Spin|p2a: Vaporeon
|-damage|p2a: Vaporeon|435\/464
|-sideend|p1: I've joined|Stealth Rock|[from] move: Rapid Spin|[of] p1a: mah girl
|
|-weather|none
|-heal|p2a: Vaporeon|464\/464|[from] item: Leftovers
|turn|28
|
|switch|p1a: mah girl|Blissey, F|448\/714
|switch|p2a: Honchkrow|Honchkrow, M|277\/341
|
|-heal|p1a: mah girl|492\/714|[from] item: Leftovers
|turn|29
|
|move|p1a: mah girl|Protect|p1a: mah girl
|-singleturn|p1a: mah girl|Protect
|move|p2a: Honchkrow|Superpower|p1a: mah girl
|-activate|p1a: mah girl|Protect
|
|-heal|p1a: mah girl|536\/714|[from] item: Leftovers
|turn|30
|
|switch|p2a: Yanmega|Yanmega, M|313\/313
|switch|p1a: mah girl|Hippowdon, F|420\/420
|-weather|Sandstorm
|
|-weather|Sandstorm|[upkeep]
|-damage|p2a: Yanmega|294\/313|[from] sandstorm
|turn|31
|
|move|p2a: Yanmega|Bug Buzz|p1a: mah girl
|-damage|p1a: mah girl|105\/420
|move|p1a: mah girl|Stealth Rock|p2a: Yanmega
|-sidestart|p2: RaziiBoy|move: Stealth Rock
|
|-weather|Sandstorm|[upkeep]
|-damage|p2a: Yanmega|275\/313|[from] sandstorm
|-heal|p1a: mah girl|131\/420|[from] item: Leftovers
|turn|32
|
|switch|p1a: mah girl|Blissey, F|536\/714
|move|p2a: Yanmega|Bug Buzz|p1a: mah girl
|-damage|p1a: mah girl|395\/714
|
|-weather|Sandstorm|[upkeep]
|-damage|p2a: Yanmega|256\/313|[from] sandstorm
|-damage|p1a: mah girl|351\/714|[from] sandstorm
|-heal|p1a: mah girl|395\/714|[from] item: Leftovers
|turn|33
|
|switch|p2a: Donphan|Donphan, F|342\/384
|-damage|p2a: Donphan|318\/384|[from] Stealth Rock
|move|p1a: mah girl|Wish|p1a: mah girl
|
|-weather|Sandstorm|[upkeep]
|-damage|p1a: mah girl|351\/714|[from] sandstorm
|-heal|p1a: mah girl|395\/714|[from] item: Leftovers
|-heal|p2a: Donphan|342\/384|[from] item: Leftovers
|turn|34
|
|switch|p1a: mah girl|Hippowdon, F|131\/420
|move|p2a: Donphan|Knock Off|p1a: mah girl
|-damage|p1a: mah girl|72\/420
|-enditem|p1a: mah girl|Leftovers|[from] move: Knock Off|[of] p2a: Donphan
|
|-weather|none
|-heal|p1a: mah girl|420\/420|[from] move: Wish|[wisher] mah girl
|-heal|p2a: Donphan|366\/384|[from] item: Leftovers
|turn|35
|
|move|p2a: Donphan|Stealth Rock|p1a: mah girl
|-sidestart|p1: I've joined|move: Stealth Rock
|move|p1a: mah girl|Stealth Rock|p2a: Donphan
|-fail|p2a: Donphan
|
|-heal|p2a: Donphan|384\/384|[from] item: Leftovers
|turn|36
|
|switch|p1a: mah girl|Blastoise-Mega, F|242\/362
|-damage|p1a: mah girl|197\/362|[from] Stealth Rock
|move|p2a: Donphan|Rapid Spin|p1a: mah girl
|-damage|p1a: mah girl|181\/362
|-sideend|p2: RaziiBoy|Stealth Rock|[from] move: Rapid Spin|[of] p2a: Donphan
|
|turn|37
|
|switch|p2a: Vaporeon|Vaporeon, M|464\/464
|move|p1a: mah girl|Rapid Spin|p2a: Vaporeon
|-damage|p2a: Vaporeon|441\/464
|-sideend|p1: I've joined|Stealth Rock|[from] move: Rapid Spin|[of] p1a: mah girl
|
|-heal|p2a: Vaporeon|464\/464|[from] item: Leftovers
|turn|38
|
|move|p1a: mah girl|Scald|p2a: Vaporeon
|-immune|p2a: Vaporeon|[msg]
|move|p2a: Vaporeon|Toxic|p1a: mah girl|[miss]
|-miss|p2a: Vaporeon|p1a: mah girl
|
|turn|39
|
|switch|p1a: mah girl|Blissey, F|395\/714
|move|p2a: Vaporeon|Toxic|p1a: mah girl
|-status|p1a: mah girl|tox
|
|-heal|p1a: mah girl|439\/714 tox|[from] item: Leftovers
|-damage|p1a: mah girl|395\/714 tox|[from] psn
|turn|40
|
|switch|p2a: Donphan|Donphan, F|384\/384
|move|p1a: mah girl|Wish|p1a: mah girl
|
|-heal|p1a: mah girl|439\/714 tox|[from] item: Leftovers
|-damage|p1a: mah girl|351\/714 tox|[from] psn
|turn|41
|
|switch|p1a: mah girl|Blastoise-Mega, F|181\/362
|move|p2a: Donphan|Earthquake|p1a: mah girl
|-damage|p1a: mah girl|61\/362
|
|-heal|p1a: mah girl|362\/362|[from] move: Wish|[wisher] mah girl
|turn|42
|
|switch|p2a: Vaporeon|Vaporeon, M|464\/464
|move|p1a: mah girl|Scald|p2a: Vaporeon
|-immune|p2a: Vaporeon|[msg]
|
|turn|43
|
|switch|p1a: mah girl|Blissey, F|351\/714
|move|p2a: Vaporeon|Toxic|p1a: mah girl
|-status|p1a: mah girl|tox
|
|-heal|p1a: mah girl|395\/714 tox|[from] item: Leftovers
|-damage|p1a: mah girl|351\/714 tox|[from] psn
|turn|44
|
|switch|p2a: Infernape|Infernape, M|293\/293
|move|p1a: mah girl|Wish|p1a: mah girl
|
|-heal|p1a: mah girl|395\/714 tox|[from] item: Leftovers
|-damage|p1a: mah girl|307\/714 tox|[from] psn
|turn|45
|
|move|p2a: Infernape|Nasty Plot|p2a: Infernape
|-boost|p2a: Infernape|spa|2
|move|p1a: mah girl|Thunder Wave|p2a: Infernape
|-status|p2a: Infernape|par
|
|-heal|p1a: mah girl|664\/714 tox|[from] move: Wish|[wisher] mah girl
|-heal|p1a: mah girl|708\/714 tox|[from] item: Leftovers
|-damage|p1a: mah girl|576\/714 tox|[from] psn
|turn|46
|
|switch|p1a: mah girl|Hippowdon, F|420\/420
|-weather|Sandstorm
|move|p2a: Infernape|Nasty Plot|p2a: Infernape
|-boost|p2a: Infernape|spa|2
|
|-weather|Sandstorm|[upkeep]
|-damage|p2a: Infernape|275\/293 par|[from] sandstorm
|turn|47
|
|switch|p1a: mah girl|Blissey, F|576\/714
|cant|p2a: Infernape|par
|
|-weather|Sandstorm|[upkeep]
|-damage|p1a: mah girl|532\/714|[from] sandstorm
|-damage|p2a: Infernape|257\/293 par|[from] sandstorm
|-heal|p1a: mah girl|576\/714|[from] item: Leftovers
|turn|48
|c|âRaziiBoy|fuck your blissay
|-message|RaziiBoy forfeited.
|
|win|I've joined
|raw|Ladder updating...
|raw|I&apos;ve joined's rating: 1287 &rarr; <strong>1313<\/strong><br \/>(+26 for winning)
|raw|RaziiBoy's rating: 1309 &rarr; <strong>1287<\/strong><br \/>(-22 for losing)
|leave|RaziiBoy
|player|p2