|join|I've joined
|join|Chillibeans
|player|p1|I've joined|8
|player|p2|Chillibeans|293
|gametype|singles
|gen|6
|tier|UU
|rated
|rule|Sleep Clause Mod: Limit one foe put to sleep
|rule|Species Clause: Limit one of each PokÃ©mon
|rule|OHKO Clause: OHKO moves are banned
|rule|Moody Clause: Moody is banned
|rule|Evasion Moves Clause: Evasion moves are banned
|rule|Endless Battle Clause: Forcing endless battles is banned
|rule|HP Percentage Mod: HP is shown in percentages
|clearpoke
|poke|p1|Medicham, F
|poke|p1|Krookodile, M
|poke|p1|Chesnaught, M
|poke|p1|Empoleon, M
|poke|p1|Entei, shiny
|poke|p1|Yanmega, M
|poke|p2|Donphan, M, shiny
|poke|p2|Espeon, F
|poke|p2|Aggron, M
|poke|p2|Raikou
|poke|p2|Hydreigon, F
|poke|p2|Milotic, F
|rule|Swagger Clause: Swagger is banned
|rule|Baton Pass Clause: Limit one PokÃ©mon knowing Baton Pass
|teampreview
|
|start
|switch|p1a: Yanmega|Yanmega, M|313\/313
|switch|p2a: PsychicWarElephant|Donphan, M, shiny|383\/383
|turn|1
|
|move|p2a: PsychicWarElephant|Ice Shard|p1a: Yanmega
|-supereffective|p1a: Yanmega
|-damage|p1a: Yanmega|203\/313
|move|p1a: Yanmega|Air Slash|p2a: PsychicWarElephant
|-damage|p2a: PsychicWarElephant|215\/383
|-damage|p1a: Yanmega|172\/313|[from] item: Life Orb
|
|-boost|p1a: Yanmega|spe|1|[from] ability: Speed Boost
|turn|2
|
|move|p1a: Yanmega|Giga Drain|p2a: PsychicWarElephant
|-supereffective|p2a: PsychicWarElephant
|-damage|p2a: PsychicWarElephant|2\/383
|-heal|p1a: Yanmega|279\/313|[from] drain|[of] p2a: PsychicWarElephant
|-damage|p1a: Yanmega|248\/313|[from] item: Life Orb
|move|p2a: PsychicWarElephant|Knock Off|p1a: Yanmega
|-damage|p1a: Yanmega|118\/313
|-enditem|p1a: Yanmega|Life Orb|[from] move: Knock Off|[of] p2a: PsychicWarElephant
|
|-boost|p1a: Yanmega|spe|1|[from] ability: Speed Boost
|turn|3
|
|move|p2a: PsychicWarElephant|Ice Shard|p1a: Yanmega
|-supereffective|p1a: Yanmega
|-damage|p1a: Yanmega|4\/313
|move|p1a: Yanmega|Giga Drain|p2a: PsychicWarElephant
|-crit|p2a: PsychicWarElephant
|-supereffective|p2a: PsychicWarElephant
|-damage|p2a: PsychicWarElephant|0 fnt
|-heal|p1a: Yanmega|5\/313|[from] drain|[of] p2a: PsychicWarElephant
|faint|p2a: PsychicWarElephant
|
|-boost|p1a: Yanmega|spe|1|[from] ability: Speed Boost
|
|switch|p2a: Zora|Milotic, F|394\/394
|turn|4
|
|move|p1a: Yanmega|Giga Drain|p2a: Zora
|-crit|p2a: Zora
|-supereffective|p2a: Zora
|-damage|p2a: Zora|242\/394
|-heal|p1a: Yanmega|81\/313|[from] drain|[of] p2a: Zora
|move|p2a: Zora|Ice Beam|p1a: Yanmega
|-supereffective|p1a: Yanmega
|-damage|p1a: Yanmega|0 fnt
|faint|p1a: Yanmega
|
|-heal|p2a: Zora|266\/394|[from] item: Leftovers
|
|switch|p1a: Medicham|Medicham, F|261\/261
|turn|5
|
|detailschange|p1a: Medicham|Medicham-Mega, F
|-mega|p1a: Medicham|Medicham|Medichamite
|move|p1a: Medicham|High Jump Kick|p2a: Zora
|-damage|p2a: Zora|0 fnt
|faint|p2a: Zora
|
|
|switch|p2a: Pink Pussy|Espeon, F|271\/271
|turn|6
|
|switch|p1a: Empoleon|Empoleon, M|372\/372
|move|p2a: Pink Pussy|Dazzling Gleam|p1a: Empoleon
|-resisted|p1a: Empoleon
|-damage|p1a: Empoleon|323\/372
|
|-heal|p1a: Empoleon|346\/372|[from] item: Leftovers
|turn|7
|
|switch|p2a: Fluffy|Hydreigon, F|325\/325
|move|p1a: Empoleon|Scald|p2a: Fluffy
|-resisted|p2a: Fluffy
|-damage|p2a: Fluffy|271\/325
|
|-heal|p1a: Empoleon|369\/372|[from] item: Leftovers
|turn|8
|
|switch|p1a: Chesnaught|Chesnaught, M|380\/380
|move|p2a: Fluffy|Earthquake|p1a: Chesnaught
|-resisted|p1a: Chesnaught
|-damage|p1a: Chesnaught|334\/380
|
|-heal|p1a: Chesnaught|357\/380|[from] item: Leftovers
|turn|9
|
|switch|p2a: Pink Pussy|Espeon, F|271\/271
|move|p1a: Chesnaught|Drain Punch|p2a: Pink Pussy
|-resisted|p2a: Pink Pussy
|-damage|p2a: Pink Pussy|199\/271
|-heal|p1a: Chesnaught|380\/380|[from] drain|[of] p2a: Pink Pussy
|
|turn|10
|
|move|p1a: Chesnaught|Spiky Shield|p1a: Chesnaught
|-singleturn|p1a: Chesnaught|move: Protect
|move|p2a: Pink Pussy|Trick|p1a: Chesnaught
|-activate|p1a: Chesnaught|Protect
|
|turn|11
|
|switch|p2a: Dewa Listrik|Raikou|321\/321
|-ability|p2a: Dewa Listrik|Pressure
|switch|p1a: Medicham|Medicham-Mega, F|261\/261
|
|turn|12
|
|move|p1a: Medicham|Fake Out|p2a: Dewa Listrik
|-damage|p2a: Dewa Listrik|219\/321
|cant|p2a: Dewa Listrik|flinch
|
|turn|13
|
|switch|p2a: Pink Pussy|Espeon, F|199\/271
|move|p1a: Medicham|Zen Headbutt|p2a: Pink Pussy
|-crit|p2a: Pink Pussy
|-resisted|p2a: Pink Pussy
|-damage|p2a: Pink Pussy|0 fnt
|faint|p2a: Pink Pussy
|
|
|switch|p2a: Dewa Listrik|Raikou|219\/321
|-ability|p2a: Dewa Listrik|Pressure
|turn|14
|
|switch|p1a: Chesnaught|Chesnaught, M|380\/380
|move|p2a: Dewa Listrik|Thunderbolt|p1a: Chesnaught
|-resisted|p1a: Chesnaught
|-damage|p1a: Chesnaught|287\/380
|
|-heal|p1a: Chesnaught|310\/380|[from] item: Leftovers
|turn|15
|c|âChillibeans|gg
|-message|Chillibeans forfeited.
|leave|Chillibeans
|c|âI've joined|gg
|
|win|I've joined
|raw|Ladder updating...
|player|p2
|raw|I&apos;ve joined's rating: 1407 &rarr; <strong>1424<\/strong><br \/>(+17 for winning)
|raw|Chillibeans's rating: 1368 &rarr; <strong>1350<\/strong><br \/>(-18 for losing)
|c|âI've joined|sorry for crit even u're not here anymore