|join|Jonas29
|join|I've joined
|player|p1|Jonas29|190
|player|p2|I've joined|8
|gametype|singles
|gen|6
|tier|UU
|rated
|rule|Sleep Clause Mod: Limit one foe put to sleep
|rule|Species Clause: Limit one of each PokÃ©mon
|rule|OHKO Clause: OHKO moves are banned
|rule|Moody Clause: Moody is banned
|rule|Evasion Moves Clause: Evasion moves are banned
|rule|Endless Battle Clause: Forcing endless battles is banned
|rule|HP Percentage Mod: HP is shown in percentages
|clearpoke
|poke|p1|Absol, F
|poke|p1|Azelf
|poke|p1|Florges, F
|poke|p1|Porygon2
|poke|p1|Infernape, M
|poke|p1|Tornadus, M
|poke|p2|Medicham, M
|poke|p2|Krookodile, F
|poke|p2|Empoleon, M
|poke|p2|Suicune
|poke|p2|Chesnaught, M
|poke|p2|Raikou
|rule|Swagger Clause: Swagger is banned
|rule|Baton Pass Clause: Limit one PokÃ©mon knowing Baton Pass
|teampreview
|
|start
|switch|p1a: Azelf|Azelf|292\/292
|switch|p2a: Medicham|Medicham, M|261\/261
|turn|1
|
|detailschange|p2a: Medicham|Medicham-Mega, M
|-mega|p2a: Medicham|Medicham|Medichamite
|move|p2a: Medicham|Fake Out|p1a: Azelf
|-crit|p1a: Azelf
|-damage|p1a: Azelf|129\/292
|cant|p1a: Azelf|flinch
|
|turn|2
|
|move|p1a: Azelf|Psyshock|p2a: Medicham
|-damage|p2a: Medicham|6\/261
|move|p2a: Medicham|Poison Jab|p1a: Azelf
|-damage|p1a: Azelf|0 fnt
|faint|p1a: Azelf
|
|
|switch|p1a: Tornadus|Tornadus, M|299\/299
|turn|3
|
|switch|p2a: Empoleon|Empoleon, M|372\/372
|move|p1a: Tornadus|Sludge Bomb|p2a: Empoleon
|-immune|p2a: Empoleon|[msg]
|
|turn|4
|
|move|p1a: Tornadus|U-turn|p2a: Empoleon
|-resisted|p2a: Empoleon
|-damage|p2a: Empoleon|340\/372
|
|switch|p1a: Absol|Absol, F|271\/271
|move|p2a: Empoleon|Stealth Rock|p1a: Absol
|-sidestart|p1: Jonas29|move: Stealth Rock
|
|-heal|p2a: Empoleon|363\/372|[from] item: Leftovers
|turn|5
|
|switch|p2a: Suicune|Suicune|404\/404
|-ability|p2a: Suicune|Pressure
|detailschange|p1a: Absol|Absol-Mega, F
|-mega|p1a: Absol|Absol|Absolite
|move|p1a: Absol|Knock Off|p2a: Suicune
|-damage|p2a: Suicune|287\/404
|-enditem|p2a: Suicune|Leftovers|[from] move: Knock Off|[of] p1a: Absol
|
|turn|6
|
|move|p1a: Absol|Play Rough|p2a: Suicune
|-damage|p2a: Suicune|208\/404
|move|p2a: Suicune|Scald|p1a: Absol
|-damage|p1a: Absol|145\/271
|-status|p1a: Absol|brn
|
|-damage|p1a: Absol|112\/271 brn|[from] brn
|turn|7
|
|move|p1a: Absol|Knock Off|p2a: Suicune
|-damage|p2a: Suicune|169\/404
|move|p2a: Suicune|Rest|p2a: Suicune
|-status|p2a: Suicune|slp
|-heal|p2a: Suicune|404\/404 slp|[silent]
|-status|p2a: Suicune|slp|[from] move: Rest
|
|-damage|p1a: Absol|79\/271 brn|[from] brn
|turn|8
|
|switch|p1a: Florges|Florges, F|359\/359
|-damage|p1a: Florges|315\/359|[from] Stealth Rock
|cant|p2a: Suicune|slp
|move|p2a: Suicune|Sleep Talk|p2a: Suicune
|move|p2a: Suicune|Rest|p2a: Suicune|[from]Sleep Talk
|-fail|p2a: Suicune
|
|turn|9
|
|cant|p2a: Suicune|slp
|move|p2a: Suicune|Sleep Talk|p2a: Suicune
|move|p2a: Suicune|Scald|p1a: Florges|[from]Sleep Talk
|-damage|p1a: Florges|270\/359
|move|p1a: Florges|Giga Drain|p2a: Suicune
|-crit|p2a: Suicune
|-supereffective|p2a: Suicune
|-damage|p2a: Suicune|174\/404 slp
|-heal|p1a: Florges|359\/359|[from] drain|[of] p2a: Suicune
|
|turn|10
|
|-curestatus|p2a: Suicune|slp
|move|p2a: Suicune|Rest|p2a: Suicune
|-status|p2a: Suicune|slp
|-heal|p2a: Suicune|404\/404 slp|[silent]
|-status|p2a: Suicune|slp|[from] move: Rest
|move|p1a: Florges|Giga Drain|p2a: Suicune
|-supereffective|p2a: Suicune
|-damage|p2a: Suicune|238\/404 slp
|
|turn|11
|
|switch|p2a: Empoleon|Empoleon, M|363\/372
|move|p1a: Florges|Giga Drain|p2a: Empoleon
|-damage|p2a: Empoleon|299\/372
|
|-heal|p2a: Empoleon|322\/372|[from] item: Leftovers
|turn|12
|
|move|p1a: Florges|Hidden Power|p2a: Empoleon
|-supereffective|p2a: Empoleon
|-damage|p2a: Empoleon|220\/372
|move|p2a: Empoleon|Scald|p1a: Florges
|-damage|p1a: Florges|310\/359
|
|-heal|p2a: Empoleon|243\/372|[from] item: Leftovers
|turn|13
|
|move|p1a: Florges|Hidden Power|p2a: Empoleon
|-supereffective|p2a: Empoleon
|-damage|p2a: Empoleon|135\/372
|move|p2a: Empoleon|Scald|p1a: Florges
|-damage|p1a: Florges|256\/359
|
|-heal|p2a: Empoleon|158\/372|[from] item: Leftovers
|turn|14
|
|move|p1a: Florges|Hidden Power|p2a: Empoleon
|-supereffective|p2a: Empoleon
|-damage|p2a: Empoleon|62\/372
|move|p2a: Empoleon|Scald|p1a: Florges
|-damage|p1a: Florges|178\/359
|
|-heal|p2a: Empoleon|85\/372|[from] item: Leftovers
|turn|15
|
|move|p1a: Florges|Hidden Power|p2a: Empoleon
|-supereffective|p2a: Empoleon
|-damage|p2a: Empoleon|0 fnt
|faint|p2a: Empoleon
|
|
|switch|p2a: Medicham|Medicham-Mega, M|6\/261
|turn|16
|
|switch|p1a: Porygon2|Porygon2|374\/374
|-damage|p1a: Porygon2|328\/374|[from] Stealth Rock
|move|p2a: Medicham|Poison Jab|p1a: Porygon2
|-crit|p1a: Porygon2
|-damage|p1a: Porygon2|207\/374
|
|turn|17
|
|move|p2a: Medicham|High Jump Kick|p1a: Porygon2
|-supereffective|p1a: Porygon2
|-damage|p1a: Porygon2|0 fnt
|faint|p1a: Porygon2
|
|
|switch|p1a: Tornadus|Tornadus, M|299\/299
|-damage|p1a: Tornadus|225\/299|[from] Stealth Rock
|turn|18
|
|move|p1a: Tornadus|Sludge Bomb|p2a: Medicham
|-damage|p2a: Medicham|0 fnt
|faint|p2a: Medicham
|
|-heal|p1a: Tornadus|243\/299|[from] item: Leftovers
|
|switch|p2a: Raikou|Raikou|321\/321
|-ability|p2a: Raikou|Pressure
|turn|19
|
|move|p2a: Raikou|Volt Switch|p1a: Tornadus
|-supereffective|p1a: Tornadus
|-damage|p1a: Tornadus|0 fnt
|faint|p1a: Tornadus
|
|switch|p2a: Krookodile|Krookodile, F|331\/331
|
|
|switch|p1a: Infernape|Infernape, M|293\/293
|-damage|p1a: Infernape|257\/293|[from] Stealth Rock
|turn|20
|
|switch|p2a: Suicune|Suicune|238\/404 slp
|-ability|p2a: Suicune|Pressure
|move|p1a: Infernape|Close Combat|p2a: Suicune
|-damage|p2a: Suicune|111\/404 slp
|-unboost|p1a: Infernape|def|1
|-unboost|p1a: Infernape|spd|1
|
|turn|21
|
|move|p1a: Infernape|Close Combat|p2a: Suicune
|-damage|p2a: Suicune|0 fnt
|-unboost|p1a: Infernape|def|1
|-unboost|p1a: Infernape|spd|1
|faint|p2a: Suicune
|
|
|switch|p2a: Chesnaught|Chesnaught, M|380\/380
|turn|22
|
|switch|p1a: Florges|Florges, F|178\/359
|-damage|p1a: Florges|134\/359|[from] Stealth Rock
|move|p2a: Chesnaught|Wood Hammer|p1a: Florges
|-damage|p1a: Florges|0 fnt
|-damage|p2a: Chesnaught|336\/380|[from] recoil|[of] p1a: Florges
|faint|p1a: Florges
|
|-heal|p2a: Chesnaught|359\/380|[from] item: Leftovers
|
|switch|p1a: Absol|Absol-Mega, F|79\/271 brn
|-damage|p1a: Absol|46\/271 brn|[from] Stealth Rock
|turn|23
|
|move|p2a: Chesnaught|Spiky Shield|p2a: Chesnaught
|-singleturn|p2a: Chesnaught|move: Protect
|move|p1a: Absol|Play Rough|p2a: Chesnaught
|-activate|p2a: Chesnaught|move: Protect
|-damage|p1a: Absol|13\/271 brn|[from] Spiky Shield|[of] p2a: Chesnaught
|
|-heal|p2a: Chesnaught|380\/380|[from] item: Leftovers
|-damage|p1a: Absol|0 fnt|[from] brn
|faint|p1a: Absol
|
|switch|p1a: Infernape|Infernape, M|257\/293
|-damage|p1a: Infernape|221\/293|[from] Stealth Rock
|turn|24
|
|move|p1a: Infernape|Flare Blitz|p2a: Chesnaught
|-supereffective|p2a: Chesnaught
|-damage|p2a: Chesnaught|126\/380
|-damage|p1a: Infernape|137\/293|[from] recoil|[of] p2a: Chesnaught
|move|p2a: Chesnaught|Drain Punch|p1a: Infernape
|-damage|p1a: Infernape|10\/293
|-heal|p2a: Chesnaught|190\/380|[from] drain|[of] p1a: Infernape
|
|-heal|p2a: Chesnaught|213\/380|[from] item: Leftovers
|turn|25
|c|âI've joined|gg
|
|move|p2a: Chesnaught|Spiky Shield|p2a: Chesnaught
|-singleturn|p2a: Chesnaught|move: Protect
|move|p1a: Infernape|Flare Blitz|p2a: Chesnaught
|-activate|p2a: Chesnaught|move: Protect
|-damage|p1a: Infernape|0 fnt|[from] Spiky Shield|[of] p2a: Chesnaught
|faint|p1a: Infernape
|
|win|I've joined
|raw|Ladder updating...
|raw|Jonas29's rating: 1302 &rarr; <strong>1276<\/strong><br \/>(-26 for losing)
|raw|I&apos;ve joined's rating: 1201 &rarr; <strong>1233<\/strong><br \/>(+32 for winning)
|leave|Jonas29