|join|I've joined
|join|Serperior BaeBlade
|player|p1|I've joined|8
|player|p2|Serperior BaeBlade|226
|gametype|singles
|gen|6
|tier|UU
|rated
|rule|Sleep Clause Mod: Limit one foe put to sleep
|rule|Species Clause: Limit one of each PokÃ©mon
|rule|OHKO Clause: OHKO moves are banned
|rule|Moody Clause: Moody is banned
|rule|Evasion Moves Clause: Evasion moves are banned
|rule|Endless Battle Clause: Forcing endless battles is banned
|rule|HP Percentage Mod: HP is shown in percentages
|clearpoke
|poke|p1|Sharpedo, M
|poke|p1|Infernape, M
|poke|p1|Swampert, M
|poke|p1|Jirachi
|poke|p1|Celebi
|poke|p1|Florges, F
|poke|p2|Serperior, F
|poke|p2|Swampert, M
|poke|p2|Braviary, M
|poke|p2|Blissey, F
|poke|p2|Forretress, M
|poke|p2|Infernape, M
|rule|Swagger Clause: Swagger is banned
|rule|Baton Pass Clause: Limit one PokÃ©mon knowing Baton Pass
|teampreview
|
|start
|switch|p1a: Jirachi|Jirachi|361\/361
|switch|p2a: Infernape|Infernape, M|293\/293
|turn|1
|
|move|p1a: Jirachi|U-turn|p2a: Infernape
|-resisted|p2a: Infernape
|-damage|p2a: Infernape|273\/293
|c|âSerperior BaeBlade|prediction ftw
|
|switch|p1a: Swampert|Swampert, M|404\/404
|move|p2a: Infernape|Stealth Rock|p1a: Swampert
|-sidestart|p1: I've joined|move: Stealth Rock
|
|turn|2
|
|move|p2a: Infernape|U-turn|p1a: Swampert
|-damage|p1a: Swampert|333\/404
|-damage|p2a: Infernape|244\/293|[from] item: Life Orb
|
|switch|p2a: Serperior|Serperior, F|291\/291
|move|p1a: Swampert|Stealth Rock|p2a: Serperior
|-sidestart|p2: Serperior BaeBlade|move: Stealth Rock
|
|-heal|p1a: Swampert|358\/404|[from] item: Leftovers
|turn|3
|
|switch|p1a: Jirachi|Jirachi|361\/361
|-damage|p1a: Jirachi|339\/361|[from] Stealth Rock
|move|p2a: Serperior|Glare|p1a: Jirachi
|-status|p1a: Jirachi|par
|
|turn|4
|
|switch|p2a: Forretress|Forretress, M|353\/353
|-damage|p2a: Forretress|309\/353|[from] Stealth Rock
|move|p1a: Jirachi|U-turn|p2a: Forretress
|-resisted|p2a: Forretress
|-damage|p2a: Forretress|289\/353
|-damage|p1a: Jirachi|279\/361 par|[from] item: Rocky Helmet|[of] p2a: Forretress
|
|switch|p1a: Infernape|Infernape, M|293\/293
|-damage|p1a: Infernape|257\/293|[from] Stealth Rock
|
|turn|5
|
|move|p1a: Infernape|Close Combat|p2a: Forretress
|-damage|p2a: Forretress|167\/353
|-damage|p1a: Infernape|209\/293|[from] item: Rocky Helmet|[of] p2a: Forretress
|-unboost|p1a: Infernape|def|1
|-unboost|p1a: Infernape|spd|1
|-damage|p1a: Infernape|180\/293|[from] item: Life Orb
|move|p2a: Forretress|Rapid Spin|p1a: Infernape
|-damage|p1a: Infernape|149\/293
|-sideend|p2: Serperior BaeBlade|Stealth Rock|[from] move: Rapid Spin|[of] p2a: Forretress
|
|turn|6
|
|switch|p2a: Swampert|Swampert, M|365\/365
|move|p1a: Infernape|Fire Blast|p2a: Swampert
|-crit|p2a: Swampert
|-resisted|p2a: Swampert
|-damage|p2a: Swampert|216\/365
|-damage|p1a: Infernape|120\/293|[from] item: Life Orb
|
|turn|7
|
|switch|p1a: Celebi|Celebi|404\/404
|-damage|p1a: Celebi|354\/404|[from] Stealth Rock
|detailschange|p2a: Swampert|Swampert-Mega, M
|-mega|p2a: Swampert|Swampert|Swampertite
|move|p2a: Swampert|Ice Punch|p1a: Celebi
|-supereffective|p1a: Celebi
|-damage|p1a: Celebi|148\/404
|
|-heal|p1a: Celebi|173\/404|[from] item: Leftovers
|turn|8
|
|switch|p2a: Forretress|Forretress, M|167\/353
|move|p1a: Celebi|Recover|p1a: Celebi
|-heal|p1a: Celebi|375\/404
|
|-heal|p1a: Celebi|400\/404|[from] item: Leftovers
|turn|9
|
|move|p1a: Celebi|Swords Dance|p1a: Celebi
|-boost|p1a: Celebi|atk|2
|move|p2a: Forretress|Spikes|p1a: Celebi
|-sidestart|p1: I've joined|Spikes
|
|-heal|p1a: Celebi|404\/404|[from] item: Leftovers
|turn|10
|
|move|p1a: Celebi|Baton Pass|p1a: Celebi
|
|switch|p1a: Sharpedo|Sharpedo, M|281\/281
|-damage|p1a: Sharpedo|246\/281|[from] Stealth Rock
|-damage|p1a: Sharpedo|211\/281|[from] Spikes
|move|p2a: Forretress|Volt Switch|p1a: Sharpedo
|-supereffective|p1a: Sharpedo
|-damage|p1a: Sharpedo|65\/281
|
|switch|p2a: Blissey|Blissey, F|714\/714
|
|turn|11
|
|move|p1a: Sharpedo|Protect|p1a: Sharpedo
|-singleturn|p1a: Sharpedo|Protect
|move|p2a: Blissey|Wish|p2a: Blissey
|
|-boost|p1a: Sharpedo|spe|1|[from] ability: Speed Boost
|turn|12
|
|switch|p2a: Swampert|Swampert-Mega, M|216\/365
|detailschange|p1a: Sharpedo|Sharpedo-Mega, M
|-mega|p1a: Sharpedo|Sharpedo|Sharpedonite
|move|p1a: Sharpedo|Crunch|p2a: Swampert
|-damage|p2a: Swampert|0 fnt
|faint|p2a: Swampert
|
|
|switch|p2a: Forretress|Forretress, M|167\/353
|turn|13
|
|move|p1a: Sharpedo|Crunch|p2a: Forretress
|-damage|p2a: Forretress|0 fnt
|-damage|p1a: Sharpedo|19\/281|[from] item: Rocky Helmet|[of] p2a: Forretress
|faint|p2a: Forretress
|
|
|switch|p2a: Blissey|Blissey, F|714\/714
|turn|14
|
|move|p1a: Sharpedo|Crunch|p2a: Blissey
|-damage|p2a: Blissey|0 fnt
|faint|p2a: Blissey
|
|
|switch|p2a: Braviary|Braviary, M|341\/341
|turn|15
|
|move|p1a: Sharpedo|Crunch|p2a: Braviary
|-damage|p2a: Braviary|0 fnt
|faint|p2a: Braviary
|
|
|switch|p2a: Infernape|Infernape, M|244\/293
|turn|16
|
|move|p1a: Sharpedo|Waterfall|p2a: Infernape
|-crit|p2a: Infernape
|-supereffective|p2a: Infernape
|-damage|p2a: Infernape|0 fnt
|faint|p2a: Infernape
|
|c|âSerperior BaeBlade|kek
|
|switch|p2a: Serperior|Serperior, F|291\/291
|turn|17
|c|âI've joined|tired of ur p^redictions
|c|âSerperior BaeBlade|lol
|c|âI've joined|nobody wins on me on outplaying me
|
|move|p1a: Sharpedo|Crunch|p2a: Serperior
|-damage|p2a: Serperior|0 fnt
|faint|p2a: Serperior
|
|win|I've joined
|raw|Ladder updating...
|raw|I&apos;ve joined's rating: 1356 &rarr; <strong>1376<\/strong><br \/>(+20 for winning)
|raw|Serperior BaeBlade's rating: 1357 &rarr; <strong>1337<\/strong><br \/>(-20 for losing)
|c|âSerperior BaeBlade|gg
|c|âI've joined|ggg
|leave|Serperior BaeBlade
|player|p2