|join|I've joined
|join|DawnKawaii
|player|p1|I've joined|8
|player|p2|DawnKawaii|289
|gametype|singles
|gen|6
|tier|UU
|rated
|rule|Sleep Clause Mod: Limit one foe put to sleep
|rule|Species Clause: Limit one of each PokÃ©mon
|rule|OHKO Clause: OHKO moves are banned
|rule|Moody Clause: Moody is banned
|rule|Evasion Moves Clause: Evasion moves are banned
|rule|Endless Battle Clause: Forcing endless battles is banned
|rule|HP Percentage Mod: HP is shown in percentages
|clearpoke
|poke|p1|Sharpedo, F
|poke|p1|Florges, F
|poke|p1|Raikou
|poke|p1|Darmanitan, M
|poke|p1|Vaporeon, F
|poke|p1|Donphan, M
|poke|p2|Krookodile, M
|poke|p2|Raikou
|poke|p2|Azelf
|poke|p2|Milotic, F
|poke|p2|Donphan, M
|poke|p2|Beedrill, F
|rule|Swagger Clause: Swagger is banned
|rule|Baton Pass Clause: Limit one PokÃ©mon knowing Baton Pass
|teampreview
|
|start
|switch|p1a: Darmanitan|Darmanitan, M|351\/351
|switch|p2a: MLG Pro|Azelf|292\/292
|turn|1
|
|switch|p2a: Young Wild N' Free|Donphan, M|353\/353
|move|p1a: Darmanitan|U-turn|p2a: Young Wild N' Free
|-crit|p2a: Young Wild N' Free
|-damage|p2a: Young Wild N' Free|250\/353
|
|switch|p1a: Vaporeon|Vaporeon, F|464\/464
|
|-heal|p2a: Young Wild N' Free|272\/353|[from] item: Leftovers
|turn|2
|
|switch|p2a: Dogge|Raikou|321\/321
|-ability|p2a: Dogge|Pressure
|move|p1a: Vaporeon|Scald|p2a: Dogge
|-damage|p2a: Dogge|254\/321
|-status|p2a: Dogge|brn
|
|-damage|p2a: Dogge|214\/321 brn|[from] brn
|turn|3
|
|switch|p2a: Nice Butt|Beedrill, F|271\/271
|switch|p1a: Florges|Florges, F|360\/360
|
|turn|4
|
|detailschange|p2a: Nice Butt|Beedrill-Mega, F
|-mega|p2a: Nice Butt|Beedrill|Beedrillite
|move|p2a: Nice Butt|Poison Jab|p1a: Florges
|-crit|p1a: Florges
|-supereffective|p1a: Florges
|-damage|p1a: Florges|0 fnt
|faint|p1a: Florges
|
|c|âI've joined|wow I can't even do something
|
|switch|p1a: Darmanitan|Darmanitan, M|351\/351
|turn|5
|
|move|p2a: Nice Butt|Protect|p2a: Nice Butt
|-singleturn|p2a: Nice Butt|Protect
|move|p1a: Darmanitan|U-turn|p2a: Nice Butt
|-activate|p2a: Nice Butt|Protect
|
|turn|6
|
|switch|p2a: Young Wild N' Free|Donphan, M|272\/353
|move|p1a: Darmanitan|U-turn|p2a: Young Wild N' Free
|-damage|p2a: Young Wild N' Free|207\/353
|
|switch|p1a: Sharpedo|Sharpedo, F|282\/282
|
|-heal|p2a: Young Wild N' Free|229\/353|[from] item: Leftovers
|turn|7
|
|switch|p2a: Nice Butt|Beedrill-Mega, F|271\/271
|move|p1a: Sharpedo|Waterfall|p2a: Nice Butt
|-crit|p2a: Nice Butt
|-damage|p2a: Nice Butt|0 fnt
|faint|p2a: Nice Butt
|
|-boost|p1a: Sharpedo|spe|1|[from] ability: Speed Boost
|
|switch|p2a: Dogge|Raikou|214\/321 brn
|-ability|p2a: Dogge|Pressure
|turn|8
|
|move|p1a: Sharpedo|Protect|p1a: Sharpedo
|-singleturn|p1a: Sharpedo|Protect
|move|p2a: Dogge|Volt Switch|p1a: Sharpedo
|-activate|p1a: Sharpedo|Protect
|
|-damage|p2a: Dogge|174\/321 brn|[from] brn
|-boost|p1a: Sharpedo|spe|1|[from] ability: Speed Boost
|turn|9
|
|move|p1a: Sharpedo|Waterfall|p2a: Dogge
|-damage|p2a: Dogge|0 fnt
|faint|p2a: Dogge
|
|-boost|p1a: Sharpedo|spe|1|[from] ability: Speed Boost
|
|switch|p2a: MLG Pro|Azelf|292\/292
|turn|10
|
|switch|p1a: Donphan|Donphan, M|384\/384
|move|p2a: MLG Pro|Explosion|p1a: Donphan
|-damage|p1a: Donphan|159\/384
|faint|p2a: MLG Pro
|
|-heal|p1a: Donphan|183\/384|[from] item: Leftovers
|-message|DawnKawaii forfeited.
|leave|DawnKawaii
|
|switch|p2a: Rekt|Milotic, F|381\/381
|turn|11
|
|win|I've joined
|raw|Ladder updating...
|player|p2
|raw|I&apos;ve joined's rating: 1233 &rarr; <strong>1256<\/strong><br \/>(+23 for winning)
|raw|DawnKawaii's rating: 1202 &rarr; <strong>1179<\/strong><br \/>(-23 for losing)