|join|DragonzaEX
|join|I've joined
|player|p1|DragonzaEX|290
|player|p2|I've joined|8
|gametype|singles
|gen|6
|tier|UU
|rated
|rule|Sleep Clause Mod: Limit one foe put to sleep
|rule|Species Clause: Limit one of each PokÃ©mon
|rule|OHKO Clause: OHKO moves are banned
|rule|Moody Clause: Moody is banned
|rule|Evasion Moves Clause: Evasion moves are banned
|rule|Endless Battle Clause: Forcing endless battles is banned
|rule|HP Percentage Mod: HP is shown in percentages
|clearpoke
|poke|p1|Suicune
|poke|p1|Raikou
|poke|p1|Crobat, M
|poke|p1|Krookodile, M
|poke|p1|Jirachi
|poke|p1|Kyurem
|poke|p2|Sharpedo, F
|poke|p2|Infernape, M
|poke|p2|Swampert, M
|poke|p2|Jirachi
|poke|p2|Celebi
|poke|p2|Florges, F
|rule|Swagger Clause: Swagger is banned
|rule|Baton Pass Clause: Limit one PokÃ©mon knowing Baton Pass
|teampreview
|
|start
|switch|p1a: Kyurem|Kyurem|405\/405
|switch|p2a: Infernape|Infernape, M|293\/293
|-ability|p1a: Kyurem|Pressure
|turn|1
|
|switch|p1a: Crobat|Crobat, M|373\/373
|move|p2a: Infernape|Close Combat|p1a: Crobat
|-resisted|p1a: Crobat
|-damage|p1a: Crobat|299\/373
|-unboost|p2a: Infernape|def|1
|-unboost|p2a: Infernape|spd|1
|-damage|p2a: Infernape|264\/293|[from] item: Life Orb
|
|-heal|p1a: Crobat|322\/373|[from] item: Black Sludge
|turn|2
|
|switch|p1a: Krookodile|Krookodile, M|331\/331
|switch|p2a: Jirachi|Jirachi|361\/361
|
|turn|3
|
|move|p2a: Jirachi|U-turn|p1a: Krookodile
|-supereffective|p1a: Krookodile
|-damage|p1a: Krookodile|173\/331
|
|switch|p2a: Swampert|Swampert, M|404\/404
|move|p1a: Krookodile|Knock Off|p2a: Swampert
|-damage|p2a: Swampert|251\/404
|-enditem|p2a: Swampert|Leftovers|[from] move: Knock Off|[of] p1a: Krookodile
|-damage|p1a: Krookodile|140\/331|[from] item: Life Orb
|
|turn|4
|
|switch|p1a: Kyurem|Kyurem|405\/405
|-ability|p1a: Kyurem|Pressure
|move|p2a: Swampert|Stealth Rock|p1a: Kyurem
|-sidestart|p1: DragonzaEX|move: Stealth Rock
|
|turn|5
|
|switch|p2a: Florges|Florges, F|360\/360
|move|p1a: Kyurem|Substitute|p1a: Kyurem
|-start|p1a: Kyurem|Substitute
|-damage|p1a: Kyurem|304\/405
|
|turn|6
|
|move|p1a: Kyurem|Ice Beam|p2a: Florges
|-damage|p2a: Florges|242\/360
|-damage|p1a: Kyurem|264\/405|[from] item: Life Orb
|move|p2a: Florges|Moonblast|p1a: Kyurem
|-supereffective|p1a: Kyurem
|-end|p1a: Kyurem|Substitute
|
|-heal|p2a: Florges|264\/360|[from] item: Leftovers
|turn|7
|
|switch|p1a: Crobat|Crobat, M|322\/373
|-damage|p1a: Crobat|229\/373|[from] Stealth Rock
|switch|p2a: Infernape|Infernape, M|264\/293
|
|-heal|p1a: Crobat|252\/373|[from] item: Black Sludge
|turn|8
|
|switch|p2a: Jirachi|Jirachi|361\/361
|move|p1a: Crobat|Defog|p2a: Jirachi
|-unboost|p2a: Jirachi|evasion|1
|-sideend|p1: DragonzaEX|Stealth Rock|[from] move: Defog|[of] p1a: Crobat
|
|-heal|p1a: Crobat|275\/373|[from] item: Black Sludge
|turn|9
|
|switch|p1a: Jirachi|Jirachi|341\/341
|move|p2a: Jirachi|U-turn|p1a: Jirachi
|-crit|p1a: Jirachi
|-damage|p1a: Jirachi|243\/341
|
|switch|p2a: Infernape|Infernape, M|264\/293
|
|turn|10
|
|move|p1a: Jirachi|U-turn|p2a: Infernape
|-resisted|p2a: Infernape
|-damage|p2a: Infernape|240\/293
|
|switch|p1a: Suicune|Suicune|403\/403
|-ability|p1a: Suicune|Pressure
|move|p2a: Infernape|Fire Blast|p1a: Suicune
|-crit|p1a: Suicune
|-resisted|p1a: Suicune
|-damage|p1a: Suicune|293\/403
|-damage|p2a: Infernape|211\/293|[from] item: Life Orb
|
|-heal|p1a: Suicune|318\/403|[from] item: Leftovers
|turn|11
|
|switch|p1a: Crobat|Crobat, M|275\/373
|move|p2a: Infernape|Grass Knot|p1a: Crobat
|-crit|p1a: Crobat
|-resisted|p1a: Crobat
|-damage|p1a: Crobat|237\/373
|-damage|p2a: Infernape|182\/293|[from] item: Life Orb
|
|-heal|p1a: Crobat|260\/373|[from] item: Black Sludge
|turn|12
|
|move|p1a: Crobat|Roost|p1a: Crobat
|-heal|p1a: Crobat|373\/373
|move|p2a: Infernape|Fire Blast|p1a: Crobat|[miss]
|-miss|p2a: Infernape|p1a: Crobat
|
|turn|13
|
|switch|p2a: Jirachi|Jirachi|361\/361
|move|p1a: Crobat|Brave Bird|p2a: Jirachi
|-resisted|p2a: Jirachi
|-damage|p2a: Jirachi|295\/361
|-damage|p1a: Crobat|351\/373|[from] recoil|[of] p2a: Jirachi
|
|-heal|p1a: Crobat|373\/373|[from] item: Black Sludge
|turn|14
|
|switch|p1a: Suicune|Suicune|318\/403
|-ability|p1a: Suicune|Pressure
|move|p2a: Jirachi|Iron Head|p1a: Suicune
|-resisted|p1a: Suicune
|-damage|p1a: Suicune|282\/403
|
|-heal|p1a: Suicune|307\/403|[from] item: Leftovers
|turn|15
|
|switch|p2a: Florges|Florges, F|264\/360
|switch|p1a: Raikou|Raikou|322\/322
|-ability|p1a: Raikou|Pressure
|
|-heal|p2a: Florges|286\/360|[from] item: Leftovers
|turn|16
|
|move|p1a: Raikou|Volt Switch|p2a: Florges
|-damage|p2a: Florges|195\/360
|
|switch|p1a: Jirachi|Jirachi|243\/341
|move|p2a: Florges|Wish|p2a: Florges
|
|-heal|p2a: Florges|217\/360|[from] item: Leftovers
|turn|17
|
|move|p2a: Florges|Protect|p2a: Florges
|-singleturn|p2a: Florges|Protect
|move|p1a: Jirachi|Iron Head|p2a: Florges
|-activate|p2a: Florges|Protect
|
|-heal|p2a: Florges|360\/360|[from] move: Wish|[wisher] Florges
|turn|18
|
|switch|p2a: Swampert|Swampert, M|251\/404
|move|p1a: Jirachi|Iron Head|p2a: Swampert
|-resisted|p2a: Swampert
|-damage|p2a: Swampert|203\/404
|
|turn|19
|
|switch|p1a: Crobat|Crobat, M|373\/373
|move|p2a: Swampert|Earthquake|p1a: Crobat
|-immune|p1a: Crobat|[msg]
|
|turn|20
|
|move|p1a: Crobat|Toxic|p2a: Swampert
|-status|p2a: Swampert|tox
|move|p2a: Swampert|Waterfall|p1a: Crobat
|-damage|p1a: Crobat|247\/373
|
|-heal|p1a: Crobat|270\/373|[from] item: Black Sludge
|-damage|p2a: Swampert|178\/404 tox|[from] psn
|turn|21
|
|switch|p1a: Kyurem|Kyurem|264\/405
|-ability|p1a: Kyurem|Pressure
|move|p2a: Swampert|Waterfall|p1a: Kyurem
|-resisted|p1a: Kyurem
|-damage|p1a: Kyurem|207\/405
|
|-damage|p2a: Swampert|128\/404 tox|[from] psn
|turn|22
|
|move|p1a: Kyurem|Roost|p1a: Kyurem
|-heal|p1a: Kyurem|405\/405
|move|p2a: Swampert|Earthquake|p1a: Kyurem
|-damage|p1a: Kyurem|249\/405
|
|-damage|p2a: Swampert|53\/404 tox|[from] psn
|turn|23
|
|move|p1a: Kyurem|Roost|p1a: Kyurem
|-heal|p1a: Kyurem|405\/405
|move|p2a: Swampert|Stealth Rock|p1a: Kyurem
|-sidestart|p1: DragonzaEX|move: Stealth Rock
|
|-damage|p2a: Swampert|0 fnt|[from] psn
|faint|p2a: Swampert
|
|switch|p2a: Infernape|Infernape, M|182\/293
|turn|24
|
|move|p2a: Infernape|Close Combat|p1a: Kyurem
|-supereffective|p1a: Kyurem
|-damage|p1a: Kyurem|0 fnt
|-unboost|p2a: Infernape|def|1
|-unboost|p2a: Infernape|spd|1
|-damage|p2a: Infernape|153\/293|[from] item: Life Orb
|faint|p1a: Kyurem
|
|
|switch|p1a: Raikou|Raikou|322\/322
|-damage|p1a: Raikou|282\/322|[from] Stealth Rock
|-ability|p1a: Raikou|Pressure
|turn|25
|
|switch|p2a: Jirachi|Jirachi|295\/361
|move|p1a: Raikou|Volt Switch|p2a: Jirachi
|-damage|p2a: Jirachi|135\/361
|
|switch|p1a: Jirachi|Jirachi|243\/341
|-damage|p1a: Jirachi|222\/341|[from] Stealth Rock
|
|turn|26
|
|move|p2a: Jirachi|Fire Punch|p1a: Jirachi
|-supereffective|p1a: Jirachi
|-damage|p1a: Jirachi|70\/341
|move|p1a: Jirachi|Iron Head|p2a: Jirachi
|-resisted|p2a: Jirachi
|-damage|p2a: Jirachi|72\/361
|
|turn|27
|
|switch|p2a: Celebi|Celebi|404\/404
|move|p1a: Jirachi|Iron Head|p2a: Celebi
|-damage|p2a: Celebi|287\/404
|
|-heal|p2a: Celebi|312\/404|[from] item: Leftovers
|turn|28
|
|move|p1a: Jirachi|Iron Head|p2a: Celebi
|-damage|p2a: Celebi|191\/404
|cant|p2a: Celebi|flinch
|
|-heal|p2a: Celebi|216\/404|[from] item: Leftovers
|turn|29
|
|switch|p2a: Jirachi|Jirachi|72\/361
|move|p1a: Jirachi|Iron Head|p2a: Jirachi
|-resisted|p2a: Jirachi
|-damage|p2a: Jirachi|8\/361
|
|turn|30
|c|âDragonzaEX|this is my only way to win sorry
|
|move|p2a: Jirachi|Iron Head|p1a: Jirachi
|-resisted|p1a: Jirachi
|-damage|p1a: Jirachi|10\/341
|cant|p1a: Jirachi|flinch
|
|turn|31
|
|move|p1a: Jirachi|Iron Head|p2a: Jirachi
|-resisted|p2a: Jirachi
|-damage|p2a: Jirachi|0 fnt
|faint|p2a: Jirachi
|
|c|âI've joined|the fuck
|c|âDragonzaEX|woah
|c|âI've joined|that was a speed tie all along
|
|switch|p2a: Infernape|Infernape, M|153\/293
|turn|32
|
|move|p1a: Jirachi|Iron Head|p2a: Infernape
|-resisted|p2a: Infernape
|-damage|p2a: Infernape|63\/293
|cant|p2a: Infernape|flinch
|
|turn|33
|
|move|p2a: Infernape|Mach Punch|p1a: Jirachi
|-damage|p1a: Jirachi|0 fnt
|-damage|p2a: Infernape|34\/293|[from] item: Life Orb
|faint|p1a: Jirachi
|
|c|âI've joined|the fuck are u doing
|c|âI've joined|non sense
|c|âDragonzaEX|why didn't you do that earlier?
|c|âDragonzaEX|we both made bad plays
|
|switch|p1a: Crobat|Crobat, M|270\/373
|-damage|p1a: Crobat|177\/373|[from] Stealth Rock
|turn|34
|c|âI've joined|predicting crobat smartass
|
|move|p1a: Crobat|Brave Bird|p2a: Infernape
|-supereffective|p2a: Infernape
|-damage|p2a: Infernape|0 fnt
|-damage|p1a: Crobat|166\/373|[from] recoil|[of] p2a: Infernape
|faint|p2a: Infernape
|
|-heal|p1a: Crobat|189\/373|[from] item: Black Sludge
|
|switch|p2a: Sharpedo|Sharpedo, F|281\/281
|turn|35
|
|move|p2a: Sharpedo|Protect|p2a: Sharpedo
|-singleturn|p2a: Sharpedo|Protect
|move|p1a: Crobat|Roost|p1a: Crobat
|-heal|p1a: Crobat|373\/373
|
|-boost|p2a: Sharpedo|spe|1|[from] ability: Speed Boost
|turn|36
|
|switch|p1a: Krookodile|Krookodile, M|140\/331
|-damage|p1a: Krookodile|120\/331|[from] Stealth Rock
|detailschange|p2a: Sharpedo|Sharpedo-Mega, F
|-mega|p2a: Sharpedo|Sharpedo|Sharpedonite
|move|p2a: Sharpedo|Ice Fang|p1a: Krookodile
|-supereffective|p1a: Krookodile
|-damage|p1a: Krookodile|0 fnt
|faint|p1a: Krookodile
|
|
|switch|p1a: Suicune|Suicune|307\/403
|-damage|p1a: Suicune|257\/403|[from] Stealth Rock
|-ability|p1a: Suicune|Pressure
|turn|37
|
|move|p2a: Sharpedo|Crunch|p1a: Suicune
|-damage|p1a: Suicune|85\/403
|move|p1a: Suicune|Calm Mind|p1a: Suicune
|-boost|p1a: Suicune|spa|1
|-boost|p1a: Suicune|spd|1
|
|-heal|p1a: Suicune|110\/403|[from] item: Leftovers
|turn|38
|c|âI've joined|mega sharpedo is op
|c|âI've joined|top tier threat imo
|
|move|p2a: Sharpedo|Crunch|p1a: Suicune
|-damage|p1a: Suicune|0 fnt
|faint|p1a: Suicune
|
|c|âDragonzaEX|shit that did so much
|
|switch|p1a: Crobat|Crobat, M|373\/373
|-damage|p1a: Crobat|280\/373|[from] Stealth Rock
|turn|39
|
|move|p2a: Sharpedo|Crunch|p1a: Crobat
|-damage|p1a: Crobat|0 fnt
|faint|p1a: Crobat
|
|c|âDragonzaEX|gg
|-message|DragonzaEX forfeited.
|
|win|I've joined
|raw|Ladder updating...
|leave|DragonzaEX
|c|âI've joined|gg
|player|p1
|raw|DragonzaEX's rating: 1356 &rarr; <strong>1337<\/strong><br \/>(-19 for losing)
|raw|I&apos;ve joined's rating: 1388 &rarr; <strong>1407<\/strong><br \/>(+19 for winning)