|join|charan29
|join|I've joined
|player|p1|charan29|153
|player|p2|I've joined|8
|gametype|singles
|gen|6
|tier|UU
|rated
|rule|Sleep Clause Mod: Limit one foe put to sleep
|rule|Species Clause: Limit one of each PokÃ©mon
|rule|OHKO Clause: OHKO moves are banned
|rule|Moody Clause: Moody is banned
|rule|Evasion Moves Clause: Evasion moves are banned
|rule|Endless Battle Clause: Forcing endless battles is banned
|rule|HP Percentage Mod: HP is shown in percentages
|clearpoke
|poke|p1|Galvantula, M
|poke|p1|Infernape, F
|poke|p1|Sharpedo, M
|poke|p1|Alakazam, F
|poke|p1|Hydreigon, M
|poke|p1|Haxorus, F
|poke|p2|Medicham, M
|poke|p2|Krookodile, M
|poke|p2|Chesnaught, M
|poke|p2|Empoleon, M
|poke|p2|Entei, shiny
|poke|p2|Yanmega, M
|rule|Swagger Clause: Swagger is banned
|rule|Baton Pass Clause: Limit one PokÃ©mon knowing Baton Pass
|teampreview
|
|start
|switch|p1a: Galvantula|Galvantula, M|281\/281
|switch|p2a: Medicham|Medicham, M|261\/261
|turn|1
|
|switch|p1a: Sharpedo|Sharpedo, M|281\/281
|detailschange|p2a: Medicham|Medicham-Mega, M
|-mega|p2a: Medicham|Medicham|Medichamite
|move|p2a: Medicham|Fake Out|p1a: Sharpedo
|-damage|p1a: Sharpedo|110\/281
|
|turn|2
|
|switch|p2a: Chesnaught|Chesnaught, M|380\/380
|move|p1a: Sharpedo|Protect|p1a: Sharpedo
|-fail|p1a: Sharpedo
|
|-boost|p1a: Sharpedo|spe|1|[from] ability: Speed Boost
|turn|3
|
|detailschange|p1a: Sharpedo|Sharpedo-Mega, M
|-mega|p1a: Sharpedo|Sharpedo|Sharpedonite
|move|p1a: Sharpedo|Destiny Bond|p1a: Sharpedo
|-singlemove|p1a: Sharpedo|Destiny Bond
|move|p2a: Chesnaught|Drain Punch|p1a: Sharpedo
|-supereffective|p1a: Sharpedo
|-damage|p1a: Sharpedo|0 fnt
|faint|p1a: Sharpedo
|-activate|p1a: Sharpedo|Destiny Bond
|faint|p2a: Chesnaught
|
|c|âI've joined|O.O
|
|switch|p2a: Medicham|Medicham-Mega, M|261\/261
|switch|p1a: Galvantula|Galvantula, M|281\/281
|turn|4
|
|move|p2a: Medicham|Fake Out|p1a: Galvantula
|-damage|p1a: Galvantula|171\/281
|cant|p1a: Galvantula|flinch
|
|turn|5
|
|move|p2a: Medicham|Zen Headbutt|p1a: Galvantula
|-damage|p1a: Galvantula|0 fnt
|faint|p1a: Galvantula
|
|
|switch|p1a: Alakazam|Alakazam, F|251\/251
|turn|6
|
|switch|p2a: Krookodile|Krookodile, M|331\/331
|move|p1a: Alakazam|Dazzling Gleam|p2a: Krookodile
|-supereffective|p2a: Krookodile
|-damage|p2a: Krookodile|0 fnt
|faint|p2a: Krookodile
|
|
|switch|p2a: Empoleon|Empoleon, M|372\/372
|turn|7
|
|move|p1a: Alakazam|Energy Ball|p2a: Empoleon
|-damage|p2a: Empoleon|267\/372
|move|p2a: Empoleon|Scald|p1a: Alakazam
|-damage|p1a: Alakazam|145\/251
|
|-heal|p2a: Empoleon|290\/372|[from] item: Leftovers
|turn|8
|
|move|p1a: Alakazam|Energy Ball|p2a: Empoleon
|-damage|p2a: Empoleon|189\/372
|move|p2a: Empoleon|Stealth Rock|p1a: Alakazam
|-sidestart|p1: charan29|move: Stealth Rock
|
|-heal|p2a: Empoleon|212\/372|[from] item: Leftovers
|turn|9
|
|move|p1a: Alakazam|Energy Ball|p2a: Empoleon
|-crit|p2a: Empoleon
|-damage|p2a: Empoleon|40\/372
|move|p2a: Empoleon|Scald|p1a: Alakazam
|-damage|p1a: Alakazam|0 fnt
|faint|p1a: Alakazam
|
|-heal|p2a: Empoleon|63\/372|[from] item: Leftovers
|
|switch|p1a: Hydreigon|Hydreigon, M|325\/325
|-damage|p1a: Hydreigon|285\/325|[from] Stealth Rock
|turn|10
|
|move|p1a: Hydreigon|Dark Pulse|p2a: Empoleon
|-damage|p2a: Empoleon|0 fnt
|-damage|p1a: Hydreigon|253\/325|[from] item: Life Orb
|faint|p2a: Empoleon
|
|
|switch|p2a: Medicham|Medicham-Mega, M|261\/261
|turn|11
|
|move|p2a: Medicham|High Jump Kick|p1a: Hydreigon
|-supereffective|p1a: Hydreigon
|-damage|p1a: Hydreigon|0 fnt
|faint|p1a: Hydreigon
|
|
|switch|p1a: Haxorus|Haxorus, F|293\/293
|-damage|p1a: Haxorus|257\/293|[from] Stealth Rock
|-ability|p1a: Haxorus|Mold Breaker
|turn|12
|
|move|p1a: Haxorus|Outrage|p2a: Medicham
|-damage|p2a: Medicham|0 fnt
|faint|p2a: Medicham
|
|
|switch|p2a: Entei|Entei, shiny|371\/371
|-ability|p2a: Entei|Pressure
|turn|13
|
|move|p2a: Entei|Extreme Speed|p1a: Haxorus
|-crit|p1a: Haxorus
|-damage|p1a: Haxorus|15\/293
|move|p1a: Haxorus|Outrage|p2a: Entei
|-damage|p2a: Entei|56\/371
|
|turn|14
|
|move|p2a: Entei|Extreme Speed|p1a: Haxorus
|-crit|p1a: Haxorus
|-damage|p1a: Haxorus|0 fnt
|faint|p1a: Haxorus
|
|
|switch|p1a: Infernape|Infernape, F|293\/293
|-damage|p1a: Infernape|257\/293|[from] Stealth Rock
|turn|15
|
|move|p2a: Entei|Extreme Speed|p1a: Infernape
|-damage|p1a: Infernape|82\/293
|move|p1a: Infernape|Mach Punch|p2a: Entei
|-damage|p2a: Entei|0 fnt
|-damage|p1a: Infernape|53\/293|[from] item: Life Orb
|faint|p2a: Entei
|
|-message|charan29 forfeited.
|
|win|I've joined
|raw|Ladder updating...
|leave|charan29
|player|p1
|raw|charan29's rating: 1267 &rarr; <strong>1244<\/strong><br \/>(-23 for losing)
|raw|I&apos;ve joined's rating: 1290 &rarr; <strong>1313<\/strong><br \/>(+23 for winning)