|join|bizarman
|join|WECAMEASROMANS
|player|p1|bizarman|42
|player|p2|WECAMEASROMANS|257
|gametype|singles
|gen|6
|tier|ORAS OU
|rated
|rule|Sleep Clause Mod: Limit one foe put to sleep
|rule|Species Clause: Limit one of each PokÃ©mon
|rule|OHKO Clause: OHKO moves are banned
|rule|Moody Clause: Moody is banned
|rule|Evasion Moves Clause: Evasion moves are banned
|rule|Endless Battle Clause: Forcing endless battles is banned
|rule|HP Percentage Mod: HP is shown in percentages
|clearpoke
|poke|p1|Altaria, F
|poke|p1|Scizor, M
|poke|p1|Raikou
|poke|p1|Terrakion
|poke|p1|Zapdos
|poke|p1|Keldeo
|poke|p2|Thundurus, M
|poke|p2|Magnezone
|poke|p2|Terrakion
|poke|p2|Latias, F
|poke|p2|Gyarados, M
|poke|p2|Kyurem-Black
|rule|Swagger Clause: Swagger is banned
|rule|Baton Pass Clause: Limit one PokÃ©mon knowing Baton Pass
|teampreview
|
|start
|switch|p1a: Nanami|Terrakion|323\/323
|switch|p2a: Terrakion|Terrakion|323\/323
|turn|1
|
|move|p1a: Nanami|Close Combat|p2a: Terrakion
|-supereffective|p2a: Terrakion
|-enditem|p2a: Terrakion|Focus Sash
|-damage|p2a: Terrakion|1\/323
|-unboost|p1a: Nanami|def|1
|-unboost|p1a: Nanami|spd|1
|move|p2a: Terrakion|Close Combat|p1a: Nanami
|-supereffective|p1a: Nanami
|-enditem|p1a: Nanami|Focus Sash
|-damage|p1a: Nanami|1\/323
|-unboost|p2a: Terrakion|def|1
|-unboost|p2a: Terrakion|spd|1
|
|turn|2
|join|Ausgezeichnet
|
|move|p1a: Nanami|Stealth Rock|p2a: Terrakion
|-sidestart|p2: WECAMEASROMANS|move: Stealth Rock
|move|p2a: Terrakion|Close Combat|p1a: Nanami
|-supereffective|p1a: Nanami
|-damage|p1a: Nanami|0 fnt
|-unboost|p2a: Terrakion|def|1
|-unboost|p2a: Terrakion|spd|1
|faint|p1a: Nanami
|
|
|switch|p1a: Juri Arisugawa|Raikou|321\/321
|-ability|p1a: Juri Arisugawa|Pressure
|turn|3
|
|move|p1a: Juri Arisugawa|Volt Switch|p2a: Terrakion
|-damage|p2a: Terrakion|0 fnt
|faint|p2a: Terrakion
|
|switch|p1a: Utena Tenjou|Keldeo|323\/323
|
|
|switch|p2a: Latias|Latias, F|302\/302
|-damage|p2a: Latias|265\/302|[from] Stealth Rock
|turn|4
|
|switch|p1a: Touga|Scizor, M|281\/281
|move|p2a: Latias|Defog|p1a: Touga
|-unboost|p1a: Touga|evasion|1
|-sideend|p2: WECAMEASROMANS|Stealth Rock|[from] move: Defog|[of] p2a: Latias
|
|turn|5
|join|BIG SCHLONG MCDONG
|
|switch|p2a: Gyarados|Gyarados, M|347\/347
|-ability|p2a: Gyarados|Intimidate|[of] p1a: Touga
|-unboost|p1a: Touga|atk|1
|move|p1a: Touga|U-turn|p2a: Gyarados
|-resisted|p2a: Gyarados
|-damage|p2a: Gyarados|266\/347
|
|switch|p1a: Juri Arisugawa|Raikou|321\/321
|-ability|p1a: Juri Arisugawa|Pressure
|
|turn|6
|
|switch|p2a: Kyurem-Black|Kyurem-Black|391\/391
|-ability|p2a: Kyurem-Black|Teravolt
|move|p1a: Juri Arisugawa|Volt Switch|p2a: Kyurem-Black
|-resisted|p2a: Kyurem-Black
|-damage|p2a: Kyurem-Black|333\/391
|
|switch|p1a: Touga|Scizor, M|281\/281
|
|turn|7
|
|move|p2a: Kyurem-Black|Earth Power|p1a: Touga
|-damage|p1a: Touga|104\/281
|-damage|p2a: Kyurem-Black|294\/391|[from] item: Life Orb
|move|p1a: Touga|Superpower|p2a: Kyurem-Black
|-supereffective|p2a: Kyurem-Black
|-damage|p2a: Kyurem-Black|0 fnt
|-unboost|p1a: Touga|atk|1
|-unboost|p1a: Touga|def|1
|faint|p2a: Kyurem-Black
|
|
|switch|p2a: Gyarados|Gyarados, M|266\/347
|-ability|p2a: Gyarados|Intimidate|[of] p1a: Touga
|-unboost|p1a: Touga|atk|1
|turn|8
|
|switch|p1a: Miki Kaoru|Zapdos|384\/384
|-ability|p1a: Miki Kaoru|Pressure
|move|p2a: Gyarados|Dragon Dance|p2a: Gyarados
|-boost|p2a: Gyarados|atk|1
|-boost|p2a: Gyarados|spe|1
|
|turn|9
|
|detailschange|p2a: Gyarados|Gyarados-Mega, M
|message|Gyarados has Mega Evolved into Mega Gyarados!
|-ability|p2a: Gyarados|Mold Breaker
|move|p2a: Gyarados|Dragon Dance|p2a: Gyarados
|-boost|p2a: Gyarados|atk|1
|-boost|p2a: Gyarados|spe|1
|move|p1a: Miki Kaoru|Thunderbolt|p2a: Gyarados
|-supereffective|p2a: Gyarados
|-damage|p2a: Gyarados|50\/347
|
|turn|10
|
|move|p2a: Gyarados|Waterfall|p1a: Miki Kaoru
|-damage|p1a: Miki Kaoru|101\/384
|move|p1a: Miki Kaoru|Thunderbolt|p2a: Gyarados
|-supereffective|p2a: Gyarados
|-damage|p2a: Gyarados|0 fnt
|faint|p2a: Gyarados
|
|-heal|p1a: Miki Kaoru|125\/384|[from] item: Leftovers
|-message|WECAMEASROMANS forfeited.
|
|win|bizarman
|raw|Ladder updating...
|leave|WECAMEASROMANS
|player|p2
|raw|bizarman's rating: 1465 &rarr; <strong>1488<\/strong><br \/>(+23 for winning)
|raw|WECAMEASROMANS's rating: 1524 &rarr; <strong>1501<\/strong><br \/>(-23 for losing)
|leave|Ausgezeichnet