|join|McCraft
|join|bizarman
|player|p1|McCraft|80
|player|p2|bizarman|42
|gametype|singles
|gen|6
|tier|ORAS OU
|rated
|rule|Sleep Clause Mod: Limit one foe put to sleep
|rule|Species Clause: Limit one of each PokÃ©mon
|rule|OHKO Clause: OHKO moves are banned
|rule|Moody Clause: Moody is banned
|rule|Evasion Moves Clause: Evasion moves are banned
|rule|Endless Battle Clause: Forcing endless battles is banned
|rule|HP Percentage Mod: HP is shown in percentages
|clearpoke
|poke|p1|Latias, F
|poke|p1|Ferrothorn, M
|poke|p1|Weavile, F
|poke|p1|Heatran, M
|poke|p1|Thundurus-Therian, M
|poke|p1|Swampert, M
|poke|p2|Altaria, F
|poke|p2|Scizor, M
|poke|p2|Heatran, F
|poke|p2|Terrakion
|poke|p2|Zapdos
|poke|p2|Keldeo
|rule|Swagger Clause: Swagger is banned
|rule|Baton Pass Clause: Limit one PokÃ©mon knowing Baton Pass
|teampreview
|c|âMcCraft|gl
|
|start
|switch|p1a: Swampert|Swampert, M|404\/404
|switch|p2a: Nanami|Terrakion|323\/323
|turn|1
|c|âbizarman|glhf
|
|detailschange|p1a: Swampert|Swampert-Mega, M
|message|Swampert has Mega Evolved into Mega Swampert!
|move|p2a: Nanami|Taunt|p1a: Swampert
|-start|p1a: Swampert|move: Taunt
|move|p1a: Swampert|Power-Up Punch|p2a: Nanami
|-supereffective|p2a: Nanami
|-damage|p2a: Nanami|217\/323
|-boost|p1a: Swampert|atk|1
|
|turn|2
|
|move|p2a: Nanami|Stealth Rock|p1a: Swampert
|-sidestart|p1: McCraft|move: Stealth Rock
|move|p1a: Swampert|Earthquake|p2a: Nanami
|-supereffective|p2a: Nanami
|-damage|p2a: Nanami|0 fnt
|faint|p2a: Nanami
|
|
|switch|p2a: Utena Tenjou|Keldeo|323\/323
|turn|3
|
|switch|p1a: Latias|Latias, F|319\/319
|-damage|p1a: Latias|280\/319|[from] Stealth Rock
|move|p2a: Utena Tenjou|Scald|p1a: Latias
|-resisted|p1a: Latias
|-damage|p1a: Latias|226\/319
|
|turn|4
|
|switch|p2a: Akio Ohtori|Heatran, F|386\/386
|move|p1a: Latias|Psyshock|p2a: Akio Ohtori
|-crit|p2a: Akio Ohtori
|-resisted|p2a: Akio Ohtori
|-damage|p2a: Akio Ohtori|265\/386
|-damage|p1a: Latias|195\/319|[from] item: Life Orb
|
|-heal|p2a: Akio Ohtori|289\/386|[from] item: Leftovers
|turn|5
|
|switch|p1a: Swampert|Swampert-Mega, M|404\/404
|-damage|p1a: Swampert|379\/404|[from] Stealth Rock
|move|p2a: Akio Ohtori|Toxic|p1a: Swampert|[miss]
|-miss|p2a: Akio Ohtori|p1a: Swampert
|
|-heal|p2a: Akio Ohtori|313\/386|[from] item: Leftovers
|turn|6
|
|move|p2a: Akio Ohtori|Protect|p2a: Akio Ohtori
|-singleturn|p2a: Akio Ohtori|Protect
|move|p1a: Swampert|Ice Punch|p2a: Akio Ohtori
|-activate|p2a: Akio Ohtori|Protect
|
|-heal|p2a: Akio Ohtori|337\/386|[from] item: Leftovers
|turn|7
|
|switch|p2a: Miki Kaoru|Zapdos|384\/384
|-ability|p2a: Miki Kaoru|Pressure
|move|p1a: Swampert|Earthquake|p2a: Miki Kaoru
|-immune|p2a: Miki Kaoru|[msg]
|
|turn|8
|
|switch|p2a: Utena Tenjou|Keldeo|323\/323
|move|p1a: Swampert|Ice Punch|p2a: Utena Tenjou
|-resisted|p2a: Utena Tenjou
|-damage|p2a: Utena Tenjou|272\/323
|
|turn|9
|
|move|p2a: Utena Tenjou|Scald|p1a: Swampert
|-damage|p1a: Swampert|270\/404
|-status|p1a: Swampert|brn
|move|p1a: Swampert|Earthquake|p2a: Utena Tenjou
|-damage|p2a: Utena Tenjou|167\/323
|
|-damage|p1a: Swampert|220\/404 brn|[from] brn
|turn|10
|
|move|p2a: Utena Tenjou|Scald|p1a: Swampert
|-damage|p1a: Swampert|99\/404 brn
|move|p1a: Swampert|Earthquake|p2a: Utena Tenjou
|-damage|p2a: Utena Tenjou|67\/323
|
|-damage|p1a: Swampert|49\/404 brn|[from] brn
|turn|11
|
|move|p2a: Utena Tenjou|Scald|p1a: Swampert
|-damage|p1a: Swampert|0 fnt
|faint|p1a: Swampert
|
|
|switch|p1a: Thundurus-Therian|Thundurus-Therian, M|300\/300
|-damage|p1a: Thundurus-Therian|225\/300|[from] Stealth Rock
|turn|12
|
|switch|p2a: Akio Ohtori|Heatran, F|337\/386
|move|p1a: Thundurus-Therian|Thunderbolt|p2a: Akio Ohtori
|-damage|p2a: Akio Ohtori|219\/386
|
|-heal|p2a: Akio Ohtori|243\/386|[from] item: Leftovers
|turn|13
|
|move|p2a: Akio Ohtori|Protect|p2a: Akio Ohtori
|-singleturn|p2a: Akio Ohtori|Protect
|move|p1a: Thundurus-Therian|Thunderbolt|p2a: Akio Ohtori
|-activate|p2a: Akio Ohtori|Protect
|
|-heal|p2a: Akio Ohtori|267\/386|[from] item: Leftovers
|turn|14
|
|move|p1a: Thundurus-Therian|Thunderbolt|p2a: Akio Ohtori
|-damage|p2a: Akio Ohtori|140\/386
|move|p2a: Akio Ohtori|Toxic|p1a: Thundurus-Therian
|-status|p1a: Thundurus-Therian|tox
|
|-heal|p2a: Akio Ohtori|164\/386|[from] item: Leftovers
|-damage|p1a: Thundurus-Therian|207\/300 tox|[from] psn
|turn|15
|
|move|p2a: Akio Ohtori|Protect|p2a: Akio Ohtori
|-singleturn|p2a: Akio Ohtori|Protect
|move|p1a: Thundurus-Therian|Thunderbolt|p2a: Akio Ohtori
|-activate|p2a: Akio Ohtori|Protect
|
|-heal|p2a: Akio Ohtori|188\/386|[from] item: Leftovers
|-damage|p1a: Thundurus-Therian|171\/300 tox|[from] psn
|turn|16
|c|âMcCraft|gtg sorry :]
|c|âbizarman|np
|-message|McCraft forfeited.
|
|win|bizarman
|raw|Ladder updating...
|leave|McCraft
|player|p1