|join|bizarman
|join|ThaBreeze7
|player|p1|bizarman|42
|player|p2|ThaBreeze7|164
|gametype|singles
|gen|6
|tier|ORAS OU
|rated
|rule|Sleep Clause Mod: Limit one foe put to sleep
|rule|Species Clause: Limit one of each PokÃ©mon
|rule|OHKO Clause: OHKO moves are banned
|rule|Moody Clause: Moody is banned
|rule|Evasion Moves Clause: Evasion moves are banned
|rule|Endless Battle Clause: Forcing endless battles is banned
|rule|HP Percentage Mod: HP is shown in percentages
|clearpoke
|poke|p1|Talonflame, F
|poke|p1|Beedrill, F
|poke|p1|Landorus-Therian, M
|poke|p1|Excadrill, M
|poke|p1|Gothitelle, M
|poke|p1|Rotom-Wash
|poke|p2|Politoed, F
|poke|p2|Swampert, M
|poke|p2|Tornadus-Therian, M
|poke|p2|Ferrothorn, M
|poke|p2|Kabutops, F
|poke|p2|Latios, M
|rule|Swagger Clause: Swagger is banned
|rule|Baton Pass Clause: Limit one PokÃ©mon knowing Baton Pass
|teampreview
|
|start
|switch|p1a: PierceTheHeavens|Beedrill, F|271\/271
|switch|p2a: Ferrothorn|Ferrothorn, M|352\/352
|turn|1
|
|detailschange|p1a: PierceTheHeavens|Beedrill-Mega, F
|message|Beedrill has Mega Evolved into Mega Beedrill!
|move|p1a: PierceTheHeavens|U-turn|p2a: Ferrothorn
|-damage|p2a: Ferrothorn|220\/352
|-damage|p1a: PierceTheHeavens|238\/271|[from] ability: Iron Barbs|[of] p2a: Ferrothorn
|
|switch|p1a: True Evil|Gothitelle, M|281\/281
|move|p2a: Ferrothorn|Leech Seed|p1a: True Evil
|-start|p1a: True Evil|move: Leech Seed
|
|-heal|p2a: Ferrothorn|242\/352|[from] item: Leftovers
|-damage|p1a: True Evil|246\/281|[from] Leech Seed|[of] p2a: Ferrothorn
|-heal|p2a: Ferrothorn|277\/352|[silent]
|turn|2
|
|move|p1a: True Evil|Hidden Power|p2a: Ferrothorn
|-supereffective|p2a: Ferrothorn
|-damage|p2a: Ferrothorn|1\/352
|move|p2a: Ferrothorn|Knock Off|p1a: True Evil
|-supereffective|p1a: True Evil
|-damage|p1a: True Evil|94\/281
|-enditem|p1a: True Evil|Choice Specs|[from] move: Knock Off|[of] p2a: Ferrothorn
|
|-heal|p2a: Ferrothorn|23\/352|[from] item: Leftovers
|-damage|p1a: True Evil|59\/281|[from] Leech Seed|[of] p2a: Ferrothorn
|-heal|p2a: Ferrothorn|58\/352|[silent]
|turn|3
|join|kyarry
|
|move|p1a: True Evil|Hidden Power|p2a: Ferrothorn
|-supereffective|p2a: Ferrothorn
|-damage|p2a: Ferrothorn|0 fnt
|faint|p2a: Ferrothorn
|
|
|switch|p2a: Tornadus-Therian|Tornadus-Therian, M|332\/332
|turn|4
|
|switch|p1a: Rotom-Wash|Rotom-Wash|304\/304
|move|p2a: Tornadus-Therian|U-turn|p1a: Rotom-Wash
|-damage|p1a: Rotom-Wash|270\/304
|
|switch|p2a: Latios|Latios, M|302\/302
|
|-heal|p1a: Rotom-Wash|289\/304|[from] item: Leftovers
|turn|5
|
|switch|p1a: Excadrill|Excadrill, M|362\/362
|-ability|p1a: Excadrill|Mold Breaker
|move|p2a: Latios|Draco Meteor|p1a: Excadrill
|-resisted|p1a: Excadrill
|-damage|p1a: Excadrill|191\/362
|-unboost|p2a: Latios|spa|2
|
|turn|6
|
|switch|p2a: Tornadus-Therian|Tornadus-Therian, M|332\/332
|move|p1a: Excadrill|Earthquake|p2a: Tornadus-Therian
|-immune|p2a: Tornadus-Therian|[msg]
|
|turn|7
|
|switch|p1a: Landorus-Therian|Landorus-Therian, M|382\/382
|-ability|p1a: Landorus-Therian|Intimidate|[of] p2a: Tornadus-Therian
|-unboost|p2a: Tornadus-Therian|atk|1
|move|p2a: Tornadus-Therian|Knock Off|p1a: Landorus-Therian
|-damage|p1a: Landorus-Therian|345\/382
|-enditem|p1a: Landorus-Therian|Leftovers|[from] move: Knock Off|[of] p2a: Tornadus-Therian
|
|turn|8
|
|move|p2a: Tornadus-Therian|U-turn|p1a: Landorus-Therian
|-resisted|p1a: Landorus-Therian
|-damage|p1a: Landorus-Therian|333\/382
|
|switch|p2a: Politoed|Politoed, F|384\/384
|-weather|RainDance
|move|p1a: Landorus-Therian|Stealth Rock|p2a: Politoed
|-sidestart|p2: ThaBreeze7|move: Stealth Rock
|
|-weather|RainDance|[upkeep]
|turn|9
|
|switch|p2a: Swampert|Swampert, M|341\/341
|-damage|p2a: Swampert|320\/341|[from] Stealth Rock
|move|p1a: Landorus-Therian|U-turn|p2a: Swampert
|-damage|p2a: Swampert|231\/341
|
|switch|p1a: Rotom-Wash|Rotom-Wash|289\/304
|
|-weather|RainDance|[upkeep]
|-heal|p1a: Rotom-Wash|304\/304|[from] item: Leftovers
|turn|10
|
|switch|p2a: Tornadus-Therian|Tornadus-Therian, M|332\/332
|-damage|p2a: Tornadus-Therian|249\/332|[from] Stealth Rock
|move|p1a: Rotom-Wash|Will-O-Wisp|p2a: Tornadus-Therian|[miss]
|-miss|p1a: Rotom-Wash|p2a: Tornadus-Therian
|
|-weather|RainDance|[upkeep]
|turn|11
|
|move|p2a: Tornadus-Therian|U-turn|p1a: Rotom-Wash
|-damage|p1a: Rotom-Wash|271\/304
|
|switch|p2a: Latios|Latios, M|302\/302
|-damage|p2a: Latios|265\/302|[from] Stealth Rock
|move|p1a: Rotom-Wash|Volt Switch|p2a: Latios
|-resisted|p2a: Latios
|-damage|p2a: Latios|226\/302
|
|switch|p1a: PierceTheHeavens|Beedrill-Mega, F|238\/271
|
|-weather|RainDance|[upkeep]
|turn|12
|
|move|p2a: Latios|Psyshock|p1a: PierceTheHeavens
|-supereffective|p1a: PierceTheHeavens
|-damage|p1a: PierceTheHeavens|0 fnt
|faint|p1a: PierceTheHeavens
|
|-weather|RainDance|[upkeep]
|
|switch|p1a: Excadrill|Excadrill, M|191\/362
|-ability|p1a: Excadrill|Mold Breaker
|turn|13
|
|switch|p2a: Swampert|Swampert, M|231\/341
|-damage|p2a: Swampert|210\/341|[from] Stealth Rock
|move|p1a: Excadrill|Iron Head|p2a: Swampert
|-resisted|p2a: Swampert
|-damage|p2a: Swampert|126\/341
|
|-weather|RainDance|[upkeep]
|turn|14
|
|switch|p1a: Rotom-Wash|Rotom-Wash|271\/304
|detailschange|p2a: Swampert|Swampert-Mega, M
|message|Swampert has Mega Evolved into Mega Swampert!
|move|p2a: Swampert|Waterfall|p1a: Rotom-Wash
|-resisted|p1a: Rotom-Wash
|-damage|p1a: Rotom-Wash|179\/304
|
|-weather|RainDance|[upkeep]
|-heal|p1a: Rotom-Wash|198\/304|[from] item: Leftovers
|turn|15
|
|switch|p2a: Latios|Latios, M|226\/302
|-damage|p2a: Latios|189\/302|[from] Stealth Rock
|move|p1a: Rotom-Wash|Will-O-Wisp|p2a: Latios
|-status|p2a: Latios|brn
|
|-weather|none
|-heal|p1a: Rotom-Wash|217\/304|[from] item: Leftovers
|-damage|p2a: Latios|152\/302 brn|[from] brn
|turn|16
|
|switch|p1a: True Evil|Gothitelle, M|59\/281
|move|p2a: Latios|Draco Meteor|p1a: True Evil
|-damage|p1a: True Evil|0 fnt
|-unboost|p2a: Latios|spa|2
|faint|p1a: True Evil
|
|-damage|p2a: Latios|115\/302 brn|[from] brn
|
|switch|p1a: Excadrill|Excadrill, M|191\/362
|-ability|p1a: Excadrill|Mold Breaker
|turn|17
|
|switch|p2a: Tornadus-Therian|Tornadus-Therian, M|332\/332
|-damage|p2a: Tornadus-Therian|249\/332|[from] Stealth Rock
|move|p1a: Excadrill|Iron Head|p2a: Tornadus-Therian
|-damage|p2a: Tornadus-Therian|83\/332
|
|turn|18
|
|switch|p1a: Rotom-Wash|Rotom-Wash|217\/304
|move|p2a: Tornadus-Therian|Focus Blast|p1a: Rotom-Wash
|-damage|p1a: Rotom-Wash|112\/304
|
|-heal|p1a: Rotom-Wash|131\/304|[from] item: Leftovers
|turn|19
|
|switch|p1a: Talonflame|Talonflame, F|319\/319
|move|p2a: Tornadus-Therian|U-turn|p1a: Talonflame
|-resisted|p1a: Talonflame
|-damage|p1a: Talonflame|302\/319
|
|switch|p2a: Politoed|Politoed, F|384\/384
|-damage|p2a: Politoed|336\/384|[from] Stealth Rock
|-weather|RainDance
|
|-weather|RainDance|[upkeep]
|turn|20
|
|move|p1a: Talonflame|U-turn|p2a: Politoed
|-crit|p2a: Politoed
|-damage|p2a: Politoed|168\/384
|
|switch|p1a: Rotom-Wash|Rotom-Wash|131\/304
|move|p2a: Politoed|Encore|p1a: Rotom-Wash
|-fail|p1a: Rotom-Wash
|
|-weather|RainDance|[upkeep]
|-heal|p1a: Rotom-Wash|150\/304|[from] item: Leftovers
|turn|21
|
|move|p1a: Rotom-Wash|Pain Split|p2a: Politoed
|-sethp|p2a: Politoed|159\/384|p1a: Rotom-Wash|159\/304|[from] move: Pain Split
|move|p2a: Politoed|Toxic|p1a: Rotom-Wash|[miss]
|-miss|p2a: Politoed|p1a: Rotom-Wash
|
|-weather|RainDance|[upkeep]
|-heal|p1a: Rotom-Wash|178\/304|[from] item: Leftovers
|turn|22
|
|move|p1a: Rotom-Wash|Volt Switch|p2a: Politoed
|-supereffective|p2a: Politoed
|-damage|p2a: Politoed|33\/384
|
|switch|p1a: Landorus-Therian|Landorus-Therian, M|333\/382
|-ability|p1a: Landorus-Therian|Intimidate|[of] p2a: Politoed
|-unboost|p2a: Politoed|atk|1
|move|p2a: Politoed|Rest|p2a: Politoed
|-status|p2a: Politoed|slp
|-heal|p2a: Politoed|384\/384 slp|[silent]
|-status|p2a: Politoed|slp|[from] move: Rest
|
|-weather|RainDance|[upkeep]
|turn|23
|
|switch|p2a: Latios|Latios, M|115\/302 brn
|-damage|p2a: Latios|78\/302 brn|[from] Stealth Rock
|move|p1a: Landorus-Therian|Earthquake|p2a: Latios
|-immune|p2a: Latios|[msg]
|
|-weather|RainDance|[upkeep]
|-damage|p2a: Latios|41\/302 brn|[from] brn
|turn|24
|
|move|p2a: Latios|Surf|p1a: Landorus-Therian
|-supereffective|p1a: Landorus-Therian
|-damage|p1a: Landorus-Therian|0 fnt
|faint|p1a: Landorus-Therian
|
|-weather|RainDance|[upkeep]
|-damage|p2a: Latios|4\/302 brn|[from] brn
|
|switch|p1a: Talonflame|Talonflame, F|302\/319
|turn|25
|
|move|p1a: Talonflame|Brave Bird|p2a: Latios
|-damage|p2a: Latios|0 fnt
|-damage|p1a: Talonflame|301\/319|[from] recoil|[of] p2a: Latios
|faint|p2a: Latios
|
|-weather|RainDance|[upkeep]
|
|switch|p2a: Kabutops|Kabutops, F|262\/262
|-damage|p2a: Kabutops|230\/262|[from] Stealth Rock
|turn|26
|
|switch|p1a: Rotom-Wash|Rotom-Wash|178\/304
|move|p2a: Kabutops|Stone Edge|p1a: Rotom-Wash|[miss]
|-miss|p2a: Kabutops|p1a: Rotom-Wash
|
|-weather|none
|-heal|p1a: Rotom-Wash|197\/304|[from] item: Leftovers
|turn|27
|
|switch|p2a: Politoed|Politoed, F|384\/384 slp
|-damage|p2a: Politoed|336\/384 slp|[from] Stealth Rock
|-weather|RainDance
|move|p1a: Rotom-Wash|Volt Switch|p2a: Politoed
|-supereffective|p2a: Politoed
|-damage|p2a: Politoed|208\/384 slp
|
|switch|p1a: Excadrill|Excadrill, M|191\/362
|-ability|p1a: Excadrill|Mold Breaker
|
|-weather|RainDance|[upkeep]
|turn|28
|
|switch|p2a: Tornadus-Therian|Tornadus-Therian, M|193\/332
|-damage|p2a: Tornadus-Therian|110\/332|[from] Stealth Rock
|move|p1a: Excadrill|Earthquake|p2a: Tornadus-Therian
|-immune|p2a: Tornadus-Therian|[msg]
|
|-weather|RainDance|[upkeep]
|turn|29
|
|switch|p1a: Talonflame|Talonflame, F|301\/319
|move|p2a: Tornadus-Therian|Knock Off|p1a: Talonflame
|-damage|p1a: Talonflame|207\/319
|-enditem|p1a: Talonflame|Choice Band|[from] move: Knock Off|[of] p2a: Tornadus-Therian
|
|-weather|RainDance|[upkeep]
|turn|30
|
|move|p1a: Talonflame|Brave Bird|p2a: Tornadus-Therian
|-damage|p2a: Tornadus-Therian|0 fnt
|-damage|p1a: Talonflame|171\/319|[from] recoil|[of] p2a: Tornadus-Therian
|faint|p2a: Tornadus-Therian
|
|-weather|RainDance|[upkeep]
|
|switch|p2a: Kabutops|Kabutops, F|230\/262
|-damage|p2a: Kabutops|198\/262|[from] Stealth Rock
|turn|31
|
|move|p1a: Talonflame|Brave Bird|p2a: Kabutops
|-resisted|p2a: Kabutops
|-damage|p2a: Kabutops|129\/262
|-damage|p1a: Talonflame|148\/319|[from] recoil|[of] p2a: Kabutops
|move|p2a: Kabutops|Stone Edge|p1a: Talonflame
|-supereffective|p1a: Talonflame
|-damage|p1a: Talonflame|0 fnt
|-damage|p2a: Kabutops|103\/262|[from] item: Life Orb
|faint|p1a: Talonflame
|
|-weather|RainDance|[upkeep]
|
|switch|p1a: Rotom-Wash|Rotom-Wash|197\/304
|turn|32
|
|move|p2a: Kabutops|Stone Edge|p1a: Rotom-Wash
|-damage|p1a: Rotom-Wash|40\/304
|-damage|p2a: Kabutops|77\/262|[from] item: Life Orb
|move|p1a: Rotom-Wash|Will-O-Wisp|p2a: Kabutops
|-status|p2a: Kabutops|brn
|
|-weather|RainDance|[upkeep]
|-heal|p1a: Rotom-Wash|59\/304|[from] item: Leftovers
|-damage|p2a: Kabutops|45\/262 brn|[from] brn
|turn|33
|
|switch|p1a: Excadrill|Excadrill, M|191\/362
|-ability|p1a: Excadrill|Mold Breaker
|move|p2a: Kabutops|Stone Edge|p1a: Excadrill
|-resisted|p1a: Excadrill
|-damage|p1a: Excadrill|144\/362
|-damage|p2a: Kabutops|19\/262 brn|[from] item: Life Orb
|
|-weather|RainDance|[upkeep]
|-damage|p2a: Kabutops|0 fnt|[from] brn
|faint|p2a: Kabutops
|
|switch|p2a: Swampert|Swampert-Mega, M|126\/341
|-damage|p2a: Swampert|105\/341|[from] Stealth Rock
|turn|34
|
|move|p2a: Swampert|Waterfall|p1a: Excadrill
|-supereffective|p1a: Excadrill
|-damage|p1a: Excadrill|0 fnt
|faint|p1a: Excadrill
|
|-weather|none
|c|âbizarman|gg
|
|switch|p1a: Rotom-Wash|Rotom-Wash|59\/304
|turn|35
|
|move|p2a: Swampert|Low Kick|p1a: Rotom-Wash
|-damage|p1a: Rotom-Wash|37\/304
|move|p1a: Rotom-Wash|Will-O-Wisp|p2a: Swampert
|-status|p2a: Swampert|brn
|
|-heal|p1a: Rotom-Wash|56\/304|[from] item: Leftovers
|-damage|p2a: Swampert|63\/341 brn|[from] brn
|turn|36
|
|move|p2a: Swampert|Waterfall|p1a: Rotom-Wash
|-resisted|p1a: Rotom-Wash
|-damage|p1a: Rotom-Wash|25\/304
|move|p1a: Rotom-Wash|Hydro Pump|p2a: Swampert
|-damage|p2a: Swampert|0 fnt
|faint|p2a: Swampert
|
|-heal|p1a: Rotom-Wash|44\/304|[from] item: Leftovers
|
|switch|p2a: Politoed|Politoed, F|208\/384 slp
|-damage|p2a: Politoed|160\/384 slp|[from] Stealth Rock
|-weather|RainDance
|turn|37
|
|move|p1a: Rotom-Wash|Pain Split|p2a: Politoed
|-sethp|p2a: Politoed|102\/384 slp|p1a: Rotom-Wash|102\/304|[from] move: Pain Split
|cant|p2a: Politoed|slp
|
|-weather|RainDance|[upkeep]
|-heal|p1a: Rotom-Wash|121\/304|[from] item: Leftovers
|turn|38
|
|move|p1a: Rotom-Wash|Volt Switch|p2a: Politoed
|-supereffective|p2a: Politoed
|-damage|p2a: Politoed|0 fnt
|faint|p2a: Politoed
|
|win|bizarman
|raw|Ladder updating...
|raw|bizarman's rating: 1303 &rarr; <strong>1316<\/strong><br \/>(+13 for winning)
|raw|ThaBreeze7's rating: 1179 &rarr; <strong>1162<\/strong><br \/>(-17 for losing)
|leave|ThaBreeze7
|player|p2