|join|gorgeous guy
|join|bizarman
|player|p1|gorgeous guy|156
|player|p2|bizarman|42
|gametype|singles
|gen|6
|tier|ORAS OU
|rated
|rule|Sleep Clause Mod: Limit one foe put to sleep
|rule|Species Clause: Limit one of each PokÃ©mon
|rule|OHKO Clause: OHKO moves are banned
|rule|Moody Clause: Moody is banned
|rule|Evasion Moves Clause: Evasion moves are banned
|rule|Endless Battle Clause: Forcing endless battles is banned
|rule|HP Percentage Mod: HP is shown in percentages
|clearpoke
|poke|p1|Cottonee, M
|poke|p1|Azelf
|poke|p1|Whimsicott, F
|poke|p1|Smeargle, M, shiny
|poke|p1|Espeon, M
|poke|p1|Latias, F
|poke|p2|Latias, F
|poke|p2|Talonflame, F
|poke|p2|Keldeo
|poke|p2|Medicham, M
|poke|p2|Heatran, M
|poke|p2|Clefable, F
|rule|Swagger Clause: Swagger is banned
|rule|Baton Pass Clause: Limit one PokÃ©mon knowing Baton Pass
|teampreview
|
|start
|switch|p1a: CHICHICHI LELELE|Cottonee, M|284\/284
|switch|p2a: Medicham|Medicham, M|261\/261
|turn|1
|
|detailschange|p2a: Medicham|Medicham-Mega, M
|message|Medicham has Mega Evolved into Mega Medicham!
|move|p2a: Medicham|Fake Out|p1a: CHICHICHI LELELE
|-damage|p1a: CHICHICHI LELELE|162\/284
|cant|p1a: CHICHICHI LELELE|flinch
|
|turn|2
|
|move|p1a: CHICHICHI LELELE|Tailwind|p1a: CHICHICHI LELELE
|-sidestart|p1: gorgeous guy|move: Tailwind
|move|p2a: Medicham|Zen Headbutt|p1a: CHICHICHI LELELE
|-damage|p1a: CHICHICHI LELELE|0 fnt
|faint|p1a: CHICHICHI LELELE
|
|
|switch|p1a: VIVA CHILE|Azelf|354\/354
|turn|3
|
|switch|p2a: Latias|Latias, F|302\/302
|move|p1a: VIVA CHILE|Reflect|p1a: VIVA CHILE
|-sidestart|p1: gorgeous guy|Reflect
|
|turn|4
|join|Ace the Unforgiven
|
|move|p1a: VIVA CHILE|Taunt|p2a: Latias
|-start|p2a: Latias|move: Taunt
|cant|p2a: Latias|move: Taunt|Defog
|
|turn|5
|
|move|p1a: VIVA CHILE|Light Screen|p1a: VIVA CHILE
|-sidestart|p1: gorgeous guy|move: Light Screen
|move|p2a: Latias|Draco Meteor|p1a: VIVA CHILE
|-damage|p1a: VIVA CHILE|164\/354
|-unboost|p2a: Latias|spa|2
|-damage|p2a: Latias|272\/302|[from] item: Life Orb
|
|-sideend|p1: gorgeous guy|move: Tailwind
|turn|6
|join|omegaW
|
|switch|p2a: Heatran|Heatran, M|323\/323
|move|p1a: VIVA CHILE|Explosion|p2a: Heatran
|-resisted|p2a: Heatran
|-damage|p2a: Heatran|205\/323
|faint|p1a: VIVA CHILE
|
|c| omegaW|Beat him bizarman!
|c|âgorgeous guy|oo
|c|âgorgeous guy|u guys taking this ladder too seriously
|
|switch|p1a: FAIRY SOLIDARITY|Whimsicott, F|324\/324
|turn|7
|c| omegaW|its fun tbh
|
|move|p1a: FAIRY SOLIDARITY|Tailwind|p1a: FAIRY SOLIDARITY
|-sidestart|p1: gorgeous guy|move: Tailwind
|move|p2a: Heatran|Flash Cannon|p1a: FAIRY SOLIDARITY
|-supereffective|p1a: FAIRY SOLIDARITY
|-damage|p1a: FAIRY SOLIDARITY|143\/324
|
|turn|8
|c|âgorgeous guy|yeah
|c|âgorgeous guy|the new megas
|
|move|p1a: FAIRY SOLIDARITY|Memento|p2a: Heatran
|-unboost|p2a: Heatran|atk|2
|-unboost|p2a: Heatran|spa|2
|faint|p1a: FAIRY SOLIDARITY
|move|p2a: Heatran|Flash Cannon|p1: FAIRY SOLIDARITY|[notarget]
|-notarget
|
|c|âgorgeous guy|are pretty cool
|
|switch|p1a: THE BP SAVIOR|Smeargle, M, shiny|251\/251
|turn|9
|
|switch|p2a: Medicham|Medicham-Mega, M|261\/261
|move|p1a: THE BP SAVIOR|Cotton Guard|p1a: THE BP SAVIOR
|-boost|p1a: THE BP SAVIOR|def|3
|
|turn|10
|
|move|p1a: THE BP SAVIOR|Spore|p2a: Medicham
|-status|p2a: Medicham|slp
|cant|p2a: Medicham|slp
|
|-sideend|p1: gorgeous guy|Reflect
|-sideend|p1: gorgeous guy|move: Tailwind
|turn|11
|c|âgorgeous guy|oo
|c| omegaW|and the OM room asked me to maintain rank 1
|
|switch|p2a: Talonflame|Talonflame, F|327\/327
|move|p1a: THE BP SAVIOR|Geomancy|p1a: THE BP SAVIOR|[still]
|-prepare|p1a: THE BP SAVIOR|Geomancy|p1a: THE BP SAVIOR
|-enditem|p1a: THE BP SAVIOR|Power Herb
|-anim|p1a: THE BP SAVIOR|Geomancy|p1a: THE BP SAVIOR
|-boost|p1a: THE BP SAVIOR|spa|2
|-boost|p1a: THE BP SAVIOR|spd|2
|-boost|p1a: THE BP SAVIOR|spe|2
|
|turn|12
|
|move|p1a: THE BP SAVIOR|Baton Pass|p1a: THE BP SAVIOR
|
|switch|p1a: Latias|Latias, F|344\/344
|move|p2a: Talonflame|Swords Dance|p2a: Talonflame
|-boost|p2a: Talonflame|atk|2
|
|-sideend|p1: gorgeous guy|move: Light Screen
|turn|13
|
|detailschange|p1a: Latias|Latias-Mega, F
|message|Latias has Mega Evolved into Mega Latias!
|move|p2a: Talonflame|Brave Bird|p1a: Latias
|-damage|p1a: Latias|208\/344
|-damage|p2a: Talonflame|282\/327|[from] recoil|[of] p1a: Latias
|move|p1a: Latias|Surf|p2a: Talonflame
|-supereffective|p2a: Talonflame
|-damage|p2a: Talonflame|0 fnt
|faint|p2a: Talonflame
|
|c|âbizarman|gg
|c|âgorgeous guy|gg
|c| omegaW|;-;
|join|KratosMana
|
|switch|p2a: Medicham|Medicham-Mega, M|261\/261 slp
|turn|14
|c| omegaW|no roar on heatran?
|c| omegaW|;-;
|c|âbizarman|scarftran
|
|cant|p2a: Medicham|slp
|move|p1a: Latias|Stored Power|p2a: Medicham
|-damage|p2a: Medicham|0 fnt
|faint|p2a: Medicham
|
|c|âbizarman|so no, no roar :p
|c|âgorgeous guy|it is on ko range btw
|
|switch|p2a: Heatran|Heatran, M|205\/323
|turn|15
|join|jake5
|
|move|p1a: Latias|Surf|p2a: Heatran
|-supereffective|p2a: Heatran
|-damage|p2a: Heatran|0 fnt
|faint|p2a: Heatran
|
|
|switch|p2a: Latias|Latias, F|272\/302
|turn|16
|leave|KratosMana
|
|move|p1a: Latias|Stored Power|p2a: Latias
|-resisted|p2a: Latias
|-damage|p2a: Latias|0 fnt
|faint|p2a: Latias
|
|
|switch|p2a: Clefable|Clefable, F|394\/394
|turn|17
|
|move|p1a: Latias|Substitute|p1a: Latias
|-start|p1a: Latias|Substitute
|-damage|p1a: Latias|122\/344
|move|p2a: Clefable|Moonblast|p1a: Latias
|-supereffective|p1a: Latias
|-activate|p1a: Latias|Substitute|[damage]
|
|turn|18
|c|âgorgeous guy|im bulky
|c|âgorgeous guy|oo
|
|move|p1a: Latias|Stored Power|p2a: Clefable
|-damage|p2a: Clefable|0 fnt
|faint|p2a: Clefable
|
|
|switch|p2a: Keldeo|Keldeo|323\/323
|turn|19
|
|move|p1a: Latias|Surf|p2a: Keldeo
|-resisted|p2a: Keldeo
|-damage|p2a: Keldeo|193\/323
|move|p2a: Keldeo|Hydro Pump|p1a: Latias
|-resisted|p1a: Latias
|-end|p1a: Latias|Substitute
|
|turn|20
|
|move|p1a: Latias|Substitute|p1a: Latias
|-start|p1a: Latias|Substitute
|-damage|p1a: Latias|36\/344
|move|p2a: Keldeo|Hydro Pump|p1a: Latias
|-resisted|p1a: Latias
|-activate|p1a: Latias|Substitute|[damage]
|
|turn|21
|
|move|p1a: Latias|Surf|p2a: Keldeo
|-resisted|p2a: Keldeo
|-damage|p2a: Keldeo|55\/323
|move|p2a: Keldeo|Hydro Pump|p1a: Latias
|-resisted|p1a: Latias
|-end|p1a: Latias|Substitute
|
|turn|22
|
|move|p1a: Latias|Surf|p2a: Keldeo
|-resisted|p2a: Keldeo
|-damage|p2a: Keldeo|0 fnt
|faint|p2a: Keldeo
|
|win|gorgeous guy
|raw|Ladder updating...
|raw|gorgeous guy's rating: 1449 &rarr; <strong>1460<\/strong><br \/>(+11 for winning)
|raw|bizarman's rating: 1282 &rarr; <strong>1269<\/strong><br \/>(-13 for losing)
|c| omegaW|D:
|leave|bizarman
|player|p2
|leave|gorgeous guy
|player|p1
|leave|Ace the Unforgiven
|join|Thunder631
|join|word
|leave|Thunder631
|leave|word
|join|KratosMana
|leave|KratosMana
|join|ejja bro
|leave|ejja bro