|join|WECAMEASROMANS
|join|bizarman
|player|p1|WECAMEASROMANS|257
|player|p2|bizarman|42
|gametype|singles
|gen|6
|tier|ORAS OU
|rated
|rule|Sleep Clause Mod: Limit one foe put to sleep
|rule|Species Clause: Limit one of each PokÃ©mon
|rule|OHKO Clause: OHKO moves are banned
|rule|Moody Clause: Moody is banned
|rule|Evasion Moves Clause: Evasion moves are banned
|rule|Endless Battle Clause: Forcing endless battles is banned
|rule|HP Percentage Mod: HP is shown in percentages
|clearpoke
|poke|p1|Skarmory, M
|poke|p1|Chansey, F
|poke|p1|Slowbro, M
|poke|p1|Tentacruel, F
|poke|p1|Bronzong
|poke|p1|Clefable, M
|poke|p2|Politoed, F
|poke|p2|Thundurus, M
|poke|p2|Ludicolo, M
|poke|p2|Swampert, F
|poke|p2|Landorus-Therian, M
|poke|p2|Magnezone
|rule|Swagger Clause: Swagger is banned
|rule|Baton Pass Clause: Limit one PokÃ©mon knowing Baton Pass
|teampreview
|
|start
|switch|p1a: Bronzong|Bronzong|338\/338
|switch|p2a: Thundurus|Thundurus, M|299\/299
|turn|1
|c|âbizarman|glhf
|c|âWECAMEASROMANS|you too
|
|move|p2a: Thundurus|Volt Switch|p1a: Bronzong
|-damage|p1a: Bronzong|253\/338
|
|switch|p2a: Magnezone|Magnezone|282\/282
|move|p1a: Bronzong|Hidden Power|p2a: Magnezone
|-resisted|p2a: Magnezone
|-damage|p2a: Magnezone|260\/282
|
|-heal|p1a: Bronzong|274\/338|[from] item: Leftovers
|turn|2
|join|rayduo11
|
|move|p2a: Magnezone|Hidden Power|p1a: Bronzong
|-supereffective|p1a: Bronzong
|-damage|p1a: Bronzong|174\/338
|move|p1a: Bronzong|Earthquake|p2a: Magnezone
|-supereffective|p2a: Magnezone
|-damage|p2a: Magnezone|0 fnt
|faint|p2a: Magnezone
|
|-heal|p1a: Bronzong|195\/338|[from] item: Leftovers
|
|switch|p2a: Politoed|Politoed, F|384\/384
|-weather|RainDance
|turn|3
|
|switch|p2a: Landorus-Therian|Landorus-Therian, M|382\/382
|-ability|p2a: Landorus-Therian|Intimidate|[of] p1a: Bronzong
|-unboost|p1a: Bronzong|atk|1
|switch|p1a: Tentacruel|Tentacruel, F|364\/364
|
|-weather|RainDance|[upkeep]
|turn|4
|
|switch|p1a: Bronzong|Bronzong|195\/338
|move|p2a: Landorus-Therian|Earthquake|p1a: Bronzong
|-immune|p1a: Bronzong|[msg]
|
|-weather|RainDance|[upkeep]
|-heal|p1a: Bronzong|216\/338|[from] item: Leftovers
|turn|5
|
|move|p2a: Landorus-Therian|U-turn|p1a: Bronzong
|-damage|p1a: Bronzong|149\/338
|
|switch|p2a: Ludicolo|Ludicolo, M|302\/302
|move|p1a: Bronzong|Stealth Rock|p2a: Ludicolo
|-sidestart|p2: bizarman|move: Stealth Rock
|
|-weather|RainDance|[upkeep]
|-heal|p1a: Bronzong|170\/338|[from] item: Leftovers
|turn|6
|leave|rayduo11
|
|switch|p1a: Chansey|Chansey, F|641\/641
|move|p2a: Ludicolo|Hydro Pump|p1a: Chansey
|-damage|p1a: Chansey|462\/641
|-damage|p2a: Ludicolo|272\/302|[from] item: Life Orb
|
|-weather|RainDance|[upkeep]
|turn|7
|
|switch|p2a: Landorus-Therian|Landorus-Therian, M|382\/382
|-damage|p2a: Landorus-Therian|335\/382|[from] Stealth Rock
|-ability|p2a: Landorus-Therian|Intimidate|[of] p1a: Chansey
|-unboost|p1a: Chansey|atk|1
|move|p1a: Chansey|Wish|p1a: Chansey
|
|-weather|RainDance|[upkeep]
|-heal|p2a: Landorus-Therian|358\/382|[from] item: Leftovers
|turn|8
|
|move|p2a: Landorus-Therian|Stealth Rock|p1a: Chansey
|-sidestart|p1: WECAMEASROMANS|move: Stealth Rock
|move|p1a: Chansey|Toxic|p2a: Landorus-Therian|[miss]
|-miss|p1a: Chansey|p2a: Landorus-Therian
|
|-weather|RainDance|[upkeep]
|-heal|p1a: Chansey|641\/641|[from] move: Wish|[wisher] Chansey
|-heal|p2a: Landorus-Therian|381\/382|[from] item: Leftovers
|turn|9
|
|move|p2a: Landorus-Therian|Earthquake|p1a: Chansey
|-damage|p1a: Chansey|416\/641
|move|p1a: Chansey|Toxic|p2a: Landorus-Therian
|-status|p2a: Landorus-Therian|tox
|
|-weather|RainDance|[upkeep]
|-heal|p2a: Landorus-Therian|382\/382 tox|[from] item: Leftovers
|-damage|p2a: Landorus-Therian|359\/382 tox|[from] psn
|turn|10
|
|move|p2a: Landorus-Therian|U-turn|p1a: Chansey
|-damage|p1a: Chansey|323\/641
|
|switch|p2a: Swampert|Swampert, F|341\/341
|-damage|p2a: Swampert|320\/341|[from] Stealth Rock
|move|p1a: Chansey|Soft-Boiled|p1a: Chansey
|-heal|p1a: Chansey|641\/641
|
|-weather|none
|turn|11
|
|switch|p1a: Slowbro|Slowbro, M|394\/394
|-damage|p1a: Slowbro|345\/394|[from] Stealth Rock
|detailschange|p2a: Swampert|Swampert-Mega, F
|message|Swampert has Mega Evolved into Mega Swampert!
|move|p2a: Swampert|Superpower|p1a: Slowbro
|-crit|p1a: Slowbro
|-resisted|p1a: Slowbro
|-damage|p1a: Slowbro|260\/394
|-unboost|p2a: Swampert|atk|1
|-unboost|p2a: Swampert|def|1
|
|turn|12
|
|switch|p2a: Ludicolo|Ludicolo, M|272\/302
|-damage|p2a: Ludicolo|235\/302|[from] Stealth Rock
|detailschange|p1a: Slowbro|Slowbro-Mega, M
|message|Slowbro has Mega Evolved into Mega Slowbro!
|move|p1a: Slowbro|Slack Off|p1a: Slowbro
|-heal|p1a: Slowbro|394\/394
|
|turn|13
|
|switch|p1a: Chansey|Chansey, F|641\/641
|-damage|p1a: Chansey|561\/641|[from] Stealth Rock
|move|p2a: Ludicolo|Energy Ball|p1a: Chansey
|-damage|p1a: Chansey|471\/641
|-damage|p2a: Ludicolo|205\/302|[from] item: Life Orb
|
|turn|14
|
|switch|p2a: Politoed|Politoed, F|384\/384
|-damage|p2a: Politoed|336\/384|[from] Stealth Rock
|-weather|RainDance
|move|p1a: Chansey|Soft-Boiled|p1a: Chansey
|-heal|p1a: Chansey|641\/641
|
|-weather|RainDance|[upkeep]
|turn|15
|
|switch|p1a: Tentacruel|Tentacruel, F|364\/364
|-damage|p1a: Tentacruel|319\/364|[from] Stealth Rock
|move|p2a: Politoed|Perish Song|p2a: Politoed
|-fieldactivate|move: Perish Song
|
|-start|p1a: Tentacruel|perish3
|-start|p2a: Politoed|perish3
|-weather|RainDance|[upkeep]
|-heal|p1a: Tentacruel|341\/364|[from] item: Leftovers
|turn|16
|
|switch|p2a: Swampert|Swampert-Mega, F|320\/341
|-damage|p2a: Swampert|299\/341|[from] Stealth Rock
|move|p1a: Tentacruel|Rapid Spin|p2a: Swampert
|-damage|p2a: Swampert|291\/341
|-sideend|p1: WECAMEASROMANS|Stealth Rock|[from] move: Rapid Spin|[of] p1a: Tentacruel
|
|-start|p1a: Tentacruel|perish2
|-weather|RainDance|[upkeep]
|-heal|p1a: Tentacruel|363\/364|[from] item: Leftovers
|turn|17
|
|switch|p1a: Slowbro|Slowbro-Mega, M|394\/394
|move|p2a: Swampert|Waterfall|p1a: Slowbro
|-resisted|p1a: Slowbro
|-damage|p1a: Slowbro|336\/394
|
|-weather|RainDance|[upkeep]
|turn|18
|
|switch|p2a: Ludicolo|Ludicolo, M|205\/302
|-damage|p2a: Ludicolo|168\/302|[from] Stealth Rock
|move|p1a: Slowbro|Scald|p2a: Ludicolo
|-resisted|p2a: Ludicolo
|-damage|p2a: Ludicolo|127\/302
|-status|p2a: Ludicolo|brn
|
|-weather|RainDance|[upkeep]
|-damage|p2a: Ludicolo|90\/302 brn|[from] brn
|turn|19
|
|switch|p1a: Tentacruel|Tentacruel, F|363\/364
|move|p2a: Ludicolo|Hydro Pump|p1a: Tentacruel
|-resisted|p1a: Tentacruel
|-damage|p1a: Tentacruel|228\/364
|-damage|p2a: Ludicolo|60\/302 brn|[from] item: Life Orb
|
|-weather|RainDance|[upkeep]
|-heal|p1a: Tentacruel|250\/364|[from] item: Leftovers
|-damage|p2a: Ludicolo|23\/302 brn|[from] brn
|turn|20
|
|switch|p1a: Chansey|Chansey, F|641\/641
|move|p2a: Ludicolo|Energy Ball|p1a: Chansey
|-damage|p1a: Chansey|542\/641
|-damage|p2a: Ludicolo|0 fnt|[from] item: Life Orb
|faint|p2a: Ludicolo
|
|-weather|RainDance|[upkeep]
|c|âbizarman|gg
|c|âWECAMEASROMANS|gg
|
|switch|p2a: Swampert|Swampert-Mega, F|291\/341
|-damage|p2a: Swampert|270\/341|[from] Stealth Rock
|turn|21
|
|switch|p1a: Slowbro|Slowbro-Mega, M|336\/394
|move|p2a: Swampert|Earthquake|p1a: Slowbro
|-damage|p1a: Slowbro|237\/394
|
|-weather|none
|turn|22
|
|switch|p2a: Thundurus|Thundurus, M|299\/299
|-damage|p2a: Thundurus|225\/299|[from] Stealth Rock
|move|p1a: Slowbro|Slack Off|p1a: Slowbro
|-heal|p1a: Slowbro|394\/394
|
|turn|23
|
|switch|p1a: Chansey|Chansey, F|542\/641
|move|p2a: Thundurus|Volt Switch|p1a: Chansey
|-damage|p1a: Chansey|482\/641
|
|switch|p2a: Politoed|Politoed, F|336\/384
|-damage|p2a: Politoed|288\/384|[from] Stealth Rock
|-weather|RainDance
|
|-weather|RainDance|[upkeep]
|turn|24
|
|switch|p2a: Landorus-Therian|Landorus-Therian, M|359\/382 tox
|-damage|p2a: Landorus-Therian|312\/382 tox|[from] Stealth Rock
|-ability|p2a: Landorus-Therian|Intimidate|[of] p1a: Chansey
|-unboost|p1a: Chansey|atk|1
|switch|p1a: Tentacruel|Tentacruel, F|250\/364
|
|-weather|RainDance|[upkeep]
|-heal|p1a: Tentacruel|272\/364|[from] item: Leftovers
|-heal|p2a: Landorus-Therian|335\/382 tox|[from] item: Leftovers
|-damage|p2a: Landorus-Therian|312\/382 tox|[from] psn
|turn|25
|
|move|p1a: Tentacruel|Scald|p2a: Landorus-Therian
|-supereffective|p2a: Landorus-Therian
|-damage|p2a: Landorus-Therian|46\/382 tox
|move|p2a: Landorus-Therian|Earthquake|p1a: Tentacruel
|-supereffective|p1a: Tentacruel
|-damage|p1a: Tentacruel|0 fnt
|faint|p1a: Tentacruel
|
|-weather|RainDance|[upkeep]
|-heal|p2a: Landorus-Therian|69\/382 tox|[from] item: Leftovers
|-damage|p2a: Landorus-Therian|23\/382 tox|[from] psn
|
|switch|p1a: Clefable|Clefable, M|394\/394
|turn|26
|
|move|p2a: Landorus-Therian|Earthquake|p1a: Clefable
|-damage|p1a: Clefable|262\/394
|move|p1a: Clefable|Calm Mind|p1a: Clefable
|-boost|p1a: Clefable|spa|1
|-boost|p1a: Clefable|spd|1
|
|-weather|RainDance|[upkeep]
|-heal|p2a: Landorus-Therian|46\/382 tox|[from] item: Leftovers
|-heal|p1a: Clefable|286\/394|[from] item: Leftovers
|-damage|p2a: Landorus-Therian|0 fnt|[from] psn
|faint|p2a: Landorus-Therian
|
|switch|p2a: Swampert|Swampert-Mega, F|270\/341
|-damage|p2a: Swampert|249\/341|[from] Stealth Rock
|turn|27
|
|move|p2a: Swampert|Waterfall|p1a: Clefable
|-damage|p1a: Clefable|48\/394
|move|p1a: Clefable|Moonblast|p2a: Swampert
|-damage|p2a: Swampert|110\/341
|
|-weather|RainDance|[upkeep]
|-heal|p1a: Clefable|72\/394|[from] item: Leftovers
|turn|28
|
|move|p2a: Swampert|Waterfall|p1a: Clefable
|-damage|p1a: Clefable|0 fnt
|faint|p1a: Clefable
|
|-weather|RainDance|[upkeep]
|
|switch|p1a: Slowbro|Slowbro-Mega, M|394\/394
|turn|29
|
|switch|p2a: Thundurus|Thundurus, M|225\/299
|-damage|p2a: Thundurus|151\/299|[from] Stealth Rock
|move|p1a: Slowbro|Scald|p2a: Thundurus
|-damage|p2a: Thundurus|0 fnt
|faint|p2a: Thundurus
|
|-weather|RainDance|[upkeep]
|
|switch|p2a: Politoed|Politoed, F|288\/384
|-damage|p2a: Politoed|240\/384|[from] Stealth Rock
|turn|30
|
|switch|p1a: Chansey|Chansey, F|482\/641
|move|p2a: Politoed|Perish Song|p2a: Politoed
|-fieldactivate|move: Perish Song
|
|-start|p2a: Politoed|perish3
|-start|p1a: Chansey|perish3
|-weather|none
|turn|31
|
|move|p2a: Politoed|Scald|p1a: Chansey
|-damage|p1a: Chansey|424\/641
|move|p1a: Chansey|Seismic Toss|p2a: Politoed
|-damage|p2a: Politoed|140\/384
|
|-start|p2a: Politoed|perish2
|-start|p1a: Chansey|perish2
|turn|32
|
|move|p2a: Politoed|Scald|p1a: Chansey
|-damage|p1a: Chansey|366\/641
|move|p1a: Chansey|Seismic Toss|p2a: Politoed
|-damage|p2a: Politoed|40\/384
|
|-start|p2a: Politoed|perish1
|-start|p1a: Chansey|perish1
|turn|33
|
|switch|p2a: Swampert|Swampert-Mega, F|110\/341
|-damage|p2a: Swampert|89\/341|[from] Stealth Rock
|move|p1a: Chansey|Seismic Toss|p2a: Swampert
|-damage|p2a: Swampert|0 fnt
|faint|p2a: Swampert
|
|-start|p1a: Chansey|perish0
|faint|p1a: Chansey
|join|vamus
|
|switch|p2a: Politoed|Politoed, F|40\/384
|-damage|p2a: Politoed|0 fnt|[from] Stealth Rock
|faint|p2a: Politoed
|
|win|WECAMEASROMANS
|raw|Ladder updating...
|raw|WECAMEASROMANS's rating: 1446 &rarr; <strong>1458<\/strong><br \/>(+12 for winning)
|raw|bizarman's rating: 1298 &rarr; <strong>1283<\/strong><br \/>(-15 for losing)
|leave|WECAMEASROMANS
|player|p1