|join|Argue
|join|bizarman
|player|p1|Argue|224
|player|p2|bizarman|42
|gametype|singles
|gen|6
|tier|ORAS OU
|rated
|rule|Sleep Clause Mod: Limit one foe put to sleep
|rule|Species Clause: Limit one of each PokÃ©mon
|rule|OHKO Clause: OHKO moves are banned
|rule|Moody Clause: Moody is banned
|rule|Evasion Moves Clause: Evasion moves are banned
|rule|Endless Battle Clause: Forcing endless battles is banned
|rule|HP Percentage Mod: HP is shown in percentages
|clearpoke
|poke|p1|Charizard, M, shiny
|poke|p1|Tyranitar, M, shiny
|poke|p1|Landorus, M, shiny
|poke|p1|Slowbro, M, shiny
|poke|p1|Latios, M, shiny
|poke|p1|Ferrothorn, M, shiny
|poke|p2|Metagross
|poke|p2|Latias, F
|poke|p2|Greninja, M
|poke|p2|Mew
|poke|p2|Heatran, F
|poke|p2|Dragonite, M
|rule|Swagger Clause: Swagger is banned
|rule|Baton Pass Clause: Limit one PokÃ©mon knowing Baton Pass
|teampreview
|
|start
|switch|p1a: Landorus|Landorus, M, shiny|319\/319
|switch|p2a: Mew|Mew|404\/404
|turn|1
|
|switch|p1a: Tyranitar|Tyranitar, M, shiny|342\/342
|-weather|Sandstorm
|move|p2a: Mew|Knock Off|p1a: Tyranitar
|-resisted|p1a: Tyranitar
|-damage|p1a: Tyranitar|309\/342
|-enditem|p1a: Tyranitar|Choice Scarf|[from] move: Knock Off|[of] p2a: Mew
|
|-weather|Sandstorm|[upkeep]
|-damage|p2a: Mew|379\/404|[from] sandstorm
|-heal|p2a: Mew|404\/404|[from] item: Leftovers
|turn|2
|
|move|p2a: Mew|Will-O-Wisp|p1a: Tyranitar|[miss]
|-miss|p2a: Mew|p1a: Tyranitar
|move|p1a: Tyranitar|Pursuit|p2a: Mew
|-crit|p2a: Mew
|-supereffective|p2a: Mew
|-damage|p2a: Mew|228\/404
|
|-weather|Sandstorm|[upkeep]
|-damage|p2a: Mew|203\/404|[from] sandstorm
|-heal|p2a: Mew|228\/404|[from] item: Leftovers
|turn|3
|join|OMW2FYB
|
|switch|p1a: Charizard|Charizard, M, shiny|351\/351
|move|p2a: Mew|Will-O-Wisp|p1a: Charizard|[miss]
|-miss|p2a: Mew|p1a: Charizard
|
|-weather|Sandstorm|[upkeep]
|-damage|p1a: Charizard|330\/351|[from] sandstorm
|-damage|p2a: Mew|203\/404|[from] sandstorm
|-heal|p2a: Mew|228\/404|[from] item: Leftovers
|turn|4
|
|switch|p2a: Heatran|Heatran, F|323\/323
|detailschange|p1a: Charizard|Charizard-Mega-X, M, shiny
|message|Charizard has Mega Evolved into Mega Charizard!
|move|p1a: Charizard|Earthquake|p2a: Heatran
|-supereffective|p2a: Heatran
|-damage|p2a: Heatran|0 fnt
|faint|p2a: Heatran
|
|-weather|Sandstorm|[upkeep]
|-damage|p1a: Charizard|309\/351|[from] sandstorm
|
|switch|p2a: Latias|Latias, F|302\/302
|turn|5
|
|switch|p2a: Mew|Mew|228\/404
|switch|p1a: Tyranitar|Tyranitar, M, shiny|309\/342
|
|-weather|none
|-heal|p2a: Mew|253\/404|[from] item: Leftovers
|turn|6
|
|switch|p2a: Greninja|Greninja, M|285\/285
|move|p1a: Tyranitar|Crunch|p2a: Greninja
|-resisted|p2a: Greninja
|-damage|p2a: Greninja|174\/285
|
|turn|7
|
|move|p2a: Greninja|Hydro Pump|p1a: Tyranitar|[miss]
|-start|p2a: Greninja|typechange|Water|[from] Protean
|-miss|p2a: Greninja|p1a: Tyranitar
|move|p1a: Tyranitar|Superpower|p2a: Greninja
|-damage|p2a: Greninja|0 fnt
|-unboost|p1a: Tyranitar|atk|1
|-unboost|p1a: Tyranitar|def|1
|faint|p2a: Greninja
|
|
|switch|p2a: Metagross|Metagross|321\/321
|turn|8
|
|detailschange|p2a: Metagross|Metagross-Mega
|message|Metagross has Mega Evolved into Mega Metagross!
|move|p1a: Tyranitar|Crunch|p2a: Metagross
|-supereffective|p2a: Metagross
|-damage|p2a: Metagross|181\/321
|move|p2a: Metagross|Zen Headbutt|p1a: Tyranitar
|-immune|p1a: Tyranitar|[msg]
|
|turn|9
|c| OMW2FYB|srsly, this tyranitar has the jukes of one of those damn double team raichus
|
|switch|p1a: Slowbro|Slowbro, M, shiny|393\/393
|move|p2a: Metagross|Meteor Mash|p1a: Slowbro
|-resisted|p1a: Slowbro
|-damage|p1a: Slowbro|312\/393
|
|-heal|p1a: Slowbro|336\/393|[from] item: Leftovers
|turn|10
|
|move|p2a: Metagross|Grass Knot|p1a: Slowbro
|-crit|p1a: Slowbro
|-supereffective|p1a: Slowbro
|-damage|p1a: Slowbro|62\/393
|move|p1a: Slowbro|Thunder Wave|p2a: Metagross
|-status|p2a: Metagross|par
|
|-heal|p1a: Slowbro|86\/393|[from] item: Leftovers
|turn|11
|
|switch|p1a: Tyranitar|Tyranitar, M, shiny|309\/342
|-weather|Sandstorm
|move|p2a: Metagross|Grass Knot|p1a: Tyranitar
|-supereffective|p1a: Tyranitar
|-damage|p1a: Tyranitar|143\/342
|
|-weather|Sandstorm|[upkeep]
|turn|12
|
|move|p1a: Tyranitar|Pursuit|p2a: Metagross|[from]Pursuit
|-supereffective|p2a: Metagross
|-damage|p2a: Metagross|0 fnt
|faint|p2a: Metagross
|
|-weather|Sandstorm|[upkeep]
|
|switch|p2a: Dragonite|Dragonite, M|324\/324
|turn|13
|
|switch|p2a: Mew|Mew|253\/404
|move|p1a: Tyranitar|Stone Edge|p2a: Mew
|-crit|p2a: Mew
|-damage|p2a: Mew|24\/404
|
|-weather|Sandstorm|[upkeep]
|-damage|p2a: Mew|0 fnt|[from] sandstorm
|faint|p2a: Mew
|-message|bizarman forfeited.
|
|win|Argue
|raw|Ladder updating...
|leave|bizarman
|player|p2
|raw|Argue's rating: 1317 &rarr; <strong>1337<\/strong><br \/>(+20 for winning)
|raw|bizarman's rating: 1317 &rarr; <strong>1297<\/strong><br \/>(-20 for losing)