|join|bizarman
|join|PBC member Amir
|player|p1|bizarman|42
|player|p2|PBC member Amir|2
|gametype|singles
|gen|6
|tier|OU
|rated
|clearpoke
|poke|p1|Latias, F
|poke|p1|Talonflame, F
|poke|p1|Keldeo
|poke|p1|Medicham, F
|poke|p1|Heatran, F
|poke|p1|Clefable, M
|poke|p2|Heatran, M
|poke|p2|Venusaur, M
|poke|p2|Rotom-Wash
|poke|p2|Crawdaunt, F
|poke|p2|Scizor, M
|poke|p2|Excadrill, F
|rule|Swagger Clause: Swagger is banned
|rule|Baton Pass Clause: Limit one PokÃ©mon knowing Baton Pass
|rule|Sleep Clause Mod: Limit one foe put to sleep
|rule|Species Clause: Limit one of each PokÃ©mon
|rule|OHKO Clause: OHKO moves are banned
|rule|Moody Clause: Moody is banned
|rule|Evasion Moves Clause: Evasion moves are banned
|rule|Endless Battle Clause: Forcing endless battles is banned
|rule|HP Percentage Mod: HP is shown in percentages
|teampreview
|
|start
|switch|p1a: Clefable|Clefable, M|394\/394
|switch|p2a: Excadrill|Excadrill, F|361\/361
|-ability|p2a: Excadrill|Mold Breaker
|turn|1
|c|âbizarman|glhf
|
|switch|p1a: Keldeo|Keldeo|323\/323
|move|p2a: Excadrill|Earthquake|p1a: Keldeo
|-damage|p1a: Keldeo|113\/323
|
|turn|2
|
|switch|p1a: Talonflame|Talonflame, F|327\/327
|move|p2a: Excadrill|Earthquake|p1a: Talonflame
|-immune|p1a: Talonflame|[msg]
|
|turn|3
|
|switch|p2a: Rotom-Wash|Rotom-Wash|303\/303
|switch|p1a: Medicham|Medicham, F|261\/261
|
|turn|4
|
|detailschange|p1a: Medicham|Medicham-Mega, F
|message|Medicham has Mega Evolved into Mega Medicham!
|move|p1a: Medicham|Fake Out|p2a: Rotom-Wash
|-damage|p2a: Rotom-Wash|239\/303
|cant|p2a: Rotom-Wash|flinch
|
|-heal|p2a: Rotom-Wash|257\/303|[from] item: Leftovers
|turn|5
|
|switch|p1a: Clefable|Clefable, M|394\/394
|move|p2a: Rotom-Wash|Will-O-Wisp|p1a: Clefable|[miss]
|-miss|p2a: Rotom-Wash|p1a: Clefable
|
|-heal|p2a: Rotom-Wash|275\/303|[from] item: Leftovers
|turn|6
|
|move|p2a: Rotom-Wash|Volt Switch|p1a: Clefable
|-damage|p1a: Clefable|312\/394
|
|switch|p2a: Venusaur|Venusaur, M|363\/363
|move|p1a: Clefable|Flamethrower|p2a: Venusaur
|-supereffective|p2a: Venusaur
|-damage|p2a: Venusaur|233\/363
|
|-heal|p1a: Clefable|336\/394|[from] item: Leftovers
|turn|7
|
|switch|p1a: Medicham|Medicham-Mega, F|261\/261
|detailschange|p2a: Venusaur|Venusaur-Mega, M
|message|Venusaur has Mega Evolved into Mega Venusaur!
|move|p2a: Venusaur|Leech Seed|p1a: Medicham
|-start|p1a: Medicham|move: Leech Seed
|
|-damage|p1a: Medicham|229\/261|[from] Leech Seed|[of] p2a: Venusaur
|-heal|p2a: Venusaur|265\/363|[silent]
|turn|8
|
|move|p1a: Medicham|Zen Headbutt|p2a: Venusaur
|-supereffective|p2a: Venusaur
|-damage|p2a: Venusaur|0 fnt
|faint|p2a: Venusaur
|
|
|switch|p2a: Heatran|Heatran, M|385\/385
|turn|9
|
|switch|p1a: Heatran|Heatran, F|323\/323
|move|p2a: Heatran|Protect|p2a: Heatran
|-fail|p2a: Heatran
|
|turn|10
|
|move|p1a: Heatran|Earth Power|p2a: Heatran
|-supereffective|p2a: Heatran
|-damage|p2a: Heatran|105\/385
|move|p2a: Heatran|Stealth Rock|p1a: Heatran
|-sidestart|p1: bizarman|move: Stealth Rock
|
|-heal|p2a: Heatran|129\/385|[from] item: Leftovers
|turn|11
|
|move|p2a: Heatran|Protect|p2a: Heatran
|-singleturn|p2a: Heatran|Protect
|move|p1a: Heatran|Earth Power|p2a: Heatran
|-activate|p2a: Heatran|Protect
|
|-heal|p2a: Heatran|153\/385|[from] item: Leftovers
|turn|12
|
|switch|p1a: Latias|Latias, F|302\/302
|-damage|p1a: Latias|265\/302|[from] Stealth Rock
|switch|p2a: Rotom-Wash|Rotom-Wash|275\/303
|
|-heal|p2a: Rotom-Wash|293\/303|[from] item: Leftovers
|turn|13
|
|switch|p2a: Heatran|Heatran, M|153\/385
|move|p1a: Latias|Defog|p2a: Heatran
|-unboost|p2a: Heatran|evasion|1
|-sideend|p1: bizarman|Stealth Rock|[from] move: Defog|[of] p1a: Latias
|
|-heal|p2a: Heatran|177\/385|[from] item: Leftovers
|turn|14
|
|switch|p1a: Keldeo|Keldeo|113\/323
|move|p2a: Heatran|Toxic|p1a: Keldeo|[miss]
|-miss|p2a: Heatran|p1a: Keldeo
|
|-heal|p2a: Heatran|201\/385|[from] item: Leftovers
|turn|15
|
|move|p2a: Heatran|Protect|p2a: Heatran
|-singleturn|p2a: Heatran|Protect
|move|p1a: Keldeo|Secret Sword|p2a: Heatran
|-activate|p2a: Heatran|Protect
|
|-heal|p2a: Heatran|225\/385|[from] item: Leftovers
|turn|16
|
|switch|p2a: Rotom-Wash|Rotom-Wash|293\/303
|move|p1a: Keldeo|Secret Sword|p2a: Rotom-Wash
|-damage|p2a: Rotom-Wash|133\/303
|
|-heal|p2a: Rotom-Wash|151\/303|[from] item: Leftovers
|turn|17
|
|move|p1a: Keldeo|Secret Sword|p2a: Rotom-Wash
|-damage|p2a: Rotom-Wash|0 fnt
|faint|p2a: Rotom-Wash
|
|
|switch|p2a: Crawdaunt|Crawdaunt, F|267\/267
|turn|18
|
|move|p2a: Crawdaunt|Aqua Jet|p1a: Keldeo
|-resisted|p1a: Keldeo
|-damage|p1a: Keldeo|47\/323
|-damage|p2a: Crawdaunt|241\/267|[from] item: Life Orb
|move|p1a: Keldeo|Secret Sword|p2a: Crawdaunt
|-supereffective|p2a: Crawdaunt
|-damage|p2a: Crawdaunt|0 fnt
|faint|p2a: Crawdaunt
|
|
|switch|p2a: Excadrill|Excadrill, F|361\/361
|-ability|p2a: Excadrill|Mold Breaker
|turn|19
|
|switch|p1a: Clefable|Clefable, M|336\/394
|move|p2a: Excadrill|Rock Slide|p1a: Clefable
|-miss|p2a: Excadrill|p1a: Clefable
|
|-heal|p1a: Clefable|360\/394|[from] item: Leftovers
|turn|20
|
|switch|p2a: Heatran|Heatran, M|225\/385
|switch|p1a: Heatran|Heatran, F|323\/323
|
|-heal|p2a: Heatran|249\/385|[from] item: Leftovers
|turn|21
|c|âPBC member Amir|oml
|
|move|p1a: Heatran|Earth Power|p2a: Heatran
|-supereffective|p2a: Heatran
|-damage|p2a: Heatran|0 fnt
|faint|p2a: Heatran
|
|
|switch|p2a: Excadrill|Excadrill, F|361\/361
|-ability|p2a: Excadrill|Mold Breaker
|turn|22
|
|switch|p1a: Keldeo|Keldeo|47\/323
|move|p2a: Excadrill|Earthquake|p1a: Keldeo
|-damage|p1a: Keldeo|0 fnt
|faint|p1a: Keldeo
|
|
|switch|p1a: Talonflame|Talonflame, F|327\/327
|turn|23
|
|switch|p2a: Scizor|Scizor, M|343\/343
|move|p1a: Talonflame|Flare Blitz|p2a: Scizor
|-supereffective|p2a: Scizor
|-damage|p2a: Scizor|0 fnt
|-damage|p1a: Talonflame|214\/327|[from] recoil|[of] p2a: Scizor
|faint|p2a: Scizor
|
|
|switch|p2a: Excadrill|Excadrill, F|361\/361
|-ability|p2a: Excadrill|Mold Breaker
|turn|24
|c|âPBC member Amir|gg
|
|move|p1a: Talonflame|Brave Bird|p2a: Excadrill
|-resisted|p2a: Excadrill
|-damage|p2a: Excadrill|223\/361
|-damage|p1a: Talonflame|168\/327|[from] recoil|[of] p2a: Excadrill
|move|p2a: Excadrill|Rapid Spin|p1a: Talonflame
|-damage|p1a: Talonflame|136\/327
|
|turn|25
|c|âbizarman|gg
|
|move|p2a: Excadrill|Rapid Spin|p1a: Talonflame
|-damage|p1a: Talonflame|100\/327
|move|p1a: Talonflame|Flare Blitz|p2a: Excadrill
|-supereffective|p2a: Excadrill
|-damage|p2a: Excadrill|0 fnt
|-damage|p1a: Talonflame|26\/327|[from] recoil|[of] p2a: Excadrill
|faint|p2a: Excadrill
|
|win|bizarman
|raw|Ladder updating...
|raw|bizarman's rating: 1746 &rarr; <strong>1759<\/strong><br \/>(+13 for winning)
|raw|PBC member Amir's rating: 1615 &rarr; <strong>1602<\/strong><br \/>(-13 for losing)
|leave|PBC member Amir
|player|p2