|join|bizarman
|join|AliHolz
|player|p1|bizarman|42
|player|p2|AliHolz|285
|gametype|singles
|gen|6
|tier|OU
|rated
|clearpoke
|poke|p1|Latias, F
|poke|p1|Dragonite, M
|poke|p1|Keldeo
|poke|p1|Medicham, M
|poke|p1|Heatran, F
|poke|p1|Clefable, F
|poke|p2|Pinsir, M
|poke|p2|Heatran, F
|poke|p2|Rotom-Wash
|poke|p2|Conkeldurr, M
|poke|p2|Latios, M
|poke|p2|Celebi
|rule|Swagger Clause: Swagger is banned
|rule|Baton Pass Clause: Limit one PokÃ©mon knowing Baton Pass
|rule|Sleep Clause Mod: Limit one foe put to sleep
|rule|Species Clause: Limit one of each PokÃ©mon
|rule|OHKO Clause: OHKO moves are banned
|rule|Moody Clause: Moody is banned
|rule|Evasion Moves Clause: Evasion moves are banned
|rule|Endless Battle Clause: Forcing endless battles is banned
|rule|HP Percentage Mod: HP is shown in percentages
|teampreview
|
|start
|switch|p1a: Clefable|Clefable, F|394\/394
|switch|p2a: Rotom-Wash|Rotom-Wash|303\/303
|turn|1
|
|move|p2a: Rotom-Wash|Volt Switch|p1a: Clefable
|-damage|p1a: Clefable|304\/394
|
|switch|p2a: Heatran|Heatran, F|323\/323
|move|p1a: Clefable|Calm Mind|p1a: Clefable
|-boost|p1a: Clefable|spa|1
|-boost|p1a: Clefable|spd|1
|
|-heal|p1a: Clefable|328\/394|[from] item: Leftovers
|turn|2
|
|switch|p1a: Medicham|Medicham, M|261\/261
|move|p2a: Heatran|Flash Cannon|p1a: Medicham
|-damage|p1a: Medicham|50\/261
|
|turn|3
|
|switch|p1a: Keldeo|Keldeo|323\/323
|move|p2a: Heatran|Flash Cannon|p1a: Keldeo
|-resisted|p1a: Keldeo
|-damage|p1a: Keldeo|240\/323
|
|turn|4
|
|switch|p2a: Celebi|Celebi|395\/395
|move|p1a: Keldeo|Scald|p2a: Celebi
|-resisted|p2a: Celebi
|-damage|p2a: Celebi|281\/395
|
|-heal|p2a: Celebi|305\/395|[from] item: Leftovers
|turn|5
|
|switch|p1a: Clefable|Clefable, F|328\/394
|move|p2a: Celebi|Psychic|p1a: Clefable
|-damage|p1a: Clefable|178\/394
|
|-heal|p2a: Celebi|329\/395|[from] item: Leftovers
|-heal|p1a: Clefable|202\/394|[from] item: Leftovers
|turn|6
|
|move|p2a: Celebi|Nasty Plot|p2a: Celebi
|-boost|p2a: Celebi|spa|2
|move|p1a: Clefable|Soft-Boiled|p1a: Clefable
|-heal|p1a: Clefable|394\/394
|
|-heal|p2a: Celebi|353\/395|[from] item: Leftovers
|turn|7
|
|switch|p1a: Heatran|Heatran, F|323\/323
|move|p2a: Celebi|Psychic|p1a: Heatran
|-resisted|p1a: Heatran
|-damage|p1a: Heatran|178\/323
|
|-heal|p2a: Celebi|377\/395|[from] item: Leftovers
|turn|8
|
|switch|p2a: Rotom-Wash|Rotom-Wash|303\/303
|move|p1a: Heatran|Overheat|p2a: Rotom-Wash
|-resisted|p2a: Rotom-Wash
|-damage|p2a: Rotom-Wash|202\/303
|-unboost|p1a: Heatran|spa|2
|
|-heal|p2a: Rotom-Wash|220\/303|[from] item: Leftovers
|turn|9
|
|switch|p1a: Latias|Latias, F|302\/302
|move|p2a: Rotom-Wash|Volt Switch|p1a: Latias
|-resisted|p1a: Latias
|-damage|p1a: Latias|267\/302
|
|switch|p2a: Celebi|Celebi|377\/395
|
|-heal|p2a: Celebi|395\/395|[from] item: Leftovers
|turn|10
|
|move|p1a: Latias|Draco Meteor|p2a: Celebi
|-damage|p2a: Celebi|140\/395
|-unboost|p1a: Latias|spa|2
|-damage|p1a: Latias|237\/302|[from] item: Life Orb
|move|p2a: Celebi|Dazzling Gleam|p1a: Latias
|-supereffective|p1a: Latias
|-damage|p1a: Latias|89\/302
|
|-heal|p2a: Celebi|164\/395|[from] item: Leftovers
|turn|11
|
|switch|p1a: Heatran|Heatran, F|178\/323
|move|p2a: Celebi|Psychic|p1a: Heatran
|-crit|p1a: Heatran
|-resisted|p1a: Heatran
|-damage|p1a: Heatran|67\/323
|
|-heal|p2a: Celebi|188\/395|[from] item: Leftovers
|turn|12
|
|switch|p1a: Medicham|Medicham, M|50\/261
|switch|p2a: Heatran|Heatran, F|323\/323
|
|turn|13
|
|switch|p1a: Keldeo|Keldeo|240\/323
|move|p2a: Heatran|Flash Cannon|p1a: Keldeo
|-resisted|p1a: Keldeo
|-damage|p1a: Keldeo|153\/323
|
|turn|14
|
|switch|p2a: Celebi|Celebi|188\/395
|switch|p1a: Heatran|Heatran, F|67\/323
|
|-heal|p2a: Celebi|212\/395|[from] item: Leftovers
|turn|15
|
|switch|p2a: Rotom-Wash|Rotom-Wash|220\/303
|move|p1a: Heatran|Flash Cannon|p2a: Rotom-Wash
|-crit|p2a: Rotom-Wash
|-resisted|p2a: Rotom-Wash
|-damage|p2a: Rotom-Wash|173\/303
|
|-heal|p2a: Rotom-Wash|191\/303|[from] item: Leftovers
|turn|16
|
|switch|p1a: Latias|Latias, F|89\/302
|move|p2a: Rotom-Wash|Volt Switch|p1a: Latias
|-resisted|p1a: Latias
|-damage|p1a: Latias|52\/302
|
|switch|p2a: Pinsir|Pinsir, M|271\/271
|
|turn|17
|
|switch|p1a: Clefable|Clefable, F|394\/394
|detailschange|p2a: Pinsir|Pinsir-Mega, M
|message|Pinsir has Mega Evolved into Mega Pinsir!
|move|p2a: Pinsir|Quick Attack|p1a: Clefable
|-damage|p1a: Clefable|286\/394
|
|-heal|p1a: Clefable|310\/394|[from] item: Leftovers
|turn|18
|
|switch|p2a: Heatran|Heatran, F|323\/323
|move|p1a: Clefable|Flamethrower|p2a: Heatran
|-start|p2a: Heatran|ability: Flash Fire
|
|-heal|p1a: Clefable|334\/394|[from] item: Leftovers
|turn|19
|
|switch|p1a: Heatran|Heatran, F|67\/323
|move|p2a: Heatran|Flash Cannon|p1a: Heatran
|-resisted|p1a: Heatran
|-damage|p1a: Heatran|30\/323
|
|turn|20
|
|switch|p1a: Medicham|Medicham, M|50\/261
|move|p2a: Heatran|Flash Cannon|p1a: Medicham
|-damage|p1a: Medicham|0 fnt
|faint|p1a: Medicham
|
|
|switch|p1a: Dragonite|Dragonite, M|324\/324
|turn|21
|
|move|p2a: Heatran|Flash Cannon|p1a: Dragonite
|-crit|p1a: Dragonite
|-damage|p1a: Dragonite|203\/324
|move|p1a: Dragonite|Dragon Dance|p1a: Dragonite
|-boost|p1a: Dragonite|atk|1
|-boost|p1a: Dragonite|spe|1
|
|turn|22
|
|move|p1a: Dragonite|Dragon Dance|p1a: Dragonite
|-boost|p1a: Dragonite|atk|1
|-boost|p1a: Dragonite|spe|1
|move|p2a: Heatran|Flash Cannon|p1a: Dragonite
|-damage|p1a: Dragonite|40\/324
|
|turn|23
|
|move|p1a: Dragonite|Earthquake|p2a: Heatran
|-supereffective|p2a: Heatran
|-damage|p2a: Heatran|0 fnt
|faint|p2a: Heatran
|
|
|switch|p2a: Pinsir|Pinsir-Mega, M|271\/271
|turn|24
|
|move|p1a: Dragonite|Extreme Speed|p2a: Pinsir
|-damage|p2a: Pinsir|100\/271
|move|p2a: Pinsir|Quick Attack|p1a: Dragonite
|-damage|p1a: Dragonite|0 fnt
|faint|p1a: Dragonite
|
|
|switch|p1a: Clefable|Clefable, F|334\/394
|turn|25
|
|switch|p2a: Celebi|Celebi|212\/395
|move|p1a: Clefable|Calm Mind|p1a: Clefable
|-boost|p1a: Clefable|spa|1
|-boost|p1a: Clefable|spd|1
|
|-heal|p2a: Celebi|236\/395|[from] item: Leftovers
|-heal|p1a: Clefable|358\/394|[from] item: Leftovers
|turn|26
|
|move|p2a: Celebi|Nasty Plot|p2a: Celebi
|-boost|p2a: Celebi|spa|2
|move|p1a: Clefable|Flamethrower|p2a: Celebi
|-supereffective|p2a: Celebi
|-damage|p2a: Celebi|26\/395
|
|-heal|p2a: Celebi|50\/395|[from] item: Leftovers
|-heal|p1a: Clefable|382\/394|[from] item: Leftovers
|turn|27
|
|move|p2a: Celebi|Giga Drain|p1a: Clefable
|-damage|p1a: Clefable|235\/394
|-heal|p2a: Celebi|124\/395|[from] drain|[of] p1a: Clefable
|move|p1a: Clefable|Calm Mind|p1a: Clefable
|-boost|p1a: Clefable|spa|1
|-boost|p1a: Clefable|spd|1
|
|-heal|p2a: Celebi|148\/395|[from] item: Leftovers
|-heal|p1a: Clefable|259\/394|[from] item: Leftovers
|turn|28
|
|move|p2a: Celebi|Giga Drain|p1a: Clefable
|-damage|p1a: Clefable|129\/394
|-heal|p2a: Celebi|213\/395|[from] drain|[of] p1a: Clefable
|move|p1a: Clefable|Soft-Boiled|p1a: Clefable
|-heal|p1a: Clefable|326\/394
|
|-heal|p2a: Celebi|237\/395|[from] item: Leftovers
|-heal|p1a: Clefable|350\/394|[from] item: Leftovers
|turn|29
|
|move|p2a: Celebi|Giga Drain|p1a: Clefable
|-damage|p1a: Clefable|233\/394
|-heal|p2a: Celebi|296\/395|[from] drain|[of] p1a: Clefable
|move|p1a: Clefable|Flamethrower|p2a: Celebi
|-crit|p2a: Celebi
|-supereffective|p2a: Celebi
|-damage|p2a: Celebi|0 fnt
|faint|p2a: Celebi
|
|-heal|p1a: Clefable|257\/394|[from] item: Leftovers
|
|switch|p2a: Latios|Latios, M|301\/301
|turn|30
|
|move|p2a: Latios|Psyshock|p1a: Clefable
|-damage|p1a: Clefable|72\/394
|-damage|p2a: Latios|271\/301|[from] item: Life Orb
|move|p1a: Clefable|Soft-Boiled|p1a: Clefable
|-heal|p1a: Clefable|269\/394
|
|-heal|p1a: Clefable|293\/394|[from] item: Leftovers
|turn|31
|
|move|p2a: Latios|Psyshock|p1a: Clefable
|-damage|p1a: Clefable|105\/394
|-damage|p2a: Latios|241\/301|[from] item: Life Orb
|move|p1a: Clefable|Soft-Boiled|p1a: Clefable
|-heal|p1a: Clefable|302\/394
|
|-heal|p1a: Clefable|326\/394|[from] item: Leftovers
|turn|32
|
|move|p2a: Latios|Psyshock|p1a: Clefable
|-damage|p1a: Clefable|158\/394
|-damage|p2a: Latios|211\/301|[from] item: Life Orb
|move|p1a: Clefable|Soft-Boiled|p1a: Clefable
|-heal|p1a: Clefable|355\/394
|
|-heal|p1a: Clefable|379\/394|[from] item: Leftovers
|turn|33
|
|move|p2a: Latios|Psyshock|p1a: Clefable
|-damage|p1a: Clefable|214\/394
|-damage|p2a: Latios|181\/301|[from] item: Life Orb
|move|p1a: Clefable|Soft-Boiled|p1a: Clefable
|-heal|p1a: Clefable|394\/394
|
|turn|34
|
|move|p2a: Latios|Psyshock|p1a: Clefable
|-damage|p1a: Clefable|207\/394
|-damage|p2a: Latios|151\/301|[from] item: Life Orb
|move|p1a: Clefable|Soft-Boiled|p1a: Clefable
|-heal|p1a: Clefable|394\/394
|
|turn|35
|
|switch|p2a: Rotom-Wash|Rotom-Wash|191\/303
|move|p1a: Clefable|Soft-Boiled|p1a: Clefable
|-fail|p1a: Clefable
|
|-heal|p2a: Rotom-Wash|209\/303|[from] item: Leftovers
|turn|36
|
|move|p2a: Rotom-Wash|Will-O-Wisp|p1a: Clefable
|-status|p1a: Clefable|brn
|move|p1a: Clefable|Moonblast|p2a: Rotom-Wash
|-damage|p2a: Rotom-Wash|4\/303
|
|-heal|p2a: Rotom-Wash|22\/303|[from] item: Leftovers
|turn|37
|
|move|p2a: Rotom-Wash|Hydro Pump|p1a: Clefable
|-damage|p1a: Clefable|325\/394 brn
|move|p1a: Clefable|Moonblast|p2a: Rotom-Wash
|-damage|p2a: Rotom-Wash|0 fnt
|faint|p2a: Rotom-Wash
|
|-heal|p1a: Clefable|349\/394 brn|[from] item: Leftovers
|
|switch|p2a: Latios|Latios, M|151\/301
|turn|38
|
|move|p2a: Latios|Psyshock|p1a: Clefable
|-damage|p1a: Clefable|184\/394 brn
|-damage|p2a: Latios|121\/301|[from] item: Life Orb
|move|p1a: Clefable|Soft-Boiled|p1a: Clefable
|-heal|p1a: Clefable|381\/394 brn
|
|-heal|p1a: Clefable|394\/394 brn|[from] item: Leftovers
|turn|39
|
|switch|p2a: Conkeldurr|Conkeldurr, M|414\/414
|move|p1a: Clefable|Soft-Boiled|p1a: Clefable
|-fail|p1a: Clefable
|
|turn|40
|
|move|p1a: Clefable|Moonblast|p2a: Conkeldurr
|-supereffective|p2a: Conkeldurr
|-damage|p2a: Conkeldurr|18\/414
|move|p2a: Conkeldurr|Knock Off|p1a: Clefable
|-resisted|p1a: Clefable
|-damage|p1a: Clefable|327\/394 brn
|-enditem|p1a: Clefable|Leftovers|[from] move: Knock Off|[of] p2a: Conkeldurr
|
|turn|41
|
|move|p2a: Conkeldurr|Mach Punch|p1a: Clefable
|-resisted|p1a: Clefable
|-damage|p1a: Clefable|289\/394 brn
|move|p1a: Clefable|Soft-Boiled|p1a: Clefable
|-heal|p1a: Clefable|394\/394 brn
|
|turn|42
|
|move|p2a: Conkeldurr|Mach Punch|p1a: Clefable
|-crit|p1a: Clefable
|-resisted|p1a: Clefable
|-damage|p1a: Clefable|339\/394 brn
|move|p1a: Clefable|Moonblast|p2a: Conkeldurr
|-supereffective|p2a: Conkeldurr
|-damage|p2a: Conkeldurr|0 fnt
|faint|p2a: Conkeldurr
|
|
|switch|p2a: Latios|Latios, M|121\/301
|turn|43
|
|move|p2a: Latios|Psyshock|p1a: Clefable
|-crit|p1a: Clefable
|-damage|p1a: Clefable|74\/394 brn
|-damage|p2a: Latios|91\/301|[from] item: Life Orb
|move|p1a: Clefable|Soft-Boiled|p1a: Clefable
|-heal|p1a: Clefable|271\/394 brn
|
|turn|44
|
|move|p2a: Latios|Psyshock|p1a: Clefable
|-damage|p1a: Clefable|84\/394 brn
|-damage|p2a: Latios|61\/301|[from] item: Life Orb
|move|p1a: Clefable|Soft-Boiled|p1a: Clefable
|-heal|p1a: Clefable|281\/394 brn
|
|turn|45
|
|move|p2a: Latios|Psyshock|p1a: Clefable
|-damage|p1a: Clefable|94\/394 brn
|-damage|p2a: Latios|31\/301|[from] item: Life Orb
|move|p1a: Clefable|Soft-Boiled|p1a: Clefable
|-heal|p1a: Clefable|291\/394 brn
|
|turn|46
|
|move|p2a: Latios|Psyshock|p1a: Clefable
|-damage|p1a: Clefable|99\/394 brn
|-damage|p2a: Latios|1\/301|[from] item: Life Orb
|move|p1a: Clefable|Soft-Boiled|p1a: Clefable
|-heal|p1a: Clefable|296\/394 brn
|
|turn|47
|
|move|p2a: Latios|Psyshock|p1a: Clefable
|-damage|p1a: Clefable|121\/394 brn
|-damage|p2a: Latios|0 fnt|[from] item: Life Orb
|faint|p2a: Latios
|move|p1a: Clefable|Soft-Boiled|p1a: Clefable
|-heal|p1a: Clefable|318\/394 brn
|
|
|switch|p2a: Pinsir|Pinsir-Mega, M|100\/271
|turn|48
|
|move|p2a: Pinsir|Return|p1a: Clefable
|-damage|p1a: Clefable|69\/394 brn
|move|p1a: Clefable|Flamethrower|p2a: Pinsir
|-supereffective|p2a: Pinsir
|-damage|p2a: Pinsir|0 fnt
|faint|p2a: Pinsir
|
|win|bizarman
|raw|Ladder updating...
|raw|bizarman's rating: 1582 &rarr; <strong>1599<\/strong><br \/>(+17 for winning)
|raw|AliHolz's rating: 1525 &rarr; <strong>1508<\/strong><br \/>(-17 for losing)
|c|âbizarman|gg
|leave|AliHolz
|player|p2