|join|RSMessiii
|join|bizarman
|player|p1|RSMessiii|169
|player|p2|bizarman|42
|gametype|singles
|gen|6
|tier|OU
|rated
|clearpoke
|poke|p1|Sylveon, F
|poke|p1|Bisharp, F
|poke|p1|Landorus-Therian, M
|poke|p1|Manaphy
|poke|p1|Medicham, M
|poke|p1|Excadrill, M
|poke|p2|Garchomp, M
|poke|p2|Charizard, F
|poke|p2|Bisharp, M
|poke|p2|Mew
|poke|p2|Conkeldurr, F
|poke|p2|Thundurus, M
|rule|Swagger Clause: Swagger is banned
|rule|Baton Pass Clause: Limit one PokÃ©mon knowing Baton Pass
|rule|Sleep Clause Mod: Limit one foe put to sleep
|rule|Species Clause: Limit one of each PokÃ©mon
|rule|OHKO Clause: OHKO moves are banned
|rule|Moody Clause: Moody is banned
|rule|Evasion Moves Clause: Evasion moves are banned
|rule|Endless Battle Clause: Forcing endless battles is banned
|rule|HP Percentage Mod: HP is shown in percentages
|teampreview
|
|start
|switch|p1a: Landorus-Therian|Landorus-Therian, M|381\/381
|switch|p2a: Mew|Mew|404\/404
|-ability|p1a: Landorus-Therian|Intimidate|[of] p2a: Mew
|-unboost|p2a: Mew|atk|1
|turn|1
|
|switch|p1a: Manaphy|Manaphy|353\/353
|move|p2a: Mew|Will-O-Wisp|p1a: Manaphy
|-status|p1a: Manaphy|brn
|
|-damage|p1a: Manaphy|309\/353 brn|[from] brn
|turn|2
|
|switch|p2a: Conkeldurr|Conkeldurr, F|351\/351
|move|p1a: Manaphy|Rain Dance|p1a: Manaphy
|-weather|RainDance
|
|-weather|RainDance|[upkeep]
|-curestatus|p1a: Manaphy|brn
|-heal|p1a: Manaphy|331\/353|[from] item: Leftovers
|turn|3
|
|switch|p1a: Landorus-Therian|Landorus-Therian, M|381\/381
|-ability|p1a: Landorus-Therian|Intimidate|[of] p2a: Conkeldurr
|-unboost|p2a: Conkeldurr|atk|1
|move|p2a: Conkeldurr|Drain Punch|p1a: Landorus-Therian
|-resisted|p1a: Landorus-Therian
|-damage|p1a: Landorus-Therian|342\/381
|
|-weather|RainDance|[upkeep]
|-heal|p1a: Landorus-Therian|365\/381|[from] item: Leftovers
|turn|4
|
|move|p1a: Landorus-Therian|Stealth Rock|p2a: Conkeldurr
|-sidestart|p2: bizarman|move: Stealth Rock
|move|p2a: Conkeldurr|Knock Off|p1a: Landorus-Therian
|-damage|p1a: Landorus-Therian|287\/381
|-enditem|p1a: Landorus-Therian|Leftovers|[from] move: Knock Off|[of] p2a: Conkeldurr
|
|-weather|RainDance|[upkeep]
|turn|5
|
|move|p1a: Landorus-Therian|U-turn|p2a: Conkeldurr
|-resisted|p2a: Conkeldurr
|-damage|p2a: Conkeldurr|309\/351
|
|switch|p1a: Sylveon|Sylveon, F|393\/393
|move|p2a: Conkeldurr|Ice Punch|p1a: Sylveon
|-crit|p1a: Sylveon
|-damage|p1a: Sylveon|229\/393
|
|-weather|RainDance|[upkeep]
|-heal|p1a: Sylveon|253\/393|[from] item: Leftovers
|turn|6
|
|switch|p2a: Mew|Mew|404\/404
|-damage|p2a: Mew|354\/404|[from] Stealth Rock
|move|p1a: Sylveon|Hyper Voice|p2a: Mew
|-damage|p2a: Mew|209\/404
|
|-weather|none
|-heal|p2a: Mew|234\/404|[from] item: Leftovers
|-heal|p1a: Sylveon|277\/393|[from] item: Leftovers
|turn|7
|
|switch|p1a: Manaphy|Manaphy|331\/353
|move|p2a: Mew|Will-O-Wisp|p1a: Manaphy
|-status|p1a: Manaphy|brn
|
|-heal|p1a: Manaphy|353\/353 brn|[from] item: Leftovers
|-heal|p2a: Mew|259\/404|[from] item: Leftovers
|-damage|p1a: Manaphy|309\/353 brn|[from] brn
|turn|8
|
|move|p1a: Manaphy|Rain Dance|p1a: Manaphy
|-weather|RainDance
|move|p2a: Mew|Defog|p1a: Manaphy
|-unboost|p1a: Manaphy|evasion|1
|-sideend|p2: bizarman|Stealth Rock|[from] move: Defog|[of] p2a: Mew
|
|-weather|RainDance|[upkeep]
|-curestatus|p1a: Manaphy|brn
|-heal|p1a: Manaphy|331\/353|[from] item: Leftovers
|-heal|p2a: Mew|284\/404|[from] item: Leftovers
|turn|9
|
|switch|p2a: Thundurus|Thundurus, M|299\/299
|move|p1a: Manaphy|Tail Glow|p1a: Manaphy
|-boost|p1a: Manaphy|spa|3
|
|-weather|RainDance|[upkeep]
|-heal|p1a: Manaphy|353\/353|[from] item: Leftovers
|turn|10
|
|switch|p1a: Sylveon|Sylveon, F|277\/393
|move|p2a: Thundurus|Thunderbolt|p1a: Sylveon
|-damage|p1a: Sylveon|121\/393
|-damage|p2a: Thundurus|270\/299|[from] item: Life Orb
|
|-weather|RainDance|[upkeep]
|-heal|p1a: Sylveon|145\/393|[from] item: Leftovers
|turn|11
|
|move|p1a: Sylveon|Protect|p1a: Sylveon
|-singleturn|p1a: Sylveon|Protect
|move|p2a: Thundurus|Knock Off|p1a: Sylveon
|-activate|p1a: Sylveon|Protect
|
|-weather|RainDance|[upkeep]
|-heal|p1a: Sylveon|169\/393|[from] item: Leftovers
|turn|12
|
|switch|p2a: Charizard|Charizard, F|297\/297
|move|p1a: Sylveon|Wish|p1a: Sylveon
|
|-weather|none
|-heal|p1a: Sylveon|193\/393|[from] item: Leftovers
|turn|13
|
|detailschange|p2a: Charizard|Charizard-Mega-Y, F
|message|Charizard has Mega Evolved into Mega Charizard!
|-weather|SunnyDay
|move|p1a: Sylveon|Protect|p1a: Sylveon
|-singleturn|p1a: Sylveon|Protect
|move|p2a: Charizard|Solar Beam|p1a: Sylveon|[still]
|-prepare|p2a: Charizard|Solar Beam|p1a: Sylveon
|-anim|p2a: Charizard|Solar Beam|p1a: Sylveon
|-activate|p1a: Sylveon|Protect
|
|-weather|SunnyDay|[upkeep]
|-heal|p1a: Sylveon|389\/393|[from] move: Wish|[wisher] Sylveon
|-heal|p1a: Sylveon|393\/393|[from] item: Leftovers
|turn|14
|
|move|p2a: Charizard|Fire Blast|p1a: Sylveon
|-damage|p1a: Sylveon|150\/393
|move|p1a: Sylveon|Hyper Voice|p2a: Charizard
|-resisted|p2a: Charizard
|-damage|p2a: Charizard|219\/297
|
|-weather|SunnyDay|[upkeep]
|-heal|p1a: Sylveon|174\/393|[from] item: Leftovers
|turn|15
|
|move|p2a: Charizard|Roost|p2a: Charizard
|-heal|p2a: Charizard|297\/297
|move|p1a: Sylveon|Wish|p1a: Sylveon
|
|-weather|SunnyDay|[upkeep]
|-heal|p1a: Sylveon|198\/393|[from] item: Leftovers
|turn|16
|
|switch|p2a: Bisharp|Bisharp, M|271\/271
|move|p1a: Sylveon|Protect|p1a: Sylveon
|-fail|p1a: Sylveon
|
|-weather|SunnyDay|[upkeep]
|-heal|p1a: Sylveon|393\/393|[from] move: Wish|[wisher] Sylveon
|turn|17
|
|switch|p1a: Bisharp|Bisharp, F|329\/329
|move|p2a: Bisharp|Iron Head|p1a: Bisharp
|-resisted|p1a: Bisharp
|-damage|p1a: Bisharp|251\/329
|
|-weather|none
|-heal|p1a: Bisharp|271\/329|[from] item: Leftovers
|turn|18
|
|move|p2a: Bisharp|Knock Off|p1a: Bisharp
|-resisted|p1a: Bisharp
|-damage|p1a: Bisharp|184\/329
|-enditem|p1a: Bisharp|Leftovers|[from] move: Knock Off|[of] p2a: Bisharp
|move|p1a: Bisharp|Knock Off|p2a: Bisharp
|-resisted|p2a: Bisharp
|-damage|p2a: Bisharp|173\/271
|-enditem|p2a: Bisharp|Lum Berry|[from] move: Knock Off|[of] p1a: Bisharp
|
|turn|19
|
|move|p1a: Bisharp|Sucker Punch|p2a: Bisharp
|-fail|p2a: Bisharp
|move|p2a: Bisharp|Swords Dance|p2a: Bisharp
|-boost|p2a: Bisharp|atk|2
|
|turn|20
|
|move|p2a: Bisharp|Knock Off|p1a: Bisharp
|-resisted|p1a: Bisharp
|-damage|p1a: Bisharp|59\/329
|move|p1a: Bisharp|Swords Dance|p1a: Bisharp
|-boost|p1a: Bisharp|atk|2
|
|turn|21
|
|move|p2a: Bisharp|Sucker Punch|p1a: Bisharp
|-resisted|p1a: Bisharp
|-damage|p1a: Bisharp|0 fnt
|faint|p1a: Bisharp
|
|
|switch|p1a: Manaphy|Manaphy|353\/353
|turn|22
|
|switch|p2a: Charizard|Charizard-Mega-Y, F|297\/297
|-weather|SunnyDay
|move|p1a: Manaphy|Scald|p2a: Charizard
|-supereffective|p2a: Charizard
|-damage|p2a: Charizard|189\/297
|
|-weather|SunnyDay|[upkeep]
|turn|23
|
|switch|p1a: Sylveon|Sylveon, F|393\/393
|move|p2a: Charizard|Solar Beam|p1a: Sylveon|[still]
|-prepare|p2a: Charizard|Solar Beam|p1a: Sylveon
|-anim|p2a: Charizard|Solar Beam|p1a: Sylveon
|-damage|p1a: Sylveon|278\/393
|
|-weather|SunnyDay|[upkeep]
|-heal|p1a: Sylveon|302\/393|[from] item: Leftovers
|turn|24
|
|move|p2a: Charizard|Fire Blast|p1a: Sylveon
|-damage|p1a: Sylveon|59\/393
|-status|p1a: Sylveon|brn
|move|p1a: Sylveon|Hyper Voice|p2a: Charizard
|-resisted|p2a: Charizard
|-damage|p2a: Charizard|109\/297
|
|-weather|SunnyDay|[upkeep]
|-heal|p1a: Sylveon|83\/393 brn|[from] item: Leftovers
|-damage|p1a: Sylveon|34\/393 brn|[from] brn
|turn|25
|
|switch|p1a: Medicham|Medicham, M|261\/261
|move|p2a: Charizard|Solar Beam|p1a: Medicham|[still]
|-prepare|p2a: Charizard|Solar Beam|p1a: Medicham
|-anim|p2a: Charizard|Solar Beam|p1a: Medicham
|-damage|p1a: Medicham|40\/261
|
|-weather|SunnyDay|[upkeep]
|turn|26
|
|switch|p2a: Mew|Mew|284\/404
|detailschange|p1a: Medicham|Medicham-Mega, M
|message|Medicham has Mega Evolved into Mega Medicham!
|move|p1a: Medicham|Fake Out|p2a: Mew
|-damage|p2a: Mew|206\/404
|
|-weather|none
|-heal|p2a: Mew|231\/404|[from] item: Leftovers
|turn|27
|
|move|p1a: Medicham|High Jump Kick|p2a: Mew
|-resisted|p2a: Mew
|-damage|p2a: Mew|48\/404
|move|p2a: Mew|Soft-Boiled|p2a: Mew
|-heal|p2a: Mew|250\/404
|
|-heal|p2a: Mew|275\/404|[from] item: Leftovers
|turn|28
|
|switch|p1a: Sylveon|Sylveon, F|34\/393 brn
|move|p2a: Mew|Will-O-Wisp|p1a: Sylveon
|-fail|p1a: Sylveon|brn
|
|-heal|p2a: Mew|300\/404|[from] item: Leftovers
|-heal|p1a: Sylveon|58\/393 brn|[from] item: Leftovers
|-damage|p1a: Sylveon|9\/393 brn|[from] brn
|turn|29
|
|move|p2a: Mew|Knock Off|p1a: Sylveon
|-resisted|p1a: Sylveon
|-damage|p1a: Sylveon|0 fnt
|-enditem|p1a: Sylveon|Leftovers|[from] move: Knock Off|[of] p2a: Mew
|faint|p1a: Sylveon
|
|-heal|p2a: Mew|325\/404|[from] item: Leftovers
|
|switch|p1a: Manaphy|Manaphy|353\/353
|turn|30
|
|switch|p2a: Thundurus|Thundurus, M|270\/299
|move|p1a: Manaphy|Scald|p2a: Thundurus
|-damage|p2a: Thundurus|114\/299
|
|turn|31
|
|switch|p1a: Excadrill|Excadrill, M|371\/371
|-ability|p1a: Excadrill|Mold Breaker
|move|p2a: Thundurus|Thunderbolt|p1a: Excadrill
|-immune|p1a: Excadrill|[msg]
|
|turn|32
|
|switch|p1a: Manaphy|Manaphy|353\/353
|switch|p2a: Conkeldurr|Conkeldurr, F|309\/351
|
|turn|33
|
|switch|p1a: Landorus-Therian|Landorus-Therian, M|287\/381
|-ability|p1a: Landorus-Therian|Intimidate|[of] p2a: Conkeldurr
|-unboost|p2a: Conkeldurr|atk|1
|move|p2a: Conkeldurr|Drain Punch|p1a: Landorus-Therian
|-resisted|p1a: Landorus-Therian
|-damage|p1a: Landorus-Therian|243\/381
|-heal|p2a: Conkeldurr|331\/351|[from] drain|[of] p1a: Landorus-Therian
|
|turn|34
|
|move|p1a: Landorus-Therian|U-turn|p2a: Conkeldurr
|-resisted|p2a: Conkeldurr
|-damage|p2a: Conkeldurr|290\/351
|
|switch|p1a: Manaphy|Manaphy|353\/353
|move|p2a: Conkeldurr|Knock Off|p1a: Manaphy
|-damage|p1a: Manaphy|262\/353
|-enditem|p1a: Manaphy|Leftovers|[from] move: Knock Off|[of] p2a: Conkeldurr
|
|turn|35
|
|switch|p1a: Landorus-Therian|Landorus-Therian, M|243\/381
|-ability|p1a: Landorus-Therian|Intimidate|[of] p2a: Conkeldurr
|-unboost|p2a: Conkeldurr|atk|1
|move|p2a: Conkeldurr|Drain Punch|p1a: Landorus-Therian
|-resisted|p1a: Landorus-Therian
|-damage|p1a: Landorus-Therian|210\/381
|-heal|p2a: Conkeldurr|307\/351|[from] drain|[of] p1a: Landorus-Therian
|
|turn|36
|
|switch|p2a: Garchomp|Garchomp, M|358\/358
|move|p1a: Landorus-Therian|Stealth Rock|p2a: Garchomp
|-sidestart|p2: bizarman|move: Stealth Rock
|
|turn|37
|
|switch|p2a: Mew|Mew|325\/404
|-damage|p2a: Mew|275\/404|[from] Stealth Rock
|move|p1a: Landorus-Therian|Earthquake|p2a: Mew
|-damage|p2a: Mew|140\/404
|
|-heal|p2a: Mew|165\/404|[from] item: Leftovers
|turn|38
|
|move|p2a: Mew|Soft-Boiled|p2a: Mew
|-heal|p2a: Mew|367\/404
|move|p1a: Landorus-Therian|U-turn|p2a: Mew
|-supereffective|p2a: Mew
|-damage|p2a: Mew|227\/404
|
|switch|p1a: Manaphy|Manaphy|262\/353
|
|-heal|p2a: Mew|252\/404|[from] item: Leftovers
|turn|39
|
|move|p1a: Manaphy|Tail Glow|p1a: Manaphy
|-boost|p1a: Manaphy|spa|3
|move|p2a: Mew|Defog|p1a: Manaphy
|-unboost|p1a: Manaphy|evasion|1
|-sideend|p2: bizarman|Stealth Rock|[from] move: Defog|[of] p2a: Mew
|
|-heal|p2a: Mew|277\/404|[from] item: Leftovers
|turn|40
|
|switch|p2a: Bisharp|Bisharp, M|173\/271
|move|p1a: Manaphy|Scald|p2a: Bisharp
|-damage|p2a: Bisharp|0 fnt
|faint|p2a: Bisharp
|
|
|switch|p2a: Thundurus|Thundurus, M|114\/299
|turn|41
|
|switch|p1a: Excadrill|Excadrill, M|371\/371
|-ability|p1a: Excadrill|Mold Breaker
|move|p2a: Thundurus|Thunderbolt|p1a: Excadrill
|-immune|p1a: Excadrill|[msg]
|
|turn|42
|
|switch|p2a: Mew|Mew|277\/404
|move|p1a: Excadrill|Iron Head|p2a: Mew
|-damage|p2a: Mew|153\/404
|
|-heal|p2a: Mew|178\/404|[from] item: Leftovers
|turn|43
|
|switch|p1a: Manaphy|Manaphy|262\/353
|switch|p2a: Charizard|Charizard-Mega-Y, F|109\/297
|-weather|SunnyDay
|
|-weather|SunnyDay|[upkeep]
|turn|44
|
|move|p1a: Manaphy|Scald|p2a: Charizard
|-supereffective|p2a: Charizard
|-damage|p2a: Charizard|0 fnt
|faint|p2a: Charizard
|
|-weather|SunnyDay|[upkeep]
|
|switch|p2a: Thundurus|Thundurus, M|114\/299
|turn|45
|
|move|p2a: Thundurus|Knock Off|p1a: Manaphy
|-damage|p1a: Manaphy|180\/353
|-damage|p2a: Thundurus|85\/299|[from] item: Life Orb
|move|p1a: Manaphy|Psychic|p2a: Thundurus
|-damage|p2a: Thundurus|0 fnt
|faint|p2a: Thundurus
|
|-weather|SunnyDay|[upkeep]
|
|switch|p2a: Garchomp|Garchomp, M|358\/358
|turn|46
|
|switch|p1a: Landorus-Therian|Landorus-Therian, M|210\/381
|-ability|p1a: Landorus-Therian|Intimidate|[of] p2a: Garchomp
|-unboost|p2a: Garchomp|atk|1
|move|p2a: Garchomp|Earthquake|p1a: Landorus-Therian
|-immune|p1a: Landorus-Therian|[msg]
|
|-weather|SunnyDay|[upkeep]
|turn|47
|
|switch|p2a: Mew|Mew|178\/404
|move|p1a: Landorus-Therian|U-turn|p2a: Mew
|-supereffective|p2a: Mew
|-damage|p2a: Mew|40\/404
|
|switch|p1a: Excadrill|Excadrill, M|371\/371
|-ability|p1a: Excadrill|Mold Breaker
|
|-weather|none
|-heal|p2a: Mew|65\/404|[from] item: Leftovers
|turn|48
|
|switch|p2a: Conkeldurr|Conkeldurr, F|307\/351
|move|p1a: Excadrill|Earthquake|p2a: Conkeldurr
|-damage|p2a: Conkeldurr|105\/351
|
|turn|49
|
|switch|p1a: Landorus-Therian|Landorus-Therian, M|210\/381
|-ability|p1a: Landorus-Therian|Intimidate|[of] p2a: Conkeldurr
|-unboost|p2a: Conkeldurr|atk|1
|move|p2a: Conkeldurr|Mach Punch|p1a: Landorus-Therian
|-resisted|p1a: Landorus-Therian
|-damage|p1a: Landorus-Therian|186\/381
|
|turn|50
|
|move|p1a: Landorus-Therian|Earthquake|p2a: Conkeldurr
|-damage|p2a: Conkeldurr|0 fnt
|faint|p2a: Conkeldurr
|
|c|âbizarman|gg
|
|switch|p2a: Garchomp|Garchomp, M|358\/358
|turn|51
|c|âRSMessiii|gg
|
|move|p2a: Garchomp|Outrage|p1a: Landorus-Therian
|-damage|p1a: Landorus-Therian|3\/381
|move|p1a: Landorus-Therian|Earthquake|p2a: Garchomp
|-damage|p2a: Garchomp|184\/358
|
|turn|52
|
|move|p2a: Garchomp|Outrage|p1a: Landorus-Therian
|-damage|p1a: Landorus-Therian|0 fnt
|faint|p1a: Landorus-Therian
|
|-end|p2a: Garchomp|rampage
|-start|p2a: Garchomp|confusion
|
|switch|p1a: Excadrill|Excadrill, M|371\/371
|-ability|p1a: Excadrill|Mold Breaker
|turn|53
|
|switch|p2a: Mew|Mew|65\/404
|move|p1a: Excadrill|Earthquake|p2a: Mew
|-damage|p2a: Mew|0 fnt
|faint|p2a: Mew
|
|
|switch|p2a: Garchomp|Garchomp, M|184\/358
|turn|54
|c|âRSMessiii|u still win tho lol
|
|move|p2a: Garchomp|Earthquake|p1a: Excadrill
|-supereffective|p1a: Excadrill
|-damage|p1a: Excadrill|0 fnt
|faint|p1a: Excadrill
|
|c|âbizarman|do I really kill manaphy
|
|switch|p1a: Medicham|Medicham-Mega, M|40\/261
|turn|55
|c|âRSMessiii|mhh
|c|âbizarman|that thing is bulky
|c|âRSMessiii|yea iam not sure
|
|move|p1a: Medicham|Fake Out|p2a: Garchomp
|-damage|p2a: Garchomp|96\/358
|-damage|p1a: Medicham|8\/261|[from] ability: Rough Skin|[of] p2a: Garchomp
|cant|p2a: Garchomp|flinch
|
|turn|56
|
|move|p1a: Medicham|Bullet Punch|p2a: Garchomp
|-damage|p2a: Garchomp|12\/358
|-damage|p1a: Medicham|0 fnt|[from] ability: Rough Skin|[of] p2a: Garchomp
|faint|p1a: Medicham
|move|p2a: Garchomp|Earthquake|p1: Medicham|[notarget]
|-notarget
|
|
|switch|p1a: Manaphy|Manaphy|180\/353
|turn|57
|c|âbizarman|so close
|
|move|p2a: Garchomp|Earthquake|p1a: Manaphy
|-damage|p1a: Manaphy|0 fnt
|faint|p1a: Manaphy
|
|win|bizarman
|raw|Ladder updating...
|raw|RSMessiii's rating: 1894 &rarr; <strong>1862<\/strong><br \/>(-32 for losing)
|raw|bizarman's rating: 1667 &rarr; <strong>1699<\/strong><br \/>(+32 for winning)
|c|âRSMessiii|gg
|c|âbizarman|gg