|join|bizarman
|join|TP Kelverian
|player|p1|bizarman|42
|player|p2|TP Kelverian|25
|gametype|singles
|gen|6
|tier|OU
|rated
|clearpoke
|poke|p1|Tyranitar, F
|poke|p1|Charizard, M
|poke|p1|Sylveon, M
|poke|p1|Mew
|poke|p1|Conkeldurr, M
|poke|p1|Thundurus, M
|poke|p2|Talonflame, M
|poke|p2|Manectric, M
|poke|p2|Latios, M
|poke|p2|Donphan, F
|poke|p2|Tyranitar, F
|poke|p2|Scizor, F
|rule|Swagger Clause: Swagger is banned
|rule|Baton Pass Clause: Limit one PokÃ©mon knowing Baton Pass
|rule|Sleep Clause Mod: Limit one foe put to sleep
|rule|Species Clause: Limit one of each PokÃ©mon
|rule|OHKO Clause: OHKO moves are banned
|rule|Moody Clause: Moody is banned
|rule|Evasion Moves Clause: Evasion moves are banned
|rule|Endless Battle Clause: Forcing endless battles is banned
|rule|HP Percentage Mod: HP is shown in percentages
|teampreview
|c|âTP Kelverian|lel
|c|âTP Kelverian|I can't see mew in the preview
|c|âTP Kelverian|cos it's behind the block supported by conkeldurr
|c|âTP Kelverian|hahahaha
|c|âbizarman|xd
|c|âTP Kelverian|Good luck buddy. :B
|
|start
|switch|p1a: Tyranitar|Tyranitar, F|342\/342
|switch|p2a: Manectric|Manectric, M|281\/281
|-weather|Sandstorm
|turn|1
|c|âbizarman|gl hf
|
|detailschange|p2a: Manectric|Manectric-Mega, M
|message|Manectric has Mega Evolved into Mega Manectric!
|-ability|p2a: Manectric|Intimidate|[of] p1a: Tyranitar
|-unboost|p1a: Tyranitar|atk|1
|move|p1a: Tyranitar|Earthquake|p2a: Manectric
|-supereffective|p2a: Manectric
|-damage|p2a: Manectric|71\/281
|move|p2a: Manectric|Volt Switch|p1a: Tyranitar
|-damage|p1a: Tyranitar|255\/342
|
|switch|p2a: Talonflame|Talonflame, M|298\/298
|
|-weather|Sandstorm|[upkeep]
|-damage|p2a: Talonflame|280\/298|[from] sandstorm
|turn|2
|
|switch|p1a: Mew|Mew|404\/404
|move|p2a: Talonflame|U-turn|p1a: Mew
|-supereffective|p1a: Mew
|-damage|p1a: Mew|296\/404
|
|switch|p2a: Latios|Latios, M|301\/301
|
|-weather|Sandstorm|[upkeep]
|-damage|p2a: Latios|283\/301|[from] sandstorm
|-damage|p1a: Mew|271\/404|[from] sandstorm
|-heal|p1a: Mew|296\/404|[from] item: Leftovers
|turn|3
|
|switch|p2a: Manectric|Manectric-Mega, M|71\/281
|-ability|p2a: Manectric|Intimidate|[of] p1a: Mew
|-unboost|p1a: Mew|atk|1
|move|p1a: Mew|Soft-Boiled|p1a: Mew
|-heal|p1a: Mew|404\/404
|
|-weather|Sandstorm|[upkeep]
|-damage|p2a: Manectric|54\/281|[from] sandstorm
|-damage|p1a: Mew|379\/404|[from] sandstorm
|-heal|p1a: Mew|404\/404|[from] item: Leftovers
|turn|4
|
|move|p2a: Manectric|Discharge|p1a: Mew
|-damage|p1a: Mew|260\/404
|move|p1a: Mew|Knock Off|p2a: Manectric
|-damage|p2a: Manectric|20\/281
|
|-weather|Sandstorm|[upkeep]
|-damage|p2a: Manectric|3\/281|[from] sandstorm
|-damage|p1a: Mew|235\/404|[from] sandstorm
|-heal|p1a: Mew|260\/404|[from] item: Leftovers
|turn|5
|
|move|p2a: Manectric|Discharge|p1a: Mew
|-damage|p1a: Mew|112\/404
|move|p1a: Mew|Soft-Boiled|p1a: Mew
|-heal|p1a: Mew|314\/404
|
|-weather|none
|-heal|p1a: Mew|339\/404|[from] item: Leftovers
|turn|6
|
|switch|p1a: Conkeldurr|Conkeldurr, M|351\/351
|move|p2a: Manectric|Volt Switch|p1a: Conkeldurr
|-damage|p1a: Conkeldurr|266\/351
|
|switch|p2a: Talonflame|Talonflame, M|280\/298
|
|turn|7
|
|switch|p1a: Tyranitar|Tyranitar, F|255\/342
|-weather|Sandstorm
|move|p2a: Talonflame|Brave Bird|p1a: Tyranitar
|-resisted|p1a: Tyranitar
|-damage|p1a: Tyranitar|177\/342
|-damage|p2a: Talonflame|254\/298|[from] recoil|[of] p1a: Tyranitar
|
|-weather|Sandstorm|[upkeep]
|-damage|p2a: Talonflame|236\/298|[from] sandstorm
|turn|8
|
|move|p1a: Tyranitar|Pursuit|p2a: Talonflame|[from]Pursuit
|-damage|p2a: Talonflame|29\/298
|switch|p2a: Donphan|Donphan, F|370\/370
|
|-weather|Sandstorm|[upkeep]
|turn|9
|
|switch|p1a: Charizard|Charizard, M|297\/297
|move|p2a: Donphan|Earthquake|p1a: Charizard
|-immune|p1a: Charizard|[msg]
|
|-weather|Sandstorm|[upkeep]
|-damage|p1a: Charizard|279\/297|[from] sandstorm
|turn|10
|
|detailschange|p1a: Charizard|Charizard-Mega-Y, M
|message|Charizard has Mega Evolved into Mega Charizard!
|-weather|SunnyDay
|move|p1a: Charizard|Fire Blast|p2a: Donphan
|-activate|p2a: Donphan|Sturdy
|-damage|p2a: Donphan|1\/370
|move|p2a: Donphan|Stone Edge|p1a: Charizard
|-supereffective|p1a: Charizard
|-damage|p1a: Charizard|0 fnt
|faint|p1a: Charizard
|
|-weather|SunnyDay|[upkeep]
|-heal|p2a: Donphan|24\/370|[from] item: Leftovers
|
|switch|p1a: Conkeldurr|Conkeldurr, M|266\/351
|turn|11
|
|move|p1a: Conkeldurr|Mach Punch|p2a: Donphan
|-damage|p2a: Donphan|0 fnt
|faint|p2a: Donphan
|
|-weather|SunnyDay|[upkeep]
|
|switch|p2a: Talonflame|Talonflame, M|29\/298
|-enditem|p2a: Talonflame|Apicot Berry|[eat]
|-boost|p2a: Talonflame|spd|1|[from] item: Apicot Berry
|turn|12
|
|switch|p1a: Tyranitar|Tyranitar, F|177\/342
|-weather|Sandstorm
|move|p2a: Talonflame|Brave Bird|p1a: Tyranitar
|-resisted|p1a: Tyranitar
|-damage|p1a: Tyranitar|95\/342
|-damage|p2a: Talonflame|2\/298|[from] recoil|[of] p1a: Tyranitar
|
|-weather|Sandstorm|[upkeep]
|-damage|p2a: Talonflame|0 fnt|[from] sandstorm
|faint|p2a: Talonflame
|
|switch|p2a: Manectric|Manectric-Mega, M|3\/281
|-ability|p2a: Manectric|Intimidate|[of] p1a: Tyranitar
|-unboost|p1a: Tyranitar|atk|1
|turn|13
|
|switch|p1a: Sylveon|Sylveon, M|391\/391
|move|p2a: Manectric|Discharge|p1a: Sylveon
|-damage|p1a: Sylveon|279\/391
|
|-weather|Sandstorm|[upkeep]
|-damage|p2a: Manectric|0 fnt|[from] sandstorm
|-damage|p1a: Sylveon|255\/391|[from] sandstorm
|faint|p2a: Manectric
|
|switch|p2a: Scizor|Scizor, F|301\/301
|turn|14
|
|switch|p1a: Mew|Mew|339\/404
|move|p2a: Scizor|Swords Dance|p2a: Scizor
|-boost|p2a: Scizor|atk|2
|
|-weather|Sandstorm|[upkeep]
|-damage|p1a: Mew|314\/404|[from] sandstorm
|-heal|p1a: Mew|339\/404|[from] item: Leftovers
|turn|15
|
|move|p2a: Scizor|Bullet Punch|p1a: Mew
|-damage|p1a: Mew|101\/404
|-damage|p2a: Scizor|271\/301|[from] item: Life Orb
|move|p1a: Mew|Will-O-Wisp|p2a: Scizor
|-status|p2a: Scizor|brn
|
|-weather|Sandstorm|[upkeep]
|-damage|p1a: Mew|76\/404|[from] sandstorm
|-heal|p1a: Mew|101\/404|[from] item: Leftovers
|-damage|p2a: Scizor|234\/301 brn|[from] brn
|turn|16
|
|move|p1a: Mew|Knock Off|p2a: Scizor
|-damage|p2a: Scizor|173\/301 brn
|-enditem|p2a: Scizor|Life Orb|[from] move: Knock Off|[of] p1a: Mew
|move|p2a: Scizor|Knock Off|p1a: Mew
|-supereffective|p1a: Mew
|-damage|p1a: Mew|0 fnt
|-enditem|p1a: Mew|Leftovers|[from] move: Knock Off|[of] p2a: Scizor
|faint|p1a: Mew
|
|-weather|none
|-damage|p2a: Scizor|136\/301 brn|[from] brn
|
|switch|p1a: Thundurus|Thundurus, M|299\/299
|turn|17
|
|move|p1a: Thundurus|Thunderbolt|p2a: Scizor
|-damage|p2a: Scizor|0 fnt
|-damage|p1a: Thundurus|270\/299|[from] item: Life Orb
|faint|p2a: Scizor
|
|
|switch|p2a: Latios|Latios, M|283\/301
|turn|18
|
|switch|p2a: Tyranitar|Tyranitar, F|400\/400
|-weather|Sandstorm
|move|p1a: Thundurus|Knock Off|p2a: Tyranitar
|-crit|p2a: Tyranitar
|-resisted|p2a: Tyranitar
|-damage|p2a: Tyranitar|323\/400
|-enditem|p2a: Tyranitar|Assault Vest|[from] move: Knock Off|[of] p1a: Thundurus
|-damage|p1a: Thundurus|241\/299|[from] item: Life Orb
|
|-weather|Sandstorm|[upkeep]
|-damage|p1a: Thundurus|223\/299|[from] sandstorm
|turn|19
|
|move|p1a: Thundurus|Superpower|p2a: Tyranitar
|-supereffective|p2a: Tyranitar
|-damage|p2a: Tyranitar|0 fnt
|-unboost|p1a: Thundurus|atk|1
|-unboost|p1a: Thundurus|def|1
|-damage|p1a: Thundurus|194\/299|[from] item: Life Orb
|faint|p2a: Tyranitar
|
|-weather|Sandstorm|[upkeep]
|-damage|p1a: Thundurus|176\/299|[from] sandstorm
|c|âTP Kelverian|Aghhh
|c|âTP Kelverian|not the prankster one
|c|âTP Kelverian|:P
|
|switch|p2a: Latios|Latios, M|283\/301
|turn|20
|c|âbizarman|yep ^^
|
|move|p1a: Thundurus|Knock Off|p2a: Latios
|-supereffective|p2a: Latios
|-damage|p2a: Latios|106\/301
|-enditem|p2a: Latios|Life Orb|[from] move: Knock Off|[of] p1a: Thundurus
|-damage|p1a: Thundurus|147\/299|[from] item: Life Orb
|move|p2a: Latios|Psyshock|p1a: Thundurus
|-damage|p1a: Thundurus|0 fnt
|faint|p1a: Thundurus
|
|-weather|Sandstorm|[upkeep]
|-damage|p2a: Latios|88\/301|[from] sandstorm
|
|switch|p1a: Tyranitar|Tyranitar, F|95\/342
|turn|21
|
|move|p1a: Tyranitar|Crunch|p2a: Latios
|-supereffective|p2a: Latios
|-damage|p2a: Latios|0 fnt
|faint|p2a: Latios
|
|win|bizarman
|raw|Ladder updating...
|raw|bizarman's rating: 1558 &rarr; <strong>1578<\/strong><br \/>(+20 for winning)
|raw|TP Kelverian's rating: 1527 &rarr; <strong>1509<\/strong><br \/>(-18 for losing)
|c|âbizarman|gg
|c|âTP Kelverian|GG