|join|bizarman
|join|samuele5ds3
|player|p1|bizarman|42
|player|p2|samuele5ds3|2
|gametype|singles
|gen|6
|tier|OU
|rated
|clearpoke
|poke|p1|Politoed, M
|poke|p1|Thundurus, M
|poke|p1|Ludicolo, F
|poke|p1|Kabutops, F
|poke|p1|Magnezone
|poke|p1|Heracross, M
|poke|p2|Charizard, M, shiny
|poke|p2|Excadrill, M
|poke|p2|Hippowdon, F
|poke|p2|Scizor, F
|poke|p2|Gardevoir, F, shiny
|poke|p2|Keldeo-Resolute
|rule|Swagger Clause: Swagger is banned
|rule|Baton Pass Clause: Limit one PokÃ©mon knowing Baton Pass
|rule|Sleep Clause Mod: Limit one foe put to sleep
|rule|Species Clause: Limit one of each PokÃ©mon
|rule|OHKO Clause: OHKO moves are banned
|rule|Moody Clause: Moody is banned
|rule|Evasion Moves Clause: Evasion moves are banned
|rule|Endless Battle Clause: Forcing endless battles is banned
|rule|HP Percentage Mod: HP is shown in percentages
|teampreview
|c|âsamuele5ds3|gl hf
|
|start
|switch|p1a: McKellen|Magnezone|282\/282
|switch|p2a: The fucker|Charizard, M, shiny|297\/297
|turn|1
|c|âbizarman|glhf
|
|switch|p2a: Roaaar|Hippowdon, F|357\/357
|-weather|Sandstorm
|move|p1a: McKellen|Volt Switch|p2a: Roaaar
|-immune|p2a: Roaaar|[msg]
|
|-weather|Sandstorm|[upkeep]
|turn|2
|
|switch|p1a: Castamere|Politoed, M|363\/363
|-weather|RainDance
|move|p2a: Roaaar|Stealth Rock|p1a: Castamere
|-sidestart|p1: bizarman|move: Stealth Rock
|
|-weather|RainDance|[upkeep]
|turn|3
|c|âsamuele5ds3|!data ludicolo
|c|~|\/data-pokemon Ludicolo

|
|switch|p2a: Im so sexy|Gardevoir, F, shiny|336\/336
|move|p1a: Castamere|Scald|p2a: Im so sexy
|-damage|p2a: Im so sexy|218\/336
|
|-weather|RainDance|[upkeep]
|-heal|p2a: Im so sexy|239\/336|[from] item: Leftovers
|turn|4
|
|switch|p1a: McKellen|Magnezone|282\/282
|-damage|p1a: McKellen|265\/282|[from] Stealth Rock
|move|p2a: Im so sexy|Wish|p2a: Im so sexy
|
|-weather|RainDance|[upkeep]
|-heal|p2a: Im so sexy|260\/336|[from] item: Leftovers
|turn|5
|
|switch|p2a: Roaaar|Hippowdon, F|357\/357
|-weather|Sandstorm
|move|p1a: McKellen|Flash Cannon|p2a: Roaaar
|-damage|p2a: Roaaar|188\/357
|
|-weather|Sandstorm|[upkeep]
|-heal|p2a: Roaaar|356\/357|[from] move: Wish|[wisher] Im so sexy
|-heal|p2a: Roaaar|357\/357|[from] item: Leftovers
|turn|6
|
|switch|p1a: Castamere|Politoed, M|363\/363
|-damage|p1a: Castamere|318\/363|[from] Stealth Rock
|-weather|RainDance
|move|p2a: Roaaar|Earthquake|p1a: Castamere
|-damage|p1a: Castamere|167\/363
|
|-weather|RainDance|[upkeep]
|turn|7
|
|switch|p1a: PineappleOfDoom|Ludicolo, F|302\/302
|-damage|p1a: PineappleOfDoom|265\/302|[from] Stealth Rock
|move|p2a: Roaaar|Earthquake|p1a: PineappleOfDoom
|-resisted|p1a: PineappleOfDoom
|-damage|p1a: PineappleOfDoom|184\/302
|
|-weather|RainDance|[upkeep]
|turn|8
|
|switch|p2a: The fucker|Charizard, M, shiny|297\/297
|move|p1a: PineappleOfDoom|Hydro Pump|p2a: The fucker
|-crit|p2a: The fucker
|-supereffective|p2a: The fucker
|-damage|p2a: The fucker|0 fnt
|-damage|p1a: PineappleOfDoom|154\/302|[from] item: Life Orb
|faint|p2a: The fucker
|
|-weather|RainDance|[upkeep]
|c|âsamuele5ds3|great
|
|switch|p2a: Im so sexy|Gardevoir, F, shiny|260\/336
|turn|9
|
|move|p1a: PineappleOfDoom|Hydro Pump|p2a: Im so sexy|[miss]
|-miss|p1a: PineappleOfDoom|p2a: Im so sexy
|move|p2a: Im so sexy|Moonblast|p1a: PineappleOfDoom
|-damage|p1a: PineappleOfDoom|24\/302
|
|-weather|RainDance|[upkeep]
|-heal|p2a: Im so sexy|281\/336|[from] item: Leftovers
|turn|10
|
|move|p1a: PineappleOfDoom|Hydro Pump|p2a: Im so sexy
|-damage|p2a: Im so sexy|67\/336
|-damage|p1a: PineappleOfDoom|0 fnt|[from] item: Life Orb
|faint|p1a: PineappleOfDoom
|move|p2a: Im so sexy|Moonblast|p1: PineappleOfDoom|[notarget]
|-notarget
|
|-weather|RainDance|[upkeep]
|-heal|p2a: Im so sexy|88\/336|[from] item: Leftovers
|
|switch|p1a: QueenOfBlades|Kabutops, F|262\/262
|-damage|p1a: QueenOfBlades|230\/262|[from] Stealth Rock
|turn|11
|
|move|p1a: QueenOfBlades|Waterfall|p2a: Im so sexy
|-damage|p2a: Im so sexy|0 fnt
|-damage|p1a: QueenOfBlades|204\/262|[from] item: Life Orb
|faint|p2a: Im so sexy
|
|-weather|RainDance|[upkeep]
|
|switch|p2a: best than talonfla|Scizor, F|339\/339
|turn|12
|
|switch|p1a: McKellen|Magnezone|265\/282
|-damage|p1a: McKellen|248\/282|[from] Stealth Rock
|switch|p2a: Roaaar|Hippowdon, F|357\/357
|-weather|Sandstorm
|
|-weather|Sandstorm|[upkeep]
|turn|13
|
|switch|p1a: Castamere|Politoed, M|167\/363
|-damage|p1a: Castamere|122\/363|[from] Stealth Rock
|-weather|RainDance
|move|p2a: Roaaar|Stone Edge|p1a: Castamere
|-damage|p1a: Castamere|14\/363
|
|-weather|RainDance|[upkeep]
|turn|14
|
|move|p1a: Castamere|Scald|p2a: Roaaar
|-supereffective|p2a: Roaaar
|-damage|p2a: Roaaar|0 fnt
|faint|p2a: Roaaar
|
|-weather|RainDance|[upkeep]
|
|switch|p2a: best than talonfla|Scizor, F|339\/339
|turn|15
|
|move|p2a: best than talonfla|Bullet Punch|p1a: Castamere
|-resisted|p1a: Castamere
|-damage|p1a: Castamere|0 fnt
|faint|p1a: Castamere
|
|-weather|RainDance|[upkeep]
|c|âsamuele5ds3|gg
|
|switch|p1a: McKellen|Magnezone|248\/282
|-damage|p1a: McKellen|231\/282|[from] Stealth Rock
|turn|16
|
|move|p1a: McKellen|Thunder|p2a: best than talonfla
|-damage|p2a: best than talonfla|108\/339
|move|p2a: best than talonfla|Knock Off|p1a: McKellen
|-damage|p1a: McKellen|109\/282
|-enditem|p1a: McKellen|Choice Scarf|[from] move: Knock Off|[of] p2a: best than talonfla
|
|-weather|RainDance|[upkeep]
|-heal|p2a: best than talonfla|129\/339|[from] item: Leftovers
|turn|17
|
|move|p1a: McKellen|Thunder|p2a: best than talonfla
|-damage|p2a: best than talonfla|0 fnt
|faint|p2a: best than talonfla
|
|-weather|RainDance|[upkeep]
|
|switch|p2a: pony the killah|Keldeo-Resolute|323\/323
|turn|18
|
|move|p2a: pony the killah|Scald|p1a: McKellen
|-damage|p1a: McKellen|0 fnt
|faint|p1a: McKellen
|
|-weather|RainDance|[upkeep]
|
|switch|p1a: ThreeWishes|Thundurus, M|299\/299
|-damage|p1a: ThreeWishes|225\/299|[from] Stealth Rock
|turn|19
|
|switch|p1a: QueenOfBlades|Kabutops, F|204\/262
|-damage|p1a: QueenOfBlades|172\/262|[from] Stealth Rock
|move|p2a: pony the killah|Scald|p1a: QueenOfBlades
|-damage|p1a: QueenOfBlades|0 fnt
|faint|p1a: QueenOfBlades
|
|-weather|RainDance|[upkeep]
|
|switch|p1a: ThreeWishes|Thundurus, M|225\/299
|-damage|p1a: ThreeWishes|151\/299|[from] Stealth Rock
|turn|20
|
|switch|p2a: Problem clefable?|Excadrill, M|362\/362
|move|p1a: ThreeWishes|Volt Switch|p2a: Problem clefable?
|-immune|p2a: Problem clefable?|[msg]
|
|-weather|none
|turn|21
|
|switch|p1a: T-800|Heracross, M|302\/302
|-damage|p1a: T-800|265\/302|[from] Stealth Rock
|move|p2a: Problem clefable?|Iron Head|p1a: T-800
|-damage|p1a: T-800|8\/302
|-damage|p2a: Problem clefable?|326\/362|[from] item: Life Orb
|
|turn|22
|
|detailschange|p1a: T-800|Heracross-Mega, M
|message|Heracross has Mega Evolved into Mega Heracross!
|move|p2a: Problem clefable?|Iron Head|p1a: T-800
|-crit|p1a: T-800
|-damage|p1a: T-800|0 fnt
|-damage|p2a: Problem clefable?|290\/362|[from] item: Life Orb
|faint|p1a: T-800
|
|
|switch|p1a: ThreeWishes|Thundurus, M|151\/299
|-damage|p1a: ThreeWishes|77\/299|[from] Stealth Rock
|turn|23
|c|âsamuele5ds3|crit didnt matter
|c|âbizarman|gg
|
|move|p1a: ThreeWishes|Hidden Power|p2a: Problem clefable?
|-damage|p2a: Problem clefable?|187\/362
|move|p2a: Problem clefable?|Iron Head|p1a: ThreeWishes
|-resisted|p1a: ThreeWishes
|-damage|p1a: ThreeWishes|0 fnt
|-damage|p2a: Problem clefable?|151\/362|[from] item: Life Orb
|faint|p1a: ThreeWishes
|
|win|samuele5ds3
|raw|Ladder updating...
|raw|bizarman's rating: 1568 &rarr; <strong>1543<\/strong><br \/>(-25 for losing)
|raw|samuele5ds3's rating: 1491 &rarr; <strong>1515<\/strong><br \/>(+24 for winning)
|c|âsamuele5ds3|gg