|join|Amoongbro
|join|bizarman
|player|p1|Amoongbro|1
|player|p2|bizarman|42
|gametype|singles
|gen|6
|tier|OU
|rated
|clearpoke
|poke|p1|Chansey, F
|poke|p1|Skarmory, M
|poke|p1|Alomomola, F
|poke|p1|Amoonguss, F
|poke|p1|Quagsire, F
|poke|p1|Sableye, F
|poke|p2|Gengar, F
|poke|p2|Rotom-Wash
|poke|p2|Keldeo
|poke|p2|Landorus-Therian, M
|poke|p2|Dragonite, M
|poke|p2|Scizor, M
|rule|Swagger Clause: Swagger is banned
|rule|Baton Pass Clause: Limit one PokÃ©mon knowing Baton Pass
|rule|Sleep Clause Mod: Limit one foe put to sleep
|rule|Species Clause: Limit one of each PokÃ©mon
|rule|OHKO Clause: OHKO moves are banned
|rule|Moody Clause: Moody is banned
|rule|Evasion Moves Clause: Evasion moves are banned
|rule|Endless Battle Clause: Forcing endless battles is banned
|rule|HP Percentage Mod: HP is shown in percentages
|teampreview
|
|start
|switch|p1a: Sableye|Sableye, F|304\/304
|switch|p2a: Keldeo|Keldeo|323\/323
|turn|1
|
|detailschange|p1a: Sableye|Sableye-Mega, F
|-mega|p1a: Sableye|Sableye|Sablenite
|move|p2a: Keldeo|Substitute|p2a: Keldeo
|-start|p2a: Keldeo|Substitute
|-damage|p2a: Keldeo|243\/323
|move|p1a: Sableye|Knock Off|p2a: Keldeo
|-resisted|p2a: Keldeo
|-activate|p2a: Keldeo|Substitute|[damage]
|
|-heal|p2a: Keldeo|263\/323|[from] item: Leftovers
|turn|2
|
|switch|p1a: Amoonguss|Amoonguss, F|432\/432
|move|p2a: Keldeo|Calm Mind|p2a: Keldeo
|-boost|p2a: Keldeo|spa|1
|-boost|p2a: Keldeo|spd|1
|
|-heal|p2a: Keldeo|283\/323|[from] item: Leftovers
|turn|3
|
|switch|p1a: Quagsire|Quagsire, F|394\/394
|move|p2a: Keldeo|Scald|p1a: Quagsire
|-damage|p1a: Quagsire|195\/394
|
|-heal|p2a: Keldeo|303\/323|[from] item: Leftovers
|-heal|p1a: Quagsire|219\/394|[from] item: Leftovers
|turn|4
|
|move|p2a: Keldeo|Secret Sword|p1a: Quagsire
|-damage|p1a: Quagsire|108\/394
|move|p1a: Quagsire|Haze|p1a: Quagsire
|-clearallboost
|
|-heal|p2a: Keldeo|323\/323|[from] item: Leftovers
|-heal|p1a: Quagsire|132\/394|[from] item: Leftovers
|turn|5
|
|switch|p1a: Amoonguss|Amoonguss, F|432\/432
|move|p2a: Keldeo|Scald|p1a: Amoonguss
|-resisted|p1a: Amoonguss
|-damage|p1a: Amoonguss|378\/432
|
|turn|6
|
|move|p2a: Keldeo|Scald|p1a: Amoonguss
|-resisted|p1a: Amoonguss
|-damage|p1a: Amoonguss|317\/432
|-status|p1a: Amoonguss|brn
|move|p1a: Amoonguss|Giga Drain|p2a: Keldeo
|-supereffective|p2a: Keldeo
|-end|p2a: Keldeo|Substitute
|-heal|p1a: Amoonguss|329\/432 brn|[from] drain|[of] p2a: Keldeo
|
|-damage|p1a: Amoonguss|275\/432 brn|[from] brn
|turn|7
|c|âAmoongbro|sih
|c|âAmoongbro|sigh
|c|âAmoongbro|fuck off you tard
|
|move|p2a: Keldeo|Substitute|p2a: Keldeo
|-start|p2a: Keldeo|Substitute
|-damage|p2a: Keldeo|243\/323
|move|p1a: Amoonguss|Giga Drain|p2a: Keldeo
|-supereffective|p2a: Keldeo
|-end|p2a: Keldeo|Substitute
|-heal|p1a: Amoonguss|315\/432 brn|[from] drain|[of] p2a: Keldeo
|
|-heal|p2a: Keldeo|263\/323|[from] item: Leftovers
|-damage|p1a: Amoonguss|261\/432 brn|[from] brn
|turn|8
|
|switch|p2a: Gengar|Gengar, F|261\/261
|move|p1a: Amoonguss|Giga Drain|p2a: Gengar
|-resisted|p2a: Gengar
|-damage|p2a: Gengar|208\/261
|-heal|p1a: Amoonguss|288\/432 brn|[from] drain|[of] p2a: Gengar
|
|-damage|p1a: Amoonguss|234\/432 brn|[from] brn
|turn|9
|
|move|p2a: Gengar|Taunt|p1a: Amoonguss
|-start|p1a: Amoonguss|move: Taunt
|move|p1a: Amoonguss|Foul Play|p2a: Gengar
|-supereffective|p2a: Gengar
|-damage|p2a: Gengar|136\/261
|
|-damage|p1a: Amoonguss|180\/432 brn|[from] brn
|turn|10
|
|switch|p1a: MrsBlobby|Chansey, F|704\/704
|move|p2a: Gengar|Sludge Wave|p1a: MrsBlobby
|-damage|p1a: MrsBlobby|568\/704
|-damage|p2a: Gengar|110\/261|[from] item: Life Orb
|
|turn|11
|
|switch|p1a: Amoonguss|Amoonguss, F|324\/432 brn
|move|p2a: Gengar|Taunt|p1a: Amoonguss
|-start|p1a: Amoonguss|move: Taunt
|
|-damage|p1a: Amoonguss|270\/432 brn|[from] brn
|turn|12
|
|switch|p1a: MrsBlobby|Chansey, F|568\/704
|move|p2a: Gengar|Shadow Ball|p1a: MrsBlobby
|-immune|p1a: MrsBlobby|[msg]
|
|turn|13
|
|move|p2a: Gengar|Taunt|p1a: MrsBlobby
|-start|p1a: MrsBlobby|move: Taunt
|move|p1a: MrsBlobby|Seismic Toss|p2a: Gengar
|-immune|p2a: Gengar|[msg]
|
|turn|14
|
|switch|p2a: Scizor|Scizor, M|344\/344
|move|p1a: MrsBlobby|Seismic Toss|p2a: Scizor
|-damage|p2a: Scizor|244\/344
|
|turn|15
|
|switch|p1a: Alomomola|Alomomola, F|529\/529
|detailschange|p2a: Scizor|Scizor-Mega, M
|-mega|p2a: Scizor|Scizor|Scizorite
|move|p2a: Scizor|U-turn|p1a: Alomomola
|-damage|p1a: Alomomola|427\/529
|
|switch|p2a: Keldeo|Keldeo|263\/323
|
|-heal|p2a: Keldeo|283\/323|[from] item: Leftovers
|-heal|p1a: Alomomola|460\/529|[from] item: Leftovers
|turn|16
|c|âAmoongbro|sigh
|
|switch|p1a: Amoonguss|Amoonguss, F|414\/432 brn
|move|p2a: Keldeo|Substitute|p2a: Keldeo
|-start|p2a: Keldeo|Substitute
|-damage|p2a: Keldeo|203\/323
|
|-heal|p2a: Keldeo|223\/323|[from] item: Leftovers
|-damage|p1a: Amoonguss|360\/432 brn|[from] brn
|turn|17
|
|move|p2a: Keldeo|Scald|p1a: Amoonguss
|-crit|p1a: Amoonguss
|-resisted|p1a: Amoonguss
|-damage|p1a: Amoonguss|270\/432 brn
|move|p1a: Amoonguss|Giga Drain|p2a: Keldeo
|-supereffective|p2a: Keldeo
|-end|p2a: Keldeo|Substitute
|-heal|p1a: Amoonguss|310\/432 brn|[from] drain|[of] p2a: Keldeo
|
|-heal|p2a: Keldeo|243\/323|[from] item: Leftovers
|-damage|p1a: Amoonguss|256\/432 brn|[from] brn
|turn|18
|c|âAmoongbro|ABSOLJUTE COCK SLUG FCK
|c|âAmoongbro|SUG FUCK
|c|âAmoongbro|SLUG FUCK
|c|âAmoongbro|SLUG FUCK
|c|âAmoongbro|SLUG FUCK
|
|switch|p2a: Gengar|Gengar, F|110\/261
|move|p1a: Amoonguss|Clear Smog|p2a: Gengar
|-resisted|p2a: Gengar
|-damage|p2a: Gengar|95\/261
|-clearboost|p2a: Gengar
|
|-damage|p1a: Amoonguss|202\/432 brn|[from] brn
|turn|19
|
|switch|p1a: MrsBlobby|Chansey, F|568\/704
|move|p2a: Gengar|Sludge Wave|p1a: MrsBlobby
|-damage|p1a: MrsBlobby|422\/704
|-damage|p2a: Gengar|69\/261|[from] item: Life Orb
|
|turn|20
|
|switch|p1a: Amoonguss|Amoonguss, F|346\/432 brn
|move|p2a: Gengar|Taunt|p1a: Amoonguss
|-start|p1a: Amoonguss|move: Taunt
|
|-damage|p1a: Amoonguss|292\/432 brn|[from] brn
|turn|21
|
|switch|p1a: MrsBlobby|Chansey, F|422\/704
|move|p2a: Gengar|Sludge Wave|p1a: MrsBlobby
|-damage|p1a: MrsBlobby|276\/704
|-damage|p2a: Gengar|43\/261|[from] item: Life Orb
|
|turn|22
|
|move|p2a: Gengar|Taunt|p1a: MrsBlobby
|-start|p1a: MrsBlobby|move: Taunt
|cant|p1a: MrsBlobby|move: Taunt|Soft-Boiled
|
|turn|23
|
|switch|p1a: Amoonguss|Amoonguss, F|432\/432 brn
|move|p2a: Gengar|Shadow Ball|p1a: Amoonguss
|-damage|p1a: Amoonguss|284\/432 brn
|-damage|p2a: Gengar|17\/261|[from] item: Life Orb
|
|-damage|p1a: Amoonguss|230\/432 brn|[from] brn
|turn|24
|
|move|p2a: Gengar|Taunt|p1a: Amoonguss
|-start|p1a: Amoonguss|move: Taunt
|move|p1a: Amoonguss|Foul Play|p2a: Gengar
|-supereffective|p2a: Gengar
|-damage|p2a: Gengar|0 fnt
|faint|p2a: Gengar
|
|-damage|p1a: Amoonguss|176\/432 brn|[from] brn
|
|switch|p2a: Landorus-Therian|Landorus-Therian, M|320\/320
|-ability|p2a: Landorus-Therian|Intimidate|[of] p1a: Amoonguss
|-unboost|p1a: Amoonguss|atk|1
|turn|25
|
|switch|p1a: Sableye|Sableye-Mega, F|304\/304
|move|p2a: Landorus-Therian|Knock Off|p1a: Sableye
|-damage|p1a: Sableye|251\/304
|
|turn|26
|
|switch|p2a: Rotom-Wash|Rotom-Wash|304\/304
|move|p1a: Sableye|Will-O-Wisp|p2a: Rotom-Wash
|-status|p2a: Rotom-Wash|brn
|
|-damage|p2a: Rotom-Wash|266\/304 brn|[from] brn
|turn|27
|
|switch|p1a: Amoonguss|Amoonguss, F|320\/432 brn
|move|p2a: Rotom-Wash|Will-O-Wisp|p1a: Amoonguss
|-fail|p1a: Amoonguss|brn
|
|-heal|p2a: Rotom-Wash|285\/304 brn|[from] item: Leftovers
|-damage|p2a: Rotom-Wash|247\/304 brn|[from] brn
|-damage|p1a: Amoonguss|266\/432 brn|[from] brn
|turn|28
|
|move|p2a: Rotom-Wash|Volt Switch|p1a: Amoonguss
|-resisted|p1a: Amoonguss
|-damage|p1a: Amoonguss|233\/432 brn
|
|switch|p2a: Dragonite|Dragonite, M|324\/324
|move|p1a: Amoonguss|Giga Drain|p2a: Dragonite
|-resisted|p2a: Dragonite
|-damage|p2a: Dragonite|315\/324
|-heal|p1a: Amoonguss|238\/432 brn|[from] drain|[of] p2a: Dragonite
|
|-damage|p1a: Amoonguss|184\/432 brn|[from] brn
|turn|29
|
|switch|p1a: Alomomola|Alomomola, F|529\/529
|move|p2a: Dragonite|Dragon Dance|p2a: Dragonite
|-boost|p2a: Dragonite|atk|1
|-boost|p2a: Dragonite|spe|1
|
|turn|30
|
|move|p2a: Dragonite|Thunder Punch|p1a: Alomomola
|-crit|p1a: Alomomola
|-supereffective|p1a: Alomomola
|-damage|p1a: Alomomola|143\/529
|move|p1a: Alomomola|Toxic|p2a: Dragonite
|-status|p2a: Dragonite|tox
|-enditem|p2a: Dragonite|Lum Berry|[eat]
|-curestatus|p2a: Dragonite|tox
|
|-heal|p1a: Alomomola|176\/529|[from] item: Leftovers
|turn|31
|c|âAmoongbro|SLUG FUCK
|c|âAmoongbro|SLUG FUCK
|c|âAmoongbro|SLUG FUCK
|c|âAmoongbro|SLUG FUCK
|c|âAmoongbro|SLUG FUCK
|c|âAmoongbro|SLUG FUCK
|c|âAmoongbro|SLUG FUCK
|c|âAmoongbro|SLUG FUCK
|c|âAmoongbro|SLUG FUCK
|c|âAmoongbro|SLUG FUCK
|c|âAmoongbro|SLUG FUCKNOOB CRIT FUCK
|c|âAmoongbro|NOOB BURN FUCK
|
|switch|p1a: Quagsire|Quagsire, F|132\/394
|move|p2a: Dragonite|Thunder Punch|p1a: Quagsire
|-immune|p1a: Quagsire|[msg]
|
|-heal|p1a: Quagsire|156\/394|[from] item: Leftovers
|turn|32
|
|move|p2a: Dragonite|Outrage|p1a: Quagsire
|-crit|p1a: Quagsire
|-damage|p1a: Quagsire|0 fnt
|faint|p1a: Quagsire
|
|c|âAmoongbro|SIGH
|c|âAmoongbro|NOOB FUCK
|
|switch|p1a: Alomomola|Alomomola, F|352\/529
|turn|33
|c|âbizarman|i thought stall players always keep their cool
|
|move|p1a: Alomomola|Protect|p1a: Alomomola
|-singleturn|p1a: Alomomola|Protect
|move|p2a: Dragonite|Outrage|p1a: Alomomola
|-activate|p1a: Alomomola|Protect
|
|-end|p2a: Dragonite|rampage
|-start|p2a: Dragonite|confusion
|-heal|p1a: Alomomola|385\/529|[from] item: Leftovers
|turn|34
|c|âAmoongbro|SHUT UP YOU FUCKING CRIT BURN NOOB FUCK
|
|-activate|p2a: Dragonite|confusion
|move|p2a: Dragonite|Dragon Dance|p2a: Dragonite
|-boost|p2a: Dragonite|atk|1
|-boost|p2a: Dragonite|spe|1
|move|p1a: Alomomola|Toxic|p2a: Dragonite
|-status|p2a: Dragonite|tox
|
|-heal|p1a: Alomomola|418\/529|[from] item: Leftovers
|-damage|p2a: Dragonite|295\/324 tox|[from] psn
|turn|35
|
|move|p1a: Alomomola|Protect|p1a: Alomomola
|-singleturn|p1a: Alomomola|Protect
|-activate|p2a: Dragonite|confusion
|move|p2a: Dragonite|Thunder Punch|p1a: Alomomola
|-activate|p1a: Alomomola|Protect
|
|-heal|p1a: Alomomola|451\/529|[from] item: Leftovers
|-damage|p2a: Dragonite|255\/324 tox|[from] psn
|turn|36
|
|switch|p1a: Skarmory|Skarmory, M|334\/334
|-activate|p2a: Dragonite|confusion
|-damage|p2a: Dragonite|145\/324 tox|[from] confusion
|
|-damage|p2a: Dragonite|85\/324 tox|[from] psn
|turn|37
|
|-activate|p2a: Dragonite|confusion
|move|p2a: Dragonite|Thunder Punch|p1a: Skarmory
|-supereffective|p1a: Skarmory
|-damage|p1a: Skarmory|120\/334
|move|p1a: Skarmory|Stealth Rock|p2a: Dragonite
|-sidestart|p2: bizarman|move: Stealth Rock
|
|-damage|p2a: Dragonite|5\/324 tox|[from] psn
|turn|38
|
|-end|p2a: Dragonite|confusion
|move|p2a: Dragonite|Outrage|p1a: Skarmory
|-resisted|p1a: Skarmory
|-damage|p1a: Skarmory|0 fnt
|faint|p1a: Skarmory
|
|-damage|p2a: Dragonite|0 fnt|[from] psn
|faint|p2a: Dragonite
|
|switch|p2a: Keldeo|Keldeo|243\/323
|switch|p1a: MrsBlobby|Chansey, F|276\/704
|-damage|p2a: Keldeo|223\/323|[from] Stealth Rock
|turn|39
|
|switch|p1a: Amoonguss|Amoonguss, F|328\/432 brn
|move|p2a: Keldeo|Secret Sword|p1a: Amoonguss
|-resisted|p1a: Amoonguss
|-damage|p1a: Amoonguss|261\/432 brn
|
|-heal|p2a: Keldeo|243\/323|[from] item: Leftovers
|-damage|p1a: Amoonguss|207\/432 brn|[from] brn
|turn|40
|
|switch|p2a: Scizor|Scizor-Mega, M|244\/344
|-damage|p2a: Scizor|201\/344|[from] Stealth Rock
|move|p1a: Amoonguss|Giga Drain|p2a: Scizor
|-resisted|p2a: Scizor
|-damage|p2a: Scizor|183\/344
|-heal|p1a: Amoonguss|216\/432 brn|[from] drain|[of] p2a: Scizor
|
|-damage|p1a: Amoonguss|162\/432 brn|[from] brn
|turn|41
|c|âAmoongbro|FUCKING CANCER SLUG PEDO FUCK
|
|switch|p1a: Alomomola|Alomomola, F|529\/529
|move|p2a: Scizor|Roost|p2a: Scizor
|-heal|p2a: Scizor|344\/344
|
|turn|42
|
|switch|p2a: Rotom-Wash|Rotom-Wash|247\/304 brn
|-damage|p2a: Rotom-Wash|209\/304 brn|[from] Stealth Rock
|move|p1a: Alomomola|Toxic|p2a: Rotom-Wash
|-fail|p2a: Rotom-Wash
|
|-heal|p2a: Rotom-Wash|228\/304 brn|[from] item: Leftovers
|-damage|p2a: Rotom-Wash|190\/304 brn|[from] brn
|turn|43
|
|move|p2a: Rotom-Wash|Volt Switch|p1a: Alomomola
|-supereffective|p1a: Alomomola
|-damage|p1a: Alomomola|235\/529
|
|switch|p2a: Keldeo|Keldeo|243\/323
|-damage|p2a: Keldeo|223\/323|[from] Stealth Rock
|move|p1a: Alomomola|Toxic|p2a: Keldeo
|-status|p2a: Keldeo|tox
|
|-heal|p2a: Keldeo|243\/323 tox|[from] item: Leftovers
|-heal|p1a: Alomomola|268\/529|[from] item: Leftovers
|-damage|p2a: Keldeo|223\/323 tox|[from] psn
|turn|44
|c|âAmoongbro|FUCK YOU
|
|switch|p1a: Amoonguss|Amoonguss, F|306\/432 brn
|move|p2a: Keldeo|Calm Mind|p2a: Keldeo
|-boost|p2a: Keldeo|spa|1
|-boost|p2a: Keldeo|spd|1
|
|-heal|p2a: Keldeo|243\/323 tox|[from] item: Leftovers
|-damage|p2a: Keldeo|203\/323 tox|[from] psn
|-damage|p1a: Amoonguss|252\/432 brn|[from] brn
|turn|45
|
|switch|p2a: Scizor|Scizor-Mega, M|344\/344
|-damage|p2a: Scizor|301\/344|[from] Stealth Rock
|move|p1a: Amoonguss|Giga Drain|p2a: Scizor
|-crit|p2a: Scizor
|-resisted|p2a: Scizor
|-damage|p2a: Scizor|273\/344
|-heal|p1a: Amoonguss|266\/432 brn|[from] drain|[of] p2a: Scizor
|
|-damage|p1a: Amoonguss|212\/432 brn|[from] brn
|turn|46
|
|switch|p1a: Alomomola|Alomomola, F|444\/529
|move|p2a: Scizor|U-turn|p1a: Alomomola
|-damage|p1a: Alomomola|338\/529
|
|switch|p2a: Rotom-Wash|Rotom-Wash|190\/304 brn
|-damage|p2a: Rotom-Wash|152\/304 brn|[from] Stealth Rock
|
|-heal|p2a: Rotom-Wash|171\/304 brn|[from] item: Leftovers
|-heal|p1a: Alomomola|371\/529|[from] item: Leftovers
|-damage|p2a: Rotom-Wash|133\/304 brn|[from] brn
|turn|47
|
|move|p1a: Alomomola|Protect|p1a: Alomomola
|-singleturn|p1a: Alomomola|Protect
|move|p2a: Rotom-Wash|Pain Split|p1a: Alomomola
|-activate|p1a: Alomomola|Protect
|
|-heal|p2a: Rotom-Wash|152\/304 brn|[from] item: Leftovers
|-heal|p1a: Alomomola|404\/529|[from] item: Leftovers
|-damage|p2a: Rotom-Wash|114\/304 brn|[from] brn
|turn|48
|
|switch|p1a: MrsBlobby|Chansey, F|276\/704
|move|p2a: Rotom-Wash|Pain Split|p1a: MrsBlobby
|-sethp|p1a: MrsBlobby|195\/704|p2a: Rotom-Wash|195\/304 brn|[from] move: Pain Split
|
|-heal|p2a: Rotom-Wash|214\/304 brn|[from] item: Leftovers
|-damage|p2a: Rotom-Wash|176\/304 brn|[from] brn
|turn|49
|
|move|p2a: Rotom-Wash|Volt Switch|p1a: MrsBlobby
|-crit|p1a: MrsBlobby
|-damage|p1a: MrsBlobby|110\/704
|
|switch|p2a: Landorus-Therian|Landorus-Therian, M|320\/320
|-damage|p2a: Landorus-Therian|280\/320|[from] Stealth Rock
|-ability|p2a: Landorus-Therian|Intimidate|[of] p1a: MrsBlobby
|-unboost|p1a: MrsBlobby|atk|1
|move|p1a: MrsBlobby|Soft-Boiled|p1a: MrsBlobby
|-heal|p1a: MrsBlobby|462\/704
|
|turn|50
|
|switch|p1a: Sableye|Sableye-Mega, F|251\/304
|move|p2a: Landorus-Therian|Knock Off|p1a: Sableye
|-damage|p1a: Sableye|195\/304
|
|turn|51
|
|switch|p2a: Rotom-Wash|Rotom-Wash|176\/304 brn
|-damage|p2a: Rotom-Wash|138\/304 brn|[from] Stealth Rock
|move|p1a: Sableye|Recover|p1a: Sableye
|-heal|p1a: Sableye|304\/304
|
|-heal|p2a: Rotom-Wash|157\/304 brn|[from] item: Leftovers
|-damage|p2a: Rotom-Wash|119\/304 brn|[from] brn
|turn|52
|
|switch|p1a: MrsBlobby|Chansey, F|462\/704
|move|p2a: Rotom-Wash|Pain Split|p1a: MrsBlobby
|-sethp|p1a: MrsBlobby|290\/704|p2a: Rotom-Wash|290\/304 brn|[from] move: Pain Split
|
|-heal|p2a: Rotom-Wash|304\/304 brn|[from] item: Leftovers
|-damage|p2a: Rotom-Wash|266\/304 brn|[from] brn
|turn|53
|
|move|p2a: Rotom-Wash|Will-O-Wisp|p1a: MrsBlobby
|-status|p1a: MrsBlobby|brn
|move|p1a: MrsBlobby|Soft-Boiled|p1a: MrsBlobby
|-heal|p1a: MrsBlobby|642\/704 brn
|
|-heal|p2a: Rotom-Wash|285\/304 brn|[from] item: Leftovers
|-damage|p2a: Rotom-Wash|247\/304 brn|[from] brn
|-damage|p1a: MrsBlobby|554\/704 brn|[from] brn
|turn|54
|
|move|p2a: Rotom-Wash|Volt Switch|p1a: MrsBlobby
|-damage|p1a: MrsBlobby|502\/704 brn
|
|switch|p2a: Scizor|Scizor-Mega, M|273\/344
|-damage|p2a: Scizor|230\/344|[from] Stealth Rock
|move|p1a: MrsBlobby|Heal Bell|p1a: MrsBlobby
|-cureteam|p1a: MrsBlobby|[from] move: HealBell
|
|turn|55
|
|switch|p1a: Sableye|Sableye-Mega, F|304\/304
|move|p2a: Scizor|Roost|p2a: Scizor
|-heal|p2a: Scizor|344\/344
|
|turn|56
|
|switch|p2a: Rotom-Wash|Rotom-Wash|247\/304 brn
|-damage|p2a: Rotom-Wash|209\/304 brn|[from] Stealth Rock
|move|p1a: Sableye|Knock Off|p2a: Rotom-Wash
|-damage|p2a: Rotom-Wash|115\/304 brn
|-enditem|p2a: Rotom-Wash|Leftovers|[from] move: Knock Off|[of] p1a: Sableye
|
|-damage|p2a: Rotom-Wash|77\/304 brn|[from] brn
|turn|57
|
|switch|p1a: MrsBlobby|Chansey, F|502\/704
|move|p2a: Rotom-Wash|Pain Split|p1a: MrsBlobby
|-sethp|p1a: MrsBlobby|289\/704|p2a: Rotom-Wash|289\/304 brn|[from] move: Pain Split
|
|-damage|p2a: Rotom-Wash|251\/304 brn|[from] brn
|turn|58
|
|move|p2a: Rotom-Wash|Will-O-Wisp|p1a: MrsBlobby
|-status|p1a: MrsBlobby|brn
|move|p1a: MrsBlobby|Soft-Boiled|p1a: MrsBlobby
|-heal|p1a: MrsBlobby|641\/704 brn
|
|-damage|p2a: Rotom-Wash|213\/304 brn|[from] brn
|-damage|p1a: MrsBlobby|553\/704 brn|[from] brn
|turn|59
|
|switch|p1a: Amoonguss|Amoonguss, F|356\/432
|move|p2a: Rotom-Wash|Volt Switch|p1a: Amoonguss
|-crit|p1a: Amoonguss
|-resisted|p1a: Amoonguss
|-damage|p1a: Amoonguss|302\/432
|
|switch|p2a: Scizor|Scizor-Mega, M|344\/344
|-damage|p2a: Scizor|301\/344|[from] Stealth Rock
|
|turn|60
|
|switch|p1a: Alomomola|Alomomola, F|529\/529
|move|p2a: Scizor|Defog|p1a: Alomomola
|-unboost|p1a: Alomomola|evasion|1
|-sideend|p2: bizarman|Stealth Rock|[from] move: Defog|[of] p2a: Scizor
|
|turn|61
|
|switch|p2a: Rotom-Wash|Rotom-Wash|213\/304 brn
|move|p1a: Alomomola|Scald|p2a: Rotom-Wash
|-resisted|p2a: Rotom-Wash
|-damage|p2a: Rotom-Wash|198\/304 brn
|
|-damage|p2a: Rotom-Wash|160\/304 brn|[from] brn
|turn|62
|c|âAmoongbro|SIGH
|c|âAmoongbro|YOU ARE ONE CANCEROUS NOOB FUCK ALL ROTOM-W USER SHOULD JUST BE LINED UP AND GASSED
|
|switch|p1a: MrsBlobby|Chansey, F|553\/704
|move|p2a: Rotom-Wash|Will-O-Wisp|p1a: MrsBlobby|[miss]
|-miss|p2a: Rotom-Wash|p1a: MrsBlobby
|
|-damage|p2a: Rotom-Wash|122\/304 brn|[from] brn
|turn|63
|
|move|p2a: Rotom-Wash|Pain Split|p1a: MrsBlobby
|-sethp|p1a: MrsBlobby|337\/704|p2a: Rotom-Wash|304\/304 brn|[from] move: Pain Split
|move|p1a: MrsBlobby|Seismic Toss|p2a: Rotom-Wash
|-damage|p2a: Rotom-Wash|204\/304 brn
|
|-damage|p2a: Rotom-Wash|166\/304 brn|[from] brn
|turn|64
|
|move|p2a: Rotom-Wash|Will-O-Wisp|p1a: MrsBlobby
|-status|p1a: MrsBlobby|brn
|move|p1a: MrsBlobby|Soft-Boiled|p1a: MrsBlobby
|-heal|p1a: MrsBlobby|689\/704 brn
|
|-damage|p2a: Rotom-Wash|128\/304 brn|[from] brn
|-damage|p1a: MrsBlobby|601\/704 brn|[from] brn
|turn|65
|
|switch|p1a: Amoonguss|Amoonguss, F|432\/432
|move|p2a: Rotom-Wash|Pain Split|p1a: Amoonguss
|-sethp|p1a: Amoonguss|280\/432|p2a: Rotom-Wash|280\/304 brn|[from] move: Pain Split
|
|-damage|p2a: Rotom-Wash|242\/304 brn|[from] brn
|turn|66
|c|âAmoongbro|ROTOM-W IS THE MOST CANCEROUS STALLING POKEMON OUT THERE SO DONT EVEN TALK ABOUT STALL
|
|move|p2a: Rotom-Wash|Will-O-Wisp|p1a: Amoonguss
|-status|p1a: Amoonguss|brn
|move|p1a: Amoonguss|Giga Drain|p2a: Rotom-Wash
|-crit|p2a: Rotom-Wash
|-supereffective|p2a: Rotom-Wash
|-damage|p2a: Rotom-Wash|62\/304 brn
|-heal|p1a: Amoonguss|370\/432 brn|[from] drain|[of] p2a: Rotom-Wash
|
|-damage|p2a: Rotom-Wash|24\/304 brn|[from] brn
|-damage|p1a: Amoonguss|316\/432 brn|[from] brn
|turn|67
|c|âbizarman|we call that a "pivot"
|c|âbizarman|not a stall mon
|c|âAmoongbro|NAH
|c|âAmoongbro|ITS A FUCKING STALL MON YOU RETARD
|
|move|p2a: Rotom-Wash|Pain Split|p1a: Amoonguss
|-sethp|p1a: Amoonguss|170\/432 brn|p2a: Rotom-Wash|170\/304 brn|[from] move: Pain Split
|move|p1a: Amoonguss|Giga Drain|p2a: Rotom-Wash
|-crit|p2a: Rotom-Wash
|-supereffective|p2a: Rotom-Wash
|-damage|p2a: Rotom-Wash|14\/304 brn
|-heal|p1a: Amoonguss|248\/432 brn|[from] drain|[of] p2a: Rotom-Wash
|
|-damage|p2a: Rotom-Wash|0 fnt|[from] brn
|-damage|p1a: Amoonguss|194\/432 brn|[from] brn
|faint|p2a: Rotom-Wash
|c|âAmoongbro|SUCK MY DICK
|c|âAmoongbro|YOU FUCKING DESERVE IT
|c|âAmoongbro|WHAT YOU GONNA DO NOW ROTOM IS DEAD?
|c|âAmoongbro|NOTHING
|c|âAmoongbro|CANT STALL LIKE A CANCER ANYMORE
|-message|bizarman forfeited.
|
|win|Amoongbro
|raw|Ladder updating...
|leave|bizarman
|player|p2
|raw|Amoongbro's rating: 1438 &rarr; <strong>1460<\/strong><br \/>(+22 for winning)
|raw|bizarman's rating: 1462 &rarr; <strong>1441<\/strong><br \/>(-21 for losing)