|join|bizarman
|join|QTâBugi
|player|p1|bizarman|42
|player|p2|QTâBugi|279
|gametype|singles
|gen|6
|tier|OU
|rated
|clearpoke
|poke|p1|Gyarados, F
|poke|p1|Latios, M
|poke|p1|Talonflame, F
|poke|p1|Landorus-Therian, M
|poke|p1|Clefable, M
|poke|p1|Ferrothorn, F
|poke|p2|Diggersby, M, shiny
|poke|p2|Crobat, M, shiny
|poke|p2|Blastoise, M
|poke|p2|Bisharp, M
|poke|p2|Medicham, M, shiny
|poke|p2|Sylveon, M
|rule|Swagger Clause: Swagger is banned
|rule|Baton Pass Clause: Limit one PokÃ©mon knowing Baton Pass
|rule|Sleep Clause Mod: Limit one foe put to sleep
|rule|Species Clause: Limit one of each PokÃ©mon
|rule|OHKO Clause: OHKO moves are banned
|rule|Moody Clause: Moody is banned
|rule|Evasion Moves Clause: Evasion moves are banned
|rule|Endless Battle Clause: Forcing endless battles is banned
|rule|HP Percentage Mod: HP is shown in percentages
|teampreview
|
|start
|switch|p1a: Ferrothorn|Ferrothorn, F|352\/352
|switch|p2a: Crobat|Crobat, M, shiny|374\/374
|turn|1
|
|move|p2a: Crobat|Taunt|p1a: Ferrothorn
|-start|p1a: Ferrothorn|move: Taunt
|cant|p1a: Ferrothorn|move: Taunt|Stealth Rock
|
|turn|2
|
|move|p2a: Crobat|Super Fang|p1a: Ferrothorn
|-damage|p1a: Ferrothorn|176\/352
|-damage|p2a: Crobat|328\/374|[from] ability: Iron Barbs|[of] p1a: Ferrothorn
|move|p1a: Ferrothorn|Gyro Ball|p2a: Crobat
|-damage|p2a: Crobat|166\/374
|
|-heal|p2a: Crobat|189\/374|[from] item: Black Sludge
|-heal|p1a: Ferrothorn|198\/352|[from] item: Leftovers
|turn|3
|
|move|p2a: Crobat|Hypnosis|p1a: Ferrothorn|[miss]
|-miss|p2a: Crobat|p1a: Ferrothorn
|move|p1a: Ferrothorn|Gyro Ball|p2a: Crobat
|-damage|p2a: Crobat|27\/374
|
|-heal|p2a: Crobat|50\/374|[from] item: Black Sludge
|-heal|p1a: Ferrothorn|220\/352|[from] item: Leftovers
|-end|p1a: Ferrothorn|move: Taunt
|turn|4
|
|move|p2a: Crobat|Taunt|p1a: Ferrothorn
|-start|p1a: Ferrothorn|move: Taunt
|move|p1a: Ferrothorn|Gyro Ball|p2a: Crobat
|-damage|p2a: Crobat|0 fnt
|faint|p2a: Crobat
|
|-heal|p1a: Ferrothorn|242\/352|[from] item: Leftovers
|
|switch|p2a: Bisharp|Bisharp, M|272\/272
|turn|5
|
|switch|p1a: Clefable|Clefable, M|394\/394
|move|p2a: Bisharp|Swords Dance|p2a: Bisharp
|-boost|p2a: Bisharp|atk|2
|
|turn|6
|
|move|p2a: Bisharp|Iron Head|p1a: Clefable
|-crit|p1a: Clefable
|-supereffective|p1a: Clefable
|-damage|p1a: Clefable|0 fnt
|-damage|p2a: Bisharp|245\/272|[from] item: Life Orb
|faint|p1a: Clefable
|
|
|switch|p1a: Gyarados|Gyarados, F|332\/332
|-ability|p1a: Gyarados|Intimidate|[of] p2a: Bisharp
|-unboost|p2a: Bisharp|atk|1
|-boost|p2a: Bisharp|atk|2|[from] ability: Defiant
|turn|7
|
|detailschange|p1a: Gyarados|Gyarados-Mega, F
|-mega|p1a: Gyarados|Gyarados|Gyaradosite
|-ability|p1a: Gyarados|Mold Breaker
|move|p2a: Bisharp|Sucker Punch|p1a: Gyarados
|-resisted|p1a: Gyarados
|-damage|p1a: Gyarados|118\/332
|-damage|p2a: Bisharp|218\/272|[from] item: Life Orb
|move|p1a: Gyarados|Earthquake|p2a: Bisharp
|-supereffective|p2a: Bisharp
|-damage|p2a: Bisharp|0 fnt
|faint|p2a: Bisharp
|
|
|switch|p2a: Medicham|Medicham, M, shiny|261\/261
|turn|8
|
|switch|p1a: Landorus-Therian|Landorus-Therian, M|320\/320
|-ability|p1a: Landorus-Therian|Intimidate|[of] p2a: Medicham
|-unboost|p2a: Medicham|atk|1
|detailschange|p2a: Medicham|Medicham-Mega, M, shiny
|-mega|p2a: Medicham|Medicham|Medichamite
|move|p2a: Medicham|High Jump Kick|p1a: Landorus-Therian
|-resisted|p1a: Landorus-Therian
|-damage|p1a: Landorus-Therian|181\/320
|
|turn|9
|
|switch|p2a: Blastoise|Blastoise, M|362\/362
|move|p1a: Landorus-Therian|Earthquake|p2a: Blastoise
|-damage|p2a: Blastoise|233\/362
|
|turn|10
|
|switch|p1a: Ferrothorn|Ferrothorn, F|242\/352
|switch|p2a: Medicham|Medicham-Mega, M, shiny|261\/261
|
|-heal|p1a: Ferrothorn|264\/352|[from] item: Leftovers
|turn|11
|
|move|p1a: Ferrothorn|Protect|p1a: Ferrothorn
|-singleturn|p1a: Ferrothorn|Protect
|move|p2a: Medicham|Fake Out|p1a: Ferrothorn
|-activate|p1a: Ferrothorn|Protect
|
|-heal|p1a: Ferrothorn|286\/352|[from] item: Leftovers
|turn|12
|
|switch|p1a: Landorus-Therian|Landorus-Therian, M|181\/320
|-ability|p1a: Landorus-Therian|Intimidate|[of] p2a: Medicham
|-unboost|p2a: Medicham|atk|1
|move|p2a: Medicham|High Jump Kick|p1a: Landorus-Therian
|-resisted|p1a: Landorus-Therian
|-damage|p1a: Landorus-Therian|29\/320
|
|turn|13
|
|move|p2a: Medicham|Bullet Punch|p1a: Landorus-Therian
|-damage|p1a: Landorus-Therian|0 fnt
|faint|p1a: Landorus-Therian
|
|
|switch|p1a: Latios|Latios, M|302\/302
|turn|14
|
|switch|p2a: Sylveon|Sylveon, M|394\/394
|move|p1a: Latios|Psyshock|p2a: Sylveon
|-damage|p2a: Sylveon|203\/394
|-damage|p1a: Latios|272\/302|[from] item: Life Orb
|
|-heal|p2a: Sylveon|227\/394|[from] item: Leftovers
|turn|15
|
|switch|p1a: Ferrothorn|Ferrothorn, F|286\/352
|move|p2a: Sylveon|Wish|p2a: Sylveon
|
|-heal|p2a: Sylveon|251\/394|[from] item: Leftovers
|-heal|p1a: Ferrothorn|308\/352|[from] item: Leftovers
|turn|16
|
|switch|p2a: Blastoise|Blastoise, M|233\/362
|move|p1a: Ferrothorn|Leech Seed|p2a: Blastoise|[miss]
|-miss|p1a: Ferrothorn|p2a: Blastoise
|
|-heal|p2a: Blastoise|362\/362|[from] move: Wish|[wisher] Sylveon
|-heal|p1a: Ferrothorn|330\/352|[from] item: Leftovers
|turn|17
|
|move|p2a: Blastoise|Scald|p1a: Ferrothorn
|-resisted|p1a: Ferrothorn
|-damage|p1a: Ferrothorn|301\/352
|move|p1a: Ferrothorn|Leech Seed|p2a: Blastoise
|-start|p2a: Blastoise|move: Leech Seed
|
|-heal|p1a: Ferrothorn|323\/352|[from] item: Leftovers
|-damage|p2a: Blastoise|317\/362|[from] Leech Seed|[of] p1a: Ferrothorn
|-heal|p1a: Ferrothorn|352\/352|[silent]
|turn|18
|
|switch|p2a: Medicham|Medicham-Mega, M, shiny|261\/261
|move|p1a: Ferrothorn|Stealth Rock|p2a: Medicham
|-sidestart|p2: QTâBugi|move: Stealth Rock
|
|turn|19
|
|move|p2a: Medicham|High Jump Kick|p1a: Ferrothorn
|-supereffective|p1a: Ferrothorn
|-damage|p1a: Ferrothorn|0 fnt
|-damage|p2a: Medicham|229\/261|[from] ability: Iron Barbs|[of] p1a: Ferrothorn
|faint|p1a: Ferrothorn
|
|
|switch|p1a: Talonflame|Talonflame, F|317\/317
|turn|20
|
|move|p1a: Talonflame|Swords Dance|p1a: Talonflame
|-boost|p1a: Talonflame|atk|2
|move|p2a: Medicham|Zen Headbutt|p1a: Talonflame
|-damage|p1a: Talonflame|25\/317
|
|turn|21
|
|move|p1a: Talonflame|Brave Bird|p2a: Medicham
|-supereffective|p2a: Medicham
|-damage|p2a: Medicham|0 fnt
|-damage|p1a: Talonflame|0 fnt|[from] recoil|[of] p2a: Medicham
|faint|p2a: Medicham
|faint|p1a: Talonflame
|
|
|switch|p1a: Latios|Latios, M|272\/302
|switch|p2a: Blastoise|Blastoise, M|317\/362
|-damage|p2a: Blastoise|272\/362|[from] Stealth Rock
|turn|22
|
|move|p1a: Latios|Psyshock|p2a: Blastoise
|-damage|p2a: Blastoise|138\/362
|-damage|p1a: Latios|242\/302|[from] item: Life Orb
|-enditem|p2a: Blastoise|Sitrus Berry|[eat]
|-heal|p2a: Blastoise|228\/362|[from] item: Sitrus Berry
|move|p2a: Blastoise|Rapid Spin|p1a: Latios
|-damage|p1a: Latios|229\/302
|-sideend|p2: QTâBugi|Stealth Rock|[from] move: Rapid Spin|[of] p2a: Blastoise
|
|turn|23
|
|move|p1a: Latios|Draco Meteor|p2a: Blastoise
|-damage|p2a: Blastoise|0 fnt
|-unboost|p1a: Latios|spa|2
|-damage|p1a: Latios|199\/302|[from] item: Life Orb
|faint|p2a: Blastoise
|
|
|switch|p2a: Sylveon|Sylveon, M|251\/394
|turn|24
|
|move|p1a: Latios|Psyshock|p2a: Sylveon
|-damage|p2a: Sylveon|150\/394
|-damage|p1a: Latios|169\/302|[from] item: Life Orb
|move|p2a: Sylveon|Hyper Voice|p1a: Latios
|-crit|p1a: Latios
|-supereffective|p1a: Latios
|-damage|p1a: Latios|0 fnt
|faint|p1a: Latios
|
|-heal|p2a: Sylveon|174\/394|[from] item: Leftovers
|
|switch|p1a: Gyarados|Gyarados-Mega, F|118\/332
|-ability|p1a: Gyarados|Mold Breaker
|turn|25
|
|move|p1a: Gyarados|Waterfall|p2a: Sylveon
|-damage|p2a: Sylveon|0 fnt
|faint|p2a: Sylveon
|
|
|switch|p2a: Diggersby|Diggersby, M, shiny|312\/312
|turn|26
|
|move|p2a: Diggersby|Quick Attack|p1a: Gyarados
|-damage|p1a: Gyarados|27\/332
|move|p1a: Gyarados|Waterfall|p2a: Diggersby
|-supereffective|p2a: Diggersby
|-enditem|p2a: Diggersby|Focus Sash
|-damage|p2a: Diggersby|1\/312
|
|turn|27
|c|âbizarman|gg
|
|move|p2a: Diggersby|Quick Attack|p1a: Gyarados
|-damage|p1a: Gyarados|0 fnt
|faint|p1a: Gyarados
|
|win|QTâBugi
|raw|Ladder updating...
|c|âQTâBugi|gg
|raw|bizarman's rating: 1616 &rarr; <strong>1596<\/strong><br \/>(-20 for losing)
|raw|QTâBugi's rating: 1619 &rarr; <strong>1638<\/strong><br \/>(+19 for winning)
|leave|bizarman
|player|p1