|join|bizarman
|join|LenSanity
|player|p1|bizarman|42
|player|p2|LenSanity|214
|gametype|singles
|gen|6
|tier|OU
|rated
|clearpoke
|poke|p1|Gyarados, F
|poke|p1|Latios, M
|poke|p1|Talonflame, M
|poke|p1|Landorus-Therian, M
|poke|p1|Clefable, F
|poke|p1|Ferrothorn, F
|poke|p2|Gallade, M
|poke|p2|Bisharp, M
|poke|p2|Sylveon, F
|poke|p2|Rotom-Wash
|poke|p2|Landorus-Therian, M
|poke|p2|Thundurus, M
|rule|Swagger Clause: Swagger is banned
|rule|Baton Pass Clause: Limit one PokÃ©mon knowing Baton Pass
|rule|Sleep Clause Mod: Limit one foe put to sleep
|rule|Species Clause: Limit one of each PokÃ©mon
|rule|OHKO Clause: OHKO moves are banned
|rule|Moody Clause: Moody is banned
|rule|Evasion Moves Clause: Evasion moves are banned
|rule|Endless Battle Clause: Forcing endless battles is banned
|rule|HP Percentage Mod: HP is shown in percentages
|teampreview
|
|start
|switch|p1a: Ferrothorn|Ferrothorn, F|352\/352
|switch|p2a: Gallade|Gallade, M|277\/277
|turn|1
|
|switch|p1a: Clefable|Clefable, F|394\/394
|detailschange|p2a: Gallade|Gallade-Mega, M
|-mega|p2a: Gallade|Gallade|Galladite
|move|p2a: Gallade|Swords Dance|p2a: Gallade
|-boost|p2a: Gallade|atk|2
|
|turn|2
|
|switch|p2a: Sylveon|Sylveon, F|393\/393
|move|p1a: Clefable|Moonblast|p2a: Sylveon
|-damage|p2a: Sylveon|305\/393
|-unboost|p2a: Sylveon|spa|1
|
|turn|3
|
|switch|p1a: Ferrothorn|Ferrothorn, F|352\/352
|move|p2a: Sylveon|Hyper Voice|p1a: Ferrothorn
|-resisted|p1a: Ferrothorn
|-damage|p1a: Ferrothorn|278\/352
|
|-heal|p1a: Ferrothorn|300\/352|[from] item: Leftovers
|turn|4
|
|switch|p2a: Standardus|Landorus-Therian, M|381\/381
|-ability|p2a: Standardus|Intimidate|[of] p1a: Ferrothorn
|-unboost|p1a: Ferrothorn|atk|1
|move|p1a: Ferrothorn|Stealth Rock|p2a: Standardus
|-sidestart|p2: LenSanity|move: Stealth Rock
|
|-heal|p1a: Ferrothorn|322\/352|[from] item: Leftovers
|turn|5
|
|move|p2a: Standardus|Earthquake|p1a: Ferrothorn
|-damage|p1a: Ferrothorn|199\/352
|move|p1a: Ferrothorn|Leech Seed|p2a: Standardus
|-start|p2a: Standardus|move: Leech Seed
|
|-heal|p1a: Ferrothorn|221\/352|[from] item: Leftovers
|-damage|p2a: Standardus|334\/381|[from] Leech Seed|[of] p1a: Ferrothorn
|-heal|p1a: Ferrothorn|268\/352|[silent]
|turn|6
|
|switch|p2a: Rotom-Wash|Rotom-Wash|303\/303
|-damage|p2a: Rotom-Wash|266\/303|[from] Stealth Rock
|move|p1a: Ferrothorn|Leech Seed|p2a: Rotom-Wash
|-start|p2a: Rotom-Wash|move: Leech Seed
|
|-heal|p2a: Rotom-Wash|284\/303|[from] item: Leftovers
|-heal|p1a: Ferrothorn|290\/352|[from] item: Leftovers
|-damage|p2a: Rotom-Wash|247\/303|[from] Leech Seed|[of] p1a: Ferrothorn
|-heal|p1a: Ferrothorn|327\/352|[silent]
|turn|7
|
|move|p1a: Ferrothorn|Protect|p1a: Ferrothorn
|-singleturn|p1a: Ferrothorn|Protect
|move|p2a: Rotom-Wash|Volt Switch|p1a: Ferrothorn
|-activate|p1a: Ferrothorn|Protect
|
|-heal|p2a: Rotom-Wash|265\/303|[from] item: Leftovers
|-heal|p1a: Ferrothorn|349\/352|[from] item: Leftovers
|-damage|p2a: Rotom-Wash|228\/303|[from] Leech Seed|[of] p1a: Ferrothorn
|-heal|p1a: Ferrothorn|352\/352|[silent]
|turn|8
|
|move|p2a: Rotom-Wash|Will-O-Wisp|p1a: Ferrothorn
|-status|p1a: Ferrothorn|brn
|move|p1a: Ferrothorn|Gyro Ball|p2a: Rotom-Wash
|-resisted|p2a: Rotom-Wash
|-damage|p2a: Rotom-Wash|220\/303
|
|-heal|p2a: Rotom-Wash|238\/303|[from] item: Leftovers
|-damage|p2a: Rotom-Wash|201\/303|[from] Leech Seed|[of] p1a: Ferrothorn
|-damage|p1a: Ferrothorn|308\/352 brn|[from] brn
|turn|9
|
|switch|p2a: Sylveon|Sylveon, F|305\/393
|-damage|p2a: Sylveon|256\/393|[from] Stealth Rock
|move|p1a: Ferrothorn|Leech Seed|p2a: Sylveon
|-start|p2a: Sylveon|move: Leech Seed
|
|-heal|p1a: Ferrothorn|330\/352 brn|[from] item: Leftovers
|-damage|p2a: Sylveon|207\/393|[from] Leech Seed|[of] p1a: Ferrothorn
|-heal|p1a: Ferrothorn|352\/352 brn|[silent]
|-damage|p1a: Ferrothorn|308\/352 brn|[from] brn
|turn|10
|
|switch|p2a: Gallade|Gallade-Mega, M|277\/277
|-damage|p2a: Gallade|260\/277|[from] Stealth Rock
|move|p1a: Ferrothorn|Protect|p1a: Ferrothorn
|-fail|p1a: Ferrothorn
|
|-heal|p1a: Ferrothorn|330\/352 brn|[from] item: Leftovers
|-damage|p1a: Ferrothorn|286\/352 brn|[from] brn
|turn|11
|
|switch|p1a: Clefable|Clefable, F|394\/394
|move|p2a: Gallade|Ice Punch|p1a: Clefable
|-damage|p1a: Clefable|295\/394
|
|-heal|p1a: Clefable|319\/394|[from] item: Leftovers
|turn|12
|
|switch|p2a: Sylveon|Sylveon, F|207\/393
|-damage|p2a: Sylveon|158\/393|[from] Stealth Rock
|move|p1a: Clefable|Moonblast|p2a: Sylveon
|-damage|p2a: Sylveon|79\/393
|
|-heal|p1a: Clefable|343\/394|[from] item: Leftovers
|turn|13
|
|switch|p2a: Thundurus|Thundurus, M|299\/299
|-damage|p2a: Thundurus|225\/299|[from] Stealth Rock
|move|p1a: Clefable|Protect|p1a: Clefable
|-fail|p1a: Clefable
|
|-heal|p1a: Clefable|367\/394|[from] item: Leftovers
|turn|14
|
|switch|p1a: Landorus-Therian|Landorus-Therian, M|320\/320
|-ability|p1a: Landorus-Therian|Intimidate|[of] p2a: Thundurus
|-unboost|p2a: Thundurus|atk|1
|move|p2a: Thundurus|Thunderbolt|p1a: Landorus-Therian
|-immune|p1a: Landorus-Therian|[msg]
|
|turn|15
|
|move|p1a: Landorus-Therian|U-turn|p2a: Thundurus
|-resisted|p2a: Thundurus
|-damage|p2a: Thundurus|167\/299
|
|switch|p1a: Ferrothorn|Ferrothorn, F|286\/352 brn
|move|p2a: Thundurus|Hidden Power|p1a: Ferrothorn
|-damage|p1a: Ferrothorn|225\/352 brn
|-damage|p2a: Thundurus|138\/299|[from] item: Life Orb
|
|-heal|p1a: Ferrothorn|247\/352 brn|[from] item: Leftovers
|-damage|p1a: Ferrothorn|203\/352 brn|[from] brn
|turn|16
|
|move|p2a: Thundurus|Focus Blast|p1a: Ferrothorn
|-supereffective|p1a: Ferrothorn
|-damage|p1a: Ferrothorn|0 fnt
|-damage|p2a: Thundurus|109\/299|[from] item: Life Orb
|faint|p1a: Ferrothorn
|
|
|switch|p1a: Landorus-Therian|Landorus-Therian, M|320\/320
|-ability|p1a: Landorus-Therian|Intimidate|[of] p2a: Thundurus
|-unboost|p2a: Thundurus|atk|1
|turn|17
|
|switch|p2a: Standardus|Landorus-Therian, M|334\/381
|-damage|p2a: Standardus|287\/381|[from] Stealth Rock
|-ability|p2a: Standardus|Intimidate|[of] p1a: Landorus-Therian
|-unboost|p1a: Landorus-Therian|atk|1
|move|p1a: Landorus-Therian|U-turn|p2a: Standardus
|-resisted|p2a: Standardus
|-damage|p2a: Standardus|265\/381
|
|switch|p1a: Gyarados|Gyarados, F|332\/332
|-ability|p1a: Gyarados|Intimidate|[of] p2a: Standardus
|-unboost|p2a: Standardus|atk|1
|
|-heal|p2a: Standardus|288\/381|[from] item: Leftovers
|turn|18
|
|switch|p2a: Rotom-Wash|Rotom-Wash|201\/303
|-damage|p2a: Rotom-Wash|164\/303|[from] Stealth Rock
|detailschange|p1a: Gyarados|Gyarados-Mega, F
|-mega|p1a: Gyarados|Gyarados|Gyaradosite
|-ability|p1a: Gyarados|Mold Breaker
|move|p1a: Gyarados|Waterfall|p2a: Rotom-Wash
|-resisted|p2a: Rotom-Wash
|-damage|p2a: Rotom-Wash|102\/303
|
|-heal|p2a: Rotom-Wash|120\/303|[from] item: Leftovers
|turn|19
|
|move|p1a: Gyarados|Earthquake|p2a: Rotom-Wash
|-supereffective|p2a: Rotom-Wash
|-damage|p2a: Rotom-Wash|0 fnt
|faint|p2a: Rotom-Wash
|
|
|switch|p2a: Thundurus|Thundurus, M|109\/299
|-damage|p2a: Thundurus|35\/299|[from] Stealth Rock
|turn|20
|
|switch|p1a: Landorus-Therian|Landorus-Therian, M|320\/320
|-ability|p1a: Landorus-Therian|Intimidate|[of] p2a: Thundurus
|-unboost|p2a: Thundurus|atk|1
|move|p2a: Thundurus|Hidden Power|p1a: Landorus-Therian
|-supereffective|p1a: Landorus-Therian
|-damage|p1a: Landorus-Therian|0 fnt
|-damage|p2a: Thundurus|6\/299|[from] item: Life Orb
|faint|p1a: Landorus-Therian
|
|
|switch|p1a: Latios|Latios, M|302\/302
|turn|21
|
|move|p2a: Thundurus|Thunder Wave|p1a: Latios
|-status|p1a: Latios|par
|move|p1a: Latios|Psyshock|p2a: Thundurus
|-damage|p2a: Thundurus|0 fnt
|-damage|p1a: Latios|272\/302 par|[from] item: Life Orb
|faint|p2a: Thundurus
|
|
|switch|p2a: Sylveon|Sylveon, F|79\/393
|-damage|p2a: Sylveon|30\/393|[from] Stealth Rock
|turn|22
|
|switch|p1a: Talonflame|Talonflame, M|317\/317
|move|p2a: Sylveon|Hyper Voice|p1a: Talonflame
|-resisted|p1a: Talonflame
|-damage|p1a: Talonflame|97\/317
|
|turn|23
|
|move|p1a: Talonflame|Flare Blitz|p2a: Sylveon
|-damage|p2a: Sylveon|0 fnt
|-damage|p1a: Talonflame|87\/317|[from] recoil|[of] p2a: Sylveon
|faint|p2a: Sylveon
|
|
|switch|p2a: Standardus|Landorus-Therian, M|288\/381
|-damage|p2a: Standardus|241\/381|[from] Stealth Rock
|-ability|p2a: Standardus|Intimidate|[of] p1a: Talonflame
|-unboost|p1a: Talonflame|atk|1
|turn|24
|
|switch|p1a: Clefable|Clefable, F|367\/394
|move|p2a: Standardus|Knock Off|p1a: Clefable
|-resisted|p1a: Clefable
|-damage|p1a: Clefable|320\/394
|-enditem|p1a: Clefable|Leftovers|[from] move: Knock Off|[of] p2a: Standardus
|
|-heal|p2a: Standardus|264\/381|[from] item: Leftovers
|turn|25
|
|move|p2a: Standardus|Stealth Rock|p1a: Clefable
|-sidestart|p1: bizarman|move: Stealth Rock
|move|p1a: Clefable|Heal Bell|p1a: Clefable
|-cureteam|p1a: Clefable|[from] move: HealBell
|
|-heal|p2a: Standardus|287\/381|[from] item: Leftovers
|turn|26
|
|move|p2a: Standardus|Earthquake|p1a: Clefable
|-damage|p1a: Clefable|184\/394
|move|p1a: Clefable|Moonblast|p2a: Standardus
|-damage|p2a: Standardus|164\/381
|
|-heal|p2a: Standardus|187\/381|[from] item: Leftovers
|turn|27
|
|move|p2a: Standardus|U-turn|p1a: Clefable
|-resisted|p1a: Clefable
|-damage|p1a: Clefable|151\/394
|
|switch|p2a: Bisharp|Bisharp, M|271\/271
|-damage|p2a: Bisharp|255\/271|[from] Stealth Rock
|move|p1a: Clefable|Wish|p1a: Clefable
|
|turn|28
|
|switch|p1a: Gyarados|Gyarados-Mega, F|332\/332
|-damage|p1a: Gyarados|291\/332|[from] Stealth Rock
|-ability|p1a: Gyarados|Mold Breaker
|move|p2a: Bisharp|Swords Dance|p2a: Bisharp
|-boost|p2a: Bisharp|atk|2
|
|-heal|p1a: Gyarados|332\/332|[from] move: Wish|[wisher] Clefable
|turn|29
|
|switch|p2a: Standardus|Landorus-Therian, M|187\/381
|-damage|p2a: Standardus|140\/381|[from] Stealth Rock
|-ability|p2a: Standardus|Intimidate|[of] p1a: Gyarados
|-unboost|p1a: Gyarados|atk|1
|move|p1a: Gyarados|Earthquake|p2a: Standardus
|-immune|p2a: Standardus|[msg]
|
|-heal|p2a: Standardus|163\/381|[from] item: Leftovers
|turn|30
|
|move|p1a: Gyarados|Dragon Dance|p1a: Gyarados
|-boost|p1a: Gyarados|atk|1
|-boost|p1a: Gyarados|spe|1
|move|p2a: Standardus|U-turn|p1a: Gyarados
|-supereffective|p1a: Gyarados
|-damage|p1a: Gyarados|186\/332
|
|switch|p2a: Gallade|Gallade-Mega, M|260\/277
|-damage|p2a: Gallade|243\/277|[from] Stealth Rock
|
|turn|31
|
|switch|p2a: Standardus|Landorus-Therian, M|163\/381
|-damage|p2a: Standardus|116\/381|[from] Stealth Rock
|-ability|p2a: Standardus|Intimidate|[of] p1a: Gyarados
|-unboost|p1a: Gyarados|atk|1
|move|p1a: Gyarados|Waterfall|p2a: Standardus
|-supereffective|p2a: Standardus
|-damage|p2a: Standardus|0 fnt
|faint|p2a: Standardus
|
|
|switch|p2a: Gallade|Gallade-Mega, M|243\/277
|-damage|p2a: Gallade|226\/277|[from] Stealth Rock
|turn|32
|
|switch|p1a: Clefable|Clefable, F|151\/394
|-damage|p1a: Clefable|102\/394|[from] Stealth Rock
|move|p2a: Gallade|Close Combat|p1a: Clefable
|-resisted|p1a: Clefable
|-damage|p1a: Clefable|0 fnt
|-unboost|p2a: Gallade|def|1
|-unboost|p2a: Gallade|spd|1
|faint|p1a: Clefable
|
|
|switch|p1a: Latios|Latios, M|272\/302
|-damage|p1a: Latios|235\/302|[from] Stealth Rock
|turn|33
|
|switch|p2a: Bisharp|Bisharp, M|255\/271
|-damage|p2a: Bisharp|239\/271|[from] Stealth Rock
|move|p1a: Latios|Hidden Power|p2a: Bisharp
|-supereffective|p2a: Bisharp
|-damage|p2a: Bisharp|2\/271
|-damage|p1a: Latios|205\/302|[from] item: Life Orb
|
|turn|34
|
|move|p2a: Bisharp|Sucker Punch|p1a: Latios
|-fail|p1a: Latios
|move|p1a: Latios|Defog|p2a: Bisharp
|-unboost|p2a: Bisharp|evasion|1
|-boost|p2a: Bisharp|atk|2|[from] ability: Defiant
|-sideend|p2: LenSanity|Stealth Rock|[from] move: Defog|[of] p2a: Bisharp
|-sideend|p1: bizarman|Stealth Rock|[from] move: Defog|[of] p1a: Latios
|
|turn|35
|
|move|p2a: Bisharp|Sucker Punch|p1a: Latios
|-supereffective|p1a: Latios
|-damage|p1a: Latios|0 fnt
|faint|p1a: Latios
|
|
|switch|p1a: Talonflame|Talonflame, M|87\/317
|turn|36
|
|move|p1a: Talonflame|Brave Bird|p2a: Bisharp
|-resisted|p2a: Bisharp
|-damage|p2a: Bisharp|0 fnt
|-damage|p1a: Talonflame|86\/317|[from] recoil|[of] p2a: Bisharp
|faint|p2a: Bisharp
|
|c|âLenSanity|gg
|c|âbizarman|gg
|
|switch|p2a: Gallade|Gallade-Mega, M|226\/277
|turn|37
|
|move|p1a: Talonflame|Brave Bird|p2a: Gallade
|-supereffective|p2a: Gallade
|-damage|p2a: Gallade|0 fnt
|-damage|p1a: Talonflame|11\/317|[from] recoil|[of] p2a: Gallade
|faint|p2a: Gallade
|
|win|bizarman
|raw|Ladder updating...
|raw|bizarman's rating: 1482 &rarr; <strong>1502<\/strong><br \/>(+20 for winning)
|raw|LenSanity's rating: 1492 &rarr; <strong>1471<\/strong><br \/>(-21 for losing)