|join|King Underused
|join|oh no oh no
|player|p1|King Underused|22
|player|p2|oh no oh no|265
|gametype|singles
|gen|6
|tier|UU
|rated
|rule|Sleep Clause Mod: Limit one foe put to sleep
|rule|Species Clause: Limit one of each PokÃ©mon
|rule|OHKO Clause: OHKO moves are banned
|rule|Moody Clause: Moody is banned
|rule|Evasion Moves Clause: Evasion moves are banned
|rule|Endless Battle Clause: Forcing endless battles is banned
|rule|HP Percentage Mod: HP is shown in percentages
|clearpoke
|poke|p1|Machamp, F
|poke|p1|Forretress, M
|poke|p1|Florges, F
|poke|p1|Blastoise, M
|poke|p1|Crobat, F
|poke|p1|Zygarde
|poke|p2|Blissey, F
|poke|p2|Chesnaught, M
|poke|p2|Uxie
|poke|p2|Tentacruel, F
|poke|p2|Rotom-Heat
|poke|p2|Suicune
|rule|Swagger Clause: Swagger is banned
|rule|Baton Pass Clause: Limit one PokÃ©mon knowing Baton Pass
|teampreview
|
|start
|switch|p1a: Forretress|Forretress, M|354\/354
|switch|p2a: Rotom-Heat|Rotom-Heat|304\/304
|turn|1
|join|swvg.
|
|move|p2a: Rotom-Heat|Will-O-Wisp|p1a: Forretress
|-status|p1a: Forretress|brn
|move|p1a: Forretress|Stealth Rock|p2a: Rotom-Heat
|-sidestart|p2: oh no oh no|move: Stealth Rock
|
|-damage|p1a: Forretress|310\/354 brn|[from] brn
|turn|2
|
|switch|p2a: Tentacruel|Tentacruel, F|361\/361
|-damage|p2a: Tentacruel|316\/361|[from] Stealth Rock
|switch|p1a: Zygarde|Zygarde|417\/417
|-ability|p1a: Zygarde|Aura Break
|
|-heal|p2a: Tentacruel|338\/361|[from] item: Black Sludge
|turn|3
|
|move|p2a: Tentacruel|Rapid Spin|p1a: Zygarde
|-damage|p1a: Zygarde|409\/417
|-sideend|p2: oh no oh no|Stealth Rock|[from] move: Rapid Spin|[of] p2a: Tentacruel
|move|p1a: Zygarde|Substitute|p1a: Zygarde
|-start|p1a: Zygarde|Substitute
|-damage|p1a: Zygarde|305\/417
|
|-heal|p2a: Tentacruel|360\/361|[from] item: Black Sludge
|-heal|p1a: Zygarde|331\/417|[from] item: Leftovers
|turn|4
|
|switch|p2a: Suicune|Suicune|404\/404
|-ability|p2a: Suicune|Pressure
|move|p1a: Zygarde|Coil|p1a: Zygarde
|-boost|p1a: Zygarde|atk|1
|-boost|p1a: Zygarde|def|1
|-boost|p1a: Zygarde|accuracy|1
|
|-heal|p1a: Zygarde|357\/417|[from] item: Leftovers
|turn|5
|join|Bob the Bae
|
|move|p1a: Zygarde|Earthquake|p2a: Suicune
|-damage|p2a: Suicune|283\/404
|move|p2a: Suicune|Roar|p1a: Zygarde
|drag|p1a: Forretress|Forretress, M|310\/354 brn
|
|-heal|p2a: Suicune|308\/404|[from] item: Leftovers
|-heal|p1a: Forretress|332\/354 brn|[from] item: Leftovers
|-damage|p1a: Forretress|288\/354 brn|[from] brn
|turn|6
|
|move|p2a: Suicune|Scald|p1a: Forretress
|-damage|p1a: Forretress|156\/354 brn
|move|p1a: Forretress|Stealth Rock|p2a: Suicune
|-sidestart|p2: oh no oh no|move: Stealth Rock
|
|-heal|p2a: Suicune|333\/404|[from] item: Leftovers
|-heal|p1a: Forretress|178\/354 brn|[from] item: Leftovers
|-damage|p1a: Forretress|134\/354 brn|[from] brn
|turn|7
|
|move|p2a: Suicune|Scald|p1a: Forretress
|-damage|p1a: Forretress|0 fnt
|faint|p1a: Forretress
|
|-heal|p2a: Suicune|358\/404|[from] item: Leftovers
|
|switch|p1a: Machamp|Machamp, F|321\/321
|turn|8
|
|move|p1a: Machamp|Dynamic Punch|p2a: Suicune
|-damage|p2a: Suicune|159\/404
|-start|p2a: Suicune|confusion
|-activate|p2a: Suicune|confusion
|-damage|p2a: Suicune|144\/404|[from] confusion
|
|-heal|p2a: Suicune|169\/404|[from] item: Leftovers
|turn|9
|
|switch|p2a: Tentacruel|Tentacruel, F|360\/361
|-damage|p2a: Tentacruel|315\/361|[from] Stealth Rock
|move|p1a: Machamp|Dynamic Punch|p2a: Tentacruel
|-resisted|p2a: Tentacruel
|-damage|p2a: Tentacruel|186\/361
|-start|p2a: Tentacruel|confusion
|
|-heal|p2a: Tentacruel|208\/361|[from] item: Black Sludge
|turn|10
|
|-activate|p2a: Tentacruel|confusion
|move|p2a: Tentacruel|Rapid Spin|p1a: Machamp
|-damage|p1a: Machamp|308\/321
|-sideend|p2: oh no oh no|Stealth Rock|[from] move: Rapid Spin|[of] p2a: Tentacruel
|move|p1a: Machamp|Dynamic Punch|p2a: Tentacruel
|-resisted|p2a: Tentacruel
|-damage|p2a: Tentacruel|69\/361
|
|-heal|p2a: Tentacruel|91\/361|[from] item: Black Sludge
|turn|11
|
|switch|p2a: Chesnaught|Chesnaught, M|380\/380
|move|p1a: Machamp|Dynamic Punch|p2a: Chesnaught
|-crit|p2a: Chesnaught
|-damage|p2a: Chesnaught|106\/380
|-start|p2a: Chesnaught|confusion
|
|-heal|p2a: Chesnaught|129\/380|[from] item: Leftovers
|turn|12
|c| Bob the Bae|you should run cc and dpunch
|c|âKing Underused|eh.
|
|switch|p2a: Uxie|Uxie|354\/354
|move|p1a: Machamp|Dynamic Punch|p2a: Uxie
|-resisted|p2a: Uxie
|-damage|p2a: Uxie|270\/354
|-start|p2a: Uxie|confusion
|
|-heal|p2a: Uxie|292\/354|[from] item: Leftovers
|turn|13
|
|switch|p1a: Blastoise|Blastoise, M|345\/345
|-activate|p2a: Uxie|confusion
|move|p2a: Uxie|Stealth Rock|p1a: Blastoise
|-sidestart|p1: King Underused|move: Stealth Rock
|
|-heal|p2a: Uxie|314\/354|[from] item: Leftovers
|turn|14
|
|switch|p2a: Blissey|Blissey, F|657\/657
|detailschange|p1a: Blastoise|Blastoise-Mega, M
|message|Blastoise has Mega Evolved into Mega Blastoise!
|move|p1a: Blastoise|Rapid Spin|p2a: Blissey
|-damage|p2a: Blissey|631\/657
|-sideend|p1: King Underused|Stealth Rock|[from] move: Rapid Spin|[of] p1a: Blastoise
|
|-heal|p2a: Blissey|657\/657|[from] item: Leftovers
|turn|15
|
|switch|p1a: Machamp|Machamp, F|308\/321
|move|p2a: Blissey|Toxic|p1a: Machamp
|-status|p1a: Machamp|tox
|
|-damage|p1a: Machamp|288\/321 tox|[from] psn
|turn|16
|
|move|p2a: Blissey|Protect|p2a: Blissey
|-singleturn|p2a: Blissey|Protect
|move|p1a: Machamp|Knock Off|p2a: Blissey
|-activate|p2a: Blissey|Protect
|
|-damage|p1a: Machamp|248\/321 tox|[from] psn
|turn|17
|
|switch|p2a: Chesnaught|Chesnaught, M|129\/380
|move|p1a: Machamp|Knock Off|p2a: Chesnaught
|-resisted|p2a: Chesnaught
|-damage|p2a: Chesnaught|75\/380
|-enditem|p2a: Chesnaught|Leftovers|[from] move: Knock Off|[of] p1a: Machamp
|
|-damage|p1a: Machamp|188\/321 tox|[from] psn
|turn|18
|
|switch|p1a: Zygarde|Zygarde|357\/417
|-ability|p1a: Zygarde|Aura Break
|move|p2a: Chesnaught|Leech Seed|p1a: Zygarde
|-start|p1a: Zygarde|move: Leech Seed
|
|-heal|p1a: Zygarde|383\/417|[from] item: Leftovers
|-damage|p1a: Zygarde|331\/417|[from] Leech Seed|[of] p2a: Chesnaught
|-heal|p2a: Chesnaught|127\/380|[silent]
|turn|19
|
|switch|p1a: Blastoise|Blastoise-Mega, M|345\/345
|move|p2a: Chesnaught|Spikes|p1a: Blastoise
|-sidestart|p1: King Underused|Spikes
|
|turn|20
|
|move|p2a: Chesnaught|Spiky Shield|p2a: Chesnaught
|-singleturn|p2a: Chesnaught|move: Protect
|move|p1a: Blastoise|Dragon Pulse|p2a: Chesnaught
|-activate|p2a: Chesnaught|move: Protect
|
|turn|21
|
|switch|p2a: Blissey|Blissey, F|657\/657
|move|p1a: Blastoise|Rapid Spin|p2a: Blissey
|-damage|p2a: Blissey|632\/657
|-sideend|p1: King Underused|Spikes|[from] move: Rapid Spin|[of] p1a: Blastoise
|
|-heal|p2a: Blissey|657\/657|[from] item: Leftovers
|turn|22
|join|THE_iTodd
|
|switch|p1a: Crobat|Crobat, F|331\/331
|move|p2a: Blissey|Seismic Toss|p1a: Crobat
|-damage|p1a: Crobat|231\/331
|
|turn|23
|
|switch|p2a: Uxie|Uxie|314\/354
|move|p1a: Crobat|U-turn|p2a: Uxie
|-supereffective|p2a: Uxie
|-damage|p2a: Uxie|224\/354
|
|switch|p1a: Blastoise|Blastoise-Mega, M|345\/345
|
|-heal|p2a: Uxie|246\/354|[from] item: Leftovers
|turn|24
|
|switch|p2a: Rotom-Heat|Rotom-Heat|304\/304
|move|p1a: Blastoise|Dark Pulse|p2a: Rotom-Heat
|-damage|p2a: Rotom-Heat|176\/304
|
|turn|25
|
|move|p2a: Rotom-Heat|Volt Switch|p1a: Blastoise
|-supereffective|p1a: Blastoise
|-damage|p1a: Blastoise|189\/345
|
|switch|p2a: Blissey|Blissey, F|657\/657
|move|p1a: Blastoise|Scald|p2a: Blissey
|-damage|p2a: Blissey|549\/657
|-status|p2a: Blissey|brn
|
|-heal|p2a: Blissey|590\/657 brn|[from] item: Leftovers
|-damage|p2a: Blissey|508\/657 brn|[from] brn
|turn|26
|
|switch|p1a: Zygarde|Zygarde|331\/417
|-ability|p1a: Zygarde|Aura Break
|move|p2a: Blissey|Toxic|p1a: Zygarde
|-status|p1a: Zygarde|tox
|
|-heal|p1a: Zygarde|357\/417 tox|[from] item: Leftovers
|-heal|p2a: Blissey|549\/657 brn|[from] item: Leftovers
|-damage|p1a: Zygarde|331\/417 tox|[from] psn
|-damage|p2a: Blissey|467\/657 brn|[from] brn
|turn|27
|
|switch|p1a: Florges|Florges, F|360\/360
|move|p2a: Blissey|Wish|p2a: Blissey
|
|-heal|p2a: Blissey|508\/657 brn|[from] item: Leftovers
|-damage|p2a: Blissey|426\/657 brn|[from] brn
|turn|28
|
|switch|p2a: Tentacruel|Tentacruel, F|91\/361
|move|p1a: Florges|Moonblast|p2a: Tentacruel
|-resisted|p2a: Tentacruel
|-damage|p2a: Tentacruel|37\/361
|
|-heal|p2a: Tentacruel|361\/361|[from] move: Wish|[wisher] Blissey
|turn|29
|
|move|p2a: Tentacruel|Toxic Spikes|p1a: Florges
|-sidestart|p1: King Underused|move: Toxic Spikes
|move|p1a: Florges|Aromatherapy|p1a: Florges
|-cureteam|p1a: Florges|[from] move: Aromatherapy
|
|turn|30
|
|move|p2a: Tentacruel|Toxic Spikes|p1a: Florges
|-sidestart|p1: King Underused|move: Toxic Spikes
|move|p1a: Florges|Wish|p1a: Florges
|
|turn|31
|
|switch|p2a: Rotom-Heat|Rotom-Heat|176\/304
|switch|p1a: Blastoise|Blastoise-Mega, M|189\/345
|-status|p1a: Blastoise|tox
|
|-heal|p1a: Blastoise|345\/345 tox|[from] move: Wish|[wisher] Florges
|-damage|p1a: Blastoise|324\/345 tox|[from] psn
|turn|32
|
|move|p2a: Rotom-Heat|Volt Switch|p1a: Blastoise
|-supereffective|p1a: Blastoise
|-damage|p1a: Blastoise|180\/345 tox
|
|switch|p2a: Tentacruel|Tentacruel, F|361\/361
|move|p1a: Blastoise|Rapid Spin|p2a: Tentacruel
|-damage|p2a: Tentacruel|349\/361
|-sideend|p1: King Underused|Toxic Spikes|[from] move: Rapid Spin|[of] p1a: Blastoise
|
|-heal|p2a: Tentacruel|361\/361|[from] item: Black Sludge
|-damage|p1a: Blastoise|138\/345 tox|[from] psn
|turn|33
|
|switch|p1a: Zygarde|Zygarde|331\/417
|-ability|p1a: Zygarde|Aura Break
|move|p2a: Tentacruel|Toxic Spikes|p1a: Zygarde
|-sidestart|p1: King Underused|move: Toxic Spikes
|
|-heal|p1a: Zygarde|357\/417|[from] item: Leftovers
|turn|34
|
|move|p2a: Tentacruel|Scald|p1a: Zygarde
|-damage|p1a: Zygarde|290\/417
|move|p1a: Zygarde|Substitute|p1a: Zygarde
|-start|p1a: Zygarde|Substitute
|-damage|p1a: Zygarde|186\/417
|
|-heal|p1a: Zygarde|212\/417|[from] item: Leftovers
|turn|35
|
|switch|p2a: Suicune|Suicune|169\/404
|-ability|p2a: Suicune|Pressure
|move|p1a: Zygarde|Coil|p1a: Zygarde
|-boost|p1a: Zygarde|atk|1
|-boost|p1a: Zygarde|def|1
|-boost|p1a: Zygarde|accuracy|1
|
|-heal|p1a: Zygarde|238\/417|[from] item: Leftovers
|-heal|p2a: Suicune|194\/404|[from] item: Leftovers
|turn|36
|c| Bob the Bae|dont run max hp syg
|c| Bob the Bae|zyg
|c|âKing Underused|I don't
|
|move|p1a: Zygarde|Earthquake|p2a: Suicune
|-damage|p2a: Suicune|83\/404
|move|p2a: Suicune|Rest|p2a: Suicune
|-status|p2a: Suicune|slp
|-heal|p2a: Suicune|404\/404 slp|[silent]
|-status|p2a: Suicune|slp|[from] move: Rest
|
|-heal|p1a: Zygarde|264\/417|[from] item: Leftovers
|turn|37
|c| Bob the Bae|how come its so slow
|
|move|p1a: Zygarde|Coil|p1a: Zygarde
|-boost|p1a: Zygarde|atk|1
|-boost|p1a: Zygarde|def|1
|-boost|p1a: Zygarde|accuracy|1
|cant|p2a: Suicune|slp
|move|p2a: Suicune|Sleep Talk|p2a: Suicune
|move|p2a: Suicune|Scald|p1a: Zygarde|[from]Sleep Talk
|-activate|p1a: Zygarde|Substitute|[damage]
|
|-heal|p1a: Zygarde|290\/417|[from] item: Leftovers
|turn|38
|
|move|p1a: Zygarde|Earthquake|p2a: Suicune
|-damage|p2a: Suicune|238\/404 slp
|cant|p2a: Suicune|slp
|move|p2a: Suicune|Sleep Talk|p2a: Suicune
|move|p2a: Suicune|Roar|p1a: Zygarde|[from]Sleep Talk
|drag|p1a: Machamp|Machamp, F|188\/321
|-status|p1a: Machamp|psn
|
|-heal|p2a: Suicune|263\/404 slp|[from] item: Leftovers
|-damage|p1a: Machamp|148\/321 psn|[from] psn
|turn|39
|c|âKing Underused|It's mixed defensive
|c| Bob the Bae|oh
|
|switch|p2a: Chesnaught|Chesnaught, M|127\/380
|move|p1a: Machamp|Knock Off|p2a: Chesnaught
|-resisted|p2a: Chesnaught
|-damage|p2a: Chesnaught|91\/380
|
|-damage|p1a: Machamp|108\/321 psn|[from] psn
|turn|40
|
|switch|p1a: Florges|Florges, F|360\/360
|-status|p1a: Florges|psn
|move|p2a: Chesnaught|Leech Seed|p1a: Florges
|-start|p1a: Florges|move: Leech Seed
|
|-damage|p1a: Florges|315\/360 psn|[from] Leech Seed|[of] p2a: Chesnaught
|-heal|p2a: Chesnaught|136\/380|[silent]
|-damage|p1a: Florges|270\/360 psn|[from] psn
|turn|41
|c| Bob the Bae|run enough speed to creep base 100s
|c| Bob the Bae|tbh
|c|âKing Underused|hmm
|
|switch|p2a: Tentacruel|Tentacruel, F|361\/361
|move|p1a: Florges|Aromatherapy|p1a: Florges
|-cureteam|p1a: Florges|[from] move: Aromatherapy
|
|-heal|p1a: Florges|292\/360|[from] item: Leftovers
|-damage|p1a: Florges|247\/360|[from] Leech Seed|[of] p2a: Tentacruel
|turn|42
|
|move|p2a: Tentacruel|Toxic Spikes|p1a: Florges
|-sidestart|p1: King Underused|move: Toxic Spikes
|move|p1a: Florges|Wish|p1a: Florges
|
|-heal|p1a: Florges|269\/360|[from] item: Leftovers
|-damage|p1a: Florges|224\/360|[from] Leech Seed|[of] p2a: Tentacruel
|turn|43
|
|switch|p2a: Rotom-Heat|Rotom-Heat|176\/304
|switch|p1a: Blastoise|Blastoise-Mega, M|138\/345
|-status|p1a: Blastoise|tox
|
|-heal|p1a: Blastoise|318\/345 tox|[from] move: Wish|[wisher] Florges
|-damage|p1a: Blastoise|297\/345 tox|[from] psn
|turn|44
|
|move|p2a: Rotom-Heat|Volt Switch|p1a: Blastoise
|-crit|p1a: Blastoise
|-supereffective|p1a: Blastoise
|-damage|p1a: Blastoise|49\/345 tox
|c|âKing Underused|oww
|
|switch|p2a: Tentacruel|Tentacruel, F|361\/361
|move|p1a: Blastoise|Rapid Spin|p2a: Tentacruel
|-damage|p2a: Tentacruel|349\/361
|-sideend|p1: King Underused|Toxic Spikes|[from] move: Rapid Spin|[of] p1a: Blastoise
|
|-heal|p2a: Tentacruel|361\/361|[from] item: Black Sludge
|-damage|p1a: Blastoise|7\/345 tox|[from] psn
|turn|45
|c|âKing Underused|it's ogre
|c|âKing Underused|Couldn't break through
|
|move|p2a: Tentacruel|Knock Off|p1a: Blastoise
|-damage|p1a: Blastoise|0 fnt
|faint|p1a: Blastoise
|
|c| Bob the Bae|rip
|
|switch|p1a: Zygarde|Zygarde|290\/417
|-ability|p1a: Zygarde|Aura Break
|turn|46
|
|switch|p2a: Rotom-Heat|Rotom-Heat|176\/304
|move|p1a: Zygarde|Coil|p1a: Zygarde
|-boost|p1a: Zygarde|atk|1
|-boost|p1a: Zygarde|def|1
|-boost|p1a: Zygarde|accuracy|1
|
|-heal|p1a: Zygarde|316\/417|[from] item: Leftovers
|turn|47
|
|move|p2a: Rotom-Heat|Will-O-Wisp|p1a: Zygarde|[miss]
|-miss|p2a: Rotom-Heat|p1a: Zygarde
|move|p1a: Zygarde|Stone Edge|p2a: Rotom-Heat
|-supereffective|p2a: Rotom-Heat
|-damage|p2a: Rotom-Heat|0 fnt
|faint|p2a: Rotom-Heat
|
|-heal|p1a: Zygarde|342\/417|[from] item: Leftovers
|join|sniperaim
|c|âKing Underused|nb
|c| Bob the Bae|nb
|c|âKing Underused|Bob
|join|Coltestes
|
|switch|p2a: Suicune|Suicune|263\/404 slp
|-ability|p2a: Suicune|Pressure
|turn|48
|c|âKing Underused|something is really missing from this team
|c|âKing Underused|what is it
|
|move|p1a: Zygarde|Earthquake|p2a: Suicune
|-crit|p2a: Suicune
|-damage|p2a: Suicune|85\/404 slp
|-curestatus|p2a: Suicune|slp
|move|p2a: Suicune|Roar|p1a: Zygarde
|drag|p1a: Florges|Florges, F|224\/360
|
|-heal|p2a: Suicune|110\/404|[from] item: Leftovers
|-heal|p1a: Florges|246\/360|[from] item: Leftovers
|turn|49
|join|Moniker
|
|move|p2a: Suicune|Rest|p2a: Suicune
|-status|p2a: Suicune|slp
|-heal|p2a: Suicune|404\/404 slp|[silent]
|-status|p2a: Suicune|slp|[from] move: Rest
|move|p1a: Florges|Wish|p1a: Florges
|
|-heal|p1a: Florges|268\/360|[from] item: Leftovers
|turn|50
|c| Bob the Bae|suicune counter
|
|switch|p1a: Machamp|Machamp, F|108\/321
|cant|p2a: Suicune|slp
|move|p2a: Suicune|Sleep Talk|p2a: Suicune
|move|p2a: Suicune|Scald|p1a: Machamp|[from]Sleep Talk
|-damage|p1a: Machamp|12\/321
|
|-heal|p1a: Machamp|192\/321|[from] move: Wish|[wisher] Florges
|turn|51
|
|switch|p2a: Chesnaught|Chesnaught, M|136\/380
|move|p1a: Machamp|Knock Off|p2a: Chesnaught
|-resisted|p2a: Chesnaught
|-damage|p2a: Chesnaught|95\/380
|
|turn|52
|
|move|p1a: Machamp|Knock Off|p2a: Chesnaught
|-resisted|p2a: Chesnaught
|-damage|p2a: Chesnaught|54\/380
|move|p2a: Chesnaught|Leech Seed|p1a: Machamp
|-start|p1a: Machamp|move: Leech Seed
|
|-damage|p1a: Machamp|152\/321|[from] Leech Seed|[of] p2a: Chesnaught
|-heal|p2a: Chesnaught|94\/380|[silent]
|turn|53
|
|switch|p1a: Crobat|Crobat, F|231\/331
|move|p2a: Chesnaught|Spikes|p1a: Crobat
|-sidestart|p1: King Underused|Spikes
|
|turn|54
|
|switch|p2a: Uxie|Uxie|246\/354
|move|p1a: Crobat|Brave Bird|p2a: Uxie
|-damage|p2a: Uxie|138\/354
|-damage|p1a: Crobat|195\/331|[from] recoil|[of] p2a: Uxie
|
|-heal|p2a: Uxie|160\/354|[from] item: Leftovers
|turn|55
|
|move|p1a: Crobat|Brave Bird|p2a: Uxie
|-damage|p2a: Uxie|52\/354
|-damage|p1a: Crobat|159\/331|[from] recoil|[of] p2a: Uxie
|move|p2a: Uxie|Stealth Rock|p1a: Crobat
|-sidestart|p1: King Underused|move: Stealth Rock
|
|-heal|p2a: Uxie|74\/354|[from] item: Leftovers
|turn|56
|c|âKing Underused|I've got to break freeee
|
|switch|p2a: Suicune|Suicune|404\/404 slp
|-ability|p2a: Suicune|Pressure
|move|p1a: Crobat|Brave Bird|p2a: Suicune
|-damage|p2a: Suicune|274\/404 slp
|-damage|p1a: Crobat|116\/331|[from] recoil|[of] p2a: Suicune
|
|-heal|p2a: Suicune|299\/404 slp|[from] item: Leftovers
|turn|57
|
|move|p1a: Crobat|Brave Bird|p2a: Suicune
|-damage|p2a: Suicune|188\/404 slp
|-damage|p1a: Crobat|79\/331|[from] recoil|[of] p2a: Suicune
|cant|p2a: Suicune|slp
|move|p2a: Suicune|Sleep Talk|p2a: Suicune
|move|p2a: Suicune|Roar|p1a: Crobat|[from]Sleep Talk
|drag|p1a: Zygarde|Zygarde|342\/417
|-damage|p1a: Zygarde|290\/417|[from] Spikes
|-damage|p1a: Zygarde|264\/417|[from] Stealth Rock
|-ability|p1a: Zygarde|Aura Break
|
|-heal|p1a: Zygarde|290\/417|[from] item: Leftovers
|-heal|p2a: Suicune|213\/404 slp|[from] item: Leftovers
|turn|58
|
|move|p1a: Zygarde|Coil|p1a: Zygarde
|-boost|p1a: Zygarde|atk|1
|-boost|p1a: Zygarde|def|1
|-boost|p1a: Zygarde|accuracy|1
|-curestatus|p2a: Suicune|slp
|move|p2a: Suicune|Scald|p1a: Zygarde
|-damage|p1a: Zygarde|205\/417
|
|-heal|p1a: Zygarde|231\/417|[from] item: Leftovers
|-heal|p2a: Suicune|238\/404|[from] item: Leftovers
|turn|59
|
|move|p1a: Zygarde|Earthquake|p2a: Suicune
|-damage|p2a: Suicune|118\/404
|move|p2a: Suicune|Roar|p1a: Zygarde
|drag|p1a: Florges|Florges, F|268\/360
|-damage|p1a: Florges|223\/360|[from] Stealth Rock
|-damage|p1a: Florges|178\/360|[from] Spikes
|
|-heal|p2a: Suicune|143\/404|[from] item: Leftovers
|-heal|p1a: Florges|200\/360|[from] item: Leftovers
|turn|60
|
|switch|p2a: Tentacruel|Tentacruel, F|361\/361
|move|p1a: Florges|Wish|p1a: Florges
|
|-heal|p1a: Florges|222\/360|[from] item: Leftovers
|turn|61
|
|switch|p1a: Zygarde|Zygarde|231\/417
|-damage|p1a: Zygarde|179\/417|[from] Spikes
|-damage|p1a: Zygarde|153\/417|[from] Stealth Rock
|-ability|p1a: Zygarde|Aura Break
|move|p2a: Tentacruel|Knock Off|p1a: Zygarde
|-damage|p1a: Zygarde|116\/417
|-enditem|p1a: Zygarde|Leftovers|[from] move: Knock Off|[of] p2a: Tentacruel
|
|-heal|p1a: Zygarde|296\/417|[from] move: Wish|[wisher] Florges
|turn|62
|
|move|p2a: Tentacruel|Toxic Spikes|p1a: Zygarde
|-sidestart|p1: King Underused|move: Toxic Spikes
|move|p1a: Zygarde|Coil|p1a: Zygarde
|-boost|p1a: Zygarde|atk|1
|-boost|p1a: Zygarde|def|1
|-boost|p1a: Zygarde|accuracy|1
|
|turn|63
|
|move|p2a: Tentacruel|Scald|p1a: Zygarde
|-damage|p1a: Zygarde|220\/417
|move|p1a: Zygarde|Earthquake|p2a: Tentacruel
|-supereffective|p2a: Tentacruel
|-damage|p2a: Tentacruel|41\/361
|
|-heal|p2a: Tentacruel|63\/361|[from] item: Black Sludge
|turn|64
|
|move|p2a: Tentacruel|Scald|p1a: Zygarde
|-damage|p1a: Zygarde|154\/417
|move|p1a: Zygarde|Substitute|p1a: Zygarde
|-start|p1a: Zygarde|Substitute
|-damage|p1a: Zygarde|50\/417
|
|-heal|p2a: Tentacruel|85\/361|[from] item: Black Sludge
|turn|65
|
|move|p2a: Tentacruel|Toxic Spikes|p1a: Zygarde
|-sidestart|p1: King Underused|move: Toxic Spikes
|move|p1a: Zygarde|Coil|p1a: Zygarde
|-boost|p1a: Zygarde|atk|1
|-boost|p1a: Zygarde|def|1
|-boost|p1a: Zygarde|accuracy|1
|
|-heal|p2a: Tentacruel|107\/361|[from] item: Black Sludge
|turn|66
|c| Bob the Bae|oh nb
|
|move|p2a: Tentacruel|Scald|p1a: Zygarde
|-activate|p1a: Zygarde|Substitute|[damage]
|move|p1a: Zygarde|Coil|p1a: Zygarde
|-boost|p1a: Zygarde|atk|1
|-boost|p1a: Zygarde|def|1
|-boost|p1a: Zygarde|accuracy|1
|
|-heal|p2a: Tentacruel|129\/361|[from] item: Black Sludge
|turn|67
|c|âKing Underused|Alright zyg
|c|âKing Underused|Eat this up
|
|move|p2a: Tentacruel|Scald|p1a: Zygarde
|-end|p1a: Zygarde|Substitute
|move|p1a: Zygarde|Earthquake|p2a: Tentacruel
|-supereffective|p2a: Tentacruel
|-damage|p2a: Tentacruel|0 fnt
|faint|p2a: Tentacruel
|
|c|âKing Underused|damn
|c| Bob the Bae|oh its ogre
|
|switch|p2a: Uxie|Uxie|74\/354
|turn|68
|
|move|p1a: Zygarde|Stone Edge|p2a: Uxie
|-damage|p2a: Uxie|0 fnt
|faint|p2a: Uxie
|
|c|âKing Underused|If I win this
|c|âKing Underused|I'm replaying it
|
|switch|p2a: Chesnaught|Chesnaught, M|94\/380
|turn|69
|
|move|p1a: Zygarde|Earthquake|p2a: Chesnaught
|-resisted|p2a: Chesnaught
|-damage|p2a: Chesnaught|2\/380
|move|p2a: Chesnaught|Wood Hammer|p1a: Zygarde
|-damage|p1a: Zygarde|7\/417
|-damage|p2a: Chesnaught|0 fnt|[from] recoil|[of] p1a: Zygarde
|faint|p2a: Chesnaught
|
|c| Bob the Bae|nb
|c|âKing Underused|lolol
|c| Bob the Bae|eating it up
|
|switch|p2a: Suicune|Suicune|143\/404
|-ability|p2a: Suicune|Pressure
|turn|70
|
|move|p1a: Zygarde|Earthquake|p2a: Suicune
|-damage|p2a: Suicune|0 fnt
|faint|p2a: Suicune
|
|c| Bob the Bae|this man
|c| Bob the Bae|sick choke
|
|switch|p2a: Blissey|Blissey, F|426\/657
|turn|71
|
|move|p2a: Blissey|Protect|p2a: Blissey
|-singleturn|p2a: Blissey|Protect
|move|p1a: Zygarde|Earthquake|p2a: Blissey
|-activate|p2a: Blissey|Protect
|
|-heal|p2a: Blissey|467\/657|[from] item: Leftovers
|turn|72
|c| Bob the Bae|gobo'ing up with the tspikes
|c|âKing Underused|oh
|c|âKing Underused|I'm out of earthquakes
|
|move|p1a: Zygarde|Stone Edge|p2a: Blissey
|-damage|p2a: Blissey|96\/657
|move|p2a: Blissey|Seismic Toss|p1a: Zygarde
|-damage|p1a: Zygarde|0 fnt
|faint|p1a: Zygarde
|
|-heal|p2a: Blissey|137\/657|[from] item: Leftovers
|
|switch|p1a: Machamp|Machamp, F|152\/321
|-damage|p1a: Machamp|132\/321|[from] Stealth Rock
|-status|p1a: Machamp|tox
|-damage|p1a: Machamp|92\/321 tox|[from] Spikes
|turn|73
|
|move|p2a: Blissey|Protect|p2a: Blissey
|-singleturn|p2a: Blissey|Protect
|move|p1a: Machamp|Knock Off|p2a: Blissey
|-activate|p2a: Blissey|Protect
|
|-heal|p2a: Blissey|178\/657|[from] item: Leftovers
|-damage|p1a: Machamp|72\/321 tox|[from] psn
|turn|74
|
|move|p1a: Machamp|Knock Off|p2a: Blissey
|-damage|p2a: Blissey|0 fnt
|-enditem|p2a: Blissey|Leftovers|[from] move: Knock Off|[of] p1a: Machamp
|faint|p2a: Blissey
|
|win|King Underused
|raw|Ladder updating...
|raw|King Underused's rating: 1487 &rarr; <strong>1501<\/strong><br \/>(+14 for winning)
|raw|oh no oh no's rating: 1392 &rarr; <strong>1377<\/strong><br \/>(-15 for losing)
|c| Bob the Bae|rip
|leave|Moniker
|leave|oh no oh no
|player|p2