|join|dark08
|join|MpPanther123
|player|p1|dark08|162
|player|p2|MpPanther123|279
|gametype|singles
|gen|6
|tier|ORAS OU
|rated
|rule|Sleep Clause Mod: Limit one foe put to sleep
|rule|Species Clause: Limit one of each PokÃ©mon
|rule|OHKO Clause: OHKO moves are banned
|rule|Moody Clause: Moody is banned
|rule|Evasion Moves Clause: Evasion moves are banned
|rule|Endless Battle Clause: Forcing endless battles is banned
|rule|HP Percentage Mod: HP is shown in percentages
|clearpoke
|poke|p1|Lucario, M
|poke|p1|Haxorus, M
|poke|p1|Latios, M
|poke|p1|Chandelure, M
|poke|p1|Espeon, M
|poke|p1|Umbreon, M
|poke|p2|Sceptile, M
|poke|p2|Azumarill, M
|poke|p2|Conkeldurr, M, shiny
|poke|p2|Bisharp, M, shiny
|poke|p2|Sylveon, F, shiny
|poke|p2|Dragonite, M
|rule|Swagger Clause: Swagger is banned
|rule|Baton Pass Clause: Limit one PokÃ©mon knowing Baton Pass
|teampreview
|
|start
|switch|p1a: Haxorus|Haxorus, M|294\/294
|switch|p2a: Blue Ranger|Bisharp, M, shiny|334\/334
|-ability|p1a: Haxorus|Mold Breaker
|turn|1
|
|move|p1a: Haxorus|Earthquake|p2a: Blue Ranger
|-supereffective|p2a: Blue Ranger
|-enditem|p2a: Blue Ranger|Focus Sash
|-damage|p2a: Blue Ranger|1\/334
|move|p2a: Blue Ranger|Swords Dance|p2a: Blue Ranger
|-boost|p2a: Blue Ranger|atk|2
|
|turn|2
|
|switch|p1a: Lucario|Lucario, M|282\/282
|move|p2a: Blue Ranger|Sucker Punch|p1a: Lucario
|-fail|p1a: Lucario
|
|turn|3
|
|switch|p2a: Big Show|Conkeldurr, M, shiny|414\/414
|move|p1a: Lucario|Vacuum Wave|p2a: Big Show
|-damage|p2a: Big Show|292\/414
|-damage|p1a: Lucario|254\/282|[from] item: Life Orb
|
|turn|4
|
|switch|p1a: Chandelure|Chandelure, M|262\/262
|move|p2a: Big Show|Ice Punch|p1a: Chandelure
|-resisted|p1a: Chandelure
|-damage|p1a: Chandelure|172\/262
|-damage|p2a: Big Show|251\/414|[from] item: Life Orb
|
|turn|5
|
|switch|p2a: Blue Ranger|Bisharp, M, shiny|1\/334
|move|p1a: Chandelure|Shadow Ball|p2a: Blue Ranger
|-resisted|p2a: Blue Ranger
|-damage|p2a: Blue Ranger|0 fnt
|faint|p2a: Blue Ranger
|
|
|switch|p2a: El Drago|Dragonite, M|324\/324
|turn|6
|
|switch|p1a: Umbreon|Umbreon, M|394\/394
|move|p2a: El Drago|Dragon Dance|p2a: El Drago
|-boost|p2a: El Drago|atk|1
|-boost|p2a: El Drago|spe|1
|
|turn|7
|
|move|p2a: El Drago|Outrage|p1a: Umbreon
|-damage|p1a: Umbreon|141\/394
|move|p1a: Umbreon|Toxic|p2a: El Drago
|-status|p2a: El Drago|tox
|
|-heal|p1a: Umbreon|165\/394|[from] item: Leftovers
|-damage|p2a: El Drago|304\/324 tox|[from] psn
|turn|8
|
|move|p2a: El Drago|Outrage|p1a: Umbreon
|-damage|p1a: Umbreon|0 fnt
|faint|p1a: Umbreon
|
|-damage|p2a: El Drago|264\/324 tox|[from] psn
|
|switch|p1a: Haxorus|Haxorus, M|294\/294
|-ability|p1a: Haxorus|Mold Breaker
|turn|9
|
|move|p2a: El Drago|Outrage|p1a: Haxorus
|-crit|p1a: Haxorus
|-supereffective|p1a: Haxorus
|-damage|p1a: Haxorus|0 fnt
|faint|p1a: Haxorus
|
|-end|p2a: El Drago|rampage
|-start|p2a: El Drago|confusion
|-damage|p2a: El Drago|204\/324 tox|[from] psn
|
|switch|p1a: Lucario|Lucario, M|254\/282
|-enditem|p2a: El Drago|Persim Berry|[eat]
|-end|p2a: El Drago|confusion
|turn|10
|
|switch|p1a: Latios|Latios, M|302\/302
|move|p2a: El Drago|Fire Punch|p1a: Latios
|-resisted|p1a: Latios
|-damage|p1a: Latios|215\/302
|
|-damage|p2a: El Drago|124\/324 tox|[from] psn
|turn|11
|
|switch|p1a: Espeon|Espeon, M|272\/272
|move|p2a: El Drago|Outrage|p1a: Espeon
|-damage|p1a: Espeon|0 fnt
|faint|p1a: Espeon
|
|-damage|p2a: El Drago|24\/324 tox|[from] psn
|
|switch|p1a: Lucario|Lucario, M|254\/282
|turn|12
|
|move|p1a: Lucario|Vacuum Wave|p2a: El Drago
|-resisted|p2a: El Drago
|-damage|p2a: El Drago|0 fnt
|-damage|p1a: Lucario|226\/282|[from] item: Life Orb
|faint|p2a: El Drago
|
|
|switch|p2a: Big Show|Conkeldurr, M, shiny|251\/414
|turn|13
|
|move|p1a: Lucario|Flash Cannon|p2a: Big Show
|-damage|p2a: Big Show|0 fnt
|-damage|p1a: Lucario|198\/282|[from] item: Life Orb
|faint|p2a: Big Show
|
|
|switch|p2a: Bugs Bunny|Azumarill, M|404\/404
|turn|14
|
|move|p1a: Lucario|Flash Cannon|p2a: Bugs Bunny
|-damage|p2a: Bugs Bunny|209\/404
|-damage|p1a: Lucario|170\/282|[from] item: Life Orb
|move|p2a: Bugs Bunny|Waterfall|p1a: Lucario
|-damage|p1a: Lucario|0 fnt
|faint|p1a: Lucario
|
|
|switch|p1a: Chandelure|Chandelure, M|172\/262
|turn|15
|
|move|p1a: Chandelure|Shadow Ball|p2a: Bugs Bunny
|-damage|p2a: Bugs Bunny|0 fnt
|faint|p2a: Bugs Bunny
|
|
|switch|p2a: Godzilla-Green Ell|Sceptile, M|282\/282
|turn|16
|
|detailschange|p2a: Godzilla-Green Ell|Sceptile-Mega, M
|message|Sceptile has Mega Evolved into Mega Sceptile!
|move|p2a: Godzilla-Green Ell|Hidden Power|p1a: Chandelure
|-supereffective|p1a: Chandelure
|-damage|p1a: Chandelure|0 fnt
|faint|p1a: Chandelure
|
|
|switch|p1a: Latios|Latios, M|215\/302
|turn|17
|
|detailschange|p1a: Latios|Latios-Mega, M
|message|Latios has Mega Evolved into Mega Latios!
|move|p2a: Godzilla-Green Ell|Dragon Pulse|p1a: Latios
|-supereffective|p1a: Latios
|-damage|p1a: Latios|0 fnt
|faint|p1a: Latios
|
|win|MpPanther123
|raw|Ladder updating...
|raw|dark08's rating: 1280 &rarr; <strong>1261<\/strong><br \/>(-19 for losing)
|raw|MpPanther123's rating: 1365 &rarr; <strong>1380<\/strong><br \/>(+15 for winning)
|c|âMpPanther123|gg