|join|dark08
|join|ORAS ALT
|player|p1|dark08|162
|player|p2|ORAS ALT|37
|gametype|singles
|gen|6
|tier|ORAS OU
|rated
|rule|Sleep Clause Mod: Limit one foe put to sleep
|rule|Species Clause: Limit one of each PokÃ©mon
|rule|OHKO Clause: OHKO moves are banned
|rule|Moody Clause: Moody is banned
|rule|Evasion Moves Clause: Evasion moves are banned
|rule|Endless Battle Clause: Forcing endless battles is banned
|rule|HP Percentage Mod: HP is shown in percentages
|clearpoke
|poke|p1|Lucario, M
|poke|p1|Infernape, M
|poke|p1|Latios, M
|poke|p1|Sylveon, F
|poke|p1|Espeon, M
|poke|p1|Umbreon, M
|poke|p2|Sceptile, F
|poke|p2|Mamoswine, F
|poke|p2|Skarmory, F
|poke|p2|Greninja, M
|poke|p2|Latios, M
|poke|p2|Landorus-Therian, M
|rule|Swagger Clause: Swagger is banned
|rule|Baton Pass Clause: Limit one PokÃ©mon knowing Baton Pass
|teampreview
|
|start
|switch|p1a: Infernape|Infernape, M|294\/294
|switch|p2a: Mamoswine|Mamoswine, F|361\/361
|turn|1
|
|switch|p2a: Landorus-Therian|Landorus-Therian, M|319\/319
|-ability|p2a: Landorus-Therian|Intimidate|[of] p1a: Infernape
|-unboost|p1a: Infernape|atk|1
|move|p1a: Infernape|Close Combat|p2a: Landorus-Therian
|-resisted|p2a: Landorus-Therian
|-damage|p2a: Landorus-Therian|253\/319
|-unboost|p1a: Infernape|def|1
|-unboost|p1a: Infernape|spd|1
|
|turn|2
|
|move|p2a: Landorus-Therian|Earthquake|p1a: Infernape
|-supereffective|p1a: Infernape
|-enditem|p1a: Infernape|Focus Sash
|-damage|p1a: Infernape|1\/294
|move|p1a: Infernape|Stealth Rock|p2a: Landorus-Therian
|-sidestart|p2: ORAS ALT|move: Stealth Rock
|
|turn|3
|
|switch|p2a: Skarmory|Skarmory, F|334\/334
|-damage|p2a: Skarmory|293\/334|[from] Stealth Rock
|switch|p1a: Latios|Latios, M|302\/302
|
|turn|4
|
|detailschange|p1a: Latios|Latios-Mega, M
|message|Latios has Mega Evolved into Mega Latios!
|move|p1a: Latios|Surf|p2a: Skarmory
|-damage|p2a: Skarmory|125\/334
|move|p2a: Skarmory|Stealth Rock|p1a: Latios
|-sidestart|p1: dark08|move: Stealth Rock
|
|turn|5
|
|move|p1a: Latios|Dragon Pulse|p2a: Skarmory
|-resisted|p2a: Skarmory
|-damage|p2a: Skarmory|13\/334
|move|p2a: Skarmory|Toxic|p1a: Latios
|-status|p1a: Latios|tox
|
|-damage|p1a: Latios|284\/302 tox|[from] psn
|turn|6
|
|move|p1a: Latios|Dragon Pulse|p2a: Skarmory
|-resisted|p2a: Skarmory
|-damage|p2a: Skarmory|0 fnt
|faint|p2a: Skarmory
|
|-damage|p1a: Latios|248\/302 tox|[from] psn
|
|switch|p2a: Greninja|Greninja, M|285\/285
|-damage|p2a: Greninja|250\/285|[from] Stealth Rock
|turn|7
|
|switch|p1a: Sylveon|Sylveon, F|394\/394
|-damage|p1a: Sylveon|345\/394|[from] Stealth Rock
|move|p2a: Greninja|Ice Beam|p1a: Sylveon
|-start|p2a: Greninja|typechange|Ice|[from] Protean
|-damage|p1a: Sylveon|209\/394
|-status|p1a: Sylveon|frz
|-damage|p2a: Greninja|222\/285|[from] item: Life Orb
|
|-heal|p1a: Sylveon|233\/394 frz|[from] item: Leftovers
|turn|8
|
|move|p2a: Greninja|Gunk Shot|p1a: Sylveon
|-start|p2a: Greninja|typechange|Poison|[from] Protean
|-supereffective|p1a: Sylveon
|-damage|p1a: Sylveon|0 fnt
|-damage|p2a: Greninja|194\/285|[from] item: Life Orb
|faint|p1a: Sylveon
|
|
|switch|p1a: Umbreon|Umbreon, M|394\/394
|-damage|p1a: Umbreon|345\/394|[from] Stealth Rock
|turn|9
|
|switch|p2a: Latios|Latios, M|301\/301
|-damage|p2a: Latios|264\/301|[from] Stealth Rock
|move|p1a: Umbreon|Foul Play|p2a: Latios
|-supereffective|p2a: Latios
|-damage|p2a: Latios|42\/301
|
|-heal|p1a: Umbreon|369\/394|[from] item: Leftovers
|turn|10
|
|move|p1a: Umbreon|Protect|p1a: Umbreon
|-singleturn|p1a: Umbreon|Protect
|move|p2a: Latios|Trick|p1a: Umbreon
|-activate|p1a: Umbreon|Protect
|
|-heal|p1a: Umbreon|393\/394|[from] item: Leftovers
|turn|11
|
|switch|p2a: Sceptile|Sceptile, F|281\/281
|-damage|p2a: Sceptile|246\/281|[from] Stealth Rock
|switch|p1a: Latios|Latios-Mega, M|248\/302 tox
|-damage|p1a: Latios|211\/302 tox|[from] Stealth Rock
|
|-damage|p1a: Latios|193\/302 tox|[from] psn
|turn|12
|c|âORAS ALT|i forgot to make lati 0 atk 
|
|detailschange|p2a: Sceptile|Sceptile-Mega, F
|message|Sceptile has Mega Evolved into Mega Sceptile!
|move|p2a: Sceptile|Dragon Pulse|p1a: Latios
|-supereffective|p1a: Latios
|-damage|p1a: Latios|0 fnt
|faint|p1a: Latios
|
|
|switch|p1a: Umbreon|Umbreon, M|393\/394
|-damage|p1a: Umbreon|344\/394|[from] Stealth Rock
|turn|13
|
|move|p1a: Umbreon|Protect|p1a: Umbreon
|-singleturn|p1a: Umbreon|Protect
|move|p2a: Sceptile|Leaf Storm|p1a: Umbreon
|-activate|p1a: Umbreon|Protect
|
|-heal|p1a: Umbreon|368\/394|[from] item: Leftovers
|turn|14
|
|move|p2a: Sceptile|Leaf Storm|p1a: Umbreon
|-damage|p1a: Umbreon|184\/394
|-unboost|p2a: Sceptile|spa|2
|move|p1a: Umbreon|Wish|p1a: Umbreon
|
|-heal|p1a: Umbreon|208\/394|[from] item: Leftovers
|turn|15
|
|switch|p2a: Latios|Latios, M|42\/301
|-damage|p2a: Latios|5\/301|[from] Stealth Rock
|move|p1a: Umbreon|Foul Play|p2a: Latios
|-supereffective|p2a: Latios
|-damage|p2a: Latios|0 fnt
|faint|p2a: Latios
|
|-heal|p1a: Umbreon|394\/394|[from] move: Wish|[wisher] Umbreon
|
|switch|p2a: Mamoswine|Mamoswine, F|361\/361
|-damage|p2a: Mamoswine|316\/361|[from] Stealth Rock
|turn|16
|
|move|p2a: Mamoswine|Superpower|p1a: Umbreon
|-supereffective|p1a: Umbreon
|-damage|p1a: Umbreon|108\/394
|-unboost|p2a: Mamoswine|atk|1
|-unboost|p2a: Mamoswine|def|1
|-damage|p2a: Mamoswine|280\/361|[from] item: Life Orb
|move|p1a: Umbreon|Foul Play|p2a: Mamoswine
|-damage|p2a: Mamoswine|69\/361
|
|-heal|p1a: Umbreon|132\/394|[from] item: Leftovers
|turn|17
|
|move|p1a: Umbreon|Protect|p1a: Umbreon
|-singleturn|p1a: Umbreon|Protect
|move|p2a: Mamoswine|Earthquake|p1a: Umbreon
|-activate|p1a: Umbreon|Protect
|
|-heal|p1a: Umbreon|156\/394|[from] item: Leftovers
|turn|18
|
|switch|p1a: Espeon|Espeon, M|272\/272
|-damage|p1a: Espeon|238\/272|[from] Stealth Rock
|move|p2a: Mamoswine|Superpower|p1a: Espeon
|-resisted|p1a: Espeon
|-damage|p1a: Espeon|130\/272
|-unboost|p2a: Mamoswine|atk|1
|-unboost|p2a: Mamoswine|def|1
|-damage|p2a: Mamoswine|33\/361|[from] item: Life Orb
|
|turn|19
|
|move|p2a: Mamoswine|Ice Shard|p1a: Espeon
|-damage|p1a: Espeon|55\/272
|-damage|p2a: Mamoswine|0 fnt|[from] item: Life Orb
|faint|p2a: Mamoswine
|move|p1a: Espeon|Calm Mind|p1a: Espeon
|-boost|p1a: Espeon|spa|1
|-boost|p1a: Espeon|spd|1
|
|
|switch|p2a: Landorus-Therian|Landorus-Therian, M|253\/319
|-damage|p2a: Landorus-Therian|214\/319|[from] Stealth Rock
|-ability|p2a: Landorus-Therian|Intimidate|[of] p1a: Espeon
|-unboost|p1a: Espeon|atk|1
|turn|20
|
|switch|p1a: Infernape|Infernape, M|1\/294
|-damage|p1a: Infernape|0 fnt|[from] Stealth Rock
|faint|p1a: Infernape
|move|p2a: Landorus-Therian|U-turn|p1: Infernape|[notarget]
|-notarget
|
|
|switch|p1a: Lucario|Lucario, M|282\/282
|-damage|p1a: Lucario|274\/282|[from] Stealth Rock
|turn|21
|
|switch|p2a: Sceptile|Sceptile-Mega, F|246\/281
|-damage|p2a: Sceptile|211\/281|[from] Stealth Rock
|move|p1a: Lucario|Aura Sphere|p2a: Sceptile
|-damage|p2a: Sceptile|7\/281
|-damage|p1a: Lucario|246\/282|[from] item: Life Orb
|
|turn|22
|
|move|p1a: Lucario|Vacuum Wave|p2a: Sceptile
|-damage|p2a: Sceptile|0 fnt
|-damage|p1a: Lucario|218\/282|[from] item: Life Orb
|faint|p2a: Sceptile
|
|
|switch|p2a: Landorus-Therian|Landorus-Therian, M|214\/319
|-damage|p2a: Landorus-Therian|175\/319|[from] Stealth Rock
|-ability|p2a: Landorus-Therian|Intimidate|[of] p1a: Lucario
|-unboost|p1a: Lucario|atk|1
|turn|23
|
|move|p2a: Landorus-Therian|Earthquake|p1a: Lucario
|-supereffective|p1a: Lucario
|-damage|p1a: Lucario|0 fnt
|faint|p1a: Lucario
|
|
|switch|p1a: Umbreon|Umbreon, M|156\/394
|-damage|p1a: Umbreon|107\/394|[from] Stealth Rock
|turn|24
|
|move|p1a: Umbreon|Protect|p1a: Umbreon
|-singleturn|p1a: Umbreon|Protect
|move|p2a: Landorus-Therian|Earthquake|p1a: Umbreon
|-activate|p1a: Umbreon|Protect
|
|-heal|p1a: Umbreon|131\/394|[from] item: Leftovers
|turn|25
|
|move|p2a: Landorus-Therian|Earthquake|p1a: Umbreon
|-crit|p1a: Umbreon
|-damage|p1a: Umbreon|0 fnt
|faint|p1a: Umbreon
|
|
|switch|p1a: Espeon|Espeon, M|55\/272
|-damage|p1a: Espeon|21\/272|[from] Stealth Rock
|turn|26
|c|âORAS ALT|that mattered, but i won with ninja regardless
|c|âORAS ALT|gg
|
|move|p2a: Landorus-Therian|Earthquake|p1a: Espeon
|-crit|p1a: Espeon
|-damage|p1a: Espeon|0 fnt
|faint|p1a: Espeon
|
|win|ORAS ALT
|raw|Ladder updating...
|raw|dark08's rating: 1433 &rarr; <strong>1409<\/strong><br \/>(-24 for losing)
|raw|ORAS ALT's rating: 1378 &rarr; <strong>1401<\/strong><br \/>(+23 for winning)