|join|DayLightNight
|join|dark08
|player|p1|DayLightNight|219
|player|p2|dark08|99
|gametype|singles
|gen|6
|tier|OU
|rated
|clearpoke
|poke|p1|Hippowdon, F
|poke|p1|Manaphy
|poke|p1|Excadrill, M
|poke|p1|Latios, M
|poke|p1|Sceptile, F
|poke|p1|Scizor, F
|poke|p2|Lucario, M
|poke|p2|Latios, M
|poke|p2|Espeon, M
|poke|p2|Umbreon, M
|poke|p2|Zoroark, M
|poke|p2|Scizor, F
|rule|Swagger Clause: Swagger is banned
|rule|Baton Pass Clause: Limit one PokÃ©mon knowing Baton Pass
|rule|Sleep Clause Mod: Limit one foe put to sleep
|rule|Species Clause: Limit one of each PokÃ©mon
|rule|OHKO Clause: OHKO moves are banned
|rule|Moody Clause: Moody is banned
|rule|Evasion Moves Clause: Evasion moves are banned
|rule|Endless Battle Clause: Forcing endless battles is banned
|rule|HP Percentage Mod: HP is shown in percentages
|teampreview
|
|start
|switch|p1a: Hippowdon|Hippowdon, F|420\/420
|switch|p2a: Scizor|Scizor, F|343\/343
|-weather|Sandstorm
|turn|1
|
|detailschange|p2a: Scizor|Scizor-Mega, F
|message|Scizor has Mega Evolved into Mega Scizor!
|move|p2a: Scizor|U-turn|p1a: Hippowdon
|-damage|p1a: Hippowdon|287\/420
|
|switch|p2a: Latios|Latios, M|302\/302
|move|p1a: Hippowdon|Earthquake|p2a: Latios
|-immune|p2a: Latios|[msg]
|
|-weather|Sandstorm|[upkeep]
|-damage|p2a: Latios|284\/302|[from] sandstorm
|turn|2
|
|move|p2a: Latios|Surf|p1a: Hippowdon
|-supereffective|p1a: Hippowdon
|-damage|p1a: Hippowdon|13\/420
|move|p1a: Hippowdon|Stealth Rock|p2a: Latios
|-sidestart|p2: dark08|move: Stealth Rock
|
|-weather|Sandstorm|[upkeep]
|-damage|p2a: Latios|266\/302|[from] sandstorm
|turn|3
|
|switch|p1a: Manaphy|Manaphy|341\/341
|move|p2a: Latios|Surf|p1a: Manaphy
|-resisted|p1a: Manaphy
|-damage|p1a: Manaphy|255\/341
|
|-weather|Sandstorm|[upkeep]
|-damage|p2a: Latios|248\/302|[from] sandstorm
|-damage|p1a: Manaphy|234\/341|[from] sandstorm
|-heal|p1a: Manaphy|255\/341|[from] item: Leftovers
|turn|4
|
|switch|p2a: Espeon|Espeon, M|272\/272
|-damage|p2a: Espeon|238\/272|[from] Stealth Rock
|move|p1a: Manaphy|Tail Glow|p1a: Manaphy
|-boost|p1a: Manaphy|spa|3
|
|-weather|Sandstorm|[upkeep]
|-damage|p2a: Espeon|221\/272|[from] sandstorm
|-damage|p1a: Manaphy|234\/341|[from] sandstorm
|-heal|p1a: Manaphy|255\/341|[from] item: Leftovers
|turn|5
|
|move|p2a: Espeon|Psyshock|p1a: Manaphy
|-damage|p1a: Manaphy|63\/341
|-damage|p2a: Espeon|194\/272|[from] item: Life Orb
|move|p1a: Manaphy|Surf|p2a: Espeon
|-damage|p2a: Espeon|0 fnt
|faint|p2a: Espeon
|
|-weather|Sandstorm|[upkeep]
|-damage|p1a: Manaphy|42\/341|[from] sandstorm
|-heal|p1a: Manaphy|63\/341|[from] item: Leftovers
|
|switch|p2a: Scizor|Scizor-Mega, F|261\/261
|-damage|p2a: Scizor|229\/261|[from] Stealth Rock
|turn|6
|
|move|p2a: Scizor|Knock Off|p1a: Manaphy
|-damage|p1a: Manaphy|0 fnt
|-enditem|p1a: Manaphy|Leftovers|[from] move: Knock Off|[of] p2a: Scizor
|faint|p1a: Manaphy
|
|-weather|Sandstorm|[upkeep]
|-damage|p2a: Scizor|213\/261|[from] sandstorm
|
|switch|p1a: Excadrill|Excadrill, M|361\/361
|-item|p1a: Excadrill|Air Balloon
|turn|7
|
|switch|p2a: Umbreon|Umbreon, M|394\/394
|-damage|p2a: Umbreon|345\/394|[from] Stealth Rock
|move|p1a: Excadrill|Earthquake|p2a: Umbreon
|-damage|p2a: Umbreon|197\/394
|
|-weather|Sandstorm|[upkeep]
|-damage|p2a: Umbreon|173\/394|[from] sandstorm
|-heal|p2a: Umbreon|197\/394|[from] item: Leftovers
|turn|8
|
|switch|p1a: Sceptile|Sceptile, F|281\/281
|move|p2a: Umbreon|Foul Play|p1a: Sceptile
|-damage|p1a: Sceptile|139\/281
|
|-weather|none
|-heal|p2a: Umbreon|221\/394|[from] item: Leftovers
|turn|9
|
|switch|p2a: Scizor|Scizor-Mega, F|343\/343
|-damage|p2a: Scizor|301\/343|[from] Stealth Rock
|detailschange|p1a: Sceptile|Sceptile-Mega, F
|message|Sceptile has Mega Evolved into Mega Sceptile!
|move|p1a: Sceptile|Leaf Storm|p2a: Scizor
|-resisted|p2a: Scizor
|-damage|p2a: Scizor|238\/343
|-unboost|p1a: Sceptile|spa|2
|
|turn|10
|
|move|p1a: Sceptile|Earthquake|p2a: Scizor
|-damage|p2a: Scizor|171\/343
|move|p2a: Scizor|Swords Dance|p2a: Scizor
|-boost|p2a: Scizor|atk|2
|
|turn|11
|
|move|p1a: Sceptile|Earthquake|p2a: Scizor
|-damage|p2a: Scizor|104\/343
|move|p2a: Scizor|Roost|p2a: Scizor
|-heal|p2a: Scizor|276\/343
|
|turn|12
|
|switch|p1a: Hippowdon|Hippowdon, F|13\/420
|-weather|Sandstorm
|move|p2a: Scizor|Swords Dance|p2a: Scizor
|-boost|p2a: Scizor|atk|2
|
|-weather|Sandstorm|[upkeep]
|turn|13
|
|move|p2a: Scizor|Swords Dance|p2a: Scizor
|-boost|p2a: Scizor|atk|2
|move|p1a: Hippowdon|Yawn|p2a: Scizor
|-start|p2a: Scizor|move: Yawn|[of] p1a: Hippowdon
|
|-weather|Sandstorm|[upkeep]
|turn|14
|
|move|p2a: Scizor|Bullet Punch|p1a: Hippowdon
|-damage|p1a: Hippowdon|0 fnt
|faint|p1a: Hippowdon
|
|-status|p2a: Scizor|slp
|-weather|Sandstorm|[upkeep]
|
|switch|p1a: Excadrill|Excadrill, M|361\/361
|-item|p1a: Excadrill|Air Balloon
|turn|15
|
|cant|p2a: Scizor|slp
|move|p1a: Excadrill|Swords Dance|p1a: Excadrill
|-boost|p1a: Excadrill|atk|2
|
|-weather|Sandstorm|[upkeep]
|turn|16
|
|cant|p2a: Scizor|slp
|move|p1a: Excadrill|Earthquake|p2a: Scizor
|-damage|p2a: Scizor|0 fnt
|faint|p2a: Scizor
|
|-weather|Sandstorm|[upkeep]
|
|switch|p2a: Umbreon|Umbreon, M|221\/394
|-damage|p2a: Umbreon|172\/394|[from] Stealth Rock
|turn|17
|
|move|p2a: Umbreon|Protect|p2a: Umbreon
|-singleturn|p2a: Umbreon|Protect
|move|p1a: Excadrill|Iron Head|p2a: Umbreon
|-activate|p2a: Umbreon|Protect
|
|-weather|Sandstorm|[upkeep]
|-damage|p2a: Umbreon|148\/394|[from] sandstorm
|-heal|p2a: Umbreon|172\/394|[from] item: Leftovers
|turn|18
|
|move|p2a: Umbreon|Protect|p2a: Umbreon
|-singleturn|p2a: Umbreon|Protect
|move|p1a: Excadrill|Iron Head|p2a: Umbreon
|-activate|p2a: Umbreon|Protect
|
|-weather|Sandstorm|[upkeep]
|-damage|p2a: Umbreon|148\/394|[from] sandstorm
|-heal|p2a: Umbreon|172\/394|[from] item: Leftovers
|turn|19
|
|move|p1a: Excadrill|Iron Head|p2a: Umbreon
|-damage|p2a: Umbreon|0 fnt
|faint|p2a: Umbreon
|
|-weather|none
|
|switch|p2a: Latios|Latios, M|248\/302
|-damage|p2a: Latios|211\/302|[from] Stealth Rock
|turn|20
|c|âDayLightNight|Such bs
|
|move|p2a: Latios|Surf|p1a: Excadrill
|-supereffective|p1a: Excadrill
|-damage|p1a: Excadrill|0 fnt
|-enditem|p1a: Excadrill|Air Balloon
|faint|p1a: Excadrill
|
|
|switch|p1a: Scizor|Scizor, F|343\/343
|turn|21
|
|switch|p2a: Lucario|Lucario, M|213\/261
|-damage|p2a: Lucario|181\/261|[from] Stealth Rock
|move|p1a: Scizor|Swords Dance|p1a: Scizor
|-boost|p1a: Scizor|atk|2
|
|turn|22
|
|move|p1a: Scizor|Bullet Punch|p2a: Lucario
|replace|p2a: Zoroark|Zoroark, M|181\/261
|-damage|p2a: Zoroark|0 fnt
|faint|p2a: Zoroark
|
|
|switch|p2a: Lucario|Lucario, M|281\/281
|-damage|p2a: Lucario|273\/281|[from] Stealth Rock
|turn|23
|
|move|p1a: Scizor|Bullet Punch|p2a: Lucario
|-resisted|p2a: Lucario
|-damage|p2a: Lucario|126\/281
|move|p2a: Lucario|Swords Dance|p2a: Lucario
|-boost|p2a: Lucario|atk|2
|
|turn|24
|
|move|p2a: Lucario|Extreme Speed|p1a: Scizor
|-resisted|p1a: Scizor
|-damage|p1a: Scizor|233\/343
|-damage|p2a: Lucario|98\/281|[from] item: Life Orb
|move|p1a: Scizor|Bullet Punch|p2a: Lucario
|-resisted|p2a: Lucario
|-damage|p2a: Lucario|0 fnt
|faint|p2a: Lucario
|
|-heal|p1a: Scizor|254\/343|[from] item: Leftovers
|-message|dark08 forfeited.
|
|win|DayLightNight
|raw|Ladder updating...
|leave|dark08
|player|p2
|c|âDayLightNight|Bitch
|raw|DayLightNight's rating: 1488 &rarr; <strong>1512<\/strong><br \/>(+24 for winning)
|raw|dark08's rating: 1553 &rarr; <strong>1530<\/strong><br \/>(-23 for losing)