|join|dark08
|join|Sweep
|player|p1|dark08|153
|player|p2|Sweep|54
|gametype|singles
|gen|6
|tier|OU
|rated
|clearpoke
|poke|p1|Lucario, M
|poke|p1|Zoroark, M
|poke|p1|Latios, M
|poke|p1|Scizor, M
|poke|p1|Espeon, M
|poke|p1|Umbreon, M
|poke|p2|Garchomp, F
|poke|p2|Bisharp, F
|poke|p2|Breloom, M
|poke|p2|Charizard, F
|poke|p2|Azumarill, M
|poke|p2|Latias, F
|rule|Sleep Clause Mod: Limit one foe put to sleep
|rule|Species Clause: Limit one of each Pokemon
|rule|OHKO Clause: OHKO moves are banned
|rule|Moody Clause: Moody is banned
|rule|Evasion Moves Clause: Evasion moves are banned
|rule|Endless Battle Clause: Forcing endless battles is banned.
|rule|HP Percentage Mod: HP is reported as percentages
|teampreview
|
|start
|switch|p1a: Scizor|Scizor, M|343\/343
|switch|p2a: Garchomp|Garchomp, F|357\/357
|turn|1
|
|switch|p1a: Umbreon|Umbreon, M|394\/394
|move|p2a: Garchomp|Earthquake|p1a: Umbreon
|-damage|p1a: Umbreon|273\/394
|
|-heal|p1a: Umbreon|297\/394|[from] item: Leftovers
|turn|2
|
|move|p2a: Garchomp|Stealth Rock|p1a: Umbreon
|-sidestart|p1: dark08|move: Stealth Rock
|move|p1a: Umbreon|Foul Play|p2a: Garchomp
|-damage|p2a: Garchomp|177\/357
|-damage|p1a: Umbreon|248\/394|[from] ability: Rough Skin|[of] p2a: Garchomp
|
|-heal|p1a: Umbreon|272\/394|[from] item: Leftovers
|turn|3
|
|move|p2a: Garchomp|Earthquake|p1a: Umbreon
|-damage|p1a: Umbreon|146\/394
|move|p1a: Umbreon|Toxic|p2a: Garchomp
|-status|p2a: Garchomp|tox
|
|-heal|p1a: Umbreon|170\/394|[from] item: Leftovers
|-damage|p2a: Garchomp|155\/357 tox|[from] psn
|turn|4
|
|move|p2a: Garchomp|Earthquake|p1a: Umbreon
|-damage|p1a: Umbreon|47\/394
|move|p1a: Umbreon|Wish|p1a: Umbreon
|
|-heal|p1a: Umbreon|71\/394|[from] item: Leftovers
|-damage|p2a: Garchomp|111\/357 tox|[from] psn
|turn|5
|
|switch|p2a: Breloom|Breloom, M|261\/261
|move|p1a: Umbreon|Protect|p1a: Umbreon
|-fail|p1a: Umbreon
|
|-heal|p1a: Umbreon|268\/394|[from] move: Wish|[wisher] Umbreon
|-heal|p1a: Umbreon|292\/394|[from] item: Leftovers
|turn|6
|
|move|p2a: Breloom|Swords Dance|p2a: Breloom
|-boost|p2a: Breloom|atk|2
|move|p1a: Umbreon|Toxic|p2a: Breloom
|-status|p2a: Breloom|tox
|
|-heal|p1a: Umbreon|316\/394|[from] item: Leftovers
|-damage|p2a: Breloom|245\/261 tox|[from] psn
|turn|7
|
|move|p1a: Umbreon|Protect|p1a: Umbreon
|-singleturn|p1a: Umbreon|Protect
|move|p2a: Breloom|Mach Punch|p1a: Umbreon
|-activate|p1a: Umbreon|Protect
|
|-heal|p1a: Umbreon|340\/394|[from] item: Leftovers
|-damage|p2a: Breloom|213\/261 tox|[from] psn
|turn|8
|
|move|p2a: Breloom|Mach Punch|p1a: Umbreon
|-supereffective|p1a: Umbreon
|-damage|p1a: Umbreon|0 fnt
|faint|p1a: Umbreon
|
|-damage|p2a: Breloom|165\/261 tox|[from] psn
|
|switch|p1a: Lucario|Lucario, M|282\/282
|-damage|p1a: Lucario|274\/282|[from] Stealth Rock
|turn|9
|
|move|p1a: Lucario|Extreme Speed|p2a: Breloom
|-damage|p2a: Breloom|18\/261 tox
|-damage|p1a: Lucario|246\/282|[from] item: Life Orb
|move|p2a: Breloom|Mach Punch|p1a: Lucario
|-supereffective|p1a: Lucario
|-damage|p1a: Lucario|0 fnt
|faint|p1a: Lucario
|
|-damage|p2a: Breloom|0 fnt|[from] psn
|faint|p2a: Breloom
|
|switch|p2a: Garchomp|Garchomp, F|111\/357 tox
|switch|p1a: Scizor|Scizor, M|343\/343
|-damage|p1a: Scizor|301\/343|[from] Stealth Rock
|turn|10
|join|gottacatchthemall
|
|move|p1a: Scizor|Bullet Punch|p2a: Garchomp
|-damage|p2a: Garchomp|0 fnt
|-damage|p1a: Scizor|259\/343|[from] ability: Rough Skin|[of] p2a: Garchomp
|faint|p2a: Garchomp
|
|
|switch|p2a: Charizard|Charizard, F|329\/329
|turn|11
|
|switch|p1a: Latios|Latios, M|302\/302
|-damage|p1a: Latios|265\/302|[from] Stealth Rock
|-formechange|p2a: Charizard|Charizard-Mega-X
|message|Charizard has Mega Evolved into Mega Charizard!
|move|p2a: Charizard|Dragon Dance|p2a: Charizard
|-boost|p2a: Charizard|atk|1
|-boost|p2a: Charizard|spe|1
|
|turn|12
|
|switch|p1a: Scizor|Scizor, M|259\/343
|-damage|p1a: Scizor|217\/343|[from] Stealth Rock
|move|p2a: Charizard|Dragon Claw|p1a: Scizor
|-resisted|p1a: Scizor
|-damage|p1a: Scizor|72\/343
|
|turn|13
|
|move|p1a: Scizor|Bullet Punch|p2a: Charizard
|-resisted|p2a: Charizard
|-damage|p2a: Charizard|248\/329
|move|p2a: Charizard|Dragon Claw|p1a: Scizor
|-resisted|p1a: Scizor
|-damage|p1a: Scizor|0 fnt
|faint|p1a: Scizor
|
|
|switch|p1a: Latios|Latios, M|262\/262
|-damage|p1a: Latios|230\/262|[from] Stealth Rock
|turn|14
|
|move|p1a: Latios|Sucker Punch|p2a: Charizard
|-damage|p2a: Charizard|124\/329
|move|p2a: Charizard|Dragon Claw|p1a: Latios
|-crit|p1a: Latios
|replace|p1a: Zoroark|Zoroark, M|230\/262
|-damage|p1a: Zoroark|0 fnt
|faint|p1a: Zoroark
|
|
|switch|p1a: Espeon|Espeon, M|272\/272
|-damage|p1a: Espeon|238\/272|[from] Stealth Rock
|turn|15
|
|move|p2a: Charizard|Dragon Claw|p1a: Espeon
|-damage|p1a: Espeon|0 fnt
|faint|p1a: Espeon
|
|
|switch|p1a: Latios|Latios, M|265\/302
|-damage|p1a: Latios|228\/302|[from] Stealth Rock
|turn|16
|
|move|p2a: Charizard|Dragon Claw|p1a: Latios
|-supereffective|p1a: Latios
|-damage|p1a: Latios|0 fnt
|faint|p1a: Latios
|
|win|Sweep
|raw|Ladder updating...
|raw|dark08's rating: 1735 &rarr; <strong>1721<\/strong><br \/>(-14 for losing)
|raw|Sweep's rating: 1847 &rarr; <strong>1861<\/strong><br \/>(+14 for winning)
|chat|Sweep|gg