|join|kullhadd hekk
|join|dark08
|player|p1|kullhadd hekk|169
|player|p2|dark08|153
|gametype|singles
|gen|6
|tier|OU
|rated
|clearpoke
|poke|p1|Deoxys-Speed
|poke|p1|Aegislash, F
|poke|p1|Bisharp, M
|poke|p1|Keldeo
|poke|p1|Garchomp, F
|poke|p1|Pinsir, M
|poke|p2|Lucario, M
|poke|p2|Zoroark, M
|poke|p2|Latios, M
|poke|p2|Scizor, M
|poke|p2|Espeon, M
|poke|p2|Umbreon, M
|rule|Sleep Clause Mod: Limit one foe put to sleep
|rule|Species Clause: Limit one of each Pokemon
|rule|OHKO Clause: OHKO moves are banned
|rule|Moody Clause: Moody is banned
|rule|Evasion Moves Clause: Evasion moves are banned
|rule|Endless Battle Clause: Forcing endless battles is banned.
|rule|HP Percentage Mod: HP is reported as percentages
|teampreview
|join|jam1
|
|start
|switch|p1a: Deoxys-Speed|Deoxys-Speed|241\/241
|switch|p2a: Espeon|Espeon, M|272\/272
|-ability|p1a: Deoxys-Speed|Pressure
|turn|1
|
|move|p1a: Deoxys-Speed|Superpower|p2a: Espeon
|-resisted|p2a: Espeon
|-damage|p2a: Espeon|198\/272
|-unboost|p1a: Deoxys-Speed|atk|1
|-unboost|p1a: Deoxys-Speed|def|1
|move|p2a: Espeon|Shadow Ball|p1a: Deoxys-Speed
|-supereffective|p1a: Deoxys-Speed
|-enditem|p1a: Deoxys-Speed|Focus Sash
|-damage|p1a: Deoxys-Speed|1\/241
|-unboost|p1a: Deoxys-Speed|spd|1
|-damage|p2a: Espeon|171\/272|[from] item: Life Orb
|
|turn|2
|
|switch|p1a: Garchomp|Garchomp, F|357\/357
|move|p2a: Espeon|Dazzling Gleam|p1a: Garchomp
|-supereffective|p1a: Garchomp
|-damage|p1a: Garchomp|58\/357
|-damage|p2a: Espeon|144\/272|[from] item: Life Orb
|
|turn|3
|
|move|p1a: Garchomp|Outrage|p2a: Espeon
|-damage|p2a: Espeon|0 fnt
|faint|p2a: Espeon
|
|
|switch|p2a: Lucario|Lucario, M|282\/282
|turn|4
|
|move|p2a: Lucario|Extreme Speed|p1a: Garchomp
|-damage|p1a: Garchomp|0 fnt
|-damage|p2a: Lucario|247\/282|[from] ability: Rough Skin|[of] p1a: Garchomp
|-damage|p2a: Lucario|219\/282|[from] item: Life Orb
|faint|p1a: Garchomp
|
|
|switch|p1a: Pinsir|Pinsir, M|271\/271
|turn|5
|
|-formechange|p1a: Pinsir|Pinsir-Mega
|message|Pinsir has Mega Evolved into Mega Pinsir!
|move|p2a: Lucario|Extreme Speed|p1a: Pinsir
|-damage|p1a: Pinsir|174\/271
|-damage|p2a: Lucario|191\/282|[from] item: Life Orb
|move|p1a: Pinsir|Frustration|p2a: Lucario
|-damage|p2a: Lucario|0 fnt
|faint|p2a: Lucario
|
|
|switch|p2a: Umbreon|Umbreon, M|394\/394
|turn|6
|
|switch|p1a: Keldeo|Keldeo|323\/323
|move|p2a: Umbreon|Toxic|p1a: Keldeo
|-status|p1a: Keldeo|tox
|
|-damage|p1a: Keldeo|303\/323 tox|[from] psn
|turn|7
|
|move|p2a: Umbreon|Protect|p2a: Umbreon
|-singleturn|p2a: Umbreon|Protect
|move|p1a: Keldeo|Secret Sword|p2a: Umbreon
|-activate|p2a: Umbreon|Protect
|
|-damage|p1a: Keldeo|263\/323 tox|[from] psn
|turn|8
|
|switch|p1a: Deoxys-Speed|Deoxys-Speed|1\/241
|-ability|p1a: Deoxys-Speed|Pressure
|move|p2a: Umbreon|Wish|p2a: Umbreon
|
|turn|9
|
|move|p1a: Deoxys-Speed|Stealth Rock|p2a: Umbreon
|-sidestart|p2: dark08|move: Stealth Rock
|move|p2a: Umbreon|Foul Play|p1a: Deoxys-Speed
|-supereffective|p1a: Deoxys-Speed
|-damage|p1a: Deoxys-Speed|0 fnt
|faint|p1a: Deoxys-Speed
|
|
|switch|p1a: Bisharp|Bisharp, M|271\/271
|turn|10
|
|move|p1a: Bisharp|Swords Dance|p1a: Bisharp
|-boost|p1a: Bisharp|atk|2
|move|p2a: Umbreon|Foul Play|p1a: Bisharp
|-resisted|p1a: Bisharp
|-damage|p1a: Bisharp|76\/271
|
|turn|11
|
|move|p2a: Umbreon|Protect|p2a: Umbreon
|-singleturn|p2a: Umbreon|Protect
|move|p1a: Bisharp|Iron Head|p2a: Umbreon
|-activate|p2a: Umbreon|Protect
|
|turn|12
|
|move|p1a: Bisharp|Iron Head|p2a: Umbreon
|-damage|p2a: Umbreon|174\/394
|move|p2a: Umbreon|Foul Play|p1a: Bisharp
|-resisted|p1a: Bisharp
|-damage|p1a: Bisharp|0 fnt
|faint|p1a: Bisharp
|
|-heal|p2a: Umbreon|198\/394|[from] item: Leftovers
|
|switch|p1a: Pinsir|Pinsir, M|174\/271
|-formechange|p1a: Pinsir|Pinsir-Mega
|turn|13
|
|move|p1a: Pinsir|Frustration|p2a: Umbreon
|-damage|p2a: Umbreon|24\/394
|move|p2a: Umbreon|Foul Play|p1a: Pinsir
|-damage|p1a: Pinsir|0 fnt
|faint|p1a: Pinsir
|
|-heal|p2a: Umbreon|48\/394|[from] item: Leftovers
|
|switch|p1a: Keldeo|Keldeo|263\/323 tox
|turn|14
|
|move|p2a: Umbreon|Protect|p2a: Umbreon
|-singleturn|p2a: Umbreon|Protect
|move|p1a: Keldeo|Secret Sword|p2a: Umbreon
|-activate|p2a: Umbreon|Protect
|
|-heal|p2a: Umbreon|72\/394|[from] item: Leftovers
|-damage|p1a: Keldeo|243\/323 tox|[from] psn
|turn|15
|
|switch|p2a: Latios|Latios, M|302\/302
|-damage|p2a: Latios|265\/302|[from] Stealth Rock
|move|p1a: Keldeo|Secret Sword|p2a: Latios
|-resisted|p2a: Latios
|-damage|p2a: Latios|132\/302
|
|-damage|p1a: Keldeo|203\/323 tox|[from] psn
|turn|16
|
|switch|p1a: Aegislash|Aegislash, F|321\/321
|move|p2a: Latios|Trick|p1a: Aegislash
|-activate|p2a: Latios|move: Trick|[of] p1a: Aegislash
|-item|p1a: Aegislash|Choice Specs|[from] move: Trick
|-item|p2a: Latios|Leftovers|[from] move: Trick
|
|-heal|p2a: Latios|150\/302|[from] item: Leftovers
|turn|17
|
|switch|p2a: Scizor|Scizor, M|344\/344
|-damage|p2a: Scizor|301\/344|[from] Stealth Rock
|-formechange|p1a: Aegislash|Aegislash-Blade
|move|p1a: Aegislash|Shadow Ball|p2a: Scizor
|-damage|p2a: Scizor|13\/344
|
|turn|18
|
|move|p2a: Scizor|Pursuit|p1a: Aegislash|[from]Pursuit
|-supereffective|p1a: Aegislash
|-damage|p1a: Aegislash|0 fnt
|faint|p1a: Aegislash
|
|
|switch|p1a: Keldeo|Keldeo|203\/323 tox
|turn|19
|
|move|p1a: Keldeo|Scald|p2a: Scizor
|-damage|p2a: Scizor|0 fnt
|faint|p2a: Scizor
|
|-damage|p1a: Keldeo|183\/323 tox|[from] psn
|
|switch|p2a: Umbreon|Umbreon, M|262\/262
|-damage|p2a: Umbreon|230\/262|[from] Stealth Rock
|turn|20
|
|move|p2a: Umbreon|Sucker Punch|p1a: Keldeo
|-resisted|p1a: Keldeo
|-damage|p1a: Keldeo|108\/323 tox
|-boost|p1a: Keldeo|atk|1|[from] ability: Justified
|move|p1a: Keldeo|Scald|p2a: Umbreon
|replace|p2a: Zoroark|Zoroark, M|230\/262
|-damage|p2a: Zoroark|0 fnt
|faint|p2a: Zoroark
|
|-damage|p1a: Keldeo|68\/323 tox|[from] psn
|
|switch|p2a: Umbreon|Umbreon, M|72\/394
|-damage|p2a: Umbreon|23\/394|[from] Stealth Rock
|turn|21
|
|move|p2a: Umbreon|Protect|p2a: Umbreon
|-singleturn|p2a: Umbreon|Protect
|move|p1a: Keldeo|Scald|p2a: Umbreon
|-activate|p2a: Umbreon|Protect
|
|-heal|p2a: Umbreon|47\/394|[from] item: Leftovers
|-damage|p1a: Keldeo|8\/323 tox|[from] psn
|turn|22
|-message|kullhadd hekk forfeited.
|
|win|dark08
|raw|Ladder updating...
|leave|kullhadd hekk
|player|p1
|raw|kullhadd hekk's rating: 1855 &rarr; <strong>1825<\/strong><br \/>(-30 for losing)
|raw|dark08's rating: 1654 &rarr; <strong>1685<\/strong><br \/>(+31 for winning)