|join|dark08
|join|NezMcNezza5
|player|p1|dark08|162
|player|p2|NezMcNezza5|102
|gametype|singles
|gen|6
|tier|OU
|clearpoke
|poke|p1|Lucario, M
|poke|p1|Zoroark, M
|poke|p1|Latios, M
|poke|p1|Scizor, M
|poke|p1|Espeon, M
|poke|p1|Umbreon, M
|poke|p2|Chansey, F
|poke|p2|Heatran, F
|poke|p2|Venusaur, M
|poke|p2|Skarmory, M
|poke|p2|Alomomola, M
|poke|p2|Landorus-Therian, M
|rule|Sleep Clause Mod: Limit one foe put to sleep
|rule|Species Clause: Limit one of each Pokemon
|rule|OHKO Clause: OHKO moves are banned
|rule|Moody Clause: Moody is banned
|rule|Evasion Moves Clause: Evasion moves are banned
|rule|Endless Battle Clause: Forcing endless battles is banned.
|rule|HP Percentage Mod: HP is reported as percentages
|teampreview
|chat|dark08|be a good sport buddy
|chat|dark08|luck is a part of pokemon
|join|Naruto vs. Sasuke
|chat|NezMcNezza5|dont tell me about being a good sport when you swords danced after that extreme luck to get an easy win
|join|PhantomRoy
|chat|dark08|just playing the game
|join|MuchAdoAboutNon
|chat|NezMcNezza5|well play it then
|join|bigpoppatoasty
|join|TheLusterLink
|join|bashman
|join|Nya Milliana :3
|leave|TheLusterLink
|
|start
|switch|p1a: Latios|Latios, M|302\/302
|switch|p2a: Venusaur|Venusaur, M|364\/364
|turn|1
|join|TheLusterLink
|chat|bashman|he probably only said you sucked cause you called him a scum cunt lol
|chat|TheLusterLink|hi
|chat|Naruto vs. Sasuke|lol
|
|detailschange|p2a: Venusaur|Venusaur-Mega, M
|message|Venusaur has Mega Evolved into Mega Venusaur!
|move|p1a: Latios|Psyshock|p2a: Venusaur
|-supereffective|p2a: Venusaur
|-damage|p2a: Venusaur|88\/364
|move|p2a: Venusaur|Sludge Bomb|p1a: Latios
|-damage|p1a: Latios|185\/302
|-status|p1a: Latios|psn
|
|-damage|p1a: Latios|148\/302 psn|[from] psn
|turn|2
|join|pretty-brutal
|chat|TheLusterLink|dark skill him
|chat|dark08|oh luck luck luck omg im going to hv a heart attack now
|chat|PhantomRoy|hi
|chat|NezMcNezza5|oh so he didnt come out with zoroark this time....again being a piece of scum
|chat|PhantomRoy|gl
|chat|dark08|thx
|chat|TheLusterLink|how 
|
|switch|p2a: Heatran|Heatran, F|386\/386
|move|p1a: Latios|Psyshock|p2a: Heatran
|-resisted|p2a: Heatran
|-damage|p2a: Heatran|287\/386
|
|-heal|p2a: Heatran|311\/386|[from] item: Leftovers
|-damage|p1a: Latios|111\/302 psn|[from] psn
|turn|3
|chat|Naruto vs. Sasuke|lol i think nez is just trolling us
|chat|bashman|so changing his strategy makes him scum
|chat|PhantomRoy|yes
|chat|bashman|true
|chat|TheLusterLink|no i think nez needs anger management classes XD
|chat|bashman|or both
|chat|NezMcNezza5|he changed his strategy cause he lost his zoroark in 1 move
|chat|TheLusterLink|to control his emotions
|chat|bashman|how dare he do something like that
|chat|dark08|yeah 
|chat|Nya Milliana :3|then isnt it logical to change strategy
|join|CookiHD
|chat|TheLusterLink|nez its called improving from mistakes
|
|switch|p1a: Espeon|Espeon, M|272\/272
|move|p2a: Heatran|Stealth Rock|p1a: Espeon
|move|p1a: Espeon|Stealth Rock|p2a: Heatran|[from]Magic Bounce
|-sidestart|p2: NezMcNezza5|move: Stealth Rock
|
|-heal|p2a: Heatran|335\/386|[from] item: Leftovers
|turn|4
|chat|bashman|that's horrible
|chat|Nya Milliana :3|lol gf
|join|kaiden w
|chat|Naruto vs. Sasuke|lol
|chat|TheLusterLink|lol
|chat|TheLusterLink|rage nez rage
|
|move|p1a: Espeon|Calm Mind|p1a: Espeon
|-boost|p1a: Espeon|spa|1
|-boost|p1a: Espeon|spd|1
|move|p2a: Heatran|Lava Plume|p1a: Espeon
|-damage|p1a: Espeon|187\/272
|-status|p1a: Espeon|brn
|
|-heal|p2a: Heatran|359\/386|[from] item: Leftovers
|-damage|p1a: Espeon|153\/272 brn|[from] brn
|turn|5
|chat|dark08|omg luck again haha
|chat|Naruto vs. Sasuke|lol
|
|move|p1a: Espeon|Calm Mind|p1a: Espeon
|-boost|p1a: Espeon|spa|1
|-boost|p1a: Espeon|spd|1
|move|p2a: Heatran|Lava Plume|p1a: Espeon
|-damage|p1a: Espeon|93\/272 brn
|
|-heal|p2a: Heatran|383\/386|[from] item: Leftovers
|-damage|p1a: Espeon|59\/272 brn|[from] brn
|turn|6
|chat|TheLusterLink|lol acording to nez he sucks cause he got luch
|chat|TheLusterLink|luck
|
|move|p1a: Espeon|Psyshock|p2a: Heatran
|-resisted|p2a: Heatran
|-damage|p2a: Heatran|204\/386
|-damage|p1a: Espeon|32\/272 brn|[from] item: Life Orb
|move|p2a: Heatran|Lava Plume|p1a: Espeon
|-damage|p1a: Espeon|0 fnt
|faint|p1a: Espeon
|
|-heal|p2a: Heatran|228\/386|[from] item: Leftovers
|chat|NezMcNezza5|luster he got two freezes back to back, then swords danced
|chat|Nya Milliana :3|was expecting a bp lol
|
|switch|p1a: Lucario|Lucario, M|262\/262
|turn|7
|chat|NezMcNezza5|thats called luck
|chat|TheLusterLink|ik
|chat|TheLusterLink|and you raged
|chat|pretty-brutal|omg my sides
|chat|Naruto vs. Sasuke|yes he had luck so what
|chat|pretty-brutal|this fucker thinks he is legit
|chat|bashman|no its luck then taking advantage of luck
|
|switch|p2a: Landorus-Therian|Landorus-Therian, M|382\/382
|-damage|p2a: Landorus-Therian|335\/382|[from] Stealth Rock
|-ability|p2a: Landorus-Therian|Intimidate|[of] p1a: Lucario
|-unboost|p1a: Lucario|atk|1
|move|p1a: Lucario|Knock Off|p2a: Landorus-Therian
|-damage|p2a: Landorus-Therian|242\/382
|-enditem|p2a: Landorus-Therian|Assault Vest|[from] move: Knock Off|[of] p1a: Lucario
|
|turn|8
|
|switch|p1a: Umbreon|Umbreon, M|394\/394
|move|p2a: Landorus-Therian|Earthquake|p1a: Umbreon
|-damage|p1a: Umbreon|288\/394
|
|-heal|p1a: Umbreon|312\/394|[from] item: Leftovers
|turn|9
|chat|TheLusterLink|everyone thinks nez is a rager right?
|chat|Naruto vs. Sasuke|i think nez is jesus
|chat|bashman|rager\/troll
|chat|Nya Milliana :3|nah id honestly get pissed to if i go freeze haxed
|chat|Nya Milliana :3|got*
|
|switch|p2a: Skarmory|Skarmory, M|334\/334
|-damage|p2a: Skarmory|293\/334|[from] Stealth Rock
|move|p1a: Umbreon|Foul Play|p2a: Skarmory
|-damage|p2a: Skarmory|241\/334
|
|-heal|p2a: Skarmory|261\/334|[from] item: Leftovers
|-heal|p1a: Umbreon|336\/394|[from] item: Leftovers
|turn|10
|chat|Naruto vs. Sasuke|Lil B based god
|chat|Nya Milliana :3|b2b
|chat|NezMcNezza5|luster why do you have to confirm what you feel with others?
|chat|TheLusterLink|i dont
|chat|TheLusterLink|you do
|leave|CookiHD
|chat|NezMcNezza5|he got two freezes back to back then sowrds danced then called be bad
|chat|pretty-brutal|and now, bitchin'
|join|Flowbot
|join|edman9852
|join|3000YEARS
|join|SergiVilanef
|chat|TheLusterLink|you went to chat to say hw he "suckedÎcause he got luck
|chat|TheLusterLink|he
|join|GarudaIndonesia
|chat|NezMcNezza5|oh luster you dont? .... TheLusterLink: everyone thinks nez is a rager right?
|chat|dark08|nez just relax bud
|
|switch|p1a: Latios|Latios, M|111\/302 psn
|move|p2a: Skarmory|Defog|p1a: Latios
|-unboost|p1a: Latios|evasion|1
|-sideend|p2: NezMcNezza5|Stealth Rock|[from] move: Defog|[of] p2a: Skarmory
|
|-heal|p2a: Skarmory|281\/334|[from] item: Leftovers
|-damage|p1a: Latios|74\/302 psn|[from] psn
|turn|11
|leave|SergiVilanef
|chat|3000YEARS|Am I the only Black guy here?
|chat|Nya Milliana :3|yes
|leave|Flowbot
|join|yveltal13
|chat|pretty-brutal|black people aren't real , duh
|chat|TheLusterLink|its not confirming my feelings its checking what others think, and chill have some fun
|chat|bashman|lol
|
|switch|p2a: Alomomola|Alomomola, M|534\/534
|move|p1a: Latios|Trick|p2a: Alomomola
|-activate|p1a: Latios|move: Trick|[of] p2a: Alomomola
|-item|p2a: Alomomola|Choice Specs|[from] move: Trick
|-item|p1a: Latios|Leftovers|[from] move: Trick
|
|-heal|p1a: Latios|92\/302 psn|[from] item: Leftovers
|-damage|p1a: Latios|55\/302 psn|[from] psn
|turn|12
|chat|bashman|nah I'm black too if it means anything haha
|chat|3000YEARS|wow this chat is racist
|chat|TheLusterLink|it isnt
|chat|Nya Milliana :3|its only racist cuz ur black
|chat|pretty-brutal|it isnt
|join|Farinx
|
|move|p1a: Latios|Draco Meteor|p2a: Alomomola
|-damage|p2a: Alomomola|126\/534
|-unboost|p1a: Latios|spa|2
|move|p2a: Alomomola|Wish|p2a: Alomomola
|
|-heal|p1a: Latios|73\/302 psn|[from] item: Leftovers
|-damage|p1a: Latios|36\/302 psn|[from] psn
|turn|13
|join|pyrosoad
|join|Jatti
|chat|Nya Milliana :3|if you were white you wouldnt give a sht
|chat|pretty-brutal|i speak taco and you don't see me crying
|
|switch|p2a: Heatran|Heatran, F|228\/386
|move|p1a: Latios|Draco Meteor|p2a: Heatran
|-resisted|p2a: Heatran
|-damage|p2a: Heatran|186\/386
|-unboost|p1a: Latios|spa|2
|
|-heal|p2a: Heatran|386\/386|[from] move: Wish|[wisher] Alomomola
|-heal|p1a: Latios|54\/302 psn|[from] item: Leftovers
|-damage|p1a: Latios|17\/302 psn|[from] psn
|turn|14
|join|Trylim
|leave|Farinx
|leave|edman9852
|
|move|p1a: Latios|Trick|p2a: Heatran
|-activate|p1a: Latios|move: Trick|[of] p2a: Heatran
|-item|p2a: Heatran|Leftovers|[from] move: Trick
|-item|p1a: Latios|Leftovers|[from] move: Trick
|move|p2a: Heatran|Stealth Rock|p1a: Latios
|-sidestart|p1: dark08|move: Stealth Rock
|
|-heal|p1a: Latios|35\/302 psn|[from] item: Leftovers
|-damage|p1a: Latios|0 fnt|[from] psn
|faint|p1a: Latios
|chat|yveltal13|latios isgoing to die
|chat|3000YEARS|epic racism bro
|leave|3000YEARS
|join|giacrusher
|
|switch|p1a: Lucario|Lucario, M|282\/282
|-damage|p1a: Lucario|274\/282|[from] Stealth Rock
|turn|15
|
|move|p1a: Lucario|Close Combat|p2a: Heatran
|-supereffective|p2a: Heatran
|-damage|p2a: Heatran|0 fnt
|-unboost|p1a: Lucario|def|1
|-unboost|p1a: Lucario|spd|1
|-damage|p1a: Lucario|246\/282|[from] item: Life Orb
|faint|p2a: Heatran
|
|leave|yveltal13
|join|Clefairy
|join|IHaveTwoButts
|leave|Clefairy
|
|switch|p2a: Alomomola|Alomomola, M|304\/534
|turn|16
|join|Osnel_Lara
|chat|pretty-brutal|i need more nez, please tell us, how is dark08 cheating
|chat|Nya Milliana :3|he doesnt know the definition of racism
|chat|TheLusterLink|hes gonna wish
|chat|NezMcNezza5|who said he was cheating? cause i didnt
|chat|bashman|it was a troll
|chat|TheLusterLink|and now he isnt
|
|switch|p2a: Landorus-Therian|Landorus-Therian, M|242\/382
|-ability|p2a: Landorus-Therian|Intimidate|[of] p1a: Lucario
|-unboost|p1a: Lucario|atk|1
|move|p1a: Lucario|Swords Dance|p1a: Lucario
|-boost|p1a: Lucario|atk|2
|
|turn|17
|join|thehoundoom
|
|move|p1a: Lucario|Ice Punch|p2a: Landorus-Therian
|-supereffective|p2a: Landorus-Therian
|-damage|p2a: Landorus-Therian|0 fnt
|-damage|p1a: Lucario|218\/282|[from] item: Life Orb
|faint|p2a: Landorus-Therian
|
|
|switch|p2a: Alomomola|Alomomola, M|482\/534
|turn|18
|chat|Osnel_Lara|i bet for dark
|chat|Naruto vs. Sasuke|the real winner are the viewers of this battle
|chat|pretty-brutal|word
|chat|Osnel_Lara|hahahaha ;v
|chat|bashman|^
|chat|TheLusterLink|lol
|chat|Naruto vs. Sasuke|i am the winner of this battle
|chat|TheLusterLink|were all winners except nez
|chat|Osnel_Lara|LOL
|
|switch|p1a: Umbreon|Umbreon, M|336\/394
|-damage|p1a: Umbreon|287\/394|[from] Stealth Rock
|move|p2a: Alomomola|Scald|p1a: Umbreon
|-damage|p1a: Umbreon|230\/394
|
|-heal|p1a: Umbreon|254\/394|[from] item: Leftovers
|turn|19
|chat|Naruto vs. Sasuke|even nez is a winner and dark08 is a winner too based god loves uis all
|
|switch|p2a: Skarmory|Skarmory, M|281\/334
|move|p1a: Umbreon|Wish|p1a: Umbreon
|
|-heal|p2a: Skarmory|301\/334|[from] item: Leftovers
|-heal|p1a: Umbreon|278\/394|[from] item: Leftovers
|turn|20
|
|switch|p1a: Lucario|Lucario, M|218\/282
|-damage|p1a: Lucario|210\/282|[from] Stealth Rock
|move|p2a: Skarmory|Whirlwind|p1a: Lucario
|drag|p1a: Umbreon|Umbreon, M|278\/394
|-damage|p1a: Umbreon|229\/394|[from] Stealth Rock
|
|-heal|p1a: Umbreon|394\/394|[from] move: Wish|[wisher] Umbreon
|-heal|p2a: Skarmory|321\/334|[from] item: Leftovers
|turn|21
|chat|TheLusterLink|no nez isnt ragers never win
|chat|Osnel_Lara|LOL
|
|move|p2a: Skarmory|Spikes|p1a: Umbreon
|-sidestart|p1: dark08|Spikes
|move|p1a: Umbreon|Wish|p1a: Umbreon
|
|-heal|p2a: Skarmory|334\/334|[from] item: Leftovers
|turn|22
|chat|Naruto vs. Sasuke|We all win even Me
|
|switch|p1a: Lucario|Lucario, M|210\/282
|-damage|p1a: Lucario|202\/282|[from] Stealth Rock
|-damage|p1a: Lucario|167\/282|[from] Spikes
|move|p2a: Skarmory|Whirlwind|p1a: Lucario
|drag|p1a: Scizor|Scizor, M|344\/344
|-damage|p1a: Scizor|301\/344|[from] Stealth Rock
|-damage|p1a: Scizor|258\/344|[from] Spikes
|
|-heal|p1a: Scizor|344\/344|[from] move: Wish|[wisher] Umbreon
|turn|23
|
|move|p2a: Skarmory|Spikes|p1a: Scizor
|-sidestart|p1: dark08|Spikes
|move|p1a: Scizor|U-turn|p2a: Skarmory
|-resisted|p2a: Skarmory
|-damage|p2a: Skarmory|303\/334
|chat|Osnel_Lara|bullet punch
|chat|Nya Milliana :3|nez is coming back
|
|switch|p1a: Lucario|Lucario, M|167\/282
|-damage|p1a: Lucario|120\/282|[from] Spikes
|-damage|p1a: Lucario|112\/282|[from] Stealth Rock
|
|-heal|p2a: Skarmory|323\/334|[from] item: Leftovers
|turn|24
|chat|Osnel_Lara|:s
|
|move|p1a: Lucario|Ice Punch|p2a: Skarmory
|-damage|p2a: Skarmory|261\/334
|-damage|p1a: Lucario|84\/282|[from] item: Life Orb
|move|p2a: Skarmory|Whirlwind|p1a: Lucario
|drag|p1a: Umbreon|Umbreon, M|394\/394
|-damage|p1a: Umbreon|345\/394|[from] Stealth Rock
|-damage|p1a: Umbreon|280\/394|[from] Spikes
|
|-heal|p2a: Skarmory|281\/334|[from] item: Leftovers
|-heal|p1a: Umbreon|304\/394|[from] item: Leftovers
|turn|25
|chat|Nya Milliana :3|go nez
|chat|Naruto vs. Sasuke|Lil B is good like 2chainz
|
|move|p2a: Skarmory|Spikes|p1a: Umbreon
|-sidestart|p1: dark08|Spikes
|move|p1a: Umbreon|Wish|p1a: Umbreon
|
|-heal|p2a: Skarmory|301\/334|[from] item: Leftovers
|-heal|p1a: Umbreon|328\/394|[from] item: Leftovers
|turn|26
|chat|pretty-brutal|get yourself together dark
|chat|TheLusterLink|come on nez you can lose
|
|move|p1a: Umbreon|Foul Play|p2a: Skarmory
|-crit|p2a: Skarmory
|-damage|p2a: Skarmory|225\/334
|move|p2a: Skarmory|Whirlwind|p1a: Umbreon
|drag|p1a: Scizor|Scizor, M|262\/262
|-damage|p1a: Scizor|197\/262|[from] Spikes
|-damage|p1a: Scizor|165\/262|[from] Stealth Rock
|
|-heal|p1a: Scizor|262\/262|[from] move: Wish|[wisher] Umbreon
|-heal|p2a: Skarmory|245\/334|[from] item: Leftovers
|turn|27
|chat|Nya Milliana :3|my name's 2 chainz but i got a few onnn
|chat|dark08|hopefully i can we'll see
|
|move|p1a: Scizor|Knock Off|p2a: Skarmory
|-damage|p2a: Skarmory|148\/334
|-enditem|p2a: Skarmory|Leftovers|[from] move: Knock Off|[of] p1a: Scizor
|move|p2a: Skarmory|Whirlwind|p1a: Scizor
|drag|p1a: Umbreon|Umbreon, M|328\/394
|-damage|p1a: Umbreon|279\/394|[from] Stealth Rock
|-damage|p1a: Umbreon|181\/394|[from] Spikes
|
|-heal|p1a: Umbreon|205\/394|[from] item: Leftovers
|turn|28
|
|move|p1a: Umbreon|Protect|p1a: Umbreon
|-singleturn|p1a: Umbreon|Protect
|move|p2a: Skarmory|Roost|p2a: Skarmory
|-heal|p2a: Skarmory|315\/334
|
|-heal|p1a: Umbreon|229\/394|[from] item: Leftovers
|turn|29
|
|move|p1a: Umbreon|Wish|p1a: Umbreon
|move|p2a: Skarmory|Whirlwind|p1a: Umbreon
|drag|p1a: Scizor|Scizor, M|344\/344
|-damage|p1a: Scizor|258\/344|[from] Spikes
|-damage|p1a: Scizor|215\/344|[from] Stealth Rock
|
|turn|30
|chat|Osnel_Lara|LOL
|chat|Naruto vs. Sasuke|whoever leaves first is the winner 
|leave|Naruto vs. Sasuke
|chat|TheLusterLink|wow
|
|move|p1a: Scizor|Superpower|p2a: Skarmory
|-damage|p2a: Skarmory|182\/334
|-unboost|p1a: Scizor|atk|1
|-unboost|p1a: Scizor|def|1
|move|p2a: Skarmory|Whirlwind|p1a: Scizor
|drag|p1a: Lucario|Lucario, M|84\/282
|-damage|p1a: Lucario|76\/282|[from] Stealth Rock
|-damage|p1a: Lucario|6\/282|[from] Spikes
|
|-heal|p1a: Lucario|203\/282|[from] move: Wish|[wisher] Umbreon
|turn|31
|chat|TheLusterLink|yay
|
|move|p1a: Lucario|Swords Dance|p1a: Lucario
|-boost|p1a: Lucario|atk|2
|move|p2a: Skarmory|Whirlwind|p1a: Lucario
|drag|p1a: Umbreon|Umbreon, M|229\/394
|-damage|p1a: Umbreon|180\/394|[from] Stealth Rock
|-damage|p1a: Umbreon|82\/394|[from] Spikes
|
|-heal|p1a: Umbreon|106\/394|[from] item: Leftovers
|turn|32
|chat|NezMcNezza5|so lucky it went to lucario then
|chat|bashman|its your move lol
|chat|pretty-brutal|à² _à² 
|chat|dark08|omg dude shut up
|
|move|p1a: Umbreon|Protect|p1a: Umbreon
|-singleturn|p1a: Umbreon|Protect
|move|p2a: Skarmory|Roost|p2a: Skarmory
|-heal|p2a: Skarmory|334\/334
|
|-heal|p1a: Umbreon|130\/394|[from] item: Leftovers
|turn|33
|
|move|p1a: Umbreon|Wish|p1a: Umbreon
|move|p2a: Skarmory|Whirlwind|p1a: Umbreon
|drag|p1a: Scizor|Scizor, M|215\/344
|-damage|p1a: Scizor|129\/344|[from] Spikes
|-damage|p1a: Scizor|86\/344|[from] Stealth Rock
|
|turn|34
|chat|TheLusterLink|nez nobody cares
|leave|kaiden w
|
|move|p1a: Scizor|Superpower|p2a: Skarmory
|-damage|p2a: Skarmory|197\/334
|-unboost|p1a: Scizor|atk|1
|-unboost|p1a: Scizor|def|1
|move|p2a: Skarmory|Whirlwind|p1a: Scizor
|drag|p1a: Umbreon|Umbreon, M|130\/394
|-damage|p1a: Umbreon|81\/394|[from] Stealth Rock
|-damage|p1a: Umbreon|0 fnt|[from] Spikes
|faint|p1a: Umbreon
|
|
|switch|p1a: Lucario|Lucario, M|203\/282
|-damage|p1a: Lucario|133\/282|[from] Spikes
|-damage|p1a: Lucario|125\/282|[from] Stealth Rock
|turn|35
|chat|Osnel_Lara|nez pro xD
|chat|NezMcNezza5|well luster if you dont care why are you here still trying to troll
|chat|Nya Milliana :3|^
|chat|TheLusterLink|cause its fun
|
|move|p1a: Lucario|Close Combat|p2a: Skarmory
|-damage|p2a: Skarmory|45\/334
|-unboost|p1a: Lucario|def|1
|-unboost|p1a: Lucario|spd|1
|-damage|p1a: Lucario|97\/282|[from] item: Life Orb
|move|p2a: Skarmory|Whirlwind|p1a: Lucario
|drag|p1a: Scizor|Scizor, M|86\/344
|-damage|p1a: Scizor|43\/344|[from] Stealth Rock
|-damage|p1a: Scizor|0 fnt|[from] Spikes
|faint|p1a: Scizor
|
|chat|Osnel_Lara|use some psyhic
|chat|pretty-brutal|for the lulz (?)
|chat|bashman|yeah you know what fun is right nez
|chat|TheLusterLink|yea
|
|switch|p1a: Lucario|Lucario, M|97\/282
|-damage|p1a: Lucario|89\/282|[from] Stealth Rock
|-damage|p1a: Lucario|19\/282|[from] Spikes
|turn|36
|
|move|p1a: Lucario|Close Combat|p2a: Skarmory
|-damage|p2a: Skarmory|0 fnt
|-unboost|p1a: Lucario|def|1
|-unboost|p1a: Lucario|spd|1
|-damage|p1a: Lucario|0 fnt|[from] item: Life Orb
|faint|p2a: Skarmory
|faint|p1a: Lucario
|
|chat|NezMcNezza5|yup i know what fun is
|chat|NezMcNezza5|it doenst involve being a saddo like luster
|chat|pretty-brutal|bitchin' when you lose?
|
|switch|p1a: Zoroark|Zoroark, M|262\/262
|-damage|p1a: Zoroark|197\/262|[from] Spikes
|-damage|p1a: Zoroark|165\/262|[from] Stealth Rock
|switch|p2a: Alomomola|Alomomola, M|534\/534
|turn|37
|chat|TheLusterLink|im not a saddo
|chat|TheLusterLink|XD
|chat|TheLusterLink|im a happyo luol
|chat|PhantomRoy|dis is still going on
|chat|PhantomRoy|w
|chat|PhantomRoy|ut
|chat|Osnel_Lara|do u wanna play luster?
|chat|NezMcNezza5|i didnt bitch. dark08 said i suck cause he got two back to back freezes then sowrds danced to sweep
|
|move|p1a: Zoroark|Swords Dance|p1a: Zoroark
|-boost|p1a: Zoroark|atk|2
|move|p2a: Alomomola|Toxic|p1a: Zoroark
|-status|p1a: Zoroark|tox
|
|-damage|p1a: Zoroark|149\/262 tox|[from] psn
|turn|38
|chat|TheLusterLink|if nez wins i blame it on luck because according to nez luck is hacking and cheating
|chat|bashman|he said you sucked cause you called him a cunt lol
|chat|NezMcNezza5|a) show me once luster where i said anyone was cheating
|chat|pretty-brutal|NezMcNezza5: you fucking moron
|chat|pretty-brutal|NezMcNezza5: scum cunt
|chat|dark08|dude before i said shit u said pussy cunt
|chat|dark08|exactly!
|chat|bashman|^
|chat|NezMcNezza5|b) show me once luster where i said anyone was hacking
|chat|TheLusterLink|i cant
|chat|Nya Milliana :3|thats not saying anyone is cheating
|chat|bashman|a)trolling
|chat|TheLusterLink|because you hack
|chat|pretty-brutal|stahp it nez
|chat|NezMcNezza5|well then luster shut up. dont claim i said things when i didnt
|
|switch|p2a: Venusaur|Venusaur-Mega, M|88\/364
|move|p1a: Zoroark|Knock Off|p2a: Venusaur
|-damage|p2a: Venusaur|0 fnt
|faint|p2a: Venusaur
|
|-damage|p1a: Zoroark|117\/262 tox|[from] psn
|chat|Osnel_Lara|gogogogo
|chat|TheLusterLink|im nez i dont say things
|
|switch|p2a: Chansey|Chansey, F|704\/704
|turn|39
|chat|TheLusterLink|i cant talk
|chat|Osnel_Lara|i still bet on dark
|chat|TheLusterLink|same
|
|move|p1a: Zoroark|Knock Off|p2a: Chansey
|-damage|p2a: Chansey|302\/704
|-enditem|p2a: Chansey|Eviolite|[from] move: Knock Off|[of] p1a: Zoroark
|move|p2a: Chansey|Soft-Boiled|p2a: Chansey
|-heal|p2a: Chansey|654\/704
|
|-damage|p1a: Zoroark|69\/262 tox|[from] psn
|turn|40
|
|move|p1a: Zoroark|Low Kick|p2a: Chansey
|-supereffective|p2a: Chansey
|-damage|p2a: Chansey|100\/704
|move|p2a: Chansey|Soft-Boiled|p2a: Chansey
|-heal|p2a: Chansey|452\/704
|
|-damage|p1a: Zoroark|5\/262 tox|[from] psn
|turn|41
|chat|Nya Milliana :3|gg
|chat|Osnel_Lara|gg
|
|move|p1a: Zoroark|Low Kick|p2a: Chansey
|-supereffective|p2a: Chansey
|-damage|p2a: Chansey|0 fnt
|faint|p2a: Chansey
|
|-damage|p1a: Zoroark|0 fnt|[from] psn
|faint|p1a: Zoroark
|
|win|NezMcNezza5
|chat|TheLusterLink|gg
|leave|Osnel_Lara
|chat|TheLusterLink|nez won luck
|chat|dark08|gg
|chat|TheLusterLink|it doesnt count
|chat|pretty-brutal|worth it?
|leave|Nya Milliana :3
|chat|TheLusterLink|call the FBI its hacks
|chat|dark08|alright guys im out
|chat|NezMcNezza5|luster shut up with your hacks and cheating lies
|chat|TheLusterLink|bye