|join|dark08
|join|Gradient Spectrum
|player|p1|dark08|153
|player|p2|Gradient Spectrum|25
|gametype|singles
|gen|6
|tier|OU
|rated
|clearpoke
|poke|p1|Lucario, M
|poke|p1|Zoroark, M
|poke|p1|Latios, M
|poke|p1|Scizor, M
|poke|p1|Espeon, F
|poke|p1|Umbreon, M
|poke|p2|Togekiss, M
|poke|p2|Magnezone, shiny
|poke|p2|Bisharp, F
|poke|p2|Blissey, F
|poke|p2|Medicham, F
|poke|p2|Slowbro, M
|rule|Sleep Clause Mod: Limit one foe put to sleep
|rule|Species Clause: Limit one of each Pokemon
|rule|OHKO Clause: OHKO moves are banned
|rule|Moody Clause: Moody is banned
|rule|Evasion Moves Clause: Evasion moves are banned
|rule|Endless Battle Clause: Forcing endless battles is banned.
|rule|HP Percentage Mod: HP is reported as percentages
|teampreview
|chat|Gradient Spectrum|gl hf
|
|start
|switch|p1a: Espeon|Espeon, F|272\/272
|switch|p2a: Medicham|Medicham, F|261\/261
|turn|1
|
|-formechange|p2a: Medicham|Medicham-Mega
|message|Medicham has Mega Evolved into Mega Medicham!
|move|p2a: Medicham|Fake Out|p1a: Espeon
|-damage|p1a: Espeon|135\/272
|cant|p1a: Espeon|flinch
|
|turn|2
|
|move|p1a: Espeon|Dazzling Gleam|p2a: Medicham
|-supereffective|p2a: Medicham
|-damage|p2a: Medicham|1\/261
|-damage|p1a: Espeon|108\/272|[from] item: Life Orb
|move|p2a: Medicham|High Jump Kick|p1a: Espeon
|-resisted|p1a: Espeon
|-damage|p1a: Espeon|0 fnt
|faint|p1a: Espeon
|
|
|switch|p1a: Lucario|Lucario, M|282\/282
|turn|3
|
|switch|p2a: Slowbro|Slowbro, M|394\/394
|move|p1a: Lucario|Extreme Speed|p2a: Slowbro
|-crit|p2a: Slowbro
|-damage|p2a: Slowbro|291\/394
|-damage|p1a: Lucario|254\/282|[from] item: Life Orb
|
|-heal|p2a: Slowbro|315\/394|[from] item: Leftovers
|turn|4
|
|switch|p1a: Latios|Latios, M|302\/302
|move|p2a: Slowbro|Thunder Wave|p1a: Latios
|-status|p1a: Latios|par
|
|-heal|p2a: Slowbro|339\/394|[from] item: Leftovers
|turn|5
|
|switch|p2a: Togekiss|Togekiss, M|374\/374
|move|p1a: Latios|Trick|p2a: Togekiss
|-activate|p1a: Latios|move: Trick|[of] p2a: Togekiss
|-item|p2a: Togekiss|Choice Specs|[from] move: Trick
|-item|p1a: Latios|Leftovers|[from] move: Trick
|
|turn|6
|
|switch|p1a: Scizor|Scizor, M|344\/344
|move|p2a: Togekiss|Air Slash|p1a: Scizor
|-damage|p1a: Scizor|106\/344
|
|turn|7
|
|move|p1a: Scizor|Bullet Punch|p2a: Togekiss
|-supereffective|p2a: Togekiss
|-damage|p2a: Togekiss|0 fnt
|faint|p2a: Togekiss
|
|
|switch|p2a: Magnezone|Magnezone, shiny|344\/344
|turn|8
|
|switch|p1a: Umbreon|Umbreon, M|394\/394
|move|p2a: Magnezone|Volt Switch|p1a: Umbreon
|-damage|p1a: Umbreon|180\/394
|
|switch|p2a: Medicham|Medicham, F|1\/261
|-formechange|p2a: Medicham|Medicham-Mega
|
|-heal|p1a: Umbreon|204\/394|[from] item: Leftovers
|turn|9
|
|move|p2a: Medicham|Fake Out|p1a: Umbreon
|-damage|p1a: Umbreon|145\/394
|cant|p1a: Umbreon|flinch
|
|-heal|p1a: Umbreon|169\/394|[from] item: Leftovers
|turn|10
|
|move|p1a: Umbreon|Protect|p1a: Umbreon
|-singleturn|p1a: Umbreon|Protect
|move|p2a: Medicham|High Jump Kick|p1a: Umbreon
|-activate|p1a: Umbreon|Protect
|-damage|p2a: Medicham|0 fnt|[from] highjumpkick
|faint|p2a: Medicham
|
|-heal|p1a: Umbreon|193\/394|[from] item: Leftovers
|
|switch|p2a: Magnezone|Magnezone, shiny|344\/344
|turn|11
|
|switch|p1a: Latios|Latios, M|302\/302 par
|move|p2a: Magnezone|Thunderbolt|p1a: Latios
|-resisted|p1a: Latios
|-damage|p1a: Latios|158\/302 par
|
|-heal|p1a: Latios|176\/302 par|[from] item: Leftovers
|turn|12
|
|switch|p2a: Slowbro|Slowbro, M|394\/394
|move|p1a: Latios|Surf|p2a: Slowbro
|-resisted|p2a: Slowbro
|-damage|p2a: Slowbro|333\/394
|
|-heal|p2a: Slowbro|357\/394|[from] item: Leftovers
|-heal|p1a: Latios|194\/302 par|[from] item: Leftovers
|turn|13
|
|move|p2a: Slowbro|Foul Play|p1a: Latios
|-supereffective|p1a: Latios
|-damage|p1a: Latios|64\/302 par
|move|p1a: Latios|Draco Meteor|p2a: Slowbro
|-damage|p2a: Slowbro|62\/394
|-unboost|p1a: Latios|spa|2
|
|-heal|p2a: Slowbro|86\/394|[from] item: Leftovers
|-heal|p1a: Latios|82\/302 par|[from] item: Leftovers
|turn|14
|
|switch|p1a: Scizor|Scizor, M|106\/344
|move|p2a: Slowbro|Slack Off|p2a: Slowbro
|-heal|p2a: Slowbro|283\/394
|
|-heal|p2a: Slowbro|307\/394|[from] item: Leftovers
|turn|15
|
|move|p1a: Scizor|U-turn|p2a: Slowbro
|-supereffective|p2a: Slowbro
|-damage|p2a: Slowbro|19\/394
|
|switch|p1a: Umbreon|Umbreon, M|193\/394
|move|p2a: Slowbro|Slack Off|p2a: Slowbro
|-heal|p2a: Slowbro|216\/394
|
|-heal|p1a: Umbreon|217\/394|[from] item: Leftovers
|-heal|p2a: Slowbro|240\/394|[from] item: Leftovers
|turn|16
|
|switch|p2a: Magnezone|Magnezone, shiny|344\/344
|move|p1a: Umbreon|Toxic|p2a: Magnezone
|-fail|p2a: Magnezone
|
|-heal|p1a: Umbreon|241\/394|[from] item: Leftovers
|turn|17
|
|move|p1a: Umbreon|Protect|p1a: Umbreon
|-singleturn|p1a: Umbreon|Protect
|move|p2a: Magnezone|Thunderbolt|p1a: Umbreon
|-activate|p1a: Umbreon|Protect
|
|-heal|p1a: Umbreon|265\/394|[from] item: Leftovers
|turn|18
|
|switch|p1a: Latios|Latios, M|82\/302 par
|move|p2a: Magnezone|Thunderbolt|p1a: Latios
|-resisted|p1a: Latios
|-damage|p1a: Latios|0 fnt
|faint|p1a: Latios
|
|
|switch|p1a: Scizor|Scizor, M|262\/262
|turn|19
|
|switch|p2a: Slowbro|Slowbro, M|371\/394
|move|p1a: Scizor|Knock Off|p2a: Slowbro
|-supereffective|p2a: Slowbro
|-damage|p2a: Slowbro|167\/394
|-enditem|p2a: Slowbro|Leftovers|[from] move: Knock Off|[of] p1a: Scizor
|
|turn|20
|
|switch|p1a: Umbreon|Umbreon, M|265\/394
|move|p2a: Slowbro|Slack Off|p2a: Slowbro
|-heal|p2a: Slowbro|364\/394
|
|-heal|p1a: Umbreon|289\/394|[from] item: Leftovers
|turn|21
|
|switch|p2a: Magnezone|Magnezone, shiny|344\/344
|move|p1a: Umbreon|Foul Play|p2a: Magnezone
|-damage|p2a: Magnezone|272\/344
|
|-heal|p1a: Umbreon|313\/394|[from] item: Leftovers
|turn|22
|
|move|p1a: Umbreon|Protect|p1a: Umbreon
|-singleturn|p1a: Umbreon|Protect
|move|p2a: Magnezone|Thunderbolt|p1a: Umbreon
|-activate|p1a: Umbreon|Protect
|
|-heal|p1a: Umbreon|337\/394|[from] item: Leftovers
|turn|23
|
|move|p1a: Umbreon|Wish|p1a: Umbreon
|move|p2a: Magnezone|Thunderbolt|p1a: Umbreon
|-damage|p1a: Umbreon|52\/394
|
|-heal|p1a: Umbreon|76\/394|[from] item: Leftovers
|turn|24
|
|move|p1a: Umbreon|Protect|p1a: Umbreon
|-singleturn|p1a: Umbreon|Protect
|move|p2a: Magnezone|Thunderbolt|p1a: Umbreon
|-activate|p1a: Umbreon|Protect
|
|-heal|p1a: Umbreon|273\/394|[from] move: Wish|[wisher] Umbreon
|-heal|p1a: Umbreon|297\/394|[from] item: Leftovers
|turn|25
|
|move|p1a: Umbreon|Wish|p1a: Umbreon
|move|p2a: Magnezone|Thunderbolt|p1a: Umbreon
|-damage|p1a: Umbreon|36\/394
|
|-heal|p1a: Umbreon|60\/394|[from] item: Leftovers
|turn|26
|
|move|p1a: Umbreon|Protect|p1a: Umbreon
|-singleturn|p1a: Umbreon|Protect
|move|p2a: Magnezone|Thunderbolt|p1a: Umbreon
|-activate|p1a: Umbreon|Protect
|
|-heal|p1a: Umbreon|257\/394|[from] move: Wish|[wisher] Umbreon
|-heal|p1a: Umbreon|281\/394|[from] item: Leftovers
|turn|27
|
|move|p1a: Umbreon|Wish|p1a: Umbreon
|move|p2a: Magnezone|Thunderbolt|p1a: Umbreon
|-damage|p1a: Umbreon|29\/394
|
|-heal|p1a: Umbreon|53\/394|[from] item: Leftovers
|turn|28
|
|move|p1a: Umbreon|Protect|p1a: Umbreon
|-singleturn|p1a: Umbreon|Protect
|move|p2a: Magnezone|Thunderbolt|p1a: Umbreon
|-activate|p1a: Umbreon|Protect
|
|-heal|p1a: Umbreon|250\/394|[from] move: Wish|[wisher] Umbreon
|-heal|p1a: Umbreon|274\/394|[from] item: Leftovers
|turn|29
|
|switch|p1a: Scizor|Scizor, M|106\/344
|move|p2a: Magnezone|Thunderbolt|p1a: Scizor
|-damage|p1a: Scizor|0 fnt
|faint|p1a: Scizor
|
|
|switch|p1a: Umbreon|Umbreon, M|262\/262
|turn|30
|
|move|p1a: Umbreon|Swords Dance|p1a: Umbreon
|-boost|p1a: Umbreon|atk|2
|move|p2a: Magnezone|Thunderbolt|p1a: Umbreon
|-enditem|p1a: Umbreon|Focus Sash
|replace|p1a: Zoroark|Zoroark, M|262\/262
|-damage|p1a: Zoroark|1\/262
|
|turn|31
|
|move|p1a: Zoroark|Knock Off|p2a: Magnezone
|-damage|p2a: Magnezone|0 fnt
|faint|p2a: Magnezone
|
|
|switch|p2a: Bisharp|Bisharp, F|271\/271
|turn|32
|
|move|p1a: Zoroark|Sucker Punch|p2a: Bisharp
|-resisted|p2a: Bisharp
|-damage|p2a: Bisharp|148\/271
|move|p2a: Bisharp|Sucker Punch|p1a: Zoroark
|-fail|p1a: Zoroark
|
|turn|33
|
|move|p2a: Bisharp|Sucker Punch|p1a: Zoroark
|-resisted|p1a: Zoroark
|-damage|p1a: Zoroark|0 fnt
|-damage|p2a: Bisharp|121\/271|[from] item: Life Orb
|faint|p1a: Zoroark
|
|-message|dark08 lost due to inactivity.
|
|win|Gradient Spectrum
|raw|Ladder updating...
|raw|dark08's rating: 1724 &rarr; <strong>1708<\/strong><br \/>(-16 for losing)
|raw|Gradient Spectrum's rating: 1791 &rarr; <strong>1807<\/strong><br \/>(+16 for winning)
|chat|Gradient Spectrum|gg then