|join|dark08
|join|SKG
|player|p1|dark08|162
|player|p2|SKG|1
|gametype|singles
|gen|6
|tier|OU
|clearpoke
|poke|p1|Lucario, M
|poke|p1|Zoroark, M
|poke|p1|Latios, M
|poke|p1|Scizor, M
|poke|p1|Espeon, M
|poke|p1|Umbreon, M
|poke|p2|Medicham, M
|poke|p2|Keldeo
|poke|p2|Scizor, M
|poke|p2|Zapdos
|poke|p2|Clefable, M
|poke|p2|Hippowdon, M
|rule|Sleep Clause Mod: Limit one foe put to sleep
|rule|Species Clause: Limit one of each Pokemon
|rule|OHKO Clause: OHKO moves are banned
|rule|Moody Clause: Moody is banned
|rule|Evasion Moves Clause: Evasion moves are banned
|rule|Endless Battle Clause: Forcing endless battles is banned.
|rule|HP Percentage Mod: HP is reported as percentages
|teampreview
|chat|dark08|wish me better luck this time haha
|chat|SKG|lol GL
|
|start
|switch|p1a: Lucario|Lucario, M|262\/262
|switch|p2a: Scizor|Scizor, M|343\/343
|turn|1
|
|move|p1a: Lucario|Knock Off|p2a: Scizor
|-damage|p2a: Scizor|152\/343
|-enditem|p2a: Scizor|Life Orb|[from] move: Knock Off|[of] p1a: Lucario
|-damage|p1a: Lucario|236\/262|[from] item: Life Orb
|move|p2a: Scizor|U-turn|p1a: Lucario
|-supereffective|p1a: Lucario
|replace|p1a: Zoroark|Zoroark, M|236\/262
|-damage|p1a: Zoroark|0 fnt
|faint|p1a: Zoroark
|chat|dark08|thought i could get u to go for super power
|
|switch|p2a: Zapdos|Zapdos|384\/384
|-ability|p2a: Zapdos|Pressure
|
|
|switch|p1a: Espeon|Espeon, M|272\/272
|turn|2
|chat|SKG|not running it 
|chat|SKG|i have roost
|
|move|p1a: Espeon|Calm Mind|p1a: Espeon
|-boost|p1a: Espeon|spa|1
|-boost|p1a: Espeon|spd|1
|move|p2a: Zapdos|Thunderbolt|p1a: Espeon
|-damage|p1a: Espeon|182\/272
|
|turn|3
|chat|dark08|ahh i see
|
|move|p1a: Espeon|Psyshock|p2a: Zapdos
|-damage|p2a: Zapdos|157\/384
|-damage|p1a: Espeon|155\/272|[from] item: Life Orb
|move|p2a: Zapdos|Thunderbolt|p1a: Espeon
|-damage|p1a: Espeon|58\/272
|
|-heal|p2a: Zapdos|181\/384|[from] item: Leftovers
|turn|4
|
|move|p1a: Espeon|Psyshock|p2a: Zapdos
|-damage|p2a: Zapdos|0 fnt
|-damage|p1a: Espeon|31\/272|[from] item: Life Orb
|faint|p2a: Zapdos
|
|
|switch|p2a: Scizor|Scizor, M|152\/343
|turn|5
|
|switch|p1a: Scizor|Scizor, M|344\/344
|move|p2a: Scizor|Bullet Punch|p1a: Scizor
|-resisted|p1a: Scizor
|-damage|p1a: Scizor|290\/344
|
|turn|6
|
|move|p1a: Scizor|U-turn|p2a: Scizor
|-resisted|p2a: Scizor
|-damage|p2a: Scizor|42\/343
|chat|dark08|would u be up for facing another team after this?
|
|switch|p1a: Lucario|Lucario, M|282\/282
|move|p2a: Scizor|U-turn|p1a: Lucario
|-resisted|p1a: Lucario
|-damage|p1a: Lucario|237\/282
|
|switch|p2a: Hippowdon|Hippowdon, M|419\/419
|-weather|Sandstorm
|
|-weather|Sandstorm|[upkeep]
|turn|7
|chat|SKG|yeah sure
|
|switch|p1a: Latios|Latios, M|302\/302
|move|p2a: Hippowdon|Earthquake|p1a: Latios
|-immune|p1a: Latios|[msg]
|
|-weather|Sandstorm|[upkeep]
|-damage|p1a: Latios|284\/302|[from] sandstorm
|turn|8
|
|move|p1a: Latios|Psyshock|p2a: Hippowdon
|-damage|p2a: Hippowdon|247\/419
|move|p2a: Hippowdon|Stealth Rock|p1a: Latios
|-sidestart|p1: dark08|move: Stealth Rock
|
|-weather|Sandstorm|[upkeep]
|-damage|p1a: Latios|266\/302|[from] sandstorm
|-heal|p2a: Hippowdon|273\/419|[from] item: Leftovers
|turn|9
|
|move|p1a: Latios|Psyshock|p2a: Hippowdon
|-damage|p2a: Hippowdon|89\/419
|move|p2a: Hippowdon|Rock Slide|p1a: Latios
|-damage|p1a: Latios|193\/302
|
|-weather|Sandstorm|[upkeep]
|-damage|p1a: Latios|175\/302|[from] sandstorm
|-heal|p2a: Hippowdon|115\/419|[from] item: Leftovers
|turn|10
|chat|dark08|k cool
|
|move|p1a: Latios|Psyshock|p2a: Hippowdon
|-damage|p2a: Hippowdon|0 fnt
|faint|p2a: Hippowdon
|
|-weather|none
|
|switch|p2a: Clefable|Clefable, M|394\/394
|turn|11
|chat|dark08|i actually made reds team if u remember him way back from yellow and red version
|
|move|p1a: Latios|Psyshock|p2a: Clefable
|-damage|p2a: Clefable|163\/394
|move|p2a: Clefable|Moonblast|p1a: Latios
|-supereffective|p1a: Latios
|-damage|p1a: Latios|0 fnt
|faint|p1a: Latios
|
|-heal|p2a: Clefable|187\/394|[from] item: Leftovers
|chat|SKG|i remember
|chat|dark08|hopping u would fire blast
|chat|SKG|nope
|
|switch|p1a: Umbreon|Umbreon, M|394\/394
|-damage|p1a: Umbreon|345\/394|[from] Stealth Rock
|turn|12
|chat|SKG|i figgured everthing you brought in would take a lote of damage anyways
|
|move|p1a: Umbreon|Toxic|p2a: Clefable
|-status|p2a: Clefable|tox
|move|p2a: Clefable|Moonblast|p1a: Umbreon
|-supereffective|p1a: Umbreon
|-damage|p1a: Umbreon|159\/394
|
|-heal|p1a: Umbreon|183\/394|[from] item: Leftovers
|-heal|p2a: Clefable|211\/394 tox|[from] item: Leftovers
|turn|13
|chat|dark08|its true
|chat|SKG|magic gaurd
|
|move|p1a: Umbreon|Protect|p1a: Umbreon
|-singleturn|p1a: Umbreon|Protect
|move|p2a: Clefable|Moonblast|p1a: Umbreon
|-activate|p1a: Umbreon|Protect
|
|-heal|p1a: Umbreon|207\/394|[from] item: Leftovers
|-heal|p2a: Clefable|235\/394 tox|[from] item: Leftovers
|turn|14
|chat|dark08|wht ability does your cleafable have 
|chat|SKG|magic gaurd
|chat|dark08|every cleafable feels like it has unaware and magic guard haha
|
|move|p1a: Umbreon|Protect|p1a: Umbreon
|-fail|p1a: Umbreon
|move|p2a: Clefable|Moonblast|p1a: Umbreon
|-supereffective|p1a: Umbreon
|-damage|p1a: Umbreon|43\/394
|-unboost|p1a: Umbreon|spa|1
|
|-heal|p1a: Umbreon|67\/394|[from] item: Leftovers
|-heal|p2a: Clefable|259\/394 tox|[from] item: Leftovers
|turn|15
|chat|SKG|its so good
|
|switch|p1a: Scizor|Scizor, M|290\/344
|-damage|p1a: Scizor|247\/344|[from] Stealth Rock
|move|p2a: Clefable|Moonblast|p1a: Scizor
|-resisted|p1a: Scizor
|-damage|p1a: Scizor|184\/344
|-unboost|p1a: Scizor|spa|1
|
|-heal|p2a: Clefable|283\/394 tox|[from] item: Leftovers
|turn|16
|
|move|p1a: Scizor|Bullet Punch|p2a: Clefable
|-supereffective|p2a: Clefable
|-damage|p2a: Clefable|0 fnt
|faint|p2a: Clefable
|
|
|switch|p2a: Keldeo|Keldeo|322\/322
|turn|17
|chat|dark08|yeah she is way to good
|chat|SKG|yeah
|
|switch|p1a: Umbreon|Umbreon, M|67\/394
|-damage|p1a: Umbreon|18\/394|[from] Stealth Rock
|move|p2a: Keldeo|Scald|p1a: Umbreon
|-damage|p1a: Umbreon|0 fnt
|faint|p1a: Umbreon
|
|
|switch|p1a: Espeon|Espeon, M|31\/272
|-damage|p1a: Espeon|0 fnt|[from] Stealth Rock
|faint|p1a: Espeon
|chat|dark08|ahhh nooo
|
|switch|p1a: Scizor|Scizor, M|184\/344
|-damage|p1a: Scizor|141\/344|[from] Stealth Rock
|turn|18
|chat|SKG|gg
|
|switch|p2a: Scizor|Scizor, M|42\/343
|move|p1a: Scizor|Aerial Ace|p2a: Scizor
|-damage|p2a: Scizor|0 fnt
|faint|p2a: Scizor
|
|
|switch|p2a: Keldeo|Keldeo|322\/322
|turn|19
|chat|dark08|yeah gg man
|
|move|p2a: Keldeo|Secret Sword|p1a: Scizor
|-damage|p1a: Scizor|0 fnt
|faint|p1a: Scizor
|
|
|switch|p1a: Lucario|Lucario, M|237\/282
|-damage|p1a: Lucario|229\/282|[from] Stealth Rock
|turn|20
|
|move|p1a: Lucario|Extreme Speed|p2a: Keldeo
|-damage|p2a: Keldeo|186\/322
|-damage|p1a: Lucario|201\/282|[from] item: Life Orb
|move|p2a: Keldeo|Secret Sword|p1a: Lucario
|-supereffective|p1a: Lucario
|-damage|p1a: Lucario|0 fnt
|faint|p1a: Lucario
|
|win|SKG
|chat|dark08|yeah your new team crushes me