|join|Gooomba
|join|dark08
|player|p1|Gooomba|163
|player|p2|dark08|162
|gametype|singles
|gen|6
|tier|OU
|rated
|clearpoke
|poke|p1|Deoxys-Speed, shiny
|poke|p1|Venusaur, M
|poke|p1|Skarmory, M
|poke|p1|Talonflame, M
|poke|p1|Dragonite, M
|poke|p1|Excadrill, M
|poke|p2|Blastoise, F
|poke|p2|Charizard, F
|poke|p2|Venusaur, F
|poke|p2|Snorlax, M
|poke|p2|Ninetales, F
|poke|p2|Pikachu, F
|rule|Sleep Clause Mod: Limit one foe put to sleep
|rule|Species Clause: Limit one of each Pokemon
|rule|OHKO Clause: OHKO moves are banned
|rule|Moody Clause: Moody is banned
|rule|Evasion Moves Clause: Evasion moves are banned
|rule|Endless Battle Clause: Forcing endless battles is banned.
|rule|HP Percentage Mod: HP is reported as percentages
|teampreview
|
|start
|switch|p1a: Deoxys-Speed|Deoxys-Speed, shiny|304\/304
|switch|p2a: Ninetales|Ninetales, F|349\/349
|-ability|p1a: Deoxys-Speed|Pressure
|-weather|SunnyDay
|turn|1
|
|move|p1a: Deoxys-Speed|Stealth Rock|p2a: Ninetales
|-sidestart|p2: dark08|move: Stealth Rock
|move|p2a: Ninetales|Flamethrower|p1a: Deoxys-Speed
|-damage|p1a: Deoxys-Speed|157\/304
|-status|p1a: Deoxys-Speed|brn
|
|-weather|SunnyDay|[upkeep]
|-heal|p1a: Deoxys-Speed|176\/304 brn|[from] item: Leftovers
|-damage|p1a: Deoxys-Speed|138\/304 brn|[from] brn
|turn|2
|
|switch|p2a: Blastoise|Blastoise, F|362\/362
|-damage|p2a: Blastoise|317\/362|[from] Stealth Rock
|move|p1a: Deoxys-Speed|Psycho Boost|p2a: Blastoise
|-damage|p2a: Blastoise|98\/362
|-unboost|p1a: Deoxys-Speed|spa|2
|
|-weather|SunnyDay|[upkeep]
|-heal|p1a: Deoxys-Speed|157\/304 brn|[from] item: Leftovers
|-heal|p2a: Blastoise|120\/362|[from] item: Leftovers
|-damage|p1a: Deoxys-Speed|119\/304 brn|[from] brn
|turn|3
|
|switch|p1a: Venusaur|Venusaur, M|364\/364
|move|p2a: Blastoise|Rapid Spin|p1a: Venusaur
|-damage|p1a: Venusaur|351\/364
|-sideend|p2: dark08|Stealth Rock|[from] move: Rapid Spin|[of] p2a: Blastoise
|
|-weather|SunnyDay|[upkeep]
|-heal|p2a: Blastoise|142\/362|[from] item: Leftovers
|turn|4
|
|switch|p1a: Deoxys-Speed|Deoxys-Speed, shiny|119\/304 brn
|-ability|p1a: Deoxys-Speed|Pressure
|switch|p2a: Charizard|Charizard, F|298\/298
|
|-weather|SunnyDay|[upkeep]
|-damage|p2a: Charizard|261\/298|[from] ability: Solar Power
|-heal|p1a: Deoxys-Speed|138\/304 brn|[from] item: Leftovers
|-damage|p1a: Deoxys-Speed|100\/304 brn|[from] brn
|turn|5
|
|-formechange|p2a: Charizard|Charizard-Mega-Y
|message|Charizard has Mega Evolved into Mega Charizard!
|move|p1a: Deoxys-Speed|Psycho Boost|p2a: Charizard
|-damage|p2a: Charizard|53\/298
|-unboost|p1a: Deoxys-Speed|spa|2
|move|p2a: Charizard|Fire Blast|p1a: Deoxys-Speed
|-damage|p1a: Deoxys-Speed|0 fnt
|faint|p1a: Deoxys-Speed
|
|-weather|SunnyDay|[upkeep]
|
|switch|p1a: Talonflame|Talonflame, M|298\/298
|turn|6
|
|switch|p2a: Snorlax|Snorlax, M|462\/462
|move|p1a: Talonflame|Brave Bird|p2a: Snorlax
|-damage|p2a: Snorlax|210\/462
|-damage|p1a: Talonflame|215\/298|[from] recoil|[of] p2a: Snorlax
|
|-weather|SunnyDay|[upkeep]
|-heal|p1a: Talonflame|233\/298|[from] item: Leftovers
|turn|7
|
|move|p1a: Talonflame|Brave Bird|p2a: Snorlax
|-damage|p2a: Snorlax|0 fnt
|-damage|p1a: Talonflame|164\/298|[from] recoil|[of] p2a: Snorlax
|faint|p2a: Snorlax
|
|-weather|SunnyDay|[upkeep]
|-heal|p1a: Talonflame|182\/298|[from] item: Leftovers
|
|switch|p2a: Pikachu|Pikachu, F|211\/211
|turn|8
|
|move|p1a: Talonflame|U-turn|p2a: Pikachu
|-damage|p2a: Pikachu|81\/211
|
|switch|p1a: Venusaur|Venusaur, M|351\/364
|move|p2a: Pikachu|Thunderbolt|p1a: Venusaur
|-resisted|p1a: Venusaur
|-damage|p1a: Venusaur|285\/364
|
|-weather|none
|turn|9
|
|switch|p2a: Ninetales|Ninetales, F|349\/349
|-weather|SunnyDay
|move|p1a: Venusaur|Leech Seed|p2a: Ninetales
|-start|p2a: Ninetales|move: Leech Seed
|
|-weather|SunnyDay|[upkeep]
|-damage|p2a: Ninetales|306\/349|[from] Leech Seed|[of] p1a: Venusaur
|-heal|p1a: Venusaur|328\/364|[silent]
|turn|10
|
|-formechange|p1a: Venusaur|Venusaur-Mega
|message|Venusaur has Mega Evolved into Mega Venusaur!
|move|p1a: Venusaur|Energy Ball|p2a: Ninetales
|-resisted|p2a: Ninetales
|-damage|p2a: Ninetales|239\/349
|move|p2a: Ninetales|Will-O-Wisp|p1a: Venusaur
|-status|p1a: Venusaur|brn
|
|-weather|SunnyDay|[upkeep]
|-damage|p2a: Ninetales|196\/349|[from] Leech Seed|[of] p1a: Venusaur
|-heal|p1a: Venusaur|364\/364 brn|[silent]
|-damage|p1a: Venusaur|319\/364 brn|[from] brn
|turn|11
|
|move|p2a: Ninetales|Substitute|p2a: Ninetales
|-start|p2a: Ninetales|Substitute
|-damage|p2a: Ninetales|109\/349
|move|p1a: Venusaur|Synthesis|p1a: Venusaur
|-heal|p1a: Venusaur|364\/364 brn
|
|-weather|SunnyDay|[upkeep]
|-damage|p2a: Ninetales|66\/349|[from] Leech Seed|[of] p1a: Venusaur
|-damage|p1a: Venusaur|319\/364 brn|[from] brn
|turn|12
|
|move|p2a: Ninetales|Pain Split|p1a: Venusaur
|-sethp|p1a: Venusaur|192\/364 brn|p2a: Ninetales|192\/349|[from] move: Pain Split
|move|p1a: Venusaur|Roar|p2a: Ninetales
|drag|p2a: Venusaur|Venusaur, F|361\/361
|
|-weather|SunnyDay|[upkeep]
|-damage|p1a: Venusaur|147\/364 brn|[from] brn
|turn|13
|
|move|p2a: Venusaur|Sludge Bomb|p1a: Venusaur
|-damage|p1a: Venusaur|17\/364 brn
|-damage|p2a: Venusaur|325\/361|[from] item: Life Orb
|move|p1a: Venusaur|Synthesis|p1a: Venusaur
|-heal|p1a: Venusaur|260\/364 brn
|
|-weather|SunnyDay|[upkeep]
|-damage|p1a: Venusaur|215\/364 brn|[from] brn
|turn|14
|
|switch|p2a: Charizard|Charizard, F|53\/298
|-formechange|p2a: Charizard|Charizard-Mega-Y
|move|p1a: Venusaur|Synthesis|p1a: Venusaur
|-heal|p1a: Venusaur|364\/364 brn
|
|-weather|SunnyDay|[upkeep]
|-damage|p1a: Venusaur|319\/364 brn|[from] brn
|turn|15
|
|move|p2a: Charizard|Fire Blast|p1a: Venusaur
|-supereffective|p1a: Venusaur
|-damage|p1a: Venusaur|79\/364 brn
|move|p1a: Venusaur|Leech Seed|p2a: Charizard
|-start|p2a: Charizard|move: Leech Seed
|
|-weather|SunnyDay|[upkeep]
|-damage|p2a: Charizard|16\/298|[from] Leech Seed|[of] p1a: Venusaur
|-heal|p1a: Venusaur|116\/364 brn|[silent]
|-damage|p1a: Venusaur|71\/364 brn|[from] brn
|turn|16
|
|move|p2a: Charizard|Fire Blast|p1a: Venusaur
|-supereffective|p1a: Venusaur
|-damage|p1a: Venusaur|0 fnt
|faint|p1a: Venusaur
|
|-weather|none
|
|switch|p1a: Dragonite|Dragonite, M|324\/324
|turn|17
|
|switch|p2a: Venusaur|Venusaur, F|325\/361
|move|p1a: Dragonite|Dragon Dance|p1a: Dragonite
|-boost|p1a: Dragonite|atk|1
|-boost|p1a: Dragonite|spe|1
|
|turn|18
|
|move|p1a: Dragonite|Fire Punch|p2a: Venusaur
|-supereffective|p2a: Venusaur
|-damage|p2a: Venusaur|0 fnt
|faint|p2a: Venusaur
|
|
|switch|p2a: Ninetales|Ninetales, F|192\/349
|-weather|SunnyDay
|turn|19
|
|move|p1a: Dragonite|Earthquake|p2a: Ninetales
|-supereffective|p2a: Ninetales
|-damage|p2a: Ninetales|0 fnt
|faint|p2a: Ninetales
|
|-weather|SunnyDay|[upkeep]
|
|switch|p2a: Blastoise|Blastoise, F|142\/362
|turn|20
|
|move|p1a: Dragonite|Dragon Claw|p2a: Blastoise
|-damage|p2a: Blastoise|0 fnt
|faint|p2a: Blastoise
|
|-weather|SunnyDay|[upkeep]
|
|switch|p2a: Pikachu|Pikachu, F|81\/211
|turn|21
|
|move|p1a: Dragonite|Dragon Claw|p2a: Pikachu
|-damage|p2a: Pikachu|0 fnt
|faint|p2a: Pikachu
|
|-weather|SunnyDay|[upkeep]
|
|switch|p2a: Charizard|Charizard, F|16\/298
|-formechange|p2a: Charizard|Charizard-Mega-Y
|turn|22
|
|move|p1a: Dragonite|Dragon Claw|p2a: Charizard
|-damage|p2a: Charizard|0 fnt
|faint|p2a: Charizard
|
|win|Gooomba
|raw|Ladder updating...
|raw|Gooomba's rating: 1470 &rarr; <strong>1491<\/strong><br \/>(+21 for winning)
|raw|dark08's rating: 1491 &rarr; <strong>1470<\/strong><br \/>(-21 for losing)
|chat|Gooomba|gg