|join|Auron_X
|join|dark08
|player|p1|Auron_X|226
|player|p2|dark08|153
|gametype|singles
|gen|6
|tier|OU
|rated
|clearpoke
|poke|p1|Chansey, F
|poke|p1|Skarmory, M
|poke|p1|Quagsire, M
|poke|p1|Venusaur, F
|poke|p1|Mew
|poke|p1|Clefable, F
|poke|p2|Lucario, M
|poke|p2|Zoroark, M
|poke|p2|Latios, M
|poke|p2|Scizor, M
|poke|p2|Espeon, F
|poke|p2|Umbreon, M
|rule|Sleep Clause Mod: Limit one foe put to sleep
|rule|Species Clause: Limit one of each Pokemon
|rule|OHKO Clause: OHKO moves are banned
|rule|Moody Clause: Moody is banned
|rule|Evasion Moves Clause: Evasion moves are banned
|rule|Endless Battle Clause: Forcing endless battles is banned.
|rule|HP Percentage Mod: HP is reported as percentages
|teampreview
|join|facepur
|
|start
|switch|p1a: Chansey|Chansey, F|703\/703
|switch|p2a: Scizor|Scizor, M|344\/344
|turn|1
|
|move|p2a: Scizor|U-turn|p1a: Chansey
|-damage|p1a: Chansey|420\/703
|
|switch|p2a: Espeon|Espeon, F|272\/272
|move|p1a: Chansey|Soft-Boiled|p1a: Chansey
|-heal|p1a: Chansey|703\/703
|
|turn|2
|
|move|p2a: Espeon|Calm Mind|p2a: Espeon
|-boost|p2a: Espeon|spa|1
|-boost|p2a: Espeon|spd|1
|move|p1a: Chansey|Seismic Toss|p2a: Espeon
|-damage|p2a: Espeon|172\/272
|
|turn|3
|
|move|p2a: Espeon|Psyshock|p1a: Chansey
|-damage|p1a: Chansey|313\/703
|-damage|p2a: Espeon|145\/272|[from] item: Life Orb
|move|p1a: Chansey|Seismic Toss|p2a: Espeon
|-damage|p2a: Espeon|45\/272
|
|turn|4
|
|switch|p1a: Clefable|Clefable, F|394\/394
|move|p2a: Espeon|Psyshock|p1a: Clefable
|-damage|p1a: Clefable|234\/394
|-damage|p2a: Espeon|18\/272|[from] item: Life Orb
|
|-heal|p1a: Clefable|258\/394|[from] item: Leftovers
|turn|5
|
|move|p2a: Espeon|Psyshock|p1a: Clefable
|-damage|p1a: Clefable|98\/394
|-damage|p2a: Espeon|0 fnt|[from] item: Life Orb
|faint|p2a: Espeon
|move|p1a: Clefable|Wish|p1a: Clefable
|
|-heal|p1a: Clefable|122\/394|[from] item: Leftovers
|
|switch|p2a: Scizor|Scizor, M|344\/344
|turn|6
|
|move|p1a: Clefable|Protect|p1a: Clefable
|-singleturn|p1a: Clefable|Protect
|move|p2a: Scizor|Bullet Punch|p1a: Clefable
|-activate|p1a: Clefable|Protect
|
|-heal|p1a: Clefable|319\/394|[from] move: Wish|[wisher] Clefable
|-heal|p1a: Clefable|343\/394|[from] item: Leftovers
|turn|7
|
|switch|p1a: Skarmory|Skarmory, M|334\/334
|move|p2a: Scizor|Bullet Punch|p1a: Skarmory
|-resisted|p1a: Skarmory
|-damage|p1a: Skarmory|286\/334
|-damage|p2a: Scizor|287\/344|[from] item: Rocky Helmet|[of] p1a: Skarmory
|
|turn|8
|
|switch|p2a: Latios|Latios, M|262\/262
|move|p1a: Skarmory|Stealth Rock|p2a: Latios
|-sidestart|p2: dark08|move: Stealth Rock
|
|turn|9
|
|switch|p1a: Clefable|Clefable, F|343\/394
|move|p2a: Latios|Swords Dance|p2a: Latios
|-boost|p2a: Latios|atk|2
|
|-heal|p1a: Clefable|367\/394|[from] item: Leftovers
|turn|10
|
|move|p2a: Latios|Knock Off|p1a: Clefable
|-resisted|p1a: Clefable
|-damage|p1a: Clefable|293\/394
|-enditem|p1a: Clefable|Leftovers|[from] move: Knock Off|[of] p2a: Latios
|move|p1a: Clefable|Wish|p1a: Clefable
|
|turn|11
|
|switch|p2a: Scizor|Scizor, M|287\/344
|-damage|p2a: Scizor|244\/344|[from] Stealth Rock
|move|p1a: Clefable|Moonblast|p2a: Scizor
|-resisted|p2a: Scizor
|-damage|p2a: Scizor|183\/344
|-unboost|p2a: Scizor|spa|1
|
|-heal|p1a: Clefable|394\/394|[from] move: Wish|[wisher] Clefable
|turn|12
|
|switch|p1a: Skarmory|Skarmory, M|286\/334
|move|p2a: Scizor|Bullet Punch|p1a: Skarmory
|-resisted|p1a: Skarmory
|-damage|p1a: Skarmory|240\/334
|-damage|p2a: Scizor|126\/344|[from] item: Rocky Helmet|[of] p1a: Skarmory
|
|turn|13
|
|switch|p2a: Latios|Latios, M|302\/302
|-damage|p2a: Latios|265\/302|[from] Stealth Rock
|move|p1a: Skarmory|Brave Bird|p2a: Latios
|-damage|p2a: Latios|132\/302
|-damage|p1a: Skarmory|196\/334|[from] recoil|[of] p2a: Latios
|
|turn|14
|
|switch|p1a: Clefable|Clefable, F|394\/394
|move|p2a: Latios|Trick|p1a: Clefable
|-activate|p2a: Latios|move: Trick|[of] p1a: Clefable
|-item|p1a: Clefable|Choice Specs|[from] move: Trick
|
|turn|15
|
|move|p2a: Latios|Psyshock|p1a: Clefable
|-damage|p1a: Clefable|267\/394
|move|p1a: Clefable|Wish|p1a: Clefable
|
|turn|16
|
|switch|p1a: Chansey|Chansey, F|313\/703
|move|p2a: Latios|Psyshock|p1a: Chansey
|-damage|p1a: Chansey|132\/703
|
|-heal|p1a: Chansey|329\/703|[from] move: Wish|[wisher] Clefable
|turn|17
|
|switch|p2a: Lucario|Lucario, M|282\/282
|-damage|p2a: Lucario|274\/282|[from] Stealth Rock
|move|p1a: Chansey|Soft-Boiled|p1a: Chansey
|-heal|p1a: Chansey|681\/703
|
|turn|18
|
|switch|p1a: Venusaur|Venusaur, F|364\/364
|move|p2a: Lucario|Close Combat|p1a: Venusaur
|-resisted|p1a: Venusaur
|-damage|p1a: Venusaur|259\/364
|-unboost|p2a: Lucario|def|1
|-unboost|p2a: Lucario|spd|1
|-damage|p2a: Lucario|246\/282|[from] item: Life Orb
|
|turn|19
|
|switch|p2a: Latios|Latios, M|132\/302
|-damage|p2a: Latios|95\/302|[from] Stealth Rock
|-formechange|p1a: Venusaur|Venusaur-Mega
|message|Venusaur has Mega Evolved into Mega Venusaur!
|move|p1a: Venusaur|Earthquake|p2a: Latios
|-immune|p2a: Latios|[msg]
|
|turn|20
|
|switch|p1a: Chansey|Chansey, F|681\/703
|move|p2a: Latios|Psyshock|p1a: Chansey
|-damage|p1a: Chansey|503\/703
|
|turn|21
|
|move|p2a: Latios|Trick|p1a: Chansey
|-activate|p2a: Latios|move: Trick|[of] p1a: Chansey
|-item|p2a: Latios|Eviolite|[from] move: Trick
|move|p1a: Chansey|Seismic Toss|p2a: Latios
|-damage|p2a: Latios|0 fnt
|faint|p2a: Latios
|
|
|switch|p2a: Umbreon|Umbreon, M|394\/394
|-damage|p2a: Umbreon|345\/394|[from] Stealth Rock
|turn|22
|
|move|p2a: Umbreon|Wish|p2a: Umbreon
|move|p1a: Chansey|Soft-Boiled|p1a: Chansey
|-heal|p1a: Chansey|703\/703
|
|-heal|p2a: Umbreon|369\/394|[from] item: Leftovers
|turn|23
|
|switch|p2a: Scizor|Scizor, M|126\/344
|-damage|p2a: Scizor|83\/344|[from] Stealth Rock
|switch|p1a: Mew|Mew|404\/404
|
|-heal|p2a: Scizor|280\/344|[from] move: Wish|[wisher] Umbreon
|turn|24
|
|switch|p1a: Skarmory|Skarmory, M|196\/334
|move|p2a: Scizor|U-turn|p1a: Skarmory
|-resisted|p1a: Skarmory
|-damage|p1a: Skarmory|165\/334
|-damage|p2a: Scizor|223\/344|[from] item: Rocky Helmet|[of] p1a: Skarmory
|
|switch|p2a: Umbreon|Umbreon, M|262\/262
|-damage|p2a: Umbreon|230\/262|[from] Stealth Rock
|
|turn|25
|
|switch|p1a: Chansey|Chansey, F|703\/703
|move|p2a: Umbreon|Swords Dance|p2a: Umbreon
|-boost|p2a: Umbreon|atk|2
|
|turn|26
|
|switch|p1a: Quagsire|Quagsire, M|394\/394
|move|p2a: Umbreon|Low Kick|p1a: Quagsire
|-damage|p1a: Quagsire|327\/394
|
|-heal|p1a: Quagsire|351\/394|[from] item: Leftovers
|turn|27
|
|move|p2a: Umbreon|Knock Off|p1a: Quagsire
|-damage|p1a: Quagsire|222\/394
|-enditem|p1a: Quagsire|Leftovers|[from] move: Knock Off|[of] p2a: Umbreon
|move|p1a: Quagsire|Scald|p2a: Umbreon
|replace|p2a: Zoroark|Zoroark, M|230\/262
|-damage|p2a: Zoroark|136\/262
|
|turn|28
|
|switch|p2a: Umbreon|Umbreon, M|369\/394
|-damage|p2a: Umbreon|320\/394|[from] Stealth Rock
|move|p1a: Quagsire|Recover|p1a: Quagsire
|-heal|p1a: Quagsire|394\/394
|
|-heal|p2a: Umbreon|344\/394|[from] item: Leftovers
|turn|29
|
|switch|p1a: Skarmory|Skarmory, M|165\/334
|move|p2a: Umbreon|Toxic|p1a: Skarmory
|-fail|p1a: Skarmory
|
|-heal|p2a: Umbreon|368\/394|[from] item: Leftovers
|turn|30
|
|move|p1a: Skarmory|Roost|p1a: Skarmory
|-heal|p1a: Skarmory|332\/334
|move|p2a: Umbreon|Wish|p2a: Umbreon
|
|-heal|p2a: Umbreon|392\/394|[from] item: Leftovers
|turn|31
|
|switch|p1a: Quagsire|Quagsire, M|394\/394
|switch|p2a: Scizor|Scizor, M|223\/344
|-damage|p2a: Scizor|180\/344|[from] Stealth Rock
|
|-heal|p2a: Scizor|344\/344|[from] move: Wish|[wisher] Umbreon
|turn|32
|
|move|p2a: Scizor|U-turn|p1a: Quagsire
|-damage|p1a: Quagsire|229\/394
|
|switch|p2a: Umbreon|Umbreon, M|392\/394
|-damage|p2a: Umbreon|343\/394|[from] Stealth Rock
|move|p1a: Quagsire|Scald|p2a: Umbreon
|-damage|p2a: Umbreon|292\/394
|
|-heal|p2a: Umbreon|316\/394|[from] item: Leftovers
|turn|33
|
|move|p2a: Umbreon|Toxic|p1a: Quagsire
|-status|p1a: Quagsire|tox
|move|p1a: Quagsire|Recover|p1a: Quagsire
|-heal|p1a: Quagsire|394\/394 tox
|
|-heal|p2a: Umbreon|340\/394|[from] item: Leftovers
|-damage|p1a: Quagsire|370\/394 tox|[from] psn
|turn|34
|
|switch|p1a: Chansey|Chansey, F|703\/703
|move|p2a: Umbreon|Wish|p2a: Umbreon
|
|-heal|p2a: Umbreon|364\/394|[from] item: Leftovers
|turn|35
|
|switch|p2a: Lucario|Lucario, M|246\/282
|-damage|p2a: Lucario|238\/282|[from] Stealth Rock
|move|p1a: Chansey|Heal Bell|p1a: Chansey
|-cureteam|p1a: Chansey|[from] move: HealBell
|
|-heal|p2a: Lucario|282\/282|[from] move: Wish|[wisher] Umbreon
|turn|36
|
|switch|p1a: Venusaur|Venusaur, F|259\/364
|-formechange|p1a: Venusaur|Venusaur-Mega
|move|p2a: Lucario|Close Combat|p1a: Venusaur
|-resisted|p1a: Venusaur
|-damage|p1a: Venusaur|182\/364
|-unboost|p2a: Lucario|def|1
|-unboost|p2a: Lucario|spd|1
|-damage|p2a: Lucario|254\/282|[from] item: Life Orb
|
|turn|37
|
|switch|p2a: Umbreon|Umbreon, M|364\/394
|-damage|p2a: Umbreon|315\/394|[from] Stealth Rock
|move|p1a: Venusaur|Synthesis|p1a: Venusaur
|-heal|p1a: Venusaur|364\/364
|
|-heal|p2a: Umbreon|339\/394|[from] item: Leftovers
|turn|38
|
|switch|p1a: Mew|Mew|404\/404
|switch|p2a: Scizor|Scizor, M|344\/344
|-damage|p2a: Scizor|301\/344|[from] Stealth Rock
|
|turn|39
|
|move|p2a: Scizor|Pursuit|p1a: Mew|[from]Pursuit
|-supereffective|p1a: Mew
|-damage|p1a: Mew|192\/404
|switch|p1a: Skarmory|Skarmory, M|332\/334
|
|turn|40
|
|switch|p2a: Umbreon|Umbreon, M|339\/394
|-damage|p2a: Umbreon|290\/394|[from] Stealth Rock
|move|p1a: Skarmory|Brave Bird|p2a: Umbreon
|-damage|p2a: Umbreon|211\/394
|-damage|p1a: Skarmory|306\/334|[from] recoil|[of] p2a: Umbreon
|
|-heal|p2a: Umbreon|235\/394|[from] item: Leftovers
|turn|41
|
|switch|p1a: Mew|Mew|192\/404
|move|p2a: Umbreon|Wish|p2a: Umbreon
|
|-heal|p1a: Mew|217\/404|[from] item: Leftovers
|-heal|p2a: Umbreon|259\/394|[from] item: Leftovers
|turn|42
|
|switch|p2a: Zoroark|Zoroark, M|136\/262
|-damage|p2a: Zoroark|104\/262|[from] Stealth Rock
|move|p1a: Mew|Will-O-Wisp|p2a: Zoroark|[miss]
|-miss|p1a: Mew|p2a: Zoroark
|
|-heal|p2a: Zoroark|262\/262|[from] move: Wish|[wisher] Umbreon
|-heal|p1a: Mew|242\/404|[from] item: Leftovers
|turn|43
|
|switch|p1a: Quagsire|Quagsire, M|370\/394
|move|p2a: Zoroark|Sucker Punch|p1a: Quagsire
|-fail|p1a: Quagsire
|
|turn|44
|
|switch|p2a: Umbreon|Umbreon, M|259\/394
|-damage|p2a: Umbreon|210\/394|[from] Stealth Rock
|move|p1a: Quagsire|Scald|p2a: Umbreon
|-crit|p2a: Umbreon
|-damage|p2a: Umbreon|126\/394
|
|-heal|p2a: Umbreon|150\/394|[from] item: Leftovers
|turn|45
|
|switch|p1a: Mew|Mew|242\/404
|move|p2a: Umbreon|Protect|p2a: Umbreon
|-fail|p2a: Umbreon
|
|-heal|p1a: Mew|267\/404|[from] item: Leftovers
|-heal|p2a: Umbreon|174\/394|[from] item: Leftovers
|turn|46
|
|move|p2a: Umbreon|Protect|p2a: Umbreon
|-singleturn|p2a: Umbreon|Protect
|move|p1a: Mew|Taunt|p2a: Umbreon
|-activate|p2a: Umbreon|Protect
|
|-heal|p1a: Mew|292\/404|[from] item: Leftovers
|-heal|p2a: Umbreon|198\/394|[from] item: Leftovers
|turn|47
|
|move|p1a: Mew|Taunt|p2a: Umbreon
|-start|p2a: Umbreon|move: Taunt
|move|p2a: Umbreon|Foul Play|p1a: Mew
|-supereffective|p1a: Mew
|-damage|p1a: Mew|164\/404
|
|-heal|p1a: Mew|189\/404|[from] item: Leftovers
|-heal|p2a: Umbreon|222\/394|[from] item: Leftovers
|turn|48
|
|move|p1a: Mew|Will-O-Wisp|p2a: Umbreon
|-status|p2a: Umbreon|brn
|-status|p1a: Mew|brn
|move|p2a: Umbreon|Foul Play|p1a: Mew
|-supereffective|p1a: Mew
|-damage|p1a: Mew|127\/404 brn
|
|-heal|p1a: Mew|152\/404 brn|[from] item: Leftovers
|-heal|p2a: Umbreon|246\/394 brn|[from] item: Leftovers
|-damage|p1a: Mew|102\/404 brn|[from] brn
|-damage|p2a: Umbreon|197\/394 brn|[from] brn
|turn|49
|
|switch|p2a: Scizor|Scizor, M|301\/344
|-damage|p2a: Scizor|258\/344|[from] Stealth Rock
|move|p1a: Mew|Roost|p1a: Mew
|-heal|p1a: Mew|304\/404 brn
|
|-heal|p1a: Mew|329\/404 brn|[from] item: Leftovers
|-damage|p1a: Mew|279\/404 brn|[from] brn
|turn|50
|
|move|p1a: Mew|Will-O-Wisp|p2a: Scizor
|-status|p2a: Scizor|brn
|move|p2a: Scizor|Pursuit|p1a: Mew
|-supereffective|p1a: Mew
|-damage|p1a: Mew|193\/404 brn
|
|-heal|p1a: Mew|218\/404 brn|[from] item: Leftovers
|-damage|p1a: Mew|168\/404 brn|[from] brn
|-damage|p2a: Scizor|215\/344 brn|[from] brn
|turn|51
|-message|dark08 forfeited.
|
|win|Auron_X
|raw|Ladder updating...
|raw|Auron_X's rating: 1630 &rarr; <strong>1648<\/strong><br \/>(+18 for winning)
|raw|dark08's rating: 1589 &rarr; <strong>1571<\/strong><br \/>(-18 for losing)
|leave|dark08
|player|p2
|leave|facepur