|join|Dr. Satan
|join|dark08
|player|p1|Dr. Satan|269
|player|p2|dark08|162
|gametype|singles
|gen|6
|tier|OU
|rated
|clearpoke
|poke|p1|Pinsir, M
|poke|p1|Magnezone
|poke|p1|Scizor, F
|poke|p1|Rotom-Wash
|poke|p1|Sylveon, M
|poke|p1|Chandelure, F
|poke|p2|Blastoise, M
|poke|p2|Charizard, M
|poke|p2|Venusaur, M
|poke|p2|Snorlax, M
|poke|p2|Ninetales, F
|poke|p2|Pikachu, F
|rule|Sleep Clause Mod: Limit one foe put to sleep
|rule|Species Clause: Limit one of each Pokemon
|rule|OHKO Clause: OHKO moves are banned
|rule|Moody Clause: Moody is banned
|rule|Evasion Moves Clause: Evasion moves are banned
|rule|Endless Battle Clause: Forcing endless battles is banned.
|rule|HP Percentage Mod: HP is reported as percentages
|teampreview
|
|start
|switch|p1a: Lol Talonflame|Rotom-Wash|241\/241
|switch|p2a: Ninetales|Ninetales, F|349\/349
|-weather|SunnyDay
|turn|1
|
|switch|p2a: Pikachu|Pikachu, F|211\/211
|move|p1a: Lol Talonflame|Volt Switch|p2a: Pikachu
|-boost|p2a: Pikachu|spa|1|[from] ability: Lightningrod
|
|-weather|SunnyDay|[upkeep]
|turn|2
|
|switch|p1a: Hello Eevee|Sylveon, M|394\/394
|move|p2a: Pikachu|Substitute|p2a: Pikachu
|-start|p2a: Pikachu|Substitute
|-damage|p2a: Pikachu|159\/211
|
|-weather|SunnyDay|[upkeep]
|turn|3
|
|move|p2a: Pikachu|Nasty Plot|p2a: Pikachu
|-boost|p2a: Pikachu|spa|2
|move|p1a: Hello Eevee|Hyper Voice|p2a: Pikachu
|-damage|p2a: Pikachu|0 fnt
|faint|p2a: Pikachu
|
|-weather|SunnyDay|[upkeep]
|
|switch|p2a: Charizard|Charizard, M|298\/298
|turn|4
|
|-formechange|p2a: Charizard|Charizard-Mega-Y
|message|Charizard has Mega Evolved into Mega Charizard!
|move|p2a: Charizard|Fire Blast|p1a: Hello Eevee
|-damage|p1a: Hello Eevee|99\/394
|move|p1a: Hello Eevee|Toxic|p2a: Charizard
|-status|p2a: Charizard|tox
|
|-weather|SunnyDay|[upkeep]
|-heal|p1a: Hello Eevee|123\/394|[from] item: Leftovers
|-damage|p2a: Charizard|280\/298 tox|[from] psn
|turn|5
|
|move|p1a: Hello Eevee|Protect|p1a: Hello Eevee
|-singleturn|p1a: Hello Eevee|Protect
|move|p2a: Charizard|Solar Beam|p1a: Hello Eevee|[still]
|-prepare|p2a: Charizard|Solar Beam|p1a: Hello Eevee
|-anim|p2a: Charizard|Solar Beam|p1a: Hello Eevee
|-activate|p1a: Hello Eevee|Protect
|
|-weather|SunnyDay|[upkeep]
|-heal|p1a: Hello Eevee|147\/394|[from] item: Leftovers
|-damage|p2a: Charizard|244\/298 tox|[from] psn
|turn|6
|
|switch|p1a: Chandra|Chandelure, F|261\/261
|move|p2a: Charizard|Fire Blast|p1a: Chandra
|-start|p1a: Chandra|ability: Flash Fire
|
|-weather|SunnyDay|[upkeep]
|-damage|p2a: Charizard|190\/298 tox|[from] psn
|turn|7
|
|switch|p2a: Snorlax|Snorlax, M|462\/462
|move|p1a: Chandra|Fire Blast|p2a: Snorlax
|-damage|p2a: Snorlax|298\/462
|-damage|p1a: Chandra|235\/261|[from] item: Life Orb
|
|-weather|SunnyDay|[upkeep]
|turn|8
|
|move|p1a: Chandra|Fire Blast|p2a: Snorlax
|-crit|p2a: Snorlax
|-damage|p2a: Snorlax|71\/462
|-damage|p1a: Chandra|209\/261|[from] item: Life Orb
|move|p2a: Snorlax|Pursuit|p1a: Chandra
|-supereffective|p1a: Chandra
|-damage|p1a: Chandra|97\/261
|
|-weather|none
|turn|9
|
|move|p1a: Chandra|Fire Blast|p2a: Snorlax
|-damage|p2a: Snorlax|0 fnt
|-damage|p1a: Chandra|71\/261|[from] item: Life Orb
|faint|p2a: Snorlax
|
|
|switch|p2a: Ninetales|Ninetales, F|349\/349
|-weather|SunnyDay
|turn|10
|
|move|p2a: Ninetales|Substitute|p2a: Ninetales
|-start|p2a: Ninetales|Substitute
|-damage|p2a: Ninetales|262\/349
|move|p1a: Chandra|Fire Blast|p2a: Ninetales
|-resisted|p2a: Ninetales
|-end|p2a: Ninetales|Substitute
|-damage|p1a: Chandra|45\/261|[from] item: Life Orb
|
|-weather|SunnyDay|[upkeep]
|turn|11
|
|move|p2a: Ninetales|Substitute|p2a: Ninetales
|-start|p2a: Ninetales|Substitute
|-damage|p2a: Ninetales|175\/349
|move|p1a: Chandra|Shadow Ball|p2a: Ninetales
|-end|p2a: Ninetales|Substitute
|-damage|p1a: Chandra|19\/261|[from] item: Life Orb
|
|-weather|SunnyDay|[upkeep]
|turn|12
|
|move|p2a: Ninetales|Substitute|p2a: Ninetales
|-start|p2a: Ninetales|Substitute
|-damage|p2a: Ninetales|88\/349
|move|p1a: Chandra|Shadow Ball|p2a: Ninetales
|-end|p2a: Ninetales|Substitute
|-damage|p1a: Chandra|0 fnt|[from] item: Life Orb
|faint|p1a: Chandra
|
|-weather|SunnyDay|[upkeep]
|
|switch|p1a: Lol Talonflame|Rotom-Wash|241\/241
|turn|13
|
|move|p1a: Lol Talonflame|Volt Switch|p2a: Ninetales
|-damage|p2a: Ninetales|0 fnt
|faint|p2a: Ninetales
|
|switch|p1a: Hello Eevee|Sylveon, M|147\/394
|
|-weather|SunnyDay|[upkeep]
|-heal|p1a: Hello Eevee|171\/394|[from] item: Leftovers
|
|switch|p2a: Charizard|Charizard, M|190\/298 tox
|-formechange|p2a: Charizard|Charizard-Mega-Y
|turn|14
|
|move|p1a: Hello Eevee|Protect|p1a: Hello Eevee
|-singleturn|p1a: Hello Eevee|Protect
|move|p2a: Charizard|Fire Blast|p1a: Hello Eevee
|-activate|p1a: Hello Eevee|Protect
|
|-weather|SunnyDay|[upkeep]
|-heal|p1a: Hello Eevee|195\/394|[from] item: Leftovers
|-damage|p2a: Charizard|172\/298 tox|[from] psn
|turn|15
|
|move|p2a: Charizard|Roost|p2a: Charizard
|-heal|p2a: Charizard|298\/298 tox
|move|p1a: Hello Eevee|Wish|p1a: Hello Eevee
|
|-weather|SunnyDay|[upkeep]
|-heal|p1a: Hello Eevee|219\/394|[from] item: Leftovers
|-damage|p2a: Charizard|262\/298 tox|[from] psn
|turn|16
|
|switch|p2a: Venusaur|Venusaur, M|361\/361
|move|p1a: Hello Eevee|Protect|p1a: Hello Eevee
|-fail|p1a: Hello Eevee
|
|-weather|SunnyDay|[upkeep]
|-heal|p1a: Hello Eevee|394\/394|[from] move: Wish|[wisher] Hello Eevee
|turn|17
|
|switch|p1a: Scizor Me <3|Scizor, F|344\/344
|move|p2a: Venusaur|Sludge Bomb|p1a: Scizor Me <3
|-immune|p1a: Scizor Me <3|[msg]
|
|-weather|none
|turn|18
|
|move|p2a: Venusaur|Hidden Power|p1a: Scizor Me <3
|-supereffective|p1a: Scizor Me <3
|-damage|p1a: Scizor Me <3|0 fnt
|-damage|p2a: Venusaur|325\/361|[from] item: Life Orb
|faint|p1a: Scizor Me <3
|
|
|switch|p1a: Shredder|Pinsir, M|271\/271
|turn|19
|
|-formechange|p1a: Shredder|Pinsir-Mega
|message|Pinsir has Mega Evolved into Mega Pinsir!
|move|p1a: Shredder|Return|p2a: Venusaur
|-supereffective|p2a: Venusaur
|-damage|p2a: Venusaur|0 fnt
|faint|p2a: Venusaur
|
|
|switch|p2a: Charizard|Charizard, M|262\/298 tox
|-formechange|p2a: Charizard|Charizard-Mega-Y
|-weather|SunnyDay
|turn|20
|
|move|p1a: Shredder|Return|p2a: Charizard
|-damage|p2a: Charizard|0 fnt
|faint|p2a: Charizard
|
|-weather|SunnyDay|[upkeep]
|
|switch|p2a: Blastoise|Blastoise, M|362\/362
|turn|21
|
|move|p1a: Shredder|Return|p2a: Blastoise
|-damage|p2a: Blastoise|104\/362
|move|p2a: Blastoise|Hydro Pump|p1a: Shredder
|-damage|p1a: Shredder|139\/271
|
|-weather|SunnyDay|[upkeep]
|-heal|p2a: Blastoise|126\/362|[from] item: Leftovers
|turn|22
|
|move|p1a: Shredder|Return|p2a: Blastoise
|-damage|p2a: Blastoise|0 fnt
|faint|p2a: Blastoise
|
|win|Dr. Satan
|raw|Ladder updating...
|raw|Dr. Satan's rating: 1450 &rarr; <strong>1471<\/strong><br \/>(+21 for winning)
|raw|dark08's rating: 1469 &rarr; <strong>1448<\/strong><br \/>(-21 for losing)
|leave|dark08
|player|p2