|join|dark08
|join|boutier test
|player|p1|dark08|162
|player|p2|boutier test|288
|gametype|singles
|gen|6
|tier|OU
|rated
|clearpoke
|poke|p1|Lucario, M
|poke|p1|Zoroark, M
|poke|p1|Scizor, M
|poke|p1|Latios, M
|poke|p1|Espeon, M
|poke|p1|Umbreon, M
|poke|p2|Gliscor, F
|poke|p2|Medicham, F
|poke|p2|Latios, M
|poke|p2|Talonflame, M
|poke|p2|Ferrothorn, M
|poke|p2|Clefable, M
|rule|Sleep Clause Mod: Limit one foe put to sleep
|rule|Species Clause: Limit one of each Pokemon
|rule|OHKO Clause: OHKO moves are banned
|rule|Moody Clause: Moody is banned
|rule|Evasion Moves Clause: Evasion moves are banned
|rule|Endless Battle Clause: Forcing endless battles is banned.
|rule|HP Percentage Mod: HP is reported as percentages
|teampreview
|chat|boutier test|gl hf!
|
|start
|switch|p1a: Scizor|Scizor, M|344\/344
|switch|p2a: Charmina|Medicham, F|262\/262
|turn|1
|
|-formechange|p2a: Charmina|Medicham-Mega
|message|Medicham has Mega Evolved into Mega Medicham!
|move|p2a: Charmina|Fake Out|p1a: Scizor
|-resisted|p1a: Scizor
|-damage|p1a: Scizor|303\/344
|cant|p1a: Scizor|flinch
|
|turn|2
|
|switch|p2a: Scorvol|Gliscor, F|354\/354
|move|p1a: Scizor|Bullet Punch|p2a: Scorvol
|-damage|p2a: Scorvol|231\/354
|
|-status|p2a: Scorvol|tox|[from] item: Toxic Orb
|turn|3
|
|move|p1a: Scizor|Bullet Punch|p2a: Scorvol
|-damage|p2a: Scorvol|114\/354 tox
|move|p2a: Scorvol|Substitute|p2a: Scorvol
|-start|p2a: Scorvol|Substitute
|-damage|p2a: Scorvol|26\/354 tox
|
|-heal|p2a: Scorvol|70\/354 tox|[from] ability: Poison Heal
|turn|4
|
|move|p2a: Scorvol|Protect|p2a: Scorvol
|-singleturn|p2a: Scorvol|Protect
|move|p1a: Scizor|Bullet Punch|p2a: Scorvol
|-activate|p2a: Scorvol|Protect
|
|-heal|p2a: Scorvol|114\/354 tox|[from] ability: Poison Heal
|turn|5
|
|move|p1a: Scizor|Bullet Punch|p2a: Scorvol
|-end|p2a: Scorvol|Substitute
|move|p2a: Scorvol|Earthquake|p1a: Scizor
|-damage|p1a: Scizor|195\/344
|
|-heal|p2a: Scorvol|158\/354 tox|[from] ability: Poison Heal
|turn|6
|
|switch|p1a: Latios|Latios, M|302\/302
|move|p2a: Scorvol|Protect|p2a: Scorvol
|-fail|p2a: Scorvol
|
|-heal|p2a: Scorvol|202\/354 tox|[from] ability: Poison Heal
|turn|7
|
|move|p2a: Scorvol|Protect|p2a: Scorvol
|-singleturn|p2a: Scorvol|Protect
|move|p1a: Latios|Surf|p2a: Scorvol
|-activate|p2a: Scorvol|Protect
|
|-heal|p2a: Scorvol|246\/354 tox|[from] ability: Poison Heal
|turn|8
|
|switch|p2a: Melodelfe|Clefable, M|394\/394
|move|p1a: Latios|Surf|p2a: Melodelfe
|-damage|p2a: Melodelfe|215\/394
|
|-heal|p2a: Melodelfe|239\/394|[from] item: Leftovers
|turn|9
|
|switch|p1a: Espeon|Espeon, M|272\/272
|move|p2a: Melodelfe|Wish|p2a: Melodelfe
|
|-heal|p2a: Melodelfe|263\/394|[from] item: Leftovers
|turn|10
|
|switch|p2a: Noacier|Ferrothorn, M|352\/352
|move|p1a: Espeon|Calm Mind|p1a: Espeon
|-boost|p1a: Espeon|spa|1
|-boost|p1a: Espeon|spd|1
|
|turn|11
|
|switch|p1a: Lucario|Lucario, M|282\/282
|move|p2a: Noacier|Knock Off|p1a: Lucario
|-resisted|p1a: Lucario
|-damage|p1a: Lucario|233\/282
|-boost|p1a: Lucario|atk|1|[from] ability: Justified
|-enditem|p1a: Lucario|Life Orb|[from] move: Knock Off|[of] p2a: Noacier
|
|turn|12
|
|move|p1a: Lucario|Ice Punch|p2a: Noacier
|-damage|p2a: Noacier|269\/352
|-damage|p1a: Lucario|198\/282|[from] ability: Iron Barbs|[of] p2a: Noacier
|move|p2a: Noacier|Leech Seed|p1a: Lucario
|-start|p1a: Lucario|move: Leech Seed
|
|-heal|p2a: Noacier|291\/352|[from] item: Leftovers
|-damage|p1a: Lucario|163\/282|[from] Leech Seed|[of] p2a: Noacier
|-heal|p2a: Noacier|326\/352|[silent]
|turn|13
|
|switch|p2a: Melodelfe|Clefable, M|263\/394
|move|p1a: Lucario|Swords Dance|p1a: Lucario
|-boost|p1a: Lucario|atk|2
|
|-heal|p2a: Melodelfe|287\/394|[from] item: Leftovers
|-damage|p1a: Lucario|128\/282|[from] Leech Seed|[of] p2a: Melodelfe
|-heal|p2a: Melodelfe|322\/394|[silent]
|turn|14
|
|move|p2a: Melodelfe|Protect|p2a: Melodelfe
|-singleturn|p2a: Melodelfe|Protect
|move|p1a: Lucario|Close Combat|p2a: Melodelfe
|-activate|p2a: Melodelfe|Protect
|
|-heal|p2a: Melodelfe|346\/394|[from] item: Leftovers
|-damage|p1a: Lucario|93\/282|[from] Leech Seed|[of] p2a: Melodelfe
|-heal|p2a: Melodelfe|381\/394|[silent]
|turn|15
|
|move|p1a: Lucario|Close Combat|p2a: Melodelfe
|-resisted|p2a: Melodelfe
|-damage|p2a: Melodelfe|288\/394
|-unboost|p1a: Lucario|def|1
|-unboost|p1a: Lucario|spd|1
|move|p2a: Melodelfe|Wish|p2a: Melodelfe
|
|-heal|p2a: Melodelfe|312\/394|[from] item: Leftovers
|-damage|p1a: Lucario|58\/282|[from] Leech Seed|[of] p2a: Melodelfe
|-heal|p2a: Melodelfe|347\/394|[silent]
|turn|16
|
|switch|p1a: Scizor|Scizor, M|195\/344
|move|p2a: Melodelfe|Flamethrower|p1a: Scizor
|-supereffective|p1a: Scizor
|-damage|p1a: Scizor|0 fnt
|faint|p1a: Scizor
|
|-heal|p2a: Melodelfe|394\/394|[from] move: Wish|[wisher] Melodelfe
|
|switch|p1a: Umbreon|Umbreon, M|394\/394
|turn|17
|
|switch|p2a: Noacier|Ferrothorn, M|326\/352
|move|p1a: Umbreon|Toxic|p2a: Noacier|[miss]
|-miss|p1a: Umbreon|p2a: Noacier
|
|-heal|p2a: Noacier|348\/352|[from] item: Leftovers
|turn|18
|
|move|p1a: Umbreon|Wish|p1a: Umbreon
|move|p2a: Noacier|Gyro Ball|p1a: Umbreon
|-damage|p1a: Umbreon|327\/394
|
|-heal|p1a: Umbreon|351\/394|[from] item: Leftovers
|-heal|p2a: Noacier|352\/352|[from] item: Leftovers
|turn|19
|
|switch|p1a: Lucario|Lucario, M|58\/282
|move|p2a: Noacier|Gyro Ball|p1a: Lucario
|-resisted|p1a: Lucario
|-damage|p1a: Lucario|0 fnt
|faint|p1a: Lucario
|
|
|switch|p1a: Umbreon|Umbreon, M|262\/262
|turn|20
|
|move|p1a: Umbreon|Swords Dance|p1a: Umbreon
|-boost|p1a: Umbreon|atk|2
|move|p2a: Noacier|Leech Seed|p1a: Umbreon
|-start|p1a: Umbreon|move: Leech Seed
|
|-damage|p1a: Umbreon|230\/262|[from] Leech Seed|[of] p2a: Noacier
|turn|21
|
|move|p1a: Umbreon|Low Kick|p2a: Noacier
|-supereffective|p2a: Noacier
|-damage|p2a: Noacier|42\/352
|-damage|p1a: Umbreon|198\/262|[from] ability: Iron Barbs|[of] p2a: Noacier
|move|p2a: Noacier|Stealth Rock|p1a: Umbreon
|-sidestart|p1: dark08|move: Stealth Rock
|
|-heal|p2a: Noacier|64\/352|[from] item: Leftovers
|-damage|p1a: Umbreon|166\/262|[from] Leech Seed|[of] p2a: Noacier
|-heal|p2a: Noacier|96\/352|[silent]
|turn|22
|
|switch|p2a: Melodelfe|Clefable, M|394\/394
|move|p1a: Umbreon|Knock Off|p2a: Melodelfe
|-crit|p2a: Melodelfe
|-resisted|p2a: Melodelfe
|-damage|p2a: Melodelfe|292\/394
|-enditem|p2a: Melodelfe|Leftovers|[from] move: Knock Off|[of] p1a: Umbreon
|
|-damage|p1a: Umbreon|134\/262|[from] Leech Seed|[of] p2a: Melodelfe
|-heal|p2a: Melodelfe|324\/394|[silent]
|turn|23
|
|switch|p1a: Espeon|Espeon, M|272\/272
|-damage|p1a: Espeon|238\/272|[from] Stealth Rock
|move|p2a: Melodelfe|Wish|p2a: Melodelfe
|
|turn|24
|
|switch|p2a: Noacier|Ferrothorn, M|96\/352
|move|p1a: Espeon|Shadow Ball|p2a: Noacier
|-damage|p2a: Noacier|4\/352
|-damage|p1a: Espeon|211\/272|[from] item: Life Orb
|
|-heal|p2a: Noacier|201\/352|[from] move: Wish|[wisher] Melodelfe
|-heal|p2a: Noacier|223\/352|[from] item: Leftovers
|turn|25
|
|move|p1a: Espeon|Shadow Ball|p2a: Noacier
|-damage|p2a: Noacier|127\/352
|-damage|p1a: Espeon|184\/272|[from] item: Life Orb
|move|p2a: Noacier|Knock Off|p1a: Espeon
|-supereffective|p1a: Espeon
|-damage|p1a: Espeon|0 fnt
|faint|p1a: Espeon
|
|-heal|p2a: Noacier|149\/352|[from] item: Leftovers
|
|switch|p1a: Umbreon|Umbreon, M|134\/262
|-damage|p1a: Umbreon|102\/262|[from] Stealth Rock
|turn|26
|
|switch|p2a: Melodelfe|Clefable, M|324\/394
|move|p1a: Umbreon|Low Kick|p2a: Melodelfe
|-resisted|p2a: Melodelfe
|-damage|p2a: Melodelfe|295\/394
|
|turn|27
|
|switch|p1a: Umbreon|Umbreon, M|351\/394
|-damage|p1a: Umbreon|302\/394|[from] Stealth Rock
|move|p2a: Melodelfe|Wish|p2a: Melodelfe
|
|-heal|p1a: Umbreon|326\/394|[from] item: Leftovers
|turn|28
|
|switch|p1a: Latios|Latios, M|302\/302
|-damage|p1a: Latios|265\/302|[from] Stealth Rock
|switch|p2a: Noacier|Ferrothorn, M|149\/352
|
|-heal|p2a: Noacier|346\/352|[from] move: Wish|[wisher] Melodelfe
|-heal|p2a: Noacier|352\/352|[from] item: Leftovers
|turn|29
|
|move|p1a: Latios|Trick|p2a: Noacier
|-activate|p1a: Latios|move: Trick|[of] p2a: Noacier
|-item|p2a: Noacier|Choice Specs|[from] move: Trick
|-item|p1a: Latios|Leftovers|[from] move: Trick
|move|p2a: Noacier|Knock Off|p1a: Latios
|-crit|p1a: Latios
|-supereffective|p1a: Latios
|-damage|p1a: Latios|15\/302
|-enditem|p1a: Latios|Leftovers|[from] move: Knock Off|[of] p2a: Noacier
|
|turn|30
|
|switch|p1a: Umbreon|Umbreon, M|326\/394
|-damage|p1a: Umbreon|277\/394|[from] Stealth Rock
|move|p2a: Noacier|Knock Off|p1a: Umbreon
|-resisted|p1a: Umbreon
|-damage|p1a: Umbreon|252\/394
|-enditem|p1a: Umbreon|Leftovers|[from] move: Knock Off|[of] p2a: Noacier
|
|turn|31
|
|switch|p2a: Scorvol|Gliscor, F|246\/354 tox
|move|p1a: Umbreon|Toxic|p2a: Scorvol
|-fail|p2a: Scorvol|tox
|
|-heal|p2a: Scorvol|290\/354 tox|[from] ability: Poison Heal
|turn|32
|
|move|p1a: Umbreon|Protect|p1a: Umbreon
|-singleturn|p1a: Umbreon|Protect
|move|p2a: Scorvol|Toxic|p1a: Umbreon
|-activate|p1a: Umbreon|Protect
|
|-heal|p2a: Scorvol|334\/354 tox|[from] ability: Poison Heal
|turn|33
|
|switch|p1a: Latios|Latios, M|15\/302
|-damage|p1a: Latios|0 fnt|[from] Stealth Rock
|faint|p1a: Latios
|move|p2a: Scorvol|Substitute|p2a: Scorvol
|-start|p2a: Scorvol|Substitute
|-damage|p2a: Scorvol|246\/354 tox
|
|-heal|p2a: Scorvol|290\/354 tox|[from] ability: Poison Heal
|chat|boutier test|gg
|-message|dark08 forfeited.
|
|win|boutier test
|raw|Ladder updating...
|raw|dark08's rating: 1534 &rarr; <strong>1515<\/strong><br \/>(-19 for losing)
|raw|boutier test's rating: 1551 &rarr; <strong>1570<\/strong><br \/>(+19 for winning)
|leave|dark08
|player|p1
|leave|boutier test
|player|p2
|join|boutier test