|join|dark08
|join|Scotti
|player|p1|dark08|153
|player|p2|Scotti|3
|gametype|singles
|gen|6
|tier|OU
|rated
|clearpoke
|poke|p1|Lucario, M
|poke|p1|Zoroark, M
|poke|p1|Latios, M
|poke|p1|Scizor, M
|poke|p1|Espeon, F
|poke|p1|Umbreon, M
|poke|p2|Rotom-Wash
|poke|p2|Conkeldurr, M
|poke|p2|Scizor, F
|poke|p2|Landorus-Therian, M
|poke|p2|Thundurus, M
|poke|p2|Gyarados, M
|rule|Sleep Clause Mod: Limit one foe put to sleep
|rule|Species Clause: Limit one of each Pokemon
|rule|OHKO Clause: OHKO moves are banned
|rule|Moody Clause: Moody is banned
|rule|Evasion Moves Clause: Evasion moves are banned
|rule|Endless Battle Clause: Forcing endless battles is banned.
|rule|HP Percentage Mod: HP is reported as percentages
|teampreview
|
|start
|switch|p1a: Latios|Latios, M|302\/302
|switch|p2a: Scizor|Scizor, F|343\/343
|turn|1
|
|switch|p1a: Scizor|Scizor, M|344\/344
|move|p2a: Scizor|U-turn|p1a: Scizor
|-resisted|p1a: Scizor
|-damage|p1a: Scizor|287\/344
|
|switch|p2a: Rotom-Wash|Rotom-Wash|303\/303
|
|turn|2
|join|fingerscrossed
|
|move|p2a: Rotom-Wash|Volt Switch|p1a: Scizor
|-damage|p1a: Scizor|184\/344
|
|switch|p2a: Scizor|Scizor, F|343\/343
|move|p1a: Scizor|U-turn|p2a: Scizor
|-resisted|p2a: Scizor
|-damage|p2a: Scizor|241\/343
|
|switch|p1a: Lucario|Lucario, M|282\/282
|
|-heal|p2a: Scizor|262\/343|[from] item: Leftovers
|turn|3
|
|switch|p2a: Landorus-Therian|Landorus-Therian, M|381\/381
|-ability|p2a: Landorus-Therian|Intimidate|[of] p1a: Lucario
|-unboost|p1a: Lucario|atk|1
|move|p1a: Lucario|Close Combat|p2a: Landorus-Therian
|-resisted|p2a: Landorus-Therian
|-damage|p2a: Landorus-Therian|319\/381
|-unboost|p1a: Lucario|def|1
|-unboost|p1a: Lucario|spd|1
|-damage|p1a: Lucario|254\/282|[from] item: Life Orb
|
|-heal|p2a: Landorus-Therian|342\/381|[from] item: Leftovers
|turn|4
|
|move|p1a: Lucario|Extreme Speed|p2a: Landorus-Therian
|-damage|p2a: Landorus-Therian|281\/381
|-damage|p1a: Lucario|226\/282|[from] item: Life Orb
|move|p2a: Landorus-Therian|Earthquake|p1a: Lucario
|-supereffective|p1a: Lucario
|-damage|p1a: Lucario|0 fnt
|faint|p1a: Lucario
|
|-heal|p2a: Landorus-Therian|304\/381|[from] item: Leftovers
|
|switch|p1a: Latios|Latios, M|262\/262
|turn|5
|
|switch|p2a: Scizor|Scizor, F|262\/343
|move|p1a: Latios|Knock Off|p2a: Scizor
|-damage|p2a: Scizor|93\/343
|-enditem|p2a: Scizor|Leftovers|[from] move: Knock Off|[of] p1a: Latios
|
|turn|6
|
|move|p1a: Latios|Sucker Punch|p2a: Scizor
|-damage|p2a: Scizor|0 fnt
|faint|p2a: Scizor
|
|
|switch|p2a: Cienight|Conkeldurr, M|398\/398
|turn|7
|
|move|p1a: Latios|Knock Off|p2a: Cienight
|-resisted|p2a: Cienight
|-damage|p2a: Cienight|317\/398
|-enditem|p2a: Cienight|Assault Vest|[from] move: Knock Off|[of] p1a: Latios
|move|p2a: Cienight|Knock Off|p1a: Latios
|-resisted|p1a: Latios
|replace|p1a: Zoroark|Zoroark, M|262\/262
|-damage|p1a: Zoroark|154\/262
|-enditem|p1a: Zoroark|Focus Sash|[from] move: Knock Off|[of] p2a: Cienight
|
|turn|8
|
|move|p2a: Cienight|Mach Punch|p1a: Zoroark
|-supereffective|p1a: Zoroark
|-damage|p1a: Zoroark|0 fnt
|faint|p1a: Zoroark
|
|
|switch|p1a: Latios|Latios, M|302\/302
|turn|9
|
|switch|p2a: Rotom-Wash|Rotom-Wash|303\/303
|move|p1a: Latios|Draco Meteor|p2a: Rotom-Wash
|-damage|p2a: Rotom-Wash|0 fnt
|-unboost|p1a: Latios|spa|2
|faint|p2a: Rotom-Wash
|
|
|switch|p2a: Gyarados|Gyarados, M|331\/331
|-ability|p2a: Gyarados|Intimidate|[of] p1a: Latios
|-unboost|p1a: Latios|atk|1
|turn|10
|
|switch|p1a: Umbreon|Umbreon, M|394\/394
|move|p2a: Gyarados|Dragon Dance|p2a: Gyarados
|-boost|p2a: Gyarados|atk|1
|-boost|p2a: Gyarados|spe|1
|
|turn|11
|
|-formechange|p2a: Gyarados|Gyarados-Mega
|message|Gyarados has Mega Evolved into Mega Gyarados!
|-ability|p2a: Gyarados|Mold Breaker
|move|p2a: Gyarados|Dragon Dance|p2a: Gyarados
|-boost|p2a: Gyarados|atk|1
|-boost|p2a: Gyarados|spe|1
|move|p1a: Umbreon|Foul Play|p2a: Gyarados
|-resisted|p2a: Gyarados
|-damage|p2a: Gyarados|134\/331
|
|turn|12
|
|move|p2a: Gyarados|Waterfall|p1a: Umbreon
|-damage|p1a: Umbreon|136\/394
|move|p1a: Umbreon|Foul Play|p2a: Gyarados
|-resisted|p2a: Gyarados
|-damage|p2a: Gyarados|0 fnt
|faint|p2a: Gyarados
|
|-heal|p1a: Umbreon|160\/394|[from] item: Leftovers
|chat|Scotti|well thats new
|
|switch|p2a: Cienight|Conkeldurr, M|317\/398
|turn|13
|chat|dark08|max defense?
|
|switch|p1a: Scizor|Scizor, M|184\/344
|move|p2a: Cienight|Drain Punch|p1a: Scizor
|-damage|p1a: Scizor|25\/344
|-heal|p2a: Cienight|397\/398|[from] drain|[of] p1a: Scizor
|
|turn|14
|chat|Scotti|wait
|
|move|p1a: Scizor|Bullet Punch|p2a: Cienight
|-damage|p2a: Cienight|214\/398
|move|p2a: Cienight|Mach Punch|p1a: Scizor
|-damage|p1a: Scizor|0 fnt
|faint|p1a: Scizor
|
|
|switch|p1a: Espeon|Espeon, F|272\/272
|turn|15
|chat|Scotti|OOPS
|chat|Scotti|I had my calc set wrong
|chat|Scotti|had rain on
|
|move|p1a: Espeon|Psyshock|p2a: Cienight
|-supereffective|p2a: Cienight
|-damage|p2a: Cienight|0 fnt
|-damage|p1a: Espeon|245\/272|[from] item: Life Orb
|faint|p2a: Cienight
|
|chat|dark08|hmm for wht
|
|switch|p2a: SansNickel|Thundurus, M|299\/299
|turn|16
|chat|Scotti|my last game
|chat|dark08|for waterfall i gotcha
|chat|Scotti|played a rain team
|chat|Scotti|so I had it set in rain
|chat|Scotti|so I though waterfall would kill
|
|move|p2a: SansNickel|Thunderbolt|p1a: Espeon
|-damage|p1a: Espeon|71\/272
|move|p1a: Espeon|Psyshock|p2a: SansNickel
|-damage|p2a: SansNickel|44\/299
|-damage|p1a: Espeon|44\/272|[from] item: Life Orb
|
|-heal|p2a: SansNickel|62\/299|[from] item: Leftovers
|turn|17
|
|move|p2a: SansNickel|Thunderbolt|p1a: Espeon
|-crit|p1a: Espeon
|-damage|p1a: Espeon|0 fnt
|faint|p1a: Espeon
|
|-heal|p2a: SansNickel|80\/299|[from] item: Leftovers
|
|switch|p1a: Latios|Latios, M|302\/302
|turn|18
|
|move|p2a: SansNickel|Thunder Wave|p1a: Latios
|-status|p1a: Latios|par
|move|p1a: Latios|Surf|p2a: SansNickel
|-damage|p2a: SansNickel|0 fnt
|faint|p2a: SansNickel
|
|
|switch|p2a: Landorus-Therian|Landorus-Therian, M|304\/381
|-ability|p2a: Landorus-Therian|Intimidate|[of] p1a: Latios
|-unboost|p1a: Latios|atk|1
|turn|19
|chat|dark08|i see
|
|move|p2a: Landorus-Therian|U-turn|p1a: Latios
|-supereffective|p1a: Latios
|-damage|p1a: Latios|104\/302 par
|move|p1a: Latios|Surf|p2a: Landorus-Therian
|-supereffective|p2a: Landorus-Therian
|-damage|p2a: Landorus-Therian|0 fnt
|faint|p2a: Landorus-Therian
|
|win|dark08
|raw|Ladder updating...
|chat|Scotti|gg
|raw|dark08's rating: 1922 &rarr; <strong>1933<\/strong><br \/>(+11 for winning)
|raw|Scotti's rating: 1746 &rarr; <strong>1736<\/strong><br \/>(-10 for losing)
|chat|dark08|gg
|leave|dark08
|player|p1
|leave|Scotti
|player|p2
|join|Avarice87
|leave|Avarice87
|leave|fingerscrossed
|join|Scotti