|join|dark08
|join|LeQuaN
|player|p1|dark08|153
|player|p2|LeQuaN|15
|gametype|singles
|gen|6
|tier|OU
|rated
|clearpoke
|poke|p1|Lucario, M
|poke|p1|Zoroark, M
|poke|p1|Latios, M
|poke|p1|Scizor, M
|poke|p1|Espeon, M
|poke|p1|Umbreon, M
|poke|p2|Tyranitar, F
|poke|p2|Ditto
|poke|p2|Ferrothorn, F
|poke|p2|Salamence, M
|poke|p2|Keldeo
|poke|p2|Victini
|rule|Sleep Clause Mod: Limit one foe put to sleep
|rule|Species Clause: Limit one of each Pokemon
|rule|OHKO Clause: OHKO moves are banned
|rule|Moody Clause: Moody is banned
|rule|Evasion Moves Clause: Evasion moves are banned
|rule|Endless Battle Clause: Forcing endless battles is banned.
|rule|HP Percentage Mod: HP is reported as percentages
|teampreview
|
|start
|switch|p1a: Scizor|Scizor, M|344\/344
|switch|p2a: Victini|Victini|342\/342
|turn|1
|
|switch|p1a: Latios|Latios, M|302\/302
|move|p2a: Victini|U-turn|p1a: Latios
|-supereffective|p1a: Latios
|-damage|p1a: Latios|122\/302
|
|switch|p2a: Ferrothorn|Ferrothorn, F|352\/352
|
|turn|2
|
|switch|p1a: Lucario|Lucario, M|282\/282
|move|p2a: Ferrothorn|Knock Off|p1a: Lucario
|-resisted|p1a: Lucario
|-damage|p1a: Lucario|217\/282
|-boost|p1a: Lucario|atk|1|[from] ability: Justified
|-enditem|p1a: Lucario|Life Orb|[from] move: Knock Off|[of] p2a: Ferrothorn
|
|turn|3
|
|switch|p2a: Salamence|Salamence, M|394\/394
|-ability|p2a: Salamence|Intimidate|[of] p1a: Lucario
|-unboost|p1a: Lucario|atk|1
|move|p1a: Lucario|Close Combat|p2a: Salamence
|-resisted|p2a: Salamence
|-damage|p2a: Salamence|308\/394
|-unboost|p1a: Lucario|def|1
|-unboost|p1a: Lucario|spd|1
|
|-heal|p2a: Salamence|332\/394|[from] item: Leftovers
|turn|4
|
|switch|p1a: Umbreon|Umbreon, M|394\/394
|switch|p2a: Keldeo|Keldeo|323\/323
|
|turn|5
|
|move|p1a: Umbreon|Protect|p1a: Umbreon
|-singleturn|p1a: Umbreon|Protect
|move|p2a: Keldeo|Icy Wind|p1a: Umbreon
|-activate|p1a: Umbreon|Protect
|
|turn|6
|
|move|p2a: Keldeo|Hydro Pump|p1a: Umbreon|[miss]
|-miss|p2a: Keldeo|p1a: Umbreon
|move|p1a: Umbreon|Toxic|p2a: Keldeo
|-status|p2a: Keldeo|tox
|
|-damage|p2a: Keldeo|303\/323 tox|[from] psn
|turn|7
|
|switch|p2a: Victini|Victini|342\/342
|switch|p1a: Espeon|Espeon, M|272\/272
|
|turn|8
|
|move|p2a: Victini|U-turn|p1a: Espeon
|-supereffective|p1a: Espeon
|-damage|p1a: Espeon|30\/272
|
|switch|p2a: Ferrothorn|Ferrothorn, F|352\/352
|move|p1a: Espeon|Shadow Ball|p2a: Ferrothorn
|-damage|p2a: Ferrothorn|274\/352
|-damage|p1a: Espeon|3\/272|[from] item: Life Orb
|
|turn|9
|
|switch|p1a: Lucario|Lucario, M|217\/282
|move|p2a: Ferrothorn|Gyro Ball|p1a: Lucario
|-resisted|p1a: Lucario
|-damage|p1a: Lucario|51\/282
|
|turn|10
|
|switch|p1a: Umbreon|Umbreon, M|394\/394
|switch|p2a: Salamence|Salamence, M|332\/394
|-ability|p2a: Salamence|Intimidate|[of] p1a: Umbreon
|-unboost|p1a: Umbreon|atk|1
|
|-heal|p2a: Salamence|356\/394|[from] item: Leftovers
|turn|11
|
|switch|p2a: Keldeo|Keldeo|303\/323 tox
|move|p1a: Umbreon|Foul Play|p2a: Keldeo
|-resisted|p2a: Keldeo
|-damage|p2a: Keldeo|259\/323 tox
|-boost|p2a: Keldeo|atk|1|[from] ability: Justified
|
|-damage|p2a: Keldeo|239\/323 tox|[from] psn
|turn|12
|
|switch|p2a: Victini|Victini|342\/342
|move|p1a: Umbreon|Protect|p1a: Umbreon
|-fail|p1a: Umbreon
|
|turn|13
|
|move|p1a: Umbreon|Protect|p1a: Umbreon
|-singleturn|p1a: Umbreon|Protect
|move|p2a: Victini|V-create|p1a: Umbreon
|-activate|p1a: Umbreon|Protect
|
|turn|14
|
|move|p2a: Victini|V-create|p1a: Umbreon
|-damage|p1a: Umbreon|208\/394
|-unboost|p2a: Victini|def|1
|-unboost|p2a: Victini|spd|1
|-unboost|p2a: Victini|spe|1
|move|p1a: Umbreon|Wish|p1a: Umbreon
|
|-heal|p1a: Umbreon|232\/394|[from] item: Leftovers
|turn|15
|
|switch|p2a: Keldeo|Keldeo|239\/323 tox
|move|p1a: Umbreon|Foul Play|p2a: Keldeo
|-resisted|p2a: Keldeo
|-damage|p2a: Keldeo|201\/323 tox
|-boost|p2a: Keldeo|atk|1|[from] ability: Justified
|
|-heal|p1a: Umbreon|394\/394|[from] move: Wish|[wisher] Umbreon
|-damage|p2a: Keldeo|181\/323 tox|[from] psn
|turn|16
|
|move|p1a: Umbreon|Protect|p1a: Umbreon
|-singleturn|p1a: Umbreon|Protect
|move|p2a: Keldeo|Hydro Pump|p1a: Umbreon
|-activate|p1a: Umbreon|Protect
|
|-damage|p2a: Keldeo|141\/323 tox|[from] psn
|turn|17
|
|move|p2a: Keldeo|Sacred Sword|p1a: Umbreon
|-supereffective|p1a: Umbreon
|-damage|p1a: Umbreon|191\/394
|-damage|p2a: Keldeo|109\/323 tox|[from] item: Life Orb
|move|p1a: Umbreon|Wish|p1a: Umbreon
|
|-heal|p1a: Umbreon|215\/394|[from] item: Leftovers
|-damage|p2a: Keldeo|49\/323 tox|[from] psn
|turn|18
|
|switch|p2a: Ferrothorn|Ferrothorn, F|274\/352
|move|p1a: Umbreon|Protect|p1a: Umbreon
|-fail|p1a: Umbreon
|
|-heal|p1a: Umbreon|394\/394|[from] move: Wish|[wisher] Umbreon
|turn|19
|
|switch|p1a: Espeon|Espeon, M|3\/272
|move|p2a: Ferrothorn|Knock Off|p1a: Espeon
|-supereffective|p1a: Espeon
|-damage|p1a: Espeon|0 fnt
|faint|p1a: Espeon
|
|
|switch|p1a: Scizor|Scizor, M|262\/262
|turn|20
|
|switch|p2a: Salamence|Salamence, M|356\/394
|-ability|p2a: Salamence|Intimidate|[of] p1a: Scizor
|-unboost|p1a: Scizor|atk|1
|move|p1a: Scizor|Swords Dance|p1a: Scizor
|-boost|p1a: Scizor|atk|2
|
|-heal|p2a: Salamence|380\/394|[from] item: Leftovers
|turn|21
|
|switch|p1a: Umbreon|Umbreon, M|394\/394
|move|p2a: Salamence|Dragon Tail|p1a: Umbreon|[miss]
|-miss|p2a: Salamence|p1a: Umbreon
|
|-heal|p2a: Salamence|394\/394|[from] item: Leftovers
|turn|22
|
|switch|p2a: Ferrothorn|Ferrothorn, F|274\/352
|move|p1a: Umbreon|Foul Play|p2a: Ferrothorn
|-damage|p2a: Ferrothorn|150\/352
|-damage|p1a: Umbreon|345\/394|[from] ability: Iron Barbs|[of] p2a: Ferrothorn
|
|-heal|p1a: Umbreon|369\/394|[from] item: Leftovers
|turn|23
|
|switch|p2a: Ditto|Ditto|300\/300
|-transform|p2a: Ditto|p1a: Umbreon
|move|p1a: Umbreon|Foul Play|p2a: Ditto
|-resisted|p2a: Ditto
|-damage|p2a: Ditto|278\/300
|
|-heal|p1a: Umbreon|393\/394|[from] item: Leftovers
|turn|24
|
|move|p1a: Umbreon|Protect|p1a: Umbreon
|-singleturn|p1a: Umbreon|Protect
|move|p2a: Ditto|Wish|p2a: Ditto
|
|-heal|p1a: Umbreon|394\/394|[from] item: Leftovers
|turn|25
|
|switch|p2a: Ferrothorn|Ferrothorn, F|150\/352
|move|p1a: Umbreon|Foul Play|p2a: Ferrothorn
|-damage|p2a: Ferrothorn|39\/352
|-damage|p1a: Umbreon|345\/394|[from] ability: Iron Barbs|[of] p2a: Ferrothorn
|
|-heal|p2a: Ferrothorn|189\/352|[from] move: Wish|[wisher] Ditto
|-heal|p1a: Umbreon|369\/394|[from] item: Leftovers
|turn|26
|
|switch|p2a: Ditto|Ditto|278\/300
|-transform|p2a: Ditto|p1a: Umbreon
|move|p1a: Umbreon|Foul Play|p2a: Ditto
|-resisted|p2a: Ditto
|-damage|p2a: Ditto|254\/300
|
|-heal|p1a: Umbreon|393\/394|[from] item: Leftovers
|turn|27
|
|switch|p1a: Lucario|Lucario, M|51\/282
|move|p2a: Ditto|Toxic|p1a: Lucario|[miss]
|-miss|p2a: Ditto|p1a: Lucario
|
|turn|28
|
|switch|p2a: Salamence|Salamence, M|394\/394
|-ability|p2a: Salamence|Intimidate|[of] p1a: Lucario
|-unboost|p1a: Lucario|atk|1
|move|p1a: Lucario|Close Combat|p2a: Salamence
|-resisted|p2a: Salamence
|-damage|p2a: Salamence|338\/394
|-unboost|p1a: Lucario|def|1
|-unboost|p1a: Lucario|spd|1
|
|-heal|p2a: Salamence|362\/394|[from] item: Leftovers
|turn|29
|
|switch|p1a: Umbreon|Umbreon, M|393\/394
|move|p2a: Salamence|Wish|p2a: Salamence
|
|-heal|p2a: Salamence|386\/394|[from] item: Leftovers
|-heal|p1a: Umbreon|394\/394|[from] item: Leftovers
|turn|30
|
|switch|p2a: Ferrothorn|Ferrothorn, F|189\/352
|move|p1a: Umbreon|Foul Play|p2a: Ferrothorn
|-damage|p2a: Ferrothorn|60\/352
|-damage|p1a: Umbreon|345\/394|[from] ability: Iron Barbs|[of] p2a: Ferrothorn
|
|-heal|p2a: Ferrothorn|257\/352|[from] move: Wish|[wisher] Salamence
|-heal|p1a: Umbreon|369\/394|[from] item: Leftovers
|turn|31
|
|move|p1a: Umbreon|Foul Play|p2a: Ferrothorn
|-damage|p2a: Ferrothorn|148\/352
|-damage|p1a: Umbreon|320\/394|[from] ability: Iron Barbs|[of] p2a: Ferrothorn
|move|p2a: Ferrothorn|Knock Off|p1a: Umbreon
|-resisted|p1a: Umbreon
|-damage|p1a: Umbreon|289\/394
|-enditem|p1a: Umbreon|Leftovers|[from] move: Knock Off|[of] p2a: Ferrothorn
|
|turn|32
|
|switch|p2a: Ditto|Ditto|254\/300
|-transform|p2a: Ditto|p1a: Umbreon
|move|p1a: Umbreon|Foul Play|p2a: Ditto
|-resisted|p2a: Ditto
|-damage|p2a: Ditto|230\/300
|
|turn|33
|
|move|p2a: Ditto|Toxic|p1a: Umbreon
|-status|p1a: Umbreon|tox
|-status|p2a: Ditto|tox
|move|p1a: Umbreon|Wish|p1a: Umbreon
|
|-damage|p2a: Ditto|212\/300 tox|[from] psn
|-damage|p1a: Umbreon|265\/394 tox|[from] psn
|turn|34
|
|switch|p2a: Salamence|Salamence, M|386\/394
|-ability|p2a: Salamence|Intimidate|[of] p1a: Umbreon
|-unboost|p1a: Umbreon|atk|1
|switch|p1a: Lucario|Lucario, M|51\/282
|
|-heal|p1a: Lucario|248\/282|[from] move: Wish|[wisher] Umbreon
|-heal|p2a: Salamence|394\/394|[from] item: Leftovers
|turn|35
|
|switch|p1a: Umbreon|Umbreon, M|265\/394 tox
|move|p2a: Salamence|Wish|p2a: Salamence
|
|-damage|p1a: Umbreon|241\/394 tox|[from] psn
|turn|36
|
|switch|p2a: Ferrothorn|Ferrothorn, F|148\/352
|move|p1a: Umbreon|Wish|p1a: Umbreon
|
|-heal|p2a: Ferrothorn|345\/352|[from] move: Wish|[wisher] Salamence
|-damage|p1a: Umbreon|193\/394 tox|[from] psn
|turn|37
|
|move|p1a: Umbreon|Foul Play|p2a: Ferrothorn
|-damage|p2a: Ferrothorn|224\/352
|-damage|p1a: Umbreon|144\/394 tox|[from] ability: Iron Barbs|[of] p2a: Ferrothorn
|move|p2a: Ferrothorn|Bulldoze|p1a: Umbreon
|-damage|p1a: Umbreon|100\/394 tox
|-unboost|p1a: Umbreon|spe|1
|
|-heal|p1a: Umbreon|297\/394 tox|[from] move: Wish|[wisher] Umbreon
|-damage|p1a: Umbreon|225\/394 tox|[from] psn
|turn|38
|
|switch|p1a: Lucario|Lucario, M|248\/282
|move|p2a: Ferrothorn|Power Whip|p1a: Lucario
|-resisted|p1a: Lucario
|-damage|p1a: Lucario|120\/282
|
|turn|39
|
|switch|p1a: Latios|Latios, M|122\/302
|switch|p2a: Salamence|Salamence, M|394\/394
|-ability|p2a: Salamence|Intimidate|[of] p1a: Latios
|-unboost|p1a: Latios|atk|1
|
|turn|40
|
|switch|p2a: Tyranitar|Tyranitar, F|342\/342
|-weather|Sandstorm
|move|p1a: Latios|Draco Meteor|p2a: Tyranitar
|-damage|p2a: Tyranitar|125\/342
|-unboost|p1a: Latios|spa|2
|
|-weather|Sandstorm|[upkeep]
|-damage|p1a: Latios|104\/302|[from] sandstorm
|turn|41
|
|switch|p1a: Scizor|Scizor, M|344\/344
|switch|p2a: Victini|Victini|342\/342
|
|-weather|Sandstorm|[upkeep]
|-damage|p2a: Victini|321\/342|[from] sandstorm
|turn|42
|
|move|p2a: Victini|V-create|p1a: Scizor
|-supereffective|p1a: Scizor
|-damage|p1a: Scizor|0 fnt
|-unboost|p2a: Victini|def|1
|-unboost|p2a: Victini|spd|1
|-unboost|p2a: Victini|spe|1
|faint|p1a: Scizor
|
|-weather|Sandstorm|[upkeep]
|-damage|p2a: Victini|300\/342|[from] sandstorm
|
|switch|p1a: Latios|Latios, M|262\/262
|turn|43
|
|switch|p2a: Ferrothorn|Ferrothorn, F|224\/352
|move|p1a: Latios|Low Kick|p2a: Ferrothorn
|-supereffective|p2a: Ferrothorn
|-damage|p2a: Ferrothorn|34\/352
|-damage|p1a: Latios|230\/262|[from] ability: Iron Barbs|[of] p2a: Ferrothorn
|
|-weather|Sandstorm|[upkeep]
|-damage|p1a: Latios|214\/262|[from] sandstorm
|turn|44
|
|switch|p2a: Ditto|Ditto|212\/300 tox
|move|p1a: Latios|Knock Off|p2a: Ditto
|-damage|p2a: Ditto|0 fnt
|faint|p2a: Ditto
|
|-weather|none
|
|switch|p2a: Victini|Victini|300\/342
|turn|45
|
|move|p1a: Latios|Sucker Punch|p2a: Victini
|-supereffective|p2a: Victini
|-damage|p2a: Victini|30\/342
|move|p2a: Victini|U-turn|p1a: Latios
|-supereffective|p1a: Latios
|replace|p1a: Zoroark|Zoroark, M|214\/262
|-damage|p1a: Zoroark|2\/262
|
|switch|p2a: Ferrothorn|Ferrothorn, F|34\/352
|
|turn|46
|
|move|p1a: Zoroark|Low Kick|p2a: Ferrothorn
|-supereffective|p2a: Ferrothorn
|-damage|p2a: Ferrothorn|0 fnt
|-damage|p1a: Zoroark|0 fnt|[from] ability: Iron Barbs|[of] p2a: Ferrothorn
|faint|p2a: Ferrothorn
|faint|p1a: Zoroark
|
|
|switch|p2a: Victini|Victini|30\/342
|switch|p1a: Latios|Latios, M|104\/302
|turn|47
|
|switch|p2a: Keldeo|Keldeo|49\/323 tox
|switch|p1a: Lucario|Lucario, M|120\/282
|
|-damage|p2a: Keldeo|29\/323 tox|[from] psn
|turn|48
|
|switch|p1a: Umbreon|Umbreon, M|225\/394 tox
|move|p2a: Keldeo|Sacred Sword|p1a: Umbreon
|-crit|p1a: Umbreon
|-supereffective|p1a: Umbreon
|-damage|p1a: Umbreon|46\/394 tox
|-damage|p2a: Keldeo|0 fnt|[from] item: Life Orb
|faint|p2a: Keldeo
|
|-damage|p1a: Umbreon|22\/394 tox|[from] psn
|
|switch|p2a: Tyranitar|Tyranitar, F|125\/342
|-weather|Sandstorm
|turn|49
|
|-formechange|p2a: Tyranitar|Tyranitar-Mega
|message|Tyranitar has Mega Evolved into Mega Tyranitar!
|move|p2a: Tyranitar|Dragon Dance|p2a: Tyranitar
|-boost|p2a: Tyranitar|atk|1
|-boost|p2a: Tyranitar|spe|1
|move|p1a: Umbreon|Foul Play|p2a: Tyranitar
|-resisted|p2a: Tyranitar
|-damage|p2a: Tyranitar|20\/342
|
|-weather|Sandstorm|[upkeep]
|-damage|p1a: Umbreon|0 fnt|[from] sandstorm
|faint|p1a: Umbreon
|
|switch|p1a: Lucario|Lucario, M|120\/282
|turn|50
|
|move|p1a: Lucario|Extreme Speed|p2a: Tyranitar
|-resisted|p2a: Tyranitar
|-damage|p2a: Tyranitar|0 fnt
|faint|p2a: Tyranitar
|
|-weather|Sandstorm|[upkeep]
|
|switch|p2a: Salamence|Salamence, M|394\/394
|-ability|p2a: Salamence|Intimidate|[of] p1a: Lucario
|-unboost|p1a: Lucario|atk|1
|turn|51
|
|switch|p1a: Latios|Latios, M|104\/302
|move|p2a: Salamence|Wish|p2a: Salamence
|
|-weather|Sandstorm|[upkeep]
|-damage|p1a: Latios|86\/302|[from] sandstorm
|-damage|p2a: Salamence|370\/394|[from] sandstorm
|-heal|p2a: Salamence|394\/394|[from] item: Leftovers
|turn|52
|
|move|p1a: Latios|Draco Meteor|p2a: Salamence|[miss]
|-miss|p1a: Latios|p2a: Salamence
|move|p2a: Salamence|Dragon Tail|p1a: Latios
|-supereffective|p1a: Latios
|-damage|p1a: Latios|0 fnt
|faint|p1a: Latios
|
|-weather|Sandstorm|[upkeep]
|-damage|p2a: Salamence|370\/394|[from] sandstorm
|-heal|p2a: Salamence|394\/394|[from] move: Wish|[wisher] Salamence
|-message|dark08 forfeited.
|
|win|LeQuaN
|raw|Ladder updating...
|raw|dark08's rating: 1769 &rarr; <strong>1735<\/strong><br \/>(-34 for losing)
|raw|LeQuaN's rating: 1470 &rarr; <strong>1504<\/strong><br \/>(+34 for winning)
|leave|dark08
|player|p1
|chat|LeQuaN|lol, you misssed