|join|dark08
|join|Nobody can stop me
|player|p1|dark08|162
|player|p2|Nobody can stop me|293
|gametype|singles
|gen|6
|tier|OU
|rated
|clearpoke
|poke|p1|Lucario, M
|poke|p1|Zoroark, M
|poke|p1|Latios, M
|poke|p1|Scizor, M
|poke|p1|Espeon, M
|poke|p1|Umbreon, M
|poke|p2|Hippowdon, F
|poke|p2|Zapdos
|poke|p2|Latias, F
|poke|p2|Garchomp, M, shiny
|poke|p2|Bisharp, M, shiny
|poke|p2|Azumarill, F
|rule|Swagger Clause: Swagger is banned
|rule|Baton Pass Clause: Limit one PokÃ©mon knowing Baton Pass
|rule|Sleep Clause Mod: Limit one foe put to sleep
|rule|Species Clause: Limit one of each PokÃ©mon
|rule|OHKO Clause: OHKO moves are banned
|rule|Moody Clause: Moody is banned
|rule|Evasion Moves Clause: Evasion moves are banned
|rule|Endless Battle Clause: Forcing endless battles is banned
|rule|HP Percentage Mod: HP is shown in percentages
|teampreview
|
|start
|switch|p1a: Scizor|Scizor, M|343\/343
|switch|p2a: Azumarill|Azumarill, F|401\/401
|turn|1
|
|switch|p2a: Zapdos|Zapdos|371\/371
|-ability|p2a: Zapdos|Pressure
|detailschange|p1a: Scizor|Scizor-Mega, M
|message|Scizor has Mega Evolved into Mega Scizor!
|move|p1a: Scizor|Bullet Punch|p2a: Zapdos
|-resisted|p2a: Zapdos
|-damage|p2a: Zapdos|322\/371
|
|-heal|p2a: Zapdos|345\/371|[from] item: Leftovers
|turn|2
|
|switch|p1a: Latios|Latios, M|302\/302
|move|p2a: Zapdos|Thunderbolt|p1a: Latios
|-resisted|p1a: Latios
|-damage|p1a: Latios|241\/302
|
|-heal|p2a: Zapdos|368\/371|[from] item: Leftovers
|turn|3
|
|move|p1a: Latios|Psyshock|p2a: Zapdos
|-damage|p2a: Zapdos|194\/371
|move|p2a: Zapdos|Roost|p2a: Zapdos
|-heal|p2a: Zapdos|371\/371
|
|turn|4
|
|switch|p1a: Umbreon|Umbreon, M|394\/394
|move|p2a: Zapdos|Thunderbolt|p1a: Umbreon
|-damage|p1a: Umbreon|279\/394
|
|-heal|p1a: Umbreon|303\/394|[from] item: Leftovers
|turn|5
|
|switch|p2a: Garchomp|Garchomp, M, shiny|357\/357
|move|p1a: Umbreon|Toxic|p2a: Garchomp
|-status|p2a: Garchomp|tox
|
|-heal|p1a: Umbreon|327\/394|[from] item: Leftovers
|-damage|p2a: Garchomp|335\/357 tox|[from] psn
|turn|6
|
|detailschange|p2a: Garchomp|Garchomp-Mega, M, shiny
|message|Garchomp has Mega Evolved into Mega Garchomp!
|move|p2a: Garchomp|Draco Meteor|p1a: Umbreon
|-damage|p1a: Umbreon|147\/394
|-unboost|p2a: Garchomp|spa|2
|move|p1a: Umbreon|Wish|p1a: Umbreon
|
|-heal|p1a: Umbreon|171\/394|[from] item: Leftovers
|-damage|p2a: Garchomp|291\/357 tox|[from] psn
|turn|7
|
|switch|p2a: Hippowdon|Hippowdon, F|420\/420
|-weather|Sandstorm
|move|p1a: Umbreon|Toxic|p2a: Hippowdon
|-status|p2a: Hippowdon|tox
|
|-weather|Sandstorm|[upkeep]
|-damage|p1a: Umbreon|147\/394|[from] sandstorm
|-heal|p1a: Umbreon|344\/394|[from] move: Wish|[wisher] Umbreon
|-heal|p1a: Umbreon|368\/394|[from] item: Leftovers
|-damage|p2a: Hippowdon|394\/420 tox|[from] psn
|turn|8
|
|move|p1a: Umbreon|Protect|p1a: Umbreon
|-singleturn|p1a: Umbreon|Protect
|move|p2a: Hippowdon|Toxic|p1a: Umbreon
|-activate|p1a: Umbreon|Protect
|
|-weather|Sandstorm|[upkeep]
|-damage|p1a: Umbreon|344\/394|[from] sandstorm
|-heal|p1a: Umbreon|368\/394|[from] item: Leftovers
|-heal|p2a: Hippowdon|420\/420 tox|[from] item: Leftovers
|-damage|p2a: Hippowdon|368\/420 tox|[from] psn
|turn|9
|
|switch|p1a: Scizor|Scizor-Mega, M|343\/343
|move|p2a: Hippowdon|Stealth Rock|p1a: Scizor
|-sidestart|p1: dark08|move: Stealth Rock
|
|-weather|Sandstorm|[upkeep]
|-heal|p2a: Hippowdon|394\/420 tox|[from] item: Leftovers
|-damage|p2a: Hippowdon|316\/420 tox|[from] psn
|turn|10
|chat|dark08|nice
|
|switch|p2a: Zapdos|Zapdos|371\/371
|-ability|p2a: Zapdos|Pressure
|move|p1a: Scizor|U-turn|p2a: Zapdos
|-resisted|p2a: Zapdos
|-damage|p2a: Zapdos|305\/371
|
|switch|p1a: Latios|Latios, M|241\/302
|-damage|p1a: Latios|204\/302|[from] Stealth Rock
|
|-weather|Sandstorm|[upkeep]
|-damage|p1a: Latios|186\/302|[from] sandstorm
|-damage|p2a: Zapdos|282\/371|[from] sandstorm
|-heal|p2a: Zapdos|305\/371|[from] item: Leftovers
|turn|11
|
|move|p1a: Latios|Draco Meteor|p2a: Zapdos
|-crit|p2a: Zapdos
|-damage|p2a: Zapdos|0 fnt
|-unboost|p1a: Latios|spa|2
|faint|p2a: Zapdos
|
|-weather|none
|chat|Nobody can stop me|=(
|
|switch|p2a: Bisharp|Bisharp, M, shiny|271\/271
|turn|12
|
|switch|p1a: Lucario|Lucario, M|282\/282
|-damage|p1a: Lucario|274\/282|[from] Stealth Rock
|move|p2a: Bisharp|Swords Dance|p2a: Bisharp
|-boost|p2a: Bisharp|atk|2
|
|turn|13
|
|move|p2a: Bisharp|Sucker Punch|p1a: Lucario
|-resisted|p1a: Lucario
|-damage|p1a: Lucario|11\/282
|-boost|p1a: Lucario|atk|1|[from] ability: Justified
|-damage|p2a: Bisharp|244\/271|[from] item: Life Orb
|move|p1a: Lucario|Close Combat|p2a: Bisharp
|-supereffective|p2a: Bisharp
|-damage|p2a: Bisharp|0 fnt
|-unboost|p1a: Lucario|def|1
|-unboost|p1a: Lucario|spd|1
|-damage|p1a: Lucario|0 fnt|[from] item: Life Orb
|faint|p2a: Bisharp
|faint|p1a: Lucario
|
|chat|Nobody can stop me|lol
|chat|Nobody can stop me|min damage
|chat|Nobody can stop me|what a bad lucky =(
|chat|dark08|really?
|chat|dark08|after S.D that kills lucario
|chat|Nobody can stop me|tes, but nothing
|chat|Nobody can stop me|it's pokÃ¨mon
|chat|dark08|seems insane when he resists it haha
|chat|Nobody can stop me|Adamant Bisharp
|chat|Nobody can stop me|not Jolly
|chat|dark08|damn thats insane damage
|
|switch|p1a: Scizor|Scizor-Mega, M|343\/343
|-damage|p1a: Scizor|301\/343|[from] Stealth Rock
|switch|p2a: Azumarill|Azumarill, F|401\/401
|turn|14
|
|move|p1a: Scizor|Swords Dance|p1a: Scizor
|-boost|p1a: Scizor|atk|2
|move|p2a: Azumarill|Waterfall|p1a: Scizor
|-damage|p1a: Scizor|175\/343
|
|turn|15
|
|switch|p2a: Garchomp|Garchomp-Mega, M, shiny|291\/357 tox
|move|p1a: Scizor|Roost|p1a: Scizor
|-heal|p1a: Scizor|343\/343
|
|-damage|p2a: Garchomp|269\/357 tox|[from] psn
|turn|16
|
|move|p1a: Scizor|Bullet Punch|p2a: Garchomp
|-damage|p2a: Garchomp|35\/357 tox
|move|p2a: Garchomp|Fire Blast|p1a: Scizor
|-supereffective|p1a: Scizor
|-damage|p1a: Scizor|0 fnt
|faint|p1a: Scizor
|
|-damage|p2a: Garchomp|0 fnt|[from] psn
|faint|p2a: Garchomp
|
|switch|p1a: Umbreon|Umbreon, M|368\/394
|-damage|p1a: Umbreon|319\/394|[from] Stealth Rock
|switch|p2a: Azumarill|Azumarill, F|401\/401
|turn|17
|
|move|p1a: Umbreon|Toxic|p2a: Azumarill
|-status|p2a: Azumarill|tox
|move|p2a: Azumarill|Play Rough|p1a: Umbreon
|-supereffective|p1a: Umbreon
|-damage|p1a: Umbreon|67\/394
|
|-heal|p1a: Umbreon|91\/394|[from] item: Leftovers
|-damage|p2a: Azumarill|376\/401 tox|[from] psn
|turn|18
|
|move|p1a: Umbreon|Protect|p1a: Umbreon
|-singleturn|p1a: Umbreon|Protect
|move|p2a: Azumarill|Waterfall|p1a: Umbreon
|-activate|p1a: Umbreon|Protect
|
|-heal|p1a: Umbreon|115\/394|[from] item: Leftovers
|-damage|p2a: Azumarill|326\/401 tox|[from] psn
|turn|19
|
|move|p1a: Umbreon|Wish|p1a: Umbreon
|move|p2a: Azumarill|Play Rough|p1a: Umbreon
|-supereffective|p1a: Umbreon
|-damage|p1a: Umbreon|0 fnt
|faint|p1a: Umbreon
|
|-damage|p2a: Azumarill|251\/401 tox|[from] psn
|
|switch|p1a: Latios|Latios, M|186\/302
|-damage|p1a: Latios|149\/302|[from] Stealth Rock
|turn|20
|
|move|p1a: Latios|Psyshock|p2a: Azumarill
|-damage|p2a: Azumarill|14\/401 tox
|move|p2a: Azumarill|Knock Off|p1a: Latios
|-supereffective|p1a: Latios
|-damage|p1a: Latios|0 fnt
|-enditem|p1a: Latios|Choice Specs|[from] move: Knock Off|[of] p2a: Azumarill
|faint|p1a: Latios
|
|-damage|p2a: Azumarill|0 fnt|[from] psn
|faint|p2a: Azumarill
|
|switch|p1a: Espeon|Espeon, M|262\/262
|-damage|p1a: Espeon|230\/262|[from] Stealth Rock
|switch|p2a: Hippowdon|Hippowdon, F|316\/420 tox
|-weather|Sandstorm
|turn|21
|
|move|p1a: Espeon|Knock Off|p2a: Hippowdon
|-damage|p2a: Hippowdon|187\/420 tox
|-enditem|p2a: Hippowdon|Leftovers|[from] move: Knock Off|[of] p1a: Espeon
|move|p2a: Hippowdon|Earthquake|p1a: Espeon
|replace|p1a: Zoroark|Zoroark, M|230\/262
|-damage|p1a: Zoroark|37\/262
|
|-weather|Sandstorm|[upkeep]
|-damage|p1a: Zoroark|21\/262|[from] sandstorm
|-damage|p2a: Hippowdon|161\/420 tox|[from] psn
|turn|22
|
|move|p1a: Zoroark|Sucker Punch|p2a: Hippowdon
|-fail|p2a: Hippowdon
|move|p2a: Hippowdon|Slack Off|p2a: Hippowdon
|-heal|p2a: Hippowdon|371\/420 tox
|
|-weather|Sandstorm|[upkeep]
|-damage|p1a: Zoroark|5\/262|[from] sandstorm
|-damage|p2a: Hippowdon|319\/420 tox|[from] psn
|turn|23
|
|move|p1a: Zoroark|Knock Off|p2a: Hippowdon
|-damage|p2a: Hippowdon|240\/420 tox
|move|p2a: Hippowdon|Slack Off|p2a: Hippowdon
|-heal|p2a: Hippowdon|420\/420 tox
|
|-weather|Sandstorm|[upkeep]
|-damage|p1a: Zoroark|0 fnt|[from] sandstorm
|-damage|p2a: Hippowdon|342\/420 tox|[from] psn
|faint|p1a: Zoroark
|
|switch|p1a: Espeon|Espeon, M|272\/272
|-damage|p1a: Espeon|238\/272|[from] Stealth Rock
|turn|24
|
|move|p1a: Espeon|Calm Mind|p1a: Espeon
|-boost|p1a: Espeon|spa|1
|-boost|p1a: Espeon|spd|1
|move|p2a: Hippowdon|Earthquake|p1a: Espeon
|-damage|p1a: Espeon|30\/272
|
|-weather|Sandstorm|[upkeep]
|-damage|p1a: Espeon|13\/272|[from] sandstorm
|-damage|p2a: Hippowdon|238\/420 tox|[from] psn
|turn|25
|
|move|p1a: Espeon|Shadow Ball|p2a: Hippowdon
|-damage|p2a: Hippowdon|38\/420 tox
|-damage|p1a: Espeon|0 fnt|[from] item: Life Orb
|faint|p1a: Espeon
|
|win|Nobody can stop me
|raw|Ladder updating...
|raw|dark08's rating: 1712 &rarr; <strong>1690<\/strong><br \/>(-22 for losing)
|raw|Nobody can stop me's rating: 1665 &rarr; <strong>1688<\/strong><br \/>(+23 for winning)
|chat|dark08|gg
|chat|Nobody can stop me|gg ^^
|leave|dark08
|player|p1