|join|SKG
|join|dark08
|player|p1|SKG|1
|player|p2|dark08|162
|gametype|singles
|gen|6
|tier|OU
|clearpoke
|poke|p1|Medicham, M
|poke|p1|Keldeo
|poke|p1|Scizor, M
|poke|p1|Zapdos
|poke|p1|Clefable, M
|poke|p1|Hippowdon, M
|poke|p2|Lucario, M
|poke|p2|Zoroark, M
|poke|p2|Latios, M
|poke|p2|Scizor, M
|poke|p2|Espeon, M
|poke|p2|Umbreon, M
|rule|Sleep Clause Mod: Limit one foe put to sleep
|rule|Species Clause: Limit one of each Pokemon
|rule|OHKO Clause: OHKO moves are banned
|rule|Moody Clause: Moody is banned
|rule|Evasion Moves Clause: Evasion moves are banned
|rule|Endless Battle Clause: Forcing endless battles is banned.
|rule|HP Percentage Mod: HP is reported as percentages
|teampreview
|chat|SKG|hey
|chat|dark08|whats up
|chat|SKG|not much you
|chat|SKG|gl
|chat|dark08|thx buddy u too
|chat|dark08|u hv to get your teams on the 3ds lol
|chat|SKG|ill tyr
|chat|SKG|yry
|chat|SKG|try
|chat|dark08|both hv scizor this should be interesting
|chat|SKG|yeah it should
|
|start
|switch|p1a: Scizor|Scizor, M|343\/343
|switch|p2a: Scizor|Scizor, M|344\/344
|turn|1
|chat|SKG|lol
|
|move|p2a: Scizor|U-turn|p1a: Scizor
|-resisted|p1a: Scizor
|-damage|p1a: Scizor|249\/343
|chat|SKG|by the way do you have a uu team
|chat|dark08|nice lead haha
|
|switch|p2a: Lucario|Lucario, M|282\/282
|move|p1a: Scizor|U-turn|p2a: Lucario
|-resisted|p2a: Lucario
|-damage|p2a: Lucario|226\/282
|-damage|p1a: Scizor|215\/343|[from] item: Life Orb
|
|switch|p1a: Hippowdon|Hippowdon, M|419\/419
|-weather|Sandstorm
|
|-weather|Sandstorm|[upkeep]
|turn|2
|
|switch|p2a: Latios|Latios, M|302\/302
|move|p1a: Hippowdon|Earthquake|p2a: Latios
|-immune|p2a: Latios|[msg]
|
|-weather|Sandstorm|[upkeep]
|-damage|p2a: Latios|284\/302|[from] sandstorm
|turn|3
|chat|dark08|your team looks much tougher
|
|move|p2a: Latios|Surf|p1a: Hippowdon
|-supereffective|p1a: Hippowdon
|-damage|p1a: Hippowdon|139\/419
|move|p1a: Hippowdon|Stealth Rock|p2a: Latios
|-sidestart|p2: dark08|move: Stealth Rock
|
|-weather|Sandstorm|[upkeep]
|-damage|p2a: Latios|266\/302|[from] sandstorm
|-heal|p1a: Hippowdon|165\/419|[from] item: Leftovers
|turn|4
|chat|SKG|yeah i tried to make this one the best that i could
|
|switch|p1a: Clefable|Clefable, M|394\/394
|move|p2a: Latios|Surf|p1a: Clefable
|-damage|p1a: Clefable|253\/394
|
|-weather|Sandstorm|[upkeep]
|-damage|p2a: Latios|248\/302|[from] sandstorm
|-heal|p1a: Clefable|277\/394|[from] item: Leftovers
|turn|5
|
|switch|p2a: Espeon|Espeon, M|272\/272
|-damage|p2a: Espeon|238\/272|[from] Stealth Rock
|move|p1a: Clefable|Fire Blast|p2a: Espeon
|-damage|p2a: Espeon|158\/272
|
|-weather|none
|-heal|p1a: Clefable|301\/394|[from] item: Leftovers
|turn|6
|chat|dark08|nice lol
|
|move|p2a: Espeon|Psyshock|p1a: Clefable
|-damage|p1a: Clefable|87\/394
|-damage|p2a: Espeon|131\/272|[from] item: Life Orb
|move|p1a: Clefable|Moonlight|p1a: Clefable
|-heal|p1a: Clefable|284\/394
|
|-heal|p1a: Clefable|308\/394|[from] item: Leftovers
|turn|7
|chat|SKG|yeah was hoping for luc
|
|move|p2a: Espeon|Calm Mind|p2a: Espeon
|-boost|p2a: Espeon|spa|1
|-boost|p2a: Espeon|spd|1
|move|p1a: Clefable|Moonblast|p2a: Espeon
|-damage|p2a: Espeon|55\/272
|-unboost|p2a: Espeon|spa|1
|
|-heal|p1a: Clefable|332\/394|[from] item: Leftovers
|turn|8
|chat|dark08|that or scizor even
|chat|SKG|nice
|
|move|p2a: Espeon|Psyshock|p1a: Clefable
|-damage|p1a: Clefable|140\/394
|-damage|p2a: Espeon|28\/272|[from] item: Life Orb
|move|p1a: Clefable|Moonblast|p2a: Espeon
|-damage|p2a: Espeon|0 fnt
|faint|p2a: Espeon
|
|-heal|p1a: Clefable|164\/394|[from] item: Leftovers
|chat|SKG|yeah
|
|switch|p2a: Scizor|Scizor, M|344\/344
|-damage|p2a: Scizor|301\/344|[from] Stealth Rock
|turn|9
|
|switch|p1a: Zapdos|Zapdos|384\/384
|-ability|p1a: Zapdos|Pressure
|move|p2a: Scizor|U-turn|p1a: Zapdos
|-resisted|p1a: Zapdos
|-damage|p1a: Zapdos|300\/384
|chat|dark08|phew
|
|switch|p2a: Umbreon|Umbreon, M|394\/394
|-damage|p2a: Umbreon|345\/394|[from] Stealth Rock
|
|-heal|p1a: Zapdos|324\/384|[from] item: Leftovers
|-heal|p2a: Umbreon|369\/394|[from] item: Leftovers
|turn|10
|
|switch|p1a: Scizor|Scizor, M|215\/343
|move|p2a: Umbreon|Toxic|p1a: Scizor
|-fail|p1a: Scizor
|
|-heal|p2a: Umbreon|393\/394|[from] item: Leftovers
|turn|11
|
|move|p2a: Umbreon|Foul Play|p1a: Scizor
|-damage|p1a: Scizor|38\/343
|move|p1a: Scizor|U-turn|p2a: Umbreon
|-supereffective|p2a: Umbreon
|-damage|p2a: Umbreon|188\/394
|-damage|p1a: Scizor|4\/343|[from] item: Life Orb
|
|switch|p1a: Keldeo|Keldeo|322\/322
|
|-heal|p2a: Umbreon|212\/394|[from] item: Leftovers
|turn|12
|
|move|p2a: Umbreon|Protect|p2a: Umbreon
|-singleturn|p2a: Umbreon|Protect
|move|p1a: Keldeo|Secret Sword|p2a: Umbreon
|-activate|p2a: Umbreon|Protect
|
|-heal|p2a: Umbreon|236\/394|[from] item: Leftovers
|turn|13
|
|switch|p2a: Latios|Latios, M|248\/302
|-damage|p2a: Latios|211\/302|[from] Stealth Rock
|move|p1a: Keldeo|Secret Sword|p2a: Latios
|-resisted|p2a: Latios
|-damage|p2a: Latios|67\/302
|
|turn|14
|
|switch|p1a: Hippowdon|Hippowdon, M|165\/419
|-weather|Sandstorm
|move|p2a: Latios|Psyshock|p1a: Hippowdon
|-damage|p1a: Hippowdon|0 fnt
|faint|p1a: Hippowdon
|
|-weather|Sandstorm|[upkeep]
|-damage|p2a: Latios|49\/302|[from] sandstorm
|
|switch|p1a: Scizor|Scizor, M|4\/343
|turn|15
|
|switch|p2a: Scizor|Scizor, M|301\/344
|-damage|p2a: Scizor|258\/344|[from] Stealth Rock
|move|p1a: Scizor|Bullet Punch|p2a: Scizor
|-resisted|p2a: Scizor
|-damage|p2a: Scizor|184\/344
|-damage|p1a: Scizor|0 fnt|[from] item: Life Orb
|faint|p1a: Scizor
|
|-weather|Sandstorm|[upkeep]
|
|switch|p1a: Zapdos|Zapdos|324\/384
|-ability|p1a: Zapdos|Pressure
|turn|16
|
|switch|p2a: Umbreon|Umbreon, M|236\/394
|-damage|p2a: Umbreon|187\/394|[from] Stealth Rock
|move|p1a: Zapdos|Thunderbolt|p2a: Umbreon
|-damage|p2a: Umbreon|82\/394
|
|-weather|Sandstorm|[upkeep]
|-damage|p1a: Zapdos|300\/384|[from] sandstorm
|-damage|p2a: Umbreon|58\/394|[from] sandstorm
|-heal|p1a: Zapdos|324\/384|[from] item: Leftovers
|-heal|p2a: Umbreon|82\/394|[from] item: Leftovers
|turn|17
|
|move|p2a: Umbreon|Protect|p2a: Umbreon
|-singleturn|p2a: Umbreon|Protect
|move|p1a: Zapdos|Thunderbolt|p2a: Umbreon
|-activate|p2a: Umbreon|Protect
|
|-weather|Sandstorm|[upkeep]
|-damage|p1a: Zapdos|300\/384|[from] sandstorm
|-damage|p2a: Umbreon|58\/394|[from] sandstorm
|-heal|p1a: Zapdos|324\/384|[from] item: Leftovers
|-heal|p2a: Umbreon|82\/394|[from] item: Leftovers
|turn|18
|chat|SKG|the sand storm
|chat|SKG|yes
|chat|dark08|i know haha
|chat|dark08|its killing umbreon
|
|move|p1a: Zapdos|Thunderbolt|p2a: Umbreon
|-damage|p2a: Umbreon|0 fnt
|faint|p2a: Umbreon
|
|-weather|none
|-heal|p1a: Zapdos|348\/384|[from] item: Leftovers
|chat|SKG|yep
|chat|dark08|bad timing haha
|
|switch|p2a: Latios|Latios, M|49\/302
|-damage|p2a: Latios|12\/302|[from] Stealth Rock
|turn|19
|
|move|p2a: Latios|Trick|p1a: Zapdos
|-activate|p2a: Latios|move: Trick|[of] p1a: Zapdos
|-item|p1a: Zapdos|Choice Specs|[from] move: Trick
|-item|p2a: Latios|Leftovers|[from] move: Trick
|move|p1a: Zapdos|Thunderbolt|p2a: Latios
|-resisted|p2a: Latios
|-damage|p2a: Latios|0 fnt
|faint|p2a: Latios
|
|
|switch|p2a: Lucario|Lucario, M|262\/262
|-damage|p2a: Lucario|230\/262|[from] Stealth Rock
|turn|20
|chat|SKG|yu just gave a zapdos specs
|chat|SKG|what
|chat|dark08|i know i didn't want to risk u switching in cleafable lol
|
|move|p2a: Lucario|Knock Off|p1a: Zapdos
|-damage|p1a: Zapdos|183\/384
|-enditem|p1a: Zapdos|Choice Specs|[from] move: Knock Off|[of] p2a: Lucario
|-damage|p2a: Lucario|204\/262|[from] item: Life Orb
|move|p1a: Zapdos|Thunderbolt|p2a: Lucario
|replace|p2a: Zoroark|Zoroark, M|204\/262
|-damage|p2a: Zoroark|9\/262
|-status|p2a: Zoroark|par
|
|turn|21
|chat|SKG|wow par hax
|
|switch|p1a: Clefable|Clefable, M|164\/394
|move|p2a: Zoroark|Swords Dance|p2a: Zoroark
|-boost|p2a: Zoroark|atk|2
|
|-heal|p1a: Clefable|188\/394|[from] item: Leftovers
|turn|22
|chat|dark08|eh its w\/e
|
|move|p1a: Clefable|Moonblast|p2a: Zoroark
|-supereffective|p2a: Zoroark
|-damage|p2a: Zoroark|0 fnt
|faint|p2a: Zoroark
|
|-heal|p1a: Clefable|212\/394|[from] item: Leftovers
|
|switch|p2a: Scizor|Scizor, M|184\/344
|-damage|p2a: Scizor|141\/344|[from] Stealth Rock
|turn|23
|
|move|p2a: Scizor|Bullet Punch|p1a: Clefable
|-supereffective|p1a: Clefable
|-damage|p1a: Clefable|0 fnt
|faint|p1a: Clefable
|
|
|switch|p1a: Keldeo|Keldeo|322\/322
|turn|24
|
|move|p2a: Scizor|Bullet Punch|p1a: Keldeo
|-resisted|p1a: Keldeo
|-damage|p1a: Keldeo|230\/322
|move|p1a: Keldeo|Secret Sword|p2a: Scizor
|-damage|p2a: Scizor|0 fnt
|faint|p2a: Scizor
|
|
|switch|p2a: Lucario|Lucario, M|226\/282
|-damage|p2a: Lucario|218\/282|[from] Stealth Rock
|turn|25
|chat|SKG|gg do you have a uu team
|
|move|p2a: Lucario|Extreme Speed|p1a: Keldeo
|-damage|p1a: Keldeo|86\/322
|-damage|p2a: Lucario|190\/282|[from] item: Life Orb
|move|p1a: Keldeo|Secret Sword|p2a: Lucario
|-supereffective|p2a: Lucario
|-damage|p2a: Lucario|0 fnt
|faint|p2a: Lucario
|
|win|SKG
|chat|dark08|gg man
|chat|dark08|not exactly
|chat|dark08|just more under rated haha
|chat|dark08|i actually was able to get up to the 8th spot on the ladder with this team
|chat|SKG|wow do you want a rematch
|chat|dark08|sure man
|chat|SKG|k
|chat|dark08|after i could try out another team against u if your down
|chat|SKG|k
|chat|dark08|wait
|chat|dark08|how do u save the replays