|join|NorecuerdomiNick.
|join|dark08
|player|p1|NorecuerdomiNick.|209
|player|p2|dark08|153
|gametype|singles
|gen|6
|tier|OU
|rated
|clearpoke
|poke|p1|Landorus, M
|poke|p1|Conkeldurr, F
|poke|p1|Clefable, F
|poke|p1|Mandibuzz, F
|poke|p1|Metagross, shiny
|poke|p1|Gengar, M
|poke|p2|Lucario, M
|poke|p2|Latios, M
|poke|p2|Espeon, M
|poke|p2|Umbreon, M
|poke|p2|Infernape, F
|poke|p2|Scizor, M
|rule|Swagger Clause: Swagger is banned
|rule|Baton Pass Clause: Limit one PokÃ©mon knowing Baton Pass
|rule|Sleep Clause Mod: Limit one foe put to sleep
|rule|Species Clause: Limit one of each PokÃ©mon
|rule|OHKO Clause: OHKO moves are banned
|rule|Moody Clause: Moody is banned
|rule|Evasion Moves Clause: Evasion moves are banned
|rule|Endless Battle Clause: Forcing endless battles is banned
|rule|HP Percentage Mod: HP is shown in percentages
|teampreview
|
|start
|switch|p1a: Mandibuzz|Mandibuzz, F|411\/411
|switch|p2a: Infernape|Infernape, F|294\/294
|turn|1
|
|move|p2a: Infernape|Stealth Rock|p1a: Mandibuzz
|-sidestart|p1: NorecuerdomiNick.|move: Stealth Rock
|move|p1a: Mandibuzz|Foul Play|p2a: Infernape
|-resisted|p2a: Infernape
|-damage|p2a: Infernape|202\/294
|
|turn|2
|join|Burstinatrixx
|
|switch|p2a: Espeon|Espeon, M|272\/272
|move|p1a: Mandibuzz|Defog|p2a: Espeon
|move|p2a: Espeon|Defog|p1a: Mandibuzz|[from]Magic Bounce
|-unboost|p1a: Mandibuzz|evasion|1
|-sideend|p1: NorecuerdomiNick.|Stealth Rock|[from] move: Defog|[of] p1a: Mandibuzz
|
|turn|3
|
|move|p2a: Espeon|Calm Mind|p2a: Espeon
|-boost|p2a: Espeon|spa|1
|-boost|p2a: Espeon|spd|1
|move|p1a: Mandibuzz|Foul Play|p2a: Espeon
|-supereffective|p2a: Espeon
|-damage|p2a: Espeon|110\/272
|
|turn|4
|
|move|p2a: Espeon|Dazzling Gleam|p1a: Mandibuzz
|-supereffective|p1a: Mandibuzz
|-damage|p1a: Mandibuzz|65\/411
|-damage|p2a: Espeon|83\/272|[from] item: Life Orb
|move|p1a: Mandibuzz|Foul Play|p2a: Espeon
|-supereffective|p2a: Espeon
|-damage|p2a: Espeon|0 fnt
|faint|p2a: Espeon
|
|-heal|p1a: Mandibuzz|90\/411|[from] item: Leftovers
|
|switch|p2a: Infernape|Infernape, F|202\/294
|turn|5
|
|move|p2a: Infernape|Fire Punch|p1a: Mandibuzz
|-damage|p1a: Mandibuzz|0 fnt
|faint|p1a: Mandibuzz
|
|
|switch|p1a: Landorus|Landorus, M|358\/358
|turn|6
|
|switch|p2a: Latios|Latios, M|302\/302
|move|p1a: Landorus|Rock Polish|p1a: Landorus
|-boost|p1a: Landorus|spe|2
|
|turn|7
|
|move|p1a: Landorus|Sludge Wave|p2a: Latios
|-damage|p2a: Latios|140\/302
|move|p2a: Latios|Surf|p1a: Landorus
|-supereffective|p1a: Landorus
|-damage|p1a: Landorus|0 fnt
|faint|p1a: Landorus
|
|
|switch|p1a: Metagross|Metagross, shiny|363\/363
|turn|8
|
|switch|p2a: Umbreon|Umbreon, M|394\/394
|detailschange|p1a: Metagross|Metagross-Mega, shiny
|-mega|p1a: Metagross|Metagross|Metagrossite
|move|p1a: Metagross|Meteor Mash|p2a: Umbreon|[miss]
|-miss|p1a: Metagross|p2a: Umbreon
|
|turn|9
|
|switch|p1a: Clefable|Clefable, F|393\/393
|move|p2a: Umbreon|Wish|p2a: Umbreon
|
|turn|10
|
|switch|p2a: Infernape|Infernape, F|202\/294
|move|p1a: Clefable|Moonblast|p2a: Infernape
|-damage|p2a: Infernape|72\/294
|-unboost|p2a: Infernape|spa|1
|
|-heal|p2a: Infernape|269\/294|[from] move: Wish|[wisher] Umbreon
|turn|11
|
|move|p2a: Infernape|Stealth Rock|p1a: Clefable
|-sidestart|p1: NorecuerdomiNick.|move: Stealth Rock
|move|p1a: Clefable|Stealth Rock|p2a: Infernape
|-sidestart|p2: dark08|move: Stealth Rock
|
|turn|12
|
|move|p2a: Infernape|Gunk Shot|p1a: Clefable|[miss]
|-miss|p2a: Infernape|p1a: Clefable
|move|p1a: Clefable|Moonblast|p2a: Infernape
|-damage|p2a: Infernape|118\/294
|
|turn|13
|
|switch|p1a: Gengar|Gengar, M|261\/261
|-damage|p1a: Gengar|229\/261|[from] Stealth Rock
|move|p2a: Infernape|Fire Punch|p1a: Gengar
|-damage|p1a: Gengar|27\/261
|
|-heal|p1a: Gengar|43\/261|[from] item: Black Sludge
|turn|14
|
|switch|p2a: Umbreon|Umbreon, M|394\/394
|-damage|p2a: Umbreon|345\/394|[from] Stealth Rock
|move|p1a: Gengar|Shadow Ball|p2a: Umbreon
|-resisted|p2a: Umbreon
|-damage|p2a: Umbreon|289\/394
|
|-heal|p1a: Gengar|59\/261|[from] item: Black Sludge
|-heal|p2a: Umbreon|313\/394|[from] item: Leftovers
|turn|15
|
|switch|p1a: Clefable|Clefable, F|393\/393
|move|p2a: Umbreon|Wish|p2a: Umbreon
|
|-heal|p2a: Umbreon|337\/394|[from] item: Leftovers
|turn|16
|
|switch|p2a: Scizor|Scizor, M|343\/343
|-damage|p2a: Scizor|301\/343|[from] Stealth Rock
|move|p1a: Clefable|Moonblast|p2a: Scizor
|-resisted|p2a: Scizor
|-damage|p2a: Scizor|235\/343
|
|-heal|p2a: Scizor|343\/343|[from] move: Wish|[wisher] Umbreon
|turn|17
|
|detailschange|p2a: Scizor|Scizor-Mega, M
|-mega|p2a: Scizor|Scizor|Scizorite
|move|p2a: Scizor|Bullet Punch|p1a: Clefable
|-supereffective|p1a: Clefable
|-damage|p1a: Clefable|121\/393
|move|p1a: Clefable|Flamethrower|p2a: Scizor
|-crit|p2a: Scizor
|-supereffective|p2a: Scizor
|-damage|p2a: Scizor|0 fnt
|faint|p2a: Scizor
|
|-heal|p1a: Clefable|145\/393|[from] item: Leftovers
|
|switch|p2a: Infernape|Infernape, F|118\/294
|-damage|p2a: Infernape|82\/294|[from] Stealth Rock
|turn|18
|
|switch|p1a: Gengar|Gengar, M|59\/261
|-damage|p1a: Gengar|27\/261|[from] Stealth Rock
|move|p2a: Infernape|Fire Punch|p1a: Gengar
|-damage|p1a: Gengar|0 fnt
|faint|p1a: Gengar
|
|
|switch|p1a: Conkeldurr|Conkeldurr, F|401\/401
|-damage|p1a: Conkeldurr|376\/401|[from] Stealth Rock
|turn|19
|
|move|p1a: Conkeldurr|Mach Punch|p2a: Infernape
|-damage|p2a: Infernape|0 fnt
|faint|p2a: Infernape
|
|
|switch|p2a: Latios|Latios, M|140\/302
|-damage|p2a: Latios|103\/302|[from] Stealth Rock
|turn|20
|
|switch|p1a: Metagross|Metagross-Mega, shiny|363\/363
|-damage|p1a: Metagross|341\/363|[from] Stealth Rock
|move|p2a: Latios|Psyshock|p1a: Metagross
|-resisted|p1a: Metagross
|-damage|p1a: Metagross|301\/363
|
|turn|21
|
|switch|p2a: Umbreon|Umbreon, M|337\/394
|-damage|p2a: Umbreon|288\/394|[from] Stealth Rock
|move|p1a: Metagross|Bullet Punch|p2a: Umbreon
|-damage|p2a: Umbreon|215\/394
|
|-heal|p2a: Umbreon|239\/394|[from] item: Leftovers
|turn|22
|
|switch|p1a: Conkeldurr|Conkeldurr, F|376\/401
|-damage|p1a: Conkeldurr|351\/401|[from] Stealth Rock
|move|p2a: Umbreon|Wish|p2a: Umbreon
|
|-heal|p2a: Umbreon|263\/394|[from] item: Leftovers
|turn|23
|
|move|p2a: Umbreon|Foul Play|p1a: Conkeldurr
|-resisted|p1a: Conkeldurr
|-damage|p1a: Conkeldurr|256\/401
|move|p1a: Conkeldurr|Knock Off|p2a: Umbreon
|-resisted|p2a: Umbreon
|-damage|p2a: Umbreon|221\/394
|-enditem|p2a: Umbreon|Leftovers|[from] move: Knock Off|[of] p1a: Conkeldurr
|
|-heal|p2a: Umbreon|394\/394|[from] move: Wish|[wisher] Umbreon
|turn|24
|
|move|p2a: Umbreon|Protect|p2a: Umbreon
|-singleturn|p2a: Umbreon|Protect
|move|p1a: Conkeldurr|Drain Punch|p2a: Umbreon
|-activate|p2a: Umbreon|Protect
|
|turn|25
|
|move|p2a: Umbreon|Wish|p2a: Umbreon
|move|p1a: Conkeldurr|Drain Punch|p2a: Umbreon
|-supereffective|p2a: Umbreon
|-damage|p2a: Umbreon|172\/394
|-heal|p1a: Conkeldurr|367\/401|[from] drain|[of] p2a: Umbreon
|
|turn|26
|
|move|p2a: Umbreon|Foul Play|p1a: Conkeldurr
|-resisted|p1a: Conkeldurr
|-damage|p1a: Conkeldurr|270\/401
|move|p1a: Conkeldurr|Ice Punch|p2a: Umbreon
|-damage|p2a: Umbreon|97\/394
|
|-heal|p2a: Umbreon|294\/394|[from] move: Wish|[wisher] Umbreon
|turn|27
|
|move|p2a: Umbreon|Protect|p2a: Umbreon
|-singleturn|p2a: Umbreon|Protect
|move|p1a: Conkeldurr|Drain Punch|p2a: Umbreon
|-activate|p2a: Umbreon|Protect
|
|turn|28
|
|move|p2a: Umbreon|Wish|p2a: Umbreon
|move|p1a: Conkeldurr|Drain Punch|p2a: Umbreon
|-supereffective|p2a: Umbreon
|-damage|p2a: Umbreon|78\/394
|-heal|p1a: Conkeldurr|378\/401|[from] drain|[of] p2a: Umbreon
|
|turn|29
|
|move|p2a: Umbreon|Protect|p2a: Umbreon
|-singleturn|p2a: Umbreon|Protect
|move|p1a: Conkeldurr|Drain Punch|p2a: Umbreon
|-activate|p2a: Umbreon|Protect
|
|-heal|p2a: Umbreon|275\/394|[from] move: Wish|[wisher] Umbreon
|turn|30
|
|move|p2a: Umbreon|Wish|p2a: Umbreon
|move|p1a: Conkeldurr|Drain Punch|p2a: Umbreon
|-supereffective|p2a: Umbreon
|-damage|p2a: Umbreon|63\/394
|-heal|p1a: Conkeldurr|401\/401|[from] drain|[of] p2a: Umbreon
|
|turn|31
|
|switch|p2a: Latios|Latios, M|103\/302
|-damage|p2a: Latios|66\/302|[from] Stealth Rock
|move|p1a: Conkeldurr|Ice Punch|p2a: Latios
|-crit|p2a: Latios
|-supereffective|p2a: Latios
|-damage|p2a: Latios|0 fnt
|faint|p2a: Latios
|
|-message|dark08 forfeited.
|leave|dark08
|
|win|NorecuerdomiNick.
|raw|Ladder updating...
|player|p2
|raw|NorecuerdomiNick.'s rating: 1607 &rarr; <strong>1628<\/strong><br \/>(+21 for winning)
|raw|dark08's rating: 1631 &rarr; <strong>1609<\/strong><br \/>(-22 for losing)
|c| Burstinatrixx|perro q ogt
|c| Burstinatrixx|lol
|leave|Burstinatrixx