|join|dark08
|join|Aozatem
|player|p1|dark08|153
|player|p2|Aozatem|266
|gametype|singles
|gen|6
|tier|OU
|rated
|clearpoke
|poke|p1|Lucario, F
|poke|p1|Latios, M
|poke|p1|Espeon, M
|poke|p1|Umbreon, M
|poke|p1|Infernape, F
|poke|p1|Scizor, M
|poke|p2|Infernape, F
|poke|p2|Metagross
|poke|p2|Keldeo-Resolute
|poke|p2|Thundurus, M
|poke|p2|Dragonite, M
|poke|p2|Bisharp, M
|rule|Swagger Clause: Swagger is banned
|rule|Baton Pass Clause: Limit one PokÃ©mon knowing Baton Pass
|rule|Sleep Clause Mod: Limit one foe put to sleep
|rule|Species Clause: Limit one of each PokÃ©mon
|rule|OHKO Clause: OHKO moves are banned
|rule|Moody Clause: Moody is banned
|rule|Evasion Moves Clause: Evasion moves are banned
|rule|Endless Battle Clause: Forcing endless battles is banned
|rule|HP Percentage Mod: HP is shown in percentages
|teampreview
|
|start
|switch|p1a: Infernape|Infernape, F|293\/293
|switch|p2a: Keldeo-Resolute|Keldeo-Resolute|323\/323
|turn|1
|
|move|p2a: Keldeo-Resolute|Scald|p1a: Infernape
|-supereffective|p1a: Infernape
|-enditem|p1a: Infernape|Focus Sash
|-damage|p1a: Infernape|1\/293
|move|p1a: Infernape|Stealth Rock|p2a: Keldeo-Resolute
|-sidestart|p2: Aozatem|move: Stealth Rock
|
|turn|2
|
|switch|p1a: Latios|Latios, M|302\/302
|move|p2a: Keldeo-Resolute|Scald|p1a: Latios
|-resisted|p1a: Latios
|-damage|p1a: Latios|242\/302
|-status|p1a: Latios|brn
|
|-damage|p1a: Latios|205\/302 brn|[from] brn
|turn|3
|
|switch|p2a: Bisharp|Bisharp, M|271\/271
|-damage|p2a: Bisharp|255\/271|[from] Stealth Rock
|move|p1a: Latios|Surf|p2a: Bisharp
|-damage|p2a: Bisharp|29\/271
|
|-damage|p1a: Latios|168\/302 brn|[from] brn
|turn|4
|
|switch|p1a: Lucario|Lucario, F|282\/282
|move|p2a: Bisharp|Knock Off|p1a: Lucario
|-crit|p1a: Lucario
|-resisted|p1a: Lucario
|-damage|p1a: Lucario|62\/282
|-boost|p1a: Lucario|atk|1|[from] ability: Justified
|-enditem|p1a: Lucario|Life Orb|[from] move: Knock Off|[of] p2a: Bisharp
|-damage|p2a: Bisharp|2\/271|[from] item: Life Orb
|
|turn|5
|c|âdark08|well played
|
|switch|p2a: Infernape|Infernape, F|293\/293
|-damage|p2a: Infernape|257\/293|[from] Stealth Rock
|move|p1a: Lucario|Extreme Speed|p2a: Infernape
|-damage|p2a: Infernape|73\/293
|
|turn|6
|
|move|p1a: Lucario|Extreme Speed|p2a: Infernape
|-damage|p2a: Infernape|0 fnt
|faint|p2a: Infernape
|
|
|switch|p2a: Metagross|Metagross|301\/301
|-damage|p2a: Metagross|283\/301|[from] Stealth Rock
|turn|7
|
|detailschange|p2a: Metagross|Metagross-Mega
|-mega|p2a: Metagross|Metagross|Metagrossite
|move|p1a: Lucario|Close Combat|p2a: Metagross
|-damage|p2a: Metagross|72\/301
|-unboost|p1a: Lucario|def|1
|-unboost|p1a: Lucario|spd|1
|move|p2a: Metagross|Zen Headbutt|p1a: Lucario
|-damage|p1a: Lucario|0 fnt
|faint|p1a: Lucario
|
|
|switch|p1a: Infernape|Infernape, F|1\/293
|turn|8
|
|move|p1a: Infernape|Mach Punch|p2a: Metagross
|-damage|p2a: Metagross|33\/301
|move|p2a: Metagross|Grass Knot|p1a: Infernape
|-resisted|p1a: Infernape
|-damage|p1a: Infernape|0 fnt
|faint|p1a: Infernape
|
|
|switch|p1a: Scizor|Scizor, M|343\/343
|turn|9
|
|switch|p2a: Bisharp|Bisharp, M|2\/271
|-damage|p2a: Bisharp|0 fnt|[from] Stealth Rock
|faint|p2a: Bisharp
|detailschange|p1a: Scizor|Scizor-Mega, M
|-mega|p1a: Scizor|Scizor|Scizorite
|move|p1a: Scizor|U-turn|p2: Bisharp|[notarget]
|-notarget
|
|
|switch|p2a: Keldeo-Resolute|Keldeo-Resolute|323\/323
|-damage|p2a: Keldeo-Resolute|303\/323|[from] Stealth Rock
|turn|10
|
|switch|p1a: Latios|Latios, M|168\/302 brn
|move|p2a: Keldeo-Resolute|Scald|p1a: Latios
|-resisted|p1a: Latios
|-damage|p1a: Latios|107\/302 brn
|
|-damage|p1a: Latios|70\/302 brn|[from] brn
|turn|11
|
|switch|p2a: Metagross|Metagross-Mega|33\/301
|-damage|p2a: Metagross|15\/301|[from] Stealth Rock
|move|p1a: Latios|Psyshock|p2a: Metagross
|-resisted|p2a: Metagross
|-damage|p2a: Metagross|0 fnt
|faint|p2a: Metagross
|
|-damage|p1a: Latios|33\/302 brn|[from] brn
|
|switch|p2a: Keldeo-Resolute|Keldeo-Resolute|303\/323
|-damage|p2a: Keldeo-Resolute|283\/323|[from] Stealth Rock
|turn|12
|
|move|p2a: Keldeo-Resolute|Scald|p1a: Latios
|-resisted|p1a: Latios
|-damage|p1a: Latios|0 fnt
|faint|p1a: Latios
|
|
|switch|p1a: Espeon|Espeon, M|272\/272
|turn|13
|
|move|p2a: Keldeo-Resolute|Scald|p1a: Espeon
|-crit|p1a: Espeon
|-damage|p1a: Espeon|43\/272
|move|p1a: Espeon|Psyshock|p2a: Keldeo-Resolute
|-supereffective|p2a: Keldeo-Resolute
|-damage|p2a: Keldeo-Resolute|0 fnt
|-damage|p1a: Espeon|16\/272|[from] item: Life Orb
|faint|p2a: Keldeo-Resolute
|
|
|switch|p2a: Thundurus|Thundurus, M|299\/299
|-damage|p2a: Thundurus|225\/299|[from] Stealth Rock
|turn|14
|
|move|p2a: Thundurus|Thunderbolt|p1a: Espeon
|-damage|p1a: Espeon|0 fnt
|-damage|p2a: Thundurus|196\/299|[from] item: Life Orb
|faint|p1a: Espeon
|
|
|switch|p1a: Scizor|Scizor-Mega, M|343\/343
|turn|15
|
|move|p1a: Scizor|Bullet Punch|p2a: Thundurus
|-resisted|p2a: Thundurus
|-damage|p2a: Thundurus|112\/299
|move|p2a: Thundurus|Thunderbolt|p1a: Scizor
|-damage|p1a: Scizor|147\/343
|-damage|p2a: Thundurus|83\/299|[from] item: Life Orb
|
|turn|16
|
|move|p1a: Scizor|Bullet Punch|p2a: Thundurus
|-resisted|p2a: Thundurus
|-damage|p2a: Thundurus|0 fnt
|faint|p2a: Thundurus
|
|
|switch|p2a: Dragonite|Dragonite, M|323\/323
|-damage|p2a: Dragonite|243\/323|[from] Stealth Rock
|turn|17
|
|move|p1a: Scizor|Bullet Punch|p2a: Dragonite
|-damage|p2a: Dragonite|116\/323
|move|p2a: Dragonite|Fire Punch|p1a: Scizor
|-supereffective|p1a: Scizor
|-damage|p1a: Scizor|0 fnt
|faint|p1a: Scizor
|
|
|switch|p1a: Umbreon|Umbreon, M|394\/394
|turn|18
|
|move|p2a: Dragonite|Dragon Claw|p1a: Umbreon
|-damage|p1a: Umbreon|276\/394
|move|p1a: Umbreon|Foul Play|p2a: Dragonite
|-damage|p2a: Dragonite|0 fnt
|faint|p2a: Dragonite
|
|win|dark08
|raw|Ladder updating...