|join|dark08
|join|Canuckassassin
|player|p1|dark08|153
|player|p2|Canuckassassin|1
|gametype|singles
|gen|6
|tier|OU
|rated
|clearpoke
|poke|p1|Torterra, M
|poke|p1|Mamoswine, F
|poke|p1|Staraptor, M
|poke|p1|Liepard, F
|poke|p1|Manectric, M
|poke|p1|Rapidash, F
|poke|p2|Landorus-Therian, M
|poke|p2|Rotom-Wash
|poke|p2|Venusaur, F
|poke|p2|Kyurem-Black
|poke|p2|Heatran, M
|poke|p2|Aegislash, M
|rule|Sleep Clause Mod: Limit one foe put to sleep
|rule|Species Clause: Limit one of each Pokemon
|rule|OHKO Clause: OHKO moves are banned
|rule|Moody Clause: Moody is banned
|rule|Evasion Moves Clause: Evasion moves are banned
|rule|Endless Battle Clause: Forcing endless battles is banned.
|rule|HP Percentage Mod: HP is reported as percentages
|teampreview
|
|start
|switch|p1a: Torterra|Torterra, M|332\/332
|switch|p2a: Ziggy Stardust|Kyurem-Black|391\/391
|-ability|p2a: Ziggy Stardust|Teravolt
|turn|1
|
|move|p2a: Ziggy Stardust|Ice Beam|p1a: Torterra
|-supereffective|p1a: Torterra
|-enditem|p1a: Torterra|Focus Sash
|-damage|p1a: Torterra|1\/332
|-damage|p2a: Ziggy Stardust|352\/391|[from] item: Life Orb
|move|p1a: Torterra|Stealth Rock|p2a: Ziggy Stardust
|-sidestart|p2: Canuckassassin|move: Stealth Rock
|
|turn|2
|
|move|p2a: Ziggy Stardust|Ice Beam|p1a: Torterra
|-supereffective|p1a: Torterra
|-damage|p1a: Torterra|0 fnt
|-damage|p2a: Ziggy Stardust|313\/391|[from] item: Life Orb
|faint|p1a: Torterra
|
|
|switch|p1a: Liepard|Liepard, F|332\/332
|turn|3
|
|move|p1a: Liepard|Thunder Wave|p2a: Ziggy Stardust
|-status|p2a: Ziggy Stardust|par
|move|p2a: Ziggy Stardust|Ice Beam|p1a: Liepard
|-damage|p1a: Liepard|0 fnt
|-damage|p2a: Ziggy Stardust|274\/391 par|[from] item: Life Orb
|faint|p1a: Liepard
|
|
|switch|p1a: Rapidash|Rapidash, F|272\/272
|turn|4
|
|move|p1a: Rapidash|Low Kick|p2a: Ziggy Stardust
|-supereffective|p2a: Ziggy Stardust
|-damage|p2a: Ziggy Stardust|0 fnt
|-damage|p1a: Rapidash|245\/272|[from] item: Life Orb
|faint|p2a: Ziggy Stardust
|
|
|switch|p2a: Ringo|Rotom-Wash|304\/304
|-damage|p2a: Ringo|266\/304|[from] Stealth Rock
|turn|5
|
|move|p1a: Rapidash|Megahorn|p2a: Ringo|[miss]
|-miss|p1a: Rapidash|p2a: Ringo
|move|p2a: Ringo|Hydro Pump|p1a: Rapidash|[miss]
|-miss|p2a: Ringo|p1a: Rapidash
|
|-heal|p2a: Ringo|285\/304|[from] item: Leftovers
|turn|6
|
|move|p1a: Rapidash|Megahorn|p2a: Ringo
|-damage|p2a: Ringo|171\/304
|-damage|p1a: Rapidash|218\/272|[from] item: Life Orb
|move|p2a: Ringo|Hydro Pump|p1a: Rapidash
|-supereffective|p1a: Rapidash
|-damage|p1a: Rapidash|0 fnt
|faint|p1a: Rapidash
|
|-heal|p2a: Ringo|190\/304|[from] item: Leftovers
|
|switch|p1a: Manectric|Manectric, M|281\/281
|turn|7
|
|-formechange|p1a: Manectric|Manectric-Mega
|message|Manectric has Mega Evolved into Mega Manectric!
|-ability|p1a: Manectric|Intimidate|[of] p2a: Ringo
|-unboost|p2a: Ringo|atk|1
|move|p1a: Manectric|Thunderbolt|p2a: Ringo
|-damage|p2a: Ringo|42\/304
|move|p2a: Ringo|Hydro Pump|p1a: Manectric|[miss]
|-miss|p2a: Ringo|p1a: Manectric
|
|-heal|p2a: Ringo|61\/304|[from] item: Leftovers
|turn|8
|
|move|p1a: Manectric|Thunderbolt|p2a: Ringo
|-damage|p2a: Ringo|0 fnt
|faint|p2a: Ringo
|
|
|switch|p2a: Major Tom|Landorus-Therian, M|320\/320
|-damage|p2a: Major Tom|280\/320|[from] Stealth Rock
|-ability|p2a: Major Tom|Intimidate|[of] p1a: Manectric
|-unboost|p1a: Manectric|atk|1
|turn|9
|
|move|p2a: Major Tom|Earthquake|p1a: Manectric
|-supereffective|p1a: Manectric
|-damage|p1a: Manectric|0 fnt
|faint|p1a: Manectric
|
|
|switch|p1a: Staraptor|Staraptor, M|312\/312
|turn|10
|
|switch|p2a: Vunterslash|Aegislash, M|324\/324
|-damage|p2a: Vunterslash|304\/324|[from] Stealth Rock
|move|p1a: Staraptor|U-turn|p2a: Vunterslash
|-resisted|p2a: Vunterslash
|-damage|p2a: Vunterslash|289\/324
|
|switch|p1a: Mamoswine|Mamoswine, F|362\/362
|
|-heal|p2a: Vunterslash|309\/324|[from] item: Leftovers
|turn|11
|
|move|p1a: Mamoswine|Earthquake|p2a: Vunterslash
|-supereffective|p2a: Vunterslash
|-damage|p2a: Vunterslash|0 fnt
|-damage|p1a: Mamoswine|326\/362|[from] item: Life Orb
|faint|p2a: Vunterslash
|
|
|switch|p2a: Penisaur|Venusaur, F|364\/364
|-damage|p2a: Penisaur|319\/364|[from] Stealth Rock
|turn|12
|
|switch|p1a: Staraptor|Staraptor, M|312\/312
|move|p2a: Penisaur|Toxic|p1a: Staraptor
|-status|p1a: Staraptor|tox
|
|-damage|p1a: Staraptor|293\/312 tox|[from] psn
|turn|13
|
|-formechange|p2a: Penisaur|Venusaur-Mega
|message|Venusaur has Mega Evolved into Mega Venusaur!
|move|p1a: Staraptor|Close Combat|p2a: Penisaur
|-resisted|p2a: Penisaur
|-damage|p2a: Penisaur|276\/364
|-unboost|p1a: Staraptor|def|1
|-unboost|p1a: Staraptor|spd|1
|move|p2a: Penisaur|Synthesis|p2a: Penisaur
|-heal|p2a: Penisaur|364\/364
|
|-damage|p1a: Staraptor|255\/312 tox|[from] psn
|turn|14
|
|switch|p1a: Mamoswine|Mamoswine, F|326\/362
|move|p2a: Penisaur|Synthesis|p2a: Penisaur
|
|turn|15
|
|switch|p1a: Staraptor|Staraptor, M|255\/312 tox
|move|p2a: Penisaur|Toxic|p1a: Staraptor
|-fail|p1a: Staraptor|tox
|
|-damage|p1a: Staraptor|236\/312 tox|[from] psn
|turn|16
|
|switch|p2a: Sgt. Pepper|Heatran, M|386\/386
|-damage|p2a: Sgt. Pepper|338\/386|[from] Stealth Rock
|move|p1a: Staraptor|Brave Bird|p2a: Sgt. Pepper
|-resisted|p2a: Sgt. Pepper
|-damage|p2a: Sgt. Pepper|218\/386
|-damage|p1a: Staraptor|196\/312 tox|[from] recoil|[of] p2a: Sgt. Pepper
|
|-heal|p2a: Sgt. Pepper|242\/386|[from] item: Leftovers
|-damage|p1a: Staraptor|158\/312 tox|[from] psn
|turn|17
|
|move|p1a: Staraptor|Brave Bird|p2a: Sgt. Pepper
|-resisted|p2a: Sgt. Pepper
|-damage|p2a: Sgt. Pepper|121\/386
|-damage|p1a: Staraptor|118\/312 tox|[from] recoil|[of] p2a: Sgt. Pepper
|move|p2a: Sgt. Pepper|Fire Blast|p1a: Staraptor
|-damage|p1a: Staraptor|0 fnt
|faint|p1a: Staraptor
|
|-heal|p2a: Sgt. Pepper|145\/386|[from] item: Leftovers
|
|switch|p1a: Mamoswine|Mamoswine, F|326\/362
|turn|18
|
|switch|p2a: Major Tom|Landorus-Therian, M|280\/320
|-damage|p2a: Major Tom|240\/320|[from] Stealth Rock
|-ability|p2a: Major Tom|Intimidate|[of] p1a: Mamoswine
|-unboost|p1a: Mamoswine|atk|1
|move|p1a: Mamoswine|Earthquake|p2a: Major Tom
|-immune|p2a: Major Tom|[msg]
|
|turn|19
|
|move|p1a: Mamoswine|Ice Shard|p2a: Major Tom
|-supereffective|p2a: Major Tom
|-damage|p2a: Major Tom|0 fnt
|-damage|p1a: Mamoswine|290\/362|[from] item: Life Orb
|faint|p2a: Major Tom
|
|
|switch|p2a: Penisaur|Venusaur, F|364\/364
|-formechange|p2a: Penisaur|Venusaur-Mega
|-damage|p2a: Penisaur|319\/364|[from] Stealth Rock
|turn|20
|
|move|p1a: Mamoswine|Icicle Crash|p2a: Penisaur
|-supereffective|p2a: Penisaur
|-damage|p2a: Penisaur|241\/364
|-damage|p1a: Mamoswine|254\/362|[from] item: Life Orb
|cant|p2a: Penisaur|flinch
|
|turn|21
|
|move|p1a: Mamoswine|Icicle Crash|p2a: Penisaur
|-supereffective|p2a: Penisaur
|-damage|p2a: Penisaur|153\/364
|-damage|p1a: Mamoswine|218\/362|[from] item: Life Orb
|move|p2a: Penisaur|Synthesis|p2a: Penisaur
|-heal|p2a: Penisaur|335\/364
|
|turn|22
|
|move|p1a: Mamoswine|Icicle Crash|p2a: Penisaur
|-supereffective|p2a: Penisaur
|-damage|p2a: Penisaur|247\/364
|-damage|p1a: Mamoswine|182\/362|[from] item: Life Orb
|move|p2a: Penisaur|Giga Drain|p1a: Mamoswine
|-supereffective|p1a: Mamoswine
|-damage|p1a: Mamoswine|0 fnt
|-heal|p2a: Penisaur|338\/364|[from] drain|[of] p1a: Mamoswine
|faint|p1a: Mamoswine
|
|win|Canuckassassin
|raw|Ladder updating...
|raw|dark08's rating: 1604 &rarr; <strong>1580<\/strong><br \/>(-24 for losing)
|raw|Canuckassassin's rating: 1534 &rarr; <strong>1558<\/strong><br \/>(+24 for winning)
|leave|dark08
|player|p1
|chat|Canuckassassin|gg