|join|dark08
|join|Beepokemon
|player|p1|dark08|153
|player|p2|Beepokemon|137
|gametype|singles
|gen|6
|tier|OU
|rated
|clearpoke
|poke|p1|Torterra, F
|poke|p1|Mamoswine, M
|poke|p1|Staraptor, M
|poke|p1|Liepard, F
|poke|p1|Manectric, M
|poke|p1|Rapidash, F
|poke|p2|Whimsicott, M
|poke|p2|Latios, M
|poke|p2|Heatran, F
|poke|p2|Gliscor, M
|poke|p2|Aegislash, M
|poke|p2|Gyarados, F
|rule|Sleep Clause Mod: Limit one foe put to sleep
|rule|Species Clause: Limit one of each Pokemon
|rule|OHKO Clause: OHKO moves are banned
|rule|Moody Clause: Moody is banned
|rule|Evasion Moves Clause: Evasion moves are banned
|rule|Endless Battle Clause: Forcing endless battles is banned.
|rule|HP Percentage Mod: HP is reported as percentages
|teampreview
|
|start
|switch|p1a: Torterra|Torterra, F|394\/394
|switch|p2a: Heatran|Heatran, F|386\/386
|-item|p2a: Heatran|Air Balloon
|turn|1
|
|switch|p1a: Rapidash|Rapidash, F|272\/272
|move|p2a: Heatran|Stealth Rock|p1a: Rapidash
|-sidestart|p1: dark08|move: Stealth Rock
|
|turn|2
|
|move|p1a: Rapidash|Low Kick|p2a: Heatran
|-supereffective|p2a: Heatran
|-damage|p2a: Heatran|84\/386
|-enditem|p2a: Heatran|Air Balloon
|-damage|p1a: Rapidash|245\/272|[from] item: Life Orb
|move|p2a: Heatran|Earth Power|p1a: Rapidash
|-supereffective|p1a: Rapidash
|-damage|p1a: Rapidash|47\/272
|
|turn|3
|
|switch|p2a: Gliscor|Gliscor, M|354\/354
|move|p1a: Rapidash|Megahorn|p2a: Gliscor
|-resisted|p2a: Gliscor
|-damage|p2a: Gliscor|305\/354
|-damage|p1a: Rapidash|20\/272|[from] item: Life Orb
|
|-activate|p2a: Gliscor|item: Toxic Orb
|-status|p2a: Gliscor|tox
|turn|4
|
|move|p1a: Rapidash|Flare Blitz|p2a: Gliscor
|-damage|p2a: Gliscor|152\/354 tox
|-damage|p1a: Rapidash|0 fnt|[from] recoil|[of] p2a: Gliscor
|faint|p1a: Rapidash
|move|p2a: Gliscor|Substitute|p2a: Gliscor
|-start|p2a: Gliscor|Substitute
|-damage|p2a: Gliscor|64\/354 tox
|
|-heal|p2a: Gliscor|108\/354 tox|[from] ability: Poison Heal
|
|switch|p1a: Torterra|Torterra, F|394\/394
|-damage|p1a: Torterra|370\/394|[from] Stealth Rock
|turn|5
|
|move|p2a: Gliscor|Toxic|p1a: Torterra
|-status|p1a: Torterra|tox
|move|p1a: Torterra|Stealth Rock|p2a: Gliscor
|-sidestart|p2: Beepokemon|move: Stealth Rock
|
|-heal|p1a: Torterra|394\/394 tox|[from] item: Leftovers
|-heal|p2a: Gliscor|152\/354 tox|[from] ability: Poison Heal
|-damage|p1a: Torterra|370\/394 tox|[from] psn
|turn|6
|
|move|p2a: Gliscor|Protect|p2a: Gliscor
|-singleturn|p2a: Gliscor|Protect
|move|p1a: Torterra|Seed Bomb|p2a: Gliscor
|-activate|p2a: Gliscor|Protect
|
|-heal|p1a: Torterra|394\/394 tox|[from] item: Leftovers
|-heal|p2a: Gliscor|196\/354 tox|[from] ability: Poison Heal
|-damage|p1a: Torterra|346\/394 tox|[from] psn
|turn|7
|
|move|p2a: Gliscor|Earthquake|p1a: Torterra
|-resisted|p1a: Torterra
|-damage|p1a: Torterra|307\/394 tox
|move|p1a: Torterra|Seed Bomb|p2a: Gliscor
|-activate|p2a: Gliscor|Substitute|[damage]
|
|-heal|p1a: Torterra|331\/394 tox|[from] item: Leftovers
|-heal|p2a: Gliscor|240\/354 tox|[from] ability: Poison Heal
|-damage|p1a: Torterra|259\/394 tox|[from] psn
|turn|8
|
|switch|p1a: Staraptor|Staraptor, M|312\/312
|-damage|p1a: Staraptor|234\/312|[from] Stealth Rock
|move|p2a: Gliscor|Protect|p2a: Gliscor
|-fail|p2a: Gliscor
|
|-heal|p2a: Gliscor|284\/354 tox|[from] ability: Poison Heal
|turn|9
|
|move|p2a: Gliscor|Protect|p2a: Gliscor
|-singleturn|p2a: Gliscor|Protect
|move|p1a: Staraptor|Double-Edge|p2a: Gliscor
|-activate|p2a: Gliscor|Protect
|
|-heal|p2a: Gliscor|328\/354 tox|[from] ability: Poison Heal
|turn|10
|
|move|p1a: Staraptor|Double-Edge|p2a: Gliscor
|-end|p2a: Gliscor|Substitute
|-damage|p1a: Staraptor|225\/312|[from] recoil|[of] p2a: Gliscor
|move|p2a: Gliscor|Toxic|p1a: Staraptor
|-status|p1a: Staraptor|tox
|
|-damage|p1a: Staraptor|206\/312 tox|[from] psn
|-heal|p2a: Gliscor|354\/354 tox|[from] ability: Poison Heal
|turn|11
|
|move|p2a: Gliscor|Protect|p2a: Gliscor
|-singleturn|p2a: Gliscor|Protect
|move|p1a: Staraptor|Double-Edge|p2a: Gliscor
|-activate|p2a: Gliscor|Protect
|
|-damage|p1a: Staraptor|168\/312 tox|[from] psn
|turn|12
|
|move|p1a: Staraptor|Double-Edge|p2a: Gliscor
|-damage|p2a: Gliscor|149\/354 tox
|-damage|p1a: Staraptor|100\/312 tox|[from] recoil|[of] p2a: Gliscor
|move|p2a: Gliscor|Substitute|p2a: Gliscor
|-start|p2a: Gliscor|Substitute
|-damage|p2a: Gliscor|61\/354 tox
|
|-damage|p1a: Staraptor|43\/312 tox|[from] psn
|-heal|p2a: Gliscor|105\/354 tox|[from] ability: Poison Heal
|turn|13
|
|move|p2a: Gliscor|Protect|p2a: Gliscor
|-singleturn|p2a: Gliscor|Protect
|move|p1a: Staraptor|Double-Edge|p2a: Gliscor
|-activate|p2a: Gliscor|Protect
|
|-damage|p1a: Staraptor|0 fnt|[from] psn
|-heal|p2a: Gliscor|149\/354 tox|[from] ability: Poison Heal
|faint|p1a: Staraptor
|
|switch|p1a: Mamoswine|Mamoswine, M|362\/362
|-damage|p1a: Mamoswine|317\/362|[from] Stealth Rock
|turn|14
|
|move|p1a: Mamoswine|Ice Shard|p2a: Gliscor
|-supereffective|p2a: Gliscor
|-end|p2a: Gliscor|Substitute
|-damage|p1a: Mamoswine|281\/362|[from] item: Life Orb
|move|p2a: Gliscor|Toxic|p1a: Mamoswine
|-status|p1a: Mamoswine|tox
|
|-damage|p1a: Mamoswine|259\/362 tox|[from] psn
|-heal|p2a: Gliscor|193\/354 tox|[from] ability: Poison Heal
|turn|15
|
|move|p2a: Gliscor|Protect|p2a: Gliscor
|-singleturn|p2a: Gliscor|Protect
|move|p1a: Mamoswine|Ice Shard|p2a: Gliscor
|-activate|p2a: Gliscor|Protect
|
|-damage|p1a: Mamoswine|215\/362 tox|[from] psn
|-heal|p2a: Gliscor|237\/354 tox|[from] ability: Poison Heal
|turn|16
|
|switch|p2a: Aegislash|Aegislash, M|324\/324
|-damage|p2a: Aegislash|304\/324|[from] Stealth Rock
|move|p1a: Mamoswine|Icicle Crash|p2a: Aegislash
|-resisted|p2a: Aegislash
|-damage|p2a: Aegislash|233\/324
|-damage|p1a: Mamoswine|179\/362 tox|[from] item: Life Orb
|
|-damage|p1a: Mamoswine|113\/362 tox|[from] psn
|turn|17
|
|switch|p1a: Liepard|Liepard, F|332\/332
|-damage|p1a: Liepard|291\/332|[from] Stealth Rock
|move|p2a: Aegislash|King's Shield|p2a: Aegislash
|-fail|p2a: Aegislash
|
|-heal|p1a: Liepard|311\/332|[from] item: Leftovers
|turn|18
|
|switch|p2a: Whimsicott|Whimsicott, M|324\/324
|-damage|p2a: Whimsicott|284\/324|[from] Stealth Rock
|move|p1a: Liepard|Substitute|p1a: Liepard
|-start|p1a: Liepard|Substitute
|-damage|p1a: Liepard|228\/332
|
|-heal|p1a: Liepard|248\/332|[from] item: Leftovers
|-heal|p2a: Whimsicott|304\/324|[from] item: Leftovers
|turn|19
|
|move|p1a: Liepard|Thunder Wave|p2a: Whimsicott
|-status|p2a: Whimsicott|par
|move|p2a: Whimsicott|Substitute|p2a: Whimsicott
|-start|p2a: Whimsicott|Substitute
|-damage|p2a: Whimsicott|223\/324 par
|
|-heal|p1a: Liepard|268\/332|[from] item: Leftovers
|-heal|p2a: Whimsicott|243\/324 par|[from] item: Leftovers
|turn|20
|
|move|p2a: Whimsicott|Protect|p2a: Whimsicott
|-singleturn|p2a: Whimsicott|Protect
|move|p1a: Liepard|Foul Play|p2a: Whimsicott
|-activate|p2a: Whimsicott|Protect
|
|-heal|p1a: Liepard|288\/332|[from] item: Leftovers
|-heal|p2a: Whimsicott|263\/324 par|[from] item: Leftovers
|turn|21
|
|move|p2a: Whimsicott|Toxic|p1a: Liepard
|move|p1a: Liepard|Foul Play|p2a: Whimsicott
|-resisted|p2a: Whimsicott
|-activate|p2a: Whimsicott|Substitute|[damage]
|
|-heal|p1a: Liepard|308\/332|[from] item: Leftovers
|-heal|p2a: Whimsicott|283\/324 par|[from] item: Leftovers
|turn|22
|
|move|p2a: Whimsicott|Toxic|p1a: Liepard
|move|p1a: Liepard|Foul Play|p2a: Whimsicott
|-resisted|p2a: Whimsicott
|-activate|p2a: Whimsicott|Substitute|[damage]
|
|-heal|p1a: Liepard|328\/332|[from] item: Leftovers
|-heal|p2a: Whimsicott|303\/324 par|[from] item: Leftovers
|turn|23
|
|move|p2a: Whimsicott|Leech Seed|p1a: Liepard
|move|p1a: Liepard|Foul Play|p2a: Whimsicott
|-resisted|p2a: Whimsicott
|-end|p2a: Whimsicott|Substitute
|
|-heal|p1a: Liepard|332\/332|[from] item: Leftovers
|-heal|p2a: Whimsicott|323\/324 par|[from] item: Leftovers
|turn|24
|
|switch|p2a: Heatran|Heatran, F|84\/386
|-damage|p2a: Heatran|36\/386|[from] Stealth Rock
|move|p1a: Liepard|Swagger|p2a: Heatran
|-boost|p2a: Heatran|atk|2
|-start|p2a: Heatran|confusion
|
|turn|25
|
|move|p1a: Liepard|Foul Play|p2a: Heatran
|-damage|p2a: Heatran|0 fnt
|faint|p2a: Heatran
|
|
|switch|p2a: Latios|Latios, M|302\/302
|-damage|p2a: Latios|265\/302|[from] Stealth Rock
|turn|26
|
|move|p1a: Liepard|Thunder Wave|p2a: Latios
|-status|p2a: Latios|par
|move|p2a: Latios|Surf|p1a: Liepard
|-end|p1a: Liepard|Substitute
|-damage|p2a: Latios|235\/302 par|[from] item: Life Orb
|
|turn|27
|
|move|p1a: Liepard|Substitute|p1a: Liepard
|-start|p1a: Liepard|Substitute
|-damage|p1a: Liepard|249\/332
|move|p2a: Latios|Surf|p1a: Liepard
|-end|p1a: Liepard|Substitute
|-damage|p2a: Latios|205\/302 par|[from] item: Life Orb
|
|-heal|p1a: Liepard|269\/332|[from] item: Leftovers
|turn|28
|
|move|p1a: Liepard|Substitute|p1a: Liepard
|-start|p1a: Liepard|Substitute
|-damage|p1a: Liepard|186\/332
|move|p2a: Latios|Surf|p1a: Liepard
|-end|p1a: Liepard|Substitute
|-damage|p2a: Latios|175\/302 par|[from] item: Life Orb
|
|-heal|p1a: Liepard|206\/332|[from] item: Leftovers
|turn|29
|
|move|p1a: Liepard|Substitute|p1a: Liepard
|-start|p1a: Liepard|Substitute
|-damage|p1a: Liepard|123\/332
|cant|p2a: Latios|par
|
|-heal|p1a: Liepard|143\/332|[from] item: Leftovers
|turn|30
|
|move|p1a: Liepard|Swagger|p2a: Latios
|-boost|p2a: Latios|atk|2
|-start|p2a: Latios|confusion
|-activate|p2a: Latios|confusion
|-damage|p2a: Latios|93\/302 par|[from] confusion
|
|-heal|p1a: Liepard|163\/332|[from] item: Leftovers
|turn|31
|
|move|p1a: Liepard|Foul Play|p2a: Latios
|-supereffective|p2a: Latios
|-damage|p2a: Latios|0 fnt
|faint|p2a: Latios
|
|-heal|p1a: Liepard|183\/332|[from] item: Leftovers
|
|switch|p2a: Gliscor|Gliscor, M|237\/354 tox
|-damage|p2a: Gliscor|193\/354 tox|[from] Stealth Rock
|turn|32
|
|move|p1a: Liepard|Swagger|p2a: Gliscor|[miss]
|-miss|p1a: Liepard|p2a: Gliscor
|move|p2a: Gliscor|Earthquake|p1a: Liepard
|-end|p1a: Liepard|Substitute
|
|-heal|p1a: Liepard|203\/332|[from] item: Leftovers
|-heal|p2a: Gliscor|237\/354 tox|[from] ability: Poison Heal
|turn|33
|
|move|p1a: Liepard|Swagger|p2a: Gliscor
|-boost|p2a: Gliscor|atk|2
|-start|p2a: Gliscor|confusion
|-activate|p2a: Gliscor|confusion
|-damage|p2a: Gliscor|198\/354 tox|[from] confusion
|
|-heal|p1a: Liepard|223\/332|[from] item: Leftovers
|-heal|p2a: Gliscor|242\/354 tox|[from] ability: Poison Heal
|turn|34
|
|move|p1a: Liepard|Substitute|p1a: Liepard
|-start|p1a: Liepard|Substitute
|-damage|p1a: Liepard|140\/332
|-activate|p2a: Gliscor|confusion
|move|p2a: Gliscor|Earthquake|p1a: Liepard
|-end|p1a: Liepard|Substitute
|
|-heal|p1a: Liepard|160\/332|[from] item: Leftovers
|-heal|p2a: Gliscor|286\/354 tox|[from] ability: Poison Heal
|turn|35
|
|move|p1a: Liepard|Substitute|p1a: Liepard
|-start|p1a: Liepard|Substitute
|-damage|p1a: Liepard|77\/332
|-activate|p2a: Gliscor|confusion
|move|p2a: Gliscor|Earthquake|p1a: Liepard
|-end|p1a: Liepard|Substitute
|
|-heal|p1a: Liepard|97\/332|[from] item: Leftovers
|-heal|p2a: Gliscor|330\/354 tox|[from] ability: Poison Heal
|turn|36
|
|move|p1a: Liepard|Substitute|p1a: Liepard
|-start|p1a: Liepard|Substitute
|-damage|p1a: Liepard|14\/332
|-end|p2a: Gliscor|confusion
|move|p2a: Gliscor|Earthquake|p1a: Liepard
|-end|p1a: Liepard|Substitute
|
|-heal|p1a: Liepard|34\/332|[from] item: Leftovers
|-heal|p2a: Gliscor|354\/354 tox|[from] ability: Poison Heal
|turn|37
|
|move|p1a: Liepard|Swagger|p2a: Gliscor
|-boost|p2a: Gliscor|atk|2
|-start|p2a: Gliscor|confusion
|-activate|p2a: Gliscor|confusion
|move|p2a: Gliscor|Earthquake|p1a: Liepard
|-damage|p1a: Liepard|0 fnt
|faint|p1a: Liepard
|
|
|switch|p1a: Manectric|Manectric, M|281\/281
|-damage|p1a: Manectric|246\/281|[from] Stealth Rock
|turn|38
|
|switch|p2a: Whimsicott|Whimsicott, M|323\/324 par
|-damage|p2a: Whimsicott|283\/324 par|[from] Stealth Rock
|-formechange|p1a: Manectric|Manectric-Mega
|message|Manectric has Mega Evolved into Mega Manectric!
|-ability|p1a: Manectric|Intimidate|[of] p2a: Whimsicott
|-unboost|p2a: Whimsicott|atk|1
|move|p1a: Manectric|Hidden Power|p2a: Whimsicott
|-supereffective|p2a: Whimsicott
|-damage|p2a: Whimsicott|89\/324 par
|
|-heal|p2a: Whimsicott|109\/324 par|[from] item: Leftovers
|turn|39
|
|cant|p2a: Whimsicott|par
|move|p1a: Manectric|Hidden Power|p2a: Whimsicott
|-supereffective|p2a: Whimsicott
|-damage|p2a: Whimsicott|0 fnt
|faint|p2a: Whimsicott
|
|
|switch|p2a: Aegislash|Aegislash, M|233\/324
|-damage|p2a: Aegislash|213\/324|[from] Stealth Rock
|turn|40
|
|move|p1a: Manectric|Flamethrower|p2a: Aegislash
|-supereffective|p2a: Aegislash
|-damage|p2a: Aegislash|65\/324
|-enditem|p2a: Aegislash|Weakness Policy
|-boost|p2a: Aegislash|atk|2|[from] item: Weakness Policy
|-boost|p2a: Aegislash|spa|2|[from] item: Weakness Policy
|-status|p2a: Aegislash|brn
|-formechange|p2a: Aegislash|Aegislash-Blade
|move|p2a: Aegislash|Sacred Sword|p1a: Manectric
|-damage|p1a: Manectric|76\/281
|
|-damage|p2a: Aegislash|25\/324 brn|[from] brn
|turn|41
|
|move|p2a: Aegislash|Shadow Sneak|p1a: Manectric
|-damage|p1a: Manectric|0 fnt
|faint|p1a: Manectric
|
|-damage|p2a: Aegislash|0 fnt|[from] brn
|faint|p2a: Aegislash
|
|switch|p1a: Mamoswine|Mamoswine, M|113\/362 tox
|-damage|p1a: Mamoswine|68\/362 tox|[from] Stealth Rock
|switch|p2a: Gyarados|Gyarados, F|332\/332
|-damage|p2a: Gyarados|249\/332|[from] Stealth Rock
|-ability|p2a: Gyarados|Intimidate|[of] p1a: Mamoswine
|-unboost|p1a: Mamoswine|atk|1
|turn|42
|
|-formechange|p2a: Gyarados|Gyarados-Mega
|message|Gyarados has Mega Evolved into Mega Gyarados!
|-ability|p2a: Gyarados|Mold Breaker
|move|p1a: Mamoswine|Icicle Crash|p2a: Gyarados
|-resisted|p2a: Gyarados
|-damage|p2a: Gyarados|183\/332
|-damage|p1a: Mamoswine|32\/362 tox|[from] item: Life Orb
|move|p2a: Gyarados|Waterfall|p1a: Mamoswine
|-supereffective|p1a: Mamoswine
|-damage|p1a: Mamoswine|0 fnt
|faint|p1a: Mamoswine
|
|
|switch|p1a: Torterra|Torterra, F|259\/394 tox
|-damage|p1a: Torterra|235\/394 tox|[from] Stealth Rock
|turn|43
|
|move|p2a: Gyarados|Ice Fang|p1a: Torterra
|-supereffective|p1a: Torterra
|-damage|p1a: Torterra|0 fnt
|faint|p1a: Torterra
|
|win|Beepokemon
|raw|Ladder updating...
|raw|dark08's rating: 1658 &rarr; <strong>1633<\/strong><br \/>(-25 for losing)
|raw|Beepokemon's rating: 1567 &rarr; <strong>1592<\/strong><br \/>(+25 for winning)
|leave|dark08
|player|p1