|join|Lord of King
|join|dark08
|player|p1|Lord of King|136
|player|p2|dark08|64
|gametype|singles
|gen|6
|tier|OU (suspect test)
|rated
|clearpoke
|poke|p1|Venusaur, F
|poke|p1|Entei, shiny
|poke|p1|Swampert, M
|poke|p1|Hydreigon, F
|poke|p1|Togekiss, F
|poke|p1|Scizor, M
|poke|p2|Lucario, M
|poke|p2|Latios, M
|poke|p2|Espeon, M
|poke|p2|Umbreon, M
|poke|p2|Zoroark, M
|poke|p2|Scizor, M
|rule|Swagger Clause: Swagger is banned
|rule|Baton Pass Clause: Limit one PokÃ©mon knowing Baton Pass
|rule|Sleep Clause Mod: Limit one foe put to sleep
|rule|Species Clause: Limit one of each PokÃ©mon
|rule|OHKO Clause: OHKO moves are banned
|rule|Moody Clause: Moody is banned
|rule|Evasion Moves Clause: Evasion moves are banned
|rule|Endless Battle Clause: Forcing endless battles is banned
|rule|HP Percentage Mod: HP is shown in percentages
|teampreview
|
|start
|switch|p1a: Precious|Hydreigon, F|357\/357
|switch|p2a: Latios|Latios, M|261\/261
|turn|1
|join|hashtag fabulous
|
|move|p1a: Precious|U-turn|p2a: Latios
|-supereffective|p2a: Latios
|replace|p2a: Zoroark|Zoroark, M|261\/261
|-damage|p2a: Zoroark|91\/261
|
|switch|p1a: no more tears|Togekiss, F|373\/373
|move|p2a: Zoroark|Low Kick|p1a: no more tears
|-resisted|p1a: no more tears
|-damage|p1a: no more tears|354\/373
|
|-heal|p1a: no more tears|373\/373|[from] item: Leftovers
|turn|2
|c|âdark08|that fucked me over lol
|
|switch|p2a: Espeon|Espeon, M|272\/272
|move|p1a: no more tears|Thunder Wave|p2a: Espeon
|move|p2a: Espeon|Thunder Wave|p1a: no more tears|[from]Magic Bounce
|-status|p1a: no more tears|par
|
|turn|3
|c|âLord of King|yeah, thought it might be usefull to scout with hydra ;)
|c|âdark08|very well played
|c|âLord of King|and that fucked my togekiss over xD
|
|switch|p1a: Menace|Scizor, M|343\/343
|move|p2a: Espeon|Calm Mind|p2a: Espeon
|-boost|p2a: Espeon|spa|1
|-boost|p2a: Espeon|spd|1
|
|turn|4
|c|âdark08|yeah true haha i needed that
|
|move|p2a: Espeon|Shadow Ball|p1a: Menace
|-damage|p1a: Menace|157\/343
|-damage|p2a: Espeon|245\/272|[from] item: Life Orb
|move|p1a: Menace|U-turn|p2a: Espeon
|-supereffective|p2a: Espeon
|-damage|p2a: Espeon|0 fnt
|faint|p2a: Espeon
|
|switch|p1a: Precious|Hydreigon, F|357\/357
|
|
|switch|p2a: Latios|Latios, M|302\/302
|turn|5
|
|switch|p2a: Scizor|Scizor, M|343\/343
|move|p1a: Precious|U-turn|p2a: Scizor
|-resisted|p2a: Scizor
|-damage|p2a: Scizor|315\/343
|
|switch|p1a: Rufus|Entei, shiny|401\/401
|-ability|p1a: Rufus|Pressure
|
|turn|6
|
|switch|p2a: Latios|Latios, M|302\/302
|move|p1a: Rufus|Sacred Fire|p2a: Latios
|-resisted|p2a: Latios
|-damage|p2a: Latios|204\/302
|-status|p2a: Latios|brn
|
|-damage|p2a: Latios|167\/302 brn|[from] brn
|turn|7
|
|switch|p1a: no more tears|Togekiss, F|373\/373 par
|move|p2a: Latios|Surf|p1a: no more tears
|-damage|p1a: no more tears|269\/373 par
|
|-heal|p1a: no more tears|292\/373 par|[from] item: Leftovers
|-damage|p2a: Latios|130\/302 brn|[from] brn
|turn|8
|
|switch|p2a: Scizor|Scizor, M|315\/343
|move|p1a: no more tears|Air Slash|p2a: Scizor
|-damage|p2a: Scizor|198\/343
|
|-heal|p1a: no more tears|315\/373 par|[from] item: Leftovers
|turn|9
|
|switch|p1a: Do You Even Liek|Swampert, M|401\/401
|detailschange|p2a: Scizor|Scizor-Mega, M
|-mega|p2a: Scizor|Scizor|Scizorite
|move|p2a: Scizor|U-turn|p1a: Do You Even Liek
|-damage|p1a: Do You Even Liek|284\/401
|
|switch|p2a: Latios|Latios, M|130\/302 brn
|
|-heal|p1a: Do You Even Liek|309\/401|[from] item: Leftovers
|-damage|p2a: Latios|93\/302 brn|[from] brn
|turn|10
|
|move|p2a: Latios|Psyshock|p1a: Do You Even Liek
|-damage|p1a: Do You Even Liek|137\/401
|move|p1a: Do You Even Liek|Stealth Rock|p2a: Latios
|-sidestart|p2: dark08|move: Stealth Rock
|
|-heal|p1a: Do You Even Liek|162\/401|[from] item: Leftovers
|-damage|p2a: Latios|56\/302 brn|[from] brn
|turn|11
|
|switch|p1a: Menace|Scizor, M|157\/343
|move|p2a: Latios|Psyshock|p1a: Menace
|-resisted|p1a: Menace
|-damage|p1a: Menace|53\/343
|
|-heal|p1a: Menace|74\/343|[from] item: Leftovers
|-damage|p2a: Latios|19\/302 brn|[from] brn
|turn|12
|
|move|p1a: Menace|Bullet Punch|p2a: Latios
|-damage|p2a: Latios|0 fnt
|faint|p2a: Latios
|
|-heal|p1a: Menace|95\/343|[from] item: Leftovers
|
|switch|p2a: Lucario|Lucario, M|281\/281
|-damage|p2a: Lucario|273\/281|[from] Stealth Rock
|turn|13
|
|move|p2a: Lucario|Close Combat|p1a: Menace
|-damage|p1a: Menace|0 fnt
|-unboost|p2a: Lucario|def|1
|-unboost|p2a: Lucario|spd|1
|-damage|p2a: Lucario|245\/281|[from] item: Life Orb
|faint|p1a: Menace
|
|
|switch|p1a: Precious|Hydreigon, F|357\/357
|turn|14
|c|âdark08|did u have super power?
|c|âLord of King|nope, it's my defogger :)
|
|switch|p2a: Umbreon|Umbreon, M|394\/394
|-damage|p2a: Umbreon|345\/394|[from] Stealth Rock
|move|p1a: Precious|Flamethrower|p2a: Umbreon
|-damage|p2a: Umbreon|255\/394
|
|-heal|p2a: Umbreon|279\/394|[from] item: Leftovers
|turn|15
|c|âdark08|ahh damn maybe I should have Sded
|
|switch|p1a: no more tears|Togekiss, F|315\/373 par
|move|p2a: Umbreon|Wish|p2a: Umbreon
|
|-heal|p2a: Umbreon|303\/394|[from] item: Leftovers
|-heal|p1a: no more tears|338\/373 par|[from] item: Leftovers
|turn|16
|
|switch|p2a: Scizor|Scizor-Mega, M|198\/343
|-damage|p2a: Scizor|156\/343|[from] Stealth Rock
|move|p1a: no more tears|Thunder Wave|p2a: Scizor
|-status|p2a: Scizor|par
|
|-heal|p2a: Scizor|343\/343 par|[from] move: Wish|[wisher] Umbreon
|-heal|p1a: no more tears|361\/373 par|[from] item: Leftovers
|turn|17
|
|switch|p1a: Do You Even Liek|Swampert, M|162\/401
|move|p2a: Scizor|U-turn|p1a: Do You Even Liek
|-damage|p1a: Do You Even Liek|42\/401
|
|switch|p2a: Zoroark|Zoroark, M|91\/261
|-damage|p2a: Zoroark|59\/261|[from] Stealth Rock
|
|-heal|p1a: Do You Even Liek|67\/401|[from] item: Leftovers
|turn|18
|
|move|p2a: Zoroark|Knock Off|p1a: Do You Even Liek
|-damage|p1a: Do You Even Liek|0 fnt
|-enditem|p1a: Do You Even Liek|Leftovers|[from] move: Knock Off|[of] p2a: Zoroark
|faint|p1a: Do You Even Liek
|
|
|switch|p1a: Precious|Hydreigon, F|357\/357
|turn|19
|
|switch|p2a: Umbreon|Umbreon, M|303\/394
|-damage|p2a: Umbreon|254\/394|[from] Stealth Rock
|move|p1a: Precious|U-turn|p2a: Umbreon
|-supereffective|p2a: Umbreon
|-damage|p2a: Umbreon|180\/394
|
|switch|p1a: Berta|Venusaur, F|363\/363
|
|-heal|p2a: Umbreon|204\/394|[from] item: Leftovers
|turn|20
|
|detailschange|p1a: Berta|Venusaur-Mega, F
|-mega|p1a: Berta|Venusaur|Venusaurite
|move|p1a: Berta|Leech Seed|p2a: Umbreon
|-start|p2a: Umbreon|move: Leech Seed
|move|p2a: Umbreon|Wish|p2a: Umbreon
|
|-heal|p2a: Umbreon|228\/394|[from] item: Leftovers
|-damage|p2a: Umbreon|179\/394|[from] Leech Seed|[of] p1a: Berta
|turn|21
|
|switch|p1a: no more tears|Togekiss, F|361\/373 par
|move|p2a: Umbreon|Protect|p2a: Umbreon
|-fail|p2a: Umbreon
|
|-heal|p2a: Umbreon|376\/394|[from] move: Wish|[wisher] Umbreon
|-heal|p2a: Umbreon|394\/394|[from] item: Leftovers
|-heal|p1a: no more tears|373\/373 par|[from] item: Leftovers
|-damage|p2a: Umbreon|345\/394|[from] Leech Seed|[of] p1a: no more tears
|turn|22
|
|switch|p2a: Scizor|Scizor-Mega, M|343\/343 par
|-damage|p2a: Scizor|301\/343 par|[from] Stealth Rock
|cant|p1a: no more tears|par
|
|turn|23
|
|move|p1a: no more tears|Thunder Wave|p2a: Scizor
|-fail|p2a: Scizor|par
|cant|p2a: Scizor|par
|
|turn|24
|c|âLord of King|damn :p
|
|move|p1a: no more tears|Air Slash|p2a: Scizor
|-damage|p2a: Scizor|193\/343 par
|cant|p2a: Scizor|flinch
|
|turn|25
|c|âLord of King|I was wondering if you were faster
|c|âdark08|yeah tough to say
|
|switch|p1a: Rufus|Entei, shiny|401\/401
|-ability|p1a: Rufus|Pressure
|move|p2a: Scizor|Bullet Punch|p1a: Rufus
|-resisted|p1a: Rufus
|-damage|p1a: Rufus|332\/401
|
|-heal|p1a: Rufus|357\/401|[from] item: Leftovers
|turn|26
|
|switch|p2a: Umbreon|Umbreon, M|345\/394
|-damage|p2a: Umbreon|296\/394|[from] Stealth Rock
|move|p1a: Rufus|Sacred Fire|p2a: Umbreon
|-damage|p2a: Umbreon|179\/394
|
|-heal|p1a: Rufus|382\/401|[from] item: Leftovers
|-heal|p2a: Umbreon|203\/394|[from] item: Leftovers
|turn|27
|
|switch|p1a: Berta|Venusaur-Mega, F|363\/363
|move|p2a: Umbreon|Toxic|p1a: Berta
|-fail|p1a: Berta
|
|-heal|p2a: Umbreon|227\/394|[from] item: Leftovers
|turn|28
|
|move|p2a: Umbreon|Protect|p2a: Umbreon
|-singleturn|p2a: Umbreon|Protect
|move|p1a: Berta|Leech Seed|p2a: Umbreon
|-activate|p2a: Umbreon|Protect
|
|-heal|p2a: Umbreon|251\/394|[from] item: Leftovers
|turn|29
|
|move|p1a: Berta|Leech Seed|p2a: Umbreon
|-start|p2a: Umbreon|move: Leech Seed
|move|p2a: Umbreon|Wish|p2a: Umbreon
|
|-heal|p2a: Umbreon|275\/394|[from] item: Leftovers
|-damage|p2a: Umbreon|226\/394|[from] Leech Seed|[of] p1a: Berta
|turn|30
|
|move|p1a: Berta|Giga Drain|p2a: Umbreon
|-damage|p2a: Umbreon|145\/394
|move|p2a: Umbreon|Foul Play|p1a: Berta
|-damage|p1a: Berta|306\/363
|
|-heal|p2a: Umbreon|342\/394|[from] move: Wish|[wisher] Umbreon
|-heal|p2a: Umbreon|366\/394|[from] item: Leftovers
|-damage|p2a: Umbreon|317\/394|[from] Leech Seed|[of] p1a: Berta
|-heal|p1a: Berta|355\/363|[silent]
|turn|31
|
|move|p1a: Berta|Sludge Bomb|p2a: Umbreon
|-damage|p2a: Umbreon|212\/394
|move|p2a: Umbreon|Wish|p2a: Umbreon
|
|-heal|p2a: Umbreon|236\/394|[from] item: Leftovers
|-damage|p2a: Umbreon|187\/394|[from] Leech Seed|[of] p1a: Berta
|-heal|p1a: Berta|363\/363|[silent]
|turn|32
|
|switch|p1a: Precious|Hydreigon, F|357\/357
|move|p2a: Umbreon|Protect|p2a: Umbreon
|-fail|p2a: Umbreon
|
|-heal|p2a: Umbreon|384\/394|[from] move: Wish|[wisher] Umbreon
|-heal|p2a: Umbreon|394\/394|[from] item: Leftovers
|-damage|p2a: Umbreon|345\/394|[from] Leech Seed|[of] p1a: Precious
|turn|33
|
|move|p1a: Precious|U-turn|p2a: Umbreon
|-supereffective|p2a: Umbreon
|-damage|p2a: Umbreon|279\/394
|
|switch|p1a: Berta|Venusaur-Mega, F|363\/363
|move|p2a: Umbreon|Wish|p2a: Umbreon
|
|-heal|p2a: Umbreon|303\/394|[from] item: Leftovers
|-damage|p2a: Umbreon|254\/394|[from] Leech Seed|[of] p1a: Berta
|turn|34
|
|switch|p2a: Scizor|Scizor-Mega, M|193\/343 par
|-damage|p2a: Scizor|151\/343 par|[from] Stealth Rock
|move|p1a: Berta|Leech Seed|p2a: Scizor
|-start|p2a: Scizor|move: Leech Seed
|
|-heal|p2a: Scizor|343\/343 par|[from] move: Wish|[wisher] Umbreon
|-damage|p2a: Scizor|301\/343 par|[from] Leech Seed|[of] p1a: Berta
|turn|35
|
|switch|p1a: Rufus|Entei, shiny|382\/401
|-ability|p1a: Rufus|Pressure
|move|p2a: Scizor|Swords Dance|p2a: Scizor
|-boost|p2a: Scizor|atk|2
|
|-heal|p1a: Rufus|401\/401|[from] item: Leftovers
|-damage|p2a: Scizor|259\/343 par|[from] Leech Seed|[of] p1a: Rufus
|turn|36
|c|âdark08|your reading me like a book haha
|c|âLord of King|I hope so :p
|
|switch|p2a: Umbreon|Umbreon, M|254\/394
|-damage|p2a: Umbreon|205\/394|[from] Stealth Rock
|move|p1a: Rufus|Sacred Fire|p2a: Umbreon
|-damage|p2a: Umbreon|96\/394
|
|-heal|p2a: Umbreon|120\/394|[from] item: Leftovers
|turn|37
|c|âLord of King|still, you play pretty well, I really have to think about what I do
|
|switch|p2a: Scizor|Scizor-Mega, M|259\/343 par
|-damage|p2a: Scizor|217\/343 par|[from] Stealth Rock
|move|p1a: Rufus|Sacred Fire|p2a: Scizor
|-supereffective|p2a: Scizor
|-damage|p2a: Scizor|0 fnt
|faint|p2a: Scizor
|
|c|âdark08|thanks man
|
|switch|p2a: Umbreon|Umbreon, M|59\/261
|-damage|p2a: Umbreon|27\/261|[from] Stealth Rock
|turn|38
|
|move|p1a: Rufus|Extreme Speed|p2a: Umbreon
|replace|p2a: Zoroark|Zoroark, M|27\/261
|-damage|p2a: Zoroark|0 fnt
|faint|p2a: Zoroark
|
|
|switch|p2a: Umbreon|Umbreon, M|120\/394
|-damage|p2a: Umbreon|71\/394|[from] Stealth Rock
|turn|39
|
|move|p1a: Rufus|Sacred Fire|p2a: Umbreon
|-damage|p2a: Umbreon|0 fnt
|faint|p2a: Umbreon
|
|
|switch|p2a: Lucario|Lucario, M|245\/281
|-damage|p2a: Lucario|237\/281|[from] Stealth Rock
|turn|40
|
|move|p1a: Rufus|Sacred Fire|p2a: Lucario
|-supereffective|p2a: Lucario
|-damage|p2a: Lucario|0 fnt
|faint|p2a: Lucario
|
|win|Lord of King
|raw|Ladder updating...
|raw|Lord of King's rating: 1235 &rarr; <strong>1264<\/strong><br \/>(+29 for winning)
|raw|dark08's rating: 1291 &rarr; <strong>1262<\/strong><br \/>(-29 for losing)
|c|âLord of King|gg wp
|c|âdark08|gg bro
|c|âdark08|u got a 3ds bro?
|leave|hashtag fabulous
|c|âLord of King|ow, sorry 'bout the slow reaction
|c|âLord of King|Yeah, I have one, but I don't have it at home atm
|c|âdark08|awesome bro
|c|âdark08|perhaps we could exchange fc and have a battle on the ds
|c|âdark08|my fc is 0791 1945 2888 if u want to add me
|c|âLord of King|Tnx, I'll try to remember and add you once I get it back :D
|c|âdark08|sweet man  well gg and well played hopefully we'll have a battle on the ds at some point
|c|âLord of King|tnx, you too
|c|âLord of King|bye