|join|gyarad0site
|join|Where Dey At Doe
|player|p1|gyarad0site|195
|player|p2|Where Dey At Doe|270
|gametype|singles
|gen|6
|tier|OU
|rated
|clearpoke
|poke|p1|Scizor, M, shiny
|poke|p1|Manaphy, shiny
|poke|p1|Thundurus, M
|poke|p1|Landorus-Therian, M
|poke|p1|Cobalion
|poke|p1|Latios, M
|poke|p2|Latias, F, shiny
|poke|p2|Keldeo-Resolute, shiny
|poke|p2|Bisharp, F, shiny
|poke|p2|Zapdos
|poke|p2|Conkeldurr, M
|poke|p2|Bronzong
|rule|Swagger Clause: Swagger is banned
|rule|Baton Pass Clause: Limit one PokÃ©mon knowing Baton Pass
|rule|Sleep Clause Mod: Limit one foe put to sleep
|rule|Species Clause: Limit one of each PokÃ©mon
|rule|OHKO Clause: OHKO moves are banned
|rule|Moody Clause: Moody is banned
|rule|Evasion Moves Clause: Evasion moves are banned
|rule|Endless Battle Clause: Forcing endless battles is banned
|rule|HP Percentage Mod: HP is shown in percentages
|teampreview
|
|start
|switch|p1a: Thundurus|Thundurus, M|299\/299
|switch|p2a: Keldeo-Resolute|Keldeo-Resolute, shiny|324\/324
|turn|1
|
|switch|p2a: Conkeldurr|Conkeldurr, M|400\/400
|move|p1a: Thundurus|Volt Switch|p2a: Conkeldurr
|-damage|p2a: Conkeldurr|288\/400
|
|switch|p1a: sAMuel L|Landorus-Therian, M|381\/381
|-ability|p1a: sAMuel L|Intimidate|[of] p2a: Conkeldurr
|-unboost|p2a: Conkeldurr|atk|1
|
|turn|2
|
|move|p1a: sAMuel L|U-turn|p2a: Conkeldurr
|-resisted|p2a: Conkeldurr
|-damage|p2a: Conkeldurr|252\/400
|
|switch|p1a: flAMberge|Cobalion|358\/358
|move|p2a: Conkeldurr|Ice Punch|p1a: flAMberge
|-resisted|p1a: flAMberge
|-damage|p1a: flAMberge|331\/358
|
|-heal|p1a: flAMberge|353\/358|[from] item: Leftovers
|turn|3
|
|move|p1a: flAMberge|Volt Switch|p2a: Conkeldurr
|-damage|p2a: Conkeldurr|211\/400
|
|switch|p1a: sAMuel L|Landorus-Therian, M|381\/381
|-ability|p1a: sAMuel L|Intimidate|[of] p2a: Conkeldurr
|-unboost|p2a: Conkeldurr|atk|1
|move|p2a: Conkeldurr|Drain Punch|p1a: sAMuel L
|-resisted|p1a: sAMuel L
|-damage|p1a: sAMuel L|352\/381
|-heal|p2a: Conkeldurr|226\/400|[from] drain|[of] p1a: sAMuel L
|
|-heal|p1a: sAMuel L|375\/381|[from] item: Leftovers
|turn|4
|
|move|p1a: sAMuel L|Stealth Rock|p2a: Conkeldurr
|-sidestart|p2: Where Dey At Doe|move: Stealth Rock
|move|p2a: Conkeldurr|Ice Punch|p1a: sAMuel L
|-supereffective|p1a: sAMuel L
|-damage|p1a: sAMuel L|219\/381
|
|-heal|p1a: sAMuel L|242\/381|[from] item: Leftovers
|turn|5
|
|switch|p2a: Bronzong|Bronzong|338\/338
|-damage|p2a: Bronzong|317\/338|[from] Stealth Rock
|move|p1a: sAMuel L|U-turn|p2a: Bronzong
|-damage|p2a: Bronzong|270\/338
|
|switch|p1a: Thundurus|Thundurus, M|299\/299
|
|-heal|p2a: Bronzong|291\/338|[from] item: Leftovers
|turn|6
|
|move|p1a: Thundurus|Taunt|p2a: Bronzong
|-start|p2a: Bronzong|move: Taunt
|cant|p2a: Bronzong|move: Taunt|Stealth Rock
|
|-heal|p2a: Bronzong|312\/338|[from] item: Leftovers
|turn|7
|
|switch|p2a: Bisharp|Bisharp, F, shiny|316\/316
|-damage|p2a: Bisharp|297\/316|[from] Stealth Rock
|move|p1a: Thundurus|Volt Switch|p2a: Bisharp
|-crit|p2a: Bisharp
|-damage|p2a: Bisharp|155\/316
|
|switch|p1a: flAMberge|Cobalion|353\/358
|
|-heal|p1a: flAMberge|358\/358|[from] item: Leftovers
|turn|8
|
|switch|p2a: Zapdos|Zapdos|384\/384
|-damage|p2a: Zapdos|288\/384|[from] Stealth Rock
|-ability|p2a: Zapdos|Pressure
|move|p1a: flAMberge|Close Combat|p2a: Zapdos
|-resisted|p2a: Zapdos
|-damage|p2a: Zapdos|228\/384
|-unboost|p1a: flAMberge|def|1
|-unboost|p1a: flAMberge|spd|1
|
|-heal|p2a: Zapdos|252\/384|[from] item: Leftovers
|turn|9
|
|move|p1a: flAMberge|Taunt|p2a: Zapdos
|-start|p2a: Zapdos|move: Taunt
|cant|p2a: Zapdos|move: Taunt|Defog
|
|-heal|p2a: Zapdos|276\/384|[from] item: Leftovers
|turn|10
|
|move|p1a: flAMberge|Volt Switch|p2a: Zapdos
|-damage|p2a: Zapdos|229\/384
|
|switch|p1a: sAMuel L|Landorus-Therian, M|242\/381
|-ability|p1a: sAMuel L|Intimidate|[of] p2a: Zapdos
|-unboost|p2a: Zapdos|atk|1
|move|p2a: Zapdos|Heat Wave|p1a: sAMuel L
|-crit|p1a: sAMuel L
|-damage|p1a: sAMuel L|76\/381
|
|-heal|p2a: Zapdos|253\/384|[from] item: Leftovers
|-heal|p1a: sAMuel L|99\/381|[from] item: Leftovers
|turn|11
|
|switch|p1a: Latios|Latios, M|301\/301
|move|p2a: Zapdos|Heat Wave|p1a: Latios
|-resisted|p1a: Latios
|-damage|p1a: Latios|254\/301
|-status|p1a: Latios|brn
|
|-heal|p2a: Zapdos|277\/384|[from] item: Leftovers
|-damage|p1a: Latios|217\/301 brn|[from] brn
|-end|p2a: Zapdos|move: Taunt
|turn|12
|
|switch|p2a: Bronzong|Bronzong|312\/338
|-damage|p2a: Bronzong|291\/338|[from] Stealth Rock
|move|p1a: Latios|Trick|p2a: Bronzong
|-activate|p1a: Latios|move: Trick|[of] p2a: Bronzong
|-item|p2a: Bronzong|Choice Scarf|[from] move: Trick
|-item|p1a: Latios|Leftovers|[from] move: Trick
|
|-heal|p1a: Latios|235\/301 brn|[from] item: Leftovers
|-damage|p1a: Latios|198\/301 brn|[from] brn
|turn|13
|
|switch|p1a: sAMuel L|Landorus-Therian, M|99\/381
|-ability|p1a: sAMuel L|Intimidate|[of] p2a: Bronzong
|-unboost|p2a: Bronzong|atk|1
|move|p2a: Bronzong|Stealth Rock|p1a: sAMuel L
|-sidestart|p1: gyarad0site|move: Stealth Rock
|
|-heal|p1a: sAMuel L|122\/381|[from] item: Leftovers
|turn|14
|
|switch|p2a: Bisharp|Bisharp, F, shiny|155\/316
|-damage|p2a: Bisharp|136\/316|[from] Stealth Rock
|move|p1a: sAMuel L|U-turn|p2a: Bisharp
|-damage|p2a: Bisharp|66\/316
|
|switch|p1a: flAMberge|Cobalion|358\/358
|-damage|p1a: flAMberge|347\/358|[from] Stealth Rock
|
|-heal|p1a: flAMberge|358\/358|[from] item: Leftovers
|turn|15
|
|switch|p2a: Bronzong|Bronzong|291\/338
|-damage|p2a: Bronzong|270\/338|[from] Stealth Rock
|move|p1a: flAMberge|Close Combat|p2a: Bronzong
|-damage|p2a: Bronzong|174\/338
|-unboost|p1a: flAMberge|def|1
|-unboost|p1a: flAMberge|spd|1
|
|turn|16
|
|move|p1a: flAMberge|Volt Switch|p2a: Bronzong
|-damage|p2a: Bronzong|130\/338
|
|switch|p1a: sAMuel L|Landorus-Therian, M|122\/381
|-damage|p1a: sAMuel L|75\/381|[from] Stealth Rock
|-ability|p1a: sAMuel L|Intimidate|[of] p2a: Bronzong
|-unboost|p2a: Bronzong|atk|1
|move|p2a: Bronzong|Toxic|p1a: sAMuel L
|-status|p1a: sAMuel L|tox
|
|-heal|p1a: sAMuel L|98\/381 tox|[from] item: Leftovers
|-damage|p1a: sAMuel L|75\/381 tox|[from] psn
|turn|17
|
|switch|p2a: Zapdos|Zapdos|277\/384
|-damage|p2a: Zapdos|181\/384|[from] Stealth Rock
|-ability|p2a: Zapdos|Pressure
|move|p1a: sAMuel L|U-turn|p2a: Zapdos
|-resisted|p2a: Zapdos
|-damage|p2a: Zapdos|148\/384
|
|switch|p1a: Latios|Latios, M|198\/301 brn
|-damage|p1a: Latios|161\/301 brn|[from] Stealth Rock
|
|-heal|p1a: Latios|179\/301 brn|[from] item: Leftovers
|-heal|p2a: Zapdos|172\/384|[from] item: Leftovers
|-damage|p1a: Latios|142\/301 brn|[from] brn
|turn|18
|c|âWhere Dey At Doe|This is possibly the most annoying volt turn team ever congrat on team build
|c|âgyarad0site|lol ty but all credit goes to AM
|
|switch|p2a: Bronzong|Bronzong|130\/338
|-damage|p2a: Bronzong|109\/338|[from] Stealth Rock
|move|p1a: Latios|Draco Meteor|p2a: Bronzong
|-resisted|p2a: Bronzong
|-damage|p2a: Bronzong|0 fnt
|-unboost|p1a: Latios|spa|2
|faint|p2a: Bronzong
|
|-heal|p1a: Latios|160\/301 brn|[from] item: Leftovers
|-damage|p1a: Latios|123\/301 brn|[from] brn
|
|switch|p2a: Latias|Latias, F, shiny|363\/363
|-damage|p2a: Latias|318\/363|[from] Stealth Rock
|turn|19
|
|detailschange|p2a: Latias|Latias-Mega, F, shiny
|message|Latias has Mega Evolved into Mega Latias!
|move|p1a: Latios|Draco Meteor|p2a: Latias
|-supereffective|p2a: Latias
|-damage|p2a: Latias|150\/363
|-unboost|p1a: Latios|spa|2
|move|p2a: Latias|Calm Mind|p2a: Latias
|-boost|p2a: Latias|spa|1
|-boost|p2a: Latias|spd|1
|
|-heal|p1a: Latios|141\/301 brn|[from] item: Leftovers
|-damage|p1a: Latios|104\/301 brn|[from] brn
|turn|20
|
|switch|p1a: Thundurus|Thundurus, M|299\/299
|-damage|p1a: Thundurus|225\/299|[from] Stealth Rock
|move|p2a: Latias|Substitute|p2a: Latias
|-start|p2a: Latias|Substitute
|-damage|p2a: Latias|60\/363
|
|-heal|p1a: Thundurus|243\/299|[from] item: Leftovers
|turn|21
|
|move|p1a: Thundurus|Taunt|p2a: Latias
|-start|p2a: Latias|move: Taunt
|move|p2a: Latias|Stored Power|p1a: Thundurus
|-damage|p1a: Thundurus|62\/299
|
|-heal|p1a: Thundurus|80\/299|[from] item: Leftovers
|turn|22
|
|move|p1a: Thundurus|Volt Switch|p2a: Latias
|-resisted|p2a: Latias
|-activate|p2a: Latias|Substitute|[damage]
|
|switch|p1a: flAMberge|Cobalion|358\/358
|-damage|p1a: flAMberge|347\/358|[from] Stealth Rock
|move|p2a: Latias|Stored Power|p1a: flAMberge
|-damage|p1a: flAMberge|173\/358
|
|-heal|p1a: flAMberge|195\/358|[from] item: Leftovers
|turn|23
|
|move|p1a: flAMberge|Iron Head|p2a: Latias
|-end|p2a: Latias|Substitute
|move|p2a: Latias|Stored Power|p1a: flAMberge
|-damage|p1a: flAMberge|14\/358
|
|-heal|p1a: flAMberge|36\/358|[from] item: Leftovers
|-end|p2a: Latias|move: Taunt
|turn|24
|
|switch|p2a: Zapdos|Zapdos|172\/384
|-damage|p2a: Zapdos|76\/384|[from] Stealth Rock
|-ability|p2a: Zapdos|Pressure
|move|p1a: flAMberge|Iron Head|p2a: Zapdos
|-resisted|p2a: Zapdos
|-damage|p2a: Zapdos|37\/384
|
|-heal|p1a: flAMberge|58\/358|[from] item: Leftovers
|-heal|p2a: Zapdos|61\/384|[from] item: Leftovers
|turn|25
|
|move|p1a: flAMberge|Taunt|p2a: Zapdos
|-start|p2a: Zapdos|move: Taunt
|cant|p2a: Zapdos|move: Taunt|Roost
|
|-heal|p1a: flAMberge|80\/358|[from] item: Leftovers
|-heal|p2a: Zapdos|85\/384|[from] item: Leftovers
|turn|26
|
|move|p1a: flAMberge|Close Combat|p2a: Zapdos
|-resisted|p2a: Zapdos
|-damage|p2a: Zapdos|19\/384
|-unboost|p1a: flAMberge|def|1
|-unboost|p1a: flAMberge|spd|1
|move|p2a: Zapdos|Discharge|p1a: flAMberge
|-damage|p1a: flAMberge|0 fnt
|faint|p1a: flAMberge
|
|-heal|p2a: Zapdos|43\/384|[from] item: Leftovers
|
|switch|p1a: Manaphy|Manaphy, shiny|351\/351
|-damage|p1a: Manaphy|308\/351|[from] Stealth Rock
|turn|27
|
|move|p1a: Manaphy|Scald|p2a: Zapdos
|-damage|p2a: Zapdos|0 fnt
|faint|p2a: Zapdos
|
|-heal|p1a: Manaphy|329\/351|[from] item: Leftovers
|
|switch|p2a: Keldeo-Resolute|Keldeo-Resolute, shiny|324\/324
|-damage|p2a: Keldeo-Resolute|304\/324|[from] Stealth Rock
|turn|28
|
|move|p2a: Keldeo-Resolute|Secret Sword|p1a: Manaphy
|-damage|p1a: Manaphy|167\/351
|move|p1a: Manaphy|Energy Ball|p2a: Keldeo-Resolute
|-supereffective|p2a: Keldeo-Resolute
|-damage|p2a: Keldeo-Resolute|90\/324
|
|-heal|p1a: Manaphy|188\/351|[from] item: Leftovers
|turn|29
|
|move|p2a: Keldeo-Resolute|Secret Sword|p1a: Manaphy
|-damage|p1a: Manaphy|32\/351
|move|p1a: Manaphy|Energy Ball|p2a: Keldeo-Resolute
|-supereffective|p2a: Keldeo-Resolute
|-damage|p2a: Keldeo-Resolute|0 fnt
|faint|p2a: Keldeo-Resolute
|
|-heal|p1a: Manaphy|53\/351|[from] item: Leftovers
|
|switch|p2a: Conkeldurr|Conkeldurr, M|226\/400
|-damage|p2a: Conkeldurr|201\/400|[from] Stealth Rock
|turn|30
|
|switch|p1a: sAMuel L|Landorus-Therian, M|75\/381 tox
|-damage|p1a: sAMuel L|28\/381 tox|[from] Stealth Rock
|-ability|p1a: sAMuel L|Intimidate|[of] p2a: Conkeldurr
|-unboost|p2a: Conkeldurr|atk|1
|move|p2a: Conkeldurr|Mach Punch|p1a: sAMuel L
|-resisted|p1a: sAMuel L
|-damage|p1a: sAMuel L|7\/381 tox
|
|-heal|p1a: sAMuel L|30\/381 tox|[from] item: Leftovers
|-damage|p1a: sAMuel L|7\/381 tox|[from] psn
|turn|31
|
|move|p2a: Conkeldurr|Mach Punch|p1a: sAMuel L
|-resisted|p1a: sAMuel L
|-damage|p1a: sAMuel L|0 fnt
|faint|p1a: sAMuel L
|
|
|switch|p1a: Latios|Latios, M|104\/301 brn
|-damage|p1a: Latios|67\/301 brn|[from] Stealth Rock
|turn|32
|
|switch|p2a: Bisharp|Bisharp, F, shiny|66\/316
|-damage|p2a: Bisharp|47\/316|[from] Stealth Rock
|move|p1a: Latios|Draco Meteor|p2a: Bisharp
|-resisted|p2a: Bisharp
|-damage|p2a: Bisharp|0 fnt
|-unboost|p1a: Latios|spa|2
|faint|p2a: Bisharp
|
|-heal|p1a: Latios|85\/301 brn|[from] item: Leftovers
|-damage|p1a: Latios|48\/301 brn|[from] brn
|
|switch|p2a: Conkeldurr|Conkeldurr, M|201\/400
|-damage|p2a: Conkeldurr|176\/400|[from] Stealth Rock
|turn|33
|
|move|p2a: Conkeldurr|Mach Punch|p1a: Latios
|-resisted|p1a: Latios
|-damage|p1a: Latios|0 fnt
|faint|p1a: Latios
|
|
|switch|p1a: rAMbo|Scizor, M, shiny|291\/291
|-damage|p1a: rAMbo|255\/291|[from] Stealth Rock
|turn|34
|c|âWhere Dey At Doe|Think that Gg wp
|
|detailschange|p1a: rAMbo|Scizor-Mega, M, shiny
|message|Scizor has Mega Evolved into Mega Scizor!
|move|p1a: rAMbo|Swords Dance|p1a: rAMbo
|-boost|p1a: rAMbo|atk|2
|move|p2a: Conkeldurr|Drain Punch|p1a: rAMbo
|-damage|p1a: rAMbo|132\/291
|-heal|p2a: Conkeldurr|238\/400|[from] drain|[of] p1a: rAMbo
|
|turn|35
|
|move|p1a: rAMbo|Superpower|p2a: Conkeldurr
|-damage|p2a: Conkeldurr|0 fnt
|-unboost|p1a: rAMbo|atk|1
|-unboost|p1a: rAMbo|def|1
|faint|p2a: Conkeldurr
|
|
|switch|p2a: Latias|Latias-Mega, F, shiny|60\/363
|-damage|p2a: Latias|15\/363|[from] Stealth Rock
|turn|36
|
|move|p1a: rAMbo|Bullet Punch|p2a: Latias
|-damage|p2a: Latias|0 fnt
|faint|p2a: Latias
|
|win|gyarad0site
|raw|Ladder updating...
|c|âgyarad0site|gg
|raw|gyarad0site's rating: 1531 &rarr; <strong>1551<\/strong><br \/>(+20 for winning)
|raw|Where Dey At Doe's rating: 1544 &rarr; <strong>1523<\/strong><br \/>(-21 for losing)