|join|Dawoode Sandstorm
|join|Where Dey At Doe
|player|p1|Dawoode Sandstorm|288
|player|p2|Where Dey At Doe|270
|gametype|singles
|gen|6
|tier|OU
|rated
|clearpoke
|poke|p1|Landorus, M
|poke|p1|Mew
|poke|p1|Raikou
|poke|p1|Keldeo
|poke|p1|Mandibuzz, F
|poke|p1|Diancie
|poke|p2|Sceptile, M, shiny
|poke|p2|Rotom-Wash, shiny
|poke|p2|Landorus-Therian, M, shiny
|poke|p2|Empoleon, M, shiny
|poke|p2|Conkeldurr, F
|poke|p2|Victini
|rule|Swagger Clause: Swagger is banned
|rule|Baton Pass Clause: Limit one PokÃ©mon knowing Baton Pass
|rule|Sleep Clause Mod: Limit one foe put to sleep
|rule|Species Clause: Limit one of each PokÃ©mon
|rule|OHKO Clause: OHKO moves are banned
|rule|Moody Clause: Moody is banned
|rule|Evasion Moves Clause: Evasion moves are banned
|rule|Endless Battle Clause: Forcing endless battles is banned
|rule|HP Percentage Mod: HP is shown in percentages
|teampreview
|join|Alvadora
|
|start
|switch|p1a: Raikou|Raikou|321\/321
|switch|p2a: Rotom-Wash|Rotom-Wash, shiny|304\/304
|-ability|p1a: Raikou|Pressure
|turn|1
|
|move|p1a: Raikou|Volt Switch|p2a: Rotom-Wash
|-damage|p2a: Rotom-Wash|195\/304
|
|switch|p1a: Mew|Mew|403\/403
|move|p2a: Rotom-Wash|Volt Switch|p1a: Mew
|-damage|p1a: Mew|334\/403
|
|switch|p2a: Victini|Victini|356\/356
|
|-heal|p1a: Mew|359\/403|[from] item: Leftovers
|turn|2
|
|switch|p1a: Keldeo|Keldeo|323\/323
|move|p2a: Victini|V-create|p1a: Keldeo
|-resisted|p1a: Keldeo
|-damage|p1a: Keldeo|95\/323
|-unboost|p2a: Victini|def|1
|-unboost|p2a: Victini|spd|1
|-unboost|p2a: Victini|spe|1
|
|turn|3
|
|switch|p2a: Rotom-Wash|Rotom-Wash, shiny|195\/304
|move|p1a: Keldeo|Scald|p2a: Rotom-Wash
|-resisted|p2a: Rotom-Wash
|-damage|p2a: Rotom-Wash|128\/304
|
|-heal|p2a: Rotom-Wash|147\/304|[from] item: Leftovers
|turn|4
|
|switch|p1a: Mew|Mew|359\/403
|move|p2a: Rotom-Wash|Pain Split|p1a: Mew
|-sethp|p1a: Mew|253\/403|p2a: Rotom-Wash|253\/304|[from] move: Pain Split
|
|-heal|p1a: Mew|278\/403|[from] item: Leftovers
|-heal|p2a: Rotom-Wash|272\/304|[from] item: Leftovers
|turn|5
|
|move|p1a: Mew|Knock Off|p2a: Rotom-Wash
|-damage|p2a: Rotom-Wash|219\/304
|-enditem|p2a: Rotom-Wash|Leftovers|[from] move: Knock Off|[of] p1a: Mew
|move|p2a: Rotom-Wash|Volt Switch|p1a: Mew
|-damage|p1a: Mew|202\/403
|
|switch|p2a: Victini|Victini|356\/356
|
|-heal|p1a: Mew|227\/403|[from] item: Leftovers
|turn|6
|
|switch|p1a: Mandibuzz|Mandibuzz, F|423\/423
|move|p2a: Victini|V-create|p1a: Mandibuzz
|-damage|p1a: Mandibuzz|96\/423
|-unboost|p2a: Victini|def|1
|-unboost|p2a: Victini|spd|1
|-unboost|p2a: Victini|spe|1
|
|-heal|p1a: Mandibuzz|122\/423|[from] item: Leftovers
|turn|7
|
|switch|p2a: Rotom-Wash|Rotom-Wash, shiny|219\/304
|move|p1a: Mandibuzz|Foul Play|p2a: Rotom-Wash
|-damage|p2a: Rotom-Wash|174\/304
|
|-heal|p1a: Mandibuzz|148\/423|[from] item: Leftovers
|turn|8
|
|switch|p1a: Raikou|Raikou|321\/321
|-ability|p1a: Raikou|Pressure
|move|p2a: Rotom-Wash|Volt Switch|p1a: Raikou
|-resisted|p1a: Raikou
|-damage|p1a: Raikou|281\/321
|
|switch|p2a: Conkeldurr|Conkeldurr, F|400\/400
|
|turn|9
|
|move|p1a: Raikou|Volt Switch|p2a: Conkeldurr
|-damage|p2a: Conkeldurr|294\/400
|
|switch|p1a: Mandibuzz|Mandibuzz, F|148\/423
|move|p2a: Conkeldurr|Ice Punch|p1a: Mandibuzz
|-supereffective|p1a: Mandibuzz
|-damage|p1a: Mandibuzz|12\/423
|
|-heal|p1a: Mandibuzz|38\/423|[from] item: Leftovers
|turn|10
|
|move|p2a: Conkeldurr|Mach Punch|p1a: Mandibuzz
|-damage|p1a: Mandibuzz|0 fnt
|faint|p1a: Mandibuzz
|
|
|switch|p1a: Diancie|Diancie|241\/241
|turn|11
|
|detailschange|p1a: Diancie|Diancie-Mega
|message|Diancie has Mega Evolved into Mega Diancie!
|move|p2a: Conkeldurr|Mach Punch|p1a: Diancie
|-damage|p1a: Diancie|165\/241
|move|p1a: Diancie|Moonblast|p2a: Conkeldurr
|-supereffective|p2a: Conkeldurr
|-damage|p2a: Conkeldurr|0 fnt
|faint|p2a: Conkeldurr
|
|
|switch|p2a: Sceptile|Sceptile, M, shiny|285\/285
|turn|12
|
|switch|p1a: Keldeo|Keldeo|95\/323
|detailschange|p2a: Sceptile|Sceptile-Mega, M, shiny
|message|Sceptile has Mega Evolved into Mega Sceptile!
|move|p2a: Sceptile|Giga Drain|p1a: Keldeo
|-supereffective|p1a: Keldeo
|-damage|p1a: Keldeo|0 fnt
|faint|p1a: Keldeo
|
|
|switch|p1a: Raikou|Raikou|281\/321
|-ability|p1a: Raikou|Pressure
|turn|13
|
|switch|p2a: Rotom-Wash|Rotom-Wash, shiny|174\/304
|move|p1a: Raikou|Hidden Power|p2a: Rotom-Wash
|-resisted|p2a: Rotom-Wash
|-damage|p2a: Rotom-Wash|142\/304
|
|turn|14
|
|switch|p1a: Mew|Mew|227\/403
|switch|p2a: Landorus-Therian|Landorus-Therian, M, shiny|327\/327
|-ability|p2a: Landorus-Therian|Intimidate|[of] p1a: Mew
|-unboost|p1a: Mew|atk|1
|
|-heal|p1a: Mew|252\/403|[from] item: Leftovers
|turn|15
|
|move|p2a: Landorus-Therian|U-turn|p1a: Mew
|-crit|p1a: Mew
|-supereffective|p1a: Mew
|-damage|p1a: Mew|0 fnt
|faint|p1a: Mew
|
|switch|p2a: Sceptile|Sceptile-Mega, M, shiny|285\/285
|
|
|switch|p1a: Raikou|Raikou|281\/321
|-ability|p1a: Raikou|Pressure
|turn|16
|
|switch|p2a: Victini|Victini|356\/356
|move|p1a: Raikou|Hidden Power|p2a: Victini
|-resisted|p2a: Victini
|-damage|p2a: Victini|323\/356
|
|turn|17
|-message|Dawoode Sandstorm forfeited.
|
|win|Where Dey At Doe
|raw|Ladder updating...
|leave|Dawoode Sandstorm
|player|p1
|raw|Dawoode Sandstorm's rating: 1694 &rarr; <strong>1669<\/strong><br \/>(-25 for losing)
|raw|Where Dey At Doe's rating: 1615 &rarr; <strong>1640<\/strong><br \/>(+25 for winning)