|join|Rawrfool
|join|Where dey At doe
|player|p1|Rawrfool|101
|player|p2|Where dey At doe|270
|gametype|singles
|gen|6
|tier|OU
|rated
|clearpoke
|poke|p1|Dragonite, F
|poke|p1|Heatran, F
|poke|p1|Rotom-Wash
|poke|p1|Mandibuzz, F
|poke|p1|Starmie
|poke|p1|Diancie
|poke|p2|Heatran, M
|poke|p2|Serperior, M, shiny
|poke|p2|Dugtrio, F, shiny
|poke|p2|Altaria, F, shiny
|poke|p2|Zapdos
|poke|p2|Tornadus-Therian, M, shiny
|rule|Swagger Clause: Swagger is banned
|rule|Baton Pass Clause: Limit one PokÃ©mon knowing Baton Pass
|rule|Sleep Clause Mod: Limit one foe put to sleep
|rule|Species Clause: Limit one of each PokÃ©mon
|rule|OHKO Clause: OHKO moves are banned
|rule|Moody Clause: Moody is banned
|rule|Evasion Moves Clause: Evasion moves are banned
|rule|Endless Battle Clause: Forcing endless battles is banned
|rule|HP Percentage Mod: HP is shown in percentages
|teampreview
|
|start
|switch|p1a: Rotom-Wash|Rotom-Wash|303\/303
|switch|p2a: Serperior|Serperior, M, shiny|291\/291
|turn|1
|
|move|p2a: Serperior|Leaf Storm|p1a: Rotom-Wash
|-supereffective|p1a: Rotom-Wash
|-damage|p1a: Rotom-Wash|0 fnt
|-boost|p2a: Serperior|spa|2
|-damage|p2a: Serperior|262\/291|[from] item: Life Orb
|faint|p1a: Rotom-Wash
|
|
|switch|p1a: Heatran|Heatran, F|386\/386
|turn|2
|
|switch|p2a: Heatran|Heatran, M|386\/386
|move|p1a: Heatran|Stealth Rock|p2a: Heatran
|-sidestart|p2: Where dey At doe|move: Stealth Rock
|
|turn|3
|
|move|p1a: Heatran|Earth Power|p2a: Heatran
|-supereffective|p2a: Heatran
|-damage|p2a: Heatran|94\/386
|move|p2a: Heatran|Stealth Rock|p1a: Heatran
|-sidestart|p1: Rawrfool|move: Stealth Rock
|
|-heal|p2a: Heatran|118\/386|[from] item: Leftovers
|turn|4
|
|move|p1a: Heatran|Earth Power|p2a: Heatran
|-supereffective|p2a: Heatran
|-damage|p2a: Heatran|0 fnt
|faint|p2a: Heatran
|
|
|switch|p2a: Dugtrio|Dugtrio, F, shiny|211\/211
|-damage|p2a: Dugtrio|198\/211|[from] Stealth Rock
|turn|5
|
|move|p2a: Dugtrio|Earthquake|p1a: Heatran
|-supereffective|p1a: Heatran
|-damage|p1a: Heatran|0 fnt
|faint|p1a: Heatran
|
|
|switch|p1a: Mandibuzz|Mandibuzz, F|423\/423
|-damage|p1a: Mandibuzz|318\/423|[from] Stealth Rock
|turn|6
|
|switch|p2a: Zapdos|Zapdos|384\/384
|-damage|p2a: Zapdos|288\/384|[from] Stealth Rock
|-ability|p2a: Zapdos|Pressure
|move|p1a: Mandibuzz|Knock Off|p2a: Zapdos
|-damage|p2a: Zapdos|210\/384
|-enditem|p2a: Zapdos|Leftovers|[from] move: Knock Off|[of] p1a: Mandibuzz
|
|turn|7
|
|switch|p1a: Diancie|Diancie|241\/241
|-damage|p1a: Diancie|211\/241|[from] Stealth Rock
|move|p2a: Zapdos|Volt Switch|p1a: Diancie
|-damage|p1a: Diancie|135\/241
|
|switch|p2a: Dugtrio|Dugtrio, F, shiny|198\/211
|-damage|p2a: Dugtrio|185\/211|[from] Stealth Rock
|
|turn|8
|
|detailschange|p1a: Diancie|Diancie-Mega
|-mega|p1a: Diancie|Diancie|Diancite
|move|p1a: Diancie|Protect|p1a: Diancie
|-singleturn|p1a: Diancie|Protect
|move|p2a: Dugtrio|Earthquake|p1a: Diancie
|-activate|p1a: Diancie|Protect
|
|turn|9
|
|move|p2a: Dugtrio|Earthquake|p1a: Diancie
|-supereffective|p1a: Diancie
|-damage|p1a: Diancie|0 fnt
|faint|p1a: Diancie
|
|
|switch|p1a: Dragonite|Dragonite, F|385\/385
|-damage|p1a: Dragonite|289\/385|[from] Stealth Rock
|turn|10
|
|move|p2a: Dugtrio|Memento|p1a: Dragonite
|-unboost|p1a: Dragonite|atk|2
|-unboost|p1a: Dragonite|spa|2
|faint|p2a: Dugtrio
|move|p1a: Dragonite|Dragon Dance|p1a: Dragonite
|-boost|p1a: Dragonite|atk|1
|-boost|p1a: Dragonite|spe|1
|
|
|switch|p2a: Altaria|Altaria, F, shiny|354\/354
|-damage|p2a: Altaria|266\/354|[from] Stealth Rock
|turn|11
|
|detailschange|p2a: Altaria|Altaria-Mega, F, shiny
|-mega|p2a: Altaria|Altaria|Altarianite
|move|p1a: Dragonite|Iron Head|p2a: Altaria
|-supereffective|p2a: Altaria
|-damage|p2a: Altaria|164\/354
|move|p2a: Altaria|Dragon Dance|p2a: Altaria
|-boost|p2a: Altaria|atk|1
|-boost|p2a: Altaria|spe|1
|
|turn|12
|
|move|p1a: Dragonite|Dragon Dance|p1a: Dragonite
|-boost|p1a: Dragonite|atk|1
|-boost|p1a: Dragonite|spe|1
|move|p2a: Altaria|Roost|p2a: Altaria
|-heal|p2a: Altaria|341\/354
|
|turn|13
|
|move|p1a: Dragonite|Iron Head|p2a: Altaria
|-supereffective|p2a: Altaria
|-damage|p2a: Altaria|203\/354
|move|p2a: Altaria|Frustration|p1a: Dragonite
|-crit|p1a: Dragonite
|-supereffective|p1a: Dragonite
|-damage|p1a: Dragonite|0 fnt
|faint|p1a: Dragonite
|
|
|switch|p1a: Starmie|Starmie|261\/261
|-damage|p1a: Starmie|229\/261|[from] Stealth Rock
|turn|14
|
|move|p1a: Starmie|Psychic|p2a: Altaria
|-damage|p2a: Altaria|43\/354
|-damage|p1a: Starmie|203\/261|[from] item: Life Orb
|move|p2a: Altaria|Dragon Dance|p2a: Altaria
|-boost|p2a: Altaria|atk|1
|-boost|p2a: Altaria|spe|1
|
|turn|15
|
|switch|p1a: Mandibuzz|Mandibuzz, F|318\/423
|-damage|p1a: Mandibuzz|213\/423|[from] Stealth Rock
|move|p2a: Altaria|Frustration|p1a: Mandibuzz
|-supereffective|p1a: Mandibuzz
|-damage|p1a: Mandibuzz|0 fnt
|-damage|p2a: Altaria|0 fnt|[from] item: Rocky Helmet|[of] p1a: Mandibuzz
|faint|p2a: Altaria
|faint|p1a: Mandibuzz
|
|
|switch|p2a: Tornadus-Therian|Tornadus-Therian, M, shiny|327\/327
|switch|p1a: Starmie|Starmie|203\/261
|-damage|p2a: Tornadus-Therian|246\/327|[from] Stealth Rock
|-damage|p1a: Starmie|171\/261|[from] Stealth Rock
|turn|16
|
|move|p2a: Tornadus-Therian|Knock Off|p1a: Starmie
|-supereffective|p1a: Starmie
|-damage|p1a: Starmie|0 fnt
|-enditem|p1a: Starmie|Life Orb|[from] move: Knock Off|[of] p2a: Tornadus-Therian
|faint|p1a: Starmie
|
|win|Where dey At doe
|raw|Ladder updating...
|raw|Rawrfool's rating: 1518 &rarr; <strong>1496<\/strong><br \/>(-22 for losing)
|raw|Where dey At doe's rating: 1475 &rarr; <strong>1497<\/strong><br \/>(+22 for winning)
|c|âRawrfool|gg awesome team :)
|c|âWhere dey At doe|Gg thanks
|leave|Rawrfool
|player|p1
|c|âWhere dey At doe|Duggy put in work for once