|join|Where dey At doe
|join|Brettlin
|player|p1|Where dey At doe|270
|player|p2|Brettlin|153
|gametype|singles
|gen|6
|tier|OU
|rated
|clearpoke
|poke|p1|Altaria, M, shiny
|poke|p1|Gliscor, M
|poke|p1|Magnezone, shiny
|poke|p1|Celebi
|poke|p1|Heatran, F, shiny
|poke|p1|Tornadus-Therian, M, shiny
|poke|p2|Dragonite, M
|poke|p2|Clefable, M
|poke|p2|Heatran, F
|poke|p2|Celebi
|poke|p2|Tyranitar, M
|poke|p2|Latios, M
|rule|Swagger Clause: Swagger is banned
|rule|Baton Pass Clause: Limit one PokÃ©mon knowing Baton Pass
|rule|Sleep Clause Mod: Limit one foe put to sleep
|rule|Species Clause: Limit one of each PokÃ©mon
|rule|OHKO Clause: OHKO moves are banned
|rule|Moody Clause: Moody is banned
|rule|Evasion Moves Clause: Evasion moves are banned
|rule|Endless Battle Clause: Forcing endless battles is banned
|rule|HP Percentage Mod: HP is shown in percentages
|teampreview
|
|start
|switch|p1a: Gliscor|Gliscor, M|354\/354
|switch|p2a: Heatran|Heatran, F|385\/385
|turn|1
|
|switch|p2a: Celebi|Celebi|403\/403
|move|p1a: Gliscor|Swords Dance|p1a: Gliscor
|-boost|p1a: Gliscor|atk|2
|
|-status|p1a: Gliscor|tox|[from] item: Toxic Orb
|turn|2
|
|move|p2a: Celebi|Leech Seed|p1a: Gliscor
|-start|p1a: Gliscor|move: Leech Seed
|move|p1a: Gliscor|Knock Off|p2a: Celebi
|-supereffective|p2a: Celebi
|-damage|p2a: Celebi|187\/403
|-enditem|p2a: Celebi|Leftovers|[from] move: Knock Off|[of] p1a: Gliscor
|
|-damage|p1a: Gliscor|310\/354 tox|[from] Leech Seed|[of] p2a: Celebi
|-heal|p2a: Celebi|231\/403|[silent]
|-heal|p1a: Gliscor|354\/354 tox|[from] ability: Poison Heal
|turn|3
|
|move|p1a: Gliscor|Swords Dance|p1a: Gliscor
|-boost|p1a: Gliscor|atk|2
|move|p2a: Celebi|Giga Drain|p1a: Gliscor
|-damage|p1a: Gliscor|275\/354 tox
|-heal|p2a: Celebi|271\/403|[from] drain|[of] p1a: Gliscor
|
|-damage|p1a: Gliscor|231\/354 tox|[from] Leech Seed|[of] p2a: Celebi
|-heal|p2a: Celebi|315\/403|[silent]
|-heal|p1a: Gliscor|275\/354 tox|[from] ability: Poison Heal
|turn|4
|
|move|p1a: Gliscor|Knock Off|p2a: Celebi
|-supereffective|p2a: Celebi
|-damage|p2a: Celebi|81\/403
|move|p2a: Celebi|Giga Drain|p1a: Gliscor
|-damage|p1a: Gliscor|187\/354 tox
|-heal|p2a: Celebi|125\/403|[from] drain|[of] p1a: Gliscor
|
|-damage|p1a: Gliscor|143\/354 tox|[from] Leech Seed|[of] p2a: Celebi
|-heal|p2a: Celebi|169\/403|[silent]
|-heal|p1a: Gliscor|187\/354 tox|[from] ability: Poison Heal
|turn|5
|
|switch|p2a: Tyranitar|Tyranitar, M|341\/341
|-weather|Sandstorm
|move|p1a: Gliscor|Roost|p1a: Gliscor
|-heal|p1a: Gliscor|354\/354 tox
|
|-weather|Sandstorm|[upkeep]
|-damage|p1a: Gliscor|310\/354 tox|[from] Leech Seed|[of] p2a: Tyranitar
|-heal|p1a: Gliscor|354\/354 tox|[from] ability: Poison Heal
|turn|6
|
|switch|p2a: Latios|Latios, M|364\/364
|move|p1a: Gliscor|Earthquake|p2a: Latios
|-immune|p2a: Latios|[msg]
|
|-weather|Sandstorm|[upkeep]
|-damage|p2a: Latios|342\/364|[from] sandstorm
|-damage|p1a: Gliscor|310\/354 tox|[from] Leech Seed|[of] p2a: Latios
|-heal|p2a: Latios|364\/364|[silent]
|-heal|p1a: Gliscor|354\/354 tox|[from] ability: Poison Heal
|turn|7
|
|move|p2a: Latios|Draco Meteor|p1a: Gliscor
|-damage|p1a: Gliscor|111\/354 tox
|-unboost|p2a: Latios|spa|2
|-damage|p2a: Latios|328\/364|[from] item: Life Orb
|move|p1a: Gliscor|Roost|p1a: Gliscor
|-heal|p1a: Gliscor|288\/354 tox
|
|-weather|Sandstorm|[upkeep]
|-damage|p2a: Latios|306\/364|[from] sandstorm
|-damage|p1a: Gliscor|244\/354 tox|[from] Leech Seed|[of] p2a: Latios
|-heal|p2a: Latios|350\/364|[silent]
|-heal|p1a: Gliscor|288\/354 tox|[from] ability: Poison Heal
|turn|8
|
|switch|p2a: Dragonite|Dragonite, M|323\/323
|move|p1a: Gliscor|Knock Off|p2a: Dragonite
|-damage|p2a: Dragonite|216\/323
|-enditem|p2a: Dragonite|Choice Band|[from] move: Knock Off|[of] p1a: Gliscor
|
|-weather|Sandstorm|[upkeep]
|-damage|p2a: Dragonite|196\/323|[from] sandstorm
|-damage|p1a: Gliscor|244\/354 tox|[from] Leech Seed|[of] p2a: Dragonite
|-heal|p2a: Dragonite|240\/323|[silent]
|-heal|p1a: Gliscor|288\/354 tox|[from] ability: Poison Heal
|turn|9
|
|move|p2a: Dragonite|Outrage|p1a: Gliscor
|-damage|p1a: Gliscor|92\/354 tox
|move|p1a: Gliscor|Knock Off|p2a: Dragonite
|-damage|p2a: Dragonite|97\/323
|
|-weather|none
|-damage|p1a: Gliscor|48\/354 tox|[from] Leech Seed|[of] p2a: Dragonite
|-heal|p2a: Dragonite|141\/323|[silent]
|-heal|p1a: Gliscor|92\/354 tox|[from] ability: Poison Heal
|turn|10
|
|switch|p1a: Heatran|Heatran, F, shiny|386\/386
|move|p2a: Dragonite|Outrage|p1a: Heatran
|-resisted|p1a: Heatran
|-damage|p1a: Heatran|266\/386
|
|-end|p2a: Dragonite|rampage
|-start|p2a: Dragonite|confusion
|-heal|p1a: Heatran|290\/386|[from] item: Leftovers
|turn|11
|
|switch|p2a: Latios|Latios, M|350\/364
|move|p1a: Heatran|Stealth Rock|p2a: Latios
|-sidestart|p2: Brettlin|move: Stealth Rock
|
|-heal|p1a: Heatran|314\/386|[from] item: Leftovers
|turn|12
|
|move|p2a: Latios|Defog|p1a: Heatran
|-unboost|p1a: Heatran|evasion|1
|-sideend|p2: Brettlin|Stealth Rock|[from] move: Defog|[of] p2a: Latios
|move|p1a: Heatran|Lava Plume|p2a: Latios
|-resisted|p2a: Latios
|-damage|p2a: Latios|290\/364
|
|-heal|p1a: Heatran|338\/386|[from] item: Leftovers
|turn|13
|
|move|p2a: Latios|Psyshock|p1a: Heatran
|-resisted|p1a: Heatran
|-damage|p1a: Heatran|267\/386
|-damage|p2a: Latios|254\/364|[from] item: Life Orb
|move|p1a: Heatran|Stealth Rock|p2a: Latios
|-sidestart|p2: Brettlin|move: Stealth Rock
|
|-heal|p1a: Heatran|291\/386|[from] item: Leftovers
|turn|14
|
|move|p2a: Latios|Defog|p1a: Heatran
|-unboost|p1a: Heatran|evasion|1
|-sideend|p2: Brettlin|Stealth Rock|[from] move: Defog|[of] p2a: Latios
|move|p1a: Heatran|Lava Plume|p2a: Latios
|-crit|p2a: Latios
|-resisted|p2a: Latios
|-damage|p2a: Latios|167\/364
|
|-heal|p1a: Heatran|315\/386|[from] item: Leftovers
|turn|15
|
|move|p2a: Latios|Recover|p2a: Latios
|-heal|p2a: Latios|349\/364
|move|p1a: Heatran|Stealth Rock|p2a: Latios
|-sidestart|p2: Brettlin|move: Stealth Rock
|
|-heal|p1a: Heatran|339\/386|[from] item: Leftovers
|turn|16
|
|move|p2a: Latios|Defog|p1a: Heatran
|-unboost|p1a: Heatran|evasion|1
|-sideend|p2: Brettlin|Stealth Rock|[from] move: Defog|[of] p2a: Latios
|move|p1a: Heatran|Lava Plume|p2a: Latios
|-resisted|p2a: Latios
|-damage|p2a: Latios|296\/364
|
|-heal|p1a: Heatran|363\/386|[from] item: Leftovers
|turn|17
|
|switch|p2a: Dragonite|Dragonite, M|141\/323
|move|p1a: Heatran|Stealth Rock|p2a: Dragonite
|-sidestart|p2: Brettlin|move: Stealth Rock
|
|-heal|p1a: Heatran|386\/386|[from] item: Leftovers
|turn|18
|
|switch|p1a: Celebi|Celebi|404\/404
|move|p2a: Dragonite|Outrage|p1a: Celebi
|-damage|p1a: Celebi|178\/404
|
|-heal|p1a: Celebi|203\/404|[from] item: Leftovers
|turn|19
|
|switch|p1a: Heatran|Heatran, F, shiny|386\/386
|move|p2a: Dragonite|Outrage|p1a: Heatran
|-resisted|p1a: Heatran
|-damage|p1a: Heatran|266\/386
|
|-end|p2a: Dragonite|rampage
|-start|p2a: Dragonite|confusion
|-heal|p1a: Heatran|290\/386|[from] item: Leftovers
|turn|20
|
|switch|p2a: Clefable|Clefable, M|394\/394
|move|p1a: Heatran|Lava Plume|p2a: Clefable
|-damage|p2a: Clefable|303\/394
|-status|p2a: Clefable|brn
|
|-heal|p1a: Heatran|314\/386|[from] item: Leftovers
|-heal|p2a: Clefable|327\/394 brn|[from] item: Leftovers
|turn|21
|
|move|p2a: Clefable|Moonblast|p1a: Heatran
|-resisted|p1a: Heatran
|-damage|p1a: Heatran|295\/386
|move|p1a: Heatran|Roar|p2a: Clefable
|drag|p2a: Latios|Latios, M|296\/364
|-damage|p2a: Latios|251\/364|[from] Stealth Rock
|
|-heal|p1a: Heatran|319\/386|[from] item: Leftovers
|turn|22
|
|move|p2a: Latios|Defog|p1a: Heatran
|-unboost|p1a: Heatran|evasion|1
|-sideend|p2: Brettlin|Stealth Rock|[from] move: Defog|[of] p2a: Latios
|move|p1a: Heatran|Lava Plume|p2a: Latios
|-resisted|p2a: Latios
|-damage|p2a: Latios|197\/364
|
|-heal|p1a: Heatran|343\/386|[from] item: Leftovers
|turn|23
|
|switch|p2a: Heatran|Heatran, F|385\/385
|move|p1a: Heatran|Stealth Rock|p2a: Heatran
|-sidestart|p2: Brettlin|move: Stealth Rock
|
|-heal|p1a: Heatran|367\/386|[from] item: Leftovers
|turn|24
|
|move|p1a: Heatran|Earth Power|p2a: Heatran
|-supereffective|p2a: Heatran
|-damage|p2a: Heatran|133\/385
|move|p2a: Heatran|Earth Power|p1a: Heatran
|-supereffective|p1a: Heatran
|-damage|p1a: Heatran|95\/386
|
|-heal|p1a: Heatran|119\/386|[from] item: Leftovers
|-heal|p2a: Heatran|157\/385|[from] item: Leftovers
|turn|25
|
|switch|p2a: Dragonite|Dragonite, M|141\/323
|-damage|p2a: Dragonite|61\/323|[from] Stealth Rock
|move|p1a: Heatran|Earth Power|p2a: Dragonite
|-immune|p2a: Dragonite|[msg]
|
|-heal|p1a: Heatran|143\/386|[from] item: Leftovers
|turn|26
|
|move|p2a: Dragonite|Outrage|p1a: Heatran
|-resisted|p1a: Heatran
|-damage|p1a: Heatran|27\/386
|move|p1a: Heatran|Lava Plume|p2a: Dragonite
|-resisted|p2a: Dragonite
|-damage|p2a: Dragonite|5\/323
|
|-heal|p1a: Heatran|51\/386|[from] item: Leftovers
|turn|27
|
|move|p2a: Dragonite|Outrage|p1a: Heatran
|-crit|p1a: Heatran
|-resisted|p1a: Heatran
|-damage|p1a: Heatran|0 fnt
|faint|p1a: Heatran
|
|
|switch|p1a: Altaria|Altaria, M, shiny|354\/354
|turn|28
|
|detailschange|p1a: Altaria|Altaria-Mega, M, shiny
|-mega|p1a: Altaria|Altaria|Altarianite
|move|p2a: Dragonite|Outrage|p1a: Altaria
|-immune|p1a: Altaria|[msg]
|move|p1a: Altaria|Dragon Dance|p1a: Altaria
|-boost|p1a: Altaria|atk|1
|-boost|p1a: Altaria|spe|1
|
|-end|p2a: Dragonite|rampage
|-start|p2a: Dragonite|confusion
|turn|29
|
|move|p1a: Altaria|Dragon Dance|p1a: Altaria
|-boost|p1a: Altaria|atk|1
|-boost|p1a: Altaria|spe|1
|-activate|p2a: Dragonite|confusion
|-damage|p2a: Dragonite|0 fnt|[from] confusion
|faint|p2a: Dragonite
|
|
|switch|p2a: Clefable|Clefable, M|327\/394 brn
|turn|30
|
|move|p1a: Altaria|Frustration|p2a: Clefable
|-damage|p2a: Clefable|0 fnt
|faint|p2a: Clefable
|
|
|switch|p2a: Celebi|Celebi|169\/403
|-damage|p2a: Celebi|119\/403|[from] Stealth Rock
|turn|31
|
|move|p1a: Altaria|Frustration|p2a: Celebi
|-damage|p2a: Celebi|0 fnt
|faint|p2a: Celebi
|
|
|switch|p2a: Tyranitar|Tyranitar, M|341\/341
|-damage|p2a: Tyranitar|299\/341|[from] Stealth Rock
|-weather|Sandstorm
|turn|32
|
|detailschange|p2a: Tyranitar|Tyranitar-Mega, M
|-mega|p2a: Tyranitar|Tyranitar|Tyranitarite
|move|p1a: Altaria|Frustration|p2a: Tyranitar
|-supereffective|p2a: Tyranitar
|-damage|p2a: Tyranitar|0 fnt
|faint|p2a: Tyranitar
|
|-weather|Sandstorm|[upkeep]
|-damage|p1a: Altaria|332\/354|[from] sandstorm
|
|switch|p2a: Heatran|Heatran, F|157\/385
|-damage|p2a: Heatran|109\/385|[from] Stealth Rock
|turn|33
|
|move|p1a: Altaria|Earthquake|p2a: Heatran
|-supereffective|p2a: Heatran
|-damage|p2a: Heatran|0 fnt
|faint|p2a: Heatran
|
|-weather|Sandstorm|[upkeep]
|-damage|p1a: Altaria|310\/354|[from] sandstorm
|
|switch|p2a: Latios|Latios, M|197\/364
|-damage|p2a: Latios|152\/364|[from] Stealth Rock
|turn|34
|-message|Brettlin forfeited.
|
|win|Where dey At doe
|raw|Ladder updating...
|leave|Brettlin
|player|p2
|raw|Where dey At doe's rating: 1413 &rarr; <strong>1432<\/strong><br \/>(+19 for winning)
|raw|Brettlin's rating: 1385 &rarr; <strong>1366<\/strong><br \/>(-19 for losing)