|join|Theon Stark
|join|Where Dey At Doe
|player|p1|Theon Stark|54
|player|p2|Where Dey At Doe|270
|gametype|singles
|gen|6
|tier|OU
|rated
|clearpoke
|poke|p1|Abomasnow, M
|poke|p1|Golurk
|poke|p1|Slowbro, M
|poke|p1|Mandibuzz, F
|poke|p1|Rotom-Heat
|poke|p1|Sylveon, F
|poke|p2|Venusaur, F, shiny
|poke|p2|Charizard, F
|poke|p2|Tyranitar, M
|poke|p2|Slowbro, F
|poke|p2|Excadrill, F
|poke|p2|Mamoswine, F
|rule|Swagger Clause: Swagger is banned
|rule|Baton Pass Clause: Limit one PokÃ©mon knowing Baton Pass
|rule|Sleep Clause Mod: Limit one foe put to sleep
|rule|Species Clause: Limit one of each PokÃ©mon
|rule|OHKO Clause: OHKO moves are banned
|rule|Moody Clause: Moody is banned
|rule|Evasion Moves Clause: Evasion moves are banned
|rule|Endless Battle Clause: Forcing endless battles is banned
|rule|HP Percentage Mod: HP is shown in percentages
|teampreview
|join|Eric Wrona
|c|âWhere Dey At Doe|U there
|
|start
|switch|p1a: Tostadora|Rotom-Heat|304\/304
|switch|p2a: Mamoswine|Mamoswine, F|361\/361
|turn|1
|
|move|p2a: Mamoswine|Stealth Rock|p1a: Tostadora
|-sidestart|p1: Theon Stark|move: Stealth Rock
|move|p1a: Tostadora|Will-O-Wisp|p2a: Mamoswine
|-status|p2a: Mamoswine|brn
|
|-damage|p2a: Mamoswine|316\/361 brn|[from] brn
|turn|2
|
|switch|p2a: Tyranitar|Tyranitar, M|341\/341
|-weather|Sandstorm
|move|p1a: Tostadora|Will-O-Wisp|p2a: Tyranitar
|-status|p2a: Tyranitar|brn
|
|-weather|Sandstorm|[upkeep]
|-damage|p1a: Tostadora|285\/304|[from] sandstorm
|-heal|p1a: Tostadora|304\/304|[from] item: Leftovers
|-damage|p2a: Tyranitar|299\/341 brn|[from] brn
|turn|3
|
|move|p2a: Tyranitar|Stone Edge|p1a: Tostadora
|-supereffective|p1a: Tostadora
|-damage|p1a: Tostadora|142\/304
|move|p1a: Tostadora|Volt Switch|p2a: Tyranitar
|-damage|p2a: Tyranitar|239\/341 brn
|
|switch|p1a: Dark Bird|Mandibuzz, F|423\/423
|-damage|p1a: Dark Bird|318\/423|[from] Stealth Rock
|
|-weather|Sandstorm|[upkeep]
|-heal|p1a: Dark Bird|344\/423|[from] item: Leftovers
|-damage|p2a: Tyranitar|197\/341 brn|[from] brn
|turn|4
|
|switch|p2a: Excadrill|Excadrill, F|361\/361
|move|p1a: Dark Bird|Defog|p2a: Excadrill
|-unboost|p2a: Excadrill|evasion|1
|-sideend|p1: Theon Stark|Stealth Rock|[from] move: Defog|[of] p1a: Dark Bird
|
|-weather|Sandstorm|[upkeep]
|-heal|p1a: Dark Bird|370\/423|[from] item: Leftovers
|turn|5
|
|switch|p1a: Slow Pr0|Slowbro, M|393\/393
|move|p2a: Excadrill|Rock Slide|p1a: Slow Pr0
|-damage|p1a: Slow Pr0|297\/393
|-damage|p2a: Excadrill|325\/361|[from] item: Life Orb
|
|-weather|Sandstorm|[upkeep]
|-damage|p1a: Slow Pr0|273\/393|[from] sandstorm
|-heal|p1a: Slow Pr0|297\/393|[from] item: Leftovers
|turn|6
|
|switch|p2a: Mamoswine|Mamoswine, F|316\/361 brn
|move|p1a: Slow Pr0|Trick Room|p1a: Slow Pr0
|-fieldstart|move: Trick Room|[of] p1a: Slow Pr0
|
|-weather|none
|-heal|p1a: Slow Pr0|321\/393|[from] item: Leftovers
|-damage|p2a: Mamoswine|271\/361 brn|[from] brn
|turn|7
|
|move|p1a: Slow Pr0|Scald|p2a: Mamoswine
|-supereffective|p2a: Mamoswine
|-damage|p2a: Mamoswine|0 fnt
|faint|p2a: Mamoswine
|
|-heal|p1a: Slow Pr0|345\/393|[from] item: Leftovers
|join|RayDalio
|
|switch|p2a: Slowbro|Slowbro, F|394\/394
|turn|8
|
|switch|p1a: Sylvia|Sylveon, F|392\/392
|move|p2a: Slowbro|Scald|p1a: Sylvia
|-damage|p1a: Sylvia|319\/392
|
|turn|9
|
|move|p2a: Slowbro|Scald|p1a: Sylvia
|-damage|p1a: Sylvia|246\/392
|move|p1a: Sylvia|Hyper Voice|p2a: Slowbro
|-damage|p2a: Slowbro|15\/394
|
|-heal|p2a: Slowbro|39\/394|[from] item: Leftovers
|turn|10
|
|switch|p2a: Venusaur|Venusaur, F, shiny|329\/329
|move|p1a: Sylvia|Hyper Voice|p2a: Venusaur
|-resisted|p2a: Venusaur
|-damage|p2a: Venusaur|184\/329
|
|-fieldend|move: Trick Room
|turn|11
|
|switch|p1a: Robocop|Golurk|382\/382
|move|p2a: Venusaur|Sludge Bomb|p1a: Robocop
|-resisted|p1a: Robocop
|-damage|p1a: Robocop|329\/382
|-damage|p2a: Venusaur|152\/329|[from] item: Life Orb
|
|turn|12
|
|switch|p1a: Dark Bird|Mandibuzz, F|370\/423
|move|p2a: Venusaur|Giga Drain|p1a: Dark Bird
|-resisted|p1a: Dark Bird
|-damage|p1a: Dark Bird|288\/423
|-heal|p2a: Venusaur|193\/329|[from] drain|[of] p1a: Dark Bird
|-damage|p2a: Venusaur|161\/329|[from] item: Life Orb
|
|-heal|p1a: Dark Bird|314\/423|[from] item: Leftovers
|turn|13
|
|switch|p2a: Charizard|Charizard, F|297\/297
|move|p1a: Dark Bird|Knock Off|p2a: Charizard
|-damage|p2a: Charizard|222\/297
|
|-heal|p1a: Dark Bird|340\/423|[from] item: Leftovers
|turn|14
|
|switch|p1a: Slow Pr0|Slowbro, M|393\/393
|detailschange|p2a: Charizard|Charizard-Mega-Y, F
|-mega|p2a: Charizard|Charizard|Charizardite Y
|-weather|SunnyDay
|move|p2a: Charizard|Flare Blitz|p1a: Slow Pr0
|-resisted|p1a: Slow Pr0
|-damage|p1a: Slow Pr0|297\/393
|-damage|p2a: Charizard|190\/297|[from] recoil|[of] p1a: Slow Pr0
|
|-weather|SunnyDay|[upkeep]
|-heal|p1a: Slow Pr0|321\/393|[from] item: Leftovers
|turn|15
|c|âTheon Stark|lol, physical chari y
|
|switch|p1a: Iceman|Abomasnow, M|371\/371
|-weather|Hail
|move|p2a: Charizard|Solar Beam|p1a: Iceman|[still]
|-prepare|p2a: Charizard|Solar Beam|p1a: Iceman
|
|-weather|Hail|[upkeep]
|-damage|p2a: Charizard|172\/297|[from] hail
|turn|16
|
|detailschange|p1a: Iceman|Abomasnow-Mega, M
|-mega|p1a: Iceman|Abomasnow|Abomasite
|move|p2a: Charizard|Solar Beam|p1a: Iceman
|-resisted|p1a: Iceman
|-damage|p1a: Iceman|337\/371
|move|p1a: Iceman|Blizzard|p2a: Charizard
|-damage|p2a: Charizard|0 fnt
|faint|p2a: Charizard
|
|-weather|Hail|[upkeep]
|
|switch|p2a: Venusaur|Venusaur, F, shiny|161\/329
|turn|17
|
|switch|p1a: Robocop|Golurk|329\/382
|move|p2a: Venusaur|Giga Drain|p1a: Robocop
|-supereffective|p1a: Robocop
|-damage|p1a: Robocop|0 fnt
|-heal|p2a: Venusaur|326\/329|[from] drain|[of] p1a: Robocop
|-damage|p2a: Venusaur|294\/329|[from] item: Life Orb
|faint|p1a: Robocop
|
|-weather|Hail|[upkeep]
|-damage|p2a: Venusaur|274\/329|[from] hail
|
|switch|p1a: Dark Bird|Mandibuzz, F|340\/423
|turn|18
|
|move|p2a: Venusaur|Sludge Bomb|p1a: Dark Bird
|-damage|p1a: Dark Bird|129\/423
|-damage|p2a: Venusaur|242\/329|[from] item: Life Orb
|move|p1a: Dark Bird|Knock Off|p2a: Venusaur
|-damage|p2a: Venusaur|151\/329
|-enditem|p2a: Venusaur|Life Orb|[from] move: Knock Off|[of] p1a: Dark Bird
|
|-weather|Hail|[upkeep]
|-damage|p2a: Venusaur|131\/329|[from] hail
|-heal|p1a: Dark Bird|155\/423|[from] item: Leftovers
|turn|19
|
|move|p2a: Venusaur|Sludge Bomb|p1a: Dark Bird
|-damage|p1a: Dark Bird|2\/423
|move|p1a: Dark Bird|Foul Play|p2a: Venusaur
|-damage|p2a: Venusaur|31\/329
|
|-weather|none
|-heal|p1a: Dark Bird|28\/423|[from] item: Leftovers
|turn|20
|
|move|p2a: Venusaur|Giga Drain|p1a: Dark Bird
|-resisted|p1a: Dark Bird
|-damage|p1a: Dark Bird|0 fnt
|-heal|p2a: Venusaur|45\/329|[from] drain|[of] p1a: Dark Bird
|faint|p1a: Dark Bird
|
|
|switch|p1a: Iceman|Abomasnow-Mega, M|337\/371
|-weather|Hail
|turn|21
|
|switch|p2a: Tyranitar|Tyranitar, M|197\/341 brn
|-weather|Sandstorm
|move|p1a: Iceman|Ice Shard|p2a: Tyranitar
|-damage|p2a: Tyranitar|140\/341 brn
|
|-weather|Sandstorm|[upkeep]
|-damage|p1a: Iceman|314\/371|[from] sandstorm
|-damage|p2a: Tyranitar|98\/341 brn|[from] brn
|turn|22
|
|switch|p1a: Slow Pr0|Slowbro, M|393\/393
|move|p2a: Tyranitar|Crunch|p1a: Slow Pr0
|-supereffective|p1a: Slow Pr0
|-damage|p1a: Slow Pr0|301\/393
|
|-weather|Sandstorm|[upkeep]
|-damage|p1a: Slow Pr0|277\/393|[from] sandstorm
|-heal|p1a: Slow Pr0|301\/393|[from] item: Leftovers
|-damage|p2a: Tyranitar|56\/341 brn|[from] brn
|turn|23
|
|switch|p2a: Slowbro|Slowbro, F|170\/394
|move|p1a: Slow Pr0|Trick Room|p1a: Slow Pr0
|-fieldstart|move: Trick Room|[of] p1a: Slow Pr0
|
|-weather|Sandstorm|[upkeep]
|-damage|p1a: Slow Pr0|277\/393|[from] sandstorm
|-damage|p2a: Slowbro|146\/394|[from] sandstorm
|-heal|p1a: Slow Pr0|301\/393|[from] item: Leftovers
|-heal|p2a: Slowbro|170\/394|[from] item: Leftovers
|turn|24
|
|switch|p1a: Iceman|Abomasnow-Mega, M|314\/371
|-weather|Hail
|move|p2a: Slowbro|Slack Off|p2a: Slowbro
|-heal|p2a: Slowbro|367\/394
|
|-weather|Hail|[upkeep]
|-damage|p2a: Slowbro|343\/394|[from] hail
|-heal|p2a: Slowbro|367\/394|[from] item: Leftovers
|turn|25
|
|switch|p2a: Tyranitar|Tyranitar, M|56\/341 brn
|-weather|Sandstorm
|move|p1a: Iceman|Giga Drain|p2a: Tyranitar
|-supereffective|p2a: Tyranitar
|-damage|p2a: Tyranitar|0 fnt
|-heal|p1a: Iceman|342\/371|[from] drain|[of] p2a: Tyranitar
|faint|p2a: Tyranitar
|
|-weather|Sandstorm|[upkeep]
|-damage|p1a: Iceman|319\/371|[from] sandstorm
|
|switch|p2a: Excadrill|Excadrill, F|325\/361
|turn|26
|
|switch|p1a: Tostadora|Rotom-Heat|142\/304
|switch|p2a: Venusaur|Venusaur, F, shiny|45\/329
|
|-weather|Sandstorm|[upkeep]
|-damage|p1a: Tostadora|123\/304|[from] sandstorm
|-damage|p2a: Venusaur|25\/329|[from] sandstorm
|-heal|p1a: Tostadora|142\/304|[from] item: Leftovers
|turn|27
|
|switch|p2a: Slowbro|Slowbro, F|394\/394
|move|p1a: Tostadora|Volt Switch|p2a: Slowbro
|-supereffective|p2a: Slowbro
|-damage|p2a: Slowbro|178\/394
|
|switch|p1a: Sylvia|Sylveon, F|246\/392
|
|-weather|Sandstorm|[upkeep]
|-damage|p2a: Slowbro|154\/394|[from] sandstorm
|-damage|p1a: Sylvia|222\/392|[from] sandstorm
|-heal|p2a: Slowbro|178\/394|[from] item: Leftovers
|-fieldend|move: Trick Room
|turn|28
|
|move|p1a: Sylvia|Hyper Voice|p2a: Slowbro
|-damage|p2a: Slowbro|0 fnt
|faint|p2a: Slowbro
|
|-weather|Sandstorm|[upkeep]
|-damage|p1a: Sylvia|198\/392|[from] sandstorm
|
|switch|p2a: Venusaur|Venusaur, F, shiny|25\/329
|turn|29
|
|move|p2a: Venusaur|Sludge Bomb|p1a: Sylvia
|-supereffective|p1a: Sylvia
|-damage|p1a: Sylvia|0 fnt
|faint|p1a: Sylvia
|
|-weather|none
|
|switch|p1a: Iceman|Abomasnow-Mega, M|319\/371
|-weather|Hail
|turn|30
|
|switch|p2a: Excadrill|Excadrill, F|325\/361
|move|p1a: Iceman|Ice Shard|p2a: Excadrill
|-damage|p2a: Excadrill|226\/361
|
|-weather|Hail|[upkeep]
|-damage|p2a: Excadrill|204\/361|[from] hail
|turn|31
|
|switch|p1a: Tostadora|Rotom-Heat|142\/304
|move|p2a: Excadrill|Earthquake|p1a: Tostadora
|-immune|p1a: Tostadora|[msg]
|
|-weather|Hail|[upkeep]
|-damage|p2a: Excadrill|182\/361|[from] hail
|-damage|p1a: Tostadora|123\/304|[from] hail
|-heal|p1a: Tostadora|142\/304|[from] item: Leftovers
|turn|32
|
|switch|p1a: Slow Pr0|Slowbro, M|393\/393
|move|p2a: Excadrill|Rock Slide|p1a: Slow Pr0
|-damage|p1a: Slow Pr0|306\/393
|-damage|p2a: Excadrill|146\/361|[from] item: Life Orb
|
|-weather|Hail|[upkeep]
|-damage|p2a: Excadrill|124\/361|[from] hail
|-damage|p1a: Slow Pr0|282\/393|[from] hail
|-heal|p1a: Slow Pr0|306\/393|[from] item: Leftovers
|turn|33
|c|âWhere Dey At Doe|Gg
|c|âTheon Stark|gg
|-message|Where Dey At Doe forfeited.
|
|win|Theon Stark
|raw|Ladder updating...
|leave|Where Dey At Doe
|player|p2
|raw|Theon Stark's rating: 1615 &rarr; <strong>1638<\/strong><br \/>(+23 for winning)
|raw|Where Dey At Doe's rating: 1665 &rarr; <strong>1642<\/strong><br \/>(-23 for losing)