|join|Where Dey At Doe
|join|Appreciation
|player|p1|Where Dey At Doe|270
|player|p2|Appreciation|68
|gametype|singles
|gen|6
|tier|OU
|rated
|clearpoke
|poke|p1|Azumarill, M
|poke|p1|Celebi
|poke|p1|Heracross, F
|poke|p1|Mandibuzz, F
|poke|p1|Kyurem-Black
|poke|p1|Heatran, F
|poke|p2|Beedrill, F
|poke|p2|Latios, M
|poke|p2|Keldeo
|poke|p2|Landorus-Therian, M
|poke|p2|Excadrill, M
|poke|p2|Tyranitar, M
|rule|Swagger Clause: Swagger is banned
|rule|Baton Pass Clause: Limit one PokÃ©mon knowing Baton Pass
|rule|Sleep Clause Mod: Limit one foe put to sleep
|rule|Species Clause: Limit one of each PokÃ©mon
|rule|OHKO Clause: OHKO moves are banned
|rule|Moody Clause: Moody is banned
|rule|Evasion Moves Clause: Evasion moves are banned
|rule|Endless Battle Clause: Forcing endless battles is banned
|rule|HP Percentage Mod: HP is shown in percentages
|teampreview
|
|start
|switch|p1a: Kyurem-Black|Kyurem-Black|391\/391
|switch|p2a: Beedrill|Beedrill, F|272\/272
|-ability|p1a: Kyurem-Black|Teravolt
|turn|1
|
|detailschange|p2a: Beedrill|Beedrill-Mega, F
|-mega|p2a: Beedrill|Beedrill|Beedrillite
|move|p2a: Beedrill|Protect|p2a: Beedrill
|-singleturn|p2a: Beedrill|Protect
|move|p1a: Kyurem-Black|Ice Beam|p2a: Beedrill
|-activate|p2a: Beedrill|Protect
|
|turn|2
|
|switch|p2a: Tyranitar|Tyranitar, M|403\/403
|-weather|Sandstorm
|move|p1a: Kyurem-Black|Ice Beam|p2a: Tyranitar
|-damage|p2a: Tyranitar|324\/403
|
|-weather|Sandstorm|[upkeep]
|-damage|p1a: Kyurem-Black|367\/391|[from] sandstorm
|turn|3
|
|switch|p1a: Mandibuzz|Mandibuzz, F|423\/423
|move|p2a: Tyranitar|Stone Edge|p1a: Mandibuzz
|-supereffective|p1a: Mandibuzz
|-damage|p1a: Mandibuzz|0 fnt
|faint|p1a: Mandibuzz
|
|-weather|Sandstorm|[upkeep]
|
|switch|p1a: Heracross|Heracross, F|317\/317
|turn|4
|
|switch|p2a: Landorus-Therian|Landorus-Therian, M|319\/319
|-ability|p2a: Landorus-Therian|Intimidate|[of] p1a: Heracross
|-unboost|p1a: Heracross|atk|1
|detailschange|p1a: Heracross|Heracross-Mega, F
|-mega|p1a: Heracross|Heracross|Heracronite
|move|p1a: Heracross|Bullet Seed|p2a: Landorus-Therian
|-damage|p2a: Landorus-Therian|293\/319
|-damage|p2a: Landorus-Therian|265\/319
|-damage|p2a: Landorus-Therian|238\/319
|-damage|p2a: Landorus-Therian|209\/319
|-damage|p2a: Landorus-Therian|180\/319
|-hitcount|p2a: Landorus-Therian|5
|
|-weather|Sandstorm|[upkeep]
|-damage|p1a: Heracross|298\/317|[from] sandstorm
|turn|5
|
|move|p2a: Landorus-Therian|Stealth Rock|p1a: Heracross
|-sidestart|p1: Where Dey At Doe|move: Stealth Rock
|move|p1a: Heracross|Bullet Seed|p2a: Landorus-Therian
|-damage|p2a: Landorus-Therian|153\/319
|-damage|p2a: Landorus-Therian|126\/319
|-damage|p2a: Landorus-Therian|98\/319
|-damage|p2a: Landorus-Therian|68\/319
|-damage|p2a: Landorus-Therian|38\/319
|-hitcount|p2a: Landorus-Therian|5
|
|-weather|Sandstorm|[upkeep]
|-damage|p1a: Heracross|279\/317|[from] sandstorm
|turn|6
|
|move|p2a: Landorus-Therian|Earthquake|p1a: Heracross
|-resisted|p1a: Heracross
|-damage|p1a: Heracross|185\/317
|move|p1a: Heracross|Pin Missile|p2a: Landorus-Therian
|-resisted|p2a: Landorus-Therian
|-damage|p2a: Landorus-Therian|15\/319
|-resisted|p2a: Landorus-Therian
|-damage|p2a: Landorus-Therian|0 fnt
|-hitcount|p2a: Landorus-Therian|2
|faint|p2a: Landorus-Therian
|
|-weather|none
|
|switch|p2a: Latios|Latios, M|301\/301
|turn|7
|
|switch|p1a: Celebi|Celebi|404\/404
|-damage|p1a: Celebi|354\/404|[from] Stealth Rock
|move|p2a: Latios|Draco Meteor|p1a: Celebi
|-damage|p1a: Celebi|142\/404
|-unboost|p2a: Latios|spa|2
|-damage|p2a: Latios|271\/301|[from] item: Life Orb
|
|-heal|p1a: Celebi|167\/404|[from] item: Leftovers
|turn|8
|
|switch|p2a: Tyranitar|Tyranitar, M|324\/403
|-weather|Sandstorm
|move|p1a: Celebi|Recover|p1a: Celebi
|-heal|p1a: Celebi|369\/404
|
|-weather|Sandstorm|[upkeep]
|-damage|p1a: Celebi|344\/404|[from] sandstorm
|-heal|p1a: Celebi|369\/404|[from] item: Leftovers
|turn|9
|
|move|p1a: Celebi|Baton Pass|p1a: Celebi
|
|switch|p1a: Azumarill|Azumarill, M|384\/384
|-damage|p1a: Azumarill|336\/384|[from] Stealth Rock
|move|p2a: Tyranitar|Pursuit|p1a: Azumarill
|-resisted|p1a: Azumarill
|-damage|p1a: Azumarill|258\/384
|
|-weather|Sandstorm|[upkeep]
|-damage|p1a: Azumarill|234\/384|[from] sandstorm
|turn|10
|
|switch|p2a: Latios|Latios, M|271\/301
|move|p1a: Azumarill|Play Rough|p2a: Latios
|-supereffective|p2a: Latios
|-damage|p2a: Latios|0 fnt
|faint|p2a: Latios
|
|-weather|Sandstorm|[upkeep]
|-damage|p1a: Azumarill|210\/384|[from] sandstorm
|
|switch|p2a: Excadrill|Excadrill, M|361\/361
|turn|11
|
|switch|p1a: Celebi|Celebi|369\/404
|-damage|p1a: Celebi|319\/404|[from] Stealth Rock
|move|p2a: Excadrill|Iron Head|p1a: Celebi
|-damage|p1a: Celebi|132\/404
|-damage|p2a: Excadrill|325\/361|[from] item: Life Orb
|
|-weather|Sandstorm|[upkeep]
|-damage|p1a: Celebi|107\/404|[from] sandstorm
|-heal|p1a: Celebi|132\/404|[from] item: Leftovers
|turn|12
|
|switch|p1a: Heatran|Heatran, F|386\/386
|-damage|p1a: Heatran|338\/386|[from] Stealth Rock
|move|p2a: Excadrill|Iron Head|p1a: Heatran
|-resisted|p1a: Heatran
|-damage|p1a: Heatran|287\/386
|-damage|p2a: Excadrill|289\/361|[from] item: Life Orb
|
|-weather|none
|-heal|p1a: Heatran|311\/386|[from] item: Leftovers
|turn|13
|
|move|p2a: Excadrill|Earthquake|p1a: Heatran
|-supereffective|p1a: Heatran
|-damage|p1a: Heatran|0 fnt
|-damage|p2a: Excadrill|253\/361|[from] item: Life Orb
|faint|p1a: Heatran
|
|
|switch|p1a: Azumarill|Azumarill, M|210\/384
|-damage|p1a: Azumarill|162\/384|[from] Stealth Rock
|-enditem|p1a: Azumarill|Sitrus Berry|[eat]
|-heal|p1a: Azumarill|258\/384|[from] item: Sitrus Berry
|turn|14
|
|move|p1a: Azumarill|Aqua Jet|p2a: Excadrill
|-supereffective|p2a: Excadrill
|-damage|p2a: Excadrill|0 fnt
|faint|p2a: Excadrill
|
|
|switch|p2a: Beedrill|Beedrill-Mega, F|272\/272
|turn|15
|
|move|p1a: Azumarill|Aqua Jet|p2a: Beedrill
|-damage|p2a: Beedrill|107\/272
|move|p2a: Beedrill|Poison Jab|p1a: Azumarill
|-supereffective|p1a: Azumarill
|-damage|p1a: Azumarill|0 fnt
|faint|p1a: Azumarill
|
|
|switch|p1a: Kyurem-Black|Kyurem-Black|367\/391
|-damage|p1a: Kyurem-Black|270\/391|[from] Stealth Rock
|-ability|p1a: Kyurem-Black|Teravolt
|turn|16
|
|move|p2a: Beedrill|Protect|p2a: Beedrill
|-singleturn|p2a: Beedrill|Protect
|move|p1a: Kyurem-Black|Earth Power|p2a: Beedrill
|-activate|p2a: Beedrill|Protect
|
|turn|17
|
|switch|p1a: Celebi|Celebi|132\/404
|-damage|p1a: Celebi|82\/404|[from] Stealth Rock
|switch|p2a: Keldeo|Keldeo|323\/323
|
|-heal|p1a: Celebi|107\/404|[from] item: Leftovers
|turn|18
|
|move|p2a: Keldeo|Icy Wind|p1a: Celebi
|-supereffective|p1a: Celebi
|-damage|p1a: Celebi|0 fnt
|faint|p1a: Celebi
|
|
|switch|p1a: Heracross|Heracross-Mega, F|185\/317
|-damage|p1a: Heracross|146\/317|[from] Stealth Rock
|turn|19
|
|move|p2a: Keldeo|Hydro Pump|p1a: Heracross
|-damage|p1a: Heracross|0 fnt
|faint|p1a: Heracross
|
|
|switch|p1a: Kyurem-Black|Kyurem-Black|270\/391
|-damage|p1a: Kyurem-Black|173\/391|[from] Stealth Rock
|-ability|p1a: Kyurem-Black|Teravolt
|turn|20
|
|move|p1a: Kyurem-Black|Outrage|p2a: Keldeo
|-damage|p2a: Keldeo|50\/323
|move|p2a: Keldeo|Secret Sword|p1a: Kyurem-Black
|-supereffective|p1a: Kyurem-Black
|-damage|p1a: Kyurem-Black|0 fnt
|faint|p1a: Kyurem-Black
|
|win|Appreciation
|raw|Ladder updating...
|raw|Where Dey At Doe's rating: 1538 &rarr; <strong>1512<\/strong><br \/>(-26 for losing)
|raw|Appreciation's rating: 1437 &rarr; <strong>1463<\/strong><br \/>(+26 for winning)