|join|M0gwai
|join|Shaarka
|player|p1|M0gwai|101
|player|p2|Shaarka|35
|gametype|singles
|gen|6
|tier|OU
|rated
|clearpoke
|poke|p1|Sceptile, M
|poke|p1|Bisharp, F
|poke|p1|Rotom-Wash
|poke|p1|Tentacruel, F
|poke|p1|Mamoswine, M
|poke|p1|Talonflame, M
|poke|p2|Greninja, M
|poke|p2|Metagross
|poke|p2|Thundurus-Therian, M
|poke|p2|Mandibuzz, F
|poke|p2|Ferrothorn, F
|poke|p2|Clefable, M
|rule|Swagger Clause: Swagger is banned
|rule|Baton Pass Clause: Limit one PokÃ©mon knowing Baton Pass
|rule|Sleep Clause Mod: Limit one foe put to sleep
|rule|Species Clause: Limit one of each PokÃ©mon
|rule|OHKO Clause: OHKO moves are banned
|rule|Moody Clause: Moody is banned
|rule|Evasion Moves Clause: Evasion moves are banned
|rule|Endless Battle Clause: Forcing endless battles is banned
|rule|HP Percentage Mod: HP is shown in percentages
|teampreview
|
|start
|switch|p1a: Bosch|Rotom-Wash|303\/303
|switch|p2a: Metagross|Metagross|301\/301
|turn|1
|
|switch|p2a: Clefable|Clefable, M|394\/394
|move|p1a: Bosch|Will-O-Wisp|p2a: Clefable
|-status|p2a: Clefable|brn
|
|turn|2
|
|move|p1a: Bosch|Volt Switch|p2a: Clefable
|-damage|p2a: Clefable|325\/394 brn
|
|switch|p1a: Kenny|Tentacruel, F|363\/363
|move|p2a: Clefable|Moonblast|p1a: Kenny
|-resisted|p1a: Kenny
|-damage|p1a: Kenny|327\/363
|-unboost|p1a: Kenny|spa|1
|
|-heal|p1a: Kenny|349\/363|[from] item: Black Sludge
|-heal|p2a: Clefable|349\/394 brn|[from] item: Leftovers
|turn|3
|
|switch|p2a: Thundurus-Therian|Thundurus-Therian, M|298\/298
|move|p1a: Kenny|Scald|p2a: Thundurus-Therian
|-damage|p2a: Thundurus-Therian|238\/298
|
|-heal|p2a: Thundurus-Therian|256\/298|[from] item: Leftovers
|-heal|p1a: Kenny|363\/363|[from] item: Black Sludge
|turn|4
|
|switch|p1a: P0kem3n|Mamoswine, M|361\/361
|move|p2a: Thundurus-Therian|Thunderbolt|p1a: P0kem3n
|-immune|p1a: P0kem3n|[msg]
|
|-heal|p2a: Thundurus-Therian|274\/298|[from] item: Leftovers
|turn|5
|
|move|p2a: Thundurus-Therian|Focus Blast|p1a: P0kem3n
|-supereffective|p1a: P0kem3n
|-enditem|p1a: P0kem3n|Focus Sash
|-damage|p1a: P0kem3n|1\/361
|move|p1a: P0kem3n|Icicle Crash|p2a: Thundurus-Therian
|-supereffective|p2a: Thundurus-Therian
|-damage|p2a: Thundurus-Therian|0 fnt
|faint|p2a: Thundurus-Therian
|
|
|switch|p2a: Metagross|Metagross|301\/301
|turn|6
|
|switch|p1a: Bosch|Rotom-Wash|303\/303
|move|p2a: Metagross|Zen Headbutt|p1a: Bosch
|-damage|p1a: Bosch|210\/303
|
|-heal|p1a: Bosch|228\/303|[from] item: Leftovers
|turn|7
|
|switch|p2a: Clefable|Clefable, M|349\/394 brn
|move|p1a: Bosch|Volt Switch|p2a: Clefable
|-damage|p2a: Clefable|285\/394 brn
|
|switch|p1a: P0kem3n|Mamoswine, M|1\/361
|
|-heal|p2a: Clefable|309\/394 brn|[from] item: Leftovers
|turn|8
|
|move|p1a: P0kem3n|Stealth Rock|p2a: Clefable
|-sidestart|p2: Shaarka|move: Stealth Rock
|move|p2a: Clefable|Moonblast|p1a: P0kem3n
|-damage|p1a: P0kem3n|0 fnt
|faint|p1a: P0kem3n
|
|-heal|p2a: Clefable|333\/394 brn|[from] item: Leftovers
|
|switch|p1a: Johnny Depp|Bisharp, F|277\/277
|turn|9
|
|move|p1a: Johnny Depp|Swords Dance|p1a: Johnny Depp
|-boost|p1a: Johnny Depp|atk|2
|move|p2a: Clefable|Fire Blast|p1a: Johnny Depp|[miss]
|-miss|p2a: Clefable|p1a: Johnny Depp
|
|-heal|p2a: Clefable|357\/394 brn|[from] item: Leftovers
|turn|10
|
|move|p1a: Johnny Depp|Iron Head|p2a: Clefable
|-supereffective|p2a: Clefable
|-damage|p2a: Clefable|0 fnt
|-damage|p1a: Johnny Depp|250\/277|[from] item: Life Orb
|faint|p2a: Clefable
|
|c|âShaarka|pls
|c|âShaarka|obv :v
|
|switch|p2a: Greninja|Greninja, M|285\/285
|-damage|p2a: Greninja|250\/285|[from] Stealth Rock
|turn|11
|
|move|p1a: Johnny Depp|Sucker Punch|p2a: Greninja
|-resisted|p2a: Greninja
|-damage|p2a: Greninja|0 fnt
|-damage|p1a: Johnny Depp|223\/277|[from] item: Life Orb
|faint|p2a: Greninja
|
|
|switch|p2a: Ferrothorn|Ferrothorn, F|352\/352
|-damage|p2a: Ferrothorn|330\/352|[from] Stealth Rock
|turn|12
|
|move|p1a: Johnny Depp|Swords Dance|p1a: Johnny Depp
|-boost|p1a: Johnny Depp|atk|2
|move|p2a: Ferrothorn|Leech Seed|p1a: Johnny Depp
|-start|p1a: Johnny Depp|move: Leech Seed
|
|-heal|p2a: Ferrothorn|352\/352|[from] item: Leftovers
|-damage|p1a: Johnny Depp|189\/277|[from] Leech Seed|[of] p2a: Ferrothorn
|turn|13
|
|move|p2a: Ferrothorn|Protect|p2a: Ferrothorn
|-singleturn|p2a: Ferrothorn|Protect
|move|p1a: Johnny Depp|Knock Off|p2a: Ferrothorn
|-activate|p2a: Ferrothorn|Protect
|
|-damage|p1a: Johnny Depp|155\/277|[from] Leech Seed|[of] p2a: Ferrothorn
|turn|14
|
|move|p1a: Johnny Depp|Knock Off|p2a: Ferrothorn
|-damage|p2a: Ferrothorn|0 fnt
|-damage|p1a: Johnny Depp|121\/277|[from] ability: Iron Barbs|[of] p2a: Ferrothorn
|-enditem|p2a: Ferrothorn|Leftovers|[from] move: Knock Off|[of] p1a: Johnny Depp
|-damage|p1a: Johnny Depp|94\/277|[from] item: Life Orb
|faint|p2a: Ferrothorn
|
|
|switch|p2a: Metagross|Metagross|301\/301
|-damage|p2a: Metagross|283\/301|[from] Stealth Rock
|turn|15
|
|detailschange|p2a: Metagross|Metagross-Mega
|-mega|p2a: Metagross|Metagross|Metagrossite
|move|p1a: Johnny Depp|Sucker Punch|p2a: Metagross
|-supereffective|p2a: Metagross
|-damage|p2a: Metagross|0 fnt
|-damage|p1a: Johnny Depp|67\/277|[from] item: Life Orb
|faint|p2a: Metagross
|
|
|switch|p2a: Mandibuzz|Mandibuzz, F|424\/424
|-damage|p2a: Mandibuzz|318\/424|[from] Stealth Rock
|turn|16
|
|move|p1a: Johnny Depp|Iron Head|p2a: Mandibuzz
|-damage|p2a: Mandibuzz|0 fnt
|-damage|p1a: Johnny Depp|40\/277|[from] item: Life Orb
|faint|p2a: Mandibuzz
|
|win|M0gwai
|raw|Ladder updating...
|raw|M0gwai's rating: 1668 &rarr; <strong>1676<\/strong><br \/>(+8 for winning)
|raw|Shaarka's rating: 1436 &rarr; <strong>1428<\/strong><br \/>(-8 for losing)