|join|56k
|join|M0gwai
|player|p1|56k|176
|player|p2|M0gwai|101
|gametype|singles
|gen|6
|tier|OU
|rated
|clearpoke
|poke|p1|Rhyperior, F
|poke|p1|Sableye, F
|poke|p1|Tangrowth, F
|poke|p1|Vaporeon, M
|poke|p1|Weezing, M
|poke|p1|Latias, F
|poke|p2|Gallade, M
|poke|p2|Manaphy
|poke|p2|Wobbuffet, M
|poke|p2|Bisharp, F
|poke|p2|Gengar, M
|poke|p2|Shuckle, M
|rule|Swagger Clause: Swagger is banned
|rule|Baton Pass Clause: Limit one PokÃ©mon knowing Baton Pass
|rule|Sleep Clause Mod: Limit one foe put to sleep
|rule|Species Clause: Limit one of each PokÃ©mon
|rule|OHKO Clause: OHKO moves are banned
|rule|Moody Clause: Moody is banned
|rule|Evasion Moves Clause: Evasion moves are banned
|rule|Endless Battle Clause: Forcing endless battles is banned
|rule|HP Percentage Mod: HP is shown in percentages
|teampreview
|
|start
|switch|p1a: Tangrowth|Tangrowth, F|399\/399
|switch|p2a: Ryan|Shuckle, M|244\/244
|turn|1
|
|move|p1a: Tangrowth|Knock Off|p2a: Ryan
|-damage|p2a: Ryan|214\/244
|-enditem|p2a: Ryan|Mental Herb|[from] move: Knock Off|[of] p1a: Tangrowth
|move|p2a: Ryan|Stealth Rock|p1a: Tangrowth
|-sidestart|p1: 56k|move: Stealth Rock
|
|turn|2
|
|switch|p1a: Latias|Latias, F|353\/353
|-damage|p1a: Latias|309\/353|[from] Stealth Rock
|move|p2a: Ryan|Infestation|p1a: Latias
|-supereffective|p1a: Latias
|-damage|p1a: Latias|297\/353
|-activate|p1a: Latias|move: Infestation|[of] p2a: Ryan
|
|-heal|p1a: Latias|319\/353|[from] item: Leftovers
|-damage|p1a: Latias|275\/353|[from] move: Infestation|[partiallytrapped]
|turn|3
|
|move|p1a: Latias|Surf|p2a: Ryan
|-supereffective|p2a: Ryan
|-damage|p2a: Ryan|142\/244
|move|p2a: Ryan|Encore|p1a: Latias
|-start|p1a: Latias|Encore
|
|-heal|p1a: Latias|297\/353|[from] item: Leftovers
|-damage|p1a: Latias|253\/353|[from] move: Infestation|[partiallytrapped]
|turn|4
|
|switch|p2a: Manaphy|Manaphy|353\/353
|move|p1a: Latias|Surf|p2a: Manaphy
|-crit|p2a: Manaphy
|-resisted|p2a: Manaphy
|-damage|p2a: Manaphy|289\/353
|
|-heal|p1a: Latias|275\/353|[from] item: Leftovers
|-heal|p2a: Manaphy|311\/353|[from] item: Leftovers
|-end|p1a: Latias|Infestation|[partiallytrapped]
|turn|5
|
|switch|p1a: Tangrowth|Tangrowth, F|399\/399
|-damage|p1a: Tangrowth|350\/399|[from] Stealth Rock
|move|p2a: Manaphy|Tail Glow|p2a: Manaphy
|-boost|p2a: Manaphy|spa|3
|
|-heal|p2a: Manaphy|333\/353|[from] item: Leftovers
|turn|6
|
|move|p2a: Manaphy|Ice Beam|p1a: Tangrowth
|-supereffective|p1a: Tangrowth
|-damage|p1a: Tangrowth|0 fnt
|faint|p1a: Tangrowth
|
|-heal|p2a: Manaphy|353\/353|[from] item: Leftovers
|
|switch|p1a: Weezing|Weezing, M|333\/333
|-damage|p1a: Weezing|292\/333|[from] Stealth Rock
|turn|7
|
|move|p2a: Manaphy|Scald|p1a: Weezing
|-damage|p1a: Weezing|0 fnt
|faint|p1a: Weezing
|
|
|switch|p1a: Vaporeon|Vaporeon, M|464\/464
|-damage|p1a: Vaporeon|406\/464|[from] Stealth Rock
|turn|8
|
|move|p2a: Manaphy|Energy Ball|p1a: Vaporeon
|-supereffective|p1a: Vaporeon
|-damage|p1a: Vaporeon|0 fnt
|faint|p1a: Vaporeon
|
|c|â56k|:(
|c|âM0gwai|:[
|c|â56k|why arent you using the scald\/cm\/rain\/rest set!
|
|switch|p1a: Sableye|Sableye, F|293\/293
|-damage|p1a: Sableye|257\/293|[from] Stealth Rock
|turn|9
|c|âM0gwai|im sorry ;_;
|c|â56k|you totally chose the one i hate more <_<
|
|detailschange|p1a: Sableye|Sableye-Mega, F
|message|Sableye has Mega Evolved into Mega Sableye!
|move|p1a: Sableye|Will-O-Wisp|p2a: Manaphy|[miss]
|-miss|p1a: Sableye|p2a: Manaphy
|move|p2a: Manaphy|Scald|p1a: Sableye
|-damage|p1a: Sableye|0 fnt
|faint|p1a: Sableye
|
|
|switch|p1a: Latias|Latias, F|275\/353
|-damage|p1a: Latias|231\/353|[from] Stealth Rock
|turn|10
|
|move|p1a: Latias|Dragon Pulse|p2a: Manaphy
|-damage|p2a: Manaphy|236\/353
|move|p2a: Manaphy|Ice Beam|p1a: Latias
|-supereffective|p1a: Latias
|-damage|p1a: Latias|0 fnt
|faint|p1a: Latias
|
|-heal|p2a: Manaphy|258\/353|[from] item: Leftovers
|c|â56k|please dont use wallbreakers like gallade or manaphy or landorus-i in the future btw!
|
|switch|p1a: Rhyperior|Rhyperior, F|433\/433
|-damage|p1a: Rhyperior|406\/433|[from] Stealth Rock
|turn|11
|c|â56k|PSA
|c|âM0gwai|what does PSA stand for?
|
|move|p2a: Manaphy|Scald|p1a: Rhyperior
|-supereffective|p1a: Rhyperior
|-damage|p1a: Rhyperior|0 fnt
|faint|p1a: Rhyperior
|
|win|M0gwai
|raw|Ladder updating...
|c|â56k|public service announcement
|c|âM0gwai|oh
|c|âM0gwai|ok!
|c|â56k|lets try to make a friendlier ladder together!
|c|âM0gwai|I mean...
|c|â56k|use nice pokemon like celebi and mandibuzz instead
|raw|56k's rating: 1542 &rarr; <strong>1522<\/strong><br \/>(-20 for losing)
|raw|M0gwai's rating: 1543 &rarr; <strong>1563<\/strong><br \/>(+20 for winning)
|c|â56k|:P
|c|â56k|gg
|leave|56k
|player|p1
|c|âM0gwai|I like powerful wallbreakers cause that means stall has a harder time
|c|âM0gwai|:]