|join|San0suke
|join|M0gwai
|player|p1|San0suke|1
|player|p2|M0gwai|101
|gametype|singles
|gen|6
|tier|OU
|rated
|clearpoke
|poke|p1|Rotom-Wash
|poke|p1|Serperior, F
|poke|p1|Azumarill, F
|poke|p1|Azelf, shiny
|poke|p1|Bisharp, F
|poke|p1|Gallade, M
|poke|p2|Victini
|poke|p2|Sceptile, F
|poke|p2|Keldeo-Resolute
|poke|p2|Landorus-Therian, M
|poke|p2|Bisharp, F
|poke|p2|Raikou
|rule|Swagger Clause: Swagger is banned
|rule|Baton Pass Clause: Limit one PokÃ©mon knowing Baton Pass
|rule|Sleep Clause Mod: Limit one foe put to sleep
|rule|Species Clause: Limit one of each PokÃ©mon
|rule|OHKO Clause: OHKO moves are banned
|rule|Moody Clause: Moody is banned
|rule|Evasion Moves Clause: Evasion moves are banned
|rule|Endless Battle Clause: Forcing endless battles is banned
|rule|HP Percentage Mod: HP is shown in percentages
|teampreview
|join|PhobiaBB
|
|start
|switch|p1a: Seryu|Azelf, shiny|291\/291
|switch|p2a: Sceptile|Sceptile, F|281\/281
|turn|1
|c| PhobiaBB|omfg
|c| PhobiaBB|You don't mean Sertu from Akame ga Kill, do you?
|c|âSan0suke|yup
|
|detailschange|p2a: Sceptile|Sceptile-Mega, F
|-mega|p2a: Sceptile|Sceptile|Sceptilite
|move|p1a: Seryu|Stealth Rock|p2a: Sceptile
|-sidestart|p2: M0gwai|move: Stealth Rock
|move|p2a: Sceptile|Dragon Pulse|p1a: Seryu
|-damage|p1a: Seryu|38\/291
|
|turn|2
|c| PhobiaBB|^I like this guy
|join|ThE0testing
|
|move|p2a: Sceptile|Dragon Pulse|p1a: Seryu
|-damage|p1a: Seryu|0 fnt
|faint|p1a: Seryu
|
|
|switch|p1a: Run|Gallade, M|277\/277
|turn|3
|c| PhobiaBB|These Akame ga Kill references are too stronk
|
|switch|p2a: Landorus-Therian|Landorus-Therian, M|382\/382
|-damage|p2a: Landorus-Therian|335\/382|[from] Stealth Rock
|-ability|p2a: Landorus-Therian|Intimidate|[of] p1a: Run
|-unboost|p1a: Run|atk|1
|detailschange|p1a: Run|Gallade-Mega, M
|-mega|p1a: Run|Gallade|Galladite
|move|p1a: Run|Close Combat|p2a: Landorus-Therian
|-resisted|p2a: Landorus-Therian
|-damage|p2a: Landorus-Therian|269\/382
|-unboost|p1a: Run|def|1
|-unboost|p1a: Run|spd|1
|
|-heal|p2a: Landorus-Therian|292\/382|[from] item: Leftovers
|turn|4
|
|switch|p1a: Kurome|Azumarill, F|404\/404
|move|p2a: Landorus-Therian|Stealth Rock|p1a: Kurome
|-sidestart|p1: San0suke|move: Stealth Rock
|
|-heal|p2a: Landorus-Therian|315\/382|[from] item: Leftovers
|turn|5
|
|move|p2a: Landorus-Therian|Earthquake|p1a: Kurome
|-damage|p1a: Kurome|203\/404
|move|p1a: Kurome|Belly Drum|p1a: Kurome
|-damage|p1a: Kurome|1\/404
|-setboost|p1a: Kurome|atk|6|[from] move: Belly Drum
|-enditem|p1a: Kurome|Sitrus Berry|[eat]
|-heal|p1a: Kurome|102\/404|[from] item: Sitrus Berry
|
|-heal|p2a: Landorus-Therian|338\/382|[from] item: Leftovers
|turn|6
|c|âM0gwai|sigh
|c|âM0gwai|I have a mega sceptile bro
|
|move|p1a: Kurome|Aqua Jet|p2a: Landorus-Therian
|-supereffective|p2a: Landorus-Therian
|-damage|p2a: Landorus-Therian|0 fnt
|faint|p2a: Landorus-Therian
|
|
|switch|p2a: Sceptile|Sceptile-Mega, F|281\/281
|-damage|p2a: Sceptile|246\/281|[from] Stealth Rock
|turn|7
|
|move|p1a: Kurome|Aqua Jet|p2a: Sceptile
|-resisted|p2a: Sceptile
|-damage|p2a: Sceptile|144\/281
|move|p2a: Sceptile|Earthquake|p1a: Kurome
|-damage|p1a: Kurome|0 fnt
|faint|p1a: Kurome
|
|
|switch|p1a: Rakshasa Demon|Bisharp, F|272\/272
|-damage|p1a: Rakshasa Demon|255\/272|[from] Stealth Rock
|turn|8
|
|move|p1a: Rakshasa Demon|Pursuit|p2a: Sceptile|[from]Pursuit
|-damage|p2a: Sceptile|0 fnt
|faint|p2a: Sceptile
|
|
|switch|p2a: Keldeo-Resolute|Keldeo-Resolute|323\/323
|-damage|p2a: Keldeo-Resolute|303\/323|[from] Stealth Rock
|turn|9
|
|switch|p1a: Wave|Rotom-Wash|304\/304
|-damage|p1a: Wave|266\/304|[from] Stealth Rock
|move|p2a: Keldeo-Resolute|Secret Sword|p1a: Wave
|-damage|p1a: Wave|160\/304
|
|-heal|p2a: Keldeo-Resolute|323\/323|[from] item: Leftovers
|-heal|p1a: Wave|179\/304|[from] item: Leftovers
|turn|10
|
|switch|p2a: Raikou|Raikou|321\/321
|-damage|p2a: Raikou|281\/321|[from] Stealth Rock
|-ability|p2a: Raikou|Pressure
|move|p1a: Wave|Volt Switch|p2a: Raikou
|-resisted|p2a: Raikou
|-damage|p2a: Raikou|251\/321
|
|switch|p1a: Run|Gallade-Mega, M|277\/277
|-damage|p1a: Run|260\/277|[from] Stealth Rock
|
|turn|11
|
|move|p2a: Raikou|Volt Switch|p1a: Run
|-damage|p1a: Run|166\/277
|
|switch|p2a: Victini|Victini|345\/345
|-damage|p2a: Victini|259\/345|[from] Stealth Rock
|move|p1a: Run|Close Combat|p2a: Victini
|-resisted|p2a: Victini
|-damage|p2a: Victini|133\/345
|-unboost|p1a: Run|def|1
|-unboost|p1a: Run|spd|1
|
|turn|12
|
|move|p1a: Run|Knock Off|p2a: Victini
|-supereffective|p2a: Victini
|-damage|p2a: Victini|0 fnt
|-enditem|p2a: Victini|Choice Band|[from] move: Knock Off|[of] p1a: Run
|faint|p2a: Victini
|
|
|switch|p2a: Bisharp|Bisharp, F|271\/271
|-damage|p2a: Bisharp|255\/271|[from] Stealth Rock
|turn|13
|c| PhobiaBB|You always make me worry that you might possibly lose to the timer lel
|c|âM0gwai|its lagging
|c|âM0gwai|a lot
|
|move|p1a: Run|Swords Dance|p1a: Run
|-boost|p1a: Run|atk|2
|move|p2a: Bisharp|Pursuit|p1a: Run
|-damage|p1a: Run|21\/277
|
|turn|14
|
|move|p2a: Bisharp|Sucker Punch|p1a: Run
|-damage|p1a: Run|0 fnt
|faint|p1a: Run
|
|
|switch|p1a: Wave|Rotom-Wash|179\/304
|-damage|p1a: Wave|141\/304|[from] Stealth Rock
|turn|15
|c| PhobiaBB|Oh, I didn't even realize. I've just seen happen in your videos every now and then.
|c|âM0gwai|dammit stop lagging
|
|switch|p2a: Raikou|Raikou|251\/321
|-damage|p2a: Raikou|211\/321|[from] Stealth Rock
|-ability|p2a: Raikou|Pressure
|move|p1a: Wave|Pain Split|p2a: Raikou
|-sethp|p2a: Raikou|176\/321|p1a: Wave|176\/304|[from] move: Pain Split
|
|-heal|p1a: Wave|195\/304|[from] item: Leftovers
|turn|16
|
|switch|p1a: Esdeath|Serperior, F|291\/291
|-damage|p1a: Esdeath|255\/291|[from] Stealth Rock
|move|p2a: Raikou|Thunderbolt|p1a: Esdeath
|-resisted|p1a: Esdeath
|-damage|p1a: Esdeath|178\/291
|
|turn|17
|-message|M0gwai lost due to inactivity.
|
|move|p2a: Raikou|Hidden Power|p1a: Esdeath
|-crit|p1a: Esdeath
|-supereffective|p1a: Esdeath
|-damage|p1a: Esdeath|0 fnt
|faint|p1a: Esdeath
|
|c| PhobiaBB|ffs
|c|âM0gwai|are you fucking
|c|âM0gwai|kidding me
|
|win|San0suke
|raw|Ladder updating...
|raw|San0suke's rating: 1563 &rarr; <strong>1585<\/strong><br \/>(+22 for winning)
|raw|M0gwai's rating: 1591 &rarr; <strong>1570<\/strong><br \/>(-21 for losing)
|leave|San0suke
|player|p1
|leave|ThE0testing