|join|RabuRabuBeam
|join|M0gwai
|player|p1|RabuRabuBeam|2
|player|p2|M0gwai|101
|gametype|singles
|gen|6
|tier|OU
|rated
|clearpoke
|poke|p1|Mamoswine, F
|poke|p1|Ferrothorn, M
|poke|p1|Metagross
|poke|p1|Keldeo-Resolute
|poke|p1|Rotom-Wash
|poke|p1|Sylveon, F
|poke|p2|Serperior, F
|poke|p2|Talonflame, M
|poke|p2|Blastoise, F
|poke|p2|Landorus-Therian, M
|poke|p2|Klefki, M
|poke|p2|Raikou
|rule|Swagger Clause: Swagger is banned
|rule|Baton Pass Clause: Limit one PokÃ©mon knowing Baton Pass
|rule|Sleep Clause Mod: Limit one foe put to sleep
|rule|Species Clause: Limit one of each PokÃ©mon
|rule|OHKO Clause: OHKO moves are banned
|rule|Moody Clause: Moody is banned
|rule|Evasion Moves Clause: Evasion moves are banned
|rule|Endless Battle Clause: Forcing endless battles is banned
|rule|HP Percentage Mod: HP is shown in percentages
|teampreview
|
|start
|switch|p1a: Mamoswine|Mamoswine, F|361\/361
|switch|p2a: Muh Cannonz|Blastoise, F|327\/327
|turn|1
|
|detailschange|p2a: Muh Cannonz|Blastoise-Mega, F
|-mega|p2a: Muh Cannonz|Blastoise|Blastoisinite
|move|p1a: Mamoswine|Endeavor|p2a: Muh Cannonz
|-immune|p2a: Muh Cannonz|[msg]
|-fail|p2a: Muh Cannonz
|move|p2a: Muh Cannonz|Scald|p1a: Mamoswine
|-supereffective|p1a: Mamoswine
|-enditem|p1a: Mamoswine|Focus Sash
|-damage|p1a: Mamoswine|1\/361
|
|turn|2
|
|move|p1a: Mamoswine|Endeavor|p2a: Muh Cannonz
|-damage|p2a: Muh Cannonz|1\/327
|move|p2a: Muh Cannonz|Rapid Spin|p1a: Mamoswine
|-damage|p1a: Mamoswine|0 fnt
|faint|p1a: Mamoswine
|
|
|switch|p1a: Metagross|Metagross|301\/301
|turn|3
|
|detailschange|p1a: Metagross|Metagross-Mega
|-mega|p1a: Metagross|Metagross|Metagrossite
|move|p1a: Metagross|Ice Punch|p2a: Muh Cannonz
|-resisted|p2a: Muh Cannonz
|-damage|p2a: Muh Cannonz|0 fnt
|faint|p2a: Muh Cannonz
|
|
|switch|p2a: Diego|Raikou|321\/321
|-ability|p2a: Diego|Pressure
|turn|4
|join|0rbital
|
|move|p2a: Diego|Volt Switch|p1a: Metagross
|-damage|p1a: Metagross|196\/301
|
|switch|p2a: Rockstache|Landorus-Therian, M|382\/382
|-ability|p2a: Rockstache|Intimidate|[of] p1a: Metagross
|-unboost|p1a: Metagross|atk|1
|move|p1a: Metagross|Earthquake|p2a: Rockstache
|-immune|p2a: Rockstache|[msg]
|
|turn|5
|
|switch|p1a: Ferrothorn|Ferrothorn, M|352\/352
|move|p2a: Rockstache|Earthquake|p1a: Ferrothorn
|-damage|p1a: Ferrothorn|223\/352
|
|-heal|p1a: Ferrothorn|245\/352|[from] item: Leftovers
|turn|6
|
|move|p2a: Rockstache|U-turn|p1a: Ferrothorn
|-damage|p1a: Ferrothorn|187\/352
|-damage|p2a: Rockstache|335\/382|[from] ability: Iron Barbs|[of] p1a: Ferrothorn
|
|switch|p2a: Dickperior|Serperior, F|291\/291
|move|p1a: Ferrothorn|Stealth Rock|p2a: Dickperior
|-sidestart|p2: M0gwai|move: Stealth Rock
|
|-heal|p1a: Ferrothorn|209\/352|[from] item: Leftovers
|turn|7
|
|switch|p1a: Metagross|Metagross-Mega|196\/301
|move|p2a: Dickperior|Leaf Storm|p1a: Metagross
|-crit|p1a: Metagross
|-resisted|p1a: Metagross
|-damage|p1a: Metagross|43\/301
|-boost|p2a: Dickperior|spa|2
|-damage|p2a: Dickperior|262\/291|[from] item: Life Orb
|
|turn|8
|
|move|p2a: Dickperior|Leaf Storm|p1a: Metagross
|-resisted|p1a: Metagross
|-damage|p1a: Metagross|0 fnt
|-boost|p2a: Dickperior|spa|2
|-damage|p2a: Dickperior|233\/291|[from] item: Life Orb
|faint|p1a: Metagross
|
|
|switch|p1a: Sylveon|Sylveon, F|392\/392
|turn|9
|
|move|p2a: Dickperior|Leaf Storm|p1a: Sylveon
|-damage|p1a: Sylveon|0 fnt
|-boost|p2a: Dickperior|spa|2
|-damage|p2a: Dickperior|204\/291|[from] item: Life Orb
|faint|p1a: Sylveon
|
|-message|RabuRabuBeam forfeited.
|leave|RabuRabuBeam
|
|switch|p1a: Ferrothorn|Ferrothorn, M|209\/352
|turn|10
|
|win|M0gwai
|raw|Ladder updating...
|raw|RabuRabuBeam's rating: 1550 &rarr; <strong>1532<\/strong><br \/>(-18 for losing)
|raw|M0gwai's rating: 1588 &rarr; <strong>1605<\/strong><br \/>(+17 for winning)
|player|p1
|c|âM0gwai|:]