|join|M0gwai
|join|MystMG
|player|p1|M0gwai|101
|player|p2|MystMG|290
|gametype|singles
|gen|6
|tier|OU
|rated
|clearpoke
|poke|p1|Serperior, F
|poke|p1|Talonflame, F
|poke|p1|Blastoise, F
|poke|p1|Landorus-Therian, M
|poke|p1|Klefki, F
|poke|p1|Raikou
|poke|p2|Gyarados, M
|poke|p2|Heatran, M
|poke|p2|Slowbro, F
|poke|p2|Donphan, M
|poke|p2|Gothitelle, M
|poke|p2|Thundurus, M
|rule|Swagger Clause: Swagger is banned
|rule|Baton Pass Clause: Limit one PokÃ©mon knowing Baton Pass
|rule|Sleep Clause Mod: Limit one foe put to sleep
|rule|Species Clause: Limit one of each PokÃ©mon
|rule|OHKO Clause: OHKO moves are banned
|rule|Moody Clause: Moody is banned
|rule|Evasion Moves Clause: Evasion moves are banned
|rule|Endless Battle Clause: Forcing endless battles is banned
|rule|HP Percentage Mod: HP is shown in percentages
|teampreview
|c|âMystMG|hf
|c|âM0gwai|ty2
|
|start
|switch|p1a: Rockstache|Landorus-Therian, M|382\/382
|switch|p2a: S. King|Slowbro, F|393\/393
|-ability|p1a: Rockstache|Intimidate|[of] p2a: S. King
|-unboost|p2a: S. King|atk|1
|turn|1
|
|move|p1a: Rockstache|U-turn|p2a: S. King
|-supereffective|p2a: S. King
|-damage|p2a: S. King|283\/393
|-damage|p1a: Rockstache|319\/382|[from] item: Rocky Helmet|[of] p2a: S. King
|
|switch|p1a: Diego|Raikou|321\/321
|-ability|p1a: Diego|Pressure
|move|p2a: S. King|Scald|p1a: Diego
|-damage|p1a: Diego|260\/321
|
|turn|2
|
|switch|p2a: DD why u hate me|Donphan, M|384\/384
|move|p1a: Diego|Shadow Ball|p2a: DD why u hate me
|-damage|p2a: DD why u hate me|254\/384
|
|-heal|p2a: DD why u hate me|278\/384|[from] item: Leftovers
|turn|3
|c|âMystMG|Il pizzaiolo dietro casa mia si chiama Diego
|
|switch|p1a: Rockstache|Landorus-Therian, M|319\/382
|-ability|p1a: Rockstache|Intimidate|[of] p2a: DD why u hate me
|-unboost|p2a: DD why u hate me|atk|1
|move|p2a: DD why u hate me|Knock Off|p1a: Rockstache
|-damage|p1a: Rockstache|270\/382
|-enditem|p1a: Rockstache|Leftovers|[from] move: Knock Off|[of] p2a: DD why u hate me
|
|-heal|p2a: DD why u hate me|302\/384|[from] item: Leftovers
|turn|4
|
|move|p1a: Rockstache|Stealth Rock|p2a: DD why u hate me
|-sidestart|p2: MystMG|move: Stealth Rock
|move|p2a: DD why u hate me|Stealth Rock|p1a: Rockstache
|-sidestart|p1: M0gwai|move: Stealth Rock
|
|-heal|p2a: DD why u hate me|326\/384|[from] item: Leftovers
|turn|5
|
|move|p1a: Rockstache|U-turn|p2a: DD why u hate me
|-damage|p2a: DD why u hate me|279\/384
|
|switch|p1a: Muh Cannonz|Blastoise, F|327\/327
|-damage|p1a: Muh Cannonz|287\/327|[from] Stealth Rock
|move|p2a: DD why u hate me|Rapid Spin|p1a: Muh Cannonz
|-damage|p1a: Muh Cannonz|274\/327
|-sideend|p2: MystMG|Stealth Rock|[from] move: Rapid Spin|[of] p2a: DD why u hate me
|
|-heal|p2a: DD why u hate me|303\/384|[from] item: Leftovers
|turn|6
|
|switch|p2a: Veigas|Gothitelle, M|282\/282
|detailschange|p1a: Muh Cannonz|Blastoise-Mega, F
|-mega|p1a: Muh Cannonz|Blastoise|Blastoisinite
|move|p1a: Muh Cannonz|Rapid Spin|p2a: Veigas
|-damage|p2a: Veigas|267\/282
|-sideend|p1: M0gwai|Stealth Rock|[from] move: Rapid Spin|[of] p1a: Muh Cannonz
|
|turn|7
|
|move|p1a: Muh Cannonz|Dark Pulse|p2a: Veigas
|-supereffective|p2a: Veigas
|-damage|p2a: Veigas|0 fnt
|faint|p2a: Veigas
|
|
|switch|p2a: Thanatos|Thundurus, M|299\/299
|turn|8
|
|switch|p1a: Diego|Raikou|260\/321
|-ability|p1a: Diego|Pressure
|move|p2a: Thanatos|Knock Off|p1a: Diego
|-crit|p1a: Diego
|-damage|p1a: Diego|33\/321
|-enditem|p1a: Diego|Assault Vest|[from] move: Knock Off|[of] p2a: Thanatos
|-damage|p2a: Thanatos|270\/299|[from] item: Life Orb
|
|turn|9
|
|switch|p2a: Flagrei|Heatran, M|386\/386
|move|p1a: Diego|Thunderbolt|p2a: Flagrei
|-damage|p2a: Flagrei|292\/386
|
|-heal|p2a: Flagrei|316\/386|[from] item: Leftovers
|turn|10
|
|move|p1a: Diego|Volt Switch|p2a: Flagrei
|-damage|p2a: Flagrei|232\/386
|
|switch|p1a: Muh Cannonz|Blastoise-Mega, F|274\/327
|move|p2a: Flagrei|Lava Plume|p1a: Muh Cannonz
|-resisted|p1a: Muh Cannonz
|-damage|p1a: Muh Cannonz|222\/327
|
|-heal|p2a: Flagrei|256\/386|[from] item: Leftovers
|turn|11
|
|move|p2a: Flagrei|Protect|p2a: Flagrei
|-singleturn|p2a: Flagrei|Protect
|move|p1a: Muh Cannonz|Scald|p2a: Flagrei
|-activate|p2a: Flagrei|Protect
|
|-heal|p2a: Flagrei|280\/386|[from] item: Leftovers
|turn|12
|-message|MystMG forfeited.
|leave|MystMG
|
|win|M0gwai
|raw|Ladder updating...
|player|p2
|raw|M0gwai's rating: 1565 &rarr; <strong>1581<\/strong><br \/>(+16 for winning)
|raw|MystMG's rating: 1497 &rarr; <strong>1481<\/strong><br \/>(-16 for losing)