|join|Ox the Box
|join|M0gwai
|join|SwaggBoi
|join|ThE0testing
|player|p1|Ox the Box|201
|player|p2|M0gwai|101
|gametype|singles
|gen|6
|tier|OU
|rated
|clearpoke
|poke|p1|Charizard, F, shiny
|poke|p1|Venusaur, M, shiny
|poke|p1|Tyranitar, F
|poke|p1|Excadrill, M
|poke|p1|Politoed, F
|poke|p1|Kingdra, F
|poke|p2|Victini
|poke|p2|Sceptile, M
|poke|p2|Keldeo-Resolute
|poke|p2|Landorus-Therian, M
|poke|p2|Bisharp, F
|poke|p2|Raikou
|rule|Swagger Clause: Swagger is banned
|rule|Baton Pass Clause: Limit one PokÃ©mon knowing Baton Pass
|rule|Sleep Clause Mod: Limit one foe put to sleep
|rule|Species Clause: Limit one of each PokÃ©mon
|rule|OHKO Clause: OHKO moves are banned
|rule|Moody Clause: Moody is banned
|rule|Evasion Moves Clause: Evasion moves are banned
|rule|Endless Battle Clause: Forcing endless battles is banned
|rule|HP Percentage Mod: HP is shown in percentages
|teampreview
|join|cosine180
|c|âOx the Box|glhf
|c|âM0gwai|ty2
|join|Prankster
|join|gyarad0site
|join|A2tehBR
|join|Bloodz
|leave|A2tehBR
|join|SeventyFive
|
|start
|switch|p1a: Charizard|Charizard, F, shiny|297\/297
|switch|p2a: Victini|Victini|345\/345
|turn|1
|
|switch|p1a: Tyranitar|Tyranitar, F|382\/382
|-weather|Sandstorm
|move|p2a: Victini|Bolt Strike|p1a: Tyranitar
|-damage|p1a: Tyranitar|186\/382
|
|-weather|Sandstorm|[upkeep]
|-damage|p2a: Victini|324\/345|[from] sandstorm
|turn|2
|c|âOx the Box|abr isn't this your team
|join|I'm Bi...sharp
|join|hi im hunter
|
|switch|p1a: Excadrill|Excadrill, M|361\/361
|move|p2a: Victini|Bolt Strike|p1a: Excadrill
|-immune|p1a: Excadrill|[msg]
|
|-weather|Sandstorm|[upkeep]
|-damage|p2a: Victini|303\/345|[from] sandstorm
|turn|3
|leave|Prankster
|
|switch|p2a: Landorus-Therian|Landorus-Therian, M|382\/382
|-ability|p2a: Landorus-Therian|Intimidate|[of] p1a: Excadrill
|-unboost|p1a: Excadrill|atk|1
|move|p1a: Excadrill|Iron Head|p2a: Landorus-Therian
|-damage|p2a: Landorus-Therian|277\/382
|-damage|p1a: Excadrill|325\/361|[from] item: Life Orb
|
|-weather|Sandstorm|[upkeep]
|-heal|p2a: Landorus-Therian|300\/382|[from] item: Leftovers
|turn|4
|c| hi im hunter|fucking predicted
|
|switch|p1a: Charizard|Charizard, F, shiny|297\/297
|move|p2a: Landorus-Therian|Stealth Rock|p1a: Charizard
|-sidestart|p1: Ox the Box|move: Stealth Rock
|
|-weather|Sandstorm|[upkeep]
|-damage|p1a: Charizard|279\/297|[from] sandstorm
|-heal|p2a: Landorus-Therian|323\/382|[from] item: Leftovers
|turn|5
|c|âM0gwai|the most obvious of switches into lando? yeah
|join|Alldaalts
|
|switch|p2a: Keldeo-Resolute|Keldeo-Resolute|323\/323
|detailschange|p1a: Charizard|Charizard-Mega-Y, F, shiny
|-mega|p1a: Charizard|Charizard|Charizardite Y
|-weather|SunnyDay
|move|p1a: Charizard|Flamethrower|p2a: Keldeo-Resolute
|-resisted|p2a: Keldeo-Resolute
|-damage|p2a: Keldeo-Resolute|144\/323
|-status|p2a: Keldeo-Resolute|brn
|
|-weather|SunnyDay|[upkeep]
|-heal|p2a: Keldeo-Resolute|164\/323 brn|[from] item: Leftovers
|-damage|p2a: Keldeo-Resolute|124\/323 brn|[from] brn
|turn|6
|join|ryzed
|
|move|p2a: Keldeo-Resolute|Scald|p1a: Charizard
|-supereffective|p1a: Charizard
|-damage|p1a: Charizard|159\/297
|move|p1a: Charizard|Flamethrower|p2a: Keldeo-Resolute
|-resisted|p2a: Keldeo-Resolute
|-damage|p2a: Keldeo-Resolute|0 fnt
|faint|p2a: Keldeo-Resolute
|
|-weather|SunnyDay|[upkeep]
|join|etaoi
|
|switch|p2a: Raikou|Raikou|321\/321
|-ability|p2a: Raikou|Pressure
|turn|7
|join|CleanerThanRotom-W
|
|switch|p1a: Excadrill|Excadrill, M|325\/361
|-damage|p1a: Excadrill|314\/361|[from] Stealth Rock
|move|p2a: Raikou|Shadow Ball|p1a: Excadrill
|-damage|p1a: Excadrill|198\/361
|-unboost|p1a: Excadrill|spd|1
|
|-weather|SunnyDay|[upkeep]
|turn|8
|
|switch|p2a: Landorus-Therian|Landorus-Therian, M|323\/382
|-ability|p2a: Landorus-Therian|Intimidate|[of] p1a: Excadrill
|-unboost|p1a: Excadrill|atk|1
|switch|p1a: Tyranitar|Tyranitar, F|186\/382
|-damage|p1a: Tyranitar|139\/382|[from] Stealth Rock
|-weather|Sandstorm
|
|-weather|Sandstorm|[upkeep]
|-heal|p2a: Landorus-Therian|346\/382|[from] item: Leftovers
|turn|9
|join|QuagGod
|
|move|p2a: Landorus-Therian|Earthquake|p1a: Tyranitar
|-supereffective|p1a: Tyranitar
|-damage|p1a: Tyranitar|0 fnt
|faint|p1a: Tyranitar
|
|-weather|Sandstorm|[upkeep]
|-heal|p2a: Landorus-Therian|369\/382|[from] item: Leftovers
|join|B â¥aâ¥ â¥uâ¥ â¥eâ¥ â¥râ¥
|
|switch|p1a: Charizard|Charizard-Mega-Y, F, shiny|159\/297
|-damage|p1a: Charizard|11\/297|[from] Stealth Rock
|-weather|SunnyDay
|turn|10
|join|tomibello
|
|move|p1a: Charizard|Flamethrower|p2a: Landorus-Therian
|-damage|p2a: Landorus-Therian|18\/382
|move|p2a: Landorus-Therian|Stone Edge|p1a: Charizard|[miss]
|-miss|p2a: Landorus-Therian|p1a: Charizard
|
|-weather|SunnyDay|[upkeep]
|-heal|p2a: Landorus-Therian|41\/382|[from] item: Leftovers
|turn|11
|c| B â¥aâ¥ â¥uâ¥ â¥eâ¥ â¥râ¥|~~I think cleaner likes me~~
|c| CleanerThanRotom-W|ox i told u run blast
|join|mouse de frank
|c|âOx the Box|no
|c|âOx the Box|I always miss
|c|âOx the Box|and the pp sucks
|join|Appreciation
|
|move|p1a: Charizard|Flamethrower|p2a: Landorus-Therian
|-damage|p2a: Landorus-Therian|0 fnt
|faint|p2a: Landorus-Therian
|
|-weather|SunnyDay|[upkeep]
|c| B â¥aâ¥ â¥uâ¥ â¥eâ¥ â¥râ¥|hes ignoring me ;-;
|leave|CleanerThanRotom-W
|join|Omegasization
|join|Justin T1
|
|switch|p2a: Raikou|Raikou|321\/321
|-ability|p2a: Raikou|Pressure
|turn|12
|
|move|p2a: Raikou|Volt Switch|p1a: Charizard
|-supereffective|p1a: Charizard
|-damage|p1a: Charizard|0 fnt
|faint|p1a: Charizard
|c| SeventyFive|u can tank a tboltprobs
|c| cosine180|gotem
|join|Arcanine is Regal
|
|switch|p2a: Victini|Victini|303\/345
|
|-weather|SunnyDay|[upkeep]
|
|switch|p1a: Venusaur|Venusaur, M, shiny|319\/319
|-damage|p1a: Venusaur|280\/319|[from] Stealth Rock
|turn|13
|c| SeventyFive|reveal the knock
|join|Squirrelll
|leave|Justin T1
|
|move|p1a: Venusaur|Sleep Powder|p2a: Victini
|-status|p2a: Victini|slp
|cant|p2a: Victini|slp
|
|-weather|SunnyDay|[upkeep]
|turn|14
|join|Justin T1
|leave|hi im hunter
|join|Mistakess
|
|switch|p2a: Bisharp|Bisharp, F|271\/271
|move|p1a: Venusaur|Sludge Bomb|p2a: Bisharp
|-immune|p2a: Bisharp|[msg]
|
|-weather|none
|turn|15
|leave|Mistakess
|
|move|p1a: Venusaur|Hidden Power|p2a: Bisharp
|-supereffective|p2a: Bisharp
|-damage|p2a: Bisharp|29\/271
|-damage|p1a: Venusaur|249\/319|[from] item: Life Orb
|move|p2a: Bisharp|Knock Off|p1a: Venusaur
|-damage|p1a: Venusaur|9\/319
|-enditem|p1a: Venusaur|Life Orb|[from] move: Knock Off|[of] p2a: Bisharp
|
|turn|16
|leave|Justin T1
|join|PhobiaBB
|
|move|p2a: Bisharp|Sucker Punch|p1a: Venusaur
|-fail|p1a: Venusaur
|move|p1a: Venusaur|Sleep Powder|p2a: Bisharp
|-message|Sleep Clause Mod activated.
|-fail|p2a: Bisharp
|
|turn|17
|c|âM0gwai|lol
|join|WECAMEASROMANS
|c|âOx the Box|:]
|
|move|p2a: Bisharp|Sucker Punch|p1a: Venusaur
|-damage|p1a: Venusaur|0 fnt
|faint|p1a: Venusaur
|
|c| PhobiaBB|Welp
|join|Jukain
|c| PhobiaBB|A wild Mogwai appeared
|
|switch|p1a: Politoed|Politoed, F|383\/383
|-damage|p1a: Politoed|336\/383|[from] Stealth Rock
|-weather|RainDance
|turn|18
|c|âM0gwai|:D
|c|âOx the Box|icebeam
|c|âOx the Box|shit
|
|switch|p2a: Victini|Victini|303\/345 slp
|move|p1a: Politoed|Scald|p2a: Victini
|-supereffective|p2a: Victini
|-damage|p2a: Victini|51\/345 slp
|
|-weather|RainDance|[upkeep]
|turn|19
|c| SeventyFive|lol
|join|yuy
|join|Galbano
|join|808 & Heartbreak
|leave|Galbano
|
|cant|p2a: Victini|slp
|move|p1a: Politoed|Scald|p2a: Victini
|-supereffective|p2a: Victini
|-damage|p2a: Victini|0 fnt
|faint|p2a: Victini
|
|-weather|RainDance|[upkeep]
|join|Magma Admin~
|
|switch|p2a: Sceptile|Sceptile, M|281\/281
|turn|20
|join|exodia15
|leave|exodia15
|join|testing tems
|leave|I'm Bi...sharp
|join|I'm Bi...sharp
|
|detailschange|p2a: Sceptile|Sceptile-Mega, M
|-mega|p2a: Sceptile|Sceptile|Sceptilite
|move|p2a: Sceptile|Dragon Pulse|p1a: Politoed
|-damage|p1a: Politoed|170\/383
|move|p1a: Politoed|Encore|p2a: Sceptile
|-start|p2a: Sceptile|Encore
|
|-weather|RainDance|[upkeep]
|turn|21
|join|night changes
|join|Akkeshi
|join|Pmma
|c| night changes|GO OX THE FOX
|c| night changes|OR BOX
|c|âOx the Box|I LOVE YOU NEW YORK
|c| night changes|WHAT DOES THE FOX SAY
|c| testing tems|tri weather new meta
|
|switch|p1a: Excadrill|Excadrill, M|198\/361
|-damage|p1a: Excadrill|187\/361|[from] Stealth Rock
|move|p2a: Sceptile|Dragon Pulse|p1a: Excadrill
|-resisted|p1a: Excadrill
|-damage|p1a: Excadrill|67\/361
|
|-weather|RainDance|[upkeep]
|turn|22
|
|move|p2a: Sceptile|Dragon Pulse|p1a: Excadrill
|-resisted|p1a: Excadrill
|-damage|p1a: Excadrill|0 fnt
|faint|p1a: Excadrill
|
|-weather|RainDance|[upkeep]
|c|âM0gwai|sceptile too strong
|
|switch|p1a: Kingdra|Kingdra, F|291\/291
|-damage|p1a: Kingdra|255\/291|[from] Stealth Rock
|turn|23
|join|jack41
|c| Magma Admin~|nah but that damp rock
|c| testing tems|h pump if rel
|join|TogekisslessVirgin
|c| tomibello|why did u just icebeam the scept?
|c| tomibello|w\/ toad
|c|âOx the Box|don't have it
|
|switch|p2a: Raikou|Raikou|321\/321
|-ability|p2a: Raikou|Pressure
|move|p1a: Kingdra|Draco Meteor|p2a: Raikou|[miss]
|-miss|p1a: Kingdra|p2a: Raikou
|
|-weather|RainDance|[upkeep]
|turn|24
|c| tomibello|;_;
|c| Magma Admin~|skillfully
|c| Magma Admin~|dodged
|c|âOx the Box|.sigh
|c| testing tems|i told u h pump
|c|âM0gwai|doesnt matter
|c| PhobiaBB|;~;
|leave|jack41
|c| SeventyFive|that was a great play
|join|A2tehBR
|
|move|p1a: Kingdra|Hydro Pump|p2a: Raikou
|-damage|p2a: Raikou|78\/321
|-damage|p1a: Kingdra|226\/291|[from] item: Life Orb
|move|p2a: Raikou|Thunderbolt|p1a: Kingdra
|-damage|p1a: Kingdra|67\/291
|
|-weather|RainDance|[upkeep]
|turn|25
|c| cosine180|.\/choke
|c| SeventyFive|he predicted the miss
|-message|Ox the Box forfeited.
|c| Magma Admin~|owel
|-message|Ox the Box forfeited.
|c| Squirrelll|sac sceptile and its ova
|leave|A2tehBR
|leave|WECAMEASROMANS
|leave|SeventyFive
|leave|Ox the Box
|c|âM0gwai|im AV
|c| Magma Admin~|i'm pretty sure that mattered tho
|
|win|M0gwai
|raw|Ladder updating...
|c|âM0gwai|nah
|raw|Ox the Box's rating: 1803 &rarr; <strong>1771<\/strong><br \/>(-32 for losing)
|raw|M0gwai's rating: 1559 &rarr; <strong>1591<\/strong><br \/>(+32 for winning)
|player|p1
|leave|Magma Admin~
|join|Updated Kanto
|leave|Squirrelll
|leave|SwaggBoi
|leave|Arcanine is Regal
|leave|808 & Heartbreak
|c| cosine180|it was mixed
|leave|Updated Kanto
|leave|Appreciation
|leave|TogekisslessVirgin
|c| cosine180|dra
|leave|cosine180
|leave|tomibello
|c| PhobiaBB|I mean, I was stalking Ox at first
|leave|Alldaalts
|c|âM0gwai|I missed a stone
|join|All Together Now
|c|âM0gwai|edge
|c| PhobiaBB|But stalking M0gwai is a nice surprise
|leave|ryzed
|leave|Pmma
|c|âM0gwai|earlier so w\/e
|c|âM0gwai|:P
|leave|All Together Now
|join|tomibello
|join|TogekisslessVirgin
|c| Akkeshi|remt
|c|âM0gwai|haha hai
|join|ryzed
|leave|TogekisslessVirgin
|leave|ryzed
|leave|night changes
|leave|tomibello
|leave|Akkeshi
|join|Appreciation
|join|Akkeshi