|join|M0gwai
|join|Stratobodom
|player|p1|M0gwai|101
|player|p2|Stratobodom|34
|gametype|singles
|gen|6
|tier|OU
|rated
|clearpoke
|poke|p1|Hydreigon, F
|poke|p1|Metagross
|poke|p1|Keldeo-Resolute
|poke|p1|Magneton
|poke|p1|Landorus-Therian, M
|poke|p1|Azumarill, F
|poke|p2|Gengar, F
|poke|p2|Clefable, M
|poke|p2|Gallade, M
|poke|p2|Landorus-Therian, M
|poke|p2|Rotom-Wash
|poke|p2|Bisharp, M
|rule|Swagger Clause: Swagger is banned
|rule|Baton Pass Clause: Limit one PokÃ©mon knowing Baton Pass
|rule|Sleep Clause Mod: Limit one foe put to sleep
|rule|Species Clause: Limit one of each PokÃ©mon
|rule|OHKO Clause: OHKO moves are banned
|rule|Moody Clause: Moody is banned
|rule|Evasion Moves Clause: Evasion moves are banned
|rule|Endless Battle Clause: Forcing endless battles is banned
|rule|HP Percentage Mod: HP is shown in percentages
|teampreview
|join|Giggling Grannie
|
|start
|switch|p1a: Rockstache|Landorus-Therian, M|382\/382
|switch|p2a: Rotom-Wash|Rotom-Wash|303\/303
|-ability|p1a: Rockstache|Intimidate|[of] p2a: Rotom-Wash
|-unboost|p2a: Rotom-Wash|atk|1
|turn|1
|
|move|p2a: Rotom-Wash|Volt Switch|p1a: Rockstache
|-immune|p1a: Rockstache|[msg]
|move|p1a: Rockstache|Stealth Rock|p2a: Rotom-Wash
|-sidestart|p2: Stratobodom|move: Stealth Rock
|
|turn|2
|
|switch|p1a: Kif|Magneton|241\/241
|move|p2a: Rotom-Wash|Volt Switch|p1a: Kif
|-resisted|p1a: Kif
|-damage|p1a: Kif|187\/241
|
|switch|p2a: Landorus-Therian|Landorus-Therian, M|319\/319
|-damage|p2a: Landorus-Therian|280\/319|[from] Stealth Rock
|-ability|p2a: Landorus-Therian|Intimidate|[of] p1a: Kif
|-unboost|p1a: Kif|atk|1
|
|turn|3
|
|move|p2a: Landorus-Therian|U-turn|p1a: Kif
|-resisted|p1a: Kif
|-damage|p1a: Kif|144\/241
|
|switch|p2a: Rotom-Wash|Rotom-Wash|303\/303
|-damage|p2a: Rotom-Wash|266\/303|[from] Stealth Rock
|move|p1a: Kif|Volt Switch|p2a: Rotom-Wash
|-damage|p2a: Rotom-Wash|146\/303
|
|switch|p1a: Hail Hydra|Hydreigon, F|325\/325
|
|-heal|p2a: Rotom-Wash|164\/303|[from] item: Leftovers
|turn|4
|
|switch|p2a: Clefable|Clefable, M|394\/394
|move|p1a: Hail Hydra|Flash Cannon|p2a: Clefable
|-supereffective|p2a: Clefable
|-damage|p2a: Clefable|168\/394
|-damage|p1a: Hail Hydra|293\/325|[from] item: Life Orb
|
|-heal|p2a: Clefable|192\/394|[from] item: Leftovers
|turn|5
|
|switch|p2a: Bisharp|Bisharp, M|271\/271
|-damage|p2a: Bisharp|255\/271|[from] Stealth Rock
|move|p1a: Hail Hydra|Flash Cannon|p2a: Bisharp
|-resisted|p2a: Bisharp
|-damage|p2a: Bisharp|171\/271
|-damage|p1a: Hail Hydra|261\/325|[from] item: Life Orb
|
|turn|6
|
|move|p1a: Hail Hydra|Superpower|p2a: Bisharp
|-supereffective|p2a: Bisharp
|-damage|p2a: Bisharp|0 fnt
|-unboost|p1a: Hail Hydra|atk|1
|-unboost|p1a: Hail Hydra|def|1
|-damage|p1a: Hail Hydra|229\/325|[from] item: Life Orb
|faint|p2a: Bisharp
|
|
|switch|p2a: Gengar|Gengar, F|261\/261
|-damage|p2a: Gengar|229\/261|[from] Stealth Rock
|turn|7
|
|switch|p1a: Kif|Magneton|144\/241
|move|p2a: Gengar|Focus Blast|p1a: Kif|[miss]
|-miss|p2a: Gengar|p1a: Kif
|
|turn|8
|
|switch|p2a: Landorus-Therian|Landorus-Therian, M|280\/319
|-damage|p2a: Landorus-Therian|241\/319|[from] Stealth Rock
|-ability|p2a: Landorus-Therian|Intimidate|[of] p1a: Kif
|-unboost|p1a: Kif|atk|1
|move|p1a: Kif|Volt Switch|p2a: Landorus-Therian
|-immune|p2a: Landorus-Therian|[msg]
|
|turn|9
|
|move|p2a: Landorus-Therian|U-turn|p1a: Kif
|-resisted|p1a: Kif
|-damage|p1a: Kif|98\/241
|c| Giggling Grannie|lol, this nigga Mogwai bold as fuck
|
|switch|p2a: Clefable|Clefable, M|192\/394
|move|p1a: Kif|Volt Switch|p2a: Clefable
|-damage|p2a: Clefable|83\/394
|
|switch|p1a: Timmy|Metagross|301\/301
|
|-heal|p2a: Clefable|107\/394|[from] item: Leftovers
|turn|10
|
|detailschange|p1a: Timmy|Metagross-Mega
|-mega|p1a: Timmy|Metagross|Metagrossite
|move|p1a: Timmy|Meteor Mash|p2a: Clefable|[miss]
|-miss|p1a: Timmy|p2a: Clefable
|move|p2a: Clefable|Thunder Wave|p1a: Timmy
|-status|p1a: Timmy|par
|
|-heal|p2a: Clefable|131\/394|[from] item: Leftovers
|turn|11
|
|move|p2a: Clefable|Stealth Rock|p1a: Timmy
|-sidestart|p1: M0gwai|move: Stealth Rock
|cant|p1a: Timmy|par
|
|-heal|p2a: Clefable|155\/394|[from] item: Leftovers
|turn|12
|
|switch|p2a: Rotom-Wash|Rotom-Wash|164\/303
|-damage|p2a: Rotom-Wash|127\/303|[from] Stealth Rock
|cant|p1a: Timmy|par
|
|-heal|p2a: Rotom-Wash|145\/303|[from] item: Leftovers
|turn|13
|c| Giggling Grannie|....
|
|move|p2a: Rotom-Wash|Pain Split|p1a: Timmy
|-sethp|p1a: Timmy|223\/301 par|p2a: Rotom-Wash|223\/303|[from] move: Pain Split
|move|p1a: Timmy|Zen Headbutt|p2a: Rotom-Wash
|-damage|p2a: Rotom-Wash|72\/303
|
|-heal|p2a: Rotom-Wash|90\/303|[from] item: Leftovers
|turn|14
|
|switch|p1a: Kif|Magneton|98\/241
|-damage|p1a: Kif|83\/241|[from] Stealth Rock
|move|p2a: Rotom-Wash|Pain Split|p1a: Kif
|-sethp|p1a: Kif|86\/241|p2a: Rotom-Wash|86\/303|[from] move: Pain Split
|
|-heal|p2a: Rotom-Wash|104\/303|[from] item: Leftovers
|turn|15
|
|move|p1a: Kif|Volt Switch|p2a: Rotom-Wash
|-damage|p2a: Rotom-Wash|0 fnt
|faint|p2a: Rotom-Wash
|
|switch|p1a: Hail Hydra|Hydreigon, F|229\/325
|-damage|p1a: Hail Hydra|189\/325|[from] Stealth Rock
|
|
|switch|p2a: Landorus-Therian|Landorus-Therian, M|241\/319
|-damage|p2a: Landorus-Therian|202\/319|[from] Stealth Rock
|-ability|p2a: Landorus-Therian|Intimidate|[of] p1a: Hail Hydra
|-unboost|p1a: Hail Hydra|atk|1
|turn|16
|
|switch|p1a: Kif|Magneton|86\/241
|-damage|p1a: Kif|71\/241|[from] Stealth Rock
|move|p2a: Landorus-Therian|U-turn|p1a: Kif
|-resisted|p1a: Kif
|-damage|p1a: Kif|21\/241
|
|switch|p2a: Clefable|Clefable, M|155\/394
|
|-heal|p2a: Clefable|179\/394|[from] item: Leftovers
|turn|17
|
|move|p1a: Kif|Flash Cannon|p2a: Clefable
|-supereffective|p2a: Clefable
|-damage|p2a: Clefable|0 fnt
|faint|p2a: Clefable
|
|
|switch|p2a: Landorus-Therian|Landorus-Therian, M|202\/319
|-damage|p2a: Landorus-Therian|163\/319|[from] Stealth Rock
|-ability|p2a: Landorus-Therian|Intimidate|[of] p1a: Kif
|-unboost|p1a: Kif|atk|1
|turn|18
|
|switch|p1a: Timmy|Metagross-Mega|223\/301 par
|-damage|p1a: Timmy|205\/301 par|[from] Stealth Rock
|move|p2a: Landorus-Therian|U-turn|p1a: Timmy
|-damage|p1a: Timmy|135\/301 par
|
|switch|p2a: Gallade|Gallade, M|277\/277
|-damage|p2a: Gallade|260\/277|[from] Stealth Rock
|
|turn|19
|
|detailschange|p2a: Gallade|Gallade-Mega, M
|-mega|p2a: Gallade|Gallade|Galladite
|move|p2a: Gallade|Close Combat|p1a: Timmy
|-damage|p1a: Timmy|0 fnt
|-unboost|p2a: Gallade|def|1
|-unboost|p2a: Gallade|spd|1
|faint|p1a: Timmy
|
|
|switch|p1a: Kif|Magneton|21\/241
|-damage|p1a: Kif|6\/241|[from] Stealth Rock
|turn|20
|
|switch|p2a: Gengar|Gengar, F|229\/261
|-damage|p2a: Gengar|197\/261|[from] Stealth Rock
|move|p1a: Kif|Flash Cannon|p2a: Gengar
|-damage|p2a: Gengar|25\/261
|
|turn|21
|
|move|p1a: Kif|Flash Cannon|p2a: Gengar
|-damage|p2a: Gengar|0 fnt
|faint|p2a: Gengar
|
|
|switch|p2a: Landorus-Therian|Landorus-Therian, M|163\/319
|-damage|p2a: Landorus-Therian|124\/319|[from] Stealth Rock
|-ability|p2a: Landorus-Therian|Intimidate|[of] p1a: Kif
|-unboost|p1a: Kif|atk|1
|turn|22
|
|move|p2a: Landorus-Therian|U-turn|p1a: Kif
|-resisted|p1a: Kif
|-damage|p1a: Kif|0 fnt
|faint|p1a: Kif
|
|switch|p2a: Gallade|Gallade-Mega, M|260\/277
|-damage|p2a: Gallade|243\/277|[from] Stealth Rock
|
|
|switch|p1a: Rockstache|Landorus-Therian, M|382\/382
|-damage|p1a: Rockstache|335\/382|[from] Stealth Rock
|-ability|p1a: Rockstache|Intimidate|[of] p2a: Gallade
|-unboost|p2a: Gallade|atk|1
|turn|23
|
|move|p2a: Gallade|Swords Dance|p2a: Gallade
|-boost|p2a: Gallade|atk|2
|move|p1a: Rockstache|Earthquake|p2a: Gallade
|-damage|p2a: Gallade|81\/277
|
|-heal|p1a: Rockstache|358\/382|[from] item: Leftovers
|turn|24
|
|switch|p1a: Hail Hydra|Hydreigon, F|189\/325
|-damage|p1a: Hail Hydra|149\/325|[from] Stealth Rock
|move|p2a: Gallade|Zen Headbutt|p1a: Hail Hydra
|-immune|p1a: Hail Hydra|[msg]
|
|turn|25
|
|move|p2a: Gallade|Close Combat|p1a: Hail Hydra
|-supereffective|p1a: Hail Hydra
|-damage|p1a: Hail Hydra|0 fnt
|-unboost|p2a: Gallade|def|1
|-unboost|p2a: Gallade|spd|1
|faint|p1a: Hail Hydra
|
|
|switch|p1a: Frenship|Azumarill, F|404\/404
|-damage|p1a: Frenship|354\/404|[from] Stealth Rock
|turn|26
|
|move|p1a: Frenship|Aqua Jet|p2a: Gallade
|-damage|p2a: Gallade|0 fnt
|faint|p2a: Gallade
|
|-message|Stratobodom forfeited.
|leave|Stratobodom
|
|win|M0gwai
|raw|Ladder updating...
|raw|M0gwai's rating: 1612 &rarr; <strong>1636<\/strong><br \/>(+24 for winning)
|raw|Stratobodom's rating: 1691 &rarr; <strong>1667<\/strong><br \/>(-24 for losing)
|player|p2