|join|M0gwai
|join|defacto atheist
|player|p1|M0gwai|102
|player|p2|defacto atheist|293
|gametype|singles
|gen|6
|tier|OU
|rated
|clearpoke
|poke|p1|Hydreigon, F
|poke|p1|Metagross
|poke|p1|Keldeo-Resolute
|poke|p1|Magneton
|poke|p1|Landorus-Therian, M
|poke|p1|Starmie
|poke|p2|Sableye, F
|poke|p2|Tentacruel, F
|poke|p2|Chansey, F
|poke|p2|Jirachi
|poke|p2|Clefable, F
|poke|p2|Gliscor, M
|rule|Swagger Clause: Swagger is banned
|rule|Baton Pass Clause: Limit one PokÃ©mon knowing Baton Pass
|rule|Sleep Clause Mod: Limit one foe put to sleep
|rule|Species Clause: Limit one of each PokÃ©mon
|rule|OHKO Clause: OHKO moves are banned
|rule|Moody Clause: Moody is banned
|rule|Evasion Moves Clause: Evasion moves are banned
|rule|Endless Battle Clause: Forcing endless battles is banned
|rule|HP Percentage Mod: HP is shown in percentages
|teampreview
|
|start
|switch|p1a: Hydreigon|Hydreigon, F|325\/325
|switch|p2a: Sableye|Sableye, F|303\/303
|turn|1
|
|switch|p2a: Clefable|Clefable, F|393\/393
|move|p1a: Hydreigon|Dark Pulse|p2a: Clefable
|-resisted|p2a: Clefable
|-damage|p2a: Clefable|296\/393
|-damage|p1a: Hydreigon|293\/325|[from] item: Life Orb
|
|-heal|p2a: Clefable|320\/393|[from] item: Leftovers
|turn|2
|
|switch|p1a: Landorus-Therian|Landorus-Therian, M|382\/382
|-ability|p1a: Landorus-Therian|Intimidate|[of] p2a: Clefable
|-unboost|p2a: Clefable|atk|1
|move|p2a: Clefable|Fire Blast|p1a: Landorus-Therian
|-crit|p1a: Landorus-Therian
|-damage|p1a: Landorus-Therian|230\/382
|-status|p1a: Landorus-Therian|brn
|
|-heal|p1a: Landorus-Therian|253\/382 brn|[from] item: Leftovers
|-heal|p2a: Clefable|344\/393|[from] item: Leftovers
|-damage|p1a: Landorus-Therian|206\/382 brn|[from] brn
|turn|3
|
|switch|p2a: Jirachi|Jirachi|404\/404
|move|p1a: Landorus-Therian|Stealth Rock|p2a: Jirachi
|-sidestart|p2: defacto atheist|move: Stealth Rock
|
|-heal|p1a: Landorus-Therian|229\/382 brn|[from] item: Leftovers
|-damage|p1a: Landorus-Therian|182\/382 brn|[from] brn
|turn|4
|
|move|p2a: Jirachi|Stealth Rock|p1a: Landorus-Therian
|-sidestart|p1: M0gwai|move: Stealth Rock
|move|p1a: Landorus-Therian|Knock Off|p2a: Jirachi
|-crit|p2a: Jirachi
|-supereffective|p2a: Jirachi
|-damage|p2a: Jirachi|238\/404
|-enditem|p2a: Jirachi|Leftovers|[from] move: Knock Off|[of] p1a: Landorus-Therian
|
|-heal|p1a: Landorus-Therian|205\/382 brn|[from] item: Leftovers
|-damage|p1a: Landorus-Therian|158\/382 brn|[from] brn
|turn|5
|
|switch|p2a: Sableye|Sableye, F|303\/303
|-damage|p2a: Sableye|266\/303|[from] Stealth Rock
|move|p1a: Landorus-Therian|Earthquake|p2a: Sableye
|-damage|p2a: Sableye|194\/303
|
|-heal|p1a: Landorus-Therian|181\/382 brn|[from] item: Leftovers
|-damage|p1a: Landorus-Therian|134\/382 brn|[from] brn
|turn|6
|
|move|p2a: Sableye|Recover|p2a: Sableye
|-heal|p2a: Sableye|303\/303
|move|p1a: Landorus-Therian|U-turn|p2a: Sableye
|-crit|p2a: Sableye
|-damage|p2a: Sableye|248\/303
|
|switch|p1a: Hydreigon|Hydreigon, F|293\/325
|-damage|p1a: Hydreigon|253\/325|[from] Stealth Rock
|
|turn|7
|
|switch|p2a: Clefable|Clefable, F|344\/393
|-damage|p2a: Clefable|295\/393|[from] Stealth Rock
|move|p1a: Hydreigon|Flash Cannon|p2a: Clefable
|-supereffective|p2a: Clefable
|-damage|p2a: Clefable|32\/393
|-damage|p1a: Hydreigon|221\/325|[from] item: Life Orb
|
|-heal|p2a: Clefable|56\/393|[from] item: Leftovers
|turn|8
|
|move|p1a: Hydreigon|Dark Pulse|p2a: Clefable
|-resisted|p2a: Clefable
|-damage|p2a: Clefable|0 fnt
|-damage|p1a: Hydreigon|189\/325|[from] item: Life Orb
|faint|p2a: Clefable
|
|
|switch|p2a: Chansey|Chansey, F|642\/642
|-damage|p2a: Chansey|562\/642|[from] Stealth Rock
|turn|9
|
|switch|p1a: Metagross|Metagross|301\/301
|-damage|p1a: Metagross|283\/301|[from] Stealth Rock
|move|p2a: Chansey|Wish|p2a: Chansey
|
|turn|10
|
|detailschange|p1a: Metagross|Metagross-Mega
|-mega|p1a: Metagross|Metagross|Metagrossite
|move|p1a: Metagross|Pursuit|p2a: Chansey|[from]Pursuit
|-damage|p2a: Chansey|378\/642
|switch|p2a: Jirachi|Jirachi|238\/404
|-damage|p2a: Jirachi|213\/404|[from] Stealth Rock
|
|-heal|p2a: Jirachi|404\/404|[from] move: Wish|[wisher] Chansey
|turn|11
|
|switch|p1a: Landorus-Therian|Landorus-Therian, M|134\/382 brn
|-damage|p1a: Landorus-Therian|87\/382 brn|[from] Stealth Rock
|-ability|p1a: Landorus-Therian|Intimidate|[of] p2a: Jirachi
|-unboost|p2a: Jirachi|atk|1
|move|p2a: Jirachi|Body Slam|p1a: Landorus-Therian
|-damage|p1a: Landorus-Therian|52\/382 brn
|
|-heal|p1a: Landorus-Therian|75\/382 brn|[from] item: Leftovers
|-damage|p1a: Landorus-Therian|28\/382 brn|[from] brn
|turn|12
|
|switch|p2a: Sableye|Sableye, F|248\/303
|-damage|p2a: Sableye|211\/303|[from] Stealth Rock
|move|p1a: Landorus-Therian|Earthquake|p2a: Sableye
|-damage|p2a: Sableye|144\/303
|
|-heal|p1a: Landorus-Therian|51\/382 brn|[from] item: Leftovers
|-damage|p1a: Landorus-Therian|4\/382 brn|[from] brn
|turn|13
|
|move|p2a: Sableye|Recover|p2a: Sableye
|-heal|p2a: Sableye|296\/303
|move|p1a: Landorus-Therian|U-turn|p2a: Sableye
|-damage|p2a: Sableye|265\/303
|
|switch|p1a: Hydreigon|Hydreigon, F|189\/325
|-damage|p1a: Hydreigon|149\/325|[from] Stealth Rock
|
|turn|14
|
|switch|p2a: Jirachi|Jirachi|404\/404
|-damage|p2a: Jirachi|379\/404|[from] Stealth Rock
|move|p1a: Hydreigon|Dark Pulse|p2a: Jirachi
|-supereffective|p2a: Jirachi
|-damage|p2a: Jirachi|72\/404
|-damage|p1a: Hydreigon|117\/325|[from] item: Life Orb
|
|turn|15
|
|move|p1a: Hydreigon|Dark Pulse|p2a: Jirachi
|-crit|p2a: Jirachi
|-supereffective|p2a: Jirachi
|-damage|p2a: Jirachi|0 fnt
|-damage|p1a: Hydreigon|85\/325|[from] item: Life Orb
|faint|p2a: Jirachi
|
|
|switch|p2a: Chansey|Chansey, F|378\/642
|-damage|p2a: Chansey|298\/642|[from] Stealth Rock
|turn|16
|
|move|p1a: Hydreigon|Superpower|p2a: Chansey
|-supereffective|p2a: Chansey
|-damage|p2a: Chansey|0 fnt
|-unboost|p1a: Hydreigon|atk|1
|-unboost|p1a: Hydreigon|def|1
|-damage|p1a: Hydreigon|53\/325|[from] item: Life Orb
|faint|p2a: Chansey
|
|
|switch|p2a: Tentacruel|Tentacruel, F|363\/363
|-damage|p2a: Tentacruel|318\/363|[from] Stealth Rock
|turn|17
|
|switch|p1a: Landorus-Therian|Landorus-Therian, M|4\/382 brn
|-damage|p1a: Landorus-Therian|0 fnt|[from] Stealth Rock
|faint|p1a: Landorus-Therian
|move|p2a: Tentacruel|Rapid Spin|p1: Landorus-Therian|[notarget]
|-notarget
|
|-heal|p2a: Tentacruel|340\/363|[from] item: Black Sludge
|
|switch|p1a: Metagross|Metagross-Mega|283\/301
|-damage|p1a: Metagross|265\/301|[from] Stealth Rock
|turn|18
|
|move|p1a: Metagross|Zen Headbutt|p2a: Tentacruel
|-supereffective|p2a: Tentacruel
|-damage|p2a: Tentacruel|0 fnt
|faint|p2a: Tentacruel
|
|
|switch|p2a: Sableye|Sableye, F|265\/303
|-damage|p2a: Sableye|228\/303|[from] Stealth Rock
|turn|19
|
|switch|p1a: Keldeo-Resolute|Keldeo-Resolute|323\/323
|-damage|p1a: Keldeo-Resolute|303\/323|[from] Stealth Rock
|move|p2a: Sableye|Calm Mind|p2a: Sableye
|-boost|p2a: Sableye|spa|1
|-boost|p2a: Sableye|spd|1
|
|-heal|p1a: Keldeo-Resolute|323\/323|[from] item: Leftovers
|turn|20
|
|detailschange|p2a: Sableye|Sableye-Mega, F
|-mega|p2a: Sableye|Sableye|Sablenite
|move|p2a: Sableye|Calm Mind|p2a: Sableye
|-boost|p2a: Sableye|spa|1
|-boost|p2a: Sableye|spd|1
|move|p1a: Keldeo-Resolute|Calm Mind|p1a: Keldeo-Resolute
|-boost|p1a: Keldeo-Resolute|spa|1
|-boost|p1a: Keldeo-Resolute|spd|1
|
|turn|21
|
|move|p1a: Keldeo-Resolute|Calm Mind|p1a: Keldeo-Resolute
|-boost|p1a: Keldeo-Resolute|spa|1
|-boost|p1a: Keldeo-Resolute|spd|1
|move|p2a: Sableye|Calm Mind|p2a: Sableye
|-boost|p2a: Sableye|spa|1
|-boost|p2a: Sableye|spd|1
|
|turn|22
|
|move|p1a: Keldeo-Resolute|Calm Mind|p1a: Keldeo-Resolute
|-boost|p1a: Keldeo-Resolute|spa|1
|-boost|p1a: Keldeo-Resolute|spd|1
|move|p2a: Sableye|Shadow Ball|p1a: Keldeo-Resolute
|-damage|p1a: Keldeo-Resolute|232\/323
|
|-heal|p1a: Keldeo-Resolute|252\/323|[from] item: Leftovers
|turn|23
|
|move|p1a: Keldeo-Resolute|Calm Mind|p1a: Keldeo-Resolute
|-boost|p1a: Keldeo-Resolute|spa|1
|-boost|p1a: Keldeo-Resolute|spd|1
|move|p2a: Sableye|Shadow Ball|p1a: Keldeo-Resolute
|-damage|p1a: Keldeo-Resolute|179\/323
|
|-heal|p1a: Keldeo-Resolute|199\/323|[from] item: Leftovers
|turn|24
|
|move|p1a: Keldeo-Resolute|Scald|p2a: Sableye
|-damage|p2a: Sableye|86\/303
|-status|p2a: Sableye|brn
|move|p2a: Sableye|Calm Mind|p2a: Sableye
|-boost|p2a: Sableye|spa|1
|-boost|p2a: Sableye|spd|1
|
|-heal|p1a: Keldeo-Resolute|219\/323|[from] item: Leftovers
|-damage|p2a: Sableye|49\/303 brn|[from] brn
|turn|25
|-message|defacto atheist forfeited.
|
|win|M0gwai
|raw|Ladder updating...
|raw|M0gwai's rating: 1576 &rarr; <strong>1593<\/strong><br \/>(+17 for winning)
|raw|defacto atheist's rating: 1518 &rarr; <strong>1501<\/strong><br \/>(-17 for losing)
|leave|defacto atheist
|player|p2