|join|Fairy Peak
|join|M0gwai
|player|p1|Fairy Peak|262
|player|p2|M0gwai|101
|gametype|singles
|gen|6
|tier|OU
|rated
|clearpoke
|poke|p1|Slowking, F
|poke|p1|Kyurem-Black
|poke|p1|Gardevoir, M, shiny
|poke|p1|Landorus-Therian, M
|poke|p1|Ferrothorn, F
|poke|p1|Zapdos
|poke|p2|Serperior, F
|poke|p2|Talonflame, F
|poke|p2|Blastoise, M
|poke|p2|Landorus-Therian, M
|poke|p2|Klefki, M
|poke|p2|Raikou
|rule|Swagger Clause: Swagger is banned
|rule|Baton Pass Clause: Limit one PokÃ©mon knowing Baton Pass
|rule|Sleep Clause Mod: Limit one foe put to sleep
|rule|Species Clause: Limit one of each PokÃ©mon
|rule|OHKO Clause: OHKO moves are banned
|rule|Moody Clause: Moody is banned
|rule|Evasion Moves Clause: Evasion moves are banned
|rule|Endless Battle Clause: Forcing endless battles is banned
|rule|HP Percentage Mod: HP is shown in percentages
|teampreview
|c|âFairy Peak|Gl, hf.
|c|âM0gwai|ty2
|
|start
|switch|p1a: Zapdos|Zapdos|384\/384
|switch|p2a: Diego|Raikou|321\/321
|-ability|p2a: Diego|Pressure
|-ability|p1a: Zapdos|Pressure
|turn|1
|
|move|p2a: Diego|Volt Switch|p1a: Zapdos
|-damage|p1a: Zapdos|249\/384
|
|switch|p2a: Rockstache|Landorus-Therian, M|382\/382
|-ability|p2a: Rockstache|Intimidate|[of] p1a: Zapdos
|-unboost|p1a: Zapdos|atk|1
|move|p1a: Zapdos|Heat Wave|p2a: Rockstache
|-damage|p2a: Rockstache|264\/382
|
|-heal|p1a: Zapdos|273\/384|[from] item: Leftovers
|-heal|p2a: Rockstache|287\/382|[from] item: Leftovers
|turn|2
|
|switch|p1a: Gardevoir|Gardevoir, M, shiny|277\/277
|-ability|p1a: Gardevoir|Intimidate|[from] ability: Trace|[of] p2a: Rockstache
|-ability|p1a: Gardevoir|Intimidate|[of] p2a: Rockstache
|-unboost|p2a: Rockstache|atk|1
|move|p2a: Rockstache|Stealth Rock|p1a: Gardevoir
|-sidestart|p1: Fairy Peak|move: Stealth Rock
|
|-heal|p2a: Rockstache|310\/382|[from] item: Leftovers
|turn|3
|
|switch|p2a: Best Design Ever|Klefki, M|318\/318
|detailschange|p1a: Gardevoir|Gardevoir-Mega, M, shiny
|-mega|p1a: Gardevoir|Gardevoir|Gardevoirite
|move|p1a: Gardevoir|Hyper Voice|p2a: Best Design Ever
|-resisted|p2a: Best Design Ever
|-damage|p2a: Best Design Ever|208\/318
|
|-heal|p2a: Best Design Ever|227\/318|[from] item: Leftovers
|turn|4
|
|switch|p1a: Zapdos|Zapdos|273\/384
|-damage|p1a: Zapdos|177\/384|[from] Stealth Rock
|-ability|p1a: Zapdos|Pressure
|switch|p2a: Rockstache|Landorus-Therian, M|310\/382
|-ability|p2a: Rockstache|Intimidate|[of] p1a: Zapdos
|-unboost|p1a: Zapdos|atk|1
|
|-heal|p1a: Zapdos|201\/384|[from] item: Leftovers
|-heal|p2a: Rockstache|333\/382|[from] item: Leftovers
|turn|5
|
|move|p1a: Zapdos|Roost|p1a: Zapdos
|-heal|p1a: Zapdos|384\/384
|move|p2a: Rockstache|Earthquake|p1a: Zapdos
|-supereffective|p1a: Zapdos
|-damage|p1a: Zapdos|84\/384
|
|-heal|p1a: Zapdos|108\/384|[from] item: Leftovers
|-heal|p2a: Rockstache|356\/382|[from] item: Leftovers
|turn|6
|
|switch|p1a: Landorus-Therian|Landorus-Therian, M|382\/382
|-damage|p1a: Landorus-Therian|335\/382|[from] Stealth Rock
|-ability|p1a: Landorus-Therian|Intimidate|[of] p2a: Rockstache
|-unboost|p2a: Rockstache|atk|1
|move|p2a: Rockstache|Stone Edge|p1a: Landorus-Therian
|-damage|p1a: Landorus-Therian|283\/382
|
|-heal|p1a: Landorus-Therian|306\/382|[from] item: Leftovers
|-heal|p2a: Rockstache|379\/382|[from] item: Leftovers
|turn|7
|
|move|p1a: Landorus-Therian|Stealth Rock|p2a: Rockstache
|-sidestart|p2: M0gwai|move: Stealth Rock
|move|p2a: Rockstache|U-turn|p1a: Landorus-Therian
|-resisted|p1a: Landorus-Therian
|-damage|p1a: Landorus-Therian|285\/382
|
|switch|p2a: Muh Cannonz|Blastoise, M|327\/327
|-damage|p2a: Muh Cannonz|287\/327|[from] Stealth Rock
|
|-heal|p1a: Landorus-Therian|308\/382|[from] item: Leftovers
|turn|8
|
|detailschange|p2a: Muh Cannonz|Blastoise-Mega, M
|-mega|p2a: Muh Cannonz|Blastoise|Blastoisinite
|move|p2a: Muh Cannonz|Rapid Spin|p1a: Landorus-Therian
|-damage|p1a: Landorus-Therian|296\/382
|-sideend|p2: M0gwai|Stealth Rock|[from] move: Rapid Spin|[of] p2a: Muh Cannonz
|move|p1a: Landorus-Therian|U-turn|p2a: Muh Cannonz
|-damage|p2a: Muh Cannonz|221\/327
|
|switch|p1a: Gardevoir|Gardevoir-Mega, M, shiny|277\/277
|-damage|p1a: Gardevoir|243\/277|[from] Stealth Rock
|
|turn|9
|
|switch|p2a: Best Design Ever|Klefki, M|227\/318
|move|p1a: Gardevoir|Hyper Voice|p2a: Best Design Ever
|-resisted|p2a: Best Design Ever
|-damage|p2a: Best Design Ever|117\/318
|
|-heal|p2a: Best Design Ever|136\/318|[from] item: Leftovers
|turn|10
|
|switch|p1a: Ferrothorn|Ferrothorn, F|352\/352
|-damage|p1a: Ferrothorn|330\/352|[from] Stealth Rock
|move|p2a: Best Design Ever|Play Rough|p1a: Ferrothorn
|-resisted|p1a: Ferrothorn
|-damage|p1a: Ferrothorn|299\/352
|-damage|p2a: Best Design Ever|97\/318|[from] ability: Iron Barbs|[of] p1a: Ferrothorn
|-unboost|p1a: Ferrothorn|atk|1
|
|-heal|p2a: Best Design Ever|116\/318|[from] item: Leftovers
|-heal|p1a: Ferrothorn|321\/352|[from] item: Leftovers
|turn|11
|
|switch|p1a: Zapdos|Zapdos|108\/384
|-damage|p1a: Zapdos|12\/384|[from] Stealth Rock
|-ability|p1a: Zapdos|Pressure
|move|p2a: Best Design Ever|Spikes|p1a: Zapdos
|-sidestart|p1: Fairy Peak|Spikes
|
|-heal|p1a: Zapdos|36\/384|[from] item: Leftovers
|-heal|p2a: Best Design Ever|135\/318|[from] item: Leftovers
|turn|12
|
|switch|p2a: Rockstache|Landorus-Therian, M|379\/382
|-ability|p2a: Rockstache|Intimidate|[of] p1a: Zapdos
|-unboost|p1a: Zapdos|atk|1
|move|p1a: Zapdos|Roost|p1a: Zapdos
|-heal|p1a: Zapdos|228\/384
|
|-heal|p1a: Zapdos|252\/384|[from] item: Leftovers
|-heal|p2a: Rockstache|382\/382|[from] item: Leftovers
|turn|13
|
|move|p1a: Zapdos|Defog|p2a: Rockstache
|-unboost|p2a: Rockstache|evasion|1
|-sideend|p1: Fairy Peak|Spikes|[from] move: Defog|[of] p1a: Zapdos
|-sideend|p1: Fairy Peak|Stealth Rock|[from] move: Defog|[of] p1a: Zapdos
|move|p2a: Rockstache|Stone Edge|p1a: Zapdos|[miss]
|-miss|p2a: Rockstache|p1a: Zapdos
|
|-heal|p1a: Zapdos|276\/384|[from] item: Leftovers
|turn|14
|
|move|p1a: Zapdos|Heat Wave|p2a: Rockstache
|-damage|p2a: Rockstache|262\/382
|move|p2a: Rockstache|Stealth Rock|p1a: Zapdos
|-sidestart|p1: Fairy Peak|move: Stealth Rock
|
|-heal|p1a: Zapdos|300\/384|[from] item: Leftovers
|-heal|p2a: Rockstache|285\/382|[from] item: Leftovers
|turn|15
|
|move|p1a: Zapdos|Heat Wave|p2a: Rockstache
|-damage|p2a: Rockstache|162\/382
|move|p2a: Rockstache|Stone Edge|p1a: Zapdos
|-crit|p1a: Zapdos
|-supereffective|p1a: Zapdos
|-damage|p1a: Zapdos|2\/384
|
|-heal|p1a: Zapdos|26\/384|[from] item: Leftovers
|-heal|p2a: Rockstache|185\/382|[from] item: Leftovers
|turn|16
|join|Shaarka
|
|move|p1a: Zapdos|Defog|p2a: Rockstache
|-unboost|p2a: Rockstache|evasion|1
|-sideend|p1: Fairy Peak|Stealth Rock|[from] move: Defog|[of] p1a: Zapdos
|move|p2a: Rockstache|Earthquake|p1a: Zapdos
|-immune|p1a: Zapdos|[msg]
|
|-heal|p1a: Zapdos|50\/384|[from] item: Leftovers
|-heal|p2a: Rockstache|208\/382|[from] item: Leftovers
|turn|17
|
|move|p1a: Zapdos|Heat Wave|p2a: Rockstache
|-damage|p2a: Rockstache|102\/382
|move|p2a: Rockstache|Earthquake|p1a: Zapdos
|-immune|p1a: Zapdos|[msg]
|
|-heal|p1a: Zapdos|74\/384|[from] item: Leftovers
|-heal|p2a: Rockstache|125\/382|[from] item: Leftovers
|turn|18
|
|move|p1a: Zapdos|Heat Wave|p2a: Rockstache
|-damage|p2a: Rockstache|4\/382
|move|p2a: Rockstache|Earthquake|p1a: Zapdos
|-immune|p1a: Zapdos|[msg]
|
|-heal|p1a: Zapdos|98\/384|[from] item: Leftovers
|-heal|p2a: Rockstache|27\/382|[from] item: Leftovers
|turn|19
|c|âFairy Peak|zzzz
|
|switch|p2a: Diego|Raikou|321\/321
|-ability|p2a: Diego|Pressure
|move|p1a: Zapdos|Heat Wave|p2a: Diego
|-damage|p2a: Diego|255\/321
|
|-heal|p1a: Zapdos|122\/384|[from] item: Leftovers
|turn|20
|
|switch|p1a: Kyurem-Black|Kyurem-Black|391\/391
|-ability|p1a: Kyurem-Black|Teravolt
|move|p2a: Diego|Thunderbolt|p1a: Kyurem-Black
|-resisted|p1a: Kyurem-Black
|-damage|p1a: Kyurem-Black|307\/391
|
|turn|21
|
|move|p2a: Diego|Volt Switch|p1a: Kyurem-Black
|-resisted|p1a: Kyurem-Black
|-damage|p1a: Kyurem-Black|239\/391
|
|switch|p2a: Best Design Ever|Klefki, M|135\/318
|move|p1a: Kyurem-Black|Earth Power|p2a: Best Design Ever
|-supereffective|p2a: Best Design Ever
|-damage|p2a: Best Design Ever|0 fnt
|-damage|p1a: Kyurem-Black|200\/391|[from] item: Life Orb
|faint|p2a: Best Design Ever
|
|
|switch|p2a: Katniss|Talonflame, F|319\/319
|turn|22
|
|switch|p1a: Landorus-Therian|Landorus-Therian, M|296\/382
|-ability|p1a: Landorus-Therian|Intimidate|[of] p2a: Katniss
|-unboost|p2a: Katniss|atk|1
|move|p2a: Katniss|Brave Bird|p1a: Landorus-Therian
|-damage|p1a: Landorus-Therian|208\/382
|-damage|p2a: Katniss|290\/319|[from] recoil|[of] p1a: Landorus-Therian
|
|-heal|p1a: Landorus-Therian|231\/382|[from] item: Leftovers
|turn|23
|
|move|p2a: Katniss|Brave Bird|p1a: Landorus-Therian
|-crit|p1a: Landorus-Therian
|-damage|p1a: Landorus-Therian|62\/382
|-damage|p2a: Katniss|234\/319|[from] recoil|[of] p1a: Landorus-Therian
|move|p1a: Landorus-Therian|U-turn|p2a: Katniss
|-resisted|p2a: Katniss
|-damage|p2a: Katniss|209\/319
|
|switch|p1a: Zapdos|Zapdos|122\/384
|-ability|p1a: Zapdos|Pressure
|
|-heal|p1a: Zapdos|146\/384|[from] item: Leftovers
|turn|24
|join|Roi Pika
|
|move|p2a: Katniss|Swords Dance|p2a: Katniss
|-boost|p2a: Katniss|atk|2
|move|p1a: Zapdos|Roost|p1a: Zapdos
|-heal|p1a: Zapdos|338\/384
|
|-heal|p1a: Zapdos|362\/384|[from] item: Leftovers
|turn|25
|
|switch|p2a: Diego|Raikou|255\/321
|-ability|p2a: Diego|Pressure
|move|p1a: Zapdos|Volt Switch|p2a: Diego
|-crit|p2a: Diego
|-resisted|p2a: Diego
|-damage|p2a: Diego|197\/321
|
|switch|p1a: Gardevoir|Gardevoir-Mega, M, shiny|243\/277
|
|turn|26
|
|move|p2a: Diego|Shadow Ball|p1a: Gardevoir
|-supereffective|p1a: Gardevoir
|-damage|p1a: Gardevoir|97\/277
|move|p1a: Gardevoir|Psyshock|p2a: Diego
|-damage|p2a: Diego|0 fnt
|faint|p2a: Diego
|
|
|switch|p2a: Dickperior|Serperior, F|291\/291
|turn|27
|
|switch|p1a: Ferrothorn|Ferrothorn, F|321\/352
|move|p2a: Dickperior|Leaf Storm|p1a: Ferrothorn
|-resisted|p1a: Ferrothorn
|-damage|p1a: Ferrothorn|282\/352
|-boost|p2a: Dickperior|spa|2
|-damage|p2a: Dickperior|262\/291|[from] item: Life Orb
|
|-heal|p1a: Ferrothorn|304\/352|[from] item: Leftovers
|turn|28
|
|switch|p1a: Slowking|Slowking, F|394\/394
|move|p2a: Dickperior|Leaf Storm|p1a: Slowking
|-supereffective|p1a: Slowking
|-damage|p1a: Slowking|0 fnt
|-boost|p2a: Dickperior|spa|2
|-damage|p2a: Dickperior|233\/291|[from] item: Life Orb
|faint|p1a: Slowking
|
|c|âFairy Peak|Ok
|
|switch|p1a: Ferrothorn|Ferrothorn, F|304\/352
|turn|29
|
|move|p2a: Dickperior|Hidden Power|p1a: Ferrothorn
|-supereffective|p1a: Ferrothorn
|-damage|p1a: Ferrothorn|0 fnt
|-damage|p2a: Dickperior|204\/291|[from] item: Life Orb
|faint|p1a: Ferrothorn
|
|
|switch|p1a: Zapdos|Zapdos|362\/384
|-ability|p1a: Zapdos|Pressure
|turn|30
|c|âFairy Peak|Get rekt
|
|move|p2a: Dickperior|Leaf Storm|p1a: Zapdos
|-resisted|p1a: Zapdos
|-damage|p1a: Zapdos|0 fnt
|-boost|p2a: Dickperior|spa|2
|-damage|p2a: Dickperior|175\/291|[from] item: Life Orb
|faint|p1a: Zapdos
|
|c|âM0gwai|:]
|c|âFairy Peak|Oo
|c|âM0gwai|get rekt
|c|âM0gwai|breh
|c|âFairy Peak|Well
|
|switch|p1a: Kyurem-Black|Kyurem-Black|200\/391
|-ability|p1a: Kyurem-Black|Teravolt
|turn|31
|-message|Fairy Peak forfeited.
|c|âFairy Peak|Gg
|c|âM0gwai|gg
|-message|Fairy Peak forfeited.
|leave|Fairy Peak
|
|win|M0gwai
|raw|Ladder updating...
|raw|Fairy Peak's rating: 1642 &rarr; <strong>1622<\/strong><br \/>(-20 for losing)
|raw|M0gwai's rating: 1645 &rarr; <strong>1665<\/strong><br \/>(+20 for winning)
|player|p1
|leave|Shaarka