|join|ttte
|join|Malvagio
|player|p1|ttte|87
|player|p2|Malvagio|163
|gametype|singles
|gen|6
|tier|OU
|rated
|clearpoke
|poke|p1|Dragonite, M, shiny
|poke|p1|Skarmory, F, shiny
|poke|p1|Gengar, M, shiny
|poke|p1|Chansey, F
|poke|p1|Infernape, F
|poke|p1|Manectric, M
|poke|p2|Slowbro, M
|poke|p2|Bisharp, M
|poke|p2|Heatran, M
|poke|p2|Gliscor, M
|poke|p2|Latios, M
|poke|p2|Clefable, F, shiny
|rule|Swagger Clause: Swagger is banned
|rule|Baton Pass Clause: Limit one PokÃ©mon knowing Baton Pass
|rule|Sleep Clause Mod: Limit one foe put to sleep
|rule|Species Clause: Limit one of each PokÃ©mon
|rule|OHKO Clause: OHKO moves are banned
|rule|Moody Clause: Moody is banned
|rule|Evasion Moves Clause: Evasion moves are banned
|rule|Endless Battle Clause: Forcing endless battles is banned
|rule|HP Percentage Mod: HP is shown in percentages
|teampreview
|
|start
|switch|p1a: Voltass|Manectric, M|282\/282
|switch|p2a: Pringle|Slowbro, M|393\/393
|turn|1
|
|switch|p2a: Mark|Gliscor, M|353\/353
|detailschange|p1a: Voltass|Manectric-Mega, M
|message|Manectric has Mega Evolved into Mega Manectric!
|-ability|p1a: Voltass|Intimidate|[of] p2a: Mark
|-unboost|p2a: Mark|atk|1
|move|p1a: Voltass|Volt Switch|p2a: Mark
|-immune|p2a: Mark|[msg]
|
|-status|p2a: Mark|tox|[from] item: Toxic Orb
|turn|2
|
|move|p1a: Voltass|Hidden Power|p2a: Mark
|-supereffective|p2a: Mark
|-damage|p2a: Mark|0 fnt
|faint|p2a: Mark
|
|
|switch|p2a: Matt|Heatran, M|385\/385
|turn|3
|
|move|p1a: Voltass|Volt Switch|p2a: Matt
|-crit|p2a: Matt
|-damage|p2a: Matt|252\/385
|leave|ttte
|player|p1
|join|ttte
|player|p1|ttte|87
|
|switch|p1a: -Ei|Chansey, F|641\/641
|move|p2a: Matt|Toxic|p1a: -Ei
|-status|p1a: -Ei|tox
|
|-heal|p2a: Matt|276\/385|[from] item: Leftovers
|-damage|p1a: -Ei|601\/641 tox|[from] psn
|turn|4
|
|move|p2a: Matt|Stealth Rock|p1a: -Ei
|-sidestart|p1: ttte|move: Stealth Rock
|move|p1a: -Ei|Seismic Toss|p2a: Matt
|-damage|p2a: Matt|176\/385
|
|-heal|p2a: Matt|200\/385|[from] item: Leftovers
|-damage|p1a: -Ei|521\/641 tox|[from] psn
|turn|5
|
|move|p2a: Matt|Protect|p2a: Matt
|-singleturn|p2a: Matt|Protect
|move|p1a: -Ei|Seismic Toss|p2a: Matt
|-activate|p2a: Matt|Protect
|
|-heal|p2a: Matt|224\/385|[from] item: Leftovers
|-damage|p1a: -Ei|401\/641 tox|[from] psn
|turn|6
|
|move|p2a: Matt|Lava Plume|p1a: -Ei
|-damage|p1a: -Ei|343\/641 tox
|move|p1a: -Ei|Soft-Boiled|p1a: -Ei
|-heal|p1a: -Ei|641\/641 tox
|
|-heal|p2a: Matt|248\/385|[from] item: Leftovers
|-damage|p1a: -Ei|481\/641 tox|[from] psn
|turn|7
|
|switch|p1a: Ares|Infernape, F|294\/294
|-damage|p1a: Ares|258\/294|[from] Stealth Rock
|move|p2a: Matt|Protect|p2a: Matt
|-fail|p2a: Matt
|
|-heal|p2a: Matt|272\/385|[from] item: Leftovers
|turn|8
|
|switch|p2a: Pringle|Slowbro, M|393\/393
|move|p1a: Ares|Close Combat|p2a: Pringle
|-resisted|p2a: Pringle
|-damage|p2a: Pringle|307\/393
|-unboost|p1a: Ares|def|1
|-unboost|p1a: Ares|spd|1
|
|turn|9
|
|switch|p1a: Voltass|Manectric-Mega, M|282\/282
|-damage|p1a: Voltass|247\/282|[from] Stealth Rock
|-ability|p1a: Voltass|Intimidate|[of] p2a: Pringle
|-unboost|p2a: Pringle|atk|1
|detailschange|p2a: Pringle|Slowbro-Mega, M
|message|Slowbro has Mega Evolved into Mega Slowbro!
|move|p2a: Pringle|Calm Mind|p2a: Pringle
|-boost|p2a: Pringle|spa|1
|-boost|p2a: Pringle|spd|1
|
|turn|10
|c|âttte|omg
|
|switch|p2a: Matt|Heatran, M|272\/385
|move|p1a: Voltass|Thunderbolt|p2a: Matt
|-damage|p2a: Matt|154\/385
|
|-heal|p2a: Matt|178\/385|[from] item: Leftovers
|turn|11
|
|move|p1a: Voltass|Thunderbolt|p2a: Matt
|-damage|p2a: Matt|52\/385
|move|p2a: Matt|Toxic|p1a: Voltass
|-status|p1a: Voltass|tox
|
|-heal|p2a: Matt|76\/385|[from] item: Leftovers
|-damage|p1a: Voltass|230\/282 tox|[from] psn
|turn|12
|
|move|p2a: Matt|Protect|p2a: Matt
|-singleturn|p2a: Matt|Protect
|move|p1a: Voltass|Volt Switch|p2a: Matt
|-activate|p2a: Matt|Protect
|
|-heal|p2a: Matt|100\/385|[from] item: Leftovers
|-damage|p1a: Voltass|196\/282 tox|[from] psn
|turn|13
|
|switch|p2a: Protox|Latios, M|302\/302
|move|p1a: Voltass|Thunderbolt|p2a: Protox
|-resisted|p2a: Protox
|-damage|p2a: Protox|230\/302
|
|-damage|p1a: Voltass|145\/282 tox|[from] psn
|turn|14
|
|move|p2a: Protox|Psyshock|p1a: Voltass
|-damage|p1a: Voltass|0 fnt
|faint|p1a: Voltass
|
|
|switch|p1a: Barbaria|Skarmory, F, shiny|334\/334
|-damage|p1a: Barbaria|293\/334|[from] Stealth Rock
|turn|15
|
|switch|p2a: Pringle|Slowbro-Mega, M|307\/393
|move|p1a: Barbaria|Defog|p2a: Pringle
|-unboost|p2a: Pringle|evasion|1
|-sideend|p1: ttte|Stealth Rock|[from] move: Defog|[of] p1a: Barbaria
|
|turn|16
|
|switch|p1a: Durza|Gengar, M, shiny|261\/261
|move|p2a: Pringle|Iron Defense|p2a: Pringle
|-boost|p2a: Pringle|def|2
|
|turn|17
|
|switch|p2a: Rhythm|Clefable, F, shiny|394\/394
|move|p1a: Durza|Shadow Ball|p2a: Rhythm
|-damage|p2a: Rhythm|235\/394
|
|-heal|p2a: Rhythm|259\/394|[from] item: Leftovers
|turn|18
|
|switch|p2a: Sly|Bisharp, M|272\/272
|move|p1a: Durza|Sludge Bomb|p2a: Sly
|-immune|p2a: Sly|[msg]
|
|turn|19
|
|switch|p1a: Barbaria|Skarmory, F, shiny|293\/334
|move|p2a: Sly|Sucker Punch|p1a: Barbaria
|-fail|p1a: Barbaria
|
|turn|20
|
|switch|p2a: Protox|Latios, M|230\/302
|move|p1a: Barbaria|Stealth Rock|p2a: Protox
|-sidestart|p2: Malvagio|move: Stealth Rock
|
|turn|21
|
|move|p2a: Protox|Thunderbolt|p1a: Barbaria
|-supereffective|p1a: Barbaria
|-damage|p1a: Barbaria|1\/334
|move|p1a: Barbaria|Roost|p1a: Barbaria
|-heal|p1a: Barbaria|168\/334
|
|turn|22
|
|switch|p1a: -Ei|Chansey, F|481\/641
|move|p2a: Protox|Thunderbolt|p1a: -Ei
|-damage|p1a: -Ei|427\/641
|
|turn|23
|
|switch|p2a: Sly|Bisharp, M|272\/272
|-damage|p2a: Sly|255\/272|[from] Stealth Rock
|move|p1a: -Ei|Soft-Boiled|p1a: -Ei
|-heal|p1a: -Ei|641\/641
|
|turn|24
|
|move|p2a: Sly|Pursuit|p1a: -Ei|[from]Pursuit
|-damage|p1a: -Ei|428\/641
|switch|p1a: Barbaria|Skarmory, F, shiny|168\/334
|
|turn|25
|
|switch|p2a: Protox|Latios, M|230\/302
|-damage|p2a: Protox|193\/302|[from] Stealth Rock
|move|p1a: Barbaria|Roost|p1a: Barbaria
|-heal|p1a: Barbaria|334\/334
|
|turn|26
|
|switch|p1a: Firnen|Dragonite, M, shiny|386\/386
|move|p2a: Protox|Thunderbolt|p1a: Firnen
|-damage|p1a: Firnen|336\/386
|
|turn|27
|
|switch|p2a: Rhythm|Clefable, F, shiny|259\/394
|move|p1a: Firnen|Dragon Dance|p1a: Firnen
|-boost|p1a: Firnen|atk|1
|-boost|p1a: Firnen|spe|1
|
|-heal|p2a: Rhythm|283\/394|[from] item: Leftovers
|turn|28
|
|move|p1a: Firnen|Roost|p1a: Firnen
|-heal|p1a: Firnen|386\/386
|move|p2a: Rhythm|Moonblast|p1a: Firnen
|-supereffective|p1a: Firnen
|-damage|p1a: Firnen|284\/386
|-enditem|p1a: Firnen|Weakness Policy
|-boost|p1a: Firnen|atk|2|[from] item: Weakness Policy
|-boost|p1a: Firnen|spa|2|[from] item: Weakness Policy
|
|-heal|p2a: Rhythm|307\/394|[from] item: Leftovers
|turn|29
|
|move|p1a: Firnen|Extreme Speed|p2a: Rhythm
|-damage|p2a: Rhythm|60\/394
|move|p2a: Rhythm|Calm Mind|p2a: Rhythm
|-boost|p2a: Rhythm|spa|1
|-boost|p2a: Rhythm|spd|1
|
|-heal|p2a: Rhythm|84\/394|[from] item: Leftovers
|turn|30
|
|move|p1a: Firnen|Extreme Speed|p2a: Rhythm
|-damage|p2a: Rhythm|0 fnt
|faint|p2a: Rhythm
|
|
|switch|p2a: Pringle|Slowbro-Mega, M|307\/393
|-damage|p2a: Pringle|258\/393|[from] Stealth Rock
|turn|31
|
|move|p1a: Firnen|Dragon Claw|p2a: Pringle
|-damage|p2a: Pringle|9\/393
|move|p2a: Pringle|Slack Off|p2a: Pringle
|-heal|p2a: Pringle|206\/393
|
|turn|32
|
|switch|p2a: Sly|Bisharp, M|255\/272
|-damage|p2a: Sly|238\/272|[from] Stealth Rock
|move|p1a: Firnen|Dragon Claw|p2a: Sly
|-resisted|p2a: Sly
|-damage|p2a: Sly|44\/272
|
|turn|33
|
|move|p2a: Sly|Sucker Punch|p1a: Firnen
|-fail|p1a: Firnen
|move|p1a: Firnen|Roost|p1a: Firnen
|-heal|p1a: Firnen|386\/386
|
|turn|34
|
|move|p1a: Firnen|Extreme Speed|p2a: Sly
|-resisted|p2a: Sly
|-damage|p2a: Sly|0 fnt
|faint|p2a: Sly
|
|
|switch|p2a: Protox|Latios, M|193\/302
|-damage|p2a: Protox|156\/302|[from] Stealth Rock
|turn|35
|
|move|p2a: Protox|Draco Meteor|p1a: Firnen
|-supereffective|p1a: Firnen
|-damage|p1a: Firnen|166\/386
|-unboost|p2a: Protox|spa|2
|move|p1a: Firnen|Dragon Claw|p2a: Protox
|-supereffective|p2a: Protox
|-damage|p2a: Protox|0 fnt
|faint|p2a: Protox
|
|-message|Malvagio forfeited.
|
|win|ttte
|raw|Ladder updating...
|leave|Malvagio
|player|p2
|raw|ttte's rating: 1402 &rarr; <strong>1418<\/strong><br \/>(+16 for winning)
|raw|Malvagio's rating: 1336 &rarr; <strong>1320<\/strong><br \/>(-16 for losing)