|join|ttte
|join|francokpo12
|player|p1|ttte|179
|player|p2|francokpo12|101
|gametype|singles
|gen|6
|tier|OU
|rated
|clearpoke
|poke|p1|Dragonite, M, shiny
|poke|p1|Skarmory, F, shiny
|poke|p1|Gengar, M, shiny
|poke|p1|Chansey, F
|poke|p1|Gallade, M
|poke|p1|Manectric, M
|poke|p2|Forretress, F
|poke|p2|Volcarona, F
|poke|p2|Gengar, F
|poke|p2|Terrakion
|poke|p2|Garchomp, F
|poke|p2|Starmie
|rule|Swagger Clause: Swagger is banned
|rule|Baton Pass Clause: Limit one PokÃ©mon knowing Baton Pass
|rule|Sleep Clause Mod: Limit one foe put to sleep
|rule|Species Clause: Limit one of each PokÃ©mon
|rule|OHKO Clause: OHKO moves are banned
|rule|Moody Clause: Moody is banned
|rule|Evasion Moves Clause: Evasion moves are banned
|rule|Endless Battle Clause: Forcing endless battles is banned
|rule|HP Percentage Mod: HP is shown in percentages
|teampreview
|
|start
|switch|p1a: Aragorn|Gallade, M|278\/278
|switch|p2a: Forretress|Forretress, F|291\/291
|turn|1
|
|move|p1a: Aragorn|Knock Off|p2a: Forretress
|-damage|p2a: Forretress|210\/291
|-enditem|p2a: Forretress|Leftovers|[from] move: Knock Off|[of] p1a: Aragorn
|move|p2a: Forretress|Stealth Rock|p1a: Aragorn
|-sidestart|p1: ttte|move: Stealth Rock
|
|turn|2
|
|move|p1a: Aragorn|Close Combat|p2a: Forretress
|-damage|p2a: Forretress|41\/291
|-unboost|p1a: Aragorn|def|1
|-unboost|p1a: Aragorn|spd|1
|move|p2a: Forretress|Toxic Spikes|p1a: Aragorn
|-sidestart|p1: ttte|move: Toxic Spikes
|
|turn|3
|
|move|p1a: Aragorn|Close Combat|p2a: Forretress
|-crit|p2a: Forretress
|-damage|p2a: Forretress|0 fnt
|-unboost|p1a: Aragorn|def|1
|-unboost|p1a: Aragorn|spd|1
|faint|p2a: Forretress
|
|
|switch|p2a: Volcarona|Volcarona, F|371\/371
|turn|4
|
|move|p1a: Aragorn|Knock Off|p2a: Volcarona
|-damage|p2a: Volcarona|247\/371
|-enditem|p2a: Volcarona|Leftovers|[from] move: Knock Off|[of] p1a: Aragorn
|move|p2a: Volcarona|Quiver Dance|p2a: Volcarona
|-boost|p2a: Volcarona|spa|1
|-boost|p2a: Volcarona|spd|1
|-boost|p2a: Volcarona|spe|1
|
|turn|5
|
|move|p2a: Volcarona|Roost|p2a: Volcarona
|-heal|p2a: Volcarona|371\/371
|move|p1a: Aragorn|Psycho Cut|p2a: Volcarona
|-damage|p2a: Volcarona|235\/371
|
|turn|6
|
|switch|p1a: Ue-Ei|Chansey, F|641\/641
|-damage|p1a: Ue-Ei|561\/641|[from] Stealth Rock
|-status|p1a: Ue-Ei|psn
|move|p2a: Volcarona|Fiery Dance|p1a: Ue-Ei
|-damage|p1a: Ue-Ei|480\/641 psn
|
|-damage|p1a: Ue-Ei|400\/641 psn|[from] psn
|turn|7
|
|move|p2a: Volcarona|Quiver Dance|p2a: Volcarona
|-boost|p2a: Volcarona|spa|1
|-boost|p2a: Volcarona|spd|1
|-boost|p2a: Volcarona|spe|1
|move|p1a: Ue-Ei|Toxic|p2a: Volcarona
|-status|p2a: Volcarona|tox
|
|-damage|p2a: Volcarona|212\/371 tox|[from] psn
|-damage|p1a: Ue-Ei|320\/641 psn|[from] psn
|turn|8
|
|move|p2a: Volcarona|Bug Buzz|p1a: Ue-Ei
|-damage|p1a: Ue-Ei|196\/641 psn
|move|p1a: Ue-Ei|Soft-Boiled|p1a: Ue-Ei
|-heal|p1a: Ue-Ei|517\/641 psn
|
|-damage|p2a: Volcarona|166\/371 tox|[from] psn
|-damage|p1a: Ue-Ei|437\/641 psn|[from] psn
|turn|9
|
|switch|p2a: Terrakion|Terrakion|323\/323
|move|p1a: Ue-Ei|Soft-Boiled|p1a: Ue-Ei
|-heal|p1a: Ue-Ei|641\/641 psn
|
|-damage|p1a: Ue-Ei|561\/641 psn|[from] psn
|turn|10
|
|switch|p1a: Barbaria|Skarmory, F, shiny|334\/334
|-damage|p1a: Barbaria|293\/334|[from] Stealth Rock
|move|p2a: Terrakion|Close Combat|p1a: Barbaria
|-damage|p1a: Barbaria|172\/334
|-damage|p2a: Terrakion|270\/323|[from] item: Rocky Helmet|[of] p1a: Barbaria
|-unboost|p2a: Terrakion|def|1
|-unboost|p2a: Terrakion|spd|1
|
|turn|11
|
|switch|p2a: Starmie|Starmie|323\/323
|move|p1a: Barbaria|Roost|p1a: Barbaria
|-heal|p1a: Barbaria|334\/334
|
|turn|12
|
|move|p2a: Starmie|Ice Beam|p1a: Barbaria
|-crit|p1a: Barbaria
|-damage|p1a: Barbaria|202\/334
|move|p1a: Barbaria|Defog|p2a: Starmie
|-unboost|p2a: Starmie|evasion|1
|-sideend|p1: ttte|Toxic Spikes|[from] move: Defog|[of] p1a: Barbaria
|-sideend|p1: ttte|Stealth Rock|[from] move: Defog|[of] p1a: Barbaria
|
|turn|13
|
|move|p2a: Starmie|Scald|p1a: Barbaria
|-damage|p1a: Barbaria|64\/334
|move|p1a: Barbaria|Roost|p1a: Barbaria
|-heal|p1a: Barbaria|231\/334
|
|turn|14
|
|move|p2a: Starmie|Scald|p1a: Barbaria
|-damage|p1a: Barbaria|93\/334
|-status|p1a: Barbaria|brn
|move|p1a: Barbaria|Roost|p1a: Barbaria
|-heal|p1a: Barbaria|260\/334 brn
|
|-damage|p1a: Barbaria|219\/334 brn|[from] brn
|turn|15
|
|move|p2a: Starmie|Scald|p1a: Barbaria
|-damage|p1a: Barbaria|102\/334 brn
|move|p1a: Barbaria|Stealth Rock|p2a: Starmie
|-sidestart|p2: francokpo12|move: Stealth Rock
|
|-damage|p1a: Barbaria|61\/334 brn|[from] brn
|turn|16
|
|move|p2a: Starmie|Scald|p1a: Barbaria
|-damage|p1a: Barbaria|0 fnt
|faint|p1a: Barbaria
|
|
|switch|p1a: Ue-Ei|Chansey, F|561\/641
|turn|17
|
|move|p2a: Starmie|Rapid Spin|p1a: Ue-Ei
|-damage|p1a: Ue-Ei|545\/641
|-sideend|p2: francokpo12|Stealth Rock|[from] move: Rapid Spin|[of] p2a: Starmie
|move|p1a: Ue-Ei|Toxic|p2a: Starmie
|-status|p2a: Starmie|tox
|
|-damage|p2a: Starmie|303\/323 tox|[from] psn
|turn|18
|
|switch|p2a: Terrakion|Terrakion|270\/323
|move|p1a: Ue-Ei|Soft-Boiled|p1a: Ue-Ei
|-heal|p1a: Ue-Ei|641\/641
|
|turn|19
|
|switch|p1a: Durza|Gengar, M, shiny|261\/261
|move|p2a: Terrakion|Close Combat|p1a: Durza
|-immune|p1a: Durza|[msg]
|
|turn|20
|
|switch|p2a: Garchomp|Garchomp, F|358\/358
|move|p1a: Durza|Dazzling Gleam|p2a: Garchomp
|-supereffective|p2a: Garchomp
|-damage|p2a: Garchomp|124\/358
|
|turn|21
|
|move|p1a: Durza|Dazzling Gleam|p2a: Garchomp
|-supereffective|p2a: Garchomp
|-damage|p2a: Garchomp|0 fnt
|faint|p2a: Garchomp
|
|
|switch|p2a: Gengar|Gengar, F|262\/262
|turn|22
|
|move|p2a: Gengar|Shadow Ball|p1a: Durza
|-supereffective|p1a: Durza
|-enditem|p1a: Durza|Focus Sash
|-damage|p1a: Durza|1\/261
|move|p1a: Durza|Shadow Ball|p2a: Gengar
|-supereffective|p2a: Gengar
|-damage|p2a: Gengar|0 fnt
|faint|p2a: Gengar
|
|
|switch|p2a: Starmie|Starmie|303\/323
|turn|23
|
|move|p2a: Starmie|Scald|p1a: Durza
|-damage|p1a: Durza|0 fnt
|faint|p1a: Durza
|
|-heal|p2a: Starmie|323\/323|[from] item: Leftovers
|
|switch|p1a: Voltass|Manectric, M|282\/282
|turn|24
|
|switch|p2a: Volcarona|Volcarona, F|166\/371 tox
|detailschange|p1a: Voltass|Manectric-Mega, M
|message|Manectric has Mega Evolved into Mega Manectric!
|-ability|p1a: Voltass|Intimidate|[of] p2a: Volcarona
|-unboost|p2a: Volcarona|atk|1
|move|p1a: Voltass|Thunderbolt|p2a: Volcarona
|-damage|p2a: Volcarona|16\/371 tox
|
|-damage|p2a: Volcarona|0 fnt|[from] psn
|faint|p2a: Volcarona
|
|switch|p2a: Terrakion|Terrakion|270\/323
|turn|25
|
|switch|p1a: Firnen|Dragonite, M, shiny|386\/386
|move|p2a: Terrakion|Close Combat|p1a: Firnen
|-resisted|p1a: Firnen
|-damage|p1a: Firnen|328\/386
|-unboost|p2a: Terrakion|def|1
|-unboost|p2a: Terrakion|spd|1
|
|turn|26
|
|switch|p2a: Starmie|Starmie|323\/323
|move|p1a: Firnen|Roost|p1a: Firnen
|-heal|p1a: Firnen|386\/386
|
|turn|27
|
|move|p2a: Starmie|Ice Beam|p1a: Firnen
|-supereffective|p1a: Firnen
|-damage|p1a: Firnen|244\/386
|-enditem|p1a: Firnen|Weakness Policy
|-boost|p1a: Firnen|atk|2|[from] item: Weakness Policy
|-boost|p1a: Firnen|spa|2|[from] item: Weakness Policy
|move|p1a: Firnen|Dragon Claw|p2a: Starmie
|-damage|p2a: Starmie|0 fnt
|faint|p2a: Starmie
|
|
|switch|p2a: Terrakion|Terrakion|270\/323
|turn|28
|
|move|p2a: Terrakion|Stone Edge|p1a: Firnen|[miss]
|-miss|p2a: Terrakion|p1a: Firnen
|move|p1a: Firnen|Dragon Claw|p2a: Terrakion
|-crit|p2a: Terrakion
|-damage|p2a: Terrakion|0 fnt
|faint|p2a: Terrakion
|
|win|ttte
|raw|Ladder updating...
|raw|ttte's rating: 1359 &rarr; <strong>1375<\/strong><br \/>(+16 for winning)
|raw|francokpo12's rating: 1288 &rarr; <strong>1268<\/strong><br \/>(-20 for losing)
|c|âttte|gg