|join|jdma
|join|ttte
|player|p1|jdma|269
|player|p2|ttte|87
|gametype|singles
|gen|6
|tier|OU
|rated
|clearpoke
|poke|p1|Charizard, M
|poke|p1|Greninja, M, shiny
|poke|p1|Landorus-Therian, M
|poke|p1|Clefable, M
|poke|p1|Hydreigon, F
|poke|p1|Excadrill, M
|poke|p2|Dragonite, M, shiny
|poke|p2|Shuckle, F, shiny
|poke|p2|Gengar, M
|poke|p2|Chansey, F
|poke|p2|Gallade, M
|poke|p2|Manectric, M
|rule|Swagger Clause: Swagger is banned
|rule|Baton Pass Clause: Limit one PokÃ©mon knowing Baton Pass
|rule|Sleep Clause Mod: Limit one foe put to sleep
|rule|Species Clause: Limit one of each PokÃ©mon
|rule|OHKO Clause: OHKO moves are banned
|rule|Moody Clause: Moody is banned
|rule|Evasion Moves Clause: Evasion moves are banned
|rule|Endless Battle Clause: Forcing endless battles is banned
|rule|HP Percentage Mod: HP is shown in percentages
|teampreview
|
|start
|switch|p1a: Greninja|Greninja, M, shiny|285\/285
|switch|p2a: Aragorn|Gallade, M|278\/278
|turn|1
|
|move|p1a: Greninja|Dark Pulse|p2a: Aragorn
|-start|p1a: Greninja|typechange|Dark|[from] Protean
|-damage|p2a: Aragorn|203\/278
|-boost|p2a: Aragorn|atk|1|[from] ability: Justified
|move|p2a: Aragorn|Knock Off|p1a: Greninja
|-resisted|p1a: Greninja
|-damage|p1a: Greninja|158\/285
|-enditem|p1a: Greninja|Focus Sash|[from] move: Knock Off|[of] p2a: Aragorn
|
|turn|2
|
|move|p1a: Greninja|Ice Beam|p2a: Aragorn
|-start|p1a: Greninja|typechange|Ice|[from] Protean
|-damage|p2a: Aragorn|118\/278
|move|p2a: Aragorn|Close Combat|p1a: Greninja
|-supereffective|p1a: Greninja
|-damage|p1a: Greninja|0 fnt
|-unboost|p2a: Aragorn|def|1
|-unboost|p2a: Aragorn|spd|1
|faint|p1a: Greninja
|
|
|switch|p1a: Landorus-Therian|Landorus-Therian, M|382\/382
|-ability|p1a: Landorus-Therian|Intimidate|[of] p2a: Aragorn
|-unboost|p2a: Aragorn|atk|1
|turn|3
|
|move|p2a: Aragorn|Ice Punch|p1a: Landorus-Therian
|-supereffective|p1a: Landorus-Therian
|-damage|p1a: Landorus-Therian|30\/382
|-status|p1a: Landorus-Therian|frz
|-curestatus|p1a: Landorus-Therian|frz
|move|p1a: Landorus-Therian|Stone Edge|p2a: Aragorn
|-crit|p2a: Aragorn
|-resisted|p2a: Aragorn
|-damage|p2a: Aragorn|0 fnt
|faint|p2a: Aragorn
|
|
|switch|p2a: Voltass|Manectric, M|282\/282
|turn|4
|
|detailschange|p2a: Voltass|Manectric-Mega, M
|message|Manectric has Mega Evolved into Mega Manectric!
|-ability|p2a: Voltass|Intimidate|[of] p1a: Landorus-Therian
|-unboost|p1a: Landorus-Therian|atk|1
|move|p2a: Voltass|Flamethrower|p1a: Landorus-Therian
|-damage|p1a: Landorus-Therian|0 fnt
|faint|p1a: Landorus-Therian
|
|
|switch|p1a: Excadrill|Excadrill, M|424\/424
|-ability|p1a: Excadrill|Mold Breaker
|-item|p1a: Excadrill|Air Balloon
|turn|5
|
|move|p2a: Voltass|Flamethrower|p1a: Excadrill
|-supereffective|p1a: Excadrill
|-damage|p1a: Excadrill|86\/424
|-enditem|p1a: Excadrill|Air Balloon
|-status|p1a: Excadrill|brn
|move|p1a: Excadrill|Earthquake|p2a: Voltass
|-crit|p2a: Voltass
|-supereffective|p2a: Voltass
|-damage|p2a: Voltass|0 fnt
|faint|p2a: Voltass
|
|-damage|p1a: Excadrill|33\/424 brn|[from] brn
|
|switch|p2a: Firnen|Dragonite, M, shiny|386\/386
|turn|6
|
|move|p1a: Excadrill|Stealth Rock|p2a: Firnen
|-sidestart|p2: ttte|move: Stealth Rock
|move|p2a: Firnen|Dragon Dance|p2a: Firnen
|-boost|p2a: Firnen|atk|1
|-boost|p2a: Firnen|spe|1
|
|-damage|p1a: Excadrill|0 fnt|[from] brn
|faint|p1a: Excadrill
|
|switch|p1a: Clefable|Clefable, M|394\/394
|turn|7
|
|move|p2a: Firnen|Extreme Speed|p1a: Clefable
|-damage|p1a: Clefable|176\/394
|move|p1a: Clefable|Thunder Wave|p2a: Firnen
|-status|p2a: Firnen|par
|
|-heal|p1a: Clefable|200\/394|[from] item: Leftovers
|turn|8
|
|move|p2a: Firnen|Extreme Speed|p1a: Clefable
|-damage|p1a: Clefable|5\/394
|move|p1a: Clefable|Moonblast|p2a: Firnen
|-crit|p2a: Firnen
|-supereffective|p2a: Firnen
|-damage|p2a: Firnen|235\/386 par
|-enditem|p2a: Firnen|Weakness Policy
|-boost|p2a: Firnen|atk|2|[from] item: Weakness Policy
|-boost|p2a: Firnen|spa|2|[from] item: Weakness Policy
|
|-heal|p1a: Clefable|29\/394|[from] item: Leftovers
|turn|9
|
|move|p2a: Firnen|Extreme Speed|p1a: Clefable
|-damage|p1a: Clefable|0 fnt
|faint|p1a: Clefable
|
|
|switch|p1a: Hydreigon|Hydreigon, F|325\/325
|turn|10
|
|move|p2a: Firnen|Extreme Speed|p1a: Hydreigon
|-damage|p1a: Hydreigon|10\/325
|move|p1a: Hydreigon|Draco Meteor|p2a: Firnen|[miss]
|-miss|p1a: Hydreigon|p2a: Firnen
|
|turn|11
|
|move|p2a: Firnen|Extreme Speed|p1a: Hydreigon
|-crit|p1a: Hydreigon
|-damage|p1a: Hydreigon|0 fnt
|faint|p1a: Hydreigon
|
|
|switch|p1a: Charizard|Charizard, M|298\/298
|turn|12
|
|detailschange|p1a: Charizard|Charizard-Mega-X, M
|message|Charizard has Mega Evolved into Mega Charizard!
|cant|p2a: Firnen|par
|move|p1a: Charizard|Dragon Dance|p1a: Charizard
|-boost|p1a: Charizard|atk|1
|-boost|p1a: Charizard|spe|1
|
|turn|13
|
|move|p2a: Firnen|Extreme Speed|p1a: Charizard
|-damage|p1a: Charizard|71\/298
|move|p1a: Charizard|Dragon Claw|p2a: Firnen
|-crit|p2a: Firnen
|-supereffective|p2a: Firnen
|-damage|p2a: Firnen|0 fnt
|faint|p2a: Firnen
|
|
|switch|p2a: Penicillin|Shuckle, F, shiny|244\/244
|-damage|p2a: Penicillin|183\/244|[from] Stealth Rock
|turn|14
|
|move|p1a: Charizard|Fire Punch|p2a: Penicillin
|-damage|p2a: Penicillin|80\/244
|move|p2a: Penicillin|Power Split|p1a: Charizard
|-activate|p2a: Penicillin|Power Split|[of] p1a: Charizard
|
|-heal|p2a: Penicillin|95\/244|[from] item: Leftovers
|turn|15
|
|move|p1a: Charizard|Roost|p1a: Charizard
|-heal|p1a: Charizard|220\/298
|move|p2a: Penicillin|Toxic|p1a: Charizard
|-status|p1a: Charizard|tox
|
|-heal|p2a: Penicillin|110\/244|[from] item: Leftovers
|-damage|p1a: Charizard|202\/298 tox|[from] psn
|turn|16
|
|move|p1a: Charizard|Dragon Dance|p1a: Charizard
|-boost|p1a: Charizard|atk|1
|-boost|p1a: Charizard|spe|1
|move|p2a: Penicillin|Sticky Web|p1a: Charizard
|-sidestart|p1: jdma|move: Sticky Web
|
|-heal|p2a: Penicillin|125\/244|[from] item: Leftovers
|-damage|p1a: Charizard|166\/298 tox|[from] psn
|turn|17
|
|move|p1a: Charizard|Roost|p1a: Charizard
|-heal|p1a: Charizard|298\/298 tox
|move|p2a: Penicillin|Power Split|p1a: Charizard
|-activate|p2a: Penicillin|Power Split|[of] p1a: Charizard
|
|-heal|p2a: Penicillin|140\/244|[from] item: Leftovers
|-damage|p1a: Charizard|244\/298 tox|[from] psn
|turn|18
|
|move|p1a: Charizard|Dragon Dance|p1a: Charizard
|-boost|p1a: Charizard|atk|1
|-boost|p1a: Charizard|spe|1
|move|p2a: Penicillin|Power Split|p1a: Charizard
|-activate|p2a: Penicillin|Power Split|[of] p1a: Charizard
|
|-heal|p2a: Penicillin|155\/244|[from] item: Leftovers
|-damage|p1a: Charizard|172\/298 tox|[from] psn
|turn|19
|
|move|p1a: Charizard|Dragon Claw|p2a: Penicillin
|-damage|p2a: Penicillin|55\/244
|move|p2a: Penicillin|Power Split|p1a: Charizard
|-activate|p2a: Penicillin|Power Split|[of] p1a: Charizard
|
|-heal|p2a: Penicillin|70\/244|[from] item: Leftovers
|-damage|p1a: Charizard|82\/298 tox|[from] psn
|turn|20
|
|move|p1a: Charizard|Roost|p1a: Charizard
|-heal|p1a: Charizard|231\/298 tox
|move|p2a: Penicillin|Power Split|p1a: Charizard
|-activate|p2a: Penicillin|Power Split|[of] p1a: Charizard
|
|-heal|p2a: Penicillin|85\/244|[from] item: Leftovers
|-damage|p1a: Charizard|123\/298 tox|[from] psn
|turn|21
|
|move|p1a: Charizard|Dragon Dance|p1a: Charizard
|-boost|p1a: Charizard|atk|1
|-boost|p1a: Charizard|spe|1
|move|p2a: Penicillin|Power Split|p1a: Charizard
|-activate|p2a: Penicillin|Power Split|[of] p1a: Charizard
|
|-heal|p2a: Penicillin|100\/244|[from] item: Leftovers
|-damage|p1a: Charizard|0 fnt|[from] psn
|faint|p1a: Charizard
|
|win|ttte
|raw|Ladder updating...
|c|âttte|gg
|leave|jdma
|player|p1
|raw|Ladder (probably) updated, but score could not be retrieved (timeout).
|raw|Ladder (probably) updated, but score could not be retrieved (Error: socket hang up).