|join|Dizzer
|join|ttte
|player|p1|Dizzer|29
|player|p2|ttte|87
|gametype|singles
|gen|6
|tier|OU
|rated
|clearpoke
|poke|p1|Bisharp, F, shiny
|poke|p1|Metagross, shiny
|poke|p1|Terrakion, shiny
|poke|p1|Landorus-Therian, M
|poke|p1|Thundurus, M, shiny
|poke|p1|Greninja, M
|poke|p2|Gallade, M, shiny
|poke|p2|Excadrill, M
|poke|p2|Terrakion
|poke|p2|Greninja, M, shiny
|poke|p2|Goodra, F
|poke|p2|Slowbro, F
|rule|Swagger Clause: Swagger is banned
|rule|Baton Pass Clause: Limit one PokÃ©mon knowing Baton Pass
|rule|Sleep Clause Mod: Limit one foe put to sleep
|rule|Species Clause: Limit one of each PokÃ©mon
|rule|OHKO Clause: OHKO moves are banned
|rule|Moody Clause: Moody is banned
|rule|Evasion Moves Clause: Evasion moves are banned
|rule|Endless Battle Clause: Forcing endless battles is banned
|rule|HP Percentage Mod: HP is shown in percentages
|teampreview
|
|start
|switch|p1a: Landorus-Therian|Landorus-Therian, M|382\/382
|switch|p2a: Quacklord|Greninja, M, shiny|286\/286
|-ability|p1a: Landorus-Therian|Intimidate|[of] p2a: Quacklord
|-unboost|p2a: Quacklord|atk|1
|turn|1
|
|switch|p1a: Greninja|Greninja, M|285\/285
|move|p2a: Quacklord|Ice Beam|p1a: Greninja
|-start|p2a: Quacklord|typechange|Ice|[from] Protean
|-resisted|p1a: Greninja
|-damage|p1a: Greninja|199\/285
|
|turn|2
|
|switch|p2a: Schleimi|Goodra, F|384\/384
|move|p1a: Greninja|Gunk Shot|p2a: Schleimi
|-start|p1a: Greninja|typechange|Poison|[from] Protean
|-damage|p2a: Schleimi|158\/384
|-status|p2a: Schleimi|psn
|-damage|p1a: Greninja|171\/285|[from] item: Life Orb
|
|-damage|p2a: Schleimi|110\/384 psn|[from] psn
|turn|3
|
|switch|p2a: Stalobor|Excadrill, M|362\/362
|-ability|p2a: Stalobor|Mold Breaker
|move|p1a: Greninja|Dark Pulse|p2a: Stalobor
|-start|p1a: Greninja|typechange|Dark|[from] Protean
|-damage|p2a: Stalobor|123\/362
|-damage|p1a: Greninja|143\/285|[from] item: Life Orb
|
|turn|4
|
|switch|p1a: Landorus-Therian|Landorus-Therian, M|382\/382
|-ability|p1a: Landorus-Therian|Intimidate|[of] p2a: Stalobor
|-unboost|p2a: Stalobor|atk|1
|switch|p2a: Schleimi|Goodra, F|110\/384 psn
|
|-damage|p2a: Schleimi|62\/384 psn|[from] psn
|turn|5
|
|move|p1a: Landorus-Therian|U-turn|p2a: Schleimi
|-damage|p2a: Schleimi|0 fnt
|-unboost|p1a: Landorus-Therian|spe|1
|faint|p2a: Schleimi
|
|switch|p1a: Greninja|Greninja, M|143\/285
|
|
|switch|p2a: Terrakium|Terrakion|324\/324
|turn|6
|
|move|p2a: Terrakium|Stone Edge|p1a: Greninja
|-crit|p1a: Greninja
|-damage|p1a: Greninja|0 fnt
|faint|p1a: Greninja
|
|
|switch|p1a: Metagross|Metagross, shiny|302\/302
|turn|7
|
|switch|p2a: Lahmus|Slowbro, F|394\/394
|switch|p1a: Thundurus|Thundurus, M, shiny|302\/302
|
|turn|8
|
|switch|p2a: Stalobor|Excadrill, M|123\/362
|-ability|p2a: Stalobor|Mold Breaker
|move|p1a: Thundurus|Focus Blast|p2a: Stalobor
|-supereffective|p2a: Stalobor
|-damage|p2a: Stalobor|0 fnt
|-damage|p1a: Thundurus|272\/302|[from] item: Life Orb
|faint|p2a: Stalobor
|
|
|switch|p2a: Aragorn|Gallade, M, shiny|278\/278
|turn|9
|
|switch|p1a: Metagross|Metagross, shiny|302\/302
|detailschange|p2a: Aragorn|Gallade-Mega, M, shiny
|message|Gallade has Mega Evolved into Mega Gallade!
|move|p2a: Aragorn|Ice Punch|p1a: Metagross
|-resisted|p1a: Metagross
|-damage|p1a: Metagross|259\/302
|
|turn|10
|
|detailschange|p1a: Metagross|Metagross-Mega, shiny
|message|Metagross has Mega Evolved into Mega Metagross!
|move|p2a: Aragorn|Knock Off|p1a: Metagross
|-supereffective|p1a: Metagross
|-damage|p1a: Metagross|127\/302
|move|p1a: Metagross|Meteor Mash|p2a: Aragorn
|-damage|p2a: Aragorn|35\/278
|
|turn|11
|
|move|p1a: Metagross|Bullet Punch|p2a: Aragorn
|-damage|p2a: Aragorn|0 fnt
|faint|p2a: Aragorn
|
|
|switch|p2a: Lahmus|Slowbro, F|394\/394
|turn|12
|
|switch|p1a: Bisharp|Bisharp, F, shiny|304\/304
|move|p2a: Lahmus|Scald|p1a: Bisharp
|-damage|p1a: Bisharp|201\/304
|
|turn|13
|
|switch|p2a: Terrakium|Terrakion|324\/324
|move|p1a: Bisharp|Knock Off|p2a: Terrakium
|-resisted|p2a: Terrakium
|-damage|p2a: Terrakium|237\/324
|-boost|p2a: Terrakium|atk|1|[from] ability: Justified
|-enditem|p2a: Terrakium|Choice Scarf|[from] move: Knock Off|[of] p1a: Bisharp
|
|turn|14
|
|switch|p1a: Landorus-Therian|Landorus-Therian, M|382\/382
|-ability|p1a: Landorus-Therian|Intimidate|[of] p2a: Terrakium
|-unboost|p2a: Terrakium|atk|1
|move|p2a: Terrakium|Close Combat|p1a: Landorus-Therian
|-resisted|p1a: Landorus-Therian
|-damage|p1a: Landorus-Therian|271\/382
|-unboost|p2a: Terrakium|def|1
|-unboost|p2a: Terrakium|spd|1
|
|turn|15
|
|move|p1a: Landorus-Therian|U-turn|p2a: Terrakium
|-crit|p2a: Terrakium
|-resisted|p2a: Terrakium
|-damage|p2a: Terrakium|141\/324
|
|switch|p1a: Terrakion|Terrakion, shiny|324\/324
|move|p2a: Terrakium|Stone Edge|p1a: Terrakion
|-resisted|p1a: Terrakion
|-damage|p1a: Terrakion|209\/324
|
|turn|16
|
|switch|p1a: Landorus-Therian|Landorus-Therian, M|271\/382
|-ability|p1a: Landorus-Therian|Intimidate|[of] p2a: Terrakium
|-unboost|p2a: Terrakium|atk|1
|switch|p2a: Lahmus|Slowbro, F|394\/394
|
|turn|17
|
|move|p1a: Landorus-Therian|U-turn|p2a: Lahmus
|-supereffective|p2a: Lahmus
|-damage|p2a: Lahmus|284\/394
|
|switch|p1a: Bisharp|Bisharp, F, shiny|201\/304
|move|p2a: Lahmus|Ice Beam|p1a: Bisharp
|-resisted|p1a: Bisharp
|-damage|p1a: Bisharp|163\/304
|
|-heal|p2a: Lahmus|308\/394|[from] item: Leftovers
|turn|18
|
|switch|p2a: Terrakium|Terrakion|141\/324
|move|p1a: Bisharp|Thunder Wave|p2a: Terrakium
|-status|p2a: Terrakium|par
|
|turn|19
|
|move|p1a: Bisharp|Iron Head|p2a: Terrakium
|-supereffective|p2a: Terrakium
|-damage|p2a: Terrakium|0 fnt
|faint|p2a: Terrakium
|
|
|switch|p2a: Quacklord|Greninja, M, shiny|286\/286
|turn|20
|
|switch|p1a: Terrakion|Terrakion, shiny|209\/324
|move|p2a: Quacklord|Hidden Power|p1a: Terrakion
|-start|p2a: Quacklord|typechange|Fire|[from] Protean
|-resisted|p1a: Terrakion
|-damage|p1a: Terrakion|160\/324
|
|turn|21
|
|move|p2a: Quacklord|Surf|p1a: Terrakion
|-start|p2a: Quacklord|typechange|Water|[from] Protean
|-supereffective|p1a: Terrakion
|-damage|p1a: Terrakion|0 fnt
|faint|p1a: Terrakion
|
|
|switch|p1a: Landorus-Therian|Landorus-Therian, M|271\/382
|-ability|p1a: Landorus-Therian|Intimidate|[of] p2a: Quacklord
|-unboost|p2a: Quacklord|atk|1
|turn|22
|
|move|p1a: Landorus-Therian|U-turn|p2a: Quacklord
|-damage|p2a: Quacklord|185\/286
|
|switch|p1a: Bisharp|Bisharp, F, shiny|163\/304
|move|p2a: Quacklord|Ice Beam|p1a: Bisharp
|-start|p2a: Quacklord|typechange|Ice|[from] Protean
|-resisted|p1a: Bisharp
|-damage|p1a: Bisharp|88\/304
|
|turn|23
|
|switch|p2a: Lahmus|Slowbro, F|394\/394
|move|p1a: Bisharp|Sucker Punch|p2a: Lahmus
|-fail|p2a: Lahmus
|
|turn|24
|
|move|p1a: Bisharp|Knock Off|p2a: Lahmus
|-supereffective|p2a: Lahmus
|-damage|p2a: Lahmus|158\/394
|-enditem|p2a: Lahmus|Leftovers|[from] move: Knock Off|[of] p1a: Bisharp
|move|p2a: Lahmus|Scald|p1a: Bisharp
|-damage|p1a: Bisharp|0 fnt
|faint|p1a: Bisharp
|
|
|switch|p1a: Thundurus|Thundurus, M, shiny|272\/302
|turn|25
|c|âDizzer|gg
|
|move|p1a: Thundurus|Thunderbolt|p2a: Lahmus
|-supereffective|p2a: Lahmus
|-damage|p2a: Lahmus|0 fnt
|-damage|p1a: Thundurus|242\/302|[from] item: Life Orb
|faint|p2a: Lahmus
|
|
|switch|p2a: Quacklord|Greninja, M, shiny|185\/286
|turn|26
|
|move|p1a: Thundurus|Thunder Wave|p2a: Quacklord
|-status|p2a: Quacklord|par
|move|p2a: Quacklord|Ice Beam|p1a: Thundurus
|-start|p2a: Quacklord|typechange|Ice|[from] Protean
|-supereffective|p1a: Thundurus
|-damage|p1a: Thundurus|0 fnt
|faint|p1a: Thundurus
|
|c|âttte|Ah, Prankster
|
|switch|p1a: Metagross|Metagross-Mega, shiny|127\/302
|turn|27
|c|âDizzer|yes
|c|âDizzer|^^
|
|move|p1a: Metagross|Bullet Punch|p2a: Quacklord
|-supereffective|p2a: Quacklord
|-damage|p2a: Quacklord|0 fnt
|faint|p2a: Quacklord
|
|win|Dizzer
|raw|Ladder updating...
|raw|Dizzer's rating: 1279 &rarr; <strong>1308<\/strong><br \/>(+29 for winning)
|raw|ttte's rating: 1329 &rarr; <strong>1306<\/strong><br \/>(-23 for losing)