|join|ttte
|join|Quantum Hypothesis
|player|p1|ttte|87
|player|p2|Quantum Hypothesis|2
|gametype|singles
|gen|6
|tier|OU
|rated
|clearpoke
|poke|p1|Gallade, M, shiny
|poke|p1|Excadrill, F
|poke|p1|Terrakion
|poke|p1|Greninja, M, shiny
|poke|p1|Goodra, F
|poke|p1|Slowbro, M
|poke|p2|Metagross
|poke|p2|Keldeo
|poke|p2|Landorus-Therian, M
|poke|p2|Latios, M
|poke|p2|Ferrothorn, F
|poke|p2|Heatran, F
|rule|Swagger Clause: Swagger is banned
|rule|Baton Pass Clause: Limit one PokÃ©mon knowing Baton Pass
|rule|Sleep Clause Mod: Limit one foe put to sleep
|rule|Species Clause: Limit one of each PokÃ©mon
|rule|OHKO Clause: OHKO moves are banned
|rule|Moody Clause: Moody is banned
|rule|Evasion Moves Clause: Evasion moves are banned
|rule|Endless Battle Clause: Forcing endless battles is banned
|rule|HP Percentage Mod: HP is shown in percentages
|teampreview
|
|start
|switch|p1a: Stalobor|Excadrill, F|362\/362
|switch|p2a: Landorus-Therian|Landorus-Therian, M|319\/319
|-ability|p2a: Landorus-Therian|Intimidate|[of] p1a: Stalobor
|-unboost|p1a: Stalobor|atk|1
|-ability|p1a: Stalobor|Mold Breaker
|turn|1
|
|move|p2a: Landorus-Therian|Earthquake|p1a: Stalobor
|-supereffective|p1a: Stalobor
|-enditem|p1a: Stalobor|Focus Sash
|-damage|p1a: Stalobor|1\/362
|move|p1a: Stalobor|Stealth Rock|p2a: Landorus-Therian
|-sidestart|p2: Quantum Hypothesis|move: Stealth Rock
|
|turn|2
|
|switch|p1a: Lahmus|Slowbro, M|394\/394
|move|p2a: Landorus-Therian|Earthquake|p1a: Lahmus
|-damage|p1a: Lahmus|261\/394
|
|-heal|p1a: Lahmus|285\/394|[from] item: Leftovers
|turn|3
|
|switch|p2a: Ferrothorn|Ferrothorn, F|352\/352
|-damage|p2a: Ferrothorn|330\/352|[from] Stealth Rock
|move|p1a: Lahmus|Scald|p2a: Ferrothorn
|-resisted|p2a: Ferrothorn
|-damage|p2a: Ferrothorn|291\/352
|
|-heal|p1a: Lahmus|309\/394|[from] item: Leftovers
|-heal|p2a: Ferrothorn|313\/352|[from] item: Leftovers
|turn|4
|
|switch|p1a: Quacklord|Greninja, M, shiny|286\/286
|move|p2a: Ferrothorn|Stealth Rock|p1a: Quacklord
|-sidestart|p1: ttte|move: Stealth Rock
|
|-heal|p2a: Ferrothorn|335\/352|[from] item: Leftovers
|turn|5
|
|switch|p2a: Metagross|Metagross|301\/301
|-damage|p2a: Metagross|283\/301|[from] Stealth Rock
|move|p1a: Quacklord|Hidden Power|p2a: Metagross
|-start|p1a: Quacklord|typechange|Fire|[from] Protean
|-supereffective|p2a: Metagross
|-damage|p2a: Metagross|101\/301
|
|turn|6
|
|switch|p2a: Latios|Latios, M|301\/301
|-damage|p2a: Latios|264\/301|[from] Stealth Rock
|move|p1a: Quacklord|Hidden Power|p2a: Latios
|-resisted|p2a: Latios
|-damage|p2a: Latios|219\/301
|
|turn|7
|
|move|p2a: Latios|Draco Meteor|p1a: Quacklord
|-damage|p1a: Quacklord|4\/286
|-unboost|p2a: Latios|spa|2
|move|p1a: Quacklord|Ice Beam|p2a: Latios
|-start|p1a: Quacklord|typechange|Ice|[from] Protean
|-supereffective|p2a: Latios
|-damage|p2a: Latios|0 fnt
|faint|p2a: Latios
|
|
|switch|p2a: Landorus-Therian|Landorus-Therian, M|319\/319
|-damage|p2a: Landorus-Therian|280\/319|[from] Stealth Rock
|-ability|p2a: Landorus-Therian|Intimidate|[of] p1a: Quacklord
|-unboost|p1a: Quacklord|atk|1
|turn|8
|c|âttte|Scarfed Latios?
|
|move|p2a: Landorus-Therian|U-turn|p1a: Quacklord
|-damage|p1a: Quacklord|0 fnt
|faint|p1a: Quacklord
|
|switch|p2a: Ferrothorn|Ferrothorn, F|335\/352
|-damage|p2a: Ferrothorn|313\/352|[from] Stealth Rock
|
|-heal|p2a: Ferrothorn|335\/352|[from] item: Leftovers
|
|switch|p1a: Schleimi|Goodra, F|384\/384
|-damage|p1a: Schleimi|336\/384|[from] Stealth Rock
|turn|9
|c|âQuantum Hypothesis|yeah
|
|move|p1a: Schleimi|Fire Blast|p2a: Ferrothorn
|-supereffective|p2a: Ferrothorn
|-damage|p2a: Ferrothorn|63\/352
|move|p2a: Ferrothorn|Thunder Wave|p1a: Schleimi
|-status|p1a: Schleimi|par
|
|-heal|p2a: Ferrothorn|85\/352|[from] item: Leftovers
|turn|10
|
|move|p1a: Schleimi|Draco Meteor|p2a: Ferrothorn
|-resisted|p2a: Ferrothorn
|-damage|p2a: Ferrothorn|21\/352
|-unboost|p1a: Schleimi|spa|2
|move|p2a: Ferrothorn|Leech Seed|p1a: Schleimi
|-start|p1a: Schleimi|move: Leech Seed
|
|-heal|p2a: Ferrothorn|43\/352|[from] item: Leftovers
|-damage|p1a: Schleimi|288\/384 par|[from] Leech Seed|[of] p2a: Ferrothorn
|-heal|p2a: Ferrothorn|91\/352|[silent]
|turn|11
|
|cant|p1a: Schleimi|par
|move|p2a: Ferrothorn|Thunder Wave|p1a: Schleimi
|-fail|p1a: Schleimi|par
|
|-heal|p2a: Ferrothorn|113\/352|[from] item: Leftovers
|-damage|p1a: Schleimi|240\/384 par|[from] Leech Seed|[of] p2a: Ferrothorn
|-heal|p2a: Ferrothorn|161\/352|[silent]
|turn|12
|
|switch|p1a: Aragorn|Gallade, M, shiny|278\/278
|-damage|p1a: Aragorn|261\/278|[from] Stealth Rock
|switch|p2a: Heatran|Heatran, F|385\/385
|-damage|p2a: Heatran|337\/385|[from] Stealth Rock
|
|-heal|p2a: Heatran|361\/385|[from] item: Leftovers
|turn|13
|
|detailschange|p1a: Aragorn|Gallade-Mega, M, shiny
|message|Gallade has Mega Evolved into Mega Gallade!
|move|p2a: Heatran|Protect|p2a: Heatran
|-singleturn|p2a: Heatran|Protect
|move|p1a: Aragorn|Drain Punch|p2a: Heatran
|-activate|p2a: Heatran|Protect
|
|-heal|p2a: Heatran|385\/385|[from] item: Leftovers
|turn|14
|
|switch|p2a: Landorus-Therian|Landorus-Therian, M|280\/319
|-damage|p2a: Landorus-Therian|241\/319|[from] Stealth Rock
|-ability|p2a: Landorus-Therian|Intimidate|[of] p1a: Aragorn
|-unboost|p1a: Aragorn|atk|1
|move|p1a: Aragorn|Knock Off|p2a: Landorus-Therian
|-damage|p2a: Landorus-Therian|137\/319
|-enditem|p2a: Landorus-Therian|Choice Scarf|[from] move: Knock Off|[of] p1a: Aragorn
|
|turn|15
|
|move|p1a: Aragorn|Ice Punch|p2a: Landorus-Therian
|-supereffective|p2a: Landorus-Therian
|-damage|p2a: Landorus-Therian|0 fnt
|faint|p2a: Landorus-Therian
|
|
|switch|p2a: Keldeo|Keldeo|323\/323
|-damage|p2a: Keldeo|303\/323|[from] Stealth Rock
|turn|16
|
|move|p1a: Aragorn|Leaf Blade|p2a: Keldeo
|-supereffective|p2a: Keldeo
|-damage|p2a: Keldeo|105\/323
|move|p2a: Keldeo|Scald|p1a: Aragorn
|-damage|p1a: Aragorn|141\/278
|
|-heal|p2a: Keldeo|125\/323|[from] item: Leftovers
|turn|17
|
|move|p1a: Aragorn|Leaf Blade|p2a: Keldeo
|-supereffective|p2a: Keldeo
|-damage|p2a: Keldeo|0 fnt
|faint|p2a: Keldeo
|
|
|switch|p2a: Metagross|Metagross|101\/301
|-damage|p2a: Metagross|83\/301|[from] Stealth Rock
|turn|18
|
|detailschange|p2a: Metagross|Metagross-Mega
|message|Metagross has Mega Evolved into Mega Metagross!
|move|p1a: Aragorn|Knock Off|p2a: Metagross
|-supereffective|p2a: Metagross
|-damage|p2a: Metagross|0 fnt
|faint|p2a: Metagross
|
|
|switch|p2a: Ferrothorn|Ferrothorn, F|161\/352
|-damage|p2a: Ferrothorn|139\/352|[from] Stealth Rock
|turn|19
|
|move|p1a: Aragorn|Drain Punch|p2a: Ferrothorn
|-supereffective|p2a: Ferrothorn
|-damage|p2a: Ferrothorn|0 fnt
|-heal|p1a: Aragorn|211\/278|[from] drain|[of] p2a: Ferrothorn
|-damage|p1a: Aragorn|177\/278|[from] ability: Iron Barbs|[of] p2a: Ferrothorn
|faint|p2a: Ferrothorn
|
|
|switch|p2a: Heatran|Heatran, F|385\/385
|-damage|p2a: Heatran|337\/385|[from] Stealth Rock
|turn|20
|
|move|p1a: Aragorn|Drain Punch|p2a: Heatran
|-supereffective|p2a: Heatran
|-damage|p2a: Heatran|119\/385
|-heal|p1a: Aragorn|278\/278|[from] drain|[of] p2a: Heatran
|move|p2a: Heatran|Lava Plume|p1a: Aragorn
|-damage|p1a: Aragorn|166\/278
|
|-heal|p2a: Heatran|143\/385|[from] item: Leftovers
|turn|21
|
|move|p1a: Aragorn|Drain Punch|p2a: Heatran
|-supereffective|p2a: Heatran
|-damage|p2a: Heatran|0 fnt
|-heal|p1a: Aragorn|238\/278|[from] drain|[of] p2a: Heatran
|faint|p2a: Heatran
|
|win|ttte
|raw|Ladder updating...
|raw|ttte's rating: 1337 &rarr; <strong>1354<\/strong><br \/>(+17 for winning)
|raw|Quantum Hypothesis's rating: 1299 &rarr; <strong>1277<\/strong><br \/>(-22 for losing)
|leave|Quantum Hypothesis
|player|p2