|join|ttte
|join|StachePrincess
|player|p1|ttte|87
|player|p2|StachePrincess|260
|gametype|singles
|gen|6
|tier|OU
|rated
|clearpoke
|poke|p1|Dragonite, M, shiny
|poke|p1|Skarmory, F, shiny
|poke|p1|Gengar, M
|poke|p1|Chansey, F
|poke|p1|Gallade, M
|poke|p1|Manectric, M
|poke|p2|Aggron, F, shiny
|poke|p2|Vaporeon, F
|poke|p2|Gardevoir, F, shiny
|poke|p2|Tyrantrum, M, shiny
|poke|p2|Mamoswine, M
|poke|p2|Gengar, M, shiny
|rule|Swagger Clause: Swagger is banned
|rule|Baton Pass Clause: Limit one PokÃ©mon knowing Baton Pass
|rule|Sleep Clause Mod: Limit one foe put to sleep
|rule|Species Clause: Limit one of each PokÃ©mon
|rule|OHKO Clause: OHKO moves are banned
|rule|Moody Clause: Moody is banned
|rule|Evasion Moves Clause: Evasion moves are banned
|rule|Endless Battle Clause: Forcing endless battles is banned
|rule|HP Percentage Mod: HP is shown in percentages
|teampreview
|
|start
|switch|p1a: Aragorn|Gallade, M|278\/278
|switch|p2a: Imma Queen|Aggron, F, shiny|344\/344
|turn|1
|
|detailschange|p2a: Imma Queen|Aggron-Mega, F, shiny
|message|Aggron has Mega Evolved into Mega Aggron!
|move|p1a: Aragorn|Close Combat|p2a: Imma Queen
|-supereffective|p2a: Imma Queen
|-damage|p2a: Imma Queen|190\/344
|-unboost|p1a: Aragorn|def|1
|-unboost|p1a: Aragorn|spd|1
|move|p2a: Imma Queen|Thunder Wave|p1a: Aragorn
|-status|p1a: Aragorn|par
|
|turn|2
|
|cant|p1a: Aragorn|par
|move|p2a: Imma Queen|Dragon Tail|p1a: Aragorn
|-damage|p1a: Aragorn|147\/278 par
|drag|p1a: Durza|Gengar, M|261\/261
|
|turn|3
|
|move|p1a: Durza|Shadow Ball|p2a: Imma Queen
|-damage|p2a: Imma Queen|61\/344
|-unboost|p2a: Imma Queen|spd|1
|move|p2a: Imma Queen|Thunder Wave|p1a: Durza
|-status|p1a: Durza|par
|
|turn|4
|
|move|p2a: Imma Queen|Stealth Rock|p1a: Durza
|-sidestart|p1: ttte|move: Stealth Rock
|cant|p1a: Durza|par
|
|turn|5
|
|switch|p2a: Imma Kitty|Vaporeon, F|464\/464
|move|p1a: Durza|Shadow Ball|p2a: Imma Kitty
|-damage|p2a: Imma Kitty|305\/464
|
|-heal|p2a: Imma Kitty|334\/464|[from] item: Leftovers
|turn|6
|
|move|p2a: Imma Kitty|Wish|p2a: Imma Kitty
|move|p1a: Durza|Sludge Bomb|p2a: Imma Kitty
|-damage|p2a: Imma Kitty|168\/464
|
|-heal|p2a: Imma Kitty|197\/464|[from] item: Leftovers
|turn|7
|
|move|p2a: Imma Kitty|Scald|p1a: Durza
|-damage|p1a: Durza|125\/261 par
|move|p1a: Durza|Sludge Bomb|p2a: Imma Kitty
|-damage|p2a: Imma Kitty|20\/464
|-status|p2a: Imma Kitty|psn
|
|-heal|p2a: Imma Kitty|252\/464 psn|[from] move: Wish|[wisher] Imma Kitty
|-heal|p2a: Imma Kitty|281\/464 psn|[from] item: Leftovers
|-damage|p2a: Imma Kitty|223\/464 psn|[from] psn
|turn|8
|
|move|p2a: Imma Kitty|Scald|p1a: Durza
|-crit|p1a: Durza
|-damage|p1a: Durza|0 fnt
|faint|p1a: Durza
|
|-heal|p2a: Imma Kitty|252\/464 psn|[from] item: Leftovers
|-damage|p2a: Imma Kitty|194\/464 psn|[from] psn
|
|switch|p1a: -Ei|Chansey, F|641\/641
|-damage|p1a: -Ei|561\/641|[from] Stealth Rock
|turn|9
|
|switch|p2a: Imma Dragon|Tyrantrum, M, shiny|306\/306
|move|p1a: -Ei|Seismic Toss|p2a: Imma Dragon
|-damage|p2a: Imma Dragon|206\/306
|
|turn|10
|
|move|p2a: Imma Dragon|Dragon Dance|p2a: Imma Dragon
|-boost|p2a: Imma Dragon|atk|1
|-boost|p2a: Imma Dragon|spe|1
|move|p1a: -Ei|Counter|p2a: Imma Dragon
|-fail|p2a: Imma Dragon
|
|turn|11
|
|move|p2a: Imma Dragon|Dragon Dance|p2a: Imma Dragon
|-boost|p2a: Imma Dragon|atk|1
|-boost|p2a: Imma Dragon|spe|1
|move|p1a: -Ei|Toxic|p2a: Imma Dragon
|-status|p2a: Imma Dragon|tox
|
|-damage|p2a: Imma Dragon|187\/306 tox|[from] psn
|turn|12
|
|move|p2a: Imma Dragon|Dragon Claw|p1a: -Ei
|-damage|p1a: -Ei|0 fnt
|-damage|p2a: Imma Dragon|157\/306 tox|[from] item: Life Orb
|faint|p1a: -Ei
|
|-damage|p2a: Imma Dragon|119\/306 tox|[from] psn
|
|switch|p1a: Barbaria|Skarmory, F, shiny|334\/334
|-damage|p1a: Barbaria|293\/334|[from] Stealth Rock
|turn|13
|
|move|p2a: Imma Dragon|Fire Fang|p1a: Barbaria
|-supereffective|p1a: Barbaria
|-damage|p1a: Barbaria|0 fnt
|-damage|p2a: Imma Dragon|68\/306 tox|[from] item: Rocky Helmet|[of] p1a: Barbaria
|-damage|p2a: Imma Dragon|38\/306 tox|[from] item: Life Orb
|faint|p1a: Barbaria
|
|-damage|p2a: Imma Dragon|0 fnt|[from] psn
|faint|p2a: Imma Dragon
|
|switch|p2a: Imma Psycho|Gengar, M, shiny|262\/262
|switch|p1a: Aragorn|Gallade, M|147\/278 par
|-damage|p1a: Aragorn|130\/278 par|[from] Stealth Rock
|turn|14
|
|move|p1a: Aragorn|Shadow Sneak|p2a: Imma Psycho
|-supereffective|p2a: Imma Psycho
|-damage|p2a: Imma Psycho|114\/262
|move|p2a: Imma Psycho|Shadow Ball|p1a: Aragorn
|-supereffective|p1a: Aragorn
|-damage|p1a: Aragorn|0 fnt
|-damage|p2a: Imma Psycho|88\/262|[from] item: Life Orb
|faint|p1a: Aragorn
|
|
|switch|p1a: Firnen|Dragonite, M, shiny|386\/386
|-damage|p1a: Firnen|290\/386|[from] Stealth Rock
|turn|15
|
|move|p2a: Imma Psycho|Sludge Bomb|p1a: Firnen
|-damage|p1a: Firnen|82\/386
|-damage|p2a: Imma Psycho|62\/262|[from] item: Life Orb
|move|p1a: Firnen|Roost|p1a: Firnen
|-heal|p1a: Firnen|275\/386
|
|turn|16
|
|move|p2a: Imma Psycho|Shadow Ball|p1a: Firnen
|-damage|p1a: Firnen|96\/386
|-damage|p2a: Imma Psycho|36\/262|[from] item: Life Orb
|move|p1a: Firnen|Roost|p1a: Firnen
|-heal|p1a: Firnen|289\/386
|
|turn|17
|
|move|p2a: Imma Psycho|Giga Drain|p1a: Firnen
|-resisted|p1a: Firnen
|-damage|p1a: Firnen|263\/386
|-heal|p2a: Imma Psycho|49\/262|[from] drain|[of] p1a: Firnen
|-damage|p2a: Imma Psycho|23\/262|[from] item: Life Orb
|move|p1a: Firnen|Roost|p1a: Firnen
|-heal|p1a: Firnen|386\/386
|
|turn|18
|
|move|p2a: Imma Psycho|Sludge Bomb|p1a: Firnen
|-damage|p1a: Firnen|276\/386
|-damage|p2a: Imma Psycho|0 fnt|[from] item: Life Orb
|faint|p2a: Imma Psycho
|move|p1a: Firnen|Dragon Dance|p1a: Firnen
|-boost|p1a: Firnen|atk|1
|-boost|p1a: Firnen|spe|1
|
|
|switch|p2a: Imma Pig|Mamoswine, M|424\/424
|turn|19
|
|move|p1a: Firnen|Extreme Speed|p2a: Imma Pig
|-damage|p2a: Imma Pig|235\/424
|move|p2a: Imma Pig|Ice Shard|p1a: Firnen
|-supereffective|p1a: Firnen
|-damage|p1a: Firnen|0 fnt
|faint|p1a: Firnen
|
|-heal|p2a: Imma Pig|261\/424|[from] item: Leftovers
|
|switch|p1a: Voltass|Manectric, M|282\/282
|-damage|p1a: Voltass|247\/282|[from] Stealth Rock
|turn|20
|c|âttte|\/\/! weak mamoswine
|
|detailschange|p1a: Voltass|Manectric-Mega, M
|message|Manectric has Mega Evolved into Mega Manectric!
|-ability|p1a: Voltass|Intimidate|[of] p2a: Imma Pig
|-unboost|p2a: Imma Pig|atk|1
|move|p1a: Voltass|Flamethrower|p2a: Imma Pig
|-supereffective|p2a: Imma Pig
|-damage|p2a: Imma Pig|95\/424
|move|p2a: Imma Pig|Earthquake|p1a: Voltass
|-supereffective|p1a: Voltass
|-damage|p1a: Voltass|0 fnt
|faint|p1a: Voltass
|
|win|StachePrincess
|raw|Ladder updating...
|raw|ttte's rating: 1370 &rarr; <strong>1349<\/strong><br \/>(-21 for losing)
|raw|StachePrincess's rating: 1355 &rarr; <strong>1376<\/strong><br \/>(+21 for winning)
|c|âttte|gg
|leave|ttte
|player|p1
|c|âStachePrincess|gg