|join|Fat Lenny
|join|Kushalos
|player|p1|Fat Lenny|224
|player|p2|Kushalos|34
|gametype|singles
|gen|5
|tier|[Gen 5] UU
|rule|Sleep Clause Mod: Limit one foe put to sleep
|rule|Species Clause: Limit one of each PokÃ©mon
|rule|OHKO Clause: OHKO moves are banned
|rule|Moody Clause: Moody is banned
|rule|Evasion Moves Clause: Evasion moves are banned
|rule|Endless Battle Clause: Forcing endless battles is banned
|rule|HP Percentage Mod: HP is reported as percentages
|rule|Evasion Abilities Clause: Evasion abilities are banned
|clearpoke
|poke|p1|Nidoqueen, F
|poke|p1|Mienshao, M
|poke|p1|Kingdra, F
|poke|p1|Raikou, shiny
|poke|p1|Heracross, F
|poke|p1|Victini
|poke|p2|Empoleon, F
|poke|p2|Heracross, F
|poke|p2|Victini
|poke|p2|Raikou
|poke|p2|Shaymin
|poke|p2|Snorlax, F
|teampreview
|join|Moony
|
|start
|switch|p1a: Mienshao|Mienshao, M|271\/271
|switch|p2a: Empoleon|Empoleon, F|309\/309
|turn|1
|
|move|p1a: Mienshao|High Jump Kick|p2a: Empoleon
|-supereffective|p2a: Empoleon
|-enditem|p2a: Empoleon|Focus Sash
|-damage|p2a: Empoleon|1\/309
|move|p2a: Empoleon|Hydro Pump|p1a: Mienshao
|-damage|p1a: Mienshao|0 fnt
|faint|p1a: Mienshao
|
|join|Afro Smash
|chat|Fat Lenny|o_O
|chat|Kushalos|credits to somalia
|chat|Kushalos|;]
|chat|Fat Lenny|you better not have jet
|
|switch|p1a: Kingdra|Kingdra, F|291\/291
|turn|2
|
|switch|p2a: Snorlax|Snorlax, F|511\/511
|move|p1a: Kingdra|Dragon Pulse|p2a: Snorlax
|-damage|p2a: Snorlax|346\/511
|-damage|p1a: Kingdra|262\/291|[from] item: Life Orb
|
|turn|3
|join|kirigakure
|chat|Kushalos|dont be mixed k thx
|join|Maxeo
|
|move|p1a: Kingdra|Draco Meteor|p2a: Snorlax
|-damage|p2a: Snorlax|95\/511
|-unboost|p1a: Kingdra|spa|2
|-damage|p1a: Kingdra|233\/291|[from] item: Life Orb
|move|p2a: Snorlax|Frustration|p1a: Kingdra
|-crit|p1a: Kingdra
|-damage|p1a: Kingdra|0 fnt
|faint|p1a: Kingdra
|
|
|switch|p1a: Nidoqueen|Nidoqueen, F|346\/346
|turn|4
|
|switch|p2a: Empoleon|Empoleon, F|1\/309
|move|p1a: Nidoqueen|Earth Power|p2a: Empoleon
|-supereffective|p2a: Empoleon
|-damage|p2a: Empoleon|0 fnt
|faint|p2a: Empoleon
|
|chat|Kushalos|oh
|chat|Kushalos|nice choke kush
|chat|Kushalos|derp
|join|P2P
|join|Mael oo
|chat|Fat Lenny|was a 5050 for me
|
|switch|p2a: Victini|Victini|341\/341
|turn|5
|chat|Kushalos|i had no reason
|chat|Kushalos|to switch out really
|chat|Kushalos|actually
|chat|Kushalos|nvm
|chat|Kushalos|i made the right move
|
|switch|p1a: Victini|Victini|341\/341
|move|p2a: Victini|V-create|p1a: Victini
|-resisted|p1a: Victini
|-damage|p1a: Victini|151\/341
|-unboost|p2a: Victini|def|1
|-unboost|p2a: Victini|spd|1
|-unboost|p2a: Victini|spe|1
|
|turn|6
|
|move|p1a: Victini|U-turn|p2a: Victini
|-damage|p2a: Victini|186\/341
|
|switch|p1a: Nidoqueen|Nidoqueen, F|346\/346
|move|p2a: Victini|V-create|p1a: Nidoqueen
|-damage|p1a: Nidoqueen|0 fnt
|-unboost|p2a: Victini|def|1
|-unboost|p2a: Victini|spd|1
|-unboost|p2a: Victini|spe|1
|faint|p1a: Nidoqueen
|
|chat|Kushalos|rip
|
|switch|p1a: Raikou|Raikou, shiny|322\/322
|-ability|p1a: Raikou|Pressure
|turn|7
|join|chimpact
|
|move|p1a: Raikou|Substitute|p1a: Raikou
|-start|p1a: Raikou|Substitute
|-damage|p1a: Raikou|242\/322
|move|p2a: Victini|V-create|p1a: Raikou
|-end|p1a: Raikou|Substitute
|-unboost|p2a: Victini|def|1
|-unboost|p2a: Victini|spd|1
|-unboost|p2a: Victini|spe|1
|
|-heal|p1a: Raikou|262\/322|[from] item: Leftovers
|turn|8
|
|move|p1a: Raikou|Substitute|p1a: Raikou
|-start|p1a: Raikou|Substitute
|-damage|p1a: Raikou|182\/322
|move|p2a: Victini|V-create|p1a: Raikou
|-end|p1a: Raikou|Substitute
|-unboost|p2a: Victini|def|1
|-unboost|p2a: Victini|spd|1
|-unboost|p2a: Victini|spe|1
|
|-heal|p1a: Raikou|202\/322|[from] item: Leftovers
|turn|9
|
|switch|p2a: Shaymin|Shaymin|341\/341
|move|p1a: Raikou|Thunderbolt|p2a: Shaymin
|-resisted|p2a: Shaymin
|-damage|p2a: Shaymin|266\/341
|
|-heal|p1a: Raikou|222\/322|[from] item: Leftovers
|-heal|p2a: Shaymin|287\/341|[from] item: Leftovers
|turn|10
|
|switch|p1a: Victini|Victini|151\/341
|move|p2a: Shaymin|Seed Flare|p1a: Victini
|-crit|p1a: Victini
|-resisted|p1a: Victini
|-damage|p1a: Victini|0 fnt
|faint|p1a: Victini
|
|-heal|p2a: Shaymin|308\/341|[from] item: Leftovers
|chat|Kushalos|shit
|chat|Kushalos|srry
|join|Xyldaz
|chat|Fat Lenny|np
|
|switch|p1a: Heracross|Heracross, F|302\/302
|turn|11
|
|move|p2a: Shaymin|Psychic|p1a: Heracross
|-supereffective|p1a: Heracross
|-damage|p1a: Heracross|102\/302
|move|p1a: Heracross|Megahorn|p2a: Shaymin
|-supereffective|p2a: Shaymin
|-damage|p2a: Shaymin|0 fnt
|faint|p2a: Shaymin
|
|-heal|p1a: Heracross|120\/302|[from] item: Leftovers
|
|switch|p2a: Victini|Victini|186\/341
|turn|12
|
|move|p2a: Victini|Bolt Strike|p1a: Heracross
|-crit|p1a: Heracross
|-damage|p1a: Heracross|0 fnt
|faint|p1a: Heracross
|
|
|switch|p1a: Raikou|Raikou, shiny|222\/322
|-ability|p1a: Raikou|Pressure
|turn|13
|join|double01
|leave|double01
|
|move|p1a: Raikou|Calm Mind|p1a: Raikou
|-boost|p1a: Raikou|spa|1
|-boost|p1a: Raikou|spd|1
|move|p2a: Victini|Bolt Strike|p1a: Raikou
|-resisted|p1a: Raikou
|-damage|p1a: Raikou|100\/322
|
|-heal|p1a: Raikou|120\/322|[from] item: Leftovers
|turn|14
|
|move|p1a: Raikou|Substitute|p1a: Raikou
|-start|p1a: Raikou|Substitute
|-damage|p1a: Raikou|40\/322
|move|p2a: Victini|Bolt Strike|p1a: Raikou
|-resisted|p1a: Raikou
|-end|p1a: Raikou|Substitute
|
|-heal|p1a: Raikou|60\/322|[from] item: Leftovers
|turn|15
|chat|Kushalos|huh
|chat|Fat Lenny|wheres my miss?
|chat|Kushalos|lol
|
|move|p1a: Raikou|Thunderbolt|p2a: Victini
|-damage|p2a: Victini|0 fnt
|faint|p2a: Victini
|
|-heal|p1a: Raikou|80\/322|[from] item: Leftovers
|
|switch|p2a: Heracross|Heracross, F|301\/301
|turn|16
|chat|Fat Lenny|gg
|
|move|p1a: Raikou|Thunderbolt|p2a: Heracross
|-damage|p2a: Heracross|55\/301
|-status|p2a: Heracross|par
|move|p2a: Heracross|Earthquake|p1a: Raikou
|-supereffective|p1a: Raikou
|-damage|p1a: Raikou|0 fnt
|faint|p1a: Raikou
|
|win|Kushalos
|chat|Kushalos|gg
|chat|Kushalos|whew
|leave|Kushalos
|player|p2
|join|GIMMIE THE LOOT
|leave|Fat Lenny
|player|p1
|leave|GIMMIE THE LOOT
|leave|Xyldaz
|leave|Afro Smash
|join|innovamania
|leave|Mael oo
|leave|innovamania
|leave|Moony
|join|Srn
|leave|Srn
|leave|Maxeo