|join|Fat Lenny
|join|Kushalos
|player|p1|Fat Lenny|224
|player|p2|Kushalos|34
|gametype|singles
|gen|6
|tier|UU
|rule|Sleep Clause Mod: Limit one foe put to sleep
|rule|Species Clause: Limit one of each PokÃ©mon
|rule|OHKO Clause: OHKO moves are banned
|rule|Moody Clause: Moody is banned
|rule|Evasion Moves Clause: Evasion moves are banned
|rule|Endless Battle Clause: Forcing endless battles is banned
|rule|HP Percentage Mod: HP is reported as percentages
|clearpoke
|poke|p1|Heracross, M
|poke|p1|Nidoqueen, F
|poke|p1|Aerodactyl, F
|poke|p1|Infernape, F
|poke|p1|Jirachi
|poke|p1|Hydreigon, M
|poke|p2|Roserade, F
|poke|p2|Chandelure, F
|poke|p2|Hydreigon, F
|poke|p2|Aerodactyl, M
|poke|p2|Lucario, M
|poke|p2|Raikou
|rule|Swagger Clause: Swagger is banned
|rule|Baton Pass Clause: Limit one PokÃ©mon knowing Baton Pass
|teampreview
|chat|Fat Lenny|hf
|join|Tomahawk
|join|namehtmas
|join|Mizuhime
|chat|Kushalos|you 2 man n_n
|join|Meruu
|join|KratosMana
|
|start
|switch|p1a: Jirachi|Jirachi|341\/341
|switch|p2a: Roserade|Roserade, F|261\/261
|turn|1
|
|move|p1a: Jirachi|Iron Head|p2a: Roserade
|-damage|p2a: Roserade|80\/261
|cant|p2a: Roserade|flinch
|
|turn|2
|
|switch|p2a: Raikou|Raikou|321\/321
|-ability|p2a: Raikou|Pressure
|move|p1a: Jirachi|Iron Head|p2a: Raikou
|-resisted|p2a: Raikou
|-damage|p2a: Raikou|240\/321
|
|turn|3
|join|HOT PIECE OF MEAT
|join|Leftiez
|
|switch|p1a: Nidoqueen|Nidoqueen, F|366\/366
|move|p2a: Raikou|Extrasensory|p1a: Nidoqueen
|-supereffective|p1a: Nidoqueen
|-damage|p1a: Nidoqueen|176\/366
|
|turn|4
|join|P2P
|join|Navy V3
|leave|Navy V3
|
|switch|p2a: Hydreigon|Hydreigon, F|325\/325
|switch|p1a: Jirachi|Jirachi|341\/341
|
|turn|5
|
|move|p1a: Jirachi|U-turn|p2a: Hydreigon
|-supereffective|p2a: Hydreigon
|-damage|p2a: Hydreigon|175\/325
|
|switch|p1a: Nidoqueen|Nidoqueen, F|176\/366
|move|p2a: Hydreigon|Draco Meteor|p1a: Nidoqueen
|-damage|p1a: Nidoqueen|0 fnt
|-unboost|p2a: Hydreigon|spa|2
|faint|p1a: Nidoqueen
|
|join|boudouche
|leave|boudouche
|
|switch|p1a: Aerodactyl|Aerodactyl, F|321\/321
|turn|6
|
|switch|p2a: Roserade|Roserade, F|80\/261
|detailschange|p1a: Aerodactyl|Aerodactyl-Mega, F
|message|Aerodactyl has Mega Evolved into Mega Aerodactyl!
|move|p1a: Aerodactyl|Aqua Tail|p2a: Roserade
|-resisted|p2a: Roserade
|-damage|p2a: Roserade|0 fnt
|faint|p2a: Roserade
|
|
|switch|p2a: Raikou|Raikou|240\/321
|-ability|p2a: Raikou|Pressure
|turn|7
|join|GIMMIE THE LOOT
|join|hot n cold
|
|switch|p1a: Jirachi|Jirachi|341\/341
|move|p2a: Raikou|Volt Switch|p1a: Jirachi
|-damage|p1a: Jirachi|232\/341
|join|Maxeo
|
|switch|p2a: Lucario|Lucario, M|281\/281
|
|turn|8
|
|move|p1a: Jirachi|U-turn|p2a: Lucario
|-resisted|p2a: Lucario
|-damage|p2a: Lucario|256\/281
|
|switch|p1a: Heracross|Heracross, M|311\/311
|move|p2a: Lucario|Close Combat|p1a: Heracross
|-resisted|p1a: Heracross
|-damage|p1a: Heracross|125\/311
|-unboost|p2a: Lucario|def|1
|-unboost|p2a: Lucario|spd|1
|-damage|p2a: Lucario|228\/281|[from] item: Life Orb
|
|-heal|p1a: Heracross|144\/311|[from] item: Leftovers
|turn|9
|join|Mael oo
|
|move|p2a: Lucario|Extreme Speed|p1a: Heracross
|-damage|p1a: Heracross|1\/311
|-damage|p2a: Lucario|200\/281|[from] item: Life Orb
|move|p1a: Heracross|Close Combat|p2a: Lucario
|-supereffective|p2a: Lucario
|-damage|p2a: Lucario|0 fnt
|-unboost|p1a: Heracross|def|1
|-unboost|p1a: Heracross|spd|1
|faint|p2a: Lucario
|
|-heal|p1a: Heracross|20\/311|[from] item: Leftovers
|chat|Kushalos|o
|chat|Kushalos|rip
|
|switch|p2a: Aerodactyl|Aerodactyl, M|331\/331
|-ability|p2a: Aerodactyl|Pressure
|turn|10
|join|ULT Dark_Psiana
|
|detailschange|p2a: Aerodactyl|Aerodactyl-Mega, M
|message|Aerodactyl has Mega Evolved into Mega Aerodactyl!
|move|p2a: Aerodactyl|Earthquake|p1a: Heracross
|-resisted|p1a: Heracross
|-damage|p1a: Heracross|0 fnt
|faint|p1a: Heracross
|
|
|switch|p1a: Jirachi|Jirachi|232\/341
|turn|11
|
|switch|p2a: Chandelure|Chandelure, F|305\/305
|move|p1a: Jirachi|U-turn|p2a: Chandelure
|-resisted|p2a: Chandelure
|-damage|p2a: Chandelure|286\/305
|
|switch|p1a: Aerodactyl|Aerodactyl-Mega, F|321\/321
|
|-heal|p2a: Chandelure|305\/305|[from] item: Leftovers
|turn|12
|
|move|p1a: Aerodactyl|Pursuit|p2a: Chandelure|[from]Pursuit
|-supereffective|p2a: Chandelure
|-damage|p2a: Chandelure|0 fnt
|faint|p2a: Chandelure
|
|chat|Kushalos|rip
|
|switch|p2a: Raikou|Raikou|240\/321
|-ability|p2a: Raikou|Pressure
|turn|13
|join|King Tsunami
|leave|King Tsunami
|join|kirigakure
|
|move|p2a: Raikou|Volt Switch|p1a: Aerodactyl
|-supereffective|p1a: Aerodactyl
|-damage|p1a: Aerodactyl|75\/321
|
|switch|p2a: Hydreigon|Hydreigon, F|175\/325
|move|p1a: Aerodactyl|Aqua Tail|p2a: Hydreigon
|-resisted|p2a: Hydreigon
|-damage|p2a: Hydreigon|92\/325
|
|turn|14
|
|move|p2a: Hydreigon|Dark Pulse|p1a: Aerodactyl
|-damage|p1a: Aerodactyl|0 fnt
|faint|p1a: Aerodactyl
|
|
|switch|p1a: Infernape|Infernape, F|293\/293
|turn|15
|leave|Tomahawk
|
|move|p2a: Hydreigon|Dark Pulse|p1a: Infernape
|-resisted|p1a: Infernape
|-damage|p1a: Infernape|196\/293
|cant|p1a: Infernape|flinch
|
|turn|16
|
|move|p2a: Hydreigon|Dark Pulse|p1a: Infernape
|-resisted|p1a: Infernape
|-damage|p1a: Infernape|103\/293
|move|p1a: Infernape|Nasty Plot|p1a: Infernape
|-boost|p1a: Infernape|spa|2
|
|turn|17
|
|move|p1a: Infernape|Vacuum Wave|p2a: Hydreigon
|-supereffective|p2a: Hydreigon
|-damage|p2a: Hydreigon|0 fnt
|-damage|p1a: Infernape|74\/293|[from] item: Life Orb
|faint|p2a: Hydreigon
|
|
|switch|p2a: Aerodactyl|Aerodactyl-Mega, M|331\/331
|turn|18
|leave|Mizuhime
|
|move|p1a: Infernape|Vacuum Wave|p2a: Aerodactyl
|-damage|p2a: Aerodactyl|166\/331
|-damage|p1a: Infernape|45\/293|[from] item: Life Orb
|move|p2a: Aerodactyl|Earthquake|p1a: Infernape
|-supereffective|p1a: Infernape
|-damage|p1a: Infernape|0 fnt
|faint|p1a: Infernape
|
|
|switch|p1a: Jirachi|Jirachi|232\/341
|turn|19
|
|move|p1a: Jirachi|Iron Head|p2a: Aerodactyl
|-crit|p2a: Aerodactyl
|-supereffective|p2a: Aerodactyl
|-damage|p2a: Aerodactyl|0 fnt
|faint|p2a: Aerodactyl
|
|chat|Kushalos|damn
|chat|Kushalos|mispredicted
|
|switch|p2a: Raikou|Raikou|240\/321
|-ability|p2a: Raikou|Pressure
|turn|20
|chat|Kushalos|were you running dual scarf as well
|chat|Kushalos|or specsdrei
|chat|Fat Lenny|nope
|chat|Fat Lenny|LO
|chat|Kushalos|ah k
|chat|Kushalos|i went for stone edge
|chat|Kushalos|predicting U-turn
|
|move|p2a: Raikou|Thunderbolt|p1a: Jirachi
|-damage|p1a: Jirachi|82\/341
|move|p1a: Jirachi|Iron Head|p2a: Raikou
|-resisted|p2a: Raikou
|-damage|p2a: Raikou|168\/321
|
|turn|21
|chat|Fat Lenny|double scarfers always fuck me up
|chat|Kushalos|gg 
|
|move|p2a: Raikou|Thunderbolt|p1a: Jirachi
|-damage|p1a: Jirachi|0 fnt
|faint|p1a: Jirachi
|
|chat|Kushalos|was a fun game
|join|Xyldaz
|
|switch|p1a: Hydreigon|Hydreigon, M|325\/325
|turn|22
|chat|Fat Lenny|GG
|
|move|p2a: Raikou|Thunderbolt|p1a: Hydreigon
|-resisted|p1a: Hydreigon
|-damage|p1a: Hydreigon|241\/325
|move|p1a: Hydreigon|Draco Meteor|p2a: Raikou
|-damage|p2a: Raikou|0 fnt
|-unboost|p1a: Hydreigon|spa|2
|-damage|p1a: Hydreigon|209\/325|[from] item: Life Orb
|faint|p2a: Raikou
|
|win|Fat Lenny
|chat|Fat Lenny|bw?
|leave|Kushalos
|player|p2
|leave|Leftiez
|leave|namehtmas
|leave|Maxeo
|leave|Mael oo
|join|Moony
|leave|Fat Lenny
|player|p1
|leave|KratosMana
|leave|Moony
|leave|P2P
|leave|Xyldaz