|join|Fat Lenny
|join|Calloflochie
|player|p1|Fat Lenny|224
|player|p2|Calloflochie|116
|gametype|singles
|gen|6
|tier|UU
|rule|Sleep Clause Mod: Limit one foe put to sleep
|rule|Species Clause: Limit one of each PokÃ©mon
|rule|OHKO Clause: OHKO moves are banned
|rule|Moody Clause: Moody is banned
|rule|Evasion Moves Clause: Evasion moves are banned
|rule|Endless Battle Clause: Forcing endless battles is banned
|rule|HP Percentage Mod: HP is reported as percentages
|clearpoke
|poke|p1|Heracross, M
|poke|p1|Nidoqueen, F
|poke|p1|Aerodactyl, M
|poke|p1|Lucario, M
|poke|p1|Jirachi
|poke|p1|Hydreigon, F
|poke|p2|Nidoqueen, F
|poke|p2|Krookodile, M
|poke|p2|Alakazam, M
|poke|p2|Jirachi
|poke|p2|Hydreigon, F
|poke|p2|Blastoise, M
|rule|Swagger Clause: Swagger is banned
|rule|Baton Pass Clause: Limit one PokÃ©mon knowing Baton Pass
|teampreview
|join|Pleasure Kitten
|chat|Calloflochie|glhf buddy
|join|Meruu
|join|JabbaTheGriffin
|
|start
|switch|p1a: Hydreigon|Hydreigon, F|325\/325
|switch|p2a: Nidoqueen|Nidoqueen, F|351\/351
|turn|1
|chat|JabbaTheGriffin|is this for anything
|
|move|p1a: Hydreigon|Dark Pulse|p2a: Nidoqueen
|-damage|p2a: Nidoqueen|148\/351
|-damage|p1a: Hydreigon|293\/325|[from] item: Life Orb
|move|p2a: Nidoqueen|Stealth Rock|p1a: Hydreigon
|-sidestart|p1: Fat Lenny|move: Stealth Rock
|
|turn|2
|chat|Calloflochie|UU minitour thing
|join|fat lenny fan 26
|
|move|p1a: Hydreigon|Dark Pulse|p2a: Nidoqueen
|-damage|p2a: Nidoqueen|0 fnt
|-damage|p1a: Hydreigon|261\/325|[from] item: Life Orb
|faint|p2a: Nidoqueen
|
|
|switch|p2a: Alakazam|Alakazam, M|251\/251
|turn|3
|join|Afro Smash
|
|switch|p1a: Jirachi|Jirachi|341\/341
|-damage|p1a: Jirachi|320\/341|[from] Stealth Rock
|move|p2a: Alakazam|Shadow Ball|p1a: Jirachi
|-supereffective|p1a: Jirachi
|-damage|p1a: Jirachi|120\/341
|
|turn|4
|
|switch|p2a: Jirachi|Jirachi|341\/341
|move|p1a: Jirachi|U-turn|p2a: Jirachi
|-damage|p2a: Jirachi|275\/341
|chat|Calloflochie|call it a counter,
|join|kokoloko
|
|switch|p1a: Nidoqueen|Nidoqueen, F|366\/366
|-damage|p1a: Nidoqueen|344\/366|[from] Stealth Rock
|
|turn|5
|
|move|p2a: Jirachi|Zen Headbutt|p1a: Nidoqueen
|-crit|p1a: Nidoqueen
|-supereffective|p1a: Nidoqueen
|-damage|p1a: Nidoqueen|0 fnt
|faint|p1a: Nidoqueen
|
|chat|Calloflochie|call it
|chat|Calloflochie|a counter,,,,
|
|switch|p1a: Hydreigon|Hydreigon, F|261\/325
|-damage|p1a: Hydreigon|221\/325|[from] Stealth Rock
|turn|6
|join|Oglemi
|
|switch|p2a: Krookodile|Krookodile, M|331\/331
|-ability|p2a: Krookodile|Intimidate|[of] p1a: Hydreigon
|-unboost|p1a: Hydreigon|atk|1
|move|p1a: Hydreigon|Draco Meteor|p2a: Krookodile|[miss]
|-miss|p1a: Hydreigon|p2a: Krookodile
|
|turn|7
|chat|Calloflochie|god damn im good
|
|switch|p1a: Heracross|Heracross, M|311\/311
|-damage|p1a: Heracross|273\/311|[from] Stealth Rock
|move|p2a: Krookodile|Superpower|p1a: Heracross
|-resisted|p1a: Heracross
|-damage|p1a: Heracross|148\/311
|-unboost|p2a: Krookodile|atk|1
|-unboost|p2a: Krookodile|def|1
|
|-heal|p1a: Heracross|167\/311|[from] item: Leftovers
|turn|8
|
|move|p2a: Krookodile|Superpower|p1a: Heracross
|-resisted|p1a: Heracross
|-damage|p1a: Heracross|79\/311
|-unboost|p2a: Krookodile|atk|1
|-unboost|p2a: Krookodile|def|1
|move|p1a: Heracross|Close Combat|p2a: Krookodile
|-supereffective|p2a: Krookodile
|-damage|p2a: Krookodile|0 fnt
|-unboost|p1a: Heracross|def|1
|-unboost|p1a: Heracross|spd|1
|faint|p2a: Krookodile
|
|-heal|p1a: Heracross|98\/311|[from] item: Leftovers
|
|switch|p2a: Hydreigon|Hydreigon, F|325\/325
|turn|9
|
|move|p2a: Hydreigon|Dark Pulse|p1a: Heracross
|-resisted|p1a: Heracross
|-damage|p1a: Heracross|0 fnt
|-damage|p2a: Hydreigon|293\/325|[from] item: Life Orb
|faint|p1a: Heracross
|
|
|switch|p1a: Hydreigon|Hydreigon, F|221\/325
|-damage|p1a: Hydreigon|181\/325|[from] Stealth Rock
|turn|10
|join|subtle body
|
|move|p1a: Hydreigon|Superpower|p2a: Hydreigon
|-supereffective|p2a: Hydreigon
|-damage|p2a: Hydreigon|0 fnt
|-unboost|p1a: Hydreigon|atk|1
|-unboost|p1a: Hydreigon|def|1
|-damage|p1a: Hydreigon|149\/325|[from] item: Life Orb
|faint|p2a: Hydreigon
|
|
|switch|p2a: Jirachi|Jirachi|275\/341
|turn|11
|join|MC RiiDE
|join|Moony
|
|switch|p1a: Aerodactyl|Aerodactyl, M|301\/301
|-damage|p1a: Aerodactyl|226\/301|[from] Stealth Rock
|move|p2a: Jirachi|U-turn|p1a: Aerodactyl
|-resisted|p1a: Aerodactyl
|-damage|p1a: Aerodactyl|173\/301
|join|stuu
|chat|Calloflochie|lenny
|chat|Calloflochie|u offense bud
|
|switch|p2a: Blastoise|Blastoise, M|335\/335
|
|turn|12
|
|detailschange|p1a: Aerodactyl|Aerodactyl-Mega, M
|message|Aerodactyl has Mega Evolved into Mega Aerodactyl!
|detailschange|p2a: Blastoise|Blastoise-Mega, M
|message|Blastoise has Mega Evolved into Mega Blastoise!
|move|p1a: Aerodactyl|Stone Edge|p2a: Blastoise|[miss]
|-miss|p1a: Aerodactyl|p2a: Blastoise
|move|p2a: Blastoise|Hydro Pump|p1a: Aerodactyl
|-supereffective|p1a: Aerodactyl
|-damage|p1a: Aerodactyl|0 fnt
|faint|p1a: Aerodactyl
|
|
|switch|p1a: Hydreigon|Hydreigon, F|149\/325
|-damage|p1a: Hydreigon|109\/325|[from] Stealth Rock
|turn|13
|join|chimpact
|
|switch|p2a: Alakazam|Alakazam, M|251\/251
|move|p1a: Hydreigon|Draco Meteor|p2a: Alakazam
|-enditem|p2a: Alakazam|Focus Sash
|-damage|p2a: Alakazam|1\/251
|-unboost|p1a: Hydreigon|spa|2
|-damage|p1a: Hydreigon|77\/325|[from] item: Life Orb
|
|turn|14
|
|switch|p1a: Lucario|Lucario, M|281\/281
|-damage|p1a: Lucario|273\/281|[from] Stealth Rock
|move|p2a: Alakazam|Dazzling Gleam|p1a: Lucario
|-damage|p1a: Lucario|143\/281
|
|turn|15
|
|move|p1a: Lucario|Extreme Speed|p2a: Alakazam
|-damage|p2a: Alakazam|0 fnt
|-damage|p1a: Lucario|115\/281|[from] item: Life Orb
|faint|p2a: Alakazam
|
|
|switch|p2a: Blastoise|Blastoise-Mega, M|335\/335
|turn|16
|
|move|p1a: Lucario|Close Combat|p2a: Blastoise
|-damage|p2a: Blastoise|121\/335
|-unboost|p1a: Lucario|def|1
|-unboost|p1a: Lucario|spd|1
|-damage|p1a: Lucario|87\/281|[from] item: Life Orb
|move|p2a: Blastoise|Dragon Pulse|p1a: Lucario
|-resisted|p1a: Lucario
|-damage|p1a: Lucario|0 fnt
|faint|p1a: Lucario
|
|join|Ren-chon
|
|switch|p1a: Hydreigon|Hydreigon, F|77\/325
|-damage|p1a: Hydreigon|37\/325|[from] Stealth Rock
|turn|17
|
|move|p1a: Hydreigon|Dark Pulse|p2a: Blastoise
|-damage|p2a: Blastoise|0 fnt
|-damage|p1a: Hydreigon|5\/325|[from] item: Life Orb
|faint|p2a: Blastoise
|
|
|switch|p2a: Jirachi|Jirachi|275\/341
|turn|18
|
|move|p2a: Jirachi|Iron Head|p1a: Hydreigon
|-damage|p1a: Hydreigon|0 fnt
|faint|p1a: Hydreigon
|
|
|switch|p1a: Jirachi|Jirachi|120\/341
|-damage|p1a: Jirachi|99\/341|[from] Stealth Rock
|turn|19
|
|move|p2a: Jirachi|Iron Head|p1a: Jirachi
|-crit|p1a: Jirachi
|-resisted|p1a: Jirachi
|-damage|p1a: Jirachi|11\/341
|move|p1a: Jirachi|Fire Punch|p2a: Jirachi
|-supereffective|p2a: Jirachi
|-damage|p2a: Jirachi|129\/341
|
|turn|20
|
|move|p1a: Jirachi|Fire Punch|p2a: Jirachi
|-supereffective|p2a: Jirachi
|-damage|p2a: Jirachi|0 fnt
|faint|p2a: Jirachi
|
|win|Fat Lenny
|leave|MC RiiDE
|leave|Oglemi
|leave|Pleasure Kitten
|leave|fat lenny fan 26
|leave|Calloflochie
|player|p2