|join|Fat Lenny
|join|Malefic
|player|p1|Fat Lenny|224
|player|p2|Malefic|80
|gametype|singles
|gen|6
|tier|UU
|rule|Sleep Clause Mod: Limit one foe put to sleep
|rule|Species Clause: Limit one of each PokÃ©mon
|rule|OHKO Clause: OHKO moves are banned
|rule|Moody Clause: Moody is banned
|rule|Evasion Moves Clause: Evasion moves are banned
|rule|Endless Battle Clause: Forcing endless battles is banned
|rule|HP Percentage Mod: HP is shown in percentages
|clearpoke
|poke|p1|Heracross, F
|poke|p1|Nidoqueen, F
|poke|p1|Aerodactyl, F
|poke|p1|Lucario, F
|poke|p1|Jirachi
|poke|p1|Hydreigon, F
|poke|p2|Crobat, M
|poke|p2|Shaymin
|poke|p2|Hydreigon, F
|poke|p2|Nidoqueen, F
|poke|p2|Blastoise, M
|poke|p2|Jirachi
|rule|Swagger Clause: Swagger is banned
|rule|Baton Pass Clause: Limit one PokÃ©mon knowing Baton Pass
|teampreview
|join|Hot N Cold
|
|start
|switch|p1a: Aerodactyl|Aerodactyl, F|321\/321
|switch|p2a: Jirachi|Jirachi|341\/341
|-ability|p1a: Aerodactyl|Pressure
|turn|1
|
|detailschange|p1a: Aerodactyl|Aerodactyl-Mega, F
|message|Aerodactyl has Mega Evolved into Mega Aerodactyl!
|move|p2a: Jirachi|Iron Head|p1a: Aerodactyl
|-supereffective|p1a: Aerodactyl
|-damage|p1a: Aerodactyl|25\/321
|move|p1a: Aerodactyl|Aqua Tail|p2a: Jirachi
|-damage|p2a: Jirachi|187\/341
|
|turn|2
|
|switch|p1a: Jirachi|Jirachi|341\/341
|move|p2a: Jirachi|Iron Head|p1a: Jirachi
|-resisted|p1a: Jirachi
|-damage|p1a: Jirachi|283\/341
|
|-heal|p1a: Jirachi|304\/341|[from] item: Leftovers
|turn|3
|
|switch|p2a: Blastoise|Blastoise, M|335\/335
|switch|p1a: Hydreigon|Hydreigon, F|325\/325
|
|turn|4
|join|Sand Castle
|leave|Sand Castle
|
|switch|p2a: Jirachi|Jirachi|187\/341
|move|p1a: Hydreigon|U-turn|p2a: Jirachi
|-damage|p2a: Jirachi|127\/341
|
|switch|p1a: Jirachi|Jirachi|304\/341
|
|-heal|p1a: Jirachi|325\/341|[from] item: Leftovers
|turn|5
|
|switch|p2a: Blastoise|Blastoise, M|335\/335
|move|p1a: Jirachi|Shadow Ball|p2a: Blastoise
|-damage|p2a: Blastoise|257\/335
|
|-heal|p1a: Jirachi|341\/341|[from] item: Leftovers
|turn|6
|
|switch|p1a: Heracross|Heracross, F|311\/311
|detailschange|p2a: Blastoise|Blastoise-Mega, M
|message|Blastoise has Mega Evolved into Mega Blastoise!
|move|p2a: Blastoise|Dragon Pulse|p1a: Heracross
|-damage|p1a: Heracross|144\/311
|
|-heal|p1a: Heracross|163\/311|[from] item: Leftovers
|turn|7
|
|move|p1a: Heracross|Close Combat|p2a: Blastoise
|-damage|p2a: Blastoise|55\/335
|-unboost|p1a: Heracross|def|1
|-unboost|p1a: Heracross|spd|1
|move|p2a: Blastoise|Dragon Pulse|p1a: Heracross
|-damage|p1a: Heracross|0 fnt
|faint|p1a: Heracross
|
|
|switch|p1a: Hydreigon|Hydreigon, F|325\/325
|turn|8
|
|switch|p2a: Crobat|Crobat, M|373\/373
|move|p1a: Hydreigon|Dragon Pulse|p2a: Crobat
|-damage|p2a: Crobat|204\/373
|
|-heal|p2a: Crobat|227\/373|[from] item: Black Sludge
|turn|9
|leave|Hot N Cold
|
|switch|p1a: Jirachi|Jirachi|341\/341
|switch|p2a: Nidoqueen|Nidoqueen, F|321\/321
|
|turn|10
|
|switch|p1a: Aerodactyl|Aerodactyl-Mega, F|25\/321
|move|p2a: Nidoqueen|Stealth Rock|p1a: Aerodactyl
|-sidestart|p1: Fat Lenny|move: Stealth Rock
|
|turn|11
|
|switch|p2a: Hydreigon|Hydreigon, F|325\/325
|move|p1a: Aerodactyl|Aqua Tail|p2a: Hydreigon
|-resisted|p2a: Hydreigon
|-damage|p2a: Hydreigon|232\/325
|
|turn|12
|
|move|p2a: Hydreigon|U-turn|p1a: Aerodactyl
|-resisted|p1a: Aerodactyl
|-damage|p1a: Aerodactyl|0 fnt
|faint|p1a: Aerodactyl
|
|switch|p2a: Nidoqueen|Nidoqueen, F|321\/321
|
|
|switch|p1a: Hydreigon|Hydreigon, F|325\/325
|-damage|p1a: Hydreigon|285\/325|[from] Stealth Rock
|turn|13
|join|innovamania
|leave|innovamania
|
|switch|p2a: Crobat|Crobat, M|227\/373
|move|p1a: Hydreigon|Draco Meteor|p2a: Crobat
|-damage|p2a: Crobat|0 fnt
|-unboost|p1a: Hydreigon|spa|2
|faint|p2a: Crobat
|
|
|switch|p2a: Shaymin|Shaymin|341\/341
|turn|14
|
|switch|p1a: Lucario|Lucario, F|281\/281
|-damage|p1a: Lucario|273\/281|[from] Stealth Rock
|move|p2a: Shaymin|Seed Flare|p1a: Lucario|[miss]
|-miss|p2a: Shaymin|p1a: Lucario
|
|turn|15
|
|switch|p1a: Hydreigon|Hydreigon, F|285\/325
|-damage|p1a: Hydreigon|245\/325|[from] Stealth Rock
|move|p2a: Shaymin|Earth Power|p1a: Hydreigon
|-immune|p1a: Hydreigon|[msg]
|
|turn|16
|
|move|p1a: Hydreigon|U-turn|p2a: Shaymin
|-supereffective|p2a: Shaymin
|-damage|p2a: Shaymin|223\/341
|
|switch|p1a: Lucario|Lucario, F|273\/281
|-damage|p1a: Lucario|265\/281|[from] Stealth Rock
|move|p2a: Shaymin|Earth Power|p1a: Lucario
|-supereffective|p1a: Lucario
|-damage|p1a: Lucario|0 fnt
|-damage|p2a: Shaymin|189\/341|[from] item: Life Orb
|faint|p1a: Lucario
|
|
|switch|p1a: Nidoqueen|Nidoqueen, F|366\/366
|-damage|p1a: Nidoqueen|344\/366|[from] Stealth Rock
|turn|17
|
|switch|p1a: Hydreigon|Hydreigon, F|245\/325
|-damage|p1a: Hydreigon|205\/325|[from] Stealth Rock
|move|p2a: Shaymin|Healing Wish|p2a: Shaymin
|faint|p2a: Shaymin
|
|
|switch|p2a: Blastoise|Blastoise-Mega, M|55\/335
|-heal|p2a: Blastoise|335\/335|[from] move: Healing Wish
|turn|18
|join|SoulDragonite
|
|move|p1a: Hydreigon|Draco Meteor|p2a: Blastoise|[miss]
|-miss|p1a: Hydreigon|p2a: Blastoise
|move|p2a: Blastoise|Hydro Pump|p1a: Hydreigon
|-resisted|p1a: Hydreigon
|-damage|p1a: Hydreigon|88\/325
|
|turn|19
|
|move|p1a: Hydreigon|Draco Meteor|p2a: Blastoise
|-damage|p2a: Blastoise|146\/335
|-unboost|p1a: Hydreigon|spa|2
|move|p2a: Blastoise|Dragon Pulse|p1a: Hydreigon
|-supereffective|p1a: Hydreigon
|-damage|p1a: Hydreigon|0 fnt
|faint|p1a: Hydreigon
|
|
|switch|p1a: Jirachi|Jirachi|341\/341
|-damage|p1a: Jirachi|320\/341|[from] Stealth Rock
|turn|20
|
|move|p1a: Jirachi|Calm Mind|p1a: Jirachi
|-boost|p1a: Jirachi|spa|1
|-boost|p1a: Jirachi|spd|1
|move|p2a: Blastoise|Dark Pulse|p1a: Jirachi
|-supereffective|p1a: Jirachi
|-damage|p1a: Jirachi|88\/341
|
|-heal|p1a: Jirachi|109\/341|[from] item: Leftovers
|turn|21
|
|move|p1a: Jirachi|Psyshock|p2a: Blastoise
|-damage|p2a: Blastoise|0 fnt
|faint|p2a: Blastoise
|
|-heal|p1a: Jirachi|130\/341|[from] item: Leftovers
|
|switch|p2a: Hydreigon|Hydreigon, F|232\/325
|turn|22
|
|switch|p1a: Nidoqueen|Nidoqueen, F|344\/366
|-damage|p1a: Nidoqueen|322\/366|[from] Stealth Rock
|move|p2a: Hydreigon|Dark Pulse|p1a: Nidoqueen
|-damage|p1a: Nidoqueen|171\/366
|
|turn|23
|
|switch|p2a: Jirachi|Jirachi|127\/341
|move|p1a: Nidoqueen|Ice Beam|p2a: Jirachi
|-resisted|p2a: Jirachi
|-damage|p2a: Jirachi|57\/341
|
|turn|24
|
|move|p2a: Jirachi|Fire Punch|p1a: Nidoqueen
|-damage|p1a: Nidoqueen|92\/366
|-status|p1a: Nidoqueen|brn
|move|p1a: Nidoqueen|Earth Power|p2a: Jirachi
|-supereffective|p2a: Jirachi
|-damage|p2a: Jirachi|0 fnt
|faint|p2a: Jirachi
|
|-damage|p1a: Nidoqueen|47\/366 brn|[from] brn
|
|switch|p2a: Hydreigon|Hydreigon, F|232\/325
|turn|25
|
|move|p2a: Hydreigon|Dark Pulse|p1a: Nidoqueen
|-damage|p1a: Nidoqueen|0 fnt
|faint|p1a: Nidoqueen
|
|
|switch|p1a: Jirachi|Jirachi|130\/341
|-damage|p1a: Jirachi|109\/341|[from] Stealth Rock
|turn|26
|
|move|p2a: Hydreigon|Dark Pulse|p1a: Jirachi
|-supereffective|p1a: Jirachi
|-damage|p1a: Jirachi|0 fnt
|faint|p1a: Jirachi
|
|win|Malefic