|join|Fat Lenny
|join|Kushalos
|player|p1|Fat Lenny|224
|player|p2|Kushalos|34
|gametype|singles
|gen|6
|tier|UU
|rule|Sleep Clause Mod: Limit one foe put to sleep
|rule|Species Clause: Limit one of each PokÃ©mon
|rule|OHKO Clause: OHKO moves are banned
|rule|Moody Clause: Moody is banned
|rule|Evasion Moves Clause: Evasion moves are banned
|rule|Endless Battle Clause: Forcing endless battles is banned
|rule|HP Percentage Mod: HP is reported as percentages
|clearpoke
|poke|p1|Heracross, F
|poke|p1|Nidoqueen, F
|poke|p1|Aerodactyl, F
|poke|p1|Lucario, M
|poke|p1|Jirachi
|poke|p1|Hydreigon, M
|poke|p2|Haxorus, F
|poke|p2|Hydreigon, M
|poke|p2|Florges, F
|poke|p2|Aggron, M
|poke|p2|Mew
|poke|p2|Suicune
|rule|Swagger Clause: Swagger is banned
|rule|Baton Pass Clause: Limit one PokÃ©mon knowing Baton Pass
|teampreview
|join|KratosMana
|chat|Kushalos|gl hf :o
|
|start
|switch|p1a: Hydreigon|Hydreigon, M|325\/325
|switch|p2a: Mew|Mew|404\/404
|turn|1
|join|Xyldaz
|
|move|p1a: Hydreigon|Dark Pulse|p2a: Mew
|-supereffective|p2a: Mew
|-damage|p2a: Mew|162\/404
|-damage|p1a: Hydreigon|293\/325|[from] item: Life Orb
|move|p2a: Mew|Knock Off|p1a: Hydreigon
|-resisted|p1a: Hydreigon
|-damage|p1a: Hydreigon|243\/325
|-enditem|p1a: Hydreigon|Life Orb|[from] move: Knock Off|[of] p2a: Mew
|
|-heal|p2a: Mew|187\/404|[from] item: Leftovers
|turn|2
|join|HOT PIECE OF MEAT
|
|switch|p2a: Florges|Florges, F|359\/359
|move|p1a: Hydreigon|Dark Pulse|p2a: Florges
|-resisted|p2a: Florges
|-damage|p2a: Florges|315\/359
|
|-heal|p2a: Florges|337\/359|[from] item: Leftovers
|turn|3
|leave|Xyldaz
|
|switch|p1a: Jirachi|Jirachi|341\/341
|move|p2a: Florges|Wish|p2a: Florges
|
|-heal|p2a: Florges|359\/359|[from] item: Leftovers
|turn|4
|
|switch|p1a: Nidoqueen|Nidoqueen, F|366\/366
|switch|p2a: Mew|Mew|187\/404
|
|-heal|p2a: Mew|366\/404|[from] move: Wish|[wisher] Florges
|-heal|p2a: Mew|391\/404|[from] item: Leftovers
|turn|5
|
|switch|p1a: Heracross|Heracross, F|311\/311
|move|p2a: Mew|Knock Off|p1a: Heracross
|-resisted|p1a: Heracross
|-damage|p1a: Heracross|263\/311
|-enditem|p1a: Heracross|Leftovers|[from] move: Knock Off|[of] p2a: Mew
|
|-heal|p2a: Mew|404\/404|[from] item: Leftovers
|turn|6
|
|switch|p2a: Florges|Florges, F|359\/359
|move|p1a: Heracross|Knock Off|p2a: Florges
|-resisted|p2a: Florges
|-damage|p2a: Florges|302\/359
|-enditem|p2a: Florges|Leftovers|[from] move: Knock Off|[of] p1a: Heracross
|
|turn|7
|join|Xyldaz
|join|JabbaTheGriffin
|
|switch|p1a: Nidoqueen|Nidoqueen, F|366\/366
|move|p2a: Florges|Moonblast|p1a: Nidoqueen
|-resisted|p1a: Nidoqueen
|-damage|p1a: Nidoqueen|292\/366
|-unboost|p1a: Nidoqueen|spa|1
|
|turn|8
|
|switch|p2a: Mew|Mew|404\/404
|move|p1a: Nidoqueen|Sludge Wave|p2a: Mew
|-crit|p2a: Mew
|-damage|p2a: Mew|182\/404
|
|-heal|p2a: Mew|207\/404|[from] item: Leftovers
|turn|9
|chat|Kushalos|they need to
|chat|Kushalos|start doing something
|chat|Kushalos|about that cancel button
|
|switch|p1a: Heracross|Heracross, F|263\/311
|move|p2a: Mew|Will-O-Wisp|p1a: Heracross
|-status|p1a: Heracross|brn
|
|-heal|p2a: Mew|232\/404|[from] item: Leftovers
|-damage|p1a: Heracross|225\/311 brn|[from] brn
|turn|10
|
|switch|p2a: Florges|Florges, F|302\/359
|move|p1a: Heracross|Swords Dance|p1a: Heracross
|-boost|p1a: Heracross|atk|2
|
|-damage|p1a: Heracross|187\/311 brn|[from] brn
|turn|11
|
|move|p1a: Heracross|Close Combat|p2a: Florges
|-crit|p2a: Florges
|-resisted|p2a: Florges
|-damage|p2a: Florges|0 fnt
|-unboost|p1a: Heracross|def|1
|-unboost|p1a: Heracross|spd|1
|faint|p2a: Florges
|
|-damage|p1a: Heracross|149\/311 brn|[from] brn
|chat|Kushalos|welp
|chat|Kushalos|rip
|chat|Fat Lenny|are you pdef?
|chat|Kushalos|no
|chat|Kushalos|spdef is bad
|chat|Kushalos|max def
|chat|Fat Lenny|ahh sry
|chat|Kushalos|np
|chat|Kushalos|these are
|chat|Kushalos|fun games
|
|switch|p2a: Hydreigon|Hydreigon, M|325\/325
|turn|12
|chat|Fat Lenny|yea, im out of the tourney already
|chat|Kushalos|actually
|chat|Fat Lenny|whats your standing?
|chat|Kushalos|i only lost
|chat|Kushalos|to flcl
|chat|Kushalos|beat kokoloko king uu
|chat|Kushalos|and
|chat|Kushalos|thats it
|chat|Fat Lenny|flareblitz?
|chat|Kushalos|havent battled blitz yet
|
|switch|p1a: Jirachi|Jirachi|341\/341
|move|p2a: Hydreigon|Fire Blast|p1a: Jirachi|[miss]
|-miss|p2a: Hydreigon|p1a: Jirachi
|
|turn|13
|chat|Fat Lenny|damn
|chat|Kushalos|lol
|chat|Kushalos|shit
|join|Afro Smash
|
|switch|p2a: Aggron|Aggron, M|344\/344
|move|p1a: Jirachi|U-turn|p2a: Aggron
|-resisted|p2a: Aggron
|-damage|p2a: Aggron|324\/344
|
|switch|p1a: Nidoqueen|Nidoqueen, F|292\/366
|
|turn|14
|
|switch|p2a: Mew|Mew|232\/404
|move|p1a: Nidoqueen|Earth Power|p2a: Mew
|-damage|p2a: Mew|90\/404
|
|-heal|p2a: Mew|115\/404|[from] item: Leftovers
|turn|15
|
|switch|p1a: Heracross|Heracross, F|149\/311 brn
|move|p2a: Mew|Roost|p2a: Mew
|-heal|p2a: Mew|317\/404
|
|-heal|p2a: Mew|342\/404|[from] item: Leftovers
|-damage|p1a: Heracross|111\/311 brn|[from] brn
|turn|16
|
|switch|p2a: TROP|Haxorus, F|293\/293
|-ability|p2a: TROP|Mold Breaker
|move|p1a: Heracross|Close Combat|p2a: TROP
|-damage|p2a: TROP|0 fnt
|-unboost|p1a: Heracross|def|1
|-unboost|p1a: Heracross|spd|1
|faint|p2a: TROP
|
|-damage|p1a: Heracross|73\/311 brn|[from] brn
|
|switch|p2a: Hydreigon|Hydreigon, M|325\/325
|turn|17
|
|switch|p1a: Hydreigon|Hydreigon, M|243\/325
|move|p2a: Hydreigon|Fire Blast|p1a: Hydreigon
|-resisted|p1a: Hydreigon
|-damage|p1a: Hydreigon|179\/325
|
|turn|18
|leave|Xyldaz
|
|switch|p2a: Aggron|Aggron, M|324\/344
|move|p1a: Hydreigon|Dark Pulse|p2a: Aggron
|-damage|p2a: Aggron|180\/344
|
|turn|19
|
|detailschange|p2a: Aggron|Aggron-Mega, M
|message|Aggron has Mega Evolved into Mega Aggron!
|move|p1a: Hydreigon|Dark Pulse|p2a: Aggron
|-damage|p2a: Aggron|62\/344
|cant|p2a: Aggron|flinch
|
|turn|20
|chat|Fat Lenny|jebus
|chat|Kushalos|rip
|chat|Fat Lenny|im sorry dude
|chat|Kushalos|this is nothing
|chat|Kushalos|lol
|
|move|p1a: Hydreigon|Dark Pulse|p2a: Aggron
|-damage|p2a: Aggron|0 fnt
|faint|p2a: Aggron
|
|chat|Kushalos|this is how i beat
|chat|Kushalos|bad ass
|
|switch|p2a: Suicune|Suicune|404\/404
|-ability|p2a: Suicune|Pressure
|turn|21
|chat|Kushalos|in the first round
|
|switch|p1a: Jirachi|Jirachi|341\/341
|move|p2a: Suicune|Calm Mind|p2a: Suicune
|-boost|p2a: Suicune|spa|1
|-boost|p2a: Suicune|spd|1
|
|turn|22
|
|move|p1a: Jirachi|Healing Wish|p1a: Jirachi
|faint|p1a: Jirachi
|move|p2a: Suicune|Scald|p1: Jirachi|[notarget]
|-notarget
|
|
|switch|p1a: Heracross|Heracross, F|73\/311 brn
|-heal|p1a: Heracross|311\/311|[from] move: Healing Wish
|turn|23
|
|move|p1a: Heracross|Swords Dance|p1a: Heracross
|-boost|p1a: Heracross|atk|2
|move|p2a: Suicune|Roar|p1a: Heracross
|drag|p1a: Aerodactyl|Aerodactyl, F|301\/301
|
|turn|24
|
|detailschange|p1a: Aerodactyl|Aerodactyl-Mega, F
|message|Aerodactyl has Mega Evolved into Mega Aerodactyl!
|move|p1a: Aerodactyl|Hone Claws|p1a: Aerodactyl
|-boost|p1a: Aerodactyl|atk|1
|-boost|p1a: Aerodactyl|accuracy|1
|move|p2a: Suicune|Scald|p1a: Aerodactyl
|-supereffective|p1a: Aerodactyl
|-damage|p1a: Aerodactyl|11\/301
|
|turn|25
|
|move|p1a: Aerodactyl|Stone Edge|p2a: Suicune
|-damage|p2a: Suicune|188\/404
|move|p2a: Suicune|Scald|p1a: Aerodactyl
|-supereffective|p1a: Aerodactyl
|-damage|p1a: Aerodactyl|0 fnt
|faint|p1a: Aerodactyl
|
|-heal|p2a: Suicune|213\/404|[from] item: Leftovers
|
|switch|p1a: Heracross|Heracross, F|311\/311
|turn|26
|
|move|p1a: Heracross|Knock Off|p2a: Suicune
|-damage|p2a: Suicune|138\/404
|-enditem|p2a: Suicune|Leftovers|[from] move: Knock Off|[of] p1a: Heracross
|move|p2a: Suicune|Scald|p1a: Heracross
|-damage|p1a: Heracross|179\/311
|-status|p1a: Heracross|brn
|
|-damage|p1a: Heracross|141\/311 brn|[from] brn
|turn|27
|
|move|p1a: Heracross|Close Combat|p2a: Suicune
|-crit|p2a: Suicune
|-damage|p2a: Suicune|0 fnt
|-unboost|p1a: Heracross|def|1
|-unboost|p1a: Heracross|spd|1
|faint|p2a: Suicune
|
|-damage|p1a: Heracross|103\/311 brn|[from] brn
|
|switch|p2a: Hydreigon|Hydreigon, M|325\/325
|turn|28
|leave|JabbaTheGriffin
|
|switch|p1a: Nidoqueen|Nidoqueen, F|292\/366
|move|p2a: Hydreigon|Draco Meteor|p1a: Nidoqueen
|-damage|p1a: Nidoqueen|40\/366
|-unboost|p2a: Hydreigon|spa|2
|
|turn|29
|
|switch|p1a: Hydreigon|Hydreigon, M|179\/325
|move|p2a: Hydreigon|Draco Meteor|p1a: Hydreigon
|-supereffective|p1a: Hydreigon
|-damage|p1a: Hydreigon|0 fnt
|-unboost|p2a: Hydreigon|spa|2
|faint|p1a: Hydreigon
|
|
|switch|p1a: Lucario|Lucario, M|281\/281
|turn|30
|chat|Kushalos|huh
|
|switch|p2a: Mew|Mew|342\/404
|move|p1a: Lucario|Crunch|p2a: Mew
|-crit|p2a: Mew
|-supereffective|p2a: Mew
|-damage|p2a: Mew|0 fnt
|-damage|p1a: Lucario|253\/281|[from] item: Life Orb
|faint|p2a: Mew
|
|join|Tesung
|
|switch|p2a: Hydreigon|Hydreigon, M|325\/325
|turn|31
|chat|Fat Lenny|oh shit
|chat|Kushalos|why did you
|leave|Tesung
|chat|Kushalos|throw the game
|chat|Kushalos|lol
|chat|Fat Lenny|gg :()
|chat|Kushalos|nah
|chat|Kushalos|ill miss
|
|move|p2a: Hydreigon|Fire Blast|p1a: Lucario
|-supereffective|p1a: Lucario
|-damage|p1a: Lucario|0 fnt
|faint|p1a: Lucario
|
|join|Tesung
|
|switch|p1a: Heracross|Heracross, F|103\/311 brn
|turn|32
|
|move|p2a: Hydreigon|Fire Blast|p1a: Heracross|[miss]
|-miss|p2a: Hydreigon|p1a: Heracross
|move|p1a: Heracross|Close Combat|p2a: Hydreigon
|-supereffective|p2a: Hydreigon
|-damage|p2a: Hydreigon|0 fnt
|-unboost|p1a: Heracross|def|1
|-unboost|p1a: Heracross|spd|1
|faint|p2a: Hydreigon
|
|win|Fat Lenny
|chat|Kushalos|see
|chat|Kushalos|gg
|chat|Fat Lenny|dude cmon
|chat|Kushalos|?
|chat|Fat Lenny|gg
|chat|Kushalos|gg n_n
|leave|Kushalos
|player|p2
|leave|Afro Smash
|leave|KratosMana