|inactive|Battle timer is ON: inactive players will automatically lose when time's up.
|join|Fat Lenny
|join|Destiny Device
|player|p1|Fat Lenny|224
|player|p2|Destiny Device|217
|gametype|singles
|gen|6
|tier|UU
|rule|Sleep Clause Mod: Limit one foe put to sleep
|rule|Species Clause: Limit one of each PokÃ©mon
|rule|OHKO Clause: OHKO moves are banned
|rule|Moody Clause: Moody is banned
|rule|Evasion Moves Clause: Evasion moves are banned
|rule|Endless Battle Clause: Forcing endless battles is banned
|rule|HP Percentage Mod: HP is reported as percentages
|clearpoke
|poke|p1|Heracross, F
|poke|p1|Nidoqueen, F
|poke|p1|Aerodactyl, F
|poke|p1|Infernape, M
|poke|p1|Jirachi
|poke|p1|Hydreigon, F
|poke|p2|Aerodactyl, F
|poke|p2|Blissey, F
|poke|p2|Forretress, F
|poke|p2|Sableye, M
|poke|p2|Alomomola, M
|poke|p2|Hippowdon, M
|rule|Swagger Clause: Swagger is banned
|rule|Baton Pass Clause: Limit one PokÃ©mon knowing Baton Pass
|teampreview
|join|Nelson
|join|Disenchanted
|join|GasDrawls
|join|FLCL
|join|Mencemeat
|join|big dick franklin
|join|Hot N Cold
|join|Carloos
|leave|Nelson
|join|Sweezzy
|
|start
|switch|p1a: Nidoqueen|Nidoqueen, F|366\/366
|switch|p2a: Alomomola|Alomomola, M|534\/534
|turn|1
|
|switch|p2a: Blissey|Blissey, F|714\/714
|move|p1a: Nidoqueen|Sludge Wave|p2a: Blissey
|-damage|p2a: Blissey|561\/714
|
|-heal|p2a: Blissey|605\/714|[from] item: Leftovers
|turn|2
|join|Le Austin
|
|move|p1a: Nidoqueen|Stealth Rock|p2a: Blissey
|-sidestart|p2: Destiny Device|move: Stealth Rock
|move|p2a: Blissey|Seismic Toss|p1a: Nidoqueen
|-damage|p1a: Nidoqueen|266\/366
|
|-heal|p2a: Blissey|649\/714|[from] item: Leftovers
|turn|3
|
|switch|p1a: Heracross|Heracross, F|311\/311
|move|p2a: Blissey|Seismic Toss|p1a: Heracross
|-damage|p1a: Heracross|211\/311
|
|-heal|p1a: Heracross|230\/311|[from] item: Leftovers
|-heal|p2a: Blissey|693\/714|[from] item: Leftovers
|turn|4
|
|switch|p2a: Alomomola|Alomomola, M|534\/534
|-damage|p2a: Alomomola|468\/534|[from] Stealth Rock
|move|p1a: Heracross|Swords Dance|p1a: Heracross
|-boost|p1a: Heracross|atk|2
|
|-heal|p1a: Heracross|249\/311|[from] item: Leftovers
|turn|5
|join|Steve Angello
|
|switch|p2a: Sableye|Sableye, M|301\/301
|-damage|p2a: Sableye|264\/301|[from] Stealth Rock
|move|p1a: Heracross|Swords Dance|p1a: Heracross
|-boost|p1a: Heracross|atk|2
|
|-heal|p1a: Heracross|268\/311|[from] item: Leftovers
|-heal|p2a: Sableye|282\/301|[from] item: Leftovers
|turn|6
|
|move|p1a: Heracross|Megahorn|p2a: Sableye
|-damage|p2a: Sableye|0 fnt
|faint|p2a: Sableye
|
|-heal|p1a: Heracross|287\/311|[from] item: Leftovers
|
|switch|p2a: Aerodactyl|Aerodactyl, F|325\/325
|-damage|p2a: Aerodactyl|244\/325|[from] Stealth Rock
|-ability|p2a: Aerodactyl|Pressure
|turn|7
|
|switch|p1a: Jirachi|Jirachi|341\/341
|detailschange|p2a: Aerodactyl|Aerodactyl-Mega, F
|message|Aerodactyl has Mega Evolved into Mega Aerodactyl!
|move|p2a: Aerodactyl|Aerial Ace|p1a: Jirachi
|-resisted|p1a: Jirachi
|-damage|p1a: Jirachi|263\/341
|
|turn|8
|
|switch|p2a: Alomomola|Alomomola, M|534\/534
|-damage|p2a: Alomomola|468\/534|[from] Stealth Rock
|move|p1a: Jirachi|U-turn|p2a: Alomomola
|-damage|p2a: Alomomola|411\/534
|-damage|p1a: Jirachi|207\/341|[from] item: Rocky Helmet|[of] p2a: Alomomola
|
|switch|p1a: Heracross|Heracross, F|287\/311
|
|-heal|p1a: Heracross|306\/311|[from] item: Leftovers
|turn|9
|chat|Destiny Device|how do i beat that
|chat|Destiny Device|with this team
|leave|GasDrawls
|join|GasDrawls
|
|switch|p2a: Forretress|Forretress, F|354\/354
|-damage|p2a: Forretress|310\/354|[from] Stealth Rock
|move|p1a: Heracross|Swords Dance|p1a: Heracross
|-boost|p1a: Heracross|atk|2
|
|-heal|p1a: Heracross|311\/311|[from] item: Leftovers
|-heal|p2a: Forretress|332\/354|[from] item: Leftovers
|turn|10
|
|move|p1a: Heracross|Close Combat|p2a: Forretress
|-damage|p2a: Forretress|62\/354
|-unboost|p1a: Heracross|def|1
|-unboost|p1a: Heracross|spd|1
|move|p2a: Forretress|Rapid Spin|p1a: Heracross
|-damage|p1a: Heracross|284\/311
|-sideend|p2: Destiny Device|Stealth Rock|[from] move: Rapid Spin|[of] p2a: Forretress
|
|-heal|p1a: Heracross|303\/311|[from] item: Leftovers
|-heal|p2a: Forretress|84\/354|[from] item: Leftovers
|turn|11
|
|move|p1a: Heracross|Close Combat|p2a: Forretress
|-damage|p2a: Forretress|0 fnt
|-unboost|p1a: Heracross|def|1
|-unboost|p1a: Heracross|spd|1
|faint|p2a: Forretress
|
|-heal|p1a: Heracross|311\/311|[from] item: Leftovers
|
|switch|p2a: Aerodactyl|Aerodactyl-Mega, F|244\/325
|turn|12
|
|switch|p1a: Jirachi|Jirachi|207\/341
|move|p2a: Aerodactyl|Aqua Tail|p1a: Jirachi
|-damage|p1a: Jirachi|54\/341
|
|turn|13
|
|switch|p2a: Alomomola|Alomomola, M|534\/534
|move|p1a: Jirachi|U-turn|p2a: Alomomola
|-damage|p2a: Alomomola|474\/534
|-damage|p1a: Jirachi|0 fnt|[from] item: Rocky Helmet|[of] p2a: Alomomola
|faint|p1a: Jirachi
|
|leave|FLCL
|
|switch|p1a: Nidoqueen|Nidoqueen, F|266\/366
|turn|14
|
|move|p1a: Nidoqueen|Sludge Wave|p2a: Alomomola
|-damage|p2a: Alomomola|45\/534
|move|p2a: Alomomola|Scald|p1a: Nidoqueen
|-supereffective|p1a: Nidoqueen
|-damage|p1a: Nidoqueen|162\/366
|-status|p1a: Nidoqueen|brn
|
|-damage|p1a: Nidoqueen|117\/366 brn|[from] brn
|turn|15
|
|switch|p2a: Blissey|Blissey, F|693\/714
|move|p1a: Nidoqueen|Stealth Rock|p2a: Blissey
|-sidestart|p2: Destiny Device|move: Stealth Rock
|
|-heal|p2a: Blissey|714\/714|[from] item: Leftovers
|-damage|p1a: Nidoqueen|72\/366 brn|[from] brn
|turn|16
|
|switch|p1a: Heracross|Heracross, F|311\/311
|move|p2a: Blissey|Seismic Toss|p1a: Heracross
|-damage|p1a: Heracross|211\/311
|
|-heal|p1a: Heracross|230\/311|[from] item: Leftovers
|turn|17
|chat|Destiny Device|"gg"
|chat|Destiny Device|there was no way i could win
|-message|Destiny Device forfeited.
|
|win|Fat Lenny
|leave|Destiny Device
|player|p2
|leave|GasDrawls
|leave|Sweezzy
|leave|Fat Lenny
|player|p1
|leave|Mencemeat
|leave|Carloos
|leave|big dick franklin
|leave|Le Austin