|join|FooPossum
|join|Aeflux
|player|p1|FooPossum|224
|player|p2|Aeflux|274
|gametype|singles
|gen|6
|tier|UU
|rated
|rule|Sleep Clause Mod: Limit one foe put to sleep
|rule|Species Clause: Limit one of each PokÃ©mon
|rule|OHKO Clause: OHKO moves are banned
|rule|Moody Clause: Moody is banned
|rule|Evasion Moves Clause: Evasion moves are banned
|rule|Endless Battle Clause: Forcing endless battles is banned
|rule|HP Percentage Mod: HP is shown in percentages
|clearpoke
|poke|p1|Virizion
|poke|p1|Nidoqueen, F
|poke|p1|Aerodactyl, F
|poke|p1|Lucario, F
|poke|p1|Victini
|poke|p1|Hydreigon, F
|poke|p2|Honchkrow, F
|poke|p2|Florges, F
|poke|p2|Flygon, F
|poke|p2|Infernape, M
|poke|p2|Blastoise, F
|poke|p2|Shaymin
|rule|Swagger Clause: Swagger is banned
|rule|Baton Pass Clause: Limit one PokÃ©mon knowing Baton Pass
|teampreview
|
|start
|switch|p1a: Aerodactyl|Aerodactyl, F|321\/321
|switch|p2a: Flygon|Flygon, F|301\/301
|turn|1
|
|detailschange|p1a: Aerodactyl|Aerodactyl-Mega, F
|message|Aerodactyl has Mega Evolved into Mega Aerodactyl!
|move|p2a: Flygon|U-turn|p1a: Aerodactyl
|-resisted|p1a: Aerodactyl
|-damage|p1a: Aerodactyl|280\/321
|
|move|p1a: Aerodactyl|Pursuit|p2a: Flygon|[from]Pursuit
|-crit|p2a: Flygon
|-damage|p2a: Flygon|58\/301
|switch|p2a: Blastoise|Blastoise, F|362\/362
|
|turn|2
|
|switch|p1a: Virizion|Virizion|324\/324
|detailschange|p2a: Blastoise|Blastoise-Mega, F
|message|Blastoise has Mega Evolved into Mega Blastoise!
|move|p2a: Blastoise|Water Pulse|p1a: Virizion
|-resisted|p1a: Virizion
|-damage|p1a: Virizion|257\/324
|-start|p1a: Virizion|confusion
|-enditem|p1a: Virizion|Lum Berry|[eat]
|-end|p1a: Virizion|confusion
|
|turn|3
|
|switch|p2a: Florges|Florges, F|360\/360
|move|p1a: Virizion|Swords Dance|p1a: Virizion
|-boost|p1a: Virizion|atk|2
|
|turn|4
|
|switch|p1a: Nidoqueen|Nidoqueen, F|366\/366
|move|p2a: Florges|Moonblast|p1a: Nidoqueen
|-resisted|p1a: Nidoqueen
|-damage|p1a: Nidoqueen|289\/366
|
|turn|5
|
|switch|p2a: Blastoise|Blastoise-Mega, F|362\/362
|move|p1a: Nidoqueen|Stealth Rock|p2a: Blastoise
|-sidestart|p2: Aeflux|move: Stealth Rock
|
|turn|6
|
|move|p1a: Nidoqueen|Sludge Wave|p2a: Blastoise
|-damage|p2a: Blastoise|151\/362
|move|p2a: Blastoise|Rapid Spin|p1a: Nidoqueen
|-damage|p1a: Nidoqueen|271\/366
|-sideend|p2: Aeflux|Stealth Rock|[from] move: Rapid Spin|[of] p2a: Blastoise
|
|turn|7
|
|move|p1a: Nidoqueen|Sludge Wave|p2a: Blastoise
|-damage|p2a: Blastoise|0 fnt
|faint|p2a: Blastoise
|
|
|switch|p2a: Flygon|Flygon, F|58\/301
|turn|8
|
|switch|p1a: Virizion|Virizion|257\/324
|move|p2a: Flygon|Outrage|p1a: Virizion
|-damage|p1a: Virizion|37\/324
|
|turn|9
|
|switch|p1a: Lucario|Lucario, F|281\/281
|move|p2a: Flygon|Outrage|p1a: Lucario
|-resisted|p1a: Lucario
|-damage|p1a: Lucario|162\/281
|
|-end|p2a: Flygon|rampage
|-start|p2a: Flygon|confusion
|turn|10
|
|-activate|p2a: Flygon|confusion
|-damage|p2a: Flygon|13\/301|[from] confusion
|move|p1a: Lucario|Close Combat|p2a: Flygon
|-damage|p2a: Flygon|0 fnt
|-unboost|p1a: Lucario|def|1
|-unboost|p1a: Lucario|spd|1
|-damage|p1a: Lucario|134\/281|[from] item: Life Orb
|faint|p2a: Flygon
|
|
|switch|p2a: Honchkrow|Honchkrow, F|404\/404
|turn|11
|
|move|p1a: Lucario|Extreme Speed|p2a: Honchkrow
|-damage|p2a: Honchkrow|183\/404
|-damage|p1a: Lucario|106\/281|[from] item: Life Orb
|move|p2a: Honchkrow|Brave Bird|p1a: Lucario
|-damage|p1a: Lucario|0 fnt
|-damage|p2a: Honchkrow|148\/404|[from] recoil|[of] p1a: Lucario
|faint|p1a: Lucario
|-boost|p2a: Honchkrow|atk|1|[from] ability: Moxie
|
|-heal|p2a: Honchkrow|173\/404|[from] item: Leftovers
|
|switch|p1a: Hydreigon|Hydreigon, F|325\/325
|turn|12
|
|move|p2a: Honchkrow|Sucker Punch|p1a: Hydreigon
|-resisted|p1a: Hydreigon
|-damage|p1a: Hydreigon|190\/325
|move|p1a: Hydreigon|Flash Cannon|p2a: Honchkrow
|-damage|p2a: Honchkrow|0 fnt
|-damage|p1a: Hydreigon|158\/325|[from] item: Life Orb
|faint|p2a: Honchkrow
|
|
|switch|p2a: Infernape|Infernape, M|293\/293
|turn|13
|
|switch|p1a: Victini|Victini|341\/341
|move|p2a: Infernape|U-turn|p1a: Victini
|-damage|p1a: Victini|253\/341
|-damage|p2a: Infernape|264\/293|[from] item: Life Orb
|
|switch|p2a: Florges|Florges, F|360\/360
|
|turn|14
|
|move|p1a: Victini|V-create|p2a: Florges
|-damage|p2a: Florges|0 fnt
|-unboost|p1a: Victini|def|1
|-unboost|p1a: Victini|spd|1
|-unboost|p1a: Victini|spe|1
|faint|p2a: Florges
|
|
|switch|p2a: Infernape|Infernape, M|264\/293
|turn|15
|
|switch|p1a: Hydreigon|Hydreigon, F|158\/325
|move|p2a: Infernape|U-turn|p1a: Hydreigon
|-supereffective|p1a: Hydreigon
|-damage|p1a: Hydreigon|0 fnt
|-damage|p2a: Infernape|235\/293|[from] item: Life Orb
|faint|p1a: Hydreigon
|
|switch|p2a: Shaymin|Shaymin|341\/341
|
|
|switch|p1a: Victini|Victini|253\/341
|turn|16
|
|switch|p2a: Infernape|Infernape, M|235\/293
|move|p1a: Victini|V-create|p2a: Infernape
|-resisted|p2a: Infernape
|-damage|p2a: Infernape|0 fnt
|-unboost|p1a: Victini|def|1
|-unboost|p1a: Victini|spd|1
|-unboost|p1a: Victini|spe|1
|faint|p2a: Infernape
|
|c|âAeflux|that move is so op
|
|switch|p2a: Shaymin|Shaymin|341\/341
|turn|17
|c|âFooPossum|y
|c|âAeflux|because it hits too hard... wtf do you mean y?
|c|âFooPossum|y=yes
|c|âAeflux|oh lol
|c|âAeflux|gg man.
|
|switch|p1a: Nidoqueen|Nidoqueen, F|271\/366
|move|p2a: Shaymin|Earth Power|p1a: Nidoqueen
|-supereffective|p1a: Nidoqueen
|-damage|p1a: Nidoqueen|0 fnt
|faint|p1a: Nidoqueen
|
|
|switch|p1a: Virizion|Virizion|37\/324
|turn|18
|
|move|p1a: Virizion|Close Combat|p2a: Shaymin
|-crit|p2a: Shaymin
|-damage|p2a: Shaymin|76\/341
|-unboost|p1a: Virizion|def|1
|-unboost|p1a: Virizion|spd|1
|move|p2a: Shaymin|Earth Power|p1a: Virizion
|-resisted|p1a: Virizion
|-damage|p1a: Virizion|0 fnt
|faint|p1a: Virizion
|
|c|âFooPossum|are you specs?
|
|switch|p1a: Aerodactyl|Aerodactyl-Mega, F|280\/321
|turn|19
|c|âAeflux|si
|
|move|p1a: Aerodactyl|Stone Edge|p2a: Shaymin
|-damage|p2a: Shaymin|0 fnt
|faint|p2a: Shaymin
|
|win|FooPossum
|raw|Ladder updating...
|raw|FooPossum's rating: 1579 &rarr; <strong>1588<\/strong><br \/>(+9 for winning)
|raw|Aeflux's rating: 1367 &rarr; <strong>1358<\/strong><br \/>(-9 for losing)
|c|âFooPossum|gg
|leave|Aeflux
|player|p2
|join|Sage of the 6
|leave|Sage of the 6
|player|p1|Guest 187187|224
|join|Fat Lenny
|player|p1|Fat Lenny|224
|join|DINGBAT
|join|EyanZ
|leave|DINGBAT