|join|Fat Lenny
|join|rat81
|player|p1|Fat Lenny|224
|player|p2|rat81|101
|gametype|singles
|gen|6
|tier|UU
|rated
|rule|Sleep Clause Mod: Limit one foe put to sleep
|rule|Species Clause: Limit one of each PokÃ©mon
|rule|OHKO Clause: OHKO moves are banned
|rule|Moody Clause: Moody is banned
|rule|Evasion Moves Clause: Evasion moves are banned
|rule|Endless Battle Clause: Forcing endless battles is banned
|rule|HP Percentage Mod: HP is shown in percentages
|clearpoke
|poke|p1|Nidoqueen, F
|poke|p1|Togekiss, F
|poke|p1|Blastoise, F
|poke|p1|Lucario, F
|poke|p1|Hydreigon, F
|poke|p1|Victini
|poke|p2|Aggron, F
|poke|p2|Umbreon, M
|poke|p2|Victini
|poke|p2|Florges, F
|poke|p2|Goodra, F
|poke|p2|Gligar, M
|rule|Swagger Clause: Swagger is banned
|rule|Baton Pass Clause: Limit one PokÃ©mon knowing Baton Pass
|teampreview
|
|start
|switch|p1a: Blastoise|Blastoise, F|335\/335
|switch|p2a: Victini|Victini|341\/341
|turn|1
|
|detailschange|p1a: Blastoise|Blastoise-Mega, F
|message|Blastoise has Mega Evolved into Mega Blastoise!
|move|p2a: Victini|U-turn|p1a: Blastoise
|-damage|p1a: Blastoise|270\/335
|
|switch|p2a: Goodra|Goodra, F|383\/383
|move|p1a: Blastoise|Dragon Pulse|p2a: Goodra
|-supereffective|p2a: Goodra
|-damage|p2a: Goodra|223\/383
|
|turn|2
|
|switch|p2a: Florges|Florges, F|330\/330
|move|p1a: Blastoise|Dragon Pulse|p2a: Florges
|-immune|p2a: Florges|[msg]
|
|turn|3
|
|switch|p1a: Nidoqueen|Nidoqueen, F|365\/365
|move|p2a: Florges|Substitute|p2a: Florges
|-start|p2a: Florges|Substitute
|-damage|p2a: Florges|248\/330
|
|-heal|p2a: Florges|268\/330|[from] item: Leftovers
|turn|4
|
|move|p2a: Florges|Psychic|p1a: Nidoqueen
|-supereffective|p1a: Nidoqueen
|-damage|p1a: Nidoqueen|141\/365
|-unboost|p1a: Nidoqueen|spd|1
|move|p1a: Nidoqueen|Stealth Rock|p2a: Florges
|-sidestart|p2: rat81|move: Stealth Rock
|
|-heal|p2a: Florges|288\/330|[from] item: Leftovers
|turn|5
|
|switch|p1a: Victini|Victini|341\/341
|move|p2a: Florges|Moonblast|p1a: Victini
|-resisted|p1a: Victini
|-damage|p1a: Victini|265\/341
|
|-heal|p2a: Florges|308\/330|[from] item: Leftovers
|turn|6
|
|move|p1a: Victini|U-turn|p2a: Florges
|-resisted|p2a: Florges
|-activate|p2a: Florges|Substitute|[damage]
|
|switch|p1a: Togekiss|Togekiss, F|350\/350
|move|p2a: Florges|Moonblast|p1a: Togekiss
|-damage|p1a: Togekiss|205\/350
|
|-heal|p1a: Togekiss|226\/350|[from] item: Leftovers
|-heal|p2a: Florges|328\/330|[from] item: Leftovers
|turn|7
|
|move|p1a: Togekiss|Air Slash|p2a: Florges
|-end|p2a: Florges|Substitute
|move|p2a: Florges|Calm Mind|p2a: Florges
|-boost|p2a: Florges|spa|1
|-boost|p2a: Florges|spd|1
|
|-heal|p1a: Togekiss|247\/350|[from] item: Leftovers
|-heal|p2a: Florges|330\/330|[from] item: Leftovers
|turn|8
|
|move|p1a: Togekiss|Nasty Plot|p1a: Togekiss
|-boost|p1a: Togekiss|spa|2
|move|p2a: Florges|Moonblast|p1a: Togekiss
|-damage|p1a: Togekiss|19\/350
|-unboost|p1a: Togekiss|spa|1
|
|-heal|p1a: Togekiss|40\/350|[from] item: Leftovers
|turn|9
|
|move|p1a: Togekiss|Air Slash|p2a: Florges
|-damage|p2a: Florges|236\/330
|move|p2a: Florges|Psychic|p1a: Togekiss
|-damage|p1a: Togekiss|0 fnt
|faint|p1a: Togekiss
|
|-heal|p2a: Florges|256\/330|[from] item: Leftovers
|
|switch|p1a: Victini|Victini|265\/341
|turn|10
|
|switch|p2a: Victini|Victini|341\/341
|-damage|p2a: Victini|256\/341|[from] Stealth Rock
|move|p1a: Victini|V-create|p2a: Victini
|-resisted|p2a: Victini
|-damage|p2a: Victini|73\/341
|-unboost|p1a: Victini|def|1
|-unboost|p1a: Victini|spd|1
|-unboost|p1a: Victini|spe|1
|
|turn|11
|
|switch|p1a: Hydreigon|Hydreigon, F|325\/325
|move|p2a: Victini|V-create|p1a: Hydreigon
|-resisted|p1a: Hydreigon
|-damage|p1a: Hydreigon|155\/325
|-unboost|p2a: Victini|def|1
|-unboost|p2a: Victini|spd|1
|-unboost|p2a: Victini|spe|1
|
|turn|12
|
|switch|p2a: Florges|Florges, F|256\/330
|-damage|p2a: Florges|215\/330|[from] Stealth Rock
|move|p1a: Hydreigon|U-turn|p2a: Florges
|-resisted|p2a: Florges
|-damage|p2a: Florges|174\/330
|
|switch|p1a: Victini|Victini|265\/341
|
|-heal|p2a: Florges|194\/330|[from] item: Leftovers
|turn|13
|
|switch|p2a: Victini|Victini|73\/341
|-damage|p2a: Victini|0 fnt|[from] Stealth Rock
|faint|p2a: Victini
|move|p1a: Victini|V-create|p2: Victini|[notarget]
|-notarget
|
|
|switch|p2a: Gligar|Gligar, M|334\/334
|-damage|p2a: Gligar|293\/334|[from] Stealth Rock
|turn|14
|
|switch|p1a: Blastoise|Blastoise-Mega, F|270\/335
|move|p2a: Gligar|Defog|p1a: Blastoise
|-unboost|p1a: Blastoise|evasion|1
|-sideend|p2: rat81|Stealth Rock|[from] move: Defog|[of] p2a: Gligar
|
|turn|15
|
|switch|p2a: Umbreon|Umbreon, M|394\/394
|move|p1a: Blastoise|Hydro Pump|p2a: Umbreon
|-damage|p2a: Umbreon|265\/394
|
|-heal|p2a: Umbreon|289\/394|[from] item: Leftovers
|turn|16
|
|switch|p1a: Lucario|Lucario, F|281\/281
|move|p2a: Umbreon|Wish|p2a: Umbreon
|
|-heal|p2a: Umbreon|313\/394|[from] item: Leftovers
|turn|17
|join|EyanZ
|
|switch|p1a: Blastoise|Blastoise-Mega, F|270\/335
|switch|p2a: Gligar|Gligar, M|293\/334
|
|-heal|p2a: Gligar|334\/334|[from] move: Wish|[wisher] Umbreon
|turn|18
|
|switch|p1a: Nidoqueen|Nidoqueen, F|141\/365
|switch|p2a: Florges|Florges, F|194\/330
|
|-heal|p2a: Florges|214\/330|[from] item: Leftovers
|turn|19
|
|switch|p1a: Victini|Victini|265\/341
|move|p2a: Florges|Psychic|p1a: Victini
|-resisted|p1a: Victini
|-damage|p1a: Victini|216\/341
|
|-heal|p2a: Florges|234\/330|[from] item: Leftovers
|turn|20
|
|switch|p2a: Gligar|Gligar, M|334\/334
|move|p1a: Victini|V-create|p2a: Gligar
|-damage|p2a: Gligar|157\/334
|-unboost|p1a: Victini|def|1
|-unboost|p1a: Victini|spd|1
|-unboost|p1a: Victini|spe|1
|
|turn|21
|
|move|p1a: Victini|V-create|p2a: Gligar
|-damage|p2a: Gligar|0 fnt
|-unboost|p1a: Victini|def|1
|-unboost|p1a: Victini|spd|1
|-unboost|p1a: Victini|spe|1
|faint|p2a: Gligar
|
|
|switch|p2a: Aggron|Aggron, F|344\/344
|turn|22
|
|switch|p1a: Blastoise|Blastoise-Mega, F|270\/335
|detailschange|p2a: Aggron|Aggron-Mega, F
|message|Aggron has Mega Evolved into Mega Aggron!
|move|p2a: Aggron|Earthquake|p1a: Blastoise
|-damage|p1a: Blastoise|174\/335
|
|turn|23
|
|switch|p2a: Florges|Florges, F|234\/330
|move|p1a: Blastoise|Hydro Pump|p2a: Florges|[miss]
|-miss|p1a: Blastoise|p2a: Florges
|
|-heal|p2a: Florges|254\/330|[from] item: Leftovers
|turn|24
|leave|rat81
|player|p2
|-message|rat81 lost due to inactivity.
|
|win|Fat Lenny
|raw|Ladder updating...
|raw|Fat Lenny's rating: 1619 &rarr; <strong>1634<\/strong><br \/>(+15 for winning)
|raw|rat81's rating: 1540 &rarr; <strong>1525<\/strong><br \/>(-15 for losing)
|leave|Fat Lenny
|player|p1