|join|Have.
|join|Fat Lenny
|player|p1|Have.|1
|player|p2|Fat Lenny|224
|gametype|singles
|gen|6
|tier|UU
|rated
|rule|Sleep Clause Mod: Limit one foe put to sleep
|rule|Species Clause: Limit one of each PokÃ©mon
|rule|OHKO Clause: OHKO moves are banned
|rule|Moody Clause: Moody is banned
|rule|Evasion Moves Clause: Evasion moves are banned
|rule|Endless Battle Clause: Forcing endless battles is banned
|rule|HP Percentage Mod: HP is shown in percentages
|clearpoke
|poke|p1|Victini
|poke|p1|Hydreigon, F
|poke|p1|Ampharos, M
|poke|p1|Jirachi
|poke|p1|Togekiss, F
|poke|p1|Blissey, F
|poke|p2|Nidoqueen, F
|poke|p2|Togekiss, M
|poke|p2|Blastoise, F
|poke|p2|Lucario, F
|poke|p2|Hydreigon, M
|poke|p2|Victini
|rule|Swagger Clause: Swagger is banned
|rule|Baton Pass Clause: Limit one PokÃ©mon knowing Baton Pass
|teampreview
|c|âHave.|hay fren
|c|âHave.|:D
|
|start
|switch|p1a: Victini|Victini|341\/341
|switch|p2a: Victini|Victini|341\/341
|turn|1
|
|move|p2a: Victini|U-turn|p1a: Victini
|-damage|p1a: Victini|228\/341
|
|switch|p2a: Hydreigon|Hydreigon, M|325\/325
|move|p1a: Victini|V-create|p2a: Hydreigon
|-resisted|p2a: Hydreigon
|-damage|p2a: Hydreigon|40\/325
|-unboost|p1a: Victini|def|1
|-unboost|p1a: Victini|spd|1
|-unboost|p1a: Victini|spe|1
|
|turn|2
|
|switch|p1a: Togekiss|Togekiss, F|373\/373
|move|p2a: Hydreigon|U-turn|p1a: Togekiss
|-resisted|p1a: Togekiss
|-damage|p1a: Togekiss|363\/373
|
|switch|p2a: Nidoqueen|Nidoqueen, F|365\/365
|
|-heal|p1a: Togekiss|373\/373|[from] item: Leftovers
|turn|3
|
|switch|p1a: Blissey|Blissey, F|714\/714
|move|p2a: Nidoqueen|Stealth Rock|p1a: Blissey
|-sidestart|p1: Have.|move: Stealth Rock
|
|turn|4
|
|switch|p2a: Victini|Victini|341\/341
|move|p1a: Blissey|Wish|p1a: Blissey
|
|turn|5
|
|switch|p1a: Hydreigon|Hydreigon, F|325\/325
|-damage|p1a: Hydreigon|285\/325|[from] Stealth Rock
|move|p2a: Victini|U-turn|p1a: Hydreigon
|-crit|p1a: Hydreigon
|-supereffective|p1a: Hydreigon
|-damage|p1a: Hydreigon|0 fnt
|faint|p1a: Hydreigon
|
|switch|p2a: Hydreigon|Hydreigon, M|40\/325
|
|
|switch|p1a: Togekiss|Togekiss, F|373\/373
|-damage|p1a: Togekiss|280\/373|[from] Stealth Rock
|turn|6
|
|move|p2a: Hydreigon|U-turn|p1a: Togekiss
|-resisted|p1a: Togekiss
|-damage|p1a: Togekiss|269\/373
|
|switch|p2a: Nidoqueen|Nidoqueen, F|365\/365
|move|p1a: Togekiss|Defog|p2a: Nidoqueen
|-unboost|p2a: Nidoqueen|evasion|1
|-sideend|p1: Have.|Stealth Rock|[from] move: Defog|[of] p1a: Togekiss
|
|-heal|p1a: Togekiss|292\/373|[from] item: Leftovers
|turn|7
|
|switch|p1a: Victini|Victini|228\/341
|move|p2a: Nidoqueen|Stealth Rock|p1a: Victini
|-sidestart|p1: Have.|move: Stealth Rock
|
|turn|8
|
|switch|p2a: Blastoise|Blastoise, F|335\/335
|move|p1a: Victini|V-create|p2a: Blastoise
|-resisted|p2a: Blastoise
|-damage|p2a: Blastoise|101\/335
|-unboost|p1a: Victini|def|1
|-unboost|p1a: Victini|spd|1
|-unboost|p1a: Victini|spe|1
|
|turn|9
|
|detailschange|p2a: Blastoise|Blastoise-Mega, F
|message|Blastoise has Mega Evolved into Mega Blastoise!
|move|p2a: Blastoise|Dark Pulse|p1a: Victini
|-supereffective|p1a: Victini
|-damage|p1a: Victini|0 fnt
|faint|p1a: Victini
|
|c|âHave.|that was stupid
|c|âHave.|haha
|
|switch|p1a: Blissey|Blissey, F|714\/714
|-damage|p1a: Blissey|625\/714|[from] Stealth Rock
|turn|10
|join|EyanZ
|
|switch|p2a: Victini|Victini|341\/341
|move|p1a: Blissey|Seismic Toss|p2a: Victini
|-damage|p2a: Victini|241\/341
|
|-heal|p1a: Blissey|669\/714|[from] item: Leftovers
|turn|11
|
|move|p2a: Victini|V-create|p1a: Blissey
|-damage|p1a: Blissey|0 fnt
|-unboost|p2a: Victini|def|1
|-unboost|p2a: Victini|spd|1
|-unboost|p2a: Victini|spe|1
|faint|p1a: Blissey
|
|
|switch|p1a: Ampharos|Ampharos, M|383\/383
|-damage|p1a: Ampharos|336\/383|[from] Stealth Rock
|turn|12
|c| EyanZ|Lenny were you voiced through the tourney?
|
|switch|p2a: Blastoise|Blastoise-Mega, F|101\/335
|detailschange|p1a: Ampharos|Ampharos-Mega, M
|message|Ampharos has Mega Evolved into Mega Ampharos!
|-ability|p1a: Ampharos|Mold Breaker
|move|p1a: Ampharos|Dragon Pulse|p2a: Blastoise
|-damage|p2a: Blastoise|0 fnt
|faint|p2a: Blastoise
|
|
|switch|p2a: Nidoqueen|Nidoqueen, F|365\/365
|turn|13
|
|move|p2a: Nidoqueen|Ice Beam|p1a: Ampharos
|-supereffective|p1a: Ampharos
|-damage|p1a: Ampharos|76\/383
|move|p1a: Ampharos|Dragon Pulse|p2a: Nidoqueen
|-damage|p2a: Nidoqueen|187\/365
|
|turn|14
|
|move|p2a: Nidoqueen|Ice Beam|p1a: Ampharos
|-supereffective|p1a: Ampharos
|-damage|p1a: Ampharos|0 fnt
|faint|p1a: Ampharos
|
|
|switch|p1a: Togekiss|Togekiss, F|292\/373
|-damage|p1a: Togekiss|199\/373|[from] Stealth Rock
|turn|15
|
|move|p2a: Nidoqueen|Sludge Wave|p1a: Togekiss
|-supereffective|p1a: Togekiss
|-damage|p1a: Togekiss|0 fnt
|faint|p1a: Togekiss
|
|c|âHave.|gg
|
|switch|p1a: Jirachi|Jirachi|404\/404
|-damage|p1a: Jirachi|379\/404|[from] Stealth Rock
|turn|16
|
|move|p1a: Jirachi|Iron Head|p2a: Nidoqueen
|-damage|p2a: Nidoqueen|75\/365
|move|p2a: Nidoqueen|Earth Power|p1a: Jirachi
|-supereffective|p1a: Jirachi
|-damage|p1a: Jirachi|49\/404
|
|-heal|p1a: Jirachi|74\/404|[from] item: Leftovers
|turn|17
|
|move|p1a: Jirachi|Iron Head|p2a: Nidoqueen
|-damage|p2a: Nidoqueen|0 fnt
|faint|p2a: Nidoqueen
|
|-heal|p1a: Jirachi|99\/404|[from] item: Leftovers
|
|switch|p2a: Hydreigon|Hydreigon, M|40\/325
|turn|18
|
|move|p2a: Hydreigon|Dark Pulse|p1a: Jirachi
|-supereffective|p1a: Jirachi
|-damage|p1a: Jirachi|0 fnt
|faint|p1a: Jirachi
|
|win|Fat Lenny
|raw|Ladder updating...
|raw|Have.'s rating: 1492 &rarr; <strong>1479<\/strong><br \/>(-13 for losing)
|raw|Fat Lenny's rating: 1605 &rarr; <strong>1619<\/strong><br \/>(+14 for winning)