|join|Fat Lenny
|join|ScaldBurn
|player|p1|Fat Lenny|224
|player|p2|ScaldBurn|147
|gametype|singles
|gen|6
|tier|UU
|rated
|rule|Sleep Clause Mod: Limit one foe put to sleep
|rule|Species Clause: Limit one of each PokÃ©mon
|rule|OHKO Clause: OHKO moves are banned
|rule|Moody Clause: Moody is banned
|rule|Evasion Moves Clause: Evasion moves are banned
|rule|Endless Battle Clause: Forcing endless battles is banned
|rule|HP Percentage Mod: HP is shown in percentages
|clearpoke
|poke|p1|Haxorus, M
|poke|p1|Nidoqueen, F
|poke|p1|Aerodactyl, F
|poke|p1|Lucario, M
|poke|p1|Jirachi, shiny
|poke|p1|Hydreigon, M
|poke|p2|Jirachi
|poke|p2|Hydreigon, M
|poke|p2|Infernape, F
|poke|p2|Haxorus, F
|poke|p2|Blastoise, M
|poke|p2|Lucario, F
|rule|Swagger Clause: Swagger is banned
|rule|Baton Pass Clause: Limit one PokÃ©mon knowing Baton Pass
|teampreview
|
|start
|switch|p1a: Nidoqueen|Nidoqueen, F|366\/366
|switch|p2a: Hydreigon|Hydreigon, M|325\/325
|turn|1
|
|move|p2a: Hydreigon|Draco Meteor|p1a: Nidoqueen
|-damage|p1a: Nidoqueen|123\/366
|-unboost|p2a: Hydreigon|spa|2
|move|p1a: Nidoqueen|Stealth Rock|p2a: Hydreigon
|-sidestart|p2: ScaldBurn|move: Stealth Rock
|
|turn|2
|
|move|p2a: Hydreigon|Draco Meteor|p1a: Nidoqueen
|-damage|p1a: Nidoqueen|3\/366
|-unboost|p2a: Hydreigon|spa|2
|move|p1a: Nidoqueen|Earth Power|p2a: Hydreigon
|-immune|p2a: Hydreigon|[msg]
|
|turn|3
|
|switch|p1a: Jirachi|Jirachi, shiny|341\/341
|move|p2a: Hydreigon|Draco Meteor|p1a: Jirachi
|-resisted|p1a: Jirachi
|-damage|p1a: Jirachi|302\/341
|-unboost|p2a: Hydreigon|spa|2
|
|-heal|p1a: Jirachi|323\/341|[from] item: Leftovers
|turn|4
|
|switch|p2a: Jirachi|Jirachi|404\/404
|-damage|p2a: Jirachi|379\/404|[from] Stealth Rock
|move|p1a: Jirachi|Calm Mind|p1a: Jirachi
|-boost|p1a: Jirachi|spa|1
|-boost|p1a: Jirachi|spd|1
|
|-heal|p1a: Jirachi|341\/341|[from] item: Leftovers
|-heal|p2a: Jirachi|404\/404|[from] item: Leftovers
|turn|5
|
|move|p2a: Jirachi|Substitute|p2a: Jirachi
|-start|p2a: Jirachi|Substitute
|-damage|p2a: Jirachi|303\/404
|move|p1a: Jirachi|Shadow Ball|p2a: Jirachi
|-supereffective|p2a: Jirachi
|-end|p2a: Jirachi|Substitute
|
|-heal|p2a: Jirachi|328\/404|[from] item: Leftovers
|turn|6
|
|switch|p2a: Hydreigon|Hydreigon, M|325\/325
|-damage|p2a: Hydreigon|285\/325|[from] Stealth Rock
|move|p1a: Jirachi|Shadow Ball|p2a: Hydreigon
|-resisted|p2a: Hydreigon
|-damage|p2a: Hydreigon|218\/325
|
|turn|7
|
|move|p2a: Hydreigon|Dark Pulse|p1a: Jirachi
|-supereffective|p1a: Jirachi
|-damage|p1a: Jirachi|153\/341
|move|p1a: Jirachi|Moonblast|p2a: Hydreigon
|-supereffective|p2a: Hydreigon
|-damage|p2a: Hydreigon|0 fnt
|faint|p2a: Hydreigon
|
|-heal|p1a: Jirachi|174\/341|[from] item: Leftovers
|
|switch|p2a: Infernape|Infernape, F|293\/293
|-damage|p2a: Infernape|257\/293|[from] Stealth Rock
|turn|8
|
|switch|p1a: Nidoqueen|Nidoqueen, F|3\/366
|move|p2a: Infernape|Fire Blast|p1a: Nidoqueen
|-damage|p1a: Nidoqueen|0 fnt
|-damage|p2a: Infernape|228\/293|[from] item: Life Orb
|faint|p1a: Nidoqueen
|
|
|switch|p1a: Haxorus|Haxorus, M|293\/293
|-ability|p1a: Haxorus|Mold Breaker
|turn|9
|
|move|p2a: Infernape|Fire Blast|p1a: Haxorus
|-resisted|p1a: Haxorus
|-damage|p1a: Haxorus|140\/293
|-damage|p2a: Infernape|199\/293|[from] item: Life Orb
|move|p1a: Haxorus|Dragon Dance|p1a: Haxorus
|-boost|p1a: Haxorus|atk|1
|-boost|p1a: Haxorus|spe|1
|
|turn|10
|
|move|p2a: Infernape|Vacuum Wave|p1a: Haxorus
|-damage|p1a: Haxorus|33\/293
|-damage|p2a: Infernape|170\/293|[from] item: Life Orb
|move|p1a: Haxorus|Earthquake|p2a: Infernape
|-supereffective|p2a: Infernape
|-damage|p2a: Infernape|0 fnt
|faint|p2a: Infernape
|
|
|switch|p2a: Lucario|Lucario, F|281\/281
|-damage|p2a: Lucario|273\/281|[from] Stealth Rock
|turn|11
|
|move|p2a: Lucario|Bullet Punch|p1a: Haxorus
|-damage|p1a: Haxorus|0 fnt
|-damage|p2a: Lucario|245\/281|[from] item: Life Orb
|faint|p1a: Haxorus
|
|
|switch|p1a: Aerodactyl|Aerodactyl, F|321\/321
|turn|12
|
|detailschange|p1a: Aerodactyl|Aerodactyl-Mega, F
|message|Aerodactyl has Mega Evolved into Mega Aerodactyl!
|move|p1a: Aerodactyl|Aqua Tail|p2a: Lucario
|-damage|p2a: Lucario|26\/281
|move|p2a: Lucario|Close Combat|p1a: Aerodactyl
|-crit|p1a: Aerodactyl
|-damage|p1a: Aerodactyl|0 fnt
|-unboost|p2a: Lucario|def|1
|-unboost|p2a: Lucario|spd|1
|-damage|p2a: Lucario|0 fnt|[from] item: Life Orb
|faint|p1a: Aerodactyl
|faint|p2a: Lucario
|
|
|switch|p1a: Jirachi|Jirachi, shiny|174\/341
|switch|p2a: Jirachi|Jirachi|328\/404
|-damage|p2a: Jirachi|303\/404|[from] Stealth Rock
|turn|13
|
|move|p2a: Jirachi|Fire Punch|p1a: Jirachi
|-supereffective|p1a: Jirachi
|-damage|p1a: Jirachi|64\/341
|move|p1a: Jirachi|Shadow Ball|p2a: Jirachi
|-supereffective|p2a: Jirachi
|-damage|p2a: Jirachi|155\/404
|
|-heal|p2a: Jirachi|180\/404|[from] item: Leftovers
|-heal|p1a: Jirachi|85\/341|[from] item: Leftovers
|turn|14
|
|switch|p1a: Hydreigon|Hydreigon, M|325\/325
|move|p2a: Jirachi|Fire Punch|p1a: Hydreigon
|-resisted|p1a: Hydreigon
|-damage|p1a: Hydreigon|287\/325
|
|-heal|p2a: Jirachi|205\/404|[from] item: Leftovers
|turn|15
|
|move|p1a: Hydreigon|Dark Pulse|p2a: Jirachi
|-supereffective|p2a: Jirachi
|-damage|p2a: Jirachi|0 fnt
|faint|p2a: Jirachi
|
|
|switch|p2a: Blastoise|Blastoise, M|351\/351
|-damage|p2a: Blastoise|308\/351|[from] Stealth Rock
|turn|16
|
|detailschange|p2a: Blastoise|Blastoise-Mega, M
|message|Blastoise has Mega Evolved into Mega Blastoise!
|move|p1a: Hydreigon|Dark Pulse|p2a: Blastoise
|-damage|p2a: Blastoise|181\/351
|move|p2a: Blastoise|Dragon Pulse|p1a: Hydreigon
|-supereffective|p1a: Hydreigon
|-damage|p1a: Hydreigon|0 fnt
|faint|p1a: Hydreigon
|
|
|switch|p1a: Lucario|Lucario, M|281\/281
|turn|17
|
|move|p1a: Lucario|Close Combat|p2a: Blastoise
|-crit|p2a: Blastoise
|-damage|p2a: Blastoise|0 fnt
|-unboost|p1a: Lucario|def|1
|-unboost|p1a: Lucario|spd|1
|-damage|p1a: Lucario|253\/281|[from] item: Life Orb
|faint|p2a: Blastoise
|
|
|switch|p2a: Haxorus|Haxorus, F|294\/294
|-damage|p2a: Haxorus|258\/294|[from] Stealth Rock
|-ability|p2a: Haxorus|Mold Breaker
|turn|18
|
|move|p1a: Lucario|Extreme Speed|p2a: Haxorus
|-damage|p2a: Haxorus|136\/294
|-damage|p1a: Lucario|225\/281|[from] item: Life Orb
|move|p2a: Haxorus|Earthquake|p1a: Lucario
|-supereffective|p1a: Lucario
|-damage|p1a: Lucario|0 fnt
|-damage|p2a: Haxorus|107\/294|[from] item: Life Orb
|faint|p1a: Lucario
|
|
|switch|p1a: Jirachi|Jirachi, shiny|85\/341
|turn|19
|
|move|p1a: Jirachi|Moonblast|p2a: Haxorus
|-supereffective|p2a: Haxorus
|-damage|p2a: Haxorus|0 fnt
|faint|p2a: Haxorus
|
|win|Fat Lenny
|raw|Ladder updating...
|raw|Fat Lenny's rating: 1672 &rarr; <strong>1682<\/strong><br \/>(+10 for winning)
|raw|ScaldBurn's rating: 1480 &rarr; <strong>1470<\/strong><br \/>(-10 for losing)