|join|Fat Lenny
|join|pokemonisfun
|player|p1|Fat Lenny|224
|player|p2|pokemonisfun|184
|gametype|singles
|gen|6
|tier|UU
|rule|Sleep Clause Mod: Limit one foe put to sleep
|rule|Species Clause: Limit one of each PokÃ©mon
|rule|OHKO Clause: OHKO moves are banned
|rule|Moody Clause: Moody is banned
|rule|Evasion Moves Clause: Evasion moves are banned
|rule|Endless Battle Clause: Forcing endless battles is banned
|rule|HP Percentage Mod: HP is reported as percentages
|clearpoke
|poke|p1|Heracross, F
|poke|p1|Nidoqueen, F
|poke|p1|Aerodactyl, M
|poke|p1|Victini
|poke|p1|Lucario, M
|poke|p1|Hydreigon, M
|poke|p2|Blissey, F
|poke|p2|Slowbro, F
|poke|p2|Mew
|poke|p2|Hippowdon, M
|poke|p2|Sableye, F
|poke|p2|Forretress, F
|rule|Swagger Clause: Swagger is banned
|rule|Baton Pass Clause: Limit one PokÃ©mon knowing Baton Pass
|teampreview
|chat|Fat Lenny|hiya
|chat|Fat Lenny|hf
|chat|pokemonisfun|you too
|
|start
|switch|p1a: Victini|Victini|341\/341
|switch|p2a: Slowbro|Slowbro, F|394\/394
|turn|1
|chat|pokemonisfun|at least no subcm chandelure
|
|move|p1a: Victini|U-turn|p2a: Slowbro
|-supereffective|p2a: Slowbro
|-damage|p2a: Slowbro|264\/394
|
|switch|p1a: Hydreigon|Hydreigon, M|325\/325
|move|p2a: Slowbro|Scald|p1a: Hydreigon
|-resisted|p1a: Hydreigon
|-damage|p1a: Hydreigon|274\/325
|
|-heal|p2a: Slowbro|288\/394|[from] item: Leftovers
|turn|2
|join|sniperaim
|
|switch|p2a: Blissey|Blissey, F|651\/651
|move|p1a: Hydreigon|U-turn|p2a: Blissey
|-damage|p2a: Blissey|555\/651
|
|switch|p1a: Heracross|Heracross, F|311\/311
|
|-heal|p2a: Blissey|595\/651|[from] item: Leftovers
|turn|3
|
|switch|p2a: Forretress|Forretress, F|354\/354
|move|p1a: Heracross|Close Combat|p2a: Forretress
|-damage|p2a: Forretress|221\/354
|-unboost|p1a: Heracross|def|1
|-unboost|p1a: Heracross|spd|1
|
|-heal|p2a: Forretress|243\/354|[from] item: Leftovers
|turn|4
|
|switch|p1a: Nidoqueen|Nidoqueen, F|363\/363
|move|p2a: Forretress|Spikes|p1a: Nidoqueen
|-sidestart|p1: Fat Lenny|Spikes
|
|-heal|p2a: Forretress|265\/354|[from] item: Leftovers
|turn|5
|
|switch|p2a: Mew|Mew|397\/397
|move|p1a: Nidoqueen|Stealth Rock|p2a: Mew
|-sidestart|p2: pokemonisfun|move: Stealth Rock
|
|turn|6
|
|move|p2a: Mew|Defog|p1a: Nidoqueen
|-unboost|p1a: Nidoqueen|evasion|1
|-sideend|p1: Fat Lenny|Spikes|[from] move: Defog|[of] p1a: Nidoqueen
|-sideend|p2: pokemonisfun|Stealth Rock|[from] move: Defog|[of] p2a: Mew
|move|p1a: Nidoqueen|Sludge Wave|p2a: Mew
|-damage|p2a: Mew|253\/397
|
|-heal|p2a: Mew|277\/397|[from] item: Leftovers
|turn|7
|
|move|p2a: Mew|Will-O-Wisp|p1a: Nidoqueen
|-status|p1a: Nidoqueen|brn
|move|p1a: Nidoqueen|Sludge Wave|p2a: Mew
|-damage|p2a: Mew|129\/397
|
|-heal|p2a: Mew|153\/397|[from] item: Leftovers
|-damage|p1a: Nidoqueen|318\/363 brn|[from] brn
|turn|8
|
|switch|p1a: Heracross|Heracross, F|311\/311
|move|p2a: Mew|Roost|p2a: Mew
|-heal|p2a: Mew|352\/397
|
|-heal|p2a: Mew|376\/397|[from] item: Leftovers
|turn|9
|
|switch|p2a: Hippowdon|Hippowdon, M|420\/420
|-weather|Sandstorm
|move|p1a: Heracross|Swords Dance|p1a: Heracross
|-boost|p1a: Heracross|atk|2
|
|-weather|Sandstorm|[upkeep]
|-damage|p1a: Heracross|292\/311|[from] sandstorm
|-heal|p1a: Heracross|311\/311|[from] item: Leftovers
|turn|10
|
|move|p1a: Heracross|Close Combat|p2a: Hippowdon
|-damage|p2a: Hippowdon|114\/420
|-unboost|p1a: Heracross|def|1
|-unboost|p1a: Heracross|spd|1
|move|p2a: Hippowdon|Whirlwind|p1a: Heracross
|drag|p1a: Hydreigon|Hydreigon, M|274\/325
|
|-weather|Sandstorm|[upkeep]
|-damage|p1a: Hydreigon|254\/325|[from] sandstorm
|-heal|p2a: Hippowdon|140\/420|[from] item: Leftovers
|turn|11
|
|switch|p2a: Blissey|Blissey, F|595\/651
|move|p1a: Hydreigon|Draco Meteor|p2a: Blissey|[miss]
|-miss|p1a: Hydreigon|p2a: Blissey
|
|-weather|Sandstorm|[upkeep]
|-damage|p1a: Hydreigon|234\/325|[from] sandstorm
|-damage|p2a: Blissey|555\/651|[from] sandstorm
|-heal|p2a: Blissey|595\/651|[from] item: Leftovers
|turn|12
|
|switch|p1a: Heracross|Heracross, F|311\/311
|move|p2a: Blissey|Wish|p2a: Blissey
|
|-weather|Sandstorm|[upkeep]
|-damage|p1a: Heracross|292\/311|[from] sandstorm
|-damage|p2a: Blissey|555\/651|[from] sandstorm
|-heal|p1a: Heracross|311\/311|[from] item: Leftovers
|-heal|p2a: Blissey|595\/651|[from] item: Leftovers
|turn|13
|
|switch|p2a: Forretress|Forretress, F|265\/354
|move|p1a: Heracross|Swords Dance|p1a: Heracross
|-boost|p1a: Heracross|atk|2
|
|-weather|none
|-heal|p2a: Forretress|354\/354|[from] move: Wish|[wisher] Blissey
|turn|14
|
|move|p1a: Heracross|Close Combat|p2a: Forretress
|-crit|p2a: Forretress
|-activate|p2a: Forretress|Sturdy
|-damage|p2a: Forretress|1\/354
|-unboost|p1a: Heracross|def|1
|-unboost|p1a: Heracross|spd|1
|move|p2a: Forretress|Gyro Ball|p1a: Heracross
|-damage|p1a: Heracross|142\/311
|
|-heal|p1a: Heracross|161\/311|[from] item: Leftovers
|-heal|p2a: Forretress|23\/354|[from] item: Leftovers
|turn|15
|
|move|p1a: Heracross|Close Combat|p2a: Forretress
|-damage|p2a: Forretress|0 fnt
|-unboost|p1a: Heracross|def|1
|-unboost|p1a: Heracross|spd|1
|faint|p2a: Forretress
|
|-heal|p1a: Heracross|180\/311|[from] item: Leftovers
|
|switch|p2a: Sableye|Sableye, F|294\/294
|turn|16
|join|wot4 >:v(
|chat|Fat Lenny|knock off sure would be nice
|join|Technosis
|chat|Fat Lenny|gotta hit a lot of horns...
|chat|pokemonisfun|im thinking whether to use foul play will o wisp or resaign
|chat|Fat Lenny|ill miss eventually
|chat|Technosis|WoW
|chat|wot4 >:v(|are you really considering wisping
|chat|wot4 >:v(|.
|join|so dynamic
|chat|Technosis|for the guts boost
|chat|wot4 >:v(|hi pif btw :]
|chat|Technosis|:^)
|
|switch|p1a: Nidoqueen|Nidoqueen, F|318\/363 brn
|move|p2a: Sableye|Foul Play|p1a: Nidoqueen
|-damage|p1a: Nidoqueen|209\/363 brn
|
|-damage|p1a: Nidoqueen|164\/363 brn|[from] brn
|turn|17
|chat|pokemonisfun|thats coawrdly man
|
|switch|p2a: Mew|Mew|376\/397
|move|p1a: Nidoqueen|Earth Power|p2a: Mew
|-damage|p2a: Mew|236\/397
|
|-heal|p2a: Mew|260\/397|[from] item: Leftovers
|-damage|p1a: Nidoqueen|119\/363 brn|[from] brn
|turn|18
|chat|pokemonisfun|hi chinese friend
|
|switch|p1a: Hydreigon|Hydreigon, M|234\/325
|move|p2a: Mew|Roost|p2a: Mew
|-heal|p2a: Mew|397\/397
|
|turn|19
|
|move|p1a: Hydreigon|Dark Pulse|p2a: Mew
|-supereffective|p2a: Mew
|-damage|p2a: Mew|211\/397
|move|p2a: Mew|Roost|p2a: Mew
|-heal|p2a: Mew|397\/397
|
|turn|20
|
|switch|p1a: Victini|Victini|341\/341
|move|p2a: Mew|Will-O-Wisp|p1a: Victini
|-fail|p1a: Victini
|
|turn|21
|
|switch|p2a: Slowbro|Slowbro, F|394\/394
|move|p1a: Victini|U-turn|p2a: Slowbro
|-supereffective|p2a: Slowbro
|-damage|p2a: Slowbro|258\/394
|
|switch|p1a: Heracross|Heracross, F|180\/311
|
|-heal|p1a: Heracross|199\/311|[from] item: Leftovers
|-heal|p2a: Slowbro|282\/394|[from] item: Leftovers
|turn|22
|
|move|p1a: Heracross|Megahorn|p2a: Slowbro|[miss]
|-miss|p1a: Heracross|p2a: Slowbro
|move|p2a: Slowbro|Psyshock|p1a: Heracross
|-supereffective|p1a: Heracross
|-damage|p1a: Heracross|0 fnt
|faint|p1a: Heracross
|
|-heal|p2a: Slowbro|306\/394|[from] item: Leftovers
|chat|Fat Lenny|gg
|chat|pokemonisfun|no 
|chat|pokemonisfun|want to do a rematch
|chat|Fat Lenny|nah
|chat|Fat Lenny|this will be good for the forums
|chat|pokemonisfun|i would really do a rematch
|chat|pokemonisfun|no
|chat|Fat Lenny|knock off is powerful
|chat|pokemonisfun|people will dislike me more
|chat|Fat Lenny|with +2 knock off and CC I coulda swept
|chat|Fat Lenny|p much game
|chat|pokemonisfun|does +2 really ohko sableye
|chat|Fat Lenny|no
|chat|wot4 >:v(|i think no
|chat|wot4 >:v(|ye
|chat|sniperaim|yes
|chat|Fat Lenny|just a lil prior 
|chat|pokemonisfun|well i took off a lot of hp for speed
|chat|wot4 >:v(|well then yes
|chat|pokemonisfun|wait i shouldnt say that i didnt win yet
|chat|wot4 >:v(|actually
|chat|wot4 >:v(|+2 252 Atk Heracross Megahorn vs. 252 HP \/ 4 Def Sableye: 481-567 (158.2 - 186.5%) -- guaranteed OHKO
|chat|wot4 >:v(|.
|
|switch|p1a: Victini|Victini|341\/341
|turn|23
|chat|pokemonisfun|no i meant +2 knock off
|chat|wot4 >:v(|if it hits
|chat|Fat Lenny|are you spec def?
|chat|sniperaim|oh no
|chat|pokemonisfun|what is spec def?
|chat|wot4 >:v(|SpDef*
|chat|Fat Lenny|yea
|
|move|p1a: Victini|U-turn|p2a: Slowbro
|-supereffective|p2a: Slowbro
|-damage|p2a: Slowbro|172\/394
|chat|wot4 >:v(|p. sure every sableye is sp def to deal w\/ nidos better
|
|switch|p1a: Hydreigon|Hydreigon, M|234\/325
|move|p2a: Slowbro|Slack Off|p2a: Slowbro
|-heal|p2a: Slowbro|369\/394
|
|-heal|p2a: Slowbro|393\/394|[from] item: Leftovers
|turn|24
|chat|wot4 >:v(|among, idk, many other sp. attackers ever in the tier
|
|switch|p2a: Blissey|Blissey, F|595\/651
|move|p1a: Hydreigon|U-turn|p2a: Blissey
|-damage|p2a: Blissey|484\/651
|
|switch|p1a: Victini|Victini|341\/341
|
|-heal|p2a: Blissey|524\/651|[from] item: Leftovers
|turn|25
|
|move|p2a: Blissey|Protect|p2a: Blissey
|-singleturn|p2a: Blissey|Protect
|move|p1a: Victini|Bolt Strike|p2a: Blissey
|-activate|p2a: Blissey|Protect
|
|-heal|p2a: Blissey|564\/651|[from] item: Leftovers
|turn|26
|
|move|p1a: Victini|Bolt Strike|p2a: Blissey
|-damage|p2a: Blissey|189\/651
|move|p2a: Blissey|Wish|p2a: Blissey
|
|-heal|p2a: Blissey|229\/651|[from] item: Leftovers
|turn|27
|
|move|p2a: Blissey|Protect|p2a: Blissey
|-singleturn|p2a: Blissey|Protect
|move|p1a: Victini|Bolt Strike|p2a: Blissey
|-activate|p2a: Blissey|Protect
|
|-heal|p2a: Blissey|554\/651|[from] move: Wish|[wisher] Blissey
|-heal|p2a: Blissey|594\/651|[from] item: Leftovers
|turn|28
|
|switch|p1a: Nidoqueen|Nidoqueen, F|119\/363 brn
|move|p2a: Blissey|Wish|p2a: Blissey
|
|-heal|p2a: Blissey|634\/651|[from] item: Leftovers
|-damage|p1a: Nidoqueen|74\/363 brn|[from] brn
|turn|29
|
|switch|p2a: Mew|Mew|397\/397
|move|p1a: Nidoqueen|Stealth Rock|p2a: Mew
|-sidestart|p2: pokemonisfun|move: Stealth Rock
|
|-damage|p1a: Nidoqueen|29\/363 brn|[from] brn
|turn|30
|
|move|p2a: Mew|Defog|p1a: Nidoqueen
|-unboost|p1a: Nidoqueen|evasion|1
|-sideend|p2: pokemonisfun|Stealth Rock|[from] move: Defog|[of] p2a: Mew
|move|p1a: Nidoqueen|Stealth Rock|p2a: Mew
|-sidestart|p2: pokemonisfun|move: Stealth Rock
|
|-damage|p1a: Nidoqueen|0 fnt|[from] brn
|faint|p1a: Nidoqueen
|
|switch|p1a: Victini|Victini|341\/341
|turn|31
|
|switch|p2a: Slowbro|Slowbro, F|394\/394
|-damage|p2a: Slowbro|345\/394|[from] Stealth Rock
|move|p1a: Victini|V-create|p2a: Slowbro
|-resisted|p2a: Slowbro
|-damage|p2a: Slowbro|208\/394
|-unboost|p1a: Victini|def|1
|-unboost|p1a: Victini|spd|1
|-unboost|p1a: Victini|spe|1
|
|-heal|p2a: Slowbro|232\/394|[from] item: Leftovers
|turn|32
|
|switch|p1a: Hydreigon|Hydreigon, M|234\/325
|move|p2a: Slowbro|Scald|p1a: Hydreigon
|-resisted|p1a: Hydreigon
|-damage|p1a: Hydreigon|182\/325
|
|-heal|p2a: Slowbro|256\/394|[from] item: Leftovers
|turn|33
|
|switch|p2a: Blissey|Blissey, F|634\/651
|-damage|p2a: Blissey|553\/651|[from] Stealth Rock
|move|p1a: Hydreigon|U-turn|p2a: Blissey
|-damage|p2a: Blissey|451\/651
|
|switch|p1a: Lucario|Lucario, M|281\/281
|
|-heal|p2a: Blissey|491\/651|[from] item: Leftovers
|turn|34
|
|switch|p1a: Victini|Victini|341\/341
|switch|p2a: Sableye|Sableye, F|294\/294
|-damage|p2a: Sableye|258\/294|[from] Stealth Rock
|
|-heal|p2a: Sableye|276\/294|[from] item: Leftovers
|turn|35
|
|switch|p2a: Hippowdon|Hippowdon, M|140\/420
|-damage|p2a: Hippowdon|114\/420|[from] Stealth Rock
|-weather|Sandstorm
|move|p1a: Victini|V-create|p2a: Hippowdon
|-crit|p2a: Hippowdon
|-damage|p2a: Hippowdon|0 fnt
|-unboost|p1a: Victini|def|1
|-unboost|p1a: Victini|spd|1
|-unboost|p1a: Victini|spe|1
|faint|p2a: Hippowdon
|
|-weather|Sandstorm|[upkeep]
|-damage|p1a: Victini|320\/341|[from] sandstorm
|
|switch|p2a: Mew|Mew|397\/397
|-damage|p2a: Mew|348\/397|[from] Stealth Rock
|turn|36
|
|move|p2a: Mew|Defog|p1a: Victini
|-unboost|p1a: Victini|evasion|1
|-sideend|p2: pokemonisfun|Stealth Rock|[from] move: Defog|[of] p2a: Mew
|move|p1a: Victini|V-create|p2a: Mew
|-damage|p2a: Mew|0 fnt
|-unboost|p1a: Victini|def|1
|-unboost|p1a: Victini|spd|1
|-unboost|p1a: Victini|spe|1
|faint|p2a: Mew
|
|-weather|Sandstorm|[upkeep]
|-damage|p1a: Victini|299\/341|[from] sandstorm
|
|switch|p2a: Slowbro|Slowbro, F|387\/394
|turn|37
|
|switch|p1a: Hydreigon|Hydreigon, M|182\/325
|move|p2a: Slowbro|Scald|p1a: Hydreigon
|-resisted|p1a: Hydreigon
|-damage|p1a: Hydreigon|128\/325
|-status|p1a: Hydreigon|brn
|
|-weather|Sandstorm|[upkeep]
|-damage|p1a: Hydreigon|108\/325 brn|[from] sandstorm
|-damage|p2a: Slowbro|363\/394|[from] sandstorm
|-heal|p2a: Slowbro|387\/394|[from] item: Leftovers
|-damage|p1a: Hydreigon|68\/325 brn|[from] brn
|turn|38
|
|switch|p2a: Blissey|Blissey, F|491\/651
|move|p1a: Hydreigon|U-turn|p2a: Blissey
|-damage|p2a: Blissey|440\/651
|
|switch|p1a: Victini|Victini|299\/341
|
|-weather|Sandstorm|[upkeep]
|-damage|p1a: Victini|278\/341|[from] sandstorm
|-damage|p2a: Blissey|400\/651|[from] sandstorm
|-heal|p2a: Blissey|440\/651|[from] item: Leftovers
|turn|39
|
|move|p2a: Blissey|Protect|p2a: Blissey
|-singleturn|p2a: Blissey|Protect
|move|p1a: Victini|Bolt Strike|p2a: Blissey
|-activate|p2a: Blissey|Protect
|
|-weather|none
|-heal|p2a: Blissey|480\/651|[from] item: Leftovers
|turn|40
|
|move|p1a: Victini|Bolt Strike|p2a: Blissey
|-damage|p2a: Blissey|121\/651
|move|p2a: Blissey|Wish|p2a: Blissey
|
|-heal|p2a: Blissey|161\/651|[from] item: Leftovers
|turn|41
|
|switch|p1a: Lucario|Lucario, M|281\/281
|move|p2a: Blissey|Protect|p2a: Blissey
|-fail|p2a: Blissey
|
|-heal|p2a: Blissey|486\/651|[from] move: Wish|[wisher] Blissey
|-heal|p2a: Blissey|526\/651|[from] item: Leftovers
|turn|42
|
|switch|p1a: Victini|Victini|278\/341
|switch|p2a: Sableye|Sableye, F|276\/294
|
|-heal|p2a: Sableye|294\/294|[from] item: Leftovers
|turn|43
|
|move|p1a: Victini|U-turn|p2a: Sableye
|-damage|p2a: Sableye|164\/294
|
|switch|p1a: Hydreigon|Hydreigon, M|68\/325 brn
|move|p2a: Sableye|Foul Play|p1a: Hydreigon
|-crit|p1a: Hydreigon
|-resisted|p1a: Hydreigon
|-damage|p1a: Hydreigon|0 fnt
|faint|p1a: Hydreigon
|
|-heal|p2a: Sableye|182\/294|[from] item: Leftovers
|join|ah yueah
|
|switch|p1a: Victini|Victini|278\/341
|turn|44
|
|switch|p2a: Blissey|Blissey, F|526\/651
|move|p1a: Victini|Bolt Strike|p2a: Blissey
|-damage|p2a: Blissey|130\/651
|
|-heal|p2a: Blissey|170\/651|[from] item: Leftovers
|turn|45
|
|switch|p1a: Lucario|Lucario, M|281\/281
|move|p2a: Blissey|Wish|p2a: Blissey
|
|-heal|p2a: Blissey|210\/651|[from] item: Leftovers
|turn|46
|
|switch|p2a: Sableye|Sableye, F|182\/294
|move|p1a: Lucario|Crunch|p2a: Sableye
|-damage|p2a: Sableye|27\/294
|-damage|p1a: Lucario|253\/281|[from] item: Life Orb
|
|-heal|p2a: Sableye|294\/294|[from] move: Wish|[wisher] Blissey
|turn|47
|chat|wot4 >:v(|sd on the knock off y\/y
|chat|wot4 >:v(|or foul play w\/e
|chat|pokemonisfun|knock off is banned
|chat|wot4 >:v(|oh
|chat|wot4 >:v(|foul play
|
|switch|p1a: Victini|Victini|278\/341
|move|p2a: Sableye|Will-O-Wisp|p1a: Victini
|-fail|p1a: Victini
|
|turn|48
|
|switch|p2a: Slowbro|Slowbro, F|394\/394
|move|p1a: Victini|Bolt Strike|p2a: Slowbro
|-supereffective|p2a: Slowbro
|-damage|p2a: Slowbro|152\/394
|-status|p2a: Slowbro|par
|
|-heal|p2a: Slowbro|176\/394 par|[from] item: Leftovers
|turn|49
|chat|wot4 >:v(|.
|
|switch|p1a: Aerodactyl|Aerodactyl, M|330\/330
|switch|p2a: Blissey|Blissey, F|210\/651
|
|-heal|p2a: Blissey|250\/651|[from] item: Leftovers
|turn|50
|
|detailschange|p1a: Aerodactyl|Aerodactyl-Mega, M
|message|Aerodactyl has Mega Evolved into Mega Aerodactyl!
|move|p2a: Blissey|Protect|p2a: Blissey
|-singleturn|p2a: Blissey|Protect
|move|p1a: Aerodactyl|Stone Edge|p2a: Blissey
|-activate|p2a: Blissey|Protect
|
|-heal|p2a: Blissey|290\/651|[from] item: Leftovers
|turn|51
|
|switch|p2a: Slowbro|Slowbro, F|307\/394 par
|move|p1a: Aerodactyl|Stone Edge|p2a: Slowbro
|-crit|p2a: Slowbro
|-damage|p2a: Slowbro|105\/394 par
|
|-heal|p2a: Slowbro|129\/394 par|[from] item: Leftovers
|turn|52
|
|switch|p2a: Blissey|Blissey, F|290\/651
|move|p1a: Aerodactyl|Stone Edge|p2a: Blissey
|-damage|p2a: Blissey|0 fnt
|faint|p2a: Blissey
|
|
|switch|p2a: Sableye|Sableye, F|294\/294
|turn|53
|
|move|p1a: Aerodactyl|Stone Edge|p2a: Sableye
|-damage|p2a: Sableye|66\/294
|move|p2a: Sableye|Foul Play|p1a: Aerodactyl
|-damage|p1a: Aerodactyl|141\/330
|
|-heal|p2a: Sableye|84\/294|[from] item: Leftovers
|turn|54
|
|move|p2a: Sableye|Will-O-Wisp|p1a: Aerodactyl
|-status|p1a: Aerodactyl|brn
|move|p1a: Aerodactyl|Stone Edge|p2a: Sableye
|-damage|p2a: Sableye|0 fnt
|faint|p2a: Sableye
|
|-damage|p1a: Aerodactyl|100\/330 brn|[from] brn
|
|switch|p2a: Slowbro|Slowbro, F|260\/394 par
|turn|55
|chat|Fat Lenny|hitting all the stone edges
|chat|Fat Lenny|wow
|
|move|p1a: Aerodactyl|Stone Edge|p2a: Slowbro|[miss]
|-miss|p1a: Aerodactyl|p2a: Slowbro
|move|p2a: Slowbro|Slack Off|p2a: Slowbro
|-heal|p2a: Slowbro|394\/394 par
|
|-damage|p1a: Aerodactyl|59\/330 brn|[from] brn
|turn|56
|chat|wot4 >:v(|just as you said it
|
|move|p1a: Aerodactyl|Stone Edge|p2a: Slowbro
|-damage|p2a: Slowbro|330\/394 par
|move|p2a: Slowbro|Calm Mind|p2a: Slowbro
|-boost|p2a: Slowbro|spa|1
|-boost|p2a: Slowbro|spd|1
|
|-heal|p2a: Slowbro|354\/394 par|[from] item: Leftovers
|-damage|p1a: Aerodactyl|18\/330 brn|[from] brn
|turn|57
|chat|wot4 >:v(|:]
|
|move|p1a: Aerodactyl|Stone Edge|p2a: Slowbro
|-crit|p2a: Slowbro
|-damage|p2a: Slowbro|261\/394 par
|move|p2a: Slowbro|Calm Mind|p2a: Slowbro
|-boost|p2a: Slowbro|spa|1
|-boost|p2a: Slowbro|spd|1
|
|-heal|p2a: Slowbro|285\/394 par|[from] item: Leftovers
|-damage|p1a: Aerodactyl|0 fnt|[from] brn
|faint|p1a: Aerodactyl
|
|switch|p1a: Lucario|Lucario, M|253\/281
|turn|58
|
|move|p1a: Lucario|Crunch|p2a: Slowbro
|-supereffective|p2a: Slowbro
|-damage|p2a: Slowbro|129\/394 par
|-damage|p1a: Lucario|225\/281|[from] item: Life Orb
|cant|p2a: Slowbro|par
|
|-heal|p2a: Slowbro|153\/394 par|[from] item: Leftovers
|turn|59
|
|move|p1a: Lucario|Crunch|p2a: Slowbro
|-supereffective|p2a: Slowbro
|-damage|p2a: Slowbro|0 fnt
|-damage|p1a: Lucario|197\/281|[from] item: Life Orb
|faint|p2a: Slowbro
|
|win|Fat Lenny
|chat|wot4 >:v(|gg all around :]
|chat|pokemonisfun|lol
|chat|Fat Lenny|gg
|chat|pokemonisfun|gg
|leave|ah yueah
|leave|so dynamic
|chat|Fat Lenny|pleasure dude
|leave|sniperaim
|chat|Fat Lenny|cya round
|leave|wot4 >:v(
|join|wot4 >:v(
|leave|wot4 >:v(
|leave|Technosis
|leave|Fat Lenny
|player|p1
|join|D0n's Alt