|join|Fat Lenny
|join|bob the bro
|player|p1|Fat Lenny|224
|player|p2|bob the bro|23
|gametype|singles
|gen|6
|tier|UU
|rule|Sleep Clause Mod: Limit one foe put to sleep
|rule|Species Clause: Limit one of each PokÃ©mon
|rule|OHKO Clause: OHKO moves are banned
|rule|Moody Clause: Moody is banned
|rule|Evasion Moves Clause: Evasion moves are banned
|rule|Endless Battle Clause: Forcing endless battles is banned
|rule|HP Percentage Mod: HP is shown in percentages
|clearpoke
|poke|p1|Nidoqueen, F
|poke|p1|Blastoise, M
|poke|p1|Victini
|poke|p1|Togekiss, M
|poke|p1|Hydreigon, F
|poke|p1|Lucario, M
|poke|p2|Gligar, M
|poke|p2|Blissey, F
|poke|p2|Sharpedo, F
|poke|p2|Crobat, M
|poke|p2|Lucario, M
|poke|p2|Suicune
|rule|Swagger Clause: Swagger is banned
|rule|Baton Pass Clause: Limit one PokÃ©mon knowing Baton Pass
|teampreview
|join|Billtodamax
|c|âFat Lenny|leggo
|c|âFat Lenny|ooh pedoo
|c|âFat Lenny|what is that core?!?
|c|âFat Lenny|eww
|c|âbob the bro|let my pedo touch your kiddie balls
|c|âbob the bro|no homo
|
|start
|switch|p1a: Nidoqueen|Nidoqueen, F|366\/366
|switch|p2a: Sharpedo|Sharpedo, F|282\/282
|turn|1
|c|âFat Lenny|you would lead with that
|
|switch|p1a: Blastoise|Blastoise, M|308\/308
|move|p2a: Sharpedo|Protect|p2a: Sharpedo
|-fail|p2a: Sharpedo
|
|-boost|p2a: Sharpedo|spe|1|[from] ability: Speed Boost
|turn|2
|join|Colbrushie
|c|âbob the bro|oh woops forgot to change blis to aromatisse
|join|elitesniper
|c|âbob the bro|or this team gets shrekt by sab
|
|switch|p2a: Blissey|Blissey, F|714\/714
|detailschange|p1a: Blastoise|Blastoise-Mega, M
|message|Blastoise has Mega Evolved into Mega Blastoise!
|move|p1a: Blastoise|Scald|p2a: Blissey
|-damage|p2a: Blissey|585\/714
|
|-heal|p2a: Blissey|629\/714|[from] item: Leftovers
|turn|3
|
|switch|p1a: Nidoqueen|Nidoqueen, F|366\/366
|move|p2a: Blissey|Seismic Toss|p1a: Nidoqueen
|-damage|p1a: Nidoqueen|266\/366
|
|-heal|p2a: Blissey|673\/714|[from] item: Leftovers
|turn|4
|
|switch|p2a: Brocune|Suicune|404\/404
|-ability|p2a: Brocune|Pressure
|move|p1a: Nidoqueen|Stealth Rock|p2a: Brocune
|-sidestart|p2: bob the bro|move: Stealth Rock
|
|turn|5
|
|move|p1a: Nidoqueen|Sludge Wave|p2a: Brocune
|-damage|p2a: Brocune|213\/404
|move|p2a: Brocune|Scald|p1a: Nidoqueen
|-supereffective|p1a: Nidoqueen
|-damage|p1a: Nidoqueen|68\/366
|
|-heal|p2a: Brocune|238\/404|[from] item: Leftovers
|turn|6
|
|move|p1a: Nidoqueen|Sludge Wave|p2a: Brocune
|-damage|p2a: Brocune|31\/404
|move|p2a: Brocune|Scald|p1a: Nidoqueen
|-supereffective|p1a: Nidoqueen
|-damage|p1a: Nidoqueen|0 fnt
|faint|p1a: Nidoqueen
|
|-heal|p2a: Brocune|56\/404|[from] item: Leftovers
|
|switch|p1a: Victini|Victini|341\/341
|turn|7
|
|move|p1a: Victini|U-turn|p2a: Brocune
|-damage|p2a: Brocune|0 fnt
|faint|p2a: Brocune
|
|switch|p1a: Blastoise|Blastoise-Mega, M|308\/308
|
|
|switch|p2a: Blissey|Blissey, F|673\/714
|-damage|p2a: Blissey|584\/714|[from] Stealth Rock
|turn|8
|
|switch|p1a: Victini|Victini|341\/341
|move|p2a: Blissey|Seismic Toss|p1a: Victini
|-damage|p1a: Victini|241\/341
|
|-heal|p2a: Blissey|628\/714|[from] item: Leftovers
|turn|9
|
|move|p1a: Victini|V-create|p2a: Blissey
|-damage|p2a: Blissey|0 fnt
|-unboost|p1a: Victini|def|1
|-unboost|p1a: Victini|spd|1
|-unboost|p1a: Victini|spe|1
|faint|p2a: Blissey
|
|
|switch|p2a: Brobat|Crobat, M|311\/311
|-damage|p2a: Brobat|234\/311|[from] Stealth Rock
|turn|10
|
|move|p2a: Brobat|Defog|p1a: Victini
|-unboost|p1a: Victini|evasion|1
|-sideend|p2: bob the bro|Stealth Rock|[from] move: Defog|[of] p2a: Brobat
|move|p1a: Victini|V-create|p2a: Brobat
|-damage|p2a: Brobat|0 fnt
|-unboost|p1a: Victini|def|1
|-unboost|p1a: Victini|spd|1
|-unboost|p1a: Victini|spe|1
|faint|p2a: Brobat
|
|
|switch|p2a: Gligar|Gligar, M|334\/334
|turn|11
|
|switch|p1a: Togekiss|Togekiss, M|350\/350
|move|p2a: Gligar|Swords Dance|p2a: Gligar
|-boost|p2a: Gligar|atk|2
|
|turn|12
|c| Colbrushie|ah
|c| Colbrushie|good old gligarpass
|
|move|p1a: Togekiss|Air Slash|p2a: Gligar
|-damage|p2a: Gligar|237\/334
|move|p2a: Gligar|Swords Dance|p2a: Gligar
|-boost|p2a: Gligar|atk|2
|
|turn|13
|c|âFat Lenny|flinch death
|c| Billtodamax|miss
|c| Billtodamax|here
|c| Colbrushie|billtodahax
|
|move|p1a: Togekiss|Air Slash|p2a: Gligar
|-damage|p2a: Gligar|143\/334
|cant|p2a: Gligar|flinch
|
|turn|14
|c| Billtodamax|miss
|c| Billtodamax|here
|c|âbob the bro|pls no
|c|âFat Lenny|one moar pls
|c| Colbrushie|miss
|
|move|p1a: Togekiss|Air Slash|p2a: Gligar
|-crit|p2a: Gligar
|-damage|p2a: Gligar|0 fnt
|faint|p2a: Gligar
|
|c| Colbrushie|miss
|c| Colbrushie|LOL
|c|âFat Lenny|ah
|c|âbob the bro|fuck
|c|âFat Lenny|sry man
|
|switch|p2a: Sharpedo|Sharpedo, F|282\/282
|turn|15
|
|move|p2a: Sharpedo|Waterfall|p1a: Togekiss
|-damage|p1a: Togekiss|165\/350
|-damage|p2a: Sharpedo|254\/282|[from] item: Life Orb
|move|p1a: Togekiss|Air Slash|p2a: Sharpedo
|-damage|p2a: Sharpedo|0 fnt
|faint|p2a: Sharpedo
|
|-heal|p1a: Togekiss|186\/350|[from] item: Leftovers
|
|switch|p2a: Lucario|Lucario, M|282\/282
|turn|16
|
|move|p2a: Lucario|Bullet Punch|p1a: Togekiss
|-supereffective|p1a: Togekiss
|-damage|p1a: Togekiss|0 fnt
|-damage|p2a: Lucario|254\/282|[from] item: Life Orb
|faint|p1a: Togekiss
|
|
|switch|p1a: Victini|Victini|241\/341
|turn|17
|
|move|p2a: Lucario|Extreme Speed|p1a: Victini
|-damage|p1a: Victini|128\/341
|-damage|p2a: Lucario|226\/282|[from] item: Life Orb
|move|p1a: Victini|V-create|p2a: Lucario
|-supereffective|p2a: Lucario
|-damage|p2a: Lucario|0 fnt
|-unboost|p1a: Victini|def|1
|-unboost|p1a: Victini|spd|1
|-unboost|p1a: Victini|spe|1
|faint|p2a: Lucario
|
|win|Fat Lenny
|c|âFat Lenny|gg
|c|âbob the bro|gg
|leave|elitesniper
|leave|Colbrushie
|leave|bob the bro
|player|p2
|join|xMarth
|join|Colbrushie
|leave|Colbrushie
|leave|xMarth
|join|dingbat
|c| dingbat|shrekekekekekekek
|leave|dingbat
|join|dingbat
|leave|dingbat
|join|elitesniper
|leave|elitesniper
|join|Nightmare Vampire