|join|Fat Lenny
|join|itsmario
|player|p1|Fat Lenny|242
|player|p2|itsmario|2
|gametype|singles
|gen|6
|tier|UU
|rated
|rule|Sleep Clause Mod: Limit one foe put to sleep
|rule|Species Clause: Limit one of each PokÃ©mon
|rule|OHKO Clause: OHKO moves are banned
|rule|Moody Clause: Moody is banned
|rule|Evasion Moves Clause: Evasion moves are banned
|rule|Endless Battle Clause: Forcing endless battles is banned
|rule|HP Percentage Mod: HP is shown in percentages
|clearpoke
|poke|p1|Virizion
|poke|p1|Nidoqueen, F
|poke|p1|Altaria, F
|poke|p1|Jirachi
|poke|p1|Chandelure, F
|poke|p1|Hydreigon, F
|poke|p2|Dragalge, F
|poke|p2|Rotom-Heat
|poke|p2|Mienshao, M
|poke|p2|Krookodile, M
|poke|p2|Jirachi
|poke|p2|Hydreigon, F
|rule|Swagger Clause: Swagger is banned
|rule|Baton Pass Clause: Limit one PokÃ©mon knowing Baton Pass
|teampreview
|
|start
|switch|p1a: Nidoqueen|Nidoqueen, F|366\/366
|switch|p2a: Dragalge|Dragalge, F|334\/334
|turn|1
|
|switch|p1a: Jirachi|Jirachi|341\/341
|move|p2a: Dragalge|Draco Meteor|p1a: Jirachi
|-resisted|p1a: Jirachi
|-damage|p1a: Jirachi|130\/341
|-unboost|p2a: Dragalge|spa|2
|
|turn|2
|
|switch|p2a: Rotom-Heat|Rotom-Heat|304\/304
|move|p1a: Jirachi|U-turn|p2a: Rotom-Heat
|-resisted|p2a: Rotom-Heat
|-damage|p2a: Rotom-Heat|277\/304
|
|switch|p1a: Nidoqueen|Nidoqueen, F|366\/366
|
|turn|3
|
|switch|p1a: Chandelure|Chandelure, F|289\/289
|move|p2a: Rotom-Heat|Overheat|p1a: Chandelure
|-start|p1a: Chandelure|ability: Flash Fire
|
|turn|4
|
|switch|p2a: Hydreigon|Hydreigon, F|325\/325
|move|p1a: Chandelure|Calm Mind|p1a: Chandelure
|-boost|p1a: Chandelure|spa|1
|-boost|p1a: Chandelure|spd|1
|
|turn|5
|
|move|p2a: Hydreigon|Dark Pulse|p1a: Chandelure
|-supereffective|p1a: Chandelure
|-damage|p1a: Chandelure|97\/289
|move|p1a: Chandelure|Fire Blast|p2a: Hydreigon
|-crit|p2a: Hydreigon
|-resisted|p2a: Hydreigon
|-damage|p2a: Hydreigon|0 fnt
|faint|p2a: Hydreigon
|
|-heal|p1a: Chandelure|115\/289|[from] item: Leftovers
|
|switch|p2a: Mienshao|Mienshao, M|271\/271
|turn|6
|
|switch|p1a: Virizion|Virizion|324\/324
|move|p2a: Mienshao|Knock Off|p1a: Virizion
|-resisted|p1a: Virizion
|-damage|p1a: Virizion|207\/324
|-boost|p1a: Virizion|atk|1|[from] ability: Justified
|-enditem|p1a: Virizion|Lum Berry|[from] move: Knock Off|[of] p2a: Mienshao
|
|turn|7
|
|switch|p2a: Dragalge|Dragalge, F|334\/334
|move|p1a: Virizion|Close Combat|p2a: Dragalge
|-resisted|p2a: Dragalge
|-damage|p2a: Dragalge|190\/334
|-unboost|p1a: Virizion|def|1
|-unboost|p1a: Virizion|spd|1
|
|turn|8
|
|move|p1a: Virizion|Stone Edge|p2a: Dragalge
|-damage|p2a: Dragalge|45\/334
|move|p2a: Dragalge|Dragon Pulse|p1a: Virizion
|-damage|p1a: Virizion|0 fnt
|faint|p1a: Virizion
|
|
|switch|p1a: Altaria|Altaria, F|292\/292
|turn|9
|
|switch|p2a: Jirachi|Jirachi|341\/341
|detailschange|p1a: Altaria|Altaria-Mega, F
|message|Altaria has Mega Evolved into Mega Altaria!
|move|p1a: Altaria|Earthquake|p2a: Jirachi
|-supereffective|p2a: Jirachi
|-damage|p2a: Jirachi|95\/341
|
|turn|10
|
|switch|p1a: Chandelure|Chandelure, F|115\/289
|move|p2a: Jirachi|U-turn|p1a: Chandelure
|-resisted|p1a: Chandelure
|-damage|p1a: Chandelure|98\/289
|
|switch|p2a: Mienshao|Mienshao, M|271\/271
|
|-heal|p1a: Chandelure|116\/289|[from] item: Leftovers
|turn|11
|
|move|p2a: Mienshao|Poison Jab|p1a: Chandelure
|-resisted|p1a: Chandelure
|-damage|p1a: Chandelure|35\/289
|move|p1a: Chandelure|Shadow Ball|p2a: Mienshao
|-damage|p2a: Mienshao|66\/271
|-unboost|p2a: Mienshao|spd|1
|
|-heal|p1a: Chandelure|53\/289|[from] item: Leftovers
|turn|12
|
|switch|p1a: Nidoqueen|Nidoqueen, F|366\/366
|move|p2a: Mienshao|Poison Jab|p1a: Nidoqueen
|-resisted|p1a: Nidoqueen
|-damage|p1a: Nidoqueen|327\/366
|
|turn|13
|join|SHIT USER
|
|switch|p2a: Rotom-Heat|Rotom-Heat|277\/304
|move|p1a: Nidoqueen|Stealth Rock|p2a: Rotom-Heat
|-sidestart|p2: itsmario|move: Stealth Rock
|
|turn|14
|
|switch|p1a: Chandelure|Chandelure, F|53\/289
|move|p2a: Rotom-Heat|Trick|p1a: Chandelure
|-activate|p2a: Rotom-Heat|move: Trick|[of] p1a: Chandelure
|-item|p1a: Chandelure|Choice Specs|[from] move: Trick
|-item|p2a: Rotom-Heat|Leftovers|[from] move: Trick
|
|-heal|p2a: Rotom-Heat|296\/304|[from] item: Leftovers
|turn|15
|
|move|p1a: Chandelure|Shadow Ball|p2a: Rotom-Heat
|-damage|p2a: Rotom-Heat|100\/304
|move|p2a: Rotom-Heat|Volt Switch|p1a: Chandelure
|-damage|p1a: Chandelure|0 fnt
|faint|p1a: Chandelure
|
|switch|p2a: Jirachi|Jirachi|95\/341
|-damage|p2a: Jirachi|74\/341|[from] Stealth Rock
|
|
|switch|p1a: Jirachi|Jirachi|130\/341
|turn|16
|
|move|p2a: Jirachi|Healing Wish|p2a: Jirachi
|faint|p2a: Jirachi
|move|p1a: Jirachi|U-turn|p2: Jirachi|[notarget]
|-notarget
|
|
|switch|p2a: Mienshao|Mienshao, M|66\/271
|-heal|p2a: Mienshao|271\/271|[from] move: Healing Wish
|-damage|p2a: Mienshao|255\/271|[from] Stealth Rock
|turn|17
|
|move|p1a: Jirachi|U-turn|p2a: Mienshao
|-resisted|p2a: Mienshao
|-damage|p2a: Mienshao|213\/271
|
|switch|p1a: Hydreigon|Hydreigon, F|325\/325
|move|p2a: Mienshao|High Jump Kick|p1a: Hydreigon|[miss]
|-miss|p2a: Mienshao|p1a: Hydreigon
|-damage|p2a: Mienshao|78\/271|[from] highjumpkick
|
|turn|18
|
|move|p2a: Mienshao|High Jump Kick|p1a: Hydreigon
|-supereffective|p1a: Hydreigon
|-damage|p1a: Hydreigon|0 fnt
|faint|p1a: Hydreigon
|
|
|switch|p1a: Altaria|Altaria-Mega, F|292\/292
|turn|19
|
|move|p2a: Mienshao|High Jump Kick|p1a: Altaria
|-resisted|p1a: Altaria
|-damage|p1a: Altaria|99\/292
|move|p1a: Altaria|Dragon Dance|p1a: Altaria
|-boost|p1a: Altaria|atk|1
|-boost|p1a: Altaria|spe|1
|
|turn|20
|
|move|p1a: Altaria|Frustration|p2a: Mienshao
|-supereffective|p2a: Mienshao
|-damage|p2a: Mienshao|0 fnt
|faint|p2a: Mienshao
|
|
|switch|p2a: Dragalge|Dragalge, F|45\/334
|-damage|p2a: Dragalge|4\/334|[from] Stealth Rock
|turn|21
|leave|itsmario
|player|p2
|join|baenail
|-message|itsmario lost due to inactivity.
|
|win|Fat Lenny
|raw|Ladder updating...
|raw|Fat Lenny's rating: 1147 &rarr; <strong>1172<\/strong><br \/>(+25 for winning)
|raw|itsmario's rating: 1148 &rarr; <strong>1123<\/strong><br \/>(-25 for losing)
|leave|SHIT USER
|leave|baenail