|join|Fat Lenny
|join|Kink Research
|player|p1|Fat Lenny|224
|player|p2|Kink Research|29
|gametype|singles
|gen|6
|tier|UU
|rated
|rule|Sleep Clause Mod: Limit one foe put to sleep
|rule|Species Clause: Limit one of each PokÃ©mon
|rule|OHKO Clause: OHKO moves are banned
|rule|Moody Clause: Moody is banned
|rule|Evasion Moves Clause: Evasion moves are banned
|rule|Endless Battle Clause: Forcing endless battles is banned
|rule|HP Percentage Mod: HP is shown in percentages
|clearpoke
|poke|p1|Haxorus, F
|poke|p1|Nidoqueen, F
|poke|p1|Aerodactyl, F
|poke|p1|Lucario, F
|poke|p1|Jirachi, shiny
|poke|p1|Hydreigon, F
|poke|p2|Delphox, F
|poke|p2|Swampert, F
|poke|p2|Diancie
|poke|p2|Ampharos, F
|poke|p2|Crobat, F
|poke|p2|Umbreon, M
|rule|Swagger Clause: Swagger is banned
|rule|Baton Pass Clause: Limit one PokÃ©mon knowing Baton Pass
|teampreview
|join|so dynamic
|c|âKink Research|hey
|
|start
|switch|p1a: Nidoqueen|Nidoqueen, F|366\/366
|switch|p2a: Delphox|Delphox, F|291\/291
|turn|1
|
|switch|p1a: Hydreigon|Hydreigon, F|325\/325
|move|p2a: Delphox|Overheat|p1a: Hydreigon|[miss]
|-miss|p2a: Delphox|p1a: Hydreigon
|
|turn|2
|c|âKink Research|aw
|c|âKink Research|that woulda hurt
|c|âKink Research|aw
|
|move|p1a: Hydreigon|U-turn|p2a: Delphox
|-damage|p2a: Delphox|221\/291
|c|âKink Research|aha!
|c|âKink Research|Why aren't you talking in here :S
|
|switch|p1a: Aerodactyl|Aerodactyl, F|321\/321
|move|p2a: Delphox|Overheat|p1a: Aerodactyl
|-resisted|p1a: Aerodactyl
|-damage|p1a: Aerodactyl|118\/321
|-unboost|p2a: Delphox|spa|2
|
|turn|3
|
|detailschange|p1a: Aerodactyl|Aerodactyl-Mega, F
|message|Aerodactyl has Mega Evolved into Mega Aerodactyl!
|move|p1a: Aerodactyl|Pursuit|p2a: Delphox|[from]Pursuit
|-supereffective|p2a: Delphox
|-damage|p2a: Delphox|0 fnt
|faint|p2a: Delphox
|
|
|switch|p2a: Swampert|Swampert, F|404\/404
|turn|4
|
|switch|p1a: Haxorus|Haxorus, F|293\/293
|-ability|p1a: Haxorus|Mold Breaker
|move|p2a: Swampert|Stealth Rock|p1a: Haxorus
|-sidestart|p1: Fat Lenny|move: Stealth Rock
|
|turn|5
|
|move|p1a: Haxorus|Swords Dance|p1a: Haxorus
|-boost|p1a: Haxorus|atk|2
|move|p2a: Swampert|Earthquake|p1a: Haxorus
|-damage|p1a: Haxorus|118\/293
|
|turn|6
|
|switch|p2a: Diancie|Diancie|304\/304
|move|p1a: Haxorus|Earthquake|p2a: Diancie
|-supereffective|p2a: Diancie
|-damage|p2a: Diancie|22\/304
|
|-heal|p2a: Diancie|41\/304|[from] item: Leftovers
|turn|7
|
|move|p1a: Haxorus|Earthquake|p2a: Diancie
|-supereffective|p2a: Diancie
|-damage|p2a: Diancie|0 fnt
|faint|p2a: Diancie
|
|
|switch|p2a: Crobat|Crobat, F|369\/369
|turn|8
|
|move|p2a: Crobat|Brave Bird|p1a: Haxorus
|-damage|p1a: Haxorus|0 fnt
|-damage|p2a: Crobat|330\/369|[from] recoil|[of] p1a: Haxorus
|faint|p1a: Haxorus
|
|-heal|p2a: Crobat|353\/369|[from] item: Black Sludge
|join|EyanZ
|
|switch|p1a: Aerodactyl|Aerodactyl-Mega, F|118\/321
|-damage|p1a: Aerodactyl|38\/321|[from] Stealth Rock
|turn|9
|
|move|p1a: Aerodactyl|Stone Edge|p2a: Crobat|[miss]
|-miss|p1a: Aerodactyl|p2a: Crobat
|move|p2a: Crobat|U-turn|p1a: Aerodactyl
|-resisted|p1a: Aerodactyl
|-damage|p1a: Aerodactyl|6\/321
|
|switch|p2a: Swampert|Swampert, F|404\/404
|
|turn|10
|
|move|p1a: Aerodactyl|Aqua Tail|p2a: Swampert
|-damage|p2a: Swampert|224\/404
|move|p2a: Swampert|Waterfall|p1a: Aerodactyl
|-supereffective|p1a: Aerodactyl
|-damage|p1a: Aerodactyl|0 fnt
|faint|p1a: Aerodactyl
|
|-heal|p2a: Swampert|249\/404|[from] item: Leftovers
|join|Kushalos
|
|switch|p1a: Hydreigon|Hydreigon, F|325\/325
|-damage|p1a: Hydreigon|285\/325|[from] Stealth Rock
|turn|11
|
|switch|p2a: Umbreon|Umbreon, M|394\/394
|move|p1a: Hydreigon|Draco Meteor|p2a: Umbreon
|-damage|p2a: Umbreon|249\/394
|-unboost|p1a: Hydreigon|spa|2
|
|-heal|p2a: Umbreon|273\/394|[from] item: Leftovers
|turn|12
|
|switch|p1a: Nidoqueen|Nidoqueen, F|366\/366
|-damage|p1a: Nidoqueen|344\/366|[from] Stealth Rock
|move|p2a: Umbreon|Baton Pass|p2a: Umbreon
|leave|Kushalos
|
|switch|p2a: Swampert|Swampert, F|249\/404
|
|-heal|p2a: Swampert|274\/404|[from] item: Leftovers
|turn|13
|
|switch|p1a: Hydreigon|Hydreigon, F|285\/325
|-damage|p1a: Hydreigon|245\/325|[from] Stealth Rock
|move|p2a: Swampert|Earthquake|p1a: Hydreigon
|-immune|p1a: Hydreigon|[msg]
|
|-heal|p2a: Swampert|299\/404|[from] item: Leftovers
|turn|14
|join|Kushalos
|
|switch|p2a: Umbreon|Umbreon, M|273\/394
|move|p1a: Hydreigon|Draco Meteor|p2a: Umbreon
|-damage|p2a: Umbreon|137\/394
|-unboost|p1a: Hydreigon|spa|2
|
|-heal|p2a: Umbreon|161\/394|[from] item: Leftovers
|turn|15
|
|switch|p1a: Nidoqueen|Nidoqueen, F|344\/366
|-damage|p1a: Nidoqueen|322\/366|[from] Stealth Rock
|move|p2a: Umbreon|Baton Pass|p2a: Umbreon
|
|switch|p2a: Swampert|Swampert, F|299\/404
|
|-heal|p2a: Swampert|324\/404|[from] item: Leftovers
|turn|16
|
|switch|p1a: Hydreigon|Hydreigon, F|245\/325
|-damage|p1a: Hydreigon|205\/325|[from] Stealth Rock
|move|p2a: Swampert|Waterfall|p1a: Hydreigon
|-resisted|p1a: Hydreigon
|-damage|p1a: Hydreigon|130\/325
|
|-heal|p2a: Swampert|349\/404|[from] item: Leftovers
|turn|17
|
|move|p1a: Hydreigon|Draco Meteor|p2a: Swampert
|-damage|p2a: Swampert|112\/404
|-unboost|p1a: Hydreigon|spa|2
|move|p2a: Swampert|Waterfall|p1a: Hydreigon
|-resisted|p1a: Hydreigon
|-damage|p1a: Hydreigon|19\/325
|
|-heal|p2a: Swampert|137\/404|[from] item: Leftovers
|turn|18
|
|switch|p2a: Crobat|Crobat, F|353\/369
|move|p1a: Hydreigon|Draco Meteor|p2a: Crobat
|-damage|p2a: Crobat|208\/369
|-unboost|p1a: Hydreigon|spa|2
|
|-heal|p2a: Crobat|231\/369|[from] item: Black Sludge
|turn|19
|
|move|p1a: Hydreigon|Draco Meteor|p2a: Crobat
|-damage|p2a: Crobat|144\/369
|-unboost|p1a: Hydreigon|spa|2
|move|p2a: Crobat|U-turn|p1a: Hydreigon
|-supereffective|p1a: Hydreigon
|-damage|p1a: Hydreigon|0 fnt
|faint|p1a: Hydreigon
|
|switch|p2a: Swampert|Swampert, F|137\/404
|
|-heal|p2a: Swampert|162\/404|[from] item: Leftovers
|
|switch|p1a: Nidoqueen|Nidoqueen, F|322\/366
|-damage|p1a: Nidoqueen|300\/366|[from] Stealth Rock
|turn|20
|
|switch|p2a: Crobat|Crobat, F|144\/369
|move|p1a: Nidoqueen|Earth Power|p2a: Crobat
|-immune|p2a: Crobat|[msg]
|
|-heal|p2a: Crobat|167\/369|[from] item: Black Sludge
|turn|21
|
|move|p2a: Crobat|Roost|p2a: Crobat
|-heal|p2a: Crobat|352\/369
|move|p1a: Nidoqueen|Stealth Rock|p2a: Crobat
|-sidestart|p2: Kink Research|move: Stealth Rock
|
|-heal|p2a: Crobat|369\/369|[from] item: Black Sludge
|turn|22
|
|move|p2a: Crobat|Defog|p1a: Nidoqueen
|-unboost|p1a: Nidoqueen|evasion|1
|-sideend|p1: Fat Lenny|Stealth Rock|[from] move: Defog|[of] p1a: Nidoqueen
|-sideend|p2: Kink Research|Stealth Rock|[from] move: Defog|[of] p2a: Crobat
|move|p1a: Nidoqueen|Ice Beam|p2a: Crobat
|-supereffective|p2a: Crobat
|-damage|p2a: Crobat|41\/369
|
|-heal|p2a: Crobat|64\/369|[from] item: Black Sludge
|turn|23
|join|BenzMafia
|
|move|p2a: Crobat|Brave Bird|p1a: Nidoqueen
|-damage|p1a: Nidoqueen|141\/366
|-damage|p2a: Crobat|12\/369|[from] recoil|[of] p1a: Nidoqueen
|move|p1a: Nidoqueen|Stealth Rock|p2a: Crobat
|-sidestart|p2: Kink Research|move: Stealth Rock
|
|-heal|p2a: Crobat|35\/369|[from] item: Black Sludge
|turn|24
|join|Mac is researchin
|
|move|p2a: Crobat|Roost|p2a: Crobat
|-heal|p2a: Crobat|220\/369
|move|p1a: Nidoqueen|Ice Beam|p2a: Crobat
|-damage|p2a: Crobat|54\/369
|
|-heal|p2a: Crobat|77\/369|[from] item: Black Sludge
|turn|25
|
|move|p2a: Crobat|Brave Bird|p1a: Nidoqueen
|-damage|p1a: Nidoqueen|0 fnt
|-damage|p2a: Crobat|30\/369|[from] recoil|[of] p1a: Nidoqueen
|faint|p1a: Nidoqueen
|
|-heal|p2a: Crobat|53\/369|[from] item: Black Sludge
|
|switch|p1a: Lucario|Lucario, F|281\/281
|turn|26
|
|move|p1a: Lucario|Extreme Speed|p2a: Crobat
|-damage|p2a: Crobat|0 fnt
|-damage|p1a: Lucario|253\/281|[from] item: Life Orb
|faint|p2a: Crobat
|
|
|switch|p2a: Ampharos|Ampharos, F|384\/384
|-damage|p2a: Ampharos|336\/384|[from] Stealth Rock
|turn|27
|
|detailschange|p2a: Ampharos|Ampharos-Mega, F
|message|Ampharos has Mega Evolved into Mega Ampharos!
|-ability|p2a: Ampharos|Mold Breaker
|move|p1a: Lucario|Close Combat|p2a: Ampharos
|-damage|p2a: Ampharos|128\/384
|-unboost|p1a: Lucario|def|1
|-unboost|p1a: Lucario|spd|1
|-damage|p1a: Lucario|225\/281|[from] item: Life Orb
|move|p2a: Ampharos|Thunderbolt|p1a: Lucario
|-damage|p1a: Lucario|0 fnt
|faint|p1a: Lucario
|
|join|piginacage
|leave|Kushalos
|
|switch|p1a: Jirachi|Jirachi, shiny|341\/341
|turn|28
|
|move|p1a: Jirachi|Calm Mind|p1a: Jirachi
|-boost|p1a: Jirachi|spa|1
|-boost|p1a: Jirachi|spd|1
|move|p2a: Ampharos|Volt Switch|p1a: Jirachi
|-damage|p1a: Jirachi|247\/341
|
|switch|p2a: Umbreon|Umbreon, M|161\/394
|-damage|p2a: Umbreon|112\/394|[from] Stealth Rock
|
|-heal|p1a: Jirachi|268\/341|[from] item: Leftovers
|-heal|p2a: Umbreon|136\/394|[from] item: Leftovers
|turn|29
|join|ANGER MANAGEMENT
|
|move|p2a: Umbreon|Protect|p2a: Umbreon
|-singleturn|p2a: Umbreon|Protect
|move|p1a: Jirachi|Moonblast|p2a: Umbreon
|-activate|p2a: Umbreon|Protect
|
|-heal|p1a: Jirachi|289\/341|[from] item: Leftovers
|-heal|p2a: Umbreon|160\/394|[from] item: Leftovers
|turn|30
|
|move|p1a: Jirachi|Moonblast|p2a: Umbreon
|-supereffective|p2a: Umbreon
|-damage|p2a: Umbreon|0 fnt
|faint|p2a: Umbreon
|
|-heal|p1a: Jirachi|310\/341|[from] item: Leftovers
|
|switch|p2a: Swampert|Swampert, F|162\/404
|-damage|p2a: Swampert|137\/404|[from] Stealth Rock
|turn|31
|
|move|p1a: Jirachi|Psyshock|p2a: Swampert
|-damage|p2a: Swampert|0 fnt
|faint|p2a: Swampert
|
|-heal|p1a: Jirachi|331\/341|[from] item: Leftovers
|
|switch|p2a: Ampharos|Ampharos-Mega, F|128\/384
|-damage|p2a: Ampharos|80\/384|[from] Stealth Rock
|-ability|p2a: Ampharos|Mold Breaker
|turn|32
|c|âKink Research|gg
|
|move|p1a: Jirachi|Moonblast|p2a: Ampharos
|-supereffective|p2a: Ampharos
|-damage|p2a: Ampharos|0 fnt
|faint|p2a: Ampharos
|
|win|Fat Lenny
|raw|Ladder updating...
|raw|Fat Lenny's rating: 1667 &rarr; <strong>1674<\/strong><br \/>(+7 for winning)
|raw|Kink Research's rating: 1410 &rarr; <strong>1402<\/strong><br \/>(-8 for losing)
|leave|Kink Research
|player|p2
|leave|ANGER MANAGEMENT
|leave|so dynamic
|leave|BenzMafia
|leave|Fat Lenny
|player|p1
|leave|EyanZ
|join|EyanZ