|join|Fat Lenny
|join|Pokebasket
|player|p1|Fat Lenny|224
|player|p2|Pokebasket|281
|gametype|singles
|gen|6
|tier|UU
|rule|Sleep Clause Mod: Limit one foe put to sleep
|rule|Species Clause: Limit one of each PokÃ©mon
|rule|OHKO Clause: OHKO moves are banned
|rule|Moody Clause: Moody is banned
|rule|Evasion Moves Clause: Evasion moves are banned
|rule|Endless Battle Clause: Forcing endless battles is banned
|rule|HP Percentage Mod: HP is reported as percentages
|clearpoke
|poke|p1|Heracross, M
|poke|p1|Nidoqueen, F
|poke|p1|Aerodactyl, M
|poke|p1|Infernape, F
|poke|p1|Jirachi
|poke|p1|Hydreigon, F
|poke|p2|Absol, M
|poke|p2|Crobat, F
|poke|p2|Alakazam, F
|poke|p2|Cobalion
|poke|p2|Swampert, F
|poke|p2|Rotom-Mow
|rule|Swagger Clause: Swagger is banned
|rule|Baton Pass Clause: Limit one PokÃ©mon knowing Baton Pass
|teampreview
|chat|Pokebasket|GL
|
|start
|switch|p1a: Hydreigon|Hydreigon, F|325\/325
|switch|p2a: Swampert|Swampert, F|401\/401
|turn|1
|
|switch|p2a: Cobalion|Cobalion|323\/323
|move|p1a: Hydreigon|Draco Meteor|p2a: Cobalion|[miss]
|-miss|p1a: Hydreigon|p2a: Cobalion
|
|turn|2
|
|switch|p2a: Swampert|Swampert, F|401\/401
|switch|p1a: Nidoqueen|Nidoqueen, F|366\/366
|
|turn|3
|
|move|p1a: Nidoqueen|Earth Power|p2a: Swampert
|-damage|p2a: Swampert|193\/401
|move|p2a: Swampert|Scald|p1a: Nidoqueen
|-supereffective|p1a: Nidoqueen
|-damage|p1a: Nidoqueen|186\/366
|
|-heal|p2a: Swampert|218\/401|[from] item: Leftovers
|turn|4
|
|move|p1a: Nidoqueen|Stealth Rock|p2a: Swampert
|-sidestart|p2: Pokebasket|move: Stealth Rock
|move|p2a: Swampert|Stealth Rock|p1a: Nidoqueen
|-sidestart|p1: Fat Lenny|move: Stealth Rock
|
|-heal|p2a: Swampert|243\/401|[from] item: Leftovers
|turn|5
|
|move|p1a: Nidoqueen|Ice Beam|p2a: Swampert
|-damage|p2a: Swampert|79\/401
|move|p2a: Swampert|Scald|p1a: Nidoqueen
|-supereffective|p1a: Nidoqueen
|-damage|p1a: Nidoqueen|0 fnt
|faint|p1a: Nidoqueen
|
|-heal|p2a: Swampert|104\/401|[from] item: Leftovers
|
|switch|p1a: Heracross|Heracross, M|311\/311
|-damage|p1a: Heracross|273\/311|[from] Stealth Rock
|turn|6
|
|move|p1a: Heracross|Close Combat|p2a: Swampert
|-damage|p2a: Swampert|0 fnt
|-unboost|p1a: Heracross|def|1
|-unboost|p1a: Heracross|spd|1
|faint|p2a: Swampert
|
|-heal|p1a: Heracross|292\/311|[from] item: Leftovers
|
|switch|p2a: Crobat|Crobat, F|365\/365
|-damage|p2a: Crobat|274\/365|[from] Stealth Rock
|turn|7
|
|switch|p1a: Jirachi|Jirachi|341\/341
|-damage|p1a: Jirachi|320\/341|[from] Stealth Rock
|move|p2a: Crobat|U-turn|p1a: Jirachi
|-damage|p1a: Jirachi|259\/341
|
|switch|p2a: Absol|Absol, M|271\/271
|-damage|p2a: Absol|238\/271|[from] Stealth Rock
|
|turn|8
|
|switch|p1a: Hydreigon|Hydreigon, F|325\/325
|-damage|p1a: Hydreigon|285\/325|[from] Stealth Rock
|detailschange|p2a: Absol|Absol-Mega, M
|message|Absol has Mega Evolved into Mega Absol!
|move|p2a: Absol|Sucker Punch|p1a: Hydreigon
|-fail|p1a: Hydreigon
|
|turn|9
|
|switch|p2a: Cobalion|Cobalion|323\/323
|-damage|p2a: Cobalion|313\/323|[from] Stealth Rock
|move|p1a: Hydreigon|Draco Meteor|p2a: Cobalion|[miss]
|-miss|p1a: Hydreigon|p2a: Cobalion
|
|turn|10
|
|switch|p1a: Heracross|Heracross, M|292\/311
|-damage|p1a: Heracross|254\/311|[from] Stealth Rock
|move|p2a: Cobalion|Close Combat|p1a: Heracross
|-resisted|p1a: Heracross
|-damage|p1a: Heracross|154\/311
|-unboost|p2a: Cobalion|def|1
|-unboost|p2a: Cobalion|spd|1
|
|-heal|p1a: Heracross|173\/311|[from] item: Leftovers
|turn|11
|
|switch|p2a: Crobat|Crobat, F|274\/365
|-damage|p2a: Crobat|183\/365|[from] Stealth Rock
|move|p1a: Heracross|Close Combat|p2a: Crobat
|-resisted|p2a: Crobat
|-damage|p2a: Crobat|110\/365
|-unboost|p1a: Heracross|def|1
|-unboost|p1a: Heracross|spd|1
|
|-heal|p2a: Crobat|132\/365|[from] item: Black Sludge
|-heal|p1a: Heracross|192\/311|[from] item: Leftovers
|turn|12
|
|move|p2a: Crobat|Roost|p2a: Crobat
|-heal|p2a: Crobat|315\/365
|move|p1a: Heracross|Knock Off|p2a: Crobat
|-damage|p2a: Crobat|177\/365
|-enditem|p2a: Crobat|Black Sludge|[from] move: Knock Off|[of] p1a: Heracross
|
|-heal|p1a: Heracross|211\/311|[from] item: Leftovers
|turn|13
|
|switch|p1a: Aerodactyl|Aerodactyl, M|301\/301
|-damage|p1a: Aerodactyl|226\/301|[from] Stealth Rock
|move|p2a: Crobat|Brave Bird|p1a: Aerodactyl
|-resisted|p1a: Aerodactyl
|-damage|p1a: Aerodactyl|120\/301
|-damage|p2a: Crobat|142\/365|[from] recoil|[of] p1a: Aerodactyl
|
|turn|14
|
|detailschange|p1a: Aerodactyl|Aerodactyl-Mega, M
|message|Aerodactyl has Mega Evolved into Mega Aerodactyl!
|move|p2a: Crobat|Brave Bird|p1a: Aerodactyl
|-resisted|p1a: Aerodactyl
|-damage|p1a: Aerodactyl|32\/301
|-damage|p2a: Crobat|113\/365|[from] recoil|[of] p1a: Aerodactyl
|move|p1a: Aerodactyl|Aqua Tail|p2a: Crobat
|-damage|p2a: Crobat|0 fnt
|faint|p2a: Crobat
|
|
|switch|p2a: Rotom-Mow|Rotom-Mow|241\/241
|-damage|p2a: Rotom-Mow|211\/241|[from] Stealth Rock
|turn|15
|
|move|p2a: Rotom-Mow|Volt Switch|p1a: Aerodactyl
|-supereffective|p1a: Aerodactyl
|-damage|p1a: Aerodactyl|0 fnt
|faint|p1a: Aerodactyl
|
|switch|p2a: Alakazam|Alakazam, F|252\/252
|
|
|switch|p1a: Jirachi|Jirachi|259\/341
|-damage|p1a: Jirachi|238\/341|[from] Stealth Rock
|turn|16
|
|switch|p2a: Cobalion|Cobalion|313\/323
|-damage|p2a: Cobalion|303\/323|[from] Stealth Rock
|move|p1a: Jirachi|U-turn|p2a: Cobalion
|-resisted|p2a: Cobalion
|-damage|p2a: Cobalion|291\/323
|
|switch|p1a: Infernape|Infernape, F|293\/293
|-damage|p1a: Infernape|257\/293|[from] Stealth Rock
|
|turn|17
|
|switch|p2a: Rotom-Mow|Rotom-Mow|211\/241
|-damage|p2a: Rotom-Mow|181\/241|[from] Stealth Rock
|move|p1a: Infernape|Fire Blast|p2a: Rotom-Mow
|-supereffective|p2a: Rotom-Mow
|-damage|p2a: Rotom-Mow|0 fnt
|-damage|p1a: Infernape|228\/293|[from] item: Life Orb
|faint|p2a: Rotom-Mow
|
|
|switch|p2a: Alakazam|Alakazam, F|252\/252
|turn|18
|
|switch|p1a: Hydreigon|Hydreigon, F|285\/325
|-damage|p1a: Hydreigon|245\/325|[from] Stealth Rock
|move|p2a: Alakazam|Dazzling Gleam|p1a: Hydreigon
|-supereffective|p1a: Hydreigon
|-damage|p1a: Hydreigon|0 fnt
|faint|p1a: Hydreigon
|
|
|switch|p1a: Jirachi|Jirachi|238\/341
|-damage|p1a: Jirachi|217\/341|[from] Stealth Rock
|turn|19
|
|switch|p2a: Cobalion|Cobalion|291\/323
|-damage|p2a: Cobalion|281\/323|[from] Stealth Rock
|move|p1a: Jirachi|U-turn|p2a: Cobalion
|-resisted|p2a: Cobalion
|-damage|p2a: Cobalion|266\/323
|
|switch|p1a: Heracross|Heracross, M|211\/311
|-damage|p1a: Heracross|173\/311|[from] Stealth Rock
|
|-heal|p1a: Heracross|192\/311|[from] item: Leftovers
|turn|20
|join|anger management
|join|mezomi3
|leave|mezomi3
|
|move|p2a: Cobalion|Iron Head|p1a: Heracross
|-damage|p1a: Heracross|69\/311
|move|p1a: Heracross|Close Combat|p2a: Cobalion
|-supereffective|p2a: Cobalion
|-damage|p2a: Cobalion|0 fnt
|-unboost|p1a: Heracross|def|1
|-unboost|p1a: Heracross|spd|1
|faint|p2a: Cobalion
|
|-heal|p1a: Heracross|88\/311|[from] item: Leftovers
|
|switch|p2a: Alakazam|Alakazam, F|252\/252
|turn|21
|
|move|p2a: Alakazam|Shadow Ball|p1a: Heracross
|-damage|p1a: Heracross|0 fnt
|faint|p1a: Heracross
|
|
|switch|p1a: Jirachi|Jirachi|217\/341
|-damage|p1a: Jirachi|196\/341|[from] Stealth Rock
|turn|22
|
|move|p1a: Jirachi|Iron Head|p2a: Alakazam
|-damage|p2a: Alakazam|26\/252
|move|p2a: Alakazam|Shadow Ball|p1a: Jirachi
|-supereffective|p1a: Jirachi
|-damage|p1a: Jirachi|0 fnt
|faint|p1a: Jirachi
|
|
|switch|p1a: Infernape|Infernape, F|228\/293
|-damage|p1a: Infernape|192\/293|[from] Stealth Rock
|turn|23
|
|move|p1a: Infernape|Vacuum Wave|p2a: Alakazam
|-resisted|p2a: Alakazam
|-damage|p2a: Alakazam|0 fnt
|-damage|p1a: Infernape|163\/293|[from] item: Life Orb
|faint|p2a: Alakazam
|
|
|switch|p2a: Absol|Absol-Mega, M|238\/271
|-damage|p2a: Absol|205\/271|[from] Stealth Rock
|turn|24
|
|move|p2a: Absol|Sucker Punch|p1a: Infernape
|-resisted|p1a: Infernape
|-damage|p1a: Infernape|61\/293
|move|p1a: Infernape|Vacuum Wave|p2a: Absol
|-supereffective|p2a: Absol
|-damage|p2a: Absol|0 fnt
|-damage|p1a: Infernape|32\/293|[from] item: Life Orb
|faint|p2a: Absol
|
|win|Fat Lenny
|chat|Pokebasket|GG