|join|Pokebasket
|join|Fat Lenny
|player|p1|Pokebasket|281
|player|p2|Fat Lenny|224
|gametype|singles
|gen|6
|tier|UU
|rule|Sleep Clause Mod: Limit one foe put to sleep
|rule|Species Clause: Limit one of each PokÃ©mon
|rule|OHKO Clause: OHKO moves are banned
|rule|Moody Clause: Moody is banned
|rule|Evasion Moves Clause: Evasion moves are banned
|rule|Endless Battle Clause: Forcing endless battles is banned
|rule|HP Percentage Mod: HP is reported as percentages
|clearpoke
|poke|p1|Haxorus, M
|poke|p1|Aerodactyl, M
|poke|p1|Infernape, F
|poke|p1|Empoleon, F
|poke|p1|Alakazam, F
|poke|p1|Amoonguss, M
|poke|p2|Heracross, M
|poke|p2|Nidoqueen, F
|poke|p2|Aerodactyl, M
|poke|p2|Infernape, M
|poke|p2|Jirachi
|poke|p2|Hydreigon, F
|rule|Swagger Clause: Swagger is banned
|rule|Baton Pass Clause: Limit one PokÃ©mon knowing Baton Pass
|teampreview
|
|start
|switch|p1a: Aerodactyl|Aerodactyl, M|301\/301
|switch|p2a: Nidoqueen|Nidoqueen, F|366\/366
|-ability|p1a: Aerodactyl|Pressure
|turn|1
|
|switch|p1a: Infernape|Infernape, F|293\/293
|move|p2a: Nidoqueen|Stealth Rock|p1a: Infernape
|-sidestart|p1: Pokebasket|move: Stealth Rock
|
|turn|2
|
|move|p1a: Infernape|Fire Blast|p2a: Nidoqueen
|-damage|p2a: Nidoqueen|132\/366
|-status|p2a: Nidoqueen|brn
|-damage|p1a: Infernape|264\/293|[from] item: Life Orb
|move|p2a: Nidoqueen|Earth Power|p1a: Infernape
|-supereffective|p1a: Infernape
|-damage|p1a: Infernape|0 fnt
|faint|p1a: Infernape
|
|-damage|p2a: Nidoqueen|87\/366 brn|[from] brn
|
|switch|p1a: Alakazam|Alakazam, F|252\/252
|turn|3
|
|move|p1a: Alakazam|Shadow Ball|p2a: Nidoqueen
|-damage|p2a: Nidoqueen|0 fnt
|faint|p2a: Nidoqueen
|
|
|switch|p2a: Jirachi|Jirachi|341\/341
|turn|4
|
|move|p2a: Jirachi|U-turn|p1a: Alakazam
|-supereffective|p1a: Alakazam
|-enditem|p1a: Alakazam|Focus Sash
|-damage|p1a: Alakazam|1\/252
|
|switch|p2a: Hydreigon|Hydreigon, F|325\/325
|move|p1a: Alakazam|Psyshock|p2a: Hydreigon
|-immune|p2a: Hydreigon|[msg]
|
|turn|5
|
|switch|p2a: Jirachi|Jirachi|341\/341
|move|p1a: Alakazam|Shadow Ball|p2a: Jirachi
|-supereffective|p2a: Jirachi
|-damage|p2a: Jirachi|145\/341
|-unboost|p2a: Jirachi|spd|1
|
|turn|6
|
|switch|p1a: Empoleon|Empoleon, F|372\/372
|-damage|p1a: Empoleon|349\/372|[from] Stealth Rock
|move|p2a: Jirachi|U-turn|p1a: Empoleon
|-resisted|p1a: Empoleon
|-damage|p1a: Empoleon|311\/372
|
|switch|p2a: Heracross|Heracross, M|311\/311
|
|-heal|p1a: Empoleon|334\/372|[from] item: Leftovers
|turn|7
|
|switch|p1a: Amoonguss|Amoonguss, M|432\/432
|-damage|p1a: Amoonguss|378\/432|[from] Stealth Rock
|move|p2a: Heracross|Swords Dance|p2a: Heracross
|-boost|p2a: Heracross|atk|2
|
|-heal|p1a: Amoonguss|405\/432|[from] item: Black Sludge
|turn|8
|
|move|p2a: Heracross|Megahorn|p1a: Amoonguss
|-damage|p1a: Amoonguss|29\/432
|move|p1a: Amoonguss|Spore|p2a: Heracross
|-status|p2a: Heracross|slp
|
|-heal|p1a: Amoonguss|56\/432|[from] item: Black Sludge
|turn|9
|
|switch|p2a: Hydreigon|Hydreigon, F|325\/325
|move|p1a: Amoonguss|Stun Spore|p2a: Hydreigon
|-status|p2a: Hydreigon|par
|
|-heal|p1a: Amoonguss|83\/432|[from] item: Black Sludge
|turn|10
|
|switch|p1a: Empoleon|Empoleon, F|334\/372
|-damage|p1a: Empoleon|311\/372|[from] Stealth Rock
|move|p2a: Hydreigon|Dark Pulse|p1a: Empoleon
|-damage|p1a: Empoleon|185\/372
|-damage|p2a: Hydreigon|293\/325 par|[from] item: Life Orb
|
|-heal|p1a: Empoleon|208\/372|[from] item: Leftovers
|turn|11
|
|move|p1a: Empoleon|Defog|p2a: Hydreigon
|-unboost|p2a: Hydreigon|evasion|1
|-sideend|p1: Pokebasket|Stealth Rock|[from] move: Defog|[of] p1a: Empoleon
|move|p2a: Hydreigon|Superpower|p1a: Empoleon
|-supereffective|p1a: Empoleon
|-damage|p1a: Empoleon|0 fnt
|-unboost|p2a: Hydreigon|atk|1
|-unboost|p2a: Hydreigon|def|1
|-damage|p2a: Hydreigon|261\/325 par|[from] item: Life Orb
|faint|p1a: Empoleon
|
|
|switch|p1a: Alakazam|Alakazam, F|1\/252
|turn|12
|
|move|p1a: Alakazam|Dazzling Gleam|p2a: Hydreigon
|-supereffective|p2a: Hydreigon
|-damage|p2a: Hydreigon|0 fnt
|faint|p2a: Hydreigon
|
|
|switch|p2a: Aerodactyl|Aerodactyl, M|301\/301
|turn|13
|
|detailschange|p2a: Aerodactyl|Aerodactyl-Mega, M
|message|Aerodactyl has Mega Evolved into Mega Aerodactyl!
|move|p1a: Alakazam|Psyshock|p2a: Aerodactyl
|-damage|p2a: Aerodactyl|121\/301
|move|p2a: Aerodactyl|Hone Claws|p2a: Aerodactyl
|-boost|p2a: Aerodactyl|atk|1
|-boost|p2a: Aerodactyl|accuracy|1
|
|turn|14
|
|move|p2a: Aerodactyl|Stone Edge|p1a: Alakazam
|-crit|p1a: Alakazam
|-damage|p1a: Alakazam|0 fnt
|faint|p1a: Alakazam
|
|
|switch|p1a: Aerodactyl|Aerodactyl, M|301\/301
|-ability|p1a: Aerodactyl|Pressure
|turn|15
|chat|Pokebasket|oh I thought I was mega
|chat|Pokebasket|puffff
|chat|Pokebasket|need the miss
|
|detailschange|p1a: Aerodactyl|Aerodactyl-Mega, M
|message|Aerodactyl has Mega Evolved into Mega Aerodactyl!
|move|p2a: Aerodactyl|Stone Edge|p1a: Aerodactyl
|-supereffective|p1a: Aerodactyl
|-damage|p1a: Aerodactyl|0 fnt
|faint|p1a: Aerodactyl
|
|
|switch|p1a: Haxorus|Haxorus, M|294\/294
|-ability|p1a: Haxorus|Mold Breaker
|turn|16
|chat|Pokebasket|bah what a pity
|
|move|p2a: Aerodactyl|Stone Edge|p1a: Haxorus
|-damage|p1a: Haxorus|0 fnt
|faint|p1a: Haxorus
|
|
|switch|p1a: Amoonguss|Amoonguss, M|227\/432
|turn|17
|
|move|p2a: Aerodactyl|Stone Edge|p1a: Amoonguss
|-damage|p1a: Amoonguss|0 fnt
|faint|p1a: Amoonguss
|
|win|Fat Lenny
|leave|Pokebasket
|player|p1