|join|Fat Lenny
|join|42O 42O 42O
|player|p1|Fat Lenny|242
|player|p2|42O 42O 42O|101
|gametype|singles
|gen|6
|tier|UU
|rated
|rule|Sleep Clause Mod: Limit one foe put to sleep
|rule|Species Clause: Limit one of each PokÃ©mon
|rule|OHKO Clause: OHKO moves are banned
|rule|Moody Clause: Moody is banned
|rule|Evasion Moves Clause: Evasion moves are banned
|rule|Endless Battle Clause: Forcing endless battles is banned
|rule|HP Percentage Mod: HP is shown in percentages
|clearpoke
|poke|p1|Gallade, M
|poke|p1|Jirachi
|poke|p1|Zygarde
|poke|p1|Nidoqueen, F
|poke|p1|Hydreigon, M
|poke|p1|Rotom-Heat
|poke|p2|Swampert, M
|poke|p2|Celebi
|poke|p2|Entei, shiny
|poke|p2|Forretress, M
|poke|p2|Suicune
|poke|p2|Hydreigon, M
|rule|Swagger Clause: Swagger is banned
|rule|Baton Pass Clause: Limit one PokÃ©mon knowing Baton Pass
|teampreview
|
|start
|switch|p1a: Nidoqueen|Nidoqueen, F|366\/366
|switch|p2a: Swampert|Swampert, M|404\/404
|turn|1
|
|move|p1a: Nidoqueen|Earth Power|p2a: Swampert
|-damage|p2a: Swampert|239\/404
|move|p2a: Swampert|Stealth Rock|p1a: Nidoqueen
|-sidestart|p1: Fat Lenny|move: Stealth Rock
|
|-heal|p2a: Swampert|264\/404|[from] item: Leftovers
|turn|2
|
|move|p1a: Nidoqueen|Earth Power|p2a: Swampert
|-damage|p2a: Swampert|103\/404
|move|p2a: Swampert|Scald|p1a: Nidoqueen
|-supereffective|p1a: Nidoqueen
|-damage|p1a: Nidoqueen|66\/366
|
|-heal|p2a: Swampert|128\/404|[from] item: Leftovers
|turn|3
|
|switch|p2a: Celebi|Celebi|396\/396
|move|p1a: Nidoqueen|Stealth Rock|p2a: Celebi
|-sidestart|p2: 42O 42O 42O|move: Stealth Rock
|
|turn|4
|
|switch|p1a: Jirachi|Jirachi|341\/341
|-damage|p1a: Jirachi|320\/341|[from] Stealth Rock
|move|p2a: Celebi|Giga Drain|p1a: Jirachi
|-resisted|p1a: Jirachi
|-damage|p1a: Jirachi|260\/341
|
|turn|5
|
|switch|p2a: Suicune|Suicune|404\/404
|-damage|p2a: Suicune|354\/404|[from] Stealth Rock
|-ability|p2a: Suicune|Pressure
|move|p1a: Jirachi|U-turn|p2a: Suicune
|-damage|p2a: Suicune|306\/404
|
|switch|p1a: Gallade|Gallade, M|277\/277
|-damage|p1a: Gallade|260\/277|[from] Stealth Rock
|
|-heal|p2a: Suicune|331\/404|[from] item: Leftovers
|turn|6
|
|detailschange|p1a: Gallade|Gallade-Mega, M
|message|Gallade has Mega Evolved into Mega Gallade!
|move|p1a: Gallade|Swords Dance|p1a: Gallade
|-boost|p1a: Gallade|atk|2
|move|p2a: Suicune|Scald|p1a: Gallade
|-damage|p1a: Gallade|178\/277
|
|-heal|p2a: Suicune|356\/404|[from] item: Leftovers
|turn|7
|
|switch|p2a: Swampert|Swampert, M|128\/404
|-damage|p2a: Swampert|103\/404|[from] Stealth Rock
|move|p1a: Gallade|Close Combat|p2a: Swampert
|-damage|p2a: Swampert|0 fnt
|-unboost|p1a: Gallade|def|1
|-unboost|p1a: Gallade|spd|1
|faint|p2a: Swampert
|
|
|switch|p2a: Hydreigon|Hydreigon, M|325\/325
|-damage|p2a: Hydreigon|285\/325|[from] Stealth Rock
|turn|8
|
|switch|p1a: Nidoqueen|Nidoqueen, F|66\/366
|-damage|p1a: Nidoqueen|44\/366|[from] Stealth Rock
|move|p2a: Hydreigon|Dark Pulse|p1a: Nidoqueen
|-damage|p1a: Nidoqueen|0 fnt
|faint|p1a: Nidoqueen
|
|
|switch|p1a: Jirachi|Jirachi|260\/341
|-damage|p1a: Jirachi|239\/341|[from] Stealth Rock
|turn|9
|
|switch|p2a: Forretress|Forretress, M|354\/354
|-damage|p2a: Forretress|310\/354|[from] Stealth Rock
|move|p1a: Jirachi|U-turn|p2a: Forretress
|-resisted|p2a: Forretress
|-damage|p2a: Forretress|290\/354
|
|switch|p1a: Rotom-Heat|Rotom-Heat|241\/241
|-damage|p1a: Rotom-Heat|181\/241|[from] Stealth Rock
|
|-heal|p1a: Rotom-Heat|196\/241|[from] item: Leftovers
|-heal|p2a: Forretress|312\/354|[from] item: Leftovers
|turn|10
|
|switch|p2a: Hydreigon|Hydreigon, M|285\/325
|-damage|p2a: Hydreigon|245\/325|[from] Stealth Rock
|move|p1a: Rotom-Heat|Overheat|p2a: Hydreigon|[miss]
|-miss|p1a: Rotom-Heat|p2a: Hydreigon
|
|-heal|p1a: Rotom-Heat|211\/241|[from] item: Leftovers
|turn|11
|
|move|p2a: Hydreigon|Draco Meteor|p1a: Rotom-Heat
|-crit|p1a: Rotom-Heat
|-damage|p1a: Rotom-Heat|0 fnt
|-unboost|p2a: Hydreigon|spa|2
|faint|p1a: Rotom-Heat
|
|
|switch|p1a: Gallade|Gallade-Mega, M|178\/277
|-damage|p1a: Gallade|161\/277|[from] Stealth Rock
|turn|12
|
|switch|p2a: Celebi|Celebi|396\/396
|-damage|p2a: Celebi|347\/396|[from] Stealth Rock
|move|p1a: Gallade|Close Combat|p2a: Celebi
|-resisted|p2a: Celebi
|-damage|p2a: Celebi|209\/396
|-unboost|p1a: Gallade|def|1
|-unboost|p1a: Gallade|spd|1
|
|-heal|p2a: Celebi|233\/396|[from] item: Leftovers
|turn|13
|
|move|p1a: Gallade|Knock Off|p2a: Celebi
|-supereffective|p2a: Celebi
|-damage|p2a: Celebi|0 fnt
|-enditem|p2a: Celebi|Leftovers|[from] move: Knock Off|[of] p1a: Gallade
|faint|p2a: Celebi
|
|
|switch|p2a: Hydreigon|Hydreigon, M|245\/325
|-damage|p2a: Hydreigon|205\/325|[from] Stealth Rock
|turn|14
|
|switch|p1a: Jirachi|Jirachi|239\/341
|-damage|p1a: Jirachi|218\/341|[from] Stealth Rock
|move|p2a: Hydreigon|Draco Meteor|p1a: Jirachi
|-resisted|p1a: Jirachi
|-damage|p1a: Jirachi|98\/341
|-unboost|p2a: Hydreigon|spa|2
|
|turn|15
|
|switch|p2a: Suicune|Suicune|356\/404
|-damage|p2a: Suicune|306\/404|[from] Stealth Rock
|-ability|p2a: Suicune|Pressure
|move|p1a: Jirachi|U-turn|p2a: Suicune
|-damage|p2a: Suicune|259\/404
|
|switch|p1a: Gallade|Gallade-Mega, M|161\/277
|-damage|p1a: Gallade|144\/277|[from] Stealth Rock
|
|-heal|p2a: Suicune|284\/404|[from] item: Leftovers
|turn|16
|
|move|p1a: Gallade|Knock Off|p2a: Suicune
|-damage|p2a: Suicune|194\/404
|-enditem|p2a: Suicune|Leftovers|[from] move: Knock Off|[of] p1a: Gallade
|move|p2a: Suicune|Scald|p1a: Gallade
|-crit|p1a: Gallade
|-damage|p1a: Gallade|33\/277
|
|turn|17
|
|move|p1a: Gallade|Close Combat|p2a: Suicune
|-damage|p2a: Suicune|13\/404
|-unboost|p1a: Gallade|def|1
|-unboost|p1a: Gallade|spd|1
|move|p2a: Suicune|Rest|p2a: Suicune
|-status|p2a: Suicune|slp
|-heal|p2a: Suicune|404\/404 slp|[silent]
|-status|p2a: Suicune|slp|[from] move: Rest
|
|turn|18
|
|move|p1a: Gallade|Close Combat|p2a: Suicune
|-crit|p2a: Suicune
|-damage|p2a: Suicune|142\/404 slp
|-unboost|p1a: Gallade|def|1
|-unboost|p1a: Gallade|spd|1
|cant|p2a: Suicune|slp
|move|p2a: Suicune|Sleep Talk|p2a: Suicune
|move|p2a: Suicune|Scald|p1a: Gallade|[from]Sleep Talk
|-damage|p1a: Gallade|0 fnt
|faint|p1a: Gallade
|
|
|switch|p1a: Zygarde|Zygarde|358\/358
|-damage|p1a: Zygarde|336\/358|[from] Stealth Rock
|-ability|p1a: Zygarde|Aura Break
|turn|19
|
|move|p1a: Zygarde|Dragon Dance|p1a: Zygarde
|-boost|p1a: Zygarde|atk|1
|-boost|p1a: Zygarde|spe|1
|cant|p2a: Suicune|slp
|move|p2a: Suicune|Sleep Talk|p2a: Suicune
|move|p2a: Suicune|Scald|p1a: Zygarde|[from]Sleep Talk
|-damage|p1a: Zygarde|245\/358
|-status|p1a: Zygarde|brn
|-enditem|p1a: Zygarde|Lum Berry|[eat]
|-curestatus|p1a: Zygarde|brn
|
|turn|20
|
|move|p1a: Zygarde|Earthquake|p2a: Suicune
|-damage|p2a: Suicune|0 fnt
|faint|p2a: Suicune
|
|
|switch|p2a: Hydreigon|Hydreigon, M|205\/325
|-damage|p2a: Hydreigon|165\/325|[from] Stealth Rock
|turn|21
|
|move|p1a: Zygarde|Extreme Speed|p2a: Hydreigon
|-damage|p2a: Hydreigon|7\/325
|move|p2a: Hydreigon|Draco Meteor|p1a: Zygarde
|-supereffective|p1a: Zygarde
|-damage|p1a: Zygarde|0 fnt
|-unboost|p2a: Hydreigon|spa|2
|faint|p1a: Zygarde
|
|
|switch|p1a: Jirachi|Jirachi|98\/341
|-damage|p1a: Jirachi|77\/341|[from] Stealth Rock
|turn|22
|
|move|p1a: Jirachi|Fire Punch|p2a: Hydreigon
|-resisted|p2a: Hydreigon
|-damage|p2a: Hydreigon|0 fnt
|faint|p2a: Hydreigon
|
|
|switch|p2a: Entei|Entei, shiny|372\/372
|-damage|p2a: Entei|279\/372|[from] Stealth Rock
|-ability|p2a: Entei|Pressure
|turn|23
|
|move|p2a: Entei|Extreme Speed|p1a: Jirachi
|-resisted|p1a: Jirachi
|-damage|p1a: Jirachi|3\/341
|move|p1a: Jirachi|Fire Punch|p2a: Entei
|-crit|p2a: Entei
|-resisted|p2a: Entei
|-damage|p2a: Entei|220\/372
|
|turn|24
|
|move|p2a: Entei|Extreme Speed|p1a: Jirachi
|-resisted|p1a: Jirachi
|-damage|p1a: Jirachi|0 fnt
|faint|p1a: Jirachi
|
|
|switch|p1a: Hydreigon|Hydreigon, M|325\/325
|-damage|p1a: Hydreigon|285\/325|[from] Stealth Rock
|turn|25
|
|move|p2a: Entei|Extreme Speed|p1a: Hydreigon
|-damage|p1a: Hydreigon|121\/325
|move|p1a: Hydreigon|Dark Pulse|p2a: Entei
|-damage|p2a: Entei|0 fnt
|-damage|p1a: Hydreigon|89\/325|[from] item: Life Orb
|faint|p2a: Entei
|
|
|switch|p2a: Forretress|Forretress, M|312\/354
|-damage|p2a: Forretress|268\/354|[from] Stealth Rock
|turn|26
|c|â42O 42O 42O|ah
|c|â42O 42O 42O|gg
|
|move|p1a: Hydreigon|Dark Pulse|p2a: Forretress
|-damage|p2a: Forretress|0 fnt
|-damage|p1a: Hydreigon|57\/325|[from] item: Life Orb
|faint|p2a: Forretress
|
|win|Fat Lenny
|raw|Ladder updating...
|raw|Fat Lenny's rating: 1434 &rarr; <strong>1459<\/strong><br \/>(+25 for winning)
|raw|42O 42O 42O's rating: 1522 &rarr; <strong>1497<\/strong><br \/>(-25 for losing)
|c|âFat Lenny|gg
|c|âFat Lenny|close one