|join|xMarth
|join|Fat Lenny
|player|p1|xMarth|153
|player|p2|Fat Lenny|224
|gametype|singles
|gen|6
|tier|UU
|rule|Sleep Clause Mod: Limit one foe put to sleep
|rule|Species Clause: Limit one of each PokÃ©mon
|rule|OHKO Clause: OHKO moves are banned
|rule|Moody Clause: Moody is banned
|rule|Evasion Moves Clause: Evasion moves are banned
|rule|Endless Battle Clause: Forcing endless battles is banned
|rule|HP Percentage Mod: HP is shown in percentages
|clearpoke
|poke|p1|Infernape, F
|poke|p1|Aerodactyl, M
|poke|p1|Shaymin
|poke|p1|Vaporeon, M
|poke|p1|Nidoqueen, F
|poke|p1|Jirachi
|poke|p2|Virizion
|poke|p2|Nidoqueen, F
|poke|p2|Aerodactyl, F
|poke|p2|Lucario, F
|poke|p2|Victini
|poke|p2|Hydreigon, F
|rule|Swagger Clause: Swagger is banned
|rule|Baton Pass Clause: Limit one PokÃ©mon knowing Baton Pass
|teampreview
|
|start
|switch|p1a: Jirachi|Jirachi|341\/341
|switch|p2a: Victini|Victini|341\/341
|turn|1
|
|move|p1a: Jirachi|U-turn|p2a: Victini
|-damage|p2a: Victini|276\/341
|
|switch|p1a: Aerodactyl|Aerodactyl, M|321\/321
|-ability|p1a: Aerodactyl|Pressure
|move|p2a: Victini|V-create|p1a: Aerodactyl
|-resisted|p1a: Aerodactyl
|-damage|p1a: Aerodactyl|57\/321
|-unboost|p2a: Victini|def|1
|-unboost|p2a: Victini|spd|1
|-unboost|p2a: Victini|spe|1
|
|turn|2
|
|detailschange|p1a: Aerodactyl|Aerodactyl-Mega, M
|message|Aerodactyl has Mega Evolved into Mega Aerodactyl!
|move|p1a: Aerodactyl|Pursuit|p2a: Victini
|-supereffective|p2a: Victini
|-damage|p2a: Victini|74\/341
|move|p2a: Victini|V-create|p1a: Aerodactyl
|-resisted|p1a: Aerodactyl
|-damage|p1a: Aerodactyl|0 fnt
|-unboost|p2a: Victini|def|1
|-unboost|p2a: Victini|spd|1
|-unboost|p2a: Victini|spe|1
|faint|p1a: Aerodactyl
|
|
|switch|p1a: Jirachi|Jirachi|341\/341
|turn|3
|
|switch|p2a: Nidoqueen|Nidoqueen, F|366\/366
|move|p1a: Jirachi|U-turn|p2a: Nidoqueen
|-crit|p2a: Nidoqueen
|-resisted|p2a: Nidoqueen
|-damage|p2a: Nidoqueen|311\/366
|
|switch|p1a: Shaymin|Shaymin|341\/341
|
|turn|4
|
|switch|p2a: Hydreigon|Hydreigon, F|325\/325
|move|p1a: Shaymin|Psychic|p2a: Hydreigon
|-immune|p2a: Hydreigon|[msg]
|
|turn|5
|
|move|p2a: Hydreigon|U-turn|p1a: Shaymin
|-supereffective|p1a: Shaymin
|-damage|p1a: Shaymin|227\/341
|
|switch|p2a: Aerodactyl|Aerodactyl, F|301\/301
|move|p1a: Shaymin|Psychic|p2a: Aerodactyl
|-damage|p2a: Aerodactyl|140\/301
|
|turn|6
|
|switch|p1a: Vaporeon|Vaporeon, M|464\/464
|detailschange|p2a: Aerodactyl|Aerodactyl-Mega, F
|message|Aerodactyl has Mega Evolved into Mega Aerodactyl!
|move|p2a: Aerodactyl|Stone Edge|p1a: Vaporeon|[miss]
|-miss|p2a: Aerodactyl|p1a: Vaporeon
|
|turn|7
|
|switch|p2a: Virizion|Virizion|324\/324
|move|p1a: Vaporeon|Scald|p2a: Virizion
|-resisted|p2a: Virizion
|-damage|p2a: Virizion|286\/324
|
|turn|8
|
|move|p2a: Virizion|Leaf Blade|p1a: Vaporeon
|-supereffective|p1a: Vaporeon
|-damage|p1a: Vaporeon|222\/464
|move|p1a: Vaporeon|Roar|p2a: Virizion
|drag|p2a: Victini|Victini|74\/341
|
|-heal|p1a: Vaporeon|251\/464|[from] item: Leftovers
|turn|9
|
|move|p1a: Vaporeon|Protect|p1a: Vaporeon
|-singleturn|p1a: Vaporeon|Protect
|move|p2a: Victini|U-turn|p1a: Vaporeon
|-activate|p1a: Vaporeon|Protect
|
|-heal|p1a: Vaporeon|280\/464|[from] item: Leftovers
|turn|10
|
|move|p2a: Victini|U-turn|p1a: Vaporeon
|-damage|p1a: Vaporeon|178\/464
|
|switch|p2a: Virizion|Virizion|286\/324
|move|p1a: Vaporeon|Wish|p1a: Vaporeon
|
|-heal|p1a: Vaporeon|207\/464|[from] item: Leftovers
|turn|11
|
|switch|p1a: Nidoqueen|Nidoqueen, F|351\/351
|move|p2a: Virizion|Swords Dance|p2a: Virizion
|-boost|p2a: Virizion|atk|2
|
|turn|12
|
|move|p2a: Virizion|Leaf Blade|p1a: Nidoqueen
|-damage|p1a: Nidoqueen|68\/351
|move|p1a: Nidoqueen|Sludge Wave|p2a: Virizion
|-supereffective|p2a: Virizion
|-damage|p2a: Virizion|0 fnt
|faint|p2a: Virizion
|
|
|switch|p2a: Aerodactyl|Aerodactyl-Mega, F|140\/301
|turn|13
|
|move|p2a: Aerodactyl|Crunch|p1a: Nidoqueen
|-damage|p1a: Nidoqueen|0 fnt
|faint|p1a: Nidoqueen
|
|
|switch|p1a: Vaporeon|Vaporeon, M|207\/464
|turn|14
|
|move|p2a: Aerodactyl|Stone Edge|p1a: Vaporeon
|-damage|p1a: Vaporeon|5\/464
|move|p1a: Vaporeon|Wish|p1a: Vaporeon
|
|-heal|p1a: Vaporeon|34\/464|[from] item: Leftovers
|turn|15
|
|move|p1a: Vaporeon|Protect|p1a: Vaporeon
|-singleturn|p1a: Vaporeon|Protect
|move|p2a: Aerodactyl|Hone Claws|p2a: Aerodactyl
|-boost|p2a: Aerodactyl|atk|1
|-boost|p2a: Aerodactyl|accuracy|1
|
|-heal|p1a: Vaporeon|266\/464|[from] move: Wish|[wisher] Vaporeon
|-heal|p1a: Vaporeon|295\/464|[from] item: Leftovers
|turn|16
|
|switch|p1a: Jirachi|Jirachi|341\/341
|move|p2a: Aerodactyl|Stone Edge|p1a: Jirachi
|-crit|p1a: Jirachi
|-resisted|p1a: Jirachi
|-damage|p1a: Jirachi|109\/341
|
|turn|17
|
|switch|p2a: Victini|Victini|74\/341
|move|p1a: Jirachi|Iron Head|p2a: Victini
|-resisted|p2a: Victini
|-damage|p2a: Victini|9\/341
|
|turn|18
|
|switch|p2a: Lucario|Lucario, F|281\/281
|move|p1a: Jirachi|Iron Head|p2a: Lucario
|-resisted|p2a: Lucario
|-damage|p2a: Lucario|197\/281
|
|turn|19
|
|switch|p1a: Shaymin|Shaymin|227\/341
|move|p2a: Lucario|Extreme Speed|p1a: Shaymin
|-damage|p1a: Shaymin|96\/341
|-damage|p2a: Lucario|169\/281|[from] item: Life Orb
|
|turn|20
|
|move|p2a: Lucario|Extreme Speed|p1a: Shaymin
|-damage|p1a: Shaymin|0 fnt
|-damage|p2a: Lucario|141\/281|[from] item: Life Orb
|faint|p1a: Shaymin
|
|
|switch|p1a: Jirachi|Jirachi|109\/341
|turn|21
|
|switch|p2a: Victini|Victini|9\/341
|move|p1a: Jirachi|Fire Punch|p2a: Victini
|-resisted|p2a: Victini
|-damage|p2a: Victini|0 fnt
|faint|p2a: Victini
|
|
|switch|p2a: Nidoqueen|Nidoqueen, F|311\/366
|turn|22
|
|switch|p1a: Infernape|Infernape, F|293\/293
|move|p2a: Nidoqueen|Earth Power|p1a: Infernape
|-supereffective|p1a: Infernape
|-damage|p1a: Infernape|0 fnt
|faint|p1a: Infernape
|
|
|switch|p1a: Vaporeon|Vaporeon, M|295\/464
|turn|23
|
|move|p2a: Nidoqueen|Sludge Wave|p1a: Vaporeon
|-damage|p1a: Vaporeon|83\/464
|move|p1a: Vaporeon|Scald|p2a: Nidoqueen
|-supereffective|p2a: Nidoqueen
|-damage|p2a: Nidoqueen|93\/366
|-status|p2a: Nidoqueen|brn
|
|-heal|p1a: Vaporeon|112\/464|[from] item: Leftovers
|-damage|p2a: Nidoqueen|48\/366 brn|[from] brn
|turn|24
|
|move|p2a: Nidoqueen|Earth Power|p1a: Vaporeon
|-damage|p1a: Vaporeon|0 fnt
|faint|p1a: Vaporeon
|
|-damage|p2a: Nidoqueen|3\/366 brn|[from] brn
|
|switch|p1a: Jirachi|Jirachi|109\/341
|turn|25
|
|move|p1a: Jirachi|Iron Head|p2a: Nidoqueen
|-damage|p2a: Nidoqueen|0 fnt
|faint|p2a: Nidoqueen
|
|
|switch|p2a: Hydreigon|Hydreigon, F|325\/325
|turn|26
|
|move|p1a: Jirachi|Iron Head|p2a: Hydreigon
|-damage|p2a: Hydreigon|183\/325
|move|p2a: Hydreigon|Dark Pulse|p1a: Jirachi
|-crit|p1a: Jirachi
|-supereffective|p1a: Jirachi
|-damage|p1a: Jirachi|0 fnt
|faint|p1a: Jirachi
|
|win|Fat Lenny
|c|âFat Lenny|gg
|c|âxMarth|gg
|c|âxMarth|1 more
|leave|Fat Lenny
|player|p2