|join|Dr. SJCrew
|join|Fat Lenny
|player|p1|Dr. SJCrew|267
|player|p2|Fat Lenny|224
|gametype|singles
|gen|6
|tier|UU
|rule|Sleep Clause Mod: Limit one foe put to sleep
|rule|Species Clause: Limit one of each PokÃ©mon
|rule|OHKO Clause: OHKO moves are banned
|rule|Moody Clause: Moody is banned
|rule|Evasion Moves Clause: Evasion moves are banned
|rule|Endless Battle Clause: Forcing endless battles is banned
|rule|HP Percentage Mod: HP is reported as percentages
|clearpoke
|poke|p1|Starmie
|poke|p1|Victini
|poke|p1|Aromatisse, M
|poke|p1|Blissey, F
|poke|p1|Mienshao, F
|poke|p1|Flygon, M
|poke|p2|Heracross, F
|poke|p2|Nidoqueen, F
|poke|p2|Aerodactyl, F
|poke|p2|Lucario, M
|poke|p2|Jirachi
|poke|p2|Hydreigon, M
|rule|Swagger Clause: Swagger is banned
|rule|Baton Pass Clause: Limit one PokÃ©mon knowing Baton Pass
|teampreview
|
|start
|switch|p1a: Victini|Victini|341\/341
|switch|p2a: Jirachi|Jirachi|341\/341
|turn|1
|
|move|p2a: Jirachi|U-turn|p1a: Victini
|-damage|p1a: Victini|270\/341
|
|switch|p2a: Hydreigon|Hydreigon, M|325\/325
|move|p1a: Victini|Bolt Strike|p2a: Hydreigon
|-resisted|p2a: Hydreigon
|-damage|p2a: Hydreigon|242\/325
|
|turn|2
|
|move|p1a: Victini|U-turn|p2a: Hydreigon
|-supereffective|p2a: Hydreigon
|-damage|p2a: Hydreigon|45\/325
|
|switch|p1a: Blissey|Blissey, F|714\/714
|move|p2a: Hydreigon|Superpower|p1a: Blissey
|-supereffective|p1a: Blissey
|-damage|p1a: Blissey|243\/714
|-unboost|p2a: Hydreigon|atk|1
|-unboost|p2a: Hydreigon|def|1
|-damage|p2a: Hydreigon|13\/325|[from] item: Life Orb
|
|-heal|p1a: Blissey|287\/714|[from] item: Leftovers
|turn|3
|
|move|p2a: Hydreigon|Superpower|p1a: Blissey
|-supereffective|p1a: Blissey
|-damage|p1a: Blissey|1\/714
|-unboost|p2a: Hydreigon|atk|1
|-unboost|p2a: Hydreigon|def|1
|-damage|p2a: Hydreigon|0 fnt|[from] item: Life Orb
|faint|p2a: Hydreigon
|move|p1a: Blissey|Soft-Boiled|p1a: Blissey
|-heal|p1a: Blissey|358\/714
|
|-heal|p1a: Blissey|402\/714|[from] item: Leftovers
|join|BasedBouff
|
|switch|p2a: Heracross|Heracross, F|311\/311
|turn|4
|
|switch|p2a: Nidoqueen|Nidoqueen, F|366\/366
|switch|p1a: Aromatisse|Aromatisse, M|406\/406
|
|turn|5
|
|switch|p1a: Starmie|Starmie|261\/261
|move|p2a: Nidoqueen|Stealth Rock|p1a: Starmie
|-sidestart|p1: Dr. SJCrew|move: Stealth Rock
|
|turn|6
|
|move|p1a: Starmie|Scald|p2a: Nidoqueen
|-supereffective|p2a: Nidoqueen
|-damage|p2a: Nidoqueen|90\/366
|move|p2a: Nidoqueen|Sludge Wave|p1a: Starmie
|-damage|p1a: Starmie|2\/261
|
|turn|7
|
|switch|p2a: Jirachi|Jirachi|341\/341
|move|p1a: Starmie|Rapid Spin|p2a: Jirachi
|-resisted|p2a: Jirachi
|-damage|p2a: Jirachi|333\/341
|-sideend|p1: Dr. SJCrew|Stealth Rock|[from] move: Rapid Spin|[of] p1a: Starmie
|
|turn|8
|
|switch|p1a: Flygon|Flygon, M|301\/301
|move|p2a: Jirachi|U-turn|p1a: Flygon
|-damage|p1a: Flygon|224\/301
|
|switch|p2a: Heracross|Heracross, F|311\/311
|
|turn|9
|
|switch|p1a: Aromatisse|Aromatisse, M|406\/406
|move|p2a: Heracross|Knock Off|p1a: Aromatisse
|-resisted|p1a: Aromatisse
|-damage|p1a: Aromatisse|356\/406
|-enditem|p1a: Aromatisse|Leftovers|[from] move: Knock Off|[of] p2a: Heracross
|
|turn|10
|
|switch|p2a: Nidoqueen|Nidoqueen, F|90\/366
|move|p1a: Aromatisse|Moonblast|p2a: Nidoqueen
|-resisted|p2a: Nidoqueen
|-damage|p2a: Nidoqueen|25\/366
|
|turn|11
|
|switch|p1a: Starmie|Starmie|2\/261
|move|p2a: Nidoqueen|Sludge Wave|p1a: Starmie
|-damage|p1a: Starmie|0 fnt
|faint|p1a: Starmie
|
|
|switch|p1a: Victini|Victini|270\/341
|turn|12
|
|move|p1a: Victini|U-turn|p2a: Nidoqueen
|-resisted|p2a: Nidoqueen
|-damage|p2a: Nidoqueen|0 fnt
|faint|p2a: Nidoqueen
|
|switch|p1a: Flygon|Flygon, M|224\/301
|
|
|switch|p2a: Heracross|Heracross, F|311\/311
|turn|13
|
|move|p1a: Flygon|U-turn|p2a: Heracross
|-resisted|p2a: Heracross
|-damage|p2a: Heracross|263\/311
|
|switch|p1a: Aromatisse|Aromatisse, M|356\/406
|move|p2a: Heracross|Swords Dance|p2a: Heracross
|-boost|p2a: Heracross|atk|2
|
|-heal|p2a: Heracross|282\/311|[from] item: Leftovers
|turn|14
|
|move|p2a: Heracross|Megahorn|p1a: Aromatisse
|-resisted|p1a: Aromatisse
|-damage|p1a: Aromatisse|154\/406
|move|p1a: Aromatisse|Moonblast|p2a: Heracross
|-supereffective|p2a: Heracross
|-damage|p2a: Heracross|42\/311
|
|-heal|p2a: Heracross|61\/311|[from] item: Leftovers
|turn|15
|
|move|p2a: Heracross|Close Combat|p1a: Aromatisse
|-resisted|p1a: Aromatisse
|-damage|p1a: Aromatisse|0 fnt
|-unboost|p2a: Heracross|def|1
|-unboost|p2a: Heracross|spd|1
|faint|p1a: Aromatisse
|
|-heal|p2a: Heracross|80\/311|[from] item: Leftovers
|
|switch|p1a: Mienshao|Mienshao, F|271\/271
|turn|16
|
|move|p1a: Mienshao|Knock Off|p2a: Heracross
|-crit|p2a: Heracross
|-resisted|p2a: Heracross
|-damage|p2a: Heracross|0 fnt
|-enditem|p2a: Heracross|Leftovers|[from] move: Knock Off|[of] p1a: Mienshao
|-damage|p1a: Mienshao|244\/271|[from] item: Life Orb
|faint|p2a: Heracross
|
|
|switch|p2a: Jirachi|Jirachi|333\/341
|turn|17
|
|move|p2a: Jirachi|Iron Head|p1a: Mienshao
|-damage|p1a: Mienshao|66\/271
|cant|p1a: Mienshao|flinch
|
|turn|18
|
|switch|p1a: Victini|Victini|270\/341
|move|p2a: Jirachi|Iron Head|p1a: Victini
|-resisted|p1a: Victini
|-damage|p1a: Victini|210\/341
|
|turn|19
|
|move|p2a: Jirachi|Iron Head|p1a: Victini
|-resisted|p1a: Victini
|-damage|p1a: Victini|146\/341
|cant|p1a: Victini|flinch
|
|turn|20
|
|move|p2a: Jirachi|Iron Head|p1a: Victini
|-resisted|p1a: Victini
|-damage|p1a: Victini|87\/341
|move|p1a: Victini|V-create|p2a: Jirachi
|-supereffective|p2a: Jirachi
|-damage|p2a: Jirachi|0 fnt
|-unboost|p1a: Victini|def|1
|-unboost|p1a: Victini|spd|1
|-unboost|p1a: Victini|spe|1
|faint|p2a: Jirachi
|
|
|switch|p2a: Aerodactyl|Aerodactyl, F|301\/301
|turn|21
|
|detailschange|p2a: Aerodactyl|Aerodactyl-Mega, F
|message|Aerodactyl has Mega Evolved into Mega Aerodactyl!
|move|p2a: Aerodactyl|Crunch|p1a: Victini
|-supereffective|p1a: Victini
|-damage|p1a: Victini|0 fnt
|faint|p1a: Victini
|
|
|switch|p1a: Blissey|Blissey, F|402\/714
|turn|22
|
|move|p2a: Aerodactyl|Hone Claws|p2a: Aerodactyl
|-boost|p2a: Aerodactyl|atk|1
|-boost|p2a: Aerodactyl|accuracy|1
|move|p1a: Blissey|Soft-Boiled|p1a: Blissey
|-heal|p1a: Blissey|714\/714
|
|turn|23
|
|move|p2a: Aerodactyl|Stone Edge|p1a: Blissey
|-damage|p1a: Blissey|171\/714
|move|p1a: Blissey|Seismic Toss|p2a: Aerodactyl
|-damage|p2a: Aerodactyl|201\/301
|
|-heal|p1a: Blissey|215\/714|[from] item: Leftovers
|turn|24
|
|move|p2a: Aerodactyl|Aqua Tail|p1a: Blissey
|-damage|p1a: Blissey|0 fnt
|faint|p1a: Blissey
|
|
|switch|p1a: Flygon|Flygon, M|224\/301
|turn|25
|
|move|p1a: Flygon|Iron Tail|p2a: Aerodactyl
|-supereffective|p2a: Aerodactyl
|-damage|p2a: Aerodactyl|0 fnt
|faint|p2a: Aerodactyl
|
|
|switch|p2a: Lucario|Lucario, M|281\/281
|turn|26
|
|switch|p1a: Mienshao|Mienshao, F|156\/271
|move|p2a: Lucario|Swords Dance|p2a: Lucario
|-boost|p2a: Lucario|atk|2
|
|turn|27
|
|move|p2a: Lucario|Extreme Speed|p1a: Mienshao
|-damage|p1a: Mienshao|0 fnt
|-damage|p2a: Lucario|253\/281|[from] item: Life Orb
|faint|p1a: Mienshao
|
|chat|Dr. SJCrew|good games. i made some misplays game two.
|chat|Dr. SJCrew|but you earned it.
|
|switch|p1a: Flygon|Flygon, M|224\/301
|turn|28
|
|move|p2a: Lucario|Extreme Speed|p1a: Flygon
|-damage|p1a: Flygon|0 fnt
|-damage|p2a: Lucario|225\/281|[from] item: Life Orb
|faint|p1a: Flygon
|
|win|Fat Lenny
|leave|BasedBouff