|join|lolz lol1z
|join|Fat Lenny
|player|p1|lolz lol1z|266
|player|p2|Fat Lenny|224
|gametype|singles
|gen|6
|tier|UU
|rated
|rule|Sleep Clause Mod: Limit one foe put to sleep
|rule|Species Clause: Limit one of each PokÃ©mon
|rule|OHKO Clause: OHKO moves are banned
|rule|Moody Clause: Moody is banned
|rule|Evasion Moves Clause: Evasion moves are banned
|rule|Endless Battle Clause: Forcing endless battles is banned
|rule|HP Percentage Mod: HP is shown in percentages
|clearpoke
|poke|p1|Mienshao, M
|poke|p1|Mew
|poke|p1|Hippowdon, F
|poke|p1|Chandelure, F
|poke|p1|Porygon2
|poke|p1|Jirachi
|poke|p2|Virizion
|poke|p2|Nidoqueen, F
|poke|p2|Aerodactyl, F
|poke|p2|Lucario, F
|poke|p2|Jirachi, shiny
|poke|p2|Hydreigon, F
|rule|Swagger Clause: Swagger is banned
|rule|Baton Pass Clause: Limit one PokÃ©mon knowing Baton Pass
|teampreview
|
|start
|switch|p1a: Porygon2|Porygon2|374\/374
|switch|p2a: Meshugah|Nidoqueen, F|366\/366
|-boost|p1a: Porygon2|spa|1|[from] ability: Download
|turn|1
|
|move|p2a: Meshugah|Stealth Rock|p1a: Porygon2
|-sidestart|p1: lolz lol1z|move: Stealth Rock
|move|p1a: Porygon2|Ice Beam|p2a: Meshugah
|-supereffective|p2a: Meshugah
|-damage|p2a: Meshugah|24\/366
|
|turn|2
|
|move|p2a: Meshugah|Sludge Wave|p1a: Porygon2
|-damage|p1a: Porygon2|232\/374
|move|p1a: Porygon2|Tri Attack|p2a: Meshugah
|-damage|p2a: Meshugah|0 fnt
|faint|p2a: Meshugah
|
|
|switch|p2a: boognish|Virizion|323\/323
|turn|3
|join|str8 bulkin
|
|switch|p1a: Jirachi|Jirachi|342\/342
|-damage|p1a: Jirachi|321\/342|[from] Stealth Rock
|move|p2a: boognish|Swords Dance|p2a: boognish
|-boost|p2a: boognish|atk|2
|
|-heal|p1a: Jirachi|342\/342|[from] item: Leftovers
|turn|4
|
|move|p2a: boognish|Close Combat|p1a: Jirachi
|-damage|p1a: Jirachi|30\/342
|-unboost|p2a: boognish|def|1
|-unboost|p2a: boognish|spd|1
|move|p1a: Jirachi|U-turn|p2a: boognish
|-crit|p2a: boognish
|-damage|p2a: boognish|106\/323
|
|switch|p1a: Mew|Mew|341\/341
|-damage|p1a: Mew|299\/341|[from] Stealth Rock
|
|turn|5
|
|move|p1a: Mew|U-turn|p2a: boognish
|-damage|p2a: boognish|0 fnt
|faint|p2a: boognish
|
|switch|p1a: Mienshao|Mienshao, M|271\/271
|-damage|p1a: Mienshao|255\/271|[from] Stealth Rock
|
|
|switch|p2a: chani|Jirachi, shiny|341\/341
|turn|6
|
|move|p1a: Mienshao|Fake Out|p2a: chani
|-resisted|p2a: chani
|-damage|p2a: chani|312\/341
|-damage|p1a: Mienshao|228\/271|[from] item: Life Orb
|cant|p2a: chani|flinch
|
|-heal|p2a: chani|333\/341|[from] item: Leftovers
|turn|7
|
|switch|p2a: Dakuwaqa|Aerodactyl, F|321\/321
|move|p1a: Mienshao|U-turn|p2a: Dakuwaqa
|-resisted|p2a: Dakuwaqa
|-damage|p2a: Dakuwaqa|240\/321
|-damage|p1a: Mienshao|201\/271|[from] item: Life Orb
|
|switch|p1a: Hippowdon|Hippowdon, F|420\/420
|-damage|p1a: Hippowdon|394\/420|[from] Stealth Rock
|
|-heal|p1a: Hippowdon|420\/420|[from] item: Leftovers
|turn|8
|
|detailschange|p2a: Dakuwaqa|Aerodactyl-Mega, F
|message|Aerodactyl has Mega Evolved into Mega Aerodactyl!
|move|p2a: Dakuwaqa|Aqua Tail|p1a: Hippowdon
|-supereffective|p1a: Hippowdon
|-damage|p1a: Hippowdon|200\/420
|move|p1a: Hippowdon|Stone Edge|p2a: Dakuwaqa
|-supereffective|p2a: Dakuwaqa
|-damage|p2a: Dakuwaqa|46\/321
|
|-heal|p1a: Hippowdon|226\/420|[from] item: Leftovers
|turn|9
|
|switch|p1a: Jirachi|Jirachi|30\/342
|-damage|p1a: Jirachi|9\/342|[from] Stealth Rock
|move|p2a: Dakuwaqa|Aqua Tail|p1a: Jirachi
|-damage|p1a: Jirachi|0 fnt
|faint|p1a: Jirachi
|
|
|switch|p1a: Mew|Mew|299\/341
|-damage|p1a: Mew|257\/341|[from] Stealth Rock
|turn|10
|
|switch|p2a: Great Maker|Hydreigon, F|325\/325
|move|p1a: Mew|U-turn|p2a: Great Maker
|-supereffective|p2a: Great Maker
|-damage|p2a: Great Maker|201\/325
|
|switch|p1a: Porygon2|Porygon2|232\/374
|-damage|p1a: Porygon2|186\/374|[from] Stealth Rock
|-boost|p1a: Porygon2|atk|1|[from] ability: Download
|
|turn|11
|
|move|p2a: Great Maker|U-turn|p1a: Porygon2
|-damage|p1a: Porygon2|141\/374
|
|switch|p2a: chani|Jirachi, shiny|333\/341
|move|p1a: Porygon2|Recover|p1a: Porygon2
|-heal|p1a: Porygon2|328\/374
|
|-heal|p2a: chani|341\/341|[from] item: Leftovers
|turn|12
|
|move|p2a: chani|Calm Mind|p2a: chani
|-boost|p2a: chani|spa|1
|-boost|p2a: chani|spd|1
|move|p1a: Porygon2|Discharge|p2a: chani
|-damage|p2a: chani|279\/341
|
|-heal|p2a: chani|300\/341|[from] item: Leftovers
|turn|13
|
|move|p2a: chani|Psyshock|p1a: Porygon2
|-damage|p1a: Porygon2|210\/374
|move|p1a: Porygon2|Discharge|p2a: chani
|-crit|p2a: chani
|-damage|p2a: chani|156\/341
|
|-heal|p2a: chani|177\/341|[from] item: Leftovers
|turn|14
|
|move|p2a: chani|Calm Mind|p2a: chani
|-boost|p2a: chani|spa|1
|-boost|p2a: chani|spd|1
|move|p1a: Porygon2|Recover|p1a: Porygon2
|-heal|p1a: Porygon2|374\/374
|
|-heal|p2a: chani|198\/341|[from] item: Leftovers
|turn|15
|
|switch|p1a: Chandelure|Chandelure, F|262\/262
|-damage|p1a: Chandelure|197\/262|[from] Stealth Rock
|move|p2a: chani|Psyshock|p1a: Chandelure
|-damage|p1a: Chandelure|0 fnt
|faint|p1a: Chandelure
|
|-heal|p2a: chani|219\/341|[from] item: Leftovers
|
|switch|p1a: Mienshao|Mienshao, M|271\/271
|-damage|p1a: Mienshao|255\/271|[from] Stealth Rock
|turn|16
|
|move|p1a: Mienshao|Knock Off|p2a: chani
|-supereffective|p2a: chani
|-damage|p2a: chani|0 fnt
|-enditem|p2a: chani|Leftovers|[from] move: Knock Off|[of] p1a: Mienshao
|-damage|p1a: Mienshao|228\/271|[from] item: Life Orb
|faint|p2a: chani
|
|
|switch|p2a: Dakuwaqa|Aerodactyl-Mega, F|46\/321
|turn|17
|
|switch|p1a: Mew|Mew|257\/341
|-damage|p1a: Mew|215\/341|[from] Stealth Rock
|move|p2a: Dakuwaqa|Aqua Tail|p1a: Mew
|-damage|p1a: Mew|41\/341
|
|turn|18
|
|move|p1a: Mew|U-turn|p2a: Dakuwaqa
|-resisted|p2a: Dakuwaqa
|-damage|p2a: Dakuwaqa|13\/321
|
|switch|p1a: Hippowdon|Hippowdon, F|226\/420
|-damage|p1a: Hippowdon|200\/420|[from] Stealth Rock
|move|p2a: Dakuwaqa|Roost|p2a: Dakuwaqa
|-heal|p2a: Dakuwaqa|174\/321
|
|-heal|p1a: Hippowdon|226\/420|[from] item: Leftovers
|turn|19
|
|move|p2a: Dakuwaqa|Aqua Tail|p1a: Hippowdon
|-crit|p1a: Hippowdon
|-supereffective|p1a: Hippowdon
|-damage|p1a: Hippowdon|0 fnt
|faint|p1a: Hippowdon
|
|
|switch|p1a: Porygon2|Porygon2|374\/374
|-damage|p1a: Porygon2|328\/374|[from] Stealth Rock
|-boost|p1a: Porygon2|atk|1|[from] ability: Download
|turn|20
|
|move|p2a: Dakuwaqa|Stone Edge|p1a: Porygon2
|-damage|p1a: Porygon2|171\/374
|move|p1a: Porygon2|Discharge|p2a: Dakuwaqa
|-supereffective|p2a: Dakuwaqa
|-damage|p2a: Dakuwaqa|0 fnt
|faint|p2a: Dakuwaqa
|
|
|switch|p2a: Hermanubis|Lucario, F|281\/281
|turn|21
|
|move|p2a: Hermanubis|Close Combat|p1a: Porygon2
|-supereffective|p1a: Porygon2
|-damage|p1a: Porygon2|0 fnt
|-unboost|p2a: Hermanubis|def|1
|-unboost|p2a: Hermanubis|spd|1
|-damage|p2a: Hermanubis|253\/281|[from] item: Life Orb
|faint|p1a: Porygon2
|
|
|switch|p1a: Mienshao|Mienshao, M|271\/271
|-damage|p1a: Mienshao|255\/271|[from] Stealth Rock
|turn|22
|
|move|p2a: Hermanubis|Extreme Speed|p1a: Mienshao
|-damage|p1a: Mienshao|78\/271
|-damage|p2a: Hermanubis|225\/281|[from] item: Life Orb
|move|p1a: Mienshao|High Jump Kick|p2a: Hermanubis
|-supereffective|p2a: Hermanubis
|-damage|p2a: Hermanubis|0 fnt
|-damage|p1a: Mienshao|51\/271|[from] item: Life Orb
|faint|p2a: Hermanubis
|
|
|switch|p2a: Great Maker|Hydreigon, F|201\/325
|turn|23
|
|switch|p1a: Mew|Mew|41\/341
|-damage|p1a: Mew|0 fnt|[from] Stealth Rock
|faint|p1a: Mew
|move|p2a: Great Maker|Dragon Pulse|p1: Mew|[notarget]
|-notarget
|
|
|switch|p1a: Mienshao|Mienshao, M|141\/271
|-damage|p1a: Mienshao|125\/271|[from] Stealth Rock
|turn|24
|
|move|p2a: Great Maker|Dragon Pulse|p1a: Mienshao
|-crit|p1a: Mienshao
|-damage|p1a: Mienshao|0 fnt
|faint|p1a: Mienshao
|
|win|Fat Lenny
|raw|Ladder updating...
|raw|lolz lol1z's rating: 1667 &rarr; <strong>1640<\/strong><br \/>(-27 for losing)
|raw|Fat Lenny's rating: 1531 &rarr; <strong>1559<\/strong><br \/>(+28 for winning)
|leave|lolz lol1z
|player|p1