|join|Fat Lenny
|join|Zaki X
|player|p1|Fat Lenny|242
|player|p2|Zaki X|80
|gametype|singles
|gen|6
|tier|UU
|rated
|rule|Sleep Clause Mod: Limit one foe put to sleep
|rule|Species Clause: Limit one of each PokÃ©mon
|rule|OHKO Clause: OHKO moves are banned
|rule|Moody Clause: Moody is banned
|rule|Evasion Moves Clause: Evasion moves are banned
|rule|Endless Battle Clause: Forcing endless battles is banned
|rule|HP Percentage Mod: HP is shown in percentages
|clearpoke
|poke|p1|Virizion
|poke|p1|Nidoqueen, F
|poke|p1|Altaria, F
|poke|p1|Jirachi
|poke|p1|Chandelure, F
|poke|p1|Hydreigon, F
|poke|p2|Slurpuff, F
|poke|p2|Miltank, F
|poke|p2|Doublade, F
|poke|p2|Ambipom, F, shiny
|poke|p2|Vivillon, M
|poke|p2|Gastrodon, M, shiny
|rule|Swagger Clause: Swagger is banned
|rule|Baton Pass Clause: Limit one PokÃ©mon knowing Baton Pass
|teampreview
|
|start
|switch|p1a: Jirachi|Jirachi|341\/341
|switch|p2a: Doublade|Doublade, F|322\/322
|turn|1
|
|move|p1a: Jirachi|U-turn|p2a: Doublade
|-resisted|p2a: Doublade
|-damage|p2a: Doublade|315\/322
|
|switch|p1a: Nidoqueen|Nidoqueen, F|366\/366
|move|p2a: Doublade|Swords Dance|p2a: Doublade
|-boost|p2a: Doublade|atk|2
|
|turn|2
|
|switch|p2a: Vivillon|Vivillon, M|301\/301
|move|p1a: Nidoqueen|Earth Power|p2a: Vivillon
|-immune|p2a: Vivillon|[msg]
|
|turn|3
|
|move|p2a: Vivillon|Sleep Powder|p1a: Nidoqueen
|-status|p1a: Nidoqueen|slp
|cant|p1a: Nidoqueen|slp
|
|turn|4
|
|switch|p1a: Jirachi|Jirachi|341\/341
|move|p2a: Vivillon|Quiver Dance|p2a: Vivillon
|-boost|p2a: Vivillon|spa|1
|-boost|p2a: Vivillon|spd|1
|-boost|p2a: Vivillon|spe|1
|
|turn|5
|
|move|p1a: Jirachi|Iron Head|p2a: Vivillon
|-damage|p2a: Vivillon|142\/301
|cant|p2a: Vivillon|flinch
|
|-heal|p2a: Vivillon|160\/301|[from] item: Leftovers
|turn|6
|
|switch|p2a: Gastrodon|Gastrodon, M, shiny|426\/426
|move|p1a: Jirachi|Iron Head|p2a: Gastrodon
|-resisted|p2a: Gastrodon
|-damage|p2a: Gastrodon|379\/426
|
|-heal|p2a: Gastrodon|405\/426|[from] item: Leftovers
|turn|7
|
|switch|p1a: Virizion|Virizion|324\/324
|move|p2a: Gastrodon|Earth Power|p1a: Virizion
|-crit|p1a: Virizion
|-resisted|p1a: Virizion
|-damage|p1a: Virizion|260\/324
|
|-heal|p2a: Gastrodon|426\/426|[from] item: Leftovers
|turn|8
|
|switch|p1a: Nidoqueen|Nidoqueen, F|366\/366 slp
|switch|p2a: Vivillon|Vivillon, M|160\/301
|
|-heal|p2a: Vivillon|178\/301|[from] item: Leftovers
|turn|9
|
|switch|p1a: Jirachi|Jirachi|341\/341
|move|p2a: Vivillon|Bug Buzz|p1a: Jirachi
|-damage|p1a: Jirachi|215\/341
|-unboost|p1a: Jirachi|spd|1
|
|-heal|p2a: Vivillon|196\/301|[from] item: Leftovers
|turn|10
|
|move|p1a: Jirachi|Fire Punch|p2a: Vivillon
|-supereffective|p2a: Vivillon
|-damage|p2a: Vivillon|4\/301
|move|p2a: Vivillon|Bug Buzz|p1a: Jirachi
|-damage|p1a: Jirachi|0 fnt
|faint|p1a: Jirachi
|
|-heal|p2a: Vivillon|22\/301|[from] item: Leftovers
|
|switch|p1a: Hydreigon|Hydreigon, F|325\/325
|turn|11
|
|switch|p2a: Ambipom|Ambipom, F, shiny|291\/291
|move|p1a: Hydreigon|Dark Pulse|p2a: Ambipom
|-damage|p2a: Ambipom|49\/291
|-damage|p1a: Hydreigon|293\/325|[from] item: Life Orb
|
|turn|12
|
|switch|p1a: Nidoqueen|Nidoqueen, F|366\/366 slp
|move|p2a: Ambipom|Knock Off|p1a: Nidoqueen
|-damage|p1a: Nidoqueen|217\/366 slp
|-enditem|p1a: Nidoqueen|Life Orb|[from] move: Knock Off|[of] p2a: Ambipom
|-damage|p2a: Ambipom|20\/291|[from] item: Life Orb
|
|turn|13
|
|move|p2a: Ambipom|Knock Off|p1a: Nidoqueen
|-damage|p1a: Nidoqueen|121\/366 slp
|-damage|p2a: Ambipom|0 fnt|[from] item: Life Orb
|faint|p2a: Ambipom
|cant|p1a: Nidoqueen|slp
|
|
|switch|p2a: Vivillon|Vivillon, M|22\/301
|turn|14
|
|switch|p1a: Altaria|Altaria, F|292\/292
|move|p2a: Vivillon|Quiver Dance|p2a: Vivillon
|-boost|p2a: Vivillon|spa|1
|-boost|p2a: Vivillon|spd|1
|-boost|p2a: Vivillon|spe|1
|
|-heal|p2a: Vivillon|40\/301|[from] item: Leftovers
|turn|15
|
|detailschange|p1a: Altaria|Altaria-Mega, F
|message|Altaria has Mega Evolved into Mega Altaria!
|move|p2a: Vivillon|Hurricane|p1a: Altaria
|-damage|p1a: Altaria|45\/292
|move|p1a: Altaria|Frustration|p2a: Vivillon
|-damage|p2a: Vivillon|0 fnt
|faint|p2a: Vivillon
|
|
|switch|p2a: Doublade|Doublade, F|315\/322
|turn|16
|
|move|p1a: Altaria|Roost|p1a: Altaria
|-heal|p1a: Altaria|191\/292
|move|p2a: Doublade|Sacred Sword|p1a: Altaria
|-resisted|p1a: Altaria
|-damage|p1a: Altaria|143\/292
|
|turn|17
|
|switch|p1a: Chandelure|Chandelure, F|289\/289
|move|p2a: Doublade|Iron Head|p1a: Chandelure
|-resisted|p1a: Chandelure
|-damage|p1a: Chandelure|207\/289
|
|-heal|p1a: Chandelure|225\/289|[from] item: Leftovers
|turn|18
|
|move|p2a: Doublade|Shadow Sneak|p1a: Chandelure
|-supereffective|p1a: Chandelure
|-damage|p1a: Chandelure|75\/289
|move|p1a: Chandelure|Calm Mind|p1a: Chandelure
|-boost|p1a: Chandelure|spa|1
|-boost|p1a: Chandelure|spd|1
|
|-heal|p1a: Chandelure|93\/289|[from] item: Leftovers
|turn|19
|
|switch|p1a: Hydreigon|Hydreigon, F|293\/325
|move|p2a: Doublade|Shadow Sneak|p1a: Hydreigon
|-resisted|p1a: Hydreigon
|-damage|p1a: Hydreigon|253\/325
|
|turn|20
|
|switch|p2a: Gastrodon|Gastrodon, M, shiny|426\/426
|move|p1a: Hydreigon|Dark Pulse|p2a: Gastrodon
|-damage|p2a: Gastrodon|214\/426
|-damage|p1a: Hydreigon|221\/325|[from] item: Life Orb
|
|-heal|p2a: Gastrodon|240\/426|[from] item: Leftovers
|turn|21
|
|switch|p1a: Virizion|Virizion|260\/324
|move|p2a: Gastrodon|Toxic|p1a: Virizion
|-status|p1a: Virizion|tox
|-enditem|p1a: Virizion|Lum Berry|[eat]
|-curestatus|p1a: Virizion|tox
|
|-heal|p2a: Gastrodon|266\/426|[from] item: Leftovers
|turn|22
|
|switch|p1a: Hydreigon|Hydreigon, F|221\/325
|switch|p2a: Doublade|Doublade, F|315\/322
|
|turn|23
|
|move|p1a: Hydreigon|Flash Cannon|p2a: Doublade
|-resisted|p2a: Doublade
|-damage|p2a: Doublade|242\/322
|-damage|p1a: Hydreigon|189\/325|[from] item: Life Orb
|move|p2a: Doublade|Sacred Sword|p1a: Hydreigon
|-supereffective|p1a: Hydreigon
|-damage|p1a: Hydreigon|0 fnt
|faint|p1a: Hydreigon
|
|
|switch|p1a: Nidoqueen|Nidoqueen, F|121\/366 slp
|turn|24
|
|cant|p1a: Nidoqueen|slp
|move|p2a: Doublade|Swords Dance|p2a: Doublade
|-boost|p2a: Doublade|atk|2
|
|turn|25
|
|move|p2a: Doublade|Shadow Sneak|p1a: Nidoqueen
|-damage|p1a: Nidoqueen|0 fnt
|faint|p1a: Nidoqueen
|
|-message|Fat Lenny forfeited.
|
|win|Zaki X
|raw|Ladder updating...
|leave|Fat Lenny
|player|p1