|join|Fat Lenny
|join|skyfellar
|player|p1|Fat Lenny|224
|player|p2|skyfellar|40
|gametype|singles
|gen|6
|tier|UU
|rated
|rule|Sleep Clause Mod: Limit one foe put to sleep
|rule|Species Clause: Limit one of each PokÃ©mon
|rule|OHKO Clause: OHKO moves are banned
|rule|Moody Clause: Moody is banned
|rule|Evasion Moves Clause: Evasion moves are banned
|rule|Endless Battle Clause: Forcing endless battles is banned
|rule|HP Percentage Mod: HP is shown in percentages
|clearpoke
|poke|p1|Haxorus, M
|poke|p1|Nidoqueen, F
|poke|p1|Aerodactyl, M
|poke|p1|Lucario, F
|poke|p1|Jirachi, shiny
|poke|p1|Hydreigon, F
|poke|p2|Entei, shiny
|poke|p2|Abomasnow, M
|poke|p2|Gastrodon, F
|poke|p2|Crobat, M
|poke|p2|Jirachi
|poke|p2|Hydreigon, M
|rule|Swagger Clause: Swagger is banned
|rule|Baton Pass Clause: Limit one PokÃ©mon knowing Baton Pass
|teampreview
|
|start
|switch|p1a: Nidoqueen|Nidoqueen, F|366\/366
|switch|p2a: Hydreigon|Hydreigon, M|325\/325
|turn|1
|
|switch|p2a: Entei|Entei, shiny|371\/371
|-ability|p2a: Entei|Pressure
|switch|p1a: Jirachi|Jirachi, shiny|341\/341
|
|turn|2
|
|switch|p1a: Haxorus|Haxorus, M|293\/293
|-ability|p1a: Haxorus|Mold Breaker
|move|p2a: Entei|Sacred Fire|p1a: Haxorus
|-resisted|p1a: Haxorus
|-damage|p1a: Haxorus|143\/293
|
|turn|3
|
|switch|p2a: Jirachi|Jirachi|355\/355
|move|p1a: Haxorus|Earthquake|p2a: Jirachi
|-supereffective|p2a: Jirachi
|-damage|p2a: Jirachi|73\/355
|
|-heal|p2a: Jirachi|95\/355|[from] item: Leftovers
|turn|4
|
|switch|p2a: Abomasnow|Abomasnow, M|335\/335
|-weather|Hail
|move|p1a: Haxorus|Dragon Dance|p1a: Haxorus
|-boost|p1a: Haxorus|atk|1
|-boost|p1a: Haxorus|spe|1
|
|-weather|Hail|[upkeep]
|-damage|p1a: Haxorus|125\/293|[from] hail
|turn|5
|
|detailschange|p2a: Abomasnow|Abomasnow-Mega, M
|message|Abomasnow has Mega Evolved into Mega Abomasnow!
|move|p2a: Abomasnow|Ice Shard|p1a: Haxorus
|-supereffective|p1a: Haxorus
|-damage|p1a: Haxorus|0 fnt
|faint|p1a: Haxorus
|
|-weather|Hail|[upkeep]
|
|switch|p1a: Nidoqueen|Nidoqueen, F|366\/366
|turn|6
|
|switch|p2a: Gastrodon|Gastrodon, F|426\/426
|move|p1a: Nidoqueen|Sludge Wave|p2a: Gastrodon
|-resisted|p2a: Gastrodon
|-damage|p2a: Gastrodon|316\/426
|
|-weather|Hail|[upkeep]
|-damage|p1a: Nidoqueen|344\/366|[from] hail
|-damage|p2a: Gastrodon|290\/426|[from] hail
|-heal|p2a: Gastrodon|316\/426|[from] item: Leftovers
|turn|7
|
|move|p1a: Nidoqueen|Stealth Rock|p2a: Gastrodon
|-sidestart|p2: skyfellar|move: Stealth Rock
|move|p2a: Gastrodon|Earthquake|p1a: Nidoqueen
|-supereffective|p1a: Nidoqueen
|-damage|p1a: Nidoqueen|104\/366
|
|-weather|Hail|[upkeep]
|-damage|p1a: Nidoqueen|82\/366|[from] hail
|-damage|p2a: Gastrodon|290\/426|[from] hail
|-heal|p2a: Gastrodon|316\/426|[from] item: Leftovers
|turn|8
|
|switch|p1a: Hydreigon|Hydreigon, F|325\/325
|move|p2a: Gastrodon|Scald|p1a: Hydreigon
|-resisted|p1a: Hydreigon
|-damage|p1a: Hydreigon|278\/325
|
|-weather|none
|-heal|p2a: Gastrodon|342\/426|[from] item: Leftovers
|turn|9
|
|move|p1a: Hydreigon|U-turn|p2a: Gastrodon
|-crit|p2a: Gastrodon
|-damage|p2a: Gastrodon|243\/426
|
|switch|p1a: Jirachi|Jirachi, shiny|341\/341
|move|p2a: Gastrodon|Recover|p2a: Gastrodon
|-heal|p2a: Gastrodon|426\/426
|
|turn|10
|
|move|p1a: Jirachi|Calm Mind|p1a: Jirachi
|-boost|p1a: Jirachi|spa|1
|-boost|p1a: Jirachi|spd|1
|move|p2a: Gastrodon|Curse|p2a: Gastrodon
|-boost|p2a: Gastrodon|atk|1
|-boost|p2a: Gastrodon|def|1
|-unboost|p2a: Gastrodon|spe|1
|
|turn|11
|
|move|p1a: Jirachi|Energy Ball|p2a: Gastrodon
|-supereffective|p2a: Gastrodon
|-damage|p2a: Gastrodon|0 fnt
|faint|p2a: Gastrodon
|
|
|switch|p2a: Entei|Entei, shiny|371\/371
|-damage|p2a: Entei|279\/371|[from] Stealth Rock
|-ability|p2a: Entei|Pressure
|turn|12
|
|switch|p1a: Nidoqueen|Nidoqueen, F|82\/366
|move|p2a: Entei|Sacred Fire|p1a: Nidoqueen
|-damage|p1a: Nidoqueen|0 fnt
|faint|p1a: Nidoqueen
|
|
|switch|p1a: Aerodactyl|Aerodactyl, M|321\/321
|turn|13
|
|switch|p2a: Jirachi|Jirachi|95\/355
|-damage|p2a: Jirachi|73\/355|[from] Stealth Rock
|detailschange|p1a: Aerodactyl|Aerodactyl-Mega, M
|message|Aerodactyl has Mega Evolved into Mega Aerodactyl!
|move|p1a: Aerodactyl|Aqua Tail|p2a: Jirachi
|-damage|p2a: Jirachi|0 fnt
|faint|p2a: Jirachi
|
|
|switch|p2a: Hydreigon|Hydreigon, M|325\/325
|-damage|p2a: Hydreigon|285\/325|[from] Stealth Rock
|turn|14
|
|move|p2a: Hydreigon|Flash Cannon|p1a: Aerodactyl
|-supereffective|p1a: Aerodactyl
|-damage|p1a: Aerodactyl|129\/321
|move|p1a: Aerodactyl|Stone Edge|p2a: Hydreigon|[miss]
|-miss|p1a: Aerodactyl|p2a: Hydreigon
|
|turn|15
|
|move|p2a: Hydreigon|Flash Cannon|p1a: Aerodactyl
|-crit|p1a: Aerodactyl
|-supereffective|p1a: Aerodactyl
|-damage|p1a: Aerodactyl|0 fnt
|faint|p1a: Aerodactyl
|
|
|switch|p1a: Lucario|Lucario, F|281\/281
|turn|16
|
|switch|p2a: Entei|Entei, shiny|279\/371
|-damage|p2a: Entei|187\/371|[from] Stealth Rock
|-ability|p2a: Entei|Pressure
|move|p1a: Lucario|Swords Dance|p1a: Lucario
|-boost|p1a: Lucario|atk|2
|
|turn|17
|
|move|p1a: Lucario|Extreme Speed|p2a: Entei
|-damage|p2a: Entei|0 fnt
|-damage|p1a: Lucario|253\/281|[from] item: Life Orb
|faint|p2a: Entei
|
|
|switch|p2a: Hydreigon|Hydreigon, M|285\/325
|-damage|p2a: Hydreigon|245\/325|[from] Stealth Rock
|turn|18
|
|switch|p1a: Hydreigon|Hydreigon, F|278\/325
|move|p2a: Hydreigon|Earth Power|p1a: Hydreigon
|-immune|p1a: Hydreigon|[msg]
|
|turn|19
|
|switch|p2a: Crobat|Crobat, M|373\/373
|-damage|p2a: Crobat|280\/373|[from] Stealth Rock
|move|p1a: Hydreigon|U-turn|p2a: Crobat
|-resisted|p2a: Crobat
|-damage|p2a: Crobat|264\/373
|
|switch|p1a: Jirachi|Jirachi, shiny|341\/341
|
|turn|20
|
|move|p2a: Crobat|Defog|p1a: Jirachi
|-unboost|p1a: Jirachi|evasion|1
|-sideend|p2: skyfellar|Stealth Rock|[from] move: Defog|[of] p2a: Crobat
|move|p1a: Jirachi|Psyshock|p2a: Crobat
|-supereffective|p2a: Crobat
|-damage|p2a: Crobat|24\/373
|
|turn|21
|
|move|p2a: Crobat|Taunt|p1a: Jirachi
|-start|p1a: Jirachi|move: Taunt
|cant|p1a: Jirachi|move: Taunt|Calm Mind
|
|turn|22
|
|move|p2a: Crobat|Acrobatics|p1a: Jirachi
|-resisted|p1a: Jirachi
|-damage|p1a: Jirachi|279\/341
|move|p1a: Jirachi|Psyshock|p2a: Crobat
|-supereffective|p2a: Crobat
|-damage|p2a: Crobat|0 fnt
|faint|p2a: Crobat
|
|-heal|p1a: Jirachi|300\/341|[from] item: Leftovers
|join|Bob the Bro
|
|switch|p2a: Abomasnow|Abomasnow-Mega, M|335\/335
|-weather|Hail
|turn|23
|c| Bob the Bro|yo
|c|âFat Lenny|yo bro
|c|âFat Lenny|nice voice
|c| Bob the Bro|pretty sure i was voiced last time we talked lol
|
|move|p1a: Jirachi|Psyshock|p2a: Abomasnow
|-damage|p2a: Abomasnow|224\/335
|move|p2a: Abomasnow|Earthquake|p1a: Jirachi
|-supereffective|p1a: Jirachi
|-damage|p1a: Jirachi|52\/341
|
|-weather|Hail|[upkeep]
|-damage|p1a: Jirachi|31\/341|[from] hail
|-heal|p1a: Jirachi|52\/341|[from] item: Leftovers
|-end|p1a: Jirachi|move: Taunt
|turn|24
|c| Bob the Bro|and catch up already on the ladder
|c|âFat Lenny|naah
|c|âFat Lenny|i been testing as hobodarkseid
|
|switch|p2a: Hydreigon|Hydreigon, M|245\/325
|move|p1a: Jirachi|Psyshock|p2a: Hydreigon
|-immune|p2a: Hydreigon|[msg]
|
|-weather|Hail|[upkeep]
|-damage|p2a: Hydreigon|225\/325|[from] hail
|-damage|p1a: Jirachi|31\/341|[from] hail
|-heal|p1a: Jirachi|52\/341|[from] item: Leftovers
|turn|25
|c| Bob the Bro|yea we battled yesterday
|
|move|p2a: Hydreigon|Earth Power|p1a: Jirachi
|-supereffective|p1a: Jirachi
|-damage|p1a: Jirachi|0 fnt
|faint|p1a: Jirachi
|
|-weather|Hail|[upkeep]
|-damage|p2a: Hydreigon|205\/325|[from] hail
|c| Bob the Bro|on my alt
|c|âFat Lenny|oh yea
|c|âFat Lenny|hax says hi
|c| Bob the Bro|kek
|c|âFat Lenny|i was on my phone, couldt chat
|c| Bob the Bro|how do you even play on your phone lol
|c| Bob the Bro|it lags like shit on mine
|c|âFat Lenny|note 2
|c|âFat Lenny|runs like adream
|
|switch|p1a: Hydreigon|Hydreigon, F|278\/325
|turn|26
|c| Bob the Bro|only fgts have 6 inch phones
|
|switch|p2a: Abomasnow|Abomasnow-Mega, M|224\/335
|move|p1a: Hydreigon|Draco Meteor|p2a: Abomasnow
|-damage|p2a: Abomasnow|19\/335
|-unboost|p1a: Hydreigon|spa|2
|
|-weather|Hail|[upkeep]
|-damage|p1a: Hydreigon|258\/325|[from] hail
|turn|27
|join|pochitesttest
|leave|pochitesttest
|
|move|p2a: Abomasnow|Ice Shard|p1a: Hydreigon
|-supereffective|p1a: Hydreigon
|-damage|p1a: Hydreigon|76\/325
|move|p1a: Hydreigon|Draco Meteor|p2a: Abomasnow
|-damage|p2a: Abomasnow|0 fnt
|-unboost|p1a: Hydreigon|spa|2
|faint|p2a: Abomasnow
|
|-weather|none
|
|switch|p2a: Hydreigon|Hydreigon, M|205\/325
|turn|28
|c|âskyfellar|gg
|
|switch|p1a: Lucario|Lucario, F|253\/281
|move|p2a: Hydreigon|Draco Meteor|p1a: Lucario
|-resisted|p1a: Lucario
|-damage|p1a: Lucario|97\/281
|-unboost|p2a: Hydreigon|spa|2
|
|turn|29
|c| Bob the Bro|crit imo
|
|move|p2a: Hydreigon|Draco Meteor|p1a: Lucario
|-resisted|p1a: Lucario
|-damage|p1a: Lucario|27\/281
|-unboost|p2a: Hydreigon|spa|2
|move|p1a: Lucario|Close Combat|p2a: Hydreigon
|-supereffective|p2a: Hydreigon
|-damage|p2a: Hydreigon|0 fnt
|-unboost|p1a: Lucario|def|1
|-unboost|p1a: Lucario|spd|1
|-damage|p1a: Lucario|0 fnt|[from] item: Life Orb
|faint|p2a: Hydreigon
|faint|p1a: Lucario
|
|win|Fat Lenny
|raw|Ladder updating...
|raw|Fat Lenny's rating: 1672 &rarr; <strong>1680<\/strong><br \/>(+8 for winning)
|raw|skyfellar's rating: 1436 &rarr; <strong>1427<\/strong><br \/>(-9 for losing)
|c|âFat Lenny|gg
|leave|skyfellar
|player|p2
|leave|Bob the Bro
|leave|Fat Lenny
|player|p1