|join|Fat Lenny
|join|Hydrophobian
|player|p1|Fat Lenny|224
|player|p2|Hydrophobian|26
|gametype|singles
|gen|6
|tier|UU
|rated
|rule|Sleep Clause Mod: Limit one foe put to sleep
|rule|Species Clause: Limit one of each PokÃ©mon
|rule|OHKO Clause: OHKO moves are banned
|rule|Moody Clause: Moody is banned
|rule|Evasion Moves Clause: Evasion moves are banned
|rule|Endless Battle Clause: Forcing endless battles is banned
|rule|HP Percentage Mod: HP is shown in percentages
|clearpoke
|poke|p1|Heracross, F
|poke|p1|Nidoqueen, F
|poke|p1|Aerodactyl, M
|poke|p1|Lucario, M
|poke|p1|Jirachi
|poke|p1|Hydreigon, M
|poke|p2|Whimsicott, F
|poke|p2|Aerodactyl, M
|poke|p2|Victini
|poke|p2|Suicune
|poke|p2|Haxorus, F
|poke|p2|Mew
|rule|Swagger Clause: Swagger is banned
|rule|Baton Pass Clause: Limit one PokÃ©mon knowing Baton Pass
|teampreview
|
|start
|switch|p1a: chani|Jirachi|341\/341
|switch|p2a: Victini|Victini|341\/341
|turn|1
|
|switch|p1a: Dakuwaqa|Aerodactyl, M|321\/321
|move|p2a: Victini|V-create|p1a: Dakuwaqa
|-resisted|p1a: Dakuwaqa
|-damage|p1a: Dakuwaqa|14\/321
|-unboost|p2a: Victini|def|1
|-unboost|p2a: Victini|spd|1
|-unboost|p2a: Victini|spe|1
|
|turn|2
|c|âHydrophobian|oh hey fat lenny
|
|detailschange|p1a: Dakuwaqa|Aerodactyl-Mega, M
|message|Aerodactyl has Mega Evolved into Mega Aerodactyl!
|move|p1a: Dakuwaqa|Pursuit|p2a: Victini|[from]Pursuit
|-supereffective|p2a: Victini
|-damage|p2a: Victini|0 fnt
|faint|p2a: Victini
|
|
|switch|p2a: Mew|Mew|404\/404
|turn|3
|
|move|p1a: Dakuwaqa|Stone Edge|p2a: Mew
|-damage|p2a: Mew|217\/404
|move|p2a: Mew|Psychic|p1a: Dakuwaqa
|-damage|p1a: Dakuwaqa|0 fnt
|faint|p1a: Dakuwaqa
|
|-heal|p2a: Mew|242\/404|[from] item: Leftovers
|
|switch|p1a: Khepri|Heracross, F|311\/311
|turn|4
|
|switch|p2a: Aerodactyl|Aerodactyl, M|355\/355
|move|p1a: Khepri|Megahorn|p2a: Aerodactyl
|-resisted|p2a: Aerodactyl
|-damage|p2a: Aerodactyl|244\/355
|
|turn|5
|
|switch|p1a: chani|Jirachi|341\/341
|detailschange|p2a: Aerodactyl|Aerodactyl-Mega, M
|message|Aerodactyl has Mega Evolved into Mega Aerodactyl!
|move|p2a: Aerodactyl|Taunt|p1a: chani
|-start|p1a: chani|move: Taunt
|
|turn|6
|
|move|p2a: Aerodactyl|Stealth Rock|p1a: chani
|-sidestart|p1: Fat Lenny|move: Stealth Rock
|move|p1a: chani|Iron Head|p2a: Aerodactyl
|-supereffective|p2a: Aerodactyl
|-damage|p2a: Aerodactyl|42\/355
|
|turn|7
|
|move|p2a: Aerodactyl|Roost|p2a: Aerodactyl
|-heal|p2a: Aerodactyl|220\/355
|move|p1a: chani|Iron Head|p2a: Aerodactyl
|-supereffective|p2a: Aerodactyl
|-damage|p2a: Aerodactyl|16\/355
|
|turn|8
|
|switch|p2a: Suicune|Suicune|404\/404
|-ability|p2a: Suicune|Pressure
|move|p1a: chani|Iron Head|p2a: Suicune
|-resisted|p2a: Suicune
|-damage|p2a: Suicune|372\/404
|
|-heal|p2a: Suicune|397\/404|[from] item: Leftovers
|-end|p1a: chani|move: Taunt
|turn|9
|
|switch|p2a: Mew|Mew|242\/404
|move|p1a: chani|Energy Ball|p2a: Mew
|-damage|p2a: Mew|176\/404
|
|-heal|p2a: Mew|201\/404|[from] item: Leftovers
|turn|10
|
|move|p1a: chani|Iron Head|p2a: Mew
|-damage|p2a: Mew|95\/404
|cant|p2a: Mew|flinch
|
|-heal|p2a: Mew|120\/404|[from] item: Leftovers
|turn|11
|
|move|p1a: chani|Iron Head|p2a: Mew
|-damage|p2a: Mew|12\/404
|move|p2a: Mew|Soft-Boiled|p2a: Mew
|-heal|p2a: Mew|214\/404
|
|-heal|p2a: Mew|239\/404|[from] item: Leftovers
|turn|12
|
|move|p1a: chani|Iron Head|p2a: Mew
|-damage|p2a: Mew|139\/404
|move|p2a: Mew|Thunder Wave|p1a: chani
|-status|p1a: chani|par
|
|-heal|p2a: Mew|164\/404|[from] item: Leftovers
|turn|13
|
|move|p2a: Mew|Soft-Boiled|p2a: Mew
|-heal|p2a: Mew|366\/404
|move|p1a: chani|U-turn|p2a: Mew
|-supereffective|p2a: Mew
|-damage|p2a: Mew|212\/404
|
|switch|p1a: Khepri|Heracross, F|311\/311
|-damage|p1a: Khepri|273\/311|[from] Stealth Rock
|
|-heal|p1a: Khepri|292\/311|[from] item: Leftovers
|-heal|p2a: Mew|237\/404|[from] item: Leftovers
|turn|14
|
|move|p1a: Khepri|Megahorn|p2a: Mew|[miss]
|-miss|p1a: Khepri|p2a: Mew
|move|p2a: Mew|Psychic|p1a: Khepri
|-supereffective|p1a: Khepri
|-damage|p1a: Khepri|86\/311
|
|-heal|p1a: Khepri|105\/311|[from] item: Leftovers
|-heal|p2a: Mew|262\/404|[from] item: Leftovers
|turn|15
|
|switch|p2a: Aerodactyl|Aerodactyl-Mega, M|16\/355
|move|p1a: Khepri|Megahorn|p2a: Aerodactyl
|-resisted|p2a: Aerodactyl
|-damage|p2a: Aerodactyl|0 fnt
|faint|p2a: Aerodactyl
|
|-heal|p1a: Khepri|124\/311|[from] item: Leftovers
|
|switch|p2a: Whimsicott|Whimsicott, F|262\/262
|turn|16
|
|switch|p2a: Mew|Mew|262\/404
|switch|p1a: Meshugah|Nidoqueen, F|366\/366
|-damage|p1a: Meshugah|344\/366|[from] Stealth Rock
|
|-heal|p2a: Mew|287\/404|[from] item: Leftovers
|turn|17
|
|move|p2a: Mew|Psychic|p1a: Meshugah
|-supereffective|p1a: Meshugah
|-damage|p1a: Meshugah|104\/366
|move|p1a: Meshugah|Stealth Rock|p2a: Mew
|-sidestart|p2: Hydrophobian|move: Stealth Rock
|
|-heal|p2a: Mew|312\/404|[from] item: Leftovers
|turn|18
|
|switch|p1a: chani|Jirachi|341\/341 par
|-damage|p1a: chani|320\/341 par|[from] Stealth Rock
|move|p2a: Mew|Psychic|p1a: chani
|-resisted|p1a: chani
|-damage|p1a: chani|289\/341 par
|
|-heal|p2a: Mew|337\/404|[from] item: Leftovers
|turn|19
|
|switch|p2a: Suicune|Suicune|397\/404
|-damage|p2a: Suicune|347\/404|[from] Stealth Rock
|-ability|p2a: Suicune|Pressure
|move|p1a: chani|U-turn|p2a: Suicune
|-damage|p2a: Suicune|308\/404
|
|switch|p1a: Khepri|Heracross, F|124\/311
|-damage|p1a: Khepri|86\/311|[from] Stealth Rock
|
|-heal|p1a: Khepri|105\/311|[from] item: Leftovers
|-heal|p2a: Suicune|333\/404|[from] item: Leftovers
|turn|20
|
|move|p1a: Khepri|Close Combat|p2a: Suicune
|-damage|p2a: Suicune|182\/404
|-unboost|p1a: Khepri|def|1
|-unboost|p1a: Khepri|spd|1
|move|p2a: Suicune|Scald|p1a: Khepri
|-damage|p1a: Khepri|0 fnt
|faint|p1a: Khepri
|
|-heal|p2a: Suicune|207\/404|[from] item: Leftovers
|
|switch|p1a: Great Maker|Hydreigon, M|325\/325
|-damage|p1a: Great Maker|285\/325|[from] Stealth Rock
|turn|21
|
|move|p1a: Great Maker|U-turn|p2a: Suicune
|-damage|p2a: Suicune|171\/404
|
|switch|p1a: Meshugah|Nidoqueen, F|104\/366
|-damage|p1a: Meshugah|82\/366|[from] Stealth Rock
|move|p2a: Suicune|Rest|p2a: Suicune
|-status|p2a: Suicune|slp
|-heal|p2a: Suicune|404\/404 slp|[silent]
|-status|p2a: Suicune|slp|[from] move: Rest
|
|turn|22
|c|âHydrophobian|Hello hax gods? It's me, Margaret
|
|move|p1a: Meshugah|Sludge Wave|p2a: Suicune
|-damage|p2a: Suicune|201\/404 slp
|cant|p2a: Suicune|slp
|move|p2a: Suicune|Sleep Talk|p2a: Suicune
|move|p2a: Suicune|Scald|p1a: Meshugah|[from]Sleep Talk
|-crit|p1a: Meshugah
|-supereffective|p1a: Meshugah
|-damage|p1a: Meshugah|0 fnt
|faint|p1a: Meshugah
|
|-heal|p2a: Suicune|226\/404 slp|[from] item: Leftovers
|
|switch|p1a: Hermanubis|Lucario, M|281\/281
|-damage|p1a: Hermanubis|273\/281|[from] Stealth Rock
|turn|23
|
|switch|p2a: Whimsicott|Whimsicott, F|262\/262
|-damage|p2a: Whimsicott|230\/262|[from] Stealth Rock
|move|p1a: Hermanubis|Swords Dance|p1a: Hermanubis
|-boost|p1a: Hermanubis|atk|2
|
|turn|24
|
|move|p1a: Hermanubis|Extreme Speed|p2a: Whimsicott
|-damage|p2a: Whimsicott|0 fnt
|-damage|p1a: Hermanubis|245\/281|[from] item: Life Orb
|faint|p2a: Whimsicott
|
|c|âHydrophobian|fukn paper plate defense
|join|5pook
|leave|5pook
|
|switch|p2a: Mew|Mew|337\/404
|-damage|p2a: Mew|287\/404|[from] Stealth Rock
|turn|25
|
|switch|p1a: chani|Jirachi|289\/341 par
|-damage|p1a: chani|268\/341 par|[from] Stealth Rock
|move|p2a: Mew|Thunder Wave|p1a: chani
|-fail|p1a: chani|par
|
|-heal|p2a: Mew|312\/404|[from] item: Leftovers
|turn|26
|
|switch|p2a: Haxorus|Haxorus, F|293\/293
|-damage|p2a: Haxorus|257\/293|[from] Stealth Rock
|-ability|p2a: Haxorus|Mold Breaker
|move|p1a: chani|U-turn|p2a: Haxorus
|-damage|p2a: Haxorus|193\/293
|
|switch|p1a: Great Maker|Hydreigon, M|285\/325
|-damage|p1a: Great Maker|245\/325|[from] Stealth Rock
|
|turn|27
|c|âHydrophobian|miss you ripe bitch
|
|move|p1a: Great Maker|Dragon Pulse|p2a: Haxorus
|-supereffective|p2a: Haxorus
|-damage|p2a: Haxorus|0 fnt
|faint|p2a: Haxorus
|
|c|âHydrophobian|god
|
|switch|p2a: Suicune|Suicune|226\/404 slp
|-damage|p2a: Suicune|176\/404 slp|[from] Stealth Rock
|-ability|p2a: Suicune|Pressure
|turn|28
|
|move|p1a: Great Maker|Dragon Pulse|p2a: Suicune
|-damage|p2a: Suicune|46\/404 slp
|cant|p2a: Suicune|slp
|move|p2a: Suicune|Sleep Talk|p2a: Suicune
|move|p2a: Suicune|Calm Mind|p2a: Suicune|[from]Sleep Talk
|-boost|p2a: Suicune|spa|1
|-boost|p2a: Suicune|spd|1
|
|-heal|p2a: Suicune|71\/404 slp|[from] item: Leftovers
|turn|29
|
|move|p1a: Great Maker|Dragon Pulse|p2a: Suicune
|-damage|p2a: Suicune|0 fnt
|faint|p2a: Suicune
|
|
|switch|p2a: Mew|Mew|312\/404
|-damage|p2a: Mew|262\/404|[from] Stealth Rock
|turn|30
|
|switch|p1a: chani|Jirachi|268\/341 par
|-damage|p1a: chani|247\/341 par|[from] Stealth Rock
|move|p2a: Mew|Soft-Boiled|p2a: Mew
|-heal|p2a: Mew|404\/404
|
|turn|31
|
|move|p2a: Mew|Psychic|p1a: chani
|-resisted|p1a: chani
|-damage|p1a: chani|217\/341 par
|cant|p1a: chani|par
|
|turn|32
|
|move|p2a: Mew|Psychic|p1a: chani
|-resisted|p1a: chani
|-damage|p1a: chani|189\/341 par
|cant|p1a: chani|par
|
|turn|33
|
|move|p2a: Mew|Psychic|p1a: chani
|-resisted|p1a: chani
|-damage|p1a: chani|159\/341 par
|-unboost|p1a: chani|spd|1
|move|p1a: chani|Fire Punch|p2a: Mew
|-damage|p2a: Mew|342\/404
|
|-heal|p2a: Mew|367\/404|[from] item: Leftovers
|turn|34
|
|move|p2a: Mew|Psychic|p1a: chani
|-resisted|p1a: chani
|-damage|p1a: chani|115\/341 par
|-unboost|p1a: chani|spd|1
|move|p1a: chani|Fire Punch|p2a: Mew
|-damage|p2a: Mew|300\/404
|
|-heal|p2a: Mew|325\/404|[from] item: Leftovers
|turn|35
|
|switch|p1a: Great Maker|Hydreigon, M|245\/325
|-damage|p1a: Great Maker|205\/325|[from] Stealth Rock
|move|p2a: Mew|Psychic|p1a: Great Maker
|-immune|p1a: Great Maker|[msg]
|
|-heal|p2a: Mew|350\/404|[from] item: Leftovers
|turn|36
|
|move|p1a: Great Maker|U-turn|p2a: Mew
|-supereffective|p2a: Mew
|-damage|p2a: Mew|226\/404
|
|switch|p1a: chani|Jirachi|115\/341 par
|-damage|p1a: chani|94\/341 par|[from] Stealth Rock
|move|p2a: Mew|Soft-Boiled|p2a: Mew
|-heal|p2a: Mew|404\/404
|
|turn|37
|
|move|p2a: Mew|Psychic|p1a: chani
|-resisted|p1a: chani
|-damage|p1a: chani|66\/341 par
|move|p1a: chani|Fire Punch|p2a: Mew
|-damage|p2a: Mew|338\/404
|-status|p2a: Mew|brn
|
|-heal|p2a: Mew|363\/404 brn|[from] item: Leftovers
|-damage|p2a: Mew|313\/404 brn|[from] brn
|turn|38
|
|move|p2a: Mew|Psychic|p1a: chani
|-resisted|p1a: chani
|-damage|p1a: chani|39\/341 par
|-unboost|p1a: chani|spd|1
|cant|p1a: chani|par
|
|-heal|p2a: Mew|338\/404 brn|[from] item: Leftovers
|-damage|p2a: Mew|288\/404 brn|[from] brn
|turn|39
|
|move|p2a: Mew|Psychic|p1a: chani
|-resisted|p1a: chani
|-damage|p1a: chani|0 fnt
|faint|p1a: chani
|
|-heal|p2a: Mew|313\/404 brn|[from] item: Leftovers
|-damage|p2a: Mew|263\/404 brn|[from] brn
|
|switch|p1a: Great Maker|Hydreigon, M|205\/325
|-damage|p1a: Great Maker|165\/325|[from] Stealth Rock
|turn|40
|
|move|p1a: Great Maker|Dark Pulse|p2a: Mew
|-supereffective|p2a: Mew
|-damage|p2a: Mew|69\/404 brn
|cant|p2a: Mew|flinch
|
|-heal|p2a: Mew|94\/404 brn|[from] item: Leftovers
|-damage|p2a: Mew|44\/404 brn|[from] brn
|turn|41
|-message|Hydrophobian lost due to inactivity.
|
|win|Fat Lenny
|raw|Ladder updating...
|raw|Fat Lenny's rating: 1540 &rarr; <strong>1555<\/strong><br \/>(+15 for winning)
|raw|Hydrophobian's rating: 1458 &rarr; <strong>1442<\/strong><br \/>(-16 for losing)