|join|Wyvern123
|join|Mudoon
|player|p1|Wyvern123|250
|player|p2|Mudoon|126
|gametype|singles
|gen|6
|tier|ORAS OU
|rated
|rule|Sleep Clause Mod: Limit one foe put to sleep
|rule|Species Clause: Limit one of each PokÃ©mon
|rule|OHKO Clause: OHKO moves are banned
|rule|Moody Clause: Moody is banned
|rule|Evasion Moves Clause: Evasion moves are banned
|rule|Endless Battle Clause: Forcing endless battles is banned
|rule|HP Percentage Mod: HP is shown in percentages
|clearpoke
|poke|p1|Greninja, M, shiny
|poke|p1|Metagross, shiny
|poke|p1|Diggersby, M, shiny
|poke|p1|Kyurem-Black, shiny
|poke|p1|Magnezone, shiny
|poke|p1|Starmie, shiny
|poke|p2|Slowbro, F
|poke|p2|Landorus, M
|poke|p2|Azumarill, F
|poke|p2|Ferrothorn, F
|poke|p2|Bisharp, F
|poke|p2|Latios, M
|rule|Swagger Clause: Swagger is banned
|rule|Baton Pass Clause: Limit one PokÃ©mon knowing Baton Pass
|teampreview
|
|start
|switch|p1a: Chupi|Greninja, M, shiny|285\/285
|switch|p2a: Slowbro|Slowbro, F|394\/394
|turn|1
|c|âWyvern123|Okay, here we go!!
|
|switch|p2a: Azumarill|Azumarill, F|341\/341
|move|p1a: Chupi|Dark Pulse|p2a: Azumarill
|-start|p1a: Chupi|typechange|Dark|[from] Protean
|-resisted|p2a: Azumarill
|-damage|p2a: Azumarill|288\/341
|-damage|p1a: Chupi|257\/285|[from] item: Life Orb
|
|turn|2
|
|switch|p1a: Patrick|Starmie, shiny|324\/324
|switch|p2a: Bisharp|Bisharp, F|271\/271
|
|turn|3
|
|move|p1a: Patrick|Reflect Type|p2a: Bisharp
|-start|p1a: Patrick|typechange|[from] move: Reflect Type|[of] p2a: Bisharp
|move|p2a: Bisharp|Pursuit|p1a: Patrick
|-resisted|p1a: Patrick
|-damage|p1a: Patrick|285\/324
|-damage|p2a: Bisharp|244\/271|[from] item: Life Orb
|
|-heal|p1a: Patrick|305\/324|[from] item: Leftovers
|turn|4
|
|switch|p2a: Azumarill|Azumarill, F|288\/341
|move|p1a: Patrick|Scald|p2a: Azumarill
|-resisted|p2a: Azumarill
|-damage|p2a: Azumarill|270\/341
|
|-heal|p1a: Patrick|324\/324|[from] item: Leftovers
|turn|5
|
|move|p1a: Patrick|Reflect Type|p2a: Azumarill
|-start|p1a: Patrick|typechange|[from] move: Reflect Type|[of] p2a: Azumarill
|move|p2a: Azumarill|Play Rough|p1a: Patrick
|-damage|p1a: Patrick|155\/324
|-unboost|p1a: Patrick|atk|1
|
|-heal|p1a: Patrick|175\/324|[from] item: Leftovers
|turn|6
|
|move|p1a: Patrick|Recover|p1a: Patrick
|-heal|p1a: Patrick|324\/324
|move|p2a: Azumarill|Play Rough|p1a: Patrick
|-damage|p1a: Patrick|176\/324
|
|-heal|p1a: Patrick|196\/324|[from] item: Leftovers
|turn|7
|
|switch|p2a: Ferrothorn|Ferrothorn, F|352\/352
|move|p1a: Patrick|Recover|p1a: Patrick
|-heal|p1a: Patrick|324\/324
|
|turn|8
|
|move|p1a: Patrick|Reflect Type|p2a: Ferrothorn
|-start|p1a: Patrick|typechange|[from] move: Reflect Type|[of] p2a: Ferrothorn
|move|p2a: Ferrothorn|Stealth Rock|p1a: Patrick
|-sidestart|p1: Wyvern123|move: Stealth Rock
|
|turn|9
|
|switch|p1a: TRAPT!|Magnezone, shiny|318\/318
|-damage|p1a: TRAPT!|299\/318|[from] Stealth Rock
|switch|p2a: Latios|Latios, M|301\/301
|
|-heal|p1a: TRAPT!|318\/318|[from] item: Leftovers
|turn|10
|
|switch|p1a: Got Legs?|Metagross, shiny|302\/302
|-damage|p1a: Got Legs?|284\/302|[from] Stealth Rock
|move|p2a: Latios|Trick|p1a: Got Legs?
|-fail|p1a: Got Legs?
|
|turn|11
|
|switch|p2a: Ferrothorn|Ferrothorn, F|352\/352
|detailschange|p1a: Got Legs?|Metagross-Mega, shiny
|message|Metagross has Mega Evolved into Mega Metagross!
|move|p1a: Got Legs?|Ice Punch|p2a: Ferrothorn
|-damage|p2a: Ferrothorn|270\/352
|-damage|p1a: Got Legs?|247\/302|[from] ability: Iron Barbs|[of] p2a: Ferrothorn
|
|turn|12
|
|switch|p1a: TRAPT!|Magnezone, shiny|318\/318
|-damage|p1a: TRAPT!|299\/318|[from] Stealth Rock
|move|p2a: Ferrothorn|Leech Seed|p1a: TRAPT!
|-start|p1a: TRAPT!|move: Leech Seed
|
|-heal|p1a: TRAPT!|318\/318|[from] item: Leftovers
|-damage|p1a: TRAPT!|279\/318|[from] Leech Seed|[of] p2a: Ferrothorn
|-heal|p2a: Ferrothorn|309\/352|[silent]
|turn|13
|
|switch|p1a: Patrick|Starmie, shiny|324\/324
|-damage|p1a: Patrick|284\/324|[from] Stealth Rock
|switch|p2a: Landorus|Landorus, M|319\/319
|
|-heal|p1a: Patrick|304\/324|[from] item: Leftovers
|turn|14
|
|move|p2a: Landorus|Knock Off|p1a: Patrick
|-supereffective|p1a: Patrick
|-damage|p1a: Patrick|122\/324
|-enditem|p1a: Patrick|Leftovers|[from] move: Knock Off|[of] p2a: Landorus
|-damage|p2a: Landorus|288\/319|[from] item: Life Orb
|move|p1a: Patrick|Scald|p2a: Landorus
|-supereffective|p2a: Landorus
|-damage|p2a: Landorus|22\/319
|-status|p2a: Landorus|brn
|
|-damage|p2a: Landorus|0 fnt|[from] brn
|faint|p2a: Landorus
|
|switch|p2a: Latios|Latios, M|301\/301
|turn|15
|
|switch|p1a: Got Legs?|Metagross-Mega, shiny|247\/302
|-damage|p1a: Got Legs?|229\/302|[from] Stealth Rock
|move|p2a: Latios|Draco Meteor|p1a: Got Legs?|[miss]
|-miss|p2a: Latios|p1a: Got Legs?
|
|turn|16
|
|switch|p2a: Slowbro|Slowbro, F|394\/394
|move|p1a: Got Legs?|Earthquake|p2a: Slowbro
|-damage|p2a: Slowbro|304\/394
|
|turn|17
|
|switch|p1a: Chupi|Greninja, M, shiny|257\/285
|-damage|p1a: Chupi|222\/285|[from] Stealth Rock
|switch|p2a: Latios|Latios, M|301\/301
|
|turn|18
|
|move|p2a: Latios|Draco Meteor|p1a: Chupi
|-damage|p1a: Chupi|0 fnt
|-unboost|p2a: Latios|spa|2
|faint|p1a: Chupi
|
|
|switch|p1a: TRAPT!|Magnezone, shiny|279\/318
|-damage|p1a: TRAPT!|260\/318|[from] Stealth Rock
|turn|19
|
|move|p2a: Latios|Draco Meteor|p1a: TRAPT!
|-resisted|p1a: TRAPT!
|-damage|p1a: TRAPT!|198\/318
|-unboost|p2a: Latios|spa|2
|move|p1a: TRAPT!|Substitute|p1a: TRAPT!
|-start|p1a: TRAPT!|Substitute
|-damage|p1a: TRAPT!|119\/318
|
|-heal|p1a: TRAPT!|138\/318|[from] item: Leftovers
|turn|20
|leave|Mudoon
|player|p2
|join|Mudoon
|player|p2|Mudoon|126
|
|switch|p2a: Azumarill|Azumarill, F|270\/341
|move|p1a: TRAPT!|Charge Beam|p2a: Azumarill
|-supereffective|p2a: Azumarill
|-damage|p2a: Azumarill|150\/341
|
|-heal|p1a: TRAPT!|157\/318|[from] item: Leftovers
|turn|21
|
|move|p2a: Azumarill|Aqua Jet|p1a: TRAPT!
|-end|p1a: TRAPT!|Substitute
|move|p1a: TRAPT!|Charge Beam|p2a: Azumarill
|-supereffective|p2a: Azumarill
|-damage|p2a: Azumarill|28\/341
|
|-heal|p1a: TRAPT!|176\/318|[from] item: Leftovers
|turn|22
|
|move|p2a: Azumarill|Aqua Jet|p1a: TRAPT!
|-damage|p1a: TRAPT!|100\/318
|move|p1a: TRAPT!|Charge Beam|p2a: Azumarill
|-supereffective|p2a: Azumarill
|-damage|p2a: Azumarill|0 fnt
|-boost|p1a: TRAPT!|spa|1
|faint|p2a: Azumarill
|
|-heal|p1a: TRAPT!|119\/318|[from] item: Leftovers
|
|switch|p2a: Bisharp|Bisharp, F|244\/271
|turn|23
|
|move|p2a: Bisharp|Knock Off|p1a: TRAPT!
|-damage|p1a: TRAPT!|0 fnt
|-enditem|p1a: TRAPT!|Leftovers|[from] move: Knock Off|[of] p2a: Bisharp
|-damage|p2a: Bisharp|217\/271|[from] item: Life Orb
|faint|p1a: TRAPT!
|
|
|switch|p1a: Patrick|Starmie, shiny|122\/324
|-damage|p1a: Patrick|82\/324|[from] Stealth Rock
|turn|24
|
|switch|p2a: Latios|Latios, M|301\/301
|move|p1a: Patrick|Reflect Type|p2a: Latios
|-start|p1a: Patrick|typechange|[from] move: Reflect Type|[of] p2a: Latios
|
|turn|25
|
|move|p2a: Latios|Draco Meteor|p1a: Patrick|[miss]
|-miss|p2a: Latios|p1a: Patrick
|move|p1a: Patrick|Rapid Spin|p2a: Latios
|-damage|p2a: Latios|286\/301
|-sideend|p1: Wyvern123|Stealth Rock|[from] move: Rapid Spin|[of] p1a: Patrick
|
|turn|26
|
|switch|p2a: Ferrothorn|Ferrothorn, F|309\/352
|switch|p1a: Got Legs?|Metagross-Mega, shiny|229\/302
|
|turn|27
|
|switch|p1a: Diggersbytho?|Diggersby, M, shiny|312\/312
|move|p2a: Ferrothorn|Leech Seed|p1a: Diggersbytho?|[miss]
|-miss|p2a: Ferrothorn|p1a: Diggersbytho?
|
|turn|28
|
|move|p1a: Diggersbytho?|Fire Punch|p2a: Ferrothorn
|-supereffective|p2a: Ferrothorn
|-damage|p2a: Ferrothorn|0 fnt
|-damage|p1a: Diggersbytho?|273\/312|[from] ability: Iron Barbs|[of] p2a: Ferrothorn
|-damage|p1a: Diggersbytho?|242\/312|[from] item: Life Orb
|faint|p2a: Ferrothorn
|
|c|âMudoon|Egg Move?
|c|âWyvern123|tutor :)
|c|âMudoon|Thats fucking epic
|c|âMudoon|just saying
|
|switch|p2a: Slowbro|Slowbro, F|394\/394
|turn|29
|c|âWyvern123|My man diggersbytho get's fire punch!
|
|detailschange|p2a: Slowbro|Slowbro-Mega, F
|message|Slowbro has Mega Evolved into Mega Slowbro!
|move|p1a: Diggersbytho?|Knock Off|p2a: Slowbro
|-supereffective|p2a: Slowbro
|-damage|p2a: Slowbro|274\/394
|-damage|p1a: Diggersbytho?|211\/312|[from] item: Life Orb
|move|p2a: Slowbro|Calm Mind|p2a: Slowbro
|-boost|p2a: Slowbro|spa|1
|-boost|p2a: Slowbro|spd|1
|
|turn|30
|c|âMudoon|Can that 2hko Skarmory?
|
|move|p1a: Diggersbytho?|Knock Off|p2a: Slowbro
|-supereffective|p2a: Slowbro
|-damage|p2a: Slowbro|167\/394
|-damage|p1a: Diggersbytho?|180\/312|[from] item: Life Orb
|move|p2a: Slowbro|Scald|p1a: Diggersbytho?
|-supereffective|p1a: Diggersbytho?
|-damage|p1a: Diggersbytho?|0 fnt
|faint|p1a: Diggersbytho?
|
|
|switch|p1a: Back in Black!|Kyurem-Black, shiny|391\/391
|-ability|p1a: Back in Black!|Teravolt
|turn|31
|c|âWyvern123|Not sure..probably can
|
|switch|p2a: Latios|Latios, M|286\/301
|move|p1a: Back in Black!|Fusion Bolt|p2a: Latios
|-resisted|p2a: Latios
|-damage|p2a: Latios|201\/301
|
|turn|32
|
|switch|p1a: Patrick|Starmie, shiny|82\/324
|move|p2a: Latios|Draco Meteor|p1a: Patrick
|-damage|p1a: Patrick|0 fnt
|-unboost|p2a: Latios|spa|2
|faint|p1a: Patrick
|
|
|switch|p1a: Got Legs?|Metagross-Mega, shiny|229\/302
|turn|33
|
|switch|p2a: Slowbro|Slowbro-Mega, F|167\/394
|move|p1a: Got Legs?|Earthquake|p2a: Slowbro
|-damage|p2a: Slowbro|106\/394
|
|turn|34
|
|switch|p1a: Back in Black!|Kyurem-Black, shiny|391\/391
|-ability|p1a: Back in Black!|Teravolt
|move|p2a: Slowbro|Rest|p2a: Slowbro
|-status|p2a: Slowbro|slp
|-heal|p2a: Slowbro|394\/394 slp|[silent]
|-status|p2a: Slowbro|slp|[from] move: Rest
|
|turn|35
|
|move|p1a: Back in Black!|Fusion Bolt|p2a: Slowbro
|-supereffective|p2a: Slowbro
|-damage|p2a: Slowbro|266\/394 slp
|cant|p2a: Slowbro|slp
|move|p2a: Slowbro|Sleep Talk|p2a: Slowbro
|move|p2a: Slowbro|Calm Mind|p2a: Slowbro|[from]Sleep Talk
|-boost|p2a: Slowbro|spa|1
|-boost|p2a: Slowbro|spd|1
|
|turn|36
|c|âMudoon|damn
|
|move|p1a: Back in Black!|Fusion Bolt|p2a: Slowbro
|-supereffective|p2a: Slowbro
|-damage|p2a: Slowbro|124\/394 slp
|cant|p2a: Slowbro|slp
|move|p2a: Slowbro|Sleep Talk|p2a: Slowbro
|move|p2a: Slowbro|Rest|p2a: Slowbro|[from]Sleep Talk
|-fail|p2a: Slowbro
|
|turn|37
|c|âMudoon|it ate that up
|
|switch|p2a: Latios|Latios, M|201\/301
|move|p1a: Back in Black!|Fusion Bolt|p2a: Latios
|-resisted|p2a: Latios
|-damage|p2a: Latios|107\/301
|
|turn|38
|c|âMudoon|sort of
|
|switch|p1a: Got Legs?|Metagross-Mega, shiny|229\/302
|move|p2a: Latios|Draco Meteor|p1a: Got Legs?
|-resisted|p1a: Got Legs?
|-damage|p1a: Got Legs?|131\/302
|-unboost|p2a: Latios|spa|2
|
|turn|39
|c|âWyvern123|This is epic!
|
|switch|p2a: Slowbro|Slowbro-Mega, F|124\/394 slp
|switch|p1a: Back in Black!|Kyurem-Black, shiny|391\/391
|-ability|p1a: Back in Black!|Teravolt
|
|turn|40
|c|âMudoon|gonna be close
|c|âMudoon|ya
|
|move|p1a: Back in Black!|Fusion Bolt|p2a: Slowbro
|-crit|p2a: Slowbro
|-supereffective|p2a: Slowbro
|-damage|p2a: Slowbro|0 fnt
|faint|p2a: Slowbro
|
|c|âMudoon|Oh
|c|âMudoon|thats rite
|c|âMudoon|Teravolt
|c|âMudoon|Possible to crit
|
|switch|p2a: Latios|Latios, M|107\/301
|turn|41
|c|âWyvern123|Shiiiiiit! I didn't even notice! :O
|
|switch|p1a: Got Legs?|Metagross-Mega, shiny|131\/302
|move|p2a: Latios|Draco Meteor|p1a: Got Legs?
|-resisted|p1a: Got Legs?
|-damage|p1a: Got Legs?|32\/302
|-unboost|p2a: Latios|spa|2
|
|turn|42
|
|move|p2a: Latios|Draco Meteor|p1a: Got Legs?|[miss]
|-miss|p2a: Latios|p1a: Got Legs?
|move|p1a: Got Legs?|Earthquake|p2a: Latios
|-immune|p2a: Latios|[msg]
|
|turn|43
|c|âMudoon|well
|
|-activate|p2a: Latios|move: Struggle
|move|p2a: Latios|Struggle|p1a: Got Legs?
|-crit|p1a: Got Legs?
|-damage|p1a: Got Legs?|0 fnt
|-damage|p2a: Latios|32\/301
|faint|p1a: Got Legs?
|
|
|switch|p1a: Back in Black!|Kyurem-Black, shiny|391\/391
|-ability|p1a: Back in Black!|Teravolt
|turn|44
|
|-activate|p2a: Latios|move: Struggle
|move|p2a: Latios|Struggle|p1a: Back in Black!
|-crit|p1a: Back in Black!
|-damage|p1a: Back in Black!|336\/391
|-damage|p2a: Latios|0 fnt
|faint|p2a: Latios
|move|p1a: Back in Black!|Earth Power|p2: Latios|[notarget]
|-notarget
|
|c|âMudoon|shit
|c|âWyvern123|The struggle is real..damn!
|c|âWyvern123|This is close!
|
|switch|p2a: Bisharp|Bisharp, F|217\/271
|turn|45
|c|âMudoon|I believe its your game
|
|move|p1a: Back in Black!|Earth Power|p2a: Bisharp
|-supereffective|p2a: Bisharp
|-damage|p2a: Bisharp|0 fnt
|faint|p2a: Bisharp
|
|win|Wyvern123
|raw|Ladder updating...
|raw|Wyvern123's rating: 1404 &rarr; <strong>1424<\/strong><br \/>(+20 for winning)
|raw|Mudoon's rating: 1401 &rarr; <strong>1381<\/strong><br \/>(-20 for losing)
|c|âMudoon|yep
|c|âMudoon|gg
|c|âWyvern123|Very good game! :)
|c|âMudoon|Well played
|leave|Mudoon
|player|p2
|c|âWyvern123|Nicely played to you too :)