|join|Mudoon
|join|dtw
|player|p1|Mudoon|153
|player|p2|dtw|2
|gametype|singles
|gen|6
|tier|OU
|rated
|clearpoke
|poke|p1|Dragonite, F
|poke|p1|Greninja, F
|poke|p1|Excadrill, F
|poke|p1|Tyranitar, M
|poke|p1|Thundurus, M
|poke|p1|Charizard, F
|poke|p2|Gengar, F
|poke|p2|Keldeo
|poke|p2|Alakazam, F
|poke|p2|Scizor, F
|poke|p2|Ferrothorn, M
|poke|p2|Azumarill, F
|rule|Sleep Clause Mod: Limit one foe put to sleep
|rule|Species Clause: Limit one of each Pokemon
|rule|OHKO Clause: OHKO moves are banned
|rule|Moody Clause: Moody is banned
|rule|Evasion Moves Clause: Evasion moves are banned
|rule|Endless Battle Clause: Forcing endless battles is banned.
|rule|HP Percentage Mod: HP is reported as percentages
|teampreview
|
|start
|switch|p1a: Tyranitar|Tyranitar, M|342\/342
|switch|p2a: Keldeo|Keldeo|323\/323
|-weather|Sandstorm
|turn|1
|
|move|p2a: Keldeo|Secret Sword|p1a: Tyranitar
|-supereffective|p1a: Tyranitar
|-enditem|p1a: Tyranitar|Focus Sash
|-damage|p1a: Tyranitar|1\/342
|-damage|p2a: Keldeo|291\/323|[from] item: Life Orb
|move|p1a: Tyranitar|Stealth Rock|p2a: Keldeo
|-sidestart|p2: dtw|move: Stealth Rock
|
|-weather|Sandstorm|[upkeep]
|-damage|p2a: Keldeo|271\/323|[from] sandstorm
|turn|2
|
|move|p2a: Keldeo|Icy Wind|p1a: Tyranitar
|-damage|p1a: Tyranitar|0 fnt
|-damage|p2a: Keldeo|239\/323|[from] item: Life Orb
|faint|p1a: Tyranitar
|
|-weather|Sandstorm|[upkeep]
|-damage|p2a: Keldeo|219\/323|[from] sandstorm
|
|switch|p1a: Thundurus|Thundurus, M|299\/299
|turn|3
|
|switch|p2a: Ferrothorn|Ferrothorn, M|352\/352
|-damage|p2a: Ferrothorn|330\/352|[from] Stealth Rock
|move|p1a: Thundurus|Thunderbolt|p2a: Ferrothorn
|-resisted|p2a: Ferrothorn
|-damage|p2a: Ferrothorn|261\/352
|-damage|p1a: Thundurus|270\/299|[from] item: Life Orb
|
|-weather|Sandstorm|[upkeep]
|-damage|p1a: Thundurus|252\/299|[from] sandstorm
|turn|4
|
|move|p1a: Thundurus|Focus Blast|p2a: Ferrothorn|[miss]
|-miss|p1a: Thundurus|p2a: Ferrothorn
|move|p2a: Ferrothorn|Power Whip|p1a: Thundurus|[miss]
|-miss|p2a: Ferrothorn|p1a: Thundurus
|
|-weather|Sandstorm|[upkeep]
|-damage|p1a: Thundurus|234\/299|[from] sandstorm
|turn|5
|
|move|p1a: Thundurus|Focus Blast|p2a: Ferrothorn|[miss]
|-miss|p1a: Thundurus|p2a: Ferrothorn
|move|p2a: Ferrothorn|Stealth Rock|p1a: Thundurus
|-sidestart|p1: Mudoon|move: Stealth Rock
|
|-weather|none
|turn|6
|
|move|p1a: Thundurus|Focus Blast|p2a: Ferrothorn
|-supereffective|p2a: Ferrothorn
|-damage|p2a: Ferrothorn|22\/352
|-damage|p1a: Thundurus|205\/299|[from] item: Life Orb
|move|p2a: Ferrothorn|Leech Seed|p1a: Thundurus
|-start|p1a: Thundurus|move: Leech Seed
|
|-damage|p1a: Thundurus|168\/299|[from] Leech Seed|[of] p2a: Ferrothorn
|-heal|p2a: Ferrothorn|59\/352|[silent]
|turn|7
|
|move|p1a: Thundurus|Thunderbolt|p2a: Ferrothorn
|-resisted|p2a: Ferrothorn
|-damage|p2a: Ferrothorn|0 fnt
|-damage|p1a: Thundurus|139\/299|[from] item: Life Orb
|faint|p2a: Ferrothorn
|
|
|switch|p2a: Alakazam|Alakazam, F|251\/251
|turn|8
|
|move|p2a: Alakazam|Psyshock|p1a: Thundurus
|-damage|p1a: Thundurus|0 fnt
|faint|p1a: Thundurus
|
|
|switch|p1a: Greninja|Greninja, F|285\/285
|-damage|p1a: Greninja|250\/285|[from] Stealth Rock
|turn|9
|
|move|p1a: Greninja|Dark Pulse|p2a: Alakazam
|-supereffective|p2a: Alakazam
|-enditem|p2a: Alakazam|Focus Sash
|-damage|p2a: Alakazam|1\/251
|-damage|p1a: Greninja|222\/285|[from] item: Life Orb
|move|p2a: Alakazam|Energy Ball|p1a: Greninja
|-supereffective|p1a: Greninja
|-damage|p1a: Greninja|0 fnt
|faint|p1a: Greninja
|
|-message|Mudoon forfeited.
|
|win|dtw
|raw|Ladder updating...
|leave|Mudoon
|player|p1
|raw|Mudoon's rating: 1611 &rarr; <strong>1588<\/strong><br \/>(-23 for losing)
|raw|dtw's rating: 1548 &rarr; <strong>1572<\/strong><br \/>(+24 for winning)