|join|Mudoon
|join|Reverb
|player|p1|Mudoon|126
|player|p2|Reverb|#reverb
|gametype|singles
|gen|6
|tier|OU
|rated
|clearpoke
|poke|p1|Metagross
|poke|p1|Entei, shiny
|poke|p1|Azumarill, F, shiny
|poke|p1|Landorus-Therian, M
|poke|p1|Raikou
|poke|p1|Latios, M
|poke|p2|Scizor, F
|poke|p2|Diggersby, F, shiny
|poke|p2|Raikou, shiny
|poke|p2|Azelf
|poke|p2|Greninja, M
|poke|p2|Latios, M, shiny
|rule|Swagger Clause: Swagger is banned
|rule|Baton Pass Clause: Limit one PokÃ©mon knowing Baton Pass
|rule|Sleep Clause Mod: Limit one foe put to sleep
|rule|Species Clause: Limit one of each PokÃ©mon
|rule|OHKO Clause: OHKO moves are banned
|rule|Moody Clause: Moody is banned
|rule|Evasion Moves Clause: Evasion moves are banned
|rule|Endless Battle Clause: Forcing endless battles is banned
|rule|HP Percentage Mod: HP is shown in percentages
|teampreview
|join|Outrageous Fortune
|
|start
|switch|p1a: Entei|Entei, shiny|371\/371
|switch|p2a: Azelf|Azelf|291\/291
|-ability|p1a: Entei|Pressure
|turn|1
|
|move|p2a: Azelf|Stealth Rock|p1a: Entei
|-sidestart|p1: Mudoon|move: Stealth Rock
|move|p1a: Entei|Sacred Fire|p2a: Azelf
|-enditem|p2a: Azelf|Focus Sash
|-damage|p2a: Azelf|1\/291
|-status|p2a: Azelf|brn
|
|-damage|p2a: Azelf|0 fnt|[from] brn
|faint|p2a: Azelf
|join|mouse de frank
|join|ghjkjlkkm
|
|switch|p2a: Latios|Latios, M, shiny|301\/301
|turn|2
|
|move|p2a: Latios|Surf|p1a: Entei
|-supereffective|p1a: Entei
|-damage|p1a: Entei|119\/371
|move|p1a: Entei|Sacred Fire|p2a: Latios
|-resisted|p2a: Latios
|-damage|p2a: Latios|136\/301
|
|turn|3
|join|Bloodz
|
|switch|p1a: Latios|Latios, M|301\/301
|-damage|p1a: Latios|264\/301|[from] Stealth Rock
|move|p2a: Latios|Surf|p1a: Latios
|-resisted|p1a: Latios
|-damage|p1a: Latios|217\/301
|
|turn|4
|
|switch|p2a: Scizor|Scizor, F|307\/307
|move|p1a: Latios|Defog|p2a: Scizor
|-unboost|p2a: Scizor|evasion|1
|-sideend|p1: Mudoon|Stealth Rock|[from] move: Defog|[of] p1a: Latios
|
|turn|5
|
|switch|p1a: Raikou|Raikou|321\/321
|-ability|p1a: Raikou|Pressure
|detailschange|p2a: Scizor|Scizor-Mega, F
|message|Scizor has Mega Evolved into Mega Scizor!
|move|p2a: Scizor|Swords Dance|p2a: Scizor
|-boost|p2a: Scizor|atk|2
|
|turn|6
|
|move|p1a: Raikou|Volt Switch|p2a: Scizor
|-damage|p2a: Scizor|183\/307
|
|switch|p1a: Landorus-Therian|Landorus-Therian, M|381\/381
|-ability|p1a: Landorus-Therian|Intimidate|[of] p2a: Scizor
|-unboost|p2a: Scizor|atk|1
|move|p2a: Scizor|Bug Bite|p1a: Landorus-Therian
|-resisted|p1a: Landorus-Therian
|-damage|p1a: Landorus-Therian|258\/381
|
|-heal|p1a: Landorus-Therian|281\/381|[from] item: Leftovers
|turn|7
|join|Gizmoâ
|
|move|p2a: Scizor|Swords Dance|p2a: Scizor
|-boost|p2a: Scizor|atk|2
|move|p1a: Landorus-Therian|U-turn|p2a: Scizor
|-resisted|p2a: Scizor
|-damage|p2a: Scizor|154\/307
|join|squirrelll
|leave|Gizmoâ
|join|Jukain
|c|+Jukain|OH MY LORD
|c|+Jukain|REVERB HAS A NEW TEAM
|
|switch|p1a: Raikou|Raikou|321\/321
|-ability|p1a: Raikou|Pressure
|
|turn|8
|c|âReverb|stfu fagkain
|
|move|p2a: Scizor|Bullet Punch|p1a: Raikou
|-resisted|p1a: Raikou
|-damage|p1a: Raikou|126\/321
|move|p1a: Raikou|Volt Switch|p2a: Scizor
|-damage|p2a: Scizor|34\/307
|
|switch|p1a: Entei|Entei, shiny|119\/371
|-ability|p1a: Entei|Pressure
|
|turn|9
|
|move|p1a: Entei|Extreme Speed|p2a: Scizor
|-resisted|p2a: Scizor
|-damage|p2a: Scizor|0 fnt
|faint|p2a: Scizor
|
|
|switch|p2a: Raikou|Raikou, shiny|329\/329
|-ability|p2a: Raikou|Pressure
|turn|10
|
|switch|p1a: Latios|Latios, M|217\/301
|move|p2a: Raikou|Shadow Ball|p1a: Latios
|-supereffective|p1a: Latios
|-damage|p1a: Latios|0 fnt
|faint|p1a: Latios
|
|
|switch|p1a: Landorus-Therian|Landorus-Therian, M|281\/381
|-ability|p1a: Landorus-Therian|Intimidate|[of] p2a: Raikou
|-unboost|p2a: Raikou|atk|1
|turn|11
|
|move|p2a: Raikou|Shadow Ball|p1a: Landorus-Therian
|-damage|p1a: Landorus-Therian|128\/381
|-unboost|p1a: Landorus-Therian|spd|1
|move|p1a: Landorus-Therian|Stealth Rock|p2a: Raikou
|-sidestart|p2: Reverb|move: Stealth Rock
|
|-heal|p1a: Landorus-Therian|151\/381|[from] item: Leftovers
|turn|12
|
|switch|p1a: Raikou|Raikou|126\/321
|-ability|p1a: Raikou|Pressure
|move|p2a: Raikou|Shadow Ball|p1a: Raikou
|-damage|p1a: Raikou|35\/321
|
|turn|13
|
|move|p2a: Raikou|Shadow Ball|p1a: Raikou
|-damage|p1a: Raikou|0 fnt
|faint|p1a: Raikou
|
|
|switch|p1a: Azumarill|Azumarill, F, shiny|364\/364
|turn|14
|
|move|p2a: Raikou|Shadow Ball|p1a: Azumarill
|-damage|p1a: Azumarill|216\/364
|move|p1a: Azumarill|Belly Drum|p1a: Azumarill
|-damage|p1a: Azumarill|34\/364
|-setboost|p1a: Azumarill|atk|6|[from] move: Belly Drum
|-enditem|p1a: Azumarill|Sitrus Berry|[eat]
|-heal|p1a: Azumarill|125\/364|[from] item: Sitrus Berry
|
|turn|15
|
|switch|p2a: Latios|Latios, M, shiny|136\/301
|-damage|p2a: Latios|99\/301|[from] Stealth Rock
|move|p1a: Azumarill|Play Rough|p2a: Latios|[miss]
|-miss|p1a: Azumarill|p2a: Latios
|
|turn|16
|
|move|p1a: Azumarill|Aqua Jet|p2a: Latios
|-resisted|p2a: Latios
|-damage|p2a: Latios|0 fnt
|faint|p2a: Latios
|
|c|âMudoon|thats how real
|
|switch|p2a: hoes on mah bed|Diggersby, F, shiny|311\/311
|-damage|p2a: hoes on mah bed|292\/311|[from] Stealth Rock
|turn|17
|join|yuy
|
|move|p2a: hoes on mah bed|Quick Attack|p1a: Azumarill
|-damage|p1a: Azumarill|0 fnt
|-damage|p2a: hoes on mah bed|261\/311|[from] item: Life Orb
|faint|p1a: Azumarill
|
|
|switch|p1a: Landorus-Therian|Landorus-Therian, M|151\/381
|-ability|p1a: Landorus-Therian|Intimidate|[of] p2a: hoes on mah bed
|-unboost|p2a: hoes on mah bed|atk|1
|turn|18
|
|move|p2a: hoes on mah bed|Return|p1a: Landorus-Therian
|-damage|p1a: Landorus-Therian|0 fnt
|-damage|p2a: hoes on mah bed|230\/311|[from] item: Life Orb
|faint|p1a: Landorus-Therian
|
|join|Wruce Bayne
|c| Wruce Bayne|reverb
|c| Wruce Bayne|its weird seeing you use HO
|c| Wruce Bayne|ur a bulky offense kinda guy
|c| Wruce Bayne|inb4 timer
|join|Pokeplays777
|c| Outrageous Fortune|you gonna take that reverb?
|c| Outrageous Fortune|he's calling you fat!
|c|âReverb|lol
|c|âReverb|it's fine
|c|âReverb|he used to date a trap
|c|âReverb|who tricked him into thinking he was having vaginal sex
|c| Wruce Bayne|wasn't even an insult just observations
|c|âReverb|...for 3 years
|c| Wruce Bayne|dude, worst surprise ever
|c| Outrageous Fortune|best surprise you mean
|c| Wruce Bayne|when i found out
|leave|Pokeplays777
|leave|ghjkjlkkm
|c|âMudoon|sorry back
|c| Wruce Bayne|that it was reverbs brother
|c| Wruce Bayne|i flipped out
|c|âReverb|ah
|c|âReverb|i have no brother
|c| Wruce Bayne|not anymore
|c| Wruce Bayne|the operation was a success
Wruce Bayne was locked from talking by Reverb. (get better jokes)
|unlink|wrucebayne
|c| Wruce Bayne|..
|join|AssaultBreast
|c| Wruce Bayne|o
|
|switch|p1a: Metagross|Metagross|301\/301
|turn|19
|leave|AssaultBreast
|c| Wruce Bayne|if ur jolly by gj
|
|detailschange|p1a: Metagross|Metagross-Mega
|message|Metagross has Mega Evolved into Mega Metagross!
|move|p1a: Metagross|Meteor Mash|p2a: hoes on mah bed
|-damage|p2a: hoes on mah bed|0 fnt
|faint|p2a: hoes on mah bed
|
|
|switch|p2a: Greninja|Greninja, M|285\/285
|-damage|p2a: Greninja|250\/285|[from] Stealth Rock
|turn|20
|join|deoxys speed lol
|
|move|p2a: Greninja|Dark Pulse|p1a: Metagross
|-start|p2a: Greninja|typechange|Dark|[from] Protean
|-supereffective|p1a: Metagross
|-damage|p1a: Metagross|5\/301
|-damage|p2a: Greninja|222\/285|[from] item: Life Orb
|move|p1a: Metagross|Earthquake|p2a: Greninja
|-damage|p2a: Greninja|35\/285
|
|turn|21
|
|move|p1a: Metagross|Bullet Punch|p2a: Greninja
|-crit|p2a: Greninja
|-damage|p2a: Greninja|0 fnt
|faint|p2a: Greninja
|
|
|switch|p2a: Raikou|Raikou, shiny|329\/329
|-damage|p2a: Raikou|288\/329|[from] Stealth Rock
|-ability|p2a: Raikou|Pressure
|turn|22
|
|move|p1a: Metagross|Bullet Punch|p2a: Raikou
|-resisted|p2a: Raikou
|-damage|p2a: Raikou|219\/329
|move|p2a: Raikou|Thunderbolt|p1a: Metagross
|-damage|p1a: Metagross|0 fnt
|faint|p1a: Metagross
|
|
|switch|p1a: Entei|Entei, shiny|119\/371
|-ability|p1a: Entei|Pressure
|turn|23
|
|move|p1a: Entei|Extreme Speed|p2a: Raikou
|-damage|p2a: Raikou|47\/329
|move|p2a: Raikou|Thunderbolt|p1a: Entei
|-damage|p1a: Entei|0 fnt
|faint|p1a: Entei
|
|win|Reverb
|raw|Ladder updating...
|c|âReverb|gg
|c|âMudoon|damn
|raw|Mudoon's rating: 1719 &rarr; <strong>1696<\/strong><br \/>(-23 for losing)
|raw|Reverb's rating: 1662 &rarr; <strong>1685<\/strong><br \/>(+23 for winning)
|c|âMudoon|GG
|c| Wruce Bayne|gg
|leave|Wruce Bayne