|join|d30-d banned
|join|Mudoon
|player|p1|d30-d banned|101
|player|p2|Mudoon|153
|gametype|singles
|gen|6
|tier|OU
|rated
|clearpoke
|poke|p1|Deoxys-Speed
|poke|p1|Mawile, M
|poke|p1|Thundurus, M
|poke|p1|Landorus, M
|poke|p1|Keldeo
|poke|p1|Aegislash, F
|poke|p2|Dragonite, M
|poke|p2|Azumarill, F
|poke|p2|Scizor, F
|poke|p2|Thundurus, M
|poke|p2|Excadrill, M
|poke|p2|Mamoswine, M
|rule|Sleep Clause Mod: Limit one foe put to sleep
|rule|Species Clause: Limit one of each Pokemon
|rule|OHKO Clause: OHKO moves are banned
|rule|Moody Clause: Moody is banned
|rule|Evasion Moves Clause: Evasion moves are banned
|rule|Endless Battle Clause: Forcing endless battles is banned.
|rule|HP Percentage Mod: HP is reported as percentages
|teampreview
|
|start
|switch|p1a: Deoxys-Speed|Deoxys-Speed|304\/304
|switch|p2a: Mamoswine|Mamoswine, M|362\/362
|-ability|p1a: Deoxys-Speed|Pressure
|turn|1
|
|move|p1a: Deoxys-Speed|Stealth Rock|p2a: Mamoswine
|-sidestart|p2: Mudoon|move: Stealth Rock
|move|p2a: Mamoswine|Stealth Rock|p1a: Deoxys-Speed
|-sidestart|p1: d30-d banned|move: Stealth Rock
|
|turn|2
|
|move|p1a: Deoxys-Speed|Spikes|p2a: Mamoswine
|-sidestart|p2: Mudoon|Spikes
|move|p2a: Mamoswine|Earthquake|p1a: Deoxys-Speed
|-damage|p1a: Deoxys-Speed|102\/304
|
|turn|3
|
|move|p2a: Mamoswine|Ice Shard|p1a: Deoxys-Speed
|-damage|p1a: Deoxys-Speed|23\/304
|move|p1a: Deoxys-Speed|Psycho Boost|p2a: Mamoswine
|-damage|p2a: Mamoswine|127\/362
|-unboost|p1a: Deoxys-Speed|spa|2
|
|turn|4
|
|move|p2a: Mamoswine|Ice Shard|p1a: Deoxys-Speed
|-damage|p1a: Deoxys-Speed|0 fnt
|faint|p1a: Deoxys-Speed
|
|
|switch|p1a: Keldeo|Keldeo|323\/323
|-damage|p1a: Keldeo|303\/323|[from] Stealth Rock
|turn|5
|
|switch|p2a: Azumarill|Azumarill, F|401\/401
|-damage|p2a: Azumarill|351\/401|[from] Stealth Rock
|-damage|p2a: Azumarill|301\/401|[from] Spikes
|move|p1a: Keldeo|Scald|p2a: Azumarill
|-resisted|p2a: Azumarill
|-damage|p2a: Azumarill|216\/401
|
|turn|6
|
|switch|p1a: Mawile|Mawile, M|274\/274
|-damage|p1a: Mawile|257\/274|[from] Stealth Rock
|-ability|p1a: Mawile|Intimidate|[of] p2a: Azumarill
|-unboost|p2a: Azumarill|atk|1
|move|p2a: Azumarill|Knock Off|p1a: Mawile
|-resisted|p1a: Mawile
|-damage|p1a: Mawile|221\/274
|
|turn|7
|
|detailschange|p1a: Mawile|Mawile-Mega, M
|message|Mawile has Mega Evolved into Mega Mawile!
|move|p1a: Mawile|Substitute|p1a: Mawile
|-start|p1a: Mawile|Substitute
|-damage|p1a: Mawile|153\/274
|move|p2a: Azumarill|Waterfall|p1a: Mawile
|-end|p1a: Mawile|Substitute
|
|turn|8
|
|switch|p2a: Mamoswine|Mamoswine, M|127\/362
|-damage|p2a: Mamoswine|82\/362|[from] Spikes
|-damage|p2a: Mamoswine|37\/362|[from] Stealth Rock
|move|p1a: Mawile|Play Rough|p2a: Mamoswine
|-damage|p2a: Mamoswine|0 fnt
|faint|p2a: Mamoswine
|
|
|switch|p2a: Scizor|Scizor, F|335\/335
|-damage|p2a: Scizor|294\/335|[from] Spikes
|-damage|p2a: Scizor|253\/335|[from] Stealth Rock
|turn|9
|
|-singleturn|p1a: Mawile|move: Focus Punch
|detailschange|p2a: Scizor|Scizor-Mega, F
|message|Scizor has Mega Evolved into Mega Scizor!
|move|p2a: Scizor|Bullet Punch|p1a: Mawile
|-damage|p1a: Mawile|62\/274
|cant|p1a: Mawile|Focus Punch|Focus Punch
|
|turn|10
|
|switch|p1a: Keldeo|Keldeo|303\/323
|-damage|p1a: Keldeo|283\/323|[from] Stealth Rock
|move|p2a: Scizor|Swords Dance|p2a: Scizor
|-boost|p2a: Scizor|atk|2
|
|turn|11
|
|move|p1a: Keldeo|Hydro Pump|p2a: Scizor
|-crit|p2a: Scizor
|-damage|p2a: Scizor|0 fnt
|faint|p2a: Scizor
|
|
|switch|p2a: Excadrill|Excadrill, M|362\/362
|-damage|p2a: Excadrill|317\/362|[from] Spikes
|-damage|p2a: Excadrill|306\/362|[from] Stealth Rock
|-ability|p2a: Excadrill|Mold Breaker
|turn|12
|
|switch|p1a: Aegislash|Aegislash, F|262\/262
|-damage|p1a: Aegislash|246\/262|[from] Stealth Rock
|-item|p1a: Aegislash|Air Balloon
|move|p2a: Excadrill|Rapid Spin|p1a: Aegislash
|-immune|p1a: Aegislash|[msg]
|
|turn|13
|-message|Mudoon forfeited.
|
|win|d30-d banned
|raw|Ladder updating...
|leave|Mudoon
|player|p2
|raw|d30-d banned's rating: 1804 &rarr; <strong>1814<\/strong><br \/>(+10 for winning)
|raw|Mudoon's rating: 1615 &rarr; <strong>1605<\/strong><br \/>(-10 for losing)