|join|Will-I-am2
|join|Mudoon
|player|p1|Will-I-am2|170
|player|p2|Mudoon|126
|gametype|singles
|gen|6
|tier|OU
|rated
|clearpoke
|poke|p1|Registeel
|poke|p1|Mamoswine, M
|poke|p1|Hydreigon, F
|poke|p1|Slowbro, F
|poke|p1|Whimsicott, M
|poke|p1|Mandibuzz, F
|poke|p2|Metagross
|poke|p2|Entei, shiny
|poke|p2|Azumarill, F, shiny
|poke|p2|Landorus-Therian, M
|poke|p2|Raikou
|poke|p2|Latios, M
|rule|Swagger Clause: Swagger is banned
|rule|Baton Pass Clause: Limit one PokÃ©mon knowing Baton Pass
|rule|Sleep Clause Mod: Limit one foe put to sleep
|rule|Species Clause: Limit one of each PokÃ©mon
|rule|OHKO Clause: OHKO moves are banned
|rule|Moody Clause: Moody is banned
|rule|Evasion Moves Clause: Evasion moves are banned
|rule|Endless Battle Clause: Forcing endless battles is banned
|rule|HP Percentage Mod: HP is shown in percentages
|teampreview
|
|start
|switch|p1a: Mamoswine|Mamoswine, M|361\/361
|switch|p2a: Entei|Entei, shiny|371\/371
|-ability|p2a: Entei|Pressure
|turn|1
|
|move|p2a: Entei|Sacred Fire|p1a: Mamoswine
|-supereffective|p1a: Mamoswine
|-damage|p1a: Mamoswine|17\/361
|move|p1a: Mamoswine|Earthquake|p2a: Entei
|-supereffective|p2a: Entei
|-damage|p2a: Entei|0 fnt
|-damage|p1a: Mamoswine|0 fnt|[from] item: Life Orb
|faint|p2a: Entei
|faint|p1a: Mamoswine
|
|
|switch|p1a: Whimsicott|Whimsicott, M|262\/262
|switch|p2a: Landorus-Therian|Landorus-Therian, M|381\/381
|-ability|p2a: Landorus-Therian|Intimidate|[of] p1a: Whimsicott
|-unboost|p1a: Whimsicott|atk|1
|turn|2
|
|move|p1a: Whimsicott|Giga Drain|p2a: Landorus-Therian
|-damage|p2a: Landorus-Therian|257\/381
|move|p2a: Landorus-Therian|Stealth Rock|p1a: Whimsicott
|-sidestart|p1: Will-I-am2|move: Stealth Rock
|
|-heal|p2a: Landorus-Therian|280\/381|[from] item: Leftovers
|turn|3
|
|switch|p2a: Raikou|Raikou|321\/321
|-ability|p2a: Raikou|Pressure
|move|p1a: Whimsicott|Encore|p2a: Raikou
|-fail|p2a: Raikou
|
|turn|4
|
|move|p1a: Whimsicott|Giga Drain|p2a: Raikou
|-damage|p2a: Raikou|261\/321
|move|p2a: Raikou|Volt Switch|p1a: Whimsicott
|-resisted|p1a: Whimsicott
|-damage|p1a: Whimsicott|184\/262
|
|switch|p2a: Metagross|Metagross|301\/301
|
|-heal|p1a: Whimsicott|200\/262|[from] item: Leftovers
|turn|5
|
|switch|p1a: Slowbro|Slowbro, F|394\/394
|-damage|p1a: Slowbro|345\/394|[from] Stealth Rock
|detailschange|p2a: Metagross|Metagross-Mega
|message|Metagross has Mega Evolved into Mega Metagross!
|move|p2a: Metagross|Meteor Mash|p1a: Slowbro
|-resisted|p1a: Slowbro
|-damage|p1a: Slowbro|237\/394
|
|-heal|p1a: Slowbro|261\/394|[from] item: Leftovers
|turn|6
|
|switch|p2a: Raikou|Raikou|261\/321
|-ability|p2a: Raikou|Pressure
|move|p1a: Slowbro|Scald|p2a: Raikou
|-damage|p2a: Raikou|176\/321
|
|-heal|p1a: Slowbro|285\/394|[from] item: Leftovers
|turn|7
|
|switch|p1a: Registeel|Registeel|364\/364
|-damage|p1a: Registeel|342\/364|[from] Stealth Rock
|move|p2a: Raikou|Volt Switch|p1a: Registeel
|-damage|p1a: Registeel|281\/364
|
|switch|p2a: Landorus-Therian|Landorus-Therian, M|280\/381
|-ability|p2a: Landorus-Therian|Intimidate|[of] p1a: Registeel
|-fail|p1a: Registeel|unboost|[from] ability: Clear Body|[of] p1a: Registeel
|
|-heal|p2a: Landorus-Therian|303\/381|[from] item: Leftovers
|-heal|p1a: Registeel|303\/364|[from] item: Leftovers
|turn|8
|
|switch|p1a: Mandibuzz|Mandibuzz, F|424\/424
|-damage|p1a: Mandibuzz|318\/424|[from] Stealth Rock
|move|p2a: Landorus-Therian|U-turn|p1a: Mandibuzz
|-damage|p1a: Mandibuzz|269\/424
|-damage|p2a: Landorus-Therian|240\/381|[from] item: Rocky Helmet|[of] p1a: Mandibuzz
|
|switch|p2a: Raikou|Raikou|176\/321
|-ability|p2a: Raikou|Pressure
|
|turn|9
|
|switch|p1a: Registeel|Registeel|303\/364
|-damage|p1a: Registeel|281\/364|[from] Stealth Rock
|move|p2a: Raikou|Thunderbolt|p1a: Registeel
|-damage|p1a: Registeel|200\/364
|
|-heal|p1a: Registeel|222\/364|[from] item: Leftovers
|turn|10
|
|move|p2a: Raikou|Volt Switch|p1a: Registeel
|-damage|p1a: Registeel|152\/364
|
|switch|p2a: Landorus-Therian|Landorus-Therian, M|240\/381
|-ability|p2a: Landorus-Therian|Intimidate|[of] p1a: Registeel
|-fail|p1a: Registeel|unboost|[from] ability: Clear Body|[of] p1a: Registeel
|move|p1a: Registeel|Stealth Rock|p2a: Landorus-Therian
|-sidestart|p2: Mudoon|move: Stealth Rock
|
|-heal|p2a: Landorus-Therian|263\/381|[from] item: Leftovers
|-heal|p1a: Registeel|174\/364|[from] item: Leftovers
|turn|11
|
|switch|p1a: Mandibuzz|Mandibuzz, F|269\/424
|-damage|p1a: Mandibuzz|163\/424|[from] Stealth Rock
|move|p2a: Landorus-Therian|Earthquake|p1a: Mandibuzz
|-immune|p1a: Mandibuzz|[msg]
|
|-heal|p2a: Landorus-Therian|286\/381|[from] item: Leftovers
|turn|12
|
|move|p2a: Landorus-Therian|Stone Edge|p1a: Mandibuzz
|-supereffective|p1a: Mandibuzz
|-damage|p1a: Mandibuzz|5\/424
|move|p1a: Mandibuzz|Roost|p1a: Mandibuzz
|-heal|p1a: Mandibuzz|217\/424
|
|-heal|p2a: Landorus-Therian|309\/381|[from] item: Leftovers
|turn|13
|
|move|p2a: Landorus-Therian|U-turn|p1a: Mandibuzz
|-damage|p1a: Mandibuzz|161\/424
|-damage|p2a: Landorus-Therian|246\/381|[from] item: Rocky Helmet|[of] p1a: Mandibuzz
|
|switch|p2a: Azumarill|Azumarill, F, shiny|364\/364
|-damage|p2a: Azumarill|319\/364|[from] Stealth Rock
|move|p1a: Mandibuzz|Roost|p1a: Mandibuzz
|-heal|p1a: Mandibuzz|373\/424
|
|turn|14
|
|move|p1a: Mandibuzz|Foul Play|p2a: Azumarill
|-resisted|p2a: Azumarill
|-damage|p2a: Azumarill|265\/364
|move|p2a: Azumarill|Belly Drum|p2a: Azumarill
|-damage|p2a: Azumarill|83\/364
|-setboost|p2a: Azumarill|atk|6|[from] move: Belly Drum
|-enditem|p2a: Azumarill|Sitrus Berry|[eat]
|-heal|p2a: Azumarill|174\/364|[from] item: Sitrus Berry
|
|turn|15
|
|move|p2a: Azumarill|Aqua Jet|p1a: Mandibuzz
|-damage|p1a: Mandibuzz|142\/424
|-damage|p2a: Azumarill|114\/364|[from] item: Rocky Helmet|[of] p1a: Mandibuzz
|move|p1a: Mandibuzz|Foul Play|p2a: Azumarill
|-resisted|p2a: Azumarill
|-damage|p2a: Azumarill|0 fnt
|faint|p2a: Azumarill
|
|
|switch|p2a: Raikou|Raikou|176\/321
|-damage|p2a: Raikou|136\/321|[from] Stealth Rock
|-ability|p2a: Raikou|Pressure
|turn|16
|
|switch|p1a: Registeel|Registeel|174\/364
|-damage|p1a: Registeel|152\/364|[from] Stealth Rock
|move|p2a: Raikou|Thunderbolt|p1a: Registeel
|-damage|p1a: Registeel|70\/364
|
|-heal|p1a: Registeel|92\/364|[from] item: Leftovers
|turn|17
|
|move|p2a: Raikou|Volt Switch|p1a: Registeel
|-damage|p1a: Registeel|23\/364
|
|switch|p2a: Landorus-Therian|Landorus-Therian, M|246\/381
|-damage|p2a: Landorus-Therian|199\/381|[from] Stealth Rock
|-ability|p2a: Landorus-Therian|Intimidate|[of] p1a: Registeel
|-fail|p1a: Registeel|unboost|[from] ability: Clear Body|[of] p1a: Registeel
|move|p1a: Registeel|Seismic Toss|p2a: Landorus-Therian
|-damage|p2a: Landorus-Therian|99\/381
|
|-heal|p2a: Landorus-Therian|122\/381|[from] item: Leftovers
|-heal|p1a: Registeel|45\/364|[from] item: Leftovers
|turn|18
|
|switch|p1a: Mandibuzz|Mandibuzz, F|142\/424
|-damage|p1a: Mandibuzz|36\/424|[from] Stealth Rock
|move|p2a: Landorus-Therian|Earthquake|p1a: Mandibuzz
|-immune|p1a: Mandibuzz|[msg]
|
|-heal|p2a: Landorus-Therian|145\/381|[from] item: Leftovers
|turn|19
|
|move|p2a: Landorus-Therian|U-turn|p1a: Mandibuzz
|-damage|p1a: Mandibuzz|0 fnt
|-damage|p2a: Landorus-Therian|82\/381|[from] item: Rocky Helmet|[of] p1a: Mandibuzz
|faint|p1a: Mandibuzz
|
|switch|p2a: Raikou|Raikou|136\/321
|-damage|p2a: Raikou|96\/321|[from] Stealth Rock
|-ability|p2a: Raikou|Pressure
|
|
|switch|p1a: Whimsicott|Whimsicott, M|200\/262
|-damage|p1a: Whimsicott|168\/262|[from] Stealth Rock
|turn|20
|
|switch|p2a: Metagross|Metagross-Mega|301\/301
|-damage|p2a: Metagross|283\/301|[from] Stealth Rock
|move|p1a: Whimsicott|Giga Drain|p2a: Metagross
|-crit|p2a: Metagross
|-resisted|p2a: Metagross
|-damage|p2a: Metagross|213\/301
|-heal|p1a: Whimsicott|203\/262|[from] drain|[of] p2a: Metagross
|
|-heal|p1a: Whimsicott|219\/262|[from] item: Leftovers
|turn|21
|
|switch|p1a: Registeel|Registeel|45\/364
|-damage|p1a: Registeel|23\/364|[from] Stealth Rock
|switch|p2a: Raikou|Raikou|96\/321
|-damage|p2a: Raikou|56\/321|[from] Stealth Rock
|-ability|p2a: Raikou|Pressure
|
|-heal|p1a: Registeel|45\/364|[from] item: Leftovers
|turn|22
|
|switch|p1a: Hydreigon|Hydreigon, F|333\/333
|-damage|p1a: Hydreigon|292\/333|[from] Stealth Rock
|move|p2a: Raikou|Thunderbolt|p1a: Hydreigon
|-resisted|p1a: Hydreigon
|-damage|p1a: Hydreigon|208\/333
|
|turn|23
|
|move|p2a: Raikou|Volt Switch|p1a: Hydreigon
|-resisted|p1a: Hydreigon
|-damage|p1a: Hydreigon|143\/333
|
|switch|p2a: Landorus-Therian|Landorus-Therian, M|82\/381
|-damage|p2a: Landorus-Therian|35\/381|[from] Stealth Rock
|-ability|p2a: Landorus-Therian|Intimidate|[of] p1a: Hydreigon
|-unboost|p1a: Hydreigon|atk|1
|move|p1a: Hydreigon|Dark Pulse|p2a: Landorus-Therian
|-damage|p2a: Landorus-Therian|0 fnt
|faint|p2a: Landorus-Therian
|
|
|switch|p2a: Latios|Latios, M|301\/301
|-damage|p2a: Latios|264\/301|[from] Stealth Rock
|turn|24
|
|switch|p1a: Registeel|Registeel|45\/364
|-damage|p1a: Registeel|23\/364|[from] Stealth Rock
|move|p2a: Latios|Defog|p1a: Registeel
|-fail|p1a: Registeel|unboost|[from] ability: Clear Body|[of] p1a: Registeel
|-sideend|p1: Will-I-am2|Stealth Rock|[from] move: Defog|[of] p1a: Registeel
|-sideend|p2: Mudoon|Stealth Rock|[from] move: Defog|[of] p2a: Latios
|
|-heal|p1a: Registeel|45\/364|[from] item: Leftovers
|turn|25
|
|switch|p2a: Raikou|Raikou|56\/321
|-ability|p2a: Raikou|Pressure
|move|p1a: Registeel|Stealth Rock|p2a: Raikou
|-sidestart|p2: Mudoon|move: Stealth Rock
|
|-heal|p1a: Registeel|67\/364|[from] item: Leftovers
|turn|26
|
|switch|p1a: Whimsicott|Whimsicott, M|219\/262
|move|p2a: Raikou|Thunderbolt|p1a: Whimsicott
|-resisted|p1a: Whimsicott
|-damage|p1a: Whimsicott|132\/262
|
|-heal|p1a: Whimsicott|148\/262|[from] item: Leftovers
|turn|27
|
|switch|p2a: Latios|Latios, M|264\/301
|-damage|p2a: Latios|227\/301|[from] Stealth Rock
|move|p1a: Whimsicott|Moonblast|p2a: Latios
|-crit|p2a: Latios
|-supereffective|p2a: Latios
|-damage|p2a: Latios|0 fnt
|faint|p2a: Latios
|
|-heal|p1a: Whimsicott|164\/262|[from] item: Leftovers
|
|switch|p2a: Metagross|Metagross-Mega|213\/301
|-damage|p2a: Metagross|195\/301|[from] Stealth Rock
|turn|28
|
|switch|p1a: Registeel|Registeel|67\/364
|move|p2a: Metagross|Meteor Mash|p1a: Registeel
|-resisted|p1a: Registeel
|-damage|p1a: Registeel|0 fnt
|faint|p1a: Registeel
|
|
|switch|p1a: Slowbro|Slowbro, F|394\/394
|turn|29
|
|move|p2a: Metagross|Meteor Mash|p1a: Slowbro
|-resisted|p1a: Slowbro
|-damage|p1a: Slowbro|296\/394
|move|p1a: Slowbro|Scald|p2a: Metagross
|-damage|p2a: Metagross|74\/301
|
|-heal|p1a: Slowbro|320\/394|[from] item: Leftovers
|turn|30
|
|move|p2a: Metagross|Zen Headbutt|p1a: Slowbro
|-resisted|p1a: Slowbro
|-damage|p1a: Slowbro|224\/394
|move|p1a: Slowbro|Trick Room|p1a: Slowbro
|-fieldstart|move: Trick Room|[of] p1a: Slowbro
|
|-heal|p1a: Slowbro|248\/394|[from] item: Leftovers
|turn|31
|-message|Mudoon forfeited.
|
|win|Will-I-am2
|raw|Ladder updating...
|leave|Mudoon
|player|p2
|raw|Will-I-am2's rating: 1672 &rarr; <strong>1695<\/strong><br \/>(+23 for winning)
|raw|Mudoon's rating: 1724 &rarr; <strong>1701<\/strong><br \/>(-23 for losing)