|join|KamserMaster
|join|Mudoon
|player|p1|KamserMaster|274
|player|p2|Mudoon|126
|gametype|singles
|gen|6
|tier|OU
|rated
|clearpoke
|poke|p1|Pinsir, F
|poke|p1|Heatran, M
|poke|p1|Keldeo
|poke|p1|Excadrill, M
|poke|p1|Rotom-Wash
|poke|p1|Gengar, F
|poke|p2|Crawdaunt, M
|poke|p2|Manectric, M
|poke|p2|Victini
|poke|p2|Gengar, M
|poke|p2|Skarmory, M, shiny
|poke|p2|Conkeldurr, M
|rule|Swagger Clause: Swagger is banned
|rule|Baton Pass Clause: Limit one PokÃ©mon knowing Baton Pass
|rule|Sleep Clause Mod: Limit one foe put to sleep
|rule|Species Clause: Limit one of each PokÃ©mon
|rule|OHKO Clause: OHKO moves are banned
|rule|Moody Clause: Moody is banned
|rule|Evasion Moves Clause: Evasion moves are banned
|rule|Endless Battle Clause: Forcing endless battles is banned
|rule|HP Percentage Mod: HP is shown in percentages
|teampreview
|
|start
|switch|p1a: Wash Machine|Rotom-Wash|304\/304
|switch|p2a: Stonk|Conkeldurr, M|351\/351
|turn|1
|
|move|p1a: Wash Machine|Volt Switch|p2a: Stonk
|-damage|p2a: Stonk|287\/351
|
|switch|p1a: Matanza|Pinsir, F|272\/272
|move|p2a: Stonk|Knock Off|p1a: Matanza
|-damage|p1a: Matanza|175\/272
|
|turn|2
|
|switch|p1a: Devil|Heatran, M|386\/386
|switch|p2a: Ol' Reliable|Skarmory, M, shiny|334\/334
|
|turn|3
|
|move|p1a: Devil|Lava Plume|p2a: Ol' Reliable
|-supereffective|p2a: Ol' Reliable
|-damage|p2a: Ol' Reliable|26\/334
|-status|p2a: Ol' Reliable|brn
|move|p2a: Ol' Reliable|Stealth Rock|p1a: Devil
|-sidestart|p1: KamserMaster|move: Stealth Rock
|
|-damage|p2a: Ol' Reliable|0 fnt|[from] brn
|faint|p2a: Ol' Reliable
|
|switch|p2a: They Call Me Death|Crawdaunt, M|267\/267
|turn|4
|
|move|p2a: They Call Me Death|Crabhammer|p1a: Devil|[miss]
|-miss|p2a: They Call Me Death|p1a: Devil
|move|p1a: Devil|Stealth Rock|p2a: They Call Me Death
|-sidestart|p2: Mudoon|move: Stealth Rock
|
|turn|5
|
|switch|p1a: Wash Machine|Rotom-Wash|304\/304
|-damage|p1a: Wash Machine|266\/304|[from] Stealth Rock
|move|p2a: They Call Me Death|Crabhammer|p1a: Wash Machine
|-resisted|p1a: Wash Machine
|-damage|p1a: Wash Machine|165\/304
|-damage|p2a: They Call Me Death|241\/267|[from] item: Life Orb
|
|-heal|p1a: Wash Machine|184\/304|[from] item: Leftovers
|turn|6
|
|move|p2a: They Call Me Death|Knock Off|p1a: Wash Machine
|-damage|p1a: Wash Machine|0 fnt
|-enditem|p1a: Wash Machine|Leftovers|[from] move: Knock Off|[of] p2a: They Call Me Death
|-damage|p2a: They Call Me Death|215\/267|[from] item: Life Orb
|faint|p1a: Wash Machine
|
|
|switch|p1a: Keldeo|Keldeo|323\/323
|-damage|p1a: Keldeo|303\/323|[from] Stealth Rock
|turn|7
|
|move|p1a: Keldeo|Secret Sword|p2a: They Call Me Death
|-supereffective|p2a: They Call Me Death
|-damage|p2a: They Call Me Death|0 fnt
|faint|p2a: They Call Me Death
|
|
|switch|p2a: Gespenst|Gengar, M|261\/261
|-damage|p2a: Gespenst|229\/261|[from] Stealth Rock
|turn|8
|
|switch|p1a: Devil|Heatran, M|386\/386
|-damage|p1a: Devil|338\/386|[from] Stealth Rock
|move|p2a: Gespenst|Substitute|p2a: Gespenst
|-start|p2a: Gespenst|Substitute
|-damage|p2a: Gespenst|164\/261
|
|-heal|p1a: Devil|362\/386|[from] item: Leftovers
|turn|9
|
|move|p2a: Gespenst|Focus Blast|p1a: Devil
|-supereffective|p1a: Devil
|-damage|p1a: Devil|92\/386
|-damage|p2a: Gespenst|138\/261|[from] item: Life Orb
|move|p1a: Devil|Lava Plume|p2a: Gespenst
|-end|p2a: Gespenst|Substitute
|
|-heal|p1a: Devil|116\/386|[from] item: Leftovers
|turn|10
|
|move|p2a: Gespenst|Shadow Ball|p1a: Devil
|-damage|p1a: Devil|0 fnt
|-damage|p2a: Gespenst|112\/261|[from] item: Life Orb
|faint|p1a: Devil
|
|
|switch|p1a: Drill|Excadrill, M|362\/362
|-damage|p1a: Drill|351\/362|[from] Stealth Rock
|-ability|p1a: Drill|Mold Breaker
|turn|11
|
|move|p1a: Drill|Earthquake|p2a: Gespenst
|-supereffective|p2a: Gespenst
|-damage|p2a: Gespenst|0 fnt
|faint|p2a: Gespenst
|
|
|switch|p2a: Stonk|Conkeldurr, M|287\/351
|-damage|p2a: Stonk|266\/351|[from] Stealth Rock
|turn|12
|
|switch|p1a: Keldeo|Keldeo|303\/323
|-damage|p1a: Keldeo|283\/323|[from] Stealth Rock
|move|p2a: Stonk|Ice Punch|p1a: Keldeo
|-resisted|p1a: Keldeo
|-damage|p1a: Keldeo|226\/323
|
|turn|13
|
|switch|p2a: GG|Victini|341\/341
|-damage|p2a: GG|256\/341|[from] Stealth Rock
|move|p1a: Keldeo|Hydro Pump|p2a: GG
|-supereffective|p2a: GG
|-damage|p2a: GG|0 fnt
|faint|p2a: GG
|
|
|switch|p2a: Zio|Manectric, M|281\/281
|-damage|p2a: Zio|246\/281|[from] Stealth Rock
|turn|14
|
|detailschange|p2a: Zio|Manectric-Mega, M
|message|Manectric has Mega Evolved into Mega Manectric!
|-ability|p2a: Zio|Intimidate|[of] p1a: Keldeo
|-unboost|p1a: Keldeo|atk|1
|move|p1a: Keldeo|Hydro Pump|p2a: Zio
|-damage|p2a: Zio|12\/281
|move|p2a: Zio|Thunderbolt|p1a: Keldeo
|-supereffective|p1a: Keldeo
|-damage|p1a: Keldeo|0 fnt
|faint|p1a: Keldeo
|
|-message|Mudoon forfeited.
|
|win|KamserMaster
|raw|Ladder updating...
|
|switch|p1a: Matanza|Pinsir, F|175\/272
|-damage|p1a: Matanza|107\/272|[from] Stealth Rock
|leave|Mudoon
|player|p2
|raw|KamserMaster's rating: 1709 &rarr; <strong>1728<\/strong><br \/>(+19 for winning)
|raw|Mudoon's rating: 1685 &rarr; <strong>1667<\/strong><br \/>(-18 for losing)