|join|NateRivera
|join|Mudoon
|player|p1|NateRivera|33
|player|p2|Mudoon|126
|gametype|singles
|gen|6
|tier|OU
|rated
|clearpoke
|poke|p1|Gliscor, F
|poke|p1|Metagross
|poke|p1|Talonflame, M
|poke|p1|Magnezone
|poke|p1|Azumarill, M
|poke|p1|Latias, F
|poke|p2|Gallade, M
|poke|p2|Dragonite, M
|poke|p2|Ferrothorn, M
|poke|p2|Clefable, F
|poke|p2|Excadrill, M
|poke|p2|Thundurus, M
|rule|Swagger Clause: Swagger is banned
|rule|Baton Pass Clause: Limit one PokÃ©mon knowing Baton Pass
|rule|Sleep Clause Mod: Limit one foe put to sleep
|rule|Species Clause: Limit one of each PokÃ©mon
|rule|OHKO Clause: OHKO moves are banned
|rule|Moody Clause: Moody is banned
|rule|Evasion Moves Clause: Evasion moves are banned
|rule|Endless Battle Clause: Forcing endless battles is banned
|rule|HP Percentage Mod: HP is shown in percentages
|teampreview
|
|start
|switch|p1a: Latias|Latias, F|301\/301
|switch|p2a: Thundurus|Thundurus, M|299\/299
|turn|1
|
|switch|p2a: Excadrill|Excadrill, M|361\/361
|-ability|p2a: Excadrill|Mold Breaker
|move|p1a: Latias|Psyshock|p2a: Excadrill
|-resisted|p2a: Excadrill
|-damage|p2a: Excadrill|261\/361
|
|turn|2
|
|switch|p2a: Thundurus|Thundurus, M|299\/299
|switch|p1a: Gliscor|Gliscor, F|354\/354
|
|-status|p1a: Gliscor|tox|[from] item: Toxic Orb
|turn|3
|
|switch|p1a: Latias|Latias, F|301\/301
|move|p2a: Thundurus|Thunder Wave|p1a: Latias
|-status|p1a: Latias|par
|
|turn|4
|
|switch|p2a: Ferrothorn|Ferrothorn, M|352\/352
|cant|p1a: Latias|par
|
|turn|5
|
|switch|p1a: Magnezone|Magnezone|319\/319
|move|p2a: Ferrothorn|Stealth Rock|p1a: Magnezone
|-sidestart|p1: NateRivera|move: Stealth Rock
|
|turn|6
|
|move|p2a: Ferrothorn|Protect|p2a: Ferrothorn
|-singleturn|p2a: Ferrothorn|Protect
|move|p1a: Magnezone|Substitute|p1a: Magnezone
|-start|p1a: Magnezone|Substitute
|-damage|p1a: Magnezone|240\/319
|
|-heal|p1a: Magnezone|259\/319|[from] item: Leftovers
|turn|7
|
|switch|p2a: Gallade|Gallade, M|277\/277
|move|p1a: Magnezone|Charge Beam|p2a: Gallade
|-damage|p2a: Gallade|193\/277
|-boost|p1a: Magnezone|spa|1
|
|-heal|p1a: Magnezone|278\/319|[from] item: Leftovers
|turn|8
|
|detailschange|p2a: Gallade|Gallade-Mega, M
|message|Gallade has Mega Evolved into Mega Gallade!
|move|p2a: Gallade|Knock Off|p1a: Magnezone
|-end|p1a: Magnezone|Substitute
|move|p1a: Magnezone|Flash Cannon|p2a: Gallade
|-crit|p2a: Gallade
|-damage|p2a: Gallade|0 fnt
|faint|p2a: Gallade
|
|-heal|p1a: Magnezone|297\/319|[from] item: Leftovers
|
|switch|p2a: Thundurus|Thundurus, M|299\/299
|turn|9
|
|switch|p1a: Latias|Latias, F|301\/301 par
|-damage|p1a: Latias|264\/301 par|[from] Stealth Rock
|move|p2a: Thundurus|Hidden Power|p1a: Latias
|-supereffective|p1a: Latias
|-damage|p1a: Latias|121\/301 par
|-damage|p2a: Thundurus|270\/299|[from] item: Life Orb
|
|-heal|p1a: Latias|139\/301 par|[from] item: Leftovers
|turn|10
|
|move|p2a: Thundurus|Hidden Power|p1a: Latias
|-supereffective|p1a: Latias
|-damage|p1a: Latias|1\/301 par
|-damage|p2a: Thundurus|241\/299|[from] item: Life Orb
|move|p1a: Latias|Roost|p1a: Latias
|-heal|p1a: Latias|152\/301 par
|
|-heal|p1a: Latias|170\/301 par|[from] item: Leftovers
|turn|11
|
|move|p2a: Thundurus|Hidden Power|p1a: Latias
|-supereffective|p1a: Latias
|-damage|p1a: Latias|17\/301 par
|-damage|p2a: Thundurus|212\/299|[from] item: Life Orb
|cant|p1a: Latias|par
|
|-heal|p1a: Latias|35\/301 par|[from] item: Leftovers
|turn|12
|
|move|p2a: Thundurus|Thunderbolt|p1a: Latias
|-resisted|p1a: Latias
|-damage|p1a: Latias|0 fnt
|-damage|p2a: Thundurus|183\/299|[from] item: Life Orb
|faint|p1a: Latias
|
|
|switch|p1a: Magnezone|Magnezone|297\/319
|-damage|p1a: Magnezone|278\/319|[from] Stealth Rock
|turn|13
|
|move|p2a: Thundurus|Focus Blast|p1a: Magnezone
|-supereffective|p1a: Magnezone
|-damage|p1a: Magnezone|0 fnt
|-damage|p2a: Thundurus|154\/299|[from] item: Life Orb
|faint|p1a: Magnezone
|
|
|switch|p1a: Gliscor|Gliscor, F|354\/354 tox
|-damage|p1a: Gliscor|310\/354 tox|[from] Stealth Rock
|turn|14
|
|switch|p1a: Azumarill|Azumarill, M|340\/340
|-damage|p1a: Azumarill|298\/340|[from] Stealth Rock
|move|p2a: Thundurus|Thunderbolt|p1a: Azumarill
|-supereffective|p1a: Azumarill
|-damage|p1a: Azumarill|0 fnt
|-damage|p2a: Thundurus|125\/299|[from] item: Life Orb
|faint|p1a: Azumarill
|
|-message|NateRivera forfeited.
|
|win|Mudoon
|raw|Ladder updating...
|leave|NateRivera
|player|p1
|raw|NateRivera's rating: 1634 &rarr; <strong>1614<\/strong><br \/>(-20 for losing)
|raw|Mudoon's rating: 1638 &rarr; <strong>1658<\/strong><br \/>(+20 for winning)