|join|Cute Luna Star
|join|Mudoon
|player|p1|Cute Luna Star|232
|player|p2|Mudoon|126
|gametype|singles
|gen|6
|tier|OU
|rated
|clearpoke
|poke|p1|Landorus-Therian, M
|poke|p1|Gyarados, M
|poke|p1|Excadrill, F
|poke|p1|Terrakion
|poke|p1|Breloom, M
|poke|p1|Talonflame, F
|poke|p2|Crawdaunt, M
|poke|p2|Manectric, M
|poke|p2|Victini
|poke|p2|Gengar, M
|poke|p2|Skarmory, M, shiny
|poke|p2|Conkeldurr, M
|rule|Swagger Clause: Swagger is banned
|rule|Baton Pass Clause: Limit one PokÃ©mon knowing Baton Pass
|rule|Sleep Clause Mod: Limit one foe put to sleep
|rule|Species Clause: Limit one of each PokÃ©mon
|rule|OHKO Clause: OHKO moves are banned
|rule|Moody Clause: Moody is banned
|rule|Evasion Moves Clause: Evasion moves are banned
|rule|Endless Battle Clause: Forcing endless battles is banned
|rule|HP Percentage Mod: HP is shown in percentages
|teampreview
|
|start
|switch|p1a: Terrakion|Terrakion|323\/323
|switch|p2a: Stonk|Conkeldurr, M|351\/351
|turn|1
|
|move|p1a: Terrakion|Stealth Rock|p2a: Stonk
|-sidestart|p2: Mudoon|move: Stealth Rock
|move|p2a: Stonk|Drain Punch|p1a: Terrakion
|-supereffective|p1a: Terrakion
|-enditem|p1a: Terrakion|Focus Sash
|-damage|p1a: Terrakion|1\/323
|
|turn|2
|
|move|p2a: Stonk|Mach Punch|p1a: Terrakion
|-supereffective|p1a: Terrakion
|-damage|p1a: Terrakion|0 fnt
|faint|p1a: Terrakion
|
|
|switch|p1a: Breloom|Breloom, M|261\/261
|turn|3
|
|move|p2a: Stonk|Mach Punch|p1a: Breloom
|-damage|p1a: Breloom|156\/261
|move|p1a: Breloom|Spore|p2a: Stonk
|-status|p2a: Stonk|slp
|
|turn|4
|
|switch|p1a: Talonflame|Talonflame, F|323\/323
|switch|p2a: Ol' Reliable|Skarmory, M, shiny|334\/334
|-damage|p2a: Ol' Reliable|293\/334|[from] Stealth Rock
|
|turn|5
|
|switch|p2a: GG|Victini|341\/341
|-damage|p2a: GG|256\/341|[from] Stealth Rock
|move|p1a: Talonflame|Taunt|p2a: GG
|-start|p2a: GG|move: Taunt
|
|turn|6
|
|switch|p1a: Landorus-Therian|Landorus-Therian, M|338\/338
|-ability|p1a: Landorus-Therian|Intimidate|[of] p2a: GG
|-unboost|p2a: GG|atk|1
|move|p2a: GG|V-create|p1a: Landorus-Therian
|-damage|p1a: Landorus-Therian|28\/338
|-unboost|p2a: GG|def|1
|-unboost|p2a: GG|spd|1
|-unboost|p2a: GG|spe|1
|
|turn|7
|
|move|p1a: Landorus-Therian|Smack Down|p2a: GG
|-supereffective|p2a: GG
|-damage|p2a: GG|28\/341
|move|p2a: GG|V-create|p1a: Landorus-Therian
|-damage|p1a: Landorus-Therian|0 fnt
|-unboost|p2a: GG|def|1
|-unboost|p2a: GG|spd|1
|-unboost|p2a: GG|spe|1
|faint|p1a: Landorus-Therian
|
|
|switch|p1a: Gyarados|Gyarados, M|333\/333
|-ability|p1a: Gyarados|Intimidate|[of] p2a: GG
|-unboost|p2a: GG|atk|1
|turn|8
|
|detailschange|p1a: Gyarados|Gyarados-Mega, M
|message|Gyarados has Mega Evolved into Mega Gyarados!
|-ability|p1a: Gyarados|Mold Breaker
|move|p1a: Gyarados|Dragon Dance|p1a: Gyarados
|-boost|p1a: Gyarados|atk|1
|-boost|p1a: Gyarados|spe|1
|move|p2a: GG|V-create|p1a: Gyarados
|-resisted|p1a: Gyarados
|-damage|p1a: Gyarados|234\/333
|-unboost|p2a: GG|def|1
|-unboost|p2a: GG|spd|1
|-unboost|p2a: GG|spe|1
|
|-end|p2a: GG|move: Taunt
|turn|9
|
|switch|p2a: Ol' Reliable|Skarmory, M, shiny|293\/334
|-damage|p2a: Ol' Reliable|252\/334|[from] Stealth Rock
|move|p1a: Gyarados|Dragon Dance|p1a: Gyarados
|-boost|p1a: Gyarados|atk|1
|-boost|p1a: Gyarados|spe|1
|
|turn|10
|
|move|p1a: Gyarados|Waterfall|p2a: Ol' Reliable
|-damage|p2a: Ol' Reliable|77\/334
|cant|p2a: Ol' Reliable|flinch
|
|turn|11
|
|move|p1a: Gyarados|Waterfall|p2a: Ol' Reliable
|-damage|p2a: Ol' Reliable|0 fnt
|faint|p2a: Ol' Reliable
|
|
|switch|p2a: Zio|Manectric, M|281\/281
|-damage|p2a: Zio|246\/281|[from] Stealth Rock
|turn|12
|
|detailschange|p2a: Zio|Manectric-Mega, M
|message|Manectric has Mega Evolved into Mega Manectric!
|-ability|p2a: Zio|Intimidate|[of] p1a: Gyarados
|-unboost|p1a: Gyarados|atk|1
|move|p1a: Gyarados|Earthquake|p2a: Zio
|-supereffective|p2a: Zio
|-damage|p2a: Zio|0 fnt
|faint|p2a: Zio
|
|
|switch|p2a: Stonk|Conkeldurr, M|351\/351 slp
|-damage|p2a: Stonk|330\/351 slp|[from] Stealth Rock
|turn|13
|
|cant|p2a: Stonk|slp
|move|p1a: Gyarados|Waterfall|p2a: Stonk
|-damage|p2a: Stonk|69\/351 slp
|
|turn|14
|
|-curestatus|p2a: Stonk|slp
|move|p2a: Stonk|Mach Punch|p1a: Gyarados
|-supereffective|p1a: Gyarados
|-damage|p1a: Gyarados|70\/333
|move|p1a: Gyarados|Waterfall|p2a: Stonk
|-damage|p2a: Stonk|0 fnt
|faint|p2a: Stonk
|
|
|switch|p2a: They Call Me Death|Crawdaunt, M|267\/267
|-damage|p2a: They Call Me Death|234\/267|[from] Stealth Rock
|turn|15
|
|move|p2a: They Call Me Death|Aqua Jet|p1a: Gyarados
|-resisted|p1a: Gyarados
|-damage|p1a: Gyarados|14\/333
|-damage|p2a: They Call Me Death|208\/267|[from] item: Life Orb
|move|p1a: Gyarados|Earthquake|p2a: They Call Me Death
|-damage|p2a: They Call Me Death|0 fnt
|faint|p2a: They Call Me Death
|
|-message|Mudoon forfeited.
|
|win|Cute Luna Star
|raw|Ladder updating...
|leave|Mudoon
|player|p2
|raw|Ladder (probably) updated, but score could not be retrieved (timeout).
|raw|Ladder (probably) updated, but score could not be retrieved (Error: socket hang up).