|join|WECAMEASROMANS
|join|Mudoon
|player|p1|WECAMEASROMANS|170
|player|p2|Mudoon|126
|gametype|singles
|gen|6
|tier|OU
|rated
|clearpoke
|poke|p1|Azumarill, M
|poke|p1|Skarmory, F
|poke|p1|Hippowdon, M
|poke|p1|Sableye, F
|poke|p1|Tentacruel, F
|poke|p1|Celebi
|poke|p2|Thundurus, M
|poke|p2|Lopunny, F
|poke|p2|Crawdaunt, M
|poke|p2|Latios, M
|poke|p2|Landorus-Therian, M
|poke|p2|Heatran, F
|rule|Swagger Clause: Swagger is banned
|rule|Baton Pass Clause: Limit one PokÃ©mon knowing Baton Pass
|rule|Sleep Clause Mod: Limit one foe put to sleep
|rule|Species Clause: Limit one of each PokÃ©mon
|rule|OHKO Clause: OHKO moves are banned
|rule|Moody Clause: Moody is banned
|rule|Evasion Moves Clause: Evasion moves are banned
|rule|Endless Battle Clause: Forcing endless battles is banned
|rule|HP Percentage Mod: HP is shown in percentages
|teampreview
|join|Boredom v2.0
|c|âMudoon|Ha
|c|âMudoon|Well if it isn't Romans
|c|âMudoon|How's it going
|c|âWECAMEASROMANS|hello
|
|start
|switch|p1a: Hippowdon|Hippowdon, M|416\/416
|switch|p2a: Crawdaunt|Crawdaunt, M|267\/267
|-weather|Sandstorm
|turn|1
|c|âWECAMEASROMANS|im doing good
|
|switch|p1a: Azumarill|Azumarill, M|401\/401
|move|p2a: Crawdaunt|Crabhammer|p1a: Azumarill
|-resisted|p1a: Azumarill
|-damage|p1a: Azumarill|231\/401
|-damage|p2a: Crawdaunt|241\/267|[from] item: Life Orb
|
|-weather|Sandstorm|[upkeep]
|-damage|p2a: Crawdaunt|225\/267|[from] sandstorm
|-damage|p1a: Azumarill|206\/401|[from] sandstorm
|turn|2
|
|switch|p2a: Landorus-Therian|Landorus-Therian, M|319\/319
|-ability|p2a: Landorus-Therian|Intimidate|[of] p1a: Azumarill
|-unboost|p1a: Azumarill|atk|1
|move|p1a: Azumarill|Waterfall|p2a: Landorus-Therian
|-supereffective|p2a: Landorus-Therian
|-damage|p2a: Landorus-Therian|0 fnt
|faint|p2a: Landorus-Therian
|
|-weather|Sandstorm|[upkeep]
|-damage|p1a: Azumarill|181\/401|[from] sandstorm
|
|switch|p2a: Thundurus|Thundurus, M|299\/299
|turn|3
|
|switch|p2a: Crawdaunt|Crawdaunt, M|225\/267
|switch|p1a: Hippowdon|Hippowdon, M|416\/416
|
|-weather|Sandstorm|[upkeep]
|-damage|p2a: Crawdaunt|209\/267|[from] sandstorm
|turn|4
|
|switch|p1a: Tentacruel|Tentacruel, F|364\/364
|move|p2a: Crawdaunt|Crabhammer|p1a: Tentacruel
|-resisted|p1a: Tentacruel
|-damage|p1a: Tentacruel|228\/364
|-damage|p2a: Crawdaunt|183\/267|[from] item: Life Orb
|
|-weather|Sandstorm|[upkeep]
|-damage|p1a: Tentacruel|206\/364|[from] sandstorm
|-damage|p2a: Crawdaunt|167\/267|[from] sandstorm
|-heal|p1a: Tentacruel|228\/364|[from] item: Black Sludge
|turn|5
|
|switch|p1a: Sableye|Sableye, F|304\/304
|move|p2a: Crawdaunt|Aqua Jet|p1a: Sableye
|-damage|p1a: Sableye|195\/304
|-damage|p2a: Crawdaunt|141\/267|[from] item: Life Orb
|
|-weather|none
|turn|6
|c|âMudoon|fuck
|c|âMudoon|misclick
|
|switch|p2a: Heatran|Heatran, F|386\/386
|move|p1a: Sableye|Recover|p1a: Sableye
|-heal|p1a: Sableye|304\/304
|
|turn|7
|
|switch|p2a: Crawdaunt|Crawdaunt, M|141\/267
|switch|p1a: Hippowdon|Hippowdon, M|416\/416
|-weather|Sandstorm
|
|-weather|Sandstorm|[upkeep]
|-damage|p2a: Crawdaunt|125\/267|[from] sandstorm
|turn|8
|
|switch|p1a: Azumarill|Azumarill, M|181\/401
|move|p2a: Crawdaunt|Crabhammer|p1a: Azumarill
|-resisted|p1a: Azumarill
|-damage|p1a: Azumarill|13\/401
|-damage|p2a: Crawdaunt|99\/267|[from] item: Life Orb
|
|-weather|Sandstorm|[upkeep]
|-damage|p2a: Crawdaunt|83\/267|[from] sandstorm
|-damage|p1a: Azumarill|0 fnt|[from] sandstorm
|faint|p1a: Azumarill
|c| Boredom v2.0|I love bringing my Scarftran out obviously against like scizor and weakened unscarf lando-t and shit
|c| Boredom v2.0|then i say
|c| Boredom v2.0|misclick in the chat
|c| Boredom v2.0|they always stay in
|c| Boredom v2.0|and get roasted
|
|switch|p1a: Celebi|Celebi|404\/404
|turn|9
|c|âMudoon|lol
|c|âMudoon|But that actually
|c|âMudoon|hurt
|c|âMudoon|I was gonna hammer again
|c| Boredom v2.0|nod
|
|switch|p2a: Latios|Latios, M|301\/301
|move|p1a: Celebi|Giga Drain|p2a: Latios
|-resisted|p2a: Latios
|-damage|p2a: Latios|259\/301
|
|-weather|Sandstorm|[upkeep]
|-damage|p2a: Latios|241\/301|[from] sandstorm
|-damage|p1a: Celebi|379\/404|[from] sandstorm
|-heal|p1a: Celebi|404\/404|[from] item: Leftovers
|turn|10
|
|move|p2a: Latios|Trick|p1a: Celebi
|-activate|p2a: Latios|move: Trick|[of] p1a: Celebi
|-item|p1a: Celebi|Choice Scarf|[from] move: Trick
|-item|p2a: Latios|Leftovers|[from] move: Trick
|move|p1a: Celebi|Recover|p1a: Celebi
|-fail|p1a: Celebi
|
|-weather|Sandstorm|[upkeep]
|-damage|p1a: Celebi|379\/404|[from] sandstorm
|-damage|p2a: Latios|223\/301|[from] sandstorm
|-heal|p2a: Latios|241\/301|[from] item: Leftovers
|turn|11
|c| Boredom v2.0|Celebi is one of those pokes you just don't see until a certain rank on the ladder
|c|âMudoon|yeh
|
|switch|p1a: Skarmory|Skarmory, F|334\/334
|switch|p2a: Crawdaunt|Crawdaunt, M|83\/267
|
|-weather|none
|turn|12
|c|âWECAMEASROMANS|its really only bad players who use celebi
|c|âMudoon|Daunt's one of those pokemon
|c|âWECAMEASROMANS|i dont think its even OU
|c|âMudoon|You see in your nightmares
|c| Boredom v2.0|grin
|c|âMudoon|Celebi is BL i think
|
|switch|p2a: Heatran|Heatran, F|386\/386
|move|p1a: Skarmory|Spikes|p2a: Heatran
|-sidestart|p2: Mudoon|Spikes
|
|turn|13
|
|switch|p1a: Hippowdon|Hippowdon, M|416\/416
|-weather|Sandstorm
|move|p2a: Heatran|Lava Plume|p1a: Hippowdon
|-damage|p1a: Hippowdon|304\/416
|-status|p1a: Hippowdon|brn
|
|-weather|Sandstorm|[upkeep]
|-heal|p1a: Hippowdon|330\/416 brn|[from] item: Leftovers
|-damage|p1a: Hippowdon|278\/416 brn|[from] brn
|turn|14
|join|Alldaalts
|
|switch|p2a: Latios|Latios, M|241\/301
|move|p1a: Hippowdon|Stealth Rock|p2a: Latios
|-sidestart|p2: Mudoon|move: Stealth Rock
|
|-weather|Sandstorm|[upkeep]
|-damage|p2a: Latios|223\/301|[from] sandstorm
|-heal|p2a: Latios|241\/301|[from] item: Leftovers
|-heal|p1a: Hippowdon|304\/416 brn|[from] item: Leftovers
|-damage|p1a: Hippowdon|252\/416 brn|[from] brn
|turn|15
|c| Boredom v2.0|I miss Hippo's old sprite he looked way more badass with that giant mouth.
|
|move|p2a: Latios|Defog|p1a: Hippowdon
|-unboost|p1a: Hippowdon|evasion|1
|-sideend|p2: Mudoon|Spikes|[from] move: Defog|[of] p2a: Latios
|-sideend|p2: Mudoon|Stealth Rock|[from] move: Defog|[of] p2a: Latios
|move|p1a: Hippowdon|Slack Off|p1a: Hippowdon
|-heal|p1a: Hippowdon|416\/416 brn
|
|-weather|Sandstorm|[upkeep]
|-damage|p2a: Latios|223\/301|[from] sandstorm
|-heal|p2a: Latios|241\/301|[from] item: Leftovers
|-damage|p1a: Hippowdon|364\/416 brn|[from] brn
|turn|16
|
|move|p2a: Latios|Psyshock|p1a: Hippowdon
|-damage|p1a: Hippowdon|243\/416 brn
|move|p1a: Hippowdon|Stealth Rock|p2a: Latios
|-sidestart|p2: Mudoon|move: Stealth Rock
|
|-weather|Sandstorm|[upkeep]
|-damage|p2a: Latios|223\/301|[from] sandstorm
|-heal|p2a: Latios|241\/301|[from] item: Leftovers
|-heal|p1a: Hippowdon|269\/416 brn|[from] item: Leftovers
|-damage|p1a: Hippowdon|217\/416 brn|[from] brn
|turn|17
|
|move|p2a: Latios|Psyshock|p1a: Hippowdon
|-damage|p1a: Hippowdon|91\/416 brn
|move|p1a: Hippowdon|Slack Off|p1a: Hippowdon
|-heal|p1a: Hippowdon|299\/416 brn
|
|-weather|none
|-heal|p2a: Latios|259\/301|[from] item: Leftovers
|-heal|p1a: Hippowdon|325\/416 brn|[from] item: Leftovers
|-damage|p1a: Hippowdon|273\/416 brn|[from] brn
|turn|18
|
|move|p2a: Latios|Defog|p1a: Hippowdon
|-unboost|p1a: Hippowdon|evasion|1
|-sideend|p2: Mudoon|Stealth Rock|[from] move: Defog|[of] p2a: Latios
|move|p1a: Hippowdon|Toxic|p2a: Latios
|-status|p2a: Latios|tox
|
|-heal|p2a: Latios|277\/301 tox|[from] item: Leftovers
|-heal|p1a: Hippowdon|299\/416 brn|[from] item: Leftovers
|-damage|p2a: Latios|259\/301 tox|[from] psn
|-damage|p1a: Hippowdon|247\/416 brn|[from] brn
|turn|19
|
|switch|p2a: Crawdaunt|Crawdaunt, M|83\/267
|move|p1a: Hippowdon|Slack Off|p1a: Hippowdon
|-heal|p1a: Hippowdon|416\/416 brn
|
|-damage|p1a: Hippowdon|364\/416 brn|[from] brn
|turn|20
|
|switch|p1a: Tentacruel|Tentacruel, F|228\/364
|move|p2a: Crawdaunt|Knock Off|p1a: Tentacruel
|-damage|p1a: Tentacruel|0 fnt
|-enditem|p1a: Tentacruel|Black Sludge|[from] move: Knock Off|[of] p2a: Crawdaunt
|-damage|p2a: Crawdaunt|57\/267|[from] item: Life Orb
|faint|p1a: Tentacruel
|
|
|switch|p1a: Skarmory|Skarmory, F|334\/334
|turn|21
|c| Boredom v2.0|DO IT
|c| Boredom v2.0|nice
|c|âMudoon|yup
|
|move|p2a: Crawdaunt|Knock Off|p1a: Skarmory
|-damage|p1a: Skarmory|162\/334
|-enditem|p1a: Skarmory|Shed Shell|[from] move: Knock Off|[of] p2a: Crawdaunt
|-damage|p2a: Crawdaunt|31\/267|[from] item: Life Orb
|move|p1a: Skarmory|Spikes|p2a: Crawdaunt
|-sidestart|p2: Mudoon|Spikes
|
|turn|22
|
|switch|p1a: Celebi|Celebi|379\/404
|move|p2a: Crawdaunt|Crabhammer|p1a: Celebi
|-resisted|p1a: Celebi
|-damage|p1a: Celebi|244\/404
|-damage|p2a: Crawdaunt|5\/267|[from] item: Life Orb
|
|turn|23
|c|âMudoon|hmmm
|c|âMudoon|Was that worth it
|c|âMudoon|I mean
|
|switch|p2a: Latios|Latios, M|259\/301 tox
|move|p1a: Celebi|Heal Bell|p1a: Celebi
|-cureteam|p1a: Celebi|[from] move: HealBell
|
|-heal|p2a: Latios|277\/301 tox|[from] item: Leftovers
|-damage|p2a: Latios|259\/301 tox|[from] psn
|turn|24
|
|switch|p1a: Hippowdon|Hippowdon, M|364\/416
|-weather|Sandstorm
|move|p2a: Latios|Draco Meteor|p1a: Hippowdon
|-damage|p1a: Hippowdon|150\/416
|-unboost|p2a: Latios|spa|2
|
|-weather|Sandstorm|[upkeep]
|-damage|p2a: Latios|241\/301 tox|[from] sandstorm
|-heal|p2a: Latios|259\/301 tox|[from] item: Leftovers
|-heal|p1a: Hippowdon|176\/416|[from] item: Leftovers
|-damage|p2a: Latios|223\/301 tox|[from] psn
|turn|25
|
|move|p2a: Latios|Defog|p1a: Hippowdon
|-unboost|p1a: Hippowdon|evasion|1
|-sideend|p2: Mudoon|Spikes|[from] move: Defog|[of] p2a: Latios
|move|p1a: Hippowdon|Slack Off|p1a: Hippowdon
|-heal|p1a: Hippowdon|384\/416
|
|-weather|Sandstorm|[upkeep]
|-damage|p2a: Latios|205\/301 tox|[from] sandstorm
|-heal|p2a: Latios|223\/301 tox|[from] item: Leftovers
|-heal|p1a: Hippowdon|410\/416|[from] item: Leftovers
|-damage|p2a: Latios|169\/301 tox|[from] psn
|turn|26
|
|switch|p2a: Lopunny|Lopunny, F|271\/271
|move|p1a: Hippowdon|Stealth Rock|p2a: Lopunny
|-sidestart|p2: Mudoon|move: Stealth Rock
|
|-weather|Sandstorm|[upkeep]
|-damage|p2a: Lopunny|255\/271|[from] sandstorm
|-heal|p1a: Hippowdon|416\/416|[from] item: Leftovers
|turn|27
|c| Boredom v2.0|Does sandstorm boost SpD of ground, steel, and rock or just rock types?
|
|detailschange|p2a: Lopunny|Lopunny-Mega, F
|message|Lopunny has Mega Evolved into Mega Lopunny!
|move|p2a: Lopunny|Fake Out|p1a: Hippowdon
|-damage|p1a: Hippowdon|355\/416
|cant|p1a: Hippowdon|flinch
|
|-weather|Sandstorm|[upkeep]
|-damage|p2a: Lopunny|239\/271|[from] sandstorm
|-heal|p1a: Hippowdon|381\/416|[from] item: Leftovers
|turn|28
|
|move|p2a: Lopunny|High Jump Kick|p1a: Hippowdon
|-damage|p1a: Hippowdon|186\/416
|move|p1a: Hippowdon|Slack Off|p1a: Hippowdon
|-heal|p1a: Hippowdon|394\/416
|
|-weather|none
|-heal|p1a: Hippowdon|416\/416|[from] item: Leftovers
|turn|29
|
|move|p2a: Lopunny|High Jump Kick|p1a: Hippowdon
|-damage|p1a: Hippowdon|203\/416
|move|p1a: Hippowdon|Toxic|p2a: Lopunny
|-status|p2a: Lopunny|tox
|
|-heal|p1a: Hippowdon|229\/416|[from] item: Leftovers
|-damage|p2a: Lopunny|223\/271 tox|[from] psn
|turn|30
|
|move|p2a: Lopunny|Healing Wish|p2a: Lopunny
|faint|p2a: Lopunny
|move|p1a: Hippowdon|Slack Off|p1a: Hippowdon
|-heal|p1a: Hippowdon|416\/416
|
|
|switch|p2a: Crawdaunt|Crawdaunt, M|5\/267
|-heal|p2a: Crawdaunt|267\/267|[from] move: Healing Wish
|-damage|p2a: Crawdaunt|234\/267|[from] Stealth Rock
|turn|31
|
|switch|p1a: Skarmory|Skarmory, F|162\/334
|move|p2a: Crawdaunt|Crabhammer|p1a: Skarmory
|-damage|p1a: Skarmory|0 fnt
|-damage|p2a: Crawdaunt|208\/267|[from] item: Life Orb
|faint|p1a: Skarmory
|
|
|switch|p1a: Celebi|Celebi|244\/404
|turn|32
|
|switch|p2a: Latios|Latios, M|169\/301 tox
|-damage|p2a: Latios|132\/301 tox|[from] Stealth Rock
|move|p1a: Celebi|Baton Pass|p1a: Celebi
|c|âMudoon|nice play
|c|âWECAMEASROMANS|ty
|c|âMudoon|I almost stayed in
|
|switch|p1a: Sableye|Sableye, F|304\/304
|
|-heal|p2a: Latios|150\/301 tox|[from] item: Leftovers
|-damage|p2a: Latios|132\/301 tox|[from] psn
|turn|33
|
|switch|p2a: Heatran|Heatran, F|386\/386
|-damage|p2a: Heatran|338\/386|[from] Stealth Rock
|move|p1a: Sableye|Calm Mind|p1a: Sableye
|-boost|p1a: Sableye|spa|1
|-boost|p1a: Sableye|spd|1
|
|-heal|p2a: Heatran|362\/386|[from] item: Leftovers
|turn|34
|
|switch|p1a: Hippowdon|Hippowdon, M|416\/416
|-weather|Sandstorm
|move|p2a: Heatran|Lava Plume|p1a: Hippowdon
|-damage|p1a: Hippowdon|319\/416
|
|-weather|Sandstorm|[upkeep]
|-heal|p2a: Heatran|386\/386|[from] item: Leftovers
|-heal|p1a: Hippowdon|345\/416|[from] item: Leftovers
|turn|35
|
|move|p2a: Heatran|Toxic|p1a: Hippowdon
|-status|p1a: Hippowdon|tox
|move|p1a: Hippowdon|Earthquake|p2a: Heatran
|-supereffective|p2a: Heatran
|-damage|p2a: Heatran|0 fnt
|faint|p2a: Heatran
|
|-weather|Sandstorm|[upkeep]
|-heal|p1a: Hippowdon|371\/416 tox|[from] item: Leftovers
|-damage|p1a: Hippowdon|345\/416 tox|[from] psn
|
|switch|p2a: Latios|Latios, M|132\/301 tox
|-damage|p2a: Latios|95\/301 tox|[from] Stealth Rock
|turn|36
|
|move|p2a: Latios|Defog|p1a: Hippowdon
|-unboost|p1a: Hippowdon|evasion|1
|-sideend|p2: Mudoon|Stealth Rock|[from] move: Defog|[of] p2a: Latios
|move|p1a: Hippowdon|Slack Off|p1a: Hippowdon
|-heal|p1a: Hippowdon|416\/416 tox
|
|-weather|Sandstorm|[upkeep]
|-damage|p2a: Latios|77\/301 tox|[from] sandstorm
|-heal|p2a: Latios|95\/301 tox|[from] item: Leftovers
|-damage|p2a: Latios|77\/301 tox|[from] psn
|-damage|p1a: Hippowdon|364\/416 tox|[from] psn
|turn|37
|
|switch|p2a: Thundurus|Thundurus, M|299\/299
|move|p1a: Hippowdon|Stealth Rock|p2a: Thundurus
|-sidestart|p2: Mudoon|move: Stealth Rock
|
|-weather|Sandstorm|[upkeep]
|-damage|p2a: Thundurus|281\/299|[from] sandstorm
|-heal|p1a: Hippowdon|390\/416 tox|[from] item: Leftovers
|-damage|p1a: Hippowdon|312\/416 tox|[from] psn
|turn|38
|join|asdfCookie
|c| Boredom v2.0|Let's go grass knot
|leave|asdfCookie
|
|move|p2a: Thundurus|Hidden Power|p1a: Hippowdon
|-supereffective|p1a: Hippowdon
|-damage|p1a: Hippowdon|143\/416 tox
|-damage|p2a: Thundurus|252\/299|[from] item: Life Orb
|move|p1a: Hippowdon|Toxic|p2a: Thundurus
|-status|p2a: Thundurus|tox
|
|-weather|none
|-heal|p1a: Hippowdon|169\/416 tox|[from] item: Leftovers
|-damage|p2a: Thundurus|234\/299 tox|[from] psn
|-damage|p1a: Hippowdon|65\/416 tox|[from] psn
|turn|39
|
|switch|p1a: Celebi|Celebi|244\/404
|move|p2a: Thundurus|Hidden Power|p1a: Celebi
|-supereffective|p1a: Celebi
|-damage|p1a: Celebi|114\/404
|-damage|p2a: Thundurus|205\/299 tox|[from] item: Life Orb
|
|-damage|p2a: Thundurus|169\/299 tox|[from] psn
|turn|40
|
|move|p1a: Celebi|Recover|p1a: Celebi
|-heal|p1a: Celebi|316\/404
|move|p2a: Thundurus|Hidden Power|p1a: Celebi
|-supereffective|p1a: Celebi
|-damage|p1a: Celebi|181\/404
|-damage|p2a: Thundurus|140\/299 tox|[from] item: Life Orb
|
|-damage|p2a: Thundurus|86\/299 tox|[from] psn
|turn|41
|
|switch|p2a: Latios|Latios, M|77\/301 tox
|-damage|p2a: Latios|40\/301 tox|[from] Stealth Rock
|move|p1a: Celebi|Recover|p1a: Celebi
|-heal|p1a: Celebi|383\/404
|
|-heal|p2a: Latios|58\/301 tox|[from] item: Leftovers
|-damage|p2a: Latios|40\/301 tox|[from] psn
|turn|42
|
|switch|p1a: Hippowdon|Hippowdon, M|65\/416 tox
|-weather|Sandstorm
|move|p2a: Latios|Defog|p1a: Hippowdon
|-unboost|p1a: Hippowdon|evasion|1
|-sideend|p2: Mudoon|Stealth Rock|[from] move: Defog|[of] p2a: Latios
|
|-weather|Sandstorm|[upkeep]
|-damage|p2a: Latios|22\/301 tox|[from] sandstorm
|-heal|p2a: Latios|40\/301 tox|[from] item: Leftovers
|-heal|p1a: Hippowdon|91\/416 tox|[from] item: Leftovers
|-damage|p2a: Latios|4\/301 tox|[from] psn
|-damage|p1a: Hippowdon|65\/416 tox|[from] psn
|turn|43
|
|move|p2a: Latios|Draco Meteor|p1a: Hippowdon
|-damage|p1a: Hippowdon|0 fnt
|-unboost|p2a: Latios|spa|2
|faint|p1a: Hippowdon
|
|-weather|Sandstorm|[upkeep]
|-damage|p2a: Latios|0 fnt|[from] sandstorm
|faint|p2a: Latios
|
|switch|p2a: Thundurus|Thundurus, M|86\/299 tox
|switch|p1a: Sableye|Sableye, F|304\/304
|turn|44
|
|switch|p2a: Crawdaunt|Crawdaunt, M|208\/267
|move|p1a: Sableye|Calm Mind|p1a: Sableye
|-boost|p1a: Sableye|spa|1
|-boost|p1a: Sableye|spd|1
|
|-weather|Sandstorm|[upkeep]
|-damage|p2a: Crawdaunt|192\/267|[from] sandstorm
|-damage|p1a: Sableye|285\/304|[from] sandstorm
|turn|45
|c| Boredom v2.0|Another entertaining match that was ruined by chance.
|c| Boredom v2.0|Wasn't
|c| Boredom v2.0|Derp
|
|move|p1a: Sableye|Will-O-Wisp|p2a: Crawdaunt|[miss]
|-miss|p1a: Sableye|p2a: Crawdaunt
|move|p2a: Crawdaunt|Swords Dance|p2a: Crawdaunt
|-boost|p2a: Crawdaunt|atk|2
|
|-weather|Sandstorm|[upkeep]
|-damage|p2a: Crawdaunt|176\/267|[from] sandstorm
|-damage|p1a: Sableye|266\/304|[from] sandstorm
|turn|46
|
|move|p1a: Sableye|Will-O-Wisp|p2a: Crawdaunt
|-status|p2a: Crawdaunt|brn
|move|p2a: Crawdaunt|Swords Dance|p2a: Crawdaunt
|-boost|p2a: Crawdaunt|atk|2
|
|-weather|none
|-damage|p2a: Crawdaunt|143\/267 brn|[from] brn
|turn|47
|
|move|p2a: Crawdaunt|Crabhammer|p1a: Sableye
|-damage|p1a: Sableye|0 fnt
|-damage|p2a: Crawdaunt|117\/267 brn|[from] item: Life Orb
|faint|p1a: Sableye
|
|-damage|p2a: Crawdaunt|84\/267 brn|[from] brn
|
|switch|p1a: Celebi|Celebi|383\/404
|turn|48
|
|move|p2a: Crawdaunt|Aqua Jet|p1a: Celebi
|-resisted|p1a: Celebi
|-damage|p1a: Celebi|292\/404
|-damage|p2a: Crawdaunt|58\/267 brn|[from] item: Life Orb
|move|p1a: Celebi|Giga Drain|p2a: Crawdaunt
|-supereffective|p2a: Crawdaunt
|-damage|p2a: Crawdaunt|0 fnt
|-heal|p1a: Celebi|321\/404|[from] drain|[of] p2a: Crawdaunt
|faint|p2a: Crawdaunt
|
|c| Boredom v2.0|Wow really expected the switch into celebi there
|c| Boredom v2.0|gg guys
|
|switch|p2a: Thundurus|Thundurus, M|86\/299 tox
|turn|49
|
|move|p2a: Thundurus|Thunder Wave|p1a: Celebi
|-status|p1a: Celebi|par
|move|p1a: Celebi|Giga Drain|p2a: Thundurus
|-resisted|p2a: Thundurus
|-damage|p2a: Thundurus|36\/299 tox
|-heal|p1a: Celebi|346\/404 par|[from] drain|[of] p2a: Thundurus
|
|-damage|p2a: Thundurus|18\/299 tox|[from] psn
|turn|50
|c|âMudoon|Well played
|c|âWECAMEASROMANS|gg!
|c|âMudoon|Indeed
|
|move|p2a: Thundurus|Hidden Power|p1a: Celebi
|-supereffective|p1a: Celebi
|-damage|p1a: Celebi|219\/404 par
|-damage|p2a: Thundurus|0 fnt|[from] item: Life Orb
|faint|p2a: Thundurus
|
|win|WECAMEASROMANS
|raw|Ladder updating...
|leave|WECAMEASROMANS
|player|p1