|join|justanazn
|join|Mudoon
|player|p1|justanazn|101
|player|p2|Mudoon|153
|gametype|singles
|gen|6
|tier|OU
|rated
|clearpoke
|poke|p1|Lucario, M
|poke|p1|Blissey, F
|poke|p1|Rotom-Wash
|poke|p1|Volcarona, F
|poke|p1|Ditto
|poke|p1|Mandibuzz, F
|poke|p2|Dragonite, F
|poke|p2|Greninja, M
|poke|p2|Excadrill, F
|poke|p2|Tyranitar, M
|poke|p2|Thundurus, M
|poke|p2|Charizard, M
|rule|Sleep Clause Mod: Limit one foe put to sleep
|rule|Species Clause: Limit one of each Pokemon
|rule|OHKO Clause: OHKO moves are banned
|rule|Moody Clause: Moody is banned
|rule|Evasion Moves Clause: Evasion moves are banned
|rule|Endless Battle Clause: Forcing endless battles is banned.
|rule|HP Percentage Mod: HP is reported as percentages
|teampreview
|
|start
|switch|p1a: Rotom-Wash|Rotom-Wash|241\/241
|switch|p2a: Tyranitar|Tyranitar, M|342\/342
|-weather|Sandstorm
|turn|1
|
|move|p1a: Rotom-Wash|Hydro Pump|p2a: Tyranitar
|-supereffective|p2a: Tyranitar
|-damage|p2a: Tyranitar|114\/342
|move|p2a: Tyranitar|Stealth Rock|p1a: Rotom-Wash
|-sidestart|p1: justanazn|move: Stealth Rock
|
|-weather|Sandstorm|[upkeep]
|-damage|p1a: Rotom-Wash|226\/241|[from] sandstorm
|turn|2
|
|move|p1a: Rotom-Wash|Hydro Pump|p2a: Tyranitar
|-supereffective|p2a: Tyranitar
|-damage|p2a: Tyranitar|0 fnt
|faint|p2a: Tyranitar
|
|-weather|Sandstorm|[upkeep]
|-damage|p1a: Rotom-Wash|211\/241|[from] sandstorm
|
|switch|p2a: Dragonite|Dragonite, F|323\/323
|turn|3
|
|move|p1a: Rotom-Wash|Hydro Pump|p2a: Dragonite
|-resisted|p2a: Dragonite
|-damage|p2a: Dragonite|246\/323
|move|p2a: Dragonite|Outrage|p1a: Rotom-Wash
|-damage|p1a: Rotom-Wash|0 fnt
|faint|p1a: Rotom-Wash
|
|-weather|Sandstorm|[upkeep]
|-damage|p2a: Dragonite|226\/323|[from] sandstorm
|
|switch|p1a: Mandibuzz|Mandibuzz, F|424\/424
|-damage|p1a: Mandibuzz|318\/424|[from] Stealth Rock
|turn|4
|
|move|p2a: Dragonite|Outrage|p1a: Mandibuzz
|-damage|p1a: Mandibuzz|50\/424
|-damage|p2a: Dragonite|173\/323|[from] item: Rocky Helmet|[of] p1a: Mandibuzz
|move|p1a: Mandibuzz|Roost|p1a: Mandibuzz
|-heal|p1a: Mandibuzz|262\/424
|
|-weather|Sandstorm|[upkeep]
|-damage|p2a: Dragonite|153\/323|[from] sandstorm
|turn|5
|
|switch|p1a: Lucario|Lucario, M|281\/281
|-damage|p1a: Lucario|273\/281|[from] Stealth Rock
|move|p2a: Dragonite|Outrage|p1a: Lucario
|-resisted|p1a: Lucario
|-damage|p1a: Lucario|48\/281
|
|-end|p2a: Dragonite|rampage
|-start|p2a: Dragonite|confusion
|-weather|none
|turn|6
|
|switch|p2a: Thundurus|Thundurus, M|299\/299
|move|p1a: Lucario|Extreme Speed|p2a: Thundurus
|-damage|p2a: Thundurus|144\/299
|-damage|p1a: Lucario|20\/281|[from] item: Life Orb
|
|turn|7
|
|switch|p2a: Excadrill|Excadrill, F|362\/362
|-item|p2a: Excadrill|Air Balloon
|move|p1a: Lucario|Extreme Speed|p2a: Excadrill
|-resisted|p2a: Excadrill
|-damage|p2a: Excadrill|284\/362
|-enditem|p2a: Excadrill|Air Balloon
|-damage|p1a: Lucario|0 fnt|[from] item: Life Orb
|faint|p1a: Lucario
|
|
|switch|p1a: Mandibuzz|Mandibuzz, F|262\/424
|-damage|p1a: Mandibuzz|156\/424|[from] Stealth Rock
|turn|8
|
|move|p2a: Excadrill|Rock Slide|p1a: Mandibuzz
|-supereffective|p1a: Mandibuzz
|-damage|p1a: Mandibuzz|14\/424
|move|p1a: Mandibuzz|Roost|p1a: Mandibuzz
|-heal|p1a: Mandibuzz|226\/424
|
|turn|9
|
|move|p2a: Excadrill|Rock Slide|p1a: Mandibuzz
|-supereffective|p1a: Mandibuzz
|-damage|p1a: Mandibuzz|82\/424
|cant|p1a: Mandibuzz|flinch
|
|turn|10
|
|move|p2a: Excadrill|Iron Head|p1a: Mandibuzz
|-damage|p1a: Mandibuzz|0 fnt
|-damage|p2a: Excadrill|224\/362|[from] item: Rocky Helmet|[of] p1a: Mandibuzz
|faint|p1a: Mandibuzz
|
|
|switch|p1a: Blissey|Blissey, F|714\/714
|-damage|p1a: Blissey|625\/714|[from] Stealth Rock
|turn|11
|
|move|p2a: Excadrill|Earthquake|p1a: Blissey
|-damage|p1a: Blissey|235\/714
|move|p1a: Blissey|Wish|p1a: Blissey
|
|-heal|p1a: Blissey|279\/714|[from] item: Leftovers
|turn|12
|
|switch|p1a: Ditto|Ditto|299\/299
|-damage|p1a: Ditto|262\/299|[from] Stealth Rock
|-transform|p1a: Ditto|p2a: Excadrill
|move|p2a: Excadrill|Rock Slide|p1a: Ditto
|-resisted|p1a: Ditto
|-damage|p1a: Ditto|222\/299
|
|-heal|p1a: Ditto|299\/299|[from] move: Wish|[wisher] Blissey
|turn|13
|
|switch|p2a: Dragonite|Dragonite, F|153\/323
|move|p1a: Ditto|Rapid Spin|p2a: Dragonite
|-damage|p2a: Dragonite|126\/323
|-sideend|p1: justanazn|Stealth Rock|[from] move: Rapid Spin|[of] p1a: Ditto
|
|turn|14
|
|switch|p1a: Blissey|Blissey, F|279\/714
|move|p2a: Dragonite|Outrage|p1a: Blissey
|-damage|p1a: Blissey|0 fnt
|faint|p1a: Blissey
|
|
|switch|p1a: Ditto|Ditto|299\/299
|-transform|p1a: Ditto|p2a: Dragonite
|turn|15
|
|move|p1a: Ditto|Outrage|p2a: Dragonite
|-supereffective|p2a: Dragonite
|-damage|p2a: Dragonite|0 fnt
|faint|p2a: Dragonite
|
|
|switch|p2a: Excadrill|Excadrill, F|224\/362
|turn|16
|
|move|p1a: Ditto|Outrage|p2a: Excadrill
|-resisted|p2a: Excadrill
|-damage|p2a: Excadrill|34\/362
|move|p2a: Excadrill|Rock Slide|p1a: Ditto
|-supereffective|p1a: Ditto
|-damage|p1a: Ditto|101\/299
|
|turn|17
|
|move|p1a: Ditto|Outrage|p2a: Excadrill
|-resisted|p2a: Excadrill
|-damage|p2a: Excadrill|0 fnt
|faint|p2a: Excadrill
|
|-end|p1a: Ditto|rampage
|-start|p1a: Ditto|confusion
|
|switch|p2a: Greninja|Greninja, M|285\/285
|turn|18
|
|-activate|p1a: Ditto|confusion
|move|p1a: Ditto|Outrage|p2a: Greninja
|-damage|p2a: Greninja|0 fnt
|faint|p2a: Greninja
|
|
|switch|p2a: Charizard|Charizard, M|297\/297
|turn|19
|
|-activate|p1a: Ditto|confusion
|move|p1a: Ditto|Outrage|p2a: Charizard
|-damage|p2a: Charizard|0 fnt
|faint|p2a: Charizard
|
|
|switch|p2a: Thundurus|Thundurus, M|144\/299
|turn|20
|
|-activate|p1a: Ditto|confusion
|move|p1a: Ditto|Outrage|p2a: Thundurus
|-damage|p2a: Thundurus|0 fnt
|faint|p2a: Thundurus
|
|win|justanazn
|raw|Ladder updating...
|raw|justanazn's rating: 1643 &rarr; <strong>1661<\/strong><br \/>(+18 for winning)
|raw|Mudoon's rating: 1613 &rarr; <strong>1594<\/strong><br \/>(-19 for losing)
|leave|Mudoon
|player|p2
|chat|justanazn|gg