|join|areee
|join|Mudoon
|player|p1|areee|265
|player|p2|Mudoon|126
|gametype|singles
|gen|6
|tier|OU
|rated
|clearpoke
|poke|p1|Ampharos, M
|poke|p1|Gothitelle, F
|poke|p1|Aggron, F
|poke|p1|Landorus-Therian, M
|poke|p1|Slowbro, M
|poke|p1|Audino, F
|poke|p2|Manectric, F
|poke|p2|Azumarill, F
|poke|p2|Excadrill, F
|poke|p2|Tyranitar, F
|poke|p2|Gothitelle, F
|poke|p2|Talonflame, F
|rule|Swagger Clause: Swagger is banned
|rule|Baton Pass Clause: Limit one PokÃ©mon knowing Baton Pass
|rule|Sleep Clause Mod: Limit one foe put to sleep
|rule|Species Clause: Limit one of each PokÃ©mon
|rule|OHKO Clause: OHKO moves are banned
|rule|Moody Clause: Moody is banned
|rule|Evasion Moves Clause: Evasion moves are banned
|rule|Endless Battle Clause: Forcing endless battles is banned
|rule|HP Percentage Mod: HP is shown in percentages
|teampreview
|
|start
|switch|p1a: Landorus-Therian|Landorus-Therian, M|319\/319
|switch|p2a: Manectric|Manectric, F|281\/281
|-ability|p1a: Landorus-Therian|Intimidate|[of] p2a: Manectric
|-unboost|p2a: Manectric|atk|1
|turn|1
|
|switch|p2a: Excadrill|Excadrill, F|361\/361
|-item|p2a: Excadrill|Air Balloon
|move|p1a: Landorus-Therian|U-turn|p2a: Excadrill
|-resisted|p2a: Excadrill
|-damage|p2a: Excadrill|289\/361
|-enditem|p2a: Excadrill|Air Balloon
|
|switch|p1a: Slowbro|Slowbro, M|394\/394
|
|turn|2
|
|switch|p2a: Gothitelle|Gothitelle, F|281\/281
|switch|p1a: Landorus-Therian|Landorus-Therian, M|319\/319
|-ability|p1a: Landorus-Therian|Intimidate|[of] p2a: Gothitelle
|-unboost|p2a: Gothitelle|atk|1
|
|turn|3
|
|move|p1a: Landorus-Therian|Earthquake|p2a: Gothitelle
|-damage|p2a: Gothitelle|68\/281
|move|p2a: Gothitelle|Energy Ball|p1a: Landorus-Therian
|-damage|p1a: Landorus-Therian|135\/319
|
|turn|4
|
|switch|p2a: Talonflame|Talonflame, F|327\/327
|move|p1a: Landorus-Therian|Earthquake|p2a: Talonflame
|-immune|p2a: Talonflame|[msg]
|
|turn|5
|
|switch|p1a: Ampharos|Ampharos, M|384\/384
|switch|p2a: Gothitelle|Gothitelle, F|68\/281
|
|turn|6
|
|detailschange|p1a: Ampharos|Ampharos-Mega, M
|message|Ampharos has Mega Evolved into Mega Ampharos!
|-ability|p1a: Ampharos|Mold Breaker
|move|p2a: Gothitelle|Psyshock|p1a: Ampharos
|-damage|p1a: Ampharos|204\/384
|move|p1a: Ampharos|Dragon Pulse|p2a: Gothitelle
|-damage|p2a: Gothitelle|0 fnt
|faint|p2a: Gothitelle
|
|
|switch|p2a: Excadrill|Excadrill, F|289\/361
|turn|7
|
|switch|p1a: Slowbro|Slowbro, M|394\/394
|move|p2a: Excadrill|Stealth Rock|p1a: Slowbro
|-sidestart|p1: areee|move: Stealth Rock
|
|turn|8
|
|switch|p2a: Manectric|Manectric, F|281\/281
|move|p1a: Slowbro|Trick Room|p1a: Slowbro
|-fieldstart|move: Trick Room|[of] p1a: Slowbro
|
|turn|9
|
|switch|p1a: Gothitelle|Gothitelle, F|344\/344
|-damage|p1a: Gothitelle|301\/344|[from] Stealth Rock
|detailschange|p2a: Manectric|Manectric-Mega, F
|message|Manectric has Mega Evolved into Mega Manectric!
|-ability|p2a: Manectric|Intimidate|[of] p1a: Gothitelle
|-unboost|p1a: Gothitelle|atk|1
|move|p2a: Manectric|Volt Switch|p1a: Gothitelle
|-damage|p1a: Gothitelle|208\/344
|
|switch|p2a: Azumarill|Azumarill, F|341\/341
|
|turn|10
|
|move|p2a: Azumarill|Knock Off|p1a: Gothitelle
|-supereffective|p1a: Gothitelle
|-damage|p1a: Gothitelle|0 fnt
|-enditem|p1a: Gothitelle|Choice Scarf|[from] move: Knock Off|[of] p2a: Azumarill
|faint|p1a: Gothitelle
|
|
|switch|p1a: Aggron|Aggron, F|344\/344
|-damage|p1a: Aggron|323\/344|[from] Stealth Rock
|turn|11
|
|switch|p2a: Manectric|Manectric-Mega, F|281\/281
|-ability|p2a: Manectric|Intimidate|[of] p1a: Aggron
|-unboost|p1a: Aggron|atk|1
|move|p1a: Aggron|Head Smash|p2a: Manectric
|-damage|p2a: Manectric|0 fnt
|faint|p2a: Manectric
|
|
|switch|p2a: Excadrill|Excadrill, F|289\/361
|turn|12
|
|switch|p1a: Slowbro|Slowbro, M|394\/394
|-damage|p1a: Slowbro|345\/394|[from] Stealth Rock
|move|p2a: Excadrill|Earthquake|p1a: Slowbro
|-damage|p1a: Slowbro|210\/394
|
|-heal|p1a: Slowbro|234\/394|[from] item: Leftovers
|-fieldend|move: Trick Room
|turn|13
|
|switch|p2a: Azumarill|Azumarill, F|341\/341
|move|p1a: Slowbro|Trick Room|p1a: Slowbro
|-fieldstart|move: Trick Room|[of] p1a: Slowbro
|
|-heal|p1a: Slowbro|258\/394|[from] item: Leftovers
|turn|14
|
|switch|p1a: Audino|Audino, F|410\/410
|-damage|p1a: Audino|359\/410|[from] Stealth Rock
|move|p2a: Azumarill|Knock Off|p1a: Audino
|-damage|p1a: Audino|188\/410
|-enditem|p1a: Audino|Leftovers|[from] move: Knock Off|[of] p2a: Azumarill
|
|turn|15
|
|switch|p2a: Excadrill|Excadrill, F|289\/361
|move|p1a: Audino|Healing Wish|p1a: Audino
|faint|p1a: Audino
|
|
|switch|p1a: Ampharos|Ampharos-Mega, M|204\/384
|-heal|p1a: Ampharos|384\/384|[from] move: Healing Wish
|-damage|p1a: Ampharos|336\/384|[from] Stealth Rock
|-ability|p1a: Ampharos|Mold Breaker
|turn|16
|
|switch|p2a: Azumarill|Azumarill, F|341\/341
|move|p1a: Ampharos|Hidden Power|p2a: Azumarill
|-resisted|p2a: Azumarill
|-damage|p2a: Azumarill|314\/341
|
|turn|17
|
|switch|p2a: Excadrill|Excadrill, F|289\/361
|move|p1a: Ampharos|Volt Switch|p2a: Excadrill
|-immune|p2a: Excadrill|[msg]
|
|-fieldend|move: Trick Room
|turn|18
|
|switch|p2a: Azumarill|Azumarill, F|314\/341
|switch|p1a: Slowbro|Slowbro, M|389\/394
|-damage|p1a: Slowbro|340\/394|[from] Stealth Rock
|
|-heal|p1a: Slowbro|364\/394|[from] item: Leftovers
|turn|19
|
|move|p2a: Azumarill|Knock Off|p1a: Slowbro
|-supereffective|p1a: Slowbro
|-damage|p1a: Slowbro|178\/394
|-enditem|p1a: Slowbro|Leftovers|[from] move: Knock Off|[of] p2a: Azumarill
|move|p1a: Slowbro|Toxic|p2a: Azumarill
|-status|p2a: Azumarill|tox
|
|-damage|p2a: Azumarill|293\/341 tox|[from] psn
|turn|20
|
|switch|p2a: Tyranitar|Tyranitar, F|342\/342
|-weather|Sandstorm
|move|p1a: Slowbro|Slack Off|p1a: Slowbro
|-heal|p1a: Slowbro|375\/394
|
|-weather|Sandstorm|[upkeep]
|-damage|p1a: Slowbro|351\/394|[from] sandstorm
|turn|21
|
|switch|p1a: Landorus-Therian|Landorus-Therian, M|135\/319
|-damage|p1a: Landorus-Therian|96\/319|[from] Stealth Rock
|-ability|p1a: Landorus-Therian|Intimidate|[of] p2a: Tyranitar
|-unboost|p2a: Tyranitar|atk|1
|move|p2a: Tyranitar|Crunch|p1a: Landorus-Therian
|-damage|p1a: Landorus-Therian|0 fnt
|faint|p1a: Landorus-Therian
|
|-weather|Sandstorm|[upkeep]
|
|switch|p1a: Aggron|Aggron, F|323\/344
|-damage|p1a: Aggron|302\/344|[from] Stealth Rock
|turn|22
|
|switch|p2a: Excadrill|Excadrill, F|289\/361
|move|p1a: Aggron|Iron Head|p2a: Excadrill
|-resisted|p2a: Excadrill
|-damage|p2a: Excadrill|139\/361
|
|-weather|Sandstorm|[upkeep]
|turn|23
|
|switch|p1a: Slowbro|Slowbro, M|394\/394
|-damage|p1a: Slowbro|345\/394|[from] Stealth Rock
|move|p2a: Excadrill|Earthquake|p1a: Slowbro
|-damage|p1a: Slowbro|200\/394
|
|-weather|Sandstorm|[upkeep]
|-damage|p1a: Slowbro|176\/394|[from] sandstorm
|turn|24
|
|switch|p2a: Tyranitar|Tyranitar, F|342\/342
|move|p1a: Slowbro|Scald|p2a: Tyranitar
|-supereffective|p2a: Tyranitar
|-damage|p2a: Tyranitar|222\/342
|-status|p2a: Tyranitar|brn
|
|-weather|none
|-damage|p2a: Tyranitar|180\/342 brn|[from] brn
|turn|25
|
|move|p2a: Tyranitar|Crunch|p1a: Slowbro
|-crit|p1a: Slowbro
|-supereffective|p1a: Slowbro
|-damage|p1a: Slowbro|20\/394
|move|p1a: Slowbro|Slack Off|p1a: Slowbro
|-heal|p1a: Slowbro|217\/394
|
|-damage|p2a: Tyranitar|138\/342 brn|[from] brn
|turn|26
|
|move|p2a: Tyranitar|Crunch|p1a: Slowbro
|-supereffective|p1a: Slowbro
|-damage|p1a: Slowbro|109\/394
|move|p1a: Slowbro|Slack Off|p1a: Slowbro
|-heal|p1a: Slowbro|306\/394
|
|-damage|p2a: Tyranitar|96\/342 brn|[from] brn
|turn|27
|
|switch|p2a: Azumarill|Azumarill, F|293\/341 tox
|move|p1a: Slowbro|Trick Room|p1a: Slowbro
|-fieldstart|move: Trick Room|[of] p1a: Slowbro
|
|-damage|p2a: Azumarill|272\/341 tox|[from] psn
|turn|28
|
|move|p1a: Slowbro|Scald|p2a: Azumarill
|-resisted|p2a: Azumarill
|-damage|p2a: Azumarill|242\/341 tox
|move|p2a: Azumarill|Play Rough|p1a: Slowbro
|-damage|p1a: Slowbro|168\/394
|
|-damage|p2a: Azumarill|200\/341 tox|[from] psn
|turn|29
|
|switch|p2a: Tyranitar|Tyranitar, F|96\/342 brn
|-weather|Sandstorm
|move|p1a: Slowbro|Scald|p2a: Tyranitar
|-supereffective|p2a: Tyranitar
|-damage|p2a: Tyranitar|0 fnt
|faint|p2a: Tyranitar
|
|-weather|Sandstorm|[upkeep]
|-damage|p1a: Slowbro|144\/394|[from] sandstorm
|
|switch|p2a: Azumarill|Azumarill, F|200\/341 tox
|turn|30
|
|move|p1a: Slowbro|Slack Off|p1a: Slowbro
|-heal|p1a: Slowbro|341\/394
|move|p2a: Azumarill|Play Rough|p1a: Slowbro|[miss]
|-miss|p2a: Azumarill|p1a: Slowbro
|
|-weather|Sandstorm|[upkeep]
|-damage|p1a: Slowbro|317\/394|[from] sandstorm
|-damage|p2a: Azumarill|179\/341 tox|[from] sandstorm
|-damage|p2a: Azumarill|158\/341 tox|[from] psn
|turn|31
|
|move|p1a: Slowbro|Scald|p2a: Azumarill
|-resisted|p2a: Azumarill
|-damage|p2a: Azumarill|128\/341 tox
|move|p2a: Azumarill|Play Rough|p1a: Slowbro
|-damage|p1a: Slowbro|185\/394
|-unboost|p1a: Slowbro|atk|1
|
|-weather|Sandstorm|[upkeep]
|-damage|p1a: Slowbro|161\/394|[from] sandstorm
|-damage|p2a: Azumarill|107\/341 tox|[from] sandstorm
|-damage|p2a: Azumarill|65\/341 tox|[from] psn
|-fieldend|move: Trick Room
|turn|32
|
|switch|p1a: Aggron|Aggron, F|302\/344
|-damage|p1a: Aggron|281\/344|[from] Stealth Rock
|move|p2a: Azumarill|Play Rough|p1a: Aggron
|-resisted|p1a: Aggron
|-damage|p1a: Aggron|219\/344
|
|-weather|Sandstorm|[upkeep]
|-damage|p2a: Azumarill|44\/341 tox|[from] sandstorm
|-damage|p2a: Azumarill|0 fnt|[from] psn
|faint|p2a: Azumarill
|
|switch|p2a: Excadrill|Excadrill, F|139\/361
|turn|33
|
|move|p2a: Excadrill|Earthquake|p1a: Aggron
|-supereffective|p1a: Aggron
|-damage|p1a: Aggron|0 fnt
|faint|p1a: Aggron
|
|-weather|none
|
|switch|p1a: Slowbro|Slowbro, M|292\/394
|-damage|p1a: Slowbro|243\/394|[from] Stealth Rock
|turn|34
|
|switch|p2a: Talonflame|Talonflame, F|327\/327
|move|p1a: Slowbro|Trick Room|p1a: Slowbro
|-fieldstart|move: Trick Room|[of] p1a: Slowbro
|
|turn|35
|
|switch|p1a: Ampharos|Ampharos-Mega, M|336\/384
|-damage|p1a: Ampharos|288\/384|[from] Stealth Rock
|-ability|p1a: Ampharos|Mold Breaker
|move|p2a: Talonflame|Swords Dance|p2a: Talonflame
|-boost|p2a: Talonflame|atk|2
|
|turn|36
|
|move|p1a: Ampharos|Volt Switch|p2a: Talonflame
|-supereffective|p2a: Talonflame
|-damage|p2a: Talonflame|0 fnt
|faint|p2a: Talonflame
|
|switch|p1a: Slowbro|Slowbro, M|374\/394
|-damage|p1a: Slowbro|325\/394|[from] Stealth Rock
|
|-message|Mudoon forfeited.
|
|win|areee
|raw|Ladder updating...
|leave|Mudoon
|player|p2
|raw|areee's rating: 1485 &rarr; <strong>1501<\/strong><br \/>(+16 for winning)
|raw|Mudoon's rating: 1427 &rarr; <strong>1410<\/strong><br \/>(-17 for losing)