|join|Mudoon
|join|reVrost
|player|p1|Mudoon|109
|player|p2|reVrost|206
|gametype|singles
|tier|OU (beta)
|rated
|clearpoke
|poke|p1|Alakazam, M
|poke|p1|Ferrothorn, M, shiny
|poke|p1|Staraptor, M, shiny
|poke|p1|Sylveon, M
|poke|p1|Rotom-Wash
|poke|p1|Excadrill, M
|poke|p2|Gliscor, M
|poke|p2|Pinsir, F
|poke|p2|Mamoswine, F
|poke|p2|Volcarona, M
|poke|p2|Dragonite, M
|poke|p2|Heliolisk, F
|rule|Sleep Clause Mod: Limit one foe put to sleep
|rule|Species Clause: Limit one of each Pokemon
|rule|OHKO Clause: OHKO moves are banned
|rule|Moody Clause: Moody is banned
|rule|Evasion Moves Clause: Evasion moves are banned
|rule|HP Percentage Mod: HP is reported as percentages
|teampreview
|callback|decision
|
|start
|switch|p1a: Ferrothorn|Ferrothorn, M, shiny|352\/352
|switch|p2a: Mamoswine|Mamoswine, F|362\/362
|turn|1
|callback|decision
|
|move|p2a: Mamoswine|Stealth Rock|p1a: Ferrothorn
|-sidestart|p1: Mudoon|move: Stealth Rock
|move|p1a: Ferrothorn|Stealth Rock|p2a: Mamoswine
|-sidestart|p2: reVrost|move: Stealth Rock
|
|turn|2
|callback|decision
|
|move|p2a: Mamoswine|Icicle Crash|p1a: Ferrothorn
|-damage|p1a: Ferrothorn|204\/352
|-damage|p2a: Mamoswine|326\/362|[from] item: Life Orb
|cant|p1a: Ferrothorn|flinch
|
|turn|3
|callback|decision
|
|move|p2a: Mamoswine|Icicle Crash|p1a: Ferrothorn
|-damage|p1a: Ferrothorn|58\/352
|-damage|p2a: Mamoswine|290\/362|[from] item: Life Orb
|move|p1a: Ferrothorn|Leech Seed|p2a: Mamoswine|[miss]
|-miss|p1a: Ferrothorn|p2a: Mamoswine
|
|turn|4
|callback|decision
|
|switch|p1a: Rotom-Wash|Rotom-Wash|299\/299
|-damage|p1a: Rotom-Wash|262\/299|[from] Stealth Rock
|move|p2a: Mamoswine|Icicle Crash|p1a: Rotom-Wash
|-resisted|p1a: Rotom-Wash
|-damage|p1a: Rotom-Wash|163\/299
|-damage|p2a: Mamoswine|254\/362|[from] item: Life Orb
|
|turn|5
|callback|decision
|
|switch|p2a: Heliolisk|Heliolisk, F|265\/265
|-damage|p2a: Heliolisk|232\/265|[from] Stealth Rock
|move|p1a: Rotom-Wash|Will-O-Wisp|p2a: Heliolisk
|-status|p2a: Heliolisk|brn
|
|-damage|p2a: Heliolisk|199\/265 brn|[from] brn
|turn|6
|callback|decision
|
|switch|p1a: Excadrill|Excadrill, M|362\/362
|-damage|p1a: Excadrill|351\/362|[from] Stealth Rock
|-ability|p1a: Excadrill|Mold Breaker
|-item|p1a: Excadrill|Air Balloon
|move|p2a: Heliolisk|Volt Switch|p1a: Excadrill
|-immune|p1a: Excadrill|[msg]
|
|-damage|p2a: Heliolisk|166\/265 brn|[from] brn
|turn|7
|callback|decision
|
|move|p2a: Heliolisk|Surf|p1a: Excadrill
|-supereffective|p1a: Excadrill
|-damage|p1a: Excadrill|95\/362
|-enditem|p1a: Excadrill|Air Balloon
|move|p1a: Excadrill|Rapid Spin|p2a: Heliolisk
|-damage|p2a: Heliolisk|121\/265 brn
|-sideend|p1: Mudoon|Stealth Rock|[from] move: Rapid Spin|[of] p1a: Excadrill
|
|-damage|p2a: Heliolisk|88\/265 brn|[from] brn
|turn|8
|callback|decision
|
|switch|p1a: Ferrothorn|Ferrothorn, M, shiny|58\/352
|move|p2a: Heliolisk|Surf|p1a: Ferrothorn
|-resisted|p1a: Ferrothorn
|-damage|p1a: Ferrothorn|24\/352
|
|-damage|p2a: Heliolisk|55\/265 brn|[from] brn
|turn|9
|callback|decision
|
|move|p1a: Ferrothorn|Protect|p1a: Ferrothorn
|-singleturn|p1a: Ferrothorn|Protect
|move|p2a: Heliolisk|Surf|p1a: Ferrothorn
|-activate|p1a: Ferrothorn|Protect
|
|-damage|p2a: Heliolisk|22\/265 brn|[from] brn
|turn|10
|callback|decision
|
|move|p1a: Ferrothorn|Protect|p1a: Ferrothorn
|-fail|p1a: Ferrothorn
|move|p2a: Heliolisk|Surf|p1a: Ferrothorn
|-resisted|p1a: Ferrothorn
|-damage|p1a: Ferrothorn|0 fnt
|faint|p1a: Ferrothorn
|
|-damage|p2a: Heliolisk|0 fnt|[from] brn
|faint|p2a: Heliolisk
|callback|decision
|
|switch|p2a: Gliscor|Gliscor, M|354\/354
|-damage|p2a: Gliscor|310\/354|[from] Stealth Rock
|switch|p1a: Rotom-Wash|Rotom-Wash|163\/299
|turn|11
|callback|decision
|
|move|p2a: Gliscor|Toxic|p1a: Rotom-Wash|[miss]
|-miss|p2a: Gliscor|p1a: Rotom-Wash
|move|p1a: Rotom-Wash|Hydro Pump|p2a: Gliscor
|-supereffective|p2a: Gliscor
|-damage|p2a: Gliscor|0 fnt
|faint|p2a: Gliscor
|
|callback|decision
|
|switch|p2a: Dragonite|Dragonite, M|324\/324
|-damage|p2a: Dragonite|243\/324|[from] Stealth Rock
|turn|12
|callback|decision
|
|switch|p1a: Sylveon|Sylveon, M|393\/393
|move|p2a: Dragonite|Dragon Dance|p2a: Dragonite
|-boost|p2a: Dragonite|atk|1
|-boost|p2a: Dragonite|spe|1
|
|turn|13
|callback|decision
|
|move|p2a: Dragonite|Roost|p2a: Dragonite
|-heal|p2a: Dragonite|324\/324
|move|p1a: Sylveon|Moonblast|p2a: Dragonite
|-supereffective|p2a: Dragonite
|-damage|p2a: Dragonite|204\/324
|-enditem|p2a: Dragonite|Weakness Policy
|-boost|p2a: Dragonite|atk|2|[from] item: Weakness Policy
|-boost|p2a: Dragonite|spa|2|[from] item: Weakness Policy
|
|turn|14
|callback|decision
|
|move|p2a: Dragonite|Waterfall|p1a: Sylveon
|-damage|p1a: Sylveon|155\/393
|cant|p1a: Sylveon|flinch
|
|-heal|p1a: Sylveon|179\/393|[from] item: Leftovers
|turn|15
|callback|decision
|
|move|p1a: Sylveon|Protect|p1a: Sylveon
|-singleturn|p1a: Sylveon|Protect
|move|p2a: Dragonite|Waterfall|p1a: Sylveon
|-activate|p1a: Sylveon|Protect
|
|-heal|p1a: Sylveon|203\/393|[from] item: Leftovers
|turn|16
|callback|decision
|
|switch|p1a: Excadrill|Excadrill, M|95\/362
|-ability|p1a: Excadrill|Mold Breaker
|move|p2a: Dragonite|Waterfall|p1a: Excadrill
|-supereffective|p1a: Excadrill
|-damage|p1a: Excadrill|0 fnt
|faint|p1a: Excadrill
|
|callback|decision
|
|switch|p1a: Sylveon|Sylveon, M|203\/393
|turn|17
|callback|decision
|
|move|p1a: Sylveon|Protect|p1a: Sylveon
|-singleturn|p1a: Sylveon|Protect
|move|p2a: Dragonite|Waterfall|p1a: Sylveon
|-activate|p1a: Sylveon|Protect
|
|-heal|p1a: Sylveon|227\/393|[from] item: Leftovers
|turn|18
|callback|decision
|
|move|p1a: Sylveon|Protect|p1a: Sylveon
|-fail|p1a: Sylveon
|move|p2a: Dragonite|Waterfall|p1a: Sylveon
|-damage|p1a: Sylveon|0 fnt
|faint|p1a: Sylveon
|
|callback|decision
|chat|Mudoon|love the hax
|-message|Mudoon forfeited.
|
|win|reVrost
|raw|Ladder updating...
|raw|Mudoon's rating: 1801 &rarr; <strong>1796<\/strong><br \/>(-5 for losing)
|raw|reVrost's rating: 1698 &rarr; <strong>1703<\/strong><br \/>(+5 for winning)
|leave|Mudoon
|player|p1
|chat|reVrost|lol msf