|join|Barge7799
|join|PDCYoutube2
|player|p1|Barge7799|291
|player|p2|PDCYoutube2|8
|gametype|singles
|gen|6
|tier|OU
|rated
|clearpoke
|poke|p1|Metagross
|poke|p1|Keldeo
|poke|p1|Talonflame, M
|poke|p1|Latios, M
|poke|p1|Thundurus, M
|poke|p1|Garchomp, F
|poke|p2|Starmie
|poke|p2|Venusaur, M
|poke|p2|Gliscor, M
|poke|p2|Heatran, F
|poke|p2|Landorus, M
|poke|p2|Clefable, M
|rule|Swagger Clause: Swagger is banned
|rule|Baton Pass Clause: Limit one PokÃ©mon knowing Baton Pass
|rule|Sleep Clause Mod: Limit one foe put to sleep
|rule|Species Clause: Limit one of each PokÃ©mon
|rule|OHKO Clause: OHKO moves are banned
|rule|Moody Clause: Moody is banned
|rule|Evasion Moves Clause: Evasion moves are banned
|rule|Endless Battle Clause: Forcing endless battles is banned
|rule|HP Percentage Mod: HP is shown in percentages
|teampreview
|
|start
|switch|p1a: Garchomp|Garchomp, F|357\/357
|switch|p2a: ONLY SHALLOW|Starmie|323\/323
|turn|1
|join|zuif
|leave|zuif
|join|zuif
|leave|zuif
|
|move|p2a: ONLY SHALLOW|Scald|p1a: Garchomp
|-damage|p1a: Garchomp|252\/357
|move|p1a: Garchomp|Earthquake|p2a: ONLY SHALLOW
|-damage|p2a: ONLY SHALLOW|119\/323
|
|-heal|p2a: ONLY SHALLOW|139\/323|[from] item: Leftovers
|turn|2
|
|switch|p2a: BRING DA RUCKUS|Gliscor, M|354\/354
|move|p1a: Garchomp|Earthquake|p2a: BRING DA RUCKUS
|-immune|p2a: BRING DA RUCKUS|[msg]
|
|-status|p2a: BRING DA RUCKUS|tox|[from] item: Toxic Orb
|turn|3
|
|switch|p1a: Keldeo|Keldeo|323\/323
|move|p2a: BRING DA RUCKUS|Earthquake|p1a: Keldeo
|-damage|p1a: Keldeo|205\/323
|
|turn|4
|
|switch|p1a: Metagross|Metagross|301\/301
|switch|p2a: LOVELESS|Venusaur, M|364\/364
|
|turn|5
|
|switch|p2a: RUINER|Heatran, F|385\/385
|detailschange|p1a: Metagross|Metagross-Mega
|-mega|p1a: Metagross|Metagross|Metagrossite
|move|p1a: Metagross|Substitute|p1a: Metagross
|-start|p1a: Metagross|Substitute
|-damage|p1a: Metagross|226\/301
|
|turn|6
|
|switch|p2a: ONLY SHALLOW|Starmie|139\/323
|move|p1a: Metagross|Hammer Arm|p2a: ONLY SHALLOW
|-resisted|p2a: ONLY SHALLOW
|-damage|p2a: ONLY SHALLOW|42\/323
|-unboost|p1a: Metagross|spe|1
|
|-heal|p2a: ONLY SHALLOW|62\/323|[from] item: Leftovers
|turn|7
|
|move|p2a: ONLY SHALLOW|Recover|p2a: ONLY SHALLOW
|-heal|p2a: ONLY SHALLOW|224\/323
|move|p1a: Metagross|Meteor Mash|p2a: ONLY SHALLOW
|-resisted|p2a: ONLY SHALLOW
|-damage|p2a: ONLY SHALLOW|83\/323
|
|-heal|p2a: ONLY SHALLOW|103\/323|[from] item: Leftovers
|turn|8
|
|move|p2a: ONLY SHALLOW|Recover|p2a: ONLY SHALLOW
|-heal|p2a: ONLY SHALLOW|265\/323
|move|p1a: Metagross|Meteor Mash|p2a: ONLY SHALLOW
|-resisted|p2a: ONLY SHALLOW
|-damage|p2a: ONLY SHALLOW|135\/323
|
|-heal|p2a: ONLY SHALLOW|155\/323|[from] item: Leftovers
|turn|9
|
|move|p2a: ONLY SHALLOW|Recover|p2a: ONLY SHALLOW
|-heal|p2a: ONLY SHALLOW|317\/323
|move|p1a: Metagross|Meteor Mash|p2a: ONLY SHALLOW
|-resisted|p2a: ONLY SHALLOW
|-damage|p2a: ONLY SHALLOW|191\/323
|
|-heal|p2a: ONLY SHALLOW|211\/323|[from] item: Leftovers
|turn|10
|
|move|p2a: ONLY SHALLOW|Scald|p1a: Metagross
|-end|p1a: Metagross|Substitute
|move|p1a: Metagross|Meteor Mash|p2a: ONLY SHALLOW
|-crit|p2a: ONLY SHALLOW
|-resisted|p2a: ONLY SHALLOW
|-damage|p2a: ONLY SHALLOW|9\/323
|
|-heal|p2a: ONLY SHALLOW|29\/323|[from] item: Leftovers
|turn|11
|
|move|p2a: ONLY SHALLOW|Recover|p2a: ONLY SHALLOW
|-heal|p2a: ONLY SHALLOW|191\/323
|move|p1a: Metagross|Meteor Mash|p2a: ONLY SHALLOW|[miss]
|-miss|p1a: Metagross|p2a: ONLY SHALLOW
|
|-heal|p2a: ONLY SHALLOW|211\/323|[from] item: Leftovers
|turn|12
|
|move|p2a: ONLY SHALLOW|Scald|p1a: Metagross
|-damage|p1a: Metagross|145\/301
|-status|p1a: Metagross|brn
|move|p1a: Metagross|Meteor Mash|p2a: ONLY SHALLOW
|-resisted|p2a: ONLY SHALLOW
|-damage|p2a: ONLY SHALLOW|145\/323
|
|-heal|p2a: ONLY SHALLOW|165\/323|[from] item: Leftovers
|-damage|p1a: Metagross|108\/301 brn|[from] brn
|turn|13
|
|switch|p1a: Thundurus|Thundurus, M|299\/299
|move|p2a: ONLY SHALLOW|Recover|p2a: ONLY SHALLOW
|-heal|p2a: ONLY SHALLOW|323\/323
|
|turn|14
|
|switch|p2a: LOVELESS|Venusaur, M|364\/364
|switch|p1a: Garchomp|Garchomp, F|252\/357
|
|turn|15
|
|detailschange|p2a: LOVELESS|Venusaur-Mega, M
|-mega|p2a: LOVELESS|Venusaur|Venusaurite
|move|p1a: Garchomp|Swords Dance|p1a: Garchomp
|-boost|p1a: Garchomp|atk|2
|move|p2a: LOVELESS|Giga Drain|p1a: Garchomp
|-damage|p1a: Garchomp|125\/357
|
|turn|16
|
|move|p1a: Garchomp|Earthquake|p2a: LOVELESS
|-damage|p2a: LOVELESS|88\/364
|move|p2a: LOVELESS|Giga Drain|p1a: Garchomp
|-damage|p1a: Garchomp|16\/357
|-heal|p2a: LOVELESS|143\/364|[from] drain|[of] p1a: Garchomp
|
|turn|17
|
|switch|p2a: MEAT GRINDER|Landorus, M|319\/319
|move|p1a: Garchomp|Outrage|p2a: MEAT GRINDER
|-damage|p2a: MEAT GRINDER|0 fnt
|faint|p2a: MEAT GRINDER
|
|
|switch|p2a: ALICE IN CHAINS|Clefable, M|394\/394
|turn|18
|
|move|p1a: Garchomp|Outrage|p2a: ALICE IN CHAINS
|-immune|p2a: ALICE IN CHAINS|[msg]
|move|p2a: ALICE IN CHAINS|Moonblast|p1a: Garchomp
|-supereffective|p1a: Garchomp
|-damage|p1a: Garchomp|0 fnt
|faint|p1a: Garchomp
|
|
|switch|p1a: Metagross|Metagross-Mega|108\/301 brn
|turn|19
|
|switch|p1a: Keldeo|Keldeo|205\/323
|switch|p2a: RUINER|Heatran, F|385\/385
|
|turn|20
|
|switch|p2a: ONLY SHALLOW|Starmie|323\/323
|move|p1a: Keldeo|Hydro Pump|p2a: ONLY SHALLOW
|-resisted|p2a: ONLY SHALLOW
|-damage|p2a: ONLY SHALLOW|208\/323
|
|-heal|p2a: ONLY SHALLOW|228\/323|[from] item: Leftovers
|turn|21
|
|switch|p1a: Latios|Latios, M|301\/301
|move|p2a: ONLY SHALLOW|Recover|p2a: ONLY SHALLOW
|-heal|p2a: ONLY SHALLOW|323\/323
|
|turn|22
|
|switch|p2a: RUINER|Heatran, F|385\/385
|move|p1a: Latios|Draco Meteor|p2a: RUINER
|-resisted|p2a: RUINER
|-damage|p2a: RUINER|247\/385
|-unboost|p1a: Latios|spa|2
|-damage|p1a: Latios|271\/301|[from] item: Life Orb
|
|-heal|p2a: RUINER|271\/385|[from] item: Leftovers
|turn|23
|
|switch|p1a: Thundurus|Thundurus, M|299\/299
|move|p2a: RUINER|Stealth Rock|p1a: Thundurus
|-sidestart|p1: Barge7799|move: Stealth Rock
|
|-heal|p2a: RUINER|295\/385|[from] item: Leftovers
|turn|24
|
|switch|p2a: LOVELESS|Venusaur-Mega, M|143\/364
|move|p1a: Thundurus|Thunderbolt|p2a: LOVELESS
|-resisted|p2a: LOVELESS
|-damage|p2a: LOVELESS|69\/364
|-damage|p1a: Thundurus|270\/299|[from] item: Life Orb
|
|turn|25
|
|move|p1a: Thundurus|Thunderbolt|p2a: LOVELESS
|-resisted|p2a: LOVELESS
|-damage|p2a: LOVELESS|0 fnt
|-damage|p1a: Thundurus|241\/299|[from] item: Life Orb
|faint|p2a: LOVELESS
|
|
|switch|p2a: ALICE IN CHAINS|Clefable, M|394\/394
|turn|26
|
|switch|p1a: Metagross|Metagross-Mega|108\/301 brn
|-damage|p1a: Metagross|90\/301 brn|[from] Stealth Rock
|move|p2a: ALICE IN CHAINS|Soft-Boiled|p2a: ALICE IN CHAINS
|-fail|p2a: ALICE IN CHAINS
|
|-damage|p1a: Metagross|53\/301 brn|[from] brn
|turn|27
|
|switch|p2a: ONLY SHALLOW|Starmie|323\/323
|move|p1a: Metagross|Meteor Mash|p2a: ONLY SHALLOW
|-crit|p2a: ONLY SHALLOW
|-resisted|p2a: ONLY SHALLOW
|-damage|p2a: ONLY SHALLOW|231\/323
|-boost|p1a: Metagross|atk|1
|
|-heal|p2a: ONLY SHALLOW|251\/323|[from] item: Leftovers
|-damage|p1a: Metagross|16\/301 brn|[from] brn
|turn|28
|
|move|p2a: ONLY SHALLOW|Scald|p1a: Metagross
|-damage|p1a: Metagross|0 fnt
|faint|p1a: Metagross
|
|-heal|p2a: ONLY SHALLOW|271\/323|[from] item: Leftovers
|
|switch|p1a: Latios|Latios, M|271\/301
|-damage|p1a: Latios|234\/301|[from] Stealth Rock
|turn|29
|
|switch|p2a: ALICE IN CHAINS|Clefable, M|394\/394
|move|p1a: Latios|Draco Meteor|p2a: ALICE IN CHAINS
|-immune|p2a: ALICE IN CHAINS|[msg]
|
|turn|30
|
|move|p1a: Latios|Defog|p2a: ALICE IN CHAINS
|-unboost|p2a: ALICE IN CHAINS|evasion|1
|-sideend|p1: Barge7799|Stealth Rock|[from] move: Defog|[of] p1a: Latios
|move|p2a: ALICE IN CHAINS|Calm Mind|p2a: ALICE IN CHAINS
|-boost|p2a: ALICE IN CHAINS|spa|1
|-boost|p2a: ALICE IN CHAINS|spd|1
|
|turn|31
|
|move|p1a: Latios|Psyshock|p2a: ALICE IN CHAINS
|-damage|p2a: ALICE IN CHAINS|230\/394
|-damage|p1a: Latios|204\/301|[from] item: Life Orb
|move|p2a: ALICE IN CHAINS|Moonblast|p1a: Latios
|-supereffective|p1a: Latios
|-damage|p1a: Latios|0 fnt
|faint|p1a: Latios
|
|-heal|p2a: ALICE IN CHAINS|254\/394|[from] item: Leftovers
|
|switch|p1a: Talonflame|Talonflame, M|319\/319
|turn|32
|
|switch|p2a: RUINER|Heatran, F|295\/385
|move|p1a: Talonflame|Swords Dance|p1a: Talonflame
|-boost|p1a: Talonflame|atk|2
|
|-heal|p2a: RUINER|319\/385|[from] item: Leftovers
|turn|33
|
|move|p1a: Talonflame|Swords Dance|p1a: Talonflame
|-boost|p1a: Talonflame|atk|2
|move|p2a: RUINER|Toxic|p1a: Talonflame
|-status|p1a: Talonflame|tox
|
|-heal|p2a: RUINER|343\/385|[from] item: Leftovers
|-damage|p1a: Talonflame|300\/319 tox|[from] psn
|turn|34
|
|move|p1a: Talonflame|Brave Bird|p2a: RUINER
|-resisted|p2a: RUINER
|-damage|p2a: RUINER|97\/385
|-damage|p1a: Talonflame|219\/319 tox|[from] recoil|[of] p2a: RUINER
|move|p2a: RUINER|Stealth Rock|p1a: Talonflame
|-sidestart|p1: Barge7799|move: Stealth Rock
|
|-heal|p2a: RUINER|121\/385|[from] item: Leftovers
|-damage|p1a: Talonflame|181\/319 tox|[from] psn
|turn|35
|
|move|p1a: Talonflame|Brave Bird|p2a: RUINER
|-resisted|p2a: RUINER
|-damage|p2a: RUINER|0 fnt
|-damage|p1a: Talonflame|141\/319 tox|[from] recoil|[of] p2a: RUINER
|faint|p2a: RUINER
|
|-damage|p1a: Talonflame|84\/319 tox|[from] psn
|
|switch|p2a: BRING DA RUCKUS|Gliscor, M|354\/354 tox
|turn|36
|
|move|p1a: Talonflame|Brave Bird|p2a: BRING DA RUCKUS
|-damage|p2a: BRING DA RUCKUS|0 fnt
|-damage|p1a: Talonflame|0 fnt|[from] recoil|[of] p2a: BRING DA RUCKUS
|faint|p2a: BRING DA RUCKUS
|faint|p1a: Talonflame
|
|
|switch|p1a: Keldeo|Keldeo|205\/323
|switch|p2a: ALICE IN CHAINS|Clefable, M|254\/394
|-damage|p1a: Keldeo|185\/323|[from] Stealth Rock
|turn|37
|
|move|p1a: Keldeo|Hydro Pump|p2a: ALICE IN CHAINS
|-damage|p2a: ALICE IN CHAINS|49\/394
|move|p2a: ALICE IN CHAINS|Soft-Boiled|p2a: ALICE IN CHAINS
|-heal|p2a: ALICE IN CHAINS|246\/394
|
|-heal|p2a: ALICE IN CHAINS|270\/394|[from] item: Leftovers
|turn|38
|c|âBarge7799|crit
|
|move|p1a: Keldeo|Hydro Pump|p2a: ALICE IN CHAINS
|-damage|p2a: ALICE IN CHAINS|65\/394
|move|p2a: ALICE IN CHAINS|Soft-Boiled|p2a: ALICE IN CHAINS
|-heal|p2a: ALICE IN CHAINS|262\/394
|
|-heal|p2a: ALICE IN CHAINS|286\/394|[from] item: Leftovers
|turn|39
|c|âBarge7799|crit
|
|switch|p2a: ONLY SHALLOW|Starmie|271\/323
|move|p1a: Keldeo|Hydro Pump|p2a: ONLY SHALLOW|[miss]
|-miss|p1a: Keldeo|p2a: ONLY SHALLOW
|
|-heal|p2a: ONLY SHALLOW|291\/323|[from] item: Leftovers
|turn|40
|
|move|p1a: Keldeo|Hydro Pump|p2a: ONLY SHALLOW|[miss]
|-miss|p1a: Keldeo|p2a: ONLY SHALLOW
|move|p2a: ONLY SHALLOW|Scald|p1a: Keldeo
|-resisted|p1a: Keldeo
|-damage|p1a: Keldeo|129\/323
|-status|p1a: Keldeo|brn
|
|-heal|p2a: ONLY SHALLOW|311\/323|[from] item: Leftovers
|-damage|p1a: Keldeo|89\/323 brn|[from] brn
|turn|41
|
|move|p1a: Keldeo|Hydro Pump|p2a: ONLY SHALLOW|[miss]
|-miss|p1a: Keldeo|p2a: ONLY SHALLOW
|move|p2a: ONLY SHALLOW|Scald|p1a: Keldeo
|-resisted|p1a: Keldeo
|-damage|p1a: Keldeo|38\/323 brn
|
|-heal|p2a: ONLY SHALLOW|323\/323|[from] item: Leftovers
|-damage|p1a: Keldeo|0 fnt|[from] brn
|faint|p1a: Keldeo
|c|âBarge7799|lol
|
|switch|p1a: Thundurus|Thundurus, M|241\/299
|-damage|p1a: Thundurus|167\/299|[from] Stealth Rock
|turn|42
|c|âPDCYoutube2|didn't matter but ok
|c|âBarge7799|ik
|
|move|p2a: ONLY SHALLOW|Scald|p1a: Thundurus
|-damage|p1a: Thundurus|55\/299
|move|p1a: Thundurus|Thunderbolt|p2a: ONLY SHALLOW
|-supereffective|p2a: ONLY SHALLOW
|-damage|p2a: ONLY SHALLOW|0 fnt
|-damage|p1a: Thundurus|26\/299|[from] item: Life Orb
|faint|p2a: ONLY SHALLOW
|
|c|âBarge7799|and now
|
|switch|p2a: ALICE IN CHAINS|Clefable, M|286\/394
|turn|43
|c|âBarge7799|this crit
|c|âBarge7799|is going to matter a lot
|
|move|p1a: Thundurus|Thunderbolt|p2a: ALICE IN CHAINS
|-crit|p2a: ALICE IN CHAINS
|-damage|p2a: ALICE IN CHAINS|0 fnt
|-damage|p1a: Thundurus|0 fnt|[from] item: Life Orb
|faint|p2a: ALICE IN CHAINS
|faint|p1a: Thundurus
|
|win|Barge7799
|raw|Ladder updating...
|c|âBarge7799|_
|c|âPDCYoutube2|lol
|raw|Barge7799's rating: 1679 &rarr; <strong>1693<\/strong><br \/>(+14 for winning)
|raw|PDCYoutube2's rating: 1570 &rarr; <strong>1556<\/strong><br \/>(-14 for losing)
|c|âBarge7799|:]
|c|âPDCYoutube2|ur good