|join|7th January 2015
|join|Illuminadian
|player|p1|7th January 2015|215
|player|p2|Illuminadian|248
|gametype|singles
|gen|6
|tier|UU
|rated
|rule|Sleep Clause Mod: Limit one foe put to sleep
|rule|Species Clause: Limit one of each PokÃ©mon
|rule|OHKO Clause: OHKO moves are banned
|rule|Moody Clause: Moody is banned
|rule|Evasion Moves Clause: Evasion moves are banned
|rule|Endless Battle Clause: Forcing endless battles is banned
|rule|HP Percentage Mod: HP is shown in percentages
|clearpoke
|poke|p1|Suicune
|poke|p1|Yanmega, F, shiny
|poke|p1|Jirachi, shiny
|poke|p1|Togetic, M
|poke|p1|Donphan, F
|poke|p1|Diancie, shiny
|poke|p2|Blastoise, M
|poke|p2|Arcanine, F
|poke|p2|Chandelure, M
|poke|p2|Noivern, M
|poke|p2|Haxorus, F
|poke|p2|Togetic, M
|rule|Swagger Clause: Swagger is banned
|rule|Baton Pass Clause: Limit one PokÃ©mon knowing Baton Pass
|teampreview
|
|start
|switch|p1a: Suicune|Suicune|404\/404
|switch|p2a: Togetic|Togetic, M|314\/314
|-ability|p1a: Suicune|Pressure
|turn|1
|c|âIlluminadian|diancie when did u turn punk rock
|
|move|p1a: Suicune|Substitute|p1a: Suicune
|-start|p1a: Suicune|Substitute
|-damage|p1a: Suicune|303\/404
|move|p2a: Togetic|Nasty Plot|p2a: Togetic
|-boost|p2a: Togetic|spa|2
|
|-heal|p1a: Suicune|328\/404|[from] item: Leftovers
|turn|2
|
|move|p1a: Suicune|Calm Mind|p1a: Suicune
|-boost|p1a: Suicune|spa|1
|-boost|p1a: Suicune|spd|1
|move|p2a: Togetic|Nasty Plot|p2a: Togetic
|-boost|p2a: Togetic|spa|2
|
|-heal|p1a: Suicune|353\/404|[from] item: Leftovers
|turn|3
|
|move|p1a: Suicune|Calm Mind|p1a: Suicune
|-boost|p1a: Suicune|spa|1
|-boost|p1a: Suicune|spd|1
|move|p2a: Togetic|Nasty Plot|p2a: Togetic
|-boost|p2a: Togetic|spa|2
|
|-heal|p1a: Suicune|378\/404|[from] item: Leftovers
|turn|4
|
|move|p1a: Suicune|Calm Mind|p1a: Suicune
|-boost|p1a: Suicune|spa|1
|-boost|p1a: Suicune|spd|1
|move|p2a: Togetic|Baton Pass|p2a: Togetic
|
|switch|p2a: Blastoise|Blastoise, M|358\/358
|
|-heal|p1a: Suicune|403\/404|[from] item: Leftovers
|turn|5
|
|detailschange|p2a: Blastoise|Blastoise-Mega, M
|-mega|p2a: Blastoise|Blastoise|Blastoisinite
|move|p1a: Suicune|Calm Mind|p1a: Suicune
|-boost|p1a: Suicune|spa|1
|-boost|p1a: Suicune|spd|1
|move|p2a: Blastoise|Dark Pulse|p1a: Suicune
|-end|p1a: Suicune|Substitute
|
|-heal|p1a: Suicune|404\/404|[from] item: Leftovers
|turn|6
|
|move|p1a: Suicune|Calm Mind|p1a: Suicune
|-boost|p1a: Suicune|spa|1
|-boost|p1a: Suicune|spd|1
|move|p2a: Blastoise|Aura Sphere|p1a: Suicune
|-damage|p1a: Suicune|251\/404
|
|-heal|p1a: Suicune|276\/404|[from] item: Leftovers
|turn|7
|
|move|p1a: Suicune|Scald|p2a: Blastoise
|-resisted|p2a: Blastoise
|-damage|p2a: Blastoise|219\/358
|move|p2a: Blastoise|Aura Sphere|p1a: Suicune
|-crit|p1a: Suicune
|-damage|p1a: Suicune|0 fnt
|faint|p1a: Suicune
|
|c|âIlluminadian|lol
|
|switch|p1a: Schweinsteiger|Donphan, F|382\/382
|turn|8
|
|move|p2a: Blastoise|Dark Pulse|p1a: Schweinsteiger
|-activate|p1a: Schweinsteiger|Sturdy
|-damage|p1a: Schweinsteiger|1\/382
|cant|p1a: Schweinsteiger|flinch
|
|-heal|p1a: Schweinsteiger|24\/382|[from] item: Leftovers
|turn|9
|
|move|p2a: Blastoise|Scald|p1a: Schweinsteiger
|-supereffective|p1a: Schweinsteiger
|-damage|p1a: Schweinsteiger|0 fnt
|faint|p1a: Schweinsteiger
|
|
|switch|p1a: Helicopter|Yanmega, F, shiny|313\/313
|turn|10
|
|move|p1a: Helicopter|Giga Drain|p2a: Blastoise
|-supereffective|p2a: Blastoise
|-damage|p2a: Blastoise|6\/358
|-damage|p1a: Helicopter|282\/313|[from] item: Life Orb
|move|p2a: Blastoise|Scald|p1a: Helicopter
|-damage|p1a: Helicopter|0 fnt
|faint|p1a: Helicopter
|
|
|switch|p1a: Jirachi|Jirachi, shiny|341\/341
|turn|11
|
|move|p1a: Jirachi|U-turn|p2a: Blastoise
|-damage|p2a: Blastoise|0 fnt
|faint|p2a: Blastoise
|
|switch|p1a: Bravely Default|Togetic, M|313\/313
|
|
|switch|p2a: Haxorus|Haxorus, F|294\/294
|-ability|p2a: Haxorus|Mold Breaker
|turn|12
|
|switch|p1a: Jirachi|Jirachi, shiny|341\/341
|move|p2a: Haxorus|Dragon Dance|p2a: Haxorus
|-boost|p2a: Haxorus|atk|1
|-boost|p2a: Haxorus|spe|1
|
|turn|13
|
|move|p1a: Jirachi|Trick|p2a: Haxorus
|-activate|p1a: Jirachi|move: Trick|[of] p2a: Haxorus
|-item|p2a: Haxorus|Choice Scarf|[from] move: Trick
|-item|p1a: Jirachi|Lum Berry|[from] move: Trick
|move|p2a: Haxorus|Earthquake|p1a: Jirachi
|-supereffective|p1a: Jirachi
|-damage|p1a: Jirachi|0 fnt
|faint|p1a: Jirachi
|
|
|switch|p1a: Bravely Default|Togetic, M|313\/313
|turn|14
|
|switch|p2a: Chandelure|Chandelure, M|261\/261
|move|p1a: Bravely Default|Nasty Plot|p1a: Bravely Default
|-boost|p1a: Bravely Default|spa|2
|
|turn|15
|
|move|p2a: Chandelure|Trick|p1a: Bravely Default
|-activate|p2a: Chandelure|move: Trick|[of] p1a: Bravely Default
|-item|p1a: Bravely Default|Choice Scarf|[from] move: Trick
|-item|p2a: Chandelure|Eviolite|[from] move: Trick
|move|p1a: Bravely Default|Baton Pass|p1a: Bravely Default
|
|switch|p1a: so pretty|Diancie, shiny|280\/280
|
|turn|16
|
|switch|p2a: Noivern|Noivern, M|311\/311
|move|p1a: so pretty|Rock Polish|p1a: so pretty
|-boost|p1a: so pretty|spe|2
|
|turn|17
|c|âIlluminadian|oh fuck lmao
|
|detailschange|p1a: so pretty|Diancie-Mega, shiny
|-mega|p1a: so pretty|Diancie|Diancite
|move|p2a: Noivern|Focus Blast|p1a: so pretty
|-damage|p1a: so pretty|113\/280
|move|p1a: so pretty|Moonblast|p2a: Noivern
|-supereffective|p2a: Noivern
|-damage|p2a: Noivern|0 fnt
|faint|p2a: Noivern
|
|
|switch|p2a: Arcanine|Arcanine, F|383\/383
|-ability|p2a: Arcanine|Intimidate|[of] p1a: so pretty
|-unboost|p1a: so pretty|atk|1
|turn|18
|
|move|p1a: so pretty|Earth Power|p2a: Arcanine
|-supereffective|p2a: Arcanine
|-damage|p2a: Arcanine|0 fnt
|faint|p2a: Arcanine
|
|
|switch|p2a: Togetic|Togetic, M|314\/314
|turn|19
|
|move|p1a: so pretty|Moonblast|p2a: Togetic
|-damage|p2a: Togetic|20\/314
|move|p2a: Togetic|Dazzling Gleam|p1a: so pretty
|-damage|p1a: so pretty|40\/280
|
|turn|20
|c|âIlluminadian|shoulda espeeded :((
|
|switch|p2a: Chandelure|Chandelure, M|261\/261
|move|p1a: so pretty|Moonblast|p2a: Chandelure
|-resisted|p2a: Chandelure
|-damage|p2a: Chandelure|24\/261
|
|turn|21
|c|âIlluminadian|you lucky fuck ;'9
|
|switch|p2a: Togetic|Togetic, M|20\/314
|move|p1a: so pretty|Moonblast|p2a: Togetic
|-damage|p2a: Togetic|0 fnt
|faint|p2a: Togetic
|
|
|switch|p2a: Haxorus|Haxorus, F|294\/294
|-ability|p2a: Haxorus|Mold Breaker
|turn|22
|
|move|p1a: so pretty|Moonblast|p2a: Haxorus
|-supereffective|p2a: Haxorus
|-damage|p2a: Haxorus|0 fnt
|faint|p2a: Haxorus
|
|c|âIlluminadian|FUCK YOU
|c|âIlluminadian|lel
|-message|Illuminadian forfeited.
|
|win|7th January 2015
|raw|Ladder updating...
|leave|Illuminadian
|player|p2
|raw|7th January 2015's rating: 1554 &rarr; <strong>1562<\/strong><br \/>(+8 for winning)
|raw|Illuminadian's rating: 1306 &rarr; <strong>1299<\/strong><br \/>(-7 for losing)
|leave|7th January 2015
|player|p1
|join|7th January 2015