|join|Sacripan'
|join|7th January 2015
|player|p1|Sacripan'|169
|player|p2|7th January 2015|215
|gametype|singles
|gen|6
|tier|UU
|rated
|rule|Sleep Clause Mod: Limit one foe put to sleep
|rule|Species Clause: Limit one of each PokÃ©mon
|rule|OHKO Clause: OHKO moves are banned
|rule|Moody Clause: Moody is banned
|rule|Evasion Moves Clause: Evasion moves are banned
|rule|Endless Battle Clause: Forcing endless battles is banned
|rule|HP Percentage Mod: HP is shown in percentages
|clearpoke
|poke|p1|Absol, M
|poke|p1|Nidoqueen, F
|poke|p1|Roserade, M
|poke|p1|Mienshao, M
|poke|p1|Jirachi
|poke|p1|Suicune
|poke|p2|Blastoise, M
|poke|p2|Hydreigon, F
|poke|p2|Toxicroak, M
|poke|p2|Krookodile, M
|poke|p2|Infernape, M
|poke|p2|Crobat, M
|rule|Swagger Clause: Swagger is banned
|rule|Baton Pass Clause: Limit one PokÃ©mon knowing Baton Pass
|teampreview
|
|start
|switch|p1a: Mienshao|Mienshao, M|271\/271
|switch|p2a: Krookodile|Krookodile, M|331\/331
|-ability|p2a: Krookodile|Intimidate|[of] p1a: Mienshao
|-unboost|p1a: Mienshao|atk|1
|turn|1
|join|skysoki
|
|switch|p2a: Crobat|Crobat, M|319\/319
|move|p1a: Mienshao|U-turn|p2a: Crobat
|-resisted|p2a: Crobat
|-damage|p2a: Crobat|303\/319
|
|switch|p1a: Jirachi|Jirachi|341\/341
|
|turn|2
|
|switch|p2a: Krookodile|Krookodile, M|331\/331
|-ability|p2a: Krookodile|Intimidate|[of] p1a: Jirachi
|-unboost|p1a: Jirachi|atk|1
|move|p1a: Jirachi|U-turn|p2a: Krookodile
|-supereffective|p2a: Krookodile
|-damage|p2a: Krookodile|227\/331
|join|majaspic22
|
|switch|p1a: Mienshao|Mienshao, M|271\/271
|
|turn|3
|
|switch|p2a: Crobat|Crobat, M|303\/319
|move|p1a: Mienshao|U-turn|p2a: Crobat
|-resisted|p2a: Crobat
|-damage|p2a: Crobat|281\/319
|
|switch|p1a: Jirachi|Jirachi|341\/341
|
|turn|4
|
|move|p2a: Crobat|Super Fang|p1a: Jirachi|[miss]
|-miss|p2a: Crobat|p1a: Jirachi
|move|p1a: Jirachi|Zen Headbutt|p2a: Crobat
|-supereffective|p2a: Crobat
|-damage|p2a: Crobat|11\/319
|
|turn|5
|
|move|p2a: Crobat|Super Fang|p1a: Jirachi|[miss]
|-miss|p2a: Crobat|p1a: Jirachi
|move|p1a: Jirachi|U-turn|p2a: Crobat
|-crit|p2a: Crobat
|-resisted|p2a: Crobat
|-damage|p2a: Crobat|0 fnt
|faint|p2a: Crobat
|
|switch|p1a: Suicune|Suicune|404\/404
|-ability|p1a: Suicune|Pressure
|
|
|switch|p2a: Toxicroak|Toxicroak, M|333\/333
|turn|6
|
|switch|p2a: Krookodile|Krookodile, M|227\/331
|-ability|p2a: Krookodile|Intimidate|[of] p1a: Suicune
|-unboost|p1a: Suicune|atk|1
|switch|p1a: Nidoqueen|Nidoqueen, F|384\/384
|
|turn|7
|
|switch|p1a: Suicune|Suicune|404\/404
|-ability|p1a: Suicune|Pressure
|move|p2a: Krookodile|Stealth Rock|p1a: Suicune
|-sidestart|p1: Sacripan'|move: Stealth Rock
|
|turn|8
|
|switch|p2a: Toxicroak|Toxicroak, M|333\/333
|switch|p1a: Nidoqueen|Nidoqueen, F|384\/384
|-damage|p1a: Nidoqueen|360\/384|[from] Stealth Rock
|
|turn|9
|
|switch|p2a: Blastoise|Blastoise, M|333\/333
|move|p1a: Nidoqueen|Ice Beam|p2a: Blastoise
|-resisted|p2a: Blastoise
|-damage|p2a: Blastoise|267\/333
|
|turn|10
|
|switch|p2a: Krookodile|Krookodile, M|227\/331
|-ability|p2a: Krookodile|Intimidate|[of] p1a: Nidoqueen
|-unboost|p1a: Nidoqueen|atk|1
|switch|p1a: Roserade|Roserade, M|262\/262
|-damage|p1a: Roserade|230\/262|[from] Stealth Rock
|
|turn|11
|
|switch|p1a: Suicune|Suicune|404\/404
|-damage|p1a: Suicune|354\/404|[from] Stealth Rock
|-ability|p1a: Suicune|Pressure
|move|p2a: Krookodile|Knock Off|p1a: Suicune
|-damage|p1a: Suicune|230\/404
|-enditem|p1a: Suicune|Leftovers|[from] move: Knock Off|[of] p2a: Krookodile
|
|turn|12
|
|switch|p2a: Toxicroak|Toxicroak, M|333\/333
|move|p1a: Suicune|Rest|p1a: Suicune
|-status|p1a: Suicune|slp
|-heal|p1a: Suicune|404\/404 slp|[silent]
|-status|p1a: Suicune|slp|[from] move: Rest
|
|turn|13
|
|switch|p2a: Hydreigon|Hydreigon, F|325\/325
|switch|p1a: Nidoqueen|Nidoqueen, F|360\/384
|-damage|p1a: Nidoqueen|336\/384|[from] Stealth Rock
|
|turn|14
|
|switch|p1a: Jirachi|Jirachi|341\/341
|-damage|p1a: Jirachi|320\/341|[from] Stealth Rock
|move|p2a: Hydreigon|Draco Meteor|p1a: Jirachi
|-resisted|p1a: Jirachi
|-damage|p1a: Jirachi|145\/341
|-unboost|p2a: Hydreigon|spa|2
|
|-heal|p1a: Jirachi|166\/341|[from] item: Leftovers
|turn|15
|
|switch|p2a: Infernape|Infernape, M|293\/293
|move|p1a: Jirachi|U-turn|p2a: Infernape
|-resisted|p2a: Infernape
|-damage|p2a: Infernape|272\/293
|
|switch|p1a: Suicune|Suicune|404\/404 slp
|-damage|p1a: Suicune|354\/404 slp|[from] Stealth Rock
|-ability|p1a: Suicune|Pressure
|
|turn|16
|join|Tom0410
|
|move|p2a: Infernape|U-turn|p1a: Suicune
|-damage|p1a: Suicune|310\/404 slp
|
|switch|p2a: Hydreigon|Hydreigon, F|325\/325
|cant|p1a: Suicune|slp
|move|p1a: Suicune|Sleep Talk|p1a: Suicune
|move|p1a: Suicune|Calm Mind|p1a: Suicune|[from]Sleep Talk
|-boost|p1a: Suicune|spa|1
|-boost|p1a: Suicune|spd|1
|
|turn|17
|
|move|p2a: Hydreigon|U-turn|p1a: Suicune
|-damage|p1a: Suicune|278\/404 slp
|
|switch|p2a: Toxicroak|Toxicroak, M|333\/333
|cant|p1a: Suicune|slp
|move|p1a: Suicune|Sleep Talk|p1a: Suicune
|move|p1a: Suicune|Calm Mind|p1a: Suicune|[from]Sleep Talk
|-boost|p1a: Suicune|spa|1
|-boost|p1a: Suicune|spd|1
|
|turn|18
|
|switch|p2a: Hydreigon|Hydreigon, F|325\/325
|switch|p1a: Nidoqueen|Nidoqueen, F|336\/384
|-damage|p1a: Nidoqueen|312\/384|[from] Stealth Rock
|
|turn|19
|
|move|p2a: Hydreigon|Draco Meteor|p1a: Nidoqueen
|-damage|p1a: Nidoqueen|0 fnt
|-unboost|p2a: Hydreigon|spa|2
|faint|p1a: Nidoqueen
|
|
|switch|p1a: Mienshao|Mienshao, M|271\/271
|-damage|p1a: Mienshao|255\/271|[from] Stealth Rock
|turn|20
|
|switch|p2a: Toxicroak|Toxicroak, M|333\/333
|move|p1a: Mienshao|High Jump Kick|p2a: Toxicroak
|-resisted|p2a: Toxicroak
|-damage|p2a: Toxicroak|155\/333
|
|turn|21
|
|switch|p2a: Krookodile|Krookodile, M|227\/331
|-ability|p2a: Krookodile|Intimidate|[of] p1a: Mienshao
|-unboost|p1a: Mienshao|atk|1
|move|p1a: Mienshao|High Jump Kick|p2a: Krookodile
|-supereffective|p2a: Krookodile
|-damage|p2a: Krookodile|0 fnt
|faint|p2a: Krookodile
|
|
|switch|p2a: Toxicroak|Toxicroak, M|155\/333
|turn|22
|
|switch|p1a: Jirachi|Jirachi|166\/341
|-damage|p1a: Jirachi|145\/341|[from] Stealth Rock
|move|p2a: Toxicroak|Drain Punch|p1a: Jirachi
|-crit|p1a: Jirachi
|-damage|p1a: Jirachi|0 fnt
|-heal|p2a: Toxicroak|228\/333|[from] drain|[of] p1a: Jirachi
|-damage|p2a: Toxicroak|195\/333|[from] item: Life Orb
|faint|p1a: Jirachi
|
|
|switch|p1a: Roserade|Roserade, M|230\/262
|-damage|p1a: Roserade|198\/262|[from] Stealth Rock
|turn|23
|
|switch|p2a: Blastoise|Blastoise, M|267\/333
|move|p1a: Roserade|Sleep Powder|p2a: Blastoise
|-status|p2a: Blastoise|slp
|
|turn|24
|
|switch|p2a: Hydreigon|Hydreigon, F|325\/325
|move|p1a: Roserade|Giga Drain|p2a: Hydreigon
|-resisted|p2a: Hydreigon
|-damage|p2a: Hydreigon|256\/325
|-heal|p1a: Roserade|233\/262|[from] drain|[of] p2a: Hydreigon
|
|turn|25
|
|move|p2a: Hydreigon|Draco Meteor|p1a: Roserade
|-damage|p1a: Roserade|0 fnt
|-unboost|p2a: Hydreigon|spa|2
|faint|p1a: Roserade
|
|
|switch|p1a: Mienshao|Mienshao, M|255\/271
|-damage|p1a: Mienshao|239\/271|[from] Stealth Rock
|turn|26
|
|move|p1a: Mienshao|High Jump Kick|p2a: Hydreigon
|-supereffective|p2a: Hydreigon
|-damage|p2a: Hydreigon|0 fnt
|faint|p2a: Hydreigon
|
|
|switch|p2a: Infernape|Infernape, M|272\/293
|turn|27
|
|switch|p1a: Suicune|Suicune|278\/404 slp
|-damage|p1a: Suicune|228\/404 slp|[from] Stealth Rock
|-ability|p1a: Suicune|Pressure
|move|p2a: Infernape|Close Combat|p1a: Suicune
|-damage|p1a: Suicune|98\/404 slp
|-unboost|p2a: Infernape|def|1
|-unboost|p2a: Infernape|spd|1
|
|turn|28
|
|switch|p2a: Toxicroak|Toxicroak, M|195\/333
|-curestatus|p1a: Suicune|slp
|move|p1a: Suicune|Sleep Talk|p1a: Suicune
|-fail|p1a: Suicune
|
|turn|29
|
|switch|p1a: Mienshao|Mienshao, M|239\/271
|-damage|p1a: Mienshao|223\/271|[from] Stealth Rock
|move|p2a: Toxicroak|Drain Punch|p1a: Mienshao
|-damage|p1a: Mienshao|0 fnt
|-heal|p2a: Toxicroak|307\/333|[from] drain|[of] p1a: Mienshao
|-damage|p2a: Toxicroak|274\/333|[from] item: Life Orb
|faint|p1a: Mienshao
|
|c|âSacripan'|gg
|-message|Sacripan' forfeited.
|
|win|7th January 2015
|raw|Ladder updating...
|raw|Sacripan&apos;'s rating: 1489 &rarr; <strong>1471<\/strong><br \/>(-18 for losing)
|raw|7th January 2015's rating: 1515 &rarr; <strong>1533<\/strong><br \/>(+18 for winning)