|join|ttte
|join|Rituraj
|player|p1|ttte|87
|player|p2|Rituraj|169
|gametype|singles
|gen|6
|tier|OU
|rated
|clearpoke
|poke|p1|Dragonite, M, shiny
|poke|p1|Skarmory, F, shiny
|poke|p1|Gengar, M
|poke|p1|Chansey, F
|poke|p1|Gallade, M
|poke|p1|Manectric, M
|poke|p2|Doublade, M, shiny
|poke|p2|Talonflame, M
|poke|p2|Alakazam, F
|poke|p2|Dragonite, M
|poke|p2|Heatran, M
|poke|p2|Diancie
|rule|Swagger Clause: Swagger is banned
|rule|Baton Pass Clause: Limit one PokÃ©mon knowing Baton Pass
|rule|Sleep Clause Mod: Limit one foe put to sleep
|rule|Species Clause: Limit one of each PokÃ©mon
|rule|OHKO Clause: OHKO moves are banned
|rule|Moody Clause: Moody is banned
|rule|Evasion Moves Clause: Evasion moves are banned
|rule|Endless Battle Clause: Forcing endless battles is banned
|rule|HP Percentage Mod: HP is shown in percentages
|teampreview
|
|start
|switch|p1a: Aragorn|Gallade, M|278\/278
|switch|p2a: Talonflame|Talonflame, M|298\/298
|turn|1
|
|switch|p1a: Barbaria|Skarmory, F, shiny|334\/334
|move|p2a: Talonflame|Brave Bird|p1a: Barbaria
|-crit|p1a: Barbaria
|-resisted|p1a: Barbaria
|-damage|p1a: Barbaria|226\/334
|-damage|p2a: Talonflame|249\/298|[from] item: Rocky Helmet|[of] p1a: Barbaria
|-damage|p2a: Talonflame|213\/298|[from] recoil|[of] p1a: Barbaria
|
|turn|2
|
|switch|p2a: Heatran|Heatran, M|323\/323
|-item|p2a: Heatran|Air Balloon
|move|p1a: Barbaria|Roost|p1a: Barbaria
|-heal|p1a: Barbaria|334\/334
|
|turn|3
|
|move|p2a: Heatran|Magma Storm|p1a: Barbaria
|-supereffective|p1a: Barbaria
|-activate|p1a: Barbaria|Sturdy
|-damage|p1a: Barbaria|1\/334
|-activate|p1a: Barbaria|move: Magma Storm|[of] p2a: Heatran
|move|p1a: Barbaria|Stealth Rock|p2a: Heatran
|-sidestart|p2: Rituraj|move: Stealth Rock
|
|-damage|p1a: Barbaria|0 fnt|[from] move: Magma Storm|[partiallytrapped]
|faint|p1a: Barbaria
|
|switch|p1a: Aragorn|Gallade, M|278\/278
|turn|4
|
|move|p1a: Aragorn|Close Combat|p2a: Heatran
|-supereffective|p2a: Heatran
|-damage|p2a: Heatran|17\/323
|-enditem|p2a: Heatran|Air Balloon
|-unboost|p1a: Aragorn|def|1
|-unboost|p1a: Aragorn|spd|1
|move|p2a: Heatran|Stealth Rock|p1a: Aragorn
|-sidestart|p1: ttte|move: Stealth Rock
|
|turn|5
|
|move|p1a: Aragorn|Knock Off|p2a: Heatran
|-damage|p2a: Heatran|0 fnt
|faint|p2a: Heatran
|
|
|switch|p2a: Talonflame|Talonflame, M|213\/298
|-damage|p2a: Talonflame|64\/298|[from] Stealth Rock
|turn|6
|
|move|p2a: Talonflame|Brave Bird|p1a: Aragorn
|-supereffective|p1a: Aragorn
|-damage|p1a: Aragorn|0 fnt
|-damage|p2a: Talonflame|0 fnt|[from] recoil|[of] p1a: Aragorn
|faint|p1a: Aragorn
|faint|p2a: Talonflame
|
|
|switch|p2a: Alakazam|Alakazam, F|252\/252
|-damage|p2a: Alakazam|221\/252|[from] Stealth Rock
|switch|p1a: Durza|Gengar, M|261\/261
|-damage|p1a: Durza|229\/261|[from] Stealth Rock
|turn|7
|
|switch|p1a: -Ei|Chansey, F|641\/641
|-damage|p1a: -Ei|561\/641|[from] Stealth Rock
|detailschange|p2a: Alakazam|Alakazam-Mega, F
|message|Alakazam has Mega Evolved into Mega Alakazam!
|-ability|p2a: Alakazam|Natural Cure|[from] ability: Trace|[of] p1a: -Ei
|move|p2a: Alakazam|Psyshock|p1a: -Ei
|-damage|p1a: -Ei|312\/641
|
|turn|8
|
|move|p2a: Alakazam|Psyshock|p1a: -Ei
|-damage|p1a: -Ei|53\/641
|move|p1a: -Ei|Soft-Boiled|p1a: -Ei
|-heal|p1a: -Ei|374\/641
|
|turn|9
|
|move|p2a: Alakazam|Psyshock|p1a: -Ei
|-damage|p1a: -Ei|94\/641
|move|p1a: -Ei|Soft-Boiled|p1a: -Ei
|-heal|p1a: -Ei|415\/641
|
|turn|10
|
|switch|p2a: Dragonite|Dragonite, M|323\/323
|-damage|p2a: Dragonite|243\/323|[from] Stealth Rock
|move|p1a: -Ei|Soft-Boiled|p1a: -Ei
|-heal|p1a: -Ei|641\/641
|
|turn|11
|
|move|p2a: Dragonite|Outrage|p1a: -Ei
|-damage|p1a: -Ei|255\/641
|-damage|p2a: Dragonite|211\/323|[from] item: Life Orb
|move|p1a: -Ei|Toxic|p2a: Dragonite
|-status|p2a: Dragonite|tox
|
|-damage|p2a: Dragonite|191\/323 tox|[from] psn
|turn|12
|
|move|p2a: Dragonite|Outrage|p1a: -Ei
|-damage|p1a: -Ei|0 fnt
|-damage|p2a: Dragonite|159\/323 tox|[from] item: Life Orb
|faint|p1a: -Ei
|
|-damage|p2a: Dragonite|119\/323 tox|[from] psn
|
|switch|p1a: Voltass|Manectric, M|282\/282
|-damage|p1a: Voltass|247\/282|[from] Stealth Rock
|turn|13
|
|detailschange|p1a: Voltass|Manectric-Mega, M
|message|Manectric has Mega Evolved into Mega Manectric!
|-ability|p1a: Voltass|Intimidate|[of] p2a: Dragonite
|-unboost|p2a: Dragonite|atk|1
|move|p1a: Voltass|Hidden Power|p2a: Dragonite
|-supereffective|p2a: Dragonite
|-damage|p2a: Dragonite|0 fnt
|faint|p2a: Dragonite
|
|
|switch|p2a: Doublade|Doublade, M, shiny|259\/259
|-damage|p2a: Doublade|243\/259|[from] Stealth Rock
|turn|14
|
|move|p2a: Doublade|Shadow Sneak|p1a: Voltass
|-damage|p1a: Voltass|163\/282
|move|p1a: Voltass|Flamethrower|p2a: Doublade
|-supereffective|p2a: Doublade
|-damage|p2a: Doublade|89\/259
|
|turn|15
|
|move|p2a: Doublade|Shadow Sneak|p1a: Voltass
|-damage|p1a: Voltass|85\/282
|move|p1a: Voltass|Flamethrower|p2a: Doublade
|-supereffective|p2a: Doublade
|-damage|p2a: Doublade|0 fnt
|faint|p2a: Doublade
|
|
|switch|p2a: Diancie|Diancie|242\/242
|-damage|p2a: Diancie|212\/242|[from] Stealth Rock
|turn|16
|
|move|p1a: Voltass|Thunderbolt|p2a: Diancie
|-damage|p2a: Diancie|118\/242
|move|p2a: Diancie|Moonblast|p1a: Voltass
|-damage|p1a: Voltass|0 fnt
|faint|p1a: Voltass
|
|
|switch|p1a: Durza|Gengar, M|229\/261
|-damage|p1a: Durza|197\/261|[from] Stealth Rock
|turn|17
|
|move|p1a: Durza|Sludge Bomb|p2a: Diancie
|-damage|p2a: Diancie|24\/242
|move|p2a: Diancie|Diamond Storm|p1a: Durza
|-damage|p1a: Durza|26\/261
|-boost|p2a: Diancie|def|1
|
|turn|18
|
|move|p1a: Durza|Shadow Ball|p2a: Diancie
|-damage|p2a: Diancie|0 fnt
|faint|p2a: Diancie
|
|
|switch|p2a: Alakazam|Alakazam-Mega, F|221\/252
|-damage|p2a: Alakazam|190\/252|[from] Stealth Rock
|-ability|p2a: Alakazam|Levitate|[from] ability: Trace|[of] p1a: Durza
|turn|19
|
|move|p2a: Alakazam|Psyshock|p1a: Durza
|-supereffective|p1a: Durza
|-damage|p1a: Durza|0 fnt
|faint|p1a: Durza
|
|
|switch|p1a: Firnen|Dragonite, M, shiny|386\/386
|-damage|p1a: Firnen|290\/386|[from] Stealth Rock
|turn|20
|
|move|p1a: Firnen|Extreme Speed|p2a: Alakazam
|-damage|p2a: Alakazam|34\/252
|move|p2a: Alakazam|Dazzling Gleam|p1a: Firnen
|-supereffective|p1a: Firnen
|-damage|p1a: Firnen|66\/386
|-enditem|p1a: Firnen|Weakness Policy
|-boost|p1a: Firnen|atk|2|[from] item: Weakness Policy
|-boost|p1a: Firnen|spa|2|[from] item: Weakness Policy
|
|turn|21
|
|move|p1a: Firnen|Extreme Speed|p2a: Alakazam
|-damage|p2a: Alakazam|0 fnt
|faint|p2a: Alakazam
|
|win|ttte
|raw|Ladder updating...
|raw|ttte's rating: 1247 &rarr; <strong>1272<\/strong><br \/>(+25 for winning)
|raw|Rituraj's rating: 1250 &rarr; <strong>1225<\/strong><br \/>(-25 for losing)