|join|ttte
|join|lewouxkendra
|player|p1|ttte|87
|player|p2|lewouxkendra|199
|gametype|singles
|gen|6
|tier|OU
|rated
|clearpoke
|poke|p1|Dragonite, M, shiny
|poke|p1|Skarmory, F, shiny
|poke|p1|Gengar, M, shiny
|poke|p1|Chansey, F
|poke|p1|Gallade, M
|poke|p1|Manectric, M
|poke|p2|Dragonite, M
|poke|p2|Forretress, M
|poke|p2|Vaporeon, M, shiny
|poke|p2|Charizard, F
|poke|p2|Chesnaught, F
|poke|p2|Metagross
|rule|Swagger Clause: Swagger is banned
|rule|Baton Pass Clause: Limit one PokÃ©mon knowing Baton Pass
|rule|Sleep Clause Mod: Limit one foe put to sleep
|rule|Species Clause: Limit one of each PokÃ©mon
|rule|OHKO Clause: OHKO moves are banned
|rule|Moody Clause: Moody is banned
|rule|Evasion Moves Clause: Evasion moves are banned
|rule|Endless Battle Clause: Forcing endless battles is banned
|rule|HP Percentage Mod: HP is shown in percentages
|teampreview
|
|start
|switch|p1a: Aragorn|Gallade, M|278\/278
|switch|p2a: Forretress|Forretress, M|354\/354
|turn|1
|
|move|p1a: Aragorn|Knock Off|p2a: Forretress
|-damage|p2a: Forretress|290\/354
|-enditem|p2a: Forretress|Leftovers|[from] move: Knock Off|[of] p1a: Aragorn
|move|p2a: Forretress|Stealth Rock|p1a: Aragorn
|-sidestart|p1: ttte|move: Stealth Rock
|
|turn|2
|
|switch|p1a: Voltass|Manectric, M|282\/282
|-damage|p1a: Voltass|247\/282|[from] Stealth Rock
|move|p2a: Forretress|Toxic Spikes|p1a: Voltass
|-sidestart|p1: ttte|move: Toxic Spikes
|
|turn|3
|
|detailschange|p1a: Voltass|Manectric-Mega, M
|message|Manectric has Mega Evolved into Mega Manectric!
|-ability|p1a: Voltass|Intimidate|[of] p2a: Forretress
|-unboost|p2a: Forretress|atk|1
|move|p1a: Voltass|Flamethrower|p2a: Forretress
|-supereffective|p2a: Forretress
|-damage|p2a: Forretress|0 fnt
|faint|p2a: Forretress
|
|
|switch|p2a: Vaporeon|Vaporeon, M, shiny|464\/464
|turn|4
|
|move|p1a: Voltass|Thunderbolt|p2a: Vaporeon
|-supereffective|p2a: Vaporeon
|-damage|p2a: Vaporeon|182\/464
|move|p2a: Vaporeon|Toxic|p1a: Voltass
|-status|p1a: Voltass|tox
|
|-heal|p2a: Vaporeon|211\/464|[from] item: Leftovers
|-damage|p1a: Voltass|230\/282 tox|[from] psn
|turn|5
|
|move|p2a: Vaporeon|Protect|p2a: Vaporeon
|-singleturn|p2a: Vaporeon|Protect
|move|p1a: Voltass|Thunderbolt|p2a: Vaporeon
|-activate|p2a: Vaporeon|Protect
|
|-heal|p2a: Vaporeon|240\/464|[from] item: Leftovers
|-damage|p1a: Voltass|196\/282 tox|[from] psn
|turn|6
|
|switch|p2a: Metagross|Metagross|301\/301
|move|p1a: Voltass|Thunderbolt|p2a: Metagross
|-damage|p2a: Metagross|105\/301
|
|-damage|p1a: Voltass|145\/282 tox|[from] psn
|turn|7
|
|switch|p1a: Barbaria|Skarmory, F, shiny|334\/334
|-damage|p1a: Barbaria|293\/334|[from] Stealth Rock
|switch|p2a: Vaporeon|Vaporeon, M, shiny|240\/464
|
|-heal|p2a: Vaporeon|269\/464|[from] item: Leftovers
|turn|8
|
|move|p1a: Barbaria|Defog|p2a: Vaporeon
|-unboost|p2a: Vaporeon|evasion|1
|-sideend|p1: ttte|Toxic Spikes|[from] move: Defog|[of] p1a: Barbaria
|-sideend|p1: ttte|Stealth Rock|[from] move: Defog|[of] p1a: Barbaria
|move|p2a: Vaporeon|Wish|p2a: Vaporeon
|
|-heal|p2a: Vaporeon|298\/464|[from] item: Leftovers
|turn|9
|
|switch|p2a: Metagross|Metagross|105\/301
|move|p1a: Barbaria|Stealth Rock|p2a: Metagross
|-sidestart|p2: lewouxkendra|move: Stealth Rock
|
|-heal|p2a: Metagross|301\/301|[from] move: Wish|[wisher] Vaporeon
|turn|10
|
|move|p2a: Metagross|Agility|p2a: Metagross
|-boost|p2a: Metagross|spe|2
|move|p1a: Barbaria|Roost|p1a: Barbaria
|-heal|p1a: Barbaria|334\/334
|
|turn|11
|
|move|p2a: Metagross|Thunder Punch|p1a: Barbaria
|-supereffective|p1a: Barbaria
|-damage|p1a: Barbaria|242\/334
|-damage|p2a: Metagross|251\/301|[from] item: Rocky Helmet|[of] p1a: Barbaria
|-status|p1a: Barbaria|par
|move|p1a: Barbaria|Whirlwind|p2a: Metagross
|drag|p2a: Vaporeon|Vaporeon, M, shiny|298\/464
|-damage|p2a: Vaporeon|240\/464|[from] Stealth Rock
|
|-heal|p2a: Vaporeon|269\/464|[from] item: Leftovers
|turn|12
|
|move|p2a: Vaporeon|Wish|p2a: Vaporeon
|move|p1a: Barbaria|Roost|p1a: Barbaria
|-heal|p1a: Barbaria|334\/334 par
|
|-heal|p2a: Vaporeon|298\/464|[from] item: Leftovers
|turn|13
|
|switch|p2a: Charizard|Charizard, F|297\/297
|-damage|p2a: Charizard|149\/297|[from] Stealth Rock
|switch|p1a: Durza|Gengar, M, shiny|261\/261
|
|-heal|p2a: Charizard|297\/297|[from] move: Wish|[wisher] Vaporeon
|turn|14
|
|detailschange|p2a: Charizard|Charizard-Mega-Y, F
|message|Charizard has Mega Evolved into Mega Charizard!
|-weather|SunnyDay
|move|p1a: Durza|Sludge Bomb|p2a: Charizard
|-damage|p2a: Charizard|164\/297
|move|p2a: Charizard|Fire Blast|p1a: Durza
|-enditem|p1a: Durza|Focus Sash
|-damage|p1a: Durza|1\/261
|-status|p1a: Durza|brn
|
|-weather|SunnyDay|[upkeep]
|-damage|p1a: Durza|0 fnt|[from] brn
|faint|p1a: Durza
|
|switch|p1a: Voltass|Manectric-Mega, M|145\/282 tox
|-ability|p1a: Voltass|Intimidate|[of] p2a: Charizard
|-unboost|p2a: Charizard|atk|1
|turn|15
|
|switch|p2a: Dragonite|Dragonite, M|323\/323
|-damage|p2a: Dragonite|243\/323|[from] Stealth Rock
|move|p1a: Voltass|Thunderbolt|p2a: Dragonite
|-damage|p2a: Dragonite|86\/323
|
|-weather|SunnyDay|[upkeep]
|-damage|p1a: Voltass|128\/282 tox|[from] psn
|turn|16
|
|move|p2a: Dragonite|Extreme Speed|p1a: Voltass
|-damage|p1a: Voltass|0 fnt
|-damage|p2a: Dragonite|54\/323|[from] item: Life Orb
|faint|p1a: Voltass
|
|-weather|SunnyDay|[upkeep]
|
|switch|p1a: Aragorn|Gallade, M|278\/278
|turn|17
|
|switch|p1a: Barbaria|Skarmory, F, shiny|334\/334 par
|switch|p2a: Chesnaught|Chesnaught, F|346\/346
|-damage|p2a: Chesnaught|325\/346|[from] Stealth Rock
|
|-weather|SunnyDay|[upkeep]
|turn|18
|
|switch|p2a: Metagross|Metagross|251\/301
|-damage|p2a: Metagross|233\/301|[from] Stealth Rock
|move|p1a: Barbaria|Whirlwind|p2a: Metagross
|drag|p2a: Charizard|Charizard-Mega-Y, F|164\/297
|-damage|p2a: Charizard|16\/297|[from] Stealth Rock
|
|-weather|none
|turn|19
|
|switch|p1a: Ue-Ei|Chansey, F|641\/641
|move|p2a: Charizard|Fire Blast|p1a: Ue-Ei
|-damage|p1a: Ue-Ei|544\/641
|
|turn|20
|
|move|p2a: Charizard|Roost|p2a: Charizard
|-heal|p2a: Charizard|165\/297
|move|p1a: Ue-Ei|Seismic Toss|p2a: Charizard
|-damage|p2a: Charizard|65\/297
|
|turn|21
|
|move|p2a: Charizard|Roost|p2a: Charizard
|-heal|p2a: Charizard|214\/297
|move|p1a: Ue-Ei|Toxic|p2a: Charizard
|-status|p2a: Charizard|tox
|
|-damage|p2a: Charizard|196\/297 tox|[from] psn
|turn|22
|
|switch|p2a: Metagross|Metagross|233\/301
|-damage|p2a: Metagross|215\/301|[from] Stealth Rock
|move|p1a: Ue-Ei|Seismic Toss|p2a: Metagross
|-damage|p2a: Metagross|115\/301
|
|turn|23
|
|move|p2a: Metagross|Agility|p2a: Metagross
|-boost|p2a: Metagross|spe|2
|move|p1a: Ue-Ei|Counter|p2a: Metagross
|-fail|p2a: Metagross
|
|turn|24
|
|move|p2a: Metagross|Meteor Mash|p1a: Ue-Ei
|-damage|p1a: Ue-Ei|334\/641
|-boost|p2a: Metagross|atk|1
|move|p1a: Ue-Ei|Seismic Toss|p2a: Metagross
|-damage|p2a: Metagross|15\/301
|
|turn|25
|
|switch|p1a: Barbaria|Skarmory, F, shiny|334\/334 par
|move|p2a: Metagross|Meteor Mash|p1a: Barbaria
|-resisted|p1a: Barbaria
|-damage|p1a: Barbaria|265\/334 par
|-damage|p2a: Metagross|0 fnt|[from] item: Rocky Helmet|[of] p1a: Barbaria
|faint|p2a: Metagross
|
|
|switch|p2a: Vaporeon|Vaporeon, M, shiny|298\/464
|-damage|p2a: Vaporeon|240\/464|[from] Stealth Rock
|turn|26
|
|switch|p1a: Ue-Ei|Chansey, F|334\/641
|move|p2a: Vaporeon|Wish|p2a: Vaporeon
|
|-heal|p2a: Vaporeon|269\/464|[from] item: Leftovers
|turn|27
|
|move|p2a: Vaporeon|Toxic|p1a: Ue-Ei
|-status|p1a: Ue-Ei|tox
|move|p1a: Ue-Ei|Soft-Boiled|p1a: Ue-Ei
|-heal|p1a: Ue-Ei|641\/641 tox
|
|-heal|p2a: Vaporeon|464\/464|[from] move: Wish|[wisher] Vaporeon
|-damage|p1a: Ue-Ei|601\/641 tox|[from] psn
|turn|28
|
|move|p2a: Vaporeon|Wish|p2a: Vaporeon
|move|p1a: Ue-Ei|Toxic|p2a: Vaporeon
|-status|p2a: Vaporeon|tox
|
|-damage|p2a: Vaporeon|435\/464 tox|[from] psn
|-damage|p1a: Ue-Ei|521\/641 tox|[from] psn
|turn|29
|
|switch|p2a: Dragonite|Dragonite, M|54\/323
|-damage|p2a: Dragonite|0 fnt|[from] Stealth Rock
|faint|p2a: Dragonite
|move|p1a: Ue-Ei|Seismic Toss|p2: Dragonite|[notarget]
|-notarget
|
|-damage|p1a: Ue-Ei|401\/641 tox|[from] psn
|
|switch|p2a: Chesnaught|Chesnaught, F|325\/346
|-damage|p2a: Chesnaught|304\/346|[from] Stealth Rock
|turn|30
|
|switch|p1a: Barbaria|Skarmory, F, shiny|265\/334 par
|move|p2a: Chesnaught|Leech Seed|p1a: Barbaria
|-start|p1a: Barbaria|move: Leech Seed
|
|-damage|p1a: Barbaria|224\/334 par|[from] Leech Seed|[of] p2a: Chesnaught
|-heal|p2a: Chesnaught|345\/346|[silent]
|turn|31
|
|switch|p1a: Aragorn|Gallade, M|278\/278
|move|p2a: Chesnaught|Spiky Shield|p2a: Chesnaught
|-fail|p2a: Chesnaught
|
|turn|32
|
|move|p1a: Aragorn|Psycho Cut|p2a: Chesnaught
|-supereffective|p2a: Chesnaught
|-damage|p2a: Chesnaught|189\/346
|move|p2a: Chesnaught|Leech Seed|p1a: Aragorn
|-start|p1a: Aragorn|move: Leech Seed
|
|-damage|p1a: Aragorn|244\/278|[from] Leech Seed|[of] p2a: Chesnaught
|-heal|p2a: Chesnaught|223\/346|[silent]
|turn|33
|
|switch|p1a: Firnen|Dragonite, M, shiny|386\/386
|move|p2a: Chesnaught|Spiky Shield|p2a: Chesnaught
|-fail|p2a: Chesnaught
|
|turn|34
|
|move|p1a: Firnen|Dragon Dance|p1a: Firnen
|-boost|p1a: Firnen|atk|1
|-boost|p1a: Firnen|spe|1
|move|p2a: Chesnaught|Leech Seed|p1a: Firnen
|-start|p1a: Firnen|move: Leech Seed
|
|-damage|p1a: Firnen|338\/386|[from] Leech Seed|[of] p2a: Chesnaught
|-heal|p2a: Chesnaught|271\/346|[silent]
|turn|35
|
|move|p1a: Firnen|Dragon Dance|p1a: Firnen
|-boost|p1a: Firnen|atk|1
|-boost|p1a: Firnen|spe|1
|move|p2a: Chesnaught|Wood Hammer|p1a: Firnen
|-resisted|p1a: Firnen
|-damage|p1a: Firnen|294\/386
|-damage|p2a: Chesnaught|256\/346|[from] recoil|[of] p1a: Firnen
|
|-damage|p1a: Firnen|246\/386|[from] Leech Seed|[of] p2a: Chesnaught
|-heal|p2a: Chesnaught|304\/346|[silent]
|turn|36
|
|switch|p2a: Vaporeon|Vaporeon, M, shiny|435\/464 tox
|-damage|p2a: Vaporeon|377\/464 tox|[from] Stealth Rock
|move|p1a: Firnen|Roost|p1a: Firnen
|-heal|p1a: Firnen|386\/386
|
|-heal|p2a: Vaporeon|406\/464 tox|[from] item: Leftovers
|-damage|p1a: Firnen|338\/386|[from] Leech Seed|[of] p2a: Vaporeon
|-heal|p2a: Vaporeon|454\/464 tox|[silent]
|-damage|p2a: Vaporeon|425\/464 tox|[from] psn
|turn|37
|
|move|p1a: Firnen|Dragon Claw|p2a: Vaporeon
|-damage|p2a: Vaporeon|0 fnt
|faint|p2a: Vaporeon
|
|
|switch|p2a: Charizard|Charizard-Mega-Y, F|196\/297 tox
|-damage|p2a: Charizard|48\/297 tox|[from] Stealth Rock
|-weather|SunnyDay
|turn|38
|
|move|p1a: Firnen|Extreme Speed|p2a: Charizard
|-damage|p2a: Charizard|0 fnt
|faint|p2a: Charizard
|
|-weather|SunnyDay|[upkeep]
|
|switch|p2a: Chesnaught|Chesnaught, F|304\/346
|-damage|p2a: Chesnaught|283\/346|[from] Stealth Rock
|turn|39
|
|move|p2a: Chesnaught|Spiky Shield|p2a: Chesnaught
|-singleturn|p2a: Chesnaught|move: Protect
|move|p1a: Firnen|Dragon Claw|p2a: Chesnaught
|-activate|p2a: Chesnaught|move: Protect
|-damage|p1a: Firnen|290\/386|[from] Spiky Shield|[of] p2a: Chesnaught
|
|-weather|SunnyDay|[upkeep]
|-damage|p1a: Firnen|242\/386|[from] Leech Seed|[of] p2a: Chesnaught
|-heal|p2a: Chesnaught|331\/346|[silent]
|turn|40
|
|move|p1a: Firnen|Dragon Claw|p2a: Chesnaught
|-damage|p2a: Chesnaught|132\/346
|-damage|p1a: Firnen|178\/386|[from] item: Rocky Helmet|[of] p2a: Chesnaught
|move|p2a: Chesnaught|Wood Hammer|p1a: Firnen
|-resisted|p1a: Firnen
|-damage|p1a: Firnen|136\/386
|-damage|p2a: Chesnaught|118\/346|[from] recoil|[of] p1a: Firnen
|
|-weather|SunnyDay|[upkeep]
|-damage|p1a: Firnen|88\/386|[from] Leech Seed|[of] p2a: Chesnaught
|-heal|p2a: Chesnaught|166\/346|[silent]
|turn|41
|
|move|p2a: Chesnaught|Spiky Shield|p2a: Chesnaught
|-singleturn|p2a: Chesnaught|move: Protect
|move|p1a: Firnen|Dragon Dance|p1a: Firnen
|-boost|p1a: Firnen|atk|1
|-boost|p1a: Firnen|spe|1
|
|-weather|SunnyDay|[upkeep]
|-damage|p1a: Firnen|40\/386|[from] Leech Seed|[of] p2a: Chesnaught
|-heal|p2a: Chesnaught|214\/346|[silent]
|turn|42
|
|move|p2a: Chesnaught|Spiky Shield|p2a: Chesnaught
|-fail|p2a: Chesnaught
|move|p1a: Firnen|Roost|p1a: Firnen
|-heal|p1a: Firnen|233\/386
|
|-weather|none
|-damage|p1a: Firnen|185\/386|[from] Leech Seed|[of] p2a: Chesnaught
|-heal|p2a: Chesnaught|262\/346|[silent]
|turn|43
|
|move|p1a: Firnen|Dragon Claw|p2a: Chesnaught
|-damage|p2a: Chesnaught|0 fnt
|-damage|p1a: Firnen|121\/386|[from] item: Rocky Helmet|[of] p2a: Chesnaught
|faint|p2a: Chesnaught
|
|win|ttte
|raw|Ladder updating...
|raw|ttte's rating: 1323 &rarr; <strong>1342<\/strong><br \/>(+19 for winning)
|raw|lewouxkendra's rating: 1307 &rarr; <strong>1288<\/strong><br \/>(-19 for losing)
|c|âttte|g