|join|finalsmashattack
|join|ttte
|player|p1|finalsmashattack|170
|player|p2|ttte|87
|gametype|singles
|gen|6
|tier|OU
|rated
|clearpoke
|poke|p1|Metagross
|poke|p1|Rotom-Wash
|poke|p1|Ferrothorn, F
|poke|p1|Suicune
|poke|p1|Gastrodon, F
|poke|p1|Latios, M
|poke|p2|Gallade, M, shiny
|poke|p2|Excadrill, M
|poke|p2|Terrakion
|poke|p2|Greninja, M, shiny
|poke|p2|Goodra, M
|poke|p2|Slowbro, M
|rule|Swagger Clause: Swagger is banned
|rule|Baton Pass Clause: Limit one PokÃ©mon knowing Baton Pass
|rule|Sleep Clause Mod: Limit one foe put to sleep
|rule|Species Clause: Limit one of each PokÃ©mon
|rule|OHKO Clause: OHKO moves are banned
|rule|Moody Clause: Moody is banned
|rule|Evasion Moves Clause: Evasion moves are banned
|rule|Endless Battle Clause: Forcing endless battles is banned
|rule|HP Percentage Mod: HP is shown in percentages
|teampreview
|
|start
|switch|p1a: Rotom-Wash|Rotom-Wash|303\/303
|switch|p2a: Quacklord|Greninja, M, shiny|286\/286
|turn|1
|
|move|p2a: Quacklord|Extrasensory|p1a: Rotom-Wash
|-start|p2a: Quacklord|typechange|Psychic|[from] Protean
|-damage|p1a: Rotom-Wash|186\/303
|move|p1a: Rotom-Wash|Will-O-Wisp|p2a: Quacklord
|-status|p2a: Quacklord|brn
|
|-heal|p1a: Rotom-Wash|204\/303|[from] item: Leftovers
|-damage|p2a: Quacklord|251\/286 brn|[from] brn
|turn|2
|
|switch|p2a: Schleimi|Goodra, M|384\/384
|switch|p1a: Ferrothorn|Ferrothorn, F|352\/352
|
|turn|3
|
|switch|p1a: Suicune|Suicune|404\/404
|-ability|p1a: Suicune|Pressure
|move|p2a: Schleimi|Fire Blast|p1a: Suicune
|-resisted|p1a: Suicune
|-damage|p1a: Suicune|363\/404
|
|-heal|p1a: Suicune|388\/404|[from] item: Leftovers
|turn|4
|
|switch|p1a: Gastrodon|Gastrodon, F|426\/426
|switch|p2a: Aragorn|Gallade, M, shiny|278\/278
|
|turn|5
|
|detailschange|p2a: Aragorn|Gallade-Mega, M, shiny
|message|Gallade has Mega Evolved into Mega Gallade!
|move|p2a: Aragorn|Leaf Blade|p1a: Gastrodon
|-supereffective|p1a: Gastrodon
|-damage|p1a: Gastrodon|0 fnt
|faint|p1a: Gastrodon
|
|
|switch|p1a: Latios|Latios, M|301\/301
|turn|6
|
|move|p1a: Latios|Psyshock|p2a: Aragorn
|-damage|p2a: Aragorn|142\/278
|move|p2a: Aragorn|Knock Off|p1a: Latios
|-supereffective|p1a: Latios
|-damage|p1a: Latios|0 fnt
|-enditem|p1a: Latios|Choice Scarf|[from] move: Knock Off|[of] p2a: Aragorn
|faint|p1a: Latios
|
|
|switch|p1a: Metagross|Metagross|301\/301
|turn|7
|
|detailschange|p1a: Metagross|Metagross-Mega
|message|Metagross has Mega Evolved into Mega Metagross!
|move|p2a: Aragorn|Knock Off|p1a: Metagross
|-supereffective|p1a: Metagross
|-damage|p1a: Metagross|145\/301
|move|p1a: Metagross|Zen Headbutt|p2a: Aragorn|[miss]
|-miss|p1a: Metagross|p2a: Aragorn
|
|turn|8
|
|switch|p1a: Ferrothorn|Ferrothorn, F|352\/352
|move|p2a: Aragorn|Knock Off|p1a: Ferrothorn
|-damage|p1a: Ferrothorn|250\/352
|-damage|p2a: Aragorn|108\/278|[from] ability: Iron Barbs|[of] p1a: Ferrothorn
|-damage|p2a: Aragorn|62\/278|[from] item: Rocky Helmet|[of] p1a: Ferrothorn
|-enditem|p1a: Ferrothorn|Rocky Helmet|[from] move: Knock Off|[of] p2a: Aragorn
|
|turn|9
|
|move|p2a: Aragorn|Drain Punch|p1a: Ferrothorn
|-supereffective|p1a: Ferrothorn
|-damage|p1a: Ferrothorn|0 fnt
|-heal|p2a: Aragorn|187\/278|[from] drain|[of] p1a: Ferrothorn
|-damage|p2a: Aragorn|153\/278|[from] ability: Iron Barbs|[of] p1a: Ferrothorn
|faint|p1a: Ferrothorn
|
|-message|finalsmashattack forfeited.
|
|win|ttte
|raw|Ladder updating...
|leave|finalsmashattack
|player|p1
|raw|finalsmashattack's rating: 1359 &rarr; <strong>1338<\/strong><br \/>(-21 for losing)
|raw|ttte's rating: 1343 &rarr; <strong>1364<\/strong><br \/>(+21 for winning)