|join|ttte
|join|Normal normality
|player|p1|ttte|87
|player|p2|Normal normality|102
|gametype|singles
|gen|6
|tier|OU
|rated
|clearpoke
|poke|p1|Dragonite, M, shiny
|poke|p1|Skarmory, F, shiny
|poke|p1|Gengar, M
|poke|p1|Chansey, F
|poke|p1|Gallade, M
|poke|p1|Manectric, M
|poke|p2|Breloom, M
|poke|p2|Greninja, F
|poke|p2|Dragonite, M
|poke|p2|Bisharp, M
|poke|p2|Mew
|poke|p2|Kyurem-Black
|rule|Swagger Clause: Swagger is banned
|rule|Baton Pass Clause: Limit one PokÃ©mon knowing Baton Pass
|rule|Sleep Clause Mod: Limit one foe put to sleep
|rule|Species Clause: Limit one of each PokÃ©mon
|rule|OHKO Clause: OHKO moves are banned
|rule|Moody Clause: Moody is banned
|rule|Evasion Moves Clause: Evasion moves are banned
|rule|Endless Battle Clause: Forcing endless battles is banned
|rule|HP Percentage Mod: HP is shown in percentages
|teampreview
|
|start
|switch|p1a: Aragorn|Gallade, M|278\/278
|switch|p2a: Mew|Mew|404\/404
|turn|1
|
|move|p1a: Aragorn|Knock Off|p2a: Mew
|-supereffective|p2a: Mew
|-damage|p2a: Mew|178\/404
|-enditem|p2a: Mew|Leftovers|[from] move: Knock Off|[of] p1a: Aragorn
|move|p2a: Mew|Will-O-Wisp|p1a: Aragorn
|-status|p1a: Aragorn|brn
|
|-damage|p1a: Aragorn|244\/278 brn|[from] brn
|turn|2
|
|move|p1a: Aragorn|Knock Off|p2a: Mew
|-supereffective|p2a: Mew
|-damage|p2a: Mew|102\/404
|move|p2a: Mew|Roost|p2a: Mew
|-heal|p2a: Mew|304\/404
|
|-damage|p1a: Aragorn|210\/278 brn|[from] brn
|turn|3
|
|switch|p1a: -Ei|Chansey, F|641\/641
|move|p2a: Mew|Stealth Rock|p1a: -Ei
|-sidestart|p1: ttte|move: Stealth Rock
|
|turn|4
|
|move|p2a: Mew|Will-O-Wisp|p1a: -Ei
|-status|p1a: -Ei|brn
|move|p1a: -Ei|Toxic|p2a: Mew
|-status|p2a: Mew|tox
|
|-damage|p2a: Mew|279\/404 tox|[from] psn
|-damage|p1a: -Ei|561\/641 brn|[from] brn
|turn|5
|
|switch|p2a: Bisharp|Bisharp, M|271\/271
|move|p1a: -Ei|Seismic Toss|p2a: Bisharp
|-damage|p2a: Bisharp|171\/271
|
|-damage|p1a: -Ei|481\/641 brn|[from] brn
|turn|6
|
|move|p2a: Bisharp|Knock Off|p1a: -Ei
|-damage|p1a: -Ei|216\/641 brn
|-enditem|p1a: -Ei|Eviolite|[from] move: Knock Off|[of] p2a: Bisharp
|move|p1a: -Ei|Counter|p2a: Bisharp
|-damage|p2a: Bisharp|0 fnt
|faint|p2a: Bisharp
|
|-damage|p1a: -Ei|136\/641 brn|[from] brn
|
|switch|p2a: Breloom|Breloom, M|324\/324
|turn|7
|
|switch|p1a: Durza|Gengar, M|261\/261
|-damage|p1a: Durza|229\/261|[from] Stealth Rock
|move|p2a: Breloom|Swords Dance|p2a: Breloom
|-boost|p2a: Breloom|atk|2
|
|-status|p2a: Breloom|tox|[from] item: Toxic Orb
|turn|8
|
|move|p1a: Durza|Sludge Bomb|p2a: Breloom
|-supereffective|p2a: Breloom
|-damage|p2a: Breloom|0 fnt
|faint|p2a: Breloom
|
|
|switch|p2a: Greninja|Greninja, F|286\/286
|turn|9
|
|move|p2a: Greninja|Extrasensory|p1a: Durza
|-start|p2a: Greninja|typechange|Psychic|[from] Protean
|-supereffective|p1a: Durza
|-damage|p1a: Durza|0 fnt
|-damage|p2a: Greninja|258\/286|[from] item: Life Orb
|faint|p1a: Durza
|
|
|switch|p1a: Aragorn|Gallade, M|210\/278 brn
|-damage|p1a: Aragorn|193\/278 brn|[from] Stealth Rock
|turn|10
|
|move|p2a: Greninja|Extrasensory|p1a: Aragorn
|-damage|p1a: Aragorn|98\/278 brn
|-damage|p2a: Greninja|230\/286|[from] item: Life Orb
|move|p1a: Aragorn|Knock Off|p2a: Greninja
|-supereffective|p2a: Greninja
|-damage|p2a: Greninja|78\/286
|-enditem|p2a: Greninja|Life Orb|[from] move: Knock Off|[of] p1a: Aragorn
|
|-damage|p1a: Aragorn|64\/278 brn|[from] brn
|turn|11
|
|move|p1a: Aragorn|Shadow Sneak|p2a: Greninja
|-supereffective|p2a: Greninja
|-damage|p2a: Greninja|10\/286
|move|p2a: Greninja|Spikes|p1a: Aragorn
|-start|p2a: Greninja|typechange|Ground|[from] Protean
|-sidestart|p1: ttte|Spikes
|
|-damage|p1a: Aragorn|30\/278 brn|[from] brn
|turn|12
|
|move|p1a: Aragorn|Shadow Sneak|p2a: Greninja
|-damage|p2a: Greninja|0 fnt
|faint|p2a: Greninja
|
|-damage|p1a: Aragorn|0 fnt|[from] brn
|faint|p1a: Aragorn
|
|switch|p2a: Dragonite|Dragonite, M|324\/324
|switch|p1a: -Ei|Chansey, F|136\/641
|-damage|p1a: -Ei|56\/641|[from] Stealth Rock
|-damage|p1a: -Ei|0 fnt|[from] Spikes
|faint|p1a: -Ei
|
|switch|p1a: Barbaria|Skarmory, F, shiny|334\/334
|-damage|p1a: Barbaria|293\/334|[from] Stealth Rock
|turn|13
|
|move|p2a: Dragonite|Dragon Dance|p2a: Dragonite
|-boost|p2a: Dragonite|atk|1
|-boost|p2a: Dragonite|spe|1
|move|p1a: Barbaria|Stealth Rock|p2a: Dragonite
|-sidestart|p2: Normal normality|move: Stealth Rock
|
|turn|14
|
|move|p2a: Dragonite|Fire Punch|p1a: Barbaria
|-crit|p1a: Barbaria
|-supereffective|p1a: Barbaria
|-damage|p1a: Barbaria|41\/334
|-damage|p2a: Dragonite|270\/324|[from] item: Rocky Helmet|[of] p1a: Barbaria
|move|p1a: Barbaria|Whirlwind|p2a: Dragonite
|drag|p2a: Mew|Mew|279\/404 tox
|-damage|p2a: Mew|229\/404 tox|[from] Stealth Rock
|
|-damage|p2a: Mew|204\/404 tox|[from] psn
|turn|15
|
|move|p2a: Mew|Will-O-Wisp|p1a: Barbaria
|-status|p1a: Barbaria|brn
|move|p1a: Barbaria|Roost|p1a: Barbaria
|-heal|p1a: Barbaria|208\/334 brn
|
|-damage|p2a: Mew|154\/404 tox|[from] psn
|-damage|p1a: Barbaria|167\/334 brn|[from] brn
|turn|16
|
|move|p2a: Mew|Roost|p2a: Mew
|-heal|p2a: Mew|356\/404 tox
|move|p1a: Barbaria|Roost|p1a: Barbaria
|-heal|p1a: Barbaria|334\/334 brn
|
|-damage|p2a: Mew|281\/404 tox|[from] psn
|-damage|p1a: Barbaria|293\/334 brn|[from] brn
|turn|17
|
|move|p2a: Mew|Defog|p1a: Barbaria
|-unboost|p1a: Barbaria|evasion|1
|-sideend|p1: ttte|Spikes|[from] move: Defog|[of] p1a: Barbaria
|-sideend|p1: ttte|Stealth Rock|[from] move: Defog|[of] p1a: Barbaria
|-sideend|p2: Normal normality|Stealth Rock|[from] move: Defog|[of] p2a: Mew
|move|p1a: Barbaria|Spikes|p2a: Mew
|-sidestart|p2: Normal normality|Spikes
|
|-damage|p2a: Mew|181\/404 tox|[from] psn
|-damage|p1a: Barbaria|252\/334 brn|[from] brn
|turn|18
|
|switch|p2a: Kyurem-Black|Kyurem-Black|392\/392
|-damage|p2a: Kyurem-Black|343\/392|[from] Spikes
|-ability|p2a: Kyurem-Black|Teravolt
|move|p1a: Barbaria|Stealth Rock|p2a: Kyurem-Black
|-sidestart|p2: Normal normality|move: Stealth Rock
|
|-damage|p1a: Barbaria|211\/334 brn|[from] brn
|turn|19
|
|move|p2a: Kyurem-Black|Fusion Bolt|p1a: Barbaria
|-supereffective|p1a: Barbaria
|-damage|p1a: Barbaria|49\/334 brn
|move|p1a: Barbaria|Whirlwind|p2a: Kyurem-Black
|drag|p2a: Mew|Mew|181\/404 tox
|-damage|p2a: Mew|131\/404 tox|[from] Stealth Rock
|-damage|p2a: Mew|81\/404 tox|[from] Spikes
|
|-damage|p2a: Mew|56\/404 tox|[from] psn
|-damage|p1a: Barbaria|8\/334 brn|[from] brn
|turn|20
|
|move|p2a: Mew|Defog|p1a: Barbaria
|-unboost|p1a: Barbaria|evasion|1
|-sideend|p2: Normal normality|Spikes|[from] move: Defog|[of] p2a: Mew
|-sideend|p2: Normal normality|Stealth Rock|[from] move: Defog|[of] p2a: Mew
|move|p1a: Barbaria|Roost|p1a: Barbaria
|-heal|p1a: Barbaria|175\/334 brn
|
|-damage|p2a: Mew|6\/404 tox|[from] psn
|-damage|p1a: Barbaria|134\/334 brn|[from] brn
|turn|21
|
|move|p2a: Mew|Stealth Rock|p1a: Barbaria
|-sidestart|p1: ttte|move: Stealth Rock
|move|p1a: Barbaria|Stealth Rock|p2a: Mew
|-sidestart|p2: Normal normality|move: Stealth Rock
|
|-damage|p2a: Mew|0 fnt|[from] psn
|-damage|p1a: Barbaria|93\/334 brn|[from] brn
|faint|p2a: Mew
|
|switch|p2a: Kyurem-Black|Kyurem-Black|343\/392
|-damage|p2a: Kyurem-Black|245\/392|[from] Stealth Rock
|-ability|p2a: Kyurem-Black|Teravolt
|turn|22
|
|move|p2a: Kyurem-Black|Outrage|p1a: Barbaria
|-resisted|p1a: Barbaria
|-damage|p1a: Barbaria|16\/334 brn
|-damage|p2a: Kyurem-Black|180\/392|[from] item: Rocky Helmet|[of] p1a: Barbaria
|move|p1a: Barbaria|Whirlwind|p2a: Kyurem-Black
|drag|p2a: Dragonite|Dragonite, M|270\/324
|-damage|p2a: Dragonite|189\/324|[from] Stealth Rock
|
|-damage|p1a: Barbaria|0 fnt|[from] brn
|faint|p1a: Barbaria
|
|switch|p1a: Voltass|Manectric, M|282\/282
|-damage|p1a: Voltass|247\/282|[from] Stealth Rock
|turn|23
|
|detailschange|p1a: Voltass|Manectric-Mega, M
|message|Manectric has Mega Evolved into Mega Manectric!
|-ability|p1a: Voltass|Intimidate|[of] p2a: Dragonite
|-unboost|p2a: Dragonite|atk|1
|move|p1a: Voltass|Hidden Power|p2a: Dragonite
|-supereffective|p2a: Dragonite
|-damage|p2a: Dragonite|0 fnt
|faint|p2a: Dragonite
|
|
|switch|p2a: Kyurem-Black|Kyurem-Black|180\/392
|-damage|p2a: Kyurem-Black|82\/392|[from] Stealth Rock
|-ability|p2a: Kyurem-Black|Teravolt
|turn|24
|
|move|p2a: Kyurem-Black|Outrage|p1a: Voltass
|-damage|p1a: Voltass|0 fnt
|faint|p1a: Voltass
|
|
|switch|p1a: Firnen|Dragonite, M, shiny|386\/386
|-damage|p1a: Firnen|290\/386|[from] Stealth Rock
|turn|25
|
|move|p1a: Firnen|Extreme Speed|p2a: Kyurem-Black
|-damage|p2a: Kyurem-Black|0 fnt
|faint|p2a: Kyurem-Black
|
|win|ttte
|raw|Ladder updating...
|raw|ttte's rating: 1324 &rarr; <strong>1347<\/strong><br \/>(+23 for winning)
|raw|Normal normality's rating: 1373 &rarr; <strong>1350<\/strong><br \/>(-23 for losing)
|c|âNormal normality|gg
|c|âttte|gg