|join|WoodSuper
|join|ttte
|player|p1|WoodSuper|49
|player|p2|ttte|87
|gametype|singles
|gen|6
|tier|OU
|clearpoke
|poke|p1|Clawitzer, M, shiny
|poke|p1|Malamar, M
|poke|p1|Sharpedo, F
|poke|p1|Tentacruel, F, shiny
|poke|p1|Goodra, F
|poke|p1|Rotom-Wash
|poke|p2|Dragonite, M, shiny
|poke|p2|Skarmory, F, shiny
|poke|p2|Gengar, M
|poke|p2|Chansey, F
|poke|p2|Gallade, M
|poke|p2|Manectric, M
|rule|Swagger Clause: Swagger is banned
|rule|Baton Pass Clause: Limit one PokÃ©mon knowing Baton Pass
|rule|Sleep Clause Mod: Limit one foe put to sleep
|rule|Species Clause: Limit one of each PokÃ©mon
|rule|OHKO Clause: OHKO moves are banned
|rule|Moody Clause: Moody is banned
|rule|Evasion Moves Clause: Evasion moves are banned
|rule|Endless Battle Clause: Forcing endless battles is banned
|rule|HP Percentage Mod: HP is shown in percentages
|teampreview
|c|âWoodSuper|HF GL
|
|start
|switch|p1a: Goodra|Goodra, F|322\/322
|switch|p2a: Aragorn|Gallade, M|278\/278
|turn|1
|c|âttte|Ebenso.
|
|move|p2a: Aragorn|Knock Off|p1a: Goodra
|-damage|p1a: Goodra|173\/322
|-enditem|p1a: Goodra|Assault Vest|[from] move: Knock Off|[of] p2a: Aragorn
|move|p1a: Goodra|Sludge Bomb|p2a: Aragorn
|-damage|p2a: Aragorn|216\/278
|-status|p2a: Aragorn|psn
|
|-damage|p2a: Aragorn|182\/278 psn|[from] psn
|turn|2
|
|move|p2a: Aragorn|Close Combat|p1a: Goodra
|-damage|p1a: Goodra|0 fnt
|-unboost|p2a: Aragorn|def|1
|-unboost|p2a: Aragorn|spd|1
|faint|p1a: Goodra
|
|-damage|p2a: Aragorn|148\/278 psn|[from] psn
|
|switch|p1a: Rotom-Wash|Rotom-Wash|242\/242
|turn|3
|
|move|p1a: Rotom-Wash|Volt Switch|p2a: Aragorn
|-damage|p2a: Aragorn|58\/278 psn
|
|switch|p1a: Malamar|Malamar, M|376\/376
|move|p2a: Aragorn|Knock Off|p1a: Malamar
|-damage|p1a: Malamar|246\/376
|-enditem|p1a: Malamar|Choice Band|[from] move: Knock Off|[of] p2a: Aragorn
|
|-damage|p2a: Aragorn|24\/278 psn|[from] psn
|turn|4
|c|âttte|Die Offensivweste ist einfach toll auf Galagladi.
|
|move|p2a: Aragorn|Close Combat|p1a: Malamar
|-damage|p1a: Malamar|12\/376
|-unboost|p2a: Aragorn|def|1
|-unboost|p2a: Aragorn|spd|1
|move|p1a: Malamar|Superpower|p2a: Aragorn
|-resisted|p2a: Aragorn
|-damage|p2a: Aragorn|0 fnt
|-boost|p1a: Malamar|atk|1
|-boost|p1a: Malamar|def|1
|faint|p2a: Aragorn
|
|
|switch|p2a: Durza|Gengar, M|261\/261
|turn|5
|
|move|p2a: Durza|Sludge Bomb|p1a: Malamar
|-damage|p1a: Malamar|0 fnt
|faint|p1a: Malamar
|
|
|switch|p1a: Tentacruel|Tentacruel, F, shiny|364\/364
|turn|6
|
|switch|p2a: Barbaria|Skarmory, F, shiny|334\/334
|move|p1a: Tentacruel|Scald|p2a: Barbaria
|-damage|p2a: Barbaria|220\/334
|
|turn|7
|
|move|p1a: Tentacruel|Scald|p2a: Barbaria
|-damage|p2a: Barbaria|111\/334
|-status|p2a: Barbaria|brn
|move|p2a: Barbaria|Stealth Rock|p1a: Tentacruel
|-sidestart|p1: WoodSuper|move: Stealth Rock
|
|-damage|p2a: Barbaria|70\/334 brn|[from] brn
|turn|8
|
|move|p1a: Tentacruel|Protect|p1a: Tentacruel
|-singleturn|p1a: Tentacruel|Protect
|move|p2a: Barbaria|Roost|p2a: Barbaria
|-heal|p2a: Barbaria|237\/334 brn
|
|-damage|p2a: Barbaria|196\/334 brn|[from] brn
|turn|9
|
|move|p1a: Tentacruel|Scald|p2a: Barbaria
|-crit|p2a: Barbaria
|-damage|p2a: Barbaria|28\/334 brn
|move|p2a: Barbaria|Whirlwind|p1a: Tentacruel
|drag|p1a: Rotom-Wash|Rotom-Wash|242\/242
|-damage|p1a: Rotom-Wash|212\/242|[from] Stealth Rock
|
|-damage|p2a: Barbaria|0 fnt|[from] brn
|faint|p2a: Barbaria
|
|switch|p2a: -Ei|Chansey, F|641\/641
|turn|10
|
|move|p1a: Rotom-Wash|Will-O-Wisp|p2a: -Ei
|-status|p2a: -Ei|brn
|move|p2a: -Ei|Toxic|p1a: Rotom-Wash
|-status|p1a: Rotom-Wash|tox
|
|-damage|p1a: Rotom-Wash|197\/242 tox|[from] psn
|-damage|p2a: -Ei|561\/641 brn|[from] brn
|turn|11
|c|âttte|Eigentlich soll es Ã-Ei heiÃen...
|
|switch|p1a: Tentacruel|Tentacruel, F, shiny|364\/364
|-damage|p1a: Tentacruel|319\/364|[from] Stealth Rock
|move|p2a: -Ei|Seismic Toss|p1a: Tentacruel
|-damage|p1a: Tentacruel|219\/364
|
|-heal|p1a: Tentacruel|241\/364|[from] item: Black Sludge
|-damage|p2a: -Ei|481\/641 brn|[from] brn
|turn|12
|
|move|p1a: Tentacruel|Giga Drain|p2a: -Ei
|-damage|p2a: -Ei|458\/641 brn
|-heal|p1a: Tentacruel|253\/364|[from] drain|[of] p2a: -Ei
|move|p2a: -Ei|Seismic Toss|p1a: Tentacruel
|-damage|p1a: Tentacruel|153\/364
|
|-heal|p1a: Tentacruel|175\/364|[from] item: Black Sludge
|-damage|p2a: -Ei|378\/641 brn|[from] brn
|turn|13
|
|move|p1a: Tentacruel|Protect|p1a: Tentacruel
|-singleturn|p1a: Tentacruel|Protect
|move|p2a: -Ei|Soft-Boiled|p2a: -Ei
|-heal|p2a: -Ei|641\/641 brn
|
|-heal|p1a: Tentacruel|197\/364|[from] item: Black Sludge
|-damage|p2a: -Ei|561\/641 brn|[from] brn
|turn|14
|
|move|p1a: Tentacruel|Scald|p2a: -Ei
|-damage|p2a: -Ei|522\/641 brn
|move|p2a: -Ei|Seismic Toss|p1a: Tentacruel
|-damage|p1a: Tentacruel|97\/364
|
|-heal|p1a: Tentacruel|119\/364|[from] item: Black Sludge
|-damage|p2a: -Ei|442\/641 brn|[from] brn
|turn|15
|
|move|p1a: Tentacruel|Protect|p1a: Tentacruel
|-singleturn|p1a: Tentacruel|Protect
|move|p2a: -Ei|Seismic Toss|p1a: Tentacruel
|-activate|p1a: Tentacruel|Protect
|
|-heal|p1a: Tentacruel|141\/364|[from] item: Black Sludge
|-damage|p2a: -Ei|362\/641 brn|[from] brn
|turn|16
|
|switch|p1a: Rotom-Wash|Rotom-Wash|197\/242 tox
|-damage|p1a: Rotom-Wash|167\/242 tox|[from] Stealth Rock
|move|p2a: -Ei|Seismic Toss|p1a: Rotom-Wash
|-damage|p1a: Rotom-Wash|67\/242 tox
|
|-damage|p1a: Rotom-Wash|52\/242 tox|[from] psn
|-damage|p2a: -Ei|282\/641 brn|[from] brn
|turn|17
|
|move|p1a: Rotom-Wash|Dark Pulse|p2a: -Ei
|-crit|p2a: -Ei
|-damage|p2a: -Ei|227\/641 brn
|move|p2a: -Ei|Soft-Boiled|p2a: -Ei
|-heal|p2a: -Ei|548\/641 brn
|
|-damage|p1a: Rotom-Wash|22\/242 tox|[from] psn
|-damage|p2a: -Ei|468\/641 brn|[from] brn
|turn|18
|
|move|p1a: Rotom-Wash|Dark Pulse|p2a: -Ei
|-damage|p2a: -Ei|427\/641 brn
|move|p2a: -Ei|Soft-Boiled|p2a: -Ei
|-heal|p2a: -Ei|641\/641 brn
|
|-damage|p1a: Rotom-Wash|0 fnt|[from] psn
|-damage|p2a: -Ei|561\/641 brn|[from] brn
|faint|p1a: Rotom-Wash
|
|switch|p1a: Sharpedo|Sharpedo, F|282\/282
|-damage|p1a: Sharpedo|247\/282|[from] Stealth Rock
|turn|19
|
|move|p1a: Sharpedo|Waterfall|p2a: -Ei
|-damage|p2a: -Ei|341\/641 brn
|move|p2a: -Ei|Counter|p1a: Sharpedo
|-damage|p1a: Sharpedo|0 fnt
|faint|p1a: Sharpedo
|
|-damage|p2a: -Ei|261\/641 brn|[from] brn
|
|switch|p1a: Red Bang|Clawitzer, M, shiny|284\/284
|-damage|p1a: Red Bang|249\/284|[from] Stealth Rock
|turn|20
|
|move|p1a: Red Bang|Aura Sphere|p2a: -Ei
|-supereffective|p2a: -Ei
|-damage|p2a: -Ei|83\/641 brn
|move|p2a: -Ei|Soft-Boiled|p2a: -Ei
|-heal|p2a: -Ei|404\/641 brn
|
|-damage|p2a: -Ei|324\/641 brn|[from] brn
|turn|21
|
|move|p1a: Red Bang|Aura Sphere|p2a: -Ei
|-supereffective|p2a: -Ei
|-damage|p2a: -Ei|144\/641 brn
|move|p2a: -Ei|Toxic|p1a: Red Bang
|-status|p1a: Red Bang|tox
|
|-damage|p1a: Red Bang|232\/284 tox|[from] psn
|-damage|p2a: -Ei|64\/641 brn|[from] brn
|turn|22
|
|move|p1a: Red Bang|Aura Sphere|p2a: -Ei
|-supereffective|p2a: -Ei
|-damage|p2a: -Ei|0 fnt
|faint|p2a: -Ei
|
|-damage|p1a: Red Bang|198\/284 tox|[from] psn
|c|âWoodSuper|Der Name ist so toll *~*
|c|âWoodSuper|xDD RED BANG XD 
|
|switch|p2a: Voltass|Manectric, M|282\/282
|turn|23
|c|âttte|Wieso?
|c|âWoodSuper|hab in echt 4 mal, eins aber nur Competetive xD
|c|âWoodSuper|Na weil er ein Knallhummer ist Knall= BANG und Rot weil er sonst blau ist xD
|
|detailschange|p2a: Voltass|Manectric-Mega, M
|message|Manectric has Mega Evolved into Mega Manectric!
|-ability|p2a: Voltass|Intimidate|[of] p1a: Red Bang
|-unboost|p1a: Red Bang|atk|1
|move|p2a: Voltass|Thunderbolt|p1a: Red Bang
|-crit|p1a: Red Bang
|-supereffective|p1a: Red Bang
|-damage|p1a: Red Bang|0 fnt
|faint|p1a: Red Bang
|
|
|switch|p1a: Tentacruel|Tentacruel, F, shiny|141\/364
|-damage|p1a: Tentacruel|96\/364|[from] Stealth Rock
|turn|24
|
|move|p1a: Tentacruel|Protect|p1a: Tentacruel
|-singleturn|p1a: Tentacruel|Protect
|move|p2a: Voltass|Thunderbolt|p1a: Tentacruel
|-activate|p1a: Tentacruel|Protect
|
|-heal|p1a: Tentacruel|118\/364|[from] item: Black Sludge
|turn|25
|
|move|p2a: Voltass|Thunderbolt|p1a: Tentacruel
|-supereffective|p1a: Tentacruel
|-damage|p1a: Tentacruel|0 fnt
|faint|p1a: Tentacruel
|
|win|ttte
|leave|WoodSuper
|player|p1
|c|âttte|Gut gespielt.