|join|Levko
|join|ttte
|player|p1|Levko|169
|player|p2|ttte|87
|gametype|singles
|gen|6
|tier|OU
|clearpoke
|poke|p1|Bisharp, M, shiny
|poke|p1|Charizard, M, shiny
|poke|p1|Venusaur, F
|poke|p1|Latios, M
|poke|p1|Diggersby, M, shiny
|poke|p1|Slowbro, M
|poke|p2|Shuckle, F, shiny
|poke|p2|Scizor, M
|poke|p2|Staraptor, F
|poke|p2|Ferrothorn, F
|poke|p2|Latios, M
|poke|p2|Victini
|rule|Swagger Clause: Swagger is banned
|rule|Baton Pass Clause: Limit one PokÃ©mon knowing Baton Pass
|rule|Sleep Clause Mod: Limit one foe put to sleep
|rule|Species Clause: Limit one of each PokÃ©mon
|rule|OHKO Clause: OHKO moves are banned
|rule|Moody Clause: Moody is banned
|rule|Evasion Moves Clause: Evasion moves are banned
|rule|Endless Battle Clause: Forcing endless battles is banned
|rule|HP Percentage Mod: HP is shown in percentages
|teampreview
|c|âLevko|ich bin noch AnfÃ¤nger also nicht so hart bitte xd
|c|âttte|xD
|
|start
|switch|p1a: H|Slowbro, M|394\/394
|switch|p2a: Staraptor|Staraptor, F|311\/311
|turn|1
|c|âttte|Das Team sieht auf jeden Fall sehr gut aus.
|
|move|p2a: Staraptor|U-turn|p1a: H
|-supereffective|p1a: H
|-damage|p1a: H|248\/394
|c|âLevko|Da hab ich mir auch mÃ¼he gegeben :D Ein bissl im Teambuilding kenn ich mich auch aus ;)
|
|switch|p2a: Victini|Victini|342\/342
|move|p1a: H|Flamethrower|p2a: Victini
|-resisted|p2a: Victini
|-damage|p2a: Victini|293\/342
|
|turn|2
|c|âLevko|Schade schade :D
|
|move|p2a: Victini|Thunderbolt|p1a: H
|-supereffective|p1a: H
|-damage|p1a: H|61\/394
|-damage|p2a: Victini|259\/342|[from] item: Life Orb
|move|p1a: H|Shadow Ball|p2a: Victini
|-supereffective|p2a: Victini
|-damage|p2a: Victini|71\/342
|
|turn|3
|c|âttte|Tentantel predictet?
|c|âLevko|Tentantel oder scherox
|c|âLevko|aber wohl eher tentantel xD
|c|âttte|Ist aber Offensivweste, oder?
|c|âLevko|wtf warum bin ich eig auf spukball anstatt surfer gegenagen?!?!?!?!
|c|âLevko|Surfer hÃ¤tte gereicht -.-
|c|âttte|Jupp.
|
|move|p2a: Victini|Blue Flare|p1a: H
|-resisted|p1a: H
|-damage|p1a: H|0 fnt
|-damage|p2a: Victini|37\/342|[from] item: Life Orb
|faint|p1a: H
|
|c|âttte|Obwohl ich auf Lahmus lieber Siedewasser spiele. Ich spiels aber auch nur phdefensiv.
|
|switch|p1a: Bugs B.|Diggersby, M, shiny|312\/312
|turn|4
|
|switch|p2a: Kuschelkissen|Ferrothorn, F|352\/352
|move|p1a: Bugs B.|Agility|p1a: Bugs B.
|-boost|p1a: Bugs B.|spe|2
|
|turn|5
|
|move|p1a: Bugs B.|Earthquake|p2a: Kuschelkissen
|-damage|p2a: Kuschelkissen|164\/352
|-damage|p1a: Bugs B.|281\/312|[from] item: Life Orb
|move|p2a: Kuschelkissen|Leech Seed|p1a: Bugs B.
|-start|p1a: Bugs B.|move: Leech Seed
|
|-heal|p2a: Kuschelkissen|186\/352|[from] item: Leftovers
|-damage|p1a: Bugs B.|242\/312|[from] Leech Seed|[of] p2a: Kuschelkissen
|-heal|p2a: Kuschelkissen|225\/352|[silent]
|turn|6
|
|move|p1a: Bugs B.|Stone Edge|p2a: Kuschelkissen|[miss]
|-miss|p1a: Bugs B.|p2a: Kuschelkissen
|move|p2a: Kuschelkissen|Power Whip|p1a: Bugs B.
|-supereffective|p1a: Bugs B.
|-damage|p1a: Bugs B.|0 fnt
|faint|p1a: Bugs B.
|
|-heal|p2a: Kuschelkissen|247\/352|[from] item: Leftovers
|c|âttte|Wieso Steinkante?!
|c|âLevko|hab mich verklickt aber cancel button wollte wohl nicht
|
|switch|p1a: Dracour|Charizard, M, shiny|360\/360
|turn|7
|c|âttte|Hab ich auch oft...
|
|move|p1a: Dracour|Will-O-Wisp|p2a: Kuschelkissen
|-status|p2a: Kuschelkissen|brn
|move|p2a: Kuschelkissen|Thunder Wave|p1a: Dracour
|-status|p1a: Dracour|par
|
|-heal|p2a: Kuschelkissen|269\/352 brn|[from] item: Leftovers
|-damage|p2a: Kuschelkissen|225\/352 brn|[from] brn
|turn|8
|c|âttte|Inressant.
|
|switch|p2a: Latios|Latios, M|302\/302
|move|p1a: Dracour|Flamethrower|p2a: Latios
|-resisted|p2a: Latios
|-damage|p2a: Latios|248\/302
|
|turn|9
|
|move|p2a: Latios|Ice Beam|p1a: Dracour
|-damage|p1a: Dracour|235\/360 par
|cant|p1a: Dracour|par
|
|-heal|p1a: Dracour|257\/360 par|[from] item: Leftovers
|turn|10
|
|move|p2a: Latios|Ice Beam|p1a: Dracour
|-damage|p1a: Dracour|128\/360 par
|move|p1a: Dracour|Will-O-Wisp|p2a: Latios
|-status|p2a: Latios|brn
|
|-heal|p1a: Dracour|150\/360 par|[from] item: Leftovers
|-damage|p2a: Latios|211\/302 brn|[from] brn
|turn|11
|c|âttte|Hab noch nie ein spdefensives Glurak im oU gesehen.
|
|move|p2a: Latios|Ice Beam|p1a: Dracour
|-damage|p1a: Dracour|23\/360 par
|move|p1a: Dracour|Roost|p1a: Dracour
|-heal|p1a: Dracour|203\/360 par
|
|-heal|p1a: Dracour|225\/360 par|[from] item: Leftovers
|-damage|p2a: Latios|174\/302 brn|[from] brn
|turn|12
|c|âLevko|Ne? :D Ich mag es :)
|
|switch|p2a: Penicillin|Shuckle, F, shiny|243\/243
|move|p1a: Dracour|Protect|p1a: Dracour
|-fail|p1a: Dracour
|
|-heal|p1a: Dracour|247\/360 par|[from] item: Leftovers
|turn|13
|
|switch|p1a: Oob|Bisharp, M, shiny|272\/272
|move|p2a: Penicillin|Substitute|p2a: Penicillin
|-start|p2a: Penicillin|Substitute
|-damage|p2a: Penicillin|183\/243
|
|-heal|p2a: Penicillin|198\/243|[from] item: Leftovers
|turn|14
|
|move|p1a: Oob|Iron Head|p2a: Penicillin
|-supereffective|p2a: Penicillin
|-end|p2a: Penicillin|Substitute
|move|p2a: Penicillin|Stealth Rock|p1a: Oob
|-sidestart|p1: Levko|move: Stealth Rock
|
|-heal|p2a: Penicillin|213\/243|[from] item: Leftovers
|turn|15
|c|âLevko|ich hasse pottrott
|
|switch|p2a: Kuschelkissen|Ferrothorn, F|225\/352 brn
|move|p1a: Oob|Iron Head|p2a: Kuschelkissen
|-resisted|p2a: Kuschelkissen
|-damage|p2a: Kuschelkissen|153\/352 brn
|-damage|p1a: Oob|238\/272|[from] ability: Iron Barbs|[of] p2a: Kuschelkissen
|
|-heal|p2a: Kuschelkissen|175\/352 brn|[from] item: Leftovers
|-damage|p2a: Kuschelkissen|131\/352 brn|[from] brn
|turn|16
|c|âttte|Ich findes es groÃartig.
|
|switch|p1a: Dracour|Charizard, M, shiny|247\/360 par
|-damage|p1a: Dracour|67\/360 par|[from] Stealth Rock
|move|p2a: Kuschelkissen|Thunder Wave|p1a: Dracour
|-fail|p1a: Dracour|par
|
|-heal|p2a: Kuschelkissen|153\/352 brn|[from] item: Leftovers
|-heal|p1a: Dracour|89\/360 par|[from] item: Leftovers
|-damage|p2a: Kuschelkissen|109\/352 brn|[from] brn
|turn|17
|c|âttte|Auch verklickt...
|
|switch|p2a: Latios|Latios, M|174\/302 brn
|cant|p1a: Dracour|par
|
|-heal|p1a: Dracour|111\/360 par|[from] item: Leftovers
|-damage|p2a: Latios|137\/302 brn|[from] brn
|turn|18
|c|âLevko|och mennooo
|
|cant|p1a: Dracour|par
|move|p2a: Latios|Surf|p1a: Dracour
|-crit|p1a: Dracour
|-supereffective|p1a: Dracour
|-damage|p1a: Dracour|0 fnt
|faint|p1a: Dracour
|
|-damage|p2a: Latios|100\/302 brn|[from] brn
|c|âLevko|alter rly
|c|âLevko|paralyse suchks
|
|switch|p1a: Oob|Bisharp, M, shiny|238\/272
|-damage|p1a: Oob|221\/272|[from] Stealth Rock
|turn|19
|c|âttte|Surfer hÃ¤tte auch nach Ãberrestengereicht.
|c|âLevko|Aber dann hÃ¤tte ich den surfer gekannt und Bisaflor reingeholt :D
|c|âLevko|Du wÃ¤rst ja gelockt
|
|move|p2a: Latios|Surf|p1a: Oob
|-damage|p1a: Oob|0 fnt
|faint|p1a: Oob
|
|-damage|p2a: Latios|63\/302 brn|[from] brn
|
|switch|p1a: B-Bird|Latios, M|302\/302
|-damage|p1a: B-Bird|265\/302|[from] Stealth Rock
|turn|20
|c|âttte|Wieso eig. ken Tiefschlag?
|
|move|p1a: B-Bird|Ice Beam|p2a: Latios
|-supereffective|p2a: Latios
|-damage|p2a: Latios|0 fnt
|faint|p2a: Latios
|
|c|âLevko|Ich dachte du willst dir Latios fÃ¼r meins aufsparen
|
|switch|p2a: Nussknacker|Scizor, M|343\/343
|turn|21
|
|switch|p1a: Utopia|Venusaur, F|364\/364
|-damage|p1a: Utopia|319\/364|[from] Stealth Rock
|detailschange|p2a: Nussknacker|Scizor-Mega, M
|-mega|p2a: Nussknacker|Scizor|Scizorite
|move|p2a: Nussknacker|Bug Bite|p1a: Utopia
|-damage|p1a: Utopia|168\/364
|
|turn|22
|c|âttte|Netter Name fÃ¼r Bisaflor.
|
|detailschange|p1a: Utopia|Venusaur-Mega, F
|-mega|p1a: Utopia|Venusaur|Venusaurite
|move|p1a: Utopia|Sleep Powder|p2a: Nussknacker
|-status|p2a: Nussknacker|slp
|cant|p2a: Nussknacker|slp
|
|turn|23
|c|âLevko|Oder? :D Aber der scherox name geht auch ab xD
|
|switch|p2a: Penicillin|Shuckle, F, shiny|213\/243
|move|p1a: Utopia|Synthesis|p1a: Utopia
|-heal|p1a: Utopia|350\/364
|
|-heal|p2a: Penicillin|228\/243|[from] item: Leftovers
|turn|24
|
|move|p1a: Utopia|Toxic|p2a: Penicillin
|-status|p2a: Penicillin|tox
|move|p2a: Penicillin|Substitute|p2a: Penicillin
|-start|p2a: Penicillin|Substitute
|-damage|p2a: Penicillin|168\/243 tox
|
|-heal|p2a: Penicillin|183\/243 tox|[from] item: Leftovers
|-damage|p2a: Penicillin|168\/243 tox|[from] psn
|turn|25
|c|âttte|OH, Toxin auf Bisaflor.
|
|move|p1a: Utopia|Sludge Bomb|p2a: Penicillin
|-resisted|p2a: Penicillin
|-activate|p2a: Penicillin|Substitute|[damage]
|move|p2a: Penicillin|Sticky Web|p1a: Utopia
|-sidestart|p1: Levko|move: Sticky Web
|
|-heal|p2a: Penicillin|183\/243 tox|[from] item: Leftovers
|-damage|p2a: Penicillin|153\/243 tox|[from] psn
|turn|26
|c|âLevko|lol=?
|c|âLevko|Das hab ich aber nicht gedrÃ¼ckt :O
|c|âttte|Hm.
|
|switch|p1a: B-Bird|Latios, M|265\/302
|-damage|p1a: B-Bird|228\/302|[from] Stealth Rock
|switch|p2a: Kuschelkissen|Ferrothorn, F|109\/352 brn
|
|-heal|p2a: Kuschelkissen|131\/352 brn|[from] item: Leftovers
|-damage|p2a: Kuschelkissen|87\/352 brn|[from] brn
|turn|27
|c|âLevko|Naja, hab ja eh schon lÃ¤ngst verloren :=)
|c|âttte|Noch nicht.
|
|move|p1a: B-Bird|Psyshock|p2a: Kuschelkissen
|-resisted|p2a: Kuschelkissen
|-damage|p2a: Kuschelkissen|47\/352 brn
|move|p2a: Kuschelkissen|Thunder Wave|p1a: B-Bird
|-status|p1a: B-Bird|par
|
|-heal|p2a: Kuschelkissen|69\/352 brn|[from] item: Leftovers
|-damage|p2a: Kuschelkissen|25\/352 brn|[from] brn
|turn|28
|c|âLevko|doch
|c|âttte|Scarf auf Latios?
|
|cant|p1a: B-Bird|par
|move|p2a: Kuschelkissen|Leech Seed|p1a: B-Bird
|-start|p1a: B-Bird|move: Leech Seed
|
|-heal|p2a: Kuschelkissen|47\/352 brn|[from] item: Leftovers
|-damage|p1a: B-Bird|191\/302 par|[from] Leech Seed|[of] p2a: Kuschelkissen
|-heal|p2a: Kuschelkissen|84\/352 brn|[silent]
|-damage|p2a: Kuschelkissen|40\/352 brn|[from] brn
|turn|29
|c|âLevko|jaa :=
|
|move|p1a: B-Bird|Psyshock|p2a: Kuschelkissen
|-resisted|p2a: Kuschelkissen
|-damage|p2a: Kuschelkissen|0 fnt
|faint|p2a: Kuschelkissen
|
|
|switch|p2a: Staraptor|Staraptor, F|311\/311
|turn|30
|c|âttte|Staraptor-Sweep! Endlich.
|
|move|p2a: Staraptor|Brave Bird|p1a: B-Bird
|-damage|p1a: B-Bird|0 fnt
|-damage|p2a: Staraptor|248\/311|[from] recoil|[of] p1a: B-Bird
|faint|p1a: B-Bird
|
|
|switch|p1a: Utopia|Venusaur-Mega, F|350\/364
|-activate|p1a: Utopia|move: Sticky Web
|-unboost|p1a: Utopia|spe|1
|-damage|p1a: Utopia|305\/364|[from] Stealth Rock
|turn|31
|
|move|p2a: Staraptor|Brave Bird|p1a: Utopia
|-supereffective|p1a: Utopia
|-damage|p1a: Utopia|0 fnt
|-damage|p2a: Staraptor|147\/311|[from] recoil|[of] p1a: Utopia
|faint|p1a: Utopia
|
|win|ttte
|c|âttte|Gut gespielt.