|join|datascientist
|join|ttte
|player|p1|datascientist|169
|player|p2|ttte|87
|gametype|singles
|gen|6
|tier|OU (suspect test)
|rated
|clearpoke
|poke|p1|Azumarill, F
|poke|p1|Mamoswine, M
|poke|p1|Dragonite, F
|poke|p1|Breloom, F
|poke|p1|Charizard, M
|poke|p1|Empoleon, M
|poke|p2|Azumarill, M, shiny
|poke|p2|Breloom, F, shiny
|poke|p2|Gothitelle, F
|poke|p2|Gliscor, M
|poke|p2|Magnezone, shiny
|poke|p2|Venusaur, M
|rule|Swagger Clause: Swagger is banned
|rule|Baton Pass Clause: Limit one PokÃ©mon knowing Baton Pass
|rule|Sleep Clause Mod: Limit one foe put to sleep
|rule|Species Clause: Limit one of each PokÃ©mon
|rule|OHKO Clause: OHKO moves are banned
|rule|Moody Clause: Moody is banned
|rule|Evasion Moves Clause: Evasion moves are banned
|rule|Endless Battle Clause: Forcing endless battles is banned
|rule|HP Percentage Mod: HP is shown in percentages
|teampreview
|
|start
|switch|p1a: Empoleon|Empoleon, M|372\/372
|switch|p2a: Winter|Breloom, F, shiny|262\/262
|turn|1
|
|switch|p1a: Breloom|Breloom, F|261\/261
|move|p2a: Winter|Spore|p1a: Breloom
|-fail|p1a: Breloom
|
|turn|2
|
|move|p1a: Breloom|Rock Tomb|p2a: Winter
|-resisted|p2a: Winter
|-damage|p2a: Winter|179\/262
|-unboost|p2a: Winter|spe|1
|-damage|p1a: Breloom|235\/261|[from] item: Life Orb
|move|p2a: Winter|Rock Tomb|p1a: Breloom
|-resisted|p1a: Breloom
|-damage|p1a: Breloom|161\/261
|-unboost|p1a: Breloom|spe|1
|
|turn|3
|c|âdatascientist|Ha ha
|
|switch|p1a: Azumarill|Azumarill, F|399\/399
|move|p2a: Winter|Mach Punch|p1a: Azumarill
|-resisted|p1a: Azumarill
|-damage|p1a: Azumarill|327\/399
|
|turn|4
|
|move|p2a: Winter|Bullet Seed|p1a: Azumarill
|-crit|p1a: Azumarill
|-supereffective|p1a: Azumarill
|-damage|p1a: Azumarill|45\/399
|-supereffective|p1a: Azumarill
|-damage|p1a: Azumarill|0 fnt
|-hitcount|p1a: Azumarill|2
|faint|p1a: Azumarill
|
|
|switch|p1a: Charizard|Charizard, M|331\/331
|turn|5
|
|detailschange|p1a: Charizard|Charizard-Mega-X, M
|-mega|p1a: Charizard|Charizard|Charizardite X
|move|p2a: Winter|Mach Punch|p1a: Charizard
|-damage|p1a: Charizard|222\/331
|move|p1a: Charizard|Flare Blitz|p2a: Winter
|-supereffective|p2a: Winter
|-damage|p2a: Winter|0 fnt
|-damage|p1a: Charizard|163\/331|[from] recoil|[of] p2a: Winter
|faint|p2a: Winter
|
|
|switch|p2a: Bett-Man|Gliscor, M|354\/354
|turn|6
|
|move|p1a: Charizard|Roost|p1a: Charizard
|-heal|p1a: Charizard|329\/331
|move|p2a: Bett-Man|Stealth Rock|p1a: Charizard
|-sidestart|p1: datascientist|move: Stealth Rock
|
|-status|p2a: Bett-Man|tox|[from] item: Toxic Orb
|turn|7
|
|switch|p1a: Mamoswine|Mamoswine, M|400\/400
|-damage|p1a: Mamoswine|350\/400|[from] Stealth Rock
|move|p2a: Bett-Man|Toxic|p1a: Mamoswine
|-status|p1a: Mamoswine|tox
|
|-heal|p1a: Mamoswine|375\/400 tox|[from] item: Leftovers
|-damage|p1a: Mamoswine|350\/400 tox|[from] psn
|turn|8
|
|switch|p2a: Azumarill|Azumarill, M, shiny|404\/404
|move|p1a: Mamoswine|Knock Off|p2a: Azumarill
|-resisted|p2a: Azumarill
|-damage|p2a: Azumarill|324\/404
|-enditem|p2a: Azumarill|Sitrus Berry|[from] move: Knock Off|[of] p1a: Mamoswine
|
|-heal|p1a: Mamoswine|375\/400 tox|[from] item: Leftovers
|-damage|p1a: Mamoswine|325\/400 tox|[from] psn
|turn|9
|
|move|p2a: Azumarill|Aqua Jet|p1a: Mamoswine
|-supereffective|p1a: Mamoswine
|-damage|p1a: Mamoswine|119\/400 tox
|move|p1a: Mamoswine|Earthquake|p2a: Azumarill
|-damage|p2a: Azumarill|74\/404
|
|-heal|p1a: Mamoswine|144\/400 tox|[from] item: Leftovers
|-damage|p1a: Mamoswine|69\/400 tox|[from] psn
|turn|10
|
|switch|p1a: Empoleon|Empoleon, M|372\/372
|-damage|p1a: Empoleon|349\/372|[from] Stealth Rock
|move|p2a: Azumarill|Aqua Jet|p1a: Empoleon
|-resisted|p1a: Empoleon
|-damage|p1a: Empoleon|315\/372
|
|-heal|p1a: Empoleon|338\/372|[from] item: Leftovers
|turn|11
|
|switch|p2a: Magnezone|Magnezone, shiny|282\/282
|move|p1a: Empoleon|Stealth Rock|p2a: Magnezone
|-sidestart|p2: ttte|move: Stealth Rock
|
|-heal|p1a: Empoleon|361\/372|[from] item: Leftovers
|turn|12
|c|âttte|Ha ha.
|
|move|p2a: Magnezone|Volt Switch|p1a: Empoleon
|-supereffective|p1a: Empoleon
|-damage|p1a: Empoleon|127\/372
|
|switch|p2a: Bisa|Venusaur, M|364\/364
|-damage|p2a: Bisa|319\/364|[from] Stealth Rock
|move|p1a: Empoleon|Scald|p2a: Bisa
|-resisted|p2a: Bisa
|-damage|p2a: Bisa|278\/364
|
|-heal|p1a: Empoleon|150\/372|[from] item: Leftovers
|turn|13
|
|detailschange|p2a: Bisa|Venusaur-Mega, M
|-mega|p2a: Bisa|Venusaur|Venusaurite
|move|p2a: Bisa|Leech Seed|p1a: Empoleon
|-start|p1a: Empoleon|move: Leech Seed
|move|p1a: Empoleon|Defog|p2a: Bisa
|-unboost|p2a: Bisa|evasion|1
|-sideend|p2: ttte|Stealth Rock|[from] move: Defog|[of] p2a: Bisa
|-sideend|p1: datascientist|Stealth Rock|[from] move: Defog|[of] p1a: Empoleon
|
|-heal|p1a: Empoleon|173\/372|[from] item: Leftovers
|-damage|p1a: Empoleon|127\/372|[from] Leech Seed|[of] p2a: Bisa
|-heal|p2a: Bisa|324\/364|[silent]
|turn|14
|
|switch|p1a: Charizard|Charizard-Mega-X, M|329\/331
|move|p2a: Bisa|Giga Drain|p1a: Charizard
|-resisted|p1a: Charizard
|-damage|p1a: Charizard|298\/331
|-heal|p2a: Bisa|340\/364|[from] drain|[of] p1a: Charizard
|
|turn|15
|
|move|p1a: Charizard|Dragon Dance|p1a: Charizard
|-boost|p1a: Charizard|atk|1
|-boost|p1a: Charizard|spe|1
|move|p2a: Bisa|Leech Seed|p1a: Charizard
|-start|p1a: Charizard|move: Leech Seed
|
|-damage|p1a: Charizard|257\/331|[from] Leech Seed|[of] p2a: Bisa
|-heal|p2a: Bisa|364\/364|[silent]
|turn|16
|
|switch|p2a: Bett-Man|Gliscor, M|354\/354 tox
|move|p1a: Charizard|Flare Blitz|p2a: Bett-Man
|-damage|p2a: Bett-Man|63\/354 tox
|-damage|p1a: Charizard|161\/331|[from] recoil|[of] p2a: Bett-Man
|
|-damage|p1a: Charizard|120\/331|[from] Leech Seed|[of] p2a: Bett-Man
|-heal|p2a: Bett-Man|104\/354 tox|[silent]
|-heal|p2a: Bett-Man|148\/354 tox|[from] ability: Poison Heal
|turn|17
|
|move|p1a: Charizard|Dragon Claw|p2a: Bett-Man
|-damage|p2a: Bett-Man|0 fnt
|faint|p2a: Bett-Man
|
|
|switch|p2a: Azumarill|Azumarill, M, shiny|74\/404
|turn|18
|
|move|p2a: Azumarill|Aqua Jet|p1a: Charizard
|-damage|p1a: Charizard|41\/331
|move|p1a: Charizard|Flare Blitz|p2a: Azumarill
|-resisted|p2a: Azumarill
|-damage|p2a: Azumarill|0 fnt
|-damage|p1a: Charizard|17\/331|[from] recoil|[of] p2a: Azumarill
|faint|p2a: Azumarill
|
|
|switch|p2a: Bisa|Venusaur-Mega, M|364\/364
|turn|19
|
|move|p1a: Charizard|Flare Blitz|p2a: Bisa
|-supereffective|p2a: Bisa
|-damage|p2a: Bisa|0 fnt
|-damage|p1a: Charizard|0 fnt|[from] recoil|[of] p2a: Bisa
|faint|p2a: Bisa
|faint|p1a: Charizard
|
|
|switch|p2a: Schwarze Frau|Gothitelle, F|344\/344
|switch|p1a: Dragonite|Dragonite, F|384\/384
|turn|20
|
|move|p2a: Schwarze Frau|Trick|p1a: Dragonite
|-activate|p2a: Schwarze Frau|move: Trick|[of] p1a: Dragonite
|-item|p1a: Dragonite|Choice Specs|[from] move: Trick
|-item|p2a: Schwarze Frau|Leftovers|[from] move: Trick
|move|p1a: Dragonite|Dragon Claw|p2a: Schwarze Frau
|-damage|p2a: Schwarze Frau|187\/344
|
|-heal|p2a: Schwarze Frau|208\/344|[from] item: Leftovers
|turn|21
|
|switch|p2a: Magnezone|Magnezone, shiny|282\/282
|move|p1a: Dragonite|Dragon Claw|p2a: Magnezone
|-crit|p2a: Magnezone
|-resisted|p2a: Magnezone
|-damage|p2a: Magnezone|175\/282
|
|turn|22
|
|move|p2a: Magnezone|Flash Cannon|p1a: Dragonite
|-damage|p1a: Dragonite|313\/384
|move|p1a: Dragonite|Dragon Claw|p2a: Magnezone
|-resisted|p2a: Magnezone
|-damage|p2a: Magnezone|106\/282
|
|turn|23
|
|switch|p2a: Schwarze Frau|Gothitelle, F|208\/344
|switch|p1a: Empoleon|Empoleon, M|127\/372
|
|-heal|p2a: Schwarze Frau|229\/344|[from] item: Leftovers
|-heal|p1a: Empoleon|150\/372|[from] item: Leftovers
|turn|24
|
|move|p2a: Schwarze Frau|Calm Mind|p2a: Schwarze Frau
|-boost|p2a: Schwarze Frau|spa|1
|-boost|p2a: Schwarze Frau|spd|1
|move|p1a: Empoleon|Scald|p2a: Schwarze Frau
|-damage|p2a: Schwarze Frau|163\/344
|
|-heal|p2a: Schwarze Frau|184\/344|[from] item: Leftovers
|-heal|p1a: Empoleon|173\/372|[from] item: Leftovers
|turn|25
|
|move|p2a: Schwarze Frau|Calm Mind|p2a: Schwarze Frau
|-boost|p2a: Schwarze Frau|spa|1
|-boost|p2a: Schwarze Frau|spd|1
|move|p1a: Empoleon|Toxic|p2a: Schwarze Frau
|-status|p2a: Schwarze Frau|tox
|
|-heal|p2a: Schwarze Frau|205\/344 tox|[from] item: Leftovers
|-heal|p1a: Empoleon|196\/372|[from] item: Leftovers
|-damage|p2a: Schwarze Frau|184\/344 tox|[from] psn
|turn|26
|
|move|p2a: Schwarze Frau|Rest|p2a: Schwarze Frau
|-status|p2a: Schwarze Frau|slp
|-heal|p2a: Schwarze Frau|344\/344 slp|[silent]
|-status|p2a: Schwarze Frau|slp|[from] move: Rest
|move|p1a: Empoleon|Scald|p2a: Schwarze Frau
|-damage|p2a: Schwarze Frau|296\/344 slp
|
|-heal|p2a: Schwarze Frau|317\/344 slp|[from] item: Leftovers
|-heal|p1a: Empoleon|219\/372|[from] item: Leftovers
|turn|27
|
|cant|p2a: Schwarze Frau|slp
|move|p1a: Empoleon|Scald|p2a: Schwarze Frau
|-damage|p2a: Schwarze Frau|269\/344 slp
|
|-heal|p2a: Schwarze Frau|290\/344 slp|[from] item: Leftovers
|-heal|p1a: Empoleon|242\/372|[from] item: Leftovers
|turn|28
|
|cant|p2a: Schwarze Frau|slp
|move|p1a: Empoleon|Scald|p2a: Schwarze Frau
|-damage|p2a: Schwarze Frau|241\/344 slp
|
|-heal|p2a: Schwarze Frau|262\/344 slp|[from] item: Leftovers
|-heal|p1a: Empoleon|265\/372|[from] item: Leftovers
|turn|29
|
|-curestatus|p2a: Schwarze Frau|slp
|move|p2a: Schwarze Frau|Calm Mind|p2a: Schwarze Frau
|-boost|p2a: Schwarze Frau|spa|1
|-boost|p2a: Schwarze Frau|spd|1
|move|p1a: Empoleon|Toxic|p2a: Schwarze Frau
|-status|p2a: Schwarze Frau|tox
|
|-heal|p2a: Schwarze Frau|283\/344 tox|[from] item: Leftovers
|-heal|p1a: Empoleon|288\/372|[from] item: Leftovers
|-damage|p2a: Schwarze Frau|262\/344 tox|[from] psn
|turn|30
|
|move|p2a: Schwarze Frau|Calm Mind|p2a: Schwarze Frau
|-boost|p2a: Schwarze Frau|spa|1
|-boost|p2a: Schwarze Frau|spd|1
|move|p1a: Empoleon|Scald|p2a: Schwarze Frau
|-damage|p2a: Schwarze Frau|228\/344 tox
|
|-heal|p2a: Schwarze Frau|249\/344 tox|[from] item: Leftovers
|-heal|p1a: Empoleon|311\/372|[from] item: Leftovers
|-damage|p2a: Schwarze Frau|207\/344 tox|[from] psn
|turn|31
|
|move|p2a: Schwarze Frau|Calm Mind|p2a: Schwarze Frau
|-boost|p2a: Schwarze Frau|spa|1
|-boost|p2a: Schwarze Frau|spd|1
|move|p1a: Empoleon|Scald|p2a: Schwarze Frau
|-damage|p2a: Schwarze Frau|179\/344 tox
|
|-heal|p2a: Schwarze Frau|200\/344 tox|[from] item: Leftovers
|-heal|p1a: Empoleon|334\/372|[from] item: Leftovers
|-damage|p2a: Schwarze Frau|137\/344 tox|[from] psn
|turn|32
|
|move|p2a: Schwarze Frau|Rest|p2a: Schwarze Frau
|-status|p2a: Schwarze Frau|slp
|-heal|p2a: Schwarze Frau|344\/344 slp|[silent]
|-status|p2a: Schwarze Frau|slp|[from] move: Rest
|move|p1a: Empoleon|Scald|p2a: Schwarze Frau
|-damage|p2a: Schwarze Frau|319\/344 slp
|
|-heal|p2a: Schwarze Frau|340\/344 slp|[from] item: Leftovers
|-heal|p1a: Empoleon|357\/372|[from] item: Leftovers
|turn|33
|
|cant|p2a: Schwarze Frau|slp
|move|p1a: Empoleon|Scald|p2a: Schwarze Frau
|-damage|p2a: Schwarze Frau|313\/344 slp
|
|-heal|p2a: Schwarze Frau|334\/344 slp|[from] item: Leftovers
|-heal|p1a: Empoleon|372\/372|[from] item: Leftovers
|turn|34
|
|cant|p2a: Schwarze Frau|slp
|move|p1a: Empoleon|Scald|p2a: Schwarze Frau
|-damage|p2a: Schwarze Frau|304\/344 slp
|
|-heal|p2a: Schwarze Frau|325\/344 slp|[from] item: Leftovers
|turn|35
|
|-curestatus|p2a: Schwarze Frau|slp
|move|p2a: Schwarze Frau|Psyshock|p1a: Empoleon
|-resisted|p1a: Empoleon
|-damage|p1a: Empoleon|249\/372
|move|p1a: Empoleon|Toxic|p2a: Schwarze Frau
|-status|p2a: Schwarze Frau|tox
|
|-heal|p2a: Schwarze Frau|344\/344 tox|[from] item: Leftovers
|-heal|p1a: Empoleon|272\/372|[from] item: Leftovers
|-damage|p2a: Schwarze Frau|323\/344 tox|[from] psn
|turn|36
|
|move|p2a: Schwarze Frau|Calm Mind|p2a: Schwarze Frau
|-boost|p2a: Schwarze Frau|spa|1
|-boost|p2a: Schwarze Frau|spd|1
|move|p1a: Empoleon|Scald|p2a: Schwarze Frau
|-damage|p2a: Schwarze Frau|296\/344 tox
|
|-heal|p2a: Schwarze Frau|317\/344 tox|[from] item: Leftovers
|-heal|p1a: Empoleon|295\/372|[from] item: Leftovers
|-damage|p2a: Schwarze Frau|275\/344 tox|[from] psn
|turn|37
|
|move|p2a: Schwarze Frau|Psyshock|p1a: Empoleon
|-resisted|p1a: Empoleon
|-damage|p1a: Empoleon|156\/372
|move|p1a: Empoleon|Scald|p2a: Schwarze Frau
|-damage|p2a: Schwarze Frau|251\/344 tox
|
|-heal|p2a: Schwarze Frau|272\/344 tox|[from] item: Leftovers
|-heal|p1a: Empoleon|179\/372|[from] item: Leftovers
|-damage|p2a: Schwarze Frau|209\/344 tox|[from] psn
|turn|38
|
|move|p2a: Schwarze Frau|Psyshock|p1a: Empoleon
|-resisted|p1a: Empoleon
|-damage|p1a: Empoleon|23\/372
|move|p1a: Empoleon|Scald|p2a: Schwarze Frau
|-damage|p2a: Schwarze Frau|176\/344 tox
|
|-heal|p2a: Schwarze Frau|197\/344 tox|[from] item: Leftovers
|-heal|p1a: Empoleon|46\/372|[from] item: Leftovers
|-damage|p2a: Schwarze Frau|113\/344 tox|[from] psn
|turn|39
|
|move|p2a: Schwarze Frau|Rest|p2a: Schwarze Frau
|-status|p2a: Schwarze Frau|slp
|-heal|p2a: Schwarze Frau|344\/344 slp|[silent]
|-status|p2a: Schwarze Frau|slp|[from] move: Rest
|move|p1a: Empoleon|Scald|p2a: Schwarze Frau
|-damage|p2a: Schwarze Frau|310\/344 slp
|
|-heal|p2a: Schwarze Frau|331\/344 slp|[from] item: Leftovers
|-heal|p1a: Empoleon|69\/372|[from] item: Leftovers
|turn|40
|
|cant|p2a: Schwarze Frau|slp
|move|p1a: Empoleon|Scald|p2a: Schwarze Frau
|-damage|p2a: Schwarze Frau|295\/344 slp
|
|-heal|p2a: Schwarze Frau|316\/344 slp|[from] item: Leftovers
|-heal|p1a: Empoleon|92\/372|[from] item: Leftovers
|turn|41
|
|cant|p2a: Schwarze Frau|slp
|move|p1a: Empoleon|Scald|p2a: Schwarze Frau
|-damage|p2a: Schwarze Frau|283\/344 slp
|
|-heal|p2a: Schwarze Frau|304\/344 slp|[from] item: Leftovers
|-heal|p1a: Empoleon|115\/372|[from] item: Leftovers
|turn|42
|
|-curestatus|p2a: Schwarze Frau|slp
|move|p2a: Schwarze Frau|Psyshock|p1a: Empoleon
|-resisted|p1a: Empoleon
|-damage|p1a: Empoleon|0 fnt
|faint|p1a: Empoleon
|
|-heal|p2a: Schwarze Frau|325\/344|[from] item: Leftovers
|
|switch|p1a: Mamoswine|Mamoswine, M|69\/400 tox
|turn|43
|
|move|p2a: Schwarze Frau|Psyshock|p1a: Mamoswine
|-damage|p1a: Mamoswine|0 fnt
|faint|p1a: Mamoswine
|
|-heal|p2a: Schwarze Frau|344\/344|[from] item: Leftovers
|c|âdatascientist|g
|c|âdatascientist|g
|c|âttte|gg
|-message|datascientist forfeited.
|
|win|ttte
|raw|Ladder updating...
|leave|datascientist
|player|p1
|raw|datascientist's rating: 1241 &rarr; <strong>1208<\/strong><br \/>(-33 for losing)
|raw|ttte's rating: 1121 &rarr; <strong>1155<\/strong><br \/>(+34 for winning)