|join|HappyDaTropa
|join|Angels cry
|player|p1|HappyDaTropa|285
|player|p2|Angels cry|269
|gametype|singles
|gen|6
|tier|OU
|clearpoke
|poke|p1|Sceptile, F
|poke|p1|Heatran, F
|poke|p1|Landorus-Therian, M
|poke|p1|Skarmory, F
|poke|p1|Umbreon, M
|poke|p1|Azumarill, M
|poke|p2|Skarmory, M
|poke|p2|Gastrodon, M
|poke|p2|Charizard, M
|poke|p2|Suicune
|poke|p2|Tornadus-Therian, M
|poke|p2|Clefable, F
|rule|Swagger Clause: Swagger is banned
|rule|Baton Pass Clause: Limit one PokÃ©mon knowing Baton Pass
|rule|Sleep Clause Mod: Limit one foe put to sleep
|rule|Species Clause: Limit one of each PokÃ©mon
|rule|OHKO Clause: OHKO moves are banned
|rule|Moody Clause: Moody is banned
|rule|Evasion Moves Clause: Evasion moves are banned
|rule|Endless Battle Clause: Forcing endless battles is banned
|rule|HP Percentage Mod: HP is shown in percentages
|teampreview
|join|DUGVF
|
|start
|switch|p1a: Heatran|Heatran, F|386\/386
|switch|p2a: Skarmory|Skarmory, M|334\/334
|-item|p1a: Heatran|Air Balloon
|turn|1
|
|switch|p2a: Gastrodon|Gastrodon, M|426\/426
|move|p1a: Heatran|Lava Plume|p2a: Gastrodon
|-resisted|p2a: Gastrodon
|-damage|p2a: Gastrodon|364\/426
|-status|p2a: Gastrodon|brn
|
|-heal|p2a: Gastrodon|390\/426 brn|[from] item: Leftovers
|-damage|p2a: Gastrodon|337\/426 brn|[from] brn
|turn|2
|
|switch|p1a: Azumarill|Azumarill, M|404\/404
|move|p2a: Gastrodon|Scald|p1a: Azumarill
|-resisted|p1a: Azumarill
|-damage|p1a: Azumarill|371\/404
|
|-heal|p2a: Gastrodon|363\/426 brn|[from] item: Leftovers
|-damage|p2a: Gastrodon|310\/426 brn|[from] brn
|turn|3
|
|switch|p2a: Clefable|Clefable, F|394\/394
|move|p1a: Azumarill|Knock Off|p2a: Clefable
|-resisted|p2a: Clefable
|-damage|p2a: Clefable|337\/394
|-enditem|p2a: Clefable|Leftovers|[from] move: Knock Off|[of] p1a: Azumarill
|
|turn|4
|leave|DUGVF
|join|llllREDlll
|
|switch|p1a: Heatran|Heatran, F|386\/386
|-item|p1a: Heatran|Air Balloon
|move|p2a: Clefable|Stealth Rock|p1a: Heatran
|-sidestart|p1: HappyDaTropa|move: Stealth Rock
|
|turn|5
|
|switch|p2a: Suicune|Suicune|404\/404
|-ability|p2a: Suicune|Pressure
|move|p1a: Heatran|Flash Cannon|p2a: Suicune
|-resisted|p2a: Suicune
|-damage|p2a: Suicune|338\/404
|
|-heal|p2a: Suicune|363\/404|[from] item: Leftovers
|turn|6
|
|switch|p1a: Sceptile|Sceptile, F|282\/282
|-damage|p1a: Sceptile|247\/282|[from] Stealth Rock
|move|p2a: Suicune|Scald|p1a: Sceptile
|-resisted|p1a: Sceptile
|-damage|p1a: Sceptile|194\/282
|
|-heal|p2a: Suicune|388\/404|[from] item: Leftovers
|turn|7
|
|switch|p2a: Tornadus-Therian|Tornadus-Therian, M|332\/332
|detailschange|p1a: Sceptile|Sceptile-Mega, F
|message|Sceptile has Mega Evolved into Mega Sceptile!
|move|p1a: Sceptile|Substitute|p1a: Sceptile
|-start|p1a: Sceptile|Substitute
|-damage|p1a: Sceptile|124\/282
|
|turn|8
|
|move|p1a: Sceptile|Dragon Pulse|p2a: Tornadus-Therian
|-damage|p2a: Tornadus-Therian|205\/332
|move|p2a: Tornadus-Therian|Hurricane|p1a: Sceptile
|-supereffective|p1a: Sceptile
|-end|p1a: Sceptile|Substitute
|
|turn|9
|
|switch|p1a: Skarmory|Skarmory, F|334\/334
|-damage|p1a: Skarmory|293\/334|[from] Stealth Rock
|move|p2a: Tornadus-Therian|U-turn|p1a: Skarmory
|-resisted|p1a: Skarmory
|-damage|p1a: Skarmory|286\/334
|
|switch|p2a: Charizard|Charizard, M|359\/359
|
|-heal|p1a: Skarmory|306\/334|[from] item: Leftovers
|turn|10
|
|switch|p1a: Landorus-Therian|Landorus-Therian, M|320\/320
|-damage|p1a: Landorus-Therian|280\/320|[from] Stealth Rock
|-ability|p1a: Landorus-Therian|Intimidate|[of] p2a: Charizard
|-unboost|p2a: Charizard|atk|1
|detailschange|p2a: Charizard|Charizard-Mega-X, M
|message|Charizard has Mega Evolved into Mega Charizard!
|move|p2a: Charizard|Fire Punch|p1a: Landorus-Therian
|-damage|p1a: Landorus-Therian|171\/320
|
|turn|11
|
|switch|p2a: Skarmory|Skarmory, M|334\/334
|move|p1a: Landorus-Therian|Stone Edge|p2a: Skarmory
|-damage|p2a: Skarmory|244\/334
|
|-heal|p2a: Skarmory|264\/334|[from] item: Leftovers
|turn|12
|
|switch|p1a: Skarmory|Skarmory, F|306\/334
|-damage|p1a: Skarmory|265\/334|[from] Stealth Rock
|move|p2a: Skarmory|Roost|p2a: Skarmory
|-heal|p2a: Skarmory|334\/334
|
|-heal|p1a: Skarmory|285\/334|[from] item: Leftovers
|turn|13
|
|switch|p2a: Tornadus-Therian|Tornadus-Therian, M|315\/332
|move|p1a: Skarmory|Defog|p2a: Tornadus-Therian
|-unboost|p2a: Tornadus-Therian|evasion|1
|-sideend|p1: HappyDaTropa|Stealth Rock|[from] move: Defog|[of] p1a: Skarmory
|
|-heal|p1a: Skarmory|305\/334|[from] item: Leftovers
|turn|14
|
|switch|p1a: Heatran|Heatran, F|386\/386
|-item|p1a: Heatran|Air Balloon
|move|p2a: Tornadus-Therian|Knock Off|p1a: Heatran
|-damage|p1a: Heatran|322\/386
|-enditem|p1a: Heatran|Air Balloon
|
|turn|15
|
|move|p2a: Tornadus-Therian|U-turn|p1a: Heatran
|-resisted|p1a: Heatran
|-damage|p1a: Heatran|310\/386
|
|switch|p2a: Suicune|Suicune|388\/404
|-ability|p2a: Suicune|Pressure
|move|p1a: Heatran|Flash Cannon|p2a: Suicune
|-resisted|p2a: Suicune
|-damage|p2a: Suicune|330\/404
|
|-heal|p2a: Suicune|355\/404|[from] item: Leftovers
|turn|16
|
|switch|p1a: Azumarill|Azumarill, M|371\/404
|move|p2a: Suicune|Scald|p1a: Azumarill
|-resisted|p1a: Azumarill
|-damage|p1a: Azumarill|336\/404
|
|-heal|p2a: Suicune|380\/404|[from] item: Leftovers
|turn|17
|
|move|p2a: Suicune|Scald|p1a: Azumarill
|-resisted|p1a: Azumarill
|-damage|p1a: Azumarill|300\/404
|move|p1a: Azumarill|Knock Off|p2a: Suicune
|-damage|p2a: Suicune|282\/404
|-enditem|p2a: Suicune|Leftovers|[from] move: Knock Off|[of] p1a: Azumarill
|
|turn|18
|
|move|p2a: Suicune|Scald|p1a: Azumarill
|-resisted|p1a: Azumarill
|-damage|p1a: Azumarill|268\/404
|move|p1a: Azumarill|Play Rough|p2a: Suicune
|-damage|p2a: Suicune|153\/404
|
|turn|19
|
|move|p2a: Suicune|Scald|p1a: Azumarill
|-resisted|p1a: Azumarill
|-damage|p1a: Azumarill|235\/404
|-status|p1a: Azumarill|brn
|move|p1a: Azumarill|Superpower|p2a: Suicune
|-damage|p2a: Suicune|99\/404
|-unboost|p1a: Azumarill|atk|1
|-unboost|p1a: Azumarill|def|1
|
|-damage|p1a: Azumarill|185\/404 brn|[from] brn
|turn|20
|
|move|p2a: Suicune|Rest|p2a: Suicune
|-status|p2a: Suicune|slp
|-heal|p2a: Suicune|404\/404 slp|[silent]
|-status|p2a: Suicune|slp|[from] move: Rest
|move|p1a: Azumarill|Play Rough|p2a: Suicune|[miss]
|-miss|p1a: Azumarill|p2a: Suicune
|
|-damage|p1a: Azumarill|135\/404 brn|[from] brn
|turn|21
|
|switch|p1a: Sceptile|Sceptile-Mega, F|124\/282
|cant|p2a: Suicune|slp
|move|p2a: Suicune|Sleep Talk|p2a: Suicune
|move|p2a: Suicune|Rest|p2a: Suicune|[from]Sleep Talk
|-fail|p2a: Suicune
|
|turn|22
|
|switch|p2a: Tornadus-Therian|Tornadus-Therian, M|332\/332
|move|p1a: Sceptile|Giga Drain|p2a: Tornadus-Therian
|-resisted|p2a: Tornadus-Therian
|-damage|p2a: Tornadus-Therian|274\/332
|-heal|p1a: Sceptile|153\/282|[from] drain|[of] p2a: Tornadus-Therian
|
|turn|23
|
|switch|p1a: Azumarill|Azumarill, M|135\/404 brn
|move|p2a: Tornadus-Therian|Hurricane|p1a: Azumarill
|-damage|p1a: Azumarill|5\/404 brn
|-start|p1a: Azumarill|confusion
|
|-damage|p1a: Azumarill|0 fnt|[from] brn
|faint|p1a: Azumarill
|
|switch|p1a: Landorus-Therian|Landorus-Therian, M|171\/320
|-ability|p1a: Landorus-Therian|Intimidate|[of] p2a: Tornadus-Therian
|-unboost|p2a: Tornadus-Therian|atk|1
|turn|24
|
|switch|p2a: Skarmory|Skarmory, M|334\/334
|move|p1a: Landorus-Therian|U-turn|p2a: Skarmory
|-resisted|p2a: Skarmory
|-damage|p2a: Skarmory|319\/334
|
|switch|p1a: Heatran|Heatran, F|310\/386
|
|-heal|p2a: Skarmory|334\/334|[from] item: Leftovers
|turn|25
|
|switch|p2a: Suicune|Suicune|404\/404 slp
|-ability|p2a: Suicune|Pressure
|move|p1a: Heatran|Earth Power|p2a: Suicune
|-crit|p2a: Suicune
|-damage|p2a: Suicune|263\/404 slp
|
|turn|26
|
|switch|p1a: Sceptile|Sceptile-Mega, F|153\/282
|cant|p2a: Suicune|slp
|move|p2a: Suicune|Sleep Talk|p2a: Suicune
|move|p2a: Suicune|Scald|p1a: Sceptile|[from]Sleep Talk
|-resisted|p1a: Sceptile
|-damage|p1a: Sceptile|126\/282
|
|turn|27
|
|switch|p2a: Tornadus-Therian|Tornadus-Therian, M|332\/332
|move|p1a: Sceptile|Substitute|p1a: Sceptile
|-start|p1a: Sceptile|Substitute
|-damage|p1a: Sceptile|56\/282
|
|turn|28
|
|move|p1a: Sceptile|Dragon Pulse|p2a: Tornadus-Therian
|-damage|p2a: Tornadus-Therian|190\/332
|move|p2a: Tornadus-Therian|Hurricane|p1a: Sceptile|[miss]
|-miss|p2a: Tornadus-Therian|p1a: Sceptile
|
|turn|29
|
|move|p1a: Sceptile|Dragon Pulse|p2a: Tornadus-Therian
|-damage|p2a: Tornadus-Therian|54\/332
|move|p2a: Tornadus-Therian|U-turn|p1a: Sceptile
|-supereffective|p1a: Sceptile
|-end|p1a: Sceptile|Substitute
|
|switch|p2a: Clefable|Clefable, F|337\/394
|
|turn|30
|
|switch|p1a: Skarmory|Skarmory, F|305\/334
|move|p2a: Clefable|Moonblast|p1a: Skarmory
|-resisted|p1a: Skarmory
|-damage|p1a: Skarmory|232\/334
|
|-heal|p1a: Skarmory|252\/334|[from] item: Leftovers
|turn|31
|
|move|p1a: Skarmory|Stealth Rock|p2a: Clefable
|-sidestart|p2: Angels cry|move: Stealth Rock
|move|p2a: Clefable|Stealth Rock|p1a: Skarmory
|-sidestart|p1: HappyDaTropa|move: Stealth Rock
|
|-heal|p1a: Skarmory|272\/334|[from] item: Leftovers
|turn|32
|
|move|p1a: Skarmory|Defog|p2a: Clefable
|-unboost|p2a: Clefable|evasion|1
|-sideend|p2: Angels cry|Stealth Rock|[from] move: Defog|[of] p2a: Clefable
|-sideend|p1: HappyDaTropa|Stealth Rock|[from] move: Defog|[of] p1a: Skarmory
|move|p2a: Clefable|Moonblast|p1a: Skarmory
|-resisted|p1a: Skarmory
|-damage|p1a: Skarmory|197\/334
|-unboost|p1a: Skarmory|spa|1
|
|-heal|p1a: Skarmory|217\/334|[from] item: Leftovers
|turn|33
|
|switch|p2a: Tornadus-Therian|Tornadus-Therian, M|164\/332
|move|p1a: Skarmory|Stealth Rock|p2a: Tornadus-Therian
|-sidestart|p2: Angels cry|move: Stealth Rock
|
|-heal|p1a: Skarmory|237\/334|[from] item: Leftovers
|turn|34
|
|switch|p1a: Umbreon|Umbreon, M|394\/394
|move|p2a: Tornadus-Therian|Focus Blast|p1a: Umbreon
|-supereffective|p1a: Umbreon
|-damage|p1a: Umbreon|248\/394
|
|-heal|p1a: Umbreon|272\/394|[from] item: Leftovers
|turn|35
|
|move|p1a: Umbreon|Protect|p1a: Umbreon
|-singleturn|p1a: Umbreon|Protect
|move|p2a: Tornadus-Therian|U-turn|p1a: Umbreon
|-activate|p1a: Umbreon|Protect
|
|-heal|p1a: Umbreon|296\/394|[from] item: Leftovers
|turn|36
|
|switch|p1a: Landorus-Therian|Landorus-Therian, M|171\/320
|-ability|p1a: Landorus-Therian|Intimidate|[of] p2a: Tornadus-Therian
|-unboost|p2a: Tornadus-Therian|atk|1
|move|p2a: Tornadus-Therian|U-turn|p1a: Landorus-Therian
|-resisted|p1a: Landorus-Therian
|-damage|p1a: Landorus-Therian|153\/320
|
|switch|p2a: Skarmory|Skarmory, M|334\/334
|-damage|p2a: Skarmory|293\/334|[from] Stealth Rock
|
|-heal|p2a: Skarmory|313\/334|[from] item: Leftovers
|turn|37
|
|move|p1a: Landorus-Therian|Knock Off|p2a: Skarmory
|-damage|p2a: Skarmory|228\/334
|-enditem|p2a: Skarmory|Leftovers|[from] move: Knock Off|[of] p1a: Landorus-Therian
|move|p2a: Skarmory|Defog|p1a: Landorus-Therian
|-unboost|p1a: Landorus-Therian|evasion|1
|-sideend|p2: Angels cry|Stealth Rock|[from] move: Defog|[of] p2a: Skarmory
|
|turn|38
|
|switch|p1a: Heatran|Heatran, F|310\/386
|move|p2a: Skarmory|Roost|p2a: Skarmory
|-heal|p2a: Skarmory|334\/334
|
|turn|39
|
|switch|p2a: Suicune|Suicune|263\/404 slp
|-ability|p2a: Suicune|Pressure
|move|p1a: Heatran|Will-O-Wisp|p2a: Suicune
|-fail|p2a: Suicune
|
|turn|40
|
|switch|p1a: Sceptile|Sceptile-Mega, F|56\/282
|-curestatus|p2a: Suicune|slp
|move|p2a: Suicune|Sleep Talk|p2a: Suicune
|-fail|p2a: Suicune
|
|turn|41
|
|switch|p2a: Tornadus-Therian|Tornadus-Therian, M|274\/332
|move|p1a: Sceptile|Giga Drain|p2a: Tornadus-Therian
|-resisted|p2a: Tornadus-Therian
|-damage|p2a: Tornadus-Therian|220\/332
|-heal|p1a: Sceptile|83\/282|[from] drain|[of] p2a: Tornadus-Therian
|
|turn|42
|
|switch|p1a: Heatran|Heatran, F|310\/386
|move|p2a: Tornadus-Therian|U-turn|p1a: Heatran
|-resisted|p1a: Heatran
|-damage|p1a: Heatran|299\/386
|
|switch|p2a: Suicune|Suicune|263\/404
|-ability|p2a: Suicune|Pressure
|
|turn|43
|
|switch|p1a: Umbreon|Umbreon, M|296\/394
|move|p2a: Suicune|Scald|p1a: Umbreon
|-damage|p1a: Umbreon|245\/394
|-status|p1a: Umbreon|brn
|-status|p2a: Suicune|brn
|
|-heal|p1a: Umbreon|269\/394 brn|[from] item: Leftovers
|-damage|p2a: Suicune|213\/404 brn|[from] brn
|-damage|p1a: Umbreon|220\/394 brn|[from] brn
|turn|44
|
|move|p2a: Suicune|Rest|p2a: Suicune
|-status|p2a: Suicune|slp
|-heal|p2a: Suicune|404\/404 slp|[silent]
|-status|p2a: Suicune|slp|[from] move: Rest
|move|p1a: Umbreon|Wish|p1a: Umbreon
|
|-heal|p1a: Umbreon|244\/394 brn|[from] item: Leftovers
|-damage|p1a: Umbreon|195\/394 brn|[from] brn
|turn|45
|
|switch|p2a: Tornadus-Therian|Tornadus-Therian, M|330\/332
|switch|p1a: Sceptile|Sceptile-Mega, F|83\/282
|
|-heal|p1a: Sceptile|280\/282|[from] move: Wish|[wisher] Umbreon
|turn|46
|
|switch|p1a: Landorus-Therian|Landorus-Therian, M|153\/320
|-ability|p1a: Landorus-Therian|Intimidate|[of] p2a: Tornadus-Therian
|-unboost|p2a: Tornadus-Therian|atk|1
|move|p2a: Tornadus-Therian|Hurricane|p1a: Landorus-Therian|[miss]
|-miss|p2a: Tornadus-Therian|p1a: Landorus-Therian
|
|turn|47
|
|switch|p2a: Skarmory|Skarmory, M|334\/334
|move|p1a: Landorus-Therian|U-turn|p2a: Skarmory
|-resisted|p2a: Skarmory
|-damage|p2a: Skarmory|319\/334
|
|switch|p1a: Sceptile|Sceptile-Mega, F|280\/282
|
|turn|48
|
|move|p1a: Sceptile|Substitute|p1a: Sceptile
|-start|p1a: Sceptile|Substitute
|-damage|p1a: Sceptile|210\/282
|move|p2a: Skarmory|Toxic|p1a: Sceptile
|
|turn|49
|
|switch|p2a: Tornadus-Therian|Tornadus-Therian, M|332\/332
|move|p1a: Sceptile|Hidden Power|p2a: Tornadus-Therian
|-damage|p2a: Tornadus-Therian|275\/332
|
|turn|50
|join|Vaquinha Mococa
|
|move|p1a: Sceptile|Dragon Pulse|p2a: Tornadus-Therian
|-damage|p2a: Tornadus-Therian|145\/332
|move|p2a: Tornadus-Therian|U-turn|p1a: Sceptile
|-supereffective|p1a: Sceptile
|-end|p1a: Sceptile|Substitute
|
|switch|p2a: Clefable|Clefable, F|337\/394
|
|turn|51
|
|switch|p1a: Heatran|Heatran, F|299\/386
|switch|p2a: Tornadus-Therian|Tornadus-Therian, M|255\/332
|
|turn|52
|
|move|p2a: Tornadus-Therian|U-turn|p1a: Heatran
|-resisted|p1a: Heatran
|-damage|p1a: Heatran|286\/386
|leave|Vaquinha Mococa
|
|switch|p2a: Gastrodon|Gastrodon, M|310\/426 brn
|move|p1a: Heatran|Flash Cannon|p2a: Gastrodon
|-resisted|p2a: Gastrodon
|-damage|p2a: Gastrodon|253\/426 brn
|-unboost|p2a: Gastrodon|spd|1
|
|-heal|p2a: Gastrodon|279\/426 brn|[from] item: Leftovers
|-damage|p2a: Gastrodon|226\/426 brn|[from] brn
|turn|53
|
|move|p1a: Heatran|Earth Power|p2a: Gastrodon
|-damage|p2a: Gastrodon|101\/426 brn
|move|p2a: Gastrodon|Toxic|p1a: Heatran
|-fail|p1a: Heatran
|
|-heal|p2a: Gastrodon|127\/426 brn|[from] item: Leftovers
|-damage|p2a: Gastrodon|74\/426 brn|[from] brn
|turn|54
|
|switch|p2a: Suicune|Suicune|404\/404 slp
|-ability|p2a: Suicune|Pressure
|move|p1a: Heatran|Earth Power|p2a: Suicune
|-damage|p2a: Suicune|308\/404 slp
|
|turn|55
|
|switch|p1a: Umbreon|Umbreon, M|195\/394 brn
|cant|p2a: Suicune|slp
|move|p2a: Suicune|Sleep Talk|p2a: Suicune
|move|p2a: Suicune|Scald|p1a: Umbreon|[from]Sleep Talk
|-damage|p1a: Umbreon|143\/394 brn
|
|-heal|p1a: Umbreon|167\/394 brn|[from] item: Leftovers
|-damage|p1a: Umbreon|118\/394 brn|[from] brn
|turn|56
|
|switch|p2a: Tornadus-Therian|Tornadus-Therian, M|332\/332
|move|p1a: Umbreon|Wish|p1a: Umbreon
|
|-heal|p1a: Umbreon|142\/394 brn|[from] item: Leftovers
|-damage|p1a: Umbreon|93\/394 brn|[from] brn
|turn|57
|
|move|p1a: Umbreon|Protect|p1a: Umbreon
|-singleturn|p1a: Umbreon|Protect
|move|p2a: Tornadus-Therian|Hurricane|p1a: Umbreon
|-activate|p1a: Umbreon|Protect
|
|-heal|p1a: Umbreon|290\/394 brn|[from] move: Wish|[wisher] Umbreon
|-heal|p1a: Umbreon|314\/394 brn|[from] item: Leftovers
|-damage|p1a: Umbreon|265\/394 brn|[from] brn
|turn|58
|
|switch|p1a: Landorus-Therian|Landorus-Therian, M|153\/320
|-ability|p1a: Landorus-Therian|Intimidate|[of] p2a: Tornadus-Therian
|-unboost|p2a: Tornadus-Therian|atk|1
|move|p2a: Tornadus-Therian|Focus Blast|p1a: Landorus-Therian
|-resisted|p1a: Landorus-Therian
|-damage|p1a: Landorus-Therian|81\/320
|
|turn|59
|
|switch|p2a: Skarmory|Skarmory, M|319\/334
|move|p1a: Landorus-Therian|Stone Edge|p2a: Skarmory
|-damage|p2a: Skarmory|231\/334
|
|turn|60
|
|switch|p1a: Heatran|Heatran, F|286\/386
|move|p2a: Skarmory|Roost|p2a: Skarmory
|-heal|p2a: Skarmory|334\/334
|
|turn|61
|
|switch|p2a: Suicune|Suicune|308\/404 slp
|-ability|p2a: Suicune|Pressure
|move|p1a: Heatran|Will-O-Wisp|p2a: Suicune
|-fail|p2a: Suicune
|
|turn|62
|
|switch|p1a: Sceptile|Sceptile-Mega, F|210\/282
|cant|p2a: Suicune|slp
|move|p2a: Suicune|Sleep Talk|p2a: Suicune
|move|p2a: Suicune|Scald|p1a: Sceptile|[from]Sleep Talk
|-resisted|p1a: Sceptile
|-damage|p1a: Sceptile|188\/282
|
|turn|63
|
|switch|p2a: Tornadus-Therian|Tornadus-Therian, M|332\/332
|move|p1a: Sceptile|Substitute|p1a: Sceptile
|-start|p1a: Sceptile|Substitute
|-damage|p1a: Sceptile|118\/282
|
|turn|64
|
|move|p1a: Sceptile|Dragon Pulse|p2a: Tornadus-Therian
|-damage|p2a: Tornadus-Therian|190\/332
|move|p2a: Tornadus-Therian|U-turn|p1a: Sceptile
|-supereffective|p1a: Sceptile
|-end|p1a: Sceptile|Substitute
|
|switch|p2a: Clefable|Clefable, F|337\/394
|
|turn|65
|
|switch|p1a: Skarmory|Skarmory, F|237\/334
|move|p2a: Clefable|Stealth Rock|p1a: Skarmory
|-sidestart|p1: HappyDaTropa|move: Stealth Rock
|
|-heal|p1a: Skarmory|257\/334|[from] item: Leftovers
|turn|66
|
|switch|p2a: Tornadus-Therian|Tornadus-Therian, M|300\/332
|move|p1a: Skarmory|Defog|p2a: Tornadus-Therian
|-unboost|p2a: Tornadus-Therian|evasion|1
|-sideend|p1: HappyDaTropa|Stealth Rock|[from] move: Defog|[of] p1a: Skarmory
|
|-heal|p1a: Skarmory|277\/334|[from] item: Leftovers
|turn|67
|c|âHappyDaTropa|meu deus cara
|c|âHappyDaTropa|66 turno
|
|switch|p1a: Heatran|Heatran, F|286\/386
|move|p2a: Tornadus-Therian|Focus Blast|p1a: Heatran|[miss]
|-miss|p2a: Tornadus-Therian|p1a: Heatran
|
|turn|68
|c|âAngels cry|joguei uma de 180
|c|âHappyDaTropa|lol
|c|âHappyDaTropa|to ferrado
|c|âAngels cry|muito chato kkk
|c|âAngels cry|so q n era com essa team
|c|âHappyDaTropa|sinto pena do cara que tÃ¡ esperando
|
|move|p2a: Tornadus-Therian|Focus Blast|p1a: Heatran|[miss]
|-miss|p2a: Tornadus-Therian|p1a: Heatran
|move|p1a: Heatran|Lava Plume|p2a: Tornadus-Therian
|-crit|p2a: Tornadus-Therian
|-damage|p2a: Tornadus-Therian|152\/332
|-status|p2a: Tornadus-Therian|brn
|
|-damage|p2a: Tornadus-Therian|111\/332 brn|[from] brn
|turn|69
|
|switch|p1a: Umbreon|Umbreon, M|265\/394 brn
|move|p2a: Tornadus-Therian|U-turn|p1a: Umbreon
|-supereffective|p1a: Umbreon
|-damage|p1a: Umbreon|219\/394 brn
|
|switch|p2a: Clefable|Clefable, F|337\/394
|
|-heal|p1a: Umbreon|243\/394 brn|[from] item: Leftovers
|-damage|p1a: Umbreon|194\/394 brn|[from] brn
|turn|70
|
|move|p1a: Umbreon|Wish|p1a: Umbreon
|move|p2a: Clefable|Moonblast|p1a: Umbreon
|-supereffective|p1a: Umbreon
|-damage|p1a: Umbreon|62\/394 brn
|-unboost|p1a: Umbreon|spa|1
|
|-heal|p1a: Umbreon|86\/394 brn|[from] item: Leftovers
|-damage|p1a: Umbreon|37\/394 brn|[from] brn
|turn|71
|
|move|p1a: Umbreon|Protect|p1a: Umbreon
|-singleturn|p1a: Umbreon|Protect
|move|p2a: Clefable|Moonblast|p1a: Umbreon
|-activate|p1a: Umbreon|Protect
|
|-heal|p1a: Umbreon|234\/394 brn|[from] move: Wish|[wisher] Umbreon
|-heal|p1a: Umbreon|258\/394 brn|[from] item: Leftovers
|-damage|p1a: Umbreon|209\/394 brn|[from] brn
|turn|72
|
|move|p1a: Umbreon|Toxic|p2a: Clefable
|-status|p2a: Clefable|tox
|move|p2a: Clefable|Moonblast|p1a: Umbreon
|-supereffective|p1a: Umbreon
|-damage|p1a: Umbreon|75\/394 brn
|
|-heal|p1a: Umbreon|99\/394 brn|[from] item: Leftovers
|-damage|p1a: Umbreon|50\/394 brn|[from] brn
|-damage|p2a: Clefable|313\/394 tox|[from] psn
|turn|73
|
|move|p1a: Umbreon|Wish|p1a: Umbreon
|move|p2a: Clefable|Moonblast|p1a: Umbreon
|-supereffective|p1a: Umbreon
|-damage|p1a: Umbreon|0 fnt
|faint|p1a: Umbreon
|
|-damage|p2a: Clefable|265\/394 tox|[from] psn
|
|switch|p1a: Landorus-Therian|Landorus-Therian, M|81\/320
|-ability|p1a: Landorus-Therian|Intimidate|[of] p2a: Clefable
|-unboost|p2a: Clefable|atk|1
|turn|74
|
|move|p1a: Landorus-Therian|Earthquake|p2a: Clefable
|-damage|p2a: Clefable|91\/394 tox
|move|p2a: Clefable|Moonblast|p1a: Landorus-Therian
|-damage|p1a: Landorus-Therian|0 fnt
|faint|p1a: Landorus-Therian
|
|-damage|p2a: Clefable|19\/394 tox|[from] psn
|
|switch|p1a: Sceptile|Sceptile-Mega, F|118\/282
|turn|75
|
|move|p1a: Sceptile|Giga Drain|p2a: Clefable
|-damage|p2a: Clefable|0 fnt
|-heal|p1a: Sceptile|128\/282|[from] drain|[of] p2a: Clefable
|faint|p2a: Clefable
|
|
|switch|p2a: Tornadus-Therian|Tornadus-Therian, M|221\/332 brn
|turn|76
|
|switch|p1a: Heatran|Heatran, F|286\/386
|move|p2a: Tornadus-Therian|Hurricane|p1a: Heatran|[miss]
|-miss|p2a: Tornadus-Therian|p1a: Heatran
|
|-damage|p2a: Tornadus-Therian|180\/332 brn|[from] brn
|turn|77
|
|move|p2a: Tornadus-Therian|U-turn|p1a: Heatran
|-resisted|p1a: Heatran
|-damage|p1a: Heatran|280\/386
|
|switch|p2a: Suicune|Suicune|308\/404 slp
|-ability|p2a: Suicune|Pressure
|move|p1a: Heatran|Flash Cannon|p2a: Suicune
|-resisted|p2a: Suicune
|-damage|p2a: Suicune|247\/404 slp
|
|turn|78
|
|switch|p2a: Tornadus-Therian|Tornadus-Therian, M|290\/332 brn
|switch|p1a: Skarmory|Skarmory, F|277\/334
|
|-heal|p1a: Skarmory|297\/334|[from] item: Leftovers
|-damage|p2a: Tornadus-Therian|249\/332 brn|[from] brn
|turn|79
|
|move|p2a: Tornadus-Therian|U-turn|p1a: Skarmory
|-resisted|p1a: Skarmory
|-damage|p1a: Skarmory|293\/334
|
|switch|p2a: Charizard|Charizard-Mega-X, M|359\/359
|move|p1a: Skarmory|Brave Bird|p2a: Charizard
|-damage|p2a: Charizard|257\/359
|-damage|p1a: Skarmory|259\/334|[from] recoil|[of] p2a: Charizard
|
|-heal|p1a: Skarmory|279\/334|[from] item: Leftovers
|turn|80
|
|switch|p1a: Heatran|Heatran, F|280\/386
|move|p2a: Charizard|Dragon Claw|p1a: Heatran
|-resisted|p1a: Heatran
|-damage|p1a: Heatran|212\/386
|
|turn|81
|
|move|p2a: Charizard|Dragon Claw|p1a: Heatran
|-resisted|p1a: Heatran
|-damage|p1a: Heatran|134\/386
|move|p1a: Heatran|Earth Power|p2a: Charizard
|-supereffective|p2a: Charizard
|-damage|p2a: Charizard|59\/359
|
|turn|82
|
|move|p2a: Charizard|Dragon Claw|p1a: Heatran
|-resisted|p1a: Heatran
|-damage|p1a: Heatran|61\/386
|move|p1a: Heatran|Earth Power|p2a: Charizard
|-supereffective|p2a: Charizard
|-damage|p2a: Charizard|0 fnt
|faint|p2a: Charizard
|
|
|switch|p2a: Tornadus-Therian|Tornadus-Therian, M|332\/332 brn
|turn|83
|
|move|p2a: Tornadus-Therian|Focus Blast|p1a: Heatran
|-supereffective|p1a: Heatran
|-damage|p1a: Heatran|0 fnt
|faint|p1a: Heatran
|
|-damage|p2a: Tornadus-Therian|291\/332 brn|[from] brn
|
|switch|p1a: Skarmory|Skarmory, F|279\/334
|turn|84
|
|move|p2a: Tornadus-Therian|Focus Blast|p1a: Skarmory|[miss]
|-miss|p2a: Tornadus-Therian|p1a: Skarmory
|move|p1a: Skarmory|Stealth Rock|p2a: Tornadus-Therian
|-sidestart|p2: Angels cry|move: Stealth Rock
|
|-heal|p1a: Skarmory|299\/334|[from] item: Leftovers
|-damage|p2a: Tornadus-Therian|250\/332 brn|[from] brn
|turn|85
|
|move|p2a: Tornadus-Therian|U-turn|p1a: Skarmory
|-resisted|p1a: Skarmory
|-damage|p1a: Skarmory|296\/334
|
|switch|p2a: Skarmory|Skarmory, M|334\/334
|-damage|p2a: Skarmory|293\/334|[from] Stealth Rock
|move|p1a: Skarmory|Brave Bird|p2a: Skarmory
|-resisted|p2a: Skarmory
|-damage|p2a: Skarmory|251\/334
|-damage|p1a: Skarmory|282\/334|[from] recoil|[of] p2a: Skarmory
|
|-heal|p1a: Skarmory|302\/334|[from] item: Leftovers
|turn|86
|
|move|p1a: Skarmory|Brave Bird|p2a: Skarmory
|-resisted|p2a: Skarmory
|-damage|p2a: Skarmory|209\/334
|-damage|p1a: Skarmory|288\/334|[from] recoil|[of] p2a: Skarmory
|move|p2a: Skarmory|Toxic|p1a: Skarmory
|-fail|p1a: Skarmory
|
|-heal|p1a: Skarmory|308\/334|[from] item: Leftovers
|turn|87
|
|move|p1a: Skarmory|Brave Bird|p2a: Skarmory
|-resisted|p2a: Skarmory
|-damage|p2a: Skarmory|173\/334
|-damage|p1a: Skarmory|296\/334|[from] recoil|[of] p2a: Skarmory
|move|p2a: Skarmory|Defog|p1a: Skarmory
|-unboost|p1a: Skarmory|evasion|1
|-sideend|p2: Angels cry|Stealth Rock|[from] move: Defog|[of] p2a: Skarmory
|
|-heal|p1a: Skarmory|316\/334|[from] item: Leftovers
|turn|88
|
|move|p1a: Skarmory|Stealth Rock|p2a: Skarmory
|-sidestart|p2: Angels cry|move: Stealth Rock
|move|p2a: Skarmory|Roost|p2a: Skarmory
|-heal|p2a: Skarmory|334\/334
|
|-heal|p1a: Skarmory|334\/334|[from] item: Leftovers
|turn|89
|
|move|p1a: Skarmory|Brave Bird|p2a: Skarmory
|-resisted|p2a: Skarmory
|-damage|p2a: Skarmory|296\/334
|-damage|p1a: Skarmory|321\/334|[from] recoil|[of] p2a: Skarmory
|move|p2a: Skarmory|Defog|p1a: Skarmory
|-unboost|p1a: Skarmory|evasion|1
|-sideend|p2: Angels cry|Stealth Rock|[from] move: Defog|[of] p2a: Skarmory
|
|-heal|p1a: Skarmory|334\/334|[from] item: Leftovers
|turn|90
|
|switch|p2a: Gastrodon|Gastrodon, M|74\/426 brn
|move|p1a: Skarmory|Brave Bird|p2a: Gastrodon
|-damage|p2a: Gastrodon|0 fnt
|-damage|p1a: Skarmory|310\/334|[from] recoil|[of] p2a: Gastrodon
|faint|p2a: Gastrodon
|
|-heal|p1a: Skarmory|330\/334|[from] item: Leftovers
|
|switch|p2a: Tornadus-Therian|Tornadus-Therian, M|332\/332 brn
|turn|91
|
|move|p2a: Tornadus-Therian|Knock Off|p1a: Skarmory
|-damage|p1a: Skarmory|309\/334
|-enditem|p1a: Skarmory|Leftovers|[from] move: Knock Off|[of] p2a: Tornadus-Therian
|move|p1a: Skarmory|Brave Bird|p2a: Tornadus-Therian
|-crit|p2a: Tornadus-Therian
|-damage|p2a: Tornadus-Therian|109\/332 brn
|-damage|p1a: Skarmory|235\/334|[from] recoil|[of] p2a: Tornadus-Therian
|
|-damage|p2a: Tornadus-Therian|68\/332 brn|[from] brn
|turn|92
|
|move|p2a: Tornadus-Therian|U-turn|p1a: Skarmory
|-resisted|p1a: Skarmory
|-damage|p1a: Skarmory|231\/334
|
|switch|p2a: Skarmory|Skarmory, M|296\/334
|move|p1a: Skarmory|Stealth Rock|p2a: Skarmory
|-sidestart|p2: Angels cry|move: Stealth Rock
|
|turn|93
|
|move|p1a: Skarmory|Roost|p1a: Skarmory
|-heal|p1a: Skarmory|334\/334
|move|p2a: Skarmory|Defog|p1a: Skarmory
|-unboost|p1a: Skarmory|evasion|1
|-sideend|p2: Angels cry|Stealth Rock|[from] move: Defog|[of] p2a: Skarmory
|
|turn|94
|
|move|p1a: Skarmory|Brave Bird|p2a: Skarmory
|-resisted|p2a: Skarmory
|-damage|p2a: Skarmory|254\/334
|-damage|p1a: Skarmory|320\/334|[from] recoil|[of] p2a: Skarmory
|move|p2a: Skarmory|Toxic|p1a: Skarmory
|-fail|p1a: Skarmory
|
|turn|95
|
|switch|p2a: Suicune|Suicune|247\/404 slp
|-ability|p2a: Suicune|Pressure
|move|p1a: Skarmory|Brave Bird|p2a: Suicune
|-damage|p2a: Suicune|172\/404 slp
|-damage|p1a: Skarmory|295\/334|[from] recoil|[of] p2a: Suicune
|
|turn|96
|
|switch|p2a: Tornadus-Therian|Tornadus-Therian, M|178\/332 brn
|switch|p1a: Sceptile|Sceptile-Mega, F|128\/282
|
|-damage|p2a: Tornadus-Therian|137\/332 brn|[from] brn
|turn|97
|
|move|p1a: Sceptile|Substitute|p1a: Sceptile
|-start|p1a: Sceptile|Substitute
|-damage|p1a: Sceptile|58\/282
|move|p2a: Tornadus-Therian|Hurricane|p1a: Sceptile|[miss]
|-miss|p2a: Tornadus-Therian|p1a: Sceptile
|
|-damage|p2a: Tornadus-Therian|96\/332 brn|[from] brn
|turn|98
|c|âAngels cry|tenho q tirar esse move
|
|switch|p2a: Skarmory|Skarmory, M|254\/334
|move|p1a: Sceptile|Dragon Pulse|p2a: Skarmory
|-resisted|p2a: Skarmory
|-damage|p2a: Skarmory|158\/334
|
|turn|99
|c|âHappyDaTropa|pq se boto hurricane cara
|c|âHappyDaTropa|sÃ³ por causa da musica?
|
|switch|p2a: Suicune|Suicune|172\/404 slp
|-ability|p2a: Suicune|Pressure
|move|p1a: Sceptile|Hidden Power|p2a: Suicune
|-resisted|p2a: Suicune
|-damage|p2a: Suicune|137\/404 slp
|
|turn|100
|c|âAngels cry|deve ser
|
|switch|p2a: Tornadus-Therian|Tornadus-Therian, M|206\/332 brn
|move|p1a: Sceptile|Giga Drain|p2a: Tornadus-Therian
|-resisted|p2a: Tornadus-Therian
|-damage|p2a: Tornadus-Therian|150\/332 brn
|-heal|p1a: Sceptile|86\/282|[from] drain|[of] p2a: Tornadus-Therian
|
|-damage|p2a: Tornadus-Therian|109\/332 brn|[from] brn
|turn|101
|
|switch|p2a: Skarmory|Skarmory, M|158\/334
|move|p1a: Sceptile|Hidden Power|p2a: Skarmory
|-supereffective|p2a: Skarmory
|-damage|p2a: Skarmory|0 fnt
|faint|p2a: Skarmory
|
|
|switch|p2a: Tornadus-Therian|Tornadus-Therian, M|219\/332 brn
|turn|102
|
|move|p1a: Sceptile|Dragon Pulse|p2a: Tornadus-Therian
|-damage|p2a: Tornadus-Therian|87\/332 brn
|move|p2a: Tornadus-Therian|U-turn|p1a: Sceptile
|-supereffective|p1a: Sceptile
|-activate|p1a: Sceptile|Substitute|[damage]
|
|switch|p2a: Suicune|Suicune|137\/404 slp
|-ability|p2a: Suicune|Pressure
|
|turn|103
|c|âAngels cry|gg
|c|âHappyDaTropa|to confiante
|c|âHappyDaTropa|to to confiante
|c| llllREDlll|angels cry pode comeÃ§ar a chorar
|c| llllREDlll|pq Happy da Tropa vai ganha
|c|âHappyDaTropa|ele need ficar happy
|c|âHappyDaTropa|no cry
|c|âHappyDaTropa|mas na verdade tou sad
|c|âHappyDaTropa|;-;
|join|luckh2111
|join|justrohannl
|join|ALEXANDRE DRAGNELL
|join|neoxx
|join|galle warrior
|leave|justrohannl
|c|âHappyDaTropa|vai logo
|c|âHappyDaTropa|eu tenho vida
|c|âHappyDaTropa|meu oponente tÃ¡ esperando
|c|âHappyDaTropa|e vocÃª faz isso com o cara
|c|âHappyDaTropa|malÃ©gno
|c|âHappyDaTropa|;-;
|leave|galle warrior
|c| llllREDlll|gg
|c|âHappyDaTropa|vou dar stop timer
|c|âHappyDaTropa|:D
|c| llllREDlll|HappyDatropa joga sensualmente
|c|âHappyDaTropa|aleluia
|c|âHappyDaTropa|meu jesus
|-message|Angels cry lost due to inactivity.
|
|win|HappyDaTropa
|leave|HappyDaTropa
|leave|llllREDlll
|player|p1