|join|Angels cry
|join|LT8A HeIIraiser
|player|p1|Angels cry|269
|player|p2|LT8A HeIIraiser|266
|gametype|singles
|gen|6
|tier|OU
|rated
|clearpoke
|poke|p1|Scizor, M
|poke|p1|Ditto
|poke|p1|Chansey, F
|poke|p1|Gliscor, M
|poke|p1|Zapdos
|poke|p1|Gothitelle, F
|poke|p2|Bisharp, M
|poke|p2|Landorus-Therian, M
|poke|p2|Garchomp, M
|poke|p2|Greninja, M
|poke|p2|Latios, M
|poke|p2|Scizor, F
|rule|Swagger Clause: Swagger is banned
|rule|Baton Pass Clause: Limit one PokÃ©mon knowing Baton Pass
|rule|Sleep Clause Mod: Limit one foe put to sleep
|rule|Species Clause: Limit one of each PokÃ©mon
|rule|OHKO Clause: OHKO moves are banned
|rule|Moody Clause: Moody is banned
|rule|Evasion Moves Clause: Evasion moves are banned
|rule|Endless Battle Clause: Forcing endless battles is banned
|rule|HP Percentage Mod: HP is shown in percentages
|teampreview
|
|start
|switch|p1a: Gothitelle|Gothitelle, F|282\/282
|switch|p2a: Garchomp|Garchomp, M|357\/357
|turn|1
|
|move|p1a: Gothitelle|Trick|p2a: Garchomp
|-activate|p1a: Gothitelle|move: Trick|[of] p2a: Garchomp
|-item|p2a: Garchomp|Choice Scarf|[from] move: Trick
|-item|p1a: Gothitelle|Focus Sash|[from] move: Trick
|move|p2a: Garchomp|Earthquake|p1a: Gothitelle
|-crit|p1a: Gothitelle
|-damage|p1a: Gothitelle|5\/282
|
|turn|2
|
|switch|p1a: Gliscor|Gliscor, M|354\/354
|move|p2a: Garchomp|Earthquake|p1a: Gliscor
|-immune|p1a: Gliscor|[msg]
|
|-status|p1a: Gliscor|tox|[from] item: Toxic Orb
|turn|3
|
|switch|p2a: Latios|Latios, M|302\/302
|move|p1a: Gliscor|Substitute|p1a: Gliscor
|-start|p1a: Gliscor|Substitute
|-damage|p1a: Gliscor|266\/354 tox
|
|-heal|p1a: Gliscor|310\/354 tox|[from] ability: Poison Heal
|turn|4
|
|move|p2a: Latios|Psychic|p1a: Gliscor
|-crit|p1a: Gliscor
|-end|p1a: Gliscor|Substitute
|-damage|p2a: Latios|272\/302|[from] item: Life Orb
|move|p1a: Gliscor|Toxic|p2a: Latios
|-status|p2a: Latios|tox
|
|-damage|p2a: Latios|254\/302 tox|[from] psn
|-heal|p1a: Gliscor|354\/354 tox|[from] ability: Poison Heal
|turn|5
|
|switch|p2a: Greninja|Greninja, M|286\/286
|move|p1a: Gliscor|Substitute|p1a: Gliscor
|-start|p1a: Gliscor|Substitute
|-damage|p1a: Gliscor|266\/354 tox
|
|-heal|p1a: Gliscor|310\/354 tox|[from] ability: Poison Heal
|turn|6
|
|switch|p2a: Garchomp|Garchomp, M|357\/357
|move|p1a: Gliscor|Earthquake|p2a: Garchomp
|-damage|p2a: Garchomp|230\/357
|
|-heal|p1a: Gliscor|354\/354 tox|[from] ability: Poison Heal
|turn|7
|
|switch|p1a: Gothitelle|Gothitelle, F|5\/282
|move|p2a: Garchomp|Stealth Rock|p1a: Gothitelle
|-sidestart|p1: Angels cry|move: Stealth Rock
|
|turn|8
|
|move|p2a: Garchomp|Stealth Rock|p1a: Gothitelle
|-fail|p1a: Gothitelle
|move|p1a: Gothitelle|Rest|p1a: Gothitelle
|-status|p1a: Gothitelle|slp
|-heal|p1a: Gothitelle|282\/282 slp|[silent]
|-status|p1a: Gothitelle|slp|[from] move: Rest
|
|turn|9
|c|âAngels cry|vc q Ã© o yan ?
|
|move|p2a: Garchomp|Stealth Rock|p1a: Gothitelle
|-fail|p1a: Gothitelle
|cant|p1a: Gothitelle|slp
|
|turn|10
|
|move|p2a: Garchomp|Stealth Rock|p1a: Gothitelle
|-fail|p1a: Gothitelle
|cant|p1a: Gothitelle|slp
|
|turn|11
|
|move|p2a: Garchomp|Stealth Rock|p1a: Gothitelle
|-fail|p1a: Gothitelle
|-curestatus|p1a: Gothitelle|slp
|move|p1a: Gothitelle|Taunt|p2a: Garchomp
|-start|p2a: Garchomp|move: Taunt
|
|turn|12
|
|-activate|p2a: Garchomp|move: Struggle
|move|p2a: Garchomp|Struggle|p1a: Gothitelle
|-damage|p1a: Gothitelle|221\/282
|-damage|p2a: Garchomp|141\/357
|move|p1a: Gothitelle|Psychic|p2a: Garchomp
|-damage|p2a: Garchomp|0 fnt
|faint|p2a: Garchomp
|
|
|switch|p2a: Bisharp|Bisharp, M|272\/272
|turn|13
|
|switch|p1a: Zapdos|Zapdos|384\/384
|-damage|p1a: Zapdos|288\/384|[from] Stealth Rock
|-ability|p1a: Zapdos|Pressure
|move|p2a: Bisharp|Swords Dance|p2a: Bisharp
|-boost|p2a: Bisharp|atk|2
|
|-heal|p1a: Zapdos|312\/384|[from] item: Leftovers
|turn|14
|
|move|p2a: Bisharp|Knock Off|p1a: Zapdos
|-damage|p1a: Zapdos|0 fnt
|-enditem|p1a: Zapdos|Leftovers|[from] move: Knock Off|[of] p2a: Bisharp
|-damage|p2a: Bisharp|245\/272|[from] item: Life Orb
|faint|p1a: Zapdos
|
|
|switch|p1a: Scizor|Scizor, M|342\/342
|-damage|p1a: Scizor|300\/342|[from] Stealth Rock
|turn|15
|
|detailschange|p1a: Scizor|Scizor-Mega, M
|message|Scizor has Mega Evolved into Mega Scizor!
|move|p2a: Bisharp|Knock Off|p1a: Scizor
|-damage|p1a: Scizor|115\/342
|-damage|p2a: Bisharp|218\/272|[from] item: Life Orb
|move|p1a: Scizor|Superpower|p2a: Bisharp
|-supereffective|p2a: Bisharp
|-damage|p2a: Bisharp|0 fnt
|-unboost|p1a: Scizor|atk|1
|-unboost|p1a: Scizor|def|1
|faint|p2a: Bisharp
|
|
|switch|p2a: Greninja|Greninja, M|286\/286
|turn|16
|
|move|p2a: Greninja|Spikes|p1a: Scizor
|-start|p2a: Greninja|typechange|Ground|[from] Protean
|-sidestart|p1: Angels cry|Spikes
|move|p1a: Scizor|Swords Dance|p1a: Scizor
|-boost|p1a: Scizor|atk|2
|
|turn|17
|
|switch|p2a: Landorus-Therian|Landorus-Therian, M|335\/335
|-ability|p2a: Landorus-Therian|Intimidate|[of] p1a: Scizor
|-unboost|p1a: Scizor|atk|1
|move|p1a: Scizor|Bullet Punch|p2a: Landorus-Therian
|-crit|p2a: Landorus-Therian
|-damage|p2a: Landorus-Therian|137\/335
|
|turn|18
|
|move|p1a: Scizor|Bullet Punch|p2a: Landorus-Therian
|-damage|p2a: Landorus-Therian|17\/335
|move|p2a: Landorus-Therian|U-turn|p1a: Scizor
|-resisted|p1a: Scizor
|-damage|p1a: Scizor|71\/342
|join|BLT2 Mr. Mendes
|c| BLT2 Mr. Mendes|yanub
|c| BLT2 Mr. Mendes|oO
|
|switch|p2a: Scizor|Scizor, F|311\/311
|
|turn|19
|
|detailschange|p2a: Scizor|Scizor-Mega, F
|message|Scizor has Mega Evolved into Mega Scizor!
|move|p2a: Scizor|Swords Dance|p2a: Scizor
|-boost|p2a: Scizor|atk|2
|move|p1a: Scizor|Roost|p1a: Scizor
|-heal|p1a: Scizor|242\/342
|
|turn|20
|
|move|p2a: Scizor|Bullet Punch|p1a: Scizor
|-resisted|p1a: Scizor
|-damage|p1a: Scizor|100\/342
|move|p1a: Scizor|Superpower|p2a: Scizor
|-damage|p2a: Scizor|209\/311
|-unboost|p1a: Scizor|atk|1
|-unboost|p1a: Scizor|def|1
|
|turn|21
|
|move|p2a: Scizor|Bullet Punch|p1a: Scizor
|-resisted|p1a: Scizor
|-damage|p1a: Scizor|0 fnt
|faint|p1a: Scizor
|
|
|switch|p1a: Ditto|Ditto|300\/300
|-damage|p1a: Ditto|263\/300|[from] Stealth Rock
|-damage|p1a: Ditto|226\/300|[from] Spikes
|-transform|p1a: Ditto|p2a: Scizor
|turn|22
|
|move|p1a: Ditto|Superpower|p2a: Scizor
|-damage|p2a: Scizor|0 fnt
|-unboost|p1a: Ditto|atk|1
|-unboost|p1a: Ditto|def|1
|faint|p2a: Scizor
|
|
|switch|p2a: Landorus-Therian|Landorus-Therian, M|17\/335
|-ability|p2a: Landorus-Therian|Intimidate|[of] p1a: Ditto
|-unboost|p1a: Ditto|atk|1
|turn|23
|
|switch|p1a: Gliscor|Gliscor, M|354\/354 tox
|-damage|p1a: Gliscor|310\/354 tox|[from] Stealth Rock
|move|p2a: Landorus-Therian|Earthquake|p1a: Gliscor
|-immune|p1a: Gliscor|[msg]
|
|-heal|p1a: Gliscor|354\/354 tox|[from] ability: Poison Heal
|turn|24
|c| BLT2 Mr. Mendes|lolz
|
|switch|p2a: Latios|Latios, M|254\/302 tox
|move|p1a: Gliscor|Substitute|p1a: Gliscor
|-start|p1a: Gliscor|Substitute
|-damage|p1a: Gliscor|266\/354 tox
|
|-damage|p2a: Latios|236\/302 tox|[from] psn
|-heal|p1a: Gliscor|310\/354 tox|[from] ability: Poison Heal
|turn|25
|
|move|p1a: Gliscor|Protect|p1a: Gliscor
|-singleturn|p1a: Gliscor|Protect
|move|p2a: Latios|Psychic|p1a: Gliscor
|-activate|p1a: Gliscor|Protect
|
|-damage|p2a: Latios|200\/302 tox|[from] psn
|-heal|p1a: Gliscor|354\/354 tox|[from] ability: Poison Heal
|turn|26
|
|move|p2a: Latios|Psychic|p1a: Gliscor
|-end|p1a: Gliscor|Substitute
|-damage|p2a: Latios|170\/302 tox|[from] item: Life Orb
|move|p1a: Gliscor|Substitute|p1a: Gliscor
|-start|p1a: Gliscor|Substitute
|-damage|p1a: Gliscor|266\/354 tox
|
|-damage|p2a: Latios|116\/302 tox|[from] psn
|-heal|p1a: Gliscor|310\/354 tox|[from] ability: Poison Heal
|turn|27
|
|move|p1a: Gliscor|Protect|p1a: Gliscor
|-singleturn|p1a: Gliscor|Protect
|move|p2a: Latios|Psychic|p1a: Gliscor
|-activate|p1a: Gliscor|Protect
|
|-damage|p2a: Latios|44\/302 tox|[from] psn
|-heal|p1a: Gliscor|354\/354 tox|[from] ability: Poison Heal
|turn|28
|
|move|p2a: Latios|Draco Meteor|p1a: Gliscor
|-end|p1a: Gliscor|Substitute
|-unboost|p2a: Latios|spa|2
|-damage|p2a: Latios|14\/302 tox|[from] item: Life Orb
|move|p1a: Gliscor|Substitute|p1a: Gliscor
|-start|p1a: Gliscor|Substitute
|-damage|p1a: Gliscor|266\/354 tox
|
|-damage|p2a: Latios|0 fnt|[from] psn
|-heal|p1a: Gliscor|310\/354 tox|[from] ability: Poison Heal
|faint|p2a: Latios
|
|switch|p2a: Greninja|Greninja, M|286\/286
|turn|29
|
|move|p2a: Greninja|Ice Beam|p1a: Gliscor
|-start|p2a: Greninja|typechange|Ice|[from] Protean
|-supereffective|p1a: Gliscor
|-end|p1a: Gliscor|Substitute
|-damage|p2a: Greninja|258\/286|[from] item: Life Orb
|move|p1a: Gliscor|Earthquake|p2a: Greninja
|-damage|p2a: Greninja|89\/286
|
|-heal|p1a: Gliscor|354\/354 tox|[from] ability: Poison Heal
|turn|30
|
|switch|p1a: Chansey|Chansey, F|704\/704
|-damage|p1a: Chansey|616\/704|[from] Spikes
|-damage|p1a: Chansey|528\/704|[from] Stealth Rock
|move|p2a: Greninja|Hydro Pump|p1a: Chansey|[miss]
|-start|p2a: Greninja|typechange|Water|[from] Protean
|-miss|p2a: Greninja|p1a: Chansey
|
|turn|31
|c| BLT2 Mr. Mendes|gg
|-message|LT8A HeIIraiser forfeited.
|
|win|Angels cry
|raw|Ladder updating...
|leave|LT8A HeIIraiser
|player|p2
|leave|BLT2 Mr. Mendes
|raw|Ladder (probably) updated, but score could not be retrieved (timeout).
|raw|Ladder (probably) updated, but score could not be retrieved (Error: socket hang up).