|join|Landbro
|join|Angels cry
|player|p1|Landbro|264
|player|p2|Angels cry|269
|gametype|singles
|gen|6
|tier|OU
|rated
|clearpoke
|poke|p1|Gallade, M
|poke|p1|Bisharp, M
|poke|p1|Rotom-Wash
|poke|p1|Landorus, M
|poke|p1|Latios, M
|poke|p1|Mamoswine, F
|poke|p2|Heatran, M
|poke|p2|Clefable, M
|poke|p2|Chansey, F
|poke|p2|Gliscor, M
|poke|p2|Skarmory, F
|poke|p2|Slowbro, M
|rule|Swagger Clause: Swagger is banned
|rule|Baton Pass Clause: Limit one PokÃ©mon knowing Baton Pass
|rule|Sleep Clause Mod: Limit one foe put to sleep
|rule|Species Clause: Limit one of each PokÃ©mon
|rule|OHKO Clause: OHKO moves are banned
|rule|Moody Clause: Moody is banned
|rule|Evasion Moves Clause: Evasion moves are banned
|rule|Endless Battle Clause: Forcing endless battles is banned
|rule|HP Percentage Mod: HP is shown in percentages
|teampreview
|
|start
|switch|p1a: Calibur|Mamoswine, F|361\/361
|switch|p2a: Skarmory|Skarmory, F|334\/334
|turn|1
|
|move|p1a: Calibur|Stealth Rock|p2a: Skarmory
|-sidestart|p2: Angels cry|move: Stealth Rock
|move|p2a: Skarmory|Spikes|p1a: Calibur
|-sidestart|p1: Landbro|Spikes
|
|turn|2
|
|switch|p1a: Brisngr|Rotom-Wash|304\/304
|move|p2a: Skarmory|Spikes|p1a: Brisngr
|-sidestart|p1: Landbro|Spikes
|
|turn|3
|
|switch|p2a: Chansey|Chansey, F|704\/704
|-damage|p2a: Chansey|616\/704|[from] Stealth Rock
|move|p1a: Brisngr|Volt Switch|p2a: Chansey
|-damage|p2a: Chansey|561\/704
|
|switch|p1a: Zangetsu|Gallade, M|277\/277
|-damage|p1a: Zangetsu|231\/277|[from] Spikes
|
|turn|4
|
|switch|p2a: Clefable|Clefable, M|394\/394
|-damage|p2a: Clefable|345\/394|[from] Stealth Rock
|move|p1a: Zangetsu|Substitute|p1a: Zangetsu
|-start|p1a: Zangetsu|Substitute
|-damage|p1a: Zangetsu|162\/277
|
|-heal|p2a: Clefable|369\/394|[from] item: Leftovers
|turn|5
|
|switch|p1a: Kenshin|Bisharp, M|287\/287
|-damage|p1a: Kenshin|240\/287|[from] Spikes
|move|p2a: Clefable|Moonblast|p1a: Kenshin
|-damage|p1a: Kenshin|162\/287
|
|-heal|p2a: Clefable|393\/394|[from] item: Leftovers
|turn|6
|
|switch|p2a: Skarmory|Skarmory, F|334\/334
|-damage|p2a: Skarmory|293\/334|[from] Stealth Rock
|move|p1a: Kenshin|Knock Off|p2a: Skarmory
|-damage|p2a: Skarmory|191\/334
|-enditem|p2a: Skarmory|Shed Shell|[from] move: Knock Off|[of] p1a: Kenshin
|
|turn|7
|
|switch|p1a: Muramassa|Landorus, M|320\/320
|move|p2a: Skarmory|Roost|p2a: Skarmory
|-heal|p2a: Skarmory|334\/334
|
|turn|8
|
|switch|p2a: Chansey|Chansey, F|561\/704
|-damage|p2a: Chansey|473\/704|[from] Stealth Rock
|move|p1a: Muramassa|Calm Mind|p1a: Muramassa
|-boost|p1a: Muramassa|spa|1
|-boost|p1a: Muramassa|spd|1
|
|turn|9
|
|move|p1a: Muramassa|Focus Blast|p2a: Chansey
|-supereffective|p2a: Chansey
|-damage|p2a: Chansey|39\/704
|move|p2a: Chansey|Wish|p2a: Chansey
|
|turn|10
|
|switch|p2a: Skarmory|Skarmory, F|334\/334
|-damage|p2a: Skarmory|293\/334|[from] Stealth Rock
|move|p1a: Muramassa|Calm Mind|p1a: Muramassa
|-boost|p1a: Muramassa|spa|1
|-boost|p1a: Muramassa|spd|1
|
|-heal|p2a: Skarmory|334\/334|[from] move: Wish|[wisher] Chansey
|turn|11
|
|move|p1a: Muramassa|Focus Blast|p2a: Skarmory|[miss]
|-miss|p1a: Muramassa|p2a: Skarmory
|move|p2a: Skarmory|Whirlwind|p1a: Muramassa
|drag|p1a: Brisngr|Rotom-Wash|304\/304
|
|turn|12
|
|switch|p2a: Gliscor|Gliscor, M|354\/354
|-damage|p2a: Gliscor|310\/354|[from] Stealth Rock
|move|p1a: Brisngr|Volt Switch|p2a: Gliscor
|-immune|p2a: Gliscor|[msg]
|
|-status|p2a: Gliscor|tox|[from] item: Toxic Orb
|turn|13
|
|move|p2a: Gliscor|Knock Off|p1a: Brisngr
|-damage|p1a: Brisngr|257\/304
|-enditem|p1a: Brisngr|Leftovers|[from] move: Knock Off|[of] p2a: Gliscor
|move|p1a: Brisngr|Hydro Pump|p2a: Gliscor
|-supereffective|p2a: Gliscor
|-damage|p2a: Gliscor|58\/354 tox
|
|-heal|p2a: Gliscor|102\/354 tox|[from] ability: Poison Heal
|turn|14
|
|move|p2a: Gliscor|Roost|p2a: Gliscor
|-heal|p2a: Gliscor|279\/354 tox
|move|p1a: Brisngr|Hydro Pump|p2a: Gliscor|[miss]
|-miss|p1a: Brisngr|p2a: Gliscor
|
|-heal|p2a: Gliscor|323\/354 tox|[from] ability: Poison Heal
|turn|15
|
|switch|p2a: Clefable|Clefable, M|393\/394
|-damage|p2a: Clefable|344\/394|[from] Stealth Rock
|move|p1a: Brisngr|Hydro Pump|p2a: Clefable
|-damage|p2a: Clefable|200\/394
|
|-heal|p2a: Clefable|224\/394|[from] item: Leftovers
|turn|16
|
|move|p1a: Brisngr|Will-O-Wisp|p2a: Clefable|[miss]
|-miss|p1a: Brisngr|p2a: Clefable
|move|p2a: Clefable|Moonlight|p2a: Clefable
|-heal|p2a: Clefable|394\/394
|
|turn|17
|
|switch|p2a: Heatran|Heatran, M|386\/386
|-damage|p2a: Heatran|338\/386|[from] Stealth Rock
|move|p1a: Brisngr|Will-O-Wisp|p2a: Heatran
|-start|p2a: Heatran|ability: Flash Fire
|
|-heal|p2a: Heatran|362\/386|[from] item: Leftovers
|turn|18
|
|move|p1a: Brisngr|Hydro Pump|p2a: Heatran
|-crit|p2a: Heatran
|-supereffective|p2a: Heatran
|-damage|p2a: Heatran|78\/386
|move|p2a: Heatran|Toxic|p1a: Brisngr
|-status|p1a: Brisngr|tox
|
|-heal|p2a: Heatran|102\/386|[from] item: Leftovers
|-damage|p1a: Brisngr|238\/304 tox|[from] psn
|turn|19
|
|move|p1a: Brisngr|Will-O-Wisp|p2a: Heatran
|-immune|p2a: Heatran|[msg]
|move|p2a: Heatran|Stealth Rock|p1a: Brisngr
|-sidestart|p1: Landbro|move: Stealth Rock
|
|-heal|p2a: Heatran|126\/386|[from] item: Leftovers
|-damage|p1a: Brisngr|200\/304 tox|[from] psn
|turn|20
|
|move|p2a: Heatran|Protect|p2a: Heatran
|-singleturn|p2a: Heatran|Protect
|move|p1a: Brisngr|Hydro Pump|p2a: Heatran
|-activate|p2a: Heatran|Protect
|
|-heal|p2a: Heatran|150\/386|[from] item: Leftovers
|-damage|p1a: Brisngr|143\/304 tox|[from] psn
|turn|21
|
|switch|p2a: Clefable|Clefable, M|394\/394
|-damage|p2a: Clefable|345\/394|[from] Stealth Rock
|move|p1a: Brisngr|Volt Switch|p2a: Clefable
|-damage|p2a: Clefable|251\/394
|
|switch|p1a: Muramassa|Landorus, M|320\/320
|-damage|p1a: Muramassa|280\/320|[from] Stealth Rock
|
|-heal|p2a: Clefable|275\/394|[from] item: Leftovers
|turn|22
|
|move|p1a: Muramassa|Earth Power|p2a: Clefable
|-damage|p2a: Clefable|25\/394
|move|p2a: Clefable|Moonblast|p1a: Muramassa
|-damage|p1a: Muramassa|160\/320
|
|-heal|p2a: Clefable|49\/394|[from] item: Leftovers
|turn|23
|
|move|p1a: Muramassa|Psychic|p2a: Clefable
|-damage|p2a: Clefable|0 fnt
|faint|p2a: Clefable
|
|
|switch|p2a: Gliscor|Gliscor, M|323\/354 tox
|-damage|p2a: Gliscor|279\/354 tox|[from] Stealth Rock
|turn|24
|
|switch|p1a: Marth|Latios, M|301\/301
|-damage|p1a: Marth|264\/301|[from] Stealth Rock
|move|p2a: Gliscor|Knock Off|p1a: Marth
|-supereffective|p1a: Marth
|-damage|p1a: Marth|76\/301
|-enditem|p1a: Marth|Life Orb|[from] move: Knock Off|[of] p2a: Gliscor
|
|-heal|p2a: Gliscor|323\/354 tox|[from] ability: Poison Heal
|turn|25
|
|move|p1a: Marth|Defog|p2a: Gliscor
|-unboost|p2a: Gliscor|evasion|1
|-sideend|p2: Angels cry|Stealth Rock|[from] move: Defog|[of] p2a: Gliscor
|-sideend|p1: Landbro|Spikes|[from] move: Defog|[of] p1a: Marth
|-sideend|p1: Landbro|Stealth Rock|[from] move: Defog|[of] p1a: Marth
|move|p2a: Gliscor|Knock Off|p1a: Marth
|-supereffective|p1a: Marth
|-damage|p1a: Marth|0 fnt
|faint|p1a: Marth
|
|-heal|p2a: Gliscor|354\/354 tox|[from] ability: Poison Heal
|
|switch|p1a: Calibur|Mamoswine, F|361\/361
|turn|26
|
|switch|p2a: Skarmory|Skarmory, F|334\/334
|move|p1a: Calibur|Stealth Rock|p2a: Skarmory
|-sidestart|p2: Angels cry|move: Stealth Rock
|
|turn|27
|
|switch|p1a: Brisngr|Rotom-Wash|143\/304 tox
|move|p2a: Skarmory|Defog|p1a: Brisngr
|-unboost|p1a: Brisngr|evasion|1
|-sideend|p2: Angels cry|Stealth Rock|[from] move: Defog|[of] p2a: Skarmory
|
|-damage|p1a: Brisngr|124\/304 tox|[from] psn
|turn|28
|
|switch|p2a: Chansey|Chansey, F|39\/704
|move|p1a: Brisngr|Hydro Pump|p2a: Chansey
|-crit|p2a: Chansey
|-damage|p2a: Chansey|0 fnt
|faint|p2a: Chansey
|
|-damage|p1a: Brisngr|86\/304 tox|[from] psn
|
|switch|p2a: Heatran|Heatran, M|150\/386
|turn|29
|
|switch|p1a: Zangetsu|Gallade, M|162\/277
|move|p2a: Heatran|Protect|p2a: Heatran
|-fail|p2a: Heatran
|
|-heal|p2a: Heatran|174\/386|[from] item: Leftovers
|turn|30
|
|detailschange|p1a: Zangetsu|Gallade-Mega, M
|message|Gallade has Mega Evolved into Mega Gallade!
|move|p1a: Zangetsu|Swords Dance|p1a: Zangetsu
|-boost|p1a: Zangetsu|atk|2
|move|p2a: Heatran|Stealth Rock|p1a: Zangetsu
|-sidestart|p1: Landbro|move: Stealth Rock
|
|-heal|p2a: Heatran|198\/386|[from] item: Leftovers
|turn|31
|
|switch|p2a: Slowbro|Slowbro, M|394\/394
|move|p1a: Zangetsu|Drain Punch|p2a: Slowbro
|-resisted|p2a: Slowbro
|-damage|p2a: Slowbro|281\/394
|-heal|p1a: Zangetsu|219\/277|[from] drain|[of] p2a: Slowbro
|
|turn|32
|
|detailschange|p2a: Slowbro|Slowbro-Mega, M
|message|Slowbro has Mega Evolved into Mega Slowbro!
|move|p1a: Zangetsu|Substitute|p1a: Zangetsu
|-start|p1a: Zangetsu|Substitute
|-damage|p1a: Zangetsu|150\/277
|move|p2a: Slowbro|Slack Off|p2a: Slowbro
|-heal|p2a: Slowbro|394\/394
|
|turn|33
|
|move|p1a: Zangetsu|Swords Dance|p1a: Zangetsu
|-boost|p1a: Zangetsu|atk|2
|move|p2a: Slowbro|Scald|p1a: Zangetsu
|-end|p1a: Zangetsu|Substitute
|
|turn|34
|
|move|p1a: Zangetsu|Knock Off|p2a: Slowbro
|-supereffective|p2a: Slowbro
|-damage|p2a: Slowbro|138\/394
|move|p2a: Slowbro|Psyshock|p1a: Zangetsu
|-damage|p1a: Zangetsu|27\/277
|
|turn|35
|
|switch|p2a: Heatran|Heatran, M|198\/386
|move|p1a: Zangetsu|Knock Off|p2a: Heatran
|-damage|p2a: Heatran|0 fnt
|-enditem|p2a: Heatran|Leftovers|[from] move: Knock Off|[of] p1a: Zangetsu
|faint|p2a: Heatran
|
|
|switch|p2a: Skarmory|Skarmory, F|334\/334
|turn|36
|
|move|p1a: Zangetsu|Drain Punch|p2a: Skarmory
|-damage|p2a: Skarmory|64\/334
|-heal|p1a: Zangetsu|162\/277|[from] drain|[of] p2a: Skarmory
|move|p2a: Skarmory|Whirlwind|p1a: Zangetsu
|drag|p1a: Muramassa|Landorus, M|160\/320
|-damage|p1a: Muramassa|120\/320|[from] Stealth Rock
|
|turn|37
|
|move|p1a: Muramassa|Psychic|p2a: Skarmory
|-resisted|p2a: Skarmory
|-damage|p2a: Skarmory|0 fnt
|faint|p2a: Skarmory
|
|
|switch|p2a: Gliscor|Gliscor, M|354\/354 tox
|turn|38
|
|move|p1a: Muramassa|Calm Mind|p1a: Muramassa
|-boost|p1a: Muramassa|spa|1
|-boost|p1a: Muramassa|spd|1
|move|p2a: Gliscor|Knock Off|p1a: Muramassa
|-damage|p1a: Muramassa|34\/320
|-enditem|p1a: Muramassa|Life Orb|[from] move: Knock Off|[of] p2a: Gliscor
|
|turn|39
|
|move|p1a: Muramassa|Psychic|p2a: Gliscor
|-damage|p2a: Gliscor|156\/354 tox
|move|p2a: Gliscor|Knock Off|p1a: Muramassa
|-crit|p1a: Muramassa
|-damage|p1a: Muramassa|0 fnt
|faint|p1a: Muramassa
|
|-heal|p2a: Gliscor|200\/354 tox|[from] ability: Poison Heal
|
|switch|p1a: Calibur|Mamoswine, F|361\/361
|-damage|p1a: Calibur|316\/361|[from] Stealth Rock
|turn|40
|
|switch|p2a: Slowbro|Slowbro-Mega, M|138\/394
|move|p1a: Calibur|Ice Shard|p2a: Slowbro
|-resisted|p2a: Slowbro
|-damage|p2a: Slowbro|120\/394
|
|turn|41
|
|move|p1a: Calibur|Earthquake|p2a: Slowbro
|-damage|p2a: Slowbro|35\/394
|move|p2a: Slowbro|Slack Off|p2a: Slowbro
|-heal|p2a: Slowbro|232\/394
|
|turn|42
|
|move|p1a: Calibur|Earthquake|p2a: Slowbro
|-damage|p2a: Slowbro|147\/394
|move|p2a: Slowbro|Scald|p1a: Calibur
|-supereffective|p1a: Calibur
|-damage|p1a: Calibur|0 fnt
|faint|p1a: Calibur
|
|
|switch|p1a: Zangetsu|Gallade-Mega, M|162\/277
|-damage|p1a: Zangetsu|145\/277|[from] Stealth Rock
|turn|43
|
|move|p1a: Zangetsu|Swords Dance|p1a: Zangetsu
|-boost|p1a: Zangetsu|atk|2
|move|p2a: Slowbro|Scald|p1a: Zangetsu
|-damage|p1a: Zangetsu|36\/277
|
|turn|44
|
|move|p1a: Zangetsu|Knock Off|p2a: Slowbro
|-supereffective|p2a: Slowbro
|-damage|p2a: Slowbro|0 fnt
|faint|p2a: Slowbro
|
|
|switch|p2a: Gliscor|Gliscor, M|200\/354 tox
|turn|45
|
|move|p1a: Zangetsu|Drain Punch|p2a: Gliscor
|-resisted|p2a: Gliscor
|-damage|p2a: Gliscor|81\/354 tox
|-heal|p1a: Zangetsu|96\/277|[from] drain|[of] p2a: Gliscor
|move|p2a: Gliscor|Roost|p2a: Gliscor
|-heal|p2a: Gliscor|258\/354 tox
|
|-heal|p2a: Gliscor|302\/354 tox|[from] ability: Poison Heal
|turn|46
|
|move|p1a: Zangetsu|Drain Punch|p2a: Gliscor
|-resisted|p2a: Gliscor
|-damage|p2a: Gliscor|189\/354 tox
|-heal|p1a: Zangetsu|153\/277|[from] drain|[of] p2a: Gliscor
|move|p2a: Gliscor|Earthquake|p1a: Zangetsu
|-damage|p1a: Zangetsu|27\/277
|
|-heal|p2a: Gliscor|233\/354 tox|[from] ability: Poison Heal
|turn|47
|
|move|p1a: Zangetsu|Knock Off|p2a: Gliscor
|-damage|p2a: Gliscor|47\/354 tox
|-enditem|p2a: Gliscor|Toxic Orb|[from] move: Knock Off|[of] p1a: Zangetsu
|move|p2a: Gliscor|Roost|p2a: Gliscor
|-heal|p2a: Gliscor|224\/354 tox
|
|-heal|p2a: Gliscor|268\/354 tox|[from] ability: Poison Heal
|turn|48
|
|move|p1a: Zangetsu|Drain Punch|p2a: Gliscor
|-resisted|p2a: Gliscor
|-damage|p2a: Gliscor|147\/354 tox
|-heal|p1a: Zangetsu|88\/277|[from] drain|[of] p2a: Gliscor
|move|p2a: Gliscor|Earthquake|p1a: Zangetsu
|-damage|p1a: Zangetsu|0 fnt
|faint|p1a: Zangetsu
|
|-heal|p2a: Gliscor|191\/354 tox|[from] ability: Poison Heal
|
|switch|p1a: Brisngr|Rotom-Wash|86\/304 tox
|-damage|p1a: Brisngr|48\/304 tox|[from] Stealth Rock
|turn|49
|
|move|p2a: Gliscor|Roost|p2a: Gliscor
|-heal|p2a: Gliscor|354\/354 tox
|move|p1a: Brisngr|Hydro Pump|p2a: Gliscor
|-supereffective|p2a: Gliscor
|-damage|p2a: Gliscor|78\/354 tox
|
|-heal|p2a: Gliscor|122\/354 tox|[from] ability: Poison Heal
|-damage|p1a: Brisngr|29\/304 tox|[from] psn
|turn|50
|
|move|p2a: Gliscor|Knock Off|p1a: Brisngr
|-damage|p1a: Brisngr|0 fnt
|faint|p1a: Brisngr
|
|-heal|p2a: Gliscor|166\/354 tox|[from] ability: Poison Heal
|-message|Landbro forfeited.
|
|win|Angels cry
|raw|Ladder updating...
|leave|Landbro
|player|p1
|raw|Landbro's rating: 1515 &rarr; <strong>1493<\/strong><br \/>(-22 for losing)
|raw|Angels cry's rating: 1485 &rarr; <strong>1507<\/strong><br \/>(+22 for winning)