|join|The Solid Snake
|join|angels cry
|player|p1|The Solid Snake|159
|player|p2|angels cry|168
|gametype|singles
|gen|6
|tier|OU
|rated
|clearpoke
|poke|p1|Thundurus, M
|poke|p1|Keldeo-Resolute
|poke|p1|Metagross, shiny
|poke|p1|Bisharp, F
|poke|p1|Dragonite, F
|poke|p1|Infernape, F
|poke|p2|Tentacruel, F
|poke|p2|Sableye, M
|poke|p2|Clefable, M
|poke|p2|Gothitelle, F
|poke|p2|Chansey, F
|poke|p2|Landorus-Therian, M
|rule|Swagger Clause: Swagger is banned
|rule|Baton Pass Clause: Limit one PokÃ©mon knowing Baton Pass
|rule|Sleep Clause Mod: Limit one foe put to sleep
|rule|Species Clause: Limit one of each PokÃ©mon
|rule|OHKO Clause: OHKO moves are banned
|rule|Moody Clause: Moody is banned
|rule|Evasion Moves Clause: Evasion moves are banned
|rule|Endless Battle Clause: Forcing endless battles is banned
|rule|HP Percentage Mod: HP is shown in percentages
|teampreview
|
|start
|switch|p1a: Poseidon|Keldeo-Resolute|323\/323
|switch|p2a: Landorus-Therian|Landorus-Therian, M|381\/381
|-ability|p2a: Landorus-Therian|Intimidate|[of] p1a: Poseidon
|-unboost|p1a: Poseidon|atk|1
|turn|1
|
|switch|p2a: Tentacruel|Tentacruel, F|364\/364
|move|p1a: Poseidon|Scald|p2a: Tentacruel
|-resisted|p2a: Tentacruel
|-damage|p2a: Tentacruel|293\/364
|
|-heal|p2a: Tentacruel|315\/364|[from] item: Leftovers
|turn|2
|
|switch|p1a: Raiden|Bisharp, F|272\/272
|move|p2a: Tentacruel|Knock Off|p1a: Raiden
|-resisted|p1a: Raiden
|-damage|p1a: Raiden|245\/272
|-enditem|p1a: Raiden|Life Orb|[from] move: Knock Off|[of] p2a: Tentacruel
|
|-heal|p2a: Tentacruel|337\/364|[from] item: Leftovers
|turn|3
|
|move|p2a: Tentacruel|Scald|p1a: Raiden
|-damage|p1a: Raiden|145\/272
|move|p1a: Raiden|Swords Dance|p1a: Raiden
|-boost|p1a: Raiden|atk|2
|
|-heal|p2a: Tentacruel|359\/364|[from] item: Leftovers
|turn|4
|
|switch|p2a: Clefable|Clefable, M|394\/394
|move|p1a: Raiden|Knock Off|p2a: Clefable
|-resisted|p2a: Clefable
|-damage|p2a: Clefable|313\/394
|-enditem|p2a: Clefable|Leftovers|[from] move: Knock Off|[of] p1a: Raiden
|
|turn|5
|
|move|p1a: Raiden|Iron Head|p2a: Clefable
|-supereffective|p2a: Clefable
|-damage|p2a: Clefable|67\/394
|move|p2a: Clefable|Moonblast|p1a: Raiden
|-damage|p1a: Raiden|1\/272
|
|turn|6
|
|move|p1a: Raiden|Iron Head|p2a: Clefable
|-supereffective|p2a: Clefable
|-damage|p2a: Clefable|0 fnt
|faint|p2a: Clefable
|
|
|switch|p2a: Landorus-Therian|Landorus-Therian, M|381\/381
|-ability|p2a: Landorus-Therian|Intimidate|[of] p1a: Raiden
|-unboost|p1a: Raiden|atk|1
|-boost|p1a: Raiden|atk|2|[from] ability: Defiant
|turn|7
|
|move|p1a: Raiden|Knock Off|p2a: Landorus-Therian
|-damage|p2a: Landorus-Therian|14\/381
|-enditem|p2a: Landorus-Therian|Leftovers|[from] move: Knock Off|[of] p1a: Raiden
|move|p2a: Landorus-Therian|Stealth Rock|p1a: Raiden
|-sidestart|p1: The Solid Snake|move: Stealth Rock
|
|turn|8
|
|move|p1a: Raiden|Iron Head|p2a: Landorus-Therian
|-damage|p2a: Landorus-Therian|0 fnt
|faint|p2a: Landorus-Therian
|
|
|switch|p2a: Sableye|Sableye, M|304\/304
|turn|9
|
|detailschange|p2a: Sableye|Sableye-Mega, M
|-mega|p2a: Sableye|Sableye|Sablenite
|move|p2a: Sableye|Will-O-Wisp|p1a: Raiden
|-status|p1a: Raiden|brn
|move|p1a: Raiden|Iron Head|p2a: Sableye
|-damage|p2a: Sableye|189\/304
|
|-damage|p1a: Raiden|0 fnt|[from] brn
|faint|p1a: Raiden
|
|switch|p1a: Poseidon|Keldeo-Resolute|323\/323
|-damage|p1a: Poseidon|303\/323|[from] Stealth Rock
|turn|10
|
|switch|p2a: Tentacruel|Tentacruel, F|359\/364
|move|p1a: Poseidon|Scald|p2a: Tentacruel
|-resisted|p2a: Tentacruel
|-damage|p2a: Tentacruel|287\/364
|-status|p2a: Tentacruel|brn
|
|-heal|p2a: Tentacruel|309\/364 brn|[from] item: Leftovers
|-damage|p2a: Tentacruel|264\/364 brn|[from] brn
|turn|11
|
|switch|p1a: Zeus|Thundurus, M|299\/299
|-damage|p1a: Zeus|225\/299|[from] Stealth Rock
|move|p2a: Tentacruel|Scald|p1a: Zeus
|-damage|p1a: Zeus|125\/299
|
|-heal|p2a: Tentacruel|286\/364 brn|[from] item: Leftovers
|-damage|p2a: Tentacruel|241\/364 brn|[from] brn
|turn|12
|
|switch|p2a: Chansey|Chansey, F|704\/704
|move|p1a: Zeus|Thunderbolt|p2a: Chansey
|-damage|p2a: Chansey|583\/704
|-damage|p1a: Zeus|96\/299|[from] item: Life Orb
|
|turn|13
|
|move|p1a: Zeus|Superpower|p2a: Chansey
|-supereffective|p2a: Chansey
|-damage|p2a: Chansey|227\/704
|-unboost|p1a: Zeus|atk|1
|-unboost|p1a: Zeus|def|1
|-damage|p1a: Zeus|67\/299|[from] item: Life Orb
|move|p2a: Chansey|Heal Bell|p2a: Chansey
|-cureteam|p2a: Chansey|[from] move: HealBell
|
|turn|14
|
|move|p1a: Zeus|Superpower|p2a: Chansey
|-supereffective|p2a: Chansey
|-damage|p2a: Chansey|0 fnt
|-unboost|p1a: Zeus|atk|1
|-unboost|p1a: Zeus|def|1
|-damage|p1a: Zeus|38\/299|[from] item: Life Orb
|faint|p2a: Chansey
|
|
|switch|p2a: Gothitelle|Gothitelle, F|282\/282
|turn|15
|
|move|p1a: Zeus|Thunder Wave|p2a: Gothitelle
|-status|p2a: Gothitelle|par
|move|p2a: Gothitelle|Psyshock|p1a: Zeus
|-damage|p1a: Zeus|0 fnt
|faint|p1a: Zeus
|
|
|switch|p1a: Arsenal Gear|Metagross, shiny|301\/301
|-damage|p1a: Arsenal Gear|283\/301|[from] Stealth Rock
|turn|16
|
|switch|p2a: Tentacruel|Tentacruel, F|241\/364
|detailschange|p1a: Arsenal Gear|Metagross-Mega, shiny
|-mega|p1a: Arsenal Gear|Metagross|Metagrossite
|move|p1a: Arsenal Gear|Meteor Mash|p2a: Tentacruel
|-resisted|p2a: Tentacruel
|-damage|p2a: Tentacruel|76\/364
|-boost|p1a: Arsenal Gear|atk|1
|
|-heal|p2a: Tentacruel|98\/364|[from] item: Leftovers
|turn|17
|-message|angels cry forfeited.
|leave|angels cry
|
|win|The Solid Snake
|raw|Ladder updating...
|player|p2
|raw|The Solid Snake's rating: 1690 &rarr; <strong>1705<\/strong><br \/>(+15 for winning)
|raw|angels cry's rating: 1611 &rarr; <strong>1596<\/strong><br \/>(-15 for losing)
|c|âThe Solid Snake|there we go