|join|zamparo
|join|Angels cry
|player|p1|zamparo|1
|player|p2|Angels cry|269
|gametype|singles
|gen|6
|tier|OU
|rated
|clearpoke
|poke|p1|Charizard, F
|poke|p1|Garchomp, F
|poke|p1|Ferrothorn, F
|poke|p1|Donphan, M
|poke|p1|Greninja, F
|poke|p1|Honchkrow, M
|poke|p2|Skarmory, M
|poke|p2|Dugtrio, M
|poke|p2|Charizard, M
|poke|p2|Suicune
|poke|p2|Tornadus-Therian, M
|poke|p2|Clefable, F
|rule|Swagger Clause: Swagger is banned
|rule|Baton Pass Clause: Limit one PokÃ©mon knowing Baton Pass
|rule|Sleep Clause Mod: Limit one foe put to sleep
|rule|Species Clause: Limit one of each PokÃ©mon
|rule|OHKO Clause: OHKO moves are banned
|rule|Moody Clause: Moody is banned
|rule|Evasion Moves Clause: Evasion moves are banned
|rule|Endless Battle Clause: Forcing endless battles is banned
|rule|HP Percentage Mod: HP is shown in percentages
|teampreview
|
|start
|switch|p1a: Greninja|Greninja, F|285\/285
|switch|p2a: Clefable|Clefable, F|394\/394
|turn|1
|
|move|p1a: Greninja|Gunk Shot|p2a: Clefable
|-start|p1a: Greninja|typechange|Poison|[from] Protean
|-crit|p2a: Clefable
|-supereffective|p2a: Clefable
|-damage|p2a: Clefable|0 fnt
|-damage|p1a: Greninja|257\/285|[from] item: Life Orb
|faint|p2a: Clefable
|
|
|switch|p2a: Dugtrio|Dugtrio, M|201\/201
|turn|2
|
|move|p1a: Greninja|U-turn|p2a: Dugtrio
|-start|p1a: Greninja|typechange|Bug|[from] Protean
|-enditem|p2a: Dugtrio|Focus Sash
|-damage|p2a: Dugtrio|1\/201
|-damage|p1a: Greninja|229\/285|[from] item: Life Orb
|
|switch|p1a: Honchkrow|Honchkrow, M|342\/342
|move|p2a: Dugtrio|Rock Tomb|p1a: Honchkrow
|-supereffective|p1a: Honchkrow
|-damage|p1a: Honchkrow|140\/342
|-unboost|p1a: Honchkrow|spe|1
|
|turn|3
|
|switch|p2a: Charizard|Charizard, M|359\/359
|move|p1a: Honchkrow|Sucker Punch|p2a: Charizard
|-fail|p2a: Charizard
|
|turn|4
|
|detailschange|p2a: Charizard|Charizard-Mega-X, M
|message|Charizard has Mega Evolved into Mega Charizard!
|move|p2a: Charizard|Will-O-Wisp|p1a: Honchkrow|[miss]
|-miss|p2a: Charizard|p1a: Honchkrow
|move|p1a: Honchkrow|Brave Bird|p2a: Charizard
|-damage|p2a: Charizard|98\/359
|-damage|p1a: Honchkrow|54\/342|[from] recoil|[of] p2a: Charizard
|-damage|p1a: Honchkrow|20\/342|[from] item: Life Orb
|
|turn|5
|
|switch|p1a: Charizard|Charizard, F|298\/298
|move|p2a: Charizard|Roost|p2a: Charizard
|-heal|p2a: Charizard|278\/359
|
|turn|6
|
|move|p1a: Charizard|Dragon Dance|p1a: Charizard
|-boost|p1a: Charizard|atk|1
|-boost|p1a: Charizard|spe|1
|move|p2a: Charizard|Dragon Claw|p1a: Charizard
|-damage|p1a: Charizard|100\/298
|
|turn|7
|
|switch|p2a: Suicune|Suicune|404\/404
|-ability|p2a: Suicune|Pressure
|detailschange|p1a: Charizard|Charizard-Mega-X, F
|message|Charizard has Mega Evolved into Mega Charizard!
|move|p1a: Charizard|Dragon Claw|p2a: Suicune
|-damage|p2a: Suicune|214\/404
|
|-heal|p2a: Suicune|239\/404|[from] item: Leftovers
|turn|8
|
|move|p1a: Charizard|Dragon Claw|p2a: Suicune
|-damage|p2a: Suicune|65\/404
|move|p2a: Suicune|Scald|p1a: Charizard
|-damage|p1a: Charizard|0 fnt
|faint|p1a: Charizard
|
|-heal|p2a: Suicune|90\/404|[from] item: Leftovers
|
|switch|p1a: Garchomp|Garchomp, F|357\/357
|turn|9
|
|switch|p2a: Skarmory|Skarmory, M|334\/334
|move|p1a: Garchomp|Dragon Claw|p2a: Skarmory
|-resisted|p2a: Skarmory
|-damage|p2a: Skarmory|274\/334
|-damage|p1a: Garchomp|322\/357|[from] item: Life Orb
|
|-heal|p2a: Skarmory|294\/334|[from] item: Leftovers
|turn|10
|
|move|p1a: Garchomp|Stealth Rock|p2a: Skarmory
|-sidestart|p2: Angels cry|move: Stealth Rock
|move|p2a: Skarmory|Toxic|p1a: Garchomp
|-status|p1a: Garchomp|tox
|
|-heal|p2a: Skarmory|314\/334|[from] item: Leftovers
|-damage|p1a: Garchomp|300\/357 tox|[from] psn
|turn|11
|
|move|p1a: Garchomp|Fire Blast|p2a: Skarmory
|-supereffective|p2a: Skarmory
|-damage|p2a: Skarmory|129\/334
|-damage|p1a: Garchomp|265\/357 tox|[from] item: Life Orb
|move|p2a: Skarmory|Defog|p1a: Garchomp
|-unboost|p1a: Garchomp|evasion|1
|-sideend|p2: Angels cry|Stealth Rock|[from] move: Defog|[of] p2a: Skarmory
|
|-heal|p2a: Skarmory|149\/334|[from] item: Leftovers
|-damage|p1a: Garchomp|221\/357 tox|[from] psn
|turn|12
|
|move|p1a: Garchomp|Fire Blast|p2a: Skarmory
|-supereffective|p2a: Skarmory
|-damage|p2a: Skarmory|0 fnt
|-damage|p1a: Garchomp|186\/357 tox|[from] item: Life Orb
|faint|p2a: Skarmory
|
|-damage|p1a: Garchomp|120\/357 tox|[from] psn
|
|switch|p2a: Dugtrio|Dugtrio, M|1\/201
|turn|13
|
|move|p2a: Dugtrio|Earthquake|p1a: Garchomp
|-damage|p1a: Garchomp|0 fnt
|faint|p1a: Garchomp
|
|
|switch|p1a: Greninja|Greninja, F|229\/285
|turn|14
|
|move|p1a: Greninja|Surf|p2a: Dugtrio
|-start|p1a: Greninja|typechange|Water|[from] Protean
|-supereffective|p2a: Dugtrio
|-damage|p2a: Dugtrio|0 fnt
|-damage|p1a: Greninja|201\/285|[from] item: Life Orb
|faint|p2a: Dugtrio
|
|
|switch|p2a: Tornadus-Therian|Tornadus-Therian, M|332\/332
|turn|15
|
|switch|p1a: Ferrothorn|Ferrothorn, F|352\/352
|move|p2a: Tornadus-Therian|U-turn|p1a: Ferrothorn
|-damage|p1a: Ferrothorn|315\/352
|-damage|p2a: Tornadus-Therian|291\/332|[from] ability: Iron Barbs|[of] p1a: Ferrothorn
|
|switch|p2a: Charizard|Charizard-Mega-X, M|278\/359
|
|-heal|p1a: Ferrothorn|337\/352|[from] item: Leftovers
|turn|16
|
|move|p2a: Charizard|Will-O-Wisp|p1a: Ferrothorn
|-status|p1a: Ferrothorn|brn
|move|p1a: Ferrothorn|Leech Seed|p2a: Charizard
|-start|p2a: Charizard|move: Leech Seed
|
|-heal|p1a: Ferrothorn|352\/352 brn|[from] item: Leftovers
|-damage|p2a: Charizard|234\/359|[from] Leech Seed|[of] p1a: Ferrothorn
|-damage|p1a: Ferrothorn|308\/352 brn|[from] brn
|turn|17
|
|switch|p1a: Honchkrow|Honchkrow, M|20\/342
|move|p2a: Charizard|Dragon Claw|p1a: Honchkrow
|-damage|p1a: Honchkrow|0 fnt
|faint|p1a: Honchkrow
|
|
|switch|p1a: Greninja|Greninja, F|201\/285
|turn|18
|
|move|p1a: Greninja|Ice Beam|p2a: Charizard
|-start|p1a: Greninja|typechange|Ice|[from] Protean
|-crit|p2a: Charizard
|-damage|p2a: Charizard|8\/359
|-damage|p1a: Greninja|173\/285|[from] item: Life Orb
|move|p2a: Charizard|Dragon Claw|p1a: Greninja
|-damage|p1a: Greninja|0 fnt
|faint|p1a: Greninja
|
|
|switch|p1a: Donphan|Donphan, M|384\/384
|turn|19
|
|switch|p2a: Tornadus-Therian|Tornadus-Therian, M|332\/332
|move|p1a: Donphan|Ice Shard|p2a: Tornadus-Therian
|-supereffective|p2a: Tornadus-Therian
|-damage|p2a: Tornadus-Therian|228\/332
|
|turn|20
|
|move|p2a: Tornadus-Therian|Knock Off|p1a: Donphan
|-damage|p1a: Donphan|335\/384
|-enditem|p1a: Donphan|Assault Vest|[from] move: Knock Off|[of] p2a: Tornadus-Therian
|move|p1a: Donphan|Gunk Shot|p2a: Tornadus-Therian
|-damage|p2a: Tornadus-Therian|82\/332
|
|turn|21
|
|move|p1a: Donphan|Ice Shard|p2a: Tornadus-Therian
|-supereffective|p2a: Tornadus-Therian
|-damage|p2a: Tornadus-Therian|0 fnt
|faint|p2a: Tornadus-Therian
|
|
|switch|p2a: Suicune|Suicune|90\/404
|-ability|p2a: Suicune|Pressure
|turn|22
|
|switch|p2a: Charizard|Charizard-Mega-X, M|8\/359
|switch|p1a: Ferrothorn|Ferrothorn, F|308\/352 brn
|
|-heal|p1a: Ferrothorn|330\/352 brn|[from] item: Leftovers
|-damage|p1a: Ferrothorn|286\/352 brn|[from] brn
|turn|23
|
|move|p2a: Charizard|Roost|p2a: Charizard
|-heal|p2a: Charizard|188\/359
|move|p1a: Ferrothorn|Leech Seed|p2a: Charizard
|-start|p2a: Charizard|move: Leech Seed
|
|-heal|p1a: Ferrothorn|308\/352 brn|[from] item: Leftovers
|-damage|p2a: Charizard|144\/359|[from] Leech Seed|[of] p1a: Ferrothorn
|-heal|p1a: Ferrothorn|352\/352 brn|[silent]
|-damage|p1a: Ferrothorn|308\/352 brn|[from] brn
|turn|24
|
|move|p2a: Charizard|Roost|p2a: Charizard
|-heal|p2a: Charizard|324\/359
|move|p1a: Ferrothorn|Gyro Ball|p2a: Charizard
|-resisted|p2a: Charizard
|-damage|p2a: Charizard|285\/359
|
|-heal|p1a: Ferrothorn|330\/352 brn|[from] item: Leftovers
|-damage|p2a: Charizard|241\/359|[from] Leech Seed|[of] p1a: Ferrothorn
|-heal|p1a: Ferrothorn|352\/352 brn|[silent]
|-damage|p1a: Ferrothorn|308\/352 brn|[from] brn
|turn|25
|
|move|p2a: Charizard|Will-O-Wisp|p1a: Ferrothorn
|-fail|p1a: Ferrothorn|brn
|move|p1a: Ferrothorn|Knock Off|p2a: Charizard
|-crit|p2a: Charizard
|-damage|p2a: Charizard|208\/359
|
|-heal|p1a: Ferrothorn|330\/352 brn|[from] item: Leftovers
|-damage|p2a: Charizard|164\/359|[from] Leech Seed|[of] p1a: Ferrothorn
|-heal|p1a: Ferrothorn|352\/352 brn|[silent]
|-damage|p1a: Ferrothorn|308\/352 brn|[from] brn
|turn|26
|
|move|p2a: Charizard|Fire Punch|p1a: Ferrothorn
|-supereffective|p1a: Ferrothorn
|-damage|p1a: Ferrothorn|0 fnt
|-damage|p2a: Charizard|120\/359|[from] ability: Iron Barbs|[of] p1a: Ferrothorn
|faint|p1a: Ferrothorn
|
|
|switch|p1a: Donphan|Donphan, M|335\/384
|turn|27
|
|move|p2a: Charizard|Will-O-Wisp|p1a: Donphan
|-status|p1a: Donphan|brn
|move|p1a: Donphan|Earthquake|p2a: Charizard
|-supereffective|p2a: Charizard
|-damage|p2a: Charizard|0 fnt
|faint|p2a: Charizard
|
|-damage|p1a: Donphan|287\/384 brn|[from] brn
|
|switch|p2a: Suicune|Suicune|90\/404
|-ability|p2a: Suicune|Pressure
|turn|28
|
|move|p2a: Suicune|Rest|p2a: Suicune
|-status|p2a: Suicune|slp
|-heal|p2a: Suicune|404\/404 slp|[silent]
|-status|p2a: Suicune|slp|[from] move: Rest
|move|p1a: Donphan|Earthquake|p2a: Suicune
|-damage|p2a: Suicune|349\/404 slp
|
|-heal|p2a: Suicune|374\/404 slp|[from] item: Leftovers
|-damage|p1a: Donphan|239\/384 brn|[from] brn
|turn|29
|-message|zamparo forfeited.
|
|win|Angels cry
|raw|Ladder updating...
|leave|zamparo
|player|p1