|join|berto13
|join|Angels cry
|player|p1|berto13|147
|player|p2|Angels cry|168
|gametype|singles
|gen|6
|tier|OU
|rated
|clearpoke
|poke|p1|Venusaur, M
|poke|p1|Tyranitar, M
|poke|p1|Gliscor, F
|poke|p1|Zapdos
|poke|p1|Clefable, M
|poke|p1|Raikou
|poke|p2|Thundurus, M
|poke|p2|Bisharp, M
|poke|p2|Greninja, M
|poke|p2|Garchomp, F
|poke|p2|Scizor, M
|poke|p2|Landorus-Therian, M
|rule|Swagger Clause: Swagger is banned
|rule|Baton Pass Clause: Limit one PokÃ©mon knowing Baton Pass
|rule|Sleep Clause Mod: Limit one foe put to sleep
|rule|Species Clause: Limit one of each PokÃ©mon
|rule|OHKO Clause: OHKO moves are banned
|rule|Moody Clause: Moody is banned
|rule|Evasion Moves Clause: Evasion moves are banned
|rule|Endless Battle Clause: Forcing endless battles is banned
|rule|HP Percentage Mod: HP is shown in percentages
|teampreview
|
|start
|switch|p1a: Clefable|Clefable, M|394\/394
|switch|p2a: Garchomp|Garchomp, F|357\/357
|turn|1
|
|move|p2a: Garchomp|Stealth Rock|p1a: Clefable
|-sidestart|p1: berto13|move: Stealth Rock
|move|p1a: Clefable|Stealth Rock|p2a: Garchomp
|-sidestart|p2: Angels cry|move: Stealth Rock
|
|turn|2
|
|switch|p1a: Gliscor|Gliscor, F|353\/353
|-damage|p1a: Gliscor|309\/353|[from] Stealth Rock
|move|p2a: Garchomp|Earthquake|p1a: Gliscor
|-immune|p1a: Gliscor|[msg]
|
|-status|p1a: Gliscor|tox|[from] item: Toxic Orb
|turn|3
|
|move|p2a: Garchomp|Dragon Claw|p1a: Gliscor
|-damage|p1a: Gliscor|222\/353 tox
|move|p1a: Gliscor|Knock Off|p2a: Garchomp
|-damage|p2a: Garchomp|282\/357
|-damage|p1a: Gliscor|178\/353 tox|[from] ability: Rough Skin|[of] p2a: Garchomp
|-enditem|p2a: Garchomp|Focus Sash|[from] move: Knock Off|[of] p1a: Gliscor
|
|-heal|p1a: Gliscor|222\/353 tox|[from] ability: Poison Heal
|turn|4
|
|move|p1a: Gliscor|Protect|p1a: Gliscor
|-singleturn|p1a: Gliscor|Protect
|move|p2a: Garchomp|Dragon Claw|p1a: Gliscor
|-activate|p1a: Gliscor|Protect
|
|-heal|p1a: Gliscor|266\/353 tox|[from] ability: Poison Heal
|turn|5
|
|move|p2a: Garchomp|Dragon Claw|p1a: Gliscor
|-damage|p1a: Gliscor|181\/353 tox
|move|p1a: Gliscor|Earthquake|p2a: Garchomp
|-damage|p2a: Garchomp|173\/357
|
|-heal|p1a: Gliscor|225\/353 tox|[from] ability: Poison Heal
|turn|6
|
|switch|p2a: Greninja|Greninja, M|286\/286
|-damage|p2a: Greninja|251\/286|[from] Stealth Rock
|move|p1a: Gliscor|Protect|p1a: Gliscor
|-fail|p1a: Gliscor
|
|-heal|p1a: Gliscor|269\/353 tox|[from] ability: Poison Heal
|turn|7
|
|move|p1a: Gliscor|Protect|p1a: Gliscor
|-singleturn|p1a: Gliscor|Protect
|move|p2a: Greninja|Spikes|p1a: Gliscor
|-start|p2a: Greninja|typechange|Ground|[from] Protean
|-sidestart|p1: berto13|Spikes
|
|-heal|p1a: Gliscor|313\/353 tox|[from] ability: Poison Heal
|turn|8
|
|switch|p1a: Tyranitar|Tyranitar, M|403\/403
|-damage|p1a: Tyranitar|353\/403|[from] Stealth Rock
|-damage|p1a: Tyranitar|303\/403|[from] Spikes
|-weather|Sandstorm
|move|p2a: Greninja|Ice Beam|p1a: Tyranitar
|-start|p2a: Greninja|typechange|Ice|[from] Protean
|-damage|p1a: Tyranitar|224\/403
|-damage|p2a: Greninja|223\/286|[from] item: Life Orb
|
|-weather|Sandstorm|[upkeep]
|-damage|p2a: Greninja|206\/286|[from] sandstorm
|turn|9
|
|switch|p2a: Landorus-Therian|Landorus-Therian, M|320\/320
|-damage|p2a: Landorus-Therian|280\/320|[from] Stealth Rock
|-ability|p2a: Landorus-Therian|Intimidate|[of] p1a: Tyranitar
|-unboost|p1a: Tyranitar|atk|1
|move|p1a: Tyranitar|Crunch|p2a: Landorus-Therian
|-damage|p2a: Landorus-Therian|162\/320
|
|-weather|Sandstorm|[upkeep]
|turn|10
|
|switch|p1a: Gliscor|Gliscor, F|313\/353 tox
|-damage|p1a: Gliscor|269\/353 tox|[from] Stealth Rock
|move|p2a: Landorus-Therian|U-turn|p1a: Gliscor
|-resisted|p1a: Gliscor
|-damage|p1a: Gliscor|238\/353 tox
|
|switch|p2a: Greninja|Greninja, M|206\/286
|-damage|p2a: Greninja|171\/286|[from] Stealth Rock
|
|-weather|Sandstorm|[upkeep]
|-damage|p2a: Greninja|154\/286|[from] sandstorm
|-heal|p1a: Gliscor|282\/353 tox|[from] ability: Poison Heal
|turn|11
|
|move|p2a: Greninja|Ice Beam|p1a: Gliscor
|-start|p2a: Greninja|typechange|Ice|[from] Protean
|-supereffective|p1a: Gliscor
|-damage|p1a: Gliscor|0 fnt
|-damage|p2a: Greninja|126\/286|[from] item: Life Orb
|faint|p1a: Gliscor
|
|-weather|Sandstorm|[upkeep]
|-damage|p2a: Greninja|109\/286|[from] sandstorm
|
|switch|p1a: Venusaur|Venusaur, M|363\/363
|-damage|p1a: Venusaur|318\/363|[from] Spikes
|-damage|p1a: Venusaur|273\/363|[from] Stealth Rock
|turn|12
|
|detailschange|p1a: Venusaur|Venusaur-Mega, M
|-mega|p1a: Venusaur|Venusaur|Venusaurite
|move|p2a: Greninja|Ice Beam|p1a: Venusaur
|-supereffective|p1a: Venusaur
|-damage|p1a: Venusaur|161\/363
|-damage|p2a: Greninja|81\/286|[from] item: Life Orb
|move|p1a: Venusaur|Giga Drain|p2a: Greninja
|-damage|p2a: Greninja|0 fnt
|-heal|p1a: Venusaur|202\/363|[from] drain|[of] p2a: Greninja
|faint|p2a: Greninja
|
|-weather|none
|
|switch|p2a: Bisharp|Bisharp, M|272\/272
|-damage|p2a: Bisharp|255\/272|[from] Stealth Rock
|turn|13
|
|move|p2a: Bisharp|Iron Head|p1a: Venusaur
|-damage|p1a: Venusaur|53\/363
|-damage|p2a: Bisharp|228\/272|[from] item: Life Orb
|cant|p1a: Venusaur|flinch
|
|turn|14
|
|move|p2a: Bisharp|Knock Off|p1a: Venusaur
|-damage|p1a: Venusaur|0 fnt
|-damage|p2a: Bisharp|201\/272|[from] item: Life Orb
|faint|p1a: Venusaur
|
|
|switch|p1a: Zapdos|Zapdos|383\/383
|-damage|p1a: Zapdos|288\/383|[from] Stealth Rock
|-ability|p1a: Zapdos|Pressure
|turn|15
|
|move|p2a: Bisharp|Knock Off|p1a: Zapdos
|-damage|p1a: Zapdos|93\/383
|-enditem|p1a: Zapdos|Leftovers|[from] move: Knock Off|[of] p2a: Bisharp
|-damage|p2a: Bisharp|174\/272|[from] item: Life Orb
|move|p1a: Zapdos|Heat Wave|p2a: Bisharp
|-supereffective|p2a: Bisharp
|-damage|p2a: Bisharp|0 fnt
|faint|p2a: Bisharp
|
|
|switch|p2a: Thundurus|Thundurus, M|299\/299
|-damage|p2a: Thundurus|225\/299|[from] Stealth Rock
|turn|16
|
|move|p2a: Thundurus|Thunderbolt|p1a: Zapdos
|-damage|p1a: Zapdos|0 fnt
|faint|p1a: Zapdos
|
|
|switch|p1a: Raikou|Raikou|321\/321
|-damage|p1a: Raikou|281\/321|[from] Stealth Rock
|-damage|p1a: Raikou|241\/321|[from] Spikes
|-ability|p1a: Raikou|Pressure
|turn|17
|
|move|p1a: Raikou|Thunderbolt|p2a: Thundurus
|-damage|p2a: Thundurus|36\/299
|move|p2a: Thundurus|Knock Off|p1a: Raikou
|-damage|p1a: Raikou|137\/321
|-enditem|p1a: Raikou|Assault Vest|[from] move: Knock Off|[of] p2a: Thundurus
|
|turn|18
|
|move|p1a: Raikou|Hidden Power|p2a: Thundurus
|-supereffective|p2a: Thundurus
|-damage|p2a: Thundurus|0 fnt
|faint|p2a: Thundurus
|
|
|switch|p2a: Landorus-Therian|Landorus-Therian, M|162\/320
|-damage|p2a: Landorus-Therian|122\/320|[from] Stealth Rock
|-ability|p2a: Landorus-Therian|Intimidate|[of] p1a: Raikou
|-unboost|p1a: Raikou|atk|1
|turn|19
|
|switch|p1a: Tyranitar|Tyranitar, M|224\/403
|-damage|p1a: Tyranitar|174\/403|[from] Spikes
|-damage|p1a: Tyranitar|124\/403|[from] Stealth Rock
|-weather|Sandstorm
|move|p2a: Landorus-Therian|Earthquake|p1a: Tyranitar
|-crit|p1a: Tyranitar
|-supereffective|p1a: Tyranitar
|-damage|p1a: Tyranitar|0 fnt
|faint|p1a: Tyranitar
|
|-weather|Sandstorm|[upkeep]
|
|switch|p1a: Clefable|Clefable, M|394\/394
|turn|20
|
|switch|p2a: Garchomp|Garchomp, F|173\/357
|-damage|p2a: Garchomp|151\/357|[from] Stealth Rock
|move|p1a: Clefable|Moonblast|p2a: Garchomp
|-supereffective|p2a: Garchomp
|-damage|p2a: Garchomp|0 fnt
|faint|p2a: Garchomp
|
|-weather|Sandstorm|[upkeep]
|
|switch|p2a: Scizor|Scizor, M|282\/282
|-damage|p2a: Scizor|247\/282|[from] Stealth Rock
|turn|21
|
|detailschange|p2a: Scizor|Scizor-Mega, M
|-mega|p2a: Scizor|Scizor|Scizorite
|move|p2a: Scizor|Bullet Punch|p1a: Clefable
|-supereffective|p1a: Clefable
|-damage|p1a: Clefable|118\/394
|move|p1a: Clefable|Wish|p1a: Clefable
|
|-weather|Sandstorm|[upkeep]
|-heal|p1a: Clefable|142\/394|[from] item: Leftovers
|turn|22
|
|move|p2a: Scizor|Bullet Punch|p1a: Clefable
|-supereffective|p1a: Clefable
|-damage|p1a: Clefable|0 fnt
|faint|p1a: Clefable
|
|-weather|Sandstorm|[upkeep]
|
|switch|p1a: Raikou|Raikou|137\/321
|-damage|p1a: Raikou|97\/321|[from] Stealth Rock
|-damage|p1a: Raikou|57\/321|[from] Spikes
|-ability|p1a: Raikou|Pressure
|turn|23
|
|move|p2a: Scizor|Bullet Punch|p1a: Raikou
|-resisted|p1a: Raikou
|-damage|p1a: Raikou|0 fnt
|faint|p1a: Raikou
|
|win|Angels cry
|raw|Ladder updating...
|raw|berto13's rating: 1592 &rarr; <strong>1574<\/strong><br \/>(-18 for losing)
|raw|Angels cry's rating: 1629 &rarr; <strong>1647<\/strong><br \/>(+18 for winning)
|leave|berto13
|player|p1