|join|Angels cry
|join|Marcos00002
|join|Arnette
|join|Shakamon
|join|dampsey
|join|KittlerPT
|c|âMarcos00002|boa sorte
|join|TERRAMAX
|c|âAngels cry|gl
|c| dampsey|Good Luck para os 2 ai
|join|Kurt_NI
|player|p1|Angels cry|274
|player|p2|Marcos00002|169
|gametype|singles
|gen|6
|tier|OU
|clearpoke
|poke|p1|Scizor, M
|poke|p1|Clefable, M
|poke|p1|Chansey, F
|poke|p1|Gliscor, M
|poke|p1|Zapdos
|poke|p1|Slowbro, M
|poke|p2|Charizard, M
|poke|p2|Conkeldurr, M, shiny
|poke|p2|Forretress, M, shiny
|poke|p2|Chansey, F
|poke|p2|Gliscor, M
|poke|p2|Breloom, M, shiny
|rule|Swagger Clause: Swagger is banned
|rule|Baton Pass Clause: Limit one PokÃ©mon knowing Baton Pass
|rule|Sleep Clause Mod: Limit one foe put to sleep
|rule|Species Clause: Limit one of each PokÃ©mon
|rule|OHKO Clause: OHKO moves are banned
|rule|Moody Clause: Moody is banned
|rule|Evasion Moves Clause: Evasion moves are banned
|rule|Endless Battle Clause: Forcing endless battles is banned
|rule|HP Percentage Mod: HP is shown in percentages
|teampreview
|join|pelezinho mt doido
|join|Dead0ne
|c| pelezinho mt doido|vai marcos
|c| pelezinho mt doido|ganha esse campeonato
|join|dark_knight1021
|c| pelezinho mt doido|o pelÃ© estÃ¡ torcendo por vocÃª entende
|
|start
|switch|p1a: Gliscor|Gliscor, M|354\/354
|switch|p2a: Charizard|Charizard, M|298\/298
|turn|1
|c|âMarcos00002|'-'
|
|switch|p1a: Chansey|Chansey, F|704\/704
|detailschange|p2a: Charizard|Charizard-Mega-Y, M
|-mega|p2a: Charizard|Charizard|Charizardite Y
|-weather|SunnyDay
|move|p2a: Charizard|Fire Blast|p1a: Chansey
|-damage|p1a: Chansey|475\/704
|-status|p1a: Chansey|brn
|
|-weather|SunnyDay|[upkeep]
|-damage|p1a: Chansey|387\/704 brn|[from] brn
|turn|2
|
|switch|p2a: Gliscor|Gliscor, M|354\/354
|move|p1a: Chansey|Soft-Boiled|p1a: Chansey
|-heal|p1a: Chansey|704\/704 brn
|
|-weather|SunnyDay|[upkeep]
|-damage|p1a: Chansey|616\/704 brn|[from] brn
|-status|p2a: Gliscor|tox|[from] item: Toxic Orb
|turn|3
|c| dark_knight1021|marcos vc consegui
|leave|dampsey
|
|switch|p1a: Scizor|Scizor, M|342\/342
|move|p2a: Gliscor|Substitute|p2a: Gliscor
|-start|p2a: Gliscor|Substitute
|-damage|p2a: Gliscor|266\/354 tox
|
|-weather|SunnyDay|[upkeep]
|-heal|p2a: Gliscor|310\/354 tox|[from] ability: Poison Heal
|turn|4
|
|switch|p2a: Charizard|Charizard-Mega-Y, M|298\/298
|detailschange|p1a: Scizor|Scizor-Mega, M
|-mega|p1a: Scizor|Scizor|Scizorite
|move|p1a: Scizor|Bullet Punch|p2a: Charizard
|-resisted|p2a: Charizard
|-damage|p2a: Charizard|235\/298
|
|-weather|SunnyDay|[upkeep]
|turn|5
|c| dark_knight1021|o pele e o pelizinho tbm torcem por vc
|
|switch|p1a: Chansey|Chansey, F|616\/704
|move|p2a: Charizard|Fire Blast|p1a: Chansey|[miss]
|-miss|p2a: Charizard|p1a: Chansey
|
|-weather|none
|turn|6
|
|switch|p2a: Gliscor|Gliscor, M|310\/354 tox
|move|p1a: Chansey|Stealth Rock|p2a: Gliscor
|-sidestart|p2: Marcos00002|move: Stealth Rock
|
|-heal|p2a: Gliscor|354\/354 tox|[from] ability: Poison Heal
|turn|7
|
|switch|p2a: Forretress|Forretress, M, shiny|354\/354
|-damage|p2a: Forretress|310\/354|[from] Stealth Rock
|switch|p1a: Scizor|Scizor-Mega, M|342\/342
|
|-heal|p2a: Forretress|332\/354|[from] item: Leftovers
|turn|8
|
|switch|p1a: Gliscor|Gliscor, M|354\/354
|move|p2a: Forretress|Rapid Spin|p1a: Gliscor
|-damage|p1a: Gliscor|342\/354
|-sideend|p2: Marcos00002|Stealth Rock|[from] move: Rapid Spin|[of] p2a: Forretress
|
|-heal|p2a: Forretress|354\/354|[from] item: Leftovers
|-status|p1a: Gliscor|tox|[from] item: Toxic Orb
|turn|9
|
|switch|p2a: Conkeldurr|Conkeldurr, M, shiny|414\/414
|move|p1a: Gliscor|Taunt|p2a: Conkeldurr
|-start|p2a: Conkeldurr|move: Taunt
|
|-heal|p1a: Gliscor|354\/354 tox|[from] ability: Poison Heal
|-status|p2a: Conkeldurr|brn|[from] item: Flame Orb
|turn|10
|
|switch|p1a: Clefable|Clefable, M|394\/394
|move|p2a: Conkeldurr|Facade|p1a: Clefable
|-damage|p1a: Clefable|142\/394
|
|-heal|p1a: Clefable|166\/394|[from] item: Leftovers
|-damage|p2a: Conkeldurr|363\/414 brn|[from] brn
|turn|11
|
|switch|p1a: Slowbro|Slowbro, M|394\/394
|switch|p2a: Chansey|Chansey, F|704\/704
|
|turn|12
|c| TERRAMAX|prevejo 65 turnos ou mais
|
|switch|p1a: Clefable|Clefable, M|166\/394
|move|p2a: Chansey|Toxic|p1a: Clefable
|-status|p1a: Clefable|tox
|
|-heal|p1a: Clefable|190\/394 tox|[from] item: Leftovers
|-damage|p1a: Clefable|166\/394 tox|[from] psn
|turn|13
|c|âMarcos00002|sem magic guard '-'
|c| TERRAMAX|huahsuahs
|
|move|p1a: Clefable|Moonlight|p1a: Clefable
|-heal|p1a: Clefable|363\/394 tox
|move|p2a: Chansey|Wish|p2a: Chansey
|
|-heal|p1a: Clefable|387\/394 tox|[from] item: Leftovers
|-damage|p1a: Clefable|339\/394 tox|[from] psn
|turn|14
|
|switch|p1a: Scizor|Scizor-Mega, M|342\/342
|switch|p2a: Charizard|Charizard-Mega-Y, M|235\/298
|-weather|SunnyDay
|
|-weather|SunnyDay|[upkeep]
|-heal|p2a: Charizard|298\/298|[from] move: Wish|[wisher] Chansey
|turn|15
|
|switch|p1a: Chansey|Chansey, F|616\/704
|move|p2a: Charizard|Fire Blast|p1a: Chansey|[miss]
|-miss|p2a: Charizard|p1a: Chansey
|
|-weather|SunnyDay|[upkeep]
|turn|16
|c|âMarcos00002|...
|
|switch|p2a: Forretress|Forretress, M, shiny|354\/354
|move|p1a: Chansey|Stealth Rock|p2a: Forretress
|-sidestart|p2: Marcos00002|move: Stealth Rock
|
|-weather|SunnyDay|[upkeep]
|turn|17
|
|move|p1a: Chansey|Seismic Toss|p2a: Forretress
|-damage|p2a: Forretress|254\/354
|move|p2a: Forretress|Rapid Spin|p1a: Chansey
|-damage|p1a: Chansey|597\/704
|-sideend|p2: Marcos00002|Stealth Rock|[from] move: Rapid Spin|[of] p2a: Forretress
|
|-weather|SunnyDay|[upkeep]
|-heal|p2a: Forretress|276\/354|[from] item: Leftovers
|turn|18
|
|move|p1a: Chansey|Stealth Rock|p2a: Forretress
|-sidestart|p2: Marcos00002|move: Stealth Rock
|move|p2a: Forretress|Stealth Rock|p1a: Chansey
|-sidestart|p1: Angels cry|move: Stealth Rock
|
|-weather|none
|-heal|p2a: Forretress|298\/354|[from] item: Leftovers
|turn|19
|
|switch|p1a: Zapdos|Zapdos|384\/384
|-damage|p1a: Zapdos|288\/384|[from] Stealth Rock
|-ability|p1a: Zapdos|Pressure
|move|p2a: Forretress|Rapid Spin|p1a: Zapdos
|-damage|p1a: Zapdos|276\/384
|-sideend|p2: Marcos00002|Stealth Rock|[from] move: Rapid Spin|[of] p2a: Forretress
|
|-heal|p1a: Zapdos|300\/384|[from] item: Leftovers
|-heal|p2a: Forretress|320\/354|[from] item: Leftovers
|turn|20
|
|switch|p2a: Chansey|Chansey, F|704\/704
|move|p1a: Zapdos|Defog|p2a: Chansey
|-unboost|p2a: Chansey|evasion|1
|-sideend|p1: Angels cry|Stealth Rock|[from] move: Defog|[of] p1a: Zapdos
|
|-heal|p1a: Zapdos|324\/384|[from] item: Leftovers
|turn|21
|
|switch|p1a: Chansey|Chansey, F|597\/704
|move|p2a: Chansey|Wish|p2a: Chansey
|
|turn|22
|join|Leosanomlksan
|join|DAKIK
|
|switch|p2a: Conkeldurr|Conkeldurr, M, shiny|363\/414 brn
|move|p1a: Chansey|Aromatherapy|p1a: Chansey
|-cureteam|p1a: Chansey|[from] move: Aromatherapy
|
|-heal|p2a: Conkeldurr|414\/414 brn|[from] move: Wish|[wisher] Chansey
|-damage|p2a: Conkeldurr|363\/414 brn|[from] brn
|turn|23
|
|switch|p1a: Slowbro|Slowbro, M|394\/394
|move|p2a: Conkeldurr|Facade|p1a: Slowbro
|-damage|p1a: Slowbro|215\/394
|
|-heal|p1a: Slowbro|239\/394|[from] item: Leftovers
|-damage|p2a: Conkeldurr|312\/414 brn|[from] brn
|turn|24
|
|switch|p2a: Chansey|Chansey, F|704\/704
|switch|p1a: Scizor|Scizor-Mega, M|342\/342
|
|turn|25
|
|switch|p1a: Chansey|Chansey, F|597\/704
|switch|p2a: Charizard|Charizard-Mega-Y, M|298\/298
|-weather|SunnyDay
|
|-weather|SunnyDay|[upkeep]
|turn|26
|join|Rodrig0
|leave|Rodrig0
|
|switch|p2a: Forretress|Forretress, M, shiny|320\/354
|move|p1a: Chansey|Stealth Rock|p2a: Forretress
|-sidestart|p2: Marcos00002|move: Stealth Rock
|
|-weather|SunnyDay|[upkeep]
|-heal|p2a: Forretress|342\/354|[from] item: Leftovers
|turn|27
|leave|TERRAMAX
|
|switch|p1a: Zapdos|Zapdos|324\/384
|-ability|p1a: Zapdos|Pressure
|move|p2a: Forretress|Rapid Spin|p1a: Zapdos
|-damage|p1a: Zapdos|312\/384
|-sideend|p2: Marcos00002|Stealth Rock|[from] move: Rapid Spin|[of] p2a: Forretress
|
|-weather|SunnyDay|[upkeep]
|-heal|p1a: Zapdos|336\/384|[from] item: Leftovers
|-heal|p2a: Forretress|354\/354|[from] item: Leftovers
|turn|28
|
|switch|p1a: Gliscor|Gliscor, M|354\/354
|move|p2a: Forretress|Volt Switch|p1a: Gliscor
|-immune|p1a: Gliscor|[msg]
|
|-weather|SunnyDay|[upkeep]
|-status|p1a: Gliscor|tox|[from] item: Toxic Orb
|turn|29
|
|move|p1a: Gliscor|Knock Off|p2a: Forretress
|-damage|p2a: Forretress|308\/354
|-enditem|p2a: Forretress|Leftovers|[from] move: Knock Off|[of] p1a: Gliscor
|move|p2a: Forretress|Stealth Rock|p1a: Gliscor
|-sidestart|p1: Angels cry|move: Stealth Rock
|
|-weather|none
|turn|30
|join|xInsREW
|
|switch|p2a: Charizard|Charizard-Mega-Y, M|298\/298
|-weather|SunnyDay
|move|p1a: Gliscor|Taunt|p2a: Charizard
|-start|p2a: Charizard|move: Taunt
|
|-weather|SunnyDay|[upkeep]
|turn|31
|
|switch|p1a: Chansey|Chansey, F|597\/704
|-damage|p1a: Chansey|509\/704|[from] Stealth Rock
|move|p2a: Charizard|Fire Blast|p1a: Chansey
|-damage|p1a: Chansey|304\/704
|
|-weather|SunnyDay|[upkeep]
|turn|32
|
|switch|p2a: Conkeldurr|Conkeldurr, M, shiny|312\/414 brn
|move|p1a: Chansey|Soft-Boiled|p1a: Chansey
|-heal|p1a: Chansey|656\/704
|
|-weather|SunnyDay|[upkeep]
|-damage|p2a: Conkeldurr|261\/414 brn|[from] brn
|turn|33
|join|ugwu
|
|switch|p1a: Slowbro|Slowbro, M|370\/394
|-damage|p1a: Slowbro|321\/394|[from] Stealth Rock
|move|p2a: Conkeldurr|Facade|p1a: Slowbro
|-damage|p1a: Slowbro|140\/394
|
|-weather|SunnyDay|[upkeep]
|-heal|p1a: Slowbro|164\/394|[from] item: Leftovers
|-damage|p2a: Conkeldurr|210\/414 brn|[from] brn
|turn|34
|
|switch|p1a: Scizor|Scizor-Mega, M|342\/342
|-damage|p1a: Scizor|300\/342|[from] Stealth Rock
|move|p2a: Conkeldurr|Facade|p1a: Scizor
|-resisted|p1a: Scizor
|-damage|p1a: Scizor|202\/342
|
|-weather|none
|-damage|p2a: Conkeldurr|159\/414 brn|[from] brn
|turn|35
|
|move|p1a: Scizor|Bullet Punch|p2a: Conkeldurr
|-damage|p2a: Conkeldurr|51\/414 brn
|move|p2a: Conkeldurr|Drain Punch|p1a: Scizor
|-damage|p1a: Scizor|45\/342
|-heal|p2a: Conkeldurr|130\/414 brn|[from] drain|[of] p1a: Scizor
|
|-damage|p2a: Conkeldurr|79\/414 brn|[from] brn
|turn|36
|join|soldado negro
|
|switch|p2a: Gliscor|Gliscor, M|354\/354 tox
|move|p1a: Scizor|Bullet Punch|p2a: Gliscor
|-damage|p2a: Gliscor|282\/354 tox
|
|-heal|p2a: Gliscor|326\/354 tox|[from] ability: Poison Heal
|turn|37
|
|switch|p1a: Gliscor|Gliscor, M|354\/354 tox
|-damage|p1a: Gliscor|310\/354 tox|[from] Stealth Rock
|move|p2a: Gliscor|Earthquake|p1a: Gliscor
|-immune|p1a: Gliscor|[msg]
|
|-heal|p2a: Gliscor|354\/354 tox|[from] ability: Poison Heal
|-heal|p1a: Gliscor|354\/354 tox|[from] ability: Poison Heal
|turn|38
|leave|soldado negro
|leave|ugwu
|
|move|p2a: Gliscor|Substitute|p2a: Gliscor
|-start|p2a: Gliscor|Substitute
|-damage|p2a: Gliscor|266\/354 tox
|move|p1a: Gliscor|Knock Off|p2a: Gliscor
|-activate|p2a: Gliscor|Substitute|[damage]
|
|-heal|p2a: Gliscor|310\/354 tox|[from] ability: Poison Heal
|turn|39
|
|move|p2a: Gliscor|Knock Off|p1a: Gliscor
|-damage|p1a: Gliscor|302\/354 tox
|-enditem|p1a: Gliscor|Toxic Orb|[from] move: Knock Off|[of] p2a: Gliscor
|move|p1a: Gliscor|Taunt|p2a: Gliscor
|-start|p2a: Gliscor|move: Taunt
|
|-heal|p2a: Gliscor|354\/354 tox|[from] ability: Poison Heal
|-heal|p1a: Gliscor|346\/354 tox|[from] ability: Poison Heal
|turn|40
|
|move|p2a: Gliscor|Knock Off|p1a: Gliscor
|-damage|p1a: Gliscor|311\/354 tox
|move|p1a: Gliscor|Knock Off|p2a: Gliscor
|-end|p2a: Gliscor|Substitute
|
|-heal|p1a: Gliscor|354\/354 tox|[from] ability: Poison Heal
|turn|41
|
|switch|p2a: Charizard|Charizard-Mega-Y, M|298\/298
|-weather|SunnyDay
|move|p1a: Gliscor|Knock Off|p2a: Charizard
|-damage|p2a: Charizard|234\/298
|
|-weather|SunnyDay|[upkeep]
|turn|42
|leave|Leosanomlksan
|
|switch|p2a: Chansey|Chansey, F|704\/704
|switch|p1a: Chansey|Chansey, F|656\/704
|-damage|p1a: Chansey|568\/704|[from] Stealth Rock
|
|-weather|SunnyDay|[upkeep]
|turn|43
|join|vangolax
|join|DrinkWaterPT
|
|move|p2a: Chansey|Wish|p2a: Chansey
|move|p1a: Chansey|Stealth Rock|p2a: Chansey
|-sidestart|p2: Marcos00002|move: Stealth Rock
|
|-weather|SunnyDay|[upkeep]
|turn|44
|c| DrinkWaterPT|**THE LEGENDARY WARRIORS STILL HAVE & POKEMONS THATS AMAZING!**
|c|âMarcos00002|'-'
|
|switch|p2a: Conkeldurr|Conkeldurr, M, shiny|79\/414 brn
|-damage|p2a: Conkeldurr|54\/414 brn|[from] Stealth Rock
|move|p1a: Chansey|Seismic Toss|p2a: Conkeldurr
|-damage|p2a: Conkeldurr|0 fnt
|faint|p2a: Conkeldurr
|
|-weather|SunnyDay|[upkeep]
|c| DrinkWaterPT|*6
|
|switch|p2a: Breloom|Breloom, M, shiny|262\/262
|-damage|p2a: Breloom|246\/262|[from] Stealth Rock
|turn|45
|join|Phil the Faule
|
|switch|p1a: Zapdos|Zapdos|336\/384
|-damage|p1a: Zapdos|240\/384|[from] Stealth Rock
|-ability|p1a: Zapdos|Pressure
|move|p2a: Breloom|Swords Dance|p2a: Breloom
|-boost|p2a: Breloom|atk|2
|
|-weather|none
|-heal|p1a: Zapdos|264\/384|[from] item: Leftovers
|turn|46
|
|move|p2a: Breloom|Spore|p1a: Zapdos
|-status|p1a: Zapdos|slp
|cant|p1a: Zapdos|slp
|
|-heal|p1a: Zapdos|288\/384 slp|[from] item: Leftovers
|turn|47
|
|switch|p1a: Scizor|Scizor-Mega, M|45\/342
|-damage|p1a: Scizor|3\/342|[from] Stealth Rock
|move|p2a: Breloom|Swords Dance|p2a: Breloom
|-boost|p2a: Breloom|atk|2
|
|turn|48
|
|move|p2a: Breloom|Mach Punch|p1a: Scizor
|-damage|p1a: Scizor|0 fnt
|faint|p1a: Scizor
|
|
|switch|p1a: Clefable|Clefable, M|339\/394
|-damage|p1a: Clefable|290\/394|[from] Stealth Rock
|turn|49
|
|move|p2a: Breloom|Bullet Seed|p1a: Clefable
|-damage|p1a: Clefable|230\/394
|-damage|p1a: Clefable|176\/394
|-damage|p1a: Clefable|118\/394
|-hitcount|p1a: Clefable|3
|move|p1a: Clefable|Thunder Wave|p2a: Breloom
|-status|p2a: Breloom|par
|
|-heal|p1a: Clefable|142\/394|[from] item: Leftovers
|turn|50
|
|move|p1a: Clefable|Moonlight|p1a: Clefable
|-heal|p1a: Clefable|339\/394
|move|p2a: Breloom|Bullet Seed|p1a: Clefable
|-crit|p1a: Clefable
|-damage|p1a: Clefable|254\/394
|-damage|p1a: Clefable|199\/394
|-damage|p1a: Clefable|141\/394
|-hitcount|p1a: Clefable|3
|
|-heal|p1a: Clefable|165\/394|[from] item: Leftovers
|turn|51
|
|move|p1a: Clefable|Moonblast|p2a: Breloom
|-supereffective|p2a: Breloom
|-damage|p2a: Breloom|0 fnt
|faint|p2a: Breloom
|
|-heal|p1a: Clefable|189\/394|[from] item: Leftovers
|
|switch|p2a: Forretress|Forretress, M, shiny|308\/354
|-damage|p2a: Forretress|264\/354|[from] Stealth Rock
|turn|52
|
|switch|p1a: Chansey|Chansey, F|568\/704
|-damage|p1a: Chansey|480\/704|[from] Stealth Rock
|move|p2a: Forretress|Gyro Ball|p1a: Chansey
|-damage|p1a: Chansey|413\/704
|
|turn|53
|
|move|p1a: Chansey|Aromatherapy|p1a: Chansey
|-cureteam|p1a: Chansey|[from] move: Aromatherapy
|move|p2a: Forretress|Rapid Spin|p1a: Chansey
|-damage|p1a: Chansey|393\/704
|-sideend|p2: Marcos00002|Stealth Rock|[from] move: Rapid Spin|[of] p2a: Forretress
|
|turn|54
|
|move|p1a: Chansey|Soft-Boiled|p1a: Chansey
|-heal|p1a: Chansey|704\/704
|move|p2a: Forretress|Volt Switch|p1a: Chansey
|-damage|p1a: Chansey|680\/704
|
|switch|p2a: Gliscor|Gliscor, M|354\/354 tox
|
|turn|55
|
|switch|p2a: Charizard|Charizard-Mega-Y, M|234\/298
|-weather|SunnyDay
|switch|p1a: Gliscor|Gliscor, M|354\/354
|-damage|p1a: Gliscor|310\/354|[from] Stealth Rock
|
|-weather|SunnyDay|[upkeep]
|turn|56
|
|switch|p2a: Forretress|Forretress, M, shiny|264\/354
|switch|p1a: Chansey|Chansey, F|680\/704
|-damage|p1a: Chansey|592\/704|[from] Stealth Rock
|
|-weather|SunnyDay|[upkeep]
|turn|57
|
|move|p1a: Chansey|Stealth Rock|p2a: Forretress
|-sidestart|p2: Marcos00002|move: Stealth Rock
|move|p2a: Forretress|Volt Switch|p1a: Chansey
|-damage|p1a: Chansey|569\/704
|
|switch|p2a: Chansey|Chansey, F|704\/704
|-damage|p2a: Chansey|616\/704|[from] Stealth Rock
|
|-weather|SunnyDay|[upkeep]
|turn|58
|
|switch|p1a: Gliscor|Gliscor, M|310\/354
|-damage|p1a: Gliscor|266\/354|[from] Stealth Rock
|move|p2a: Chansey|Wish|p2a: Chansey
|
|-weather|SunnyDay|[upkeep]
|turn|59
|
|switch|p2a: Forretress|Forretress, M, shiny|264\/354
|-damage|p2a: Forretress|220\/354|[from] Stealth Rock
|move|p1a: Gliscor|Knock Off|p2a: Forretress
|-crit|p2a: Forretress
|-damage|p2a: Forretress|175\/354
|
|-weather|none
|-heal|p2a: Forretress|354\/354|[from] move: Wish|[wisher] Chansey
|turn|60
|
|move|p1a: Gliscor|Earthquake|p2a: Forretress
|-damage|p2a: Forretress|285\/354
|move|p2a: Forretress|Rapid Spin|p1a: Gliscor
|-damage|p1a: Gliscor|254\/354
|-sideend|p2: Marcos00002|Stealth Rock|[from] move: Rapid Spin|[of] p2a: Forretress
|
|turn|61
|
|switch|p1a: Chansey|Chansey, F|569\/704
|-damage|p1a: Chansey|481\/704|[from] Stealth Rock
|switch|p2a: Charizard|Charizard-Mega-Y, M|234\/298
|-weather|SunnyDay
|
|-weather|SunnyDay|[upkeep]
|turn|62
|
|switch|p2a: Gliscor|Gliscor, M|354\/354 tox
|move|p1a: Chansey|Soft-Boiled|p1a: Chansey
|-heal|p1a: Chansey|704\/704
|
|-weather|SunnyDay|[upkeep]
|turn|63
|
|switch|p1a: Gliscor|Gliscor, M|254\/354
|-damage|p1a: Gliscor|210\/354|[from] Stealth Rock
|move|p2a: Gliscor|Knock Off|p1a: Gliscor
|-damage|p1a: Gliscor|173\/354
|
|-weather|SunnyDay|[upkeep]
|turn|64
|
|move|p2a: Gliscor|Knock Off|p1a: Gliscor
|-damage|p1a: Gliscor|137\/354
|move|p1a: Gliscor|Roost|p1a: Gliscor
|-heal|p1a: Gliscor|314\/354
|
|-weather|SunnyDay|[upkeep]
|turn|65
|
|switch|p2a: Forretress|Forretress, M, shiny|285\/354
|move|p1a: Gliscor|Taunt|p2a: Forretress
|-start|p2a: Forretress|move: Taunt
|
|-weather|none
|turn|66
|join|DelibirdKL
|
|switch|p1a: Chansey|Chansey, F|704\/704
|-damage|p1a: Chansey|616\/704|[from] Stealth Rock
|move|p2a: Forretress|Gyro Ball|p1a: Chansey
|-damage|p1a: Chansey|555\/704
|
|turn|67
|
|move|p1a: Chansey|Seismic Toss|p2a: Forretress
|-damage|p2a: Forretress|185\/354
|move|p2a: Forretress|Volt Switch|p1a: Chansey
|-crit|p1a: Chansey
|-damage|p1a: Chansey|522\/704
|join|Taskmasteer
|
|switch|p2a: Gliscor|Gliscor, M|354\/354 tox
|
|turn|68
|join|Miketw
|join|Block301
|
|switch|p1a: Gliscor|Gliscor, M|314\/354
|-damage|p1a: Gliscor|270\/354|[from] Stealth Rock
|move|p2a: Gliscor|Knock Off|p1a: Gliscor
|-damage|p1a: Gliscor|235\/354
|
|turn|69
|
|move|p2a: Gliscor|Substitute|p2a: Gliscor
|-start|p2a: Gliscor|Substitute
|-damage|p2a: Gliscor|266\/354 tox
|move|p1a: Gliscor|Knock Off|p2a: Gliscor
|-activate|p2a: Gliscor|Substitute|[damage]
|
|-heal|p2a: Gliscor|310\/354 tox|[from] ability: Poison Heal
|turn|70
|
|move|p2a: Gliscor|Knock Off|p1a: Gliscor
|-damage|p1a: Gliscor|196\/354
|move|p1a: Gliscor|Taunt|p2a: Gliscor
|-start|p2a: Gliscor|move: Taunt
|
|-heal|p2a: Gliscor|354\/354 tox|[from] ability: Poison Heal
|turn|71
|c| Miketw|CadÃª Toxic Orb do outro Gliscor ?
|join|Shadow Samurai69
|
|move|p2a: Gliscor|Knock Off|p1a: Gliscor
|-damage|p1a: Gliscor|163\/354
|move|p1a: Gliscor|Knock Off|p2a: Gliscor
|-end|p2a: Gliscor|Substitute
|
|turn|72
|c|âMarcos00002|!dt Knock Off
|c|~|\/data-move Knock Off
|raw|<font size="1"><font color=#585858>Priority:<\/font> 0&nbsp;|&ThickSpace;<font color=#585858><font color=black>&#10003; Contact<\/font><\/font>&nbsp;|&ThickSpace;<font color=#585858><font color=black>&#10003; Blocked by Protect<\/font><\/font>&nbsp;|&ThickSpace;<font color=#585858>Target:<\/font> One Adjacent Pokemon<\/font>
|c|âMarcos00002|isso mato
|
|switch|p2a: Charizard|Charizard-Mega-Y, M|234\/298
|-weather|SunnyDay
|move|p1a: Gliscor|Roost|p1a: Gliscor
|-heal|p1a: Gliscor|340\/354
|
|-weather|SunnyDay|[upkeep]
|turn|73
|c| DelibirdKL|Ã© hyper cuter
|join|TMasterPu
|c| DelibirdKL|-q
|
|switch|p1a: Slowbro|Slowbro, M|295\/394
|-damage|p1a: Slowbro|246\/394|[from] Stealth Rock
|move|p2a: Charizard|Fire Blast|p1a: Slowbro
|-resisted|p1a: Slowbro
|-damage|p1a: Slowbro|32\/394
|
|-weather|SunnyDay|[upkeep]
|-heal|p1a: Slowbro|56\/394|[from] item: Leftovers
|turn|74
|c| Taskmasteer|marcos precisa de algo com taunt :x
|c| Miketw|UI
|c|âMarcos00002|vdd
|
|switch|p1a: Clefable|Clefable, M|189\/394
|-damage|p1a: Clefable|140\/394|[from] Stealth Rock
|move|p2a: Charizard|Solar Beam|p1a: Clefable|[still]
|-prepare|p2a: Charizard|Solar Beam|p1a: Clefable
|-anim|p2a: Charizard|Solar Beam|p1a: Clefable
|-damage|p1a: Clefable|0 fnt
|faint|p1a: Clefable
|
|-weather|SunnyDay|[upkeep]
|c|âMarcos00002|eba
|c| Taskmasteer|uÃ©
|
|switch|p1a: Chansey|Chansey, F|522\/704
|-damage|p1a: Chansey|434\/704|[from] Stealth Rock
|turn|75
|c| Miketw|HUEHUEUHEUHE
|c| Miketw|LOVE CHANSEY
|
|move|p2a: Charizard|Air Slash|p1a: Chansey
|-damage|p1a: Chansey|329\/704
|move|p1a: Chansey|Soft-Boiled|p1a: Chansey
|-heal|p1a: Chansey|681\/704
|
|-weather|SunnyDay|[upkeep]
|turn|76
|c|âMarcos00002|sdds flinch
|c| Miketw|Que diliÃ§a
|leave|DelibirdKL
|
|switch|p2a: Forretress|Forretress, M, shiny|185\/354
|move|p1a: Chansey|Seismic Toss|p2a: Forretress
|-damage|p2a: Forretress|85\/354
|
|-weather|none
|turn|77
|
|switch|p2a: Chansey|Chansey, F|616\/704
|move|p1a: Chansey|Seismic Toss|p2a: Chansey
|-damage|p2a: Chansey|516\/704
|
|turn|78
|c| Miketw|Mais u ewe
|c| Miketw|vesh
|
|move|p2a: Chansey|Toxic|p1a: Chansey
|-status|p1a: Chansey|tox
|move|p1a: Chansey|Stealth Rock|p2a: Chansey
|-sidestart|p2: Marcos00002|move: Stealth Rock
|
|-damage|p1a: Chansey|637\/704 tox|[from] psn
|turn|79
|
|move|p1a: Chansey|Aromatherapy|p1a: Chansey
|-cureteam|p1a: Chansey|[from] move: Aromatherapy
|move|p2a: Chansey|Wish|p2a: Chansey
|
|turn|80
|
|move|p2a: Chansey|Protect|p2a: Chansey
|-singleturn|p2a: Chansey|Protect
|move|p1a: Chansey|Seismic Toss|p2a: Chansey
|-activate|p2a: Chansey|Protect
|
|-heal|p2a: Chansey|704\/704|[from] move: Wish|[wisher] Chansey
|turn|81
|c| Miketw|Lizard ou Foretress ?
|
|switch|p1a: Gliscor|Gliscor, M|340\/354
|-damage|p1a: Gliscor|296\/354|[from] Stealth Rock
|move|p2a: Chansey|Wish|p2a: Chansey
|
|turn|82
|leave|Taskmasteer
|leave|DrinkWaterPT
|
|switch|p2a: Charizard|Charizard-Mega-Y, M|234\/298
|-damage|p2a: Charizard|85\/298|[from] Stealth Rock
|-weather|SunnyDay
|move|p1a: Gliscor|Earthquake|p2a: Charizard
|-immune|p2a: Charizard|[msg]
|
|-weather|SunnyDay|[upkeep]
|-heal|p2a: Charizard|298\/298|[from] move: Wish|[wisher] Chansey
|turn|83
|c| Miketw|lol
|c| Miketw|Obvio
|leave|Miketw
|
|switch|p1a: Chansey|Chansey, F|637\/704
|-damage|p1a: Chansey|549\/704|[from] Stealth Rock
|move|p2a: Charizard|Fire Blast|p1a: Chansey
|-damage|p1a: Chansey|330\/704
|-status|p1a: Chansey|brn
|
|-weather|SunnyDay|[upkeep]
|-damage|p1a: Chansey|242\/704 brn|[from] brn
|turn|84
|join|B470-Killer
|join|Miketw
|
|move|p2a: Charizard|Fire Blast|p1a: Chansey
|-damage|p1a: Chansey|16\/704 brn
|move|p1a: Chansey|Soft-Boiled|p1a: Chansey
|-heal|p1a: Chansey|368\/704 brn
|
|-weather|SunnyDay|[upkeep]
|-damage|p1a: Chansey|280\/704 brn|[from] brn
|turn|85
|c|âMarcos00002|tÃ£o perto....
|join|DrinkWaterPT
|
|switch|p2a: Gliscor|Gliscor, M|354\/354 tox
|-damage|p2a: Gliscor|310\/354 tox|[from] Stealth Rock
|move|p1a: Chansey|Soft-Boiled|p1a: Chansey
|-heal|p1a: Chansey|632\/704 brn
|
|-weather|SunnyDay|[upkeep]
|-heal|p2a: Gliscor|354\/354 tox|[from] ability: Poison Heal
|-damage|p1a: Chansey|544\/704 brn|[from] brn
|turn|86
|leave|Block301
|
|switch|p1a: Slowbro|Slowbro, M|187\/394
|-damage|p1a: Slowbro|138\/394|[from] Stealth Rock
|move|p2a: Gliscor|Knock Off|p1a: Slowbro
|-supereffective|p1a: Slowbro
|-damage|p1a: Slowbro|34\/394
|-enditem|p1a: Slowbro|Leftovers|[from] move: Knock Off|[of] p2a: Gliscor
|
|-weather|none
|turn|87
|leave|xInsrew
|c| Miketw|Quando tiver Mega Blissey com Magic Guard
|
|switch|p1a: Gliscor|Gliscor, M|296\/354
|-damage|p1a: Gliscor|252\/354|[from] Stealth Rock
|move|p2a: Gliscor|Knock Off|p1a: Gliscor
|-damage|p1a: Gliscor|213\/354
|
|turn|88
|c| Miketw|:v Vai pra Ubers
|c|âMarcos00002|provavelmente
|join|PaulinhoDez
|
|move|p2a: Gliscor|Substitute|p2a: Gliscor
|-start|p2a: Gliscor|Substitute
|-damage|p2a: Gliscor|266\/354 tox
|move|p1a: Gliscor|Taunt|p2a: Gliscor
|-start|p2a: Gliscor|move: Taunt
|
|-heal|p2a: Gliscor|310\/354 tox|[from] ability: Poison Heal
|turn|89
|
|move|p2a: Gliscor|Knock Off|p1a: Gliscor
|-damage|p1a: Gliscor|179\/354
|move|p1a: Gliscor|Knock Off|p2a: Gliscor
|-activate|p2a: Gliscor|Substitute|[damage]
|
|-heal|p2a: Gliscor|354\/354 tox|[from] ability: Poison Heal
|turn|90
|join|AnyUber
|c| AnyUber|Mike
|leave|dark_knight1021
|join|dark_knight1021
|
|switch|p2a: Charizard|Charizard-Mega-Y, M|298\/298
|-damage|p2a: Charizard|149\/298|[from] Stealth Rock
|-weather|SunnyDay
|move|p1a: Gliscor|Roost|p1a: Gliscor
|-heal|p1a: Gliscor|354\/354
|
|-weather|SunnyDay|[upkeep]
|turn|91
|c| Miketw|Fala
|c| AnyUber|acho que nem pra ubers vai
|c| Miketw|AG
|c| AnyUber|sÃ³ vai poder usar
|c| AnyUber|em AG
|join|Osmarico
|c| AnyUber|UHEUHEHU
|c| Miketw|Vdd
|
|switch|p1a: Chansey|Chansey, F|544\/704
|-damage|p1a: Chansey|456\/704|[from] Stealth Rock
|move|p2a: Charizard|Roost|p2a: Charizard
|-heal|p2a: Charizard|298\/298
|
|-weather|SunnyDay|[upkeep]
|turn|92
|c|âMarcos00002|~~ou mais~~
|c| AnyUber|e vai dar overused
|c| AnyUber|daqui a pouco
|
|move|p2a: Charizard|Air Slash|p1a: Chansey
|-damage|p1a: Chansey|351\/704
|move|p1a: Chansey|Soft-Boiled|p1a: Chansey
|-heal|p1a: Chansey|703\/704
|
|-weather|SunnyDay|[upkeep]
|turn|93
|c| AnyUber|ta OU em suspect
|c| AnyUber|pro ZARD Y
|
|switch|p2a: Chansey|Chansey, F|704\/704
|-damage|p2a: Chansey|616\/704|[from] Stealth Rock
|move|p1a: Chansey|Seismic Toss|p2a: Chansey
|-damage|p2a: Chansey|516\/704
|
|-weather|SunnyDay|[upkeep]
|turn|94
|c| AnyUber|e ele vai pra Y
|c|âMarcos00002|n
|c|âMarcos00002|meu zard y n pode ir
|leave|dark_knight1021
|
|switch|p1a: Gliscor|Gliscor, M|354\/354
|-damage|p1a: Gliscor|310\/354|[from] Stealth Rock
|move|p2a: Chansey|Wish|p2a: Chansey
|
|-weather|none
|turn|95
|c| AnyUber|E O GRENINJA PODE
|c| AnyUber|?
|c|âMarcos00002|pode
|c|âMarcos00002|e merese
|c| AnyUber|meu sapo
|c| AnyUber|nau pode
|c| AnyUber|:c
|
|move|p2a: Chansey|Protect|p2a: Chansey
|-singleturn|p2a: Chansey|Protect
|move|p1a: Gliscor|Knock Off|p2a: Chansey
|-activate|p2a: Chansey|Protect
|
|-heal|p2a: Chansey|704\/704|[from] move: Wish|[wisher] Chansey
|turn|96
|c| AnyUber|algel
|c| B470-Killer|angels cry esse time vc pegou da dayanne nÃ£o foi?
|
|switch|p2a: Gliscor|Gliscor, M|354\/354 tox
|-damage|p2a: Gliscor|310\/354 tox|[from] Stealth Rock
|move|p1a: Gliscor|Taunt|p2a: Gliscor
|-start|p2a: Gliscor|move: Taunt
|
|-heal|p2a: Gliscor|354\/354 tox|[from] ability: Poison Heal
|turn|97
|c| B470-Killer|sauihsa
|c| AnyUber|tirou a orb do gliscor dele
|c| AnyUber|?
|c| B470-Killer|copiou pelos replays
|c| AnyUber|angel*
|c| B470-Killer|:v
|c| AnyUber|UEUHEH
|c|âAngels cry|sim
|c| AnyUber|o seu Ã© poison heal
|c| AnyUber|?
|
|move|p2a: Gliscor|Knock Off|p1a: Gliscor
|-damage|p1a: Gliscor|275\/354
|move|p1a: Gliscor|Knock Off|p2a: Gliscor
|-damage|p2a: Gliscor|305\/354 tox
|-enditem|p2a: Gliscor|Toxic Orb|[from] move: Knock Off|[of] p1a: Gliscor
|
|-heal|p2a: Gliscor|349\/354 tox|[from] ability: Poison Heal
|turn|98
|join|xInsrew
|c| B470-Killer|nÃ£o Ã© acrobatics
|c| B470-Killer|^^"
|c| B470-Killer|shauihsah
|c|âMarcos00002|'-'
|
|switch|p2a: Charizard|Charizard-Mega-Y, M|298\/298
|-damage|p2a: Charizard|149\/298|[from] Stealth Rock
|-weather|SunnyDay
|move|p1a: Gliscor|Knock Off|p2a: Charizard
|-damage|p2a: Charizard|91\/298
|
|-weather|SunnyDay|[upkeep]
|turn|99
|c| B470-Killer|claro q Ã© ph mano, vc nÃ£o viu os moves em 98 turnos?
|c| B470-Killer|ta doido viu
|c| B470-Killer|u.u
|
|move|p2a: Charizard|Solar Beam|p1a: Gliscor|[still]
|-prepare|p2a: Charizard|Solar Beam|p1a: Gliscor
|-anim|p2a: Charizard|Solar Beam|p1a: Gliscor
|-damage|p1a: Gliscor|102\/354
|move|p1a: Gliscor|Earthquake|p2a: Charizard
|-immune|p2a: Charizard|[msg]
|
|-weather|SunnyDay|[upkeep]
|turn|100
|c| xInsrew|rip predicts
|join|dark_knight1021
|c|âAngels cry|but fail
|c| AnyUber|algel
|
|switch|p1a: Chansey|Chansey, F|703\/704
|-damage|p1a: Chansey|615\/704|[from] Stealth Rock
|move|p2a: Charizard|Solar Beam|p1a: Chansey|[still]
|-prepare|p2a: Charizard|Solar Beam|p1a: Chansey
|-anim|p2a: Charizard|Solar Beam|p1a: Chansey
|-damage|p1a: Chansey|506\/704
|
|-weather|SunnyDay|[upkeep]
|turn|101
|c| AnyUber|sÃ© burro cara
|join|vermelhin
|c| AnyUber|ANGEL*
|join|ugwu
|c| AnyUber|PORRA MOUSE
|c| AnyUber|:c
|
|move|p2a: Charizard|Roost|p2a: Charizard
|-heal|p2a: Charizard|240\/298
|move|p1a: Chansey|Seismic Toss|p2a: Charizard
|-damage|p2a: Charizard|140\/298
|
|-weather|SunnyDay|[upkeep]
|turn|102
|c|âMarcos00002|mate
|leave|dark_knight1021
|
|move|p2a: Charizard|Roost|p2a: Charizard
|-heal|p2a: Charizard|289\/298
|move|p1a: Chansey|Soft-Boiled|p1a: Chansey
|-heal|p1a: Chansey|704\/704
|
|-weather|none
|turn|103
|c| AnyUber|Tox ou T wave
|c| AnyUber|?
|
|switch|p2a: Chansey|Chansey, F|704\/704
|-damage|p2a: Chansey|616\/704|[from] Stealth Rock
|move|p1a: Chansey|Seismic Toss|p2a: Chansey
|-damage|p2a: Chansey|516\/704
|
|turn|104
|c| AnyUber|uÃ©
|c| AnyUber|1-1
|leave|Dead0ne
|
|switch|p1a: Gliscor|Gliscor, M|102\/354
|-damage|p1a: Gliscor|58\/354|[from] Stealth Rock
|move|p2a: Chansey|Seismic Toss|p1a: Gliscor
|-damage|p1a: Gliscor|0 fnt
|faint|p1a: Gliscor
|
|c|âMarcos00002|sabia
|c|âMarcos00002|'-'
|c|âAngels cry|miss click
|c|âMarcos00002|sei
|
|switch|p1a: Slowbro|Slowbro, M|165\/394
|-damage|p1a: Slowbro|116\/394|[from] Stealth Rock
|turn|105
|c|âAngels cry|no po tem como voltar
|
|move|p2a: Chansey|Toxic|p1a: Slowbro
|-status|p1a: Slowbro|tox
|move|p1a: Slowbro|Slack Off|p1a: Slowbro
|-heal|p1a: Slowbro|313\/394 tox
|
|-damage|p1a: Slowbro|289\/394 tox|[from] psn
|turn|106
|
|move|p2a: Chansey|Wish|p2a: Chansey
|move|p1a: Slowbro|Scald|p2a: Chansey
|-damage|p2a: Chansey|456\/704
|
|-damage|p1a: Slowbro|241\/394 tox|[from] psn
|turn|107
|leave|vermelhin
|c|âMarcos00002|germinha: esperando hÃ¡ uma semana... mas estou
|c|âMarcos00002|pena
|
|move|p2a: Chansey|Seismic Toss|p1a: Slowbro
|-damage|p1a: Slowbro|141\/394 tox
|move|p1a: Slowbro|Scald|p2a: Chansey
|-damage|p2a: Chansey|401\/704
|-status|p2a: Chansey|brn
|
|-heal|p2a: Chansey|704\/704 brn|[from] move: Wish|[wisher] Chansey
|-damage|p2a: Chansey|616\/704 brn|[from] brn
|-damage|p1a: Slowbro|69\/394 tox|[from] psn
|turn|108
|join|Taskmasteer
|
|switch|p1a: Zapdos|Zapdos|288\/384
|-damage|p1a: Zapdos|192\/384|[from] Stealth Rock
|-ability|p1a: Zapdos|Pressure
|move|p2a: Chansey|Wish|p2a: Chansey
|
|-heal|p1a: Zapdos|216\/384|[from] item: Leftovers
|-damage|p2a: Chansey|528\/704 brn|[from] brn
|turn|109
|c| DAKIK|just quit angel you cant win
|
|move|p1a: Zapdos|Roost|p1a: Zapdos
|-heal|p1a: Zapdos|384\/384
|move|p2a: Chansey|Toxic|p1a: Zapdos
|-status|p1a: Zapdos|tox
|
|-heal|p2a: Chansey|704\/704 brn|[from] move: Wish|[wisher] Chansey
|-damage|p1a: Zapdos|360\/384 tox|[from] psn
|-damage|p2a: Chansey|616\/704 brn|[from] brn
|turn|110
|c| Miketw|Marcos win
|c|âMarcos00002|chansey wins
|
|switch|p1a: Chansey|Chansey, F|704\/704
|-damage|p1a: Chansey|616\/704|[from] Stealth Rock
|move|p2a: Chansey|Wish|p2a: Chansey
|
|-damage|p2a: Chansey|528\/704 brn|[from] brn
|turn|111
|leave|Miketw
|
|switch|p2a: Gliscor|Gliscor, M|349\/354 tox
|-damage|p2a: Gliscor|305\/354 tox|[from] Stealth Rock
|move|p1a: Chansey|Aromatherapy|p1a: Chansey
|-cureteam|p1a: Chansey|[from] move: Aromatherapy
|
|-heal|p2a: Gliscor|354\/354 tox|[from] move: Wish|[wisher] Chansey
|turn|112
|c|âAngels cry|gg
|leave|Angels cry
|c|âMarcos00002|...
|player|p1
|leave|Arnette
|leave|KittlerPT
|join|KittlerPT
|leave|PaulinhoDez
|leave|Kurt_NI
|leave|pelezinho mt doido
|leave|B470-Killer
|join|kizaruborsalino
|leave|kizaruborsalino
|leave|Shadow Samurai69
|-message|Player 1 lost due to inactivity.
|leave|Phil the Faule
|
|win|Marcos00002
|leave|Marcos00002
|leave|Shakamon
|leave|KittlerPT
|leave|Taskmasteer
|player|p2
|leave|vangolax
|leave|ugwu
|leave|xInsrew