|join|redemption arisen
|join|Angels cry
|player|p1|redemption arisen|65
|player|p2|Angels cry|168
|gametype|singles
|gen|6
|tier|OU (suspect test)
|rated
|clearpoke
|poke|p1|Sableye, M
|poke|p1|Excadrill, M
|poke|p1|Manaphy
|poke|p1|Gliscor, F
|poke|p1|Talonflame, F
|poke|p1|Clefable, M
|poke|p2|Gothitelle, M
|poke|p2|Alomomola, F
|poke|p2|Chansey, F
|poke|p2|Cresselia, F
|poke|p2|Zapdos
|poke|p2|Scizor, M
|rule|Swagger Clause: Swagger is banned
|rule|Baton Pass Clause: Limit one PokÃ©mon knowing Baton Pass
|rule|Sleep Clause Mod: Limit one foe put to sleep
|rule|Species Clause: Limit one of each PokÃ©mon
|rule|OHKO Clause: OHKO moves are banned
|rule|Moody Clause: Moody is banned
|rule|Evasion Moves Clause: Evasion moves are banned
|rule|Endless Battle Clause: Forcing endless battles is banned
|rule|HP Percentage Mod: HP is shown in percentages
|teampreview
|
|start
|switch|p1a: Sableye|Sableye, M|303\/303
|switch|p2a: Alomomola|Alomomola, F|497\/497
|turn|1
|
|switch|p1a: Clefable|Clefable, M|393\/393
|move|p2a: Alomomola|Scald|p1a: Clefable
|-damage|p1a: Clefable|338\/393
|
|-heal|p1a: Clefable|362\/393|[from] item: Leftovers
|turn|2
|
|switch|p1a: Manaphy|Manaphy|401\/401
|move|p2a: Alomomola|Toxic|p1a: Manaphy
|-status|p1a: Manaphy|tox
|
|-damage|p1a: Manaphy|376\/401 tox|[from] psn
|turn|3
|
|switch|p2a: Zapdos|Zapdos|384\/384
|-ability|p2a: Zapdos|Pressure
|move|p1a: Manaphy|Scald|p2a: Zapdos
|-damage|p2a: Zapdos|282\/384
|
|-heal|p2a: Zapdos|306\/384|[from] item: Leftovers
|-damage|p1a: Manaphy|326\/401 tox|[from] psn
|turn|4
|
|switch|p1a: Gliscor|Gliscor, F|353\/353
|move|p2a: Zapdos|Volt Switch|p1a: Gliscor
|-immune|p1a: Gliscor|[msg]
|
|-heal|p2a: Zapdos|330\/384|[from] item: Leftovers
|-status|p1a: Gliscor|tox|[from] item: Toxic Orb
|turn|5
|
|switch|p2a: Scizor|Scizor, M|281\/281
|move|p1a: Gliscor|Toxic|p2a: Scizor|[miss]
|-miss|p1a: Gliscor|p2a: Scizor
|
|turn|6
|
|detailschange|p2a: Scizor|Scizor-Mega, M
|-mega|p2a: Scizor|Scizor|Scizorite
|move|p2a: Scizor|Bullet Punch|p1a: Gliscor
|-damage|p1a: Gliscor|268\/353 tox
|move|p1a: Gliscor|Stealth Rock|p2a: Scizor
|-sidestart|p2: Angels cry|move: Stealth Rock
|
|-heal|p1a: Gliscor|312\/353 tox|[from] ability: Poison Heal
|turn|7
|
|switch|p1a: Talonflame|Talonflame, F|345\/345
|move|p2a: Scizor|Bullet Punch|p1a: Talonflame
|-crit|p1a: Talonflame
|-resisted|p1a: Talonflame
|-damage|p1a: Talonflame|222\/345
|
|-heal|p1a: Talonflame|243\/345|[from] item: Leftovers
|turn|8
|
|switch|p2a: Alomomola|Alomomola, F|497\/497
|-damage|p2a: Alomomola|435\/497|[from] Stealth Rock
|move|p1a: Talonflame|Will-O-Wisp|p2a: Alomomola
|-status|p2a: Alomomola|brn
|
|-heal|p1a: Talonflame|264\/345|[from] item: Leftovers
|-heal|p2a: Alomomola|466\/497 brn|[from] item: Leftovers
|-damage|p2a: Alomomola|404\/497 brn|[from] brn
|turn|9
|
|move|p1a: Talonflame|Taunt|p2a: Alomomola
|-start|p2a: Alomomola|move: Taunt
|cant|p2a: Alomomola|move: Taunt|Wish
|
|-heal|p1a: Talonflame|285\/345|[from] item: Leftovers
|-heal|p2a: Alomomola|435\/497 brn|[from] item: Leftovers
|-damage|p2a: Alomomola|373\/497 brn|[from] brn
|turn|10
|
|move|p1a: Talonflame|Brave Bird|p2a: Alomomola
|-damage|p2a: Alomomola|222\/497 brn
|-damage|p1a: Talonflame|235\/345|[from] recoil|[of] p2a: Alomomola
|move|p2a: Alomomola|Scald|p1a: Talonflame
|-supereffective|p1a: Talonflame
|-damage|p1a: Talonflame|115\/345
|
|-heal|p1a: Talonflame|136\/345|[from] item: Leftovers
|-heal|p2a: Alomomola|253\/497 brn|[from] item: Leftovers
|-damage|p2a: Alomomola|191\/497 brn|[from] brn
|turn|11
|
|switch|p2a: Zapdos|Zapdos|330\/384
|-damage|p2a: Zapdos|234\/384|[from] Stealth Rock
|-ability|p2a: Zapdos|Pressure
|move|p1a: Talonflame|Roost|p1a: Talonflame
|-heal|p1a: Talonflame|309\/345
|
|-heal|p1a: Talonflame|330\/345|[from] item: Leftovers
|-heal|p2a: Zapdos|258\/384|[from] item: Leftovers
|turn|12
|
|switch|p1a: Excadrill|Excadrill, M|424\/424
|-ability|p1a: Excadrill|Mold Breaker
|move|p2a: Zapdos|Defog|p1a: Excadrill
|-unboost|p1a: Excadrill|evasion|1
|-sideend|p2: Angels cry|Stealth Rock|[from] move: Defog|[of] p2a: Zapdos
|
|-heal|p2a: Zapdos|282\/384|[from] item: Leftovers
|turn|13
|
|move|p2a: Zapdos|Heat Wave|p1a: Excadrill
|-supereffective|p1a: Excadrill
|-damage|p1a: Excadrill|256\/424
|move|p1a: Excadrill|Earthquake|p2a: Zapdos
|-immune|p2a: Zapdos|[msg]
|
|-heal|p2a: Zapdos|306\/384|[from] item: Leftovers
|-heal|p1a: Excadrill|282\/424|[from] item: Leftovers
|turn|14
|
|move|p2a: Zapdos|Heat Wave|p1a: Excadrill
|-supereffective|p1a: Excadrill
|-damage|p1a: Excadrill|108\/424
|move|p1a: Excadrill|Toxic|p2a: Zapdos
|-status|p2a: Zapdos|tox
|
|-heal|p2a: Zapdos|330\/384 tox|[from] item: Leftovers
|-heal|p1a: Excadrill|134\/424|[from] item: Leftovers
|-damage|p2a: Zapdos|306\/384 tox|[from] psn
|turn|15
|
|switch|p1a: Gliscor|Gliscor, F|312\/353 tox
|move|p2a: Zapdos|Volt Switch|p1a: Gliscor
|-immune|p1a: Gliscor|[msg]
|
|-heal|p2a: Zapdos|330\/384 tox|[from] item: Leftovers
|-damage|p2a: Zapdos|282\/384 tox|[from] psn
|-heal|p1a: Gliscor|353\/353 tox|[from] ability: Poison Heal
|turn|16
|
|switch|p2a: Gothitelle|Gothitelle, M|281\/281
|move|p1a: Gliscor|Stealth Rock|p2a: Gothitelle
|-sidestart|p2: Angels cry|move: Stealth Rock
|
|turn|17
|
|move|p1a: Gliscor|Protect|p1a: Gliscor
|-singleturn|p1a: Gliscor|Protect
|move|p2a: Gothitelle|Trick|p1a: Gliscor
|-activate|p1a: Gliscor|Protect
|
|turn|18
|
|move|p2a: Gothitelle|Trick|p1a: Gliscor
|-activate|p2a: Gothitelle|move: Trick|[of] p1a: Gliscor
|-item|p1a: Gliscor|Choice Scarf|[from] move: Trick
|-item|p2a: Gothitelle|Toxic Orb|[from] move: Trick
|move|p1a: Gliscor|Earthquake|p2a: Gothitelle
|-damage|p2a: Gothitelle|155\/281
|
|-status|p2a: Gothitelle|tox|[from] item: Toxic Orb
|turn|19
|
|switch|p2a: Zapdos|Zapdos|282\/384 tox
|-damage|p2a: Zapdos|186\/384 tox|[from] Stealth Rock
|-ability|p2a: Zapdos|Pressure
|move|p1a: Gliscor|Earthquake|p2a: Zapdos
|-immune|p2a: Zapdos|[msg]
|
|-heal|p2a: Zapdos|210\/384 tox|[from] item: Leftovers
|-damage|p2a: Zapdos|186\/384 tox|[from] psn
|turn|20
|
|switch|p1a: Excadrill|Excadrill, M|134\/424
|-ability|p1a: Excadrill|Mold Breaker
|move|p2a: Zapdos|Roost|p2a: Zapdos
|-heal|p2a: Zapdos|378\/384 tox
|
|-heal|p2a: Zapdos|384\/384 tox|[from] item: Leftovers
|-heal|p1a: Excadrill|160\/424|[from] item: Leftovers
|-damage|p2a: Zapdos|336\/384 tox|[from] psn
|turn|21
|
|move|p2a: Zapdos|Defog|p1a: Excadrill
|-unboost|p1a: Excadrill|evasion|1
|-sideend|p2: Angels cry|Stealth Rock|[from] move: Defog|[of] p2a: Zapdos
|move|p1a: Excadrill|Iron Head|p2a: Zapdos
|-resisted|p2a: Zapdos
|-damage|p2a: Zapdos|284\/384 tox
|
|-heal|p2a: Zapdos|308\/384 tox|[from] item: Leftovers
|-heal|p1a: Excadrill|186\/424|[from] item: Leftovers
|-damage|p2a: Zapdos|236\/384 tox|[from] psn
|turn|22
|
|switch|p1a: Gliscor|Gliscor, F|353\/353 tox
|move|p2a: Zapdos|Heat Wave|p1a: Gliscor
|-damage|p1a: Gliscor|232\/353 tox
|
|-heal|p2a: Zapdos|260\/384 tox|[from] item: Leftovers
|-heal|p1a: Gliscor|276\/353 tox|[from] ability: Poison Heal
|-damage|p2a: Zapdos|164\/384 tox|[from] psn
|turn|23
|
|switch|p2a: Gothitelle|Gothitelle, M|155\/281 tox
|move|p1a: Gliscor|Earthquake|p2a: Gothitelle
|-damage|p2a: Gothitelle|28\/281 tox
|
|-heal|p1a: Gliscor|320\/353 tox|[from] ability: Poison Heal
|-damage|p2a: Gothitelle|11\/281 tox|[from] psn
|turn|24
|
|switch|p2a: Zapdos|Zapdos|164\/384 tox
|-ability|p2a: Zapdos|Pressure
|move|p1a: Gliscor|Earthquake|p2a: Zapdos
|-immune|p2a: Zapdos|[msg]
|
|-heal|p2a: Zapdos|188\/384 tox|[from] item: Leftovers
|-heal|p1a: Gliscor|353\/353 tox|[from] ability: Poison Heal
|-damage|p2a: Zapdos|164\/384 tox|[from] psn
|turn|25
|
|switch|p1a: Sableye|Sableye, M|303\/303
|move|p2a: Zapdos|Roost|p2a: Zapdos
|-heal|p2a: Zapdos|356\/384 tox
|
|-heal|p2a: Zapdos|380\/384 tox|[from] item: Leftovers
|-damage|p2a: Zapdos|332\/384 tox|[from] psn
|turn|26
|
|detailschange|p1a: Sableye|Sableye-Mega, M
|-mega|p1a: Sableye|Sableye|Sablenite
|move|p2a: Zapdos|Volt Switch|p1a: Sableye
|-damage|p1a: Sableye|228\/303
|
|switch|p2a: Chansey|Chansey, F|642\/642
|move|p1a: Sableye|Knock Off|p2a: Chansey
|-damage|p2a: Chansey|503\/642
|-enditem|p2a: Chansey|Eviolite|[from] move: Knock Off|[of] p1a: Sableye
|
|turn|27
|
|switch|p1a: Excadrill|Excadrill, M|186\/424
|-ability|p1a: Excadrill|Mold Breaker
|move|p2a: Chansey|Heal Bell|p2a: Chansey
|-cureteam|p2a: Chansey|[from] move: HealBell
|
|-heal|p1a: Excadrill|212\/424|[from] item: Leftovers
|turn|28
|
|move|p1a: Excadrill|Toxic|p2a: Chansey
|-status|p2a: Chansey|tox
|move|p2a: Chansey|Soft-Boiled|p2a: Chansey
|-heal|p2a: Chansey|642\/642 tox
|
|-heal|p1a: Excadrill|238\/424|[from] item: Leftovers
|-damage|p2a: Chansey|602\/642 tox|[from] psn
|turn|29
|
|switch|p2a: Scizor|Scizor-Mega, M|281\/281
|move|p1a: Excadrill|Toxic|p2a: Scizor
|-fail|p2a: Scizor
|
|-heal|p1a: Excadrill|264\/424|[from] item: Leftovers
|turn|30
|
|switch|p1a: Talonflame|Talonflame, F|330\/345
|move|p2a: Scizor|Superpower|p1a: Talonflame
|-resisted|p1a: Talonflame
|-damage|p1a: Talonflame|218\/345
|-unboost|p2a: Scizor|atk|1
|-unboost|p2a: Scizor|def|1
|
|-heal|p1a: Talonflame|239\/345|[from] item: Leftovers
|turn|31
|
|switch|p2a: Alomomola|Alomomola, F|356\/497
|move|p1a: Talonflame|Will-O-Wisp|p2a: Alomomola|[miss]
|-miss|p1a: Talonflame|p2a: Alomomola
|
|-heal|p1a: Talonflame|260\/345|[from] item: Leftovers
|-heal|p2a: Alomomola|387\/497|[from] item: Leftovers
|turn|32
|
|move|p1a: Talonflame|Will-O-Wisp|p2a: Alomomola
|-status|p2a: Alomomola|brn
|move|p2a: Alomomola|Scald|p1a: Talonflame
|-supereffective|p1a: Talonflame
|-damage|p1a: Talonflame|140\/345
|
|-heal|p1a: Talonflame|161\/345|[from] item: Leftovers
|-heal|p2a: Alomomola|418\/497 brn|[from] item: Leftovers
|-damage|p2a: Alomomola|356\/497 brn|[from] brn
|turn|33
|
|move|p1a: Talonflame|Taunt|p2a: Alomomola
|-start|p2a: Alomomola|move: Taunt
|cant|p2a: Alomomola|move: Taunt|Toxic
|
|-heal|p1a: Talonflame|182\/345|[from] item: Leftovers
|-heal|p2a: Alomomola|387\/497 brn|[from] item: Leftovers
|-damage|p2a: Alomomola|325\/497 brn|[from] brn
|turn|34
|
|switch|p2a: Zapdos|Zapdos|332\/384
|-ability|p2a: Zapdos|Pressure
|move|p1a: Talonflame|Roost|p1a: Talonflame
|-heal|p1a: Talonflame|345\/345
|
|-heal|p2a: Zapdos|356\/384|[from] item: Leftovers
|turn|35
|
|switch|p1a: Clefable|Clefable, M|362\/393
|move|p2a: Zapdos|Heat Wave|p1a: Clefable
|-miss|p2a: Zapdos|p1a: Clefable
|
|-heal|p2a: Zapdos|380\/384|[from] item: Leftovers
|-heal|p1a: Clefable|386\/393|[from] item: Leftovers
|turn|36
|
|move|p2a: Zapdos|Volt Switch|p1a: Clefable
|-damage|p1a: Clefable|269\/393
|
|switch|p2a: Cresselia|Cresselia, F|444\/444
|move|p1a: Clefable|Calm Mind|p1a: Clefable
|-boost|p1a: Clefable|spa|1
|-boost|p1a: Clefable|spd|1
|
|-heal|p1a: Clefable|293\/393|[from] item: Leftovers
|turn|37
|
|move|p2a: Cresselia|Skill Swap|p1a: Clefable
|-activate|p2a: Cresselia|move: Skill Swap|Magic Guard|Levitate|[of] p1a: Clefable
|move|p1a: Clefable|Moonblast|p2a: Cresselia
|-damage|p2a: Cresselia|311\/444
|-unboost|p2a: Cresselia|spa|1
|
|-heal|p2a: Cresselia|338\/444|[from] item: Leftovers
|-heal|p1a: Clefable|317\/393|[from] item: Leftovers
|turn|38
|
|switch|p1a: Sableye|Sableye-Mega, M|228\/303
|move|p2a: Cresselia|Psyshock|p1a: Sableye
|-immune|p1a: Sableye|[msg]
|
|-heal|p2a: Cresselia|365\/444|[from] item: Leftovers
|turn|39
|
|switch|p2a: Chansey|Chansey, F|602\/642
|switch|p1a: Talonflame|Talonflame, F|345\/345
|
|turn|40
|
|switch|p2a: Zapdos|Zapdos|380\/384
|-ability|p2a: Zapdos|Pressure
|move|p1a: Talonflame|Taunt|p2a: Zapdos
|-start|p2a: Zapdos|move: Taunt
|
|-heal|p2a: Zapdos|384\/384|[from] item: Leftovers
|turn|41
|
|move|p1a: Talonflame|Will-O-Wisp|p2a: Zapdos
|-status|p2a: Zapdos|brn
|move|p2a: Zapdos|Heat Wave|p1a: Talonflame
|-resisted|p1a: Talonflame
|-damage|p1a: Talonflame|279\/345
|
|-heal|p1a: Talonflame|300\/345|[from] item: Leftovers
|-damage|p2a: Zapdos|336\/384 brn|[from] brn
|turn|42
|
|switch|p1a: Gliscor|Gliscor, F|353\/353 tox
|move|p2a: Zapdos|Volt Switch|p1a: Gliscor
|-immune|p1a: Gliscor|[msg]
|
|-heal|p2a: Zapdos|360\/384 brn|[from] item: Leftovers
|-damage|p2a: Zapdos|312\/384 brn|[from] brn
|turn|43
|
|switch|p2a: Gothitelle|Gothitelle, M|11\/281
|move|p1a: Gliscor|Earthquake|p2a: Gothitelle
|-damage|p2a: Gothitelle|0 fnt
|faint|p2a: Gothitelle
|
|c|âredemption arisen|gg
|
|switch|p2a: Chansey|Chansey, F|602\/642
|turn|44
|
|move|p1a: Gliscor|Earthquake|p2a: Chansey
|-damage|p2a: Chansey|392\/642
|move|p2a: Chansey|Heal Bell|p2a: Chansey
|-cureteam|p2a: Chansey|[from] move: HealBell
|
|turn|45
|
|switch|p1a: Excadrill|Excadrill, M|264\/424
|-ability|p1a: Excadrill|Mold Breaker
|move|p2a: Chansey|Soft-Boiled|p2a: Chansey
|-heal|p2a: Chansey|642\/642
|
|-heal|p1a: Excadrill|290\/424|[from] item: Leftovers
|turn|46
|
|move|p1a: Excadrill|Toxic|p2a: Chansey
|-status|p2a: Chansey|tox
|move|p2a: Chansey|Seismic Toss|p1a: Excadrill
|-damage|p1a: Excadrill|190\/424
|
|-heal|p1a: Excadrill|216\/424|[from] item: Leftovers
|-damage|p2a: Chansey|602\/642 tox|[from] psn
|turn|47
|
|switch|p2a: Alomomola|Alomomola, F|490\/497
|move|p1a: Excadrill|Toxic|p2a: Alomomola
|-status|p2a: Alomomola|tox
|
|-heal|p1a: Excadrill|242\/424|[from] item: Leftovers
|-heal|p2a: Alomomola|497\/497 tox|[from] item: Leftovers
|-damage|p2a: Alomomola|466\/497 tox|[from] psn
|turn|48
|
|switch|p1a: Manaphy|Manaphy|326\/401 tox
|move|p2a: Alomomola|Wish|p2a: Alomomola
|
|-heal|p2a: Alomomola|497\/497 tox|[from] item: Leftovers
|-damage|p1a: Manaphy|301\/401 tox|[from] psn
|-damage|p2a: Alomomola|435\/497 tox|[from] psn
|turn|49
|
|switch|p2a: Zapdos|Zapdos|312\/384
|-ability|p2a: Zapdos|Pressure
|move|p1a: Manaphy|Tail Glow|p1a: Manaphy
|-boost|p1a: Manaphy|spa|3
|
|-heal|p2a: Zapdos|384\/384|[from] move: Wish|[wisher] Alomomola
|-damage|p1a: Manaphy|251\/401 tox|[from] psn
|turn|50
|
|move|p2a: Zapdos|Volt Switch|p1a: Manaphy
|-supereffective|p1a: Manaphy
|-damage|p1a: Manaphy|83\/401 tox
|
|switch|p2a: Chansey|Chansey, F|602\/642
|move|p1a: Manaphy|Rest|p1a: Manaphy
|-status|p1a: Manaphy|slp
|-heal|p1a: Manaphy|401\/401 slp|[silent]
|-status|p1a: Manaphy|slp|[from] move: Rest
|-enditem|p1a: Manaphy|Chesto Berry|[eat]
|-curestatus|p1a: Manaphy|slp
|
|turn|51
|
|move|p1a: Manaphy|Tail Glow|p1a: Manaphy
|-boost|p1a: Manaphy|spa|3
|move|p2a: Chansey|Stealth Rock|p1a: Manaphy
|-sidestart|p1: redemption arisen|move: Stealth Rock
|
|turn|52
|
|move|p1a: Manaphy|Scald|p2a: Chansey
|-damage|p2a: Chansey|332\/642
|-status|p2a: Chansey|brn
|move|p2a: Chansey|Seismic Toss|p1a: Manaphy
|-damage|p1a: Manaphy|301\/401
|
|-damage|p2a: Chansey|252\/642 brn|[from] brn
|turn|53
|
|move|p1a: Manaphy|Scald|p2a: Chansey
|-damage|p2a: Chansey|0 fnt
|faint|p2a: Chansey
|
|
|switch|p2a: Zapdos|Zapdos|384\/384
|-ability|p2a: Zapdos|Pressure
|turn|54
|
|move|p2a: Zapdos|Volt Switch|p1a: Manaphy
|-supereffective|p1a: Manaphy
|-damage|p1a: Manaphy|155\/401
|
|switch|p2a: Cresselia|Cresselia, F|365\/444
|move|p1a: Manaphy|Scald|p2a: Cresselia
|-damage|p2a: Cresselia|89\/444
|
|-heal|p2a: Cresselia|116\/444|[from] item: Leftovers
|turn|55
|
|move|p1a: Manaphy|Scald|p2a: Cresselia
|-damage|p2a: Cresselia|0 fnt
|faint|p2a: Cresselia
|
|
|switch|p2a: Zapdos|Zapdos|384\/384
|-ability|p2a: Zapdos|Pressure
|turn|56
|
|switch|p1a: Gliscor|Gliscor, F|353\/353 tox
|-damage|p1a: Gliscor|309\/353 tox|[from] Stealth Rock
|move|p2a: Zapdos|Volt Switch|p1a: Gliscor
|-immune|p1a: Gliscor|[msg]
|
|-heal|p1a: Gliscor|353\/353 tox|[from] ability: Poison Heal
|turn|57
|
|switch|p2a: Scizor|Scizor-Mega, M|281\/281
|move|p1a: Gliscor|Stealth Rock|p2a: Scizor
|-sidestart|p2: Angels cry|move: Stealth Rock
|
|turn|58
|
|switch|p1a: Talonflame|Talonflame, F|300\/345
|-damage|p1a: Talonflame|128\/345|[from] Stealth Rock
|move|p2a: Scizor|Swords Dance|p2a: Scizor
|-boost|p2a: Scizor|atk|2
|
|-heal|p1a: Talonflame|149\/345|[from] item: Leftovers
|turn|59
|
|move|p1a: Talonflame|Roost|p1a: Talonflame
|-heal|p1a: Talonflame|322\/345
|move|p2a: Scizor|Bullet Punch|p1a: Talonflame
|-crit|p1a: Talonflame
|-resisted|p1a: Talonflame
|-damage|p1a: Talonflame|64\/345
|
|-heal|p1a: Talonflame|85\/345|[from] item: Leftovers
|turn|60
|
|move|p1a: Talonflame|Roost|p1a: Talonflame
|-heal|p1a: Talonflame|258\/345
|move|p2a: Scizor|Superpower|p1a: Talonflame
|-damage|p1a: Talonflame|0 fnt
|-unboost|p2a: Scizor|atk|1
|-unboost|p2a: Scizor|def|1
|faint|p1a: Talonflame
|
|
|switch|p1a: Sableye|Sableye-Mega, M|228\/303
|-damage|p1a: Sableye|191\/303|[from] Stealth Rock
|turn|61
|
|move|p2a: Scizor|Bullet Punch|p1a: Sableye
|-crit|p1a: Sableye
|-damage|p1a: Sableye|0 fnt
|faint|p1a: Sableye
|
|c|âredemption arisen|hahahaha
|
|switch|p1a: Manaphy|Manaphy|155\/401
|-damage|p1a: Manaphy|105\/401|[from] Stealth Rock
|turn|62
|
|move|p2a: Scizor|Bullet Punch|p1a: Manaphy
|-resisted|p1a: Manaphy
|-damage|p1a: Manaphy|0 fnt
|faint|p1a: Manaphy
|
|c|âredemption arisen|unreal luck
|-message|redemption arisen forfeited.
|leave|redemption arisen
|
|win|Angels cry
|raw|Ladder updating...
|player|p1
|raw|redemption arisen's rating: 1505 &rarr; <strong>1477<\/strong><br \/>(-28 for losing)
|raw|Angels cry's rating: 1357 &rarr; <strong>1385<\/strong><br \/>(+28 for winning)