|join|Appreciation
|join|S4TW2
|player|p1|Appreciation|68
|player|p2|S4TW2|131
|gametype|singles
|gen|6
|tier|OU
|rated
|clearpoke
|poke|p1|Lopunny, F
|poke|p1|Rotom-Wash
|poke|p1|Latias, F
|poke|p1|Keldeo
|poke|p1|Skarmory, M
|poke|p1|Heatran, M
|poke|p2|Ferrothorn, M
|poke|p2|Slowbro, M
|poke|p2|Garchomp, F
|poke|p2|Thundurus, M
|poke|p2|Clefable, M
|poke|p2|Tyranitar, M
|rule|Swagger Clause: Swagger is banned
|rule|Baton Pass Clause: Limit one PokÃ©mon knowing Baton Pass
|rule|Sleep Clause Mod: Limit one foe put to sleep
|rule|Species Clause: Limit one of each PokÃ©mon
|rule|OHKO Clause: OHKO moves are banned
|rule|Moody Clause: Moody is banned
|rule|Evasion Moves Clause: Evasion moves are banned
|rule|Endless Battle Clause: Forcing endless battles is banned
|rule|HP Percentage Mod: HP is shown in percentages
|teampreview
|
|start
|switch|p1a: Keldeo|Keldeo|323\/323
|switch|p2a: Ferrothorn|Ferrothorn, M|352\/352
|turn|1
|
|switch|p2a: Slowbro|Slowbro, M|394\/394
|move|p1a: Keldeo|Secret Sword|p2a: Slowbro
|-resisted|p2a: Slowbro
|-damage|p2a: Slowbro|331\/394
|
|turn|2
|
|switch|p1a: Rotom-Wash|Rotom-Wash|303\/303
|move|p2a: Slowbro|Scald|p1a: Rotom-Wash
|-resisted|p1a: Rotom-Wash
|-damage|p1a: Rotom-Wash|262\/303
|
|-heal|p1a: Rotom-Wash|280\/303|[from] item: Leftovers
|turn|3
|
|switch|p2a: Clefable|Clefable, M|394\/394
|move|p1a: Rotom-Wash|Will-O-Wisp|p2a: Clefable
|-status|p2a: Clefable|brn
|
|-heal|p1a: Rotom-Wash|298\/303|[from] item: Leftovers
|turn|4
|
|move|p1a: Rotom-Wash|Volt Switch|p2a: Clefable
|-damage|p2a: Clefable|315\/394 brn
|
|switch|p1a: Heatran|Heatran, M|323\/323
|move|p2a: Clefable|Moonblast|p1a: Heatran
|-resisted|p1a: Heatran
|-damage|p1a: Heatran|299\/323
|
|-heal|p2a: Clefable|339\/394 brn|[from] item: Leftovers
|turn|5
|
|switch|p2a: Garchomp|Garchomp, F|404\/404
|move|p1a: Heatran|Hidden Power|p2a: Garchomp
|-supereffective|p2a: Garchomp
|-damage|p2a: Garchomp|64\/404
|
|-heal|p2a: Garchomp|89\/404|[from] item: Leftovers
|turn|6
|
|switch|p2a: Ferrothorn|Ferrothorn, M|352\/352
|move|p1a: Heatran|Hidden Power|p2a: Ferrothorn
|-crit|p2a: Ferrothorn
|-damage|p2a: Ferrothorn|264\/352
|
|-heal|p2a: Ferrothorn|286\/352|[from] item: Leftovers
|turn|7
|
|switch|p1a: Skarmory|Skarmory, M|333\/333
|move|p2a: Ferrothorn|Stealth Rock|p1a: Skarmory
|-sidestart|p1: Appreciation|move: Stealth Rock
|
|-heal|p2a: Ferrothorn|308\/352|[from] item: Leftovers
|turn|8
|
|move|p1a: Skarmory|Stealth Rock|p2a: Ferrothorn
|-sidestart|p2: S4TW2|move: Stealth Rock
|move|p2a: Ferrothorn|Leech Seed|p1a: Skarmory|[miss]
|-miss|p2a: Ferrothorn|p1a: Skarmory
|
|-heal|p2a: Ferrothorn|330\/352|[from] item: Leftovers
|turn|9
|
|switch|p1a: Rotom-Wash|Rotom-Wash|298\/303
|-damage|p1a: Rotom-Wash|261\/303|[from] Stealth Rock
|move|p2a: Ferrothorn|Leech Seed|p1a: Rotom-Wash
|-start|p1a: Rotom-Wash|move: Leech Seed
|
|-heal|p1a: Rotom-Wash|279\/303|[from] item: Leftovers
|-heal|p2a: Ferrothorn|352\/352|[from] item: Leftovers
|-damage|p1a: Rotom-Wash|242\/303|[from] Leech Seed|[of] p2a: Ferrothorn
|turn|10
|
|switch|p2a: Clefable|Clefable, M|339\/394 brn
|move|p1a: Rotom-Wash|Will-O-Wisp|p2a: Clefable
|-fail|p2a: Clefable|brn
|
|-heal|p1a: Rotom-Wash|260\/303|[from] item: Leftovers
|-heal|p2a: Clefable|363\/394 brn|[from] item: Leftovers
|-damage|p1a: Rotom-Wash|223\/303|[from] Leech Seed|[of] p2a: Clefable
|-heal|p2a: Clefable|394\/394 brn|[silent]
|turn|11
|
|switch|p2a: Garchomp|Garchomp, F|89\/404
|-damage|p2a: Garchomp|64\/404|[from] Stealth Rock
|move|p1a: Rotom-Wash|Volt Switch|p2a: Garchomp
|-immune|p2a: Garchomp|[msg]
|
|-heal|p2a: Garchomp|89\/404|[from] item: Leftovers
|-heal|p1a: Rotom-Wash|241\/303|[from] item: Leftovers
|-damage|p1a: Rotom-Wash|204\/303|[from] Leech Seed|[of] p2a: Garchomp
|-heal|p2a: Garchomp|126\/404|[silent]
|turn|12
|
|switch|p2a: Clefable|Clefable, M|394\/394 brn
|move|p1a: Rotom-Wash|Will-O-Wisp|p2a: Clefable
|-fail|p2a: Clefable|brn
|
|-heal|p1a: Rotom-Wash|222\/303|[from] item: Leftovers
|-damage|p1a: Rotom-Wash|185\/303|[from] Leech Seed|[of] p2a: Clefable
|turn|13
|c|âAppreciation|what the fuck are you doing
|
|move|p1a: Rotom-Wash|Volt Switch|p2a: Clefable
|-crit|p2a: Clefable
|-damage|p2a: Clefable|276\/394 brn
|c|âS4TW2|are you mad
|
|switch|p1a: Heatran|Heatran, M|299\/323
|-damage|p1a: Heatran|259\/323|[from] Stealth Rock
|move|p2a: Clefable|Moonblast|p1a: Heatran
|-resisted|p1a: Heatran
|-damage|p1a: Heatran|235\/323
|
|-heal|p2a: Clefable|300\/394 brn|[from] item: Leftovers
|turn|14
|c|âAppreciation|youre just bad lol
|
|switch|p2a: Slowbro|Slowbro, M|394\/394
|-damage|p2a: Slowbro|345\/394|[from] Stealth Rock
|move|p1a: Heatran|Flash Cannon|p2a: Slowbro
|-resisted|p2a: Slowbro
|-damage|p2a: Slowbro|285\/394
|
|turn|15
|
|switch|p1a: Latias|Latias, F|301\/301
|-damage|p1a: Latias|264\/301|[from] Stealth Rock
|move|p2a: Slowbro|Scald|p1a: Latias
|-resisted|p1a: Latias
|-damage|p1a: Latias|228\/301
|
|turn|16
|
|switch|p1a: Lopunny|Lopunny, F|271\/271
|-damage|p1a: Lopunny|238\/271|[from] Stealth Rock
|switch|p2a: Tyranitar|Tyranitar, M|341\/341
|-damage|p2a: Tyranitar|299\/341|[from] Stealth Rock
|-weather|Sandstorm
|
|-weather|Sandstorm|[upkeep]
|-damage|p1a: Lopunny|222\/271|[from] sandstorm
|turn|17
|
|switch|p2a: Slowbro|Slowbro, M|394\/394
|-damage|p2a: Slowbro|345\/394|[from] Stealth Rock
|detailschange|p1a: Lopunny|Lopunny-Mega, F
|-mega|p1a: Lopunny|Lopunny|Lopunnite
|move|p1a: Lopunny|Fake Out|p2a: Slowbro
|-crit|p2a: Slowbro
|-damage|p2a: Slowbro|252\/394
|
|-weather|Sandstorm|[upkeep]
|-damage|p1a: Lopunny|206\/271|[from] sandstorm
|-damage|p2a: Slowbro|228\/394|[from] sandstorm
|turn|18
|
|move|p1a: Lopunny|Return|p2a: Slowbro
|-damage|p2a: Slowbro|71\/394
|move|p2a: Slowbro|Slack Off|p2a: Slowbro
|-heal|p2a: Slowbro|268\/394
|
|-weather|Sandstorm|[upkeep]
|-damage|p1a: Lopunny|190\/271|[from] sandstorm
|-damage|p2a: Slowbro|244\/394|[from] sandstorm
|turn|19
|
|switch|p2a: Ferrothorn|Ferrothorn, M|352\/352
|-damage|p2a: Ferrothorn|330\/352|[from] Stealth Rock
|move|p1a: Lopunny|Return|p2a: Ferrothorn
|-resisted|p2a: Ferrothorn
|-damage|p2a: Ferrothorn|270\/352
|-damage|p1a: Lopunny|157\/271|[from] ability: Iron Barbs|[of] p2a: Ferrothorn
|
|-weather|Sandstorm|[upkeep]
|-damage|p1a: Lopunny|141\/271|[from] sandstorm
|-heal|p2a: Ferrothorn|292\/352|[from] item: Leftovers
|turn|20
|
|switch|p1a: Heatran|Heatran, M|235\/323
|-damage|p1a: Heatran|195\/323|[from] Stealth Rock
|move|p2a: Ferrothorn|Protect|p2a: Ferrothorn
|-fail|p2a: Ferrothorn
|
|-weather|none
|-heal|p2a: Ferrothorn|314\/352|[from] item: Leftovers
|turn|21
|
|switch|p2a: Slowbro|Slowbro, M|375\/394
|-damage|p2a: Slowbro|326\/394|[from] Stealth Rock
|move|p1a: Heatran|Fire Blast|p2a: Slowbro
|-resisted|p2a: Slowbro
|-damage|p2a: Slowbro|235\/394
|
|turn|22
|
|switch|p1a: Rotom-Wash|Rotom-Wash|185\/303
|-damage|p1a: Rotom-Wash|148\/303|[from] Stealth Rock
|switch|p2a: Tyranitar|Tyranitar, M|299\/341
|-damage|p2a: Tyranitar|257\/341|[from] Stealth Rock
|-weather|Sandstorm
|
|-weather|Sandstorm|[upkeep]
|-damage|p1a: Rotom-Wash|130\/303|[from] sandstorm
|-heal|p1a: Rotom-Wash|148\/303|[from] item: Leftovers
|turn|23
|
|switch|p2a: Clefable|Clefable, M|300\/394 brn
|move|p1a: Rotom-Wash|Hydro Pump|p2a: Clefable
|-damage|p2a: Clefable|180\/394 brn
|
|-weather|Sandstorm|[upkeep]
|-damage|p1a: Rotom-Wash|130\/303|[from] sandstorm
|-heal|p1a: Rotom-Wash|148\/303|[from] item: Leftovers
|-heal|p2a: Clefable|204\/394 brn|[from] item: Leftovers
|turn|24
|
|move|p1a: Rotom-Wash|Volt Switch|p2a: Clefable
|-damage|p2a: Clefable|128\/394 brn
|
|switch|p1a: Keldeo|Keldeo|323\/323
|-damage|p1a: Keldeo|303\/323|[from] Stealth Rock
|move|p2a: Clefable|Moonblast|p1a: Keldeo
|-supereffective|p1a: Keldeo
|-damage|p1a: Keldeo|57\/323
|-unboost|p1a: Keldeo|spa|1
|
|-weather|Sandstorm|[upkeep]
|-damage|p1a: Keldeo|37\/323|[from] sandstorm
|-heal|p1a: Keldeo|57\/323|[from] item: Leftovers
|-heal|p2a: Clefable|152\/394 brn|[from] item: Leftovers
|turn|25
|c|âAppreciation|>>>>>>>>
|
|switch|p1a: Heatran|Heatran, M|195\/323
|-damage|p1a: Heatran|155\/323|[from] Stealth Rock
|move|p2a: Clefable|Soft-Boiled|p2a: Clefable
|-heal|p2a: Clefable|349\/394 brn
|
|-weather|Sandstorm|[upkeep]
|-heal|p2a: Clefable|373\/394 brn|[from] item: Leftovers
|turn|26
|c|âAppreciation|jesus fuck ladder is bad
|c|âS4TW2|how are you going to complain that i'm bad
|c|âS4TW2|you're worse than
|c|âS4TW2|the lower ladder
|c|âAppreciation|im better than you
|c|âAppreciation|and most part of the ladder
|c|âAppreciation|trust me
|c|âS4TW2|guess who's winning right now
|c|âAppreciation|and that means what?
|c|âAppreciation|ladder means shit
|c|âS4TW2|get a heat check bruh
|c|âS4TW2|you suck ass
|c|âAppreciation|you just think it matters
|
|switch|p2a: Slowbro|Slowbro, M|366\/394
|-damage|p2a: Slowbro|317\/394|[from] Stealth Rock
|move|p1a: Heatran|Earth Power|p2a: Slowbro
|-damage|p2a: Slowbro|226\/394
|
|-weather|none
|turn|27
|c|âAppreciation|im so much better lol
|c|âS4TW2|i don't understand
|c|âS4TW2|how people
|c|âS4TW2|get such high egos
|c|âS4TW2|like seriously
|c|âS4TW2|were you liked in high school?
|
|switch|p1a: Rotom-Wash|Rotom-Wash|148\/303
|-damage|p1a: Rotom-Wash|111\/303|[from] Stealth Rock
|move|p2a: Slowbro|Scald|p1a: Rotom-Wash
|-resisted|p1a: Rotom-Wash
|-damage|p1a: Rotom-Wash|69\/303
|
|-heal|p1a: Rotom-Wash|87\/303|[from] item: Leftovers
|turn|28
|c|âAppreciation|>scalding
|
|switch|p2a: Garchomp|Garchomp, F|126\/404
|-damage|p2a: Garchomp|101\/404|[from] Stealth Rock
|move|p1a: Rotom-Wash|Pain Split|p2a: Garchomp
|-sethp|p2a: Garchomp|94\/404|p1a: Rotom-Wash|94\/303|[from] move: Pain Split
|
|-heal|p2a: Garchomp|119\/404|[from] item: Leftovers
|-heal|p1a: Rotom-Wash|112\/303|[from] item: Leftovers
|turn|29
|
|move|p2a: Garchomp|Dragon Claw|p1a: Rotom-Wash
|-damage|p1a: Rotom-Wash|16\/303
|move|p1a: Rotom-Wash|Hydro Pump|p2a: Garchomp
|-damage|p2a: Garchomp|0 fnt
|faint|p2a: Garchomp
|
|-heal|p1a: Rotom-Wash|34\/303|[from] item: Leftovers
|
|switch|p2a: Thundurus|Thundurus, M|305\/305
|-damage|p2a: Thundurus|229\/305|[from] Stealth Rock
|turn|30
|
|switch|p1a: Latias|Latias, F|228\/301
|-damage|p1a: Latias|191\/301|[from] Stealth Rock
|move|p2a: Thundurus|Thunderbolt|p1a: Latias
|-resisted|p1a: Latias
|-damage|p1a: Latias|132\/301
|
|-heal|p2a: Thundurus|248\/305|[from] item: Leftovers
|turn|31
|
|switch|p2a: Tyranitar|Tyranitar, M|257\/341
|-damage|p2a: Tyranitar|215\/341|[from] Stealth Rock
|-weather|Sandstorm
|move|p1a: Latias|Psyshock|p2a: Tyranitar
|-immune|p2a: Tyranitar|[msg]
|
|-weather|Sandstorm|[upkeep]
|-damage|p1a: Latias|114\/301|[from] sandstorm
|turn|32
|c|âS4TW2|smh
|
|move|p2a: Tyranitar|Pursuit|p1a: Latias
|-supereffective|p1a: Latias
|-damage|p1a: Latias|0 fnt
|faint|p1a: Latias
|
|-weather|Sandstorm|[upkeep]
|c|âS4TW2|did you not see that
|
|switch|p1a: Lopunny|Lopunny-Mega, F|141\/271
|-damage|p1a: Lopunny|125\/271|[from] Stealth Rock
|turn|33
|c|âAppreciation|i went for healing wish u retard
|c|âAppreciation|ttar is faster
|c|âAppreciation|hello?
|c|âAppreciation|lol
|c|âS4TW2|did you really
|c|âS4TW2|go for psyshock
|c|âAppreciation|i did
|c|âS4TW2|when ttar
|c|âS4TW2|is there
|c|âS4TW2|smh
|c|âAppreciation|you have a clef
|c|âS4TW2|"i'm better"
|c|âAppreciation|way safer
|c|âAppreciation|but yeah
|c|âAppreciation|youre just awful
|c|âS4TW2|it's scarfed
|c|âS4TW2|"i'm better"
|c|âAppreciation|clef isnt
|
|switch|p2a: Slowbro|Slowbro, M|357\/394
|-damage|p2a: Slowbro|308\/394|[from] Stealth Rock
|move|p1a: Lopunny|Power-Up Punch|p2a: Slowbro
|-resisted|p2a: Slowbro
|-damage|p2a: Slowbro|280\/394
|-boost|p1a: Lopunny|atk|1
|
|-weather|Sandstorm|[upkeep]
|-damage|p1a: Lopunny|109\/271|[from] sandstorm
|-damage|p2a: Slowbro|256\/394|[from] sandstorm
|turn|34
|c|âAppreciation|and clef is just safe
|c|âAppreciation|nerd
|
|detailschange|p2a: Slowbro|Slowbro-Mega, M
|-mega|p2a: Slowbro|Slowbro|Slowbronite
|move|p1a: Lopunny|Return|p2a: Slowbro
|-damage|p2a: Slowbro|103\/394
|move|p2a: Slowbro|Psyshock|p1a: Lopunny
|-supereffective|p1a: Lopunny
|-damage|p1a: Lopunny|0 fnt
|faint|p1a: Lopunny
|
|-weather|Sandstorm|[upkeep]
|-damage|p2a: Slowbro|79\/394|[from] sandstorm
|c|âS4TW2|lol nice namecalling
|c|âS4TW2|best insult
|c|âS4TW2|of the century
|c|âS4TW2|thanks for the free win
|
|switch|p1a: Heatran|Heatran, M|155\/323
|-damage|p1a: Heatran|115\/323|[from] Stealth Rock
|turn|35
|
|move|p1a: Heatran|Earth Power|p2a: Slowbro
|-damage|p2a: Slowbro|0 fnt
|faint|p2a: Slowbro
|
|-weather|none
|
|switch|p2a: Thundurus|Thundurus, M|248\/305
|-damage|p2a: Thundurus|172\/305|[from] Stealth Rock
|turn|36
|
|switch|p1a: Rotom-Wash|Rotom-Wash|34\/303
|-damage|p1a: Rotom-Wash|0 fnt|[from] Stealth Rock
|faint|p1a: Rotom-Wash
|move|p2a: Thundurus|Thunderbolt|p1: Rotom-Wash|[notarget]
|-notarget
|
|-heal|p2a: Thundurus|191\/305|[from] item: Leftovers
|
|switch|p1a: Heatran|Heatran, M|115\/323
|-damage|p1a: Heatran|75\/323|[from] Stealth Rock
|turn|37
|
|switch|p2a: Ferrothorn|Ferrothorn, M|314\/352
|-damage|p2a: Ferrothorn|292\/352|[from] Stealth Rock
|move|p1a: Heatran|Flash Cannon|p2a: Ferrothorn
|-resisted|p2a: Ferrothorn
|-damage|p2a: Ferrothorn|239\/352
|
|-heal|p2a: Ferrothorn|261\/352|[from] item: Leftovers
|turn|38
|c|âAppreciation|>>>>>>>
|c|âS4TW2|smh
|c|âS4TW2|how could you be so bad
|
|switch|p1a: Keldeo|Keldeo|57\/323
|-damage|p1a: Keldeo|37\/323|[from] Stealth Rock
|switch|p2a: Thundurus|Thundurus, M|191\/305
|-damage|p2a: Thundurus|115\/305|[from] Stealth Rock
|
|-heal|p2a: Thundurus|134\/305|[from] item: Leftovers
|-heal|p1a: Keldeo|57\/323|[from] item: Leftovers
|turn|39
|c|âAppreciation|im way better
|c|âS4TW2|oh my god
|c|âAppreciation|than you
|c|âS4TW2|get played
|c|âS4TW2|so bad
|c|âAppreciation|just trust me
|c|âS4TW2|i'm predicting
|c|âS4TW2|you every turn
|c|âS4TW2|you lost your trust
|c|âS4TW2|turn 1
|c|âAppreciation|theres nothing to predict
|
|move|p2a: Thundurus|Thunderbolt|p1a: Keldeo
|-supereffective|p1a: Keldeo
|-damage|p1a: Keldeo|0 fnt
|faint|p1a: Keldeo
|
|-heal|p2a: Thundurus|153\/305|[from] item: Leftovers
|c|âAppreciation|trust me
|c|âAppreciation|i am
|c|âAppreciation|so much better
|
|switch|p1a: Heatran|Heatran, M|75\/323
|-damage|p1a: Heatran|35\/323|[from] Stealth Rock
|turn|40
|c|âS4TW2|i can't trust you
|c|âS4TW2|you've been
|c|âS4TW2|sucking ass
|c|âS4TW2|so far
|c|âS4TW2|there is nothing to trust
|
|switch|p2a: Clefable|Clefable, M|373\/394 brn
|move|p1a: Heatran|Fire Blast|p2a: Clefable
|-damage|p2a: Clefable|195\/394 brn
|
|-heal|p2a: Clefable|219\/394 brn|[from] item: Leftovers
|turn|41
|c|âS4TW2|get played
|c|âS4TW2|honestly
|c|âAppreciation|>get played
|c|âAppreciation|dude youre just bad
|c|âS4TW2|how
|c|âAppreciation|who are yu even
|c|âS4TW2|why am i bad
|c|âAppreciation|never heard of you
|c|âAppreciation|i mean
|c|âAppreciation|you barely win with a ct
|c|âS4TW2|this is an alt bruh
|c|âAppreciation|like what r u trying to say
|c|âAppreciation|LOL
|c|âS4TW2|this is a ct now?
|c|âS4TW2|good job
|c|âAppreciation|yeah and who are you?
|c|âAppreciation|LOL LOOK AT THE MATCH UP
|c|âS4TW2|i'm a nobody
|c|âS4TW2|and i'm still
|c|âAppreciation|if u cant see it
|c|âS4TW2|beating you
|c|âAppreciation|youre just stupid
|c|âS4TW2|who are you again
|c|âS4TW2|?
|c|âAppreciation|beating me once makes u better
|
|move|p1a: Heatran|Fire Blast|p2a: Clefable
|-damage|p2a: Clefable|48\/394 brn
|move|p2a: Clefable|Soft-Boiled|p2a: Clefable
|-heal|p2a: Clefable|245\/394 brn
|
|-heal|p2a: Clefable|269\/394 brn|[from] item: Leftovers
|turn|42
|c|âAppreciation|that makes sense
|
|switch|p1a: Skarmory|Skarmory, M|333\/333
|-damage|p1a: Skarmory|292\/333|[from] Stealth Rock
|move|p2a: Clefable|Soft-Boiled|p2a: Clefable
|-heal|p2a: Clefable|394\/394 brn
|
|turn|43
|
|move|p2a: Clefable|Flamethrower|p1a: Skarmory
|-supereffective|p1a: Skarmory
|-damage|p1a: Skarmory|118\/333
|-status|p1a: Skarmory|brn
|move|p1a: Skarmory|Whirlwind|p2a: Clefable
|drag|p2a: Thundurus|Thundurus, M|153\/305
|-damage|p2a: Thundurus|77\/305|[from] Stealth Rock
|
|-heal|p2a: Thundurus|96\/305|[from] item: Leftovers
|-damage|p1a: Skarmory|77\/333 brn|[from] brn
|turn|44
|-message|Appreciation forfeited.
|
|win|S4TW2
|raw|Ladder updating...
|raw|Appreciation's rating: 1684 &rarr; <strong>1659<\/strong><br \/>(-25 for losing)
|raw|S4TW2's rating: 1607 &rarr; <strong>1631<\/strong><br \/>(+24 for winning)