|join|naptY
|join|S4TW2
|player|p1|naptY|140
|player|p2|S4TW2|131
|gametype|singles
|gen|6
|tier|OU
|rated
|clearpoke
|poke|p1|Landorus-Therian, M
|poke|p1|Gallade, M, shiny
|poke|p1|Bisharp, F
|poke|p1|Keldeo-Resolute
|poke|p1|Clefable, F
|poke|p1|Scizor, F
|poke|p2|Ferrothorn, M
|poke|p2|Slowbro, M
|poke|p2|Garchomp, F
|poke|p2|Thundurus, M
|poke|p2|Clefable, M
|poke|p2|Tyranitar, M
|rule|Swagger Clause: Swagger is banned
|rule|Baton Pass Clause: Limit one PokÃ©mon knowing Baton Pass
|rule|Sleep Clause Mod: Limit one foe put to sleep
|rule|Species Clause: Limit one of each PokÃ©mon
|rule|OHKO Clause: OHKO moves are banned
|rule|Moody Clause: Moody is banned
|rule|Evasion Moves Clause: Evasion moves are banned
|rule|Endless Battle Clause: Forcing endless battles is banned
|rule|HP Percentage Mod: HP is shown in percentages
|teampreview
|join|BIG ARBOCK
|c| BIG ARBOCK|go napty^^
|c|ânaptY|y'a vraiment des thundurus partout Ã§a fait chier
|c| BIG ARBOCK|ben oui
|
|start
|switch|p1a: Gallade|Gallade, M, shiny|330\/330
|switch|p2a: Slowbro|Slowbro, M|394\/394
|turn|1
|
|detailschange|p1a: Gallade|Gallade-Mega, M, shiny
|-mega|p1a: Gallade|Gallade|Galladite
|move|p1a: Gallade|Will-O-Wisp|p2a: Slowbro
|-status|p2a: Slowbro|brn
|move|p2a: Slowbro|Scald|p1a: Gallade
|-damage|p1a: Gallade|248\/330
|-status|p1a: Gallade|brn
|
|-damage|p1a: Gallade|207\/330 brn|[from] brn
|-damage|p2a: Slowbro|345\/394 brn|[from] brn
|turn|2
|join|Greninjaxx
|join|Raiderknight
|c| BIG ARBOCK|mdr
|c|ânaptY|evidemment
|c| BIG ARBOCK|t'as pas de chance
|
|switch|p1a: Scizor|Scizor, F|344\/344
|move|p2a: Slowbro|Scald|p1a: Scizor
|-damage|p1a: Scizor|268\/344
|
|-heal|p1a: Scizor|289\/344|[from] item: Leftovers
|-damage|p2a: Slowbro|296\/394 brn|[from] brn
|turn|3
|
|switch|p2a: Ferrothorn|Ferrothorn, M|352\/352
|move|p1a: Scizor|U-turn|p2a: Ferrothorn
|-damage|p2a: Ferrothorn|277\/352
|-damage|p1a: Scizor|246\/344|[from] ability: Iron Barbs|[of] p2a: Ferrothorn
|
|switch|p1a: Keldeo-Resolute|Keldeo-Resolute|324\/324
|
|-heal|p2a: Ferrothorn|299\/352|[from] item: Leftovers
|turn|4
|
|switch|p2a: Slowbro|Slowbro, M|394\/394 brn
|move|p1a: Keldeo-Resolute|Substitute|p1a: Keldeo-Resolute
|-start|p1a: Keldeo-Resolute|Substitute
|-damage|p1a: Keldeo-Resolute|243\/324
|
|-heal|p1a: Keldeo-Resolute|263\/324|[from] item: Leftovers
|-damage|p2a: Slowbro|345\/394 brn|[from] brn
|turn|5
|
|move|p1a: Keldeo-Resolute|Scald|p2a: Slowbro
|-resisted|p2a: Slowbro
|-damage|p2a: Slowbro|278\/394 brn
|move|p2a: Slowbro|Psyshock|p1a: Keldeo-Resolute
|-supereffective|p1a: Keldeo-Resolute
|-end|p1a: Keldeo-Resolute|Substitute
|
|-heal|p1a: Keldeo-Resolute|283\/324|[from] item: Leftovers
|-damage|p2a: Slowbro|229\/394 brn|[from] brn
|turn|6
|
|switch|p2a: Clefable|Clefable, M|394\/394
|move|p1a: Keldeo-Resolute|Substitute|p1a: Keldeo-Resolute
|-start|p1a: Keldeo-Resolute|Substitute
|-damage|p1a: Keldeo-Resolute|202\/324
|
|-heal|p1a: Keldeo-Resolute|222\/324|[from] item: Leftovers
|turn|7
|
|move|p1a: Keldeo-Resolute|Scald|p2a: Clefable
|-damage|p2a: Clefable|270\/394
|move|p2a: Clefable|Moonblast|p1a: Keldeo-Resolute
|-supereffective|p1a: Keldeo-Resolute
|-end|p1a: Keldeo-Resolute|Substitute
|
|-heal|p1a: Keldeo-Resolute|242\/324|[from] item: Leftovers
|-heal|p2a: Clefable|294\/394|[from] item: Leftovers
|turn|8
|
|switch|p1a: Bisharp|Bisharp, F|289\/289
|move|p2a: Clefable|Flamethrower|p1a: Bisharp
|-crit|p1a: Bisharp
|-supereffective|p1a: Bisharp
|-damage|p1a: Bisharp|91\/289
|
|-heal|p2a: Clefable|318\/394|[from] item: Leftovers
|turn|9
|
|switch|p2a: Ferrothorn|Ferrothorn, M|299\/352
|move|p1a: Bisharp|Knock Off|p2a: Ferrothorn
|-damage|p2a: Ferrothorn|172\/352
|-damage|p1a: Bisharp|55\/289|[from] ability: Iron Barbs|[of] p2a: Ferrothorn
|-enditem|p2a: Ferrothorn|Leftovers|[from] move: Knock Off|[of] p1a: Bisharp
|
|turn|10
|c|ânaptY|c'est vraiment un jeu de merde
|leave|Greninjaxx
|c| BIG ARBOCK|t'es qu'au dÃ©but
|
|switch|p1a: Keldeo-Resolute|Keldeo-Resolute|242\/324
|move|p2a: Ferrothorn|Stealth Rock|p1a: Keldeo-Resolute
|-sidestart|p1: naptY|move: Stealth Rock
|
|-heal|p1a: Keldeo-Resolute|262\/324|[from] item: Leftovers
|turn|11
|
|switch|p2a: Slowbro|Slowbro, M|360\/394 brn
|move|p1a: Keldeo-Resolute|Scald|p2a: Slowbro
|-resisted|p2a: Slowbro
|-damage|p2a: Slowbro|297\/394 brn
|
|-heal|p1a: Keldeo-Resolute|282\/324|[from] item: Leftovers
|-damage|p2a: Slowbro|248\/394 brn|[from] brn
|turn|12
|
|switch|p1a: Bisharp|Bisharp, F|55\/289
|-damage|p1a: Bisharp|37\/289|[from] Stealth Rock
|move|p2a: Slowbro|Psyshock|p1a: Bisharp
|-immune|p1a: Bisharp|[msg]
|
|-damage|p2a: Slowbro|199\/394 brn|[from] brn
|turn|13
|
|detailschange|p2a: Slowbro|Slowbro-Mega, M
|-mega|p2a: Slowbro|Slowbro|Slowbronite
|move|p1a: Bisharp|Pursuit|p2a: Slowbro
|-supereffective|p2a: Slowbro
|-damage|p2a: Slowbro|115\/394 brn
|move|p2a: Slowbro|Slack Off|p2a: Slowbro
|-heal|p2a: Slowbro|312\/394 brn
|
|-damage|p2a: Slowbro|263\/394 brn|[from] brn
|turn|14
|
|switch|p2a: Ferrothorn|Ferrothorn, M|172\/352
|move|p1a: Bisharp|Knock Off|p2a: Ferrothorn
|-damage|p2a: Ferrothorn|93\/352
|-damage|p1a: Bisharp|1\/289|[from] ability: Iron Barbs|[of] p2a: Ferrothorn
|
|turn|15
|
|move|p1a: Bisharp|Knock Off|p2a: Ferrothorn
|-damage|p2a: Ferrothorn|9\/352
|-damage|p1a: Bisharp|0 fnt|[from] ability: Iron Barbs|[of] p2a: Ferrothorn
|faint|p1a: Bisharp
|move|p2a: Ferrothorn|Leech Seed|p1: Bisharp|[notarget]
|-notarget
|
|
|switch|p1a: Scizor|Scizor, F|246\/344
|-damage|p1a: Scizor|203\/344|[from] Stealth Rock
|turn|16
|
|move|p1a: Scizor|Bullet Punch|p2a: Ferrothorn
|-resisted|p2a: Ferrothorn
|-damage|p2a: Ferrothorn|0 fnt
|-damage|p1a: Scizor|160\/344|[from] ability: Iron Barbs|[of] p2a: Ferrothorn
|faint|p2a: Ferrothorn
|
|-heal|p1a: Scizor|181\/344|[from] item: Leftovers
|
|switch|p2a: Thundurus|Thundurus, M|305\/305
|turn|17
|
|move|p2a: Thundurus|Thunderbolt|p1a: Scizor
|-damage|p1a: Scizor|63\/344
|move|p1a: Scizor|Defog|p2a: Thundurus
|-unboost|p2a: Thundurus|evasion|1
|-sideend|p1: naptY|Stealth Rock|[from] move: Defog|[of] p1a: Scizor
|
|-heal|p1a: Scizor|84\/344|[from] item: Leftovers
|turn|18
|
|switch|p2a: Slowbro|Slowbro-Mega, M|263\/394 brn
|switch|p1a: Gallade|Gallade-Mega, M, shiny|207\/330 brn
|
|-damage|p1a: Gallade|166\/330 brn|[from] brn
|-damage|p2a: Slowbro|214\/394 brn|[from] brn
|turn|19
|
|switch|p1a: Landorus-Therian|Landorus-Therian, M|381\/381
|-ability|p1a: Landorus-Therian|Intimidate|[of] p2a: Slowbro
|-unboost|p2a: Slowbro|atk|1
|move|p2a: Slowbro|Scald|p1a: Landorus-Therian
|-supereffective|p1a: Landorus-Therian
|-damage|p1a: Landorus-Therian|99\/381
|
|-damage|p2a: Slowbro|165\/394 brn|[from] brn
|turn|20
|
|move|p1a: Landorus-Therian|Stealth Rock|p2a: Slowbro
|-sidestart|p2: S4TW2|move: Stealth Rock
|move|p2a: Slowbro|Slack Off|p2a: Slowbro
|-heal|p2a: Slowbro|362\/394 brn
|
|-damage|p2a: Slowbro|313\/394 brn|[from] brn
|turn|21
|
|move|p1a: Landorus-Therian|U-turn|p2a: Slowbro
|-supereffective|p2a: Slowbro
|-damage|p2a: Slowbro|237\/394 brn
|
|switch|p1a: Gallade|Gallade-Mega, M, shiny|166\/330 brn
|move|p2a: Slowbro|Slack Off|p2a: Slowbro
|-heal|p2a: Slowbro|394\/394 brn
|
|-damage|p1a: Gallade|125\/330 brn|[from] brn
|-damage|p2a: Slowbro|345\/394 brn|[from] brn
|turn|22
|
|move|p1a: Gallade|Zen Headbutt|p2a: Slowbro
|-resisted|p2a: Slowbro
|-damage|p2a: Slowbro|327\/394 brn
|move|p2a: Slowbro|Calm Mind|p2a: Slowbro
|-boost|p2a: Slowbro|spa|1
|-boost|p2a: Slowbro|spd|1
|
|-damage|p1a: Gallade|84\/330 brn|[from] brn
|-damage|p2a: Slowbro|278\/394 brn|[from] brn
|turn|23
|
|move|p1a: Gallade|Zen Headbutt|p2a: Slowbro
|-resisted|p2a: Slowbro
|-damage|p2a: Slowbro|260\/394 brn
|move|p2a: Slowbro|Slack Off|p2a: Slowbro
|-heal|p2a: Slowbro|394\/394 brn
|
|-damage|p1a: Gallade|43\/330 brn|[from] brn
|-damage|p2a: Slowbro|345\/394 brn|[from] brn
|turn|24
|
|move|p1a: Gallade|Zen Headbutt|p2a: Slowbro
|-resisted|p2a: Slowbro
|-damage|p2a: Slowbro|327\/394 brn
|move|p2a: Slowbro|Calm Mind|p2a: Slowbro
|-boost|p2a: Slowbro|spa|1
|-boost|p2a: Slowbro|spd|1
|
|-damage|p1a: Gallade|2\/330 brn|[from] brn
|-damage|p2a: Slowbro|278\/394 brn|[from] brn
|turn|25
|
|move|p1a: Gallade|Zen Headbutt|p2a: Slowbro
|-resisted|p2a: Slowbro
|-damage|p2a: Slowbro|259\/394 brn
|move|p2a: Slowbro|Slack Off|p2a: Slowbro
|-heal|p2a: Slowbro|394\/394 brn
|
|-damage|p1a: Gallade|0 fnt|[from] brn
|-damage|p2a: Slowbro|345\/394 brn|[from] brn
|faint|p1a: Gallade
|c|ânaptY|dont even get a flinch
|c| BIG ARBOCK|napty
|
|switch|p1a: Clefable|Clefable, F|394\/394
|turn|26
|c| BIG ARBOCK|je reviens dans qqs minutes
|c|ânaptY|k
|c|âS4TW2|10%
|c| BIG ARBOCK|bye
|
|move|p1a: Clefable|Calm Mind|p1a: Clefable
|-boost|p1a: Clefable|spa|1
|-boost|p1a: Clefable|spd|1
|move|p2a: Slowbro|Psyshock|p1a: Clefable
|-damage|p1a: Clefable|277\/394
|
|-heal|p1a: Clefable|301\/394|[from] item: Leftovers
|-damage|p2a: Slowbro|296\/394 brn|[from] brn
|turn|27
|c|ânaptY|!dt zen headbutt
|c|~|\/data-move Zen Headbutt
|raw|<font size="1"><font color=#585858>Priority:<\/font> 0&nbsp;|&ThickSpace;<font color=#585858><font color=black>&#10003; Secondary effect<\/font><\/font>&nbsp;|&ThickSpace;<font color=#585858><font color=black>&#10003; Contact<\/font><\/font>&nbsp;|&ThickSpace;<font color=#585858><font color=black>&#10003; Blocked by Protect<\/font><\/font>&nbsp;|&ThickSpace;<font color=#585858>Target:<\/font> One Adjacent Pokemon<\/font>
|leave|BIG ARBOCK
|c|ânaptY|20%
|
|switch|p2a: Tyranitar|Tyranitar, M|341\/341
|-damage|p2a: Tyranitar|299\/341|[from] Stealth Rock
|-weather|Sandstorm
|move|p1a: Clefable|Moonblast|p2a: Tyranitar
|-supereffective|p2a: Tyranitar
|-damage|p2a: Tyranitar|99\/341
|
|-weather|Sandstorm|[upkeep]
|-damage|p1a: Clefable|277\/394|[from] sandstorm
|-heal|p1a: Clefable|301\/394|[from] item: Leftovers
|turn|28
|
|switch|p1a: Keldeo-Resolute|Keldeo-Resolute|282\/324
|move|p2a: Tyranitar|Stone Edge|p1a: Keldeo-Resolute
|-resisted|p1a: Keldeo-Resolute
|-damage|p1a: Keldeo-Resolute|186\/324
|
|-weather|Sandstorm|[upkeep]
|-damage|p1a: Keldeo-Resolute|166\/324|[from] sandstorm
|-heal|p1a: Keldeo-Resolute|186\/324|[from] item: Leftovers
|turn|29
|
|switch|p2a: Slowbro|Slowbro-Mega, M|296\/394 brn
|-damage|p2a: Slowbro|247\/394 brn|[from] Stealth Rock
|move|p1a: Keldeo-Resolute|Scald|p2a: Slowbro
|-resisted|p2a: Slowbro
|-damage|p2a: Slowbro|181\/394 brn
|
|-weather|Sandstorm|[upkeep]
|-damage|p1a: Keldeo-Resolute|166\/324|[from] sandstorm
|-damage|p2a: Slowbro|157\/394 brn|[from] sandstorm
|-heal|p1a: Keldeo-Resolute|186\/324|[from] item: Leftovers
|-damage|p2a: Slowbro|108\/394 brn|[from] brn
|turn|30
|
|move|p1a: Keldeo-Resolute|Substitute|p1a: Keldeo-Resolute
|-start|p1a: Keldeo-Resolute|Substitute
|-damage|p1a: Keldeo-Resolute|105\/324
|move|p2a: Slowbro|Slack Off|p2a: Slowbro
|-heal|p2a: Slowbro|305\/394 brn
|
|-weather|Sandstorm|[upkeep]
|-damage|p1a: Keldeo-Resolute|85\/324|[from] sandstorm
|-damage|p2a: Slowbro|281\/394 brn|[from] sandstorm
|-heal|p1a: Keldeo-Resolute|105\/324|[from] item: Leftovers
|-damage|p2a: Slowbro|232\/394 brn|[from] brn
|turn|31
|
|move|p1a: Keldeo-Resolute|Calm Mind|p1a: Keldeo-Resolute
|-boost|p1a: Keldeo-Resolute|spa|1
|-boost|p1a: Keldeo-Resolute|spd|1
|move|p2a: Slowbro|Psyshock|p1a: Keldeo-Resolute
|-supereffective|p1a: Keldeo-Resolute
|-end|p1a: Keldeo-Resolute|Substitute
|
|-weather|none
|-heal|p1a: Keldeo-Resolute|125\/324|[from] item: Leftovers
|-damage|p2a: Slowbro|183\/394 brn|[from] brn
|turn|32
|
|move|p1a: Keldeo-Resolute|Substitute|p1a: Keldeo-Resolute
|-start|p1a: Keldeo-Resolute|Substitute
|-damage|p1a: Keldeo-Resolute|44\/324
|move|p2a: Slowbro|Slack Off|p2a: Slowbro
|-heal|p2a: Slowbro|380\/394 brn
|
|-heal|p1a: Keldeo-Resolute|64\/324|[from] item: Leftovers
|-damage|p2a: Slowbro|331\/394 brn|[from] brn
|turn|33
|
|move|p1a: Keldeo-Resolute|Scald|p2a: Slowbro
|-resisted|p2a: Slowbro
|-damage|p2a: Slowbro|229\/394 brn
|move|p2a: Slowbro|Psyshock|p1a: Keldeo-Resolute
|-supereffective|p1a: Keldeo-Resolute
|-end|p1a: Keldeo-Resolute|Substitute
|
|-heal|p1a: Keldeo-Resolute|84\/324|[from] item: Leftovers
|-damage|p2a: Slowbro|180\/394 brn|[from] brn
|turn|34
|
|move|p1a: Keldeo-Resolute|Substitute|p1a: Keldeo-Resolute
|-start|p1a: Keldeo-Resolute|Substitute
|-damage|p1a: Keldeo-Resolute|3\/324
|move|p2a: Slowbro|Slack Off|p2a: Slowbro
|-heal|p2a: Slowbro|377\/394 brn
|
|-heal|p1a: Keldeo-Resolute|23\/324|[from] item: Leftovers
|-damage|p2a: Slowbro|328\/394 brn|[from] brn
|turn|35
|
|move|p1a: Keldeo-Resolute|Scald|p2a: Slowbro
|-resisted|p2a: Slowbro
|-damage|p2a: Slowbro|232\/394 brn
|move|p2a: Slowbro|Psyshock|p1a: Keldeo-Resolute
|-supereffective|p1a: Keldeo-Resolute
|-end|p1a: Keldeo-Resolute|Substitute
|
|-heal|p1a: Keldeo-Resolute|43\/324|[from] item: Leftovers
|-damage|p2a: Slowbro|183\/394 brn|[from] brn
|turn|36
|
|move|p1a: Keldeo-Resolute|Calm Mind|p1a: Keldeo-Resolute
|-boost|p1a: Keldeo-Resolute|spa|1
|-boost|p1a: Keldeo-Resolute|spd|1
|move|p2a: Slowbro|Slack Off|p2a: Slowbro
|-heal|p2a: Slowbro|380\/394 brn
|
|-heal|p1a: Keldeo-Resolute|63\/324|[from] item: Leftovers
|-damage|p2a: Slowbro|331\/394 brn|[from] brn
|turn|37
|
|move|p1a: Keldeo-Resolute|Scald|p2a: Slowbro
|-resisted|p2a: Slowbro
|-damage|p2a: Slowbro|193\/394 brn
|move|p2a: Slowbro|Psyshock|p1a: Keldeo-Resolute
|-supereffective|p1a: Keldeo-Resolute
|-damage|p1a: Keldeo-Resolute|0 fnt
|faint|p1a: Keldeo-Resolute
|
|-damage|p2a: Slowbro|144\/394 brn|[from] brn
|
|switch|p1a: Clefable|Clefable, F|301\/394
|turn|38
|
|move|p1a: Clefable|Wish|p1a: Clefable
|move|p2a: Slowbro|Psyshock|p1a: Clefable
|-damage|p1a: Clefable|174\/394
|
|-heal|p1a: Clefable|198\/394|[from] item: Leftovers
|-damage|p2a: Slowbro|95\/394 brn|[from] brn
|turn|39
|
|switch|p2a: Tyranitar|Tyranitar, M|99\/341
|-damage|p2a: Tyranitar|57\/341|[from] Stealth Rock
|-weather|Sandstorm
|move|p1a: Clefable|Calm Mind|p1a: Clefable
|-boost|p1a: Clefable|spa|1
|-boost|p1a: Clefable|spd|1
|
|-weather|Sandstorm|[upkeep]
|-damage|p1a: Clefable|174\/394|[from] sandstorm
|-heal|p1a: Clefable|371\/394|[from] move: Wish|[wisher] Clefable
|-heal|p1a: Clefable|394\/394|[from] item: Leftovers
|turn|40
|
|move|p2a: Tyranitar|Stone Edge|p1a: Clefable
|-damage|p1a: Clefable|198\/394
|move|p1a: Clefable|Moonblast|p2a: Tyranitar
|-supereffective|p2a: Tyranitar
|-damage|p2a: Tyranitar|0 fnt
|faint|p2a: Tyranitar
|
|-weather|Sandstorm|[upkeep]
|-damage|p1a: Clefable|174\/394|[from] sandstorm
|-heal|p1a: Clefable|198\/394|[from] item: Leftovers
|
|switch|p2a: Garchomp|Garchomp, F|404\/404
|-damage|p2a: Garchomp|379\/404|[from] Stealth Rock
|turn|41
|
|move|p1a: Clefable|Protect|p1a: Clefable
|-singleturn|p1a: Clefable|Protect
|move|p2a: Garchomp|Earthquake|p1a: Clefable
|-activate|p1a: Clefable|Protect
|
|-weather|Sandstorm|[upkeep]
|-damage|p1a: Clefable|174\/394|[from] sandstorm
|-heal|p2a: Garchomp|404\/404|[from] item: Leftovers
|-heal|p1a: Clefable|198\/394|[from] item: Leftovers
|turn|42
|
|switch|p1a: Landorus-Therian|Landorus-Therian, M|99\/381
|-ability|p1a: Landorus-Therian|Intimidate|[of] p2a: Garchomp
|-unboost|p2a: Garchomp|atk|1
|move|p2a: Garchomp|Earthquake|p1a: Landorus-Therian
|-immune|p1a: Landorus-Therian|[msg]
|
|-weather|Sandstorm|[upkeep]
|turn|43
|
|switch|p2a: Slowbro|Slowbro-Mega, M|95\/394 brn
|-damage|p2a: Slowbro|46\/394 brn|[from] Stealth Rock
|move|p1a: Landorus-Therian|Toxic|p2a: Slowbro
|-fail|p2a: Slowbro
|
|-weather|none
|-damage|p2a: Slowbro|0 fnt|[from] brn
|faint|p2a: Slowbro
|
|switch|p2a: Thundurus|Thundurus, M|305\/305
|-damage|p2a: Thundurus|229\/305|[from] Stealth Rock
|turn|44
|
|switch|p1a: Scizor|Scizor, F|84\/344
|move|p2a: Thundurus|Hidden Power|p1a: Scizor
|-damage|p1a: Scizor|0 fnt
|faint|p1a: Scizor
|
|-heal|p2a: Thundurus|248\/305|[from] item: Leftovers
|
|switch|p1a: Clefable|Clefable, F|198\/394
|turn|45
|
|move|p2a: Thundurus|Thunderbolt|p1a: Clefable
|-damage|p1a: Clefable|71\/394
|move|p1a: Clefable|Wish|p1a: Clefable
|
|-heal|p2a: Thundurus|267\/305|[from] item: Leftovers
|-heal|p1a: Clefable|95\/394|[from] item: Leftovers
|turn|46
|
|move|p1a: Clefable|Protect|p1a: Clefable
|-singleturn|p1a: Clefable|Protect
|move|p2a: Thundurus|Thunderbolt|p1a: Clefable
|-activate|p1a: Clefable|Protect
|
|-heal|p1a: Clefable|292\/394|[from] move: Wish|[wisher] Clefable
|-heal|p2a: Thundurus|286\/305|[from] item: Leftovers
|-heal|p1a: Clefable|316\/394|[from] item: Leftovers
|turn|47
|
|move|p2a: Thundurus|Thunder Wave|p1a: Clefable
|-status|p1a: Clefable|par
|move|p1a: Clefable|Wish|p1a: Clefable
|
|-heal|p2a: Thundurus|305\/305|[from] item: Leftovers
|-heal|p1a: Clefable|340\/394 par|[from] item: Leftovers
|turn|48
|
|move|p2a: Thundurus|Thunderbolt|p1a: Clefable
|-crit|p1a: Clefable
|-damage|p1a: Clefable|150\/394 par
|move|p1a: Clefable|Moonblast|p2a: Thundurus
|-crit|p2a: Thundurus
|-damage|p2a: Thundurus|98\/305
|-unboost|p2a: Thundurus|spa|1
|
|-heal|p1a: Clefable|347\/394 par|[from] move: Wish|[wisher] Clefable
|-heal|p2a: Thundurus|117\/305|[from] item: Leftovers
|-heal|p1a: Clefable|371\/394 par|[from] item: Leftovers
|turn|49
|
|move|p2a: Thundurus|Nasty Plot|p2a: Thundurus
|-boost|p2a: Thundurus|spa|2
|move|p1a: Clefable|Calm Mind|p1a: Clefable
|-boost|p1a: Clefable|spa|1
|-boost|p1a: Clefable|spd|1
|
|-heal|p2a: Thundurus|136\/305|[from] item: Leftovers
|-heal|p1a: Clefable|394\/394 par|[from] item: Leftovers
|turn|50
|
|move|p2a: Thundurus|Thunderbolt|p1a: Clefable
|-crit|p1a: Clefable
|-damage|p1a: Clefable|202\/394 par
|move|p1a: Clefable|Calm Mind|p1a: Clefable
|-boost|p1a: Clefable|spa|1
|-boost|p1a: Clefable|spd|1
|
|-heal|p2a: Thundurus|155\/305|[from] item: Leftovers
|-heal|p1a: Clefable|226\/394 par|[from] item: Leftovers
|turn|51
|
|move|p2a: Thundurus|Thunderbolt|p1a: Clefable
|-damage|p1a: Clefable|153\/394 par
|move|p1a: Clefable|Wish|p1a: Clefable
|
|-heal|p2a: Thundurus|174\/305|[from] item: Leftovers
|-heal|p1a: Clefable|177\/394 par|[from] item: Leftovers
|turn|52
|
|move|p2a: Thundurus|Thunderbolt|p1a: Clefable
|-damage|p1a: Clefable|111\/394 par
|move|p1a: Clefable|Calm Mind|p1a: Clefable
|-boost|p1a: Clefable|spa|1
|-boost|p1a: Clefable|spd|1
|
|-heal|p1a: Clefable|308\/394 par|[from] move: Wish|[wisher] Clefable
|-heal|p2a: Thundurus|193\/305|[from] item: Leftovers
|-heal|p1a: Clefable|332\/394 par|[from] item: Leftovers
|turn|53
|
|move|p2a: Thundurus|Thunderbolt|p1a: Clefable
|-damage|p1a: Clefable|275\/394 par
|move|p1a: Clefable|Wish|p1a: Clefable
|
|-heal|p2a: Thundurus|212\/305|[from] item: Leftovers
|-heal|p1a: Clefable|299\/394 par|[from] item: Leftovers
|turn|54
|
|move|p2a: Thundurus|Thunderbolt|p1a: Clefable
|-damage|p1a: Clefable|242\/394 par
|move|p1a: Clefable|Moonblast|p2a: Thundurus
|-damage|p2a: Thundurus|0 fnt
|faint|p2a: Thundurus
|
|-heal|p1a: Clefable|394\/394 par|[from] move: Wish|[wisher] Clefable
|
|switch|p2a: Garchomp|Garchomp, F|404\/404
|-damage|p2a: Garchomp|379\/404|[from] Stealth Rock
|turn|55
|
|move|p2a: Garchomp|Earthquake|p1a: Clefable
|-damage|p1a: Clefable|205\/394 par
|move|p1a: Clefable|Moonblast|p2a: Garchomp
|-supereffective|p2a: Garchomp
|-damage|p2a: Garchomp|0 fnt
|faint|p2a: Garchomp
|
|-heal|p1a: Clefable|229\/394 par|[from] item: Leftovers
|
|switch|p2a: Clefable|Clefable, M|318\/394
|turn|56
|
|move|p2a: Clefable|Moonblast|p1a: Clefable
|-damage|p1a: Clefable|190\/394 par
|-unboost|p1a: Clefable|spa|1
|cant|p1a: Clefable|par
|
|-heal|p2a: Clefable|342\/394|[from] item: Leftovers
|-heal|p1a: Clefable|214\/394 par|[from] item: Leftovers
|turn|57
|
|move|p2a: Clefable|Moonblast|p1a: Clefable
|-damage|p1a: Clefable|175\/394 par
|move|p1a: Clefable|Wish|p1a: Clefable
|
|-heal|p2a: Clefable|366\/394|[from] item: Leftovers
|-heal|p1a: Clefable|199\/394 par|[from] item: Leftovers
|turn|58
|
|move|p2a: Clefable|Moonblast|p1a: Clefable
|-damage|p1a: Clefable|157\/394 par
|-unboost|p1a: Clefable|spa|1
|move|p1a: Clefable|Calm Mind|p1a: Clefable
|-boost|p1a: Clefable|spa|1
|-boost|p1a: Clefable|spd|1
|
|-heal|p1a: Clefable|354\/394 par|[from] move: Wish|[wisher] Clefable
|-heal|p2a: Clefable|390\/394|[from] item: Leftovers
|-heal|p1a: Clefable|378\/394 par|[from] item: Leftovers
|turn|59
|
|move|p2a: Clefable|Moonblast|p1a: Clefable
|-damage|p1a: Clefable|347\/394 par
|move|p1a: Clefable|Calm Mind|p1a: Clefable
|-boost|p1a: Clefable|spa|1
|-boost|p1a: Clefable|spd|1
|
|-heal|p2a: Clefable|394\/394|[from] item: Leftovers
|-heal|p1a: Clefable|371\/394 par|[from] item: Leftovers
|turn|60
|
|move|p2a: Clefable|Moonblast|p1a: Clefable
|-damage|p1a: Clefable|340\/394 par
|cant|p1a: Clefable|par
|
|-heal|p1a: Clefable|364\/394 par|[from] item: Leftovers
|turn|61
|
|move|p2a: Clefable|Moonblast|p1a: Clefable
|-damage|p1a: Clefable|334\/394 par
|-unboost|p1a: Clefable|spa|1
|move|p1a: Clefable|Calm Mind|p1a: Clefable
|-boost|p1a: Clefable|spa|1
|-boost|p1a: Clefable|spd|1
|
|-heal|p1a: Clefable|358\/394 par|[from] item: Leftovers
|turn|62
|
|move|p2a: Clefable|Moonblast|p1a: Clefable
|-damage|p1a: Clefable|333\/394 par
|-unboost|p1a: Clefable|spa|1
|move|p1a: Clefable|Calm Mind|p1a: Clefable
|-boost|p1a: Clefable|spa|1
|
|-heal|p1a: Clefable|357\/394 par|[from] item: Leftovers
|turn|63
|c|ânaptY|can you stop pls
|
|move|p2a: Clefable|Moonblast|p1a: Clefable
|-damage|p1a: Clefable|330\/394 par
|move|p1a: Clefable|Calm Mind|p1a: Clefable
|-boost|p1a: Clefable|spa|1
|
|-heal|p1a: Clefable|354\/394 par|[from] item: Leftovers
|turn|64
|c|âS4TW2|just kill me?
|c|ânaptY|just forfeit?
|c|âS4TW2|just kill me?
|
|move|p2a: Clefable|Moonblast|p1a: Clefable
|-damage|p1a: Clefable|330\/394 par
|-unboost|p1a: Clefable|spa|1
|move|p1a: Clefable|Calm Mind|p1a: Clefable
|-boost|p1a: Clefable|spa|1
|
|-heal|p1a: Clefable|354\/394 par|[from] item: Leftovers
|turn|65
|c|âS4TW2|i need a replay
|c|ânaptY|just forfeit?
|c|âS4TW2|jesuis need replay
|c|ânaptY|you can type \/forfeit and then \/savereplay
|
|move|p2a: Clefable|Moonblast|p1a: Clefable
|-damage|p1a: Clefable|327\/394 par
|cant|p1a: Clefable|par
|
|-heal|p1a: Clefable|351\/394 par|[from] item: Leftovers
|turn|66
|
|move|p2a: Clefable|Moonblast|p1a: Clefable
|-damage|p1a: Clefable|324\/394 par
|move|p1a: Clefable|Calm Mind|p1a: Clefable
|-boost|p1a: Clefable|spa|1
|
|-heal|p1a: Clefable|348\/394 par|[from] item: Leftovers
|turn|67
|
|move|p2a: Clefable|Moonblast|p1a: Clefable
|-damage|p1a: Clefable|320\/394 par
|move|p1a: Clefable|Calm Mind|p1a: Clefable
|-boost|p1a: Clefable|spa|1
|
|-heal|p1a: Clefable|344\/394 par|[from] item: Leftovers
|turn|68
|
|move|p2a: Clefable|Moonblast|p1a: Clefable
|-crit|p1a: Clefable
|-damage|p1a: Clefable|199\/394 par
|move|p1a: Clefable|Moonblast|p2a: Clefable
|-crit|p2a: Clefable
|-damage|p2a: Clefable|0 fnt
|faint|p2a: Clefable
|
|win|naptY
|raw|Ladder updating...
|raw|naptY's rating: 1650 &rarr; <strong>1669<\/strong><br \/>(+19 for winning)
|raw|S4TW2's rating: 1637 &rarr; <strong>1617<\/strong><br \/>(-20 for losing)
|c|âS4TW2|gg