|join|TheHotIndian
|join|S4TW2
|player|p1|TheHotIndian|265
|player|p2|S4TW2|131
|gametype|singles
|gen|6
|tier|OU
|rated
|clearpoke
|poke|p1|Gardevoir, F
|poke|p1|Breloom, M
|poke|p1|Crawdaunt, M
|poke|p1|Klefki, F
|poke|p1|Tentacruel, F
|poke|p1|Mamoswine, F
|poke|p2|Ferrothorn, M
|poke|p2|Slowbro, M
|poke|p2|Garchomp, F
|poke|p2|Thundurus, M
|poke|p2|Clefable, M
|poke|p2|Tyranitar, M
|rule|Swagger Clause: Swagger is banned
|rule|Baton Pass Clause: Limit one PokÃ©mon knowing Baton Pass
|rule|Sleep Clause Mod: Limit one foe put to sleep
|rule|Species Clause: Limit one of each PokÃ©mon
|rule|OHKO Clause: OHKO moves are banned
|rule|Moody Clause: Moody is banned
|rule|Evasion Moves Clause: Evasion moves are banned
|rule|Endless Battle Clause: Forcing endless battles is banned
|rule|HP Percentage Mod: HP is shown in percentages
|teampreview
|
|start
|switch|p1a: Mamoswine|Mamoswine, F|362\/362
|switch|p2a: Slowbro|Slowbro, M|394\/394
|turn|1
|
|move|p1a: Mamoswine|Stealth Rock|p2a: Slowbro
|-sidestart|p2: S4TW2|move: Stealth Rock
|move|p2a: Slowbro|Scald|p1a: Mamoswine
|-supereffective|p1a: Mamoswine
|-damage|p1a: Mamoswine|80\/362
|
|turn|2
|
|switch|p1a: Tentacruel|Tentacruel, F|357\/357
|move|p2a: Slowbro|Scald|p1a: Tentacruel
|-resisted|p1a: Tentacruel
|-damage|p1a: Tentacruel|313\/357
|
|-heal|p1a: Tentacruel|335\/357|[from] item: Black Sludge
|turn|3
|
|switch|p2a: Ferrothorn|Ferrothorn, M|352\/352
|-damage|p2a: Ferrothorn|330\/352|[from] Stealth Rock
|move|p1a: Tentacruel|Knock Off|p2a: Ferrothorn
|-damage|p2a: Ferrothorn|298\/352
|-damage|p1a: Tentacruel|291\/357|[from] ability: Iron Barbs|[of] p2a: Ferrothorn
|-enditem|p2a: Ferrothorn|Leftovers|[from] move: Knock Off|[of] p1a: Tentacruel
|
|-heal|p1a: Tentacruel|313\/357|[from] item: Black Sludge
|turn|4
|
|move|p1a: Tentacruel|Scald|p2a: Ferrothorn
|-resisted|p2a: Ferrothorn
|-damage|p2a: Ferrothorn|271\/352
|move|p2a: Ferrothorn|Stealth Rock|p1a: Tentacruel
|-sidestart|p1: TheHotIndian|move: Stealth Rock
|
|-heal|p1a: Tentacruel|335\/357|[from] item: Black Sludge
|turn|5
|
|move|p1a: Tentacruel|Scald|p2a: Ferrothorn
|-resisted|p2a: Ferrothorn
|-damage|p2a: Ferrothorn|239\/352
|move|p2a: Ferrothorn|Leech Seed|p1a: Tentacruel
|-start|p1a: Tentacruel|move: Leech Seed
|
|-heal|p1a: Tentacruel|357\/357|[from] item: Black Sludge
|-damage|p1a: Tentacruel|313\/357|[from] Leech Seed|[of] p2a: Ferrothorn
|-damage|p2a: Ferrothorn|195\/352|[from] ability: Liquid Ooze|[of] p1a: Tentacruel
|turn|6
|
|switch|p2a: Clefable|Clefable, M|394\/394
|move|p1a: Tentacruel|Scald|p2a: Clefable
|-damage|p2a: Clefable|321\/394
|
|-heal|p1a: Tentacruel|335\/357|[from] item: Black Sludge
|-heal|p2a: Clefable|345\/394|[from] item: Leftovers
|-damage|p1a: Tentacruel|291\/357|[from] Leech Seed|[of] p2a: Clefable
|turn|7
|
|move|p1a: Tentacruel|Knock Off|p2a: Clefable
|-resisted|p2a: Clefable
|-damage|p2a: Clefable|320\/394
|-enditem|p2a: Clefable|Leftovers|[from] move: Knock Off|[of] p1a: Tentacruel
|move|p2a: Clefable|Moonblast|p1a: Tentacruel
|-resisted|p1a: Tentacruel
|-damage|p1a: Tentacruel|245\/357
|
|-heal|p1a: Tentacruel|267\/357|[from] item: Black Sludge
|-damage|p1a: Tentacruel|223\/357|[from] Leech Seed|[of] p2a: Clefable
|turn|8
|
|move|p1a: Tentacruel|Rapid Spin|p2a: Clefable
|-crit|p2a: Clefable
|-damage|p2a: Clefable|302\/394
|-end|p1a: Tentacruel|Leech Seed|[from] move: Rapid Spin|[of] p1a: Tentacruel
|-sideend|p1: TheHotIndian|Stealth Rock|[from] move: Rapid Spin|[of] p1a: Tentacruel
|move|p2a: Clefable|Soft-Boiled|p2a: Clefable
|-heal|p2a: Clefable|394\/394
|
|-heal|p1a: Tentacruel|245\/357|[from] item: Black Sludge
|turn|9
|
|switch|p1a: Gardevoir|Gardevoir, F|277\/277
|-ability|p1a: Gardevoir|Magic Guard|[from] ability: Trace|[of] p2a: Clefable
|move|p2a: Clefable|Calm Mind|p2a: Clefable
|-boost|p2a: Clefable|spa|1
|-boost|p2a: Clefable|spd|1
|
|turn|10
|
|detailschange|p1a: Gardevoir|Gardevoir-Mega, F
|-mega|p1a: Gardevoir|Gardevoir|Gardevoirite
|move|p1a: Gardevoir|Taunt|p2a: Clefable
|-start|p2a: Clefable|move: Taunt
|move|p2a: Clefable|Moonblast|p1a: Gardevoir
|-damage|p1a: Gardevoir|150\/277
|
|turn|11
|
|move|p1a: Gardevoir|Hyper Voice|p2a: Clefable
|-damage|p2a: Clefable|238\/394
|move|p2a: Clefable|Moonblast|p1a: Gardevoir
|-damage|p1a: Gardevoir|21\/277
|-unboost|p1a: Gardevoir|spa|1
|
|turn|12
|
|move|p1a: Gardevoir|Hyper Voice|p2a: Clefable
|-damage|p2a: Clefable|121\/394
|move|p2a: Clefable|Moonblast|p1a: Gardevoir
|-damage|p1a: Gardevoir|0 fnt
|faint|p1a: Gardevoir
|
|-end|p2a: Clefable|move: Taunt
|
|switch|p1a: Breloom|Breloom, M|262\/262
|turn|13
|
|switch|p2a: Ferrothorn|Ferrothorn, M|195\/352
|-damage|p2a: Ferrothorn|173\/352|[from] Stealth Rock
|move|p1a: Breloom|Substitute|p1a: Breloom
|-start|p1a: Breloom|Substitute
|-damage|p1a: Breloom|197\/262
|
|-status|p1a: Breloom|tox|[from] item: Toxic Orb
|turn|14
|
|-singleturn|p1a: Breloom|move: Focus Punch
|move|p2a: Ferrothorn|Protect|p2a: Ferrothorn
|-singleturn|p2a: Ferrothorn|Protect
|move|p1a: Breloom|Focus Punch|p2a: Ferrothorn
|-activate|p2a: Ferrothorn|Protect
|
|-heal|p1a: Breloom|229\/262 tox|[from] ability: Poison Heal
|turn|15
|
|-singleturn|p1a: Breloom|move: Focus Punch
|switch|p2a: Slowbro|Slowbro, M|394\/394
|-damage|p2a: Slowbro|345\/394|[from] Stealth Rock
|move|p1a: Breloom|Focus Punch|p2a: Slowbro
|-resisted|p2a: Slowbro
|-damage|p2a: Slowbro|230\/394
|
|-heal|p1a: Breloom|261\/262 tox|[from] ability: Poison Heal
|turn|16
|
|switch|p2a: Tyranitar|Tyranitar, M|341\/341
|-damage|p2a: Tyranitar|299\/341|[from] Stealth Rock
|-weather|Sandstorm
|move|p1a: Breloom|Seed Bomb|p2a: Tyranitar
|-supereffective|p2a: Tyranitar
|-damage|p2a: Tyranitar|9\/341
|
|-weather|Sandstorm|[upkeep]
|-damage|p1a: Breloom|245\/262 tox|[from] sandstorm
|-heal|p1a: Breloom|262\/262 tox|[from] ability: Poison Heal
|turn|17
|
|move|p2a: Tyranitar|Stone Edge|p1a: Breloom
|-resisted|p1a: Breloom
|-end|p1a: Breloom|Substitute
|move|p1a: Breloom|Spore|p2a: Tyranitar
|-status|p2a: Tyranitar|slp
|
|-weather|Sandstorm|[upkeep]
|-damage|p1a: Breloom|246\/262 tox|[from] sandstorm
|-heal|p1a: Breloom|262\/262 tox|[from] ability: Poison Heal
|turn|18
|
|switch|p2a: Thundurus|Thundurus, M|305\/305
|-damage|p2a: Thundurus|229\/305|[from] Stealth Rock
|move|p1a: Breloom|Substitute|p1a: Breloom
|-start|p1a: Breloom|Substitute
|-damage|p1a: Breloom|197\/262 tox
|
|-weather|Sandstorm|[upkeep]
|-damage|p2a: Thundurus|210\/305|[from] sandstorm
|-damage|p1a: Breloom|181\/262 tox|[from] sandstorm
|-heal|p2a: Thundurus|229\/305|[from] item: Leftovers
|-heal|p1a: Breloom|213\/262 tox|[from] ability: Poison Heal
|turn|19
|
|-singleturn|p1a: Breloom|move: Focus Punch
|move|p2a: Thundurus|Hidden Power|p1a: Breloom
|-supereffective|p1a: Breloom
|-end|p1a: Breloom|Substitute
|move|p1a: Breloom|Focus Punch|p2a: Thundurus
|-resisted|p2a: Thundurus
|-damage|p2a: Thundurus|42\/305
|
|-weather|Sandstorm|[upkeep]
|-damage|p2a: Thundurus|23\/305|[from] sandstorm
|-damage|p1a: Breloom|197\/262 tox|[from] sandstorm
|-heal|p2a: Thundurus|42\/305|[from] item: Leftovers
|-heal|p1a: Breloom|229\/262 tox|[from] ability: Poison Heal
|turn|20
|
|switch|p1a: Crawdaunt|Crawdaunt, M|268\/268
|move|p2a: Thundurus|Hidden Power|p1a: Crawdaunt
|-damage|p1a: Crawdaunt|105\/268
|
|-weather|none
|-heal|p2a: Thundurus|61\/305|[from] item: Leftovers
|turn|21
|
|move|p2a: Thundurus|Thunder Wave|p1a: Crawdaunt
|-status|p1a: Crawdaunt|par
|move|p1a: Crawdaunt|Aqua Jet|p2a: Thundurus
|-damage|p2a: Thundurus|0 fnt
|-damage|p1a: Crawdaunt|79\/268 par|[from] item: Life Orb
|faint|p2a: Thundurus
|
|
|switch|p2a: Clefable|Clefable, M|121\/394
|turn|22
|
|move|p2a: Clefable|Soft-Boiled|p2a: Clefable
|-heal|p2a: Clefable|318\/394
|move|p1a: Crawdaunt|Crabhammer|p2a: Clefable
|-damage|p2a: Clefable|0 fnt
|-damage|p1a: Crawdaunt|53\/268 par|[from] item: Life Orb
|faint|p2a: Clefable
|
|
|switch|p2a: Garchomp|Garchomp, F|404\/404
|-damage|p2a: Garchomp|379\/404|[from] Stealth Rock
|turn|23
|
|move|p1a: Crawdaunt|Aqua Jet|p2a: Garchomp
|-damage|p2a: Garchomp|246\/404
|-damage|p1a: Crawdaunt|20\/268 par|[from] ability: Rough Skin|[of] p2a: Garchomp
|-damage|p1a: Crawdaunt|0 fnt|[from] item: Life Orb
|faint|p1a: Crawdaunt
|move|p2a: Garchomp|Dragon Claw|p1: Crawdaunt|[notarget]
|-notarget
|
|-heal|p2a: Garchomp|271\/404|[from] item: Leftovers
|
|switch|p1a: Mamoswine|Mamoswine, F|80\/362
|turn|24
|
|switch|p2a: Slowbro|Slowbro, M|361\/394
|-damage|p2a: Slowbro|312\/394|[from] Stealth Rock
|move|p1a: Mamoswine|Ice Shard|p2a: Slowbro
|-resisted|p2a: Slowbro
|-damage|p2a: Slowbro|278\/394
|
|turn|25
|
|switch|p1a: Breloom|Breloom, M|229\/262 tox
|detailschange|p2a: Slowbro|Slowbro-Mega, M
|-mega|p2a: Slowbro|Slowbro|Slowbronite
|move|p2a: Slowbro|Slack Off|p2a: Slowbro
|-heal|p2a: Slowbro|394\/394
|
|-heal|p1a: Breloom|261\/262 tox|[from] ability: Poison Heal
|turn|26
|
|move|p1a: Breloom|Substitute|p1a: Breloom
|-start|p1a: Breloom|Substitute
|-damage|p1a: Breloom|196\/262 tox
|move|p2a: Slowbro|Psyshock|p1a: Breloom
|-supereffective|p1a: Breloom
|-end|p1a: Breloom|Substitute
|
|-heal|p1a: Breloom|228\/262 tox|[from] ability: Poison Heal
|turn|27
|
|switch|p1a: Klefki|Klefki, F|317\/317
|move|p2a: Slowbro|Psyshock|p1a: Klefki
|-resisted|p1a: Klefki
|-damage|p1a: Klefki|257\/317
|
|-heal|p1a: Klefki|276\/317|[from] item: Leftovers
|turn|28
|
|move|p1a: Klefki|Thunder Wave|p2a: Slowbro
|-status|p2a: Slowbro|par
|move|p2a: Slowbro|Calm Mind|p2a: Slowbro
|-boost|p2a: Slowbro|spa|1
|-boost|p2a: Slowbro|spd|1
|
|-heal|p1a: Klefki|295\/317|[from] item: Leftovers
|turn|29
|
|switch|p1a: Breloom|Breloom, M|228\/262 tox
|move|p2a: Slowbro|Calm Mind|p2a: Slowbro
|-boost|p2a: Slowbro|spa|1
|-boost|p2a: Slowbro|spd|1
|
|-heal|p1a: Breloom|260\/262 tox|[from] ability: Poison Heal
|turn|30
|
|move|p1a: Breloom|Substitute|p1a: Breloom
|-start|p1a: Breloom|Substitute
|-damage|p1a: Breloom|195\/262 tox
|cant|p2a: Slowbro|par
|
|-heal|p1a: Breloom|227\/262 tox|[from] ability: Poison Heal
|turn|31
|
|move|p1a: Breloom|Seed Bomb|p2a: Slowbro
|-supereffective|p2a: Slowbro
|-damage|p2a: Slowbro|236\/394 par
|move|p2a: Slowbro|Psyshock|p1a: Breloom
|-supereffective|p1a: Breloom
|-end|p1a: Breloom|Substitute
|
|-heal|p1a: Breloom|259\/262 tox|[from] ability: Poison Heal
|turn|32
|
|move|p1a: Breloom|Substitute|p1a: Breloom
|-start|p1a: Breloom|Substitute
|-damage|p1a: Breloom|194\/262 tox
|move|p2a: Slowbro|Psyshock|p1a: Breloom
|-supereffective|p1a: Breloom
|-end|p1a: Breloom|Substitute
|
|-heal|p1a: Breloom|226\/262 tox|[from] ability: Poison Heal
|turn|33
|
|move|p1a: Breloom|Substitute|p1a: Breloom
|-start|p1a: Breloom|Substitute
|-damage|p1a: Breloom|161\/262 tox
|move|p2a: Slowbro|Psyshock|p1a: Breloom
|-supereffective|p1a: Breloom
|-end|p1a: Breloom|Substitute
|
|-heal|p1a: Breloom|193\/262 tox|[from] ability: Poison Heal
|turn|34
|
|move|p1a: Breloom|Substitute|p1a: Breloom
|-start|p1a: Breloom|Substitute
|-damage|p1a: Breloom|128\/262 tox
|move|p2a: Slowbro|Psyshock|p1a: Breloom
|-supereffective|p1a: Breloom
|-end|p1a: Breloom|Substitute
|
|-heal|p1a: Breloom|160\/262 tox|[from] ability: Poison Heal
|turn|35
|
|move|p1a: Breloom|Substitute|p1a: Breloom
|-start|p1a: Breloom|Substitute
|-damage|p1a: Breloom|95\/262 tox
|move|p2a: Slowbro|Psyshock|p1a: Breloom
|-supereffective|p1a: Breloom
|-end|p1a: Breloom|Substitute
|
|-heal|p1a: Breloom|127\/262 tox|[from] ability: Poison Heal
|turn|36
|
|move|p1a: Breloom|Substitute|p1a: Breloom
|-start|p1a: Breloom|Substitute
|-damage|p1a: Breloom|62\/262 tox
|move|p2a: Slowbro|Psyshock|p1a: Breloom
|-supereffective|p1a: Breloom
|-end|p1a: Breloom|Substitute
|
|-heal|p1a: Breloom|94\/262 tox|[from] ability: Poison Heal
|turn|37
|
|move|p1a: Breloom|Substitute|p1a: Breloom
|-start|p1a: Breloom|Substitute
|-damage|p1a: Breloom|29\/262 tox
|move|p2a: Slowbro|Psyshock|p1a: Breloom
|-supereffective|p1a: Breloom
|-end|p1a: Breloom|Substitute
|
|-heal|p1a: Breloom|61\/262 tox|[from] ability: Poison Heal
|turn|38
|
|move|p1a: Breloom|Seed Bomb|p2a: Slowbro
|-supereffective|p2a: Slowbro
|-damage|p2a: Slowbro|56\/394 par
|move|p2a: Slowbro|Psyshock|p1a: Breloom
|-supereffective|p1a: Breloom
|-damage|p1a: Breloom|0 fnt
|faint|p1a: Breloom
|
|
|switch|p1a: Klefki|Klefki, F|295\/317
|turn|39
|
|move|p1a: Klefki|Foul Play|p2a: Slowbro
|-supereffective|p2a: Slowbro
|-damage|p2a: Slowbro|8\/394 par
|move|p2a: Slowbro|Slack Off|p2a: Slowbro
|-heal|p2a: Slowbro|205\/394 par
|
|-heal|p1a: Klefki|314\/317|[from] item: Leftovers
|turn|40
|-message|TheHotIndian forfeited.
|
|win|S4TW2
|raw|Ladder updating...
|leave|TheHotIndian
|player|p1
|c|âS4TW2|:]
|raw|TheHotIndian's rating: 1488 &rarr; <strong>1472<\/strong><br \/>(-16 for losing)
|raw|S4TW2's rating: 1558 &rarr; <strong>1574<\/strong><br \/>(+16 for winning)