|join|irl cat
|join|RotomSock
|player|p1|irl cat|112
|player|p2|RotomSock|170
|gametype|singles
|gen|6
|tier|OU
|clearpoke
|poke|p1|Skarmory, F
|poke|p1|Mew
|poke|p1|Quagsire, F
|poke|p1|Gengar, M, shiny
|poke|p1|Venusaur, F
|poke|p1|Chansey, F
|poke|p2|Magnezone
|poke|p2|Tyranitar, M
|poke|p2|Gyarados, M
|poke|p2|Excadrill, F
|poke|p2|Latias, F
|poke|p2|Azumarill, F
|rule|Swagger Clause: Swagger is banned
|rule|Baton Pass Clause: Limit one PokÃ©mon knowing Baton Pass
|rule|Sleep Clause Mod: Limit one foe put to sleep
|rule|Species Clause: Limit one of each PokÃ©mon
|rule|OHKO Clause: OHKO moves are banned
|rule|Moody Clause: Moody is banned
|rule|Evasion Moves Clause: Evasion moves are banned
|rule|Endless Battle Clause: Forcing endless battles is banned
|rule|HP Percentage Mod: HP is shown in percentages
|teampreview
|c|âirl cat|i rek u
|c|âRotomSock|probs
|c|âirl cat|hope ur rdy
|c|âirl cat|= )
|c|âRotomSock|this is actually draft 1 of a team
|c|âRotomSock|:P
|join|habajiga
|join|fingerscrossed
|
|start
|switch|p1a: craing ;_;|Venusaur, F|339\/339
|switch|p2a: Azumarill|Azumarill, F|404\/404
|turn|1
|
|switch|p2a: Latias|Latias, F|299\/299
|detailschange|p1a: craing ;_;|Venusaur-Mega, F
|message|Venusaur has Mega Evolved into Mega Venusaur!
|move|p1a: craing ;_;|Hidden Power|p2a: Latias
|-resisted|p2a: Latias
|-damage|p2a: Latias|277\/299
|
|turn|2
|join|sicilian defense
|c|âRotomSock|fuck this team is ass
|
|switch|p2a: Tyranitar|Tyranitar, M|341\/341
|-weather|Sandstorm
|switch|p1a: prankster|Mew|403\/403
|
|-weather|Sandstorm|[upkeep]
|-damage|p1a: prankster|378\/403|[from] sandstorm
|-heal|p1a: prankster|403\/403|[from] item: Leftovers
|turn|3
|
|switch|p2a: Magnezone|Magnezone|281\/281
|switch|p1a: tfl|Skarmory, F|333\/333
|
|-weather|Sandstorm|[upkeep]
|turn|4
|c|+fingerscrossed|irl cat what is this shit
|
|switch|p1a: me|Quagsire, F|393\/393
|move|p2a: Magnezone|Thunderbolt|p1a: me
|-immune|p1a: me|[msg]
|
|-weather|Sandstorm|[upkeep]
|turn|5
|c|âirl cat|shed shell hoe
|
|switch|p2a: Latias|Latias, F|277\/299
|move|p1a: me|Scald|p2a: Latias
|-resisted|p2a: Latias
|-damage|p2a: Latias|251\/299
|-status|p2a: Latias|brn
|
|-weather|Sandstorm|[upkeep]
|-damage|p2a: Latias|233\/299 brn|[from] sandstorm
|-damage|p2a: Latias|196\/299 brn|[from] brn
|turn|6
|c|âirl cat|what shit u talmbout
|c|+fingerscrossed|no your team is so disgusting. 
|c|âirl cat|wtf ok
|c| sicilian defense|wow rude
|c|âirl cat|how my team shit
|c|+fingerscrossed|hello? mew chansey venusaur with skarm...
|c|âirl cat|why u so mean
|
|switch|p2a: Tyranitar|Tyranitar, M|341\/341
|move|p1a: me|Protect|p1a: me
|-fail|p1a: me
|
|-weather|none
|turn|7
|c|âirl cat|ok how is tht bad then
|
|switch|p2a: Latias|Latias, F|196\/299 brn
|move|p1a: me|Scald|p2a: Latias
|-resisted|p2a: Latias
|-damage|p2a: Latias|171\/299 brn
|
|-damage|p2a: Latias|134\/299 brn|[from] brn
|turn|8
|c|+fingerscrossed|it's gross.
|c|âirl cat|i need u to tell me why
|c|âirl cat|i dont see wht ur saying
|
|switch|p2a: Excadrill|Excadrill, F|359\/359
|-item|p2a: Excadrill|Air Balloon
|move|p1a: me|Protect|p1a: me
|-fail|p1a: me
|
|turn|9
|c|âirl cat|why u do this
|c|âirl cat|u kno i aint switchn
|
|move|p2a: Excadrill|Stealth Rock|p1a: me
|-sidestart|p1: irl cat|move: Stealth Rock
|move|p1a: me|Scald|p2a: Excadrill
|-supereffective|p2a: Excadrill
|-damage|p2a: Excadrill|159\/359
|-enditem|p2a: Excadrill|Air Balloon
|
|turn|10
|
|move|p2a: Excadrill|Earthquake|p1a: me
|-damage|p1a: me|230\/393
|move|p1a: me|Scald|p2a: Excadrill
|-supereffective|p2a: Excadrill
|-damage|p2a: Excadrill|0 fnt
|faint|p2a: Excadrill
|
|-heal|p1a: me|254\/393|[from] item: Leftovers
|
|switch|p2a: Gyarados|Gyarados, M|331\/331
|-ability|p2a: Gyarados|Intimidate|[of] p1a: me
|-unboost|p1a: me|atk|1
|turn|11
|
|move|p2a: Gyarados|Substitute|p2a: Gyarados
|-start|p2a: Gyarados|Substitute
|-damage|p2a: Gyarados|249\/331
|move|p1a: me|Toxic|p2a: Gyarados|[miss]
|-miss|p1a: me|p2a: Gyarados
|
|-heal|p1a: me|278\/393|[from] item: Leftovers
|turn|12
|c|âirl cat|ok
|
|move|p2a: Gyarados|Dragon Dance|p2a: Gyarados
|-boost|p2a: Gyarados|atk|1
|-boost|p2a: Gyarados|spe|1
|move|p1a: me|Recover|p1a: me
|-heal|p1a: me|393\/393
|
|turn|13
|leave|fingerscrossed
|
|switch|p1a: tfl|Skarmory, F|333\/333
|-damage|p1a: tfl|292\/333|[from] Stealth Rock
|move|p2a: Gyarados|Waterfall|p1a: tfl
|-damage|p1a: tfl|162\/333
|
|turn|14
|
|move|p2a: Gyarados|Dragon Dance|p2a: Gyarados
|-boost|p2a: Gyarados|atk|1
|-boost|p2a: Gyarados|spe|1
|move|p1a: tfl|Roost|p1a: tfl
|-heal|p1a: tfl|329\/333
|
|turn|15
|c|âirl cat|no crits no hax pls ty based
|
|move|p2a: Gyarados|Waterfall|p1a: tfl
|-damage|p1a: tfl|158\/333
|cant|p1a: tfl|flinch
|
|turn|16
|c|âirl cat|,fseldfmsdkmvxck
|c| sicilian defense|sick
|c|âRotomSock|nb\
|
|switch|p1a: craing ;_;|Venusaur-Mega, F|339\/339
|-damage|p1a: craing ;_;|297\/339|[from] Stealth Rock
|move|p2a: Gyarados|Waterfall|p1a: craing ;_;
|-resisted|p1a: craing ;_;
|-damage|p1a: craing ;_;|200\/339
|
|turn|17
|
|move|p2a: Gyarados|Bounce|p1a: craing ;_;|[still]
|-prepare|p2a: Gyarados|Bounce|p1a: craing ;_;
|move|p1a: craing ;_;|Synthesis|p1a: craing ;_;
|-heal|p1a: craing ;_;|339\/339
|
|turn|18
|
|switch|p1a: me|Quagsire, F|393\/393
|-damage|p1a: me|369\/393|[from] Stealth Rock
|move|p2a: Gyarados|Bounce|p1a: me
|-damage|p1a: me|246\/393
|-status|p1a: me|par
|
|-heal|p1a: me|270\/393 par|[from] item: Leftovers
|turn|19
|c|âirl cat|ok
|c|âirl cat|tfw
|c|âirl cat|tfw
|c|âirl cat|tfw
|c|âirl cat|tfw
|c|âRotomSock|paraflinch go
|
|move|p2a: Gyarados|Waterfall|p1a: me
|-damage|p1a: me|150\/393 par
|cant|p1a: me|flinch
|
|-heal|p1a: me|174\/393 par|[from] item: Leftovers
|turn|20
|join|Crestfall
|c|âirl cat|zzzzzzzzzzzzzzz
|c|âRotomSock|lol
|c| sicilian defense|this serene grace gyara
|
|move|p2a: Gyarados|Waterfall|p1a: me
|-damage|p1a: me|60\/393 par
|move|p1a: me|Recover|p1a: me
|-heal|p1a: me|257\/393 par
|
|-heal|p1a: me|281\/393 par|[from] item: Leftovers
|turn|21
|c| sicilian defense|is a good counter to stall
|c|%Crestfall|parafusion will break
|c|%Crestfall|soon
|c|%Crestfall|gogogo hax
|
|move|p2a: Gyarados|Waterfall|p1a: me
|-damage|p1a: me|160\/393 par
|move|p1a: me|Recover|p1a: me
|-heal|p1a: me|357\/393 par
|
|-heal|p1a: me|381\/393 par|[from] item: Leftovers
|turn|22
|
|switch|p1a: craing ;_;|Venusaur-Mega, F|339\/339
|-damage|p1a: craing ;_;|297\/339|[from] Stealth Rock
|move|p2a: Gyarados|Waterfall|p1a: craing ;_;
|-resisted|p1a: craing ;_;
|-damage|p1a: craing ;_;|201\/339
|
|turn|23
|c|âRotomSock|gyara, step up the hax already
|
|move|p2a: Gyarados|Bounce|p1a: craing ;_;|[still]
|-prepare|p2a: Gyarados|Bounce|p1a: craing ;_;
|move|p1a: craing ;_;|Synthesis|p1a: craing ;_;
|-heal|p1a: craing ;_;|339\/339
|
|turn|24
|
|switch|p1a: me|Quagsire, F|381\/393 par
|-damage|p1a: me|357\/393 par|[from] Stealth Rock
|move|p2a: Gyarados|Bounce|p1a: me
|-damage|p1a: me|236\/393 par
|
|-heal|p1a: me|260\/393 par|[from] item: Leftovers
|turn|25
|
|move|p2a: Gyarados|Dragon Dance|p2a: Gyarados
|-boost|p2a: Gyarados|atk|1
|-boost|p2a: Gyarados|spe|1
|cant|p1a: me|par
|
|-heal|p1a: me|284\/393 par|[from] item: Leftovers
|turn|26
|join|Apathos
|
|move|p2a: Gyarados|Waterfall|p1a: me
|-crit|p1a: me
|-damage|p1a: me|113\/393 par
|cant|p1a: me|par
|
|-heal|p1a: me|137\/393 par|[from] item: Leftovers
|turn|27
|c| sicilian defense|nb
|c| sicilian defense|nb
|c|âirl cat|the coolest shit ieeve ever seen
|c|âRotomSock|this is the greatest game ever
|c|âirl cat|1\/32 chance to do tht
|c|âirl cat|:^)
|
|move|p2a: Gyarados|Waterfall|p1a: me
|-damage|p1a: me|5\/393 par
|cant|p1a: me|flinch
|
|-heal|p1a: me|29\/393 par|[from] item: Leftovers
|turn|28
|c|âRotomSock|(actually it's disgusting, but hey)
|c| sicilian defense|sticking it to stall
|c|âirl cat|33\/100 x 1\/32 =)
|c|âirl cat|33\/3200 chance 2 do tht
|c|âirl cat|cool game. avi
|
|switch|p1a: craing ;_;|Venusaur-Mega, F|339\/339
|-damage|p1a: craing ;_;|297\/339|[from] Stealth Rock
|move|p2a: Gyarados|Waterfall|p1a: craing ;_;
|-resisted|p1a: craing ;_;
|-damage|p1a: craing ;_;|159\/339
|
|turn|29
|c|âirl cat|next i get para on venu
|c|âirl cat|or crit
|c|âirl cat|4 the ultimate combination of coolness and gameness
|c|âirl cat|= )
|join|craing ;_;
|leave|craing ;_;
|
|move|p2a: Gyarados|Waterfall|p1a: craing ;_;
|-resisted|p1a: craing ;_;
|-damage|p1a: craing ;_;|26\/339
|move|p1a: craing ;_;|Synthesis|p1a: craing ;_;
|-heal|p1a: craing ;_;|195\/339
|
|turn|30
|
|move|p2a: Gyarados|Bounce|p1a: craing ;_;|[still]
|-prepare|p2a: Gyarados|Bounce|p1a: craing ;_;
|move|p1a: craing ;_;|Synthesis|p1a: craing ;_;
|-heal|p1a: craing ;_;|339\/339
|
|turn|31
|
|switch|p1a: me|Quagsire, F|29\/393 par
|-damage|p1a: me|5\/393 par|[from] Stealth Rock
|move|p2a: Gyarados|Bounce|p1a: me
|-damage|p1a: me|0 fnt
|faint|p1a: me
|
|join|KratosSnake
|
|switch|p1a: craing ;_;|Venusaur-Mega, F|339\/339
|-damage|p1a: craing ;_;|297\/339|[from] Stealth Rock
|turn|32
|
|switch|p1a: tfl|Skarmory, F|158\/333
|-damage|p1a: tfl|117\/333|[from] Stealth Rock
|move|p2a: Gyarados|Dragon Dance|p2a: Gyarados
|-boost|p2a: Gyarados|atk|1
|-boost|p2a: Gyarados|spe|1
|
|turn|33
|c|âirl cat|BELIEVe
|c|âirl cat|fuck
|c|âirl cat|he danced
|c|âRotomSock|this is so dumb
|
|move|p2a: Gyarados|Waterfall|p1a: tfl
|-damage|p1a: tfl|0 fnt
|faint|p1a: tfl
|
|
|switch|p1a: craing ;_;|Venusaur-Mega, F|297\/339
|-damage|p1a: craing ;_;|255\/339|[from] Stealth Rock
|turn|34
|
|move|p2a: Gyarados|Bounce|p1a: craing ;_;|[still]
|-prepare|p2a: Gyarados|Bounce|p1a: craing ;_;
|move|p1a: craing ;_;|Synthesis|p1a: craing ;_;
|-heal|p1a: craing ;_;|339\/339
|
|turn|35
|join|Gizmo
|
|switch|p1a: mob barley|Chansey, F|703\/703
|-damage|p1a: mob barley|616\/703|[from] Stealth Rock
|move|p2a: Gyarados|Bounce|p1a: mob barley|[miss]
|-miss|p2a: Gyarados|p1a: mob barley
|
|turn|36
|join|cute trap ( ^__^)
|c|âirl cat|kek
|c| Gizmo|mob is a fkn haxor
|
|move|p2a: Gyarados|Waterfall|p1a: mob barley
|-crit|p1a: mob barley
|-damage|p1a: mob barley|0 fnt
|faint|p1a: mob barley
|
|c|âirl cat|<3
|c|âirl cat|iwonder if i wouldve lived
|c| habajiga|irl cat
|c| Gizmo|are two of them named craing ;_;
|c| habajiga|did u literally
|c| habajiga|copy paste
|c| habajiga|tfls rmt?
|c|âirl cat|no?
|c| habajiga|and add mew
|c|âirl cat|this is team i made myelf
|c|âirl cat|myself
|join|Gracidea
|c| habajiga|http:\/\/www.smogon.com\/forums\/threads\/teh-fgts-dat-nevr-die.3500085\/
|c|âRotomSock|tbh, this bull and I should probably sleep
|c| habajiga|finish teh battle
|c|âirl cat|my skarm, venu, chansey, quag, n gengy are all diff
|c|âirl cat|either in spread or moves or both
|c| habajiga|for the fans
|join|Paralysia infantil
|
|switch|p1a: craing ;_;|Venusaur-Mega, F|339\/339
|-damage|p1a: craing ;_;|297\/339|[from] Stealth Rock
|turn|37
|c|âirl cat|same mons =\/= copypaste team
|
|move|p2a: Gyarados|Waterfall|p1a: craing ;_;
|-resisted|p1a: craing ;_;
|-damage|p1a: craing ;_;|153\/339
|move|p1a: craing ;_;|Synthesis|p1a: craing ;_;
|-heal|p1a: craing ;_;|322\/339
|
|turn|38
|join|Biz
|
|move|p2a: Gyarados|Bounce|p1a: craing ;_;|[still]
|-prepare|p2a: Gyarados|Bounce|p1a: craing ;_;
|move|p1a: craing ;_;|Synthesis|p1a: craing ;_;
|-heal|p1a: craing ;_;|339\/339
|
|turn|39
|
|switch|p1a: prankster|Mew|403\/403
|-damage|p1a: prankster|353\/403|[from] Stealth Rock
|move|p2a: Gyarados|Bounce|p1a: prankster
|-damage|p1a: prankster|0 fnt
|faint|p1a: prankster
|
|
|switch|p1a: craing ;_;|Venusaur-Mega, F|339\/339
|-damage|p1a: craing ;_;|297\/339|[from] Stealth Rock
|turn|40
|leave|Biz
|c|âirl cat|me loser
|
|move|p2a: Gyarados|Bounce|p1a: craing ;_;|[still]
|-prepare|p2a: Gyarados|Bounce|p1a: craing ;_;
|move|p1a: craing ;_;|Sludge Bomb|p2a: Gyarados|[miss]
|-miss|p1a: craing ;_;|p2a: Gyarados
|
|turn|41
|
|move|p2a: Gyarados|Bounce|p1a: craing ;_;
|-supereffective|p1a: craing ;_;
|-damage|p1a: craing ;_;|0 fnt
|faint|p1a: craing ;_;
|
|-message|RotomSock forfeited.
|
|win|irl cat
|c|âirl cat|tymang
|leave|cute trap ( ^__^)
|c|âRotomSock|I can't have that
|leave|sicilian defense