|join|RotomSock
|join|kamlna
|player|p1|RotomSock|37
|player|p2|kamlna|99
|gametype|singles
|gen|6
|tier|OU
|rated
|clearpoke
|poke|p1|Gyarados, M
|poke|p1|Latias, F
|poke|p1|Heatran, F
|poke|p1|Ferrothorn, M
|poke|p1|Thundurus, M
|poke|p1|Keldeo
|poke|p2|Manaphy, shiny
|poke|p2|Latios, M
|poke|p2|Landorus-Therian, M
|poke|p2|Keldeo
|poke|p2|Sceptile, F
|poke|p2|Jirachi
|rule|Swagger Clause: Swagger is banned
|rule|Baton Pass Clause: Limit one PokÃ©mon knowing Baton Pass
|rule|Sleep Clause Mod: Limit one foe put to sleep
|rule|Species Clause: Limit one of each PokÃ©mon
|rule|OHKO Clause: OHKO moves are banned
|rule|Moody Clause: Moody is banned
|rule|Evasion Moves Clause: Evasion moves are banned
|rule|Endless Battle Clause: Forcing endless battles is banned
|rule|HP Percentage Mod: HP is shown in percentages
|teampreview
|
|start
|switch|p1a: Thundurus|Thundurus, M|299\/299
|switch|p2a: Landorus-Therian|Landorus-Therian, M|381\/381
|-ability|p2a: Landorus-Therian|Intimidate|[of] p1a: Thundurus
|-unboost|p1a: Thundurus|atk|1
|turn|1
|
|switch|p2a: Jirachi|Jirachi|404\/404
|move|p1a: Thundurus|Hidden Power|p2a: Jirachi
|-resisted|p2a: Jirachi
|-damage|p2a: Jirachi|366\/404
|
|-heal|p2a: Jirachi|391\/404|[from] item: Leftovers
|turn|2
|
|move|p1a: Thundurus|Thunder Wave|p2a: Jirachi
|-status|p2a: Jirachi|par
|cant|p2a: Jirachi|par
|
|-heal|p2a: Jirachi|404\/404 par|[from] item: Leftovers
|turn|3
|
|move|p1a: Thundurus|Taunt|p2a: Jirachi
|-start|p2a: Jirachi|move: Taunt
|cant|p2a: Jirachi|par
|
|turn|4
|
|switch|p1a: Heatran|Heatran, F|385\/385
|move|p2a: Jirachi|Body Slam|p1a: Heatran
|-resisted|p1a: Heatran
|-damage|p1a: Heatran|344\/385
|-status|p1a: Heatran|par
|
|-heal|p1a: Heatran|368\/385 par|[from] item: Leftovers
|turn|5
|
|switch|p2a: MAN|Manaphy, shiny|403\/403
|move|p1a: Heatran|Stealth Rock|p2a: MAN
|-sidestart|p2: kamlna|move: Stealth Rock
|
|-heal|p1a: Heatran|385\/385 par|[from] item: Leftovers
|turn|6
|
|move|p2a: MAN|Scald|p1a: Heatran
|-supereffective|p1a: Heatran
|-damage|p1a: Heatran|247\/385 par
|move|p1a: Heatran|Toxic|p2a: MAN
|-status|p2a: MAN|tox
|
|-heal|p1a: Heatran|271\/385 par|[from] item: Leftovers
|-damage|p2a: MAN|378\/403 tox|[from] psn
|turn|7
|
|switch|p1a: Latias|Latias, F|301\/301
|move|p2a: MAN|Rain Dance|p2a: MAN
|-weather|RainDance
|
|-weather|RainDance|[upkeep]
|-curestatus|p2a: MAN|tox
|-heal|p2a: MAN|403\/403|[from] item: Leftovers
|turn|8
|
|move|p1a: Latias|Psyshock|p2a: MAN
|-damage|p2a: MAN|257\/403
|-damage|p1a: Latias|271\/301|[from] item: Life Orb
|move|p2a: MAN|Tail Glow|p2a: MAN
|-boost|p2a: MAN|spa|3
|
|-weather|RainDance|[upkeep]
|-heal|p2a: MAN|282\/403|[from] item: Leftovers
|turn|9
|
|move|p1a: Latias|Draco Meteor|p2a: MAN
|-damage|p2a: MAN|64\/403
|-unboost|p1a: Latias|spa|2
|-damage|p1a: Latias|241\/301|[from] item: Life Orb
|move|p2a: MAN|Rest|p2a: MAN
|-status|p2a: MAN|slp
|-heal|p2a: MAN|403\/403 slp|[silent]
|-status|p2a: MAN|slp|[from] move: Rest
|
|-weather|RainDance|[upkeep]
|-curestatus|p2a: MAN|slp
|turn|10
|
|switch|p1a: Heatran|Heatran, F|271\/385 par
|move|p2a: MAN|Scald|p1a: Heatran
|-supereffective|p1a: Heatran
|-damage|p1a: Heatran|0 fnt
|faint|p1a: Heatran
|
|-weather|RainDance|[upkeep]
|
|switch|p1a: Thundurus|Thundurus, M|299\/299
|turn|11
|
|move|p1a: Thundurus|Thunderbolt|p2a: MAN
|-supereffective|p2a: MAN
|-damage|p2a: MAN|107\/403
|move|p2a: MAN|Scald|p1a: Thundurus
|-damage|p1a: Thundurus|0 fnt
|faint|p1a: Thundurus
|
|-weather|none
|-heal|p2a: MAN|132\/403|[from] item: Leftovers
|
|switch|p1a: Latias|Latias, F|241\/301
|turn|12
|
|switch|p2a: Jirachi|Jirachi|404\/404 par
|-damage|p2a: Jirachi|379\/404 par|[from] Stealth Rock
|move|p1a: Latias|Psyshock|p2a: Jirachi
|-crit|p2a: Jirachi
|-resisted|p2a: Jirachi
|-damage|p2a: Jirachi|315\/404 par
|-damage|p1a: Latias|211\/301|[from] item: Life Orb
|
|-heal|p2a: Jirachi|340\/404 par|[from] item: Leftovers
|turn|13
|
|switch|p1a: Ferrothorn|Ferrothorn, M|352\/352
|move|p2a: Jirachi|Body Slam|p1a: Ferrothorn
|-resisted|p1a: Ferrothorn
|-damage|p1a: Ferrothorn|320\/352
|-damage|p2a: Jirachi|290\/404 par|[from] ability: Iron Barbs|[of] p1a: Ferrothorn
|-status|p1a: Ferrothorn|par
|
|-heal|p2a: Jirachi|315\/404 par|[from] item: Leftovers
|turn|14
|
|cant|p2a: Jirachi|par
|move|p1a: Ferrothorn|Leech Seed|p2a: Jirachi
|-start|p2a: Jirachi|move: Leech Seed
|
|-heal|p2a: Jirachi|340\/404 par|[from] item: Leftovers
|-damage|p2a: Jirachi|290\/404 par|[from] Leech Seed|[of] p1a: Ferrothorn
|-heal|p1a: Ferrothorn|352\/352 par|[silent]
|turn|15
|
|switch|p2a: Latios|Latios, M|301\/301
|-damage|p2a: Latios|264\/301|[from] Stealth Rock
|move|p1a: Ferrothorn|Spikes|p2a: Latios
|-sidestart|p2: kamlna|Spikes
|
|turn|16
|
|switch|p1a: Latias|Latias, F|211\/301
|move|p2a: Latios|Defog|p1a: Latias
|-unboost|p1a: Latias|evasion|1
|-sideend|p2: kamlna|Spikes|[from] move: Defog|[of] p2a: Latios
|-sideend|p2: kamlna|Stealth Rock|[from] move: Defog|[of] p2a: Latios
|
|turn|17
|
|move|p1a: Latias|Draco Meteor|p2a: Latios
|-supereffective|p2a: Latios
|-damage|p2a: Latios|0 fnt
|-unboost|p1a: Latias|spa|2
|-damage|p1a: Latias|181\/301|[from] item: Life Orb
|faint|p2a: Latios
|
|
|switch|p2a: Sceptile|Sceptile, F|281\/281
|turn|18
|
|switch|p1a: Ferrothorn|Ferrothorn, M|352\/352 par
|detailschange|p2a: Sceptile|Sceptile-Mega, F
|message|Sceptile has Mega Evolved into Mega Sceptile!
|move|p2a: Sceptile|Focus Blast|p1a: Ferrothorn|[miss]
|-miss|p2a: Sceptile|p1a: Ferrothorn
|
|turn|19
|
|move|p2a: Sceptile|Focus Blast|p1a: Ferrothorn|[miss]
|-miss|p2a: Sceptile|p1a: Ferrothorn
|move|p1a: Ferrothorn|Gyro Ball|p2a: Sceptile
|-damage|p2a: Sceptile|59\/281
|
|turn|20
|
|switch|p2a: Jirachi|Jirachi|290\/404 par
|cant|p1a: Ferrothorn|par
|
|-heal|p2a: Jirachi|315\/404 par|[from] item: Leftovers
|turn|21
|
|switch|p1a: Gyarados|Gyarados, M|331\/331
|-ability|p1a: Gyarados|Intimidate|[of] p2a: Jirachi
|-unboost|p2a: Jirachi|atk|1
|move|p2a: Jirachi|Substitute|p2a: Jirachi
|-start|p2a: Jirachi|Substitute
|-damage|p2a: Jirachi|214\/404 par
|
|-heal|p2a: Jirachi|239\/404 par|[from] item: Leftovers
|turn|22
|
|move|p1a: Gyarados|Substitute|p1a: Gyarados
|-start|p1a: Gyarados|Substitute
|-damage|p1a: Gyarados|249\/331
|move|p2a: Jirachi|Body Slam|p1a: Gyarados
|-activate|p1a: Gyarados|Substitute|[damage]
|
|-heal|p2a: Jirachi|264\/404 par|[from] item: Leftovers
|turn|23
|
|switch|p2a: Sceptile|Sceptile-Mega, F|59\/281
|move|p1a: Gyarados|Waterfall|p2a: Sceptile
|-resisted|p2a: Sceptile
|-damage|p2a: Sceptile|15\/281
|
|turn|24
|
|move|p2a: Sceptile|Giga Drain|p1a: Gyarados
|-end|p1a: Gyarados|Substitute
|-heal|p2a: Sceptile|18\/281|[from] drain|[of] p1a: Gyarados
|move|p1a: Gyarados|Waterfall|p2a: Sceptile
|-resisted|p2a: Sceptile
|-damage|p2a: Sceptile|0 fnt
|faint|p2a: Sceptile
|
|
|switch|p2a: Keldeo|Keldeo|323\/323
|turn|25
|
|switch|p1a: Ferrothorn|Ferrothorn, M|352\/352 par
|move|p2a: Keldeo|Scald|p1a: Ferrothorn
|-resisted|p1a: Ferrothorn
|-damage|p1a: Ferrothorn|298\/352 par
|
|turn|26
|
|switch|p2a: Jirachi|Jirachi|264\/404 par
|switch|p1a: Latias|Latias, F|181\/301
|
|-heal|p2a: Jirachi|289\/404 par|[from] item: Leftovers
|turn|27
|
|switch|p1a: Gyarados|Gyarados, M|249\/331
|-ability|p1a: Gyarados|Intimidate|[of] p2a: Jirachi
|-unboost|p2a: Jirachi|atk|1
|move|p2a: Jirachi|Body Slam|p1a: Gyarados
|-damage|p1a: Gyarados|170\/331
|
|-heal|p2a: Jirachi|314\/404 par|[from] item: Leftovers
|turn|28
|
|move|p1a: Gyarados|Crunch|p2a: Jirachi
|-supereffective|p2a: Jirachi
|-damage|p2a: Jirachi|118\/404 par
|cant|p2a: Jirachi|par
|
|-heal|p2a: Jirachi|143\/404 par|[from] item: Leftovers
|turn|29
|
|switch|p2a: Keldeo|Keldeo|323\/323
|move|p1a: Gyarados|Crunch|p2a: Keldeo
|-resisted|p2a: Keldeo
|-damage|p2a: Keldeo|270\/323
|-boost|p2a: Keldeo|atk|1|[from] ability: Justified
|
|turn|30
|
|switch|p1a: Latias|Latias, F|181\/301
|move|p2a: Keldeo|Scald|p1a: Latias
|-resisted|p1a: Latias
|-damage|p1a: Latias|127\/301
|-status|p1a: Latias|brn
|
|-damage|p1a: Latias|90\/301 brn|[from] brn
|turn|31
|
|switch|p2a: Jirachi|Jirachi|143\/404 par
|switch|p1a: Keldeo|Keldeo|323\/323
|
|-heal|p2a: Jirachi|168\/404 par|[from] item: Leftovers
|turn|32
|
|switch|p2a: MAN|Manaphy, shiny|132\/403
|move|p1a: Keldeo|Scald|p2a: MAN
|-resisted|p2a: MAN
|-damage|p2a: MAN|75\/403
|
|-heal|p2a: MAN|100\/403|[from] item: Leftovers
|turn|33
|
|switch|p1a: Latias|Latias, F|90\/301 brn
|move|p2a: MAN|Rest|p2a: MAN
|-status|p2a: MAN|slp
|-heal|p2a: MAN|403\/403 slp|[silent]
|-status|p2a: MAN|slp|[from] move: Rest
|
|-damage|p1a: Latias|53\/301 brn|[from] brn
|turn|34
|
|switch|p2a: Jirachi|Jirachi|168\/404 par
|move|p1a: Latias|Roost|p1a: Latias
|-heal|p1a: Latias|204\/301 brn
|
|-heal|p2a: Jirachi|193\/404 par|[from] item: Leftovers
|-damage|p1a: Latias|167\/301 brn|[from] brn
|turn|35
|
|move|p1a: Latias|Draco Meteor|p2a: Jirachi
|-crit|p2a: Jirachi
|-resisted|p2a: Jirachi
|-damage|p2a: Jirachi|0 fnt
|-unboost|p1a: Latias|spa|2
|-damage|p1a: Latias|137\/301 brn|[from] item: Life Orb
|faint|p2a: Jirachi
|
|-damage|p1a: Latias|100\/301 brn|[from] brn
|c|âRotomSock|sorry :[
|
|switch|p2a: Landorus-Therian|Landorus-Therian, M|381\/381
|-ability|p2a: Landorus-Therian|Intimidate|[of] p1a: Latias
|-unboost|p1a: Latias|atk|1
|turn|36
|c|âkamlna|started when i missed all my focus blasts n_n
|c|âRotomSock|yah
|
|switch|p1a: Ferrothorn|Ferrothorn, M|298\/352 par
|move|p2a: Landorus-Therian|U-turn|p1a: Ferrothorn
|-damage|p1a: Ferrothorn|251\/352 par
|-damage|p2a: Landorus-Therian|334\/381|[from] ability: Iron Barbs|[of] p1a: Ferrothorn
|
|switch|p2a: Keldeo|Keldeo|270\/323
|
|turn|37
|
|move|p2a: Keldeo|Secret Sword|p1a: Ferrothorn
|-supereffective|p1a: Ferrothorn
|-damage|p1a: Ferrothorn|51\/352 par
|move|p1a: Ferrothorn|Leech Seed|p2a: Keldeo
|-start|p2a: Keldeo|move: Leech Seed
|
|-damage|p2a: Keldeo|230\/323|[from] Leech Seed|[of] p1a: Ferrothorn
|-heal|p1a: Ferrothorn|91\/352 par|[silent]
|turn|38
|
|switch|p2a: Landorus-Therian|Landorus-Therian, M|334\/381
|-ability|p2a: Landorus-Therian|Intimidate|[of] p1a: Ferrothorn
|-unboost|p1a: Ferrothorn|atk|1
|move|p1a: Ferrothorn|Protect|p1a: Ferrothorn
|-fail|p1a: Ferrothorn
|
|-heal|p2a: Landorus-Therian|357\/381|[from] item: Leftovers
|turn|39
|
|move|p2a: Landorus-Therian|U-turn|p1a: Ferrothorn
|-damage|p1a: Ferrothorn|37\/352 par
|-damage|p2a: Landorus-Therian|310\/381|[from] ability: Iron Barbs|[of] p1a: Ferrothorn
|
|switch|p2a: Keldeo|Keldeo|230\/323
|move|p1a: Ferrothorn|Leech Seed|p2a: Keldeo
|-start|p2a: Keldeo|move: Leech Seed
|
|-damage|p2a: Keldeo|190\/323|[from] Leech Seed|[of] p1a: Ferrothorn
|-heal|p1a: Ferrothorn|77\/352 par|[silent]
|turn|40
|
|switch|p2a: Landorus-Therian|Landorus-Therian, M|310\/381
|-ability|p2a: Landorus-Therian|Intimidate|[of] p1a: Ferrothorn
|-unboost|p1a: Ferrothorn|atk|1
|cant|p1a: Ferrothorn|par
|
|-heal|p2a: Landorus-Therian|333\/381|[from] item: Leftovers
|turn|41
|
|switch|p1a: Gyarados|Gyarados, M|170\/331
|-ability|p1a: Gyarados|Intimidate|[of] p2a: Landorus-Therian
|-unboost|p2a: Landorus-Therian|atk|1
|move|p2a: Landorus-Therian|Earthquake|p1a: Gyarados
|-immune|p1a: Gyarados|[msg]
|
|-heal|p2a: Landorus-Therian|356\/381|[from] item: Leftovers
|turn|42
|
|switch|p1a: Keldeo|Keldeo|323\/323
|switch|p2a: Keldeo|Keldeo|190\/323
|
|turn|43
|
|switch|p2a: Landorus-Therian|Landorus-Therian, M|356\/381
|-ability|p2a: Landorus-Therian|Intimidate|[of] p1a: Keldeo
|-unboost|p1a: Keldeo|atk|1
|move|p1a: Keldeo|Secret Sword|p2a: Landorus-Therian
|-resisted|p2a: Landorus-Therian
|-damage|p2a: Landorus-Therian|292\/381
|
|-heal|p2a: Landorus-Therian|315\/381|[from] item: Leftovers
|turn|44
|
|switch|p2a: MAN|Manaphy, shiny|403\/403 slp
|move|p1a: Keldeo|Secret Sword|p2a: MAN
|-damage|p2a: MAN|282\/403 slp
|
|-heal|p2a: MAN|307\/403 slp|[from] item: Leftovers
|turn|45
|
|switch|p2a: Landorus-Therian|Landorus-Therian, M|315\/381
|-ability|p2a: Landorus-Therian|Intimidate|[of] p1a: Keldeo
|-unboost|p1a: Keldeo|atk|1
|move|p1a: Keldeo|Secret Sword|p2a: Landorus-Therian
|-resisted|p2a: Landorus-Therian
|-damage|p2a: Landorus-Therian|255\/381
|
|-heal|p2a: Landorus-Therian|278\/381|[from] item: Leftovers
|turn|46
|
|switch|p1a: Ferrothorn|Ferrothorn, M|77\/352 par
|move|p2a: Landorus-Therian|Stone Edge|p1a: Ferrothorn|[miss]
|-miss|p2a: Landorus-Therian|p1a: Ferrothorn
|
|-heal|p2a: Landorus-Therian|301\/381|[from] item: Leftovers
|turn|47
|
|move|p2a: Landorus-Therian|Earthquake|p1a: Ferrothorn
|-damage|p1a: Ferrothorn|0 fnt
|faint|p1a: Ferrothorn
|
|-heal|p2a: Landorus-Therian|324\/381|[from] item: Leftovers
|
|switch|p1a: Latias|Latias, F|100\/301 brn
|turn|48
|
|move|p1a: Latias|Draco Meteor|p2a: Landorus-Therian
|-damage|p2a: Landorus-Therian|15\/381
|-unboost|p1a: Latias|spa|2
|-damage|p1a: Latias|70\/301 brn|[from] item: Life Orb
|move|p2a: Landorus-Therian|U-turn|p1a: Latias
|-supereffective|p1a: Latias
|-damage|p1a: Latias|0 fnt
|faint|p1a: Latias
|
|switch|p2a: Keldeo|Keldeo|190\/323
|
|
|switch|p1a: Keldeo|Keldeo|323\/323
|turn|49
|
|switch|p2a: Landorus-Therian|Landorus-Therian, M|15\/381
|-ability|p2a: Landorus-Therian|Intimidate|[of] p1a: Keldeo
|-unboost|p1a: Keldeo|atk|1
|move|p1a: Keldeo|Secret Sword|p2a: Landorus-Therian
|-resisted|p2a: Landorus-Therian
|-damage|p2a: Landorus-Therian|0 fnt
|faint|p2a: Landorus-Therian
|
|
|switch|p2a: MAN|Manaphy, shiny|307\/403 slp
|turn|50
|
|switch|p1a: Gyarados|Gyarados, M|170\/331
|-ability|p1a: Gyarados|Intimidate|[of] p2a: MAN
|-unboost|p2a: MAN|atk|1
|cant|p2a: MAN|slp
|
|-heal|p2a: MAN|332\/403 slp|[from] item: Leftovers
|turn|51
|
|switch|p2a: Keldeo|Keldeo|190\/323
|move|p1a: Gyarados|Dragon Dance|p1a: Gyarados
|-boost|p1a: Gyarados|atk|1
|-boost|p1a: Gyarados|spe|1
|
|turn|52
|
|move|p2a: Keldeo|Scald|p1a: Gyarados
|-resisted|p1a: Gyarados
|-damage|p1a: Gyarados|101\/331
|-status|p1a: Gyarados|brn
|move|p1a: Gyarados|Dragon Dance|p1a: Gyarados
|-boost|p1a: Gyarados|atk|1
|-boost|p1a: Gyarados|spe|1
|
|-damage|p1a: Gyarados|60\/331 brn|[from] brn
|turn|53
|c|âRotomSock|noo
|c|âRotomSock|if I got that I won :\/
|c|âkamlna|yes
|
|detailschange|p1a: Gyarados|Gyarados-Mega, M
|message|Gyarados has Mega Evolved into Mega Gyarados!
|-ability|p1a: Gyarados|Mold Breaker
|move|p1a: Gyarados|Waterfall|p2a: Keldeo
|-resisted|p2a: Keldeo
|-damage|p2a: Keldeo|92\/323
|move|p2a: Keldeo|Scald|p1a: Gyarados
|-resisted|p1a: Gyarados
|-damage|p1a: Gyarados|3\/331 brn
|
|-damage|p1a: Gyarados|0 fnt|[from] brn
|faint|p1a: Gyarados
|c|âkamlna|maybe
|
|switch|p1a: Keldeo|Keldeo|323\/323
|turn|54
|c|âkamlna|u can win if you crit
|c|âRotomSock|+2 does kill
|
|move|p2a: Keldeo|Scald|p1a: Keldeo
|-resisted|p1a: Keldeo
|-damage|p1a: Keldeo|249\/323
|move|p1a: Keldeo|Secret Sword|p2a: Keldeo
|-crit|p2a: Keldeo
|-damage|p2a: Keldeo|0 fnt
|faint|p2a: Keldeo
|
|c|âkamlna|oh it is a roll
|
|switch|p2a: MAN|Manaphy, shiny|332\/403 slp
|turn|55
|
|move|p1a: Keldeo|Secret Sword|p2a: MAN
|-damage|p2a: MAN|217\/403 slp
|cant|p2a: MAN|slp
|
|-heal|p2a: MAN|242\/403 slp|[from] item: Leftovers
|turn|56
|
|move|p1a: Keldeo|Secret Sword|p2a: MAN
|-damage|p2a: MAN|127\/403 slp
|-curestatus|p2a: MAN|slp
|move|p2a: MAN|Rain Dance|p2a: MAN
|-weather|RainDance
|
|-weather|RainDance|[upkeep]
|-heal|p2a: MAN|152\/403|[from] item: Leftovers
|turn|57
|
|move|p1a: Keldeo|Secret Sword|p2a: MAN
|-damage|p2a: MAN|22\/403
|move|p2a: MAN|Rest|p2a: MAN
|-status|p2a: MAN|slp
|-heal|p2a: MAN|403\/403 slp|[silent]
|-status|p2a: MAN|slp|[from] move: Rest
|
|-weather|RainDance|[upkeep]
|-curestatus|p2a: MAN|slp
|turn|58
|
|move|p1a: Keldeo|Secret Sword|p2a: MAN
|-damage|p2a: MAN|270\/403
|move|p2a: MAN|Scald|p1a: Keldeo
|-resisted|p1a: Keldeo
|-damage|p1a: Keldeo|179\/323
|
|-weather|RainDance|[upkeep]
|-heal|p2a: MAN|295\/403|[from] item: Leftovers
|turn|59
|
|move|p1a: Keldeo|Secret Sword|p2a: MAN
|-damage|p2a: MAN|168\/403
|move|p2a: MAN|Rest|p2a: MAN
|-status|p2a: MAN|slp
|-heal|p2a: MAN|403\/403 slp|[silent]
|-status|p2a: MAN|slp|[from] move: Rest
|
|-weather|RainDance|[upkeep]
|-curestatus|p2a: MAN|slp
|turn|60
|
|move|p1a: Keldeo|Secret Sword|p2a: MAN
|-damage|p2a: MAN|270\/403
|move|p2a: MAN|Scald|p1a: Keldeo
|-resisted|p1a: Keldeo
|-damage|p1a: Keldeo|108\/323
|
|-weather|none
|-heal|p2a: MAN|295\/403|[from] item: Leftovers
|turn|61
|-message|RotomSock forfeited.
|
|win|kamlna
|raw|Ladder updating...
|leave|RotomSock
|player|p1
|raw|RotomSock's rating: 1591 &rarr; <strong>1568<\/strong><br \/>(-23 for losing)
|raw|kamlna's rating: 1542 &rarr; <strong>1564<\/strong><br \/>(+22 for winning)