|join|RotomSock
|join|TwoTunnelz
|player|p1|RotomSock|37
|player|p2|TwoTunnelz|274
|gametype|singles
|gen|6
|tier|OU
|rated
|clearpoke
|poke|p1|Magnezone
|poke|p1|Pinsir, M
|poke|p1|Garchomp, F
|poke|p1|Landorus-Therian, M
|poke|p1|Latias, F
|poke|p1|Raikou
|poke|p2|Chansey, F
|poke|p2|Latios, M
|poke|p2|Landorus-Therian, M
|poke|p2|Skarmory, F
|poke|p2|Charizard, F
|poke|p2|Reuniclus, F
|rule|Swagger Clause: Swagger is banned
|rule|Baton Pass Clause: Limit one PokÃ©mon knowing Baton Pass
|rule|Sleep Clause Mod: Limit one foe put to sleep
|rule|Species Clause: Limit one of each PokÃ©mon
|rule|OHKO Clause: OHKO moves are banned
|rule|Moody Clause: Moody is banned
|rule|Evasion Moves Clause: Evasion moves are banned
|rule|Endless Battle Clause: Forcing endless battles is banned
|rule|HP Percentage Mod: HP is shown in percentages
|teampreview
|c|âTwoTunnelz|Good luck, have fun!
|c|âRotomSock|you have fun too :P
|
|start
|switch|p1a: Raikou|Raikou|322\/322
|switch|p2a: Susanoo|Landorus-Therian, M|354\/354
|-ability|p2a: Susanoo|Intimidate|[of] p1a: Raikou
|-unboost|p1a: Raikou|atk|1
|-ability|p1a: Raikou|Pressure
|turn|1
|
|move|p2a: Susanoo|U-turn|p1a: Raikou
|-damage|p1a: Raikou|203\/322
|
|switch|p2a: Mephisto|Chansey, F|661\/661
|move|p1a: Raikou|Hidden Power|p2a: Mephisto
|-damage|p2a: Mephisto|624\/661
|
|turn|2
|
|move|p1a: Raikou|Volt Switch|p2a: Mephisto
|-damage|p2a: Mephisto|563\/661
|
|switch|p1a: Landorus-Therian|Landorus-Therian, M|382\/382
|-ability|p1a: Landorus-Therian|Intimidate|[of] p2a: Mephisto
|-unboost|p2a: Mephisto|atk|1
|move|p2a: Mephisto|Seismic Toss|p1a: Landorus-Therian
|-damage|p1a: Landorus-Therian|282\/382
|
|-heal|p1a: Landorus-Therian|305\/382|[from] item: Leftovers
|turn|3
|
|switch|p2a: Kirigaya|Skarmory, F|334\/334
|move|p1a: Landorus-Therian|Stealth Rock|p2a: Kirigaya
|-sidestart|p2: TwoTunnelz|move: Stealth Rock
|
|-heal|p1a: Landorus-Therian|328\/382|[from] item: Leftovers
|turn|4
|
|move|p1a: Landorus-Therian|U-turn|p2a: Kirigaya
|-resisted|p2a: Kirigaya
|-damage|p2a: Kirigaya|324\/334
|
|switch|p1a: Magnezone|Magnezone|282\/282
|move|p2a: Kirigaya|Stealth Rock|p1a: Magnezone
|-sidestart|p1: RotomSock|move: Stealth Rock
|
|-heal|p2a: Kirigaya|334\/334|[from] item: Leftovers
|turn|5
|
|move|p1a: Magnezone|Thunderbolt|p2a: Kirigaya
|-supereffective|p2a: Kirigaya
|-activate|p2a: Kirigaya|Sturdy
|-damage|p2a: Kirigaya|1\/334
|move|p2a: Kirigaya|Whirlwind|p1a: Magnezone
|drag|p1a: Landorus-Therian|Landorus-Therian, M|328\/382
|-damage|p1a: Landorus-Therian|281\/382|[from] Stealth Rock
|-ability|p1a: Landorus-Therian|Intimidate|[of] p2a: Kirigaya
|-unboost|p2a: Kirigaya|atk|1
|
|-heal|p1a: Landorus-Therian|304\/382|[from] item: Leftovers
|-heal|p2a: Kirigaya|21\/334|[from] item: Leftovers
|turn|6
|
|move|p1a: Landorus-Therian|Stone Edge|p2a: Kirigaya
|-damage|p2a: Kirigaya|0 fnt
|faint|p2a: Kirigaya
|
|-heal|p1a: Landorus-Therian|327\/382|[from] item: Leftovers
|
|switch|p2a: Etsuko|Reuniclus, F|424\/424
|turn|7
|
|move|p1a: Landorus-Therian|U-turn|p2a: Etsuko
|-supereffective|p2a: Etsuko
|-damage|p2a: Etsuko|298\/424
|
|switch|p1a: Magnezone|Magnezone|282\/282
|-damage|p1a: Magnezone|265\/282|[from] Stealth Rock
|move|p2a: Etsuko|Calm Mind|p2a: Etsuko
|-boost|p2a: Etsuko|spa|1
|-boost|p2a: Etsuko|spd|1
|
|-heal|p2a: Etsuko|324\/424|[from] item: Leftovers
|turn|8
|
|move|p1a: Magnezone|Thunderbolt|p2a: Etsuko
|-damage|p2a: Etsuko|128\/424
|-status|p2a: Etsuko|par
|move|p2a: Etsuko|Calm Mind|p2a: Etsuko
|-boost|p2a: Etsuko|spa|1
|-boost|p2a: Etsuko|spd|1
|
|-heal|p2a: Etsuko|154\/424 par|[from] item: Leftovers
|turn|9
|
|move|p1a: Magnezone|Thunderbolt|p2a: Etsuko
|-crit|p2a: Etsuko
|-damage|p2a: Etsuko|0 fnt
|faint|p2a: Etsuko
|
|c|âRotomSock|sorry :\/
|
|switch|p2a: Aoi|Charizard, F|301\/301
|-damage|p2a: Aoi|151\/301|[from] Stealth Rock
|turn|10
|
|switch|p1a: Landorus-Therian|Landorus-Therian, M|327\/382
|-damage|p1a: Landorus-Therian|280\/382|[from] Stealth Rock
|-ability|p1a: Landorus-Therian|Intimidate|[of] p2a: Aoi
|-unboost|p2a: Aoi|atk|1
|detailschange|p2a: Aoi|Charizard-Mega-X, F
|message|Charizard has Mega Evolved into Mega Charizard!
|move|p2a: Aoi|Flare Blitz|p1a: Landorus-Therian
|-crit|p1a: Landorus-Therian
|-damage|p1a: Landorus-Therian|0 fnt
|-damage|p2a: Aoi|59\/301|[from] recoil|[of] p1a: Landorus-Therian
|faint|p1a: Landorus-Therian
|
|
|switch|p1a: Pinsir|Pinsir, M|271\/271
|-damage|p1a: Pinsir|204\/271|[from] Stealth Rock
|turn|11
|
|detailschange|p1a: Pinsir|Pinsir-Mega, M
|message|Pinsir has Mega Evolved into Mega Pinsir!
|move|p1a: Pinsir|Quick Attack|p2a: Aoi
|-damage|p2a: Aoi|0 fnt
|faint|p2a: Aoi
|
|
|switch|p2a: Izanagi|Latios, M|302\/302
|-damage|p2a: Izanagi|265\/302|[from] Stealth Rock
|turn|12
|
|switch|p1a: Magnezone|Magnezone|265\/282
|-damage|p1a: Magnezone|248\/282|[from] Stealth Rock
|move|p2a: Izanagi|Thunderbolt|p1a: Magnezone
|-resisted|p1a: Magnezone
|-damage|p1a: Magnezone|169\/282
|-damage|p2a: Izanagi|235\/302|[from] item: Life Orb
|
|turn|13
|
|switch|p2a: Mephisto|Chansey, F|563\/661
|-damage|p2a: Mephisto|481\/661|[from] Stealth Rock
|move|p1a: Magnezone|Volt Switch|p2a: Mephisto
|-damage|p2a: Mephisto|370\/661
|
|switch|p1a: Latias|Latias, F|299\/299
|-damage|p1a: Latias|262\/299|[from] Stealth Rock
|
|turn|14
|
|move|p1a: Latias|Defog|p2a: Mephisto
|-unboost|p2a: Mephisto|evasion|1
|-sideend|p2: TwoTunnelz|Stealth Rock|[from] move: Defog|[of] p2a: Mephisto
|-sideend|p1: RotomSock|Stealth Rock|[from] move: Defog|[of] p1a: Latias
|move|p2a: Mephisto|Thunder Wave|p1a: Latias
|-status|p1a: Latias|par
|
|turn|15
|
|move|p2a: Mephisto|Soft-Boiled|p2a: Mephisto
|-heal|p2a: Mephisto|661\/661
|move|p1a: Latias|Hidden Power|p2a: Mephisto
|-supereffective|p2a: Mephisto
|-damage|p2a: Mephisto|565\/661
|-damage|p1a: Latias|233\/299 par|[from] item: Life Orb
|
|turn|16
|
|move|p2a: Mephisto|Seismic Toss|p1a: Latias
|-damage|p1a: Latias|133\/299 par
|cant|p1a: Latias|par
|
|turn|17
|
|move|p2a: Mephisto|Seismic Toss|p1a: Latias
|-damage|p1a: Latias|33\/299 par
|move|p1a: Latias|Roost|p1a: Latias
|-heal|p1a: Latias|183\/299 par
|
|turn|18
|
|move|p2a: Mephisto|Seismic Toss|p1a: Latias
|-damage|p1a: Latias|83\/299 par
|cant|p1a: Latias|par
|
|turn|19
|
|move|p2a: Mephisto|Seismic Toss|p1a: Latias
|-damage|p1a: Latias|0 fnt
|faint|p1a: Latias
|
|
|switch|p1a: Pinsir|Pinsir-Mega, M|204\/271
|turn|20
|
|move|p1a: Pinsir|Swords Dance|p1a: Pinsir
|-boost|p1a: Pinsir|atk|2
|move|p2a: Mephisto|Thunder Wave|p1a: Pinsir
|-status|p1a: Pinsir|par
|
|turn|21
|
|switch|p2a: Susanoo|Landorus-Therian, M|354\/354
|-ability|p2a: Susanoo|Intimidate|[of] p1a: Pinsir
|-unboost|p1a: Pinsir|atk|1
|move|p1a: Pinsir|Frustration|p2a: Susanoo
|-damage|p2a: Susanoo|0 fnt
|faint|p2a: Susanoo
|
|
|switch|p2a: Izanagi|Latios, M|235\/302
|turn|22
|
|switch|p1a: Magnezone|Magnezone|169\/282
|move|p2a: Izanagi|Thunderbolt|p1a: Magnezone
|-resisted|p1a: Magnezone
|-damage|p1a: Magnezone|92\/282
|-damage|p2a: Izanagi|205\/302|[from] item: Life Orb
|
|turn|23
|
|move|p2a: Izanagi|Surf|p1a: Magnezone
|-crit|p1a: Magnezone
|-damage|p1a: Magnezone|0 fnt
|-damage|p2a: Izanagi|175\/302|[from] item: Life Orb
|faint|p1a: Magnezone
|
|
|switch|p1a: Garchomp|Garchomp, F|357\/357
|turn|24
|
|move|p1a: Garchomp|Outrage|p2a: Izanagi
|-supereffective|p2a: Izanagi
|-damage|p2a: Izanagi|0 fnt
|faint|p2a: Izanagi
|
|
|switch|p2a: Mephisto|Chansey, F|565\/661
|turn|25
|
|move|p1a: Garchomp|Outrage|p2a: Mephisto
|-damage|p2a: Mephisto|271\/661
|move|p2a: Mephisto|Soft-Boiled|p2a: Mephisto
|-heal|p2a: Mephisto|602\/661
|
|turn|26
|
|move|p1a: Garchomp|Outrage|p2a: Mephisto
|-damage|p2a: Mephisto|335\/661
|move|p2a: Mephisto|Soft-Boiled|p2a: Mephisto
|-heal|p2a: Mephisto|661\/661
|
|-end|p1a: Garchomp|rampage
|-start|p1a: Garchomp|confusion
|turn|27
|
|switch|p1a: Raikou|Raikou|203\/322
|-ability|p1a: Raikou|Pressure
|move|p2a: Mephisto|Seismic Toss|p1a: Raikou
|-damage|p1a: Raikou|103\/322
|
|turn|28
|
|move|p1a: Raikou|Volt Switch|p2a: Mephisto
|-damage|p2a: Mephisto|595\/661
|
|switch|p1a: Garchomp|Garchomp, F|357\/357
|move|p2a: Mephisto|Seismic Toss|p1a: Garchomp
|-damage|p1a: Garchomp|257\/357
|-damage|p2a: Mephisto|513\/661|[from] ability: Rough Skin|[of] p1a: Garchomp
|
|turn|29
|
|switch|p1a: Raikou|Raikou|103\/322
|-ability|p1a: Raikou|Pressure
|move|p2a: Mephisto|Soft-Boiled|p2a: Mephisto
|-heal|p2a: Mephisto|661\/661
|
|turn|30
|c|âRotomSock|twas a misclick
|
|move|p1a: Raikou|Thunderbolt|p2a: Mephisto
|-damage|p2a: Mephisto|582\/661
|move|p2a: Mephisto|Seismic Toss|p1a: Raikou
|-damage|p1a: Raikou|3\/322
|
|turn|31
|
|move|p1a: Raikou|Thunderbolt|p2a: Mephisto
|-crit|p2a: Mephisto
|-damage|p2a: Mephisto|465\/661
|move|p2a: Mephisto|Seismic Toss|p1a: Raikou
|-damage|p1a: Raikou|0 fnt
|faint|p1a: Raikou
|
|
|switch|p1a: Pinsir|Pinsir-Mega, M|204\/271 par
|turn|32
|
|move|p2a: Mephisto|Soft-Boiled|p2a: Mephisto
|-heal|p2a: Mephisto|661\/661
|move|p1a: Pinsir|Close Combat|p2a: Mephisto
|-supereffective|p2a: Mephisto
|-damage|p2a: Mephisto|233\/661
|-unboost|p1a: Pinsir|def|1
|-unboost|p1a: Pinsir|spd|1
|
|turn|33
|c|âTwoTunnelz|gg
|c|âRotomSock|gg
|
|move|p2a: Mephisto|Soft-Boiled|p2a: Mephisto
|-heal|p2a: Mephisto|564\/661
|cant|p1a: Pinsir|par
|
|turn|34
|c|âTwoTunnelz|my rating fell by 100 in the last few matches -.-
|
|move|p2a: Mephisto|Seismic Toss|p1a: Pinsir
|-damage|p1a: Pinsir|104\/271 par
|move|p1a: Pinsir|Close Combat|p2a: Mephisto
|-supereffective|p2a: Mephisto
|-damage|p2a: Mephisto|160\/661
|-unboost|p1a: Pinsir|def|1
|-unboost|p1a: Pinsir|spd|1
|
|turn|35
|
|move|p2a: Mephisto|Soft-Boiled|p2a: Mephisto
|-heal|p2a: Mephisto|491\/661
|cant|p1a: Pinsir|par
|
|turn|36
|
|move|p2a: Mephisto|Seismic Toss|p1a: Pinsir
|-damage|p1a: Pinsir|4\/271 par
|move|p1a: Pinsir|Close Combat|p2a: Mephisto
|-supereffective|p2a: Mephisto
|-damage|p2a: Mephisto|39\/661
|-unboost|p1a: Pinsir|def|1
|-unboost|p1a: Pinsir|spd|1
|
|turn|37
|
|cant|p1a: Pinsir|par
|move|p2a: Mephisto|Soft-Boiled|p2a: Mephisto
|-heal|p2a: Mephisto|370\/661
|
|turn|38
|
|cant|p1a: Pinsir|par
|move|p2a: Mephisto|Soft-Boiled|p2a: Mephisto
|-heal|p2a: Mephisto|661\/661
|
|turn|39
|
|move|p2a: Mephisto|Seismic Toss|p1a: Pinsir
|-damage|p1a: Pinsir|0 fnt
|faint|p1a: Pinsir
|
|
|switch|p1a: Garchomp|Garchomp, F|257\/357
|turn|40
|
|move|p1a: Garchomp|Earthquake|p2a: Mephisto
|-damage|p2a: Mephisto|405\/661
|move|p2a: Mephisto|Soft-Boiled|p2a: Mephisto
|-heal|p2a: Mephisto|661\/661
|
|turn|41
|
|move|p1a: Garchomp|Earthquake|p2a: Mephisto
|-damage|p2a: Mephisto|433\/661
|move|p2a: Mephisto|Seismic Toss|p1a: Garchomp
|-damage|p1a: Garchomp|157\/357
|-damage|p2a: Mephisto|351\/661|[from] ability: Rough Skin|[of] p1a: Garchomp
|
|turn|42
|
|move|p1a: Garchomp|Earthquake|p2a: Mephisto
|-damage|p2a: Mephisto|119\/661
|move|p2a: Mephisto|Soft-Boiled|p2a: Mephisto
|-heal|p2a: Mephisto|450\/661
|
|turn|43
|join|Lady Laleife
|
|move|p1a: Garchomp|Earthquake|p2a: Mephisto
|-damage|p2a: Mephisto|212\/661
|move|p2a: Mephisto|Soft-Boiled|p2a: Mephisto
|-heal|p2a: Mephisto|543\/661
|
|turn|44
|c|âRotomSock|welp that's a load of shit
|
|move|p1a: Garchomp|Earthquake|p2a: Mephisto
|-damage|p2a: Mephisto|303\/661
|move|p2a: Mephisto|Soft-Boiled|p2a: Mephisto
|-heal|p2a: Mephisto|634\/661
|
|turn|45
|
|move|p1a: Garchomp|Earthquake|p2a: Mephisto
|-damage|p2a: Mephisto|387\/661
|move|p2a: Mephisto|Seismic Toss|p1a: Garchomp
|-damage|p1a: Garchomp|57\/357
|-damage|p2a: Mephisto|305\/661|[from] ability: Rough Skin|[of] p1a: Garchomp
|
|turn|46
|c|âRotomSock|I honestly deserve the crit here
|
|move|p1a: Garchomp|Earthquake|p2a: Mephisto
|-damage|p2a: Mephisto|67\/661
|move|p2a: Mephisto|Soft-Boiled|p2a: Mephisto
|-heal|p2a: Mephisto|398\/661
|
|turn|47
|c|âTwoTunnelz|um, deserve is a strong word ^-^'
|c|âRotomSock|that is a complete fucking load of shit
|c|âRotomSock|:\/
|c|âTwoTunnelz|it would be good for you, yes
|c|âTwoTunnelz|but how are you any more deserving of the win than me?
|c|âRotomSock|if any one of those paras didn't happen on pinsir I won
|
|move|p1a: Garchomp|Earthquake|p2a: Mephisto
|-damage|p2a: Mephisto|151\/661
|move|p2a: Mephisto|Seismic Toss|p1a: Garchomp
|-damage|p1a: Garchomp|0 fnt
|-damage|p2a: Mephisto|69\/661|[from] ability: Rough Skin|[of] p1a: Garchomp
|faint|p1a: Garchomp
|
|win|TwoTunnelz
|raw|Ladder updating...
|raw|RotomSock's rating: 1688 &rarr; <strong>1665<\/strong><br \/>(-23 for losing)
|raw|TwoTunnelz's rating: 1639 &rarr; <strong>1662<\/strong><br \/>(+23 for winning)
|leave|Lady Laleife
|c|âTwoTunnelz|gg
|leave|RotomSock
|player|p1