|join|RotomSock
|join|jjghv
|player|p1|RotomSock|37
|player|p2|jjghv|169
|gametype|singles
|gen|6
|tier|OU
|clearpoke
|poke|p1|Magnezone
|poke|p1|Pinsir, M
|poke|p1|Garchomp, M
|poke|p1|Landorus-Therian, M
|poke|p1|Raikou
|poke|p1|Starmie
|poke|p2|Gardevoir, M
|poke|p2|Magnezone
|poke|p2|Keldeo-Resolute
|poke|p2|Latias, F
|poke|p2|Quagsire, M
|poke|p2|Mamoswine, M
|rule|Swagger Clause: Swagger is banned
|rule|Baton Pass Clause: Limit one PokÃ©mon knowing Baton Pass
|rule|Sleep Clause Mod: Limit one foe put to sleep
|rule|Species Clause: Limit one of each PokÃ©mon
|rule|OHKO Clause: OHKO moves are banned
|rule|Moody Clause: Moody is banned
|rule|Evasion Moves Clause: Evasion moves are banned
|rule|Endless Battle Clause: Forcing endless battles is banned
|rule|HP Percentage Mod: HP is shown in percentages
|teampreview
|join|jinwhite
|join|igotboredsoscrewit
|leave|igotboredsoscrewit
|join|M8SE
|join|redevil360
|join|person345
|join|zapp.zapp
|
|start
|switch|p1a: Magnezone|Magnezone|282\/282
|switch|p2a: Mamoswine|Mamoswine, M|362\/362
|turn|1
|join|charmitself
|
|move|p2a: Mamoswine|Stealth Rock|p1a: Magnezone
|-sidestart|p1: RotomSock|move: Stealth Rock
|move|p1a: Magnezone|Flash Cannon|p2a: Mamoswine
|-supereffective|p2a: Mamoswine
|-enditem|p2a: Mamoswine|Focus Sash
|-damage|p2a: Mamoswine|1\/362
|
|turn|2
|
|switch|p1a: Starmie|Starmie|324\/324
|-damage|p1a: Starmie|284\/324|[from] Stealth Rock
|move|p2a: Mamoswine|Icicle Crash|p1a: Starmie
|-resisted|p1a: Starmie
|-damage|p1a: Starmie|200\/324
|
|-heal|p1a: Starmie|220\/324|[from] item: Leftovers
|turn|3
|join|Watch Owl
|
|switch|p2a: Gardevoir|Gardevoir, M|278\/278
|-ability|p2a: Gardevoir|Natural Cure|[from] ability: Trace|[of] p1a: Starmie
|move|p1a: Starmie|Rapid Spin|p2a: Gardevoir
|-damage|p2a: Gardevoir|260\/278
|-sideend|p1: RotomSock|Stealth Rock|[from] move: Rapid Spin|[of] p1a: Starmie
|
|-heal|p1a: Starmie|240\/324|[from] item: Leftovers
|turn|4
|
|switch|p1a: Magnezone|Magnezone|282\/282
|detailschange|p2a: Gardevoir|Gardevoir-Mega, M
|message|Gardevoir has Mega Evolved into Mega Gardevoir!
|move|p2a: Gardevoir|Focus Blast|p1a: Magnezone
|-supereffective|p1a: Magnezone
|-damage|p1a: Magnezone|0 fnt
|faint|p1a: Magnezone
|
|
|switch|p1a: Raikou|Raikou|322\/322
|-ability|p1a: Raikou|Pressure
|turn|5
|
|move|p1a: Raikou|Shadow Ball|p2a: Gardevoir
|-supereffective|p2a: Gardevoir
|-damage|p2a: Gardevoir|130\/278
|move|p2a: Gardevoir|Hyper Voice|p1a: Raikou
|-damage|p1a: Raikou|151\/322
|
|turn|6
|
|switch|p2a: Mamoswine|Mamoswine, M|1\/362
|move|p1a: Raikou|Shadow Ball|p2a: Mamoswine
|-damage|p2a: Mamoswine|0 fnt
|faint|p2a: Mamoswine
|
|
|switch|p2a: Latias|Latias, F|302\/302
|turn|7
|
|move|p1a: Raikou|Shadow Ball|p2a: Latias
|-supereffective|p2a: Latias
|-damage|p2a: Latias|164\/302
|move|p2a: Latias|Psyshock|p1a: Raikou
|-damage|p1a: Raikou|0 fnt
|-damage|p2a: Latias|134\/302|[from] item: Life Orb
|faint|p1a: Raikou
|
|
|switch|p1a: Garchomp|Garchomp, M|357\/357
|turn|8
|
|switch|p1a: Landorus-Therian|Landorus-Therian, M|382\/382
|-ability|p1a: Landorus-Therian|Intimidate|[of] p2a: Latias
|-unboost|p2a: Latias|atk|1
|move|p2a: Latias|Healing Wish|p2a: Latias
|faint|p2a: Latias
|
|
|switch|p2a: Gardevoir|Gardevoir-Mega, M|130\/278
|-heal|p2a: Gardevoir|278\/278|[from] move: Healing Wish
|turn|9
|join|altei
|
|move|p2a: Gardevoir|Hyper Voice|p1a: Landorus-Therian
|-damage|p1a: Landorus-Therian|103\/382
|move|p1a: Landorus-Therian|Earthquake|p2a: Gardevoir
|-damage|p2a: Gardevoir|35\/278
|
|-heal|p1a: Landorus-Therian|126\/382|[from] item: Leftovers
|turn|10
|
|move|p2a: Gardevoir|Hyper Voice|p1a: Landorus-Therian
|-damage|p1a: Landorus-Therian|0 fnt
|faint|p1a: Landorus-Therian
|
|
|switch|p1a: Pinsir|Pinsir, M|271\/271
|turn|11
|
|detailschange|p1a: Pinsir|Pinsir-Mega, M
|message|Pinsir has Mega Evolved into Mega Pinsir!
|move|p1a: Pinsir|Quick Attack|p2a: Gardevoir
|-damage|p2a: Gardevoir|0 fnt
|faint|p2a: Gardevoir
|
|
|switch|p2a: Quagsire|Quagsire, M|394\/394
|turn|12
|
|move|p1a: Pinsir|Frustration|p2a: Quagsire
|-damage|p2a: Quagsire|193\/394
|move|p2a: Quagsire|Curse|p2a: Quagsire
|-boost|p2a: Quagsire|atk|1
|-boost|p2a: Quagsire|def|1
|-unboost|p2a: Quagsire|spe|1
|
|-heal|p2a: Quagsire|217\/394|[from] item: Leftovers
|turn|13
|join|terry41
|
|move|p1a: Pinsir|Frustration|p2a: Quagsire
|-damage|p2a: Quagsire|64\/394
|move|p2a: Quagsire|Recover|p2a: Quagsire
|-heal|p2a: Quagsire|261\/394
|
|-heal|p2a: Quagsire|285\/394|[from] item: Leftovers
|turn|14
|c|âRotomSock|Oh I just get 6-0'd by this set
|c|âRotomSock|that's....
|c|âRotomSock|unforturnate
|c|âRotomSock|gg
|
|switch|p1a: Starmie|Starmie|240\/324
|move|p2a: Quagsire|Earthquake|p1a: Starmie
|-damage|p1a: Starmie|54\/324
|
|-heal|p1a: Starmie|74\/324|[from] item: Leftovers
|-heal|p2a: Quagsire|309\/394|[from] item: Leftovers
|turn|15
|leave|terry41
|join|SweetenedTea
|leave|charmitself
|
|move|p1a: Starmie|Recover|p1a: Starmie
|-heal|p1a: Starmie|236\/324
|move|p2a: Quagsire|Earthquake|p1a: Starmie
|-damage|p1a: Starmie|55\/324
|
|-heal|p1a: Starmie|75\/324|[from] item: Leftovers
|-heal|p2a: Quagsire|333\/394|[from] item: Leftovers
|turn|16
|join|churos1.5
|
|move|p1a: Starmie|Scald|p2a: Quagsire
|-damage|p2a: Quagsire|203\/394
|move|p2a: Quagsire|Curse|p2a: Quagsire
|-boost|p2a: Quagsire|atk|1
|-boost|p2a: Quagsire|def|1
|-unboost|p2a: Quagsire|spe|1
|
|-heal|p1a: Starmie|95\/324|[from] item: Leftovers
|-heal|p2a: Quagsire|227\/394|[from] item: Leftovers
|turn|17
|
|move|p1a: Starmie|Scald|p2a: Quagsire
|-damage|p2a: Quagsire|100\/394
|move|p2a: Quagsire|Recover|p2a: Quagsire
|-heal|p2a: Quagsire|297\/394
|
|-heal|p1a: Starmie|115\/324|[from] item: Leftovers
|-heal|p2a: Quagsire|321\/394|[from] item: Leftovers
|turn|18
|join|Cantide
|
|move|p1a: Starmie|Scald|p2a: Quagsire
|-damage|p2a: Quagsire|177\/394
|move|p2a: Quagsire|Earthquake|p1a: Starmie
|-damage|p1a: Starmie|0 fnt
|faint|p1a: Starmie
|
|-heal|p2a: Quagsire|201\/394|[from] item: Leftovers
|join|LT2X daftmau5
|join|Demandred
|
|switch|p1a: Pinsir|Pinsir-Mega, M|271\/271
|turn|19
|c|âRotomSock|alright
|c|âRotomSock|Imma crit there
|c|âRotomSock|and we're good
|join|Shaneghoul Testing
|
|move|p1a: Pinsir|Frustration|p2a: Quagsire
|-damage|p2a: Quagsire|87\/394
|move|p2a: Quagsire|Recover|p2a: Quagsire
|-heal|p2a: Quagsire|284\/394
|
|-heal|p2a: Quagsire|308\/394|[from] item: Leftovers
|turn|20
|c|âRotomSock|aw
|c| churos1.5|uhhh
|c|âRotomSock|double crit
|leave|altei
|
|move|p1a: Pinsir|Frustration|p2a: Quagsire
|-damage|p2a: Quagsire|205\/394
|move|p2a: Quagsire|Scald|p1a: Pinsir
|-damage|p1a: Pinsir|199\/271
|
|-heal|p2a: Quagsire|229\/394|[from] item: Leftovers
|turn|21
|c| zapp.zapp|curse+scald?
|c|âRotomSock|ok I can crit here, that'll work
|
|move|p1a: Pinsir|Frustration|p2a: Quagsire
|-damage|p2a: Quagsire|112\/394
|move|p2a: Quagsire|Recover|p2a: Quagsire
|-heal|p2a: Quagsire|309\/394
|
|-heal|p2a: Quagsire|333\/394|[from] item: Leftovers
|turn|22
|c|âRotomSock|aw
|join|Houaiss
|c| churos1.5|no toxic garchomp
|
|move|p1a: Pinsir|Frustration|p2a: Quagsire
|-damage|p2a: Quagsire|233\/394
|move|p2a: Quagsire|Scald|p1a: Pinsir
|-damage|p1a: Pinsir|121\/271
|
|-heal|p2a: Quagsire|257\/394|[from] item: Leftovers
|turn|23
|c|âRotomSock|ok, here's the crit
|
|move|p1a: Pinsir|Frustration|p2a: Quagsire
|-damage|p2a: Quagsire|154\/394
|move|p2a: Quagsire|Scald|p1a: Pinsir
|-damage|p1a: Pinsir|42\/271
|
|-heal|p2a: Quagsire|178\/394|[from] item: Leftovers
|turn|24
|c|âRotomSock|damn
|c|âRotomSock|here it comes
|c| Shaneghoul Testing|yo 
|
|move|p1a: Pinsir|Frustration|p2a: Quagsire
|-damage|p2a: Quagsire|72\/394
|move|p2a: Quagsire|Recover|p2a: Quagsire
|-heal|p2a: Quagsire|269\/394
|
|-heal|p2a: Quagsire|293\/394|[from] item: Leftovers
|turn|25
|c| Shaneghoul Testing|where the burn at
|c|âRotomSock|I think it'll work from here?
|
|move|p1a: Pinsir|Frustration|p2a: Quagsire
|-damage|p2a: Quagsire|175\/394
|move|p2a: Quagsire|Recover|p2a: Quagsire
|-heal|p2a: Quagsire|372\/394
|
|-heal|p2a: Quagsire|394\/394|[from] item: Leftovers
|turn|26
|c|âRotomSock|:[
|join|CleanerThanRotom-W
|c|âRotomSock|crit then crits with chomp
|leave|CleanerThanRotom-W
|c| Cantide|that's just regular water
|c| M8SE|Quag the monster
|
|move|p1a: Pinsir|Frustration|p2a: Quagsire
|-damage|p2a: Quagsire|291\/394
|move|p2a: Quagsire|Scald|p1a: Pinsir
|-damage|p1a: Pinsir|0 fnt
|faint|p1a: Pinsir
|
|-heal|p2a: Quagsire|315\/394|[from] item: Leftovers
|join|Hwangin
|leave|SweetenedTea
|c|âRotomSock|yeah that sset can just setup on and beat my whole team :P
|leave|Hwangin
|
|switch|p1a: Garchomp|Garchomp, M|357\/357
|turn|27
|c| churos1.5|outrage
|
|move|p1a: Garchomp|Stone Edge|p2a: Quagsire|[miss]
|-miss|p1a: Garchomp|p2a: Quagsire
|move|p2a: Quagsire|Earthquake|p1a: Garchomp
|-damage|p1a: Garchomp|131\/357
|
|-heal|p2a: Quagsire|339\/394|[from] item: Leftovers
|turn|28
|c| M8SE|._.
|c| Shaneghoul Testing|eq chomp?
|c|âRotomSock|even if I double crit it lives, does it not?
|join|Hwangin
|
|move|p1a: Garchomp|Stone Edge|p2a: Quagsire
|-resisted|p2a: Quagsire
|-damage|p2a: Quagsire|314\/394
|move|p2a: Quagsire|Earthquake|p1a: Garchomp
|-damage|p1a: Garchomp|0 fnt
|faint|p1a: Garchomp
|
|win|jjghv
|c| zapp.zapp|people say quag isnt good...look how it handles some of the scariest ou mons
|c| M8SE|^
|c|âRotomSock|gg
|leave|Watch Owl
|c| Shaneghoul Testing|it's not that good tbh
|c| Shaneghoul Testing|roar
|c| M8SE|Derpington pulling through
|leave|Hwangin
|leave|Shaneghoul Testing
|leave|person345
|leave|Cantide
|leave|churos1.5
|join|Caption
|leave|Caption
|leave|M8SE
|leave|Houaiss
|leave|Demandred
|leave|jinwhite
|leave|zapp.zapp
|leave|RotomSock
|player|p1
|leave|LT2X daftmau5
|leave|redevil360