|join|CharizardmasterX
|join|RotomSock
|player|p1|CharizardmasterX|30
|player|p2|RotomSock|37
|gametype|singles
|gen|6
|tier|OU
|rated
|clearpoke
|poke|p1|Charizard, F
|poke|p1|Latios, M
|poke|p1|Slowbro, M
|poke|p1|Clefable, F
|poke|p1|Tyranitar, M
|poke|p1|Landorus, M
|poke|p2|Magnezone
|poke|p2|Pinsir, M
|poke|p2|Garchomp, F
|poke|p2|Landorus-Therian, M
|poke|p2|Raikou
|poke|p2|Starmie
|rule|Swagger Clause: Swagger is banned
|rule|Baton Pass Clause: Limit one PokÃ©mon knowing Baton Pass
|rule|Sleep Clause Mod: Limit one foe put to sleep
|rule|Species Clause: Limit one of each PokÃ©mon
|rule|OHKO Clause: OHKO moves are banned
|rule|Moody Clause: Moody is banned
|rule|Evasion Moves Clause: Evasion moves are banned
|rule|Endless Battle Clause: Forcing endless battles is banned
|rule|HP Percentage Mod: HP is shown in percentages
|teampreview
|
|start
|switch|p1a: Landorus|Landorus, M|319\/319
|switch|p2a: Pinsir|Pinsir, M|271\/271
|turn|1
|
|detailschange|p2a: Pinsir|Pinsir-Mega, M
|message|Pinsir has Mega Evolved into Mega Pinsir!
|move|p1a: Landorus|Sludge Wave|p2a: Pinsir
|-damage|p2a: Pinsir|76\/271
|move|p2a: Pinsir|Frustration|p1a: Landorus
|-damage|p1a: Landorus|40\/319
|
|turn|2
|
|switch|p1a: Tyranitar|Tyranitar, M|341\/341
|-weather|Sandstorm
|move|p2a: Pinsir|Close Combat|p1a: Tyranitar
|-supereffective|p1a: Tyranitar
|-damage|p1a: Tyranitar|0 fnt
|-unboost|p2a: Pinsir|def|1
|-unboost|p2a: Pinsir|spd|1
|faint|p1a: Tyranitar
|
|-weather|Sandstorm|[upkeep]
|-damage|p2a: Pinsir|60\/271|[from] sandstorm
|
|switch|p1a: Latios|Latios, M|302\/302
|turn|3
|
|switch|p2a: Starmie|Starmie|324\/324
|move|p1a: Latios|Psyshock|p2a: Starmie
|-resisted|p2a: Starmie
|-damage|p2a: Starmie|230\/324
|-damage|p1a: Latios|272\/302|[from] item: Life Orb
|
|-weather|Sandstorm|[upkeep]
|-damage|p2a: Starmie|210\/324|[from] sandstorm
|-damage|p1a: Latios|254\/302|[from] sandstorm
|-heal|p2a: Starmie|230\/324|[from] item: Leftovers
|turn|4
|
|switch|p2a: Raikou|Raikou|322\/322
|-ability|p2a: Raikou|Pressure
|move|p1a: Latios|Draco Meteor|p2a: Raikou
|-crit|p2a: Raikou
|-damage|p2a: Raikou|17\/322
|-unboost|p1a: Latios|spa|2
|-damage|p1a: Latios|224\/302|[from] item: Life Orb
|
|-weather|Sandstorm|[upkeep]
|-damage|p2a: Raikou|0 fnt|[from] sandstorm
|-damage|p1a: Latios|206\/302|[from] sandstorm
|faint|p2a: Raikou
|c|âRotomSock|:[
|
|switch|p2a: Landorus-Therian|Landorus-Therian, M|382\/382
|-ability|p2a: Landorus-Therian|Intimidate|[of] p1a: Latios
|-unboost|p1a: Latios|atk|1
|turn|5
|
|switch|p1a: Clefable|Clefable, F|394\/394
|move|p2a: Landorus-Therian|U-turn|p1a: Clefable
|-resisted|p1a: Clefable
|-damage|p1a: Clefable|350\/394
|
|switch|p2a: Magnezone|Magnezone|282\/282
|
|-weather|Sandstorm|[upkeep]
|-heal|p1a: Clefable|374\/394|[from] item: Leftovers
|turn|6
|
|move|p2a: Magnezone|Flash Cannon|p1a: Clefable
|-supereffective|p1a: Clefable
|-damage|p1a: Clefable|0 fnt
|faint|p1a: Clefable
|
|-weather|none
|
|switch|p1a: Charizard|Charizard, F|297\/297
|turn|7
|
|switch|p2a: Landorus-Therian|Landorus-Therian, M|382\/382
|-ability|p2a: Landorus-Therian|Intimidate|[of] p1a: Charizard
|-unboost|p1a: Charizard|atk|1
|detailschange|p1a: Charizard|Charizard-Mega-X, F
|message|Charizard has Mega Evolved into Mega Charizard!
|move|p1a: Charizard|Flare Blitz|p2a: Landorus-Therian
|-damage|p2a: Landorus-Therian|229\/382
|-damage|p1a: Charizard|247\/297|[from] recoil|[of] p2a: Landorus-Therian
|
|-heal|p2a: Landorus-Therian|252\/382|[from] item: Leftovers
|turn|8
|
|switch|p1a: Landorus|Landorus, M|40\/319
|move|p2a: Landorus-Therian|Stealth Rock|p1a: Landorus
|-sidestart|p1: CharizardmasterX|move: Stealth Rock
|
|-heal|p2a: Landorus-Therian|275\/382|[from] item: Leftovers
|turn|9
|
|switch|p2a: Starmie|Starmie|230\/324
|move|p1a: Landorus|Psychic|p2a: Starmie
|-resisted|p2a: Starmie
|-damage|p2a: Starmie|135\/324
|
|-heal|p2a: Starmie|155\/324|[from] item: Leftovers
|turn|10
|
|move|p2a: Starmie|Scald|p1a: Landorus
|-supereffective|p1a: Landorus
|-damage|p1a: Landorus|0 fnt
|faint|p1a: Landorus
|
|-heal|p2a: Starmie|175\/324|[from] item: Leftovers
|
|switch|p1a: Latios|Latios, M|206\/302
|-damage|p1a: Latios|169\/302|[from] Stealth Rock
|turn|11
|
|move|p2a: Starmie|Scald|p1a: Latios
|-resisted|p1a: Latios
|-damage|p1a: Latios|124\/302
|move|p1a: Latios|Defog|p2a: Starmie
|-unboost|p2a: Starmie|evasion|1
|-sideend|p1: CharizardmasterX|Stealth Rock|[from] move: Defog|[of] p1a: Latios
|
|-heal|p2a: Starmie|195\/324|[from] item: Leftovers
|turn|12
|
|switch|p2a: Magnezone|Magnezone|282\/282
|move|p1a: Latios|Draco Meteor|p2a: Magnezone
|-resisted|p2a: Magnezone
|-damage|p2a: Magnezone|130\/282
|-unboost|p1a: Latios|spa|2
|-damage|p1a: Latios|94\/302|[from] item: Life Orb
|
|turn|13
|
|move|p1a: Latios|Earthquake|p2a: Magnezone
|-supereffective|p2a: Magnezone
|-damage|p2a: Magnezone|0 fnt
|-damage|p1a: Latios|64\/302|[from] item: Life Orb
|faint|p2a: Magnezone
|
|
|switch|p2a: Landorus-Therian|Landorus-Therian, M|275\/382
|-ability|p2a: Landorus-Therian|Intimidate|[of] p1a: Latios
|-unboost|p1a: Latios|atk|1
|turn|14
|
|switch|p1a: Slowbro|Slowbro, M|394\/394
|move|p2a: Landorus-Therian|U-turn|p1a: Slowbro
|-supereffective|p1a: Slowbro
|-damage|p1a: Slowbro|280\/394
|
|switch|p2a: Starmie|Starmie|195\/324
|
|-heal|p2a: Starmie|215\/324|[from] item: Leftovers
|-heal|p1a: Slowbro|304\/394|[from] item: Leftovers
|turn|15
|
|move|p2a: Starmie|Scald|p1a: Slowbro
|-resisted|p1a: Slowbro
|-damage|p1a: Slowbro|247\/394
|move|p1a: Slowbro|Thunder Wave|p2a: Starmie
|-status|p2a: Starmie|par
|
|-heal|p1a: Slowbro|271\/394|[from] item: Leftovers
|-heal|p2a: Starmie|235\/324 par|[from] item: Leftovers
|turn|16
|
|switch|p1a: Charizard|Charizard-Mega-X, F|247\/297
|switch|p2a: Garchomp|Garchomp, F|357\/357
|
|turn|17
|
|switch|p1a: Slowbro|Slowbro, M|394\/394
|move|p2a: Garchomp|Dragon Claw|p1a: Slowbro
|-damage|p1a: Slowbro|292\/394
|
|-heal|p1a: Slowbro|316\/394|[from] item: Leftovers
|turn|18
|
|switch|p2a: Starmie|Starmie|235\/324
|move|p1a: Slowbro|Scald|p2a: Starmie
|-resisted|p2a: Starmie
|-damage|p2a: Starmie|181\/324
|-status|p2a: Starmie|brn
|
|-heal|p2a: Starmie|201\/324 brn|[from] item: Leftovers
|-heal|p1a: Slowbro|340\/394|[from] item: Leftovers
|-damage|p2a: Starmie|161\/324 brn|[from] brn
|turn|19
|
|move|p2a: Starmie|Recover|p2a: Starmie
|-heal|p2a: Starmie|323\/324 brn
|move|p1a: Slowbro|Grass Knot|p2a: Starmie
|-supereffective|p2a: Starmie
|-damage|p2a: Starmie|171\/324 brn
|
|-heal|p2a: Starmie|191\/324 brn|[from] item: Leftovers
|-heal|p1a: Slowbro|364\/394|[from] item: Leftovers
|-damage|p2a: Starmie|151\/324 brn|[from] brn
|turn|20
|
|switch|p2a: Landorus-Therian|Landorus-Therian, M|275\/382
|-ability|p2a: Landorus-Therian|Intimidate|[of] p1a: Slowbro
|-unboost|p1a: Slowbro|atk|1
|switch|p1a: Charizard|Charizard-Mega-X, F|247\/297
|
|-heal|p2a: Landorus-Therian|298\/382|[from] item: Leftovers
|turn|21
|
|switch|p1a: Latios|Latios, M|64\/302
|move|p2a: Landorus-Therian|Stealth Rock|p1a: Latios
|-sidestart|p1: CharizardmasterX|move: Stealth Rock
|
|-heal|p2a: Landorus-Therian|321\/382|[from] item: Leftovers
|turn|22
|
|move|p1a: Latios|Draco Meteor|p2a: Landorus-Therian
|-damage|p2a: Landorus-Therian|0 fnt
|-unboost|p1a: Latios|spa|2
|-damage|p1a: Latios|34\/302|[from] item: Life Orb
|faint|p2a: Landorus-Therian
|
|
|switch|p2a: Pinsir|Pinsir-Mega, M|60\/271
|turn|23
|
|move|p2a: Pinsir|Quick Attack|p1a: Latios
|-damage|p1a: Latios|0 fnt
|faint|p1a: Latios
|
|
|switch|p1a: Slowbro|Slowbro, M|394\/394
|-damage|p1a: Slowbro|345\/394|[from] Stealth Rock
|turn|24
|
|switch|p2a: Starmie|Starmie|151\/324
|move|p1a: Slowbro|Scald|p2a: Starmie
|-crit|p2a: Starmie
|-resisted|p2a: Starmie
|-damage|p2a: Starmie|73\/324
|-status|p2a: Starmie|brn
|
|-heal|p2a: Starmie|93\/324 brn|[from] item: Leftovers
|-heal|p1a: Slowbro|369\/394|[from] item: Leftovers
|-damage|p2a: Starmie|53\/324 brn|[from] brn
|turn|25
|
|switch|p1a: Charizard|Charizard-Mega-X, F|247\/297
|-damage|p1a: Charizard|173\/297|[from] Stealth Rock
|move|p2a: Starmie|Scald|p1a: Charizard
|-damage|p1a: Charizard|58\/297
|
|-heal|p2a: Starmie|73\/324 brn|[from] item: Leftovers
|-damage|p2a: Starmie|33\/324 brn|[from] brn
|turn|26
|
|move|p2a: Starmie|Recover|p2a: Starmie
|-heal|p2a: Starmie|195\/324 brn
|move|p1a: Charizard|Roost|p1a: Charizard
|-heal|p1a: Charizard|207\/297
|
|-heal|p2a: Starmie|215\/324 brn|[from] item: Leftovers
|-damage|p2a: Starmie|175\/324 brn|[from] brn
|turn|27
|
|move|p2a: Starmie|Scald|p1a: Charizard
|-damage|p1a: Charizard|107\/297
|move|p1a: Charizard|Dragon Claw|p2a: Starmie
|-damage|p2a: Starmie|0 fnt
|faint|p2a: Starmie
|
|
|switch|p2a: Pinsir|Pinsir-Mega, M|60\/271
|turn|28
|
|move|p2a: Pinsir|Frustration|p1a: Charizard
|-damage|p1a: Charizard|0 fnt
|faint|p1a: Charizard
|
|
|switch|p1a: Slowbro|Slowbro, M|394\/394
|-damage|p1a: Slowbro|345\/394|[from] Stealth Rock
|turn|29
|
|move|p2a: Pinsir|Frustration|p1a: Slowbro
|-damage|p1a: Slowbro|158\/394
|move|p1a: Slowbro|Scald|p2a: Pinsir
|-damage|p2a: Pinsir|0 fnt
|faint|p2a: Pinsir
|
|-heal|p1a: Slowbro|182\/394|[from] item: Leftovers
|
|switch|p2a: Garchomp|Garchomp, F|357\/357
|turn|30
|
|move|p2a: Garchomp|Outrage|p1a: Slowbro
|-damage|p1a: Slowbro|23\/394
|move|p1a: Slowbro|Slack Off|p1a: Slowbro
|-heal|p1a: Slowbro|220\/394
|
|-heal|p1a: Slowbro|244\/394|[from] item: Leftovers
|turn|31
|c|âRotomSock|gg
|
|move|p2a: Garchomp|Outrage|p1a: Slowbro
|-crit|p1a: Slowbro
|-damage|p1a: Slowbro|40\/394
|move|p1a: Slowbro|Slack Off|p1a: Slowbro
|-heal|p1a: Slowbro|237\/394
|
|-end|p2a: Garchomp|rampage
|-start|p2a: Garchomp|confusion
|-heal|p1a: Slowbro|261\/394|[from] item: Leftovers
|turn|32
|-message|RotomSock forfeited.
|
|win|CharizardmasterX
|raw|Ladder updating...
|leave|RotomSock
|player|p2
|raw|CharizardmasterX's rating: 1724 &rarr; <strong>1745<\/strong><br \/>(+21 for winning)
|raw|RotomSock's rating: 1753 &rarr; <strong>1731<\/strong><br \/>(-22 for losing)