|join|irl cat
|join|RotomSock
|player|p1|irl cat|112
|player|p2|RotomSock|170
|gametype|singles
|gen|6
|tier|OU
|clearpoke
|poke|p1|Gliscor, F
|poke|p1|Mew
|poke|p1|Quagsire, M
|poke|p1|Avalugg, M
|poke|p1|Venusaur, F
|poke|p1|Chansey, F
|poke|p2|Toxicroak, F
|poke|p2|Rhyperior, F
|poke|p2|Venusaur, F
|poke|p2|Slowbro, M
|poke|p2|Talonflame, M
|poke|p2|Latios, M
|rule|Swagger Clause: Swagger is banned
|rule|Baton Pass Clause: Limit one PokÃ©mon knowing Baton Pass
|rule|Sleep Clause Mod: Limit one foe put to sleep
|rule|Species Clause: Limit one of each PokÃ©mon
|rule|OHKO Clause: OHKO moves are banned
|rule|Moody Clause: Moody is banned
|rule|Evasion Moves Clause: Evasion moves are banned
|rule|Endless Battle Clause: Forcing endless battles is banned
|rule|HP Percentage Mod: HP is shown in percentages
|teampreview
|c|âRotomSock|avalugg though :P
|c|âirl cat|yiss
|join|ox the box
|join|Wheeezer
|c|âirl cat|motha
|c|âirl cat|fuckin
|c|âirl cat|ava
|c| ox the box|avalugggg
|c| ox the box|gg wp
|
|start
|switch|p1a: craing ;_;|Venusaur, F|339\/339
|switch|p2a: Latios|Latios, M|302\/302
|turn|1
|c| ox the box|rotom should just forfeit rn imo
|c| Wheeezer|ava is to powerful imo
|
|switch|p1a: mob barley|Chansey, F|703\/703
|move|p2a: Latios|Psyshock|p1a: mob barley
|-crit|p1a: mob barley
|-damage|p1a: mob barley|321\/703
|-damage|p2a: Latios|272\/302|[from] item: Life Orb
|
|turn|2
|c|âirl cat|ok
|c|âRotomSock|I can crit again
|c|âRotomSock|I believe
|
|switch|p2a: Toxicroak|Toxicroak, F|307\/307
|move|p1a: mob barley|Soft-Boiled|p1a: mob barley
|-heal|p1a: mob barley|673\/703
|
|turn|3
|leave|ox the box
|join|ox the box
|
|switch|p2a: Venusaur|Venusaur, F|360\/360
|switch|p1a: bird..?|Gliscor, F|353\/353
|
|-status|p1a: bird..?|tox|[from] item: Toxic Orb
|turn|4
|
|detailschange|p2a: Venusaur|Venusaur-Mega, F
|message|Venusaur has Mega Evolved into Mega Venusaur!
|move|p1a: bird..?|Substitute|p1a: bird..?
|-start|p1a: bird..?|Substitute
|-damage|p1a: bird..?|265\/353 tox
|move|p2a: Venusaur|Giga Drain|p1a: bird..?
|-end|p1a: bird..?|Substitute
|
|-heal|p1a: bird..?|309\/353 tox|[from] ability: Poison Heal
|turn|5
|
|move|p1a: bird..?|Acrobatics|p2a: Venusaur
|-supereffective|p2a: Venusaur
|-damage|p2a: Venusaur|256\/360
|move|p2a: Venusaur|Giga Drain|p1a: bird..?
|-damage|p1a: bird..?|120\/353 tox
|-heal|p2a: Venusaur|351\/360|[from] drain|[of] p1a: bird..?
|
|-heal|p1a: bird..?|164\/353 tox|[from] ability: Poison Heal
|turn|6
|c|âirl cat|ow
|c|âRotomSock|that did a lot o.0
|
|switch|p1a: craing ;_;|Venusaur, F|339\/339
|move|p2a: Venusaur|Giga Drain|p1a: craing ;_;
|-resisted|p1a: craing ;_;
|-damage|p1a: craing ;_;|312\/339
|-heal|p2a: Venusaur|360\/360|[from] drain|[of] p1a: craing ;_;
|
|turn|7
|c| ox the box|why are u using phys defensive glisc
|c| ox the box|;_;
|c|âirl cat|4 hera
|
|detailschange|p1a: craing ;_;|Venusaur-Mega, F
|message|Venusaur has Mega Evolved into Mega Venusaur!
|move|p2a: Venusaur|Sludge Bomb|p1a: craing ;_;
|-damage|p1a: craing ;_;|194\/339
|move|p1a: craing ;_;|Sludge Bomb|p2a: Venusaur
|-damage|p2a: Venusaur|261\/360
|
|turn|8
|c| ox the box|ah ok
|c|âirl cat|LOL IT DQ'D YOU
|c|âirl cat|INSTEAD OF FLAN
|
|switch|p2a: Latios|Latios, M|272\/302
|move|p1a: craing ;_;|Synthesis|p1a: craing ;_;
|-heal|p1a: craing ;_;|339\/339
|
|turn|9
|
|switch|p2a: Rhyperior|Rhyperior, F|434\/434
|move|p1a: craing ;_;|Sludge Bomb|p2a: Rhyperior
|-resisted|p2a: Rhyperior
|-damage|p2a: Rhyperior|386\/434
|-status|p2a: Rhyperior|psn
|
|-heal|p2a: Rhyperior|413\/434 psn|[from] item: Leftovers
|-damage|p2a: Rhyperior|359\/434 psn|[from] psn
|turn|10
|c|âirl cat|#Rekt
|
|switch|p2a: Venusaur|Venusaur-Mega, F|261\/360
|move|p1a: craing ;_;|Giga Drain|p2a: Venusaur
|-resisted|p2a: Venusaur
|-damage|p2a: Venusaur|239\/360
|
|turn|11
|
|move|p2a: Venusaur|Sludge Bomb|p1a: craing ;_;
|-damage|p1a: craing ;_;|210\/339
|move|p1a: craing ;_;|Sludge Bomb|p2a: Venusaur
|-damage|p2a: Venusaur|136\/360
|
|turn|12
|
|move|p2a: Venusaur|Synthesis|p2a: Venusaur
|-heal|p2a: Venusaur|316\/360
|move|p1a: craing ;_;|Synthesis|p1a: craing ;_;
|-heal|p1a: craing ;_;|339\/339
|
|turn|13
|
|switch|p1a: mob barley|Chansey, F|673\/703
|move|p2a: Venusaur|Sludge Bomb|p1a: mob barley
|-damage|p1a: mob barley|574\/703
|
|turn|14
|
|switch|p2a: Rhyperior|Rhyperior, F|359\/434 psn
|move|p1a: mob barley|Seismic Toss|p2a: Rhyperior
|-damage|p2a: Rhyperior|259\/434 psn
|
|-heal|p2a: Rhyperior|286\/434 psn|[from] item: Leftovers
|-damage|p2a: Rhyperior|232\/434 psn|[from] psn
|turn|15
|join|Frickett
|
|switch|p1a: bird..?|Gliscor, F|164\/353 tox
|move|p2a: Rhyperior|Stealth Rock|p1a: bird..?
|-sidestart|p1: irl cat|move: Stealth Rock
|
|-heal|p2a: Rhyperior|259\/434 psn|[from] item: Leftovers
|-heal|p1a: bird..?|208\/353 tox|[from] ability: Poison Heal
|-damage|p2a: Rhyperior|205\/434 psn|[from] psn
|turn|16
|join|Alldaalts
|c|âirl cat|death 2 infidels
|
|switch|p2a: Slowbro|Slowbro, M|394\/394
|move|p1a: bird..?|Stealth Rock|p2a: Slowbro
|-sidestart|p2: RotomSock|move: Stealth Rock
|
|-heal|p1a: bird..?|252\/353 tox|[from] ability: Poison Heal
|turn|17
|
|switch|p1a: mob barley|Chansey, F|574\/703
|-damage|p1a: mob barley|487\/703|[from] Stealth Rock
|move|p2a: Slowbro|Ice Beam|p1a: mob barley
|-damage|p1a: mob barley|445\/703
|
|turn|18
|
|switch|p2a: Toxicroak|Toxicroak, F|307\/307
|-damage|p2a: Toxicroak|288\/307|[from] Stealth Rock
|move|p1a: mob barley|Soft-Boiled|p1a: mob barley
|-heal|p1a: mob barley|703\/703
|
|turn|19
|join|Cuzibebroke
|join|Cinco Diablo
|leave|Wheeezer
|
|switch|p1a: craing ;_;|Venusaur-Mega, F|339\/339
|-damage|p1a: craing ;_;|297\/339|[from] Stealth Rock
|move|p2a: Toxicroak|Gunk Shot|p1a: craing ;_;
|-damage|p1a: craing ;_;|136\/339
|-damage|p2a: Toxicroak|258\/307|[from] item: Life Orb
|
|turn|20
|c|âirl cat|ow
|
|switch|p1a: bird..?|Gliscor, F|252\/353 tox
|-damage|p1a: bird..?|208\/353 tox|[from] Stealth Rock
|move|p2a: Toxicroak|Gunk Shot|p1a: bird..?
|-resisted|p1a: bird..?
|-damage|p1a: bird..?|133\/353 tox
|-damage|p2a: Toxicroak|228\/307|[from] item: Life Orb
|
|-heal|p1a: bird..?|177\/353 tox|[from] ability: Poison Heal
|turn|21
|c|âirl cat|can u not
|
|switch|p2a: Venusaur|Venusaur-Mega, F|316\/360
|-damage|p2a: Venusaur|271\/360|[from] Stealth Rock
|switch|p1a: me|Quagsire, M|393\/393
|-damage|p1a: me|369\/393|[from] Stealth Rock
|
|-heal|p1a: me|393\/393|[from] item: Leftovers
|turn|22
|c|âRotomSock|but toxicroak is the best mon
|
|switch|p2a: Toxicroak|Toxicroak, F|228\/307
|-damage|p2a: Toxicroak|209\/307|[from] Stealth Rock
|switch|p1a: prankster|Mew|403\/403
|-damage|p1a: prankster|353\/403|[from] Stealth Rock
|
|-heal|p1a: prankster|378\/403|[from] item: Leftovers
|turn|23
|leave|Cinco Diablo
|
|move|p2a: Toxicroak|Gunk Shot|p1a: prankster
|-damage|p1a: prankster|128\/403
|-damage|p2a: Toxicroak|179\/307|[from] item: Life Orb
|move|p1a: prankster|Knock Off|p2a: Toxicroak
|-resisted|p2a: Toxicroak
|-damage|p2a: Toxicroak|125\/307
|-enditem|p2a: Toxicroak|Life Orb|[from] move: Knock Off|[of] p1a: prankster
|
|-heal|p1a: prankster|153\/403|[from] item: Leftovers
|turn|24
|join|just a guest 007
|leave|just a guest 007
|
|switch|p1a: me|Quagsire, M|393\/393
|-damage|p1a: me|369\/393|[from] Stealth Rock
|move|p2a: Toxicroak|Gunk Shot|p1a: me
|-resisted|p1a: me
|-damage|p1a: me|298\/393
|-status|p1a: me|psn
|
|-heal|p1a: me|322\/393 psn|[from] item: Leftovers
|-damage|p1a: me|273\/393 psn|[from] psn
|turn|25
|c|âirl cat|stoppp hitting so hard
|
|move|p2a: Toxicroak|Drain Punch|p1a: me
|-damage|p1a: me|179\/393 psn
|-heal|p2a: Toxicroak|172\/307|[from] drain|[of] p1a: me
|move|p1a: me|Recover|p1a: me
|-heal|p1a: me|376\/393 psn
|
|-heal|p1a: me|393\/393 psn|[from] item: Leftovers
|-damage|p1a: me|344\/393 psn|[from] psn
|turn|26
|
|switch|p2a: Venusaur|Venusaur-Mega, F|271\/360
|-damage|p2a: Venusaur|226\/360|[from] Stealth Rock
|switch|p1a: bird..?|Gliscor, F|177\/353 tox
|-damage|p1a: bird..?|133\/353 tox|[from] Stealth Rock
|
|-heal|p1a: bird..?|177\/353 tox|[from] ability: Poison Heal
|turn|27
|
|move|p1a: bird..?|Substitute|p1a: bird..?
|-start|p1a: bird..?|Substitute
|-damage|p1a: bird..?|89\/353 tox
|move|p2a: Venusaur|Giga Drain|p1a: bird..?
|-end|p1a: bird..?|Substitute
|-heal|p2a: Venusaur|270\/360|[from] drain|[of] p1a: bird..?
|
|-heal|p1a: bird..?|133\/353 tox|[from] ability: Poison Heal
|turn|28
|
|switch|p1a: craing ;_;|Venusaur-Mega, F|136\/339
|-damage|p1a: craing ;_;|94\/339|[from] Stealth Rock
|move|p2a: Venusaur|Giga Drain|p1a: craing ;_;
|-resisted|p1a: craing ;_;
|-damage|p1a: craing ;_;|69\/339
|-heal|p2a: Venusaur|283\/360|[from] drain|[of] p1a: craing ;_;
|
|turn|29
|
|move|p2a: Venusaur|Sludge Bomb|p1a: craing ;_;
|-damage|p1a: craing ;_;|0 fnt
|faint|p1a: craing ;_;
|
|c| ox the box|irlu need somethnig for venu
|c|âirl cat|rip..
|c| ox the box|wait why arent u going chansey
|c| ox the box|it wins 1v1
|c|âirl cat|usually i just send in my venu
|
|switch|p1a: mob barley|Chansey, F|703\/703
|-damage|p1a: mob barley|616\/703|[from] Stealth Rock
|turn|30
|c| ox the box|;_;
|c|âirl cat|i need sth for toxicroak u mean
|c|âirl cat|`_>`
|
|switch|p2a: Rhyperior|Rhyperior, F|205\/434 psn
|-damage|p2a: Rhyperior|178\/434 psn|[from] Stealth Rock
|move|p1a: mob barley|Seismic Toss|p2a: Rhyperior
|-damage|p2a: Rhyperior|78\/434 psn
|
|-heal|p2a: Rhyperior|105\/434 psn|[from] item: Leftovers
|-damage|p2a: Rhyperior|51\/434 psn|[from] psn
|turn|31
|
|switch|p1a: bird..?|Gliscor, F|133\/353 tox
|-damage|p1a: bird..?|89\/353 tox|[from] Stealth Rock
|move|p2a: Rhyperior|Rock Blast|p1a: bird..?|[miss]
|-miss|p2a: Rhyperior|p1a: bird..?
|
|-heal|p2a: Rhyperior|78\/434 psn|[from] item: Leftovers
|-heal|p1a: bird..?|133\/353 tox|[from] ability: Poison Heal
|-damage|p2a: Rhyperior|24\/434 psn|[from] psn
|turn|32
|c|âirl cat|woo!
|
|move|p1a: bird..?|Roost|p1a: bird..?
|-heal|p1a: bird..?|310\/353 tox
|move|p2a: Rhyperior|Ice Punch|p1a: bird..?
|-supereffective|p1a: bird..?
|-damage|p1a: bird..?|210\/353 tox
|
|-heal|p2a: Rhyperior|51\/434 psn|[from] item: Leftovers
|-heal|p1a: bird..?|254\/353 tox|[from] ability: Poison Heal
|-damage|p2a: Rhyperior|0 fnt|[from] psn
|faint|p2a: Rhyperior
|
|switch|p2a: Venusaur|Venusaur-Mega, F|283\/360
|-damage|p2a: Venusaur|238\/360|[from] Stealth Rock
|turn|33
|
|switch|p1a: mob barley|Chansey, F|616\/703
|-damage|p1a: mob barley|529\/703|[from] Stealth Rock
|switch|p2a: Toxicroak|Toxicroak, F|172\/307
|-damage|p2a: Toxicroak|153\/307|[from] Stealth Rock
|
|turn|34
|
|switch|p1a: bird..?|Gliscor, F|254\/353 tox
|-damage|p1a: bird..?|210\/353 tox|[from] Stealth Rock
|move|p2a: Toxicroak|Drain Punch|p1a: bird..?
|-resisted|p1a: bird..?
|-damage|p1a: bird..?|177\/353 tox
|-heal|p2a: Toxicroak|170\/307|[from] drain|[of] p1a: bird..?
|
|-heal|p1a: bird..?|221\/353 tox|[from] ability: Poison Heal
|turn|35
|
|switch|p2a: Slowbro|Slowbro, M|394\/394
|-damage|p2a: Slowbro|345\/394|[from] Stealth Rock
|move|p1a: bird..?|Roost|p1a: bird..?
|-heal|p1a: bird..?|353\/353 tox
|
|-heal|p2a: Slowbro|369\/394|[from] item: Leftovers
|turn|36
|
|switch|p1a: mob barley|Chansey, F|529\/703
|-damage|p1a: mob barley|442\/703|[from] Stealth Rock
|move|p2a: Slowbro|Scald|p1a: mob barley
|-damage|p1a: mob barley|382\/703
|
|-heal|p2a: Slowbro|393\/394|[from] item: Leftovers
|turn|37
|
|switch|p2a: Toxicroak|Toxicroak, F|170\/307
|-damage|p2a: Toxicroak|151\/307|[from] Stealth Rock
|move|p1a: mob barley|Soft-Boiled|p1a: mob barley
|-heal|p1a: mob barley|703\/703
|
|turn|38
|
|switch|p2a: Venusaur|Venusaur-Mega, F|238\/360
|-damage|p2a: Venusaur|193\/360|[from] Stealth Rock
|switch|p1a: bird..?|Gliscor, F|353\/353 tox
|-damage|p1a: bird..?|309\/353 tox|[from] Stealth Rock
|
|-heal|p1a: bird..?|353\/353 tox|[from] ability: Poison Heal
|turn|39
|c|âirl cat|i can never find a time to send in ava
|c|âirl cat|:\/
|
|switch|p1a: mob barley|Chansey, F|703\/703
|-damage|p1a: mob barley|616\/703|[from] Stealth Rock
|move|p2a: Venusaur|Giga Drain|p1a: mob barley
|-damage|p1a: mob barley|531\/703
|-heal|p2a: Venusaur|236\/360|[from] drain|[of] p1a: mob barley
|
|turn|40
|c| ox the box|ava is awful
|c| ox the box|lol
|c|âirl cat|he would b rly good
|join|nuub \(^O^)\/
|c|âirl cat|if he fit into the meta
|c|âRotomSock|he fits into the u meta well .-.
|
|move|p2a: Venusaur|Giga Drain|p1a: mob barley
|-damage|p1a: mob barley|441\/703
|-heal|p2a: Venusaur|281\/360|[from] drain|[of] p1a: mob barley
|move|p1a: mob barley|Soft-Boiled|p1a: mob barley
|-heal|p1a: mob barley|703\/703
|
|turn|41
|join|Cinco Diablo
|join|Shavon
|c|âRotomSock|!learn toxicroak, ice punch
|raw|<div class="infobox">Toxicroak <span class="message-learn-canlearn">can<\/span> learn Ice Punch only when obtained from:<ul class="message-learn-list"><li>any generation before 6<\/ul><\/div>
|c|âRotomSock|only if
|c|âRotomSock|I had that
|join|redeviltroll69
|leave|redeviltroll69
|
|move|p2a: Venusaur|Sludge Bomb|p1a: mob barley
|-crit|p1a: mob barley
|-damage|p1a: mob barley|540\/703
|-status|p1a: mob barley|psn
|move|p1a: mob barley|Seismic Toss|p2a: Venusaur
|-damage|p2a: Venusaur|181\/360
|
|-damage|p1a: mob barley|453\/703 psn|[from] psn
|turn|42
|
|switch|p2a: Toxicroak|Toxicroak, F|151\/307
|-damage|p2a: Toxicroak|132\/307|[from] Stealth Rock
|move|p1a: mob barley|Soft-Boiled|p1a: mob barley
|-heal|p1a: mob barley|703\/703 psn
|
|-damage|p1a: mob barley|616\/703 psn|[from] psn
|turn|43
|c|âirl cat|why dont u have it
|c|âirl cat|?_?
|
|switch|p1a: bird..?|Gliscor, F|353\/353 tox
|-damage|p1a: bird..?|309\/353 tox|[from] Stealth Rock
|move|p2a: Toxicroak|Swords Dance|p2a: Toxicroak
|-boost|p2a: Toxicroak|atk|2
|
|-heal|p1a: bird..?|353\/353 tox|[from] ability: Poison Heal
|turn|44
|c|âRotomSock|what should I dump? :[
|
|move|p2a: Toxicroak|Gunk Shot|p1a: bird..?
|-resisted|p1a: bird..?
|-damage|p1a: bird..?|248\/353 tox
|move|p1a: bird..?|Acrobatics|p2a: Toxicroak
|-supereffective|p2a: Toxicroak
|-damage|p2a: Toxicroak|0 fnt
|faint|p2a: Toxicroak
|
|-heal|p1a: bird..?|292\/353 tox|[from] ability: Poison Heal
|
|switch|p2a: Slowbro|Slowbro, M|394\/394
|-damage|p2a: Slowbro|345\/394|[from] Stealth Rock
|turn|45
|c|âirl cat|gunk shot: any gen b4 6, ice punch any b4 6, drain punch any b4 6
|c|âirl cat|and swords dance any
|leave|Cinco Diablo
|c|âirl cat|idk ur 4th
|
|switch|p1a: mob barley|Chansey, F|616\/703
|-damage|p1a: mob barley|529\/703|[from] Stealth Rock
|switch|p2a: Talonflame|Talonflame, M|359\/359
|-damage|p2a: Talonflame|180\/359|[from] Stealth Rock
|
|-heal|p2a: Talonflame|202\/359|[from] item: Leftovers
|turn|46
|
|switch|p1a: coffee table|Avalugg, M|393\/393
|-damage|p1a: coffee table|295\/393|[from] Stealth Rock
|move|p2a: Talonflame|Taunt|p1a: coffee table
|-start|p1a: coffee table|move: Taunt
|
|-heal|p2a: Talonflame|224\/359|[from] item: Leftovers
|-heal|p1a: coffee table|319\/393|[from] item: Leftovers
|turn|47
|
|move|p2a: Talonflame|Will-O-Wisp|p1a: coffee table|[miss]
|-miss|p2a: Talonflame|p1a: coffee table
|move|p1a: coffee table|Rapid Spin|p2a: Talonflame
|-damage|p2a: Talonflame|198\/359
|-sideend|p1: irl cat|Stealth Rock|[from] move: Rapid Spin|[of] p1a: coffee table
|
|-heal|p2a: Talonflame|220\/359|[from] item: Leftovers
|-heal|p1a: coffee table|343\/393|[from] item: Leftovers
|turn|48
|c|âRotomSock|jiji
|c|âirl cat|get dat pebble shit out of here
|
|move|p2a: Talonflame|Taunt|p1a: coffee table
|-fail|p1a: coffee table
|move|p1a: coffee table|Avalanche|p2a: Talonflame
|-damage|p2a: Talonflame|111\/359
|
|-heal|p2a: Talonflame|133\/359|[from] item: Leftovers
|-heal|p1a: coffee table|367\/393|[from] item: Leftovers
|turn|49
|
|switch|p1a: bird..?|Gliscor, F|292\/353 tox
|move|p2a: Talonflame|Will-O-Wisp|p1a: bird..?
|-fail|p1a: bird..?
|
|-heal|p2a: Talonflame|155\/359|[from] item: Leftovers
|-heal|p1a: bird..?|336\/353 tox|[from] ability: Poison Heal
|turn|50
|
|move|p2a: Talonflame|Roost|p2a: Talonflame
|-heal|p2a: Talonflame|335\/359
|move|p1a: bird..?|Substitute|p1a: bird..?
|-start|p1a: bird..?|Substitute
|-damage|p1a: bird..?|248\/353 tox
|
|-heal|p2a: Talonflame|357\/359|[from] item: Leftovers
|-heal|p1a: bird..?|292\/353 tox|[from] ability: Poison Heal
|turn|51
|
|switch|p2a: Venusaur|Venusaur-Mega, F|181\/360
|-damage|p2a: Venusaur|136\/360|[from] Stealth Rock
|move|p1a: bird..?|Acrobatics|p2a: Venusaur
|-supereffective|p2a: Venusaur
|-damage|p2a: Venusaur|32\/360
|
|-heal|p1a: bird..?|336\/353 tox|[from] ability: Poison Heal
|turn|52
|c|âirl cat|now u die
|
|move|p1a: bird..?|Acrobatics|p2a: Venusaur
|-supereffective|p2a: Venusaur
|-damage|p2a: Venusaur|0 fnt
|faint|p2a: Venusaur
|
|-heal|p1a: bird..?|353\/353 tox|[from] ability: Poison Heal
|
|switch|p2a: Slowbro|Slowbro, M|394\/394
|-damage|p2a: Slowbro|345\/394|[from] Stealth Rock
|turn|53
|
|move|p1a: bird..?|Acrobatics|p2a: Slowbro
|-damage|p2a: Slowbro|306\/394
|move|p2a: Slowbro|Ice Beam|p1a: bird..?
|-supereffective|p1a: bird..?
|-end|p1a: bird..?|Substitute
|
|-heal|p2a: Slowbro|330\/394|[from] item: Leftovers
|turn|54
|
|switch|p1a: mob barley|Chansey, F|529\/703
|move|p2a: Slowbro|Ice Beam|p1a: mob barley
|-damage|p1a: mob barley|483\/703
|
|-heal|p2a: Slowbro|354\/394|[from] item: Leftovers
|turn|55
|
|move|p1a: mob barley|Toxic|p2a: Slowbro
|-status|p2a: Slowbro|tox
|move|p2a: Slowbro|Thunder Wave|p1a: mob barley
|-status|p1a: mob barley|par
|
|-heal|p2a: Slowbro|378\/394 tox|[from] item: Leftovers
|-damage|p2a: Slowbro|354\/394 tox|[from] psn
|turn|56
|
|switch|p2a: Talonflame|Talonflame, M|357\/359
|-damage|p2a: Talonflame|178\/359|[from] Stealth Rock
|move|p1a: mob barley|Soft-Boiled|p1a: mob barley
|-heal|p1a: mob barley|703\/703 par
|
|-heal|p2a: Talonflame|200\/359|[from] item: Leftovers
|turn|57
|
|switch|p1a: bird..?|Gliscor, F|353\/353 tox
|move|p2a: Talonflame|Taunt|p1a: bird..?
|-start|p1a: bird..?|move: Taunt
|
|-heal|p2a: Talonflame|222\/359|[from] item: Leftovers
|turn|58
|
|move|p2a: Talonflame|Roost|p2a: Talonflame
|-heal|p2a: Talonflame|359\/359
|move|p1a: bird..?|Acrobatics|p2a: Talonflame
|-damage|p2a: Talonflame|274\/359
|
|-heal|p2a: Talonflame|296\/359|[from] item: Leftovers
|turn|59
|
|move|p2a: Talonflame|Brave Bird|p1a: bird..?
|-damage|p1a: bird..?|277\/353 tox
|-damage|p2a: Talonflame|271\/359|[from] recoil|[of] p1a: bird..?
|move|p1a: bird..?|Acrobatics|p2a: Talonflame
|-damage|p2a: Talonflame|190\/359
|
|-heal|p2a: Talonflame|212\/359|[from] item: Leftovers
|-heal|p1a: bird..?|321\/353 tox|[from] ability: Poison Heal
|turn|60
|
|move|p2a: Talonflame|Brave Bird|p1a: bird..?
|-damage|p1a: bird..?|248\/353 tox
|-damage|p2a: Talonflame|188\/359|[from] recoil|[of] p1a: bird..?
|move|p1a: bird..?|Acrobatics|p2a: Talonflame
|-damage|p2a: Talonflame|110\/359
|
|-heal|p2a: Talonflame|132\/359|[from] item: Leftovers
|-heal|p1a: bird..?|292\/353 tox|[from] ability: Poison Heal
|-end|p1a: bird..?|move: Taunt
|turn|61
|
|move|p2a: Talonflame|Taunt|p1a: bird..?
|-start|p1a: bird..?|move: Taunt
|cant|p1a: bird..?|move: Taunt|Substitute
|
|-heal|p2a: Talonflame|154\/359|[from] item: Leftovers
|-heal|p1a: bird..?|336\/353 tox|[from] ability: Poison Heal
|turn|62
|
|switch|p1a: coffee table|Avalugg, M|367\/393
|move|p2a: Talonflame|Roost|p2a: Talonflame
|-heal|p2a: Talonflame|334\/359
|
|-heal|p2a: Talonflame|356\/359|[from] item: Leftovers
|-heal|p1a: coffee table|391\/393|[from] item: Leftovers
|turn|63
|
|move|p2a: Talonflame|Will-O-Wisp|p1a: coffee table
|-status|p1a: coffee table|brn
|move|p1a: coffee table|Toxic|p2a: Talonflame
|-status|p2a: Talonflame|tox
|
|-heal|p2a: Talonflame|359\/359 tox|[from] item: Leftovers
|-heal|p1a: coffee table|393\/393 brn|[from] item: Leftovers
|-damage|p2a: Talonflame|337\/359 tox|[from] psn
|-damage|p1a: coffee table|344\/393 brn|[from] brn
|turn|64
|c|âirl cat|:^)
|
|switch|p2a: Slowbro|Slowbro, M|394\/394 tox
|-damage|p2a: Slowbro|345\/394 tox|[from] Stealth Rock
|switch|p1a: bird..?|Gliscor, F|336\/353 tox
|
|-heal|p2a: Slowbro|369\/394 tox|[from] item: Leftovers
|-heal|p1a: bird..?|353\/353 tox|[from] ability: Poison Heal
|-damage|p2a: Slowbro|345\/394 tox|[from] psn
|turn|65
|
|switch|p1a: mob barley|Chansey, F|703\/703
|move|p2a: Slowbro|Ice Beam|p1a: mob barley
|-damage|p1a: mob barley|653\/703
|
|-heal|p2a: Slowbro|369\/394 tox|[from] item: Leftovers
|-damage|p2a: Slowbro|321\/394 tox|[from] psn
|turn|66
|c|âirl cat|my team has such a good color scheme going on
|c|âirl cat|but i hv to get rid of avalugg
|c|âirl cat|:(
|
|switch|p2a: Talonflame|Talonflame, M|337\/359 tox
|-damage|p2a: Talonflame|158\/359 tox|[from] Stealth Rock
|move|p1a: mob barley|Seismic Toss|p2a: Talonflame
|-damage|p2a: Talonflame|58\/359 tox
|
|-heal|p2a: Talonflame|80\/359 tox|[from] item: Leftovers
|-damage|p2a: Talonflame|58\/359 tox|[from] psn
|turn|67
|
|switch|p2a: Latios|Latios, M|272\/302
|-damage|p2a: Latios|235\/302|[from] Stealth Rock
|move|p1a: mob barley|Seismic Toss|p2a: Latios
|-damage|p2a: Latios|135\/302
|
|turn|68
|
|move|p2a: Latios|Psyshock|p1a: mob barley
|-damage|p1a: mob barley|396\/703
|-damage|p2a: Latios|105\/302|[from] item: Life Orb
|move|p1a: mob barley|Toxic|p2a: Latios
|-status|p2a: Latios|tox
|
|-damage|p2a: Latios|87\/302 tox|[from] psn
|turn|69
|
|switch|p2a: Slowbro|Slowbro, M|394\/394 tox
|-damage|p2a: Slowbro|345\/394 tox|[from] Stealth Rock
|move|p1a: mob barley|Soft-Boiled|p1a: mob barley
|-heal|p1a: mob barley|703\/703
|
|-heal|p2a: Slowbro|369\/394 tox|[from] item: Leftovers
|-damage|p2a: Slowbro|345\/394 tox|[from] psn
|turn|70
|
|move|p1a: mob barley|Seismic Toss|p2a: Slowbro
|-damage|p2a: Slowbro|245\/394 tox
|move|p2a: Slowbro|Scald|p1a: mob barley
|-damage|p1a: mob barley|648\/703
|-status|p1a: mob barley|brn
|
|-heal|p2a: Slowbro|269\/394 tox|[from] item: Leftovers
|-damage|p1a: mob barley|561\/703 brn|[from] brn
|-damage|p2a: Slowbro|221\/394 tox|[from] psn
|turn|71
|
|switch|p1a: prankster|Mew|153\/403
|move|p2a: Slowbro|Scald|p1a: prankster
|-damage|p1a: prankster|72\/403
|
|-heal|p1a: prankster|97\/403|[from] item: Leftovers
|-heal|p2a: Slowbro|245\/394 tox|[from] item: Leftovers
|-damage|p2a: Slowbro|173\/394 tox|[from] psn
|turn|72
|
|switch|p2a: Latios|Latios, M|87\/302 tox
|-damage|p2a: Latios|50\/302 tox|[from] Stealth Rock
|move|p1a: prankster|Roost|p1a: prankster
|-heal|p1a: prankster|299\/403
|
|-heal|p1a: prankster|324\/403|[from] item: Leftovers
|-damage|p2a: Latios|32\/302 tox|[from] psn
|turn|73
|
|switch|p2a: Slowbro|Slowbro, M|304\/394 tox
|-damage|p2a: Slowbro|255\/394 tox|[from] Stealth Rock
|move|p1a: prankster|Knock Off|p2a: Slowbro
|-supereffective|p2a: Slowbro
|-damage|p2a: Slowbro|153\/394 tox
|-enditem|p2a: Slowbro|Leftovers|[from] move: Knock Off|[of] p1a: prankster
|
|-heal|p1a: prankster|349\/403|[from] item: Leftovers
|-damage|p2a: Slowbro|129\/394 tox|[from] psn
|turn|74
|c|âirl cat|lose the leftogres son
|
|move|p1a: prankster|Knock Off|p2a: Slowbro
|-crit|p2a: Slowbro
|-supereffective|p2a: Slowbro
|-damage|p2a: Slowbro|21\/394 tox
|move|p2a: Slowbro|Scald|p1a: prankster
|-damage|p1a: prankster|276\/403
|
|-heal|p1a: prankster|301\/403|[from] item: Leftovers
|-damage|p2a: Slowbro|0 fnt|[from] psn
|faint|p2a: Slowbro
|c|âirl cat|lel
|c|âRotomSock|noooo
|c|âirl cat|gg
|c|âRotomSock|you crit
|c|âirl cat|rocks anyway
|c|âRotomSock|I can't drop all 3 mons to rocks
|c|âirl cat|ur t dies
|c|âRotomSock|the gameplan is ruined
|
|switch|p2a: Latios|Latios, M|32\/302 tox
|-damage|p2a: Latios|0 fnt|[from] Stealth Rock
|faint|p2a: Latios
|
|switch|p2a: Talonflame|Talonflame, M|58\/359 tox
|-damage|p2a: Talonflame|0 fnt|[from] Stealth Rock
|faint|p2a: Talonflame
|
|win|irl cat
|leave|irl cat
|player|p1
|leave|RotomSock
|player|p2
|leave|Shavon
|leave|Cuzibebroke
|leave|Alldaalts