|join|Dallasboi1992
|join|RotomSock
|player|p1|Dallasboi1992|266
|player|p2|RotomSock|37
|gametype|singles
|gen|6
|tier|OU
|clearpoke
|poke|p1|Metagross
|poke|p1|Landorus-Therian, M
|poke|p1|Talonflame, M
|poke|p1|Dugtrio, F
|poke|p1|Latios, M
|poke|p1|Rotom-Wash
|poke|p2|Gyarados, F
|poke|p2|Latias, F
|poke|p2|Greninja, F
|poke|p2|Heatran, M
|poke|p2|Ferrothorn, F
|poke|p2|Thundurus, M
|rule|Swagger Clause: Swagger is banned
|rule|Baton Pass Clause: Limit one PokÃ©mon knowing Baton Pass
|rule|Sleep Clause Mod: Limit one foe put to sleep
|rule|Species Clause: Limit one of each PokÃ©mon
|rule|OHKO Clause: OHKO moves are banned
|rule|Moody Clause: Moody is banned
|rule|Evasion Moves Clause: Evasion moves are banned
|rule|Endless Battle Clause: Forcing endless battles is banned
|rule|HP Percentage Mod: HP is shown in percentages
|teampreview
|join|Wheezer
|
|start
|switch|p1a: Rotom-Wash|Rotom-Wash|303\/303
|switch|p2a: Thundurus|Thundurus, M|299\/299
|turn|1
|leave|Wheezer
|c|âDallasboi1992|gl hf
|
|move|p2a: Thundurus|Thunderbolt|p1a: Rotom-Wash
|-damage|p1a: Rotom-Wash|156\/303
|move|p1a: Rotom-Wash|Volt Switch|p2a: Thundurus
|-damage|p2a: Thundurus|193\/299
|
|switch|p1a: Landorus-Therian|Landorus-Therian, M|320\/320
|-ability|p1a: Landorus-Therian|Intimidate|[of] p2a: Thundurus
|-unboost|p2a: Thundurus|atk|1
|
|-heal|p2a: Thundurus|211\/299|[from] item: Leftovers
|turn|2
|c|âRotomSock|you too :)
|
|move|p1a: Landorus-Therian|U-turn|p2a: Thundurus
|-resisted|p2a: Thundurus
|-damage|p2a: Thundurus|155\/299
|c|âRotomSock|so duggy has rocks?
|join|Azimuth
|
|switch|p1a: Rotom-Wash|Rotom-Wash|156\/303
|move|p2a: Thundurus|Hidden Power|p1a: Rotom-Wash
|-resisted|p1a: Rotom-Wash
|-damage|p1a: Rotom-Wash|124\/303
|
|-heal|p2a: Thundurus|173\/299|[from] item: Leftovers
|-heal|p1a: Rotom-Wash|142\/303|[from] item: Leftovers
|turn|3
|join|shoops
|c|âDallasboi1992|Nice call
|
|switch|p1a: Dugtrio|Dugtrio, F|201\/201
|move|p2a: Thundurus|Thunderbolt|p1a: Dugtrio
|-immune|p1a: Dugtrio|[msg]
|
|-heal|p2a: Thundurus|191\/299|[from] item: Leftovers
|turn|4
|
|move|p2a: Thundurus|Taunt|p1a: Dugtrio
|-start|p1a: Dugtrio|move: Taunt
|cant|p1a: Dugtrio|move: Taunt|Stealth Rock
|
|-heal|p2a: Thundurus|209\/299|[from] item: Leftovers
|turn|5
|c|âDallasboi1992|Tmi
|c|âRotomSock|lemme just never switch :P
|join|kfreshz
|join|Too much swog
|
|switch|p1a: Rotom-Wash|Rotom-Wash|142\/303
|switch|p2a: Ferrothorn|Ferrothorn, F|352\/352
|
|-heal|p1a: Rotom-Wash|160\/303|[from] item: Leftovers
|turn|6
|
|move|p1a: Rotom-Wash|Will-O-Wisp|p2a: Ferrothorn
|-status|p2a: Ferrothorn|brn
|move|p2a: Ferrothorn|Spikes|p1a: Rotom-Wash
|-sidestart|p1: Dallasboi1992|Spikes
|
|-heal|p1a: Rotom-Wash|178\/303|[from] item: Leftovers
|-damage|p2a: Ferrothorn|308\/352 brn|[from] brn
|turn|7
|
|move|p1a: Rotom-Wash|Pain Split|p2a: Ferrothorn
|-sethp|p2a: Ferrothorn|243\/352 brn|p1a: Rotom-Wash|243\/303|[from] move: Pain Split
|move|p2a: Ferrothorn|Leech Seed|p1a: Rotom-Wash
|-start|p1a: Rotom-Wash|move: Leech Seed
|
|-heal|p1a: Rotom-Wash|261\/303|[from] item: Leftovers
|-damage|p1a: Rotom-Wash|224\/303|[from] Leech Seed|[of] p2a: Ferrothorn
|-heal|p2a: Ferrothorn|280\/352 brn|[silent]
|-damage|p2a: Ferrothorn|236\/352 brn|[from] brn
|turn|8
|
|switch|p1a: Latios|Latios, M|302\/302
|move|p2a: Ferrothorn|Leech Seed|p1a: Latios
|-start|p1a: Latios|move: Leech Seed
|
|-damage|p1a: Latios|265\/302|[from] Leech Seed|[of] p2a: Ferrothorn
|-heal|p2a: Ferrothorn|273\/352 brn|[silent]
|-damage|p2a: Ferrothorn|229\/352 brn|[from] brn
|turn|9
|
|move|p2a: Ferrothorn|Protect|p2a: Ferrothorn
|-singleturn|p2a: Ferrothorn|Protect
|move|p1a: Latios|Defog|p2a: Ferrothorn
|-activate|p2a: Ferrothorn|Protect
|
|-damage|p1a: Latios|228\/302|[from] Leech Seed|[of] p2a: Ferrothorn
|-heal|p2a: Ferrothorn|266\/352 brn|[silent]
|-damage|p2a: Ferrothorn|222\/352 brn|[from] brn
|turn|10
|
|switch|p2a: Heatran|Heatran, M|385\/385
|move|p1a: Latios|Hidden Power|p2a: Heatran
|-start|p2a: Heatran|ability: Flash Fire
|
|-damage|p1a: Latios|191\/302|[from] Leech Seed|[of] p2a: Heatran
|turn|11
|
|move|p1a: Latios|Defog|p2a: Heatran
|-unboost|p2a: Heatran|evasion|1
|-sideend|p1: Dallasboi1992|Spikes|[from] move: Defog|[of] p1a: Latios
|move|p2a: Heatran|Stealth Rock|p1a: Latios
|-sidestart|p1: Dallasboi1992|move: Stealth Rock
|
|-damage|p1a: Latios|154\/302|[from] Leech Seed|[of] p2a: Heatran
|turn|12
|
|switch|p1a: Landorus-Therian|Landorus-Therian, M|320\/320
|-damage|p1a: Landorus-Therian|280\/320|[from] Stealth Rock
|-ability|p1a: Landorus-Therian|Intimidate|[of] p2a: Heatran
|-unboost|p2a: Heatran|atk|1
|move|p2a: Heatran|Taunt|p1a: Landorus-Therian
|-start|p1a: Landorus-Therian|move: Taunt
|
|turn|13
|c|âDallasboi1992|Should have Defogged instead of HP Firing off
|join|Kreiser
|c|âRotomSock|yah
|c|âDallasboi1992|I thought the Defog would have been bait enough
|leave|Azimuth
|
|move|p1a: Landorus-Therian|Stone Edge|p2a: Heatran
|-damage|p2a: Heatran|266\/385
|move|p2a: Heatran|Lava Plume|p1a: Landorus-Therian
|-damage|p1a: Landorus-Therian|78\/320
|
|-heal|p2a: Heatran|290\/385|[from] item: Leftovers
|turn|14
|c|âDallasboi1992|But my fault for...overpredicting twice
|
|switch|p1a: Rotom-Wash|Rotom-Wash|224\/303
|-damage|p1a: Rotom-Wash|187\/303|[from] Stealth Rock
|move|p2a: Heatran|Toxic|p1a: Rotom-Wash
|-status|p1a: Rotom-Wash|tox
|
|-heal|p1a: Rotom-Wash|205\/303 tox|[from] item: Leftovers
|-heal|p2a: Heatran|314\/385|[from] item: Leftovers
|-damage|p1a: Rotom-Wash|187\/303 tox|[from] psn
|turn|15
|
|switch|p2a: Ferrothorn|Ferrothorn, F|222\/352 brn
|move|p1a: Rotom-Wash|Hydro Pump|p2a: Ferrothorn
|-resisted|p2a: Ferrothorn
|-damage|p2a: Ferrothorn|170\/352 brn
|
|-heal|p1a: Rotom-Wash|205\/303 tox|[from] item: Leftovers
|-damage|p1a: Rotom-Wash|169\/303 tox|[from] psn
|-damage|p2a: Ferrothorn|126\/352 brn|[from] brn
|turn|16
|
|move|p1a: Rotom-Wash|Volt Switch|p2a: Ferrothorn
|-resisted|p2a: Ferrothorn
|-damage|p2a: Ferrothorn|91\/352 brn
|
|switch|p1a: Latios|Latios, M|154\/302
|-damage|p1a: Latios|117\/302|[from] Stealth Rock
|move|p2a: Ferrothorn|Gyro Ball|p1a: Latios
|-damage|p1a: Latios|15\/302
|
|-damage|p2a: Ferrothorn|47\/352 brn|[from] brn
|turn|17
|
|switch|p2a: Heatran|Heatran, M|314\/385
|move|p1a: Latios|Defog|p2a: Heatran
|-unboost|p2a: Heatran|evasion|1
|-sideend|p1: Dallasboi1992|Stealth Rock|[from] move: Defog|[of] p1a: Latios
|
|-heal|p2a: Heatran|338\/385|[from] item: Leftovers
|turn|18
|
|switch|p1a: Dugtrio|Dugtrio, F|201\/201
|move|p2a: Heatran|Stealth Rock|p1a: Dugtrio
|-sidestart|p1: Dallasboi1992|move: Stealth Rock
|
|-heal|p2a: Heatran|362\/385|[from] item: Leftovers
|turn|19
|c|âRotomSock|I'll take it
|join|Mr Midnite
|
|move|p1a: Dugtrio|Earthquake|p2a: Heatran
|-supereffective|p2a: Heatran
|-damage|p2a: Heatran|0 fnt
|faint|p2a: Heatran
|
|
|switch|p2a: Gyarados|Gyarados, F|331\/331
|-ability|p2a: Gyarados|Intimidate|[of] p1a: Dugtrio
|-unboost|p1a: Dugtrio|atk|1
|turn|20
|c|âDallasboi1992|I'm honestly getting outplayed here
|
|move|p1a: Dugtrio|Memento|p2a: Gyarados
|-unboost|p2a: Gyarados|atk|2
|-unboost|p2a: Gyarados|spa|2
|faint|p1a: Dugtrio
|move|p2a: Gyarados|Dragon Dance|p2a: Gyarados
|-boost|p2a: Gyarados|atk|1
|-boost|p2a: Gyarados|spe|1
|
|c|âRotomSock|Oo
|
|switch|p1a: Metagross|Metagross|302\/302
|-damage|p1a: Metagross|284\/302|[from] Stealth Rock
|turn|21
|
|detailschange|p2a: Gyarados|Gyarados-Mega, F
|message|Gyarados has Mega Evolved into Mega Gyarados!
|-ability|p2a: Gyarados|Mold Breaker
|detailschange|p1a: Metagross|Metagross-Mega
|message|Metagross has Mega Evolved into Mega Metagross!
|move|p2a: Gyarados|Dragon Dance|p2a: Gyarados
|-boost|p2a: Gyarados|atk|1
|-boost|p2a: Gyarados|spe|1
|move|p1a: Metagross|Ice Punch|p2a: Gyarados
|-resisted|p2a: Gyarados
|-damage|p2a: Gyarados|264\/331
|-status|p2a: Gyarados|frz
|
|turn|22
|c|âRotomSock|:[
|c|âDallasboi1992|DAMMITTTTT!!!
|
|cant|p2a: Gyarados|frz
|move|p1a: Metagross|Agility|p1a: Metagross
|-boost|p1a: Metagross|spe|2
|
|turn|23
|c|âDallasboi1992|WOW
|c|âDallasboi1992|Sorry
|
|move|p1a: Metagross|Meteor Mash|p2a: Gyarados
|-resisted|p2a: Gyarados
|-damage|p2a: Gyarados|150\/331 frz
|-boost|p1a: Metagross|atk|1
|cant|p2a: Gyarados|frz
|
|turn|24
|c|âRotomSock|I actually just swept from there
|c|âRotomSock|it was over
|c|âRotomSock|but now I lose
|c|âDallasboi1992|Does your Thundurus have T-Wave?
|
|switch|p2a: Ferrothorn|Ferrothorn, F|47\/352 brn
|move|p1a: Metagross|Meteor Mash|p2a: Ferrothorn
|-resisted|p2a: Ferrothorn
|-damage|p2a: Ferrothorn|0 fnt
|-damage|p1a: Metagross|247\/302|[from] ability: Iron Barbs|[of] p2a: Ferrothorn
|faint|p2a: Ferrothorn
|
|
|switch|p2a: Thundurus|Thundurus, M|209\/299
|turn|25
|
|move|p2a: Thundurus|Thunder Wave|p1a: Metagross
|-status|p1a: Metagross|par
|move|p1a: Metagross|Ice Punch|p2a: Thundurus
|-supereffective|p2a: Thundurus
|-damage|p2a: Thundurus|0 fnt
|faint|p2a: Thundurus
|
|
|switch|p2a: Greninja|Greninja, F|285\/285
|turn|26
|
|move|p2a: Greninja|Dark Pulse|p1a: Metagross
|-start|p2a: Greninja|typechange|Dark|[from] Protean
|-supereffective|p1a: Metagross
|-damage|p1a: Metagross|0 fnt
|-damage|p2a: Greninja|257\/285|[from] item: Life Orb
|faint|p1a: Metagross
|
|
|switch|p1a: Landorus-Therian|Landorus-Therian, M|78\/320
|-damage|p1a: Landorus-Therian|38\/320|[from] Stealth Rock
|-ability|p1a: Landorus-Therian|Intimidate|[of] p2a: Greninja
|-unboost|p2a: Greninja|atk|1
|turn|27
|c|âDallasboi1992|Battle's not done yet
|
|move|p1a: Landorus-Therian|U-turn|p2a: Greninja
|-supereffective|p2a: Greninja
|-damage|p2a: Greninja|15\/285
|c|âRotomSock|:o
|
|switch|p1a: Rotom-Wash|Rotom-Wash|169\/303 tox
|-damage|p1a: Rotom-Wash|132\/303 tox|[from] Stealth Rock
|move|p2a: Greninja|Dark Pulse|p1a: Rotom-Wash
|-damage|p1a: Rotom-Wash|0 fnt
|-damage|p2a: Greninja|0 fnt|[from] item: Life Orb
|faint|p1a: Rotom-Wash
|faint|p2a: Greninja
|
|c|âRotomSock|I live
|
|switch|p2a: Latias|Latias, F|301\/301
|switch|p1a: Latios|Latios, M|15\/302
|-damage|p1a: Latios|0 fnt|[from] Stealth Rock
|faint|p1a: Latios
|
|switch|p1a: Talonflame|Talonflame, M|298\/298
|-damage|p1a: Talonflame|149\/298|[from] Stealth Rock
|turn|28
|
|move|p1a: Talonflame|Swords Dance|p1a: Talonflame
|-boost|p1a: Talonflame|atk|2
|move|p2a: Latias|Healing Wish|p2a: Latias
|faint|p2a: Latias
|
|c|âRotomSock|olh
|c|âRotomSock|ok
|
|switch|p2a: Gyarados|Gyarados-Mega, F|150\/331 frz
|-heal|p2a: Gyarados|331\/331|[from] move: Healing Wish
|-ability|p2a: Gyarados|Mold Breaker
|turn|29
|c|âRotomSock|that was a bad play but I really wanted mega gyara back
|
|move|p1a: Talonflame|Brave Bird|p2a: Gyarados
|-damage|p2a: Gyarados|0 fnt
|-damage|p1a: Talonflame|40\/298|[from] recoil|[of] p2a: Gyarados
|faint|p2a: Gyarados
|
|win|Dallasboi1992
|c|âRotomSock|gg :P
|c|âDallasboi1992|gg
|c|âRotomSock|the greatest amount of greed right there
|leave|kfreshz
|c|âDallasboi1992|It was a 50\/50
|c|âRotomSock|yes, I knew that attacking was the only real option :P
|c|âRotomSock|you can't kill me
|c|âRotomSock|I just needde to draco and win
|c|âDallasboi1992|I got scared for a second
|leave|shoops
|c|âRotomSock|but I \/really\/ wanted to win with mega gyara, so I went for healing wish thinking I could live +2 bb
|c|âDallasboi1992|I see
|c|âDallasboi1992|I think I'm lucking my way out of this tournament
|c|âRotomSock|it was just greed on my end, game was good but a little haxy XD
|c|âRotomSock|well now you have to win it all
|c|âDallasboi1992|I won't
|c|âRotomSock|too bad
|c|âRotomSock|do it anyway
|c|âDallasboi1992|There are people in the field better than I am
|c|âDallasboi1992|But I will try
|c|âRotomSock|but with that sort of ice unch anything is possible :P
|c|âDallasboi1992|Maybe
|c|âRotomSock|what I sohuld have done
|c|âDallasboi1992|But with AJTheEpic as my potential next match...IDK how it's gonna go
|c|âRotomSock|is gone to thundy on metagross
|c|âRotomSock|tolted then twaved if you went for agilty
|c|âRotomSock|then back into gyara
|c|âDallasboi1992|I was predicting that one turn
|c|âRotomSock|because i still hadn't mega'd
|c|âDallasboi1992|The turn I had froze you
|c|âRotomSock|then I clean swept
|c|âRotomSock|!learn gyarados, scald
|raw|<div class="infobox">Gyarados <span class="message-learn-canlearn">can<\/span> learn Scald<\/ul><\/div>
|c|âRotomSock|I'll bring that next time
|c|âDallasboi1992|lol