|join|RotomSock
|join|ShinyMew151
|c|âRotomSock|give me a minute
|player|p1|RotomSock|37
|player|p2|ShinyMew151|148
|gametype|singles
|gen|6
|tier|OU
|clearpoke
|poke|p1|Charizard, M
|poke|p1|Tyranitar, F
|poke|p1|Garchomp, M
|poke|p1|Excadrill, M
|poke|p1|Ferrothorn, M
|poke|p1|Raikou
|poke|p2|Metagross
|poke|p2|Ferrothorn, F
|poke|p2|Landorus-Therian, M
|poke|p2|Manaphy
|poke|p2|Latias, F
|poke|p2|Heatran, F
|rule|Swagger Clause: Swagger is banned
|rule|Baton Pass Clause: Limit one PokÃ©mon knowing Baton Pass
|rule|Sleep Clause Mod: Limit one foe put to sleep
|rule|Species Clause: Limit one of each PokÃ©mon
|rule|OHKO Clause: OHKO moves are banned
|rule|Moody Clause: Moody is banned
|rule|Evasion Moves Clause: Evasion moves are banned
|rule|Endless Battle Clause: Forcing endless battles is banned
|rule|HP Percentage Mod: HP is shown in percentages
|teampreview
|c|âShinyMew151|Good luck ^.^
|
|start
|switch|p1a: Garchomp|Garchomp, M|357\/357
|switch|p2a: Heatran|Heatran, F|323\/323
|turn|1
|
|switch|p2a: Landorus-Therian|Landorus-Therian, M|382\/382
|-ability|p2a: Landorus-Therian|Intimidate|[of] p1a: Garchomp
|-unboost|p1a: Garchomp|atk|1
|move|p1a: Garchomp|Swords Dance|p1a: Garchomp
|-boost|p1a: Garchomp|atk|2
|
|turn|2
|
|move|p1a: Garchomp|Dragon Claw|p2a: Landorus-Therian
|-damage|p2a: Landorus-Therian|208\/382
|move|p2a: Landorus-Therian|Stealth Rock|p1a: Garchomp
|-sidestart|p1: RotomSock|move: Stealth Rock
|
|-heal|p2a: Landorus-Therian|231\/382|[from] item: Leftovers
|turn|3
|
|move|p1a: Garchomp|Swords Dance|p1a: Garchomp
|-boost|p1a: Garchomp|atk|2
|move|p2a: Landorus-Therian|Earthquake|p1a: Garchomp
|-damage|p1a: Garchomp|191\/357
|
|-heal|p2a: Landorus-Therian|254\/382|[from] item: Leftovers
|turn|4
|
|switch|p2a: Ferrothorn|Ferrothorn, F|352\/352
|move|p1a: Garchomp|Swords Dance|p1a: Garchomp
|-boost|p1a: Garchomp|atk|2
|
|turn|5
|
|move|p1a: Garchomp|Substitute|p1a: Garchomp
|-start|p1a: Garchomp|Substitute
|-damage|p1a: Garchomp|102\/357
|move|p2a: Ferrothorn|Leech Seed|p1a: Garchomp
|
|turn|6
|
|move|p1a: Garchomp|Earthquake|p2a: Ferrothorn
|-crit|p2a: Ferrothorn
|-damage|p2a: Ferrothorn|0 fnt
|faint|p2a: Ferrothorn
|
|
|switch|p2a: Manaphy|Manaphy|365\/365
|turn|7
|c|âRotomSock|the legendary scarf manaphy?
|
|move|p1a: Garchomp|Earthquake|p2a: Manaphy
|-damage|p2a: Manaphy|0 fnt
|faint|p2a: Manaphy
|
|
|switch|p2a: Heatran|Heatran, F|323\/323
|turn|8
|
|move|p2a: Heatran|Earth Power|p1a: Garchomp
|-end|p1a: Garchomp|Substitute
|move|p1a: Garchomp|Substitute|p1a: Garchomp
|-start|p1a: Garchomp|Substitute
|-damage|p1a: Garchomp|13\/357
|-enditem|p1a: Garchomp|Salac Berry|[eat]
|-boost|p1a: Garchomp|spe|1|[from] item: Salac Berry
|
|turn|9
|
|move|p1a: Garchomp|Earthquake|p2a: Heatran
|-supereffective|p2a: Heatran
|-damage|p2a: Heatran|0 fnt
|faint|p2a: Heatran
|
|c|âRotomSock|is this going to happen?
|
|switch|p2a: Latias|Latias, F|301\/301
|turn|10
|c|âRotomSock|garchomp the dream
|
|move|p1a: Garchomp|Dragon Claw|p2a: Latias
|-supereffective|p2a: Latias
|-damage|p2a: Latias|0 fnt
|faint|p2a: Latias
|
|
|switch|p2a: Landorus-Therian|Landorus-Therian, M|254\/382
|-activate|p1a: Garchomp|Substitute|ability: Intimidate|[of] p2a: Landorus-Therian
|turn|11
|
|move|p1a: Garchomp|Dragon Claw|p2a: Landorus-Therian
|-crit|p2a: Landorus-Therian
|-damage|p2a: Landorus-Therian|0 fnt
|faint|p2a: Landorus-Therian
|
|
|switch|p2a: Metagross|Metagross|301\/301
|turn|12
|c|âRotomSock|this is a really obscure set, I'm sorry :P
|
|detailschange|p2a: Metagross|Metagross-Mega
|-mega|p2a: Metagross|Metagross|Metagrossite
|move|p1a: Garchomp|Earthquake|p2a: Metagross
|-supereffective|p2a: Metagross
|-damage|p2a: Metagross|0 fnt
|faint|p2a: Metagross
|
|win|RotomSock
|leave|ShinyMew151
|player|p2