|join|cedr
|join|RotomSock
|player|p1|cedr|163
|player|p2|RotomSock|37
|gametype|singles
|gen|6
|tier|OU
|rated
|clearpoke
|poke|p1|Gyarados, M
|poke|p1|Breloom, F
|poke|p1|Excadrill, M
|poke|p1|Thundurus, M
|poke|p1|Latios, M
|poke|p1|Landorus-Therian, M
|poke|p2|Beedrill, M
|poke|p2|Magnezone
|poke|p2|Keldeo
|poke|p2|Diggersby, M
|poke|p2|Landorus-Therian, M
|poke|p2|Latios, M
|rule|Swagger Clause: Swagger is banned
|rule|Baton Pass Clause: Limit one PokÃ©mon knowing Baton Pass
|rule|Sleep Clause Mod: Limit one foe put to sleep
|rule|Species Clause: Limit one of each PokÃ©mon
|rule|OHKO Clause: OHKO moves are banned
|rule|Moody Clause: Moody is banned
|rule|Evasion Moves Clause: Evasion moves are banned
|rule|Endless Battle Clause: Forcing endless battles is banned
|rule|HP Percentage Mod: HP is shown in percentages
|teampreview
|
|start
|switch|p1a: Breloom|Breloom, F|261\/261
|switch|p2a: Latios|Latios, M|301\/301
|turn|1
|
|move|p2a: Latios|Psyshock|p1a: Breloom
|-supereffective|p1a: Breloom
|-enditem|p1a: Breloom|Focus Sash
|-damage|p1a: Breloom|1\/261
|move|p1a: Breloom|Spore|p2a: Latios
|-status|p2a: Latios|slp
|
|turn|2
|
|cant|p2a: Latios|slp
|move|p1a: Breloom|Rock Tomb|p2a: Latios
|-damage|p2a: Latios|178\/301 slp
|-unboost|p2a: Latios|spe|1
|
|turn|3
|
|switch|p2a: Magnezone|Magnezone|282\/282
|move|p1a: Breloom|Rock Tomb|p2a: Magnezone
|-resisted|p2a: Magnezone
|-damage|p2a: Magnezone|238\/282
|-unboost|p2a: Magnezone|spe|1
|
|turn|4
|
|move|p1a: Breloom|Mach Punch|p2a: Magnezone
|-supereffective|p2a: Magnezone
|-damage|p2a: Magnezone|44\/282
|move|p2a: Magnezone|Flash Cannon|p1a: Breloom
|-damage|p1a: Breloom|0 fnt
|faint|p1a: Breloom
|
|
|switch|p1a: Thundurus|Thundurus, M|299\/299
|turn|5
|
|move|p1a: Thundurus|Volt Switch|p2a: Magnezone
|-resisted|p2a: Magnezone
|-damage|p2a: Magnezone|0 fnt
|-damage|p1a: Thundurus|270\/299|[from] item: Life Orb
|faint|p2a: Magnezone
|
|switch|p1a: Latios|Latios, M|301\/301
|
|
|switch|p2a: Beedrill|Beedrill, M|271\/271
|turn|6
|
|switch|p1a: Thundurus|Thundurus, M|270\/299
|detailschange|p2a: Beedrill|Beedrill-Mega, M
|-mega|p2a: Beedrill|Beedrill|Beedrillite
|move|p2a: Beedrill|U-turn|p1a: Thundurus
|-resisted|p1a: Thundurus
|-damage|p1a: Thundurus|136\/299
|
|switch|p2a: Diggersby|Diggersby, M|311\/311
|
|turn|7
|
|move|p1a: Thundurus|Focus Blast|p2a: Diggersby
|-supereffective|p2a: Diggersby
|-enditem|p2a: Diggersby|Focus Sash
|-damage|p2a: Diggersby|1\/311
|-damage|p1a: Thundurus|107\/299|[from] item: Life Orb
|move|p2a: Diggersby|Frustration|p1a: Thundurus
|-damage|p1a: Thundurus|0 fnt
|faint|p1a: Thundurus
|
|
|switch|p1a: Gyarados|Gyarados, M|331\/331
|-ability|p1a: Gyarados|Intimidate|[of] p2a: Diggersby
|-unboost|p2a: Diggersby|atk|1
|turn|8
|
|move|p1a: Gyarados|Dragon Dance|p1a: Gyarados
|-boost|p1a: Gyarados|atk|1
|-boost|p1a: Gyarados|spe|1
|move|p2a: Diggersby|Frustration|p1a: Gyarados
|-damage|p1a: Gyarados|144\/331
|
|turn|9
|
|detailschange|p1a: Gyarados|Gyarados-Mega, M
|-mega|p1a: Gyarados|Gyarados|Gyaradosite
|-ability|p1a: Gyarados|Mold Breaker
|move|p2a: Diggersby|Quick Attack|p1a: Gyarados
|-crit|p1a: Gyarados
|-damage|p1a: Gyarados|26\/331
|move|p1a: Gyarados|Dragon Dance|p1a: Gyarados
|-boost|p1a: Gyarados|atk|1
|-boost|p1a: Gyarados|spe|1
|
|turn|10
|c|âcedr|the crit
|c|âRotomSock|yah that's big
|c|âcedr|would have been the sweep he
|c|âRotomSock|how does this ohko keldeo?
|
|move|p2a: Diggersby|Quick Attack|p1a: Gyarados
|-damage|p1a: Gyarados|0 fnt
|faint|p1a: Gyarados
|
|c|âcedr|+2 earthquake
|c|âRotomSock|it's 50\/50
|
|switch|p1a: Excadrill|Excadrill, M|361\/361
|-ability|p1a: Excadrill|Mold Breaker
|turn|11
|
|switch|p2a: Latios|Latios, M|178\/301 slp
|move|p1a: Excadrill|Iron Head|p2a: Latios
|-damage|p2a: Latios|0 fnt
|faint|p2a: Latios
|
|
|switch|p2a: Landorus-Therian|Landorus-Therian, M|319\/319
|-ability|p2a: Landorus-Therian|Intimidate|[of] p1a: Excadrill
|-unboost|p1a: Excadrill|atk|1
|turn|12
|
|switch|p1a: Landorus-Therian|Landorus-Therian, M|382\/382
|-ability|p1a: Landorus-Therian|Intimidate|[of] p2a: Landorus-Therian
|-unboost|p2a: Landorus-Therian|atk|1
|move|p2a: Landorus-Therian|Knock Off|p1a: Landorus-Therian
|-damage|p1a: Landorus-Therian|276\/382
|-enditem|p1a: Landorus-Therian|Leftovers|[from] move: Knock Off|[of] p2a: Landorus-Therian
|
|turn|13
|
|switch|p2a: Diggersby|Diggersby, M|1\/311
|move|p1a: Landorus-Therian|Knock Off|p2a: Diggersby
|-damage|p2a: Diggersby|0 fnt
|faint|p2a: Diggersby
|
|
|switch|p2a: Keldeo|Keldeo|323\/323
|turn|14
|
|switch|p2a: Beedrill|Beedrill-Mega, M|271\/271
|move|p1a: Landorus-Therian|Knock Off|p2a: Beedrill
|-damage|p2a: Beedrill|88\/271
|
|turn|15
|c|âcedr|thought knock of would also kill
|
|switch|p1a: Excadrill|Excadrill, M|361\/361
|-ability|p1a: Excadrill|Mold Breaker
|move|p2a: Beedrill|U-turn|p1a: Excadrill
|-resisted|p1a: Excadrill
|-damage|p1a: Excadrill|229\/361
|c|âRotomSock|lag pls
|
|switch|p2a: Landorus-Therian|Landorus-Therian, M|319\/319
|-ability|p2a: Landorus-Therian|Intimidate|[of] p1a: Excadrill
|-unboost|p1a: Excadrill|atk|1
|
|turn|16
|
|move|p1a: Excadrill|Rock Slide|p2a: Landorus-Therian
|-miss|p1a: Excadrill|p2a: Landorus-Therian
|move|p2a: Landorus-Therian|Knock Off|p1a: Excadrill
|-damage|p1a: Excadrill|36\/361
|-enditem|p1a: Excadrill|Choice Scarf|[from] move: Knock Off|[of] p2a: Landorus-Therian
|
|turn|17
|
|move|p2a: Landorus-Therian|Knock Off|p1a: Excadrill
|-damage|p1a: Excadrill|0 fnt
|faint|p1a: Excadrill
|
|
|switch|p1a: Latios|Latios, M|301\/301
|turn|18
|c|âRotomSock|net pls
|
|switch|p2a: Keldeo|Keldeo|323\/323
|move|p1a: Latios|Draco Meteor|p2a: Keldeo
|-damage|p2a: Keldeo|0 fnt
|-unboost|p1a: Latios|spa|2
|faint|p2a: Keldeo
|
|
|switch|p2a: Beedrill|Beedrill-Mega, M|88\/271
|turn|19
|
|switch|p1a: Landorus-Therian|Landorus-Therian, M|276\/382
|-ability|p1a: Landorus-Therian|Intimidate|[of] p2a: Beedrill
|-unboost|p2a: Beedrill|atk|1
|move|p2a: Beedrill|U-turn|p1a: Landorus-Therian
|-resisted|p1a: Landorus-Therian
|-damage|p1a: Landorus-Therian|208\/382
|
|switch|p2a: Landorus-Therian|Landorus-Therian, M|319\/319
|-ability|p2a: Landorus-Therian|Intimidate|[of] p1a: Landorus-Therian
|-unboost|p1a: Landorus-Therian|atk|1
|
|turn|20
|
|move|p2a: Landorus-Therian|Knock Off|p1a: Landorus-Therian
|-damage|p1a: Landorus-Therian|115\/382
|move|p1a: Landorus-Therian|Knock Off|p2a: Landorus-Therian
|-damage|p2a: Landorus-Therian|210\/319
|-enditem|p2a: Landorus-Therian|Earth Plate|[from] move: Knock Off|[of] p1a: Landorus-Therian
|
|turn|21
|
|move|p2a: Landorus-Therian|Knock Off|p1a: Landorus-Therian
|-damage|p1a: Landorus-Therian|14\/382
|move|p1a: Landorus-Therian|Knock Off|p2a: Landorus-Therian
|-damage|p2a: Landorus-Therian|143\/319
|
|turn|22
|
|move|p2a: Landorus-Therian|Knock Off|p1a: Landorus-Therian
|-damage|p1a: Landorus-Therian|0 fnt
|faint|p1a: Landorus-Therian
|
|
|switch|p1a: Latios|Latios, M|301\/301
|turn|23
|c|âRotomSock|scarf lati all along?
|c|âcedr|yessss
|c|âRotomSock|really? .-.
|
|move|p1a: Latios|Draco Meteor|p2a: Landorus-Therian
|-damage|p2a: Landorus-Therian|0 fnt
|-unboost|p1a: Latios|spa|2
|faint|p2a: Landorus-Therian
|
|c|âRotomSock|oh my
|c|âRotomSock|gg
|c|âRotomSock|lag .-.
|
|switch|p2a: Beedrill|Beedrill-Mega, M|88\/271
|turn|24
|c|âcedr|gg
|-message|RotomSock lost due to inactivity.
|c|âRotomSock|oh my...
|c|âcedr|shit man im choice specs
|c|âRotomSock|were you actually scarf?
|
|move|p2a: Beedrill|U-turn|p1a: Latios
|-supereffective|p1a: Latios
|-damage|p1a: Latios|0 fnt
|faint|p1a: Latios
|
|win|RotomSock
|raw|Ladder updating...
|c|âRotomSock|?????
|c|âcedr|gg
|c|âcedr|idk
|raw|cedr's rating: 1500 &rarr; <strong>1485<\/strong><br \/>(-15 for losing)
|raw|RotomSock's rating: 1579 &rarr; <strong>1595<\/strong><br \/>(+16 for winning)
|leave|cedr
|player|p1
|leave|RotomSock
|player|p2
|join|RotomSock