|join|destinyhero96
|join|EntrophyNova
|player|p1|destinyhero96|266
|player|p2|EntrophyNova|102
|gametype|singles
|gen|6
|tier|UU
|rated
|rule|Sleep Clause Mod: Limit one foe put to sleep
|rule|Species Clause: Limit one of each PokÃ©mon
|rule|OHKO Clause: OHKO moves are banned
|rule|Moody Clause: Moody is banned
|rule|Evasion Moves Clause: Evasion moves are banned
|rule|Endless Battle Clause: Forcing endless battles is banned
|rule|HP Percentage Mod: HP is shown in percentages
|clearpoke
|poke|p1|Mawile, F
|poke|p1|Beedrill, F
|poke|p1|Umbreon, M
|poke|p1|Porygon-Z
|poke|p1|Cloyster, F
|poke|p1|Trevenant, F
|poke|p2|Malamar, M, shiny
|poke|p2|Cloyster, M, shiny
|poke|p2|Infernape, M, shiny
|poke|p2|Ambipom, M, shiny
|poke|p2|Jirachi, shiny
|poke|p2|Shaymin, shiny
|rule|Swagger Clause: Swagger is banned
|rule|Baton Pass Clause: Limit one PokÃ©mon knowing Baton Pass
|teampreview
|
|start
|switch|p1a: Porygon-Z|Porygon-Z|311\/311
|switch|p2a: Ambipom|Ambipom, M, shiny|291\/291
|turn|1
|
|switch|p1a: Trevenant|Trevenant, F|374\/374
|move|p2a: Ambipom|Fake Out|p1a: Trevenant
|-immune|p1a: Trevenant|[msg]
|
|turn|2
|
|switch|p2a: Infernape|Infernape, M, shiny|293\/293
|move|p1a: Trevenant|Substitute|p1a: Trevenant
|-start|p1a: Trevenant|Substitute
|-damage|p1a: Trevenant|281\/374
|
|turn|3
|
|move|p2a: Infernape|Earthquake|p1a: Trevenant
|-resisted|p1a: Trevenant
|-activate|p1a: Trevenant|Substitute|[damage]
|-damage|p2a: Infernape|264\/293|[from] item: Life Orb
|move|p1a: Trevenant|Leech Seed|p2a: Infernape
|-start|p2a: Infernape|move: Leech Seed
|
|-damage|p2a: Infernape|228\/293|[from] Leech Seed|[of] p1a: Trevenant
|-heal|p1a: Trevenant|317\/374|[silent]
|turn|4
|
|switch|p2a: Oyster|Cloyster, M, shiny|242\/242
|move|p1a: Trevenant|Substitute|p1a: Trevenant
|-fail|p1a: Trevenant|move: Substitute
|
|turn|5
|
|move|p2a: Oyster|Shell Smash|p2a: Oyster
|-boost|p2a: Oyster|atk|2
|-boost|p2a: Oyster|spa|2
|-boost|p2a: Oyster|spe|2
|-unboost|p2a: Oyster|def|1
|-unboost|p2a: Oyster|spd|1
|move|p1a: Trevenant|Will-O-Wisp|p2a: Oyster
|-status|p2a: Oyster|brn
|
|-damage|p2a: Oyster|212\/242 brn|[from] brn
|turn|6
|
|switch|p1a: Umbreon|Umbreon, M|394\/394
|move|p2a: Oyster|Icicle Spear|p1a: Umbreon
|-damage|p1a: Umbreon|366\/394
|-crit|p1a: Umbreon
|-damage|p1a: Umbreon|321\/394
|-damage|p1a: Umbreon|291\/394
|-damage|p1a: Umbreon|260\/394
|-damage|p1a: Umbreon|233\/394
|-hitcount|p1a: Umbreon|5
|
|-heal|p1a: Umbreon|257\/394|[from] item: Leftovers
|-damage|p2a: Oyster|182\/242 brn|[from] brn
|turn|7
|
|move|p2a: Oyster|Icicle Spear|p1a: Umbreon
|-damage|p1a: Umbreon|229\/394
|-damage|p1a: Umbreon|199\/394
|-damage|p1a: Umbreon|168\/394
|-damage|p1a: Umbreon|140\/394
|-damage|p1a: Umbreon|110\/394
|-hitcount|p1a: Umbreon|5
|move|p1a: Umbreon|Foul Play|p2a: Oyster
|-crit|p2a: Oyster
|-damage|p2a: Oyster|0 fnt
|faint|p2a: Oyster
|
|-heal|p1a: Umbreon|134\/394|[from] item: Leftovers
|
|switch|p2a: Infernape|Infernape, M, shiny|228\/293
|turn|8
|
|move|p1a: Umbreon|Protect|p1a: Umbreon
|-singleturn|p1a: Umbreon|Protect
|move|p2a: Infernape|Close Combat|p1a: Umbreon
|-activate|p1a: Umbreon|Protect
|
|-heal|p1a: Umbreon|158\/394|[from] item: Leftovers
|turn|9
|
|move|p2a: Infernape|Close Combat|p1a: Umbreon
|-supereffective|p1a: Umbreon
|-damage|p1a: Umbreon|0 fnt
|-unboost|p2a: Infernape|def|1
|-unboost|p2a: Infernape|spd|1
|-damage|p2a: Infernape|199\/293|[from] item: Life Orb
|faint|p1a: Umbreon
|
|
|switch|p1a: Beedrill|Beedrill, F|271\/271
|turn|10
|
|detailschange|p1a: Beedrill|Beedrill-Mega, F
|message|Beedrill has Mega Evolved into Mega Beedrill!
|move|p1a: Beedrill|Protect|p1a: Beedrill
|-singleturn|p1a: Beedrill|Protect
|move|p2a: Infernape|Overheat|p1a: Beedrill
|-activate|p1a: Beedrill|Protect
|
|turn|11
|
|move|p1a: Beedrill|Drill Run|p2a: Infernape|[miss]
|-miss|p1a: Beedrill|p2a: Infernape
|move|p2a: Infernape|Overheat|p1a: Beedrill
|-supereffective|p1a: Beedrill
|-damage|p1a: Beedrill|0 fnt
|-unboost|p2a: Infernape|spa|2
|-damage|p2a: Infernape|170\/293|[from] item: Life Orb
|faint|p1a: Beedrill
|
|
|switch|p1a: Trevenant|Trevenant, F|317\/374
|turn|12
|
|move|p2a: Infernape|Overheat|p1a: Trevenant
|-supereffective|p1a: Trevenant
|-damage|p1a: Trevenant|130\/374
|-unboost|p2a: Infernape|spa|2
|-damage|p2a: Infernape|141\/293|[from] item: Life Orb
|-enditem|p1a: Trevenant|Sitrus Berry|[eat]
|-heal|p1a: Trevenant|223\/374|[from] item: Sitrus Berry
|move|p1a: Trevenant|Substitute|p1a: Trevenant
|-start|p1a: Trevenant|Substitute
|-damage|p1a: Trevenant|130\/374
|
|turn|13
|
|switch|p2a: pinbS|Malamar, M, shiny|376\/376
|move|p1a: Trevenant|Leech Seed|p2a: pinbS
|-start|p2a: pinbS|move: Leech Seed
|
|-damage|p2a: pinbS|329\/376|[from] Leech Seed|[of] p1a: Trevenant
|-heal|p1a: Trevenant|177\/374|[silent]
|-item|p1a: Trevenant|Sitrus Berry|[from] ability: Harvest
|-enditem|p1a: Trevenant|Sitrus Berry|[eat]
|-heal|p1a: Trevenant|270\/374|[from] item: Sitrus Berry
|turn|14
|
|switch|p2a: Ambipom|Ambipom, M, shiny|291\/291
|move|p1a: Trevenant|Will-O-Wisp|p2a: Ambipom
|-status|p2a: Ambipom|brn
|
|-damage|p2a: Ambipom|255\/291 brn|[from] brn
|-item|p1a: Trevenant|Sitrus Berry|[from] ability: Harvest
|turn|15
|
|move|p2a: Ambipom|Fake Out|p1a: Trevenant
|-immune|p1a: Trevenant|[msg]
|move|p1a: Trevenant|Leech Seed|p2a: Ambipom
|-start|p2a: Ambipom|move: Leech Seed
|
|-damage|p2a: Ambipom|219\/291 brn|[from] Leech Seed|[of] p1a: Trevenant
|-heal|p1a: Trevenant|306\/374|[silent]
|-damage|p2a: Ambipom|183\/291 brn|[from] brn
|turn|16
|
|switch|p2a: Jirachi|Jirachi, shiny|341\/341
|move|p1a: Trevenant|Will-O-Wisp|p2a: Jirachi
|-status|p2a: Jirachi|brn
|
|-damage|p2a: Jirachi|299\/341 brn|[from] brn
|turn|17
|
|move|p2a: Jirachi|Iron Head|p1a: Trevenant
|-activate|p1a: Trevenant|Substitute|[damage]
|move|p1a: Trevenant|Will-O-Wisp|p2a: Jirachi
|-fail|p2a: Jirachi|brn
|
|-heal|p2a: Jirachi|320\/341 brn|[from] item: Leftovers
|-damage|p2a: Jirachi|278\/341 brn|[from] brn
|turn|18
|
|move|p2a: Jirachi|U-turn|p1a: Trevenant
|-end|p1a: Trevenant|Substitute
|
|switch|p2a: Infernape|Infernape, M, shiny|141\/293
|move|p1a: Trevenant|Substitute|p1a: Trevenant
|-start|p1a: Trevenant|Substitute
|-damage|p1a: Trevenant|213\/374
|
|turn|19
|
|move|p2a: Infernape|Close Combat|p1a: Trevenant
|-immune|p1a: Trevenant|[msg]
|move|p1a: Trevenant|Leech Seed|p2a: Infernape
|-start|p2a: Infernape|move: Leech Seed
|
|-damage|p2a: Infernape|105\/293|[from] Leech Seed|[of] p1a: Trevenant
|-heal|p1a: Trevenant|249\/374|[silent]
|turn|20
|c|âEntrophyNova|omg im dumb
|
|switch|p2a: Shaymin|Shaymin, shiny|341\/341
|move|p1a: Trevenant|Substitute|p1a: Trevenant
|-fail|p1a: Trevenant|move: Substitute
|
|turn|21
|
|switch|p1a: Porygon-Z|Porygon-Z|311\/311
|move|p2a: Shaymin|Psychic|p1a: Porygon-Z
|-damage|p1a: Porygon-Z|152\/311
|-damage|p2a: Shaymin|307\/341|[from] item: Life Orb
|
|turn|22
|
|move|p2a: Shaymin|Psychic|p1a: Porygon-Z
|-damage|p1a: Porygon-Z|0 fnt
|-damage|p2a: Shaymin|273\/341|[from] item: Life Orb
|faint|p1a: Porygon-Z
|
|
|switch|p1a: Mawile|Mawile, F|304\/304
|turn|23
|
|move|p2a: Shaymin|Seed Flare|p1a: Mawile
|-resisted|p1a: Mawile
|-damage|p1a: Mawile|93\/304
|-unboost|p1a: Mawile|spd|2
|-damage|p2a: Shaymin|239\/341|[from] item: Life Orb
|move|p1a: Mawile|Iron Head|p2a: Shaymin
|-damage|p2a: Shaymin|10\/341
|
|turn|24
|
|move|p2a: Shaymin|Seed Flare|p1a: Mawile
|-resisted|p1a: Mawile
|-damage|p1a: Mawile|0 fnt
|-damage|p2a: Shaymin|0 fnt|[from] item: Life Orb
|faint|p1a: Mawile
|faint|p2a: Shaymin
|
|
|switch|p2a: Infernape|Infernape, M, shiny|105\/293
|switch|p1a: Cloyster|Cloyster, F|241\/241
|turn|25
|
|move|p2a: Infernape|Close Combat|p1a: Cloyster
|-crit|p1a: Cloyster
|-supereffective|p1a: Cloyster
|-damage|p1a: Cloyster|0 fnt
|-unboost|p2a: Infernape|def|1
|-unboost|p2a: Infernape|spd|1
|-damage|p2a: Infernape|76\/293|[from] item: Life Orb
|faint|p1a: Cloyster
|
|
|switch|p1a: Trevenant|Trevenant, F|249\/374
|turn|26
|
|move|p2a: Infernape|Overheat|p1a: Trevenant
|-supereffective|p1a: Trevenant
|-damage|p1a: Trevenant|0 fnt
|-unboost|p2a: Infernape|spa|2
|-damage|p2a: Infernape|47\/293|[from] item: Life Orb
|faint|p1a: Trevenant
|
|win|EntrophyNova
|raw|Ladder updating...
|raw|destinyhero96's rating: 1325 &rarr; <strong>1301<\/strong><br \/>(-24 for losing)
|raw|EntrophyNova's rating: 1264 &rarr; <strong>1293<\/strong><br \/>(+29 for winning)
|c|âEntrophyNova|gg
|c|âdestinyhero96|u won cause of that miss -.-
|c|âdestinyhero96|i mean crit
|c|âEntrophyNova|i know
|c|âdestinyhero96|cuz cloyster has pretty good defense
|c|âEntrophyNova|wait wat
|c|âEntrophyNova|no dude close combat wrecks
|c|âdestinyhero96|180 def isnt gonna die to one close combat
|c|âEntrophyNova|close combat is buff
|c|âEntrophyNova|plus infer nape is buff
|c|âdestinyhero96|its like 104
|c|âEntrophyNova|plus super effective
|c|âEntrophyNova|=rekted forever
|c|âEntrophyNova|i like my cloister w focus sash
|c|âdestinyhero96|u win
|leave|destinyhero96
|player|p1