|join|destinyhero96
|join|Mikey C
|player|p1|destinyhero96|2
|player|p2|Mikey C|265
|gametype|singles
|gen|6
|tier|UU
|rated
|rule|Sleep Clause Mod: Limit one foe put to sleep
|rule|Species Clause: Limit one of each PokÃ©mon
|rule|OHKO Clause: OHKO moves are banned
|rule|Moody Clause: Moody is banned
|rule|Evasion Moves Clause: Evasion moves are banned
|rule|Endless Battle Clause: Forcing endless battles is banned
|rule|HP Percentage Mod: HP is shown in percentages
|clearpoke
|poke|p1|Donphan, M
|poke|p1|Vaporeon, M
|poke|p1|Umbreon, F
|poke|p1|Jellicent, M
|poke|p1|Porygon-Z
|poke|p1|Honchkrow, M
|poke|p2|Crobat, F, shiny
|poke|p2|Darmanitan, F
|poke|p2|Jirachi
|poke|p2|Krookodile, F
|poke|p2|Serperior, F
|poke|p2|Blastoise, F, shiny
|rule|Swagger Clause: Swagger is banned
|rule|Baton Pass Clause: Limit one PokÃ©mon knowing Baton Pass
|teampreview
|
|start
|switch|p1a: Jellicent|Jellicent, M|403\/403
|switch|p2a: Krookodile|Krookodile, F|394\/394
|-ability|p2a: Krookodile|Intimidate|[of] p1a: Jellicent
|-unboost|p1a: Jellicent|atk|1
|turn|1
|
|move|p2a: Krookodile|Knock Off|p1a: Jellicent
|-supereffective|p1a: Jellicent
|-damage|p1a: Jellicent|37\/403
|-enditem|p1a: Jellicent|Leftovers|[from] move: Knock Off|[of] p2a: Krookodile
|move|p1a: Jellicent|Will-O-Wisp|p2a: Krookodile
|-status|p2a: Krookodile|brn
|
|-damage|p2a: Krookodile|345\/394 brn|[from] brn
|turn|2
|
|switch|p1a: Umbreon|Umbreon, F|363\/363
|move|p2a: Krookodile|Knock Off|p1a: Umbreon
|-resisted|p1a: Umbreon
|-damage|p1a: Umbreon|339\/363
|-enditem|p1a: Umbreon|Leftovers|[from] move: Knock Off|[of] p2a: Krookodile
|
|-heal|p2a: Krookodile|369\/394 brn|[from] item: Leftovers
|-damage|p2a: Krookodile|320\/394 brn|[from] brn
|turn|3
|
|move|p2a: Krookodile|Stealth Rock|p1a: Umbreon
|-sidestart|p1: destinyhero96|move: Stealth Rock
|move|p1a: Umbreon|Wish|p1a: Umbreon
|
|-heal|p2a: Krookodile|344\/394 brn|[from] item: Leftovers
|-damage|p2a: Krookodile|295\/394 brn|[from] brn
|turn|4
|
|move|p2a: Krookodile|Knock Off|p1a: Umbreon
|-crit|p1a: Umbreon
|-resisted|p1a: Umbreon
|-damage|p1a: Umbreon|316\/363
|move|p1a: Umbreon|Foul Play|p2a: Krookodile
|-resisted|p2a: Krookodile
|-damage|p2a: Krookodile|241\/394 brn
|
|-heal|p1a: Umbreon|363\/363|[from] move: Wish|[wisher] Umbreon
|-heal|p2a: Krookodile|265\/394 brn|[from] item: Leftovers
|-damage|p2a: Krookodile|216\/394 brn|[from] brn
|turn|5
|
|move|p2a: Krookodile|Toxic|p1a: Umbreon
|-status|p1a: Umbreon|tox
|move|p1a: Umbreon|Wish|p1a: Umbreon
|
|-heal|p2a: Krookodile|240\/394 brn|[from] item: Leftovers
|-damage|p2a: Krookodile|191\/394 brn|[from] brn
|-damage|p1a: Umbreon|341\/363 tox|[from] psn
|turn|6
|
|move|p2a: Krookodile|Stealth Rock|p1a: Umbreon
|-fail|p1a: Umbreon
|move|p1a: Umbreon|Foul Play|p2a: Krookodile
|-resisted|p2a: Krookodile
|-damage|p2a: Krookodile|141\/394 brn
|
|-heal|p1a: Umbreon|363\/363 tox|[from] move: Wish|[wisher] Umbreon
|-heal|p2a: Krookodile|165\/394 brn|[from] item: Leftovers
|-damage|p2a: Krookodile|116\/394 brn|[from] brn
|-damage|p1a: Umbreon|319\/363 tox|[from] psn
|turn|7
|
|switch|p2a: Darmanitan|Darmanitan, F|352\/352
|move|p1a: Umbreon|Wish|p1a: Umbreon
|
|-damage|p1a: Umbreon|253\/363 tox|[from] psn
|turn|8
|
|move|p2a: Darmanitan|U-turn|p1a: Umbreon
|-supereffective|p1a: Umbreon
|-damage|p1a: Umbreon|119\/363 tox
|
|switch|p2a: Crobat|Crobat, F, shiny|312\/312
|move|p1a: Umbreon|Heal Bell|p1a: Umbreon
|-cureteam|p1a: Umbreon|[from] move: HealBell
|
|-heal|p1a: Umbreon|300\/363|[from] move: Wish|[wisher] Umbreon
|turn|9
|
|move|p1a: Umbreon|Protect|p1a: Umbreon
|-singleturn|p1a: Umbreon|Protect
|move|p2a: Crobat|Confuse Ray|p1a: Umbreon
|-activate|p1a: Umbreon|Protect
|
|turn|10
|
|move|p2a: Crobat|Confuse Ray|p1a: Umbreon
|-start|p1a: Umbreon|confusion
|-activate|p1a: Umbreon|confusion
|move|p1a: Umbreon|Wish|p1a: Umbreon
|
|turn|11
|
|switch|p2a: Darmanitan|Darmanitan, F|352\/352
|switch|p1a: Donphan|Donphan, M|321\/321
|-damage|p1a: Donphan|301\/321|[from] Stealth Rock
|
|-heal|p1a: Donphan|321\/321|[from] move: Wish|[wisher] Umbreon
|turn|12
|
|move|p2a: Darmanitan|U-turn|p1a: Donphan
|-damage|p1a: Donphan|243\/321
|
|switch|p2a: Serperior|Serperior, F|290\/290
|move|p1a: Donphan|Stone Edge|p2a: Serperior|[miss]
|-miss|p1a: Donphan|p2a: Serperior
|
|turn|13
|
|move|p2a: Serperior|Leaf Storm|p1a: Donphan
|-supereffective|p1a: Donphan
|-damage|p1a: Donphan|27\/321
|-boost|p2a: Serperior|spa|2
|move|p1a: Donphan|Gunk Shot|p2a: Serperior|[miss]
|-miss|p1a: Donphan|p2a: Serperior
|
|turn|14
|c|âdestinyhero96|ur kidding me
|
|switch|p1a: Honchkrow|Honchkrow, M|341\/341
|-damage|p1a: Honchkrow|256\/341|[from] Stealth Rock
|move|p2a: Serperior|Leaf Storm|p1a: Honchkrow
|-resisted|p1a: Honchkrow
|-damage|p1a: Honchkrow|4\/341
|-boost|p2a: Serperior|spa|2
|
|turn|15
|c|âMikey C|my last 3 games went like that
|
|switch|p2a: Jirachi|Jirachi|342\/342
|move|p1a: Honchkrow|Sucker Punch|p2a: Jirachi
|-fail|p2a: Jirachi
|
|turn|16
|
|switch|p2a: Crobat|Crobat, F, shiny|312\/312
|switch|p1a: Vaporeon|Vaporeon, M|463\/463
|-damage|p1a: Vaporeon|406\/463|[from] Stealth Rock
|
|-heal|p1a: Vaporeon|434\/463|[from] item: Leftovers
|turn|17
|
|move|p2a: Crobat|Confuse Ray|p1a: Vaporeon
|-start|p1a: Vaporeon|confusion
|-activate|p1a: Vaporeon|confusion
|-damage|p1a: Vaporeon|415\/463|[from] confusion
|
|-heal|p1a: Vaporeon|443\/463|[from] item: Leftovers
|turn|18
|
|move|p2a: Crobat|U-turn|p1a: Vaporeon
|-damage|p1a: Vaporeon|373\/463
|
|switch|p2a: Serperior|Serperior, F|290\/290
|-activate|p1a: Vaporeon|confusion
|move|p1a: Vaporeon|Wish|p1a: Vaporeon
|
|-heal|p1a: Vaporeon|401\/463|[from] item: Leftovers
|turn|19
|
|switch|p1a: Porygon-Z|Porygon-Z|311\/311
|-damage|p1a: Porygon-Z|273\/311|[from] Stealth Rock
|move|p2a: Serperior|Leaf Storm|p1a: Porygon-Z
|-damage|p1a: Porygon-Z|56\/311
|-boost|p2a: Serperior|spa|2
|
|-heal|p1a: Porygon-Z|287\/311|[from] move: Wish|[wisher] Vaporeon
|turn|20
|
|switch|p2a: Blastoise|Blastoise, F, shiny|362\/362
|move|p1a: Porygon-Z|Tri Attack|p2a: Blastoise
|-damage|p2a: Blastoise|56\/362
|
|turn|21
|
|switch|p2a: Jirachi|Jirachi|342\/342
|move|p1a: Porygon-Z|Tri Attack|p2a: Jirachi
|-resisted|p2a: Jirachi
|-damage|p2a: Jirachi|175\/342
|
|turn|22
|
|move|p2a: Jirachi|Iron Head|p1a: Porygon-Z
|-damage|p1a: Porygon-Z|125\/311
|cant|p1a: Porygon-Z|flinch
|
|turn|23
|
|move|p2a: Jirachi|Iron Head|p1a: Porygon-Z
|-damage|p1a: Porygon-Z|0 fnt
|faint|p1a: Porygon-Z
|
|-message|destinyhero96 forfeited.
|
|win|Mikey C
|raw|Ladder updating...
|leave|destinyhero96
|player|p1
|raw|destinyhero96's rating: 1463 &rarr; <strong>1434<\/strong><br \/>(-29 for losing)
|raw|Mikey C's rating: 1303 &rarr; <strong>1332<\/strong><br \/>(+29 for winning)