|join|destinyhero96
|join|Stall bt medicham
|player|p1|destinyhero96|169
|player|p2|Stall bt medicham|201
|gametype|singles
|gen|6
|tier|UU
|rated
|rule|Sleep Clause Mod: Limit one foe put to sleep
|rule|Species Clause: Limit one of each PokÃ©mon
|rule|OHKO Clause: OHKO moves are banned
|rule|Moody Clause: Moody is banned
|rule|Evasion Moves Clause: Evasion moves are banned
|rule|Endless Battle Clause: Forcing endless battles is banned
|rule|HP Percentage Mod: HP is shown in percentages
|clearpoke
|poke|p1|Donphan, M
|poke|p1|Medicham, F
|poke|p1|Vaporeon, F
|poke|p1|Umbreon, M
|poke|p1|Porygon-Z
|poke|p1|Crobat, M
|poke|p2|Cresselia, F
|poke|p2|Umbreon, F
|poke|p2|Suicune
|poke|p2|Steelix, M
|poke|p2|Tentacruel, F
|poke|p2|Whimsicott, F
|rule|Swagger Clause: Swagger is banned
|rule|Baton Pass Clause: Limit one PokÃ©mon knowing Baton Pass
|teampreview
|c|âStall bt medicham|more mega cham yumi
|c|âdestinyhero96|dont hate
|
|start
|switch|p1a: Porygon-Z|Porygon-Z|311\/311
|switch|p2a: Suicune|Suicune|404\/404
|-ability|p2a: Suicune|Pressure
|turn|1
|
|move|p1a: Porygon-Z|Trick|p2a: Suicune
|-activate|p1a: Porygon-Z|move: Trick|[of] p2a: Suicune
|-item|p2a: Suicune|Choice Specs|[from] move: Trick
|-item|p1a: Porygon-Z|Leftovers|[from] move: Trick
|move|p2a: Suicune|Scald|p1a: Porygon-Z
|-damage|p1a: Porygon-Z|137\/311
|
|-heal|p1a: Porygon-Z|156\/311|[from] item: Leftovers
|turn|2
|
|switch|p1a: Vaporeon|Vaporeon, F|463\/463
|move|p2a: Suicune|Scald|p1a: Vaporeon
|-immune|p1a: Vaporeon|[msg]
|
|turn|3
|
|switch|p2a: Tentacruel|Tentacruel, F|364\/364
|move|p1a: Vaporeon|Wish|p1a: Vaporeon
|
|turn|4
|
|move|p2a: Tentacruel|Toxic Spikes|p1a: Vaporeon
|-sidestart|p1: destinyhero96|move: Toxic Spikes
|move|p1a: Vaporeon|Baton Pass|p1a: Vaporeon
|
|switch|p1a: Porygon-Z|Porygon-Z|156\/311
|-status|p1a: Porygon-Z|psn
|
|-heal|p1a: Porygon-Z|311\/311 psn|[from] move: Wish|[wisher] Vaporeon
|-damage|p1a: Porygon-Z|273\/311 psn|[from] psn
|turn|5
|
|switch|p2a: Steelix|Steelix, M|354\/354
|move|p1a: Porygon-Z|Nasty Plot|p1a: Porygon-Z
|-boost|p1a: Porygon-Z|spa|2
|
|-heal|p1a: Porygon-Z|292\/311 psn|[from] item: Leftovers
|-damage|p1a: Porygon-Z|254\/311 psn|[from] psn
|turn|6
|
|detailschange|p2a: Steelix|Steelix-Mega, M
|-mega|p2a: Steelix|Steelix|Steelixite
|move|p1a: Porygon-Z|Tri Attack|p2a: Steelix
|-resisted|p2a: Steelix
|-damage|p2a: Steelix|164\/354
|move|p2a: Steelix|Heavy Slam|p1a: Porygon-Z
|-crit|p1a: Porygon-Z
|-damage|p1a: Porygon-Z|0 fnt
|faint|p1a: Porygon-Z
|
|
|switch|p1a: Crobat|Crobat, M|331\/331
|turn|7
|
|move|p1a: Crobat|Defog|p2a: Steelix
|-unboost|p2a: Steelix|evasion|1
|-sideend|p1: destinyhero96|Toxic Spikes|[from] move: Defog|[of] p1a: Crobat
|move|p2a: Steelix|Stealth Rock|p1a: Crobat
|-sidestart|p1: destinyhero96|move: Stealth Rock
|
|turn|8
|
|move|p1a: Crobat|Defog|p2a: Steelix
|-unboost|p2a: Steelix|evasion|1
|-sideend|p1: destinyhero96|Stealth Rock|[from] move: Defog|[of] p1a: Crobat
|move|p2a: Steelix|Heavy Slam|p1a: Crobat
|-damage|p1a: Crobat|172\/331
|
|-heal|p1a: Crobat|192\/331|[from] item: Black Sludge
|turn|9
|
|switch|p1a: Donphan|Donphan, M|321\/321
|move|p2a: Steelix|Earthquake|p1a: Donphan
|-damage|p1a: Donphan|209\/321
|
|turn|10
|
|move|p1a: Donphan|Earthquake|p2a: Steelix
|-supereffective|p2a: Steelix
|-damage|p2a: Steelix|0 fnt
|faint|p2a: Steelix
|
|
|switch|p2a: Suicune|Suicune|404\/404
|-ability|p2a: Suicune|Pressure
|turn|11
|
|switch|p2a: Whimsicott|Whimsicott, F|324\/324
|move|p1a: Donphan|Earthquake|p2a: Whimsicott
|-resisted|p2a: Whimsicott
|-damage|p2a: Whimsicott|239\/324
|
|-heal|p2a: Whimsicott|259\/324|[from] item: Leftovers
|turn|12
|
|move|p2a: Whimsicott|Encore|p1a: Donphan
|-start|p1a: Donphan|Encore
|move|p1a: Donphan|Earthquake|p2a: Whimsicott
|-resisted|p2a: Whimsicott
|-damage|p2a: Whimsicott|180\/324
|
|-heal|p2a: Whimsicott|200\/324|[from] item: Leftovers
|turn|13
|
|switch|p1a: Crobat|Crobat, M|192\/331
|move|p2a: Whimsicott|Leech Seed|p1a: Crobat
|-start|p1a: Crobat|move: Leech Seed
|
|-heal|p1a: Crobat|212\/331|[from] item: Black Sludge
|-heal|p2a: Whimsicott|220\/324|[from] item: Leftovers
|-damage|p1a: Crobat|171\/331|[from] Leech Seed|[of] p2a: Whimsicott
|-heal|p2a: Whimsicott|261\/324|[silent]
|turn|14
|
|switch|p1a: Donphan|Donphan, M|209\/321
|switch|p2a: Cresselia|Cresselia, F|443\/443
|
|turn|15
|
|move|p2a: Cresselia|Substitute|p2a: Cresselia
|-start|p2a: Cresselia|Substitute
|-damage|p2a: Cresselia|333\/443
|move|p1a: Donphan|Knock Off|p2a: Cresselia
|-supereffective|p2a: Cresselia
|-end|p2a: Cresselia|Substitute
|
|-heal|p2a: Cresselia|360\/443|[from] item: Leftovers
|turn|16
|
|switch|p2a: Umbreon|Umbreon, F|394\/394
|move|p1a: Donphan|Knock Off|p2a: Umbreon
|-resisted|p2a: Umbreon
|-damage|p2a: Umbreon|341\/394
|-enditem|p2a: Umbreon|Leftovers|[from] move: Knock Off|[of] p1a: Donphan
|
|turn|17
|
|switch|p1a: Vaporeon|Vaporeon, F|463\/463
|move|p2a: Umbreon|Foul Play|p1a: Vaporeon
|-damage|p1a: Vaporeon|399\/463
|
|-heal|p1a: Vaporeon|427\/463|[from] item: Leftovers
|turn|18
|
|move|p2a: Umbreon|Wish|p2a: Umbreon
|move|p1a: Vaporeon|Wish|p1a: Vaporeon
|
|-heal|p1a: Vaporeon|455\/463|[from] item: Leftovers
|turn|19
|
|move|p2a: Umbreon|Foul Play|p1a: Vaporeon
|-damage|p1a: Vaporeon|386\/463
|move|p1a: Vaporeon|Baton Pass|p1a: Vaporeon
|
|switch|p1a: Medicham|Medicham, F|261\/261
|
|-heal|p2a: Umbreon|394\/394|[from] move: Wish|[wisher] Umbreon
|turn|20
|
|detailschange|p1a: Medicham|Medicham-Mega, F
|-mega|p1a: Medicham|Medicham|Medichamite
|move|p2a: Umbreon|Protect|p2a: Umbreon
|-singleturn|p2a: Umbreon|Protect
|move|p1a: Medicham|Drain Punch|p2a: Umbreon
|-activate|p2a: Umbreon|Protect
|
|turn|21
|
|switch|p2a: Tentacruel|Tentacruel, F|364\/364
|move|p1a: Medicham|High Jump Kick|p2a: Tentacruel
|-resisted|p2a: Tentacruel
|-damage|p2a: Tentacruel|88\/364
|
|-heal|p2a: Tentacruel|110\/364|[from] item: Black Sludge
|turn|22
|
|switch|p2a: Cresselia|Cresselia, F|360\/443
|move|p1a: Medicham|High Jump Kick|p2a: Cresselia
|-resisted|p2a: Cresselia
|-damage|p2a: Cresselia|237\/443
|
|-heal|p2a: Cresselia|264\/443|[from] item: Leftovers
|turn|23
|
|switch|p1a: Vaporeon|Vaporeon, F|386\/463
|move|p2a: Cresselia|Moonlight|p2a: Cresselia
|-heal|p2a: Cresselia|443\/443
|
|-heal|p1a: Vaporeon|414\/463|[from] item: Leftovers
|turn|24
|
|move|p2a: Cresselia|Substitute|p2a: Cresselia
|-start|p2a: Cresselia|Substitute
|-damage|p2a: Cresselia|333\/443
|move|p1a: Vaporeon|Wish|p1a: Vaporeon
|
|-heal|p2a: Cresselia|360\/443|[from] item: Leftovers
|-heal|p1a: Vaporeon|442\/463|[from] item: Leftovers
|turn|25
|
|switch|p1a: Donphan|Donphan, M|209\/321
|move|p2a: Cresselia|Calm Mind|p2a: Cresselia
|-boost|p2a: Cresselia|spa|1
|-boost|p2a: Cresselia|spd|1
|
|-heal|p1a: Donphan|321\/321|[from] move: Wish|[wisher] Vaporeon
|-heal|p2a: Cresselia|387\/443|[from] item: Leftovers
|turn|26
|
|move|p2a: Cresselia|Calm Mind|p2a: Cresselia
|-boost|p2a: Cresselia|spa|1
|-boost|p2a: Cresselia|spd|1
|move|p1a: Donphan|Knock Off|p2a: Cresselia
|-supereffective|p2a: Cresselia
|-end|p2a: Cresselia|Substitute
|
|-heal|p2a: Cresselia|414\/443|[from] item: Leftovers
|turn|27
|
|move|p2a: Cresselia|Calm Mind|p2a: Cresselia
|-boost|p2a: Cresselia|spa|1
|-boost|p2a: Cresselia|spd|1
|move|p1a: Donphan|Knock Off|p2a: Cresselia
|-supereffective|p2a: Cresselia
|-damage|p2a: Cresselia|256\/443
|-enditem|p2a: Cresselia|Leftovers|[from] move: Knock Off|[of] p1a: Donphan
|
|turn|28
|
|move|p2a: Cresselia|Moonlight|p2a: Cresselia
|-heal|p2a: Cresselia|443\/443
|move|p1a: Donphan|Gunk Shot|p2a: Cresselia
|-damage|p2a: Cresselia|349\/443
|
|turn|29
|
|switch|p1a: Umbreon|Umbreon, M|394\/394
|move|p2a: Cresselia|Substitute|p2a: Cresselia
|-start|p2a: Cresselia|Substitute
|-damage|p2a: Cresselia|239\/443
|
|turn|30
|
|move|p1a: Umbreon|Protect|p1a: Umbreon
|-singleturn|p1a: Umbreon|Protect
|move|p2a: Cresselia|Calm Mind|p2a: Cresselia
|-boost|p2a: Cresselia|spa|1
|-boost|p2a: Cresselia|spd|1
|
|turn|31
|
|switch|p1a: Crobat|Crobat, M|171\/331
|move|p2a: Cresselia|Calm Mind|p2a: Cresselia
|-boost|p2a: Cresselia|spa|1
|-boost|p2a: Cresselia|spd|1
|
|-heal|p1a: Crobat|191\/331|[from] item: Black Sludge
|turn|32
|
|move|p1a: Crobat|Haze|p1a: Crobat
|-clearallboost
|move|p2a: Cresselia|Psychic|p1a: Crobat
|-supereffective|p1a: Crobat
|-damage|p1a: Crobat|0 fnt
|faint|p1a: Crobat
|
|
|switch|p1a: Umbreon|Umbreon, M|394\/394
|turn|33
|
|switch|p2a: Whimsicott|Whimsicott, F|261\/324
|move|p1a: Umbreon|Foul Play|p2a: Whimsicott
|-resisted|p2a: Whimsicott
|-damage|p2a: Whimsicott|234\/324
|
|-heal|p2a: Whimsicott|254\/324|[from] item: Leftovers
|turn|34
|c|âdestinyhero96|yep i knew i was right about umbroen walling it completel
|c|âdestinyhero96|completetly
|
|switch|p1a: Donphan|Donphan, M|321\/321
|move|p2a: Whimsicott|Substitute|p2a: Whimsicott
|-start|p2a: Whimsicott|Substitute
|-damage|p2a: Whimsicott|173\/324
|
|-heal|p2a: Whimsicott|193\/324|[from] item: Leftovers
|turn|35
|c|âStall bt medicham|IÂ´m the king of bluffing
|
|move|p2a: Whimsicott|Leech Seed|p1a: Donphan
|-start|p1a: Donphan|move: Leech Seed
|move|p1a: Donphan|Gunk Shot|p2a: Whimsicott
|-supereffective|p2a: Whimsicott
|-end|p2a: Whimsicott|Substitute
|
|-heal|p2a: Whimsicott|213\/324|[from] item: Leftovers
|-damage|p1a: Donphan|281\/321|[from] Leech Seed|[of] p2a: Whimsicott
|-heal|p2a: Whimsicott|253\/324|[silent]
|turn|36
|
|move|p2a: Whimsicott|Substitute|p2a: Whimsicott
|-start|p2a: Whimsicott|Substitute
|-damage|p2a: Whimsicott|172\/324
|move|p1a: Donphan|Gunk Shot|p2a: Whimsicott
|-crit|p2a: Whimsicott
|-supereffective|p2a: Whimsicott
|-end|p2a: Whimsicott|Substitute
|
|-heal|p2a: Whimsicott|192\/324|[from] item: Leftovers
|-damage|p1a: Donphan|241\/321|[from] Leech Seed|[of] p2a: Whimsicott
|-heal|p2a: Whimsicott|232\/324|[silent]
|turn|37
|
|switch|p1a: Medicham|Medicham-Mega, F|261\/261
|move|p2a: Whimsicott|Substitute|p2a: Whimsicott
|-start|p2a: Whimsicott|Substitute
|-damage|p2a: Whimsicott|151\/324
|
|-heal|p2a: Whimsicott|171\/324|[from] item: Leftovers
|turn|38
|
|move|p1a: Medicham|Zen Headbutt|p2a: Whimsicott
|-end|p2a: Whimsicott|Substitute
|move|p2a: Whimsicott|Moonblast|p1a: Medicham
|-supereffective|p1a: Medicham
|-damage|p1a: Medicham|61\/261
|
|-heal|p2a: Whimsicott|191\/324|[from] item: Leftovers
|turn|39
|
|switch|p2a: Cresselia|Cresselia, F|239\/443
|move|p1a: Medicham|High Jump Kick|p2a: Cresselia
|-resisted|p2a: Cresselia
|-damage|p2a: Cresselia|104\/443
|
|turn|40
|
|switch|p2a: Tentacruel|Tentacruel, F|110\/364
|move|p1a: Medicham|High Jump Kick|p2a: Tentacruel
|-resisted|p2a: Tentacruel
|-damage|p2a: Tentacruel|0 fnt
|faint|p2a: Tentacruel
|
|
|switch|p2a: Suicune|Suicune|404\/404
|-ability|p2a: Suicune|Pressure
|turn|41
|
|switch|p1a: Vaporeon|Vaporeon, F|442\/463
|move|p2a: Suicune|Scald|p1a: Vaporeon
|-heal|p1a: Vaporeon|463\/463|[from] ability: Water Absorb|[of] p2a: Suicune
|
|turn|42
|
|switch|p2a: Cresselia|Cresselia, F|104\/443
|move|p1a: Vaporeon|Wish|p1a: Vaporeon
|
|turn|43
|
|move|p2a: Cresselia|Moonlight|p2a: Cresselia
|-heal|p2a: Cresselia|325\/443
|move|p1a: Vaporeon|Scald|p2a: Cresselia
|-damage|p2a: Cresselia|244\/443
|
|turn|44
|
|switch|p2a: Whimsicott|Whimsicott, F|191\/324
|move|p1a: Vaporeon|Scald|p2a: Whimsicott
|-crit|p2a: Whimsicott
|-resisted|p2a: Whimsicott
|-damage|p2a: Whimsicott|101\/324
|-status|p2a: Whimsicott|brn
|
|-heal|p2a: Whimsicott|121\/324 brn|[from] item: Leftovers
|-damage|p2a: Whimsicott|81\/324 brn|[from] brn
|turn|45
|
|move|p2a: Whimsicott|Leech Seed|p1a: Vaporeon
|-start|p1a: Vaporeon|move: Leech Seed
|move|p1a: Vaporeon|Wish|p1a: Vaporeon
|
|-heal|p2a: Whimsicott|101\/324 brn|[from] item: Leftovers
|-damage|p1a: Vaporeon|406\/463|[from] Leech Seed|[of] p2a: Whimsicott
|-heal|p2a: Whimsicott|158\/324 brn|[silent]
|-damage|p2a: Whimsicott|118\/324 brn|[from] brn
|turn|46
|
|switch|p1a: Donphan|Donphan, M|241\/321
|move|p2a: Whimsicott|Substitute|p2a: Whimsicott
|-start|p2a: Whimsicott|Substitute
|-damage|p2a: Whimsicott|37\/324 brn
|
|-heal|p1a: Donphan|321\/321|[from] move: Wish|[wisher] Vaporeon
|-heal|p2a: Whimsicott|57\/324 brn|[from] item: Leftovers
|-damage|p2a: Whimsicott|17\/324 brn|[from] brn
|turn|47
|
|move|p2a: Whimsicott|Leech Seed|p1a: Donphan
|-start|p1a: Donphan|move: Leech Seed
|move|p1a: Donphan|Gunk Shot|p2a: Whimsicott
|-supereffective|p2a: Whimsicott
|-end|p2a: Whimsicott|Substitute
|
|-heal|p2a: Whimsicott|37\/324 brn|[from] item: Leftovers
|-damage|p1a: Donphan|281\/321|[from] Leech Seed|[of] p2a: Whimsicott
|-heal|p2a: Whimsicott|77\/324 brn|[silent]
|-damage|p2a: Whimsicott|37\/324 brn|[from] brn
|turn|48
|
|switch|p2a: Umbreon|Umbreon, F|394\/394
|move|p1a: Donphan|Knock Off|p2a: Umbreon
|-resisted|p2a: Umbreon
|-damage|p2a: Umbreon|356\/394
|
|-damage|p1a: Donphan|241\/321|[from] Leech Seed|[of] p2a: Umbreon
|-heal|p2a: Umbreon|394\/394|[silent]
|turn|49
|
|switch|p1a: Vaporeon|Vaporeon, F|406\/463
|move|p2a: Umbreon|Wish|p2a: Umbreon
|
|-heal|p1a: Vaporeon|434\/463|[from] item: Leftovers
|turn|50
|
|switch|p2a: Cresselia|Cresselia, F|244\/443
|move|p1a: Vaporeon|Scald|p2a: Cresselia
|-crit|p2a: Cresselia
|-damage|p2a: Cresselia|115\/443
|-status|p2a: Cresselia|brn
|
|-heal|p2a: Cresselia|312\/443 brn|[from] move: Wish|[wisher] Umbreon
|-heal|p1a: Vaporeon|462\/463|[from] item: Leftovers
|-damage|p2a: Cresselia|257\/443 brn|[from] brn
|turn|51
|
|switch|p2a: Umbreon|Umbreon, F|394\/394
|move|p1a: Vaporeon|Wish|p1a: Vaporeon
|
|-heal|p1a: Vaporeon|463\/463|[from] item: Leftovers
|turn|52
|
|move|p2a: Umbreon|Heal Bell|p2a: Umbreon
|-cureteam|p2a: Umbreon|[from] move: HealBell
|move|p1a: Vaporeon|Baton Pass|p1a: Vaporeon
|
|switch|p1a: Medicham|Medicham-Mega, F|61\/261
|
|-heal|p1a: Medicham|261\/261|[from] move: Wish|[wisher] Vaporeon
|turn|53
|
|move|p2a: Umbreon|Protect|p2a: Umbreon
|-singleturn|p2a: Umbreon|Protect
|move|p1a: Medicham|Drain Punch|p2a: Umbreon
|-activate|p2a: Umbreon|Protect
|
|turn|54
|
|switch|p2a: Cresselia|Cresselia, F|257\/443
|move|p1a: Medicham|High Jump Kick|p2a: Cresselia
|-resisted|p2a: Cresselia
|-damage|p2a: Cresselia|122\/443
|
|turn|55
|c|âdestinyhero96|looks like i win
|c|âStall bt medicham|yep
|c|âStall bt medicham|with mega cham
|
|move|p1a: Medicham|High Jump Kick|p2a: Cresselia
|-resisted|p2a: Cresselia
|-damage|p2a: Cresselia|0 fnt
|faint|p2a: Cresselia
|
|
|switch|p2a: Whimsicott|Whimsicott, F|37\/324
|turn|56
|
|move|p1a: Medicham|Drain Punch|p2a: Whimsicott
|-resisted|p2a: Whimsicott
|-damage|p2a: Whimsicott|0 fnt
|faint|p2a: Whimsicott
|
|
|switch|p2a: Suicune|Suicune|404\/404
|-ability|p2a: Suicune|Pressure
|turn|57
|c|âStall bt medicham|gg
|-message|Stall bt medicham forfeited.
|
|win|destinyhero96
|raw|Ladder updating...