|join|destinyhero96
|join|Feynmanium
|player|p1|destinyhero96|170
|player|p2|Feynmanium|93
|gametype|singles
|gen|6
|tier|UU
|rated
|rule|Sleep Clause Mod: Limit one foe put to sleep
|rule|Species Clause: Limit one of each PokÃ©mon
|rule|OHKO Clause: OHKO moves are banned
|rule|Moody Clause: Moody is banned
|rule|Evasion Moves Clause: Evasion moves are banned
|rule|Endless Battle Clause: Forcing endless battles is banned
|rule|HP Percentage Mod: HP is shown in percentages
|clearpoke
|poke|p1|Donphan, F
|poke|p1|Medicham, M
|poke|p1|Crobat, F
|poke|p1|Vaporeon, F
|poke|p1|Umbreon, F
|poke|p1|Jellicent, M
|poke|p2|Blastoise, M
|poke|p2|Yanmega, M
|poke|p2|Celebi
|poke|p2|Emboar, M
|poke|p2|Hydreigon, F
|poke|p2|Nidoking, M
|rule|Swagger Clause: Swagger is banned
|rule|Baton Pass Clause: Limit one PokÃ©mon knowing Baton Pass
|teampreview
|
|start
|switch|p1a: Jellicent|Jellicent, M|394\/394
|switch|p2a: Emboar|Emboar, M|423\/423
|turn|1
|
|switch|p1a: Donphan|Donphan, F|321\/321
|move|p2a: Emboar|Head Smash|p1a: Donphan
|-resisted|p1a: Donphan
|-damage|p1a: Donphan|226\/321
|-damage|p2a: Emboar|375\/423|[from] recoil|[of] p1a: Donphan
|
|turn|2
|
|switch|p1a: Vaporeon|Vaporeon, F|463\/463
|move|p2a: Emboar|Flare Blitz|p1a: Vaporeon
|-resisted|p1a: Vaporeon
|-damage|p1a: Vaporeon|340\/463
|-damage|p2a: Emboar|334\/423|[from] recoil|[of] p1a: Vaporeon
|
|-heal|p1a: Vaporeon|368\/463|[from] item: Leftovers
|turn|3
|
|move|p1a: Vaporeon|Protect|p1a: Vaporeon
|-singleturn|p1a: Vaporeon|Protect
|move|p2a: Emboar|Head Smash|p1a: Vaporeon
|-activate|p1a: Vaporeon|Protect
|
|-heal|p1a: Vaporeon|396\/463|[from] item: Leftovers
|turn|4
|
|move|p1a: Vaporeon|Wish|p1a: Vaporeon
|move|p2a: Emboar|Head Smash|p1a: Vaporeon
|-damage|p1a: Vaporeon|190\/463
|-damage|p2a: Emboar|231\/423|[from] recoil|[of] p1a: Vaporeon
|
|-heal|p1a: Vaporeon|218\/463|[from] item: Leftovers
|turn|5
|
|switch|p2a: Blastoise|Blastoise, M|361\/361
|move|p1a: Vaporeon|Scald|p2a: Blastoise
|-resisted|p2a: Blastoise
|-damage|p2a: Blastoise|315\/361
|-status|p2a: Blastoise|brn
|
|-heal|p1a: Vaporeon|449\/463|[from] move: Wish|[wisher] Vaporeon
|-heal|p1a: Vaporeon|463\/463|[from] item: Leftovers
|-damage|p2a: Blastoise|270\/361 brn|[from] brn
|turn|6
|
|detailschange|p2a: Blastoise|Blastoise-Mega, M
|-mega|p2a: Blastoise|Blastoise|Blastoisinite
|move|p2a: Blastoise|Dark Pulse|p1a: Vaporeon
|-damage|p1a: Vaporeon|293\/463
|move|p1a: Vaporeon|Wish|p1a: Vaporeon
|
|-heal|p1a: Vaporeon|321\/463|[from] item: Leftovers
|-damage|p2a: Blastoise|225\/361 brn|[from] brn
|turn|7
|
|switch|p1a: Jellicent|Jellicent, M|394\/394
|move|p2a: Blastoise|Scald|p1a: Jellicent
|-resisted|p1a: Jellicent
|-damage|p1a: Jellicent|333\/394
|
|-heal|p1a: Jellicent|394\/394|[from] move: Wish|[wisher] Vaporeon
|-damage|p2a: Blastoise|180\/361 brn|[from] brn
|turn|8
|
|switch|p1a: Vaporeon|Vaporeon, F|321\/463
|move|p2a: Blastoise|Dark Pulse|p1a: Vaporeon
|-damage|p1a: Vaporeon|155\/463
|
|-heal|p1a: Vaporeon|183\/463|[from] item: Leftovers
|-damage|p2a: Blastoise|135\/361 brn|[from] brn
|turn|9
|
|switch|p2a: Yanmega|Yanmega, M|313\/313
|move|p1a: Vaporeon|Protect|p1a: Vaporeon
|-fail|p1a: Vaporeon
|
|-heal|p1a: Vaporeon|211\/463|[from] item: Leftovers
|turn|10
|
|move|p1a: Vaporeon|Protect|p1a: Vaporeon
|-singleturn|p1a: Vaporeon|Protect
|move|p2a: Yanmega|Giga Drain|p1a: Vaporeon
|-activate|p1a: Vaporeon|Protect
|
|-heal|p1a: Vaporeon|239\/463|[from] item: Leftovers
|-boost|p2a: Yanmega|spe|1|[from] ability: Speed Boost
|turn|11
|
|switch|p1a: Crobat|Crobat, F|374\/374
|move|p2a: Yanmega|Air Slash|p1a: Crobat
|-damage|p1a: Crobat|160\/374
|-damage|p2a: Yanmega|282\/313|[from] item: Life Orb
|
|-heal|p1a: Crobat|183\/374|[from] item: Black Sludge
|-boost|p2a: Yanmega|spe|1|[from] ability: Speed Boost
|turn|12
|
|move|p2a: Yanmega|Air Slash|p1a: Crobat
|-damage|p1a: Crobat|0 fnt
|-damage|p2a: Yanmega|251\/313|[from] item: Life Orb
|faint|p1a: Crobat
|
|-boost|p2a: Yanmega|spe|1|[from] ability: Speed Boost
|
|switch|p1a: Jellicent|Jellicent, M|394\/394
|turn|13
|
|move|p2a: Yanmega|Giga Drain|p1a: Jellicent
|-supereffective|p1a: Jellicent
|-damage|p1a: Jellicent|217\/394
|-heal|p2a: Yanmega|313\/313|[from] drain|[of] p1a: Jellicent
|-damage|p2a: Yanmega|282\/313|[from] item: Life Orb
|move|p1a: Jellicent|Will-O-Wisp|p2a: Yanmega
|-status|p2a: Yanmega|brn
|
|-heal|p1a: Jellicent|241\/394|[from] item: Leftovers
|-damage|p2a: Yanmega|243\/313 brn|[from] brn
|-boost|p2a: Yanmega|spe|1|[from] ability: Speed Boost
|turn|14
|
|switch|p2a: Hydreigon|Hydreigon, F|325\/325
|move|p1a: Jellicent|Recover|p1a: Jellicent
|-heal|p1a: Jellicent|394\/394
|
|turn|15
|
|move|p2a: Hydreigon|Dark Pulse|p1a: Jellicent
|-supereffective|p1a: Jellicent
|-damage|p1a: Jellicent|212\/394
|-start|p2a: Hydreigon|Disable|Dark Pulse
|move|p1a: Jellicent|Will-O-Wisp|p2a: Hydreigon
|-status|p2a: Hydreigon|brn
|
|-heal|p1a: Jellicent|236\/394|[from] item: Leftovers
|-damage|p2a: Hydreigon|285\/325 brn|[from] brn
|turn|16
|
|switch|p2a: Nidoking|Nidoking, M|303\/303
|move|p1a: Jellicent|Taunt|p2a: Nidoking
|-start|p2a: Nidoking|move: Taunt
|
|-heal|p1a: Jellicent|260\/394|[from] item: Leftovers
|turn|17
|
|move|p2a: Nidoking|Poison Jab|p1a: Jellicent
|-resisted|p1a: Jellicent
|-damage|p1a: Jellicent|131\/394
|-start|p2a: Nidoking|Disable|Poison Jab
|move|p1a: Jellicent|Recover|p1a: Jellicent
|-heal|p1a: Jellicent|328\/394
|
|-heal|p1a: Jellicent|352\/394|[from] item: Leftovers
|turn|18
|
|move|p2a: Nidoking|Sucker Punch|p1a: Jellicent
|-supereffective|p1a: Jellicent
|-damage|p1a: Jellicent|89\/394
|-damage|p2a: Nidoking|273\/303|[from] item: Life Orb
|move|p1a: Jellicent|Scald|p2a: Nidoking
|-supereffective|p2a: Nidoking
|-damage|p2a: Nidoking|51\/303
|
|-heal|p1a: Jellicent|113\/394|[from] item: Leftovers
|turn|19
|
|switch|p1a: Umbreon|Umbreon, F|394\/394
|move|p2a: Nidoking|Earth Power|p1a: Umbreon
|-crit|p1a: Umbreon
|-damage|p1a: Umbreon|219\/394
|
|-heal|p1a: Umbreon|243\/394|[from] item: Leftovers
|-end|p2a: Nidoking|move: Taunt
|turn|20
|
|move|p2a: Nidoking|Earth Power|p1a: Umbreon
|-damage|p1a: Umbreon|109\/394
|move|p1a: Umbreon|Wish|p1a: Umbreon
|
|-heal|p1a: Umbreon|133\/394|[from] item: Leftovers
|turn|21
|
|move|p1a: Umbreon|Protect|p1a: Umbreon
|-singleturn|p1a: Umbreon|Protect
|move|p2a: Nidoking|Earth Power|p1a: Umbreon
|-activate|p1a: Umbreon|Protect
|
|-heal|p1a: Umbreon|330\/394|[from] move: Wish|[wisher] Umbreon
|-heal|p1a: Umbreon|354\/394|[from] item: Leftovers
|-end|p2a: Nidoking|Disable
|turn|22
|
|move|p2a: Nidoking|Poison Jab|p1a: Umbreon
|-damage|p1a: Umbreon|220\/394
|move|p1a: Umbreon|Foul Play|p2a: Nidoking
|-damage|p2a: Nidoking|0 fnt
|faint|p2a: Nidoking
|
|-heal|p1a: Umbreon|244\/394|[from] item: Leftovers
|
|switch|p2a: Yanmega|Yanmega, M|243\/313 brn
|turn|23
|
|move|p1a: Umbreon|Protect|p1a: Umbreon
|-singleturn|p1a: Umbreon|Protect
|move|p2a: Yanmega|Bug Buzz|p1a: Umbreon
|-activate|p1a: Umbreon|Protect
|
|-heal|p1a: Umbreon|268\/394|[from] item: Leftovers
|-damage|p2a: Yanmega|204\/313 brn|[from] brn
|-boost|p2a: Yanmega|spe|1|[from] ability: Speed Boost
|turn|24
|
|move|p2a: Yanmega|Bug Buzz|p1a: Umbreon
|-crit|p1a: Umbreon
|-supereffective|p1a: Umbreon
|-damage|p1a: Umbreon|0 fnt
|-damage|p2a: Yanmega|173\/313 brn|[from] item: Life Orb
|faint|p1a: Umbreon
|
|-damage|p2a: Yanmega|134\/313 brn|[from] brn
|-boost|p2a: Yanmega|spe|1|[from] ability: Speed Boost
|
|switch|p1a: Medicham|Medicham, M|261\/261
|turn|25
|
|detailschange|p1a: Medicham|Medicham-Mega, M
|-mega|p1a: Medicham|Medicham|Medichamite
|move|p2a: Yanmega|Protect|p2a: Yanmega
|-singleturn|p2a: Yanmega|Protect
|move|p1a: Medicham|Fake Out|p2a: Yanmega
|-activate|p2a: Yanmega|Protect
|
|-damage|p2a: Yanmega|95\/313 brn|[from] brn
|-boost|p2a: Yanmega|spe|1|[from] ability: Speed Boost
|turn|26
|
|move|p2a: Yanmega|Air Slash|p1a: Medicham
|-supereffective|p1a: Medicham
|-damage|p1a: Medicham|0 fnt
|-damage|p2a: Yanmega|64\/313 brn|[from] item: Life Orb
|faint|p1a: Medicham
|
|-damage|p2a: Yanmega|25\/313 brn|[from] brn
|-boost|p2a: Yanmega|spe|1|[from] ability: Speed Boost
|
|switch|p1a: Vaporeon|Vaporeon, F|239\/463
|turn|27
|
|switch|p2a: Celebi|Celebi|404\/404
|move|p1a: Vaporeon|Protect|p1a: Vaporeon
|-fail|p1a: Vaporeon
|
|-heal|p1a: Vaporeon|267\/463|[from] item: Leftovers
|turn|28
|
|move|p2a: Celebi|Stealth Rock|p1a: Vaporeon
|-sidestart|p1: destinyhero96|move: Stealth Rock
|move|p1a: Vaporeon|Wish|p1a: Vaporeon
|
|-heal|p1a: Vaporeon|295\/463|[from] item: Leftovers
|turn|29
|
|move|p2a: Celebi|U-turn|p1a: Vaporeon
|-damage|p1a: Vaporeon|238\/463
|
|switch|p2a: Hydreigon|Hydreigon, F|285\/325 brn
|move|p1a: Vaporeon|Baton Pass|p1a: Vaporeon
|
|switch|p1a: Jellicent|Jellicent, M|113\/394
|-damage|p1a: Jellicent|64\/394|[from] Stealth Rock
|
|-heal|p1a: Jellicent|295\/394|[from] move: Wish|[wisher] Vaporeon
|-heal|p1a: Jellicent|319\/394|[from] item: Leftovers
|-damage|p2a: Hydreigon|245\/325 brn|[from] brn
|turn|30
|
|move|p2a: Hydreigon|Dark Pulse|p1a: Jellicent
|-supereffective|p1a: Jellicent
|-damage|p1a: Jellicent|115\/394
|-start|p2a: Hydreigon|Disable|Dark Pulse
|cant|p1a: Jellicent|flinch
|
|-heal|p1a: Jellicent|139\/394|[from] item: Leftovers
|-damage|p2a: Hydreigon|205\/325 brn|[from] brn
|turn|31
|c|âFeynmanium|fuck xD
|
|switch|p2a: Emboar|Emboar, M|231\/423
|move|p1a: Jellicent|Recover|p1a: Jellicent
|-heal|p1a: Jellicent|336\/394
|
|-heal|p1a: Jellicent|360\/394|[from] item: Leftovers
|turn|32
|c|âFeynmanium|I hate your team.
|
|move|p2a: Emboar|Head Smash|p1a: Jellicent
|-damage|p1a: Jellicent|63\/394
|-damage|p2a: Emboar|82\/423|[from] recoil|[of] p1a: Jellicent
|move|p1a: Jellicent|Scald|p2a: Emboar
|-supereffective|p2a: Emboar
|-damage|p2a: Emboar|0 fnt
|faint|p2a: Emboar
|
|-heal|p1a: Jellicent|87\/394|[from] item: Leftovers
|
|switch|p2a: Hydreigon|Hydreigon, F|205\/325 brn
|turn|33
|
|move|p2a: Hydreigon|Dark Pulse|p1a: Jellicent
|-supereffective|p1a: Jellicent
|-damage|p1a: Jellicent|0 fnt
|faint|p1a: Jellicent
|
|-damage|p2a: Hydreigon|165\/325 brn|[from] brn
|
|switch|p1a: Vaporeon|Vaporeon, F|238\/463
|-damage|p1a: Vaporeon|181\/463|[from] Stealth Rock
|turn|34
|
|move|p2a: Hydreigon|Dark Pulse|p1a: Vaporeon
|-crit|p1a: Vaporeon
|-damage|p1a: Vaporeon|0 fnt
|faint|p1a: Vaporeon
|
|-damage|p2a: Hydreigon|125\/325 brn|[from] brn
|c|âdestinyhero96|...
|
|switch|p1a: Donphan|Donphan, F|226\/321
|-damage|p1a: Donphan|206\/321|[from] Stealth Rock
|turn|35
|
|switch|p2a: Yanmega|Yanmega, M|25\/313 brn
|move|p1a: Donphan|Gunk Shot|p2a: Yanmega
|-damage|p2a: Yanmega|0 fnt
|faint|p2a: Yanmega
|
|c|âFeynmanium|woah! :O
|
|switch|p2a: Blastoise|Blastoise-Mega, M|135\/361 brn
|turn|36
|c|âFeynmanium|NICE!
|
|move|p2a: Blastoise|Scald|p1a: Donphan
|-supereffective|p1a: Donphan
|-damage|p1a: Donphan|0 fnt
|faint|p1a: Donphan
|
|win|Feynmanium
|raw|Ladder updating...
|raw|destinyhero96's rating: 1589 &rarr; <strong>1559<\/strong><br \/>(-30 for losing)
|raw|Feynmanium's rating: 1397 &rarr; <strong>1427<\/strong><br \/>(+30 for winning)
|leave|destinyhero96
|player|p1