|join|destinyhero96
|join|AdamantSlowbro
|player|p1|destinyhero96|101
|player|p2|AdamantSlowbro|2
|gametype|singles
|gen|6
|tier|UU
|rated
|rule|Sleep Clause Mod: Limit one foe put to sleep
|rule|Species Clause: Limit one of each PokÃ©mon
|rule|OHKO Clause: OHKO moves are banned
|rule|Moody Clause: Moody is banned
|rule|Evasion Moves Clause: Evasion moves are banned
|rule|Endless Battle Clause: Forcing endless battles is banned
|rule|HP Percentage Mod: HP is shown in percentages
|clearpoke
|poke|p1|Jellicent, M
|poke|p1|Porygon-Z
|poke|p1|Escavalier, M
|poke|p1|Vaporeon, M
|poke|p1|Umbreon, F
|poke|p1|Donphan, F
|poke|p2|Abomasnow, M
|poke|p2|Tentacruel, F
|poke|p2|Mienshao, M
|poke|p2|Krookodile, M
|poke|p2|Swampert, F
|poke|p2|Chandelure, M
|rule|Swagger Clause: Swagger is banned
|rule|Baton Pass Clause: Limit one PokÃ©mon knowing Baton Pass
|teampreview
|c|âAdamantSlowbro|stall?
|
|start
|switch|p1a: Jellicent|Jellicent, M|404\/404
|switch|p2a: Mienshao|Mienshao, M|272\/272
|turn|1
|c|âdestinyhero96|no?
|
|move|p2a: Mienshao|Knock Off|p1a: Jellicent
|-supereffective|p1a: Jellicent
|-damage|p1a: Jellicent|66\/404
|-enditem|p1a: Jellicent|Leftovers|[from] move: Knock Off|[of] p2a: Mienshao
|move|p1a: Jellicent|Scald|p2a: Mienshao
|-damage|p2a: Mienshao|151\/272
|-status|p2a: Mienshao|brn
|
|-damage|p2a: Mienshao|117\/272 brn|[from] brn
|turn|2
|
|switch|p1a: Umbreon|Umbreon, F|393\/393
|move|p2a: Mienshao|Knock Off|p1a: Umbreon
|-resisted|p1a: Umbreon
|-damage|p1a: Umbreon|372\/393
|-enditem|p1a: Umbreon|Leftovers|[from] move: Knock Off|[of] p2a: Mienshao
|
|-damage|p2a: Mienshao|83\/272 brn|[from] brn
|turn|3
|
|switch|p2a: Tentacruel|Tentacruel, F|357\/357
|move|p1a: Umbreon|Wish|p1a: Umbreon
|
|turn|4
|
|switch|p1a: Jellicent|Jellicent, M|66\/404
|move|p2a: Tentacruel|Acid Spray|p1a: Jellicent
|-resisted|p1a: Jellicent
|-damage|p1a: Jellicent|53\/404
|-unboost|p1a: Jellicent|spd|2
|
|-heal|p1a: Jellicent|249\/404|[from] move: Wish|[wisher] Umbreon
|turn|5
|
|switch|p1a: Umbreon|Umbreon, F|372\/393
|move|p2a: Tentacruel|Knock Off|p1a: Umbreon
|-resisted|p1a: Umbreon
|-damage|p1a: Umbreon|361\/393
|
|turn|6
|
|move|p2a: Tentacruel|Acid Spray|p1a: Umbreon
|-damage|p1a: Umbreon|330\/393
|-unboost|p1a: Umbreon|spd|2
|move|p1a: Umbreon|Wish|p1a: Umbreon
|
|turn|7
|
|switch|p2a: Abomasnow|Abomasnow, M|323\/323
|-weather|Hail
|switch|p1a: Jellicent|Jellicent, M|249\/404
|
|-weather|Hail|[upkeep]
|-damage|p1a: Jellicent|224\/404|[from] hail
|-heal|p1a: Jellicent|404\/404|[from] move: Wish|[wisher] Umbreon
|turn|8
|
|switch|p1a: Escavalier|Escavalier, M|343\/343
|detailschange|p2a: Abomasnow|Abomasnow-Mega, M
|-mega|p2a: Abomasnow|Abomasnow|Abomasite
|move|p2a: Abomasnow|Energy Ball|p1a: Escavalier
|-resisted|p1a: Escavalier
|-damage|p1a: Escavalier|300\/343
|
|-weather|Hail|[upkeep]
|turn|9
|
|switch|p2a: Krookodile|Krookodile, M|332\/332
|-ability|p2a: Krookodile|Intimidate|[of] p1a: Escavalier
|-unboost|p1a: Escavalier|atk|1
|move|p1a: Escavalier|Megahorn|p2a: Krookodile
|-supereffective|p2a: Krookodile
|-damage|p2a: Krookodile|0 fnt
|faint|p2a: Krookodile
|
|-weather|Hail|[upkeep]
|
|switch|p2a: Chandelure|Chandelure, M|262\/262
|turn|10
|
|switch|p1a: Vaporeon|Vaporeon, M|463\/463
|move|p2a: Chandelure|Energy Ball|p1a: Vaporeon
|-supereffective|p1a: Vaporeon
|-damage|p1a: Vaporeon|117\/463
|
|-weather|Hail|[upkeep]
|-damage|p2a: Chandelure|246\/262|[from] hail
|-damage|p1a: Vaporeon|89\/463|[from] hail
|-heal|p1a: Vaporeon|117\/463|[from] item: Leftovers
|turn|11
|
|switch|p1a: Escavalier|Escavalier, M|300\/343
|move|p2a: Chandelure|Energy Ball|p1a: Escavalier
|-resisted|p1a: Escavalier
|-damage|p1a: Escavalier|251\/343
|-unboost|p1a: Escavalier|spd|1
|
|-weather|none
|turn|12
|
|switch|p2a: Swampert|Swampert, F|401\/401
|move|p1a: Escavalier|Knock Off|p2a: Swampert
|-crit|p2a: Swampert
|-damage|p2a: Swampert|184\/401
|-enditem|p2a: Swampert|Leftovers|[from] move: Knock Off|[of] p1a: Escavalier
|
|turn|13
|
|switch|p2a: Chandelure|Chandelure, M|246\/262
|switch|p1a: Vaporeon|Vaporeon, M|117\/463
|
|-heal|p1a: Vaporeon|145\/463|[from] item: Leftovers
|turn|14
|
|move|p1a: Vaporeon|Protect|p1a: Vaporeon
|-singleturn|p1a: Vaporeon|Protect
|move|p2a: Chandelure|Fire Blast|p1a: Vaporeon
|-activate|p1a: Vaporeon|Protect
|
|-heal|p1a: Vaporeon|173\/463|[from] item: Leftovers
|turn|15
|
|move|p2a: Chandelure|Fire Blast|p1a: Vaporeon
|-resisted|p1a: Vaporeon
|-damage|p1a: Vaporeon|15\/463
|-status|p1a: Vaporeon|brn
|move|p1a: Vaporeon|Wish|p1a: Vaporeon
|
|-heal|p1a: Vaporeon|43\/463 brn|[from] item: Leftovers
|-damage|p1a: Vaporeon|0 fnt|[from] brn
|faint|p1a: Vaporeon
|c|âdestinyhero96|wow
|
|switch|p1a: Jellicent|Jellicent, M|404\/404
|turn|16
|
|switch|p2a: Tentacruel|Tentacruel, F|357\/357
|move|p1a: Jellicent|Will-O-Wisp|p2a: Tentacruel
|-status|p2a: Tentacruel|brn
|
|-damage|p2a: Tentacruel|313\/357 brn|[from] brn
|turn|17
|c|âAdamantSlowbro|the burn?
|
|move|p2a: Tentacruel|Knock Off|p1a: Jellicent
|-supereffective|p1a: Jellicent
|-damage|p1a: Jellicent|354\/404
|-start|p2a: Tentacruel|Disable|Knock Off
|move|p1a: Jellicent|Hex|p2a: Tentacruel
|-crit|p2a: Tentacruel
|-damage|p2a: Tentacruel|189\/357 brn
|
|-heal|p2a: Tentacruel|211\/357 brn|[from] item: Black Sludge
|-damage|p2a: Tentacruel|167\/357 brn|[from] brn
|turn|18
|c|âdestinyhero96|yes
|c|âdestinyhero96|i woulda had vaporeon still
|c|âdestinyhero96|if u didnt burn me
|
|move|p2a: Tentacruel|Acid Spray|p1a: Jellicent
|-resisted|p1a: Jellicent
|-damage|p1a: Jellicent|341\/404
|-unboost|p1a: Jellicent|spd|2
|move|p1a: Jellicent|Scald|p2a: Tentacruel
|-resisted|p2a: Tentacruel
|-damage|p2a: Tentacruel|140\/357 brn
|
|-heal|p2a: Tentacruel|162\/357 brn|[from] item: Black Sludge
|-damage|p2a: Tentacruel|118\/357 brn|[from] brn
|turn|19
|
|switch|p1a: Umbreon|Umbreon, F|330\/393
|move|p2a: Tentacruel|Acid Spray|p1a: Umbreon
|-damage|p1a: Umbreon|296\/393
|-unboost|p1a: Umbreon|spd|2
|
|-heal|p2a: Tentacruel|140\/357 brn|[from] item: Black Sludge
|-damage|p2a: Tentacruel|96\/357 brn|[from] brn
|turn|20
|
|switch|p1a: Jellicent|Jellicent, M|341\/404
|move|p2a: Tentacruel|Scald|p1a: Jellicent
|-resisted|p1a: Jellicent
|-damage|p1a: Jellicent|311\/404
|
|-heal|p2a: Tentacruel|118\/357 brn|[from] item: Black Sludge
|-damage|p2a: Tentacruel|74\/357 brn|[from] brn
|turn|21
|
|move|p2a: Tentacruel|Scald|p1a: Jellicent
|-resisted|p1a: Jellicent
|-damage|p1a: Jellicent|283\/404
|-status|p1a: Jellicent|brn
|move|p1a: Jellicent|Hex|p2a: Tentacruel
|-damage|p2a: Tentacruel|0 fnt
|faint|p2a: Tentacruel
|
|-damage|p1a: Jellicent|233\/404 brn|[from] brn
|
|switch|p2a: Chandelure|Chandelure, M|246\/262
|turn|22
|
|switch|p1a: Umbreon|Umbreon, F|296\/393
|move|p2a: Chandelure|Fire Blast|p1a: Umbreon
|-damage|p1a: Umbreon|5\/393
|
|turn|23
|c|âdestinyhero96|oh specs
|c|âAdamantSlowbro|yeah
|
|move|p1a: Umbreon|Protect|p1a: Umbreon
|-singleturn|p1a: Umbreon|Protect
|move|p2a: Chandelure|Fire Blast|p1a: Umbreon
|-activate|p1a: Umbreon|Protect
|
|turn|24
|
|move|p2a: Chandelure|Fire Blast|p1a: Umbreon
|-damage|p1a: Umbreon|0 fnt
|faint|p1a: Umbreon
|
|
|switch|p1a: Donphan|Donphan, F|321\/321
|turn|25
|
|switch|p2a: Abomasnow|Abomasnow-Mega, M|323\/323
|-weather|Hail
|move|p1a: Donphan|Earthquake|p2a: Abomasnow
|-resisted|p2a: Abomasnow
|-damage|p2a: Abomasnow|225\/323
|
|-weather|Hail|[upkeep]
|-damage|p1a: Donphan|301\/321|[from] hail
|turn|26
|
|move|p2a: Abomasnow|Blizzard|p1a: Donphan
|-supereffective|p1a: Donphan
|-damage|p1a: Donphan|0 fnt
|faint|p1a: Donphan
|
|-weather|Hail|[upkeep]
|
|switch|p1a: Escavalier|Escavalier, M|251\/343
|turn|27
|
|switch|p2a: Mienshao|Mienshao, M|173\/272 brn
|move|p1a: Escavalier|Knock Off|p2a: Mienshao
|-resisted|p2a: Mienshao
|-damage|p2a: Mienshao|32\/272 brn
|-enditem|p2a: Mienshao|Choice Scarf|[from] move: Knock Off|[of] p1a: Escavalier
|
|-weather|Hail|[upkeep]
|-damage|p2a: Mienshao|15\/272 brn|[from] hail
|-damage|p2a: Mienshao|0 fnt|[from] brn
|faint|p2a: Mienshao
|
|switch|p2a: Chandelure|Chandelure, M|246\/262
|turn|28
|
|move|p2a: Chandelure|Fire Blast|p1a: Escavalier
|-supereffective|p1a: Escavalier
|-damage|p1a: Escavalier|0 fnt
|faint|p1a: Escavalier
|
|-weather|Hail|[upkeep]
|-damage|p2a: Chandelure|230\/262|[from] hail
|c|âdestinyhero96|how do u hit all ur fire blasts
|
|switch|p1a: Jellicent|Jellicent, M|233\/404 brn
|turn|29
|c|âAdamantSlowbro|idk idc
|
|switch|p2a: Swampert|Swampert, F|184\/401
|move|p1a: Jellicent|Scald|p2a: Swampert
|-damage|p2a: Swampert|85\/401
|
|-weather|none
|-damage|p1a: Jellicent|183\/404 brn|[from] brn
|turn|30
|
|move|p1a: Jellicent|Recover|p1a: Jellicent
|-heal|p1a: Jellicent|385\/404 brn
|move|p2a: Swampert|Scald|p1a: Jellicent
|-crit|p1a: Jellicent
|-resisted|p1a: Jellicent
|-damage|p1a: Jellicent|322\/404 brn
|
|-damage|p1a: Jellicent|272\/404 brn|[from] brn
|turn|31
|
|move|p1a: Jellicent|Will-O-Wisp|p2a: Swampert
|-status|p2a: Swampert|brn
|move|p2a: Swampert|Earthquake|p1a: Jellicent
|-damage|p1a: Jellicent|178\/404 brn
|
|-damage|p1a: Jellicent|128\/404 brn|[from] brn
|-damage|p2a: Swampert|35\/401 brn|[from] brn
|turn|32
|
|move|p1a: Jellicent|Recover|p1a: Jellicent
|-heal|p1a: Jellicent|330\/404 brn
|move|p2a: Swampert|Earthquake|p1a: Jellicent
|-damage|p1a: Jellicent|246\/404 brn
|-start|p2a: Swampert|Disable|Earthquake
|
|-damage|p1a: Jellicent|196\/404 brn|[from] brn
|-damage|p2a: Swampert|0 fnt|[from] brn
|faint|p2a: Swampert
|
|switch|p2a: Chandelure|Chandelure, M|230\/262
|turn|33
|
|switch|p1a: Porygon-Z|Porygon-Z|311\/311
|move|p2a: Chandelure|Energy Ball|p1a: Porygon-Z
|-damage|p1a: Porygon-Z|89\/311
|
|turn|34
|
|switch|p2a: Abomasnow|Abomasnow-Mega, M|225\/323
|-weather|Hail
|move|p1a: Porygon-Z|Thunder Wave|p2a: Abomasnow
|-status|p2a: Abomasnow|par
|
|-weather|Hail|[upkeep]
|-damage|p1a: Porygon-Z|70\/311|[from] hail
|turn|35
|
|move|p2a: Abomasnow|Ice Shard|p1a: Porygon-Z
|-damage|p1a: Porygon-Z|0 fnt
|faint|p1a: Porygon-Z
|
|-weather|Hail|[upkeep]
|
|switch|p1a: Jellicent|Jellicent, M|196\/404 brn
|turn|36
|c|âAdamantSlowbro|gg man
|
|move|p1a: Jellicent|Recover|p1a: Jellicent
|-heal|p1a: Jellicent|398\/404 brn
|move|p2a: Abomasnow|Energy Ball|p1a: Jellicent
|-supereffective|p1a: Jellicent
|-damage|p1a: Jellicent|146\/404 brn
|
|-weather|Hail|[upkeep]
|-damage|p1a: Jellicent|121\/404 brn|[from] hail
|-damage|p1a: Jellicent|71\/404 brn|[from] brn
|turn|37
|c|âdestinyhero96|gg
|
|move|p1a: Jellicent|Recover|p1a: Jellicent
|-heal|p1a: Jellicent|273\/404 brn
|move|p2a: Abomasnow|Energy Ball|p1a: Jellicent
|-supereffective|p1a: Jellicent
|-damage|p1a: Jellicent|19\/404 brn
|
|-weather|Hail|[upkeep]
|-damage|p1a: Jellicent|0 fnt|[from] hail
|faint|p1a: Jellicent
|
|win|AdamantSlowbro
|raw|Ladder updating...
|raw|destinyhero96's rating: 1386 &rarr; <strong>1360<\/strong><br \/>(-26 for losing)
|raw|AdamantSlowbro's rating: 1278 &rarr; <strong>1311<\/strong><br \/>(+33 for winning)
|leave|destinyhero96
|player|p1