|join|pokemonisfun
|join|destinyhero96
|player|p1|pokemonisfun|184
|player|p2|destinyhero96|169
|gametype|singles
|gen|6
|tier|UU
|rated
|rule|Sleep Clause Mod: Limit one foe put to sleep
|rule|Species Clause: Limit one of each PokÃ©mon
|rule|OHKO Clause: OHKO moves are banned
|rule|Moody Clause: Moody is banned
|rule|Evasion Moves Clause: Evasion moves are banned
|rule|Endless Battle Clause: Forcing endless battles is banned
|rule|HP Percentage Mod: HP is shown in percentages
|clearpoke
|poke|p1|Blissey, F
|poke|p1|Swampert, F
|poke|p1|Granbull, M
|poke|p1|Alomomola, F
|poke|p1|Crobat, M
|poke|p1|Celebi
|poke|p2|Donphan, F
|poke|p2|Medicham, M
|poke|p2|Vaporeon, M
|poke|p2|Umbreon, F
|poke|p2|Porygon-Z
|poke|p2|Crobat, F
|rule|Swagger Clause: Swagger is banned
|rule|Baton Pass Clause: Limit one PokÃ©mon knowing Baton Pass
|teampreview
|join|kingt9722
|
|start
|switch|p1a: bubblsy bubbles|Swampert, F|404\/404
|switch|p2a: Porygon-Z|Porygon-Z|311\/311
|turn|1
|
|detailschange|p1a: bubblsy bubbles|Swampert-Mega, F
|-mega|p1a: bubblsy bubbles|Swampert|Swampertite
|move|p2a: Porygon-Z|Tri Attack|p1a: bubblsy bubbles
|-damage|p1a: bubblsy bubbles|200\/404
|move|p1a: bubblsy bubbles|Earthquake|p2a: Porygon-Z
|-damage|p2a: Porygon-Z|100\/311
|
|turn|2
|
|switch|p2a: Donphan|Donphan, F|321\/321
|switch|p1a: Mega Chansey|Blissey, F|651\/651
|
|turn|3
|
|switch|p1a: onion fairy god|Celebi|401\/401
|move|p2a: Donphan|Knock Off|p1a: onion fairy god
|-supereffective|p1a: onion fairy god
|-damage|p1a: onion fairy god|223\/401
|-enditem|p1a: onion fairy god|Leftovers|[from] move: Knock Off|[of] p2a: Donphan
|
|turn|4
|
|move|p1a: onion fairy god|Recover|p1a: onion fairy god
|-heal|p1a: onion fairy god|401\/401
|move|p2a: Donphan|Gunk Shot|p1a: onion fairy god|[miss]
|-miss|p2a: Donphan|p1a: onion fairy god
|
|turn|5
|
|move|p1a: onion fairy god|Giga Drain|p2a: Donphan
|-crit|p2a: Donphan
|-supereffective|p2a: Donphan
|-damage|p2a: Donphan|127\/321
|move|p2a: Donphan|Knock Off|p1a: onion fairy god
|-supereffective|p1a: onion fairy god
|-damage|p1a: onion fairy god|291\/401
|
|turn|6
|
|switch|p2a: Umbreon|Umbreon, F|394\/394
|move|p1a: onion fairy god|Giga Drain|p2a: Umbreon
|-damage|p2a: Umbreon|316\/394
|-heal|p1a: onion fairy god|330\/401|[from] drain|[of] p2a: Umbreon
|
|-heal|p2a: Umbreon|340\/394|[from] item: Leftovers
|turn|7
|
|move|p1a: onion fairy god|Stealth Rock|p2a: Umbreon
|-sidestart|p2: destinyhero96|move: Stealth Rock
|move|p2a: Umbreon|Wish|p2a: Umbreon
|
|-heal|p2a: Umbreon|364\/394|[from] item: Leftovers
|turn|8
|
|switch|p2a: Crobat|Crobat, F|331\/331
|-damage|p2a: Crobat|249\/331|[from] Stealth Rock
|move|p1a: onion fairy god|Giga Drain|p2a: Crobat
|-resisted|p2a: Crobat
|-damage|p2a: Crobat|221\/331
|-heal|p1a: onion fairy god|344\/401|[from] drain|[of] p2a: Crobat
|
|-heal|p2a: Crobat|331\/331|[from] move: Wish|[wisher] Umbreon
|turn|9
|
|switch|p1a: swimmy swim|Alomomola, F|471\/471
|move|p2a: Crobat|Defog|p1a: swimmy swim
|-unboost|p1a: swimmy swim|evasion|1
|-sideend|p2: destinyhero96|Stealth Rock|[from] move: Defog|[of] p2a: Crobat
|
|turn|10
|
|switch|p2a: Vaporeon|Vaporeon, M|463\/463
|move|p1a: swimmy swim|Wish|p1a: swimmy swim
|
|turn|11
|
|switch|p1a: bubblsy bubbles|Swampert-Mega, F|200\/404
|move|p2a: Vaporeon|Wish|p2a: Vaporeon
|
|-heal|p1a: bubblsy bubbles|404\/404|[from] move: Wish|[wisher] swimmy swim
|turn|12
|
|move|p1a: bubblsy bubbles|Scald|p2a: Vaporeon
|-immune|p2a: Vaporeon|[msg]
|move|p2a: Vaporeon|Scald|p1a: bubblsy bubbles
|-damage|p1a: bubblsy bubbles|329\/404
|
|turn|13
|
|switch|p1a: onion fairy god|Celebi|344\/401
|move|p2a: Vaporeon|Wish|p2a: Vaporeon
|
|turn|14
|
|move|p1a: onion fairy god|Giga Drain|p2a: Vaporeon
|-supereffective|p2a: Vaporeon
|-damage|p2a: Vaporeon|293\/463
|-heal|p1a: onion fairy god|401\/401|[from] drain|[of] p2a: Vaporeon
|move|p2a: Vaporeon|Baton Pass|p2a: Vaporeon
|
|switch|p2a: Porygon-Z|Porygon-Z|100\/311
|
|-heal|p2a: Porygon-Z|311\/311|[from] move: Wish|[wisher] Vaporeon
|turn|15
|
|switch|p1a: Mega Chansey|Blissey, F|651\/651
|move|p2a: Porygon-Z|Trick|p1a: Mega Chansey
|-activate|p2a: Porygon-Z|move: Trick|[of] p1a: Mega Chansey
|-item|p1a: Mega Chansey|Choice Specs|[from] move: Trick
|-item|p2a: Porygon-Z|Leftovers|[from] move: Trick
|
|turn|16
|
|move|p2a: Porygon-Z|Tri Attack|p1a: Mega Chansey
|-damage|p1a: Mega Chansey|517\/651
|move|p1a: Mega Chansey|Seismic Toss|p2a: Porygon-Z
|-damage|p2a: Porygon-Z|211\/311
|
|-heal|p2a: Porygon-Z|230\/311|[from] item: Leftovers
|turn|17
|
|switch|p2a: Vaporeon|Vaporeon, M|293\/463
|move|p1a: Mega Chansey|Seismic Toss|p2a: Vaporeon
|-damage|p2a: Vaporeon|193\/463
|
|-heal|p2a: Vaporeon|221\/463|[from] item: Leftovers
|turn|18
|
|switch|p1a: onion fairy god|Celebi|401\/401
|move|p2a: Vaporeon|Wish|p2a: Vaporeon
|
|-heal|p2a: Vaporeon|249\/463|[from] item: Leftovers
|turn|19
|
|move|p1a: onion fairy god|Stealth Rock|p2a: Vaporeon
|-sidestart|p2: destinyhero96|move: Stealth Rock
|move|p2a: Vaporeon|Baton Pass|p2a: Vaporeon
|
|switch|p2a: Porygon-Z|Porygon-Z|230\/311
|-damage|p2a: Porygon-Z|192\/311|[from] Stealth Rock
|
|-heal|p2a: Porygon-Z|311\/311|[from] move: Wish|[wisher] Vaporeon
|turn|20
|
|switch|p1a: Mega Chansey|Blissey, F|517\/651
|move|p2a: Porygon-Z|Nasty Plot|p2a: Porygon-Z
|-boost|p2a: Porygon-Z|spa|2
|
|turn|21
|
|move|p2a: Porygon-Z|Nasty Plot|p2a: Porygon-Z
|-boost|p2a: Porygon-Z|spa|2
|move|p1a: Mega Chansey|Toxic|p2a: Porygon-Z
|-status|p2a: Porygon-Z|tox
|
|-damage|p2a: Porygon-Z|292\/311 tox|[from] psn
|turn|22
|c|âpokemonisfun|now use refresh
|
|move|p2a: Porygon-Z|Trick|p1a: Mega Chansey
|-activate|p2a: Porygon-Z|move: Trick|[of] p1a: Mega Chansey
|-item|p1a: Mega Chansey|Leftovers|[from] move: Trick
|-item|p2a: Porygon-Z|Choice Specs|[from] move: Trick
|move|p1a: Mega Chansey|Toxic|p2a: Porygon-Z
|-fail|p2a: Porygon-Z|tox
|
|-heal|p1a: Mega Chansey|557\/651|[from] item: Leftovers
|-damage|p2a: Porygon-Z|254\/311 tox|[from] psn
|turn|23
|c|âdestinyhero96|misclicked
|c|âpokemonisfun|you know that wasnt terribly terribly bad
|c|âdestinyhero96|luckiest misclick for u ever
|c|âdestinyhero96|i know now that im specs +4
|c|âdestinyhero96|ur definitely 2hko'd
|c|âpokemonisfun|pretty sure its a one hit
|c|âdestinyhero96|okay im bad at math
|c|âpokemonisfun|if +0 no specs did 20%
|c|âpokemonisfun|+4 should do three times that
|c|âpokemonisfun|60
|c|âpokemonisfun|and the specs does 1.5
|c|âdestinyhero96|im pretty sure porygon-z kills everything on ur team
|c|âpokemonisfun|so thats about 90
|
|switch|p1a: bubblsy bubbles|Swampert-Mega, F|329\/404
|move|p2a: Porygon-Z|Tri Attack|p1a: bubblsy bubbles
|-damage|p1a: bubblsy bubbles|0 fnt
|faint|p1a: bubblsy bubbles
|
|-damage|p2a: Porygon-Z|197\/311 tox|[from] psn
|
|switch|p1a: batsy watzy|Crobat, M|373\/373
|turn|24
|
|switch|p2a: Umbreon|Umbreon, F|364\/394
|-damage|p2a: Umbreon|315\/394|[from] Stealth Rock
|move|p1a: batsy watzy|Brave Bird|p2a: Umbreon
|-damage|p2a: Umbreon|224\/394
|-damage|p1a: batsy watzy|343\/373|[from] recoil|[of] p2a: Umbreon
|
|-heal|p1a: batsy watzy|366\/373|[from] item: Black Sludge
|-heal|p2a: Umbreon|248\/394|[from] item: Leftovers
|turn|25
|
|switch|p1a: woofy woof woof|Granbull, M|384\/384
|-ability|p1a: woofy woof woof|Intimidate|[of] p2a: Umbreon
|-unboost|p2a: Umbreon|atk|1
|move|p2a: Umbreon|Wish|p2a: Umbreon
|
|-heal|p2a: Umbreon|272\/394|[from] item: Leftovers
|turn|26
|c|âdestinyhero96|roar
|
|move|p2a: Umbreon|Protect|p2a: Umbreon
|-singleturn|p2a: Umbreon|Protect
|move|p1a: woofy woof woof|Roar|p2a: Umbreon
|drag|p2a: Porygon-Z|Porygon-Z|197\/311 tox
|-damage|p2a: Porygon-Z|159\/311 tox|[from] Stealth Rock
|
|-heal|p2a: Porygon-Z|311\/311 tox|[from] move: Wish|[wisher] Umbreon
|-damage|p2a: Porygon-Z|292\/311 tox|[from] psn
|turn|27
|
|switch|p1a: swimmy swim|Alomomola, F|471\/471
|move|p2a: Porygon-Z|Tri Attack|p1a: swimmy swim
|-crit|p1a: swimmy swim
|-damage|p1a: swimmy swim|0 fnt
|faint|p1a: swimmy swim
|
|-damage|p2a: Porygon-Z|254\/311 tox|[from] psn
|
|switch|p1a: Mega Chansey|Blissey, F|557\/651
|turn|28
|
|switch|p2a: Crobat|Crobat, F|331\/331
|-damage|p2a: Crobat|249\/331|[from] Stealth Rock
|move|p1a: Mega Chansey|Seismic Toss|p2a: Crobat
|-damage|p2a: Crobat|149\/331
|
|-heal|p2a: Crobat|169\/331|[from] item: Black Sludge
|-heal|p1a: Mega Chansey|597\/651|[from] item: Leftovers
|turn|29
|c|âdestinyhero96|im so glad i have two of the most wall-breaking mons in uu
|
|move|p2a: Crobat|Defog|p1a: Mega Chansey
|-unboost|p1a: Mega Chansey|evasion|1
|-sideend|p2: destinyhero96|Stealth Rock|[from] move: Defog|[of] p2a: Crobat
|move|p1a: Mega Chansey|Seismic Toss|p2a: Crobat
|-damage|p2a: Crobat|69\/331
|
|-heal|p2a: Crobat|89\/331|[from] item: Black Sludge
|-heal|p1a: Mega Chansey|637\/651|[from] item: Leftovers
|turn|30
|c|âpokemonisfun|im not lol
|
|switch|p1a: batsy watzy|Crobat, M|366\/373
|move|p2a: Crobat|Roost|p2a: Crobat
|-heal|p2a: Crobat|255\/331
|
|-heal|p1a: batsy watzy|373\/373|[from] item: Black Sludge
|-heal|p2a: Crobat|275\/331|[from] item: Black Sludge
|turn|31
|
|move|p1a: batsy watzy|Brave Bird|p2a: Crobat
|-damage|p2a: Crobat|152\/331
|-damage|p1a: batsy watzy|332\/373|[from] recoil|[of] p2a: Crobat
|move|p2a: Crobat|Brave Bird|p1a: batsy watzy
|-damage|p1a: batsy watzy|167\/373
|-damage|p2a: Crobat|98\/331|[from] recoil|[of] p1a: batsy watzy
|
|-heal|p1a: batsy watzy|190\/373|[from] item: Black Sludge
|-heal|p2a: Crobat|118\/331|[from] item: Black Sludge
|turn|32
|
|switch|p2a: Umbreon|Umbreon, F|272\/394
|move|p1a: batsy watzy|Brave Bird|p2a: Umbreon
|-damage|p2a: Umbreon|175\/394
|-damage|p1a: batsy watzy|158\/373|[from] recoil|[of] p2a: Umbreon
|
|-heal|p1a: batsy watzy|181\/373|[from] item: Black Sludge
|-heal|p2a: Umbreon|199\/394|[from] item: Leftovers
|turn|33
|
|switch|p1a: woofy woof woof|Granbull, M|384\/384
|-ability|p1a: woofy woof woof|Intimidate|[of] p2a: Umbreon
|-unboost|p2a: Umbreon|atk|1
|move|p2a: Umbreon|Wish|p2a: Umbreon
|
|-heal|p2a: Umbreon|223\/394|[from] item: Leftovers
|turn|34
|
|switch|p2a: Vaporeon|Vaporeon, M|249\/463
|move|p1a: woofy woof woof|Play Rough|p2a: Vaporeon|[miss]
|-miss|p1a: woofy woof woof|p2a: Vaporeon
|
|-heal|p2a: Vaporeon|446\/463|[from] move: Wish|[wisher] Umbreon
|-heal|p2a: Vaporeon|463\/463|[from] item: Leftovers
|turn|35
|
|switch|p1a: onion fairy god|Celebi|401\/401
|move|p2a: Vaporeon|Wish|p2a: Vaporeon
|
|turn|36
|
|move|p1a: onion fairy god|Stealth Rock|p2a: Vaporeon
|-sidestart|p2: destinyhero96|move: Stealth Rock
|move|p2a: Vaporeon|Baton Pass|p2a: Vaporeon
|
|switch|p2a: Porygon-Z|Porygon-Z|254\/311 tox
|-damage|p2a: Porygon-Z|216\/311 tox|[from] Stealth Rock
|
|-heal|p2a: Porygon-Z|311\/311 tox|[from] move: Wish|[wisher] Vaporeon
|-damage|p2a: Porygon-Z|292\/311 tox|[from] psn
|turn|37
|
|move|p2a: Porygon-Z|Trick|p1a: onion fairy god
|-activate|p2a: Porygon-Z|move: Trick|[of] p1a: onion fairy god
|-item|p1a: onion fairy god|Choice Specs|[from] move: Trick
|move|p1a: onion fairy god|Giga Drain|p2a: Porygon-Z
|-damage|p2a: Porygon-Z|118\/311 tox
|
|-damage|p2a: Porygon-Z|80\/311 tox|[from] psn
|turn|38
|
|switch|p2a: Donphan|Donphan, F|127\/321
|-damage|p2a: Donphan|107\/321|[from] Stealth Rock
|switch|p1a: Mega Chansey|Blissey, F|637\/651
|
|-heal|p1a: Mega Chansey|651\/651|[from] item: Leftovers
|turn|39
|
|switch|p1a: onion fairy god|Celebi|401\/401
|switch|p2a: Vaporeon|Vaporeon, M|463\/463
|-damage|p2a: Vaporeon|406\/463|[from] Stealth Rock
|
|-heal|p2a: Vaporeon|434\/463|[from] item: Leftovers
|turn|40
|
|switch|p2a: Donphan|Donphan, F|107\/321
|-damage|p2a: Donphan|87\/321|[from] Stealth Rock
|move|p1a: onion fairy god|Giga Drain|p2a: Donphan
|-supereffective|p2a: Donphan
|-damage|p2a: Donphan|0 fnt
|faint|p2a: Donphan
|
|
|switch|p2a: Crobat|Crobat, F|118\/331
|-damage|p2a: Crobat|36\/331|[from] Stealth Rock
|turn|41
|
|switch|p1a: batsy watzy|Crobat, M|181\/373
|move|p2a: Crobat|Roost|p2a: Crobat
|-heal|p2a: Crobat|202\/331
|
|-heal|p1a: batsy watzy|204\/373|[from] item: Black Sludge
|-heal|p2a: Crobat|222\/331|[from] item: Black Sludge
|turn|42
|
|move|p1a: batsy watzy|Brave Bird|p2a: Crobat
|-damage|p2a: Crobat|93\/331
|-damage|p1a: batsy watzy|161\/373|[from] recoil|[of] p2a: Crobat
|move|p2a: Crobat|Defog|p1a: batsy watzy
|-unboost|p1a: batsy watzy|evasion|1
|-sideend|p2: destinyhero96|Stealth Rock|[from] move: Defog|[of] p2a: Crobat
|
|-heal|p1a: batsy watzy|184\/373|[from] item: Black Sludge
|-heal|p2a: Crobat|113\/331|[from] item: Black Sludge
|turn|43
|
|switch|p2a: Vaporeon|Vaporeon, M|434\/463
|move|p1a: batsy watzy|Brave Bird|p2a: Vaporeon
|-damage|p2a: Vaporeon|316\/463
|-damage|p1a: batsy watzy|145\/373|[from] recoil|[of] p2a: Vaporeon
|
|-heal|p1a: batsy watzy|168\/373|[from] item: Black Sludge
|-heal|p2a: Vaporeon|344\/463|[from] item: Leftovers
|turn|44
|
|move|p1a: batsy watzy|Roost|p1a: batsy watzy
|-heal|p1a: batsy watzy|355\/373
|move|p2a: Vaporeon|Baton Pass|p2a: Vaporeon
|
|switch|p2a: Umbreon|Umbreon, F|223\/394
|
|-heal|p1a: batsy watzy|373\/373|[from] item: Black Sludge
|-heal|p2a: Umbreon|247\/394|[from] item: Leftovers
|turn|45
|
|switch|p1a: Mega Chansey|Blissey, F|651\/651
|move|p2a: Umbreon|Wish|p2a: Umbreon
|
|-heal|p2a: Umbreon|271\/394|[from] item: Leftovers
|turn|46
|
|switch|p2a: Vaporeon|Vaporeon, M|344\/463
|move|p1a: Mega Chansey|Seismic Toss|p2a: Vaporeon
|-damage|p2a: Vaporeon|244\/463
|
|-heal|p2a: Vaporeon|441\/463|[from] move: Wish|[wisher] Umbreon
|-heal|p2a: Vaporeon|463\/463|[from] item: Leftovers
|turn|47
|
|switch|p2a: Crobat|Crobat, F|113\/331
|move|p1a: Mega Chansey|Seismic Toss|p2a: Crobat
|-damage|p2a: Crobat|13\/331
|
|-heal|p2a: Crobat|33\/331|[from] item: Black Sludge
|turn|48
|
|switch|p1a: batsy watzy|Crobat, M|373\/373
|move|p2a: Crobat|Roost|p2a: Crobat
|-heal|p2a: Crobat|199\/331
|
|-heal|p2a: Crobat|219\/331|[from] item: Black Sludge
|turn|49
|
|move|p1a: batsy watzy|Brave Bird|p2a: Crobat
|-damage|p2a: Crobat|90\/331
|-damage|p1a: batsy watzy|330\/373|[from] recoil|[of] p2a: Crobat
|move|p2a: Crobat|Roost|p2a: Crobat
|-heal|p2a: Crobat|256\/331
|
|-heal|p1a: batsy watzy|353\/373|[from] item: Black Sludge
|-heal|p2a: Crobat|276\/331|[from] item: Black Sludge
|turn|50
|
|switch|p2a: Vaporeon|Vaporeon, M|463\/463
|move|p1a: batsy watzy|Brave Bird|p2a: Vaporeon
|-damage|p2a: Vaporeon|327\/463
|-damage|p1a: batsy watzy|308\/373|[from] recoil|[of] p2a: Vaporeon
|
|-heal|p1a: batsy watzy|331\/373|[from] item: Black Sludge
|-heal|p2a: Vaporeon|355\/463|[from] item: Leftovers
|turn|51
|
|switch|p1a: onion fairy god|Celebi|401\/401
|move|p2a: Vaporeon|Scald|p1a: onion fairy god
|-resisted|p1a: onion fairy god
|-damage|p1a: onion fairy god|350\/401
|-status|p1a: onion fairy god|brn
|
|-heal|p2a: Vaporeon|383\/463|[from] item: Leftovers
|-damage|p1a: onion fairy god|300\/401 brn|[from] brn
|turn|52
|
|switch|p2a: Crobat|Crobat, F|276\/331
|move|p1a: onion fairy god|Stealth Rock|p2a: Crobat
|-sidestart|p2: destinyhero96|move: Stealth Rock
|
|-heal|p2a: Crobat|296\/331|[from] item: Black Sludge
|-damage|p1a: onion fairy god|250\/401 brn|[from] brn
|turn|53
|
|switch|p1a: batsy watzy|Crobat, M|331\/373
|move|p2a: Crobat|Defog|p1a: batsy watzy
|-unboost|p1a: batsy watzy|evasion|1
|-sideend|p2: destinyhero96|Stealth Rock|[from] move: Defog|[of] p2a: Crobat
|
|-heal|p1a: batsy watzy|354\/373|[from] item: Black Sludge
|-heal|p2a: Crobat|316\/331|[from] item: Black Sludge
|turn|54
|
|switch|p2a: Umbreon|Umbreon, F|271\/394
|move|p1a: batsy watzy|Brave Bird|p2a: Umbreon
|-damage|p2a: Umbreon|177\/394
|-damage|p1a: batsy watzy|323\/373|[from] recoil|[of] p2a: Umbreon
|
|-heal|p1a: batsy watzy|346\/373|[from] item: Black Sludge
|-heal|p2a: Umbreon|201\/394|[from] item: Leftovers
|turn|55
|
|switch|p1a: Mega Chansey|Blissey, F|651\/651
|move|p2a: Umbreon|Wish|p2a: Umbreon
|
|-heal|p2a: Umbreon|225\/394|[from] item: Leftovers
|turn|56
|
|move|p2a: Umbreon|Heal Bell|p2a: Umbreon
|-cureteam|p2a: Umbreon|[from] move: HealBell
|move|p1a: Mega Chansey|Toxic|p2a: Umbreon
|-status|p2a: Umbreon|tox
|-status|p1a: Mega Chansey|tox
|
|-heal|p2a: Umbreon|394\/394 tox|[from] move: Wish|[wisher] Umbreon
|-damage|p2a: Umbreon|370\/394 tox|[from] psn
|-damage|p1a: Mega Chansey|611\/651 tox|[from] psn
|turn|57
|
|switch|p2a: Vaporeon|Vaporeon, M|383\/463
|switch|p1a: onion fairy god|Celebi|250\/401
|
|-heal|p2a: Vaporeon|411\/463|[from] item: Leftovers
|turn|58
|join|Tipsy Russian
|
|move|p1a: onion fairy god|Stealth Rock|p2a: Vaporeon
|-sidestart|p2: destinyhero96|move: Stealth Rock
|move|p2a: Vaporeon|Wish|p2a: Vaporeon
|
|-heal|p2a: Vaporeon|439\/463|[from] item: Leftovers
|turn|59
|
|switch|p1a: Mega Chansey|Blissey, F|611\/651
|move|p2a: Vaporeon|Baton Pass|p2a: Vaporeon
|
|switch|p2a: Porygon-Z|Porygon-Z|80\/311
|-damage|p2a: Porygon-Z|42\/311|[from] Stealth Rock
|
|-heal|p2a: Porygon-Z|273\/311|[from] move: Wish|[wisher] Vaporeon
|-heal|p1a: Mega Chansey|651\/651|[from] item: Leftovers
|turn|60
|
|switch|p1a: batsy watzy|Crobat, M|346\/373
|move|p2a: Porygon-Z|Trick|p1a: batsy watzy
|-activate|p2a: Porygon-Z|move: Trick|[of] p1a: batsy watzy
|-item|p2a: Porygon-Z|Black Sludge|[from] move: Trick
|
|-damage|p2a: Porygon-Z|235\/311|[from] item: Black Sludge
|turn|61
|join|DatLatias
|c| DatLatias|found you senps
|
|switch|p2a: Vaporeon|Vaporeon, M|439\/463
|-damage|p2a: Vaporeon|382\/463|[from] Stealth Rock
|move|p1a: batsy watzy|Brave Bird|p2a: Vaporeon
|-damage|p2a: Vaporeon|246\/463
|-damage|p1a: batsy watzy|301\/373|[from] recoil|[of] p2a: Vaporeon
|
|-heal|p2a: Vaporeon|274\/463|[from] item: Leftovers
|turn|62
|c|âpokemonisfun|hi there
|
|switch|p1a: Mega Chansey|Blissey, F|651\/651
|move|p2a: Vaporeon|Wish|p2a: Vaporeon
|
|-heal|p2a: Vaporeon|302\/463|[from] item: Leftovers
|turn|63
|
|switch|p2a: Crobat|Crobat, F|316\/331
|-damage|p2a: Crobat|234\/331|[from] Stealth Rock
|move|p1a: Mega Chansey|Seismic Toss|p2a: Crobat
|-damage|p2a: Crobat|134\/331
|
|-heal|p2a: Crobat|331\/331|[from] move: Wish|[wisher] Vaporeon
|turn|64
|
|move|p2a: Crobat|Defog|p1a: Mega Chansey
|-unboost|p1a: Mega Chansey|evasion|1
|-sideend|p2: destinyhero96|Stealth Rock|[from] move: Defog|[of] p2a: Crobat
|move|p1a: Mega Chansey|Seismic Toss|p2a: Crobat
|-damage|p2a: Crobat|231\/331
|
|-heal|p2a: Crobat|251\/331|[from] item: Black Sludge
|turn|65
|leave|kingt9722
|
|move|p2a: Crobat|Brave Bird|p1a: Mega Chansey
|-damage|p1a: Mega Chansey|398\/651
|-damage|p2a: Crobat|168\/331|[from] recoil|[of] p1a: Mega Chansey
|move|p1a: Mega Chansey|Seismic Toss|p2a: Crobat
|-damage|p2a: Crobat|68\/331
|
|-heal|p2a: Crobat|88\/331|[from] item: Black Sludge
|-heal|p1a: Mega Chansey|438\/651|[from] item: Leftovers
|turn|66
|
|move|p2a: Crobat|Roost|p2a: Crobat
|-heal|p2a: Crobat|254\/331
|move|p1a: Mega Chansey|Soft-Boiled|p1a: Mega Chansey
|-heal|p1a: Mega Chansey|651\/651
|
|-heal|p2a: Crobat|274\/331|[from] item: Black Sludge
|turn|67
|
|switch|p2a: Porygon-Z|Porygon-Z|235\/311
|move|p1a: Mega Chansey|Seismic Toss|p2a: Porygon-Z
|-damage|p2a: Porygon-Z|135\/311
|
|-damage|p2a: Porygon-Z|97\/311|[from] item: Black Sludge
|turn|68
|
|switch|p2a: Vaporeon|Vaporeon, M|302\/463
|move|p1a: Mega Chansey|Seismic Toss|p2a: Vaporeon
|-damage|p2a: Vaporeon|202\/463
|
|-heal|p2a: Vaporeon|230\/463|[from] item: Leftovers
|turn|69
|
|switch|p1a: onion fairy god|Celebi|250\/401
|move|p2a: Vaporeon|Wish|p2a: Vaporeon
|
|-heal|p2a: Vaporeon|258\/463|[from] item: Leftovers
|turn|70
|
|move|p2a: Vaporeon|Protect|p2a: Vaporeon
|-singleturn|p2a: Vaporeon|Protect
|move|p1a: onion fairy god|Giga Drain|p2a: Vaporeon
|-activate|p2a: Vaporeon|Protect
|
|-heal|p2a: Vaporeon|463\/463|[from] move: Wish|[wisher] Vaporeon
|turn|71
|
|move|p1a: onion fairy god|Giga Drain|p2a: Vaporeon
|-supereffective|p2a: Vaporeon
|-damage|p2a: Vaporeon|181\/463
|-heal|p1a: onion fairy god|391\/401|[from] drain|[of] p2a: Vaporeon
|move|p2a: Vaporeon|Wish|p2a: Vaporeon
|
|-heal|p2a: Vaporeon|209\/463|[from] item: Leftovers
|turn|72
|
|switch|p1a: Mega Chansey|Blissey, F|651\/651
|move|p2a: Vaporeon|Protect|p2a: Vaporeon
|-fail|p2a: Vaporeon
|
|-heal|p2a: Vaporeon|440\/463|[from] move: Wish|[wisher] Vaporeon
|-heal|p2a: Vaporeon|463\/463|[from] item: Leftovers
|turn|73
|join|THEiTodd
|
|move|p1a: Mega Chansey|Toxic|p2a: Vaporeon
|-status|p2a: Vaporeon|tox
|move|p2a: Vaporeon|Wish|p2a: Vaporeon
|
|-damage|p2a: Vaporeon|435\/463 tox|[from] psn
|turn|74
|join|Demxer
|
|move|p1a: Mega Chansey|Seismic Toss|p2a: Vaporeon
|-damage|p2a: Vaporeon|335\/463 tox
|move|p2a: Vaporeon|Baton Pass|p2a: Vaporeon
|
|switch|p2a: Porygon-Z|Porygon-Z|97\/311
|
|-heal|p2a: Porygon-Z|311\/311|[from] move: Wish|[wisher] Vaporeon
|-damage|p2a: Porygon-Z|273\/311|[from] item: Black Sludge
|turn|75
|
|switch|p1a: batsy watzy|Crobat, M|301\/373
|move|p2a: Porygon-Z|Tri Attack|p1a: batsy watzy
|-damage|p1a: batsy watzy|69\/373
|
|-damage|p2a: Porygon-Z|235\/311|[from] item: Black Sludge
|turn|76
|
|move|p1a: batsy watzy|Roost|p1a: batsy watzy
|-heal|p1a: batsy watzy|256\/373
|move|p2a: Porygon-Z|Tri Attack|p1a: batsy watzy
|-damage|p1a: batsy watzy|24\/373
|
|-damage|p2a: Porygon-Z|197\/311|[from] item: Black Sludge
|turn|77
|
|switch|p2a: Vaporeon|Vaporeon, M|335\/463 tox
|move|p1a: batsy watzy|Roost|p1a: batsy watzy
|-heal|p1a: batsy watzy|211\/373
|
|-heal|p2a: Vaporeon|363\/463 tox|[from] item: Leftovers
|-damage|p2a: Vaporeon|335\/463 tox|[from] psn
|turn|78
|leave|Demxer
|
|switch|p1a: onion fairy god|Celebi|391\/401
|move|p2a: Vaporeon|Baton Pass|p2a: Vaporeon
|
|switch|p2a: Crobat|Crobat, F|274\/331
|
|-heal|p2a: Crobat|294\/331|[from] item: Black Sludge
|turn|79
|
|switch|p1a: woofy woof woof|Granbull, M|384\/384
|-ability|p1a: woofy woof woof|Intimidate|[of] p2a: Crobat
|-unboost|p2a: Crobat|atk|1
|move|p2a: Crobat|Brave Bird|p1a: woofy woof woof
|-damage|p1a: woofy woof woof|314\/384
|-damage|p2a: Crobat|271\/331|[from] recoil|[of] p1a: woofy woof woof
|
|-heal|p2a: Crobat|291\/331|[from] item: Black Sludge
|-heal|p1a: woofy woof woof|338\/384|[from] item: Leftovers
|turn|80
|
|switch|p1a: onion fairy god|Celebi|391\/401
|move|p2a: Crobat|Haze|p2a: Crobat
|-clearallboost
|
|-heal|p2a: Crobat|311\/331|[from] item: Black Sludge
|turn|81
|
|switch|p1a: woofy woof woof|Granbull, M|338\/384
|-ability|p1a: woofy woof woof|Intimidate|[of] p2a: Crobat
|-unboost|p2a: Crobat|atk|1
|move|p2a: Crobat|Brave Bird|p1a: woofy woof woof
|-damage|p1a: woofy woof woof|262\/384
|-damage|p2a: Crobat|286\/331|[from] recoil|[of] p1a: woofy woof woof
|
|-heal|p2a: Crobat|306\/331|[from] item: Black Sludge
|-heal|p1a: woofy woof woof|286\/384|[from] item: Leftovers
|turn|82
|
|switch|p1a: Mega Chansey|Blissey, F|651\/651
|move|p2a: Crobat|Haze|p2a: Crobat
|-clearallboost
|
|-heal|p2a: Crobat|326\/331|[from] item: Black Sludge
|turn|83
|
|switch|p2a: Medicham|Medicham, M|261\/261
|move|p1a: Mega Chansey|Seismic Toss|p2a: Medicham
|-damage|p2a: Medicham|161\/261
|
|turn|84
|
|switch|p1a: woofy woof woof|Granbull, M|286\/384
|-ability|p1a: woofy woof woof|Intimidate|[of] p2a: Medicham
|-unboost|p2a: Medicham|atk|1
|detailschange|p2a: Medicham|Medicham-Mega, M
|-mega|p2a: Medicham|Medicham|Medichamite
|move|p2a: Medicham|Zen Headbutt|p1a: woofy woof woof
|-damage|p1a: woofy woof woof|150\/384
|
|-heal|p1a: woofy woof woof|174\/384|[from] item: Leftovers
|turn|85
|
|switch|p2a: Crobat|Crobat, F|326\/331
|move|p1a: woofy woof woof|Rest|p1a: woofy woof woof
|-status|p1a: woofy woof woof|slp
|-heal|p1a: woofy woof woof|384\/384 slp|[silent]
|-status|p1a: woofy woof woof|slp|[from] move: Rest
|
|-heal|p2a: Crobat|331\/331|[from] item: Black Sludge
|turn|86
|
|switch|p2a: Umbreon|Umbreon, F|370\/394 tox
|switch|p1a: Mega Chansey|Blissey, F|651\/651
|
|-heal|p2a: Umbreon|394\/394 tox|[from] item: Leftovers
|-damage|p2a: Umbreon|370\/394 tox|[from] psn
|turn|87
|
|move|p2a: Umbreon|Heal Bell|p2a: Umbreon
|-cureteam|p2a: Umbreon|[from] move: HealBell
|move|p1a: Mega Chansey|Toxic|p2a: Umbreon
|-status|p2a: Umbreon|tox
|-status|p1a: Mega Chansey|tox
|
|-heal|p2a: Umbreon|394\/394 tox|[from] item: Leftovers
|-damage|p2a: Umbreon|370\/394 tox|[from] psn
|-damage|p1a: Mega Chansey|611\/651 tox|[from] psn
|turn|88
|c|âdestinyhero96|i should easily be winning htis
|c|âdestinyhero96|this*
|c|âdestinyhero96|had i not misclicked trick
|c|âdestinyhero96|j
|
|switch|p2a: Vaporeon|Vaporeon, M|335\/463
|move|p1a: Mega Chansey|Heal Bell|p1a: Mega Chansey
|-cureteam|p1a: Mega Chansey|[from] move: HealBell
|
|-heal|p1a: Mega Chansey|651\/651|[from] item: Leftovers
|-heal|p2a: Vaporeon|363\/463|[from] item: Leftovers
|turn|89
|
|switch|p1a: onion fairy god|Celebi|391\/401
|move|p2a: Vaporeon|Baton Pass|p2a: Vaporeon
|
|switch|p2a: Crobat|Crobat, F|331\/331
|
|turn|90
|
|switch|p1a: Mega Chansey|Blissey, F|651\/651
|move|p2a: Crobat|Brave Bird|p1a: Mega Chansey
|-damage|p1a: Mega Chansey|401\/651
|-damage|p2a: Crobat|248\/331|[from] recoil|[of] p1a: Mega Chansey
|
|-heal|p2a: Crobat|268\/331|[from] item: Black Sludge
|-heal|p1a: Mega Chansey|441\/651|[from] item: Leftovers
|turn|91
|
|move|p2a: Crobat|Brave Bird|p1a: Mega Chansey
|-damage|p1a: Mega Chansey|191\/651
|-damage|p2a: Crobat|185\/331|[from] recoil|[of] p1a: Mega Chansey
|move|p1a: Mega Chansey|Soft-Boiled|p1a: Mega Chansey
|-heal|p1a: Mega Chansey|517\/651
|
|-heal|p2a: Crobat|205\/331|[from] item: Black Sludge
|-heal|p1a: Mega Chansey|557\/651|[from] item: Leftovers
|turn|92
|
|move|p2a: Crobat|Brave Bird|p1a: Mega Chansey
|-damage|p1a: Mega Chansey|299\/651
|-damage|p2a: Crobat|120\/331|[from] recoil|[of] p1a: Mega Chansey
|move|p1a: Mega Chansey|Seismic Toss|p2a: Crobat
|-damage|p2a: Crobat|20\/331
|
|-heal|p2a: Crobat|40\/331|[from] item: Black Sludge
|-heal|p1a: Mega Chansey|339\/651|[from] item: Leftovers
|turn|93
|
|move|p2a: Crobat|Roost|p2a: Crobat
|-heal|p2a: Crobat|206\/331
|move|p1a: Mega Chansey|Soft-Boiled|p1a: Mega Chansey
|-heal|p1a: Mega Chansey|651\/651
|
|-heal|p2a: Crobat|226\/331|[from] item: Black Sludge
|turn|94
|
|move|p2a: Crobat|Brave Bird|p1a: Mega Chansey
|-damage|p1a: Mega Chansey|390\/651
|-damage|p2a: Crobat|140\/331|[from] recoil|[of] p1a: Mega Chansey
|move|p1a: Mega Chansey|Seismic Toss|p2a: Crobat
|-damage|p2a: Crobat|40\/331
|
|-heal|p2a: Crobat|60\/331|[from] item: Black Sludge
|-heal|p1a: Mega Chansey|430\/651|[from] item: Leftovers
|turn|95
|
|move|p2a: Crobat|Roost|p2a: Crobat
|-heal|p2a: Crobat|226\/331
|move|p1a: Mega Chansey|Seismic Toss|p2a: Crobat
|-damage|p2a: Crobat|126\/331
|
|-heal|p2a: Crobat|146\/331|[from] item: Black Sludge
|-heal|p1a: Mega Chansey|470\/651|[from] item: Leftovers
|turn|96
|
|move|p2a: Crobat|Roost|p2a: Crobat
|-heal|p2a: Crobat|312\/331
|move|p1a: Mega Chansey|Seismic Toss|p2a: Crobat
|-damage|p2a: Crobat|212\/331
|
|-heal|p2a: Crobat|232\/331|[from] item: Black Sludge
|-heal|p1a: Mega Chansey|510\/651|[from] item: Leftovers
|turn|97
|
|move|p2a: Crobat|Brave Bird|p1a: Mega Chansey
|-damage|p1a: Mega Chansey|257\/651
|-damage|p2a: Crobat|149\/331|[from] recoil|[of] p1a: Mega Chansey
|move|p1a: Mega Chansey|Soft-Boiled|p1a: Mega Chansey
|-heal|p1a: Mega Chansey|583\/651
|
|-heal|p2a: Crobat|169\/331|[from] item: Black Sludge
|-heal|p1a: Mega Chansey|623\/651|[from] item: Leftovers
|turn|98
|
|move|p2a: Crobat|Brave Bird|p1a: Mega Chansey
|-damage|p1a: Mega Chansey|373\/651
|-damage|p2a: Crobat|86\/331|[from] recoil|[of] p1a: Mega Chansey
|move|p1a: Mega Chansey|Seismic Toss|p2a: Crobat
|-damage|p2a: Crobat|0 fnt
|faint|p2a: Crobat
|
|-heal|p1a: Mega Chansey|413\/651|[from] item: Leftovers
|
|switch|p2a: Porygon-Z|Porygon-Z|197\/311
|turn|99
|
|move|p2a: Porygon-Z|Trick|p1a: Mega Chansey
|-activate|p2a: Porygon-Z|move: Trick|[of] p1a: Mega Chansey
|-item|p1a: Mega Chansey|Black Sludge|[from] move: Trick
|-item|p2a: Porygon-Z|Leftovers|[from] move: Trick
|move|p1a: Mega Chansey|Seismic Toss|p2a: Porygon-Z
|-damage|p2a: Porygon-Z|97\/311
|
|-heal|p2a: Porygon-Z|116\/311|[from] item: Leftovers
|-damage|p1a: Mega Chansey|332\/651|[from] item: Black Sludge
|turn|100
|
|switch|p1a: batsy watzy|Crobat, M|211\/373
|move|p2a: Porygon-Z|Tri Attack|p1a: batsy watzy
|-damage|p1a: batsy watzy|0 fnt
|faint|p1a: batsy watzy
|
|-heal|p2a: Porygon-Z|135\/311|[from] item: Leftovers
|
|switch|p1a: onion fairy god|Celebi|391\/401
|turn|101
|
|move|p2a: Porygon-Z|Tri Attack|p1a: onion fairy god
|-damage|p1a: onion fairy god|183\/401
|move|p1a: onion fairy god|Giga Drain|p2a: Porygon-Z
|-damage|p2a: Porygon-Z|0 fnt
|-heal|p1a: onion fairy god|251\/401|[from] drain|[of] p2a: Porygon-Z
|faint|p2a: Porygon-Z
|
|leave|Tipsy Russian
|
|switch|p2a: Medicham|Medicham-Mega, M|161\/261
|turn|102
|
|move|p2a: Medicham|Fake Out|p1a: onion fairy god
|-damage|p1a: onion fairy god|196\/401
|cant|p1a: onion fairy god|flinch
|
|turn|103
|
|switch|p1a: woofy woof woof|Granbull, M|384\/384
|-ability|p1a: woofy woof woof|Intimidate|[of] p2a: Medicham
|-unboost|p2a: Medicham|atk|1
|move|p2a: Medicham|High Jump Kick|p1a: woofy woof woof
|-resisted|p1a: woofy woof woof
|-damage|p1a: woofy woof woof|279\/384
|
|-heal|p1a: woofy woof woof|303\/384|[from] item: Leftovers
|turn|104
|
|switch|p2a: Vaporeon|Vaporeon, M|363\/463
|move|p1a: woofy woof woof|Play Rough|p2a: Vaporeon
|-damage|p2a: Vaporeon|243\/463
|
|-heal|p2a: Vaporeon|271\/463|[from] item: Leftovers
|-heal|p1a: woofy woof woof|327\/384|[from] item: Leftovers
|turn|105
|
|switch|p1a: onion fairy god|Celebi|196\/401
|move|p2a: Vaporeon|Baton Pass|p2a: Vaporeon
|
|switch|p2a: Medicham|Medicham-Mega, M|161\/261
|
|turn|106
|
|switch|p1a: woofy woof woof|Granbull, M|327\/384
|-ability|p1a: woofy woof woof|Intimidate|[of] p2a: Medicham
|-unboost|p2a: Medicham|atk|1
|move|p2a: Medicham|High Jump Kick|p1a: woofy woof woof
|-resisted|p1a: woofy woof woof
|-damage|p1a: woofy woof woof|225\/384
|
|-heal|p1a: woofy woof woof|249\/384|[from] item: Leftovers
|turn|107
|join|DrReunitodd
|
|switch|p2a: Vaporeon|Vaporeon, M|271\/463
|switch|p1a: onion fairy god|Celebi|196\/401
|
|-heal|p2a: Vaporeon|299\/463|[from] item: Leftovers
|turn|108
|
|move|p1a: onion fairy god|Stealth Rock|p2a: Vaporeon
|-sidestart|p2: destinyhero96|move: Stealth Rock
|move|p2a: Vaporeon|Baton Pass|p2a: Vaporeon
|
|switch|p2a: Medicham|Medicham-Mega, M|161\/261
|-damage|p2a: Medicham|145\/261|[from] Stealth Rock
|
|turn|109
|
|switch|p1a: woofy woof woof|Granbull, M|249\/384
|-ability|p1a: woofy woof woof|Intimidate|[of] p2a: Medicham
|-unboost|p2a: Medicham|atk|1
|move|p2a: Medicham|Zen Headbutt|p1a: woofy woof woof|[miss]
|-miss|p2a: Medicham|p1a: woofy woof woof
|
|-heal|p1a: woofy woof woof|273\/384|[from] item: Leftovers
|turn|110
|c|âdestinyhero96|are u kidding me
|
|move|p2a: Medicham|Zen Headbutt|p1a: woofy woof woof
|-damage|p1a: woofy woof woof|134\/384
|move|p1a: woofy woof woof|Play Rough|p2a: Medicham
|-supereffective|p2a: Medicham
|-damage|p2a: Medicham|0 fnt
|faint|p2a: Medicham
|
|-heal|p1a: woofy woof woof|158\/384|[from] item: Leftovers
|c|âdestinyhero96|u win because of all this hax...
|c|âpokemonisfun|idk brah im not sure you played too well
|c|âdestinyhero96|what are u talking about
|c|âdestinyhero96|2 zen headbutts would of ko'd
|c|âpokemonisfun|well this play for instance letting cham die
|c|âdestinyhero96|well i gave up
|c|âpokemonisfun|also letting pz die
|c|âdestinyhero96|and i was just hoping for flinches
|c|âpokemonisfun|that probably hs a lower chance of winning than playing reasonable looking moves
|c|âdestinyhero96|you got lucky....
|leave|DatLatias
|c|âdestinyhero96|and
|c|âdestinyhero96|ur team fairs very poorly against setup teams
|c|âdestinyhero96|sadly i only had one
|-message|destinyhero96 lost due to inactivity.
|
|win|pokemonisfun
|raw|Ladder updating...
|raw|pokemonisfun's rating: 1723 &rarr; <strong>1736<\/strong><br \/>(+13 for winning)
|raw|destinyhero96's rating: 1590 &rarr; <strong>1578<\/strong><br \/>(-12 for losing)