|join|co0ol
|join|ULT Starzoid
|player|p1|co0ol|169
|player|p2|ULT Starzoid|188
|gametype|singles
|gen|6
|tier|UU
|rated
|rule|Sleep Clause Mod: Limit one foe put to sleep
|rule|Species Clause: Limit one of each PokÃ©mon
|rule|OHKO Clause: OHKO moves are banned
|rule|Moody Clause: Moody is banned
|rule|Evasion Moves Clause: Evasion moves are banned
|rule|Endless Battle Clause: Forcing endless battles is banned
|rule|HP Percentage Mod: HP is shown in percentages
|clearpoke
|poke|p1|Galvantula, M
|poke|p1|Blissey, F
|poke|p1|Swampert, M
|poke|p1|Kyurem
|poke|p1|Machamp, F
|poke|p1|Zoroark, F
|poke|p2|Ampharos, M
|poke|p2|Chandelure, M
|poke|p2|Golurk
|poke|p2|Pangoro, F
|poke|p2|Reuniclus, F
|poke|p2|Yanmega, M
|rule|Swagger Clause: Swagger is banned
|rule|Baton Pass Clause: Limit one PokÃ©mon knowing Baton Pass
|teampreview
|
|start
|switch|p1a: Blissey|Blissey, F|261\/261
|switch|p2a: Golurk|Golurk|362\/362
|turn|1
|c|âULT Starzoid|that's zoroark
|
|move|p1a: Blissey|Knock Off|p2a: Golurk
|-supereffective|p2a: Golurk
|-enditem|p2a: Golurk|Focus Sash
|-damage|p2a: Golurk|1\/362
|-damage|p1a: Blissey|235\/261|[from] item: Life Orb
|move|p2a: Golurk|Dynamic Punch|p1a: Blissey
|-supereffective|p1a: Blissey
|replace|p1a: Zoroark|Zoroark, F|235\/261
|-damage|p1a: Zoroark|0 fnt
|faint|p1a: Zoroark
|
|
|switch|p1a: Kyurem|Kyurem|391\/391
|-ability|p1a: Kyurem|Pressure
|turn|2
|
|switch|p2a: Chandelure|Chandelure, M|319\/319
|move|p1a: Kyurem|Ice Beam|p2a: Chandelure
|-resisted|p2a: Chandelure
|-damage|p2a: Chandelure|226\/319
|
|turn|3
|
|switch|p1a: Blissey|Blissey, F|714\/714
|move|p2a: Chandelure|Trick Room|p2a: Chandelure
|-fieldstart|move: Trick Room|[of] p2a: Chandelure
|
|turn|4
|
|switch|p2a: Pangoro|Pangoro, F|359\/359
|move|p1a: Blissey|Toxic|p2a: Pangoro
|-status|p2a: Pangoro|tox
|
|-damage|p2a: Pangoro|337\/359 tox|[from] psn
|turn|5
|
|move|p1a: Blissey|Protect|p1a: Blissey
|-singleturn|p1a: Blissey|Protect
|move|p2a: Pangoro|Hammer Arm|p1a: Blissey
|-activate|p1a: Blissey|Protect
|
|-damage|p2a: Pangoro|293\/359 tox|[from] psn
|turn|6
|
|switch|p1a: Galvantula|Galvantula, M|281\/281
|move|p2a: Pangoro|Hammer Arm|p1a: Galvantula
|-resisted|p1a: Galvantula
|-damage|p1a: Galvantula|74\/281
|-unboost|p2a: Pangoro|spe|1
|-damage|p2a: Pangoro|258\/359 tox|[from] item: Life Orb
|
|-damage|p2a: Pangoro|192\/359 tox|[from] psn
|turn|7
|
|switch|p2a: Ampharos|Ampharos, M|383\/383
|move|p1a: Galvantula|Thunder|p2a: Ampharos
|-resisted|p2a: Ampharos
|-damage|p2a: Ampharos|295\/383
|
|-fieldend|move: Trick Room
|turn|8
|
|switch|p2a: Chandelure|Chandelure, M|226\/319
|move|p1a: Galvantula|Volt Switch|p2a: Chandelure
|-damage|p2a: Chandelure|112\/319
|
|switch|p1a: Kyurem|Kyurem|391\/391
|-ability|p1a: Kyurem|Pressure
|
|turn|9
|
|move|p1a: Kyurem|Draco Meteor|p2a: Chandelure
|-crit|p2a: Chandelure
|-damage|p2a: Chandelure|0 fnt
|-unboost|p1a: Kyurem|spa|2
|faint|p2a: Chandelure
|
|
|switch|p2a: Reuniclus|Reuniclus, F|424\/424
|turn|10
|
|switch|p1a: Galvantula|Galvantula, M|74\/281
|move|p2a: Reuniclus|Trick Room|p2a: Reuniclus
|-fieldstart|move: Trick Room|[of] p2a: Reuniclus
|
|turn|11
|
|move|p2a: Reuniclus|Psyshock|p1a: Galvantula
|-damage|p1a: Galvantula|0 fnt
|faint|p1a: Galvantula
|
|
|switch|p1a: Machamp|Machamp, F|362\/362
|turn|12
|
|move|p2a: Reuniclus|Psyshock|p1a: Machamp
|-supereffective|p1a: Machamp
|-damage|p1a: Machamp|0 fnt
|faint|p1a: Machamp
|
|
|switch|p1a: Swampert|Swampert, M|403\/403
|turn|13
|
|switch|p2a: Golurk|Golurk|1\/362
|detailschange|p1a: Swampert|Swampert-Mega, M
|-mega|p1a: Swampert|Swampert|Swampertite
|move|p1a: Swampert|Earthquake|p2a: Golurk
|-damage|p2a: Golurk|0 fnt
|faint|p2a: Golurk
|
|
|switch|p2a: Yanmega|Yanmega, M|329\/329
|turn|14
|
|switch|p1a: Blissey|Blissey, F|714\/714
|move|p2a: Yanmega|Giga Drain|p1a: Blissey
|-damage|p1a: Blissey|620\/714
|-damage|p2a: Yanmega|297\/329|[from] item: Life Orb
|
|-heal|p1a: Blissey|664\/714|[from] item: Leftovers
|-fieldend|move: Trick Room
|-boost|p2a: Yanmega|spe|1|[from] ability: Speed Boost
|turn|15
|
|switch|p2a: Ampharos|Ampharos, M|295\/383
|switch|p1a: Kyurem|Kyurem|391\/391
|-ability|p1a: Kyurem|Pressure
|
|turn|16
|
|move|p1a: Kyurem|Earth Power|p2a: Ampharos
|-supereffective|p2a: Ampharos
|-damage|p2a: Ampharos|29\/383
|move|p2a: Ampharos|Focus Blast|p1a: Kyurem
|-supereffective|p1a: Kyurem
|-damage|p1a: Kyurem|59\/391
|
|turn|17
|
|switch|p1a: Blissey|Blissey, F|664\/714
|switch|p2a: Yanmega|Yanmega, M|297\/329
|
|-heal|p1a: Blissey|708\/714|[from] item: Leftovers
|turn|18
|
|move|p2a: Yanmega|Bug Buzz|p1a: Blissey
|-damage|p1a: Blissey|539\/714
|-damage|p2a: Yanmega|265\/329|[from] item: Life Orb
|move|p1a: Blissey|Wish|p1a: Blissey
|
|-heal|p1a: Blissey|583\/714|[from] item: Leftovers
|-boost|p2a: Yanmega|spe|1|[from] ability: Speed Boost
|turn|19
|
|move|p2a: Yanmega|Bug Buzz|p1a: Blissey
|-damage|p1a: Blissey|430\/714
|-unboost|p1a: Blissey|spd|1
|-damage|p2a: Yanmega|233\/329|[from] item: Life Orb
|move|p1a: Blissey|Toxic|p2a: Yanmega
|-status|p2a: Yanmega|tox
|
|-heal|p1a: Blissey|714\/714|[from] move: Wish|[wisher] Blissey
|-damage|p2a: Yanmega|213\/329 tox|[from] psn
|-boost|p2a: Yanmega|spe|1|[from] ability: Speed Boost
|turn|20
|
|move|p2a: Yanmega|Bug Buzz|p1a: Blissey
|-damage|p1a: Blissey|483\/714
|-unboost|p1a: Blissey|spd|1
|-damage|p2a: Yanmega|181\/329 tox|[from] item: Life Orb
|move|p1a: Blissey|Wish|p1a: Blissey
|
|-heal|p1a: Blissey|527\/714|[from] item: Leftovers
|-damage|p2a: Yanmega|141\/329 tox|[from] psn
|-boost|p2a: Yanmega|spe|1|[from] ability: Speed Boost
|turn|21
|
|switch|p1a: Kyurem|Kyurem|59\/391
|-ability|p1a: Kyurem|Pressure
|move|p2a: Yanmega|Giga Drain|p1a: Kyurem
|-resisted|p1a: Kyurem
|-damage|p1a: Kyurem|0 fnt
|-heal|p2a: Yanmega|171\/329 tox|[from] drain|[of] p1a: Kyurem
|-damage|p2a: Yanmega|139\/329 tox|[from] item: Life Orb
|faint|p1a: Kyurem
|
|-damage|p2a: Yanmega|79\/329 tox|[from] psn
|-boost|p2a: Yanmega|spe|1|[from] ability: Speed Boost
|
|switch|p1a: Blissey|Blissey, F|527\/714
|turn|22
|
|switch|p2a: Reuniclus|Reuniclus, F|424\/424
|move|p1a: Blissey|Wish|p1a: Blissey
|
|-heal|p1a: Blissey|571\/714|[from] item: Leftovers
|turn|23
|
|switch|p1a: Swampert|Swampert-Mega, M|403\/403
|move|p2a: Reuniclus|Trick Room|p2a: Reuniclus
|-fieldstart|move: Trick Room|[of] p2a: Reuniclus
|
|turn|24
|
|move|p2a: Reuniclus|Psyshock|p1a: Swampert
|-damage|p1a: Swampert|220\/403
|move|p1a: Swampert|Earthquake|p2a: Reuniclus
|-damage|p2a: Reuniclus|142\/424
|
|turn|25
|
|move|p2a: Reuniclus|Psyshock|p1a: Swampert
|-damage|p1a: Swampert|43\/403
|move|p1a: Swampert|Waterfall|p2a: Reuniclus
|-damage|p2a: Reuniclus|0 fnt
|faint|p2a: Reuniclus
|
|
|switch|p2a: Ampharos|Ampharos, M|29\/383
|turn|26
|
|switch|p1a: Blissey|Blissey, F|571\/714
|detailschange|p2a: Ampharos|Ampharos-Mega, M
|-mega|p2a: Ampharos|Ampharos|Ampharosite
|-ability|p2a: Ampharos|Mold Breaker
|move|p2a: Ampharos|Dragon Pulse|p1a: Blissey
|-damage|p1a: Blissey|412\/714
|
|-heal|p1a: Blissey|456\/714|[from] item: Leftovers
|turn|27
|
|move|p2a: Ampharos|Focus Blast|p1a: Blissey
|-crit|p1a: Blissey
|-supereffective|p1a: Blissey
|-damage|p1a: Blissey|46\/714
|move|p1a: Blissey|Wish|p1a: Blissey
|
|-heal|p1a: Blissey|90\/714|[from] item: Leftovers
|-fieldend|move: Trick Room
|turn|28
|
|move|p1a: Blissey|Protect|p1a: Blissey
|-singleturn|p1a: Blissey|Protect
|move|p2a: Ampharos|Dragon Pulse|p1a: Blissey
|-activate|p1a: Blissey|Protect
|
|-heal|p1a: Blissey|447\/714|[from] move: Wish|[wisher] Blissey
|-heal|p1a: Blissey|491\/714|[from] item: Leftovers
|turn|29
|
|move|p1a: Blissey|Wish|p1a: Blissey
|move|p2a: Ampharos|Focus Blast|p1a: Blissey|[miss]
|-miss|p2a: Ampharos|p1a: Blissey
|
|-heal|p1a: Blissey|535\/714|[from] item: Leftovers
|turn|30
|
|move|p1a: Blissey|Seismic Toss|p2a: Ampharos
|-damage|p2a: Ampharos|0 fnt
|faint|p2a: Ampharos
|
|-heal|p1a: Blissey|714\/714|[from] move: Wish|[wisher] Blissey
|
|switch|p2a: Pangoro|Pangoro, F|192\/359 tox
|turn|31
|
|move|p2a: Pangoro|Drain Punch|p1a: Blissey
|-supereffective|p1a: Blissey
|-damage|p1a: Blissey|0 fnt
|-heal|p2a: Pangoro|359\/359 tox|[from] drain|[of] p1a: Blissey
|-damage|p2a: Pangoro|324\/359 tox|[from] item: Life Orb
|faint|p1a: Blissey
|
|-damage|p2a: Pangoro|302\/359 tox|[from] psn
|
|switch|p1a: Swampert|Swampert-Mega, M|43\/403
|turn|32
|
|move|p2a: Pangoro|Drain Punch|p1a: Swampert
|-damage|p1a: Swampert|0 fnt
|-heal|p2a: Pangoro|324\/359 tox|[from] drain|[of] p1a: Swampert
|-damage|p2a: Pangoro|289\/359 tox|[from] item: Life Orb
|faint|p1a: Swampert
|
|win|ULT Starzoid
|raw|Ladder updating...
|c|âULT Starzoid|gg
|raw|co0ol's rating: 1471 &rarr; <strong>1455<\/strong><br \/>(-16 for losing)
|raw|ULT Starzoid's rating: 1543 &rarr; <strong>1559<\/strong><br \/>(+16 for winning)
|c|âco0ol|gg
|leave|co0ol
|player|p1