|join|Vaporeon for UU
|join|so dynamic
|player|p1|Vaporeon for UU|#cpgtan
|player|p2|so dynamic|5
|gametype|singles
|gen|6
|tier|UU
|rated
|rule|Sleep Clause Mod: Limit one foe put to sleep
|rule|Species Clause: Limit one of each PokÃ©mon
|rule|OHKO Clause: OHKO moves are banned
|rule|Moody Clause: Moody is banned
|rule|Evasion Moves Clause: Evasion moves are banned
|rule|Endless Battle Clause: Forcing endless battles is banned
|rule|HP Percentage Mod: HP is shown in percentages
|clearpoke
|poke|p1|Snorlax, M
|poke|p1|Cresselia, F
|poke|p1|Krookodile, F
|poke|p1|Nidoqueen, F
|poke|p1|Vaporeon, M
|poke|p1|Whimsicott, M
|poke|p2|Cresselia, F
|poke|p2|Snorlax, F
|poke|p2|Krookodile, F
|poke|p2|Whimsicott, M
|poke|p2|Forretress, M
|poke|p2|Aerodactyl, F
|rule|Swagger Clause: Swagger is banned
|rule|Baton Pass Clause: Limit one PokÃ©mon knowing Baton Pass
|teampreview
|c|âso dynamic|o
|c|âso dynamic|hi
|c|âVaporeon for UU|l
|c|âVaporeon for UU|o
|c|âVaporeon for UU|l
|c|âso dynamic|o boy
|c|âso dynamic|hf man
|c|âVaporeon for UU|wait one sec
|c|âso dynamic|kk
|c|âVaporeon for UU|dealing with something in tour chat
|c|âVaporeon for UU|ok ty
|c|âVaporeon for UU|gl hf
|join|Gino Giannini
|c|âVaporeon for UU|this is gonna be a long match
|c|âso dynamic|u2
|c|âso dynamic|i dont like this
|
|start
|switch|p1a: Meghan Trainor|Nidoqueen, F|352\/352
|switch|p2a: Krookodile|Krookodile, F|331\/331
|-ability|p2a: Krookodile|Intimidate|[of] p1a: Meghan Trainor
|-unboost|p1a: Meghan Trainor|atk|1
|turn|1
|
|switch|p1a: diggersby tho|Whimsicott, M|324\/324
|move|p2a: Krookodile|Earthquake|p1a: diggersby tho
|-resisted|p1a: diggersby tho
|-damage|p1a: diggersby tho|202\/324
|
|-heal|p1a: diggersby tho|222\/324|[from] item: Leftovers
|turn|2
|
|switch|p2a: Forretress|Forretress, M|354\/354
|move|p1a: diggersby tho|U-turn|p2a: Forretress
|-resisted|p2a: Forretress
|-damage|p2a: Forretress|341\/354
|
|switch|p1a: Meghan Trainor|Nidoqueen, F|352\/352
|
|-heal|p2a: Forretress|354\/354|[from] item: Leftovers
|turn|3
|c| Gino Giannini|wow mirror image of four mons
|
|switch|p2a: Snorlax|Snorlax, F|524\/524
|move|p1a: Meghan Trainor|Stealth Rock|p2a: Snorlax
|-sidestart|p2: so dynamic|move: Stealth Rock
|
|turn|4
|c|âVaporeon for UU|ye
|c|âso dynamic|yh
|c|âVaporeon for UU|he brought up core
|c|âso dynamic|i told him about
|c|âVaporeon for UU|so i built
|c|âso dynamic|the core of cress lax krook
|
|switch|p1a: diggersby tho|Whimsicott, M|222\/324
|move|p2a: Snorlax|Curse|p2a: Snorlax
|-boost|p2a: Snorlax|atk|1
|-boost|p2a: Snorlax|def|1
|-unboost|p2a: Snorlax|spe|1
|
|-heal|p1a: diggersby tho|242\/324|[from] item: Leftovers
|turn|5
|
|switch|p2a: Forretress|Forretress, M|354\/354
|-damage|p2a: Forretress|310\/354|[from] Stealth Rock
|move|p1a: diggersby tho|Leech Seed|p2a: Forretress
|-start|p2a: Forretress|move: Leech Seed
|
|-heal|p1a: diggersby tho|262\/324|[from] item: Leftovers
|-heal|p2a: Forretress|332\/354|[from] item: Leftovers
|-damage|p2a: Forretress|288\/354|[from] Leech Seed|[of] p1a: diggersby tho
|-heal|p1a: diggersby tho|306\/324|[silent]
|turn|6
|c|âso dynamic|o
|c|âVaporeon for UU|get predicted
|c|âVaporeon for UU|kiddo
|
|move|p1a: diggersby tho|U-turn|p2a: Forretress
|-resisted|p2a: Forretress
|-damage|p2a: Forretress|275\/354
|c|âso dynamic|u got me
|
|switch|p1a: Meghan Trainor|Nidoqueen, F|352\/352
|move|p2a: Forretress|Rapid Spin|p1a: Meghan Trainor
|-damage|p1a: Meghan Trainor|335\/352
|-end|p2a: Forretress|Leech Seed|[from] move: Rapid Spin|[of] p2a: Forretress
|-sideend|p2: so dynamic|Stealth Rock|[from] move: Rapid Spin|[of] p2a: Forretress
|
|-heal|p2a: Forretress|297\/354|[from] item: Leftovers
|turn|7
|
|switch|p1a: diggersby tho|Whimsicott, M|306\/324
|move|p2a: Forretress|Stealth Rock|p1a: diggersby tho
|-sidestart|p1: Vaporeon for UU|move: Stealth Rock
|
|-heal|p1a: diggersby tho|324\/324|[from] item: Leftovers
|-heal|p2a: Forretress|319\/354|[from] item: Leftovers
|turn|8
|c|âVaporeon for UU|welp
|
|move|p1a: diggersby tho|U-turn|p2a: Forretress
|-resisted|p2a: Forretress
|-damage|p2a: Forretress|305\/354
|
|switch|p1a: Meghan Trainor|Nidoqueen, F|335\/352
|-damage|p1a: Meghan Trainor|313\/352|[from] Stealth Rock
|move|p2a: Forretress|Volt Switch|p1a: Meghan Trainor
|-immune|p1a: Meghan Trainor|[msg]
|
|-heal|p2a: Forretress|327\/354|[from] item: Leftovers
|turn|9
|c|âso dynamic|ban uturn
|
|switch|p2a: Snorlax|Snorlax, F|524\/524
|move|p1a: Meghan Trainor|Stealth Rock|p2a: Snorlax
|-sidestart|p2: so dynamic|move: Stealth Rock
|
|turn|10
|
|switch|p1a: Average Amerifat|Snorlax, M|524\/524
|-damage|p1a: Average Amerifat|459\/524|[from] Stealth Rock
|move|p2a: Snorlax|Frustration|p1a: Average Amerifat
|-damage|p1a: Average Amerifat|315\/524
|
|-heal|p1a: Average Amerifat|347\/524|[from] item: Leftovers
|turn|11
|c|âso dynamic|are we gonna do this
|c|âVaporeon for UU|yes
|c| Gino Giannini|do it do it :]
|c|âso dynamic|o man
|c|âVaporeon for UU|i mean
|c|âVaporeon for UU|this is what the match is going to come down to
|
|switch|p2a: Krookodile|Krookodile, F|331\/331
|-damage|p2a: Krookodile|311\/331|[from] Stealth Rock
|-ability|p2a: Krookodile|Intimidate|[of] p1a: Average Amerifat
|-unboost|p1a: Average Amerifat|atk|1
|move|p1a: Average Amerifat|Curse|p1a: Average Amerifat
|-boost|p1a: Average Amerifat|atk|1
|-boost|p1a: Average Amerifat|def|1
|-unboost|p1a: Average Amerifat|spe|1
|
|-heal|p1a: Average Amerifat|379\/524|[from] item: Leftovers
|turn|12
|
|switch|p1a: diggersby tho|Whimsicott, M|324\/324
|-damage|p1a: diggersby tho|284\/324|[from] Stealth Rock
|move|p2a: Krookodile|Earthquake|p1a: diggersby tho
|-resisted|p1a: diggersby tho
|-damage|p1a: diggersby tho|158\/324
|
|-heal|p1a: diggersby tho|178\/324|[from] item: Leftovers
|turn|13
|c| Gino Giannini|simple curselax :]
|
|switch|p2a: Forretress|Forretress, M|327\/354
|-damage|p2a: Forretress|283\/354|[from] Stealth Rock
|move|p1a: diggersby tho|U-turn|p2a: Forretress
|-resisted|p2a: Forretress
|-damage|p2a: Forretress|269\/354
|
|switch|p1a: slidin into ur dms|Krookodile, F|331\/331
|-damage|p1a: slidin into ur dms|311\/331|[from] Stealth Rock
|-ability|p1a: slidin into ur dms|Intimidate|[of] p2a: Forretress
|-unboost|p2a: Forretress|atk|1
|
|-heal|p2a: Forretress|291\/354|[from] item: Leftovers
|turn|14
|
|move|p1a: slidin into ur dms|Knock Off|p2a: Forretress
|-damage|p2a: Forretress|108\/354
|-enditem|p2a: Forretress|Leftovers|[from] move: Knock Off|[of] p1a: slidin into ur dms
|move|p2a: Forretress|Rapid Spin|p1a: slidin into ur dms
|-damage|p1a: slidin into ur dms|299\/331
|-sideend|p2: so dynamic|Stealth Rock|[from] move: Rapid Spin|[of] p2a: Forretress
|
|turn|15
|
|switch|p2a: Aerodactyl|Aerodactyl, F|302\/302
|move|p1a: slidin into ur dms|Knock Off|p2a: Aerodactyl
|-damage|p2a: Aerodactyl|89\/302
|
|turn|16
|c|âVaporeon for UU|yum
|c| Gino Giannini|switch in?
|c|âso dynamic|delicious
|
|switch|p1a: call me suicune|Cresselia, F|444\/444
|-damage|p1a: call me suicune|389\/444|[from] Stealth Rock
|detailschange|p2a: Aerodactyl|Aerodactyl-Mega, F
|message|Aerodactyl has Mega Evolved into Mega Aerodactyl!
|move|p2a: Aerodactyl|Roost|p2a: Aerodactyl
|-heal|p2a: Aerodactyl|240\/302
|
|-heal|p1a: call me suicune|416\/444|[from] item: Leftovers
|turn|17
|c|âso dynamic|watch this
|c| Gino Giannini|if you were real
|c| Gino Giannini|would of eqd
|c|âVaporeon for UU|crunch
|
|switch|p1a: tfw no drizzle|Vaporeon, M|452\/452
|-damage|p1a: tfw no drizzle|396\/452|[from] Stealth Rock
|move|p2a: Aerodactyl|Crunch|p1a: tfw no drizzle
|-crit|p1a: tfw no drizzle
|-damage|p1a: tfw no drizzle|203\/452
|
|-heal|p1a: tfw no drizzle|231\/452|[from] item: Leftovers
|turn|18
|c|âso dynamic|oof
|
|move|p2a: Aerodactyl|Double-Edge|p1a: tfw no drizzle
|-damage|p1a: tfw no drizzle|24\/452
|-damage|p2a: Aerodactyl|172\/302|[from] recoil|[of] p1a: tfw no drizzle
|move|p1a: tfw no drizzle|Wish|p1a: tfw no drizzle
|
|-heal|p1a: tfw no drizzle|52\/452|[from] item: Leftovers
|turn|19
|
|switch|p2a: Whimsicott|Whimsicott, M|261\/261
|move|p1a: tfw no drizzle|Scald|p2a: Whimsicott
|-resisted|p2a: Whimsicott
|-damage|p2a: Whimsicott|202\/261
|-status|p2a: Whimsicott|brn
|
|-heal|p1a: tfw no drizzle|278\/452|[from] move: Wish|[wisher] tfw no drizzle
|-heal|p1a: tfw no drizzle|306\/452|[from] item: Leftovers
|-damage|p2a: Whimsicott|170\/261 brn|[from] brn
|turn|20
|c|âso dynamic|got me
|c|âVaporeon for UU|ahh
|c|âVaporeon for UU|outskilled
|c| Gino Giannini|tbh
|c| Gino Giannini|easy play
|c|âVaporeon for UU|all skill all the time...
|c|âso dynamic|ezpz
|c|âVaporeon for UU|no it wasnt lol
|c|âVaporeon for UU|i never scald in that situation
|c|âVaporeon for UU|i was feeling real tho
|
|move|p1a: tfw no drizzle|Protect|p1a: tfw no drizzle
|-singleturn|p1a: tfw no drizzle|Protect
|move|p2a: Whimsicott|Energy Ball|p1a: tfw no drizzle
|-activate|p1a: tfw no drizzle|Protect
|
|-heal|p1a: tfw no drizzle|334\/452|[from] item: Leftovers
|-damage|p2a: Whimsicott|138\/261 brn|[from] brn
|turn|21
|c|âso dynamic|i shoudlve
|c|âso dynamic|edged
|c| Gino Giannini|vapo you should of been real two games ago
|c| Gino Giannini|imo
|join|some weird shit
|c|âso dynamic|hey dod
|
|switch|p1a: call me suicune|Cresselia, F|416\/444
|-damage|p1a: call me suicune|361\/444|[from] Stealth Rock
|move|p2a: Whimsicott|Energy Ball|p1a: call me suicune
|-damage|p1a: call me suicune|220\/444
|
|-heal|p1a: call me suicune|247\/444|[from] item: Leftovers
|-damage|p2a: Whimsicott|106\/261 brn|[from] brn
|turn|22
|join|xShiba
|c|âVaporeon for UU|delish?
|c|âso dynamic|yummy
|
|switch|p2a: Snorlax|Snorlax, F|524\/524
|move|p1a: call me suicune|Moonlight|p1a: call me suicune
|-heal|p1a: call me suicune|444\/444
|
|turn|23
|c| xShiba|so dynamic beat this n3rd
|c|âso dynamic|hes not a nerd
|c| xShiba|:]
|c|âVaporeon for UU|ye
|c|âso dynamic|hes a friend
|c| xShiba|indeed
|c|âVaporeon for UU|shiba stop being a bully
|c|âVaporeon for UU|:^[
|c| xShiba|but hes also a n3rd
|c| xShiba|kek
|c|âso dynamic|:(
|
|switch|p1a: slidin into ur dms|Krookodile, F|299\/331
|-damage|p1a: slidin into ur dms|279\/331|[from] Stealth Rock
|-ability|p1a: slidin into ur dms|Intimidate|[of] p2a: Snorlax
|-unboost|p2a: Snorlax|atk|1
|move|p2a: Snorlax|Curse|p2a: Snorlax
|-boost|p2a: Snorlax|atk|1
|-boost|p2a: Snorlax|def|1
|-unboost|p2a: Snorlax|spe|1
|
|turn|24
|
|switch|p2a: Cresselia|Cresselia, F|441\/441
|move|p1a: slidin into ur dms|Earthquake|p2a: Cresselia
|-immune|p2a: Cresselia|[msg]
|
|turn|25
|c|âVaporeon for UU|wow u canned me!
|c|âso dynamic|!
|c|âVaporeon for UU|im actually
|c|âVaporeon for UU|lo
|c|âso dynamic|i c
|c|âVaporeon for UU|so im gonna knock off here
|c|âVaporeon for UU|ok?
|c|âso dynamic|ok
|
|switch|p1a: Average Amerifat|Snorlax, M|379\/524
|-damage|p1a: Average Amerifat|314\/524|[from] Stealth Rock
|switch|p2a: Aerodactyl|Aerodactyl-Mega, F|172\/302
|
|-heal|p1a: Average Amerifat|346\/524|[from] item: Leftovers
|turn|26
|
|move|p2a: Aerodactyl|Double-Edge|p1a: Average Amerifat
|-damage|p1a: Average Amerifat|121\/524
|-damage|p2a: Aerodactyl|98\/302|[from] recoil|[of] p1a: Average Amerifat
|move|p1a: Average Amerifat|Curse|p1a: Average Amerifat
|-boost|p1a: Average Amerifat|atk|1
|-boost|p1a: Average Amerifat|def|1
|-unboost|p1a: Average Amerifat|spe|1
|
|-heal|p1a: Average Amerifat|153\/524|[from] item: Leftovers
|turn|27
|c|âVaporeon for UU|hm
|c|âVaporeon for UU|that did more than i thought
|c|âVaporeon for UU|tbqh
|c|âVaporeon for UU|miss an edge
|c|âso dynamic|i need to calc
|c| Gino Giannini|roll imo
|c| Gino Giannini|go balls out
|c|âVaporeon for UU|just
|c| Gino Giannini|don't bitch out
|c|âVaporeon for UU|click stone edge
|c|âVaporeon for UU|it kills
|
|switch|p2a: Krookodile|Krookodile, F|311\/331
|-ability|p2a: Krookodile|Intimidate|[of] p1a: Average Amerifat
|-unboost|p1a: Average Amerifat|atk|1
|move|p1a: Average Amerifat|Rest|p1a: Average Amerifat
|-status|p1a: Average Amerifat|slp
|-heal|p1a: Average Amerifat|524\/524 slp|[silent]
|-status|p1a: Average Amerifat|slp|[from] move: Rest
|
|turn|28
|c| Gino Giannini|bitched out ;-;
|c|âso dynamic|stone edge actually does less
|
|move|p2a: Krookodile|Earthquake|p1a: Average Amerifat
|-damage|p1a: Average Amerifat|322\/524 slp
|cant|p1a: Average Amerifat|slp
|move|p1a: Average Amerifat|Sleep Talk|p1a: Average Amerifat
|move|p1a: Average Amerifat|Rest|p1a: Average Amerifat|[from]Sleep Talk
|-fail|p1a: Average Amerifat
|
|-heal|p1a: Average Amerifat|354\/524 slp|[from] item: Leftovers
|turn|29
|c|âVaporeon for UU|how
|c|âso dynamic|120*1.5=180
|c|âso dynamic|also
|c|âso dynamic|i may not run stone edge
|c|âso dynamic|possibly
|c|âVaporeon for UU|oh true
|c|âVaporeon for UU|i forgot about
|c|âVaporeon for UU|tough claws
|
|switch|p1a: call me suicune|Cresselia, F|444\/444
|-damage|p1a: call me suicune|389\/444|[from] Stealth Rock
|move|p2a: Krookodile|Earthquake|p1a: call me suicune
|-immune|p1a: call me suicune|[msg]
|
|-heal|p1a: call me suicune|416\/444|[from] item: Leftovers
|turn|30
|c|âso dynamic|yh
|
|switch|p2a: Aerodactyl|Aerodactyl-Mega, F|98\/302
|switch|p1a: slidin into ur dms|Krookodile, F|279\/331
|-damage|p1a: slidin into ur dms|259\/331|[from] Stealth Rock
|-ability|p1a: slidin into ur dms|Intimidate|[of] p2a: Aerodactyl
|-unboost|p2a: Aerodactyl|atk|1
|
|turn|31
|
|move|p2a: Aerodactyl|Double-Edge|p1a: slidin into ur dms
|-damage|p1a: slidin into ur dms|112\/331
|-damage|p2a: Aerodactyl|49\/302|[from] recoil|[of] p1a: slidin into ur dms
|move|p1a: slidin into ur dms|Superpower|p2a: Aerodactyl
|-damage|p2a: Aerodactyl|0 fnt
|-unboost|p1a: slidin into ur dms|atk|1
|-unboost|p1a: slidin into ur dms|def|1
|faint|p2a: Aerodactyl
|
|join|akkeshi
|c|âso dynamic|hmm
|
|switch|p2a: Krookodile|Krookodile, F|311\/331
|-ability|p2a: Krookodile|Intimidate|[of] p1a: slidin into ur dms
|-unboost|p1a: slidin into ur dms|atk|1
|turn|32
|c| some weird shit|speed tie win crit
|c| some weird shit|ez
|
|move|p2a: Krookodile|Pursuit|p1a: slidin into ur dms|[from]Pursuit
|-resisted|p1a: slidin into ur dms
|-damage|p1a: slidin into ur dms|0 fnt
|faint|p1a: slidin into ur dms
|
|c|âVaporeon for UU|ah nb
|c| some weird shit|and now he sets up lax
|c| some weird shit|RIP
|c|âso dynamic|dw
|c|âso dynamic|i have a plan
|c|âVaporeon for UU|no i think he was talking about u
|c|âVaporeon for UU|as in
|c|âso dynamic|o
|c|âVaporeon for UU|u win with lax
|c|âso dynamic|true
|c| akkeshi|hi verlisify
|c|âso dynamic|hi!
|c| akkeshi|snorlax is the best pokemon ever
|c| akkeshi|__so broken__
|c|âso dynamic|yea its op xd!
|c| akkeshi|klefki as well
|c|âso dynamic|ya
|
|switch|p1a: diggersby tho|Whimsicott, M|178\/324
|-damage|p1a: diggersby tho|138\/324|[from] Stealth Rock
|turn|33
|c| akkeshi|i kinda wanna have sex with dem' keys man
|
|switch|p2a: Snorlax|Snorlax, F|524\/524
|move|p1a: diggersby tho|Leech Seed|p2a: Snorlax
|-start|p2a: Snorlax|move: Leech Seed
|
|-heal|p1a: diggersby tho|158\/324|[from] item: Leftovers
|-damage|p2a: Snorlax|459\/524|[from] Leech Seed|[of] p1a: diggersby tho
|-heal|p1a: diggersby tho|223\/324|[silent]
|turn|34
|
|move|p1a: diggersby tho|U-turn|p2a: Snorlax
|-damage|p2a: Snorlax|419\/524
|c|âso dynamic|ugh why do u run seed
|
|switch|p1a: call me suicune|Cresselia, F|416\/444
|-damage|p1a: call me suicune|361\/444|[from] Stealth Rock
|move|p2a: Snorlax|Frustration|p1a: call me suicune
|-damage|p1a: call me suicune|280\/444
|
|-heal|p1a: call me suicune|307\/444|[from] item: Leftovers
|-heal|p2a: Snorlax|451\/524|[from] item: Leftovers
|-damage|p2a: Snorlax|386\/524|[from] Leech Seed|[of] p1a: call me suicune
|-heal|p1a: call me suicune|372\/444|[silent]
|turn|35
|c| akkeshi|>not running the most used set
|c| akkeshi|ok
|c|âso dynamic|offensive
|c|âso dynamic|is most used
|
|switch|p2a: Krookodile|Krookodile, F|311\/331
|-ability|p2a: Krookodile|Intimidate|[of] p1a: call me suicune
|-unboost|p1a: call me suicune|atk|1
|move|p1a: call me suicune|Moonblast|p2a: Krookodile
|-supereffective|p2a: Krookodile
|-damage|p2a: Krookodile|147\/331
|
|-heal|p1a: call me suicune|399\/444|[from] item: Leftovers
|turn|36
|c|âso dynamic|LO\/specs\/pixie pl8
|c|âso dynamic|or leftovers offensive
|c|âso dynamic|im knocking
|
|move|p2a: Krookodile|Knock Off|p1a: call me suicune
|-supereffective|p1a: call me suicune
|-damage|p1a: call me suicune|81\/444
|-enditem|p1a: call me suicune|Leftovers|[from] move: Knock Off|[of] p2a: Krookodile
|move|p1a: call me suicune|Moonblast|p2a: Krookodile
|-supereffective|p2a: Krookodile
|-damage|p2a: Krookodile|0 fnt
|faint|p2a: Krookodile
|
|c|âVaporeon for UU|and now it's just
|c|âVaporeon for UU|lax v lax
|
|switch|p2a: Whimsicott|Whimsicott, M|106\/261 brn
|turn|37
|
|move|p2a: Whimsicott|Energy Ball|p1a: call me suicune
|-damage|p1a: call me suicune|0 fnt
|faint|p1a: call me suicune
|
|-damage|p2a: Whimsicott|74\/261 brn|[from] brn
|
|switch|p1a: Meghan Trainor|Nidoqueen, F|313\/352
|-damage|p1a: Meghan Trainor|291\/352|[from] Stealth Rock
|turn|38
|
|switch|p2a: Snorlax|Snorlax, F|386\/524
|move|p1a: Meghan Trainor|Stealth Rock|p2a: Snorlax
|-sidestart|p2: so dynamic|move: Stealth Rock
|
|-heal|p2a: Snorlax|418\/524|[from] item: Leftovers
|turn|39
|
|switch|p1a: tfw no drizzle|Vaporeon, M|334\/452
|-damage|p1a: tfw no drizzle|278\/452|[from] Stealth Rock
|move|p2a: Snorlax|Curse|p2a: Snorlax
|-boost|p2a: Snorlax|atk|1
|-boost|p2a: Snorlax|def|1
|-unboost|p2a: Snorlax|spe|1
|
|-heal|p1a: tfw no drizzle|306\/452|[from] item: Leftovers
|-heal|p2a: Snorlax|450\/524|[from] item: Leftovers
|turn|40
|
|move|p1a: tfw no drizzle|Wish|p1a: tfw no drizzle
|move|p2a: Snorlax|Curse|p2a: Snorlax
|-boost|p2a: Snorlax|atk|1
|-boost|p2a: Snorlax|def|1
|-unboost|p2a: Snorlax|spe|1
|
|-heal|p1a: tfw no drizzle|334\/452|[from] item: Leftovers
|-heal|p2a: Snorlax|482\/524|[from] item: Leftovers
|turn|41
|
|move|p1a: tfw no drizzle|Scald|p2a: Snorlax
|-damage|p2a: Snorlax|400\/524
|-status|p2a: Snorlax|brn
|move|p2a: Snorlax|Frustration|p1a: tfw no drizzle
|-damage|p1a: tfw no drizzle|205\/452
|
|-heal|p1a: tfw no drizzle|431\/452|[from] move: Wish|[wisher] tfw no drizzle
|-heal|p1a: tfw no drizzle|452\/452|[from] item: Leftovers
|-heal|p2a: Snorlax|432\/524 brn|[from] item: Leftovers
|-damage|p2a: Snorlax|367\/524 brn|[from] brn
|turn|42
|
|switch|p1a: diggersby tho|Whimsicott, M|223\/324
|-damage|p1a: diggersby tho|183\/324|[from] Stealth Rock
|move|p2a: Snorlax|Curse|p2a: Snorlax
|-boost|p2a: Snorlax|atk|1
|-boost|p2a: Snorlax|def|1
|-unboost|p2a: Snorlax|spe|1
|
|-heal|p1a: diggersby tho|203\/324|[from] item: Leftovers
|-heal|p2a: Snorlax|399\/524 brn|[from] item: Leftovers
|-damage|p2a: Snorlax|334\/524 brn|[from] brn
|turn|43
|
|move|p1a: diggersby tho|Leech Seed|p2a: Snorlax
|-start|p2a: Snorlax|move: Leech Seed
|move|p2a: Snorlax|Frustration|p1a: diggersby tho
|-damage|p1a: diggersby tho|43\/324
|
|-heal|p1a: diggersby tho|63\/324|[from] item: Leftovers
|-heal|p2a: Snorlax|366\/524 brn|[from] item: Leftovers
|-damage|p2a: Snorlax|301\/524 brn|[from] Leech Seed|[of] p1a: diggersby tho
|-heal|p1a: diggersby tho|128\/324|[silent]
|-damage|p2a: Snorlax|236\/524 brn|[from] brn
|turn|44
|
|move|p1a: diggersby tho|Giga Drain|p2a: Snorlax
|-damage|p2a: Snorlax|185\/524 brn
|-heal|p1a: diggersby tho|154\/324|[from] drain|[of] p2a: Snorlax
|move|p2a: Snorlax|Rest|p2a: Snorlax
|-status|p2a: Snorlax|slp
|-heal|p2a: Snorlax|524\/524 slp|[silent]
|-status|p2a: Snorlax|slp|[from] move: Rest
|
|-heal|p1a: diggersby tho|174\/324|[from] item: Leftovers
|-damage|p2a: Snorlax|459\/524 slp|[from] Leech Seed|[of] p1a: diggersby tho
|-heal|p1a: diggersby tho|239\/324|[silent]
|turn|45
|
|switch|p2a: Forretress|Forretress, M|108\/354
|-damage|p2a: Forretress|64\/354|[from] Stealth Rock
|move|p1a: diggersby tho|U-turn|p2a: Forretress
|-resisted|p2a: Forretress
|-damage|p2a: Forretress|51\/354
|
|switch|p1a: Meghan Trainor|Nidoqueen, F|291\/352
|-damage|p1a: Meghan Trainor|269\/352|[from] Stealth Rock
|
|turn|46
|
|move|p1a: Meghan Trainor|Earth Power|p2a: Forretress
|-crit|p2a: Forretress
|-damage|p2a: Forretress|0 fnt
|faint|p2a: Forretress
|
|
|switch|p2a: Cresselia|Cresselia, F|441\/441
|-damage|p2a: Cresselia|386\/441|[from] Stealth Rock
|turn|47
|
|switch|p1a: diggersby tho|Whimsicott, M|239\/324
|-damage|p1a: diggersby tho|199\/324|[from] Stealth Rock
|move|p2a: Cresselia|Calm Mind|p2a: Cresselia
|-boost|p2a: Cresselia|spa|1
|-boost|p2a: Cresselia|spd|1
|
|-heal|p1a: diggersby tho|219\/324|[from] item: Leftovers
|-heal|p2a: Cresselia|413\/441|[from] item: Leftovers
|turn|48
|
|move|p1a: diggersby tho|Leech Seed|p2a: Cresselia
|-start|p2a: Cresselia|move: Leech Seed
|move|p2a: Cresselia|Psyshock|p1a: diggersby tho
|-damage|p1a: diggersby tho|110\/324
|
|-heal|p1a: diggersby tho|130\/324|[from] item: Leftovers
|-heal|p2a: Cresselia|440\/441|[from] item: Leftovers
|-damage|p2a: Cresselia|385\/441|[from] Leech Seed|[of] p1a: diggersby tho
|-heal|p1a: diggersby tho|185\/324|[silent]
|turn|49
|
|move|p1a: diggersby tho|U-turn|p2a: Cresselia
|-supereffective|p2a: Cresselia
|-damage|p2a: Cresselia|341\/441
|join|Ghibli
|
|switch|p1a: Average Amerifat|Snorlax, M|354\/524 slp
|-damage|p1a: Average Amerifat|289\/524 slp|[from] Stealth Rock
|move|p2a: Cresselia|Psyshock|p1a: Average Amerifat
|-damage|p1a: Average Amerifat|165\/524 slp
|
|-heal|p2a: Cresselia|368\/441|[from] item: Leftovers
|-heal|p1a: Average Amerifat|197\/524 slp|[from] item: Leftovers
|-damage|p2a: Cresselia|313\/441|[from] Leech Seed|[of] p1a: Average Amerifat
|-heal|p1a: Average Amerifat|252\/524 slp|[silent]
|turn|50
|
|switch|p2a: Whimsicott|Whimsicott, M|74\/261 brn
|-damage|p2a: Whimsicott|42\/261 brn|[from] Stealth Rock
|cant|p1a: Average Amerifat|slp
|move|p1a: Average Amerifat|Sleep Talk|p1a: Average Amerifat
|move|p1a: Average Amerifat|Body Slam|p2a: Whimsicott|[from]Sleep Talk
|-crit|p2a: Whimsicott
|-damage|p2a: Whimsicott|0 fnt
|faint|p2a: Whimsicott
|
|-heal|p1a: Average Amerifat|284\/524 slp|[from] item: Leftovers
|
|switch|p2a: Snorlax|Snorlax, F|459\/524 slp
|-damage|p2a: Snorlax|394\/524 slp|[from] Stealth Rock
|turn|51
|
|switch|p1a: diggersby tho|Whimsicott, M|185\/324
|-damage|p1a: diggersby tho|145\/324|[from] Stealth Rock
|cant|p2a: Snorlax|slp
|
|-heal|p1a: diggersby tho|165\/324|[from] item: Leftovers
|-heal|p2a: Snorlax|426\/524 slp|[from] item: Leftovers
|turn|52
|
|move|p1a: diggersby tho|Leech Seed|p2a: Snorlax
|-start|p2a: Snorlax|move: Leech Seed
|cant|p2a: Snorlax|slp
|
|-heal|p1a: diggersby tho|185\/324|[from] item: Leftovers
|-heal|p2a: Snorlax|458\/524 slp|[from] item: Leftovers
|-damage|p2a: Snorlax|393\/524 slp|[from] Leech Seed|[of] p1a: diggersby tho
|-heal|p1a: diggersby tho|250\/324|[silent]
|turn|53
|c| Gino Giannini|Which fatass is gonna win!? Tune in next time on Pokemon Ball Z.
|
|move|p1a: diggersby tho|U-turn|p2a: Snorlax
|-damage|p2a: Snorlax|349\/524 slp
|
|switch|p1a: Average Amerifat|Snorlax, M|284\/524 slp
|-damage|p1a: Average Amerifat|219\/524 slp|[from] Stealth Rock
|-curestatus|p2a: Snorlax|slp
|move|p2a: Snorlax|Curse|p2a: Snorlax
|-boost|p2a: Snorlax|atk|1
|-boost|p2a: Snorlax|def|1
|-unboost|p2a: Snorlax|spe|1
|
|-heal|p1a: Average Amerifat|251\/524 slp|[from] item: Leftovers
|-heal|p2a: Snorlax|381\/524|[from] item: Leftovers
|-damage|p2a: Snorlax|316\/524|[from] Leech Seed|[of] p1a: Average Amerifat
|-heal|p1a: Average Amerifat|316\/524 slp|[silent]
|turn|54
|
|-curestatus|p1a: Average Amerifat|slp
|move|p1a: Average Amerifat|Curse|p1a: Average Amerifat
|-boost|p1a: Average Amerifat|atk|1
|-boost|p1a: Average Amerifat|def|1
|-unboost|p1a: Average Amerifat|spe|1
|move|p2a: Snorlax|Frustration|p1a: Average Amerifat
|-damage|p1a: Average Amerifat|160\/524
|
|-heal|p2a: Snorlax|348\/524|[from] item: Leftovers
|-heal|p1a: Average Amerifat|192\/524|[from] item: Leftovers
|-damage|p2a: Snorlax|283\/524|[from] Leech Seed|[of] p1a: Average Amerifat
|-heal|p1a: Average Amerifat|257\/524|[silent]
|turn|55
|
|move|p2a: Snorlax|Curse|p2a: Snorlax
|-boost|p2a: Snorlax|atk|1
|-boost|p2a: Snorlax|def|1
|-unboost|p2a: Snorlax|spe|1
|move|p1a: Average Amerifat|Body Slam|p2a: Snorlax
|-damage|p2a: Snorlax|183\/524
|-status|p2a: Snorlax|par
|
|-heal|p1a: Average Amerifat|289\/524|[from] item: Leftovers
|-heal|p2a: Snorlax|215\/524 par|[from] item: Leftovers
|-damage|p2a: Snorlax|150\/524 par|[from] Leech Seed|[of] p1a: Average Amerifat
|-heal|p1a: Average Amerifat|354\/524|[silent]
|turn|56
|
|move|p1a: Average Amerifat|Body Slam|p2a: Snorlax
|-damage|p2a: Snorlax|63\/524 par
|move|p2a: Snorlax|Rest|p2a: Snorlax
|-status|p2a: Snorlax|slp
|-heal|p2a: Snorlax|524\/524 slp|[silent]
|-status|p2a: Snorlax|slp|[from] move: Rest
|
|-heal|p1a: Average Amerifat|386\/524|[from] item: Leftovers
|-damage|p2a: Snorlax|459\/524 slp|[from] Leech Seed|[of] p1a: Average Amerifat
|-heal|p1a: Average Amerifat|451\/524|[silent]
|turn|57
|c|âVaporeon for UU|wow nice para
|
|move|p1a: Average Amerifat|Curse|p1a: Average Amerifat
|-boost|p1a: Average Amerifat|atk|1
|-boost|p1a: Average Amerifat|def|1
|-unboost|p1a: Average Amerifat|spe|1
|cant|p2a: Snorlax|slp
|move|p2a: Snorlax|Sleep Talk|p2a: Snorlax
|move|p2a: Snorlax|Rest|p2a: Snorlax|[from]Sleep Talk
|-fail|p2a: Snorlax
|
|-heal|p2a: Snorlax|491\/524 slp|[from] item: Leftovers
|-heal|p1a: Average Amerifat|483\/524|[from] item: Leftovers
|-damage|p2a: Snorlax|426\/524 slp|[from] Leech Seed|[of] p1a: Average Amerifat
|-heal|p1a: Average Amerifat|524\/524|[silent]
|turn|58
|join|HENRY
|
|cant|p2a: Snorlax|slp
|move|p2a: Snorlax|Sleep Talk|p2a: Snorlax
|move|p2a: Snorlax|Frustration|p1a: Average Amerifat|[from]Sleep Talk
|-damage|p1a: Average Amerifat|374\/524
|move|p1a: Average Amerifat|Curse|p1a: Average Amerifat
|-boost|p1a: Average Amerifat|atk|1
|-boost|p1a: Average Amerifat|def|1
|-unboost|p1a: Average Amerifat|spe|1
|
|-heal|p2a: Snorlax|458\/524 slp|[from] item: Leftovers
|-heal|p1a: Average Amerifat|406\/524|[from] item: Leftovers
|-damage|p2a: Snorlax|393\/524 slp|[from] Leech Seed|[of] p1a: Average Amerifat
|-heal|p1a: Average Amerifat|471\/524|[silent]
|turn|59
|
|-curestatus|p2a: Snorlax|slp
|move|p2a: Snorlax|Curse|p2a: Snorlax
|-boost|p2a: Snorlax|atk|1
|-boost|p2a: Snorlax|def|1
|-unboost|p2a: Snorlax|spe|1
|move|p1a: Average Amerifat|Curse|p1a: Average Amerifat
|-boost|p1a: Average Amerifat|atk|1
|-boost|p1a: Average Amerifat|def|1
|-unboost|p1a: Average Amerifat|spe|1
|
|-heal|p2a: Snorlax|425\/524|[from] item: Leftovers
|-heal|p1a: Average Amerifat|503\/524|[from] item: Leftovers
|-damage|p2a: Snorlax|360\/524|[from] Leech Seed|[of] p1a: Average Amerifat
|-heal|p1a: Average Amerifat|524\/524|[silent]
|turn|60
|
|move|p2a: Snorlax|Curse|p2a: Snorlax
|-boost|p2a: Snorlax|atk|1
|-boost|p2a: Snorlax|def|1
|-unboost|p2a: Snorlax|spe|1
|move|p1a: Average Amerifat|Body Slam|p2a: Snorlax
|-damage|p2a: Snorlax|246\/524
|
|-heal|p2a: Snorlax|278\/524|[from] item: Leftovers
|-damage|p2a: Snorlax|213\/524|[from] Leech Seed|[of] p1a: Average Amerifat
|turn|61
|
|move|p1a: Average Amerifat|Body Slam|p2a: Snorlax
|-damage|p2a: Snorlax|92\/524
|move|p2a: Snorlax|Rest|p2a: Snorlax
|-status|p2a: Snorlax|slp
|-heal|p2a: Snorlax|524\/524 slp|[silent]
|-status|p2a: Snorlax|slp|[from] move: Rest
|
|-damage|p2a: Snorlax|459\/524 slp|[from] Leech Seed|[of] p1a: Average Amerifat
|turn|62
|
|cant|p2a: Snorlax|slp
|move|p2a: Snorlax|Sleep Talk|p2a: Snorlax
|move|p2a: Snorlax|Rest|p2a: Snorlax|[from]Sleep Talk
|-fail|p2a: Snorlax
|move|p1a: Average Amerifat|Curse|p1a: Average Amerifat
|-boost|p1a: Average Amerifat|atk|1
|-boost|p1a: Average Amerifat|def|1
|-unboost|p1a: Average Amerifat|spe|1
|
|-heal|p2a: Snorlax|491\/524 slp|[from] item: Leftovers
|-damage|p2a: Snorlax|426\/524 slp|[from] Leech Seed|[of] p1a: Average Amerifat
|turn|63
|
|cant|p2a: Snorlax|slp
|move|p2a: Snorlax|Sleep Talk|p2a: Snorlax
|move|p2a: Snorlax|Frustration|p1a: Average Amerifat|[from]Sleep Talk
|-damage|p1a: Average Amerifat|385\/524
|move|p1a: Average Amerifat|Body Slam|p2a: Snorlax
|-damage|p2a: Snorlax|282\/524 slp
|
|-heal|p2a: Snorlax|314\/524 slp|[from] item: Leftovers
|-heal|p1a: Average Amerifat|417\/524|[from] item: Leftovers
|-damage|p2a: Snorlax|249\/524 slp|[from] Leech Seed|[of] p1a: Average Amerifat
|-heal|p1a: Average Amerifat|482\/524|[silent]
|turn|64
|
|-curestatus|p2a: Snorlax|slp
|move|p2a: Snorlax|Rest|p2a: Snorlax
|-status|p2a: Snorlax|slp
|-heal|p2a: Snorlax|524\/524 slp|[silent]
|-status|p2a: Snorlax|slp|[from] move: Rest
|move|p1a: Average Amerifat|Body Slam|p2a: Snorlax
|-damage|p2a: Snorlax|376\/524 slp
|
|-heal|p2a: Snorlax|408\/524 slp|[from] item: Leftovers
|-heal|p1a: Average Amerifat|514\/524|[from] item: Leftovers
|-damage|p2a: Snorlax|343\/524 slp|[from] Leech Seed|[of] p1a: Average Amerifat
|-heal|p1a: Average Amerifat|524\/524|[silent]
|turn|65
|
|cant|p2a: Snorlax|slp
|move|p2a: Snorlax|Sleep Talk|p2a: Snorlax
|move|p2a: Snorlax|Rest|p2a: Snorlax|[from]Sleep Talk
|-fail|p2a: Snorlax
|move|p1a: Average Amerifat|Curse|p1a: Average Amerifat
|-boost|p1a: Average Amerifat|atk|1
|-boost|p1a: Average Amerifat|def|1
|-unboost|p1a: Average Amerifat|spe|1
|
|-heal|p2a: Snorlax|375\/524 slp|[from] item: Leftovers
|-damage|p2a: Snorlax|310\/524 slp|[from] Leech Seed|[of] p1a: Average Amerifat
|turn|66
|c|âso dynamic|crit
|c|âVaporeon for UU|wheres my crit
|c|âso dynamic|crit
|leave|some weird shit
|join|YeLlOw SkArMoRy
|c|âVaporeon for UU|crit
|
|cant|p2a: Snorlax|slp
|move|p1a: Average Amerifat|Body Slam|p2a: Snorlax
|-damage|p2a: Snorlax|138\/524 slp
|
|-heal|p2a: Snorlax|170\/524 slp|[from] item: Leftovers
|-damage|p2a: Snorlax|105\/524 slp|[from] Leech Seed|[of] p1a: Average Amerifat
|turn|67
|
|-curestatus|p2a: Snorlax|slp
|move|p2a: Snorlax|Rest|p2a: Snorlax
|-status|p2a: Snorlax|slp
|-heal|p2a: Snorlax|524\/524 slp|[silent]
|-status|p2a: Snorlax|slp|[from] move: Rest
|move|p1a: Average Amerifat|Body Slam|p2a: Snorlax
|-damage|p2a: Snorlax|353\/524 slp
|
|-heal|p2a: Snorlax|385\/524 slp|[from] item: Leftovers
|-damage|p2a: Snorlax|320\/524 slp|[from] Leech Seed|[of] p1a: Average Amerifat
|turn|68
|c|âVaporeon for UU|no curse
|
|cant|p2a: Snorlax|slp
|move|p2a: Snorlax|Sleep Talk|p2a: Snorlax
|move|p2a: Snorlax|Rest|p2a: Snorlax|[from]Sleep Talk
|-fail|p2a: Snorlax
|move|p1a: Average Amerifat|Body Slam|p2a: Snorlax
|-damage|p2a: Snorlax|149\/524 slp
|
|-heal|p2a: Snorlax|181\/524 slp|[from] item: Leftovers
|-damage|p2a: Snorlax|116\/524 slp|[from] Leech Seed|[of] p1a: Average Amerifat
|turn|69
|c|âVaporeon for UU|no curse
|c|âso dynamic|welp
|c|âVaporeon for UU|ahhh
|
|cant|p2a: Snorlax|slp
|move|p1a: Average Amerifat|Body Slam|p2a: Snorlax
|-damage|p2a: Snorlax|0 fnt
|faint|p2a: Snorlax
|
|c|âVaporeon for UU|gg dude
|join|Starmaster
|c|âVaporeon for UU|wp
|c|âso dynamic|gg
|c|âVaporeon for UU|glad it didnt come down to a crit lol
|join|some weird shit
|c|âso dynamic|ye
|c|âso dynamic|man
|c|+dodmen|STAR
|c|âso dynamic|seed whims
|c|+dodmen|MASTIR
|c|+dodmen|IH
|c|+dodmen|HI
|c|âVaporeon for UU|ye
|c|âVaporeon for UU|i like it over encore
|c| akkeshi|trole
|join|SmashBrosBrawl
|join|snapplemango
|c|âso dynamic|i prolly shouldve
|c|+dodmen|STARMASTER
|c|+dodmen|HI
|c|âso dynamic|preserved krook
|c|+dodmen|STARMASTER
|c|+dodmen|HI
|c|âVaporeon for UU|ye
|c|+dodmen|STARMASTER
|c|+dodmen|HI
|c|âso dynamic|welp
|c|âso dynamic|1st loss :\/
|c|âso dynamic|owell
|c|âVaporeon for UU|gg nonetheless
|c|âso dynamic|ye
|c|âVaporeon for UU|at least you wont lose than many points
|c|âso dynamic|o
|c|âVaporeon for UU|like -7 at the most
|-message|so dynamic forfeited.
|
|win|Vaporeon for UU
|raw|Ladder updating...
|c|âso dynamic|my bad
|c|âso dynamic|forgot
|raw|Vaporeon for UU's rating: 1672 &rarr; <strong>1678<\/strong><br \/>(+6 for winning)
|raw|so dynamic's rating: 1377 &rarr; <strong>1371<\/strong><br \/>(-6 for losing)
|c|âVaporeon for UU|lol np
|c|âso dynamic|i still had cress
|leave|Gino Giannini
|c|âVaporeon for UU|all that
|c|âVaporeon for UU|for -6
|c|âso dynamic|yh
|c|âVaporeon for UU|+6*
|c|âVaporeon for UU|rip
|c|âVaporeon for UU|lol gg
|join|666 EDGES
|leave|xShiba
|leave|666 EDGES
|leave|Vaporeon for UU
|player|p1
|leave|snapplemango
|leave|akkeshi
|leave|dodmen