|join|Xylophones
|join|Vaporeon for UU
|player|p1|Xylophones|7
|player|p2|Vaporeon for UU|168
|gametype|singles
|gen|6
|tier|UU
|rated
|rule|Sleep Clause Mod: Limit one foe put to sleep
|rule|Species Clause: Limit one of each PokÃ©mon
|rule|OHKO Clause: OHKO moves are banned
|rule|Moody Clause: Moody is banned
|rule|Evasion Moves Clause: Evasion moves are banned
|rule|Endless Battle Clause: Forcing endless battles is banned
|rule|HP Percentage Mod: HP is shown in percentages
|clearpoke
|poke|p1|Alakazam, M, shiny
|poke|p1|Cloyster, F, shiny
|poke|p1|Mienshao, M, shiny
|poke|p1|Aggron, M, shiny
|poke|p1|Yanmega, M, shiny
|poke|p1|Houndoom, F, shiny
|poke|p2|Toxicroak, F
|poke|p2|Suicune
|poke|p2|Dugtrio, M
|poke|p2|Darmanitan, F
|poke|p2|Forretress, M
|poke|p2|Raikou
|rule|Swagger Clause: Swagger is banned
|rule|Baton Pass Clause: Limit one PokÃ©mon knowing Baton Pass
|teampreview
|join|Cloyster Chowder
|
|start
|switch|p1a: Cloyster|Cloyster, F, shiny|242\/242
|switch|p2a: Darmanitan|Darmanitan, F|351\/351
|turn|1
|
|move|p2a: Darmanitan|U-turn|p1a: Cloyster
|-damage|p1a: Cloyster|190\/242
|
|switch|p2a: Forretress|Forretress, M|354\/354
|move|p1a: Cloyster|Shell Smash|p1a: Cloyster
|-boost|p1a: Cloyster|atk|2
|-boost|p1a: Cloyster|spa|2
|-boost|p1a: Cloyster|spe|2
|-unboost|p1a: Cloyster|def|1
|-unboost|p1a: Cloyster|spd|1
|
|turn|2
|
|move|p1a: Cloyster|Razor Shell|p2a: Forretress
|-damage|p2a: Forretress|236\/354
|move|p2a: Forretress|Stealth Rock|p1a: Cloyster
|-sidestart|p1: Xylophones|move: Stealth Rock
|
|-heal|p2a: Forretress|258\/354|[from] item: Leftovers
|turn|3
|
|move|p1a: Cloyster|Rock Blast|p2a: Forretress
|-damage|p2a: Forretress|229\/354
|-damage|p2a: Forretress|200\/354
|-damage|p2a: Forretress|174\/354
|-damage|p2a: Forretress|146\/354
|-damage|p2a: Forretress|120\/354
|-hitcount|p2a: Forretress|5
|move|p2a: Forretress|Volt Switch|p1a: Cloyster
|-supereffective|p1a: Cloyster
|-damage|p1a: Cloyster|0 fnt
|faint|p1a: Cloyster
|
|switch|p2a: Darmanitan|Darmanitan, F|351\/351
|
|
|switch|p1a: Mienshao|Mienshao, M, shiny|271\/271
|-damage|p1a: Mienshao|255\/271|[from] Stealth Rock
|turn|4
|
|move|p2a: Darmanitan|Flare Blitz|p1a: Mienshao
|-damage|p1a: Mienshao|0 fnt
|-damage|p2a: Darmanitan|267\/351|[from] recoil|[of] p1a: Mienshao
|faint|p1a: Mienshao
|
|
|switch|p1a: Aggron|Aggron, M, shiny|344\/344
|-damage|p1a: Aggron|323\/344|[from] Stealth Rock
|turn|5
|
|move|p2a: Darmanitan|Flare Blitz|p1a: Aggron
|-crit|p1a: Aggron
|-damage|p1a: Aggron|62\/344
|-damage|p2a: Darmanitan|181\/351|[from] recoil|[of] p1a: Aggron
|move|p1a: Aggron|Earthquake|p2a: Darmanitan
|-supereffective|p2a: Darmanitan
|-damage|p2a: Darmanitan|0 fnt
|faint|p2a: Darmanitan
|
|
|switch|p2a: Raikou|Raikou|322\/322
|-ability|p2a: Raikou|Pressure
|turn|6
|
|move|p2a: Raikou|Thunderbolt|p1a: Aggron
|-damage|p1a: Aggron|0 fnt
|faint|p1a: Aggron
|
|
|switch|p1a: Alakazam|Alakazam, M, shiny|251\/251
|turn|7
|
|move|p1a: Alakazam|Calm Mind|p1a: Alakazam
|-boost|p1a: Alakazam|spa|1
|-boost|p1a: Alakazam|spd|1
|move|p2a: Raikou|Volt Switch|p1a: Alakazam
|-damage|p1a: Alakazam|178\/251
|
|switch|p2a: Toxicroak|Toxicroak, F|334\/334
|
|-heal|p1a: Alakazam|193\/251|[from] item: Leftovers
|turn|8
|
|move|p2a: Toxicroak|Sucker Punch|p1a: Alakazam
|-fail|p1a: Alakazam
|move|p1a: Alakazam|Barrier|p1a: Alakazam
|-boost|p1a: Alakazam|def|2
|
|-heal|p1a: Alakazam|208\/251|[from] item: Leftovers
|turn|9
|
|move|p1a: Alakazam|Barrier|p1a: Alakazam
|-boost|p1a: Alakazam|def|2
|move|p2a: Toxicroak|Gunk Shot|p1a: Alakazam|[miss]
|-miss|p2a: Toxicroak|p1a: Alakazam
|
|-heal|p1a: Alakazam|223\/251|[from] item: Leftovers
|turn|10
|c|âVaporeon for UU|>>>>
|
|move|p2a: Toxicroak|Sucker Punch|p1a: Alakazam
|-fail|p1a: Alakazam
|move|p1a: Alakazam|Barrier|p1a: Alakazam
|-boost|p1a: Alakazam|def|2
|
|-heal|p1a: Alakazam|238\/251|[from] item: Leftovers
|turn|11
|
|move|p1a: Alakazam|Psychic|p2a: Toxicroak
|-supereffective|p2a: Toxicroak
|-damage|p2a: Toxicroak|0 fnt
|faint|p2a: Toxicroak
|
|-heal|p1a: Alakazam|251\/251|[from] item: Leftovers
|join|z0mOG
|c|âXylophones|yolo
|
|switch|p2a: Suicune|Suicune|404\/404
|-ability|p2a: Suicune|Pressure
|turn|12
|
|move|p1a: Alakazam|Calm Mind|p1a: Alakazam
|-boost|p1a: Alakazam|spa|1
|-boost|p1a: Alakazam|spd|1
|move|p2a: Suicune|Calm Mind|p2a: Suicune
|-boost|p2a: Suicune|spa|1
|-boost|p2a: Suicune|spd|1
|
|turn|13
|
|move|p1a: Alakazam|Calm Mind|p1a: Alakazam
|-boost|p1a: Alakazam|spa|1
|-boost|p1a: Alakazam|spd|1
|move|p2a: Suicune|Calm Mind|p2a: Suicune
|-boost|p2a: Suicune|spa|1
|-boost|p2a: Suicune|spd|1
|
|turn|14
|
|move|p1a: Alakazam|Calm Mind|p1a: Alakazam
|-boost|p1a: Alakazam|spa|1
|-boost|p1a: Alakazam|spd|1
|move|p2a: Suicune|Calm Mind|p2a: Suicune
|-boost|p2a: Suicune|spa|1
|-boost|p2a: Suicune|spd|1
|
|turn|15
|
|move|p1a: Alakazam|Calm Mind|p1a: Alakazam
|-boost|p1a: Alakazam|spa|1
|-boost|p1a: Alakazam|spd|1
|move|p2a: Suicune|Calm Mind|p2a: Suicune
|-boost|p2a: Suicune|spa|1
|-boost|p2a: Suicune|spd|1
|
|turn|16
|
|move|p1a: Alakazam|Calm Mind|p1a: Alakazam
|-boost|p1a: Alakazam|spa|1
|-boost|p1a: Alakazam|spd|1
|move|p2a: Suicune|Calm Mind|p2a: Suicune
|-boost|p2a: Suicune|spa|1
|-boost|p2a: Suicune|spd|1
|
|turn|17
|
|move|p1a: Alakazam|Psychic|p2a: Suicune
|-damage|p2a: Suicune|272\/404
|move|p2a: Suicune|Calm Mind|p2a: Suicune
|-boost|p2a: Suicune|spa|1
|-boost|p2a: Suicune|spd|1
|
|-heal|p2a: Suicune|297\/404|[from] item: Leftovers
|turn|18
|
|move|p1a: Alakazam|Psychic|p2a: Suicune
|-damage|p2a: Suicune|177\/404
|move|p2a: Suicune|Scald|p1a: Alakazam
|-damage|p1a: Alakazam|161\/251
|
|-heal|p1a: Alakazam|176\/251|[from] item: Leftovers
|-heal|p2a: Suicune|202\/404|[from] item: Leftovers
|turn|19
|
|move|p1a: Alakazam|Psychic|p2a: Suicune
|-damage|p2a: Suicune|70\/404
|move|p2a: Suicune|Rest|p2a: Suicune
|-status|p2a: Suicune|slp
|-heal|p2a: Suicune|404\/404 slp|[silent]
|-status|p2a: Suicune|slp|[from] move: Rest
|
|-heal|p1a: Alakazam|191\/251|[from] item: Leftovers
|turn|20
|
|move|p1a: Alakazam|Psychic|p2a: Suicune
|-damage|p2a: Suicune|275\/404 slp
|cant|p2a: Suicune|slp
|move|p2a: Suicune|Sleep Talk|p2a: Suicune
|move|p2a: Suicune|Calm Mind|p2a: Suicune|[from]Sleep Talk
|-fail|p2a: Suicune
|
|-heal|p1a: Alakazam|206\/251|[from] item: Leftovers
|-heal|p2a: Suicune|300\/404 slp|[from] item: Leftovers
|turn|21
|
|move|p1a: Alakazam|Psychic|p2a: Suicune
|-damage|p2a: Suicune|186\/404 slp
|cant|p2a: Suicune|slp
|move|p2a: Suicune|Sleep Talk|p2a: Suicune
|move|p2a: Suicune|Scald|p1a: Alakazam|[from]Sleep Talk
|-damage|p1a: Alakazam|107\/251
|
|-heal|p1a: Alakazam|122\/251|[from] item: Leftovers
|-heal|p2a: Suicune|211\/404 slp|[from] item: Leftovers
|turn|22
|
|move|p1a: Alakazam|Psychic|p2a: Suicune
|-damage|p2a: Suicune|94\/404 slp
|-unboost|p2a: Suicune|spd|1
|-curestatus|p2a: Suicune|slp
|move|p2a: Suicune|Scald|p1a: Alakazam
|-damage|p1a: Alakazam|25\/251
|-status|p1a: Alakazam|brn
|
|-heal|p1a: Alakazam|40\/251 brn|[from] item: Leftovers
|-heal|p2a: Suicune|119\/404|[from] item: Leftovers
|turn|23
|
|move|p1a: Alakazam|Psychic|p2a: Suicune
|-damage|p2a: Suicune|0 fnt
|faint|p2a: Suicune
|
|-heal|p1a: Alakazam|55\/251 brn|[from] item: Leftovers
|
|switch|p2a: Dugtrio|Dugtrio, M|212\/212
|turn|24
|
|move|p2a: Dugtrio|Sucker Punch|p1a: Alakazam
|-fail|p1a: Alakazam
|move|p1a: Alakazam|Recover|p1a: Alakazam
|-heal|p1a: Alakazam|181\/251 brn
|
|-heal|p1a: Alakazam|196\/251 brn|[from] item: Leftovers
|turn|25
|-message|Vaporeon for UU forfeited.
|
|win|Xylophones
|raw|Ladder updating...
|leave|Vaporeon for UU
|player|p2
|raw|Xylophones's rating: 1362 &rarr; <strong>1381<\/strong><br \/>(+19 for winning)
|raw|Vaporeon for UU's rating: 1344 &rarr; <strong>1325<\/strong><br \/>(-19 for losing)