|join|Meruu
|join|Vaporeon for UU
|player|p1|Meruu|174
|player|p2|Vaporeon for UU|#cpgtan
|gametype|singles
|gen|6
|tier|UU
|rated
|rule|Sleep Clause Mod: Limit one foe put to sleep
|rule|Species Clause: Limit one of each PokÃ©mon
|rule|OHKO Clause: OHKO moves are banned
|rule|Moody Clause: Moody is banned
|rule|Evasion Moves Clause: Evasion moves are banned
|rule|Endless Battle Clause: Forcing endless battles is banned
|rule|HP Percentage Mod: HP is shown in percentages
|clearpoke
|poke|p1|Bronzong
|poke|p1|Florges, F
|poke|p1|Entei, shiny
|poke|p1|Chesnaught, F
|poke|p1|Starmie
|poke|p1|Pidgeot, M
|poke|p2|Machamp, F
|poke|p2|Jirachi
|poke|p2|Vaporeon, F
|poke|p2|Crobat, F
|poke|p2|Hydreigon, M
|poke|p2|Nidoqueen, F
|rule|Swagger Clause: Swagger is banned
|rule|Baton Pass Clause: Limit one PokÃ©mon knowing Baton Pass
|teampreview
|join|poonHunter (DD)
|c|âVaporeon for UU|ohey
|c|âVaporeon for UU|gl hf
|c|âMeruu|eyyyy lmao
|join|y4
|join|z0mOG
|join|Youth Lagoon
|join|Henry
|join|waivfu
|c| Henry|expg
|join|Updated Kanto
|
|start
|switch|p1a: Chesnaught|Chesnaught, F|380\/380
|switch|p2a: champ'ed what els|Machamp, F|343\/343
|turn|1
|
|switch|p2a: Batman XDD|Crobat, F|373\/373
|move|p1a: Chesnaught|Spikes|p2a: Batman XDD
|-sidestart|p2: Vaporeon for UU|Spikes
|
|turn|2
|c| y4|LEADCHAMP STILL WORKS
|
|switch|p1a: Bronzong|Bronzong|338\/338
|move|p2a: Batman XDD|U-turn|p1a: Bronzong
|-damage|p1a: Bronzong|301\/338
|
|switch|p2a: wanna yiff ;^3|Hydreigon, M|325\/325
|
|-heal|p1a: Bronzong|322\/338|[from] item: Leftovers
|turn|3
|c|âMeruu|ooOO
|c|âMeruu|no defog
|c|âMeruu|hue
|c| z0mOG|Meruu=Mernoob
|
|switch|p1a: Florges|Florges, F|360\/360
|move|p2a: wanna yiff ;^3|Flash Cannon|p1a: Florges
|-supereffective|p1a: Florges
|-damage|p1a: Florges|170\/360
|
|-heal|p1a: Florges|192\/360|[from] item: Leftovers
|turn|4
|c| poonHunter (DD)|ay lmao
|c| y4|easiest pred of my life
|
|switch|p2a: Batman XDD|Crobat, F|373\/373
|switch|p1a: Entei|Entei, shiny|371\/371
|-ability|p1a: Entei|Pressure
|
|turn|5
|c| poonHunter (DD)|get yiffed
|join|Dix pix
|
|move|p2a: Batman XDD|U-turn|p1a: Entei
|-resisted|p1a: Entei
|-damage|p1a: Entei|340\/371
|c| z0mOG|too bad ur life is irrelevant
|c| Henry|xd
|
|switch|p2a: rip politoed|Vaporeon, F|451\/451
|-damage|p2a: rip politoed|395\/451|[from] Spikes
|move|p1a: Entei|Sacred Fire|p2a: rip politoed
|-crit|p2a: rip politoed
|-resisted|p2a: rip politoed
|-damage|p2a: rip politoed|180\/451
|
|-heal|p2a: rip politoed|208\/451|[from] item: Leftovers
|turn|6
|c| y4|who the fuck do u think u are talking too little nigga
|c| y4|ZOMGO??????
|
|switch|p1a: Chesnaught|Chesnaught, F|380\/380
|move|p2a: rip politoed|Wish|p2a: rip politoed
|
|-heal|p2a: rip politoed|236\/451|[from] item: Leftovers
|turn|7
|c| Updated Kanto|shhh he's a uu mod xd
|
|move|p2a: rip politoed|Scald|p1a: Chesnaught
|-resisted|p1a: Chesnaught
|-damage|p1a: Chesnaught|317\/380
|move|p1a: Chesnaught|Spikes|p2a: rip politoed
|-sidestart|p2: Vaporeon for UU|Spikes
|
|-heal|p2a: rip politoed|451\/451|[from] move: Wish|[wisher] rip politoed
|-heal|p1a: Chesnaught|340\/380|[from] item: Leftovers
|turn|8
|c| Updated Kanto|ur gonna get b&!
|c| Updated Kanto|...from the uu room
|
|switch|p1a: Starmie|Starmie|271\/271
|move|p2a: rip politoed|Baton Pass|p2a: rip politoed
|c| y4|;_;
|
|switch|p2a: wanna yiff ;^3|Hydreigon, M|325\/325
|
|turn|9
|
|switch|p1a: Florges|Florges, F|192\/360
|move|p2a: wanna yiff ;^3|U-turn|p1a: Florges
|-resisted|p1a: Florges
|-damage|p1a: Florges|168\/360
|
|switch|p2a: Batman XDD|Crobat, F|373\/373
|
|-heal|p1a: Florges|190\/360|[from] item: Leftovers
|turn|10
|join|bouff
|c| z0mOG|i think im talking to MR. NEET HIMSELF
|c| z0mOG|WHO R U?
|join|Matthew Marshall
|c| bouff|Meru LA KID
|
|switch|p1a: Bronzong|Bronzong|322\/338
|move|p2a: Batman XDD|Defog|p1a: Bronzong
|-unboost|p1a: Bronzong|evasion|1
|-sideend|p2: Vaporeon for UU|Spikes|[from] move: Defog|[of] p2a: Batman XDD
|
|-heal|p1a: Bronzong|338\/338|[from] item: Leftovers
|turn|11
|c| y4|i'll just uturn into my epic wallbreaker
|c| Matthew Marshall|M
|c| Matthew Marshall|E
|c| Matthew Marshall|M
|c| Matthew Marshall|E
|
|move|p2a: Batman XDD|U-turn|p1a: Bronzong
|-damage|p1a: Bronzong|300\/338
|c| Matthew Marshall|S
|
|switch|p2a: champ'ed what els|Machamp, F|343\/343
|move|p1a: Bronzong|Toxic|p2a: champ'ed what els|[miss]
|-miss|p1a: Bronzong|p2a: champ'ed what els
|
|-heal|p1a: Bronzong|321\/338|[from] item: Leftovers
|turn|12
|c| y4|>_>
|c| y4|dont spam
|c| Updated Kanto|Spamming?
|c| Matthew Marshall|that's not spam
|
|switch|p1a: Chesnaught|Chesnaught, F|340\/380
|move|p2a: champ'ed what els|Close Combat|p1a: Chesnaught
|-damage|p1a: Chesnaught|124\/380
|-unboost|p2a: champ'ed what els|def|1
|-unboost|p2a: champ'ed what els|spd|1
|
|-heal|p1a: Chesnaught|147\/380|[from] item: Leftovers
|turn|13
|c| Updated Kanto|what a troll -_-
|leave|Youth Lagoon
|c| y4|AHHHHHHHHHHHHHH
|c| bouff|god u guys are autistic
|c| y4|THE NICE CC CHAMP
|c| y4|I LOVE IT
|c| Matthew Marshall|those are paragraphs ;^)
|
|move|p1a: Chesnaught|Spiky Shield|p1a: Chesnaught
|-singleturn|p1a: Chesnaught|move: Protect
|move|p2a: champ'ed what els|Close Combat|p1a: Chesnaught
|-activate|p1a: Chesnaught|move: Protect
|-damage|p2a: champ'ed what els|301\/343|[from] Spiky Shield|[of] p1a: Chesnaught
|
|-heal|p1a: Chesnaught|170\/380|[from] item: Leftovers
|turn|14
|c| y4|get spiked
|
|switch|p1a: Starmie|Starmie|271\/271
|move|p2a: champ'ed what els|Close Combat|p1a: Starmie
|-resisted|p1a: Starmie
|-damage|p1a: Starmie|67\/271
|-unboost|p2a: champ'ed what els|def|1
|-unboost|p2a: champ'ed what els|spd|1
|
|-heal|p1a: Starmie|83\/271|[from] item: Leftovers
|turn|15
|join|swagger on deck
|c| y4|fuckin SMASHED
|c| Matthew Marshall|yum XDD
|c| swagger on deck|what are the lando avatars
|
|switch|p2a: wanna yiff ;^3|Hydreigon, M|325\/325
|move|p1a: Starmie|Recover|p1a: Starmie
|-heal|p1a: Starmie|219\/271
|
|-heal|p1a: Starmie|235\/271|[from] item: Leftovers
|turn|16
|join|yuy
|c| Matthew Marshall|he hacked tumblr to get it
|c| y4|it's the bdsm community
|c| Matthew Marshall|swagger on deck
|c| y4|notice the collar
|c| y4|and leash
|
|switch|p1a: Entei|Entei, shiny|340\/371
|-ability|p1a: Entei|Pressure
|move|p2a: wanna yiff ;^3|Dark Pulse|p1a: Entei
|-damage|p1a: Entei|76\/371
|
|turn|17
|c| Updated Kanto|the hacker 4chan ,,,,,,
|c| Matthew Marshall|kek
|
|switch|p1a: Florges|Florges, F|190\/360
|move|p2a: wanna yiff ;^3|Dark Pulse|p1a: Florges
|-resisted|p1a: Florges
|-damage|p1a: Florges|125\/360
|
|-heal|p1a: Florges|147\/360|[from] item: Leftovers
|turn|18
|c| swagger on deck|4chan is a terrible hacker
|c| swagger on deck|i hope the fbi catches him soon
|
|switch|p2a: Meghan Trainor|Nidoqueen, F|352\/352
|switch|p1a: Pidgeot|Pidgeot, M|317\/317
|
|turn|19
|c| Matthew Marshall|we're from Troll, Inc.
|c| Matthew Marshall|ex dee
|c| Matthew Marshall|we r leqion
|
|detailschange|p1a: Pidgeot|Pidgeot-Mega, M
|message|Pidgeot has Mega Evolved into Mega Pidgeot!
|move|p1a: Pidgeot|Hurricane|p2a: Meghan Trainor
|-damage|p2a: Meghan Trainor|108\/352
|move|p2a: Meghan Trainor|Ice Beam|p1a: Pidgeot
|-supereffective|p1a: Pidgeot
|-damage|p1a: Pidgeot|13\/317
|
|turn|20
|c| y4|THE KID MAKES A DOUBLE!!!!
|c|âVaporeon for UU|wot
|c| Matthew Marshall|!!!
|c|âVaporeon for UU|how bulky
|c|âVaporeon for UU|is that
|c| Matthew Marshall|yun
|c| y4|looks modest too
|
|switch|p2a: rip politoed|Vaporeon, F|451\/451
|move|p1a: Pidgeot|Heat Wave|p2a: rip politoed
|-resisted|p2a: rip politoed
|-damage|p2a: rip politoed|399\/451
|
|-heal|p2a: rip politoed|427\/451|[from] item: Leftovers
|turn|21
|
|switch|p2a: yfw \(Â°â¡Â°)\/|Jirachi|341\/341
|move|p1a: Pidgeot|Roost|p1a: Pidgeot
|-heal|p1a: Pidgeot|172\/317
|
|turn|22
|
|move|p2a: yfw \(Â°â¡Â°)\/|U-turn|p1a: Pidgeot
|-resisted|p1a: Pidgeot
|-damage|p1a: Pidgeot|131\/317
|c| Matthew Marshall|stop trying to make prediction meruu
|c| y4|get fuckin predicted
|
|switch|p2a: rip politoed|Vaporeon, F|427\/451
|move|p1a: Pidgeot|Roost|p1a: Pidgeot
|-heal|p1a: Pidgeot|290\/317
|
|-heal|p2a: rip politoed|451\/451|[from] item: Leftovers
|turn|23
|c| Matthew Marshall|or should I say
|c| y4|SCRUB
|c| Matthew Marshall|spoiler: __kid__
|
|move|p1a: Pidgeot|Hurricane|p2a: rip politoed
|-damage|p2a: rip politoed|285\/451
|-start|p2a: rip politoed|confusion
|-activate|p2a: rip politoed|confusion
|-damage|p2a: rip politoed|265\/451|[from] confusion
|
|-heal|p2a: rip politoed|293\/451|[from] item: Leftovers
|turn|24
|c| y4|THE BIRB LIVE
|join|strOKing
|c|âVaporeon for UU|ahh
|c|âMeruu|the skill is here
|c|âMeruu|bop
|c|âVaporeon for UU|out
|c| y4|bop xD
|c|âVaporeon for UU|skilled
|c| Matthew Marshall|NICE MEMES
|
|move|p1a: Pidgeot|Substitute|p1a: Pidgeot
|-start|p1a: Pidgeot|Substitute
|-damage|p1a: Pidgeot|211\/317
|-activate|p2a: rip politoed|confusion
|-damage|p2a: rip politoed|271\/451|[from] confusion
|
|-heal|p2a: rip politoed|299\/451|[from] item: Leftovers
|turn|25
|c| Matthew Marshall|ARE YOU SHOFU?!?!?!?
|c|âVaporeon for UU|wow ur 2 good
|
|move|p1a: Pidgeot|Hurricane|p2a: rip politoed
|-damage|p2a: rip politoed|124\/451
|-activate|p2a: rip politoed|confusion
|-damage|p2a: rip politoed|104\/451|[from] confusion
|
|-heal|p2a: rip politoed|132\/451|[from] item: Leftovers
|turn|26
|c|âVaporeon for UU|holy fuck
|c| y4|bop!!!!!!!!
|
|-activate|p2a: rip politoed|confusion
|-damage|p2a: rip politoed|109\/451|[from] confusion
|move|p1a: Pidgeot|Hurricane|p2a: rip politoed
|-damage|p2a: rip politoed|0 fnt
|faint|p2a: rip politoed
|
|c|âVaporeon for UU|....
|c| Matthew Marshall|"bop XD"
|c| y4|boooooooooooooooooopp
|c| Updated Kanto|vapo = bad n mad
|c|âMeruu|special walls aint no thang
|
|switch|p2a: Batman XDD|Crobat, F|373\/373
|turn|27
|c|âVaporeon for UU|all i can say is
|c|âVaporeon for UU|fucking epic
|c| Matthew Marshall|>thang
|c| z0mOG|champ is lamp
|c| z0mOG|c h a m p i s l a m p
|c| Matthew Marshall|niggrs know how to use computers now?
|c| y4|IMPEACH
|c| Matthew Marshall|I guess it's better than fucking my white bitches, you monkey
|c| waivfu|meruu teaching little kids the true meaning of pokemon rn
|
|move|p2a: Batman XDD|Brave Bird|p1a: Pidgeot
|-damage|p1a: Pidgeot|49\/317
|-damage|p2a: Batman XDD|320\/373|[from] recoil|[of] p1a: Pidgeot
|move|p1a: Pidgeot|Hurricane|p2a: Batman XDD
|-damage|p2a: Batman XDD|98\/373
|
|-heal|p2a: Batman XDD|121\/373|[from] item: Black Sludge
|turn|28
|
|switch|p1a: Bronzong|Bronzong|321\/338
|move|p2a: Batman XDD|Brave Bird|p1a: Bronzong
|-resisted|p1a: Bronzong
|-damage|p1a: Bronzong|275\/338
|-damage|p2a: Batman XDD|106\/373|[from] recoil|[of] p1a: Bronzong
|
|-heal|p2a: Batman XDD|129\/373|[from] item: Black Sludge
|-heal|p1a: Bronzong|296\/338|[from] item: Leftovers
|turn|29
|join|xShiba
|
|move|p2a: Batman XDD|Roost|p2a: Batman XDD
|-heal|p2a: Batman XDD|316\/373
|move|p1a: Bronzong|Stealth Rock|p2a: Batman XDD
|-sidestart|p2: Vaporeon for UU|move: Stealth Rock
|
|-heal|p2a: Batman XDD|339\/373|[from] item: Black Sludge
|-heal|p1a: Bronzong|317\/338|[from] item: Leftovers
|turn|30
|
|move|p2a: Batman XDD|Defog|p1a: Bronzong
|-unboost|p1a: Bronzong|evasion|1
|-sideend|p2: Vaporeon for UU|Stealth Rock|[from] move: Defog|[of] p2a: Batman XDD
|move|p1a: Bronzong|Gyro Ball|p2a: Batman XDD
|-damage|p2a: Batman XDD|155\/373
|
|-heal|p2a: Batman XDD|178\/373|[from] item: Black Sludge
|-heal|p1a: Bronzong|338\/338|[from] item: Leftovers
|turn|31
|
|move|p2a: Batman XDD|U-turn|p1a: Bronzong
|-damage|p1a: Bronzong|301\/338
|c| y4|florges: **BAN**
|
|switch|p2a: wanna yiff ;^3|Hydreigon, M|325\/325
|move|p1a: Bronzong|Stealth Rock|p2a: wanna yiff ;^3
|-sidestart|p2: Vaporeon for UU|move: Stealth Rock
|
|-heal|p1a: Bronzong|322\/338|[from] item: Leftovers
|turn|32
|c| Matthew Marshall|YES
|c| z0mOG|hey shofu
|c| z0mOG|ur a lamp
|c| Matthew Marshall|I DO WANNA YIFF
|c| Matthew Marshall|CAN YOU STOP ASKING ALL THE TIME?
|c| Matthew Marshall|IT TRIGGERS ME
|leave|xShiba
|c| y4|y
|c| y4|i
|c| y4|f
|c| y4|f
|c| z0mOG|combo breaker!
|c| y4|it was over
|c| Updated Kanto|ur 2 late xD
|c| y4|IDIOT
|c| poonHunter (DD)|c c c c c cc c  c
|c| z0mOG|u forgot the exclamation
|c| z0mOG|so
|c| z0mOG|in fact
|c| z0mOG|i outsmarted u
|c| Matthew Marshall|XDD
|c| y4|fuck u
|c| Updated Kanto|.
|c| Updated Kanto|noob.
|
|switch|p1a: Florges|Florges, F|147\/360
|move|p2a: wanna yiff ;^3|Dark Pulse|p1a: Florges
|-resisted|p1a: Florges
|-damage|p1a: Florges|72\/360
|
|-heal|p1a: Florges|94\/360|[from] item: Leftovers
|turn|33
|c| bouff|**you guys are autistic**
|c| Matthew Marshall|OOOOOOOOOOOOOOH
|c| bouff|u make
|c| z0mOG|:\/
|c| bouff|mush look like a scholar
|c| y4|FLINCH THIS NOOB
|c| bouff|fuck
|c| Matthew Marshall|HE SAID THE FUCK WORD!!!!!!!
|c| bouff|i spelled that wrong!
|c| Matthew Marshall|BOP XD
|c| bouff|! !
|c| bouff|\
|
|switch|p2a: Batman XDD|Crobat, F|178\/373
|-damage|p2a: Batman XDD|85\/373|[from] Stealth Rock
|move|p1a: Florges|Wish|p1a: Florges
|
|-heal|p2a: Batman XDD|108\/373|[from] item: Black Sludge
|-heal|p1a: Florges|116\/360|[from] item: Leftovers
|turn|34
|c| Matthew Marshall|BOP XD
|c| Matthew Marshall|BOP XD
|c| Matthew Marshall|BOP XD
|c| z0mOG|roost on dees protect
|c| y4|b
|c| y4|o
|c| z0mOG|hahaha
|c| y4|p
|
|move|p1a: Florges|Protect|p1a: Florges
|-singleturn|p1a: Florges|Protect
|move|p2a: Batman XDD|Roost|p2a: Batman XDD
|-heal|p2a: Batman XDD|295\/373
|
|-heal|p1a: Florges|296\/360|[from] move: Wish|[wisher] Florges
|-heal|p2a: Batman XDD|318\/373|[from] item: Black Sludge
|-heal|p1a: Florges|318\/360|[from] item: Leftovers
|turn|35
|c| y4|BOP!~
|
|switch|p1a: Bronzong|Bronzong|322\/338
|move|p2a: Batman XDD|Defog|p1a: Bronzong
|-unboost|p1a: Bronzong|evasion|1
|-sideend|p2: Vaporeon for UU|Stealth Rock|[from] move: Defog|[of] p2a: Batman XDD
|
|-heal|p2a: Batman XDD|341\/373|[from] item: Black Sludge
|-heal|p1a: Bronzong|338\/338|[from] item: Leftovers
|turn|36
|
|move|p2a: Batman XDD|U-turn|p1a: Bronzong
|-damage|p1a: Bronzong|303\/338
|
|switch|p2a: champ'ed what els|Machamp, F|301\/343
|move|p1a: Bronzong|Stealth Rock|p2a: champ'ed what els
|-sidestart|p2: Vaporeon for UU|move: Stealth Rock
|
|-heal|p1a: Bronzong|324\/338|[from] item: Leftovers
|turn|37
|c| Matthew Marshall|BOP!~
|
|switch|p1a: Chesnaught|Chesnaught, F|170\/380
|move|p2a: champ'ed what els|Heavy Slam|p1a: Chesnaught
|-damage|p1a: Chesnaught|120\/380
|
|-heal|p1a: Chesnaught|143\/380|[from] item: Leftovers
|turn|38
|c| y4|the fuck
|c| z0mOG|champ is lamp
|c| Matthew Marshall|``__**BOP!~  \(Â°â¡Â°)\/ **__``
|
|switch|p2a: Batman XDD|Crobat, F|341\/373
|-damage|p2a: Batman XDD|248\/373|[from] Stealth Rock
|switch|p1a: Entei|Entei, shiny|76\/371
|-ability|p1a: Entei|Pressure
|
|-heal|p2a: Batman XDD|271\/373|[from] item: Black Sludge
|turn|39
|c| y4|.
|c| y4|timer
|c| y4|whenever
|c| y4|this isnt chess!
|join|sinon-san
|c| Matthew Marshall|BOP!~  \(Â°â¡Â°)\/
|c| Matthew Marshall|BOP!~  \(Â°â¡Â°)\/
|c| Matthew Marshall|BOP!~  \(Â°â¡Â°)\/
|c| Matthew Marshall|BOP!~  \(Â°â¡Â°)\/
|c| Matthew Marshall|BOP!~  \(Â°â¡Â°)\/
|c| Matthew Marshall|BOP!~  \(Â°â¡Â°)\/
|c| Matthew Marshall|wait. this isn't?
|c| bouff|meru
|c| bouff|pm me that team
|c| bouff|im Bored
|c| y4|meru
|c| Matthew Marshall|meru
|c| y4|turn on the timer
|c| z0mOG|I AM CALLING THE MODS MATTHEW
|c| y4|im bored
|c| Matthew Marshall|stick in my buttholw
|c| z0mOG|UNLESS YOU SPAM "champ is lamp"
|c|âMeruu|can you make a move
|c|âMeruu|my computer is gonna die
|c|âMeruu|:\
|c| y4|:\/
|c| Matthew Marshall|I'm bored of just sucking cocks!
|c| z0mOG|vapo this is how u win
|c| Matthew Marshall|Meruu: :\
|c| z0mOG|let his comp die
|c| Matthew Marshall|THE
|c| Matthew Marshall|CITY
|c| Matthew Marshall|OF
|c| Matthew Marshall|MERUU
|leave|sinon-san
|c| y4|how could this happen to meeeee
|c| y4|made my mistakessss
|c| y4|got nowhere to run
|c| y4|BOP
|c|âMeruu|fking
|c|âMeruu|MOVE
|c| y4|TIMER ON
|c| Matthew Marshall|CRAWLINNGGGG INNN MMYYYY SKINNNNNNNNNNNNN
|c| Matthew Marshall|âMeruu: MOVE
|c| Matthew Marshall|excuse you sir
|c| Matthew Marshall|you're ruining the quality of this chat
|c|âMeruu|.
|c|âMeruu|.
|c|âMeruu|.
|c| y4|NO SPAM
|c| y4|NO BULLY
|c| Matthew Marshall|and hampering my showdown experience
|c| z0mOG|CHAMP IS LAMP?
|c| Updated Kanto|I'll tell a mod
|leave|poonHunter (DD)
|c| Updated Kanto|to ban you
|c| Matthew Marshall|please refrain from the poor act of hospitality
|c| Updated Kanto|for spammering
|c| Matthew Marshall|it triggers me
|c| y4|meruu if you can read this dont say anything
|c| Matthew Marshall|what's a read?
|
|move|p1a: Entei|Extreme Speed|p2a: Batman XDD
|-crit|p2a: Batman XDD
|-damage|p2a: Batman XDD|22\/373
|move|p2a: Batman XDD|Brave Bird|p1a: Entei
|-crit|p1a: Entei
|-damage|p1a: Entei|0 fnt
|-damage|p2a: Batman XDD|0 fnt|[from] recoil|[of] p1a: Entei
|faint|p1a: Entei
|faint|p2a: Batman XDD
|
|c|âVaporeon for UU|.
|c| z0mOG|outspilled
|c|âVaporeon for UU|lmao
|c|âVaporeon for UU|gg
|join|jeran
|join|verlis follower
|c|âMeruu|lmoa
|join|WiikHulten
|join|AlmightyPorygon
|c| Matthew Marshall|EX DEE
|leave|verlis follower
|c| waivfu|fkin get rekt
|join|Moniker
|leave|Matthew Marshall
|
|switch|p2a: champ'ed what els|Machamp, F|301\/343
|switch|p1a: Florges|Florges, F|318\/360
|-damage|p2a: champ'ed what els|280\/343|[from] Stealth Rock
|turn|40
|c| y4|COME ON AND SLAM
|c| z0mOG|SPACE JAM
|join|Pottie Scippen.
|join|Pancia
|join|E-Swag-Daddy
|join|Defiance007
|join|Dantheman2468
|join|shadownight716
|c|âVaporeon for UU|jesus christ zamog
|c|âVaporeon for UU|ur such a fucker
|join|Shrek Prophet
|join|Whale LORDd
|c| bouff|who are all these poopyheads
|c| shadownight716|great going kyle
|c| Pottie Scippen.|lmao
|join|Orkodork
|leave|AlmightyPorygon
|join|kikky
|c| bouff|zom wwhat did you do
|join|AlmightyPorygon
|leave|Dantheman2468
|c|âVaporeon for UU|zom and kanto linked in tour chat
|c| z0mOG|tournies room
|leave|kikky
|leave|z0mOG
|c|âVaporeon for UU|[19:58] z0mOG: http:\/\/play.pokemonshowdown.com\/battle-uu-191275668 come watch ur favorite mod @Vaporeon For Ubers get anally plugged!
|leave|Shrek Prophet
|join|Jefo
|c| Pottie Scippen.|kyle believe in the deck!!!!!
|c|âVaporeon for UU|he literally
|
|switch|p2a: Meghan Trainor|Nidoqueen, F|108\/352
|-damage|p2a: Meghan Trainor|86\/352|[from] Stealth Rock
|switch|p1a: Starmie|Starmie|235\/271
|
|-heal|p1a: Starmie|251\/271|[from] item: Leftovers
|turn|41
|leave|Pottie Scippen.
|c|âVaporeon for UU|beat my vapo 1v1 with pidgeot bc of three confusions in a row
|
|switch|p2a: wanna yiff ;^3|Hydreigon, M|325\/325
|-damage|p2a: wanna yiff ;^3|285\/325|[from] Stealth Rock
|move|p1a: Starmie|Scald|p2a: wanna yiff ;^3
|-resisted|p2a: wanna yiff ;^3
|-damage|p2a: wanna yiff ;^3|215\/325
|
|-heal|p1a: Starmie|267\/271|[from] item: Leftovers
|turn|42
|leave|Orkodork
|c|âMeruu|u shouldve brought
|c| waivfu|literally literally
|c|âVaporeon for UU|lum berry
|join|LOLO UMAD
|c|âVaporeon for UU|ik
|c|âMeruu|a mega pidgeot counter
|c|âMeruu|nerd...
|c| LOLO UMAD|hey vapo
|c| E-Swag-Daddy|mr. hom i believe in you, you track champion
|c| LOLO UMAD|\/me ?!?!?!
|join|Bedford PhD
|join|wadata
|
|move|p1a: Starmie|Scald|p2a: wanna yiff ;^3
|-resisted|p2a: wanna yiff ;^3
|-damage|p2a: wanna yiff ;^3|152\/325
|move|p2a: wanna yiff ;^3|U-turn|p1a: Starmie
|-supereffective|p1a: Starmie
|-damage|p1a: Starmie|137\/271
|raw|<div class="broadcast-red"><b>Moderated chat was set to +!<\/b><br \/>Only users of rank + and higher can talk.<\/div>
|join|Shit User
|
|switch|p2a: yfw \(Â°â¡Â°)\/|Jirachi|341\/341
|-damage|p2a: yfw \(Â°â¡Â°)\/|320\/341|[from] Stealth Rock
|
|-heal|p1a: Starmie|153\/271|[from] item: Leftovers
|turn|43
|leave|WiikHulten
|join|Youth Lagoon
|join|zam0g
|join|z0mOG
|c|âVaporeon for UU|welp cant control rng
|leave|AlmightyPorygon
|join|felispaz
|join|javikun1
|c|âVaporeon for UU|I mean its low ladder uu anyways so it doesnt really matter that much lmao
|leave|wadata
|
|switch|p1a: Bronzong|Bronzong|324\/338
|move|p2a: yfw \(Â°â¡Â°)\/|U-turn|p1a: Bronzong
|-damage|p1a: Bronzong|282\/338
|leave|z0mOG
|c|âVaporeon for UU|or middle ladder rather
|
|switch|p2a: champ'ed what els|Machamp, F|280\/343
|-damage|p2a: champ'ed what els|259\/343|[from] Stealth Rock
|
|-heal|p1a: Bronzong|303\/338|[from] item: Leftovers
|turn|44
|leave|felispaz
|join|Animeder
|
|move|p2a: champ'ed what els|Close Combat|p1a: Bronzong
|-damage|p1a: Bronzong|56\/338
|-unboost|p2a: champ'ed what els|def|1
|-unboost|p2a: champ'ed what els|spd|1
|move|p1a: Bronzong|Gyro Ball|p2a: champ'ed what els
|-damage|p2a: champ'ed what els|132\/343
|
|-heal|p1a: Bronzong|77\/338|[from] item: Leftovers
|turn|45
|
|switch|p1a: Florges|Florges, F|318\/360
|move|p2a: champ'ed what els|Close Combat|p1a: Florges
|-resisted|p1a: Florges
|-damage|p1a: Florges|160\/360
|-unboost|p2a: champ'ed what els|def|1
|-unboost|p2a: champ'ed what els|spd|1
|
|-heal|p1a: Florges|182\/360|[from] item: Leftovers
|turn|46
|leave|waivfu
|join|Yiffeon
|leave|Animeder
|
|switch|p2a: yfw \(Â°â¡Â°)\/|Jirachi|320\/341
|-damage|p2a: yfw \(Â°â¡Â°)\/|299\/341|[from] Stealth Rock
|move|p1a: Florges|Moonblast|p2a: yfw \(Â°â¡Â°)\/
|-resisted|p2a: yfw \(Â°â¡Â°)\/
|-damage|p2a: yfw \(Â°â¡Â°)\/|243\/341
|
|-heal|p1a: Florges|204\/360|[from] item: Leftovers
|turn|47
|
|move|p1a: Florges|Protect|p1a: Florges
|-singleturn|p1a: Florges|Protect
|move|p2a: yfw \(Â°â¡Â°)\/|Iron Head|p1a: Florges
|-activate|p1a: Florges|Protect
|
|-heal|p1a: Florges|226\/360|[from] item: Leftovers
|turn|48
|
|switch|p1a: Chesnaught|Chesnaught, F|143\/380
|move|p2a: yfw \(Â°â¡Â°)\/|Iron Head|p1a: Chesnaught
|-damage|p1a: Chesnaught|61\/380
|
|-heal|p1a: Chesnaught|84\/380|[from] item: Leftovers
|turn|49
|
|move|p1a: Chesnaught|Spiky Shield|p1a: Chesnaught
|-singleturn|p1a: Chesnaught|move: Protect
|move|p2a: yfw \(Â°â¡Â°)\/|Iron Head|p1a: Chesnaught
|-activate|p1a: Chesnaught|move: Protect
|-damage|p2a: yfw \(Â°â¡Â°)\/|201\/341|[from] Spiky Shield|[of] p1a: Chesnaught
|
|-heal|p1a: Chesnaught|107\/380|[from] item: Leftovers
|turn|50
|
|move|p2a: yfw \(Â°â¡Â°)\/|Iron Head|p1a: Chesnaught
|-damage|p1a: Chesnaught|34\/380
|cant|p1a: Chesnaught|flinch
|
|-heal|p1a: Chesnaught|57\/380|[from] item: Leftovers
|turn|51
|
|switch|p2a: Meghan Trainor|Nidoqueen, F|86\/352
|-damage|p2a: Meghan Trainor|64\/352|[from] Stealth Rock
|move|p1a: Chesnaught|Spiky Shield|p1a: Chesnaught
|-fail|p1a: Chesnaught
|
|-heal|p1a: Chesnaught|80\/380|[from] item: Leftovers
|turn|52
|
|move|p2a: Meghan Trainor|Ice Beam|p1a: Chesnaught
|-supereffective|p1a: Chesnaught
|-damage|p1a: Chesnaught|0 fnt
|faint|p1a: Chesnaught
|
|
|switch|p1a: Starmie|Starmie|153\/271
|turn|53
|
|move|p1a: Starmie|Scald|p2a: Meghan Trainor
|-supereffective|p2a: Meghan Trainor
|-damage|p2a: Meghan Trainor|0 fnt
|faint|p2a: Meghan Trainor
|
|-heal|p1a: Starmie|169\/271|[from] item: Leftovers
|
|switch|p2a: wanna yiff ;^3|Hydreigon, M|152\/325
|-damage|p2a: wanna yiff ;^3|112\/325|[from] Stealth Rock
|turn|54
|join|waivfu
|leave|Defiance007
|
|switch|p1a: Bronzong|Bronzong|77\/338
|move|p2a: wanna yiff ;^3|U-turn|p1a: Bronzong
|-crit|p1a: Bronzong
|-damage|p1a: Bronzong|30\/338
|c|âMeruu|kk its ober
|c|âMeruu|hue
|
|switch|p2a: champ'ed what els|Machamp, F|132\/343
|-damage|p2a: champ'ed what els|111\/343|[from] Stealth Rock
|
|-heal|p1a: Bronzong|51\/338|[from] item: Leftovers
|turn|55
|c|âVaporeon for UU|\/me welp
|
|move|p2a: champ'ed what els|Close Combat|p1a: Bronzong
|-damage|p1a: Bronzong|0 fnt
|-unboost|p2a: champ'ed what els|def|1
|-unboost|p2a: champ'ed what els|spd|1
|faint|p1a: Bronzong
|
|c|âVaporeon for UU|v-vapo where u at..
|
|switch|p1a: Starmie|Starmie|169\/271
|turn|56
|
|switch|p2a: wanna yiff ;^3|Hydreigon, M|112\/325
|-damage|p2a: wanna yiff ;^3|72\/325|[from] Stealth Rock
|move|p1a: Starmie|Scald|p2a: wanna yiff ;^3
|-resisted|p2a: wanna yiff ;^3
|-damage|p2a: wanna yiff ;^3|5\/325
|-status|p2a: wanna yiff ;^3|brn
|
|-heal|p1a: Starmie|185\/271|[from] item: Leftovers
|-damage|p2a: wanna yiff ;^3|0 fnt|[from] brn
|faint|p2a: wanna yiff ;^3
|
|switch|p2a: yfw \(Â°â¡Â°)\/|Jirachi|201\/341
|-damage|p2a: yfw \(Â°â¡Â°)\/|180\/341|[from] Stealth Rock
|turn|57
|join|watermelonium
|
|move|p2a: yfw \(Â°â¡Â°)\/|U-turn|p1a: Starmie
|-supereffective|p1a: Starmie
|-damage|p1a: Starmie|33\/271
|
|switch|p2a: champ'ed what els|Machamp, F|111\/343
|-damage|p2a: champ'ed what els|90\/343|[from] Stealth Rock
|move|p1a: Starmie|Recover|p1a: Starmie
|-heal|p1a: Starmie|169\/271
|
|-heal|p1a: Starmie|185\/271|[from] item: Leftovers
|turn|58
|c|âMeruu|nah nigga
|c|âVaporeon for UU|:^(
|
|move|p2a: champ'ed what els|Bullet Punch|p1a: Starmie
|-resisted|p1a: Starmie
|-damage|p1a: Starmie|139\/271
|move|p1a: Starmie|Psyshock|p2a: champ'ed what els
|-supereffective|p2a: champ'ed what els
|-damage|p2a: champ'ed what els|0 fnt
|faint|p2a: champ'ed what els
|
|-heal|p1a: Starmie|155\/271|[from] item: Leftovers
|
|switch|p2a: yfw \(Â°â¡Â°)\/|Jirachi|180\/341
|-damage|p2a: yfw \(Â°â¡Â°)\/|159\/341|[from] Stealth Rock
|turn|59
|c|âVaporeon for UU|rachi pls
|c|âVaporeon for UU|though knowing my luck
|c|âVaporeon for UU|you break through on the first iron head and get a crit burn
|c|âVaporeon for UU|:^<
|
|switch|p1a: Pidgeot|Pidgeot-Mega, M|49\/317
|move|p2a: yfw \(Â°â¡Â°)\/|Iron Head|p1a: Pidgeot
|-damage|p1a: Pidgeot|0 fnt
|faint|p1a: Pidgeot
|
|
|switch|p1a: Florges|Florges, F|226\/360
|turn|60
|
|move|p1a: Florges|Protect|p1a: Florges
|-singleturn|p1a: Florges|Protect
|move|p2a: yfw \(Â°â¡Â°)\/|Iron Head|p1a: Florges
|-activate|p1a: Florges|Protect
|
|-heal|p1a: Florges|248\/360|[from] item: Leftovers
|turn|61
|
|move|p2a: yfw \(Â°â¡Â°)\/|Iron Head|p1a: Florges
|-supereffective|p1a: Florges
|-damage|p1a: Florges|12\/360
|cant|p1a: Florges|flinch
|
|-heal|p1a: Florges|34\/360|[from] item: Leftovers
|turn|62
|
|move|p1a: Florges|Protect|p1a: Florges
|-singleturn|p1a: Florges|Protect
|move|p2a: yfw \(Â°â¡Â°)\/|Iron Head|p1a: Florges
|-activate|p1a: Florges|Protect
|
|-heal|p1a: Florges|56\/360|[from] item: Leftovers
|turn|63
|
|move|p1a: Florges|Protect|p1a: Florges
|-fail|p1a: Florges
|move|p2a: yfw \(Â°â¡Â°)\/|Iron Head|p1a: Florges
|-supereffective|p1a: Florges
|-damage|p1a: Florges|0 fnt
|faint|p1a: Florges
|
|c|âVaporeon for UU|come on rachi
|c|âVaporeon for UU|come
|c|âVaporeon for UU|on
|c|âVaporeon for UU|rachi
|
|switch|p1a: Starmie|Starmie|155\/271
|turn|64
|c|âVaporeon for UU|do it
|c|âVaporeon for UU|for
|c|âVaporeon for UU|**america
|c|âVaporeon for UU|fuck
|c|âMeruu|faster pls
|c|âVaporeon for UU|bad meme
|raw|<div class="broadcast-blue"><b>Moderated chat was disabled!<\/b><br \/>Anyone may talk now.<\/div>
|
|move|p2a: yfw \(Â°â¡Â°)\/|Iron Head|p1a: Starmie
|-resisted|p1a: Starmie
|-damage|p1a: Starmie|86\/271
|move|p1a: Starmie|Recover|p1a: Starmie
|-heal|p1a: Starmie|222\/271
|
|-heal|p1a: Starmie|238\/271|[from] item: Leftovers
|turn|65
|c| bouff|HUE
|c|âVaporeon for UU|fuck
|
|move|p2a: yfw \(Â°â¡Â°)\/|Iron Head|p1a: Starmie
|-resisted|p1a: Starmie
|-damage|p1a: Starmie|166\/271
|cant|p1a: Starmie|flinch
|
|-heal|p1a: Starmie|182\/271|[from] item: Leftovers
|turn|66
|c| yuy|**the dream is alive**
|
|move|p2a: yfw \(Â°â¡Â°)\/|Iron Head|p1a: Starmie
|-resisted|p1a: Starmie
|-damage|p1a: Starmie|108\/271
|move|p1a: Starmie|Recover|p1a: Starmie
|-heal|p1a: Starmie|244\/271
|
|-heal|p1a: Starmie|260\/271|[from] item: Leftovers
|turn|67
|c|âVaporeon for UU|go go go
|c|âVaporeon for UU|>>
|c| strOKing|GO RACHI!!!!!!!!!!!!!!!!!!!!!!!!!
|c| strOKing|!!!
|
|move|p2a: yfw \(Â°â¡Â°)\/|Iron Head|p1a: Starmie
|-resisted|p1a: Starmie
|-damage|p1a: Starmie|197\/271
|cant|p1a: Starmie|flinch
|
|-heal|p1a: Starmie|213\/271|[from] item: Leftovers
|turn|68
|c| Youth Lagoon|>faster pls
|c| yuy|yey
|
|move|p2a: yfw \(Â°â¡Â°)\/|Iron Head|p1a: Starmie
|-resisted|p1a: Starmie
|-damage|p1a: Starmie|144\/271
|move|p1a: Starmie|Recover|p1a: Starmie
|-heal|p1a: Starmie|271\/271
|
|turn|69
|c| Youth Lagoon|>doesnt click scald
|c| yuy|**the dream is alive**
|c| Youth Lagoon|what a cuck
|c| bouff|hes scarf u autist
|c|âVaporeon for UU|ok
|c| Shit User|he clicks scald
|c|âVaporeon for UU|can we stop being
|c|âVaporeon for UU|fair
|c| Shit User|at max
|
|move|p2a: yfw \(Â°â¡Â°)\/|Iron Head|p1a: Starmie
|-resisted|p1a: Starmie
|-damage|p1a: Starmie|202\/271
|move|p1a: Starmie|Scald|p2a: yfw \(Â°â¡Â°)\/
|-crit|p2a: yfw \(Â°â¡Â°)\/
|-damage|p2a: yfw \(Â°â¡Â°)\/|0 fnt
|faint|p2a: yfw \(Â°â¡Â°)\/
|
|win|Meruu
|raw|Ladder updating...
|c| Shit User|obvs
|c|âVaporeon for UU|LMFAOOO
|c| bouff|HUE
|c| waivfu|rip
|c| waivfu|irprirprprirpr
|c| yuy|l o l
|c| bouff|VAPO A KID
|c| Shit User|lol
|raw|Meruu's rating: 1609 &rarr; <strong>1623<\/strong><br \/>(+14 for winning)
|raw|Vaporeon for UU's rating: 1497 &rarr; <strong>1483<\/strong><br \/>(-14 for losing)
|c|âMeruu|lmoa
|c| waivfu|rirpripr
|c| waivfu|ripripripriprip
|c| waivfu|meruu god confirmed
|leave|bouff
|leave|Vaporeon for UU
|player|p2
|leave|waivfu
|leave|Shit User
|leave|Meruu
|leave|Updated Kanto
|leave|Youth Lagoon
|leave|Bedford PhD
|player|p1
|leave|Henry
|leave|y4
|leave|Moniker
|join|Youth Lagoon
|leave|javikun1
|leave|Yiffeon
|leave|strOKing
|leave|Youth Lagoon
|leave|shadownight716
|leave|Whale LORDd
|leave|E-Swag-Daddy
|leave|yuy
|join|sweaner
|leave|sweaner