|join|HaloOverCOD
|join|I'm Rick Astley
|player|p1|HaloOverCOD|266
|player|p2|I'm Rick Astley|179
|gametype|singles
|gen|6
|tier|OU
|rated
|clearpoke
|poke|p1|Keldeo
|poke|p1|Gallade, M
|poke|p1|Rotom-Wash
|poke|p1|Heatran, M
|poke|p1|Scizor, M
|poke|p1|Latias, F
|poke|p2|Manaphy
|poke|p2|Altaria, F
|poke|p2|Heatran, F
|poke|p2|Latios, M
|poke|p2|Ferrothorn, M
|poke|p2|Rotom-Wash
|rule|Swagger Clause: Swagger is banned
|rule|Baton Pass Clause: Limit one PokÃ©mon knowing Baton Pass
|rule|Sleep Clause Mod: Limit one foe put to sleep
|rule|Species Clause: Limit one of each PokÃ©mon
|rule|OHKO Clause: OHKO moves are banned
|rule|Moody Clause: Moody is banned
|rule|Evasion Moves Clause: Evasion moves are banned
|rule|Endless Battle Clause: Forcing endless battles is banned
|rule|HP Percentage Mod: HP is shown in percentages
|teampreview
|
|start
|switch|p1a: Rotom-Wash|Rotom-Wash|304\/304
|switch|p2a: Altaria|Altaria, F|354\/354
|turn|1
|join|zypreu
|
|detailschange|p2a: Altaria|Altaria-Mega, F
|message|Altaria has Mega Evolved into Mega Altaria!
|move|p2a: Altaria|Substitute|p2a: Altaria
|-start|p2a: Altaria|Substitute
|-damage|p2a: Altaria|266\/354
|move|p1a: Rotom-Wash|Will-O-Wisp|p2a: Altaria|[miss]
|-miss|p1a: Rotom-Wash|p2a: Altaria
|
|turn|2
|
|move|p2a: Altaria|Roost|p2a: Altaria
|-heal|p2a: Altaria|354\/354
|move|p1a: Rotom-Wash|Volt Switch|p2a: Altaria
|-resisted|p2a: Altaria
|-activate|p2a: Altaria|Substitute|[damage]
|
|switch|p1a: Scizor|Scizor, M|344\/344
|
|turn|3
|
|switch|p2a: Heatran|Heatran, F|323\/323
|-item|p2a: Heatran|Air Balloon
|move|p1a: Scizor|Bullet Punch|p2a: Heatran
|-resisted|p2a: Heatran
|-damage|p2a: Heatran|301\/323
|-enditem|p2a: Heatran|Air Balloon
|
|turn|4
|
|switch|p1a: Rotom-Wash|Rotom-Wash|304\/304
|move|p2a: Heatran|Stealth Rock|p1a: Rotom-Wash
|-sidestart|p1: HaloOverCOD|move: Stealth Rock
|
|turn|5
|
|switch|p2a: Latios|Latios, M|301\/301
|move|p1a: Rotom-Wash|Volt Switch|p2a: Latios
|-resisted|p2a: Latios
|-damage|p2a: Latios|262\/301
|
|switch|p1a: Scizor|Scizor, M|344\/344
|-damage|p1a: Scizor|301\/344|[from] Stealth Rock
|
|-heal|p1a: Scizor|322\/344|[from] item: Leftovers
|turn|6
|
|move|p2a: Latios|Hidden Power|p1a: Scizor
|-supereffective|p1a: Scizor
|-damage|p1a: Scizor|0 fnt
|-damage|p2a: Latios|232\/301|[from] item: Life Orb
|faint|p1a: Scizor
|
|
|switch|p1a: Latias|Latias, F|301\/301
|-damage|p1a: Latias|264\/301|[from] Stealth Rock
|turn|7
|
|switch|p1a: Gallade|Gallade, M|294\/294
|-damage|p1a: Gallade|276\/294|[from] Stealth Rock
|switch|p2a: Ferrothorn|Ferrothorn, M|352\/352
|
|turn|8
|
|detailschange|p1a: Gallade|Gallade-Mega, M
|message|Gallade has Mega Evolved into Mega Gallade!
|move|p1a: Gallade|Swords Dance|p1a: Gallade
|-boost|p1a: Gallade|atk|2
|move|p2a: Ferrothorn|Thunder Wave|p1a: Gallade
|-status|p1a: Gallade|par
|
|turn|9
|
|cant|p1a: Gallade|par
|move|p2a: Ferrothorn|Gyro Ball|p1a: Gallade
|-damage|p1a: Gallade|216\/294 par
|
|turn|10
|
|move|p1a: Gallade|Drain Punch|p2a: Ferrothorn
|-crit|p2a: Ferrothorn
|-supereffective|p2a: Ferrothorn
|-damage|p2a: Ferrothorn|0 fnt
|-heal|p1a: Gallade|294\/294 par|[from] drain|[of] p2a: Ferrothorn
|-damage|p1a: Gallade|258\/294 par|[from] ability: Iron Barbs|[of] p2a: Ferrothorn
|faint|p2a: Ferrothorn
|
|
|switch|p2a: Altaria|Altaria-Mega, F|354\/354
|turn|11
|
|switch|p1a: Heatran|Heatran, M|383\/383
|-damage|p1a: Heatran|336\/383|[from] Stealth Rock
|move|p2a: Altaria|Return|p1a: Heatran
|-resisted|p1a: Heatran
|-damage|p1a: Heatran|299\/383
|
|-heal|p1a: Heatran|322\/383|[from] item: Leftovers
|turn|12
|
|move|p2a: Altaria|Substitute|p2a: Altaria
|-start|p2a: Altaria|Substitute
|-damage|p2a: Altaria|266\/354
|move|p1a: Heatran|Stealth Rock|p2a: Altaria
|-sidestart|p2: I'm Rick Astley|move: Stealth Rock
|
|-heal|p1a: Heatran|345\/383|[from] item: Leftovers
|turn|13
|
|move|p2a: Altaria|Roost|p2a: Altaria
|-heal|p2a: Altaria|354\/354
|move|p1a: Heatran|Flash Cannon|p2a: Altaria
|-supereffective|p2a: Altaria
|-end|p2a: Altaria|Substitute
|
|-heal|p1a: Heatran|368\/383|[from] item: Leftovers
|turn|14
|
|switch|p2a: Manaphy|Manaphy|365\/365
|-damage|p2a: Manaphy|320\/365|[from] Stealth Rock
|move|p1a: Heatran|Lava Plume|p2a: Manaphy
|-resisted|p2a: Manaphy
|-damage|p2a: Manaphy|253\/365
|
|-heal|p2a: Manaphy|275\/365|[from] item: Leftovers
|-heal|p1a: Heatran|383\/383|[from] item: Leftovers
|turn|15
|
|switch|p1a: Rotom-Wash|Rotom-Wash|304\/304
|-damage|p1a: Rotom-Wash|266\/304|[from] Stealth Rock
|move|p2a: Manaphy|Scald|p1a: Rotom-Wash
|-resisted|p1a: Rotom-Wash
|-damage|p1a: Rotom-Wash|228\/304
|
|-heal|p2a: Manaphy|297\/365|[from] item: Leftovers
|-heal|p1a: Rotom-Wash|247\/304|[from] item: Leftovers
|turn|16
|
|switch|p2a: Rotom-Wash|Rotom-Wash|304\/304
|-damage|p2a: Rotom-Wash|266\/304|[from] Stealth Rock
|move|p1a: Rotom-Wash|Volt Switch|p2a: Rotom-Wash
|-damage|p2a: Rotom-Wash|185\/304
|
|switch|p1a: Gallade|Gallade-Mega, M|258\/294 par
|-damage|p1a: Gallade|240\/294 par|[from] Stealth Rock
|
|-heal|p2a: Rotom-Wash|204\/304|[from] item: Leftovers
|turn|17
|
|switch|p2a: Altaria|Altaria-Mega, F|354\/354
|-damage|p2a: Altaria|310\/354|[from] Stealth Rock
|move|p1a: Gallade|Psycho Cut|p2a: Altaria
|-damage|p2a: Altaria|192\/354
|
|turn|18
|
|switch|p1a: Heatran|Heatran, M|383\/383
|-damage|p1a: Heatran|336\/383|[from] Stealth Rock
|move|p2a: Altaria|Roost|p2a: Altaria
|-heal|p2a: Altaria|354\/354
|
|-heal|p1a: Heatran|359\/383|[from] item: Leftovers
|turn|19
|
|switch|p2a: Rotom-Wash|Rotom-Wash|204\/304
|-damage|p2a: Rotom-Wash|166\/304|[from] Stealth Rock
|move|p1a: Heatran|Lava Plume|p2a: Rotom-Wash
|-resisted|p2a: Rotom-Wash
|-damage|p2a: Rotom-Wash|101\/304
|
|-heal|p2a: Rotom-Wash|120\/304|[from] item: Leftovers
|-heal|p1a: Heatran|382\/383|[from] item: Leftovers
|turn|20
|
|switch|p1a: Latias|Latias, F|264\/301
|-damage|p1a: Latias|227\/301|[from] Stealth Rock
|move|p2a: Rotom-Wash|Volt Switch|p1a: Latias
|-crit|p1a: Latias
|-resisted|p1a: Latias
|-damage|p1a: Latias|179\/301
|
|switch|p2a: Heatran|Heatran, F|301\/323
|-damage|p2a: Heatran|261\/323|[from] Stealth Rock
|
|turn|21
|
|move|p1a: Latias|Draco Meteor|p2a: Heatran
|-resisted|p2a: Heatran
|-damage|p2a: Heatran|145\/323
|-unboost|p1a: Latias|spa|2
|-damage|p1a: Latias|149\/301|[from] item: Life Orb
|move|p2a: Heatran|Fire Blast|p1a: Latias
|-resisted|p1a: Latias
|-damage|p1a: Latias|65\/301
|
|turn|22
|
|move|p1a: Latias|Healing Wish|p1a: Latias
|faint|p1a: Latias
|move|p2a: Heatran|Flash Cannon|p1: Latias|[notarget]
|-notarget
|
|
|switch|p1a: Gallade|Gallade-Mega, M|240\/294 par
|-heal|p1a: Gallade|294\/294|[from] move: Healing Wish
|-damage|p1a: Gallade|276\/294|[from] Stealth Rock
|turn|23
|
|move|p1a: Gallade|Drain Punch|p2a: Heatran
|-supereffective|p2a: Heatran
|-damage|p2a: Heatran|0 fnt
|-heal|p1a: Gallade|294\/294|[from] drain|[of] p2a: Heatran
|faint|p2a: Heatran
|
|
|switch|p2a: Altaria|Altaria-Mega, F|354\/354
|-damage|p2a: Altaria|310\/354|[from] Stealth Rock
|turn|24
|
|switch|p1a: Heatran|Heatran, M|382\/383
|-damage|p1a: Heatran|335\/383|[from] Stealth Rock
|move|p2a: Altaria|Return|p1a: Heatran
|-resisted|p1a: Heatran
|-damage|p1a: Heatran|293\/383
|
|-heal|p1a: Heatran|316\/383|[from] item: Leftovers
|turn|25
|
|switch|p2a: Rotom-Wash|Rotom-Wash|120\/304
|-damage|p2a: Rotom-Wash|82\/304|[from] Stealth Rock
|move|p1a: Heatran|Flash Cannon|p2a: Rotom-Wash
|-resisted|p2a: Rotom-Wash
|-damage|p2a: Rotom-Wash|53\/304
|
|-heal|p2a: Rotom-Wash|72\/304|[from] item: Leftovers
|-heal|p1a: Heatran|339\/383|[from] item: Leftovers
|turn|26
|
|switch|p1a: Rotom-Wash|Rotom-Wash|247\/304
|-damage|p1a: Rotom-Wash|209\/304|[from] Stealth Rock
|move|p2a: Rotom-Wash|Pain Split|p1a: Rotom-Wash
|-sethp|p1a: Rotom-Wash|140\/304|p2a: Rotom-Wash|140\/304|[from] move: Pain Split
|
|-heal|p1a: Rotom-Wash|159\/304|[from] item: Leftovers
|-heal|p2a: Rotom-Wash|159\/304|[from] item: Leftovers
|turn|27
|
|move|p1a: Rotom-Wash|Will-O-Wisp|p2a: Rotom-Wash
|-status|p2a: Rotom-Wash|brn
|move|p2a: Rotom-Wash|Volt Switch|p1a: Rotom-Wash
|-damage|p1a: Rotom-Wash|104\/304
|
|switch|p2a: Latios|Latios, M|232\/301
|-damage|p2a: Latios|195\/301|[from] Stealth Rock
|
|-heal|p1a: Rotom-Wash|123\/304|[from] item: Leftovers
|turn|28
|
|move|p2a: Latios|Psyshock|p1a: Rotom-Wash
|-damage|p1a: Rotom-Wash|0 fnt
|-damage|p2a: Latios|165\/301|[from] item: Life Orb
|faint|p1a: Rotom-Wash
|
|
|switch|p1a: Gallade|Gallade-Mega, M|294\/294
|-damage|p1a: Gallade|276\/294|[from] Stealth Rock
|turn|29
|
|switch|p1a: Heatran|Heatran, M|339\/383
|-damage|p1a: Heatran|292\/383|[from] Stealth Rock
|switch|p2a: Rotom-Wash|Rotom-Wash|159\/304 brn
|-damage|p2a: Rotom-Wash|121\/304 brn|[from] Stealth Rock
|
|-heal|p2a: Rotom-Wash|140\/304 brn|[from] item: Leftovers
|-heal|p1a: Heatran|315\/383|[from] item: Leftovers
|-damage|p2a: Rotom-Wash|102\/304 brn|[from] brn
|turn|30
|
|switch|p1a: Keldeo|Keldeo|323\/323
|-damage|p1a: Keldeo|303\/323|[from] Stealth Rock
|move|p2a: Rotom-Wash|Hydro Pump|p1a: Keldeo
|-resisted|p1a: Keldeo
|-damage|p1a: Keldeo|227\/323
|
|-heal|p2a: Rotom-Wash|121\/304 brn|[from] item: Leftovers
|-damage|p2a: Rotom-Wash|83\/304 brn|[from] brn
|turn|31
|
|move|p1a: Keldeo|Secret Sword|p2a: Rotom-Wash
|-damage|p2a: Rotom-Wash|0 fnt
|-damage|p1a: Keldeo|195\/323|[from] item: Life Orb
|faint|p2a: Rotom-Wash
|
|
|switch|p2a: Latios|Latios, M|165\/301
|-damage|p2a: Latios|128\/301|[from] Stealth Rock
|turn|32
|
|switch|p1a: Heatran|Heatran, M|315\/383
|-damage|p1a: Heatran|268\/383|[from] Stealth Rock
|move|p2a: Latios|Psyshock|p1a: Heatran
|-resisted|p1a: Heatran
|-damage|p1a: Heatran|173\/383
|-damage|p2a: Latios|98\/301|[from] item: Life Orb
|
|-heal|p1a: Heatran|196\/383|[from] item: Leftovers
|turn|33
|
|move|p2a: Latios|Draco Meteor|p1a: Heatran
|-resisted|p1a: Heatran
|-damage|p1a: Heatran|73\/383
|-unboost|p2a: Latios|spa|2
|-damage|p2a: Latios|68\/301|[from] item: Life Orb
|move|p1a: Heatran|Lava Plume|p2a: Latios
|-resisted|p2a: Latios
|-damage|p2a: Latios|10\/301
|
|-heal|p1a: Heatran|96\/383|[from] item: Leftovers
|turn|34
|
|switch|p1a: Keldeo|Keldeo|195\/323
|-damage|p1a: Keldeo|175\/323|[from] Stealth Rock
|move|p2a: Latios|Draco Meteor|p1a: Keldeo
|-damage|p1a: Keldeo|22\/323
|-unboost|p2a: Latios|spa|2
|-damage|p2a: Latios|0 fnt|[from] item: Life Orb
|faint|p2a: Latios
|
|
|switch|p2a: Manaphy|Manaphy|297\/365
|-damage|p2a: Manaphy|252\/365|[from] Stealth Rock
|turn|35
|
|move|p1a: Keldeo|Secret Sword|p2a: Manaphy
|-damage|p2a: Manaphy|52\/365
|-damage|p1a: Keldeo|0 fnt|[from] item: Life Orb
|faint|p1a: Keldeo
|move|p2a: Manaphy|Psychic|p1: Keldeo|[notarget]
|-notarget
|
|-heal|p2a: Manaphy|74\/365|[from] item: Leftovers
|
|switch|p1a: Gallade|Gallade-Mega, M|276\/294
|-damage|p1a: Gallade|258\/294|[from] Stealth Rock
|turn|36
|
|switch|p2a: Altaria|Altaria-Mega, F|310\/354
|-damage|p2a: Altaria|266\/354|[from] Stealth Rock
|move|p1a: Gallade|Psycho Cut|p2a: Altaria
|-damage|p2a: Altaria|163\/354
|
|turn|37
|
|switch|p1a: Heatran|Heatran, M|96\/383
|-damage|p1a: Heatran|49\/383|[from] Stealth Rock
|move|p2a: Altaria|Return|p1a: Heatran
|-resisted|p1a: Heatran
|-damage|p1a: Heatran|12\/383
|
|-heal|p1a: Heatran|35\/383|[from] item: Leftovers
|turn|38
|
|move|p2a: Altaria|Return|p1a: Heatran
|-resisted|p1a: Heatran
|-damage|p1a: Heatran|0 fnt
|faint|p1a: Heatran
|
|
|switch|p1a: Gallade|Gallade-Mega, M|258\/294
|-damage|p1a: Gallade|240\/294|[from] Stealth Rock
|turn|39
|
|move|p1a: Gallade|Psycho Cut|p2a: Altaria
|-damage|p2a: Altaria|49\/354
|move|p2a: Altaria|Return|p1a: Gallade
|-supereffective|p1a: Gallade
|-damage|p1a: Gallade|0 fnt
|faint|p1a: Gallade
|
|win|I'm Rick Astley
|raw|Ladder updating...
|raw|HaloOverCOD's rating: 1571 &rarr; <strong>1553<\/strong><br \/>(-18 for losing)
|raw|I&apos;m Rick Astley's rating: 1609 &rarr; <strong>1627<\/strong><br \/>(+18 for winning)
|leave|zypreu