|join|HaloOverCOD
|join|AsTRaX
|player|p1|HaloOverCOD|169
|player|p2|AsTRaX|256
|gametype|singles
|gen|6
|tier|OU
|rated
|clearpoke
|poke|p1|Bisharp, F
|poke|p1|Gallade, M
|poke|p1|Clefable, F
|poke|p1|Landorus-Therian, M
|poke|p1|Latias, F
|poke|p1|Keldeo-Resolute
|poke|p2|Scizor, F
|poke|p2|Heatran, F
|poke|p2|Terrakion, shiny
|poke|p2|Latios, M
|poke|p2|Mandibuzz, F, shiny
|poke|p2|Vaporeon, F
|rule|Swagger Clause: Swagger is banned
|rule|Baton Pass Clause: Limit one PokÃ©mon knowing Baton Pass
|rule|Sleep Clause Mod: Limit one foe put to sleep
|rule|Species Clause: Limit one of each PokÃ©mon
|rule|OHKO Clause: OHKO moves are banned
|rule|Moody Clause: Moody is banned
|rule|Evasion Moves Clause: Evasion moves are banned
|rule|Endless Battle Clause: Forcing endless battles is banned
|rule|HP Percentage Mod: HP is shown in percentages
|teampreview
|
|start
|switch|p1a: Gallade|Gallade, M|277\/277
|switch|p2a: Hikaru|Heatran, F|386\/386
|turn|1
|
|detailschange|p1a: Gallade|Gallade-Mega, M
|-mega|p1a: Gallade|Gallade|Galladite
|move|p1a: Gallade|Close Combat|p2a: Hikaru
|-supereffective|p2a: Hikaru
|-enditem|p2a: Hikaru|Focus Sash
|-damage|p2a: Hikaru|1\/386
|-unboost|p1a: Gallade|def|1
|-unboost|p1a: Gallade|spd|1
|move|p2a: Hikaru|Will-O-Wisp|p1a: Gallade
|-status|p1a: Gallade|brn
|
|-damage|p1a: Gallade|243\/277 brn|[from] brn
|turn|2
|
|switch|p2a: Mizuri|Vaporeon, F|464\/464
|move|p1a: Gallade|Knock Off|p2a: Mizuri
|-damage|p2a: Mizuri|393\/464
|-enditem|p2a: Mizuri|Leftovers|[from] move: Knock Off|[of] p1a: Gallade
|
|-damage|p1a: Gallade|209\/277 brn|[from] brn
|turn|3
|
|move|p1a: Gallade|Close Combat|p2a: Mizuri
|-damage|p2a: Mizuri|257\/464
|-unboost|p1a: Gallade|def|1
|-unboost|p1a: Gallade|spd|1
|move|p2a: Mizuri|Wish|p2a: Mizuri
|
|-damage|p1a: Gallade|175\/277 brn|[from] brn
|turn|4
|
|switch|p1a: Keldeo-Resolute|Keldeo-Resolute|323\/323
|move|p2a: Mizuri|Scald|p1a: Keldeo-Resolute
|-resisted|p1a: Keldeo-Resolute
|-damage|p1a: Keldeo-Resolute|272\/323
|-status|p1a: Keldeo-Resolute|brn
|
|-heal|p2a: Mizuri|464\/464|[from] move: Wish|[wisher] Mizuri
|-damage|p1a: Keldeo-Resolute|232\/323 brn|[from] brn
|turn|5
|
|switch|p2a: Riku|Latios, M|302\/302
|move|p1a: Keldeo-Resolute|Secret Sword|p2a: Riku
|-resisted|p2a: Riku
|-damage|p2a: Riku|203\/302
|
|-damage|p1a: Keldeo-Resolute|192\/323 brn|[from] brn
|turn|6
|
|move|p2a: Riku|Thunderbolt|p1a: Keldeo-Resolute
|-supereffective|p1a: Keldeo-Resolute
|-damage|p1a: Keldeo-Resolute|0 fnt
|faint|p1a: Keldeo-Resolute
|
|
|switch|p1a: Landorus-Therian|Landorus-Therian, M|381\/381
|-ability|p1a: Landorus-Therian|Intimidate|[of] p2a: Riku
|-unboost|p2a: Riku|atk|1
|turn|7
|
|switch|p2a: Yuzuki|Mandibuzz, F, shiny|424\/424
|move|p1a: Landorus-Therian|Stealth Rock|p2a: Yuzuki
|-sidestart|p2: AsTRaX|move: Stealth Rock
|
|turn|8
|
|move|p1a: Landorus-Therian|U-turn|p2a: Yuzuki
|-damage|p2a: Yuzuki|375\/424
|
|switch|p1a: Bisharp|Bisharp, F|272\/272
|move|p2a: Yuzuki|Foul Play|p1a: Bisharp
|-resisted|p1a: Bisharp
|-damage|p1a: Bisharp|188\/272
|
|-heal|p2a: Yuzuki|401\/424|[from] item: Leftovers
|turn|9
|
|move|p1a: Bisharp|Knock Off|p2a: Yuzuki
|-resisted|p2a: Yuzuki
|-damage|p2a: Yuzuki|339\/424
|-enditem|p2a: Yuzuki|Leftovers|[from] move: Knock Off|[of] p1a: Bisharp
|move|p2a: Yuzuki|Foul Play|p1a: Bisharp
|-resisted|p1a: Bisharp
|-damage|p1a: Bisharp|99\/272
|
|turn|10
|
|switch|p2a: Tetsugi|Scizor, F|344\/344
|-damage|p2a: Tetsugi|301\/344|[from] Stealth Rock
|move|p1a: Bisharp|Iron Head|p2a: Tetsugi
|-resisted|p2a: Tetsugi
|-damage|p2a: Tetsugi|247\/344
|
|turn|11
|
|switch|p1a: Landorus-Therian|Landorus-Therian, M|381\/381
|-ability|p1a: Landorus-Therian|Intimidate|[of] p2a: Tetsugi
|-unboost|p2a: Tetsugi|atk|1
|detailschange|p2a: Tetsugi|Scizor-Mega, F
|-mega|p2a: Tetsugi|Scizor|Scizorite
|move|p2a: Tetsugi|Swords Dance|p2a: Tetsugi
|-boost|p2a: Tetsugi|atk|2
|
|turn|12
|
|move|p1a: Landorus-Therian|Earthquake|p2a: Tetsugi
|-damage|p2a: Tetsugi|160\/344
|move|p2a: Tetsugi|Roost|p2a: Tetsugi
|-heal|p2a: Tetsugi|332\/344
|
|turn|13
|
|move|p1a: Landorus-Therian|U-turn|p2a: Tetsugi
|-resisted|p2a: Tetsugi
|-damage|p2a: Tetsugi|312\/344
|
|switch|p1a: Clefable|Clefable, F|394\/394
|move|p2a: Tetsugi|Swords Dance|p2a: Tetsugi
|-boost|p2a: Tetsugi|atk|2
|
|turn|14
|
|move|p2a: Tetsugi|Bullet Punch|p1a: Clefable
|-supereffective|p1a: Clefable
|-damage|p1a: Clefable|0 fnt
|faint|p1a: Clefable
|
|c|âHaloOverCOD|gg
|c|âAsTRaX|Uhh
|c|âAsTRaX|How about
|c|âAsTRaX|You just quit PokemonShowdown
|c|âAsTRaX|and just go and play your Halo
|c|âHaloOverCOD|wtf
|c|âAsTRaX|Your name dude.
|c|âHaloOverCOD|im good in pokemon
|c|âAsTRaX|Uhhh suree.
|c|âHaloOverCOD|but better in halo
|c|âAsTRaX|Then continue the battle
|c|âAsTRaX|LOL
|c|âHaloOverCOD|i lost bro
|c|âHaloOverCOD|u would know that
|c|âAsTRaX|But you just said you were good....
|c|âHaloOverCOD|wtf
|c|âAsTRaX|The hell do I know your logic man.
|c|âAsTRaX|Lol.
|c|âHaloOverCOD|u are bad right ?
|c|âAsTRaX|I am.
|c|âAsTRaX|But to lose to me
|c|âHaloOverCOD|i think a good player knows that
|c|âAsTRaX|Does not that not say anything?
|c|âHaloOverCOD|dude
|c|âHaloOverCOD|matchup
|c|âHaloOverCOD|u know that
|c|âHaloOverCOD|i think no
|c|âAsTRaX|I can give you so many ways which you could defeat me
|c|âAsTRaX|But you STILL lost.
|c|âHaloOverCOD|no
|c|âAsTRaX|I don't know how you did it
|c|âAsTRaX|But okay.
|c|âAsTRaX|The moment you saw me sent out my scizor
|c|âAsTRaX|is the moment you should use keldeo and scald.
|c|âHaloOverCOD|but this team cannot beat mega-scizor
|c|âHaloOverCOD|know
|c|âAsTRaX|.... Yes it can...?
|c|âHaloOverCOD|no
|c|âAsTRaX|I lose to Keldeo, Alot.
|c|âAsTRaX|Scald is not a joke.
|c|âHaloOverCOD|so i have to hopoe for scald burns
|c|âAsTRaX|And I'm not even kidding at this point
|c|âHaloOverCOD|like good players
|c|âAsTRaX|You do know that bullet punch does SHIT damage to you right?
|c|âAsTRaX|your keldeo I mean
|c|âHaloOverCOD|you are the joke
|c|âAsTRaX|Sure.
|c|âAsTRaX|You had a winning chance.
|c|âHaloOverCOD|bp 2hit KOs keldeo
|
|switch|p1a: Landorus-Therian|Landorus-Therian, M|381\/381
|-ability|p1a: Landorus-Therian|Intimidate|[of] p2a: Tetsugi
|-unboost|p2a: Tetsugi|atk|1
|turn|15
|
|move|p1a: Landorus-Therian|Earthquake|p2a: Tetsugi
|-damage|p2a: Tetsugi|228\/344
|move|p2a: Tetsugi|Swords Dance|p2a: Tetsugi
|-boost|p2a: Tetsugi|atk|2
|
|turn|16
|c|âAsTRaX|Except that if you saw that your landorus does like only
|c|âAsTRaX|24%
|c|âAsTRaX|Does it not show the EV and nature I put into My scizor?
|c|âAsTRaX|Lol.
|
|move|p2a: Tetsugi|Bullet Punch|p1a: Landorus-Therian
|-damage|p1a: Landorus-Therian|125\/381
|move|p1a: Landorus-Therian|U-turn|p2a: Tetsugi
|-resisted|p2a: Tetsugi
|-damage|p2a: Tetsugi|207\/344
|
|switch|p1a: Bisharp|Bisharp, F|99\/272
|
|turn|17
|c|âHaloOverCOD|still
|c|âHaloOverCOD|you are not good at all
|c|âAsTRaX|Sure.
|-message|HaloOverCOD forfeited.
|
|win|AsTRaX
|raw|Ladder updating...
|leave|HaloOverCOD
|player|p1
|raw|HaloOverCOD's rating: 1424 &rarr; <strong>1402<\/strong><br \/>(-22 for losing)
|raw|AsTRaX's rating: 1376 &rarr; <strong>1400<\/strong><br \/>(+24 for winning)