|join|CleanerThanRotom-W
|join|HaloOverCOD
|player|p1|CleanerThanRotom-W|226
|player|p2|HaloOverCOD|266
|gametype|singles
|gen|6
|tier|OU
|rated
|clearpoke
|poke|p1|Sableye, M
|poke|p1|Chansey, F
|poke|p1|Cresselia, F
|poke|p1|Gothitelle, M
|poke|p1|Skarmory, M
|poke|p1|Quagsire, F
|poke|p2|Metagross
|poke|p2|Keldeo
|poke|p2|Thundurus, M
|poke|p2|Landorus-Therian, M
|poke|p2|Bisharp, F
|poke|p2|Garchomp, F
|rule|Swagger Clause: Swagger is banned
|rule|Baton Pass Clause: Limit one PokÃ©mon knowing Baton Pass
|rule|Sleep Clause Mod: Limit one foe put to sleep
|rule|Species Clause: Limit one of each PokÃ©mon
|rule|OHKO Clause: OHKO moves are banned
|rule|Moody Clause: Moody is banned
|rule|Evasion Moves Clause: Evasion moves are banned
|rule|Endless Battle Clause: Forcing endless battles is banned
|rule|HP Percentage Mod: HP is shown in percentages
|teampreview
|
|start
|switch|p1a: Sableye|Sableye, M|303\/303
|switch|p2a: Keldeo|Keldeo|323\/323
|turn|1
|
|detailschange|p1a: Sableye|Sableye-Mega, M
|-mega|p1a: Sableye|Sableye|Sablenite
|move|p1a: Sableye|Will-O-Wisp|p2a: Keldeo
|-status|p2a: Keldeo|brn
|move|p2a: Keldeo|Substitute|p2a: Keldeo
|-start|p2a: Keldeo|Substitute
|-damage|p2a: Keldeo|243\/323 brn
|
|-heal|p2a: Keldeo|263\/323 brn|[from] item: Leftovers
|-damage|p2a: Keldeo|223\/323 brn|[from] brn
|turn|2
|
|switch|p1a: Cresselia|Cresselia, F|444\/444
|move|p2a: Keldeo|Calm Mind|p2a: Keldeo
|-boost|p2a: Keldeo|spa|1
|-boost|p2a: Keldeo|spd|1
|
|-heal|p2a: Keldeo|243\/323 brn|[from] item: Leftovers
|-damage|p2a: Keldeo|203\/323 brn|[from] brn
|turn|3
|
|move|p2a: Keldeo|Scald|p1a: Cresselia
|-damage|p1a: Cresselia|320\/444
|move|p1a: Cresselia|Psyshock|p2a: Keldeo
|-supereffective|p2a: Keldeo
|-end|p2a: Keldeo|Substitute
|
|-heal|p2a: Keldeo|223\/323 brn|[from] item: Leftovers
|-heal|p1a: Cresselia|347\/444|[from] item: Leftovers
|-damage|p2a: Keldeo|183\/323 brn|[from] brn
|turn|4
|
|switch|p2a: Bisharp|Bisharp, F|271\/271
|move|p1a: Cresselia|Psyshock|p2a: Bisharp
|-immune|p2a: Bisharp|[msg]
|
|-heal|p1a: Cresselia|374\/444|[from] item: Leftovers
|turn|5
|
|switch|p1a: Quagsire|Quagsire, F|393\/393
|move|p2a: Bisharp|Knock Off|p1a: Quagsire
|-damage|p1a: Quagsire|249\/393
|-enditem|p1a: Quagsire|Leftovers|[from] move: Knock Off|[of] p2a: Bisharp
|
|turn|6
|
|switch|p2a: Keldeo|Keldeo|183\/323 brn
|move|p1a: Quagsire|Recover|p1a: Quagsire
|-heal|p1a: Quagsire|393\/393
|
|-heal|p2a: Keldeo|203\/323 brn|[from] item: Leftovers
|-damage|p2a: Keldeo|163\/323 brn|[from] brn
|turn|7
|
|switch|p1a: Gothitelle|Gothitelle, M|301\/301
|move|p2a: Keldeo|Scald|p1a: Gothitelle
|-damage|p1a: Gothitelle|165\/301
|-status|p1a: Gothitelle|brn
|
|-heal|p2a: Keldeo|183\/323 brn|[from] item: Leftovers
|-damage|p1a: Gothitelle|128\/301 brn|[from] brn
|-damage|p2a: Keldeo|143\/323 brn|[from] brn
|turn|8
|
|move|p1a: Gothitelle|Psychic|p2a: Keldeo
|-supereffective|p2a: Keldeo
|-damage|p2a: Keldeo|0 fnt
|faint|p2a: Keldeo
|
|-damage|p1a: Gothitelle|91\/301 brn|[from] brn
|
|switch|p2a: Bisharp|Bisharp, F|271\/271
|turn|9
|
|move|p2a: Bisharp|Pursuit|p1a: Gothitelle|[from]Pursuit
|-supereffective|p1a: Gothitelle
|-damage|p1a: Gothitelle|0 fnt
|faint|p1a: Gothitelle
|
|
|switch|p1a: Sableye|Sableye-Mega, M|303\/303
|turn|10
|
|move|p2a: Bisharp|Iron Head|p1a: Sableye
|-damage|p1a: Sableye|183\/303
|cant|p1a: Sableye|flinch
|
|turn|11
|
|move|p2a: Bisharp|Iron Head|p1a: Sableye
|-damage|p1a: Sableye|47\/303
|move|p1a: Sableye|Recover|p1a: Sableye
|-heal|p1a: Sableye|199\/303
|
|turn|12
|
|move|p2a: Bisharp|Iron Head|p1a: Sableye
|-damage|p1a: Sableye|67\/303
|move|p1a: Sableye|Recover|p1a: Sableye
|-heal|p1a: Sableye|219\/303
|
|turn|13
|
|move|p2a: Bisharp|Iron Head|p1a: Sableye
|-crit|p1a: Sableye
|-damage|p1a: Sableye|41\/303
|cant|p1a: Sableye|flinch
|
|turn|14
|c|âCleanerThanRotom-W|amazing player
|c|âHaloOverCOD|dude
|c|âHaloOverCOD|thats your falt
|
|move|p2a: Bisharp|Pursuit|p1a: Sableye|[from]Pursuit
|-damage|p1a: Sableye|0 fnt
|faint|p1a: Sableye
|
|
|switch|p1a: Quagsire|Quagsire, F|393\/393
|turn|15
|
|switch|p2a: Thundurus|Thundurus, M|304\/304
|move|p1a: Quagsire|Scald|p2a: Thundurus
|-damage|p2a: Thundurus|219\/304
|
|turn|16
|
|switch|p1a: Cresselia|Cresselia, F|374\/444
|move|p2a: Thundurus|Hidden Power|p1a: Cresselia
|-damage|p1a: Cresselia|292\/444
|-damage|p2a: Thundurus|189\/304|[from] item: Life Orb
|
|-heal|p1a: Cresselia|319\/444|[from] item: Leftovers
|turn|17
|
|switch|p2a: Bisharp|Bisharp, F|271\/271
|switch|p1a: Quagsire|Quagsire, F|393\/393
|
|turn|18
|
|switch|p2a: Thundurus|Thundurus, M|189\/304
|move|p1a: Quagsire|Scald|p2a: Thundurus
|-damage|p2a: Thundurus|108\/304
|
|turn|19
|
|move|p2a: Thundurus|Hidden Power|p1a: Quagsire
|-damage|p1a: Quagsire|220\/393
|-damage|p2a: Thundurus|78\/304|[from] item: Life Orb
|move|p1a: Quagsire|Scald|p2a: Thundurus
|-damage|p2a: Thundurus|0 fnt
|faint|p2a: Thundurus
|
|
|switch|p2a: Landorus-Therian|Landorus-Therian, M|319\/319
|-ability|p2a: Landorus-Therian|Intimidate|[of] p1a: Quagsire
|-unboost|p1a: Quagsire|atk|1
|turn|20
|
|move|p2a: Landorus-Therian|Earthquake|p1a: Quagsire
|-damage|p1a: Quagsire|64\/393
|move|p1a: Quagsire|Recover|p1a: Quagsire
|-heal|p1a: Quagsire|261\/393
|
|turn|21
|
|move|p2a: Landorus-Therian|Earthquake|p1a: Quagsire
|-damage|p1a: Quagsire|113\/393
|move|p1a: Quagsire|Recover|p1a: Quagsire
|-heal|p1a: Quagsire|310\/393
|
|turn|22
|
|switch|p2a: Metagross|Metagross|301\/301
|move|p1a: Quagsire|Recover|p1a: Quagsire
|-heal|p1a: Quagsire|393\/393
|
|turn|23
|
|switch|p1a: Skarmory|Skarmory, M|334\/334
|detailschange|p2a: Metagross|Metagross-Mega
|-mega|p2a: Metagross|Metagross|Metagrossite
|move|p2a: Metagross|Zen Headbutt|p1a: Skarmory
|-resisted|p1a: Skarmory
|-damage|p1a: Skarmory|280\/334
|
|turn|24
|
|switch|p2a: Garchomp|Garchomp, F|358\/358
|move|p1a: Skarmory|Counter|p2a: Garchomp
|-fail|p2a: Garchomp
|
|turn|25
|
|switch|p1a: Quagsire|Quagsire, F|393\/393
|move|p2a: Garchomp|Stealth Rock|p1a: Quagsire
|-sidestart|p1: CleanerThanRotom-W|move: Stealth Rock
|
|turn|26
|
|move|p2a: Garchomp|Earthquake|p1a: Quagsire
|-damage|p1a: Quagsire|248\/393
|move|p1a: Quagsire|Toxic|p2a: Garchomp
|-status|p2a: Garchomp|tox
|-enditem|p2a: Garchomp|Lum Berry|[eat]
|-curestatus|p2a: Garchomp|tox
|
|turn|27
|join|GROMINET
|
|switch|p2a: Metagross|Metagross-Mega|301\/301
|move|p1a: Quagsire|Recover|p1a: Quagsire
|-heal|p1a: Quagsire|393\/393
|
|turn|28
|
|switch|p1a: Skarmory|Skarmory, M|280\/334
|-damage|p1a: Skarmory|239\/334|[from] Stealth Rock
|move|p2a: Metagross|Zen Headbutt|p1a: Skarmory|[miss]
|-miss|p2a: Metagross|p1a: Skarmory
|
|turn|29
|
|switch|p2a: Bisharp|Bisharp, F|271\/271
|move|p1a: Skarmory|Defog|p2a: Bisharp
|-unboost|p2a: Bisharp|evasion|1
|-boost|p2a: Bisharp|atk|2|[from] ability: Defiant
|-sideend|p1: CleanerThanRotom-W|Stealth Rock|[from] move: Defog|[of] p1a: Skarmory
|
|turn|30
|join|u got slowbro'ed
|
|switch|p1a: Quagsire|Quagsire, F|393\/393
|move|p2a: Bisharp|Knock Off|p1a: Quagsire
|-damage|p1a: Quagsire|299\/393
|
|turn|31
|
|move|p2a: Bisharp|Iron Head|p1a: Quagsire
|-resisted|p1a: Quagsire
|-damage|p1a: Quagsire|242\/393
|move|p1a: Quagsire|Scald|p2a: Bisharp
|-damage|p2a: Bisharp|186\/271
|
|turn|32
|
|switch|p2a: Metagross|Metagross-Mega|301\/301
|move|p1a: Quagsire|Recover|p1a: Quagsire
|-heal|p1a: Quagsire|393\/393
|
|turn|33
|
|switch|p1a: Skarmory|Skarmory, M|239\/334
|move|p2a: Metagross|Zen Headbutt|p1a: Skarmory
|-resisted|p1a: Skarmory
|-damage|p1a: Skarmory|182\/334
|
|turn|34
|join|TRICKING
|
|switch|p2a: Garchomp|Garchomp, F|358\/358
|move|p1a: Skarmory|Roost|p1a: Skarmory
|-heal|p1a: Skarmory|334\/334
|
|turn|35
|
|move|p2a: Garchomp|Stealth Rock|p1a: Skarmory
|-sidestart|p1: CleanerThanRotom-W|move: Stealth Rock
|move|p1a: Skarmory|Spikes|p2a: Garchomp
|-sidestart|p2: HaloOverCOD|Spikes
|
|turn|36
|
|switch|p2a: Bisharp|Bisharp, F|186\/271
|-damage|p2a: Bisharp|153\/271|[from] Spikes
|move|p1a: Skarmory|Spikes|p2a: Bisharp
|-sidestart|p2: HaloOverCOD|Spikes
|
|turn|37
|
|switch|p1a: Quagsire|Quagsire, F|393\/393
|-damage|p1a: Quagsire|369\/393|[from] Stealth Rock
|move|p2a: Bisharp|Knock Off|p1a: Quagsire
|-damage|p1a: Quagsire|264\/393
|
|turn|38
|
|move|p2a: Bisharp|Iron Head|p1a: Quagsire
|-resisted|p1a: Quagsire
|-damage|p1a: Quagsire|205\/393
|move|p1a: Quagsire|Recover|p1a: Quagsire
|-heal|p1a: Quagsire|393\/393
|
|turn|39
|
|move|p2a: Bisharp|Knock Off|p1a: Quagsire
|-crit|p1a: Quagsire
|-damage|p1a: Quagsire|243\/393
|move|p1a: Quagsire|Scald|p2a: Bisharp
|-damage|p2a: Bisharp|59\/271
|
|turn|40
|leave|u got slowbro'ed
|
|move|p2a: Bisharp|Knock Off|p1a: Quagsire
|-damage|p1a: Quagsire|143\/393
|move|p1a: Quagsire|Recover|p1a: Quagsire
|-heal|p1a: Quagsire|340\/393
|
|turn|41
|
|move|p2a: Bisharp|Knock Off|p1a: Quagsire
|-damage|p1a: Quagsire|244\/393
|move|p1a: Quagsire|Recover|p1a: Quagsire
|-heal|p1a: Quagsire|393\/393
|
|turn|42
|
|move|p2a: Bisharp|Knock Off|p1a: Quagsire
|-damage|p1a: Quagsire|296\/393
|move|p1a: Quagsire|Scald|p2a: Bisharp
|-damage|p2a: Bisharp|0 fnt
|faint|p2a: Bisharp
|
|c|âHaloOverCOD|there is no way
|c|âHaloOverCOD|gg
|c|âCleanerThanRotom-W|gg
|-message|HaloOverCOD forfeited.
|leave|HaloOverCOD
|
|win|CleanerThanRotom-W
|raw|Ladder updating...
|player|p2
|raw|CleanerThanRotom-W's rating: 1814 &rarr; <strong>1822<\/strong><br \/>(+8 for winning)
|raw|HaloOverCOD's rating: 1574 &rarr; <strong>1566<\/strong><br \/>(-8 for losing)