|join|Mateus48
|join|HaloOverCOD
|player|p1|Mateus48|2
|player|p2|HaloOverCOD|266
|gametype|singles
|gen|6
|tier|OU (suspect test)
|rated
|clearpoke
|poke|p1|Politoed, M
|poke|p1|Swampert, M
|poke|p1|Celebi
|poke|p1|Manaphy
|poke|p1|Klefki, M
|poke|p1|Magnezone, shiny
|poke|p2|Keldeo
|poke|p2|Gallade, M
|poke|p2|Rotom-Wash
|poke|p2|Heatran, F
|poke|p2|Scizor, F
|poke|p2|Latias, F
|rule|Swagger Clause: Swagger is banned
|rule|Baton Pass Clause: Limit one PokÃ©mon knowing Baton Pass
|rule|Sleep Clause Mod: Limit one foe put to sleep
|rule|Species Clause: Limit one of each PokÃ©mon
|rule|OHKO Clause: OHKO moves are banned
|rule|Moody Clause: Moody is banned
|rule|Evasion Moves Clause: Evasion moves are banned
|rule|Endless Battle Clause: Forcing endless battles is banned
|rule|HP Percentage Mod: HP is shown in percentages
|teampreview
|
|start
|switch|p1a: Politoed|Politoed, M|384\/384
|switch|p2a: Keldeo|Keldeo|323\/323
|-weather|RainDance
|turn|1
|
|switch|p1a: Celebi|Celebi|404\/404
|move|p2a: Keldeo|Secret Sword|p1a: Celebi
|-resisted|p1a: Celebi
|-damage|p1a: Celebi|291\/404
|-damage|p2a: Keldeo|291\/323|[from] item: Life Orb
|
|-weather|RainDance|[upkeep]
|-heal|p1a: Celebi|316\/404|[from] item: Leftovers
|turn|2
|
|switch|p2a: Scizor|Scizor, F|341\/341
|move|p1a: Celebi|Stealth Rock|p2a: Scizor
|-sidestart|p2: HaloOverCOD|move: Stealth Rock
|
|-weather|RainDance|[upkeep]
|-heal|p1a: Celebi|341\/404|[from] item: Leftovers
|turn|3
|
|switch|p1a: Magnezone|Magnezone, shiny|287\/287
|move|p2a: Scizor|Defog|p1a: Magnezone
|-unboost|p1a: Magnezone|evasion|1
|-sideend|p2: HaloOverCOD|Stealth Rock|[from] move: Defog|[of] p2a: Scizor
|
|-weather|RainDance|[upkeep]
|turn|4
|
|move|p1a: Magnezone|Thunderbolt|p2a: Scizor
|-damage|p2a: Scizor|145\/341
|move|p2a: Scizor|U-turn|p1a: Magnezone
|-resisted|p1a: Magnezone
|-damage|p1a: Magnezone|239\/287
|
|switch|p2a: Heatran|Heatran, F|383\/383
|
|-weather|RainDance|[upkeep]
|turn|5
|
|switch|p1a: Swampert|Swampert, M|391\/391
|move|p2a: Heatran|Stealth Rock|p1a: Swampert
|-sidestart|p1: Mateus48|move: Stealth Rock
|
|-weather|RainDance|[upkeep]
|turn|6
|
|switch|p2a: Rotom-Wash|Rotom-Wash|303\/303
|detailschange|p1a: Swampert|Swampert-Mega, M
|-mega|p1a: Swampert|Swampert|Swampertite
|move|p1a: Swampert|Waterfall|p2a: Rotom-Wash
|-resisted|p2a: Rotom-Wash
|-damage|p2a: Rotom-Wash|204\/303
|
|-weather|RainDance|[upkeep]
|-heal|p2a: Rotom-Wash|222\/303|[from] item: Leftovers
|turn|7
|
|move|p1a: Swampert|Waterfall|p2a: Rotom-Wash
|-resisted|p2a: Rotom-Wash
|-damage|p2a: Rotom-Wash|123\/303
|cant|p2a: Rotom-Wash|flinch
|
|-weather|RainDance|[upkeep]
|-heal|p2a: Rotom-Wash|141\/303|[from] item: Leftovers
|turn|8
|
|switch|p1a: Celebi|Celebi|341\/404
|-damage|p1a: Celebi|291\/404|[from] Stealth Rock
|move|p2a: Rotom-Wash|Pain Split|p1a: Celebi
|-sethp|p1a: Celebi|216\/404|p2a: Rotom-Wash|216\/303|[from] move: Pain Split
|
|-weather|none
|-heal|p1a: Celebi|241\/404|[from] item: Leftovers
|-heal|p2a: Rotom-Wash|234\/303|[from] item: Leftovers
|turn|9
|
|switch|p2a: Scizor|Scizor, F|145\/341
|move|p1a: Celebi|Stealth Rock|p2a: Scizor
|-sidestart|p2: HaloOverCOD|move: Stealth Rock
|
|-heal|p1a: Celebi|266\/404|[from] item: Leftovers
|-heal|p2a: Scizor|166\/341|[from] item: Leftovers
|turn|10
|
|switch|p1a: Magnezone|Magnezone, shiny|239\/287
|-damage|p1a: Magnezone|222\/287|[from] Stealth Rock
|move|p2a: Scizor|U-turn|p1a: Magnezone
|-resisted|p1a: Magnezone
|-damage|p1a: Magnezone|174\/287
|leave|HaloOverCOD
|player|p2
|join|HaloOverCOD
|player|p2|HaloOverCOD|266
|
|switch|p2a: Gallade|Gallade, M|290\/290
|-damage|p2a: Gallade|272\/290|[from] Stealth Rock
|
|turn|11
|
|detailschange|p2a: Gallade|Gallade-Mega, M
|-mega|p2a: Gallade|Gallade|Galladite
|move|p1a: Magnezone|Volt Switch|p2a: Gallade
|-damage|p2a: Gallade|170\/290
|
|switch|p1a: Klefki|Klefki, M|318\/318
|-damage|p1a: Klefki|299\/318|[from] Stealth Rock
|move|p2a: Gallade|Drain Punch|p1a: Klefki
|-damage|p1a: Klefki|191\/318
|-heal|p2a: Gallade|224\/290|[from] drain|[of] p1a: Klefki
|
|turn|12
|
|switch|p2a: Heatran|Heatran, F|383\/383
|-damage|p2a: Heatran|336\/383|[from] Stealth Rock
|move|p1a: Klefki|Reflect|p1a: Klefki
|-sidestart|p1: Mateus48|Reflect
|
|-heal|p2a: Heatran|359\/383|[from] item: Leftovers
|turn|13
|
|switch|p1a: Politoed|Politoed, M|384\/384
|-damage|p1a: Politoed|336\/384|[from] Stealth Rock
|-weather|RainDance
|move|p2a: Heatran|Lava Plume|p1a: Politoed
|-resisted|p1a: Politoed
|-damage|p1a: Politoed|313\/384
|
|-weather|RainDance|[upkeep]
|-heal|p2a: Heatran|382\/383|[from] item: Leftovers
|turn|14
|
|switch|p2a: Keldeo|Keldeo|291\/323
|-damage|p2a: Keldeo|271\/323|[from] Stealth Rock
|move|p1a: Politoed|Scald|p2a: Keldeo
|-resisted|p2a: Keldeo
|-damage|p2a: Keldeo|204\/323
|
|-weather|RainDance|[upkeep]
|turn|15
|
|switch|p1a: Celebi|Celebi|266\/404
|-damage|p1a: Celebi|216\/404|[from] Stealth Rock
|move|p2a: Keldeo|Hydro Pump|p1a: Celebi|[miss]
|-miss|p2a: Keldeo|p1a: Celebi
|
|-weather|RainDance|[upkeep]
|-heal|p1a: Celebi|241\/404|[from] item: Leftovers
|turn|16
|
|switch|p2a: Scizor|Scizor, F|166\/341
|-damage|p2a: Scizor|124\/341|[from] Stealth Rock
|move|p1a: Celebi|Recover|p1a: Celebi
|-heal|p1a: Celebi|404\/404
|
|-weather|RainDance|[upkeep]
|-heal|p2a: Scizor|145\/341|[from] item: Leftovers
|turn|17
|
|switch|p1a: Magnezone|Magnezone, shiny|174\/287
|-damage|p1a: Magnezone|157\/287|[from] Stealth Rock
|move|p2a: Scizor|U-turn|p1a: Magnezone
|-resisted|p1a: Magnezone
|-damage|p1a: Magnezone|132\/287
|
|switch|p2a: Heatran|Heatran, F|382\/383
|-damage|p2a: Heatran|335\/383|[from] Stealth Rock
|
|-weather|RainDance|[upkeep]
|-heal|p2a: Heatran|358\/383|[from] item: Leftovers
|turn|18
|
|move|p1a: Magnezone|Volt Switch|p2a: Heatran
|-damage|p2a: Heatran|265\/383
|
|switch|p1a: Manaphy|Manaphy|404\/404
|-damage|p1a: Manaphy|354\/404|[from] Stealth Rock
|move|p2a: Heatran|Lava Plume|p1a: Manaphy
|-resisted|p1a: Manaphy
|-damage|p1a: Manaphy|320\/404
|-status|p1a: Manaphy|brn
|
|-weather|RainDance|[upkeep]
|-curestatus|p1a: Manaphy|brn
|-heal|p1a: Manaphy|345\/404|[from] item: Leftovers
|-heal|p2a: Heatran|288\/383|[from] item: Leftovers
|turn|19
|
|switch|p2a: Latias|Latias, F|301\/301
|-damage|p2a: Latias|264\/301|[from] Stealth Rock
|move|p1a: Manaphy|Scald|p2a: Latias
|-resisted|p2a: Latias
|-damage|p2a: Latias|183\/301
|
|-weather|RainDance|[upkeep]
|-heal|p1a: Manaphy|370\/404|[from] item: Leftovers
|-sideend|p1: Mateus48|Reflect
|turn|20
|
|move|p2a: Latias|Psyshock|p1a: Manaphy
|-damage|p1a: Manaphy|191\/404
|-damage|p2a: Latias|153\/301|[from] item: Life Orb
|move|p1a: Manaphy|Scald|p2a: Latias
|-resisted|p2a: Latias
|-damage|p2a: Latias|75\/301
|
|-weather|none
|-heal|p1a: Manaphy|216\/404|[from] item: Leftovers
|turn|21
|
|switch|p1a: Celebi|Celebi|404\/404
|-damage|p1a: Celebi|354\/404|[from] Stealth Rock
|move|p2a: Latias|Roost|p2a: Latias
|-heal|p2a: Latias|226\/301
|
|-heal|p1a: Celebi|379\/404|[from] item: Leftovers
|turn|22
|
|switch|p2a: Heatran|Heatran, F|288\/383
|-damage|p2a: Heatran|241\/383|[from] Stealth Rock
|move|p1a: Celebi|Psychic|p2a: Heatran
|-resisted|p2a: Heatran
|-damage|p2a: Heatran|201\/383
|
|-heal|p1a: Celebi|404\/404|[from] item: Leftovers
|-heal|p2a: Heatran|224\/383|[from] item: Leftovers
|turn|23
|
|switch|p1a: Politoed|Politoed, M|313\/384
|-damage|p1a: Politoed|265\/384|[from] Stealth Rock
|-weather|RainDance
|move|p2a: Heatran|Lava Plume|p1a: Politoed
|-resisted|p1a: Politoed
|-damage|p1a: Politoed|240\/384
|
|-weather|RainDance|[upkeep]
|-heal|p2a: Heatran|247\/383|[from] item: Leftovers
|turn|24
|
|switch|p2a: Keldeo|Keldeo|204\/323
|-damage|p2a: Keldeo|184\/323|[from] Stealth Rock
|move|p1a: Politoed|Toxic|p2a: Keldeo|[miss]
|-miss|p1a: Politoed|p2a: Keldeo
|
|-weather|RainDance|[upkeep]
|turn|25
|
|switch|p1a: Celebi|Celebi|404\/404
|-damage|p1a: Celebi|354\/404|[from] Stealth Rock
|move|p2a: Keldeo|Hydro Pump|p1a: Celebi
|-resisted|p1a: Celebi
|-damage|p1a: Celebi|202\/404
|-damage|p2a: Keldeo|152\/323|[from] item: Life Orb
|
|-weather|RainDance|[upkeep]
|-heal|p1a: Celebi|227\/404|[from] item: Leftovers
|turn|26
|
|switch|p2a: Scizor|Scizor, F|145\/341
|-damage|p2a: Scizor|103\/341|[from] Stealth Rock
|move|p1a: Celebi|Recover|p1a: Celebi
|-heal|p1a: Celebi|404\/404
|
|-weather|RainDance|[upkeep]
|-heal|p2a: Scizor|124\/341|[from] item: Leftovers
|turn|27
|
|switch|p1a: Swampert|Swampert-Mega, M|391\/391
|-damage|p1a: Swampert|367\/391|[from] Stealth Rock
|move|p2a: Scizor|Roost|p2a: Scizor
|-heal|p2a: Scizor|295\/341
|
|-weather|RainDance|[upkeep]
|-heal|p2a: Scizor|316\/341|[from] item: Leftovers
|turn|28
|
|move|p1a: Swampert|Waterfall|p2a: Scizor
|-damage|p2a: Scizor|85\/341
|move|p2a: Scizor|U-turn|p1a: Swampert
|-damage|p1a: Swampert|255\/391
|
|switch|p2a: Rotom-Wash|Rotom-Wash|234\/303
|-damage|p2a: Rotom-Wash|197\/303|[from] Stealth Rock
|
|-weather|RainDance|[upkeep]
|-heal|p2a: Rotom-Wash|215\/303|[from] item: Leftovers
|turn|29
|
|switch|p1a: Celebi|Celebi|404\/404
|-damage|p1a: Celebi|354\/404|[from] Stealth Rock
|move|p2a: Rotom-Wash|Volt Switch|p1a: Celebi
|-resisted|p1a: Celebi
|-damage|p1a: Celebi|321\/404
|
|switch|p2a: Scizor|Scizor, F|85\/341
|-damage|p2a: Scizor|43\/341|[from] Stealth Rock
|
|-weather|RainDance|[upkeep]
|-heal|p1a: Celebi|346\/404|[from] item: Leftovers
|-heal|p2a: Scizor|64\/341|[from] item: Leftovers
|turn|30
|
|switch|p1a: Swampert|Swampert-Mega, M|255\/391
|-damage|p1a: Swampert|231\/391|[from] Stealth Rock
|move|p2a: Scizor|Roost|p2a: Scizor
|-heal|p2a: Scizor|235\/341
|
|-weather|none
|-heal|p2a: Scizor|256\/341|[from] item: Leftovers
|turn|31
|
|move|p1a: Swampert|Waterfall|p2a: Scizor
|-damage|p2a: Scizor|111\/341
|move|p2a: Scizor|U-turn|p1a: Swampert
|-damage|p1a: Swampert|123\/391
|
|switch|p2a: Rotom-Wash|Rotom-Wash|215\/303
|-damage|p2a: Rotom-Wash|178\/303|[from] Stealth Rock
|
|-heal|p2a: Rotom-Wash|196\/303|[from] item: Leftovers
|turn|32
|
|switch|p1a: Celebi|Celebi|346\/404
|-damage|p1a: Celebi|296\/404|[from] Stealth Rock
|move|p2a: Rotom-Wash|Hydro Pump|p1a: Celebi|[miss]
|-miss|p2a: Rotom-Wash|p1a: Celebi
|
|-heal|p1a: Celebi|321\/404|[from] item: Leftovers
|-heal|p2a: Rotom-Wash|214\/303|[from] item: Leftovers
|turn|33
|
|switch|p1a: Magnezone|Magnezone, shiny|132\/287
|-damage|p1a: Magnezone|115\/287|[from] Stealth Rock
|move|p2a: Rotom-Wash|Volt Switch|p1a: Magnezone
|-resisted|p1a: Magnezone
|-damage|p1a: Magnezone|67\/287
|
|switch|p2a: Heatran|Heatran, F|247\/383
|-damage|p2a: Heatran|200\/383|[from] Stealth Rock
|
|-heal|p2a: Heatran|223\/383|[from] item: Leftovers
|turn|34
|
|move|p1a: Magnezone|Volt Switch|p2a: Heatran
|-crit|p2a: Heatran
|-damage|p2a: Heatran|69\/383
|
|switch|p1a: Politoed|Politoed, M|240\/384
|-damage|p1a: Politoed|192\/384|[from] Stealth Rock
|-weather|RainDance
|move|p2a: Heatran|Lava Plume|p1a: Politoed
|-resisted|p1a: Politoed
|-damage|p1a: Politoed|170\/384
|
|-weather|RainDance|[upkeep]
|-heal|p2a: Heatran|92\/383|[from] item: Leftovers
|turn|35
|
|move|p2a: Heatran|Lava Plume|p1a: Politoed
|-resisted|p1a: Politoed
|-damage|p1a: Politoed|146\/384
|move|p1a: Politoed|Scald|p2a: Heatran
|-supereffective|p2a: Heatran
|-damage|p2a: Heatran|0 fnt
|faint|p2a: Heatran
|
|-weather|RainDance|[upkeep]
|
|switch|p2a: Rotom-Wash|Rotom-Wash|214\/303
|-damage|p2a: Rotom-Wash|177\/303|[from] Stealth Rock
|turn|36
|
|switch|p1a: Swampert|Swampert-Mega, M|123\/391
|-damage|p1a: Swampert|99\/391|[from] Stealth Rock
|move|p2a: Rotom-Wash|Volt Switch|p1a: Swampert
|-immune|p1a: Swampert|[msg]
|
|-weather|RainDance|[upkeep]
|-heal|p2a: Rotom-Wash|195\/303|[from] item: Leftovers
|turn|37
|
|move|p1a: Swampert|Rest|p1a: Swampert
|-status|p1a: Swampert|slp
|-heal|p1a: Swampert|391\/391 slp|[silent]
|-status|p1a: Swampert|slp|[from] move: Rest
|move|p2a: Rotom-Wash|Hydro Pump|p1a: Swampert|[miss]
|-miss|p2a: Rotom-Wash|p1a: Swampert
|
|-weather|RainDance|[upkeep]
|-heal|p2a: Rotom-Wash|213\/303|[from] item: Leftovers
|turn|38
|
|cant|p1a: Swampert|slp
|move|p1a: Swampert|Sleep Talk|p1a: Swampert
|move|p1a: Swampert|Rest|p1a: Swampert|[from]Sleep Talk
|-fail|p1a: Swampert
|move|p2a: Rotom-Wash|Hydro Pump|p1a: Swampert
|-damage|p1a: Swampert|211\/391 slp
|
|-weather|RainDance|[upkeep]
|-heal|p2a: Rotom-Wash|231\/303|[from] item: Leftovers
|turn|39
|
|cant|p1a: Swampert|slp
|move|p1a: Swampert|Sleep Talk|p1a: Swampert
|move|p1a: Swampert|Rest|p1a: Swampert|[from]Sleep Talk
|-fail|p1a: Swampert
|move|p2a: Rotom-Wash|Hydro Pump|p1a: Swampert|[miss]
|-miss|p2a: Rotom-Wash|p1a: Swampert
|
|-weather|RainDance|[upkeep]
|-heal|p2a: Rotom-Wash|249\/303|[from] item: Leftovers
|turn|40
|
|-curestatus|p1a: Swampert|slp
|move|p1a: Swampert|Waterfall|p2a: Rotom-Wash
|-resisted|p2a: Rotom-Wash
|-damage|p2a: Rotom-Wash|148\/303
|move|p2a: Rotom-Wash|Hydro Pump|p1a: Swampert
|-damage|p1a: Swampert|27\/391
|
|-weather|RainDance|[upkeep]
|-heal|p2a: Rotom-Wash|166\/303|[from] item: Leftovers
|turn|41
|
|move|p1a: Swampert|Rest|p1a: Swampert
|-status|p1a: Swampert|slp
|-heal|p1a: Swampert|391\/391 slp|[silent]
|-status|p1a: Swampert|slp|[from] move: Rest
|move|p2a: Rotom-Wash|Hydro Pump|p1a: Swampert
|-damage|p1a: Swampert|211\/391 slp
|
|-weather|none
|-heal|p2a: Rotom-Wash|184\/303|[from] item: Leftovers
|turn|42
|
|move|p2a: Rotom-Wash|Hydro Pump|p1a: Swampert
|-damage|p1a: Swampert|96\/391 slp
|cant|p1a: Swampert|slp
|move|p1a: Swampert|Sleep Talk|p1a: Swampert
|move|p1a: Swampert|Waterfall|p2a: Rotom-Wash|[from]Sleep Talk
|-resisted|p2a: Rotom-Wash
|-damage|p2a: Rotom-Wash|118\/303
|
|-heal|p2a: Rotom-Wash|136\/303|[from] item: Leftovers
|turn|43
|
|switch|p1a: Celebi|Celebi|321\/404
|-damage|p1a: Celebi|271\/404|[from] Stealth Rock
|move|p2a: Rotom-Wash|Volt Switch|p1a: Celebi
|-resisted|p1a: Celebi
|-damage|p1a: Celebi|240\/404
|
|switch|p2a: Scizor|Scizor, F|111\/341
|-damage|p2a: Scizor|69\/341|[from] Stealth Rock
|
|-heal|p1a: Celebi|265\/404|[from] item: Leftovers
|-heal|p2a: Scizor|90\/341|[from] item: Leftovers
|turn|44
|
|move|p1a: Celebi|Healing Wish|p1a: Celebi
|faint|p1a: Celebi
|move|p2a: Scizor|U-turn|p1: Celebi|[notarget]
|-notarget
|
|-heal|p2a: Scizor|111\/341|[from] item: Leftovers
|
|switch|p1a: Magnezone|Magnezone, shiny|67\/287
|-heal|p1a: Magnezone|287\/287|[from] move: Healing Wish
|-damage|p1a: Magnezone|270\/287|[from] Stealth Rock
|turn|45
|
|move|p2a: Scizor|Bullet Punch|p1a: Magnezone
|-resisted|p1a: Magnezone
|-damage|p1a: Magnezone|248\/287
|move|p1a: Magnezone|Thunderbolt|p2a: Scizor
|-damage|p2a: Scizor|0 fnt
|faint|p2a: Scizor
|
|
|switch|p2a: Gallade|Gallade-Mega, M|224\/290
|-damage|p2a: Gallade|206\/290|[from] Stealth Rock
|turn|46
|
|switch|p1a: Klefki|Klefki, M|191\/318
|-damage|p1a: Klefki|172\/318|[from] Stealth Rock
|move|p2a: Gallade|Drain Punch|p1a: Klefki
|-damage|p1a: Klefki|69\/318
|-heal|p2a: Gallade|258\/290|[from] drain|[of] p1a: Klefki
|
|turn|47
|
|switch|p2a: Keldeo|Keldeo|152\/323
|-damage|p2a: Keldeo|132\/323|[from] Stealth Rock
|move|p1a: Klefki|Reflect|p1a: Klefki
|-sidestart|p1: Mateus48|Reflect
|
|turn|48
|
|move|p1a: Klefki|Thunder Wave|p2a: Keldeo
|-status|p2a: Keldeo|par
|move|p2a: Keldeo|Secret Sword|p1a: Klefki
|-damage|p1a: Klefki|0 fnt
|-damage|p2a: Keldeo|100\/323 par|[from] item: Life Orb
|faint|p1a: Klefki
|
|
|switch|p1a: Magnezone|Magnezone, shiny|248\/287
|-damage|p1a: Magnezone|231\/287|[from] Stealth Rock
|turn|49
|
|move|p1a: Magnezone|Volt Switch|p2a: Keldeo
|-supereffective|p2a: Keldeo
|-damage|p2a: Keldeo|0 fnt
|faint|p2a: Keldeo
|
|switch|p1a: Politoed|Politoed, M|146\/384
|-damage|p1a: Politoed|98\/384|[from] Stealth Rock
|-weather|RainDance
|
|-weather|RainDance|[upkeep]
|
|switch|p2a: Gallade|Gallade-Mega, M|258\/290
|-damage|p2a: Gallade|240\/290|[from] Stealth Rock
|turn|50
|
|move|p2a: Gallade|Drain Punch|p1a: Politoed
|-damage|p1a: Politoed|0 fnt
|-heal|p2a: Gallade|289\/290|[from] drain|[of] p1a: Politoed
|faint|p1a: Politoed
|
|-weather|RainDance|[upkeep]
|c|âMateus48|Can you turn off timer please? Calc won't load up lol
|c|âMateus48|Just for this turn
|c|âMateus48|Thanks
|c|âMateus48|if it doesn't work in 1 minute you can turn it back up
|c|âMateus48|Appreciate it
|c|âHaloOverCOD|http:\/\/gamut-was-taken.github.io\/
|c|âHaloOverCOD|this is the good calc
|
|switch|p1a: Manaphy|Manaphy|216\/404
|-damage|p1a: Manaphy|166\/404|[from] Stealth Rock
|turn|51
|c|âMateus48|Does it have new megas?
|c|âHaloOverCOD|jop
|c|âHaloOverCOD|from pokeaim :P
|c|âMateus48|Wow thanks
|c|âMateus48|But I got it finally
|c|âMateus48|I'll use that one from now on
|
|switch|p2a: Rotom-Wash|Rotom-Wash|136\/303
|-damage|p2a: Rotom-Wash|99\/303|[from] Stealth Rock
|move|p1a: Manaphy|Rest|p1a: Manaphy
|-status|p1a: Manaphy|slp
|-heal|p1a: Manaphy|404\/404 slp|[silent]
|-status|p1a: Manaphy|slp|[from] move: Rest
|
|-weather|RainDance|[upkeep]
|-curestatus|p1a: Manaphy|slp
|-heal|p2a: Rotom-Wash|117\/303|[from] item: Leftovers
|turn|52
|
|move|p1a: Manaphy|Scald|p2a: Rotom-Wash
|-resisted|p2a: Rotom-Wash
|-damage|p2a: Rotom-Wash|36\/303
|-status|p2a: Rotom-Wash|brn
|move|p2a: Rotom-Wash|Pain Split|p1a: Manaphy
|-sethp|p1a: Manaphy|220\/404|p2a: Rotom-Wash|220\/303 brn|[from] move: Pain Split
|
|-weather|RainDance|[upkeep]
|-heal|p1a: Manaphy|245\/404|[from] item: Leftovers
|-heal|p2a: Rotom-Wash|238\/303 brn|[from] item: Leftovers
|-damage|p2a: Rotom-Wash|201\/303 brn|[from] brn
|turn|53
|
|switch|p1a: Swampert|Swampert-Mega, M|96\/391 slp
|-damage|p1a: Swampert|72\/391 slp|[from] Stealth Rock
|move|p2a: Rotom-Wash|Volt Switch|p1a: Swampert
|-immune|p1a: Swampert|[msg]
|
|-weather|RainDance|[upkeep]
|-heal|p2a: Rotom-Wash|219\/303 brn|[from] item: Leftovers
|-damage|p2a: Rotom-Wash|182\/303 brn|[from] brn
|turn|54
|
|cant|p1a: Swampert|slp
|move|p1a: Swampert|Sleep Talk|p1a: Swampert
|move|p1a: Swampert|Rest|p1a: Swampert|[from]Sleep Talk
|-fail|p1a: Swampert
|move|p2a: Rotom-Wash|Hydro Pump|p1a: Swampert
|-damage|p1a: Swampert|0 fnt
|faint|p1a: Swampert
|
|-weather|RainDance|[upkeep]
|-heal|p2a: Rotom-Wash|200\/303 brn|[from] item: Leftovers
|-damage|p2a: Rotom-Wash|163\/303 brn|[from] brn
|-sideend|p1: Mateus48|Reflect
|
|switch|p1a: Manaphy|Manaphy|245\/404
|-damage|p1a: Manaphy|195\/404|[from] Stealth Rock
|turn|55
|
|move|p1a: Manaphy|Rest|p1a: Manaphy
|-status|p1a: Manaphy|slp
|-heal|p1a: Manaphy|404\/404 slp|[silent]
|-status|p1a: Manaphy|slp|[from] move: Rest
|move|p2a: Rotom-Wash|Volt Switch|p1a: Manaphy
|-crit|p1a: Manaphy
|-supereffective|p1a: Manaphy
|-damage|p1a: Manaphy|122\/404 slp
|
|switch|p2a: Gallade|Gallade-Mega, M|289\/290
|-damage|p2a: Gallade|271\/290|[from] Stealth Rock
|
|-weather|RainDance|[upkeep]
|-curestatus|p1a: Manaphy|slp
|-heal|p1a: Manaphy|147\/404|[from] item: Leftovers
|turn|56
|
|move|p2a: Gallade|Drain Punch|p1a: Manaphy
|-damage|p1a: Manaphy|0 fnt
|-heal|p2a: Gallade|290\/290|[from] drain|[of] p1a: Manaphy
|faint|p1a: Manaphy
|
|-weather|none
|
|switch|p1a: Magnezone|Magnezone, shiny|231\/287
|-damage|p1a: Magnezone|214\/287|[from] Stealth Rock
|turn|57
|
|move|p1a: Magnezone|Flash Cannon|p2a: Gallade
|-damage|p2a: Gallade|163\/290
|move|p2a: Gallade|Drain Punch|p1a: Magnezone
|-supereffective|p1a: Magnezone
|-damage|p1a: Magnezone|0 fnt
|-heal|p2a: Gallade|270\/290|[from] drain|[of] p1a: Magnezone
|faint|p1a: Magnezone
|
|win|HaloOverCOD
|raw|Ladder updating...
|raw|Mateus48's rating: 1560 &rarr; <strong>1530<\/strong><br \/>(-30 for losing)
|raw|HaloOverCOD's rating: 1358 &rarr; <strong>1388<\/strong><br \/>(+30 for winning)
|c|âHaloOverCOD|GG !
|c|âMateus48|Gg
|leave|Mateus48
|player|p1