|join|Im not a kid
|join|TimeTravel_3
|player|p1|Im not a kid|#cpgtan
|player|p2|TimeTravel_3|170
|gametype|singles
|gen|6
|tier|OU
|rated
|clearpoke
|poke|p1|Lopunny, M
|poke|p1|Greninja, F
|poke|p1|Heatran, F
|poke|p1|Slowbro, F
|poke|p1|Landorus-Therian, M
|poke|p1|Zapdos
|poke|p2|Garchomp, F
|poke|p2|Greninja, F
|poke|p2|Altaria, F
|poke|p2|Bisharp, F
|poke|p2|Thundurus, M
|poke|p2|Landorus-Therian, M
|rule|Swagger Clause: Swagger is banned
|rule|Baton Pass Clause: Limit one PokÃ©mon knowing Baton Pass
|rule|Sleep Clause Mod: Limit one foe put to sleep
|rule|Species Clause: Limit one of each PokÃ©mon
|rule|OHKO Clause: OHKO moves are banned
|rule|Moody Clause: Moody is banned
|rule|Evasion Moves Clause: Evasion moves are banned
|rule|Endless Battle Clause: Forcing endless battles is banned
|rule|HP Percentage Mod: HP is shown in percentages
|teampreview
|
|start
|switch|p1a: Slowbro|Slowbro, F|394\/394
|switch|p2a: Thundurus|Thundurus, M|299\/299
|turn|1
|c|âTimeTravel_3|nice
|
|move|p2a: Thundurus|Knock Off|p1a: Slowbro
|-supereffective|p1a: Slowbro
|-damage|p1a: Slowbro|246\/394
|-enditem|p1a: Slowbro|Leftovers|[from] move: Knock Off|[of] p2a: Thundurus
|-damage|p2a: Thundurus|270\/299|[from] item: Life Orb
|move|p1a: Slowbro|Psyshock|p2a: Thundurus
|-damage|p2a: Thundurus|137\/299
|
|turn|2
|
|move|p2a: Thundurus|Thunderbolt|p1a: Slowbro
|-supereffective|p1a: Slowbro
|-damage|p1a: Slowbro|0 fnt
|-damage|p2a: Thundurus|108\/299|[from] item: Life Orb
|faint|p1a: Slowbro
|
|
|switch|p1a: Landorus-Therian|Landorus-Therian, M|320\/320
|-ability|p1a: Landorus-Therian|Intimidate|[of] p2a: Thundurus
|-unboost|p2a: Thundurus|atk|1
|-boost|p2a: Thundurus|atk|2|[from] ability: Defiant
|turn|3
|c|âTimeTravel_3|wait
|c|âTimeTravel_3|how did u get that avatar?
|
|move|p1a: Landorus-Therian|Knock Off|p2a: Thundurus
|-crit|p2a: Thundurus
|-damage|p2a: Thundurus|0 fnt
|-enditem|p2a: Thundurus|Life Orb|[from] move: Knock Off|[of] p1a: Landorus-Therian
|faint|p2a: Thundurus
|
|
|switch|p2a: Garchomp|Garchomp, F|357\/357
|turn|4
|
|move|p1a: Landorus-Therian|Knock Off|p2a: Garchomp
|-damage|p2a: Garchomp|218\/357
|-damage|p1a: Landorus-Therian|280\/320|[from] ability: Rough Skin|[of] p2a: Garchomp
|-enditem|p2a: Garchomp|Focus Sash|[from] move: Knock Off|[of] p1a: Landorus-Therian
|move|p2a: Garchomp|Stealth Rock|p1a: Landorus-Therian
|-sidestart|p1: Im not a kid|move: Stealth Rock
|
|turn|5
|c|âIm not a kid|https:\/\/www.youtube.com\/watch?v=IG-0hOtUjhA
|
|switch|p1a: Zapdos|Zapdos|384\/384
|-damage|p1a: Zapdos|288\/384|[from] Stealth Rock
|-ability|p1a: Zapdos|Pressure
|move|p2a: Garchomp|Fire Blast|p1a: Zapdos
|-damage|p1a: Zapdos|204\/384
|
|-heal|p1a: Zapdos|228\/384|[from] item: Leftovers
|turn|6
|
|move|p2a: Garchomp|Outrage|p1a: Zapdos
|-damage|p1a: Zapdos|41\/384
|move|p1a: Zapdos|Roost|p1a: Zapdos
|-heal|p1a: Zapdos|233\/384
|
|-heal|p1a: Zapdos|257\/384|[from] item: Leftovers
|turn|7
|
|move|p2a: Garchomp|Outrage|p1a: Zapdos
|-damage|p1a: Zapdos|83\/384
|move|p1a: Zapdos|Roost|p1a: Zapdos
|-heal|p1a: Zapdos|275\/384
|
|-heal|p1a: Zapdos|299\/384|[from] item: Leftovers
|turn|8
|
|move|p2a: Garchomp|Outrage|p1a: Zapdos
|-damage|p1a: Zapdos|125\/384
|move|p1a: Zapdos|Roost|p1a: Zapdos
|-heal|p1a: Zapdos|317\/384
|
|-end|p2a: Garchomp|rampage
|-start|p2a: Garchomp|confusion
|-heal|p1a: Zapdos|341\/384|[from] item: Leftovers
|turn|9
|
|switch|p2a: Bisharp|Bisharp, F|271\/271
|move|p1a: Zapdos|Defog|p2a: Bisharp
|-unboost|p2a: Bisharp|evasion|1
|-boost|p2a: Bisharp|atk|2|[from] ability: Defiant
|-sideend|p1: Im not a kid|Stealth Rock|[from] move: Defog|[of] p1a: Zapdos
|
|-heal|p1a: Zapdos|365\/384|[from] item: Leftovers
|turn|10
|
|move|p2a: Bisharp|Knock Off|p1a: Zapdos
|-damage|p1a: Zapdos|17\/384
|-enditem|p1a: Zapdos|Leftovers|[from] move: Knock Off|[of] p2a: Bisharp
|-damage|p2a: Bisharp|244\/271|[from] item: Life Orb
|move|p1a: Zapdos|Heat Wave|p2a: Bisharp
|-supereffective|p2a: Bisharp
|-damage|p2a: Bisharp|0 fnt
|faint|p2a: Bisharp
|
|
|switch|p2a: Landorus-Therian|Landorus-Therian, M|325\/325
|-ability|p2a: Landorus-Therian|Intimidate|[of] p1a: Zapdos
|-unboost|p1a: Zapdos|atk|1
|turn|11
|
|move|p2a: Landorus-Therian|U-turn|p1a: Zapdos
|-resisted|p1a: Zapdos
|-damage|p1a: Zapdos|0 fnt
|faint|p1a: Zapdos
|
|switch|p2a: Greninja|Greninja, F|285\/285
|
|
|switch|p1a: Landorus-Therian|Landorus-Therian, M|280\/320
|-ability|p1a: Landorus-Therian|Intimidate|[of] p2a: Greninja
|-unboost|p2a: Greninja|atk|1
|turn|12
|
|switch|p2a: Garchomp|Garchomp, F|218\/357
|move|p1a: Landorus-Therian|Knock Off|p2a: Garchomp
|-damage|p2a: Garchomp|138\/357
|-damage|p1a: Landorus-Therian|240\/320|[from] ability: Rough Skin|[of] p2a: Garchomp
|
|turn|13
|
|switch|p1a: Greninja|Greninja, F|285\/285
|move|p2a: Garchomp|Outrage|p1a: Greninja
|-crit|p1a: Greninja
|-damage|p1a: Greninja|0 fnt
|faint|p1a: Greninja
|
|
|switch|p1a: Lopunny|Lopunny, M|272\/272
|turn|14
|c|âIm not a kid|;_;
|
|detailschange|p1a: Lopunny|Lopunny-Mega, M
|message|Lopunny has Mega Evolved into Mega Lopunny!
|move|p1a: Lopunny|Ice Punch|p2a: Garchomp
|-supereffective|p2a: Garchomp
|-damage|p2a: Garchomp|0 fnt
|-damage|p1a: Lopunny|238\/272|[from] ability: Rough Skin|[of] p2a: Garchomp
|faint|p2a: Garchomp
|
|
|switch|p2a: Landorus-Therian|Landorus-Therian, M|325\/325
|-ability|p2a: Landorus-Therian|Intimidate|[of] p1a: Lopunny
|-unboost|p1a: Lopunny|atk|1
|turn|15
|
|switch|p1a: Heatran|Heatran, F|386\/386
|move|p2a: Landorus-Therian|Earthquake|p1a: Heatran
|-supereffective|p1a: Heatran
|-damage|p1a: Heatran|0 fnt
|faint|p1a: Heatran
|
|
|switch|p1a: Landorus-Therian|Landorus-Therian, M|240\/320
|-ability|p1a: Landorus-Therian|Intimidate|[of] p2a: Landorus-Therian
|-unboost|p2a: Landorus-Therian|atk|1
|turn|16
|
|move|p1a: Landorus-Therian|Stone Edge|p2a: Landorus-Therian
|-damage|p2a: Landorus-Therian|194\/325
|move|p2a: Landorus-Therian|Earthquake|p1a: Landorus-Therian
|-immune|p1a: Landorus-Therian|[msg]
|
|turn|17
|
|move|p1a: Landorus-Therian|Stone Edge|p2a: Landorus-Therian
|-damage|p2a: Landorus-Therian|48\/325
|move|p2a: Landorus-Therian|Earthquake|p1a: Landorus-Therian
|-immune|p1a: Landorus-Therian|[msg]
|
|turn|18
|
|switch|p2a: Greninja|Greninja, F|285\/285
|move|p1a: Landorus-Therian|Stone Edge|p2a: Greninja
|-damage|p2a: Greninja|93\/285
|
|turn|19
|
|move|p1a: Landorus-Therian|Stone Edge|p2a: Greninja
|-damage|p2a: Greninja|0 fnt
|faint|p2a: Greninja
|
|
|switch|p2a: Altaria|Altaria, F|307\/307
|turn|20
|
|switch|p1a: Lopunny|Lopunny-Mega, M|238\/272
|detailschange|p2a: Altaria|Altaria-Mega, F
|message|Altaria has Mega Evolved into Mega Altaria!
|move|p2a: Altaria|Dragon Dance|p2a: Altaria
|-boost|p2a: Altaria|atk|1
|-boost|p2a: Altaria|spe|1
|
|turn|21
|
|move|p1a: Lopunny|Fake Out|p2a: Altaria
|-damage|p2a: Altaria|235\/307
|cant|p2a: Altaria|flinch
|
|turn|22
|
|move|p1a: Lopunny|Ice Punch|p2a: Altaria
|-supereffective|p2a: Altaria
|-damage|p2a: Altaria|71\/307
|move|p2a: Altaria|Return|p1a: Lopunny
|-supereffective|p1a: Lopunny
|-damage|p1a: Lopunny|0 fnt
|faint|p1a: Lopunny
|
|
|switch|p1a: Landorus-Therian|Landorus-Therian, M|240\/320
|-ability|p1a: Landorus-Therian|Intimidate|[of] p2a: Altaria
|-unboost|p2a: Altaria|atk|1
|turn|23
|
|switch|p2a: Landorus-Therian|Landorus-Therian, M|48\/325
|-ability|p2a: Landorus-Therian|Intimidate|[of] p1a: Landorus-Therian
|-unboost|p1a: Landorus-Therian|atk|1
|move|p1a: Landorus-Therian|Stone Edge|p2a: Landorus-Therian
|-crit|p2a: Landorus-Therian
|-damage|p2a: Landorus-Therian|0 fnt
|faint|p2a: Landorus-Therian
|
|
|switch|p2a: Altaria|Altaria-Mega, F|71\/307
|turn|24
|
|move|p1a: Landorus-Therian|Stone Edge|p2a: Altaria
|-damage|p2a: Altaria|0 fnt
|faint|p2a: Altaria
|
|win|Im not a kid
|raw|Ladder updating...
|c|âIm not a kid|gg
|leave|TimeTravel_3
|player|p2
|raw|Im not a kid's rating: 1390 &rarr; <strong>1412<\/strong><br \/>(+22 for winning)
|raw|TimeTravel_3's rating: 1432 &rarr; <strong>1410<\/strong><br \/>(-22 for losing)