|join|TimeTravel_3
|join|I'm your Soul
|player|p1|TimeTravel_3|265
|player|p2|I'm your Soul|169
|gametype|singles
|gen|6
|tier|OU
|rated
|clearpoke
|poke|p1|Garchomp, F
|poke|p1|Greninja, F
|poke|p1|Altaria, F
|poke|p1|Bisharp, F
|poke|p1|Thundurus, M
|poke|p1|Landorus-Therian, M
|poke|p2|Sharpedo, F
|poke|p2|Amoonguss, M
|poke|p2|Rotom-Wash
|poke|p2|Ferrothorn, M
|poke|p2|Landorus-Therian, M
|poke|p2|Clefable, F
|rule|Swagger Clause: Swagger is banned
|rule|Baton Pass Clause: Limit one PokÃ©mon knowing Baton Pass
|rule|Sleep Clause Mod: Limit one foe put to sleep
|rule|Species Clause: Limit one of each PokÃ©mon
|rule|OHKO Clause: OHKO moves are banned
|rule|Moody Clause: Moody is banned
|rule|Evasion Moves Clause: Evasion moves are banned
|rule|Endless Battle Clause: Forcing endless battles is banned
|rule|HP Percentage Mod: HP is shown in percentages
|teampreview
|
|start
|switch|p1a: Thundurus|Thundurus, M|299\/299
|switch|p2a: Rotom-Wash|Rotom-Wash|304\/304
|turn|1
|
|move|p1a: Thundurus|Thunderbolt|p2a: Rotom-Wash
|-damage|p2a: Rotom-Wash|135\/304
|-damage|p1a: Thundurus|270\/299|[from] item: Life Orb
|move|p2a: Rotom-Wash|Volt Switch|p1a: Thundurus
|-damage|p1a: Thundurus|167\/299
|c|âTimeTravel_3|your my beats
|c|âI'm your Soul|omgg
|c|âTimeTravel_3|apologies
|
|switch|p2a: Amoonguss|Amoonguss, M|432\/432
|
|turn|2
|c|âTimeTravel_3|I meant you're
|
|move|p1a: Thundurus|Knock Off|p2a: Amoonguss
|-damage|p2a: Amoonguss|285\/432
|-enditem|p2a: Amoonguss|Black Sludge|[from] move: Knock Off|[of] p1a: Thundurus
|-damage|p1a: Thundurus|138\/299|[from] item: Life Orb
|move|p2a: Amoonguss|Spore|p1a: Thundurus
|-status|p1a: Thundurus|slp
|
|turn|3
|c|âI'm your Soul|yeah yeah
|c|âTimeTravel_3|lol
|
|switch|p1a: Bisharp|Bisharp, F|271\/271
|move|p2a: Amoonguss|Sludge Bomb|p1a: Bisharp
|-immune|p1a: Bisharp|[msg]
|
|turn|4
|
|switch|p2a: Ferrothorn|Ferrothorn, M|351\/351
|move|p1a: Bisharp|Swords Dance|p1a: Bisharp
|-boost|p1a: Bisharp|atk|2
|
|turn|5
|
|move|p1a: Bisharp|Swords Dance|p1a: Bisharp
|-boost|p1a: Bisharp|atk|2
|move|p2a: Ferrothorn|Thunder Wave|p1a: Bisharp
|-status|p1a: Bisharp|par
|
|turn|6
|
|move|p1a: Bisharp|Knock Off|p2a: Ferrothorn
|-damage|p2a: Ferrothorn|0 fnt
|-damage|p1a: Bisharp|238\/271 par|[from] ability: Iron Barbs|[of] p2a: Ferrothorn
|-damage|p1a: Bisharp|193\/271 par|[from] item: Rocky Helmet|[of] p2a: Ferrothorn
|-enditem|p2a: Ferrothorn|Rocky Helmet|[from] move: Knock Off|[of] p1a: Bisharp
|-damage|p1a: Bisharp|166\/271 par|[from] item: Life Orb
|faint|p2a: Ferrothorn
|
|
|switch|p2a: Clefable|Clefable, F|394\/394
|turn|7
|
|move|p2a: Clefable|Flamethrower|p1a: Bisharp
|-supereffective|p1a: Bisharp
|-damage|p1a: Bisharp|0 fnt
|faint|p1a: Bisharp
|
|
|switch|p1a: Greninja|Greninja, F|285\/285
|turn|8
|
|switch|p2a: Landorus-Therian|Landorus-Therian, M|320\/320
|-ability|p2a: Landorus-Therian|Intimidate|[of] p1a: Greninja
|-unboost|p1a: Greninja|atk|1
|move|p1a: Greninja|Gunk Shot|p2a: Landorus-Therian
|-start|p1a: Greninja|typechange|Poison|[from] Protean
|-resisted|p2a: Landorus-Therian
|-damage|p2a: Landorus-Therian|254\/320
|-status|p2a: Landorus-Therian|psn
|-damage|p1a: Greninja|257\/285|[from] item: Life Orb
|
|-damage|p2a: Landorus-Therian|214\/320 psn|[from] psn
|turn|9
|
|switch|p1a: Landorus-Therian|Landorus-Therian, M|325\/325
|-ability|p1a: Landorus-Therian|Intimidate|[of] p2a: Landorus-Therian
|-unboost|p2a: Landorus-Therian|atk|1
|move|p2a: Landorus-Therian|U-turn|p1a: Landorus-Therian
|-resisted|p1a: Landorus-Therian
|-damage|p1a: Landorus-Therian|287\/325
|
|switch|p2a: Amoonguss|Amoonguss, M|429\/432
|
|turn|10
|
|move|p1a: Landorus-Therian|Earthquake|p2a: Amoonguss
|-damage|p2a: Amoonguss|161\/432
|move|p2a: Amoonguss|Giga Drain|p1a: Landorus-Therian
|-damage|p1a: Landorus-Therian|196\/325
|-heal|p2a: Amoonguss|207\/432|[from] drain|[of] p1a: Landorus-Therian
|
|turn|11
|
|switch|p1a: Greninja|Greninja, F|257\/285
|switch|p2a: Landorus-Therian|Landorus-Therian, M|214\/320 psn
|-ability|p2a: Landorus-Therian|Intimidate|[of] p1a: Greninja
|-unboost|p1a: Greninja|atk|1
|
|-damage|p2a: Landorus-Therian|174\/320 psn|[from] psn
|turn|12
|
|switch|p1a: Landorus-Therian|Landorus-Therian, M|196\/325
|-ability|p1a: Landorus-Therian|Intimidate|[of] p2a: Landorus-Therian
|-unboost|p2a: Landorus-Therian|atk|1
|move|p2a: Landorus-Therian|U-turn|p1a: Landorus-Therian
|-resisted|p1a: Landorus-Therian
|-damage|p1a: Landorus-Therian|163\/325
|
|switch|p2a: Rotom-Wash|Rotom-Wash|135\/304
|
|-heal|p2a: Rotom-Wash|154\/304|[from] item: Leftovers
|turn|13
|
|move|p1a: Landorus-Therian|U-turn|p2a: Rotom-Wash
|-damage|p2a: Rotom-Wash|92\/304
|
|switch|p1a: Thundurus|Thundurus, M|138\/299 slp
|move|p2a: Rotom-Wash|Will-O-Wisp|p1a: Thundurus
|-fail|p1a: Thundurus
|
|-heal|p2a: Rotom-Wash|111\/304|[from] item: Leftovers
|turn|14
|
|switch|p1a: Landorus-Therian|Landorus-Therian, M|163\/325
|-ability|p1a: Landorus-Therian|Intimidate|[of] p2a: Rotom-Wash
|-unboost|p2a: Rotom-Wash|atk|1
|move|p2a: Rotom-Wash|Hydro Pump|p1a: Landorus-Therian
|-supereffective|p1a: Landorus-Therian
|-damage|p1a: Landorus-Therian|0 fnt
|faint|p1a: Landorus-Therian
|
|-heal|p2a: Rotom-Wash|130\/304|[from] item: Leftovers
|
|switch|p1a: Greninja|Greninja, F|257\/285
|turn|15
|
|move|p1a: Greninja|Gunk Shot|p2a: Rotom-Wash
|-start|p1a: Greninja|typechange|Poison|[from] Protean
|-damage|p2a: Rotom-Wash|0 fnt
|-damage|p1a: Greninja|229\/285|[from] item: Life Orb
|faint|p2a: Rotom-Wash
|
|
|switch|p2a: Landorus-Therian|Landorus-Therian, M|174\/320 psn
|-ability|p2a: Landorus-Therian|Intimidate|[of] p1a: Greninja
|-unboost|p1a: Greninja|atk|1
|turn|16
|
|switch|p1a: Thundurus|Thundurus, M|138\/299 slp
|move|p2a: Landorus-Therian|Stone Edge|p1a: Thundurus
|-supereffective|p1a: Thundurus
|-damage|p1a: Thundurus|0 fnt
|faint|p1a: Thundurus
|
|-damage|p2a: Landorus-Therian|134\/320 psn|[from] psn
|
|switch|p1a: Garchomp|Garchomp, F|357\/357
|turn|17
|
|switch|p2a: Clefable|Clefable, F|394\/394
|move|p1a: Garchomp|Earthquake|p2a: Clefable
|-damage|p2a: Clefable|238\/394
|
|-heal|p2a: Clefable|262\/394|[from] item: Leftovers
|turn|18
|
|move|p1a: Garchomp|Stealth Rock|p2a: Clefable
|-sidestart|p2: I'm your Soul|move: Stealth Rock
|move|p2a: Clefable|Moonblast|p1a: Garchomp
|-crit|p1a: Garchomp
|-supereffective|p1a: Garchomp
|-enditem|p1a: Garchomp|Focus Sash
|-damage|p1a: Garchomp|1\/357
|
|-heal|p2a: Clefable|286\/394|[from] item: Leftovers
|turn|19
|
|move|p1a: Garchomp|Earthquake|p2a: Clefable
|-damage|p2a: Clefable|121\/394
|move|p2a: Clefable|Moonblast|p1a: Garchomp
|-supereffective|p1a: Garchomp
|-damage|p1a: Garchomp|0 fnt
|faint|p1a: Garchomp
|
|-heal|p2a: Clefable|145\/394|[from] item: Leftovers
|
|switch|p1a: Greninja|Greninja, F|229\/285
|turn|20
|
|move|p1a: Greninja|Gunk Shot|p2a: Clefable
|-start|p1a: Greninja|typechange|Poison|[from] Protean
|-supereffective|p2a: Clefable
|-damage|p2a: Clefable|0 fnt
|-damage|p1a: Greninja|201\/285|[from] item: Life Orb
|faint|p2a: Clefable
|
|
|switch|p2a: Landorus-Therian|Landorus-Therian, M|134\/320 psn
|-damage|p2a: Landorus-Therian|94\/320 psn|[from] Stealth Rock
|-ability|p2a: Landorus-Therian|Intimidate|[of] p1a: Greninja
|-unboost|p1a: Greninja|atk|1
|turn|21
|c|âI'm your Soul|i have a friend here
|c|âI'm your Soul|and we respect you
|
|switch|p1a: Altaria|Altaria, F|307\/307
|move|p2a: Landorus-Therian|Stone Edge|p1a: Altaria|[miss]
|-miss|p2a: Landorus-Therian|p1a: Altaria
|
|-damage|p2a: Landorus-Therian|54\/320 psn|[from] psn
|turn|22
|
|detailschange|p1a: Altaria|Altaria-Mega, F
|message|Altaria has Mega Evolved into Mega Altaria!
|move|p2a: Landorus-Therian|Stone Edge|p1a: Altaria
|-crit|p1a: Altaria
|-damage|p1a: Altaria|114\/307
|move|p1a: Altaria|Dragon Dance|p1a: Altaria
|-boost|p1a: Altaria|atk|1
|-boost|p1a: Altaria|spe|1
|
|-damage|p2a: Landorus-Therian|14\/320 psn|[from] psn
|turn|23
|
|move|p2a: Landorus-Therian|Stone Edge|p1a: Altaria
|-damage|p1a: Altaria|0 fnt
|faint|p1a: Altaria
|
|-damage|p2a: Landorus-Therian|0 fnt|[from] psn
|faint|p2a: Landorus-Therian
|
|switch|p1a: Greninja|Greninja, F|201\/285
|switch|p2a: Amoonguss|Amoonguss, M|351\/432
|-damage|p2a: Amoonguss|297\/432|[from] Stealth Rock
|turn|24
|
|move|p1a: Greninja|Ice Beam|p2a: Amoonguss
|-start|p1a: Greninja|typechange|Ice|[from] Protean
|-supereffective|p2a: Amoonguss
|-damage|p2a: Amoonguss|79\/432
|-damage|p1a: Greninja|173\/285|[from] item: Life Orb
|move|p2a: Amoonguss|Spore|p1a: Greninja
|-status|p1a: Greninja|slp
|
|turn|25
|
|cant|p1a: Greninja|slp
|move|p2a: Amoonguss|Giga Drain|p1a: Greninja
|-damage|p1a: Greninja|58\/285 slp
|-heal|p2a: Amoonguss|137\/432|[from] drain|[of] p1a: Greninja
|
|turn|26
|
|cant|p1a: Greninja|slp
|move|p2a: Amoonguss|Giga Drain|p1a: Greninja
|-damage|p1a: Greninja|0 fnt
|-heal|p2a: Amoonguss|166\/432|[from] drain|[of] p1a: Greninja
|faint|p1a: Greninja
|
|win|I'm your Soul
|raw|Ladder updating...
|raw|TimeTravel_3's rating: 1567 &rarr; <strong>1547<\/strong><br \/>(-20 for losing)
|raw|I&apos;m your Soul's rating: 1556 &rarr; <strong>1577<\/strong><br \/>(+21 for winning)
|leave|TimeTravel_3
|player|p1
|c|âI'm your Soul|gg bro^^
|c|âI'm your Soul|pff mais toujours  pas  de competitif dans leur jeux =\/