|join|Based Neil
|join|TimeTravel_3
|player|p1|Based Neil|167
|player|p2|TimeTravel_3|2
|gametype|singles
|gen|6
|tier|OU
|rated
|clearpoke
|poke|p1|Altaria, M
|poke|p1|Gengar, M
|poke|p1|Greninja, M, shiny
|poke|p1|Ferrothorn, M
|poke|p1|Landorus-Therian, M
|poke|p1|Thundurus, M, shiny
|poke|p2|Garchomp, F
|poke|p2|Greninja, F
|poke|p2|Altaria, M
|poke|p2|Bisharp, F
|poke|p2|Thundurus, M
|poke|p2|Landorus-Therian, M
|rule|Swagger Clause: Swagger is banned
|rule|Baton Pass Clause: Limit one PokÃ©mon knowing Baton Pass
|rule|Sleep Clause Mod: Limit one foe put to sleep
|rule|Species Clause: Limit one of each PokÃ©mon
|rule|OHKO Clause: OHKO moves are banned
|rule|Moody Clause: Moody is banned
|rule|Evasion Moves Clause: Evasion moves are banned
|rule|Endless Battle Clause: Forcing endless battles is banned
|rule|HP Percentage Mod: HP is shown in percentages
|teampreview
|
|start
|switch|p1a: Gengar|Gengar, M|260\/260
|switch|p2a: Thundurus|Thundurus, M|299\/299
|turn|1
|
|move|p2a: Thundurus|Knock Off|p1a: Gengar
|-supereffective|p1a: Gengar
|-damage|p1a: Gengar|0 fnt
|-enditem|p1a: Gengar|Life Orb|[from] move: Knock Off|[of] p2a: Thundurus
|-damage|p2a: Thundurus|270\/299|[from] item: Life Orb
|faint|p1a: Gengar
|
|
|switch|p1a: Ferrothorn|Ferrothorn, M|352\/352
|turn|2
|
|move|p2a: Thundurus|Superpower|p1a: Ferrothorn
|-supereffective|p1a: Ferrothorn
|-damage|p1a: Ferrothorn|165\/352
|-damage|p2a: Thundurus|233\/299|[from] ability: Iron Barbs|[of] p1a: Ferrothorn
|-unboost|p2a: Thundurus|atk|1
|-unboost|p2a: Thundurus|def|1
|-damage|p2a: Thundurus|204\/299|[from] item: Life Orb
|move|p1a: Ferrothorn|Stealth Rock|p2a: Thundurus
|-sidestart|p2: TimeTravel_3|move: Stealth Rock
|
|turn|3
|
|move|p2a: Thundurus|Superpower|p1a: Ferrothorn
|-supereffective|p1a: Ferrothorn
|-damage|p1a: Ferrothorn|38\/352
|-damage|p2a: Thundurus|167\/299|[from] ability: Iron Barbs|[of] p1a: Ferrothorn
|-unboost|p2a: Thundurus|atk|1
|-unboost|p2a: Thundurus|def|1
|-damage|p2a: Thundurus|138\/299|[from] item: Life Orb
|move|p1a: Ferrothorn|Gyro Ball|p2a: Thundurus
|-resisted|p2a: Thundurus
|-damage|p2a: Thundurus|0 fnt
|faint|p2a: Thundurus
|
|
|switch|p2a: Garchomp|Garchomp, F|357\/357
|-damage|p2a: Garchomp|335\/357|[from] Stealth Rock
|turn|4
|
|switch|p1a: Greninja|Greninja, M, shiny|285\/285
|move|p2a: Garchomp|Stealth Rock|p1a: Greninja
|-sidestart|p1: Based Neil|move: Stealth Rock
|
|turn|5
|
|switch|p2a: Greninja|Greninja, F|285\/285
|-damage|p2a: Greninja|250\/285|[from] Stealth Rock
|move|p1a: Greninja|Ice Beam|p2a: Greninja
|-start|p1a: Greninja|typechange|Ice|[from] Protean
|-resisted|p2a: Greninja
|-damage|p2a: Greninja|110\/285
|-damage|p1a: Greninja|257\/285|[from] item: Life Orb
|
|turn|6
|
|switch|p1a: Ferrothorn|Ferrothorn, M|38\/352
|-damage|p1a: Ferrothorn|16\/352|[from] Stealth Rock
|move|p2a: Greninja|Gunk Shot|p1a: Ferrothorn
|-start|p2a: Greninja|typechange|Poison|[from] Protean
|-immune|p1a: Ferrothorn|[msg]
|
|turn|7
|
|move|p2a: Greninja|Ice Beam|p1a: Ferrothorn
|-start|p2a: Greninja|typechange|Ice|[from] Protean
|-damage|p1a: Ferrothorn|0 fnt
|-damage|p2a: Greninja|82\/285|[from] item: Life Orb
|faint|p1a: Ferrothorn
|
|
|switch|p1a: Landorus-Therian|Landorus-Therian, M|328\/328
|-damage|p1a: Landorus-Therian|287\/328|[from] Stealth Rock
|-ability|p1a: Landorus-Therian|Intimidate|[of] p2a: Greninja
|-unboost|p2a: Greninja|atk|1
|turn|8
|
|switch|p2a: Landorus-Therian|Landorus-Therian, M|325\/325
|-damage|p2a: Landorus-Therian|285\/325|[from] Stealth Rock
|-ability|p2a: Landorus-Therian|Intimidate|[of] p1a: Landorus-Therian
|-unboost|p1a: Landorus-Therian|atk|1
|move|p1a: Landorus-Therian|U-turn|p2a: Landorus-Therian
|-resisted|p2a: Landorus-Therian
|-damage|p2a: Landorus-Therian|254\/325
|
|switch|p1a: Altaria|Altaria, M|353\/353
|-damage|p1a: Altaria|265\/353|[from] Stealth Rock
|
|turn|9
|
|detailschange|p1a: Altaria|Altaria-Mega, M
|message|Altaria has Mega Evolved into Mega Altaria!
|move|p2a: Landorus-Therian|U-turn|p1a: Altaria
|-resisted|p1a: Altaria
|-damage|p1a: Altaria|233\/353
|
|switch|p2a: Bisharp|Bisharp, F|271\/271
|-damage|p2a: Bisharp|255\/271|[from] Stealth Rock
|move|p1a: Altaria|Dragon Dance|p1a: Altaria
|-boost|p1a: Altaria|atk|1
|-boost|p1a: Altaria|spe|1
|
|turn|10
|
|switch|p2a: Landorus-Therian|Landorus-Therian, M|254\/325
|-damage|p2a: Landorus-Therian|214\/325|[from] Stealth Rock
|-ability|p2a: Landorus-Therian|Intimidate|[of] p1a: Altaria
|-unboost|p1a: Altaria|atk|1
|move|p1a: Altaria|Return|p2a: Landorus-Therian
|-damage|p2a: Landorus-Therian|28\/325
|
|turn|11
|
|move|p2a: Landorus-Therian|Earthquake|p1a: Altaria
|-damage|p1a: Altaria|92\/353
|move|p1a: Altaria|Roost|p1a: Altaria
|-heal|p1a: Altaria|269\/353
|
|turn|12
|
|move|p2a: Landorus-Therian|Earthquake|p1a: Altaria
|-damage|p1a: Altaria|148\/353
|move|p1a: Altaria|Dragon Dance|p1a: Altaria
|-boost|p1a: Altaria|atk|1
|-boost|p1a: Altaria|spe|1
|
|turn|13
|
|move|p2a: Landorus-Therian|Earthquake|p1a: Altaria
|-damage|p1a: Altaria|16\/353
|move|p1a: Altaria|Roost|p1a: Altaria
|-heal|p1a: Altaria|193\/353
|
|turn|14
|
|move|p2a: Landorus-Therian|Earthquake|p1a: Altaria
|-damage|p1a: Altaria|63\/353
|move|p1a: Altaria|Roost|p1a: Altaria
|-heal|p1a: Altaria|240\/353
|
|turn|15
|
|move|p2a: Landorus-Therian|Earthquake|p1a: Altaria
|-damage|p1a: Altaria|120\/353
|move|p1a: Altaria|Dragon Dance|p1a: Altaria
|-boost|p1a: Altaria|atk|1
|-boost|p1a: Altaria|spe|1
|
|turn|16
|
|move|p1a: Altaria|Roost|p1a: Altaria
|-heal|p1a: Altaria|297\/353
|move|p2a: Landorus-Therian|Earthquake|p1a: Altaria
|-damage|p1a: Altaria|168\/353
|
|turn|17
|
|move|p1a: Altaria|Roost|p1a: Altaria
|-heal|p1a: Altaria|345\/353
|move|p2a: Landorus-Therian|Earthquake|p1a: Altaria
|-damage|p1a: Altaria|213\/353
|
|turn|18
|
|move|p1a: Altaria|Return|p2a: Landorus-Therian
|-damage|p2a: Landorus-Therian|0 fnt
|faint|p2a: Landorus-Therian
|
|
|switch|p2a: Garchomp|Garchomp, F|335\/357
|-damage|p2a: Garchomp|313\/357|[from] Stealth Rock
|turn|19
|
|move|p1a: Altaria|Return|p2a: Garchomp
|-supereffective|p2a: Garchomp
|-damage|p2a: Garchomp|0 fnt
|-damage|p1a: Altaria|169\/353|[from] ability: Rough Skin|[of] p2a: Garchomp
|faint|p2a: Garchomp
|
|
|switch|p2a: Bisharp|Bisharp, F|255\/271
|-damage|p2a: Bisharp|239\/271|[from] Stealth Rock
|turn|20
|
|move|p1a: Altaria|Return|p2a: Bisharp
|-damage|p2a: Bisharp|0 fnt
|faint|p2a: Bisharp
|
|-message|TimeTravel_3 forfeited.
|leave|TimeTravel_3
|
|win|Based Neil
|raw|Ladder updating...
|player|p2
|raw|Based Neil's rating: 1501 &rarr; <strong>1516<\/strong><br \/>(+15 for winning)
|raw|TimeTravel_3's rating: 1413 &rarr; <strong>1398<\/strong><br \/>(-15 for losing)