|join|Reverb
|join|TimeTravel_3
|player|p1|Reverb|#reverb
|player|p2|TimeTravel_3|1
|gametype|singles
|gen|6
|tier|OU
|rated
|clearpoke
|poke|p1|Scizor, F
|poke|p1|Diggersby, F, shiny
|poke|p1|Raikou, shiny
|poke|p1|Azelf
|poke|p1|Greninja, M
|poke|p1|Latios, M, shiny
|poke|p2|Politoed, F
|poke|p2|Swampert, F
|poke|p2|Kingdra, M
|poke|p2|Klefki, F
|poke|p2|Thundurus, M
|poke|p2|Breloom, F
|rule|Swagger Clause: Swagger is banned
|rule|Baton Pass Clause: Limit one PokÃ©mon knowing Baton Pass
|rule|Sleep Clause Mod: Limit one foe put to sleep
|rule|Species Clause: Limit one of each PokÃ©mon
|rule|OHKO Clause: OHKO moves are banned
|rule|Moody Clause: Moody is banned
|rule|Evasion Moves Clause: Evasion moves are banned
|rule|Endless Battle Clause: Forcing endless battles is banned
|rule|HP Percentage Mod: HP is shown in percentages
|teampreview
|join|Outrageous Fortune
|join|jake5
|c| jake5|lol using doughboy's team
|join|dedic
|join|haunter
|join|Cienight
|join|Ox the Fox
|c|âTimeTravel_3|*I did not change anything
|
|start
|switch|p1a: Azelf|Azelf|291\/291
|switch|p2a: Thundurus|Thundurus, M|299\/299
|turn|1
|
|move|p1a: Azelf|Stealth Rock|p2a: Thundurus
|-sidestart|p2: TimeTravel_3|move: Stealth Rock
|move|p2a: Thundurus|Knock Off|p1a: Azelf
|-supereffective|p1a: Azelf
|-enditem|p1a: Azelf|Focus Sash
|-damage|p1a: Azelf|1\/291
|-damage|p2a: Thundurus|270\/299|[from] item: Life Orb
|
|turn|2
|join|kel and lek
|
|switch|p2a: Klefki|Klefki, F|318\/318
|-damage|p2a: Klefki|299\/318|[from] Stealth Rock
|move|p1a: Azelf|Fire Blast|p2a: Klefki|[miss]
|-miss|p1a: Azelf|p2a: Klefki
|
|turn|3
|c| Ox the Fox|ouch
|
|move|p2a: Klefki|Thunder Wave|p1a: Azelf
|-status|p1a: Azelf|par
|move|p1a: Azelf|Fire Blast|p2a: Klefki
|-crit|p2a: Klefki
|-supereffective|p2a: Klefki
|-damage|p2a: Klefki|0 fnt
|faint|p2a: Klefki
|
|c| jake5|makes up for it
|c| Ox the Fox|yah
|
|switch|p2a: Politoed|Politoed, F|383\/383
|-damage|p2a: Politoed|336\/383|[from] Stealth Rock
|-weather|RainDance
|turn|4
|c| Ox the Fox|u don't get boom off but w.e
|
|move|p2a: Politoed|Scald|p1a: Azelf
|-crit|p1a: Azelf
|-damage|p1a: Azelf|0 fnt
|faint|p1a: Azelf
|
|-weather|RainDance|[upkeep]
|c| jake5|yeah
|c| jake5|at least the key is ded
|raw|<div class="broadcast-red"><b>Moderated chat was set to +!<\/b><br \/>Only users of rank + and higher can talk.<\/div>
|
|switch|p1a: hoes on mah bed|Diggersby, F, shiny|311\/311
|turn|5
|
|switch|p2a: Breloom|Breloom, F|261\/261
|-damage|p2a: Breloom|245\/261|[from] Stealth Rock
|move|p1a: hoes on mah bed|Return|p2a: Breloom
|-damage|p2a: Breloom|0 fnt
|-damage|p1a: hoes on mah bed|280\/311|[from] item: Life Orb
|faint|p2a: Breloom
|
|-weather|RainDance|[upkeep]
|
|switch|p2a: Kingdra|Kingdra, M|291\/291
|-damage|p2a: Kingdra|255\/291|[from] Stealth Rock
|turn|6
|join|Poweredbyrevenge
|join|Gizmoâ
|
|move|p1a: hoes on mah bed|Quick Attack|p2a: Kingdra
|-damage|p2a: Kingdra|121\/291
|-damage|p1a: hoes on mah bed|249\/311|[from] item: Life Orb
|move|p2a: Kingdra|Waterfall|p1a: hoes on mah bed
|-supereffective|p1a: hoes on mah bed
|-damage|p1a: hoes on mah bed|0 fnt
|-damage|p2a: Kingdra|92\/291|[from] item: Life Orb
|faint|p1a: hoes on mah bed
|
|-weather|RainDance|[upkeep]
|join|666 EDGES
|join|Escavalier
|
|switch|p1a: Scizor|Scizor, F|307\/307
|turn|7
|join|KratosSnake
|
|detailschange|p1a: Scizor|Scizor-Mega, F
|message|Scizor has Mega Evolved into Mega Scizor!
|move|p1a: Scizor|Bullet Punch|p2a: Kingdra
|-resisted|p2a: Kingdra
|-damage|p2a: Kingdra|24\/291
|move|p2a: Kingdra|Hydro Pump|p1a: Scizor|[miss]
|-miss|p2a: Kingdra|p1a: Scizor
|
|-weather|RainDance|[upkeep]
|turn|8
|
|move|p1a: Scizor|Bullet Punch|p2a: Kingdra
|-resisted|p2a: Kingdra
|-damage|p2a: Kingdra|0 fnt
|faint|p2a: Kingdra
|
|-weather|RainDance|[upkeep]
|
|switch|p2a: Swampert|Swampert, F|341\/341
|-damage|p2a: Swampert|320\/341|[from] Stealth Rock
|turn|9
|
|detailschange|p2a: Swampert|Swampert-Mega, F
|message|Swampert has Mega Evolved into Mega Swampert!
|move|p1a: Scizor|Bug Bite|p2a: Swampert
|-damage|p2a: Swampert|148\/341
|move|p2a: Swampert|Waterfall|p1a: Scizor
|-damage|p1a: Scizor|100\/307
|
|-weather|RainDance|[upkeep]
|turn|10
|
|move|p1a: Scizor|Bullet Punch|p2a: Swampert
|-resisted|p2a: Swampert
|-damage|p2a: Swampert|89\/341
|move|p2a: Swampert|Waterfall|p1a: Scizor
|-damage|p1a: Scizor|0 fnt
|faint|p1a: Scizor
|
|-weather|RainDance|[upkeep]
|
|switch|p1a: Latios|Latios, M, shiny|301\/301
|turn|11
|join|Lzy
|
|switch|p2a: Thundurus|Thundurus, M|270\/299
|-damage|p2a: Thundurus|196\/299|[from] Stealth Rock
|move|p1a: Latios|Psyshock|p2a: Thundurus
|-damage|p2a: Thundurus|7\/299
|
|-weather|none
|turn|12
|
|switch|p1a: Raikou|Raikou, shiny|329\/329
|-ability|p1a: Raikou|Pressure
|move|p2a: Thundurus|Knock Off|p1a: Raikou
|-damage|p1a: Raikou|186\/329
|-enditem|p1a: Raikou|Choice Specs|[from] move: Knock Off|[of] p2a: Thundurus
|-damage|p2a: Thundurus|0 fnt|[from] item: Life Orb
|faint|p2a: Thundurus
|
|
|switch|p2a: Politoed|Politoed, F|336\/383
|-damage|p2a: Politoed|289\/383|[from] Stealth Rock
|-weather|RainDance
|turn|13
|
|move|p1a: Raikou|Thunderbolt|p2a: Politoed
|-supereffective|p2a: Politoed
|-damage|p2a: Politoed|1\/383
|move|p2a: Politoed|Scald|p1a: Raikou
|-damage|p1a: Raikou|51\/329
|
|-weather|RainDance|[upkeep]
|turn|14
|
|move|p1a: Raikou|Shadow Ball|p2a: Politoed
|-crit|p2a: Politoed
|-damage|p2a: Politoed|0 fnt
|faint|p2a: Politoed
|
|-weather|RainDance|[upkeep]
|
|switch|p2a: Swampert|Swampert-Mega, F|89\/341
|-damage|p2a: Swampert|68\/341|[from] Stealth Rock
|turn|15
|join|Clefairy
|
|move|p2a: Swampert|Waterfall|p1a: Raikou
|-damage|p1a: Raikou|0 fnt
|faint|p1a: Raikou
|
|-weather|RainDance|[upkeep]
|
|switch|p1a: Latios|Latios, M, shiny|301\/301
|turn|16
|
|move|p1a: Latios|Surf|p2a: Swampert
|-damage|p2a: Swampert|0 fnt
|faint|p2a: Swampert
|
|win|Reverb
|raw|Ladder updating...
|c|âReverb|gg sorry for miss
|leave|Escavalier
|leave|haunter
|leave|666 EDGES
|join|Rest in Pepperoni
|leave|Outrageous Fortune
|leave|TimeTravel_3
|player|p2
|leave|jake5
|leave|Cienight
|leave|Reverb
|player|p1
|leave|dedic
|raw|Reverb's rating: 1827 &rarr; <strong>1840<\/strong><br \/>(+13 for winning)
|raw|TimeTravel_3's rating: 1693 &rarr; <strong>1681<\/strong><br \/>(-12 for losing)
|leave|kel and lek
|leave|Poweredbyrevenge