|join|TimeTravel_3
|join|theslothmaster98
|player|p1|TimeTravel_3|170
|player|p2|theslothmaster98|137
|gametype|singles
|gen|6
|tier|OU
|rated
|clearpoke
|poke|p1|Landorus-Therian, M
|poke|p1|Klefki, M
|poke|p1|Greninja, F
|poke|p1|Raikou
|poke|p1|Latios, M
|poke|p1|Pinsir, M
|poke|p2|Metagross, shiny
|poke|p2|Clefable, M
|poke|p2|Greninja, M, shiny
|poke|p2|Landorus-Therian, M
|poke|p2|Ferrothorn, M
|poke|p2|Garchomp, M
|rule|Swagger Clause: Swagger is banned
|rule|Baton Pass Clause: Limit one PokÃ©mon knowing Baton Pass
|rule|Sleep Clause Mod: Limit one foe put to sleep
|rule|Species Clause: Limit one of each PokÃ©mon
|rule|OHKO Clause: OHKO moves are banned
|rule|Moody Clause: Moody is banned
|rule|Evasion Moves Clause: Evasion moves are banned
|rule|Endless Battle Clause: Forcing endless battles is banned
|rule|HP Percentage Mod: HP is shown in percentages
|teampreview
|
|start
|switch|p1a: Landorus-Therian|Landorus-Therian, M|319\/319
|switch|p2a: Landorus-Therian|Landorus-Therian, M|382\/382
|-ability|p1a: Landorus-Therian|Intimidate|[of] p2a: Landorus-Therian
|-unboost|p2a: Landorus-Therian|atk|1
|-ability|p2a: Landorus-Therian|Intimidate|[of] p1a: Landorus-Therian
|-unboost|p1a: Landorus-Therian|atk|1
|turn|1
|
|move|p1a: Landorus-Therian|Stealth Rock|p2a: Landorus-Therian
|-sidestart|p2: theslothmaster98|move: Stealth Rock
|move|p2a: Landorus-Therian|Knock Off|p1a: Landorus-Therian
|-damage|p1a: Landorus-Therian|231\/319
|-enditem|p1a: Landorus-Therian|Normal Gem|[from] move: Knock Off|[of] p2a: Landorus-Therian
|
|turn|2
|
|move|p1a: Landorus-Therian|Stone Edge|p2a: Landorus-Therian
|-damage|p2a: Landorus-Therian|293\/382
|move|p2a: Landorus-Therian|U-turn|p1a: Landorus-Therian
|-resisted|p1a: Landorus-Therian
|-damage|p1a: Landorus-Therian|202\/319
|
|switch|p2a: Ferrothorn|Ferrothorn, M|352\/352
|-damage|p2a: Ferrothorn|330\/352|[from] Stealth Rock
|
|turn|3
|
|move|p1a: Landorus-Therian|Earthquake|p2a: Ferrothorn
|-damage|p2a: Ferrothorn|257\/352
|move|p2a: Ferrothorn|Leech Seed|p1a: Landorus-Therian
|-start|p1a: Landorus-Therian|move: Leech Seed
|
|-damage|p1a: Landorus-Therian|163\/319|[from] Leech Seed|[of] p2a: Ferrothorn
|-heal|p2a: Ferrothorn|296\/352|[silent]
|turn|4
|
|switch|p1a: Klefki|Klefki, M|317\/317
|move|p2a: Ferrothorn|Gyro Ball|p1a: Klefki
|-damage|p1a: Klefki|197\/317
|
|-heal|p1a: Klefki|216\/317|[from] item: Leftovers
|turn|5
|
|move|p1a: Klefki|Thunder Wave|p2a: Ferrothorn
|-status|p2a: Ferrothorn|par
|move|p2a: Ferrothorn|Stealth Rock|p1a: Klefki
|-sidestart|p1: TimeTravel_3|move: Stealth Rock
|
|-heal|p1a: Klefki|235\/317|[from] item: Leftovers
|turn|6
|
|move|p1a: Klefki|Spikes|p2a: Ferrothorn
|-sidestart|p2: theslothmaster98|Spikes
|move|p2a: Ferrothorn|Gyro Ball|p1a: Klefki
|-damage|p1a: Klefki|81\/317
|
|-heal|p1a: Klefki|100\/317|[from] item: Leftovers
|turn|7
|
|move|p1a: Klefki|Spikes|p2a: Ferrothorn
|-sidestart|p2: theslothmaster98|Spikes
|move|p2a: Ferrothorn|Leech Seed|p1a: Klefki
|-start|p1a: Klefki|move: Leech Seed
|
|-heal|p1a: Klefki|119\/317|[from] item: Leftovers
|-damage|p1a: Klefki|80\/317|[from] Leech Seed|[of] p2a: Ferrothorn
|-heal|p2a: Ferrothorn|335\/352 par|[silent]
|turn|8
|
|move|p1a: Klefki|Spikes|p2a: Ferrothorn
|-sidestart|p2: theslothmaster98|Spikes
|cant|p2a: Ferrothorn|par
|
|-heal|p1a: Klefki|99\/317|[from] item: Leftovers
|-damage|p1a: Klefki|60\/317|[from] Leech Seed|[of] p2a: Ferrothorn
|-heal|p2a: Ferrothorn|352\/352 par|[silent]
|turn|9
|
|switch|p1a: Landorus-Therian|Landorus-Therian, M|163\/319
|-damage|p1a: Landorus-Therian|124\/319|[from] Stealth Rock
|-ability|p1a: Landorus-Therian|Intimidate|[of] p2a: Ferrothorn
|-unboost|p2a: Ferrothorn|atk|1
|move|p2a: Ferrothorn|Gyro Ball|p1a: Landorus-Therian
|-damage|p1a: Landorus-Therian|12\/319
|
|turn|10
|
|move|p1a: Landorus-Therian|Earthquake|p2a: Ferrothorn
|-damage|p2a: Ferrothorn|231\/352 par
|move|p2a: Ferrothorn|Leech Seed|p1a: Landorus-Therian
|-start|p1a: Landorus-Therian|move: Leech Seed
|
|-damage|p1a: Landorus-Therian|0 fnt|[from] Leech Seed|[of] p2a: Ferrothorn
|-heal|p2a: Ferrothorn|243\/352 par|[silent]
|faint|p1a: Landorus-Therian
|
|switch|p1a: Greninja|Greninja, F|285\/285
|-damage|p1a: Greninja|250\/285|[from] Stealth Rock
|turn|11
|
|switch|p2a: Clefable|Clefable, M|394\/394
|move|p1a: Greninja|Ice Beam|p2a: Clefable
|-start|p1a: Greninja|typechange|Ice|[from] Protean
|-damage|p2a: Clefable|265\/394
|-damage|p1a: Greninja|222\/285|[from] item: Life Orb
|
|-heal|p2a: Clefable|289\/394|[from] item: Leftovers
|turn|12
|
|move|p1a: Greninja|Gunk Shot|p2a: Clefable
|-start|p1a: Greninja|typechange|Poison|[from] Protean
|-supereffective|p2a: Clefable
|-damage|p2a: Clefable|0 fnt
|-damage|p1a: Greninja|194\/285|[from] item: Life Orb
|faint|p2a: Clefable
|
|
|switch|p2a: Ferrothorn|Ferrothorn, M|243\/352 par
|-damage|p2a: Ferrothorn|155\/352 par|[from] Spikes
|-damage|p2a: Ferrothorn|133\/352 par|[from] Stealth Rock
|turn|13
|
|move|p1a: Greninja|Ice Beam|p2a: Ferrothorn
|-start|p1a: Greninja|typechange|Ice|[from] Protean
|-damage|p2a: Ferrothorn|0 fnt
|-damage|p1a: Greninja|166\/285|[from] item: Life Orb
|faint|p2a: Ferrothorn
|
|
|switch|p2a: Greninja|Greninja, M, shiny|285\/285
|-damage|p2a: Greninja|250\/285|[from] Stealth Rock
|-damage|p2a: Greninja|179\/285|[from] Spikes
|turn|14
|
|move|p1a: Greninja|Gunk Shot|p2a: Greninja
|-start|p1a: Greninja|typechange|Poison|[from] Protean
|-damage|p2a: Greninja|0 fnt
|-damage|p1a: Greninja|138\/285|[from] item: Life Orb
|faint|p2a: Greninja
|
|
|switch|p2a: Garchomp|Garchomp, M|357\/357
|-damage|p2a: Garchomp|335\/357|[from] Stealth Rock
|-damage|p2a: Garchomp|246\/357|[from] Spikes
|turn|15
|
|move|p2a: Garchomp|Outrage|p1a: Greninja
|-damage|p1a: Greninja|0 fnt
|faint|p1a: Greninja
|
|
|switch|p1a: Klefki|Klefki, M|60\/317
|-damage|p1a: Klefki|41\/317|[from] Stealth Rock
|turn|16
|
|move|p1a: Klefki|Toxic|p2a: Garchomp
|-status|p2a: Garchomp|tox
|move|p2a: Garchomp|Outrage|p1a: Klefki
|-immune|p1a: Klefki|[msg]
|
|-end|p2a: Garchomp|rampage
|-start|p2a: Garchomp|confusion
|-heal|p1a: Klefki|60\/317|[from] item: Leftovers
|-damage|p2a: Garchomp|224\/357 tox|[from] psn
|turn|17
|
|switch|p2a: Landorus-Therian|Landorus-Therian, M|293\/382
|-damage|p2a: Landorus-Therian|246\/382|[from] Stealth Rock
|-ability|p2a: Landorus-Therian|Intimidate|[of] p1a: Klefki
|-unboost|p1a: Klefki|atk|1
|move|p1a: Klefki|Thunder Wave|p2a: Landorus-Therian
|-immune|p2a: Landorus-Therian|[msg]
|
|-heal|p2a: Landorus-Therian|269\/382|[from] item: Leftovers
|-heal|p1a: Klefki|79\/317|[from] item: Leftovers
|turn|18
|
|switch|p1a: Latios|Latios, M|301\/301
|-damage|p1a: Latios|264\/301|[from] Stealth Rock
|move|p2a: Landorus-Therian|Earthquake|p1a: Latios
|-immune|p1a: Latios|[msg]
|
|-heal|p2a: Landorus-Therian|292\/382|[from] item: Leftovers
|turn|19
|
|switch|p2a: Metagross|Metagross, shiny|301\/301
|-damage|p2a: Metagross|226\/301|[from] Spikes
|-damage|p2a: Metagross|208\/301|[from] Stealth Rock
|move|p1a: Latios|Draco Meteor|p2a: Metagross|[miss]
|-miss|p1a: Latios|p2a: Metagross
|
|turn|20
|
|detailschange|p2a: Metagross|Metagross-Mega, shiny
|message|Metagross has Mega Evolved into Mega Metagross!
|move|p1a: Latios|Memento|p2a: Metagross
|-unboost|p2a: Metagross|atk|2
|-unboost|p2a: Metagross|spa|2
|faint|p1a: Latios
|move|p2a: Metagross|Meteor Mash|p1: Latios|[notarget]
|-notarget
|
|
|switch|p1a: Pinsir|Pinsir, M|271\/271
|-damage|p1a: Pinsir|204\/271|[from] Stealth Rock
|turn|21
|
|detailschange|p1a: Pinsir|Pinsir-Mega, M
|message|Pinsir has Mega Evolved into Mega Pinsir!
|move|p2a: Metagross|Meteor Mash|p1a: Pinsir
|-damage|p1a: Pinsir|108\/271
|-boost|p2a: Metagross|atk|1
|move|p1a: Pinsir|Close Combat|p2a: Metagross
|-damage|p2a: Metagross|98\/301
|-unboost|p1a: Pinsir|def|1
|-unboost|p1a: Pinsir|spd|1
|
|turn|22
|
|move|p2a: Metagross|Bullet Punch|p1a: Pinsir
|-damage|p1a: Pinsir|14\/271
|move|p1a: Pinsir|Close Combat|p2a: Metagross
|-damage|p2a: Metagross|0 fnt
|-unboost|p1a: Pinsir|def|1
|-unboost|p1a: Pinsir|spd|1
|faint|p2a: Metagross
|
|
|switch|p2a: Landorus-Therian|Landorus-Therian, M|292\/382
|-damage|p2a: Landorus-Therian|245\/382|[from] Stealth Rock
|-ability|p2a: Landorus-Therian|Intimidate|[of] p1a: Pinsir
|-unboost|p1a: Pinsir|atk|1
|turn|23
|
|move|p1a: Pinsir|Return|p2a: Landorus-Therian
|-damage|p2a: Landorus-Therian|56\/382
|move|p2a: Landorus-Therian|Knock Off|p1a: Pinsir
|-damage|p1a: Pinsir|0 fnt
|faint|p1a: Pinsir
|
|-heal|p2a: Landorus-Therian|79\/382|[from] item: Leftovers
|
|switch|p1a: Raikou|Raikou|321\/321
|-damage|p1a: Raikou|281\/321|[from] Stealth Rock
|-ability|p1a: Raikou|Pressure
|turn|24
|
|move|p1a: Raikou|Hidden Power|p2a: Landorus-Therian
|-supereffective|p2a: Landorus-Therian
|-damage|p2a: Landorus-Therian|0 fnt
|faint|p2a: Landorus-Therian
|
|
|switch|p2a: Garchomp|Garchomp, M|224\/357 tox
|-damage|p2a: Garchomp|202\/357 tox|[from] Stealth Rock
|-damage|p2a: Garchomp|113\/357 tox|[from] Spikes
|turn|25
|
|switch|p1a: Klefki|Klefki, M|79\/317
|-damage|p1a: Klefki|60\/317|[from] Stealth Rock
|move|p2a: Garchomp|Earthquake|p1a: Klefki
|-supereffective|p1a: Klefki
|-damage|p1a: Klefki|0 fnt
|faint|p1a: Klefki
|
|-damage|p2a: Garchomp|91\/357 tox|[from] psn
|
|switch|p1a: Raikou|Raikou|281\/321
|-damage|p1a: Raikou|241\/321|[from] Stealth Rock
|-ability|p1a: Raikou|Pressure
|turn|26
|
|move|p2a: Garchomp|Earthquake|p1a: Raikou
|-supereffective|p1a: Raikou
|-damage|p1a: Raikou|0 fnt
|faint|p1a: Raikou
|
|win|theslothmaster98
|raw|Ladder updating...
|c|âtheslothmaster98|gg
|leave|TimeTravel_3
|player|p1
|raw|TimeTravel_3's rating: 1559 &rarr; <strong>1540<\/strong><br \/>(-19 for losing)
|raw|theslothmaster98's rating: 1575 &rarr; <strong>1594<\/strong><br \/>(+19 for winning)