|join|Monster 87
|join|TimeTravel_3
|player|p1|Monster 87|101
|player|p2|TimeTravel_3|170
|gametype|singles
|gen|6
|tier|OU
|rated
|clearpoke
|poke|p1|Garchomp, F
|poke|p1|Diggersby, F
|poke|p1|Magnezone
|poke|p1|Azumarill, M
|poke|p1|Landorus-Therian, M
|poke|p1|Rotom-Wash
|poke|p2|Garchomp, F
|poke|p2|Greninja, F
|poke|p2|Altaria, M
|poke|p2|Bisharp, F
|poke|p2|Thundurus, M
|poke|p2|Landorus-Therian, M
|rule|Swagger Clause: Swagger is banned
|rule|Baton Pass Clause: Limit one PokÃ©mon knowing Baton Pass
|rule|Sleep Clause Mod: Limit one foe put to sleep
|rule|Species Clause: Limit one of each PokÃ©mon
|rule|OHKO Clause: OHKO moves are banned
|rule|Moody Clause: Moody is banned
|rule|Evasion Moves Clause: Evasion moves are banned
|rule|Endless Battle Clause: Forcing endless battles is banned
|rule|HP Percentage Mod: HP is shown in percentages
|teampreview
|
|start
|switch|p1a: GAWN|Garchomp, F|378\/378
|switch|p2a: Thundurus|Thundurus, M|299\/299
|turn|1
|
|switch|p1a: Magnezone|Magnezone|289\/289
|move|p2a: Thundurus|Hidden Power|p1a: Magnezone
|-crit|p1a: Magnezone
|-resisted|p1a: Magnezone
|-damage|p1a: Magnezone|214\/289
|-damage|p2a: Thundurus|270\/299|[from] item: Life Orb
|
|-heal|p1a: Magnezone|232\/289|[from] item: Leftovers
|turn|2
|
|switch|p2a: Garchomp|Garchomp, F|357\/357
|switch|p1a: Landorus-Therian|Landorus-Therian, M|325\/325
|-ability|p1a: Landorus-Therian|Intimidate|[of] p2a: Garchomp
|-unboost|p2a: Garchomp|atk|1
|
|turn|3
|
|move|p1a: Landorus-Therian|U-turn|p2a: Garchomp
|-damage|p2a: Garchomp|270\/357
|-damage|p1a: Landorus-Therian|285\/325|[from] ability: Rough Skin|[of] p2a: Garchomp
|
|switch|p1a: Bunny 2|Azumarill, M|363\/363
|move|p2a: Garchomp|Stealth Rock|p1a: Bunny 2
|-sidestart|p1: Monster 87|move: Stealth Rock
|
|turn|4
|
|switch|p2a: Landorus-Therian|Landorus-Therian, M|325\/325
|-ability|p2a: Landorus-Therian|Intimidate|[of] p1a: Bunny 2
|-unboost|p1a: Bunny 2|atk|1
|move|p1a: Bunny 2|Play Rough|p2a: Landorus-Therian
|-damage|p2a: Landorus-Therian|109\/325
|
|turn|5
|
|switch|p2a: Garchomp|Garchomp, F|270\/357
|move|p1a: Bunny 2|Play Rough|p2a: Garchomp
|-supereffective|p2a: Garchomp
|-damage|p2a: Garchomp|0 fnt
|-damage|p1a: Bunny 2|318\/363|[from] ability: Rough Skin|[of] p2a: Garchomp
|faint|p2a: Garchomp
|
|
|switch|p2a: Greninja|Greninja, F|285\/285
|turn|6
|
|switch|p1a: Magnezone|Magnezone|232\/289
|-damage|p1a: Magnezone|214\/289|[from] Stealth Rock
|move|p2a: Greninja|Gunk Shot|p1a: Magnezone
|-start|p2a: Greninja|typechange|Poison|[from] Protean
|-immune|p1a: Magnezone|[msg]
|
|-heal|p1a: Magnezone|232\/289|[from] item: Leftovers
|turn|7
|
|switch|p1a: Crisp|Rotom-Wash|303\/303
|-damage|p1a: Crisp|266\/303|[from] Stealth Rock
|move|p2a: Greninja|Low Kick|p1a: Crisp
|-start|p2a: Greninja|typechange|Fighting|[from] Protean
|-damage|p1a: Crisp|243\/303
|-damage|p2a: Greninja|257\/285|[from] item: Life Orb
|
|-heal|p1a: Crisp|261\/303|[from] item: Leftovers
|turn|8
|
|move|p2a: Greninja|Gunk Shot|p1a: Crisp
|-start|p2a: Greninja|typechange|Poison|[from] Protean
|-damage|p1a: Crisp|135\/303
|-damage|p2a: Greninja|229\/285|[from] item: Life Orb
|move|p1a: Crisp|Volt Switch|p2a: Greninja
|-damage|p2a: Greninja|96\/285
|
|switch|p1a: Bunny 1|Diggersby, F|327\/327
|-damage|p1a: Bunny 1|307\/327|[from] Stealth Rock
|
|turn|9
|
|switch|p2a: Bisharp|Bisharp, F|271\/271
|move|p1a: Bunny 1|Quick Attack|p2a: Bisharp
|-resisted|p2a: Bisharp
|-damage|p2a: Bisharp|219\/271
|-damage|p1a: Bunny 1|275\/327|[from] item: Life Orb
|
|turn|10
|
|switch|p1a: Magnezone|Magnezone|232\/289
|-damage|p1a: Magnezone|214\/289|[from] Stealth Rock
|switch|p2a: Landorus-Therian|Landorus-Therian, M|109\/325
|-ability|p2a: Landorus-Therian|Intimidate|[of] p1a: Magnezone
|-unboost|p1a: Magnezone|atk|1
|
|-heal|p1a: Magnezone|232\/289|[from] item: Leftovers
|turn|11
|
|switch|p1a: Landorus-Therian|Landorus-Therian, M|285\/325
|-damage|p1a: Landorus-Therian|245\/325|[from] Stealth Rock
|-ability|p1a: Landorus-Therian|Intimidate|[of] p2a: Landorus-Therian
|-unboost|p2a: Landorus-Therian|atk|1
|move|p2a: Landorus-Therian|Earthquake|p1a: Landorus-Therian
|-immune|p1a: Landorus-Therian|[msg]
|
|turn|12
|
|move|p2a: Landorus-Therian|Earthquake|p1a: Landorus-Therian
|-immune|p1a: Landorus-Therian|[msg]
|move|p1a: Landorus-Therian|U-turn|p2a: Landorus-Therian
|-resisted|p2a: Landorus-Therian
|-damage|p2a: Landorus-Therian|62\/325
|
|switch|p1a: GAWN|Garchomp, F|378\/378
|-damage|p1a: GAWN|355\/378|[from] Stealth Rock
|
|turn|13
|
|move|p2a: Landorus-Therian|Earthquake|p1a: GAWN
|-damage|p1a: GAWN|219\/378
|move|p1a: GAWN|Stealth Rock|p2a: Landorus-Therian
|-sidestart|p2: TimeTravel_3|move: Stealth Rock
|
|turn|14
|
|detailschange|p1a: GAWN|Garchomp-Mega, F
|message|Garchomp has Mega Evolved into Mega Garchomp!
|move|p2a: Landorus-Therian|Earthquake|p1a: GAWN
|-damage|p1a: GAWN|111\/378
|move|p1a: GAWN|Draco Meteor|p2a: Landorus-Therian
|-damage|p2a: Landorus-Therian|0 fnt
|-unboost|p1a: GAWN|spa|2
|faint|p2a: Landorus-Therian
|
|
|switch|p2a: Thundurus|Thundurus, M|270\/299
|-damage|p2a: Thundurus|196\/299|[from] Stealth Rock
|turn|15
|
|move|p2a: Thundurus|Hidden Power|p1a: GAWN
|-supereffective|p1a: GAWN
|-damage|p1a: GAWN|0 fnt
|-damage|p2a: Thundurus|167\/299|[from] item: Life Orb
|faint|p1a: GAWN
|
|
|switch|p1a: Landorus-Therian|Landorus-Therian, M|245\/325
|-damage|p1a: Landorus-Therian|205\/325|[from] Stealth Rock
|-ability|p1a: Landorus-Therian|Intimidate|[of] p2a: Thundurus
|-unboost|p2a: Thundurus|atk|1
|-boost|p2a: Thundurus|atk|2|[from] ability: Defiant
|turn|16
|
|move|p1a: Landorus-Therian|Rock Slide|p2a: Thundurus
|-supereffective|p2a: Thundurus
|-damage|p2a: Thundurus|0 fnt
|faint|p2a: Thundurus
|
|
|switch|p2a: Altaria|Altaria, M|307\/307
|-damage|p2a: Altaria|231\/307|[from] Stealth Rock
|turn|17
|
|switch|p1a: Magnezone|Magnezone|232\/289
|-damage|p1a: Magnezone|214\/289|[from] Stealth Rock
|detailschange|p2a: Altaria|Altaria-Mega, M
|message|Altaria has Mega Evolved into Mega Altaria!
|move|p2a: Altaria|Dragon Dance|p2a: Altaria
|-boost|p2a: Altaria|atk|1
|-boost|p2a: Altaria|spe|1
|
|-heal|p1a: Magnezone|232\/289|[from] item: Leftovers
|turn|18
|
|move|p2a: Altaria|Earthquake|p1a: Magnezone
|-supereffective|p1a: Magnezone
|-damage|p1a: Magnezone|0 fnt
|faint|p1a: Magnezone
|
|
|switch|p1a: Landorus-Therian|Landorus-Therian, M|205\/325
|-damage|p1a: Landorus-Therian|165\/325|[from] Stealth Rock
|-ability|p1a: Landorus-Therian|Intimidate|[of] p2a: Altaria
|-unboost|p2a: Altaria|atk|1
|turn|19
|
|move|p1a: Landorus-Therian|Earthquake|p2a: Altaria
|-damage|p2a: Altaria|53\/307
|move|p2a: Altaria|Return|p1a: Landorus-Therian
|-damage|p1a: Landorus-Therian|0 fnt
|faint|p1a: Landorus-Therian
|
|
|switch|p1a: Bunny 1|Diggersby, F|275\/327
|-damage|p1a: Bunny 1|255\/327|[from] Stealth Rock
|turn|20
|
|switch|p2a: Bisharp|Bisharp, F|219\/271
|-damage|p2a: Bisharp|203\/271|[from] Stealth Rock
|move|p1a: Bunny 1|Quick Attack|p2a: Bisharp
|-resisted|p2a: Bisharp
|-damage|p2a: Bisharp|148\/271
|-damage|p1a: Bunny 1|223\/327|[from] item: Life Orb
|
|turn|21
|
|move|p2a: Bisharp|Sucker Punch|p1a: Bunny 1
|-fail|p1a: Bunny 1
|move|p1a: Bunny 1|Swords Dance|p1a: Bunny 1
|-boost|p1a: Bunny 1|atk|2
|
|turn|22
|
|move|p1a: Bunny 1|Quick Attack|p2a: Bisharp
|-resisted|p2a: Bisharp
|-damage|p2a: Bisharp|39\/271
|-damage|p1a: Bunny 1|191\/327|[from] item: Life Orb
|move|p2a: Bisharp|Knock Off|p1a: Bunny 1
|-damage|p1a: Bunny 1|0 fnt
|-enditem|p1a: Bunny 1|Life Orb|[from] move: Knock Off|[of] p2a: Bisharp
|-damage|p2a: Bisharp|12\/271|[from] item: Life Orb
|faint|p1a: Bunny 1
|
|
|switch|p1a: Bunny 2|Azumarill, M|318\/363
|-damage|p1a: Bunny 2|273\/363|[from] Stealth Rock
|turn|23
|
|move|p2a: Bisharp|Sucker Punch|p1a: Bunny 2
|-resisted|p1a: Bunny 2
|-damage|p1a: Bunny 2|163\/363
|-damage|p2a: Bisharp|0 fnt|[from] item: Life Orb
|faint|p2a: Bisharp
|move|p1a: Bunny 2|Aqua Jet|p2: Bisharp|[notarget]
|-notarget
|
|
|switch|p2a: Greninja|Greninja, F|96\/285
|-damage|p2a: Greninja|61\/285|[from] Stealth Rock
|turn|24
|
|move|p1a: Bunny 2|Aqua Jet|p2a: Greninja
|-resisted|p2a: Greninja
|-damage|p2a: Greninja|0 fnt
|faint|p2a: Greninja
|
|
|switch|p2a: Altaria|Altaria-Mega, M|53\/307
|-damage|p2a: Altaria|15\/307|[from] Stealth Rock
|turn|25
|
|move|p1a: Bunny 2|Aqua Jet|p2a: Altaria
|-resisted|p2a: Altaria
|-damage|p2a: Altaria|0 fnt
|faint|p2a: Altaria
|
|win|Monster 87
|raw|Ladder updating...
|leave|TimeTravel_3
|player|p2