|join|Cholera90
|join|TimeTravel_3
|player|p1|Cholera90|25
|player|p2|TimeTravel_3|170
|gametype|singles
|gen|6
|tier|OU
|rated
|clearpoke
|poke|p1|Latios, M
|poke|p1|Conkeldurr, M
|poke|p1|Metagross
|poke|p1|Talonflame, M
|poke|p1|Heatran, F
|poke|p1|Gengar, F
|poke|p2|Chansey, F
|poke|p2|Sableye, M
|poke|p2|Skarmory, M
|poke|p2|Quagsire, F
|poke|p2|Gothitelle, M
|poke|p2|Amoonguss, F
|rule|Swagger Clause: Swagger is banned
|rule|Baton Pass Clause: Limit one PokÃ©mon knowing Baton Pass
|rule|Sleep Clause Mod: Limit one foe put to sleep
|rule|Species Clause: Limit one of each PokÃ©mon
|rule|OHKO Clause: OHKO moves are banned
|rule|Moody Clause: Moody is banned
|rule|Evasion Moves Clause: Evasion moves are banned
|rule|Endless Battle Clause: Forcing endless battles is banned
|rule|HP Percentage Mod: HP is shown in percentages
|teampreview
|
|start
|switch|p1a: Heatran|Heatran, F|324\/324
|switch|p2a: Sableye|Sableye, M|304\/304
|-item|p1a: Heatran|Air Balloon
|turn|1
|
|detailschange|p2a: Sableye|Sableye-Mega, M
|message|Sableye has Mega Evolved into Mega Sableye!
|move|p2a: Sableye|Calm Mind|p2a: Sableye
|-boost|p2a: Sableye|spa|1
|-boost|p2a: Sableye|spd|1
|move|p1a: Heatran|Lava Plume|p2a: Sableye
|-crit|p2a: Sableye
|-damage|p2a: Sableye|97\/304
|
|turn|2
|
|move|p1a: Heatran|Lava Plume|p2a: Sableye
|-damage|p2a: Sableye|13\/304
|move|p2a: Sableye|Recover|p2a: Sableye
|-heal|p2a: Sableye|165\/304
|
|turn|3
|
|move|p1a: Heatran|Lava Plume|p2a: Sableye
|-damage|p2a: Sableye|86\/304
|move|p2a: Sableye|Recover|p2a: Sableye
|-heal|p2a: Sableye|238\/304
|
|turn|4
|
|move|p1a: Heatran|Lava Plume|p2a: Sableye
|-damage|p2a: Sableye|148\/304
|-status|p2a: Sableye|brn
|move|p2a: Sableye|Calm Mind|p2a: Sableye
|-boost|p2a: Sableye|spa|1
|-boost|p2a: Sableye|spd|1
|
|-damage|p2a: Sableye|110\/304 brn|[from] brn
|turn|5
|
|move|p1a: Heatran|Lava Plume|p2a: Sableye
|-damage|p2a: Sableye|40\/304 brn
|move|p2a: Sableye|Recover|p2a: Sableye
|-heal|p2a: Sableye|192\/304 brn
|
|-damage|p2a: Sableye|154\/304 brn|[from] brn
|turn|6
|
|move|p1a: Heatran|Lava Plume|p2a: Sableye
|-damage|p2a: Sableye|90\/304 brn
|move|p2a: Sableye|Recover|p2a: Sableye
|-heal|p2a: Sableye|242\/304 brn
|
|-damage|p2a: Sableye|204\/304 brn|[from] brn
|turn|7
|
|move|p1a: Heatran|Lava Plume|p2a: Sableye
|-damage|p2a: Sableye|143\/304 brn
|move|p2a: Sableye|Recover|p2a: Sableye
|-heal|p2a: Sableye|295\/304 brn
|
|-damage|p2a: Sableye|257\/304 brn|[from] brn
|turn|8
|
|move|p1a: Heatran|Lava Plume|p2a: Sableye
|-damage|p2a: Sableye|191\/304 brn
|move|p2a: Sableye|Dark Pulse|p1a: Heatran
|-damage|p1a: Heatran|180\/324
|-enditem|p1a: Heatran|Air Balloon
|
|-damage|p2a: Sableye|153\/304 brn|[from] brn
|turn|9
|
|move|p1a: Heatran|Lava Plume|p2a: Sableye
|-damage|p2a: Sableye|83\/304 brn
|move|p2a: Sableye|Recover|p2a: Sableye
|-heal|p2a: Sableye|235\/304 brn
|
|-damage|p2a: Sableye|197\/304 brn|[from] brn
|turn|10
|
|switch|p2a: Chansey|Chansey, F|642\/642
|move|p1a: Heatran|Lava Plume|p2a: Chansey
|-damage|p2a: Chansey|575\/642
|
|turn|11
|
|move|p1a: Heatran|Stealth Rock|p2a: Chansey
|-sidestart|p2: TimeTravel_3|move: Stealth Rock
|move|p2a: Chansey|Heal Bell|p2a: Chansey
|-cureteam|p2a: Chansey|[from] move: HealBell
|
|turn|12
|
|switch|p1a: Gengar|Gengar, F|262\/262
|move|p2a: Chansey|Seismic Toss|p1a: Gengar
|-immune|p1a: Gengar|[msg]
|
|turn|13
|
|move|p1a: Gengar|Taunt|p2a: Chansey
|-start|p2a: Chansey|move: Taunt
|cant|p2a: Chansey|move: Taunt|Soft-Boiled
|
|turn|14
|
|switch|p2a: Gothitelle|Gothitelle, M|282\/282
|-damage|p2a: Gothitelle|247\/282|[from] Stealth Rock
|move|p1a: Gengar|Shadow Ball|p2a: Gothitelle
|-supereffective|p2a: Gothitelle
|-damage|p2a: Gothitelle|5\/282
|
|turn|15
|
|move|p2a: Gothitelle|Psyshock|p1a: Gengar
|-supereffective|p1a: Gengar
|-enditem|p1a: Gengar|Focus Sash
|-damage|p1a: Gengar|1\/262
|move|p1a: Gengar|Shadow Ball|p2a: Gothitelle
|-supereffective|p2a: Gothitelle
|-damage|p2a: Gothitelle|0 fnt
|faint|p2a: Gothitelle
|
|
|switch|p2a: Quagsire|Quagsire, F|394\/394
|-damage|p2a: Quagsire|370\/394|[from] Stealth Rock
|turn|16
|
|move|p1a: Gengar|Giga Drain|p2a: Quagsire
|-crit|p2a: Quagsire
|-supereffective|p2a: Quagsire
|-damage|p2a: Quagsire|0 fnt
|-heal|p1a: Gengar|186\/262|[from] drain|[of] p2a: Quagsire
|faint|p2a: Quagsire
|
|
|switch|p2a: Sableye|Sableye-Mega, M|197\/304
|-damage|p2a: Sableye|159\/304|[from] Stealth Rock
|turn|17
|
|move|p1a: Gengar|Shadow Ball|p2a: Sableye
|-damage|p2a: Sableye|23\/304
|-unboost|p2a: Sableye|spd|1
|move|p2a: Sableye|Calm Mind|p2a: Sableye
|-boost|p2a: Sableye|spa|1
|-boost|p2a: Sableye|spd|1
|
|turn|18
|-message|TimeTravel_3 forfeited.
|
|win|Cholera90
|raw|Ladder updating...
|leave|TimeTravel_3
|player|p2
|raw|Cholera90's rating: 1504 &rarr; <strong>1524<\/strong><br \/>(+20 for winning)
|raw|TimeTravel_3's rating: 1508 &rarr; <strong>1488<\/strong><br \/>(-20 for losing)