|join|TimeTravel_3
|join|Agilis
|player|p1|TimeTravel_3|170
|player|p2|Agilis|210
|gametype|singles
|gen|6
|tier|OU
|rated
|clearpoke
|poke|p1|Politoed, M
|poke|p1|Swampert, F
|poke|p1|Kingdra, F
|poke|p1|Klefki, M
|poke|p1|Thundurus, M
|poke|p1|Breloom, F
|poke|p2|Lopunny, F
|poke|p2|Greninja, M, shiny
|poke|p2|Gengar, M, shiny
|poke|p2|Excadrill, M
|poke|p2|Diggersby, M
|poke|p2|Dragonite, M
|rule|Swagger Clause: Swagger is banned
|rule|Baton Pass Clause: Limit one PokÃ©mon knowing Baton Pass
|rule|Sleep Clause Mod: Limit one foe put to sleep
|rule|Species Clause: Limit one of each PokÃ©mon
|rule|OHKO Clause: OHKO moves are banned
|rule|Moody Clause: Moody is banned
|rule|Evasion Moves Clause: Evasion moves are banned
|rule|Endless Battle Clause: Forcing endless battles is banned
|rule|HP Percentage Mod: HP is shown in percentages
|teampreview
|
|start
|switch|p1a: Thundurus|Thundurus, M|299\/299
|switch|p2a: Excadrill|Excadrill, M|362\/362
|-ability|p2a: Excadrill|Mold Breaker
|turn|1
|
|move|p1a: Thundurus|Superpower|p2a: Excadrill
|-supereffective|p2a: Excadrill
|-enditem|p2a: Excadrill|Focus Sash
|-damage|p2a: Excadrill|1\/362
|-unboost|p1a: Thundurus|atk|1
|-unboost|p1a: Thundurus|def|1
|-damage|p1a: Thundurus|270\/299|[from] item: Life Orb
|move|p2a: Excadrill|Toxic|p1a: Thundurus
|-status|p1a: Thundurus|tox
|
|-damage|p1a: Thundurus|252\/299 tox|[from] psn
|turn|2
|
|switch|p2a: Greninja|Greninja, M, shiny|285\/285
|move|p1a: Thundurus|Knock Off|p2a: Greninja
|-resisted|p2a: Greninja
|-damage|p2a: Greninja|233\/285
|-enditem|p2a: Greninja|Life Orb|[from] move: Knock Off|[of] p1a: Thundurus
|-damage|p1a: Thundurus|223\/299 tox|[from] item: Life Orb
|
|-damage|p1a: Thundurus|187\/299 tox|[from] psn
|turn|3
|
|switch|p1a: Klefki|Klefki, M|318\/318
|move|p2a: Greninja|Gunk Shot|p1a: Klefki
|-start|p2a: Greninja|typechange|Poison|[from] Protean
|-immune|p1a: Klefki|[msg]
|
|turn|4
|
|switch|p2a: Excadrill|Excadrill, M|1\/362
|-ability|p2a: Excadrill|Mold Breaker
|move|p1a: Klefki|Thunder Wave|p2a: Excadrill
|-immune|p2a: Excadrill|[msg]
|
|turn|5
|
|switch|p1a: Thundurus|Thundurus, M|187\/299 tox
|move|p2a: Excadrill|Stealth Rock|p1a: Thundurus
|-sidestart|p1: TimeTravel_3|move: Stealth Rock
|
|-damage|p1a: Thundurus|169\/299 tox|[from] psn
|turn|6
|
|move|p1a: Thundurus|Superpower|p2a: Excadrill
|-supereffective|p2a: Excadrill
|-damage|p2a: Excadrill|0 fnt
|-unboost|p1a: Thundurus|atk|1
|-unboost|p1a: Thundurus|def|1
|-damage|p1a: Thundurus|140\/299 tox|[from] item: Life Orb
|faint|p2a: Excadrill
|
|-damage|p1a: Thundurus|104\/299 tox|[from] psn
|
|switch|p2a: Lopunny|Lopunny, F|271\/271
|turn|7
|
|switch|p1a: Klefki|Klefki, M|318\/318
|-damage|p1a: Klefki|299\/318|[from] Stealth Rock
|detailschange|p2a: Lopunny|Lopunny-Mega, F
|message|Lopunny has Mega Evolved into Mega Lopunny!
|move|p2a: Lopunny|Fake Out|p1a: Klefki
|-resisted|p1a: Klefki
|-damage|p1a: Klefki|267\/318
|
|turn|8
|
|switch|p2a: Diggersby|Diggersby, M|311\/311
|switch|p1a: Politoed|Politoed, M|383\/383
|-damage|p1a: Politoed|336\/383|[from] Stealth Rock
|-weather|RainDance
|
|-weather|RainDance|[upkeep]
|turn|9
|
|switch|p2a: Greninja|Greninja, M, shiny|233\/285
|move|p1a: Politoed|Scald|p2a: Greninja
|-resisted|p2a: Greninja
|-damage|p2a: Greninja|145\/285
|
|-weather|RainDance|[upkeep]
|turn|10
|
|switch|p1a: Klefki|Klefki, M|267\/318
|-damage|p1a: Klefki|248\/318|[from] Stealth Rock
|move|p2a: Greninja|Gunk Shot|p1a: Klefki
|-start|p2a: Greninja|typechange|Poison|[from] Protean
|-immune|p1a: Klefki|[msg]
|
|-weather|RainDance|[upkeep]
|turn|11
|
|switch|p2a: Diggersby|Diggersby, M|311\/311
|switch|p1a: Kingdra|Kingdra, F|291\/291
|-damage|p1a: Kingdra|255\/291|[from] Stealth Rock
|
|-weather|RainDance|[upkeep]
|turn|12
|
|switch|p2a: Greninja|Greninja, M, shiny|145\/285
|move|p1a: Kingdra|Waterfall|p2a: Greninja
|-resisted|p2a: Greninja
|-damage|p2a: Greninja|24\/285
|-damage|p1a: Kingdra|226\/291|[from] item: Life Orb
|
|-weather|RainDance|[upkeep]
|turn|13
|
|move|p1a: Kingdra|Waterfall|p2a: Greninja
|-resisted|p2a: Greninja
|-damage|p2a: Greninja|0 fnt
|-damage|p1a: Kingdra|197\/291|[from] item: Life Orb
|faint|p2a: Greninja
|
|-weather|RainDance|[upkeep]
|c|âTimeTravel_3|wtf bulky greninja
|
|switch|p2a: Dragonite|Dragonite, M|323\/323
|turn|14
|c|âAgilis|No
|
|switch|p1a: Klefki|Klefki, M|248\/318
|-damage|p1a: Klefki|229\/318|[from] Stealth Rock
|move|p2a: Dragonite|Earthquake|p1a: Klefki
|-supereffective|p1a: Klefki
|-damage|p1a: Klefki|0 fnt
|faint|p1a: Klefki
|
|-weather|RainDance|[upkeep]
|
|switch|p1a: Swampert|Swampert, F|341\/341
|-damage|p1a: Swampert|320\/341|[from] Stealth Rock
|turn|15
|
|detailschange|p1a: Swampert|Swampert-Mega, F
|message|Swampert has Mega Evolved into Mega Swampert!
|move|p2a: Dragonite|Earthquake|p1a: Swampert
|-damage|p1a: Swampert|133\/341
|move|p1a: Swampert|Ice Punch|p2a: Dragonite
|-supereffective|p2a: Dragonite
|-damage|p2a: Dragonite|107\/323
|
|-weather|none
|turn|16
|
|switch|p1a: Politoed|Politoed, M|336\/383
|-damage|p1a: Politoed|289\/383|[from] Stealth Rock
|-weather|RainDance
|move|p2a: Dragonite|Earthquake|p1a: Politoed
|-damage|p1a: Politoed|112\/383
|
|-weather|RainDance|[upkeep]
|turn|17
|
|switch|p2a: Lopunny|Lopunny-Mega, F|271\/271
|switch|p1a: Thundurus|Thundurus, M|104\/299 tox
|-damage|p1a: Thundurus|30\/299 tox|[from] Stealth Rock
|
|-weather|RainDance|[upkeep]
|-damage|p1a: Thundurus|12\/299 tox|[from] psn
|turn|18
|
|move|p2a: Lopunny|Frustration|p1a: Thundurus
|-damage|p1a: Thundurus|0 fnt
|faint|p1a: Thundurus
|
|-weather|RainDance|[upkeep]
|
|switch|p1a: Swampert|Swampert-Mega, F|133\/341
|-damage|p1a: Swampert|112\/341|[from] Stealth Rock
|turn|19
|
|move|p1a: Swampert|Waterfall|p2a: Lopunny
|-damage|p2a: Lopunny|0 fnt
|faint|p2a: Lopunny
|
|-weather|RainDance|[upkeep]
|
|switch|p2a: Dragonite|Dragonite, M|107\/323
|turn|20
|
|move|p2a: Dragonite|Extreme Speed|p1a: Swampert
|-damage|p1a: Swampert|0 fnt
|faint|p1a: Swampert
|
|-weather|RainDance|[upkeep]
|
|switch|p1a: Breloom|Breloom, F|261\/261
|-damage|p1a: Breloom|245\/261|[from] Stealth Rock
|turn|21
|join|sonyfan
|c|âTimeTravel_3|please let me get sleep off
|
|switch|p2a: Diggersby|Diggersby, M|311\/311
|move|p1a: Breloom|Facade|p2a: Diggersby
|-damage|p2a: Diggersby|213\/311
|
|-weather|RainDance|[upkeep]
|-status|p1a: Breloom|tox|[from] item: Toxic Orb
|turn|22
|c| sonyfan|I feel bad XDDD<rf
|
|switch|p2a: Gengar|Gengar, M, shiny|261\/261
|move|p1a: Breloom|Superpower|p2a: Gengar
|-immune|p2a: Gengar|[msg]
|
|-weather|RainDance|[upkeep]
|-heal|p1a: Breloom|261\/261 tox|[from] ability: Poison Heal
|turn|23
|
|switch|p1a: Politoed|Politoed, M|112\/383
|-damage|p1a: Politoed|65\/383|[from] Stealth Rock
|move|p2a: Gengar|Sludge Wave|p1a: Politoed
|-damage|p1a: Politoed|0 fnt
|faint|p1a: Politoed
|
|-weather|none
|-message|TimeTravel_3 forfeited.
|
|win|Agilis
|raw|Ladder updating...
|leave|TimeTravel_3
|player|p1
|raw|TimeTravel_3's rating: 1698 &rarr; <strong>1678<\/strong><br \/>(-20 for losing)
|raw|Agilis's rating: 1684 &rarr; <strong>1705<\/strong><br \/>(+21 for winning)
|c|âAgilis|Outplayed
|c|âAgilis|I did so well
|c|âAgilis|I am actually proud of how well I played.
|c|âAgilis|Because rain wrecks my team.
|c|âAgilis|Did you win sony?
|c| sonyfan|Almost come to see me
|c| sonyfan|http:\/\/play.pokemonshowdown.com\/battle-ou-195244245
|c| sonyfan|i just need to kill and weakne the scisor to scweep
|leave|sonyfan