|join|silly boy
|join|TimeTravel_3
|player|p1|silly boy|161
|player|p2|TimeTravel_3|101
|gametype|singles
|gen|6
|tier|OU
|rated
|clearpoke
|poke|p1|Chansey, F
|poke|p1|Sableye, M
|poke|p1|Amoonguss, F
|poke|p1|Jirachi
|poke|p1|Quagsire, M
|poke|p1|Latias, F
|poke|p2|Garchomp, F
|poke|p2|Greninja, F
|poke|p2|Altaria, F
|poke|p2|Bisharp, F
|poke|p2|Thundurus, M
|poke|p2|Landorus-Therian, M
|rule|Swagger Clause: Swagger is banned
|rule|Baton Pass Clause: Limit one PokÃ©mon knowing Baton Pass
|rule|Sleep Clause Mod: Limit one foe put to sleep
|rule|Species Clause: Limit one of each PokÃ©mon
|rule|OHKO Clause: OHKO moves are banned
|rule|Moody Clause: Moody is banned
|rule|Evasion Moves Clause: Evasion moves are banned
|rule|Endless Battle Clause: Forcing endless battles is banned
|rule|HP Percentage Mod: HP is shown in percentages
|teampreview
|join|TurtleGuy99
|
|start
|switch|p1a: Sableye|Sableye, M|304\/304
|switch|p2a: Thundurus|Thundurus, M|299\/299
|turn|1
|
|switch|p1a: Quagsire|Quagsire, M|394\/394
|move|p2a: Thundurus|Thunderbolt|p1a: Quagsire
|-immune|p1a: Quagsire|[msg]
|
|turn|2
|
|switch|p1a: Chansey|Chansey, F|703\/703
|move|p2a: Thundurus|Knock Off|p1a: Chansey
|-damage|p1a: Chansey|541\/703
|-enditem|p1a: Chansey|Eviolite|[from] move: Knock Off|[of] p2a: Thundurus
|-damage|p2a: Thundurus|270\/299|[from] item: Life Orb
|
|turn|3
|
|switch|p1a: Quagsire|Quagsire, M|394\/394
|move|p2a: Thundurus|Superpower|p1a: Quagsire
|-damage|p1a: Quagsire|280\/394
|-unboost|p2a: Thundurus|atk|1
|-unboost|p2a: Thundurus|def|1
|-damage|p2a: Thundurus|241\/299|[from] item: Life Orb
|
|-heal|p1a: Quagsire|304\/394|[from] item: Leftovers
|turn|4
|
|switch|p2a: Altaria|Altaria, F|307\/307
|move|p1a: Quagsire|Toxic|p2a: Altaria
|-status|p2a: Altaria|tox
|
|-heal|p1a: Quagsire|328\/394|[from] item: Leftovers
|-damage|p2a: Altaria|288\/307 tox|[from] psn
|turn|5
|
|switch|p2a: Bisharp|Bisharp, F|271\/271
|switch|p1a: Jirachi|Jirachi|401\/401
|
|turn|6
|
|switch|p1a: Quagsire|Quagsire, M|328\/394
|move|p2a: Bisharp|Knock Off|p1a: Quagsire
|-damage|p1a: Quagsire|141\/394
|-enditem|p1a: Quagsire|Leftovers|[from] move: Knock Off|[of] p2a: Bisharp
|-damage|p2a: Bisharp|244\/271|[from] item: Life Orb
|
|turn|7
|
|switch|p2a: Greninja|Greninja, F|285\/285
|move|p1a: Quagsire|Recover|p1a: Quagsire
|-heal|p1a: Quagsire|338\/394
|
|turn|8
|
|switch|p1a: Chansey|Chansey, F|541\/703
|move|p2a: Greninja|Gunk Shot|p1a: Chansey
|-start|p2a: Greninja|typechange|Poison|[from] Protean
|-damage|p1a: Chansey|130\/703
|-damage|p2a: Greninja|257\/285|[from] item: Life Orb
|
|turn|9
|
|move|p2a: Greninja|Low Kick|p1a: Chansey
|-start|p2a: Greninja|typechange|Fighting|[from] Protean
|-supereffective|p1a: Chansey
|-damage|p1a: Chansey|0 fnt
|-damage|p2a: Greninja|229\/285|[from] item: Life Orb
|faint|p1a: Chansey
|
|
|switch|p1a: Jirachi|Jirachi|401\/401
|turn|10
|
|switch|p2a: Garchomp|Garchomp, F|357\/357
|move|p1a: Jirachi|Stealth Rock|p2a: Garchomp
|-sidestart|p2: TimeTravel_3|move: Stealth Rock
|
|turn|11
|
|switch|p1a: Amoonguss|Amoonguss, F|432\/432
|move|p2a: Garchomp|Stealth Rock|p1a: Amoonguss
|-sidestart|p1: silly boy|move: Stealth Rock
|
|turn|12
|
|move|p2a: Garchomp|Outrage|p1a: Amoonguss
|-damage|p1a: Amoonguss|233\/432
|move|p1a: Amoonguss|Spore|p2a: Garchomp
|-status|p2a: Garchomp|slp
|
|-heal|p1a: Amoonguss|260\/432|[from] item: Black Sludge
|turn|13
|
|cant|p2a: Garchomp|slp
|move|p1a: Amoonguss|Giga Drain|p2a: Garchomp
|-damage|p2a: Garchomp|257\/357 slp
|-heal|p1a: Amoonguss|310\/432|[from] drain|[of] p2a: Garchomp
|
|-heal|p1a: Amoonguss|337\/432|[from] item: Black Sludge
|turn|14
|
|-curestatus|p2a: Garchomp|slp
|move|p2a: Garchomp|Outrage|p1a: Amoonguss
|-damage|p1a: Amoonguss|147\/432
|move|p1a: Amoonguss|Giga Drain|p2a: Garchomp
|-damage|p2a: Garchomp|149\/357
|-heal|p1a: Amoonguss|201\/432|[from] drain|[of] p2a: Garchomp
|
|-heal|p1a: Amoonguss|228\/432|[from] item: Black Sludge
|turn|15
|
|move|p2a: Garchomp|Outrage|p1a: Amoonguss
|-damage|p1a: Amoonguss|50\/432
|move|p1a: Amoonguss|Spore|p2a: Garchomp
|-status|p2a: Garchomp|slp
|
|-heal|p1a: Amoonguss|77\/432|[from] item: Black Sludge
|turn|16
|
|cant|p2a: Garchomp|slp
|move|p1a: Amoonguss|Giga Drain|p2a: Garchomp
|-damage|p2a: Garchomp|58\/357 slp
|-heal|p1a: Amoonguss|123\/432|[from] drain|[of] p2a: Garchomp
|
|-heal|p1a: Amoonguss|150\/432|[from] item: Black Sludge
|turn|17
|
|switch|p1a: Jirachi|Jirachi|401\/401
|-damage|p1a: Jirachi|376\/401|[from] Stealth Rock
|cant|p2a: Garchomp|slp
|
|-heal|p1a: Jirachi|401\/401|[from] item: Leftovers
|turn|18
|
|switch|p1a: Latias|Latias, F|364\/364
|-damage|p1a: Latias|319\/364|[from] Stealth Rock
|-curestatus|p2a: Garchomp|slp
|move|p2a: Garchomp|Earthquake|p1a: Latias
|-immune|p1a: Latias|[msg]
|
|-heal|p1a: Latias|341\/364|[from] item: Leftovers
|turn|19
|
|switch|p2a: Bisharp|Bisharp, F|244\/271
|-damage|p2a: Bisharp|228\/271|[from] Stealth Rock
|move|p1a: Latias|Ice Beam|p2a: Bisharp
|-resisted|p2a: Bisharp
|-damage|p2a: Bisharp|180\/271
|-status|p2a: Bisharp|frz
|
|-heal|p1a: Latias|363\/364|[from] item: Leftovers
|turn|20
|
|switch|p1a: Quagsire|Quagsire, M|338\/394
|-damage|p1a: Quagsire|314\/394|[from] Stealth Rock
|-curestatus|p2a: Bisharp|frz
|move|p2a: Bisharp|Swords Dance|p2a: Bisharp
|-boost|p2a: Bisharp|atk|2
|
|turn|21
|
|move|p2a: Bisharp|Iron Head|p1a: Quagsire
|-crit|p1a: Quagsire
|-resisted|p1a: Quagsire
|-damage|p1a: Quagsire|213\/394
|-damage|p2a: Bisharp|153\/271|[from] item: Life Orb
|move|p1a: Quagsire|Scald|p2a: Bisharp
|-damage|p2a: Bisharp|71\/271
|-status|p2a: Bisharp|brn
|
|-damage|p2a: Bisharp|38\/271 brn|[from] brn
|turn|22
|
|move|p2a: Bisharp|Iron Head|p1a: Quagsire
|-crit|p1a: Quagsire
|-resisted|p1a: Quagsire
|-damage|p1a: Quagsire|158\/394
|-damage|p2a: Bisharp|11\/271 brn|[from] item: Life Orb
|cant|p1a: Quagsire|flinch
|
|-damage|p2a: Bisharp|0 fnt|[from] brn
|faint|p2a: Bisharp
|
|switch|p2a: Greninja|Greninja, F|229\/285
|-damage|p2a: Greninja|194\/285|[from] Stealth Rock
|turn|23
|
|move|p2a: Greninja|Hydro Pump|p1a: Quagsire|[miss]
|-start|p2a: Greninja|typechange|Water|[from] Protean
|-miss|p2a: Greninja|p1a: Quagsire
|move|p1a: Quagsire|Recover|p1a: Quagsire
|-heal|p1a: Quagsire|355\/394
|
|turn|24
|
|switch|p1a: Latias|Latias, F|363\/364
|-damage|p1a: Latias|318\/364|[from] Stealth Rock
|move|p2a: Greninja|Hydro Pump|p1a: Latias
|-resisted|p1a: Latias
|-damage|p1a: Latias|249\/364
|-damage|p2a: Greninja|166\/285|[from] item: Life Orb
|
|-heal|p1a: Latias|271\/364|[from] item: Leftovers
|turn|25
|
|move|p2a: Greninja|Ice Beam|p1a: Latias
|-start|p2a: Greninja|typechange|Ice|[from] Protean
|-supereffective|p1a: Latias
|-damage|p1a: Latias|60\/364
|-status|p1a: Latias|frz
|-damage|p2a: Greninja|138\/285|[from] item: Life Orb
|cant|p1a: Latias|frz
|
|-heal|p1a: Latias|82\/364 frz|[from] item: Leftovers
|turn|26
|
|move|p2a: Greninja|Ice Beam|p1a: Latias
|-supereffective|p1a: Latias
|-damage|p1a: Latias|0 fnt
|-damage|p2a: Greninja|110\/285|[from] item: Life Orb
|faint|p1a: Latias
|
|
|switch|p1a: Jirachi|Jirachi|401\/401
|-damage|p1a: Jirachi|376\/401|[from] Stealth Rock
|turn|27
|
|switch|p2a: Garchomp|Garchomp, F|58\/357
|-damage|p2a: Garchomp|36\/357|[from] Stealth Rock
|move|p1a: Jirachi|Body Slam|p2a: Garchomp
|-damage|p2a: Garchomp|0 fnt
|-damage|p1a: Jirachi|326\/401|[from] ability: Rough Skin|[of] p2a: Garchomp
|faint|p2a: Garchomp
|
|-heal|p1a: Jirachi|351\/401|[from] item: Leftovers
|
|switch|p2a: Landorus-Therian|Landorus-Therian, M|325\/325
|-damage|p2a: Landorus-Therian|285\/325|[from] Stealth Rock
|-ability|p2a: Landorus-Therian|Intimidate|[of] p1a: Jirachi
|-unboost|p1a: Jirachi|atk|1
|turn|28
|
|switch|p1a: Quagsire|Quagsire, M|355\/394
|-damage|p1a: Quagsire|331\/394|[from] Stealth Rock
|move|p2a: Landorus-Therian|Earthquake|p1a: Quagsire
|-damage|p1a: Quagsire|172\/394
|
|turn|29
|
|move|p2a: Landorus-Therian|Earthquake|p1a: Quagsire
|-damage|p1a: Quagsire|25\/394
|move|p1a: Quagsire|Recover|p1a: Quagsire
|-heal|p1a: Quagsire|222\/394
|
|turn|30
|
|switch|p2a: Greninja|Greninja, F|110\/285
|-damage|p2a: Greninja|75\/285|[from] Stealth Rock
|move|p1a: Quagsire|Recover|p1a: Quagsire
|-heal|p1a: Quagsire|394\/394
|
|turn|31
|
|switch|p1a: Amoonguss|Amoonguss, F|294\/432
|-damage|p1a: Amoonguss|240\/432|[from] Stealth Rock
|move|p2a: Greninja|Hydro Pump|p1a: Amoonguss
|-start|p2a: Greninja|typechange|Water|[from] Protean
|-resisted|p1a: Amoonguss
|-damage|p1a: Amoonguss|141\/432
|-damage|p2a: Greninja|47\/285|[from] item: Life Orb
|
|-heal|p1a: Amoonguss|168\/432|[from] item: Black Sludge
|turn|32
|
|switch|p1a: Jirachi|Jirachi|351\/401
|-damage|p1a: Jirachi|326\/401|[from] Stealth Rock
|move|p2a: Greninja|Gunk Shot|p1a: Jirachi
|-start|p2a: Greninja|typechange|Poison|[from] Protean
|-immune|p1a: Jirachi|[msg]
|
|-heal|p1a: Jirachi|351\/401|[from] item: Leftovers
|turn|33
|
|move|p2a: Greninja|Hydro Pump|p1a: Jirachi
|-start|p2a: Greninja|typechange|Water|[from] Protean
|-damage|p1a: Jirachi|217\/401
|-damage|p2a: Greninja|19\/285|[from] item: Life Orb
|move|p1a: Jirachi|Body Slam|p2a: Greninja
|-damage|p2a: Greninja|0 fnt
|faint|p2a: Greninja
|
|-heal|p1a: Jirachi|242\/401|[from] item: Leftovers
|
|switch|p2a: Landorus-Therian|Landorus-Therian, M|285\/325
|-damage|p2a: Landorus-Therian|245\/325|[from] Stealth Rock
|-ability|p2a: Landorus-Therian|Intimidate|[of] p1a: Jirachi
|-unboost|p1a: Jirachi|atk|1
|turn|34
|
|switch|p1a: Quagsire|Quagsire, M|394\/394
|-damage|p1a: Quagsire|370\/394|[from] Stealth Rock
|move|p2a: Landorus-Therian|U-turn|p1a: Quagsire
|-damage|p1a: Quagsire|297\/394
|
|switch|p2a: Altaria|Altaria, F|288\/307
|-damage|p2a: Altaria|212\/307|[from] Stealth Rock
|
|turn|35
|
|detailschange|p2a: Altaria|Altaria-Mega, F
|message|Altaria has Mega Evolved into Mega Altaria!
|move|p2a: Altaria|Return|p1a: Quagsire
|-damage|p1a: Quagsire|132\/394
|move|p1a: Quagsire|Toxic|p2a: Altaria
|-status|p2a: Altaria|tox
|
|-damage|p2a: Altaria|193\/307 tox|[from] psn
|turn|36
|
|switch|p2a: Landorus-Therian|Landorus-Therian, M|245\/325
|-damage|p2a: Landorus-Therian|205\/325|[from] Stealth Rock
|-ability|p2a: Landorus-Therian|Intimidate|[of] p1a: Quagsire
|-unboost|p1a: Quagsire|atk|1
|move|p1a: Quagsire|Recover|p1a: Quagsire
|-heal|p1a: Quagsire|329\/394
|
|turn|37
|
|move|p2a: Landorus-Therian|U-turn|p1a: Quagsire
|-damage|p1a: Quagsire|258\/394
|
|switch|p2a: Altaria|Altaria-Mega, F|193\/307 tox
|-damage|p2a: Altaria|155\/307 tox|[from] Stealth Rock
|move|p1a: Quagsire|Recover|p1a: Quagsire
|-heal|p1a: Quagsire|394\/394
|
|-damage|p2a: Altaria|136\/307 tox|[from] psn
|turn|38
|
|move|p2a: Altaria|Roost|p2a: Altaria
|-heal|p2a: Altaria|290\/307 tox
|move|p1a: Quagsire|Recover|p1a: Quagsire
|-fail|p1a: Quagsire
|
|-damage|p2a: Altaria|252\/307 tox|[from] psn
|turn|39
|
|move|p2a: Altaria|Dragon Dance|p2a: Altaria
|-boost|p2a: Altaria|atk|1
|-boost|p2a: Altaria|spe|1
|move|p1a: Quagsire|Recover|p1a: Quagsire
|-fail|p1a: Quagsire
|
|-damage|p2a: Altaria|195\/307 tox|[from] psn
|turn|40
|
|move|p2a: Altaria|Return|p1a: Quagsire
|-damage|p1a: Quagsire|220\/394
|move|p1a: Quagsire|Earthquake|p2a: Altaria
|-damage|p2a: Altaria|128\/307 tox
|
|-damage|p2a: Altaria|52\/307 tox|[from] psn
|turn|41
|-message|TimeTravel_3 forfeited.
|
|move|p2a: Altaria|Return|p1a: Quagsire
|-damage|p1a: Quagsire|48\/394
|move|p1a: Quagsire|Recover|p1a: Quagsire
|-heal|p1a: Quagsire|245\/394
|
|-damage|p2a: Altaria|0 fnt|[from] psn
|faint|p2a: Altaria
|leave|TimeTravel_3
|
|win|silly boy
|raw|Ladder updating...
|player|p2
|raw|silly boy's rating: 1632 &rarr; <strong>1645<\/strong><br \/>(+13 for winning)
|raw|TimeTravel_3's rating: 1496 &rarr; <strong>1483<\/strong><br \/>(-13 for losing)
|leave|TurtleGuy99
|leave|silly boy
|player|p1
|join|silly boy