|join|SandwichVote
|join|TimeTravel_3
|player|p1|SandwichVote|253
|player|p2|TimeTravel_3|209
|gametype|singles
|gen|6
|tier|OU (suspect test)
|rated
|clearpoke
|poke|p1|Landorus-Therian, M
|poke|p1|Charizard, M
|poke|p1|Latios, M
|poke|p1|Talonflame, M
|poke|p1|Scizor, M
|poke|p1|Greninja, M
|poke|p2|Azumarill, M
|poke|p2|Landorus, M
|poke|p2|Heatran, F
|poke|p2|Keldeo-Resolute
|poke|p2|Venusaur, F
|poke|p2|Mandibuzz, F
|rule|Swagger Clause: Swagger is banned
|rule|Baton Pass Clause: Limit one PokÃ©mon knowing Baton Pass
|rule|Sleep Clause Mod: Limit one foe put to sleep
|rule|Species Clause: Limit one of each PokÃ©mon
|rule|OHKO Clause: OHKO moves are banned
|rule|Moody Clause: Moody is banned
|rule|Evasion Moves Clause: Evasion moves are banned
|rule|Endless Battle Clause: Forcing endless battles is banned
|rule|HP Percentage Mod: HP is reported as percentages
|teampreview
|
|start
|switch|p1a: Landorus-Therian|Landorus-Therian, M|319\/319
|switch|p2a: Hera|Keldeo-Resolute|323\/323
|-ability|p1a: Landorus-Therian|Intimidate|[of] p2a: Hera
|-unboost|p2a: Hera|atk|1
|turn|1
|chat|SandwichVote|someone likes call me a god
|
|switch|p1a: Scizor|Scizor, M|344\/344
|move|p2a: Hera|Scald|p1a: Scizor
|-damage|p1a: Scizor|166\/344
|
|turn|2
|
|switch|p1a: Latios|Latios, M|302\/302
|move|p2a: Hera|Scald|p1a: Latios
|-resisted|p1a: Latios
|-damage|p1a: Latios|210\/302
|
|turn|3
|
|switch|p2a: Athena|Mandibuzz, F|423\/423
|move|p1a: Latios|Psyshock|p2a: Athena
|-immune|p2a: Athena|[msg]
|
|turn|4
|
|move|p1a: Latios|Thunderbolt|p2a: Athena
|-supereffective|p2a: Athena
|-damage|p2a: Athena|147\/423
|-damage|p1a: Latios|180\/302|[from] item: Life Orb
|move|p2a: Athena|Foul Play|p1a: Latios
|-supereffective|p1a: Latios
|-damage|p1a: Latios|0 fnt
|faint|p1a: Latios
|
|-heal|p2a: Athena|173\/423|[from] item: Leftovers
|
|switch|p1a: Greninja|Greninja, M|286\/286
|turn|5
|
|switch|p2a: Demeter|Venusaur, F|349\/349
|move|p1a: Greninja|Ice Beam|p2a: Demeter
|-start|p1a: Greninja|typechange|Ice|[from] Protean
|-supereffective|p2a: Demeter
|-damage|p2a: Demeter|0 fnt
|-damage|p1a: Greninja|258\/286|[from] item: Life Orb
|faint|p2a: Demeter
|
|
|switch|p2a: Hera|Keldeo-Resolute|323\/323
|turn|6
|
|move|p1a: Greninja|Grass Knot|p2a: Hera
|-start|p1a: Greninja|typechange|Grass|[from] Protean
|-supereffective|p2a: Hera
|-damage|p2a: Hera|50\/323
|-damage|p1a: Greninja|230\/286|[from] item: Life Orb
|move|p2a: Hera|Scald|p1a: Greninja
|-resisted|p1a: Greninja
|-damage|p1a: Greninja|94\/286
|
|turn|7
|
|switch|p2a: Hades|Heatran, F|323\/323
|move|p1a: Greninja|Dark Pulse|p2a: Hades
|-start|p1a: Greninja|typechange|Dark|[from] Protean
|-damage|p2a: Hades|183\/323
|-damage|p1a: Greninja|66\/286|[from] item: Life Orb
|
|turn|8
|chat|SandwichVote|it's not enough to copy someone's team
|
|move|p2a: Hades|Overheat|p1a: Greninja|[miss]
|-miss|p2a: Hades|p1a: Greninja
|move|p1a: Greninja|Surf|p2a: Hades
|-start|p1a: Greninja|typechange|Water|[from] Protean
|-supereffective|p2a: Hades
|-damage|p2a: Hades|0 fnt
|-damage|p1a: Greninja|38\/286|[from] item: Life Orb
|faint|p2a: Hades
|
|
|switch|p2a: Azumarill|Azumarill, M|361\/361
|turn|9
|
|switch|p1a: Scizor|Scizor, M|166\/344
|move|p2a: Azumarill|Aqua Jet|p1a: Scizor
|-damage|p1a: Scizor|40\/344
|
|turn|10
|
|move|p2a: Azumarill|Aqua Jet|p1a: Scizor
|-damage|p1a: Scizor|0 fnt
|faint|p1a: Scizor
|
|
|switch|p1a: Charizard|Charizard, M|298\/298
|turn|11
|
|switch|p2a: Athena|Mandibuzz, F|173\/423
|detailschange|p1a: Charizard|Charizard-Mega-X, M
|message|Charizard has Mega Evolved into Mega Charizard!
|move|p1a: Charizard|Flare Blitz|p2a: Athena
|-damage|p2a: Athena|0 fnt
|-damage|p1a: Charizard|241\/298|[from] recoil|[of] p2a: Athena
|faint|p2a: Athena
|
|
|switch|p2a: Dionysus|Landorus, M|319\/319
|turn|12
|
|switch|p1a: Talonflame|Talonflame, M|297\/297
|move|p2a: Dionysus|Earth Power|p1a: Talonflame
|-immune|p1a: Talonflame|[msg]
|
|turn|13
|
|move|p1a: Talonflame|Brave Bird|p2a: Dionysus
|-crit|p2a: Dionysus
|-damage|p2a: Dionysus|0 fnt
|-damage|p1a: Talonflame|192\/297|[from] recoil|[of] p2a: Dionysus
|faint|p2a: Dionysus
|
|
|switch|p2a: Azumarill|Azumarill, M|361\/361
|turn|14
|
|move|p1a: Talonflame|Brave Bird|p2a: Azumarill
|-damage|p2a: Azumarill|51\/361
|-damage|p1a: Talonflame|90\/297|[from] recoil|[of] p2a: Azumarill
|move|p2a: Azumarill|Waterfall|p1a: Talonflame
|-supereffective|p1a: Talonflame
|-damage|p1a: Talonflame|0 fnt
|faint|p1a: Talonflame
|
|
|switch|p1a: Charizard|Charizard-Mega-X, M|241\/298
|turn|15
|
|move|p1a: Charizard|Earthquake|p2a: Azumarill
|-damage|p2a: Azumarill|0 fnt
|faint|p2a: Azumarill
|
|
|switch|p2a: Hera|Keldeo-Resolute|50\/323
|turn|16
|
|move|p2a: Hera|Hydro Pump|p1a: Charizard
|-damage|p1a: Charizard|0 fnt
|faint|p1a: Charizard
|
|
|switch|p1a: Greninja|Greninja, M|38\/286
|turn|17
|
|move|p1a: Greninja|Grass Knot|p2a: Hera
|-start|p1a: Greninja|typechange|Grass|[from] Protean
|-supereffective|p2a: Hera
|-damage|p2a: Hera|0 fnt
|-damage|p1a: Greninja|10\/286|[from] item: Life Orb
|faint|p2a: Hera
|
|win|SandwichVote
|raw|Ladder updating...
|raw|SandwichVote's rating: 1040 &rarr; <strong>1081<\/strong><br \/>(+41 for winning)
|raw|TimeTravel_3's rating: 1107 &rarr; <strong>1078<\/strong><br \/>(-29 for losing)
|leave|TimeTravel_3
|player|p2