|join|help im on drugs
|join|jp sanol
|player|p1|help im on drugs|184
|player|p2|jp sanol|247
|gametype|singles
|gen|6
|tier|UU
|rated
|rule|Sleep Clause Mod: Limit one foe put to sleep
|rule|Species Clause: Limit one of each PokÃ©mon
|rule|OHKO Clause: OHKO moves are banned
|rule|Moody Clause: Moody is banned
|rule|Evasion Moves Clause: Evasion moves are banned
|rule|Endless Battle Clause: Forcing endless battles is banned
|rule|HP Percentage Mod: HP is shown in percentages
|clearpoke
|poke|p1|Abomasnow, M
|poke|p1|Suicune
|poke|p1|Krookodile, M
|poke|p1|Mawile, F
|poke|p1|Crobat, F
|poke|p1|Chandelure, M
|poke|p2|Aerodactyl, F
|poke|p2|Galvantula, F
|poke|p2|Porygon2
|poke|p2|Chandelure, M
|poke|p2|Honchkrow, F
|poke|p2|Empoleon, M
|rule|Swagger Clause: Swagger is banned
|rule|Baton Pass Clause: Limit one PokÃ©mon knowing Baton Pass
|teampreview
|join|kl0s
|leave|kl0s
|join|Dark Eye of Sauron
|
|start
|switch|p1a: Pepper ur Angus|Abomasnow, M|337\/337
|switch|p2a: Pinguinito|Empoleon, M|372\/372
|turn|1
|join|secret kekleon
|join|BenzMafia
|c| secret kekleon|hi!
|join|DrReuniclus3
|
|move|p1a: Pepper ur Angus|Earthquake|p2a: Pinguinito
|-supereffective|p2a: Pinguinito
|-damage|p2a: Pinguinito|176\/372
|move|p2a: Pinguinito|Stealth Rock|p1a: Pepper ur Angus
|-sidestart|p1: help im on drugs|move: Stealth Rock
|
|-heal|p2a: Pinguinito|199\/372|[from] item: Leftovers
|turn|2
|join|dodmen
|
|move|p1a: Pepper ur Angus|Seed Bomb|p2a: Pinguinito
|-damage|p2a: Pinguinito|70\/372
|move|p2a: Pinguinito|Knock Off|p1a: Pepper ur Angus
|-damage|p1a: Pepper ur Angus|277\/337
|
|-heal|p2a: Pinguinito|93\/372|[from] item: Leftovers
|turn|3
|join|the fun in this
|c| secret kekleon|no item obama
|c| secret kekleon|kappa
|
|switch|p2a: Chandelure|Chandelure, M|323\/323
|move|p1a: Pepper ur Angus|Seed Bomb|p2a: Chandelure
|-resisted|p2a: Chandelure
|-damage|p2a: Chandelure|260\/323
|
|turn|4
|
|switch|p1a: Cereal killer|Krookodile, M|331\/331
|-damage|p1a: Cereal killer|311\/331|[from] Stealth Rock
|-ability|p1a: Cereal killer|Intimidate|[of] p2a: Chandelure
|-unboost|p2a: Chandelure|atk|1
|move|p2a: Chandelure|Substitute|p2a: Chandelure
|-start|p2a: Chandelure|Substitute
|-damage|p2a: Chandelure|180\/323
|
|turn|5
|c| the fun in this|dod dont u think meruus team looks like living proofs team
|c|+dodmen|i dont kno what living proofs team looks like
|c| the fun in this|dont u remember his sand doge team
|
|move|p1a: Cereal killer|Earthquake|p2a: Chandelure
|-supereffective|p2a: Chandelure
|-end|p2a: Chandelure|Substitute
|move|p2a: Chandelure|Fire Blast|p1a: Cereal killer
|-crit|p1a: Cereal killer
|-damage|p1a: Cereal killer|0 fnt
|faint|p1a: Cereal killer
|
|c| the fun in this|around the time he got voice
|c|âhelp im on drugs|well played xD
|
|switch|p1a: IRESEMBLEAHORSE|Suicune|373\/373
|-damage|p1a: IRESEMBLEAHORSE|327\/373|[from] Stealth Rock
|-ability|p1a: IRESEMBLEAHORSE|Pressure
|turn|6
|
|switch|p2a: Porygon2|Porygon2|374\/374
|-boost|p2a: Porygon2|atk|1|[from] ability: Download
|move|p1a: IRESEMBLEAHORSE|Scald|p2a: Porygon2
|-damage|p2a: Porygon2|305\/374
|-status|p2a: Porygon2|brn
|
|-heal|p1a: IRESEMBLEAHORSE|350\/373|[from] item: Leftovers
|-damage|p2a: Porygon2|259\/374 brn|[from] brn
|turn|7
|
|move|p1a: IRESEMBLEAHORSE|Calm Mind|p1a: IRESEMBLEAHORSE
|-boost|p1a: IRESEMBLEAHORSE|spa|1
|-boost|p1a: IRESEMBLEAHORSE|spd|1
|move|p2a: Porygon2|Thunder Wave|p1a: IRESEMBLEAHORSE
|-status|p1a: IRESEMBLEAHORSE|par
|
|-heal|p1a: IRESEMBLEAHORSE|373\/373 par|[from] item: Leftovers
|-damage|p2a: Porygon2|213\/374 brn|[from] brn
|turn|8
|c|+dodmen|rekt
|c|âhelp im on drugs|o fuk
|c|âhelp im on drugs|offensive twave P2
|c|âhelp im on drugs|takes me back
|
|move|p2a: Porygon2|Tri Attack|p1a: IRESEMBLEAHORSE
|-damage|p1a: IRESEMBLEAHORSE|313\/373 par
|move|p1a: IRESEMBLEAHORSE|Substitute|p1a: IRESEMBLEAHORSE
|-start|p1a: IRESEMBLEAHORSE|Substitute
|-damage|p1a: IRESEMBLEAHORSE|220\/373 par
|
|-heal|p1a: IRESEMBLEAHORSE|243\/373 par|[from] item: Leftovers
|-damage|p2a: Porygon2|167\/374 brn|[from] brn
|turn|9
|
|move|p2a: Porygon2|Recover|p2a: Porygon2
|-heal|p2a: Porygon2|354\/374 brn
|move|p1a: IRESEMBLEAHORSE|Calm Mind|p1a: IRESEMBLEAHORSE
|-boost|p1a: IRESEMBLEAHORSE|spa|1
|-boost|p1a: IRESEMBLEAHORSE|spd|1
|
|-heal|p1a: IRESEMBLEAHORSE|266\/373 par|[from] item: Leftovers
|-damage|p2a: Porygon2|308\/374 brn|[from] brn
|turn|10
|join|LiberalLucario
|
|switch|p2a: Galvantula|Galvantula, F|282\/282
|move|p1a: IRESEMBLEAHORSE|Scald|p2a: Galvantula
|-crit|p2a: Galvantula
|-damage|p2a: Galvantula|0 fnt
|faint|p2a: Galvantula
|
|-heal|p1a: IRESEMBLEAHORSE|289\/373 par|[from] item: Leftovers
|join|anchor management
|c| LiberalLucario|bye
|join|Shit User
|c|âhelp im on drugs|bye!
|
|switch|p2a: Honchkrow|Honchkrow, F|342\/342
|turn|11
|
|move|p2a: Honchkrow|Sucker Punch|p1a: IRESEMBLEAHORSE
|-end|p1a: IRESEMBLEAHORSE|Substitute
|move|p1a: IRESEMBLEAHORSE|Ice Beam|p2a: Honchkrow
|-supereffective|p2a: Honchkrow
|-damage|p2a: Honchkrow|0 fnt
|faint|p2a: Honchkrow
|
|-heal|p1a: IRESEMBLEAHORSE|312\/373 par|[from] item: Leftovers
|
|switch|p2a: Aerodactyl|Aerodactyl, F|301\/301
|turn|12
|c|âhelp im on drugs|so far so good
|
|detailschange|p2a: Aerodactyl|Aerodactyl-Mega, F
|-mega|p2a: Aerodactyl|Aerodactyl|Aerodactylite
|move|p2a: Aerodactyl|Earthquake|p1a: IRESEMBLEAHORSE
|-damage|p1a: IRESEMBLEAHORSE|193\/373 par
|cant|p1a: IRESEMBLEAHORSE|par
|
|-heal|p1a: IRESEMBLEAHORSE|216\/373 par|[from] item: Leftovers
|turn|13
|c|âhelp im on drugs|wow
|c|+dodmen|uhoh
|
|move|p2a: Aerodactyl|Dragon Claw|p1a: IRESEMBLEAHORSE
|-damage|p1a: IRESEMBLEAHORSE|93\/373 par
|move|p1a: IRESEMBLEAHORSE|Scald|p2a: Aerodactyl
|-supereffective|p2a: Aerodactyl
|-damage|p2a: Aerodactyl|0 fnt
|faint|p2a: Aerodactyl
|
|-heal|p1a: IRESEMBLEAHORSE|116\/373 par|[from] item: Leftovers
|c|âhelp im on drugs|I feel like
|c|âhelp im on drugs|healing wish rachi
|c|âhelp im on drugs|over mawile
|
|switch|p2a: Pinguinito|Empoleon, M|93\/372
|turn|14
|c|âhelp im on drugs|idk
|
|move|p2a: Pinguinito|Knock Off|p1a: IRESEMBLEAHORSE
|-damage|p1a: IRESEMBLEAHORSE|59\/373 par
|-enditem|p1a: IRESEMBLEAHORSE|Leftovers|[from] move: Knock Off|[of] p2a: Pinguinito
|move|p1a: IRESEMBLEAHORSE|Scald|p2a: Pinguinito
|-resisted|p2a: Pinguinito
|-damage|p2a: Pinguinito|3\/372
|
|-heal|p2a: Pinguinito|26\/372|[from] item: Leftovers
|turn|15
|c| the fun in this|where is modest aggron
|c|âhelp im on drugs|other team
|
|move|p2a: Pinguinito|Knock Off|p1a: IRESEMBLEAHORSE
|-damage|p1a: IRESEMBLEAHORSE|18\/373 par
|cant|p1a: IRESEMBLEAHORSE|par
|
|-heal|p2a: Pinguinito|49\/372|[from] item: Leftovers
|turn|16
|c|âhelp im on drugs|wow
|c| anchor management|is that SD Maw
|join|tuRk.jpg
|
|move|p2a: Pinguinito|Knock Off|p1a: IRESEMBLEAHORSE
|-damage|p1a: IRESEMBLEAHORSE|0 fnt
|faint|p1a: IRESEMBLEAHORSE
|
|-heal|p2a: Pinguinito|72\/372|[from] item: Leftovers
|c|âhelp im on drugs|ya
|c| anchor management|nice n real
|c|âhelp im on drugs|thanks!
|
|switch|p1a: Pepper ur Angus|Abomasnow, M|277\/337
|-damage|p1a: Pepper ur Angus|193\/337|[from] Stealth Rock
|turn|17
|
|switch|p2a: Porygon2|Porygon2|308\/374 brn
|-boost|p2a: Porygon2|atk|1|[from] ability: Download
|move|p1a: Pepper ur Angus|Swords Dance|p1a: Pepper ur Angus
|-boost|p1a: Pepper ur Angus|atk|2
|
|-damage|p2a: Porygon2|262\/374 brn|[from] brn
|turn|18
|
|detailschange|p1a: Pepper ur Angus|Abomasnow-Mega, M
|-mega|p1a: Pepper ur Angus|Abomasnow|Abomasite
|-weather|Hail
|move|p1a: Pepper ur Angus|Seed Bomb|p2a: Porygon2
|-damage|p2a: Porygon2|76\/374 brn
|move|p2a: Porygon2|Tri Attack|p1a: Pepper ur Angus
|-damage|p1a: Pepper ur Angus|106\/337
|
|-weather|Hail|[upkeep]
|-damage|p2a: Porygon2|53\/374 brn|[from] hail
|-damage|p2a: Porygon2|7\/374 brn|[from] brn
|turn|19
|c|âhelp im on drugs|lame
|
|move|p2a: Porygon2|Recover|p2a: Porygon2
|-heal|p2a: Porygon2|194\/374 brn
|move|p1a: Pepper ur Angus|Swords Dance|p1a: Pepper ur Angus
|-boost|p1a: Pepper ur Angus|atk|2
|
|-weather|Hail|[upkeep]
|-damage|p2a: Porygon2|171\/374 brn|[from] hail
|-damage|p2a: Porygon2|125\/374 brn|[from] brn
|turn|20
|c| the fun in this|is this a speed tie
|c| the fun in this|:S
|
|move|p1a: Pepper ur Angus|Ice Shard|p2a: Porygon2
|-damage|p2a: Porygon2|0 fnt
|faint|p2a: Porygon2
|
|-weather|Hail|[upkeep]
|
|switch|p2a: Chandelure|Chandelure, M|180\/323
|turn|21
|c|âhelp im on drugs|idk
|
|move|p1a: Pepper ur Angus|Ice Shard|p2a: Chandelure
|-resisted|p2a: Chandelure
|-damage|p2a: Chandelure|47\/323
|move|p2a: Chandelure|Substitute|p2a: Chandelure
|-fail|p2a: Chandelure|move: Substitute|[weak]
|
|-weather|Hail|[upkeep]
|-damage|p2a: Chandelure|27\/323|[from] hail
|turn|22
|
|move|p1a: Pepper ur Angus|Ice Shard|p2a: Chandelure
|-resisted|p2a: Chandelure
|-damage|p2a: Chandelure|0 fnt
|faint|p2a: Chandelure
|
|-weather|none
|c|âhelp im on drugs|gg
|c|+dodmen|,
|leave|jp sanol
|player|p2
|c| anchor management|he predicted the chand switch
|c| anchor management|so subbed
|c| LiberalLucario|how did this
|c| LiberalLucario|get to +3
|c| LiberalLucario|*+4
|c|âhelp im on drugs|"he killed my chandy! now I gotat leave!"
|c| LiberalLucario|lmao
|c| anchor management|brb gotta pee
|leave|LiberalLucario
|leave|BenzMafia
|c|+dodmen|dmt can you pls timer
|c|âhelp im on drugs|oh
|c|âhelp im on drugs|fuck
|-message|jpsanol lost due to inactivity.
|leave|Dark Eye of Sauron
|
|win|help im on drugs
|raw|Ladder updating...
|raw|help im on drugs's rating: 1327 &rarr; <strong>1343<\/strong><br \/>(+16 for winning)
|raw|jp sanol's rating: 1256 &rarr; <strong>1236<\/strong><br \/>(-20 for losing)
|leave|help im on drugs
|player|p1
|join|rekt by putin