|join|help im on drugs
|join|ult kingt
|player|p1|help im on drugs|184
|player|p2|ult kingt|29
|gametype|singles
|gen|6
|tier|UU
|rated
|rule|Sleep Clause Mod: Limit one foe put to sleep
|rule|Species Clause: Limit one of each PokÃ©mon
|rule|OHKO Clause: OHKO moves are banned
|rule|Moody Clause: Moody is banned
|rule|Evasion Moves Clause: Evasion moves are banned
|rule|Endless Battle Clause: Forcing endless battles is banned
|rule|HP Percentage Mod: HP is shown in percentages
|clearpoke
|poke|p1|Krookodile, M
|poke|p1|Hydreigon, F
|poke|p1|Spiritomb, F
|poke|p1|Forretress, M
|poke|p1|Blissey, F
|poke|p1|Mienshao, F
|poke|p2|Kyurem
|poke|p2|Roserade, F
|poke|p2|Infernape, F
|poke|p2|Tornadus, M
|poke|p2|Doublade, M
|poke|p2|Sharpedo, F
|rule|Swagger Clause: Swagger is banned
|rule|Baton Pass Clause: Limit one PokÃ©mon knowing Baton Pass
|teampreview
|c|âhelp im on drugs|hi!
|c|âult kingt|nb nb
|c|âult kingt|been looking for like 10 minutes too
|c|âhelp im on drugs|o
|c|âult kingt|hi dmt
|c|âhelp im on drugs|hi
|
|start
|switch|p1a: Mienshao|Mienshao, F|271\/271
|switch|p2a: Infernape|Infernape, F|293\/293
|turn|1
|join|newfren
|join|help im on drugs 2
|
|move|p1a: Mienshao|High Jump Kick|p2a: Infernape
|-enditem|p2a: Infernape|Focus Sash
|-damage|p2a: Infernape|1\/293
|move|p2a: Infernape|Stealth Rock|p1a: Mienshao
|-sidestart|p1: help im on drugs|move: Stealth Rock
|
|turn|2
|c|âhelp im on drugs|oh sash
|
|switch|p1a: Spiritomb|Spiritomb, F|304\/304
|-damage|p1a: Spiritomb|266\/304|[from] Stealth Rock
|move|p2a: Infernape|Fire Blast|p1a: Spiritomb
|-damage|p1a: Spiritomb|25\/304
|
|-heal|p1a: Spiritomb|44\/304|[from] item: Leftovers
|turn|3
|c| newfren|not real
|c|âhelp im on drugs|oh blaze
|
|move|p2a: Infernape|Fire Blast|p1a: Spiritomb
|-damage|p1a: Spiritomb|0 fnt
|faint|p1a: Spiritomb
|
|
|switch|p1a: Mienshao|Mienshao, F|271\/271
|-damage|p1a: Mienshao|255\/271|[from] Stealth Rock
|turn|4
|c| newfren|o not sucker
|
|move|p1a: Mienshao|U-turn|p2a: Infernape
|-crit|p2a: Infernape
|-resisted|p2a: Infernape
|-damage|p2a: Infernape|0 fnt
|faint|p2a: Infernape
|c|âult kingt|crotomb?
|
|switch|p1a: Hydreigon|Hydreigon, F|325\/325
|-damage|p1a: Hydreigon|285\/325|[from] Stealth Rock
|
|c|âhelp im on drugs|yes it was
|
|switch|p2a: Tornadus|Tornadus, M|299\/299
|turn|5
|
|move|p2a: Tornadus|Superpower|p1a: Hydreigon
|-supereffective|p1a: Hydreigon
|-damage|p1a: Hydreigon|0 fnt
|-unboost|p2a: Tornadus|atk|1
|-unboost|p2a: Tornadus|def|1
|-damage|p2a: Tornadus|270\/299|[from] item: Life Orb
|faint|p1a: Hydreigon
|
|
|switch|p1a: Forretress|Forretress, M|354\/354
|-damage|p1a: Forretress|310\/354|[from] Stealth Rock
|turn|6
|
|move|p2a: Tornadus|Hurricane|p1a: Forretress
|-damage|p1a: Forretress|0 fnt
|-damage|p2a: Tornadus|241\/299|[from] item: Life Orb
|faint|p1a: Forretress
|
|c|âhelp im on drugs|oh
|c|âhelp im on drugs|welp
|
|switch|p1a: Mienshao|Mienshao, F|255\/271
|-damage|p1a: Mienshao|239\/271|[from] Stealth Rock
|turn|7
|c|âult kingt|blissey is a bitch so i run this
|c|âhelp im on drugs|fair
|join|Fire Lord Mako
|
|switch|p2a: Doublade|Doublade, M|321\/321
|move|p1a: Mienshao|Knock Off|p2a: Doublade
|-supereffective|p2a: Doublade
|-damage|p2a: Doublade|205\/321
|-enditem|p2a: Doublade|Eviolite|[from] move: Knock Off|[of] p1a: Mienshao
|
|turn|8
|c|âhelp im on drugs|I have no idea
|c|âhelp im on drugs|what I am doing
|
|switch|p1a: Krookodile|Krookodile, M|331\/331
|-damage|p1a: Krookodile|311\/331|[from] Stealth Rock
|-ability|p1a: Krookodile|Intimidate|[of] p2a: Doublade
|-unboost|p2a: Doublade|atk|1
|switch|p2a: Tornadus|Tornadus, M|241\/299
|
|turn|9
|
|switch|p1a: Blissey|Blissey, F|714\/714
|-damage|p1a: Blissey|625\/714|[from] Stealth Rock
|move|p2a: Tornadus|Superpower|p1a: Blissey
|-supereffective|p1a: Blissey
|-damage|p1a: Blissey|100\/714
|-unboost|p2a: Tornadus|atk|1
|-unboost|p2a: Tornadus|def|1
|-damage|p2a: Tornadus|212\/299|[from] item: Life Orb
|
|-heal|p1a: Blissey|144\/714|[from] item: Leftovers
|turn|10
|join|ULT Bob
|
|move|p1a: Blissey|Protect|p1a: Blissey
|-singleturn|p1a: Blissey|Protect
|move|p2a: Tornadus|Superpower|p1a: Blissey
|-activate|p1a: Blissey|Protect
|
|-heal|p1a: Blissey|188\/714|[from] item: Leftovers
|turn|11
|c| Fire Lord Mako|stop getting outplayed dm
|c| Fire Lord Mako|dmt
|
|move|p2a: Tornadus|Superpower|p1a: Blissey
|-supereffective|p1a: Blissey
|-damage|p1a: Blissey|0 fnt
|-unboost|p2a: Tornadus|atk|1
|-unboost|p2a: Tornadus|def|1
|-damage|p2a: Tornadus|183\/299|[from] item: Life Orb
|faint|p1a: Blissey
|
|c|âhelp im on drugs|i have no idea
|c|âhelp im on drugs|how to play this game
|c|âhelp im on drugs|like
|c| Fire Lord Mako|ahhahhah
|c|âhelp im on drugs|last time i played
|c| help im on drugs 2|lol
|c|âhelp im on drugs|i got 1600
|c|âhelp im on drugs|and now like
|c|âhelp im on drugs|I've been losing to stunfisk all day
|c|âhelp im on drugs|and then ult cultists
|
|switch|p1a: Krookodile|Krookodile, M|311\/331
|-damage|p1a: Krookodile|291\/331|[from] Stealth Rock
|-ability|p1a: Krookodile|Intimidate|[of] p2a: Tornadus
|-unboost|p2a: Tornadus|atk|1
|turn|12
|c|âult kingt|match up is too much in my favor imo
|c|âhelp im on drugs|ya cuz
|c| newfren|tempted to sign up for ult
|c| newfren|as
|c|âhelp im on drugs|im on the opposing team
|c|âult kingt|ok i'm hitting this hurrican
|c|âhelp im on drugs|ok
|
|move|p2a: Tornadus|Hurricane|p1a: Krookodile
|-crit|p1a: Krookodile
|-damage|p1a: Krookodile|0 fnt
|-damage|p2a: Tornadus|154\/299|[from] item: Life Orb
|faint|p1a: Krookodile
|
|c|âhelp im on drugs|im going
|c| newfren|ULT CLAN!!! xd
|c|âhelp im on drugs|for pursiut
|c|âhelp im on drugs|cuz predicting switch
|
|switch|p1a: Mienshao|Mienshao, F|239\/271
|-damage|p1a: Mienshao|223\/271|[from] Stealth Rock
|turn|13
|c|âult kingt|o.o
|
|move|p1a: Mienshao|High Jump Kick|p2a: Tornadus
|-resisted|p2a: Tornadus
|-damage|p2a: Tornadus|0 fnt
|faint|p2a: Tornadus
|
|
|switch|p2a: Doublade|Doublade, M|205\/321
|turn|14
|c|âhelp im on drugs|gg!!!!!!!!!!!!!
|
|move|p1a: Mienshao|High Jump Kick|p2a: Doublade
|-immune|p2a: Doublade|[msg]
|-damage|p1a: Mienshao|88\/271|[from] highjumpkick
|move|p2a: Doublade|Gyro Ball|p1a: Mienshao
|-damage|p1a: Mienshao|0 fnt
|faint|p1a: Mienshao
|
|win|ult kingt
|raw|Ladder updating...
|raw|help im on drugs's rating: 1398 &rarr; <strong>1383<\/strong><br \/>(-15 for losing)
|raw|ult kingt's rating: 1478 &rarr; <strong>1493<\/strong><br \/>(+15 for winning)
|c|âult kingt|gg
|leave|ULT Bob
|c|âhelp im on drugs|gg
|leave|ult kingt
|player|p2
|join|ult kingt
|leave|help im on drugs
|player|p1
|leave|help im on drugs 2
|leave|newfren