|join|ULT Bob
|join|help im on drugs
|player|p1|ULT Bob|23
|player|p2|help im on drugs|184
|gametype|singles
|gen|6
|tier|UU
|rated
|rule|Sleep Clause Mod: Limit one foe put to sleep
|rule|Species Clause: Limit one of each PokÃ©mon
|rule|OHKO Clause: OHKO moves are banned
|rule|Moody Clause: Moody is banned
|rule|Evasion Moves Clause: Evasion moves are banned
|rule|Endless Battle Clause: Forcing endless battles is banned
|rule|HP Percentage Mod: HP is shown in percentages
|clearpoke
|poke|p1|Celebi
|poke|p1|Aggron, M, shiny
|poke|p1|Crobat, M, shiny
|poke|p1|Blissey, F, shiny
|poke|p1|Alomomola, F, shiny
|poke|p1|Krookodile, F, shiny
|poke|p2|Krookodile, M
|poke|p2|Hydreigon, F
|poke|p2|Spiritomb, M
|poke|p2|Forretress, M
|poke|p2|Blissey, F
|poke|p2|Mienshao, M
|rule|Swagger Clause: Swagger is banned
|rule|Baton Pass Clause: Limit one PokÃ©mon knowing Baton Pass
|teampreview
|c|âhelp im on drugs|hi!
|c|âULT Bob|oh
|c|âULT Bob|dmt pls
|c|âhelp im on drugs|ok
|c|âULT Bob|i need this win
|c|âhelp im on drugs|ok
|c|âhelp im on drugs|I will not win
|c|âULT Bob|ty
|c|âhelp im on drugs|yw n_n
|
|start
|switch|p1a: The Don|Krookodile, F, shiny|331\/331
|switch|p2a: Hydreigon|Hydreigon, F|325\/325
|-ability|p1a: The Don|Intimidate|[of] p2a: Hydreigon
|-unboost|p2a: Hydreigon|atk|1
|turn|1
|join|ult kingt
|
|switch|p1a: Fattest fuck|Blissey, F, shiny|714\/714
|move|p2a: Hydreigon|Taunt|p1a: Fattest fuck
|-start|p1a: Fattest fuck|move: Taunt
|
|turn|2
|c|âULT Bob|did you ct me?
|
|move|p2a: Hydreigon|Dark Pulse|p1a: Fattest fuck
|-crit|p1a: Fattest fuck
|-damage|p1a: Fattest fuck|492\/714
|-damage|p2a: Hydreigon|293\/325|[from] item: Life Orb
|move|p1a: Fattest fuck|Seismic Toss|p2a: Hydreigon
|-damage|p2a: Hydreigon|193\/325
|
|-heal|p1a: Fattest fuck|536\/714|[from] item: Leftovers
|turn|3
|c|âhelp im on drugs|yes
|c| ult kingt|not even dmt'
|c|âhelp im on drugs|no I got rekt by taunt hydrei
|join|help im on drugs 2
|c|âhelp im on drugs|and decided to make a taunt hyrei
|c| help im on drugs 2|hi
|
|move|p2a: Hydreigon|Dark Pulse|p1a: Fattest fuck
|-damage|p1a: Fattest fuck|407\/714
|-damage|p2a: Hydreigon|161\/325|[from] item: Life Orb
|move|p1a: Fattest fuck|Seismic Toss|p2a: Hydreigon
|-damage|p2a: Hydreigon|61\/325
|
|-heal|p1a: Fattest fuck|451\/714|[from] item: Leftovers
|turn|4
|c| ult kingt|bob teh nerd i see you
|
|move|p2a: Hydreigon|Roost|p2a: Hydreigon
|-heal|p2a: Hydreigon|224\/325
|move|p1a: Fattest fuck|Seismic Toss|p2a: Hydreigon
|-damage|p2a: Hydreigon|124\/325
|
|-heal|p1a: Fattest fuck|495\/714|[from] item: Leftovers
|-end|p1a: Fattest fuck|move: Taunt
|turn|5
|
|move|p2a: Hydreigon|Taunt|p1a: Fattest fuck
|-start|p1a: Fattest fuck|move: Taunt
|move|p1a: Fattest fuck|Seismic Toss|p2a: Hydreigon
|-damage|p2a: Hydreigon|24\/325
|
|-heal|p1a: Fattest fuck|539\/714|[from] item: Leftovers
|turn|6
|
|move|p2a: Hydreigon|Roost|p2a: Hydreigon
|-heal|p2a: Hydreigon|187\/325
|move|p1a: Fattest fuck|Seismic Toss|p2a: Hydreigon
|-damage|p2a: Hydreigon|87\/325
|
|-heal|p1a: Fattest fuck|583\/714|[from] item: Leftovers
|turn|7
|
|move|p2a: Hydreigon|Roost|p2a: Hydreigon
|-heal|p2a: Hydreigon|250\/325
|move|p1a: Fattest fuck|Seismic Toss|p2a: Hydreigon
|-damage|p2a: Hydreigon|150\/325
|
|-heal|p1a: Fattest fuck|627\/714|[from] item: Leftovers
|-end|p1a: Fattest fuck|move: Taunt
|turn|8
|
|move|p2a: Hydreigon|Taunt|p1a: Fattest fuck
|-start|p1a: Fattest fuck|move: Taunt
|move|p1a: Fattest fuck|Seismic Toss|p2a: Hydreigon
|-damage|p2a: Hydreigon|50\/325
|
|-heal|p1a: Fattest fuck|671\/714|[from] item: Leftovers
|turn|9
|c|âhelp im on drugs|!dt seismic toss
|c|~|\/data-move Seismic Toss
|raw|<font size="1"><font color=#585858>Priority:<\/font> 0&nbsp;|&ThickSpace;<font color=#585858><font color=black>&#10003; Contact<\/font><\/font>&nbsp;|&ThickSpace;<font color=#585858><font color=black>&#10003; Blocked by Protect<\/font><\/font>&nbsp;|&ThickSpace;<font color=#585858>Target:<\/font> One Adjacent Pokemon<\/font>
|c|âhelp im on drugs|ok
|
|move|p2a: Hydreigon|Roost|p2a: Hydreigon
|-heal|p2a: Hydreigon|213\/325
|move|p1a: Fattest fuck|Seismic Toss|p2a: Hydreigon
|-damage|p2a: Hydreigon|113\/325
|
|-heal|p1a: Fattest fuck|714\/714|[from] item: Leftovers
|turn|10
|c|âULT Bob|go for flinch here
|c|âULT Bob|im switching
|c|âhelp im on drugs|go for crit
|
|switch|p2a: Spiritomb|Spiritomb, M|304\/304
|move|p1a: Fattest fuck|Seismic Toss|p2a: Spiritomb
|-immune|p2a: Spiritomb|[msg]
|
|-end|p1a: Fattest fuck|move: Taunt
|turn|11
|c|âhelp im on drugs|stoss
|
|switch|p1a: ugly fuck|Alomomola, F, shiny|534\/534
|move|p2a: Spiritomb|Calm Mind|p2a: Spiritomb
|-boost|p2a: Spiritomb|spa|1
|-boost|p2a: Spiritomb|spd|1
|
|turn|12
|c|âULT Bob|fuk
|c|âhelp im on drugs|how do you beat this
|
|move|p1a: ugly fuck|Toxic|p2a: Spiritomb
|-status|p2a: Spiritomb|tox
|move|p2a: Spiritomb|Calm Mind|p2a: Spiritomb
|-boost|p2a: Spiritomb|spa|1
|-boost|p2a: Spiritomb|spd|1
|
|-damage|p2a: Spiritomb|285\/304 tox|[from] psn
|turn|13
|c|âhelp im on drugs|oh ok
|c|âULT Bob|what moves do you have??
|c|âhelp im on drugs|crotomb
|
|switch|p1a: The Don|Krookodile, F, shiny|331\/331
|-ability|p1a: The Don|Intimidate|[of] p2a: Spiritomb
|-unboost|p2a: Spiritomb|atk|1
|move|p2a: Spiritomb|Dark Pulse|p1a: The Don
|-resisted|p1a: The Don
|-damage|p1a: The Don|217\/331
|
|-heal|p2a: Spiritomb|304\/304 tox|[from] item: Leftovers
|-damage|p2a: Spiritomb|266\/304 tox|[from] psn
|turn|14
|
|move|p1a: The Don|Knock Off|p2a: Spiritomb
|-damage|p2a: Spiritomb|88\/304 tox
|-enditem|p2a: Spiritomb|Leftovers|[from] move: Knock Off|[of] p1a: The Don
|move|p2a: Spiritomb|Rest|p2a: Spiritomb
|-status|p2a: Spiritomb|slp
|-heal|p2a: Spiritomb|304\/304 slp|[silent]
|-status|p2a: Spiritomb|slp|[from] move: Rest
|
|turn|15
|c|âhelp im on drugs|that did too much
|
|move|p1a: The Don|Knock Off|p2a: Spiritomb
|-damage|p2a: Spiritomb|202\/304 slp
|cant|p2a: Spiritomb|slp
|move|p2a: Spiritomb|Sleep Talk|p2a: Spiritomb
|move|p2a: Spiritomb|Rest|p2a: Spiritomb|[from]Sleep Talk
|-fail|p2a: Spiritomb
|
|turn|16
|c|âhelp im on drugs|minmax
|
|move|p1a: The Don|Knock Off|p2a: Spiritomb
|-damage|p2a: Spiritomb|84\/304 slp
|cant|p2a: Spiritomb|slp
|move|p2a: Spiritomb|Sleep Talk|p2a: Spiritomb
|move|p2a: Spiritomb|Dark Pulse|p1a: The Don|[from]Sleep Talk
|-resisted|p1a: The Don
|-damage|p1a: The Don|107\/331
|
|turn|17
|c|âhelp im on drugs|fuck
|
|switch|p2a: Forretress|Forretress, M|354\/354
|move|p1a: The Don|Knock Off|p2a: Forretress
|-damage|p2a: Forretress|212\/354
|-enditem|p2a: Forretress|Leftovers|[from] move: Knock Off|[of] p1a: The Don
|
|turn|18
|join|DrReuniclus3
|
|switch|p1a: ugly fuck|Alomomola, F, shiny|534\/534
|move|p2a: Forretress|Spikes|p1a: ugly fuck
|-sidestart|p1: ULT Bob|Spikes
|
|turn|19
|
|move|p1a: ugly fuck|Wish|p1a: ugly fuck
|move|p2a: Forretress|Toxic|p1a: ugly fuck
|-status|p1a: ugly fuck|tox
|
|-damage|p1a: ugly fuck|501\/534 tox|[from] psn
|turn|20
|
|switch|p1a: The Don|Krookodile, F, shiny|107\/331
|-damage|p1a: The Don|66\/331|[from] Spikes
|-ability|p1a: The Don|Intimidate|[of] p2a: Forretress
|-unboost|p2a: Forretress|atk|1
|switch|p2a: Mienshao|Mienshao, M|271\/271
|
|-heal|p1a: The Don|331\/331|[from] move: Wish|[wisher] ugly fuck
|turn|21
|c| help im on drugs 2|why did
|c| help im on drugs 2|u just let him
|
|switch|p1a: bob the brobat|Crobat, M, shiny|325\/325
|move|p2a: Mienshao|U-turn|p1a: bob the brobat
|-resisted|p1a: bob the brobat
|-damage|p1a: bob the brobat|301\/325
|c| help im on drugs 2|wish
|c|âhelp im on drugs|idk haha!
|
|switch|p2a: Krookodile|Krookodile, M|331\/331
|-ability|p2a: Krookodile|Intimidate|[of] p1a: bob the brobat
|-unboost|p1a: bob the brobat|atk|1
|
|-heal|p1a: bob the brobat|321\/325|[from] item: Black Sludge
|turn|22
|
|move|p1a: bob the brobat|Toxic|p2a: Krookodile
|-status|p2a: Krookodile|tox
|move|p2a: Krookodile|Knock Off|p1a: bob the brobat
|-damage|p1a: bob the brobat|12\/325
|-enditem|p1a: bob the brobat|Black Sludge|[from] move: Knock Off|[of] p2a: Krookodile
|
|-damage|p2a: Krookodile|311\/331 tox|[from] psn
|turn|23
|c|âhelp im on drugs|im scarf
|c|âhelp im on drugs|switch
|c|âULT Bob|fuk
|
|switch|p1a: fat fuck|Aggron, M, shiny|344\/344
|-damage|p1a: fat fuck|301\/344|[from] Spikes
|move|p2a: Krookodile|Knock Off|p1a: fat fuck
|-damage|p1a: fat fuck|207\/344
|
|-damage|p2a: Krookodile|271\/331 tox|[from] psn
|turn|24
|
|switch|p2a: Hydreigon|Hydreigon, F|113\/325
|switch|p1a: bob the brobat|Crobat, M, shiny|12\/325
|
|turn|25
|c|âhelp im on drugs|no uturn
|c|âhelp im on drugs|also idk if I have rocks on this team
|c|âULT Bob|rocks blis obv
|c|âhelp im on drugs|oh you're right
|c|âhelp im on drugs|ty
|
|move|p1a: bob the brobat|Roost|p1a: bob the brobat
|-heal|p1a: bob the brobat|175\/325
|move|p2a: Hydreigon|Dark Pulse|p1a: bob the brobat
|-damage|p1a: bob the brobat|0 fnt
|-damage|p2a: Hydreigon|81\/325|[from] item: Life Orb
|faint|p1a: bob the brobat
|
|c|âhelp im on drugs|!learn crobat, defog
|raw|<div class="infobox">Crobat <span class="message-learn-canlearn">can<\/span> learn Defog only when obtained from:<ul class="message-learn-list"><li>gen 5 egg: aerodactyl, archen, braviary, chatot, ...<li>gen 6 egg<li>any generation before 5<\/ul><\/div>
|c|âULT Bob|fuuuuk
|c|âhelp im on drugs|what did you predict
|c|âhelp im on drugs|cuz I was gunna try and think and then gave up
|c|âULT Bob|switch
|c|âhelp im on drugs|o
|c|âULT Bob|so i die to bb
|c|âhelp im on drugs|ya I figured
|c|âhelp im on drugs|you die to bb if u kill me
|c|âhelp im on drugs|or you defog and die
|c|âhelp im on drugs|or you crosspsn and I die
|c|âhelp im on drugs|and cri
|c| help im on drugs 2|plz
|c| help im on drugs 2|more hazards
|c|âhelp im on drugs|ok!
|c| help im on drugs 2|sset them up!
|c|âhelp im on drugs|aye aye captain!
|c|âULT Bob|do you even have draco
|c|âhelp im on drugs|yes
|c|âhelp im on drugs|draco pulse taunt roost
|c|âULT Bob|oh
|c|âhelp im on drugs|my lefties set doesn't have rdaco
|c|âULT Bob|idk what to do
|c|âULT Bob|help pls dmt
|
|switch|p1a: fat fuck|Aggron, M, shiny|207\/344
|-damage|p1a: fat fuck|164\/344|[from] Spikes
|turn|26
|c|âhelp im on drugs|go to
|c|âhelp im on drugs|bliss
|c|âhelp im on drugs|oh not this
|c|âhelp im on drugs|no not this this is the wrong play
|
|detailschange|p1a: fat fuck|Aggron-Mega, M, shiny
|-mega|p1a: fat fuck|Aggron|Aggronite
|move|p2a: Hydreigon|Dark Pulse|p1a: fat fuck
|-damage|p1a: fat fuck|15\/344
|-damage|p2a: Hydreigon|49\/325|[from] item: Life Orb
|move|p1a: fat fuck|Heavy Slam|p2a: Hydreigon
|-damage|p2a: Hydreigon|0 fnt
|faint|p2a: Hydreigon
|
|c|âhelp im on drugs|wtf
|c|âhelp im on drugs|I didn't flinch
|c|âhelp im on drugs|r u fukin kittin me
|c|âhelp im on drugs|right meow
|c|âhelp im on drugs|oh
|c|âhelp im on drugs|I lost my fly mon
|c|âhelp im on drugs|so I lose to krook
|c| help im on drugs 2|blame the hax meanies
|
|switch|p2a: Blissey|Blissey, F|714\/714
|turn|27
|
|move|p2a: Blissey|Seismic Toss|p1a: fat fuck
|-damage|p1a: fat fuck|0 fnt
|faint|p1a: fat fuck
|
|c|âhelp im on drugs|bob
|c|âhelp im on drugs|make my team better
|c|âhelp im on drugs|I will make urs better
|c|âULT Bob|idk
|c| help im on drugs 2|jbobs team is shit
|c|âULT Bob|crotomb is bad
|c| help im on drugs 2|u just choked
|c|âhelp im on drugs|o
|
|switch|p1a: The Don|Krookodile, F, shiny|331\/331
|-damage|p1a: The Don|290\/331|[from] Spikes
|-ability|p1a: The Don|Intimidate|[of] p2a: Blissey
|-unboost|p2a: Blissey|atk|1
|turn|28
|
|move|p2a: Blissey|Protect|p2a: Blissey
|-singleturn|p2a: Blissey|Protect
|move|p1a: The Don|Earthquake|p2a: Blissey
|-activate|p2a: Blissey|Protect
|
|turn|29
|c|âULT Bob|are you counter???
|c|âhelp im on drugs|no
|c|âhelp im on drugs|rox
|c|âULT Bob|oh
|
|move|p1a: The Don|Earthquake|p2a: Blissey
|-damage|p2a: Blissey|267\/714
|move|p2a: Blissey|Wish|p2a: Blissey
|
|-heal|p2a: Blissey|311\/714|[from] item: Leftovers
|turn|30
|
|switch|p2a: Forretress|Forretress, M|212\/354
|move|p1a: The Don|Earthquake|p2a: Forretress
|-damage|p2a: Forretress|70\/354
|
|-heal|p2a: Forretress|354\/354|[from] move: Wish|[wisher] Blissey
|turn|31
|
|move|p1a: The Don|Earthquake|p2a: Forretress
|-damage|p2a: Forretress|206\/354
|move|p2a: Forretress|Spikes|p1a: The Don
|-sidestart|p1: ULT Bob|Spikes
|
|turn|32
|c|âULT Bob|pls dmt
|
|move|p1a: The Don|Earthquake|p2a: Forretress
|-damage|p2a: Forretress|77\/354
|move|p2a: Forretress|Toxic|p1a: The Don|[miss]
|-miss|p2a: Forretress|p1a: The Don
|
|turn|33
|c|âhelp im on drugs|>?!?!
|c|âhelp im on drugs|fuck!
|c| help im on drugs 2|gg
|
|move|p1a: The Don|Earthquake|p2a: Forretress
|-damage|p2a: Forretress|0 fnt
|faint|p2a: Forretress
|
|
|switch|p2a: Mienshao|Mienshao, M|271\/271
|turn|34
|
|move|p2a: Mienshao|High Jump Kick|p1a: The Don
|-supereffective|p1a: The Don
|-damage|p1a: The Don|0 fnt
|faint|p1a: The Don
|
|c| DrReuniclus3|oof
|
|switch|p1a: cabbage tinkerbell|Celebi|341\/341
|-damage|p1a: cabbage tinkerbell|285\/341|[from] Spikes
|turn|35
|c|âULT Bob|oh
|c|âhelp im on drugs|I honestly forgot celebi was psychic
|c| help im on drugs 2|wot
|c| help im on drugs 2|u lose to crotomb
|c| help im on drugs 2|now bob
|
|switch|p2a: Blissey|Blissey, F|311\/714
|move|p1a: cabbage tinkerbell|Swords Dance|p1a: cabbage tinkerbell
|-boost|p1a: cabbage tinkerbell|atk|2
|
|-heal|p1a: cabbage tinkerbell|306\/341|[from] item: Leftovers
|-heal|p2a: Blissey|355\/714|[from] item: Leftovers
|turn|36
|c| help im on drugs 2|shrekekeke
|c|âhelp im on drugs|no
|c|âhelp im on drugs|he does not
|c|âhelp im on drugs|huehuehue
|c| help im on drugs 2|oh
|c| help im on drugs 2|sd
|
|move|p1a: cabbage tinkerbell|Swords Dance|p1a: cabbage tinkerbell
|-boost|p1a: cabbage tinkerbell|atk|2
|move|p2a: Blissey|Wish|p2a: Blissey
|
|-heal|p1a: cabbage tinkerbell|327\/341|[from] item: Leftovers
|-heal|p2a: Blissey|399\/714|[from] item: Leftovers
|turn|37
|
|move|p1a: cabbage tinkerbell|Seed Bomb|p2a: Blissey
|-damage|p2a: Blissey|0 fnt
|faint|p2a: Blissey
|
|-heal|p1a: cabbage tinkerbell|341\/341|[from] item: Leftovers
|
|switch|p2a: Mienshao|Mienshao, M|271\/271
|turn|38
|
|move|p2a: Mienshao|U-turn|p1a: cabbage tinkerbell
|-supereffective|p1a: cabbage tinkerbell
|-damage|p1a: cabbage tinkerbell|97\/341
|
|switch|p2a: Krookodile|Krookodile, M|271\/331 tox
|-ability|p2a: Krookodile|Intimidate|[of] p1a: cabbage tinkerbell
|-unboost|p1a: cabbage tinkerbell|atk|1
|move|p1a: cabbage tinkerbell|Recover|p1a: cabbage tinkerbell
|-heal|p1a: cabbage tinkerbell|268\/341
|
|-heal|p1a: cabbage tinkerbell|289\/341|[from] item: Leftovers
|-damage|p2a: Krookodile|251\/331 tox|[from] psn
|turn|39
|c|âULT Bob|ez
|c|âhelp im on drugs|!1
|
|move|p1a: cabbage tinkerbell|Seed Bomb|p2a: Krookodile
|-supereffective|p2a: Krookodile
|-damage|p2a: Krookodile|0 fnt
|faint|p2a: Krookodile
|
|-heal|p1a: cabbage tinkerbell|310\/341|[from] item: Leftovers
|
|switch|p2a: Mienshao|Mienshao, M|271\/271
|turn|40
|c|âhelp im on drugs|gg!
|c| help im on drugs 2|crit
|c| help im on drugs 2|n u win
|c|âhelp im on drugs|o
|c|âULT Bob|reveal crit
|c|âhelp im on drugs|wait
|c|âhelp im on drugs|do I uturn or knock
|join|newfren
|join|Fire Lord Mako
|c|âhelp im on drugs|cuz i was gunna knock
|c| newfren|dmt
|c|âhelp im on drugs|knock has higher crit chance
|c| help im on drugs 2|knock dont kill
|c| newfren|r u going
|
|move|p2a: Mienshao|U-turn|p1a: cabbage tinkerbell
|-supereffective|p1a: cabbage tinkerbell
|-damage|p1a: cabbage tinkerbell|62\/341
|c| newfren|to lose
|c| newfren|here
|c|âhelp im on drugs|yes
|
|switch|p2a: Spiritomb|Spiritomb, M|84\/304 slp
|move|p1a: cabbage tinkerbell|Recover|p1a: cabbage tinkerbell
|-heal|p1a: cabbage tinkerbell|233\/341
|
|-heal|p1a: cabbage tinkerbell|254\/341|[from] item: Leftovers
|turn|41
|c|âhelp im on drugs|oh wtf
|c| newfren|ah ok
|c|âhelp im on drugs|uturn makes you switch out
|c|âhelp im on drugs|right
|c| newfren|how did he get to
|
|move|p1a: cabbage tinkerbell|Seed Bomb|p2a: Spiritomb
|-damage|p2a: Spiritomb|0 fnt
|faint|p2a: Spiritomb
|
|-heal|p1a: cabbage tinkerbell|275\/341|[from] item: Leftovers
|
|switch|p2a: Mienshao|Mienshao, M|271\/271
|turn|42
|c| newfren|+3
|c| help im on drugs 2|choked
|c|âhelp im on drugs|I let him use
|c|âULT Bob|no crit
|c|âhelp im on drugs|!dt swords dance
|c|~|\/data-move Swords Dance
|raw|<font size="1"><font color=#585858>Priority:<\/font> 0&nbsp;|&ThickSpace;<font color=#585858>Target:<\/font> User<\/font>
|
|move|p2a: Mienshao|High Jump Kick|p1a: cabbage tinkerbell
|-crit|p1a: cabbage tinkerbell
|-resisted|p1a: cabbage tinkerbell
|-damage|p1a: cabbage tinkerbell|102\/341
|move|p1a: cabbage tinkerbell|Seed Bomb|p2a: Mienshao
|-damage|p2a: Mienshao|0 fnt
|faint|p2a: Mienshao
|
|win|ULT Bob
|raw|Ladder updating...
|raw|ULT Bob's rating: 1615 &rarr; <strong>1625<\/strong><br \/>(+10 for winning)
|raw|help im on drugs's rating: 1408 &rarr; <strong>1398<\/strong><br \/>(-10 for losing)
|c|âhelp im on drugs|crit
|c|âhelp im on drugs|nb
|c| DrReuniclus3|o
|c| help im on drugs 2|lOL
|c|âULT Bob|ffs
|c|âhelp im on drugs|gg!
|c| DrReuniclus3|nice crit
|c| DrReuniclus3|!!!
|leave|help im on drugs
|player|p2
|leave|ULT Bob
|player|p1
|leave|DrReuniclus3
|leave|ult kingt
|join|ULT Bob
|leave|newfren
|leave|help im on drugs 2
|leave|Fire Lord Mako