|join|help im on drugs
|join|Swagtaria
|player|p1|help im on drugs|184
|player|p2|Swagtaria|206
|gametype|singles
|gen|6
|tier|UU
|rated
|rule|Sleep Clause Mod: Limit one foe put to sleep
|rule|Species Clause: Limit one of each PokÃ©mon
|rule|OHKO Clause: OHKO moves are banned
|rule|Moody Clause: Moody is banned
|rule|Evasion Moves Clause: Evasion moves are banned
|rule|Endless Battle Clause: Forcing endless battles is banned
|rule|HP Percentage Mod: HP is shown in percentages
|clearpoke
|poke|p1|Jirachi
|poke|p1|Suicune
|poke|p1|Lucario, M
|poke|p1|Swampert, M
|poke|p1|Crobat, M
|poke|p1|Machamp, M
|poke|p2|Krookodile, M
|poke|p2|Mienshao, F
|poke|p2|Whimsicott, F
|poke|p2|Blastoise, M
|poke|p2|Rotom-Heat
|poke|p2|Jirachi
|rule|Swagger Clause: Swagger is banned
|rule|Baton Pass Clause: Limit one PokÃ©mon knowing Baton Pass
|teampreview
|join|watfor
|join|Emma Bae â¥
|join|newfren
|join|lil bob
|c| newfren|in
|join|DatGuyChuck
|join|im on drugs help
|c| im on drugs help|HI BROTHER
|
|start
|switch|p1a: Machamp|Machamp, M|321\/321
|switch|p2a: Mienshao|Mienshao, F|272\/272
|turn|1
|c| Emma Bae â¥|OMG
|c| Emma Bae â¥|IS THAT THE REAL
|c| Emma Bae â¥|SWAGTARIA
|c|âSwagtaria|Wow is this player I'm battling some kind of good guy
|c| lil bob|oh
|c|âhelp im on drugs|I"M COOOOOOOOOOOOOL
|c| Emma Bae â¥|shofu
|c| im on drugs help|the best good guy
|c| newfren|no he's really bad
|c| lil bob|thats my cash money team
|c| DatGuyChuck|twitter.com\/smogondmt
|c| Emma Bae â¥|lol
|c| DatGuyChuck|hes a terrible player
|c| newfren|sometimes he accidentally wins games
|c| Emma Bae â¥|^
|c| DatGuyChuck|dont follow him on twitter
|
|move|p2a: Mienshao|U-turn|p1a: Machamp
|-resisted|p1a: Machamp
|-damage|p1a: Machamp|275\/321
|c| lil bob|easiest cc
|c| lil bob|of your life
|c| Emma Bae â¥|i bet he thunder punched
|c| Emma Bae â¥|cause hes dmt
|c| newfren|chose your fodder
|c|âSwagtaria|I'm not a twitter guy
|
|switch|p2a: Rotom-Heat|Rotom-Heat|303\/303
|move|p1a: Machamp|Close Combat|p2a: Rotom-Heat
|-damage|p2a: Rotom-Heat|27\/303
|-unboost|p1a: Machamp|def|1
|-unboost|p1a: Machamp|spd|1
|
|-heal|p2a: Rotom-Heat|45\/303|[from] item: Leftovers
|turn|2
|c| lil bob|ice punc imo
|c| DatGuyChuck|nice fodder
|c| Emma Bae â¥|survival
|c| lil bob|ok you outrun this
|c| newfren|bullet punch
|c| newfren|reveal av
|c| lil bob|hes defensive
|
|move|p2a: Rotom-Heat|Overheat|p1a: Machamp
|-damage|p1a: Machamp|0 fnt
|-unboost|p2a: Rotom-Heat|spa|2
|faint|p1a: Machamp
|
|-heal|p2a: Rotom-Heat|63\/303|[from] item: Leftovers
|c| Emma Bae â¥|Ahaha
|c| lil bob|rip
|c| lil bob|i give bad advice
|
|switch|p1a: Lucario|Lucario, M|281\/281
|turn|3
|c| im on drugs help|he hit that overheat, wow. No guard CC imo
|c| lil bob|oh wait
|c| Emma Bae â¥|lil bob: ok you outrun this
|c|âSwagtaria|wait is dis guy shofu
|c| lil bob|rotom is 86 base
|c| Emma Bae â¥|yes
|c| lil bob|not 85
|c| DatGuyChuck|Swagtaria yes
|c| newfren|this guys' shofu
|c|âSwagtaria|REALLY???
|c|âSwagtaria|ksjfdkajfdsl
|c|âSwagtaria|lksjfklsaf
|c| im on drugs help|youtube.com\/NOTBLAMETRUTH
|c| newfren|eikhgekrjgerk
|c| newfren|oasdhfsdoijf
|c| newfren|erjngelrkgn
|c|âhelp im on drugs|:]
|c| Emma Bae â¥|lol
|c|âSwagtaria|I'm jumping so bad right now
|c| newfren|I'm pretty excited too
|c| im on drugs help|LOL
|c|âSwagtaria|Please dun tell me you will put this on Youtube
|
|move|p1a: Lucario|Close Combat|p2a: Rotom-Heat
|-damage|p2a: Rotom-Heat|0 fnt
|-unboost|p1a: Lucario|def|1
|-unboost|p1a: Lucario|spd|1
|-damage|p1a: Lucario|253\/281|[from] item: Life Orb
|faint|p2a: Rotom-Heat
|
|c|âhelp im on drugs|:]
|c| Emma Bae â¥|in 4 hours
|c| im on drugs help|say hi to your mom
|c|âSwagtaria|HI
|
|switch|p2a: Krookodile|Krookodile, M|345\/345
|turn|4
|c|âSwagtaria|I'm pretty excited tbh
|c| lil bob|vacuum wave
|c| newfren|he's mixed
|
|switch|p1a: Crobat|Crobat, M|325\/325
|move|p2a: Krookodile|Earthquake|p1a: Crobat
|-immune|p1a: Crobat|[msg]
|
|turn|5
|c| newfren|careful swag!
|join|The Voice Of Life
|c| Emma Bae â¥|^
|c|âSwagtaria|the trolls
|c| The Voice Of Life|:\
|
|switch|p2a: Jirachi|Jirachi|401\/401
|move|p1a: Crobat|Brave Bird|p2a: Jirachi
|-resisted|p2a: Jirachi
|-damage|p2a: Jirachi|314\/401
|-damage|p1a: Crobat|296\/325|[from] recoil|[of] p2a: Jirachi
|
|-heal|p1a: Crobat|316\/325|[from] item: Black Sludge
|-heal|p2a: Jirachi|339\/401|[from] item: Leftovers
|turn|6
|
|switch|p1a: Jirachi|Jirachi|341\/341
|move|p2a: Jirachi|Stealth Rock|p1a: Jirachi
|-sidestart|p1: help im on drugs|move: Stealth Rock
|
|-heal|p2a: Jirachi|364\/401|[from] item: Leftovers
|turn|7
|
|move|p1a: Jirachi|U-turn|p2a: Jirachi
|-damage|p2a: Jirachi|292\/401
|
|switch|p1a: Swampert|Swampert, M|404\/404
|-damage|p1a: Swampert|379\/404|[from] Stealth Rock
|move|p2a: Jirachi|U-turn|p1a: Swampert
|-damage|p1a: Swampert|340\/404
|
|switch|p2a: Whimsicott|Whimsicott, F|263\/263
|
|-heal|p1a: Swampert|365\/404|[from] item: Leftovers
|turn|8
|c| The Voice Of Life|Switch into Crobat
|c| newfren|double to stoise
|c| newfren|@swag
|
|switch|p1a: Jirachi|Jirachi|341\/341
|-damage|p1a: Jirachi|320\/341|[from] Stealth Rock
|move|p2a: Whimsicott|U-turn|p1a: Jirachi
|-damage|p1a: Jirachi|287\/341
|join|oddish is the best
|c| newfren|do it or u aren't cool
|c| newfren|didn't even double
|
|switch|p2a: Blastoise|Blastoise, M|345\/345
|
|turn|9
|c| The Voice Of Life|Of course
|c| Emma Bae â¥|Shofu stay in
|
|detailschange|p2a: Blastoise|Blastoise-Mega, M
|-mega|p2a: Blastoise|Blastoise|Blastoisinite
|move|p1a: Jirachi|U-turn|p2a: Blastoise
|-damage|p2a: Blastoise|289\/345
|
|switch|p1a: Swampert|Swampert, M|365\/404
|-damage|p1a: Swampert|340\/404|[from] Stealth Rock
|move|p2a: Blastoise|Water Pulse|p1a: Swampert
|-damage|p1a: Swampert|144\/404
|-start|p1a: Swampert|confusion
|
|-heal|p1a: Swampert|169\/404|[from] item: Leftovers
|turn|10
|c| The Voice Of Life|What?
|c| DatGuyChuck|wow
|
|move|p2a: Blastoise|Water Pulse|p1a: Swampert
|-crit|p1a: Swampert
|-damage|p1a: Swampert|0 fnt
|faint|p1a: Swampert
|
|c| DatGuyChuck|serene grace blastoise
|c| oddish is the best|wait so is dmt
|c| DatGuyChuck|confirmmed
|c| oddish is the best|shofu
|
|switch|p1a: Suicune|Suicune|401\/401
|-damage|p1a: Suicune|351\/401|[from] Stealth Rock
|-ability|p1a: Suicune|Pressure
|turn|11
|c|âSwagtaria|Predicted lucario
|c| DatGuyChuck|oddish
|c| oddish is the best|someone help me
|c| DatGuyChuck|who is dmt
|c| oddish is the best|is it a joke
|c| DatGuyChuck|this is shofu
|c| The Voice Of Life|That's Shofu?
|c| im on drugs help|dmt = shofu = blametruth confirmed
|c| lil bob|dmt is shofu and bt
|
|switch|p2a: Whimsicott|Whimsicott, F|263\/263
|move|p1a: Suicune|Calm Mind|p1a: Suicune
|-boost|p1a: Suicune|spa|1
|-boost|p1a: Suicune|spd|1
|
|-heal|p1a: Suicune|376\/401|[from] item: Leftovers
|turn|12
|c| DatGuyChuck|not this "dmt" clown
|c| The Voice Of Life|Are you kidding me
|
|switch|p1a: Jirachi|Jirachi|287\/341
|-damage|p1a: Jirachi|266\/341|[from] Stealth Rock
|move|p2a: Whimsicott|Encore|p1a: Jirachi
|-fail|p1a: Jirachi
|
|turn|13
|c|âSwagtaria|wow this is basically awesome
|
|switch|p2a: Jirachi|Jirachi|292\/401
|move|p1a: Jirachi|Iron Head|p2a: Jirachi
|-resisted|p2a: Jirachi
|-damage|p2a: Jirachi|236\/401
|
|-heal|p2a: Jirachi|261\/401|[from] item: Leftovers
|turn|14
|c| DatGuyChuck|no
|c| DatGuyChuck|its not basically awesome
|c| DatGuyChuck|it is awesome
|c| newfren|flinch it
|c| newfren|all the way
|c| oddish is the best|so he;s not shofu rip
|c| The Voice Of Life|Why are there so many spectators here?
|c| newfren|down
|c| newfren|why are you here voice
|c|âSwagtaria|Yeah that's quite baffling
|c| oddish is the best|because dmt has an *aura*
|c| The Voice Of Life|I really dont know
|c|âSwagtaria|Why r there a lot of people here?
|
|move|p1a: Jirachi|Iron Head|p2a: Jirachi
|-resisted|p2a: Jirachi
|-damage|p2a: Jirachi|197\/401
|cant|p2a: Jirachi|flinch
|
|-heal|p2a: Jirachi|222\/401|[from] item: Leftovers
|turn|15
|c| lil bob|coz shofu is streaming
|c| The Voice Of Life|Exactly
|
|move|p1a: Jirachi|Iron Head|p2a: Jirachi
|-resisted|p2a: Jirachi
|-damage|p2a: Jirachi|159\/401
|cant|p2a: Jirachi|flinch
|
|-heal|p2a: Jirachi|184\/401|[from] item: Leftovers
|turn|16
|c|âSwagtaria|noice
|
|move|p1a: Jirachi|Iron Head|p2a: Jirachi
|-resisted|p2a: Jirachi
|-damage|p2a: Jirachi|124\/401
|cant|p2a: Jirachi|flinch
|
|-heal|p2a: Jirachi|149\/401|[from] item: Leftovers
|turn|17
|c| Emma Bae â¥|Shofu ur bad
|
|move|p1a: Jirachi|Iron Head|p2a: Jirachi
|-resisted|p2a: Jirachi
|-damage|p2a: Jirachi|86\/401
|cant|p2a: Jirachi|flinch
|
|-heal|p2a: Jirachi|111\/401|[from] item: Leftovers
|turn|18
|c| im on drugs help|1-800-CRY-MORE
|
|move|p1a: Jirachi|Iron Head|p2a: Jirachi
|-resisted|p2a: Jirachi
|-damage|p2a: Jirachi|57\/401
|move|p2a: Jirachi|U-turn|p1a: Jirachi
|-damage|p1a: Jirachi|216\/341
|c| The Voice Of Life|LOL
|
|switch|p2a: Mienshao|Mienshao, F|272\/272
|
|turn|19
|c|âSwagtaria|Where is shofu streaming?
|c| The Voice Of Life|^
|c| oddish is the best|^^
|c| lil bob|twitch
|
|move|p2a: Mienshao|U-turn|p1a: Jirachi
|-damage|p1a: Jirachi|136\/341
|
|switch|p2a: Jirachi|Jirachi|57\/401
|move|p1a: Jirachi|Iron Head|p2a: Jirachi
|-resisted|p2a: Jirachi
|-damage|p2a: Jirachi|0 fnt
|faint|p2a: Jirachi
|
|c| im on drugs help|twitch.tv\/blametruthisgod
|c|âSwagtaria|I'll look for that later
|
|switch|p2a: Mienshao|Mienshao, F|272\/272
|turn|20
|c| The Voice Of Life|Ah whatever
|c| im on drugs help|safe search off
|
|switch|p1a: Suicune|Suicune|376\/401
|-damage|p1a: Suicune|326\/401|[from] Stealth Rock
|-ability|p1a: Suicune|Pressure
|move|p2a: Mienshao|High Jump Kick|p1a: Suicune
|-damage|p1a: Suicune|158\/401
|
|-heal|p1a: Suicune|183\/401|[from] item: Leftovers
|turn|21
|c| The Voice Of Life|I'm not a fan if Shofu
|leave|The Voice Of Life
|c| im on drugs help|k den
|c| Emma Bae â¥|of*
|
|switch|p2a: Whimsicott|Whimsicott, F|263\/263
|move|p1a: Suicune|Rest|p1a: Suicune
|-status|p1a: Suicune|slp
|-heal|p1a: Suicune|401\/401 slp|[silent]
|-status|p1a: Suicune|slp|[from] move: Rest
|
|turn|22
|
|move|p2a: Whimsicott|Giga Drain|p1a: Suicune
|-supereffective|p1a: Suicune
|-damage|p1a: Suicune|239\/401 slp
|cant|p1a: Suicune|slp
|move|p1a: Suicune|Sleep Talk|p1a: Suicune
|move|p1a: Suicune|Scald|p2a: Whimsicott|[from]Sleep Talk
|-resisted|p2a: Whimsicott
|-damage|p2a: Whimsicott|206\/263
|
|-heal|p2a: Whimsicott|222\/263|[from] item: Leftovers
|-heal|p1a: Suicune|264\/401 slp|[from] item: Leftovers
|turn|23
|c| lil bob|no burn
|c| lil bob|hax
|
|switch|p1a: Crobat|Crobat, M|316\/325
|-damage|p1a: Crobat|235\/325|[from] Stealth Rock
|move|p2a: Whimsicott|Moonblast|p1a: Crobat
|-resisted|p1a: Crobat
|-damage|p1a: Crobat|157\/325
|
|-heal|p1a: Crobat|177\/325|[from] item: Black Sludge
|-heal|p2a: Whimsicott|238\/263|[from] item: Leftovers
|turn|24
|
|switch|p2a: Blastoise|Blastoise-Mega, M|289\/345
|move|p1a: Crobat|Defog|p2a: Blastoise
|-unboost|p2a: Blastoise|evasion|1
|-sideend|p1: help im on drugs|Stealth Rock|[from] move: Defog|[of] p1a: Crobat
|
|-heal|p1a: Crobat|197\/325|[from] item: Black Sludge
|turn|25
|
|switch|p1a: Suicune|Suicune|264\/401 slp
|-ability|p1a: Suicune|Pressure
|move|p2a: Blastoise|Water Pulse|p1a: Suicune
|-resisted|p1a: Suicune
|-damage|p1a: Suicune|189\/401 slp
|-start|p1a: Suicune|confusion
|
|-heal|p1a: Suicune|214\/401 slp|[from] item: Leftovers
|turn|26
|c| oddish is the best|why did you get rid of celebi :(
|
|switch|p1a: Lucario|Lucario, M|253\/281
|move|p2a: Blastoise|Dark Pulse|p1a: Lucario
|-resisted|p1a: Lucario
|-damage|p1a: Lucario|149\/281
|-boost|p1a: Lucario|atk|1|[from] ability: Justified
|
|turn|27
|c|âSwagtaria|oh sheeez
|c| lil bob|ez
|
|move|p1a: Lucario|Close Combat|p2a: Blastoise
|-damage|p2a: Blastoise|0 fnt
|-unboost|p1a: Lucario|def|1
|-unboost|p1a: Lucario|spd|1
|-damage|p1a: Lucario|121\/281|[from] item: Life Orb
|faint|p2a: Blastoise
|
|c| newfren|because he likes losing to stoise
|
|switch|p2a: Krookodile|Krookodile, M|345\/345
|turn|28
|c| Emma Bae â¥|welplaid shofu
|c| newfren|does espeed kill
|c| newfren|probably not
|c| lil bob|no
|c| watfor|n
|c| newfren|does pursuit
|c| newfren|probably
|c| Emma Bae â¥|pursuit kills
|
|move|p1a: Lucario|Extreme Speed|p2a: Krookodile
|-damage|p2a: Krookodile|119\/345
|-damage|p1a: Lucario|93\/281|[from] item: Life Orb
|move|p2a: Krookodile|Superpower|p1a: Lucario
|-supereffective|p1a: Lucario
|-damage|p1a: Lucario|0 fnt
|-unboost|p2a: Krookodile|atk|1
|-unboost|p2a: Krookodile|def|1
|faint|p1a: Lucario
|-boost|p2a: Krookodile|atk|1|[from] ability: Moxie
|
|c| Emma Bae â¥|mfw
|c| lil bob|k nasty plot bat here
|
|switch|p1a: Crobat|Crobat, M|197\/325
|turn|29
|
|move|p2a: Krookodile|Superpower|p1a: Crobat
|-resisted|p1a: Crobat
|-damage|p1a: Crobat|159\/325
|-unboost|p2a: Krookodile|atk|1
|-unboost|p2a: Krookodile|def|1
|move|p1a: Crobat|Roost|p1a: Crobat
|-heal|p1a: Crobat|322\/325
|
|-heal|p1a: Crobat|325\/325|[from] item: Black Sludge
|turn|30
|c| newfren|#saccingwincons
|
|switch|p2a: Whimsicott|Whimsicott, F|238\/263
|switch|p1a: Suicune|Suicune|214\/401 slp
|-ability|p1a: Suicune|Pressure
|
|-heal|p2a: Whimsicott|254\/263|[from] item: Leftovers
|-heal|p1a: Suicune|239\/401 slp|[from] item: Leftovers
|turn|31
|c| watfor|w0t
|c| DatGuyChuck|bill
|c| Emma Bae â¥|o.o
|c| newfren|dmt forgot which button
|c| DatGuyChuck|what are you talking about
|c| newfren|was brave bird
|
|switch|p1a: Jirachi|Jirachi|136\/341
|move|p2a: Whimsicott|Giga Drain|p1a: Jirachi
|-resisted|p1a: Jirachi
|-damage|p1a: Jirachi|92\/341
|-heal|p2a: Whimsicott|263\/263|[from] drain|[of] p1a: Jirachi
|
|turn|32
|c| newfren|so he switched
|
|switch|p2a: Krookodile|Krookodile, M|119\/345
|move|p1a: Jirachi|Iron Head|p2a: Krookodile
|-damage|p2a: Krookodile|0 fnt
|faint|p2a: Krookodile
|
|c| DatGuyChuck|its k
|
|switch|p2a: Mienshao|Mienshao, F|272\/272
|turn|33
|c| DatGuyChuck|dmt wins here anyway
|
|switch|p1a: Suicune|Suicune|239\/401 slp
|-ability|p1a: Suicune|Pressure
|move|p2a: Mienshao|Knock Off|p1a: Suicune
|-damage|p1a: Suicune|164\/401 slp
|-enditem|p1a: Suicune|Leftovers|[from] move: Knock Off|[of] p2a: Mienshao
|
|turn|34
|
|switch|p1a: Jirachi|Jirachi|92\/341
|move|p2a: Mienshao|Knock Off|p1a: Jirachi
|-supereffective|p1a: Jirachi
|-damage|p1a: Jirachi|0 fnt
|-enditem|p1a: Jirachi|Choice Scarf|[from] move: Knock Off|[of] p2a: Mienshao
|faint|p1a: Jirachi
|
|c| lil bob|wut
|
|switch|p1a: Crobat|Crobat, M|325\/325
|turn|35
|c| DatGuyChuck|wut
|c| lil bob|no reason not to sac cune
|c| DatGuyChuck|^
|c|âhelp im on drugs|i no
|c|âhelp im on drugs|heheheheh
|
|switch|p2a: Whimsicott|Whimsicott, F|263\/263
|move|p1a: Crobat|Brave Bird|p2a: Whimsicott
|-crit|p2a: Whimsicott
|-supereffective|p2a: Whimsicott
|-damage|p2a: Whimsicott|0 fnt
|-damage|p1a: Crobat|238\/325|[from] recoil|[of] p2a: Whimsicott
|faint|p2a: Whimsicott
|
|-heal|p1a: Crobat|258\/325|[from] item: Black Sludge
|c| newfren|heheheheheheheheheh
|
|switch|p2a: Mienshao|Mienshao, F|272\/272
|turn|36
|c|âhelp im on drugs|http:\/\/puu.sh\/eDnXH\/0912cc384b.jpg
|
|move|p2a: Mienshao|Stone Edge|p1a: Crobat
|-crit|p1a: Crobat
|-supereffective|p1a: Crobat
|-damage|p1a: Crobat|0 fnt
|faint|p1a: Crobat
|
|c| DatGuyChuck|rekt
|c| DatGuyChuck|rekt
|
|switch|p1a: Suicune|Suicune|164\/401 slp
|-ability|p1a: Suicune|Pressure
|turn|37
|c| DatGuyChuck|rekt
|c| DatGuyChuck|rekt
|c| newfren|dmt I think
|c| DatGuyChuck|rekt
|c| DatGuyChuck|rekt
|c| newfren|you might
|c| DatGuyChuck|rekt
|c| newfren|not
|c| DatGuyChuck|rekt
|
|move|p2a: Mienshao|Stone Edge|p1a: Suicune
|-damage|p1a: Suicune|85\/401 slp
|cant|p1a: Suicune|slp
|move|p1a: Suicune|Sleep Talk|p1a: Suicune
|move|p1a: Suicune|Rest|p1a: Suicune|[from]Sleep Talk
|-fail|p1a: Suicune
|
|turn|38
|c| newfren|win
|join|DM35
|c| lil bob|ez pp stall
|c|âSwagtaria|gg shofu
|
|move|p2a: Mienshao|Stone Edge|p1a: Suicune
|-damage|p1a: Suicune|5\/401 slp
|-curestatus|p1a: Suicune|slp
|move|p1a: Suicune|Rest|p1a: Suicune
|-status|p1a: Suicune|slp
|-heal|p1a: Suicune|401\/401 slp|[silent]
|-status|p1a: Suicune|slp|[from] move: Rest
|
|turn|39
|c| DatGuyChuck|no.
|c| DatGuyChuck|not gg.
|c|âhelp im on drugs|gg man :]
|
|move|p2a: Mienshao|Stone Edge|p1a: Suicune
|-damage|p1a: Suicune|322\/401 slp
|cant|p1a: Suicune|slp
|move|p1a: Suicune|Sleep Talk|p1a: Suicune
|move|p1a: Suicune|Rest|p1a: Suicune|[from]Sleep Talk
|-fail|p1a: Suicune
|
|turn|40
|c| newfren|pp stall him
|
|move|p2a: Mienshao|Stone Edge|p1a: Suicune|[miss]
|-miss|p2a: Mienshao|p1a: Suicune
|cant|p1a: Suicune|slp
|move|p1a: Suicune|Sleep Talk|p1a: Suicune
|move|p1a: Suicune|Scald|p2a: Mienshao|[from]Sleep Talk
|-damage|p2a: Mienshao|149\/272
|
|turn|41
|c| newfren|or you aren't real
|c| DatGuyChuck|nice scalds
|c| oddish is the best|lolz
|
|move|p2a: Mienshao|Struggle|p1a: Suicune
|-damage|p1a: Suicune|282\/401 slp
|-damage|p2a: Mienshao|81\/272
|-curestatus|p1a: Suicune|slp
|move|p1a: Suicune|Scald|p2a: Mienshao
|-damage|p2a: Mienshao|0 fnt
|faint|p2a: Mienshao
|
|win|help im on drugs
|raw|Ladder updating...
|join|Dream Eater Gengar
|c| lil bob|rest
|raw|help im on drugs's rating: 1413 &rarr; <strong>1431<\/strong><br \/>(+18 for winning)
|raw|Swagtaria's rating: 1372 &rarr; <strong>1354<\/strong><br \/>(-18 for losing)
|leave|im on drugs help
|c|âSwagtaria|nice meeting yeah
|leave|watfor