|join|some weird shit
|join|sniperaim
|player|p1|some weird shit|171
|player|p2|sniperaim|220
|gametype|singles
|gen|6
|tier|UU
|rated
|rule|Sleep Clause Mod: Limit one foe put to sleep
|rule|Species Clause: Limit one of each PokÃ©mon
|rule|OHKO Clause: OHKO moves are banned
|rule|Moody Clause: Moody is banned
|rule|Evasion Moves Clause: Evasion moves are banned
|rule|Endless Battle Clause: Forcing endless battles is banned
|rule|HP Percentage Mod: HP is shown in percentages
|clearpoke
|poke|p1|Mienshao, M
|poke|p1|Empoleon, F
|poke|p1|Pidgeot, M
|poke|p1|Krookodile, M
|poke|p1|Florges, F
|poke|p1|Zygarde
|poke|p2|Zygarde
|poke|p2|Ampharos, M
|poke|p2|Uxie
|poke|p2|Jirachi
|poke|p2|Suicune
|poke|p2|Gligar, M
|rule|Swagger Clause: Swagger is banned
|rule|Baton Pass Clause: Limit one PokÃ©mon knowing Baton Pass
|teampreview
|join|THE_iTodd
|c| THE_iTodd|god dud
|join|SmashBrosBrawl
|c| THE_iTodd|i mean
|c| THE_iTodd|go dud
|c|âsome weird shit|o
|c|âsome weird shit|hi
|c| THE_iTodd|hi
|
|start
|switch|p1a: Krookodile|Krookodile, M|331\/331
|switch|p2a: Suicune|Suicune|356\/356
|-ability|p1a: Krookodile|Intimidate|[of] p2a: Suicune
|-unboost|p2a: Suicune|atk|1
|-ability|p2a: Suicune|Pressure
|turn|1
|c|âsniperaim|hi
|c| THE_iTodd|is this ladder?
|
|switch|p1a: Empoleon|Empoleon, F|361\/361
|move|p2a: Suicune|Scald|p1a: Empoleon
|-resisted|p1a: Empoleon
|-damage|p1a: Empoleon|302\/361
|
|-heal|p1a: Empoleon|324\/361|[from] item: Leftovers
|turn|2
|c| THE_iTodd|hi snapper
|c|âsniperaim|yes
|
|switch|p2a: Uxie|Uxie|354\/354
|move|p1a: Empoleon|Stealth Rock|p2a: Uxie
|-sidestart|p2: sniperaim|move: Stealth Rock
|
|-heal|p1a: Empoleon|346\/361|[from] item: Leftovers
|turn|3
|c| THE_iTodd|you got unlucky
|
|switch|p1a: Krookodile|Krookodile, M|331\/331
|-ability|p1a: Krookodile|Intimidate|[of] p2a: Uxie
|-unboost|p2a: Uxie|atk|1
|move|p2a: Uxie|Stealth Rock|p1a: Krookodile
|-sidestart|p1: some weird shit|move: Stealth Rock
|
|turn|4
|c|+SmashBrosBrawl|wait
|c|+SmashBrosBrawl|it was
|c|+SmashBrosBrawl|offensive empy
|
|move|p1a: Krookodile|Knock Off|p2a: Uxie
|-supereffective|p2a: Uxie
|-damage|p2a: Uxie|64\/354
|-enditem|p2a: Uxie|Leftovers|[from] move: Knock Off|[of] p1a: Krookodile
|move|p2a: Uxie|U-turn|p1a: Krookodile
|-supereffective|p1a: Krookodile
|-damage|p1a: Krookodile|269\/331
|
|switch|p2a: Suicune|Suicune|356\/356
|-damage|p2a: Suicune|312\/356|[from] Stealth Rock
|-ability|p2a: Suicune|Pressure
|
|-heal|p2a: Suicune|334\/356|[from] item: Leftovers
|turn|5
|
|switch|p1a: Empoleon|Empoleon, F|346\/361
|-damage|p1a: Empoleon|324\/361|[from] Stealth Rock
|move|p2a: Suicune|Scald|p1a: Empoleon
|-resisted|p1a: Empoleon
|-damage|p1a: Empoleon|267\/361
|
|-heal|p2a: Suicune|356\/356|[from] item: Leftovers
|-heal|p1a: Empoleon|289\/361|[from] item: Leftovers
|turn|6
|
|move|p2a: Suicune|Scald|p1a: Empoleon
|-resisted|p1a: Empoleon
|-damage|p1a: Empoleon|229\/361
|-status|p1a: Empoleon|brn
|move|p1a: Empoleon|Grass Knot|p2a: Suicune
|-supereffective|p2a: Suicune
|-damage|p2a: Suicune|140\/356
|
|-heal|p2a: Suicune|162\/356|[from] item: Leftovers
|-heal|p1a: Empoleon|251\/361 brn|[from] item: Leftovers
|-damage|p1a: Empoleon|206\/361 brn|[from] brn
|turn|7
|c| THE_iTodd|oh
|c| THE_iTodd|shit
|
|switch|p2a: Uxie|Uxie|64\/354
|-damage|p2a: Uxie|20\/354|[from] Stealth Rock
|move|p1a: Empoleon|Hydro Pump|p2a: Uxie
|-damage|p2a: Uxie|0 fnt
|faint|p2a: Uxie
|
|-heal|p1a: Empoleon|228\/361 brn|[from] item: Leftovers
|-damage|p1a: Empoleon|183\/361 brn|[from] brn
|c|+SmashBrosBrawl|fucking
|c|+SmashBrosBrawl|in
|
|switch|p2a: Ampharos|Ampharos, M|350\/350
|-damage|p2a: Ampharos|307\/350|[from] Stealth Rock
|turn|8
|c|âsome weird shit|KEK
|c|+SmashBrosBrawl|dod
|c|+SmashBrosBrawl|run expert belt
|c|+SmashBrosBrawl|imho
|
|switch|p1a: Krookodile|Krookodile, M|269\/331
|-damage|p1a: Krookodile|249\/331|[from] Stealth Rock
|-ability|p1a: Krookodile|Intimidate|[of] p2a: Ampharos
|-unboost|p2a: Ampharos|atk|1
|detailschange|p2a: Ampharos|Ampharos-Mega, M
|message|Ampharos has Mega Evolved into Mega Ampharos!
|-ability|p2a: Ampharos|Mold Breaker
|move|p2a: Ampharos|Thunderbolt|p1a: Krookodile
|-immune|p1a: Krookodile|[msg]
|
|turn|9
|
|switch|p2a: Gligar|Gligar, M|333\/333
|-damage|p2a: Gligar|292\/333|[from] Stealth Rock
|move|p1a: Krookodile|Earthquake|p2a: Gligar
|-immune|p2a: Gligar|[msg]
|
|turn|10
|
|move|p1a: Krookodile|Knock Off|p2a: Gligar
|-damage|p2a: Gligar|177\/333
|-enditem|p2a: Gligar|Eviolite|[from] move: Knock Off|[of] p1a: Krookodile
|move|p2a: Gligar|U-turn|p1a: Krookodile
|-supereffective|p1a: Krookodile
|-damage|p1a: Krookodile|145\/331
|
|switch|p2a: Jirachi|Jirachi|342\/342
|-damage|p2a: Jirachi|321\/342|[from] Stealth Rock
|
|turn|11
|
|switch|p1a: Empoleon|Empoleon, F|183\/361 brn
|-damage|p1a: Empoleon|161\/361 brn|[from] Stealth Rock
|move|p2a: Jirachi|U-turn|p1a: Empoleon
|-crit|p1a: Empoleon
|-resisted|p1a: Empoleon
|-damage|p1a: Empoleon|107\/361 brn
|
|switch|p2a: Gligar|Gligar, M|177\/333
|-damage|p2a: Gligar|136\/333|[from] Stealth Rock
|
|-heal|p1a: Empoleon|129\/361 brn|[from] item: Leftovers
|-damage|p1a: Empoleon|84\/361 brn|[from] brn
|turn|12
|
|move|p2a: Gligar|Earthquake|p1a: Empoleon
|-supereffective|p1a: Empoleon
|-damage|p1a: Empoleon|0 fnt
|faint|p1a: Empoleon
|
|
|switch|p1a: Pidgeot|Pidgeot, M|307\/307
|-damage|p1a: Pidgeot|231\/307|[from] Stealth Rock
|turn|13
|
|switch|p2a: Ampharos|Ampharos-Mega, M|307\/350
|-damage|p2a: Ampharos|264\/350|[from] Stealth Rock
|-ability|p2a: Ampharos|Mold Breaker
|detailschange|p1a: Pidgeot|Pidgeot-Mega, M
|message|Pidgeot has Mega Evolved into Mega Pidgeot!
|move|p1a: Pidgeot|Hurricane|p2a: Ampharos
|-resisted|p2a: Ampharos
|-damage|p2a: Ampharos|173\/350
|-start|p2a: Ampharos|confusion
|
|turn|14
|c| THE_iTodd|confuse here
|c| THE_iTodd|imo
|
|switch|p1a: Florges|Florges, F|360\/360
|-damage|p1a: Florges|315\/360|[from] Stealth Rock
|switch|p2a: Jirachi|Jirachi|321\/342
|-damage|p2a: Jirachi|300\/342|[from] Stealth Rock
|
|-heal|p1a: Florges|337\/360|[from] item: Leftovers
|turn|15
|
|switch|p1a: Pidgeot|Pidgeot-Mega, M|231\/307
|-damage|p1a: Pidgeot|155\/307|[from] Stealth Rock
|move|p2a: Jirachi|Iron Head|p1a: Pidgeot
|-crit|p1a: Pidgeot
|-damage|p1a: Pidgeot|0 fnt
|faint|p1a: Pidgeot
|
|
|switch|p1a: Krookodile|Krookodile, M|145\/331
|-damage|p1a: Krookodile|125\/331|[from] Stealth Rock
|-ability|p1a: Krookodile|Intimidate|[of] p2a: Jirachi
|-unboost|p2a: Jirachi|atk|1
|turn|16
|
|switch|p2a: Gligar|Gligar, M|136\/333
|-damage|p2a: Gligar|95\/333|[from] Stealth Rock
|move|p1a: Krookodile|Knock Off|p2a: Gligar
|-damage|p2a: Gligar|0 fnt
|faint|p2a: Gligar
|
|
|switch|p2a: Jirachi|Jirachi|300\/342
|-damage|p2a: Jirachi|279\/342|[from] Stealth Rock
|turn|17
|c|+SmashBrosBrawl|nice
|c|+SmashBrosBrawl|pursuit
|c|+SmashBrosBrawl|m9
|
|switch|p1a: Mienshao|Mienshao, M|271\/271
|-damage|p1a: Mienshao|255\/271|[from] Stealth Rock
|move|p2a: Jirachi|U-turn|p1a: Mienshao
|-resisted|p1a: Mienshao
|-damage|p1a: Mienshao|206\/271
|
|switch|p2a: Zygarde|Zygarde|404\/404
|-damage|p2a: Zygarde|379\/404|[from] Stealth Rock
|-ability|p2a: Zygarde|Aura Break
|
|-heal|p2a: Zygarde|404\/404|[from] item: Leftovers
|turn|18
|
|move|p1a: Mienshao|High Jump Kick|p2a: Zygarde|[miss]
|-miss|p1a: Mienshao|p2a: Zygarde
|-damage|p1a: Mienshao|71\/271|[from] highjumpkick
|move|p2a: Zygarde|Coil|p2a: Zygarde
|-boost|p2a: Zygarde|atk|1
|-boost|p2a: Zygarde|def|1
|-boost|p2a: Zygarde|accuracy|1
|
|turn|19
|c|âsome weird shit|fucing
|c|âsome weird shit|epic
|c|âsniperaim|ahh
|
|move|p1a: Mienshao|High Jump Kick|p2a: Zygarde
|-damage|p2a: Zygarde|173\/404
|move|p2a: Zygarde|Earthquake|p1a: Mienshao
|-damage|p1a: Mienshao|0 fnt
|faint|p1a: Mienshao
|
|-heal|p2a: Zygarde|198\/404|[from] item: Leftovers
|
|switch|p1a: Florges|Florges, F|337\/360
|-damage|p1a: Florges|292\/360|[from] Stealth Rock
|turn|20
|c|âsome weird shit|that was a sick
|c|âsome weird shit|play
|c|+SmashBrosBrawl|that did
|c|+SmashBrosBrawl|a fuckton
|c|+SmashBrosBrawl|jesus
|
|move|p2a: Zygarde|Earthquake|p1a: Florges
|-damage|p1a: Florges|48\/360
|move|p1a: Florges|Moonblast|p2a: Zygarde
|-supereffective|p2a: Zygarde
|-damage|p2a: Zygarde|0 fnt
|faint|p2a: Zygarde
|
|-heal|p1a: Florges|70\/360|[from] item: Leftovers
|
|switch|p2a: Jirachi|Jirachi|279\/342
|-damage|p2a: Jirachi|258\/342|[from] Stealth Rock
|turn|21
|
|move|p2a: Jirachi|Healing Wish|p2a: Jirachi
|faint|p2a: Jirachi
|move|p1a: Florges|Moonblast|p2: Jirachi|[notarget]
|-notarget
|
|-heal|p1a: Florges|92\/360|[from] item: Leftovers
|
|switch|p2a: Suicune|Suicune|162\/356
|-heal|p2a: Suicune|356\/356|[from] move: Healing Wish
|-damage|p2a: Suicune|312\/356|[from] Stealth Rock
|-ability|p2a: Suicune|Pressure
|turn|22
|
|move|p2a: Suicune|Calm Mind|p2a: Suicune
|-boost|p2a: Suicune|spa|1
|-boost|p2a: Suicune|spd|1
|move|p1a: Florges|Synthesis|p1a: Florges
|-heal|p1a: Florges|272\/360
|
|-heal|p2a: Suicune|334\/356|[from] item: Leftovers
|-heal|p1a: Florges|294\/360|[from] item: Leftovers
|turn|23
|
|move|p2a: Suicune|Substitute|p2a: Suicune
|-start|p2a: Suicune|Substitute
|-damage|p2a: Suicune|245\/356
|move|p1a: Florges|Calm Mind|p1a: Florges
|-boost|p1a: Florges|spa|1
|-boost|p1a: Florges|spd|1
|
|-heal|p2a: Suicune|267\/356|[from] item: Leftovers
|-heal|p1a: Florges|316\/360|[from] item: Leftovers
|turn|24
|
|move|p2a: Suicune|Calm Mind|p2a: Suicune
|-boost|p2a: Suicune|spa|1
|-boost|p2a: Suicune|spd|1
|move|p1a: Florges|Calm Mind|p1a: Florges
|-boost|p1a: Florges|spa|1
|-boost|p1a: Florges|spd|1
|
|-heal|p2a: Suicune|289\/356|[from] item: Leftovers
|-heal|p1a: Florges|338\/360|[from] item: Leftovers
|turn|25
|
|move|p2a: Suicune|Calm Mind|p2a: Suicune
|-boost|p2a: Suicune|spa|1
|-boost|p2a: Suicune|spd|1
|move|p1a: Florges|Calm Mind|p1a: Florges
|-boost|p1a: Florges|spa|1
|-boost|p1a: Florges|spd|1
|
|-heal|p2a: Suicune|311\/356|[from] item: Leftovers
|-heal|p1a: Florges|360\/360|[from] item: Leftovers
|turn|26
|
|move|p2a: Suicune|Calm Mind|p2a: Suicune
|-boost|p2a: Suicune|spa|1
|-boost|p2a: Suicune|spd|1
|move|p1a: Florges|Calm Mind|p1a: Florges
|-boost|p1a: Florges|spa|1
|-boost|p1a: Florges|spd|1
|
|-heal|p2a: Suicune|333\/356|[from] item: Leftovers
|turn|27
|
|move|p2a: Suicune|Calm Mind|p2a: Suicune
|-boost|p2a: Suicune|spa|1
|-boost|p2a: Suicune|spd|1
|move|p1a: Florges|Calm Mind|p1a: Florges
|-boost|p1a: Florges|spa|1
|-boost|p1a: Florges|spd|1
|
|-heal|p2a: Suicune|355\/356|[from] item: Leftovers
|turn|28
|
|move|p2a: Suicune|Calm Mind|p2a: Suicune
|-boost|p2a: Suicune|spa|1
|-boost|p2a: Suicune|spd|1
|move|p1a: Florges|Calm Mind|p1a: Florges
|-boost|p1a: Florges|spa|1
|-boost|p1a: Florges|spd|1
|
|-heal|p2a: Suicune|356\/356|[from] item: Leftovers
|turn|29
|c|âsome weird shit|if you crit me
|c|âsome weird shit|i will kill u
|
|move|p2a: Suicune|Scald|p1a: Florges
|-damage|p1a: Florges|279\/360
|move|p1a: Florges|Moonblast|p2a: Suicune
|-crit|p2a: Suicune
|-end|p2a: Suicune|Substitute
|
|-heal|p1a: Florges|301\/360|[from] item: Leftovers
|turn|30
|
|move|p2a: Suicune|Scald|p1a: Florges
|-damage|p1a: Florges|210\/360
|move|p1a: Florges|Moonblast|p2a: Suicune
|-damage|p2a: Suicune|214\/356
|-unboost|p2a: Suicune|spa|1
|
|-heal|p2a: Suicune|236\/356|[from] item: Leftovers
|-heal|p1a: Florges|232\/360|[from] item: Leftovers
|turn|31
|
|move|p2a: Suicune|Scald|p1a: Florges
|-crit|p1a: Florges
|-damage|p1a: Florges|0 fnt
|faint|p1a: Florges
|
|-heal|p2a: Suicune|258\/356|[from] item: Leftovers
|c|âsome weird shit|.
|c|âsome weird shit|.
|c|âsome weird shit|.
|c|âsome weird shit|.
|c|âsome weird shit|.
|c|âsome weird shit|.
|
|switch|p1a: Krookodile|Krookodile, M|125\/331
|-damage|p1a: Krookodile|105\/331|[from] Stealth Rock
|-ability|p1a: Krookodile|Intimidate|[of] p2a: Suicune
|-unboost|p2a: Suicune|atk|1
|turn|32
|c|âsniperaim|>.>
|
|move|p1a: Krookodile|Knock Off|p2a: Suicune
|-damage|p2a: Suicune|71\/356
|-enditem|p2a: Suicune|Leftovers|[from] move: Knock Off|[of] p1a: Krookodile
|move|p2a: Suicune|Ice Beam|p1a: Krookodile
|-supereffective|p1a: Krookodile
|-damage|p1a: Krookodile|0 fnt
|faint|p1a: Krookodile
|
|
|switch|p1a: Zygarde|Zygarde|357\/357
|-damage|p1a: Zygarde|335\/357|[from] Stealth Rock
|-ability|p1a: Zygarde|Aura Break
|turn|33
|
|move|p1a: Zygarde|Earthquake|p2a: Suicune
|-damage|p2a: Suicune|0 fnt
|-damage|p1a: Zygarde|300\/357|[from] item: Life Orb
|faint|p2a: Suicune
|
|
|switch|p2a: Ampharos|Ampharos-Mega, M|173\/350
|-damage|p2a: Ampharos|130\/350|[from] Stealth Rock
|-ability|p2a: Ampharos|Mold Breaker
|turn|34
|
|move|p1a: Zygarde|Earthquake|p2a: Ampharos
|-supereffective|p2a: Ampharos
|-damage|p2a: Ampharos|0 fnt
|-damage|p1a: Zygarde|265\/357|[from] item: Life Orb
|faint|p2a: Ampharos
|
|win|some weird shit
|raw|Ladder updating...