|join|some weird shit
|join|jvass
|player|p1|some weird shit|171
|player|p2|jvass|101
|gametype|singles
|gen|6
|tier|UU
|rated
|rule|Sleep Clause Mod: Limit one foe put to sleep
|rule|Species Clause: Limit one of each PokÃ©mon
|rule|OHKO Clause: OHKO moves are banned
|rule|Moody Clause: Moody is banned
|rule|Evasion Moves Clause: Evasion moves are banned
|rule|Endless Battle Clause: Forcing endless battles is banned
|rule|HP Percentage Mod: HP is shown in percentages
|clearpoke
|poke|p1|Roserade, M
|poke|p1|Krookodile, M
|poke|p1|Flygon, M
|poke|p1|Lucario, F
|poke|p1|Blastoise, M
|poke|p1|Sableye, M
|poke|p2|Roserade, F
|poke|p2|Aerodactyl, M
|poke|p2|Cobalion
|poke|p2|Suicune
|poke|p2|Krookodile, M
|poke|p2|Chandelure, M
|rule|Swagger Clause: Swagger is banned
|rule|Baton Pass Clause: Limit one PokÃ©mon knowing Baton Pass
|teampreview
|c|âsome weird shit|hi
|join|TAFKAR
|
|start
|switch|p1a: Blastoise|Blastoise, M|326\/326
|switch|p2a: Cobalion|Cobalion|385\/385
|turn|1
|
|detailschange|p1a: Blastoise|Blastoise-Mega, M
|message|Blastoise has Mega Evolved into Mega Blastoise!
|move|p2a: Cobalion|Volt Switch|p1a: Blastoise
|-supereffective|p1a: Blastoise
|-damage|p1a: Blastoise|240\/326
|
|switch|p2a: Roserade|Roserade, F|259\/259
|move|p1a: Blastoise|Dragon Pulse|p2a: Roserade
|-damage|p2a: Roserade|84\/259
|
|turn|2
|
|switch|p1a: Lucario|Lucario, F|281\/281
|move|p2a: Roserade|Synthesis|p2a: Roserade
|-heal|p2a: Roserade|213\/259
|
|turn|3
|
|switch|p1a: Roserade|Roserade, M|261\/261
|move|p2a: Roserade|Sleep Powder|p1a: Roserade
|-fail|p1a: Roserade
|
|turn|4
|
|move|p2a: Roserade|Sludge Bomb|p1a: Roserade
|-damage|p1a: Roserade|80\/261
|-damage|p2a: Roserade|188\/259|[from] item: Life Orb
|move|p1a: Roserade|Spikes|p2a: Roserade
|-sidestart|p2: jvass|Spikes
|
|-heal|p1a: Roserade|96\/261|[from] item: Black Sludge
|turn|5
|
|move|p1a: Roserade|Sludge Bomb|p2a: Roserade
|-damage|p2a: Roserade|43\/259
|move|p2a: Roserade|Sleep Powder|p1a: Roserade|[miss]
|-miss|p2a: Roserade|p1a: Roserade
|
|-heal|p1a: Roserade|112\/261|[from] item: Black Sludge
|turn|6
|
|move|p1a: Roserade|Sludge Bomb|p2a: Roserade
|-damage|p2a: Roserade|0 fnt
|faint|p2a: Roserade
|
|-heal|p1a: Roserade|128\/261|[from] item: Black Sludge
|c|âjvass|im too rel
|c|âsome weird shit|xd
|
|switch|p2a: Aerodactyl|Aerodactyl, M|331\/331
|-ability|p2a: Aerodactyl|Pressure
|turn|7
|c|âsome weird shit|you almost got me though
|c|âjvass|yeah
|
|detailschange|p2a: Aerodactyl|Aerodactyl-Mega, M
|message|Aerodactyl has Mega Evolved into Mega Aerodactyl!
|move|p2a: Aerodactyl|Aerial Ace|p1a: Roserade
|-supereffective|p1a: Roserade
|-damage|p1a: Roserade|0 fnt
|faint|p1a: Roserade
|
|
|switch|p1a: Blastoise|Blastoise-Mega, M|240\/326
|turn|8
|c|âjvass|i hace already played this team
|c|âsome weird shit|yeah we played each other in the tournament
|c|âjvass|what is your other name?
|c|âsome weird shit|dudeman130498
|c|âjvass|ah
|
|move|p2a: Aerodactyl|Aerial Ace|p1a: Blastoise
|-damage|p1a: Blastoise|108\/326
|move|p1a: Blastoise|Hydro Pump|p2a: Aerodactyl|[miss]
|-miss|p1a: Blastoise|p2a: Aerodactyl
|
|turn|9
|
|move|p2a: Aerodactyl|Aerial Ace|p1a: Blastoise
|-damage|p1a: Blastoise|0 fnt
|faint|p1a: Blastoise
|
|
|switch|p1a: Sableye|Sableye, M|304\/304
|turn|10
|
|switch|p2a: Chandelure|Chandelure, M|261\/261
|-damage|p2a: Chandelure|229\/261|[from] Spikes
|move|p1a: Sableye|Knock Off|p2a: Chandelure
|-supereffective|p2a: Chandelure
|-damage|p2a: Chandelure|29\/261
|-enditem|p2a: Chandelure|Choice Specs|[from] move: Knock Off|[of] p1a: Sableye
|
|turn|11
|
|move|p2a: Chandelure|Fire Blast|p1a: Sableye
|-damage|p1a: Sableye|109\/304
|move|p1a: Sableye|Knock Off|p2a: Chandelure
|-supereffective|p2a: Chandelure
|-damage|p2a: Chandelure|0 fnt
|faint|p2a: Chandelure
|
|-heal|p1a: Sableye|128\/304|[from] item: Leftovers
|
|switch|p2a: Suicune|Suicune|404\/404
|-damage|p2a: Suicune|354\/404|[from] Spikes
|-ability|p2a: Suicune|Pressure
|turn|12
|
|move|p1a: Sableye|Recover|p1a: Sableye
|-heal|p1a: Sableye|280\/304
|move|p2a: Suicune|Substitute|p2a: Suicune
|-start|p2a: Suicune|Substitute
|-damage|p2a: Suicune|253\/404
|
|-heal|p2a: Suicune|278\/404|[from] item: Leftovers
|-heal|p1a: Sableye|299\/304|[from] item: Leftovers
|turn|13
|
|switch|p1a: Krookodile|Krookodile, M|394\/394
|-activate|p2a: Suicune|Substitute|ability: Intimidate|[of] p1a: Krookodile
|move|p2a: Suicune|Scald|p1a: Krookodile
|-crit|p1a: Krookodile
|-supereffective|p1a: Krookodile
|-damage|p1a: Krookodile|0 fnt
|faint|p1a: Krookodile
|
|-heal|p2a: Suicune|303\/404|[from] item: Leftovers
|c|âsome weird shit|k
|
|switch|p1a: Flygon|Flygon, M|301\/301
|turn|14
|
|move|p1a: Flygon|Earthquake|p2a: Suicune
|-end|p2a: Suicune|Substitute
|move|p2a: Suicune|Scald|p1a: Flygon
|-damage|p1a: Flygon|150\/301
|
|-heal|p2a: Suicune|328\/404|[from] item: Leftovers
|turn|15
|
|move|p1a: Flygon|Earthquake|p2a: Suicune
|-damage|p2a: Suicune|123\/404
|move|p2a: Suicune|Scald|p1a: Flygon
|-damage|p1a: Flygon|12\/301
|-status|p1a: Flygon|brn
|
|-heal|p2a: Suicune|148\/404|[from] item: Leftovers
|-damage|p1a: Flygon|0 fnt|[from] brn
|faint|p1a: Flygon
|
|switch|p1a: Lucario|Lucario, F|281\/281
|turn|16
|
|move|p1a: Lucario|Aura Sphere|p2a: Suicune
|-damage|p2a: Suicune|0 fnt
|-damage|p1a: Lucario|253\/281|[from] item: Life Orb
|faint|p2a: Suicune
|
|
|switch|p2a: Krookodile|Krookodile, M|332\/332
|-damage|p2a: Krookodile|291\/332|[from] Spikes
|turn|17
|
|move|p1a: Lucario|Vacuum Wave|p2a: Krookodile
|-supereffective|p2a: Krookodile
|-damage|p2a: Krookodile|39\/332
|-damage|p1a: Lucario|225\/281|[from] item: Life Orb
|move|p2a: Krookodile|Earthquake|p1a: Lucario
|-supereffective|p1a: Lucario
|-damage|p1a: Lucario|0 fnt
|faint|p1a: Lucario
|-boost|p2a: Krookodile|atk|1|[from] ability: Moxie
|
|
|switch|p1a: Sableye|Sableye, M|299\/304
|turn|18
|
|move|p1a: Sableye|Will-O-Wisp|p2a: Krookodile|[miss]
|-miss|p1a: Sableye|p2a: Krookodile
|move|p2a: Krookodile|Earthquake|p1a: Sableye
|-damage|p1a: Sableye|0 fnt
|faint|p1a: Sableye
|-boost|p2a: Krookodile|atk|1|[from] ability: Moxie
|
|win|jvass
|raw|Ladder updating...
|raw|some weird shit's rating: 1709 &rarr; <strong>1682<\/strong><br \/>(-27 for losing)
|raw|jvass's rating: 1592 &rarr; <strong>1618<\/strong><br \/>(+26 for winning)
|c|âsome weird shit|l
|c|âjvass|sry
|c|âsome weird shit|no
|c|âjvass|gg
|c|âsome weird shit|no
|c|âsome weird shit|seriously
|c|âsome weird shit|dodged the hydro pump
|c|âjvass|skill ful dodge
|c|âsome weird shit|crit the krookodile
|c|âsome weird shit|burned the flygon
|c|âsome weird shit|and dodged the willo
|c|âsome weird shit|>gg
|leave|some weird shit
|player|p1
|c|âjvass|gg
|leave|jvass
|player|p2