|join|some weird shit
|join|notdadsdad?
|player|p1|some weird shit|171
|player|p2|notdadsdad?|108
|gametype|singles
|gen|6
|tier|UU
|rule|Sleep Clause Mod: Limit one foe put to sleep
|rule|Species Clause: Limit one of each PokÃ©mon
|rule|OHKO Clause: OHKO moves are banned
|rule|Moody Clause: Moody is banned
|rule|Evasion Moves Clause: Evasion moves are banned
|rule|Endless Battle Clause: Forcing endless battles is banned
|rule|HP Percentage Mod: HP is shown in percentages
|clearpoke
|poke|p1|Feraligatr, F
|poke|p1|Jirachi, shiny
|poke|p1|Blastoise, M
|poke|p1|Krookodile, M
|poke|p1|Goodra, F
|poke|p1|Mienshao, M
|poke|p2|Nidoqueen, F
|poke|p2|Krookodile, F
|poke|p2|Alakazam, M
|poke|p2|Jirachi
|poke|p2|Hydreigon, M
|poke|p2|Ampharos, F
|rule|Swagger Clause: Swagger is banned
|rule|Baton Pass Clause: Limit one PokÃ©mon knowing Baton Pass
|teampreview
|c|âsome weird shit|ah
|c|âsome weird shit|nice
|c|âsome weird shit|team
|join|blitzfiend
|join|Friendless Loser.
|
|start
|switch|p1a: Mienshao|Mienshao, M|271\/271
|switch|p2a: Nidoqueen|Nidoqueen, F|345\/345
|turn|1
|c|ânotdadsdad?|not mine m8
|join|sniperaim
|c|âsome weird shit|i know
|
|move|p1a: Mienshao|U-turn|p2a: Nidoqueen
|-resisted|p2a: Nidoqueen
|-damage|p2a: Nidoqueen|296\/345
|c|âsome weird shit|that's why i complimented it
|
|switch|p1a: Krookodile|Krookodile, M|394\/394
|-ability|p1a: Krookodile|Intimidate|[of] p2a: Nidoqueen
|-unboost|p2a: Nidoqueen|atk|1
|move|p2a: Nidoqueen|Stealth Rock|p1a: Krookodile
|-sidestart|p1: some weird shit|move: Stealth Rock
|
|turn|2
|join|mentali 31
|c| sniperaim|i see this team everyday
|c|ânotdadsdad?|bcuz its gewd
|
|switch|p2a: Hydreigon|Hydreigon, M|325\/325
|move|p1a: Krookodile|Knock Off|p2a: Hydreigon
|-crit|p2a: Hydreigon
|-resisted|p2a: Hydreigon
|-damage|p2a: Hydreigon|196\/325
|-enditem|p2a: Hydreigon|Life Orb|[from] move: Knock Off|[of] p1a: Krookodile
|
|turn|3
|c| sniperaim|i never lost to it
|
|move|p2a: Hydreigon|Draco Meteor|p1a: Krookodile
|-damage|p1a: Krookodile|100\/394
|-unboost|p2a: Hydreigon|spa|2
|move|p1a: Krookodile|Stealth Rock|p2a: Hydreigon
|-sidestart|p2: notdadsdad?|move: Stealth Rock
|
|-heal|p1a: Krookodile|124\/394|[from] item: Leftovers
|turn|4
|
|switch|p1a: Blastoise|Blastoise, M|324\/324
|-damage|p1a: Blastoise|284\/324|[from] Stealth Rock
|move|p2a: Hydreigon|Superpower|p1a: Blastoise
|-damage|p1a: Blastoise|192\/324
|-unboost|p2a: Hydreigon|atk|1
|-unboost|p2a: Hydreigon|def|1
|
|turn|5
|c|ânotdadsdad?|do you want a cookie?
|join|xMarth
|c|âsome weird shit|go to amph
|c|âsome weird shit|para with static
|c|ânotdadsdad?|tru
|join|LiberalLucario
|
|detailschange|p1a: Blastoise|Blastoise-Mega, M
|message|Blastoise has Mega Evolved into Mega Blastoise!
|move|p2a: Hydreigon|Draco Meteor|p1a: Blastoise
|-damage|p1a: Blastoise|99\/324
|-unboost|p2a: Hydreigon|spa|2
|move|p1a: Blastoise|Rapid Spin|p2a: Hydreigon
|-damage|p2a: Hydreigon|170\/325
|-sideend|p1: some weird shit|Stealth Rock|[from] move: Rapid Spin|[of] p1a: Blastoise
|
|turn|6
|c|âsome weird shit|that's what happened last time i played this team
|
|move|p2a: Hydreigon|Draco Meteor|p1a: Blastoise
|-damage|p1a: Blastoise|36\/324
|-unboost|p2a: Hydreigon|spa|2
|move|p1a: Blastoise|Dragon Pulse|p2a: Hydreigon
|-supereffective|p2a: Hydreigon
|-damage|p2a: Hydreigon|0 fnt
|faint|p2a: Hydreigon
|
|
|switch|p2a: Nidoqueen|Nidoqueen, F|296\/345
|-damage|p2a: Nidoqueen|275\/345|[from] Stealth Rock
|turn|7
|
|move|p1a: Blastoise|Hydro Pump|p2a: Nidoqueen
|-supereffective|p2a: Nidoqueen
|-damage|p2a: Nidoqueen|0 fnt
|faint|p2a: Nidoqueen
|
|c| sniperaim|nice sacking the threat
|c|âsome weird shit|and the other threat
|c|âsome weird shit|tbh
|c|ânotdadsdad?|y r u running that much speed
|c| sniperaim|for queen
|c|âsome weird shit|to outspeed fucks like u 
|c| sniperaim|obvs
|join|ByOxyde
|c| xMarth|fastoise
|c| sniperaim|LOL
|c|ânotdadsdad?|fuck u feg
|join|CrimsonXYZZZ
|
|switch|p2a: Krookodile|Krookodile, F|331\/331
|-damage|p2a: Krookodile|311\/331|[from] Stealth Rock
|-ability|p2a: Krookodile|Intimidate|[of] p1a: Blastoise
|-unboost|p1a: Blastoise|atk|1
|turn|8
|
|move|p2a: Krookodile|Earthquake|p1a: Blastoise
|-damage|p1a: Blastoise|0 fnt
|faint|p1a: Blastoise
|
|c| xMarth|speed creep is weird now
|
|switch|p1a: Mienshao|Mienshao, M|271\/271
|turn|9
|join|Lixx
|c|âsome weird shit|yeah
|c|âsome weird shit|no one knows whether to keep running 220+ or to just run more bulk lol
|c| sniperaim|hjk to victoryyy
|
|switch|p2a: Ampharos|Ampharos, F|373\/373
|-damage|p2a: Ampharos|327\/373|[from] Stealth Rock
|move|p1a: Mienshao|High Jump Kick|p2a: Ampharos
|-damage|p2a: Ampharos|29\/373
|-status|p1a: Mienshao|par
|
|turn|10
|c| LiberalLucario|NB
|c|âsome weird shit|nice
|c|ânotdadsdad?|lucky an bad
|c|âsome weird shit|nice
|c| Lixx|dnt call
|c| Lixx|xmarth a fag
|c| Lixx|rude
|
|detailschange|p2a: Ampharos|Ampharos-Mega, F
|message|Ampharos has Mega Evolved into Mega Ampharos!
|-ability|p2a: Ampharos|Mold Breaker
|move|p2a: Ampharos|Dragon Pulse|p1a: Mienshao
|-damage|p1a: Mienshao|0 fnt
|faint|p1a: Mienshao
|
|c| sniperaim|wat
|join|YoungLegend
|c| xMarth|not calling me fag
|
|switch|p1a: Feraligatr|Feraligatr, F|344\/344
|turn|11
|
|move|p1a: Feraligatr|Frustration|p2a: Ampharos
|-damage|p2a: Ampharos|0 fnt
|faint|p2a: Ampharos
|
|c| Lixx|o
|
|switch|p2a: Krookodile|Krookodile, F|311\/331
|-damage|p2a: Krookodile|291\/331|[from] Stealth Rock
|-ability|p2a: Krookodile|Intimidate|[of] p1a: Feraligatr
|-unboost|p1a: Feraligatr|atk|1
|turn|12
|
|switch|p1a: Krookodile|Krookodile, M|124\/394
|-ability|p1a: Krookodile|Intimidate|[of] p2a: Krookodile
|-unboost|p2a: Krookodile|atk|1
|move|p2a: Krookodile|Earthquake|p1a: Krookodile
|-damage|p1a: Krookodile|0 fnt
|faint|p1a: Krookodile
|
|c| sniperaim|nice
|c| sniperaim|now bring bk
|
|switch|p1a: Feraligatr|Feraligatr, F|344\/344
|turn|13
|c|ânotdadsdad?|stfu sniper
|c| sniperaim|kek
|join|Duskt70
|
|move|p2a: Krookodile|Earthquake|p1a: Feraligatr
|-damage|p1a: Feraligatr|188\/344
|move|p1a: Feraligatr|Swords Dance|p1a: Feraligatr
|-boost|p1a: Feraligatr|atk|2
|
|turn|14
|
|move|p1a: Feraligatr|Aqua Jet|p2a: Krookodile
|-supereffective|p2a: Krookodile
|-damage|p2a: Krookodile|0 fnt
|faint|p2a: Krookodile
|
|c| sniperaim|good\/game
|c|âsome weird shit|flinch
|c|âsome weird shit|take the honourable road
|c| mentali 31|feraligatr is nu
|
|switch|p2a: Jirachi|Jirachi|341\/341
|-damage|p2a: Jirachi|320\/341|[from] Stealth Rock
|turn|15
|c|ânotdadsdad?|:]
|
|move|p1a: Feraligatr|Aqua Jet|p2a: Jirachi
|-damage|p2a: Jirachi|170\/341
|move|p2a: Jirachi|Iron Head|p1a: Feraligatr
|-resisted|p1a: Feraligatr
|-damage|p1a: Feraligatr|134\/344
|
|turn|16
|c| sniperaim|hes still a threat
|
|move|p1a: Feraligatr|Aqua Jet|p2a: Jirachi
|-damage|p2a: Jirachi|1\/341
|move|p2a: Jirachi|Iron Head|p1a: Feraligatr
|-resisted|p1a: Feraligatr
|-damage|p1a: Feraligatr|75\/344
|
|turn|17
|c|ânotdadsdad?|i coont kill rachi :[
|
|move|p1a: Feraligatr|Aqua Jet|p2a: Jirachi
|-damage|p2a: Jirachi|0 fnt
|faint|p2a: Jirachi
|
|
|switch|p2a: Alakazam|Alakazam, M|251\/251
|turn|18
|c| sniperaim|rip
|leave|CrimsonXYZZZ
|leave|sniperaim
|join|BlindyMcBlind
|c|ânotdadsdad?|i h8 fegs who run taht much sped on toise
|
|move|p1a: Feraligatr|Aqua Jet|p2a: Alakazam
|-enditem|p2a: Alakazam|Focus Sash
|-damage|p2a: Alakazam|1\/251
|move|p2a: Alakazam|Shadow Ball|p1a: Feraligatr
|-damage|p1a: Feraligatr|0 fnt
|faint|p1a: Feraligatr
|
|c| Lixx|when r 
|c| Lixx|sheer force gatr released
|
|switch|p1a: Jirachi|Jirachi, shiny|341\/341
|turn|19
|
|move|p2a: Alakazam|Shadow Ball|p1a: Jirachi
|-supereffective|p1a: Jirachi
|-damage|p1a: Jirachi|153\/341
|move|p1a: Jirachi|Psyshock|p2a: Alakazam
|-resisted|p2a: Alakazam
|-damage|p2a: Alakazam|0 fnt
|faint|p2a: Alakazam
|
|win|some weird shit
|c|âsome weird shit|i'd prob stil use torrent
|c| mentali 31|nootdadsdad loose
|c|ânotdadsdad?|torrent is better for sd
|leave|Lixx
|leave|notdadsdad?
|player|p2
|leave|some weird shit
|player|p1
|leave|mentali 31
|leave|LiberalLucario
|leave|ByOxyde
|leave|YoungLegend
|leave|blitzfiend
|join|namehtmas
|leave|namehtmas
|join|some weird shit