|join|some weird shit
|join|The Argus
|player|p1|some weird shit|171
|player|p2|The Argus|242
|gametype|singles
|gen|6
|tier|UU
|rated
|rule|Sleep Clause Mod: Limit one foe put to sleep
|rule|Species Clause: Limit one of each PokÃ©mon
|rule|OHKO Clause: OHKO moves are banned
|rule|Moody Clause: Moody is banned
|rule|Evasion Moves Clause: Evasion moves are banned
|rule|Endless Battle Clause: Forcing endless battles is banned
|rule|HP Percentage Mod: HP is shown in percentages
|clearpoke
|poke|p1|Mienshao, F
|poke|p1|Krookodile, F
|poke|p1|Suicune
|poke|p1|Aggron, M
|poke|p1|Chandelure, F
|poke|p1|Whimsicott, F
|poke|p2|Virizion
|poke|p2|Nidoqueen, F
|poke|p2|Aerodactyl, F
|poke|p2|Lucario, F
|poke|p2|Jirachi, shiny
|poke|p2|Hydreigon, M
|rule|Swagger Clause: Swagger is banned
|rule|Baton Pass Clause: Limit one PokÃ©mon knowing Baton Pass
|teampreview
|
|start
|switch|p1a: Krookodile|Krookodile, F|331\/331
|switch|p2a: Nidoqueen|Nidoqueen, F|341\/341
|-ability|p1a: Krookodile|Intimidate|[of] p2a: Nidoqueen
|-unboost|p2a: Nidoqueen|atk|1
|turn|1
|
|switch|p2a: Aerodactyl|Aerodactyl, F|321\/321
|move|p1a: Krookodile|Knock Off|p2a: Aerodactyl
|-damage|p2a: Aerodactyl|150\/321
|
|turn|2
|
|detailschange|p2a: Aerodactyl|Aerodactyl-Mega, F
|message|Aerodactyl has Mega Evolved into Mega Aerodactyl!
|move|p2a: Aerodactyl|Stone Edge|p1a: Krookodile
|-resisted|p1a: Krookodile
|-damage|p1a: Krookodile|206\/331
|move|p1a: Krookodile|Knock Off|p2a: Aerodactyl
|-damage|p2a: Aerodactyl|6\/321
|
|turn|3
|
|move|p2a: Aerodactyl|Aqua Tail|p1a: Krookodile
|-supereffective|p1a: Krookodile
|-damage|p1a: Krookodile|0 fnt
|faint|p1a: Krookodile
|
|
|switch|p1a: Mienshao|Mienshao, F|271\/271
|turn|4
|
|move|p1a: Mienshao|U-turn|p2a: Aerodactyl
|-resisted|p2a: Aerodactyl
|-damage|p2a: Aerodactyl|0 fnt
|faint|p2a: Aerodactyl
|
|switch|p1a: Suicune|Suicune|367\/367
|-ability|p1a: Suicune|Pressure
|
|
|switch|p2a: Virizion|Virizion|324\/324
|turn|5
|
|switch|p2a: Nidoqueen|Nidoqueen, F|341\/341
|switch|p1a: Whimsicott|Whimsicott, F|261\/261
|
|turn|6
|
|move|p1a: Whimsicott|Giga Drain|p2a: Nidoqueen
|-damage|p2a: Nidoqueen|235\/341
|move|p2a: Nidoqueen|Stealth Rock|p1a: Whimsicott
|-sidestart|p1: some weird shit|move: Stealth Rock
|
|turn|7
|
|move|p1a: Whimsicott|Encore|p2a: Nidoqueen
|-start|p2a: Nidoqueen|Encore
|move|p2a: Nidoqueen|Stealth Rock|p1a: Whimsicott
|-fail|p1a: Whimsicott
|
|turn|8
|
|switch|p2a: Lucario|Lucario, F|281\/281
|move|p1a: Whimsicott|U-turn|p2a: Lucario
|-resisted|p2a: Lucario
|-damage|p2a: Lucario|269\/281
|
|switch|p1a: Chandelure|Chandelure, F|261\/261
|-damage|p1a: Chandelure|196\/261|[from] Stealth Rock
|
|turn|9
|
|switch|p2a: Hydreigon|Hydreigon, M|325\/325
|move|p1a: Chandelure|Fire Blast|p2a: Hydreigon
|-resisted|p2a: Hydreigon
|-damage|p2a: Hydreigon|142\/325
|
|turn|10
|
|switch|p1a: Whimsicott|Whimsicott, F|261\/261
|-damage|p1a: Whimsicott|229\/261|[from] Stealth Rock
|move|p2a: Hydreigon|Dark Pulse|p1a: Whimsicott
|-resisted|p1a: Whimsicott
|-damage|p1a: Whimsicott|142\/261
|
|-heal|p1a: Whimsicott|158\/261|[from] item: Leftovers
|turn|11
|
|switch|p2a: Jirachi|Jirachi, shiny|341\/341
|move|p1a: Whimsicott|U-turn|p2a: Jirachi
|-damage|p2a: Jirachi|301\/341
|
|switch|p1a: Aggron|Aggron, M|344\/344
|-damage|p1a: Aggron|323\/344|[from] Stealth Rock
|
|-heal|p2a: Jirachi|322\/341|[from] item: Leftovers
|turn|12
|
|switch|p2a: Virizion|Virizion|324\/324
|detailschange|p1a: Aggron|Aggron-Mega, M
|message|Aggron has Mega Evolved into Mega Aggron!
|move|p1a: Aggron|Earthquake|p2a: Virizion
|-resisted|p2a: Virizion
|-damage|p2a: Virizion|244\/324
|
|turn|13
|
|move|p2a: Virizion|Swords Dance|p2a: Virizion
|-boost|p2a: Virizion|atk|2
|move|p1a: Aggron|Stealth Rock|p2a: Virizion
|-sidestart|p2: The Argus|move: Stealth Rock
|
|turn|14
|
|move|p2a: Virizion|Close Combat|p1a: Aggron
|-supereffective|p1a: Aggron
|-damage|p1a: Aggron|94\/344
|-unboost|p2a: Virizion|def|1
|-unboost|p2a: Virizion|spd|1
|move|p1a: Aggron|Heavy Slam|p2a: Virizion
|-damage|p2a: Virizion|81\/324
|
|turn|15
|
|move|p2a: Virizion|Close Combat|p1a: Aggron
|-supereffective|p1a: Aggron
|-damage|p1a: Aggron|0 fnt
|-unboost|p2a: Virizion|def|1
|-unboost|p2a: Virizion|spd|1
|faint|p1a: Aggron
|
|
|switch|p1a: Mienshao|Mienshao, F|271\/271
|-damage|p1a: Mienshao|255\/271|[from] Stealth Rock
|turn|16
|
|move|p1a: Mienshao|U-turn|p2a: Virizion
|-damage|p2a: Virizion|0 fnt
|faint|p2a: Virizion
|leave|some weird shit
|player|p1
|join|some weird shit
|player|p1|some weird shit|171
|
|switch|p1a: Whimsicott|Whimsicott, F|158\/261
|-damage|p1a: Whimsicott|126\/261|[from] Stealth Rock
|
|-heal|p1a: Whimsicott|142\/261|[from] item: Leftovers
|
|switch|p2a: Jirachi|Jirachi, shiny|322\/341
|-damage|p2a: Jirachi|301\/341|[from] Stealth Rock
|turn|17
|
|move|p1a: Whimsicott|Moonblast|p2a: Jirachi
|-resisted|p2a: Jirachi
|-damage|p2a: Jirachi|244\/341
|move|p2a: Jirachi|Psyshock|p1a: Whimsicott
|-damage|p1a: Whimsicott|3\/261
|
|-heal|p1a: Whimsicott|19\/261|[from] item: Leftovers
|-heal|p2a: Jirachi|265\/341|[from] item: Leftovers
|turn|18
|
|move|p1a: Whimsicott|Moonblast|p2a: Jirachi
|-resisted|p2a: Jirachi
|-damage|p2a: Jirachi|204\/341
|move|p2a: Jirachi|Calm Mind|p2a: Jirachi
|-boost|p2a: Jirachi|spa|1
|-boost|p2a: Jirachi|spd|1
|
|-heal|p1a: Whimsicott|35\/261|[from] item: Leftovers
|-heal|p2a: Jirachi|225\/341|[from] item: Leftovers
|turn|19
|
|switch|p2a: Hydreigon|Hydreigon, M|142\/325
|-damage|p2a: Hydreigon|102\/325|[from] Stealth Rock
|move|p1a: Whimsicott|Encore|p2a: Hydreigon
|-fail|p2a: Hydreigon
|
|-heal|p1a: Whimsicott|51\/261|[from] item: Leftovers
|turn|20
|
|move|p2a: Hydreigon|Dark Pulse|p1a: Whimsicott
|-resisted|p1a: Whimsicott
|-damage|p1a: Whimsicott|0 fnt
|faint|p1a: Whimsicott
|
|
|switch|p1a: Mienshao|Mienshao, F|255\/271
|-damage|p1a: Mienshao|239\/271|[from] Stealth Rock
|turn|21
|
|move|p1a: Mienshao|U-turn|p2a: Hydreigon
|-supereffective|p2a: Hydreigon
|-damage|p2a: Hydreigon|0 fnt
|faint|p2a: Hydreigon
|
|switch|p1a: Suicune|Suicune|367\/367
|-damage|p1a: Suicune|322\/367|[from] Stealth Rock
|-ability|p1a: Suicune|Pressure
|
|-heal|p1a: Suicune|344\/367|[from] item: Leftovers
|
|switch|p2a: Lucario|Lucario, F|269\/281
|-damage|p2a: Lucario|261\/281|[from] Stealth Rock
|turn|22
|
|move|p2a: Lucario|Nasty Plot|p2a: Lucario
|-boost|p2a: Lucario|spa|2
|move|p1a: Suicune|Scald|p2a: Lucario
|-damage|p2a: Lucario|111\/281
|
|-heal|p1a: Suicune|366\/367|[from] item: Leftovers
|turn|23
|
|move|p2a: Lucario|Aura Sphere|p1a: Suicune
|-damage|p1a: Suicune|49\/367
|-damage|p2a: Lucario|83\/281|[from] item: Life Orb
|move|p1a: Suicune|Scald|p2a: Lucario
|-damage|p2a: Lucario|0 fnt
|faint|p2a: Lucario
|
|-heal|p1a: Suicune|71\/367|[from] item: Leftovers
|
|switch|p2a: Jirachi|Jirachi, shiny|225\/341
|-damage|p2a: Jirachi|204\/341|[from] Stealth Rock
|turn|24
|
|move|p2a: Jirachi|Psyshock|p1a: Suicune
|-damage|p1a: Suicune|0 fnt
|faint|p1a: Suicune
|
|-heal|p2a: Jirachi|225\/341|[from] item: Leftovers
|
|switch|p1a: Mienshao|Mienshao, F|239\/271
|-damage|p1a: Mienshao|223\/271|[from] Stealth Rock
|turn|25
|
|switch|p2a: Nidoqueen|Nidoqueen, F|235\/341
|-damage|p2a: Nidoqueen|214\/341|[from] Stealth Rock
|move|p1a: Mienshao|High Jump Kick|p2a: Nidoqueen
|-resisted|p2a: Nidoqueen
|-damage|p2a: Nidoqueen|75\/341
|
|turn|26
|
|move|p1a: Mienshao|High Jump Kick|p2a: Nidoqueen
|-resisted|p2a: Nidoqueen
|-damage|p2a: Nidoqueen|0 fnt
|faint|p2a: Nidoqueen
|
|
|switch|p2a: Jirachi|Jirachi, shiny|225\/341
|-damage|p2a: Jirachi|204\/341|[from] Stealth Rock
|turn|27
|
|move|p1a: Mienshao|High Jump Kick|p2a: Jirachi
|-damage|p2a: Jirachi|0 fnt
|faint|p2a: Jirachi
|
|win|some weird shit
|raw|Ladder updating...
|c|âsome weird shit|gg
|raw|some weird shit's rating: 1680 &rarr; <strong>1696<\/strong><br \/>(+16 for winning)
|raw|The Argus's rating: 1615 &rarr; <strong>1599<\/strong><br \/>(-16 for losing)
|leave|The Argus
|player|p2