|join|some weird shit
|join|dynamic testing
|player|p1|some weird shit|171
|player|p2|dynamic testing|5
|gametype|singles
|gen|6
|tier|UU
|rated
|rule|Sleep Clause Mod: Limit one foe put to sleep
|rule|Species Clause: Limit one of each PokÃ©mon
|rule|OHKO Clause: OHKO moves are banned
|rule|Moody Clause: Moody is banned
|rule|Evasion Moves Clause: Evasion moves are banned
|rule|Endless Battle Clause: Forcing endless battles is banned
|rule|HP Percentage Mod: HP is shown in percentages
|clearpoke
|poke|p1|Mienshao, F
|poke|p1|Krookodile, F
|poke|p1|Jirachi, shiny
|poke|p1|Whimsicott, M
|poke|p1|Golurk
|poke|p1|Alakazam, F
|poke|p2|Scrafty, F
|poke|p2|Crobat, M
|poke|p2|Suicune
|poke|p2|Florges, F
|poke|p2|Aggron, M
|poke|p2|Chandelure, F
|rule|Swagger Clause: Swagger is banned
|rule|Baton Pass Clause: Limit one PokÃ©mon knowing Baton Pass
|teampreview
|c|âsome weird shit|hi
|c|âdynamic testing|o
|c|âdynamic testing|hey
|c|âdynamic testing|i have aggron now
|c|âdynamic testing|for zam and rachi
|c|âdynamic testing|!!
|c|âsome weird shit|rip
|
|start
|switch|p1a: Krookodile|Krookodile, F|331\/331
|switch|p2a: Suicune|Suicune|404\/404
|-ability|p1a: Krookodile|Intimidate|[of] p2a: Suicune
|-unboost|p2a: Suicune|atk|1
|-ability|p2a: Suicune|Pressure
|turn|1
|
|switch|p1a: Whimsicott|Whimsicott, M|261\/261
|move|p2a: Suicune|Scald|p1a: Whimsicott
|-resisted|p1a: Whimsicott
|-damage|p1a: Whimsicott|209\/261
|
|-heal|p1a: Whimsicott|225\/261|[from] item: Leftovers
|turn|2
|
|move|p1a: Whimsicott|U-turn|p2a: Suicune
|-damage|p2a: Suicune|380\/404
|
|switch|p1a: Jirachi|Jirachi, shiny|341\/341
|move|p2a: Suicune|Scald|p1a: Jirachi
|-damage|p1a: Jirachi|262\/341
|-status|p1a: Jirachi|brn
|
|-heal|p1a: Jirachi|283\/341 brn|[from] item: Leftovers
|-heal|p2a: Suicune|404\/404|[from] item: Leftovers
|-damage|p1a: Jirachi|241\/341 brn|[from] brn
|turn|3
|
|switch|p2a: Aggron|Aggron, M|341\/341
|move|p1a: Jirachi|Moonblast|p2a: Aggron
|-resisted|p2a: Aggron
|-damage|p2a: Aggron|287\/341
|-unboost|p2a: Aggron|spa|1
|
|-heal|p1a: Jirachi|262\/341 brn|[from] item: Leftovers
|-damage|p1a: Jirachi|220\/341 brn|[from] brn
|turn|4
|join|sonofthecarpenter
|c|âdynamic testing|rip my sp atk
|
|detailschange|p2a: Aggron|Aggron-Mega, M
|message|Aggron has Mega Evolved into Mega Aggron!
|move|p1a: Jirachi|Moonblast|p2a: Aggron
|-resisted|p2a: Aggron
|-damage|p2a: Aggron|242\/341
|move|p2a: Aggron|Stealth Rock|p1a: Jirachi
|-sidestart|p1: some weird shit|move: Stealth Rock
|
|-heal|p1a: Jirachi|241\/341 brn|[from] item: Leftovers
|-damage|p1a: Jirachi|199\/341 brn|[from] brn
|turn|5
|c|âsome weird shit|!learn aggron, thunder, surf, solarbeam
|raw|<div class="infobox">Aggron <span class="message-learn-canlearn">can<\/span> learn these moves<\/ul><\/div>
|
|switch|p2a: Chandelure|Chandelure, F|261\/261
|move|p1a: Jirachi|Moonblast|p2a: Chandelure
|-resisted|p2a: Chandelure
|-damage|p2a: Chandelure|206\/261
|-unboost|p2a: Chandelure|spa|1
|
|-heal|p1a: Jirachi|220\/341 brn|[from] item: Leftovers
|-damage|p1a: Jirachi|178\/341 brn|[from] brn
|turn|6
|join|Luna bleve in god
|
|move|p1a: Jirachi|Psyshock|p2a: Chandelure
|-damage|p2a: Chandelure|74\/261
|move|p2a: Chandelure|Shadow Ball|p1a: Jirachi
|-supereffective|p1a: Jirachi
|-damage|p1a: Jirachi|0 fnt
|-damage|p2a: Chandelure|48\/261|[from] item: Life Orb
|faint|p1a: Jirachi
|
|
|switch|p1a: Krookodile|Krookodile, F|331\/331
|-damage|p1a: Krookodile|311\/331|[from] Stealth Rock
|-ability|p1a: Krookodile|Intimidate|[of] p2a: Chandelure
|-unboost|p2a: Chandelure|atk|1
|turn|7
|
|move|p1a: Krookodile|Pursuit|p2a: Chandelure
|-crit|p2a: Chandelure
|-supereffective|p2a: Chandelure
|-damage|p2a: Chandelure|0 fnt
|faint|p2a: Chandelure
|
|join|Luna is all
|join|Luna was and is
|
|switch|p2a: Florges|Florges, F|360\/360
|turn|8
|
|move|p1a: Krookodile|Earthquake|p2a: Florges
|-damage|p2a: Florges|192\/360
|move|p2a: Florges|Moonblast|p1a: Krookodile
|-supereffective|p1a: Krookodile
|-damage|p1a: Krookodile|0 fnt
|faint|p1a: Krookodile
|
|-heal|p2a: Florges|214\/360|[from] item: Leftovers
|c|âsome weird shit|rip my fairy checks
|
|switch|p1a: Golurk|Golurk|379\/379
|-damage|p1a: Golurk|356\/379|[from] Stealth Rock
|turn|9
|
|switch|p2a: Suicune|Suicune|404\/404
|-ability|p2a: Suicune|Pressure
|move|p1a: Golurk|Stealth Rock|p2a: Suicune
|-sidestart|p2: dynamic testing|move: Stealth Rock
|
|turn|10
|c|âdynamic testing|kek
|
|switch|p1a: Whimsicott|Whimsicott, M|225\/261
|-damage|p1a: Whimsicott|193\/261|[from] Stealth Rock
|move|p2a: Suicune|Scald|p1a: Whimsicott
|-resisted|p1a: Whimsicott
|-damage|p1a: Whimsicott|137\/261
|
|-heal|p1a: Whimsicott|153\/261|[from] item: Leftovers
|turn|11
|c| Luna was and is|I like thatgolurk ngl
|
|switch|p2a: Crobat|Crobat, M|331\/331
|-damage|p2a: Crobat|249\/331|[from] Stealth Rock
|move|p1a: Whimsicott|Giga Drain|p2a: Crobat
|-resisted|p2a: Crobat
|-damage|p2a: Crobat|220\/331
|-heal|p1a: Whimsicott|168\/261|[from] drain|[of] p2a: Crobat
|
|-heal|p1a: Whimsicott|184\/261|[from] item: Leftovers
|turn|12
|
|switch|p1a: Golurk|Golurk|356\/379
|-damage|p1a: Golurk|333\/379|[from] Stealth Rock
|move|p2a: Crobat|Brave Bird|p1a: Golurk
|-crit|p1a: Golurk
|-damage|p1a: Golurk|0 fnt
|-damage|p2a: Crobat|110\/331|[from] recoil|[of] p1a: Golurk
|faint|p1a: Golurk
|
|c|âdynamic testing|rip the bird checks
|c|âsome weird shit|wop
|
|switch|p1a: Mienshao|Mienshao, F|271\/271
|-damage|p1a: Mienshao|255\/271|[from] Stealth Rock
|turn|13
|c| Luna was and is|o
|
|switch|p2a: Scrafty|Scrafty, F|334\/334
|-damage|p2a: Scrafty|314\/334|[from] Stealth Rock
|move|p1a: Mienshao|Knock Off|p2a: Scrafty
|-resisted|p2a: Scrafty
|-damage|p2a: Scrafty|290\/334
|-enditem|p2a: Scrafty|Leftovers|[from] move: Knock Off|[of] p1a: Mienshao
|
|turn|14
|c|âsome weird shit|oh
|c|âsome weird shit|i swear
|c|âsome weird shit|i canceled
|c|âsome weird shit|owel
|c|âdynamic testing|p jab inc
|
|switch|p1a: Whimsicott|Whimsicott, M|184\/261
|-damage|p1a: Whimsicott|152\/261|[from] Stealth Rock
|move|p2a: Scrafty|Knock Off|p1a: Whimsicott
|-resisted|p1a: Whimsicott
|-damage|p1a: Whimsicott|91\/261
|-enditem|p1a: Whimsicott|Leftovers|[from] move: Knock Off|[of] p2a: Scrafty
|
|turn|15
|
|switch|p2a: Florges|Florges, F|214\/360
|-damage|p2a: Florges|169\/360|[from] Stealth Rock
|move|p1a: Whimsicott|Moonblast|p2a: Florges
|-damage|p2a: Florges|97\/360
|-unboost|p2a: Florges|spa|1
|
|-heal|p2a: Florges|119\/360|[from] item: Leftovers
|turn|16
|
|move|p1a: Whimsicott|Moonblast|p2a: Florges
|-damage|p2a: Florges|40\/360
|move|p2a: Florges|Wish|p2a: Florges
|
|-heal|p2a: Florges|62\/360|[from] item: Leftovers
|turn|17
|c|âsome weird shit|soryr
|
|move|p2a: Florges|Protect|p2a: Florges
|-singleturn|p2a: Florges|Protect
|move|p1a: Whimsicott|Moonblast|p2a: Florges
|-activate|p2a: Florges|Protect
|
|-heal|p2a: Florges|242\/360|[from] move: Wish|[wisher] Florges
|-heal|p2a: Florges|264\/360|[from] item: Leftovers
|turn|18
|c|âdynamic testing|np
|
|move|p1a: Whimsicott|Moonblast|p2a: Florges
|-damage|p2a: Florges|185\/360
|move|p2a: Florges|Moonblast|p1a: Whimsicott
|-damage|p1a: Whimsicott|0 fnt
|faint|p1a: Whimsicott
|
|-heal|p2a: Florges|207\/360|[from] item: Leftovers
|
|switch|p1a: Alakazam|Alakazam, F|252\/252
|turn|19
|c|âsome weird shit|no tiers
|
|switch|p2a: Aggron|Aggron-Mega, M|242\/341
|-damage|p2a: Aggron|221\/341|[from] Stealth Rock
|detailschange|p1a: Alakazam|Alakazam-Mega, F
|message|Alakazam has Mega Evolved into Mega Alakazam!
|-ability|p1a: Alakazam|Filter|[from] ability: Trace|[of] p2a: Aggron
|move|p1a: Alakazam|Calm Mind|p1a: Alakazam
|-boost|p1a: Alakazam|spa|1
|-boost|p1a: Alakazam|spd|1
|
|turn|20
|
|move|p1a: Alakazam|Shadow Ball|p2a: Aggron
|-damage|p2a: Aggron|48\/341
|move|p2a: Aggron|Heavy Slam|p1a: Alakazam
|-damage|p1a: Alakazam|0 fnt
|faint|p1a: Alakazam
|
|c|âsome weird shit|owel
|c|âsome weird shit|gg
|c|âdynamic testing|gg
|
|switch|p1a: Mienshao|Mienshao, F|255\/271
|-damage|p1a: Mienshao|239\/271|[from] Stealth Rock
|turn|21
|
|move|p1a: Mienshao|High Jump Kick|p2a: Aggron
|-supereffective|p2a: Aggron
|-damage|p2a: Aggron|0 fnt
|faint|p2a: Aggron
|
|
|switch|p2a: Suicune|Suicune|404\/404
|-damage|p2a: Suicune|354\/404|[from] Stealth Rock
|-ability|p2a: Suicune|Pressure
|turn|22
|
|move|p1a: Mienshao|High Jump Kick|p2a: Suicune|[miss]
|-miss|p1a: Mienshao|p2a: Suicune
|-damage|p1a: Mienshao|104\/271|[from] highjumpkick
|move|p2a: Suicune|Scald|p1a: Mienshao
|-damage|p1a: Mienshao|0 fnt
|faint|p1a: Mienshao
|
|win|dynamic testing
|raw|Ladder updating...
|raw|some weird shit's rating: 1686 &rarr; <strong>1663<\/strong><br \/>(-23 for losing)
|raw|dynamic testing's rating: 1632 &rarr; <strong>1655<\/strong><br \/>(+23 for winning)
|c|âdynamic testing|man this acc
|c|âdynamic testing|is higher than my main