|join|some weird shit
|join|fatd
|player|p1|some weird shit|171
|player|p2|fatd|278
|gametype|singles
|gen|6
|tier|UU
|rated
|rule|Sleep Clause Mod: Limit one foe put to sleep
|rule|Species Clause: Limit one of each PokÃ©mon
|rule|OHKO Clause: OHKO moves are banned
|rule|Moody Clause: Moody is banned
|rule|Evasion Moves Clause: Evasion moves are banned
|rule|Endless Battle Clause: Forcing endless battles is banned
|rule|HP Percentage Mod: HP is shown in percentages
|clearpoke
|poke|p1|Roserade, M
|poke|p1|Krookodile, M
|poke|p1|Flygon, F
|poke|p1|Lucario, M
|poke|p1|Blastoise, M
|poke|p1|Sableye, F
|poke|p2|Entei, shiny
|poke|p2|Amoonguss, M
|poke|p2|Krookodile, M
|poke|p2|Vaporeon, F
|poke|p2|Doublade, M
|poke|p2|Togetic, M
|rule|Swagger Clause: Swagger is banned
|rule|Baton Pass Clause: Limit one PokÃ©mon knowing Baton Pass
|teampreview
|c|âfatd|glhf
|
|start
|switch|p1a: Krookodile|Krookodile, M|394\/394
|switch|p2a: pingas|Togetic, M|314\/314
|-ability|p1a: Krookodile|Intimidate|[of] p2a: pingas
|-unboost|p2a: pingas|atk|1
|turn|1
|
|move|p1a: Krookodile|Knock Off|p2a: pingas
|-resisted|p2a: pingas
|-damage|p2a: pingas|263\/314
|-enditem|p2a: pingas|Eviolite|[from] move: Knock Off|[of] p1a: Krookodile
|move|p2a: pingas|Thunder Wave|p1a: Krookodile
|-immune|p1a: Krookodile|[msg]
|
|turn|2
|
|switch|p1a: Roserade|Roserade, M|261\/261
|move|p2a: pingas|Roost|p2a: pingas
|-heal|p2a: pingas|314\/314
|
|turn|3
|
|switch|p2a: Entei|Entei, shiny|372\/372
|-ability|p2a: Entei|Pressure
|move|p1a: Roserade|Sludge Bomb|p2a: Entei
|-damage|p2a: Entei|243\/372
|
|turn|4
|
|switch|p1a: Blastoise|Blastoise, M|326\/326
|move|p2a: Entei|Sacred Fire|p1a: Blastoise
|-resisted|p1a: Blastoise
|-damage|p1a: Blastoise|236\/326
|
|turn|5
|
|switch|p2a: puff puff pass|Vaporeon, F|464\/464
|switch|p1a: Roserade|Roserade, M|261\/261
|
|turn|6
|
|move|p2a: puff puff pass|Protect|p2a: puff puff pass
|-singleturn|p2a: puff puff pass|Protect
|move|p1a: Roserade|Spikes|p2a: puff puff pass
|-sidestart|p2: fatd|Spikes
|
|turn|7
|
|move|p1a: Roserade|Sleep Powder|p2a: puff puff pass
|-status|p2a: puff puff pass|slp
|cant|p2a: puff puff pass|slp
|
|turn|8
|
|switch|p1a: Krookodile|Krookodile, M|394\/394
|-ability|p1a: Krookodile|Intimidate|[of] p2a: puff puff pass
|-unboost|p2a: puff puff pass|atk|1
|switch|p2a: don't Ban me|Doublade, M|322\/322
|-damage|p2a: don't Ban me|282\/322|[from] Spikes
|
|turn|9
|
|switch|p2a: pingas|Togetic, M|314\/314
|move|p1a: Krookodile|Stealth Rock|p2a: pingas
|-sidestart|p2: fatd|move: Stealth Rock
|
|turn|10
|
|move|p1a: Krookodile|Taunt|p2a: pingas
|-start|p2a: pingas|move: Taunt
|cant|p2a: pingas|move: Taunt|Defog
|
|turn|11
|
|switch|p1a: Roserade|Roserade, M|261\/261
|move|p2a: pingas|Dazzling Gleam|p1a: Roserade
|-resisted|p1a: Roserade
|-damage|p1a: Roserade|222\/261
|
|-heal|p1a: Roserade|238\/261|[from] item: Black Sludge
|turn|12
|
|switch|p1a: Krookodile|Krookodile, M|394\/394
|-ability|p1a: Krookodile|Intimidate|[of] p2a: pingas
|-unboost|p2a: pingas|atk|1
|switch|p2a: don't Ban me|Doublade, M|282\/322
|-damage|p2a: don't Ban me|262\/322|[from] Stealth Rock
|-damage|p2a: don't Ban me|222\/322|[from] Spikes
|
|turn|13
|
|switch|p2a: pingas|Togetic, M|314\/314
|-damage|p2a: pingas|236\/314|[from] Stealth Rock
|move|p1a: Krookodile|Knock Off|p2a: pingas
|-resisted|p2a: pingas
|-damage|p2a: pingas|184\/314
|
|turn|14
|
|move|p1a: Krookodile|Taunt|p2a: pingas
|-start|p2a: pingas|move: Taunt
|move|p2a: pingas|Dazzling Gleam|p1a: Krookodile
|-supereffective|p1a: Krookodile
|-damage|p1a: Krookodile|178\/394
|
|-heal|p1a: Krookodile|202\/394|[from] item: Leftovers
|turn|15
|
|switch|p1a: Roserade|Roserade, M|238\/261
|switch|p2a: dee dee dee|Amoonguss, M|432\/432
|-damage|p2a: dee dee dee|378\/432|[from] Stealth Rock
|-damage|p2a: dee dee dee|324\/432|[from] Spikes
|
|-heal|p1a: Roserade|254\/261|[from] item: Black Sludge
|-heal|p2a: dee dee dee|351\/432|[from] item: Black Sludge
|turn|16
|join|So Dynamic
|
|move|p1a: Roserade|Spikes|p2a: dee dee dee
|-sidestart|p2: fatd|Spikes
|move|p2a: dee dee dee|Spore|p1a: Roserade
|-fail|p1a: Roserade
|
|-heal|p1a: Roserade|261\/261|[from] item: Black Sludge
|-heal|p2a: dee dee dee|378\/432|[from] item: Black Sludge
|turn|17
|
|move|p1a: Roserade|Sludge Bomb|p2a: dee dee dee
|-damage|p2a: dee dee dee|177\/432
|move|p2a: dee dee dee|Sludge Bomb|p1a: Roserade
|-damage|p1a: Roserade|165\/261
|
|-heal|p1a: Roserade|181\/261|[from] item: Black Sludge
|-heal|p2a: dee dee dee|204\/432|[from] item: Black Sludge
|turn|18
|
|switch|p1a: Sableye|Sableye, F|304\/304
|switch|p2a: don't Ban me|Doublade, M|222\/322
|-damage|p2a: don't Ban me|202\/322|[from] Stealth Rock
|-damage|p2a: don't Ban me|149\/322|[from] Spikes
|
|turn|19
|
|switch|p2a: pingas|Togetic, M|184\/314
|-damage|p2a: pingas|106\/314|[from] Stealth Rock
|move|p1a: Sableye|Knock Off|p2a: pingas
|-resisted|p2a: pingas
|-damage|p2a: pingas|71\/314
|
|turn|20
|
|move|p1a: Sableye|Taunt|p2a: pingas
|-start|p2a: pingas|move: Taunt
|cant|p2a: pingas|move: Taunt|Defog
|
|turn|21
|
|switch|p1a: Roserade|Roserade, M|181\/261
|switch|p2a: Entei|Entei, shiny|243\/372
|-damage|p2a: Entei|181\/372|[from] Spikes
|-damage|p2a: Entei|88\/372|[from] Stealth Rock
|-ability|p2a: Entei|Pressure
|
|-heal|p1a: Roserade|197\/261|[from] item: Black Sludge
|turn|22
|
|move|p1a: Roserade|Sludge Bomb|p2a: Entei
|-damage|p2a: Entei|0 fnt
|faint|p2a: Entei
|
|-heal|p1a: Roserade|213\/261|[from] item: Black Sludge
|-message|fatd forfeited.
|
|win|some weird shit
|raw|Ladder updating...
|leave|fatd
|player|p2
|raw|some weird shit's rating: 1655 &rarr; <strong>1666<\/strong><br \/>(+11 for winning)
|raw|fatd's rating: 1481 &rarr; <strong>1470<\/strong><br \/>(-11 for losing)