|join|some weird shit
|join|Kai Kun
|player|p1|some weird shit|171
|player|p2|Kai Kun|266
|gametype|singles
|gen|6
|tier|UU
|rated
|rule|Sleep Clause Mod: Limit one foe put to sleep
|rule|Species Clause: Limit one of each PokÃ©mon
|rule|OHKO Clause: OHKO moves are banned
|rule|Moody Clause: Moody is banned
|rule|Evasion Moves Clause: Evasion moves are banned
|rule|Endless Battle Clause: Forcing endless battles is banned
|rule|HP Percentage Mod: HP is shown in percentages
|clearpoke
|poke|p1|Infernape, F
|poke|p1|Azelf
|poke|p1|Suicune
|poke|p1|Raikou
|poke|p1|Gallade, M
|poke|p1|Krookodile, M
|poke|p2|Lopunny, M, shiny
|poke|p2|Jirachi, shiny
|poke|p2|Alomomola, F, shiny
|poke|p2|Arcanine, F, shiny
|poke|p2|Eelektross, M
|poke|p2|Gligar, F, shiny
|rule|Swagger Clause: Swagger is banned
|rule|Baton Pass Clause: Limit one PokÃ©mon knowing Baton Pass
|teampreview
|
|start
|switch|p1a: Gallade|Gallade, M|277\/277
|switch|p2a: R-K-9|Arcanine, F, shiny|383\/383
|-ability|p2a: R-K-9|Intimidate|[of] p1a: Gallade
|-unboost|p1a: Gallade|atk|1
|turn|1
|
|switch|p1a: Azelf|Azelf|291\/291
|move|p2a: R-K-9|Will-O-Wisp|p1a: Azelf
|-status|p1a: Azelf|brn
|
|-damage|p1a: Azelf|255\/291 brn|[from] brn
|turn|2
|
|move|p1a: Azelf|Stealth Rock|p2a: R-K-9
|-sidestart|p2: Kai Kun|move: Stealth Rock
|move|p2a: R-K-9|Flare Blitz|p1a: Azelf
|-damage|p1a: Azelf|45\/291 brn
|-damage|p2a: R-K-9|314\/383|[from] recoil|[of] p1a: Azelf
|
|-heal|p2a: R-K-9|337\/383|[from] item: Leftovers
|-damage|p1a: Azelf|9\/291 brn|[from] brn
|turn|3
|
|move|p1a: Azelf|Psyshock|p2a: R-K-9
|-damage|p2a: R-K-9|216\/383
|move|p2a: R-K-9|Morning Sun|p2a: R-K-9
|-heal|p2a: R-K-9|383\/383
|
|-damage|p1a: Azelf|0 fnt|[from] brn
|faint|p1a: Azelf
|
|switch|p1a: Suicune|Suicune|399\/399
|-ability|p1a: Suicune|Pressure
|turn|4
|
|move|p1a: Suicune|Scald|p2a: R-K-9
|-supereffective|p2a: R-K-9
|-damage|p2a: R-K-9|77\/383
|move|p2a: R-K-9|Roar|p1a: Suicune
|drag|p1a: Infernape|Infernape, F|293\/293
|
|-heal|p2a: R-K-9|100\/383|[from] item: Leftovers
|turn|5
|
|switch|p2a: Bob|Gligar, F, shiny|333\/333
|-damage|p2a: Bob|292\/333|[from] Stealth Rock
|move|p1a: Infernape|Swords Dance|p1a: Infernape
|-boost|p1a: Infernape|atk|2
|
|turn|6
|
|move|p1a: Infernape|Flare Blitz|p2a: Bob
|-damage|p2a: Bob|53\/333
|-damage|p1a: Infernape|214\/293|[from] recoil|[of] p2a: Bob
|-damage|p1a: Infernape|185\/293|[from] item: Life Orb
|move|p2a: Bob|Defog|p1a: Infernape
|-unboost|p1a: Infernape|evasion|1
|-sideend|p2: Kai Kun|Stealth Rock|[from] move: Defog|[of] p2a: Bob
|
|turn|7
|
|switch|p2a: Nasuki|Alomomola, F, shiny|529\/529
|move|p1a: Infernape|Close Combat|p2a: Nasuki
|-damage|p2a: Nasuki|21\/529
|-unboost|p1a: Infernape|def|1
|-unboost|p1a: Infernape|spd|1
|-damage|p1a: Infernape|156\/293|[from] item: Life Orb
|
|-heal|p2a: Nasuki|54\/529|[from] item: Leftovers
|turn|8
|
|move|p2a: Nasuki|Protect|p2a: Nasuki
|-singleturn|p2a: Nasuki|Protect
|move|p1a: Infernape|Close Combat|p2a: Nasuki
|-activate|p2a: Nasuki|Protect
|
|-heal|p2a: Nasuki|87\/529|[from] item: Leftovers
|turn|9
|
|move|p1a: Infernape|Close Combat|p2a: Nasuki
|-damage|p2a: Nasuki|0 fnt
|-unboost|p1a: Infernape|def|1
|-unboost|p1a: Infernape|spd|1
|-damage|p1a: Infernape|127\/293|[from] item: Life Orb
|faint|p2a: Nasuki
|
|
|switch|p2a: Naomi|Lopunny, M, shiny|271\/271
|turn|10
|
|detailschange|p2a: Naomi|Lopunny-Mega, M, shiny
|message|Lopunny has Mega Evolved into Mega Lopunny!
|move|p1a: Infernape|Close Combat|p2a: Naomi
|-supereffective|p2a: Naomi
|-damage|p2a: Naomi|0 fnt
|-unboost|p1a: Infernape|def|1
|-unboost|p1a: Infernape|spd|1
|-damage|p1a: Infernape|98\/293|[from] item: Life Orb
|faint|p2a: Naomi
|
|-message|Kai Kun forfeited.
|
|win|some weird shit
|raw|Ladder updating...
|leave|Kai Kun
|player|p2