|join|some weird shit
|join|Princess Jesus
|player|p1|some weird shit|171
|player|p2|Princess Jesus|211
|gametype|singles
|gen|6
|tier|UU
|rated
|rule|Sleep Clause Mod: Limit one foe put to sleep
|rule|Species Clause: Limit one of each PokÃ©mon
|rule|OHKO Clause: OHKO moves are banned
|rule|Moody Clause: Moody is banned
|rule|Evasion Moves Clause: Evasion moves are banned
|rule|Endless Battle Clause: Forcing endless battles is banned
|rule|HP Percentage Mod: HP is shown in percentages
|clearpoke
|poke|p1|Mienshao, M
|poke|p1|Krookodile, M
|poke|p1|Suicune
|poke|p1|Aggron, F
|poke|p1|Chandelure, M
|poke|p1|Whimsicott, M
|poke|p2|Machamp, M
|poke|p2|Vaporeon, F
|poke|p2|Hippowdon, M
|poke|p2|Alakazam, M
|poke|p2|Trevenant, F
|poke|p2|Hydreigon, M
|rule|Swagger Clause: Swagger is banned
|rule|Baton Pass Clause: Limit one PokÃ©mon knowing Baton Pass
|teampreview
|
|start
|switch|p1a: Aggron|Aggron, F|344\/344
|switch|p2a: Hydreigon|Hydreigon, M|325\/325
|turn|1
|
|detailschange|p1a: Aggron|Aggron-Mega, F
|message|Aggron has Mega Evolved into Mega Aggron!
|move|p2a: Hydreigon|Flamethrower|p1a: Aggron
|-supereffective|p1a: Aggron
|-damage|p1a: Aggron|128\/344
|move|p1a: Aggron|Stealth Rock|p2a: Hydreigon
|-sidestart|p2: Princess Jesus|move: Stealth Rock
|
|turn|2
|
|switch|p2a: Alakazam|Alakazam, M|252\/252
|move|p1a: Aggron|Toxic|p2a: Alakazam
|-status|p2a: Alakazam|tox
|
|turn|3
|join|DatLatias
|
|move|p2a: Alakazam|Encore|p1a: Aggron
|-start|p1a: Aggron|Encore
|move|p1a: Aggron|Toxic|p2a: Alakazam
|-fail|p2a: Alakazam|tox
|
|turn|4
|c| DatLatias|donk
|
|switch|p1a: Suicune|Suicune|367\/367
|-ability|p1a: Suicune|Pressure
|move|p2a: Alakazam|Shadow Ball|p1a: Suicune
|-damage|p1a: Suicune|284\/367
|-unboost|p1a: Suicune|spd|1
|
|-heal|p1a: Suicune|306\/367|[from] item: Leftovers
|turn|5
|c|âsome weird shit|sick.
|
|move|p2a: Alakazam|Shadow Ball|p1a: Suicune
|-damage|p1a: Suicune|171\/367
|move|p1a: Suicune|Scald|p2a: Alakazam
|-damage|p2a: Alakazam|126\/252 tox
|
|-heal|p1a: Suicune|193\/367|[from] item: Leftovers
|turn|6
|c| DatLatias|epic
|
|switch|p2a: Vaporeon|Vaporeon, F|464\/464
|-damage|p2a: Vaporeon|406\/464|[from] Stealth Rock
|move|p1a: Suicune|Scald|p2a: Vaporeon
|-heal|p2a: Vaporeon|464\/464|[from] ability: Water Absorb|[of] p1a: Suicune
|
|-heal|p1a: Suicune|215\/367|[from] item: Leftovers
|turn|7
|
|switch|p1a: Whimsicott|Whimsicott, M|261\/261
|move|p2a: Vaporeon|Wish|p2a: Vaporeon
|
|turn|8
|
|switch|p2a: Alakazam|Alakazam, M|126\/252 tox
|move|p1a: Whimsicott|Moonblast|p2a: Alakazam
|-damage|p2a: Alakazam|5\/252 tox
|
|-heal|p2a: Alakazam|237\/252 tox|[from] move: Wish|[wisher] Vaporeon
|turn|9
|
|move|p2a: Alakazam|Psyshock|p1a: Whimsicott
|-damage|p1a: Whimsicott|83\/261
|move|p1a: Whimsicott|U-turn|p2a: Alakazam
|-supereffective|p2a: Alakazam
|-damage|p2a: Alakazam|91\/252 tox
|
|switch|p1a: Mienshao|Mienshao, M|271\/271
|
|turn|10
|
|move|p1a: Mienshao|U-turn|p2a: Alakazam
|-supereffective|p2a: Alakazam
|-damage|p2a: Alakazam|0 fnt
|faint|p2a: Alakazam
|
|switch|p1a: Krookodile|Krookodile, M|331\/331
|
|
|switch|p2a: Machamp|Machamp, M|384\/384
|-damage|p2a: Machamp|360\/384|[from] Stealth Rock
|turn|11
|
|move|p1a: Krookodile|Earthquake|p2a: Machamp
|-damage|p2a: Machamp|158\/384
|move|p2a: Machamp|Dynamic Punch|p1a: Krookodile
|-supereffective|p1a: Krookodile
|-damage|p1a: Krookodile|0 fnt
|faint|p1a: Krookodile
|
|
|switch|p1a: Chandelure|Chandelure, M|261\/261
|turn|12
|
|switch|p2a: Hydreigon|Hydreigon, M|325\/325
|-damage|p2a: Hydreigon|285\/325|[from] Stealth Rock
|move|p1a: Chandelure|Shadow Ball|p2a: Hydreigon
|-resisted|p2a: Hydreigon
|-damage|p2a: Hydreigon|169\/325
|
|turn|13
|
|switch|p1a: Suicune|Suicune|215\/367
|-ability|p1a: Suicune|Pressure
|move|p2a: Hydreigon|Draco Meteor|p1a: Suicune
|-damage|p1a: Suicune|11\/367
|-unboost|p2a: Hydreigon|spa|2
|
|-heal|p1a: Suicune|33\/367|[from] item: Leftovers
|turn|14
|
|switch|p1a: Whimsicott|Whimsicott, M|83\/261
|move|p2a: Hydreigon|Draco Meteor|p1a: Whimsicott
|-immune|p1a: Whimsicott|[msg]
|
|-heal|p1a: Whimsicott|99\/261|[from] item: Leftovers
|turn|15
|
|switch|p2a: Vaporeon|Vaporeon, F|464\/464
|-damage|p2a: Vaporeon|406\/464|[from] Stealth Rock
|move|p1a: Whimsicott|U-turn|p2a: Vaporeon
|-damage|p2a: Vaporeon|373\/464
|
|switch|p1a: Suicune|Suicune|33\/367
|-ability|p1a: Suicune|Pressure
|
|-heal|p1a: Suicune|55\/367|[from] item: Leftovers
|-heal|p2a: Vaporeon|402\/464|[from] item: Leftovers
|turn|16
|
|switch|p1a: Whimsicott|Whimsicott, M|99\/261
|move|p2a: Vaporeon|Wish|p2a: Vaporeon
|
|-heal|p1a: Whimsicott|115\/261|[from] item: Leftovers
|-heal|p2a: Vaporeon|431\/464|[from] item: Leftovers
|turn|17
|
|switch|p2a: Machamp|Machamp, M|158\/384
|-damage|p2a: Machamp|134\/384|[from] Stealth Rock
|move|p1a: Whimsicott|Moonblast|p2a: Machamp
|-supereffective|p2a: Machamp
|-damage|p2a: Machamp|0 fnt
|faint|p2a: Machamp
|
|-heal|p1a: Whimsicott|131\/261|[from] item: Leftovers
|
|switch|p2a: Hydreigon|Hydreigon, M|169\/325
|-damage|p2a: Hydreigon|129\/325|[from] Stealth Rock
|turn|18
|
|switch|p1a: Suicune|Suicune|55\/367
|-ability|p1a: Suicune|Pressure
|move|p2a: Hydreigon|Flamethrower|p1a: Suicune
|-resisted|p1a: Suicune
|-damage|p1a: Suicune|4\/367
|
|-heal|p1a: Suicune|26\/367|[from] item: Leftovers
|turn|19
|
|switch|p2a: Vaporeon|Vaporeon, F|431\/464
|-damage|p2a: Vaporeon|373\/464|[from] Stealth Rock
|switch|p1a: Chandelure|Chandelure, M|261\/261
|
|-heal|p2a: Vaporeon|402\/464|[from] item: Leftovers
|turn|20
|
|move|p1a: Chandelure|Energy Ball|p2a: Vaporeon
|-supereffective|p2a: Vaporeon
|-damage|p2a: Vaporeon|48\/464
|move|p2a: Vaporeon|Wish|p2a: Vaporeon
|
|-heal|p2a: Vaporeon|77\/464|[from] item: Leftovers
|turn|21
|
|switch|p1a: Whimsicott|Whimsicott, M|131\/261
|switch|p2a: Hydreigon|Hydreigon, M|129\/325
|-damage|p2a: Hydreigon|89\/325|[from] Stealth Rock
|
|-heal|p2a: Hydreigon|321\/325|[from] move: Wish|[wisher] Vaporeon
|-heal|p1a: Whimsicott|147\/261|[from] item: Leftovers
|turn|22
|
|switch|p1a: Suicune|Suicune|26\/367
|-ability|p1a: Suicune|Pressure
|move|p2a: Hydreigon|Dark Pulse|p1a: Suicune
|-damage|p1a: Suicune|0 fnt
|faint|p1a: Suicune
|
|
|switch|p1a: Whimsicott|Whimsicott, M|147\/261
|turn|23
|
|move|p2a: Hydreigon|Dark Pulse|p1a: Whimsicott
|-resisted|p1a: Whimsicott
|-damage|p1a: Whimsicott|54\/261
|move|p1a: Whimsicott|Moonblast|p2a: Hydreigon
|-supereffective|p2a: Hydreigon
|-damage|p2a: Hydreigon|0 fnt
|faint|p2a: Hydreigon
|
|-heal|p1a: Whimsicott|70\/261|[from] item: Leftovers
|
|switch|p2a: Trevenant|Trevenant, F|374\/374
|-damage|p2a: Trevenant|328\/374|[from] Stealth Rock
|turn|24
|
|move|p1a: Whimsicott|Moonblast|p2a: Trevenant
|-damage|p2a: Trevenant|229\/374
|move|p2a: Trevenant|Will-O-Wisp|p1a: Whimsicott
|-status|p1a: Whimsicott|brn
|
|-heal|p1a: Whimsicott|86\/261 brn|[from] item: Leftovers
|-damage|p1a: Whimsicott|54\/261 brn|[from] brn
|turn|25
|
|move|p1a: Whimsicott|Encore|p2a: Trevenant
|-start|p2a: Trevenant|Encore
|move|p2a: Trevenant|Will-O-Wisp|p1a: Whimsicott
|-fail|p1a: Whimsicott|brn
|
|-heal|p1a: Whimsicott|70\/261 brn|[from] item: Leftovers
|-damage|p1a: Whimsicott|38\/261 brn|[from] brn
|turn|26
|
|move|p1a: Whimsicott|U-turn|p2a: Trevenant
|-damage|p2a: Trevenant|208\/374
|
|switch|p1a: Chandelure|Chandelure, M|261\/261
|move|p2a: Trevenant|Will-O-Wisp|p1a: Chandelure
|-start|p1a: Chandelure|ability: Flash Fire
|
|turn|27
|
|switch|p2a: Hippowdon|Hippowdon, M|420\/420
|-damage|p2a: Hippowdon|394\/420|[from] Stealth Rock
|-weather|Sandstorm
|move|p1a: Chandelure|Fire Blast|p2a: Hippowdon
|-damage|p2a: Hippowdon|0 fnt
|faint|p2a: Hippowdon
|
|-weather|Sandstorm|[upkeep]
|-damage|p1a: Chandelure|245\/261|[from] sandstorm
|
|switch|p2a: Vaporeon|Vaporeon, F|77\/464
|-damage|p2a: Vaporeon|19\/464|[from] Stealth Rock
|turn|28
|
|move|p1a: Chandelure|Fire Blast|p2a: Vaporeon
|-resisted|p2a: Vaporeon
|-damage|p2a: Vaporeon|0 fnt
|faint|p2a: Vaporeon
|
|-weather|Sandstorm|[upkeep]
|-damage|p1a: Chandelure|229\/261|[from] sandstorm
|
|switch|p2a: Trevenant|Trevenant, F|208\/374
|-damage|p2a: Trevenant|162\/374|[from] Stealth Rock
|turn|29
|
|move|p1a: Chandelure|Fire Blast|p2a: Trevenant
|-supereffective|p2a: Trevenant
|-damage|p2a: Trevenant|0 fnt
|faint|p2a: Trevenant
|
|win|some weird shit
|raw|Ladder updating...
|raw|some weird shit's rating: 1661 &rarr; <strong>1671<\/strong><br \/>(+10 for winning)
|raw|Princess Jesus's rating: 1453 &rarr; <strong>1444<\/strong><br \/>(-9 for losing)