|join|some weird shit
|join|Valaelael
|player|p1|some weird shit|171
|player|p2|Valaelael|155
|gametype|singles
|gen|6
|tier|UU
|rated
|rule|Sleep Clause Mod: Limit one foe put to sleep
|rule|Species Clause: Limit one of each PokÃ©mon
|rule|OHKO Clause: OHKO moves are banned
|rule|Moody Clause: Moody is banned
|rule|Evasion Moves Clause: Evasion moves are banned
|rule|Endless Battle Clause: Forcing endless battles is banned
|rule|HP Percentage Mod: HP is shown in percentages
|clearpoke
|poke|p1|Mienshao, F
|poke|p1|Krookodile, F
|poke|p1|Jirachi, shiny
|poke|p1|Whimsicott, F
|poke|p1|Golurk
|poke|p1|Alakazam, F
|poke|p2|Absol, F
|poke|p2|Darmanitan, M
|poke|p2|Starmie
|poke|p2|Galvantula, F, shiny
|poke|p2|Donphan, M
|poke|p2|Shaymin, shiny
|rule|Swagger Clause: Swagger is banned
|rule|Baton Pass Clause: Limit one PokÃ©mon knowing Baton Pass
|teampreview
|
|start
|switch|p1a: Golurk|Golurk|379\/379
|switch|p2a: Aggmen|Donphan, M|384\/384
|turn|1
|
|move|p1a: Golurk|Dynamic Punch|p2a: Aggmen
|-damage|p2a: Aggmen|305\/384
|-start|p2a: Aggmen|confusion
|-activate|p2a: Aggmen|confusion
|move|p2a: Aggmen|Knock Off|p1a: Golurk
|-supereffective|p1a: Golurk
|-enditem|p1a: Golurk|Colbur Berry|[eat]
|-damage|p1a: Golurk|279\/379
|
|-heal|p2a: Aggmen|329\/384|[from] item: Leftovers
|turn|2
|
|move|p1a: Golurk|Earthquake|p2a: Aggmen
|-damage|p2a: Aggmen|218\/384
|-end|p2a: Aggmen|confusion
|move|p2a: Aggmen|Stealth Rock|p1a: Golurk
|-sidestart|p1: some weird shit|move: Stealth Rock
|
|-heal|p2a: Aggmen|242\/384|[from] item: Leftovers
|turn|3
|
|move|p1a: Golurk|Dynamic Punch|p2a: Aggmen
|-damage|p2a: Aggmen|158\/384
|-start|p2a: Aggmen|confusion
|-activate|p2a: Aggmen|confusion
|move|p2a: Aggmen|Earthquake|p1a: Golurk
|-damage|p1a: Golurk|111\/379
|
|-heal|p2a: Aggmen|182\/384|[from] item: Leftovers
|turn|4
|
|switch|p2a: Chermy|Galvantula, F, shiny|281\/281
|move|p1a: Golurk|Stealth Rock|p2a: Chermy
|-sidestart|p2: Valaelael|move: Stealth Rock
|
|turn|5
|
|move|p1a: Golurk|Magic Coat|p1a: Golurk
|-singleturn|p1a: Golurk|move: Magic Coat
|move|p2a: Chermy|Energy Ball|p1a: Golurk
|-supereffective|p1a: Golurk
|-damage|p1a: Golurk|0 fnt
|faint|p1a: Golurk
|
|
|switch|p1a: Whimsicott|Whimsicott, F|261\/261
|-damage|p1a: Whimsicott|229\/261|[from] Stealth Rock
|turn|6
|
|move|p1a: Whimsicott|Encore|p2a: Chermy
|-start|p2a: Chermy|Encore
|move|p2a: Chermy|Energy Ball|p1a: Whimsicott
|-resisted|p1a: Whimsicott
|-damage|p1a: Whimsicott|176\/261
|
|-heal|p1a: Whimsicott|192\/261|[from] item: Leftovers
|turn|7
|join|InstantClassicFFA
|
|move|p1a: Whimsicott|U-turn|p2a: Chermy
|-damage|p2a: Chermy|223\/281
|
|switch|p1a: Jirachi|Jirachi, shiny|341\/341
|-damage|p1a: Jirachi|320\/341|[from] Stealth Rock
|move|p2a: Chermy|Energy Ball|p1a: Jirachi
|-resisted|p1a: Jirachi
|-damage|p1a: Jirachi|276\/341
|
|-heal|p1a: Jirachi|297\/341|[from] item: Leftovers
|turn|8
|
|move|p2a: Chermy|Energy Ball|p1a: Jirachi
|-resisted|p1a: Jirachi
|-damage|p1a: Jirachi|250\/341
|move|p1a: Jirachi|Substitute|p1a: Jirachi
|-start|p1a: Jirachi|Substitute
|-damage|p1a: Jirachi|165\/341
|
|-heal|p1a: Jirachi|186\/341|[from] item: Leftovers
|-end|p2a: Chermy|Encore
|turn|9
|
|move|p2a: Chermy|Bug Buzz|p1a: Jirachi
|-damage|p1a: Jirachi|63\/341
|move|p1a: Jirachi|Psyshock|p2a: Chermy
|-damage|p2a: Chermy|40\/281
|
|-heal|p1a: Jirachi|84\/341|[from] item: Leftovers
|turn|10
|
|move|p2a: Chermy|Bug Buzz|p1a: Jirachi
|-damage|p1a: Jirachi|0 fnt
|faint|p1a: Jirachi
|
|
|switch|p1a: Whimsicott|Whimsicott, F|192\/261
|-damage|p1a: Whimsicott|160\/261|[from] Stealth Rock
|turn|11
|
|move|p1a: Whimsicott|Moonblast|p2a: Chermy
|-damage|p2a: Chermy|0 fnt
|faint|p2a: Chermy
|
|-heal|p1a: Whimsicott|176\/261|[from] item: Leftovers
|
|switch|p2a: Knackles|Darmanitan, M|351\/351
|-damage|p2a: Knackles|264\/351|[from] Stealth Rock
|turn|12
|
|move|p1a: Whimsicott|Moonblast|p2a: Knackles
|-resisted|p2a: Knackles
|-damage|p2a: Knackles|167\/351
|move|p2a: Knackles|U-turn|p1a: Whimsicott
|-damage|p1a: Whimsicott|17\/261
|
|switch|p2a: Sanic|Shaymin, shiny|404\/404
|-damage|p2a: Sanic|354\/404|[from] Stealth Rock
|
|-heal|p1a: Whimsicott|33\/261|[from] item: Leftovers
|-heal|p2a: Sanic|379\/404|[from] item: Leftovers
|turn|13
|
|move|p1a: Whimsicott|Moonblast|p2a: Sanic
|-damage|p2a: Sanic|300\/404
|move|p2a: Sanic|Substitute|p2a: Sanic
|-start|p2a: Sanic|Substitute
|-damage|p2a: Sanic|199\/404
|
|-heal|p1a: Whimsicott|49\/261|[from] item: Leftovers
|-heal|p2a: Sanic|224\/404|[from] item: Leftovers
|turn|14
|
|move|p1a: Whimsicott|Encore|p2a: Sanic
|-start|p2a: Sanic|Encore
|move|p2a: Sanic|Substitute|p2a: Sanic
|-fail|p2a: Sanic|move: Substitute
|
|-heal|p1a: Whimsicott|65\/261|[from] item: Leftovers
|-heal|p2a: Sanic|249\/404|[from] item: Leftovers
|turn|15
|
|move|p1a: Whimsicott|Moonblast|p2a: Sanic
|-activate|p2a: Sanic|Substitute|[damage]
|move|p2a: Sanic|Substitute|p2a: Sanic
|-fail|p2a: Sanic|move: Substitute
|
|-heal|p1a: Whimsicott|81\/261|[from] item: Leftovers
|-heal|p2a: Sanic|274\/404|[from] item: Leftovers
|turn|16
|
|move|p1a: Whimsicott|Moonblast|p2a: Sanic
|-end|p2a: Sanic|Substitute
|move|p2a: Sanic|Substitute|p2a: Sanic
|-start|p2a: Sanic|Substitute
|-damage|p2a: Sanic|173\/404
|
|-heal|p1a: Whimsicott|97\/261|[from] item: Leftovers
|-heal|p2a: Sanic|198\/404|[from] item: Leftovers
|-end|p2a: Sanic|Encore
|turn|17
|
|switch|p2a: Knackles|Darmanitan, M|167\/351
|-damage|p2a: Knackles|80\/351|[from] Stealth Rock
|move|p1a: Whimsicott|Encore|p2a: Knackles
|-fail|p2a: Knackles
|
|-heal|p1a: Whimsicott|113\/261|[from] item: Leftovers
|turn|18
|
|move|p1a: Whimsicott|Moonblast|p2a: Knackles
|-resisted|p2a: Knackles
|-damage|p2a: Knackles|0 fnt
|faint|p2a: Knackles
|
|-heal|p1a: Whimsicott|129\/261|[from] item: Leftovers
|
|switch|p2a: Shedew|Absol, F|271\/271
|-damage|p2a: Shedew|238\/271|[from] Stealth Rock
|turn|19
|
|detailschange|p2a: Shedew|Absol-Mega, F
|message|Absol has Mega Evolved into Mega Absol!
|move|p1a: Whimsicott|Moonblast|p2a: Shedew
|-supereffective|p2a: Shedew
|-damage|p2a: Shedew|0 fnt
|faint|p2a: Shedew
|
|-heal|p1a: Whimsicott|145\/261|[from] item: Leftovers
|-message|Valaelael forfeited.
|
|win|some weird shit
|raw|Ladder updating...
|leave|Valaelael
|player|p2
|raw|some weird shit's rating: 1662 &rarr; <strong>1672<\/strong><br \/>(+10 for winning)
|raw|Valaelael's rating: 1481 &rarr; <strong>1471<\/strong><br \/>(-10 for losing)
|leave|InstantClassicFFA