|join|some weird shit
|join|chimpact
|player|p1|some weird shit|171
|player|p2|chimpact|238
|gametype|singles
|gen|6
|tier|UU
|rated
|rule|Sleep Clause Mod: Limit one foe put to sleep
|rule|Species Clause: Limit one of each PokÃ©mon
|rule|OHKO Clause: OHKO moves are banned
|rule|Moody Clause: Moody is banned
|rule|Evasion Moves Clause: Evasion moves are banned
|rule|Endless Battle Clause: Forcing endless battles is banned
|rule|HP Percentage Mod: HP is shown in percentages
|clearpoke
|poke|p1|Feraligatr, F
|poke|p1|Jirachi, shiny
|poke|p1|Blastoise, M
|poke|p1|Krookodile, M
|poke|p1|Goodra, F
|poke|p1|Mienshao, M
|poke|p2|Azelf
|poke|p2|Haxorus, F
|poke|p2|Lucario, M
|poke|p2|Mienshao, F
|poke|p2|Infernape, M
|poke|p2|Absol, F
|rule|Swagger Clause: Swagger is banned
|rule|Baton Pass Clause: Limit one PokÃ©mon knowing Baton Pass
|teampreview
|
|start
|switch|p1a: Krookodile|Krookodile, M|394\/394
|switch|p2a: Azelf|Azelf|291\/291
|-ability|p1a: Krookodile|Intimidate|[of] p2a: Azelf
|-unboost|p2a: Azelf|atk|1
|turn|1
|
|move|p2a: Azelf|Stealth Rock|p1a: Krookodile
|-sidestart|p1: some weird shit|move: Stealth Rock
|move|p1a: Krookodile|Knock Off|p2a: Azelf
|-supereffective|p2a: Azelf
|-enditem|p2a: Azelf|Focus Sash
|-damage|p2a: Azelf|1\/291
|
|turn|2
|
|move|p2a: Azelf|Explosion|p1a: Krookodile
|-damage|p1a: Krookodile|164\/394
|faint|p2a: Azelf
|move|p1a: Krookodile|Stealth Rock|p2: Azelf
|-sidestart|p2: chimpact|move: Stealth Rock
|
|-heal|p1a: Krookodile|188\/394|[from] item: Leftovers
|
|switch|p2a: Mienshao|Mienshao, F|271\/271
|-damage|p2a: Mienshao|255\/271|[from] Stealth Rock
|turn|3
|
|move|p2a: Mienshao|High Jump Kick|p1a: Krookodile
|-supereffective|p1a: Krookodile
|-damage|p1a: Krookodile|0 fnt
|faint|p1a: Krookodile
|
|
|switch|p1a: Feraligatr|Feraligatr, F|344\/344
|-damage|p1a: Feraligatr|301\/344|[from] Stealth Rock
|turn|4
|
|move|p2a: Mienshao|High Jump Kick|p1a: Feraligatr
|-crit|p1a: Feraligatr
|-damage|p1a: Feraligatr|0 fnt
|faint|p1a: Feraligatr
|
|c|âsome weird shit|nice
|c|âsome weird shit|reall sick play
|
|switch|p1a: Mienshao|Mienshao, M|271\/271
|-damage|p1a: Mienshao|255\/271|[from] Stealth Rock
|turn|5
|
|move|p2a: Mienshao|High Jump Kick|p1a: Mienshao
|-damage|p1a: Mienshao|0 fnt
|faint|p1a: Mienshao
|
|
|switch|p1a: Blastoise|Blastoise, M|324\/324
|-damage|p1a: Blastoise|284\/324|[from] Stealth Rock
|turn|6
|
|detailschange|p1a: Blastoise|Blastoise-Mega, M
|message|Blastoise has Mega Evolved into Mega Blastoise!
|move|p2a: Mienshao|High Jump Kick|p1a: Blastoise
|-damage|p1a: Blastoise|73\/324
|move|p1a: Blastoise|Hydro Pump|p2a: Mienshao
|-damage|p2a: Mienshao|0 fnt
|faint|p2a: Mienshao
|
|
|switch|p2a: Haxorus|Haxorus, F|293\/293
|-damage|p2a: Haxorus|257\/293|[from] Stealth Rock
|-ability|p2a: Haxorus|Mold Breaker
|turn|7
|
|move|p2a: Haxorus|Earthquake|p1a: Blastoise
|-damage|p1a: Blastoise|0 fnt
|-damage|p2a: Haxorus|228\/293|[from] item: Life Orb
|faint|p1a: Blastoise
|
|
|switch|p1a: Jirachi|Jirachi, shiny|341\/341
|-damage|p1a: Jirachi|320\/341|[from] Stealth Rock
|turn|8
|
|move|p1a: Jirachi|Moonblast|p2a: Haxorus
|-crit|p2a: Haxorus
|-supereffective|p2a: Haxorus
|-damage|p2a: Haxorus|0 fnt
|faint|p2a: Haxorus
|
|-heal|p1a: Jirachi|341\/341|[from] item: Leftovers
|
|switch|p2a: Absol|Absol, F|271\/271
|-damage|p2a: Absol|238\/271|[from] Stealth Rock
|turn|9
|c|âchimpact|adijas
|
|switch|p2a: Infernape|Infernape, M|293\/293
|-damage|p2a: Infernape|257\/293|[from] Stealth Rock
|move|p1a: Jirachi|Substitute|p1a: Jirachi
|-start|p1a: Jirachi|Substitute
|-damage|p1a: Jirachi|256\/341
|
|-heal|p1a: Jirachi|277\/341|[from] item: Leftovers
|turn|10
|
|move|p2a: Infernape|Fire Blast|p1a: Jirachi|[miss]
|-miss|p2a: Infernape|p1a: Jirachi
|move|p1a: Jirachi|Psyshock|p2a: Infernape
|-supereffective|p2a: Infernape
|-damage|p2a: Infernape|0 fnt
|faint|p2a: Infernape
|
|-heal|p1a: Jirachi|298\/341|[from] item: Leftovers
|
|switch|p2a: Lucario|Lucario, M|281\/281
|-damage|p2a: Lucario|273\/281|[from] Stealth Rock
|turn|11
|
|move|p1a: Jirachi|Psyshock|p2a: Lucario
|-damage|p2a: Lucario|120\/281
|move|p2a: Lucario|Close Combat|p1a: Jirachi
|-end|p1a: Jirachi|Substitute
|-unboost|p2a: Lucario|def|1
|-unboost|p2a: Lucario|spd|1
|-damage|p2a: Lucario|92\/281|[from] item: Life Orb
|
|-heal|p1a: Jirachi|319\/341|[from] item: Leftovers
|turn|12
|
|move|p1a: Jirachi|Psyshock|p2a: Lucario
|-damage|p2a: Lucario|0 fnt
|faint|p2a: Lucario
|
|-heal|p1a: Jirachi|340\/341|[from] item: Leftovers
|
|switch|p2a: Absol|Absol, F|238\/271
|-damage|p2a: Absol|205\/271|[from] Stealth Rock
|turn|13
|
|detailschange|p2a: Absol|Absol-Mega, F
|message|Absol has Mega Evolved into Mega Absol!
|move|p1a: Jirachi|Moonblast|p2a: Absol
|-crit|p2a: Absol
|-supereffective|p2a: Absol
|-damage|p2a: Absol|0 fnt
|faint|p2a: Absol
|
|win|some weird shit
|raw|Ladder updating...
|raw|some weird shit's rating: 1606 &rarr; <strong>1625<\/strong><br \/>(+19 for winning)
|raw|chimpact's rating: 1600 &rarr; <strong>1580<\/strong><br \/>(-20 for losing)
|leave|chimpact
|player|p2