|join|some weird shit
|join|mikosafagot420
|player|p1|some weird shit|171
|player|p2|mikosafagot420|169
|gametype|singles
|gen|6
|tier|UU
|rated
|rule|Sleep Clause Mod: Limit one foe put to sleep
|rule|Species Clause: Limit one of each PokÃ©mon
|rule|OHKO Clause: OHKO moves are banned
|rule|Moody Clause: Moody is banned
|rule|Evasion Moves Clause: Evasion moves are banned
|rule|Endless Battle Clause: Forcing endless battles is banned
|rule|HP Percentage Mod: HP is shown in percentages
|clearpoke
|poke|p1|Infernape, M
|poke|p1|Azelf
|poke|p1|Suicune
|poke|p1|Raikou
|poke|p1|Gallade, M
|poke|p1|Krookodile, M
|poke|p2|Aggron, M
|poke|p2|Forretress, M
|poke|p2|Blissey, F
|poke|p2|Jellicent, M
|poke|p2|Vaporeon, F
|poke|p2|Amoonguss, F
|rule|Swagger Clause: Swagger is banned
|rule|Baton Pass Clause: Limit one PokÃ©mon knowing Baton Pass
|teampreview
|
|start
|switch|p1a: Azelf|Azelf|291\/291
|switch|p2a: Aggron|Aggron, M|344\/344
|turn|1
|
|detailschange|p2a: Aggron|Aggron-Mega, M
|message|Aggron has Mega Evolved into Mega Aggron!
|move|p1a: Azelf|Fire Blast|p2a: Aggron
|-supereffective|p2a: Aggron
|-damage|p2a: Aggron|112\/344
|move|p2a: Aggron|Stealth Rock|p1a: Azelf
|-sidestart|p1: some weird shit|move: Stealth Rock
|
|turn|2
|
|switch|p2a: Blissey|Blissey, F|714\/714
|move|p1a: Azelf|Psyshock|p2a: Blissey
|-damage|p2a: Blissey|477\/714
|
|-heal|p2a: Blissey|521\/714|[from] item: Leftovers
|turn|3
|
|move|p1a: Azelf|Stealth Rock|p2a: Blissey
|-sidestart|p2: mikosafagot420|move: Stealth Rock
|move|p2a: Blissey|Toxic|p1a: Azelf
|-status|p1a: Azelf|tox
|
|-heal|p2a: Blissey|565\/714|[from] item: Leftovers
|-damage|p1a: Azelf|273\/291 tox|[from] psn
|turn|4
|
|move|p1a: Azelf|Psyshock|p2a: Blissey
|-damage|p2a: Blissey|304\/714
|move|p2a: Blissey|Wish|p2a: Blissey
|
|-heal|p2a: Blissey|348\/714|[from] item: Leftovers
|-damage|p1a: Azelf|237\/291 tox|[from] psn
|turn|5
|
|move|p1a: Azelf|Fire Blast|p2a: Blissey
|-damage|p2a: Blissey|251\/714
|-status|p2a: Blissey|brn
|move|p2a: Blissey|Seismic Toss|p1a: Azelf
|-damage|p1a: Azelf|137\/291 tox
|
|-heal|p2a: Blissey|608\/714 brn|[from] move: Wish|[wisher] Blissey
|-heal|p2a: Blissey|652\/714 brn|[from] item: Leftovers
|-damage|p1a: Azelf|83\/291 tox|[from] psn
|-damage|p2a: Blissey|563\/714 brn|[from] brn
|turn|6
|
|move|p1a: Azelf|Taunt|p2a: Blissey
|-start|p2a: Blissey|move: Taunt
|cant|p2a: Blissey|move: Taunt|Wish
|
|-heal|p2a: Blissey|607\/714 brn|[from] item: Leftovers
|-damage|p1a: Azelf|11\/291 tox|[from] psn
|-damage|p2a: Blissey|518\/714 brn|[from] brn
|turn|7
|
|switch|p2a: Vaporeon|Vaporeon, F|464\/464
|-damage|p2a: Vaporeon|406\/464|[from] Stealth Rock
|move|p1a: Azelf|Psyshock|p2a: Vaporeon
|-damage|p2a: Vaporeon|270\/464
|
|-heal|p2a: Vaporeon|299\/464|[from] item: Leftovers
|-damage|p1a: Azelf|0 fnt|[from] psn
|faint|p1a: Azelf
|
|switch|p1a: Raikou|Raikou|321\/321
|-damage|p1a: Raikou|281\/321|[from] Stealth Rock
|-ability|p1a: Raikou|Pressure
|turn|8
|
|switch|p2a: Blissey|Blissey, F|518\/714
|-damage|p2a: Blissey|429\/714|[from] Stealth Rock
|move|p1a: Raikou|Volt Switch|p2a: Blissey
|-damage|p2a: Blissey|338\/714
|
|switch|p1a: Infernape|Infernape, M|293\/293
|-damage|p1a: Infernape|257\/293|[from] Stealth Rock
|
|-heal|p2a: Blissey|382\/714|[from] item: Leftovers
|turn|9
|
|move|p2a: Blissey|Protect|p2a: Blissey
|-singleturn|p2a: Blissey|Protect
|move|p1a: Infernape|Swords Dance|p1a: Infernape
|-boost|p1a: Infernape|atk|2
|
|-heal|p2a: Blissey|426\/714|[from] item: Leftovers
|turn|10
|
|move|p1a: Infernape|Close Combat|p2a: Blissey
|-supereffective|p2a: Blissey
|-damage|p2a: Blissey|0 fnt
|-unboost|p1a: Infernape|def|1
|-unboost|p1a: Infernape|spd|1
|-damage|p1a: Infernape|228\/293|[from] item: Life Orb
|faint|p2a: Blissey
|
|
|switch|p2a: Jellicent|Jellicent, M|404\/404
|-damage|p2a: Jellicent|354\/404|[from] Stealth Rock
|turn|11
|join|Super Mario Kek
|
|move|p1a: Infernape|Thunder Punch|p2a: Jellicent
|-supereffective|p2a: Jellicent
|-damage|p2a: Jellicent|0 fnt
|-start|p1a: Infernape|Disable|Thunder Punch
|-damage|p1a: Infernape|199\/293|[from] item: Life Orb
|faint|p2a: Jellicent
|
|
|switch|p2a: Vaporeon|Vaporeon, F|299\/464
|-damage|p2a: Vaporeon|241\/464|[from] Stealth Rock
|turn|12
|leave|Super Mario Kek
|
|move|p1a: Infernape|Close Combat|p2a: Vaporeon
|-damage|p2a: Vaporeon|0 fnt
|-unboost|p1a: Infernape|def|1
|-unboost|p1a: Infernape|spd|1
|-damage|p1a: Infernape|170\/293|[from] item: Life Orb
|faint|p2a: Vaporeon
|
|c|âsome weird shit|rof
|join|Super Mario Kek
|c| Super Mario Kek|wow
|c| Super Mario Kek|nice timer dudeman
|-message|mikosafagot420 lost due to inactivity.
|
|win|some weird shit
|raw|Ladder updating...
|raw|some weird shit's rating: 1535 &rarr; <strong>1546<\/strong><br \/>(+11 for winning)
|raw|mikosafagot420's rating: 1366 &rarr; <strong>1355<\/strong><br \/>(-11 for losing)