|join|some weird shit
|join|b4winds
|player|p1|some weird shit|171
|player|p2|b4winds|102
|gametype|singles
|gen|6
|tier|UU
|rated
|rule|Sleep Clause Mod: Limit one foe put to sleep
|rule|Species Clause: Limit one of each PokÃ©mon
|rule|OHKO Clause: OHKO moves are banned
|rule|Moody Clause: Moody is banned
|rule|Evasion Moves Clause: Evasion moves are banned
|rule|Endless Battle Clause: Forcing endless battles is banned
|rule|HP Percentage Mod: HP is shown in percentages
|clearpoke
|poke|p1|Roserade, F
|poke|p1|Krookodile, M
|poke|p1|Flygon, F
|poke|p1|Lucario, M
|poke|p1|Blastoise, M
|poke|p1|Sableye, F
|poke|p2|Gligar, M
|poke|p2|Drapion, F
|poke|p2|Cobalion
|poke|p2|Lanturn, M
|poke|p2|Moltres
|poke|p2|Celebi
|rule|Swagger Clause: Swagger is banned
|rule|Baton Pass Clause: Limit one PokÃ©mon knowing Baton Pass
|teampreview
|
|start
|switch|p1a: Krookodile|Krookodile, M|394\/394
|switch|p2a: Moltres|Moltres|321\/321
|-ability|p2a: Moltres|Pressure
|-ability|p1a: Krookodile|Intimidate|[of] p2a: Moltres
|-unboost|p2a: Moltres|atk|1
|turn|1
|
|move|p2a: Moltres|U-turn|p1a: Krookodile
|-supereffective|p1a: Krookodile
|-damage|p1a: Krookodile|312\/394
|
|switch|p2a: Gligar|Gligar, M|334\/334
|move|p1a: Krookodile|Knock Off|p2a: Gligar
|-damage|p2a: Gligar|267\/334
|-enditem|p2a: Gligar|Eviolite|[from] move: Knock Off|[of] p1a: Krookodile
|
|-heal|p1a: Krookodile|336\/394|[from] item: Leftovers
|turn|2
|
|move|p1a: Krookodile|Taunt|p2a: Gligar
|-start|p2a: Gligar|move: Taunt
|move|p2a: Gligar|U-turn|p1a: Krookodile
|-supereffective|p1a: Krookodile
|-damage|p1a: Krookodile|222\/394
|
|switch|p2a: Cobalion|Cobalion|324\/324
|
|-heal|p1a: Krookodile|246\/394|[from] item: Leftovers
|turn|3
|
|switch|p1a: Sableye|Sableye, F|304\/304
|move|p2a: Cobalion|Focus Blast|p1a: Sableye
|-immune|p1a: Sableye|[msg]
|
|turn|4
|
|switch|p2a: Moltres|Moltres|321\/321
|-ability|p2a: Moltres|Pressure
|move|p1a: Sableye|Knock Off|p2a: Moltres
|-damage|p2a: Moltres|230\/321
|-enditem|p2a: Moltres|Choice Scarf|[from] move: Knock Off|[of] p1a: Sableye
|
|turn|5
|
|move|p2a: Moltres|Hurricane|p1a: Sableye
|-damage|p1a: Sableye|114\/304
|move|p1a: Sableye|Knock Off|p2a: Moltres
|-damage|p2a: Moltres|158\/321
|
|-heal|p1a: Sableye|133\/304|[from] item: Leftovers
|turn|6
|
|move|p1a: Sableye|Recover|p1a: Sableye
|-heal|p1a: Sableye|285\/304
|move|p2a: Moltres|Hurricane|p1a: Sableye|[miss]
|-miss|p2a: Moltres|p1a: Sableye
|
|-heal|p1a: Sableye|304\/304|[from] item: Leftovers
|turn|7
|
|move|p2a: Moltres|Flamethrower|p1a: Sableye
|-damage|p1a: Sableye|154\/304
|move|p1a: Sableye|Knock Off|p2a: Moltres
|-damage|p2a: Moltres|92\/321
|
|-heal|p1a: Sableye|173\/304|[from] item: Leftovers
|turn|8
|
|move|p1a: Sableye|Recover|p1a: Sableye
|-heal|p1a: Sableye|304\/304
|move|p2a: Moltres|Flamethrower|p1a: Sableye
|-damage|p1a: Sableye|160\/304
|
|-heal|p1a: Sableye|179\/304|[from] item: Leftovers
|turn|9
|
|move|p2a: Moltres|Flamethrower|p1a: Sableye
|-damage|p1a: Sableye|25\/304
|move|p1a: Sableye|Knock Off|p2a: Moltres
|-damage|p2a: Moltres|26\/321
|
|-heal|p1a: Sableye|44\/304|[from] item: Leftovers
|turn|10
|join|TAFKAR
|
|switch|p1a: Flygon|Flygon, F|301\/301
|move|p2a: Moltres|Hurricane|p1a: Flygon|[miss]
|-miss|p2a: Moltres|p1a: Flygon
|
|turn|11
|
|switch|p2a: Gligar|Gligar, M|267\/334
|move|p1a: Flygon|U-turn|p2a: Gligar
|-resisted|p2a: Gligar
|-damage|p2a: Gligar|234\/334
|
|switch|p1a: Krookodile|Krookodile, M|246\/394
|-ability|p1a: Krookodile|Intimidate|[of] p2a: Gligar
|-fail|p2a: Gligar|unboost|Attack|[from] ability: Hyper Cutter|[of] p2a: Gligar
|
|-heal|p1a: Krookodile|270\/394|[from] item: Leftovers
|turn|12
|
|move|p1a: Krookodile|Stealth Rock|p2a: Gligar
|-sidestart|p2: b4winds|move: Stealth Rock
|move|p2a: Gligar|U-turn|p1a: Krookodile
|-supereffective|p1a: Krookodile
|-damage|p1a: Krookodile|168\/394
|
|switch|p2a: Celebi|Celebi|341\/341
|-damage|p2a: Celebi|299\/341|[from] Stealth Rock
|
|-heal|p2a: Celebi|320\/341|[from] item: Leftovers
|-heal|p1a: Krookodile|192\/394|[from] item: Leftovers
|turn|13
|
|move|p2a: Celebi|Seed Bomb|p1a: Krookodile
|-supereffective|p1a: Krookodile
|-damage|p1a: Krookodile|0 fnt
|faint|p1a: Krookodile
|
|-heal|p2a: Celebi|341\/341|[from] item: Leftovers
|
|switch|p1a: Flygon|Flygon, F|301\/301
|turn|14
|
|switch|p2a: Gligar|Gligar, M|234\/334
|-damage|p2a: Gligar|193\/334|[from] Stealth Rock
|move|p1a: Flygon|U-turn|p2a: Gligar
|-resisted|p2a: Gligar
|-damage|p2a: Gligar|157\/334
|
|switch|p1a: Blastoise|Blastoise, M|326\/326
|
|turn|15
|
|switch|p2a: Lanturn|Lanturn, M|401\/401
|-damage|p2a: Lanturn|351\/401|[from] Stealth Rock
|detailschange|p1a: Blastoise|Blastoise-Mega, M
|message|Blastoise has Mega Evolved into Mega Blastoise!
|move|p1a: Blastoise|Dark Pulse|p2a: Lanturn
|-damage|p2a: Lanturn|218\/401
|
|-heal|p2a: Lanturn|243\/401|[from] item: Leftovers
|turn|16
|
|move|p1a: Blastoise|Dark Pulse|p2a: Lanturn
|-damage|p2a: Lanturn|106\/401
|move|p2a: Lanturn|Ice Beam|p1a: Blastoise
|-resisted|p1a: Blastoise
|-damage|p1a: Blastoise|299\/326
|
|-heal|p2a: Lanturn|131\/401|[from] item: Leftovers
|turn|17
|
|move|p1a: Blastoise|Dragon Pulse|p2a: Lanturn
|-damage|p2a: Lanturn|0 fnt
|faint|p2a: Lanturn
|
|
|switch|p2a: Celebi|Celebi|341\/341
|-damage|p2a: Celebi|299\/341|[from] Stealth Rock
|turn|18
|
|move|p2a: Celebi|Seed Bomb|p1a: Blastoise
|-supereffective|p1a: Blastoise
|-damage|p1a: Blastoise|105\/326
|move|p1a: Blastoise|Dark Pulse|p2a: Celebi
|-supereffective|p2a: Celebi
|-damage|p2a: Celebi|5\/341
|
|-heal|p2a: Celebi|26\/341|[from] item: Leftovers
|turn|19
|
|switch|p1a: Roserade|Roserade, F|261\/261
|move|p2a: Celebi|Zen Headbutt|p1a: Roserade
|-supereffective|p1a: Roserade
|-damage|p1a: Roserade|0 fnt
|faint|p1a: Roserade
|
|-heal|p2a: Celebi|47\/341|[from] item: Leftovers
|
|switch|p1a: Flygon|Flygon, F|301\/301
|turn|20
|
|switch|p2a: Moltres|Moltres|26\/321
|-damage|p2a: Moltres|0 fnt|[from] Stealth Rock
|faint|p2a: Moltres
|move|p1a: Flygon|U-turn|p2: Moltres|[notarget]
|-notarget
|
|
|switch|p2a: Gligar|Gligar, M|157\/334
|-damage|p2a: Gligar|116\/334|[from] Stealth Rock
|turn|21
|
|move|p1a: Flygon|U-turn|p2a: Gligar
|-resisted|p2a: Gligar
|-damage|p2a: Gligar|83\/334
|
|switch|p1a: Blastoise|Blastoise-Mega, M|105\/326
|move|p2a: Gligar|Roost|p2a: Gligar
|-heal|p2a: Gligar|250\/334
|
|turn|22
|
|switch|p2a: Cobalion|Cobalion|324\/324
|-damage|p2a: Cobalion|314\/324|[from] Stealth Rock
|move|p1a: Blastoise|Hydro Pump|p2a: Cobalion
|-damage|p2a: Cobalion|49\/324
|
|-heal|p2a: Cobalion|69\/324|[from] item: Leftovers
|turn|23
|
|move|p2a: Cobalion|Focus Blast|p1a: Blastoise
|-damage|p1a: Blastoise|0 fnt
|faint|p1a: Blastoise
|
|-heal|p2a: Cobalion|89\/324|[from] item: Leftovers
|
|switch|p1a: Sableye|Sableye, F|44\/304
|turn|24
|
|move|p1a: Sableye|Will-O-Wisp|p2a: Cobalion
|-status|p2a: Cobalion|brn
|move|p2a: Cobalion|Calm Mind|p2a: Cobalion
|-boost|p2a: Cobalion|spa|1
|-boost|p2a: Cobalion|spd|1
|
|-heal|p2a: Cobalion|109\/324 brn|[from] item: Leftovers
|-heal|p1a: Sableye|63\/304|[from] item: Leftovers
|-damage|p2a: Cobalion|69\/324 brn|[from] brn
|turn|25
|
|move|p1a: Sableye|Recover|p1a: Sableye
|-heal|p1a: Sableye|215\/304
|move|p2a: Cobalion|Flash Cannon|p1a: Sableye
|-damage|p1a: Sableye|64\/304
|
|-heal|p2a: Cobalion|89\/324 brn|[from] item: Leftovers
|-heal|p1a: Sableye|83\/304|[from] item: Leftovers
|-damage|p2a: Cobalion|49\/324 brn|[from] brn
|turn|26
|
|move|p1a: Sableye|Recover|p1a: Sableye
|-heal|p1a: Sableye|235\/304
|move|p2a: Cobalion|Flash Cannon|p1a: Sableye
|-damage|p1a: Sableye|75\/304
|
|-heal|p2a: Cobalion|69\/324 brn|[from] item: Leftovers
|-heal|p1a: Sableye|94\/304|[from] item: Leftovers
|-damage|p2a: Cobalion|29\/324 brn|[from] brn
|turn|27
|
|move|p1a: Sableye|Recover|p1a: Sableye
|-heal|p1a: Sableye|246\/304
|move|p2a: Cobalion|Flash Cannon|p1a: Sableye
|-damage|p1a: Sableye|89\/304
|
|-heal|p2a: Cobalion|49\/324 brn|[from] item: Leftovers
|-heal|p1a: Sableye|108\/304|[from] item: Leftovers
|-damage|p2a: Cobalion|9\/324 brn|[from] brn
|turn|28
|
|move|p1a: Sableye|Recover|p1a: Sableye
|-heal|p1a: Sableye|260\/304
|move|p2a: Cobalion|Flash Cannon|p1a: Sableye
|-damage|p1a: Sableye|110\/304
|
|-heal|p2a: Cobalion|29\/324 brn|[from] item: Leftovers
|-heal|p1a: Sableye|129\/304|[from] item: Leftovers
|-damage|p2a: Cobalion|0 fnt|[from] brn
|faint|p2a: Cobalion
|
|switch|p2a: Drapion|Drapion, F|281\/281
|-damage|p2a: Drapion|246\/281|[from] Stealth Rock
|turn|29
|
|move|p1a: Sableye|Will-O-Wisp|p2a: Drapion
|-status|p2a: Drapion|brn
|move|p2a: Drapion|Knock Off|p1a: Sableye
|-damage|p1a: Sableye|47\/304
|-enditem|p1a: Sableye|Leftovers|[from] move: Knock Off|[of] p2a: Drapion
|
|-heal|p2a: Drapion|263\/281 brn|[from] item: Black Sludge
|-damage|p2a: Drapion|228\/281 brn|[from] brn
|turn|30
|
|move|p1a: Sableye|Recover|p1a: Sableye
|-heal|p1a: Sableye|199\/304
|move|p2a: Drapion|Cross Poison|p1a: Sableye
|-resisted|p1a: Sableye
|-damage|p1a: Sableye|166\/304
|
|-heal|p2a: Drapion|245\/281 brn|[from] item: Black Sludge
|-damage|p2a: Drapion|210\/281 brn|[from] brn
|turn|31
|
|switch|p2a: Celebi|Celebi|47\/341
|-damage|p2a: Celebi|5\/341|[from] Stealth Rock
|move|p1a: Sableye|Knock Off|p2a: Celebi
|-supereffective|p2a: Celebi
|-damage|p2a: Celebi|0 fnt
|-enditem|p2a: Celebi|Leftovers|[from] move: Knock Off|[of] p1a: Sableye
|faint|p2a: Celebi
|
|-message|b4winds forfeited.
|
|win|some weird shit
|raw|Ladder updating...
|leave|b4winds
|player|p2
|raw|some weird shit's rating: 1701 &rarr; <strong>1709<\/strong><br \/>(+8 for winning)
|raw|b4winds's rating: 1461 &rarr; <strong>1453<\/strong><br \/>(-8 for losing)
|leave|some weird shit
|player|p1