|join|some weird shit
|join|LiberalLucario
|player|p1|some weird shit|171
|player|p2|LiberalLucario|219
|gametype|singles
|gen|6
|tier|UU
|rated
|rule|Sleep Clause Mod: Limit one foe put to sleep
|rule|Species Clause: Limit one of each PokÃ©mon
|rule|OHKO Clause: OHKO moves are banned
|rule|Moody Clause: Moody is banned
|rule|Evasion Moves Clause: Evasion moves are banned
|rule|Endless Battle Clause: Forcing endless battles is banned
|rule|HP Percentage Mod: HP is shown in percentages
|clearpoke
|poke|p1|Chandelure, F
|poke|p1|Jirachi
|poke|p1|Roserade, F
|poke|p1|Suicune
|poke|p1|Hydreigon, F
|poke|p1|Diancie
|poke|p2|Goodra, M
|poke|p2|Suicune
|poke|p2|Florges, F
|poke|p2|Chandelure, M
|poke|p2|Krookodile, M
|poke|p2|Crobat, M
|rule|Swagger Clause: Swagger is banned
|rule|Baton Pass Clause: Limit one PokÃ©mon knowing Baton Pass
|teampreview
|join|Volbeatdown
|c|âsome weird shit|hi
|c|âLiberalLucario|n
|c|âsome weird shit|i clicked
|c|âsome weird shit|the wrong team,,,
|join|Eyan
|c|âLiberalLucario|nice
|c| Volbeatdown|looks
|c| Volbeatdown|lke
|
|start
|switch|p1a: Hydreigon|Hydreigon, F|325\/325
|switch|p2a: Krookodile|Krookodile, M|394\/394
|-ability|p2a: Krookodile|Intimidate|[of] p1a: Hydreigon
|-unboost|p1a: Hydreigon|atk|1
|turn|1
|c| Volbeatdown|youre bringing
|c| Volbeatdown|some weird shit
|
|move|p1a: Hydreigon|Flash Cannon|p2a: Krookodile
|-damage|p2a: Krookodile|233\/394
|-damage|p1a: Hydreigon|293\/325|[from] item: Life Orb
|move|p2a: Krookodile|Stealth Rock|p1a: Hydreigon
|-sidestart|p1: some weird shit|move: Stealth Rock
|
|-heal|p2a: Krookodile|257\/394|[from] item: Leftovers
|turn|2
|c|âsome weird shit|rip
|
|switch|p2a: Florges|Florges, F|360\/360
|move|p1a: Hydreigon|Draco Meteor|p2a: Florges
|-immune|p2a: Florges|[msg]
|
|turn|3
|c|âsome weird shit|that animation was cool though
|
|switch|p1a: Roserade|Roserade, F|261\/261
|-damage|p1a: Roserade|229\/261|[from] Stealth Rock
|move|p2a: Florges|Moonblast|p1a: Roserade
|-resisted|p1a: Roserade
|-damage|p1a: Roserade|166\/261
|
|-heal|p1a: Roserade|182\/261|[from] item: Black Sludge
|turn|4
|
|switch|p2a: Goodra|Goodra, M|360\/360
|move|p1a: Roserade|Toxic Spikes|p2a: Goodra
|-sidestart|p2: LiberalLucario|move: Toxic Spikes
|
|-heal|p1a: Roserade|198\/261|[from] item: Black Sludge
|turn|5
|
|switch|p1a: Hydreigon|Hydreigon, F|293\/325
|-damage|p1a: Hydreigon|253\/325|[from] Stealth Rock
|move|p2a: Goodra|Earthquake|p1a: Hydreigon
|-immune|p1a: Hydreigon|[msg]
|
|turn|6
|
|switch|p2a: Crobat|Crobat, M|323\/323
|move|p1a: Hydreigon|Draco Meteor|p2a: Crobat
|-damage|p2a: Crobat|0 fnt
|-unboost|p1a: Hydreigon|spa|2
|-damage|p1a: Hydreigon|221\/325|[from] item: Life Orb
|faint|p2a: Crobat
|
|c|âsome weird shit|sick
|
|switch|p2a: Goodra|Goodra, M|360\/360
|-status|p2a: Goodra|psn
|turn|7
|
|switch|p1a: Suicune|Suicune|366\/366
|-damage|p1a: Suicune|321\/366|[from] Stealth Rock
|-ability|p1a: Suicune|Pressure
|move|p2a: Goodra|Iron Tail|p1a: Suicune|[miss]
|-miss|p2a: Goodra|p1a: Suicune
|
|-heal|p1a: Suicune|343\/366|[from] item: Leftovers
|-damage|p2a: Goodra|315\/360 psn|[from] psn
|turn|8
|
|switch|p2a: Florges|Florges, F|360\/360
|-status|p2a: Florges|psn
|move|p1a: Suicune|Calm Mind|p1a: Suicune
|-boost|p1a: Suicune|spa|1
|-boost|p1a: Suicune|spd|1
|
|-heal|p1a: Suicune|365\/366|[from] item: Leftovers
|-damage|p2a: Florges|315\/360 psn|[from] psn
|turn|9
|c|âLiberalLucario|this is over
|c|âLiberalLucario|gg
|-message|LiberalLucario forfeited.
|c|âsome weird shit|lol
|-message|LiberalLucario forfeited.
|
|win|some weird shit
|raw|Ladder updating...
|leave|LiberalLucario
|player|p2
|leave|Volbeatdown
|raw|some weird shit's rating: 1705 &rarr; <strong>1718<\/strong><br \/>(+13 for winning)
|raw|LiberalLucario's rating: 1570 &rarr; <strong>1557<\/strong><br \/>(-13 for losing)
|leave|some weird shit