|join|some weird shit
|join|Donphantastic
|player|p1|some weird shit|171
|player|p2|Donphantastic|290
|gametype|singles
|gen|6
|tier|UU
|rule|Sleep Clause Mod: Limit one foe put to sleep
|rule|Species Clause: Limit one of each PokÃ©mon
|rule|OHKO Clause: OHKO moves are banned
|rule|Moody Clause: Moody is banned
|rule|Evasion Moves Clause: Evasion moves are banned
|rule|Endless Battle Clause: Forcing endless battles is banned
|rule|HP Percentage Mod: HP is shown in percentages
|clearpoke
|poke|p1|Feraligatr, F
|poke|p1|Jirachi, shiny
|poke|p1|Blastoise, M
|poke|p1|Krookodile, F
|poke|p1|Goodra, M
|poke|p1|Mienshao, M
|poke|p2|Nidoqueen, F
|poke|p2|Hydreigon, F
|poke|p2|Lucario, M
|poke|p2|Rotom-Heat
|poke|p2|Crobat, F
|poke|p2|Banette, M
|rule|Swagger Clause: Swagger is banned
|rule|Baton Pass Clause: Limit one PokÃ©mon knowing Baton Pass
|teampreview
|c|âsome weird shit|le scouting
|
|start
|switch|p1a: Krookodile|Krookodile, F|394\/394
|switch|p2a: Banette|Banette, M|332\/332
|-ability|p1a: Krookodile|Intimidate|[of] p2a: Banette
|-unboost|p2a: Banette|atk|1
|-item|p1a: Krookodile|Leftovers|[from] ability: Frisk|[of] p2a: Banette|[identify]
|turn|1
|join|goat 2 be
|c|âDonphantastic|on the last turn yup
|
|detailschange|p2a: Banette|Banette-Mega, M
|message|Banette has Mega Evolved into Mega Banette!
|move|p1a: Krookodile|Knock Off|p2a: Banette
|-supereffective|p2a: Banette
|-damage|p2a: Banette|80\/332
|move|p2a: Banette|Will-O-Wisp|p1a: Krookodile
|-status|p1a: Krookodile|brn
|
|-damage|p1a: Krookodile|345\/394 brn|[from] brn
|turn|2
|
|move|p2a: Banette|Taunt|p1a: Krookodile
|-start|p1a: Krookodile|move: Taunt
|cant|p1a: Krookodile|move: Taunt|Stealth Rock
|
|-heal|p1a: Krookodile|369\/394 brn|[from] item: Leftovers
|-damage|p1a: Krookodile|320\/394 brn|[from] brn
|turn|3
|
|switch|p1a: Feraligatr|Feraligatr, F|344\/344
|switch|p2a: Crobat|Crobat, F|331\/331
|
|turn|4
|join|yummywafflez
|
|switch|p1a: Jirachi|Jirachi, shiny|341\/341
|move|p2a: Crobat|U-turn|p1a: Jirachi
|-damage|p1a: Jirachi|275\/341
|join|sniperaim
|
|switch|p2a: Hydreigon|Hydreigon, F|325\/325
|
|-heal|p1a: Jirachi|296\/341|[from] item: Leftovers
|turn|5
|
|switch|p1a: Krookodile|Krookodile, F|320\/394 brn
|-ability|p1a: Krookodile|Intimidate|[of] p2a: Hydreigon
|-unboost|p2a: Hydreigon|atk|1
|move|p2a: Hydreigon|Dark Pulse|p1a: Krookodile
|-resisted|p1a: Krookodile
|-damage|p1a: Krookodile|161\/394 brn
|
|-heal|p1a: Krookodile|185\/394 brn|[from] item: Leftovers
|-damage|p1a: Krookodile|136\/394 brn|[from] brn
|turn|6
|
|switch|p2a: Crobat|Crobat, F|331\/331
|move|p1a: Krookodile|Stealth Rock|p2a: Crobat
|-sidestart|p2: Donphantastic|move: Stealth Rock
|
|-heal|p1a: Krookodile|160\/394 brn|[from] item: Leftovers
|-damage|p1a: Krookodile|111\/394 brn|[from] brn
|turn|7
|
|switch|p1a: Blastoise|Blastoise, M|324\/324
|move|p2a: Crobat|Defog|p1a: Blastoise
|-unboost|p1a: Blastoise|evasion|1
|-sideend|p2: Donphantastic|Stealth Rock|[from] move: Defog|[of] p2a: Crobat
|
|turn|8
|join|YoungLegend
|
|detailschange|p1a: Blastoise|Blastoise-Mega, M
|message|Blastoise has Mega Evolved into Mega Blastoise!
|move|p2a: Crobat|U-turn|p1a: Blastoise
|-damage|p1a: Blastoise|265\/324
|
|switch|p2a: Rotom-Heat|Rotom-Heat|241\/241
|move|p1a: Blastoise|Hydro Pump|p2a: Rotom-Heat
|-supereffective|p2a: Rotom-Heat
|-damage|p2a: Rotom-Heat|0 fnt
|faint|p2a: Rotom-Heat
|
|
|switch|p2a: Banette|Banette-Mega, M|80\/332
|turn|9
|
|move|p2a: Banette|Destiny Bond|p2a: Banette
|-singlemove|p2a: Banette|Destiny Bond
|move|p1a: Blastoise|Dark Pulse|p2a: Banette
|-supereffective|p2a: Banette
|-damage|p2a: Banette|0 fnt
|faint|p2a: Banette
|-activate|p2a: Banette|Destiny Bond
|faint|p1a: Blastoise
|
|
|switch|p2a: Crobat|Crobat, F|331\/331
|switch|p1a: Mienshao|Mienshao, M|271\/271
|turn|10
|
|move|p1a: Mienshao|Stone Edge|p2a: Crobat
|-crit|p2a: Crobat
|-supereffective|p2a: Crobat
|-damage|p2a: Crobat|0 fnt
|faint|p2a: Crobat
|
|
|switch|p2a: Lucario|Lucario, M|281\/281
|turn|11
|
|switch|p1a: Krookodile|Krookodile, F|111\/394 brn
|-ability|p1a: Krookodile|Intimidate|[of] p2a: Lucario
|-unboost|p2a: Lucario|atk|1
|move|p2a: Lucario|Swords Dance|p2a: Lucario
|-boost|p2a: Lucario|atk|2
|
|-heal|p1a: Krookodile|135\/394 brn|[from] item: Leftovers
|-damage|p1a: Krookodile|86\/394 brn|[from] brn
|turn|12
|
|move|p2a: Lucario|Extreme Speed|p1a: Krookodile
|-damage|p1a: Krookodile|0 fnt
|-damage|p2a: Lucario|253\/281|[from] item: Life Orb
|faint|p1a: Krookodile
|
|
|switch|p1a: Feraligatr|Feraligatr, F|344\/344
|turn|13
|
|move|p1a: Feraligatr|Aqua Jet|p2a: Lucario
|-damage|p2a: Lucario|136\/281
|move|p2a: Lucario|Close Combat|p1a: Feraligatr
|-damage|p1a: Feraligatr|0 fnt
|-unboost|p2a: Lucario|def|1
|-unboost|p2a: Lucario|spd|1
|-damage|p2a: Lucario|108\/281|[from] item: Life Orb
|faint|p1a: Feraligatr
|
|
|switch|p1a: Jirachi|Jirachi, shiny|296\/341
|turn|14
|join|boltsandbombers
|
|switch|p2a: Hydreigon|Hydreigon, F|325\/325
|move|p1a: Jirachi|Psyshock|p2a: Hydreigon
|-immune|p2a: Hydreigon|[msg]
|
|-heal|p1a: Jirachi|317\/341|[from] item: Leftovers
|turn|15
|
|move|p1a: Jirachi|Moonblast|p2a: Hydreigon
|-crit|p2a: Hydreigon
|-supereffective|p2a: Hydreigon
|-damage|p2a: Hydreigon|0 fnt
|faint|p2a: Hydreigon
|
|-heal|p1a: Jirachi|338\/341|[from] item: Leftovers
|
|switch|p2a: Nidoqueen|Nidoqueen, F|344\/344
|turn|16
|
|switch|p1a: Goodra|Goodra, M|352\/352
|move|p2a: Nidoqueen|Earth Power|p1a: Goodra
|-damage|p1a: Goodra|195\/352
|
|turn|17
|
|switch|p2a: Lucario|Lucario, M|108\/281
|move|p1a: Goodra|Outrage|p2a: Lucario
|-resisted|p2a: Lucario
|-damage|p2a: Lucario|0 fnt
|faint|p2a: Lucario
|
|leave|Donphantastic
|player|p2
|join|Donphantastic
|player|p2|Donphantastic|290
|-message|Donphantastic forfeited.
|
|win|some weird shit
|leave|Donphantastic
|player|p2
|c|âsome weird shit|kek
|leave|sniperaim