|join|some weird shit
|join|pokemonisreallyfun
|player|p1|some weird shit|171
|player|p2|pokemonisreallyfun|29
|gametype|singles
|gen|6
|tier|UU
|rated
|rule|Sleep Clause Mod: Limit one foe put to sleep
|rule|Species Clause: Limit one of each PokÃ©mon
|rule|OHKO Clause: OHKO moves are banned
|rule|Moody Clause: Moody is banned
|rule|Evasion Moves Clause: Evasion moves are banned
|rule|Endless Battle Clause: Forcing endless battles is banned
|rule|HP Percentage Mod: HP is shown in percentages
|clearpoke
|poke|p1|Feraligatr, F
|poke|p1|Jirachi, shiny
|poke|p1|Blastoise, M
|poke|p1|Krookodile, F
|poke|p1|Goodra, M
|poke|p1|Mienshao, F
|poke|p2|Virizion
|poke|p2|Swampert, M
|poke|p2|Crobat, F
|poke|p2|Espeon, M
|poke|p2|Infernape, M
|poke|p2|Ampharos, F
|rule|Swagger Clause: Swagger is banned
|rule|Baton Pass Clause: Limit one PokÃ©mon knowing Baton Pass
|teampreview
|c|âsome weird shit|kinnk?
|join|Freelancer Mac
|c| Freelancer Mac|nop
|c|âpokemonisreallyfun|?
|
|start
|switch|p1a: Blastoise|Blastoise, M|324\/324
|switch|p2a: Infernape|Infernape, M|293\/293
|turn|1
|c|âpokemonisreallyfun|shit user?
|c| Freelancer Mac|chuck tesa
|c|âsome weird shit|dod
|c|âpokemonisreallyfun|oh
|c|âpokemonisreallyfun|nb
|c|âpokemonisreallyfun|hi
|c|âsome weird shit|hi
|
|detailschange|p1a: Blastoise|Blastoise-Mega, M
|message|Blastoise has Mega Evolved into Mega Blastoise!
|move|p2a: Infernape|Close Combat|p1a: Blastoise
|-damage|p1a: Blastoise|170\/324
|-unboost|p2a: Infernape|def|1
|-unboost|p2a: Infernape|spd|1
|move|p1a: Blastoise|Dragon Pulse|p2a: Infernape
|-crit|p2a: Infernape
|-enditem|p2a: Infernape|Focus Sash
|-damage|p2a: Infernape|1\/293
|
|turn|2
|
|move|p2a: Infernape|Close Combat|p1a: Blastoise
|-damage|p1a: Blastoise|10\/324
|-unboost|p2a: Infernape|def|1
|-unboost|p2a: Infernape|spd|1
|move|p1a: Blastoise|Rapid Spin|p2a: Infernape
|-damage|p2a: Infernape|0 fnt
|faint|p2a: Infernape
|
|
|switch|p2a: Crobat|Crobat, F|319\/319
|turn|3
|
|switch|p1a: Mienshao|Mienshao, F|271\/271
|move|p2a: Crobat|U-turn|p1a: Mienshao
|-resisted|p1a: Mienshao
|-damage|p1a: Mienshao|196\/271
|
|switch|p2a: Swampert|Swampert, M|404\/404
|
|turn|4
|
|move|p1a: Mienshao|U-turn|p2a: Swampert
|-damage|p2a: Swampert|320\/404
|
|switch|p1a: Blastoise|Blastoise-Mega, M|10\/324
|move|p2a: Swampert|Earthquake|p1a: Blastoise
|-damage|p1a: Blastoise|0 fnt
|faint|p1a: Blastoise
|
|-heal|p2a: Swampert|345\/404|[from] item: Leftovers
|
|switch|p1a: Goodra|Goodra, M|352\/352
|turn|5
|
|switch|p2a: Virizion|Virizion|386\/386
|move|p1a: Goodra|Power Whip|p2a: Virizion
|-resisted|p2a: Virizion
|-damage|p2a: Virizion|265\/386
|
|-heal|p2a: Virizion|289\/386|[from] item: Leftovers
|turn|6
|c|âsome weird shit|too bad you prolly know my sets
|
|switch|p1a: Jirachi|Jirachi, shiny|341\/341
|move|p2a: Virizion|Calm Mind|p2a: Virizion
|-boost|p2a: Virizion|spa|1
|-boost|p2a: Virizion|spd|1
|
|-heal|p2a: Virizion|313\/386|[from] item: Leftovers
|turn|7
|
|move|p2a: Virizion|Substitute|p2a: Virizion
|-start|p2a: Virizion|Substitute
|-damage|p2a: Virizion|217\/386
|move|p1a: Jirachi|Psyshock|p2a: Virizion
|-supereffective|p2a: Virizion
|-end|p2a: Virizion|Substitute
|
|-heal|p2a: Virizion|241\/386|[from] item: Leftovers
|turn|8
|
|switch|p2a: Ampharos|Ampharos, F|369\/369
|move|p1a: Jirachi|Psyshock|p2a: Ampharos
|-damage|p2a: Ampharos|221\/369
|
|turn|9
|
|detailschange|p2a: Ampharos|Ampharos-Mega, F
|message|Ampharos has Mega Evolved into Mega Ampharos!
|-ability|p2a: Ampharos|Mold Breaker
|move|p1a: Jirachi|Moonblast|p2a: Ampharos
|-supereffective|p2a: Ampharos
|-damage|p2a: Ampharos|35\/369
|-unboost|p2a: Ampharos|spa|1
|move|p2a: Ampharos|Dragon Pulse|p1a: Jirachi
|-crit|p1a: Jirachi
|-resisted|p1a: Jirachi
|-damage|p1a: Jirachi|197\/341
|
|-heal|p1a: Jirachi|218\/341|[from] item: Leftovers
|turn|10
|
|switch|p2a: Espeon|Espeon, M|272\/272
|move|p1a: Jirachi|Psyshock|p2a: Espeon
|-resisted|p2a: Espeon
|-damage|p2a: Espeon|185\/272
|
|-heal|p1a: Jirachi|239\/341|[from] item: Leftovers
|turn|11
|
|switch|p1a: Krookodile|Krookodile, F|394\/394
|-ability|p1a: Krookodile|Intimidate|[of] p2a: Espeon
|-unboost|p2a: Espeon|atk|1
|move|p2a: Espeon|Shadow Ball|p1a: Krookodile
|-resisted|p1a: Krookodile
|-damage|p1a: Krookodile|299\/394
|
|-heal|p1a: Krookodile|323\/394|[from] item: Leftovers
|turn|12
|
|move|p2a: Espeon|Shadow Ball|p1a: Krookodile
|-resisted|p1a: Krookodile
|-damage|p1a: Krookodile|231\/394
|move|p1a: Krookodile|Knock Off|p2a: Espeon
|-supereffective|p2a: Espeon
|-damage|p2a: Espeon|0 fnt
|-enditem|p2a: Espeon|Choice Specs|[from] move: Knock Off|[of] p1a: Krookodile
|faint|p2a: Espeon
|
|-heal|p1a: Krookodile|255\/394|[from] item: Leftovers
|
|switch|p2a: Crobat|Crobat, F|319\/319
|turn|13
|
|switch|p1a: Feraligatr|Feraligatr, F|344\/344
|move|p2a: Crobat|Brave Bird|p1a: Feraligatr
|-damage|p1a: Feraligatr|86\/344
|-damage|p2a: Crobat|234\/319|[from] recoil|[of] p1a: Feraligatr
|
|turn|14
|
|switch|p2a: Ampharos|Ampharos-Mega, F|35\/369
|-ability|p2a: Ampharos|Mold Breaker
|move|p1a: Feraligatr|Aqua Jet|p2a: Ampharos
|-resisted|p2a: Ampharos
|-damage|p2a: Ampharos|0 fnt
|faint|p2a: Ampharos
|
|
|switch|p2a: Virizion|Virizion|241\/386
|turn|15
|
|move|p2a: Virizion|Giga Drain|p1a: Feraligatr
|-supereffective|p1a: Feraligatr
|-damage|p1a: Feraligatr|0 fnt
|-heal|p2a: Virizion|284\/386|[from] drain|[of] p1a: Feraligatr
|faint|p1a: Feraligatr
|
|-heal|p2a: Virizion|308\/386|[from] item: Leftovers
|
|switch|p1a: Jirachi|Jirachi, shiny|239\/341
|turn|16
|
|switch|p1a: Goodra|Goodra, M|352\/352
|move|p2a: Virizion|Focus Blast|p1a: Goodra
|-damage|p1a: Goodra|255\/352
|
|-heal|p2a: Virizion|332\/386|[from] item: Leftovers
|turn|17
|c|âsome weird shit|oh
|
|move|p2a: Virizion|Calm Mind|p2a: Virizion
|-boost|p2a: Virizion|spa|1
|-boost|p2a: Virizion|spd|1
|move|p1a: Goodra|Outrage|p2a: Virizion
|-damage|p2a: Virizion|0 fnt
|faint|p2a: Virizion
|
|
|switch|p2a: Crobat|Crobat, F|234\/319
|turn|18
|
|move|p2a: Crobat|Brave Bird|p1a: Goodra
|-damage|p1a: Goodra|0 fnt
|-damage|p2a: Crobat|150\/319|[from] recoil|[of] p1a: Goodra
|faint|p1a: Goodra
|
|
|switch|p1a: Krookodile|Krookodile, F|255\/394
|-ability|p1a: Krookodile|Intimidate|[of] p2a: Crobat
|-unboost|p2a: Crobat|atk|1
|turn|19
|
|move|p2a: Crobat|Brave Bird|p1a: Krookodile
|-damage|p1a: Krookodile|51\/394
|-damage|p2a: Crobat|83\/319|[from] recoil|[of] p1a: Krookodile
|move|p1a: Krookodile|Knock Off|p2a: Crobat
|-damage|p2a: Crobat|0 fnt
|-enditem|p2a: Crobat|Choice Band|[from] move: Knock Off|[of] p1a: Krookodile
|faint|p2a: Crobat
|
|-heal|p1a: Krookodile|75\/394|[from] item: Leftovers
|
|switch|p2a: Swampert|Swampert, M|345\/404
|turn|20
|c|âpokemonisreallyfun|gg
|
|move|p1a: Krookodile|Knock Off|p2a: Swampert
|-crit|p2a: Swampert
|-damage|p2a: Swampert|153\/404
|-enditem|p2a: Swampert|Leftovers|[from] move: Knock Off|[of] p1a: Krookodile
|move|p2a: Swampert|Earthquake|p1a: Krookodile
|-damage|p1a: Krookodile|0 fnt
|faint|p1a: Krookodile
|
|c|âpokemonisreallyfun|recommendation?
|c|âsome weird shit|gg
|
|switch|p1a: Jirachi|Jirachi, shiny|239\/341
|turn|21
|c|âsome weird shit|uhh
|
|move|p1a: Jirachi|Moonblast|p2a: Swampert
|-damage|p2a: Swampert|58\/404
|move|p2a: Swampert|Earthquake|p1a: Jirachi
|-supereffective|p1a: Jirachi
|-damage|p1a: Jirachi|0 fnt
|faint|p1a: Jirachi
|
|c|âsome weird shit|idk man it's a really solid team.
|c|âsome weird shit|is espeon specs?
|
|switch|p1a: Mienshao|Mienshao, F|196\/271
|turn|22
|c|âpokemonisreallyfun|yes
|
|move|p1a: Mienshao|High Jump Kick|p2a: Swampert
|-damage|p2a: Swampert|0 fnt
|faint|p2a: Swampert
|
|win|some weird shit
|raw|Ladder updating...
|raw|some weird shit's rating: 1689 &rarr; <strong>1698<\/strong><br \/>(+9 for winning)
|raw|pokemonisreallyfun's rating: 1489 &rarr; <strong>1479<\/strong><br \/>(-10 for losing)
|c|âsome weird shit|i'm not sure
|c|âsome weird shit|maybe change espeon to rachi
|c|âsome weird shit|to have a dragon resist
|c|âpokemonisreallyfun|k
|c|âsome weird shit|wait
|c|âpokemonisreallyfun|oooo k
|c|âpokemonisreallyfun|oo no?
|c|âsome weird shit|you're totally kink
|c|âsome weird shit|LOL
|c|âpokemonisreallyfun|?