|join|WhiteQueen
|join|some weird shit
|player|p1|WhiteQueen|170
|player|p2|some weird shit|171
|gametype|singles
|gen|6
|tier|UU
|rated
|rule|Sleep Clause Mod: Limit one foe put to sleep
|rule|Species Clause: Limit one of each PokÃ©mon
|rule|OHKO Clause: OHKO moves are banned
|rule|Moody Clause: Moody is banned
|rule|Evasion Moves Clause: Evasion moves are banned
|rule|Endless Battle Clause: Forcing endless battles is banned
|rule|HP Percentage Mod: HP is shown in percentages
|clearpoke
|poke|p1|Abomasnow, M
|poke|p1|Mienshao, F
|poke|p1|Forretress, F
|poke|p1|Nidoqueen, F
|poke|p1|Jirachi
|poke|p1|Vaporeon, F
|poke|p2|Pangoro, M
|poke|p2|Roserade, M
|poke|p2|Azelf
|poke|p2|Suicune
|poke|p2|Florges, F
|poke|p2|Magneton
|rule|Swagger Clause: Swagger is banned
|rule|Baton Pass Clause: Limit one PokÃ©mon knowing Baton Pass
|teampreview
|
|start
|switch|p1a: Mienshao|Mienshao, F|271\/271
|switch|p2a: Azelf|Azelf|291\/291
|turn|1
|
|move|p1a: Mienshao|Fake Out|p2a: Azelf
|-damage|p2a: Azelf|197\/291
|-damage|p1a: Mienshao|244\/271|[from] item: Life Orb
|cant|p2a: Azelf|flinch
|
|turn|2
|
|move|p2a: Azelf|Psyshock|p1a: Mienshao
|-supereffective|p1a: Mienshao
|-damage|p1a: Mienshao|0 fnt
|faint|p1a: Mienshao
|
|
|switch|p1a: Jirachi|Jirachi|341\/341
|turn|3
|
|move|p1a: Jirachi|U-turn|p2a: Azelf
|-supereffective|p2a: Azelf
|-damage|p2a: Azelf|0 fnt
|faint|p2a: Azelf
|
|switch|p1a: Abomasnow|Abomasnow, M|375\/375
|-weather|Hail
|
|-weather|Hail|[upkeep]
|
|switch|p2a: Roserade|Roserade, M|261\/261
|turn|4
|
|switch|p1a: Jirachi|Jirachi|341\/341
|move|p2a: Roserade|Toxic Spikes|p1a: Jirachi
|-sidestart|p1: WhiteQueen|move: Toxic Spikes
|
|-weather|Hail|[upkeep]
|-damage|p1a: Jirachi|320\/341|[from] hail
|-damage|p2a: Roserade|245\/261|[from] hail
|turn|5
|
|switch|p2a: Magneton|Magneton|241\/241
|move|p1a: Jirachi|U-turn|p2a: Magneton
|-resisted|p2a: Magneton
|-damage|p2a: Magneton|207\/241
|
|switch|p1a: Nidoqueen|Nidoqueen, F|383\/383
|-sideend|p1: WhiteQueen|move: Toxic Spikes|[of] p1a: Nidoqueen
|
|-weather|Hail|[upkeep]
|-damage|p2a: Magneton|192\/241|[from] hail
|-damage|p1a: Nidoqueen|360\/383|[from] hail
|-heal|p1a: Nidoqueen|383\/383|[from] item: Black Sludge
|turn|6
|
|move|p2a: Magneton|Flash Cannon|p1a: Nidoqueen
|-damage|p1a: Nidoqueen|235\/383
|-damage|p2a: Magneton|168\/241|[from] item: Life Orb
|move|p1a: Nidoqueen|Stealth Rock|p2a: Magneton
|-sidestart|p2: some weird shit|move: Stealth Rock
|
|-weather|Hail|[upkeep]
|-damage|p2a: Magneton|153\/241|[from] hail
|-damage|p1a: Nidoqueen|212\/383|[from] hail
|-heal|p1a: Nidoqueen|235\/383|[from] item: Black Sludge
|turn|7
|
|switch|p2a: Suicune|Suicune|404\/404
|-damage|p2a: Suicune|354\/404|[from] Stealth Rock
|-ability|p2a: Suicune|Pressure
|move|p1a: Nidoqueen|Earth Power|p2a: Suicune
|-damage|p2a: Suicune|264\/404
|
|-weather|none
|-heal|p2a: Suicune|289\/404|[from] item: Leftovers
|-heal|p1a: Nidoqueen|258\/383|[from] item: Black Sludge
|turn|8
|
|switch|p1a: Vaporeon|Vaporeon, F|451\/451
|move|p2a: Suicune|Calm Mind|p2a: Suicune
|-boost|p2a: Suicune|spa|1
|-boost|p2a: Suicune|spd|1
|
|-heal|p2a: Suicune|314\/404|[from] item: Leftovers
|turn|9
|
|move|p2a: Suicune|Calm Mind|p2a: Suicune
|-boost|p2a: Suicune|spa|1
|-boost|p2a: Suicune|spd|1
|move|p1a: Vaporeon|Wish|p1a: Vaporeon
|
|-heal|p2a: Suicune|339\/404|[from] item: Leftovers
|turn|10
|
|move|p2a: Suicune|Calm Mind|p2a: Suicune
|-boost|p2a: Suicune|spa|1
|-boost|p2a: Suicune|spd|1
|move|p1a: Vaporeon|Roar|p2a: Suicune
|drag|p2a: Magneton|Magneton|153\/241
|-damage|p2a: Magneton|138\/241|[from] Stealth Rock
|
|turn|11
|
|switch|p1a: Nidoqueen|Nidoqueen, F|258\/383
|move|p2a: Magneton|Thunderbolt|p1a: Nidoqueen
|-immune|p1a: Nidoqueen|[msg]
|
|-heal|p1a: Nidoqueen|281\/383|[from] item: Black Sludge
|turn|12
|
|switch|p2a: Suicune|Suicune|339\/404
|-damage|p2a: Suicune|289\/404|[from] Stealth Rock
|-ability|p2a: Suicune|Pressure
|move|p1a: Nidoqueen|Earth Power|p2a: Suicune
|-damage|p2a: Suicune|201\/404
|
|-heal|p2a: Suicune|226\/404|[from] item: Leftovers
|-heal|p1a: Nidoqueen|304\/383|[from] item: Black Sludge
|turn|13
|
|switch|p1a: Vaporeon|Vaporeon, F|451\/451
|move|p2a: Suicune|Calm Mind|p2a: Suicune
|-boost|p2a: Suicune|spa|1
|-boost|p2a: Suicune|spd|1
|
|-heal|p2a: Suicune|251\/404|[from] item: Leftovers
|turn|14
|
|move|p2a: Suicune|Ice Beam|p1a: Vaporeon
|-resisted|p1a: Vaporeon
|-damage|p1a: Vaporeon|406\/451
|move|p1a: Vaporeon|Roar|p2a: Suicune
|drag|p2a: Magneton|Magneton|138\/241
|-damage|p2a: Magneton|123\/241|[from] Stealth Rock
|
|-heal|p1a: Vaporeon|434\/451|[from] item: Leftovers
|turn|15
|
|switch|p1a: Nidoqueen|Nidoqueen, F|304\/383
|move|p2a: Magneton|Flash Cannon|p1a: Nidoqueen
|-damage|p1a: Nidoqueen|151\/383
|-damage|p2a: Magneton|99\/241|[from] item: Life Orb
|
|-heal|p1a: Nidoqueen|174\/383|[from] item: Black Sludge
|turn|16
|
|switch|p2a: Suicune|Suicune|251\/404
|-damage|p2a: Suicune|201\/404|[from] Stealth Rock
|-ability|p2a: Suicune|Pressure
|move|p1a: Nidoqueen|Earth Power|p2a: Suicune
|-damage|p2a: Suicune|104\/404
|
|-heal|p2a: Suicune|129\/404|[from] item: Leftovers
|-heal|p1a: Nidoqueen|197\/383|[from] item: Black Sludge
|turn|17
|
|switch|p1a: Abomasnow|Abomasnow, M|375\/375
|-weather|Hail
|move|p2a: Suicune|Rest|p2a: Suicune
|-status|p2a: Suicune|slp
|-heal|p2a: Suicune|404\/404 slp|[silent]
|-status|p2a: Suicune|slp|[from] move: Rest
|
|-weather|Hail|[upkeep]
|-damage|p2a: Suicune|379\/404 slp|[from] hail
|-heal|p2a: Suicune|404\/404 slp|[from] item: Leftovers
|turn|18
|
|switch|p2a: Magneton|Magneton|99\/241
|-damage|p2a: Magneton|84\/241|[from] Stealth Rock
|detailschange|p1a: Abomasnow|Abomasnow-Mega, M
|message|Abomasnow has Mega Evolved into Mega Abomasnow!
|move|p1a: Abomasnow|Giga Drain|p2a: Magneton
|-resisted|p2a: Magneton
|-damage|p2a: Magneton|0 fnt
|faint|p2a: Magneton
|
|-weather|Hail|[upkeep]
|
|switch|p2a: Pangoro|Pangoro, M|377\/377
|-damage|p2a: Pangoro|354\/377|[from] Stealth Rock
|turn|19
|
|move|p1a: Abomasnow|Protect|p1a: Abomasnow
|-singleturn|p1a: Abomasnow|Protect
|move|p2a: Pangoro|Drain Punch|p1a: Abomasnow
|-activate|p1a: Abomasnow|Protect
|
|-weather|Hail|[upkeep]
|-damage|p2a: Pangoro|331\/377|[from] hail
|turn|20
|
|switch|p1a: Forretress|Forretress, F|353\/353
|move|p2a: Pangoro|Knock Off|p1a: Forretress
|-damage|p1a: Forretress|245\/353
|-enditem|p1a: Forretress|Leftovers|[from] move: Knock Off|[of] p2a: Pangoro
|
|-weather|Hail|[upkeep]
|-damage|p2a: Pangoro|308\/377|[from] hail
|-damage|p1a: Forretress|223\/353|[from] hail
|turn|21
|
|move|p2a: Pangoro|Swords Dance|p2a: Pangoro
|-boost|p2a: Pangoro|atk|2
|move|p1a: Forretress|Volt Switch|p2a: Pangoro
|-damage|p2a: Pangoro|249\/377
|
|switch|p1a: Jirachi|Jirachi|320\/341
|
|-weather|none
|turn|22
|
|move|p1a: Jirachi|Iron Head|p2a: Pangoro
|-damage|p2a: Pangoro|98\/377
|move|p2a: Pangoro|Drain Punch|p1a: Jirachi
|-damage|p1a: Jirachi|0 fnt
|-heal|p2a: Pangoro|258\/377|[from] drain|[of] p1a: Jirachi
|faint|p1a: Jirachi
|
|
|switch|p1a: Nidoqueen|Nidoqueen, F|197\/383
|turn|23
|
|move|p1a: Nidoqueen|Earth Power|p2a: Pangoro
|-damage|p2a: Pangoro|113\/377
|move|p2a: Pangoro|Knock Off|p1a: Nidoqueen
|-damage|p1a: Nidoqueen|0 fnt
|-enditem|p1a: Nidoqueen|Black Sludge|[from] move: Knock Off|[of] p2a: Pangoro
|faint|p1a: Nidoqueen
|
|
|switch|p1a: Abomasnow|Abomasnow-Mega, M|375\/375
|-weather|Hail
|turn|24
|
|move|p1a: Abomasnow|Protect|p1a: Abomasnow
|-singleturn|p1a: Abomasnow|Protect
|move|p2a: Pangoro|Drain Punch|p1a: Abomasnow
|-activate|p1a: Abomasnow|Protect
|
|-weather|Hail|[upkeep]
|-damage|p2a: Pangoro|90\/377|[from] hail
|turn|25
|
|move|p1a: Abomasnow|Ice Shard|p2a: Pangoro
|-damage|p2a: Pangoro|15\/377
|move|p2a: Pangoro|Drain Punch|p1a: Abomasnow
|-supereffective|p1a: Abomasnow
|-damage|p1a: Abomasnow|0 fnt
|-heal|p2a: Pangoro|203\/377|[from] drain|[of] p1a: Abomasnow
|faint|p1a: Abomasnow
|
|-weather|Hail|[upkeep]
|-damage|p2a: Pangoro|180\/377|[from] hail
|-message|WhiteQueen forfeited.
|
|win|some weird shit
|raw|Ladder updating...
|leave|WhiteQueen
|player|p1
|raw|WhiteQueen's rating: 1605 &rarr; <strong>1579<\/strong><br \/>(-26 for losing)
|raw|some weird shit's rating: 1494 &rarr; <strong>1520<\/strong><br \/>(+26 for winning)