|join|some weird shit
|join|22Mustafa
|player|p1|some weird shit|171
|player|p2|22Mustafa|194
|gametype|singles
|gen|6
|tier|UU
|rated
|rule|Sleep Clause Mod: Limit one foe put to sleep
|rule|Species Clause: Limit one of each PokÃ©mon
|rule|OHKO Clause: OHKO moves are banned
|rule|Moody Clause: Moody is banned
|rule|Evasion Moves Clause: Evasion moves are banned
|rule|Endless Battle Clause: Forcing endless battles is banned
|rule|HP Percentage Mod: HP is shown in percentages
|clearpoke
|poke|p1|Infernape, M
|poke|p1|Azelf
|poke|p1|Suicune
|poke|p1|Roserade, F
|poke|p1|Gallade, M
|poke|p1|Krookodile, F
|poke|p2|Alomomola, F
|poke|p2|Ampharos, M
|poke|p2|Jirachi
|poke|p2|Crobat, F
|poke|p2|Florges, F
|poke|p2|Nidoqueen, F
|rule|Swagger Clause: Swagger is banned
|rule|Baton Pass Clause: Limit one PokÃ©mon knowing Baton Pass
|teampreview
|
|start
|switch|p1a: Krookodile|Krookodile, F|331\/331
|switch|p2a: Crobat|Crobat, F|331\/331
|-ability|p1a: Krookodile|Intimidate|[of] p2a: Crobat
|-unboost|p2a: Crobat|atk|1
|turn|1
|
|move|p2a: Crobat|U-turn|p1a: Krookodile
|-supereffective|p1a: Krookodile
|-damage|p1a: Krookodile|221\/331
|
|switch|p2a: Alomomola|Alomomola, F|534\/534
|move|p1a: Krookodile|Knock Off|p2a: Alomomola
|-damage|p2a: Alomomola|369\/534
|-enditem|p2a: Alomomola|Leftovers|[from] move: Knock Off|[of] p1a: Krookodile
|
|turn|2
|
|switch|p1a: Roserade|Roserade, F|261\/261
|move|p2a: Alomomola|Wish|p2a: Alomomola
|
|turn|3
|
|switch|p1a: Suicune|Suicune|399\/399
|-ability|p1a: Suicune|Pressure
|switch|p2a: Jirachi|Jirachi|366\/366
|
|turn|4
|
|move|p2a: Jirachi|Toxic|p1a: Suicune|[miss]
|-miss|p2a: Jirachi|p1a: Suicune
|move|p1a: Suicune|Hydro Pump|p2a: Jirachi
|-damage|p2a: Jirachi|237\/366
|
|-heal|p2a: Jirachi|259\/366|[from] item: Leftovers
|turn|5
|
|switch|p1a: Roserade|Roserade, F|261\/261
|move|p2a: Jirachi|Toxic|p1a: Roserade
|-fail|p1a: Roserade
|
|-heal|p2a: Jirachi|281\/366|[from] item: Leftovers
|turn|6
|
|switch|p1a: Infernape|Infernape, M|293\/293
|move|p2a: Jirachi|Iron Head|p1a: Infernape
|-resisted|p1a: Infernape
|-damage|p1a: Infernape|224\/293
|
|-heal|p2a: Jirachi|303\/366|[from] item: Leftovers
|turn|7
|
|switch|p2a: Alomomola|Alomomola, F|534\/534
|move|p1a: Infernape|Swords Dance|p1a: Infernape
|-boost|p1a: Infernape|atk|2
|
|turn|8
|
|move|p1a: Infernape|Close Combat|p2a: Alomomola
|-damage|p2a: Alomomola|144\/534
|-unboost|p1a: Infernape|def|1
|-unboost|p1a: Infernape|spd|1
|-damage|p1a: Infernape|195\/293|[from] item: Life Orb
|move|p2a: Alomomola|Scald|p1a: Infernape
|-supereffective|p1a: Infernape
|-damage|p1a: Infernape|15\/293
|
|turn|9
|
|switch|p2a: Nidoqueen|Nidoqueen, F|353\/353
|move|p1a: Infernape|Fire Punch|p2a: Nidoqueen
|-damage|p2a: Nidoqueen|0 fnt
|-damage|p1a: Infernape|0 fnt|[from] item: Life Orb
|faint|p2a: Nidoqueen
|faint|p1a: Infernape
|
|
|switch|p1a: Azelf|Azelf|291\/291
|switch|p2a: Jirachi|Jirachi|303\/366
|turn|10
|
|move|p1a: Azelf|Fire Blast|p2a: Jirachi
|-supereffective|p2a: Jirachi
|-damage|p2a: Jirachi|115\/366
|move|p2a: Jirachi|U-turn|p1a: Azelf
|-supereffective|p1a: Azelf
|-damage|p1a: Azelf|129\/291
|
|switch|p2a: Crobat|Crobat, F|331\/331
|
|turn|11
|
|switch|p1a: Suicune|Suicune|399\/399
|-ability|p1a: Suicune|Pressure
|move|p2a: Crobat|U-turn|p1a: Suicune
|-damage|p1a: Suicune|341\/399
|
|switch|p2a: Ampharos|Ampharos, M|354\/354
|
|-heal|p1a: Suicune|365\/399|[from] item: Leftovers
|turn|12
|
|detailschange|p2a: Ampharos|Ampharos-Mega, M
|message|Ampharos has Mega Evolved into Mega Ampharos!
|-ability|p2a: Ampharos|Mold Breaker
|move|p1a: Suicune|Ice Beam|p2a: Ampharos
|-supereffective|p2a: Ampharos
|-damage|p2a: Ampharos|190\/354
|move|p2a: Ampharos|Dragon Pulse|p1a: Suicune
|-crit|p1a: Suicune
|-damage|p1a: Suicune|83\/399
|
|-heal|p1a: Suicune|107\/399|[from] item: Leftovers
|turn|13
|
|move|p1a: Suicune|Ice Beam|p2a: Ampharos
|-supereffective|p2a: Ampharos
|-damage|p2a: Ampharos|24\/354
|move|p2a: Ampharos|Volt Switch|p1a: Suicune
|-supereffective|p1a: Suicune
|-damage|p1a: Suicune|0 fnt
|faint|p1a: Suicune
|
|switch|p2a: Crobat|Crobat, F|331\/331
|
|
|switch|p1a: Krookodile|Krookodile, F|221\/331
|-ability|p1a: Krookodile|Intimidate|[of] p2a: Crobat
|-unboost|p2a: Crobat|atk|1
|turn|14
|
|move|p2a: Crobat|U-turn|p1a: Krookodile
|-supereffective|p1a: Krookodile
|-damage|p1a: Krookodile|115\/331
|
|move|p1a: Krookodile|Pursuit|p2a: Crobat|[from]Pursuit
|-damage|p2a: Crobat|154\/331
|switch|p2a: Alomomola|Alomomola, F|322\/534
|
|turn|15
|
|move|p1a: Krookodile|Taunt|p2a: Alomomola
|-start|p2a: Alomomola|move: Taunt
|cant|p2a: Alomomola|move: Taunt|Wish
|
|turn|16
|
|move|p1a: Krookodile|Earthquake|p2a: Alomomola
|-damage|p2a: Alomomola|177\/534
|move|p2a: Alomomola|Scald|p1a: Krookodile
|-crit|p1a: Krookodile
|-supereffective|p1a: Krookodile
|-damage|p1a: Krookodile|0 fnt
|faint|p1a: Krookodile
|
|
|switch|p1a: Gallade|Gallade, M|277\/277
|turn|17
|
|switch|p2a: Ampharos|Ampharos-Mega, M|24\/354
|-ability|p2a: Ampharos|Mold Breaker
|detailschange|p1a: Gallade|Gallade-Mega, M
|message|Gallade has Mega Evolved into Mega Gallade!
|move|p1a: Gallade|Close Combat|p2a: Ampharos
|-damage|p2a: Ampharos|0 fnt
|-unboost|p1a: Gallade|def|1
|-unboost|p1a: Gallade|spd|1
|faint|p2a: Ampharos
|
|
|switch|p2a: Crobat|Crobat, F|154\/331
|turn|18
|
|switch|p1a: Azelf|Azelf|129\/291
|move|p2a: Crobat|Brave Bird|p1a: Azelf
|-damage|p1a: Azelf|0 fnt
|-damage|p2a: Crobat|111\/331|[from] recoil|[of] p1a: Azelf
|faint|p1a: Azelf
|
|
|switch|p1a: Roserade|Roserade, F|261\/261
|turn|19
|
|move|p2a: Crobat|Brave Bird|p1a: Roserade
|-supereffective|p1a: Roserade
|-damage|p1a: Roserade|0 fnt
|-damage|p2a: Crobat|25\/331|[from] recoil|[of] p1a: Roserade
|faint|p1a: Roserade
|
|
|switch|p1a: Gallade|Gallade-Mega, M|277\/277
|turn|20
|
|move|p1a: Gallade|Shadow Sneak|p2a: Crobat
|-damage|p2a: Crobat|0 fnt
|faint|p2a: Crobat
|
|
|switch|p2a: Florges|Florges, F|318\/318
|turn|21
|
|move|p1a: Gallade|Swords Dance|p1a: Gallade
|-boost|p1a: Gallade|atk|2
|move|p2a: Florges|Moonblast|p1a: Gallade
|-supereffective|p1a: Gallade
|-damage|p1a: Gallade|59\/277
|
|turn|22
|
|move|p1a: Gallade|Zen Headbutt|p2a: Florges
|-damage|p2a: Florges|0 fnt
|faint|p2a: Florges
|
|
|switch|p2a: Alomomola|Alomomola, F|355\/534
|turn|23
|
|switch|p2a: Jirachi|Jirachi|115\/366
|move|p1a: Gallade|Swords Dance|p1a: Gallade
|-boost|p1a: Gallade|atk|2
|
|-heal|p2a: Jirachi|137\/366|[from] item: Leftovers
|turn|24
|
|move|p1a: Gallade|Shadow Sneak|p2a: Jirachi
|-supereffective|p2a: Jirachi
|-damage|p2a: Jirachi|0 fnt
|faint|p2a: Jirachi
|
|
|switch|p2a: Alomomola|Alomomola, F|533\/534
|turn|25
|
|move|p1a: Gallade|Close Combat|p2a: Alomomola
|-damage|p2a: Alomomola|0 fnt
|-unboost|p1a: Gallade|def|1
|-unboost|p1a: Gallade|spd|1
|faint|p2a: Alomomola
|
|win|some weird shit
|raw|Ladder updating...
|c|âsome weird shit|gg
|leave|22Mustafa
|player|p2