|join|some weird shit
|join|dynamic test
|player|p1|some weird shit|171
|player|p2|dynamic test|5
|gametype|singles
|gen|6
|tier|UU
|rated
|rule|Sleep Clause Mod: Limit one foe put to sleep
|rule|Species Clause: Limit one of each PokÃ©mon
|rule|OHKO Clause: OHKO moves are banned
|rule|Moody Clause: Moody is banned
|rule|Evasion Moves Clause: Evasion moves are banned
|rule|Endless Battle Clause: Forcing endless battles is banned
|rule|HP Percentage Mod: HP is shown in percentages
|clearpoke
|poke|p1|Mienshao, M
|poke|p1|Krookodile, F
|poke|p1|Suicune
|poke|p1|Aggron, M
|poke|p1|Chandelure, M
|poke|p1|Whimsicott, M
|poke|p2|Umbreon, M
|poke|p2|Forretress, M
|poke|p2|Gligar, F
|poke|p2|Granbull, F
|poke|p2|Xatu, M
|poke|p2|Jellicent, F
|rule|Swagger Clause: Swagger is banned
|rule|Baton Pass Clause: Limit one PokÃ©mon knowing Baton Pass
|teampreview
|c|âsome weird shit|hi
|c|âdynamic test|hey
|c|âdynamic test|gl hf
|
|start
|switch|p1a: Krookodile|Krookodile, F|331\/331
|switch|p2a: Jellicent|Jellicent, F|404\/404
|-ability|p1a: Krookodile|Intimidate|[of] p2a: Jellicent
|-unboost|p2a: Jellicent|atk|1
|turn|1
|
|move|p1a: Krookodile|Knock Off|p2a: Jellicent
|-supereffective|p2a: Jellicent
|-damage|p2a: Jellicent|44\/404
|-enditem|p2a: Jellicent|Leftovers|[from] move: Knock Off|[of] p1a: Krookodile
|move|p2a: Jellicent|Recover|p2a: Jellicent
|-heal|p2a: Jellicent|246\/404
|
|turn|2
|
|switch|p2a: Granbull|Granbull, F|384\/384
|-ability|p2a: Granbull|Intimidate|[of] p1a: Krookodile
|-unboost|p1a: Krookodile|atk|1
|move|p1a: Krookodile|Knock Off|p2a: Granbull
|-resisted|p2a: Granbull
|-damage|p2a: Granbull|327\/384
|-enditem|p2a: Granbull|Leftovers|[from] move: Knock Off|[of] p1a: Krookodile
|
|turn|3
|
|move|p1a: Krookodile|Knock Off|p2a: Granbull
|-resisted|p2a: Granbull
|-damage|p2a: Granbull|288\/384
|move|p2a: Granbull|Earthquake|p1a: Krookodile
|-damage|p1a: Krookodile|222\/331
|
|turn|4
|c|âdynamic test|fuck
|c|âdynamic test|my ruse is revealed
|
|switch|p1a: Suicune|Suicune|367\/367
|-ability|p1a: Suicune|Pressure
|move|p2a: Granbull|Play Rough|p1a: Suicune
|-damage|p1a: Suicune|265\/367
|
|-heal|p1a: Suicune|287\/367|[from] item: Leftovers
|turn|5
|
|switch|p1a: Krookodile|Krookodile, F|222\/331
|-ability|p1a: Krookodile|Intimidate|[of] p2a: Granbull
|-unboost|p2a: Granbull|atk|1
|switch|p2a: Jellicent|Jellicent, F|246\/404
|
|turn|6
|
|move|p1a: Krookodile|Pursuit|p2a: Jellicent
|-supereffective|p2a: Jellicent
|-damage|p2a: Jellicent|94\/404
|move|p2a: Jellicent|Recover|p2a: Jellicent
|-heal|p2a: Jellicent|296\/404
|
|turn|7
|
|move|p1a: Krookodile|Knock Off|p2a: Jellicent
|-supereffective|p2a: Jellicent
|-damage|p2a: Jellicent|50\/404
|move|p2a: Jellicent|Recover|p2a: Jellicent
|-heal|p2a: Jellicent|252\/404
|
|turn|8
|c|âdynamic test|stall a shit
|
|switch|p2a: Granbull|Granbull, F|288\/384
|-ability|p2a: Granbull|Intimidate|[of] p1a: Krookodile
|-unboost|p1a: Krookodile|atk|1
|move|p1a: Krookodile|Knock Off|p2a: Granbull
|-resisted|p2a: Granbull
|-damage|p2a: Granbull|252\/384
|
|turn|9
|
|switch|p1a: Aggron|Aggron, M|344\/344
|switch|p2a: Forretress|Forretress, M|354\/354
|
|turn|10
|
|detailschange|p1a: Aggron|Aggron-Mega, M
|message|Aggron has Mega Evolved into Mega Aggron!
|move|p1a: Aggron|Stealth Rock|p2a: Forretress
|-sidestart|p2: dynamic test|move: Stealth Rock
|move|p2a: Forretress|Spikes|p1a: Aggron
|-sidestart|p1: some weird shit|Spikes
|
|turn|11
|
|switch|p1a: Chandelure|Chandelure, M|261\/261
|-damage|p1a: Chandelure|229\/261|[from] Spikes
|move|p2a: Forretress|Toxic|p1a: Chandelure
|-status|p1a: Chandelure|tox
|
|-damage|p1a: Chandelure|213\/261 tox|[from] psn
|turn|12
|
|move|p1a: Chandelure|Trick|p2a: Forretress
|-activate|p1a: Chandelure|move: Trick|[of] p2a: Forretress
|-item|p2a: Forretress|Choice Specs|[from] move: Trick
|-item|p1a: Chandelure|Leftovers|[from] move: Trick
|move|p2a: Forretress|Spikes|p1a: Chandelure
|-sidestart|p1: some weird shit|Spikes
|
|-heal|p1a: Chandelure|229\/261 tox|[from] item: Leftovers
|-damage|p1a: Chandelure|197\/261 tox|[from] psn
|turn|13
|c|âdynamic test|ayy
|c|âsome weird shit|lol
|
|switch|p2a: Umbreon|Umbreon, M|394\/394
|-damage|p2a: Umbreon|345\/394|[from] Stealth Rock
|move|p1a: Chandelure|Fire Blast|p2a: Umbreon
|-damage|p2a: Umbreon|216\/394
|
|-heal|p1a: Chandelure|213\/261 tox|[from] item: Leftovers
|-heal|p2a: Umbreon|240\/394|[from] item: Leftovers
|-damage|p1a: Chandelure|165\/261 tox|[from] psn
|turn|14
|
|switch|p1a: Aggron|Aggron-Mega, M|344\/344
|-damage|p1a: Aggron|287\/344|[from] Spikes
|move|p2a: Umbreon|Wish|p2a: Umbreon
|
|-heal|p2a: Umbreon|264\/394|[from] item: Leftovers
|turn|15
|
|switch|p2a: Forretress|Forretress, M|354\/354
|-damage|p2a: Forretress|310\/354|[from] Stealth Rock
|move|p1a: Aggron|Heavy Slam|p2a: Forretress
|-resisted|p2a: Forretress
|-damage|p2a: Forretress|262\/354
|
|-heal|p2a: Forretress|354\/354|[from] move: Wish|[wisher] Umbreon
|turn|16
|
|move|p1a: Aggron|Earthquake|p2a: Forretress
|-crit|p2a: Forretress
|-damage|p2a: Forretress|243\/354
|move|p2a: Forretress|Rapid Spin|p1a: Aggron
|-resisted|p1a: Aggron
|-damage|p1a: Aggron|284\/344
|-sideend|p2: dynamic test|Stealth Rock|[from] move: Rapid Spin|[of] p2a: Forretress
|
|turn|17
|
|switch|p2a: Xatu|Xatu, M|334\/334
|move|p1a: Aggron|Toxic|p2a: Xatu
|move|p2a: Xatu|Toxic|p1a: Aggron|[from]Magic Bounce
|-fail|p1a: Aggron
|
|turn|18
|
|move|p2a: Xatu|Dazzling Gleam|p1a: Aggron
|-resisted|p1a: Aggron
|-damage|p1a: Aggron|248\/344
|move|p1a: Aggron|Heavy Slam|p2a: Xatu
|-damage|p2a: Xatu|138\/334
|
|turn|19
|
|move|p2a: Xatu|Roost|p2a: Xatu
|-heal|p2a: Xatu|305\/334
|move|p1a: Aggron|Heavy Slam|p2a: Xatu
|-damage|p2a: Xatu|83\/334
|
|turn|20
|
|switch|p2a: Jellicent|Jellicent, F|252\/404
|move|p1a: Aggron|Toxic|p2a: Jellicent
|-status|p2a: Jellicent|tox
|
|-damage|p2a: Jellicent|227\/404 tox|[from] psn
|turn|21
|c|âdynamic test|p def xatu a shit
|c|âdynamic test|fucking
|
|switch|p1a: Whimsicott|Whimsicott, M|261\/261
|-damage|p1a: Whimsicott|218\/261|[from] Spikes
|move|p2a: Jellicent|Taunt|p1a: Whimsicott
|-start|p1a: Whimsicott|move: Taunt
|
|-heal|p1a: Whimsicott|234\/261|[from] item: Leftovers
|-damage|p2a: Jellicent|177\/404 tox|[from] psn
|turn|22
|c|âdynamic test|u are one
|join|bouff
|
|switch|p2a: Forretress|Forretress, M|243\/354
|move|p1a: Whimsicott|U-turn|p2a: Forretress
|-resisted|p2a: Forretress
|-damage|p2a: Forretress|233\/354
|c|âdynamic test|fucking
|
|switch|p1a: Aggron|Aggron-Mega, M|248\/344
|-damage|p1a: Aggron|191\/344|[from] Spikes
|
|turn|23
|join|CoolGeschiteBroBat
|c|âdynamic test|cheeky
|c|âdynamic test|cunt
|c|âsome weird shit|shit im bout to
|c|âsome weird shit|get rekt with that specs volt switch
|c| bouff|lol
|
|move|p1a: Aggron|Earthquake|p2a: Forretress
|-damage|p2a: Forretress|152\/354
|move|p2a: Forretress|Rapid Spin|p1a: Aggron
|-resisted|p1a: Aggron
|-damage|p1a: Aggron|187\/344
|
|turn|24
|c| bouff|i forgot
|join|zTerribadTastic
|c| CoolGeschiteBroBat|u should change your names to
|
|switch|p2a: Gligar|Gligar, F|334\/334
|move|p1a: Aggron|Heavy Slam|p2a: Gligar
|-damage|p2a: Gligar|193\/334
|
|turn|25
|c| CoolGeschiteBroBat|some weird gobo and
|c| bouff|that the best way to get through ladder
|c| bouff|is stall
|join|I<3Magikarp
|c| CoolGeschiteBroBat|so gobo
|c| bouff|at least u weed out
|c| bouff|the shit players
|
|move|p2a: Gligar|Earthquake|p1a: Aggron
|-supereffective|p1a: Aggron
|-damage|p1a: Aggron|123\/344
|move|p1a: Aggron|Heavy Slam|p2a: Gligar
|-damage|p2a: Gligar|34\/334
|
|turn|26
|
|switch|p1a: Krookodile|Krookodile, F|222\/331
|-damage|p1a: Krookodile|167\/331|[from] Spikes
|-ability|p1a: Krookodile|Intimidate|[of] p2a: Gligar
|-unboost|p2a: Gligar|atk|1
|move|p2a: Gligar|Roost|p2a: Gligar
|-heal|p2a: Gligar|201\/334
|
|turn|27
|join|Bud Hertz
|c| CoolGeschiteBroBat|nah stall doesnt always work
|c| CoolGeschiteBroBat|got haxed
|c| bouff|it does if u know how to use it
|c| CoolGeschiteBroBat|like 5 times in a row
|c| zTerribadTastic|well it depends on hat part of the ladder
|c| bouff|: O
|c| CoolGeschiteBroBat|like
|c| zTerribadTastic|low ladder is stall all the stall
|c| CoolGeschiteBroBat|they get
|join|DrReuniclus3
|c| CoolGeschiteBroBat|all the crits they need
|c| CoolGeschiteBroBat|+6 cresse
|c| zTerribadTastic|mid ladder is overload HO
|c| CoolGeschiteBroBat|dark pulse crit
|
|move|p1a: Krookodile|Knock Off|p2a: Gligar
|-damage|p2a: Gligar|75\/334
|-enditem|p2a: Gligar|Eviolite|[from] move: Knock Off|[of] p1a: Krookodile
|move|p2a: Gligar|Roost|p2a: Gligar
|-heal|p2a: Gligar|242\/334
|
|turn|28
|c| CoolGeschiteBroBat|from hydreigon
|c| CoolGeschiteBroBat|ded cresse
|c| CoolGeschiteBroBat|nice
|c| CoolGeschiteBroBat|rly nice
|c|âdynamic test|idk i just made this team in
|c|âdynamic test|5 mins
|c| zTerribadTastic|top ladder is use a team with a really finite focus
|c|âdynamic test|could probs be better
|
|move|p1a: Krookodile|Knock Off|p2a: Gligar
|-damage|p2a: Gligar|128\/334
|move|p2a: Gligar|Earthquake|p1a: Krookodile
|-damage|p1a: Krookodile|94\/331
|
|turn|29
|c| CoolGeschiteBroBat|ladder bouff
|
|move|p1a: Krookodile|Taunt|p2a: Gligar
|-start|p2a: Gligar|move: Taunt
|cant|p2a: Gligar|move: Taunt|Roost
|
|turn|30
|
|switch|p2a: Granbull|Granbull, F|252\/384
|-ability|p2a: Granbull|Intimidate|[of] p1a: Krookodile
|-unboost|p1a: Krookodile|atk|1
|move|p1a: Krookodile|Knock Off|p2a: Granbull
|-resisted|p2a: Granbull
|-damage|p2a: Granbull|215\/384
|
|turn|31
|c| CooleGeschichteBro|k
|c| zTerribadTastic|ltbh
|
|switch|p1a: Whimsicott|Whimsicott, M|234\/261
|-damage|p1a: Whimsicott|191\/261|[from] Spikes
|move|p2a: Granbull|Earthquake|p1a: Whimsicott
|-resisted|p1a: Whimsicott
|-damage|p1a: Whimsicott|143\/261
|
|-heal|p1a: Whimsicott|159\/261|[from] item: Leftovers
|turn|32
|c| zTerribadTastic|with even one mon dead this guys stall just falls apart
|
|switch|p2a: Umbreon|Umbreon, M|264\/394
|move|p1a: Whimsicott|Moonblast|p2a: Umbreon
|-supereffective|p2a: Umbreon
|-damage|p2a: Umbreon|126\/394
|-unboost|p2a: Umbreon|spa|1
|
|-heal|p1a: Whimsicott|175\/261|[from] item: Leftovers
|-heal|p2a: Umbreon|150\/394|[from] item: Leftovers
|turn|33
|c|âdynamic test|like i said
|c|âdynamic test|it could be better
|
|move|p1a: Whimsicott|Moonblast|p2a: Umbreon
|-supereffective|p2a: Umbreon
|-damage|p2a: Umbreon|0 fnt
|faint|p2a: Umbreon
|
|-heal|p1a: Whimsicott|191\/261|[from] item: Leftovers
|c|âdynamic test|o
|c|âsome weird shit|nice
|c|âdynamic test|o
|c| zTerribadTastic|yup
|c|âsome weird shit|gg
|c| zTerribadTastic|chandy sweep
|
|switch|p2a: Gligar|Gligar, F|128\/334
|turn|34
|c| zTerribadTastic|ez
|
|move|p1a: Whimsicott|Moonblast|p2a: Gligar
|-damage|p2a: Gligar|20\/334
|-unboost|p2a: Gligar|spa|1
|move|p2a: Gligar|Roost|p2a: Gligar
|-heal|p2a: Gligar|187\/334
|
|-heal|p1a: Whimsicott|207\/261|[from] item: Leftovers
|turn|35
|c|âdynamic test|hax
|c|âsome weird shit|funny way to spell cune
|
|move|p1a: Whimsicott|Encore|p2a: Gligar
|-start|p2a: Gligar|Encore
|move|p2a: Gligar|Roost|p2a: Gligar
|-heal|p2a: Gligar|334\/334
|
|-heal|p1a: Whimsicott|223\/261|[from] item: Leftovers
|turn|36
|
|switch|p2a: Forretress|Forretress, M|152\/354
|move|p1a: Whimsicott|U-turn|p2a: Forretress
|-resisted|p2a: Forretress
|-damage|p2a: Forretress|142\/354
|
|switch|p1a: Suicune|Suicune|287\/367
|-damage|p1a: Suicune|226\/367|[from] Spikes
|-ability|p1a: Suicune|Pressure
|
|-heal|p1a: Suicune|248\/367|[from] item: Leftovers
|turn|37
|
|move|p1a: Suicune|Substitute|p1a: Suicune
|-start|p1a: Suicune|Substitute
|-damage|p1a: Suicune|157\/367
|move|p2a: Forretress|Toxic|p1a: Suicune
|
|-heal|p1a: Suicune|179\/367|[from] item: Leftovers
|turn|38
|c|âdynamic test|o right
|c|âsome weird shit|implying
|
|switch|p2a: Xatu|Xatu, M|83\/334
|move|p1a: Suicune|Calm Mind|p1a: Suicune
|-boost|p1a: Suicune|spa|1
|-boost|p1a: Suicune|spd|1
|
|-heal|p1a: Suicune|201\/367|[from] item: Leftovers
|turn|39
|
|move|p1a: Suicune|Ice Beam|p2a: Xatu
|-supereffective|p2a: Xatu
|-damage|p2a: Xatu|0 fnt
|faint|p2a: Xatu
|
|-heal|p1a: Suicune|223\/367|[from] item: Leftovers
|c|âdynamic test|yea i should
|c|âdynamic test|just stick to my other
|c|âdynamic test|team
|c|âdynamic test|gg
|c|âsome weird shit|nice and 6-0
|-message|dynamic test forfeited.
|
|win|some weird shit
|raw|Ladder updating...
|raw|some weird shit's rating: 1726 &rarr; <strong>1741<\/strong><br \/>(+15 for winning)
|raw|dynamic test's rating: 1643 &rarr; <strong>1628<\/strong><br \/>(-15 for losing)