|join|xMarth
|join|some weird shit
|player|p1|xMarth|153
|player|p2|some weird shit|171
|gametype|singles
|gen|6
|tier|UU
|rated
|rule|Sleep Clause Mod: Limit one foe put to sleep
|rule|Species Clause: Limit one of each PokÃ©mon
|rule|OHKO Clause: OHKO moves are banned
|rule|Moody Clause: Moody is banned
|rule|Evasion Moves Clause: Evasion moves are banned
|rule|Endless Battle Clause: Forcing endless battles is banned
|rule|HP Percentage Mod: HP is shown in percentages
|clearpoke
|poke|p1|Zygarde
|poke|p1|Lopunny, F
|poke|p1|Hydreigon, M
|poke|p1|Tentacruel, F
|poke|p1|Bronzong
|poke|p1|Florges, F
|poke|p2|Infernape, F
|poke|p2|Azelf
|poke|p2|Suicune
|poke|p2|Raikou
|poke|p2|Gallade, M
|poke|p2|Krookodile, F
|rule|Swagger Clause: Swagger is banned
|rule|Baton Pass Clause: Limit one PokÃ©mon knowing Baton Pass
|teampreview
|c|âsome weird shit|hi
|c|âxMarth|hi
|
|start
|switch|p1a: Hydreigon|Hydreigon, M|325\/325
|switch|p2a: Gallade|Gallade, M|277\/277
|turn|1
|
|detailschange|p2a: Gallade|Gallade-Mega, M
|message|Gallade has Mega Evolved into Mega Gallade!
|move|p1a: Hydreigon|U-turn|p2a: Gallade
|-damage|p2a: Gallade|218\/277
|
|switch|p1a: Florges|Florges, F|360\/360
|move|p2a: Gallade|Zen Headbutt|p1a: Florges
|-damage|p1a: Florges|216\/360
|
|-heal|p1a: Florges|238\/360|[from] item: Leftovers
|turn|2
|
|move|p2a: Gallade|Zen Headbutt|p1a: Florges
|-crit|p1a: Florges
|-damage|p1a: Florges|1\/360
|move|p1a: Florges|Moonblast|p2a: Gallade
|-supereffective|p2a: Gallade
|-damage|p2a: Gallade|0 fnt
|faint|p2a: Gallade
|
|-heal|p1a: Florges|23\/360|[from] item: Leftovers
|
|switch|p2a: Azelf|Azelf|291\/291
|turn|3
|
|move|p2a: Azelf|Psyshock|p1a: Florges
|-damage|p1a: Florges|0 fnt
|faint|p1a: Florges
|
|
|switch|p1a: Hydreigon|Hydreigon, M|325\/325
|turn|4
|
|move|p1a: Hydreigon|Dark Pulse|p2a: Azelf
|-supereffective|p2a: Azelf
|-enditem|p2a: Azelf|Focus Sash
|-damage|p2a: Azelf|1\/291
|move|p2a: Azelf|Stealth Rock|p1a: Hydreigon
|-sidestart|p1: xMarth|move: Stealth Rock
|
|turn|5
|
|switch|p2a: Krookodile|Krookodile, F|331\/331
|-ability|p2a: Krookodile|Intimidate|[of] p1a: Hydreigon
|-unboost|p1a: Hydreigon|atk|1
|move|p1a: Hydreigon|Dark Pulse|p2a: Krookodile
|-resisted|p2a: Krookodile
|-damage|p2a: Krookodile|247\/331
|
|turn|6
|
|move|p1a: Hydreigon|Dark Pulse|p2a: Krookodile
|-resisted|p2a: Krookodile
|-damage|p2a: Krookodile|160\/331
|move|p2a: Krookodile|Knock Off|p1a: Hydreigon
|-resisted|p1a: Hydreigon
|-damage|p1a: Hydreigon|220\/325
|-enditem|p1a: Hydreigon|Choice Scarf|[from] move: Knock Off|[of] p2a: Krookodile
|
|turn|7
|
|switch|p2a: Azelf|Azelf|1\/291
|move|p1a: Hydreigon|U-turn|p2a: Azelf
|-supereffective|p2a: Azelf
|-damage|p2a: Azelf|0 fnt
|faint|p2a: Azelf
|
|switch|p1a: Lopunny|Lopunny, F|271\/271
|-damage|p1a: Lopunny|238\/271|[from] Stealth Rock
|
|
|switch|p2a: Infernape|Infernape, F|293\/293
|turn|8
|
|switch|p1a: Tentacruel|Tentacruel, F|364\/364
|-damage|p1a: Tentacruel|319\/364|[from] Stealth Rock
|move|p2a: Infernape|Swords Dance|p2a: Infernape
|-boost|p2a: Infernape|atk|2
|
|-heal|p1a: Tentacruel|341\/364|[from] item: Black Sludge
|turn|9
|
|move|p2a: Infernape|Thunder Punch|p1a: Tentacruel
|-supereffective|p1a: Tentacruel
|-damage|p1a: Tentacruel|0 fnt
|-damage|p2a: Infernape|264\/293|[from] item: Life Orb
|faint|p1a: Tentacruel
|
|
|switch|p1a: Zygarde|Zygarde|405\/405
|-damage|p1a: Zygarde|380\/405|[from] Stealth Rock
|-ability|p1a: Zygarde|Aura Break
|turn|10
|
|move|p2a: Infernape|Close Combat|p1a: Zygarde
|-damage|p1a: Zygarde|0 fnt
|-unboost|p2a: Infernape|def|1
|-unboost|p2a: Infernape|spd|1
|-damage|p2a: Infernape|235\/293|[from] item: Life Orb
|faint|p1a: Zygarde
|
|
|switch|p1a: Hydreigon|Hydreigon, M|220\/325
|-damage|p1a: Hydreigon|180\/325|[from] Stealth Rock
|turn|11
|
|move|p2a: Infernape|Close Combat|p1a: Hydreigon
|-supereffective|p1a: Hydreigon
|-damage|p1a: Hydreigon|0 fnt
|-unboost|p2a: Infernape|def|1
|-unboost|p2a: Infernape|spd|1
|-damage|p2a: Infernape|206\/293|[from] item: Life Orb
|faint|p1a: Hydreigon
|
|c|âxMarth|oh yea that was knocked
|
|switch|p1a: Lopunny|Lopunny, F|238\/271
|-damage|p1a: Lopunny|205\/271|[from] Stealth Rock
|turn|12
|
|detailschange|p1a: Lopunny|Lopunny-Mega, F
|message|Lopunny has Mega Evolved into Mega Lopunny!
|move|p2a: Infernape|Close Combat|p1a: Lopunny
|-supereffective|p1a: Lopunny
|-damage|p1a: Lopunny|0 fnt
|-unboost|p2a: Infernape|def|1
|-unboost|p2a: Infernape|spd|1
|-damage|p2a: Infernape|177\/293|[from] item: Life Orb
|faint|p1a: Lopunny
|
|c|âsome weird shit|gg bud
|
|switch|p1a: Bronzong|Bronzong|338\/338
|-damage|p1a: Bronzong|317\/338|[from] Stealth Rock
|turn|13
|
|move|p2a: Infernape|Flare Blitz|p1a: Bronzong
|-supereffective|p1a: Bronzong
|-damage|p1a: Bronzong|0 fnt
|-damage|p2a: Infernape|72\/293|[from] recoil|[of] p1a: Bronzong
|-damage|p2a: Infernape|43\/293|[from] item: Life Orb
|faint|p1a: Bronzong
|
|win|some weird shit
|raw|Ladder updating...
|c|âxMarth|sd nape lol
|c|âxMarth|gg
|leave|xMarth
|player|p1
|raw|xMarth's rating: 1659 &rarr; <strong>1630<\/strong><br \/>(-29 for losing)
|raw|some weird shit's rating: 1501 &rarr; <strong>1530<\/strong><br \/>(+29 for winning)