|join|some weird shit
|join|Century Express
|player|p1|some weird shit|171
|player|p2|Century Express|254
|gametype|singles
|gen|6
|tier|UU
|rated
|rule|Sleep Clause Mod: Limit one foe put to sleep
|rule|Species Clause: Limit one of each PokÃ©mon
|rule|OHKO Clause: OHKO moves are banned
|rule|Moody Clause: Moody is banned
|rule|Evasion Moves Clause: Evasion moves are banned
|rule|Endless Battle Clause: Forcing endless battles is banned
|rule|HP Percentage Mod: HP is shown in percentages
|clearpoke
|poke|p1|Mienshao, F
|poke|p1|Krookodile, F
|poke|p1|Suicune
|poke|p1|Aggron, F
|poke|p1|Chandelure, M
|poke|p1|Whimsicott, F
|poke|p2|Kyurem
|poke|p2|Crobat, M
|poke|p2|Nidoqueen, F
|poke|p2|Jirachi
|poke|p2|Ampharos, M
|poke|p2|Infernape, M
|rule|Swagger Clause: Swagger is banned
|rule|Baton Pass Clause: Limit one PokÃ©mon knowing Baton Pass
|teampreview
|
|start
|switch|p1a: Krookodile|Krookodile, F|331\/331
|switch|p2a: Hielowyrm|Kyurem|391\/391
|-ability|p2a: Hielowyrm|Pressure
|-ability|p1a: Krookodile|Intimidate|[of] p2a: Hielowyrm
|-unboost|p2a: Hielowyrm|atk|1
|turn|1
|
|switch|p1a: Suicune|Suicune|367\/367
|-ability|p1a: Suicune|Pressure
|move|p2a: Hielowyrm|Draco Meteor|p1a: Suicune
|-damage|p1a: Suicune|42\/367
|-unboost|p2a: Hielowyrm|spa|2
|
|-heal|p1a: Suicune|64\/367|[from] item: Leftovers
|turn|2
|
|switch|p1a: Whimsicott|Whimsicott, F|261\/261
|move|p2a: Hielowyrm|Draco Meteor|p1a: Whimsicott
|-immune|p1a: Whimsicott|[msg]
|
|turn|3
|
|switch|p2a: Lanky Kong|Infernape, M|293\/293
|move|p1a: Whimsicott|U-turn|p2a: Lanky Kong
|-resisted|p2a: Lanky Kong
|-damage|p2a: Lanky Kong|282\/293
|
|switch|p1a: Chandelure|Chandelure, M|261\/261
|
|turn|4
|
|move|p2a: Lanky Kong|U-turn|p1a: Chandelure
|-resisted|p1a: Chandelure
|-damage|p1a: Chandelure|243\/261
|
|switch|p2a: Pharosus XII|Ampharos, M|383\/383
|move|p1a: Chandelure|Shadow Ball|p2a: Pharosus XII
|-damage|p2a: Pharosus XII|131\/383
|-unboost|p2a: Pharosus XII|spd|1
|
|turn|5
|join|DatLatias
|
|switch|p2a: Hielowyrm|Kyurem|391\/391
|-ability|p2a: Hielowyrm|Pressure
|move|p1a: Chandelure|Shadow Ball|p2a: Hielowyrm
|-damage|p2a: Hielowyrm|144\/391
|
|turn|6
|
|switch|p1a: Suicune|Suicune|64\/367
|-ability|p1a: Suicune|Pressure
|move|p2a: Hielowyrm|Earth Power|p1a: Suicune
|-damage|p1a: Suicune|0 fnt
|faint|p1a: Suicune
|
|
|switch|p1a: Mienshao|Mienshao, F|271\/271
|turn|7
|
|switch|p2a: Purple Haze|Crobat, M|325\/325
|move|p1a: Mienshao|U-turn|p2a: Purple Haze
|-resisted|p2a: Purple Haze
|-damage|p2a: Purple Haze|300\/325
|
|switch|p1a: Aggron|Aggron, F|344\/344
|
|turn|8
|
|detailschange|p1a: Aggron|Aggron-Mega, F
|message|Aggron has Mega Evolved into Mega Aggron!
|move|p2a: Purple Haze|U-turn|p1a: Aggron
|-resisted|p1a: Aggron
|-damage|p1a: Aggron|328\/344
|
|switch|p2a: Czarina|Nidoqueen, F|353\/353
|move|p1a: Aggron|Earthquake|p2a: Czarina
|-crit|p2a: Czarina
|-supereffective|p2a: Czarina
|-damage|p2a: Czarina|0 fnt
|faint|p2a: Czarina
|
|
|switch|p2a: Pharosus XII|Ampharos, M|131\/383
|turn|9
|
|switch|p1a: Krookodile|Krookodile, F|331\/331
|-ability|p1a: Krookodile|Intimidate|[of] p2a: Pharosus XII
|-unboost|p2a: Pharosus XII|atk|1
|detailschange|p2a: Pharosus XII|Ampharos-Mega, M
|message|Ampharos has Mega Evolved into Mega Ampharos!
|-ability|p2a: Pharosus XII|Mold Breaker
|move|p2a: Pharosus XII|Volt Switch|p1a: Krookodile
|-immune|p1a: Krookodile|[msg]
|
|turn|10
|
|switch|p1a: Aggron|Aggron-Mega, F|328\/344
|switch|p2a: Purple Haze|Crobat, M|300\/325
|
|turn|11
|
|move|p2a: Purple Haze|U-turn|p1a: Aggron
|-resisted|p1a: Aggron
|-damage|p1a: Aggron|312\/344
|
|switch|p2a: Lanky Kong|Infernape, M|282\/293
|move|p1a: Aggron|Stealth Rock|p2a: Lanky Kong
|-sidestart|p2: Century Express|move: Stealth Rock
|
|turn|12
|
|move|p2a: Lanky Kong|U-turn|p1a: Aggron
|-resisted|p1a: Aggron
|-damage|p1a: Aggron|294\/344
|
|switch|p2a: Pharosus XII|Ampharos-Mega, M|131\/383
|-damage|p2a: Pharosus XII|84\/383|[from] Stealth Rock
|-ability|p2a: Pharosus XII|Mold Breaker
|move|p1a: Aggron|Earthquake|p2a: Pharosus XII
|-supereffective|p2a: Pharosus XII
|-damage|p2a: Pharosus XII|0 fnt
|faint|p2a: Pharosus XII
|
|
|switch|p2a: Hielowyrm|Kyurem|144\/391
|-damage|p2a: Hielowyrm|47\/391|[from] Stealth Rock
|-ability|p2a: Hielowyrm|Pressure
|turn|13
|
|switch|p1a: Whimsicott|Whimsicott, F|261\/261
|move|p2a: Hielowyrm|Focus Blast|p1a: Whimsicott|[miss]
|-miss|p2a: Hielowyrm|p1a: Whimsicott
|
|turn|14
|
|switch|p2a: Purple Haze|Crobat, M|300\/325
|-damage|p2a: Purple Haze|219\/325|[from] Stealth Rock
|move|p1a: Whimsicott|Moonblast|p2a: Purple Haze
|-resisted|p2a: Purple Haze
|-damage|p2a: Purple Haze|147\/325
|
|turn|15
|
|switch|p1a: Aggron|Aggron-Mega, F|294\/344
|move|p2a: Purple Haze|Defog|p1a: Aggron
|-unboost|p1a: Aggron|evasion|1
|-sideend|p2: Century Express|Stealth Rock|[from] move: Defog|[of] p2a: Purple Haze
|
|turn|16
|
|switch|p2a: Hielowyrm|Kyurem|47\/391
|-ability|p2a: Hielowyrm|Pressure
|move|p1a: Aggron|Heavy Slam|p2a: Hielowyrm
|-supereffective|p2a: Hielowyrm
|-damage|p2a: Hielowyrm|0 fnt
|faint|p2a: Hielowyrm
|
|
|switch|p2a: Lanky Kong|Infernape, M|282\/293
|turn|17
|
|switch|p1a: Chandelure|Chandelure, M|243\/261
|move|p2a: Lanky Kong|Flare Blitz|p1a: Chandelure
|-start|p1a: Chandelure|ability: Flash Fire
|
|turn|18
|
|move|p2a: Lanky Kong|Flare Blitz|p1a: Chandelure
|-immune|p1a: Chandelure|[msg]
|move|p1a: Chandelure|Fire Blast|p2a: Lanky Kong
|-resisted|p2a: Lanky Kong
|-damage|p2a: Lanky Kong|0 fnt
|faint|p2a: Lanky Kong
|
|
|switch|p2a: Purple Haze|Crobat, M|147\/325
|turn|19
|
|move|p2a: Purple Haze|Defog|p1a: Chandelure
|-unboost|p1a: Chandelure|evasion|1
|move|p1a: Chandelure|Fire Blast|p2a: Purple Haze
|-damage|p2a: Purple Haze|0 fnt
|faint|p2a: Purple Haze
|
|
|switch|p2a: Shoot Star|Jirachi|404\/404
|turn|20
|
|move|p1a: Chandelure|Fire Blast|p2a: Shoot Star
|-supereffective|p2a: Shoot Star
|-damage|p2a: Shoot Star|0 fnt
|faint|p2a: Shoot Star
|
|win|some weird shit
|raw|Ladder updating...
|raw|some weird shit's rating: 1671 &rarr; <strong>1690<\/strong><br \/>(+19 for winning)
|raw|Century Express's rating: 1656 &rarr; <strong>1637<\/strong><br \/>(-19 for losing)
|c|âsome weird shit|gg