|join|some weird shit
|join|Zartres10
|player|p1|some weird shit|171
|player|p2|Zartres10|52
|gametype|singles
|gen|6
|tier|UU
|rated
|rule|Sleep Clause Mod: Limit one foe put to sleep
|rule|Species Clause: Limit one of each PokÃ©mon
|rule|OHKO Clause: OHKO moves are banned
|rule|Moody Clause: Moody is banned
|rule|Evasion Moves Clause: Evasion moves are banned
|rule|Endless Battle Clause: Forcing endless battles is banned
|rule|HP Percentage Mod: HP is shown in percentages
|clearpoke
|poke|p1|Mienshao, M
|poke|p1|Empoleon, M
|poke|p1|Pidgeot, M
|poke|p1|Krookodile, M
|poke|p1|Florges, F
|poke|p1|Zygarde
|poke|p2|Galvantula, F
|poke|p2|Zygarde
|poke|p2|Darmanitan, M
|poke|p2|Empoleon, M
|poke|p2|Pidgeot, M
|poke|p2|Mienshao, F
|rule|Swagger Clause: Swagger is banned
|rule|Baton Pass Clause: Limit one PokÃ©mon knowing Baton Pass
|teampreview
|
|start
|switch|p1a: Florges|Florges, F|357\/357
|switch|p2a: Galvantula|Galvantula, F|281\/281
|turn|1
|
|move|p2a: Galvantula|Sticky Web|p1a: Florges
|-sidestart|p1: some weird shit|move: Sticky Web
|move|p1a: Florges|Moonblast|p2a: Galvantula
|-damage|p2a: Galvantula|89\/281
|
|turn|2
|
|switch|p2a: Empoleon|Empoleon, M|371\/371
|move|p1a: Florges|Moonblast|p2a: Empoleon
|-resisted|p2a: Empoleon
|-damage|p2a: Empoleon|311\/371
|
|turn|3
|
|move|p1a: Florges|Moonblast|p2a: Empoleon
|-resisted|p2a: Empoleon
|-damage|p2a: Empoleon|253\/371
|move|p2a: Empoleon|Flash Cannon|p1a: Florges
|-supereffective|p1a: Florges
|-damage|p1a: Florges|79\/357
|
|-heal|p1a: Florges|101\/357|[from] item: Leftovers
|turn|4
|
|switch|p1a: Empoleon|Empoleon, M|361\/361
|-activate|p1a: Empoleon|move: Sticky Web
|-unboost|p1a: Empoleon|spe|1
|move|p2a: Empoleon|Flash Cannon|p1a: Empoleon
|-resisted|p1a: Empoleon
|-damage|p1a: Empoleon|312\/361
|
|-heal|p1a: Empoleon|334\/361|[from] item: Leftovers
|turn|5
|
|switch|p2a: Zygarde|Zygarde|419\/419
|-ability|p2a: Zygarde|Aura Break
|move|p1a: Empoleon|Stealth Rock|p2a: Zygarde
|-sidestart|p2: Zartres10|move: Stealth Rock
|
|-heal|p1a: Empoleon|356\/361|[from] item: Leftovers
|turn|6
|
|move|p2a: Zygarde|Substitute|p2a: Zygarde
|-start|p2a: Zygarde|Substitute
|-damage|p2a: Zygarde|315\/419
|move|p1a: Empoleon|Hydro Pump|p2a: Zygarde
|-end|p2a: Zygarde|Substitute
|
|-heal|p2a: Zygarde|341\/419|[from] item: Leftovers
|-heal|p1a: Empoleon|361\/361|[from] item: Leftovers
|turn|7
|
|switch|p1a: Krookodile|Krookodile, M|331\/331
|-activate|p1a: Krookodile|move: Sticky Web
|-unboost|p1a: Krookodile|spe|1
|-ability|p1a: Krookodile|Intimidate|[of] p2a: Zygarde
|-unboost|p2a: Zygarde|atk|1
|move|p2a: Zygarde|Earthquake|p1a: Krookodile
|-damage|p1a: Krookodile|207\/331
|
|-heal|p2a: Zygarde|367\/419|[from] item: Leftovers
|turn|8
|
|switch|p2a: Galvantula|Galvantula, F|89\/281
|-damage|p2a: Galvantula|19\/281|[from] Stealth Rock
|move|p1a: Krookodile|Knock Off|p2a: Galvantula
|-damage|p2a: Galvantula|0 fnt
|-enditem|p2a: Galvantula|Focus Sash|[from] move: Knock Off|[of] p1a: Krookodile
|faint|p2a: Galvantula
|
|
|switch|p2a: Mienshao|Mienshao, F|271\/271
|-damage|p2a: Mienshao|255\/271|[from] Stealth Rock
|turn|9
|
|switch|p1a: Florges|Florges, F|101\/357
|-activate|p1a: Florges|move: Sticky Web
|-unboost|p1a: Florges|spe|1
|move|p2a: Mienshao|High Jump Kick|p1a: Florges
|-resisted|p1a: Florges
|-damage|p1a: Florges|0 fnt
|-damage|p2a: Mienshao|228\/271|[from] item: Life Orb
|faint|p1a: Florges
|
|
|switch|p1a: Zygarde|Zygarde|357\/357
|-activate|p1a: Zygarde|move: Sticky Web
|-unboost|p1a: Zygarde|spe|1
|-ability|p1a: Zygarde|Aura Break
|turn|10
|
|move|p2a: Mienshao|Knock Off|p1a: Zygarde
|-damage|p1a: Zygarde|241\/357
|-enditem|p1a: Zygarde|Life Orb|[from] move: Knock Off|[of] p2a: Mienshao
|-damage|p2a: Mienshao|201\/271|[from] item: Life Orb
|move|p1a: Zygarde|Dragon Dance|p1a: Zygarde
|-boost|p1a: Zygarde|atk|1
|-boost|p1a: Zygarde|spe|1
|
|turn|11
|
|move|p1a: Zygarde|Extreme Speed|p2a: Mienshao
|-damage|p2a: Mienshao|20\/271
|move|p2a: Mienshao|High Jump Kick|p1a: Zygarde
|-damage|p1a: Zygarde|11\/357
|-damage|p2a: Mienshao|0 fnt|[from] item: Life Orb
|faint|p2a: Mienshao
|
|
|switch|p2a: Pidgeot|Pidgeot, M|307\/307
|-damage|p2a: Pidgeot|231\/307|[from] Stealth Rock
|turn|12
|
|detailschange|p2a: Pidgeot|Pidgeot-Mega, M
|-mega|p2a: Pidgeot|Pidgeot|Pidgeotite
|move|p2a: Pidgeot|Hurricane|p1a: Zygarde
|-damage|p1a: Zygarde|0 fnt
|faint|p1a: Zygarde
|
|
|switch|p1a: Empoleon|Empoleon, M|361\/361
|-activate|p1a: Empoleon|move: Sticky Web
|-unboost|p1a: Empoleon|spe|1
|turn|13
|
|move|p2a: Pidgeot|Heat Wave|p1a: Empoleon
|-damage|p1a: Empoleon|236\/361
|move|p1a: Empoleon|Hydro Pump|p2a: Pidgeot
|-damage|p2a: Pidgeot|0 fnt
|faint|p2a: Pidgeot
|
|-heal|p1a: Empoleon|258\/361|[from] item: Leftovers
|
|switch|p2a: Zygarde|Zygarde|367\/419
|-damage|p2a: Zygarde|341\/419|[from] Stealth Rock
|-ability|p2a: Zygarde|Aura Break
|turn|14
|
|switch|p1a: Pidgeot|Pidgeot, M|307\/307
|move|p2a: Zygarde|Substitute|p2a: Zygarde
|-start|p2a: Zygarde|Substitute
|-damage|p2a: Zygarde|237\/419
|
|-heal|p2a: Zygarde|263\/419|[from] item: Leftovers
|turn|15
|
|detailschange|p1a: Pidgeot|Pidgeot-Mega, M
|-mega|p1a: Pidgeot|Pidgeot|Pidgeotite
|move|p1a: Pidgeot|Hurricane|p2a: Zygarde
|-end|p2a: Zygarde|Substitute
|move|p2a: Zygarde|Dragon Tail|p1a: Pidgeot
|-damage|p1a: Pidgeot|196\/307
|drag|p1a: Krookodile|Krookodile, M|207\/331
|-activate|p1a: Krookodile|move: Sticky Web
|-unboost|p1a: Krookodile|spe|1
|-ability|p1a: Krookodile|Intimidate|[of] p2a: Zygarde
|-unboost|p2a: Zygarde|atk|1
|
|-heal|p2a: Zygarde|289\/419|[from] item: Leftovers
|turn|16
|
|move|p1a: Krookodile|Knock Off|p2a: Zygarde
|-damage|p2a: Zygarde|117\/419
|-enditem|p2a: Zygarde|Leftovers|[from] move: Knock Off|[of] p1a: Krookodile
|move|p2a: Zygarde|Dragon Tail|p1a: Krookodile
|-damage|p1a: Krookodile|131\/331
|drag|p1a: Mienshao|Mienshao, M|271\/271
|-activate|p1a: Mienshao|move: Sticky Web
|-unboost|p1a: Mienshao|spe|1
|
|turn|17
|
|move|p1a: Mienshao|High Jump Kick|p2a: Zygarde
|-damage|p2a: Zygarde|0 fnt
|faint|p2a: Zygarde
|
|
|switch|p2a: Darmanitan|Darmanitan, M|413\/413
|-damage|p2a: Darmanitan|310\/413|[from] Stealth Rock
|turn|18
|
|switch|p1a: Pidgeot|Pidgeot-Mega, M|196\/307
|move|p2a: Darmanitan|Flare Blitz|p1a: Pidgeot
|-damage|p1a: Pidgeot|0 fnt
|-damage|p2a: Darmanitan|245\/413|[from] recoil|[of] p1a: Pidgeot
|faint|p1a: Pidgeot
|
|
|switch|p1a: Krookodile|Krookodile, M|131\/331
|-activate|p1a: Krookodile|move: Sticky Web
|-unboost|p1a: Krookodile|spe|1
|-ability|p1a: Krookodile|Intimidate|[of] p2a: Darmanitan
|-unboost|p2a: Darmanitan|atk|1
|turn|19
|
|switch|p1a: Empoleon|Empoleon, M|258\/361
|-activate|p1a: Empoleon|move: Sticky Web
|-unboost|p1a: Empoleon|spe|1
|move|p2a: Darmanitan|Flare Blitz|p1a: Empoleon
|-damage|p1a: Empoleon|0 fnt
|-damage|p2a: Darmanitan|160\/413|[from] recoil|[of] p1a: Empoleon
|faint|p1a: Empoleon
|
|
|switch|p1a: Krookodile|Krookodile, M|131\/331
|-activate|p1a: Krookodile|move: Sticky Web
|-unboost|p1a: Krookodile|spe|1
|-ability|p1a: Krookodile|Intimidate|[of] p2a: Darmanitan
|-unboost|p2a: Darmanitan|atk|1
|turn|20
|
|move|p2a: Darmanitan|Flare Blitz|p1a: Krookodile
|-damage|p1a: Krookodile|0 fnt
|-damage|p2a: Darmanitan|117\/413|[from] recoil|[of] p1a: Krookodile
|faint|p1a: Krookodile
|
|
|switch|p1a: Mienshao|Mienshao, M|271\/271
|-activate|p1a: Mienshao|move: Sticky Web
|-unboost|p1a: Mienshao|spe|1
|turn|21
|
|switch|p2a: Empoleon|Empoleon, M|253\/371
|-damage|p2a: Empoleon|230\/371|[from] Stealth Rock
|move|p1a: Mienshao|High Jump Kick|p2a: Empoleon
|-supereffective|p2a: Empoleon
|-damage|p2a: Empoleon|0 fnt
|faint|p2a: Empoleon
|
|
|switch|p2a: Darmanitan|Darmanitan, M|117\/413
|-damage|p2a: Darmanitan|14\/413|[from] Stealth Rock
|turn|22
|
|move|p1a: Mienshao|High Jump Kick|p2a: Darmanitan
|-damage|p2a: Darmanitan|0 fnt
|faint|p2a: Darmanitan
|
|win|some weird shit
|raw|Ladder updating...
|raw|some weird shit's rating: 1629 &rarr; <strong>1642<\/strong><br \/>(+13 for winning)
|raw|Zartres10's rating: 1493 &rarr; <strong>1480<\/strong><br \/>(-13 for losing)
|c|âZartres10|gg
|c|âsome weird shit|gg