|join|some weird shit
|join|BigBoyGajeel
|player|p1|some weird shit|171
|player|p2|BigBoyGajeel|52
|gametype|singles
|gen|6
|tier|UU
|rule|Sleep Clause Mod: Limit one foe put to sleep
|rule|Species Clause: Limit one of each PokÃ©mon
|rule|OHKO Clause: OHKO moves are banned
|rule|Moody Clause: Moody is banned
|rule|Evasion Moves Clause: Evasion moves are banned
|rule|Endless Battle Clause: Forcing endless battles is banned
|rule|HP Percentage Mod: HP is shown in percentages
|clearpoke
|poke|p1|Feraligatr, F
|poke|p1|Jirachi, shiny
|poke|p1|Blastoise, M
|poke|p1|Krookodile, F
|poke|p1|Goodra, M
|poke|p1|Mienshao, F
|poke|p2|Aggron, M
|poke|p2|Chandelure, F
|poke|p2|Chesnaught, F
|poke|p2|Espeon, M, shiny
|poke|p2|Goodra, F
|poke|p2|Blastoise, M
|rule|Swagger Clause: Swagger is banned
|rule|Baton Pass Clause: Limit one PokÃ©mon knowing Baton Pass
|teampreview
|join|bleve
|c|âBigBoyGajeel|gl hf
|c|âsome weird shit|ugh fuck
|join|ChameArt
|join|sniperaim
|c|âsome weird shit|chesnaught is such a bitch to this team
|join|very fgt
|join|Hentaiâ¥Senpai
|
|start
|switch|p1a: Krookodile|Krookodile, F|394\/394
|switch|p2a: Gajeel|Aggron, M|344\/344
|-ability|p1a: Krookodile|Intimidate|[of] p2a: Gajeel
|-unboost|p2a: Gajeel|atk|1
|turn|1
|join|trash
|join|TheRogerRabbit
|
|detailschange|p2a: Gajeel|Aggron-Mega, M
|message|Aggron has Mega Evolved into Mega Aggron!
|move|p1a: Krookodile|Earthquake|p2a: Gajeel
|-supereffective|p2a: Gajeel
|-damage|p2a: Gajeel|245\/344
|move|p2a: Gajeel|Stealth Rock|p1a: Krookodile
|-sidestart|p1: some weird shit|move: Stealth Rock
|
|turn|2
|join|Donphantastic
|
|switch|p2a: Sanic|Chesnaught, F|380\/380
|move|p1a: Krookodile|Stealth Rock|p2a: Sanic
|-sidestart|p2: BigBoyGajeel|move: Stealth Rock
|
|turn|3
|
|switch|p1a: Goodra|Goodra, M|352\/352
|-damage|p1a: Goodra|308\/352|[from] Stealth Rock
|move|p2a: Sanic|Spikes|p1a: Goodra
|-sidestart|p1: some weird shit|Spikes
|
|turn|4
|join|boltsandbombers
|
|switch|p2a: Chander|Chandelure, F|261\/261
|-damage|p2a: Chander|196\/261|[from] Stealth Rock
|move|p1a: Goodra|Dragon Tail|p2a: Chander
|-damage|p2a: Chander|28\/261
|drag|p2a: Blast yo face|Blastoise, M|362\/362
|-damage|p2a: Blast yo face|317\/362|[from] Stealth Rock
|
|-heal|p2a: Blast yo face|339\/362|[from] item: Leftovers
|turn|5
|
|switch|p1a: Blastoise|Blastoise, M|324\/324
|-damage|p1a: Blastoise|284\/324|[from] Spikes
|-damage|p1a: Blastoise|244\/324|[from] Stealth Rock
|move|p2a: Blast yo face|Rapid Spin|p1a: Blastoise
|-damage|p1a: Blastoise|231\/324
|-sideend|p2: BigBoyGajeel|Stealth Rock|[from] move: Rapid Spin|[of] p2a: Blast yo face
|
|-heal|p2a: Blast yo face|361\/362|[from] item: Leftovers
|turn|6
|
|detailschange|p1a: Blastoise|Blastoise-Mega, M
|message|Blastoise has Mega Evolved into Mega Blastoise!
|move|p1a: Blastoise|Rapid Spin|p2a: Blast yo face
|-damage|p2a: Blast yo face|349\/362
|-sideend|p1: some weird shit|Spikes|[from] move: Rapid Spin|[of] p1a: Blastoise
|-sideend|p1: some weird shit|Stealth Rock|[from] move: Rapid Spin|[of] p1a: Blastoise
|move|p2a: Blast yo face|Toxic|p1a: Blastoise
|-status|p1a: Blastoise|tox
|
|-heal|p2a: Blast yo face|362\/362|[from] item: Leftovers
|-damage|p1a: Blastoise|211\/324 tox|[from] psn
|turn|7
|
|move|p1a: Blastoise|Dragon Pulse|p2a: Blast yo face
|-crit|p2a: Blast yo face
|-damage|p2a: Blast yo face|119\/362
|move|p2a: Blast yo face|Dark Pulse|p1a: Blastoise
|-damage|p1a: Blastoise|152\/324 tox
|
|-heal|p2a: Blast yo face|141\/362|[from] item: Leftovers
|-damage|p1a: Blastoise|112\/324 tox|[from] psn
|turn|8
|
|switch|p2a: Gajeel|Aggron-Mega, M|245\/344
|move|p1a: Blastoise|Dark Pulse|p2a: Gajeel
|-damage|p2a: Gajeel|118\/344
|
|-damage|p1a: Blastoise|52\/324 tox|[from] psn
|turn|9
|
|switch|p2a: Alienware|Espeon, M, shiny|334\/334
|move|p1a: Blastoise|Dark Pulse|p2a: Alienware
|-supereffective|p2a: Alienware
|-damage|p2a: Alienware|0 fnt
|faint|p2a: Alienware
|
|-damage|p1a: Blastoise|0 fnt|[from] psn
|faint|p1a: Blastoise
|
|switch|p2a: Chander|Chandelure, F|28\/261
|switch|p1a: Krookodile|Krookodile, F|394\/394
|-ability|p1a: Krookodile|Intimidate|[of] p2a: Chander
|-unboost|p2a: Chander|atk|1
|turn|10
|join|try me 101
|
|move|p2a: Chander|Fire Blast|p1a: Krookodile
|-damage|p1a: Krookodile|99\/394
|move|p1a: Krookodile|Knock Off|p2a: Chander
|-supereffective|p2a: Chander
|-damage|p2a: Chander|0 fnt
|-enditem|p2a: Chander|Choice Scarf|[from] move: Knock Off|[of] p1a: Krookodile
|faint|p2a: Chander
|
|-heal|p1a: Krookodile|123\/394|[from] item: Leftovers
|join|LiberalLucario
|join|Mega Luffy
|
|switch|p2a: Sanic|Chesnaught, F|380\/380
|turn|11
|c| try me 101|you are a BIG BOY huh?......
|
|move|p1a: Krookodile|Taunt|p2a: Sanic
|-start|p2a: Sanic|move: Taunt
|cant|p2a: Sanic|move: Taunt|Spikes
|
|-heal|p1a: Krookodile|147\/394|[from] item: Leftovers
|turn|12
|join|Jaqck
|join|trolls royce
|
|move|p1a: Krookodile|Stealth Rock|p2a: Sanic
|-sidestart|p2: BigBoyGajeel|move: Stealth Rock
|move|p2a: Sanic|Hammer Arm|p1a: Krookodile|[miss]
|-miss|p2a: Sanic|p1a: Krookodile
|
|-heal|p1a: Krookodile|171\/394|[from] item: Leftovers
|turn|13
|c| LiberalLucario|ah nice miss
|
|move|p1a: Krookodile|Knock Off|p2a: Sanic
|-resisted|p2a: Sanic
|-damage|p2a: Sanic|333\/380
|-enditem|p2a: Sanic|Leftovers|[from] move: Knock Off|[of] p1a: Krookodile
|move|p2a: Sanic|Hammer Arm|p1a: Krookodile
|-supereffective|p1a: Krookodile
|-damage|p1a: Krookodile|0 fnt
|-unboost|p2a: Sanic|spe|1
|faint|p1a: Krookodile
|
|-end|p2a: Sanic|move: Taunt
|join|blitzfiend
|join|Dad's Dad
|
|switch|p1a: Goodra|Goodra, M|308\/352
|turn|14
|
|move|p2a: Sanic|Spiky Shield|p2a: Sanic
|-singleturn|p2a: Sanic|move: Protect
|move|p1a: Goodra|Outrage|p2a: Sanic
|-activate|p2a: Sanic|move: Protect
|-damage|p1a: Goodra|264\/352|[from] Spiky Shield|[of] p2a: Sanic
|
|turn|15
|leave|LiberalLucario
|c| try me 101|right then the taunt wears off
|
|move|p1a: Goodra|Outrage|p2a: Sanic
|-damage|p2a: Sanic|162\/380
|move|p2a: Sanic|Spikes|p1a: Goodra
|-sidestart|p1: some weird shit|Spikes
|
|turn|16
|
|move|p2a: Sanic|Spiky Shield|p2a: Sanic
|-singleturn|p2a: Sanic|move: Protect
|move|p1a: Goodra|Outrage|p2a: Sanic
|-activate|p2a: Sanic|move: Protect
|-damage|p1a: Goodra|220\/352|[from] Spiky Shield|[of] p2a: Sanic
|
|-end|p1a: Goodra|rampage
|-start|p1a: Goodra|confusion
|turn|17
|c|âsome weird shit|what
|c|âsome weird shit|that confuses me that's bs
|
|switch|p1a: Jirachi|Jirachi, shiny|341\/341
|-damage|p1a: Jirachi|299\/341|[from] Spikes
|switch|p2a: Gajeel|Aggron-Mega, M|118\/344
|-damage|p2a: Gajeel|97\/344|[from] Stealth Rock
|
|-heal|p1a: Jirachi|320\/341|[from] item: Leftovers
|turn|18
|
|switch|p1a: Feraligatr|Feraligatr, F|344\/344
|-damage|p1a: Feraligatr|301\/344|[from] Spikes
|move|p2a: Gajeel|Rest|p2a: Gajeel
|-status|p2a: Gajeel|slp
|-heal|p2a: Gajeel|344\/344 slp|[silent]
|-status|p2a: Gajeel|slp|[from] move: Rest
|
|turn|19
|c| try me 101|and right then the goodra gets confused
|
|move|p1a: Feraligatr|Swords Dance|p1a: Feraligatr
|-boost|p1a: Feraligatr|atk|2
|cant|p2a: Gajeel|slp
|move|p2a: Gajeel|Sleep Talk|p2a: Gajeel
|move|p2a: Gajeel|Rest|p2a: Gajeel|[from]Sleep Talk
|-fail|p2a: Gajeel
|
|turn|20
|
|move|p1a: Feraligatr|Waterfall|p2a: Gajeel
|-damage|p2a: Gajeel|199\/344 slp
|cant|p2a: Gajeel|slp
|move|p2a: Gajeel|Sleep Talk|p2a: Gajeel
|move|p2a: Gajeel|Rest|p2a: Gajeel|[from]Sleep Talk
|-fail|p2a: Gajeel
|
|turn|21
|c| try me 101|eating it up
|
|move|p1a: Feraligatr|Swords Dance|p1a: Feraligatr
|-boost|p1a: Feraligatr|atk|2
|-curestatus|p2a: Gajeel|slp
|move|p2a: Gajeel|Iron Head|p1a: Feraligatr
|-resisted|p1a: Feraligatr
|-damage|p1a: Feraligatr|239\/344
|
|turn|22
|c| Dad's Dad|lol
|
|move|p1a: Feraligatr|Waterfall|p2a: Gajeel
|-crit|p2a: Gajeel
|-damage|p2a: Gajeel|0 fnt
|faint|p2a: Gajeel
|
|c| Dad's Dad|why wouldn't you roar
|
|switch|p2a: You'reGoomed|Goodra, F|384\/384
|-damage|p2a: You'reGoomed|336\/384|[from] Stealth Rock
|turn|23
|
|move|p1a: Feraligatr|Frustration|p2a: You'reGoomed
|-damage|p2a: You'reGoomed|0 fnt
|-unboost|p1a: Feraligatr|spe|1
|faint|p2a: You'reGoomed
|
|c|âBigBoyGajeel|gg
|c|âsome weird shit|gg
|
|switch|p2a: Sanic|Chesnaught, F|162\/380
|-damage|p2a: Sanic|139\/380|[from] Stealth Rock
|turn|24
|
|move|p2a: Sanic|Leech Seed|p1a: Feraligatr
|-start|p1a: Feraligatr|move: Leech Seed
|move|p1a: Feraligatr|Frustration|p2a: Sanic
|-crit|p2a: Sanic
|-damage|p2a: Sanic|0 fnt
|faint|p2a: Sanic
|
|
|switch|p2a: Blast yo face|Blastoise, M|141\/362
|-damage|p2a: Blast yo face|96\/362|[from] Stealth Rock
|turn|25
|
|move|p2a: Blast yo face|Dark Pulse|p1a: Feraligatr
|-damage|p1a: Feraligatr|165\/344
|move|p1a: Feraligatr|Frustration|p2a: Blast yo face
|-damage|p2a: Blast yo face|0 fnt
|faint|p2a: Blast yo face
|
|win|some weird shit
|c|âBigBoyGajeel|gg
|leave|Dad's Dad
|c| Jaqck|G Tourney
|leave|BigBoyGajeel
|leave|sniperaim
|player|p2
|leave|trash
|leave|ChameArt
|leave|trolls royce
|leave|Jaqck
|leave|Hentaiâ¥Senpai
|leave|some weird shit
|player|p1