|join|some weird shit
|join|very fgt
|player|p1|some weird shit|171
|player|p2|very fgt|184
|gametype|singles
|gen|6
|tier|UU
|rule|Sleep Clause Mod: Limit one foe put to sleep
|rule|Species Clause: Limit one of each PokÃ©mon
|rule|OHKO Clause: OHKO moves are banned
|rule|Moody Clause: Moody is banned
|rule|Evasion Moves Clause: Evasion moves are banned
|rule|Endless Battle Clause: Forcing endless battles is banned
|rule|HP Percentage Mod: HP is shown in percentages
|clearpoke
|poke|p1|Feraligatr, M
|poke|p1|Jirachi, shiny
|poke|p1|Blastoise, F
|poke|p1|Krookodile, F
|poke|p1|Goodra, M
|poke|p1|Mienshao, M
|poke|p2|Darmanitan, F
|poke|p2|Ampharos, M
|poke|p2|Forretress, F
|poke|p2|Swampert, M
|poke|p2|Umbreon, F
|poke|p2|Crobat, F
|rule|Swagger Clause: Swagger is banned
|rule|Baton Pass Clause: Limit one PokÃ©mon knowing Baton Pass
|teampreview
|join|PIIZZZAAARRRR
|join|Hentaiâ¥Senpai
|join|I<3Magikarp
|join|effectivilly bad
|
|start
|switch|p1a: Krookodile|Krookodile, F|394\/394
|switch|p2a: Swampert|Swampert, M|404\/404
|-ability|p1a: Krookodile|Intimidate|[of] p2a: Swampert
|-unboost|p2a: Swampert|atk|1
|turn|1
|c| Hentaiâ¥Senpai|is everyone using kinks team
|c| Hentaiâ¥Senpai|wot
|c| I<3Magikarp|Nice and King UU's team.
|join|Prof.Banner14
|
|move|p1a: Krookodile|Stealth Rock|p2a: Swampert
|-sidestart|p2: very fgt|move: Stealth Rock
|move|p2a: Swampert|Scald|p1a: Krookodile
|-supereffective|p1a: Krookodile
|-damage|p1a: Krookodile|164\/394
|
|-heal|p1a: Krookodile|188\/394|[from] item: Leftovers
|turn|2
|
|switch|p1a: Blastoise|Blastoise, F|324\/324
|move|p2a: Swampert|Stealth Rock|p1a: Blastoise
|-sidestart|p1: some weird shit|move: Stealth Rock
|
|turn|3
|
|switch|p2a: Umbreon|Umbreon, F|394\/394
|-damage|p2a: Umbreon|345\/394|[from] Stealth Rock
|detailschange|p1a: Blastoise|Blastoise-Mega, F
|message|Blastoise has Mega Evolved into Mega Blastoise!
|move|p1a: Blastoise|Rapid Spin|p2a: Umbreon
|-damage|p2a: Umbreon|329\/394
|-sideend|p1: some weird shit|Stealth Rock|[from] move: Rapid Spin|[of] p1a: Blastoise
|
|-heal|p2a: Umbreon|353\/394|[from] item: Leftovers
|turn|4
|c| effectivilly bad|(sorry, i haven't seen any king uu recently) which one is king uu's team?
|join|mezomi4
|c| I<3Magikarp|very fgt
|
|switch|p1a: Krookodile|Krookodile, F|188\/394
|-ability|p1a: Krookodile|Intimidate|[of] p2a: Umbreon
|-unboost|p2a: Umbreon|atk|1
|move|p2a: Umbreon|Wish|p2a: Umbreon
|
|-heal|p1a: Krookodile|212\/394|[from] item: Leftovers
|-heal|p2a: Umbreon|377\/394|[from] item: Leftovers
|turn|5
|c| effectivilly bad|ok
|
|switch|p1a: Blastoise|Blastoise-Mega, F|324\/324
|switch|p2a: Swampert|Swampert, M|404\/404
|-damage|p2a: Swampert|379\/404|[from] Stealth Rock
|
|-heal|p2a: Swampert|404\/404|[from] move: Wish|[wisher] Umbreon
|turn|6
|join|boltsandbombers
|join|blitzfiend
|join|bleve
|c| mezomi4|nice team lol, where did you get it?
|c| I<3Magikarp|I don't judge if you use an RMT. I use them all the time.
|c|âvery fgt|,,
|c|âvery fgt|im his tutee
|c| Hentaiâ¥Senpai|`
|c|âsome weird shit|`
|c| boltsandbombers|lol
|c| mezomi4|k, that works
|c| Prof.Banner14|`
|c| I<3Magikarp|I had the honor of facing King on the ladder.
|join|Colbrushie
|c| I<3Magikarp|He fucked me.
|join|Victor Oladipo
|join|sniperaim
|c| Prof.Banner14|Was it an honorary fucking?
|c| PIIZZZAAARRRR|XD
|c| boltsandbombers|didnt he post your battle to the forums?
|c|âsome weird shit|if you're calcing it doesn't ohko
|
|switch|p2a: Umbreon|Umbreon, F|377\/394
|-damage|p2a: Umbreon|328\/394|[from] Stealth Rock
|move|p1a: Blastoise|Hydro Pump|p2a: Umbreon
|-damage|p2a: Umbreon|199\/394
|
|-heal|p2a: Umbreon|223\/394|[from] item: Leftovers
|turn|7
|c| I<3Magikarp|I think he did.
|c| Hentaiâ¥Senpai|darm doesnt even replace tini
|c| Hentaiâ¥Senpai|its shit
|
|move|p1a: Blastoise|Hydro Pump|p2a: Umbreon
|-damage|p2a: Umbreon|88\/394
|move|p2a: Umbreon|Wish|p2a: Umbreon
|
|-heal|p2a: Umbreon|112\/394|[from] item: Leftovers
|turn|8
|c| boltsandbombers|yeah, I saw it earlier
|
|switch|p1a: Krookodile|Krookodile, F|212\/394
|-ability|p1a: Krookodile|Intimidate|[of] p2a: Umbreon
|-unboost|p2a: Umbreon|atk|1
|move|p2a: Umbreon|Foul Play|p1a: Krookodile
|-crit|p1a: Krookodile
|-resisted|p1a: Krookodile
|-damage|p1a: Krookodile|98\/394
|
|-heal|p2a: Umbreon|309\/394|[from] move: Wish|[wisher] Umbreon
|-heal|p1a: Krookodile|122\/394|[from] item: Leftovers
|-heal|p2a: Umbreon|333\/394|[from] item: Leftovers
|turn|9
|join|Meruu
|
|switch|p2a: Swampert|Swampert, M|404\/404
|-damage|p2a: Swampert|379\/404|[from] Stealth Rock
|move|p1a: Krookodile|Knock Off|p2a: Swampert
|-damage|p2a: Swampert|271\/404
|-enditem|p2a: Swampert|Leftovers|[from] move: Knock Off|[of] p1a: Krookodile
|
|-heal|p1a: Krookodile|146\/394|[from] item: Leftovers
|turn|10
|c| mezomi4|i love laddering in ou and ubers with this team
|c| mezomi4|its so fun
|
|switch|p1a: Blastoise|Blastoise-Mega, F|324\/324
|move|p2a: Swampert|Earthquake|p1a: Blastoise
|-damage|p1a: Blastoise|212\/324
|
|turn|11
|c| boltsandbombers|in ubers?
|
|switch|p1a: Krookodile|Krookodile, F|146\/394
|-ability|p1a: Krookodile|Intimidate|[of] p2a: Swampert
|-unboost|p2a: Swampert|atk|1
|switch|p2a: Umbreon|Umbreon, F|333\/394
|-damage|p2a: Umbreon|284\/394|[from] Stealth Rock
|
|-heal|p1a: Krookodile|170\/394|[from] item: Leftovers
|-heal|p2a: Umbreon|308\/394|[from] item: Leftovers
|turn|12
|c| mezomi4|yea
|c| boltsandbombers|I find that hard to believe
|c| mezomi4|ubers is 99.9% noobs
|c| mezomi4|im almost 1300
|c| Meruu|it's true
|c| Meruu|the only way to face good players for ubers is to catch the tours
|c| Meruu|luckily they have those in the room a lot
|
|move|p1a: Krookodile|Taunt|p2a: Umbreon
|-start|p2a: Umbreon|move: Taunt
|cant|p2a: Umbreon|move: Taunt|Wish
|
|-heal|p1a: Krookodile|194\/394|[from] item: Leftovers
|-heal|p2a: Umbreon|332\/394|[from] item: Leftovers
|turn|13
|c| mezomi4|0 loses so far
|c| mezomi4|*losses
|c| boltsandbombers|I dunno, I've faced some good ubers players on the ladder - but you're right, there are a ton of noobs :P
|
|move|p1a: Krookodile|Knock Off|p2a: Umbreon
|-resisted|p2a: Umbreon
|-damage|p2a: Umbreon|265\/394
|-enditem|p2a: Umbreon|Leftovers|[from] move: Knock Off|[of] p1a: Krookodile
|move|p2a: Umbreon|Foul Play|p1a: Krookodile
|-resisted|p1a: Krookodile
|-damage|p1a: Krookodile|105\/394
|
|-heal|p1a: Krookodile|129\/394|[from] item: Leftovers
|turn|14
|
|switch|p2a: Crobat|Crobat, F|331\/331
|-damage|p2a: Crobat|249\/331|[from] Stealth Rock
|move|p1a: Krookodile|Earthquake|p2a: Crobat
|-immune|p2a: Crobat|[msg]
|
|-heal|p1a: Krookodile|153\/394|[from] item: Leftovers
|turn|15
|c| mezomi4|its kinda sad
|c| Meruu|krook is fucking good right now
|c| mezomi4|losing to a UU team
|
|switch|p1a: Jirachi|Jirachi, shiny|341\/341
|move|p2a: Crobat|U-turn|p1a: Jirachi
|-damage|p1a: Jirachi|267\/341
|leave|Prof.Banner14
|c| Hentaiâ¥Senpai|>scarf bat
|
|switch|p2a: Swampert|Swampert, M|271\/404
|-damage|p2a: Swampert|246\/404|[from] Stealth Rock
|
|-heal|p1a: Jirachi|288\/341|[from] item: Leftovers
|turn|16
|c| I<3Magikarp|Scarf Bat is good, tbh
|c| Meruu|scarf bat is hella niche
|
|switch|p1a: Blastoise|Blastoise-Mega, F|212\/324
|move|p2a: Swampert|Scald|p1a: Blastoise
|-resisted|p1a: Blastoise
|-damage|p1a: Blastoise|177\/324
|
|turn|17
|join|Buttfartyumyum
|c| Hentaiâ¥Senpai|doesnt this one have defog 2
|c| I<3Magikarp|yup
|c| Meruu|ya reminds me of some ubers teams I see
|
|move|p1a: Blastoise|Hydro Pump|p2a: Swampert
|-damage|p2a: Swampert|21\/404
|move|p2a: Swampert|Earthquake|p1a: Blastoise
|-damage|p1a: Blastoise|59\/324
|
|turn|18
|
|move|p1a: Blastoise|Dragon Pulse|p2a: Swampert
|-damage|p2a: Swampert|0 fnt
|faint|p2a: Swampert
|
|c|âsome weird shit|yeah krook is realy good
|c| Meruu|where hazard control is so important they'll run rapid spin on exca while still having defog on tina-o
|c|âsome weird shit|and scarf bat is borderline retarded
|join|YoungLegend
|
|switch|p2a: Umbreon|Umbreon, F|265\/394
|-damage|p2a: Umbreon|216\/394|[from] Stealth Rock
|turn|19
|
|move|p1a: Blastoise|Hydro Pump|p2a: Umbreon
|-damage|p2a: Umbreon|75\/394
|move|p2a: Umbreon|Wish|p2a: Umbreon
|
|turn|20
|
|switch|p1a: Krookodile|Krookodile, F|153\/394
|-ability|p1a: Krookodile|Intimidate|[of] p2a: Umbreon
|-unboost|p2a: Umbreon|atk|1
|move|p2a: Umbreon|Protect|p2a: Umbreon
|-fail|p2a: Umbreon
|
|-heal|p2a: Umbreon|272\/394|[from] move: Wish|[wisher] Umbreon
|-heal|p1a: Krookodile|177\/394|[from] item: Leftovers
|turn|21
|
|move|p1a: Krookodile|Taunt|p2a: Umbreon
|-start|p2a: Umbreon|move: Taunt
|move|p2a: Umbreon|Foul Play|p1a: Krookodile
|-resisted|p1a: Krookodile
|-damage|p1a: Krookodile|93\/394
|
|-heal|p1a: Krookodile|117\/394|[from] item: Leftovers
|turn|22
|
|switch|p2a: Forretress|Forretress, F|354\/354
|-damage|p2a: Forretress|310\/354|[from] Stealth Rock
|move|p1a: Krookodile|Earthquake|p2a: Forretress
|-damage|p2a: Forretress|232\/354
|
|-heal|p1a: Krookodile|141\/394|[from] item: Leftovers
|-heal|p2a: Forretress|254\/354|[from] item: Leftovers
|turn|23
|c| mezomi4|in ubers i always switch umby in on mewtwo and they always stay in lol
|
|move|p1a: Krookodile|Taunt|p2a: Forretress
|-start|p2a: Forretress|move: Taunt
|cant|p2a: Forretress|move: Taunt|Toxic
|
|-heal|p1a: Krookodile|165\/394|[from] item: Leftovers
|-heal|p2a: Forretress|276\/354|[from] item: Leftovers
|turn|24
|
|move|p1a: Krookodile|Knock Off|p2a: Forretress
|-damage|p2a: Forretress|200\/354
|-enditem|p2a: Forretress|Leftovers|[from] move: Knock Off|[of] p1a: Krookodile
|move|p2a: Forretress|Rapid Spin|p1a: Krookodile
|-damage|p1a: Krookodile|148\/394
|-sideend|p2: very fgt|Stealth Rock|[from] move: Rapid Spin|[of] p2a: Forretress
|
|-heal|p1a: Krookodile|172\/394|[from] item: Leftovers
|turn|25
|
|switch|p2a: Crobat|Crobat, F|249\/331
|move|p1a: Krookodile|Stealth Rock|p2a: Crobat
|-sidestart|p2: very fgt|move: Stealth Rock
|
|-heal|p1a: Krookodile|196\/394|[from] item: Leftovers
|turn|26
|leave|YoungLegend
|
|switch|p1a: Jirachi|Jirachi, shiny|288\/341
|move|p2a: Crobat|U-turn|p1a: Jirachi
|-damage|p1a: Jirachi|217\/341
|join|YoungLegend
|
|switch|p2a: Darmanitan|Darmanitan, F|351\/351
|-damage|p2a: Darmanitan|264\/351|[from] Stealth Rock
|
|-heal|p1a: Jirachi|238\/341|[from] item: Leftovers
|turn|27
|leave|PIIZZZAAARRRR
|
|switch|p1a: Krookodile|Krookodile, F|196\/394
|-ability|p1a: Krookodile|Intimidate|[of] p2a: Darmanitan
|-unboost|p2a: Darmanitan|atk|1
|move|p2a: Darmanitan|Flare Blitz|p1a: Krookodile
|-damage|p1a: Krookodile|0 fnt
|-damage|p2a: Darmanitan|199\/351|[from] recoil|[of] p1a: Krookodile
|faint|p1a: Krookodile
|
|c| Meruu|that forry set gets bonedddd by this krook
|
|switch|p1a: Goodra|Goodra, M|352\/352
|turn|28
|c| Meruu|krook in general gives kink's team issues
|
|switch|p2a: Umbreon|Umbreon, F|272\/394
|-damage|p2a: Umbreon|223\/394|[from] Stealth Rock
|move|p1a: Goodra|Outrage|p2a: Umbreon
|-damage|p2a: Umbreon|0 fnt
|faint|p2a: Umbreon
|
|c|âvery fgt|gdi
|c|âvery fgt|i saw 
|c|âvery fgt|that posted
|c|âvery fgt|in the forums
|c|âvery fgt|fuck me
|
|switch|p2a: Forretress|Forretress, F|200\/354
|-damage|p2a: Forretress|156\/354|[from] Stealth Rock
|turn|29
|
|move|p1a: Goodra|Outrage|p2a: Forretress
|-resisted|p2a: Forretress
|-damage|p2a: Forretress|80\/354
|move|p2a: Forretress|Rapid Spin|p1a: Goodra
|-damage|p1a: Goodra|334\/352
|-sideend|p2: very fgt|Stealth Rock|[from] move: Rapid Spin|[of] p2a: Forretress
|
|turn|30
|
|move|p1a: Goodra|Outrage|p2a: Forretress
|-resisted|p2a: Forretress
|-damage|p2a: Forretress|0 fnt
|faint|p2a: Forretress
|
|-end|p1a: Goodra|rampage
|-start|p1a: Goodra|confusion
|
|switch|p2a: Ampharos|Ampharos, M|374\/374
|turn|31
|leave|Victor Oladipo
|join|Dad's Dad
|
|switch|p1a: Jirachi|Jirachi, shiny|238\/341
|move|p2a: Ampharos|Dragon Pulse|p1a: Jirachi
|-resisted|p1a: Jirachi
|-damage|p1a: Jirachi|190\/341
|
|-heal|p1a: Jirachi|211\/341|[from] item: Leftovers
|turn|32
|c| Meruu|what does cb goodra even run tho
|c| Meruu|besides outrage and dragon tail
|c| Dad's Dad|outrage
|c| Meruu|iron head?
|c| Dad's Dad|eq
|c|âsome weird shit|outrage eq power whip
|c|âsome weird shit|and i do dragon tail
|c| Meruu|IT GETS EQ?
|c| Dad's Dad|ye
|c|âsome weird shit|lol
|c|âsome weird shit|if it didn't get eq
|c| effectivilly bad|and rock slide i think
|c|âsome weird shit|i wouldn't have used it
|c| Meruu|whip for... pert?
|c| Meruu|how much does that do to crocune
|c| effectivilly bad|whip for bulky waters
|c| effectivilly bad|give me a sec
|c|âsome weird shit|http:\/\/www.smogon.com\/forums\/threads\/creative-underrated-sets-in-the-uu-metagame.3503842\/#post-5747361
|c|âsome weird shit|power whip 2hkos every bulky water
|c|âsome weird shit|even cune
|
|detailschange|p2a: Ampharos|Ampharos-Mega, M
|message|Ampharos has Mega Evolved into Mega Ampharos!
|-ability|p2a: Ampharos|Mold Breaker
|move|p1a: Jirachi|Moonblast|p2a: Ampharos
|-crit|p2a: Ampharos
|-supereffective|p2a: Ampharos
|-damage|p2a: Ampharos|94\/374
|move|p2a: Ampharos|Volt Switch|p1a: Jirachi
|-damage|p1a: Jirachi|46\/341
|
|switch|p2a: Darmanitan|Darmanitan, F|199\/351
|
|-heal|p1a: Jirachi|67\/341|[from] item: Leftovers
|turn|33
|c| mezomi4|seems fun
|
|move|p1a: Jirachi|Psyshock|p2a: Darmanitan
|-damage|p2a: Darmanitan|1\/351
|move|p2a: Darmanitan|U-turn|p1a: Jirachi
|-damage|p1a: Jirachi|0 fnt
|faint|p1a: Jirachi
|c|âsome weird shit|oh yeah i forgot this wasn't scarf
|c| effectivilly bad|252+ Atk Goodra Power Whip vs. 252 HP \/ 252+ Def Suicune: 158-186 (39.1 - 46%) -- guaranteed 3HKO after Leftovers recovery
|c| Meruu|59% minimum
|
|switch|p2a: Crobat|Crobat, F|249\/331
|
|c| effectivilly bad|(158, 158, 160, 162, 164, 166, 168, 170, 172, 174, 176, 178, 180, 182, 184, 186)
|c| Meruu|not bad
|leave|boltsandbombers
|
|switch|p1a: Feraligatr|Feraligatr, M|344\/344
|turn|34
|c| effectivilly bad|oh wait
|c|âsome weird shit|you forgot cohice band
|
|move|p2a: Crobat|Brave Bird|p1a: Feraligatr
|-damage|p1a: Feraligatr|167\/344
|-damage|p2a: Crobat|191\/331|[from] recoil|[of] p1a: Feraligatr
|move|p1a: Feraligatr|Swords Dance|p1a: Feraligatr
|-boost|p1a: Feraligatr|atk|2
|
|turn|35
|
|move|p1a: Feraligatr|Aqua Jet|p2a: Crobat
|-damage|p2a: Crobat|13\/331
|move|p2a: Crobat|Brave Bird|p1a: Feraligatr
|-damage|p1a: Feraligatr|0 fnt
|-damage|p2a: Crobat|0 fnt|[from] recoil|[of] p1a: Feraligatr
|faint|p1a: Feraligatr
|faint|p2a: Crobat
|
|c| effectivilly bad|252+ Atk Choice Band Goodra Power Whip vs. 252 HP \/ 252+ Def Suicune: 236-278 (58.4 - 68.8%) -- guaranteed 2HKO after Leftovers recovery
|c|âsome weird shit|this better ko lol
|c| effectivilly bad|there we go
|c|âsome weird shit|ah fuck
|c|âsome weird shit|whatever
|
|switch|p1a: Mienshao|Mienshao, M|271\/271
|switch|p2a: Darmanitan|Darmanitan, F|1\/351
|turn|36
|
|move|p1a: Mienshao|U-turn|p2a: Darmanitan
|-resisted|p2a: Darmanitan
|-damage|p2a: Darmanitan|0 fnt
|faint|p2a: Darmanitan
|
|switch|p1a: Blastoise|Blastoise-Mega, F|59\/324
|
|
|switch|p2a: Ampharos|Ampharos-Mega, M|94\/374
|-ability|p2a: Ampharos|Mold Breaker
|turn|37
|
|move|p1a: Blastoise|Dragon Pulse|p2a: Ampharos
|-supereffective|p2a: Ampharos
|-damage|p2a: Ampharos|0 fnt
|faint|p2a: Ampharos
|
|win|some weird shit
|c|âsome weird shit|gg
|c|âvery fgt|gg