|join|LiberalLucario
|join|some weird shit
|player|p1|LiberalLucario|219
|player|p2|some weird shit|171
|gametype|singles
|gen|6
|tier|UU
|rule|Sleep Clause Mod: Limit one foe put to sleep
|rule|Species Clause: Limit one of each PokÃ©mon
|rule|OHKO Clause: OHKO moves are banned
|rule|Moody Clause: Moody is banned
|rule|Evasion Moves Clause: Evasion moves are banned
|rule|Endless Battle Clause: Forcing endless battles is banned
|rule|HP Percentage Mod: HP is shown in percentages
|clearpoke
|poke|p1|Cresselia, F
|poke|p1|Chandelure, M
|poke|p1|Krookodile, F
|poke|p1|Empoleon, F
|poke|p1|Chesnaught, F
|poke|p1|Machamp, F
|poke|p2|Raikou
|poke|p2|Jirachi, shiny
|poke|p2|Blastoise, M
|poke|p2|Krookodile, F
|poke|p2|Goodra, F
|poke|p2|Mienshao, F
|rule|Swagger Clause: Swagger is banned
|rule|Baton Pass Clause: Limit one PokÃ©mon knowing Baton Pass
|teampreview
|c|âLiberalLucario|kk
|c|âsome weird shit|sorry
|join|Shit in a Bucket
|join|sniperaim
|join|Hot Wobblebuns
|join|BurstStream
|join|mentali 31
|c|âLiberalLucario|holy mother of everything dies to machamp
|c|âsome weird shit|ye lol fighting weak
|join|Lixx
|c| mentali 31|hi
|
|start
|switch|p1a: Chesnaught|Chesnaught, F|380\/380
|switch|p2a: Krookodile|Krookodile, F|394\/394
|-ability|p2a: Krookodile|Intimidate|[of] p1a: Chesnaught
|-unboost|p1a: Chesnaught|atk|1
|turn|1
|c| BurstStream|Hera leaves the tier for 1 day
|c| Lixx|gl guys
|join|Zibbity
|c| BurstStream|and people already stop caring about Fighting weakness hue
|
|move|p2a: Krookodile|Taunt|p1a: Chesnaught
|-start|p1a: Chesnaught|move: Taunt
|cant|p1a: Chesnaught|move: Taunt|Spikes
|
|turn|2
|c| Zibbity|Kroooooooook
|
|move|p2a: Krookodile|Stealth Rock|p1a: Chesnaught
|-sidestart|p1: LiberalLucario|move: Stealth Rock
|move|p1a: Chesnaught|Hammer Arm|p2a: Krookodile
|-supereffective|p2a: Krookodile
|-damage|p2a: Krookodile|178\/394
|-unboost|p1a: Chesnaught|spe|1
|
|-heal|p2a: Krookodile|202\/394|[from] item: Leftovers
|turn|3
|c| Lixx|look at his damn name
|c| Lixx|not like he cares
|c|âsome weird shit|fighting weak .cri
|
|switch|p2a: Blastoise|Blastoise, M|324\/324
|move|p1a: Chesnaught|Hammer Arm|p2a: Blastoise
|-damage|p2a: Blastoise|246\/324
|-unboost|p1a: Chesnaught|spe|1
|
|-end|p1a: Chesnaught|move: Taunt
|turn|4
|c| Lixx|where did ur doublade go n_n
|
|switch|p1a: Empoleon|Empoleon, F|372\/372
|-damage|p1a: Empoleon|349\/372|[from] Stealth Rock
|detailschange|p2a: Blastoise|Blastoise-Mega, M
|message|Blastoise has Mega Evolved into Mega Blastoise!
|move|p2a: Blastoise|Dragon Pulse|p1a: Empoleon
|-resisted|p1a: Empoleon
|-damage|p1a: Empoleon|286\/372
|
|-heal|p1a: Empoleon|309\/372|[from] item: Leftovers
|turn|5
|
|switch|p2a: Raikou|Raikou|322\/322
|-ability|p2a: Raikou|Pressure
|move|p1a: Empoleon|Stealth Rock|p2a: Raikou
|-sidestart|p2: some weird shit|move: Stealth Rock
|
|-heal|p1a: Empoleon|332\/372|[from] item: Leftovers
|turn|6
|c| Shit in a Bucket|well donphan rekd it
|c| Shit in a Bucket|so yea
|join|blitzfiend
|join|Buuskeri
|
|move|p2a: Raikou|Volt Switch|p1a: Empoleon
|-supereffective|p1a: Empoleon
|-damage|p1a: Empoleon|68\/372
|
|switch|p2a: Blastoise|Blastoise-Mega, M|246\/324
|-damage|p2a: Blastoise|206\/324|[from] Stealth Rock
|move|p1a: Empoleon|Scald|p2a: Blastoise
|-resisted|p2a: Blastoise
|-damage|p2a: Blastoise|137\/324
|
|-heal|p1a: Empoleon|91\/372|[from] item: Leftovers
|turn|7
|c| Zibbity|DONPHAN!?
|leave|Buuskeri
|
|move|p2a: Blastoise|Dark Pulse|p1a: Empoleon
|-damage|p1a: Empoleon|0 fnt
|faint|p1a: Empoleon
|
|
|switch|p1a: Krookodile|Krookodile, F|331\/331
|-damage|p1a: Krookodile|311\/331|[from] Stealth Rock
|-ability|p1a: Krookodile|Intimidate|[of] p2a: Blastoise
|-unboost|p2a: Blastoise|atk|1
|turn|8
|c| Shit in a Bucket|ye
|c| Zibbity|the elephant of lame
|
|move|p1a: Krookodile|Earthquake|p2a: Blastoise
|-crit|p2a: Blastoise
|-damage|p2a: Blastoise|0 fnt
|faint|p2a: Blastoise
|
|
|switch|p2a: Mienshao|Mienshao, F|271\/271
|-damage|p2a: Mienshao|255\/271|[from] Stealth Rock
|turn|9
|c| Shit in a Bucket|OI
|c| Shit in a Bucket|THE ELEPHANT
|
|switch|p1a: Cresselia|Cresselia, F|443\/443
|-damage|p1a: Cresselia|388\/443|[from] Stealth Rock
|move|p2a: Mienshao|High Jump Kick|p1a: Cresselia|[miss]
|-miss|p2a: Mienshao|p1a: Cresselia
|-damage|p2a: Mienshao|120\/271|[from] highjumpkick
|
|-heal|p1a: Cresselia|415\/443|[from] item: Leftovers
|turn|10
|c| Shit in a Bucket|IS GREAT
|c|âLiberalLucario|ah yes i do like rocks
|c|âsome weird shit|gr8
|join|DrReuniclus6
|join|EyanZ
|
|switch|p2a: Krookodile|Krookodile, F|202\/394
|-damage|p2a: Krookodile|178\/394|[from] Stealth Rock
|-ability|p2a: Krookodile|Intimidate|[of] p1a: Cresselia
|-unboost|p1a: Cresselia|atk|1
|move|p1a: Cresselia|Substitute|p1a: Cresselia
|-start|p1a: Cresselia|Substitute
|-damage|p1a: Cresselia|305\/443
|
|-heal|p2a: Krookodile|202\/394|[from] item: Leftovers
|-heal|p1a: Cresselia|332\/443|[from] item: Leftovers
|turn|11
|c| Shit in a Bucket|dont get me started on dumbo
|c| Shit in a Bucket|ill shank u
|c| Shit in a Bucket|and shit in yur bucket
|join|Nervous System
|join|brb gotta pee
|c| Zibbity|banana head cosmos thingy vs martial arts wiesel 
|
|move|p2a: Krookodile|Knock Off|p1a: Cresselia
|-crit|p1a: Cresselia
|-supereffective|p1a: Cresselia
|-end|p1a: Cresselia|Substitute
|move|p1a: Cresselia|Moonblast|p2a: Krookodile
|-crit|p2a: Krookodile
|-supereffective|p2a: Krookodile
|-damage|p2a: Krookodile|0 fnt
|faint|p2a: Krookodile
|
|-heal|p1a: Cresselia|359\/443|[from] item: Leftovers
|
|switch|p2a: Jirachi|Jirachi, shiny|341\/341
|-damage|p2a: Jirachi|320\/341|[from] Stealth Rock
|turn|12
|c| brb gotta pee|out$killed 
|
|move|p2a: Jirachi|Substitute|p2a: Jirachi
|-start|p2a: Jirachi|Substitute
|-damage|p2a: Jirachi|235\/341
|move|p1a: Cresselia|Calm Mind|p1a: Cresselia
|-boost|p1a: Cresselia|spa|1
|-boost|p1a: Cresselia|spd|1
|
|-heal|p2a: Jirachi|256\/341|[from] item: Leftovers
|-heal|p1a: Cresselia|386\/443|[from] item: Leftovers
|turn|13
|c| Zibbity|banana head thingy vs wishing star
|
|move|p2a: Jirachi|Calm Mind|p2a: Jirachi
|-boost|p2a: Jirachi|spa|1
|-boost|p2a: Jirachi|spd|1
|move|p1a: Cresselia|Substitute|p1a: Cresselia
|-start|p1a: Cresselia|Substitute
|-damage|p1a: Cresselia|276\/443
|
|-heal|p2a: Jirachi|277\/341|[from] item: Leftovers
|-heal|p1a: Cresselia|303\/443|[from] item: Leftovers
|turn|14
|
|move|p2a: Jirachi|Calm Mind|p2a: Jirachi
|-boost|p2a: Jirachi|spa|1
|-boost|p2a: Jirachi|spd|1
|move|p1a: Cresselia|Calm Mind|p1a: Cresselia
|-boost|p1a: Cresselia|spa|1
|-boost|p1a: Cresselia|spd|1
|
|-heal|p2a: Jirachi|298\/341|[from] item: Leftovers
|-heal|p1a: Cresselia|330\/443|[from] item: Leftovers
|turn|15
|c| Lixx|like the bananas from hearthstone ;-;
|
|move|p2a: Jirachi|Calm Mind|p2a: Jirachi
|-boost|p2a: Jirachi|spa|1
|-boost|p2a: Jirachi|spd|1
|move|p1a: Cresselia|Calm Mind|p1a: Cresselia
|-boost|p1a: Cresselia|spa|1
|-boost|p1a: Cresselia|spd|1
|
|-heal|p2a: Jirachi|319\/341|[from] item: Leftovers
|-heal|p1a: Cresselia|357\/443|[from] item: Leftovers
|turn|16
|
|move|p2a: Jirachi|Calm Mind|p2a: Jirachi
|-boost|p2a: Jirachi|spa|1
|-boost|p2a: Jirachi|spd|1
|move|p1a: Cresselia|Calm Mind|p1a: Cresselia
|-boost|p1a: Cresselia|spa|1
|-boost|p1a: Cresselia|spd|1
|
|-heal|p2a: Jirachi|340\/341|[from] item: Leftovers
|-heal|p1a: Cresselia|384\/443|[from] item: Leftovers
|turn|17
|
|move|p2a: Jirachi|Psyshock|p1a: Cresselia
|-resisted|p1a: Cresselia
|-end|p1a: Cresselia|Substitute
|move|p1a: Cresselia|Calm Mind|p1a: Cresselia
|-boost|p1a: Cresselia|spa|1
|-boost|p1a: Cresselia|spd|1
|
|-heal|p2a: Jirachi|341\/341|[from] item: Leftovers
|-heal|p1a: Cresselia|411\/443|[from] item: Leftovers
|turn|18
|
|move|p2a: Jirachi|Psyshock|p1a: Cresselia
|-resisted|p1a: Cresselia
|-damage|p1a: Cresselia|294\/443
|move|p1a: Cresselia|Calm Mind|p1a: Cresselia
|-boost|p1a: Cresselia|spa|1
|-boost|p1a: Cresselia|spd|1
|
|-heal|p1a: Cresselia|321\/443|[from] item: Leftovers
|turn|19
|
|move|p2a: Jirachi|Psyshock|p1a: Cresselia
|-resisted|p1a: Cresselia
|-damage|p1a: Cresselia|200\/443
|move|p1a: Cresselia|Moonblast|p2a: Jirachi
|-crit|p2a: Jirachi
|-resisted|p2a: Jirachi
|-end|p2a: Jirachi|Substitute
|
|-heal|p1a: Cresselia|227\/443|[from] item: Leftovers
|turn|20
|
|move|p2a: Jirachi|Substitute|p2a: Jirachi
|-start|p2a: Jirachi|Substitute
|-damage|p2a: Jirachi|256\/341
|move|p1a: Cresselia|Moonblast|p2a: Jirachi
|-resisted|p2a: Jirachi
|-activate|p2a: Jirachi|Substitute|[damage]
|
|-heal|p2a: Jirachi|277\/341|[from] item: Leftovers
|-heal|p1a: Cresselia|254\/443|[from] item: Leftovers
|turn|21
|
|move|p2a: Jirachi|Calm Mind|p2a: Jirachi
|-boost|p2a: Jirachi|spa|1
|-boost|p2a: Jirachi|spd|1
|move|p1a: Cresselia|Moonblast|p2a: Jirachi
|-resisted|p2a: Jirachi
|-activate|p2a: Jirachi|Substitute|[damage]
|
|-heal|p2a: Jirachi|298\/341|[from] item: Leftovers
|-heal|p1a: Cresselia|281\/443|[from] item: Leftovers
|turn|22
|
|move|p2a: Jirachi|Psyshock|p1a: Cresselia
|-resisted|p1a: Cresselia
|-damage|p1a: Cresselia|151\/443
|move|p1a: Cresselia|Moonblast|p2a: Jirachi
|-resisted|p2a: Jirachi
|-end|p2a: Jirachi|Substitute
|
|-heal|p2a: Jirachi|319\/341|[from] item: Leftovers
|-heal|p1a: Cresselia|178\/443|[from] item: Leftovers
|turn|23
|c|âsome weird shit|lmao
|
|move|p2a: Jirachi|Substitute|p2a: Jirachi
|-start|p2a: Jirachi|Substitute
|-damage|p2a: Jirachi|234\/341
|move|p1a: Cresselia|Moonlight|p1a: Cresselia
|-heal|p1a: Cresselia|399\/443
|
|-heal|p2a: Jirachi|255\/341|[from] item: Leftovers
|-heal|p1a: Cresselia|426\/443|[from] item: Leftovers
|turn|24
|
|move|p2a: Jirachi|Calm Mind|p2a: Jirachi
|-boost|p2a: Jirachi|spa|1
|-boost|p2a: Jirachi|spd|1
|move|p1a: Cresselia|Moonblast|p2a: Jirachi
|-resisted|p2a: Jirachi
|-activate|p2a: Jirachi|Substitute|[damage]
|
|-heal|p2a: Jirachi|276\/341|[from] item: Leftovers
|-heal|p1a: Cresselia|443\/443|[from] item: Leftovers
|turn|25
|join|ToppleTropple
|
|move|p2a: Jirachi|Calm Mind|p2a: Jirachi
|-fail|p2a: Jirachi
|move|p1a: Cresselia|Moonblast|p2a: Jirachi
|-resisted|p2a: Jirachi
|-activate|p2a: Jirachi|Substitute|[damage]
|
|-heal|p2a: Jirachi|297\/341|[from] item: Leftovers
|turn|26
|leave|DrReuniclus6
|
|move|p2a: Jirachi|Calm Mind|p2a: Jirachi
|-fail|p2a: Jirachi
|move|p1a: Cresselia|Substitute|p1a: Cresselia
|-start|p1a: Cresselia|Substitute
|-damage|p1a: Cresselia|333\/443
|
|-heal|p2a: Jirachi|318\/341|[from] item: Leftovers
|-heal|p1a: Cresselia|360\/443|[from] item: Leftovers
|turn|27
|leave|ToppleTropple
|
|move|p2a: Jirachi|Calm Mind|p2a: Jirachi
|-fail|p2a: Jirachi
|move|p1a: Cresselia|Moonblast|p2a: Jirachi
|-resisted|p2a: Jirachi
|-end|p2a: Jirachi|Substitute
|
|-heal|p2a: Jirachi|339\/341|[from] item: Leftovers
|-heal|p1a: Cresselia|387\/443|[from] item: Leftovers
|turn|28
|
|move|p2a: Jirachi|Substitute|p2a: Jirachi
|-start|p2a: Jirachi|Substitute
|-damage|p2a: Jirachi|254\/341
|move|p1a: Cresselia|Calm Mind|p1a: Cresselia
|-fail|p1a: Cresselia
|
|-heal|p2a: Jirachi|275\/341|[from] item: Leftovers
|-heal|p1a: Cresselia|414\/443|[from] item: Leftovers
|turn|29
|c| BurstStream|the CM Wars
|
|move|p2a: Jirachi|Calm Mind|p2a: Jirachi
|-fail|p2a: Jirachi
|move|p1a: Cresselia|Calm Mind|p1a: Cresselia
|-fail|p1a: Cresselia
|
|-heal|p2a: Jirachi|296\/341|[from] item: Leftovers
|-heal|p1a: Cresselia|441\/443|[from] item: Leftovers
|turn|30
|
|move|p2a: Jirachi|Calm Mind|p2a: Jirachi
|-fail|p2a: Jirachi
|move|p1a: Cresselia|Calm Mind|p1a: Cresselia
|-fail|p1a: Cresselia
|
|-heal|p2a: Jirachi|317\/341|[from] item: Leftovers
|-heal|p1a: Cresselia|443\/443|[from] item: Leftovers
|turn|31
|
|move|p2a: Jirachi|Calm Mind|p2a: Jirachi
|-fail|p2a: Jirachi
|move|p1a: Cresselia|Calm Mind|p1a: Cresselia
|-fail|p1a: Cresselia
|
|-heal|p2a: Jirachi|338\/341|[from] item: Leftovers
|turn|32
|
|move|p2a: Jirachi|Calm Mind|p2a: Jirachi
|-fail|p2a: Jirachi
|move|p1a: Cresselia|Calm Mind|p1a: Cresselia
|-fail|p1a: Cresselia
|
|-heal|p2a: Jirachi|341\/341|[from] item: Leftovers
|turn|33
|c| BurstStream|Imb4 Fire Blast Cresselia
|
|move|p2a: Jirachi|Calm Mind|p2a: Jirachi
|-fail|p2a: Jirachi
|move|p1a: Cresselia|Calm Mind|p1a: Cresselia
|-fail|p1a: Cresselia
|
|turn|34
|
|move|p2a: Jirachi|Calm Mind|p2a: Jirachi
|-fail|p2a: Jirachi
|move|p1a: Cresselia|Calm Mind|p1a: Cresselia
|-fail|p1a: Cresselia
|
|turn|35
|
|move|p2a: Jirachi|Calm Mind|p2a: Jirachi
|-fail|p2a: Jirachi
|move|p1a: Cresselia|Calm Mind|p1a: Cresselia
|-fail|p1a: Cresselia
|
|turn|36
|
|move|p2a: Jirachi|Psyshock|p1a: Cresselia
|-resisted|p1a: Cresselia
|-end|p1a: Cresselia|Substitute
|move|p1a: Cresselia|Calm Mind|p1a: Cresselia
|-fail|p1a: Cresselia
|
|turn|37
|
|move|p2a: Jirachi|Psyshock|p1a: Cresselia
|-resisted|p1a: Cresselia
|-damage|p1a: Cresselia|305\/443
|move|p1a: Cresselia|Substitute|p1a: Cresselia
|-start|p1a: Cresselia|Substitute
|-damage|p1a: Cresselia|195\/443
|
|-heal|p1a: Cresselia|222\/443|[from] item: Leftovers
|turn|38
|
|move|p2a: Jirachi|Psyshock|p1a: Cresselia
|-resisted|p1a: Cresselia
|-end|p1a: Cresselia|Substitute
|move|p1a: Cresselia|Moonlight|p1a: Cresselia
|-heal|p1a: Cresselia|443\/443
|
|turn|39
|
|move|p2a: Jirachi|Calm Mind|p2a: Jirachi
|-fail|p2a: Jirachi
|move|p1a: Cresselia|Calm Mind|p1a: Cresselia
|-fail|p1a: Cresselia
|
|turn|40
|
|move|p2a: Jirachi|Calm Mind|p2a: Jirachi
|-fail|p2a: Jirachi
|move|p1a: Cresselia|Calm Mind|p1a: Cresselia
|-fail|p1a: Cresselia
|
|turn|41
|join|xMarth
|
|move|p2a: Jirachi|Calm Mind|p2a: Jirachi
|-fail|p2a: Jirachi
|move|p1a: Cresselia|Substitute|p1a: Cresselia
|-start|p1a: Cresselia|Substitute
|-damage|p1a: Cresselia|333\/443
|
|-heal|p1a: Cresselia|360\/443|[from] item: Leftovers
|turn|42
|
|move|p2a: Jirachi|Calm Mind|p2a: Jirachi
|-fail|p2a: Jirachi
|move|p1a: Cresselia|Calm Mind|p1a: Cresselia
|-fail|p1a: Cresselia
|
|-heal|p1a: Cresselia|387\/443|[from] item: Leftovers
|turn|43
|join|YoungLegend
|
|move|p2a: Jirachi|Calm Mind|p2a: Jirachi
|-fail|p2a: Jirachi
|move|p1a: Cresselia|Calm Mind|p1a: Cresselia
|-fail|p1a: Cresselia
|
|-heal|p1a: Cresselia|414\/443|[from] item: Leftovers
|turn|44
|
|move|p2a: Jirachi|Calm Mind|p2a: Jirachi
|-fail|p2a: Jirachi
|move|p1a: Cresselia|Calm Mind|p1a: Cresselia
|-fail|p1a: Cresselia
|
|-heal|p1a: Cresselia|441\/443|[from] item: Leftovers
|turn|45
|c| Shit in a Bucket|yawn
|
|move|p2a: Jirachi|Calm Mind|p2a: Jirachi
|-fail|p2a: Jirachi
|move|p1a: Cresselia|Calm Mind|p1a: Cresselia
|-fail|p1a: Cresselia
|
|-heal|p1a: Cresselia|443\/443|[from] item: Leftovers
|turn|46
|
|move|p2a: Jirachi|Calm Mind|p2a: Jirachi
|-fail|p2a: Jirachi
|move|p1a: Cresselia|Calm Mind|p1a: Cresselia
|-fail|p1a: Cresselia
|
|turn|47
|
|move|p2a: Jirachi|Calm Mind|p2a: Jirachi
|-fail|p2a: Jirachi
|move|p1a: Cresselia|Calm Mind|p1a: Cresselia
|-fail|p1a: Cresselia
|
|turn|48
|
|move|p2a: Jirachi|Moonblast|p1a: Cresselia
|-activate|p1a: Cresselia|Substitute|[damage]
|move|p1a: Cresselia|Calm Mind|p1a: Cresselia
|-fail|p1a: Cresselia
|
|turn|49
|
|move|p2a: Jirachi|Calm Mind|p2a: Jirachi
|-fail|p2a: Jirachi
|move|p1a: Cresselia|Moonblast|p2a: Jirachi
|-resisted|p2a: Jirachi
|-activate|p2a: Jirachi|Substitute|[damage]
|
|turn|50
|leave|Shit in a Bucket
|join|Shit in a Bucket
|
|move|p2a: Jirachi|Substitute|p2a: Jirachi
|-fail|p2a: Jirachi|move: Substitute
|move|p1a: Cresselia|Substitute|p1a: Cresselia
|-fail|p1a: Cresselia|move: Substitute
|
|turn|51
|join|Kawabanga-kun
|leave|Shit in a Bucket
|
|move|p2a: Jirachi|Calm Mind|p2a: Jirachi
|-fail|p2a: Jirachi
|move|p1a: Cresselia|Calm Mind|p1a: Cresselia
|-fail|p1a: Cresselia
|
|turn|52
|leave|YoungLegend
|
|move|p2a: Jirachi|Calm Mind|p2a: Jirachi
|-fail|p2a: Jirachi
|move|p1a: Cresselia|Moonblast|p2a: Jirachi
|-resisted|p2a: Jirachi
|-activate|p2a: Jirachi|Substitute|[damage]
|
|turn|53
|join|YoungLegend
|
|move|p2a: Jirachi|Calm Mind|p2a: Jirachi
|-fail|p2a: Jirachi
|move|p1a: Cresselia|Moonblast|p2a: Jirachi
|-resisted|p2a: Jirachi
|-end|p2a: Jirachi|Substitute
|
|turn|54
|
|move|p2a: Jirachi|Substitute|p2a: Jirachi
|-start|p2a: Jirachi|Substitute
|-damage|p2a: Jirachi|256\/341
|move|p1a: Cresselia|Calm Mind|p1a: Cresselia
|-fail|p1a: Cresselia
|
|-heal|p2a: Jirachi|277\/341|[from] item: Leftovers
|turn|55
|
|move|p2a: Jirachi|Calm Mind|p2a: Jirachi
|-fail|p2a: Jirachi
|move|p1a: Cresselia|Calm Mind|p1a: Cresselia
|-fail|p1a: Cresselia
|
|-heal|p2a: Jirachi|298\/341|[from] item: Leftovers
|turn|56
|
|move|p2a: Jirachi|Calm Mind|p2a: Jirachi
|-fail|p2a: Jirachi
|move|p1a: Cresselia|Calm Mind|p1a: Cresselia
|-fail|p1a: Cresselia
|
|-heal|p2a: Jirachi|319\/341|[from] item: Leftovers
|turn|57
|
|move|p2a: Jirachi|Calm Mind|p2a: Jirachi
|-fail|p2a: Jirachi
|move|p1a: Cresselia|Calm Mind|p1a: Cresselia
|-fail|p1a: Cresselia
|
|-heal|p2a: Jirachi|340\/341|[from] item: Leftovers
|turn|58
|leave|Nervous System
|
|move|p2a: Jirachi|Moonblast|p1a: Cresselia
|-end|p1a: Cresselia|Substitute
|move|p1a: Cresselia|Substitute|p1a: Cresselia
|-start|p1a: Cresselia|Substitute
|-damage|p1a: Cresselia|333\/443
|
|-heal|p2a: Jirachi|341\/341|[from] item: Leftovers
|-heal|p1a: Cresselia|360\/443|[from] item: Leftovers
|turn|59
|
|move|p2a: Jirachi|Moonblast|p1a: Cresselia
|-activate|p1a: Cresselia|Substitute|[damage]
|move|p1a: Cresselia|Calm Mind|p1a: Cresselia
|-fail|p1a: Cresselia
|
|-heal|p1a: Cresselia|387\/443|[from] item: Leftovers
|turn|60
|
|move|p2a: Jirachi|Moonblast|p1a: Cresselia
|-crit|p1a: Cresselia
|-end|p1a: Cresselia|Substitute
|move|p1a: Cresselia|Substitute|p1a: Cresselia
|-start|p1a: Cresselia|Substitute
|-damage|p1a: Cresselia|277\/443
|
|-heal|p1a: Cresselia|304\/443|[from] item: Leftovers
|turn|61
|leave|YoungLegend
|
|move|p2a: Jirachi|Substitute|p2a: Jirachi
|-fail|p2a: Jirachi|move: Substitute
|move|p1a: Cresselia|Calm Mind|p1a: Cresselia
|-fail|p1a: Cresselia
|
|-heal|p1a: Cresselia|331\/443|[from] item: Leftovers
|turn|62
|
|move|p2a: Jirachi|Moonblast|p1a: Cresselia
|-activate|p1a: Cresselia|Substitute|[damage]
|move|p1a: Cresselia|Calm Mind|p1a: Cresselia
|-fail|p1a: Cresselia
|
|-heal|p1a: Cresselia|358\/443|[from] item: Leftovers
|turn|63
|
|move|p2a: Jirachi|Moonblast|p1a: Cresselia
|-end|p1a: Cresselia|Substitute
|move|p1a: Cresselia|Substitute|p1a: Cresselia
|-start|p1a: Cresselia|Substitute
|-damage|p1a: Cresselia|248\/443
|
|-heal|p1a: Cresselia|275\/443|[from] item: Leftovers
|turn|64
|
|move|p2a: Jirachi|Psyshock|p1a: Cresselia
|-resisted|p1a: Cresselia
|-end|p1a: Cresselia|Substitute
|move|p1a: Cresselia|Moonblast|p2a: Jirachi
|-resisted|p2a: Jirachi
|-activate|p2a: Jirachi|Substitute|[damage]
|
|-heal|p1a: Cresselia|302\/443|[from] item: Leftovers
|turn|65
|
|move|p2a: Jirachi|Substitute|p2a: Jirachi
|-fail|p2a: Jirachi|move: Substitute
|move|p1a: Cresselia|Moonblast|p2a: Jirachi
|-resisted|p2a: Jirachi
|-activate|p2a: Jirachi|Substitute|[damage]
|
|-heal|p1a: Cresselia|329\/443|[from] item: Leftovers
|turn|66
|c| xMarth|y pp stall?
|
|move|p2a: Jirachi|Moonblast|p1a: Cresselia
|-damage|p1a: Cresselia|249\/443
|-unboost|p1a: Cresselia|spa|1
|move|p1a: Cresselia|Substitute|p1a: Cresselia
|-start|p1a: Cresselia|Substitute
|-damage|p1a: Cresselia|139\/443
|
|-heal|p1a: Cresselia|166\/443|[from] item: Leftovers
|turn|67
|join|Friendless Loser.
|c| BurstStream|CM Wars the STall Strikes Back
|c| sniperaim|fat ass cress
|
|move|p2a: Jirachi|Psyshock|p1a: Cresselia
|-resisted|p1a: Cresselia
|-end|p1a: Cresselia|Substitute
|move|p1a: Cresselia|Moonlight|p1a: Cresselia
|-heal|p1a: Cresselia|387\/443
|
|-heal|p1a: Cresselia|414\/443|[from] item: Leftovers
|turn|68
|
|move|p2a: Jirachi|Substitute|p2a: Jirachi
|-fail|p2a: Jirachi|move: Substitute
|move|p1a: Cresselia|Moonblast|p2a: Jirachi
|-resisted|p2a: Jirachi
|-end|p2a: Jirachi|Substitute
|
|-heal|p1a: Cresselia|441\/443|[from] item: Leftovers
|turn|69
|
|move|p2a: Jirachi|Substitute|p2a: Jirachi
|-start|p2a: Jirachi|Substitute
|-damage|p2a: Jirachi|256\/341
|move|p1a: Cresselia|Substitute|p1a: Cresselia
|-start|p1a: Cresselia|Substitute
|-damage|p1a: Cresselia|331\/443
|
|-heal|p2a: Jirachi|277\/341|[from] item: Leftovers
|-heal|p1a: Cresselia|358\/443|[from] item: Leftovers
|turn|70
|c| BurstStream|I don't think I have seen such a stally match
|join|YoungLegend
|
|move|p2a: Jirachi|Psyshock|p1a: Cresselia
|-resisted|p1a: Cresselia
|-end|p1a: Cresselia|Substitute
|move|p1a: Cresselia|Moonblast|p2a: Jirachi
|-resisted|p2a: Jirachi
|-activate|p2a: Jirachi|Substitute|[damage]
|
|-heal|p2a: Jirachi|298\/341|[from] item: Leftovers
|-heal|p1a: Cresselia|385\/443|[from] item: Leftovers
|turn|71
|c| BurstStream|Since I decided who PP Stalls faster beetwen Crocune and Sub Roost Kyurem
|join|BlindyMcBlind
|
|move|p2a: Jirachi|Moonblast|p1a: Cresselia
|-damage|p1a: Cresselia|305\/443
|move|p1a: Cresselia|Substitute|p1a: Cresselia
|-start|p1a: Cresselia|Substitute
|-damage|p1a: Cresselia|195\/443
|
|-heal|p2a: Jirachi|319\/341|[from] item: Leftovers
|-heal|p1a: Cresselia|222\/443|[from] item: Leftovers
|turn|72
|c|âsome weird shit|crocune does
|c| BurstStream|I know I figured that out
|
|move|p2a: Jirachi|Psyshock|p1a: Cresselia
|-resisted|p1a: Cresselia
|-end|p1a: Cresselia|Substitute
|move|p1a: Cresselia|Moonblast|p2a: Jirachi
|-resisted|p2a: Jirachi
|-activate|p2a: Jirachi|Substitute|[damage]
|
|-heal|p2a: Jirachi|340\/341|[from] item: Leftovers
|-heal|p1a: Cresselia|249\/443|[from] item: Leftovers
|turn|73
|c| BurstStream|after 20 mins
|
|move|p2a: Jirachi|Moonblast|p1a: Cresselia
|-damage|p1a: Cresselia|169\/443
|move|p1a: Cresselia|Substitute|p1a: Cresselia
|-start|p1a: Cresselia|Substitute
|-damage|p1a: Cresselia|59\/443
|
|-heal|p2a: Jirachi|341\/341|[from] item: Leftovers
|-heal|p1a: Cresselia|86\/443|[from] item: Leftovers
|turn|74
|
|move|p2a: Jirachi|Moonblast|p1a: Cresselia
|-activate|p1a: Cresselia|Substitute|[damage]
|move|p1a: Cresselia|Moonlight|p1a: Cresselia
|-heal|p1a: Cresselia|307\/443
|
|-heal|p1a: Cresselia|334\/443|[from] item: Leftovers
|turn|75
|
|move|p2a: Jirachi|Moonblast|p1a: Cresselia
|-end|p1a: Cresselia|Substitute
|move|p1a: Cresselia|Moonblast|p2a: Jirachi
|-crit|p2a: Jirachi
|-resisted|p2a: Jirachi
|-end|p2a: Jirachi|Substitute
|
|-heal|p1a: Cresselia|361\/443|[from] item: Leftovers
|turn|76
|
|move|p2a: Jirachi|Substitute|p2a: Jirachi
|-start|p2a: Jirachi|Substitute
|-damage|p2a: Jirachi|256\/341
|move|p1a: Cresselia|Substitute|p1a: Cresselia
|-start|p1a: Cresselia|Substitute
|-damage|p1a: Cresselia|251\/443
|
|-heal|p2a: Jirachi|277\/341|[from] item: Leftovers
|-heal|p1a: Cresselia|278\/443|[from] item: Leftovers
|turn|77
|
|move|p2a: Jirachi|Psyshock|p1a: Cresselia
|-resisted|p1a: Cresselia
|-end|p1a: Cresselia|Substitute
|move|p1a: Cresselia|Moonblast|p2a: Jirachi
|-crit|p2a: Jirachi
|-resisted|p2a: Jirachi
|-end|p2a: Jirachi|Substitute
|
|-heal|p2a: Jirachi|298\/341|[from] item: Leftovers
|-heal|p1a: Cresselia|305\/443|[from] item: Leftovers
|turn|78
|c|âsome weird shit|crits for days
|
|move|p2a: Jirachi|Moonblast|p1a: Cresselia
|-damage|p1a: Cresselia|233\/443
|move|p1a: Cresselia|Substitute|p1a: Cresselia
|-start|p1a: Cresselia|Substitute
|-damage|p1a: Cresselia|123\/443
|
|-heal|p2a: Jirachi|319\/341|[from] item: Leftovers
|-heal|p1a: Cresselia|150\/443|[from] item: Leftovers
|turn|79
|
|move|p2a: Jirachi|Substitute|p2a: Jirachi
|-start|p2a: Jirachi|Substitute
|-damage|p2a: Jirachi|234\/341
|move|p1a: Cresselia|Moonlight|p1a: Cresselia
|-heal|p1a: Cresselia|371\/443
|
|-heal|p2a: Jirachi|255\/341|[from] item: Leftovers
|-heal|p1a: Cresselia|398\/443|[from] item: Leftovers
|turn|80
|
|move|p2a: Jirachi|Psyshock|p1a: Cresselia
|-resisted|p1a: Cresselia
|-end|p1a: Cresselia|Substitute
|move|p1a: Cresselia|Moonblast|p2a: Jirachi
|-resisted|p2a: Jirachi
|-activate|p2a: Jirachi|Substitute|[damage]
|
|-heal|p2a: Jirachi|276\/341|[from] item: Leftovers
|-heal|p1a: Cresselia|425\/443|[from] item: Leftovers
|turn|81
|
|move|p2a: Jirachi|Moonblast|p1a: Cresselia
|-damage|p1a: Cresselia|355\/443
|-unboost|p1a: Cresselia|spa|1
|move|p1a: Cresselia|Moonblast|p2a: Jirachi
|-resisted|p2a: Jirachi
|-activate|p2a: Jirachi|Substitute|[damage]
|
|-heal|p2a: Jirachi|297\/341|[from] item: Leftovers
|-heal|p1a: Cresselia|382\/443|[from] item: Leftovers
|turn|82
|
|move|p2a: Jirachi|Moonblast|p1a: Cresselia
|-damage|p1a: Cresselia|300\/443
|move|p1a: Cresselia|Moonblast|p2a: Jirachi
|-resisted|p2a: Jirachi
|-activate|p2a: Jirachi|Substitute|[damage]
|
|-heal|p2a: Jirachi|318\/341|[from] item: Leftovers
|-heal|p1a: Cresselia|327\/443|[from] item: Leftovers
|turn|83
|
|move|p2a: Jirachi|Moonblast|p1a: Cresselia
|-damage|p1a: Cresselia|245\/443
|move|p1a: Cresselia|Substitute|p1a: Cresselia
|-start|p1a: Cresselia|Substitute
|-damage|p1a: Cresselia|135\/443
|
|-heal|p2a: Jirachi|339\/341|[from] item: Leftovers
|-heal|p1a: Cresselia|162\/443|[from] item: Leftovers
|turn|84
|
|move|p2a: Jirachi|Psyshock|p1a: Cresselia
|-resisted|p1a: Cresselia
|-end|p1a: Cresselia|Substitute
|move|p1a: Cresselia|Moonlight|p1a: Cresselia
|-heal|p1a: Cresselia|383\/443
|
|-heal|p2a: Jirachi|341\/341|[from] item: Leftovers
|-heal|p1a: Cresselia|410\/443|[from] item: Leftovers
|turn|85
|
|move|p2a: Jirachi|Moonblast|p1a: Cresselia
|-crit|p1a: Cresselia
|-damage|p1a: Cresselia|0 fnt
|faint|p1a: Cresselia
|
|c| sniperaim|gg
|join|Invasion
|c| mentali 31|crit
|
|switch|p1a: Chandelure|Chandelure, M|299\/299
|-damage|p1a: Chandelure|225\/299|[from] Stealth Rock
|turn|86
|c| xMarth|gg w\/o crit too
|c|âsome weird shit|i won that anyway i had 10 more pp than he did
|
|move|p2a: Jirachi|Psyshock|p1a: Chandelure
|-damage|p1a: Chandelure|0 fnt
|faint|p1a: Chandelure
|
|
|switch|p1a: Machamp|Machamp, F|384\/384
|-damage|p1a: Machamp|360\/384|[from] Stealth Rock
|turn|87
|
|move|p2a: Jirachi|Psyshock|p1a: Machamp
|-crit|p1a: Machamp
|-supereffective|p1a: Machamp
|-damage|p1a: Machamp|0 fnt
|faint|p1a: Machamp
|
|leave|Invasion
|
|switch|p1a: Krookodile|Krookodile, F|311\/331
|-damage|p1a: Krookodile|291\/331|[from] Stealth Rock
|-activate|p2a: Jirachi|Substitute|ability: Intimidate|[of] p1a: Krookodile
|turn|88
|
|move|p2a: Jirachi|Moonblast|p1a: Krookodile
|-supereffective|p1a: Krookodile
|-damage|p1a: Krookodile|0 fnt
|faint|p1a: Krookodile
|
|
|switch|p1a: Chesnaught|Chesnaught, F|380\/380
|-damage|p1a: Chesnaught|357\/380|[from] Stealth Rock
|turn|89
|
|move|p2a: Jirachi|Moonblast|p1a: Chesnaught
|-supereffective|p1a: Chesnaught
|-damage|p1a: Chesnaught|0 fnt
|faint|p1a: Chesnaught
|
|win|some weird shit
|c|âLiberalLucario|bg
|leave|mentali 31
|leave|xMarth
|leave|some weird shit
|player|p2
|leave|LiberalLucario
|player|p1
|leave|sniperaim