|join|some weird shit
|join|banton45
|player|p1|some weird shit|171
|player|p2|banton45|1
|gametype|singles
|gen|6
|tier|UU
|rated
|rule|Sleep Clause Mod: Limit one foe put to sleep
|rule|Species Clause: Limit one of each PokÃ©mon
|rule|OHKO Clause: OHKO moves are banned
|rule|Moody Clause: Moody is banned
|rule|Evasion Moves Clause: Evasion moves are banned
|rule|Endless Battle Clause: Forcing endless battles is banned
|rule|HP Percentage Mod: HP is shown in percentages
|clearpoke
|poke|p1|Infernape, M
|poke|p1|Azelf
|poke|p1|Suicune
|poke|p1|Raikou
|poke|p1|Gallade, M
|poke|p1|Krookodile, F
|poke|p2|Gallade, M
|poke|p2|Aerodactyl, F
|poke|p2|Dragalge, F
|poke|p2|Zygarde
|poke|p2|Cresselia, F
|poke|p2|Suicune
|rule|Swagger Clause: Swagger is banned
|rule|Baton Pass Clause: Limit one PokÃ©mon knowing Baton Pass
|teampreview
|
|start
|switch|p1a: Azelf|Azelf|291\/291
|switch|p2a: Aerodactyl|Aerodactyl, F|302\/302
|turn|1
|
|move|p2a: Aerodactyl|Stealth Rock|p1a: Azelf
|-sidestart|p1: some weird shit|move: Stealth Rock
|move|p1a: Azelf|Psyshock|p2a: Aerodactyl
|-damage|p2a: Aerodactyl|116\/302
|
|turn|2
|
|move|p2a: Aerodactyl|Stone Edge|p1a: Azelf
|-damage|p1a: Azelf|75\/291
|move|p1a: Azelf|Psyshock|p2a: Aerodactyl
|-damage|p2a: Aerodactyl|0 fnt
|faint|p2a: Aerodactyl
|
|join|baboosh327
|
|switch|p2a: Zygarde|Zygarde|404\/404
|-ability|p2a: Zygarde|Aura Break
|turn|3
|
|switch|p1a: Krookodile|Krookodile, F|331\/331
|-damage|p1a: Krookodile|311\/331|[from] Stealth Rock
|-ability|p1a: Krookodile|Intimidate|[of] p2a: Zygarde
|-unboost|p2a: Zygarde|atk|1
|move|p2a: Zygarde|Extreme Speed|p1a: Krookodile
|-damage|p1a: Krookodile|244\/331
|
|turn|4
|leave|baboosh327
|
|move|p1a: Krookodile|Knock Off|p2a: Zygarde
|-damage|p2a: Zygarde|226\/404
|-enditem|p2a: Zygarde|Leftovers|[from] move: Knock Off|[of] p1a: Krookodile
|move|p2a: Zygarde|Substitute|p2a: Zygarde
|-start|p2a: Zygarde|Substitute
|-damage|p2a: Zygarde|125\/404
|
|turn|5
|
|move|p1a: Krookodile|Earthquake|p2a: Zygarde
|-end|p2a: Zygarde|Substitute
|move|p2a: Zygarde|Coil|p2a: Zygarde
|-boost|p2a: Zygarde|atk|1
|-boost|p2a: Zygarde|def|1
|-boost|p2a: Zygarde|accuracy|1
|
|turn|6
|
|move|p1a: Krookodile|Earthquake|p2a: Zygarde
|-damage|p2a: Zygarde|26\/404
|move|p2a: Zygarde|Earthquake|p1a: Krookodile
|-damage|p1a: Krookodile|58\/331
|
|turn|7
|join|SmashBrosBrawl
|
|switch|p1a: Azelf|Azelf|75\/291
|-damage|p1a: Azelf|39\/291|[from] Stealth Rock
|move|p2a: Zygarde|Extreme Speed|p1a: Azelf
|-damage|p1a: Azelf|0 fnt
|faint|p1a: Azelf
|
|
|switch|p1a: Suicune|Suicune|399\/399
|-damage|p1a: Suicune|350\/399|[from] Stealth Rock
|-ability|p1a: Suicune|Pressure
|turn|8
|
|move|p2a: Zygarde|Earthquake|p1a: Suicune
|-damage|p1a: Suicune|203\/399
|move|p1a: Suicune|Scald|p2a: Zygarde
|-damage|p2a: Zygarde|0 fnt
|faint|p2a: Zygarde
|
|-heal|p1a: Suicune|227\/399|[from] item: Leftovers
|
|switch|p2a: Dragalge|Dragalge, F|286\/286
|turn|9
|
|move|p1a: Suicune|Ice Beam|p2a: Dragalge
|-supereffective|p2a: Dragalge
|-damage|p2a: Dragalge|192\/286
|move|p2a: Dragalge|Draco Meteor|p1a: Suicune
|-damage|p1a: Suicune|0 fnt
|-unboost|p2a: Dragalge|spa|2
|faint|p1a: Suicune
|
|
|switch|p1a: Krookodile|Krookodile, F|58\/331
|-damage|p1a: Krookodile|38\/331|[from] Stealth Rock
|-ability|p1a: Krookodile|Intimidate|[of] p2a: Dragalge
|-unboost|p2a: Dragalge|atk|1
|turn|10
|
|switch|p2a: Suicune|Suicune|404\/404
|-ability|p2a: Suicune|Pressure
|move|p1a: Krookodile|Earthquake|p2a: Suicune
|-damage|p2a: Suicune|289\/404
|
|-heal|p2a: Suicune|314\/404|[from] item: Leftovers
|turn|11
|
|switch|p1a: Raikou|Raikou|321\/321
|-damage|p1a: Raikou|281\/321|[from] Stealth Rock
|-ability|p1a: Raikou|Pressure
|move|p2a: Suicune|Scald|p1a: Raikou
|-damage|p1a: Raikou|190\/321
|-status|p1a: Raikou|brn
|
|-heal|p1a: Raikou|210\/321 brn|[from] item: Leftovers
|-heal|p2a: Suicune|339\/404|[from] item: Leftovers
|-damage|p1a: Raikou|170\/321 brn|[from] brn
|turn|12
|
|switch|p2a: Cresselia|Cresselia, F|443\/443
|move|p1a: Raikou|Calm Mind|p1a: Raikou
|-boost|p1a: Raikou|spa|1
|-boost|p1a: Raikou|spd|1
|
|-heal|p1a: Raikou|190\/321 brn|[from] item: Leftovers
|-damage|p1a: Raikou|150\/321 brn|[from] brn
|turn|13
|
|move|p1a: Raikou|Thunderbolt|p2a: Cresselia
|-damage|p2a: Cresselia|259\/443
|move|p2a: Cresselia|Calm Mind|p2a: Cresselia
|-boost|p2a: Cresselia|spa|1
|-boost|p2a: Cresselia|spd|1
|
|-heal|p1a: Raikou|170\/321 brn|[from] item: Leftovers
|-heal|p2a: Cresselia|286\/443|[from] item: Leftovers
|-damage|p1a: Raikou|130\/321 brn|[from] brn
|turn|14
|
|move|p1a: Raikou|Thunderbolt|p2a: Cresselia
|-damage|p2a: Cresselia|171\/443
|-status|p2a: Cresselia|par
|cant|p2a: Cresselia|par
|
|-heal|p1a: Raikou|150\/321 brn|[from] item: Leftovers
|-heal|p2a: Cresselia|198\/443 par|[from] item: Leftovers
|-damage|p1a: Raikou|110\/321 brn|[from] brn
|turn|15
|
|move|p1a: Raikou|Thunderbolt|p2a: Cresselia
|-damage|p2a: Cresselia|71\/443 par
|cant|p2a: Cresselia|par
|
|-heal|p1a: Raikou|130\/321 brn|[from] item: Leftovers
|-heal|p2a: Cresselia|98\/443 par|[from] item: Leftovers
|-damage|p1a: Raikou|90\/321 brn|[from] brn
|turn|16
|
|move|p1a: Raikou|Thunderbolt|p2a: Cresselia
|-damage|p2a: Cresselia|0 fnt
|faint|p2a: Cresselia
|
|-heal|p1a: Raikou|110\/321 brn|[from] item: Leftovers
|-damage|p1a: Raikou|70\/321 brn|[from] brn
|
|switch|p2a: Dragalge|Dragalge, F|192\/286
|turn|17
|
|move|p1a: Raikou|Hidden Power|p2a: Dragalge
|-supereffective|p2a: Dragalge
|-damage|p2a: Dragalge|84\/286
|move|p2a: Dragalge|Sludge Wave|p1a: Raikou
|-damage|p1a: Raikou|0 fnt
|faint|p1a: Raikou
|
|c|+SmashBrosBrawl|e
|c|+SmashBrosBrawl|z
|c|+SmashBrosBrawl|e
|
|switch|p1a: Gallade|Gallade, M|277\/277
|-damage|p1a: Gallade|260\/277|[from] Stealth Rock
|turn|18
|c|+SmashBrosBrawl|z
|
|detailschange|p1a: Gallade|Gallade-Mega, M
|message|Gallade has Mega Evolved into Mega Gallade!
|move|p1a: Gallade|Zen Headbutt|p2a: Dragalge
|-supereffective|p2a: Dragalge
|-damage|p2a: Dragalge|0 fnt
|faint|p2a: Dragalge
|
|
|switch|p2a: Suicune|Suicune|339\/404
|-ability|p2a: Suicune|Pressure
|turn|19
|
|move|p1a: Gallade|Swords Dance|p1a: Gallade
|-boost|p1a: Gallade|atk|2
|move|p2a: Suicune|Scald|p1a: Gallade
|-damage|p1a: Gallade|179\/277
|-status|p1a: Gallade|brn
|
|-heal|p2a: Suicune|364\/404|[from] item: Leftovers
|-damage|p1a: Gallade|145\/277 brn|[from] brn
|turn|20
|c|âsome weird shit|.
|
|move|p1a: Gallade|Swords Dance|p1a: Gallade
|-boost|p1a: Gallade|atk|2
|move|p2a: Suicune|Scald|p1a: Gallade
|-damage|p1a: Gallade|63\/277 brn
|
|-heal|p2a: Suicune|389\/404|[from] item: Leftovers
|-damage|p1a: Gallade|29\/277 brn|[from] brn
|turn|21
|
|move|p1a: Gallade|Close Combat|p2a: Suicune
|-damage|p2a: Suicune|127\/404
|-unboost|p1a: Gallade|def|1
|-unboost|p1a: Gallade|spd|1
|move|p2a: Suicune|Scald|p1a: Gallade
|-crit|p1a: Gallade
|-damage|p1a: Gallade|0 fnt
|faint|p1a: Gallade
|
|-heal|p2a: Suicune|152\/404|[from] item: Leftovers
|c|+SmashBrosBrawl|nice
|c|+SmashBrosBrawl|rest
|c|+SmashBrosBrawl|m8
|
|switch|p1a: Infernape|Infernape, M|293\/293
|-damage|p1a: Infernape|257\/293|[from] Stealth Rock
|turn|22
|c|âsome weird shit|watch this imo
|
|move|p1a: Infernape|Thunder Punch|p2a: Suicune
|-supereffective|p2a: Suicune
|-damage|p2a: Suicune|0 fnt
|-damage|p1a: Infernape|228\/293|[from] item: Life Orb
|faint|p2a: Suicune
|
|c|+SmashBrosBrawl|did he mega
|c|+SmashBrosBrawl|already
|
|switch|p2a: Gallade|Gallade, M|277\/277
|turn|23
|c|+SmashBrosBrawl|o
|
|detailschange|p2a: Gallade|Gallade-Mega, M
|message|Gallade has Mega Evolved into Mega Gallade!
|move|p1a: Infernape|Flare Blitz|p2a: Gallade
|-damage|p2a: Gallade|12\/277
|-damage|p1a: Infernape|141\/293|[from] recoil|[of] p2a: Gallade
|-damage|p1a: Infernape|112\/293|[from] item: Life Orb
|move|p2a: Gallade|Zen Headbutt|p1a: Infernape
|-supereffective|p1a: Infernape
|-damage|p1a: Infernape|0 fnt
|faint|p1a: Infernape
|
|c|+SmashBrosBrawl|crt
|c|+SmashBrosBrawl|imo
|c|+SmashBrosBrawl|LOL
|join|Nice Watch
|c|âsome weird shit|lol
|c|âsome weird shit|rip
|c|+SmashBrosBrawl|he went
|
|switch|p1a: Krookodile|Krookodile, F|38\/331
|-damage|p1a: Krookodile|18\/331|[from] Stealth Rock
|-ability|p1a: Krookodile|Intimidate|[of] p2a: Gallade
|-unboost|p2a: Gallade|atk|1
|turn|24
|c|+SmashBrosBrawl|for zen
|c|+SmashBrosBrawl|ebin
|
|move|p2a: Gallade|Close Combat|p1a: Krookodile
|-supereffective|p1a: Krookodile
|-damage|p1a: Krookodile|0 fnt
|-unboost|p2a: Gallade|def|1
|-unboost|p2a: Gallade|spd|1
|faint|p1a: Krookodile
|
|win|banton45
|raw|Ladder updating...
|raw|some weird shit's rating: 1539 &rarr; <strong>1511<\/strong><br \/>(-28 for losing)
|raw|banton45's rating: 1382 &rarr; <strong>1411<\/strong><br \/>(+29 for winning)
|leave|SmashBrosBrawl
|c|âbanton45|gg
|leave|some weird shit
|player|p1
|leave|Nice Watch