|join|some weird shit
|join|food for thot
|player|p1|some weird shit|265
|player|p2|food for thot|160
|gametype|singles
|gen|6
|tier|UU
|rated
|rule|Sleep Clause Mod: Limit one foe put to sleep
|rule|Species Clause: Limit one of each PokÃ©mon
|rule|OHKO Clause: OHKO moves are banned
|rule|Moody Clause: Moody is banned
|rule|Evasion Moves Clause: Evasion moves are banned
|rule|Endless Battle Clause: Forcing endless battles is banned
|rule|HP Percentage Mod: HP is shown in percentages
|clearpoke
|poke|p1|Mienshao, M
|poke|p1|Krookodile, F
|poke|p1|Suicune
|poke|p1|Whimsicott, F
|poke|p1|Golurk
|poke|p1|Alakazam, M
|poke|p2|Shedinja
|poke|p2|Xatu, M
|poke|p2|Tentacruel, M
|poke|p2|Krookodile, F
|poke|p2|Aromatisse, M
|poke|p2|Rotom-Heat
|rule|Swagger Clause: Swagger is banned
|rule|Baton Pass Clause: Limit one PokÃ©mon knowing Baton Pass
|teampreview
|
|start
|switch|p1a: Krookodile|Krookodile, F|331\/331
|switch|p2a: Aromatisse|Aromatisse, M|406\/406
|-ability|p1a: Krookodile|Intimidate|[of] p2a: Aromatisse
|-unboost|p2a: Aromatisse|atk|1
|turn|1
|
|switch|p1a: Golurk|Golurk|379\/379
|move|p2a: Aromatisse|Moonblast|p1a: Golurk
|-damage|p1a: Golurk|234\/379
|
|turn|2
|
|move|p1a: Golurk|Stealth Rock|p2a: Aromatisse
|-sidestart|p2: food for thot|move: Stealth Rock
|move|p2a: Aromatisse|Wish|p2a: Aromatisse
|
|turn|3
|
|switch|p1a: Suicune|Suicune|404\/404
|-ability|p1a: Suicune|Pressure
|move|p2a: Aromatisse|Moonblast|p1a: Suicune
|-damage|p1a: Suicune|308\/404
|
|-heal|p1a: Suicune|333\/404|[from] item: Leftovers
|turn|4
|
|switch|p2a: Tentacruel|Tentacruel, M|364\/364
|-damage|p2a: Tentacruel|319\/364|[from] Stealth Rock
|move|p1a: Suicune|Scald|p2a: Tentacruel
|-resisted|p2a: Tentacruel
|-damage|p2a: Tentacruel|283\/364
|
|-heal|p1a: Suicune|358\/404|[from] item: Leftovers
|-heal|p2a: Tentacruel|305\/364|[from] item: Black Sludge
|turn|5
|
|move|p1a: Suicune|Scald|p2a: Tentacruel
|-resisted|p2a: Tentacruel
|-damage|p2a: Tentacruel|268\/364
|move|p2a: Tentacruel|Rapid Spin|p1a: Suicune
|-damage|p1a: Suicune|347\/404
|-sideend|p2: food for thot|Stealth Rock|[from] move: Rapid Spin|[of] p2a: Tentacruel
|
|-heal|p1a: Suicune|372\/404|[from] item: Leftovers
|-heal|p2a: Tentacruel|290\/364|[from] item: Black Sludge
|turn|6
|
|switch|p1a: Krookodile|Krookodile, F|331\/331
|-ability|p1a: Krookodile|Intimidate|[of] p2a: Tentacruel
|-unboost|p2a: Tentacruel|atk|1
|switch|p2a: Â¯\_(ã)_\/Â¯|Shedinja|1\/1
|
|turn|7
|
|move|p1a: Krookodile|Knock Off|p2a: Â¯\_(ã)_\/Â¯
|-supereffective|p2a: Â¯\_(ã)_\/Â¯
|-enditem|p2a: Â¯\_(ã)_\/Â¯|Focus Sash
|-damage|p2a: Â¯\_(ã)_\/Â¯|1\/1
|move|p2a: Â¯\_(ã)_\/Â¯|X-Scissor|p1a: Krookodile
|-supereffective|p1a: Krookodile
|-damage|p1a: Krookodile|37\/331
|
|turn|8
|
|move|p1a: Krookodile|Pursuit|p2a: Â¯\_(ã)_\/Â¯|[from]Pursuit
|-supereffective|p2a: Â¯\_(ã)_\/Â¯
|-damage|p2a: Â¯\_(ã)_\/Â¯|0 fnt
|faint|p2a: Â¯\_(ã)_\/Â¯
|
|c|âfood for thot|damn
|c|âsome weird shit|Â¯\_(ã)_\/Â¯
|c|âfood for thot|is this AM?
|c|âsome weird shit|dod
|
|switch|p2a: Aromatisse|Aromatisse, M|406\/406
|turn|9
|c|âfood for thot|ahh
|
|move|p1a: Krookodile|Knock Off|p2a: Aromatisse
|-resisted|p2a: Aromatisse
|-damage|p2a: Aromatisse|319\/406
|-enditem|p2a: Aromatisse|Leftovers|[from] move: Knock Off|[of] p1a: Krookodile
|move|p2a: Aromatisse|Moonblast|p1a: Krookodile
|-supereffective|p1a: Krookodile
|-damage|p1a: Krookodile|0 fnt
|faint|p1a: Krookodile
|
|c|âfood for thot|i knew it was someone good
|c|âfood for thot|:\/
|c|âsome weird shit|;o
|
|switch|p1a: Suicune|Suicune|372\/404
|-ability|p1a: Suicune|Pressure
|turn|10
|c|âfood for thot|why you hate sheddy :[[[
|
|move|p1a: Suicune|Calm Mind|p1a: Suicune
|-boost|p1a: Suicune|spa|1
|-boost|p1a: Suicune|spd|1
|move|p2a: Aromatisse|Wish|p2a: Aromatisse
|
|-heal|p1a: Suicune|397\/404|[from] item: Leftovers
|turn|11
|
|switch|p2a: Tentacruel|Tentacruel, M|290\/364
|move|p1a: Suicune|Substitute|p1a: Suicune
|-start|p1a: Suicune|Substitute
|-damage|p1a: Suicune|296\/404
|
|-heal|p2a: Tentacruel|364\/364|[from] move: Wish|[wisher] Aromatisse
|-heal|p1a: Suicune|321\/404|[from] item: Leftovers
|turn|12
|c|âfood for thot|well fk
|c|âsome weird shit|xd
|c|âfood for thot|was gonna do this
|
|move|p1a: Suicune|Scald|p2a: Tentacruel
|-resisted|p2a: Tentacruel
|-damage|p2a: Tentacruel|309\/364
|move|p2a: Tentacruel|Acid Spray|p1a: Suicune
|-activate|p1a: Suicune|Substitute|[damage]
|
|-heal|p1a: Suicune|346\/404|[from] item: Leftovers
|-heal|p2a: Tentacruel|331\/364|[from] item: Black Sludge
|turn|13
|c|âfood for thot|but thats out the window
|c|âsome weird shit|when can i burn
|
|switch|p2a: Xatu|Xatu, M|271\/271
|move|p1a: Suicune|Scald|p2a: Xatu
|-damage|p2a: Xatu|51\/271
|
|-heal|p1a: Suicune|371\/404|[from] item: Leftovers
|turn|14
|c|âsome weird shit|never, apparently
|c|âfood for thot|kek
|
|move|p2a: Xatu|Grass Knot|p1a: Suicune
|-supereffective|p1a: Suicune
|-end|p1a: Suicune|Substitute
|-damage|p2a: Xatu|24\/271|[from] item: Life Orb
|move|p1a: Suicune|Substitute|p1a: Suicune
|-start|p1a: Suicune|Substitute
|-damage|p1a: Suicune|270\/404
|
|-heal|p1a: Suicune|295\/404|[from] item: Leftovers
|turn|15
|c|âfood for thot|tfw
|c|âfood for thot|i took off roost
|
|move|p2a: Xatu|Psyshock|p1a: Suicune
|-end|p1a: Suicune|Substitute
|-damage|p2a: Xatu|0 fnt|[from] item: Life Orb
|faint|p2a: Xatu
|move|p1a: Suicune|Substitute|p1a: Suicune
|-start|p1a: Suicune|Substitute
|-damage|p1a: Suicune|194\/404
|
|-heal|p1a: Suicune|219\/404|[from] item: Leftovers
|
|switch|p2a: Rotom-Heat|Rotom-Heat|241\/241
|turn|16
|
|move|p2a: Rotom-Heat|Volt Switch|p1a: Suicune
|-supereffective|p1a: Suicune
|-end|p1a: Suicune|Substitute
|
|switch|p2a: Krookodile|Krookodile, F|332\/332
|-ability|p2a: Krookodile|Intimidate|[of] p1a: Suicune
|-unboost|p1a: Suicune|atk|1
|move|p1a: Suicune|Scald|p2a: Krookodile
|-supereffective|p2a: Krookodile
|-damage|p2a: Krookodile|0 fnt
|faint|p2a: Krookodile
|
|-heal|p1a: Suicune|244\/404|[from] item: Leftovers
|
|switch|p2a: Rotom-Heat|Rotom-Heat|241\/241
|turn|17
|
|switch|p1a: Whimsicott|Whimsicott, F|261\/261
|move|p2a: Rotom-Heat|Volt Switch|p1a: Whimsicott
|-resisted|p1a: Whimsicott
|-damage|p1a: Whimsicott|194\/261
|
|switch|p2a: Tentacruel|Tentacruel, M|331\/364
|
|-heal|p1a: Whimsicott|210\/261|[from] item: Leftovers
|-heal|p2a: Tentacruel|353\/364|[from] item: Black Sludge
|turn|18
|
|move|p1a: Whimsicott|Giga Drain|p2a: Tentacruel
|-damage|p2a: Tentacruel|287\/364
|-damage|p1a: Whimsicott|177\/261|[from] ability: Liquid Ooze|[of] p2a: Tentacruel
|move|p2a: Tentacruel|Toxic Spikes|p1a: Whimsicott
|-sidestart|p1: some weird shit|move: Toxic Spikes
|
|-heal|p1a: Whimsicott|193\/261|[from] item: Leftovers
|-heal|p2a: Tentacruel|309\/364|[from] item: Black Sludge
|turn|19
|c|âsome weird shit|oh
|c|âsome weird shit|rip
|c|âfood for thot|kek
|
|move|p1a: Whimsicott|U-turn|p2a: Tentacruel
|-resisted|p2a: Tentacruel
|-damage|p2a: Tentacruel|287\/364
|
|switch|p1a: Suicune|Suicune|244\/404
|-status|p1a: Suicune|psn
|-ability|p1a: Suicune|Pressure
|move|p2a: Tentacruel|Toxic Spikes|p1a: Suicune
|-sidestart|p1: some weird shit|move: Toxic Spikes
|
|-heal|p1a: Suicune|269\/404 psn|[from] item: Leftovers
|-heal|p2a: Tentacruel|309\/364|[from] item: Black Sludge
|-damage|p1a: Suicune|219\/404 psn|[from] psn
|turn|20
|c|âsome weird shit|i want
|c|âsome weird shit|to burn
|c|âsome weird shit|u
|
|move|p1a: Suicune|Scald|p2a: Tentacruel
|-resisted|p2a: Tentacruel
|-damage|p2a: Tentacruel|275\/364
|move|p2a: Tentacruel|Acid Spray|p1a: Suicune
|-damage|p1a: Suicune|186\/404 psn
|-unboost|p1a: Suicune|spd|2
|
|-heal|p1a: Suicune|211\/404 psn|[from] item: Leftovers
|-heal|p2a: Tentacruel|297\/364|[from] item: Black Sludge
|-damage|p1a: Suicune|161\/404 psn|[from] psn
|turn|21
|c|âfood for thot|nb
|
|switch|p2a: Aromatisse|Aromatisse, M|319\/406
|move|p1a: Suicune|Scald|p2a: Aromatisse
|-damage|p2a: Aromatisse|196\/406
|
|-heal|p1a: Suicune|186\/404 psn|[from] item: Leftovers
|-damage|p1a: Suicune|136\/404 psn|[from] psn
|turn|22
|
|move|p1a: Suicune|Scald|p2a: Aromatisse
|-damage|p2a: Aromatisse|79\/406
|-status|p2a: Aromatisse|brn
|move|p2a: Aromatisse|Wish|p2a: Aromatisse
|
|-heal|p1a: Suicune|161\/404 psn|[from] item: Leftovers
|-damage|p1a: Suicune|111\/404 psn|[from] psn
|-damage|p2a: Aromatisse|29\/406 brn|[from] brn
|turn|23
|c|âfood for thot|burns not allowed in this house
|leave|food for thot
|player|p2
|c|âsome weird shit|o
|join|food for thot
|player|p2|food for thot|160
|c|âfood for thot|my b
|c|âfood for thot|net died
|c|âsome weird shit|np
|
|move|p1a: Suicune|Scald|p2a: Aromatisse
|-crit|p2a: Aromatisse
|-damage|p2a: Aromatisse|0 fnt
|faint|p2a: Aromatisse
|
|-heal|p1a: Suicune|136\/404 psn|[from] item: Leftovers
|-damage|p1a: Suicune|86\/404 psn|[from] psn
|c|âfood for thot|wow im dumb
|c|âsome weird shit|i feel
|c|âfood for thot|lol
|
|switch|p2a: Tentacruel|Tentacruel, M|297\/364
|turn|24
|c|âsome weird shit|eh idk
|c|âsome weird shit|buuuuuuuuuuuuuuuuuurn
|
|move|p1a: Suicune|Scald|p2a: Tentacruel
|-resisted|p2a: Tentacruel
|-damage|p2a: Tentacruel|264\/364
|move|p2a: Tentacruel|Scald|p1a: Suicune
|-resisted|p1a: Suicune
|-damage|p1a: Suicune|23\/404 psn
|
|-heal|p1a: Suicune|48\/404 psn|[from] item: Leftovers
|-heal|p2a: Tentacruel|286\/364|[from] item: Black Sludge
|-damage|p1a: Suicune|0 fnt|[from] psn
|faint|p1a: Suicune
|
|switch|p1a: Alakazam|Alakazam, M|252\/252
|-status|p1a: Alakazam|tox
|turn|25
|c|âfood for thot|gj tenta
|c|âfood for thot|you can do it :]
|
|switch|p2a: Rotom-Heat|Rotom-Heat|241\/241
|detailschange|p1a: Alakazam|Alakazam-Mega, M
|message|Alakazam has Mega Evolved into Mega Alakazam!
|-ability|p1a: Alakazam|Levitate|[from] ability: Trace|[of] p2a: Rotom-Heat
|move|p1a: Alakazam|Psyshock|p2a: Rotom-Heat
|-damage|p2a: Rotom-Heat|43\/241
|
|-damage|p1a: Alakazam|237\/252 tox|[from] psn
|turn|26
|c|âsome weird shit|there's the counter
|
|switch|p1a: Whimsicott|Whimsicott, F|193\/261
|-status|p1a: Whimsicott|tox
|move|p2a: Rotom-Heat|Volt Switch|p1a: Whimsicott
|-resisted|p1a: Whimsicott
|-damage|p1a: Whimsicott|131\/261 tox
|c|âfood for thot|oh youre fakeout mien too
|
|switch|p2a: Tentacruel|Tentacruel, M|286\/364
|
|-heal|p1a: Whimsicott|147\/261 tox|[from] item: Leftovers
|-heal|p2a: Tentacruel|308\/364|[from] item: Black Sludge
|-damage|p1a: Whimsicott|131\/261 tox|[from] psn
|turn|27
|c|âfood for thot|i was gonna go for 3 crits
|c|âfood for thot|with overheat lel
|
|move|p1a: Whimsicott|Giga Drain|p2a: Tentacruel
|-damage|p2a: Tentacruel|241\/364
|-damage|p1a: Whimsicott|97\/261 tox|[from] ability: Liquid Ooze|[of] p2a: Tentacruel
|move|p2a: Tentacruel|Acid Spray|p1a: Whimsicott
|-supereffective|p1a: Whimsicott
|-damage|p1a: Whimsicott|0 fnt
|faint|p1a: Whimsicott
|
|-heal|p2a: Tentacruel|263\/364|[from] item: Black Sludge
|
|switch|p1a: Alakazam|Alakazam-Mega, M|237\/252 tox
|-ability|p1a: Alakazam|Liquid Ooze|[from] ability: Trace|[of] p2a: Tentacruel
|turn|28
|
|move|p1a: Alakazam|Psyshock|p2a: Tentacruel
|-supereffective|p2a: Tentacruel
|-damage|p2a: Tentacruel|0 fnt
|faint|p2a: Tentacruel
|
|-damage|p1a: Alakazam|222\/252 tox|[from] psn
|
|switch|p2a: Rotom-Heat|Rotom-Heat|43\/241
|turn|29
|
|move|p2a: Rotom-Heat|Overheat|p1a: Alakazam
|-damage|p1a: Alakazam|15\/252 tox
|-unboost|p2a: Rotom-Heat|spa|2
|move|p1a: Alakazam|Psyshock|p2a: Rotom-Heat
|-damage|p2a: Rotom-Heat|0 fnt
|faint|p2a: Rotom-Heat
|
|win|some weird shit
|raw|Ladder updating...
|raw|some weird shit's rating: 1686 &rarr; <strong>1699<\/strong><br \/>(+13 for winning)
|raw|food for thot's rating: 1557 &rarr; <strong>1544<\/strong><br \/>(-13 for losing)
|c|âsome weird shit|gg
|c|âfood for thot|tfw 0\/3 crits
|c|âfood for thot|gg