|join|fabian11estrada
|join|some weird shit
|player|p1|fabian11estrada|30
|player|p2|some weird shit|171
|gametype|singles
|gen|6
|tier|UU
|rated
|rule|Sleep Clause Mod: Limit one foe put to sleep
|rule|Species Clause: Limit one of each PokÃ©mon
|rule|OHKO Clause: OHKO moves are banned
|rule|Moody Clause: Moody is banned
|rule|Evasion Moves Clause: Evasion moves are banned
|rule|Endless Battle Clause: Forcing endless battles is banned
|rule|HP Percentage Mod: HP is shown in percentages
|clearpoke
|poke|p1|Sharpedo, M
|poke|p1|Aerodactyl, F
|poke|p1|Donphan, M
|poke|p1|Infernape, F
|poke|p1|Jirachi
|poke|p1|Porygon2
|poke|p2|Feraligatr, F
|poke|p2|Jirachi, shiny
|poke|p2|Blastoise, M
|poke|p2|Krookodile, M
|poke|p2|Goodra, F
|poke|p2|Mienshao, M
|rule|Swagger Clause: Swagger is banned
|rule|Baton Pass Clause: Limit one PokÃ©mon knowing Baton Pass
|teampreview
|
|start
|switch|p1a: Donphan|Donphan, M|384\/384
|switch|p2a: Blastoise|Blastoise, M|324\/324
|turn|1
|
|switch|p1a: Jirachi|Jirachi|404\/404
|detailschange|p2a: Blastoise|Blastoise-Mega, M
|message|Blastoise has Mega Evolved into Mega Blastoise!
|move|p2a: Blastoise|Hydro Pump|p1a: Jirachi
|-damage|p1a: Jirachi|242\/404
|
|-heal|p1a: Jirachi|267\/404|[from] item: Leftovers
|turn|2
|
|move|p1a: Jirachi|Thunder Wave|p2a: Blastoise
|-status|p2a: Blastoise|par
|move|p2a: Blastoise|Dark Pulse|p1a: Jirachi
|-supereffective|p1a: Jirachi
|-damage|p1a: Jirachi|21\/404
|
|-heal|p1a: Jirachi|46\/404|[from] item: Leftovers
|turn|3
|
|move|p1a: Jirachi|Stealth Rock|p2a: Blastoise
|-sidestart|p2: some weird shit|move: Stealth Rock
|move|p2a: Blastoise|Dark Pulse|p1a: Jirachi
|-supereffective|p1a: Jirachi
|-damage|p1a: Jirachi|0 fnt
|faint|p1a: Jirachi
|
|
|switch|p1a: Porygon2|Porygon2|374\/374
|-ability|p1a: Porygon2|Mega Launcher|[from] ability: Trace|[of] p2a: Blastoise
|turn|4
|
|move|p1a: Porygon2|Discharge|p2a: Blastoise
|-supereffective|p2a: Blastoise
|-damage|p2a: Blastoise|160\/324 par
|move|p2a: Blastoise|Rapid Spin|p1a: Porygon2
|-damage|p1a: Porygon2|363\/374
|-sideend|p2: some weird shit|Stealth Rock|[from] move: Rapid Spin|[of] p2a: Blastoise
|
|turn|5
|
|move|p1a: Porygon2|Discharge|p2a: Blastoise
|-crit|p2a: Blastoise
|-supereffective|p2a: Blastoise
|-damage|p2a: Blastoise|0 fnt
|faint|p2a: Blastoise
|
|
|switch|p2a: Krookodile|Krookodile, M|394\/394
|-ability|p2a: Krookodile|Intimidate|[of] p1a: Porygon2
|-unboost|p1a: Porygon2|atk|1
|turn|6
|
|switch|p1a: Donphan|Donphan, M|384\/384
|move|p2a: Krookodile|Knock Off|p1a: Donphan
|-damage|p1a: Donphan|266\/384
|-enditem|p1a: Donphan|Leftovers|[from] move: Knock Off|[of] p2a: Krookodile
|
|turn|7
|
|move|p2a: Krookodile|Earthquake|p1a: Donphan
|-damage|p1a: Donphan|145\/384
|move|p1a: Donphan|Knock Off|p2a: Krookodile
|-resisted|p2a: Krookodile
|-damage|p2a: Krookodile|326\/394
|-enditem|p2a: Krookodile|Leftovers|[from] move: Knock Off|[of] p1a: Donphan
|
|turn|8
|
|switch|p1a: Porygon2|Porygon2|363\/374
|-ability|p1a: Porygon2|Intimidate|[from] ability: Trace|[of] p2a: Krookodile
|-ability|p1a: Porygon2|Intimidate|[of] p2a: Krookodile
|-unboost|p2a: Krookodile|atk|1
|move|p2a: Krookodile|Earthquake|p1a: Porygon2
|-crit|p1a: Porygon2
|-damage|p1a: Porygon2|195\/374
|
|turn|9
|
|switch|p1a: Donphan|Donphan, M|145\/384
|move|p2a: Krookodile|Knock Off|p1a: Donphan
|-damage|p1a: Donphan|85\/384
|
|turn|10
|
|move|p2a: Krookodile|Stealth Rock|p1a: Donphan
|-sidestart|p1: fabian11estrada|move: Stealth Rock
|move|p1a: Donphan|Earthquake|p2a: Krookodile
|-damage|p2a: Krookodile|100\/394
|
|turn|11
|
|move|p2a: Krookodile|Earthquake|p1a: Donphan
|-damage|p1a: Donphan|3\/384
|move|p1a: Donphan|Rapid Spin|p2a: Krookodile
|-damage|p2a: Krookodile|69\/394
|-sideend|p1: fabian11estrada|Stealth Rock|[from] move: Rapid Spin|[of] p1a: Donphan
|
|turn|12
|
|move|p1a: Donphan|Ice Shard|p2a: Krookodile
|-supereffective|p2a: Krookodile
|-damage|p2a: Krookodile|0 fnt
|faint|p2a: Krookodile
|
|
|switch|p2a: Feraligatr|Feraligatr, F|344\/344
|turn|13
|
|move|p2a: Feraligatr|Swords Dance|p2a: Feraligatr
|-boost|p2a: Feraligatr|atk|2
|move|p1a: Donphan|Knock Off|p2a: Feraligatr
|-damage|p2a: Feraligatr|234\/344
|-enditem|p2a: Feraligatr|Splash Plate|[from] move: Knock Off|[of] p1a: Donphan
|
|turn|14
|
|move|p2a: Feraligatr|Swords Dance|p2a: Feraligatr
|-boost|p2a: Feraligatr|atk|2
|move|p1a: Donphan|Earthquake|p2a: Feraligatr
|-damage|p2a: Feraligatr|48\/344
|
|turn|15
|
|move|p2a: Feraligatr|Aqua Jet|p1a: Donphan
|-supereffective|p1a: Donphan
|-damage|p1a: Donphan|0 fnt
|faint|p1a: Donphan
|
|
|switch|p1a: Sharpedo|Sharpedo, M|281\/281
|turn|16
|
|move|p2a: Feraligatr|Aqua Jet|p1a: Sharpedo
|-resisted|p1a: Sharpedo
|-damage|p1a: Sharpedo|0 fnt
|faint|p1a: Sharpedo
|
|
|switch|p1a: Porygon2|Porygon2|195\/374
|-ability|p1a: Porygon2|Torrent|[from] ability: Trace|[of] p2a: Feraligatr
|turn|17
|
|move|p2a: Feraligatr|Waterfall|p1a: Porygon2
|-damage|p1a: Porygon2|0 fnt
|faint|p1a: Porygon2
|
|
|switch|p1a: Infernape|Infernape, F|293\/293
|turn|18
|
|move|p2a: Feraligatr|Aqua Jet|p1a: Infernape
|-supereffective|p1a: Infernape
|-damage|p1a: Infernape|0 fnt
|faint|p1a: Infernape
|
|
|switch|p1a: Aerodactyl|Aerodactyl, F|302\/302
|turn|19
|
|detailschange|p1a: Aerodactyl|Aerodactyl-Mega, F
|message|Aerodactyl has Mega Evolved into Mega Aerodactyl!
|move|p2a: Feraligatr|Aqua Jet|p1a: Aerodactyl
|-crit|p1a: Aerodactyl
|-supereffective|p1a: Aerodactyl
|-damage|p1a: Aerodactyl|0 fnt
|faint|p1a: Aerodactyl
|
|win|some weird shit
|raw|Ladder updating...
|raw|fabian11estrada's rating: 1628 &rarr; <strong>1606<\/strong><br \/>(-22 for losing)
|raw|some weird shit's rating: 1597 &rarr; <strong>1618<\/strong><br \/>(+21 for winning)
|join|sniperaim
|leave|fabian11estrada
|player|p1