|join|some weird shit
|join|awesomeexpress
|player|p1|some weird shit|171
|player|p2|awesomeexpress|272
|gametype|singles
|gen|6
|tier|UU
|rated
|rule|Sleep Clause Mod: Limit one foe put to sleep
|rule|Species Clause: Limit one of each PokÃ©mon
|rule|OHKO Clause: OHKO moves are banned
|rule|Moody Clause: Moody is banned
|rule|Evasion Moves Clause: Evasion moves are banned
|rule|Endless Battle Clause: Forcing endless battles is banned
|rule|HP Percentage Mod: HP is shown in percentages
|clearpoke
|poke|p1|Feraligatr, F
|poke|p1|Jirachi, shiny
|poke|p1|Blastoise, M
|poke|p1|Krookodile, F
|poke|p1|Goodra, F
|poke|p1|Mienshao, F
|poke|p2|Hippowdon, F
|poke|p2|Stoutland, M
|poke|p2|Jirachi
|poke|p2|Suicune
|poke|p2|Banette, M
|poke|p2|Amoonguss, F
|rule|Swagger Clause: Swagger is banned
|rule|Baton Pass Clause: Limit one PokÃ©mon knowing Baton Pass
|teampreview
|
|start
|switch|p1a: Krookodile|Krookodile, F|394\/394
|switch|p2a: Banette|Banette, M|270\/270
|-ability|p1a: Krookodile|Intimidate|[of] p2a: Banette
|-unboost|p2a: Banette|atk|1
|turn|1
|
|switch|p2a: Suicune|Suicune|403\/403
|-ability|p2a: Suicune|Pressure
|move|p1a: Krookodile|Knock Off|p2a: Suicune
|-damage|p2a: Suicune|318\/403
|-enditem|p2a: Suicune|Leftovers|[from] move: Knock Off|[of] p1a: Krookodile
|
|turn|2
|
|move|p1a: Krookodile|Stealth Rock|p2a: Suicune
|-sidestart|p2: awesomeexpress|move: Stealth Rock
|move|p2a: Suicune|Scald|p1a: Krookodile
|-supereffective|p1a: Krookodile
|-damage|p1a: Krookodile|166\/394
|-status|p1a: Krookodile|brn
|
|-heal|p1a: Krookodile|190\/394 brn|[from] item: Leftovers
|-damage|p1a: Krookodile|141\/394 brn|[from] brn
|turn|3
|
|move|p1a: Krookodile|Taunt|p2a: Suicune
|-start|p2a: Suicune|move: Taunt
|cant|p2a: Suicune|move: Taunt|Calm Mind
|
|-heal|p1a: Krookodile|165\/394 brn|[from] item: Leftovers
|-damage|p1a: Krookodile|116\/394 brn|[from] brn
|turn|4
|
|move|p1a: Krookodile|Earthquake|p2a: Suicune
|-damage|p2a: Suicune|267\/403
|move|p2a: Suicune|Scald|p1a: Krookodile
|-crit|p1a: Krookodile
|-supereffective|p1a: Krookodile
|-damage|p1a: Krookodile|0 fnt
|faint|p1a: Krookodile
|
|
|switch|p1a: Blastoise|Blastoise, M|324\/324
|turn|5
|
|switch|p2a: Amoonguss|Amoonguss, F|429\/429
|-damage|p2a: Amoonguss|376\/429|[from] Stealth Rock
|detailschange|p1a: Blastoise|Blastoise-Mega, M
|message|Blastoise has Mega Evolved into Mega Blastoise!
|move|p1a: Blastoise|Dragon Pulse|p2a: Amoonguss
|-damage|p2a: Amoonguss|227\/429
|
|-heal|p2a: Amoonguss|253\/429|[from] item: Black Sludge
|turn|6
|
|switch|p1a: Goodra|Goodra, F|352\/352
|move|p2a: Amoonguss|Spore|p1a: Goodra
|-boost|p1a: Goodra|atk|1|[from] ability: Sap Sipper
|
|-heal|p2a: Amoonguss|279\/429|[from] item: Black Sludge
|turn|7
|
|switch|p2a: Hippowdon|Hippowdon, F|419\/419
|-damage|p2a: Hippowdon|393\/419|[from] Stealth Rock
|-weather|Sandstorm
|move|p1a: Goodra|Earthquake|p2a: Hippowdon
|-damage|p2a: Hippowdon|179\/419
|
|-weather|Sandstorm|[upkeep]
|-damage|p1a: Goodra|330\/352|[from] Sandstorm
|turn|8
|
|move|p1a: Goodra|Earthquake|p2a: Hippowdon
|-damage|p2a: Hippowdon|0 fnt
|faint|p2a: Hippowdon
|
|-weather|Sandstorm|[upkeep]
|-damage|p1a: Goodra|308\/352|[from] Sandstorm
|
|switch|p2a: Stoutland|Stoutland, M|311\/311
|-damage|p2a: Stoutland|273\/311|[from] Stealth Rock
|turn|9
|
|switch|p1a: Blastoise|Blastoise-Mega, M|324\/324
|move|p2a: Stoutland|Frustration|p1a: Blastoise
|-damage|p1a: Blastoise|136\/324
|-damage|p2a: Stoutland|242\/311|[from] item: Life Orb
|
|-weather|Sandstorm|[upkeep]
|-damage|p1a: Blastoise|116\/324|[from] Sandstorm
|turn|10
|
|switch|p1a: Jirachi|Jirachi, shiny|341\/341
|move|p2a: Stoutland|Frustration|p1a: Jirachi
|-resisted|p1a: Jirachi
|-damage|p1a: Jirachi|216\/341
|-damage|p2a: Stoutland|211\/311|[from] item: Life Orb
|
|-weather|Sandstorm|[upkeep]
|-heal|p1a: Jirachi|237\/341|[from] item: Leftovers
|turn|11
|
|switch|p1a: Blastoise|Blastoise-Mega, M|116\/324
|move|p2a: Stoutland|Fire Fang|p1a: Blastoise
|-resisted|p1a: Blastoise
|-damage|p1a: Blastoise|76\/324
|-damage|p2a: Stoutland|180\/311|[from] item: Life Orb
|
|-weather|Sandstorm|[upkeep]
|-damage|p1a: Blastoise|56\/324|[from] Sandstorm
|turn|12
|
|move|p2a: Stoutland|Frustration|p1a: Blastoise
|-damage|p1a: Blastoise|0 fnt
|-damage|p2a: Stoutland|149\/311|[from] item: Life Orb
|faint|p1a: Blastoise
|
|-weather|Sandstorm|[upkeep]
|
|switch|p1a: Feraligatr|Feraligatr, F|344\/344
|turn|13
|
|move|p2a: Stoutland|Wild Charge|p1a: Feraligatr
|-supereffective|p1a: Feraligatr
|-damage|p1a: Feraligatr|84\/344
|-damage|p2a: Stoutland|84\/311|[from] recoil|[of] p1a: Feraligatr
|-damage|p2a: Stoutland|53\/311|[from] item: Life Orb
|move|p1a: Feraligatr|Swords Dance|p1a: Feraligatr
|-boost|p1a: Feraligatr|atk|2
|
|-weather|Sandstorm|[upkeep]
|-damage|p1a: Feraligatr|63\/344|[from] Sandstorm
|turn|14
|
|move|p1a: Feraligatr|Aqua Jet|p2a: Stoutland
|-damage|p2a: Stoutland|0 fnt
|faint|p2a: Stoutland
|
|-weather|none
|
|switch|p2a: Jirachi|Jirachi|403\/403
|-damage|p2a: Jirachi|378\/403|[from] Stealth Rock
|turn|15
|
|move|p1a: Feraligatr|Aqua Jet|p2a: Jirachi
|-damage|p2a: Jirachi|126\/403
|move|p2a: Jirachi|Body Slam|p1a: Feraligatr
|-damage|p1a: Feraligatr|1\/344
|
|-heal|p2a: Jirachi|151\/403|[from] item: Leftovers
|turn|16
|
|move|p1a: Feraligatr|Aqua Jet|p2a: Jirachi
|-damage|p2a: Jirachi|0 fnt
|faint|p2a: Jirachi
|
|
|switch|p2a: Banette|Banette, M|270\/270
|-damage|p2a: Banette|237\/270|[from] Stealth Rock
|turn|17
|
|detailschange|p2a: Banette|Banette-Mega, M
|message|Banette has Mega Evolved into Mega Banette!
|move|p1a: Feraligatr|Aqua Jet|p2a: Banette
|-damage|p2a: Banette|0 fnt
|faint|p2a: Banette
|
|join|Merlee
|
|switch|p2a: Amoonguss|Amoonguss, F|422\/429
|-damage|p2a: Amoonguss|369\/429|[from] Stealth Rock
|turn|18
|
|move|p1a: Feraligatr|Frustration|p2a: Amoonguss
|-damage|p2a: Amoonguss|84\/429
|move|p2a: Amoonguss|Giga Drain|p1a: Feraligatr
|-supereffective|p1a: Feraligatr
|-damage|p1a: Feraligatr|0 fnt
|-heal|p2a: Amoonguss|85\/429|[from] drain|[of] p1a: Feraligatr
|faint|p1a: Feraligatr
|
|-heal|p2a: Amoonguss|111\/429|[from] item: Black Sludge
|
|switch|p1a: Jirachi|Jirachi, shiny|237\/341
|turn|19
|
|switch|p2a: Suicune|Suicune|267\/403
|-damage|p2a: Suicune|217\/403|[from] Stealth Rock
|-ability|p2a: Suicune|Pressure
|move|p1a: Jirachi|Substitute|p1a: Jirachi
|-start|p1a: Jirachi|Substitute
|-damage|p1a: Jirachi|152\/341
|
|-heal|p1a: Jirachi|173\/341|[from] item: Leftovers
|turn|20
|
|move|p1a: Jirachi|Calm Mind|p1a: Jirachi
|-boost|p1a: Jirachi|spa|1
|-boost|p1a: Jirachi|spd|1
|move|p2a: Suicune|Scald|p1a: Jirachi
|-activate|p1a: Jirachi|Substitute|[damage]
|
|-heal|p1a: Jirachi|194\/341|[from] item: Leftovers
|turn|21
|
|move|p1a: Jirachi|Calm Mind|p1a: Jirachi
|-boost|p1a: Jirachi|spa|1
|-boost|p1a: Jirachi|spd|1
|move|p2a: Suicune|Calm Mind|p2a: Suicune
|-boost|p2a: Suicune|spa|1
|-boost|p2a: Suicune|spd|1
|
|-heal|p1a: Jirachi|215\/341|[from] item: Leftovers
|turn|22
|
|move|p1a: Jirachi|Calm Mind|p1a: Jirachi
|-boost|p1a: Jirachi|spa|1
|-boost|p1a: Jirachi|spd|1
|move|p2a: Suicune|Calm Mind|p2a: Suicune
|-boost|p2a: Suicune|spa|1
|-boost|p2a: Suicune|spd|1
|
|-heal|p1a: Jirachi|236\/341|[from] item: Leftovers
|turn|23
|
|move|p1a: Jirachi|Psyshock|p2a: Suicune
|-damage|p2a: Suicune|31\/403
|move|p2a: Suicune|Calm Mind|p2a: Suicune
|-boost|p2a: Suicune|spa|1
|-boost|p2a: Suicune|spd|1
|
|-heal|p1a: Jirachi|257\/341|[from] item: Leftovers
|turn|24
|
|move|p1a: Jirachi|Psyshock|p2a: Suicune
|-damage|p2a: Suicune|0 fnt
|faint|p2a: Suicune
|
|-heal|p1a: Jirachi|278\/341|[from] item: Leftovers
|c|âsome weird shit|gg
|-message|awesomeexpress forfeited.
|leave|awesomeexpress
|
|win|some weird shit
|raw|Ladder updating...
|raw|some weird shit's rating: 1625 &rarr; <strong>1634<\/strong><br \/>(+9 for winning)
|raw|awesomeexpress's rating: 1406 &rarr; <strong>1397<\/strong><br \/>(-9 for losing)
|player|p2