|join|some weird shit
|join|nolmm
|player|p1|some weird shit|171
|player|p2|nolmm|161
|gametype|singles
|gen|6
|tier|UU
|rated
|rule|Sleep Clause Mod: Limit one foe put to sleep
|rule|Species Clause: Limit one of each PokÃ©mon
|rule|OHKO Clause: OHKO moves are banned
|rule|Moody Clause: Moody is banned
|rule|Evasion Moves Clause: Evasion moves are banned
|rule|Endless Battle Clause: Forcing endless battles is banned
|rule|HP Percentage Mod: HP is shown in percentages
|clearpoke
|poke|p1|Feraligatr, M
|poke|p1|Jirachi, shiny
|poke|p1|Blastoise, M
|poke|p1|Krookodile, F
|poke|p1|Goodra, F
|poke|p1|Mienshao, M
|poke|p2|Jolteon, F
|poke|p2|Aerodactyl, M
|poke|p2|Celebi
|poke|p2|Donphan, F
|poke|p2|Empoleon, M
|poke|p2|Mienshao, F
|rule|Swagger Clause: Swagger is banned
|rule|Baton Pass Clause: Limit one PokÃ©mon knowing Baton Pass
|teampreview
|
|start
|switch|p1a: Krookodile|Krookodile, F|394\/394
|switch|p2a: Donphan|Donphan, F|362\/362
|-ability|p1a: Krookodile|Intimidate|[of] p2a: Donphan
|-unboost|p2a: Donphan|atk|1
|turn|1
|
|move|p1a: Krookodile|Knock Off|p2a: Donphan
|-damage|p2a: Donphan|245\/362
|-enditem|p2a: Donphan|Assault Vest|[from] move: Knock Off|[of] p1a: Krookodile
|move|p2a: Donphan|Earthquake|p1a: Krookodile
|-damage|p1a: Krookodile|240\/394
|
|-heal|p1a: Krookodile|264\/394|[from] item: Leftovers
|turn|2
|
|move|p1a: Krookodile|Earthquake|p2a: Donphan
|-damage|p2a: Donphan|125\/362
|move|p2a: Donphan|Earthquake|p1a: Krookodile
|-damage|p1a: Krookodile|111\/394
|
|-heal|p1a: Krookodile|135\/394|[from] item: Leftovers
|turn|3
|
|move|p1a: Krookodile|Stealth Rock|p2a: Donphan
|-sidestart|p2: nolmm|move: Stealth Rock
|move|p2a: Donphan|Earthquake|p1a: Krookodile
|-damage|p1a: Krookodile|0 fnt
|faint|p1a: Krookodile
|
|
|switch|p1a: Blastoise|Blastoise, M|324\/324
|turn|4
|
|detailschange|p1a: Blastoise|Blastoise-Mega, M
|message|Blastoise has Mega Evolved into Mega Blastoise!
|move|p1a: Blastoise|Dragon Pulse|p2a: Donphan
|-damage|p2a: Donphan|0 fnt
|faint|p2a: Donphan
|
|
|switch|p2a: Celebi|Celebi|404\/404
|-damage|p2a: Celebi|354\/404|[from] Stealth Rock
|turn|5
|
|switch|p1a: Goodra|Goodra, F|352\/352
|move|p2a: Celebi|Stealth Rock|p1a: Goodra
|-sidestart|p1: some weird shit|move: Stealth Rock
|
|-heal|p2a: Celebi|379\/404|[from] item: Leftovers
|turn|6
|
|move|p2a: Celebi|U-turn|p1a: Goodra
|-damage|p1a: Goodra|276\/352
|
|switch|p2a: Aerodactyl|Aerodactyl, M|302\/302
|-damage|p2a: Aerodactyl|227\/302|[from] Stealth Rock
|move|p1a: Goodra|Dragon Tail|p2a: Aerodactyl
|-crit|p2a: Aerodactyl
|-damage|p2a: Aerodactyl|0 fnt
|faint|p2a: Aerodactyl
|
|
|switch|p2a: Mienshao|Mienshao, F|271\/271
|-damage|p2a: Mienshao|255\/271|[from] Stealth Rock
|turn|7
|
|switch|p1a: Blastoise|Blastoise-Mega, M|324\/324
|-damage|p1a: Blastoise|284\/324|[from] Stealth Rock
|move|p2a: Mienshao|High Jump Kick|p1a: Blastoise
|-damage|p1a: Blastoise|45\/324
|-damage|p2a: Mienshao|228\/271|[from] item: Life Orb
|
|turn|8
|
|move|p2a: Mienshao|High Jump Kick|p1a: Blastoise
|-damage|p1a: Blastoise|0 fnt
|-damage|p2a: Mienshao|201\/271|[from] item: Life Orb
|faint|p1a: Blastoise
|
|
|switch|p1a: Mienshao|Mienshao, M|271\/271
|-damage|p1a: Mienshao|255\/271|[from] Stealth Rock
|turn|9
|
|switch|p2a: Celebi|Celebi|379\/404
|-damage|p2a: Celebi|329\/404|[from] Stealth Rock
|move|p1a: Mienshao|High Jump Kick|p2a: Celebi
|-crit|p2a: Celebi
|-resisted|p2a: Celebi
|-damage|p2a: Celebi|127\/404
|
|-heal|p2a: Celebi|152\/404|[from] item: Leftovers
|turn|10
|
|switch|p1a: Goodra|Goodra, F|276\/352
|-damage|p1a: Goodra|232\/352|[from] Stealth Rock
|move|p2a: Celebi|Recover|p2a: Celebi
|-heal|p2a: Celebi|354\/404
|
|-heal|p2a: Celebi|379\/404|[from] item: Leftovers
|turn|11
|
|move|p1a: Goodra|Outrage|p2a: Celebi
|-damage|p2a: Celebi|82\/404
|move|p2a: Celebi|Recover|p2a: Celebi
|-heal|p2a: Celebi|284\/404
|
|-heal|p2a: Celebi|309\/404|[from] item: Leftovers
|turn|12
|
|switch|p2a: Empoleon|Empoleon, M|372\/372
|-damage|p2a: Empoleon|349\/372|[from] Stealth Rock
|move|p1a: Goodra|Outrage|p2a: Empoleon
|-resisted|p2a: Empoleon
|-damage|p2a: Empoleon|179\/372
|
|-end|p1a: Goodra|rampage
|-start|p1a: Goodra|confusion
|turn|13
|join|EyanZ
|
|-activate|p1a: Goodra|confusion
|move|p1a: Goodra|Outrage|p2a: Empoleon
|-resisted|p2a: Empoleon
|-damage|p2a: Empoleon|5\/372
|move|p2a: Empoleon|Hydro Pump|p1a: Goodra
|-resisted|p1a: Goodra
|-damage|p1a: Goodra|81\/352
|
|turn|14
|join|JelloPiranha
|
|-activate|p1a: Goodra|confusion
|-damage|p1a: Goodra|0 fnt|[from] confusion
|faint|p1a: Goodra
|move|p2a: Empoleon|Hydro Pump|p1: Goodra|[notarget]
|-notarget
|
|join|Tyler0
|leave|EyanZ
|leave|Tyler0
|
|switch|p1a: Feraligatr|Feraligatr, M|344\/344
|-damage|p1a: Feraligatr|301\/344|[from] Stealth Rock
|turn|15
|leave|JelloPiranha
|
|move|p1a: Feraligatr|Swords Dance|p1a: Feraligatr
|-boost|p1a: Feraligatr|atk|2
|move|p2a: Empoleon|Hydro Pump|p1a: Feraligatr
|-resisted|p1a: Feraligatr
|-damage|p1a: Feraligatr|36\/344
|
|turn|16
|
|move|p1a: Feraligatr|Waterfall|p2a: Empoleon
|-resisted|p2a: Empoleon
|-damage|p2a: Empoleon|0 fnt
|faint|p2a: Empoleon
|
|
|switch|p2a: Celebi|Celebi|309\/404
|-damage|p2a: Celebi|259\/404|[from] Stealth Rock
|turn|17
|
|move|p1a: Feraligatr|Frustration|p2a: Celebi
|-damage|p2a: Celebi|15\/404
|move|p2a: Celebi|Giga Drain|p1a: Feraligatr
|-supereffective|p1a: Feraligatr
|-damage|p1a: Feraligatr|0 fnt
|-heal|p2a: Celebi|33\/404|[from] drain|[of] p1a: Feraligatr
|faint|p1a: Feraligatr
|
|-heal|p2a: Celebi|58\/404|[from] item: Leftovers
|
|switch|p1a: Jirachi|Jirachi, shiny|341\/341
|-damage|p1a: Jirachi|320\/341|[from] Stealth Rock
|turn|18
|
|move|p1a: Jirachi|Substitute|p1a: Jirachi
|-start|p1a: Jirachi|Substitute
|-damage|p1a: Jirachi|235\/341
|move|p2a: Celebi|Giga Drain|p1a: Jirachi
|-resisted|p1a: Jirachi
|-activate|p1a: Jirachi|Substitute|[damage]
|-heal|p2a: Celebi|79\/404|[from] drain|[of] p1a: Jirachi
|
|-heal|p1a: Jirachi|256\/341|[from] item: Leftovers
|-heal|p2a: Celebi|104\/404|[from] item: Leftovers
|turn|19
|
|move|p1a: Jirachi|Moonblast|p2a: Celebi
|-damage|p2a: Celebi|39\/404
|-unboost|p2a: Celebi|spa|1
|move|p2a: Celebi|Recover|p2a: Celebi
|-heal|p2a: Celebi|241\/404
|
|-heal|p1a: Jirachi|277\/341|[from] item: Leftovers
|-heal|p2a: Celebi|266\/404|[from] item: Leftovers
|turn|20
|
|move|p1a: Jirachi|Calm Mind|p1a: Jirachi
|-boost|p1a: Jirachi|spa|1
|-boost|p1a: Jirachi|spd|1
|move|p2a: Celebi|U-turn|p1a: Jirachi
|-end|p1a: Jirachi|Substitute
|
|switch|p2a: Mienshao|Mienshao, F|271\/271
|-damage|p2a: Mienshao|255\/271|[from] Stealth Rock
|
|-heal|p1a: Jirachi|298\/341|[from] item: Leftovers
|turn|21
|
|move|p2a: Mienshao|High Jump Kick|p1a: Jirachi
|-damage|p1a: Jirachi|24\/341
|-damage|p2a: Mienshao|228\/271|[from] item: Life Orb
|move|p1a: Jirachi|Psyshock|p2a: Mienshao
|-supereffective|p2a: Mienshao
|-damage|p2a: Mienshao|0 fnt
|faint|p2a: Mienshao
|
|-heal|p1a: Jirachi|45\/341|[from] item: Leftovers
|
|switch|p2a: Jolteon|Jolteon, F|272\/272
|-damage|p2a: Jolteon|238\/272|[from] Stealth Rock
|turn|22
|
|move|p2a: Jolteon|Thunderbolt|p1a: Jirachi
|-damage|p1a: Jirachi|0 fnt
|faint|p1a: Jirachi
|
|
|switch|p1a: Mienshao|Mienshao, M|255\/271
|-damage|p1a: Mienshao|239\/271|[from] Stealth Rock
|turn|23
|
|move|p1a: Mienshao|Knock Off|p2a: Jolteon
|-damage|p2a: Jolteon|59\/272
|-enditem|p2a: Jolteon|Choice Specs|[from] move: Knock Off|[of] p1a: Mienshao
|move|p2a: Jolteon|Thunderbolt|p1a: Mienshao
|-damage|p1a: Mienshao|26\/271
|
|turn|24
|
|move|p1a: Mienshao|Knock Off|p2a: Jolteon
|-damage|p2a: Jolteon|0 fnt
|faint|p2a: Jolteon
|
|
|switch|p2a: Celebi|Celebi|266\/404
|-damage|p2a: Celebi|216\/404|[from] Stealth Rock
|turn|25
|
|move|p1a: Mienshao|Knock Off|p2a: Celebi
|-supereffective|p2a: Celebi
|-damage|p2a: Celebi|0 fnt
|-enditem|p2a: Celebi|Leftovers|[from] move: Knock Off|[of] p1a: Mienshao
|faint|p2a: Celebi
|
|win|some weird shit
|raw|Ladder updating...
|raw|some weird shit's rating: 1612 &rarr; <strong>1625<\/strong><br \/>(+13 for winning)
|raw|nolmm's rating: 1474 &rarr; <strong>1462<\/strong><br \/>(-12 for losing)
|leave|nolmm
|player|p2
|join|iap
|leave|iap
|join|sniperaim
|leave|sniperaim
|player|p1|Dudeman130498|171