|join|some weird shit
|join|Ryuk97
|player|p1|some weird shit|171
|player|p2|Ryuk97|99
|gametype|singles
|gen|6
|tier|UU
|rated
|rule|Sleep Clause Mod: Limit one foe put to sleep
|rule|Species Clause: Limit one of each PokÃ©mon
|rule|OHKO Clause: OHKO moves are banned
|rule|Moody Clause: Moody is banned
|rule|Evasion Moves Clause: Evasion moves are banned
|rule|Endless Battle Clause: Forcing endless battles is banned
|rule|HP Percentage Mod: HP is shown in percentages
|clearpoke
|poke|p1|Zygarde
|poke|p1|Suicune
|poke|p1|Mienshao, F
|poke|p1|Aggron, M
|poke|p1|Chandelure, F
|poke|p1|Whimsicott, M
|poke|p2|Azelf
|poke|p2|Hydreigon, M
|poke|p2|Aerodactyl, M
|poke|p2|Raikou
|poke|p2|Starmie
|poke|p2|Metagross
|rule|Swagger Clause: Swagger is banned
|rule|Baton Pass Clause: Limit one PokÃ©mon knowing Baton Pass
|teampreview
|
|start
|switch|p1a: Mienshao|Mienshao, F|271\/271
|switch|p2a: Azelf|Azelf|291\/291
|turn|1
|
|move|p1a: Mienshao|U-turn|p2a: Azelf
|-supereffective|p2a: Azelf
|-damage|p2a: Azelf|59\/291
|
|switch|p1a: Whimsicott|Whimsicott, M|261\/261
|move|p2a: Azelf|Stealth Rock|p1a: Whimsicott
|-sidestart|p1: some weird shit|move: Stealth Rock
|
|turn|2
|
|move|p1a: Whimsicott|U-turn|p2a: Azelf
|-supereffective|p2a: Azelf
|-damage|p2a: Azelf|0 fnt
|faint|p2a: Azelf
|
|switch|p1a: Mienshao|Mienshao, F|271\/271
|-damage|p1a: Mienshao|255\/271|[from] Stealth Rock
|
|
|switch|p2a: Raikou|Raikou|322\/322
|-ability|p2a: Raikou|Pressure
|turn|3
|
|move|p1a: Mienshao|High Jump Kick|p2a: Raikou
|-damage|p2a: Raikou|0 fnt
|faint|p2a: Raikou
|
|
|switch|p2a: Starmie|Starmie|261\/261
|turn|4
|
|switch|p1a: Whimsicott|Whimsicott, M|261\/261
|-damage|p1a: Whimsicott|229\/261|[from] Stealth Rock
|move|p2a: Starmie|Hydro Pump|p1a: Whimsicott
|-resisted|p1a: Whimsicott
|-damage|p1a: Whimsicott|89\/261
|-damage|p2a: Starmie|235\/261|[from] item: Life Orb
|
|-heal|p1a: Whimsicott|105\/261|[from] item: Leftovers
|turn|5
|join|Eyan
|
|switch|p2a: Hydreigon|Hydreigon, M|325\/325
|move|p1a: Whimsicott|U-turn|p2a: Hydreigon
|-supereffective|p2a: Hydreigon
|-damage|p2a: Hydreigon|247\/325
|
|switch|p1a: Mienshao|Mienshao, F|255\/271
|-damage|p1a: Mienshao|239\/271|[from] Stealth Rock
|
|turn|6
|
|move|p1a: Mienshao|U-turn|p2a: Hydreigon
|-supereffective|p2a: Hydreigon
|-damage|p2a: Hydreigon|57\/325
|
|switch|p1a: Whimsicott|Whimsicott, M|105\/261
|-damage|p1a: Whimsicott|73\/261|[from] Stealth Rock
|move|p2a: Hydreigon|Dark Pulse|p1a: Whimsicott
|-resisted|p1a: Whimsicott
|-damage|p1a: Whimsicott|0 fnt
|faint|p1a: Whimsicott
|
|
|switch|p1a: Mienshao|Mienshao, F|239\/271
|-damage|p1a: Mienshao|223\/271|[from] Stealth Rock
|turn|7
|
|move|p1a: Mienshao|U-turn|p2a: Hydreigon
|-supereffective|p2a: Hydreigon
|-damage|p2a: Hydreigon|0 fnt
|faint|p2a: Hydreigon
|
|switch|p1a: Suicune|Suicune|367\/367
|-damage|p1a: Suicune|322\/367|[from] Stealth Rock
|-ability|p1a: Suicune|Pressure
|
|-heal|p1a: Suicune|344\/367|[from] item: Leftovers
|
|switch|p2a: Starmie|Starmie|235\/261
|turn|8
|
|move|p2a: Starmie|Thunderbolt|p1a: Suicune
|-supereffective|p1a: Suicune
|-damage|p1a: Suicune|139\/367
|-damage|p2a: Starmie|209\/261|[from] item: Life Orb
|move|p1a: Suicune|Scald|p2a: Starmie
|-resisted|p2a: Starmie
|-damage|p2a: Starmie|140\/261
|
|-heal|p1a: Suicune|161\/367|[from] item: Leftovers
|turn|9
|
|move|p2a: Starmie|Thunderbolt|p1a: Suicune
|-supereffective|p1a: Suicune
|-damage|p1a: Suicune|0 fnt
|-damage|p2a: Starmie|114\/261|[from] item: Life Orb
|faint|p1a: Suicune
|
|
|switch|p1a: Mienshao|Mienshao, F|223\/271
|-damage|p1a: Mienshao|207\/271|[from] Stealth Rock
|turn|10
|
|switch|p2a: Metagross|Metagross|363\/363
|move|p1a: Mienshao|U-turn|p2a: Metagross
|-damage|p2a: Metagross|294\/363
|
|switch|p1a: Chandelure|Chandelure, F|261\/261
|-damage|p1a: Chandelure|196\/261|[from] Stealth Rock
|
|turn|11
|
|move|p1a: Chandelure|Shadow Ball|p2a: Metagross
|-supereffective|p2a: Metagross
|-damage|p2a: Metagross|0 fnt
|faint|p2a: Metagross
|
|
|switch|p2a: Aerodactyl|Aerodactyl, M|301\/301
|-ability|p2a: Aerodactyl|Pressure
|turn|12
|
|detailschange|p2a: Aerodactyl|Aerodactyl-Mega, M
|message|Aerodactyl has Mega Evolved into Mega Aerodactyl!
|move|p2a: Aerodactyl|Earthquake|p1a: Chandelure
|-supereffective|p1a: Chandelure
|-damage|p1a: Chandelure|0 fnt
|faint|p1a: Chandelure
|
|
|switch|p1a: Aggron|Aggron, M|323\/323
|-damage|p1a: Aggron|303\/323|[from] Stealth Rock
|turn|13
|
|detailschange|p1a: Aggron|Aggron-Mega, M
|message|Aggron has Mega Evolved into Mega Aggron!
|move|p2a: Aerodactyl|Earthquake|p1a: Aggron
|-supereffective|p1a: Aggron
|-damage|p1a: Aggron|219\/323
|move|p1a: Aggron|Heavy Slam|p2a: Aerodactyl
|-supereffective|p2a: Aerodactyl
|-damage|p2a: Aerodactyl|0 fnt
|faint|p2a: Aerodactyl
|
|
|switch|p2a: Starmie|Starmie|114\/261
|turn|14
|
|move|p2a: Starmie|Hydro Pump|p1a: Aggron|[miss]
|-miss|p2a: Starmie|p1a: Aggron
|move|p1a: Aggron|Earthquake|p2a: Starmie
|-damage|p2a: Starmie|0 fnt
|faint|p2a: Starmie
|
|win|some weird shit
|raw|Ladder updating...
|raw|some weird shit's rating: 1696 &rarr; <strong>1705<\/strong><br \/>(+9 for winning)
|raw|Ryuk97's rating: 1482 &rarr; <strong>1473<\/strong><br \/>(-9 for losing)
|leave|Ryuk97
|player|p2
|leave|some weird shit
|player|p1