|join|some weird shit
|join|5estrycvghb
|player|p1|some weird shit|265
|player|p2|5estrycvghb|2
|gametype|singles
|gen|6
|tier|UU
|rated
|rule|Sleep Clause Mod: Limit one foe put to sleep
|rule|Species Clause: Limit one of each PokÃ©mon
|rule|OHKO Clause: OHKO moves are banned
|rule|Moody Clause: Moody is banned
|rule|Evasion Moves Clause: Evasion moves are banned
|rule|Endless Battle Clause: Forcing endless battles is banned
|rule|HP Percentage Mod: HP is shown in percentages
|clearpoke
|poke|p1|Mienshao, M
|poke|p1|Krookodile, M
|poke|p1|Suicune
|poke|p1|Whimsicott, F
|poke|p1|Golurk
|poke|p1|Alakazam, F
|poke|p2|Blissey, F
|poke|p2|Forretress, M
|poke|p2|Ampharos, F
|poke|p2|Doublade, M
|poke|p2|Swampert, F
|poke|p2|Roserade, F
|rule|Swagger Clause: Swagger is banned
|rule|Baton Pass Clause: Limit one PokÃ©mon knowing Baton Pass
|teampreview
|
|start
|switch|p1a: Golurk|Golurk|379\/379
|switch|p2a: Swampert|Swampert, F|404\/404
|turn|1
|
|move|p1a: Golurk|Stealth Rock|p2a: Swampert
|-sidestart|p2: 5estrycvghb|move: Stealth Rock
|move|p2a: Swampert|Scald|p1a: Golurk
|-supereffective|p1a: Golurk
|-damage|p1a: Golurk|179\/379
|-status|p1a: Golurk|brn
|
|-damage|p1a: Golurk|132\/379 brn|[from] brn
|turn|2
|
|switch|p1a: Whimsicott|Whimsicott, F|261\/261
|move|p2a: Swampert|Stealth Rock|p1a: Whimsicott
|-sidestart|p1: some weird shit|move: Stealth Rock
|
|turn|3
|
|switch|p2a: Roserade|Roserade, F|324\/324
|-damage|p2a: Roserade|284\/324|[from] Stealth Rock
|move|p1a: Whimsicott|U-turn|p2a: Roserade
|-damage|p2a: Roserade|236\/324
|
|switch|p1a: Krookodile|Krookodile, M|331\/331
|-damage|p1a: Krookodile|311\/331|[from] Stealth Rock
|-ability|p1a: Krookodile|Intimidate|[of] p2a: Roserade
|-unboost|p2a: Roserade|atk|1
|
|-heal|p2a: Roserade|256\/324|[from] item: Black Sludge
|turn|4
|
|switch|p2a: Swampert|Swampert, F|404\/404
|-damage|p2a: Swampert|379\/404|[from] Stealth Rock
|move|p1a: Krookodile|Knock Off|p2a: Swampert
|-damage|p2a: Swampert|219\/404
|-enditem|p2a: Swampert|Leftovers|[from] move: Knock Off|[of] p1a: Krookodile
|
|turn|5
|
|switch|p1a: Whimsicott|Whimsicott, F|261\/261
|-damage|p1a: Whimsicott|229\/261|[from] Stealth Rock
|move|p2a: Swampert|Scald|p1a: Whimsicott
|-resisted|p1a: Whimsicott
|-damage|p1a: Whimsicott|175\/261
|
|-heal|p1a: Whimsicott|191\/261|[from] item: Leftovers
|turn|6
|
|switch|p2a: Roserade|Roserade, F|256\/324
|-damage|p2a: Roserade|216\/324|[from] Stealth Rock
|move|p1a: Whimsicott|U-turn|p2a: Roserade
|-crit|p2a: Roserade
|-damage|p2a: Roserade|133\/324
|
|switch|p1a: Krookodile|Krookodile, M|311\/331
|-damage|p1a: Krookodile|291\/331|[from] Stealth Rock
|-ability|p1a: Krookodile|Intimidate|[of] p2a: Roserade
|-unboost|p2a: Roserade|atk|1
|
|-heal|p2a: Roserade|153\/324|[from] item: Black Sludge
|turn|7
|
|move|p1a: Krookodile|Knock Off|p2a: Roserade
|-damage|p2a: Roserade|0 fnt
|-enditem|p2a: Roserade|Black Sludge|[from] move: Knock Off|[of] p1a: Krookodile
|faint|p2a: Roserade
|
|
|switch|p2a: Ampharos|Ampharos, F|384\/384
|-damage|p2a: Ampharos|336\/384|[from] Stealth Rock
|turn|8
|
|detailschange|p2a: Ampharos|Ampharos-Mega, F
|message|Ampharos has Mega Evolved into Mega Ampharos!
|-ability|p2a: Ampharos|Mold Breaker
|move|p1a: Krookodile|Earthquake|p2a: Ampharos
|-supereffective|p2a: Ampharos
|-damage|p2a: Ampharos|108\/384
|move|p2a: Ampharos|Volt Switch|p1a: Krookodile
|-immune|p1a: Krookodile|[msg]
|
|turn|9
|-message|5estrycvghb forfeited.
|
|win|some weird shit
|raw|Ladder updating...
|leave|5estrycvghb
|player|p2
|raw|some weird shit's rating: 1712 &rarr; <strong>1725<\/strong><br \/>(+13 for winning)
|raw|5estrycvghb's rating: 1577 &rarr; <strong>1565<\/strong><br \/>(-12 for losing)