|join|some weird shit
|join|Ajveno
|player|p1|some weird shit|265
|player|p2|Ajveno|266
|gametype|singles
|gen|6
|tier|UU
|rated
|rule|Sleep Clause Mod: Limit one foe put to sleep
|rule|Species Clause: Limit one of each PokÃ©mon
|rule|OHKO Clause: OHKO moves are banned
|rule|Moody Clause: Moody is banned
|rule|Evasion Moves Clause: Evasion moves are banned
|rule|Endless Battle Clause: Forcing endless battles is banned
|rule|HP Percentage Mod: HP is shown in percentages
|clearpoke
|poke|p1|Mienshao, M
|poke|p1|Krookodile, M
|poke|p1|Suicune
|poke|p1|Whimsicott, F
|poke|p1|Golurk
|poke|p1|Alakazam, M
|poke|p2|Blissey, F
|poke|p2|Shaymin
|poke|p2|Alakazam, F
|poke|p2|Mienshao, F
|poke|p2|Swampert, M
|poke|p2|Chesnaught, F
|rule|Swagger Clause: Swagger is banned
|rule|Baton Pass Clause: Limit one PokÃ©mon knowing Baton Pass
|teampreview
|
|start
|switch|p1a: Whimsicott|Whimsicott, F|261\/261
|switch|p2a: Swampert|Swampert, M|404\/404
|turn|1
|
|move|p1a: Whimsicott|Giga Drain|p2a: Swampert
|-supereffective|p2a: Swampert
|-damage|p2a: Swampert|8\/404
|move|p2a: Swampert|Stealth Rock|p1a: Whimsicott
|-sidestart|p1: some weird shit|move: Stealth Rock
|
|-heal|p2a: Swampert|33\/404|[from] item: Leftovers
|turn|2
|
|switch|p2a: Blissey|Blissey, F|714\/714
|move|p1a: Whimsicott|Moonblast|p2a: Blissey
|-damage|p2a: Blissey|621\/714
|
|-heal|p2a: Blissey|665\/714|[from] item: Leftovers
|turn|3
|
|move|p1a: Whimsicott|U-turn|p2a: Blissey
|-damage|p2a: Blissey|599\/714
|
|switch|p1a: Golurk|Golurk|379\/379
|-damage|p1a: Golurk|356\/379|[from] Stealth Rock
|move|p2a: Blissey|Toxic|p1a: Golurk
|-status|p1a: Golurk|tox
|
|-heal|p2a: Blissey|643\/714|[from] item: Leftovers
|-damage|p1a: Golurk|333\/379 tox|[from] psn
|turn|4
|
|switch|p2a: Chesnaught|Chesnaught, F|380\/380
|move|p1a: Golurk|Stealth Rock|p2a: Chesnaught
|-sidestart|p2: Ajveno|move: Stealth Rock
|
|-damage|p1a: Golurk|287\/379 tox|[from] psn
|turn|5
|
|move|p1a: Golurk|Magic Coat|p1a: Golurk
|-singleturn|p1a: Golurk|move: Magic Coat
|move|p2a: Chesnaught|Spikes|p1a: Golurk
|move|p1a: Golurk|Spikes|p2a: Chesnaught|[from]Magic Coat
|-sidestart|p2: Ajveno|Spikes
|
|-damage|p1a: Golurk|218\/379 tox|[from] psn
|turn|6
|
|switch|p1a: Whimsicott|Whimsicott, F|261\/261
|-damage|p1a: Whimsicott|229\/261|[from] Stealth Rock
|move|p2a: Chesnaught|Spikes|p1a: Whimsicott
|-sidestart|p1: some weird shit|Spikes
|
|-heal|p1a: Whimsicott|245\/261|[from] item: Leftovers
|turn|7
|
|switch|p2a: Swampert|Swampert, M|33\/404
|-damage|p2a: Swampert|0 fnt|[from] Spikes
|faint|p2a: Swampert
|move|p1a: Whimsicott|Moonblast|p2: Swampert|[notarget]
|-notarget
|
|-heal|p1a: Whimsicott|261\/261|[from] item: Leftovers
|
|switch|p2a: Blissey|Blissey, F|643\/714
|-damage|p2a: Blissey|554\/714|[from] Stealth Rock
|-damage|p2a: Blissey|465\/714|[from] Spikes
|turn|8
|
|move|p1a: Whimsicott|U-turn|p2a: Blissey
|-damage|p2a: Blissey|402\/714
|
|switch|p1a: Krookodile|Krookodile, M|331\/331
|-damage|p1a: Krookodile|290\/331|[from] Spikes
|-damage|p1a: Krookodile|270\/331|[from] Stealth Rock
|-ability|p1a: Krookodile|Intimidate|[of] p2a: Blissey
|-unboost|p2a: Blissey|atk|1
|move|p2a: Blissey|Soft-Boiled|p2a: Blissey
|-heal|p2a: Blissey|714\/714
|
|turn|9
|
|switch|p2a: Chesnaught|Chesnaught, F|380\/380
|-damage|p2a: Chesnaught|357\/380|[from] Stealth Rock
|-damage|p2a: Chesnaught|310\/380|[from] Spikes
|move|p1a: Krookodile|Knock Off|p2a: Chesnaught
|-resisted|p2a: Chesnaught
|-damage|p2a: Chesnaught|247\/380
|-enditem|p2a: Chesnaught|Leftovers|[from] move: Knock Off|[of] p1a: Krookodile
|
|turn|10
|
|move|p1a: Krookodile|Taunt|p2a: Chesnaught
|-start|p2a: Chesnaught|move: Taunt
|cant|p2a: Chesnaught|move: Taunt|Spikes
|
|turn|11
|
|switch|p1a: Whimsicott|Whimsicott, F|261\/261
|-damage|p1a: Whimsicott|229\/261|[from] Spikes
|-damage|p1a: Whimsicott|197\/261|[from] Stealth Rock
|move|p2a: Chesnaught|Seed Bomb|p1a: Whimsicott
|-resisted|p1a: Whimsicott
|-damage|p1a: Whimsicott|137\/261
|
|-heal|p1a: Whimsicott|153\/261|[from] item: Leftovers
|turn|12
|
|switch|p2a: Blissey|Blissey, F|714\/714
|-damage|p2a: Blissey|625\/714|[from] Spikes
|-damage|p2a: Blissey|536\/714|[from] Stealth Rock
|move|p1a: Whimsicott|U-turn|p2a: Blissey
|-damage|p2a: Blissey|470\/714
|
|switch|p1a: Alakazam|Alakazam, M|252\/252
|
|-heal|p2a: Blissey|514\/714|[from] item: Leftovers
|turn|13
|
|move|p1a: Alakazam|Calm Mind|p1a: Alakazam
|-boost|p1a: Alakazam|spa|1
|-boost|p1a: Alakazam|spd|1
|move|p2a: Blissey|Seismic Toss|p1a: Alakazam
|-damage|p1a: Alakazam|152\/252
|
|-heal|p2a: Blissey|558\/714|[from] item: Leftovers
|turn|14
|
|detailschange|p1a: Alakazam|Alakazam-Mega, M
|message|Alakazam has Mega Evolved into Mega Alakazam!
|-ability|p1a: Alakazam|Natural Cure|[from] ability: Trace|[of] p2a: Blissey
|move|p1a: Alakazam|Psyshock|p2a: Blissey
|-damage|p2a: Blissey|0 fnt
|faint|p2a: Blissey
|
|
|switch|p2a: Shaymin|Shaymin|342\/342
|-damage|p2a: Shaymin|300\/342|[from] Spikes
|-damage|p2a: Shaymin|258\/342|[from] Stealth Rock
|turn|15
|
|move|p1a: Alakazam|Psyshock|p2a: Shaymin
|-damage|p2a: Shaymin|0 fnt
|faint|p2a: Shaymin
|
|-message|Ajveno forfeited.
|
|win|some weird shit
|raw|Ladder updating...
|leave|Ajveno
|player|p2
|raw|some weird shit's rating: 1699 &rarr; <strong>1714<\/strong><br \/>(+15 for winning)
|raw|Ajveno's rating: 1608 &rarr; <strong>1593<\/strong><br \/>(-15 for losing)