|join|some weird shit
|join|st123
|player|p1|some weird shit|171
|player|p2|st123|153
|gametype|singles
|gen|6
|tier|UU
|rated
|rule|Sleep Clause Mod: Limit one foe put to sleep
|rule|Species Clause: Limit one of each PokÃ©mon
|rule|OHKO Clause: OHKO moves are banned
|rule|Moody Clause: Moody is banned
|rule|Evasion Moves Clause: Evasion moves are banned
|rule|Endless Battle Clause: Forcing endless battles is banned
|rule|HP Percentage Mod: HP is shown in percentages
|clearpoke
|poke|p1|Feraligatr, M
|poke|p1|Jirachi, shiny
|poke|p1|Blastoise, M
|poke|p1|Krookodile, M
|poke|p1|Goodra, M
|poke|p1|Mienshao, M
|poke|p2|Smeargle, M
|poke|p2|Espeon, F
|poke|p2|Cottonee, F
|poke|p2|Whimsicott, F
|poke|p2|Azelf
|poke|p2|Aerodactyl, F
|rule|Swagger Clause: Swagger is banned
|rule|Baton Pass Clause: Limit one PokÃ©mon knowing Baton Pass
|teampreview
|c|âsome weird shit|lol
|c|âst123|3-4 so far
|
|start
|switch|p1a: Krookodile|Krookodile, M|394\/394
|switch|p2a: Aerodactyl|Aerodactyl, F|301\/301
|-ability|p2a: Aerodactyl|Pressure
|-ability|p1a: Krookodile|Intimidate|[of] p2a: Aerodactyl
|-unboost|p2a: Aerodactyl|atk|1
|turn|1
|c|âst123|its not that strong tbh
|
|move|p2a: Aerodactyl|Taunt|p1a: Krookodile
|-start|p1a: Krookodile|move: Taunt
|cant|p1a: Krookodile|move: Taunt|Stealth Rock
|
|turn|2
|
|switch|p1a: Blastoise|Blastoise, M|324\/324
|move|p2a: Aerodactyl|Stealth Rock|p1a: Blastoise
|-sidestart|p1: some weird shit|move: Stealth Rock
|
|turn|3
|
|detailschange|p1a: Blastoise|Blastoise-Mega, M
|message|Blastoise has Mega Evolved into Mega Blastoise!
|move|p2a: Aerodactyl|Stone Edge|p1a: Blastoise
|-damage|p1a: Blastoise|242\/324
|move|p1a: Blastoise|Hydro Pump|p2a: Aerodactyl
|-supereffective|p2a: Aerodactyl
|-enditem|p2a: Aerodactyl|Focus Sash
|-damage|p2a: Aerodactyl|1\/301
|
|turn|4
|
|move|p2a: Aerodactyl|Tailwind|p2a: Aerodactyl
|-sidestart|p2: st123|move: Tailwind
|move|p1a: Blastoise|Rapid Spin|p2a: Aerodactyl
|-resisted|p2a: Aerodactyl
|-damage|p2a: Aerodactyl|0 fnt
|-sideend|p1: some weird shit|Stealth Rock|[from] move: Rapid Spin|[of] p1a: Blastoise
|faint|p2a: Aerodactyl
|
|
|switch|p2a: Cottonee|Cottonee, F|284\/284
|turn|5
|
|switch|p1a: Jirachi|Jirachi, shiny|341\/341
|move|p2a: Cottonee|Stun Spore|p1a: Jirachi
|-status|p1a: Jirachi|par
|
|turn|6
|
|move|p2a: Cottonee|Taunt|p1a: Jirachi
|-start|p1a: Jirachi|move: Taunt
|move|p1a: Jirachi|Psyshock|p2a: Cottonee
|-damage|p2a: Cottonee|106\/284
|
|turn|7
|
|switch|p1a: Krookodile|Krookodile, M|394\/394
|-ability|p1a: Krookodile|Intimidate|[of] p2a: Cottonee
|-unboost|p2a: Cottonee|atk|1
|move|p2a: Cottonee|Memento|p1a: Krookodile
|-unboost|p1a: Krookodile|atk|2
|-unboost|p1a: Krookodile|spa|2
|faint|p2a: Cottonee
|
|-sideend|p2: st123|move: Tailwind
|
|switch|p2a: Azelf|Azelf|354\/354
|turn|8
|
|move|p2a: Azelf|Taunt|p1a: Krookodile
|-start|p1a: Krookodile|move: Taunt
|move|p1a: Krookodile|Knock Off|p2a: Azelf
|-supereffective|p2a: Azelf
|-damage|p2a: Azelf|154\/354
|-enditem|p2a: Azelf|Light Clay|[from] move: Knock Off|[of] p1a: Krookodile
|
|turn|9
|
|move|p2a: Azelf|Reflect|p2a: Azelf
|-sidestart|p2: st123|Reflect
|move|p1a: Krookodile|Knock Off|p2a: Azelf
|-supereffective|p2a: Azelf
|-damage|p2a: Azelf|94\/354
|
|turn|10
|
|switch|p1a: Mienshao|Mienshao, M|271\/271
|move|p2a: Azelf|Light Screen|p2a: Azelf
|-sidestart|p2: st123|move: Light Screen
|
|turn|11
|
|move|p1a: Mienshao|U-turn|p2a: Azelf
|-supereffective|p2a: Azelf
|-damage|p2a: Azelf|0 fnt
|faint|p2a: Azelf
|
|switch|p1a: Jirachi|Jirachi, shiny|341\/341 par
|
|
|switch|p2a: Whimsicott|Whimsicott, F|324\/324
|turn|12
|
|move|p2a: Whimsicott|Memento|p1a: Jirachi
|-unboost|p1a: Jirachi|atk|2
|-unboost|p1a: Jirachi|spa|2
|faint|p2a: Whimsicott
|move|p1a: Jirachi|Psyshock|p2: Whimsicott|[notarget]
|-notarget
|
|
|switch|p2a: Smeargle|Smeargle, M|275\/275
|turn|13
|
|switch|p1a: Goodra|Goodra, M|352\/352
|move|p2a: Smeargle|Quiver Dance|p2a: Smeargle
|-boost|p2a: Smeargle|spa|1
|-boost|p2a: Smeargle|spd|1
|-boost|p2a: Smeargle|spe|1
|
|-sideend|p2: st123|Reflect
|turn|14
|
|move|p2a: Smeargle|Cotton Guard|p2a: Smeargle
|-boost|p2a: Smeargle|def|3
|move|p1a: Goodra|Dragon Tail|p2a: Smeargle
|-damage|p2a: Smeargle|169\/275
|drag|p2a: Espeon|Espeon, F|271\/271
|
|-sideend|p2: st123|move: Light Screen
|turn|15
|c|âsome weird shit|bye
|
|move|p2a: Espeon|Stored Power|p1a: Goodra
|-damage|p1a: Goodra|325\/352
|move|p1a: Goodra|Dragon Tail|p2a: Espeon|[miss]
|-miss|p1a: Goodra|p2a: Espeon
|
|turn|16
|c|âst123|oh fuck that
|
|move|p2a: Espeon|Stored Power|p1a: Goodra
|-damage|p1a: Goodra|301\/352
|move|p1a: Goodra|Dragon Tail|p2a: Espeon
|-damage|p2a: Espeon|34\/271
|drag|p2a: Smeargle|Smeargle, M|169\/275
|
|turn|17
|c|âsome weird shit|spore me
|
|move|p2a: Smeargle|Spore|p1a: Goodra
|-boost|p1a: Goodra|atk|1|[from] ability: Sap Sipper
|move|p1a: Goodra|Dragon Tail|p2a: Smeargle
|-damage|p2a: Smeargle|0 fnt
|faint|p2a: Smeargle
|
|
|switch|p2a: Espeon|Espeon, F|34\/271
|turn|18
|
|move|p2a: Espeon|Dazzling Gleam|p1a: Goodra
|-crit|p1a: Goodra
|-supereffective|p1a: Goodra
|-damage|p1a: Goodra|107\/352
|move|p1a: Goodra|Dragon Tail|p2a: Espeon
|-damage|p2a: Espeon|0 fnt
|faint|p2a: Espeon
|
|win|some weird shit
|raw|Ladder updating...
|raw|some weird shit's rating: 1645 &rarr; <strong>1656<\/strong><br \/>(+11 for winning)
|raw|st123's rating: 1473 &rarr; <strong>1462<\/strong><br \/>(-11 for losing)
|leave|st123
|player|p2