|join|some weird shit
|join|Lequxos
|player|p1|some weird shit|171
|player|p2|Lequxos|264
|gametype|singles
|gen|6
|tier|UU
|rated
|rule|Sleep Clause Mod: Limit one foe put to sleep
|rule|Species Clause: Limit one of each PokÃ©mon
|rule|OHKO Clause: OHKO moves are banned
|rule|Moody Clause: Moody is banned
|rule|Evasion Moves Clause: Evasion moves are banned
|rule|Endless Battle Clause: Forcing endless battles is banned
|rule|HP Percentage Mod: HP is shown in percentages
|clearpoke
|poke|p1|Beedrill, F
|poke|p1|Magneton
|poke|p1|Hydreigon, F
|poke|p1|Swampert, F
|poke|p1|Virizion
|poke|p1|Crobat, F
|poke|p2|Empoleon, M
|poke|p2|Beedrill, F
|poke|p2|Celebi
|poke|p2|Porygon-Z
|poke|p2|Mienshao, F
|poke|p2|Rotom-Heat
|rule|Swagger Clause: Swagger is banned
|rule|Baton Pass Clause: Limit one PokÃ©mon knowing Baton Pass
|teampreview
|
|start
|switch|p1a: Swampert|Swampert, F|401\/401
|switch|p2a: Rotom-Heat|Rotom-Heat|303\/303
|turn|1
|
|move|p2a: Rotom-Heat|Will-O-Wisp|p1a: Swampert|[miss]
|-miss|p2a: Rotom-Heat|p1a: Swampert
|move|p1a: Swampert|Stealth Rock|p2a: Rotom-Heat
|-sidestart|p2: Lequxos|move: Stealth Rock
|
|turn|2
|
|move|p2a: Rotom-Heat|Will-O-Wisp|p1a: Swampert
|-status|p1a: Swampert|brn
|move|p1a: Swampert|Scald|p2a: Rotom-Heat
|-supereffective|p2a: Rotom-Heat
|-damage|p2a: Rotom-Heat|193\/303
|
|-heal|p2a: Rotom-Heat|211\/303|[from] item: Leftovers
|-damage|p1a: Swampert|351\/401 brn|[from] brn
|turn|3
|
|switch|p2a: Empoleon|Empoleon, M|372\/372
|-damage|p2a: Empoleon|349\/372|[from] Stealth Rock
|switch|p1a: Crobat|Crobat, F|321\/321
|
|-heal|p2a: Empoleon|372\/372|[from] item: Leftovers
|turn|4
|
|move|p1a: Crobat|Taunt|p2a: Empoleon
|-start|p2a: Empoleon|move: Taunt
|move|p2a: Empoleon|Scald|p1a: Crobat
|-damage|p1a: Crobat|186\/321
|-status|p1a: Crobat|brn
|
|-heal|p1a: Crobat|206\/321 brn|[from] item: Black Sludge
|-damage|p1a: Crobat|166\/321 brn|[from] brn
|turn|5
|
|move|p1a: Crobat|U-turn|p2a: Empoleon
|-resisted|p2a: Empoleon
|-damage|p2a: Empoleon|359\/372
|
|switch|p1a: Virizion|Virizion|323\/323
|move|p2a: Empoleon|Scald|p1a: Virizion
|-resisted|p1a: Virizion
|-damage|p1a: Virizion|279\/323
|
|-heal|p2a: Empoleon|372\/372|[from] item: Leftovers
|turn|6
|
|switch|p2a: Celebi|Celebi|404\/404
|-damage|p2a: Celebi|354\/404|[from] Stealth Rock
|move|p1a: Virizion|Close Combat|p2a: Celebi
|-resisted|p2a: Celebi
|-damage|p2a: Celebi|267\/404
|-unboost|p1a: Virizion|def|1
|-unboost|p1a: Virizion|spd|1
|
|-heal|p2a: Celebi|292\/404|[from] item: Leftovers
|turn|7
|
|switch|p1a: Hydreigon|Hydreigon, F|325\/325
|switch|p2a: Empoleon|Empoleon, M|372\/372
|-damage|p2a: Empoleon|349\/372|[from] Stealth Rock
|
|-heal|p2a: Empoleon|372\/372|[from] item: Leftovers
|turn|8
|
|move|p1a: Hydreigon|U-turn|p2a: Empoleon
|-crit|p2a: Empoleon
|-resisted|p2a: Empoleon
|-damage|p2a: Empoleon|336\/372
|
|switch|p1a: Virizion|Virizion|279\/323
|move|p2a: Empoleon|Toxic|p1a: Virizion|[miss]
|-miss|p2a: Empoleon|p1a: Virizion
|
|-heal|p2a: Empoleon|359\/372|[from] item: Leftovers
|turn|9
|
|switch|p2a: Celebi|Celebi|292\/404
|-damage|p2a: Celebi|242\/404|[from] Stealth Rock
|move|p1a: Virizion|Swords Dance|p1a: Virizion
|-boost|p1a: Virizion|atk|2
|
|-heal|p2a: Celebi|267\/404|[from] item: Leftovers
|turn|10
|
|move|p1a: Virizion|Stone Edge|p2a: Celebi
|-damage|p2a: Celebi|95\/404
|move|p2a: Celebi|Psychic|p1a: Virizion
|-supereffective|p1a: Virizion
|-damage|p1a: Virizion|99\/323
|
|-heal|p2a: Celebi|120\/404|[from] item: Leftovers
|turn|11
|
|switch|p2a: Mienshao|Mienshao, F|271\/271
|-damage|p2a: Mienshao|255\/271|[from] Stealth Rock
|move|p1a: Virizion|Close Combat|p2a: Mienshao
|-damage|p2a: Mienshao|0 fnt
|-unboost|p1a: Virizion|def|1
|-unboost|p1a: Virizion|spd|1
|faint|p2a: Mienshao
|
|
|switch|p2a: Beedrill|Beedrill, F|271\/271
|-damage|p2a: Beedrill|204\/271|[from] Stealth Rock
|turn|12
|
|switch|p1a: Swampert|Swampert, F|351\/401 brn
|detailschange|p2a: Beedrill|Beedrill-Mega, F
|message|Beedrill has Mega Evolved into Mega Beedrill!
|move|p2a: Beedrill|Protect|p2a: Beedrill
|-fail|p2a: Beedrill
|
|-heal|p1a: Swampert|376\/401 brn|[from] item: Leftovers
|-damage|p1a: Swampert|326\/401 brn|[from] brn
|turn|13
|
|move|p2a: Beedrill|U-turn|p1a: Swampert
|-damage|p1a: Swampert|178\/401 brn
|
|switch|p2a: Empoleon|Empoleon, M|359\/372
|-damage|p2a: Empoleon|336\/372|[from] Stealth Rock
|move|p1a: Swampert|Ice Beam|p2a: Empoleon
|-resisted|p2a: Empoleon
|-damage|p2a: Empoleon|321\/372
|
|-heal|p2a: Empoleon|344\/372|[from] item: Leftovers
|-heal|p1a: Swampert|203\/401 brn|[from] item: Leftovers
|-damage|p1a: Swampert|153\/401 brn|[from] brn
|turn|14
|
|switch|p1a: Virizion|Virizion|99\/323
|move|p2a: Empoleon|Defog|p1a: Virizion
|-unboost|p1a: Virizion|evasion|1
|-sideend|p2: Lequxos|Stealth Rock|[from] move: Defog|[of] p2a: Empoleon
|
|-heal|p2a: Empoleon|367\/372|[from] item: Leftovers
|turn|15
|
|move|p1a: Virizion|Close Combat|p2a: Empoleon
|-supereffective|p2a: Empoleon
|-damage|p2a: Empoleon|121\/372
|-unboost|p1a: Virizion|def|1
|-unboost|p1a: Virizion|spd|1
|move|p2a: Empoleon|Scald|p1a: Virizion
|-resisted|p1a: Virizion
|-damage|p1a: Virizion|12\/323
|
|-heal|p2a: Empoleon|144\/372|[from] item: Leftovers
|turn|16
|
|switch|p2a: Celebi|Celebi|120\/404
|move|p1a: Virizion|Close Combat|p2a: Celebi
|-resisted|p2a: Celebi
|-damage|p2a: Celebi|31\/404
|-unboost|p1a: Virizion|def|1
|-unboost|p1a: Virizion|spd|1
|
|-heal|p2a: Celebi|56\/404|[from] item: Leftovers
|turn|17
|
|move|p1a: Virizion|Close Combat|p2a: Celebi
|-resisted|p2a: Celebi
|-damage|p2a: Celebi|0 fnt
|-unboost|p1a: Virizion|def|1
|-unboost|p1a: Virizion|spd|1
|faint|p2a: Celebi
|
|
|switch|p2a: Beedrill|Beedrill-Mega, F|204\/271
|turn|18
|
|switch|p1a: Swampert|Swampert, F|153\/401 brn
|move|p2a: Beedrill|U-turn|p1a: Swampert
|-damage|p1a: Swampert|5\/401 brn
|
|switch|p2a: Rotom-Heat|Rotom-Heat|211\/303
|
|-heal|p2a: Rotom-Heat|229\/303|[from] item: Leftovers
|-heal|p1a: Swampert|30\/401 brn|[from] item: Leftovers
|-damage|p1a: Swampert|0 fnt|[from] brn
|faint|p1a: Swampert
|
|switch|p1a: Virizion|Virizion|12\/323
|turn|19
|
|move|p1a: Virizion|Stone Edge|p2a: Rotom-Heat
|-supereffective|p2a: Rotom-Heat
|-damage|p2a: Rotom-Heat|65\/303
|move|p2a: Rotom-Heat|Volt Switch|p1a: Virizion
|-resisted|p1a: Virizion
|-damage|p1a: Virizion|0 fnt
|faint|p1a: Virizion
|
|switch|p2a: Beedrill|Beedrill-Mega, F|204\/271
|
|
|switch|p1a: Hydreigon|Hydreigon, F|325\/325
|turn|20
|
|move|p2a: Beedrill|Protect|p2a: Beedrill
|-singleturn|p2a: Beedrill|Protect
|move|p1a: Hydreigon|U-turn|p2a: Beedrill
|-activate|p2a: Beedrill|Protect
|
|turn|21
|
|move|p1a: Hydreigon|U-turn|p2a: Beedrill
|-resisted|p2a: Beedrill
|-damage|p2a: Beedrill|148\/271
|
|switch|p1a: Crobat|Crobat, F|166\/321 brn
|move|p2a: Beedrill|U-turn|p1a: Crobat
|-resisted|p1a: Crobat
|-damage|p1a: Crobat|109\/321 brn
|
|switch|p2a: Empoleon|Empoleon, M|144\/372
|
|-heal|p1a: Crobat|129\/321 brn|[from] item: Black Sludge
|-heal|p2a: Empoleon|167\/372|[from] item: Leftovers
|-damage|p1a: Crobat|89\/321 brn|[from] brn
|turn|22
|
|move|p1a: Crobat|Taunt|p2a: Empoleon
|-start|p2a: Empoleon|move: Taunt
|cant|p2a: Empoleon|move: Taunt|Stealth Rock
|
|-heal|p1a: Crobat|109\/321 brn|[from] item: Black Sludge
|-heal|p2a: Empoleon|190\/372|[from] item: Leftovers
|-damage|p1a: Crobat|69\/321 brn|[from] brn
|turn|23
|
|move|p1a: Crobat|Brave Bird|p2a: Empoleon
|-resisted|p2a: Empoleon
|-damage|p2a: Empoleon|158\/372
|-damage|p1a: Crobat|58\/321 brn|[from] recoil|[of] p2a: Empoleon
|move|p2a: Empoleon|Scald|p1a: Crobat
|-damage|p1a: Crobat|0 fnt
|faint|p1a: Crobat
|
|-heal|p2a: Empoleon|181\/372|[from] item: Leftovers
|
|switch|p1a: Magneton|Magneton|261\/261
|turn|24
|
|move|p1a: Magneton|Thunderbolt|p2a: Empoleon
|-supereffective|p2a: Empoleon
|-damage|p2a: Empoleon|0 fnt
|faint|p2a: Empoleon
|
|
|switch|p2a: Rotom-Heat|Rotom-Heat|65\/303
|turn|25
|
|move|p1a: Magneton|Thunderbolt|p2a: Rotom-Heat
|-resisted|p2a: Rotom-Heat
|-damage|p2a: Rotom-Heat|13\/303
|move|p2a: Rotom-Heat|Overheat|p1a: Magneton|[miss]
|-miss|p2a: Rotom-Heat|p1a: Magneton
|
|-heal|p2a: Rotom-Heat|31\/303|[from] item: Leftovers
|turn|26
|c|âLequxos|oh for fucks sake
|
|move|p1a: Magneton|Thunderbolt|p2a: Rotom-Heat
|-resisted|p2a: Rotom-Heat
|-damage|p2a: Rotom-Heat|0 fnt
|faint|p2a: Rotom-Heat
|
|
|switch|p2a: Beedrill|Beedrill-Mega, F|148\/271
|turn|27
|
|move|p2a: Beedrill|Drill Run|p1a: Magneton
|-supereffective|p1a: Magneton
|-damage|p1a: Magneton|0 fnt
|faint|p1a: Magneton
|
|
|switch|p1a: Hydreigon|Hydreigon, F|325\/325
|turn|28
|
|move|p2a: Beedrill|Protect|p2a: Beedrill
|-singleturn|p2a: Beedrill|Protect
|move|p1a: Hydreigon|Dragon Pulse|p2a: Beedrill
|-activate|p2a: Beedrill|Protect
|
|turn|29
|
|move|p1a: Hydreigon|Dragon Pulse|p2a: Beedrill
|-damage|p2a: Beedrill|0 fnt
|faint|p2a: Beedrill
|
|
|switch|p2a: Porygon-Z|Porygon-Z|312\/312
|turn|30
|c|âLequxos|hax won you the game
|
|move|p1a: Hydreigon|Dragon Pulse|p2a: Porygon-Z
|-damage|p2a: Porygon-Z|135\/312
|move|p2a: Porygon-Z|Ice Beam|p1a: Hydreigon
|-crit|p1a: Hydreigon
|-supereffective|p1a: Hydreigon
|-damage|p1a: Hydreigon|0 fnt
|faint|p1a: Hydreigon
|
|
|switch|p1a: Beedrill|Beedrill, F|271\/271
|turn|31
|
|detailschange|p1a: Beedrill|Beedrill-Mega, F
|message|Beedrill has Mega Evolved into Mega Beedrill!
|move|p2a: Porygon-Z|Ice Beam|p1a: Beedrill
|-damage|p1a: Beedrill|127\/271
|move|p1a: Beedrill|Poison Jab|p2a: Porygon-Z
|-crit|p2a: Porygon-Z
|-damage|p2a: Porygon-Z|0 fnt
|faint|p2a: Porygon-Z
|
|win|some weird shit
|raw|Ladder updating...
|raw|some weird shit's rating: 1358 &rarr; <strong>1376<\/strong><br \/>(+18 for winning)
|raw|Lequxos's rating: 1332 &rarr; <strong>1313<\/strong><br \/>(-19 for losing)
|leave|Lequxos
|player|p2