|join|some weird shit
|join|xMarth
|player|p1|some weird shit|265
|player|p2|xMarth|153
|gametype|singles
|gen|6
|tier|UU
|rated
|rule|Sleep Clause Mod: Limit one foe put to sleep
|rule|Species Clause: Limit one of each PokÃ©mon
|rule|OHKO Clause: OHKO moves are banned
|rule|Moody Clause: Moody is banned
|rule|Evasion Moves Clause: Evasion moves are banned
|rule|Endless Battle Clause: Forcing endless battles is banned
|rule|HP Percentage Mod: HP is shown in percentages
|clearpoke
|poke|p1|Mienshao, F
|poke|p1|Krookodile, M
|poke|p1|Suicune
|poke|p1|Whimsicott, F
|poke|p1|Golurk
|poke|p1|Alakazam, F
|poke|p2|Hydreigon, M
|poke|p2|Kyurem
|poke|p2|Jirachi
|poke|p2|Crobat, M
|poke|p2|Swampert, M
|poke|p2|Florges, F
|rule|Swagger Clause: Swagger is banned
|rule|Baton Pass Clause: Limit one PokÃ©mon knowing Baton Pass
|teampreview
|c|âsome weird shit|hi
|c|âxMarth|hi
|
|start
|switch|p1a: Mienshao|Mienshao, F|271\/271
|switch|p2a: Kyurem|Kyurem|391\/391
|-ability|p2a: Kyurem|Pressure
|turn|1
|
|switch|p2a: Crobat|Crobat, M|339\/339
|move|p1a: Mienshao|Stone Edge|p2a: Crobat
|-supereffective|p2a: Crobat
|-damage|p2a: Crobat|57\/339
|
|-heal|p2a: Crobat|78\/339|[from] item: Black Sludge
|turn|2
|
|switch|p1a: Suicune|Suicune|404\/404
|-ability|p1a: Suicune|Pressure
|switch|p2a: Jirachi|Jirachi|341\/341
|
|turn|3
|
|move|p2a: Jirachi|U-turn|p1a: Suicune
|-damage|p1a: Suicune|343\/404
|
|switch|p2a: Swampert|Swampert, M|404\/404
|move|p1a: Suicune|Scald|p2a: Swampert
|-damage|p2a: Swampert|278\/404
|-status|p2a: Swampert|brn
|
|-heal|p1a: Suicune|368\/404|[from] item: Leftovers
|-heal|p2a: Swampert|303\/404 brn|[from] item: Leftovers
|-damage|p2a: Swampert|253\/404 brn|[from] brn
|turn|4
|
|switch|p1a: Golurk|Golurk|379\/379
|move|p2a: Swampert|Stealth Rock|p1a: Golurk
|-sidestart|p1: some weird shit|move: Stealth Rock
|
|-heal|p2a: Swampert|278\/404 brn|[from] item: Leftovers
|-damage|p2a: Swampert|228\/404 brn|[from] brn
|turn|5
|
|move|p2a: Swampert|Scald|p1a: Golurk
|-supereffective|p1a: Golurk
|-damage|p1a: Golurk|191\/379
|move|p1a: Golurk|Stealth Rock|p2a: Swampert
|-sidestart|p2: xMarth|move: Stealth Rock
|
|-heal|p2a: Swampert|253\/404 brn|[from] item: Leftovers
|-damage|p2a: Swampert|203\/404 brn|[from] brn
|turn|6
|
|move|p2a: Swampert|Scald|p1a: Golurk
|-supereffective|p1a: Golurk
|-damage|p1a: Golurk|27\/379
|move|p1a: Golurk|Earthquake|p2a: Swampert
|-damage|p2a: Swampert|47\/404 brn
|
|-heal|p2a: Swampert|72\/404 brn|[from] item: Leftovers
|-damage|p2a: Swampert|22\/404 brn|[from] brn
|turn|7
|join|BenzMafia
|
|move|p2a: Swampert|Scald|p1a: Golurk
|-supereffective|p1a: Golurk
|-damage|p1a: Golurk|0 fnt
|faint|p1a: Golurk
|
|-heal|p2a: Swampert|47\/404 brn|[from] item: Leftovers
|-damage|p2a: Swampert|0 fnt|[from] brn
|faint|p2a: Swampert
|
|switch|p1a: Mienshao|Mienshao, F|271\/271
|-damage|p1a: Mienshao|255\/271|[from] Stealth Rock
|switch|p2a: Crobat|Crobat, M|78\/339
|-damage|p2a: Crobat|0 fnt|[from] Stealth Rock
|faint|p2a: Crobat
|
|switch|p2a: Florges|Florges, F|360\/360
|-damage|p2a: Florges|315\/360|[from] Stealth Rock
|turn|8
|
|move|p1a: Mienshao|U-turn|p2a: Florges
|-resisted|p2a: Florges
|-damage|p2a: Florges|273\/360
|
|switch|p1a: Suicune|Suicune|368\/404
|-damage|p1a: Suicune|318\/404|[from] Stealth Rock
|-ability|p1a: Suicune|Pressure
|move|p2a: Florges|Moonblast|p1a: Suicune
|-damage|p1a: Suicune|206\/404
|
|-heal|p1a: Suicune|231\/404|[from] item: Leftovers
|-heal|p2a: Florges|295\/360|[from] item: Leftovers
|turn|9
|
|switch|p2a: Hydreigon|Hydreigon, M|325\/325
|-damage|p2a: Hydreigon|285\/325|[from] Stealth Rock
|move|p1a: Suicune|Calm Mind|p1a: Suicune
|-boost|p1a: Suicune|spa|1
|-boost|p1a: Suicune|spd|1
|
|-heal|p1a: Suicune|256\/404|[from] item: Leftovers
|turn|10
|
|move|p2a: Hydreigon|Dark Pulse|p1a: Suicune
|-damage|p1a: Suicune|151\/404
|-damage|p2a: Hydreigon|253\/325|[from] item: Life Orb
|move|p1a: Suicune|Ice Beam|p2a: Hydreigon
|-supereffective|p2a: Hydreigon
|-damage|p2a: Hydreigon|15\/325
|
|-heal|p1a: Suicune|176\/404|[from] item: Leftovers
|turn|11
|
|move|p2a: Hydreigon|Draco Meteor|p1a: Suicune|[miss]
|-miss|p2a: Hydreigon|p1a: Suicune
|move|p1a: Suicune|Calm Mind|p1a: Suicune
|-boost|p1a: Suicune|spa|1
|-boost|p1a: Suicune|spd|1
|
|-heal|p1a: Suicune|201\/404|[from] item: Leftovers
|turn|12
|
|move|p2a: Hydreigon|Draco Meteor|p1a: Suicune
|-damage|p1a: Suicune|71\/404
|-unboost|p2a: Hydreigon|spa|2
|-damage|p2a: Hydreigon|0 fnt|[from] item: Life Orb
|faint|p2a: Hydreigon
|move|p1a: Suicune|Calm Mind|p1a: Suicune
|-boost|p1a: Suicune|spa|1
|-boost|p1a: Suicune|spd|1
|
|-heal|p1a: Suicune|96\/404|[from] item: Leftovers
|
|switch|p2a: Kyurem|Kyurem|391\/391
|-damage|p2a: Kyurem|294\/391|[from] Stealth Rock
|-ability|p2a: Kyurem|Pressure
|turn|13
|
|move|p2a: Kyurem|Draco Meteor|p1a: Suicune
|-damage|p1a: Suicune|0 fnt
|-unboost|p2a: Kyurem|spa|2
|-damage|p2a: Kyurem|255\/391|[from] item: Life Orb
|faint|p1a: Suicune
|
|
|switch|p1a: Mienshao|Mienshao, F|255\/271
|-damage|p1a: Mienshao|239\/271|[from] Stealth Rock
|turn|14
|
|move|p1a: Mienshao|High Jump Kick|p2a: Kyurem
|-supereffective|p2a: Kyurem
|-damage|p2a: Kyurem|0 fnt
|faint|p2a: Kyurem
|
|
|switch|p2a: Florges|Florges, F|295\/360
|-damage|p2a: Florges|250\/360|[from] Stealth Rock
|turn|15
|join|sniperaim
|
|switch|p1a: Whimsicott|Whimsicott, F|261\/261
|-damage|p1a: Whimsicott|229\/261|[from] Stealth Rock
|move|p2a: Florges|Moonblast|p1a: Whimsicott
|-damage|p1a: Whimsicott|67\/261
|
|-heal|p1a: Whimsicott|83\/261|[from] item: Leftovers
|-heal|p2a: Florges|272\/360|[from] item: Leftovers
|turn|16
|
|move|p1a: Whimsicott|Moonblast|p2a: Florges
|-damage|p2a: Florges|200\/360
|move|p2a: Florges|Moonblast|p1a: Whimsicott
|-damage|p1a: Whimsicott|0 fnt
|faint|p1a: Whimsicott
|
|-heal|p2a: Florges|222\/360|[from] item: Leftovers
|
|switch|p1a: Krookodile|Krookodile, M|331\/331
|-damage|p1a: Krookodile|311\/331|[from] Stealth Rock
|-ability|p1a: Krookodile|Intimidate|[of] p2a: Florges
|-unboost|p2a: Florges|atk|1
|turn|17
|
|move|p2a: Florges|Protect|p2a: Florges
|-singleturn|p2a: Florges|Protect
|move|p1a: Krookodile|Earthquake|p2a: Florges
|-activate|p2a: Florges|Protect
|
|-heal|p2a: Florges|244\/360|[from] item: Leftovers
|turn|18
|
|move|p1a: Krookodile|Earthquake|p2a: Florges
|-damage|p2a: Florges|63\/360
|move|p2a: Florges|Moonblast|p1a: Krookodile
|-supereffective|p1a: Krookodile
|-damage|p1a: Krookodile|3\/331
|
|-heal|p2a: Florges|85\/360|[from] item: Leftovers
|turn|19
|
|move|p1a: Krookodile|Earthquake|p2a: Florges
|-damage|p2a: Florges|0 fnt
|faint|p2a: Florges
|
|
|switch|p2a: Jirachi|Jirachi|341\/341
|-damage|p2a: Jirachi|320\/341|[from] Stealth Rock
|turn|20
|
|move|p2a: Jirachi|Iron Head|p1a: Krookodile
|-damage|p1a: Krookodile|0 fnt
|faint|p1a: Krookodile
|
|
|switch|p1a: Mienshao|Mienshao, F|239\/271
|-damage|p1a: Mienshao|223\/271|[from] Stealth Rock
|turn|21
|
|move|p1a: Mienshao|Knock Off|p2a: Jirachi
|-crit|p2a: Jirachi
|-supereffective|p2a: Jirachi
|-damage|p2a: Jirachi|10\/341
|-enditem|p2a: Jirachi|Choice Scarf|[from] move: Knock Off|[of] p1a: Mienshao
|move|p2a: Jirachi|Iron Head|p1a: Mienshao
|-damage|p1a: Mienshao|57\/271
|
|turn|22
|c|âsome weird shit|gg
|
|move|p1a: Mienshao|Knock Off|p2a: Jirachi
|-supereffective|p2a: Jirachi
|-damage|p2a: Jirachi|0 fnt
|faint|p2a: Jirachi
|
|win|some weird shit
|raw|Ladder updating...
|leave|xMarth
|player|p2
|raw|some weird shit's rating: 1718 &rarr; <strong>1738<\/strong><br \/>(+20 for winning)
|raw|xMarth's rating: 1714 &rarr; <strong>1694<\/strong><br \/>(-20 for losing)
|leave|sniperaim
|leave|BenzMafia