|join|some weird shit
|join|Patrick1088
|player|p1|some weird shit|171
|player|p2|Patrick1088|102
|gametype|singles
|gen|6
|tier|UU
|rated
|rule|Sleep Clause Mod: Limit one foe put to sleep
|rule|Species Clause: Limit one of each PokÃ©mon
|rule|OHKO Clause: OHKO moves are banned
|rule|Moody Clause: Moody is banned
|rule|Evasion Moves Clause: Evasion moves are banned
|rule|Endless Battle Clause: Forcing endless battles is banned
|rule|HP Percentage Mod: HP is shown in percentages
|clearpoke
|poke|p1|Serperior, M
|poke|p1|Aggron, F
|poke|p1|Slowking, F
|poke|p1|Krookodile, M
|poke|p1|Florges, F
|poke|p1|Mienshao, M
|poke|p2|Jellicent, F
|poke|p2|Rhyperior, M
|poke|p2|Togetic, F
|poke|p2|Blissey, F
|poke|p2|Yanmega, M
|poke|p2|Alakazam, M
|rule|Swagger Clause: Swagger is banned
|rule|Baton Pass Clause: Limit one PokÃ©mon knowing Baton Pass
|teampreview
|
|start
|switch|p1a: Slowking|Slowking, F|391\/391
|switch|p2a: Jellicent|Jellicent, F|403\/403
|turn|1
|
|move|p2a: Jellicent|Taunt|p1a: Slowking
|-start|p1a: Slowking|move: Taunt
|cant|p1a: Slowking|move: Taunt|Nasty Plot
|
|turn|2
|
|switch|p1a: Serperior|Serperior, M|291\/291
|move|p2a: Jellicent|Scald|p1a: Serperior
|-resisted|p1a: Serperior
|-damage|p1a: Serperior|252\/291
|
|turn|3
|
|switch|p2a: Blissey|Blissey, F|713\/713
|move|p1a: Serperior|Leaf Storm|p2a: Blissey
|-damage|p2a: Blissey|569\/713
|-boost|p1a: Serperior|spa|2
|
|-heal|p2a: Blissey|613\/713|[from] item: Leftovers
|turn|4
|
|move|p1a: Serperior|Leaf Storm|p2a: Blissey
|-damage|p2a: Blissey|301\/713
|-boost|p1a: Serperior|spa|2
|move|p2a: Blissey|Toxic|p1a: Serperior
|-status|p1a: Serperior|tox
|
|-heal|p2a: Blissey|345\/713|[from] item: Leftovers
|-damage|p1a: Serperior|234\/291 tox|[from] psn
|turn|5
|
|switch|p1a: Aggron|Aggron, F|344\/344
|switch|p2a: Togetic|Togetic, F|313\/313
|
|turn|6
|
|switch|p2a: Jellicent|Jellicent, F|403\/403
|detailschange|p1a: Aggron|Aggron-Mega, F
|-mega|p1a: Aggron|Aggron|Aggronite
|move|p1a: Aggron|Stealth Rock|p2a: Jellicent
|-sidestart|p2: Patrick1088|move: Stealth Rock
|
|turn|7
|
|switch|p1a: Serperior|Serperior, M|234\/291 tox
|move|p2a: Jellicent|Scald|p1a: Serperior
|-resisted|p1a: Serperior
|-damage|p1a: Serperior|191\/291 tox
|
|-damage|p1a: Serperior|173\/291 tox|[from] psn
|turn|8
|
|switch|p2a: Togetic|Togetic, F|313\/313
|-damage|p2a: Togetic|235\/313|[from] Stealth Rock
|move|p1a: Serperior|Synthesis|p1a: Serperior
|-heal|p1a: Serperior|291\/291 tox
|
|-damage|p1a: Serperior|255\/291 tox|[from] psn
|turn|9
|
|switch|p1a: Aggron|Aggron-Mega, F|344\/344
|move|p2a: Togetic|Defog|p1a: Aggron
|-unboost|p1a: Aggron|evasion|1
|-sideend|p2: Patrick1088|Stealth Rock|[from] move: Defog|[of] p2a: Togetic
|
|turn|10
|
|switch|p2a: Jellicent|Jellicent, F|403\/403
|move|p1a: Aggron|Stealth Rock|p2a: Jellicent
|-sidestart|p2: Patrick1088|move: Stealth Rock
|
|turn|11
|
|switch|p1a: Serperior|Serperior, M|255\/291 tox
|move|p2a: Jellicent|Taunt|p1a: Serperior
|-start|p1a: Serperior|move: Taunt
|
|-damage|p1a: Serperior|237\/291 tox|[from] psn
|turn|12
|
|switch|p1a: Florges|Florges, F|359\/359
|switch|p2a: Togetic|Togetic, F|235\/313
|-damage|p2a: Togetic|157\/313|[from] Stealth Rock
|
|turn|13
|
|move|p1a: Florges|Aromatherapy|p1a: Florges
|-cureteam|p1a: Florges|[from] move: Aromatherapy
|move|p2a: Togetic|Defog|p1a: Florges
|-unboost|p1a: Florges|evasion|1
|-sideend|p2: Patrick1088|Stealth Rock|[from] move: Defog|[of] p2a: Togetic
|
|turn|14
|
|switch|p1a: Aggron|Aggron-Mega, F|344\/344
|move|p2a: Togetic|Roost|p2a: Togetic
|-heal|p2a: Togetic|313\/313
|
|turn|15
|
|move|p1a: Aggron|Stealth Rock|p2a: Togetic
|-sidestart|p2: Patrick1088|move: Stealth Rock
|move|p2a: Togetic|Nasty Plot|p2a: Togetic
|-boost|p2a: Togetic|spa|2
|
|turn|16
|
|move|p2a: Togetic|Baton Pass|p2a: Togetic
|
|switch|p2a: Alakazam|Alakazam, M|251\/251
|move|p1a: Aggron|Roar|p2a: Alakazam
|drag|p2a: Togetic|Togetic, F|313\/313
|-damage|p2a: Togetic|235\/313|[from] Stealth Rock
|
|turn|17
|
|switch|p1a: Serperior|Serperior, M|237\/291
|move|p2a: Togetic|Defog|p1a: Serperior
|-boost|p1a: Serperior|evasion|1
|-sideend|p2: Patrick1088|Stealth Rock|[from] move: Defog|[of] p2a: Togetic
|
|turn|18
|
|move|p1a: Serperior|Leaf Storm|p2a: Togetic
|-resisted|p2a: Togetic
|-damage|p2a: Togetic|191\/313
|-boost|p1a: Serperior|spa|2
|move|p2a: Togetic|Nasty Plot|p2a: Togetic
|-boost|p2a: Togetic|spa|2
|
|turn|19
|
|move|p1a: Serperior|Taunt|p2a: Togetic
|-start|p2a: Togetic|move: Taunt
|cant|p2a: Togetic|move: Taunt|Baton Pass
|
|turn|20
|
|switch|p2a: Yanmega|Yanmega, M|313\/313
|move|p1a: Serperior|Hidden Power|p2a: Yanmega
|-supereffective|p2a: Yanmega
|-damage|p2a: Yanmega|27\/313
|
|turn|21
|-message|Patrick1088 forfeited.
|leave|Patrick1088
|
|win|some weird shit
|raw|Ladder updating...
|player|p2
|raw|some weird shit's rating: 1535 &rarr; <strong>1549<\/strong><br \/>(+14 for winning)
|raw|Patrick1088's rating: 1443 &rarr; <strong>1428<\/strong><br \/>(-15 for losing)