|join|lil manaphy
|join|Wolf Bros
|player|p1|lil manaphy|9
|player|p2|Wolf Bros|168
|gametype|singles
|gen|6
|tier|OU
|rated
|clearpoke
|poke|p1|Gardevoir, F
|poke|p1|Keldeo
|poke|p1|Amoonguss, F
|poke|p1|Chansey, F
|poke|p1|Mandibuzz, F
|poke|p1|Landorus-Therian, M
|poke|p2|Sableye, M
|poke|p2|Excadrill, F
|poke|p2|Manaphy
|poke|p2|Gliscor, F
|poke|p2|Talonflame, F
|poke|p2|Clefable, F
|rule|Swagger Clause: Swagger is banned
|rule|Baton Pass Clause: Limit one PokÃ©mon knowing Baton Pass
|rule|Sleep Clause Mod: Limit one foe put to sleep
|rule|Species Clause: Limit one of each PokÃ©mon
|rule|OHKO Clause: OHKO moves are banned
|rule|Moody Clause: Moody is banned
|rule|Evasion Moves Clause: Evasion moves are banned
|rule|Endless Battle Clause: Forcing endless battles is banned
|rule|HP Percentage Mod: HP is shown in percentages
|teampreview
|
|start
|switch|p1a: Landorus-Therian|Landorus-Therian, M|382\/382
|switch|p2a: Manaphy|Manaphy|401\/401
|-ability|p1a: Landorus-Therian|Intimidate|[of] p2a: Manaphy
|-unboost|p2a: Manaphy|atk|1
|turn|1
|
|switch|p1a: Chansey|Chansey, F|703\/703
|move|p2a: Manaphy|Scald|p1a: Chansey
|-damage|p1a: Chansey|643\/703
|
|turn|2
|
|move|p2a: Manaphy|U-turn|p1a: Chansey
|-damage|p1a: Chansey|596\/703
|
|switch|p2a: Sableye|Sableye, M|303\/303
|move|p1a: Chansey|Thunder Wave|p2a: Sableye
|-status|p2a: Sableye|par
|
|turn|3
|
|switch|p1a: Amoonguss|Amoonguss, F|432\/432
|detailschange|p2a: Sableye|Sableye-Mega, M
|-mega|p2a: Sableye|Sableye|Sablenite
|move|p2a: Sableye|Knock Off|p1a: Amoonguss
|-damage|p1a: Amoonguss|347\/432
|-enditem|p1a: Amoonguss|Black Sludge|[from] move: Knock Off|[of] p2a: Sableye
|
|turn|4
|
|switch|p1a: Gardevoir|Gardevoir, F|277\/277
|-ability|p1a: Gardevoir|Magic Bounce|[from] ability: Trace|[of] p2a: Sableye
|switch|p2a: Gliscor|Gliscor, F|353\/353
|
|-status|p2a: Gliscor|tox|[from] item: Toxic Orb
|turn|5
|
|switch|p1a: Landorus-Therian|Landorus-Therian, M|382\/382
|-ability|p1a: Landorus-Therian|Intimidate|[of] p2a: Gliscor
|-unboost|p2a: Gliscor|atk|1
|switch|p2a: Excadrill|Excadrill, F|424\/424
|-ability|p2a: Excadrill|Mold Breaker
|
|turn|6
|
|switch|p2a: Sableye|Sableye-Mega, M|303\/303 par
|move|p1a: Landorus-Therian|Earthquake|p2a: Sableye
|-damage|p2a: Sableye|174\/303 par
|
|turn|7
|
|move|p1a: Landorus-Therian|U-turn|p2a: Sableye
|-damage|p2a: Sableye|106\/303 par
|
|switch|p1a: Gardevoir|Gardevoir, F|277\/277
|-ability|p1a: Gardevoir|Magic Bounce|[from] ability: Trace|[of] p2a: Sableye
|cant|p2a: Sableye|par
|
|turn|8
|
|switch|p2a: Excadrill|Excadrill, F|424\/424
|-ability|p2a: Excadrill|Mold Breaker
|detailschange|p1a: Gardevoir|Gardevoir-Mega, F
|-mega|p1a: Gardevoir|Gardevoir|Gardevoirite
|move|p1a: Gardevoir|Hyper Voice|p2a: Excadrill
|-resisted|p2a: Excadrill
|-damage|p2a: Excadrill|298\/424
|
|-heal|p2a: Excadrill|324\/424|[from] item: Leftovers
|turn|9
|
|switch|p1a: Landorus-Therian|Landorus-Therian, M|382\/382
|-ability|p1a: Landorus-Therian|Intimidate|[of] p2a: Excadrill
|-unboost|p2a: Excadrill|atk|1
|move|p2a: Excadrill|Iron Head|p1a: Landorus-Therian
|-damage|p1a: Landorus-Therian|315\/382
|
|-heal|p1a: Landorus-Therian|338\/382|[from] item: Leftovers
|-heal|p2a: Excadrill|350\/424|[from] item: Leftovers
|turn|10
|
|switch|p2a: Gliscor|Gliscor, F|353\/353 tox
|move|p1a: Landorus-Therian|Stealth Rock|p2a: Gliscor
|-sidestart|p2: Wolf Bros|move: Stealth Rock
|
|-heal|p1a: Landorus-Therian|361\/382|[from] item: Leftovers
|turn|11
|
|move|p2a: Gliscor|Stealth Rock|p1a: Landorus-Therian
|-sidestart|p1: lil manaphy|move: Stealth Rock
|move|p1a: Landorus-Therian|U-turn|p2a: Gliscor
|-resisted|p2a: Gliscor
|-damage|p2a: Gliscor|331\/353 tox
|
|switch|p1a: Keldeo|Keldeo|323\/323
|-damage|p1a: Keldeo|303\/323|[from] Stealth Rock
|
|-heal|p1a: Keldeo|323\/323|[from] item: Leftovers
|-heal|p2a: Gliscor|353\/353 tox|[from] ability: Poison Heal
|turn|12
|
|switch|p2a: Manaphy|Manaphy|401\/401
|-damage|p2a: Manaphy|351\/401|[from] Stealth Rock
|move|p1a: Keldeo|Scald|p2a: Manaphy
|-resisted|p2a: Manaphy
|-damage|p2a: Manaphy|300\/401
|
|-heal|p2a: Manaphy|325\/401|[from] item: Leftovers
|turn|13
|
|move|p1a: Keldeo|Substitute|p1a: Keldeo
|-start|p1a: Keldeo|Substitute
|-damage|p1a: Keldeo|243\/323
|move|p2a: Manaphy|Rain Dance|p2a: Manaphy
|-weather|RainDance
|
|-weather|RainDance|[upkeep]
|-heal|p1a: Keldeo|263\/323|[from] item: Leftovers
|-heal|p2a: Manaphy|350\/401|[from] item: Leftovers
|turn|14
|
|move|p1a: Keldeo|Calm Mind|p1a: Keldeo
|-boost|p1a: Keldeo|spa|1
|-boost|p1a: Keldeo|spd|1
|move|p2a: Manaphy|Scald|p1a: Keldeo
|-resisted|p1a: Keldeo
|-activate|p1a: Keldeo|Substitute|[damage]
|
|-weather|RainDance|[upkeep]
|-heal|p1a: Keldeo|283\/323|[from] item: Leftovers
|-heal|p2a: Manaphy|375\/401|[from] item: Leftovers
|turn|15
|
|move|p1a: Keldeo|Secret Sword|p2a: Manaphy
|-damage|p2a: Manaphy|134\/401
|move|p2a: Manaphy|Scald|p1a: Keldeo
|-resisted|p1a: Keldeo
|-end|p1a: Keldeo|Substitute
|
|-weather|RainDance|[upkeep]
|-heal|p1a: Keldeo|303\/323|[from] item: Leftovers
|-heal|p2a: Manaphy|159\/401|[from] item: Leftovers
|turn|16
|
|switch|p2a: Sableye|Sableye-Mega, M|106\/303 par
|-damage|p2a: Sableye|69\/303 par|[from] Stealth Rock
|move|p1a: Keldeo|Substitute|p1a: Keldeo
|-start|p1a: Keldeo|Substitute
|-damage|p1a: Keldeo|223\/323
|
|-weather|RainDance|[upkeep]
|-heal|p1a: Keldeo|243\/323|[from] item: Leftovers
|turn|17
|
|move|p1a: Keldeo|Scald|p2a: Sableye
|-damage|p2a: Sableye|0 fnt
|faint|p2a: Sableye
|
|-weather|none
|-heal|p1a: Keldeo|263\/323|[from] item: Leftovers
|
|switch|p2a: Clefable|Clefable, F|393\/393
|-damage|p2a: Clefable|344\/393|[from] Stealth Rock
|turn|18
|
|move|p1a: Keldeo|Scald|p2a: Clefable
|-damage|p2a: Clefable|215\/393
|move|p2a: Clefable|Calm Mind|p2a: Clefable
|-boost|p2a: Clefable|spa|1
|-boost|p2a: Clefable|spd|1
|
|-heal|p1a: Keldeo|283\/323|[from] item: Leftovers
|-heal|p2a: Clefable|239\/393|[from] item: Leftovers
|turn|19
|
|move|p1a: Keldeo|Scald|p2a: Clefable
|-damage|p2a: Clefable|148\/393
|-status|p2a: Clefable|brn
|move|p2a: Clefable|Moonblast|p1a: Keldeo
|-supereffective|p1a: Keldeo
|-end|p1a: Keldeo|Substitute
|
|-heal|p1a: Keldeo|303\/323|[from] item: Leftovers
|-heal|p2a: Clefable|172\/393 brn|[from] item: Leftovers
|-damage|p2a: Clefable|123\/393 brn|[from] brn
|turn|20
|
|switch|p1a: Amoonguss|Amoonguss, F|432\/432
|-damage|p1a: Amoonguss|378\/432|[from] Stealth Rock
|move|p2a: Clefable|Moonlight|p2a: Clefable
|-heal|p2a: Clefable|319\/393 brn
|
|-heal|p2a: Clefable|343\/393 brn|[from] item: Leftovers
|-damage|p2a: Clefable|294\/393 brn|[from] brn
|turn|21
|
|move|p2a: Clefable|Aromatherapy|p2a: Clefable
|-cureteam|p2a: Clefable|[from] move: Aromatherapy
|move|p1a: Amoonguss|Clear Smog|p2a: Clefable
|-crit|p2a: Clefable
|-supereffective|p2a: Clefable
|-damage|p2a: Clefable|150\/393
|-clearboost|p2a: Clefable
|
|-heal|p2a: Clefable|174\/393|[from] item: Leftovers
|turn|22
|
|switch|p1a: Gardevoir|Gardevoir-Mega, F|277\/277
|-damage|p1a: Gardevoir|243\/277|[from] Stealth Rock
|move|p2a: Clefable|Moonlight|p2a: Clefable
|-heal|p2a: Clefable|370\/393
|
|-heal|p2a: Clefable|393\/393|[from] item: Leftovers
|turn|23
|
|move|p1a: Gardevoir|Hyper Voice|p2a: Clefable
|-damage|p2a: Clefable|152\/393
|move|p2a: Clefable|Moonblast|p1a: Gardevoir
|-damage|p1a: Gardevoir|164\/277
|
|-heal|p2a: Clefable|176\/393|[from] item: Leftovers
|turn|24
|
|move|p1a: Gardevoir|Hyper Voice|p2a: Clefable
|-damage|p2a: Clefable|0 fnt
|faint|p2a: Clefable
|
|
|switch|p2a: Excadrill|Excadrill, F|350\/424
|-damage|p2a: Excadrill|337\/424|[from] Stealth Rock
|-ability|p2a: Excadrill|Mold Breaker
|turn|25
|
|switch|p1a: Landorus-Therian|Landorus-Therian, M|361\/382
|-damage|p1a: Landorus-Therian|314\/382|[from] Stealth Rock
|-ability|p1a: Landorus-Therian|Intimidate|[of] p2a: Excadrill
|-unboost|p2a: Excadrill|atk|1
|move|p2a: Excadrill|Rapid Spin|p1a: Landorus-Therian
|-damage|p1a: Landorus-Therian|302\/382
|-sideend|p2: Wolf Bros|Stealth Rock|[from] move: Rapid Spin|[of] p2a: Excadrill
|
|-heal|p1a: Landorus-Therian|325\/382|[from] item: Leftovers
|-heal|p2a: Excadrill|363\/424|[from] item: Leftovers
|turn|26
|
|switch|p2a: Manaphy|Manaphy|159\/401
|move|p1a: Landorus-Therian|Stealth Rock|p2a: Manaphy
|-sidestart|p2: Wolf Bros|move: Stealth Rock
|
|-heal|p2a: Manaphy|184\/401|[from] item: Leftovers
|-heal|p1a: Landorus-Therian|348\/382|[from] item: Leftovers
|turn|27
|
|switch|p1a: Keldeo|Keldeo|303\/323
|-damage|p1a: Keldeo|283\/323|[from] Stealth Rock
|move|p2a: Manaphy|Rain Dance|p2a: Manaphy
|-weather|RainDance
|
|-weather|RainDance|[upkeep]
|-heal|p1a: Keldeo|303\/323|[from] item: Leftovers
|-heal|p2a: Manaphy|209\/401|[from] item: Leftovers
|turn|28
|
|move|p1a: Keldeo|Substitute|p1a: Keldeo
|-start|p1a: Keldeo|Substitute
|-damage|p1a: Keldeo|223\/323
|move|p2a: Manaphy|U-turn|p1a: Keldeo
|-resisted|p1a: Keldeo
|-activate|p1a: Keldeo|Substitute|[damage]
|-message|Wolf Bros forfeited.
|
|win|lil manaphy
|raw|Ladder updating...
|leave|Wolf Bros
|player|p2
|raw|lil manaphy's rating: 1754 &rarr; <strong>1766<\/strong><br \/>(+12 for winning)
|raw|Wolf Bros's rating: 1605 &rarr; <strong>1594<\/strong><br \/>(-11 for losing)