|join|Appreciation
|join|Wolf Bros
|player|p1|Appreciation|68
|player|p2|Wolf Bros|168
|gametype|singles
|gen|6
|tier|OU
|rated
|clearpoke
|poke|p1|Lopunny, M
|poke|p1|Rotom-Wash
|poke|p1|Latias, F
|poke|p1|Keldeo
|poke|p1|Skarmory, F
|poke|p1|Heatran, M
|poke|p2|Sableye, M
|poke|p2|Excadrill, F
|poke|p2|Manaphy
|poke|p2|Gliscor, F
|poke|p2|Talonflame, M
|poke|p2|Clefable, F
|rule|Swagger Clause: Swagger is banned
|rule|Baton Pass Clause: Limit one PokÃ©mon knowing Baton Pass
|rule|Sleep Clause Mod: Limit one foe put to sleep
|rule|Species Clause: Limit one of each PokÃ©mon
|rule|OHKO Clause: OHKO moves are banned
|rule|Moody Clause: Moody is banned
|rule|Evasion Moves Clause: Evasion moves are banned
|rule|Endless Battle Clause: Forcing endless battles is banned
|rule|HP Percentage Mod: HP is shown in percentages
|teampreview
|c|âAppreciation|gl lel
|
|start
|switch|p1a: Keldeo|Keldeo|323\/323
|switch|p2a: Manaphy|Manaphy|401\/401
|turn|1
|
|move|p1a: Keldeo|Calm Mind|p1a: Keldeo
|-boost|p1a: Keldeo|spa|1
|-boost|p1a: Keldeo|spd|1
|move|p2a: Manaphy|U-turn|p1a: Keldeo
|-resisted|p1a: Keldeo
|-damage|p1a: Keldeo|294\/323
|
|switch|p2a: Talonflame|Talonflame, M|345\/345
|
|-heal|p1a: Keldeo|314\/323|[from] item: Leftovers
|turn|2
|
|switch|p1a: Heatran|Heatran, M|323\/323
|switch|p2a: Gliscor|Gliscor, F|353\/353
|
|-status|p2a: Gliscor|tox|[from] item: Toxic Orb
|turn|3
|
|move|p1a: Heatran|Hidden Power|p2a: Gliscor
|-supereffective|p2a: Gliscor
|-damage|p2a: Gliscor|0 fnt
|faint|p2a: Gliscor
|
|
|switch|p2a: Excadrill|Excadrill, F|424\/424
|-ability|p2a: Excadrill|Mold Breaker
|turn|4
|
|switch|p1a: Rotom-Wash|Rotom-Wash|303\/303
|switch|p2a: Manaphy|Manaphy|401\/401
|
|turn|5
|
|move|p2a: Manaphy|Scald|p1a: Rotom-Wash
|-resisted|p1a: Rotom-Wash
|-damage|p1a: Rotom-Wash|260\/303
|move|p1a: Rotom-Wash|Volt Switch|p2a: Manaphy
|-supereffective|p2a: Manaphy
|-damage|p2a: Manaphy|285\/401
|
|switch|p1a: Lopunny|Lopunny, M|271\/271
|
|-heal|p2a: Manaphy|310\/401|[from] item: Leftovers
|turn|6
|
|detailschange|p1a: Lopunny|Lopunny-Mega, M
|-mega|p1a: Lopunny|Lopunny|Lopunnite
|move|p1a: Lopunny|High Jump Kick|p2a: Manaphy
|-damage|p2a: Manaphy|81\/401
|move|p2a: Manaphy|Scald|p1a: Lopunny
|-damage|p1a: Lopunny|166\/271
|-status|p1a: Lopunny|brn
|
|-heal|p2a: Manaphy|106\/401|[from] item: Leftovers
|-damage|p1a: Lopunny|133\/271 brn|[from] brn
|turn|7
|c|âAppreciation|lol
|
|move|p1a: Lopunny|High Jump Kick|p2a: Manaphy
|-damage|p2a: Manaphy|0 fnt
|faint|p2a: Manaphy
|
|-damage|p1a: Lopunny|100\/271 brn|[from] brn
|
|switch|p2a: Sableye|Sableye, M|303\/303
|turn|8
|
|detailschange|p2a: Sableye|Sableye-Mega, M
|-mega|p2a: Sableye|Sableye|Sablenite
|move|p1a: Lopunny|High Jump Kick|p2a: Sableye
|-supereffective|p2a: Sableye
|-damage|p2a: Sableye|117\/303
|move|p2a: Sableye|Knock Off|p1a: Lopunny
|-resisted|p1a: Lopunny
|-damage|p1a: Lopunny|65\/271 brn
|
|-damage|p1a: Lopunny|32\/271 brn|[from] brn
|turn|9
|
|switch|p1a: Latias|Latias, F|301\/301
|move|p2a: Sableye|Recover|p2a: Sableye
|-heal|p2a: Sableye|269\/303
|
|turn|10
|
|switch|p1a: Heatran|Heatran, M|323\/323
|move|p2a: Sableye|Recover|p2a: Sableye
|-heal|p2a: Sableye|303\/303
|
|turn|11
|
|switch|p1a: Keldeo|Keldeo|314\/323
|move|p2a: Sableye|Knock Off|p1a: Keldeo
|-resisted|p1a: Keldeo
|-damage|p1a: Keldeo|264\/323
|-boost|p1a: Keldeo|atk|1|[from] ability: Justified
|-enditem|p1a: Keldeo|Leftovers|[from] move: Knock Off|[of] p2a: Sableye
|
|turn|12
|
|move|p1a: Keldeo|Scald|p2a: Sableye
|-damage|p2a: Sableye|198\/303
|move|p2a: Sableye|Will-O-Wisp|p1a: Keldeo
|-status|p1a: Keldeo|brn
|
|-damage|p1a: Keldeo|224\/323 brn|[from] brn
|turn|13
|
|move|p1a: Keldeo|Scald|p2a: Sableye
|-damage|p2a: Sableye|90\/303
|move|p2a: Sableye|Recover|p2a: Sableye
|-heal|p2a: Sableye|242\/303
|
|-damage|p1a: Keldeo|184\/323 brn|[from] brn
|turn|14
|c|âAppreciation|lol
|
|switch|p2a: Clefable|Clefable, F|393\/393
|move|p1a: Keldeo|Scald|p2a: Clefable
|-damage|p2a: Clefable|258\/393
|
|-heal|p2a: Clefable|282\/393|[from] item: Leftovers
|-damage|p1a: Keldeo|144\/323 brn|[from] brn
|turn|15
|c|âAppreciation|LOL
|c|âAppreciation|3\/0
|c|âAppreciation|u get it first try
|
|switch|p1a: Skarmory|Skarmory, F|333\/333
|move|p2a: Clefable|Moonlight|p2a: Clefable
|-heal|p2a: Clefable|393\/393
|
|turn|16
|
|switch|p1a: Heatran|Heatran, M|323\/323
|switch|p2a: Sableye|Sableye-Mega, M|242\/303
|
|turn|17
|
|move|p1a: Heatran|Fire Blast|p2a: Sableye
|-damage|p2a: Sableye|113\/303
|move|p2a: Sableye|Knock Off|p1a: Heatran
|-damage|p1a: Heatran|223\/323
|-enditem|p1a: Heatran|Choice Scarf|[from] move: Knock Off|[of] p2a: Sableye
|
|turn|18
|
|move|p1a: Heatran|Fire Blast|p2a: Sableye
|-damage|p2a: Sableye|0 fnt
|faint|p2a: Sableye
|
|
|switch|p2a: Talonflame|Talonflame, M|345\/345
|turn|19
|
|switch|p1a: Skarmory|Skarmory, F|333\/333
|move|p2a: Talonflame|Brave Bird|p1a: Skarmory
|-resisted|p1a: Skarmory
|-damage|p1a: Skarmory|282\/333
|-damage|p2a: Talonflame|288\/345|[from] item: Rocky Helmet|[of] p1a: Skarmory
|-damage|p2a: Talonflame|271\/345|[from] recoil|[of] p1a: Skarmory
|
|-heal|p2a: Talonflame|292\/345|[from] item: Leftovers
|turn|20
|
|switch|p1a: Rotom-Wash|Rotom-Wash|260\/303
|move|p2a: Talonflame|Will-O-Wisp|p1a: Rotom-Wash
|-status|p1a: Rotom-Wash|brn
|
|-heal|p2a: Talonflame|313\/345|[from] item: Leftovers
|-heal|p1a: Rotom-Wash|278\/303 brn|[from] item: Leftovers
|-damage|p1a: Rotom-Wash|241\/303 brn|[from] brn
|turn|21
|
|switch|p2a: Clefable|Clefable, F|393\/393
|move|p1a: Rotom-Wash|Hydro Pump|p2a: Clefable|[miss]
|-miss|p1a: Rotom-Wash|p2a: Clefable
|
|-heal|p1a: Rotom-Wash|259\/303 brn|[from] item: Leftovers
|-damage|p1a: Rotom-Wash|222\/303 brn|[from] brn
|turn|22
|
|move|p1a: Rotom-Wash|Volt Switch|p2a: Clefable
|-damage|p2a: Clefable|308\/393
|
|switch|p1a: Skarmory|Skarmory, F|282\/333
|move|p2a: Clefable|Moonblast|p1a: Skarmory
|-crit|p1a: Skarmory
|-resisted|p1a: Skarmory
|-damage|p1a: Skarmory|168\/333
|
|-heal|p2a: Clefable|332\/393|[from] item: Leftovers
|turn|23
|
|switch|p2a: Talonflame|Talonflame, M|313\/345
|move|p1a: Skarmory|Stealth Rock|p2a: Talonflame
|-sidestart|p2: Wolf Bros|move: Stealth Rock
|
|-heal|p2a: Talonflame|334\/345|[from] item: Leftovers
|turn|24
|
|switch|p1a: Heatran|Heatran, M|223\/323
|move|p2a: Talonflame|Brave Bird|p1a: Heatran
|-resisted|p1a: Heatran
|-damage|p1a: Heatran|137\/323
|-damage|p2a: Talonflame|306\/345|[from] recoil|[of] p1a: Heatran
|
|-heal|p2a: Talonflame|327\/345|[from] item: Leftovers
|turn|25
|
|switch|p1a: Skarmory|Skarmory, F|168\/333
|move|p2a: Talonflame|Brave Bird|p1a: Skarmory
|-resisted|p1a: Skarmory
|-damage|p1a: Skarmory|119\/333
|-damage|p2a: Talonflame|270\/345|[from] item: Rocky Helmet|[of] p1a: Skarmory
|-damage|p2a: Talonflame|254\/345|[from] recoil|[of] p1a: Skarmory
|
|-heal|p2a: Talonflame|275\/345|[from] item: Leftovers
|turn|26
|
|move|p2a: Talonflame|Brave Bird|p1a: Skarmory
|-resisted|p1a: Skarmory
|-damage|p1a: Skarmory|68\/333
|-damage|p2a: Talonflame|218\/345|[from] item: Rocky Helmet|[of] p1a: Skarmory
|-damage|p2a: Talonflame|201\/345|[from] recoil|[of] p1a: Skarmory
|move|p1a: Skarmory|Roost|p1a: Skarmory
|-heal|p1a: Skarmory|235\/333
|
|-heal|p2a: Talonflame|222\/345|[from] item: Leftovers
|turn|27
|
|move|p2a: Talonflame|Brave Bird|p1a: Skarmory
|-resisted|p1a: Skarmory
|-damage|p1a: Skarmory|183\/333
|-damage|p2a: Talonflame|165\/345|[from] item: Rocky Helmet|[of] p1a: Skarmory
|-damage|p2a: Talonflame|148\/345|[from] recoil|[of] p1a: Skarmory
|move|p1a: Skarmory|Whirlwind|p2a: Talonflame
|drag|p2a: Excadrill|Excadrill, F|424\/424
|-damage|p2a: Excadrill|411\/424|[from] Stealth Rock
|-ability|p2a: Excadrill|Mold Breaker
|
|-heal|p2a: Excadrill|424\/424|[from] item: Leftovers
|turn|28
|
|move|p2a: Excadrill|Rapid Spin|p1a: Skarmory
|-resisted|p1a: Skarmory
|-damage|p1a: Skarmory|177\/333
|-damage|p2a: Excadrill|354\/424|[from] item: Rocky Helmet|[of] p1a: Skarmory
|-sideend|p2: Wolf Bros|Stealth Rock|[from] move: Rapid Spin|[of] p2a: Excadrill
|move|p1a: Skarmory|Roost|p1a: Skarmory
|-heal|p1a: Skarmory|333\/333
|
|-heal|p2a: Excadrill|380\/424|[from] item: Leftovers
|turn|29
|
|switch|p2a: Talonflame|Talonflame, M|148\/345
|move|p1a: Skarmory|Stealth Rock|p2a: Talonflame
|-sidestart|p2: Wolf Bros|move: Stealth Rock
|
|-heal|p2a: Talonflame|169\/345|[from] item: Leftovers
|turn|30
|
|move|p2a: Talonflame|Taunt|p1a: Skarmory
|-start|p1a: Skarmory|move: Taunt
|cant|p1a: Skarmory|move: Taunt|Whirlwind
|
|-heal|p2a: Talonflame|190\/345|[from] item: Leftovers
|turn|31
|
|switch|p1a: Rotom-Wash|Rotom-Wash|222\/303 brn
|move|p2a: Talonflame|Brave Bird|p1a: Rotom-Wash
|-resisted|p1a: Rotom-Wash
|-damage|p1a: Rotom-Wash|167\/303 brn
|-damage|p2a: Talonflame|172\/345|[from] recoil|[of] p1a: Rotom-Wash
|
|-heal|p2a: Talonflame|193\/345|[from] item: Leftovers
|-heal|p1a: Rotom-Wash|185\/303 brn|[from] item: Leftovers
|-damage|p1a: Rotom-Wash|148\/303 brn|[from] brn
|turn|32
|
|move|p2a: Talonflame|Roost|p2a: Talonflame
|-heal|p2a: Talonflame|345\/345
|move|p1a: Rotom-Wash|Hydro Pump|p2a: Talonflame
|-supereffective|p2a: Talonflame
|-damage|p2a: Talonflame|0 fnt
|faint|p2a: Talonflame
|
|-heal|p1a: Rotom-Wash|166\/303 brn|[from] item: Leftovers
|-damage|p1a: Rotom-Wash|129\/303 brn|[from] brn
|
|switch|p2a: Excadrill|Excadrill, F|380\/424
|-damage|p2a: Excadrill|367\/424|[from] Stealth Rock
|-ability|p2a: Excadrill|Mold Breaker
|turn|33
|
|move|p2a: Excadrill|Rapid Spin|p1a: Rotom-Wash
|-damage|p1a: Rotom-Wash|115\/303 brn
|-sideend|p2: Wolf Bros|Stealth Rock|[from] move: Rapid Spin|[of] p2a: Excadrill
|move|p1a: Rotom-Wash|Will-O-Wisp|p2a: Excadrill
|-status|p2a: Excadrill|brn
|
|-heal|p2a: Excadrill|393\/424 brn|[from] item: Leftovers
|-heal|p1a: Rotom-Wash|133\/303 brn|[from] item: Leftovers
|-damage|p2a: Excadrill|340\/424 brn|[from] brn
|-damage|p1a: Rotom-Wash|96\/303 brn|[from] brn
|turn|34
|
|move|p2a: Excadrill|Iron Head|p1a: Rotom-Wash
|-resisted|p1a: Rotom-Wash
|-damage|p1a: Rotom-Wash|85\/303 brn
|move|p1a: Rotom-Wash|Pain Split|p2a: Excadrill
|-sethp|p2a: Excadrill|212\/424 brn|p1a: Rotom-Wash|212\/303 brn|[from] move: Pain Split
|
|-heal|p2a: Excadrill|238\/424 brn|[from] item: Leftovers
|-heal|p1a: Rotom-Wash|230\/303 brn|[from] item: Leftovers
|-damage|p2a: Excadrill|185\/424 brn|[from] brn
|-damage|p1a: Rotom-Wash|193\/303 brn|[from] brn
|turn|35
|
|move|p2a: Excadrill|Iron Head|p1a: Rotom-Wash
|-resisted|p1a: Rotom-Wash
|-damage|p1a: Rotom-Wash|183\/303 brn
|move|p1a: Rotom-Wash|Hydro Pump|p2a: Excadrill
|-supereffective|p2a: Excadrill
|-damage|p2a: Excadrill|0 fnt
|faint|p2a: Excadrill
|
|-heal|p1a: Rotom-Wash|201\/303 brn|[from] item: Leftovers
|-damage|p1a: Rotom-Wash|164\/303 brn|[from] brn
|
|switch|p2a: Clefable|Clefable, F|332\/393
|turn|36
|
|switch|p1a: Heatran|Heatran, M|137\/323
|move|p2a: Clefable|Calm Mind|p2a: Clefable
|-boost|p2a: Clefable|spa|1
|-boost|p2a: Clefable|spd|1
|
|-heal|p2a: Clefable|356\/393|[from] item: Leftovers
|turn|37
|
|move|p1a: Heatran|Flash Cannon|p2a: Clefable
|-supereffective|p2a: Clefable
|-damage|p2a: Clefable|176\/393
|move|p2a: Clefable|Calm Mind|p2a: Clefable
|-boost|p2a: Clefable|spa|1
|-boost|p2a: Clefable|spd|1
|
|-heal|p2a: Clefable|200\/393|[from] item: Leftovers
|turn|38
|
|move|p1a: Heatran|Flash Cannon|p2a: Clefable
|-supereffective|p2a: Clefable
|-damage|p2a: Clefable|56\/393
|move|p2a: Clefable|Moonlight|p2a: Clefable
|-heal|p2a: Clefable|252\/393
|
|-heal|p2a: Clefable|276\/393|[from] item: Leftovers
|turn|39
|
|move|p1a: Heatran|Flash Cannon|p2a: Clefable
|-supereffective|p2a: Clefable
|-damage|p2a: Clefable|136\/393
|move|p2a: Clefable|Calm Mind|p2a: Clefable
|-boost|p2a: Clefable|spa|1
|-boost|p2a: Clefable|spd|1
|
|-heal|p2a: Clefable|160\/393|[from] item: Leftovers
|turn|40
|
|move|p1a: Heatran|Flash Cannon|p2a: Clefable
|-supereffective|p2a: Clefable
|-damage|p2a: Clefable|50\/393
|move|p2a: Clefable|Moonlight|p2a: Clefable
|-heal|p2a: Clefable|246\/393
|
|-heal|p2a: Clefable|270\/393|[from] item: Leftovers
|turn|41
|
|move|p1a: Heatran|Flash Cannon|p2a: Clefable
|-supereffective|p2a: Clefable
|-damage|p2a: Clefable|156\/393
|move|p2a: Clefable|Calm Mind|p2a: Clefable
|-boost|p2a: Clefable|spa|1
|-boost|p2a: Clefable|spd|1
|
|-heal|p2a: Clefable|180\/393|[from] item: Leftovers
|turn|42
|
|move|p1a: Heatran|Flash Cannon|p2a: Clefable
|-supereffective|p2a: Clefable
|-damage|p2a: Clefable|84\/393
|move|p2a: Clefable|Calm Mind|p2a: Clefable
|-boost|p2a: Clefable|spa|1
|-boost|p2a: Clefable|spd|1
|
|-heal|p2a: Clefable|108\/393|[from] item: Leftovers
|turn|43
|c|âAppreciation|lol no crits
|
|move|p1a: Heatran|Flash Cannon|p2a: Clefable
|-supereffective|p2a: Clefable
|-damage|p2a: Clefable|34\/393
|-unboost|p2a: Clefable|spd|1
|move|p2a: Clefable|Moonlight|p2a: Clefable
|-heal|p2a: Clefable|230\/393
|
|-heal|p2a: Clefable|254\/393|[from] item: Leftovers
|turn|44
|c|âAppreciation|the luck is real
|
|move|p1a: Heatran|Flash Cannon|p2a: Clefable
|-supereffective|p2a: Clefable
|-damage|p2a: Clefable|152\/393
|move|p2a: Clefable|Calm Mind|p2a: Clefable
|-boost|p2a: Clefable|spa|1
|-boost|p2a: Clefable|spd|1
|
|-heal|p2a: Clefable|176\/393|[from] item: Leftovers
|turn|45
|
|move|p1a: Heatran|Flash Cannon|p2a: Clefable
|-supereffective|p2a: Clefable
|-damage|p2a: Clefable|96\/393
|move|p2a: Clefable|Moonlight|p2a: Clefable
|-heal|p2a: Clefable|292\/393
|
|-heal|p2a: Clefable|316\/393|[from] item: Leftovers
|turn|46
|
|move|p1a: Heatran|Flash Cannon|p2a: Clefable
|-supereffective|p2a: Clefable
|-damage|p2a: Clefable|242\/393
|move|p2a: Clefable|Moonlight|p2a: Clefable
|-heal|p2a: Clefable|393\/393
|
|turn|47
|
|move|p1a: Heatran|Flash Cannon|p2a: Clefable
|-supereffective|p2a: Clefable
|-damage|p2a: Clefable|321\/393
|move|p2a: Clefable|Moonblast|p1a: Heatran
|-resisted|p1a: Heatran
|-damage|p1a: Heatran|37\/323
|
|-heal|p2a: Clefable|345\/393|[from] item: Leftovers
|turn|48
|
|switch|p1a: Keldeo|Keldeo|144\/323 brn
|move|p2a: Clefable|Calm Mind|p2a: Clefable
|-boost|p2a: Clefable|spd|1
|
|-heal|p2a: Clefable|369\/393|[from] item: Leftovers
|-damage|p1a: Keldeo|104\/323 brn|[from] brn
|turn|49
|
|move|p1a: Keldeo|Scald|p2a: Clefable
|-damage|p2a: Clefable|329\/393
|-status|p2a: Clefable|brn
|move|p2a: Clefable|Moonblast|p1a: Keldeo
|-supereffective|p1a: Keldeo
|-damage|p1a: Keldeo|0 fnt
|faint|p1a: Keldeo
|
|-heal|p2a: Clefable|353\/393 brn|[from] item: Leftovers
|-damage|p2a: Clefable|304\/393 brn|[from] brn
|
|switch|p1a: Latias|Latias, F|301\/301
|turn|50
|
|move|p1a: Latias|Psyshock|p2a: Clefable
|-damage|p2a: Clefable|139\/393 brn
|-damage|p1a: Latias|271\/301|[from] item: Life Orb
|move|p2a: Clefable|Aromatherapy|p2a: Clefable
|-cureteam|p2a: Clefable|[from] move: Aromatherapy
|
|-heal|p2a: Clefable|163\/393|[from] item: Leftovers
|turn|51
|
|move|p1a: Latias|Psyshock|p2a: Clefable
|-damage|p2a: Clefable|0 fnt
|-damage|p1a: Latias|241\/301|[from] item: Life Orb
|faint|p2a: Clefable
|
|win|Appreciation
|raw|Ladder updating...
|raw|Appreciation's rating: 1666 &rarr; <strong>1684<\/strong><br \/>(+18 for winning)
|raw|Wolf Bros's rating: 1620 &rarr; <strong>1602<\/strong><br \/>(-18 for losing)
|c|âAppreciation|bg
|c|âAppreciation|imo
|c|âWolf Bros|cry
|c|âWolf Bros|some more
|c|âAppreciation|lel
|c|âAppreciation|gg