|join|DRACO66
|join|Wolf Bros
|player|p1|DRACO66|1
|player|p2|Wolf Bros|168
|gametype|singles
|gen|6
|tier|OU
|rated
|clearpoke
|poke|p1|Weavile, M
|poke|p1|Terrakion
|poke|p1|Gardevoir, F
|poke|p1|Conkeldurr, F
|poke|p1|Slowbro, M
|poke|p1|Thundurus, M
|poke|p2|Sableye, M
|poke|p2|Excadrill, F
|poke|p2|Manaphy
|poke|p2|Gliscor, M
|poke|p2|Talonflame, M
|poke|p2|Clefable, M
|rule|Swagger Clause: Swagger is banned
|rule|Baton Pass Clause: Limit one PokÃ©mon knowing Baton Pass
|rule|Sleep Clause Mod: Limit one foe put to sleep
|rule|Species Clause: Limit one of each PokÃ©mon
|rule|OHKO Clause: OHKO moves are banned
|rule|Moody Clause: Moody is banned
|rule|Evasion Moves Clause: Evasion moves are banned
|rule|Endless Battle Clause: Forcing endless battles is banned
|rule|HP Percentage Mod: HP is shown in percentages
|teampreview
|
|start
|switch|p1a: Slowbro|Slowbro, M|394\/394
|switch|p2a: Excadrill|Excadrill, F|424\/424
|-ability|p2a: Excadrill|Mold Breaker
|turn|1
|
|switch|p2a: Sableye|Sableye, M|303\/303
|move|p1a: Slowbro|Scald|p2a: Sableye
|-damage|p2a: Sableye|207\/303
|-status|p2a: Sableye|brn
|
|-damage|p2a: Sableye|170\/303 brn|[from] brn
|turn|2
|join|mirimaga
|
|switch|p1a: Gardevoir|Gardevoir, F|292\/292
|-ability|p1a: Gardevoir|Prankster|[from] ability: Trace|[of] p2a: Sableye
|detailschange|p2a: Sableye|Sableye-Mega, M
|-mega|p2a: Sableye|Sableye|Sablenite
|move|p2a: Sableye|Recover|p2a: Sableye
|-heal|p2a: Sableye|303\/303 brn
|
|-damage|p2a: Sableye|266\/303 brn|[from] brn
|turn|3
|
|switch|p2a: Excadrill|Excadrill, F|424\/424
|-ability|p2a: Excadrill|Mold Breaker
|detailschange|p1a: Gardevoir|Gardevoir-Mega, F
|-mega|p1a: Gardevoir|Gardevoir|Gardevoirite
|move|p1a: Gardevoir|Hidden Power|p2a: Excadrill
|-supereffective|p2a: Excadrill
|-damage|p2a: Excadrill|260\/424
|
|-heal|p2a: Excadrill|286\/424|[from] item: Leftovers
|turn|4
|
|switch|p1a: Terrakion|Terrakion|323\/323
|switch|p2a: Gliscor|Gliscor, M|353\/353
|
|-status|p2a: Gliscor|tox|[from] item: Toxic Orb
|turn|5
|
|move|p1a: Terrakion|Stone Edge|p2a: Gliscor
|-damage|p2a: Gliscor|248\/353 tox
|move|p2a: Gliscor|Stealth Rock|p1a: Terrakion
|-sidestart|p1: DRACO66|move: Stealth Rock
|
|-heal|p2a: Gliscor|292\/353 tox|[from] ability: Poison Heal
|turn|6
|
|move|p1a: Terrakion|Stealth Rock|p2a: Gliscor
|-sidestart|p2: Wolf Bros|move: Stealth Rock
|move|p2a: Gliscor|Earthquake|p1a: Terrakion
|-supereffective|p1a: Terrakion
|-damage|p1a: Terrakion|95\/323
|
|-heal|p2a: Gliscor|336\/353 tox|[from] ability: Poison Heal
|turn|7
|
|move|p1a: Terrakion|Stone Edge|p2a: Gliscor
|-damage|p2a: Gliscor|228\/353 tox
|move|p2a: Gliscor|U-turn|p1a: Terrakion
|-resisted|p1a: Terrakion
|-damage|p1a: Terrakion|68\/323
|
|switch|p2a: Clefable|Clefable, M|393\/393
|-damage|p2a: Clefable|344\/393|[from] Stealth Rock
|
|-heal|p2a: Clefable|368\/393|[from] item: Leftovers
|turn|8
|
|move|p1a: Terrakion|Stone Edge|p2a: Clefable
|-damage|p2a: Clefable|199\/393
|move|p2a: Clefable|Moonblast|p1a: Terrakion
|-supereffective|p1a: Terrakion
|-damage|p1a: Terrakion|0 fnt
|faint|p1a: Terrakion
|
|-heal|p2a: Clefable|223\/393|[from] item: Leftovers
|
|switch|p1a: Gardevoir|Gardevoir-Mega, F|292\/292
|-damage|p1a: Gardevoir|256\/292|[from] Stealth Rock
|turn|9
|
|move|p1a: Gardevoir|Psyshock|p2a: Clefable
|-damage|p2a: Clefable|39\/393
|move|p2a: Clefable|Moonlight|p2a: Clefable
|-heal|p2a: Clefable|235\/393
|
|-heal|p2a: Clefable|259\/393|[from] item: Leftovers
|turn|10
|
|move|p1a: Gardevoir|Psyshock|p2a: Clefable
|-damage|p2a: Clefable|84\/393
|move|p2a: Clefable|Moonblast|p1a: Gardevoir
|-damage|p1a: Gardevoir|169\/292
|-unboost|p1a: Gardevoir|spa|1
|
|-heal|p2a: Clefable|108\/393|[from] item: Leftovers
|turn|11
|
|move|p1a: Gardevoir|Hyper Voice|p2a: Clefable
|-damage|p2a: Clefable|0 fnt
|faint|p2a: Clefable
|
|
|switch|p2a: Excadrill|Excadrill, F|286\/424
|-damage|p2a: Excadrill|273\/424|[from] Stealth Rock
|-ability|p2a: Excadrill|Mold Breaker
|turn|12
|
|switch|p1a: Slowbro|Slowbro, M|394\/394
|-damage|p1a: Slowbro|345\/394|[from] Stealth Rock
|move|p2a: Excadrill|Rapid Spin|p1a: Slowbro
|-damage|p1a: Slowbro|330\/394
|-sideend|p2: Wolf Bros|Stealth Rock|[from] move: Rapid Spin|[of] p2a: Excadrill
|
|-heal|p2a: Excadrill|299\/424|[from] item: Leftovers
|-heal|p1a: Slowbro|354\/394|[from] item: Leftovers
|turn|13
|
|move|p2a: Excadrill|Toxic|p1a: Slowbro
|-status|p1a: Slowbro|tox
|move|p1a: Slowbro|Scald|p2a: Excadrill
|-supereffective|p2a: Excadrill
|-damage|p2a: Excadrill|93\/424
|
|-heal|p2a: Excadrill|119\/424|[from] item: Leftovers
|-heal|p1a: Slowbro|378\/394 tox|[from] item: Leftovers
|-damage|p1a: Slowbro|354\/394 tox|[from] psn
|turn|14
|
|switch|p2a: Manaphy|Manaphy|401\/401
|move|p1a: Slowbro|Scald|p2a: Manaphy
|-resisted|p2a: Manaphy
|-damage|p2a: Manaphy|362\/401
|
|-heal|p2a: Manaphy|387\/401|[from] item: Leftovers
|-heal|p1a: Slowbro|378\/394 tox|[from] item: Leftovers
|-damage|p1a: Slowbro|330\/394 tox|[from] psn
|turn|15
|
|move|p2a: Manaphy|Rain Dance|p2a: Manaphy
|-weather|RainDance
|move|p1a: Slowbro|Thunder Wave|p2a: Manaphy
|-status|p2a: Manaphy|par
|
|-weather|RainDance|[upkeep]
|-heal|p1a: Slowbro|354\/394 tox|[from] item: Leftovers
|-curestatus|p2a: Manaphy|par
|-heal|p2a: Manaphy|401\/401|[from] item: Leftovers
|-damage|p1a: Slowbro|282\/394 tox|[from] psn
|turn|16
|
|switch|p1a: Gardevoir|Gardevoir-Mega, F|169\/292
|-damage|p1a: Gardevoir|133\/292|[from] Stealth Rock
|move|p2a: Manaphy|Scald|p1a: Gardevoir
|-damage|p1a: Gardevoir|16\/292
|
|-weather|RainDance|[upkeep]
|turn|17
|
|move|p1a: Gardevoir|Hyper Voice|p2a: Manaphy
|-damage|p2a: Manaphy|197\/401
|move|p2a: Manaphy|Scald|p1a: Gardevoir
|-damage|p1a: Gardevoir|0 fnt
|faint|p1a: Gardevoir
|
|-weather|RainDance|[upkeep]
|-heal|p2a: Manaphy|222\/401|[from] item: Leftovers
|
|switch|p1a: Thundurus|Thundurus, M|298\/298
|-damage|p1a: Thundurus|224\/298|[from] Stealth Rock
|turn|18
|
|switch|p2a: Gliscor|Gliscor, M|228\/353 tox
|move|p1a: Thundurus|Nasty Plot|p1a: Thundurus
|-boost|p1a: Thundurus|spa|2
|
|-weather|RainDance|[upkeep]
|-heal|p1a: Thundurus|242\/298|[from] item: Leftovers
|-heal|p2a: Gliscor|272\/353 tox|[from] ability: Poison Heal
|turn|19
|
|move|p1a: Thundurus|Nasty Plot|p1a: Thundurus
|-boost|p1a: Thundurus|spa|2
|move|p2a: Gliscor|U-turn|p1a: Thundurus
|-resisted|p1a: Thundurus
|-damage|p1a: Thundurus|209\/298
|
|switch|p2a: Excadrill|Excadrill, F|119\/424
|-ability|p2a: Excadrill|Mold Breaker
|
|-weather|none
|-heal|p1a: Thundurus|227\/298|[from] item: Leftovers
|-heal|p2a: Excadrill|145\/424|[from] item: Leftovers
|turn|20
|
|move|p1a: Thundurus|Hidden Power|p2a: Excadrill
|-resisted|p2a: Excadrill
|-damage|p2a: Excadrill|10\/424
|move|p2a: Excadrill|Iron Head|p1a: Thundurus
|-resisted|p1a: Thundurus
|-damage|p1a: Thundurus|145\/298
|
|-heal|p1a: Thundurus|163\/298|[from] item: Leftovers
|-heal|p2a: Excadrill|36\/424|[from] item: Leftovers
|turn|21
|
|move|p1a: Thundurus|Hidden Power|p2a: Excadrill
|-resisted|p2a: Excadrill
|-damage|p2a: Excadrill|0 fnt
|faint|p2a: Excadrill
|
|-heal|p1a: Thundurus|181\/298|[from] item: Leftovers
|
|switch|p2a: Talonflame|Talonflame, M|345\/345
|turn|22
|
|move|p2a: Talonflame|Brave Bird|p1a: Thundurus
|-resisted|p1a: Thundurus
|-damage|p1a: Thundurus|61\/298
|-damage|p2a: Talonflame|305\/345|[from] recoil|[of] p1a: Thundurus
|move|p1a: Thundurus|Thunderbolt|p2a: Talonflame
|-crit|p2a: Talonflame
|-supereffective|p2a: Talonflame
|-damage|p2a: Talonflame|0 fnt
|faint|p2a: Talonflame
|
|-heal|p1a: Thundurus|79\/298|[from] item: Leftovers
|
|switch|p2a: Sableye|Sableye-Mega, M|266\/303 brn
|turn|23
|
|move|p1a: Thundurus|Thunderbolt|p2a: Sableye
|-damage|p2a: Sableye|0 fnt
|faint|p2a: Sableye
|
|-heal|p1a: Thundurus|97\/298|[from] item: Leftovers
|-message|Wolf Bros forfeited.
|leave|Wolf Bros
|
|win|DRACO66
|raw|Ladder updating...
|player|p2
|raw|DRACO66's rating: 1622 &rarr; <strong>1640<\/strong><br \/>(+18 for winning)
|raw|Wolf Bros's rating: 1579 &rarr; <strong>1562<\/strong><br \/>(-17 for losing)
|leave|DRACO66
|player|p1