|join|Amoonbro
|join|Wolf Bros
|player|p1|Amoonbro|1
|player|p2|Wolf Bros|168
|gametype|singles
|gen|6
|tier|OU
|rated
|clearpoke
|poke|p1|Chansey, F, shiny
|poke|p1|Skarmory, M, shiny
|poke|p1|Alomomola, F, shiny
|poke|p1|Amoonguss, M, shiny
|poke|p1|Quagsire, F, shiny
|poke|p1|Sableye, F, shiny
|poke|p2|Sableye, M
|poke|p2|Excadrill, M
|poke|p2|Manaphy
|poke|p2|Gliscor, M
|poke|p2|Talonflame, M
|poke|p2|Clefable, F
|rule|Swagger Clause: Swagger is banned
|rule|Baton Pass Clause: Limit one PokÃ©mon knowing Baton Pass
|rule|Sleep Clause Mod: Limit one foe put to sleep
|rule|Species Clause: Limit one of each PokÃ©mon
|rule|OHKO Clause: OHKO moves are banned
|rule|Moody Clause: Moody is banned
|rule|Evasion Moves Clause: Evasion moves are banned
|rule|Endless Battle Clause: Forcing endless battles is banned
|rule|HP Percentage Mod: HP is shown in percentages
|teampreview
|
|start
|switch|p1a: Not Mega|Sableye, F, shiny|304\/304
|switch|p2a: Sableye|Sableye, M|303\/303
|turn|1
|
|detailschange|p2a: Sableye|Sableye-Mega, M
|-mega|p2a: Sableye|Sableye|Sablenite
|detailschange|p1a: Not Mega|Sableye-Mega, F, shiny
|-mega|p1a: Not Mega|Sableye|Sablenite
|move|p2a: Sableye|Knock Off|p1a: Not Mega
|-damage|p1a: Not Mega|264\/304
|move|p1a: Not Mega|Knock Off|p2a: Sableye
|-damage|p2a: Sableye|243\/303
|
|turn|2
|
|move|p2a: Sableye|Foul Play|p1a: Not Mega
|-damage|p1a: Not Mega|209\/304
|move|p1a: Not Mega|Knock Off|p2a: Sableye
|-crit|p2a: Sableye
|-damage|p2a: Sableye|164\/303
|
|turn|3
|
|move|p2a: Sableye|Recover|p2a: Sableye
|-heal|p2a: Sableye|303\/303
|move|p1a: Not Mega|Recover|p1a: Not Mega
|-heal|p1a: Not Mega|304\/304
|
|turn|4
|
|switch|p2a: Manaphy|Manaphy|401\/401
|move|p1a: Not Mega|Knock Off|p2a: Manaphy
|-damage|p2a: Manaphy|305\/401
|-enditem|p2a: Manaphy|Leftovers|[from] move: Knock Off|[of] p1a: Not Mega
|
|turn|5
|join|AlbertDaEinstein
|
|switch|p1a: Mr Blobby|Amoonguss, M, shiny|432\/432
|move|p2a: Manaphy|U-turn|p1a: Mr Blobby
|-damage|p1a: Mr Blobby|385\/432
|
|switch|p2a: Gliscor|Gliscor, M|353\/353
|
|-status|p2a: Gliscor|tox|[from] item: Toxic Orb
|turn|6
|
|switch|p1a: Not Mega|Sableye-Mega, F, shiny|304\/304
|move|p2a: Gliscor|Taunt|p1a: Not Mega
|move|p1a: Not Mega|Taunt|p2a: Gliscor|[from]Magic Bounce
|-start|p2a: Gliscor|move: Taunt
|
|turn|7
|
|move|p2a: Gliscor|U-turn|p1a: Not Mega
|-damage|p1a: Not Mega|270\/304
|
|switch|p2a: Manaphy|Manaphy|305\/401
|move|p1a: Not Mega|Knock Off|p2a: Manaphy
|-damage|p2a: Manaphy|242\/401
|
|turn|8
|
|switch|p1a: Mr Blobby|Amoonguss, M, shiny|432\/432
|move|p2a: Manaphy|Scald|p1a: Mr Blobby
|-resisted|p1a: Mr Blobby
|-damage|p1a: Mr Blobby|395\/432
|
|turn|9
|
|move|p2a: Manaphy|U-turn|p1a: Mr Blobby
|-damage|p1a: Mr Blobby|346\/432
|
|switch|p2a: Gliscor|Gliscor, M|353\/353 tox
|move|p1a: Mr Blobby|Foul Play|p2a: Gliscor
|-damage|p2a: Gliscor|306\/353 tox
|
|-heal|p2a: Gliscor|350\/353 tox|[from] ability: Poison Heal
|turn|10
|
|switch|p1a: Not Mega|Sableye-Mega, F, shiny|270\/304
|move|p2a: Gliscor|U-turn|p1a: Not Mega
|-damage|p1a: Not Mega|234\/304
|
|switch|p2a: Manaphy|Manaphy|242\/401
|
|turn|11
|
|switch|p1a: Mr Blobby|Amoonguss, M, shiny|432\/432
|move|p2a: Manaphy|Scald|p1a: Mr Blobby
|-resisted|p1a: Mr Blobby
|-damage|p1a: Mr Blobby|396\/432
|-status|p1a: Mr Blobby|brn
|
|-damage|p1a: Mr Blobby|342\/432 brn|[from] brn
|turn|12
|
|move|p2a: Manaphy|U-turn|p1a: Mr Blobby
|-damage|p1a: Mr Blobby|294\/432 brn
|
|switch|p2a: Gliscor|Gliscor, M|350\/353 tox
|move|p1a: Mr Blobby|Giga Drain|p2a: Gliscor
|-crit|p2a: Gliscor
|-damage|p2a: Gliscor|197\/353 tox
|-heal|p1a: Mr Blobby|371\/432 brn|[from] drain|[of] p2a: Gliscor
|
|-heal|p2a: Gliscor|241\/353 tox|[from] ability: Poison Heal
|-damage|p1a: Mr Blobby|317\/432 brn|[from] brn
|turn|13
|
|move|p2a: Gliscor|Earthquake|p1a: Mr Blobby
|-damage|p1a: Mr Blobby|218\/432 brn
|move|p1a: Mr Blobby|Giga Drain|p2a: Gliscor
|-damage|p2a: Gliscor|139\/353 tox
|-heal|p1a: Mr Blobby|269\/432 brn|[from] drain|[of] p2a: Gliscor
|
|-heal|p2a: Gliscor|183\/353 tox|[from] ability: Poison Heal
|-damage|p1a: Mr Blobby|215\/432 brn|[from] brn
|turn|14
|
|move|p2a: Gliscor|Earthquake|p1a: Mr Blobby
|-damage|p1a: Mr Blobby|121\/432 brn
|move|p1a: Mr Blobby|Giga Drain|p2a: Gliscor
|-damage|p2a: Gliscor|87\/353 tox
|-heal|p1a: Mr Blobby|169\/432 brn|[from] drain|[of] p2a: Gliscor
|
|-heal|p2a: Gliscor|131\/353 tox|[from] ability: Poison Heal
|-damage|p1a: Mr Blobby|115\/432 brn|[from] brn
|turn|15
|
|switch|p1a: Mrs Blobby|Alomomola, F, shiny|529\/529
|move|p2a: Gliscor|U-turn|p1a: Mrs Blobby
|-damage|p1a: Mrs Blobby|486\/529
|
|switch|p2a: Manaphy|Manaphy|242\/401
|
|-heal|p1a: Mrs Blobby|519\/529|[from] item: Leftovers
|turn|16
|
|move|p2a: Manaphy|Rain Dance|p2a: Manaphy
|-weather|RainDance
|move|p1a: Mrs Blobby|Toxic|p2a: Manaphy
|-status|p2a: Manaphy|tox
|
|-weather|RainDance|[upkeep]
|-curestatus|p2a: Manaphy|tox
|-heal|p1a: Mrs Blobby|529\/529|[from] item: Leftovers
|turn|17
|
|move|p2a: Manaphy|Rest|p2a: Manaphy
|-status|p2a: Manaphy|slp
|-heal|p2a: Manaphy|401\/401 slp|[silent]
|-status|p2a: Manaphy|slp|[from] move: Rest
|move|p1a: Mrs Blobby|Wish|p1a: Mrs Blobby
|
|-weather|RainDance|[upkeep]
|-curestatus|p2a: Manaphy|slp
|turn|18
|
|switch|p1a: Mr Blobby|Amoonguss, M, shiny|259\/432 brn
|move|p2a: Manaphy|U-turn|p1a: Mr Blobby
|-damage|p1a: Mr Blobby|213\/432 brn
|
|switch|p2a: Talonflame|Talonflame, M|345\/345
|
|-weather|RainDance|[upkeep]
|-heal|p1a: Mr Blobby|432\/432 brn|[from] move: Wish|[wisher] Mrs Blobby
|-damage|p1a: Mr Blobby|378\/432 brn|[from] brn
|turn|19
|
|switch|p1a: Mrs Blobby|Alomomola, F, shiny|529\/529
|move|p2a: Talonflame|Will-O-Wisp|p1a: Mrs Blobby
|-status|p1a: Mrs Blobby|brn
|
|-weather|RainDance|[upkeep]
|-damage|p1a: Mrs Blobby|463\/529 brn|[from] brn
|turn|20
|
|switch|p2a: Manaphy|Manaphy|401\/401
|move|p1a: Mrs Blobby|Wish|p1a: Mrs Blobby
|
|-weather|none
|-heal|p1a: Mrs Blobby|496\/529 brn|[from] item: Leftovers
|-damage|p1a: Mrs Blobby|430\/529 brn|[from] brn
|turn|21
|
|switch|p1a: Mr Blobby|Amoonguss, M, shiny|432\/432 brn
|move|p2a: Manaphy|U-turn|p1a: Mr Blobby
|-damage|p1a: Mr Blobby|387\/432 brn
|
|switch|p2a: Talonflame|Talonflame, M|345\/345
|
|-heal|p1a: Mr Blobby|432\/432 brn|[from] move: Wish|[wisher] Mrs Blobby
|-damage|p1a: Mr Blobby|378\/432 brn|[from] brn
|turn|22
|
|switch|p1a: Mrs Blobby|Alomomola, F, shiny|529\/529 brn
|move|p2a: Talonflame|Brave Bird|p1a: Mrs Blobby
|-damage|p1a: Mrs Blobby|397\/529 brn
|-damage|p2a: Talonflame|301\/345|[from] recoil|[of] p1a: Mrs Blobby
|
|-heal|p2a: Talonflame|322\/345|[from] item: Leftovers
|-heal|p1a: Mrs Blobby|430\/529 brn|[from] item: Leftovers
|-damage|p1a: Mrs Blobby|364\/529 brn|[from] brn
|turn|23
|
|move|p2a: Talonflame|Taunt|p1a: Mrs Blobby
|-start|p1a: Mrs Blobby|move: Taunt
|cant|p1a: Mrs Blobby|move: Taunt|Toxic
|
|-heal|p2a: Talonflame|343\/345|[from] item: Leftovers
|-heal|p1a: Mrs Blobby|397\/529 brn|[from] item: Leftovers
|-damage|p1a: Mrs Blobby|331\/529 brn|[from] brn
|turn|24
|
|switch|p2a: Manaphy|Manaphy|401\/401
|switch|p1a: Uncle Blobby|Quagsire, F, shiny|394\/394
|
|turn|25
|
|move|p2a: Manaphy|Scald|p1a: Uncle Blobby
|-damage|p1a: Uncle Blobby|264\/394
|move|p1a: Uncle Blobby|Earthquake|p2a: Manaphy
|-damage|p2a: Manaphy|290\/401
|
|-heal|p1a: Uncle Blobby|288\/394|[from] item: Leftovers
|turn|26
|
|move|p2a: Manaphy|Scald|p1a: Uncle Blobby
|-crit|p1a: Uncle Blobby
|-damage|p1a: Uncle Blobby|95\/394
|-status|p1a: Uncle Blobby|brn
|move|p1a: Uncle Blobby|Recover|p1a: Uncle Blobby
|-heal|p1a: Uncle Blobby|292\/394 brn
|
|-heal|p1a: Uncle Blobby|316\/394 brn|[from] item: Leftovers
|-damage|p1a: Uncle Blobby|267\/394 brn|[from] brn
|turn|27
|
|move|p2a: Manaphy|U-turn|p1a: Uncle Blobby
|-damage|p1a: Uncle Blobby|224\/394 brn
|
|switch|p2a: Sableye|Sableye-Mega, M|303\/303
|move|p1a: Uncle Blobby|Recover|p1a: Uncle Blobby
|-heal|p1a: Uncle Blobby|394\/394 brn
|
|-damage|p1a: Uncle Blobby|345\/394 brn|[from] brn
|turn|28
|
|switch|p1a: Not Mega|Sableye-Mega, F, shiny|234\/304
|move|p2a: Sableye|Knock Off|p1a: Not Mega
|-damage|p1a: Not Mega|191\/304
|
|turn|29
|
|switch|p2a: Manaphy|Manaphy|290\/401
|move|p1a: Not Mega|Recover|p1a: Not Mega
|-heal|p1a: Not Mega|304\/304
|
|turn|30
|
|switch|p1a: Mr Blobby|Amoonguss, M, shiny|432\/432 brn
|move|p2a: Manaphy|U-turn|p1a: Mr Blobby
|-damage|p1a: Mr Blobby|384\/432 brn
|
|switch|p2a: Talonflame|Talonflame, M|343\/345
|
|-heal|p2a: Talonflame|345\/345|[from] item: Leftovers
|-damage|p1a: Mr Blobby|330\/432 brn|[from] brn
|turn|31
|leave|AlbertDaEinstein
|
|switch|p1a: Mrs Blobby|Alomomola, F, shiny|507\/529 brn
|move|p2a: Talonflame|Brave Bird|p1a: Mrs Blobby
|-damage|p1a: Mrs Blobby|366\/529 brn
|-damage|p2a: Talonflame|298\/345|[from] recoil|[of] p1a: Mrs Blobby
|
|-heal|p2a: Talonflame|319\/345|[from] item: Leftovers
|-heal|p1a: Mrs Blobby|399\/529 brn|[from] item: Leftovers
|-damage|p1a: Mrs Blobby|333\/529 brn|[from] brn
|turn|32
|
|switch|p2a: Manaphy|Manaphy|290\/401
|switch|p1a: Fuck Magnezone|Skarmory, M, shiny|334\/334
|
|turn|33
|
|switch|p2a: Sableye|Sableye-Mega, M|303\/303
|move|p1a: Fuck Magnezone|Stealth Rock|p2a: Sableye
|move|p2a: Sableye|Stealth Rock|p1a: Fuck Magnezone|[from]Magic Bounce
|-sidestart|p1: Amoonbro|move: Stealth Rock
|
|turn|34
|
|switch|p2a: Gliscor|Gliscor, M|131\/353 tox
|move|p1a: Fuck Magnezone|Defog|p2a: Gliscor
|-unboost|p2a: Gliscor|evasion|1
|-sideend|p1: Amoonbro|Stealth Rock|[from] move: Defog|[of] p1a: Fuck Magnezone
|
|-heal|p2a: Gliscor|175\/353 tox|[from] ability: Poison Heal
|turn|35
|
|switch|p1a: Not Mega|Sableye-Mega, F, shiny|304\/304
|move|p2a: Gliscor|Taunt|p1a: Not Mega
|move|p1a: Not Mega|Taunt|p2a: Gliscor|[from]Magic Bounce
|-start|p2a: Gliscor|move: Taunt
|
|-heal|p2a: Gliscor|219\/353 tox|[from] ability: Poison Heal
|turn|36
|
|move|p2a: Gliscor|Earthquake|p1a: Not Mega
|-damage|p1a: Not Mega|232\/304
|move|p1a: Not Mega|Knock Off|p2a: Gliscor
|-damage|p2a: Gliscor|152\/353 tox
|-enditem|p2a: Gliscor|Toxic Orb|[from] move: Knock Off|[of] p1a: Not Mega
|
|-heal|p2a: Gliscor|196\/353 tox|[from] ability: Poison Heal
|turn|37
|
|move|p2a: Gliscor|U-turn|p1a: Not Mega
|-damage|p1a: Not Mega|200\/304
|
|switch|p2a: Manaphy|Manaphy|290\/401
|move|p1a: Not Mega|Knock Off|p2a: Manaphy
|-damage|p2a: Manaphy|224\/401
|
|turn|38
|
|move|p2a: Manaphy|U-turn|p1a: Not Mega
|-damage|p1a: Not Mega|169\/304
|
|switch|p2a: Sableye|Sableye-Mega, M|303\/303
|move|p1a: Not Mega|Recover|p1a: Not Mega
|-heal|p1a: Not Mega|304\/304
|
|turn|39
|
|switch|p2a: Clefable|Clefable, F|393\/393
|move|p1a: Not Mega|Knock Off|p2a: Clefable
|-resisted|p2a: Clefable
|-damage|p2a: Clefable|340\/393
|-enditem|p2a: Clefable|Leftovers|[from] move: Knock Off|[of] p1a: Not Mega
|
|turn|40
|
|switch|p2a: Gliscor|Gliscor, M|196\/353 tox
|switch|p1a: Baby Blobby|Chansey, F, shiny|704\/704
|
|-heal|p2a: Gliscor|240\/353 tox|[from] ability: Poison Heal
|turn|41
|
|switch|p1a: Not Mega|Sableye-Mega, F, shiny|304\/304
|move|p2a: Gliscor|U-turn|p1a: Not Mega
|-damage|p1a: Not Mega|271\/304
|
|switch|p2a: Excadrill|Excadrill, M|424\/424
|-ability|p2a: Excadrill|Mold Breaker
|
|turn|42
|
|switch|p2a: Clefable|Clefable, F|340\/393
|move|p1a: Not Mega|Will-O-Wisp|p2a: Clefable
|-status|p2a: Clefable|brn
|
|-damage|p2a: Clefable|291\/393 brn|[from] brn
|turn|43
|
|move|p2a: Clefable|Aromatherapy|p2a: Clefable
|-cureteam|p2a: Clefable|[from] move: Aromatherapy
|move|p1a: Not Mega|Knock Off|p2a: Clefable
|-resisted|p2a: Clefable
|-damage|p2a: Clefable|257\/393
|
|turn|44
|
|switch|p1a: Baby Blobby|Chansey, F, shiny|704\/704
|move|p2a: Clefable|Moonblast|p1a: Baby Blobby
|-damage|p1a: Baby Blobby|632\/704
|
|turn|45
|
|move|p2a: Clefable|Moonlight|p2a: Clefable
|-heal|p2a: Clefable|393\/393
|move|p1a: Baby Blobby|Heal Bell|p1a: Baby Blobby
|-cureteam|p1a: Baby Blobby|[from] move: HealBell
|
|turn|46
|
|switch|p2a: Gliscor|Gliscor, M|240\/353
|move|p1a: Baby Blobby|Toxic|p2a: Gliscor
|-status|p2a: Gliscor|tox
|
|-heal|p2a: Gliscor|284\/353 tox|[from] ability: Poison Heal
|turn|47
|c|âWolf Bros|ty
|
|switch|p1a: Fuck Magnezone|Skarmory, M, shiny|334\/334
|move|p2a: Gliscor|U-turn|p1a: Fuck Magnezone
|-resisted|p1a: Fuck Magnezone
|-damage|p1a: Fuck Magnezone|327\/334
|
|switch|p2a: Talonflame|Talonflame, M|319\/345
|
|-heal|p2a: Talonflame|340\/345|[from] item: Leftovers
|turn|48
|
|move|p2a: Talonflame|Taunt|p1a: Fuck Magnezone
|-start|p1a: Fuck Magnezone|move: Taunt
|cant|p1a: Fuck Magnezone|move: Taunt|Stealth Rock
|
|-heal|p2a: Talonflame|345\/345|[from] item: Leftovers
|turn|49
|
|switch|p1a: Baby Blobby|Chansey, F, shiny|632\/704
|move|p2a: Talonflame|Will-O-Wisp|p1a: Baby Blobby
|-status|p1a: Baby Blobby|brn
|
|-damage|p1a: Baby Blobby|544\/704 brn|[from] brn
|turn|50
|
|switch|p1a: Mrs Blobby|Alomomola, F, shiny|509\/529
|move|p2a: Talonflame|Taunt|p1a: Mrs Blobby
|-start|p1a: Mrs Blobby|move: Taunt
|
|-heal|p1a: Mrs Blobby|529\/529|[from] item: Leftovers
|turn|51
|
|switch|p1a: Fuck Magnezone|Skarmory, M, shiny|327\/334
|move|p2a: Talonflame|Will-O-Wisp|p1a: Fuck Magnezone
|-status|p1a: Fuck Magnezone|brn
|
|-damage|p1a: Fuck Magnezone|286\/334 brn|[from] brn
|turn|52
|
|switch|p1a: Mrs Blobby|Alomomola, F, shiny|529\/529
|move|p2a: Talonflame|Taunt|p1a: Mrs Blobby
|-start|p1a: Mrs Blobby|move: Taunt
|
|turn|53
|
|move|p2a: Talonflame|Will-O-Wisp|p1a: Mrs Blobby
|-status|p1a: Mrs Blobby|brn
|move|p1a: Mrs Blobby|Scald|p2a: Talonflame
|-supereffective|p2a: Talonflame
|-damage|p2a: Talonflame|219\/345
|
|-heal|p2a: Talonflame|240\/345|[from] item: Leftovers
|-damage|p1a: Mrs Blobby|463\/529 brn|[from] brn
|turn|54
|
|move|p2a: Talonflame|Roost|p2a: Talonflame
|-heal|p2a: Talonflame|345\/345
|move|p1a: Mrs Blobby|Scald|p2a: Talonflame
|-supereffective|p2a: Talonflame
|-damage|p2a: Talonflame|219\/345
|
|-heal|p2a: Talonflame|240\/345|[from] item: Leftovers
|-heal|p1a: Mrs Blobby|496\/529 brn|[from] item: Leftovers
|-damage|p1a: Mrs Blobby|430\/529 brn|[from] brn
|turn|55
|
|switch|p1a: Fuck Magnezone|Skarmory, M, shiny|286\/334 brn
|move|p2a: Talonflame|Roost|p2a: Talonflame
|-heal|p2a: Talonflame|345\/345
|
|-damage|p1a: Fuck Magnezone|245\/334 brn|[from] brn
|turn|56
|
|switch|p1a: Uncle Blobby|Quagsire, F, shiny|345\/394
|move|p2a: Talonflame|Taunt|p1a: Uncle Blobby
|-start|p1a: Uncle Blobby|move: Taunt
|
|-heal|p1a: Uncle Blobby|369\/394|[from] item: Leftovers
|turn|57
|
|switch|p2a: Manaphy|Manaphy|224\/401
|move|p1a: Uncle Blobby|Scald|p2a: Manaphy
|-resisted|p2a: Manaphy
|-damage|p2a: Manaphy|200\/401
|
|-heal|p1a: Uncle Blobby|393\/394|[from] item: Leftovers
|turn|58
|
|move|p2a: Manaphy|Rain Dance|p2a: Manaphy
|-weather|RainDance
|move|p1a: Uncle Blobby|Scald|p2a: Manaphy
|-resisted|p2a: Manaphy
|-damage|p2a: Manaphy|164\/401
|
|-weather|RainDance|[upkeep]
|-heal|p1a: Uncle Blobby|394\/394|[from] item: Leftovers
|turn|59
|
|switch|p1a: Mr Blobby|Amoonguss, M, shiny|432\/432
|move|p2a: Manaphy|U-turn|p1a: Mr Blobby
|-damage|p1a: Mr Blobby|388\/432
|
|switch|p2a: Talonflame|Talonflame, M|345\/345
|
|-weather|RainDance|[upkeep]
|turn|60
|
|switch|p1a: Mrs Blobby|Alomomola, F, shiny|529\/529 brn
|move|p2a: Talonflame|Brave Bird|p1a: Mrs Blobby
|-damage|p1a: Mrs Blobby|375\/529 brn
|-damage|p2a: Talonflame|294\/345|[from] recoil|[of] p1a: Mrs Blobby
|
|-weather|RainDance|[upkeep]
|-heal|p2a: Talonflame|315\/345|[from] item: Leftovers
|-heal|p1a: Mrs Blobby|408\/529 brn|[from] item: Leftovers
|-damage|p1a: Mrs Blobby|342\/529 brn|[from] brn
|turn|61
|
|switch|p2a: Manaphy|Manaphy|164\/401
|move|p1a: Mrs Blobby|Scald|p2a: Manaphy
|-crit|p2a: Manaphy
|-resisted|p2a: Manaphy
|-damage|p2a: Manaphy|128\/401
|
|-weather|RainDance|[upkeep]
|-heal|p1a: Mrs Blobby|375\/529 brn|[from] item: Leftovers
|-damage|p1a: Mrs Blobby|309\/529 brn|[from] brn
|turn|62
|
|switch|p1a: Mr Blobby|Amoonguss, M, shiny|432\/432
|move|p2a: Manaphy|Scald|p1a: Mr Blobby
|-resisted|p1a: Mr Blobby
|-damage|p1a: Mr Blobby|375\/432
|
|-weather|none
|turn|63
|
|move|p2a: Manaphy|U-turn|p1a: Mr Blobby
|-damage|p1a: Mr Blobby|333\/432
|
|switch|p2a: Gliscor|Gliscor, M|284\/353 tox
|move|p1a: Mr Blobby|Giga Drain|p2a: Gliscor
|-damage|p2a: Gliscor|184\/353 tox
|-heal|p1a: Mr Blobby|383\/432|[from] drain|[of] p2a: Gliscor
|
|-heal|p2a: Gliscor|228\/353 tox|[from] ability: Poison Heal
|turn|64
|
|move|p2a: Gliscor|U-turn|p1a: Mr Blobby
|-damage|p1a: Mr Blobby|333\/432
|
|switch|p2a: Sableye|Sableye-Mega, M|303\/303
|move|p1a: Mr Blobby|Giga Drain|p2a: Sableye
|-damage|p2a: Sableye|254\/303
|-heal|p1a: Mr Blobby|358\/432|[from] drain|[of] p2a: Sableye
|
|turn|65
|
|switch|p1a: Mrs Blobby|Alomomola, F, shiny|485\/529 brn
|move|p2a: Sableye|Knock Off|p1a: Mrs Blobby
|-damage|p1a: Mrs Blobby|400\/529 brn
|-enditem|p1a: Mrs Blobby|Leftovers|[from] move: Knock Off|[of] p2a: Sableye
|
|-damage|p1a: Mrs Blobby|334\/529 brn|[from] brn
|turn|66
|
|switch|p1a: Not Mega|Sableye-Mega, F, shiny|271\/304
|switch|p2a: Manaphy|Manaphy|128\/401
|
|turn|67
|
|move|p2a: Manaphy|Rain Dance|p2a: Manaphy
|-weather|RainDance
|move|p1a: Not Mega|Knock Off|p2a: Manaphy
|-damage|p2a: Manaphy|61\/401
|
|-weather|RainDance|[upkeep]
|turn|68
|
|switch|p1a: Mr Blobby|Amoonguss, M, shiny|432\/432
|move|p2a: Manaphy|Rest|p2a: Manaphy
|-status|p2a: Manaphy|slp
|-heal|p2a: Manaphy|401\/401 slp|[silent]
|-status|p2a: Manaphy|slp|[from] move: Rest
|
|-weather|RainDance|[upkeep]
|-curestatus|p2a: Manaphy|slp
|turn|69
|
|move|p2a: Manaphy|U-turn|p1a: Mr Blobby
|-damage|p1a: Mr Blobby|388\/432
|
|switch|p2a: Sableye|Sableye-Mega, M|254\/303
|move|p1a: Mr Blobby|Giga Drain|p2a: Sableye
|-damage|p2a: Sableye|206\/303
|-heal|p1a: Mr Blobby|412\/432|[from] drain|[of] p2a: Sableye
|
|-weather|RainDance|[upkeep]
|turn|70
|
|switch|p1a: Not Mega|Sableye-Mega, F, shiny|271\/304
|switch|p2a: Clefable|Clefable, F|393\/393
|
|-weather|RainDance|[upkeep]
|turn|71
|
|switch|p1a: Baby Blobby|Chansey, F, shiny|544\/704
|move|p2a: Clefable|Moonblast|p1a: Baby Blobby
|-damage|p1a: Baby Blobby|472\/704
|-unboost|p1a: Baby Blobby|spa|1
|
|-weather|none
|turn|72
|
|move|p2a: Clefable|Calm Mind|p2a: Clefable
|-boost|p2a: Clefable|spa|1
|-boost|p2a: Clefable|spd|1
|move|p1a: Baby Blobby|Soft-Boiled|p1a: Baby Blobby
|-heal|p1a: Baby Blobby|704\/704
|
|turn|73
|
|move|p2a: Clefable|Calm Mind|p2a: Clefable
|-boost|p2a: Clefable|spa|1
|-boost|p2a: Clefable|spd|1
|move|p1a: Baby Blobby|Heal Bell|p1a: Baby Blobby
|-cureteam|p1a: Baby Blobby|[from] move: HealBell
|
|turn|74
|
|switch|p1a: Mr Blobby|Amoonguss, M, shiny|432\/432
|move|p2a: Clefable|Moonblast|p1a: Mr Blobby
|-crit|p1a: Mr Blobby
|-resisted|p1a: Mr Blobby
|-damage|p1a: Mr Blobby|302\/432
|-unboost|p1a: Mr Blobby|spa|1
|
|turn|75
|
|switch|p2a: Talonflame|Talonflame, M|315\/345
|switch|p1a: Baby Blobby|Chansey, F, shiny|704\/704
|
|-heal|p2a: Talonflame|336\/345|[from] item: Leftovers
|turn|76
|
|move|p2a: Talonflame|Will-O-Wisp|p1a: Baby Blobby
|-status|p1a: Baby Blobby|brn
|move|p1a: Baby Blobby|Toxic|p2a: Talonflame|[miss]
|-miss|p1a: Baby Blobby|p2a: Talonflame
|
|-heal|p2a: Talonflame|345\/345|[from] item: Leftovers
|-damage|p1a: Baby Blobby|616\/704 brn|[from] brn
|turn|77
|
|switch|p1a: Mrs Blobby|Alomomola, F, shiny|510\/529
|move|p2a: Talonflame|Will-O-Wisp|p1a: Mrs Blobby
|-status|p1a: Mrs Blobby|brn
|
|-damage|p1a: Mrs Blobby|444\/529 brn|[from] brn
|turn|78
|
|move|p2a: Talonflame|Taunt|p1a: Mrs Blobby
|-start|p1a: Mrs Blobby|move: Taunt
|cant|p1a: Mrs Blobby|move: Taunt|Toxic
|
|-damage|p1a: Mrs Blobby|378\/529 brn|[from] brn
|turn|79
|
|switch|p1a: Fuck Magnezone|Skarmory, M, shiny|245\/334
|move|p2a: Talonflame|Brave Bird|p1a: Fuck Magnezone
|-resisted|p1a: Fuck Magnezone
|-damage|p1a: Fuck Magnezone|192\/334
|-damage|p2a: Talonflame|328\/345|[from] recoil|[of] p1a: Fuck Magnezone
|
|-heal|p2a: Talonflame|345\/345|[from] item: Leftovers
|turn|80
|
|switch|p1a: Not Mega|Sableye-Mega, F, shiny|271\/304
|move|p2a: Talonflame|Taunt|p1a: Not Mega
|move|p1a: Not Mega|Taunt|p2a: Talonflame|[from]Magic Bounce
|-start|p2a: Talonflame|move: Taunt
|
|turn|81
|
|move|p2a: Talonflame|Brave Bird|p1a: Not Mega
|-damage|p1a: Not Mega|162\/304
|-damage|p2a: Talonflame|309\/345|[from] recoil|[of] p1a: Not Mega
|move|p1a: Not Mega|Will-O-Wisp|p2a: Talonflame
|-fail|p2a: Talonflame
|
|-heal|p2a: Talonflame|330\/345|[from] item: Leftovers
|turn|82
|
|switch|p2a: Manaphy|Manaphy|401\/401
|move|p1a: Not Mega|Recover|p1a: Not Mega
|-heal|p1a: Not Mega|304\/304
|
|turn|83
|
|switch|p1a: Baby Blobby|Chansey, F, shiny|616\/704
|move|p2a: Manaphy|Scald|p1a: Baby Blobby
|-damage|p1a: Baby Blobby|552\/704
|
|turn|84
|
|move|p2a: Manaphy|U-turn|p1a: Baby Blobby
|-damage|p1a: Baby Blobby|491\/704
|
|switch|p2a: Gliscor|Gliscor, M|228\/353 tox
|move|p1a: Baby Blobby|Toxic|p2a: Gliscor
|-fail|p2a: Gliscor|tox
|
|-heal|p2a: Gliscor|272\/353 tox|[from] ability: Poison Heal
|turn|85
|
|switch|p1a: Fuck Magnezone|Skarmory, M, shiny|192\/334
|move|p2a: Gliscor|Taunt|p1a: Fuck Magnezone
|-start|p1a: Fuck Magnezone|move: Taunt
|
|-heal|p2a: Gliscor|316\/353 tox|[from] ability: Poison Heal
|turn|86
|
|switch|p1a: Mrs Blobby|Alomomola, F, shiny|529\/529 brn
|move|p2a: Gliscor|U-turn|p1a: Mrs Blobby
|-damage|p1a: Mrs Blobby|484\/529 brn
|
|switch|p2a: Clefable|Clefable, F|393\/393
|
|-damage|p1a: Mrs Blobby|418\/529 brn|[from] brn
|turn|87
|
|switch|p1a: Mr Blobby|Amoonguss, M, shiny|432\/432
|move|p2a: Clefable|Moonblast|p1a: Mr Blobby
|-resisted|p1a: Mr Blobby
|-damage|p1a: Mr Blobby|385\/432
|
|turn|88
|
|switch|p2a: Gliscor|Gliscor, M|316\/353 tox
|move|p1a: Mr Blobby|Clear Smog|p2a: Gliscor
|-resisted|p2a: Gliscor
|-damage|p2a: Gliscor|282\/353 tox
|-clearboost|p2a: Gliscor
|
|-heal|p2a: Gliscor|326\/353 tox|[from] ability: Poison Heal
|turn|89
|
|switch|p1a: Not Mega|Sableye-Mega, F, shiny|304\/304
|move|p2a: Gliscor|Stealth Rock|p1a: Not Mega
|move|p1a: Not Mega|Stealth Rock|p2a: Gliscor|[from]Magic Bounce
|-sidestart|p2: Wolf Bros|move: Stealth Rock
|
|-heal|p2a: Gliscor|353\/353 tox|[from] ability: Poison Heal
|turn|90
|
|move|p2a: Gliscor|U-turn|p1a: Not Mega
|-damage|p1a: Not Mega|270\/304
|
|switch|p2a: Clefable|Clefable, F|393\/393
|-damage|p2a: Clefable|344\/393|[from] Stealth Rock
|move|p1a: Not Mega|Knock Off|p2a: Clefable
|-resisted|p2a: Clefable
|-damage|p2a: Clefable|309\/393
|
|turn|91
|
|switch|p2a: Excadrill|Excadrill, M|424\/424
|-damage|p2a: Excadrill|411\/424|[from] Stealth Rock
|-ability|p2a: Excadrill|Mold Breaker
|switch|p1a: Baby Blobby|Chansey, F, shiny|491\/704
|
|-heal|p2a: Excadrill|424\/424|[from] item: Leftovers
|turn|92
|
|switch|p1a: Fuck Magnezone|Skarmory, M, shiny|192\/334
|move|p2a: Excadrill|Toxic|p1a: Fuck Magnezone
|-fail|p1a: Fuck Magnezone
|
|turn|93
|
|move|p2a: Excadrill|Rapid Spin|p1a: Fuck Magnezone
|-resisted|p1a: Fuck Magnezone
|-damage|p1a: Fuck Magnezone|186\/334
|-sideend|p2: Wolf Bros|Stealth Rock|[from] move: Rapid Spin|[of] p2a: Excadrill
|move|p1a: Fuck Magnezone|Roost|p1a: Fuck Magnezone
|-heal|p1a: Fuck Magnezone|334\/334
|
|turn|94
|
|switch|p2a: Sableye|Sableye-Mega, M|206\/303
|switch|p1a: Mrs Blobby|Alomomola, F, shiny|529\/529 brn
|
|-damage|p1a: Mrs Blobby|463\/529 brn|[from] brn
|turn|95
|
|move|p1a: Mrs Blobby|Wish|p1a: Mrs Blobby
|move|p2a: Sableye|Recover|p2a: Sableye
|-heal|p2a: Sableye|303\/303
|
|-damage|p1a: Mrs Blobby|397\/529 brn|[from] brn
|turn|96
|
|switch|p1a: Not Mega|Sableye-Mega, F, shiny|270\/304
|move|p2a: Sableye|Knock Off|p1a: Not Mega
|-damage|p1a: Not Mega|231\/304
|
|-heal|p1a: Not Mega|304\/304|[from] move: Wish|[wisher] Mrs Blobby
|turn|97
|
|switch|p2a: Clefable|Clefable, F|309\/393
|switch|p1a: Mrs Blobby|Alomomola, F, shiny|529\/529 brn
|
|-damage|p1a: Mrs Blobby|463\/529 brn|[from] brn
|turn|98
|
|switch|p1a: Mr Blobby|Amoonguss, M, shiny|432\/432
|move|p2a: Clefable|Moonblast|p1a: Mr Blobby
|-resisted|p1a: Mr Blobby
|-damage|p1a: Mr Blobby|390\/432
|-unboost|p1a: Mr Blobby|spa|1
|
|turn|99
|
|switch|p2a: Gliscor|Gliscor, M|353\/353 tox
|switch|p1a: Baby Blobby|Chansey, F, shiny|491\/704
|
|turn|100
|
|switch|p1a: Mrs Blobby|Alomomola, F, shiny|529\/529 brn
|move|p2a: Gliscor|U-turn|p1a: Mrs Blobby
|-damage|p1a: Mrs Blobby|487\/529 brn
|
|switch|p2a: Clefable|Clefable, F|309\/393
|
|-damage|p1a: Mrs Blobby|421\/529 brn|[from] brn
|turn|101
|
|switch|p1a: Baby Blobby|Chansey, F, shiny|491\/704
|move|p2a: Clefable|Moonblast|p1a: Baby Blobby
|-damage|p1a: Baby Blobby|421\/704
|
|turn|102
|
|switch|p2a: Gliscor|Gliscor, M|353\/353 tox
|move|p1a: Baby Blobby|Soft-Boiled|p1a: Baby Blobby
|-heal|p1a: Baby Blobby|704\/704
|
|turn|103
|
|switch|p1a: Not Mega|Sableye-Mega, F, shiny|304\/304
|move|p2a: Gliscor|U-turn|p1a: Not Mega
|-damage|p1a: Not Mega|271\/304
|
|switch|p2a: Manaphy|Manaphy|401\/401
|
|turn|104
|
|switch|p1a: Mr Blobby|Amoonguss, M, shiny|432\/432
|move|p2a: Manaphy|U-turn|p1a: Mr Blobby
|-damage|p1a: Mr Blobby|385\/432
|
|switch|p2a: Gliscor|Gliscor, M|353\/353 tox
|
|turn|105
|
|switch|p1a: Not Mega|Sableye-Mega, F, shiny|271\/304
|move|p2a: Gliscor|Stealth Rock|p1a: Not Mega
|move|p1a: Not Mega|Stealth Rock|p2a: Gliscor|[from]Magic Bounce
|-sidestart|p2: Wolf Bros|move: Stealth Rock
|
|turn|106
|
|move|p2a: Gliscor|U-turn|p1a: Not Mega
|-damage|p1a: Not Mega|237\/304
|
|switch|p2a: Clefable|Clefable, F|309\/393
|-damage|p2a: Clefable|260\/393|[from] Stealth Rock
|move|p1a: Not Mega|Toxic|p2a: Clefable
|-status|p2a: Clefable|tox
|
|-damage|p2a: Clefable|236\/393 tox|[from] psn
|turn|107
|
|switch|p1a: Uncle Blobby|Quagsire, F, shiny|394\/394
|move|p2a: Clefable|Moonlight|p2a: Clefable
|-heal|p2a: Clefable|393\/393 tox
|
|-damage|p2a: Clefable|345\/393 tox|[from] psn
|turn|108
|
|move|p2a: Clefable|Aromatherapy|p2a: Clefable
|-cureteam|p2a: Clefable|[from] move: Aromatherapy
|move|p1a: Uncle Blobby|Scald|p2a: Clefable
|-damage|p2a: Clefable|284\/393
|
|turn|109
|
|switch|p2a: Excadrill|Excadrill, M|424\/424
|-damage|p2a: Excadrill|411\/424|[from] Stealth Rock
|-ability|p2a: Excadrill|Mold Breaker
|move|p1a: Uncle Blobby|Scald|p2a: Excadrill
|-supereffective|p2a: Excadrill
|-damage|p2a: Excadrill|279\/424
|
|-heal|p2a: Excadrill|305\/424|[from] item: Leftovers
|turn|110
|
|move|p2a: Excadrill|Toxic|p1a: Uncle Blobby
|-status|p1a: Uncle Blobby|tox
|move|p1a: Uncle Blobby|Scald|p2a: Excadrill
|-supereffective|p2a: Excadrill
|-damage|p2a: Excadrill|189\/424
|
|-heal|p2a: Excadrill|215\/424|[from] item: Leftovers
|-damage|p1a: Uncle Blobby|370\/394 tox|[from] psn
|turn|111
|
|move|p2a: Excadrill|Rapid Spin|p1a: Uncle Blobby
|-damage|p1a: Uncle Blobby|354\/394 tox
|-sideend|p2: Wolf Bros|Stealth Rock|[from] move: Rapid Spin|[of] p2a: Excadrill
|move|p1a: Uncle Blobby|Scald|p2a: Excadrill
|-supereffective|p2a: Excadrill
|-damage|p2a: Excadrill|99\/424
|
|-heal|p2a: Excadrill|125\/424|[from] item: Leftovers
|-heal|p1a: Uncle Blobby|378\/394 tox|[from] item: Leftovers
|-damage|p1a: Uncle Blobby|330\/394 tox|[from] psn
|turn|112
|
|switch|p2a: Manaphy|Manaphy|401\/401
|switch|p1a: Baby Blobby|Chansey, F, shiny|704\/704
|
|turn|113
|
|move|p2a: Manaphy|U-turn|p1a: Baby Blobby
|-damage|p1a: Baby Blobby|638\/704
|
|switch|p2a: Gliscor|Gliscor, M|353\/353
|move|p1a: Baby Blobby|Heal Bell|p1a: Baby Blobby
|-cureteam|p1a: Baby Blobby|[from] move: HealBell
|
|turn|114
|
|switch|p1a: Not Mega|Sableye-Mega, F, shiny|237\/304
|move|p2a: Gliscor|U-turn|p1a: Not Mega
|-damage|p1a: Not Mega|206\/304
|
|switch|p2a: Excadrill|Excadrill, M|125\/424
|-ability|p2a: Excadrill|Mold Breaker
|
|-heal|p2a: Excadrill|151\/424|[from] item: Leftovers
|turn|115
|
|move|p2a: Excadrill|Iron Head|p1a: Not Mega
|-damage|p1a: Not Mega|131\/304
|move|p1a: Not Mega|Recover|p1a: Not Mega
|-heal|p1a: Not Mega|283\/304
|
|-heal|p2a: Excadrill|177\/424|[from] item: Leftovers
|turn|116
|
|move|p2a: Excadrill|Toxic|p1a: Not Mega
|-status|p1a: Not Mega|tox
|move|p1a: Not Mega|Knock Off|p2a: Excadrill
|-damage|p2a: Excadrill|24\/424
|-enditem|p2a: Excadrill|Leftovers|[from] move: Knock Off|[of] p1a: Not Mega
|
|-damage|p1a: Not Mega|264\/304 tox|[from] psn
|turn|117
|
|switch|p2a: Gliscor|Gliscor, M|353\/353
|switch|p1a: Mrs Blobby|Alomomola, F, shiny|529\/529
|
|turn|118
|
|switch|p1a: Fuck Magnezone|Skarmory, M, shiny|334\/334
|move|p2a: Gliscor|U-turn|p1a: Fuck Magnezone
|-resisted|p1a: Fuck Magnezone
|-damage|p1a: Fuck Magnezone|327\/334
|
|switch|p2a: Talonflame|Talonflame, M|330\/345
|
|-heal|p2a: Talonflame|345\/345|[from] item: Leftovers
|turn|119
|
|switch|p1a: Mrs Blobby|Alomomola, F, shiny|529\/529
|move|p2a: Talonflame|Taunt|p1a: Mrs Blobby
|-start|p1a: Mrs Blobby|move: Taunt
|
|turn|120
|
|move|p2a: Talonflame|Will-O-Wisp|p1a: Mrs Blobby
|-status|p1a: Mrs Blobby|brn
|move|p1a: Mrs Blobby|Scald|p2a: Talonflame
|-supereffective|p2a: Talonflame
|-damage|p2a: Talonflame|213\/345
|
|-heal|p2a: Talonflame|234\/345|[from] item: Leftovers
|-damage|p1a: Mrs Blobby|463\/529 brn|[from] brn
|turn|121
|
|switch|p2a: Clefable|Clefable, F|284\/393
|move|p1a: Mrs Blobby|Scald|p2a: Clefable
|-damage|p2a: Clefable|236\/393
|
|-damage|p1a: Mrs Blobby|397\/529 brn|[from] brn
|turn|122
|
|switch|p1a: Baby Blobby|Chansey, F, shiny|638\/704
|switch|p2a: Gliscor|Gliscor, M|353\/353
|
|turn|123
|
|switch|p1a: Mrs Blobby|Alomomola, F, shiny|529\/529 brn
|move|p2a: Gliscor|U-turn|p1a: Mrs Blobby
|-damage|p1a: Mrs Blobby|485\/529 brn
|
|switch|p2a: Sableye|Sableye-Mega, M|303\/303
|
|-damage|p1a: Mrs Blobby|419\/529 brn|[from] brn
|turn|124
|
|switch|p1a: Baby Blobby|Chansey, F, shiny|638\/704
|move|p2a: Sableye|Foul Play|p1a: Baby Blobby
|-damage|p1a: Baby Blobby|607\/704
|
|turn|125
|
|switch|p1a: Mrs Blobby|Alomomola, F, shiny|529\/529 brn
|move|p2a: Sableye|Knock Off|p1a: Mrs Blobby
|-damage|p1a: Mrs Blobby|471\/529 brn
|
|-damage|p1a: Mrs Blobby|405\/529 brn|[from] brn
|turn|126
|
|switch|p1a: Fuck Magnezone|Skarmory, M, shiny|327\/334
|move|p2a: Sableye|Knock Off|p1a: Fuck Magnezone
|-damage|p1a: Fuck Magnezone|269\/334
|-enditem|p1a: Fuck Magnezone|Shed Shell|[from] move: Knock Off|[of] p2a: Sableye
|
|turn|127
|
|switch|p1a: Mrs Blobby|Alomomola, F, shiny|529\/529 brn
|move|p2a: Sableye|Will-O-Wisp|p1a: Mrs Blobby
|-fail|p1a: Mrs Blobby|brn
|
|-damage|p1a: Mrs Blobby|463\/529 brn|[from] brn
|turn|128
|
|switch|p2a: Gliscor|Gliscor, M|353\/353
|move|p1a: Mrs Blobby|Protect|p1a: Mrs Blobby
|-fail|p1a: Mrs Blobby
|
|-damage|p1a: Mrs Blobby|397\/529 brn|[from] brn
|turn|129
|
|switch|p1a: Not Mega|Sableye-Mega, F, shiny|264\/304 tox
|move|p2a: Gliscor|U-turn|p1a: Not Mega
|-damage|p1a: Not Mega|233\/304 tox
|
|switch|p2a: Manaphy|Manaphy|401\/401
|
|-damage|p1a: Not Mega|214\/304 tox|[from] psn
|turn|130
|
|switch|p1a: Baby Blobby|Chansey, F, shiny|607\/704
|move|p2a: Manaphy|Scald|p1a: Baby Blobby
|-damage|p1a: Baby Blobby|543\/704
|
|turn|131
|
|move|p2a: Manaphy|U-turn|p1a: Baby Blobby
|-damage|p1a: Baby Blobby|474\/704
|
|switch|p2a: Gliscor|Gliscor, M|353\/353
|move|p1a: Baby Blobby|Heal Bell|p1a: Baby Blobby
|-cureteam|p1a: Baby Blobby|[from] move: HealBell
|
|turn|132
|
|switch|p1a: Not Mega|Sableye-Mega, F, shiny|214\/304
|move|p2a: Gliscor|U-turn|p1a: Not Mega
|-damage|p1a: Not Mega|183\/304
|
|switch|p2a: Manaphy|Manaphy|401\/401
|
|turn|133
|
|move|p2a: Manaphy|Scald|p1a: Not Mega
|-damage|p1a: Not Mega|102\/304
|-status|p1a: Not Mega|brn
|move|p1a: Not Mega|Recover|p1a: Not Mega
|-heal|p1a: Not Mega|254\/304 brn
|
|-damage|p1a: Not Mega|216\/304 brn|[from] brn
|turn|134
|
|move|p2a: Manaphy|U-turn|p1a: Not Mega
|-damage|p1a: Not Mega|187\/304 brn
|
|switch|p2a: Talonflame|Talonflame, M|234\/345
|move|p1a: Not Mega|Recover|p1a: Not Mega
|-heal|p1a: Not Mega|304\/304 brn
|
|-heal|p2a: Talonflame|255\/345|[from] item: Leftovers
|-damage|p1a: Not Mega|266\/304 brn|[from] brn
|turn|135
|
|switch|p2a: Clefable|Clefable, F|236\/393
|move|p1a: Not Mega|Knock Off|p2a: Clefable
|-resisted|p2a: Clefable
|-damage|p2a: Clefable|219\/393
|
|-damage|p1a: Not Mega|228\/304 brn|[from] brn
|turn|136
|
|switch|p2a: Gliscor|Gliscor, M|353\/353
|switch|p1a: Baby Blobby|Chansey, F, shiny|474\/704
|
|turn|137
|
|switch|p1a: Fuck Magnezone|Skarmory, M, shiny|269\/334
|move|p2a: Gliscor|U-turn|p1a: Fuck Magnezone
|-crit|p1a: Fuck Magnezone
|-resisted|p1a: Fuck Magnezone
|-damage|p1a: Fuck Magnezone|258\/334
|
|switch|p2a: Talonflame|Talonflame, M|255\/345
|
|-heal|p2a: Talonflame|276\/345|[from] item: Leftovers
|turn|138
|
|switch|p1a: Mrs Blobby|Alomomola, F, shiny|529\/529
|move|p2a: Talonflame|Brave Bird|p1a: Mrs Blobby
|-damage|p1a: Mrs Blobby|388\/529
|-damage|p2a: Talonflame|229\/345|[from] recoil|[of] p1a: Mrs Blobby
|
|-heal|p2a: Talonflame|250\/345|[from] item: Leftovers
|turn|139
|
|move|p2a: Talonflame|Taunt|p1a: Mrs Blobby
|-start|p1a: Mrs Blobby|move: Taunt
|move|p1a: Mrs Blobby|Scald|p2a: Talonflame
|-supereffective|p2a: Talonflame
|-damage|p2a: Talonflame|118\/345
|
|-heal|p2a: Talonflame|139\/345|[from] item: Leftovers
|turn|140
|
|move|p2a: Talonflame|Roost|p2a: Talonflame
|-heal|p2a: Talonflame|312\/345
|move|p1a: Mrs Blobby|Scald|p2a: Talonflame
|-supereffective|p2a: Talonflame
|-damage|p2a: Talonflame|180\/345
|
|-heal|p2a: Talonflame|201\/345|[from] item: Leftovers
|turn|141
|
|switch|p2a: Clefable|Clefable, F|219\/393
|move|p1a: Mrs Blobby|Scald|p2a: Clefable
|-damage|p2a: Clefable|174\/393
|
|-end|p1a: Mrs Blobby|move: Taunt
|turn|142
|
|switch|p1a: Baby Blobby|Chansey, F, shiny|474\/704
|move|p2a: Clefable|Moonlight|p2a: Clefable
|-heal|p2a: Clefable|370\/393
|
|turn|143
|
|switch|p2a: Gliscor|Gliscor, M|353\/353
|move|p1a: Baby Blobby|Heal Bell|p1a: Baby Blobby
|-cureteam|p1a: Baby Blobby|[from] move: HealBell
|
|turn|144
|
|switch|p1a: Not Mega|Sableye-Mega, F, shiny|228\/304
|move|p2a: Gliscor|U-turn|p1a: Not Mega
|-damage|p1a: Not Mega|195\/304
|
|switch|p2a: Manaphy|Manaphy|401\/401
|
|turn|145
|
|move|p2a: Manaphy|Scald|p1a: Not Mega
|-damage|p1a: Not Mega|110\/304
|move|p1a: Not Mega|Recover|p1a: Not Mega
|-heal|p1a: Not Mega|262\/304
|
|turn|146
|
|switch|p1a: Baby Blobby|Chansey, F, shiny|474\/704
|move|p2a: Manaphy|U-turn|p1a: Baby Blobby
|-damage|p1a: Baby Blobby|408\/704
|
|switch|p2a: Excadrill|Excadrill, M|24\/424
|-ability|p2a: Excadrill|Mold Breaker
|
|turn|147
|
|switch|p1a: Fuck Magnezone|Skarmory, M, shiny|258\/334
|move|p2a: Excadrill|Iron Head|p1a: Fuck Magnezone
|-resisted|p1a: Fuck Magnezone
|-damage|p1a: Fuck Magnezone|226\/334
|
|turn|148
|
|switch|p2a: Sableye|Sableye-Mega, M|303\/303
|move|p1a: Fuck Magnezone|Roost|p1a: Fuck Magnezone
|-heal|p1a: Fuck Magnezone|334\/334
|
|turn|149
|
|switch|p1a: Mrs Blobby|Alomomola, F, shiny|529\/529
|move|p2a: Sableye|Will-O-Wisp|p1a: Mrs Blobby
|-status|p1a: Mrs Blobby|brn
|
|-damage|p1a: Mrs Blobby|463\/529 brn|[from] brn
|turn|150
|
|switch|p2a: Gliscor|Gliscor, M|353\/353
|move|p1a: Mrs Blobby|Wish|p1a: Mrs Blobby
|
|-damage|p1a: Mrs Blobby|397\/529 brn|[from] brn
|turn|151
|
|switch|p1a: Baby Blobby|Chansey, F, shiny|408\/704
|move|p2a: Gliscor|Stealth Rock|p1a: Baby Blobby
|-sidestart|p1: Amoonbro|move: Stealth Rock
|
|-heal|p1a: Baby Blobby|672\/704|[from] move: Wish|[wisher] Mrs Blobby
|turn|152
|
|switch|p1a: Fuck Magnezone|Skarmory, M, shiny|334\/334
|-damage|p1a: Fuck Magnezone|293\/334|[from] Stealth Rock
|move|p2a: Gliscor|Taunt|p1a: Fuck Magnezone
|-start|p1a: Fuck Magnezone|move: Taunt
|
|turn|153
|
|switch|p2a: Talonflame|Talonflame, M|201\/345
|switch|p1a: Mrs Blobby|Alomomola, F, shiny|529\/529 brn
|-damage|p1a: Mrs Blobby|463\/529 brn|[from] Stealth Rock
|
|-heal|p2a: Talonflame|222\/345|[from] item: Leftovers
|-damage|p1a: Mrs Blobby|397\/529 brn|[from] brn
|turn|154
|
|switch|p2a: Clefable|Clefable, F|370\/393
|move|p1a: Mrs Blobby|Scald|p2a: Clefable
|-damage|p2a: Clefable|325\/393
|-status|p2a: Clefable|brn
|
|-damage|p1a: Mrs Blobby|331\/529 brn|[from] brn
|-damage|p2a: Clefable|276\/393 brn|[from] brn
|turn|155
|
|switch|p1a: Fuck Magnezone|Skarmory, M, shiny|293\/334
|-damage|p1a: Fuck Magnezone|252\/334|[from] Stealth Rock
|switch|p2a: Talonflame|Talonflame, M|222\/345
|
|-heal|p2a: Talonflame|243\/345|[from] item: Leftovers
|turn|156
|
|move|p2a: Talonflame|Taunt|p1a: Fuck Magnezone
|-start|p1a: Fuck Magnezone|move: Taunt
|cant|p1a: Fuck Magnezone|move: Taunt|Defog
|
|-heal|p2a: Talonflame|264\/345|[from] item: Leftovers
|turn|157
|
|switch|p1a: Mrs Blobby|Alomomola, F, shiny|507\/529 brn
|-damage|p1a: Mrs Blobby|441\/529 brn|[from] Stealth Rock
|move|p2a: Talonflame|Brave Bird|p1a: Mrs Blobby
|-damage|p1a: Mrs Blobby|306\/529 brn
|-damage|p2a: Talonflame|219\/345|[from] recoil|[of] p1a: Mrs Blobby
|
|-heal|p2a: Talonflame|240\/345|[from] item: Leftovers
|-damage|p1a: Mrs Blobby|240\/529 brn|[from] brn
|turn|158
|
|switch|p1a: Fuck Magnezone|Skarmory, M, shiny|252\/334
|-damage|p1a: Fuck Magnezone|211\/334|[from] Stealth Rock
|move|p2a: Talonflame|Roost|p2a: Talonflame
|-heal|p2a: Talonflame|345\/345
|
|turn|159
|
|switch|p1a: Not Mega|Sableye-Mega, F, shiny|262\/304
|-damage|p1a: Not Mega|224\/304|[from] Stealth Rock
|move|p2a: Talonflame|Taunt|p1a: Not Mega
|move|p1a: Not Mega|Taunt|p2a: Talonflame|[from]Magic Bounce
|-start|p2a: Talonflame|move: Taunt
|
|turn|160
|
|switch|p2a: Gliscor|Gliscor, M|353\/353
|move|p1a: Not Mega|Recover|p1a: Not Mega
|-heal|p1a: Not Mega|304\/304
|
|turn|161
|
|move|p2a: Gliscor|U-turn|p1a: Not Mega
|-damage|p1a: Not Mega|273\/304
|
|switch|p2a: Manaphy|Manaphy|401\/401
|move|p1a: Not Mega|Knock Off|p2a: Manaphy
|-damage|p2a: Manaphy|340\/401
|
|turn|162
|
|switch|p1a: Mr Blobby|Amoonguss, M, shiny|432\/432
|-damage|p1a: Mr Blobby|378\/432|[from] Stealth Rock
|move|p2a: Manaphy|U-turn|p1a: Mr Blobby
|-damage|p1a: Mr Blobby|329\/432
|
|switch|p2a: Talonflame|Talonflame, M|345\/345
|
|turn|163
|
|switch|p1a: Mrs Blobby|Alomomola, F, shiny|416\/529 brn
|-damage|p1a: Mrs Blobby|350\/529 brn|[from] Stealth Rock
|move|p2a: Talonflame|Brave Bird|p1a: Mrs Blobby
|-damage|p1a: Mrs Blobby|202\/529 brn
|-damage|p2a: Talonflame|296\/345|[from] recoil|[of] p1a: Mrs Blobby
|
|-heal|p2a: Talonflame|317\/345|[from] item: Leftovers
|-damage|p1a: Mrs Blobby|136\/529 brn|[from] brn
|turn|164
|
|switch|p1a: Fuck Magnezone|Skarmory, M, shiny|211\/334
|-damage|p1a: Fuck Magnezone|170\/334|[from] Stealth Rock
|move|p2a: Talonflame|Brave Bird|p1a: Fuck Magnezone
|-resisted|p1a: Fuck Magnezone
|-damage|p1a: Fuck Magnezone|125\/334
|-damage|p2a: Talonflame|302\/345|[from] recoil|[of] p1a: Fuck Magnezone
|
|-heal|p2a: Talonflame|323\/345|[from] item: Leftovers
|turn|165
|
|switch|p1a: Uncle Blobby|Quagsire, F, shiny|330\/394
|-damage|p1a: Uncle Blobby|306\/394|[from] Stealth Rock
|move|p2a: Talonflame|Taunt|p1a: Uncle Blobby
|-start|p1a: Uncle Blobby|move: Taunt
|
|-heal|p2a: Talonflame|344\/345|[from] item: Leftovers
|-heal|p1a: Uncle Blobby|330\/394|[from] item: Leftovers
|turn|166
|
|switch|p2a: Manaphy|Manaphy|340\/401
|move|p1a: Uncle Blobby|Scald|p2a: Manaphy
|-resisted|p2a: Manaphy
|-damage|p2a: Manaphy|316\/401
|
|-heal|p1a: Uncle Blobby|354\/394|[from] item: Leftovers
|turn|167
|
|switch|p1a: Mrs Blobby|Alomomola, F, shiny|312\/529 brn
|-damage|p1a: Mrs Blobby|246\/529 brn|[from] Stealth Rock
|move|p2a: Manaphy|U-turn|p1a: Mrs Blobby
|-damage|p1a: Mrs Blobby|206\/529 brn
|
|switch|p2a: Talonflame|Talonflame, M|344\/345
|
|-heal|p2a: Talonflame|345\/345|[from] item: Leftovers
|-damage|p1a: Mrs Blobby|140\/529 brn|[from] brn
|turn|168
|
|switch|p1a: Not Mega|Sableye-Mega, F, shiny|273\/304
|-damage|p1a: Not Mega|235\/304|[from] Stealth Rock
|move|p2a: Talonflame|Brave Bird|p1a: Not Mega
|-damage|p1a: Not Mega|130\/304
|-damage|p2a: Talonflame|310\/345|[from] recoil|[of] p1a: Not Mega
|
|-heal|p2a: Talonflame|331\/345|[from] item: Leftovers
|turn|169
|
|move|p2a: Talonflame|Brave Bird|p1a: Not Mega
|-damage|p1a: Not Mega|15\/304
|-damage|p2a: Talonflame|293\/345|[from] recoil|[of] p1a: Not Mega
|move|p1a: Not Mega|Recover|p1a: Not Mega
|-heal|p1a: Not Mega|167\/304
|
|-heal|p2a: Talonflame|314\/345|[from] item: Leftovers
|turn|170
|
|switch|p2a: Manaphy|Manaphy|316\/401
|move|p1a: Not Mega|Recover|p1a: Not Mega
|-heal|p1a: Not Mega|304\/304
|
|turn|171
|
|switch|p1a: Mrs Blobby|Alomomola, F, shiny|316\/529 brn
|-damage|p1a: Mrs Blobby|250\/529 brn|[from] Stealth Rock
|move|p2a: Manaphy|U-turn|p1a: Mrs Blobby
|-damage|p1a: Mrs Blobby|212\/529 brn
|
|switch|p2a: Talonflame|Talonflame, M|314\/345
|
|-heal|p2a: Talonflame|335\/345|[from] item: Leftovers
|-damage|p1a: Mrs Blobby|146\/529 brn|[from] brn
|turn|172
|
|switch|p1a: Not Mega|Sableye-Mega, F, shiny|304\/304
|-damage|p1a: Not Mega|266\/304|[from] Stealth Rock
|move|p2a: Talonflame|Brave Bird|p1a: Not Mega
|-damage|p1a: Not Mega|152\/304
|-damage|p2a: Talonflame|297\/345|[from] recoil|[of] p1a: Not Mega
|
|-heal|p2a: Talonflame|318\/345|[from] item: Leftovers
|turn|173
|
|move|p2a: Talonflame|Brave Bird|p1a: Not Mega
|-damage|p1a: Not Mega|49\/304
|-damage|p2a: Talonflame|284\/345|[from] recoil|[of] p1a: Not Mega
|move|p1a: Not Mega|Recover|p1a: Not Mega
|-heal|p1a: Not Mega|201\/304
|
|-heal|p2a: Talonflame|305\/345|[from] item: Leftovers
|turn|174
|
|move|p2a: Talonflame|Brave Bird|p1a: Not Mega
|-damage|p1a: Not Mega|96\/304
|-damage|p2a: Talonflame|270\/345|[from] recoil|[of] p1a: Not Mega
|move|p1a: Not Mega|Recover|p1a: Not Mega
|-heal|p1a: Not Mega|248\/304
|
|-heal|p2a: Talonflame|291\/345|[from] item: Leftovers
|turn|175
|
|switch|p2a: Clefable|Clefable, F|276\/393 brn
|move|p1a: Not Mega|Knock Off|p2a: Clefable
|-resisted|p2a: Clefable
|-damage|p2a: Clefable|245\/393 brn
|
|-damage|p2a: Clefable|196\/393 brn|[from] brn
|turn|176
|
|switch|p2a: Talonflame|Talonflame, M|291\/345
|switch|p1a: Baby Blobby|Chansey, F, shiny|672\/704
|-damage|p1a: Baby Blobby|584\/704|[from] Stealth Rock
|
|-heal|p2a: Talonflame|312\/345|[from] item: Leftovers
|turn|177
|
|move|p2a: Talonflame|Brave Bird|p1a: Baby Blobby
|-damage|p1a: Baby Blobby|341\/704
|-damage|p2a: Talonflame|232\/345|[from] recoil|[of] p1a: Baby Blobby
|move|p1a: Baby Blobby|Heal Bell|p1a: Baby Blobby
|-cureteam|p1a: Baby Blobby|[from] move: HealBell
|
|-heal|p2a: Talonflame|253\/345|[from] item: Leftovers
|turn|178
|
|switch|p1a: Mrs Blobby|Alomomola, F, shiny|322\/529
|-damage|p1a: Mrs Blobby|256\/529|[from] Stealth Rock
|move|p2a: Talonflame|Taunt|p1a: Mrs Blobby
|-start|p1a: Mrs Blobby|move: Taunt
|
|-heal|p2a: Talonflame|274\/345|[from] item: Leftovers
|turn|179
|
|switch|p1a: Uncle Blobby|Quagsire, F, shiny|354\/394
|-damage|p1a: Uncle Blobby|330\/394|[from] Stealth Rock
|move|p2a: Talonflame|Brave Bird|p1a: Uncle Blobby
|-damage|p1a: Uncle Blobby|203\/394
|-damage|p2a: Talonflame|232\/345|[from] recoil|[of] p1a: Uncle Blobby
|
|-heal|p2a: Talonflame|253\/345|[from] item: Leftovers
|-heal|p1a: Uncle Blobby|227\/394|[from] item: Leftovers
|turn|180
|
|switch|p2a: Manaphy|Manaphy|316\/401
|move|p1a: Uncle Blobby|Recover|p1a: Uncle Blobby
|-heal|p1a: Uncle Blobby|394\/394
|
|turn|181
|
|switch|p1a: Mr Blobby|Amoonguss, M, shiny|432\/432
|-damage|p1a: Mr Blobby|378\/432|[from] Stealth Rock
|move|p2a: Manaphy|U-turn|p1a: Mr Blobby
|-damage|p1a: Mr Blobby|331\/432
|
|switch|p2a: Talonflame|Talonflame, M|253\/345
|
|-heal|p2a: Talonflame|274\/345|[from] item: Leftovers
|turn|182
|
|switch|p1a: Uncle Blobby|Quagsire, F, shiny|394\/394
|-damage|p1a: Uncle Blobby|370\/394|[from] Stealth Rock
|move|p2a: Talonflame|Brave Bird|p1a: Uncle Blobby
|-damage|p1a: Uncle Blobby|241\/394
|-damage|p2a: Talonflame|231\/345|[from] recoil|[of] p1a: Uncle Blobby
|
|-heal|p2a: Talonflame|252\/345|[from] item: Leftovers
|-heal|p1a: Uncle Blobby|265\/394|[from] item: Leftovers
|turn|183
|
|move|p2a: Talonflame|Brave Bird|p1a: Uncle Blobby
|-damage|p1a: Uncle Blobby|124\/394
|-damage|p2a: Talonflame|205\/345|[from] recoil|[of] p1a: Uncle Blobby
|move|p1a: Uncle Blobby|Recover|p1a: Uncle Blobby
|-heal|p1a: Uncle Blobby|321\/394
|
|-heal|p2a: Talonflame|226\/345|[from] item: Leftovers
|-heal|p1a: Uncle Blobby|345\/394|[from] item: Leftovers
|turn|184
|
|switch|p2a: Manaphy|Manaphy|316\/401
|move|p1a: Uncle Blobby|Recover|p1a: Uncle Blobby
|-heal|p1a: Uncle Blobby|394\/394
|
|turn|185
|
|move|p2a: Manaphy|U-turn|p1a: Uncle Blobby
|-damage|p1a: Uncle Blobby|355\/394
|c|âWolf Bros|no more time
|c|âWolf Bros|to be playing
|c|âWolf Bros|with ur gay team
|c|âWolf Bros|gtg
|
|switch|p2a: Sableye|Sableye-Mega, M|303\/303
|move|p1a: Uncle Blobby|Scald|p2a: Sableye
|-damage|p2a: Sableye|261\/303
|
|-heal|p1a: Uncle Blobby|379\/394|[from] item: Leftovers
|turn|186
|c|âWolf Bros|just to let u know
|c|âWolf Bros|u are bad
|c|âWolf Bros|:p
|
|move|p1a: Uncle Blobby|Scald|p2a: Sableye
|-damage|p2a: Sableye|221\/303
|move|p2a: Sableye|Knock Off|p1a: Uncle Blobby
|-damage|p1a: Uncle Blobby|298\/394
|-enditem|p1a: Uncle Blobby|Leftovers|[from] move: Knock Off|[of] p2a: Sableye
|
|turn|187
|
|move|p1a: Uncle Blobby|Scald|p2a: Sableye
|-damage|p2a: Sableye|179\/303
|-status|p2a: Sableye|brn
|move|p2a: Sableye|Will-O-Wisp|p1a: Uncle Blobby
|-status|p1a: Uncle Blobby|brn
|
|-damage|p1a: Uncle Blobby|249\/394 brn|[from] brn
|-damage|p2a: Sableye|142\/303 brn|[from] brn
|turn|188
|
|move|p1a: Uncle Blobby|Recover|p1a: Uncle Blobby
|-heal|p1a: Uncle Blobby|394\/394 brn
|move|p2a: Sableye|Foul Play|p1a: Uncle Blobby
|-damage|p1a: Uncle Blobby|355\/394 brn
|
|-damage|p1a: Uncle Blobby|306\/394 brn|[from] brn
|-damage|p2a: Sableye|105\/303 brn|[from] brn
|turn|189
|
|switch|p2a: Clefable|Clefable, F|196\/393 brn
|move|p1a: Uncle Blobby|Scald|p2a: Clefable
|-damage|p2a: Clefable|132\/393 brn
|
|-damage|p2a: Clefable|83\/393 brn|[from] brn
|-damage|p1a: Uncle Blobby|257\/394 brn|[from] brn
|turn|190
|c|âWolf Bros|hope i wifi u one day
|c|âWolf Bros|and rape ur ass
|
|move|p2a: Clefable|Moonblast|p1a: Uncle Blobby
|-damage|p1a: Uncle Blobby|109\/394 brn
|move|p1a: Uncle Blobby|Recover|p1a: Uncle Blobby
|-heal|p1a: Uncle Blobby|306\/394 brn
|
|-damage|p2a: Clefable|34\/393 brn|[from] brn
|-damage|p1a: Uncle Blobby|257\/394 brn|[from] brn
|turn|191
|
|move|p2a: Clefable|Moonlight|p2a: Clefable
|-heal|p2a: Clefable|230\/393 brn
|move|p1a: Uncle Blobby|Recover|p1a: Uncle Blobby
|-heal|p1a: Uncle Blobby|394\/394 brn
|
|-damage|p2a: Clefable|181\/393 brn|[from] brn
|-damage|p1a: Uncle Blobby|345\/394 brn|[from] brn
|turn|192
|
|switch|p1a: Baby Blobby|Chansey, F, shiny|341\/704
|-damage|p1a: Baby Blobby|253\/704|[from] Stealth Rock
|move|p2a: Clefable|Aromatherapy|p2a: Clefable
|-cureteam|p2a: Clefable|[from] move: Aromatherapy
|
|turn|193
|
|switch|p2a: Talonflame|Talonflame, M|226\/345
|move|p1a: Baby Blobby|Soft-Boiled|p1a: Baby Blobby
|-heal|p1a: Baby Blobby|605\/704
|
|-heal|p2a: Talonflame|247\/345|[from] item: Leftovers
|turn|194
|
|move|p2a: Talonflame|Brave Bird|p1a: Baby Blobby
|-damage|p1a: Baby Blobby|388\/704
|-damage|p2a: Talonflame|175\/345|[from] recoil|[of] p1a: Baby Blobby
|move|p1a: Baby Blobby|Toxic|p2a: Talonflame
|-status|p2a: Talonflame|tox
|
|-heal|p2a: Talonflame|196\/345 tox|[from] item: Leftovers
|-damage|p2a: Talonflame|175\/345 tox|[from] psn
|turn|195
|leave|Wolf Bros
|player|p2
|-message|wolfbros lost due to inactivity.
|
|win|Amoonbro
|raw|Ladder updating...
|raw|Amoonbro's rating: 1619 &rarr; <strong>1638<\/strong><br \/>(+19 for winning)
|raw|Wolf Bros's rating: 1600 &rarr; <strong>1581<\/strong><br \/>(-19 for losing)