|join|Wolf Bros
|join|looiiyut
|player|p1|Wolf Bros|168
|player|p2|looiiyut|210
|gametype|singles
|gen|6
|tier|OU
|rated
|clearpoke
|poke|p1|Sableye, M
|poke|p1|Excadrill, M
|poke|p1|Manaphy
|poke|p1|Gliscor, F
|poke|p1|Talonflame, F
|poke|p1|Clefable, M
|poke|p2|Heracross, M
|poke|p2|Clefable, F
|poke|p2|Tyranitar, F
|poke|p2|Mandibuzz, F
|poke|p2|Serperior, F
|poke|p2|Heatran, M
|rule|Swagger Clause: Swagger is banned
|rule|Baton Pass Clause: Limit one PokÃ©mon knowing Baton Pass
|rule|Sleep Clause Mod: Limit one foe put to sleep
|rule|Species Clause: Limit one of each PokÃ©mon
|rule|OHKO Clause: OHKO moves are banned
|rule|Moody Clause: Moody is banned
|rule|Evasion Moves Clause: Evasion moves are banned
|rule|Endless Battle Clause: Forcing endless battles is banned
|rule|HP Percentage Mod: HP is shown in percentages
|teampreview
|c|âlooiiyut|gl hf
|
|start
|switch|p1a: Talonflame|Talonflame, F|345\/345
|switch|p2a: Serperior|Serperior, F|291\/291
|turn|1
|
|switch|p2a: Heatran|Heatran, M|385\/385
|move|p1a: Talonflame|Will-O-Wisp|p2a: Heatran
|-start|p2a: Heatran|ability: Flash Fire
|
|turn|2
|
|move|p1a: Talonflame|Taunt|p2a: Heatran
|-start|p2a: Heatran|move: Taunt
|move|p2a: Heatran|Magma Storm|p1a: Talonflame
|-resisted|p1a: Talonflame
|-damage|p1a: Talonflame|195\/345
|-activate|p1a: Talonflame|move: Magma Storm|[of] p2a: Heatran
|
|-heal|p1a: Talonflame|216\/345|[from] item: Leftovers
|-damage|p1a: Talonflame|173\/345|[from] move: Magma Storm|[partiallytrapped]
|turn|3
|
|move|p1a: Talonflame|Roost|p1a: Talonflame
|-heal|p1a: Talonflame|345\/345
|move|p2a: Heatran|Magma Storm|p1a: Talonflame
|-resisted|p1a: Talonflame
|-damage|p1a: Talonflame|186\/345
|
|-heal|p1a: Talonflame|207\/345|[from] item: Leftovers
|-damage|p1a: Talonflame|164\/345|[from] move: Magma Storm|[partiallytrapped]
|turn|4
|
|switch|p2a: Tyranitar|Tyranitar, F|404\/404
|-weather|Sandstorm
|move|p1a: Talonflame|Roost|p1a: Talonflame
|-heal|p1a: Talonflame|337\/345
|
|-weather|Sandstorm|[upkeep]
|-damage|p1a: Talonflame|316\/345|[from] sandstorm
|-heal|p1a: Talonflame|337\/345|[from] item: Leftovers
|-end|p1a: Talonflame|Magma Storm|[partiallytrapped]
|turn|5
|
|move|p1a: Talonflame|Will-O-Wisp|p2a: Tyranitar|[miss]
|-miss|p1a: Talonflame|p2a: Tyranitar
|move|p2a: Tyranitar|Stone Edge|p1a: Talonflame
|-supereffective|p1a: Talonflame
|-damage|p1a: Talonflame|0 fnt
|faint|p1a: Talonflame
|
|-weather|Sandstorm|[upkeep]
|
|switch|p1a: Gliscor|Gliscor, F|353\/353
|turn|6
|
|switch|p2a: Mandibuzz|Mandibuzz, F|423\/423
|move|p1a: Gliscor|Stealth Rock|p2a: Mandibuzz
|-sidestart|p2: looiiyut|move: Stealth Rock
|
|-weather|Sandstorm|[upkeep]
|-status|p1a: Gliscor|tox|[from] item: Toxic Orb
|turn|7
|
|move|p1a: Gliscor|Taunt|p2a: Mandibuzz
|-start|p2a: Mandibuzz|move: Taunt
|cant|p2a: Mandibuzz|move: Taunt|Taunt
|
|-weather|Sandstorm|[upkeep]
|turn|8
|
|move|p1a: Gliscor|U-turn|p2a: Mandibuzz
|-damage|p2a: Mandibuzz|385\/423
|
|switch|p1a: Clefable|Clefable, M|393\/393
|move|p2a: Mandibuzz|Foul Play|p1a: Clefable
|-resisted|p1a: Clefable
|-damage|p1a: Clefable|363\/393
|
|-weather|none
|-heal|p2a: Mandibuzz|411\/423|[from] item: Leftovers
|-heal|p1a: Clefable|387\/393|[from] item: Leftovers
|turn|9
|
|switch|p2a: Heatran|Heatran, M|385\/385
|-damage|p2a: Heatran|337\/385|[from] Stealth Rock
|switch|p1a: Manaphy|Manaphy|401\/401
|
|-heal|p2a: Heatran|361\/385|[from] item: Leftovers
|turn|10
|
|move|p2a: Heatran|Stealth Rock|p1a: Manaphy
|-sidestart|p1: Wolf Bros|move: Stealth Rock
|move|p1a: Manaphy|U-turn|p2a: Heatran
|-resisted|p2a: Heatran
|-damage|p2a: Heatran|350\/385
|
|switch|p1a: Excadrill|Excadrill, M|424\/424
|-damage|p1a: Excadrill|411\/424|[from] Stealth Rock
|-ability|p1a: Excadrill|Mold Breaker
|
|-heal|p2a: Heatran|374\/385|[from] item: Leftovers
|-heal|p1a: Excadrill|424\/424|[from] item: Leftovers
|turn|11
|
|switch|p2a: Heracross|Heracross, M|309\/309
|-damage|p2a: Heracross|271\/309|[from] Stealth Rock
|move|p1a: Excadrill|Rapid Spin|p2a: Heracross
|-damage|p2a: Heracross|242\/309
|-sideend|p1: Wolf Bros|Stealth Rock|[from] move: Rapid Spin|[of] p1a: Excadrill
|
|turn|12
|
|switch|p2a: Serperior|Serperior, F|291\/291
|-damage|p2a: Serperior|255\/291|[from] Stealth Rock
|switch|p1a: Gliscor|Gliscor, F|353\/353 tox
|
|turn|13
|
|move|p2a: Serperior|Leaf Storm|p1a: Gliscor
|-damage|p1a: Gliscor|142\/353 tox
|-boost|p2a: Serperior|spa|2
|move|p1a: Gliscor|U-turn|p2a: Serperior
|-crit|p2a: Serperior
|-supereffective|p2a: Serperior
|-damage|p2a: Serperior|77\/291
|
|switch|p1a: Clefable|Clefable, M|387\/393
|
|-heal|p1a: Clefable|393\/393|[from] item: Leftovers
|turn|14
|
|move|p2a: Serperior|Giga Drain|p1a: Clefable
|-damage|p1a: Clefable|306\/393
|-heal|p2a: Serperior|121\/291|[from] drain|[of] p1a: Clefable
|move|p1a: Clefable|Moonblast|p2a: Serperior
|-damage|p2a: Serperior|12\/291
|
|-heal|p1a: Clefable|330\/393|[from] item: Leftovers
|turn|15
|
|move|p2a: Serperior|Leaf Storm|p1a: Clefable
|-damage|p1a: Clefable|182\/393
|-boost|p2a: Serperior|spa|2
|move|p1a: Clefable|Moonblast|p2a: Serperior
|-damage|p2a: Serperior|0 fnt
|faint|p2a: Serperior
|
|-heal|p1a: Clefable|206\/393|[from] item: Leftovers
|
|switch|p2a: Heatran|Heatran, M|374\/385
|-damage|p2a: Heatran|326\/385|[from] Stealth Rock
|turn|16
|
|move|p2a: Heatran|Magma Storm|p1a: Clefable
|-damage|p1a: Clefable|68\/393
|-activate|p1a: Clefable|move: Magma Storm|[of] p2a: Heatran
|move|p1a: Clefable|Moonlight|p1a: Clefable
|-heal|p1a: Clefable|264\/393
|
|-heal|p2a: Heatran|350\/385|[from] item: Leftovers
|-heal|p1a: Clefable|288\/393|[from] item: Leftovers
|-damage|p1a: Clefable|239\/393|[from] move: Magma Storm|[partiallytrapped]
|turn|17
|
|move|p2a: Heatran|Toxic|p1a: Clefable
|-status|p1a: Clefable|tox
|move|p1a: Clefable|Calm Mind|p1a: Clefable
|-boost|p1a: Clefable|spa|1
|-boost|p1a: Clefable|spd|1
|
|-heal|p2a: Heatran|374\/385|[from] item: Leftovers
|-heal|p1a: Clefable|263\/393 tox|[from] item: Leftovers
|-damage|p1a: Clefable|239\/393 tox|[from] psn
|-damage|p1a: Clefable|190\/393 tox|[from] move: Magma Storm|[partiallytrapped]
|turn|18
|
|move|p2a: Heatran|Stealth Rock|p1a: Clefable
|-sidestart|p1: Wolf Bros|move: Stealth Rock
|move|p1a: Clefable|Moonlight|p1a: Clefable
|-heal|p1a: Clefable|386\/393 tox
|
|-heal|p2a: Heatran|385\/385|[from] item: Leftovers
|-heal|p1a: Clefable|393\/393 tox|[from] item: Leftovers
|-damage|p1a: Clefable|345\/393 tox|[from] psn
|-damage|p1a: Clefable|296\/393 tox|[from] move: Magma Storm|[partiallytrapped]
|turn|19
|
|move|p2a: Heatran|Magma Storm|p1a: Clefable
|-damage|p1a: Clefable|197\/393 tox
|move|p1a: Clefable|Aromatherapy|p1a: Clefable
|-cureteam|p1a: Clefable|[from] move: Aromatherapy
|
|-heal|p1a: Clefable|221\/393|[from] item: Leftovers
|-damage|p1a: Clefable|172\/393|[from] move: Magma Storm|[partiallytrapped]
|turn|20
|
|move|p2a: Heatran|Toxic|p1a: Clefable
|-status|p1a: Clefable|tox
|move|p1a: Clefable|Moonlight|p1a: Clefable
|-heal|p1a: Clefable|368\/393 tox
|
|-heal|p1a: Clefable|392\/393 tox|[from] item: Leftovers
|-damage|p1a: Clefable|368\/393 tox|[from] psn
|-end|p1a: Clefable|Magma Storm|[partiallytrapped]
|turn|21
|
|switch|p1a: Manaphy|Manaphy|401\/401
|-damage|p1a: Manaphy|351\/401|[from] Stealth Rock
|move|p2a: Heatran|Stealth Rock|p1a: Manaphy
|-fail|p1a: Manaphy
|
|-heal|p1a: Manaphy|376\/401|[from] item: Leftovers
|turn|22
|
|move|p2a: Heatran|Toxic|p1a: Manaphy
|-status|p1a: Manaphy|tox
|move|p1a: Manaphy|Rain Dance|p1a: Manaphy
|-weather|RainDance
|
|-weather|RainDance|[upkeep]
|-curestatus|p1a: Manaphy|tox
|-heal|p1a: Manaphy|401\/401|[from] item: Leftovers
|turn|23
|
|move|p2a: Heatran|Protect|p2a: Heatran
|-singleturn|p2a: Heatran|Protect
|move|p1a: Manaphy|Scald|p2a: Heatran
|-activate|p2a: Heatran|Protect
|
|-weather|RainDance|[upkeep]
|turn|24
|
|switch|p2a: Mandibuzz|Mandibuzz, F|411\/423
|-damage|p2a: Mandibuzz|306\/423|[from] Stealth Rock
|move|p1a: Manaphy|Scald|p2a: Mandibuzz
|-damage|p2a: Mandibuzz|180\/423
|
|-weather|RainDance|[upkeep]
|-heal|p2a: Mandibuzz|206\/423|[from] item: Leftovers
|turn|25
|
|move|p1a: Manaphy|U-turn|p2a: Mandibuzz
|-damage|p2a: Mandibuzz|170\/423
|
|switch|p1a: Gliscor|Gliscor, F|142\/353
|-damage|p1a: Gliscor|98\/353|[from] Stealth Rock
|move|p2a: Mandibuzz|Roost|p2a: Mandibuzz
|-heal|p2a: Mandibuzz|382\/423
|
|-weather|RainDance|[upkeep]
|-heal|p2a: Mandibuzz|408\/423|[from] item: Leftovers
|-status|p1a: Gliscor|tox|[from] item: Toxic Orb
|turn|26
|
|move|p1a: Gliscor|Taunt|p2a: Mandibuzz
|-start|p2a: Mandibuzz|move: Taunt
|move|p2a: Mandibuzz|Foul Play|p1a: Gliscor
|-damage|p1a: Gliscor|34\/353 tox
|
|-weather|none
|-heal|p2a: Mandibuzz|423\/423|[from] item: Leftovers
|-heal|p1a: Gliscor|78\/353 tox|[from] ability: Poison Heal
|turn|27
|
|move|p1a: Gliscor|U-turn|p2a: Mandibuzz
|-damage|p2a: Mandibuzz|379\/423
|
|switch|p1a: Excadrill|Excadrill, M|424\/424
|-damage|p1a: Excadrill|411\/424|[from] Stealth Rock
|-ability|p1a: Excadrill|Mold Breaker
|move|p2a: Mandibuzz|Foul Play|p1a: Excadrill
|-crit|p1a: Excadrill
|-damage|p1a: Excadrill|96\/424
|
|-heal|p1a: Excadrill|122\/424|[from] item: Leftovers
|-heal|p2a: Mandibuzz|405\/423|[from] item: Leftovers
|turn|28
|
|move|p1a: Excadrill|Rapid Spin|p2a: Mandibuzz
|-damage|p2a: Mandibuzz|388\/423
|-sideend|p1: Wolf Bros|Stealth Rock|[from] move: Rapid Spin|[of] p1a: Excadrill
|move|p2a: Mandibuzz|Foul Play|p1a: Excadrill
|-damage|p1a: Excadrill|0 fnt
|faint|p1a: Excadrill
|
|-heal|p2a: Mandibuzz|414\/423|[from] item: Leftovers
|-end|p2a: Mandibuzz|move: Taunt
|
|switch|p1a: Gliscor|Gliscor, F|78\/353 tox
|turn|29
|
|move|p1a: Gliscor|Taunt|p2a: Mandibuzz
|-start|p2a: Mandibuzz|move: Taunt
|move|p2a: Mandibuzz|Foul Play|p1a: Gliscor
|-damage|p1a: Gliscor|6\/353 tox
|
|-heal|p2a: Mandibuzz|423\/423|[from] item: Leftovers
|-heal|p1a: Gliscor|50\/353 tox|[from] ability: Poison Heal
|turn|30
|
|move|p1a: Gliscor|U-turn|p2a: Mandibuzz
|-damage|p2a: Mandibuzz|381\/423
|
|switch|p1a: Clefable|Clefable, M|368\/393 tox
|move|p2a: Mandibuzz|Foul Play|p1a: Clefable
|-resisted|p1a: Clefable
|-damage|p1a: Clefable|338\/393 tox
|
|-heal|p2a: Mandibuzz|407\/423|[from] item: Leftovers
|-heal|p1a: Clefable|362\/393 tox|[from] item: Leftovers
|-damage|p1a: Clefable|338\/393 tox|[from] psn
|turn|31
|
|switch|p1a: Manaphy|Manaphy|401\/401
|move|p2a: Mandibuzz|Foul Play|p1a: Manaphy
|-damage|p1a: Manaphy|295\/401
|
|-heal|p1a: Manaphy|320\/401|[from] item: Leftovers
|-heal|p2a: Mandibuzz|423\/423|[from] item: Leftovers
|-end|p2a: Mandibuzz|move: Taunt
|turn|32
|
|move|p1a: Manaphy|Rain Dance|p1a: Manaphy
|-weather|RainDance
|move|p2a: Mandibuzz|Defog|p1a: Manaphy
|-unboost|p1a: Manaphy|evasion|1
|-sideend|p2: looiiyut|Stealth Rock|[from] move: Defog|[of] p2a: Mandibuzz
|
|-weather|RainDance|[upkeep]
|-heal|p1a: Manaphy|345\/401|[from] item: Leftovers
|turn|33
|
|switch|p2a: Tyranitar|Tyranitar, F|404\/404
|-weather|Sandstorm
|move|p1a: Manaphy|Scald|p2a: Tyranitar
|-supereffective|p2a: Tyranitar
|-damage|p2a: Tyranitar|324\/404
|
|-weather|Sandstorm|[upkeep]
|-damage|p1a: Manaphy|320\/401|[from] sandstorm
|-heal|p1a: Manaphy|345\/401|[from] item: Leftovers
|turn|34
|
|move|p1a: Manaphy|Rain Dance|p1a: Manaphy
|-weather|RainDance
|move|p2a: Tyranitar|Stone Edge|p1a: Manaphy
|-damage|p1a: Manaphy|171\/401
|
|-weather|RainDance|[upkeep]
|-heal|p1a: Manaphy|196\/401|[from] item: Leftovers
|turn|35
|
|switch|p2a: Mandibuzz|Mandibuzz, F|423\/423
|move|p1a: Manaphy|Scald|p2a: Mandibuzz
|-damage|p2a: Mandibuzz|291\/423
|
|-weather|RainDance|[upkeep]
|-heal|p1a: Manaphy|221\/401|[from] item: Leftovers
|-heal|p2a: Mandibuzz|317\/423|[from] item: Leftovers
|turn|36
|
|move|p1a: Manaphy|Scald|p2a: Mandibuzz
|-damage|p2a: Mandibuzz|181\/423
|move|p2a: Mandibuzz|Taunt|p1a: Manaphy
|-start|p1a: Manaphy|move: Taunt
|
|-weather|RainDance|[upkeep]
|-heal|p1a: Manaphy|246\/401|[from] item: Leftovers
|-heal|p2a: Mandibuzz|207\/423|[from] item: Leftovers
|turn|37
|
|switch|p2a: Tyranitar|Tyranitar, F|324\/404
|-weather|Sandstorm
|move|p1a: Manaphy|Scald|p2a: Tyranitar
|-supereffective|p2a: Tyranitar
|-damage|p2a: Tyranitar|240\/404
|
|-weather|Sandstorm|[upkeep]
|-damage|p1a: Manaphy|221\/401|[from] sandstorm
|-heal|p1a: Manaphy|246\/401|[from] item: Leftovers
|turn|38
|
|move|p1a: Manaphy|U-turn|p2a: Tyranitar
|-supereffective|p2a: Tyranitar
|-damage|p2a: Tyranitar|162\/404
|
|switch|p1a: Sableye|Sableye, M|303\/303
|move|p2a: Tyranitar|Stone Edge|p1a: Sableye
|-damage|p1a: Sableye|83\/303
|
|-weather|Sandstorm|[upkeep]
|-damage|p1a: Sableye|65\/303|[from] sandstorm
|turn|39
|
|detailschange|p1a: Sableye|Sableye-Mega, M
|-mega|p1a: Sableye|Sableye|Sablenite
|move|p1a: Sableye|Recover|p1a: Sableye
|-heal|p1a: Sableye|217\/303
|move|p2a: Tyranitar|Stone Edge|p1a: Sableye
|-damage|p1a: Sableye|67\/303
|
|-weather|Sandstorm|[upkeep]
|-damage|p1a: Sableye|49\/303|[from] sandstorm
|turn|40
|
|move|p2a: Tyranitar|Stone Edge|p1a: Sableye
|-damage|p1a: Sableye|0 fnt
|faint|p1a: Sableye
|
|-weather|Sandstorm|[upkeep]
|
|switch|p1a: Manaphy|Manaphy|246\/401
|turn|41
|
|switch|p2a: Heracross|Heracross, M|242\/309
|move|p1a: Manaphy|Rain Dance|p1a: Manaphy
|-weather|RainDance
|
|-weather|RainDance|[upkeep]
|-heal|p1a: Manaphy|271\/401|[from] item: Leftovers
|turn|42
|
|detailschange|p2a: Heracross|Heracross-Mega, M
|-mega|p2a: Heracross|Heracross|Heracronite
|move|p2a: Heracross|Bullet Seed|p1a: Manaphy
|-supereffective|p1a: Manaphy
|-damage|p1a: Manaphy|199\/401
|-supereffective|p1a: Manaphy
|-damage|p1a: Manaphy|119\/401
|-supereffective|p1a: Manaphy
|-damage|p1a: Manaphy|39\/401
|-supereffective|p1a: Manaphy
|-damage|p1a: Manaphy|0 fnt
|-hitcount|p1a: Manaphy|4
|faint|p1a: Manaphy
|
|-weather|RainDance|[upkeep]
|c|âWolf Bros|tin mana s
|-message|Wolf Bros forfeited.
|leave|Wolf Bros
|
|win|looiiyut
|raw|Ladder updating...
|player|p1
|raw|Wolf Bros's rating: 1639 &rarr; <strong>1615<\/strong><br \/>(-24 for losing)
|raw|looiiyut's rating: 1575 &rarr; <strong>1599<\/strong><br \/>(+24 for winning)