|join|Wolf Bros
|join|bellicose
|join|katadromeas
|player|p1|Wolf Bros|168
|player|p2|bellicose|171
|gametype|singles
|gen|6
|tier|OU
|rated
|clearpoke
|poke|p1|Sableye, M
|poke|p1|Excadrill, F
|poke|p1|Manaphy
|poke|p1|Gliscor, M
|poke|p1|Talonflame, F
|poke|p1|Clefable, F
|poke|p2|Slowbro, M
|poke|p2|Gengar, F
|poke|p2|Lopunny, F
|poke|p2|Azumarill, F
|poke|p2|Ferrothorn, M
|poke|p2|Heatran, M
|rule|Swagger Clause: Swagger is banned
|rule|Baton Pass Clause: Limit one PokÃ©mon knowing Baton Pass
|rule|Sleep Clause Mod: Limit one foe put to sleep
|rule|Species Clause: Limit one of each PokÃ©mon
|rule|OHKO Clause: OHKO moves are banned
|rule|Moody Clause: Moody is banned
|rule|Evasion Moves Clause: Evasion moves are banned
|rule|Endless Battle Clause: Forcing endless battles is banned
|rule|HP Percentage Mod: HP is shown in percentages
|teampreview
|
|start
|switch|p1a: Gliscor|Gliscor, M|353\/353
|switch|p2a: Gengar|Gengar, F|261\/261
|turn|1
|
|switch|p1a: Manaphy|Manaphy|401\/401
|move|p2a: Gengar|Shadow Ball|p1a: Manaphy
|-damage|p1a: Manaphy|275\/401
|-damage|p2a: Gengar|235\/261|[from] item: Life Orb
|
|-heal|p1a: Manaphy|300\/401|[from] item: Leftovers
|turn|2
|c|âWolf Bros|yum
|c| katadromeas|floeppeenergy ba
|c| katadromeas|L
|
|switch|p1a: Gliscor|Gliscor, M|353\/353
|move|p2a: Gengar|Taunt|p1a: Gliscor
|-start|p1a: Gliscor|move: Taunt
|
|-status|p1a: Gliscor|tox|[from] item: Toxic Orb
|turn|3
|
|move|p2a: Gengar|Shadow Ball|p1a: Gliscor
|-damage|p1a: Gliscor|129\/353 tox
|-damage|p2a: Gengar|209\/261|[from] item: Life Orb
|move|p1a: Gliscor|U-turn|p2a: Gengar
|-resisted|p2a: Gengar
|-damage|p2a: Gengar|191\/261
|
|switch|p1a: Talonflame|Talonflame, F|345\/345
|
|turn|4
|
|switch|p2a: Slowbro|Slowbro, M|394\/394
|switch|p1a: Gliscor|Gliscor, M|129\/353 tox
|
|-heal|p1a: Gliscor|173\/353 tox|[from] ability: Poison Heal
|turn|5
|
|move|p1a: Gliscor|Stealth Rock|p2a: Slowbro
|-sidestart|p2: bellicose|move: Stealth Rock
|move|p2a: Slowbro|Scald|p1a: Gliscor
|-supereffective|p1a: Gliscor
|-damage|p1a: Gliscor|0 fnt
|faint|p1a: Gliscor
|
|c|âWolf Bros|ta ipie
|
|switch|p1a: Sableye|Sableye, M|303\/303
|turn|6
|
|detailschange|p1a: Sableye|Sableye-Mega, M
|-mega|p1a: Sableye|Sableye|Sablenite
|move|p1a: Sableye|Knock Off|p2a: Slowbro
|-supereffective|p2a: Slowbro
|-damage|p2a: Slowbro|260\/394
|-enditem|p2a: Slowbro|Leftovers|[from] move: Knock Off|[of] p1a: Sableye
|move|p2a: Slowbro|Scald|p1a: Sableye
|-damage|p1a: Sableye|237\/303
|-status|p1a: Sableye|brn
|
|-damage|p1a: Sableye|200\/303 brn|[from] brn
|turn|7
|
|switch|p1a: Clefable|Clefable, F|393\/393
|move|p2a: Slowbro|Scald|p1a: Clefable
|-damage|p1a: Clefable|306\/393
|
|-heal|p1a: Clefable|330\/393|[from] item: Leftovers
|turn|8
|
|move|p1a: Clefable|Aromatherapy|p1a: Clefable
|-cureteam|p1a: Clefable|[from] move: Aromatherapy
|move|p2a: Slowbro|Thunder Wave|p1a: Clefable
|-status|p1a: Clefable|par
|
|-heal|p1a: Clefable|354\/393 par|[from] item: Leftovers
|turn|9
|
|switch|p2a: Azumarill|Azumarill, F|403\/403
|-damage|p2a: Azumarill|353\/403|[from] Stealth Rock
|move|p1a: Clefable|Aromatherapy|p1a: Clefable
|-cureteam|p1a: Clefable|[from] move: Aromatherapy
|
|-heal|p1a: Clefable|378\/393|[from] item: Leftovers
|turn|10
|
|move|p1a: Clefable|Moonblast|p2a: Azumarill
|-damage|p2a: Azumarill|230\/403
|move|p2a: Azumarill|Waterfall|p1a: Clefable
|-damage|p1a: Clefable|122\/393
|
|-heal|p1a: Clefable|146\/393|[from] item: Leftovers
|turn|11
|join|dedic
|
|switch|p1a: Manaphy|Manaphy|300\/401
|move|p2a: Azumarill|Waterfall|p1a: Manaphy
|-resisted|p1a: Manaphy
|-damage|p1a: Manaphy|167\/401
|
|-heal|p1a: Manaphy|192\/401|[from] item: Leftovers
|turn|12
|
|switch|p2a: Ferrothorn|Ferrothorn, M|352\/352
|-damage|p2a: Ferrothorn|330\/352|[from] Stealth Rock
|move|p1a: Manaphy|Scald|p2a: Ferrothorn
|-resisted|p2a: Ferrothorn
|-damage|p2a: Ferrothorn|294\/352
|-status|p2a: Ferrothorn|brn
|
|-heal|p1a: Manaphy|217\/401|[from] item: Leftovers
|-heal|p2a: Ferrothorn|316\/352 brn|[from] item: Leftovers
|-damage|p2a: Ferrothorn|272\/352 brn|[from] brn
|turn|13
|
|move|p1a: Manaphy|U-turn|p2a: Ferrothorn
|-damage|p2a: Ferrothorn|239\/352 brn
|-damage|p1a: Manaphy|167\/401|[from] ability: Iron Barbs|[of] p2a: Ferrothorn
|
|switch|p1a: Sableye|Sableye-Mega, M|200\/303
|move|p2a: Ferrothorn|Leech Seed|p1a: Sableye
|move|p1a: Sableye|Leech Seed|p2a: Ferrothorn|[from]Magic Bounce
|-immune|p2a: Ferrothorn|[msg]
|
|-heal|p2a: Ferrothorn|261\/352 brn|[from] item: Leftovers
|-damage|p2a: Ferrothorn|217\/352 brn|[from] brn
|turn|14
|
|move|p1a: Sableye|Knock Off|p2a: Ferrothorn
|-damage|p2a: Ferrothorn|148\/352 brn
|-damage|p1a: Sableye|163\/303|[from] ability: Iron Barbs|[of] p2a: Ferrothorn
|-enditem|p2a: Ferrothorn|Leftovers|[from] move: Knock Off|[of] p1a: Sableye
|move|p2a: Ferrothorn|Gyro Ball|p1a: Sableye
|-damage|p1a: Sableye|139\/303
|
|-damage|p2a: Ferrothorn|104\/352 brn|[from] brn
|turn|15
|
|switch|p2a: Lopunny|Lopunny, F|271\/271
|-damage|p2a: Lopunny|238\/271|[from] Stealth Rock
|move|p1a: Sableye|Recover|p1a: Sableye
|-heal|p1a: Sableye|291\/303
|
|turn|16
|
|switch|p1a: Clefable|Clefable, F|146\/393
|detailschange|p2a: Lopunny|Lopunny-Mega, F
|-mega|p2a: Lopunny|Lopunny|Lopunnite
|move|p2a: Lopunny|High Jump Kick|p1a: Clefable
|-resisted|p1a: Clefable
|-damage|p1a: Clefable|30\/393
|
|-heal|p1a: Clefable|54\/393|[from] item: Leftovers
|turn|17
|c| katadromeas|Lol
|
|move|p2a: Lopunny|Return|p1a: Clefable
|-damage|p1a: Clefable|0 fnt
|faint|p1a: Clefable
|
|c|âWolf Bros|?;p
|
|switch|p1a: Talonflame|Talonflame, F|345\/345
|turn|18
|
|switch|p2a: Ferrothorn|Ferrothorn, M|104\/352 brn
|-damage|p2a: Ferrothorn|82\/352 brn|[from] Stealth Rock
|move|p1a: Talonflame|Brave Bird|p2a: Ferrothorn
|-damage|p2a: Ferrothorn|0 fnt
|-damage|p1a: Talonflame|302\/345|[from] ability: Iron Barbs|[of] p2a: Ferrothorn
|-damage|p1a: Talonflame|275\/345|[from] recoil|[of] p2a: Ferrothorn
|faint|p2a: Ferrothorn
|
|-heal|p1a: Talonflame|296\/345|[from] item: Leftovers
|
|switch|p2a: Slowbro|Slowbro, M|391\/394
|-damage|p2a: Slowbro|342\/394|[from] Stealth Rock
|turn|19
|c|âbellicose|Can you timer off
|c|âbellicose|Im lagging a lot
|c| katadromeas|No
|c|âWolf Bros|how about no
|
|switch|p1a: Manaphy|Manaphy|167\/401
|move|p2a: Slowbro|Scald|p1a: Manaphy
|-resisted|p1a: Manaphy
|-damage|p1a: Manaphy|134\/401
|
|-heal|p1a: Manaphy|159\/401|[from] item: Leftovers
|turn|20
|c|âbellicose|lol
|
|move|p1a: Manaphy|Rain Dance|p1a: Manaphy
|-weather|RainDance
|move|p2a: Slowbro|Thunder Wave|p1a: Manaphy
|-status|p1a: Manaphy|par
|
|-weather|RainDance|[upkeep]
|-curestatus|p1a: Manaphy|par
|-heal|p1a: Manaphy|184\/401|[from] item: Leftovers
|turn|21
|c|âWolf Bros|yumm
|c|âbellicose|ok
|
|switch|p2a: Lopunny|Lopunny-Mega, F|238\/271
|-damage|p2a: Lopunny|222\/271|[from] Stealth Rock
|move|p1a: Manaphy|Rest|p1a: Manaphy
|-status|p1a: Manaphy|slp
|-heal|p1a: Manaphy|401\/401 slp|[silent]
|-status|p1a: Manaphy|slp|[from] move: Rest
|
|-weather|RainDance|[upkeep]
|-curestatus|p1a: Manaphy|slp
|turn|22
|c| katadromeas|Bahah
|
|move|p2a: Lopunny|Fake Out|p1a: Manaphy
|-damage|p1a: Manaphy|332\/401
|cant|p1a: Manaphy|flinch
|
|-weather|RainDance|[upkeep]
|-heal|p1a: Manaphy|357\/401|[from] item: Leftovers
|turn|23
|c| katadromeas|Bgalw
|c| katadromeas|Rubini
|c|âWolf Bros|dude
|c|âWolf Bros|ksereis
|c|âWolf Bros|to ability
|c|âWolf Bros|tis?
|c|âWolf Bros|XD
|c| katadromeas|Xd
|c| katadromeas|Fuk it
|c|âWolf Bros|sopa re haha
|c|âWolf Bros|giauto to ekana prin
|c|âWolf Bros|:p
|
|switch|p2a: Heatran|Heatran, M|386\/386
|-damage|p2a: Heatran|338\/386|[from] Stealth Rock
|move|p1a: Manaphy|Scald|p2a: Heatran
|-supereffective|p2a: Heatran
|-damage|p2a: Heatran|156\/386
|
|-weather|RainDance|[upkeep]
|-heal|p1a: Manaphy|382\/401|[from] item: Leftovers
|-heal|p2a: Heatran|180\/386|[from] item: Leftovers
|turn|24
|c|âWolf Bros|LOL
|c|âWolf Bros|giorgo
|c|âWolf Bros|bes wifi room
|
|move|p1a: Manaphy|Scald|p2a: Heatran
|-supereffective|p2a: Heatran
|-damage|p2a: Heatran|0 fnt
|faint|p2a: Heatran
|
|-weather|none
|-heal|p1a: Manaphy|401\/401|[from] item: Leftovers
|c|âWolf Bros|kane join to givaway
|c|âWolf Bros|apla patas join
|c|âWolf Bros|dn dineis fc klp
|c|âbellicose|Can you timer off
|c|âWolf Bros|how about no
|
|switch|p2a: Azumarill|Azumarill, F|230\/403
|-damage|p2a: Azumarill|180\/403|[from] Stealth Rock
|turn|25
|
|move|p1a: Manaphy|Scald|p2a: Azumarill
|-resisted|p2a: Azumarill
|-damage|p2a: Azumarill|122\/403
|move|p2a: Azumarill|Play Rough|p1a: Manaphy
|-crit|p1a: Manaphy
|-damage|p1a: Manaphy|0 fnt
|faint|p1a: Manaphy
|
|c|âWolf Bros|nice
|
|switch|p1a: Talonflame|Talonflame, F|296\/345
|turn|26
|
|switch|p2a: Slowbro|Slowbro, M|394\/394
|-damage|p2a: Slowbro|345\/394|[from] Stealth Rock
|move|p1a: Talonflame|Will-O-Wisp|p2a: Slowbro
|-status|p2a: Slowbro|brn
|
|-heal|p1a: Talonflame|317\/345|[from] item: Leftovers
|-damage|p2a: Slowbro|296\/394 brn|[from] brn
|turn|27
|c|âbellicose|Can you please turn the timer off
|c|âWolf Bros|told you once
|c|âbellicose|I went
|
|switch|p1a: Excadrill|Excadrill, F|424\/424
|-ability|p1a: Excadrill|Mold Breaker
|move|p2a: Slowbro|Scald|p1a: Excadrill
|-supereffective|p1a: Excadrill
|-damage|p1a: Excadrill|236\/424
|
|-heal|p1a: Excadrill|262\/424|[from] item: Leftovers
|-damage|p2a: Slowbro|247\/394 brn|[from] brn
|turn|28
|c|âWolf Bros|deal with it
|c|âbellicose|>
|
|move|p1a: Excadrill|Earthquake|p2a: Slowbro
|-damage|p2a: Slowbro|138\/394 brn
|move|p2a: Slowbro|Scald|p1a: Excadrill
|-supereffective|p1a: Excadrill
|-damage|p1a: Excadrill|82\/424
|-status|p1a: Excadrill|brn
|
|-heal|p1a: Excadrill|108\/424 brn|[from] item: Leftovers
|-damage|p1a: Excadrill|55\/424 brn|[from] brn
|-damage|p2a: Slowbro|89\/394 brn|[from] brn
|turn|29
|
|switch|p2a: Lopunny|Lopunny-Mega, F|222\/271
|-damage|p2a: Lopunny|206\/271|[from] Stealth Rock
|move|p1a: Excadrill|Iron Head|p2a: Lopunny
|-damage|p2a: Lopunny|139\/271
|
|-heal|p1a: Excadrill|81\/424 brn|[from] item: Leftovers
|-damage|p1a: Excadrill|28\/424 brn|[from] brn
|turn|30
|c|âbellicose|Timer offfff
|
|move|p2a: Lopunny|Return|p1a: Excadrill
|-resisted|p1a: Excadrill
|-damage|p1a: Excadrill|0 fnt
|faint|p1a: Excadrill
|
|
|switch|p1a: Talonflame|Talonflame, F|317\/345
|turn|31
|
|switch|p2a: Gengar|Gengar, F|191\/261
|-damage|p2a: Gengar|159\/261|[from] Stealth Rock
|move|p1a: Talonflame|Brave Bird|p2a: Gengar
|-damage|p2a: Gengar|0 fnt
|-damage|p1a: Talonflame|265\/345|[from] recoil|[of] p2a: Gengar
|faint|p2a: Gengar
|
|-heal|p1a: Talonflame|286\/345|[from] item: Leftovers
|
|switch|p2a: Slowbro|Slowbro, M|220\/394 brn
|-damage|p2a: Slowbro|171\/394 brn|[from] Stealth Rock
|turn|32
|
|move|p1a: Talonflame|Roost|p1a: Talonflame
|-heal|p1a: Talonflame|345\/345
|move|p2a: Slowbro|Scald|p1a: Talonflame
|-supereffective|p1a: Talonflame
|-damage|p1a: Talonflame|105\/345
|
|-heal|p1a: Talonflame|126\/345|[from] item: Leftovers
|-damage|p2a: Slowbro|122\/394 brn|[from] brn
|turn|33
|
|move|p1a: Talonflame|Brave Bird|p2a: Slowbro
|-damage|p2a: Slowbro|2\/394 brn
|-damage|p1a: Talonflame|86\/345|[from] recoil|[of] p2a: Slowbro
|move|p2a: Slowbro|Slack Off|p2a: Slowbro
|-heal|p2a: Slowbro|199\/394 brn
|
|-heal|p1a: Talonflame|107\/345|[from] item: Leftovers
|-damage|p2a: Slowbro|150\/394 brn|[from] brn
|turn|34
|
|move|p1a: Talonflame|Taunt|p2a: Slowbro
|-start|p2a: Slowbro|move: Taunt
|move|p2a: Slowbro|Scald|p1a: Talonflame
|-crit|p1a: Talonflame
|-supereffective|p1a: Talonflame
|-damage|p1a: Talonflame|0 fnt
|faint|p1a: Talonflame
|
|-damage|p2a: Slowbro|101\/394 brn|[from] brn
|
|switch|p1a: Sableye|Sableye-Mega, M|291\/303
|turn|35
|c|âbellicose|Youre really bad
|c|âbellicose|Loser
|
|move|p2a: Slowbro|Scald|p1a: Sableye
|-damage|p1a: Sableye|230\/303
|move|p1a: Sableye|Foul Play|p2a: Slowbro
|-supereffective|p2a: Slowbro
|-damage|p2a: Slowbro|0 fnt
|faint|p2a: Slowbro
|
|c|âbellicose|bahah
|c|âbellicose|xd
|c|âbellicose|stupid bad idiot
|
|switch|p2a: Lopunny|Lopunny-Mega, F|139\/271
|-damage|p2a: Lopunny|123\/271|[from] Stealth Rock
|turn|36
|
|move|p2a: Lopunny|High Jump Kick|p1a: Sableye
|-supereffective|p1a: Sableye
|-damage|p1a: Sableye|0 fnt
|faint|p1a: Sableye
|
|win|bellicose
|raw|Ladder updating...
|raw|Wolf Bros's rating: 1705 &rarr; <strong>1677<\/strong><br \/>(-28 for losing)
|raw|bellicose's rating: 1564 &rarr; <strong>1591<\/strong><br \/>(+27 for winning)
|leave|Wolf Bros
|c|âbellicose|Piece of shit
|player|p1
|leave|dedic