|join|CleanerThanRotom-W
|join|Wolf Bros
|player|p1|CleanerThanRotom-W|226
|player|p2|Wolf Bros|168
|gametype|singles
|gen|6
|tier|OU
|rated
|clearpoke
|poke|p1|Sableye, F
|poke|p1|Chansey, F
|poke|p1|Cresselia, F
|poke|p1|Gothitelle, F
|poke|p1|Skarmory, F
|poke|p1|Quagsire, M
|poke|p2|Sableye, F
|poke|p2|Excadrill, F
|poke|p2|Manaphy
|poke|p2|Gliscor, M
|poke|p2|Talonflame, F
|poke|p2|Clefable, M
|rule|Swagger Clause: Swagger is banned
|rule|Baton Pass Clause: Limit one PokÃ©mon knowing Baton Pass
|rule|Sleep Clause Mod: Limit one foe put to sleep
|rule|Species Clause: Limit one of each PokÃ©mon
|rule|OHKO Clause: OHKO moves are banned
|rule|Moody Clause: Moody is banned
|rule|Evasion Moves Clause: Evasion moves are banned
|rule|Endless Battle Clause: Forcing endless battles is banned
|rule|HP Percentage Mod: HP is shown in percentages
|teampreview
|
|start
|switch|p1a: Sableye|Sableye, F|303\/303
|switch|p2a: Sableye|Sableye, F|303\/303
|turn|1
|
|detailschange|p2a: Sableye|Sableye-Mega, F
|-mega|p2a: Sableye|Sableye|Sablenite
|detailschange|p1a: Sableye|Sableye-Mega, F
|-mega|p1a: Sableye|Sableye|Sablenite
|move|p1a: Sableye|Calm Mind|p1a: Sableye
|-boost|p1a: Sableye|spa|1
|-boost|p1a: Sableye|spd|1
|move|p2a: Sableye|Foul Play|p1a: Sableye
|-damage|p1a: Sableye|246\/303
|
|turn|2
|
|switch|p1a: Gothitelle|Gothitelle, F|301\/301
|move|p2a: Sableye|Knock Off|p1a: Gothitelle
|-supereffective|p1a: Gothitelle
|-damage|p1a: Gothitelle|101\/301
|-enditem|p1a: Gothitelle|Choice Scarf|[from] move: Knock Off|[of] p2a: Sableye
|
|turn|3
|
|switch|p1a: Sableye|Sableye-Mega, F|246\/303
|move|p2a: Sableye|Foul Play|p1a: Sableye
|-damage|p1a: Sableye|183\/303
|
|turn|4
|
|switch|p2a: Clefable|Clefable, M|393\/393
|move|p1a: Sableye|Recover|p1a: Sableye
|-heal|p1a: Sableye|303\/303
|
|turn|5
|
|switch|p2a: Gliscor|Gliscor, M|353\/353
|switch|p1a: Gothitelle|Gothitelle, F|101\/301
|
|-status|p2a: Gliscor|tox|[from] item: Toxic Orb
|turn|6
|
|switch|p1a: Sableye|Sableye-Mega, F|303\/303
|move|p2a: Gliscor|U-turn|p1a: Sableye
|-damage|p1a: Sableye|258\/303
|
|switch|p2a: Manaphy|Manaphy|401\/401
|
|turn|7
|
|move|p2a: Manaphy|Scald|p1a: Sableye
|-crit|p1a: Sableye
|-damage|p1a: Sableye|158\/303
|-status|p1a: Sableye|brn
|move|p1a: Sableye|Calm Mind|p1a: Sableye
|-boost|p1a: Sableye|spa|1
|-boost|p1a: Sableye|spd|1
|
|-damage|p1a: Sableye|121\/303 brn|[from] brn
|turn|8
|
|move|p2a: Manaphy|U-turn|p1a: Sableye
|-damage|p1a: Sableye|82\/303 brn
|
|switch|p2a: Gliscor|Gliscor, M|353\/353 tox
|move|p1a: Sableye|Recover|p1a: Sableye
|-heal|p1a: Sableye|234\/303 brn
|
|-damage|p1a: Sableye|197\/303 brn|[from] brn
|turn|9
|
|move|p2a: Gliscor|U-turn|p1a: Sableye
|-damage|p1a: Sableye|153\/303 brn
|
|switch|p2a: Clefable|Clefable, M|393\/393
|move|p1a: Sableye|Recover|p1a: Sableye
|-heal|p1a: Sableye|303\/303 brn
|
|-damage|p1a: Sableye|266\/303 brn|[from] brn
|turn|10
|
|switch|p1a: Gothitelle|Gothitelle, F|101\/301
|move|p2a: Clefable|Moonblast|p1a: Gothitelle
|-damage|p1a: Gothitelle|0 fnt
|faint|p1a: Gothitelle
|
|
|switch|p1a: Quagsire|Quagsire, M|393\/393
|turn|11
|
|move|p2a: Clefable|Moonblast|p1a: Quagsire
|-damage|p1a: Quagsire|252\/393
|move|p1a: Quagsire|Toxic|p2a: Clefable
|-status|p2a: Clefable|tox
|
|-heal|p1a: Quagsire|276\/393|[from] item: Leftovers
|-damage|p2a: Clefable|369\/393 tox|[from] psn
|turn|12
|
|move|p2a: Clefable|Aromatherapy|p2a: Clefable
|-cureteam|p2a: Clefable|[from] move: Aromatherapy
|move|p1a: Quagsire|Recover|p1a: Quagsire
|-heal|p1a: Quagsire|393\/393
|
|-heal|p2a: Clefable|393\/393|[from] item: Leftovers
|turn|13
|
|switch|p2a: Manaphy|Manaphy|401\/401
|move|p1a: Quagsire|Scald|p2a: Manaphy
|-resisted|p2a: Manaphy
|-damage|p2a: Manaphy|377\/401
|-status|p2a: Manaphy|brn
|
|-heal|p2a: Manaphy|401\/401 brn|[from] item: Leftovers
|-damage|p2a: Manaphy|351\/401 brn|[from] brn
|turn|14
|
|move|p2a: Manaphy|U-turn|p1a: Quagsire
|-damage|p1a: Quagsire|373\/393
|
|switch|p2a: Clefable|Clefable, M|393\/393
|move|p1a: Quagsire|Scald|p2a: Clefable
|-damage|p2a: Clefable|324\/393
|
|-heal|p2a: Clefable|348\/393|[from] item: Leftovers
|-heal|p1a: Quagsire|393\/393|[from] item: Leftovers
|turn|15
|
|move|p2a: Clefable|Aromatherapy|p2a: Clefable
|-cureteam|p2a: Clefable|[from] move: Aromatherapy
|move|p1a: Quagsire|Scald|p2a: Clefable
|-damage|p2a: Clefable|290\/393
|
|-heal|p2a: Clefable|314\/393|[from] item: Leftovers
|turn|16
|
|switch|p2a: Manaphy|Manaphy|351\/401
|move|p1a: Quagsire|Scald|p2a: Manaphy
|-resisted|p2a: Manaphy
|-damage|p2a: Manaphy|324\/401
|
|-heal|p2a: Manaphy|349\/401|[from] item: Leftovers
|turn|17
|
|switch|p1a: Chansey|Chansey, F|703\/703
|move|p2a: Manaphy|Scald|p1a: Chansey
|-crit|p1a: Chansey
|-damage|p1a: Chansey|607\/703
|
|-heal|p2a: Manaphy|374\/401|[from] item: Leftovers
|turn|18
|
|switch|p1a: Quagsire|Quagsire, M|393\/393
|move|p2a: Manaphy|U-turn|p1a: Quagsire
|-damage|p1a: Quagsire|355\/393
|
|switch|p2a: Sableye|Sableye-Mega, F|303\/303
|
|-heal|p1a: Quagsire|379\/393|[from] item: Leftovers
|turn|19
|
|switch|p2a: Clefable|Clefable, M|314\/393
|move|p1a: Quagsire|Scald|p2a: Clefable
|-crit|p2a: Clefable
|-damage|p2a: Clefable|215\/393
|-status|p2a: Clefable|brn
|
|-heal|p2a: Clefable|239\/393 brn|[from] item: Leftovers
|-heal|p1a: Quagsire|393\/393|[from] item: Leftovers
|-damage|p2a: Clefable|190\/393 brn|[from] brn
|turn|20
|
|move|p2a: Clefable|Aromatherapy|p2a: Clefable
|-cureteam|p2a: Clefable|[from] move: Aromatherapy
|move|p1a: Quagsire|Earthquake|p2a: Clefable
|-damage|p2a: Clefable|87\/393
|
|-heal|p2a: Clefable|111\/393|[from] item: Leftovers
|turn|21
|
|move|p2a: Clefable|Moonlight|p2a: Clefable
|-heal|p2a: Clefable|307\/393
|move|p1a: Quagsire|Earthquake|p2a: Clefable
|-damage|p2a: Clefable|193\/393
|
|-heal|p2a: Clefable|217\/393|[from] item: Leftovers
|turn|22
|join|Big Andrew
|
|switch|p2a: Manaphy|Manaphy|374\/401
|move|p1a: Quagsire|Scald|p2a: Manaphy
|-resisted|p2a: Manaphy
|-damage|p2a: Manaphy|350\/401
|
|-heal|p2a: Manaphy|375\/401|[from] item: Leftovers
|turn|23
|
|move|p2a: Manaphy|U-turn|p1a: Quagsire
|-damage|p1a: Quagsire|355\/393
|
|switch|p2a: Clefable|Clefable, M|217\/393
|move|p1a: Quagsire|Scald|p2a: Clefable
|-damage|p2a: Clefable|159\/393
|
|-heal|p2a: Clefable|183\/393|[from] item: Leftovers
|-heal|p1a: Quagsire|379\/393|[from] item: Leftovers
|turn|24
|
|move|p2a: Clefable|Moonlight|p2a: Clefable
|-heal|p2a: Clefable|379\/393
|move|p1a: Quagsire|Toxic|p2a: Clefable
|-status|p2a: Clefable|tox
|
|-heal|p2a: Clefable|393\/393 tox|[from] item: Leftovers
|-heal|p1a: Quagsire|393\/393|[from] item: Leftovers
|-damage|p2a: Clefable|369\/393 tox|[from] psn
|turn|25
|
|move|p2a: Clefable|Aromatherapy|p2a: Clefable
|-cureteam|p2a: Clefable|[from] move: Aromatherapy
|move|p1a: Quagsire|Toxic|p2a: Clefable
|-status|p2a: Clefable|tox
|
|-heal|p2a: Clefable|393\/393 tox|[from] item: Leftovers
|-damage|p2a: Clefable|369\/393 tox|[from] psn
|turn|26
|join|Appreciation
|
|switch|p2a: Manaphy|Manaphy|375\/401
|move|p1a: Quagsire|Earthquake|p2a: Manaphy
|-damage|p2a: Manaphy|270\/401
|
|-heal|p2a: Manaphy|295\/401|[from] item: Leftovers
|turn|27
|
|switch|p1a: Chansey|Chansey, F|607\/703
|move|p2a: Manaphy|Rain Dance|p2a: Manaphy
|-weather|RainDance
|
|-weather|RainDance|[upkeep]
|-heal|p2a: Manaphy|320\/401|[from] item: Leftovers
|turn|28
|
|move|p2a: Manaphy|U-turn|p1a: Chansey
|-damage|p1a: Chansey|543\/703
|
|switch|p2a: Gliscor|Gliscor, M|353\/353
|move|p1a: Chansey|Heal Bell|p1a: Chansey
|-cureteam|p1a: Chansey|[from] move: HealBell
|
|-weather|RainDance|[upkeep]
|-status|p2a: Gliscor|tox|[from] item: Toxic Orb
|turn|29
|
|switch|p1a: Sableye|Sableye-Mega, F|266\/303
|move|p2a: Gliscor|U-turn|p1a: Sableye
|-damage|p1a: Sableye|222\/303
|
|switch|p2a: Clefable|Clefable, M|369\/393 tox
|
|-weather|RainDance|[upkeep]
|-heal|p2a: Clefable|393\/393 tox|[from] item: Leftovers
|-damage|p2a: Clefable|369\/393 tox|[from] psn
|turn|30
|
|move|p2a: Clefable|Moonblast|p1a: Sableye
|-supereffective|p1a: Sableye
|-damage|p1a: Sableye|94\/303
|-unboost|p1a: Sableye|spa|1
|move|p1a: Sableye|Will-O-Wisp|p2a: Clefable
|-fail|p2a: Clefable
|
|-weather|RainDance|[upkeep]
|-heal|p2a: Clefable|393\/393 tox|[from] item: Leftovers
|-damage|p2a: Clefable|345\/393 tox|[from] psn
|turn|31
|
|move|p2a: Clefable|Moonblast|p1a: Sableye
|-supereffective|p1a: Sableye
|-damage|p1a: Sableye|0 fnt
|faint|p1a: Sableye
|
|-weather|none
|-heal|p2a: Clefable|369\/393 tox|[from] item: Leftovers
|-damage|p2a: Clefable|297\/393 tox|[from] psn
|-message|CleanerThanRotom-W forfeited.
|
|win|Wolf Bros
|raw|Ladder updating...
|leave|CleanerThanRotom-W
|player|p1
|raw|CleanerThanRotom-W's rating: 1826 &rarr; <strong>1795<\/strong><br \/>(-31 for losing)
|raw|Wolf Bros's rating: 1625 &rarr; <strong>1655<\/strong><br \/>(+30 for winning)
|c|âWolf Bros|bye