|join|jerry85
|join|Wolf Bros
|player|p1|jerry85|135
|player|p2|Wolf Bros|168
|gametype|singles
|gen|6
|tier|OU
|rated
|clearpoke
|poke|p1|Sableye, F
|poke|p1|Excadrill, F
|poke|p1|Manaphy
|poke|p1|Gliscor, F
|poke|p1|Talonflame, F
|poke|p1|Clefable, M
|poke|p2|Sableye, M
|poke|p2|Excadrill, M
|poke|p2|Manaphy
|poke|p2|Gliscor, M
|poke|p2|Talonflame, F
|poke|p2|Clefable, M
|rule|Swagger Clause: Swagger is banned
|rule|Baton Pass Clause: Limit one PokÃ©mon knowing Baton Pass
|rule|Sleep Clause Mod: Limit one foe put to sleep
|rule|Species Clause: Limit one of each PokÃ©mon
|rule|OHKO Clause: OHKO moves are banned
|rule|Moody Clause: Moody is banned
|rule|Evasion Moves Clause: Evasion moves are banned
|rule|Endless Battle Clause: Forcing endless battles is banned
|rule|HP Percentage Mod: HP is shown in percentages
|teampreview
|c|âjerry85|xDDDD
|
|start
|switch|p1a: Sableye|Sableye, F|303\/303
|switch|p2a: Manaphy|Manaphy|401\/401
|turn|1
|
|detailschange|p1a: Sableye|Sableye-Mega, F
|-mega|p1a: Sableye|Sableye|Sablenite
|move|p1a: Sableye|Will-O-Wisp|p2a: Manaphy|[miss]
|-miss|p1a: Sableye|p2a: Manaphy
|move|p2a: Manaphy|Scald|p1a: Sableye
|-damage|p1a: Sableye|242\/303
|
|turn|2
|
|move|p2a: Manaphy|Scald|p1a: Sableye
|-damage|p1a: Sableye|182\/303
|move|p1a: Sableye|Knock Off|p2a: Manaphy
|-damage|p2a: Manaphy|295\/401
|-enditem|p2a: Manaphy|Leftovers|[from] move: Knock Off|[of] p1a: Sableye
|
|turn|3
|
|move|p2a: Manaphy|Scald|p1a: Sableye
|-damage|p1a: Sableye|124\/303
|move|p1a: Sableye|Recover|p1a: Sableye
|-heal|p1a: Sableye|276\/303
|
|turn|4
|
|move|p2a: Manaphy|U-turn|p1a: Sableye
|-damage|p1a: Sableye|236\/303
|
|switch|p2a: Clefable|Clefable, M|393\/393
|move|p1a: Sableye|Will-O-Wisp|p2a: Clefable
|-status|p2a: Clefable|brn
|
|-damage|p2a: Clefable|344\/393 brn|[from] brn
|turn|5
|
|switch|p2a: Sableye|Sableye, M|303\/303
|switch|p1a: Excadrill|Excadrill, F|424\/424
|-ability|p1a: Excadrill|Mold Breaker
|
|turn|6
|
|switch|p1a: Sableye|Sableye-Mega, F|236\/303
|detailschange|p2a: Sableye|Sableye-Mega, M
|-mega|p2a: Sableye|Sableye|Sablenite
|move|p2a: Sableye|Knock Off|p1a: Sableye
|-damage|p1a: Sableye|178\/303
|
|turn|7
|
|switch|p2a: Clefable|Clefable, M|344\/393 brn
|move|p1a: Sableye|Recover|p1a: Sableye
|-heal|p1a: Sableye|303\/303
|
|-heal|p2a: Clefable|368\/393 brn|[from] item: Leftovers
|-damage|p2a: Clefable|319\/393 brn|[from] brn
|turn|8
|
|switch|p1a: Clefable|Clefable, M|393\/393
|move|p2a: Clefable|Moonblast|p1a: Clefable
|-damage|p1a: Clefable|290\/393
|-unboost|p1a: Clefable|spa|1
|
|-heal|p1a: Clefable|314\/393|[from] item: Leftovers
|-heal|p2a: Clefable|343\/393 brn|[from] item: Leftovers
|-damage|p2a: Clefable|294\/393 brn|[from] brn
|turn|9
|
|switch|p1a: Excadrill|Excadrill, F|424\/424
|-ability|p1a: Excadrill|Mold Breaker
|move|p2a: Clefable|Aromatherapy|p2a: Clefable
|-cureteam|p2a: Clefable|[from] move: Aromatherapy
|
|-heal|p2a: Clefable|318\/393|[from] item: Leftovers
|turn|10
|
|switch|p1a: Manaphy|Manaphy|401\/401
|switch|p2a: Gliscor|Gliscor, M|353\/353
|
|-status|p2a: Gliscor|tox|[from] item: Toxic Orb
|turn|11
|
|move|p1a: Manaphy|Rain Dance|p1a: Manaphy
|-weather|RainDance
|move|p2a: Gliscor|U-turn|p1a: Manaphy
|-damage|p1a: Manaphy|352\/401
|
|switch|p2a: Sableye|Sableye-Mega, M|303\/303
|
|-weather|RainDance|[upkeep]
|-heal|p1a: Manaphy|377\/401|[from] item: Leftovers
|turn|12
|
|move|p1a: Manaphy|Scald|p2a: Sableye
|-crit|p2a: Sableye
|-damage|p2a: Sableye|159\/303
|-status|p2a: Sableye|brn
|move|p2a: Sableye|Knock Off|p1a: Manaphy
|-damage|p1a: Manaphy|323\/401
|-enditem|p1a: Manaphy|Leftovers|[from] move: Knock Off|[of] p2a: Sableye
|
|-weather|RainDance|[upkeep]
|-damage|p2a: Sableye|122\/303 brn|[from] brn
|turn|13
|
|switch|p2a: Clefable|Clefable, M|318\/393
|move|p1a: Manaphy|Scald|p2a: Clefable
|-damage|p2a: Clefable|176\/393
|
|-weather|RainDance|[upkeep]
|-heal|p2a: Clefable|200\/393|[from] item: Leftovers
|turn|14
|
|switch|p2a: Manaphy|Manaphy|295\/401
|move|p1a: Manaphy|Scald|p2a: Manaphy
|-resisted|p2a: Manaphy
|-damage|p2a: Manaphy|245\/401
|
|-weather|RainDance|[upkeep]
|turn|15
|
|move|p2a: Manaphy|Scald|p1a: Manaphy
|-resisted|p1a: Manaphy
|-damage|p1a: Manaphy|271\/401
|-status|p1a: Manaphy|brn
|move|p1a: Manaphy|Scald|p2a: Manaphy
|-resisted|p2a: Manaphy
|-damage|p2a: Manaphy|191\/401
|
|-weather|none
|-damage|p1a: Manaphy|221\/401 brn|[from] brn
|turn|16
|
|move|p1a: Manaphy|Rain Dance|p1a: Manaphy
|-weather|RainDance
|move|p2a: Manaphy|U-turn|p1a: Manaphy
|-damage|p1a: Manaphy|175\/401 brn
|
|switch|p2a: Talonflame|Talonflame, F|345\/345
|
|-weather|RainDance|[upkeep]
|-curestatus|p1a: Manaphy|brn
|turn|17
|
|switch|p1a: Sableye|Sableye-Mega, F|303\/303
|move|p2a: Talonflame|Brave Bird|p1a: Sableye
|-damage|p1a: Sableye|161\/303
|-damage|p2a: Talonflame|298\/345|[from] recoil|[of] p1a: Sableye
|
|-weather|RainDance|[upkeep]
|-heal|p2a: Talonflame|319\/345|[from] item: Leftovers
|turn|18
|
|move|p2a: Talonflame|Brave Bird|p1a: Sableye
|-damage|p1a: Sableye|7\/303
|-damage|p2a: Talonflame|268\/345|[from] recoil|[of] p1a: Sableye
|move|p1a: Sableye|Recover|p1a: Sableye
|-heal|p1a: Sableye|159\/303
|
|-weather|RainDance|[upkeep]
|-heal|p2a: Talonflame|289\/345|[from] item: Leftovers
|turn|19
|
|switch|p1a: Gliscor|Gliscor, F|353\/353
|move|p2a: Talonflame|Brave Bird|p1a: Gliscor
|-damage|p1a: Gliscor|244\/353
|-damage|p2a: Talonflame|253\/345|[from] recoil|[of] p1a: Gliscor
|
|-weather|RainDance|[upkeep]
|-heal|p2a: Talonflame|274\/345|[from] item: Leftovers
|-status|p1a: Gliscor|tox|[from] item: Toxic Orb
|turn|20
|
|move|p2a: Talonflame|Taunt|p1a: Gliscor
|-start|p1a: Gliscor|move: Taunt
|move|p1a: Gliscor|Earthquake|p2a: Talonflame
|-immune|p2a: Talonflame|[msg]
|
|-weather|none
|-heal|p2a: Talonflame|295\/345|[from] item: Leftovers
|-heal|p1a: Gliscor|288\/353 tox|[from] ability: Poison Heal
|turn|21
|
|move|p2a: Talonflame|Brave Bird|p1a: Gliscor
|-damage|p1a: Gliscor|191\/353 tox
|-damage|p2a: Talonflame|263\/345|[from] recoil|[of] p1a: Gliscor
|move|p1a: Gliscor|U-turn|p2a: Talonflame
|-resisted|p2a: Talonflame
|-damage|p2a: Talonflame|245\/345
|
|switch|p1a: Talonflame|Talonflame, F|345\/345
|
|-heal|p2a: Talonflame|266\/345|[from] item: Leftovers
|turn|22
|
|switch|p2a: Gliscor|Gliscor, M|353\/353 tox
|move|p1a: Talonflame|Brave Bird|p2a: Gliscor
|-damage|p2a: Gliscor|250\/353 tox
|-damage|p1a: Talonflame|311\/345|[from] recoil|[of] p2a: Gliscor
|
|-heal|p1a: Talonflame|332\/345|[from] item: Leftovers
|-heal|p2a: Gliscor|294\/353 tox|[from] ability: Poison Heal
|turn|23
|
|move|p1a: Talonflame|Taunt|p2a: Gliscor
|-start|p2a: Gliscor|move: Taunt
|move|p2a: Gliscor|U-turn|p1a: Talonflame
|-resisted|p1a: Talonflame
|-damage|p1a: Talonflame|315\/345
|
|switch|p2a: Manaphy|Manaphy|191\/401
|
|-heal|p1a: Talonflame|336\/345|[from] item: Leftovers
|turn|24
|
|move|p1a: Talonflame|Brave Bird|p2a: Manaphy
|-damage|p2a: Manaphy|34\/401
|-damage|p1a: Talonflame|284\/345|[from] recoil|[of] p2a: Manaphy
|move|p2a: Manaphy|Scald|p1a: Talonflame
|-supereffective|p1a: Talonflame
|-damage|p1a: Talonflame|38\/345
|
|-heal|p1a: Talonflame|59\/345|[from] item: Leftovers
|turn|25
|
|switch|p2a: Excadrill|Excadrill, M|424\/424
|-ability|p2a: Excadrill|Mold Breaker
|move|p1a: Talonflame|Brave Bird|p2a: Excadrill
|-resisted|p2a: Excadrill
|-damage|p2a: Excadrill|289\/424
|-damage|p1a: Talonflame|14\/345|[from] recoil|[of] p2a: Excadrill
|
|-heal|p1a: Talonflame|35\/345|[from] item: Leftovers
|-heal|p2a: Excadrill|315\/424|[from] item: Leftovers
|turn|26
|
|switch|p1a: Gliscor|Gliscor, F|191\/353 tox
|switch|p2a: Talonflame|Talonflame, F|266\/345
|
|-heal|p2a: Talonflame|287\/345|[from] item: Leftovers
|-heal|p1a: Gliscor|235\/353 tox|[from] ability: Poison Heal
|turn|27
|
|move|p2a: Talonflame|Taunt|p1a: Gliscor
|-start|p1a: Gliscor|move: Taunt
|move|p1a: Gliscor|U-turn|p2a: Talonflame
|-resisted|p2a: Talonflame
|-damage|p2a: Talonflame|270\/345
|
|switch|p1a: Sableye|Sableye-Mega, F|159\/303
|
|-heal|p2a: Talonflame|291\/345|[from] item: Leftovers
|turn|28
|
|move|p2a: Talonflame|Brave Bird|p1a: Sableye
|-damage|p1a: Sableye|9\/303
|-damage|p2a: Talonflame|241\/345|[from] recoil|[of] p1a: Sableye
|move|p1a: Sableye|Recover|p1a: Sableye
|-heal|p1a: Sableye|161\/303
|
|-heal|p2a: Talonflame|262\/345|[from] item: Leftovers
|turn|29
|
|move|p2a: Talonflame|Brave Bird|p1a: Sableye
|-damage|p1a: Sableye|11\/303
|-damage|p2a: Talonflame|212\/345|[from] recoil|[of] p1a: Sableye
|move|p1a: Sableye|Recover|p1a: Sableye
|-heal|p1a: Sableye|163\/303
|
|-heal|p2a: Talonflame|233\/345|[from] item: Leftovers
|turn|30
|
|move|p2a: Talonflame|Brave Bird|p1a: Sableye
|-damage|p1a: Sableye|33\/303
|-damage|p2a: Talonflame|190\/345|[from] recoil|[of] p1a: Sableye
|move|p1a: Sableye|Recover|p1a: Sableye
|-heal|p1a: Sableye|185\/303
|
|-heal|p2a: Talonflame|211\/345|[from] item: Leftovers
|turn|31
|
|move|p2a: Talonflame|Brave Bird|p1a: Sableye
|-damage|p1a: Sableye|41\/303
|-damage|p2a: Talonflame|163\/345|[from] recoil|[of] p1a: Sableye
|move|p1a: Sableye|Recover|p1a: Sableye
|-heal|p1a: Sableye|193\/303
|
|-heal|p2a: Talonflame|184\/345|[from] item: Leftovers
|turn|32
|
|move|p2a: Talonflame|Roost|p2a: Talonflame
|-heal|p2a: Talonflame|345\/345
|move|p1a: Sableye|Recover|p1a: Sableye
|-heal|p1a: Sableye|303\/303
|
|turn|33
|
|switch|p2a: Clefable|Clefable, M|200\/393
|move|p1a: Sableye|Knock Off|p2a: Clefable
|-resisted|p2a: Clefable
|-damage|p2a: Clefable|153\/393
|-enditem|p2a: Clefable|Leftovers|[from] move: Knock Off|[of] p1a: Sableye
|
|turn|34
|
|switch|p1a: Excadrill|Excadrill, F|424\/424
|-ability|p1a: Excadrill|Mold Breaker
|move|p2a: Clefable|Moonlight|p2a: Clefable
|-heal|p2a: Clefable|349\/393
|
|turn|35
|
|switch|p2a: Gliscor|Gliscor, M|294\/353 tox
|move|p1a: Excadrill|Iron Head|p2a: Gliscor
|-damage|p2a: Gliscor|218\/353 tox
|
|-heal|p2a: Gliscor|262\/353 tox|[from] ability: Poison Heal
|turn|36
|
|switch|p1a: Sableye|Sableye-Mega, F|303\/303
|move|p2a: Gliscor|U-turn|p1a: Sableye
|-damage|p1a: Sableye|257\/303
|
|switch|p2a: Clefable|Clefable, M|349\/393
|
|turn|37
|
|switch|p1a: Manaphy|Manaphy|175\/401
|move|p2a: Clefable|Aromatherapy|p2a: Clefable
|-cureteam|p2a: Clefable|[from] move: Aromatherapy
|
|turn|38
|
|switch|p2a: Talonflame|Talonflame, F|345\/345
|move|p1a: Manaphy|Rest|p1a: Manaphy
|-status|p1a: Manaphy|slp
|-heal|p1a: Manaphy|401\/401 slp|[silent]
|-status|p1a: Manaphy|slp|[from] move: Rest
|
|turn|39
|
|switch|p1a: Gliscor|Gliscor, F|235\/353 tox
|move|p2a: Talonflame|Brave Bird|p1a: Gliscor
|-damage|p1a: Gliscor|130\/353 tox
|-damage|p2a: Talonflame|310\/345|[from] recoil|[of] p1a: Gliscor
|
|-heal|p2a: Talonflame|331\/345|[from] item: Leftovers
|-heal|p1a: Gliscor|174\/353 tox|[from] ability: Poison Heal
|turn|40
|
|move|p2a: Talonflame|Taunt|p1a: Gliscor
|-start|p1a: Gliscor|move: Taunt
|cant|p1a: Gliscor|move: Taunt|Stealth Rock
|
|-heal|p2a: Talonflame|345\/345|[from] item: Leftovers
|-heal|p1a: Gliscor|218\/353 tox|[from] ability: Poison Heal
|turn|41
|
|switch|p1a: Sableye|Sableye-Mega, F|257\/303
|move|p2a: Talonflame|Brave Bird|p1a: Sableye
|-damage|p1a: Sableye|121\/303
|-damage|p2a: Talonflame|300\/345|[from] recoil|[of] p1a: Sableye
|
|-heal|p2a: Talonflame|321\/345|[from] item: Leftovers
|turn|42
|
|switch|p1a: Excadrill|Excadrill, F|424\/424
|-ability|p1a: Excadrill|Mold Breaker
|move|p2a: Talonflame|Brave Bird|p1a: Excadrill
|-resisted|p1a: Excadrill
|-damage|p1a: Excadrill|298\/424
|-damage|p2a: Talonflame|279\/345|[from] recoil|[of] p1a: Excadrill
|
|-heal|p2a: Talonflame|300\/345|[from] item: Leftovers
|-heal|p1a: Excadrill|324\/424|[from] item: Leftovers
|turn|43
|
|move|p2a: Talonflame|Taunt|p1a: Excadrill
|-start|p1a: Excadrill|move: Taunt
|cant|p1a: Excadrill|move: Taunt|Toxic
|
|-heal|p2a: Talonflame|321\/345|[from] item: Leftovers
|-heal|p1a: Excadrill|350\/424|[from] item: Leftovers
|turn|44
|
|switch|p1a: Clefable|Clefable, M|314\/393
|move|p2a: Talonflame|Brave Bird|p1a: Clefable
|-damage|p1a: Clefable|149\/393
|-damage|p2a: Talonflame|267\/345|[from] recoil|[of] p1a: Clefable
|
|-heal|p2a: Talonflame|288\/345|[from] item: Leftovers
|-heal|p1a: Clefable|173\/393|[from] item: Leftovers
|turn|45
|
|move|p2a: Talonflame|Brave Bird|p1a: Clefable
|-damage|p1a: Clefable|0 fnt
|-damage|p2a: Talonflame|231\/345|[from] recoil|[of] p1a: Clefable
|faint|p1a: Clefable
|
|-heal|p2a: Talonflame|252\/345|[from] item: Leftovers
|
|switch|p1a: Talonflame|Talonflame, F|35\/345
|turn|46
|
|move|p1a: Talonflame|Brave Bird|p2a: Talonflame
|-damage|p2a: Talonflame|11\/345
|-damage|p1a: Talonflame|0 fnt|[from] recoil|[of] p2a: Talonflame
|faint|p1a: Talonflame
|move|p2a: Talonflame|Roost|p2a: Talonflame
|-heal|p2a: Talonflame|184\/345
|
|-heal|p2a: Talonflame|205\/345|[from] item: Leftovers
|-message|jerry85 forfeited.
|leave|jerry85
|
|win|Wolf Bros
|raw|Ladder updating...
|player|p1
|raw|jerry85's rating: 1647 &rarr; <strong>1626<\/strong><br \/>(-21 for losing)
|raw|Wolf Bros's rating: 1627 &rarr; <strong>1648<\/strong><br \/>(+21 for winning)
|leave|Wolf Bros
|player|p2
|join|Wolf Bros