|join|Wolf Bros
|join|Albyness
|player|p1|Wolf Bros|168
|player|p2|Albyness|265
|gametype|singles
|gen|6
|tier|OU
|rated
|clearpoke
|poke|p1|Sableye, F
|poke|p1|Excadrill, F
|poke|p1|Manaphy
|poke|p1|Gliscor, F
|poke|p1|Talonflame, F
|poke|p1|Clefable, M
|poke|p2|Gardevoir, F, shiny
|poke|p2|Scizor, F
|poke|p2|Bisharp, F
|poke|p2|Latias, F
|poke|p2|Terrakion
|poke|p2|Celebi
|rule|Swagger Clause: Swagger is banned
|rule|Baton Pass Clause: Limit one PokÃ©mon knowing Baton Pass
|rule|Sleep Clause Mod: Limit one foe put to sleep
|rule|Species Clause: Limit one of each PokÃ©mon
|rule|OHKO Clause: OHKO moves are banned
|rule|Moody Clause: Moody is banned
|rule|Evasion Moves Clause: Evasion moves are banned
|rule|Endless Battle Clause: Forcing endless battles is banned
|rule|HP Percentage Mod: HP is shown in percentages
|teampreview
|
|start
|switch|p1a: Excadrill|Excadrill, F|424\/424
|switch|p2a: Bisharp|Bisharp, F|271\/271
|-ability|p1a: Excadrill|Mold Breaker
|turn|1
|
|move|p2a: Bisharp|Knock Off|p1a: Excadrill
|-damage|p1a: Excadrill|150\/424
|-enditem|p1a: Excadrill|Leftovers|[from] move: Knock Off|[of] p2a: Bisharp
|move|p1a: Excadrill|Earthquake|p2a: Bisharp
|-supereffective|p2a: Bisharp
|-enditem|p2a: Bisharp|Focus Sash
|-damage|p2a: Bisharp|1\/271
|
|turn|2
|
|switch|p1a: Gliscor|Gliscor, F|353\/353
|move|p2a: Bisharp|Knock Off|p1a: Gliscor
|-damage|p1a: Gliscor|244\/353
|-enditem|p1a: Gliscor|Toxic Orb|[from] move: Knock Off|[of] p2a: Bisharp
|
|turn|3
|
|switch|p2a: Latias|Latias, F|301\/301
|move|p1a: Gliscor|Stealth Rock|p2a: Latias
|-sidestart|p2: Albyness|move: Stealth Rock
|
|turn|4
|
|move|p2a: Latias|Psyshock|p1a: Gliscor
|-damage|p1a: Gliscor|131\/353
|-damage|p2a: Latias|271\/301|[from] item: Life Orb
|move|p1a: Gliscor|U-turn|p2a: Latias
|-supereffective|p2a: Latias
|-damage|p2a: Latias|165\/301
|
|switch|p1a: Talonflame|Talonflame, F|345\/345
|
|turn|5
|
|move|p1a: Talonflame|Brave Bird|p2a: Latias
|-damage|p2a: Latias|0 fnt
|-damage|p1a: Talonflame|291\/345|[from] recoil|[of] p2a: Latias
|faint|p2a: Latias
|
|-heal|p1a: Talonflame|312\/345|[from] item: Leftovers
|
|switch|p2a: Terrakion|Terrakion|323\/323
|-damage|p2a: Terrakion|303\/323|[from] Stealth Rock
|turn|6
|
|switch|p1a: Gliscor|Gliscor, F|131\/353
|move|p2a: Terrakion|Stone Edge|p1a: Gliscor
|-damage|p1a: Gliscor|17\/353
|
|turn|7
|
|move|p2a: Terrakion|Stone Edge|p1a: Gliscor
|-crit|p1a: Gliscor
|-damage|p1a: Gliscor|0 fnt
|faint|p1a: Gliscor
|
|
|switch|p1a: Sableye|Sableye, F|303\/303
|turn|8
|
|switch|p2a: Bisharp|Bisharp, F|1\/271
|-damage|p2a: Bisharp|0 fnt|[from] Stealth Rock
|faint|p2a: Bisharp
|detailschange|p1a: Sableye|Sableye-Mega, F
|-mega|p1a: Sableye|Sableye|Sablenite
|move|p1a: Sableye|Foul Play|p2: Bisharp|[notarget]
|-notarget
|
|
|switch|p2a: Gardevoir|Gardevoir, F, shiny|295\/295
|-damage|p2a: Gardevoir|259\/295|[from] Stealth Rock
|-ability|p2a: Gardevoir|Magic Bounce|[from] ability: Trace|[of] p1a: Sableye
|turn|9
|
|switch|p1a: Clefable|Clefable, M|393\/393
|detailschange|p2a: Gardevoir|Gardevoir-Mega, F, shiny
|-mega|p2a: Gardevoir|Gardevoir|Gardevoirite
|move|p2a: Gardevoir|Hyper Voice|p1a: Clefable
|-damage|p1a: Clefable|129\/393
|
|-heal|p1a: Clefable|153\/393|[from] item: Leftovers
|turn|10
|
|move|p2a: Gardevoir|Hyper Voice|p1a: Clefable
|-damage|p1a: Clefable|0 fnt
|faint|p1a: Clefable
|
|
|switch|p1a: Excadrill|Excadrill, F|150\/424
|-ability|p1a: Excadrill|Mold Breaker
|turn|11
|
|move|p2a: Gardevoir|Hidden Power|p1a: Excadrill
|-supereffective|p1a: Excadrill
|-damage|p1a: Excadrill|0 fnt
|faint|p1a: Excadrill
|
|
|switch|p1a: Manaphy|Manaphy|401\/401
|turn|12
|
|move|p2a: Gardevoir|Hyper Voice|p1a: Manaphy
|-damage|p1a: Manaphy|206\/401
|move|p1a: Manaphy|Scald|p2a: Gardevoir
|-damage|p2a: Gardevoir|186\/295
|-status|p2a: Gardevoir|brn
|
|-heal|p1a: Manaphy|231\/401|[from] item: Leftovers
|-damage|p2a: Gardevoir|150\/295 brn|[from] brn
|turn|13
|
|move|p2a: Gardevoir|Psyshock|p1a: Manaphy
|-damage|p1a: Manaphy|48\/401
|move|p1a: Manaphy|U-turn|p2a: Gardevoir
|-damage|p2a: Gardevoir|75\/295 brn
|
|switch|p1a: Talonflame|Talonflame, F|312\/345
|
|-heal|p1a: Talonflame|333\/345|[from] item: Leftovers
|-damage|p2a: Gardevoir|39\/295 brn|[from] brn
|turn|14
|
|switch|p2a: Celebi|Celebi|404\/404
|-damage|p2a: Celebi|354\/404|[from] Stealth Rock
|move|p1a: Talonflame|Brave Bird|p2a: Celebi
|-supereffective|p2a: Celebi
|-damage|p2a: Celebi|78\/404
|-damage|p1a: Talonflame|242\/345|[from] recoil|[of] p2a: Celebi
|
|-heal|p1a: Talonflame|263\/345|[from] item: Leftovers
|-heal|p2a: Celebi|103\/404|[from] item: Leftovers
|turn|15
|
|move|p1a: Talonflame|Brave Bird|p2a: Celebi
|-supereffective|p2a: Celebi
|-damage|p2a: Celebi|0 fnt
|-damage|p1a: Talonflame|229\/345|[from] recoil|[of] p2a: Celebi
|faint|p2a: Celebi
|
|-heal|p1a: Talonflame|250\/345|[from] item: Leftovers
|
|switch|p2a: Terrakion|Terrakion|303\/323
|-damage|p2a: Terrakion|283\/323|[from] Stealth Rock
|turn|16
|
|switch|p1a: Manaphy|Manaphy|48\/401
|move|p2a: Terrakion|Stone Edge|p1a: Manaphy
|-damage|p1a: Manaphy|0 fnt
|faint|p1a: Manaphy
|
|
|switch|p1a: Sableye|Sableye-Mega, F|303\/303
|turn|17
|
|switch|p2a: Scizor|Scizor, F|318\/318
|-damage|p2a: Scizor|279\/318|[from] Stealth Rock
|move|p1a: Sableye|Will-O-Wisp|p2a: Scizor
|-status|p2a: Scizor|brn
|
|-damage|p2a: Scizor|240\/318 brn|[from] brn
|turn|18
|
|move|p2a: Scizor|Swords Dance|p2a: Scizor
|-boost|p2a: Scizor|atk|2
|move|p1a: Sableye|Knock Off|p2a: Scizor
|-damage|p2a: Scizor|137\/318 brn
|-enditem|p2a: Scizor|Iron Plate|[from] move: Knock Off|[of] p1a: Sableye
|
|-damage|p2a: Scizor|98\/318 brn|[from] brn
|turn|19
|
|move|p2a: Scizor|Bullet Punch|p1a: Sableye
|-damage|p1a: Sableye|203\/303
|move|p1a: Sableye|Foul Play|p2a: Scizor
|-damage|p2a: Scizor|0 fnt
|faint|p2a: Scizor
|
|
|switch|p2a: Gardevoir|Gardevoir-Mega, F, shiny|39\/295 brn
|-damage|p2a: Gardevoir|3\/295 brn|[from] Stealth Rock
|turn|20
|
|switch|p1a: Talonflame|Talonflame, F|250\/345
|move|p2a: Gardevoir|Psyshock|p1a: Talonflame
|-damage|p1a: Talonflame|21\/345
|
|-heal|p1a: Talonflame|42\/345|[from] item: Leftovers
|-damage|p2a: Gardevoir|0 fnt|[from] brn
|faint|p2a: Gardevoir
|
|switch|p2a: Terrakion|Terrakion|283\/323
|-damage|p2a: Terrakion|263\/323|[from] Stealth Rock
|turn|21
|
|move|p1a: Talonflame|Brave Bird|p2a: Terrakion
|-damage|p2a: Terrakion|80\/323
|-damage|p1a: Talonflame|0 fnt|[from] recoil|[of] p2a: Terrakion
|faint|p1a: Talonflame
|move|p2a: Terrakion|Stone Edge|p1: Talonflame|[notarget]
|-notarget
|
|
|switch|p1a: Sableye|Sableye-Mega, F|203\/303
|turn|22
|
|move|p2a: Terrakion|Stone Edge|p1a: Sableye|[miss]
|-miss|p2a: Terrakion|p1a: Sableye
|move|p1a: Sableye|Recover|p1a: Sableye
|-heal|p1a: Sableye|303\/303
|
|turn|23
|c|âAlbyness|K
|
|move|p2a: Terrakion|Stone Edge|p1a: Sableye
|-damage|p1a: Sableye|152\/303
|move|p1a: Sableye|Foul Play|p2a: Terrakion
|-resisted|p2a: Terrakion
|-damage|p2a: Terrakion|0 fnt
|faint|p2a: Terrakion
|
|win|Wolf Bros
|raw|Ladder updating...
|raw|Wolf Bros's rating: 1672 &rarr; <strong>1690<\/strong><br \/>(+18 for winning)
|raw|Albyness's rating: 1636 &rarr; <strong>1618<\/strong><br \/>(-18 for losing)
|c|âWolf Bros|gg
|leave|Albyness
|player|p2