|join|Reverb
|join|Wolf Bros
|player|p1|Reverb|#reverb
|player|p2|Wolf Bros|168
|gametype|singles
|gen|6
|tier|OU
|rated
|clearpoke
|poke|p1|Tyranitar, F
|poke|p1|Keldeo-Resolute
|poke|p1|Heatran, F, shiny
|poke|p1|Landorus, M
|poke|p1|Celebi
|poke|p1|Altaria, M
|poke|p2|Sableye, M
|poke|p2|Excadrill, M
|poke|p2|Manaphy
|poke|p2|Gliscor, M
|poke|p2|Talonflame, F
|poke|p2|Clefable, M
|rule|Swagger Clause: Swagger is banned
|rule|Baton Pass Clause: Limit one PokÃ©mon knowing Baton Pass
|rule|Sleep Clause Mod: Limit one foe put to sleep
|rule|Species Clause: Limit one of each PokÃ©mon
|rule|OHKO Clause: OHKO moves are banned
|rule|Moody Clause: Moody is banned
|rule|Evasion Moves Clause: Evasion moves are banned
|rule|Endless Battle Clause: Forcing endless battles is banned
|rule|HP Percentage Mod: HP is shown in percentages
|teampreview
|join|Alvadora
|join|rangervetkit
|
|start
|switch|p1a: Celebi|Celebi|403\/403
|switch|p2a: Excadrill|Excadrill, M|424\/424
|-ability|p2a: Excadrill|Mold Breaker
|turn|1
|join|lil manaphy
|join|gobosox
|
|switch|p2a: Gliscor|Gliscor, M|353\/353
|move|p1a: Celebi|Nasty Plot|p1a: Celebi
|-boost|p1a: Celebi|spa|2
|
|-status|p2a: Gliscor|tox|[from] item: Toxic Orb
|turn|2
|
|move|p1a: Celebi|Giga Drain|p2a: Gliscor
|-crit|p2a: Gliscor
|-damage|p2a: Gliscor|7\/353 tox
|move|p2a: Gliscor|Stealth Rock|p1a: Celebi
|-sidestart|p1: Reverb|move: Stealth Rock
|
|-heal|p2a: Gliscor|51\/353 tox|[from] ability: Poison Heal
|turn|3
|
|move|p1a: Celebi|Baton Pass|p1a: Celebi
|
|switch|p1a: Landorus|Landorus, M|319\/319
|-damage|p1a: Landorus|280\/319|[from] Stealth Rock
|move|p2a: Gliscor|U-turn|p1a: Landorus
|-resisted|p1a: Landorus
|-damage|p1a: Landorus|252\/319
|join|DatGuyChuck
|join|I Iike Squirtles
|
|switch|p2a: Manaphy|Manaphy|401\/401
|
|turn|4
|
|move|p1a: Landorus|Earth Power|p2a: Manaphy
|-damage|p2a: Manaphy|15\/401
|move|p2a: Manaphy|Scald|p1a: Landorus
|-supereffective|p1a: Landorus
|-damage|p1a: Landorus|0 fnt
|faint|p1a: Landorus
|
|-heal|p2a: Manaphy|40\/401|[from] item: Leftovers
|
|switch|p1a: Heatran|Heatran, F, shiny|385\/385
|-damage|p1a: Heatran|337\/385|[from] Stealth Rock
|turn|5
|
|move|p2a: Manaphy|Rain Dance|p2a: Manaphy
|-weather|RainDance
|move|p1a: Heatran|Stealth Rock|p2a: Manaphy
|-sidestart|p2: Wolf Bros|move: Stealth Rock
|
|-weather|RainDance|[upkeep]
|-heal|p1a: Heatran|361\/385|[from] item: Leftovers
|-heal|p2a: Manaphy|65\/401|[from] item: Leftovers
|turn|6
|
|switch|p1a: Celebi|Celebi|403\/403
|-damage|p1a: Celebi|353\/403|[from] Stealth Rock
|move|p2a: Manaphy|Rest|p2a: Manaphy
|-status|p2a: Manaphy|slp
|-heal|p2a: Manaphy|401\/401 slp|[silent]
|-status|p2a: Manaphy|slp|[from] move: Rest
|
|-weather|RainDance|[upkeep]
|-heal|p1a: Celebi|378\/403|[from] item: Leftovers
|-curestatus|p2a: Manaphy|slp
|turn|7
|
|move|p1a: Celebi|Recover|p1a: Celebi
|-heal|p1a: Celebi|403\/403
|move|p2a: Manaphy|U-turn|p1a: Celebi
|-supereffective|p1a: Celebi
|-damage|p1a: Celebi|191\/403
|
|switch|p2a: Excadrill|Excadrill, M|424\/424
|-damage|p2a: Excadrill|411\/424|[from] Stealth Rock
|-ability|p2a: Excadrill|Mold Breaker
|
|-weather|RainDance|[upkeep]
|-heal|p1a: Celebi|216\/403|[from] item: Leftovers
|-heal|p2a: Excadrill|424\/424|[from] item: Leftovers
|turn|8
|leave|DatGuyChuck
|
|switch|p1a: Keldeo-Resolute|Keldeo-Resolute|323\/323
|-damage|p1a: Keldeo-Resolute|303\/323|[from] Stealth Rock
|move|p2a: Excadrill|Rapid Spin|p1a: Keldeo-Resolute
|-damage|p1a: Keldeo-Resolute|279\/323
|-sideend|p2: Wolf Bros|Stealth Rock|[from] move: Rapid Spin|[of] p2a: Excadrill
|
|-weather|RainDance|[upkeep]
|turn|9
|
|switch|p2a: Sableye|Sableye, M|303\/303
|move|p1a: Keldeo-Resolute|Scald|p2a: Sableye
|-damage|p2a: Sableye|12\/303
|
|-weather|none
|turn|10
|
|detailschange|p2a: Sableye|Sableye-Mega, M
|-mega|p2a: Sableye|Sableye|Sablenite
|move|p2a: Sableye|Recover|p2a: Sableye
|-heal|p2a: Sableye|164\/303
|move|p1a: Keldeo-Resolute|Scald|p2a: Sableye
|-crit|p2a: Sableye
|-damage|p2a: Sableye|0 fnt
|faint|p2a: Sableye
|
|
|switch|p2a: Talonflame|Talonflame, F|345\/345
|turn|11
|join|Jefo
|
|switch|p1a: Heatran|Heatran, F, shiny|361\/385
|-damage|p1a: Heatran|313\/385|[from] Stealth Rock
|move|p2a: Talonflame|Will-O-Wisp|p1a: Heatran
|-start|p1a: Heatran|ability: Flash Fire
|
|-heal|p1a: Heatran|337\/385|[from] item: Leftovers
|turn|12
|
|switch|p1a: Tyranitar|Tyranitar, F|341\/341
|-damage|p1a: Tyranitar|299\/341|[from] Stealth Rock
|-weather|Sandstorm
|move|p2a: Talonflame|Taunt|p1a: Tyranitar
|-start|p1a: Tyranitar|move: Taunt
|
|-weather|Sandstorm|[upkeep]
|-damage|p2a: Talonflame|324\/345|[from] sandstorm
|-heal|p2a: Talonflame|345\/345|[from] item: Leftovers
|turn|13
|
|switch|p1a: Heatran|Heatran, F, shiny|337\/385
|-damage|p1a: Heatran|289\/385|[from] Stealth Rock
|switch|p2a: Gliscor|Gliscor, M|51\/353 tox
|
|-weather|Sandstorm|[upkeep]
|-heal|p1a: Heatran|313\/385|[from] item: Leftovers
|-heal|p2a: Gliscor|95\/353 tox|[from] ability: Poison Heal
|turn|14
|
|move|p1a: Heatran|Lava Plume|p2a: Gliscor
|-crit|p2a: Gliscor
|-damage|p2a: Gliscor|0 fnt
|faint|p2a: Gliscor
|
|-weather|Sandstorm|[upkeep]
|-heal|p1a: Heatran|337\/385|[from] item: Leftovers
|
|switch|p2a: Excadrill|Excadrill, M|424\/424
|-ability|p2a: Excadrill|Mold Breaker
|turn|15
|
|switch|p1a: Celebi|Celebi|216\/403
|-damage|p1a: Celebi|166\/403|[from] Stealth Rock
|move|p2a: Excadrill|Earthquake|p1a: Celebi
|-resisted|p1a: Celebi
|-damage|p1a: Celebi|86\/403
|
|-weather|Sandstorm|[upkeep]
|-damage|p1a: Celebi|61\/403|[from] sandstorm
|-heal|p1a: Celebi|86\/403|[from] item: Leftovers
|turn|16
|
|switch|p2a: Talonflame|Talonflame, F|345\/345
|move|p1a: Celebi|Recover|p1a: Celebi
|-heal|p1a: Celebi|288\/403
|
|-weather|none
|-heal|p1a: Celebi|313\/403|[from] item: Leftovers
|turn|17
|join|MyLittleDick
|
|switch|p1a: Heatran|Heatran, F, shiny|337\/385
|-damage|p1a: Heatran|289\/385|[from] Stealth Rock
|move|p2a: Talonflame|Brave Bird|p1a: Heatran
|-resisted|p1a: Heatran
|-damage|p1a: Heatran|208\/385
|-damage|p2a: Talonflame|318\/345|[from] recoil|[of] p1a: Heatran
|
|-heal|p2a: Talonflame|339\/345|[from] item: Leftovers
|-heal|p1a: Heatran|232\/385|[from] item: Leftovers
|turn|18
|
|switch|p1a: Tyranitar|Tyranitar, F|299\/341
|-damage|p1a: Tyranitar|257\/341|[from] Stealth Rock
|-weather|Sandstorm
|move|p2a: Talonflame|Will-O-Wisp|p1a: Tyranitar
|-status|p1a: Tyranitar|brn
|
|-weather|Sandstorm|[upkeep]
|-damage|p2a: Talonflame|318\/345|[from] sandstorm
|-heal|p2a: Talonflame|339\/345|[from] item: Leftovers
|-damage|p1a: Tyranitar|215\/341 brn|[from] brn
|turn|19
|
|switch|p2a: Excadrill|Excadrill, M|424\/424
|-ability|p2a: Excadrill|Mold Breaker
|move|p1a: Tyranitar|Stone Edge|p2a: Excadrill
|-crit|p2a: Excadrill
|-resisted|p2a: Excadrill
|-damage|p2a: Excadrill|373\/424
|
|-weather|Sandstorm|[upkeep]
|-heal|p2a: Excadrill|399\/424|[from] item: Leftovers
|-damage|p1a: Tyranitar|173\/341 brn|[from] brn
|turn|20
|
|switch|p2a: Manaphy|Manaphy|401\/401
|move|p1a: Tyranitar|Stone Edge|p2a: Manaphy
|-damage|p2a: Manaphy|311\/401
|
|-weather|Sandstorm|[upkeep]
|-damage|p2a: Manaphy|286\/401|[from] sandstorm
|-heal|p2a: Manaphy|311\/401|[from] item: Leftovers
|-damage|p1a: Tyranitar|131\/341 brn|[from] brn
|turn|21
|
|move|p1a: Tyranitar|Stone Edge|p2a: Manaphy
|-damage|p2a: Manaphy|220\/401
|move|p2a: Manaphy|Rain Dance|p2a: Manaphy
|-weather|RainDance
|
|-weather|RainDance|[upkeep]
|-heal|p2a: Manaphy|245\/401|[from] item: Leftovers
|-damage|p1a: Tyranitar|89\/341 brn|[from] brn
|turn|22
|
|switch|p1a: Celebi|Celebi|313\/403
|-damage|p1a: Celebi|263\/403|[from] Stealth Rock
|move|p2a: Manaphy|Rest|p2a: Manaphy
|-status|p2a: Manaphy|slp
|-heal|p2a: Manaphy|401\/401 slp|[silent]
|-status|p2a: Manaphy|slp|[from] move: Rest
|
|-weather|RainDance|[upkeep]
|-heal|p1a: Celebi|288\/403|[from] item: Leftovers
|-curestatus|p2a: Manaphy|slp
|turn|23
|
|move|p1a: Celebi|Giga Drain|p2a: Manaphy
|-supereffective|p2a: Manaphy
|-damage|p2a: Manaphy|281\/401
|-heal|p1a: Celebi|348\/403|[from] drain|[of] p2a: Manaphy
|move|p2a: Manaphy|U-turn|p1a: Celebi
|-supereffective|p1a: Celebi
|-damage|p1a: Celebi|164\/403
|
|switch|p2a: Talonflame|Talonflame, F|339\/345
|
|-weather|RainDance|[upkeep]
|-heal|p2a: Talonflame|345\/345|[from] item: Leftovers
|-heal|p1a: Celebi|189\/403|[from] item: Leftovers
|turn|24
|
|switch|p1a: Tyranitar|Tyranitar, F|89\/341 brn
|-damage|p1a: Tyranitar|47\/341 brn|[from] Stealth Rock
|-weather|Sandstorm
|move|p2a: Talonflame|Brave Bird|p1a: Tyranitar
|-resisted|p1a: Tyranitar
|-damage|p1a: Tyranitar|0 fnt
|-damage|p2a: Talonflame|329\/345|[from] recoil|[of] p1a: Tyranitar
|faint|p1a: Tyranitar
|
|-weather|Sandstorm|[upkeep]
|-damage|p2a: Talonflame|308\/345|[from] sandstorm
|-heal|p2a: Talonflame|329\/345|[from] item: Leftovers
|
|switch|p1a: Altaria|Altaria, M|311\/311
|-damage|p1a: Altaria|234\/311|[from] Stealth Rock
|turn|25
|
|detailschange|p1a: Altaria|Altaria-Mega, M
|-mega|p1a: Altaria|Altaria|Altarianite
|move|p2a: Talonflame|Will-O-Wisp|p1a: Altaria
|-status|p1a: Altaria|brn
|move|p1a: Altaria|Hyper Voice|p2a: Talonflame
|-resisted|p2a: Talonflame
|-damage|p2a: Talonflame|194\/345
|
|-weather|Sandstorm|[upkeep]
|-damage|p2a: Talonflame|173\/345|[from] sandstorm
|-damage|p1a: Altaria|215\/311 brn|[from] sandstorm
|-heal|p2a: Talonflame|194\/345|[from] item: Leftovers
|-damage|p1a: Altaria|177\/311 brn|[from] brn
|turn|26
|c| I Iike Squirtles|reverb not that its common but ur team looks super weak to dd eq altaria
|-message|Reverb forfeited.
|
|win|Wolf Bros
|raw|Ladder updating...
|raw|Reverb's rating: 1676 &rarr; <strong>1655<\/strong><br \/>(-21 for losing)
|raw|Wolf Bros's rating: 1663 &rarr; <strong>1683<\/strong><br \/>(+20 for winning)
|leave|Reverb
|player|p1
|c|âWolf Bros|gg