|join|GTS
|join|abcdefghitony
|player|p1|GTS|150
|player|p2|abcdefghitony|266
|gametype|singles
|gen|6
|tier|OU
|rated
|clearpoke
|poke|p1|Conkeldurr, F
|poke|p1|Clefable, M
|poke|p1|Bisharp, M
|poke|p1|Latios, M
|poke|p1|Talonflame, F
|poke|p1|Ferrothorn, F
|poke|p2|Latias, F
|poke|p2|Slowbro, F
|poke|p2|Heatran, M
|poke|p2|Garchomp, F
|poke|p2|Talonflame, F
|poke|p2|Beedrill, F
|rule|Swagger Clause: Swagger is banned
|rule|Baton Pass Clause: Limit one PokÃ©mon knowing Baton Pass
|rule|Sleep Clause Mod: Limit one foe put to sleep
|rule|Species Clause: Limit one of each PokÃ©mon
|rule|OHKO Clause: OHKO moves are banned
|rule|Moody Clause: Moody is banned
|rule|Evasion Moves Clause: Evasion moves are banned
|rule|Endless Battle Clause: Forcing endless battles is banned
|rule|HP Percentage Mod: HP is shown in percentages
|teampreview
|
|start
|switch|p1a: Conkeldurr|Conkeldurr, F|351\/351
|switch|p2a: Beedrill|Beedrill, F|272\/272
|turn|1
|
|detailschange|p2a: Beedrill|Beedrill-Mega, F
|message|Beedrill has Mega Evolved into Mega Beedrill!
|move|p2a: Beedrill|U-turn|p1a: Conkeldurr
|-crit|p1a: Conkeldurr
|-resisted|p1a: Conkeldurr
|-damage|p1a: Conkeldurr|209\/351
|
|switch|p2a: Garchomp|Garchomp, F|358\/358
|move|p1a: Conkeldurr|Ice Punch|p2a: Garchomp
|-supereffective|p2a: Garchomp
|-damage|p2a: Garchomp|0 fnt
|-damage|p1a: Conkeldurr|166\/351|[from] ability: Rough Skin|[of] p2a: Garchomp
|faint|p2a: Garchomp
|
|
|switch|p2a: Beedrill|Beedrill-Mega, F|272\/272
|turn|2
|
|move|p2a: Beedrill|Poison Jab|p1a: Conkeldurr
|-damage|p1a: Conkeldurr|0 fnt
|faint|p1a: Conkeldurr
|
|
|switch|p1a: Bisharp|Bisharp, M|272\/272
|turn|3
|
|move|p2a: Beedrill|U-turn|p1a: Bisharp
|-damage|p1a: Bisharp|96\/272
|
|switch|p2a: Slowbro|Slowbro, F|394\/394
|move|p1a: Bisharp|Knock Off|p2a: Slowbro
|-supereffective|p2a: Slowbro
|-damage|p2a: Slowbro|74\/394
|-enditem|p2a: Slowbro|Leftovers|[from] move: Knock Off|[of] p1a: Bisharp
|
|turn|4
|
|move|p1a: Bisharp|Pursuit|p2a: Slowbro
|-supereffective|p2a: Slowbro
|-damage|p2a: Slowbro|0 fnt
|faint|p2a: Slowbro
|
|
|switch|p2a: Talonflame|Talonflame, F|298\/298
|turn|5
|
|move|p2a: Talonflame|Brave Bird|p1a: Bisharp
|-resisted|p1a: Bisharp
|-damage|p1a: Bisharp|0 fnt
|-damage|p2a: Talonflame|266\/298|[from] recoil|[of] p1a: Bisharp
|faint|p1a: Bisharp
|
|
|switch|p1a: Latios|Latios, M|301\/301
|turn|6
|
|detailschange|p1a: Latios|Latios-Mega, M
|message|Latios has Mega Evolved into Mega Latios!
|move|p2a: Talonflame|Brave Bird|p1a: Latios
|-damage|p1a: Latios|52\/301
|-damage|p2a: Talonflame|184\/298|[from] recoil|[of] p1a: Latios
|move|p1a: Latios|Draco Meteor|p2a: Talonflame
|-damage|p2a: Talonflame|0 fnt
|-unboost|p1a: Latios|spa|2
|faint|p2a: Talonflame
|
|
|switch|p2a: Beedrill|Beedrill-Mega, F|272\/272
|turn|7
|
|switch|p1a: Ferrothorn|Ferrothorn, F|352\/352
|move|p2a: Beedrill|U-turn|p1a: Ferrothorn
|-damage|p1a: Ferrothorn|204\/352
|-damage|p2a: Beedrill|238\/272|[from] ability: Iron Barbs|[of] p1a: Ferrothorn
|-damage|p2a: Beedrill|193\/272|[from] item: Rocky Helmet|[of] p1a: Ferrothorn
|
|switch|p2a: Heatran|Heatran, M|386\/386
|
|turn|8
|
|move|p2a: Heatran|Fire Blast|p1a: Ferrothorn|[miss]
|-miss|p2a: Heatran|p1a: Ferrothorn
|move|p1a: Ferrothorn|Gyro Ball|p2a: Heatran
|-crit|p2a: Heatran
|-resisted|p2a: Heatran
|-damage|p2a: Heatran|341\/386
|
|-heal|p2a: Heatran|365\/386|[from] item: Leftovers
|turn|9
|
|move|p2a: Heatran|Fire Blast|p1a: Ferrothorn
|-supereffective|p1a: Ferrothorn
|-damage|p1a: Ferrothorn|0 fnt
|faint|p1a: Ferrothorn
|
|-heal|p2a: Heatran|386\/386|[from] item: Leftovers
|
|switch|p1a: Latios|Latios-Mega, M|52\/301
|turn|10
|
|move|p1a: Latios|Earthquake|p2a: Heatran
|-supereffective|p2a: Heatran
|-damage|p2a: Heatran|10\/386
|move|p2a: Heatran|Stealth Rock|p1a: Latios
|-sidestart|p1: GTS|move: Stealth Rock
|
|-heal|p2a: Heatran|34\/386|[from] item: Leftovers
|turn|11
|
|move|p1a: Latios|Defog|p2a: Heatran
|-unboost|p2a: Heatran|evasion|1
|-sideend|p1: GTS|Stealth Rock|[from] move: Defog|[of] p1a: Latios
|move|p2a: Heatran|Fire Blast|p1a: Latios|[miss]
|-miss|p2a: Heatran|p1a: Latios
|
|-heal|p2a: Heatran|58\/386|[from] item: Leftovers
|turn|12
|
|move|p1a: Latios|Psyshock|p2a: Heatran
|-resisted|p2a: Heatran
|-damage|p2a: Heatran|0 fnt
|faint|p2a: Heatran
|
|
|switch|p2a: Beedrill|Beedrill-Mega, F|193\/272
|turn|13
|
|move|p2a: Beedrill|U-turn|p1a: Latios
|-supereffective|p1a: Latios
|-damage|p1a: Latios|0 fnt
|faint|p1a: Latios
|
|switch|p2a: Latias|Latias, F|302\/302
|
|
|switch|p1a: Clefable|Clefable, M|394\/394
|turn|14
|
|move|p2a: Latias|Psyshock|p1a: Clefable
|-damage|p1a: Clefable|222\/394
|-damage|p2a: Latias|272\/302|[from] item: Life Orb
|move|p1a: Clefable|Moonblast|p2a: Latias
|-supereffective|p2a: Latias
|-damage|p2a: Latias|86\/302
|
|-heal|p1a: Clefable|246\/394|[from] item: Leftovers
|turn|15
|
|move|p2a: Latias|Psyshock|p1a: Clefable
|-damage|p1a: Clefable|59\/394
|-damage|p2a: Latias|56\/302|[from] item: Life Orb
|move|p1a: Clefable|Moonblast|p2a: Latias
|-supereffective|p2a: Latias
|-damage|p2a: Latias|0 fnt
|faint|p2a: Latias
|
|-heal|p1a: Clefable|83\/394|[from] item: Leftovers
|
|switch|p2a: Beedrill|Beedrill-Mega, F|193\/272
|turn|16
|
|move|p2a: Beedrill|Poison Jab|p1a: Clefable
|-supereffective|p1a: Clefable
|-damage|p1a: Clefable|0 fnt
|faint|p1a: Clefable
|
|
|switch|p1a: Talonflame|Talonflame, F|298\/298
|turn|17
|
|move|p1a: Talonflame|Brave Bird|p2a: Beedrill
|-supereffective|p2a: Beedrill
|-damage|p2a: Beedrill|0 fnt
|-damage|p1a: Talonflame|234\/298|[from] recoil|[of] p2a: Beedrill
|faint|p2a: Beedrill
|
|win|GTS
|raw|Ladder updating...
|raw|GTS's rating: 1232 &rarr; <strong>1257<\/strong><br \/>(+25 for winning)
|raw|abcdefghitony's rating: 1227 &rarr; <strong>1202<\/strong><br \/>(-25 for losing)
|c|âabcdefghitony|gg
|leave|abcdefghitony
|player|p2