|join|abcdefghitony
|join|Monster 87
|player|p1|abcdefghitony|76
|player|p2|Monster 87|101
|gametype|singles
|gen|6
|tier|OU
|rated
|clearpoke
|poke|p1|Beedrill, F
|poke|p1|Landorus-Therian, M
|poke|p1|Rotom-Wash
|poke|p1|Heracross, F
|poke|p1|Latios, M
|poke|p1|Heatran, F
|poke|p2|Garchomp, F
|poke|p2|Tyranitar, M
|poke|p2|Amoonguss, F
|poke|p2|Jirachi
|poke|p2|Keldeo
|poke|p2|Landorus-Therian, M
|rule|Swagger Clause: Swagger is banned
|rule|Baton Pass Clause: Limit one PokÃ©mon knowing Baton Pass
|rule|Sleep Clause Mod: Limit one foe put to sleep
|rule|Species Clause: Limit one of each PokÃ©mon
|rule|OHKO Clause: OHKO moves are banned
|rule|Moody Clause: Moody is banned
|rule|Evasion Moves Clause: Evasion moves are banned
|rule|Endless Battle Clause: Forcing endless battles is banned
|rule|HP Percentage Mod: HP is shown in percentages
|teampreview
|
|start
|switch|p1a: Rotom-Wash|Rotom-Wash|304\/304
|switch|p2a: WCAS|Landorus-Therian, M|328\/328
|-ability|p2a: WCAS|Intimidate|[of] p1a: Rotom-Wash
|-unboost|p1a: Rotom-Wash|atk|1
|turn|1
|
|move|p2a: WCAS|Knock Off|p1a: Rotom-Wash
|-damage|p1a: Rotom-Wash|222\/304
|-enditem|p1a: Rotom-Wash|Leftovers|[from] move: Knock Off|[of] p2a: WCAS
|move|p1a: Rotom-Wash|Will-O-Wisp|p2a: WCAS
|-status|p2a: WCAS|brn
|
|-damage|p2a: WCAS|287\/328 brn|[from] brn
|turn|2
|
|switch|p2a: Shrooms|Amoonguss, F|431\/431
|move|p1a: Rotom-Wash|Volt Switch|p2a: Shrooms
|-resisted|p2a: Shrooms
|-damage|p2a: Shrooms|386\/431
|
|switch|p1a: Heatran|Heatran, F|386\/386
|
|-heal|p2a: Shrooms|412\/431|[from] item: Black Sludge
|turn|3
|
|switch|p2a: PlaneKiller|Tyranitar, M|341\/341
|-weather|Sandstorm
|move|p1a: Heatran|Taunt|p2a: PlaneKiller
|-start|p2a: PlaneKiller|move: Taunt
|
|-weather|Sandstorm|[upkeep]
|turn|4
|
|switch|p2a: G.B.T.F.B|Garchomp, F|357\/357
|move|p1a: Heatran|Protect|p1a: Heatran
|-fail|p1a: Heatran
|
|-weather|Sandstorm|[upkeep]
|turn|5
|
|switch|p1a: Landorus-Therian|Landorus-Therian, M|382\/382
|-ability|p1a: Landorus-Therian|Intimidate|[of] p2a: G.B.T.F.B
|-unboost|p2a: G.B.T.F.B|atk|1
|detailschange|p2a: G.B.T.F.B|Garchomp-Mega, F
|-mega|p2a: G.B.T.F.B|Garchomp|Garchompite
|move|p2a: G.B.T.F.B|Whirlpool|p1a: Landorus-Therian
|-supereffective|p1a: Landorus-Therian
|-damage|p1a: Landorus-Therian|302\/382
|-activate|p1a: Landorus-Therian|move: Whirlpool|[of] p2a: G.B.T.F.B
|
|-weather|Sandstorm|[upkeep]
|-heal|p1a: Landorus-Therian|325\/382|[from] item: Leftovers
|-damage|p1a: Landorus-Therian|278\/382|[from] move: Whirlpool|[partiallytrapped]
|turn|6
|
|move|p2a: G.B.T.F.B|Draco Meteor|p1a: Landorus-Therian
|-damage|p1a: Landorus-Therian|67\/382
|-unboost|p2a: G.B.T.F.B|spa|2
|move|p1a: Landorus-Therian|Stealth Rock|p2a: G.B.T.F.B
|-sidestart|p2: Monster 87|move: Stealth Rock
|
|-weather|Sandstorm|[upkeep]
|-heal|p1a: Landorus-Therian|90\/382|[from] item: Leftovers
|-damage|p1a: Landorus-Therian|43\/382|[from] move: Whirlpool|[partiallytrapped]
|turn|7
|join|neutrinospeed
|c| neutrinospeed|ogre
|
|move|p2a: G.B.T.F.B|Draco Meteor|p1a: Landorus-Therian
|-damage|p1a: Landorus-Therian|0 fnt
|-unboost|p2a: G.B.T.F.B|spa|2
|faint|p1a: Landorus-Therian
|
|-weather|none
|
|switch|p1a: Latios|Latios, M|301\/301
|turn|8
|
|switch|p1a: Heracross|Heracross, F|301\/301
|move|p2a: G.B.T.F.B|Earthquake|p1a: Heracross
|-resisted|p1a: Heracross
|-damage|p1a: Heracross|219\/301
|
|turn|9
|
|switch|p2a: WCAS|Landorus-Therian, M|287\/328 brn
|-damage|p2a: WCAS|246\/328 brn|[from] Stealth Rock
|-ability|p2a: WCAS|Intimidate|[of] p1a: Heracross
|-unboost|p1a: Heracross|atk|1
|move|p1a: Heracross|Close Combat|p2a: WCAS
|-resisted|p2a: WCAS
|-damage|p2a: WCAS|116\/328 brn
|-unboost|p1a: Heracross|def|1
|-unboost|p1a: Heracross|spd|1
|
|-damage|p2a: WCAS|75\/328 brn|[from] brn
|turn|10
|
|switch|p1a: Rotom-Wash|Rotom-Wash|222\/304
|move|p2a: WCAS|U-turn|p1a: Rotom-Wash
|-damage|p1a: Rotom-Wash|187\/304
|
|switch|p2a: Jirachi Jirachi|Jirachi|404\/404
|-damage|p2a: Jirachi Jirachi|379\/404|[from] Stealth Rock
|
|-heal|p2a: Jirachi Jirachi|404\/404|[from] item: Leftovers
|turn|11
|
|move|p2a: Jirachi Jirachi|Stealth Rock|p1a: Rotom-Wash
|-sidestart|p1: abcdefghitony|move: Stealth Rock
|move|p1a: Rotom-Wash|Volt Switch|p2a: Jirachi Jirachi
|-damage|p2a: Jirachi Jirachi|320\/404
|
|switch|p1a: Heracross|Heracross, F|219\/301
|-damage|p1a: Heracross|182\/301|[from] Stealth Rock
|
|-heal|p2a: Jirachi Jirachi|345\/404|[from] item: Leftovers
|turn|12
|
|switch|p2a: G.B.T.F.B|Garchomp-Mega, F|357\/357
|-damage|p2a: G.B.T.F.B|335\/357|[from] Stealth Rock
|move|p1a: Heracross|Close Combat|p2a: G.B.T.F.B
|-damage|p2a: G.B.T.F.B|20\/357
|-unboost|p1a: Heracross|def|1
|-unboost|p1a: Heracross|spd|1
|
|turn|13
|
|move|p2a: G.B.T.F.B|Fire Blast|p1a: Heracross
|-supereffective|p1a: Heracross
|-damage|p1a: Heracross|0 fnt
|faint|p1a: Heracross
|
|
|switch|p1a: Beedrill|Beedrill, F|271\/271
|-damage|p1a: Beedrill|204\/271|[from] Stealth Rock
|turn|14
|
|switch|p2a: PlaneKiller|Tyranitar, M|341\/341
|-damage|p2a: PlaneKiller|299\/341|[from] Stealth Rock
|-weather|Sandstorm
|detailschange|p1a: Beedrill|Beedrill-Mega, F
|-mega|p1a: Beedrill|Beedrill|Beedrillite
|move|p1a: Beedrill|Protect|p1a: Beedrill
|-fail|p1a: Beedrill
|
|-weather|Sandstorm|[upkeep]
|-damage|p1a: Beedrill|188\/271|[from] sandstorm
|turn|15
|
|switch|p2a: G.B.T.F.B|Garchomp-Mega, F|20\/357
|-damage|p2a: G.B.T.F.B|0 fnt|[from] Stealth Rock
|faint|p2a: G.B.T.F.B
|move|p1a: Beedrill|Protect|p1a: Beedrill
|-fail|p1a: Beedrill
|
|-weather|Sandstorm|[upkeep]
|-damage|p1a: Beedrill|172\/271|[from] sandstorm
|
|switch|p2a: WCAS|Landorus-Therian, M|75\/328 brn
|-damage|p2a: WCAS|34\/328 brn|[from] Stealth Rock
|-ability|p2a: WCAS|Intimidate|[of] p1a: Beedrill
|-unboost|p1a: Beedrill|atk|1
|turn|16
|
|move|p1a: Beedrill|Protect|p1a: Beedrill
|-singleturn|p1a: Beedrill|Protect
|move|p2a: WCAS|Stone Edge|p1a: Beedrill
|-activate|p1a: Beedrill|Protect
|
|-weather|Sandstorm|[upkeep]
|-damage|p1a: Beedrill|156\/271|[from] sandstorm
|-damage|p2a: WCAS|0 fnt|[from] brn
|faint|p2a: WCAS
|
|switch|p2a: Jirachi Jirachi|Jirachi|345\/404
|-damage|p2a: Jirachi Jirachi|320\/404|[from] Stealth Rock
|turn|17
|
|move|p1a: Beedrill|U-turn|p2a: Jirachi Jirachi
|-damage|p2a: Jirachi Jirachi|206\/404
|
|switch|p1a: Heatran|Heatran, F|386\/386
|-damage|p1a: Heatran|338\/386|[from] Stealth Rock
|move|p2a: Jirachi Jirachi|U-turn|p1a: Heatran
|-resisted|p1a: Heatran
|-damage|p1a: Heatran|323\/386
|
|switch|p2a: Whourse|Keldeo|323\/323
|-damage|p2a: Whourse|303\/323|[from] Stealth Rock
|
|-weather|Sandstorm|[upkeep]
|-damage|p2a: Whourse|283\/323|[from] sandstorm
|-heal|p2a: Whourse|303\/323|[from] item: Leftovers
|-heal|p1a: Heatran|347\/386|[from] item: Leftovers
|turn|18
|
|switch|p1a: Latios|Latios, M|301\/301
|-damage|p1a: Latios|264\/301|[from] Stealth Rock
|move|p2a: Whourse|Scald|p1a: Latios
|-resisted|p1a: Latios
|-damage|p1a: Latios|195\/301
|
|-weather|none
|-heal|p2a: Whourse|323\/323|[from] item: Leftovers
|turn|19
|
|switch|p1a: Rotom-Wash|Rotom-Wash|187\/304
|-damage|p1a: Rotom-Wash|149\/304|[from] Stealth Rock
|switch|p2a: Jirachi Jirachi|Jirachi|206\/404
|-damage|p2a: Jirachi Jirachi|181\/404|[from] Stealth Rock
|
|-heal|p2a: Jirachi Jirachi|206\/404|[from] item: Leftovers
|turn|20
|
|move|p2a: Jirachi Jirachi|Iron Head|p1a: Rotom-Wash
|-resisted|p1a: Rotom-Wash
|-damage|p1a: Rotom-Wash|132\/304
|move|p1a: Rotom-Wash|Will-O-Wisp|p2a: Jirachi Jirachi
|-status|p2a: Jirachi Jirachi|brn
|
|-heal|p2a: Jirachi Jirachi|231\/404 brn|[from] item: Leftovers
|-damage|p2a: Jirachi Jirachi|181\/404 brn|[from] brn
|turn|21
|
|move|p2a: Jirachi Jirachi|U-turn|p1a: Rotom-Wash
|-damage|p1a: Rotom-Wash|110\/304
|
|switch|p2a: PlaneKiller|Tyranitar, M|299\/341
|-damage|p2a: PlaneKiller|257\/341|[from] Stealth Rock
|-weather|Sandstorm
|move|p1a: Rotom-Wash|Volt Switch|p2a: PlaneKiller
|-damage|p2a: PlaneKiller|199\/341
|
|switch|p1a: Beedrill|Beedrill-Mega, F|156\/271
|-damage|p1a: Beedrill|89\/271|[from] Stealth Rock
|
|-weather|Sandstorm|[upkeep]
|-damage|p1a: Beedrill|73\/271|[from] sandstorm
|turn|22
|
|switch|p2a: Shrooms|Amoonguss, F|431\/431
|-damage|p2a: Shrooms|378\/431|[from] Stealth Rock
|move|p1a: Beedrill|U-turn|p2a: Shrooms
|-damage|p2a: Shrooms|200\/431
|
|switch|p1a: Heatran|Heatran, F|347\/386
|-damage|p1a: Heatran|299\/386|[from] Stealth Rock
|
|-weather|Sandstorm|[upkeep]
|-damage|p2a: Shrooms|174\/431|[from] sandstorm
|-heal|p1a: Heatran|323\/386|[from] item: Leftovers
|-heal|p2a: Shrooms|200\/431|[from] item: Black Sludge
|turn|23
|
|switch|p2a: Whourse|Keldeo|323\/323
|-damage|p2a: Whourse|303\/323|[from] Stealth Rock
|move|p1a: Heatran|Toxic|p2a: Whourse
|-status|p2a: Whourse|tox
|
|-weather|Sandstorm|[upkeep]
|-damage|p2a: Whourse|283\/323 tox|[from] sandstorm
|-heal|p2a: Whourse|303\/323 tox|[from] item: Leftovers
|-heal|p1a: Heatran|347\/386|[from] item: Leftovers
|-damage|p2a: Whourse|283\/323 tox|[from] psn
|turn|24
|
|switch|p1a: Latios|Latios, M|195\/301
|-damage|p1a: Latios|158\/301|[from] Stealth Rock
|move|p2a: Whourse|Calm Mind|p2a: Whourse
|-boost|p2a: Whourse|spa|1
|-boost|p2a: Whourse|spd|1
|
|-weather|Sandstorm|[upkeep]
|-damage|p1a: Latios|140\/301|[from] sandstorm
|-damage|p2a: Whourse|263\/323 tox|[from] sandstorm
|-heal|p2a: Whourse|283\/323 tox|[from] item: Leftovers
|-damage|p2a: Whourse|243\/323 tox|[from] psn
|turn|25
|
|switch|p2a: PlaneKiller|Tyranitar, M|199\/341
|-damage|p2a: PlaneKiller|157\/341|[from] Stealth Rock
|move|p1a: Latios|Defog|p2a: PlaneKiller
|-unboost|p2a: PlaneKiller|evasion|1
|-sideend|p2: Monster 87|Stealth Rock|[from] move: Defog|[of] p2a: PlaneKiller
|-sideend|p1: abcdefghitony|Stealth Rock|[from] move: Defog|[of] p1a: Latios
|
|-weather|none
|turn|26
|
|move|p2a: PlaneKiller|Pursuit|p1a: Latios
|-supereffective|p1a: Latios
|-damage|p1a: Latios|0 fnt
|faint|p1a: Latios
|
|
|switch|p1a: Beedrill|Beedrill-Mega, F|73\/271
|turn|27
|
|switch|p2a: Jirachi Jirachi|Jirachi|181\/404 brn
|move|p1a: Beedrill|Drill Run|p2a: Jirachi Jirachi
|-supereffective|p2a: Jirachi Jirachi
|-damage|p2a: Jirachi Jirachi|0 fnt
|faint|p2a: Jirachi Jirachi
|
|
|switch|p2a: Shrooms|Amoonguss, F|343\/431
|turn|28
|
|move|p1a: Beedrill|U-turn|p2a: Shrooms
|-damage|p2a: Shrooms|163\/431
|
|switch|p1a: Heatran|Heatran, F|347\/386
|move|p2a: Shrooms|Spore|p1a: Heatran
|-status|p1a: Heatran|slp
|
|-heal|p1a: Heatran|371\/386 slp|[from] item: Leftovers
|-heal|p2a: Shrooms|189\/431|[from] item: Black Sludge
|turn|29
|
|switch|p1a: Beedrill|Beedrill-Mega, F|73\/271
|switch|p2a: Whourse|Keldeo|243\/323 tox
|
|-heal|p2a: Whourse|263\/323 tox|[from] item: Leftovers
|-damage|p2a: Whourse|243\/323 tox|[from] psn
|turn|30
|
|move|p1a: Beedrill|Poison Jab|p2a: Whourse
|-damage|p2a: Whourse|0 fnt
|faint|p2a: Whourse
|
|
|switch|p2a: Shrooms|Amoonguss, F|332\/431
|turn|31
|
|move|p1a: Beedrill|U-turn|p2a: Shrooms
|-damage|p2a: Shrooms|160\/431
|
|switch|p1a: Heatran|Heatran, F|371\/386 slp
|move|p2a: Shrooms|Foul Play|p1a: Heatran
|-damage|p1a: Heatran|316\/386 slp
|
|-heal|p1a: Heatran|340\/386 slp|[from] item: Leftovers
|-heal|p2a: Shrooms|186\/431|[from] item: Black Sludge
|turn|32
|
|switch|p1a: Rotom-Wash|Rotom-Wash|110\/304
|switch|p2a: PlaneKiller|Tyranitar, M|157\/341
|-weather|Sandstorm
|
|-weather|Sandstorm|[upkeep]
|-damage|p1a: Rotom-Wash|91\/304|[from] sandstorm
|turn|33
|
|move|p2a: PlaneKiller|Crunch|p1a: Rotom-Wash
|-damage|p1a: Rotom-Wash|0 fnt
|faint|p1a: Rotom-Wash
|
|-weather|Sandstorm|[upkeep]
|
|switch|p1a: Beedrill|Beedrill-Mega, F|73\/271
|turn|34
|
|switch|p2a: Shrooms|Amoonguss, F|329\/431
|move|p1a: Beedrill|Poison Jab|p2a: Shrooms
|-damage|p2a: Shrooms|143\/431
|
|-weather|Sandstorm|[upkeep]
|-damage|p1a: Beedrill|57\/271|[from] sandstorm
|-damage|p2a: Shrooms|117\/431|[from] sandstorm
|-heal|p2a: Shrooms|143\/431|[from] item: Black Sludge
|turn|35
|
|move|p1a: Beedrill|Poison Jab|p2a: Shrooms
|-damage|p2a: Shrooms|0 fnt
|faint|p2a: Shrooms
|
|-weather|Sandstorm|[upkeep]
|-damage|p1a: Beedrill|41\/271|[from] sandstorm
|join|Antoniotwo
|
|switch|p2a: PlaneKiller|Tyranitar, M|157\/341
|turn|36
|
|move|p1a: Beedrill|U-turn|p2a: PlaneKiller
|-supereffective|p2a: PlaneKiller
|-damage|p2a: PlaneKiller|0 fnt
|faint|p2a: PlaneKiller
|
|win|abcdefghitony
|raw|Ladder updating...
|raw|abcdefghitony's rating: 1517 &rarr; <strong>1537<\/strong><br \/>(+20 for winning)
|raw|Monster 87's rating: 1525 &rarr; <strong>1505<\/strong><br \/>(-20 for losing)
|c|âabcdefghitony|gg
|c|âMonster 87|gg
|leave|abcdefghitony
|player|p1