|join|miloticisou
|join|abcdefghitony
|player|p1|miloticisou|1
|player|p2|abcdefghitony|76
|gametype|singles
|gen|6
|tier|OU
|rated
|clearpoke
|poke|p1|Milotic, F, shiny
|poke|p1|Diancie
|poke|p1|Landorus-Therian, M
|poke|p1|Latios, M
|poke|p1|Ferrothorn, M
|poke|p1|Talonflame, M
|poke|p2|Landorus, M
|poke|p2|Latios, M
|poke|p2|Gyarados, M
|poke|p2|Ferrothorn, M
|poke|p2|Slowbro, M
|poke|p2|Heatran, M
|rule|Swagger Clause: Swagger is banned
|rule|Baton Pass Clause: Limit one PokÃ©mon knowing Baton Pass
|rule|Sleep Clause Mod: Limit one foe put to sleep
|rule|Species Clause: Limit one of each PokÃ©mon
|rule|OHKO Clause: OHKO moves are banned
|rule|Moody Clause: Moody is banned
|rule|Evasion Moves Clause: Evasion moves are banned
|rule|Endless Battle Clause: Forcing endless battles is banned
|rule|HP Percentage Mod: HP is shown in percentages
|teampreview
|c|âabcdefghitony|hello gl
|
|start
|switch|p1a: Diancie|Diancie|241\/241
|switch|p2a: Ferrothorn|Ferrothorn, M|352\/352
|turn|1
|
|detailschange|p1a: Diancie|Diancie-Mega
|-mega|p1a: Diancie|Diancie|Diancite
|move|p1a: Diancie|Protect|p1a: Diancie
|-singleturn|p1a: Diancie|Protect
|move|p2a: Ferrothorn|Gyro Ball|p1a: Diancie
|-activate|p1a: Diancie|Protect
|
|turn|2
|
|switch|p1a: Talonflame|Talonflame, M|297\/297
|move|p2a: Ferrothorn|Stealth Rock|p1a: Talonflame
|-sidestart|p1: miloticisou|move: Stealth Rock
|
|turn|3
|
|switch|p2a: Heatran|Heatran, M|329\/329
|move|p1a: Talonflame|U-turn|p2a: Heatran
|-resisted|p2a: Heatran
|-damage|p2a: Heatran|313\/329
|
|switch|p1a: Latios|Latios, M|309\/309
|-damage|p1a: Latios|271\/309|[from] Stealth Rock
|
|turn|4
|
|switch|p2a: Ferrothorn|Ferrothorn, M|352\/352
|move|p1a: Latios|Defog|p2a: Ferrothorn
|-unboost|p2a: Ferrothorn|evasion|1
|-sideend|p1: miloticisou|Stealth Rock|[from] move: Defog|[of] p1a: Latios
|
|turn|5
|
|move|p1a: Latios|Hidden Power|p2a: Ferrothorn
|-supereffective|p2a: Ferrothorn
|-damage|p2a: Ferrothorn|76\/352
|-damage|p1a: Latios|241\/309|[from] item: Life Orb
|move|p2a: Ferrothorn|Gyro Ball|p1a: Latios
|-damage|p1a: Latios|31\/309
|
|-heal|p2a: Ferrothorn|98\/352|[from] item: Leftovers
|turn|6
|
|switch|p2a: Heatran|Heatran, M|313\/329
|move|p1a: Latios|Draco Meteor|p2a: Heatran
|-resisted|p2a: Heatran
|-damage|p2a: Heatran|167\/329
|-unboost|p1a: Latios|spa|2
|-damage|p1a: Latios|1\/309|[from] item: Life Orb
|
|turn|7
|
|switch|p2a: Slowbro|Slowbro, M|385\/385
|switch|p1a: Landorus-Therian|Landorus-Therian, M|382\/382
|-ability|p1a: Landorus-Therian|Intimidate|[of] p2a: Slowbro
|-unboost|p2a: Slowbro|atk|1
|
|turn|8
|
|move|p1a: Landorus-Therian|Knock Off|p2a: Slowbro
|-supereffective|p2a: Slowbro
|-damage|p2a: Slowbro|245\/385
|-enditem|p2a: Slowbro|Leftovers|[from] move: Knock Off|[of] p1a: Landorus-Therian
|move|p2a: Slowbro|Toxic|p1a: Landorus-Therian
|-status|p1a: Landorus-Therian|tox
|
|-damage|p1a: Landorus-Therian|359\/382 tox|[from] psn
|turn|9
|
|move|p1a: Landorus-Therian|Stealth Rock|p2a: Slowbro
|-sidestart|p2: abcdefghitony|move: Stealth Rock
|move|p2a: Slowbro|Scald|p1a: Landorus-Therian
|-supereffective|p1a: Landorus-Therian
|-damage|p1a: Landorus-Therian|113\/382 tox
|
|-heal|p1a: Landorus-Therian|136\/382 tox|[from] item: Leftovers
|-damage|p1a: Landorus-Therian|90\/382 tox|[from] psn
|turn|10
|
|move|p1a: Landorus-Therian|U-turn|p2a: Slowbro
|-supereffective|p2a: Slowbro
|-damage|p2a: Slowbro|147\/385
|
|switch|p1a: Latios|Latios, M|1\/309
|move|p2a: Slowbro|Scald|p1a: Latios
|-resisted|p1a: Latios
|-damage|p1a: Latios|0 fnt
|faint|p1a: Latios
|
|
|switch|p1a: Diancie|Diancie-Mega|241\/241
|turn|11
|
|switch|p2a: Ferrothorn|Ferrothorn, M|98\/352
|-damage|p2a: Ferrothorn|76\/352|[from] Stealth Rock
|move|p1a: Diancie|Moonblast|p2a: Ferrothorn
|-resisted|p2a: Ferrothorn
|-damage|p2a: Ferrothorn|8\/352
|
|-heal|p2a: Ferrothorn|30\/352|[from] item: Leftovers
|turn|12
|
|move|p1a: Diancie|Moonblast|p2a: Ferrothorn
|-resisted|p2a: Ferrothorn
|-damage|p2a: Ferrothorn|0 fnt
|faint|p2a: Ferrothorn
|
|
|switch|p2a: Heatran|Heatran, M|167\/329
|-damage|p2a: Heatran|126\/329|[from] Stealth Rock
|turn|13
|
|move|p1a: Diancie|Protect|p1a: Diancie
|-singleturn|p1a: Diancie|Protect
|move|p2a: Heatran|Flash Cannon|p1a: Diancie
|-activate|p1a: Diancie|Protect
|
|turn|14
|
|switch|p2a: Gyarados|Gyarados, M|393\/393
|-damage|p2a: Gyarados|295\/393|[from] Stealth Rock
|-ability|p2a: Gyarados|Intimidate|[of] p1a: Diancie
|-unboost|p1a: Diancie|atk|1
|switch|p1a: Milotic|Milotic, F, shiny|393\/393
|
|turn|15
|
|detailschange|p2a: Gyarados|Gyarados-Mega, M
|-mega|p2a: Gyarados|Gyarados|Gyaradosite
|-ability|p2a: Gyarados|Mold Breaker
|move|p2a: Gyarados|Substitute|p2a: Gyarados
|-start|p2a: Gyarados|Substitute
|-damage|p2a: Gyarados|197\/393
|move|p1a: Milotic|Scald|p2a: Gyarados
|-resisted|p2a: Gyarados
|-activate|p2a: Gyarados|Substitute|[damage]
|
|turn|16
|
|move|p2a: Gyarados|Dragon Dance|p2a: Gyarados
|-boost|p2a: Gyarados|atk|1
|-boost|p2a: Gyarados|spe|1
|move|p1a: Milotic|Haze|p1a: Milotic
|-clearallboost
|
|turn|17
|
|switch|p1a: Ferrothorn|Ferrothorn, M|352\/352
|move|p2a: Gyarados|Crunch|p1a: Ferrothorn
|-damage|p1a: Ferrothorn|235\/352
|-damage|p2a: Gyarados|148\/393|[from] ability: Iron Barbs|[of] p1a: Ferrothorn
|
|turn|18
|
|move|p2a: Gyarados|Dragon Dance|p2a: Gyarados
|-boost|p2a: Gyarados|atk|1
|-boost|p2a: Gyarados|spe|1
|move|p1a: Ferrothorn|Gyro Ball|p2a: Gyarados
|-resisted|p2a: Gyarados
|-end|p2a: Gyarados|Substitute
|
|turn|19
|
|move|p2a: Gyarados|Substitute|p2a: Gyarados
|-start|p2a: Gyarados|Substitute
|-damage|p2a: Gyarados|50\/393
|move|p1a: Ferrothorn|Gyro Ball|p2a: Gyarados
|-resisted|p2a: Gyarados
|-activate|p2a: Gyarados|Substitute|[damage]
|
|turn|20
|
|move|p2a: Gyarados|Dragon Dance|p2a: Gyarados
|-boost|p2a: Gyarados|atk|1
|-boost|p2a: Gyarados|spe|1
|move|p1a: Ferrothorn|Gyro Ball|p2a: Gyarados
|-resisted|p2a: Gyarados
|-end|p2a: Gyarados|Substitute
|
|turn|21
|
|move|p1a: Ferrothorn|Protect|p1a: Ferrothorn
|-singleturn|p1a: Ferrothorn|Protect
|move|p2a: Gyarados|Crunch|p1a: Ferrothorn
|-activate|p1a: Ferrothorn|Protect
|
|turn|22
|
|move|p2a: Gyarados|Crunch|p1a: Ferrothorn
|-crit|p1a: Ferrothorn
|-damage|p1a: Ferrothorn|0 fnt
|-damage|p2a: Gyarados|1\/393|[from] ability: Iron Barbs|[of] p1a: Ferrothorn
|faint|p1a: Ferrothorn
|
|
|switch|p1a: Talonflame|Talonflame, M|297\/297
|turn|23
|
|move|p1a: Talonflame|Brave Bird|p2a: Gyarados
|-damage|p2a: Gyarados|0 fnt
|-damage|p1a: Talonflame|296\/297|[from] recoil|[of] p2a: Gyarados
|faint|p2a: Gyarados
|
|
|switch|p2a: Slowbro|Slowbro, M|275\/385
|-damage|p2a: Slowbro|227\/385|[from] Stealth Rock
|turn|24
|
|move|p1a: Talonflame|U-turn|p2a: Slowbro
|-crit|p2a: Slowbro
|-supereffective|p2a: Slowbro
|-damage|p2a: Slowbro|89\/385
|
|switch|p1a: Landorus-Therian|Landorus-Therian, M|90\/382 tox
|-ability|p1a: Landorus-Therian|Intimidate|[of] p2a: Slowbro
|-unboost|p2a: Slowbro|atk|1
|move|p2a: Slowbro|Toxic|p1a: Landorus-Therian
|-fail|p1a: Landorus-Therian|tox
|
|-heal|p1a: Landorus-Therian|113\/382 tox|[from] item: Leftovers
|-damage|p1a: Landorus-Therian|90\/382 tox|[from] psn
|turn|25
|
|switch|p2a: Landorus|Landorus, M|319\/319
|-damage|p2a: Landorus|280\/319|[from] Stealth Rock
|move|p1a: Landorus-Therian|U-turn|p2a: Landorus
|-resisted|p2a: Landorus
|-damage|p2a: Landorus|242\/319
|
|switch|p1a: Diancie|Diancie-Mega|241\/241
|
|turn|26
|
|move|p1a: Diancie|Moonblast|p2a: Landorus
|-damage|p2a: Landorus|1\/319
|move|p2a: Landorus|Earth Power|p1a: Diancie
|-supereffective|p1a: Diancie
|-damage|p1a: Diancie|0 fnt
|faint|p1a: Diancie
|
|
|switch|p1a: Talonflame|Talonflame, M|296\/297
|turn|27
|
|switch|p2a: Heatran|Heatran, M|126\/329
|-damage|p2a: Heatran|85\/329|[from] Stealth Rock
|move|p1a: Talonflame|U-turn|p2a: Heatran
|-resisted|p2a: Heatran
|-damage|p2a: Heatran|70\/329
|
|switch|p1a: Milotic|Milotic, F, shiny|393\/393
|
|turn|28
|
|move|p2a: Heatran|Fire Blast|p1a: Milotic
|-resisted|p1a: Milotic
|-damage|p1a: Milotic|307\/393
|move|p1a: Milotic|Scald|p2a: Heatran
|-supereffective|p2a: Heatran
|-damage|p2a: Heatran|0 fnt
|faint|p2a: Heatran
|
|-heal|p1a: Milotic|331\/393|[from] item: Leftovers
|
|switch|p2a: Latios|Latios, M|301\/301
|-damage|p2a: Latios|264\/301|[from] Stealth Rock
|turn|29
|
|move|p2a: Latios|Psyshock|p1a: Milotic
|-damage|p1a: Milotic|183\/393
|-damage|p2a: Latios|234\/301|[from] item: Life Orb
|move|p1a: Milotic|Scald|p2a: Latios
|-resisted|p2a: Latios
|-damage|p2a: Latios|189\/301
|
|-heal|p1a: Milotic|207\/393|[from] item: Leftovers
|turn|30
|
|switch|p1a: Landorus-Therian|Landorus-Therian, M|90\/382 tox
|-ability|p1a: Landorus-Therian|Intimidate|[of] p2a: Latios
|-unboost|p2a: Latios|atk|1
|move|p2a: Latios|Draco Meteor|p1a: Landorus-Therian
|-damage|p1a: Landorus-Therian|0 fnt
|-unboost|p2a: Latios|spa|2
|-damage|p2a: Latios|159\/301|[from] item: Life Orb
|faint|p1a: Landorus-Therian
|
|
|switch|p1a: Talonflame|Talonflame, M|296\/297
|turn|31
|
|switch|p2a: Slowbro|Slowbro, M|217\/385
|-damage|p2a: Slowbro|169\/385|[from] Stealth Rock
|move|p1a: Talonflame|Swords Dance|p1a: Talonflame
|-boost|p1a: Talonflame|atk|2
|
|turn|32
|c|âmiloticisou|gg
|
|move|p1a: Talonflame|Brave Bird|p2a: Slowbro
|-damage|p2a: Slowbro|0 fnt
|-damage|p1a: Talonflame|240\/297|[from] recoil|[of] p2a: Slowbro
|faint|p2a: Slowbro
|
|c|âabcdefghitony|gg
|-message|abcdefghitony forfeited.
|
|win|miloticisou
|raw|Ladder updating...
|raw|miloticisou's rating: 1501 &rarr; <strong>1528<\/strong><br \/>(+27 for winning)
|raw|abcdefghitony's rating: 1620 &rarr; <strong>1594<\/strong><br \/>(-26 for losing)