|join|blackwing zero
|join|abcdefghitony
|player|p1|blackwing zero|266
|player|p2|abcdefghitony|76
|gametype|singles
|gen|6
|tier|OU
|rated
|clearpoke
|poke|p1|Salamence, M
|poke|p1|Serperior, M
|poke|p1|Bisharp, F
|poke|p1|Skarmory, F
|poke|p1|Thundurus, M
|poke|p1|Gyarados, F
|poke|p2|Altaria, F
|poke|p2|Raikou
|poke|p2|Starmie
|poke|p2|Ferrothorn, M
|poke|p2|Landorus-Therian, M
|poke|p2|Gyarados, M
|rule|Swagger Clause: Swagger is banned
|rule|Baton Pass Clause: Limit one PokÃ©mon knowing Baton Pass
|rule|Sleep Clause Mod: Limit one foe put to sleep
|rule|Species Clause: Limit one of each PokÃ©mon
|rule|OHKO Clause: OHKO moves are banned
|rule|Moody Clause: Moody is banned
|rule|Evasion Moves Clause: Evasion moves are banned
|rule|Endless Battle Clause: Forcing endless battles is banned
|rule|HP Percentage Mod: HP is shown in percentages
|teampreview
|c|âabcdefghitony|hello
|c|âabcdefghitony|gl
|c|âblackwing zero|u2
|
|start
|switch|p1a: Skarmory|Skarmory, F|271\/271
|switch|p2a: Altaria|Altaria, F|311\/311
|turn|1
|
|detailschange|p2a: Altaria|Altaria-Mega, F
|-mega|p2a: Altaria|Altaria|Altarianite
|move|p1a: Skarmory|Stealth Rock|p2a: Altaria
|-sidestart|p2: abcdefghitony|move: Stealth Rock
|move|p2a: Altaria|Fire Blast|p1a: Skarmory
|-supereffective|p1a: Skarmory
|-activate|p1a: Skarmory|Sturdy
|-damage|p1a: Skarmory|1\/271
|-status|p1a: Skarmory|brn
|
|-damage|p1a: Skarmory|0 fnt|[from] brn
|faint|p1a: Skarmory
|
|switch|p1a: Thundurus|Thundurus, M|299\/299
|turn|2
|
|move|p1a: Thundurus|Hidden Power|p2a: Altaria
|-supereffective|p2a: Altaria
|-damage|p2a: Altaria|129\/311
|-damage|p1a: Thundurus|270\/299|[from] item: Life Orb
|move|p2a: Altaria|Hyper Voice|p1a: Thundurus
|-damage|p1a: Thundurus|0 fnt
|faint|p1a: Thundurus
|
|
|switch|p1a: Salamence|Salamence, M|331\/331
|turn|3
|
|move|p1a: Salamence|Earthquake|p2a: Altaria
|-damage|p2a: Altaria|6\/311
|move|p2a: Altaria|Hyper Voice|p1a: Salamence
|-supereffective|p1a: Salamence
|-damage|p1a: Salamence|0 fnt
|faint|p1a: Salamence
|
|
|switch|p1a: Serperior|Serperior, M|291\/291
|turn|4
|
|move|p1a: Serperior|Leaf Storm|p2a: Altaria
|-resisted|p2a: Altaria
|-damage|p2a: Altaria|0 fnt
|-boost|p1a: Serperior|spa|2
|-damage|p1a: Serperior|262\/291|[from] item: Life Orb
|faint|p2a: Altaria
|
|
|switch|p2a: Raikou|Raikou|329\/329
|-damage|p2a: Raikou|288\/329|[from] Stealth Rock
|-ability|p2a: Raikou|Pressure
|turn|5
|
|move|p1a: Serperior|Leaf Storm|p2a: Raikou|[miss]
|-miss|p1a: Serperior|p2a: Raikou
|move|p2a: Raikou|Hidden Power|p1a: Serperior
|-supereffective|p1a: Serperior
|-damage|p1a: Serperior|116\/291
|
|turn|6
|
|move|p1a: Serperior|Leaf Storm|p2a: Raikou
|-damage|p2a: Raikou|0 fnt
|-boost|p1a: Serperior|spa|2
|-damage|p1a: Serperior|87\/291|[from] item: Life Orb
|faint|p2a: Raikou
|
|
|switch|p2a: Starmie|Starmie|324\/324
|-damage|p2a: Starmie|284\/324|[from] Stealth Rock
|turn|7
|
|move|p2a: Starmie|Scald|p1a: Serperior
|-resisted|p1a: Serperior
|-damage|p1a: Serperior|29\/291
|-status|p1a: Serperior|brn
|move|p1a: Serperior|Leaf Storm|p2a: Starmie
|-supereffective|p2a: Starmie
|-damage|p2a: Starmie|0 fnt
|-boost|p1a: Serperior|spa|2
|-damage|p1a: Serperior|0 fnt|[from] item: Life Orb
|faint|p2a: Starmie
|faint|p1a: Serperior
|
|
|switch|p1a: Bisharp|Bisharp, F|271\/271
|switch|p2a: Landorus-Therian|Landorus-Therian, M|382\/382
|-damage|p2a: Landorus-Therian|335\/382|[from] Stealth Rock
|-ability|p2a: Landorus-Therian|Intimidate|[of] p1a: Bisharp
|-unboost|p1a: Bisharp|atk|1
|-boost|p1a: Bisharp|atk|2|[from] ability: Defiant
|turn|8
|
|move|p1a: Bisharp|Swords Dance|p1a: Bisharp
|-boost|p1a: Bisharp|atk|2
|move|p2a: Landorus-Therian|Earthquake|p1a: Bisharp
|-supereffective|p1a: Bisharp
|-damage|p1a: Bisharp|0 fnt
|faint|p1a: Bisharp
|
|-heal|p2a: Landorus-Therian|358\/382|[from] item: Leftovers
|
|switch|p1a: Gyarados|Gyarados, F|331\/331
|-ability|p1a: Gyarados|Intimidate|[of] p2a: Landorus-Therian
|-unboost|p2a: Landorus-Therian|atk|1
|turn|9
|
|move|p1a: Gyarados|Dragon Dance|p1a: Gyarados
|-boost|p1a: Gyarados|atk|1
|-boost|p1a: Gyarados|spe|1
|move|p2a: Landorus-Therian|U-turn|p1a: Gyarados
|-resisted|p1a: Gyarados
|-damage|p1a: Gyarados|301\/331
|
|switch|p2a: Gyarados|Gyarados, M|353\/353
|-damage|p2a: Gyarados|265\/353|[from] Stealth Rock
|-ability|p2a: Gyarados|Intimidate|[of] p1a: Gyarados
|-unboost|p1a: Gyarados|atk|1
|
|-heal|p2a: Gyarados|287\/353|[from] item: Leftovers
|turn|10
|
|switch|p2a: Landorus-Therian|Landorus-Therian, M|358\/382
|-damage|p2a: Landorus-Therian|311\/382|[from] Stealth Rock
|-ability|p2a: Landorus-Therian|Intimidate|[of] p1a: Gyarados
|-unboost|p1a: Gyarados|atk|1
|detailschange|p1a: Gyarados|Gyarados-Mega, F
|-mega|p1a: Gyarados|Gyarados|Gyaradosite
|-ability|p1a: Gyarados|Mold Breaker
|move|p1a: Gyarados|Dragon Dance|p1a: Gyarados
|-boost|p1a: Gyarados|atk|1
|-boost|p1a: Gyarados|spe|1
|
|-heal|p2a: Landorus-Therian|334\/382|[from] item: Leftovers
|turn|11
|
|move|p1a: Gyarados|Dragon Dance|p1a: Gyarados
|-boost|p1a: Gyarados|atk|1
|-boost|p1a: Gyarados|spe|1
|move|p2a: Landorus-Therian|U-turn|p1a: Gyarados
|-supereffective|p1a: Gyarados
|-damage|p1a: Gyarados|161\/331
|
|switch|p2a: Gyarados|Gyarados, M|287\/353
|-damage|p2a: Gyarados|199\/353|[from] Stealth Rock
|-ability|p2a: Gyarados|Intimidate|[of] p1a: Gyarados
|-unboost|p1a: Gyarados|atk|1
|
|-heal|p2a: Gyarados|221\/353|[from] item: Leftovers
|turn|12
|
|move|p1a: Gyarados|Crunch|p2a: Gyarados
|-damage|p2a: Gyarados|13\/353
|move|p2a: Gyarados|Bounce|p1a: Gyarados|[still]
|-prepare|p2a: Gyarados|Bounce|p1a: Gyarados
|
|-heal|p2a: Gyarados|35\/353|[from] item: Leftovers
|turn|13
|
|move|p1a: Gyarados|Dragon Dance|p1a: Gyarados
|-boost|p1a: Gyarados|atk|1
|-boost|p1a: Gyarados|spe|1
|move|p2a: Gyarados|Bounce|p1a: Gyarados
|-damage|p1a: Gyarados|28\/331
|-status|p1a: Gyarados|par
|
|-heal|p2a: Gyarados|57\/353|[from] item: Leftovers
|turn|14
|
|switch|p2a: Ferrothorn|Ferrothorn, M|352\/352
|-damage|p2a: Ferrothorn|330\/352|[from] Stealth Rock
|move|p1a: Gyarados|Crunch|p2a: Ferrothorn
|-damage|p2a: Ferrothorn|167\/352
|-damage|p1a: Gyarados|0 fnt|[from] ability: Iron Barbs|[of] p2a: Ferrothorn
|faint|p1a: Gyarados
|
|win|abcdefghitony
|raw|Ladder updating...
|raw|blackwing zero's rating: 1583 &rarr; <strong>1563<\/strong><br \/>(-20 for losing)
|raw|abcdefghitony's rating: 1576 &rarr; <strong>1597<\/strong><br \/>(+21 for winning)
|c|âabcdefghitony|gg