|join|Joyman~
|join|cifra00
|player|p1|Joyman~|214
|player|p2|cifra00|265
|gametype|singles
|gen|6
|tier|ORAS OU
|rated
|rule|Sleep Clause Mod: Limit one foe put to sleep
|rule|Species Clause: Limit one of each PokÃ©mon
|rule|OHKO Clause: OHKO moves are banned
|rule|Moody Clause: Moody is banned
|rule|Evasion Moves Clause: Evasion moves are banned
|rule|Endless Battle Clause: Forcing endless battles is banned
|rule|HP Percentage Mod: HP is shown in percentages
|clearpoke
|poke|p1|Metagross
|poke|p1|Garchomp, F
|poke|p1|Rotom-Wash
|poke|p1|Conkeldurr, F
|poke|p1|Greninja, F
|poke|p1|Gengar, F
|poke|p2|Dragonite, M
|poke|p2|Whimsicott, F
|poke|p2|Heatran, F
|poke|p2|Rotom-Wash
|poke|p2|Scizor, F
|poke|p2|Greninja, F
|rule|Swagger Clause: Swagger is banned
|rule|Baton Pass Clause: Limit one PokÃ©mon knowing Baton Pass
|teampreview
|join|Ridaz
|join|Rettie`-Â´
|join|Raniel
|join|akkeshi
|join|name is letters
|c| Rettie`-Â´|GO CIFRA
|c| akkeshi|woot woot
|join|StalkerShiki
|
|start
|switch|p1a: Garchomp|Garchomp, F|358\/358
|switch|p2a: Rotom-Wash|Rotom-Wash|241\/241
|turn|1
|c|âJoyman~|lol
|join|Kekodil
|join|valty
|c| akkeshi|fuck juicy
|join|Martin Luther Meme
|join|Amabel
|join|Red Asshole
|join|Harumonia `-Â´
|
|move|p2a: Rotom-Wash|Will-O-Wisp|p1a: Garchomp
|-status|p1a: Garchomp|brn
|-enditem|p1a: Garchomp|Lum Berry|[eat]
|-curestatus|p1a: Garchomp|brn
|move|p1a: Garchomp|Stealth Rock|p2a: Rotom-Wash
|-sidestart|p2: cifra00|move: Stealth Rock
|
|turn|2
|c| Kekodil|cifra GOAT? y\/n
|join|el gringo
|c| Amabel|CIFRA
|c| Red Asshole|y
|c| StalkerShiki|cifra <3
|c| el gringo|y
|c| Amabel|CIFRA GOAT
|c| valty|Cifra ur my new waifu
|c| Raniel|Muh rocks
|c| el gringo|cifra cifra
|c| el gringo|hes our man
|c| Amabel|YOU CAN DO IT CIFRA
|c|âcifra00|just to warn you, if you win they become yours
|c| el gringo|if he cant do it
|c| el gringo|no one can
|
|switch|p2a: Scizor|Scizor, F|344\/344
|-damage|p2a: Scizor|301\/344|[from] Stealth Rock
|switch|p1a: Gengar|Gengar, F|262\/262
|
|turn|3
|c|+Ridaz|Nah
|c|+Ridaz|We're here for you cifra
|c| valty|W-WE LOVE YOU CIFRA PLS NOTICE ME
|c| akkeshi|dinkled
|c| Kekodil|joyman you should google 'juicy semen'
|c| akkeshi|we like you
|c| Amabel|NAH CIFRA 6EVER
|c|âcifra00|i notice you valty
|c|âJoyman~|jajajaja
|c| akkeshi|you're like a better juicy
|join|soozmagooz
|
|detailschange|p2a: Scizor|Scizor-Mega, F
|message|Scizor has Mega Evolved into Mega Scizor!
|move|p2a: Scizor|Bullet Punch|p1a: Gengar
|-damage|p1a: Gengar|118\/262
|move|p1a: Gengar|Shadow Ball|p2a: Scizor
|-crit|p2a: Scizor
|-damage|p2a: Scizor|0 fnt
|faint|p2a: Scizor
|
|c| valty|;w; Th-thank you
|join|Ash's Totodile
|c| akkeshi|>
|c| akkeshi|crot
|c| Raniel|>hacking
|c|+Ridaz|hacking
|c| Raniel|report this nerd
|c|âcifra00|D:
|
|switch|p2a: Rotom-Wash|Rotom-Wash|241\/241
|-damage|p2a: Rotom-Wash|211\/241|[from] Stealth Rock
|turn|4
|c| Harumonia `-Â´|btfo
|c|âJoyman~|lol
|c| valty|Report Joyman
|c| Red Asshole|literally hacking...........
|
|switch|p1a: Garchomp|Garchomp, F|358\/358
|move|p2a: Rotom-Wash|Hydro Pump|p1a: Garchomp
|-damage|p1a: Garchomp|162\/358
|
|turn|5
|c| name is letters|someone file a report please
|c| soozmagooz|use eq
|
|switch|p1a: Greninja|Greninja, F|286\/286
|move|p2a: Rotom-Wash|Hydro Pump|p1a: Greninja
|-resisted|p1a: Greninja
|-damage|p1a: Greninja|172\/286
|
|turn|6
|c| name is letters|i don't have mod privileges
|c| Amabel|cifra00 should smoke a phat bowl with me y\/n
|c| Harumonia `-Â´|shit grass knot
|c| Harumonia `-Â´|watch out
|c| Red Asshole|y
|c| valty|m
|
|switch|p2a: Greninja|Greninja, F|285\/285
|-damage|p2a: Greninja|250\/285|[from] Stealth Rock
|move|p1a: Greninja|U-turn|p2a: Greninja
|-start|p1a: Greninja|typechange|Bug|[from] Protean
|-supereffective|p2a: Greninja
|-damage|p2a: Greninja|16\/285
|c| Harumonia `-Â´|>
|c|âcifra00|OH SHIT
|
|switch|p1a: Conkeldurr|Conkeldurr, F|381\/381
|
|turn|7
|c| Red Asshole|le turning froge
|c|âJoyman~|xd
|c| soozmagooz|BALK FROGUE
|c| akkeshi|muh punch
|c| soozmagooz|GET OUT
|c| Rettie`-Â´|make cifra one of us y\/n?
|c|âJoyman~|jajaja
|c| valty|Cifra-kun do you like FNaF? xDDDD
|
|switch|p2a: Whimsicott|Whimsicott, F|261\/261
|-damage|p2a: Whimsicott|229\/261|[from] Stealth Rock
|move|p1a: Conkeldurr|Mach Punch|p2a: Whimsicott
|-resisted|p2a: Whimsicott
|-damage|p2a: Whimsicott|188\/261
|
|-heal|p2a: Whimsicott|204\/261|[from] item: Leftovers
|turn|8
|c|âJoyman~|lol
|c| el gringo|cifra come on
|c|âJoyman~|silen
|c| Harumonia `-Â´|jajaja lol
|c| el gringo|u fucking suck
|c| Amabel|cifra00's greninja is of superior breeding than joymans y\/n
|c| Raniel|y
|
|switch|p1a: Metagross|Metagross|302\/302
|move|p2a: Whimsicott|Encore|p1a: Metagross
|-fail|p1a: Metagross
|
|-heal|p2a: Whimsicott|220\/261|[from] item: Leftovers
|turn|9
|c| valty|y
|c| el gringo|this is embarressing
|c| Red Asshole|y
|c| akkeshi|ok leaking room
|c| name is letters|>googling "juicy semen"
|c| akkeshi| \/join thehappyplace
|c| el gringo|what the fuck are you thinking
|c| akkeshi|join us
|c| name is letters|>not googling the match URL
|c|âcifra00|i agree, gringo
|c| Red Asshole|omg leaker............
|c| el gringo|ty
|c| valty|>not googling juicy semen
|c| Ash's Totodile|Hope you have defog\/spin Cifra
|c|âcifra00|it's on scizor
|c|âcifra00|T.T
|
|detailschange|p1a: Metagross|Metagross-Mega
|message|Metagross has Mega Evolved into Mega Metagross!
|move|p2a: Whimsicott|Substitute|p2a: Whimsicott
|-start|p2a: Whimsicott|Substitute
|-damage|p2a: Whimsicott|155\/261
|move|p1a: Metagross|Meteor Mash|p2a: Whimsicott
|-supereffective|p2a: Whimsicott
|-end|p2a: Whimsicott|Substitute
|
|-heal|p2a: Whimsicott|171\/261|[from] item: Leftovers
|turn|10
|c| Raniel|T.T
|c| StalkerShiki|^.^
|c| Rettie`-Â´|SO $TONED AW SHIT NIGGA HELLA MOTHER FUCKING 666 ODD FUTURE MAN BRO CHECK OUT THIS MY SWAG WITH THE WHAT WHOLE 666 420 $$$$ HOLLA HOLLA GET DOLLA SWED CASH FUCKING MARIJUANA CIGARETTES GANGSTA GANGSTA EASY-E CREAM SO BAKED OFF THAT BOBMARLEY GANJA 420 SHIT PURE OG KUSH LEGALIZE CRYSTAL WEED.
|c| Rettie`-Â´|oops wrong paste
|
|switch|p2a: Greninja|Greninja, F|16\/285
|-damage|p2a: Greninja|0 fnt|[from] Stealth Rock
|faint|p2a: Greninja
|move|p1a: Metagross|Hone Claws|p1a: Metagross
|-boost|p1a: Metagross|atk|1
|-boost|p1a: Metagross|accuracy|1
|
|c| Rettie`-Â´|`-Â´
|
|switch|p2a: Whimsicott|Whimsicott, F|171\/261
|-damage|p2a: Whimsicott|139\/261|[from] Stealth Rock
|turn|11
|
|switch|p1a: Greninja|Greninja, F|172\/286
|move|p2a: Whimsicott|Leech Seed|p1a: Greninja
|-start|p1a: Greninja|move: Leech Seed
|
|-heal|p2a: Whimsicott|155\/261|[from] item: Leftovers
|-damage|p1a: Greninja|137\/286|[from] Leech Seed|[of] p2a: Whimsicott
|-heal|p2a: Whimsicott|190\/261|[silent]
|turn|12
|c| valty|Cifra-kun I want to jump scare you against the office wall if you know what I mean.
|
|move|p1a: Greninja|U-turn|p2a: Whimsicott
|-start|p1a: Greninja|typechange|Bug|[from] Protean
|-damage|p2a: Whimsicott|130\/261
|
|switch|p1a: Metagross|Metagross-Mega|302\/302
|move|p2a: Whimsicott|U-turn|p1a: Metagross
|-damage|p1a: Metagross|273\/302
|
|switch|p2a: Rotom-Wash|Rotom-Wash|211\/241
|-damage|p2a: Rotom-Wash|181\/241|[from] Stealth Rock
|
|turn|13
|c| soozmagooz|cifra pls
|c| Amabel|WHAT ARE YOU DOING IN MY SWAMP CIFRA00
|
|switch|p1a: Garchomp|Garchomp, F|162\/358
|move|p2a: Rotom-Wash|Will-O-Wisp|p1a: Garchomp
|-status|p1a: Garchomp|brn
|
|-damage|p1a: Garchomp|118\/358 brn|[from] brn
|turn|14
|c| Rettie`-Â´|tfw we are all thirsty as fuck and don't even know cifra's gender
|c| Rettie`-Â´|tfw no gf
|c| Amabel|tfw i have a gf
|c| el gringo|tfw no bf
|c| Red Asshole|tfw no qt cifra gf\/bf
|c| el gringo|even tho ur qt girl
|c| StalkerShiki|juicy is so horrible, i can't bear seeing his shit name 
|c|âcifra00|tfw i have no gender :(
|c| Ash's Totodile|Is anyone even following juicy anymore? lmao
|c| Rettie`-Â´|iktfb
|
|switch|p2a: Whimsicott|Whimsicott, F|130\/261
|-damage|p2a: Whimsicott|98\/261|[from] Stealth Rock
|move|p1a: Garchomp|Swords Dance|p1a: Garchomp
|-boost|p1a: Garchomp|atk|2
|
|-heal|p2a: Whimsicott|114\/261|[from] item: Leftovers
|-damage|p1a: Garchomp|74\/358 brn|[from] brn
|turn|15
|c| Red Asshole|n
|c| Amabel|tfw you will never be the little girl
|c|âJoyman~|rotom scarf
|c|âJoyman~|xd
|c| soozmagooz|>being non-gendered
|c| name is letters|>tfw no libido because of pills
|c| Red Asshole|xd
|c| name is letters|its a good f
|c| Rettie`-Â´|xd
|c| valty|>tfw no trigendered cifra waifu
|
|move|p2a: Whimsicott|Encore|p1a: Garchomp
|-start|p1a: Garchomp|Encore
|move|p1a: Garchomp|Swords Dance|p1a: Garchomp
|-boost|p1a: Garchomp|atk|2
|
|-heal|p2a: Whimsicott|130\/261|[from] item: Leftovers
|-damage|p1a: Garchomp|30\/358 brn|[from] brn
|turn|16
|c| Amabel|tfw you will never be the little girl with cifra00 and have little girl tea parties together
|
|move|p2a: Whimsicott|Substitute|p2a: Whimsicott
|-start|p2a: Whimsicott|Substitute
|-damage|p2a: Whimsicott|65\/261
|move|p1a: Garchomp|Swords Dance|p1a: Garchomp
|-boost|p1a: Garchomp|atk|2
|
|-heal|p2a: Whimsicott|81\/261|[from] item: Leftovers
|-damage|p1a: Garchomp|0 fnt|[from] brn
|faint|p1a: Garchomp
|c| StalkerShiki|;_;
|c| akkeshi|nice dance party
|c| valty|CIFRA BABE I HAVE TO LEAVE YOU PLS NEVER FORGET ME ;w;
|
|switch|p1a: Metagross|Metagross-Mega|273\/302
|turn|17
|c|âcifra00|NEVER
|c| valty|<3
|c|âcifra00|<33
|
|move|p2a: Whimsicott|Leech Seed|p1a: Metagross|[miss]
|-miss|p2a: Whimsicott|p1a: Metagross
|move|p1a: Metagross|Ice Punch|p2a: Whimsicott
|-supereffective|p2a: Whimsicott
|-end|p2a: Whimsicott|Substitute
|
|-heal|p2a: Whimsicott|97\/261|[from] item: Leftovers
|turn|18
|leave|valty
|c| Red Asshole|;_;
|join|Harumonia â¥
|c| Raniel|hacker
|c| akkeshi|>hacking
|c|âcifra00|well fuck
|c| StalkerShiki|NEVER EVER YOU FLYGONFAGS 
|
|move|p2a: Whimsicott|Leech Seed|p1a: Metagross
|-start|p1a: Metagross|move: Leech Seed
|move|p1a: Metagross|Ice Punch|p2a: Whimsicott
|-supereffective|p2a: Whimsicott
|-damage|p2a: Whimsicott|0 fnt
|faint|p2a: Whimsicott
|
|c| Red Asshole|smh @ hackers -_-
|
|switch|p2a: Rotom-Wash|Rotom-Wash|181\/241
|-damage|p2a: Rotom-Wash|151\/241|[from] Stealth Rock
|turn|19
|c| name is letters|this Meta is Gross
|c| Amabel|wow get seeded
|
|switch|p1a: Greninja|Greninja, F|137\/286
|move|p2a: Rotom-Wash|Volt Switch|p1a: Greninja
|-supereffective|p1a: Greninja
|-damage|p1a: Greninja|0 fnt
|faint|p1a: Greninja
|c| Amabel|\/me seeds all over meta gross
|
|switch|p2a: Heatran|Heatran, F|386\/386
|-damage|p2a: Heatran|338\/386|[from] Stealth Rock
|
|-heal|p2a: Heatran|362\/386|[from] item: Leftovers
|c| Red Asshole|momentum'd
|c| Amabel|\/me washes rotom
|
|switch|p1a: Conkeldurr|Conkeldurr, F|381\/381
|turn|20
|c| Amabel|\/me washes inferior greninja
|
|move|p2a: Heatran|Stealth Rock|p1a: Conkeldurr
|-sidestart|p1: Joyman~|move: Stealth Rock
|move|p1a: Conkeldurr|Drain Punch|p2a: Heatran
|-crit|p2a: Heatran
|-supereffective|p2a: Heatran
|-damage|p2a: Heatran|0 fnt
|faint|p2a: Heatran
|
|leave|Harumonia â¥
|c|âcifra00|this is over :(
|
|switch|p2a: Rotom-Wash|Rotom-Wash|151\/241
|-damage|p2a: Rotom-Wash|121\/241|[from] Stealth Rock
|turn|21
|c| StalkerShiki|GO CIFRA ~â (ã¥ï½¡ââ¿â¿âï½¡)ã¥ â~
|
|switch|p1a: Gengar|Gengar, F|118\/262
|-damage|p1a: Gengar|86\/262|[from] Stealth Rock
|move|p2a: Rotom-Wash|Hydro Pump|p1a: Gengar
|-damage|p1a: Gengar|0 fnt
|faint|p1a: Gengar
|
|
|switch|p1a: Conkeldurr|Conkeldurr, F|381\/381
|-damage|p1a: Conkeldurr|358\/381|[from] Stealth Rock
|turn|22
|
|move|p2a: Rotom-Wash|Hydro Pump|p1a: Conkeldurr|[miss]
|-miss|p2a: Rotom-Wash|p1a: Conkeldurr
|move|p1a: Conkeldurr|Ice Punch|p2a: Rotom-Wash
|-resisted|p2a: Rotom-Wash
|-damage|p2a: Rotom-Wash|58\/241
|
|turn|23
|c|+Ridaz|>
|c| StalkerShiki|stop hacking anytime 
|c|âcifra00|i needed that :(
|
|move|p2a: Rotom-Wash|Hydro Pump|p1a: Conkeldurr
|-damage|p1a: Conkeldurr|232\/381
|move|p1a: Conkeldurr|Ice Punch|p2a: Rotom-Wash
|-resisted|p2a: Rotom-Wash
|-damage|p2a: Rotom-Wash|3\/241
|
|turn|24
|
|move|p1a: Conkeldurr|Mach Punch|p2a: Rotom-Wash
|-damage|p2a: Rotom-Wash|0 fnt
|faint|p2a: Rotom-Wash
|
|c| soozmagooz|macharino
|
|switch|p2a: Dragonite|Dragonite, M|324\/324
|-damage|p2a: Dragonite|243\/324|[from] Stealth Rock
|turn|25
|c| Red Asshole|rip
|c| Red Asshole|;_;
|c| Amabel|tfw cifra is losing
|c| Martin Luther Meme|muhscale
|c|âJoyman~|lol
|c|âcifra00|rocks :(
|c|âcifra00|gg man
|c| StalkerShiki|tfw juicy's fault
|c|âcifra00|or lady
|c|âJoyman~|xd
|c| Amabel|rip 
|
|move|p2a: Dragonite|Outrage|p1a: Conkeldurr
|-damage|p1a: Conkeldurr|0 fnt
|faint|p1a: Conkeldurr
|
|c| name is letters|cifra a shit lets follow joyman
|c|âJoyman~|lol
|c| StalkerShiki|button
|
|switch|p1a: Metagross|Metagross-Mega|273\/302
|-damage|p1a: Metagross|255\/302|[from] Stealth Rock
|turn|26
|c|âcifra00|cifra is a shit i agree
|
|move|p1a: Metagross|Ice Punch|p2a: Dragonite
|-supereffective|p2a: Dragonite
|-damage|p2a: Dragonite|0 fnt
|faint|p2a: Dragonite
|
|win|Joyman~
|raw|Ladder updating...
|raw|Joyman~'s rating: 1348 &rarr; <strong>1372<\/strong><br \/>(+24 for winning)
|raw|cifra00's rating: 1428 &rarr; <strong>1403<\/strong><br \/>(-25 for losing)
|c| Red Asshole|rip
|c| StalkerShiki|NO
|c|âJoyman~|gg
|c|âcifra00|gg
|c| Amabel|tfw juicy is winning right now
|leave|Joyman~
|player|p1
|c| Red Asshole|;_;
|leave|akkeshi
|leave|Red Asshole
|leave|cifra00
|player|p2
|leave|name is letters
|leave|Kekodil
|c| Amabel|cifra a shit
|leave|Amabel
|leave|Rettie`-Â´