|join|xImmortalDaveX
|join|cifra00
|player|p1|xImmortalDaveX|170
|player|p2|cifra00|101
|gametype|singles
|gen|6
|tier|OU
|rated
|clearpoke
|poke|p1|Aegislash, F, shiny
|poke|p1|Talonflame, F
|poke|p1|Venusaur, M
|poke|p1|Landorus-Therian, M
|poke|p1|Keldeo, shiny
|poke|p1|Latias, F
|poke|p2|Skarmory, F
|poke|p2|Aegislash, F
|poke|p2|Heatran, F
|poke|p2|Chansey, F
|poke|p2|Gothitelle, F
|poke|p2|Whimsicott, F
|rule|Swagger Clause: Swagger is banned
|rule|Baton Pass Clause: Limit one PokÃ©mon knowing Baton Pass
|rule|Sleep Clause Mod: Limit one foe put to sleep
|rule|Species Clause: Limit one of each PokÃ©mon
|rule|OHKO Clause: OHKO moves are banned
|rule|Moody Clause: Moody is banned
|rule|Evasion Moves Clause: Evasion moves are banned
|rule|Endless Battle Clause: Forcing endless battles is banned
|rule|HP Percentage Mod: HP is reported as percentages
|teampreview
|join|jaymelek
|
|start
|switch|p1a: Landorus-Therian|Landorus-Therian, M|382\/382
|switch|p2a: Heatran|Heatran, F|386\/386
|-ability|p1a: Landorus-Therian|Intimidate|[of] p2a: Heatran
|-unboost|p2a: Heatran|atk|1
|turn|1
|
|switch|p2a: Skarmory|Skarmory, F|334\/334
|move|p1a: Landorus-Therian|Stealth Rock|p2a: Skarmory
|-sidestart|p2: cifra00|move: Stealth Rock
|
|turn|2
|
|move|p1a: Landorus-Therian|U-turn|p2a: Skarmory
|-resisted|p2a: Skarmory
|-damage|p2a: Skarmory|323\/334
|
|switch|p1a: Latias|Latias, F|301\/301
|move|p2a: Skarmory|Defog|p1a: Latias
|-unboost|p1a: Latias|evasion|1
|-sideend|p2: cifra00|Stealth Rock|[from] move: Defog|[of] p2a: Skarmory
|
|-heal|p2a: Skarmory|334\/334|[from] item: Leftovers
|turn|3
|
|switch|p1a: Landorus-Therian|Landorus-Therian, M|382\/382
|-ability|p1a: Landorus-Therian|Intimidate|[of] p2a: Skarmory
|-unboost|p2a: Skarmory|atk|1
|switch|p2a: Chansey|Chansey, F|642\/642
|
|turn|4
|
|switch|p2a: Skarmory|Skarmory, F|334\/334
|move|p1a: Landorus-Therian|Stealth Rock|p2a: Skarmory
|-sidestart|p2: cifra00|move: Stealth Rock
|
|turn|5
|
|move|p1a: Landorus-Therian|U-turn|p2a: Skarmory
|-resisted|p2a: Skarmory
|-damage|p2a: Skarmory|323\/334
|
|switch|p1a: Talonflame|Talonflame, F|297\/297
|move|p2a: Skarmory|Defog|p1a: Talonflame
|-unboost|p1a: Talonflame|evasion|1
|-sideend|p2: cifra00|Stealth Rock|[from] move: Defog|[of] p2a: Skarmory
|
|-heal|p2a: Skarmory|334\/334|[from] item: Leftovers
|turn|6
|
|switch|p2a: Heatran|Heatran, F|386\/386
|move|p1a: Talonflame|U-turn|p2a: Heatran
|-resisted|p2a: Heatran
|-damage|p2a: Heatran|361\/386
|
|switch|p1a: Keldeo|Keldeo, shiny|323\/323
|
|-heal|p2a: Heatran|385\/386|[from] item: Leftovers
|turn|7
|
|move|p2a: Heatran|Protect|p2a: Heatran
|-singleturn|p2a: Heatran|Protect
|move|p1a: Keldeo|Hydro Pump|p2a: Heatran
|-activate|p2a: Heatran|Protect
|
|-heal|p2a: Heatran|386\/386|[from] item: Leftovers
|turn|8
|
|switch|p2a: Chansey|Chansey, F|642\/642
|move|p1a: Keldeo|Icy Wind|p2a: Chansey
|-damage|p2a: Chansey|602\/642
|-unboost|p2a: Chansey|spe|1
|-damage|p1a: Keldeo|291\/323|[from] item: Life Orb
|
|turn|9
|
|switch|p1a: Aegislash|Aegislash, F, shiny|261\/261
|switch|p2a: Whimsicott|Whimsicott, F|262\/262
|
|turn|10
|
|switch|p1a: Venusaur|Venusaur, M|364\/364
|move|p2a: Whimsicott|Leech Seed|p1a: Venusaur
|-immune|p1a: Venusaur|[msg]
|
|turn|11
|
|switch|p2a: Heatran|Heatran, F|386\/386
|switch|p1a: Talonflame|Talonflame, F|297\/297
|
|turn|12
|
|move|p1a: Talonflame|U-turn|p2a: Heatran
|-resisted|p2a: Heatran
|-damage|p2a: Heatran|364\/386
|
|switch|p1a: Latias|Latias, F|301\/301
|move|p2a: Heatran|Stealth Rock|p1a: Latias
|-sidestart|p1: xImmortalDaveX|move: Stealth Rock
|
|-heal|p2a: Heatran|386\/386|[from] item: Leftovers
|turn|13
|chat|jaymelek|:) 
|
|switch|p2a: Gothitelle|Gothitelle, F|281\/281
|move|p1a: Latias|Defog|p2a: Gothitelle
|-unboost|p2a: Gothitelle|evasion|1
|-sideend|p1: xImmortalDaveX|Stealth Rock|[from] move: Defog|[of] p1a: Latias
|
|turn|14
|
|move|p1a: Latias|Draco Meteor|p2a: Gothitelle
|-damage|p2a: Gothitelle|38\/281
|-unboost|p1a: Latias|spa|2
|-damage|p1a: Latias|271\/301|[from] item: Life Orb
|move|p2a: Gothitelle|Trick|p1a: Latias
|-activate|p2a: Gothitelle|move: Trick|[of] p1a: Latias
|-item|p1a: Latias|Choice Specs|[from] move: Trick
|-item|p2a: Gothitelle|Life Orb|[from] move: Trick
|
|turn|15
|
|switch|p2a: Chansey|Chansey, F|602\/642
|move|p1a: Latias|Surf|p2a: Chansey
|-damage|p2a: Chansey|567\/642
|
|turn|16
|
|switch|p1a: Aegislash|Aegislash, F, shiny|261\/261
|move|p2a: Chansey|Toxic|p1a: Aegislash
|-fail|p1a: Aegislash
|
|turn|17
|
|switch|p2a: Whimsicott|Whimsicott, F|262\/262
|-formechange|p1a: Aegislash|Aegislash-Blade
|move|p1a: Aegislash|Sacred Sword|p2a: Whimsicott
|-resisted|p2a: Whimsicott
|-damage|p2a: Whimsicott|213\/262
|-damage|p1a: Aegislash|235\/261|[from] item: Life Orb
|
|-heal|p2a: Whimsicott|229\/262|[from] item: Leftovers
|turn|18
|
|switch|p1a: Venusaur|Venusaur, M|364\/364
|move|p2a: Whimsicott|Encore|p1a: Venusaur
|-fail|p1a: Venusaur
|
|-heal|p2a: Whimsicott|245\/262|[from] item: Leftovers
|turn|19
|
|switch|p1a: Talonflame|Talonflame, F|297\/297
|move|p2a: Whimsicott|Substitute|p2a: Whimsicott
|-start|p2a: Whimsicott|Substitute
|-damage|p2a: Whimsicott|180\/262
|
|-heal|p2a: Whimsicott|196\/262|[from] item: Leftovers
|turn|20
|
|switch|p1a: Venusaur|Venusaur, M|364\/364
|move|p2a: Whimsicott|Knock Off|p1a: Venusaur
|-damage|p1a: Venusaur|332\/364
|
|-heal|p2a: Whimsicott|212\/262|[from] item: Leftovers
|turn|21
|
|switch|p2a: Heatran|Heatran, F|386\/386
|move|p1a: Venusaur|Earthquake|p2a: Heatran
|-supereffective|p2a: Heatran
|-damage|p2a: Heatran|150\/386
|
|-heal|p2a: Heatran|174\/386|[from] item: Leftovers
|turn|22
|
|switch|p1a: Talonflame|Talonflame, F|297\/297
|move|p2a: Heatran|Protect|p2a: Heatran
|-fail|p2a: Heatran
|
|-heal|p2a: Heatran|198\/386|[from] item: Leftovers
|turn|23
|
|move|p1a: Talonflame|U-turn|p2a: Heatran
|-resisted|p2a: Heatran
|-damage|p2a: Heatran|173\/386
|
|switch|p1a: Latias|Latias, F|271\/301
|move|p2a: Heatran|Stealth Rock|p1a: Latias
|-sidestart|p1: xImmortalDaveX|move: Stealth Rock
|
|-heal|p2a: Heatran|197\/386|[from] item: Leftovers
|turn|24
|join|Laogrith
|
|move|p2a: Heatran|Protect|p2a: Heatran
|-singleturn|p2a: Heatran|Protect
|move|p1a: Latias|Surf|p2a: Heatran
|-activate|p2a: Heatran|Protect
|
|-heal|p2a: Heatran|221\/386|[from] item: Leftovers
|turn|25
|
|switch|p2a: Chansey|Chansey, F|567\/642
|move|p1a: Latias|Surf|p2a: Chansey
|-damage|p2a: Chansey|487\/642
|
|turn|26
|
|switch|p1a: Aegislash|Aegislash, F, shiny|235\/261
|-damage|p1a: Aegislash|219\/261|[from] Stealth Rock
|move|p2a: Chansey|Wish|p2a: Chansey
|
|turn|27
|
|switch|p2a: Whimsicott|Whimsicott, F|212\/262
|-formechange|p1a: Aegislash|Aegislash-Blade
|move|p1a: Aegislash|Flash Cannon|p2a: Whimsicott
|-supereffective|p2a: Whimsicott
|-damage|p2a: Whimsicott|0 fnt
|-damage|p1a: Aegislash|193\/261|[from] item: Life Orb
|faint|p2a: Whimsicott
|
|
|switch|p2a: Heatran|Heatran, F|221\/386
|turn|28
|
|switch|p1a: Latias|Latias, F|271\/301
|-damage|p1a: Latias|234\/301|[from] Stealth Rock
|move|p2a: Heatran|Lava Plume|p1a: Latias
|-resisted|p1a: Latias
|-damage|p1a: Latias|187\/301
|-status|p1a: Latias|brn
|
|-heal|p2a: Heatran|245\/386|[from] item: Leftovers
|-damage|p1a: Latias|150\/301 brn|[from] brn
|turn|29
|
|move|p2a: Heatran|Protect|p2a: Heatran
|-singleturn|p2a: Heatran|Protect
|move|p1a: Latias|Defog|p2a: Heatran
|-activate|p2a: Heatran|Protect
|
|-heal|p2a: Heatran|269\/386|[from] item: Leftovers
|-damage|p1a: Latias|113\/301 brn|[from] brn
|turn|30
|
|switch|p1a: Keldeo|Keldeo, shiny|291\/323
|-damage|p1a: Keldeo|271\/323|[from] Stealth Rock
|move|p2a: Heatran|Stealth Rock|p1a: Keldeo
|-fail|p1a: Keldeo
|
|-heal|p2a: Heatran|293\/386|[from] item: Leftovers
|turn|31
|
|switch|p2a: Aegislash|Aegislash, F|312\/312
|move|p1a: Keldeo|Secret Sword|p2a: Aegislash
|-immune|p2a: Aegislash|[msg]
|
|turn|32
|
|switch|p1a: Landorus-Therian|Landorus-Therian, M|382\/382
|-damage|p1a: Landorus-Therian|335\/382|[from] Stealth Rock
|-ability|p1a: Landorus-Therian|Intimidate|[of] p2a: Aegislash
|-unboost|p2a: Aegislash|atk|1
|-formechange|p2a: Aegislash|Aegislash-Blade
|move|p2a: Aegislash|Iron Head|p1a: Landorus-Therian
|-damage|p1a: Landorus-Therian|245\/382
|
|-heal|p1a: Landorus-Therian|268\/382|[from] item: Leftovers
|turn|33
|
|switch|p2a: Skarmory|Skarmory, F|334\/334
|move|p1a: Landorus-Therian|U-turn|p2a: Skarmory
|-resisted|p2a: Skarmory
|-damage|p2a: Skarmory|323\/334
|
|switch|p1a: Keldeo|Keldeo, shiny|271\/323
|-damage|p1a: Keldeo|251\/323|[from] Stealth Rock
|
|-heal|p2a: Skarmory|334\/334|[from] item: Leftovers
|turn|34
|
|move|p1a: Keldeo|Scald|p2a: Skarmory
|-damage|p2a: Skarmory|73\/334
|-damage|p1a: Keldeo|219\/323|[from] item: Life Orb
|move|p2a: Skarmory|Roost|p2a: Skarmory
|-heal|p2a: Skarmory|240\/334
|
|-heal|p2a: Skarmory|260\/334|[from] item: Leftovers
|turn|35
|
|switch|p2a: Aegislash|Aegislash, F|312\/312
|move|p1a: Keldeo|Scald|p2a: Aegislash
|-damage|p2a: Aegislash|170\/312
|-damage|p1a: Keldeo|187\/323|[from] item: Life Orb
|
|-heal|p2a: Aegislash|189\/312|[from] item: Leftovers
|turn|36
|
|move|p1a: Keldeo|Hydro Pump|p2a: Aegislash
|-damage|p2a: Aegislash|20\/312
|-damage|p1a: Keldeo|155\/323|[from] item: Life Orb
|-formechange|p2a: Aegislash|Aegislash-Blade
|move|p2a: Aegislash|Iron Head|p1a: Keldeo
|-resisted|p1a: Keldeo
|-damage|p1a: Keldeo|56\/323
|
|-heal|p2a: Aegislash|39\/312|[from] item: Leftovers
|turn|37
|
|switch|p1a: Landorus-Therian|Landorus-Therian, M|268\/382
|-damage|p1a: Landorus-Therian|221\/382|[from] Stealth Rock
|-ability|p1a: Landorus-Therian|Intimidate|[of] p2a: Aegislash
|-unboost|p2a: Aegislash|atk|1
|move|p2a: Aegislash|Shadow Sneak|p1a: Landorus-Therian
|-damage|p1a: Landorus-Therian|172\/382
|
|-heal|p1a: Landorus-Therian|195\/382|[from] item: Leftovers
|-heal|p2a: Aegislash|58\/312|[from] item: Leftovers
|turn|38
|
|-formechange|p2a: Aegislash|Aegislash
|move|p2a: Aegislash|King's Shield|p2a: Aegislash
|-singleturn|p2a: Aegislash|Protect
|move|p1a: Landorus-Therian|Stone Edge|p2a: Aegislash
|-activate|p2a: Aegislash|Protect
|
|-heal|p1a: Landorus-Therian|218\/382|[from] item: Leftovers
|-heal|p2a: Aegislash|77\/312|[from] item: Leftovers
|turn|39
|
|switch|p2a: Skarmory|Skarmory, F|260\/334
|move|p1a: Landorus-Therian|Earthquake|p2a: Skarmory
|-immune|p2a: Skarmory|[msg]
|
|-heal|p1a: Landorus-Therian|241\/382|[from] item: Leftovers
|-heal|p2a: Skarmory|280\/334|[from] item: Leftovers
|turn|40
|
|move|p1a: Landorus-Therian|Stealth Rock|p2a: Skarmory
|-sidestart|p2: cifra00|move: Stealth Rock
|move|p2a: Skarmory|Spikes|p1a: Landorus-Therian
|-sidestart|p1: xImmortalDaveX|Spikes
|
|-heal|p1a: Landorus-Therian|264\/382|[from] item: Leftovers
|-heal|p2a: Skarmory|300\/334|[from] item: Leftovers
|turn|41
|
|switch|p1a: Latias|Latias, F|113\/301 brn
|-damage|p1a: Latias|76\/301 brn|[from] Stealth Rock
|move|p2a: Skarmory|Whirlwind|p1a: Latias
|drag|p1a: Venusaur|Venusaur, M|332\/364
|-damage|p1a: Venusaur|287\/364|[from] Spikes
|-damage|p1a: Venusaur|242\/364|[from] Stealth Rock
|
|-heal|p2a: Skarmory|320\/334|[from] item: Leftovers
|turn|42
|
|move|p1a: Venusaur|Synthesis|p1a: Venusaur
|-heal|p1a: Venusaur|364\/364
|move|p2a: Skarmory|Spikes|p1a: Venusaur
|-sidestart|p1: xImmortalDaveX|Spikes
|
|-heal|p2a: Skarmory|334\/334|[from] item: Leftovers
|turn|43
|
|switch|p1a: Aegislash|Aegislash, F, shiny|193\/261
|-damage|p1a: Aegislash|150\/261|[from] Spikes
|-damage|p1a: Aegislash|134\/261|[from] Stealth Rock
|move|p2a: Skarmory|Whirlwind|p1a: Aegislash
|drag|p1a: Latias|Latias, F|76\/301 brn
|-damage|p1a: Latias|39\/301 brn|[from] Stealth Rock
|
|-damage|p1a: Latias|2\/301 brn|[from] brn
|turn|44
|
|move|p1a: Latias|Healing Wish|p1a: Latias
|faint|p1a: Latias
|move|p2a: Skarmory|Spikes|p1: Latias
|-sidestart|p1: xImmortalDaveX|Spikes
|
|
|switch|p1a: Aegislash|Aegislash, F, shiny|134\/261
|-heal|p1a: Aegislash|261\/261|[from] move: Healing Wish
|-damage|p1a: Aegislash|196\/261|[from] Spikes
|-damage|p1a: Aegislash|180\/261|[from] Stealth Rock
|turn|45
|
|-formechange|p1a: Aegislash|Aegislash-Blade
|move|p1a: Aegislash|Shadow Ball|p2a: Skarmory
|-damage|p2a: Skarmory|56\/334
|-damage|p1a: Aegislash|154\/261|[from] item: Life Orb
|move|p2a: Skarmory|Whirlwind|p1a: Aegislash
|drag|p1a: Landorus-Therian|Landorus-Therian, M|264\/382
|-damage|p1a: Landorus-Therian|217\/382|[from] Stealth Rock
|-ability|p1a: Landorus-Therian|Intimidate|[of] p2a: Skarmory
|-unboost|p2a: Skarmory|atk|1
|
|-heal|p1a: Landorus-Therian|240\/382|[from] item: Leftovers
|-heal|p2a: Skarmory|76\/334|[from] item: Leftovers
|turn|46
|
|move|p1a: Landorus-Therian|Stone Edge|p2a: Skarmory|[miss]
|-miss|p1a: Landorus-Therian|p2a: Skarmory
|move|p2a: Skarmory|Roost|p2a: Skarmory
|-heal|p2a: Skarmory|243\/334
|
|-heal|p1a: Landorus-Therian|263\/382|[from] item: Leftovers
|-heal|p2a: Skarmory|263\/334|[from] item: Leftovers
|turn|47
|
|move|p1a: Landorus-Therian|U-turn|p2a: Skarmory
|-resisted|p2a: Skarmory
|-damage|p2a: Skarmory|252\/334
|
|switch|p1a: Venusaur|Venusaur, M|364\/364
|-damage|p1a: Venusaur|319\/364|[from] Stealth Rock
|-damage|p1a: Venusaur|228\/364|[from] Spikes
|move|p2a: Skarmory|Roost|p2a: Skarmory
|-heal|p2a: Skarmory|334\/334
|
|turn|48
|
|move|p1a: Venusaur|Synthesis|p1a: Venusaur
|-heal|p1a: Venusaur|364\/364
|move|p2a: Skarmory|Whirlwind|p1a: Venusaur
|drag|p1a: Landorus-Therian|Landorus-Therian, M|263\/382
|-damage|p1a: Landorus-Therian|216\/382|[from] Stealth Rock
|-ability|p1a: Landorus-Therian|Intimidate|[of] p2a: Skarmory
|-unboost|p2a: Skarmory|atk|1
|
|-heal|p1a: Landorus-Therian|239\/382|[from] item: Leftovers
|turn|49
|
|move|p1a: Landorus-Therian|Stealth Rock|p2a: Skarmory
|-fail|p2a: Skarmory
|move|p2a: Skarmory|Whirlwind|p1a: Landorus-Therian
|drag|p1a: Aegislash|Aegislash, F, shiny|154\/261
|-damage|p1a: Aegislash|138\/261|[from] Stealth Rock
|-damage|p1a: Aegislash|73\/261|[from] Spikes
|
|turn|50
|
|-formechange|p1a: Aegislash|Aegislash-Blade
|move|p1a: Aegislash|Shadow Ball|p2a: Skarmory
|-damage|p2a: Skarmory|75\/334
|-damage|p1a: Aegislash|47\/261|[from] item: Life Orb
|move|p2a: Skarmory|Whirlwind|p1a: Aegislash
|drag|p1a: Landorus-Therian|Landorus-Therian, M|239\/382
|-damage|p1a: Landorus-Therian|192\/382|[from] Stealth Rock
|-ability|p1a: Landorus-Therian|Intimidate|[of] p2a: Skarmory
|-unboost|p2a: Skarmory|atk|1
|
|-heal|p1a: Landorus-Therian|215\/382|[from] item: Leftovers
|-heal|p2a: Skarmory|95\/334|[from] item: Leftovers
|turn|51
|
|move|p1a: Landorus-Therian|Stone Edge|p2a: Skarmory|[miss]
|-miss|p1a: Landorus-Therian|p2a: Skarmory
|move|p2a: Skarmory|Roost|p2a: Skarmory
|-heal|p2a: Skarmory|262\/334
|
|-heal|p1a: Landorus-Therian|238\/382|[from] item: Leftovers
|-heal|p2a: Skarmory|282\/334|[from] item: Leftovers
|turn|52
|
|move|p1a: Landorus-Therian|Stealth Rock|p2a: Skarmory
|-fail|p2a: Skarmory
|move|p2a: Skarmory|Whirlwind|p1a: Landorus-Therian
|drag|p1a: Venusaur|Venusaur, M|364\/364
|-damage|p1a: Venusaur|319\/364|[from] Stealth Rock
|-damage|p1a: Venusaur|228\/364|[from] Spikes
|
|-heal|p2a: Skarmory|302\/334|[from] item: Leftovers
|turn|53
|
|switch|p2a: Heatran|Heatran, F|293\/386
|-damage|p2a: Heatran|245\/386|[from] Stealth Rock
|move|p1a: Venusaur|Synthesis|p1a: Venusaur
|-heal|p1a: Venusaur|364\/364
|
|-heal|p2a: Heatran|269\/386|[from] item: Leftovers
|turn|54
|
|move|p2a: Heatran|Protect|p2a: Heatran
|-singleturn|p2a: Heatran|Protect
|move|p1a: Venusaur|Earthquake|p2a: Heatran
|-activate|p2a: Heatran|Protect
|
|-heal|p2a: Heatran|293\/386|[from] item: Leftovers
|turn|55
|
|switch|p2a: Skarmory|Skarmory, F|302\/334
|-damage|p2a: Skarmory|261\/334|[from] Stealth Rock
|move|p1a: Venusaur|Earthquake|p2a: Skarmory
|-immune|p2a: Skarmory|[msg]
|
|-heal|p2a: Skarmory|281\/334|[from] item: Leftovers
|turn|56
|
|move|p1a: Venusaur|Giga Drain|p2a: Skarmory
|-resisted|p2a: Skarmory
|-damage|p2a: Skarmory|251\/334
|move|p2a: Skarmory|Whirlwind|p1a: Venusaur
|drag|p1a: Talonflame|Talonflame, F|297\/297
|-damage|p1a: Talonflame|149\/297|[from] Stealth Rock
|
|-heal|p2a: Skarmory|271\/334|[from] item: Leftovers
|turn|57
|
|switch|p2a: Heatran|Heatran, F|293\/386
|-damage|p2a: Heatran|245\/386|[from] Stealth Rock
|move|p1a: Talonflame|Brave Bird|p2a: Heatran
|-resisted|p2a: Heatran
|-damage|p2a: Heatran|130\/386
|-damage|p1a: Talonflame|111\/297|[from] recoil|[of] p2a: Heatran
|
|-heal|p2a: Heatran|154\/386|[from] item: Leftovers
|turn|58
|
|move|p2a: Heatran|Protect|p2a: Heatran
|-singleturn|p2a: Heatran|Protect
|move|p1a: Talonflame|Brave Bird|p2a: Heatran
|-activate|p2a: Heatran|Protect
|
|-heal|p2a: Heatran|178\/386|[from] item: Leftovers
|turn|59
|
|move|p1a: Talonflame|Brave Bird|p2a: Heatran
|-resisted|p2a: Heatran
|-damage|p2a: Heatran|56\/386
|-damage|p1a: Talonflame|71\/297|[from] recoil|[of] p2a: Heatran
|move|p2a: Heatran|Roar|p1a: Talonflame
|drag|p1a: Landorus-Therian|Landorus-Therian, M|238\/382
|-damage|p1a: Landorus-Therian|191\/382|[from] Stealth Rock
|-ability|p1a: Landorus-Therian|Intimidate|[of] p2a: Heatran
|-unboost|p2a: Heatran|atk|1
|
|-heal|p1a: Landorus-Therian|214\/382|[from] item: Leftovers
|-heal|p2a: Heatran|80\/386|[from] item: Leftovers
|turn|60
|
|move|p2a: Heatran|Protect|p2a: Heatran
|-singleturn|p2a: Heatran|Protect
|move|p1a: Landorus-Therian|Earthquake|p2a: Heatran
|-activate|p2a: Heatran|Protect
|
|-heal|p1a: Landorus-Therian|237\/382|[from] item: Leftovers
|-heal|p2a: Heatran|104\/386|[from] item: Leftovers
|turn|61
|
|switch|p2a: Skarmory|Skarmory, F|271\/334
|-damage|p2a: Skarmory|230\/334|[from] Stealth Rock
|move|p1a: Landorus-Therian|Stone Edge|p2a: Skarmory|[miss]
|-miss|p1a: Landorus-Therian|p2a: Skarmory
|
|-heal|p1a: Landorus-Therian|260\/382|[from] item: Leftovers
|-heal|p2a: Skarmory|250\/334|[from] item: Leftovers
|turn|62
|
|move|p1a: Landorus-Therian|Stealth Rock|p2a: Skarmory
|-fail|p2a: Skarmory
|move|p2a: Skarmory|Whirlwind|p1a: Landorus-Therian
|drag|p1a: Talonflame|Talonflame, F|71\/297
|-damage|p1a: Talonflame|0 fnt|[from] Stealth Rock
|faint|p1a: Talonflame
|
|-heal|p2a: Skarmory|270\/334|[from] item: Leftovers
|
|switch|p1a: Aegislash|Aegislash, F, shiny|47\/261
|-damage|p1a: Aegislash|0 fnt|[from] Spikes
|faint|p1a: Aegislash
|
|switch|p1a: Keldeo|Keldeo, shiny|56\/323
|-damage|p1a: Keldeo|0 fnt|[from] Spikes
|faint|p1a: Keldeo
|
|switch|p1a: Venusaur|Venusaur, M|364\/364
|-damage|p1a: Venusaur|273\/364|[from] Spikes
|-damage|p1a: Venusaur|228\/364|[from] Stealth Rock
|turn|63
|
|switch|p2a: Heatran|Heatran, F|104\/386
|-damage|p2a: Heatran|56\/386|[from] Stealth Rock
|move|p1a: Venusaur|Giga Drain|p2a: Heatran
|-resisted|p2a: Heatran
|-damage|p2a: Heatran|42\/386
|-heal|p1a: Venusaur|235\/364|[from] drain|[of] p2a: Heatran
|
|-heal|p2a: Heatran|66\/386|[from] item: Leftovers
|turn|64
|
|move|p1a: Venusaur|Earthquake|p2a: Heatran
|-supereffective|p2a: Heatran
|-damage|p2a: Heatran|0 fnt
|faint|p2a: Heatran
|
|
|switch|p2a: Gothitelle|Gothitelle, F|38\/281
|-damage|p2a: Gothitelle|3\/281|[from] Stealth Rock
|turn|65
|
|detailschange|p1a: Venusaur|Venusaur-Mega, M
|message|Venusaur has Mega Evolved into Mega Venusaur!
|move|p2a: Gothitelle|Psychic|p1a: Venusaur
|-supereffective|p1a: Venusaur
|-damage|p1a: Venusaur|0 fnt
|-damage|p2a: Gothitelle|0 fnt|[from] item: Life Orb
|faint|p1a: Venusaur
|faint|p2a: Gothitelle
|
|
|switch|p1a: Landorus-Therian|Landorus-Therian, M|260\/382
|-damage|p1a: Landorus-Therian|213\/382|[from] Stealth Rock
|switch|p2a: Chansey|Chansey, F|487\/642
|-damage|p2a: Chansey|407\/642|[from] Stealth Rock
|-ability|p1a: Landorus-Therian|Intimidate|[of] p2a: Chansey
|-unboost|p2a: Chansey|atk|1
|turn|66
|
|move|p1a: Landorus-Therian|Earthquake|p2a: Chansey
|-damage|p2a: Chansey|187\/642
|move|p2a: Chansey|Wish|p2a: Chansey
|
|-heal|p1a: Landorus-Therian|236\/382|[from] item: Leftovers
|turn|67
|
|move|p2a: Chansey|Protect|p2a: Chansey
|-singleturn|p2a: Chansey|Protect
|move|p1a: Landorus-Therian|Stone Edge|p2a: Chansey
|-activate|p2a: Chansey|Protect
|
|-heal|p2a: Chansey|508\/642|[from] move: Wish|[wisher] Chansey
|-heal|p1a: Landorus-Therian|259\/382|[from] item: Leftovers
|turn|68
|
|move|p1a: Landorus-Therian|Earthquake|p2a: Chansey
|-damage|p2a: Chansey|307\/642
|move|p2a: Chansey|Toxic|p1a: Landorus-Therian
|-status|p1a: Landorus-Therian|tox
|
|-heal|p1a: Landorus-Therian|282\/382 tox|[from] item: Leftovers
|-damage|p1a: Landorus-Therian|259\/382 tox|[from] psn
|turn|69
|-message|xImmortalDaveX forfeited.
|
|win|cifra00
|raw|Ladder updating...
|leave|jaymelek
|leave|xImmortalDaveX
|player|p1
|raw|xImmortalDaveX's rating: 1323 &rarr; <strong>1304<\/strong><br \/>(-19 for losing)
|raw|cifra00's rating: 1343 &rarr; <strong>1362<\/strong><br \/>(+19 for winning)
|leave|Laogrith
|leave|cifra00
|player|p2
|join|cifra00