|join|CheckmateWeee
|join|cifra00
|player|p1|CheckmateWeee|169
|player|p2|cifra00|266
|gametype|singles
|gen|6
|tier|OU (suspect test)
|rated
|clearpoke
|poke|p1|Gyarados, M
|poke|p1|Talonflame, M
|poke|p1|Sylveon, F
|poke|p1|Gliscor, F
|poke|p1|Latias, F
|poke|p1|Kyurem-Black
|poke|p2|Skarmory, F
|poke|p2|Heatran, M
|poke|p2|Chansey, F
|poke|p2|Whimsicott, F
|poke|p2|Gothitelle, F
|poke|p2|Sableye, M
|rule|Swagger Clause: Swagger is banned
|rule|Baton Pass Clause: Limit one PokÃ©mon knowing Baton Pass
|rule|Sleep Clause Mod: Limit one foe put to sleep
|rule|Species Clause: Limit one of each PokÃ©mon
|rule|OHKO Clause: OHKO moves are banned
|rule|Moody Clause: Moody is banned
|rule|Evasion Moves Clause: Evasion moves are banned
|rule|Endless Battle Clause: Forcing endless battles is banned
|rule|HP Percentage Mod: HP is shown in percentages
|teampreview
|c|âCheckmateWeee|lol
|
|start
|switch|p1a: Talonflame|Talonflame, M|345\/345
|switch|p2a: Whimsicott|Whimsicott, F|262\/262
|turn|1
|c|âcifra00|lol?
|c|âCheckmateWeee|funny team
|
|switch|p2a: Heatran|Heatran, M|386\/386
|move|p1a: Talonflame|Brave Bird|p2a: Heatran
|-resisted|p2a: Heatran
|-damage|p2a: Heatran|283\/386
|-damage|p1a: Talonflame|311\/345|[from] recoil|[of] p2a: Heatran
|
|-heal|p2a: Heatran|307\/386|[from] item: Leftovers
|turn|2
|c|âcifra00|gotcha
|
|move|p1a: Talonflame|Swords Dance|p1a: Talonflame
|-boost|p1a: Talonflame|atk|2
|move|p2a: Heatran|Stealth Rock|p1a: Talonflame
|-sidestart|p1: CheckmateWeee|move: Stealth Rock
|
|-heal|p2a: Heatran|331\/386|[from] item: Leftovers
|turn|3
|
|move|p1a: Talonflame|Brave Bird|p2a: Heatran
|-resisted|p2a: Heatran
|-damage|p2a: Heatran|125\/386
|-damage|p1a: Talonflame|243\/345|[from] recoil|[of] p2a: Heatran
|move|p2a: Heatran|Roar|p1a: Talonflame
|drag|p1a: Gyarados|Gyarados, M|331\/331
|-damage|p1a: Gyarados|249\/331|[from] Stealth Rock
|-ability|p1a: Gyarados|Intimidate|[of] p2a: Heatran
|-unboost|p2a: Heatran|atk|1
|
|-heal|p2a: Heatran|149\/386|[from] item: Leftovers
|turn|4
|
|switch|p2a: Whimsicott|Whimsicott, F|262\/262
|move|p1a: Gyarados|Waterfall|p2a: Whimsicott
|-resisted|p2a: Whimsicott
|-damage|p2a: Whimsicott|198\/262
|
|-heal|p2a: Whimsicott|214\/262|[from] item: Leftovers
|turn|5
|
|switch|p1a: Gliscor|Gliscor, F|352\/352
|-damage|p1a: Gliscor|308\/352|[from] Stealth Rock
|move|p2a: Whimsicott|Leech Seed|p1a: Gliscor
|-start|p1a: Gliscor|move: Leech Seed
|
|-heal|p2a: Whimsicott|230\/262|[from] item: Leftovers
|-damage|p1a: Gliscor|264\/352|[from] Leech Seed|[of] p2a: Whimsicott
|-heal|p2a: Whimsicott|262\/262|[silent]
|-status|p1a: Gliscor|tox|[from] item: Toxic Orb
|turn|6
|
|switch|p2a: Skarmory|Skarmory, F|334\/334
|switch|p1a: Kyurem-Black|Kyurem-Black|391\/391
|-damage|p1a: Kyurem-Black|294\/391|[from] Stealth Rock
|-ability|p1a: Kyurem-Black|Teravolt
|
|turn|7
|
|switch|p2a: Chansey|Chansey, F|642\/642
|move|p1a: Kyurem-Black|Ice Beam|p2a: Chansey
|-crit|p2a: Chansey
|-damage|p2a: Chansey|481\/642
|-damage|p1a: Kyurem-Black|255\/391|[from] item: Life Orb
|
|turn|8
|
|switch|p1a: Gliscor|Gliscor, F|264\/352 tox
|-damage|p1a: Gliscor|220\/352 tox|[from] Stealth Rock
|move|p2a: Chansey|Wish|p2a: Chansey
|
|-heal|p1a: Gliscor|264\/352 tox|[from] ability: Poison Heal
|turn|9
|
|move|p2a: Chansey|Protect|p2a: Chansey
|-singleturn|p2a: Chansey|Protect
|move|p1a: Gliscor|Taunt|p2a: Chansey
|-activate|p2a: Chansey|Protect
|
|-heal|p2a: Chansey|642\/642|[from] move: Wish|[wisher] Chansey
|-heal|p1a: Gliscor|308\/352 tox|[from] ability: Poison Heal
|turn|10
|
|switch|p2a: Gothitelle|Gothitelle, F|282\/282
|move|p1a: Gliscor|Taunt|p2a: Gothitelle
|-start|p2a: Gothitelle|move: Taunt
|
|-heal|p1a: Gliscor|352\/352 tox|[from] ability: Poison Heal
|turn|11
|
|move|p1a: Gliscor|Earthquake|p2a: Gothitelle
|-damage|p2a: Gothitelle|167\/282
|move|p2a: Gothitelle|Psychic|p1a: Gliscor
|-damage|p1a: Gliscor|165\/352 tox
|
|-heal|p1a: Gliscor|209\/352 tox|[from] ability: Poison Heal
|turn|12
|
|switch|p2a: Whimsicott|Whimsicott, F|262\/262
|move|p1a: Gliscor|Earthquake|p2a: Whimsicott
|-resisted|p2a: Whimsicott
|-damage|p2a: Whimsicott|217\/262
|
|-heal|p2a: Whimsicott|233\/262|[from] item: Leftovers
|-heal|p1a: Gliscor|253\/352 tox|[from] ability: Poison Heal
|turn|13
|
|move|p2a: Whimsicott|Encore|p1a: Gliscor
|-start|p1a: Gliscor|Encore
|move|p1a: Gliscor|Earthquake|p2a: Whimsicott
|-resisted|p2a: Whimsicott
|-damage|p2a: Whimsicott|189\/262
|
|-heal|p2a: Whimsicott|205\/262|[from] item: Leftovers
|-heal|p1a: Gliscor|297\/352 tox|[from] ability: Poison Heal
|turn|14
|
|switch|p1a: Sylveon|Sylveon, F|394\/394
|-damage|p1a: Sylveon|345\/394|[from] Stealth Rock
|move|p2a: Whimsicott|Leech Seed|p1a: Sylveon
|-start|p1a: Sylveon|move: Leech Seed
|
|-heal|p2a: Whimsicott|221\/262|[from] item: Leftovers
|-heal|p1a: Sylveon|369\/394|[from] item: Leftovers
|-damage|p1a: Sylveon|320\/394|[from] Leech Seed|[of] p2a: Whimsicott
|-heal|p2a: Whimsicott|262\/262|[silent]
|turn|15
|
|switch|p2a: Heatran|Heatran, M|149\/386
|move|p1a: Sylveon|Hyper Voice|p2a: Heatran
|-crit|p2a: Heatran
|-resisted|p2a: Heatran
|-damage|p2a: Heatran|112\/386
|
|-heal|p2a: Heatran|136\/386|[from] item: Leftovers
|-heal|p1a: Sylveon|344\/394|[from] item: Leftovers
|-damage|p1a: Sylveon|295\/394|[from] Leech Seed|[of] p2a: Heatran
|-heal|p2a: Heatran|185\/386|[silent]
|turn|16
|
|switch|p1a: Gliscor|Gliscor, F|297\/352 tox
|-damage|p1a: Gliscor|253\/352 tox|[from] Stealth Rock
|move|p2a: Heatran|Lava Plume|p1a: Gliscor
|-damage|p1a: Gliscor|147\/352 tox
|
|-heal|p2a: Heatran|209\/386|[from] item: Leftovers
|-heal|p1a: Gliscor|191\/352 tox|[from] ability: Poison Heal
|turn|17
|
|switch|p2a: Whimsicott|Whimsicott, F|262\/262
|move|p1a: Gliscor|Stealth Rock|p2a: Whimsicott
|-sidestart|p2: cifra00|move: Stealth Rock
|
|-heal|p1a: Gliscor|235\/352 tox|[from] ability: Poison Heal
|turn|18
|
|switch|p1a: Kyurem-Black|Kyurem-Black|255\/391
|-damage|p1a: Kyurem-Black|158\/391|[from] Stealth Rock
|-ability|p1a: Kyurem-Black|Teravolt
|move|p2a: Whimsicott|Leech Seed|p1a: Kyurem-Black
|-start|p1a: Kyurem-Black|move: Leech Seed
|
|-damage|p1a: Kyurem-Black|110\/391|[from] Leech Seed|[of] p2a: Whimsicott
|turn|19
|
|move|p2a: Whimsicott|Substitute|p2a: Whimsicott
|-start|p2a: Whimsicott|Substitute
|-damage|p2a: Whimsicott|197\/262
|move|p1a: Kyurem-Black|Roost|p1a: Kyurem-Black
|-heal|p1a: Kyurem-Black|306\/391
|
|-heal|p2a: Whimsicott|213\/262|[from] item: Leftovers
|-damage|p1a: Kyurem-Black|258\/391|[from] Leech Seed|[of] p2a: Whimsicott
|-heal|p2a: Whimsicott|261\/262|[silent]
|turn|20
|
|switch|p1a: Sylveon|Sylveon, F|295\/394
|-damage|p1a: Sylveon|246\/394|[from] Stealth Rock
|move|p2a: Whimsicott|Knock Off|p1a: Sylveon
|-resisted|p1a: Sylveon
|-damage|p1a: Sylveon|218\/394
|-enditem|p1a: Sylveon|Leftovers|[from] move: Knock Off|[of] p2a: Whimsicott
|
|-heal|p2a: Whimsicott|262\/262|[from] item: Leftovers
|turn|21
|
|switch|p2a: Heatran|Heatran, M|209\/386
|-damage|p2a: Heatran|161\/386|[from] Stealth Rock
|move|p1a: Sylveon|Hyper Voice|p2a: Heatran
|-resisted|p2a: Heatran
|-damage|p2a: Heatran|134\/386
|
|-heal|p2a: Heatran|158\/386|[from] item: Leftovers
|turn|22
|
|move|p1a: Sylveon|Wish|p1a: Sylveon
|move|p2a: Heatran|Roar|p1a: Sylveon
|drag|p1a: Kyurem-Black|Kyurem-Black|258\/391
|-damage|p1a: Kyurem-Black|161\/391|[from] Stealth Rock
|-ability|p1a: Kyurem-Black|Teravolt
|
|-heal|p2a: Heatran|182\/386|[from] item: Leftovers
|turn|23
|
|move|p1a: Kyurem-Black|Earth Power|p2a: Heatran
|-supereffective|p2a: Heatran
|-damage|p2a: Heatran|0 fnt
|-damage|p1a: Kyurem-Black|122\/391|[from] item: Life Orb
|faint|p2a: Heatran
|
|-heal|p1a: Kyurem-Black|319\/391|[from] move: Wish|[wisher] Sylveon
|
|switch|p2a: Chansey|Chansey, F|642\/642
|-damage|p2a: Chansey|562\/642|[from] Stealth Rock
|turn|24
|
|switch|p1a: Gliscor|Gliscor, F|235\/352 tox
|-damage|p1a: Gliscor|191\/352 tox|[from] Stealth Rock
|move|p2a: Chansey|Wish|p2a: Chansey
|
|-heal|p1a: Gliscor|235\/352 tox|[from] ability: Poison Heal
|turn|25
|
|move|p1a: Gliscor|Earthquake|p2a: Chansey
|-crit|p2a: Chansey
|-damage|p2a: Chansey|333\/642
|move|p2a: Chansey|Seismic Toss|p1a: Gliscor
|-damage|p1a: Gliscor|135\/352 tox
|
|-heal|p2a: Chansey|642\/642|[from] move: Wish|[wisher] Chansey
|-heal|p1a: Gliscor|179\/352 tox|[from] ability: Poison Heal
|turn|26
|
|move|p1a: Gliscor|Taunt|p2a: Chansey
|-start|p2a: Chansey|move: Taunt
|move|p2a: Chansey|Seismic Toss|p1a: Gliscor
|-damage|p1a: Gliscor|79\/352 tox
|
|-heal|p1a: Gliscor|123\/352 tox|[from] ability: Poison Heal
|turn|27
|
|move|p1a: Gliscor|Roost|p1a: Gliscor
|-heal|p1a: Gliscor|299\/352 tox
|move|p2a: Chansey|Seismic Toss|p1a: Gliscor
|-damage|p1a: Gliscor|199\/352 tox
|
|-heal|p1a: Gliscor|243\/352 tox|[from] ability: Poison Heal
|turn|28
|
|switch|p1a: Latias|Latias, F|319\/319
|-damage|p1a: Latias|280\/319|[from] Stealth Rock
|switch|p2a: Skarmory|Skarmory, F|334\/334
|-damage|p2a: Skarmory|293\/334|[from] Stealth Rock
|
|-heal|p2a: Skarmory|313\/334|[from] item: Leftovers
|turn|29
|
|move|p1a: Latias|Hidden Power|p2a: Skarmory
|-supereffective|p2a: Skarmory
|-damage|p2a: Skarmory|95\/334
|-damage|p1a: Latias|249\/319|[from] item: Life Orb
|move|p2a: Skarmory|Spikes|p1a: Latias
|-sidestart|p1: CheckmateWeee|Spikes
|
|-heal|p2a: Skarmory|115\/334|[from] item: Leftovers
|turn|30
|
|switch|p2a: Chansey|Chansey, F|642\/642
|-damage|p2a: Chansey|562\/642|[from] Stealth Rock
|move|p1a: Latias|Defog|p2a: Chansey
|-unboost|p2a: Chansey|evasion|1
|-sideend|p2: cifra00|Stealth Rock|[from] move: Defog|[of] p2a: Chansey
|-sideend|p1: CheckmateWeee|Spikes|[from] move: Defog|[of] p1a: Latias
|-sideend|p1: CheckmateWeee|Stealth Rock|[from] move: Defog|[of] p1a: Latias
|
|turn|31
|
|switch|p1a: Talonflame|Talonflame, M|243\/345
|move|p2a: Chansey|Toxic|p1a: Talonflame
|-status|p1a: Talonflame|tox
|
|-damage|p1a: Talonflame|222\/345 tox|[from] psn
|turn|32
|
|switch|p1a: Gyarados|Gyarados, M|249\/331
|-ability|p1a: Gyarados|Intimidate|[of] p2a: Chansey
|-unboost|p2a: Chansey|atk|1
|move|p2a: Chansey|Wish|p2a: Chansey
|
|turn|33
|
|detailschange|p1a: Gyarados|Gyarados-Mega, M
|-mega|p1a: Gyarados|Gyarados|Gyaradosite
|-ability|p1a: Gyarados|Mold Breaker
|move|p1a: Gyarados|Substitute|p1a: Gyarados
|-start|p1a: Gyarados|Substitute
|-damage|p1a: Gyarados|167\/331
|move|p2a: Chansey|Toxic|p1a: Gyarados
|
|-heal|p2a: Chansey|642\/642|[from] move: Wish|[wisher] Chansey
|turn|34
|
|move|p1a: Gyarados|Dragon Dance|p1a: Gyarados
|-boost|p1a: Gyarados|atk|1
|-boost|p1a: Gyarados|spe|1
|move|p2a: Chansey|Seismic Toss|p1a: Gyarados
|-end|p1a: Gyarados|Substitute
|
|turn|35
|
|switch|p2a: Whimsicott|Whimsicott, F|262\/262
|move|p1a: Gyarados|Waterfall|p2a: Whimsicott
|-resisted|p2a: Whimsicott
|-damage|p2a: Whimsicott|164\/262
|
|-heal|p2a: Whimsicott|180\/262|[from] item: Leftovers
|turn|36
|
|move|p2a: Whimsicott|Leech Seed|p1a: Gyarados
|-start|p1a: Gyarados|move: Leech Seed
|move|p1a: Gyarados|Waterfall|p2a: Whimsicott
|-resisted|p2a: Whimsicott
|-damage|p2a: Whimsicott|64\/262
|
|-heal|p2a: Whimsicott|80\/262|[from] item: Leftovers
|-damage|p1a: Gyarados|126\/331|[from] Leech Seed|[of] p2a: Whimsicott
|-heal|p2a: Whimsicott|121\/262|[silent]
|turn|37
|
|switch|p1a: Sylveon|Sylveon, F|218\/394
|move|p2a: Whimsicott|Substitute|p2a: Whimsicott
|-start|p2a: Whimsicott|Substitute
|-damage|p2a: Whimsicott|56\/262
|
|-heal|p2a: Whimsicott|72\/262|[from] item: Leftovers
|turn|38
|
|switch|p2a: Chansey|Chansey, F|642\/642
|move|p1a: Sylveon|Hyper Voice|p2a: Chansey
|-damage|p2a: Chansey|561\/642
|
|turn|39
|
|move|p1a: Sylveon|Wish|p1a: Sylveon
|move|p2a: Chansey|Toxic|p1a: Sylveon
|-status|p1a: Sylveon|tox
|
|-damage|p1a: Sylveon|194\/394 tox|[from] psn
|turn|40
|
|move|p1a: Sylveon|Baton Pass|p1a: Sylveon
|
|switch|p1a: Gyarados|Gyarados-Mega, M|126\/331
|-ability|p1a: Gyarados|Mold Breaker
|move|p2a: Chansey|Wish|p2a: Chansey
|
|-heal|p1a: Gyarados|323\/331|[from] move: Wish|[wisher] Sylveon
|turn|41
|
|switch|p1a: Gliscor|Gliscor, F|243\/352 tox
|switch|p2a: Whimsicott|Whimsicott, F|72\/262
|
|-heal|p2a: Whimsicott|262\/262|[from] move: Wish|[wisher] Chansey
|-heal|p1a: Gliscor|287\/352 tox|[from] ability: Poison Heal
|turn|42
|
|move|p2a: Whimsicott|Leech Seed|p1a: Gliscor
|-start|p1a: Gliscor|move: Leech Seed
|move|p1a: Gliscor|Stealth Rock|p2a: Whimsicott
|-sidestart|p2: cifra00|move: Stealth Rock
|
|-damage|p1a: Gliscor|243\/352 tox|[from] Leech Seed|[of] p2a: Whimsicott
|-heal|p1a: Gliscor|287\/352 tox|[from] ability: Poison Heal
|turn|43
|
|switch|p1a: Kyurem-Black|Kyurem-Black|319\/391
|-ability|p1a: Kyurem-Black|Teravolt
|move|p2a: Whimsicott|Knock Off|p1a: Kyurem-Black
|-damage|p1a: Kyurem-Black|269\/391
|-enditem|p1a: Kyurem-Black|Life Orb|[from] move: Knock Off|[of] p2a: Whimsicott
|
|turn|44
|
|switch|p2a: Chansey|Chansey, F|561\/642
|-damage|p2a: Chansey|481\/642|[from] Stealth Rock
|move|p1a: Kyurem-Black|Ice Beam|p2a: Chansey
|-damage|p2a: Chansey|405\/642
|
|turn|45
|
|switch|p1a: Talonflame|Talonflame, M|222\/345 tox
|move|p2a: Chansey|Wish|p2a: Chansey
|
|-damage|p1a: Talonflame|201\/345 tox|[from] psn
|turn|46
|
|move|p1a: Talonflame|Roost|p1a: Talonflame
|-heal|p1a: Talonflame|345\/345 tox
|move|p2a: Chansey|Seismic Toss|p1a: Talonflame
|-damage|p1a: Talonflame|245\/345 tox
|
|-heal|p2a: Chansey|642\/642|[from] move: Wish|[wisher] Chansey
|-damage|p1a: Talonflame|203\/345 tox|[from] psn
|turn|47
|
|move|p1a: Talonflame|Brave Bird|p2a: Chansey
|-crit|p2a: Chansey
|-damage|p2a: Chansey|204\/642
|-damage|p1a: Talonflame|58\/345 tox|[from] recoil|[of] p2a: Chansey
|move|p2a: Chansey|Wish|p2a: Chansey
|
|-damage|p1a: Talonflame|0 fnt|[from] psn
|faint|p1a: Talonflame
|
|switch|p1a: Gyarados|Gyarados-Mega, M|323\/331
|-ability|p1a: Gyarados|Mold Breaker
|turn|48
|
|move|p2a: Chansey|Protect|p2a: Chansey
|-singleturn|p2a: Chansey|Protect
|move|p1a: Gyarados|Waterfall|p2a: Chansey
|-activate|p2a: Chansey|Protect
|
|-heal|p2a: Chansey|525\/642|[from] move: Wish|[wisher] Chansey
|turn|49
|
|switch|p1a: Gliscor|Gliscor, F|287\/352 tox
|switch|p2a: Whimsicott|Whimsicott, F|262\/262
|-damage|p2a: Whimsicott|230\/262|[from] Stealth Rock
|
|-heal|p2a: Whimsicott|246\/262|[from] item: Leftovers
|-heal|p1a: Gliscor|331\/352 tox|[from] ability: Poison Heal
|turn|50
|
|move|p2a: Whimsicott|Leech Seed|p1a: Gliscor
|-start|p1a: Gliscor|move: Leech Seed
|move|p1a: Gliscor|Taunt|p2a: Whimsicott
|-start|p2a: Whimsicott|move: Taunt
|
|-heal|p2a: Whimsicott|262\/262|[from] item: Leftovers
|-damage|p1a: Gliscor|287\/352 tox|[from] Leech Seed|[of] p2a: Whimsicott
|-heal|p1a: Gliscor|331\/352 tox|[from] ability: Poison Heal
|turn|51
|
|switch|p1a: Gyarados|Gyarados-Mega, M|323\/331
|-ability|p1a: Gyarados|Mold Breaker
|move|p2a: Whimsicott|Knock Off|p1a: Gyarados
|-resisted|p1a: Gyarados
|-damage|p1a: Gyarados|306\/331
|
|turn|52
|
|switch|p2a: Sableye|Sableye, M|304\/304
|-damage|p2a: Sableye|266\/304|[from] Stealth Rock
|move|p1a: Gyarados|Dragon Dance|p1a: Gyarados
|-boost|p1a: Gyarados|atk|1
|-boost|p1a: Gyarados|spe|1
|
|turn|53
|
|move|p2a: Sableye|Will-O-Wisp|p1a: Gyarados
|-status|p1a: Gyarados|brn
|move|p1a: Gyarados|Waterfall|p2a: Sableye
|-damage|p2a: Sableye|158\/304
|
|-damage|p1a: Gyarados|265\/331 brn|[from] brn
|turn|54
|
|switch|p1a: Latias|Latias, F|249\/319
|detailschange|p2a: Sableye|Sableye-Mega, M
|-mega|p2a: Sableye|Sableye|Sablenite
|move|p2a: Sableye|Recover|p2a: Sableye
|-heal|p2a: Sableye|304\/304
|
|turn|55
|
|move|p1a: Latias|Draco Meteor|p2a: Sableye
|-damage|p2a: Sableye|66\/304
|-unboost|p1a: Latias|spa|2
|-damage|p1a: Latias|218\/319|[from] item: Life Orb
|move|p2a: Sableye|Shadow Ball|p1a: Latias
|-supereffective|p1a: Latias
|-damage|p1a: Latias|90\/319
|
|turn|56
|
|switch|p2a: Chansey|Chansey, F|525\/642
|-damage|p2a: Chansey|445\/642|[from] Stealth Rock
|move|p1a: Latias|Healing Wish|p1a: Latias
|faint|p1a: Latias
|
|
|switch|p1a: Gyarados|Gyarados-Mega, M|265\/331 brn
|-heal|p1a: Gyarados|331\/331|[from] move: Healing Wish
|-ability|p1a: Gyarados|Mold Breaker
|turn|57
|
|switch|p2a: Whimsicott|Whimsicott, F|262\/262
|-damage|p2a: Whimsicott|230\/262|[from] Stealth Rock
|move|p1a: Gyarados|Substitute|p1a: Gyarados
|-start|p1a: Gyarados|Substitute
|-damage|p1a: Gyarados|249\/331
|
|-heal|p2a: Whimsicott|246\/262|[from] item: Leftovers
|turn|58
|
|switch|p1a: Kyurem-Black|Kyurem-Black|269\/391
|-ability|p1a: Kyurem-Black|Teravolt
|move|p2a: Whimsicott|Encore|p1a: Kyurem-Black
|-fail|p1a: Kyurem-Black
|
|-heal|p2a: Whimsicott|262\/262|[from] item: Leftovers
|turn|59
|
|switch|p1a: Gliscor|Gliscor, F|331\/352 tox
|switch|p2a: Chansey|Chansey, F|445\/642
|-damage|p2a: Chansey|365\/642|[from] Stealth Rock
|
|-heal|p1a: Gliscor|352\/352 tox|[from] ability: Poison Heal
|turn|60
|
|move|p1a: Gliscor|Taunt|p2a: Chansey
|-start|p2a: Chansey|move: Taunt
|cant|p2a: Chansey|move: Taunt|Wish
|
|turn|61
|
|switch|p2a: Skarmory|Skarmory, F|115\/334
|-damage|p2a: Skarmory|74\/334|[from] Stealth Rock
|move|p1a: Gliscor|Earthquake|p2a: Skarmory
|-immune|p2a: Skarmory|[msg]
|
|-heal|p2a: Skarmory|94\/334|[from] item: Leftovers
|turn|62
|
|move|p1a: Gliscor|Taunt|p2a: Skarmory
|-start|p2a: Skarmory|move: Taunt
|cant|p2a: Skarmory|move: Taunt|Roost
|
|-heal|p2a: Skarmory|114\/334|[from] item: Leftovers
|turn|63
|
|switch|p1a: Gyarados|Gyarados-Mega, M|249\/331
|-ability|p1a: Gyarados|Mold Breaker
|switch|p2a: Whimsicott|Whimsicott, F|262\/262
|-damage|p2a: Whimsicott|230\/262|[from] Stealth Rock
|
|-heal|p2a: Whimsicott|246\/262|[from] item: Leftovers
|turn|64
|
|move|p2a: Whimsicott|Leech Seed|p1a: Gyarados
|-start|p1a: Gyarados|move: Leech Seed
|move|p1a: Gyarados|Waterfall|p2a: Whimsicott
|-resisted|p2a: Whimsicott
|-damage|p2a: Whimsicott|178\/262
|
|-heal|p2a: Whimsicott|194\/262|[from] item: Leftovers
|-damage|p1a: Gyarados|208\/331|[from] Leech Seed|[of] p2a: Whimsicott
|-heal|p2a: Whimsicott|235\/262|[silent]
|turn|65
|
|switch|p1a: Gliscor|Gliscor, F|352\/352 tox
|move|p2a: Whimsicott|Knock Off|p1a: Gliscor
|-damage|p1a: Gliscor|309\/352 tox
|-enditem|p1a: Gliscor|Toxic Orb|[from] move: Knock Off|[of] p2a: Whimsicott
|
|-heal|p2a: Whimsicott|251\/262|[from] item: Leftovers
|-heal|p1a: Gliscor|352\/352 tox|[from] ability: Poison Heal
|turn|66
|
|move|p2a: Whimsicott|Leech Seed|p1a: Gliscor
|-start|p1a: Gliscor|move: Leech Seed
|move|p1a: Gliscor|Taunt|p2a: Whimsicott
|-start|p2a: Whimsicott|move: Taunt
|
|-heal|p2a: Whimsicott|262\/262|[from] item: Leftovers
|-damage|p1a: Gliscor|308\/352 tox|[from] Leech Seed|[of] p2a: Whimsicott
|-heal|p1a: Gliscor|352\/352 tox|[from] ability: Poison Heal
|turn|67
|
|switch|p2a: Skarmory|Skarmory, F|114\/334
|-damage|p2a: Skarmory|73\/334|[from] Stealth Rock
|switch|p1a: Kyurem-Black|Kyurem-Black|269\/391
|-ability|p1a: Kyurem-Black|Teravolt
|
|-heal|p2a: Skarmory|93\/334|[from] item: Leftovers
|turn|68
|
|switch|p2a: Chansey|Chansey, F|365\/642
|-damage|p2a: Chansey|285\/642|[from] Stealth Rock
|move|p1a: Kyurem-Black|Ice Beam|p2a: Chansey
|-crit|p2a: Chansey
|-damage|p2a: Chansey|165\/642
|
|turn|69
|
|switch|p1a: Gyarados|Gyarados-Mega, M|208\/331
|-ability|p1a: Gyarados|Mold Breaker
|move|p2a: Chansey|Wish|p2a: Chansey
|
|turn|70
|
|switch|p2a: Skarmory|Skarmory, F|93\/334
|-damage|p2a: Skarmory|52\/334|[from] Stealth Rock
|move|p1a: Gyarados|Substitute|p1a: Gyarados
|-start|p1a: Gyarados|Substitute
|-damage|p1a: Gyarados|126\/331
|
|-heal|p2a: Skarmory|334\/334|[from] move: Wish|[wisher] Chansey
|turn|71
|
|switch|p2a: Whimsicott|Whimsicott, F|262\/262
|-damage|p2a: Whimsicott|230\/262|[from] Stealth Rock
|move|p1a: Gyarados|Waterfall|p2a: Whimsicott
|-resisted|p2a: Whimsicott
|-damage|p2a: Whimsicott|164\/262
|
|-heal|p2a: Whimsicott|180\/262|[from] item: Leftovers
|turn|72
|
|switch|p2a: Skarmory|Skarmory, F|334\/334
|-damage|p2a: Skarmory|293\/334|[from] Stealth Rock
|move|p1a: Gyarados|Waterfall|p2a: Skarmory
|-damage|p2a: Skarmory|188\/334
|
|-heal|p2a: Skarmory|208\/334|[from] item: Leftovers
|turn|73
|
|move|p1a: Gyarados|Waterfall|p2a: Skarmory
|-damage|p2a: Skarmory|97\/334
|move|p2a: Skarmory|Defog|p1a: Gyarados
|-sideend|p2: cifra00|Stealth Rock|[from] move: Defog|[of] p2a: Skarmory
|
|-heal|p2a: Skarmory|117\/334|[from] item: Leftovers
|turn|74
|
|move|p1a: Gyarados|Waterfall|p2a: Skarmory
|-damage|p2a: Skarmory|21\/334
|move|p2a: Skarmory|Roost|p2a: Skarmory
|-heal|p2a: Skarmory|188\/334
|
|-heal|p2a: Skarmory|208\/334|[from] item: Leftovers
|turn|75
|
|move|p1a: Gyarados|Dragon Dance|p1a: Gyarados
|-boost|p1a: Gyarados|atk|1
|-boost|p1a: Gyarados|spe|1
|move|p2a: Skarmory|Roost|p2a: Skarmory
|-heal|p2a: Skarmory|334\/334
|
|turn|76
|
|move|p1a: Gyarados|Waterfall|p2a: Skarmory
|-damage|p2a: Skarmory|183\/334
|move|p2a: Skarmory|Whirlwind|p1a: Gyarados
|drag|p1a: Sylveon|Sylveon, F|194\/394 tox
|
|-heal|p2a: Skarmory|203\/334|[from] item: Leftovers
|-damage|p1a: Sylveon|170\/394 tox|[from] psn
|turn|77
|
|move|p2a: Skarmory|Spikes|p1a: Sylveon
|-sidestart|p1: CheckmateWeee|Spikes
|move|p1a: Sylveon|Wish|p1a: Sylveon
|
|-heal|p2a: Skarmory|223\/334|[from] item: Leftovers
|-damage|p1a: Sylveon|122\/394 tox|[from] psn
|turn|78
|
|move|p1a: Sylveon|Baton Pass|p1a: Sylveon
|
|switch|p1a: Kyurem-Black|Kyurem-Black|269\/391
|-damage|p1a: Kyurem-Black|221\/391|[from] Spikes
|-ability|p1a: Kyurem-Black|Teravolt
|move|p2a: Skarmory|Whirlwind|p1a: Kyurem-Black
|drag|p1a: Gyarados|Gyarados-Mega, M|126\/331
|-damage|p1a: Gyarados|85\/331|[from] Spikes
|-ability|p1a: Gyarados|Mold Breaker
|
|-heal|p1a: Gyarados|282\/331|[from] move: Wish|[wisher] Sylveon
|-heal|p2a: Skarmory|243\/334|[from] item: Leftovers
|turn|79
|
|move|p1a: Gyarados|Dragon Dance|p1a: Gyarados
|-boost|p1a: Gyarados|atk|1
|-boost|p1a: Gyarados|spe|1
|move|p2a: Skarmory|Spikes|p1a: Gyarados
|-sidestart|p1: CheckmateWeee|Spikes
|
|-heal|p2a: Skarmory|263\/334|[from] item: Leftovers
|turn|80
|
|move|p1a: Gyarados|Waterfall|p2a: Skarmory
|-damage|p2a: Skarmory|103\/334
|cant|p2a: Skarmory|flinch
|
|-heal|p2a: Skarmory|123\/334|[from] item: Leftovers
|turn|81
|
|switch|p2a: Whimsicott|Whimsicott, F|180\/262
|move|p1a: Gyarados|Waterfall|p2a: Whimsicott
|-resisted|p2a: Whimsicott
|-damage|p2a: Whimsicott|70\/262
|
|-heal|p2a: Whimsicott|86\/262|[from] item: Leftovers
|turn|82
|c|âcifra00|i played that terribly, that might end it
|c|âCheckmateWeee|yeah
|c|âCheckmateWeee|although chansey is nearly down
|
|switch|p2a: Gothitelle|Gothitelle, F|167\/282
|move|p1a: Gyarados|Waterfall|p2a: Gothitelle
|-damage|p2a: Gothitelle|0 fnt
|faint|p2a: Gothitelle
|
|c|âCheckmateWeee|kyu-b might also end it
|c|âCheckmateWeee|even without gyarados
|
|switch|p2a: Sableye|Sableye-Mega, M|66\/304
|turn|83
|
|move|p1a: Gyarados|Waterfall|p2a: Sableye
|-damage|p2a: Sableye|0 fnt
|faint|p2a: Sableye
|
|c|âcifra00|right i already mega-ed him
|leave|cifra00
|player|p2
|-message|cifra00 lost due to inactivity.
|
|win|CheckmateWeee
|raw|Ladder updating...
|raw|CheckmateWeee's rating: 1297 &rarr; <strong>1317<\/strong><br \/>(+20 for winning)
|raw|cifra00's rating: 1234 &rarr; <strong>1213<\/strong><br \/>(-21 for losing)