|join|ULT Bob
|join|ult celsius
|player|p1|ULT Bob|23
|player|p2|ult celsius|294
|gametype|singles
|gen|6
|tier|UU
|rated
|rule|Sleep Clause Mod: Limit one foe put to sleep
|rule|Species Clause: Limit one of each PokÃ©mon
|rule|OHKO Clause: OHKO moves are banned
|rule|Moody Clause: Moody is banned
|rule|Evasion Moves Clause: Evasion moves are banned
|rule|Endless Battle Clause: Forcing endless battles is banned
|rule|HP Percentage Mod: HP is shown in percentages
|clearpoke
|poke|p1|Cobalion
|poke|p1|Hydreigon, F
|poke|p1|Blissey, F
|poke|p1|Reuniclus, F
|poke|p1|Tentacruel, F
|poke|p1|Vaporeon, M
|poke|p2|Crobat, F
|poke|p2|Chesnaught, M
|poke|p2|Swampert, M
|poke|p2|Slowking, M
|poke|p2|Entei, shiny
|poke|p2|Snorlax, F
|rule|Swagger Clause: Swagger is banned
|rule|Baton Pass Clause: Limit one PokÃ©mon knowing Baton Pass
|teampreview
|c|âULT Bob|hi
|c|âult celsius|hf
|
|start
|switch|p1a: incoming taunt|Hydreigon, F|325\/325
|switch|p2a: Chesnaught|Chesnaught, M|380\/380
|turn|1
|
|switch|p1a: octuple penetratio|Tentacruel, F|359\/359
|move|p2a: Chesnaught|Synthesis|p2a: Chesnaught
|
|turn|2
|
|move|p1a: octuple penetratio|Toxic|p2a: Chesnaught
|-status|p2a: Chesnaught|tox
|move|p2a: Chesnaught|Wood Hammer|p1a: octuple penetratio
|-damage|p1a: octuple penetratio|211\/359
|-damage|p2a: Chesnaught|331\/380 tox|[from] recoil|[of] p1a: octuple penetratio
|
|-heal|p1a: octuple penetratio|233\/359|[from] item: Black Sludge
|-heal|p2a: Chesnaught|354\/380 tox|[from] item: Leftovers
|-damage|p2a: Chesnaught|331\/380 tox|[from] psn
|turn|3
|
|switch|p1a: kawaiiiiiiiiiiiiii|Reuniclus, F|424\/424
|move|p2a: Chesnaught|Wood Hammer|p1a: kawaiiiiiiiiiiiiii
|-damage|p1a: kawaiiiiiiiiiiiiii|285\/424
|-damage|p2a: Chesnaught|285\/380 tox|[from] recoil|[of] p1a: kawaiiiiiiiiiiiiii
|
|-heal|p2a: Chesnaught|308\/380 tox|[from] item: Leftovers
|-heal|p1a: kawaiiiiiiiiiiiiii|311\/424|[from] item: Leftovers
|-damage|p2a: Chesnaught|262\/380 tox|[from] psn
|turn|4
|
|switch|p2a: Swampert|Swampert, M|404\/404
|move|p1a: kawaiiiiiiiiiiiiii|Recover|p1a: kawaiiiiiiiiiiiiii
|-heal|p1a: kawaiiiiiiiiiiiiii|424\/424
|
|turn|5
|
|move|p2a: Swampert|Stealth Rock|p1a: kawaiiiiiiiiiiiiii
|-sidestart|p1: ULT Bob|move: Stealth Rock
|move|p1a: kawaiiiiiiiiiiiiii|Calm Mind|p1a: kawaiiiiiiiiiiiiii
|-boost|p1a: kawaiiiiiiiiiiiiii|spa|1
|-boost|p1a: kawaiiiiiiiiiiiiii|spd|1
|
|turn|6
|
|move|p1a: kawaiiiiiiiiiiiiii|Psyshock|p2a: Swampert
|-damage|p2a: Swampert|262\/404
|move|p2a: Swampert|Roar|p1a: kawaiiiiiiiiiiiiii
|drag|p1a: cat mermaid|Vaporeon, M|464\/464
|-damage|p1a: cat mermaid|406\/464|[from] Stealth Rock
|
|-heal|p2a: Swampert|287\/404|[from] item: Leftovers
|-heal|p1a: cat mermaid|435\/464|[from] item: Leftovers
|turn|7
|
|switch|p2a: Chesnaught|Chesnaught, M|262\/380 tox
|move|p1a: cat mermaid|Scald|p2a: Chesnaught
|-resisted|p2a: Chesnaught
|-damage|p2a: Chesnaught|210\/380 tox
|
|-heal|p2a: Chesnaught|233\/380 tox|[from] item: Leftovers
|-heal|p1a: cat mermaid|464\/464|[from] item: Leftovers
|-damage|p2a: Chesnaught|210\/380 tox|[from] psn
|turn|8
|
|move|p2a: Chesnaught|Spikes|p1a: cat mermaid
|-sidestart|p1: ULT Bob|Spikes
|move|p1a: cat mermaid|Wish|p1a: cat mermaid
|
|-heal|p2a: Chesnaught|233\/380 tox|[from] item: Leftovers
|-damage|p2a: Chesnaught|187\/380 tox|[from] psn
|turn|9
|
|switch|p2a: Swampert|Swampert, M|287\/404
|move|p1a: cat mermaid|Baton Pass|p1a: cat mermaid
|
|switch|p1a: octuple penetratio|Tentacruel, F|233\/359
|-damage|p1a: octuple penetratio|189\/359|[from] Spikes
|-damage|p1a: octuple penetratio|145\/359|[from] Stealth Rock
|
|-heal|p1a: octuple penetratio|359\/359|[from] move: Wish|[wisher] cat mermaid
|-heal|p2a: Swampert|312\/404|[from] item: Leftovers
|turn|10
|
|move|p1a: octuple penetratio|Rapid Spin|p2a: Swampert
|-damage|p2a: Swampert|303\/404
|-sideend|p1: ULT Bob|Spikes|[from] move: Rapid Spin|[of] p1a: octuple penetratio
|-sideend|p1: ULT Bob|Stealth Rock|[from] move: Rapid Spin|[of] p1a: octuple penetratio
|move|p2a: Swampert|Earthquake|p1a: octuple penetratio
|-supereffective|p1a: octuple penetratio
|-damage|p1a: octuple penetratio|113\/359
|
|-heal|p1a: octuple penetratio|135\/359|[from] item: Black Sludge
|-heal|p2a: Swampert|328\/404|[from] item: Leftovers
|turn|11
|
|switch|p1a: incoming taunt|Hydreigon, F|325\/325
|move|p2a: Swampert|Stealth Rock|p1a: incoming taunt
|-sidestart|p1: ULT Bob|move: Stealth Rock
|
|-heal|p2a: Swampert|353\/404|[from] item: Leftovers
|turn|12
|
|switch|p2a: Snorlax|Snorlax, F|504\/504
|move|p1a: incoming taunt|Draco Meteor|p2a: Snorlax
|-damage|p2a: Snorlax|300\/504
|-unboost|p1a: incoming taunt|spa|2
|-damage|p1a: incoming taunt|293\/325|[from] item: Life Orb
|
|-heal|p2a: Snorlax|331\/504|[from] item: Leftovers
|turn|13
|
|switch|p1a: kawaiiiiiiiiiiiiii|Reuniclus, F|424\/424
|switch|p2a: Slowking|Slowking, M|394\/394
|
|turn|14
|
|switch|p2a: Swampert|Swampert, M|353\/404
|move|p1a: kawaiiiiiiiiiiiiii|Calm Mind|p1a: kawaiiiiiiiiiiiiii
|-boost|p1a: kawaiiiiiiiiiiiiii|spa|1
|-boost|p1a: kawaiiiiiiiiiiiiii|spd|1
|
|-heal|p2a: Swampert|378\/404|[from] item: Leftovers
|turn|15
|
|move|p1a: kawaiiiiiiiiiiiiii|Psyshock|p2a: Swampert
|-damage|p2a: Swampert|257\/404
|move|p2a: Swampert|Roar|p1a: kawaiiiiiiiiiiiiii
|drag|p1a: meowie's mum|Blissey, F|714\/714
|-damage|p1a: meowie's mum|625\/714|[from] Stealth Rock
|
|-heal|p1a: meowie's mum|669\/714|[from] item: Leftovers
|-heal|p2a: Swampert|282\/404|[from] item: Leftovers
|turn|16
|
|switch|p2a: Chesnaught|Chesnaught, M|187\/380 tox
|move|p1a: meowie's mum|Stealth Rock|p2a: Chesnaught
|-sidestart|p2: ult celsius|move: Stealth Rock
|
|-heal|p2a: Chesnaught|210\/380 tox|[from] item: Leftovers
|-heal|p1a: meowie's mum|713\/714|[from] item: Leftovers
|-damage|p2a: Chesnaught|187\/380 tox|[from] psn
|turn|17
|
|move|p2a: Chesnaught|Spikes|p1a: meowie's mum
|-sidestart|p1: ULT Bob|Spikes
|move|p1a: meowie's mum|Seismic Toss|p2a: Chesnaught
|-damage|p2a: Chesnaught|87\/380 tox
|
|-heal|p2a: Chesnaught|110\/380 tox|[from] item: Leftovers
|-heal|p1a: meowie's mum|714\/714|[from] item: Leftovers
|-damage|p2a: Chesnaught|64\/380 tox|[from] psn
|turn|18
|
|switch|p2a: Slowking|Slowking, M|394\/394
|-damage|p2a: Slowking|345\/394|[from] Stealth Rock
|move|p1a: meowie's mum|Seismic Toss|p2a: Slowking
|-damage|p2a: Slowking|245\/394
|
|-heal|p2a: Slowking|269\/394|[from] item: Leftovers
|turn|19
|
|switch|p1a: incoming taunt|Hydreigon, F|293\/325
|-damage|p1a: incoming taunt|253\/325|[from] Stealth Rock
|switch|p2a: Chesnaught|Chesnaught, M|64\/380 tox
|-damage|p2a: Chesnaught|41\/380 tox|[from] Stealth Rock
|
|-heal|p2a: Chesnaught|64\/380 tox|[from] item: Leftovers
|-damage|p2a: Chesnaught|41\/380 tox|[from] psn
|turn|20
|
|move|p1a: incoming taunt|Dark Pulse|p2a: Chesnaught
|-resisted|p2a: Chesnaught
|-damage|p2a: Chesnaught|0 fnt
|-damage|p1a: incoming taunt|221\/325|[from] item: Life Orb
|faint|p2a: Chesnaught
|
|
|switch|p2a: Snorlax|Snorlax, F|331\/504
|-damage|p2a: Snorlax|268\/504|[from] Stealth Rock
|turn|21
|
|move|p1a: incoming taunt|Superpower|p2a: Snorlax
|-supereffective|p2a: Snorlax
|-damage|p2a: Snorlax|0 fnt
|-unboost|p1a: incoming taunt|atk|1
|-unboost|p1a: incoming taunt|def|1
|-damage|p1a: incoming taunt|189\/325|[from] item: Life Orb
|faint|p2a: Snorlax
|
|
|switch|p2a: Slowking|Slowking, M|394\/394
|-damage|p2a: Slowking|345\/394|[from] Stealth Rock
|turn|22
|
|move|p1a: incoming taunt|Dark Pulse|p2a: Slowking
|-supereffective|p2a: Slowking
|-damage|p2a: Slowking|0 fnt
|-damage|p1a: incoming taunt|157\/325|[from] item: Life Orb
|faint|p2a: Slowking
|
|c|âult celsius|gg
|-message|ult celsius forfeited.
|
|win|ULT Bob
|raw|Ladder updating...
|leave|ult celsius
|player|p2
|raw|ULT Bob's rating: 1630 &rarr; <strong>1645<\/strong><br \/>(+15 for winning)
|raw|ult celsius's rating: 1531 &rarr; <strong>1516<\/strong><br \/>(-15 for losing)
|c|âULT Bob|gg