|join|ULT Bob
|join|JPimpXVids
|player|p1|ULT Bob|23
|player|p2|JPimpXVids|214
|gametype|singles
|gen|6
|tier|UU
|rated
|rule|Sleep Clause Mod: Limit one foe put to sleep
|rule|Species Clause: Limit one of each PokÃ©mon
|rule|OHKO Clause: OHKO moves are banned
|rule|Moody Clause: Moody is banned
|rule|Evasion Moves Clause: Evasion moves are banned
|rule|Endless Battle Clause: Forcing endless battles is banned
|rule|HP Percentage Mod: HP is shown in percentages
|clearpoke
|poke|p1|Cobalion
|poke|p1|Hydreigon, M
|poke|p1|Blissey, F
|poke|p1|Reuniclus, M
|poke|p1|Tentacruel, M
|poke|p1|Vaporeon, F
|poke|p2|Lucario, M
|poke|p2|Jirachi
|poke|p2|Shaymin
|poke|p2|Suicune, shiny
|poke|p2|Pidgeot, M
|poke|p2|Arcanine, M
|rule|Swagger Clause: Swagger is banned
|rule|Baton Pass Clause: Limit one PokÃ©mon knowing Baton Pass
|teampreview
|c|âJPimpXVids|holy bulk
|c|âJPimpXVids|dude, your rating man
|
|start
|switch|p1a: octuple penetratio|Tentacruel, M|359\/359
|switch|p2a: Pidgeot|Pidgeot, M|307\/307
|turn|1
|
|detailschange|p2a: Pidgeot|Pidgeot-Mega, M
|-mega|p2a: Pidgeot|Pidgeot|Pidgeotite
|move|p2a: Pidgeot|Hurricane|p1a: octuple penetratio
|-damage|p1a: octuple penetratio|157\/359
|move|p1a: octuple penetratio|Toxic Spikes|p2a: Pidgeot
|-sidestart|p2: JPimpXVids|move: Toxic Spikes
|
|-heal|p1a: octuple penetratio|179\/359|[from] item: Black Sludge
|turn|2
|
|switch|p1a: meowie's mum|Blissey, F|714\/714
|move|p2a: Pidgeot|Hurricane|p1a: meowie's mum
|-damage|p1a: meowie's mum|533\/714
|-start|p1a: meowie's mum|confusion
|
|-heal|p1a: meowie's mum|577\/714|[from] item: Leftovers
|turn|3
|
|move|p2a: Pidgeot|U-turn|p1a: meowie's mum
|-damage|p1a: meowie's mum|509\/714
|
|switch|p2a: Jirachi|Jirachi|404\/404
|-activate|p1a: meowie's mum|confusion
|-damage|p1a: meowie's mum|498\/714|[from] confusion
|
|-heal|p1a: meowie's mum|542\/714|[from] item: Leftovers
|turn|4
|
|switch|p1a: octuple penetratio|Tentacruel, M|179\/359
|move|p2a: Jirachi|Stealth Rock|p1a: octuple penetratio
|-sidestart|p1: ULT Bob|move: Stealth Rock
|
|-heal|p1a: octuple penetratio|201\/359|[from] item: Black Sludge
|turn|5
|
|move|p1a: octuple penetratio|Toxic Spikes|p2a: Jirachi
|-sidestart|p2: JPimpXVids|move: Toxic Spikes
|move|p2a: Jirachi|Thunder Wave|p1a: octuple penetratio
|-status|p1a: octuple penetratio|par
|
|-heal|p1a: octuple penetratio|223\/359 par|[from] item: Black Sludge
|turn|6
|
|move|p2a: Jirachi|Thunder Wave|p1a: octuple penetratio
|-fail|p1a: octuple penetratio|par
|move|p1a: octuple penetratio|Scald|p2a: Jirachi
|-damage|p2a: Jirachi|341\/404
|
|-heal|p2a: Jirachi|366\/404|[from] item: Leftovers
|-heal|p1a: octuple penetratio|245\/359 par|[from] item: Black Sludge
|turn|7
|
|move|p2a: Jirachi|Iron Head|p1a: octuple penetratio
|-resisted|p1a: octuple penetratio
|-damage|p1a: octuple penetratio|201\/359 par
|cant|p1a: octuple penetratio|flinch
|
|-heal|p2a: Jirachi|391\/404|[from] item: Leftovers
|-heal|p1a: octuple penetratio|223\/359 par|[from] item: Black Sludge
|turn|8
|c|âJPimpXVids|time to skill you to death
|
|move|p2a: Jirachi|Iron Head|p1a: octuple penetratio
|-resisted|p1a: octuple penetratio
|-damage|p1a: octuple penetratio|181\/359 par
|cant|p1a: octuple penetratio|flinch
|
|-heal|p2a: Jirachi|404\/404|[from] item: Leftovers
|-heal|p1a: octuple penetratio|203\/359 par|[from] item: Black Sludge
|turn|9
|c|âJPimpXVids|#skill
|
|move|p2a: Jirachi|Iron Head|p1a: octuple penetratio
|-resisted|p1a: octuple penetratio
|-damage|p1a: octuple penetratio|158\/359 par
|cant|p1a: octuple penetratio|par
|
|-heal|p1a: octuple penetratio|180\/359 par|[from] item: Black Sludge
|turn|10
|
|move|p2a: Jirachi|Iron Head|p1a: octuple penetratio
|-resisted|p1a: octuple penetratio
|-damage|p1a: octuple penetratio|134\/359 par
|move|p1a: octuple penetratio|Scald|p2a: Jirachi
|-damage|p2a: Jirachi|340\/404
|
|-heal|p2a: Jirachi|365\/404|[from] item: Leftovers
|-heal|p1a: octuple penetratio|156\/359 par|[from] item: Black Sludge
|turn|11
|
|switch|p1a: incoming taunt|Hydreigon, M|325\/325
|-damage|p1a: incoming taunt|285\/325|[from] Stealth Rock
|move|p2a: Jirachi|Iron Head|p1a: incoming taunt
|-damage|p1a: incoming taunt|177\/325
|
|-heal|p2a: Jirachi|390\/404|[from] item: Leftovers
|turn|12
|
|move|p1a: incoming taunt|Dark Pulse|p2a: Jirachi
|-supereffective|p2a: Jirachi
|-damage|p2a: Jirachi|117\/404
|-damage|p1a: incoming taunt|145\/325|[from] item: Life Orb
|cant|p2a: Jirachi|flinch
|
|-heal|p2a: Jirachi|142\/404|[from] item: Leftovers
|turn|13
|c|âJPimpXVids|welp i deserved that
|
|switch|p2a: Lucario|Lucario, M|281\/281
|move|p1a: incoming taunt|Dark Pulse|p2a: Lucario
|-resisted|p2a: Lucario
|-damage|p2a: Lucario|164\/281
|-boost|p2a: Lucario|atk|1|[from] ability: Justified
|-damage|p1a: incoming taunt|113\/325|[from] item: Life Orb
|
|turn|14
|
|switch|p1a: octuple penetratio|Tentacruel, M|156\/359 par
|-damage|p1a: octuple penetratio|112\/359 par|[from] Stealth Rock
|move|p2a: Lucario|Swords Dance|p2a: Lucario
|-boost|p2a: Lucario|atk|2
|
|-heal|p1a: octuple penetratio|134\/359 par|[from] item: Black Sludge
|turn|15
|
|move|p2a: Lucario|Extreme Speed|p1a: octuple penetratio
|-damage|p1a: octuple penetratio|0 fnt
|-damage|p2a: Lucario|136\/281|[from] item: Life Orb
|faint|p1a: octuple penetratio
|
|
|switch|p1a: what is stall|Cobalion|323\/323
|-damage|p1a: what is stall|313\/323|[from] Stealth Rock
|turn|16
|
|move|p1a: what is stall|Close Combat|p2a: Lucario
|-supereffective|p2a: Lucario
|-damage|p2a: Lucario|0 fnt
|-unboost|p1a: what is stall|def|1
|-unboost|p1a: what is stall|spd|1
|faint|p2a: Lucario
|
|
|switch|p2a: Pidgeot|Pidgeot-Mega, M|307\/307
|turn|17
|
|switch|p1a: meowie's mum|Blissey, F|542\/714
|-damage|p1a: meowie's mum|453\/714|[from] Stealth Rock
|move|p2a: Pidgeot|Hurricane|p1a: meowie's mum
|-damage|p1a: meowie's mum|276\/714
|-start|p1a: meowie's mum|confusion
|
|-heal|p1a: meowie's mum|320\/714|[from] item: Leftovers
|turn|18
|
|move|p2a: Pidgeot|Hurricane|p1a: meowie's mum
|-damage|p1a: meowie's mum|146\/714
|-activate|p1a: meowie's mum|confusion
|-damage|p1a: meowie's mum|134\/714|[from] confusion
|
|-heal|p1a: meowie's mum|178\/714|[from] item: Leftovers
|turn|19
|
|switch|p1a: cat mermaid|Vaporeon, F|464\/464
|-damage|p1a: cat mermaid|406\/464|[from] Stealth Rock
|move|p2a: Pidgeot|Hurricane|p1a: cat mermaid
|-damage|p1a: cat mermaid|193\/464
|
|-heal|p1a: cat mermaid|222\/464|[from] item: Leftovers
|turn|20
|
|move|p1a: cat mermaid|Protect|p1a: cat mermaid
|-singleturn|p1a: cat mermaid|Protect
|move|p2a: Pidgeot|Hurricane|p1a: cat mermaid
|-activate|p1a: cat mermaid|Protect
|
|-heal|p1a: cat mermaid|251\/464|[from] item: Leftovers
|turn|21
|
|move|p2a: Pidgeot|U-turn|p1a: cat mermaid
|-damage|p1a: cat mermaid|208\/464
|
|switch|p2a: Shaymin|Shaymin|342\/342
|-status|p2a: Shaymin|tox
|move|p1a: cat mermaid|Wish|p1a: cat mermaid
|
|-heal|p1a: cat mermaid|237\/464|[from] item: Leftovers
|-damage|p2a: Shaymin|321\/342 tox|[from] psn
|turn|22
|
|move|p1a: cat mermaid|Protect|p1a: cat mermaid
|-singleturn|p1a: cat mermaid|Protect
|move|p2a: Shaymin|Seed Flare|p1a: cat mermaid
|-activate|p1a: cat mermaid|Protect
|
|-heal|p1a: cat mermaid|464\/464|[from] move: Wish|[wisher] cat mermaid
|-heal|p2a: Shaymin|342\/342 tox|[from] item: Leftovers
|-damage|p2a: Shaymin|300\/342 tox|[from] psn
|turn|23
|
|switch|p1a: what is stall|Cobalion|313\/323
|-damage|p1a: what is stall|303\/323|[from] Stealth Rock
|move|p2a: Shaymin|Leech Seed|p1a: what is stall
|-start|p1a: what is stall|move: Leech Seed
|
|-heal|p2a: Shaymin|321\/342 tox|[from] item: Leftovers
|-damage|p1a: what is stall|263\/323|[from] Leech Seed|[of] p2a: Shaymin
|-heal|p2a: Shaymin|342\/342 tox|[silent]
|-damage|p2a: Shaymin|279\/342 tox|[from] psn
|turn|24
|
|switch|p1a: kawaiiiiiiiiiiiiii|Reuniclus, M|424\/424
|move|p2a: Shaymin|Synthesis|p2a: Shaymin
|-heal|p2a: Shaymin|342\/342 tox
|
|-damage|p2a: Shaymin|258\/342 tox|[from] psn
|turn|25
|
|switch|p2a: Jirachi|Jirachi|142\/404
|move|p1a: kawaiiiiiiiiiiiiii|Calm Mind|p1a: kawaiiiiiiiiiiiiii
|-boost|p1a: kawaiiiiiiiiiiiiii|spa|1
|-boost|p1a: kawaiiiiiiiiiiiiii|spd|1
|
|-heal|p2a: Jirachi|167\/404|[from] item: Leftovers
|turn|26
|
|move|p2a: Jirachi|Thunder Wave|p1a: kawaiiiiiiiiiiiiii
|-status|p1a: kawaiiiiiiiiiiiiii|par
|cant|p1a: kawaiiiiiiiiiiiiii|par
|
|-heal|p2a: Jirachi|192\/404|[from] item: Leftovers
|turn|27
|
|switch|p1a: what is stall|Cobalion|263\/323
|-damage|p1a: what is stall|253\/323|[from] Stealth Rock
|move|p2a: Jirachi|Iron Head|p1a: what is stall
|-resisted|p1a: what is stall
|-damage|p1a: what is stall|217\/323
|
|-heal|p2a: Jirachi|217\/404|[from] item: Leftovers
|turn|28
|
|switch|p2a: Arcanine|Arcanine, M|383\/383
|-status|p2a: Arcanine|tox
|-ability|p2a: Arcanine|Intimidate|[of] p1a: what is stall
|-unboost|p1a: what is stall|atk|1
|move|p1a: what is stall|Swords Dance|p1a: what is stall
|-boost|p1a: what is stall|atk|2
|
|-damage|p2a: Arcanine|360\/383 tox|[from] psn
|turn|29
|
|switch|p1a: kawaiiiiiiiiiiiiii|Reuniclus, M|424\/424 par
|move|p2a: Arcanine|Will-O-Wisp|p1a: kawaiiiiiiiiiiiiii
|-fail|p1a: kawaiiiiiiiiiiiiii
|
|-heal|p2a: Arcanine|383\/383 tox|[from] item: Leftovers
|-damage|p2a: Arcanine|337\/383 tox|[from] psn
|turn|30
|
|switch|p2a: Jirachi|Jirachi|217\/404
|move|p1a: kawaiiiiiiiiiiiiii|Calm Mind|p1a: kawaiiiiiiiiiiiiii
|-boost|p1a: kawaiiiiiiiiiiiiii|spa|1
|-boost|p1a: kawaiiiiiiiiiiiiii|spd|1
|
|-heal|p2a: Jirachi|242\/404|[from] item: Leftovers
|turn|31
|
|move|p2a: Jirachi|Thunder Wave|p1a: kawaiiiiiiiiiiiiii
|-fail|p1a: kawaiiiiiiiiiiiiii|par
|move|p1a: kawaiiiiiiiiiiiiii|Signal Beam|p2a: Jirachi
|-damage|p2a: Jirachi|155\/404
|
|-heal|p2a: Jirachi|180\/404|[from] item: Leftovers
|turn|32
|
|switch|p1a: what is stall|Cobalion|217\/323
|-damage|p1a: what is stall|207\/323|[from] Stealth Rock
|move|p2a: Jirachi|Wish|p2a: Jirachi
|
|-heal|p2a: Jirachi|205\/404|[from] item: Leftovers
|turn|33
|
|move|p1a: what is stall|Swords Dance|p1a: what is stall
|-boost|p1a: what is stall|atk|2
|move|p2a: Jirachi|Thunder Wave|p1a: what is stall
|-status|p1a: what is stall|par
|-enditem|p1a: what is stall|Lum Berry|[eat]
|-curestatus|p1a: what is stall|par
|
|-heal|p2a: Jirachi|404\/404|[from] move: Wish|[wisher] Jirachi
|turn|34
|
|move|p1a: what is stall|Close Combat|p2a: Jirachi
|-damage|p2a: Jirachi|103\/404
|-unboost|p1a: what is stall|def|1
|-unboost|p1a: what is stall|spd|1
|move|p2a: Jirachi|Thunder Wave|p1a: what is stall
|-status|p1a: what is stall|par
|
|-heal|p2a: Jirachi|128\/404|[from] item: Leftovers
|turn|35
|
|move|p2a: Jirachi|Iron Head|p1a: what is stall
|-resisted|p1a: what is stall
|-damage|p1a: what is stall|150\/323 par
|cant|p1a: what is stall|par
|
|-heal|p2a: Jirachi|153\/404|[from] item: Leftovers
|turn|36
|
|move|p2a: Jirachi|Iron Head|p1a: what is stall
|-resisted|p1a: what is stall
|-damage|p1a: what is stall|95\/323 par
|cant|p1a: what is stall|flinch
|
|-heal|p2a: Jirachi|178\/404|[from] item: Leftovers
|turn|37
|
|move|p2a: Jirachi|Iron Head|p1a: what is stall
|-resisted|p1a: what is stall
|-damage|p1a: what is stall|39\/323 par
|move|p1a: what is stall|Close Combat|p2a: Jirachi
|-damage|p2a: Jirachi|0 fnt
|-unboost|p1a: what is stall|def|1
|-unboost|p1a: what is stall|spd|1
|faint|p2a: Jirachi
|
|
|switch|p2a: Pidgeot|Pidgeot-Mega, M|307\/307
|turn|38
|
|move|p2a: Pidgeot|Hurricane|p1a: what is stall
|-damage|p1a: what is stall|0 fnt
|faint|p1a: what is stall
|
|
|switch|p1a: cat mermaid|Vaporeon, F|464\/464
|-damage|p1a: cat mermaid|406\/464|[from] Stealth Rock
|turn|39
|
|move|p2a: Pidgeot|Hurricane|p1a: cat mermaid
|-damage|p1a: cat mermaid|184\/464
|move|p1a: cat mermaid|Wish|p1a: cat mermaid
|
|-heal|p1a: cat mermaid|213\/464|[from] item: Leftovers
|turn|40
|
|move|p1a: cat mermaid|Protect|p1a: cat mermaid
|-singleturn|p1a: cat mermaid|Protect
|move|p2a: Pidgeot|Hurricane|p1a: cat mermaid
|-activate|p1a: cat mermaid|Protect
|
|-heal|p1a: cat mermaid|445\/464|[from] move: Wish|[wisher] cat mermaid
|-heal|p1a: cat mermaid|464\/464|[from] item: Leftovers
|turn|41
|
|move|p2a: Pidgeot|Hurricane|p1a: cat mermaid
|-damage|p1a: cat mermaid|253\/464
|move|p1a: cat mermaid|Wish|p1a: cat mermaid
|
|-heal|p1a: cat mermaid|282\/464|[from] item: Leftovers
|turn|42
|
|switch|p2a: Shaymin|Shaymin|258\/342
|-status|p2a: Shaymin|tox
|move|p1a: cat mermaid|Protect|p1a: cat mermaid
|-fail|p1a: cat mermaid
|
|-heal|p1a: cat mermaid|464\/464|[from] move: Wish|[wisher] cat mermaid
|-heal|p2a: Shaymin|279\/342 tox|[from] item: Leftovers
|-damage|p2a: Shaymin|258\/342 tox|[from] psn
|turn|43
|
|move|p1a: cat mermaid|Protect|p1a: cat mermaid
|-singleturn|p1a: cat mermaid|Protect
|move|p2a: Shaymin|Seed Flare|p1a: cat mermaid
|-activate|p1a: cat mermaid|Protect
|
|-heal|p2a: Shaymin|279\/342 tox|[from] item: Leftovers
|-damage|p2a: Shaymin|237\/342 tox|[from] psn
|turn|44
|
|switch|p1a: kawaiiiiiiiiiiiiii|Reuniclus, M|424\/424 par
|move|p2a: Shaymin|Seed Flare|p1a: kawaiiiiiiiiiiiiii
|-damage|p1a: kawaiiiiiiiiiiiiii|225\/424 par
|
|-heal|p2a: Shaymin|258\/342 tox|[from] item: Leftovers
|-heal|p1a: kawaiiiiiiiiiiiiii|251\/424 par|[from] item: Leftovers
|-damage|p2a: Shaymin|195\/342 tox|[from] psn
|turn|45
|
|move|p2a: Shaymin|Seed Flare|p1a: kawaiiiiiiiiiiiiii
|-crit|p1a: kawaiiiiiiiiiiiiii
|-damage|p1a: kawaiiiiiiiiiiiiii|0 fnt
|faint|p1a: kawaiiiiiiiiiiiiii
|
|-heal|p2a: Shaymin|216\/342 tox|[from] item: Leftovers
|-damage|p2a: Shaymin|132\/342 tox|[from] psn
|c|âULT Bob|of course
|
|switch|p1a: meowie's mum|Blissey, F|178\/714
|-damage|p1a: meowie's mum|89\/714|[from] Stealth Rock
|turn|46
|
|move|p2a: Shaymin|Seed Flare|p1a: meowie's mum
|-damage|p1a: meowie's mum|0 fnt
|faint|p1a: meowie's mum
|
|-heal|p2a: Shaymin|153\/342 tox|[from] item: Leftovers
|-damage|p2a: Shaymin|48\/342 tox|[from] psn
|c|âJPimpXVids|sorry man
|
|switch|p1a: incoming taunt|Hydreigon, M|113\/325
|-damage|p1a: incoming taunt|73\/325|[from] Stealth Rock
|turn|47
|
|switch|p2a: Suicune|Suicune, shiny|404\/404
|-status|p2a: Suicune|tox
|-ability|p2a: Suicune|Pressure
|move|p1a: incoming taunt|Dark Pulse|p2a: Suicune
|-damage|p2a: Suicune|235\/404 tox
|-damage|p1a: incoming taunt|41\/325|[from] item: Life Orb
|
|-heal|p2a: Suicune|260\/404 tox|[from] item: Leftovers
|-damage|p2a: Suicune|235\/404 tox|[from] psn
|turn|48
|c|âULT Bob|if you're sorry then stop being a cunt
|
|switch|p1a: cat mermaid|Vaporeon, F|464\/464
|-damage|p1a: cat mermaid|406\/464|[from] Stealth Rock
|move|p2a: Suicune|Calm Mind|p2a: Suicune
|-boost|p2a: Suicune|spa|1
|-boost|p2a: Suicune|spd|1
|
|-heal|p2a: Suicune|260\/404 tox|[from] item: Leftovers
|-heal|p1a: cat mermaid|435\/464|[from] item: Leftovers
|-damage|p2a: Suicune|210\/404 tox|[from] psn
|turn|49
|
|switch|p2a: Pidgeot|Pidgeot-Mega, M|307\/307
|move|p1a: cat mermaid|Wish|p1a: cat mermaid
|
|-heal|p1a: cat mermaid|464\/464|[from] item: Leftovers
|turn|50
|
|move|p2a: Pidgeot|U-turn|p1a: cat mermaid
|-damage|p1a: cat mermaid|417\/464
|
|switch|p2a: Shaymin|Shaymin|48\/342
|-status|p2a: Shaymin|tox
|move|p1a: cat mermaid|Scald|p2a: Shaymin
|-resisted|p2a: Shaymin
|-damage|p2a: Shaymin|0 fnt
|faint|p2a: Shaymin
|
|-heal|p1a: cat mermaid|464\/464|[from] move: Wish|[wisher] cat mermaid
|
|switch|p2a: Suicune|Suicune, shiny|210\/404 tox
|-ability|p2a: Suicune|Pressure
|turn|51
|
|move|p2a: Suicune|Calm Mind|p2a: Suicune
|-boost|p2a: Suicune|spa|1
|-boost|p2a: Suicune|spd|1
|move|p1a: cat mermaid|Wish|p1a: cat mermaid
|
|-heal|p2a: Suicune|235\/404 tox|[from] item: Leftovers
|-damage|p2a: Suicune|210\/404 tox|[from] psn
|turn|52
|join|so dynamic
|
|move|p2a: Suicune|Calm Mind|p2a: Suicune
|-boost|p2a: Suicune|spa|1
|-boost|p2a: Suicune|spd|1
|move|p1a: cat mermaid|Baton Pass|p1a: cat mermaid
|
|switch|p1a: incoming taunt|Hydreigon, M|41\/325
|-damage|p1a: incoming taunt|1\/325|[from] Stealth Rock
|
|-heal|p1a: incoming taunt|233\/325|[from] move: Wish|[wisher] cat mermaid
|-heal|p2a: Suicune|235\/404 tox|[from] item: Leftovers
|-damage|p2a: Suicune|185\/404 tox|[from] psn
|turn|53
|
|move|p1a: incoming taunt|Draco Meteor|p2a: Suicune
|-damage|p2a: Suicune|49\/404 tox
|-unboost|p1a: incoming taunt|spa|2
|-damage|p1a: incoming taunt|201\/325|[from] item: Life Orb
|move|p2a: Suicune|Rest|p2a: Suicune
|-status|p2a: Suicune|slp
|-heal|p2a: Suicune|404\/404 slp|[silent]
|-status|p2a: Suicune|slp|[from] move: Rest
|
|turn|54
|
|switch|p1a: cat mermaid|Vaporeon, F|464\/464
|-damage|p1a: cat mermaid|406\/464|[from] Stealth Rock
|cant|p2a: Suicune|slp
|move|p2a: Suicune|Sleep Talk|p2a: Suicune
|move|p2a: Suicune|Calm Mind|p2a: Suicune|[from]Sleep Talk
|-boost|p2a: Suicune|spa|1
|-boost|p2a: Suicune|spd|1
|
|-heal|p1a: cat mermaid|435\/464|[from] item: Leftovers
|turn|55
|
|cant|p2a: Suicune|slp
|move|p2a: Suicune|Sleep Talk|p2a: Suicune
|move|p2a: Suicune|Rest|p2a: Suicune|[from]Sleep Talk
|-fail|p2a: Suicune
|move|p1a: cat mermaid|Wish|p1a: cat mermaid
|
|-heal|p1a: cat mermaid|464\/464|[from] item: Leftovers
|turn|56
|
|-curestatus|p2a: Suicune|slp
|move|p2a: Suicune|Calm Mind|p2a: Suicune
|-boost|p2a: Suicune|spa|1
|-boost|p2a: Suicune|spd|1
|move|p1a: cat mermaid|Baton Pass|p1a: cat mermaid
|
|switch|p1a: incoming taunt|Hydreigon, M|201\/325
|-damage|p1a: incoming taunt|161\/325|[from] Stealth Rock
|
|-heal|p1a: incoming taunt|325\/325|[from] move: Wish|[wisher] cat mermaid
|turn|57
|
|move|p1a: incoming taunt|Dark Pulse|p2a: Suicune
|-damage|p2a: Suicune|346\/404
|-damage|p1a: incoming taunt|293\/325|[from] item: Life Orb
|move|p2a: Suicune|Scald|p1a: incoming taunt
|-resisted|p1a: incoming taunt
|-damage|p1a: incoming taunt|162\/325
|-status|p1a: incoming taunt|brn
|
|-heal|p2a: Suicune|371\/404|[from] item: Leftovers
|-damage|p1a: incoming taunt|122\/325 brn|[from] brn
|turn|58
|
|switch|p1a: cat mermaid|Vaporeon, F|464\/464
|-damage|p1a: cat mermaid|406\/464|[from] Stealth Rock
|move|p2a: Suicune|Calm Mind|p2a: Suicune
|-boost|p2a: Suicune|spa|1
|-boost|p2a: Suicune|spd|1
|
|-heal|p2a: Suicune|396\/404|[from] item: Leftovers
|-heal|p1a: cat mermaid|435\/464|[from] item: Leftovers
|turn|59
|
|move|p2a: Suicune|Calm Mind|p2a: Suicune
|-boost|p2a: Suicune|spa|1
|-boost|p2a: Suicune|spd|1
|move|p1a: cat mermaid|Baton Pass|p1a: cat mermaid
|c|âJPimpXVids|hows that pp lookin?
|
|switch|p1a: incoming taunt|Hydreigon, M|122\/325 brn
|-damage|p1a: incoming taunt|82\/325 brn|[from] Stealth Rock
|
|-heal|p2a: Suicune|404\/404|[from] item: Leftovers
|-damage|p1a: incoming taunt|42\/325 brn|[from] brn
|turn|60
|
|move|p1a: incoming taunt|Draco Meteor|p2a: Suicune
|-damage|p2a: Suicune|344\/404
|-unboost|p1a: incoming taunt|spa|2
|-damage|p1a: incoming taunt|10\/325 brn|[from] item: Life Orb
|move|p2a: Suicune|Scald|p1a: incoming taunt
|-resisted|p1a: incoming taunt
|-damage|p1a: incoming taunt|0 fnt
|faint|p1a: incoming taunt
|
|-heal|p2a: Suicune|369\/404|[from] item: Leftovers
|
|switch|p1a: cat mermaid|Vaporeon, F|435\/464
|-damage|p1a: cat mermaid|377\/464|[from] Stealth Rock
|turn|61
|
|move|p2a: Suicune|Calm Mind|p2a: Suicune
|-fail|p2a: Suicune
|move|p1a: cat mermaid|Baton Pass|p1a: cat mermaid
|-fail|p1a: cat mermaid
|
|-heal|p2a: Suicune|394\/404|[from] item: Leftovers
|-heal|p1a: cat mermaid|406\/464|[from] item: Leftovers
|turn|62
|c| so dynamic|bob doesnt bp vap pp stall
|c|âJPimpXVids|gg man
|c| so dynamic|if u have another mon
|
|move|p2a: Suicune|Calm Mind|p2a: Suicune
|-fail|p2a: Suicune
|move|p1a: cat mermaid|Baton Pass|p1a: cat mermaid
|-fail|p1a: cat mermaid
|
|-heal|p2a: Suicune|404\/404|[from] item: Leftovers
|-heal|p1a: cat mermaid|435\/464|[from] item: Leftovers
|turn|63
|c|âULT Bob|dont need another mon
|c| so dynamic|ik
|c| so dynamic|but
|
|move|p2a: Suicune|Calm Mind|p2a: Suicune
|-fail|p2a: Suicune
|move|p1a: cat mermaid|Baton Pass|p1a: cat mermaid
|-fail|p1a: cat mermaid
|
|-heal|p1a: cat mermaid|464\/464|[from] item: Leftovers
|turn|64
|c| so dynamic|u can switch into vap and waste another turn
|c|âULT Bob|rox
|
|move|p2a: Suicune|Calm Mind|p2a: Suicune
|-fail|p2a: Suicune
|move|p1a: cat mermaid|Baton Pass|p1a: cat mermaid
|-fail|p1a: cat mermaid
|
|turn|65
|c|âULT Bob|cant switch
|c|âJPimpXVids|well isnt this fun
|
|move|p2a: Suicune|Calm Mind|p2a: Suicune
|-fail|p2a: Suicune
|move|p1a: cat mermaid|Baton Pass|p1a: cat mermaid
|-fail|p1a: cat mermaid
|
|turn|66
|leave|so dynamic
|
|move|p2a: Suicune|Calm Mind|p2a: Suicune
|-fail|p2a: Suicune
|move|p1a: cat mermaid|Baton Pass|p1a: cat mermaid
|-fail|p1a: cat mermaid
|
|turn|67
|
|move|p2a: Suicune|Calm Mind|p2a: Suicune
|-fail|p2a: Suicune
|move|p1a: cat mermaid|Baton Pass|p1a: cat mermaid
|-fail|p1a: cat mermaid
|
|turn|68
|c|âJPimpXVids|bruh you were high as fuck on the ladder
|
|move|p2a: Suicune|Calm Mind|p2a: Suicune
|-fail|p2a: Suicune
|move|p1a: cat mermaid|Baton Pass|p1a: cat mermaid
|-fail|p1a: cat mermaid
|
|turn|69
|
|move|p2a: Suicune|Calm Mind|p2a: Suicune
|-fail|p2a: Suicune
|move|p1a: cat mermaid|Baton Pass|p1a: cat mermaid
|-fail|p1a: cat mermaid
|
|turn|70
|c|âJPimpXVids|you gotta real nice team bro
|
|move|p2a: Suicune|Calm Mind|p2a: Suicune
|-fail|p2a: Suicune
|move|p1a: cat mermaid|Baton Pass|p1a: cat mermaid
|-fail|p1a: cat mermaid
|
|turn|71
|
|move|p2a: Suicune|Calm Mind|p2a: Suicune
|-fail|p2a: Suicune
|move|p1a: cat mermaid|Baton Pass|p1a: cat mermaid
|-fail|p1a: cat mermaid
|
|turn|72
|c|âJPimpXVids|can you just forfeit?
|
|move|p2a: Suicune|Calm Mind|p2a: Suicune
|-fail|p2a: Suicune
|move|p1a: cat mermaid|Baton Pass|p1a: cat mermaid
|-fail|p1a: cat mermaid
|
|turn|73
|join|MyLittleDick
|
|move|p2a: Suicune|Calm Mind|p2a: Suicune
|-fail|p2a: Suicune
|move|p1a: cat mermaid|Baton Pass|p1a: cat mermaid
|-fail|p1a: cat mermaid
|
|turn|74
|
|move|p2a: Suicune|Calm Mind|p2a: Suicune
|-fail|p2a: Suicune
|move|p1a: cat mermaid|Baton Pass|p1a: cat mermaid
|-fail|p1a: cat mermaid
|
|turn|75
|
|move|p2a: Suicune|Calm Mind|p2a: Suicune
|-fail|p2a: Suicune
|move|p1a: cat mermaid|Baton Pass|p1a: cat mermaid
|-fail|p1a: cat mermaid
|
|turn|76
|
|move|p2a: Suicune|Calm Mind|p2a: Suicune
|-fail|p2a: Suicune
|move|p1a: cat mermaid|Baton Pass|p1a: cat mermaid
|-fail|p1a: cat mermaid
|
|turn|77
|
|move|p2a: Suicune|Calm Mind|p2a: Suicune
|-fail|p2a: Suicune
|move|p1a: cat mermaid|Baton Pass|p1a: cat mermaid
|-fail|p1a: cat mermaid
|
|turn|78
|
|move|p2a: Suicune|Calm Mind|p2a: Suicune
|-fail|p2a: Suicune
|move|p1a: cat mermaid|Baton Pass|p1a: cat mermaid
|-fail|p1a: cat mermaid
|
|turn|79
|
|move|p2a: Suicune|Calm Mind|p2a: Suicune
|-fail|p2a: Suicune
|move|p1a: cat mermaid|Baton Pass|p1a: cat mermaid
|-fail|p1a: cat mermaid
|
|turn|80
|
|move|p2a: Suicune|Calm Mind|p2a: Suicune
|-fail|p2a: Suicune
|move|p1a: cat mermaid|Baton Pass|p1a: cat mermaid
|-fail|p1a: cat mermaid
|
|turn|81
|c|âJPimpXVids|man is it me or is it getting awfully salty in here
|
|move|p2a: Suicune|Calm Mind|p2a: Suicune
|-fail|p2a: Suicune
|move|p1a: cat mermaid|Baton Pass|p1a: cat mermaid
|-fail|p1a: cat mermaid
|
|turn|82
|
|move|p2a: Suicune|Calm Mind|p2a: Suicune
|-fail|p2a: Suicune
|move|p1a: cat mermaid|Baton Pass|p1a: cat mermaid
|-fail|p1a: cat mermaid
|
|turn|83
|
|move|p2a: Suicune|Calm Mind|p2a: Suicune
|-fail|p2a: Suicune
|move|p1a: cat mermaid|Baton Pass|p1a: cat mermaid
|-fail|p1a: cat mermaid
|
|turn|84
|
|move|p2a: Suicune|Calm Mind|p2a: Suicune
|-fail|p2a: Suicune
|move|p1a: cat mermaid|Baton Pass|p1a: cat mermaid
|-fail|p1a: cat mermaid
|
|turn|85
|
|move|p2a: Suicune|Calm Mind|p2a: Suicune
|-fail|p2a: Suicune
|move|p1a: cat mermaid|Baton Pass|p1a: cat mermaid
|-fail|p1a: cat mermaid
|
|turn|86
|c|âJPimpXVids|lol bob u a bitch
|
|move|p2a: Suicune|Calm Mind|p2a: Suicune
|-fail|p2a: Suicune
|move|p1a: cat mermaid|Baton Pass|p1a: cat mermaid
|-fail|p1a: cat mermaid
|
|turn|87
|
|move|p2a: Suicune|Sleep Talk|p2a: Suicune
|-fail|p2a: Suicune
|move|p1a: cat mermaid|Baton Pass|p1a: cat mermaid
|-fail|p1a: cat mermaid
|
|turn|88
|
|move|p2a: Suicune|Sleep Talk|p2a: Suicune
|-fail|p2a: Suicune
|move|p1a: cat mermaid|Baton Pass|p1a: cat mermaid
|-fail|p1a: cat mermaid
|
|turn|89
|
|move|p2a: Suicune|Sleep Talk|p2a: Suicune
|-fail|p2a: Suicune
|move|p1a: cat mermaid|Baton Pass|p1a: cat mermaid
|-fail|p1a: cat mermaid
|
|turn|90
|
|move|p2a: Suicune|Sleep Talk|p2a: Suicune
|-fail|p2a: Suicune
|move|p1a: cat mermaid|Baton Pass|p1a: cat mermaid
|-fail|p1a: cat mermaid
|
|turn|91
|c| MyLittleDick|this looks like fun
|c|âJPimpXVids|yeah hes a bit mad
|
|move|p2a: Suicune|Sleep Talk|p2a: Suicune
|-fail|p2a: Suicune
|move|p1a: cat mermaid|Baton Pass|p1a: cat mermaid
|-fail|p1a: cat mermaid
|
|turn|92
|c| MyLittleDick|hes a bad sport
|c| MyLittleDick|and a pussy
|
|move|p2a: Suicune|Sleep Talk|p2a: Suicune
|-fail|p2a: Suicune
|move|p1a: cat mermaid|Baton Pass|p1a: cat mermaid
|-fail|p1a: cat mermaid
|
|turn|93
|c| MyLittleDick|fuck him
|c|âJPimpXVids|my words exactly
|
|move|p2a: Suicune|Sleep Talk|p2a: Suicune
|-fail|p2a: Suicune
|move|p1a: cat mermaid|Baton Pass|p1a: cat mermaid
|-fail|p1a: cat mermaid
|
|turn|94
|
|move|p2a: Suicune|Sleep Talk|p2a: Suicune
|-fail|p2a: Suicune
|move|p1a: cat mermaid|Baton Pass|p1a: cat mermaid
|-fail|p1a: cat mermaid
|
|turn|95
|
|move|p2a: Suicune|Sleep Talk|p2a: Suicune
|-fail|p2a: Suicune
|move|p1a: cat mermaid|Baton Pass|p1a: cat mermaid
|-fail|p1a: cat mermaid
|
|turn|96
|
|move|p2a: Suicune|Sleep Talk|p2a: Suicune
|-fail|p2a: Suicune
|move|p1a: cat mermaid|Baton Pass|p1a: cat mermaid
|-fail|p1a: cat mermaid
|
|turn|97
|
|move|p2a: Suicune|Sleep Talk|p2a: Suicune
|-fail|p2a: Suicune
|move|p1a: cat mermaid|Baton Pass|p1a: cat mermaid
|-fail|p1a: cat mermaid
|
|turn|98
|
|move|p2a: Suicune|Sleep Talk|p2a: Suicune
|-fail|p2a: Suicune
|move|p1a: cat mermaid|Baton Pass|p1a: cat mermaid
|-fail|p1a: cat mermaid
|
|turn|99
|
|move|p2a: Suicune|Sleep Talk|p2a: Suicune
|-fail|p2a: Suicune
|move|p1a: cat mermaid|Baton Pass|p1a: cat mermaid
|-fail|p1a: cat mermaid
|
|turn|100
|c|âJPimpXVids|isnt this technically against the rules?
|
|move|p2a: Suicune|Sleep Talk|p2a: Suicune
|-fail|p2a: Suicune
|move|p1a: cat mermaid|Baton Pass|p1a: cat mermaid
|-fail|p1a: cat mermaid
|
|turn|101
|
|move|p2a: Suicune|Rest|p2a: Suicune
|-fail|p2a: Suicune
|move|p1a: cat mermaid|Baton Pass|p1a: cat mermaid
|-fail|p1a: cat mermaid
|
|turn|102
|
|move|p2a: Suicune|Rest|p2a: Suicune
|-fail|p2a: Suicune
|move|p1a: cat mermaid|Baton Pass|p1a: cat mermaid
|-fail|p1a: cat mermaid
|
|turn|103
|
|move|p2a: Suicune|Rest|p2a: Suicune
|-fail|p2a: Suicune
|move|p1a: cat mermaid|Baton Pass|p1a: cat mermaid
|-fail|p1a: cat mermaid
|
|turn|104
|
|move|p2a: Suicune|Rest|p2a: Suicune
|-fail|p2a: Suicune
|move|p1a: cat mermaid|Baton Pass|p1a: cat mermaid
|-fail|p1a: cat mermaid
|
|turn|105
|
|move|p2a: Suicune|Rest|p2a: Suicune
|-fail|p2a: Suicune
|move|p1a: cat mermaid|Baton Pass|p1a: cat mermaid
|-fail|p1a: cat mermaid
|
|turn|106
|
|move|p2a: Suicune|Rest|p2a: Suicune
|-fail|p2a: Suicune
|move|p1a: cat mermaid|Baton Pass|p1a: cat mermaid
|-fail|p1a: cat mermaid
|
|turn|107
|
|move|p2a: Suicune|Rest|p2a: Suicune
|-fail|p2a: Suicune
|move|p1a: cat mermaid|Baton Pass|p1a: cat mermaid
|-fail|p1a: cat mermaid
|
|turn|108
|
|move|p2a: Suicune|Rest|p2a: Suicune
|-fail|p2a: Suicune
|move|p1a: cat mermaid|Baton Pass|p1a: cat mermaid
|-fail|p1a: cat mermaid
|
|turn|109
|
|move|p2a: Suicune|Rest|p2a: Suicune
|-fail|p2a: Suicune
|move|p1a: cat mermaid|Baton Pass|p1a: cat mermaid
|-fail|p1a: cat mermaid
|
|turn|110
|join|ULT Knave UU
|
|move|p2a: Suicune|Rest|p2a: Suicune
|-fail|p2a: Suicune
|move|p1a: cat mermaid|Baton Pass|p1a: cat mermaid
|-fail|p1a: cat mermaid
|
|turn|111
|c|âJPimpXVids|how u got so many i have pressure
|
|move|p2a: Suicune|Rest|p2a: Suicune
|-fail|p2a: Suicune
|move|p1a: cat mermaid|Baton Pass|p1a: cat mermaid
|-fail|p1a: cat mermaid
|
|turn|112
|
|move|p2a: Suicune|Rest|p2a: Suicune
|-fail|p2a: Suicune
|move|p1a: cat mermaid|Baton Pass|p1a: cat mermaid
|-fail|p1a: cat mermaid
|
|turn|113
|
|move|p2a: Suicune|Rest|p2a: Suicune
|-fail|p2a: Suicune
|move|p1a: cat mermaid|Baton Pass|p1a: cat mermaid
|-fail|p1a: cat mermaid
|
|turn|114
|
|move|p2a: Suicune|Rest|p2a: Suicune
|-fail|p2a: Suicune
|move|p1a: cat mermaid|Baton Pass|p1a: cat mermaid
|-fail|p1a: cat mermaid
|
|turn|115
|
|move|p2a: Suicune|Rest|p2a: Suicune
|-fail|p2a: Suicune
|move|p1a: cat mermaid|Baton Pass|p1a: cat mermaid
|-fail|p1a: cat mermaid
|
|turn|116
|
|move|p2a: Suicune|Scald|p1a: cat mermaid
|-immune|p1a: cat mermaid|[msg]
|move|p1a: cat mermaid|Baton Pass|p1a: cat mermaid
|-fail|p1a: cat mermaid
|
|turn|117
|c|âJPimpXVids|does it not use pp if it fails
|
|switch|p2a: Pidgeot|Pidgeot-Mega, M|307\/307
|move|p1a: cat mermaid|Scald|p2a: Pidgeot
|-damage|p2a: Pidgeot|189\/307
|-status|p2a: Pidgeot|brn
|
|-damage|p2a: Pidgeot|151\/307 brn|[from] brn
|turn|118
|
|move|p2a: Pidgeot|Hurricane|p1a: cat mermaid
|-damage|p1a: cat mermaid|269\/464
|move|p1a: cat mermaid|Scald|p2a: Pidgeot
|-damage|p2a: Pidgeot|19\/307 brn
|
|-heal|p1a: cat mermaid|298\/464|[from] item: Leftovers
|-damage|p2a: Pidgeot|0 fnt|[from] brn
|faint|p2a: Pidgeot
|
|switch|p2a: Arcanine|Arcanine, M|337\/383 tox
|-ability|p2a: Arcanine|Intimidate|[of] p1a: cat mermaid
|-unboost|p1a: cat mermaid|atk|1
|turn|119
|
|move|p1a: cat mermaid|Protect|p1a: cat mermaid
|-singleturn|p1a: cat mermaid|Protect
|move|p2a: Arcanine|Will-O-Wisp|p1a: cat mermaid
|-activate|p1a: cat mermaid|Protect
|
|-heal|p2a: Arcanine|360\/383 tox|[from] item: Leftovers
|-heal|p1a: cat mermaid|327\/464|[from] item: Leftovers
|-damage|p2a: Arcanine|337\/383 tox|[from] psn
|turn|120
|
|move|p2a: Arcanine|Will-O-Wisp|p1a: cat mermaid
|-status|p1a: cat mermaid|brn
|move|p1a: cat mermaid|Scald|p2a: Arcanine
|-supereffective|p2a: Arcanine
|-damage|p2a: Arcanine|85\/383 tox
|
|-heal|p2a: Arcanine|108\/383 tox|[from] item: Leftovers
|-heal|p1a: cat mermaid|356\/464 brn|[from] item: Leftovers
|-damage|p2a: Arcanine|62\/383 tox|[from] psn
|-damage|p1a: cat mermaid|298\/464 brn|[from] brn
|turn|121
|
|move|p2a: Arcanine|Flare Blitz|p1a: cat mermaid
|-resisted|p1a: cat mermaid
|-damage|p1a: cat mermaid|215\/464 brn
|-damage|p2a: Arcanine|35\/383 tox|[from] recoil|[of] p1a: cat mermaid
|move|p1a: cat mermaid|Scald|p2a: Arcanine
|-supereffective|p2a: Arcanine
|-damage|p2a: Arcanine|0 fnt
|faint|p2a: Arcanine
|
|-heal|p1a: cat mermaid|244\/464 brn|[from] item: Leftovers
|-damage|p1a: cat mermaid|186\/464 brn|[from] brn
|
|switch|p2a: Suicune|Suicune, shiny|404\/404
|-status|p2a: Suicune|tox
|-ability|p2a: Suicune|Pressure
|turn|122
|
|move|p2a: Suicune|Scald|p1a: cat mermaid
|-heal|p1a: cat mermaid|302\/464 brn|[from] ability: Water Absorb|[of] p2a: Suicune
|move|p1a: cat mermaid|Wish|p1a: cat mermaid
|
|-heal|p1a: cat mermaid|331\/464 brn|[from] item: Leftovers
|-damage|p2a: Suicune|379\/404 tox|[from] psn
|-damage|p1a: cat mermaid|273\/464 brn|[from] brn
|turn|123
|
|move|p2a: Suicune|Scald|p1a: cat mermaid
|-heal|p1a: cat mermaid|389\/464 brn|[from] ability: Water Absorb|[of] p2a: Suicune
|move|p1a: cat mermaid|Baton Pass|p1a: cat mermaid
|-fail|p1a: cat mermaid
|
|-heal|p1a: cat mermaid|464\/464 brn|[from] move: Wish|[wisher] cat mermaid
|-heal|p2a: Suicune|404\/404 tox|[from] item: Leftovers
|-damage|p2a: Suicune|354\/404 tox|[from] psn
|-damage|p1a: cat mermaid|406\/464 brn|[from] brn
|turn|124
|
|move|p2a: Suicune|Scald|p1a: cat mermaid
|-heal|p1a: cat mermaid|464\/464 brn|[from] ability: Water Absorb|[of] p2a: Suicune
|move|p1a: cat mermaid|Baton Pass|p1a: cat mermaid
|-fail|p1a: cat mermaid
|
|-heal|p2a: Suicune|379\/404 tox|[from] item: Leftovers
|-damage|p2a: Suicune|304\/404 tox|[from] psn
|-damage|p1a: cat mermaid|406\/464 brn|[from] brn
|turn|125
|c|âJPimpXVids|well i fucked up
|
|move|p2a: Suicune|Scald|p1a: cat mermaid
|-heal|p1a: cat mermaid|464\/464 brn|[from] ability: Water Absorb|[of] p2a: Suicune
|move|p1a: cat mermaid|Baton Pass|p1a: cat mermaid
|-fail|p1a: cat mermaid
|
|-heal|p2a: Suicune|329\/404 tox|[from] item: Leftovers
|-damage|p2a: Suicune|229\/404 tox|[from] psn
|-damage|p1a: cat mermaid|406\/464 brn|[from] brn
|turn|126
|
|move|p2a: Suicune|Scald|p1a: cat mermaid
|-heal|p1a: cat mermaid|464\/464 brn|[from] ability: Water Absorb|[of] p2a: Suicune
|move|p1a: cat mermaid|Baton Pass|p1a: cat mermaid
|-fail|p1a: cat mermaid
|
|-heal|p2a: Suicune|254\/404 tox|[from] item: Leftovers
|-damage|p2a: Suicune|129\/404 tox|[from] psn
|-damage|p1a: cat mermaid|406\/464 brn|[from] brn
|turn|127
|
|move|p2a: Suicune|Scald|p1a: cat mermaid
|-heal|p1a: cat mermaid|464\/464 brn|[from] ability: Water Absorb|[of] p2a: Suicune
|move|p1a: cat mermaid|Baton Pass|p1a: cat mermaid
|-fail|p1a: cat mermaid
|
|-heal|p2a: Suicune|154\/404 tox|[from] item: Leftovers
|-damage|p2a: Suicune|4\/404 tox|[from] psn
|-damage|p1a: cat mermaid|406\/464 brn|[from] brn
|turn|128
|c|âULT Bob|fucking cunt
|c|âJPimpXVids|lol gg bob
|
|move|p2a: Suicune|Scald|p1a: cat mermaid
|-heal|p1a: cat mermaid|464\/464 brn|[from] ability: Water Absorb|[of] p2a: Suicune
|move|p1a: cat mermaid|Scald|p2a: Suicune
|-resisted|p2a: Suicune
|-damage|p2a: Suicune|0 fnt
|faint|p2a: Suicune
|
|win|ULT Bob
|raw|Ladder updating...
|raw|ULT Bob's rating: 1624 &rarr; <strong>1632<\/strong><br \/>(+8 for winning)
|raw|JPimpXVids's rating: 1378 &rarr; <strong>1370<\/strong><br \/>(-8 for losing)
|c|âULT Bob|nah not really
|c|âJPimpXVids|u a good sport