|join|ULT Bob
|join|ult toenail
|player|p1|ULT Bob|23
|player|p2|ult toenail|147
|gametype|singles
|gen|6
|tier|UU
|rated
|rule|Sleep Clause Mod: Limit one foe put to sleep
|rule|Species Clause: Limit one of each PokÃ©mon
|rule|OHKO Clause: OHKO moves are banned
|rule|Moody Clause: Moody is banned
|rule|Evasion Moves Clause: Evasion moves are banned
|rule|Endless Battle Clause: Forcing endless battles is banned
|rule|HP Percentage Mod: HP is shown in percentages
|clearpoke
|poke|p1|Celebi
|poke|p1|Aggron, M, shiny
|poke|p1|Crobat, F, shiny
|poke|p1|Blissey, F, shiny
|poke|p1|Alomomola, M, shiny
|poke|p1|Krookodile, F, shiny
|poke|p2|Snorlax, M
|poke|p2|Whimsicott, M
|poke|p2|Hydreigon, M
|poke|p2|Doublade, M, shiny
|poke|p2|Cobalion
|poke|p2|Tentacruel, F
|rule|Swagger Clause: Swagger is banned
|rule|Baton Pass Clause: Limit one PokÃ©mon knowing Baton Pass
|teampreview
|c|âULT Bob|oh
|join|ORAS UU Testing
|c|âULT Bob|hi
|c|âult toenail|hi
|c|âult toenail|hf
|
|start
|switch|p1a: fat fuck|Aggron, M, shiny|344\/344
|switch|p2a: Dr. Dreigon|Hydreigon, M|325\/325
|turn|1
|
|detailschange|p1a: fat fuck|Aggron-Mega, M, shiny
|-mega|p1a: fat fuck|Aggron|Aggronite
|move|p2a: Dr. Dreigon|Dark Pulse|p1a: fat fuck
|-damage|p1a: fat fuck|227\/344
|move|p1a: fat fuck|Stealth Rock|p2a: Dr. Dreigon
|-sidestart|p2: ult toenail|move: Stealth Rock
|
|turn|2
|
|switch|p2a: nichze|Tentacruel, F|363\/363
|-damage|p2a: nichze|318\/363|[from] Stealth Rock
|switch|p1a: Fattest fuck|Blissey, F, shiny|714\/714
|
|-heal|p2a: nichze|340\/363|[from] item: Black Sludge
|turn|3
|
|move|p2a: nichze|Rapid Spin|p1a: Fattest fuck
|-damage|p1a: Fattest fuck|697\/714
|-sideend|p2: ult toenail|Stealth Rock|[from] move: Rapid Spin|[of] p2a: nichze
|move|p1a: Fattest fuck|Seismic Toss|p2a: nichze
|-damage|p2a: nichze|240\/363
|
|-heal|p2a: nichze|262\/363|[from] item: Black Sludge
|-heal|p1a: Fattest fuck|714\/714|[from] item: Leftovers
|turn|4
|
|move|p2a: nichze|Toxic Spikes|p1a: Fattest fuck
|-sidestart|p1: ULT Bob|move: Toxic Spikes
|move|p1a: Fattest fuck|Seismic Toss|p2a: nichze
|-damage|p2a: nichze|162\/363
|
|-heal|p2a: nichze|184\/363|[from] item: Black Sludge
|turn|5
|
|switch|p2a: SlashinLikeAnAxew|Doublade, M, shiny|321\/321
|move|p1a: Fattest fuck|Wish|p1a: Fattest fuck
|
|turn|6
|
|move|p2a: SlashinLikeAnAxew|Pursuit|p1a: Fattest fuck|[from]Pursuit
|-damage|p1a: Fattest fuck|551\/714
|switch|p1a: fat fuck|Aggron-Mega, M, shiny|227\/344
|
|-heal|p1a: fat fuck|344\/344|[from] move: Wish|[wisher] Fattest fuck
|turn|7
|
|switch|p2a: Tu Madre|Snorlax, M|497\/497
|move|p1a: fat fuck|Earthquake|p2a: Tu Madre
|-crit|p2a: Tu Madre
|-damage|p2a: Tu Madre|322\/497
|
|-heal|p2a: Tu Madre|353\/497|[from] item: Leftovers
|turn|8
|
|move|p1a: fat fuck|Stealth Rock|p2a: Tu Madre
|-sidestart|p2: ult toenail|move: Stealth Rock
|move|p2a: Tu Madre|Curse|p2a: Tu Madre
|-boost|p2a: Tu Madre|atk|1
|-boost|p2a: Tu Madre|def|1
|-unboost|p2a: Tu Madre|spe|1
|
|-heal|p2a: Tu Madre|384\/497|[from] item: Leftovers
|turn|9
|
|move|p2a: Tu Madre|Body Slam|p1a: fat fuck
|-resisted|p1a: fat fuck
|-damage|p1a: fat fuck|308\/344
|-status|p1a: fat fuck|par
|move|p1a: fat fuck|Roar|p2a: Tu Madre
|drag|p2a: nichze|Tentacruel, F|184\/363
|-damage|p2a: nichze|139\/363|[from] Stealth Rock
|
|-heal|p2a: nichze|161\/363|[from] item: Black Sludge
|turn|10
|
|move|p2a: nichze|Rapid Spin|p1a: fat fuck
|-resisted|p1a: fat fuck
|-damage|p1a: fat fuck|306\/344 par
|-sideend|p2: ult toenail|Stealth Rock|[from] move: Rapid Spin|[of] p2a: nichze
|move|p1a: fat fuck|Earthquake|p2a: nichze
|-supereffective|p2a: nichze
|-damage|p2a: nichze|0 fnt
|faint|p2a: nichze
|
|
|switch|p2a: Dr. Dreigon|Hydreigon, M|325\/325
|turn|11
|
|switch|p1a: Fattest fuck|Blissey, F, shiny|551\/714
|-status|p1a: Fattest fuck|psn
|move|p2a: Dr. Dreigon|Dark Pulse|p1a: Fattest fuck
|-damage|p1a: Fattest fuck|446\/714 psn
|
|-heal|p1a: Fattest fuck|490\/714 psn|[from] item: Leftovers
|-damage|p1a: Fattest fuck|401\/714 psn|[from] psn
|turn|12
|
|switch|p2a: Simba|Cobalion|370\/370
|switch|p1a: bob the brobat|Crobat, F, shiny|325\/325
|
|turn|13
|
|move|p1a: bob the brobat|Defog|p2a: Simba
|-unboost|p2a: Simba|evasion|1
|-sideend|p1: ULT Bob|Toxic Spikes|[from] move: Defog|[of] p1a: bob the brobat
|move|p2a: Simba|Volt Switch|p1a: bob the brobat
|-supereffective|p1a: bob the brobat
|-damage|p1a: bob the brobat|211\/325
|
|switch|p2a: Tu Madre|Snorlax, M|384\/497
|
|-heal|p1a: bob the brobat|231\/325|[from] item: Black Sludge
|-heal|p2a: Tu Madre|415\/497|[from] item: Leftovers
|turn|14
|
|switch|p1a: ugly fuck|Alomomola, M, shiny|534\/534
|move|p2a: Tu Madre|Body Slam|p1a: ugly fuck
|-damage|p1a: ugly fuck|437\/534
|-damage|p2a: Tu Madre|333\/497|[from] item: Rocky Helmet|[of] p1a: ugly fuck
|
|-heal|p2a: Tu Madre|364\/497|[from] item: Leftovers
|turn|15
|
|move|p1a: ugly fuck|Knock Off|p2a: Tu Madre
|-damage|p2a: Tu Madre|295\/497
|-enditem|p2a: Tu Madre|Leftovers|[from] move: Knock Off|[of] p1a: ugly fuck
|move|p2a: Tu Madre|Curse|p2a: Tu Madre
|-boost|p2a: Tu Madre|atk|1
|-boost|p2a: Tu Madre|def|1
|-unboost|p2a: Tu Madre|spe|1
|
|turn|16
|
|move|p1a: ugly fuck|Wish|p1a: ugly fuck
|move|p2a: Tu Madre|Curse|p2a: Tu Madre
|-boost|p2a: Tu Madre|atk|1
|-boost|p2a: Tu Madre|def|1
|-unboost|p2a: Tu Madre|spe|1
|
|turn|17
|
|switch|p1a: fat fuck|Aggron-Mega, M, shiny|306\/344 par
|move|p2a: Tu Madre|Curse|p2a: Tu Madre
|-boost|p2a: Tu Madre|atk|1
|-boost|p2a: Tu Madre|def|1
|-unboost|p2a: Tu Madre|spe|1
|
|-heal|p1a: fat fuck|344\/344 par|[from] move: Wish|[wisher] ugly fuck
|turn|18
|
|move|p2a: Tu Madre|Body Slam|p1a: fat fuck
|-resisted|p1a: fat fuck
|-damage|p1a: fat fuck|275\/344 par
|move|p1a: fat fuck|Roar|p2a: Tu Madre
|drag|p2a: Simba|Cobalion|370\/370
|
|turn|19
|
|move|p2a: Simba|Taunt|p1a: fat fuck
|-start|p1a: fat fuck|move: Taunt
|move|p1a: fat fuck|Earthquake|p2a: Simba
|-supereffective|p2a: Simba
|-damage|p2a: Simba|188\/370
|
|-heal|p2a: Simba|211\/370|[from] item: Leftovers
|turn|20
|
|switch|p1a: ugly fuck|Alomomola, M, shiny|534\/534
|move|p2a: Simba|Stealth Rock|p1a: ugly fuck
|-sidestart|p1: ULT Bob|move: Stealth Rock
|
|-heal|p2a: Simba|234\/370|[from] item: Leftovers
|turn|21
|
|move|p2a: Simba|Volt Switch|p1a: ugly fuck
|-supereffective|p1a: ugly fuck
|-damage|p1a: ugly fuck|366\/534
|
|switch|p2a: Cotton Pickin'|Whimsicott, M|261\/261
|move|p1a: ugly fuck|Knock Off|p2a: Cotton Pickin'
|-resisted|p2a: Cotton Pickin'
|-damage|p2a: Cotton Pickin'|228\/261
|-enditem|p2a: Cotton Pickin'|Leftovers|[from] move: Knock Off|[of] p1a: ugly fuck
|
|turn|22
|
|switch|p1a: cabbage|Celebi|341\/341
|-damage|p1a: cabbage|299\/341|[from] Stealth Rock
|move|p2a: Cotton Pickin'|U-turn|p1a: cabbage
|-supereffective|p1a: cabbage
|-damage|p1a: cabbage|139\/341
|
|switch|p2a: SlashinLikeAnAxew|Doublade, M, shiny|321\/321
|
|-heal|p1a: cabbage|160\/341|[from] item: Leftovers
|turn|23
|
|move|p2a: SlashinLikeAnAxew|Pursuit|p1a: cabbage|[from]Pursuit
|-supereffective|p1a: cabbage
|-damage|p1a: cabbage|0 fnt
|faint|p1a: cabbage
|
|
|switch|p1a: ugly fuck|Alomomola, M, shiny|534\/534
|-damage|p1a: ugly fuck|468\/534|[from] Stealth Rock
|turn|24
|
|switch|p2a: Dr. Dreigon|Hydreigon, M|325\/325
|move|p1a: ugly fuck|Toxic|p2a: Dr. Dreigon
|-status|p2a: Dr. Dreigon|tox
|
|-damage|p2a: Dr. Dreigon|305\/325 tox|[from] psn
|turn|25
|
|move|p2a: Dr. Dreigon|Dark Pulse|p1a: ugly fuck
|-damage|p1a: ugly fuck|198\/534
|move|p1a: ugly fuck|Wish|p1a: ugly fuck
|
|-damage|p2a: Dr. Dreigon|265\/325 tox|[from] psn
|turn|26
|
|switch|p2a: Simba|Cobalion|234\/370
|switch|p1a: Fattest fuck|Blissey, F, shiny|401\/714
|-damage|p1a: Fattest fuck|312\/714|[from] Stealth Rock
|
|-heal|p1a: Fattest fuck|579\/714|[from] move: Wish|[wisher] ugly fuck
|-heal|p2a: Simba|257\/370|[from] item: Leftovers
|-heal|p1a: Fattest fuck|623\/714|[from] item: Leftovers
|turn|27
|
|switch|p1a: ugly fuck|Alomomola, M, shiny|376\/534
|-damage|p1a: ugly fuck|310\/534|[from] Stealth Rock
|move|p2a: Simba|Volt Switch|p1a: ugly fuck
|-supereffective|p1a: ugly fuck
|-damage|p1a: ugly fuck|150\/534
|
|switch|p2a: Cotton Pickin'|Whimsicott, M|228\/261
|
|turn|28
|
|switch|p1a: bob the brobat|Crobat, F, shiny|231\/325
|-damage|p1a: bob the brobat|150\/325|[from] Stealth Rock
|move|p2a: Cotton Pickin'|U-turn|p1a: bob the brobat
|-resisted|p1a: bob the brobat
|-damage|p1a: bob the brobat|139\/325
|
|switch|p2a: Dr. Dreigon|Hydreigon, M|265\/325 tox
|
|-heal|p1a: bob the brobat|159\/325|[from] item: Black Sludge
|-damage|p2a: Dr. Dreigon|245\/325 tox|[from] psn
|turn|29
|
|switch|p1a: Fattest fuck|Blissey, F, shiny|623\/714
|-damage|p1a: Fattest fuck|534\/714|[from] Stealth Rock
|move|p2a: Dr. Dreigon|Dark Pulse|p1a: Fattest fuck
|-damage|p1a: Fattest fuck|431\/714
|
|-heal|p1a: Fattest fuck|475\/714|[from] item: Leftovers
|-damage|p2a: Dr. Dreigon|205\/325 tox|[from] psn
|turn|30
|
|switch|p2a: SlashinLikeAnAxew|Doublade, M, shiny|321\/321
|move|p1a: Fattest fuck|Wish|p1a: Fattest fuck
|
|-heal|p1a: Fattest fuck|519\/714|[from] item: Leftovers
|turn|31
|join|Fuck Yeah Murica
|
|move|p2a: SlashinLikeAnAxew|Pursuit|p1a: Fattest fuck|[from]Pursuit
|-damage|p1a: Fattest fuck|361\/714
|switch|p1a: ugly fuck|Alomomola, M, shiny|328\/534
|-damage|p1a: ugly fuck|262\/534|[from] Stealth Rock
|
|-heal|p1a: ugly fuck|534\/534|[from] move: Wish|[wisher] Fattest fuck
|turn|32
|
|switch|p2a: Simba|Cobalion|257\/370
|move|p1a: ugly fuck|Wish|p1a: ugly fuck
|
|-heal|p2a: Simba|280\/370|[from] item: Leftovers
|turn|33
|join|ULT Christo
|
|move|p2a: Simba|Volt Switch|p1a: ugly fuck
|-supereffective|p1a: ugly fuck
|-damage|p1a: ugly fuck|350\/534
|leave|ULT Christo
|
|switch|p2a: Cotton Pickin'|Whimsicott, M|228\/261
|move|p1a: ugly fuck|Knock Off|p2a: Cotton Pickin'
|-resisted|p2a: Cotton Pickin'
|-damage|p2a: Cotton Pickin'|206\/261
|
|-heal|p1a: ugly fuck|534\/534|[from] move: Wish|[wisher] ugly fuck
|turn|34
|
|move|p2a: Cotton Pickin'|Encore|p1a: ugly fuck
|-start|p1a: ugly fuck|Encore
|move|p1a: ugly fuck|Knock Off|p2a: Cotton Pickin'
|-resisted|p2a: Cotton Pickin'
|-damage|p2a: Cotton Pickin'|183\/261
|
|turn|35
|
|switch|p1a: fat fuck|Aggron-Mega, M, shiny|275\/344 par
|-damage|p1a: fat fuck|254\/344 par|[from] Stealth Rock
|move|p2a: Cotton Pickin'|U-turn|p1a: fat fuck
|-resisted|p1a: fat fuck
|-damage|p1a: fat fuck|245\/344 par
|
|switch|p2a: Simba|Cobalion|280\/370
|
|-heal|p2a: Simba|303\/370|[from] item: Leftovers
|turn|36
|
|move|p2a: Simba|Close Combat|p1a: fat fuck
|-supereffective|p1a: fat fuck
|-damage|p1a: fat fuck|145\/344 par
|-unboost|p2a: Simba|def|1
|-unboost|p2a: Simba|spd|1
|move|p1a: fat fuck|Stealth Rock|p2a: Simba
|-sidestart|p2: ult toenail|move: Stealth Rock
|
|-heal|p2a: Simba|326\/370|[from] item: Leftovers
|turn|37
|
|move|p2a: Simba|Volt Switch|p1a: fat fuck
|-damage|p1a: fat fuck|109\/344 par
|
|switch|p2a: Dr. Dreigon|Hydreigon, M|205\/325 tox
|-damage|p2a: Dr. Dreigon|165\/325 tox|[from] Stealth Rock
|move|p1a: fat fuck|Earthquake|p2a: Dr. Dreigon
|-immune|p2a: Dr. Dreigon|[msg]
|
|-damage|p2a: Dr. Dreigon|145\/325 tox|[from] psn
|turn|38
|
|switch|p1a: ugly fuck|Alomomola, M, shiny|534\/534
|-damage|p1a: ugly fuck|468\/534|[from] Stealth Rock
|move|p2a: Dr. Dreigon|U-turn|p1a: ugly fuck
|-damage|p1a: ugly fuck|424\/534
|-damage|p2a: Dr. Dreigon|91\/325 tox|[from] item: Rocky Helmet|[of] p1a: ugly fuck
|
|switch|p2a: Cotton Pickin'|Whimsicott, M|183\/261
|-damage|p2a: Cotton Pickin'|151\/261|[from] Stealth Rock
|
|turn|39
|
|switch|p1a: bob the brobat|Crobat, F, shiny|159\/325
|-damage|p1a: bob the brobat|78\/325|[from] Stealth Rock
|move|p2a: Cotton Pickin'|Giga Drain|p1a: bob the brobat
|-resisted|p1a: bob the brobat
|-damage|p1a: bob the brobat|50\/325
|-heal|p2a: Cotton Pickin'|165\/261|[from] drain|[of] p1a: bob the brobat
|
|-heal|p1a: bob the brobat|70\/325|[from] item: Black Sludge
|turn|40
|
|switch|p2a: SlashinLikeAnAxew|Doublade, M, shiny|321\/321
|-damage|p2a: SlashinLikeAnAxew|301\/321|[from] Stealth Rock
|move|p1a: bob the brobat|Roost|p1a: bob the brobat
|-heal|p1a: bob the brobat|233\/325
|
|-heal|p1a: bob the brobat|253\/325|[from] item: Black Sludge
|turn|41
|
|switch|p1a: ugly fuck|Alomomola, M, shiny|534\/534
|-damage|p1a: ugly fuck|468\/534|[from] Stealth Rock
|move|p2a: SlashinLikeAnAxew|Swords Dance|p2a: SlashinLikeAnAxew
|-boost|p2a: SlashinLikeAnAxew|atk|2
|
|turn|42
|
|switch|p2a: Cotton Pickin'|Whimsicott, M|165\/261
|-damage|p2a: Cotton Pickin'|133\/261|[from] Stealth Rock
|move|p1a: ugly fuck|Scald|p2a: Cotton Pickin'
|-resisted|p2a: Cotton Pickin'
|-damage|p2a: Cotton Pickin'|105\/261
|-status|p2a: Cotton Pickin'|brn
|
|-damage|p2a: Cotton Pickin'|73\/261 brn|[from] brn
|turn|43
|
|switch|p1a: bob the brobat|Crobat, F, shiny|253\/325
|-damage|p1a: bob the brobat|172\/325|[from] Stealth Rock
|move|p2a: Cotton Pickin'|Giga Drain|p1a: bob the brobat
|-crit|p1a: bob the brobat
|-resisted|p1a: bob the brobat
|-damage|p1a: bob the brobat|130\/325
|-heal|p2a: Cotton Pickin'|94\/261 brn|[from] drain|[of] p1a: bob the brobat
|
|-heal|p1a: bob the brobat|150\/325|[from] item: Black Sludge
|-damage|p2a: Cotton Pickin'|62\/261 brn|[from] brn
|turn|44
|
|switch|p2a: Tu Madre|Snorlax, M|295\/497
|-damage|p2a: Tu Madre|233\/497|[from] Stealth Rock
|move|p1a: bob the brobat|Roost|p1a: bob the brobat
|-heal|p1a: bob the brobat|313\/325
|
|-heal|p1a: bob the brobat|325\/325|[from] item: Black Sludge
|turn|45
|
|switch|p2a: Simba|Cobalion|326\/370
|-damage|p2a: Simba|315\/370|[from] Stealth Rock
|move|p1a: bob the brobat|Brave Bird|p2a: Simba
|-damage|p2a: Simba|189\/370
|-damage|p1a: bob the brobat|283\/325|[from] recoil|[of] p2a: Simba
|
|-heal|p1a: bob the brobat|303\/325|[from] item: Black Sludge
|-heal|p2a: Simba|212\/370|[from] item: Leftovers
|turn|46
|
|move|p1a: bob the brobat|Brave Bird|p2a: Simba
|-damage|p2a: Simba|83\/370
|-damage|p1a: bob the brobat|260\/325|[from] recoil|[of] p2a: Simba
|move|p2a: Simba|Volt Switch|p1a: bob the brobat
|-supereffective|p1a: bob the brobat
|-damage|p1a: bob the brobat|154\/325
|
|switch|p2a: SlashinLikeAnAxew|Doublade, M, shiny|301\/321
|-damage|p2a: SlashinLikeAnAxew|281\/321|[from] Stealth Rock
|
|-heal|p1a: bob the brobat|174\/325|[from] item: Black Sludge
|turn|47
|
|switch|p1a: ugly fuck|Alomomola, M, shiny|534\/534
|-damage|p1a: ugly fuck|468\/534|[from] Stealth Rock
|move|p2a: SlashinLikeAnAxew|Swords Dance|p2a: SlashinLikeAnAxew
|-boost|p2a: SlashinLikeAnAxew|atk|2
|
|turn|48
|
|switch|p2a: Tu Madre|Snorlax, M|233\/497
|-damage|p2a: Tu Madre|171\/497|[from] Stealth Rock
|move|p1a: ugly fuck|Scald|p2a: Tu Madre
|-damage|p2a: Tu Madre|141\/497
|-status|p2a: Tu Madre|brn
|
|-damage|p2a: Tu Madre|79\/497 brn|[from] brn
|turn|49
|
|switch|p1a: The Don|Krookodile, F, shiny|331\/331
|-damage|p1a: The Don|311\/331|[from] Stealth Rock
|-ability|p1a: The Don|Intimidate|[of] p2a: Tu Madre
|-unboost|p2a: Tu Madre|atk|1
|move|p2a: Tu Madre|Rest|p2a: Tu Madre
|-status|p2a: Tu Madre|slp
|-heal|p2a: Tu Madre|497\/497 slp|[silent]
|-status|p2a: Tu Madre|slp|[from] move: Rest
|
|turn|50
|join|MyLittleDick
|
|move|p1a: The Don|Superpower|p2a: Tu Madre
|-supereffective|p2a: Tu Madre
|-damage|p2a: Tu Madre|21\/497 slp
|-unboost|p1a: The Don|atk|1
|-unboost|p1a: The Don|def|1
|cant|p2a: Tu Madre|slp
|move|p2a: Tu Madre|Sleep Talk|p2a: Tu Madre
|move|p2a: Tu Madre|Rest|p2a: Tu Madre|[from]Sleep Talk
|-fail|p2a: Tu Madre
|
|turn|51
|
|move|p1a: The Don|Superpower|p2a: Tu Madre
|-supereffective|p2a: Tu Madre
|-damage|p2a: Tu Madre|0 fnt
|-unboost|p1a: The Don|atk|1
|-unboost|p1a: The Don|def|1
|faint|p2a: Tu Madre
|
|c|âult toenail|gg
|-message|ult toenail forfeited.
|leave|ult toenail
|leave|MyLittleDick
|
|win|ULT Bob
|raw|Ladder updating...
|player|p2
|raw|ULT Bob's rating: 1454 &rarr; <strong>1475<\/strong><br \/>(+21 for winning)
|raw|ult toenail's rating: 1475 &rarr; <strong>1454<\/strong><br \/>(-21 for losing)