|join|7th January 2015
|join|ULT Bob
|player|p1|7th January 2015|215
|player|p2|ULT Bob|23
|gametype|singles
|gen|6
|tier|UU
|rated
|rule|Sleep Clause Mod: Limit one foe put to sleep
|rule|Species Clause: Limit one of each PokÃ©mon
|rule|OHKO Clause: OHKO moves are banned
|rule|Moody Clause: Moody is banned
|rule|Evasion Moves Clause: Evasion moves are banned
|rule|Endless Battle Clause: Forcing endless battles is banned
|rule|HP Percentage Mod: HP is shown in percentages
|clearpoke
|poke|p1|Blastoise, F
|poke|p1|Hydreigon, M
|poke|p1|Entei, shiny
|poke|p1|Krookodile, M
|poke|p1|Infernape, F
|poke|p1|Crobat, F
|poke|p2|Cobalion
|poke|p2|Hydreigon, F
|poke|p2|Blissey, F
|poke|p2|Reuniclus, M
|poke|p2|Tentacruel, M
|poke|p2|Vaporeon, F
|rule|Swagger Clause: Swagger is banned
|rule|Baton Pass Clause: Limit one PokÃ©mon knowing Baton Pass
|teampreview
|
|start
|switch|p1a: Entei|Entei, shiny|371\/371
|switch|p2a: incoming taunt|Hydreigon, F|325\/325
|-ability|p1a: Entei|Pressure
|turn|1
|
|move|p2a: incoming taunt|Draco Meteor|p1a: Entei
|-damage|p1a: Entei|28\/371
|-unboost|p2a: incoming taunt|spa|2
|-damage|p2a: incoming taunt|293\/325|[from] item: Life Orb
|move|p1a: Entei|Sacred Fire|p2a: incoming taunt
|-crit|p2a: incoming taunt
|-resisted|p2a: incoming taunt
|-damage|p2a: incoming taunt|65\/325
|-status|p2a: incoming taunt|brn
|
|-damage|p2a: incoming taunt|25\/325 brn|[from] brn
|turn|2
|
|switch|p2a: octuple penetratio|Tentacruel, M|359\/359
|switch|p1a: Infernape|Infernape, F|293\/293
|
|turn|3
|
|move|p1a: Infernape|Earthquake|p2a: octuple penetratio
|-supereffective|p2a: octuple penetratio
|-damage|p2a: octuple penetratio|157\/359
|move|p2a: octuple penetratio|Toxic|p1a: Infernape
|-status|p1a: Infernape|tox
|
|-heal|p2a: octuple penetratio|179\/359|[from] item: Black Sludge
|-damage|p1a: Infernape|275\/293 tox|[from] psn
|turn|4
|
|switch|p1a: Krookodile|Krookodile, M|331\/331
|-ability|p1a: Krookodile|Intimidate|[of] p2a: octuple penetratio
|-unboost|p2a: octuple penetratio|atk|1
|switch|p2a: cat mermaid|Vaporeon, F|464\/464
|
|turn|5
|
|move|p1a: Krookodile|Knock Off|p2a: cat mermaid
|-damage|p2a: cat mermaid|259\/464
|-enditem|p2a: cat mermaid|Leftovers|[from] move: Knock Off|[of] p1a: Krookodile
|move|p2a: cat mermaid|Scald|p1a: Krookodile
|-supereffective|p1a: Krookodile
|-damage|p1a: Krookodile|49\/331
|-status|p1a: Krookodile|brn
|
|-damage|p1a: Krookodile|8\/331 brn|[from] brn
|turn|6
|
|move|p1a: Krookodile|Stealth Rock|p2a: cat mermaid
|-sidestart|p2: ULT Bob|move: Stealth Rock
|move|p2a: cat mermaid|Wish|p2a: cat mermaid
|
|-damage|p1a: Krookodile|0 fnt|[from] brn
|faint|p1a: Krookodile
|
|switch|p1a: Hydreigon|Hydreigon, M|325\/325
|turn|7
|
|move|p2a: cat mermaid|Protect|p2a: cat mermaid
|-singleturn|p2a: cat mermaid|Protect
|move|p1a: Hydreigon|Draco Meteor|p2a: cat mermaid
|-activate|p2a: cat mermaid|Protect
|
|-heal|p2a: cat mermaid|464\/464|[from] move: Wish|[wisher] cat mermaid
|turn|8
|
|move|p1a: Hydreigon|Draco Meteor|p2a: cat mermaid
|-damage|p2a: cat mermaid|131\/464
|-unboost|p1a: Hydreigon|spa|2
|move|p2a: cat mermaid|Wish|p2a: cat mermaid
|
|turn|9
|
|switch|p1a: Crobat|Crobat, F|319\/319
|move|p2a: cat mermaid|Protect|p2a: cat mermaid
|-fail|p2a: cat mermaid
|
|-heal|p2a: cat mermaid|363\/464|[from] move: Wish|[wisher] cat mermaid
|turn|10
|
|move|p1a: Crobat|Brave Bird|p2a: cat mermaid
|-damage|p2a: cat mermaid|135\/464
|-damage|p1a: Crobat|244\/319|[from] recoil|[of] p2a: cat mermaid
|move|p2a: cat mermaid|Wish|p2a: cat mermaid
|
|turn|11
|
|move|p2a: cat mermaid|Protect|p2a: cat mermaid
|-singleturn|p2a: cat mermaid|Protect
|move|p1a: Crobat|Roost|p1a: Crobat
|-heal|p1a: Crobat|319\/319
|
|-heal|p2a: cat mermaid|367\/464|[from] move: Wish|[wisher] cat mermaid
|turn|12
|
|switch|p2a: kawaiiiiiiiiiiiiii|Reuniclus, M|424\/424
|move|p1a: Crobat|Brave Bird|p2a: kawaiiiiiiiiiiiiii
|-damage|p2a: kawaiiiiiiiiiiiiii|264\/424
|-damage|p1a: Crobat|266\/319|[from] recoil|[of] p2a: kawaiiiiiiiiiiiiii
|
|-heal|p2a: kawaiiiiiiiiiiiiii|290\/424|[from] item: Leftovers
|turn|13
|
|move|p1a: Crobat|Taunt|p2a: kawaiiiiiiiiiiiiii
|-start|p2a: kawaiiiiiiiiiiiiii|move: Taunt
|cant|p2a: kawaiiiiiiiiiiiiii|move: Taunt|Recover
|
|-heal|p2a: kawaiiiiiiiiiiiiii|316\/424|[from] item: Leftovers
|turn|14
|
|switch|p1a: Blastoise|Blastoise, F|333\/333
|move|p2a: kawaiiiiiiiiiiiiii|Signal Beam|p1a: Blastoise
|-damage|p1a: Blastoise|261\/333
|
|-heal|p2a: kawaiiiiiiiiiiiiii|342\/424|[from] item: Leftovers
|turn|15
|
|switch|p1a: Infernape|Infernape, F|275\/293 tox
|switch|p2a: meowie's mum|Blissey, F|714\/714
|-damage|p2a: meowie's mum|625\/714|[from] Stealth Rock
|
|-heal|p2a: meowie's mum|669\/714|[from] item: Leftovers
|-damage|p1a: Infernape|257\/293 tox|[from] psn
|turn|16
|
|switch|p2a: octuple penetratio|Tentacruel, M|179\/359
|-damage|p2a: octuple penetratio|135\/359|[from] Stealth Rock
|move|p1a: Infernape|Close Combat|p2a: octuple penetratio
|-resisted|p2a: octuple penetratio
|-damage|p2a: octuple penetratio|48\/359
|-unboost|p1a: Infernape|def|1
|-unboost|p1a: Infernape|spd|1
|
|-heal|p2a: octuple penetratio|70\/359|[from] item: Black Sludge
|-damage|p1a: Infernape|221\/293 tox|[from] psn
|turn|17
|
|switch|p2a: incoming taunt|Hydreigon, F|25\/325 brn
|-damage|p2a: incoming taunt|0 fnt|[from] Stealth Rock
|faint|p2a: incoming taunt
|move|p1a: Infernape|Close Combat|p2: incoming taunt|[notarget]
|-notarget
|
|-damage|p1a: Infernape|167\/293 tox|[from] psn
|
|switch|p2a: kawaiiiiiiiiiiiiii|Reuniclus, M|342\/424
|turn|18
|
|switch|p1a: Entei|Entei, shiny|28\/371
|-ability|p1a: Entei|Pressure
|move|p2a: kawaiiiiiiiiiiiiii|Psyshock|p1a: Entei
|-damage|p1a: Entei|0 fnt
|faint|p1a: Entei
|
|-heal|p2a: kawaiiiiiiiiiiiiii|368\/424|[from] item: Leftovers
|
|switch|p1a: Hydreigon|Hydreigon, M|325\/325
|turn|19
|
|switch|p2a: meowie's mum|Blissey, F|669\/714
|-damage|p2a: meowie's mum|580\/714|[from] Stealth Rock
|move|p1a: Hydreigon|U-turn|p2a: meowie's mum
|-damage|p2a: meowie's mum|479\/714
|
|switch|p1a: Crobat|Crobat, F|266\/319
|
|-heal|p2a: meowie's mum|523\/714|[from] item: Leftovers
|turn|20
|
|move|p1a: Crobat|Super Fang|p2a: meowie's mum|[miss]
|-miss|p1a: Crobat|p2a: meowie's mum
|move|p2a: meowie's mum|Soft-Boiled|p2a: meowie's mum
|-heal|p2a: meowie's mum|714\/714
|
|turn|21
|
|move|p1a: Crobat|Taunt|p2a: meowie's mum
|-start|p2a: meowie's mum|move: Taunt
|cant|p2a: meowie's mum|move: Taunt|Stealth Rock
|
|turn|22
|
|move|p1a: Crobat|Brave Bird|p2a: meowie's mum
|-damage|p2a: meowie's mum|332\/714
|-damage|p1a: Crobat|140\/319|[from] recoil|[of] p2a: meowie's mum
|move|p2a: meowie's mum|Seismic Toss|p1a: Crobat
|-damage|p1a: Crobat|40\/319
|
|-heal|p2a: meowie's mum|376\/714|[from] item: Leftovers
|turn|23
|
|move|p1a: Crobat|Roost|p1a: Crobat
|-heal|p1a: Crobat|200\/319
|move|p2a: meowie's mum|Seismic Toss|p1a: Crobat
|-damage|p1a: Crobat|100\/319
|
|-heal|p2a: meowie's mum|420\/714|[from] item: Leftovers
|-end|p2a: meowie's mum|move: Taunt
|turn|24
|
|move|p1a: Crobat|Brave Bird|p2a: meowie's mum
|-damage|p2a: meowie's mum|84\/714
|-damage|p1a: Crobat|0 fnt|[from] recoil|[of] p2a: meowie's mum
|faint|p1a: Crobat
|move|p2a: meowie's mum|Seismic Toss|p1: Crobat|[notarget]
|-notarget
|
|-heal|p2a: meowie's mum|128\/714|[from] item: Leftovers
|
|switch|p1a: Blastoise|Blastoise, F|261\/333
|turn|25
|
|detailschange|p1a: Blastoise|Blastoise-Mega, F
|-mega|p1a: Blastoise|Blastoise|Blastoisinite
|move|p1a: Blastoise|Aura Sphere|p2a: meowie's mum
|-supereffective|p2a: meowie's mum
|-damage|p2a: meowie's mum|0 fnt
|faint|p2a: meowie's mum
|
|
|switch|p2a: octuple penetratio|Tentacruel, M|70\/359
|-damage|p2a: octuple penetratio|26\/359|[from] Stealth Rock
|turn|26
|
|move|p2a: octuple penetratio|Toxic|p1a: Blastoise
|-status|p1a: Blastoise|tox
|move|p1a: Blastoise|Aura Sphere|p2a: octuple penetratio
|-resisted|p2a: octuple penetratio
|-damage|p2a: octuple penetratio|0 fnt
|faint|p2a: octuple penetratio
|
|-damage|p1a: Blastoise|241\/333 tox|[from] psn
|
|switch|p2a: cat mermaid|Vaporeon, F|367\/464
|-damage|p2a: cat mermaid|309\/464|[from] Stealth Rock
|turn|27
|
|move|p1a: Blastoise|Dragon Pulse|p2a: cat mermaid
|-damage|p2a: cat mermaid|133\/464
|move|p2a: cat mermaid|Wish|p2a: cat mermaid
|
|-damage|p1a: Blastoise|201\/333 tox|[from] psn
|turn|28
|
|move|p2a: cat mermaid|Protect|p2a: cat mermaid
|-singleturn|p2a: cat mermaid|Protect
|move|p1a: Blastoise|Dragon Pulse|p2a: cat mermaid
|-activate|p2a: cat mermaid|Protect
|
|-heal|p2a: cat mermaid|365\/464|[from] move: Wish|[wisher] cat mermaid
|-damage|p1a: Blastoise|141\/333 tox|[from] psn
|turn|29
|
|switch|p1a: Hydreigon|Hydreigon, M|325\/325
|move|p2a: cat mermaid|Wish|p2a: cat mermaid
|
|turn|30
|
|move|p2a: cat mermaid|Protect|p2a: cat mermaid
|-singleturn|p2a: cat mermaid|Protect
|move|p1a: Hydreigon|Dark Pulse|p2a: cat mermaid
|-activate|p2a: cat mermaid|Protect
|
|-heal|p2a: cat mermaid|464\/464|[from] move: Wish|[wisher] cat mermaid
|turn|31
|
|move|p1a: Hydreigon|Dark Pulse|p2a: cat mermaid
|-damage|p2a: cat mermaid|281\/464
|move|p2a: cat mermaid|Wish|p2a: cat mermaid
|
|turn|32
|
|switch|p2a: what is stall|Cobalion|323\/323
|-damage|p2a: what is stall|313\/323|[from] Stealth Rock
|move|p1a: Hydreigon|Dark Pulse|p2a: what is stall
|-resisted|p2a: what is stall
|-damage|p2a: what is stall|171\/323
|-boost|p2a: what is stall|atk|1|[from] ability: Justified
|
|-heal|p2a: what is stall|323\/323|[from] move: Wish|[wisher] cat mermaid
|turn|33
|
|switch|p1a: Blastoise|Blastoise-Mega, F|141\/333 tox
|move|p2a: what is stall|Close Combat|p1a: Blastoise
|-damage|p1a: Blastoise|0 fnt
|-unboost|p2a: what is stall|def|1
|-unboost|p2a: what is stall|spd|1
|faint|p1a: Blastoise
|
|
|switch|p1a: Infernape|Infernape, F|167\/293 tox
|turn|34
|
|switch|p2a: kawaiiiiiiiiiiiiii|Reuniclus, M|368\/424
|move|p1a: Infernape|U-turn|p2a: kawaiiiiiiiiiiiiii
|-supereffective|p2a: kawaiiiiiiiiiiiiii
|-damage|p2a: kawaiiiiiiiiiiiiii|240\/424
|
|switch|p1a: Hydreigon|Hydreigon, M|325\/325
|
|-heal|p2a: kawaiiiiiiiiiiiiii|266\/424|[from] item: Leftovers
|turn|35
|
|move|p1a: Hydreigon|Dark Pulse|p2a: kawaiiiiiiiiiiiiii
|-supereffective|p2a: kawaiiiiiiiiiiiiii
|-damage|p2a: kawaiiiiiiiiiiiiii|0 fnt
|faint|p2a: kawaiiiiiiiiiiiiii
|
|
|switch|p2a: what is stall|Cobalion|323\/323
|-damage|p2a: what is stall|313\/323|[from] Stealth Rock
|turn|36
|
|move|p2a: what is stall|Close Combat|p1a: Hydreigon
|-supereffective|p1a: Hydreigon
|-damage|p1a: Hydreigon|0 fnt
|-unboost|p2a: what is stall|def|1
|-unboost|p2a: what is stall|spd|1
|faint|p1a: Hydreigon
|
|
|switch|p1a: Infernape|Infernape, F|167\/293 tox
|turn|37
|
|move|p1a: Infernape|Close Combat|p2a: what is stall
|-supereffective|p2a: what is stall
|-damage|p2a: what is stall|0 fnt
|-unboost|p1a: Infernape|def|1
|-unboost|p1a: Infernape|spd|1
|faint|p2a: what is stall
|
|-damage|p1a: Infernape|149\/293 tox|[from] psn
|
|switch|p2a: cat mermaid|Vaporeon, F|281\/464
|-damage|p2a: cat mermaid|223\/464|[from] Stealth Rock
|turn|38
|
|move|p2a: cat mermaid|Protect|p2a: cat mermaid
|-singleturn|p2a: cat mermaid|Protect
|move|p1a: Infernape|Close Combat|p2a: cat mermaid
|-activate|p2a: cat mermaid|Protect
|
|-damage|p1a: Infernape|113\/293 tox|[from] psn
|turn|39
|
|move|p1a: Infernape|Close Combat|p2a: cat mermaid
|-damage|p2a: cat mermaid|16\/464
|-unboost|p1a: Infernape|def|1
|-unboost|p1a: Infernape|spd|1
|move|p2a: cat mermaid|Scald|p1a: Infernape
|-supereffective|p1a: Infernape
|-damage|p1a: Infernape|0 fnt
|faint|p1a: Infernape
|
|win|ULT Bob
|raw|Ladder updating...
|raw|7th January 2015's rating: 1527 &rarr; <strong>1514<\/strong><br \/>(-13 for losing)
|raw|ULT Bob's rating: 1645 &rarr; <strong>1658<\/strong><br \/>(+13 for winning)
|c|âULT Bob|clutch
|c|â7th January 2015|was that a roll
|c|â7th January 2015|gg
|leave|ULT Bob
|player|p2
|leave|7th January 2015
|player|p1
|join|ULT Bob