|join|ULT Bob
|join|ult ajnaa
|player|p1|ULT Bob|23
|player|p2|ult ajnaa|218
|gametype|singles
|gen|6
|tier|UU
|rated
|rule|Sleep Clause Mod: Limit one foe put to sleep
|rule|Species Clause: Limit one of each PokÃ©mon
|rule|OHKO Clause: OHKO moves are banned
|rule|Moody Clause: Moody is banned
|rule|Evasion Moves Clause: Evasion moves are banned
|rule|Endless Battle Clause: Forcing endless battles is banned
|rule|HP Percentage Mod: HP is shown in percentages
|clearpoke
|poke|p1|Medicham, M
|poke|p1|Escavalier, F
|poke|p1|Vaporeon, M
|poke|p1|Krookodile, M
|poke|p1|Forretress, M
|poke|p1|Celebi
|poke|p2|Nidoqueen, F
|poke|p2|Jirachi
|poke|p2|Suicune
|poke|p2|Crobat, F
|poke|p2|Entei, shiny
|poke|p2|Shaymin
|rule|Swagger Clause: Swagger is banned
|rule|Baton Pass Clause: Limit one PokÃ©mon knowing Baton Pass
|teampreview
|join|Thisbemyalt
|c|âult ajnaa|lel
|join|Ult Kingt9722
|join|watfor
|c|âULT Bob|wut
|
|start
|switch|p1a: andy dufresne|Krookodile, M|331\/331
|switch|p2a: Shaymin|Shaymin|341\/341
|-ability|p1a: andy dufresne|Intimidate|[of] p2a: Shaymin
|-unboost|p2a: Shaymin|atk|1
|turn|1
|
|switch|p2a: Entei|Entei, shiny|371\/371
|-ability|p2a: Entei|Pressure
|switch|p1a: onion tinkerbell|Celebi|404\/404
|
|turn|2
|
|switch|p1a: cat mermaid|Vaporeon, M|464\/464
|move|p2a: Entei|Sacred Fire|p1a: cat mermaid
|-resisted|p1a: cat mermaid
|-damage|p1a: cat mermaid|320\/464
|
|-heal|p1a: cat mermaid|349\/464|[from] item: Leftovers
|turn|3
|c|âULT Bob|ffs getting slayed first turn
|
|switch|p2a: Shaymin|Shaymin|341\/341
|move|p1a: cat mermaid|Baton Pass|p1a: cat mermaid
|
|switch|p1a: midget knight|Escavalier, F|312\/312
|
|turn|4
|
|switch|p2a: Entei|Entei, shiny|371\/371
|-ability|p2a: Entei|Pressure
|move|p1a: midget knight|Knock Off|p2a: Entei
|-crit|p2a: Entei
|-damage|p2a: Entei|23\/371
|-enditem|p2a: Entei|Choice Band|[from] move: Knock Off|[of] p1a: midget knight
|
|turn|5
|
|switch|p1a: cat mermaid|Vaporeon, M|349\/464
|move|p2a: Entei|Sacred Fire|p1a: cat mermaid
|-resisted|p1a: cat mermaid
|-damage|p1a: cat mermaid|260\/464
|
|-heal|p1a: cat mermaid|289\/464|[from] item: Leftovers
|turn|6
|c|âULT Bob|easiest crit
|c|âULT Bob|of my life
|
|switch|p2a: Shaymin|Shaymin|341\/341
|move|p1a: cat mermaid|Wish|p1a: cat mermaid
|
|-heal|p1a: cat mermaid|318\/464|[from] item: Leftovers
|turn|7
|
|move|p1a: cat mermaid|Protect|p1a: cat mermaid
|-singleturn|p1a: cat mermaid|Protect
|move|p2a: Shaymin|Seed Flare|p1a: cat mermaid
|-activate|p1a: cat mermaid|Protect
|
|-heal|p1a: cat mermaid|464\/464|[from] move: Wish|[wisher] cat mermaid
|turn|8
|
|switch|p1a: onion tinkerbell|Celebi|404\/404
|move|p2a: Shaymin|Seed Flare|p1a: onion tinkerbell|[miss]
|-miss|p2a: Shaymin|p1a: onion tinkerbell
|
|turn|9
|
|switch|p2a: Jirachi|Jirachi|341\/341
|switch|p1a: midget knight|Escavalier, F|312\/312
|
|turn|10
|
|move|p2a: Jirachi|Healing Wish|p2a: Jirachi
|faint|p2a: Jirachi
|move|p1a: midget knight|Pursuit|p2: Jirachi|[notarget]
|-notarget
|
|
|switch|p2a: Entei|Entei, shiny|23\/371
|-heal|p2a: Entei|371\/371|[from] move: Healing Wish
|-ability|p2a: Entei|Pressure
|turn|11
|
|switch|p1a: cat mermaid|Vaporeon, M|464\/464
|move|p2a: Entei|Sacred Fire|p1a: cat mermaid
|-resisted|p1a: cat mermaid
|-damage|p1a: cat mermaid|371\/464
|-status|p1a: cat mermaid|brn
|
|-heal|p1a: cat mermaid|400\/464 brn|[from] item: Leftovers
|-damage|p1a: cat mermaid|342\/464 brn|[from] brn
|turn|12
|
|switch|p2a: Nidoqueen|Nidoqueen, F|347\/347
|move|p1a: cat mermaid|Wish|p1a: cat mermaid
|
|-heal|p1a: cat mermaid|371\/464 brn|[from] item: Leftovers
|-damage|p1a: cat mermaid|313\/464 brn|[from] brn
|turn|13
|
|move|p2a: Nidoqueen|Stealth Rock|p1a: cat mermaid
|-sidestart|p1: ULT Bob|move: Stealth Rock
|move|p1a: cat mermaid|Scald|p2a: Nidoqueen
|-supereffective|p2a: Nidoqueen
|-damage|p2a: Nidoqueen|107\/347
|-status|p2a: Nidoqueen|brn
|
|-heal|p1a: cat mermaid|464\/464 brn|[from] move: Wish|[wisher] cat mermaid
|-damage|p2a: Nidoqueen|64\/347 brn|[from] brn
|-damage|p1a: cat mermaid|406\/464 brn|[from] brn
|turn|14
|
|switch|p2a: Shaymin|Shaymin|341\/341
|move|p1a: cat mermaid|Wish|p1a: cat mermaid
|
|-heal|p1a: cat mermaid|435\/464 brn|[from] item: Leftovers
|-damage|p1a: cat mermaid|377\/464 brn|[from] brn
|turn|15
|
|switch|p2a: Entei|Entei, shiny|371\/371
|-ability|p2a: Entei|Pressure
|switch|p1a: onion tinkerbell|Celebi|404\/404
|-damage|p1a: onion tinkerbell|354\/404|[from] Stealth Rock
|
|-heal|p1a: onion tinkerbell|404\/404|[from] move: Wish|[wisher] cat mermaid
|turn|16
|
|switch|p1a: cat mermaid|Vaporeon, M|377\/464 brn
|-damage|p1a: cat mermaid|319\/464 brn|[from] Stealth Rock
|move|p2a: Entei|Flare Blitz|p1a: cat mermaid
|-resisted|p1a: cat mermaid
|-damage|p1a: cat mermaid|200\/464 brn
|-damage|p2a: Entei|332\/371|[from] recoil|[of] p1a: cat mermaid
|
|-heal|p1a: cat mermaid|229\/464 brn|[from] item: Leftovers
|-damage|p1a: cat mermaid|171\/464 brn|[from] brn
|turn|17
|
|move|p2a: Entei|Flare Blitz|p1a: cat mermaid
|-resisted|p1a: cat mermaid
|-damage|p1a: cat mermaid|48\/464 brn
|-damage|p2a: Entei|291\/371|[from] recoil|[of] p1a: cat mermaid
|move|p1a: cat mermaid|Scald|p2a: Entei
|-supereffective|p2a: Entei
|-damage|p2a: Entei|55\/371
|
|-heal|p1a: cat mermaid|77\/464 brn|[from] item: Leftovers
|-damage|p1a: cat mermaid|19\/464 brn|[from] brn
|turn|18
|
|move|p2a: Entei|Extreme Speed|p1a: cat mermaid
|-damage|p1a: cat mermaid|0 fnt
|faint|p1a: cat mermaid
|
|
|switch|p1a: andy dufresne|Krookodile, M|331\/331
|-damage|p1a: andy dufresne|311\/331|[from] Stealth Rock
|-ability|p1a: andy dufresne|Intimidate|[of] p2a: Entei
|-unboost|p2a: Entei|atk|1
|turn|19
|
|move|p1a: andy dufresne|Knock Off|p2a: Entei
|-damage|p2a: Entei|0 fnt
|faint|p2a: Entei
|
|
|switch|p2a: Suicune|Suicune|403\/403
|-ability|p2a: Suicune|Pressure
|turn|20
|
|switch|p2a: Crobat|Crobat, F|341\/341
|move|p1a: andy dufresne|Knock Off|p2a: Crobat
|-damage|p2a: Crobat|122\/341
|-enditem|p2a: Crobat|Black Sludge|[from] move: Knock Off|[of] p1a: andy dufresne
|
|turn|21
|
|move|p2a: Crobat|U-turn|p1a: andy dufresne
|-supereffective|p1a: andy dufresne
|-damage|p1a: andy dufresne|175\/331
|
|switch|p2a: Nidoqueen|Nidoqueen, F|64\/347 brn
|move|p1a: andy dufresne|Stealth Rock|p2a: Nidoqueen
|-sidestart|p2: ult ajnaa|move: Stealth Rock
|
|-damage|p2a: Nidoqueen|21\/347 brn|[from] brn
|turn|22
|
|move|p1a: andy dufresne|Knock Off|p2a: Nidoqueen
|-damage|p2a: Nidoqueen|0 fnt
|-enditem|p2a: Nidoqueen|Life Orb|[from] move: Knock Off|[of] p1a: andy dufresne
|faint|p2a: Nidoqueen
|
|
|switch|p2a: Shaymin|Shaymin|341\/341
|-damage|p2a: Shaymin|299\/341|[from] Stealth Rock
|turn|23
|
|switch|p1a: onion tinkerbell|Celebi|404\/404
|-damage|p1a: onion tinkerbell|354\/404|[from] Stealth Rock
|move|p2a: Shaymin|Seed Flare|p1a: onion tinkerbell
|-resisted|p1a: onion tinkerbell
|-damage|p1a: onion tinkerbell|267\/404
|-unboost|p1a: onion tinkerbell|spd|2
|-damage|p2a: Shaymin|265\/341|[from] item: Life Orb
|
|-heal|p1a: onion tinkerbell|292\/404|[from] item: Leftovers
|turn|24
|
|move|p2a: Shaymin|Seed Flare|p1a: onion tinkerbell
|-resisted|p1a: onion tinkerbell
|-damage|p1a: onion tinkerbell|94\/404
|-unboost|p1a: onion tinkerbell|spd|2
|-damage|p2a: Shaymin|231\/341|[from] item: Life Orb
|move|p1a: onion tinkerbell|Recover|p1a: onion tinkerbell
|-heal|p1a: onion tinkerbell|296\/404
|
|-heal|p1a: onion tinkerbell|321\/404|[from] item: Leftovers
|turn|25
|
|switch|p2a: Suicune|Suicune|403\/403
|-damage|p2a: Suicune|353\/403|[from] Stealth Rock
|-ability|p2a: Suicune|Pressure
|switch|p1a: allahu akbar|Forretress, M|354\/354
|-damage|p1a: allahu akbar|310\/354|[from] Stealth Rock
|
|-heal|p2a: Suicune|378\/403|[from] item: Leftovers
|-heal|p1a: allahu akbar|332\/354|[from] item: Leftovers
|turn|26
|
|move|p2a: Suicune|Scald|p1a: allahu akbar
|-damage|p1a: allahu akbar|193\/354
|move|p1a: allahu akbar|Volt Switch|p2a: Suicune
|-supereffective|p2a: Suicune
|-damage|p2a: Suicune|314\/403
|
|switch|p1a: andy dufresne|Krookodile, M|175\/331
|-damage|p1a: andy dufresne|155\/331|[from] Stealth Rock
|-ability|p1a: andy dufresne|Intimidate|[of] p2a: Suicune
|-unboost|p2a: Suicune|atk|1
|
|-heal|p2a: Suicune|339\/403|[from] item: Leftovers
|turn|27
|
|move|p1a: andy dufresne|Knock Off|p2a: Suicune
|-damage|p2a: Suicune|212\/403
|-enditem|p2a: Suicune|Leftovers|[from] move: Knock Off|[of] p1a: andy dufresne
|move|p2a: Suicune|Calm Mind|p2a: Suicune
|-boost|p2a: Suicune|spa|1
|-boost|p2a: Suicune|spd|1
|
|turn|28
|
|move|p1a: andy dufresne|Taunt|p2a: Suicune
|-start|p2a: Suicune|move: Taunt
|cant|p2a: Suicune|move: Taunt|Rest
|
|turn|29
|
|move|p1a: andy dufresne|Earthquake|p2a: Suicune
|-damage|p2a: Suicune|97\/403
|move|p2a: Suicune|Scald|p1a: andy dufresne
|-supereffective|p1a: andy dufresne
|-damage|p1a: andy dufresne|0 fnt
|faint|p1a: andy dufresne
|
|
|switch|p1a: reveal foresight|Medicham, M|261\/261
|-damage|p1a: reveal foresight|245\/261|[from] Stealth Rock
|turn|30
|
|switch|p2a: Crobat|Crobat, F|122\/341
|-damage|p2a: Crobat|37\/341|[from] Stealth Rock
|detailschange|p1a: reveal foresight|Medicham-Mega, M
|-mega|p1a: reveal foresight|Medicham|Medichamite
|move|p1a: reveal foresight|Zen Headbutt|p2a: Crobat|[miss]
|-miss|p1a: reveal foresight|p2a: Crobat
|
|turn|31
|
|move|p1a: reveal foresight|Bullet Punch|p2a: Crobat
|-damage|p2a: Crobat|0 fnt
|faint|p2a: Crobat
|
|
|switch|p2a: Shaymin|Shaymin|231\/341
|-damage|p2a: Shaymin|189\/341|[from] Stealth Rock
|turn|32
|
|switch|p1a: allahu akbar|Forretress, M|193\/354
|-damage|p1a: allahu akbar|149\/354|[from] Stealth Rock
|move|p2a: Shaymin|Seed Flare|p1a: allahu akbar
|-resisted|p1a: allahu akbar
|-damage|p1a: allahu akbar|61\/354
|-damage|p2a: Shaymin|155\/341|[from] item: Life Orb
|
|-heal|p1a: allahu akbar|83\/354|[from] item: Leftovers
|turn|33
|
|move|p2a: Shaymin|Healing Wish|p2a: Shaymin
|faint|p2a: Shaymin
|move|p1a: allahu akbar|Spikes|p2: Shaymin
|-sidestart|p2: ult ajnaa|Spikes
|
|-heal|p1a: allahu akbar|105\/354|[from] item: Leftovers
|
|switch|p2a: Suicune|Suicune|97\/403
|-heal|p2a: Suicune|403\/403|[from] move: Healing Wish
|-damage|p2a: Suicune|353\/403|[from] Stealth Rock
|-damage|p2a: Suicune|303\/403|[from] Spikes
|-ability|p2a: Suicune|Pressure
|turn|34
|
|move|p2a: Suicune|Calm Mind|p2a: Suicune
|-boost|p2a: Suicune|spa|1
|-boost|p2a: Suicune|spd|1
|move|p1a: allahu akbar|Volt Switch|p2a: Suicune
|-supereffective|p2a: Suicune
|-damage|p2a: Suicune|259\/403
|
|switch|p1a: reveal foresight|Medicham-Mega, M|245\/261
|-damage|p1a: reveal foresight|229\/261|[from] Stealth Rock
|
|turn|35
|
|move|p1a: reveal foresight|Fake Out|p2a: Suicune
|-crit|p2a: Suicune
|-damage|p2a: Suicune|177\/403
|cant|p2a: Suicune|flinch
|
|turn|36
|c|âULT Bob|ok medicham
|c|âULT Bob|you have one job
|c|âult ajnaa|im bobbin
|c|âult ajnaa|im weavin
|
|move|p1a: reveal foresight|High Jump Kick|p2a: Suicune
|-damage|p2a: Suicune|0 fnt
|faint|p2a: Suicune
|
|win|ULT Bob
|raw|Ladder updating...
|raw|ULT Bob's rating: 1358 &rarr; <strong>1370<\/strong><br \/>(+12 for winning)
|raw|ult ajnaa's rating: 1200 &rarr; <strong>1186<\/strong><br \/>(-14 for losing)
|c|âult ajnaa|im swervin
|c|âULT Bob|ty
|c|âult ajnaa|im speedin
|c| watfor|k
|c|âULT Bob|gg
|c|âult ajnaa|awe
|c|âult ajnaa|gg
|leave|watfor