|join|ULT Bob
|join|caterpie53817
|player|p1|ULT Bob|23
|player|p2|caterpie53817|184
|gametype|singles
|gen|6
|tier|UU
|rated
|rule|Sleep Clause Mod: Limit one foe put to sleep
|rule|Species Clause: Limit one of each PokÃ©mon
|rule|OHKO Clause: OHKO moves are banned
|rule|Moody Clause: Moody is banned
|rule|Evasion Moves Clause: Evasion moves are banned
|rule|Endless Battle Clause: Forcing endless battles is banned
|rule|HP Percentage Mod: HP is shown in percentages
|clearpoke
|poke|p1|Celebi
|poke|p1|Aggron, F, shiny
|poke|p1|Crobat, F, shiny
|poke|p1|Blissey, F, shiny
|poke|p1|Alomomola, M, shiny
|poke|p1|Krookodile, F, shiny
|poke|p2|Mienshao, M
|poke|p2|Doublade, M
|poke|p2|Hydreigon, M
|poke|p2|Blastoise, M
|poke|p2|Blissey, F
|poke|p2|Crobat, M
|rule|Swagger Clause: Swagger is banned
|rule|Baton Pass Clause: Limit one PokÃ©mon knowing Baton Pass
|teampreview
|
|start
|switch|p1a: ugly fuck|Alomomola, M, shiny|534\/534
|switch|p2a: Mienshao|Mienshao, M|272\/272
|turn|1
|
|move|p2a: Mienshao|Fake Out|p1a: ugly fuck
|-damage|p1a: ugly fuck|493\/534
|-damage|p2a: Mienshao|227\/272|[from] item: Rocky Helmet|[of] p1a: ugly fuck
|cant|p1a: ugly fuck|flinch
|
|turn|2
|
|move|p2a: Mienshao|U-turn|p1a: ugly fuck
|-damage|p1a: ugly fuck|421\/534
|-damage|p2a: Mienshao|182\/272|[from] item: Rocky Helmet|[of] p1a: ugly fuck
|
|switch|p2a: Blissey|Blissey, F|714\/714
|move|p1a: ugly fuck|Toxic|p2a: Blissey
|-status|p2a: Blissey|tox
|
|-damage|p2a: Blissey|670\/714 tox|[from] psn
|turn|3
|
|move|p1a: ugly fuck|Knock Off|p2a: Blissey
|-damage|p2a: Blissey|575\/714 tox
|-enditem|p2a: Blissey|Leftovers|[from] move: Knock Off|[of] p1a: ugly fuck
|move|p2a: Blissey|Stealth Rock|p1a: ugly fuck
|-sidestart|p1: ULT Bob|move: Stealth Rock
|
|-damage|p2a: Blissey|487\/714 tox|[from] psn
|turn|4
|
|switch|p1a: fat fuck|Aggron, F, shiny|344\/344
|-damage|p1a: fat fuck|323\/344|[from] Stealth Rock
|move|p2a: Blissey|Wish|p2a: Blissey
|
|-damage|p2a: Blissey|355\/714 tox|[from] psn
|turn|5
|join|SunnyORAS
|
|switch|p2a: Blastoise|Blastoise, M|362\/362
|detailschange|p1a: fat fuck|Aggron-Mega, F, shiny
|-mega|p1a: fat fuck|Aggron|Aggronite
|move|p1a: fat fuck|Roar|p2a: Blastoise
|drag|p2a: Mienshao|Mienshao, M|272\/272
|
|turn|6
|
|move|p2a: Mienshao|High Jump Kick|p1a: fat fuck
|-supereffective|p1a: fat fuck
|-damage|p1a: fat fuck|173\/344
|move|p1a: fat fuck|Heavy Slam|p2a: Mienshao
|-enditem|p2a: Mienshao|Focus Sash
|-damage|p2a: Mienshao|1\/272
|
|turn|7
|
|switch|p1a: ugly fuck|Alomomola, M, shiny|534\/534
|-damage|p1a: ugly fuck|468\/534|[from] Stealth Rock
|move|p2a: Mienshao|High Jump Kick|p1a: ugly fuck
|-damage|p1a: ugly fuck|284\/534
|-damage|p2a: Mienshao|0 fnt|[from] item: Rocky Helmet|[of] p1a: ugly fuck
|faint|p2a: Mienshao
|
|
|switch|p2a: Blastoise|Blastoise, M|362\/362
|turn|8
|c| SunnyORAS|nb nb v well phraqsed imo
|
|switch|p1a: Fattest fuck|Blissey, F, shiny|714\/714
|-damage|p1a: Fattest fuck|625\/714|[from] Stealth Rock
|detailschange|p2a: Blastoise|Blastoise-Mega, M
|-mega|p2a: Blastoise|Blastoise|Blastoisinite
|move|p2a: Blastoise|Dark Pulse|p1a: Fattest fuck
|-damage|p1a: Fattest fuck|512\/714
|
|-heal|p1a: Fattest fuck|556\/714|[from] item: Leftovers
|turn|9
|c|âULT Bob|wut
|
|switch|p2a: Blissey|Blissey, F|355\/714
|move|p1a: Fattest fuck|Wish|p1a: Fattest fuck
|
|-heal|p1a: Fattest fuck|600\/714|[from] item: Leftovers
|turn|10
|c| SunnyORAS|sorry
|
|switch|p1a: fat fuck|Aggron-Mega, F, shiny|173\/344
|-damage|p1a: fat fuck|152\/344|[from] Stealth Rock
|move|p2a: Blissey|Wish|p2a: Blissey
|
|-heal|p1a: fat fuck|344\/344|[from] move: Wish|[wisher] Fattest fuck
|turn|11
|c| SunnyORAS|I was psiotjn g somewhere lese
|c| SunnyORAS|>_>
|c| SunnyORAS|soz bob
|c|âULT Bob|oh
|
|switch|p2a: Blastoise|Blastoise-Mega, M|362\/362
|move|p1a: fat fuck|Roar|p2a: Blastoise
|drag|p2a: Crobat|Crobat, M|313\/313
|
|turn|12
|
|move|p2a: Crobat|U-turn|p1a: fat fuck
|-resisted|p1a: fat fuck
|-damage|p1a: fat fuck|316\/344
|
|switch|p2a: Blastoise|Blastoise-Mega, M|362\/362
|move|p1a: fat fuck|Heavy Slam|p2a: Blastoise
|-resisted|p2a: Blastoise
|-damage|p2a: Blastoise|314\/362
|
|turn|13
|
|switch|p1a: Fattest fuck|Blissey, F, shiny|600\/714
|-damage|p1a: Fattest fuck|511\/714|[from] Stealth Rock
|move|p2a: Blastoise|Scald|p1a: Fattest fuck
|-damage|p1a: Fattest fuck|396\/714
|
|-heal|p1a: Fattest fuck|440\/714|[from] item: Leftovers
|turn|14
|
|switch|p2a: Blissey|Blissey, F|355\/714
|move|p1a: Fattest fuck|Wish|p1a: Fattest fuck
|
|-heal|p1a: Fattest fuck|484\/714|[from] item: Leftovers
|turn|15
|
|move|p2a: Blissey|Wish|p2a: Blissey
|move|p1a: Fattest fuck|Seismic Toss|p2a: Blissey
|-damage|p2a: Blissey|255\/714
|
|-heal|p1a: Fattest fuck|714\/714|[from] move: Wish|[wisher] Fattest fuck
|turn|16
|
|move|p2a: Blissey|Seismic Toss|p1a: Fattest fuck
|-damage|p1a: Fattest fuck|614\/714
|move|p1a: Fattest fuck|Wish|p1a: Fattest fuck
|
|-heal|p2a: Blissey|612\/714|[from] move: Wish|[wisher] Blissey
|-heal|p1a: Fattest fuck|658\/714|[from] item: Leftovers
|turn|17
|
|switch|p1a: The Don|Krookodile, F, shiny|331\/331
|-damage|p1a: The Don|311\/331|[from] Stealth Rock
|-ability|p1a: The Don|Intimidate|[of] p2a: Blissey
|-unboost|p2a: Blissey|atk|1
|move|p2a: Blissey|Wish|p2a: Blissey
|
|-heal|p1a: The Don|331\/331|[from] move: Wish|[wisher] Fattest fuck
|turn|18
|
|move|p1a: The Don|Knock Off|p2a: Blissey
|-damage|p2a: Blissey|335\/714
|move|p2a: Blissey|Seismic Toss|p1a: The Don
|-damage|p1a: The Don|231\/331
|
|-heal|p2a: Blissey|692\/714|[from] move: Wish|[wisher] Blissey
|turn|19
|
|switch|p1a: cabbage tinkerbell|Celebi|341\/341
|-damage|p1a: cabbage tinkerbell|299\/341|[from] Stealth Rock
|move|p2a: Blissey|Wish|p2a: Blissey
|
|-heal|p1a: cabbage tinkerbell|320\/341|[from] item: Leftovers
|turn|20
|
|switch|p1a: fat fuck|Aggron-Mega, F, shiny|316\/344
|-damage|p1a: fat fuck|295\/344|[from] Stealth Rock
|switch|p2a: Crobat|Crobat, M|313\/313
|
|turn|21
|
|move|p2a: Crobat|U-turn|p1a: fat fuck
|-resisted|p1a: fat fuck
|-damage|p1a: fat fuck|267\/344
|
|switch|p2a: Blastoise|Blastoise-Mega, M|314\/362
|move|p1a: fat fuck|Stealth Rock|p2a: Blastoise
|-sidestart|p2: caterpie53817|move: Stealth Rock
|
|turn|22
|
|move|p2a: Blastoise|Rapid Spin|p1a: fat fuck
|-resisted|p1a: fat fuck
|-damage|p1a: fat fuck|264\/344
|-sideend|p2: caterpie53817|Stealth Rock|[from] move: Rapid Spin|[of] p2a: Blastoise
|move|p1a: fat fuck|Earthquake|p2a: Blastoise
|-damage|p2a: Blastoise|223\/362
|
|turn|23
|
|switch|p1a: Fattest fuck|Blissey, F, shiny|658\/714
|-damage|p1a: Fattest fuck|569\/714|[from] Stealth Rock
|move|p2a: Blastoise|Aura Sphere|p1a: Fattest fuck
|-supereffective|p1a: Fattest fuck
|-damage|p1a: Fattest fuck|349\/714
|
|-heal|p1a: Fattest fuck|393\/714|[from] item: Leftovers
|turn|24
|
|move|p2a: Blastoise|Aura Sphere|p1a: Fattest fuck
|-supereffective|p1a: Fattest fuck
|-damage|p1a: Fattest fuck|165\/714
|move|p1a: Fattest fuck|Wish|p1a: Fattest fuck
|
|-heal|p1a: Fattest fuck|209\/714|[from] item: Leftovers
|turn|25
|
|switch|p2a: Blissey|Blissey, F|692\/714
|move|p1a: Fattest fuck|Protect|p1a: Fattest fuck
|-fail|p1a: Fattest fuck
|
|-heal|p1a: Fattest fuck|566\/714|[from] move: Wish|[wisher] Fattest fuck
|-heal|p1a: Fattest fuck|610\/714|[from] item: Leftovers
|turn|26
|join|ULT Meowie
|
|switch|p1a: cabbage tinkerbell|Celebi|320\/341
|-damage|p1a: cabbage tinkerbell|278\/341|[from] Stealth Rock
|move|p2a: Blissey|Wish|p2a: Blissey
|
|-heal|p1a: cabbage tinkerbell|299\/341|[from] item: Leftovers
|turn|27
|
|switch|p2a: Crobat|Crobat, M|313\/313
|move|p1a: cabbage tinkerbell|Swords Dance|p1a: cabbage tinkerbell
|-boost|p1a: cabbage tinkerbell|atk|2
|
|-heal|p1a: cabbage tinkerbell|320\/341|[from] item: Leftovers
|turn|28
|join|Truth In Lies
|
|switch|p1a: ugly fuck|Alomomola, M, shiny|462\/534
|-damage|p1a: ugly fuck|396\/534|[from] Stealth Rock
|move|p2a: Crobat|U-turn|p1a: ugly fuck
|-damage|p1a: ugly fuck|304\/534
|-damage|p2a: Crobat|261\/313|[from] item: Rocky Helmet|[of] p1a: ugly fuck
|join|Fire Lord Mako
|
|switch|p2a: Hydreigon|Hydreigon, M|388\/388
|
|turn|29
|
|switch|p1a: Fattest fuck|Blissey, F, shiny|610\/714
|-damage|p1a: Fattest fuck|521\/714|[from] Stealth Rock
|move|p2a: Hydreigon|Draco Meteor|p1a: Fattest fuck
|-damage|p1a: Fattest fuck|335\/714
|-unboost|p2a: Hydreigon|spa|2
|
|-heal|p1a: Fattest fuck|379\/714|[from] item: Leftovers
|turn|30
|c| Truth In Lies|Why does this team look like offense with random blissey to tactically lose momentum
|c| SunnyORAS|lol
|
|switch|p2a: Blissey|Blissey, F|692\/714
|move|p1a: Fattest fuck|Wish|p1a: Fattest fuck
|
|-heal|p1a: Fattest fuck|423\/714|[from] item: Leftovers
|turn|31
|c|âULT Bob|momentum is for losers
|
|move|p1a: Fattest fuck|Seismic Toss|p2a: Blissey
|-damage|p2a: Blissey|592\/714
|move|p2a: Blissey|Wish|p2a: Blissey
|
|-heal|p1a: Fattest fuck|714\/714|[from] move: Wish|[wisher] Fattest fuck
|turn|32
|
|switch|p2a: Blastoise|Blastoise-Mega, M|223\/362
|switch|p1a: ugly fuck|Alomomola, M, shiny|482\/534
|-damage|p1a: ugly fuck|416\/534|[from] Stealth Rock
|
|-heal|p2a: Blastoise|362\/362|[from] move: Wish|[wisher] Blissey
|turn|33
|
|move|p2a: Blastoise|Dark Pulse|p1a: ugly fuck
|-damage|p1a: ugly fuck|112\/534
|move|p1a: ugly fuck|Toxic|p2a: Blastoise
|-status|p2a: Blastoise|tox
|
|-damage|p2a: Blastoise|340\/362 tox|[from] psn
|turn|34
|
|switch|p1a: Fattest fuck|Blissey, F, shiny|714\/714
|-damage|p1a: Fattest fuck|625\/714|[from] Stealth Rock
|move|p2a: Blastoise|Aura Sphere|p1a: Fattest fuck
|-supereffective|p1a: Fattest fuck
|-damage|p1a: Fattest fuck|391\/714
|
|-heal|p1a: Fattest fuck|435\/714|[from] item: Leftovers
|-damage|p2a: Blastoise|296\/362 tox|[from] psn
|turn|35
|
|switch|p2a: Crobat|Crobat, M|261\/313
|move|p1a: Fattest fuck|Wish|p1a: Fattest fuck
|
|-heal|p1a: Fattest fuck|479\/714|[from] item: Leftovers
|turn|36
|
|move|p2a: Crobat|U-turn|p1a: Fattest fuck
|-damage|p1a: Fattest fuck|285\/714
|
|switch|p2a: Doublade|Doublade, M|322\/322
|move|p1a: Fattest fuck|Seismic Toss|p2a: Doublade
|-immune|p2a: Doublade|[msg]
|
|-heal|p1a: Fattest fuck|642\/714|[from] move: Wish|[wisher] Fattest fuck
|-heal|p1a: Fattest fuck|686\/714|[from] item: Leftovers
|turn|37
|
|switch|p1a: ugly fuck|Alomomola, M, shiny|290\/534
|-damage|p1a: ugly fuck|224\/534|[from] Stealth Rock
|switch|p2a: Hydreigon|Hydreigon, M|388\/388
|
|turn|38
|
|switch|p1a: Fattest fuck|Blissey, F, shiny|686\/714
|-damage|p1a: Fattest fuck|597\/714|[from] Stealth Rock
|move|p2a: Hydreigon|U-turn|p1a: Fattest fuck
|-damage|p1a: Fattest fuck|497\/714
|
|switch|p2a: Crobat|Crobat, M|261\/313
|
|-heal|p1a: Fattest fuck|541\/714|[from] item: Leftovers
|turn|39
|
|move|p2a: Crobat|Cross Poison|p1a: Fattest fuck
|-damage|p1a: Fattest fuck|267\/714
|move|p1a: Fattest fuck|Wish|p1a: Fattest fuck
|
|-heal|p1a: Fattest fuck|311\/714|[from] item: Leftovers
|turn|40
|c|âULT Bob|sick lefties
|
|move|p1a: Fattest fuck|Protect|p1a: Fattest fuck
|-singleturn|p1a: Fattest fuck|Protect
|move|p2a: Crobat|Cross Poison|p1a: Fattest fuck
|-activate|p1a: Fattest fuck|Protect
|
|-heal|p1a: Fattest fuck|668\/714|[from] move: Wish|[wisher] Fattest fuck
|-heal|p1a: Fattest fuck|712\/714|[from] item: Leftovers
|turn|41
|
|switch|p2a: Blastoise|Blastoise-Mega, M|296\/362 tox
|switch|p1a: fat fuck|Aggron-Mega, F, shiny|264\/344
|-damage|p1a: fat fuck|243\/344|[from] Stealth Rock
|
|-damage|p2a: Blastoise|274\/362 tox|[from] psn
|turn|42
|c| ULT Meowie|do the thing
|c| ULT Meowie|where you win
|
|switch|p1a: Fattest fuck|Blissey, F, shiny|712\/714
|-damage|p1a: Fattest fuck|623\/714|[from] Stealth Rock
|move|p2a: Blastoise|Aura Sphere|p1a: Fattest fuck
|-supereffective|p1a: Fattest fuck
|-damage|p1a: Fattest fuck|367\/714
|
|-heal|p1a: Fattest fuck|411\/714|[from] item: Leftovers
|-damage|p2a: Blastoise|230\/362 tox|[from] psn
|turn|43
|c|âULT Bob|on it boss
|c| ULT Meowie|yay
|c|âULT Bob|gimme 50 more turns
|c| ULT Meowie|he did the thing
|
|switch|p2a: Doublade|Doublade, M|322\/322
|move|p1a: Fattest fuck|Wish|p1a: Fattest fuck
|
|-heal|p1a: Fattest fuck|455\/714|[from] item: Leftovers
|turn|44
|
|switch|p1a: ugly fuck|Alomomola, M, shiny|402\/534
|-damage|p1a: ugly fuck|336\/534|[from] Stealth Rock
|move|p2a: Doublade|Swords Dance|p2a: Doublade
|-boost|p2a: Doublade|atk|2
|
|-heal|p1a: ugly fuck|534\/534|[from] move: Wish|[wisher] Fattest fuck
|turn|45
|
|switch|p2a: Blissey|Blissey, F|592\/714
|move|p1a: ugly fuck|Scald|p2a: Blissey
|-damage|p2a: Blissey|559\/714
|
|turn|46
|
|move|p1a: ugly fuck|Wish|p1a: ugly fuck
|move|p2a: Blissey|Wish|p2a: Blissey
|
|turn|47
|c| SunnyORAS|this feels like a GSC game lol
|c| SunnyORAS|this'll go over a hundred turns prolly
|c|âULT Bob|not even ballsy enough to go for +6
|
|switch|p1a: Fattest fuck|Blissey, F, shiny|455\/714
|-damage|p1a: Fattest fuck|366\/714|[from] Stealth Rock
|switch|p2a: Blastoise|Blastoise-Mega, M|230\/362 tox
|
|-heal|p1a: Fattest fuck|633\/714|[from] move: Wish|[wisher] ugly fuck
|-heal|p2a: Blastoise|362\/362 tox|[from] move: Wish|[wisher] Blissey
|-heal|p1a: Fattest fuck|677\/714|[from] item: Leftovers
|-damage|p2a: Blastoise|340\/362 tox|[from] psn
|turn|48
|c| ULT Meowie|its not a gsc
|c|âULT Bob|while avoiding burns
|join|ULT Chilli
|c| ULT Meowie|theres too many new things
|c| ULT Meowie|xD
|c| ULT Meowie|mienshao isnt gen 2
|c| ULT Meowie|xDDD
|
|switch|p2a: Crobat|Crobat, M|261\/313
|move|p1a: Fattest fuck|Seismic Toss|p2a: Crobat
|-damage|p2a: Crobat|161\/313
|
|-heal|p1a: Fattest fuck|714\/714|[from] item: Leftovers
|turn|49
|
|switch|p1a: ugly fuck|Alomomola, M, shiny|534\/534
|-damage|p1a: ugly fuck|468\/534|[from] Stealth Rock
|move|p2a: Crobat|U-turn|p1a: ugly fuck
|-damage|p1a: ugly fuck|381\/534
|-damage|p2a: Crobat|109\/313|[from] item: Rocky Helmet|[of] p1a: ugly fuck
|c| SunnyORAS|I mean in terms of the length of the game
|
|switch|p2a: Hydreigon|Hydreigon, M|388\/388
|
|turn|50
|c| SunnyORAS|bob is atually running stall
|c| SunnyORAS|you're running some weird mis mash of offense+blissey
|c| SunnyORAS|read
|
|switch|p1a: Fattest fuck|Blissey, F, shiny|714\/714
|-damage|p1a: Fattest fuck|625\/714|[from] Stealth Rock
|move|p2a: Hydreigon|Dark Pulse|p1a: Fattest fuck
|-crit|p1a: Fattest fuck
|-damage|p1a: Fattest fuck|454\/714
|
|-heal|p1a: Fattest fuck|498\/714|[from] item: Leftovers
|turn|51
|c| SunnyORAS|this is gonn be boring
|
|switch|p2a: Doublade|Doublade, M|322\/322
|switch|p1a: The Don|Krookodile, F, shiny|231\/331
|-damage|p1a: The Don|211\/331|[from] Stealth Rock
|-ability|p1a: The Don|Intimidate|[of] p2a: Doublade
|-unboost|p2a: Doublade|atk|1
|
|turn|52
|
|move|p1a: The Don|Knock Off|p2a: Doublade
|-supereffective|p2a: Doublade
|-damage|p2a: Doublade|152\/322
|-enditem|p2a: Doublade|Eviolite|[from] move: Knock Off|[of] p1a: The Don
|move|p2a: Doublade|Sacred Sword|p1a: The Don
|-supereffective|p1a: The Don
|-damage|p1a: The Don|99\/331
|
|turn|53
|
|switch|p2a: Blastoise|Blastoise-Mega, M|340\/362 tox
|move|p1a: The Don|Knock Off|p2a: Blastoise
|-damage|p2a: Blastoise|217\/362 tox
|
|-damage|p2a: Blastoise|195\/362 tox|[from] psn
|turn|54
|c|âULT Bob|i just realised
|c|âULT Bob|doublade has fkn 150 def
|c| ULT Meowie|ya
|c| SunnyORAS|yes
|c| ULT Meowie|its fat
|
|switch|p1a: cabbage tinkerbell|Celebi|320\/341
|-damage|p1a: cabbage tinkerbell|278\/341|[from] Stealth Rock
|move|p2a: Blastoise|Aura Sphere|p1a: cabbage tinkerbell
|-resisted|p1a: cabbage tinkerbell
|-damage|p1a: cabbage tinkerbell|204\/341
|
|-heal|p1a: cabbage tinkerbell|225\/341|[from] item: Leftovers
|-damage|p2a: Blastoise|151\/362 tox|[from] psn
|turn|55
|c| Truth In Lies|It has 150 speed in SS but rip that OM
|join|DMT
|leave|DMT
|
|switch|p2a: Hydreigon|Hydreigon, M|388\/388
|move|p1a: cabbage tinkerbell|Swords Dance|p1a: cabbage tinkerbell
|-boost|p1a: cabbage tinkerbell|atk|2
|
|-heal|p1a: cabbage tinkerbell|246\/341|[from] item: Leftovers
|turn|56
|c| SunnyORAS|ooh I love SD Celebi
|c| SunnyORAS|^_^
|c| SunnyORAS|v bulky
|
|switch|p1a: Fattest fuck|Blissey, F, shiny|498\/714
|-damage|p1a: Fattest fuck|409\/714|[from] Stealth Rock
|move|p2a: Hydreigon|Dark Pulse|p1a: Fattest fuck
|-damage|p1a: Fattest fuck|297\/714
|
|-heal|p1a: Fattest fuck|341\/714|[from] item: Leftovers
|turn|57
|
|move|p2a: Hydreigon|Dark Pulse|p1a: Fattest fuck
|-damage|p1a: Fattest fuck|223\/714
|move|p1a: Fattest fuck|Wish|p1a: Fattest fuck
|
|-heal|p1a: Fattest fuck|267\/714|[from] item: Leftovers
|turn|58
|c| Truth In Lies|Celebi was gonna eat that up:(
|
|move|p2a: Hydreigon|Superpower|p1a: Fattest fuck
|-supereffective|p1a: Fattest fuck
|-damage|p1a: Fattest fuck|0 fnt
|-unboost|p2a: Hydreigon|atk|1
|-unboost|p2a: Hydreigon|def|1
|faint|p1a: Fattest fuck
|
|c|âULT Bob|rip
|c| SunnyORAS|ahahahahah
|c| Truth In Lies|Ah nice Ebelt lure
|c| SunnyORAS|nicely baited
|
|switch|p1a: bob the brobat|Crobat, F, shiny|325\/325
|-damage|p1a: bob the brobat|244\/325|[from] Stealth Rock
|turn|59
|
|switch|p2a: Doublade|Doublade, M|152\/322
|move|p1a: bob the brobat|Brave Bird|p2a: Doublade
|-resisted|p2a: Doublade
|-damage|p2a: Doublade|108\/322
|-damage|p1a: bob the brobat|229\/325|[from] recoil|[of] p2a: Doublade
|
|-heal|p1a: bob the brobat|249\/325|[from] item: Black Sludge
|turn|60
|
|switch|p1a: ugly fuck|Alomomola, M, shiny|534\/534
|-damage|p1a: ugly fuck|468\/534|[from] Stealth Rock
|switch|p2a: Blissey|Blissey, F|559\/714
|
|turn|61
|
|move|p1a: ugly fuck|Wish|p1a: ugly fuck
|move|p2a: Blissey|Wish|p2a: Blissey
|
|turn|62
|
|switch|p1a: fat fuck|Aggron-Mega, F, shiny|243\/344
|-damage|p1a: fat fuck|222\/344|[from] Stealth Rock
|switch|p2a: Blastoise|Blastoise-Mega, M|151\/362 tox
|
|-heal|p2a: Blastoise|362\/362 tox|[from] move: Wish|[wisher] Blissey
|-heal|p1a: fat fuck|344\/344|[from] move: Wish|[wisher] ugly fuck
|-damage|p2a: Blastoise|340\/362 tox|[from] psn
|turn|63
|
|move|p2a: Blastoise|Aura Sphere|p1a: fat fuck
|-supereffective|p1a: fat fuck
|-damage|p1a: fat fuck|139\/344
|move|p1a: fat fuck|Earthquake|p2a: Blastoise
|-damage|p2a: Blastoise|253\/362 tox
|
|-damage|p2a: Blastoise|209\/362 tox|[from] psn
|turn|64
|
|switch|p1a: ugly fuck|Alomomola, M, shiny|534\/534
|-damage|p1a: ugly fuck|468\/534|[from] Stealth Rock
|move|p2a: Blastoise|Dark Pulse|p1a: ugly fuck
|-damage|p1a: ugly fuck|164\/534
|
|-damage|p2a: Blastoise|143\/362 tox|[from] psn
|turn|65
|
|switch|p2a: Blissey|Blissey, F|559\/714
|switch|p1a: cabbage tinkerbell|Celebi|246\/341
|-damage|p1a: cabbage tinkerbell|204\/341|[from] Stealth Rock
|
|-heal|p1a: cabbage tinkerbell|225\/341|[from] item: Leftovers
|turn|66
|
|switch|p2a: Hydreigon|Hydreigon, M|388\/388
|move|p1a: cabbage tinkerbell|Swords Dance|p1a: cabbage tinkerbell
|-boost|p1a: cabbage tinkerbell|atk|2
|
|-heal|p1a: cabbage tinkerbell|246\/341|[from] item: Leftovers
|turn|67
|
|move|p1a: cabbage tinkerbell|Seed Bomb|p2a: Hydreigon
|-resisted|p2a: Hydreigon
|-damage|p2a: Hydreigon|288\/388
|move|p2a: Hydreigon|Dark Pulse|p1a: cabbage tinkerbell
|-supereffective|p1a: cabbage tinkerbell
|-damage|p1a: cabbage tinkerbell|0 fnt
|faint|p1a: cabbage tinkerbell
|
|
|switch|p1a: fat fuck|Aggron-Mega, F, shiny|139\/344
|-damage|p1a: fat fuck|118\/344|[from] Stealth Rock
|turn|68
|
|move|p2a: Hydreigon|Dark Pulse|p1a: fat fuck
|-crit|p1a: fat fuck
|-damage|p1a: fat fuck|0 fnt
|faint|p1a: fat fuck
|
|c|âULT Bob|oh
|c|âULT Bob|rip
|
|switch|p1a: The Don|Krookodile, F, shiny|99\/331
|-damage|p1a: The Don|79\/331|[from] Stealth Rock
|-ability|p1a: The Don|Intimidate|[of] p2a: Hydreigon
|-unboost|p2a: Hydreigon|atk|1
|turn|69
|c| SunnyORAS|based hydreigon
|c| SunnyORAS|is based
|join|Celsius
|
|switch|p2a: Doublade|Doublade, M|108\/322
|move|p1a: The Don|Knock Off|p2a: Doublade
|-supereffective|p2a: Doublade
|-damage|p2a: Doublade|0 fnt
|faint|p2a: Doublade
|
|leave|SunnyORAS
|join|SunnyORAS
|
|switch|p2a: Blastoise|Blastoise-Mega, M|143\/362 tox
|turn|70
|
|move|p1a: The Don|Knock Off|p2a: Blastoise
|-damage|p2a: Blastoise|10\/362 tox
|move|p2a: Blastoise|Scald|p1a: The Don
|-supereffective|p1a: The Don
|-damage|p1a: The Don|0 fnt
|faint|p1a: The Don
|
|-damage|p2a: Blastoise|0 fnt|[from] psn
|faint|p2a: Blastoise
|
|switch|p2a: Hydreigon|Hydreigon, M|288\/388
|switch|p1a: ugly fuck|Alomomola, M, shiny|342\/534
|-damage|p1a: ugly fuck|276\/534|[from] Stealth Rock
|turn|71
|c| SunnyORAS|b00p
|
|move|p2a: Hydreigon|Draco Meteor|p1a: ugly fuck
|-damage|p1a: ugly fuck|0 fnt
|-unboost|p2a: Hydreigon|spa|2
|faint|p1a: ugly fuck
|
|
|switch|p1a: bob the brobat|Crobat, F, shiny|249\/325
|-damage|p1a: bob the brobat|168\/325|[from] Stealth Rock
|turn|72
|
|switch|p2a: Blissey|Blissey, F|559\/714
|move|p1a: bob the brobat|Roost|p1a: bob the brobat
|-heal|p1a: bob the brobat|325\/325
|
|turn|73
|
|move|p1a: bob the brobat|Toxic|p2a: Blissey
|-status|p2a: Blissey|tox
|move|p2a: Blissey|Wish|p2a: Blissey
|
|-damage|p2a: Blissey|515\/714 tox|[from] psn
|turn|74
|c| Truth In Lies|Watch this nie and powerful crobat sweep real quick
|c| SunnyORAS|lol
|
|move|p1a: bob the brobat|Brave Bird|p2a: Blissey
|-damage|p2a: Blissey|232\/714 tox
|-damage|p1a: bob the brobat|232\/325|[from] recoil|[of] p2a: Blissey
|move|p2a: Blissey|Seismic Toss|p1a: bob the brobat
|-damage|p1a: bob the brobat|132\/325
|
|-heal|p2a: Blissey|589\/714 tox|[from] move: Wish|[wisher] Blissey
|-heal|p1a: bob the brobat|152\/325|[from] item: Black Sludge
|-damage|p2a: Blissey|501\/714 tox|[from] psn
|turn|75
|
|move|p1a: bob the brobat|Roost|p1a: bob the brobat
|-heal|p1a: bob the brobat|315\/325
|move|p2a: Blissey|Wish|p2a: Blissey
|
|-heal|p1a: bob the brobat|325\/325|[from] item: Black Sludge
|-damage|p2a: Blissey|369\/714 tox|[from] psn
|turn|76
|
|switch|p2a: Hydreigon|Hydreigon, M|288\/388
|move|p1a: bob the brobat|Brave Bird|p2a: Hydreigon
|-damage|p2a: Hydreigon|119\/388
|-damage|p1a: bob the brobat|269\/325|[from] recoil|[of] p2a: Hydreigon
|
|-heal|p2a: Hydreigon|388\/388|[from] move: Wish|[wisher] Blissey
|-heal|p1a: bob the brobat|289\/325|[from] item: Black Sludge
|turn|77
|c| Truth In Lies|bob
|c|âULT Bob|i think i might win
|c| Truth In Lies|This is why
|c| Truth In Lies|Nasty plot Crobat
|
|move|p1a: bob the brobat|Toxic|p2a: Hydreigon
|-status|p2a: Hydreigon|tox
|move|p2a: Hydreigon|Dark Pulse|p1a: bob the brobat
|-damage|p1a: bob the brobat|112\/325
|
|-heal|p1a: bob the brobat|132\/325|[from] item: Black Sludge
|-damage|p2a: Hydreigon|364\/388 tox|[from] psn
|turn|78
|
|move|p1a: bob the brobat|Roost|p1a: bob the brobat
|-heal|p1a: bob the brobat|295\/325
|move|p2a: Hydreigon|Draco Meteor|p1a: bob the brobat
|-damage|p1a: bob the brobat|0 fnt
|-unboost|p2a: Hydreigon|spa|2
|faint|p1a: bob the brobat
|
|win|caterpie53817
|raw|Ladder updating...
|raw|ULT Bob's rating: 1635 &rarr; <strong>1610<\/strong><br \/>(-25 for losing)
|raw|caterpie53817's rating: 1537 &rarr; <strong>1562<\/strong><br \/>(+25 for winning)
|c|âULT Bob|oh
|c|âULT Bob|rip
|c|âcaterpie53817|gg
|c| Truth In Lies|rip
|c|âULT Bob|draco pl8
|leave|Truth In Lies
|c|âcaterpie53817|no
|c|âcaterpie53817|av
|leave|caterpie53817
|player|p2
|leave|SunnyORAS
|leave|Celsius
|leave|ULT Bob
|player|p1
|join|Truth In Lies
|leave|Truth In Lies
|leave|ULT Chilli