|join|ULT Bob
|join|This Many Fucks
|player|p1|ULT Bob|23
|player|p2|This Many Fucks|172
|gametype|singles
|gen|6
|tier|UU
|rated
|rule|Sleep Clause Mod: Limit one foe put to sleep
|rule|Species Clause: Limit one of each PokÃ©mon
|rule|OHKO Clause: OHKO moves are banned
|rule|Moody Clause: Moody is banned
|rule|Evasion Moves Clause: Evasion moves are banned
|rule|Endless Battle Clause: Forcing endless battles is banned
|rule|HP Percentage Mod: HP is shown in percentages
|clearpoke
|poke|p1|Celebi
|poke|p1|Aggron, F, shiny
|poke|p1|Crobat, F, shiny
|poke|p1|Blissey, F, shiny
|poke|p1|Alomomola, F, shiny
|poke|p1|Krookodile, M, shiny
|poke|p2|Medicham, F
|poke|p2|Escavalier, F
|poke|p2|Vaporeon, M
|poke|p2|Krookodile, F
|poke|p2|Forretress, M, shiny
|poke|p2|Blissey, F
|rule|Swagger Clause: Swagger is banned
|rule|Baton Pass Clause: Limit one PokÃ©mon knowing Baton Pass
|teampreview
|
|start
|switch|p1a: fat fuck|Aggron, F, shiny|344\/344
|switch|p2a: Walnut|Forretress, M, shiny|353\/353
|turn|1
|c|âThis Many Fucks|haha of course i would be testing your team vs you
|
|detailschange|p1a: fat fuck|Aggron-Mega, F, shiny
|-mega|p1a: fat fuck|Aggron|Aggronite
|move|p1a: fat fuck|Stealth Rock|p2a: Walnut
|-sidestart|p2: This Many Fucks|move: Stealth Rock
|move|p2a: Walnut|Spikes|p1a: fat fuck
|-sidestart|p1: ULT Bob|Spikes
|
|turn|2
|
|switch|p1a: ugly fuck|Alomomola, F, shiny|534\/534
|-damage|p1a: ugly fuck|468\/534|[from] Spikes
|move|p2a: Walnut|Rapid Spin|p1a: ugly fuck
|-damage|p1a: ugly fuck|457\/534
|-damage|p2a: Walnut|295\/353|[from] item: Rocky Helmet|[of] p1a: ugly fuck
|-sideend|p2: This Many Fucks|Stealth Rock|[from] move: Rapid Spin|[of] p2a: Walnut
|
|-heal|p2a: Walnut|317\/353|[from] item: Leftovers
|turn|3
|
|move|p1a: ugly fuck|Knock Off|p2a: Walnut
|-damage|p2a: Walnut|288\/353
|-enditem|p2a: Walnut|Leftovers|[from] move: Knock Off|[of] p1a: ugly fuck
|move|p2a: Walnut|Toxic|p1a: ugly fuck
|-status|p1a: ugly fuck|tox
|
|-damage|p1a: ugly fuck|424\/534 tox|[from] psn
|turn|4
|
|switch|p1a: bob the brobat|Crobat, F, shiny|325\/325
|move|p2a: Walnut|Volt Switch|p1a: bob the brobat
|-supereffective|p1a: bob the brobat
|-damage|p1a: bob the brobat|233\/325
|
|switch|p2a: KnightsOfTheRound|Escavalier, F|323\/323
|
|-heal|p1a: bob the brobat|253\/325|[from] item: Black Sludge
|turn|5
|
|switch|p1a: fat fuck|Aggron-Mega, F, shiny|344\/344
|-damage|p1a: fat fuck|301\/344|[from] Spikes
|move|p2a: KnightsOfTheRound|Knock Off|p1a: fat fuck
|-damage|p1a: fat fuck|238\/344
|
|turn|6
|
|switch|p2a: Walnut|Forretress, M, shiny|288\/353
|move|p1a: fat fuck|Stealth Rock|p2a: Walnut
|-sidestart|p2: This Many Fucks|move: Stealth Rock
|
|turn|7
|
|move|p1a: fat fuck|Earthquake|p2a: Walnut
|-damage|p2a: Walnut|233\/353
|move|p2a: Walnut|Spikes|p1a: fat fuck
|-sidestart|p1: ULT Bob|Spikes
|
|turn|8
|
|move|p1a: fat fuck|Earthquake|p2a: Walnut
|-crit|p2a: Walnut
|-damage|p2a: Walnut|139\/353
|move|p2a: Walnut|Rapid Spin|p1a: fat fuck
|-resisted|p1a: fat fuck
|-damage|p1a: fat fuck|236\/344
|-sideend|p2: This Many Fucks|Stealth Rock|[from] move: Rapid Spin|[of] p2a: Walnut
|
|turn|9
|
|move|p1a: fat fuck|Stealth Rock|p2a: Walnut
|-sidestart|p2: This Many Fucks|move: Stealth Rock
|move|p2a: Walnut|Volt Switch|p1a: fat fuck
|-damage|p1a: fat fuck|206\/344
|
|switch|p2a: Vaporeon|Vaporeon, M|451\/451
|-damage|p2a: Vaporeon|395\/451|[from] Stealth Rock
|
|-heal|p2a: Vaporeon|423\/451|[from] item: Leftovers
|turn|10
|
|move|p2a: Vaporeon|Wish|p2a: Vaporeon
|move|p1a: fat fuck|Roar|p2a: Vaporeon
|drag|p2a: Teen Mom|Blissey, F|714\/714
|-damage|p2a: Teen Mom|625\/714|[from] Stealth Rock
|
|-heal|p2a: Teen Mom|669\/714|[from] item: Leftovers
|turn|11
|
|move|p2a: Teen Mom|Seismic Toss|p1a: fat fuck
|-damage|p1a: fat fuck|106\/344
|move|p1a: fat fuck|Roar|p2a: Teen Mom
|drag|p2a: Krookodile|Krookodile, F|331\/331
|-damage|p2a: Krookodile|311\/331|[from] Stealth Rock
|-ability|p2a: Krookodile|Intimidate|[of] p1a: fat fuck
|-unboost|p1a: fat fuck|atk|1
|
|-heal|p2a: Krookodile|331\/331|[from] move: Wish|[wisher] Vaporeon
|turn|12
|
|switch|p1a: ugly fuck|Alomomola, F, shiny|534\/534 tox
|-damage|p1a: ugly fuck|445\/534 tox|[from] Spikes
|move|p2a: Krookodile|Stealth Rock|p1a: ugly fuck
|-sidestart|p1: ULT Bob|move: Stealth Rock
|
|-damage|p1a: ugly fuck|412\/534 tox|[from] psn
|turn|13
|
|move|p2a: Krookodile|Knock Off|p1a: ugly fuck
|-damage|p1a: ugly fuck|264\/534 tox
|-damage|p2a: Krookodile|276\/331|[from] item: Rocky Helmet|[of] p1a: ugly fuck
|-enditem|p1a: ugly fuck|Rocky Helmet|[from] move: Knock Off|[of] p2a: Krookodile
|move|p1a: ugly fuck|Wish|p1a: ugly fuck
|
|-damage|p1a: ugly fuck|198\/534 tox|[from] psn
|turn|14
|
|move|p2a: Krookodile|Earthquake|p1a: ugly fuck
|-damage|p1a: ugly fuck|53\/534 tox
|move|p1a: ugly fuck|Scald|p2a: Krookodile
|-supereffective|p2a: Krookodile
|-damage|p2a: Krookodile|150\/331
|-status|p2a: Krookodile|brn
|
|-heal|p1a: ugly fuck|320\/534 tox|[from] move: Wish|[wisher] ugly fuck
|-damage|p2a: Krookodile|109\/331 brn|[from] brn
|-damage|p1a: ugly fuck|221\/534 tox|[from] psn
|turn|15
|
|switch|p1a: bob the brobat|Crobat, F, shiny|253\/325
|-damage|p1a: bob the brobat|172\/325|[from] Stealth Rock
|move|p2a: Krookodile|Taunt|p1a: bob the brobat
|-start|p1a: bob the brobat|move: Taunt
|
|-heal|p1a: bob the brobat|192\/325|[from] item: Black Sludge
|-damage|p2a: Krookodile|68\/331 brn|[from] brn
|turn|16
|
|move|p1a: bob the brobat|Brave Bird|p2a: Krookodile
|-damage|p2a: Krookodile|0 fnt
|-damage|p1a: bob the brobat|170\/325|[from] recoil|[of] p2a: Krookodile
|faint|p2a: Krookodile
|
|-heal|p1a: bob the brobat|190\/325|[from] item: Black Sludge
|
|switch|p2a: KnightsOfTheRound|Escavalier, F|323\/323
|-damage|p2a: KnightsOfTheRound|283\/323|[from] Stealth Rock
|turn|17
|
|move|p1a: bob the brobat|Brave Bird|p2a: KnightsOfTheRound
|-damage|p2a: KnightsOfTheRound|120\/323
|-damage|p1a: bob the brobat|136\/325|[from] recoil|[of] p2a: KnightsOfTheRound
|move|p2a: KnightsOfTheRound|Iron Head|p1a: bob the brobat
|-crit|p1a: bob the brobat
|-damage|p1a: bob the brobat|0 fnt
|faint|p1a: bob the brobat
|
|
|switch|p1a: The Don|Krookodile, M, shiny|331\/331
|-damage|p1a: The Don|276\/331|[from] Spikes
|-damage|p1a: The Don|256\/331|[from] Stealth Rock
|-ability|p1a: The Don|Intimidate|[of] p2a: KnightsOfTheRound
|-unboost|p2a: KnightsOfTheRound|atk|1
|turn|18
|
|move|p1a: The Don|Earthquake|p2a: KnightsOfTheRound
|-damage|p2a: KnightsOfTheRound|0 fnt
|faint|p2a: KnightsOfTheRound
|
|
|switch|p2a: Vaporeon|Vaporeon, M|423\/451
|-damage|p2a: Vaporeon|367\/451|[from] Stealth Rock
|turn|19
|
|move|p1a: The Don|Earthquake|p2a: Vaporeon
|-damage|p2a: Vaporeon|93\/451
|move|p2a: Vaporeon|Wish|p2a: Vaporeon
|
|-heal|p2a: Vaporeon|121\/451|[from] item: Leftovers
|turn|20
|
|move|p2a: Vaporeon|Protect|p2a: Vaporeon
|-singleturn|p2a: Vaporeon|Protect
|move|p1a: The Don|Earthquake|p2a: Vaporeon
|-activate|p2a: Vaporeon|Protect
|
|-heal|p2a: Vaporeon|346\/451|[from] move: Wish|[wisher] Vaporeon
|-heal|p2a: Vaporeon|374\/451|[from] item: Leftovers
|turn|21
|
|move|p1a: The Don|Earthquake|p2a: Vaporeon
|-damage|p2a: Vaporeon|91\/451
|move|p2a: Vaporeon|Scald|p1a: The Don
|-supereffective|p1a: The Don
|-damage|p1a: The Don|0 fnt
|faint|p1a: The Don
|
|-heal|p2a: Vaporeon|119\/451|[from] item: Leftovers
|
|switch|p1a: cabbage tinkerbell|Celebi|341\/341
|-damage|p1a: cabbage tinkerbell|285\/341|[from] Spikes
|-damage|p1a: cabbage tinkerbell|243\/341|[from] Stealth Rock
|turn|22
|
|switch|p2a: Walnut|Forretress, M, shiny|139\/353
|-damage|p2a: Walnut|95\/353|[from] Stealth Rock
|move|p1a: cabbage tinkerbell|Swords Dance|p1a: cabbage tinkerbell
|-boost|p1a: cabbage tinkerbell|atk|2
|
|-heal|p1a: cabbage tinkerbell|264\/341|[from] item: Leftovers
|turn|23
|
|move|p1a: cabbage tinkerbell|Zen Headbutt|p2a: Walnut
|-resisted|p2a: Walnut
|-damage|p2a: Walnut|44\/353
|cant|p2a: Walnut|flinch
|
|-heal|p1a: cabbage tinkerbell|285\/341|[from] item: Leftovers
|turn|24
|
|move|p1a: cabbage tinkerbell|Zen Headbutt|p2a: Walnut
|-resisted|p2a: Walnut
|-damage|p2a: Walnut|0 fnt
|faint|p2a: Walnut
|
|-heal|p1a: cabbage tinkerbell|306\/341|[from] item: Leftovers
|
|switch|p2a: Sultan Nipple Knee|Medicham, F|261\/261
|-damage|p2a: Sultan Nipple Knee|245\/261|[from] Stealth Rock
|turn|25
|
|detailschange|p2a: Sultan Nipple Knee|Medicham-Mega, F
|-mega|p2a: Sultan Nipple Knee|Medicham|Medichamite
|move|p2a: Sultan Nipple Knee|Fake Out|p1a: cabbage tinkerbell
|-damage|p1a: cabbage tinkerbell|246\/341
|cant|p1a: cabbage tinkerbell|flinch
|
|-heal|p1a: cabbage tinkerbell|267\/341|[from] item: Leftovers
|turn|26
|
|switch|p2a: Vaporeon|Vaporeon, M|119\/451
|-damage|p2a: Vaporeon|63\/451|[from] Stealth Rock
|move|p1a: cabbage tinkerbell|Seed Bomb|p2a: Vaporeon
|-supereffective|p2a: Vaporeon
|-damage|p2a: Vaporeon|0 fnt
|faint|p2a: Vaporeon
|
|-heal|p1a: cabbage tinkerbell|288\/341|[from] item: Leftovers
|
|switch|p2a: Teen Mom|Blissey, F|669\/714
|-damage|p2a: Teen Mom|580\/714|[from] Stealth Rock
|turn|27
|
|move|p1a: cabbage tinkerbell|Swords Dance|p1a: cabbage tinkerbell
|-boost|p1a: cabbage tinkerbell|atk|2
|move|p2a: Teen Mom|Wish|p2a: Teen Mom
|
|-heal|p1a: cabbage tinkerbell|309\/341|[from] item: Leftovers
|-heal|p2a: Teen Mom|624\/714|[from] item: Leftovers
|turn|28
|
|move|p1a: cabbage tinkerbell|Swords Dance|p1a: cabbage tinkerbell
|-boost|p1a: cabbage tinkerbell|atk|2
|move|p2a: Teen Mom|Counter|p1a: cabbage tinkerbell
|-fail|p1a: cabbage tinkerbell
|
|-heal|p2a: Teen Mom|714\/714|[from] move: Wish|[wisher] Teen Mom
|-heal|p1a: cabbage tinkerbell|330\/341|[from] item: Leftovers
|turn|29
|
|move|p1a: cabbage tinkerbell|Zen Headbutt|p2a: Teen Mom|[miss]
|-miss|p1a: cabbage tinkerbell|p2a: Teen Mom
|move|p2a: Teen Mom|Counter|p1a: cabbage tinkerbell
|-fail|p1a: cabbage tinkerbell
|
|-heal|p1a: cabbage tinkerbell|341\/341|[from] item: Leftovers
|turn|30
|
|switch|p1a: Fattest fuck|Blissey, F, shiny|714\/714
|-damage|p1a: Fattest fuck|595\/714|[from] Spikes
|-damage|p1a: Fattest fuck|506\/714|[from] Stealth Rock
|move|p2a: Teen Mom|Counter|p1a: Fattest fuck
|-fail|p1a: Fattest fuck
|
|-heal|p1a: Fattest fuck|550\/714|[from] item: Leftovers
|turn|31
|
|move|p1a: Fattest fuck|Heal Bell|p1a: Fattest fuck
|-cureteam|p1a: Fattest fuck|[from] move: HealBell
|move|p2a: Teen Mom|Wish|p2a: Teen Mom
|
|-heal|p1a: Fattest fuck|594\/714|[from] item: Leftovers
|turn|32
|
|switch|p2a: Sultan Nipple Knee|Medicham-Mega, F|245\/261
|-damage|p2a: Sultan Nipple Knee|229\/261|[from] Stealth Rock
|move|p1a: Fattest fuck|Wish|p1a: Fattest fuck
|
|-heal|p2a: Sultan Nipple Knee|261\/261|[from] move: Wish|[wisher] Teen Mom
|-heal|p1a: Fattest fuck|638\/714|[from] item: Leftovers
|turn|33
|
|switch|p1a: cabbage tinkerbell|Celebi|341\/341
|-damage|p1a: cabbage tinkerbell|299\/341|[from] Stealth Rock
|-damage|p1a: cabbage tinkerbell|243\/341|[from] Spikes
|move|p2a: Sultan Nipple Knee|Zen Headbutt|p1a: cabbage tinkerbell
|-resisted|p1a: cabbage tinkerbell
|-damage|p1a: cabbage tinkerbell|154\/341
|
|-heal|p1a: cabbage tinkerbell|341\/341|[from] move: Wish|[wisher] Fattest fuck
|turn|34
|
|switch|p2a: Teen Mom|Blissey, F|714\/714
|-damage|p2a: Teen Mom|625\/714|[from] Stealth Rock
|move|p1a: cabbage tinkerbell|Seed Bomb|p2a: Teen Mom
|-damage|p2a: Teen Mom|447\/714
|
|-heal|p2a: Teen Mom|491\/714|[from] item: Leftovers
|turn|35
|
|switch|p1a: ugly fuck|Alomomola, F, shiny|399\/534
|-damage|p1a: ugly fuck|333\/534|[from] Stealth Rock
|-damage|p1a: ugly fuck|244\/534|[from] Spikes
|move|p2a: Teen Mom|Wish|p2a: Teen Mom
|
|-heal|p2a: Teen Mom|535\/714|[from] item: Leftovers
|turn|36
|
|move|p1a: ugly fuck|Knock Off|p2a: Teen Mom
|-damage|p2a: Teen Mom|434\/714
|-enditem|p2a: Teen Mom|Leftovers|[from] move: Knock Off|[of] p1a: ugly fuck
|move|p2a: Teen Mom|Seismic Toss|p1a: ugly fuck
|-damage|p1a: ugly fuck|144\/534
|
|-heal|p2a: Teen Mom|714\/714|[from] move: Wish|[wisher] Teen Mom
|turn|37
|
|switch|p1a: Fattest fuck|Blissey, F, shiny|638\/714
|-damage|p1a: Fattest fuck|549\/714|[from] Stealth Rock
|-damage|p1a: Fattest fuck|430\/714|[from] Spikes
|switch|p2a: Sultan Nipple Knee|Medicham-Mega, F|261\/261
|-damage|p2a: Sultan Nipple Knee|245\/261|[from] Stealth Rock
|
|-heal|p1a: Fattest fuck|474\/714|[from] item: Leftovers
|turn|38
|
|move|p1a: Fattest fuck|Protect|p1a: Fattest fuck
|-singleturn|p1a: Fattest fuck|Protect
|move|p2a: Sultan Nipple Knee|Zen Headbutt|p1a: Fattest fuck
|-activate|p1a: Fattest fuck|Protect
|
|-heal|p1a: Fattest fuck|518\/714|[from] item: Leftovers
|turn|39
|
|switch|p1a: cabbage tinkerbell|Celebi|341\/341
|-damage|p1a: cabbage tinkerbell|285\/341|[from] Spikes
|-damage|p1a: cabbage tinkerbell|243\/341|[from] Stealth Rock
|move|p2a: Sultan Nipple Knee|High Jump Kick|p1a: cabbage tinkerbell
|-resisted|p1a: cabbage tinkerbell
|-damage|p1a: cabbage tinkerbell|85\/341
|
|-heal|p1a: cabbage tinkerbell|106\/341|[from] item: Leftovers
|turn|40
|join|FUQ GLISCORE
|
|move|p2a: Sultan Nipple Knee|High Jump Kick|p1a: cabbage tinkerbell
|-resisted|p1a: cabbage tinkerbell
|-damage|p1a: cabbage tinkerbell|0 fnt
|faint|p1a: cabbage tinkerbell
|
|c|âThis Many Fucks|gg
|
|switch|p1a: fat fuck|Aggron-Mega, F, shiny|106\/344
|-damage|p1a: fat fuck|49\/344|[from] Spikes
|-damage|p1a: fat fuck|28\/344|[from] Stealth Rock
|turn|41
|join|SmashBrosBrawl
|
|move|p2a: Sultan Nipple Knee|Zen Headbutt|p1a: fat fuck
|-resisted|p1a: fat fuck
|-damage|p1a: fat fuck|0 fnt
|faint|p1a: fat fuck
|
|join|So Dynamic
|
|switch|p1a: ugly fuck|Alomomola, F, shiny|322\/534
|-damage|p1a: ugly fuck|233\/534|[from] Spikes
|-damage|p1a: ugly fuck|167\/534|[from] Stealth Rock
|turn|42
|
|move|p2a: Sultan Nipple Knee|Zen Headbutt|p1a: ugly fuck
|-damage|p1a: ugly fuck|0 fnt
|faint|p1a: ugly fuck
|
|
|switch|p1a: Fattest fuck|Blissey, F, shiny|518\/714
|-damage|p1a: Fattest fuck|399\/714|[from] Spikes
|-damage|p1a: Fattest fuck|310\/714|[from] Stealth Rock
|turn|43
|
|move|p2a: Sultan Nipple Knee|Zen Headbutt|p1a: Fattest fuck
|-damage|p1a: Fattest fuck|0 fnt
|faint|p1a: Fattest fuck
|
|win|This Many Fucks
|raw|Ladder updating...
|raw|ULT Bob's rating: 1579 &rarr; <strong>1554<\/strong><br \/>(-25 for losing)
|raw|This Many Fucks's rating: 1496 &rarr; <strong>1520<\/strong><br \/>(+24 for winning)
|leave|SmashBrosBrawl